|j|☆apotato135
|j|☆Agency Slave #456
|t:|1758934863
|gametype|singles
|player|p1|apotato135|swimmer-gen4dp|1418
|player|p2|Agency Slave #456|2|1381
|gen|9
|tier|[Gen 9] OU
|rated|
|rule|HP Percentage Mod: HP is shown in percentages
|rule|Endless Battle Clause: Forcing endless battles is banned
|rule|Species Clause: Limit one of each Pokémon
|rule|OHKO Clause: OHKO moves are banned
|rule|Evasion Items Clause: Evasion items are banned
|rule|Evasion Moves Clause: Evasion moves are banned
|rule|Evasion Abilities Clause: Evasion abilities are banned
|rule|Sleep Moves Clause: Sleep-inducing moves are banned
|clearpoke
|poke|p1|Ninetales-Alola, F|
|poke|p1|Kyurem|
|poke|p1|Primeape, M|
|poke|p1|Polteageist|
|poke|p1|Enamorus, F|
|poke|p1|Iron Treads|
|poke|p2|Carbink, L1|
|poke|p2|Braviary-Hisui, M|
|poke|p2|Ursaluna, M|
|poke|p2|Kingambit, F|
|poke|p2|Iron Hands|
|poke|p2|Hatterene, F|
|teampreview
|inactive|Battle timer is ON: inactive players will automatically lose when time's up. (requested by apotato135)
|
|t:|1758934901
|teamsize|p1|6
|teamsize|p2|6
|start
|switch|p1a: Polteageist|Polteageist|100/100
|switch|p2a: The Bink|Carbink, L1, shiny|100/100
|turn|1
|
|t:|1758934907
|move|p1a: Polteageist|Shell Smash|p1a: Polteageist
|-unboost|p1a: Polteageist|def|1
|-unboost|p1a: Polteageist|spd|1
|-boost|p1a: Polteageist|atk|2
|-boost|p1a: Polteageist|spa|2
|-boost|p1a: Polteageist|spe|2
|move|p2a: The Bink|Trick Room|p2a: The Bink
|-fieldstart|move: Trick Room|[of] p2a: The Bink
|
|-damage|p2a: The Bink|92/100|[from] item: Black Sludge
|upkeep
|turn|2
|
|t:|1758934919
|move|p2a: The Bink|Stealth Rock|p1a: Polteageist
|-sidestart|p1: apotato135|move: Stealth Rock
|move|p1a: Polteageist|Shell Smash|p1a: Polteageist
|-unboost|p1a: Polteageist|def|1
|-unboost|p1a: Polteageist|spd|1
|-boost|p1a: Polteageist|atk|2
|-boost|p1a: Polteageist|spa|2
|-boost|p1a: Polteageist|spe|2
|
|-damage|p2a: The Bink|84/100|[from] item: Black Sludge
|upkeep
|turn|3
|
|t:|1758934933
|switch|p2a: The Hands|Iron Hands|100/100
|-enditem|p2a: The Hands|Booster Energy
|-activate|p2a: The Hands|ability: Quark Drive|[fromitem]
|-start|p2a: The Hands|quarkdriveatk
|move|p1a: Polteageist|Shadow Ball|p2a: The Hands
|-damage|p2a: The Hands|0 fnt
|faint|p2a: The Hands
|-end|p2a: The Hands|Quark Drive|[silent]
|
|upkeep
|
|t:|1758934937
|switch|p2a: The Free|Braviary-Hisui, M, shiny|100/100
|turn|4
|
|t:|1758934946
|switch|p1a: Iron Treads|Iron Treads|100/100
|-damage|p1a: Iron Treads|97/100|[from] Stealth Rock
|-enditem|p1a: Iron Treads|Booster Energy
|-activate|p1a: Iron Treads|ability: Quark Drive|[fromitem]
|-start|p1a: Iron Treads|quarkdrivespe
|move|p2a: The Free|Psychic|p1a: Iron Treads
|-resisted|p1a: Iron Treads
|-damage|p1a: Iron Treads|46/100
|
|upkeep
|turn|5
|
|t:|1758934955
|move|p2a: The Free|Psychic|p1a: Iron Treads
|-resisted|p1a: Iron Treads
|-damage|p1a: Iron Treads|0 fnt
|faint|p1a: Iron Treads
|-end|p1a: Iron Treads|Quark Drive|[silent]
|
|-fieldend|move: Trick Room
|upkeep
|
|t:|1758934963
|switch|p1a: Ninetales|Ninetales-Alola, F|100/100
|-damage|p1a: Ninetales|76/100|[from] Stealth Rock
|-weather|Snowscape|[from] ability: Snow Warning|[of] p1a: Ninetales
|turn|6
|
|t:|1758934966
|switch|p2a: The Bink|Carbink, L1, shiny|84/100
|move|p1a: Ninetales|Aurora Veil|p1a: Ninetales
|-sidestart|p1: apotato135|move: Aurora Veil
|
|-weather|Snowscape|[upkeep]
|-damage|p2a: The Bink|75/100|[from] item: Black Sludge
|upkeep
|turn|7
|
|t:|1758934975
|move|p1a: Ninetales|Moonblast|p2a: The Bink
|-damage|p2a: The Bink|0 fnt
|faint|p2a: The Bink
|
|-weather|Snowscape|[upkeep]
|upkeep
|
|t:|1758934982
|switch|p2a: The Hat|Hatterene, F|100/100
|turn|8
|
|t:|1758934990
|switch|p1a: Primeape|Primeape, M|100/100
|-damage|p1a: Primeape|94/100|[from] Stealth Rock
|move|p2a: The Hat|Trick Room|p2a: The Hat
|-fieldstart|move: Trick Room|[of] p2a: The Hat
|
|-weather|Snowscape|[upkeep]
|upkeep
|turn|9
|
|t:|1758934993
|move|p2a: The Hat|Psychic Noise|p1a: Primeape
|-supereffective|p1a: Primeape
|-damage|p1a: Primeape|65/100
|-start|p1a: Primeape|move: Heal Block
|move|p1a: Primeape|Bulk Up|p1a: Primeape
|-boost|p1a: Primeape|atk|1
|-boost|p1a: Primeape|def|1
|
|-weather|Snowscape|[upkeep]
|upkeep
|turn|10
|
|t:|1758935009
|move|p2a: The Hat|Dazzling Gleam|p1a: Primeape
|-supereffective|p1a: Primeape
|-damage|p1a: Primeape|34/100
|move|p1a: Primeape|Bulk Up|p1a: Primeape
|-boost|p1a: Primeape|atk|1
|-boost|p1a: Primeape|def|1
|
|-weather|none
|-end|p1a: Primeape|move: Heal Block
|upkeep
|turn|11
|
|t:|1758935018
|move|p2a: The Hat|Psychic Noise|p1a: Primeape
|-supereffective|p1a: Primeape
|-damage|p1a: Primeape|8/100
|-start|p1a: Primeape|move: Heal Block
|move|p1a: Primeape|Rage Fist|p2a: The Hat
|-supereffective|p2a: The Hat
|-enditem|p2a: The Hat|Focus Sash
|-damage|p2a: The Hat|1/100
|
|upkeep
|turn|12
|
|t:|1758935029
|move|p2a: The Hat|Psychic Noise|p1a: Primeape
|-supereffective|p1a: Primeape
|-damage|p1a: Primeape|0 fnt
|faint|p1a: Primeape
|
|-fieldend|move: Trick Room
|upkeep
|
|t:|1758935045
|switch|p1a: Ninetales|Ninetales-Alola, F|76/100
|-damage|p1a: Ninetales|51/100|[from] Stealth Rock
|-weather|Snowscape|[from] ability: Snow Warning|[of] p1a: Ninetales
|turn|13
|
|t:|1758935054
|move|p1a: Ninetales|Freeze-Dry|p2a: The Hat
|-damage|p2a: The Hat|0 fnt
|faint|p2a: The Hat
|
|-weather|Snowscape|[upkeep]
|-sideend|p1: apotato135|move: Aurora Veil
|upkeep
|
|t:|1758935063
|switch|p2a: The Free|Braviary-Hisui, M, shiny|100/100
|turn|14
|
|t:|1758935067
|move|p1a: Ninetales|Aurora Veil|p1a: Ninetales
|-sidestart|p1: apotato135|move: Aurora Veil
|move|p2a: The Free|Psychic|p1a: Ninetales
|-damage|p1a: Ninetales|12/100
|
|-weather|Snowscape|[upkeep]
|upkeep
|turn|15
|
|t:|1758935077
|switch|p2a: The King|Kingambit, F|100/100
|-activate|p2a: The King|ability: Supreme Overlord
|-start|p2a: The King|fallen3|[silent]
|move|p1a: Ninetales|Freeze-Dry|p2a: The King
|-resisted|p2a: The King
|-damage|p2a: The King|90/100
|
|-weather|Snowscape|[upkeep]
|upkeep
|turn|16
|
|t:|1758935082
|move|p1a: Ninetales|Moonblast|p2a: The King
|-damage|p2a: The King|61/100
|-unboost|p2a: The King|spa|1
|move|p2a: The King|Iron Head|p1a: Ninetales
|-supereffective|p1a: Ninetales
|-damage|p1a: Ninetales|0 fnt
|faint|p1a: Ninetales
|
|-weather|Snowscape|[upkeep]
|upkeep
|
|t:|1758935089
|switch|p1a: Enamorus|Enamorus, F|100/100
|-damage|p1a: Enamorus|76/100|[from] Stealth Rock
|turn|17
|
|t:|1758935093
|-end|p2a: The King|fallen3|[silent]
|switch|p2a: The Free|Braviary-Hisui, M, shiny|100/100
|move|p1a: Enamorus|Superpower|p2a: The Free
|-resisted|p2a: The Free
|-damage|p2a: The Free|91/100
|-boost|p1a: Enamorus|atk|1
|-boost|p1a: Enamorus|def|1
|
|-weather|none
|upkeep
|turn|18
|
|t:|1758935099
|switch|p1a: Polteageist|Polteageist|100/100
|-damage|p1a: Polteageist|88/100|[from] Stealth Rock
|move|p2a: The Free|Psychic|p1a: Polteageist
|-damage|p1a: Polteageist|44/100
|
|upkeep
|turn|19
|
|t:|1758935103
|move|p1a: Polteageist|Shadow Ball|p2a: The Free
|-supereffective|p2a: The Free
|-damage|p2a: The Free|0 fnt
|faint|p2a: The Free
|
|upkeep
|
|t:|1758935109
|switch|p2a: The Bear|Ursaluna, M|100/100
|turn|20
|
|t:|1758935118
|move|p1a: Polteageist|Shell Smash|p1a: Polteageist
|-unboost|p1a: Polteageist|def|1
|-unboost|p1a: Polteageist|spd|1
|-boost|p1a: Polteageist|atk|2
|-boost|p1a: Polteageist|spa|2
|-boost|p1a: Polteageist|spe|2
|move|p2a: The Bear|Crunch|p1a: Polteageist
|-supereffective|p1a: Polteageist
|-damage|p1a: Polteageist|0 fnt
|faint|p1a: Polteageist
|
|-status|p2a: The Bear|brn|[from] item: Flame Orb
|upkeep
|
|t:|1758935121
|switch|p1a: Kyurem|Kyurem|100/100
|-damage|p1a: Kyurem|76/100|[from] Stealth Rock
|-ability|p1a: Kyurem|Pressure
|turn|21
|
|t:|1758935131
|-terastallize|p2a: The Bear|Normal
|move|p1a: Kyurem|Icicle Spear|p2a: The Bear
|-crit|p2a: The Bear
|-damage|p2a: The Bear|85/100 brn
|-damage|p2a: The Bear|74/100 brn
|-damage|p2a: The Bear|65/100 brn
|-damage|p2a: The Bear|53/100 brn
|-damage|p2a: The Bear|44/100 brn
|-hitcount|p2a: The Bear|5
|move|p2a: The Bear|Facade|p1a: Kyurem
|-damage|p1a: Kyurem|0 fnt
|faint|p1a: Kyurem
|
|-damage|p2a: The Bear|38/100 brn|[from] brn
|-sideend|p1: apotato135|move: Aurora Veil
|upkeep
|
|t:|1758935133
|switch|p1a: Enamorus|Enamorus, F|76/100
|-damage|p1a: Enamorus|51/100|[from] Stealth Rock
|turn|22
|
|t:|1758935138
|move|p1a: Enamorus|Superpower|p2a: The Bear
|-supereffective|p2a: The Bear
|-damage|p2a: The Bear|0 fnt
|-boost|p1a: Enamorus|atk|1
|-boost|p1a: Enamorus|def|1
|faint|p2a: The Bear
|
|upkeep
|
|t:|1758935139
|switch|p2a: The King|Kingambit, F|61/100
|-activate|p2a: The King|ability: Supreme Overlord
|-start|p2a: The King|fallen5|[silent]
|turn|23
|
|t:|1758935141
|move|p1a: Enamorus|Superpower|p2a: The King
|-supereffective|p2a: The King
|-damage|p2a: The King|0 fnt
|-boost|p1a: Enamorus|atk|1
|-boost|p1a: Enamorus|def|1
|faint|p2a: The King
|-end|p2a: The King|fallen5|[silent]
|
|win|apotato135
|raw|apotato135's rating: 1418 &rarr; <strong>1436</strong><br />(+18 for winning)
|raw|Agency Slave #456's rating: 1381 &rarr; <strong>1363</strong><br />(-18 for losing)
|l|☆apotato135
|player|p1|
|l|☆Agency Slave #456
|player|p2|
