|j|☆cherrytranslady
|j|☆CheetosD
|t:|1758935734
|gametype|singles
|player|p1|cherrytranslady|caitlin|1185
|player|p2|CheetosD|veteranf|1232
|gen|9
|tier|[Gen 9] OU
|rated|
|rule|HP Percentage Mod: HP is shown in percentages
|rule|Endless Battle Clause: Forcing endless battles is banned
|rule|Species Clause: Limit one of each Pokémon
|rule|OHKO Clause: OHKO moves are banned
|rule|Evasion Items Clause: Evasion items are banned
|rule|Evasion Moves Clause: Evasion moves are banned
|rule|Evasion Abilities Clause: Evasion abilities are banned
|rule|Sleep Moves Clause: Sleep-inducing moves are banned
|clearpoke
|poke|p1|Qwilfish, F|
|poke|p1|Darkrai|
|poke|p1|Mandibuzz, F|
|poke|p1|Gengar, M|
|poke|p1|Iron Treads|
|poke|p1|Cinderace, M|
|poke|p2|Gastrodon, F|
|poke|p2|Toxapex, M|
|poke|p2|Alomomola, F|
|poke|p2|Suicune|
|poke|p2|Greninja-*, M|
|poke|p2|Empoleon, M|
|teampreview
|inactive|Battle timer is ON: inactive players will automatically lose when time's up. (requested by CheetosD)
|
|t:|1758935744
|teamsize|p1|6
|teamsize|p2|6
|start
|switch|p1a: spikecif|Qwilfish, F, shiny|100/100
|switch|p2a: Suicune|Suicune|100/100
|-ability|p2a: Suicune|Pressure
|-ability|p1a: spikecif|Intimidate|boost
|-unboost|p2a: Suicune|atk|1
|turn|1
|
|t:|1758935754
|move|p2a: Suicune|Calm Mind|p2a: Suicune
|-boost|p2a: Suicune|spa|1
|-boost|p2a: Suicune|spd|1
|move|p1a: spikecif|Taunt|p2a: Suicune
|-start|p2a: Suicune|move: Taunt
|
|upkeep
|turn|2
|
|t:|1758935760
|switch|p2a: Empoleon|Empoleon, M|100/100
|move|p1a: spikecif|Toxic|p2a: Empoleon
|-immune|p2a: Empoleon
|
|upkeep
|turn|3
|
|t:|1758935767
|move|p1a: spikecif|Taunt|p2a: Empoleon
|-start|p2a: Empoleon|move: Taunt
|cant|p2a: Empoleon|move: Taunt|Stealth Rock
|
|upkeep
|turn|4
|
|t:|1758935781
|switch|p2a: Gastrodon|Gastrodon, F|100/100
|move|p1a: spikecif|Spikes|p2a: Gastrodon
|-sidestart|p2: CheetosD|Spikes
|
|upkeep
|turn|5
|
|t:|1758935793
|move|p1a: spikecif|Toxic|p2a: Gastrodon
|-status|p2a: Gastrodon|tox
|move|p2a: Gastrodon|Earth Power|p1a: spikecif
|-supereffective|p1a: spikecif
|-damage|p1a: spikecif|3/100
|
|-heal|p1a: spikecif|9/100|[from] item: Leftovers
|-damage|p2a: Gastrodon|94/100 tox|[from] psn
|upkeep
|turn|6
|
|t:|1758935811
|switch|p1a: beautiful lesbian|Mandibuzz, F, shiny|100/100
|move|p2a: Gastrodon|Earth Power|p1a: beautiful lesbian
|-immune|p1a: beautiful lesbian
|
|-damage|p2a: Gastrodon|82/100 tox|[from] psn
|upkeep
|turn|7
|
|t:|1758935816
|switch|p2a: Empoleon|Empoleon, M|100/100
|move|p1a: beautiful lesbian|Knock Off|p2a: Empoleon
|-damage|p2a: Empoleon|78/100
|-enditem|p2a: Empoleon|Heavy-Duty Boots|[from] move: Knock Off|[of] p1a: beautiful lesbian
|
|upkeep
|turn|8
|
|t:|1758935822
|move|p1a: beautiful lesbian|U-turn|p2a: Empoleon
|-resisted|p2a: Empoleon
|-damage|p2a: Empoleon|72/100
|
|t:|1758935842
|switch|p1a: mechanism.|Iron Treads|100/100|[from] U-turn
|move|p2a: Empoleon|Stealth Rock|p1a: mechanism.
|-sidestart|p1: cherrytranslady|move: Stealth Rock
|
|upkeep
|turn|9
|
|t:|1758935847
|move|p1a: mechanism.|Rapid Spin|p2a: Empoleon
|-resisted|p2a: Empoleon
|-damage|p2a: Empoleon|66/100
|-boost|p1a: mechanism.|spe|1
|-sideend|p1: cherrytranslady|Stealth Rock|[from] move: Rapid Spin|[of] p1a: mechanism.
|move|p2a: Empoleon|Surf|p1a: mechanism.
|-supereffective|p1a: mechanism.
|-damage|p1a: mechanism.|32/100
|
|upkeep
|turn|10
|
|t:|1758935871
|switch|p2a: Alomomola|Alomomola, F|100/100
|-damage|p2a: Alomomola|88/100|[from] Spikes
|move|p1a: mechanism.|Stealth Rock|p2a: Alomomola
|-sidestart|p2: CheetosD|move: Stealth Rock
|
|upkeep
|turn|11
|
|t:|1758935877
|move|p1a: mechanism.|Knock Off|p2a: Alomomola
|-damage|p2a: Alomomola|75/100
|-damage|p1a: mechanism.|15/100|[from] item: Rocky Helmet|[of] p2a: Alomomola
|-enditem|p2a: Alomomola|Rocky Helmet|[from] move: Knock Off|[of] p1a: mechanism.
|move|p2a: Alomomola|Flip Turn|p1a: mechanism.
|-supereffective|p1a: mechanism.
|-damage|p1a: mechanism.|0 fnt
|faint|p1a: mechanism.
|-end|p1a: mechanism.|Quark Drive|[silent]
|
|t:|1758935881
|switch|p2a: Empoleon|Empoleon, M|66/100|[from] Flip Turn
|-damage|p2a: Empoleon|53/100|[from] Spikes
|-damage|p2a: Empoleon|47/100|[from] Stealth Rock
|
|upkeep
|
|t:|1758935886
|switch|p1a: slungus|Cinderace, M, shiny|100/100
|turn|12
|
|t:|1758935892
|-terastallize|p2a: Empoleon|Water
|move|p1a: slungus|Pyro Ball|p2a: Empoleon
|-resisted|p2a: Empoleon
|-damage|p2a: Empoleon|3/100
|move|p2a: Empoleon|Stealth Rock|p1a: slungus
|-sidestart|p1: cherrytranslady|move: Stealth Rock
|
|upkeep
|turn|13
|
|t:|1758935899
|move|p1a: slungus|Pyro Ball|p2a: Empoleon
|-resisted|p2a: Empoleon
|-damage|p2a: Empoleon|0 fnt
|faint|p2a: Empoleon
|
|upkeep
|
|t:|1758935902
|switch|p2a: Suicune|Suicune|100/100
|-damage|p2a: Suicune|88/100|[from] Spikes
|-damage|p2a: Suicune|76/100|[from] Stealth Rock
|-ability|p2a: Suicune|Pressure
|turn|14
|
|t:|1758935920
|switch|p1a: spikecif|Qwilfish, F, shiny|9/100
|-damage|p1a: spikecif|0 fnt|[from] Stealth Rock
|faint|p1a: spikecif
|move|p2a: Suicune|Calm Mind|p2a: Suicune
|-boost|p2a: Suicune|spa|1
|-boost|p2a: Suicune|spd|1
|
|-heal|p2a: Suicune|82/100|[from] item: Leftovers
|upkeep
|inactive|cherrytranslady has 120 seconds left.
|
|t:|1758935945
|switch|p1a: slungus|Cinderace, M, shiny|100/100
|-damage|p1a: slungus|76/100|[from] Stealth Rock
|turn|15
|
|t:|1758935952
|move|p1a: slungus|High Jump Kick|p2a: Suicune
|-start|p1a: slungus|typechange|Fighting|[from] ability: Libero
|-damage|p2a: Suicune|16/100
|move|p2a: Suicune|Surf|p1a: slungus
|-damage|p1a: slungus|16/100
|
|-heal|p2a: Suicune|22/100|[from] item: Leftovers
|upkeep
|turn|16
|
|t:|1758935961
|switch|p2a: Alomomola|Alomomola, F|100/100
|-damage|p2a: Alomomola|88/100|[from] Spikes
|-damage|p2a: Alomomola|76/100|[from] Stealth Rock
|move|p1a: slungus|High Jump Kick|p2a: Alomomola
|-damage|p2a: Alomomola|23/100
|
|upkeep
|turn|17
|
|t:|1758935970
|move|p2a: Alomomola|Protect|p2a: Alomomola
|-singleturn|p2a: Alomomola|Protect
|move|p1a: slungus|High Jump Kick|p2a: Alomomola
|-activate|p2a: Alomomola|move: Protect
|-damage|p1a: slungus|0 fnt|[from] highjumpkick
|faint|p1a: slungus
|
|upkeep
|
|t:|1758935976
|switch|p1a: transgengar|Gengar, M|100/100
|-damage|p1a: transgengar|88/100|[from] Stealth Rock
|turn|18
|
|t:|1758935980
|move|p1a: transgengar|Substitute|p1a: transgengar
|-start|p1a: transgengar|Substitute
|-damage|p1a: transgengar|63/100
|move|p2a: Alomomola|Healing Wish|p2a: Alomomola
|faint|p2a: Alomomola
|
|-heal|p1a: transgengar|69/100|[from] item: Leftovers
|upkeep
|
|t:|1758935984
|switch|p2a: Suicune|Suicune|22/100
|-heal|p2a: Suicune|100/100|[from] move: Healing Wish
|-damage|p2a: Suicune|88/100|[from] Spikes
|-damage|p2a: Suicune|76/100|[from] Stealth Rock
|-ability|p2a: Suicune|Pressure
|turn|19
|
|t:|1758935988
|move|p1a: transgengar|Taunt|p2a: Suicune
|-start|p2a: Suicune|move: Taunt
|cant|p2a: Suicune|move: Taunt|Calm Mind
|
|-heal|p1a: transgengar|76/100|[from] item: Leftovers
|-heal|p2a: Suicune|82/100|[from] item: Leftovers
|upkeep
|turn|20
|
|t:|1758935993
|move|p1a: transgengar|Sludge Wave|p2a: Suicune
|-damage|p2a: Suicune|47/100
|move|p2a: Suicune|Surf|p1a: transgengar
|-end|p1a: transgengar|Substitute
|
|-heal|p1a: transgengar|82/100|[from] item: Leftovers
|-heal|p2a: Suicune|53/100|[from] item: Leftovers
|upkeep
|turn|21
|
|t:|1758936001
|switch|p2a: Gastrodon|Gastrodon, F|82/100 tox
|-damage|p2a: Gastrodon|70/100 tox|[from] Spikes
|-damage|p2a: Gastrodon|64/100 tox|[from] Stealth Rock
|move|p1a: transgengar|Shadow Ball|p2a: Gastrodon
|-damage|p2a: Gastrodon|36/100 tox
|-unboost|p2a: Gastrodon|spd|1
|
|-heal|p1a: transgengar|88/100|[from] item: Leftovers
|-damage|p2a: Gastrodon|30/100 tox|[from] psn
|upkeep
|turn|22
|
|t:|1758936010
|move|p1a: transgengar|Substitute|p1a: transgengar
|-start|p1a: transgengar|Substitute
|-damage|p1a: transgengar|63/100
|move|p2a: Gastrodon|Earth Power|p1a: transgengar
|-supereffective|p1a: transgengar
|-end|p1a: transgengar|Substitute
|
|-heal|p1a: transgengar|69/100|[from] item: Leftovers
|-damage|p2a: Gastrodon|18/100 tox|[from] psn
|upkeep
|turn|23
|
|t:|1758936018
|move|p1a: transgengar|Substitute|p1a: transgengar
|-start|p1a: transgengar|Substitute
|-damage|p1a: transgengar|44/100
|move|p2a: Gastrodon|Earth Power|p1a: transgengar
|-supereffective|p1a: transgengar
|-end|p1a: transgengar|Substitute
|
|-heal|p1a: transgengar|50/100|[from] item: Leftovers
|-damage|p2a: Gastrodon|0 fnt|[from] psn
|faint|p2a: Gastrodon
|upkeep
|
|t:|1758936021
|switch|p2a: Greninja|Greninja, M|100/100
|-damage|p2a: Greninja|88/100|[from] Spikes
|-damage|p2a: Greninja|76/100|[from] Stealth Rock
|turn|24
|
|t:|1758936039
|switch|p1a: beautiful lesbian|Mandibuzz, F, shiny|100/100
|move|p2a: Greninja|Hydro Pump|p1a: beautiful lesbian
|-start|p2a: Greninja|typechange|Water|[from] ability: Protean
|-damage|p1a: beautiful lesbian|38/100
|
|upkeep
|turn|25
|
|t:|1758936053
|move|p2a: Greninja|Hydro Pump|p1a: beautiful lesbian
|-damage|p1a: beautiful lesbian|0 fnt
|faint|p1a: beautiful lesbian
|
|upkeep
|
|t:|1758936056
|switch|p1a: why he ourple??|Darkrai, shiny|100/100
|turn|26
|
|t:|1758936061
|move|p1a: why he ourple??|Dark Pulse|p2a: Greninja
|-damage|p2a: Greninja|7/100
|cant|p2a: Greninja|flinch
|
|upkeep
|turn|27
|
|t:|1758936071
|move|p1a: why he ourple??|Dark Pulse|p2a: Greninja
|-damage|p2a: Greninja|0 fnt
|faint|p2a: Greninja
|
|upkeep
|
|t:|1758936074
|switch|p2a: Suicune|Suicune|53/100
|-damage|p2a: Suicune|41/100|[from] Spikes
|-damage|p2a: Suicune|28/100|[from] Stealth Rock
|-ability|p2a: Suicune|Pressure
|turn|28
|
|t:|1758936078
|move|p1a: why he ourple??|Dark Pulse|p2a: Suicune
|-damage|p2a: Suicune|0 fnt
|faint|p2a: Suicune
|
|upkeep
|
|t:|1758936080
|switch|p2a: Toxapex|Toxapex, M|100/100
|-damage|p2a: Toxapex|88/100|[from] Spikes
|-damage|p2a: Toxapex|75/100|[from] Stealth Rock
|turn|29
|
|t:|1758936092
|-terastallize|p1a: why he ourple??|Poison
|move|p1a: why he ourple??|Nasty Plot|p1a: why he ourple??
|-boost|p1a: why he ourple??|spa|2
|move|p2a: Toxapex|Liquidation|p1a: why he ourple??
|-damage|p1a: why he ourple??|75/100
|-unboost|p1a: why he ourple??|def|1
|
|-heal|p2a: Toxapex|82/100|[from] item: Black Sludge
|upkeep
|turn|30
|
|t:|1758936100
|move|p1a: why he ourple??|Dark Pulse|p2a: Toxapex
|-damage|p2a: Toxapex|16/100
|move|p2a: Toxapex|Liquidation|p1a: why he ourple??
|-damage|p1a: why he ourple??|34/100
|-unboost|p1a: why he ourple??|def|1
|
|-heal|p2a: Toxapex|22/100|[from] item: Black Sludge
|upkeep
|turn|31
|
|t:|1758936109
|move|p1a: why he ourple??|Dark Pulse|p2a: Toxapex
|-damage|p2a: Toxapex|0 fnt
|faint|p2a: Toxapex
|
|win|cherrytranslady
|raw|cherrytranslady's rating: 1185 &rarr; <strong>1213</strong><br />(+28 for winning)
|raw|CheetosD's rating: 1232 &rarr; <strong>1204</strong><br />(-28 for losing)
|l|☆CheetosD
|player|p2|
|l|☆cherrytranslady
|player|p1|
