|j|☆Waffle4110
|j|☆brakden
|t:|1759033777
|gametype|singles
|player|p1|Waffle4110|gambler|1253
|player|p2|brakden|1|1251
|gen|9
|tier|[Gen 9] OU
|rated|
|rule|HP Percentage Mod: HP is shown in percentages
|rule|Endless Battle Clause: Forcing endless battles is banned
|rule|Species Clause: Limit one of each Pokémon
|rule|OHKO Clause: OHKO moves are banned
|rule|Evasion Items Clause: Evasion items are banned
|rule|Evasion Moves Clause: Evasion moves are banned
|rule|Evasion Abilities Clause: Evasion abilities are banned
|rule|Sleep Moves Clause: Sleep-inducing moves are banned
|clearpoke
|poke|p1|Garchomp, F|
|poke|p1|Scizor, F|
|poke|p1|Zoroark-Hisui, M|
|poke|p1|Greninja-*, M|
|poke|p1|Iron Valiant|
|poke|p1|Ceruledge, M|
|poke|p2|Deoxys-Speed|
|poke|p2|Dragonite, F|
|poke|p2|Darkrai|
|poke|p2|Iron Moth|
|poke|p2|Scizor, M|
|poke|p2|Great Tusk|
|teampreview
|
|t:|1759033782
|teamsize|p1|6
|teamsize|p2|6
|start
|switch|p1a: Greninja|Greninja, M|100/100
|switch|p2a: Dragonite|Dragonite, F|100/100
|turn|1
|
|t:|1759033801
|switch|p1a: Scizor|Scizor, F|100/100
|-terastallize|p2a: Dragonite|Ghost
|move|p2a: Dragonite|Dragon Dance|p2a: Dragonite
|-boost|p2a: Dragonite|atk|1
|-boost|p2a: Dragonite|spe|1
|
|upkeep
|turn|2
|inactive|Battle timer is ON: inactive players will automatically lose when time's up. (requested by Waffle4110)
|l|☆brakden
|inactive|brakden disconnected and has a minute to reconnect!
|player|p2|
|j|☆brakden
|inactive|brakden reconnected and has 120 seconds left.
|player|p2|brakden|1|
|
|t:|1759033837
|move|p2a: Dragonite|Tera Blast|p1a: Scizor|[anim] Tera Blast Ghost
|-damage|p1a: Scizor|16/100
|move|p1a: Scizor|Knock Off|p2a: Dragonite
|-supereffective|p2a: Dragonite
|-crit|p2a: Dragonite
|-damage|p2a: Dragonite|25/100
|-enditem|p2a: Dragonite|Spell Tag|[from] move: Knock Off|[of] p1a: Scizor
|-damage|p1a: Scizor|6/100|[from] item: Life Orb
|
|upkeep
|turn|3
|
|t:|1759033849
|move|p1a: Scizor|Bullet Punch|p2a: Dragonite
|-damage|p2a: Dragonite|0 fnt
|faint|p2a: Dragonite
|-damage|p1a: Scizor|0 fnt|[from] item: Life Orb
|faint|p1a: Scizor
|
|upkeep
|
|t:|1759033864
|switch|p2a: Deoxys|Deoxys-Speed|100/100
|switch|p1a: Greninja|Greninja, M|100/100
|-ability|p2a: Deoxys|Pressure
|turn|4
|inactive|brakden has 120 seconds left.
|
|t:|1759033885
|move|p1a: Greninja|Shadow Ball|p2a: Deoxys
|-supereffective|p2a: Deoxys
|-damage|p2a: Deoxys|3/100
|move|p2a: Deoxys|Stealth Rock|p1a: Greninja
|-sidestart|p1: Waffle4110|move: Stealth Rock
|
|upkeep
|turn|5
|inactive|brakden has 120 seconds left.
|
|t:|1759033896
|move|p1a: Greninja|Shadow Ball|p2a: Deoxys
|-supereffective|p2a: Deoxys
|-damage|p2a: Deoxys|0 fnt
|faint|p2a: Deoxys
|
|upkeep
|inactive|brakden has 120 seconds left.
|inactive|brakden has 90 seconds left.
|
|t:|1759033935
|switch|p2a: Scizor|Scizor, M|100/100
|turn|6
|
|t:|1759033944
|move|p1a: Greninja|Shadow Ball|p2a: Scizor
|-damage|p2a: Scizor|43/100
|move|p2a: Scizor|U-turn|p1a: Greninja
|-resisted|p1a: Greninja
|-damage|p1a: Greninja|38/100
|replace|p1a: Zoroark|Zoroark-Hisui, M, shiny
|-end|p1a: Zoroark|Illusion
|inactive|brakden has 90 seconds left.
|l|☆brakden
|inactive|brakden disconnected and has a minute to reconnect!
|player|p2|
|j|☆brakden
|inactive|brakden reconnected and has 65 seconds left.
|player|p2|brakden|1|
|inactive|brakden has 60 seconds left.
|
|t:|1759033991
|switch|p2a: Darkrai|Darkrai|100/100|[from] U-turn
|
|upkeep
|turn|7
|inactive|brakden has 60 seconds left.
|
|t:|1759034000
|switch|p1a: Saber|Iron Valiant, shiny|100/100
|-damage|p1a: Saber|94/100|[from] Stealth Rock
|-enditem|p1a: Saber|Booster Energy
|-activate|p1a: Saber|ability: Quark Drive|[fromitem]
|-start|p1a: Saber|quarkdrivespe
|move|p2a: Darkrai|Dark Pulse|p1a: Saber
|-resisted|p1a: Saber
|-damage|p1a: Saber|69/100
|-damage|p2a: Darkrai|91/100|[from] item: Life Orb
|
|upkeep
|turn|8
|inactive|brakden has 60 seconds left.
|l|☆brakden
|inactive|brakden disconnected and has a minute to reconnect!
|player|p2|
|j|☆brakden
|inactive|brakden reconnected and has 40 seconds left.
|player|p2|brakden|1|
|
|t:|1759034033
|move|p1a: Saber|Spirit Break|p2a: Darkrai
|-supereffective|p2a: Darkrai
|-damage|p2a: Darkrai|0 fnt
|faint|p2a: Darkrai
|
|upkeep
|
|t:|1759034041
|switch|p2a: Iron Moth|Iron Moth|100/100
|-enditem|p2a: Iron Moth|Booster Energy
|-activate|p2a: Iron Moth|ability: Quark Drive|[fromitem]
|-start|p2a: Iron Moth|quarkdrivespe
|turn|9
|
|t:|1759034066
|move|p1a: Saber|Close Combat|p2a: Iron Moth
|-resisted|p2a: Iron Moth
|-damage|p2a: Iron Moth|52/100
|-unboost|p1a: Saber|def|1
|-unboost|p1a: Saber|spd|1
|move|p2a: Iron Moth|Dazzling Gleam|p1a: Saber
|-supereffective|p1a: Saber
|-damage|p1a: Saber|0 fnt
|faint|p1a: Saber
|-end|p1a: Saber|Quark Drive|[silent]
|
|upkeep
|
|t:|1759034074
|switch|p1a: Greninja|Greninja, M|38/100
|-damage|p1a: Greninja|26/100|[from] Stealth Rock
|turn|10
|l|☆brakden
|inactive|brakden disconnected and has a minute to reconnect!
|player|p2|
|inactive|brakden has 30 seconds left.
|j|☆brakden
|inactive|brakden reconnected and has 30 seconds left.
|player|p2|brakden|1|
|
|t:|1759034095
|move|p1a: Greninja|Extrasensory|p2a: Iron Moth
|-supereffective|p2a: Iron Moth
|-damage|p2a: Iron Moth|0 fnt
|faint|p2a: Iron Moth
|-end|p2a: Iron Moth|Quark Drive|[silent]
|
|upkeep
|inactive|brakden has 30 seconds left.
|
|t:|1759034101
|switch|p2a: Great Tusk|Great Tusk|100/100
|-enditem|p2a: Great Tusk|Booster Energy
|-activate|p2a: Great Tusk|ability: Protosynthesis|[fromitem]
|-start|p2a: Great Tusk|protosynthesisspe
|turn|11
|inactive|brakden has 30 seconds left.
|
|t:|1759034115
|move|p1a: Greninja|Extrasensory|p2a: Great Tusk
|-supereffective|p2a: Great Tusk
|-damage|p2a: Great Tusk|30/100
|move|p2a: Great Tusk|Rapid Spin|p1a: Greninja
|-immune|p1a: Greninja
|
|upkeep
|turn|12
|inactive|brakden has 30 seconds left.
|
|t:|1759034128
|move|p1a: Greninja|Extrasensory|p2a: Great Tusk
|-supereffective|p2a: Great Tusk
|-damage|p2a: Great Tusk|0 fnt
|faint|p2a: Great Tusk
|-end|p2a: Great Tusk|Protosynthesis|[silent]
|
|upkeep
|inactive|brakden has 30 seconds left.
|
|t:|1759034134
|switch|p2a: Scizor|Scizor, M|43/100
|turn|13
|
|t:|1759034141
|move|p1a: Greninja|Extrasensory|p2a: Scizor
|-resisted|p2a: Scizor
|-damage|p2a: Scizor|25/100
|cant|p2a: Scizor|flinch
|
|upkeep
|turn|14
|-message|brakden forfeited.
|
|win|Waffle4110
|raw|Waffle4110's rating: 1253 &rarr; <strong>1278</strong><br />(+25 for winning)
|raw|brakden's rating: 1251 &rarr; <strong>1226</strong><br />(-25 for losing)
|l|☆brakden
|player|p2|
|l|☆Waffle4110
|player|p1|
