|j|‽Neonaruto
|j|☆t04styy
|t:|1758991107
|gametype|singles
|player|p1|Neonaruto|265|1464
|player|p2|t04styy|266|1452
|gen|9
|tier|[Gen 9] OU
|rated|
|rule|HP Percentage Mod: HP is shown in percentages
|rule|Endless Battle Clause: Forcing endless battles is banned
|rule|Species Clause: Limit one of each Pokémon
|rule|OHKO Clause: OHKO moves are banned
|rule|Evasion Items Clause: Evasion items are banned
|rule|Evasion Moves Clause: Evasion moves are banned
|rule|Evasion Abilities Clause: Evasion abilities are banned
|rule|Sleep Moves Clause: Sleep-inducing moves are banned
|clearpoke
|poke|p1|Tyranitar, F|
|poke|p1|Iron Moth|
|poke|p1|Staraptor, F|
|poke|p1|Garchomp, F|
|poke|p1|Torkoal, M|
|poke|p1|Dragonite, M|
|poke|p2|Ogerpon-Wellspring, F|
|poke|p2|Iron Moth|
|poke|p2|Great Tusk|
|poke|p2|Umbreon, F|
|poke|p2|Garchomp, M|
|poke|p2|Cinderace, F|
|teampreview
|inactive|Battle timer is ON: inactive players will automatically lose when time's up. (requested by Neonaruto)
|inactive|t04styy has 120 seconds left.
|inactive|t04styy has 90 seconds left.
|
|t:|1758991195
|teamsize|p1|6
|teamsize|p2|6
|start
|switch|p1a: Staraptor|Staraptor, F|100/100
|switch|p2a: Garchomp|Garchomp, M|100/100
|turn|1
|inactive|t04styy has 120 seconds left.
|
|t:|1758991212
|move|p2a: Garchomp|Swords Dance|p2a: Garchomp
|-boost|p2a: Garchomp|atk|2
|move|p1a: Staraptor|Brave Bird|p2a: Garchomp
|-damage|p2a: Garchomp|0 fnt
|-damage|p1a: Staraptor|88/100|[from] ability: Rough Skin|[of] p2a: Garchomp
|faint|p2a: Garchomp
|-damage|p1a: Staraptor|50/100|[from] Recoil
|
|upkeep
|inactive|t04styy has 120 seconds left.
|inactive|t04styy has 90 seconds left.
|
|t:|1758991277
|switch|p2a: Cinderace|Cinderace, F|100/100
|turn|2
|
|t:|1758991281
|switch|p1a: Garchomp|Garchomp, F|100/100
|move|p2a: Cinderace|Pyro Ball|p1a: Garchomp
|-resisted|p1a: Garchomp
|-damage|p1a: Garchomp|84/100
|
|upkeep
|turn|3
|
|t:|1758991286
|move|p2a: Cinderace|Will-O-Wisp|p1a: Garchomp
|-status|p1a: Garchomp|brn
|move|p1a: Garchomp|Breaking Swipe|p2a: Cinderace
|-damage|p2a: Cinderace|80/100
|-unboost|p2a: Cinderace|atk|1
|
|-damage|p1a: Garchomp|78/100 brn|[from] brn
|upkeep
|turn|4
|
|t:|1758991296
|move|p2a: Cinderace|U-turn|p1a: Garchomp
|-start|p2a: Cinderace|typechange|Bug|[from] ability: Libero
|-damage|p1a: Garchomp|64/100 brn
|-damage|p2a: Cinderace|68/100|[from] ability: Rough Skin|[of] p1a: Garchomp
|-damage|p2a: Cinderace|51/100|[from] item: Rocky Helmet|[of] p1a: Garchomp
|
|t:|1758991303
|switch|p2a: Ogerpon|Ogerpon-Wellspring, F|100/100|[from] U-turn
|move|p1a: Garchomp|Breaking Swipe|p2a: Ogerpon
|-damage|p2a: Ogerpon|83/100
|-unboost|p2a: Ogerpon|atk|1
|
|-damage|p1a: Garchomp|58/100 brn|[from] brn
|upkeep
|turn|5
|inactive|t04styy has 90 seconds left.
|
|t:|1758991317
|move|p2a: Ogerpon|Ivy Cudgel|p1a: Garchomp|[anim] Ivy Cudgel Water
|-damage|p1a: Garchomp|33/100 brn
|move|p1a: Garchomp|Rest|p1a: Garchomp
|-status|p1a: Garchomp|slp|[from] move: Rest
|-heal|p1a: Garchomp|100/100 slp|[silent]
|
|upkeep
|turn|6
|inactive|t04styy has 90 seconds left.
|
|t:|1758991329
|switch|p1a: Torkoal|Torkoal, M, shiny|100/100
|-weather|SunnyDay|[from] ability: Drought|[of] p1a: Torkoal
|move|p2a: Ogerpon|U-turn|p1a: Torkoal
|-resisted|p1a: Torkoal
|-damage|p1a: Torkoal|95/100
|
|t:|1758991342
|switch|p2a: Great Tusk|Great Tusk|100/100|[from] U-turn
|-activate|p2a: Great Tusk|ability: Protosynthesis
|-start|p2a: Great Tusk|protosynthesisatk
|
|-weather|SunnyDay|[upkeep]
|upkeep
|turn|7
|
|t:|1758991349
|switch|p1a: Staraptor|Staraptor, F|50/100
|move|p2a: Great Tusk|Rapid Spin|p1a: Staraptor
|-damage|p1a: Staraptor|16/100
|-boost|p2a: Great Tusk|spe|1
|
|-weather|SunnyDay|[upkeep]
|upkeep
|turn|8
|inactive|t04styy has 90 seconds left.
|
|t:|1758991359
|move|p2a: Great Tusk|Ice Spinner|p1a: Staraptor
|-supereffective|p1a: Staraptor
|-damage|p1a: Staraptor|0 fnt
|faint|p1a: Staraptor
|
|-weather|SunnyDay|[upkeep]
|upkeep
|
|t:|1758991361
|switch|p1a: Torkoal|Torkoal, M, shiny|95/100
|turn|9
|
|t:|1758991365
|move|p2a: Great Tusk|Headlong Rush|p1a: Torkoal
|-supereffective|p1a: Torkoal
|-damage|p1a: Torkoal|8/100
|-unboost|p2a: Great Tusk|def|1
|-unboost|p2a: Great Tusk|spd|1
|move|p1a: Torkoal|Lava Plume|p2a: Great Tusk
|-damage|p2a: Great Tusk|17/100
|
|-weather|SunnyDay|[upkeep]
|upkeep
|turn|10
|
|t:|1758991374
|switch|p1a: Garchomp|Garchomp, F|100/100 slp
|move|p2a: Great Tusk|Rapid Spin|p1a: Garchomp
|-damage|p1a: Garchomp|86/100 slp
|-boost|p2a: Great Tusk|spe|1
|-damage|p2a: Great Tusk|5/100|[from] ability: Rough Skin|[of] p1a: Garchomp
|-damage|p2a: Great Tusk|0 fnt|[from] item: Rocky Helmet|[of] p1a: Garchomp
|faint|p2a: Great Tusk
|-end|p2a: Great Tusk|Protosynthesis|[silent]
|
|-weather|none
|upkeep
|
|t:|1758991387
|switch|p2a: Iron Moth|Iron Moth|100/100
|-enditem|p2a: Iron Moth|Booster Energy
|-activate|p2a: Iron Moth|ability: Quark Drive|[fromitem]
|-start|p2a: Iron Moth|quarkdrivespe
|turn|11
|
|t:|1758991396
|switch|p1a: Tyranitar|Tyranitar, F, shiny|100/100
|-weather|Sandstorm|[from] ability: Sand Stream|[of] p1a: Tyranitar
|move|p2a: Iron Moth|Dazzling Gleam|p1a: Tyranitar
|-supereffective|p1a: Tyranitar
|-damage|p1a: Tyranitar|86/100
|
|-weather|Sandstorm|[upkeep]
|-damage|p2a: Iron Moth|95/100|[from] Sandstorm
|upkeep
|turn|12
|
|t:|1758991414
|-end|p2a: Iron Moth|Quark Drive|[silent]
|switch|p2a: Umbreon|Umbreon, F|100/100
|move|p1a: Tyranitar|Earthquake|p2a: Umbreon
|-damage|p2a: Umbreon|77/100
|
|-weather|Sandstorm|[upkeep]
|-damage|p2a: Umbreon|71/100|[from] Sandstorm
|-heal|p2a: Umbreon|77/100|[from] item: Leftovers
|upkeep
|turn|13
|
|t:|1758991424
|switch|p1a: Iron Moth|Iron Moth|100/100
|move|p2a: Umbreon|Toxic|p1a: Iron Moth
|-immune|p1a: Iron Moth
|
|-weather|Sandstorm|[upkeep]
|-damage|p1a: Iron Moth|95/100|[from] Sandstorm
|-damage|p2a: Umbreon|71/100|[from] Sandstorm
|-heal|p2a: Umbreon|77/100|[from] item: Leftovers
|upkeep
|turn|14
|
|t:|1758991436
|move|p1a: Iron Moth|Overheat|p2a: Umbreon
|-damage|p2a: Umbreon|21/100
|-unboost|p1a: Iron Moth|spa|2
|move|p2a: Umbreon|Foul Play|p1a: Iron Moth
|-damage|p1a: Iron Moth|65/100
|
|-weather|Sandstorm|[upkeep]
|-damage|p1a: Iron Moth|59/100|[from] Sandstorm
|-damage|p2a: Umbreon|15/100|[from] Sandstorm
|-heal|p2a: Umbreon|21/100|[from] item: Leftovers
|upkeep
|turn|15
|
|t:|1758991455
|move|p1a: Iron Moth|Overheat|p2a: Umbreon
|-damage|p2a: Umbreon|0 fnt
|-unboost|p1a: Iron Moth|spa|2
|faint|p2a: Umbreon
|
|-weather|none
|upkeep
|inactive|t04styy has 90 seconds left.
|inactive|t04styy has 60 seconds left.
|inactive|t04styy has 30 seconds left.
|inactive|t04styy has 20 seconds left.
|inactive|t04styy has 15 seconds left.
|inactive|t04styy has 10 seconds left.
|inactive|t04styy has 5 seconds left.
|-message|t04styy lost due to inactivity.
|
|win|Neonaruto
|raw|Neonaruto's rating: 1464 &rarr; <strong>1483</strong><br />(+19 for winning)
|raw|t04styy's rating: 1452 &rarr; <strong>1433</strong><br />(-19 for losing)
|l|‽Neonaruto
|player|p1|
