|j|☆yixing-onestar
|j|☆potrise
|t:|1759038765
|gametype|singles
|player|p1|yixing-onestar|swimmerf-gen4|1207
|player|p2|potrise|lucas|1217
|gen|9
|tier|[Gen 9] OU
|rated|
|rule|HP Percentage Mod: HP is shown in percentages
|rule|Endless Battle Clause: Forcing endless battles is banned
|rule|Species Clause: Limit one of each Pokémon
|rule|OHKO Clause: OHKO moves are banned
|rule|Evasion Items Clause: Evasion items are banned
|rule|Evasion Moves Clause: Evasion moves are banned
|rule|Evasion Abilities Clause: Evasion abilities are banned
|rule|Sleep Moves Clause: Sleep-inducing moves are banned
|clearpoke
|poke|p1|Ting-Lu|
|poke|p1|Iron Moth|
|poke|p1|Muk-Alola, M|
|poke|p1|Great Tusk|
|poke|p1|Garganacl, F|
|poke|p1|Alomomola, M|
|poke|p2|Samurott-Hisui, F|
|poke|p2|Ceruledge, M|
|poke|p2|Slowking-Galar, F|
|poke|p2|Ogerpon-Wellspring, F|
|poke|p2|Glimmora, M|
|poke|p2|Corviknight, M|
|teampreview
|
|t:|1759038776
|teamsize|p1|6
|teamsize|p2|6
|start
|switch|p1a: Garganacl|Garganacl, F, shiny|100/100
|switch|p2a: Glimmora|Glimmora, M|100/100
|turn|1
|
|t:|1759038791
|switch|p1a: Muk|Muk-Alola, M|100/100
|-item|p1a: Muk|Air Balloon
|move|p2a: Glimmora|Earth Power|p1a: Muk
|-immune|p1a: Muk
|
|upkeep
|turn|2
|
|t:|1759038816
|move|p2a: Glimmora|Stealth Rock|p1a: Muk
|-sidestart|p1: yixing-onestar|move: Stealth Rock
|move|p1a: Muk|Toxic|p2a: Glimmora
|-immune|p2a: Glimmora
|
|upkeep
|turn|3
|
|t:|1759038824
|move|p2a: Glimmora|Sludge Bomb|p1a: Muk
|-resisted|p1a: Muk
|-damage|p1a: Muk|87/100
|-enditem|p1a: Muk|Air Balloon
|move|p1a: Muk|Knock Off|p2a: Glimmora
|-damage|p2a: Glimmora|56/100
|-activate|p2a: Glimmora|ability: Toxic Debris
|-sidestart|p1: yixing-onestar|move: Toxic Spikes
|-enditem|p2a: Glimmora|Focus Sash|[from] move: Knock Off|[of] p1a: Muk
|
|upkeep
|turn|4
|
|t:|1759038834
|move|p2a: Glimmora|Earth Power|p1a: Muk
|-supereffective|p1a: Muk
|-damage|p1a: Muk|50/100
|-unboost|p1a: Muk|spd|1
|move|p1a: Muk|Knock Off|p2a: Glimmora
|-damage|p2a: Glimmora|26/100
|-activate|p2a: Glimmora|ability: Toxic Debris
|-sidestart|p1: yixing-onestar|move: Toxic Spikes
|
|upkeep
|turn|5
|
|t:|1759038843
|switch|p1a: Iron Moth|Iron Moth, shiny|100/100
|-damage|p1a: Iron Moth|76/100|[from] Stealth Rock
|-sideend|p1: yixing-onestar|move: Toxic Spikes|[of] p1a: Iron Moth
|move|p2a: Glimmora|Earth Power|p1a: Iron Moth
|-supereffective|p1a: Iron Moth
|-damage|p1a: Iron Moth|0 fnt
|faint|p1a: Iron Moth
|-end|p1a: Iron Moth|Quark Drive|[silent]
|
|upkeep
|
|t:|1759038858
|switch|p1a: Great Tusk|Great Tusk|100/100
|-damage|p1a: Great Tusk|98/100|[from] Stealth Rock
|turn|6
|
|t:|1759038865
|switch|p2a: Ceruledge|Ceruledge, M|100/100
|move|p1a: Great Tusk|Rapid Spin|p2a: Ceruledge
|-immune|p2a: Ceruledge
|
|upkeep
|turn|7
|
|t:|1759038880
|move|p1a: Great Tusk|Headlong Rush|p2a: Ceruledge
|-supereffective|p2a: Ceruledge
|-enditem|p2a: Ceruledge|Focus Sash
|-damage|p2a: Ceruledge|1/100
|-unboost|p1a: Great Tusk|def|1
|-unboost|p1a: Great Tusk|spd|1
|-ability|p2a: Ceruledge|Weak Armor|boost
|-unboost|p2a: Ceruledge|def|1
|-boost|p2a: Ceruledge|spe|2
|move|p2a: Ceruledge|Swords Dance|p2a: Ceruledge
|-boost|p2a: Ceruledge|atk|2
|
|upkeep
|turn|8
|
|t:|1759038893
|-end|p1a: Great Tusk|Protosynthesis|[silent]
|switch|p1a: Ting-Lu|Ting-Lu|100/100
|-damage|p1a: Ting-Lu|94/100|[from] Stealth Rock
|-ability|p1a: Ting-Lu|Vessel of Ruin
|-terastallize|p2a: Ceruledge|Fire
|move|p2a: Ceruledge|Bitter Blade|p1a: Ting-Lu
|-damage|p1a: Ting-Lu|48/100
|-heal|p2a: Ceruledge|42/100|[from] drain|[of] p1a: Ting-Lu
|
|-heal|p1a: Ting-Lu|54/100|[from] item: Leftovers
|upkeep
|turn|9
|
|t:|1759038907
|move|p2a: Ceruledge|Bitter Blade|p1a: Ting-Lu
|-damage|p1a: Ting-Lu|2/100
|-heal|p2a: Ceruledge|87/100|[from] drain|[of] p1a: Ting-Lu
|move|p1a: Ting-Lu|Whirlwind|p2a: Ceruledge
|drag|p2a: Samurott|Samurott-Hisui, F|100/100
|
|-heal|p1a: Ting-Lu|9/100|[from] item: Leftovers
|upkeep
|turn|10
|
|t:|1759038916
|switch|p1a: Alomomola|Alomomola, M|100/100
|-damage|p1a: Alomomola|88/100|[from] Stealth Rock
|move|p2a: Samurott|Ceaseless Edge|p1a: Alomomola
|-damage|p1a: Alomomola|54/100
|-sidestart|p1: yixing-onestar|Spikes
|
|-heal|p1a: Alomomola|60/100|[from] item: Leftovers
|upkeep
|turn|11
|
|t:|1759038925
|move|p2a: Samurott|Ceaseless Edge|p1a: Alomomola
|-damage|p1a: Alomomola|29/100
|-sidestart|p1: yixing-onestar|Spikes
|move|p1a: Alomomola|Flip Turn|p2a: Samurott
|-resisted|p2a: Samurott
|-damage|p2a: Samurott|91/100
|
|t:|1759038928
|switch|p1a: Great Tusk|Great Tusk|98/100|[from] Flip Turn
|-damage|p1a: Great Tusk|95/100|[from] Stealth Rock
|-damage|p1a: Great Tusk|78/100|[from] Spikes
|
|upkeep
|turn|12
|
|t:|1759038937
|move|p1a: Great Tusk|Close Combat|p2a: Samurott
|-supereffective|p2a: Samurott
|-damage|p2a: Samurott|0 fnt
|-unboost|p1a: Great Tusk|def|1
|-unboost|p1a: Great Tusk|spd|1
|faint|p2a: Samurott
|
|upkeep
|
|t:|1759038947
|switch|p2a: Ogerpon|Ogerpon-Wellspring, F|100/100
|turn|13
|
|t:|1759038954
|-end|p1a: Great Tusk|Protosynthesis|[silent]
|switch|p1a: Muk|Muk-Alola, M|50/100
|-damage|p1a: Muk|38/100|[from] Stealth Rock
|-damage|p1a: Muk|22/100|[from] Spikes
|move|p2a: Ogerpon|Ivy Cudgel|p1a: Muk|[anim] Ivy Cudgel Water
|-damage|p1a: Muk|0 fnt
|faint|p1a: Muk
|
|upkeep
|
|t:|1759038965
|switch|p1a: Garganacl|Garganacl, F, shiny|100/100
|-damage|p1a: Garganacl|88/100|[from] Stealth Rock
|-damage|p1a: Garganacl|72/100|[from] Spikes
|turn|14
|
|t:|1759038976
|-terastallize|p1a: Garganacl|Ghost
|move|p2a: Ogerpon|Swords Dance|p2a: Ogerpon
|-boost|p2a: Ogerpon|atk|2
|move|p1a: Garganacl|Recover|p1a: Garganacl
|-heal|p1a: Garganacl|100/100
|
|upkeep
|turn|15
|
|t:|1759038986
|move|p2a: Ogerpon|Ivy Cudgel|p1a: Garganacl|[anim] Ivy Cudgel Water
|-damage|p1a: Garganacl|20/100
|move|p1a: Garganacl|Iron Defense|p1a: Garganacl
|-boost|p1a: Garganacl|def|2
|
|-heal|p1a: Garganacl|26/100|[from] item: Leftovers
|upkeep
|turn|16
|-message|yixing-onestar forfeited.
|
|win|potrise
|raw|yixing-onestar's rating: 1207 &rarr; <strong>1183</strong><br />(-24 for losing)
|raw|potrise's rating: 1217 &rarr; <strong>1241</strong><br />(+24 for winning)
|l|☆yixing-onestar
|player|p1|
|l|☆potrise
|player|p2|
