|j|☆NoWaY0
|j|☆albaroth
|t:|1759050325
|gametype|singles
|player|p1|NoWaY0|benga|1161
|player|p2|albaroth|ingo|1120
|gen|9
|tier|[Gen 9] OU
|rated|
|rule|HP Percentage Mod: HP is shown in percentages
|rule|Endless Battle Clause: Forcing endless battles is banned
|rule|Species Clause: Limit one of each Pokémon
|rule|OHKO Clause: OHKO moves are banned
|rule|Evasion Items Clause: Evasion items are banned
|rule|Evasion Moves Clause: Evasion moves are banned
|rule|Evasion Abilities Clause: Evasion abilities are banned
|rule|Sleep Moves Clause: Sleep-inducing moves are banned
|clearpoke
|poke|p1|Dragapult, F|
|poke|p1|Primarina, F|
|poke|p1|Iron Crown|
|poke|p1|Samurott-Hisui, F|
|poke|p1|Kingambit, M|
|poke|p1|Landorus-Therian, M|
|poke|p2|Malamar, F|
|poke|p2|Enamorus, F|
|poke|p2|Corviknight, F|
|poke|p2|Cinderace, M|
|poke|p2|Keldeo|
|poke|p2|Dunsparce, M|
|teampreview
|inactive|Battle timer is ON: inactive players will automatically lose when time's up. (requested by albaroth)
|
|t:|1759050332
|teamsize|p1|6
|teamsize|p2|6
|start
|switch|p1a: Samurott|Samurott-Hisui, F|100/100
|switch|p2a: Dunsparce|Dunsparce, M|100/100
|turn|1
|
|t:|1759050359
|move|p1a: Samurott|Ceaseless Edge|p2a: Dunsparce
|-damage|p2a: Dunsparce|53/100
|-sidestart|p2: albaroth|Spikes
|move|p2a: Dunsparce|Coil|p2a: Dunsparce
|-boost|p2a: Dunsparce|atk|1
|-boost|p2a: Dunsparce|def|1
|-boost|p2a: Dunsparce|accuracy|1
|
|-heal|p2a: Dunsparce|60/100|[from] item: Leftovers
|upkeep
|turn|2
|
|t:|1759050371
|switch|p1a: Dragapult|Dragapult, F, shiny|100/100
|move|p2a: Dunsparce|Poison Jab|p1a: Dragapult
|-resisted|p1a: Dragapult
|-damage|p1a: Dragapult|80/100
|-status|p1a: Dragapult|psn
|
|-heal|p2a: Dunsparce|66/100|[from] item: Leftovers
|-damage|p1a: Dragapult|68/100 psn|[from] psn
|upkeep
|turn|3
|
|t:|1759050383
|move|p1a: Dragapult|Draco Meteor|p2a: Dunsparce
|-damage|p2a: Dunsparce|0 fnt
|-unboost|p1a: Dragapult|spa|2
|faint|p2a: Dunsparce
|
|-damage|p1a: Dragapult|55/100 psn|[from] psn
|upkeep
|
|t:|1759050392
|switch|p2a: Corviknight|Corviknight, F|100/100
|turn|4
|
|t:|1759050401
|switch|p1a: Iron Crown|Iron Crown|100/100
|move|p2a: Corviknight|Defog|p1a: Iron Crown
|-unboost|p1a: Iron Crown|evasion|1
|-sideend|p2: albaroth|Spikes|[from] move: Defog|[of] p2a: Corviknight
|
|upkeep
|turn|5
|
|t:|1759050408
|move|p1a: Iron Crown|Volt Switch|p2a: Corviknight
|-supereffective|p2a: Corviknight
|-damage|p2a: Corviknight|33/100
|
|t:|1759050411
|-end|p1a: Iron Crown|Quark Drive|[silent]
|switch|p1a: Landorus|Landorus-Therian, M|100/100|[from] Volt Switch
|-ability|p1a: Landorus|Intimidate|boost
|-ability|p2a: Corviknight|Mirror Armor
|-unboost|p1a: Landorus|atk|1
|move|p2a: Corviknight|U-turn|p1a: Landorus
|-resisted|p1a: Landorus
|-damage|p1a: Landorus|96/100
|-damage|p2a: Corviknight|17/100|[from] item: Rocky Helmet|[of] p1a: Landorus
|
|t:|1759050428
|switch|p2a: Keldeo|Keldeo|100/100|[from] U-turn
|
|upkeep
|turn|6
|
|t:|1759050448
|switch|p1a: Primarina|Primarina, F|100/100
|move|p2a: Keldeo|Surf|p1a: Primarina
|-resisted|p1a: Primarina
|-damage|p1a: Primarina|83/100
|
|upkeep
|turn|7
|
|t:|1759050465
|switch|p2a: Cinderace|Cinderace, M|100/100
|move|p1a: Primarina|Moonblast|p2a: Cinderace
|-resisted|p2a: Cinderace
|-damage|p2a: Cinderace|70/100
|
|upkeep
|turn|8
|
|t:|1759050481
|switch|p1a: Landorus|Landorus-Therian, M|96/100
|-ability|p1a: Landorus|Intimidate|boost
|-unboost|p2a: Cinderace|atk|1
|move|p2a: Cinderace|Trailblaze|p1a: Landorus
|-start|p2a: Cinderace|typechange|Grass|[from] ability: Libero
|-damage|p1a: Landorus|84/100
|-boost|p2a: Cinderace|spe|1
|-damage|p2a: Cinderace|53/100|[from] item: Rocky Helmet|[of] p1a: Landorus
|
|upkeep
|turn|9
|
|t:|1759050494
|move|p2a: Cinderace|U-turn|p1a: Landorus
|-resisted|p1a: Landorus
|-damage|p1a: Landorus|79/100
|-damage|p2a: Cinderace|37/100|[from] item: Rocky Helmet|[of] p1a: Landorus
|
|t:|1759050500
|switch|p2a: Malamar|Malamar, F, shiny|100/100|[from] U-turn
|move|p1a: Landorus|U-turn|p2a: Malamar
|-supereffective|p2a: Malamar
|-damage|p2a: Malamar|2/100
|-message|albaroth forfeited.
|
|win|NoWaY0
|raw|NoWaY0's rating: 1161 &rarr; <strong>1183</strong><br />(+22 for winning)
|raw|albaroth's rating: 1120 &rarr; <strong>1098</strong><br />(-22 for losing)
|l|☆NoWaY0
|player|p1|
|l|☆albaroth
|player|p2|
