|j|☆master ball rus
|j|☆fuhfyjddhh
|t:|1758917936
|gametype|singles
|player|p1|master ball rus|swimmer-gen4|1593
|player|p2|fuhfyjddhh|schoolkid-gen4|1499
|gen|9
|tier|[Gen 9] OU
|rated|
|rule|HP Percentage Mod: HP is shown in percentages
|rule|Endless Battle Clause: Forcing endless battles is banned
|rule|Species Clause: Limit one of each Pokémon
|rule|OHKO Clause: OHKO moves are banned
|rule|Evasion Items Clause: Evasion items are banned
|rule|Evasion Moves Clause: Evasion moves are banned
|rule|Evasion Abilities Clause: Evasion abilities are banned
|rule|Sleep Moves Clause: Sleep-inducing moves are banned
|clearpoke
|poke|p1|Gholdengo|
|poke|p1|Zamazenta-*|
|poke|p1|Ting-Lu|
|poke|p1|Clefable, F|
|poke|p1|Dragonite, M|
|poke|p1|Deoxys-Speed|
|poke|p2|Kyurem|
|poke|p2|Enamorus, F|
|poke|p2|Ogerpon-Wellspring, F|
|poke|p2|Glimmora, M|
|poke|p2|Great Tusk|
|poke|p2|Kingambit, F|
|teampreview
|
|t:|1758917988
|teamsize|p1|6
|teamsize|p2|6
|start
|switch|p1a: Ting-Lu|Ting-Lu|100/100
|switch|p2a: Enamorus|Enamorus, F|100/100
|-ability|p1a: Ting-Lu|Vessel of Ruin
|turn|1
|
|t:|1758917999
|switch|p2a: Ogerpon|Ogerpon-Wellspring, F|100/100
|move|p1a: Ting-Lu|Ruination|p2a: Ogerpon
|-damage|p2a: Ogerpon|51/100
|
|upkeep
|turn|2
|
|t:|1758918014
|-terastallize|p1a: Ting-Lu|Water
|move|p2a: Ogerpon|Ivy Cudgel|p1a: Ting-Lu|[anim] Ivy Cudgel Water
|-resisted|p1a: Ting-Lu
|-damage|p1a: Ting-Lu|84/100
|move|p1a: Ting-Lu|Spikes|p2a: Ogerpon
|-sidestart|p2: fuhfyjddhh|Spikes
|
|-heal|p1a: Ting-Lu|90/100|[from] item: Leftovers
|upkeep
|turn|3
|
|t:|1758918020
|switch|p1a: Dragonite|Dragonite, M|100/100
|move|p2a: Ogerpon|Knock Off|p1a: Dragonite
|-damage|p1a: Dragonite|83/100
|-enditem|p1a: Dragonite|Heavy-Duty Boots|[from] move: Knock Off|[of] p2a: Ogerpon
|
|upkeep
|turn|4
|
|t:|1758918028
|move|p1a: Dragonite|Extreme Speed|p2a: Ogerpon
|-damage|p2a: Ogerpon|10/100
|move|p2a: Ogerpon|U-turn|p1a: Dragonite
|-resisted|p1a: Dragonite
|-damage|p1a: Dragonite|69/100
|
|t:|1758918032
|switch|p2a: Enamorus|Enamorus, F|100/100|[from] U-turn
|
|upkeep
|turn|5
|
|t:|1758918034
|move|p1a: Dragonite|Extreme Speed|p2a: Enamorus
|-damage|p2a: Enamorus|52/100
|move|p2a: Enamorus|Moonblast|p1a: Dragonite
|-supereffective|p1a: Dragonite
|-damage|p1a: Dragonite|0 fnt
|faint|p1a: Dragonite
|
|upkeep
|
|t:|1758918052
|switch|p1a: Gholdengo|Gholdengo|100/100
|-item|p1a: Gholdengo|Air Balloon
|turn|6
|
|t:|1758918058
|switch|p2a: Ogerpon|Ogerpon-Wellspring, F|10/100
|-damage|p2a: Ogerpon|0 fnt|[from] Spikes
|faint|p2a: Ogerpon
|move|p1a: Gholdengo|Make It Rain|p2: Ogerpon|[notarget]
|-fail|p1a: Gholdengo
|
|upkeep
|
|t:|1758918065
|switch|p2a: Kingambit|Kingambit, F, shiny|100/100
|-damage|p2a: Kingambit|88/100|[from] Spikes
|-activate|p2a: Kingambit|ability: Supreme Overlord
|-start|p2a: Kingambit|fallen1|[silent]
|turn|7
|
|t:|1758918072
|switch|p1a: Zamazenta|Zamazenta|100/100
|-ability|p1a: Zamazenta|Dauntless Shield|boost
|-boost|p1a: Zamazenta|def|1
|move|p2a: Kingambit|Kowtow Cleave|p1a: Zamazenta
|-resisted|p1a: Zamazenta
|-damage|p1a: Zamazenta|85/100
|
|-heal|p2a: Kingambit|94/100|[from] item: Leftovers
|upkeep
|turn|8
|
|t:|1758918079
|-terastallize|p2a: Kingambit|Ghost
|move|p1a: Zamazenta|Ice Fang|p2a: Kingambit
|-damage|p2a: Kingambit|75/100
|cant|p2a: Kingambit|flinch
|
|-heal|p2a: Kingambit|81/100|[from] item: Leftovers
|upkeep
|turn|9
|
|t:|1758918088
|-end|p2a: Kingambit|fallen1|[silent]
|switch|p2a: Glimmora|Glimmora, M|100/100
|-damage|p2a: Glimmora|88/100|[from] Spikes
|move|p1a: Zamazenta|Crunch|p2a: Glimmora
|-damage|p2a: Glimmora|60/100
|-activate|p2a: Glimmora|ability: Toxic Debris
|-sidestart|p1: master ball rus|move: Toxic Spikes
|-enditem|p2a: Glimmora|Red Card|[of] p1a: Zamazenta
|drag|p1a: Clefable|Clefable, F|100/100
|-status|p1a: Clefable|psn
|
|upkeep
|turn|10
|
|t:|1758918099
|switch|p1a: Gholdengo|Gholdengo|100/100
|-item|p1a: Gholdengo|Air Balloon
|move|p2a: Glimmora|Stealth Rock|p1a: Gholdengo
|-sidestart|p1: master ball rus|move: Stealth Rock
|
|upkeep
|turn|11
|
|t:|1758918106
|move|p2a: Glimmora|Power Gem|p1a: Gholdengo
|-resisted|p1a: Gholdengo
|-damage|p1a: Gholdengo|85/100
|-enditem|p1a: Gholdengo|Air Balloon
|move|p1a: Gholdengo|Make It Rain|p2a: Glimmora
|-supereffective|p2a: Glimmora
|-damage|p2a: Glimmora|0 fnt
|-unboost|p1a: Gholdengo|spa|1
|faint|p2a: Glimmora
|
|upkeep
|
|t:|1758918121
|switch|p2a: Kyurem|Kyurem, shiny|100/100
|-damage|p2a: Kyurem|88/100|[from] Spikes
|-ability|p2a: Kyurem|Pressure
|turn|12
|
|t:|1758918124
|move|p2a: Kyurem|Earth Power|p1a: Gholdengo
|-supereffective|p1a: Gholdengo
|-damage|p1a: Gholdengo|33/100
|move|p1a: Gholdengo|Make It Rain|p2a: Kyurem
|-supereffective|p2a: Kyurem
|-damage|p2a: Kyurem|21/100
|-unboost|p1a: Gholdengo|spa|1
|
|upkeep
|turn|13
|
|t:|1758918127
|move|p2a: Kyurem|Earth Power|p1a: Gholdengo
|-supereffective|p1a: Gholdengo
|-damage|p1a: Gholdengo|0 fnt
|faint|p1a: Gholdengo
|
|upkeep
|
|t:|1758918176
|switch|p1a: Ting-Lu|Ting-Lu, tera:Water|90/100
|-status|p1a: Ting-Lu|psn
|-damage|p1a: Ting-Lu|78/100 psn|[from] Stealth Rock
|-ability|p1a: Ting-Lu|Vessel of Ruin
|turn|14
|
|t:|1758918183
|move|p2a: Kyurem|Freeze-Dry|p1a: Ting-Lu
|-supereffective|p1a: Ting-Lu
|-damage|p1a: Ting-Lu|50/100 psn
|move|p1a: Ting-Lu|Spikes|p2a: Kyurem
|-sidestart|p2: fuhfyjddhh|Spikes
|
|-heal|p1a: Ting-Lu|56/100 psn|[from] item: Leftovers
|-damage|p1a: Ting-Lu|44/100 psn|[from] psn
|upkeep
|turn|15
|
|t:|1758918187
|move|p2a: Kyurem|Freeze-Dry|p1a: Ting-Lu
|-supereffective|p1a: Ting-Lu
|-damage|p1a: Ting-Lu|17/100 psn
|move|p1a: Ting-Lu|Whirlwind|p2a: Kyurem
|drag|p2a: Enamorus|Enamorus, F|52/100
|
|-heal|p1a: Ting-Lu|23/100 psn|[from] item: Leftovers
|-damage|p1a: Ting-Lu|11/100 psn|[from] psn
|upkeep
|turn|16
|
|t:|1758918196
|move|p2a: Enamorus|Moonblast|p1a: Ting-Lu
|-damage|p1a: Ting-Lu|0 fnt
|faint|p1a: Ting-Lu
|
|upkeep
|
|t:|1758918224
|switch|p1a: Deoxys|Deoxys-Speed|100/100
|-ability|p1a: Deoxys|Pressure
|turn|17
|
|t:|1758918228
|move|p2a: Enamorus|Moonblast|p1a: Deoxys
|-damage|p1a: Deoxys|33/100
|move|p1a: Deoxys|Ice Beam|p2a: Enamorus
|-supereffective|p2a: Enamorus
|-crit|p2a: Enamorus
|-damage|p2a: Enamorus|0 fnt
|faint|p2a: Enamorus
|
|upkeep
|
|t:|1758918246
|switch|p2a: Kingambit|Kingambit, F, shiny, tera:Ghost|81/100
|-damage|p2a: Kingambit|64/100|[from] Spikes
|-activate|p2a: Kingambit|ability: Supreme Overlord
|-start|p2a: Kingambit|fallen3|[silent]
|turn|18
|
|t:|1758918251
|move|p2a: Kingambit|Sucker Punch||[still]
|-fail|p2a: Kingambit
|move|p1a: Deoxys|Nasty Plot|p1a: Deoxys
|-boost|p1a: Deoxys|spa|2
|
|-heal|p2a: Kingambit|71/100|[from] item: Leftovers
|upkeep
|turn|19
|
|t:|1758918254
|move|p2a: Kingambit|Sucker Punch|p1a: Deoxys
|-supereffective|p1a: Deoxys
|-damage|p1a: Deoxys|0 fnt
|faint|p1a: Deoxys
|
|-heal|p2a: Kingambit|77/100|[from] item: Leftovers
|upkeep
|
|t:|1758918258
|switch|p1a: Zamazenta|Zamazenta|85/100
|turn|20
|
|t:|1758918279
|-end|p2a: Kingambit|fallen3|[silent]
|switch|p2a: Kyurem|Kyurem, shiny|21/100
|-damage|p2a: Kyurem|5/100|[from] Spikes
|-ability|p2a: Kyurem|Pressure
|move|p1a: Zamazenta|Crunch|p2a: Kyurem
|-damage|p2a: Kyurem|0 fnt
|faint|p2a: Kyurem
|
|upkeep
|
|t:|1758918291
|switch|p2a: Great Tusk|Great Tusk|100/100
|-damage|p2a: Great Tusk|84/100|[from] Spikes
|-enditem|p2a: Great Tusk|Booster Energy
|-activate|p2a: Great Tusk|ability: Protosynthesis|[fromitem]
|-start|p2a: Great Tusk|protosynthesisspe
|turn|21
|
|t:|1758918294
|switch|p1a: Clefable|Clefable, F|100/100 psn
|move|p2a: Great Tusk|Bulk Up|p2a: Great Tusk
|-boost|p2a: Great Tusk|atk|1
|-boost|p2a: Great Tusk|def|1
|
|upkeep
|turn|22
|
|t:|1758918303
|move|p2a: Great Tusk|Rapid Spin|p1a: Clefable
|-damage|p1a: Clefable|83/100 psn
|-boost|p2a: Great Tusk|spe|1
|-damage|p2a: Great Tusk|67/100|[from] item: Rocky Helmet|[of] p1a: Clefable
|-sideend|p2: fuhfyjddhh|Spikes|[from] move: Rapid Spin|[of] p2a: Great Tusk
|move|p1a: Clefable|Moonblast|p2a: Great Tusk
|-supereffective|p2a: Great Tusk
|-damage|p2a: Great Tusk|0 fnt
|faint|p2a: Great Tusk
|-end|p2a: Great Tusk|Protosynthesis|[silent]
|
|upkeep
|
|t:|1758918309
|switch|p2a: Kingambit|Kingambit, F, shiny, tera:Ghost|77/100
|-activate|p2a: Kingambit|ability: Supreme Overlord
|-start|p2a: Kingambit|fallen5|[silent]
|turn|23
|
|t:|1758918311
|move|p2a: Kingambit|Iron Head|p1a: Clefable
|-supereffective|p1a: Clefable
|-damage|p1a: Clefable|0 fnt
|-damage|p2a: Kingambit|60/100|[from] item: Rocky Helmet|[of] p1a: Clefable
|faint|p1a: Clefable
|
|-heal|p2a: Kingambit|66/100|[from] item: Leftovers
|upkeep
|
|t:|1758918314
|switch|p1a: Zamazenta|Zamazenta|85/100
|turn|24
|
|t:|1758918320
|move|p1a: Zamazenta|Crunch|p2a: Kingambit
|-supereffective|p2a: Kingambit
|-crit|p2a: Kingambit
|-damage|p2a: Kingambit|4/100
|-unboost|p2a: Kingambit|def|1
|move|p2a: Kingambit|Iron Head|p1a: Zamazenta
|-damage|p1a: Zamazenta|25/100
|
|-heal|p2a: Kingambit|10/100|[from] item: Leftovers
|upkeep
|turn|25
|
|t:|1758918329
|move|p2a: Kingambit|Sucker Punch|p1a: Zamazenta
|-resisted|p1a: Zamazenta
|-damage|p1a: Zamazenta|0 fnt
|faint|p1a: Zamazenta
|
|win|fuhfyjddhh
|raw|master ball rus's rating: 1593 &rarr; <strong>1568</strong><br />(-25 for losing)
|raw|fuhfyjddhh's rating: 1499 &rarr; <strong>1524</strong><br />(+25 for winning)
|c|☆fuhfyjddhh|gg
|c|☆master ball rus|Gg
