|j|☆Swagataka
|j|‽Hunter_of_Keys
|t:|1758927287
|gametype|singles
|player|p1|Swagataka|byron|1599
|player|p2|Hunter_of_Keys|veteran|1526
|gen|9
|tier|[Gen 9] OU
|rated|
|rule|HP Percentage Mod: HP is shown in percentages
|rule|Endless Battle Clause: Forcing endless battles is banned
|rule|Species Clause: Limit one of each Pokémon
|rule|OHKO Clause: OHKO moves are banned
|rule|Evasion Items Clause: Evasion items are banned
|rule|Evasion Moves Clause: Evasion moves are banned
|rule|Evasion Abilities Clause: Evasion abilities are banned
|rule|Sleep Moves Clause: Sleep-inducing moves are banned
|clearpoke
|poke|p1|Quaquaval, M|
|poke|p1|Pecharunt|
|poke|p1|Great Tusk|
|poke|p1|Iron Crown|
|poke|p1|Lokix, M|
|poke|p1|Kingambit, F|
|poke|p2|Espeon, F|
|poke|p2|Indeedee, M|
|poke|p2|Armarouge, M|
|poke|p2|Gallade, M|
|poke|p2|Cresselia, F|
|poke|p2|Rabsca, M|
|teampreview
|inactive|Battle timer is ON: inactive players will automatically lose when time's up. (requested by Hunter_of_Keys)
|
|t:|1758927301
|teamsize|p1|6
|teamsize|p2|6
|start
|switch|p1a: Irönhead|Kingambit, F|100/100
|switch|p2a: Indeedee|Indeedee, M|100/100
|-fieldstart|move: Psychic Terrain|[from] ability: Psychic Surge|[of] p2a: Indeedee
|-item|p1a: Irönhead|Air Balloon
|turn|1
|
|t:|1758927305
|switch|p2a: Gallade|Gallade, M|100/100
|move|p1a: Irönhead|Stealth Rock|p2a: Gallade
|-sidestart|p2: Hunter_of_Keys|move: Stealth Rock
|
|upkeep
|turn|2
|
|t:|1758927318
|-terastallize|p1a: Irönhead|Ghost
|move|p2a: Gallade|Sacred Sword|p1a: Irönhead
|-immune|p1a: Irönhead
|move|p1a: Irönhead|Iron Head|p2a: Gallade
|-damage|p2a: Gallade|17/100
|
|upkeep
|turn|3
|
|t:|1758927328
|move|p2a: Gallade|Night Slash|p1a: Irönhead
|-supereffective|p1a: Irönhead
|-damage|p1a: Irönhead|36/100
|-enditem|p1a: Irönhead|Air Balloon
|move|p1a: Irönhead|Thief|p2a: Gallade
|-damage|p2a: Gallade|0 fnt
|-enditem|p2a: Gallade|Focus Sash|[silent]|[from] move: Thief|[of] p1a: Irönhead
|-item|p1a: Irönhead|Focus Sash|[from] move: Thief|[of] p2a: Gallade
|faint|p2a: Gallade
|
|upkeep
|
|t:|1758927333
|switch|p2a: Armarouge|Armarouge, M|100/100
|-damage|p2a: Armarouge|76/100|[from] Stealth Rock
|turn|4
|
|t:|1758927338
|move|p2a: Armarouge|Expanding Force|p1a: Irönhead
|-damage|p1a: Irönhead|0 fnt
|faint|p1a: Irönhead
|
|upkeep
|
|t:|1758927340
|switch|p1a: Steely Don|Great Tusk|100/100
|turn|5
|
|t:|1758927343
|move|p2a: Armarouge|Endure|p2a: Armarouge
|-singleturn|p2a: Armarouge|move: Endure
|move|p1a: Steely Don|Headlong Rush|p2a: Armarouge
|-supereffective|p2a: Armarouge
|-activate|p2a: Armarouge|move: Endure
|-damage|p2a: Armarouge|1/100
|-unboost|p1a: Steely Don|def|1
|-unboost|p1a: Steely Don|spd|1
|-ability|p2a: Armarouge|Weak Armor|boost
|-unboost|p2a: Armarouge|def|1
|-boost|p2a: Armarouge|spe|2
|-enditem|p2a: Armarouge|Weakness Policy
|-boost|p2a: Armarouge|atk|2|[from] item: Weakness Policy
|-boost|p2a: Armarouge|spa|2|[from] item: Weakness Policy
|
|upkeep
|turn|6
|
|t:|1758927351
|move|p2a: Armarouge|Armor Cannon|p1a: Steely Don
|-damage|p1a: Steely Don|0 fnt
|-unboost|p2a: Armarouge|def|1
|-unboost|p2a: Armarouge|spd|1
|faint|p1a: Steely Don
|-end|p1a: Steely Don|Protosynthesis|[silent]
|
|upkeep
|
|t:|1758927353
|switch|p1a: Quack Sabbath|Quaquaval, M|100/100
|turn|7
|
|t:|1758927362
|switch|p1a: System Of A Crown|Iron Crown|100/100
|move|p2a: Armarouge|Expanding Force|p1a: System Of A Crown
|-resisted|p1a: System Of A Crown
|-damage|p1a: System Of A Crown|58/100
|
|upkeep
|turn|8
|
|t:|1758927373
|-end|p1a: System Of A Crown|Quark Drive|[silent]
|switch|p1a: Apacherunt|Pecharunt|100/100
|move|p2a: Armarouge|Armor Cannon|p1a: Apacherunt
|-damage|p1a: Apacherunt|0 fnt
|-unboost|p2a: Armarouge|def|1
|-unboost|p2a: Armarouge|spd|1
|faint|p1a: Apacherunt
|
|-fieldend|move: Psychic Terrain
|upkeep
|
|t:|1758927374
|switch|p1a: Knoc Party|Lokix, M|100/100
|turn|9
|
|t:|1758927376
|move|p2a: Armarouge|Endure|p2a: Armarouge
|-singleturn|p2a: Armarouge|move: Endure
|move|p1a: Knoc Party|Sucker Punch||[still]
|-fail|p1a: Knoc Party
|
|upkeep
|turn|10
|
|t:|1758927381
|move|p2a: Armarouge|Endure||[still]
|-fail|p2a: Armarouge
|move|p1a: Knoc Party|Sucker Punch||[still]
|-fail|p1a: Knoc Party
|
|upkeep
|turn|11
|
|t:|1758927384
|move|p2a: Armarouge|Endure|p2a: Armarouge
|-singleturn|p2a: Armarouge|move: Endure
|move|p1a: Knoc Party|Sucker Punch||[still]
|-fail|p1a: Knoc Party
|
|upkeep
|turn|12
|
|t:|1758927387
|move|p2a: Armarouge|Endure||[still]
|-fail|p2a: Armarouge
|move|p1a: Knoc Party|Sucker Punch||[still]
|-fail|p1a: Knoc Party
|
|upkeep
|turn|13
|
|t:|1758927390
|move|p2a: Armarouge|Endure|p2a: Armarouge
|-singleturn|p2a: Armarouge|move: Endure
|move|p1a: Knoc Party|Sucker Punch||[still]
|-fail|p1a: Knoc Party
|
|upkeep
|turn|14
|
|t:|1758927394
|move|p2a: Armarouge|Armor Cannon|p1a: Knoc Party
|-supereffective|p1a: Knoc Party
|-damage|p1a: Knoc Party|0 fnt
|-unboost|p2a: Armarouge|def|1
|-unboost|p2a: Armarouge|spd|1
|faint|p1a: Knoc Party
|
|upkeep
|-message|Swagataka forfeited.
|
|win|Hunter_of_Keys
|raw|Swagataka's rating: 1599 &rarr; <strong>1575</strong><br />(-24 for losing)
|raw|Hunter_of_Keys's rating: 1526 &rarr; <strong>1550</strong><br />(+24 for winning)
|l|☆Swagataka
|player|p1|
|l|‽Hunter_of_Keys
|player|p2|
