|badge|p2|bronze|gen9ou|100-6
|html|<div class="broadcast-red"><strong>This battle is required to be public due to one or more player having a season medal.</strong><br />During the public phase, you can discuss the state of the ladder <a href="/seasondiscussion">in a special chatroom.</a></div>
|uhtml|medal-msg|<div class="broadcast-blue">Curious what those medals under the avatar are? PS now has Ladder Seasons! For more information, check out the <a href="https://www.smogon.com/forums/threads/3740067/">thread on Smogon.</a></div>
|raw|<div class="broadcast-blue"><strong>This battle is required to be public due to a player having a name starting with 'medal'.</div>
|j|☆swalot boi
|j|☆healorant
|t:|1759051682
|gametype|singles
|player|p1|swalot boi|101|1758
|player|p2|healorant|alder|1806
|gen|9
|tier|[Gen 9] OU
|rated|
|rule|HP Percentage Mod: HP is shown in percentages
|rule|Endless Battle Clause: Forcing endless battles is banned
|rule|Species Clause: Limit one of each Pokémon
|rule|OHKO Clause: OHKO moves are banned
|rule|Evasion Items Clause: Evasion items are banned
|rule|Evasion Moves Clause: Evasion moves are banned
|rule|Evasion Abilities Clause: Evasion abilities are banned
|rule|Sleep Moves Clause: Sleep-inducing moves are banned
|clearpoke
|poke|p1|Primarina, M|
|poke|p1|Great Tusk|
|poke|p1|Raging Bolt|
|poke|p1|Meowscarada, M|
|poke|p1|Pecharunt|
|poke|p1|Scizor, M|
|poke|p2|Tornadus-Therian, M|
|poke|p2|Slowking-Galar, M|
|poke|p2|Ogerpon, F|
|poke|p2|Garganacl, F|
|poke|p2|Gliscor, F|
|poke|p2|Dragapult, M|
|teampreview
|inactive|Battle timer is ON: inactive players will automatically lose when time's up. (requested by swalot boi)
|j| catarina valentine
|
|t:|1759051702
|teamsize|p1|6
|teamsize|p2|6
|start
|switch|p1a: Raging Bolt|Raging Bolt|100/100
|switch|p2a: Garganacl|Garganacl, F|100/100
|turn|1
|
|t:|1759051707
|move|p1a: Raging Bolt|Draco Meteor|p2a: Garganacl
|-damage|p2a: Garganacl|15/100
|-unboost|p1a: Raging Bolt|spa|2
|move|p2a: Garganacl|Salt Cure|p1a: Raging Bolt
|-damage|p1a: Raging Bolt|88/100
|-start|p1a: Raging Bolt|Salt Cure
|
|-heal|p2a: Garganacl|21/100|[from] item: Leftovers
|-damage|p1a: Raging Bolt|76/100|[from] Salt Cure
|upkeep
|turn|2
|
|t:|1759051712
|-end|p1a: Raging Bolt|Protosynthesis|[silent]
|switch|p1a: Scizor|Scizor, M|100/100
|move|p2a: Garganacl|Protect||[still]
|-fail|p2a: Garganacl
|
|-heal|p2a: Garganacl|27/100|[from] item: Leftovers
|upkeep
|turn|3
|
|t:|1759051717
|move|p2a: Garganacl|Protect|p2a: Garganacl
|-singleturn|p2a: Garganacl|Protect
|move|p1a: Scizor|Knock Off|p2a: Garganacl
|-activate|p2a: Garganacl|move: Protect
|
|-heal|p2a: Garganacl|33/100|[from] item: Leftovers
|upkeep
|turn|4
|
|t:|1759051721
|move|p1a: Scizor|Knock Off|p2a: Garganacl
|-damage|p2a: Garganacl|0 fnt
|-enditem|p2a: Garganacl|Leftovers|[from] move: Knock Off|[of] p1a: Scizor
|faint|p2a: Garganacl
|
|upkeep
|
|t:|1759051725
|switch|p2a: Tornadus|Tornadus-Therian, M|100/100
|turn|5
|
|t:|1759051729
|switch|p1a: Primarina|Primarina, M|100/100
|move|p2a: Tornadus|U-turn|p1a: Primarina
|-resisted|p1a: Primarina
|-damage|p1a: Primarina|93/100
|
|t:|1759051731
|switch|p2a: Ogerpon|Ogerpon, F|100/100|[from] U-turn
|
|upkeep
|turn|6
|
|t:|1759051740
|switch|p1a: Pecharunt|Pecharunt|100/100
|-item|p1a: Pecharunt|Air Balloon
|move|p2a: Ogerpon|U-turn|p1a: Pecharunt
|-resisted|p1a: Pecharunt
|-damage|p1a: Pecharunt|98/100
|-enditem|p1a: Pecharunt|Air Balloon
|
|t:|1759051742
|switch|p2a: Gliscor|Gliscor, F|100/100|[from] U-turn
|
|-status|p2a: Gliscor|tox|[from] item: Toxic Orb
|upkeep
|turn|7
|
|t:|1759051746
|move|p2a: Gliscor|Earthquake|p1a: Pecharunt
|-supereffective|p1a: Pecharunt
|-damage|p1a: Pecharunt|65/100
|move|p1a: Pecharunt|Parting Shot|p2a: Gliscor
|-unboost|p2a: Gliscor|atk|1
|-unboost|p2a: Gliscor|spa|1
|
|t:|1759051751
|switch|p1a: Great Tusk|Great Tusk|100/100|[from] Parting Shot
|
|upkeep
|turn|8
|
|t:|1759051755
|switch|p2a: Tornadus|Tornadus-Therian, M|100/100
|move|p1a: Great Tusk|Ice Spinner|p2a: Tornadus
|-supereffective|p2a: Tornadus
|-damage|p2a: Tornadus|36/100
|
|upkeep
|turn|9
|
|t:|1759051765
|-end|p1a: Great Tusk|Protosynthesis|[silent]
|switch|p1a: Primarina|Primarina, M|93/100
|move|p2a: Tornadus|U-turn|p1a: Primarina
|-resisted|p1a: Primarina
|-damage|p1a: Primarina|83/100
|
|t:|1759051770
|switch|p2a: Slowking|Slowking-Galar, M|100/100|[from] U-turn
|
|upkeep
|turn|10
|
|t:|1759051774
|move|p1a: Primarina|Flip Turn|p2a: Slowking
|-damage|p2a: Slowking|86/100
|
|t:|1759051776
|switch|p1a: Scizor|Scizor, M|100/100|[from] Flip Turn
|move|p2a: Slowking|Future Sight|p1a: Scizor
|-start|p2a: Slowking|move: Future Sight
|
|upkeep
|turn|11
|
|t:|1759051789
|switch|p2a: Gliscor|Gliscor, F|100/100 tox
|move|p1a: Scizor|U-turn|p2a: Gliscor
|-resisted|p2a: Gliscor
|-damage|p2a: Gliscor|83/100 tox
|
|t:|1759051804
|switch|p1a: Primarina|Primarina, M|83/100|[from] U-turn
|
|-heal|p2a: Gliscor|96/100 tox|[from] ability: Poison Heal
|upkeep
|turn|12
|l| catarina valentine
|
|t:|1759051810
|switch|p1a: Meowscarada|Meowscarada, M|100/100
|move|p2a: Gliscor|Protect||[still]
|-fail|p2a: Gliscor
|
|-end|p1a: Meowscarada|move: Future Sight
|-immune|p1a: Meowscarada
|-heal|p2a: Gliscor|100/100 tox|[from] ability: Poison Heal
|upkeep
|turn|13
|
|t:|1759051817
|move|p2a: Gliscor|Protect|p2a: Gliscor
|-singleturn|p2a: Gliscor|Protect
|move|p1a: Meowscarada|Triple Axel|p2a: Gliscor
|-start|p1a: Meowscarada|typechange|Ice|[from] ability: Protean
|-activate|p2a: Gliscor|move: Protect
|
|upkeep
|turn|14
|
|t:|1759051823
|-terastallize|p2a: Gliscor|Water
|move|p1a: Meowscarada|Triple Axel|p2a: Gliscor
|-resisted|p2a: Gliscor
|-crit|p2a: Gliscor
|-damage|p2a: Gliscor|97/100 tox
|-resisted|p2a: Gliscor
|-damage|p2a: Gliscor|91/100 tox
|-resisted|p2a: Gliscor
|-damage|p2a: Gliscor|83/100 tox
|-hitcount|p2a: Gliscor|3
|move|p2a: Gliscor|Swords Dance|p2a: Gliscor
|-boost|p2a: Gliscor|atk|2
|
|-heal|p2a: Gliscor|95/100 tox|[from] ability: Poison Heal
|upkeep
|turn|15
|
|t:|1759051832
|switch|p1a: Great Tusk|Great Tusk|100/100
|move|p2a: Gliscor|Earthquake|p1a: Great Tusk
|-damage|p1a: Great Tusk|49/100
|
|-heal|p2a: Gliscor|100/100 tox|[from] ability: Poison Heal
|upkeep
|turn|16
|
|t:|1759051837
|move|p1a: Great Tusk|Headlong Rush|p2a: Gliscor
|-damage|p2a: Gliscor|64/100 tox
|-unboost|p1a: Great Tusk|def|1
|-unboost|p1a: Great Tusk|spd|1
|move|p2a: Gliscor|Earthquake|p1a: Great Tusk
|-damage|p1a: Great Tusk|0 fnt
|faint|p1a: Great Tusk
|-end|p1a: Great Tusk|Protosynthesis|[silent]
|
|-heal|p2a: Gliscor|76/100 tox|[from] ability: Poison Heal
|upkeep
|l|☆swalot boi
|inactive|swalot boi disconnected and has a minute to reconnect!
|player|p1|
|j|☆swalot boi
|inactive|swalot boi reconnected and has 120 seconds left.
|player|p1|swalot boi|101|
|
|t:|1759051876
|switch|p1a: Meowscarada|Meowscarada, M|100/100
|turn|17
|
|t:|1759051882
|move|p2a: Gliscor|Protect|p2a: Gliscor
|-singleturn|p2a: Gliscor|Protect
|move|p1a: Meowscarada|Trick|p2a: Gliscor
|-start|p1a: Meowscarada|typechange|Psychic|[from] ability: Protean
|-activate|p2a: Gliscor|move: Protect
|
|-heal|p2a: Gliscor|89/100 tox|[from] ability: Poison Heal
|upkeep
|turn|18
|
|t:|1759051889
|switch|p2a: Ogerpon|Ogerpon, F|100/100
|move|p1a: Meowscarada|Trick|p2a: Ogerpon
|-activate|p1a: Meowscarada|move: Trick|[of] p2a: Ogerpon
|-item|p2a: Ogerpon|Choice Scarf|[from] move: Trick
|-item|p1a: Meowscarada|Heavy-Duty Boots|[from] move: Trick
|
|upkeep
|turn|19
|
|t:|1759051900
|switch|p1a: Scizor|Scizor, M|100/100
|move|p2a: Ogerpon|U-turn|p1a: Scizor
|-resisted|p1a: Scizor
|-damage|p1a: Scizor|88/100
|
|t:|1759051907
|switch|p2a: Tornadus|Tornadus-Therian, M|70/100|[from] U-turn
|
|upkeep
|turn|20
|
|t:|1759051919
|move|p1a: Scizor|Bullet Punch|p2a: Tornadus
|-damage|p2a: Tornadus|13/100
|move|p2a: Tornadus|Knock Off|p1a: Scizor
|-damage|p1a: Scizor|64/100
|-enditem|p1a: Scizor|Choice Band|[from] move: Knock Off|[of] p2a: Tornadus
|
|upkeep
|turn|21
|
|t:|1759051926
|switch|p2a: Gliscor|Gliscor, F, tera:Water|89/100 tox
|move|p1a: Scizor|Bullet Punch|p2a: Gliscor
|-resisted|p2a: Gliscor
|-damage|p2a: Gliscor|79/100 tox
|
|-heal|p2a: Gliscor|92/100 tox|[from] ability: Poison Heal
|upkeep
|turn|22
|
|t:|1759051931
|move|p2a: Gliscor|Earthquake|p1a: Scizor
|-damage|p1a: Scizor|22/100
|move|p1a: Scizor|U-turn|p2a: Gliscor
|-damage|p2a: Gliscor|66/100 tox
|
|t:|1759051955
|switch|p1a: Raging Bolt|Raging Bolt|76/100|[from] U-turn
|
|-heal|p2a: Gliscor|79/100 tox|[from] ability: Poison Heal
|upkeep
|turn|23
|
|t:|1759051965
|move|p2a: Gliscor|Protect|p2a: Gliscor
|-singleturn|p2a: Gliscor|Protect
|move|p1a: Raging Bolt|Thunderbolt|p2a: Gliscor
|-activate|p2a: Gliscor|move: Protect
|
|-heal|p2a: Gliscor|91/100 tox|[from] ability: Poison Heal
|upkeep
|turn|24
|
|t:|1759051970
|switch|p2a: Slowking|Slowking-Galar, M|100/100
|-terastallize|p1a: Raging Bolt|Fairy
|move|p1a: Raging Bolt|Thunderbolt|p2a: Slowking
|-damage|p2a: Slowking|55/100
|
|upkeep
|turn|25
|
|t:|1759051980
|-end|p1a: Raging Bolt|Protosynthesis|[silent]
|switch|p1a: Meowscarada|Meowscarada, M|100/100
|-prepare|p2a: Slowking|Chilly Reception|[premajor]
|move|p2a: Slowking|Chilly Reception|p2a: Slowking
|-weather|Snowscape
|
|t:|1759051986
|switch|p2a: Dragapult|Dragapult, M|100/100|[from] Chilly Reception
|
|-weather|Snowscape|[upkeep]
|upkeep
|turn|26
|
|t:|1759051995
|move|p2a: Dragapult|U-turn|p1a: Meowscarada
|-supereffective|p1a: Meowscarada
|-damage|p1a: Meowscarada|0 fnt
|faint|p1a: Meowscarada
|
|t:|1759052000
|switch|p2a: Tornadus|Tornadus-Therian, M|46/100|[from] U-turn
|
|-weather|Snowscape|[upkeep]
|upkeep
|
|t:|1759052006
|switch|p1a: Primarina|Primarina, M|83/100
|turn|27
|
|t:|1759052014
|move|p2a: Tornadus|U-turn|p1a: Primarina
|-resisted|p1a: Primarina
|-damage|p1a: Primarina|74/100
|
|t:|1759052016
|switch|p2a: Slowking|Slowking-Galar, M|88/100|[from] U-turn
|move|p1a: Primarina|Moonblast|p2a: Slowking
|-resisted|p2a: Slowking
|-damage|p2a: Slowking|74/100
|
|-weather|Snowscape|[upkeep]
|upkeep
|turn|28
|
|t:|1759052021
|move|p1a: Primarina|Flip Turn|p2a: Slowking
|-damage|p2a: Slowking|60/100
|
|t:|1759052023
|switch|p1a: Scizor|Scizor, M|22/100|[from] Flip Turn
|move|p2a: Slowking|Future Sight|p1a: Scizor
|-start|p2a: Slowking|move: Future Sight
|
|-weather|Snowscape|[upkeep]
|upkeep
|turn|29
|
|t:|1759052028
|switch|p2a: Gliscor|Gliscor, F, tera:Water|91/100 tox
|move|p1a: Scizor|U-turn|p2a: Gliscor
|-damage|p2a: Gliscor|66/100 tox
|
|t:|1759052030
|switch|p1a: Raging Bolt|Raging Bolt, tera:Fairy|76/100|[from] U-turn
|
|-weather|none
|-heal|p2a: Gliscor|79/100 tox|[from] ability: Poison Heal
|upkeep
|turn|30
|
|t:|1759052038
|-end|p1a: Raging Bolt|Protosynthesis|[silent]
|switch|p1a: Primarina|Primarina, M|74/100
|move|p2a: Gliscor|Protect||[still]
|-fail|p2a: Gliscor
|
|-end|p1a: Primarina|move: Future Sight
|-damage|p1a: Primarina|50/100
|-heal|p2a: Gliscor|91/100 tox|[from] ability: Poison Heal
|upkeep
|turn|31
|
|t:|1759052045
|move|p2a: Gliscor|Earthquake|p1a: Primarina
|-damage|p1a: Primarina|8/100
|move|p1a: Primarina|Moonblast|p2a: Gliscor
|-damage|p2a: Gliscor|26/100 tox
|
|-heal|p2a: Gliscor|38/100 tox|[from] ability: Poison Heal
|upkeep
|turn|32
|
|t:|1759052051
|move|p2a: Gliscor|Protect|p2a: Gliscor
|-singleturn|p2a: Gliscor|Protect
|move|p1a: Primarina|Moonblast|p2a: Gliscor
|-activate|p2a: Gliscor|move: Protect
|
|-heal|p2a: Gliscor|51/100 tox|[from] ability: Poison Heal
|upkeep
|turn|33
|-message|swalot boi forfeited.
|
|win|healorant
|raw|swalot boi's rating: 1758 &rarr; <strong>1741</strong><br />(-17 for losing)
|raw|healorant's rating: 1806 &rarr; <strong>1823</strong><br />(+17 for winning)
|l|☆swalot boi
|player|p1|
|l|☆healorant
|player|p2|
