|j|☆Wowbigsmall
|j|☆Blaziken666
|t:|1758967170
|gametype|singles
|player|p1|Wowbigsmall|1|1508
|player|p2|Blaziken666|265|1550
|gen|9
|tier|[Gen 9] OU
|rated|
|rule|HP Percentage Mod: HP is shown in percentages
|rule|Endless Battle Clause: Forcing endless battles is banned
|rule|Species Clause: Limit one of each Pokémon
|rule|OHKO Clause: OHKO moves are banned
|rule|Evasion Items Clause: Evasion items are banned
|rule|Evasion Moves Clause: Evasion moves are banned
|rule|Evasion Abilities Clause: Evasion abilities are banned
|rule|Sleep Moves Clause: Sleep-inducing moves are banned
|clearpoke
|poke|p1|Hoopa-Unbound|
|poke|p1|Enamorus, F|
|poke|p1|Garchomp, F|
|poke|p1|Pecharunt|
|poke|p1|Hatterene, F|
|poke|p1|Kingambit, F|
|poke|p2|Blaziken, F|
|poke|p2|Deoxys-Speed|
|poke|p2|Dragonite, F|
|poke|p2|Gyarados, F|
|poke|p2|Excadrill, F|
|poke|p2|Grimmsnarl, M|
|teampreview
|
|t:|1758967189
|teamsize|p1|6
|teamsize|p2|6
|start
|switch|p1a: Garchomp|Garchomp, F|100/100
|switch|p2a: Deoxys|Deoxys-Speed, shiny|100/100
|-ability|p2a: Deoxys|Pressure
|turn|1
|
|t:|1758967202
|move|p2a: Deoxys|Stealth Rock|p1a: Garchomp
|-sidestart|p1: Wowbigsmall|move: Stealth Rock
|move|p1a: Garchomp|Dragon Tail|p2a: Deoxys
|-damage|p2a: Deoxys|73/100
|drag|p2a: Blaziken|Blaziken, F|100/100
|
|upkeep
|turn|2
|inactive|Battle timer is ON: inactive players will automatically lose when time's up. (requested by Blaziken666)
|
|t:|1758967213
|-terastallize|p2a: Blaziken|Ice
|move|p2a: Blaziken|Tera Blast|p1a: Garchomp|[anim] Tera Blast Ice
|-supereffective|p1a: Garchomp
|-damage|p1a: Garchomp|0 fnt
|faint|p1a: Garchomp
|
|-ability|p2a: Blaziken|Speed Boost|boost
|-boost|p2a: Blaziken|spe|1
|upkeep
|
|t:|1758967226
|switch|p1a: Pecharunt|Pecharunt|100/100
|-damage|p1a: Pecharunt|88/100|[from] Stealth Rock
|turn|3
|
|t:|1758967236
|switch|p2a: Excadrill|Excadrill, F|100/100
|-ability|p2a: Excadrill|Mold Breaker
|-item|p2a: Excadrill|Air Balloon
|move|p1a: Pecharunt|Parting Shot|p2a: Excadrill
|-unboost|p2a: Excadrill|atk|1
|-unboost|p2a: Excadrill|spa|1
|
|t:|1758967252
|switch|p1a: Hoopa|Hoopa-Unbound|100/100|[from] Parting Shot
|-damage|p1a: Hoopa|88/100|[from] Stealth Rock
|
|upkeep
|turn|4
|
|t:|1758967269
|switch|p2a: Grimmsnarl|Grimmsnarl, M|100/100
|move|p1a: Hoopa|Hyperspace Fury|p2a: Grimmsnarl
|-resisted|p2a: Grimmsnarl
|-damage|p2a: Grimmsnarl|71/100
|-unboost|p1a: Hoopa|def|1
|
|upkeep
|turn|5
|
|t:|1758967294
|switch|p1a: Hatterene|Hatterene, F|100/100
|-damage|p1a: Hatterene|88/100|[from] Stealth Rock
|move|p2a: Grimmsnarl|Reflect|p2a: Grimmsnarl
|-sidestart|p2: Blaziken666|Reflect
|
|upkeep
|turn|6
|
|t:|1758967300
|move|p2a: Grimmsnarl|Light Screen|p2a: Grimmsnarl
|-sidestart|p2: Blaziken666|move: Light Screen
|move|p1a: Hatterene|Nuzzle|p2a: Grimmsnarl
|-damage|p2a: Grimmsnarl|68/100
|-status|p2a: Grimmsnarl|par
|
|upkeep
|turn|7
|
|t:|1758967304
|switch|p2a: Excadrill|Excadrill, F|100/100
|-ability|p2a: Excadrill|Mold Breaker
|-item|p2a: Excadrill|Air Balloon
|move|p1a: Hatterene|Nuzzle|p2a: Excadrill
|-immune|p2a: Excadrill
|
|upkeep
|turn|8
|
|t:|1758967317
|switch|p1a: Pecharunt|Pecharunt|88/100
|-damage|p1a: Pecharunt|76/100|[from] Stealth Rock
|move|p2a: Excadrill|Swords Dance|p2a: Excadrill
|-boost|p2a: Excadrill|atk|2
|
|upkeep
|turn|9
|
|t:|1758967322
|move|p2a: Excadrill|Earthquake|p1a: Pecharunt
|-supereffective|p1a: Pecharunt
|-enditem|p1a: Pecharunt|Shuca Berry|[eat]
|-enditem|p1a: Pecharunt|Shuca Berry|[weaken]
|-damage|p1a: Pecharunt|9/100
|move|p1a: Pecharunt|Parting Shot|p2a: Excadrill
|-unboost|p2a: Excadrill|atk|1
|-unboost|p2a: Excadrill|spa|1
|
|t:|1758967329
|switch|p1a: Hoopa|Hoopa-Unbound|88/100|[from] Parting Shot
|-damage|p1a: Hoopa|76/100|[from] Stealth Rock
|
|upkeep
|turn|10
|
|t:|1758967332
|move|p2a: Excadrill|Iron Head|p1a: Hoopa
|-damage|p1a: Hoopa|0 fnt
|faint|p1a: Hoopa
|
|upkeep
|-message|Wowbigsmall forfeited.
|
|win|Blaziken666
|raw|Wowbigsmall's rating: 1508 &rarr; <strong>1490</strong><br />(-18 for losing)
|raw|Blaziken666's rating: 1550 &rarr; <strong>1568</strong><br />(+18 for winning)
|l|☆Wowbigsmall
|player|p1|
|l|☆Blaziken666
|player|p2|
