|j|☆SamiFawad
|j|☆BBT94
|t:|1758956503
|gametype|singles
|player|p1|SamiFawad|169|1420
|player|p2|BBT94|265|1427
|gen|9
|tier|[Gen 9] OU
|rated|
|rule|HP Percentage Mod: HP is shown in percentages
|rule|Endless Battle Clause: Forcing endless battles is banned
|rule|Species Clause: Limit one of each Pokémon
|rule|OHKO Clause: OHKO moves are banned
|rule|Evasion Items Clause: Evasion items are banned
|rule|Evasion Moves Clause: Evasion moves are banned
|rule|Evasion Abilities Clause: Evasion abilities are banned
|rule|Sleep Moves Clause: Sleep-inducing moves are banned
|clearpoke
|poke|p1|Ambipom, M|
|poke|p1|Samurott-Hisui, M|
|poke|p1|Landorus-Therian, M|
|poke|p1|Iron Moth|
|poke|p1|Iron Valiant|
|poke|p1|Zamazenta-*|
|poke|p2|Great Tusk|
|poke|p2|Dragapult, M|
|poke|p2|Alomomola, M|
|poke|p2|Slowking-Galar, M|
|poke|p2|Kingambit, M|
|poke|p2|Enamorus, F|
|teampreview
|inactive|Battle timer is ON: inactive players will automatically lose when time's up. (requested by BBT94)
|
|t:|1758956516
|teamsize|p1|6
|teamsize|p2|6
|start
|switch|p1a: Samurott|Samurott-Hisui, M|100/100
|switch|p2a: Great Tusk|Great Tusk|100/100
|-enditem|p2a: Great Tusk|Booster Energy
|-activate|p2a: Great Tusk|ability: Protosynthesis|[fromitem]
|-start|p2a: Great Tusk|protosynthesisspe
|turn|1
|
|t:|1758956520
|move|p2a: Great Tusk|Stealth Rock|p1a: Samurott
|-sidestart|p1: SamiFawad|move: Stealth Rock
|move|p1a: Samurott|Aqua Cutter|p2a: Great Tusk
|-supereffective|p2a: Great Tusk
|-damage|p2a: Great Tusk|45/100
|
|upkeep
|turn|2
|
|t:|1758956524
|move|p2a: Great Tusk|Headlong Rush|p1a: Samurott
|-damage|p1a: Samurott|33/100
|-unboost|p2a: Great Tusk|def|1
|-unboost|p2a: Great Tusk|spd|1
|move|p1a: Samurott|Aqua Cutter|p2a: Great Tusk
|-supereffective|p2a: Great Tusk
|-damage|p2a: Great Tusk|0 fnt
|faint|p2a: Great Tusk
|-end|p2a: Great Tusk|Protosynthesis|[silent]
|
|upkeep
|
|t:|1758956528
|switch|p2a: Enamorus|Enamorus, F|100/100
|turn|3
|
|t:|1758956533
|move|p1a: Samurott|Aqua Jet|p2a: Enamorus
|-damage|p2a: Enamorus|72/100
|move|p2a: Enamorus|Moonblast|p1a: Samurott
|-supereffective|p1a: Samurott
|-damage|p1a: Samurott|0 fnt
|faint|p1a: Samurott
|
|upkeep
|
|t:|1758956539
|switch|p1a: Landorus|Landorus-Therian, M|100/100
|-damage|p1a: Landorus|88/100|[from] Stealth Rock
|-ability|p1a: Landorus|Intimidate|boost
|-boost|p2a: Enamorus|atk|1
|turn|4
|
|t:|1758956547
|move|p2a: Enamorus|Moonblast|p1a: Landorus
|-damage|p1a: Landorus|29/100
|move|p1a: Landorus|Stone Edge|p2a: Enamorus
|-supereffective|p2a: Enamorus
|-damage|p2a: Enamorus|0 fnt
|faint|p2a: Enamorus
|
|upkeep
|
|t:|1758956550
|switch|p2a: Dragapult|Dragapult, M|100/100
|turn|5
|
|t:|1758956553
|-terastallize|p2a: Dragapult|Ghost
|move|p2a: Dragapult|Tera Blast|p1a: Landorus|[anim] Tera Blast Ghost
|-damage|p1a: Landorus|0 fnt
|faint|p1a: Landorus
|
|upkeep
|
|t:|1758956558
|switch|p1a: Ambipom|Ambipom, M|100/100
|turn|6
|
|t:|1758956561
|switch|p2a: Alomomola|Alomomola, M|100/100
|move|p1a: Ambipom|U-turn|p2a: Alomomola
|-damage|p2a: Alomomola|89/100
|
|t:|1758956571
|switch|p1a: Iron Valiant|Iron Valiant|100/100|[from] U-turn
|-damage|p1a: Iron Valiant|94/100|[from] Stealth Rock
|-enditem|p1a: Iron Valiant|Booster Energy
|-activate|p1a: Iron Valiant|ability: Quark Drive|[fromitem]
|-start|p1a: Iron Valiant|quarkdrivespe
|
|upkeep
|turn|7
|
|t:|1758956573
|switch|p2a: Slowking|Slowking-Galar, M|100/100
|move|p1a: Iron Valiant|Swords Dance|p1a: Iron Valiant
|-boost|p1a: Iron Valiant|atk|2
|
|upkeep
|turn|8
|
|t:|1758956576
|move|p1a: Iron Valiant|Knock Off|p2a: Slowking
|-supereffective|p2a: Slowking
|-damage|p2a: Slowking|0 fnt
|-enditem|p2a: Slowking|Heavy-Duty Boots|[from] move: Knock Off|[of] p1a: Iron Valiant
|faint|p2a: Slowking
|
|upkeep
|
|t:|1758956578
|switch|p2a: Alomomola|Alomomola, M|100/100
|turn|9
|
|t:|1758956585
|move|p1a: Iron Valiant|Knock Off|p2a: Alomomola
|-damage|p2a: Alomomola|67/100
|-enditem|p2a: Alomomola|Heavy-Duty Boots|[from] move: Knock Off|[of] p1a: Iron Valiant
|move|p2a: Alomomola|Scald|p1a: Iron Valiant
|-damage|p1a: Iron Valiant|71/100
|-status|p1a: Iron Valiant|brn
|
|-damage|p1a: Iron Valiant|65/100 brn|[from] brn
|upkeep
|turn|10
|
|t:|1758956589
|move|p1a: Iron Valiant|Swords Dance|p1a: Iron Valiant
|-boost|p1a: Iron Valiant|atk|2
|move|p2a: Alomomola|Flip Turn|p1a: Iron Valiant
|-damage|p1a: Iron Valiant|44/100 brn
|
|t:|1758956591
|switch|p2a: Kingambit|Kingambit, M|100/100|[from] Flip Turn
|-activate|p2a: Kingambit|ability: Supreme Overlord
|-start|p2a: Kingambit|fallen3|[silent]
|
|-damage|p1a: Iron Valiant|38/100 brn|[from] brn
|upkeep
|turn|11
|
|t:|1758956594
|-end|p2a: Kingambit|fallen3|[silent]
|switch|p2a: Alomomola|Alomomola, M|99/100
|move|p1a: Iron Valiant|Close Combat|p2a: Alomomola
|-damage|p2a: Alomomola|48/100
|-unboost|p1a: Iron Valiant|def|1
|-unboost|p1a: Iron Valiant|spd|1
|
|-damage|p1a: Iron Valiant|32/100 brn|[from] brn
|upkeep
|turn|12
|
|t:|1758956598
|move|p2a: Alomomola|Protect|p2a: Alomomola
|-singleturn|p2a: Alomomola|Protect
|move|p1a: Iron Valiant|Spirit Break|p2a: Alomomola
|-activate|p2a: Alomomola|move: Protect
|
|-damage|p1a: Iron Valiant|25/100 brn|[from] brn
|upkeep
|turn|13
|
|t:|1758956602
|move|p1a: Iron Valiant|Spirit Break|p2a: Alomomola
|-damage|p2a: Alomomola|16/100
|-unboost|p2a: Alomomola|spa|1
|move|p2a: Alomomola|Wish|p2a: Alomomola
|
|-damage|p1a: Iron Valiant|19/100 brn|[from] brn
|upkeep
|turn|14
|
|t:|1758956606
|move|p2a: Alomomola|Protect|p2a: Alomomola
|-singleturn|p2a: Alomomola|Protect
|move|p1a: Iron Valiant|Swords Dance|p1a: Iron Valiant
|-boost|p1a: Iron Valiant|atk|2
|
|-heal|p2a: Alomomola|66/100|[from] move: Wish|[wisher] Alomomola
|-damage|p1a: Iron Valiant|13/100 brn|[from] brn
|upkeep
|turn|15
|
|t:|1758956612
|move|p1a: Iron Valiant|Spirit Break|p2a: Alomomola
|-damage|p2a: Alomomola|25/100
|-unboost|p2a: Alomomola|spa|1
|move|p2a: Alomomola|Wish|p2a: Alomomola
|
|-damage|p1a: Iron Valiant|7/100 brn|[from] brn
|upkeep
|turn|16
|
|t:|1758956617
|move|p2a: Alomomola|Protect|p2a: Alomomola
|-singleturn|p2a: Alomomola|Protect
|move|p1a: Iron Valiant|Swords Dance|p1a: Iron Valiant
|-boost|p1a: Iron Valiant|atk|0
|
|-heal|p2a: Alomomola|75/100|[from] move: Wish|[wisher] Alomomola
|-damage|p1a: Iron Valiant|0 fnt|[from] brn
|faint|p1a: Iron Valiant
|-end|p1a: Iron Valiant|Quark Drive|[silent]
|upkeep
|
|t:|1758956622
|switch|p1a: Zamazenta|Zamazenta|100/100
|-damage|p1a: Zamazenta|94/100|[from] Stealth Rock
|-ability|p1a: Zamazenta|Dauntless Shield|boost
|-boost|p1a: Zamazenta|def|1
|turn|17
|
|t:|1758956625
|move|p1a: Zamazenta|Iron Defense|p1a: Zamazenta
|-boost|p1a: Zamazenta|def|2
|move|p2a: Alomomola|Scald|p1a: Zamazenta
|-damage|p1a: Zamazenta|89/100
|
|-heal|p1a: Zamazenta|95/100|[from] item: Leftovers
|upkeep
|turn|18
|
|t:|1758956627
|move|p1a: Zamazenta|Iron Defense|p1a: Zamazenta
|-boost|p1a: Zamazenta|def|2
|move|p2a: Alomomola|Scald|p1a: Zamazenta
|-damage|p1a: Zamazenta|89/100
|
|-heal|p1a: Zamazenta|95/100|[from] item: Leftovers
|upkeep
|turn|19
|
|t:|1758956633
|move|p1a: Zamazenta|Crunch|p2a: Alomomola
|-damage|p2a: Alomomola|63/100
|-unboost|p2a: Alomomola|def|1
|move|p2a: Alomomola|Scald|p1a: Zamazenta
|-damage|p1a: Zamazenta|90/100
|-status|p1a: Zamazenta|brn
|
|-heal|p1a: Zamazenta|96/100 brn|[from] item: Leftovers
|-damage|p1a: Zamazenta|90/100 brn|[from] brn
|upkeep
|turn|20
|
|t:|1758956636
|move|p1a: Zamazenta|Iron Defense|p1a: Zamazenta
|-boost|p1a: Zamazenta|def|1
|move|p2a: Alomomola|Wish|p2a: Alomomola
|
|-heal|p1a: Zamazenta|96/100 brn|[from] item: Leftovers
|-damage|p1a: Zamazenta|90/100 brn|[from] brn
|upkeep
|turn|21
|
|t:|1758956640
|switch|p2a: Dragapult|Dragapult, M, tera:Ghost|100/100
|move|p1a: Zamazenta|Body Press|p2a: Dragapult
|-immune|p2a: Dragapult
|
|-heal|p1a: Zamazenta|96/100 brn|[from] item: Leftovers
|-damage|p1a: Zamazenta|90/100 brn|[from] brn
|upkeep
|turn|22
|
|t:|1758956644
|move|p2a: Dragapult|U-turn|p1a: Zamazenta
|-resisted|p1a: Zamazenta
|-damage|p1a: Zamazenta|87/100 brn
|
|t:|1758956646
|switch|p2a: Alomomola|Alomomola, M|97/100|[from] U-turn
|move|p1a: Zamazenta|Crunch|p2a: Alomomola
|-damage|p2a: Alomomola|92/100
|
|-heal|p1a: Zamazenta|93/100 brn|[from] item: Leftovers
|-damage|p1a: Zamazenta|87/100 brn|[from] brn
|upkeep
|turn|23
|
|t:|1758956649
|move|p1a: Zamazenta|Body Press|p2a: Alomomola
|-damage|p2a: Alomomola|59/100
|move|p2a: Alomomola|Flip Turn|p1a: Zamazenta
|-damage|p1a: Zamazenta|83/100 brn
|
|t:|1758956651
|switch|p2a: Dragapult|Dragapult, M, tera:Ghost|100/100|[from] Flip Turn
|
|-heal|p1a: Zamazenta|89/100 brn|[from] item: Leftovers
|-damage|p1a: Zamazenta|83/100 brn|[from] brn
|upkeep
|turn|24
|
|t:|1758956655
|move|p2a: Dragapult|U-turn|p1a: Zamazenta
|-resisted|p1a: Zamazenta
|-damage|p1a: Zamazenta|80/100 brn
|
|t:|1758956656
|switch|p2a: Kingambit|Kingambit, M|100/100|[from] U-turn
|-activate|p2a: Kingambit|ability: Supreme Overlord
|-start|p2a: Kingambit|fallen3|[silent]
|move|p1a: Zamazenta|Crunch|p2a: Kingambit
|-resisted|p2a: Kingambit
|-damage|p2a: Kingambit|96/100
|-unboost|p2a: Kingambit|def|1
|
|-heal|p1a: Zamazenta|86/100 brn|[from] item: Leftovers
|-heal|p2a: Kingambit|100/100|[from] item: Leftovers
|-damage|p1a: Zamazenta|80/100 brn|[from] brn
|upkeep
|turn|25
|
|t:|1758956659
|-end|p2a: Kingambit|fallen3|[silent]
|switch|p2a: Dragapult|Dragapult, M, tera:Ghost|100/100
|move|p1a: Zamazenta|Body Press|p2a: Dragapult
|-immune|p2a: Dragapult
|
|-heal|p1a: Zamazenta|86/100 brn|[from] item: Leftovers
|-damage|p1a: Zamazenta|80/100 brn|[from] brn
|upkeep
|turn|26
|
|t:|1758956661
|move|p2a: Dragapult|U-turn|p1a: Zamazenta
|-resisted|p1a: Zamazenta
|-damage|p1a: Zamazenta|77/100 brn
|
|t:|1758956663
|switch|p2a: Alomomola|Alomomola, M|92/100|[from] U-turn
|move|p1a: Zamazenta|Crunch|p2a: Alomomola
|-damage|p2a: Alomomola|86/100
|
|-heal|p1a: Zamazenta|83/100 brn|[from] item: Leftovers
|-damage|p1a: Zamazenta|77/100 brn|[from] brn
|upkeep
|turn|27
|
|t:|1758956666
|move|p1a: Zamazenta|Crunch|p2a: Alomomola
|-damage|p2a: Alomomola|80/100
|move|p2a: Alomomola|Wish|p2a: Alomomola
|
|-heal|p1a: Zamazenta|83/100 brn|[from] item: Leftovers
|-damage|p1a: Zamazenta|77/100 brn|[from] brn
|upkeep
|turn|28
|
|t:|1758956668
|move|p1a: Zamazenta|Body Press|p2a: Alomomola
|-damage|p2a: Alomomola|47/100
|move|p2a: Alomomola|Flip Turn|p1a: Zamazenta
|-damage|p1a: Zamazenta|74/100 brn
|
|t:|1758956671
|switch|p2a: Dragapult|Dragapult, M, tera:Ghost|100/100|[from] Flip Turn
|
|-heal|p1a: Zamazenta|80/100 brn|[from] item: Leftovers
|-damage|p1a: Zamazenta|74/100 brn|[from] brn
|upkeep
|turn|29
|
|t:|1758956673
|move|p2a: Dragapult|U-turn|p1a: Zamazenta
|-resisted|p1a: Zamazenta
|-damage|p1a: Zamazenta|70/100 brn
|
|t:|1758956675
|switch|p2a: Alomomola|Alomomola, M|80/100|[from] U-turn
|move|p1a: Zamazenta|Body Press|p2a: Alomomola
|-damage|p2a: Alomomola|47/100
|
|-heal|p1a: Zamazenta|77/100 brn|[from] item: Leftovers
|-damage|p1a: Zamazenta|70/100 brn|[from] brn
|upkeep
|turn|30
|
|t:|1758956678
|move|p1a: Zamazenta|Crunch|p2a: Alomomola
|-damage|p2a: Alomomola|42/100
|-unboost|p2a: Alomomola|def|1
|move|p2a: Alomomola|Wish|p2a: Alomomola
|
|-heal|p1a: Zamazenta|77/100 brn|[from] item: Leftovers
|-damage|p1a: Zamazenta|70/100 brn|[from] brn
|upkeep
|turn|31
|
|t:|1758956683
|move|p2a: Alomomola|Protect|p2a: Alomomola
|-singleturn|p2a: Alomomola|Protect
|move|p1a: Zamazenta|Body Press|p2a: Alomomola
|-activate|p2a: Alomomola|move: Protect
|
|-heal|p2a: Alomomola|92/100|[from] move: Wish|[wisher] Alomomola
|-heal|p1a: Zamazenta|77/100 brn|[from] item: Leftovers
|-damage|p1a: Zamazenta|70/100 brn|[from] brn
|upkeep
|turn|32
|
|t:|1758956686
|switch|p2a: Dragapult|Dragapult, M, tera:Ghost|100/100
|move|p1a: Zamazenta|Crunch|p2a: Dragapult
|-supereffective|p2a: Dragapult
|-damage|p2a: Dragapult|71/100
|
|-heal|p1a: Zamazenta|77/100 brn|[from] item: Leftovers
|-damage|p1a: Zamazenta|70/100 brn|[from] brn
|upkeep
|turn|33
|
|t:|1758956691
|move|p2a: Dragapult|Phantom Force||[still]
|-prepare|p2a: Dragapult|Phantom Force
|move|p1a: Zamazenta|Crunch|p2a: Dragapult|[miss]
|-miss|p1a: Zamazenta|p2a: Dragapult
|
|-heal|p1a: Zamazenta|77/100 brn|[from] item: Leftovers
|-damage|p1a: Zamazenta|70/100 brn|[from] brn
|upkeep
|turn|34
|
|t:|1758956695
|switch|p1a: Ambipom|Ambipom, M|100/100
|move|p2a: Dragapult|Phantom Force|p1a: Ambipom|[from] lockedmove
|-immune|p1a: Ambipom
|
|upkeep
|turn|35
|
|t:|1758956700
|switch|p2a: Alomomola|Alomomola, M|100/100
|move|p1a: Ambipom|U-turn|p2a: Alomomola
|-damage|p2a: Alomomola|90/100
|
|t:|1758956702
|switch|p1a: Iron Moth|Iron Moth|100/100|[from] U-turn
|-damage|p1a: Iron Moth|76/100|[from] Stealth Rock
|-enditem|p1a: Iron Moth|Booster Energy
|-activate|p1a: Iron Moth|ability: Quark Drive|[fromitem]
|-start|p1a: Iron Moth|quarkdrivespe
|
|upkeep
|turn|36
|
|t:|1758956706
|move|p1a: Iron Moth|Substitute|p1a: Iron Moth
|-start|p1a: Iron Moth|Substitute
|-damage|p1a: Iron Moth|51/100
|move|p2a: Alomomola|Flip Turn|p1a: Iron Moth
|-supereffective|p1a: Iron Moth
|-end|p1a: Iron Moth|Substitute
|
|t:|1758956709
|switch|p2a: Dragapult|Dragapult, M, tera:Ghost|71/100|[from] Flip Turn
|
|upkeep
|turn|37
|
|t:|1758956716
|-terastallize|p1a: Iron Moth|Ghost
|move|p1a: Iron Moth|Tera Blast|p2a: Dragapult|[anim] Tera Blast Ghost
|-supereffective|p2a: Dragapult
|-damage|p2a: Dragapult|0 fnt
|faint|p2a: Dragapult
|
|upkeep
|
|t:|1758956720
|switch|p2a: Kingambit|Kingambit, M|100/100
|-activate|p2a: Kingambit|ability: Supreme Overlord
|-start|p2a: Kingambit|fallen4|[silent]
|turn|38
|
|t:|1758956725
|move|p1a: Iron Moth|Substitute|p1a: Iron Moth
|-start|p1a: Iron Moth|Substitute
|-damage|p1a: Iron Moth|26/100
|move|p2a: Kingambit|Kowtow Cleave|p1a: Iron Moth
|-supereffective|p1a: Iron Moth
|-end|p1a: Iron Moth|Substitute
|
|upkeep
|turn|39
|
|t:|1758956728
|move|p2a: Kingambit|Sucker Punch|p1a: Iron Moth
|-supereffective|p1a: Iron Moth
|-damage|p1a: Iron Moth|0 fnt
|faint|p1a: Iron Moth
|-end|p1a: Iron Moth|Quark Drive|[silent]
|
|upkeep
|
|t:|1758956734
|switch|p1a: Zamazenta|Zamazenta|70/100 brn
|-damage|p1a: Zamazenta|64/100 brn|[from] Stealth Rock
|turn|40
|
|t:|1758956737
|move|p1a: Zamazenta|Iron Defense|p1a: Zamazenta
|-boost|p1a: Zamazenta|def|2
|move|p2a: Kingambit|Low Kick|p1a: Zamazenta
|-damage|p1a: Zamazenta|39/100 brn
|
|-heal|p1a: Zamazenta|45/100 brn|[from] item: Leftovers
|-damage|p1a: Zamazenta|39/100 brn|[from] brn
|upkeep
|turn|41
|
|t:|1758956741
|-end|p2a: Kingambit|fallen4|[silent]
|switch|p2a: Alomomola|Alomomola, M|100/100
|move|p1a: Zamazenta|Body Press|p2a: Alomomola
|-damage|p2a: Alomomola|84/100
|
|-heal|p1a: Zamazenta|45/100 brn|[from] item: Leftovers
|-damage|p1a: Zamazenta|39/100 brn|[from] brn
|upkeep
|turn|42
|
|t:|1758956744
|move|p1a: Zamazenta|Iron Defense|p1a: Zamazenta
|-boost|p1a: Zamazenta|def|2
|move|p2a: Alomomola|Scald|p1a: Zamazenta
|-damage|p1a: Zamazenta|29/100 brn
|
|-heal|p1a: Zamazenta|35/100 brn|[from] item: Leftovers
|-damage|p1a: Zamazenta|29/100 brn|[from] brn
|upkeep
|turn|43
|
|t:|1758956747
|move|p1a: Zamazenta|Iron Defense|p1a: Zamazenta
|-boost|p1a: Zamazenta|def|2
|move|p2a: Alomomola|Scald|p1a: Zamazenta
|-damage|p1a: Zamazenta|17/100 brn
|
|-heal|p1a: Zamazenta|23/100 brn|[from] item: Leftovers
|-damage|p1a: Zamazenta|17/100 brn|[from] brn
|upkeep
|turn|44
|
|t:|1758956749
|move|p1a: Zamazenta|Body Press|p2a: Alomomola
|-damage|p2a: Alomomola|49/100
|move|p2a: Alomomola|Wish|p2a: Alomomola
|
|-heal|p1a: Zamazenta|23/100 brn|[from] item: Leftovers
|-damage|p1a: Zamazenta|17/100 brn|[from] brn
|upkeep
|turn|45
|
|t:|1758956753
|move|p1a: Zamazenta|Body Press|p2a: Alomomola
|-damage|p2a: Alomomola|13/100
|move|p2a: Alomomola|Scald|p1a: Zamazenta
|-damage|p1a: Zamazenta|6/100 brn
|
|-heal|p2a: Alomomola|63/100|[from] move: Wish|[wisher] Alomomola
|-heal|p1a: Zamazenta|12/100 brn|[from] item: Leftovers
|-damage|p1a: Zamazenta|6/100 brn|[from] brn
|upkeep
|turn|46
|
|t:|1758956755
|move|p1a: Zamazenta|Body Press|p2a: Alomomola
|-damage|p2a: Alomomola|28/100
|move|p2a: Alomomola|Scald|p1a: Zamazenta
|-damage|p1a: Zamazenta|0 fnt
|faint|p1a: Zamazenta
|
|upkeep
|
|t:|1758956758
|switch|p1a: Ambipom|Ambipom, M|100/100
|turn|47
|
|t:|1758956760
|switch|p2a: Kingambit|Kingambit, M|100/100
|-activate|p2a: Kingambit|ability: Supreme Overlord
|-start|p2a: Kingambit|fallen4|[silent]
|move|p1a: Ambipom|Fake Out|p2a: Kingambit
|-resisted|p2a: Kingambit
|-damage|p2a: Kingambit|88/100
|
|-heal|p2a: Kingambit|95/100|[from] item: Leftovers
|upkeep
|turn|48
|
|t:|1758956763
|move|p2a: Kingambit|Sucker Punch|p1a: Ambipom
|-damage|p1a: Ambipom|0 fnt
|faint|p1a: Ambipom
|
|win|BBT94
|raw|SamiFawad's rating: 1420 &rarr; <strong>1400</strong><br />(-20 for losing)
|raw|BBT94's rating: 1427 &rarr; <strong>1447</strong><br />(+20 for winning)
|l|☆SamiFawad
|player|p1|
|l|☆BBT94
|player|p2|
