|j|☆AdrianPoop1234
|j|☆lndigo00
|t:|1758983921
|gametype|singles
|player|p1|AdrianPoop1234|265|1135
|player|p2|lndigo00|blue|1069
|gen|9
|tier|[Gen 9] OU
|rated|
|rule|HP Percentage Mod: HP is shown in percentages
|rule|Endless Battle Clause: Forcing endless battles is banned
|rule|Species Clause: Limit one of each Pokémon
|rule|OHKO Clause: OHKO moves are banned
|rule|Evasion Items Clause: Evasion items are banned
|rule|Evasion Moves Clause: Evasion moves are banned
|rule|Evasion Abilities Clause: Evasion abilities are banned
|rule|Sleep Moves Clause: Sleep-inducing moves are banned
|clearpoke
|poke|p1|Garganacl, M|
|poke|p1|Ceruledge, F|
|poke|p1|Mandibuzz, F|
|poke|p1|Corviknight, F|
|poke|p1|Ogerpon-Wellspring, F|
|poke|p1|Alomomola, F|
|poke|p2|Venusaur, M|
|poke|p2|Scizor, M|
|poke|p2|Electivire, M|
|poke|p2|Espeon, M|
|poke|p2|Garchomp, F|
|poke|p2|Tyranitar, M|
|teampreview
|inactive|Battle timer is ON: inactive players will automatically lose when time's up. (requested by lndigo00)
|
|t:|1758983939
|teamsize|p1|6
|teamsize|p2|6
|start
|switch|p1a: Ogerpon|Ogerpon-Wellspring, F|100/100
|switch|p2a: Garchomp|Garchomp, F|100/100
|turn|1
|
|t:|1758983947
|move|p1a: Ogerpon|Swords Dance|p1a: Ogerpon
|-boost|p1a: Ogerpon|atk|2
|move|p2a: Garchomp|Stealth Rock|p1a: Ogerpon
|-sidestart|p1: AdrianPoop1234|move: Stealth Rock
|
|upkeep
|turn|2
|
|t:|1758983960
|switch|p2a: Venusaur|Venusaur, M|100/100
|move|p1a: Ogerpon|Ivy Cudgel|p2a: Venusaur|[anim] Ivy Cudgel Water
|-resisted|p2a: Venusaur
|-damage|p2a: Venusaur|47/100
|
|-heal|p2a: Venusaur|53/100|[from] item: Black Sludge
|upkeep
|turn|3
|
|t:|1758983970
|move|p1a: Ogerpon|Ivy Cudgel|p2a: Venusaur|[anim] Ivy Cudgel Water
|-resisted|p2a: Venusaur
|-damage|p2a: Venusaur|2/100
|move|p2a: Venusaur|Leech Seed|p1a: Ogerpon
|-immune|p1a: Ogerpon
|
|-heal|p2a: Venusaur|8/100|[from] item: Black Sludge
|upkeep
|turn|4
|
|t:|1758983980
|move|p2a: Venusaur|Protect|p2a: Venusaur
|-singleturn|p2a: Venusaur|Protect
|move|p1a: Ogerpon|Ivy Cudgel|p2a: Venusaur|[anim] Ivy Cudgel Water
|-activate|p2a: Venusaur|move: Protect
|
|-heal|p2a: Venusaur|14/100|[from] item: Black Sludge
|upkeep
|turn|5
|
|t:|1758983998
|move|p1a: Ogerpon|Ivy Cudgel|p2a: Venusaur|[anim] Ivy Cudgel Water
|-resisted|p2a: Venusaur
|-crit|p2a: Venusaur
|-damage|p2a: Venusaur|0 fnt
|faint|p2a: Venusaur
|
|upkeep
|
|t:|1758984015
|switch|p2a: Garchomp|Garchomp, F|100/100
|turn|6
|
|t:|1758984032
|move|p1a: Ogerpon|Ivy Cudgel|p2a: Garchomp|[anim] Ivy Cudgel Water
|-enditem|p2a: Garchomp|Focus Sash
|-damage|p2a: Garchomp|1/100
|move|p2a: Garchomp|Stealth Rock||[still]
|-fail|p2a: Garchomp
|
|upkeep
|turn|7
|
|t:|1758984047
|move|p1a: Ogerpon|Brick Break|p2a: Garchomp
|-damage|p2a: Garchomp|0 fnt
|-damage|p1a: Ogerpon|88/100|[from] ability: Rough Skin|[of] p2a: Garchomp
|faint|p2a: Garchomp
|
|upkeep
|
|t:|1758984054
|switch|p2a: Espeon|Espeon, M|100/100
|turn|8
|
|t:|1758984060
|move|p1a: Ogerpon|Ivy Cudgel|p2a: Espeon|[anim] Ivy Cudgel Water
|-damage|p2a: Espeon|0 fnt
|faint|p2a: Espeon
|
|upkeep
|
|t:|1758984068
|switch|p2a: Scizor|Scizor, M|100/100
|turn|9
|
|t:|1758984073
|move|p1a: Ogerpon|Swords Dance|p1a: Ogerpon
|-boost|p1a: Ogerpon|atk|2
|move|p2a: Scizor|Swords Dance|p2a: Scizor
|-boost|p2a: Scizor|atk|2
|
|upkeep
|turn|10
|
|t:|1758984096
|move|p1a: Ogerpon|Ivy Cudgel|p2a: Scizor|[anim] Ivy Cudgel Water
|-damage|p2a: Scizor|0 fnt
|faint|p2a: Scizor
|
|upkeep
|-message|lndigo00 forfeited.
|
|win|AdrianPoop1234
|raw|AdrianPoop1234's rating: 1135 &rarr; <strong>1155</strong><br />(+20 for winning)
|raw|lndigo00's rating: 1069 &rarr; <strong>1052</strong><br />(-17 for losing)
|l|☆lndigo00
|player|p2|
