|j|☆BZR Osiris
|j|☆a twink on prep
|t:|1759053200
|gametype|singles
|player|p1|BZR Osiris|red|1308
|player|p2|a twink on prep|fantina|1332
|gen|9
|tier|[Gen 9] OU
|rated|
|rule|HP Percentage Mod: HP is shown in percentages
|rule|Endless Battle Clause: Forcing endless battles is banned
|rule|Species Clause: Limit one of each Pokémon
|rule|OHKO Clause: OHKO moves are banned
|rule|Evasion Items Clause: Evasion items are banned
|rule|Evasion Moves Clause: Evasion moves are banned
|rule|Evasion Abilities Clause: Evasion abilities are banned
|rule|Sleep Moves Clause: Sleep-inducing moves are banned
|clearpoke
|poke|p1|Iron Moth|
|poke|p1|Ogerpon-Wellspring, F|
|poke|p1|Iron Treads|
|poke|p1|Kyurem|
|poke|p1|Dragonite, M|
|poke|p1|Iron Valiant|
|poke|p2|Corviknight, M|
|poke|p2|Salazzle, F|
|poke|p2|Goodra, M|
|poke|p2|Meowscarada, F|
|poke|p2|Blaziken, F|
|poke|p2|Garganacl, F|
|teampreview
|inactive|Battle timer is ON: inactive players will automatically lose when time's up. (requested by BZR Osiris)
|c|☆BZR Osiris|holy mother of tank
|
|t:|1759053219
|teamsize|p1|6
|teamsize|p2|6
|start
|switch|p1a: Sunfyre|Iron Moth, shiny|100/100
|switch|p2a: A Lipstick Les|Salazzle, F|100/100
|-item|p2a: A Lipstick Les|Air Balloon
|-enditem|p1a: Sunfyre|Booster Energy
|-activate|p1a: Sunfyre|ability: Quark Drive|[fromitem]
|-start|p1a: Sunfyre|quarkdrivespa
|turn|1
|c|☆a twink on prep|only 3 :o
|c|☆BZR Osiris|thats a lot
|
|t:|1759053238
|move|p2a: A Lipstick Les|Toxic|p1a: Sunfyre
|-status|p1a: Sunfyre|tox
|move|p1a: Sunfyre|Fiery Dance|p2a: A Lipstick Les
|-resisted|p2a: A Lipstick Les
|-damage|p2a: A Lipstick Les|43/100
|-enditem|p2a: A Lipstick Les|Air Balloon
|
|-damage|p1a: Sunfyre|95/100 tox|[from] psn
|upkeep
|turn|2
|c|☆BZR Osiris|what?
|c|☆BZR Osiris|im a poison type
|c|☆a twink on prep|my ability
|c|☆BZR Osiris|ah
|
|t:|1759053258
|switch|p2a: The Group Hag|Goodra, M|100/100
|move|p1a: Sunfyre|Fiery Dance|p2a: The Group Hag
|-resisted|p2a: The Group Hag
|-damage|p2a: The Group Hag|88/100
|
|-damage|p1a: Sunfyre|83/100 tox|[from] psn
|upkeep
|turn|3
|
|t:|1759053264
|move|p1a: Sunfyre|Dazzling Gleam|p2a: The Group Hag
|-supereffective|p2a: The Group Hag
|-damage|p2a: The Group Hag|53/100
|move|p2a: The Group Hag|Thunderbolt|p1a: Sunfyre
|-damage|p1a: Sunfyre|49/100 tox
|
|-damage|p1a: Sunfyre|31/100 tox|[from] psn
|upkeep
|turn|4
|
|t:|1759053267
|move|p1a: Sunfyre|Dazzling Gleam|p2a: The Group Hag
|-supereffective|p2a: The Group Hag
|-damage|p2a: The Group Hag|20/100
|move|p2a: The Group Hag|Thunderbolt|p1a: Sunfyre
|-damage|p1a: Sunfyre|0 fnt
|faint|p1a: Sunfyre
|-end|p1a: Sunfyre|Quark Drive|[silent]
|
|upkeep
|
|t:|1759053276
|switch|p1a: Rhaegar|Kyurem, shiny|100/100
|-ability|p1a: Rhaegar|Pressure
|turn|5
|
|t:|1759053290
|switch|p2a: Corviknight|Corviknight, M|100/100
|-ability|p2a: Corviknight|Pressure
|-terastallize|p1a: Rhaegar|Electric
|move|p1a: Rhaegar|Dragon Dance|p1a: Rhaegar
|-boost|p1a: Rhaegar|atk|1
|-boost|p1a: Rhaegar|spe|1
|
|upkeep
|turn|6
|
|t:|1759053295
|move|p1a: Rhaegar|Tera Blast|p2a: Corviknight|[anim] Tera Blast Electric
|-supereffective|p2a: Corviknight
|-damage|p2a: Corviknight|0 fnt
|faint|p2a: Corviknight
|
|upkeep
|
|t:|1759053303
|switch|p2a: A 5'11" Twunk|Blaziken, F|100/100
|turn|7
|
|t:|1759053309
|move|p2a: A 5'11" Twunk|Protect|p2a: A 5'11" Twunk
|-singleturn|p2a: A 5'11" Twunk|Protect
|move|p1a: Rhaegar|Dragon Dance|p1a: Rhaegar
|-boost|p1a: Rhaegar|atk|1
|-boost|p1a: Rhaegar|spe|1
|
|-ability|p2a: A 5'11" Twunk|Speed Boost|boost
|-boost|p2a: A 5'11" Twunk|spe|1
|upkeep
|turn|8
|
|t:|1759053321
|move|p1a: Rhaegar|Scale Shot|p2a: A 5'11" Twunk
|-damage|p2a: A 5'11" Twunk|53/100
|-damage|p2a: A 5'11" Twunk|11/100
|-damage|p2a: A 5'11" Twunk|0 fnt
|faint|p2a: A 5'11" Twunk
|-hitcount|p2: A 5'11" Twunk|3
|-unboost|p1a: Rhaegar|def|1
|-boost|p1a: Rhaegar|spe|1
|
|upkeep
|-message|a twink on prep forfeited.
|
|win|BZR Osiris
|raw|BZR Osiris's rating: 1308 &rarr; <strong>1329</strong><br />(+21 for winning)
|raw|a twink on prep's rating: 1332 &rarr; <strong>1311</strong><br />(-21 for losing)
|l|☆a twink on prep
|player|p2|
|l|☆BZR Osiris
|player|p1|
