|j|☆Dylan77460
|j|☆kamihahaha
|t:|1758968081
|gametype|singles
|player|p1|Dylan77460|red|1064
|player|p2|kamihahaha|101|1070
|gen|9
|tier|[Gen 9] OU
|rated|
|rule|HP Percentage Mod: HP is shown in percentages
|rule|Endless Battle Clause: Forcing endless battles is banned
|rule|Species Clause: Limit one of each Pokémon
|rule|OHKO Clause: OHKO moves are banned
|rule|Evasion Items Clause: Evasion items are banned
|rule|Evasion Moves Clause: Evasion moves are banned
|rule|Evasion Abilities Clause: Evasion abilities are banned
|rule|Sleep Moves Clause: Sleep-inducing moves are banned
|clearpoke
|poke|p1|Deoxys-Speed|
|poke|p1|Gholdengo|
|poke|p1|Iron Treads|
|poke|p1|Dragonite, M|
|poke|p1|Iron Moth|
|poke|p1|Samurott-Hisui, M|
|poke|p2|Excadrill, F|
|poke|p2|Tyranitar, M|
|poke|p2|Clefable, M|
|poke|p2|Squawkabilly, M|
|poke|p2|Alomomola, M|
|poke|p2|Garchomp, M|
|teampreview
|
|t:|1758968093
|teamsize|p1|6
|teamsize|p2|6
|start
|switch|p1a: Iron Treads|Iron Treads|100/100
|switch|p2a: Squawkabilly|Squawkabilly, M, shiny|100/100
|-enditem|p1a: Iron Treads|Booster Energy
|-activate|p1a: Iron Treads|ability: Quark Drive|[fromitem]
|-start|p1a: Iron Treads|quarkdrivespe
|turn|1
|
|t:|1758968105
|move|p2a: Squawkabilly|Protect|p2a: Squawkabilly
|-singleturn|p2a: Squawkabilly|Protect
|move|p1a: Iron Treads|Stealth Rock|p2a: Squawkabilly
|-sidestart|p2: kamihahaha|move: Stealth Rock
|
|-status|p2a: Squawkabilly|brn|[from] item: Flame Orb
|upkeep
|turn|2
|
|t:|1758968122
|switch|p2a: Clefable|Clefable, M|100/100
|-damage|p2a: Clefable|88/100|[from] Stealth Rock
|move|p1a: Iron Treads|Knock Off|p2a: Clefable
|-resisted|p2a: Clefable
|-crit|p2a: Clefable
|-damage|p2a: Clefable|66/100
|-enditem|p2a: Clefable|Leftovers|[from] move: Knock Off|[of] p1a: Iron Treads
|
|upkeep
|turn|3
|
|t:|1758968138
|-end|p1a: Iron Treads|Quark Drive|[silent]
|switch|p1a: Iron Moth|Iron Moth|100/100
|-enditem|p1a: Iron Moth|Booster Energy
|-activate|p1a: Iron Moth|ability: Quark Drive|[fromitem]
|-start|p1a: Iron Moth|quarkdrivespe
|move|p2a: Clefable|Light Screen|p2a: Clefable
|-sidestart|p2: kamihahaha|move: Light Screen
|
|upkeep
|turn|4
|
|t:|1758968158
|switch|p2a: Excadrill|Excadrill, F, shiny|100/100
|-damage|p2a: Excadrill|97/100|[from] Stealth Rock
|move|p1a: Iron Moth|Sludge Wave|p2a: Excadrill
|-immune|p2a: Excadrill
|
|upkeep
|turn|5
|
|t:|1758968179
|-end|p1a: Iron Moth|Quark Drive|[silent]
|switch|p1a: Samurott|Samurott-Hisui, M|100/100
|move|p2a: Excadrill|Rock Blast|p1a: Samurott
|-damage|p1a: Samurott|89/100
|-damage|p1a: Samurott|76/100
|-damage|p1a: Samurott|64/100
|-damage|p1a: Samurott|53/100
|-hitcount|p1a: Samurott|4
|
|upkeep
|turn|6
|
|t:|1758968201
|move|p1a: Samurott|Ceaseless Edge|p2a: Excadrill
|-damage|p2a: Excadrill|44/100
|-sidestart|p2: kamihahaha|Spikes
|move|p2a: Excadrill|Rock Blast|p1a: Samurott
|-damage|p1a: Samurott|42/100
|-damage|p1a: Samurott|30/100
|-crit|p1a: Samurott
|-damage|p1a: Samurott|12/100
|-damage|p1a: Samurott|1/100
|-damage|p1a: Samurott|0 fnt
|faint|p1a: Samurott
|-hitcount|p1: Samurott|5
|
|upkeep
|
|t:|1758968218
|switch|p1a: Deoxys|Deoxys-Speed|100/100
|-ability|p1a: Deoxys|Pressure
|turn|7
|
|t:|1758968232
|move|p1a: Deoxys|Superpower|p2a: Excadrill
|-supereffective|p2a: Excadrill
|-damage|p2a: Excadrill|0 fnt
|-unboost|p1a: Deoxys|atk|1
|-unboost|p1a: Deoxys|def|1
|faint|p2a: Excadrill
|-damage|p1a: Deoxys|91/100|[from] item: Life Orb
|
|-sideend|p2: kamihahaha|move: Light Screen
|upkeep
|
|t:|1758968242
|switch|p2a: Tyranitar|Tyranitar, M|100/100
|-damage|p2a: Tyranitar|88/100|[from] Stealth Rock
|-damage|p2a: Tyranitar|76/100|[from] Spikes
|-weather|Sandstorm|[from] ability: Sand Stream|[of] p2a: Tyranitar
|turn|8
|
|t:|1758968254
|move|p1a: Deoxys|Superpower|p2a: Tyranitar
|-supereffective|p2a: Tyranitar
|-damage|p2a: Tyranitar|9/100
|-unboost|p1a: Deoxys|atk|1
|-unboost|p1a: Deoxys|def|1
|-damage|p1a: Deoxys|81/100|[from] item: Life Orb
|move|p2a: Tyranitar|Earth Power|p1a: Deoxys
|-crit|p1a: Deoxys
|-damage|p1a: Deoxys|25/100
|
|-weather|Sandstorm|[upkeep]
|-damage|p1a: Deoxys|19/100|[from] Sandstorm
|upkeep
|turn|9
|
|t:|1758968284
|move|p1a: Deoxys|Superpower|p2a: Tyranitar
|-supereffective|p2a: Tyranitar
|-damage|p2a: Tyranitar|0 fnt
|-unboost|p1a: Deoxys|atk|1
|-unboost|p1a: Deoxys|def|1
|faint|p2a: Tyranitar
|-damage|p1a: Deoxys|9/100|[from] item: Life Orb
|
|-weather|Sandstorm|[upkeep]
|-damage|p1a: Deoxys|3/100|[from] Sandstorm
|upkeep
|
|t:|1758968287
|switch|p2a: Squawkabilly|Squawkabilly, M, shiny|100/100 brn
|-damage|p2a: Squawkabilly|76/100 brn|[from] Stealth Rock
|turn|10
|
|t:|1758968301
|move|p2a: Squawkabilly|Quick Attack|p1a: Deoxys
|-damage|p1a: Deoxys|0 fnt
|faint|p1a: Deoxys
|
|-weather|Sandstorm|[upkeep]
|-damage|p2a: Squawkabilly|69/100 brn|[from] Sandstorm
|-damage|p2a: Squawkabilly|63/100 brn|[from] brn
|upkeep
|
|t:|1758968310
|switch|p1a: Dragonite|Dragonite, M|100/100
|turn|11
|
|t:|1758968316
|move|p2a: Squawkabilly|Quick Attack|p1a: Dragonite
|-damage|p1a: Dragonite|86/100
|move|p1a: Dragonite|Dragon Dance|p1a: Dragonite
|-boost|p1a: Dragonite|atk|1
|-boost|p1a: Dragonite|spe|1
|
|-weather|Sandstorm|[upkeep]
|-damage|p1a: Dragonite|80/100|[from] Sandstorm
|-damage|p2a: Squawkabilly|57/100 brn|[from] Sandstorm
|-damage|p2a: Squawkabilly|51/100 brn|[from] brn
|upkeep
|turn|12
|
|t:|1758968327
|move|p1a: Dragonite|Ice Spinner|p2a: Squawkabilly
|-supereffective|p2a: Squawkabilly
|-damage|p2a: Squawkabilly|0 fnt
|faint|p2a: Squawkabilly
|
|-weather|none
|upkeep
|
|t:|1758968331
|switch|p2a: Alomomola|Alomomola, M|100/100
|-damage|p2a: Alomomola|88/100|[from] Stealth Rock
|-damage|p2a: Alomomola|76/100|[from] Spikes
|turn|13
|inactive|Battle timer is ON: inactive players will automatically lose when time's up. (requested by kamihahaha)
|
|t:|1758968353
|move|p1a: Dragonite|Extreme Speed|p2a: Alomomola
|-damage|p2a: Alomomola|49/100
|move|p2a: Alomomola|Blizzard|p1a: Dragonite
|-supereffective|p1a: Dragonite
|-damage|p1a: Dragonite|8/100
|
|-heal|p2a: Alomomola|55/100|[from] item: Leftovers
|upkeep
|turn|14
|
|t:|1758968364
|move|p1a: Dragonite|Earthquake|p2a: Alomomola
|-damage|p2a: Alomomola|24/100
|move|p2a: Alomomola|Flip Turn|p1a: Dragonite
|-resisted|p1a: Dragonite
|-damage|p1a: Dragonite|0 fnt
|faint|p1a: Dragonite
|
|t:|1758968370
|switch|p2a: Garchomp|Garchomp, M|100/100|[from] Flip Turn
|-damage|p2a: Garchomp|94/100|[from] Stealth Rock
|-damage|p2a: Garchomp|82/100|[from] Spikes
|
|upkeep
|inactive|Dylan77460 has 120 seconds left.
|
|t:|1758968400
|switch|p1a: Gholdengo|Gholdengo|100/100
|-item|p1a: Gholdengo|Air Balloon
|turn|15
|inactive|Dylan77460 has 120 seconds left.
|
|t:|1758968411
|move|p2a: Garchomp|Swords Dance|p2a: Garchomp
|-boost|p2a: Garchomp|atk|2
|move|p1a: Gholdengo|Nasty Plot|p1a: Gholdengo
|-boost|p1a: Gholdengo|spa|2
|
|upkeep
|turn|16
|inactive|Dylan77460 has 120 seconds left.
|
|t:|1758968423
|-terastallize|p2a: Garchomp|Fire
|move|p2a: Garchomp|Tera Blast|p1a: Gholdengo|[anim] Tera Blast Fire
|-supereffective|p1a: Gholdengo
|-damage|p1a: Gholdengo|0 fnt
|-enditem|p1a: Gholdengo|Air Balloon
|faint|p1a: Gholdengo
|-damage|p2a: Garchomp|72/100|[from] item: Life Orb
|
|upkeep
|inactive|Dylan77460 has 120 seconds left.
|
|t:|1758968440
|switch|p1a: Iron Moth|Iron Moth|100/100
|turn|17
|
|t:|1758968449
|-terastallize|p1a: Iron Moth|Ground
|move|p1a: Iron Moth|Tera Blast|p2a: Garchomp|[anim] Tera Blast Ground
|-supereffective|p2a: Garchomp
|-damage|p2a: Garchomp|0 fnt
|faint|p2a: Garchomp
|
|upkeep
|
|t:|1758968453
|switch|p2a: Alomomola|Alomomola, M|57/100
|-damage|p2a: Alomomola|45/100|[from] Stealth Rock
|-damage|p2a: Alomomola|33/100|[from] Spikes
|turn|18
|inactive|Dylan77460 has 120 seconds left.
|
|t:|1758968468
|move|p1a: Iron Moth|Sludge Wave|p2a: Alomomola
|-damage|p2a: Alomomola|0 fnt
|faint|p2a: Alomomola
|
|upkeep
|
|t:|1758968473
|switch|p2a: Clefable|Clefable, M|66/100
|-damage|p2a: Clefable|53/100|[from] Stealth Rock
|-damage|p2a: Clefable|41/100|[from] Spikes
|turn|19
|-message|kamihahaha forfeited.
|
|win|Dylan77460
|raw|Dylan77460's rating: 1064 &rarr; <strong>1095</strong><br />(+31 for winning)
|raw|kamihahaha's rating: 1070 &rarr; <strong>1049</strong><br />(-21 for losing)
|l|☆kamihahaha
|player|p2|
|l|☆Dylan77460
|player|p1|
