|j|☆jessies boyfriend
|j|☆Oattumblely
|t:|1758945668
|gametype|singles
|player|p1|jessies boyfriend|brock|1345
|player|p2|Oattumblely|rocketgruntf|1397
|gen|9
|tier|[Gen 9] OU
|rated|
|rule|HP Percentage Mod: HP is shown in percentages
|rule|Endless Battle Clause: Forcing endless battles is banned
|rule|Species Clause: Limit one of each Pokémon
|rule|OHKO Clause: OHKO moves are banned
|rule|Evasion Items Clause: Evasion items are banned
|rule|Evasion Moves Clause: Evasion moves are banned
|rule|Evasion Abilities Clause: Evasion abilities are banned
|rule|Sleep Moves Clause: Sleep-inducing moves are banned
|clearpoke
|poke|p1|Walking Wake|
|poke|p1|Scream Tail|
|poke|p1|Heatran, F|
|poke|p1|Ninetales, F|
|poke|p1|Torkoal, F|
|poke|p1|Great Tusk|
|poke|p2|Araquanid, M|
|poke|p2|Ceruledge, M|
|poke|p2|Ting-Lu|
|poke|p2|Espeon, M|
|poke|p2|Clefable, M|
|poke|p2|Iron Boulder|
|teampreview
|
|t:|1758945673
|teamsize|p1|6
|teamsize|p2|6
|start
|switch|p1a: Torkoal|Torkoal, F|100/100
|switch|p2a: Araquanid|Araquanid, M|100/100
|-weather|SunnyDay|[from] ability: Drought|[of] p1a: Torkoal
|turn|1
|inactive|Battle timer is ON: inactive players will automatically lose when time's up. (requested by jessies boyfriend)
|
|t:|1758945677
|move|p2a: Araquanid|Surf|p1a: Torkoal
|-supereffective|p1a: Torkoal
|-damage|p1a: Torkoal|68/100
|-enditem|p1a: Torkoal|Eject Button
|
|t:|1758945683
|switch|p1a: Heatran|Heatran, F|100/100
|
|-weather|SunnyDay|[upkeep]
|upkeep
|turn|2
|
|t:|1758945686
|move|p1a: Heatran|Metal Sound|p2a: Araquanid
|-unboost|p2a: Araquanid|spd|2
|-enditem|p1a: Heatran|Throat Spray
|-boost|p1a: Heatran|spa|1|[from] item: Throat Spray
|move|p2a: Araquanid|Sticky Web|p1a: Heatran
|-sidestart|p1: jessies boyfriend|move: Sticky Web
|
|-weather|SunnyDay|[upkeep]
|upkeep
|turn|3
|
|t:|1758945693
|switch|p2a: Ting-Lu|Ting-Lu|100/100
|-ability|p2a: Ting-Lu|Vessel of Ruin
|move|p1a: Heatran|Overheat|p2a: Ting-Lu
|-damage|p2a: Ting-Lu|34/100
|-unboost|p1a: Heatran|spa|2
|
|-weather|SunnyDay|[upkeep]
|-heal|p2a: Ting-Lu|41/100|[from] item: Leftovers
|upkeep
|turn|4
|
|t:|1758945702
|-terastallize|p1a: Heatran|Fire
|move|p1a: Heatran|Overheat|p2a: Ting-Lu
|-damage|p2a: Ting-Lu|2/100
|-unboost|p1a: Heatran|spa|2
|move|p2a: Ting-Lu|Earthquake|p1a: Heatran
|-supereffective|p1a: Heatran
|-damage|p1a: Heatran|22/100
|
|-weather|SunnyDay|[upkeep]
|-heal|p2a: Ting-Lu|9/100|[from] item: Leftovers
|upkeep
|turn|5
|
|t:|1758945711
|switch|p2a: Araquanid|Araquanid, M|100/100
|move|p1a: Heatran|Flamethrower|p2a: Araquanid
|-damage|p2a: Araquanid|86/100
|
|-weather|none
|upkeep
|turn|6
|
|t:|1758945719
|switch|p1a: Walking Wake|Walking Wake|100/100
|-activate|p1a: Walking Wake|move: Sticky Web
|-unboost|p1a: Walking Wake|spe|1
|move|p2a: Araquanid|Surf|p1a: Walking Wake
|-resisted|p1a: Walking Wake
|-damage|p1a: Walking Wake|91/100
|
|upkeep
|turn|7
|
|t:|1758945726
|switch|p2a: Clefable|Clefable, M|100/100
|move|p1a: Walking Wake|Snarl|p2a: Clefable
|-resisted|p2a: Clefable
|-damage|p2a: Clefable|92/100
|-unboost|p2a: Clefable|spa|1
|-enditem|p1a: Walking Wake|Throat Spray
|-boost|p1a: Walking Wake|spa|1|[from] item: Throat Spray
|
|upkeep
|turn|8
|
|t:|1758945734
|switch|p2a: Ting-Lu|Ting-Lu|9/100
|-ability|p2a: Ting-Lu|Vessel of Ruin
|move|p1a: Walking Wake|Hydro Steam|p2a: Ting-Lu
|-supereffective|p2a: Ting-Lu
|-damage|p2a: Ting-Lu|0 fnt
|faint|p2a: Ting-Lu
|
|upkeep
|
|t:|1758945751
|switch|p2a: Espeon|Espeon, M|100/100
|turn|9
|
|t:|1758945757
|-terastallize|p2a: Espeon|Fairy
|move|p2a: Espeon|Alluring Voice|p1a: Walking Wake
|-supereffective|p1a: Walking Wake
|-damage|p1a: Walking Wake|0 fnt
|faint|p1a: Walking Wake
|-end|p1a: Walking Wake|Protosynthesis|[silent]
|
|upkeep
|
|t:|1758945768
|switch|p1a: Ninetales|Ninetales, F|100/100
|-activate|p1a: Ninetales|move: Sticky Web
|-unboost|p1a: Ninetales|spe|1
|-weather|SunnyDay|[from] ability: Drought|[of] p1a: Ninetales
|-enditem|p1a: Ninetales|Eject Pack
|
|t:|1758945774
|switch|p1a: Scream Tail|Scream Tail, shiny|100/100
|-activate|p1a: Scream Tail|move: Sticky Web
|-unboost|p1a: Scream Tail|spe|1
|-activate|p1a: Scream Tail|ability: Protosynthesis
|-start|p1a: Scream Tail|protosynthesisspd
|turn|10
|
|t:|1758945779
|switch|p2a: Araquanid|Araquanid, M|86/100
|move|p1a: Scream Tail|Boomburst|p2a: Araquanid
|-damage|p2a: Araquanid|65/100
|-enditem|p1a: Scream Tail|Throat Spray
|-boost|p1a: Scream Tail|spa|1|[from] item: Throat Spray
|
|-weather|SunnyDay|[upkeep]
|upkeep
|turn|11
|
|t:|1758945788
|move|p1a: Scream Tail|Calm Mind|p1a: Scream Tail
|-boost|p1a: Scream Tail|spa|1
|-boost|p1a: Scream Tail|spd|1
|move|p2a: Araquanid|Endeavor|p1a: Scream Tail
|-damage|p1a: Scream Tail|60/100
|
|-weather|SunnyDay|[upkeep]
|upkeep
|turn|12
|
|t:|1758945794
|move|p1a: Scream Tail|Calm Mind|p1a: Scream Tail
|-boost|p1a: Scream Tail|spa|1
|-boost|p1a: Scream Tail|spd|1
|move|p2a: Araquanid|Lunge|p1a: Scream Tail
|-damage|p1a: Scream Tail|40/100
|-unboost|p1a: Scream Tail|atk|1
|
|-weather|SunnyDay|[upkeep]
|upkeep
|turn|13
|
|t:|1758945800
|move|p1a: Scream Tail|Psyshock|p2a: Araquanid
|-damage|p2a: Araquanid|0 fnt
|faint|p2a: Araquanid
|
|-weather|SunnyDay|[upkeep]
|upkeep
|
|t:|1758945810
|switch|p2a: Ceruledge|Ceruledge, M|100/100
|turn|14
|
|t:|1758945815
|move|p2a: Ceruledge|Swords Dance|p2a: Ceruledge
|-boost|p2a: Ceruledge|atk|2
|move|p1a: Scream Tail|Psyshock|p2a: Ceruledge
|-enditem|p2a: Ceruledge|Focus Sash
|-damage|p2a: Ceruledge|1/100
|
|-weather|none
|-end|p1a: Scream Tail|Protosynthesis
|upkeep
|turn|15
|
|t:|1758945822
|move|p2a: Ceruledge|Shadow Sneak|p1a: Scream Tail
|-supereffective|p1a: Scream Tail
|-damage|p1a: Scream Tail|0 fnt
|faint|p1a: Scream Tail
|-end|p1a: Scream Tail|Protosynthesis|[silent]
|
|upkeep
|
|t:|1758945828
|switch|p1a: Great Tusk|Great Tusk|100/100
|-activate|p1a: Great Tusk|move: Sticky Web
|-unboost|p1a: Great Tusk|spe|1
|-enditem|p1a: Great Tusk|Booster Energy
|-activate|p1a: Great Tusk|ability: Protosynthesis|[fromitem]
|-start|p1a: Great Tusk|protosynthesisatk
|turn|16
|
|t:|1758945835
|move|p2a: Ceruledge|Bitter Blade|p1a: Great Tusk
|-damage|p1a: Great Tusk|38/100
|-heal|p2a: Ceruledge|41/100|[from] drain|[of] p1a: Great Tusk
|move|p1a: Great Tusk|Headlong Rush|p2a: Ceruledge
|-supereffective|p2a: Ceruledge
|-damage|p2a: Ceruledge|0 fnt
|-unboost|p1a: Great Tusk|def|1
|-unboost|p1a: Great Tusk|spd|1
|faint|p2a: Ceruledge
|
|upkeep
|
|t:|1758945844
|switch|p2a: Espeon|Espeon, M, tera:Fairy|100/100
|turn|17
|
|t:|1758945850
|-end|p1a: Great Tusk|Protosynthesis|[silent]
|switch|p1a: Torkoal|Torkoal, F|68/100
|-activate|p1a: Torkoal|move: Sticky Web
|-unboost|p1a: Torkoal|spe|1
|-weather|SunnyDay|[from] ability: Drought|[of] p1a: Torkoal
|move|p2a: Espeon|Psychic Noise|p1a: Torkoal
|-damage|p1a: Torkoal|16/100
|-start|p1a: Torkoal|move: Heal Block
|
|-weather|SunnyDay|[upkeep]
|upkeep
|turn|18
|
|t:|1758945852
|move|p2a: Espeon|Psychic Noise|p1a: Torkoal
|-damage|p1a: Torkoal|0 fnt
|faint|p1a: Torkoal
|
|-weather|SunnyDay|[upkeep]
|upkeep
|
|t:|1758945860
|switch|p1a: Heatran|Heatran, F, tera:Fire|22/100
|-activate|p1a: Heatran|move: Sticky Web
|-unboost|p1a: Heatran|spe|1
|turn|19
|
|t:|1758945864
|move|p2a: Espeon|Psychic Noise|p1a: Heatran
|-damage|p1a: Heatran|0 fnt
|faint|p1a: Heatran
|
|-weather|SunnyDay|[upkeep]
|upkeep
|
|t:|1758945867
|switch|p1a: Ninetales|Ninetales, F|100/100
|-activate|p1a: Ninetales|move: Sticky Web
|-unboost|p1a: Ninetales|spe|1
|turn|20
|
|t:|1758945876
|move|p2a: Espeon|Psychic Noise|p1a: Ninetales
|-damage|p1a: Ninetales|39/100
|-start|p1a: Ninetales|move: Heal Block
|move|p1a: Ninetales|Solar Beam||[still]
|-prepare|p1a: Ninetales|Solar Beam
|-anim|p1a: Ninetales|Solar Beam|p2a: Espeon
|-damage|p2a: Espeon|68/100
|
|-weather|SunnyDay|[upkeep]
|upkeep
|turn|21
|
|t:|1758945882
|move|p2a: Espeon|Psychic Noise|p1a: Ninetales
|-damage|p1a: Ninetales|0 fnt
|faint|p1a: Ninetales
|
|-weather|none
|upkeep
|
|t:|1758945895
|switch|p1a: Great Tusk|Great Tusk|38/100
|-activate|p1a: Great Tusk|move: Sticky Web
|-unboost|p1a: Great Tusk|spe|1
|turn|22
|
|t:|1758945901
|move|p2a: Espeon|Psychic Noise|p1a: Great Tusk
|-supereffective|p1a: Great Tusk
|-damage|p1a: Great Tusk|0 fnt
|faint|p1a: Great Tusk
|-end|p1a: Great Tusk|Protosynthesis|[silent]
|
|win|Oattumblely
|raw|jessies boyfriend's rating: 1345 &rarr; <strong>1328</strong><br />(-17 for losing)
|raw|Oattumblely's rating: 1397 &rarr; <strong>1414</strong><br />(+17 for winning)
|l|☆jessies boyfriend
|player|p1|
|l|☆Oattumblely
|player|p2|
