|j|☆WeR#4Hay!
|j|☆IronClod
|t:|1758990675
|gametype|singles
|player|p1|WeR#4Hay!|170|1553
|player|p2|IronClod|fantina|1602
|gen|9
|tier|[Gen 9] OU
|rated|
|rule|HP Percentage Mod: HP is shown in percentages
|rule|Endless Battle Clause: Forcing endless battles is banned
|rule|Species Clause: Limit one of each Pokémon
|rule|OHKO Clause: OHKO moves are banned
|rule|Evasion Items Clause: Evasion items are banned
|rule|Evasion Moves Clause: Evasion moves are banned
|rule|Evasion Abilities Clause: Evasion abilities are banned
|rule|Sleep Moves Clause: Sleep-inducing moves are banned
|clearpoke
|poke|p1|Lycanroc-Dusk, F|
|poke|p1|Okidogi, M|
|poke|p1|Zapdos|
|poke|p1|Iron Treads|
|poke|p1|Gholdengo|
|poke|p1|Alomomola, F|
|poke|p2|Ursaluna, M|
|poke|p2|Slowking-Galar, F|
|poke|p2|Great Tusk|
|poke|p2|Gholdengo|
|poke|p2|Moltres|
|poke|p2|Meowscarada, F|
|teampreview
|inactive|Battle timer is ON: inactive players will automatically lose when time's up. (requested by IronClod)
|inactive|WeR#4Hay! has 120 seconds left.
|
|t:|1758990710
|teamsize|p1|6
|teamsize|p2|6
|start
|switch|p1a: Lycanroc|Lycanroc-Dusk, F|100/100
|switch|p2a: Slowking|Slowking-Galar, F|100/100
|turn|1
|
|t:|1758990731
|switch|p2a: Great Tusk|Great Tusk|100/100
|move|p1a: Lycanroc|Stone Edge|p2a: Great Tusk
|-resisted|p2a: Great Tusk
|-damage|p2a: Great Tusk|85/100
|
|upkeep
|turn|2
|
|t:|1758990737
|switch|p1a: Zapdos|Zapdos|100/100
|-end|p2a: Great Tusk|Protosynthesis|[silent]
|switch|p2a: Meowscarada|Meowscarada, F|100/100
|
|upkeep
|turn|3
|
|t:|1758990762
|switch|p2a: Ursaluna|Ursaluna, M|100/100
|move|p1a: Zapdos|Volt Switch|p2a: Ursaluna
|-immune|p2a: Ursaluna
|
|upkeep
|turn|4
|
|t:|1758990773
|switch|p1a: Alomomola|Alomomola, F|100/100
|move|p2a: Ursaluna|Bulk Up|p2a: Ursaluna
|-boost|p2a: Ursaluna|atk|1
|-boost|p2a: Ursaluna|def|1
|
|upkeep
|turn|5
|
|t:|1758990787
|move|p2a: Ursaluna|Bulk Up|p2a: Ursaluna
|-boost|p2a: Ursaluna|atk|1
|-boost|p2a: Ursaluna|def|1
|move|p1a: Alomomola|Flip Turn|p2a: Ursaluna
|-supereffective|p2a: Ursaluna
|-damage|p2a: Ursaluna|88/100
|
|t:|1758990794
|switch|p1a: Okidogi|Okidogi, M|100/100|[from] Flip Turn
|
|-heal|p2a: Ursaluna|94/100|[from] item: Leftovers
|upkeep
|turn|6
|
|t:|1758990801
|-terastallize|p1a: Okidogi|Water
|move|p2a: Ursaluna|Earthquake|p1a: Okidogi
|-damage|p1a: Okidogi|29/100
|move|p1a: Okidogi|Roar|p2a: Ursaluna
|drag|p2a: Meowscarada|Meowscarada, F|100/100
|
|upkeep
|turn|7
|
|t:|1758990811
|switch|p1a: Zapdos|Zapdos|100/100
|move|p2a: Meowscarada|Spikes|p1a: Zapdos
|-sidestart|p1: WeR#4Hay!|Spikes
|
|upkeep
|turn|8
|
|t:|1758990818
|switch|p2a: Slowking|Slowking-Galar, F|100/100
|move|p1a: Zapdos|Hurricane|p2a: Slowking
|-damage|p2a: Slowking|75/100
|
|upkeep
|turn|9
|
|t:|1758990825
|move|p1a: Zapdos|Hurricane|p2a: Slowking|[miss]
|-miss|p1a: Zapdos|p2a: Slowking
|move|p2a: Slowking|Toxic Spikes|p1a: Zapdos
|-sidestart|p1: WeR#4Hay!|move: Toxic Spikes
|
|upkeep
|turn|10
|-message|WeR#4Hay! forfeited.
|
|win|IronClod
|raw|WeR#4Hay!'s rating: 1553 &rarr; <strong>1536</strong><br />(-17 for losing)
|raw|IronClod's rating: 1602 &rarr; <strong>1619</strong><br />(+17 for winning)
|l|☆WeR#4Hay!
|player|p1|
|l|☆IronClod
|player|p2|
