|j|‽myree
|j|☆miscellandorus
|t:|1759028573
|gametype|singles
|player|p1|myree|benga|1378
|player|p2|miscellandorus|102|1367
|gen|9
|tier|[Gen 9] OU
|rated|
|rule|HP Percentage Mod: HP is shown in percentages
|rule|Endless Battle Clause: Forcing endless battles is banned
|rule|Species Clause: Limit one of each Pokémon
|rule|OHKO Clause: OHKO moves are banned
|rule|Evasion Items Clause: Evasion items are banned
|rule|Evasion Moves Clause: Evasion moves are banned
|rule|Evasion Abilities Clause: Evasion abilities are banned
|rule|Sleep Moves Clause: Sleep-inducing moves are banned
|clearpoke
|poke|p1|Fezandipiti, M|
|poke|p1|Iron Crown|
|poke|p1|Iron Boulder|
|poke|p1|Iron Hands|
|poke|p1|Samurott-Hisui, M|
|poke|p1|Enamorus-Therian, F|
|poke|p2|Araquanid, F|
|poke|p2|Entei|
|poke|p2|Thundurus-Therian, M|
|poke|p2|Gholdengo|
|poke|p2|Zamazenta-*|
|poke|p2|Hatterene, F|
|teampreview
|
|t:|1759028593
|teamsize|p1|6
|teamsize|p2|6
|start
|switch|p1a: Samurott|Samurott-Hisui, M|100/100
|switch|p2a: Araquanid|Araquanid, F|100/100
|turn|1
|
|t:|1759028602
|move|p1a: Samurott|Ceaseless Edge|p2a: Araquanid
|-damage|p2a: Araquanid|60/100
|-sidestart|p2: miscellandorus|Spikes
|move|p2a: Araquanid|Sticky Web|p1a: Samurott
|-sidestart|p1: myree|move: Sticky Web
|
|upkeep
|turn|2
|
|t:|1759028612
|move|p1a: Samurott|Ceaseless Edge|p2a: Araquanid|[miss]
|-miss|p1a: Samurott|p2a: Araquanid
|move|p2a: Araquanid|Leech Life|p1a: Samurott
|-supereffective|p1a: Samurott
|-damage|p1a: Samurott|58/100
|-heal|p2a: Araquanid|83/100|[from] drain|[of] p1a: Samurott
|
|upkeep
|turn|3
|
|t:|1759028615
|move|p1a: Samurott|Ceaseless Edge|p2a: Araquanid
|-damage|p2a: Araquanid|44/100
|-sidestart|p2: miscellandorus|Spikes
|move|p2a: Araquanid|Leech Life|p1a: Samurott
|-supereffective|p1a: Samurott
|-damage|p1a: Samurott|8/100
|-heal|p2a: Araquanid|71/100|[from] drain|[of] p1a: Samurott
|
|upkeep
|turn|4
|
|t:|1759028620
|move|p1a: Samurott|Ceaseless Edge|p2a: Araquanid
|-damage|p2a: Araquanid|28/100
|-sidestart|p2: miscellandorus|Spikes
|move|p2a: Araquanid|Leech Life|p1a: Samurott
|-supereffective|p1a: Samurott
|-damage|p1a: Samurott|0 fnt
|-heal|p2a: Araquanid|32/100|[from] drain|[of] p1a: Samurott
|faint|p1a: Samurott
|
|upkeep
|
|t:|1759028623
|switch|p1a: Iron Boulder|Iron Boulder|100/100
|turn|5
|
|t:|1759028626
|move|p1a: Iron Boulder|Mighty Cleave|p2a: Araquanid
|-supereffective|p2a: Araquanid
|-damage|p2a: Araquanid|0 fnt
|faint|p2a: Araquanid
|
|upkeep
|
|t:|1759028647
|switch|p2a: Zamazenta|Zamazenta|100/100
|-damage|p2a: Zamazenta|76/100|[from] Spikes
|-ability|p2a: Zamazenta|Dauntless Shield|boost
|-boost|p2a: Zamazenta|def|1
|turn|6
|
|t:|1759028660
|-end|p1a: Iron Boulder|Quark Drive|[silent]
|switch|p1a: Fezandipiti|Fezandipiti, M|100/100
|-item|p1a: Fezandipiti|Air Balloon
|move|p2a: Zamazenta|Body Press|p1a: Fezandipiti
|-resisted|p1a: Fezandipiti
|-damage|p1a: Fezandipiti|84/100
|-enditem|p1a: Fezandipiti|Air Balloon
|
|-heal|p2a: Zamazenta|82/100|[from] item: Leftovers
|upkeep
|turn|7
|
|t:|1759028664
|switch|p2a: Gholdengo|Gholdengo|100/100
|-item|p2a: Gholdengo|Air Balloon
|move|p1a: Fezandipiti|Moonblast|p2a: Gholdengo
|-resisted|p2a: Gholdengo
|-damage|p2a: Gholdengo|81/100
|-enditem|p2a: Gholdengo|Air Balloon
|
|upkeep
|turn|8
|
|t:|1759028674
|switch|p1a: Iron Hands|Iron Hands|100/100
|move|p2a: Gholdengo|Make It Rain|p1a: Iron Hands
|-resisted|p1a: Iron Hands
|-damage|p1a: Iron Hands|74/100
|-unboost|p2a: Gholdengo|spa|1
|
|upkeep
|turn|9
|
|t:|1759028685
|switch|p2a: Entei|Entei|100/100
|-damage|p2a: Entei|76/100|[from] Spikes
|move|p1a: Iron Hands|Swords Dance|p1a: Iron Hands
|-boost|p1a: Iron Hands|atk|2
|
|upkeep
|turn|10
|
|t:|1759028691
|move|p2a: Entei|Stomping Tantrum|p1a: Iron Hands
|-supereffective|p1a: Iron Hands
|-damage|p1a: Iron Hands|23/100
|move|p1a: Iron Hands|Drain Punch|p2a: Entei
|-damage|p2a: Entei|0 fnt
|-heal|p1a: Iron Hands|50/100|[from] drain|[of] p2a: Entei
|faint|p2a: Entei
|
|upkeep
|-message|miscellandorus forfeited.
|
|win|myree
|raw|myree's rating: 1378 &rarr; <strong>1397</strong><br />(+19 for winning)
|raw|miscellandorus's rating: 1367 &rarr; <strong>1348</strong><br />(-19 for losing)
|l|☆miscellandorus
|player|p2|
