|badge|p2|bronze|gen9ou|100-6
|html|<div class="broadcast-red"><strong>This battle is required to be public due to one or more player having a season medal.</strong><br />During the public phase, you can discuss the state of the ladder <a href="/seasondiscussion">in a special chatroom.</a></div>
|uhtml|medal-msg|<div class="broadcast-blue">Curious what those medals under the avatar are? PS now has Ladder Seasons! For more information, check out the <a href="https://www.smogon.com/forums/threads/3740067/">thread on Smogon.</a></div>
|j|☆Snowstorm brute
|j|☆jamel1
|t:|1758977245
|gametype|singles
|player|p1|Snowstorm brute|veteran|1681
|player|p2|jamel1|cyrus|1794
|gen|9
|tier|[Gen 9] OU
|rated|
|rule|HP Percentage Mod: HP is shown in percentages
|rule|Endless Battle Clause: Forcing endless battles is banned
|rule|Species Clause: Limit one of each Pokémon
|rule|OHKO Clause: OHKO moves are banned
|rule|Evasion Items Clause: Evasion items are banned
|rule|Evasion Moves Clause: Evasion moves are banned
|rule|Evasion Abilities Clause: Evasion abilities are banned
|rule|Sleep Moves Clause: Sleep-inducing moves are banned
|clearpoke
|poke|p1|Ogerpon-Wellspring, F|
|poke|p1|Garganacl, F|
|poke|p1|Great Tusk|
|poke|p1|Dragonite, F|
|poke|p1|Moltres|
|poke|p1|Darkrai|
|poke|p2|Azumarill, F|
|poke|p2|Deoxys-Defense|
|poke|p2|Gyarados, F|
|poke|p2|Maushold|
|poke|p2|Armarouge, F|
|poke|p2|Kommo-o, F|
|teampreview
|j| amefurikoneko
|
|t:|1758977258
|teamsize|p1|6
|teamsize|p2|6
|start
|switch|p1a: Ogerpon|Ogerpon-Wellspring, F|100/100
|switch|p2a: Azumarill|Azumarill, F|100/100
|turn|1
|
|t:|1758977261
|switch|p2a: Armarouge|Armarouge, F|100/100
|move|p1a: Ogerpon|Spikes|p2a: Armarouge
|-sidestart|p2: jamel1|Spikes
|
|upkeep
|turn|2
|
|t:|1758977264
|move|p1a: Ogerpon|U-turn|p2a: Armarouge
|-damage|p2a: Armarouge|84/100
|-ability|p2a: Armarouge|Weak Armor|boost
|-unboost|p2a: Armarouge|def|1
|-boost|p2a: Armarouge|spe|2
|
|t:|1758977280
|switch|p1a: Darkrai|Darkrai|100/100|[from] U-turn
|move|p2a: Armarouge|Iron Defense|p2a: Armarouge
|-boost|p2a: Armarouge|def|2
|
|upkeep
|turn|3
|
|t:|1758977284
|move|p1a: Darkrai|Dark Pulse|p2a: Armarouge
|-supereffective|p2a: Armarouge
|-crit|p2a: Armarouge
|-damage|p2a: Armarouge|0 fnt
|faint|p2a: Armarouge
|
|upkeep
|
|t:|1758977287
|switch|p2a: Azumarill|Azumarill, F|100/100
|-damage|p2a: Azumarill|88/100|[from] Spikes
|turn|4
|
|t:|1758977297
|switch|p1a: Moltres|Moltres|100/100
|move|p2a: Azumarill|Play Rough|p1a: Moltres
|-resisted|p1a: Moltres
|-damage|p1a: Moltres|80/100
|
|upkeep
|turn|5
|
|t:|1758977302
|move|p1a: Moltres|Will-O-Wisp|p2a: Azumarill
|-status|p2a: Azumarill|brn
|move|p2a: Azumarill|Belly Drum|p2a: Azumarill
|-damage|p2a: Azumarill|38/100 brn
|-setboost|p2a: Azumarill|atk|6|[from] move: Belly Drum
|-enditem|p2a: Azumarill|Sitrus Berry|[eat]
|-heal|p2a: Azumarill|63/100 brn|[from] item: Sitrus Berry
|
|-damage|p2a: Azumarill|57/100 brn|[from] brn
|upkeep
|turn|6
|
|t:|1758977306
|switch|p1a: Ogerpon|Ogerpon-Wellspring, F|100/100
|move|p2a: Azumarill|Play Rough|p1a: Ogerpon
|-damage|p1a: Ogerpon|0 fnt
|faint|p1a: Ogerpon
|
|-damage|p2a: Azumarill|51/100 brn|[from] brn
|upkeep
|
|t:|1758977312
|switch|p1a: Dragonite|Dragonite, F|100/100
|turn|7
|
|t:|1758977315
|-terastallize|p1a: Dragonite|Normal
|move|p1a: Dragonite|Extreme Speed|p2a: Azumarill
|-damage|p2a: Azumarill|0 fnt
|faint|p2a: Azumarill
|
|upkeep
|
|t:|1758977319
|switch|p2a: Maushold|Maushold|100/100
|-damage|p2a: Maushold|88/100|[from] Spikes
|turn|8
|
|t:|1758977323
|switch|p1a: Garganacl|Garganacl, F|100/100
|move|p2a: Maushold|Thunder Wave|p1a: Garganacl
|-immune|p1a: Garganacl|[from] ability: Purifying Salt
|
|upkeep
|turn|9
|
|t:|1758977325
|move|p2a: Maushold|Tidy Up|p2a: Maushold
|-sideend|p2: jamel1|Spikes
|-activate|p2a: Maushold|move: Tidy Up
|-boost|p2a: Maushold|atk|1
|-boost|p2a: Maushold|spe|1
|move|p1a: Garganacl|Salt Cure|p2a: Maushold
|-damage|p2a: Maushold|75/100
|-start|p2a: Maushold|Salt Cure
|
|-damage|p2a: Maushold|62/100|[from] Salt Cure
|upkeep
|turn|10
|
|t:|1758977328
|switch|p2a: Kommo-o|Kommo-o, F|100/100
|move|p1a: Garganacl|Protect||[still]
|-fail|p1a: Garganacl
|
|upkeep
|turn|11
|
|t:|1758977331
|move|p2a: Kommo-o|Substitute|p2a: Kommo-o
|-start|p2a: Kommo-o|Substitute
|-damage|p2a: Kommo-o|75/100
|move|p1a: Garganacl|Salt Cure|p2a: Kommo-o
|-resisted|p2a: Kommo-o
|-activate|p2a: Kommo-o|move: Substitute|[damage]
|
|upkeep
|turn|12
|
|t:|1758977334
|switch|p1a: Darkrai|Darkrai|100/100
|move|p2a: Kommo-o|Clangorous Soul|p2a: Kommo-o
|-boost|p2a: Kommo-o|atk|1
|-boost|p2a: Kommo-o|def|1
|-boost|p2a: Kommo-o|spa|1
|-boost|p2a: Kommo-o|spd|1
|-boost|p2a: Kommo-o|spe|1
|-damage|p2a: Kommo-o|43/100
|
|upkeep
|turn|13
|
|t:|1758977339
|move|p1a: Darkrai|Ice Beam|p2a: Kommo-o
|-supereffective|p2a: Kommo-o
|-end|p2a: Kommo-o|Substitute
|move|p2a: Kommo-o|Drain Punch|p1a: Darkrai
|-supereffective|p1a: Darkrai
|-damage|p1a: Darkrai|0 fnt
|-heal|p2a: Kommo-o|89/100|[from] drain|[of] p1a: Darkrai
|faint|p1a: Darkrai
|
|upkeep
|
|t:|1758977349
|switch|p1a: Moltres|Moltres|80/100
|turn|14
|j| TheMysteriousBoy
|
|t:|1758977356
|move|p2a: Kommo-o|Substitute|p2a: Kommo-o
|-start|p2a: Kommo-o|Substitute
|-damage|p2a: Kommo-o|64/100
|move|p1a: Moltres|Will-O-Wisp||[still]
|-fail|p1a: Moltres
|
|upkeep
|turn|15
|
|t:|1758977360
|move|p2a: Kommo-o|Drain Punch|p1a: Moltres
|-resisted|p1a: Moltres
|-damage|p1a: Moltres|60/100
|-heal|p2a: Kommo-o|77/100|[from] drain|[of] p1a: Moltres
|move|p1a: Moltres|Brave Bird|p2a: Kommo-o
|-supereffective|p2a: Kommo-o
|-end|p2a: Kommo-o|Substitute
|-damage|p1a: Moltres|53/100|[from] Recoil|[of] p2a: Kommo-o
|
|upkeep
|turn|16
|
|t:|1758977364
|move|p2a: Kommo-o|Substitute|p2a: Kommo-o
|-start|p2a: Kommo-o|Substitute
|-damage|p2a: Kommo-o|52/100
|move|p1a: Moltres|Roost|p1a: Moltres
|-heal|p1a: Moltres|100/100
|-singleturn|p1a: Moltres|move: Roost
|
|upkeep
|turn|17
|
|t:|1758977366
|move|p2a: Kommo-o|Clangorous Soul|p2a: Kommo-o
|-boost|p2a: Kommo-o|atk|1
|-boost|p2a: Kommo-o|def|1
|-boost|p2a: Kommo-o|spa|1
|-boost|p2a: Kommo-o|spd|1
|-boost|p2a: Kommo-o|spe|1
|-damage|p2a: Kommo-o|19/100
|-enditem|p2a: Kommo-o|Lansat Berry|[eat]
|-start|p2a: Kommo-o|move: Focus Energy
|move|p1a: Moltres|Brave Bird|p2a: Kommo-o
|-supereffective|p2a: Kommo-o
|-end|p2a: Kommo-o|Substitute
|-damage|p1a: Moltres|94/100|[from] Recoil|[of] p2a: Kommo-o
|
|upkeep
|turn|18
|
|t:|1758977369
|move|p2a: Kommo-o|Drain Punch|p1a: Moltres
|-resisted|p1a: Moltres
|-crit|p1a: Moltres
|-damage|p1a: Moltres|47/100
|-heal|p2a: Kommo-o|49/100|[from] drain|[of] p1a: Moltres
|-status|p2a: Kommo-o|brn|[from] ability: Flame Body|[of] p1a: Moltres
|move|p1a: Moltres|Brave Bird|p2a: Kommo-o
|-supereffective|p2a: Kommo-o
|-damage|p2a: Kommo-o|1/100 brn
|-damage|p1a: Moltres|34/100|[from] Recoil
|
|-damage|p2a: Kommo-o|0 fnt|[from] brn
|faint|p2a: Kommo-o
|upkeep
|
|t:|1758977374
|switch|p2a: Gyarados|Gyarados, F, shiny|100/100
|turn|19
|
|t:|1758977377
|move|p2a: Gyarados|Substitute|p2a: Gyarados
|-start|p2a: Gyarados|Substitute
|-damage|p2a: Gyarados|76/100
|move|p1a: Moltres|Will-O-Wisp|p2a: Gyarados|[miss]
|-miss|p1a: Moltres|p2a: Gyarados
|
|-heal|p2a: Gyarados|82/100|[from] item: Leftovers
|upkeep
|turn|20
|
|t:|1758977379
|move|p2a: Gyarados|Waterfall|p1a: Moltres
|-supereffective|p1a: Moltres
|-damage|p1a: Moltres|0 fnt
|faint|p1a: Moltres
|-ability|p2a: Gyarados|Moxie|boost
|-boost|p2a: Gyarados|atk|1
|
|-heal|p2a: Gyarados|88/100|[from] item: Leftovers
|upkeep
|
|t:|1758977382
|switch|p1a: Dragonite|Dragonite, F, tera:Normal|100/100
|turn|21
|
|t:|1758977383
|move|p1a: Dragonite|Extreme Speed|p2a: Gyarados
|-end|p2a: Gyarados|Substitute
|move|p2a: Gyarados|Waterfall|p1a: Dragonite
|-damage|p1a: Dragonite|69/100
|
|-heal|p2a: Gyarados|94/100|[from] item: Leftovers
|upkeep
|turn|22
|
|t:|1758977392
|move|p1a: Dragonite|Extreme Speed|p2a: Gyarados
|-damage|p2a: Gyarados|36/100
|move|p2a: Gyarados|Waterfall|p1a: Dragonite
|-damage|p1a: Dragonite|5/100
|
|-heal|p2a: Gyarados|42/100|[from] item: Leftovers
|upkeep
|turn|23
|
|t:|1758977397
|switch|p2a: Maushold|Maushold|62/100
|move|p1a: Dragonite|Extreme Speed|p2a: Maushold
|-damage|p2a: Maushold|17/100
|
|upkeep
|turn|24
|
|t:|1758977401
|-terastallize|p2a: Maushold|Ghost
|move|p1a: Dragonite|Extreme Speed|p2a: Maushold
|-immune|p2a: Maushold
|move|p2a: Maushold|Tidy Up|p2a: Maushold
|-boost|p2a: Maushold|atk|1
|-boost|p2a: Maushold|spe|1
|
|upkeep
|turn|25
|
|t:|1758977403
|move|p2a: Maushold|Bite|p1a: Dragonite
|-damage|p1a: Dragonite|0 fnt
|faint|p1a: Dragonite
|
|upkeep
|
|t:|1758977405
|switch|p1a: Garganacl|Garganacl, F|100/100
|turn|26
|
|t:|1758977408
|move|p2a: Maushold|Population Bomb|p1a: Garganacl
|-resisted|p1a: Garganacl
|-damage|p1a: Garganacl|96/100
|-resisted|p1a: Garganacl
|-damage|p1a: Garganacl|91/100
|-resisted|p1a: Garganacl
|-damage|p1a: Garganacl|86/100
|-resisted|p1a: Garganacl
|-damage|p1a: Garganacl|81/100
|-resisted|p1a: Garganacl
|-damage|p1a: Garganacl|76/100
|-resisted|p1a: Garganacl
|-damage|p1a: Garganacl|71/100
|-resisted|p1a: Garganacl
|-damage|p1a: Garganacl|66/100
|-resisted|p1a: Garganacl
|-damage|p1a: Garganacl|61/100
|-resisted|p1a: Garganacl
|-damage|p1a: Garganacl|56/100
|-resisted|p1a: Garganacl
|-damage|p1a: Garganacl|51/100
|-hitcount|p1a: Garganacl|10
|move|p1a: Garganacl|Salt Cure|p2a: Maushold
|-damage|p2a: Maushold|3/100
|-start|p2a: Maushold|Salt Cure
|
|-heal|p1a: Garganacl|57/100|[from] item: Leftovers
|-damage|p2a: Maushold|0 fnt|[from] Salt Cure
|faint|p2a: Maushold
|upkeep
|
|t:|1758977409
|switch|p2a: Gyarados|Gyarados, F, shiny|42/100
|turn|27
|
|t:|1758977414
|move|p2a: Gyarados|Waterfall|p1a: Garganacl
|-supereffective|p1a: Garganacl
|-damage|p1a: Garganacl|6/100
|move|p1a: Garganacl|Salt Cure|p2a: Gyarados
|-supereffective|p2a: Gyarados
|-damage|p2a: Gyarados|6/100
|-start|p2a: Gyarados|Salt Cure
|
|-heal|p2a: Gyarados|12/100|[from] item: Leftovers
|-heal|p1a: Garganacl|12/100|[from] item: Leftovers
|-damage|p2a: Gyarados|0 fnt|[from] Salt Cure
|faint|p2a: Gyarados
|upkeep
|
|t:|1758977417
|switch|p2a: Deoxys|Deoxys-Defense|100/100
|-ability|p2a: Deoxys|Pressure
|turn|28
|
|t:|1758977419
|move|p1a: Garganacl|Protect|p1a: Garganacl
|-singleturn|p1a: Garganacl|Protect
|move|p2a: Deoxys|Low Kick|p1a: Garganacl
|-activate|p1a: Garganacl|move: Protect
|
|-heal|p1a: Garganacl|19/100|[from] item: Leftovers
|upkeep
|turn|29
|
|t:|1758977422
|switch|p1a: Great Tusk|Great Tusk|100/100
|move|p2a: Deoxys|Low Kick|p1a: Great Tusk
|-damage|p1a: Great Tusk|88/100
|
|upkeep
|turn|30
|
|t:|1758977424
|move|p1a: Great Tusk|Knock Off|p2a: Deoxys
|-supereffective|p2a: Deoxys
|-damage|p2a: Deoxys|54/100
|-enditem|p2a: Deoxys|Weakness Policy
|-boost|p2a: Deoxys|atk|2|[from] item: Weakness Policy
|-boost|p2a: Deoxys|spa|2|[from] item: Weakness Policy
|move|p2a: Deoxys|Cosmic Power|p2a: Deoxys
|-boost|p2a: Deoxys|def|1
|-boost|p2a: Deoxys|spd|1
|
|upkeep
|turn|31
|
|t:|1758977427
|move|p1a: Great Tusk|Headlong Rush|p2a: Deoxys
|-damage|p2a: Deoxys|25/100
|-unboost|p1a: Great Tusk|def|1
|-unboost|p1a: Great Tusk|spd|1
|move|p2a: Deoxys|Cosmic Power|p2a: Deoxys
|-boost|p2a: Deoxys|def|1
|-boost|p2a: Deoxys|spd|1
|
|upkeep
|turn|32
|
|t:|1758977430
|move|p1a: Great Tusk|Headlong Rush|p2a: Deoxys
|-damage|p2a: Deoxys|3/100
|-unboost|p1a: Great Tusk|def|1
|-unboost|p1a: Great Tusk|spd|1
|move|p2a: Deoxys|Recover|p2a: Deoxys
|-heal|p2a: Deoxys|53/100
|
|upkeep
|turn|33
|
|t:|1758977434
|move|p1a: Great Tusk|Headlong Rush|p2a: Deoxys
|-damage|p2a: Deoxys|34/100
|-unboost|p1a: Great Tusk|def|1
|-unboost|p1a: Great Tusk|spd|1
|move|p2a: Deoxys|Recover|p2a: Deoxys
|-heal|p2a: Deoxys|84/100
|
|upkeep
|turn|34
|
|t:|1758977436
|move|p1a: Great Tusk|Headlong Rush|p2a: Deoxys
|-damage|p2a: Deoxys|65/100
|-unboost|p1a: Great Tusk|def|1
|-unboost|p1a: Great Tusk|spd|1
|move|p2a: Deoxys|Cosmic Power|p2a: Deoxys
|-boost|p2a: Deoxys|def|1
|-boost|p2a: Deoxys|spd|1
|
|upkeep
|turn|35
|
|t:|1758977443
|-end|p1a: Great Tusk|Protosynthesis|[silent]
|switch|p1a: Garganacl|Garganacl, F|19/100
|move|p2a: Deoxys|Stored Power|p1a: Garganacl
|-damage|p1a: Garganacl|0 fnt
|faint|p1a: Garganacl
|
|upkeep
|-message|Snowstorm brute forfeited.
|
|win|jamel1
|raw|Snowstorm brute's rating: 1681 &rarr; <strong>1667</strong><br />(-14 for losing)
|raw|jamel1's rating: 1794 &rarr; <strong>1808</strong><br />(+14 for winning)
|l|☆Snowstorm brute
|player|p1|
|l| amefurikoneko
|l|☆jamel1
|player|p2|
|l| TheMysteriousBoy
