|j|‽Beetleinthebox6734
|j|☆kingsnni
|t:|1758980778
|gametype|singles
|player|p1|Beetleinthebox6734|266|1072
|player|p2|kingsnni|1|1038
|gen|9
|tier|[Gen 9] OU
|rated|
|rule|HP Percentage Mod: HP is shown in percentages
|rule|Endless Battle Clause: Forcing endless battles is banned
|rule|Species Clause: Limit one of each Pokémon
|rule|OHKO Clause: OHKO moves are banned
|rule|Evasion Items Clause: Evasion items are banned
|rule|Evasion Moves Clause: Evasion moves are banned
|rule|Evasion Abilities Clause: Evasion abilities are banned
|rule|Sleep Moves Clause: Sleep-inducing moves are banned
|clearpoke
|poke|p1|Ninetales, F|
|poke|p1|Walking Wake|
|poke|p1|Raging Bolt|
|poke|p1|Iron Moth|
|poke|p1|Hatterene, F|
|poke|p1|Landorus-Therian, M|
|poke|p2|Shaymin|
|poke|p2|Kyurem|
|poke|p2|Tornadus, M|
|poke|p2|Chandelure, M|
|poke|p2|Zapdos|
|poke|p2|Gyarados, M|
|teampreview
|inactive|Battle timer is ON: inactive players will automatically lose when time's up. (requested by Beetleinthebox6734)
|
|t:|1758980794
|teamsize|p1|6
|teamsize|p2|6
|start
|switch|p1a: Ninetales|Ninetales, F, shiny|100/100
|switch|p2a: Kyurem|Kyurem, shiny|100/100
|-weather|SunnyDay|[from] ability: Drought|[of] p1a: Ninetales
|-ability|p2a: Kyurem|Pressure
|turn|1
|
|t:|1758980808
|switch|p1a: Hatterene|Hatterene, F|100/100
|move|p2a: Kyurem|Earth Power|p1a: Hatterene
|-damage|p1a: Hatterene|68/100
|-enditem|p1a: Hatterene|Eject Button
|
|t:|1758980829
|switch|p1a: Walking Wake|Walking Wake|100/100
|-activate|p1a: Walking Wake|ability: Protosynthesis
|-start|p1a: Walking Wake|protosynthesisspe
|
|-weather|SunnyDay|[upkeep]
|upkeep
|turn|2
|
|t:|1758980837
|move|p1a: Walking Wake|Dragon Pulse|p2a: Kyurem
|-supereffective|p2a: Kyurem
|-damage|p2a: Kyurem|0 fnt
|faint|p2a: Kyurem
|
|-weather|SunnyDay|[upkeep]
|upkeep
|
|t:|1758980852
|switch|p2a: Shaymin|Shaymin, shiny|100/100
|turn|3
|inactive|Beetleinthebox6734 has 120 seconds left.
|
|t:|1758980881
|-end|p1a: Walking Wake|Protosynthesis|[silent]
|switch|p1a: Iron Moth|Iron Moth|100/100
|-enditem|p1a: Iron Moth|Booster Energy
|-activate|p1a: Iron Moth|ability: Quark Drive|[fromitem]
|-start|p1a: Iron Moth|quarkdrivespe
|move|p2a: Shaymin|Seed Flare|p1a: Iron Moth
|-resisted|p1a: Iron Moth
|-damage|p1a: Iron Moth|88/100
|-unboost|p1a: Iron Moth|spd|2
|
|-weather|SunnyDay|[upkeep]
|upkeep
|turn|4
|
|t:|1758980896
|switch|p2a: Gyarados|Gyarados, M, shiny|100/100
|-ability|p2a: Gyarados|Intimidate|boost
|-unboost|p1a: Iron Moth|atk|1
|move|p1a: Iron Moth|Fiery Dance|p2a: Gyarados
|-resisted|p2a: Gyarados
|-damage|p2a: Gyarados|76/100
|
|-weather|SunnyDay|[upkeep]
|upkeep
|turn|5
|inactive|Beetleinthebox6734 has 120 seconds left.
|
|t:|1758980917
|-end|p1a: Iron Moth|Quark Drive|[silent]
|switch|p1a: Landorus|Landorus-Therian, M|100/100
|-ability|p1a: Landorus|Intimidate|boost
|-unboost|p2a: Gyarados|atk|1
|move|p2a: Gyarados|Dragon Dance|p2a: Gyarados
|-boost|p2a: Gyarados|atk|1
|-boost|p2a: Gyarados|spe|1
|
|-weather|SunnyDay|[upkeep]
|upkeep
|turn|6
|
|t:|1758980929
|move|p2a: Gyarados|Waterfall|p1a: Landorus
|-supereffective|p1a: Landorus
|-damage|p1a: Landorus|57/100
|-damage|p2a: Gyarados|60/100|[from] item: Rocky Helmet|[of] p1a: Landorus
|-damage|p2a: Gyarados|50/100|[from] item: Life Orb
|move|p1a: Landorus|Taunt|p2a: Gyarados
|-start|p2a: Gyarados|move: Taunt
|
|-weather|SunnyDay|[upkeep]
|upkeep
|turn|7
|
|t:|1758980938
|move|p2a: Gyarados|Waterfall|p1a: Landorus
|-supereffective|p1a: Landorus
|-damage|p1a: Landorus|8/100
|-damage|p2a: Gyarados|33/100|[from] item: Rocky Helmet|[of] p1a: Landorus
|-damage|p2a: Gyarados|23/100|[from] item: Life Orb
|move|p1a: Landorus|U-turn|p2a: Gyarados
|-resisted|p2a: Gyarados
|-damage|p2a: Gyarados|15/100
|
|t:|1758980950
|switch|p1a: Walking Wake|Walking Wake|100/100|[from] U-turn
|-activate|p1a: Walking Wake|ability: Protosynthesis
|-start|p1a: Walking Wake|protosynthesisspe
|
|-weather|SunnyDay|[upkeep]
|upkeep
|turn|8
|inactive|Beetleinthebox6734 has 120 seconds left.
|
|t:|1758980972
|-terastallize|p2a: Gyarados|Water
|move|p1a: Walking Wake|Dragon Pulse|p2a: Gyarados
|-damage|p2a: Gyarados|0 fnt
|faint|p2a: Gyarados
|
|-weather|none
|-end|p1a: Walking Wake|Protosynthesis
|upkeep
|
|t:|1758980988
|switch|p2a: Shaymin|Shaymin, shiny|100/100
|turn|9
|
|t:|1758980999
|-end|p1a: Walking Wake|Protosynthesis|[silent]
|switch|p1a: Ninetales|Ninetales, F, shiny|100/100
|-weather|SunnyDay|[from] ability: Drought|[of] p1a: Ninetales
|move|p2a: Shaymin|Earth Power|p1a: Ninetales
|-supereffective|p1a: Ninetales
|-damage|p1a: Ninetales|55/100
|
|-weather|SunnyDay|[upkeep]
|upkeep
|turn|10
|inactive|Beetleinthebox6734 has 120 seconds left.
|
|t:|1758981026
|switch|p2a: Zapdos|Zapdos, shiny|100/100
|-ability|p2a: Zapdos|Pressure
|switch|p1a: Walking Wake|Walking Wake|100/100
|-activate|p1a: Walking Wake|ability: Protosynthesis
|-start|p1a: Walking Wake|protosynthesisspe
|
|-weather|SunnyDay|[upkeep]
|upkeep
|turn|11
|
|t:|1758981037
|move|p1a: Walking Wake|Draco Meteor|p2a: Zapdos|[miss]
|-miss|p1a: Walking Wake|p2a: Zapdos
|move|p2a: Zapdos|Thunderbolt|p1a: Walking Wake
|-crit|p1a: Walking Wake
|-damage|p1a: Walking Wake|31/100
|
|-weather|SunnyDay|[upkeep]
|upkeep
|turn|12
|
|t:|1758981044
|move|p1a: Walking Wake|Draco Meteor|p2a: Zapdos
|-damage|p2a: Zapdos|13/100
|-unboost|p1a: Walking Wake|spa|2
|move|p2a: Zapdos|Thunderbolt|p1a: Walking Wake
|-damage|p1a: Walking Wake|0 fnt
|faint|p1a: Walking Wake
|-end|p1a: Walking Wake|Protosynthesis|[silent]
|
|-weather|SunnyDay|[upkeep]
|upkeep
|inactive|Beetleinthebox6734 has 120 seconds left.
|
|t:|1758981060
|switch|p1a: Iron Moth|Iron Moth|88/100
|turn|13
|
|t:|1758981064
|move|p1a: Iron Moth|Fiery Dance|p2a: Zapdos
|-damage|p2a: Zapdos|0 fnt
|faint|p2a: Zapdos
|
|-weather|SunnyDay|[upkeep]
|upkeep
|
|t:|1758981075
|switch|p2a: Chandelure|Chandelure, M, shiny|100/100
|turn|14
|inactive|Beetleinthebox6734 has 120 seconds left.
|
|t:|1758981117
|move|p1a: Iron Moth|Fiery Dance|p2a: Chandelure
|-start|p2a: Chandelure|ability: Flash Fire
|move|p2a: Chandelure|Shadow Ball|p1a: Iron Moth
|-damage|p1a: Iron Moth|15/100
|-unboost|p1a: Iron Moth|spd|1
|
|-weather|SunnyDay|[upkeep]
|upkeep
|turn|15
|
|t:|1758981125
|move|p1a: Iron Moth|Sludge Wave|p2a: Chandelure
|-resisted|p2a: Chandelure
|-damage|p2a: Chandelure|68/100
|move|p2a: Chandelure|Shadow Ball|p1a: Iron Moth
|-damage|p1a: Iron Moth|0 fnt
|faint|p1a: Iron Moth
|-end|p1a: Iron Moth|Quark Drive|[silent]
|
|-weather|SunnyDay|[upkeep]
|upkeep
|
|t:|1758981145
|switch|p1a: Landorus|Landorus-Therian, M|8/100
|-ability|p1a: Landorus|Intimidate|boost
|-unboost|p2a: Chandelure|atk|1
|turn|16
|c|☆kingsnni|bro do fast
|
|t:|1758981150
|move|p1a: Landorus|Earth Power|p2a: Chandelure
|-supereffective|p2a: Chandelure
|-damage|p2a: Chandelure|0 fnt
|faint|p2a: Chandelure
|
|-weather|none
|upkeep
|
|t:|1758981157
|switch|p2a: Shaymin|Shaymin, shiny|100/100
|turn|17
|
|t:|1758981176
|move|p2a: Shaymin|Earth Power|p1a: Landorus
|-immune|p1a: Landorus
|move|p1a: Landorus|U-turn|p2a: Shaymin
|-supereffective|p2a: Shaymin
|-damage|p2a: Shaymin|61/100
|
|t:|1758981179
|switch|p1a: Ninetales|Ninetales, F, shiny|55/100|[from] U-turn
|-weather|SunnyDay|[from] ability: Drought|[of] p1a: Ninetales
|
|-weather|SunnyDay|[upkeep]
|upkeep
|turn|18
|
|t:|1758981187
|move|p2a: Shaymin|Earth Power|p1a: Ninetales
|-supereffective|p1a: Ninetales
|-damage|p1a: Ninetales|10/100
|move|p1a: Ninetales|Weather Ball|p2a: Shaymin
|-supereffective|p2a: Shaymin
|-damage|p2a: Shaymin|0 fnt
|faint|p2a: Shaymin
|
|-weather|SunnyDay|[upkeep]
|upkeep
|
|t:|1758981196
|switch|p2a: Tornadus|Tornadus, M, shiny|100/100
|turn|19
|
|t:|1758981202
|move|p2a: Tornadus|U-turn|p1a: Ninetales
|-resisted|p1a: Ninetales
|-damage|p1a: Ninetales|0 fnt
|faint|p1a: Ninetales
|-damage|p2a: Tornadus|91/100|[from] item: Life Orb
|
|-weather|SunnyDay|[upkeep]
|upkeep
|
|t:|1758981209
|switch|p1a: Raging Bolt|Raging Bolt|100/100
|-activate|p1a: Raging Bolt|ability: Protosynthesis
|-start|p1a: Raging Bolt|protosynthesisspa
|turn|20
|
|t:|1758981219
|move|p2a: Tornadus|Hurricane|p1a: Raging Bolt|[miss]
|-miss|p2a: Tornadus|p1a: Raging Bolt
|move|p1a: Raging Bolt|Thunderbolt|p2a: Tornadus
|-supereffective|p2a: Tornadus
|-damage|p2a: Tornadus|0 fnt
|faint|p2a: Tornadus
|-damage|p1a: Raging Bolt|91/100|[from] item: Life Orb
|
|win|Beetleinthebox6734
|raw|Beetleinthebox6734's rating: 1072 &rarr; <strong>1098</strong><br />(+26 for winning)
|raw|kingsnni's rating: 1038 &rarr; <strong>1024</strong><br />(-14 for losing)
