|j|☆Catactual
|j|☆hungrymane
|t:|1759049177
|gametype|singles
|player|p1|Catactual|170|1539
|player|p2|hungrymane|266|1493
|gen|9
|tier|[Gen 9] OU
|rated|
|rule|HP Percentage Mod: HP is shown in percentages
|rule|Endless Battle Clause: Forcing endless battles is banned
|rule|Species Clause: Limit one of each Pokémon
|rule|OHKO Clause: OHKO moves are banned
|rule|Evasion Items Clause: Evasion items are banned
|rule|Evasion Moves Clause: Evasion moves are banned
|rule|Evasion Abilities Clause: Evasion abilities are banned
|rule|Sleep Moves Clause: Sleep-inducing moves are banned
|clearpoke
|poke|p1|Indeedee, M|
|poke|p1|Deoxys-Speed|
|poke|p1|Great Tusk|
|poke|p1|Toxapex, F|
|poke|p1|Cinderace, F|
|poke|p1|Dragonite, M|
|poke|p2|Brute Bonnet|
|poke|p2|Ninetales, F|
|poke|p2|Blaziken, M|
|poke|p2|Walking Wake|
|poke|p2|Scream Tail|
|poke|p2|Great Tusk|
|teampreview
|
|t:|1759049189
|teamsize|p1|6
|teamsize|p2|6
|start
|switch|p1a: Toxapex|Toxapex, F|100/100
|switch|p2a: Ninetales|Ninetales, F|100/100
|-weather|SunnyDay|[from] ability: Drought|[of] p2a: Ninetales
|turn|1
|
|t:|1759049195
|move|p2a: Ninetales|Will-O-Wisp|p1a: Toxapex
|-status|p1a: Toxapex|brn
|move|p1a: Toxapex|Toxic|p2a: Ninetales
|-status|p2a: Ninetales|tox
|
|-weather|SunnyDay|[upkeep]
|-damage|p2a: Ninetales|94/100 tox|[from] psn
|-damage|p1a: Toxapex|95/100 brn|[from] brn
|upkeep
|turn|2
|
|t:|1759049200
|move|p2a: Ninetales|Scorching Sands|p1a: Toxapex
|-supereffective|p1a: Toxapex
|-damage|p1a: Toxapex|75/100 brn
|move|p1a: Toxapex|Toxic|p2a: Ninetales
|-fail|p2a: Ninetales|tox
|
|-weather|SunnyDay|[upkeep]
|-damage|p2a: Ninetales|82/100 tox|[from] psn
|-damage|p1a: Toxapex|69/100 brn|[from] brn
|upkeep
|turn|3
|
|t:|1759049203
|move|p2a: Ninetales|Scorching Sands|p1a: Toxapex
|-supereffective|p1a: Toxapex
|-damage|p1a: Toxapex|52/100 brn
|move|p1a: Toxapex|Recover|p1a: Toxapex
|-heal|p1a: Toxapex|100/100 brn
|
|-weather|SunnyDay|[upkeep]
|-damage|p2a: Ninetales|64/100 tox|[from] psn
|-damage|p1a: Toxapex|95/100 brn|[from] brn
|upkeep
|turn|4
|
|t:|1759049206
|move|p2a: Ninetales|Encore|p1a: Toxapex
|-start|p1a: Toxapex|Encore
|move|p1a: Toxapex|Recover|p1a: Toxapex
|-heal|p1a: Toxapex|100/100 brn
|
|-weather|SunnyDay|[upkeep]
|-damage|p2a: Ninetales|40/100 tox|[from] psn
|-damage|p1a: Toxapex|95/100 brn|[from] brn
|upkeep
|turn|5
|
|t:|1759049210
|switch|p2a: Brute Bonnet|Brute Bonnet|100/100
|-activate|p2a: Brute Bonnet|ability: Protosynthesis
|-start|p2a: Brute Bonnet|protosynthesisatk
|switch|p1a: Great Tusk|Great Tusk|100/100
|-activate|p1a: Great Tusk|ability: Protosynthesis
|-start|p1a: Great Tusk|protosynthesisatk
|
|-weather|SunnyDay|[upkeep]
|upkeep
|turn|6
|
|t:|1759049221
|-end|p1a: Great Tusk|Protosynthesis|[silent]
|switch|p1a: Toxapex|Toxapex, F|100/100 brn
|move|p2a: Brute Bonnet|Growth|p2a: Brute Bonnet
|-boost|p2a: Brute Bonnet|atk|2
|-boost|p2a: Brute Bonnet|spa|2
|
|-weather|SunnyDay|[upkeep]
|-damage|p1a: Toxapex|95/100 brn|[from] brn
|upkeep
|turn|7
|
|t:|1759049227
|move|p2a: Brute Bonnet|Trailblaze|p1a: Toxapex
|-damage|p1a: Toxapex|45/100 brn
|-boost|p2a: Brute Bonnet|spe|1
|move|p1a: Toxapex|Haze|p1a: Toxapex
|-clearallboost
|
|-weather|SunnyDay|[upkeep]
|-damage|p1a: Toxapex|39/100 brn|[from] brn
|upkeep
|turn|8
|
|t:|1759049233
|switch|p1a: Cinderace|Cinderace, F|100/100
|move|p2a: Brute Bonnet|Growth|p2a: Brute Bonnet
|-boost|p2a: Brute Bonnet|atk|2
|-boost|p2a: Brute Bonnet|spa|2
|
|-weather|none
|-end|p2a: Brute Bonnet|Protosynthesis
|upkeep
|turn|9
|
|t:|1759049239
|-terastallize|p2a: Brute Bonnet|Ghost
|move|p1a: Cinderace|U-turn|p2a: Brute Bonnet
|-resisted|p2a: Brute Bonnet
|-damage|p2a: Brute Bonnet|91/100
|
|t:|1759049249
|switch|p1a: Dragonite|Dragonite, M|100/100|[from] U-turn
|move|p2a: Brute Bonnet|Crunch|p1a: Dragonite
|-damage|p1a: Dragonite|65/100
|
|upkeep
|turn|10
|
|t:|1759049255
|move|p2a: Brute Bonnet|Trailblaze|p1a: Dragonite
|-resisted|p1a: Dragonite
|-damage|p1a: Dragonite|53/100
|-boost|p2a: Brute Bonnet|spe|1
|move|p1a: Dragonite|Dragon Dance|p1a: Dragonite
|-boost|p1a: Dragonite|atk|1
|-boost|p1a: Dragonite|spe|1
|
|upkeep
|turn|11
|
|t:|1759049262
|move|p2a: Brute Bonnet|Crunch|p1a: Dragonite
|-damage|p1a: Dragonite|0 fnt
|faint|p1a: Dragonite
|
|upkeep
|
|t:|1759049268
|switch|p1a: Great Tusk|Great Tusk|100/100
|turn|12
|
|t:|1759049273
|move|p2a: Brute Bonnet|Growth|p2a: Brute Bonnet
|-boost|p2a: Brute Bonnet|atk|1
|-boost|p2a: Brute Bonnet|spa|1
|move|p1a: Great Tusk|Knock Off|p2a: Brute Bonnet
|-supereffective|p2a: Brute Bonnet
|-damage|p2a: Brute Bonnet|36/100
|-enditem|p2a: Brute Bonnet|Protective Pads|[from] move: Knock Off|[of] p1a: Great Tusk
|
|upkeep
|turn|13
|
|t:|1759049280
|move|p2a: Brute Bonnet|Synthesis|p2a: Brute Bonnet
|-heal|p2a: Brute Bonnet|86/100
|move|p1a: Great Tusk|Headlong Rush|p2a: Brute Bonnet
|-damage|p2a: Brute Bonnet|38/100
|-unboost|p1a: Great Tusk|def|1
|-unboost|p1a: Great Tusk|spd|1
|
|upkeep
|turn|14
|
|t:|1759049289
|-end|p1a: Great Tusk|Protosynthesis|[silent]
|switch|p1a: Cinderace|Cinderace, F|100/100
|move|p2a: Brute Bonnet|Synthesis|p2a: Brute Bonnet
|-heal|p2a: Brute Bonnet|88/100
|
|upkeep
|turn|15
|
|t:|1759049293
|move|p1a: Cinderace|Will-O-Wisp|p2a: Brute Bonnet
|-status|p2a: Brute Bonnet|brn
|move|p2a: Brute Bonnet|Trailblaze|p1a: Cinderace
|-resisted|p1a: Cinderace
|-damage|p1a: Cinderace|82/100
|-boost|p2a: Brute Bonnet|spe|1
|
|-damage|p2a: Brute Bonnet|81/100 brn|[from] brn
|upkeep
|turn|16
|
|t:|1759049298
|move|p2a: Brute Bonnet|Crunch|p1a: Cinderace
|-damage|p1a: Cinderace|18/100
|move|p1a: Cinderace|U-turn|p2a: Brute Bonnet
|-resisted|p2a: Brute Bonnet
|-damage|p2a: Brute Bonnet|72/100 brn
|
|t:|1759049301
|switch|p1a: Toxapex|Toxapex, F|72/100 brn|[from] U-turn
|
|-damage|p2a: Brute Bonnet|66/100 brn|[from] brn
|-damage|p1a: Toxapex|67/100 brn|[from] brn
|upkeep
|turn|17
|
|t:|1759049304
|move|p2a: Brute Bonnet|Crunch|p1a: Toxapex
|-damage|p1a: Toxapex|29/100 brn
|-damage|p2a: Brute Bonnet|50/100 brn|[from] item: Rocky Helmet|[of] p1a: Toxapex
|move|p1a: Toxapex|Haze|p1a: Toxapex
|-clearallboost
|
|-damage|p2a: Brute Bonnet|43/100 brn|[from] brn
|-damage|p1a: Toxapex|23/100 brn|[from] brn
|upkeep
|turn|18
|
|t:|1759049320
|switch|p1a: Great Tusk|Great Tusk|100/100
|move|p2a: Brute Bonnet|Trailblaze|p1a: Great Tusk
|-supereffective|p1a: Great Tusk
|-damage|p1a: Great Tusk|83/100
|-boost|p2a: Brute Bonnet|spe|1
|-damage|p2a: Brute Bonnet|27/100 brn|[from] item: Rocky Helmet|[of] p1a: Great Tusk
|
|-damage|p2a: Brute Bonnet|21/100 brn|[from] brn
|upkeep
|turn|19
|
|t:|1759049324
|move|p2a: Brute Bonnet|Synthesis|p2a: Brute Bonnet
|-heal|p2a: Brute Bonnet|71/100 brn
|move|p1a: Great Tusk|Stealth Rock|p2a: Brute Bonnet
|-sidestart|p2: hungrymane|move: Stealth Rock
|
|-damage|p2a: Brute Bonnet|65/100 brn|[from] brn
|upkeep
|turn|20
|
|t:|1759049332
|move|p2a: Brute Bonnet|Growth|p2a: Brute Bonnet
|-boost|p2a: Brute Bonnet|atk|1
|-boost|p2a: Brute Bonnet|spa|1
|move|p1a: Great Tusk|Knock Off|p2a: Brute Bonnet
|-supereffective|p2a: Brute Bonnet
|-damage|p2a: Brute Bonnet|28/100 brn
|
|-damage|p2a: Brute Bonnet|22/100 brn|[from] brn
|upkeep
|turn|21
|
|t:|1759049340
|move|p2a: Brute Bonnet|Trailblaze|p1a: Great Tusk
|-supereffective|p1a: Great Tusk
|-damage|p1a: Great Tusk|58/100
|-boost|p2a: Brute Bonnet|spe|1
|-damage|p2a: Brute Bonnet|5/100 brn|[from] item: Rocky Helmet|[of] p1a: Great Tusk
|move|p1a: Great Tusk|Knock Off|p2a: Brute Bonnet
|-supereffective|p2a: Brute Bonnet
|-damage|p2a: Brute Bonnet|0 fnt
|faint|p2a: Brute Bonnet
|-end|p2a: Brute Bonnet|Protosynthesis|[silent]
|
|upkeep
|
|t:|1759049350
|switch|p2a: Great Tusk|Great Tusk|100/100
|-damage|p2a: Great Tusk|98/100|[from] Stealth Rock
|turn|22
|
|t:|1759049355
|move|p2a: Great Tusk|Headlong Rush|p1a: Great Tusk
|-damage|p1a: Great Tusk|2/100
|-unboost|p2a: Great Tusk|def|1
|-unboost|p2a: Great Tusk|spd|1
|-damage|p2a: Great Tusk|81/100|[from] item: Rocky Helmet|[of] p1a: Great Tusk
|move|p1a: Great Tusk|Knock Off|p2a: Great Tusk
|-resisted|p2a: Great Tusk
|-damage|p2a: Great Tusk|65/100
|-enditem|p2a: Great Tusk|Choice Band|[from] move: Knock Off|[of] p1a: Great Tusk
|
|upkeep
|turn|23
|
|t:|1759049365
|move|p1a: Great Tusk|Headlong Rush|p2a: Great Tusk
|-damage|p2a: Great Tusk|8/100
|-unboost|p1a: Great Tusk|def|1
|-unboost|p1a: Great Tusk|spd|1
|move|p2a: Great Tusk|Knock Off|p1a: Great Tusk
|-resisted|p1a: Great Tusk
|-damage|p1a: Great Tusk|0 fnt
|-damage|p2a: Great Tusk|0 fnt|[from] item: Rocky Helmet|[of] p1a: Great Tusk
|faint|p1a: Great Tusk
|-end|p1a: Great Tusk|Protosynthesis|[silent]
|faint|p2a: Great Tusk
|-end|p2a: Great Tusk|Protosynthesis|[silent]
|
|upkeep
|
|t:|1759049377
|switch|p2a: Walking Wake|Walking Wake|100/100
|switch|p1a: Indeedee|Indeedee, M|100/100
|-fieldstart|move: Psychic Terrain|[from] ability: Psychic Surge|[of] p1a: Indeedee
|-damage|p2a: Walking Wake|88/100|[from] Stealth Rock
|turn|24
|
|t:|1759049386
|move|p1a: Indeedee|Expanding Force|p2a: Walking Wake
|-damage|p2a: Walking Wake|7/100
|move|p2a: Walking Wake|Draco Meteor|p1a: Indeedee
|-damage|p1a: Indeedee|0 fnt
|-unboost|p2a: Walking Wake|spa|2
|faint|p1a: Indeedee
|
|upkeep
|
|t:|1759049392
|switch|p1a: Deoxys|Deoxys-Speed|100/100
|-ability|p1a: Deoxys|Pressure
|turn|25
|
|t:|1759049396
|-end|p2a: Walking Wake|Protosynthesis|[silent]
|switch|p2a: Scream Tail|Scream Tail|100/100
|-damage|p2a: Scream Tail|88/100|[from] Stealth Rock
|move|p1a: Deoxys|Expanding Force|p2a: Scream Tail
|-resisted|p2a: Scream Tail
|-damage|p2a: Scream Tail|66/100
|-damage|p1a: Deoxys|91/100|[from] item: Life Orb
|
|upkeep
|turn|26
|
|t:|1759049407
|move|p1a: Deoxys|Knock Off|p2a: Scream Tail
|-damage|p2a: Scream Tail|42/100
|-enditem|p2a: Scream Tail|Assault Vest|[from] move: Knock Off|[of] p1a: Deoxys
|-damage|p1a: Deoxys|81/100|[from] item: Life Orb
|move|p2a: Scream Tail|Crunch|p1a: Deoxys
|-supereffective|p1a: Deoxys
|-damage|p1a: Deoxys|8/100
|
|upkeep
|turn|27
|
|t:|1759049415
|move|p1a: Deoxys|Expanding Force|p2a: Scream Tail
|-resisted|p2a: Scream Tail
|-damage|p2a: Scream Tail|6/100
|-damage|p1a: Deoxys|0 fnt|[from] item: Life Orb
|faint|p1a: Deoxys
|move|p2a: Scream Tail|Psychic Fangs|p1: Deoxys|[notarget]
|-fail|p2a: Scream Tail
|
|upkeep
|
|t:|1759049420
|switch|p1a: Cinderace|Cinderace, F|18/100
|turn|28
|
|t:|1759049433
|move|p1a: Cinderace|U-turn|p2a: Scream Tail
|-damage|p2a: Scream Tail|0 fnt
|faint|p2a: Scream Tail
|-end|p2a: Scream Tail|Protosynthesis|[silent]
|
|t:|1759049438
|switch|p1a: Toxapex|Toxapex, F|56/100 brn|[from] U-turn
|
|-damage|p1a: Toxapex|50/100 brn|[from] brn
|-fieldend|move: Psychic Terrain
|upkeep
|
|t:|1759049441
|switch|p2a: Blaziken|Blaziken, M|100/100
|turn|29
|
|t:|1759049444
|move|p2a: Blaziken|Earthquake|p1a: Toxapex
|-supereffective|p1a: Toxapex
|-damage|p1a: Toxapex|5/100 brn
|move|p1a: Toxapex|Recover|p1a: Toxapex
|-heal|p1a: Toxapex|55/100 brn
|
|-damage|p1a: Toxapex|49/100 brn|[from] brn
|-ability|p2a: Blaziken|Speed Boost|boost
|-boost|p2a: Blaziken|spe|1
|upkeep
|turn|30
|
|t:|1759049450
|move|p2a: Blaziken|Earthquake|p1a: Toxapex
|-supereffective|p1a: Toxapex
|-damage|p1a: Toxapex|0 fnt
|faint|p1a: Toxapex
|
|-ability|p2a: Blaziken|Speed Boost|boost
|-boost|p2a: Blaziken|spe|1
|upkeep
|l|☆Catactual
|player|p1|
|inactive|Battle timer is ON: inactive players will automatically lose when time's up. (requested by hungrymane)
|inactive|Catactual has 30 seconds to reconnect!
|inactive|Catactual has 20 seconds to reconnect!
|inactive|Catactual has 15 seconds to reconnect!
|inactive|Catactual has 10 seconds to reconnect!
|inactive|Catactual has 5 seconds to reconnect!
|-message|Catactual lost due to inactivity.
|
|win|hungrymane
|raw|Catactual's rating: 1539 &rarr; <strong>1516</strong><br />(-23 for losing)
|raw|hungrymane's rating: 1493 &rarr; <strong>1516</strong><br />(+23 for winning)
