|j|☆Luisao
|j|☆whoa now
|t:|1759067542
|gametype|singles
|player|p1|Luisao|2|1372
|player|p2|whoa now|266|1321
|gen|9
|tier|[Gen 9] OU
|rated|
|rule|HP Percentage Mod: HP is shown in percentages
|rule|Endless Battle Clause: Forcing endless battles is banned
|rule|Species Clause: Limit one of each Pokémon
|rule|OHKO Clause: OHKO moves are banned
|rule|Evasion Items Clause: Evasion items are banned
|rule|Evasion Moves Clause: Evasion moves are banned
|rule|Evasion Abilities Clause: Evasion abilities are banned
|rule|Sleep Moves Clause: Sleep-inducing moves are banned
|clearpoke
|poke|p1|Dragonite, M|
|poke|p1|Serperior, F|
|poke|p1|Donphan, M|
|poke|p1|Medicham, M|
|poke|p1|Scizor, M|
|poke|p1|Gengar, M|
|poke|p2|Regigigas|
|poke|p2|Samurott-Hisui, M|
|poke|p2|Great Tusk|
|poke|p2|Corviknight, M|
|poke|p2|Iron Valiant|
|poke|p2|Ogerpon-Wellspring, F|
|teampreview
|inactive|Battle timer is ON: inactive players will automatically lose when time's up. (requested by Luisao)
|
|t:|1759067548
|teamsize|p1|6
|teamsize|p2|6
|start
|switch|p1a: Medicham|Medicham, M, shiny|100/100
|switch|p2a: Samurott|Samurott-Hisui, M|100/100
|turn|1
|
|t:|1759067554
|move|p2a: Samurott|Knock Off|p1a: Medicham
|-damage|p1a: Medicham|28/100
|-enditem|p1a: Medicham|Life Orb|[from] move: Knock Off|[of] p2a: Samurott
|move|p1a: Medicham|High Jump Kick|p2a: Samurott
|-supereffective|p2a: Samurott
|-enditem|p2a: Samurott|Focus Sash
|-damage|p2a: Samurott|1/100
|
|upkeep
|turn|2
|
|t:|1759067564
|move|p1a: Medicham|Bullet Punch|p2a: Samurott
|-resisted|p2a: Samurott
|-damage|p2a: Samurott|0 fnt
|faint|p2a: Samurott
|
|upkeep
|
|t:|1759067571
|switch|p2a: Great Tusk|Great Tusk|100/100
|turn|3
|
|t:|1759067577
|switch|p1a: Donphan|Donphan, M|100/100
|move|p2a: Great Tusk|Earthquake|p1a: Donphan
|-damage|p1a: Donphan|61/100
|
|-heal|p1a: Donphan|67/100|[from] item: Leftovers
|upkeep
|turn|4
|
|t:|1759067586
|move|p2a: Great Tusk|Stealth Rock|p1a: Donphan
|-sidestart|p1: Luisao|move: Stealth Rock
|move|p1a: Donphan|Earthquake|p2a: Great Tusk
|-damage|p2a: Great Tusk|59/100
|
|-heal|p2a: Great Tusk|65/100|[from] item: Leftovers
|-heal|p1a: Donphan|74/100|[from] item: Leftovers
|upkeep
|turn|5
|
|t:|1759067594
|-end|p2a: Great Tusk|Protosynthesis|[silent]
|switch|p2a: Corviknight|Corviknight, M|100/100
|-ability|p2a: Corviknight|Pressure
|move|p1a: Donphan|Rapid Spin|p2a: Corviknight
|-resisted|p2a: Corviknight
|-crit|p2a: Corviknight
|-damage|p2a: Corviknight|93/100
|-boost|p1a: Donphan|spe|1
|-damage|p1a: Donphan|57/100|[from] item: Rocky Helmet|[of] p2a: Corviknight
|-sideend|p1: Luisao|Stealth Rock|[from] move: Rapid Spin|[of] p1a: Donphan
|
|-heal|p1a: Donphan|63/100|[from] item: Leftovers
|upkeep
|turn|6
|
|t:|1759067607
|switch|p1a: Medicham|Medicham, M, shiny|28/100
|move|p2a: Corviknight|Brave Bird|p1a: Medicham
|-supereffective|p1a: Medicham
|-damage|p1a: Medicham|0 fnt
|faint|p1a: Medicham
|-damage|p2a: Corviknight|87/100|[from] Recoil
|
|upkeep
|
|t:|1759067616
|switch|p1a: Gengar|Gengar, M, shiny|100/100
|turn|7
|
|t:|1759067622
|switch|p2a: Great Tusk|Great Tusk|65/100
|move|p1a: Gengar|Shadow Ball|p2a: Great Tusk
|-damage|p2a: Great Tusk|5/100
|
|-heal|p2a: Great Tusk|11/100|[from] item: Leftovers
|upkeep
|turn|8
|
|t:|1759067631
|move|p1a: Gengar|Shadow Ball|p2a: Great Tusk
|-damage|p2a: Great Tusk|0 fnt
|faint|p2a: Great Tusk
|-end|p2a: Great Tusk|Protosynthesis|[silent]
|
|upkeep
|
|t:|1759067636
|switch|p2a: Regigigas|Regigigas|100/100
|-start|p2a: Regigigas|ability: Slow Start
|turn|9
|
|t:|1759067640
|move|p2a: Regigigas|Protect|p2a: Regigigas
|-singleturn|p2a: Regigigas|Protect
|move|p1a: Gengar|Sludge Wave|p2a: Regigigas
|-activate|p2a: Regigigas|move: Protect
|
|upkeep
|turn|10
|
|t:|1759067647
|switch|p2a: Corviknight|Corviknight, M|87/100
|-ability|p2a: Corviknight|Pressure
|move|p1a: Gengar|Sludge Wave|p2a: Corviknight
|-immune|p2a: Corviknight
|
|upkeep
|turn|11
|
|t:|1759067655
|move|p1a: Gengar|Shadow Ball|p2a: Corviknight
|-damage|p2a: Corviknight|47/100
|move|p2a: Corviknight|U-turn|p1a: Gengar
|-resisted|p1a: Gengar
|-damage|p1a: Gengar|94/100
|
|t:|1759067661
|switch|p2a: Regigigas|Regigigas|100/100|[from] U-turn
|-start|p2a: Regigigas|ability: Slow Start
|
|upkeep
|turn|12
|
|t:|1759067670
|move|p2a: Regigigas|Protect|p2a: Regigigas
|-singleturn|p2a: Regigigas|Protect
|move|p1a: Gengar|Nasty Plot|p1a: Gengar
|-boost|p1a: Gengar|spa|2
|
|upkeep
|turn|13
|
|t:|1759067677
|move|p1a: Gengar|Sludge Wave|p2a: Regigigas
|-damage|p2a: Regigigas|27/100
|move|p2a: Regigigas|Knock Off|p1a: Gengar
|-supereffective|p1a: Gengar
|-damage|p1a: Gengar|7/100
|-enditem|p1a: Gengar|Focus Sash|[from] move: Knock Off|[of] p2a: Regigigas
|
|-heal|p2a: Regigigas|33/100|[from] item: Leftovers
|upkeep
|turn|14
|
|t:|1759067687
|move|p2a: Regigigas|Protect|p2a: Regigigas
|-singleturn|p2a: Regigigas|Protect
|move|p1a: Gengar|Sludge Wave|p2a: Regigigas
|-activate|p2a: Regigigas|move: Protect
|
|-heal|p2a: Regigigas|40/100|[from] item: Leftovers
|upkeep
|turn|15
|
|t:|1759067696
|switch|p2a: Corviknight|Corviknight, M|47/100
|-ability|p2a: Corviknight|Pressure
|move|p1a: Gengar|Sludge Wave|p2a: Corviknight
|-immune|p2a: Corviknight
|
|upkeep
|turn|16
|
|t:|1759067705
|move|p1a: Gengar|Shadow Ball|p2a: Corviknight
|-damage|p2a: Corviknight|0 fnt
|faint|p2a: Corviknight
|
|upkeep
|
|t:|1759067708
|switch|p2a: Iron Valiant|Iron Valiant|100/100
|-enditem|p2a: Iron Valiant|Booster Energy
|-activate|p2a: Iron Valiant|ability: Quark Drive|[fromitem]
|-start|p2a: Iron Valiant|quarkdrivespe
|turn|17
|
|t:|1759067719
|switch|p1a: Donphan|Donphan, M|63/100
|move|p2a: Iron Valiant|Moonblast|p1a: Donphan
|-damage|p1a: Donphan|0 fnt
|faint|p1a: Donphan
|
|upkeep
|
|t:|1759067732
|switch|p1a: Scizor|Scizor, M|100/100
|turn|18
|
|t:|1759067737
|-end|p2a: Iron Valiant|Quark Drive|[silent]
|switch|p2a: Regigigas|Regigigas|40/100
|-start|p2a: Regigigas|ability: Slow Start
|move|p1a: Scizor|Bullet Punch|p2a: Regigigas
|-damage|p2a: Regigigas|3/100
|-damage|p1a: Scizor|91/100|[from] item: Life Orb
|
|-heal|p2a: Regigigas|9/100|[from] item: Leftovers
|upkeep
|turn|19
|
|t:|1759067747
|move|p1a: Scizor|Bullet Punch|p2a: Regigigas
|-damage|p2a: Regigigas|0 fnt
|faint|p2a: Regigigas
|-damage|p1a: Scizor|81/100|[from] item: Life Orb
|
|upkeep
|
|t:|1759067749
|switch|p2a: Ogerpon|Ogerpon-Wellspring, F|100/100
|turn|20
|
|t:|1759067761
|move|p2a: Ogerpon|Ivy Cudgel|p1a: Scizor|[anim] Ivy Cudgel Water
|-damage|p1a: Scizor|21/100
|move|p1a: Scizor|Pounce|p2a: Ogerpon
|-supereffective|p2a: Ogerpon
|-damage|p2a: Ogerpon|0 fnt
|faint|p2a: Ogerpon
|-damage|p1a: Scizor|11/100|[from] item: Life Orb
|
|upkeep
|
|t:|1759067764
|switch|p2a: Iron Valiant|Iron Valiant|100/100
|turn|21
|
|t:|1759067775
|-terastallize|p1a: Scizor|Steel
|move|p2a: Iron Valiant|Vacuum Wave|p1a: Scizor
|-supereffective|p1a: Scizor
|-damage|p1a: Scizor|0 fnt
|faint|p1a: Scizor
|
|upkeep
|
|t:|1759067782
|switch|p1a: Gengar|Gengar, M, shiny|7/100
|turn|22
|
|t:|1759067786
|move|p2a: Iron Valiant|Thunderbolt|p1a: Gengar
|-damage|p1a: Gengar|0 fnt
|faint|p1a: Gengar
|
|upkeep
|
|t:|1759067793
|switch|p1a: Serperior|Serperior, F, shiny|100/100
|turn|23
|
|t:|1759067798
|move|p1a: Serperior|Leaf Storm|p2a: Iron Valiant
|-damage|p2a: Iron Valiant|14/100
|-boost|p1a: Serperior|spa|2
|move|p2a: Iron Valiant|Moonblast|p1a: Serperior
|-damage|p1a: Serperior|41/100
|
|upkeep
|turn|24
|
|t:|1759067806
|move|p1a: Serperior|Leaf Storm|p2a: Iron Valiant
|-damage|p2a: Iron Valiant|0 fnt
|-boost|p1a: Serperior|spa|2
|faint|p2a: Iron Valiant
|-end|p2a: Iron Valiant|Quark Drive|[silent]
|
|win|Luisao
|raw|Luisao's rating: 1372 &rarr; <strong>1389</strong><br />(+17 for winning)
|raw|whoa now's rating: 1321 &rarr; <strong>1304</strong><br />(-17 for losing)
|l|☆whoa now
|player|p2|
|l|☆Luisao
|player|p1|
