|badge|p1|bronze|gen9ou|100-6
|html|<div class="broadcast-red"><strong>This battle is required to be public due to one or more player having a season medal.</strong><br />During the public phase, you can discuss the state of the ladder <a href="/seasondiscussion">in a special chatroom.</a></div>
|uhtml|medal-msg|<div class="broadcast-blue">Curious what those medals under the avatar are? PS now has Ladder Seasons! For more information, check out the <a href="https://www.smogon.com/forums/threads/3740067/">thread on Smogon.</a></div>
|raw|<div class="broadcast-blue"><strong>This battle is required to be public due to a player having a name starting with 'medal'.</div>
|j|☆stunting on you
|j|‽JackRG1
|t:|1759030961
|gametype|singles
|player|p1|stunting on you|birdkeeper|1874
|player|p2|JackRG1|dawn-gen4pt|1834
|gen|9
|tier|[Gen 9] OU
|rated|
|rule|HP Percentage Mod: HP is shown in percentages
|rule|Endless Battle Clause: Forcing endless battles is banned
|rule|Species Clause: Limit one of each Pokémon
|rule|OHKO Clause: OHKO moves are banned
|rule|Evasion Items Clause: Evasion items are banned
|rule|Evasion Moves Clause: Evasion moves are banned
|rule|Evasion Abilities Clause: Evasion abilities are banned
|rule|Sleep Moves Clause: Sleep-inducing moves are banned
|clearpoke
|poke|p1|Hatterene, F|
|poke|p1|Tornadus-Therian, M|
|poke|p1|Raging Bolt|
|poke|p1|Torkoal, M|
|poke|p1|Ceruledge, F|
|poke|p1|Walking Wake|
|poke|p2|Weezing-Galar, F|
|poke|p2|Ting-Lu|
|poke|p2|Corviknight, F|
|poke|p2|Skeledirge, M|
|poke|p2|Dragapult, F|
|poke|p2|Ogerpon-Wellspring, F|
|teampreview
|inactive|Battle timer is ON: inactive players will automatically lose when time's up. (requested by stunting on you)
|inactive|JackRG1 also wants the timer to be on.
|j| scyther oil
|
|t:|1759030977
|teamsize|p1|6
|teamsize|p2|6
|start
|switch|p1a: Torkoal|Torkoal, M|100/100
|switch|p2a: Dragapult|Dragapult, F|100/100
|-weather|SunnyDay|[from] ability: Drought|[of] p1a: Torkoal
|turn|1
|
|t:|1759030981
|switch|p1a: Tornadus|Tornadus-Therian, M|100/100
|move|p2a: Dragapult|Shadow Ball|p1a: Tornadus
|-crit|p1a: Tornadus
|-damage|p1a: Tornadus|46/100
|-unboost|p1a: Tornadus|spd|1
|
|-weather|SunnyDay|[upkeep]
|upkeep
|turn|2
|j| Bobaba
|
|t:|1759030992
|switch|p1a: Walking Wake|Walking Wake|100/100
|-activate|p1a: Walking Wake|ability: Protosynthesis
|-start|p1a: Walking Wake|protosynthesisspe
|move|p2a: Dragapult|Shadow Ball|p1a: Walking Wake
|-damage|p1a: Walking Wake|41/100
|
|-weather|SunnyDay|[upkeep]
|upkeep
|turn|3
|
|t:|1759031001
|switch|p2a: Ogerpon|Ogerpon-Wellspring, F|100/100
|move|p1a: Walking Wake|Hydro Steam|p2a: Ogerpon
|-immune|p2a: Ogerpon|[from] ability: Water Absorb
|
|-weather|SunnyDay|[upkeep]
|upkeep
|turn|4
|
|t:|1759031009
|move|p1a: Walking Wake|Dragon Pulse|p2a: Ogerpon
|-damage|p2a: Ogerpon|55/100
|move|p2a: Ogerpon|Spikes|p1a: Walking Wake
|-sidestart|p1: stunting on you|Spikes
|
|-weather|SunnyDay|[upkeep]
|upkeep
|turn|5
|
|t:|1759031015
|move|p1a: Walking Wake|Dragon Pulse|p2a: Ogerpon
|-damage|p2a: Ogerpon|6/100
|move|p2a: Ogerpon|Synthesis|p2a: Ogerpon
|-heal|p2a: Ogerpon|72/100
|
|-weather|SunnyDay|[upkeep]
|upkeep
|turn|6
|j| wgw2333
|
|t:|1759031021
|-end|p1a: Walking Wake|Protosynthesis|[silent]
|switch|p1a: Tornadus|Tornadus-Therian, M|80/100
|move|p2a: Ogerpon|Synthesis|p2a: Ogerpon
|-heal|p2a: Ogerpon|100/100
|
|-weather|SunnyDay|[upkeep]
|upkeep
|turn|7
|j| catarina valentine
|
|t:|1759031029
|move|p1a: Tornadus|U-turn|p2a: Ogerpon
|-supereffective|p2a: Ogerpon
|-damage|p2a: Ogerpon|69/100
|
|t:|1759031033
|switch|p1a: Raging Bolt|Raging Bolt|100/100|[from] U-turn
|-damage|p1a: Raging Bolt|88/100|[from] Spikes
|-activate|p1a: Raging Bolt|ability: Protosynthesis
|-start|p1a: Raging Bolt|protosynthesisspa
|move|p2a: Ogerpon|Knock Off|p1a: Raging Bolt
|-damage|p1a: Raging Bolt|55/100
|-enditem|p1a: Raging Bolt|Dragon Fang|[from] move: Knock Off|[of] p2a: Ogerpon
|
|-weather|SunnyDay|[upkeep]
|upkeep
|turn|8
|
|t:|1759031039
|switch|p2a: Ting-Lu|Ting-Lu, shiny|100/100
|-ability|p2a: Ting-Lu|Vessel of Ruin
|move|p1a: Raging Bolt|Draco Meteor|p2a: Ting-Lu
|-damage|p2a: Ting-Lu|56/100
|-unboost|p1a: Raging Bolt|spa|2
|
|-weather|none
|-end|p1a: Raging Bolt|Protosynthesis
|-heal|p2a: Ting-Lu|62/100|[from] item: Leftovers
|upkeep
|turn|9
|
|t:|1759031042
|-end|p1a: Raging Bolt|Protosynthesis|[silent]
|switch|p1a: Hatterene|Hatterene, F, shiny|100/100
|-damage|p1a: Hatterene|88/100|[from] Spikes
|move|p2a: Ting-Lu|Heavy Slam|p1a: Hatterene
|-supereffective|p1a: Hatterene
|-damage|p1a: Hatterene|37/100
|-damage|p2a: Ting-Lu|46/100|[from] item: Rocky Helmet|[of] p1a: Hatterene
|
|-heal|p2a: Ting-Lu|52/100|[from] item: Leftovers
|upkeep
|turn|10
|
|t:|1759031048
|switch|p1a: Tornadus|Tornadus-Therian, M|100/100
|move|p2a: Ting-Lu|Heavy Slam|p1a: Tornadus
|-damage|p1a: Tornadus|68/100
|
|-heal|p2a: Ting-Lu|58/100|[from] item: Leftovers
|upkeep
|turn|11
|
|t:|1759031051
|move|p1a: Tornadus|U-turn|p2a: Ting-Lu
|-supereffective|p2a: Ting-Lu
|-damage|p2a: Ting-Lu|43/100
|
|t:|1759031052
|switch|p1a: Hatterene|Hatterene, F, shiny|37/100|[from] U-turn
|-damage|p1a: Hatterene|24/100|[from] Spikes
|move|p2a: Ting-Lu|Heavy Slam|p1a: Hatterene
|-supereffective|p1a: Hatterene
|-crit|p1a: Hatterene
|-damage|p1a: Hatterene|0 fnt
|-damage|p2a: Ting-Lu|26/100|[from] item: Rocky Helmet|[of] p1a: Hatterene
|faint|p1a: Hatterene
|
|-heal|p2a: Ting-Lu|32/100|[from] item: Leftovers
|upkeep
|
|t:|1759031068
|switch|p1a: Raging Bolt|Raging Bolt|55/100
|-damage|p1a: Raging Bolt|43/100|[from] Spikes
|turn|12
|
|t:|1759031073
|move|p1a: Raging Bolt|Draco Meteor|p2a: Ting-Lu
|-damage|p2a: Ting-Lu|0 fnt
|-unboost|p1a: Raging Bolt|spa|2
|faint|p2a: Ting-Lu
|
|upkeep
|
|t:|1759031077
|switch|p2a: Dragapult|Dragapult, F|100/100
|turn|13
|
|t:|1759031084
|-end|p1a: Raging Bolt|Protosynthesis|[silent]
|switch|p1a: Torkoal|Torkoal, M|100/100
|-damage|p1a: Torkoal|88/100|[from] Spikes
|-weather|SunnyDay|[from] ability: Drought|[of] p1a: Torkoal
|move|p2a: Dragapult|Shadow Ball|p1a: Torkoal
|-damage|p1a: Torkoal|31/100
|
|-weather|SunnyDay|[upkeep]
|upkeep
|turn|14
|
|t:|1759031087
|move|p2a: Dragapult|Shadow Ball|p1a: Torkoal
|-damage|p1a: Torkoal|0 fnt
|faint|p1a: Torkoal
|
|-weather|SunnyDay|[upkeep]
|upkeep
|
|t:|1759031092
|switch|p1a: Walking Wake|Walking Wake|41/100
|-damage|p1a: Walking Wake|28/100|[from] Spikes
|-activate|p1a: Walking Wake|ability: Protosynthesis
|-start|p1a: Walking Wake|protosynthesisspe
|turn|15
|
|t:|1759031096
|switch|p2a: Weezing|Weezing-Galar, F|100/100
|-ability|p2a: Weezing|Neutralizing Gas
|move|p1a: Walking Wake|Dragon Pulse|p2a: Weezing
|-immune|p2a: Weezing
|
|-weather|SunnyDay|[upkeep]
|upkeep
|turn|16
|
|t:|1759031100
|move|p1a: Walking Wake|Dragon Pulse|p2a: Weezing
|-immune|p2a: Weezing
|move|p2a: Weezing|Sludge Bomb|p1a: Walking Wake
|-damage|p1a: Walking Wake|0 fnt
|faint|p1a: Walking Wake
|-end|p1a: Walking Wake|Protosynthesis|[silent]
|
|-weather|SunnyDay|[upkeep]
|upkeep
|
|t:|1759031116
|switch|p1a: Ceruledge|Ceruledge, F|100/100
|-damage|p1a: Ceruledge|88/100|[from] Spikes
|turn|17
|
|t:|1759031120
|move|p1a: Ceruledge|Swords Dance|p1a: Ceruledge
|-boost|p1a: Ceruledge|atk|2
|move|p2a: Weezing|Sludge Bomb|p1a: Ceruledge
|-resisted|p1a: Ceruledge
|-damage|p1a: Ceruledge|72/100
|
|-weather|SunnyDay|[upkeep]
|upkeep
|turn|18
|
|t:|1759031128
|move|p1a: Ceruledge|Swords Dance|p1a: Ceruledge
|-boost|p1a: Ceruledge|atk|2
|move|p2a: Weezing|Sludge Bomb|p1a: Ceruledge
|-resisted|p1a: Ceruledge
|-crit|p1a: Ceruledge
|-damage|p1a: Ceruledge|49/100
|-status|p1a: Ceruledge|psn
|
|-weather|SunnyDay|[upkeep]
|-damage|p1a: Ceruledge|36/100 psn|[from] psn
|upkeep
|turn|19
|
|t:|1759031130
|move|p1a: Ceruledge|Bitter Blade|p2a: Weezing
|-damage|p2a: Weezing|0 fnt
|-heal|p1a: Ceruledge|94/100 psn|[from] drain|[of] p2a: Weezing
|faint|p2a: Weezing
|-end|p2a: Weezing|ability: Neutralizing Gas
|
|-weather|SunnyDay|[upkeep]
|-damage|p1a: Ceruledge|81/100 psn|[from] psn
|upkeep
|j| himynameisbobert
|
|t:|1759031133
|switch|p2a: Ogerpon|Ogerpon-Wellspring, F|69/100
|turn|20
|
|t:|1759031137
|-terastallize|p1a: Ceruledge|Fairy
|move|p2a: Ogerpon|Knock Off|p1a: Ceruledge
|-resisted|p1a: Ceruledge
|-damage|p1a: Ceruledge|57/100 psn
|-ability|p1a: Ceruledge|Weak Armor|boost
|-unboost|p1a: Ceruledge|def|1
|-boost|p1a: Ceruledge|spe|2
|-enditem|p1a: Ceruledge|Focus Sash|[from] move: Knock Off|[of] p2a: Ogerpon
|move|p1a: Ceruledge|Bitter Blade|p2a: Ogerpon
|-damage|p2a: Ogerpon|0 fnt
|-heal|p1a: Ceruledge|99/100 psn|[from] drain|[of] p2a: Ogerpon
|faint|p2a: Ogerpon
|
|-weather|none
|-damage|p1a: Ceruledge|87/100 psn|[from] psn
|upkeep
|
|t:|1759031141
|switch|p2a: Skeledirge|Skeledirge, M|100/100
|turn|21
|
|t:|1759031148
|-terastallize|p2a: Skeledirge|Dark
|move|p1a: Ceruledge|Poltergeist|p2a: Skeledirge|[miss]
|-miss|p1a: Ceruledge|p2a: Skeledirge
|move|p2a: Skeledirge|Torch Song|p1a: Ceruledge
|-damage|p1a: Ceruledge|49/100 psn
|-boost|p2a: Skeledirge|spa|1
|
|-damage|p1a: Ceruledge|37/100 psn|[from] psn
|upkeep
|turn|22
|
|t:|1759031153
|move|p1a: Ceruledge|Destiny Bond|p1a: Ceruledge
|-singlemove|p1a: Ceruledge|Destiny Bond
|move|p2a: Skeledirge|Torch Song|p1a: Ceruledge
|-damage|p1a: Ceruledge|0 fnt
|-boost|p2a: Skeledirge|spa|1
|faint|p1a: Ceruledge
|-activate|p1a: Ceruledge|move: Destiny Bond
|faint|p2a: Skeledirge
|
|upkeep
|
|t:|1759031158
|switch|p1a: Tornadus|Tornadus-Therian, M|100/100
|switch|p2a: Dragapult|Dragapult, F|100/100
|turn|23
|
|t:|1759031162
|move|p2a: Dragapult|U-turn|p1a: Tornadus
|-resisted|p1a: Tornadus
|-damage|p1a: Tornadus|91/100
|
|t:|1759031164
|switch|p2a: Corviknight|Corviknight, F|100/100|[from] U-turn
|-ability|p2a: Corviknight|Pressure
|move|p1a: Tornadus|Bleakwind Storm|p2a: Corviknight
|-resisted|p2a: Corviknight
|-damage|p2a: Corviknight|77/100
|-unboost|p2a: Corviknight|spe|1
|
|upkeep
|turn|24
|
|t:|1759031170
|move|p1a: Tornadus|Heat Wave|p2a: Corviknight
|-supereffective|p2a: Corviknight
|-damage|p2a: Corviknight|25/100
|-status|p2a: Corviknight|brn
|move|p2a: Corviknight|U-turn|p1a: Tornadus
|-resisted|p1a: Tornadus
|-damage|p1a: Tornadus|87/100
|
|t:|1759031172
|switch|p2a: Dragapult|Dragapult, F|100/100|[from] U-turn
|
|upkeep
|turn|25
|
|t:|1759031175
|move|p2a: Dragapult|Draco Meteor|p1a: Tornadus
|-damage|p1a: Tornadus|28/100
|-unboost|p2a: Dragapult|spa|2
|move|p1a: Tornadus|Bleakwind Storm|p2a: Dragapult
|-damage|p2a: Dragapult|46/100
|
|upkeep
|turn|26
|
|t:|1759031188
|switch|p2a: Corviknight|Corviknight, F|25/100 brn
|-ability|p2a: Corviknight|Pressure
|switch|p1a: Raging Bolt|Raging Bolt|43/100
|-damage|p1a: Raging Bolt|30/100|[from] Spikes
|
|-damage|p2a: Corviknight|19/100 brn|[from] brn
|upkeep
|turn|27
|
|t:|1759031199
|-end|p1a: Raging Bolt|Protosynthesis|[silent]
|switch|p1a: Tornadus|Tornadus-Therian, M|61/100
|move|p2a: Corviknight|U-turn|p1a: Tornadus
|-resisted|p1a: Tornadus
|-damage|p1a: Tornadus|57/100
|
|t:|1759031201
|switch|p2a: Dragapult|Dragapult, F|46/100|[from] U-turn
|
|upkeep
|turn|28
|
|t:|1759031204
|switch|p1a: Raging Bolt|Raging Bolt|30/100
|-damage|p1a: Raging Bolt|18/100|[from] Spikes
|move|p2a: Dragapult|Draco Meteor|p1a: Raging Bolt
|-supereffective|p1a: Raging Bolt
|-damage|p1a: Raging Bolt|0 fnt
|-unboost|p2a: Dragapult|spa|2
|faint|p1a: Raging Bolt
|-end|p1a: Raging Bolt|Protosynthesis|[silent]
|
|upkeep
|
|t:|1759031206
|switch|p1a: Tornadus|Tornadus-Therian, M|91/100
|turn|29
|
|t:|1759031208
|switch|p2a: Corviknight|Corviknight, F|19/100 brn
|-ability|p2a: Corviknight|Pressure
|move|p1a: Tornadus|Bleakwind Storm|p2a: Corviknight
|-resisted|p2a: Corviknight
|-damage|p2a: Corviknight|0 fnt
|faint|p2a: Corviknight
|
|upkeep
|
|t:|1759031210
|switch|p2a: Dragapult|Dragapult, F|46/100
|turn|30
|
|t:|1759031213
|move|p2a: Dragapult|Shadow Ball|p1a: Tornadus
|-damage|p1a: Tornadus|52/100
|-unboost|p1a: Tornadus|spd|1
|move|p1a: Tornadus|Bleakwind Storm|p2a: Dragapult
|-damage|p2a: Dragapult|0 fnt
|faint|p2a: Dragapult
|
|win|stunting on you
|raw|stunting on you's rating: 1874 &rarr; <strong>1892</strong><br />(+18 for winning)
|raw|JackRG1's rating: 1834 &rarr; <strong>1816</strong><br />(-18 for losing)
|l|‽JackRG1
|player|p2|
|l| wgw2333
|l| scyther oil
|l| Bobaba
