|j|☆uber-mom
|j|☆will-i-am2
|t:|1759004429
|gametype|singles
|player|p1|uber-mom|lucas|1614
|player|p2|will-i-am2|169|1595
|gen|9
|tier|[Gen 9] OU
|rated|
|rule|HP Percentage Mod: HP is shown in percentages
|rule|Endless Battle Clause: Forcing endless battles is banned
|rule|Species Clause: Limit one of each Pokémon
|rule|OHKO Clause: OHKO moves are banned
|rule|Evasion Items Clause: Evasion items are banned
|rule|Evasion Moves Clause: Evasion moves are banned
|rule|Evasion Abilities Clause: Evasion abilities are banned
|rule|Sleep Moves Clause: Sleep-inducing moves are banned
|clearpoke
|poke|p1|Kyurem|
|poke|p1|Dragonite, M|
|poke|p1|Hatterene, F|
|poke|p1|Ceruledge, F|
|poke|p1|Ninetales-Alola, M|
|poke|p1|Scizor, F|
|poke|p2|Registeel|
|poke|p2|Mamoswine, M|
|poke|p2|Mimikyu, F|
|poke|p2|Hydreigon, M|
|poke|p2|Slowbro, F|
|poke|p2|Mandibuzz, F|
|teampreview
|inactive|Battle timer is ON: inactive players will automatically lose when time's up. (requested by uber-mom)
|
|t:|1759004457
|teamsize|p1|6
|teamsize|p2|6
|start
|switch|p1a: Ninetales|Ninetales-Alola, M|100/100
|switch|p2a: Mamoswine|Mamoswine, M|100/100
|-weather|Snowscape|[from] ability: Snow Warning|[of] p1a: Ninetales
|turn|1
|inactive|will-i-am2 has 120 seconds left.
|
|t:|1759004514
|move|p1a: Ninetales|Aurora Veil|p1a: Ninetales
|-sidestart|p1: uber-mom|move: Aurora Veil
|move|p2a: Mamoswine|Earthquake|p1a: Ninetales
|-damage|p1a: Ninetales|68/100
|
|-weather|Snowscape|[upkeep]
|upkeep
|turn|2
|
|t:|1759004528
|switch|p1a: Kyurem|Kyurem, shiny|100/100
|-ability|p1a: Kyurem|Pressure
|move|p2a: Mamoswine|Earthquake|p1a: Kyurem
|-damage|p1a: Kyurem|72/100
|
|-weather|Snowscape|[upkeep]
|upkeep
|turn|3
|inactive|will-i-am2 has 90 seconds left.
|inactive|uber-mom has 120 seconds left.
|
|t:|1759004574
|switch|p1a: Ceruledge|Ceruledge, F|100/100
|switch|p2a: Registeel|Registeel|100/100
|
|-weather|Snowscape|[upkeep]
|upkeep
|turn|4
|
|t:|1759004576
|switch|p2a: Mandibuzz|Mandibuzz, F|100/100
|move|p1a: Ceruledge|Swords Dance|p1a: Ceruledge
|-boost|p1a: Ceruledge|atk|2
|
|-weather|Snowscape|[upkeep]
|upkeep
|turn|5
|
|t:|1759004580
|move|p1a: Ceruledge|Swords Dance|p1a: Ceruledge
|-boost|p1a: Ceruledge|atk|2
|move|p2a: Mandibuzz|Foul Play|p1a: Ceruledge
|-supereffective|p1a: Ceruledge
|-enditem|p1a: Ceruledge|Focus Sash
|-damage|p1a: Ceruledge|1/100
|-ability|p1a: Ceruledge|Weak Armor|boost
|-unboost|p1a: Ceruledge|def|1
|-boost|p1a: Ceruledge|spe|2
|
|-weather|none
|upkeep
|turn|6
|
|t:|1759004588
|-terastallize|p1a: Ceruledge|Fire
|move|p1a: Ceruledge|Bitter Blade|p2a: Mandibuzz
|-crit|p2a: Mandibuzz
|-damage|p2a: Mandibuzz|0 fnt
|-heal|p1a: Ceruledge|74/100|[from] drain|[of] p2a: Mandibuzz
|-damage|p1a: Ceruledge|57/100|[from] item: Rocky Helmet|[of] p2a: Mandibuzz
|faint|p2a: Mandibuzz
|
|upkeep
|inactive|will-i-am2 has 90 seconds left.
|
|t:|1759004607
|switch|p2a: Hydreigon|Hydreigon, M|100/100
|turn|7
|inactive|will-i-am2 has 90 seconds left.
|
|t:|1759004621
|switch|p2a: Slowbro|Slowbro, F|100/100
|move|p1a: Ceruledge|Close Combat|p2a: Slowbro
|-resisted|p2a: Slowbro
|-damage|p2a: Slowbro|52/100
|-unboost|p1a: Ceruledge|def|1
|-unboost|p1a: Ceruledge|spd|1
|
|-heal|p2a: Slowbro|59/100|[from] item: Leftovers
|upkeep
|turn|8
|inactive|will-i-am2 has 90 seconds left.
|
|t:|1759004636
|switch|p2a: Hydreigon|Hydreigon, M|100/100
|move|p1a: Ceruledge|Bitter Blade|p2a: Hydreigon
|-resisted|p2a: Hydreigon
|-damage|p2a: Hydreigon|0 fnt
|-heal|p1a: Ceruledge|100/100|[from] drain|[of] p2a: Hydreigon
|faint|p2a: Hydreigon
|
|-sideend|p1: uber-mom|move: Aurora Veil
|upkeep
|
|t:|1759004643
|switch|p2a: Mimikyu|Mimikyu, F|100/100
|turn|9
|inactive|will-i-am2 has 90 seconds left.
|
|t:|1759004658
|move|p1a: Ceruledge|Bitter Blade|p2a: Mimikyu
|-activate|p2a: Mimikyu|ability: Disguise
|-damage|p2a: Mimikyu|100/100
|detailschange|p2a: Mimikyu|Mimikyu-Busted, F
|-damage|p2a: Mimikyu|88/100|[from] pokemon: Mimikyu-Busted
|move|p2a: Mimikyu|Play Rough|p1a: Ceruledge
|-resisted|p1a: Ceruledge
|-damage|p1a: Ceruledge|28/100
|-ability|p1a: Ceruledge|Weak Armor|boost
|-unboost|p1a: Ceruledge|def|1
|-boost|p1a: Ceruledge|spe|2
|-damage|p2a: Mimikyu|78/100|[from] item: Life Orb
|
|upkeep
|turn|10
|inactive|will-i-am2 has 90 seconds left.
|
|t:|1759004667
|move|p1a: Ceruledge|Shadow Sneak|p2a: Mimikyu
|-supereffective|p2a: Mimikyu
|-damage|p2a: Mimikyu|0 fnt
|faint|p2a: Mimikyu
|
|upkeep
|
|t:|1759004671
|switch|p2a: Mamoswine|Mamoswine, M|100/100
|turn|11
|
|t:|1759004674
|move|p2a: Mamoswine|Ice Shard|p1a: Ceruledge
|-resisted|p1a: Ceruledge
|-damage|p1a: Ceruledge|0 fnt
|faint|p1a: Ceruledge
|
|upkeep
|
|t:|1759004679
|switch|p1a: Ninetales|Ninetales-Alola, M|68/100
|-weather|Snowscape|[from] ability: Snow Warning|[of] p1a: Ninetales
|turn|12
|
|t:|1759004681
|switch|p2a: Registeel|Registeel|100/100
|move|p1a: Ninetales|Aurora Veil|p1a: Ninetales
|-sidestart|p1: uber-mom|move: Aurora Veil
|
|-weather|Snowscape|[upkeep]
|upkeep
|turn|13
|
|t:|1759004688
|switch|p1a: Hatterene|Hatterene, F, shiny|100/100
|move|p2a: Registeel|Iron Head|p1a: Hatterene
|-supereffective|p1a: Hatterene
|-damage|p1a: Hatterene|81/100
|
|-weather|Snowscape|[upkeep]
|-heal|p1a: Hatterene|87/100|[from] item: Leftovers
|upkeep
|turn|14
|
|t:|1759004693
|move|p2a: Registeel|Iron Head|p1a: Hatterene
|-supereffective|p1a: Hatterene
|-damage|p1a: Hatterene|68/100
|cant|p1a: Hatterene|flinch
|
|-weather|Snowscape|[upkeep]
|-heal|p1a: Hatterene|74/100|[from] item: Leftovers
|upkeep
|turn|15
|
|t:|1759004697
|move|p2a: Registeel|Iron Head|p1a: Hatterene
|-supereffective|p1a: Hatterene
|-damage|p1a: Hatterene|56/100
|move|p1a: Hatterene|Calm Mind|p1a: Hatterene
|-boost|p1a: Hatterene|spa|1
|-boost|p1a: Hatterene|spd|1
|
|-weather|Snowscape|[upkeep]
|-heal|p1a: Hatterene|62/100|[from] item: Leftovers
|upkeep
|turn|16
|
|t:|1759004700
|move|p2a: Registeel|Iron Head|p1a: Hatterene
|-supereffective|p1a: Hatterene
|-damage|p1a: Hatterene|42/100
|move|p1a: Hatterene|Mystical Fire|p2a: Registeel
|-supereffective|p2a: Registeel
|-damage|p2a: Registeel|65/100
|
|-weather|none
|-heal|p2a: Registeel|71/100|[from] item: Leftovers
|-heal|p1a: Hatterene|48/100|[from] item: Leftovers
|upkeep
|turn|17
|
|t:|1759004706
|move|p2a: Registeel|Iron Head|p1a: Hatterene
|-supereffective|p1a: Hatterene
|-damage|p1a: Hatterene|29/100
|move|p1a: Hatterene|Mystical Fire|p2a: Registeel
|-supereffective|p2a: Registeel
|-damage|p2a: Registeel|35/100
|
|-heal|p2a: Registeel|41/100|[from] item: Leftovers
|-heal|p1a: Hatterene|35/100|[from] item: Leftovers
|upkeep
|turn|18
|
|t:|1759004711
|move|p2a: Registeel|Iron Head|p1a: Hatterene
|-supereffective|p1a: Hatterene
|-damage|p1a: Hatterene|17/100
|move|p1a: Hatterene|Mystical Fire|p2a: Registeel
|-supereffective|p2a: Registeel
|-damage|p2a: Registeel|6/100
|
|-heal|p2a: Registeel|12/100|[from] item: Leftovers
|-heal|p1a: Hatterene|23/100|[from] item: Leftovers
|upkeep
|turn|19
|
|t:|1759004716
|move|p2a: Registeel|Iron Head|p1a: Hatterene
|-supereffective|p1a: Hatterene
|-damage|p1a: Hatterene|3/100
|cant|p1a: Hatterene|flinch
|
|-heal|p2a: Registeel|18/100|[from] item: Leftovers
|-heal|p1a: Hatterene|9/100|[from] item: Leftovers
|-sideend|p1: uber-mom|move: Aurora Veil
|upkeep
|turn|20
|
|t:|1759004724
|move|p2a: Registeel|Iron Head|p1a: Hatterene
|-supereffective|p1a: Hatterene
|-damage|p1a: Hatterene|0 fnt
|faint|p1a: Hatterene
|
|-heal|p2a: Registeel|24/100|[from] item: Leftovers
|upkeep
|
|t:|1759004726
|switch|p1a: Ninetales|Ninetales-Alola, M|68/100
|-weather|Snowscape|[from] ability: Snow Warning|[of] p1a: Ninetales
|turn|21
|
|t:|1759004733
|move|p1a: Ninetales|Aurora Veil|p1a: Ninetales
|-sidestart|p1: uber-mom|move: Aurora Veil
|move|p2a: Registeel|Thunder Wave|p1a: Ninetales
|-status|p1a: Ninetales|par
|
|-weather|Snowscape|[upkeep]
|-heal|p2a: Registeel|30/100|[from] item: Leftovers
|upkeep
|turn|22
|
|t:|1759004739
|move|p2a: Registeel|Stealth Rock|p1a: Ninetales
|-sidestart|p1: uber-mom|move: Stealth Rock
|move|p1a: Ninetales|Roar|p2a: Registeel
|drag|p2a: Slowbro|Slowbro, F|92/100
|
|-weather|Snowscape|[upkeep]
|-heal|p2a: Slowbro|98/100|[from] item: Leftovers
|upkeep
|turn|23
|
|t:|1759004744
|switch|p1a: Scizor|Scizor, F|100/100
|switch|p2a: Registeel|Registeel|30/100
|
|-weather|Snowscape|[upkeep]
|-heal|p2a: Registeel|36/100|[from] item: Leftovers
|upkeep
|turn|24
|
|t:|1759004749
|move|p1a: Scizor|Close Combat|p2a: Registeel
|-supereffective|p2a: Registeel
|-damage|p2a: Registeel|0 fnt
|-unboost|p1a: Scizor|def|1
|-unboost|p1a: Scizor|spd|1
|faint|p2a: Registeel
|
|-weather|Snowscape|[upkeep]
|upkeep
|
|t:|1759004753
|switch|p2a: Slowbro|Slowbro, F|100/100
|turn|25
|
|t:|1759004755
|move|p1a: Scizor|Defog|p2a: Slowbro
|-unboost|p2a: Slowbro|evasion|1
|-sideend|p1: uber-mom|Stealth Rock|[from] move: Defog|[of] p1a: Scizor
|move|p2a: Slowbro|Trick Room|p2a: Slowbro
|-fieldstart|move: Trick Room|[of] p2a: Slowbro
|
|-weather|none
|upkeep
|turn|26
|
|t:|1759004760
|move|p2a: Slowbro|Fire Blast|p1a: Scizor
|-supereffective|p1a: Scizor
|-damage|p1a: Scizor|0 fnt
|faint|p1a: Scizor
|
|upkeep
|
|t:|1759004764
|switch|p1a: Dragonite|Dragonite, M|100/100
|turn|27
|
|t:|1759004769
|switch|p2a: Mamoswine|Mamoswine, M|100/100
|move|p1a: Dragonite|Dragon Dance|p1a: Dragonite
|-boost|p1a: Dragonite|atk|1
|-boost|p1a: Dragonite|spe|1
|
|upkeep
|turn|28
|
|t:|1759004774
|move|p2a: Mamoswine|Icicle Crash|p1a: Dragonite
|-supereffective|p1a: Dragonite
|-crit|p1a: Dragonite
|-damage|p1a: Dragonite|0 fnt
|faint|p1a: Dragonite
|
|-sideend|p1: uber-mom|move: Aurora Veil
|upkeep
|
|t:|1759004777
|switch|p1a: Kyurem|Kyurem, shiny|72/100
|-ability|p1a: Kyurem|Pressure
|turn|29
|
|t:|1759004783
|switch|p1a: Ninetales|Ninetales-Alola, M|68/100 par
|-weather|Snowscape|[from] ability: Snow Warning|[of] p1a: Ninetales
|move|p2a: Mamoswine|Icicle Crash|p1a: Ninetales
|-resisted|p1a: Ninetales
|-damage|p1a: Ninetales|35/100 par
|
|-weather|Snowscape|[upkeep]
|-fieldend|move: Trick Room
|upkeep
|turn|30
|
|t:|1759004790
|move|p2a: Mamoswine|Icicle Crash|p1a: Ninetales
|-resisted|p1a: Ninetales
|-damage|p1a: Ninetales|4/100 par
|move|p1a: Ninetales|Freeze-Dry|p2a: Mamoswine
|-damage|p2a: Mamoswine|86/100
|
|-weather|Snowscape|[upkeep]
|upkeep
|turn|31
|
|t:|1759004796
|move|p2a: Mamoswine|Icicle Crash|p1a: Ninetales
|-resisted|p1a: Ninetales
|-damage|p1a: Ninetales|0 fnt
|faint|p1a: Ninetales
|
|-weather|Snowscape|[upkeep]
|upkeep
|
|t:|1759004797
|switch|p1a: Kyurem|Kyurem, shiny|72/100
|-ability|p1a: Kyurem|Pressure
|turn|32
|
|t:|1759004802
|move|p1a: Kyurem|Dragon Dance|p1a: Kyurem
|-boost|p1a: Kyurem|atk|1
|-boost|p1a: Kyurem|spe|1
|move|p2a: Mamoswine|Icicle Crash|p1a: Kyurem
|-damage|p1a: Kyurem|29/100
|
|-weather|Snowscape|[upkeep]
|upkeep
|turn|33
|
|t:|1759004810
|move|p1a: Kyurem|Scale Shot|p2a: Mamoswine
|-damage|p2a: Mamoswine|72/100
|-damage|p2a: Mamoswine|56/100
|-damage|p2a: Mamoswine|41/100
|-damage|p2a: Mamoswine|27/100
|-hitcount|p2a: Mamoswine|4
|-unboost|p1a: Kyurem|def|1
|-boost|p1a: Kyurem|spe|1
|move|p2a: Mamoswine|Icicle Crash|p1a: Kyurem
|-damage|p1a: Kyurem|0 fnt
|faint|p1a: Kyurem
|
|win|will-i-am2
|raw|uber-mom's rating: 1614 &rarr; <strong>1594</strong><br />(-20 for losing)
|raw|will-i-am2's rating: 1617 &rarr; <strong>1637</strong><br />(+20 for winning)
