|j|☆Kanehusky13
|j|☆nmx123
|t:|1759058108
|gametype|singles
|player|p1|Kanehusky13|101|1477
|player|p2|nmx123|101|1588
|gen|9
|tier|[Gen 9] OU
|rated|
|rule|HP Percentage Mod: HP is shown in percentages
|rule|Endless Battle Clause: Forcing endless battles is banned
|rule|Species Clause: Limit one of each Pokémon
|rule|OHKO Clause: OHKO moves are banned
|rule|Evasion Items Clause: Evasion items are banned
|rule|Evasion Moves Clause: Evasion moves are banned
|rule|Evasion Abilities Clause: Evasion abilities are banned
|rule|Sleep Moves Clause: Sleep-inducing moves are banned
|clearpoke
|poke|p1|Dragapult, M|
|poke|p1|Glastrier|
|poke|p1|Tinkaton, F|
|poke|p1|Ting-Lu|
|poke|p1|Iron Hands|
|poke|p1|Moltres|
|poke|p2|Dragonite, F|
|poke|p2|Zamazenta-*|
|poke|p2|Gholdengo|
|poke|p2|Raging Bolt|
|poke|p2|Ninetales-Alola, M|
|poke|p2|Great Tusk|
|teampreview
|inactive|Battle timer is ON: inactive players will automatically lose when time's up. (requested by nmx123)
|
|t:|1759058120
|teamsize|p1|6
|teamsize|p2|6
|start
|switch|p1a: Tinkaton|Tinkaton, F|100/100
|switch|p2a: Dragonite|Dragonite, F|100/100
|-item|p1a: Tinkaton|Air Balloon
|turn|1
|
|t:|1759058133
|move|p1a: Tinkaton|Knock Off|p2a: Dragonite
|-damage|p2a: Dragonite|92/100
|-enditem|p2a: Dragonite|Choice Band|[from] move: Knock Off|[of] p1a: Tinkaton
|move|p2a: Dragonite|Thunder Punch|p1a: Tinkaton
|-damage|p1a: Tinkaton|65/100
|-enditem|p1a: Tinkaton|Air Balloon
|
|upkeep
|turn|2
|
|t:|1759058141
|move|p1a: Tinkaton|Encore|p2a: Dragonite
|-start|p2a: Dragonite|Encore
|move|p2a: Dragonite|Thunder Punch|p1a: Tinkaton
|-damage|p1a: Tinkaton|29/100
|
|upkeep
|turn|3
|
|t:|1759058144
|switch|p1a: Ting-Lu|Ting-Lu|100/100
|-ability|p1a: Ting-Lu|Vessel of Ruin
|move|p2a: Dragonite|Thunder Punch|p1a: Ting-Lu
|-immune|p1a: Ting-Lu
|
|upkeep
|turn|4
|
|t:|1759058147
|switch|p2a: Great Tusk|Great Tusk|100/100
|move|p1a: Ting-Lu|Spikes|p2a: Great Tusk
|-sidestart|p2: nmx123|Spikes
|
|upkeep
|turn|5
|
|t:|1759058155
|switch|p1a: Moltres|Moltres|100/100
|move|p2a: Great Tusk|Rapid Spin|p1a: Moltres
|-damage|p1a: Moltres|89/100
|-boost|p2a: Great Tusk|spe|1
|-sideend|p2: nmx123|Spikes|[from] move: Rapid Spin|[of] p2a: Great Tusk
|
|upkeep
|turn|6
|
|t:|1759058175
|-end|p2a: Great Tusk|Protosynthesis|[silent]
|switch|p2a: Raging Bolt|Raging Bolt|100/100
|move|p1a: Moltres|Flamethrower|p2a: Raging Bolt
|-resisted|p2a: Raging Bolt
|-damage|p2a: Raging Bolt|85/100
|
|upkeep
|turn|7
|
|t:|1759058184
|switch|p1a: Ting-Lu|Ting-Lu|100/100
|-ability|p1a: Ting-Lu|Vessel of Ruin
|move|p2a: Raging Bolt|Draco Meteor|p1a: Ting-Lu
|-crit|p1a: Ting-Lu
|-damage|p1a: Ting-Lu|41/100
|-unboost|p2a: Raging Bolt|spa|2
|-damage|p2a: Raging Bolt|75/100|[from] item: Life Orb
|
|-heal|p1a: Ting-Lu|47/100|[from] item: Leftovers
|upkeep
|turn|8
|
|t:|1759058192
|-end|p2a: Raging Bolt|Protosynthesis|[silent]
|switch|p2a: Great Tusk|Great Tusk|100/100
|move|p1a: Ting-Lu|Spikes|p2a: Great Tusk
|-sidestart|p2: nmx123|Spikes
|
|-heal|p1a: Ting-Lu|54/100|[from] item: Leftovers
|upkeep
|turn|9
|
|t:|1759058198
|switch|p1a: Moltres|Moltres|89/100
|move|p2a: Great Tusk|Knock Off|p1a: Moltres
|-damage|p1a: Moltres|67/100
|-enditem|p1a: Moltres|Heavy-Duty Boots|[from] move: Knock Off|[of] p2a: Great Tusk
|
|upkeep
|turn|10
|
|t:|1759058202
|move|p1a: Moltres|Will-O-Wisp|p2a: Great Tusk
|-status|p2a: Great Tusk|brn
|move|p2a: Great Tusk|Stealth Rock|p1a: Moltres
|-sidestart|p1: Kanehusky13|move: Stealth Rock
|
|-damage|p2a: Great Tusk|94/100 brn|[from] brn
|upkeep
|turn|11
|
|t:|1759058209
|move|p1a: Moltres|Flamethrower|p2a: Great Tusk
|-damage|p2a: Great Tusk|60/100 brn
|move|p2a: Great Tusk|Rapid Spin|p1a: Moltres
|-damage|p1a: Moltres|62/100
|-boost|p2a: Great Tusk|spe|1
|-sideend|p2: nmx123|Spikes|[from] move: Rapid Spin|[of] p2a: Great Tusk
|
|-damage|p2a: Great Tusk|53/100 brn|[from] brn
|upkeep
|turn|12
|
|t:|1759058212
|-end|p2a: Great Tusk|Protosynthesis|[silent]
|switch|p2a: Raging Bolt|Raging Bolt|75/100
|move|p1a: Moltres|Flamethrower|p2a: Raging Bolt
|-resisted|p2a: Raging Bolt
|-damage|p2a: Raging Bolt|60/100
|
|upkeep
|turn|13
|
|t:|1759058216
|switch|p1a: Tinkaton|Tinkaton, F|29/100
|-damage|p1a: Tinkaton|23/100|[from] Stealth Rock
|move|p2a: Raging Bolt|Draco Meteor|p1a: Tinkaton
|-immune|p1a: Tinkaton
|
|upkeep
|turn|14
|
|t:|1759058222
|move|p2a: Raging Bolt|Thunderclap||[still]
|-fail|p2a: Raging Bolt
|move|p1a: Tinkaton|Stealth Rock|p2a: Raging Bolt
|-sidestart|p2: nmx123|move: Stealth Rock
|
|upkeep
|turn|15
|
|t:|1759058246
|-end|p2a: Raging Bolt|Protosynthesis|[silent]
|switch|p2a: Great Tusk|Great Tusk|53/100 brn
|-damage|p2a: Great Tusk|50/100 brn|[from] Stealth Rock
|move|p1a: Tinkaton|Encore||[still]
|-fail|p1a: Tinkaton
|
|-damage|p2a: Great Tusk|44/100 brn|[from] brn
|upkeep
|turn|16
|
|t:|1759058253
|switch|p1a: Dragapult|Dragapult, M|100/100
|move|p2a: Great Tusk|Knock Off|p1a: Dragapult
|-supereffective|p1a: Dragapult
|-damage|p1a: Dragapult|55/100
|-enditem|p1a: Dragapult|Heavy-Duty Boots|[from] move: Knock Off|[of] p2a: Great Tusk
|
|-damage|p2a: Great Tusk|38/100 brn|[from] brn
|upkeep
|turn|17
|
|t:|1759058261
|move|p1a: Dragapult|Draco Meteor|p2a: Great Tusk
|-damage|p2a: Great Tusk|0 fnt
|-unboost|p1a: Dragapult|spa|2
|faint|p2a: Great Tusk
|-end|p2a: Great Tusk|Protosynthesis|[silent]
|
|upkeep
|
|t:|1759058263
|switch|p2a: Gholdengo|Gholdengo|100/100
|-damage|p2a: Gholdengo|94/100|[from] Stealth Rock
|turn|18
|
|t:|1759058268
|switch|p1a: Tinkaton|Tinkaton, F|23/100
|-damage|p1a: Tinkaton|17/100|[from] Stealth Rock
|move|p2a: Gholdengo|Shadow Ball|p1a: Tinkaton
|-damage|p1a: Tinkaton|0 fnt
|faint|p1a: Tinkaton
|
|upkeep
|
|t:|1759058286
|switch|p1a: Moltres|Moltres|62/100
|-damage|p1a: Moltres|12/100|[from] Stealth Rock
|turn|19
|
|t:|1759058289
|move|p2a: Gholdengo|Shadow Ball|p1a: Moltres
|-damage|p1a: Moltres|0 fnt
|faint|p1a: Moltres
|
|upkeep
|
|t:|1759058294
|switch|p1a: Ting-Lu|Ting-Lu|54/100
|-damage|p1a: Ting-Lu|47/100|[from] Stealth Rock
|-ability|p1a: Ting-Lu|Vessel of Ruin
|turn|20
|
|t:|1759058299
|switch|p2a: Zamazenta|Zamazenta|100/100
|-damage|p2a: Zamazenta|94/100|[from] Stealth Rock
|-ability|p2a: Zamazenta|Dauntless Shield|boost
|-boost|p2a: Zamazenta|def|1
|move|p1a: Ting-Lu|Spikes|p2a: Zamazenta
|-sidestart|p2: nmx123|Spikes
|
|-heal|p2a: Zamazenta|100/100|[from] item: Leftovers
|-heal|p1a: Ting-Lu|54/100|[from] item: Leftovers
|upkeep
|turn|21
|
|t:|1759058308
|move|p2a: Zamazenta|Iron Defense|p2a: Zamazenta
|-boost|p2a: Zamazenta|def|2
|move|p1a: Ting-Lu|Whirlwind|p2a: Zamazenta
|drag|p2a: Dragonite|Dragonite, F|92/100
|-damage|p2a: Dragonite|67/100|[from] Stealth Rock
|
|-heal|p1a: Ting-Lu|60/100|[from] item: Leftovers
|upkeep
|turn|22
|
|t:|1759058312
|move|p2a: Dragonite|Outrage|p1a: Ting-Lu
|-damage|p1a: Ting-Lu|23/100
|move|p1a: Ting-Lu|Spikes|p2a: Dragonite
|-sidestart|p2: nmx123|Spikes
|
|-heal|p1a: Ting-Lu|29/100|[from] item: Leftovers
|upkeep
|turn|23
|
|t:|1759058316
|move|p2a: Dragonite|Outrage|p1a: Ting-Lu|[from] lockedmove
|-damage|p1a: Ting-Lu|0 fnt
|faint|p1a: Ting-Lu
|-start|p2a: Dragonite|confusion|[fatigue]
|
|upkeep
|
|t:|1759058320
|switch|p1a: Glastrier|Glastrier|100/100
|turn|24
|
|t:|1759058329
|switch|p2a: Zamazenta|Zamazenta|100/100
|-damage|p2a: Zamazenta|94/100|[from] Stealth Rock
|-damage|p2a: Zamazenta|78/100|[from] Spikes
|move|p1a: Glastrier|Swords Dance|p1a: Glastrier
|-boost|p1a: Glastrier|atk|2
|
|-heal|p2a: Zamazenta|84/100|[from] item: Leftovers
|upkeep
|turn|25
|
|t:|1759058337
|move|p2a: Zamazenta|Body Press|p1a: Glastrier
|-supereffective|p1a: Glastrier
|-damage|p1a: Glastrier|39/100
|move|p1a: Glastrier|Icicle Crash|p2a: Zamazenta
|-damage|p2a: Zamazenta|14/100
|
|-heal|p2a: Zamazenta|20/100|[from] item: Leftovers
|upkeep
|turn|26
|
|t:|1759058345
|switch|p1a: Iron Hands|Iron Hands|100/100
|move|p2a: Zamazenta|Body Press|p1a: Iron Hands
|-damage|p1a: Iron Hands|72/100
|
|-heal|p2a: Zamazenta|26/100|[from] item: Leftovers
|upkeep
|turn|27
|
|t:|1759058351
|move|p2a: Zamazenta|Iron Defense|p2a: Zamazenta
|-boost|p2a: Zamazenta|def|2
|move|p1a: Iron Hands|Swords Dance|p1a: Iron Hands
|-boost|p1a: Iron Hands|atk|2
|
|-heal|p2a: Zamazenta|32/100|[from] item: Leftovers
|upkeep
|turn|28
|
|t:|1759058355
|-terastallize|p1a: Iron Hands|Flying
|move|p2a: Zamazenta|Body Press|p1a: Iron Hands
|-resisted|p1a: Iron Hands
|-crit|p1a: Iron Hands
|-damage|p1a: Iron Hands|33/100
|move|p1a: Iron Hands|Drain Punch|p2a: Zamazenta
|-damage|p2a: Zamazenta|2/100
|-heal|p1a: Iron Hands|43/100|[from] drain|[of] p2a: Zamazenta
|
|-heal|p2a: Zamazenta|8/100|[from] item: Leftovers
|upkeep
|turn|29
|
|t:|1759058362
|move|p2a: Zamazenta|Body Press|p1a: Iron Hands
|-resisted|p1a: Iron Hands
|-damage|p1a: Iron Hands|17/100
|move|p1a: Iron Hands|Drain Punch|p2a: Zamazenta
|-damage|p2a: Zamazenta|0 fnt
|-heal|p1a: Iron Hands|19/100|[from] drain|[of] p2a: Zamazenta
|faint|p2a: Zamazenta
|
|upkeep
|
|t:|1759058368
|switch|p2a: Gholdengo|Gholdengo|94/100
|-damage|p2a: Gholdengo|88/100|[from] Stealth Rock
|-damage|p2a: Gholdengo|72/100|[from] Spikes
|turn|30
|
|t:|1759058373
|move|p2a: Gholdengo|Shadow Ball|p1a: Iron Hands
|-damage|p1a: Iron Hands|0 fnt
|faint|p1a: Iron Hands
|-end|p1a: Iron Hands|Quark Drive|[silent]
|
|upkeep
|
|t:|1759058374
|switch|p1a: Dragapult|Dragapult, M|55/100
|-damage|p1a: Dragapult|43/100|[from] Stealth Rock
|turn|31
|
|t:|1759058377
|move|p2a: Gholdengo|Shadow Ball|p1a: Dragapult
|-supereffective|p1a: Dragapult
|-damage|p1a: Dragapult|0 fnt
|faint|p1a: Dragapult
|
|upkeep
|
|t:|1759058378
|switch|p1a: Glastrier|Glastrier|39/100
|turn|32
|
|t:|1759058381
|move|p2a: Gholdengo|Shadow Ball|p1a: Glastrier
|-damage|p1a: Glastrier|4/100
|move|p1a: Glastrier|High Horsepower|p2a: Gholdengo
|-supereffective|p2a: Gholdengo
|-damage|p2a: Gholdengo|0 fnt
|faint|p2a: Gholdengo
|-ability|p1a: Glastrier|Chilling Neigh|boost
|-boost|p1a: Glastrier|atk|1
|
|upkeep
|
|t:|1759058386
|switch|p2a: Dragonite|Dragonite, F|67/100
|-damage|p2a: Dragonite|42/100|[from] Stealth Rock
|turn|33
|
|t:|1759058400
|-terastallize|p2a: Dragonite|Normal
|move|p2a: Dragonite|Extreme Speed|p1a: Glastrier
|-damage|p1a: Glastrier|0 fnt
|faint|p1a: Glastrier
|
|win|nmx123
|raw|Kanehusky13's rating: 1477 &rarr; <strong>1463</strong><br />(-14 for losing)
|raw|nmx123's rating: 1588 &rarr; <strong>1602</strong><br />(+14 for winning)
|l|☆Kanehusky13
|player|p1|
|l|☆nmx123
|player|p2|
