|j|☆niko7777777
|j|☆fusty333
|t:|1759029569
|gametype|singles
|player|p1|niko7777777|170|1547
|player|p2|fusty333|burglar|1532
|gen|9
|tier|[Gen 9] OU
|rated|
|rule|HP Percentage Mod: HP is shown in percentages
|rule|Endless Battle Clause: Forcing endless battles is banned
|rule|Species Clause: Limit one of each Pokémon
|rule|OHKO Clause: OHKO moves are banned
|rule|Evasion Items Clause: Evasion items are banned
|rule|Evasion Moves Clause: Evasion moves are banned
|rule|Evasion Abilities Clause: Evasion abilities are banned
|rule|Sleep Moves Clause: Sleep-inducing moves are banned
|clearpoke
|poke|p1|Landorus-Therian, M|
|poke|p1|Samurott-Hisui, M|
|poke|p1|Pecharunt|
|poke|p1|Scizor, F|
|poke|p1|Latios, M|
|poke|p1|Zamazenta-*|
|poke|p2|Dragapult, F|
|poke|p2|Excadrill, F|
|poke|p2|Rotom-Heat|
|poke|p2|Corviknight, F|
|poke|p2|Araquanid, F|
|poke|p2|Zamazenta-*|
|teampreview
|
|t:|1759029582
|teamsize|p1|6
|teamsize|p2|6
|start
|switch|p1a: Samurott|Samurott-Hisui, M|100/100
|switch|p2a: Rotom|Rotom-Heat|100/100
|turn|1
|
|t:|1759029590
|move|p2a: Rotom|Volt Switch|p1a: Samurott
|-supereffective|p1a: Samurott
|-damage|p1a: Samurott|37/100
|
|t:|1759029592
|switch|p2a: Corviknight|Corviknight, F, shiny|100/100|[from] Volt Switch
|move|p1a: Samurott|Ceaseless Edge|p2a: Corviknight
|-damage|p2a: Corviknight|73/100
|-damage|p1a: Samurott|20/100|[from] item: Rocky Helmet|[of] p2a: Corviknight
|-sidestart|p2: fusty333|Spikes
|
|upkeep
|turn|2
|
|t:|1759029615
|move|p1a: Samurott|Knock Off|p2a: Corviknight
|-damage|p2a: Corviknight|46/100
|-damage|p1a: Samurott|4/100|[from] item: Rocky Helmet|[of] p2a: Corviknight
|-enditem|p2a: Corviknight|Rocky Helmet|[from] move: Knock Off|[of] p1a: Samurott
|move|p2a: Corviknight|U-turn|p1a: Samurott
|-supereffective|p1a: Samurott
|-damage|p1a: Samurott|0 fnt
|faint|p1a: Samurott
|
|t:|1759029623
|switch|p2a: Rotom|Rotom-Heat|100/100|[from] U-turn
|
|upkeep
|
|t:|1759029651
|switch|p1a: Latios|Latios, M|100/100
|turn|3
|
|t:|1759029662
|move|p2a: Rotom|Trick|p1a: Latios
|-activate|p2a: Rotom|move: Trick|[of] p1a: Latios
|-item|p1a: Latios|Choice Scarf|[from] move: Trick
|-item|p2a: Rotom|Soul Dew|[from] move: Trick
|move|p1a: Latios|Draco Meteor|p2a: Rotom
|-damage|p2a: Rotom|4/100
|-unboost|p1a: Latios|spa|2
|
|upkeep
|turn|4
|
|t:|1759029668
|switch|p2a: Araquanid|Araquanid, F, shiny|100/100
|-damage|p2a: Araquanid|88/100|[from] Spikes
|move|p1a: Latios|Draco Meteor|p2a: Araquanid
|-damage|p2a: Araquanid|67/100
|-unboost|p1a: Latios|spa|2
|
|-heal|p2a: Araquanid|73/100|[from] item: Leftovers
|upkeep
|turn|5
|
|t:|1759029689
|switch|p1a: Landorus|Landorus-Therian, M|100/100
|-ability|p1a: Landorus|Intimidate|boost
|-unboost|p2a: Araquanid|atk|1
|move|p2a: Araquanid|Liquidation|p1a: Landorus
|-supereffective|p1a: Landorus
|-damage|p1a: Landorus|40/100
|-damage|p2a: Araquanid|56/100|[from] item: Rocky Helmet|[of] p1a: Landorus
|
|-heal|p2a: Araquanid|63/100|[from] item: Leftovers
|upkeep
|turn|6
|
|t:|1759029697
|switch|p2a: Corviknight|Corviknight, F, shiny|46/100
|move|p1a: Landorus|Stealth Rock|p2a: Corviknight
|-sidestart|p2: fusty333|move: Stealth Rock
|
|upkeep
|turn|7
|
|t:|1759029744
|move|p1a: Landorus|U-turn|p2a: Corviknight
|-resisted|p2a: Corviknight
|-damage|p2a: Corviknight|43/100
|inactive|Battle timer is ON: inactive players will automatically lose when time's up. (requested by fusty333)
|
|t:|1759029752
|switch|p1a: Pecharunt|Pecharunt|100/100|[from] U-turn
|-item|p1a: Pecharunt|Air Balloon
|move|p2a: Corviknight|Defog|p1a: Pecharunt
|-unboost|p1a: Pecharunt|evasion|1
|-sideend|p2: fusty333|Spikes|[from] move: Defog|[of] p2a: Corviknight
|-sideend|p2: fusty333|Stealth Rock|[from] move: Defog|[of] p2a: Corviknight
|
|upkeep
|turn|8
|
|t:|1759029762
|move|p1a: Pecharunt|Shadow Ball|p2a: Corviknight
|-damage|p2a: Corviknight|16/100
|move|p2a: Corviknight|U-turn|p1a: Pecharunt
|-resisted|p1a: Pecharunt
|-damage|p1a: Pecharunt|98/100
|-enditem|p1a: Pecharunt|Air Balloon
|
|t:|1759029766
|switch|p2a: Dragapult|Dragapult, F|100/100|[from] U-turn
|
|upkeep
|turn|9
|
|t:|1759029783
|move|p2a: Dragapult|Shadow Ball|p1a: Pecharunt
|-supereffective|p1a: Pecharunt
|-damage|p1a: Pecharunt|0 fnt
|faint|p1a: Pecharunt
|
|upkeep
|
|t:|1759029800
|switch|p1a: Scizor|Scizor, F|100/100
|turn|10
|
|t:|1759029826
|move|p2a: Dragapult|Shadow Ball|p1a: Scizor
|-damage|p1a: Scizor|14/100
|move|p1a: Scizor|Swords Dance|p1a: Scizor
|-boost|p1a: Scizor|atk|2
|
|upkeep
|turn|11
|
|t:|1759029833
|switch|p2a: Corviknight|Corviknight, F, shiny|16/100
|move|p1a: Scizor|Bullet Punch|p2a: Corviknight
|-resisted|p2a: Corviknight
|-damage|p2a: Corviknight|0 fnt
|faint|p2a: Corviknight
|
|upkeep
|
|t:|1759029841
|switch|p2a: Excadrill|Excadrill, F|100/100
|-ability|p2a: Excadrill|Mold Breaker
|turn|12
|
|t:|1759029864
|move|p1a: Scizor|Bullet Punch|p2a: Excadrill
|-resisted|p2a: Excadrill
|-damage|p2a: Excadrill|55/100
|move|p2a: Excadrill|Iron Head|p1a: Scizor
|-resisted|p1a: Scizor
|-damage|p1a: Scizor|0 fnt
|faint|p1a: Scizor
|
|upkeep
|inactive|niko7777777 has 120 seconds left.
|
|t:|1759029896
|switch|p1a: Landorus|Landorus-Therian, M|40/100
|-ability|p1a: Landorus|Intimidate|boost
|-unboost|p2a: Excadrill|atk|1
|turn|13
|
|t:|1759029911
|move|p2a: Excadrill|Iron Head|p1a: Landorus
|-damage|p1a: Landorus|13/100
|-damage|p2a: Excadrill|38/100|[from] item: Rocky Helmet|[of] p1a: Landorus
|cant|p1a: Landorus|flinch
|
|upkeep
|turn|14
|
|t:|1759029926
|move|p2a: Excadrill|Iron Head|p1a: Landorus
|-crit|p1a: Landorus
|-damage|p1a: Landorus|0 fnt
|-damage|p2a: Excadrill|22/100|[from] item: Rocky Helmet|[of] p1a: Landorus
|faint|p1a: Landorus
|
|upkeep
|
|t:|1759029927
|switch|p1a: Zamazenta|Zamazenta|100/100
|-ability|p1a: Zamazenta|Dauntless Shield|boost
|-boost|p1a: Zamazenta|def|1
|turn|15
|
|t:|1759029935
|switch|p2a: Rotom|Rotom-Heat|4/100
|move|p1a: Zamazenta|Iron Defense|p1a: Zamazenta
|-boost|p1a: Zamazenta|def|2
|
|upkeep
|turn|16
|inactive|niko7777777 has 120 seconds left.
|
|t:|1759029943
|move|p1a: Zamazenta|Crunch|p2a: Rotom
|-damage|p2a: Rotom|0 fnt
|faint|p2a: Rotom
|
|upkeep
|
|t:|1759029945
|switch|p2a: Dragapult|Dragapult, F|100/100
|turn|17
|inactive|niko7777777 has 120 seconds left.
|
|t:|1759029965
|move|p1a: Zamazenta|Crunch|p2a: Dragapult
|-supereffective|p2a: Dragapult
|-damage|p2a: Dragapult|39/100
|move|p2a: Dragapult|Draco Meteor|p1a: Zamazenta
|-damage|p1a: Zamazenta|15/100
|-unboost|p2a: Dragapult|spa|2
|
|-heal|p1a: Zamazenta|21/100|[from] item: Leftovers
|upkeep
|turn|18
|inactive|niko7777777 has 120 seconds left.
|
|t:|1759029983
|switch|p2a: Zamazenta|Zamazenta|100/100
|-ability|p2a: Zamazenta|Dauntless Shield|boost
|-boost|p2a: Zamazenta|def|1
|move|p1a: Zamazenta|Crunch|p2a: Zamazenta
|-resisted|p2a: Zamazenta
|-damage|p2a: Zamazenta|94/100
|
|-heal|p2a: Zamazenta|100/100|[from] item: Leftovers
|-heal|p1a: Zamazenta|27/100|[from] item: Leftovers
|upkeep
|turn|19
|
|t:|1759029988
|move|p2a: Zamazenta|Body Press|p1a: Zamazenta
|-damage|p1a: Zamazenta|13/100
|move|p1a: Zamazenta|Body Press|p2a: Zamazenta
|-damage|p2a: Zamazenta|48/100
|
|-heal|p2a: Zamazenta|54/100|[from] item: Leftovers
|-heal|p1a: Zamazenta|19/100|[from] item: Leftovers
|upkeep
|turn|20
|
|t:|1759029994
|move|p2a: Zamazenta|Body Press|p1a: Zamazenta
|-damage|p1a: Zamazenta|6/100
|move|p1a: Zamazenta|Body Press|p2a: Zamazenta
|-damage|p2a: Zamazenta|1/100
|
|-heal|p2a: Zamazenta|7/100|[from] item: Leftovers
|-heal|p1a: Zamazenta|12/100|[from] item: Leftovers
|upkeep
|turn|21
|
|t:|1759030002
|move|p2a: Zamazenta|Body Press|p1a: Zamazenta
|-damage|p1a: Zamazenta|0 fnt
|faint|p1a: Zamazenta
|
|-heal|p2a: Zamazenta|13/100|[from] item: Leftovers
|upkeep
|
|t:|1759030012
|switch|p1a: Latios|Latios, M|100/100
|turn|22
|
|t:|1759030021
|move|p1a: Latios|Psychic Noise|p2a: Zamazenta
|-supereffective|p2a: Zamazenta
|-damage|p2a: Zamazenta|0 fnt
|faint|p2a: Zamazenta
|
|upkeep
|
|t:|1759030034
|switch|p2a: Excadrill|Excadrill, F|22/100
|-ability|p2a: Excadrill|Mold Breaker
|turn|23
|
|t:|1759030042
|move|p1a: Latios|Psychic Noise|p2a: Excadrill
|-resisted|p2a: Excadrill
|-damage|p2a: Excadrill|0 fnt
|faint|p2a: Excadrill
|
|upkeep
|
|t:|1759030045
|switch|p2a: Dragapult|Dragapult, F|39/100
|turn|24
|
|t:|1759030050
|-terastallize|p2a: Dragapult|Steel
|move|p1a: Latios|Psychic Noise|p2a: Dragapult
|-resisted|p2a: Dragapult
|-damage|p2a: Dragapult|11/100
|-start|p2a: Dragapult|move: Heal Block
|move|p2a: Dragapult|Shadow Ball|p1a: Latios
|-supereffective|p1a: Latios
|-damage|p1a: Latios|0 fnt
|faint|p1a: Latios
|
|win|fusty333
|raw|niko7777777's rating: 1547 &rarr; <strong>1526</strong><br />(-21 for losing)
|raw|fusty333's rating: 1532 &rarr; <strong>1553</strong><br />(+21 for winning)
|l|☆niko7777777
|player|p1|
