|j|‽Neonaruto
|j|☆Crinchy Costanza
|t:|1758997913
|gametype|singles
|player|p1|Neonaruto|265|1544
|player|p2|Crinchy Costanza|265|1612
|gen|9
|tier|[Gen 9] OU
|rated|
|rule|HP Percentage Mod: HP is shown in percentages
|rule|Endless Battle Clause: Forcing endless battles is banned
|rule|Species Clause: Limit one of each Pokémon
|rule|OHKO Clause: OHKO moves are banned
|rule|Evasion Items Clause: Evasion items are banned
|rule|Evasion Moves Clause: Evasion moves are banned
|rule|Evasion Abilities Clause: Evasion abilities are banned
|rule|Sleep Moves Clause: Sleep-inducing moves are banned
|clearpoke
|poke|p1|Tyranitar, F|
|poke|p1|Iron Moth|
|poke|p1|Staraptor, M|
|poke|p1|Garchomp, F|
|poke|p1|Torkoal, M|
|poke|p1|Dragonite, M|
|poke|p2|Gliscor, F|
|poke|p2|Ting-Lu|
|poke|p2|Ogerpon-Wellspring, F|
|poke|p2|Gholdengo|
|poke|p2|Dragonite, M|
|poke|p2|Glimmora, F|
|teampreview
|
|t:|1758997919
|teamsize|p1|6
|teamsize|p2|6
|start
|switch|p1a: Staraptor|Staraptor, M|100/100
|switch|p2a: Gliscor|Gliscor, F|100/100
|turn|1
|
|t:|1758997924
|move|p2a: Gliscor|Protect|p2a: Gliscor
|-singleturn|p2a: Gliscor|Protect
|move|p1a: Staraptor|Brave Bird|p2a: Gliscor
|-activate|p2a: Gliscor|move: Protect
|
|-status|p2a: Gliscor|tox|[from] item: Toxic Orb
|upkeep
|turn|2
|
|t:|1758997931
|switch|p2a: Glimmora|Glimmora, F|100/100
|move|p1a: Staraptor|Brave Bird|p2a: Glimmora
|-resisted|p2a: Glimmora
|-damage|p2a: Glimmora|59/100
|-activate|p2a: Glimmora|ability: Toxic Debris
|-sidestart|p1: Neonaruto|move: Toxic Spikes
|-damage|p1a: Staraptor|84/100|[from] Recoil
|-enditem|p2a: Glimmora|Red Card|[of] p1a: Staraptor
|drag|p1a: Torkoal|Torkoal, M, shiny|100/100
|-weather|SunnyDay|[from] ability: Drought|[of] p1a: Torkoal
|
|-weather|SunnyDay|[upkeep]
|upkeep
|turn|3
|
|t:|1758997941
|switch|p1a: Staraptor|Staraptor, M|84/100
|move|p2a: Glimmora|Power Gem|p1a: Staraptor
|-supereffective|p1a: Staraptor
|-damage|p1a: Staraptor|0 fnt
|faint|p1a: Staraptor
|
|-weather|SunnyDay|[upkeep]
|upkeep
|
|t:|1758997943
|switch|p1a: Iron Moth|Iron Moth|100/100
|-sideend|p1: Neonaruto|move: Toxic Spikes|[of] p1a: Iron Moth
|turn|4
|
|t:|1758997952
|move|p1a: Iron Moth|Overheat|p2a: Glimmora
|-resisted|p2a: Glimmora
|-damage|p2a: Glimmora|0 fnt
|-unboost|p1a: Iron Moth|spa|2
|faint|p2a: Glimmora
|
|-weather|SunnyDay|[upkeep]
|upkeep
|
|t:|1758997967
|switch|p2a: Gliscor|Gliscor, F|100/100 tox
|turn|5
|
|t:|1758997973
|-end|p1a: Iron Moth|Quark Drive|[silent]
|switch|p1a: Garchomp|Garchomp, F|100/100
|move|p2a: Gliscor|Swords Dance|p2a: Gliscor
|-boost|p2a: Gliscor|atk|2
|
|-weather|SunnyDay|[upkeep]
|upkeep
|turn|6
|
|t:|1758997978
|-terastallize|p2a: Gliscor|Fairy
|move|p2a: Gliscor|Tera Blast|p1a: Garchomp|[anim] Tera Blast Fairy
|-supereffective|p1a: Garchomp
|-damage|p1a: Garchomp|25/100
|move|p1a: Garchomp|Spikes|p2a: Gliscor
|-sidestart|p2: Crinchy Costanza|Spikes
|
|-weather|none
|upkeep
|turn|7
|
|t:|1758997986
|switch|p1a: Torkoal|Torkoal, M, shiny|100/100
|-weather|SunnyDay|[from] ability: Drought|[of] p1a: Torkoal
|move|p2a: Gliscor|Tera Blast|p1a: Torkoal|[anim] Tera Blast Fairy
|-resisted|p1a: Torkoal
|-damage|p1a: Torkoal|83/100
|
|-weather|SunnyDay|[upkeep]
|upkeep
|turn|8
|
|t:|1758997990
|move|p2a: Gliscor|Protect|p2a: Gliscor
|-singleturn|p2a: Gliscor|Protect
|move|p1a: Torkoal|Lava Plume|p2a: Gliscor
|-activate|p2a: Gliscor|move: Protect
|
|-weather|SunnyDay|[upkeep]
|upkeep
|turn|9
|
|t:|1758997993
|move|p2a: Gliscor|Earthquake|p1a: Torkoal
|-supereffective|p1a: Torkoal
|-damage|p1a: Torkoal|6/100
|move|p1a: Torkoal|Lava Plume|p2a: Gliscor
|-damage|p2a: Gliscor|55/100 tox
|
|-weather|SunnyDay|[upkeep]
|-heal|p2a: Gliscor|67/100 tox|[from] ability: Poison Heal
|upkeep
|turn|10
|
|t:|1758998005
|switch|p1a: Garchomp|Garchomp, F|25/100
|move|p2a: Gliscor|Tera Blast|p1a: Garchomp|[anim] Tera Blast Fairy
|-supereffective|p1a: Garchomp
|-damage|p1a: Garchomp|0 fnt
|faint|p1a: Garchomp
|
|-weather|SunnyDay|[upkeep]
|-heal|p2a: Gliscor|80/100 tox|[from] ability: Poison Heal
|upkeep
|
|t:|1758998006
|switch|p1a: Iron Moth|Iron Moth|100/100
|turn|11
|
|t:|1758998013
|move|p2a: Gliscor|Protect|p2a: Gliscor
|-singleturn|p2a: Gliscor|Protect
|move|p1a: Iron Moth|Overheat|p2a: Gliscor
|-activate|p2a: Gliscor|move: Protect
|
|-weather|none
|-heal|p2a: Gliscor|92/100 tox|[from] ability: Poison Heal
|upkeep
|turn|12
|
|t:|1758998018
|move|p1a: Iron Moth|Overheat|p2a: Gliscor
|-damage|p2a: Gliscor|0 fnt
|-unboost|p1a: Iron Moth|spa|2
|faint|p2a: Gliscor
|
|upkeep
|
|t:|1758998028
|switch|p2a: Ogerpon|Ogerpon-Wellspring, F|100/100
|-damage|p2a: Ogerpon|88/100|[from] Spikes
|turn|13
|inactive|Battle timer is ON: inactive players will automatically lose when time's up. (requested by Crinchy Costanza)
|
|t:|1758998048
|-end|p1a: Iron Moth|Quark Drive|[silent]
|switch|p1a: Torkoal|Torkoal, M, shiny|6/100
|-weather|SunnyDay|[from] ability: Drought|[of] p1a: Torkoal
|move|p2a: Ogerpon|Ivy Cudgel|p1a: Torkoal|[anim] Ivy Cudgel Water
|-supereffective|p1a: Torkoal
|-damage|p1a: Torkoal|0 fnt
|faint|p1a: Torkoal
|
|-weather|SunnyDay|[upkeep]
|upkeep
|
|t:|1758998049
|switch|p1a: Dragonite|Dragonite, M, shiny|100/100
|turn|14
|
|t:|1758998055
|move|p2a: Ogerpon|U-turn|p1a: Dragonite
|-resisted|p1a: Dragonite
|-damage|p1a: Dragonite|92/100
|
|t:|1758998057
|switch|p2a: Ting-Lu|Ting-Lu|100/100|[from] U-turn
|-damage|p2a: Ting-Lu|88/100|[from] Spikes
|-ability|p2a: Ting-Lu|Vessel of Ruin
|move|p1a: Dragonite|Dragon Dance|p1a: Dragonite
|-boost|p1a: Dragonite|atk|1
|-boost|p1a: Dragonite|spe|1
|
|-weather|SunnyDay|[upkeep]
|-heal|p2a: Ting-Lu|94/100|[from] item: Leftovers
|upkeep
|turn|15
|
|t:|1758998064
|move|p1a: Dragonite|Earthquake|p2a: Ting-Lu
|-damage|p2a: Ting-Lu|61/100
|move|p2a: Ting-Lu|Ruination|p1a: Dragonite
|-damage|p1a: Dragonite|47/100
|
|-weather|SunnyDay|[upkeep]
|-heal|p2a: Ting-Lu|67/100|[from] item: Leftovers
|upkeep
|turn|16
|
|t:|1758998068
|move|p1a: Dragonite|Dragon Dance|p1a: Dragonite
|-boost|p1a: Dragonite|atk|1
|-boost|p1a: Dragonite|spe|1
|move|p2a: Ting-Lu|Whirlwind|p1a: Dragonite
|drag|p1a: Iron Moth|Iron Moth|100/100
|
|-weather|SunnyDay|[upkeep]
|-heal|p2a: Ting-Lu|73/100|[from] item: Leftovers
|upkeep
|turn|17
|
|t:|1758998072
|move|p1a: Iron Moth|Overheat|p2a: Ting-Lu
|-damage|p2a: Ting-Lu|6/100
|-unboost|p1a: Iron Moth|spa|2
|move|p2a: Ting-Lu|Earthquake|p1a: Iron Moth
|-supereffective|p1a: Iron Moth
|-damage|p1a: Iron Moth|0 fnt
|faint|p1a: Iron Moth
|-end|p1a: Iron Moth|Quark Drive|[silent]
|
|-weather|none
|-heal|p2a: Ting-Lu|12/100|[from] item: Leftovers
|upkeep
|
|t:|1758998075
|switch|p1a: Dragonite|Dragonite, M, shiny|47/100
|turn|18
|
|t:|1758998084
|move|p1a: Dragonite|Earthquake|p2a: Ting-Lu
|-crit|p2a: Ting-Lu
|-damage|p2a: Ting-Lu|0 fnt
|faint|p2a: Ting-Lu
|
|upkeep
|
|t:|1758998094
|switch|p2a: Gholdengo|Gholdengo|100/100
|-damage|p2a: Gholdengo|88/100|[from] Spikes
|turn|19
|
|t:|1758998099
|switch|p1a: Tyranitar|Tyranitar, F, shiny|100/100
|-weather|Sandstorm|[from] ability: Sand Stream|[of] p1a: Tyranitar
|move|p2a: Gholdengo|Make It Rain|p1a: Tyranitar
|-supereffective|p1a: Tyranitar
|-damage|p1a: Tyranitar|69/100
|-unboost|p2a: Gholdengo|spa|1
|
|-weather|Sandstorm|[upkeep]
|upkeep
|turn|20
|
|t:|1758998105
|switch|p2a: Ogerpon|Ogerpon-Wellspring, F|88/100
|-damage|p2a: Ogerpon|76/100|[from] Spikes
|move|p1a: Tyranitar|Knock Off|p2a: Ogerpon
|-damage|p2a: Ogerpon|37/100
|
|-weather|Sandstorm|[upkeep]
|-damage|p2a: Ogerpon|31/100|[from] Sandstorm
|upkeep
|turn|21
|
|t:|1758998111
|move|p2a: Ogerpon|Ivy Cudgel|p1a: Tyranitar|[anim] Ivy Cudgel Water
|-supereffective|p1a: Tyranitar
|-damage|p1a: Tyranitar|0 fnt
|faint|p1a: Tyranitar
|
|-weather|Sandstorm|[upkeep]
|-damage|p2a: Ogerpon|25/100|[from] Sandstorm
|upkeep
|
|t:|1758998113
|switch|p1a: Dragonite|Dragonite, M, shiny|47/100
|turn|22
|
|t:|1758998119
|move|p2a: Ogerpon|Knock Off|p1a: Dragonite
|-damage|p1a: Dragonite|8/100
|-enditem|p1a: Dragonite|Heavy-Duty Boots|[from] move: Knock Off|[of] p2a: Ogerpon
|move|p1a: Dragonite|Dragon Dance|p1a: Dragonite
|-boost|p1a: Dragonite|atk|1
|-boost|p1a: Dragonite|spe|1
|
|-weather|Sandstorm|[upkeep]
|-damage|p1a: Dragonite|1/100|[from] Sandstorm
|-damage|p2a: Ogerpon|19/100|[from] Sandstorm
|upkeep
|turn|23
|
|t:|1758998126
|move|p1a: Dragonite|Earthquake|p2a: Ogerpon
|-resisted|p2a: Ogerpon
|-damage|p2a: Ogerpon|0 fnt
|faint|p2a: Ogerpon
|
|-weather|none
|upkeep
|
|t:|1758998129
|switch|p2a: Dragonite|Dragonite, M|100/100
|turn|24
|
|t:|1758998133
|move|p2a: Dragonite|Extreme Speed|p1a: Dragonite
|-damage|p1a: Dragonite|0 fnt
|faint|p1a: Dragonite
|
|win|Crinchy Costanza
|raw|Neonaruto's rating: 1544 &rarr; <strong>1528</strong><br />(-16 for losing)
|raw|Crinchy Costanza's rating: 1612 &rarr; <strong>1628</strong><br />(+16 for winning)
|l|☆Crinchy Costanza
|player|p2|
|l|‽Neonaruto
|player|p1|
