|j|☆Bria<3<3
|j|☆IsThisRoblox?
|t:|1758917590
|gametype|singles
|player|p1|Bria<3<3|backersf|1211
|player|p2|IsThisRoblox?|workerice|1236
|gen|9
|tier|[Gen 9] OU
|rated|
|rule|HP Percentage Mod: HP is shown in percentages
|rule|Endless Battle Clause: Forcing endless battles is banned
|rule|Species Clause: Limit one of each Pokémon
|rule|OHKO Clause: OHKO moves are banned
|rule|Evasion Items Clause: Evasion items are banned
|rule|Evasion Moves Clause: Evasion moves are banned
|rule|Evasion Abilities Clause: Evasion abilities are banned
|rule|Sleep Moves Clause: Sleep-inducing moves are banned
|clearpoke
|poke|p1|Probopass, F|
|poke|p1|Iron Crown|
|poke|p1|Sinistcha|
|poke|p1|Grimmsnarl, M|
|poke|p1|Kyurem|
|poke|p1|Great Tusk|
|poke|p2|Landorus-Therian, M|
|poke|p2|Samurott-Hisui, M|
|poke|p2|Pecharunt|
|poke|p2|Scizor, M|
|poke|p2|Latios, M|
|poke|p2|Zamazenta-*|
|teampreview
|
|t:|1758917603
|teamsize|p1|6
|teamsize|p2|6
|start
|switch|p1a: Grimmsnarl|Grimmsnarl, M|100/100
|switch|p2a: ihatelando|Landorus-Therian, M, shiny|100/100
|-ability|p2a: ihatelando|Intimidate|boost
|-unboost|p1a: Grimmsnarl|atk|1
|turn|1
|inactive|Battle timer is ON: inactive players will automatically lose when time's up. (requested by Bria<3<3)
|
|t:|1758917613
|move|p1a: Grimmsnarl|Reflect|p1a: Grimmsnarl
|-sidestart|p1: Bria<3<3|Reflect
|move|p2a: ihatelando|Stealth Rock|p1a: Grimmsnarl
|-sidestart|p1: Bria<3<3|move: Stealth Rock
|
|upkeep
|turn|2
|
|t:|1758917623
|move|p1a: Grimmsnarl|Light Screen|p1a: Grimmsnarl
|-sidestart|p1: Bria<3<3|move: Light Screen
|move|p2a: ihatelando|U-turn|p1a: Grimmsnarl
|-damage|p1a: Grimmsnarl|92/100
|
|t:|1758917631
|switch|p2a: FantaTropical|Scizor, M, shiny|100/100|[from] U-turn
|
|upkeep
|turn|3
|
|t:|1758917637
|move|p1a: Grimmsnarl|Parting Shot|p2a: FantaTropical
|-unboost|p2a: FantaTropical|atk|1
|-unboost|p2a: FantaTropical|spa|1
|
|t:|1758917646
|switch|p1a: Probopass|Probopass, F|100/100|[from] Parting Shot
|-damage|p1a: Probopass|94/100|[from] Stealth Rock
|move|p2a: FantaTropical|Knock Off|p1a: Probopass
|-damage|p1a: Probopass|87/100
|-damage|p2a: FantaTropical|84/100|[from] item: Rocky Helmet|[of] p1a: Probopass
|-enditem|p1a: Probopass|Rocky Helmet|[from] move: Knock Off|[of] p2a: FantaTropical
|
|upkeep
|turn|4
|
|t:|1758917671
|move|p2a: FantaTropical|Swords Dance|p2a: FantaTropical
|-boost|p2a: FantaTropical|atk|2
|move|p1a: Probopass|Thunder Wave|p2a: FantaTropical
|-status|p2a: FantaTropical|par
|
|upkeep
|turn|5
|
|t:|1758917677
|move|p1a: Probopass|Body Press|p2a: FantaTropical
|-damage|p2a: FantaTropical|41/100 par
|move|p2a: FantaTropical|Swords Dance|p2a: FantaTropical
|-boost|p2a: FantaTropical|atk|2
|
|upkeep
|turn|6
|
|t:|1758917689
|move|p2a: FantaTropical|Bullet Punch|p1a: Probopass
|-damage|p1a: Probopass|64/100
|move|p1a: Probopass|Body Press|p2a: FantaTropical
|-damage|p2a: FantaTropical|0 fnt
|faint|p2a: FantaTropical
|
|upkeep
|inactive|IsThisRoblox? has 120 seconds left.
|
|t:|1758917710
|switch|p2a: TottiReDiRoma|Zamazenta, shiny|100/100
|-ability|p2a: TottiReDiRoma|Dauntless Shield|boost
|-boost|p2a: TottiReDiRoma|def|1
|turn|7
|
|t:|1758917721
|switch|p1a: Sinistcha|Sinistcha|100/100
|move|p2a: TottiReDiRoma|Body Press|p1a: Sinistcha
|-immune|p1a: Sinistcha
|
|upkeep
|turn|8
|
|t:|1758917728
|move|p2a: TottiReDiRoma|Crunch|p1a: Sinistcha
|-supereffective|p1a: Sinistcha
|-damage|p1a: Sinistcha|85/100
|move|p1a: Sinistcha|Strength Sap|p2a: TottiReDiRoma
|-unboost|p2a: TottiReDiRoma|atk|1
|-heal|p1a: Sinistcha|100/100
|
|-sideend|p1: Bria<3<3|Reflect
|upkeep
|turn|9
|
|t:|1758917739
|move|p1a: Sinistcha|Calm Mind|p1a: Sinistcha
|-boost|p1a: Sinistcha|spa|1
|-boost|p1a: Sinistcha|spd|1
|move|p2a: TottiReDiRoma|Roar|p1a: Sinistcha
|drag|p1a: Great Tusk|Great Tusk|100/100
|-damage|p1a: Great Tusk|98/100|[from] Stealth Rock
|
|-sideend|p1: Bria<3<3|move: Light Screen
|upkeep
|turn|10
|
|t:|1758917753
|switch|p2a: balls|Pecharunt|100/100
|move|p1a: Great Tusk|Knock Off|p2a: balls
|-supereffective|p2a: balls
|-damage|p2a: balls|58/100
|-enditem|p2a: balls|Heavy-Duty Boots|[from] move: Knock Off|[of] p1a: Great Tusk
|
|upkeep
|turn|11
|
|t:|1758917765
|move|p2a: balls|Parting Shot|p1a: Great Tusk
|-unboost|p1a: Great Tusk|atk|1
|-unboost|p1a: Great Tusk|spa|1
|
|t:|1758917773
|switch|p2a: AMERICA!!!|Latios, M|100/100|[from] Parting Shot
|move|p1a: Great Tusk|Headlong Rush|p2a: AMERICA!!!
|-immune|p2a: AMERICA!!!|[from] ability: Levitate
|
|upkeep
|turn|12
|inactive|IsThisRoblox? has 120 seconds left.
|
|t:|1758917797
|switch|p2a: Musashi|Samurott-Hisui, M, shiny|100/100
|-end|p1a: Great Tusk|Protosynthesis|[silent]
|switch|p1a: Grimmsnarl|Grimmsnarl, M|92/100
|-damage|p1a: Grimmsnarl|80/100|[from] Stealth Rock
|
|upkeep
|turn|13
|
|t:|1758917806
|move|p1a: Grimmsnarl|Reflect|p1a: Grimmsnarl
|-sidestart|p1: Bria<3<3|Reflect
|move|p2a: Musashi|Knock Off|p1a: Grimmsnarl
|-resisted|p1a: Grimmsnarl
|-damage|p1a: Grimmsnarl|75/100
|-enditem|p1a: Grimmsnarl|Light Clay|[from] move: Knock Off|[of] p2a: Musashi
|
|upkeep
|turn|14
|
|t:|1758917820
|move|p1a: Grimmsnarl|Light Screen|p1a: Grimmsnarl
|-sidestart|p1: Bria<3<3|move: Light Screen
|move|p2a: Musashi|Ceaseless Edge|p1a: Grimmsnarl
|-resisted|p1a: Grimmsnarl
|-damage|p1a: Grimmsnarl|70/100
|-sidestart|p1: Bria<3<3|Spikes
|
|upkeep
|turn|15
|
|t:|1758917826
|move|p2a: Musashi|Ceaseless Edge|p1a: Grimmsnarl|[miss]
|-miss|p2a: Musashi|p1a: Grimmsnarl
|move|p1a: Grimmsnarl|Spirit Break|p2a: Musashi
|-supereffective|p2a: Musashi
|-damage|p2a: Musashi|30/100
|-unboost|p2a: Musashi|spa|1
|
|upkeep
|turn|16
|
|t:|1758917834
|move|p2a: Musashi|Ceaseless Edge|p1a: Grimmsnarl
|-resisted|p1a: Grimmsnarl
|-damage|p1a: Grimmsnarl|64/100
|-sidestart|p1: Bria<3<3|Spikes
|move|p1a: Grimmsnarl|Spirit Break|p2a: Musashi
|-supereffective|p2a: Musashi
|-damage|p2a: Musashi|0 fnt
|faint|p2a: Musashi
|
|upkeep
|
|t:|1758917849
|switch|p2a: balls|Pecharunt|58/100
|turn|17
|
|t:|1758917855
|move|p1a: Grimmsnarl|Parting Shot|p2a: balls
|-unboost|p2a: balls|atk|1
|-unboost|p2a: balls|spa|1
|
|t:|1758917861
|switch|p1a: Sinistcha|Sinistcha|100/100|[from] Parting Shot
|move|p2a: balls|Malignant Chain|p1a: Sinistcha
|-damage|p1a: Sinistcha|87/100
|-status|p1a: Sinistcha|tox
|-start|p1a: Sinistcha|confusion|[from] ability: Poison Puppeteer|[of] p2a: balls
|
|-damage|p1a: Sinistcha|81/100 tox|[from] psn
|upkeep
|turn|18
|
|t:|1758917878
|move|p2a: balls|Shadow Ball|p1a: Sinistcha
|-supereffective|p1a: Sinistcha
|-damage|p1a: Sinistcha|60/100 tox
|-activate|p1a: Sinistcha|confusion
|move|p1a: Sinistcha|Shadow Ball|p2a: balls
|-supereffective|p2a: balls
|-damage|p2a: balls|0 fnt
|faint|p2a: balls
|
|-damage|p1a: Sinistcha|48/100 tox|[from] psn
|-sideend|p1: Bria<3<3|move: Light Screen
|upkeep
|
|t:|1758917890
|switch|p2a: TottiReDiRoma|Zamazenta, shiny|100/100
|turn|19
|
|t:|1758917903
|move|p2a: TottiReDiRoma|Crunch|p1a: Sinistcha
|-supereffective|p1a: Sinistcha
|-damage|p1a: Sinistcha|31/100 tox
|-activate|p1a: Sinistcha|confusion
|move|p1a: Sinistcha|Strength Sap|p2a: TottiReDiRoma
|-unboost|p2a: TottiReDiRoma|atk|1
|-heal|p1a: Sinistcha|100/100 tox
|
|-damage|p1a: Sinistcha|82/100 tox|[from] psn
|upkeep
|turn|20
|inactive|IsThisRoblox? has 120 seconds left.
|
|t:|1758917924
|switch|p1a: Grimmsnarl|Grimmsnarl, M|64/100
|-damage|p1a: Grimmsnarl|52/100|[from] Stealth Rock
|-damage|p1a: Grimmsnarl|36/100|[from] Spikes
|move|p2a: TottiReDiRoma|Iron Defense|p2a: TottiReDiRoma
|-boost|p2a: TottiReDiRoma|def|2
|
|-sideend|p1: Bria<3<3|Reflect
|upkeep
|turn|21
|
|t:|1758917938
|move|p1a: Grimmsnarl|Reflect|p1a: Grimmsnarl
|-sidestart|p1: Bria<3<3|Reflect
|move|p2a: TottiReDiRoma|Body Press|p1a: Grimmsnarl
|-damage|p1a: Grimmsnarl|4/100
|
|upkeep
|turn|22
|
|t:|1758917950
|move|p2a: TottiReDiRoma|Body Press|p1a: Grimmsnarl
|-damage|p1a: Grimmsnarl|0 fnt
|faint|p1a: Grimmsnarl
|
|upkeep
|
|t:|1758917963
|switch|p1a: Iron Crown|Iron Crown|100/100
|-damage|p1a: Iron Crown|94/100|[from] Stealth Rock
|-damage|p1a: Iron Crown|78/100|[from] Spikes
|turn|23
|
|t:|1758917975
|move|p2a: TottiReDiRoma|Body Press|p1a: Iron Crown
|-damage|p1a: Iron Crown|40/100
|move|p1a: Iron Crown|Agility|p1a: Iron Crown
|-boost|p1a: Iron Crown|spe|2
|
|upkeep
|turn|24
|
|t:|1758917986
|move|p1a: Iron Crown|Calm Mind|p1a: Iron Crown
|-boost|p1a: Iron Crown|spa|1
|-boost|p1a: Iron Crown|spd|1
|move|p2a: TottiReDiRoma|Body Press|p1a: Iron Crown
|-damage|p1a: Iron Crown|0 fnt
|faint|p1a: Iron Crown
|-end|p1a: Iron Crown|Quark Drive|[silent]
|
|upkeep
|
|t:|1758917995
|switch|p1a: Sinistcha|Sinistcha|82/100 tox
|turn|25
|
|t:|1758918003
|move|p1a: Sinistcha|Matcha Gotcha|p2a: TottiReDiRoma
|-damage|p2a: TottiReDiRoma|72/100
|-heal|p1a: Sinistcha|97/100 tox|[from] drain|[of] p2a: TottiReDiRoma
|move|p2a: TottiReDiRoma|Roar|p1a: Sinistcha
|drag|p1a: Great Tusk|Great Tusk|98/100
|-damage|p1a: Great Tusk|95/100|[from] Stealth Rock
|-damage|p1a: Great Tusk|78/100|[from] Spikes
|
|-heal|p2a: TottiReDiRoma|78/100|[from] item: Leftovers
|-sideend|p1: Bria<3<3|Reflect
|upkeep
|turn|26
|
|t:|1758918022
|move|p2a: TottiReDiRoma|Iron Defense|p2a: TottiReDiRoma
|-boost|p2a: TottiReDiRoma|def|2
|move|p1a: Great Tusk|Knock Off|p2a: TottiReDiRoma
|-resisted|p2a: TottiReDiRoma
|-damage|p2a: TottiReDiRoma|74/100
|-enditem|p2a: TottiReDiRoma|Leftovers|[from] move: Knock Off|[of] p1a: Great Tusk
|
|upkeep
|turn|27
|
|t:|1758918029
|-end|p1a: Great Tusk|Protosynthesis|[silent]
|switch|p1a: Probopass|Probopass, F|64/100
|-damage|p1a: Probopass|58/100|[from] Stealth Rock
|-damage|p1a: Probopass|41/100|[from] Spikes
|move|p2a: TottiReDiRoma|Body Press|p1a: Probopass
|-supereffective|p1a: Probopass
|-damage|p1a: Probopass|0 fnt
|faint|p1a: Probopass
|
|upkeep
|
|t:|1758918031
|switch|p1a: Sinistcha|Sinistcha|97/100 tox
|turn|28
|
|t:|1758918041
|move|p2a: TottiReDiRoma|Crunch|p1a: Sinistcha
|-supereffective|p1a: Sinistcha
|-damage|p1a: Sinistcha|76/100 tox
|move|p1a: Sinistcha|Matcha Gotcha|p2a: TottiReDiRoma
|-damage|p2a: TottiReDiRoma|43/100
|-heal|p1a: Sinistcha|91/100 tox|[from] drain|[of] p2a: TottiReDiRoma
|
|-damage|p1a: Sinistcha|85/100 tox|[from] psn
|upkeep
|turn|29
|
|t:|1758918056
|move|p2a: TottiReDiRoma|Crunch|p1a: Sinistcha
|-supereffective|p1a: Sinistcha
|-damage|p1a: Sinistcha|62/100 tox
|move|p1a: Sinistcha|Matcha Gotcha|p2a: TottiReDiRoma
|-damage|p2a: TottiReDiRoma|15/100
|-heal|p1a: Sinistcha|76/100 tox|[from] drain|[of] p2a: TottiReDiRoma
|-status|p2a: TottiReDiRoma|brn
|
|-damage|p1a: Sinistcha|64/100 tox|[from] psn
|-damage|p2a: TottiReDiRoma|9/100 brn|[from] brn
|upkeep
|turn|30
|
|t:|1758918074
|move|p2a: TottiReDiRoma|Crunch|p1a: Sinistcha
|-supereffective|p1a: Sinistcha
|-damage|p1a: Sinistcha|53/100 tox
|move|p1a: Sinistcha|Shadow Ball|p2a: TottiReDiRoma
|-damage|p2a: TottiReDiRoma|0 fnt
|faint|p2a: TottiReDiRoma
|
|-damage|p1a: Sinistcha|35/100 tox|[from] psn
|upkeep
|
|t:|1758918084
|switch|p2a: AMERICA!!!|Latios, M|100/100
|turn|31
|
|t:|1758918097
|move|p2a: AMERICA!!!|Psychic Noise|p1a: Sinistcha
|-damage|p1a: Sinistcha|0 fnt
|faint|p1a: Sinistcha
|
|upkeep
|
|t:|1758918102
|switch|p1a: Kyurem|Kyurem|100/100
|-damage|p1a: Kyurem|76/100|[from] Stealth Rock
|-damage|p1a: Kyurem|59/100|[from] Spikes
|-ability|p1a: Kyurem|Pressure
|turn|32
|
|t:|1758918127
|-terastallize|p2a: AMERICA!!!|Steel
|-terastallize|p1a: Kyurem|Ice
|move|p2a: AMERICA!!!|Calm Mind|p2a: AMERICA!!!
|-boost|p2a: AMERICA!!!|spa|1
|-boost|p2a: AMERICA!!!|spd|1
|move|p1a: Kyurem|Dragon Dance|p1a: Kyurem
|-boost|p1a: Kyurem|atk|1
|-boost|p1a: Kyurem|spe|1
|
|upkeep
|turn|33
|
|t:|1758918140
|move|p1a: Kyurem|Icicle Spear|p2a: AMERICA!!!
|-resisted|p2a: AMERICA!!!
|-damage|p2a: AMERICA!!!|77/100
|-resisted|p2a: AMERICA!!!
|-damage|p2a: AMERICA!!!|54/100
|-resisted|p2a: AMERICA!!!
|-damage|p2a: AMERICA!!!|32/100
|-resisted|p2a: AMERICA!!!
|-damage|p2a: AMERICA!!!|9/100
|-resisted|p2a: AMERICA!!!
|-damage|p2a: AMERICA!!!|0 fnt
|faint|p2a: AMERICA!!!
|-hitcount|p2: AMERICA!!!|5
|
|upkeep
|-message|IsThisRoblox? forfeited.
|
|win|Bria<3<3
|raw|Bria&lt;3&lt;3's rating: 1211 &rarr; <strong>1238</strong><br />(+27 for winning)
|raw|IsThisRoblox?'s rating: 1236 &rarr; <strong>1209</strong><br />(-27 for losing)
|l|☆IsThisRoblox?
|player|p2|
|l|☆Bria<3<3
|player|p1|
