|j|☆DirkDiggler420
|j|☆medicant
|t:|1758947200
|gametype|singles
|player|p1|DirkDiggler420|linebacker|1683
|player|p2|medicant|workerice|1589
|gen|9
|tier|[Gen 9] OU
|rated|
|rule|HP Percentage Mod: HP is shown in percentages
|rule|Endless Battle Clause: Forcing endless battles is banned
|rule|Species Clause: Limit one of each Pokémon
|rule|OHKO Clause: OHKO moves are banned
|rule|Evasion Items Clause: Evasion items are banned
|rule|Evasion Moves Clause: Evasion moves are banned
|rule|Evasion Abilities Clause: Evasion abilities are banned
|rule|Sleep Moves Clause: Sleep-inducing moves are banned
|clearpoke
|poke|p1|Hoopa-Unbound|
|poke|p1|Alomomola, F|
|poke|p1|Great Tusk|
|poke|p1|Dragonite, F|
|poke|p1|Glimmora, F|
|poke|p1|Gholdengo|
|poke|p2|Indeedee, M|
|poke|p2|Hatterene, F|
|poke|p2|Ursaluna, F|
|poke|p2|Iron Hands|
|poke|p2|Hoopa-Unbound|
|poke|p2|Mimikyu, F|
|teampreview
|inactive|Battle timer is ON: inactive players will automatically lose when time's up. (requested by DirkDiggler420)
|
|t:|1758947211
|teamsize|p1|6
|teamsize|p2|6
|start
|switch|p1a: Hoopa|Hoopa-Unbound|100/100
|switch|p2a: Subaru|Indeedee, M, shiny|100/100
|-fieldstart|move: Psychic Terrain|[from] ability: Psychic Surge|[of] p2a: Subaru
|turn|1
|
|t:|1758947216
|-terastallize|p2a: Subaru|Fairy
|move|p1a: Hoopa|Knock Off|p2a: Subaru
|-resisted|p2a: Subaru
|-damage|p2a: Subaru|72/100
|-enditem|p2a: Subaru|Terrain Extender|[from] move: Knock Off|[of] p1a: Hoopa
|move|p2a: Subaru|Trick Room|p2a: Subaru
|-fieldstart|move: Trick Room|[of] p2a: Subaru
|
|upkeep
|turn|2
|
|t:|1758947227
|move|p1a: Hoopa|Knock Off|p2a: Subaru
|-resisted|p2a: Subaru
|-damage|p2a: Subaru|55/100
|move|p2a: Subaru|Encore|p1a: Hoopa
|-start|p1a: Hoopa|Encore
|
|upkeep
|turn|3
|j| HBooks
|
|t:|1758947232
|switch|p2a: LEBRON|Iron Hands, shiny|100/100
|-enditem|p2a: LEBRON|Booster Energy
|-activate|p2a: LEBRON|ability: Quark Drive|[fromitem]
|-start|p2a: LEBRON|quarkdriveatk
|move|p1a: Hoopa|Knock Off|p2a: LEBRON
|-resisted|p2a: LEBRON
|-damage|p2a: LEBRON|88/100
|
|upkeep
|turn|4
|
|t:|1758947239
|switch|p1a: Great Tusk|Great Tusk|100/100
|move|p2a: LEBRON|Ice Punch|p1a: Great Tusk
|-supereffective|p1a: Great Tusk
|-damage|p1a: Great Tusk|47/100
|
|upkeep
|turn|5
|
|t:|1758947244
|move|p2a: LEBRON|Close Combat|p1a: Great Tusk
|-damage|p1a: Great Tusk|0 fnt
|-unboost|p2a: LEBRON|def|1
|-unboost|p2a: LEBRON|spd|1
|faint|p1a: Great Tusk
|-end|p1a: Great Tusk|Protosynthesis|[silent]
|
|-fieldend|move: Trick Room
|upkeep
|
|t:|1758947255
|switch|p1a: Hoopa|Hoopa-Unbound|100/100
|turn|6
|
|t:|1758947271
|-end|p2a: LEBRON|Quark Drive|[silent]
|switch|p2a: Subaru|Indeedee, M, shiny, tera:Fairy|55/100
|move|p1a: Hoopa|Psychic Noise|p2a: Subaru
|-damage|p2a: Subaru|1/100
|-start|p2a: Subaru|move: Heal Block
|
|upkeep
|turn|7
|
|t:|1758947277
|move|p1a: Hoopa|Psychic Noise|p2a: Subaru
|-damage|p2a: Subaru|0 fnt
|faint|p2a: Subaru
|
|upkeep
|
|t:|1758947289
|switch|p2a: Mimi|Mimikyu, F, shiny|100/100
|turn|8
|
|t:|1758947301
|switch|p1a: Alomomola|Alomomola, F|100/100
|move|p2a: Mimi|Trick Room|p2a: Mimi
|-fieldstart|move: Trick Room|[of] p2a: Mimi
|
|-fieldend|move: Psychic Terrain
|upkeep
|turn|9
|
|t:|1758947311
|switch|p2a: Satella|Hatterene, F, shiny|100/100
|move|p1a: Alomomola|Flip Turn|p2a: Satella
|-damage|p2a: Satella|83/100
|
|t:|1758947319
|switch|p1a: Hoopa|Hoopa-Unbound|100/100|[from] Flip Turn
|
|upkeep
|turn|10
|
|t:|1758947328
|switch|p2a: Crashout YN|Ursaluna, F, shiny|100/100
|move|p1a: Hoopa|Knock Off|p2a: Crashout YN
|-damage|p2a: Crashout YN|67/100
|-enditem|p2a: Crashout YN|Flame Orb|[from] move: Knock Off|[of] p1a: Hoopa
|
|upkeep
|turn|11
|
|t:|1758947332
|switch|p1a: Alomomola|Alomomola, F|100/100
|move|p2a: Crashout YN|Headlong Rush|p1a: Alomomola
|-damage|p1a: Alomomola|64/100
|-unboost|p2a: Crashout YN|def|1
|-unboost|p2a: Crashout YN|spd|1
|-damage|p2a: Crashout YN|50/100|[from] item: Rocky Helmet|[of] p1a: Alomomola
|
|upkeep
|turn|12
|
|t:|1758947337
|move|p2a: Crashout YN|Supercell Slam|p1a: Alomomola
|-supereffective|p1a: Alomomola
|-damage|p1a: Alomomola|18/100
|-damage|p2a: Crashout YN|34/100|[from] item: Rocky Helmet|[of] p1a: Alomomola
|move|p1a: Alomomola|Flip Turn|p2a: Crashout YN
|-supereffective|p2a: Crashout YN
|-damage|p2a: Crashout YN|0 fnt
|faint|p2a: Crashout YN
|
|t:|1758947356
|switch|p1a: Glimmora|Glimmora, F|100/100|[from] Flip Turn
|
|-fieldend|move: Trick Room
|upkeep
|
|t:|1758947366
|switch|p2a: King Von|Hoopa-Unbound|100/100
|turn|13
|
|t:|1758947375
|switch|p1a: Hoopa|Hoopa-Unbound|100/100
|move|p2a: King Von|Trick Room|p2a: King Von
|-fieldstart|move: Trick Room|[of] p2a: King Von
|
|upkeep
|turn|14
|
|t:|1758947385
|switch|p2a: LEBRON|Iron Hands, shiny|88/100
|move|p1a: Hoopa|Knock Off|p2a: LEBRON
|-resisted|p2a: LEBRON
|-damage|p2a: LEBRON|76/100
|
|upkeep
|turn|15
|
|t:|1758947393
|switch|p1a: Glimmora|Glimmora, F|100/100
|move|p2a: LEBRON|Supercell Slam|p1a: Glimmora
|-damage|p1a: Glimmora|30/100
|-activate|p1a: Glimmora|ability: Toxic Debris
|-sidestart|p2: medicant|move: Toxic Spikes
|
|upkeep
|turn|16
|
|t:|1758947405
|move|p2a: LEBRON|Heavy Slam|p1a: Glimmora
|-supereffective|p1a: Glimmora
|-crit|p1a: Glimmora
|-damage|p1a: Glimmora|0 fnt
|-activate|p1a: Glimmora|ability: Toxic Debris
|-sidestart|p2: medicant|move: Toxic Spikes
|faint|p1a: Glimmora
|
|upkeep
|inactive|DirkDiggler420 has 120 seconds left.
|
|t:|1758947434
|switch|p1a: Gholdengo|Gholdengo|100/100
|turn|17
|
|t:|1758947438
|move|p2a: LEBRON|Supercell Slam|p1a: Gholdengo
|-damage|p1a: Gholdengo|31/100
|move|p1a: Gholdengo|Shadow Ball|p2a: LEBRON
|-damage|p2a: LEBRON|43/100
|
|-fieldend|move: Trick Room
|upkeep
|turn|18
|
|t:|1758947443
|move|p1a: Gholdengo|Shadow Ball|p2a: LEBRON
|-damage|p2a: LEBRON|12/100
|move|p2a: LEBRON|Supercell Slam|p1a: Gholdengo
|-damage|p1a: Gholdengo|0 fnt
|faint|p1a: Gholdengo
|
|upkeep
|
|t:|1758947452
|switch|p1a: Dragonite|Dragonite, F|100/100
|turn|19
|
|t:|1758947456
|move|p1a: Dragonite|Earthquake|p2a: LEBRON
|-supereffective|p2a: LEBRON
|-damage|p2a: LEBRON|0 fnt
|faint|p2a: LEBRON
|-end|p2a: LEBRON|Quark Drive|[silent]
|
|upkeep
|
|t:|1758947466
|switch|p2a: Mimi|Mimikyu, F, shiny|100/100
|-status|p2a: Mimi|tox
|turn|20
|
|t:|1758947470
|switch|p1a: Alomomola|Alomomola, F|51/100
|move|p2a: Mimi|Trick Room|p2a: Mimi
|-fieldstart|move: Trick Room|[of] p2a: Mimi
|
|-damage|p2a: Mimi|94/100 tox|[from] psn
|upkeep
|turn|21
|
|t:|1758947473
|switch|p2a: Satella|Hatterene, F, shiny|83/100
|-status|p2a: Satella|tox
|move|p1a: Alomomola|Wish|p1a: Alomomola
|
|-damage|p2a: Satella|77/100 tox|[from] psn
|upkeep
|turn|22
|
|t:|1758947479
|move|p1a: Alomomola|Protect|p1a: Alomomola
|-singleturn|p1a: Alomomola|Protect
|move|p2a: Satella|Draining Kiss|p1a: Alomomola
|-activate|p1a: Alomomola|move: Protect
|
|-heal|p1a: Alomomola|100/100|[from] move: Wish|[wisher] Alomomola
|-damage|p2a: Satella|65/100 tox|[from] psn
|upkeep
|turn|23
|
|t:|1758947485
|move|p2a: Satella|Expanding Force|p1a: Alomomola
|-damage|p1a: Alomomola|30/100
|-damage|p2a: Satella|56/100 tox|[from] item: Life Orb
|move|p1a: Alomomola|Wish|p1a: Alomomola
|
|-damage|p2a: Satella|38/100 tox|[from] psn
|upkeep
|turn|24
|
|t:|1758947498
|move|p1a: Alomomola|Protect|p1a: Alomomola
|-singleturn|p1a: Alomomola|Protect
|move|p2a: Satella|Draining Kiss|p1a: Alomomola
|-activate|p1a: Alomomola|move: Protect
|
|-heal|p1a: Alomomola|80/100|[from] move: Wish|[wisher] Alomomola
|-damage|p2a: Satella|14/100 tox|[from] psn
|-fieldend|move: Trick Room
|upkeep
|turn|25
|
|t:|1758947504
|move|p1a: Alomomola|Flip Turn|p2a: Satella
|-damage|p2a: Satella|0 fnt
|faint|p2a: Satella
|
|t:|1758947510
|switch|p1a: Hoopa|Hoopa-Unbound|100/100|[from] Flip Turn
|
|upkeep
|
|t:|1758947512
|switch|p2a: King Von|Hoopa-Unbound|100/100
|-status|p2a: King Von|tox
|turn|26
|
|t:|1758947516
|move|p1a: Hoopa|Knock Off|p2a: King Von
|-damage|p2a: King Von|43/100 tox
|-enditem|p2a: King Von|Psychic Seed|[from] move: Knock Off|[of] p1a: Hoopa
|move|p2a: King Von|Hyperspace Fury|p1a: Hoopa
|-damage|p1a: Hoopa|21/100
|-unboost|p2a: King Von|def|1
|-item|p2a: King Von|Assault Vest|[from] ability: Magician|[of] p1a: Hoopa
|
|-damage|p2a: King Von|37/100 tox|[from] psn
|upkeep
|turn|27
|
|t:|1758947522
|move|p1a: Hoopa|Knock Off|p2a: King Von
|-damage|p2a: King Von|0 fnt
|-enditem|p2a: King Von|Assault Vest|[from] move: Knock Off|[of] p1a: Hoopa
|faint|p2a: King Von
|
|upkeep
|
|t:|1758947524
|switch|p2a: Mimi|Mimikyu, F, shiny|94/100 tox
|turn|28
|
|t:|1758947526
|move|p1a: Hoopa|Knock Off|p2a: Mimi
|-activate|p2a: Mimi|ability: Disguise
|-damage|p2a: Mimi|94/100 tox
|-enditem|p2a: Mimi|Red Card|[from] move: Knock Off|[of] p1a: Hoopa
|detailschange|p2a: Mimi|Mimikyu-Busted, F, shiny
|-damage|p2a: Mimi|82/100 tox|[from] pokemon: Mimikyu-Busted
|move|p2a: Mimi|Trick Room|p2a: Mimi
|-fieldstart|move: Trick Room|[of] p2a: Mimi
|
|-damage|p2a: Mimi|76/100 tox|[from] psn
|upkeep
|turn|29
|
|t:|1758947535
|move|p1a: Hoopa|Psychic Noise|p2a: Mimi
|-damage|p2a: Mimi|35/100 tox
|-start|p2a: Mimi|move: Heal Block
|move|p2a: Mimi|Play Rough|p1a: Hoopa
|-supereffective|p1a: Hoopa
|-damage|p1a: Hoopa|0 fnt
|faint|p1a: Hoopa
|
|-damage|p2a: Mimi|23/100 tox|[from] psn
|upkeep
|
|t:|1758947542
|switch|p1a: Alomomola|Alomomola, F|100/100
|turn|30
|
|t:|1758947545
|move|p1a: Alomomola|Flip Turn|p2a: Mimi
|-damage|p2a: Mimi|8/100 tox
|
|t:|1758947547
|switch|p1a: Dragonite|Dragonite, F|100/100|[from] Flip Turn
|move|p2a: Mimi|Curse|p1a: Dragonite
|-start|p1a: Dragonite|Curse|[of] p2a: Mimi
|-damage|p2a: Mimi|0 fnt
|faint|p2a: Mimi
|
|win|DirkDiggler420
|raw|DirkDiggler420's rating: 1683 &rarr; <strong>1698</strong><br />(+15 for winning)
|raw|medicant's rating: 1589 &rarr; <strong>1574</strong><br />(-15 for losing)
|l|☆medicant
|player|p2|
|l|☆DirkDiggler420
|player|p1|
|l| HBooks
