|badge|p2|bronze|gen9ou|100-6
|html|<div class="broadcast-red"><strong>This battle is required to be public due to one or more player having a season medal.</strong><br />During the public phase, you can discuss the state of the ladder <a href="/seasondiscussion">in a special chatroom.</a></div>
|uhtml|medal-msg|<div class="broadcast-blue">Curious what those medals under the avatar are? PS now has Ladder Seasons! For more information, check out the <a href="https://www.smogon.com/forums/threads/3740067/">thread on Smogon.</a></div>
|raw|<div class="broadcast-blue"><strong>This battle is required to be public due to a player having a name starting with 'medal'.</div>
|j|☆D Gym Teacher
|j|☆WogerHater
|t:|1758933457
|gametype|singles
|player|p1|D Gym Teacher|veteran|1813
|player|p2|WogerHater|dawn-gen4pt|1813
|gen|9
|tier|[Gen 9] OU
|rated|
|rule|HP Percentage Mod: HP is shown in percentages
|rule|Endless Battle Clause: Forcing endless battles is banned
|rule|Species Clause: Limit one of each Pokémon
|rule|OHKO Clause: OHKO moves are banned
|rule|Evasion Items Clause: Evasion items are banned
|rule|Evasion Moves Clause: Evasion moves are banned
|rule|Evasion Abilities Clause: Evasion abilities are banned
|rule|Sleep Moves Clause: Sleep-inducing moves are banned
|clearpoke
|poke|p1|Great Tusk|
|poke|p1|Slowking-Galar, M|
|poke|p1|Corviknight, F|
|poke|p1|Clefable, F|
|poke|p1|Samurott-Hisui, M|
|poke|p1|Dragapult, F|
|poke|p2|Weezing-Galar, M|
|poke|p2|Ting-Lu|
|poke|p2|Corviknight, F|
|poke|p2|Skeledirge, M|
|poke|p2|Dragapult, F|
|poke|p2|Ogerpon-Wellspring, F|
|teampreview
|inactive|Battle timer is ON: inactive players will automatically lose when time's up. (requested by WogerHater)
|
|t:|1758933468
|teamsize|p1|6
|teamsize|p2|6
|start
|switch|p1a: P!nk|Clefable, F|100/100
|switch|p2a: Ting-Lu|Ting-Lu, shiny|100/100
|-ability|p2a: Ting-Lu|Vessel of Ruin
|turn|1
|
|t:|1758933476
|move|p1a: P!nk|Knock Off|p2a: Ting-Lu
|-resisted|p2a: Ting-Lu
|-damage|p2a: Ting-Lu|97/100
|-enditem|p2a: Ting-Lu|Leftovers|[from] move: Knock Off|[of] p1a: P!nk
|move|p2a: Ting-Lu|Stealth Rock|p1a: P!nk
|-sidestart|p1: D Gym Teacher|move: Stealth Rock
|
|upkeep
|turn|2
|
|t:|1758933483
|switch|p2a: Ogerpon|Ogerpon-Wellspring, F|100/100
|move|p1a: P!nk|Stealth Rock|p2a: Ogerpon
|-sidestart|p2: WogerHater|move: Stealth Rock
|
|upkeep
|turn|3
|
|t:|1758933486
|switch|p1a: Voyageur|Corviknight, F|100/100
|-damage|p1a: Voyageur|88/100|[from] Stealth Rock
|-ability|p1a: Voyageur|Pressure
|move|p2a: Ogerpon|Knock Off|p1a: Voyageur
|-damage|p1a: Voyageur|68/100
|-damage|p2a: Ogerpon|84/100|[from] item: Rocky Helmet|[of] p1a: Voyageur
|-enditem|p1a: Voyageur|Rocky Helmet|[from] move: Knock Off|[of] p2a: Ogerpon
|
|upkeep
|turn|4
|
|t:|1758933494
|move|p2a: Ogerpon|Ivy Cudgel|p1a: Voyageur|[anim] Ivy Cudgel Water
|-damage|p1a: Voyageur|39/100
|move|p1a: Voyageur|Roost|p1a: Voyageur
|-heal|p1a: Voyageur|89/100
|-singleturn|p1a: Voyageur|move: Roost
|
|upkeep
|turn|5
|
|t:|1758933500
|switch|p2a: GAS.|Weezing-Galar, M|100/100
|-ability|p2a: GAS.|Neutralizing Gas
|move|p1a: Voyageur|U-turn|p2a: GAS.
|-resisted|p2a: GAS.
|-damage|p2a: GAS.|98/100
|
|t:|1758933524
|switch|p1a: Alchemist|Slowking-Galar, M|100/100|[from] U-turn
|-damage|p1a: Alchemist|88/100|[from] Stealth Rock
|
|upkeep
|turn|6
|
|t:|1758933533
|-end|p2a: GAS.|ability: Neutralizing Gas
|switch|p2a: Ting-Lu|Ting-Lu, shiny|97/100
|-damage|p2a: Ting-Lu|91/100|[from] Stealth Rock
|-ability|p2a: Ting-Lu|Vessel of Ruin
|move|p1a: Alchemist|Sludge Bomb|p2a: Ting-Lu
|-resisted|p2a: Ting-Lu
|-damage|p2a: Ting-Lu|82/100
|
|upkeep
|turn|7
|
|t:|1758933539
|switch|p1a: Loxodonta|Great Tusk|100/100
|-damage|p1a: Loxodonta|98/100|[from] Stealth Rock
|move|p2a: Ting-Lu|Earthquake|p1a: Loxodonta
|-damage|p1a: Loxodonta|68/100
|
|-heal|p1a: Loxodonta|75/100|[from] item: Leftovers
|upkeep
|turn|8
|
|t:|1758933550
|move|p1a: Loxodonta|Close Combat|p2a: Ting-Lu
|-supereffective|p2a: Ting-Lu
|-damage|p2a: Ting-Lu|11/100
|-unboost|p1a: Loxodonta|def|1
|-unboost|p1a: Loxodonta|spd|1
|move|p2a: Ting-Lu|Earthquake|p1a: Loxodonta
|-damage|p1a: Loxodonta|36/100
|
|-heal|p1a: Loxodonta|42/100|[from] item: Leftovers
|upkeep
|turn|9
|
|t:|1758933564
|move|p1a: Loxodonta|Rapid Spin|p2a: Ting-Lu
|-damage|p2a: Ting-Lu|0 fnt
|-boost|p1a: Loxodonta|spe|1
|-sideend|p1: D Gym Teacher|Stealth Rock|[from] move: Rapid Spin|[of] p1a: Loxodonta
|faint|p2a: Ting-Lu
|
|-heal|p1a: Loxodonta|48/100|[from] item: Leftovers
|upkeep
|
|t:|1758933570
|switch|p2a: Corviknight|Corviknight, F|100/100
|-damage|p2a: Corviknight|88/100|[from] Stealth Rock
|-ability|p2a: Corviknight|Pressure
|turn|10
|
|t:|1758933580
|-end|p1a: Loxodonta|Protosynthesis|[silent]
|switch|p1a: P!nk|Clefable, F|100/100
|move|p2a: Corviknight|Iron Defense|p2a: Corviknight
|-boost|p2a: Corviknight|def|2
|
|upkeep
|turn|11
|
|t:|1758933583
|move|p2a: Corviknight|U-turn|p1a: P!nk
|-resisted|p1a: P!nk
|-damage|p1a: P!nk|95/100
|
|t:|1758933585
|switch|p2a: Skeledirge|Skeledirge, M|100/100|[from] U-turn
|move|p1a: P!nk|Knock Off|p2a: Skeledirge
|-supereffective|p2a: Skeledirge
|-damage|p2a: Skeledirge|73/100
|-enditem|p2a: Skeledirge|Heavy-Duty Boots|[from] move: Knock Off|[of] p1a: P!nk
|
|-heal|p1a: P!nk|100/100|[from] item: Leftovers
|upkeep
|turn|12
|
|t:|1758933594
|switch|p1a: Bull's-eye|Dragapult, F|100/100
|move|p2a: Skeledirge|Torch Song|p1a: Bull's-eye
|-resisted|p1a: Bull's-eye
|-damage|p1a: Bull's-eye|79/100
|-boost|p2a: Skeledirge|spa|1
|
|upkeep
|turn|13
|
|t:|1758933601
|move|p1a: Bull's-eye|U-turn|p2a: Skeledirge
|-resisted|p2a: Skeledirge
|-damage|p2a: Skeledirge|70/100
|
|t:|1758933604
|switch|p1a: Jack|Samurott-Hisui, M|100/100|[from] U-turn
|move|p2a: Skeledirge|Slack Off|p2a: Skeledirge
|-heal|p2a: Skeledirge|100/100
|
|upkeep
|turn|14
|
|t:|1758933611
|-terastallize|p2a: Skeledirge|Water
|move|p1a: Jack|Ceaseless Edge|p2a: Skeledirge
|-damage|p2a: Skeledirge|64/100
|-sidestart|p2: WogerHater|Spikes
|move|p2a: Skeledirge|Will-O-Wisp|p1a: Jack
|-status|p1a: Jack|brn
|
|-damage|p1a: Jack|94/100 brn|[from] brn
|upkeep
|turn|15
|
|t:|1758933630
|switch|p1a: Bull's-eye|Dragapult, F|79/100
|move|p2a: Skeledirge|Slack Off|p2a: Skeledirge
|-heal|p2a: Skeledirge|100/100
|
|upkeep
|turn|16
|
|t:|1758933636
|move|p1a: Bull's-eye|Thunderbolt|p2a: Skeledirge
|-supereffective|p2a: Skeledirge
|-damage|p2a: Skeledirge|46/100
|move|p2a: Skeledirge|Will-O-Wisp|p1a: Bull's-eye
|-status|p1a: Bull's-eye|brn
|
|-damage|p1a: Bull's-eye|73/100 brn|[from] brn
|upkeep
|turn|17
|
|t:|1758933643
|switch|p2a: GAS.|Weezing-Galar, M|98/100
|-ability|p2a: GAS.|Neutralizing Gas
|move|p1a: Bull's-eye|Thunderbolt|p2a: GAS.
|-damage|p2a: GAS.|43/100
|
|-damage|p1a: Bull's-eye|67/100 brn|[from] brn
|upkeep
|turn|18
|-message|WogerHater forfeited.
|
|win|D Gym Teacher
|raw|D Gym Teacher's rating: 1813 &rarr; <strong>1833</strong><br />(+20 for winning)
|raw|WogerHater's rating: 1813 &rarr; <strong>1793</strong><br />(-20 for losing)
|l|☆WogerHater
|player|p2|
|l|☆D Gym Teacher
|player|p1|
