|j|☆bertoskyT
|j|☆hungrymane
|t:|1759058545
|gametype|singles
|player|p1|bertoskyT|ethan|1616
|player|p2|hungrymane|266|1696
|gen|9
|tier|[Gen 9] OU
|rated|
|rule|HP Percentage Mod: HP is shown in percentages
|rule|Endless Battle Clause: Forcing endless battles is banned
|rule|Species Clause: Limit one of each Pokémon
|rule|OHKO Clause: OHKO moves are banned
|rule|Evasion Items Clause: Evasion items are banned
|rule|Evasion Moves Clause: Evasion moves are banned
|rule|Evasion Abilities Clause: Evasion abilities are banned
|rule|Sleep Moves Clause: Sleep-inducing moves are banned
|clearpoke
|poke|p1|Dragapult, M|
|poke|p1|Landorus-Therian, M|
|poke|p1|Ogerpon-Wellspring, F|
|poke|p1|Greninja-*, M|
|poke|p1|Slowking-Galar, F|
|poke|p1|Forretress, F|
|poke|p2|Tinkaton, F|
|poke|p2|Samurott-Hisui, F|
|poke|p2|Gholdengo|
|poke|p2|Pecharunt|
|poke|p2|Garganacl, M|
|poke|p2|Serperior, M|
|teampreview
|
|t:|1759058565
|teamsize|p1|6
|teamsize|p2|6
|start
|switch|p1a: Landorus|Landorus-Therian, M|100/100
|switch|p2a: Tinkaton|Tinkaton, F|100/100
|-ability|p2a: Tinkaton|Mold Breaker
|-ability|p1a: Landorus|Intimidate|boost
|-unboost|p2a: Tinkaton|atk|1
|turn|1
|j| Nacht556
|
|t:|1759058573
|move|p2a: Tinkaton|Stealth Rock|p1a: Landorus
|-sidestart|p1: bertoskyT|move: Stealth Rock
|move|p1a: Landorus|Stealth Rock|p2a: Tinkaton
|-sidestart|p2: hungrymane|move: Stealth Rock
|
|upkeep
|turn|2
|inactive|Battle timer is ON: inactive players will automatically lose when time's up. (requested by bertoskyT)
|
|t:|1759058581
|switch|p2a: Serperior|Serperior, M|100/100
|-damage|p2a: Serperior|88/100|[from] Stealth Rock
|move|p1a: Landorus|Earth Power|p2a: Serperior
|-resisted|p2a: Serperior
|-damage|p2a: Serperior|70/100
|
|-heal|p2a: Serperior|76/100|[from] item: Leftovers
|upkeep
|turn|3
|
|t:|1759058586
|switch|p2a: Gholdengo|Gholdengo|100/100
|-damage|p2a: Gholdengo|94/100|[from] Stealth Rock
|move|p1a: Landorus|U-turn|p2a: Gholdengo
|-resisted|p2a: Gholdengo
|-damage|p2a: Gholdengo|90/100
|
|t:|1759058594
|switch|p1a: Ogerpon|Ogerpon-Wellspring, F|100/100|[from] U-turn
|-damage|p1a: Ogerpon|88/100|[from] Stealth Rock
|
|-heal|p2a: Gholdengo|96/100|[from] item: Leftovers
|upkeep
|turn|4
|
|t:|1759058598
|move|p1a: Ogerpon|Knock Off|p2a: Gholdengo
|-supereffective|p2a: Gholdengo
|-damage|p2a: Gholdengo|25/100
|-enditem|p2a: Gholdengo|Leftovers|[from] move: Knock Off|[of] p1a: Ogerpon
|move|p2a: Gholdengo|Thunder Wave|p1a: Ogerpon
|-status|p1a: Ogerpon|par
|
|upkeep
|turn|5
|
|t:|1759058601
|move|p2a: Gholdengo|Recover|p2a: Gholdengo
|-heal|p2a: Gholdengo|75/100
|move|p1a: Ogerpon|Ivy Cudgel|p2a: Gholdengo|[anim] Ivy Cudgel Water
|-damage|p2a: Gholdengo|19/100
|
|upkeep
|turn|6
|
|t:|1759058605
|move|p2a: Gholdengo|Hex|p1a: Ogerpon
|-damage|p1a: Ogerpon|25/100 par
|cant|p1a: Ogerpon|par
|
|upkeep
|turn|7
|
|t:|1759058608
|move|p2a: Gholdengo|Recover|p2a: Gholdengo
|-heal|p2a: Gholdengo|69/100
|move|p1a: Ogerpon|Ivy Cudgel|p2a: Gholdengo|[anim] Ivy Cudgel Water
|-damage|p2a: Gholdengo|14/100
|
|upkeep
|turn|8
|
|t:|1759058610
|move|p2a: Gholdengo|Recover|p2a: Gholdengo
|-heal|p2a: Gholdengo|64/100
|move|p1a: Ogerpon|Ivy Cudgel|p2a: Gholdengo|[anim] Ivy Cudgel Water
|-damage|p2a: Gholdengo|10/100
|
|upkeep
|turn|9
|
|t:|1759058613
|move|p2a: Gholdengo|Recover|p2a: Gholdengo
|-heal|p2a: Gholdengo|60/100
|cant|p1a: Ogerpon|par
|
|upkeep
|turn|10
|
|t:|1759058618
|move|p2a: Gholdengo|Recover|p2a: Gholdengo
|-heal|p2a: Gholdengo|100/100
|cant|p1a: Ogerpon|par
|
|upkeep
|turn|11
|
|t:|1759058619
|move|p2a: Gholdengo|Hex|p1a: Ogerpon
|-damage|p1a: Ogerpon|0 fnt
|faint|p1a: Ogerpon
|
|upkeep
|
|t:|1759058623
|switch|p1a: Dragapult|Dragapult, M|100/100
|-damage|p1a: Dragapult|88/100|[from] Stealth Rock
|turn|12
|
|t:|1759058625
|-terastallize|p1a: Dragapult|Ghost
|move|p1a: Dragapult|Tera Blast|p2a: Gholdengo|[anim] Tera Blast Ghost
|-supereffective|p2a: Gholdengo
|-damage|p2a: Gholdengo|0 fnt
|faint|p2a: Gholdengo
|
|upkeep
|
|t:|1759058627
|switch|p2a: Samurott|Samurott-Hisui, F|100/100
|-damage|p2a: Samurott|88/100|[from] Stealth Rock
|turn|13
|
|t:|1759058630
|switch|p1a: Landorus|Landorus-Therian, M|100/100
|-damage|p1a: Landorus|88/100|[from] Stealth Rock
|-ability|p1a: Landorus|Intimidate|boost
|-unboost|p2a: Samurott|atk|1
|move|p2a: Samurott|Ceaseless Edge|p1a: Landorus
|-damage|p1a: Landorus|68/100
|-damage|p2a: Samurott|71/100|[from] item: Rocky Helmet|[of] p1a: Landorus
|-sidestart|p1: bertoskyT|Spikes
|
|upkeep
|turn|14
|
|t:|1759058636
|move|p2a: Samurott|Ceaseless Edge|p1a: Landorus
|-damage|p1a: Landorus|49/100
|-damage|p2a: Samurott|55/100|[from] item: Rocky Helmet|[of] p1a: Landorus
|-sidestart|p1: bertoskyT|Spikes
|move|p1a: Landorus|U-turn|p2a: Samurott
|-supereffective|p2a: Samurott
|-damage|p2a: Samurott|14/100
|
|t:|1759058638
|switch|p1a: Forretress|Forretress, F|100/100|[from] U-turn
|-damage|p1a: Forretress|88/100|[from] Stealth Rock
|-damage|p1a: Forretress|71/100|[from] Spikes
|
|upkeep
|turn|15
|
|t:|1759058646
|switch|p2a: Pecharunt|Pecharunt|100/100
|-damage|p2a: Pecharunt|88/100|[from] Stealth Rock
|move|p1a: Forretress|Spikes|p2a: Pecharunt
|-sidestart|p2: hungrymane|Spikes
|
|upkeep
|turn|16
|
|t:|1759058651
|switch|p1a: Slowking|Slowking-Galar, F|100/100
|move|p2a: Pecharunt|Shadow Ball|p1a: Slowking
|-supereffective|p1a: Slowking
|-damage|p1a: Slowking|65/100
|-unboost|p1a: Slowking|spd|1
|
|upkeep
|turn|17
|
|t:|1759058667
|switch|p2a: Tinkaton|Tinkaton, F|100/100
|-damage|p2a: Tinkaton|94/100|[from] Stealth Rock
|-damage|p2a: Tinkaton|82/100|[from] Spikes
|-ability|p2a: Tinkaton|Mold Breaker
|switch|p1a: Forretress|Forretress, F|71/100
|-damage|p1a: Forretress|59/100|[from] Stealth Rock
|-damage|p1a: Forretress|42/100|[from] Spikes
|
|upkeep
|turn|18
|
|t:|1759058671
|switch|p2a: Pecharunt|Pecharunt|88/100
|-damage|p2a: Pecharunt|76/100|[from] Stealth Rock
|-damage|p2a: Pecharunt|64/100|[from] Spikes
|move|p1a: Forretress|Rapid Spin|p2a: Pecharunt
|-immune|p2a: Pecharunt
|
|upkeep
|turn|19
|
|t:|1759058681
|move|p2a: Pecharunt|Shadow Ball|p1a: Forretress
|-damage|p1a: Forretress|0 fnt
|faint|p1a: Forretress
|
|upkeep
|
|t:|1759058684
|switch|p1a: Dragapult|Dragapult, M, tera:Ghost|88/100
|-damage|p1a: Dragapult|76/100|[from] Stealth Rock
|-damage|p1a: Dragapult|59/100|[from] Spikes
|turn|20
|
|t:|1759058687
|move|p2a: Pecharunt|Shadow Ball|p1a: Dragapult
|-supereffective|p1a: Dragapult
|-crit|p1a: Dragapult
|-damage|p1a: Dragapult|0 fnt
|faint|p1a: Dragapult
|
|upkeep
|
|t:|1759058694
|switch|p1a: Greninja|Greninja, M|100/100
|-damage|p1a: Greninja|88/100|[from] Stealth Rock
|-damage|p1a: Greninja|72/100|[from] Spikes
|turn|21
|
|t:|1759058698
|switch|p2a: Tinkaton|Tinkaton, F|82/100
|-damage|p2a: Tinkaton|76/100|[from] Stealth Rock
|-damage|p2a: Tinkaton|64/100|[from] Spikes
|-ability|p2a: Tinkaton|Mold Breaker
|move|p1a: Greninja|Surf|p2a: Tinkaton
|-damage|p2a: Tinkaton|19/100
|-enditem|p2a: Tinkaton|Red Card|[of] p1a: Greninja
|drag|p1a: Slowking|Slowking-Galar, F|99/100
|
|upkeep
|turn|22
|
|t:|1759058705
|move|p2a: Tinkaton|Endeavor|p1a: Slowking
|-damage|p1a: Slowking|18/100
|-prepare|p1a: Slowking|Chilly Reception|[premajor]
|move|p1a: Slowking|Chilly Reception|p1a: Slowking
|-weather|Snowscape
|
|t:|1759058708
|switch|p1a: Greninja|Greninja, M|72/100|[from] Chilly Reception
|-damage|p1a: Greninja|59/100|[from] Stealth Rock
|-damage|p1a: Greninja|43/100|[from] Spikes
|
|-weather|Snowscape|[upkeep]
|upkeep
|turn|23
|
|t:|1759058710
|move|p2a: Tinkaton|Endure|p2a: Tinkaton
|-singleturn|p2a: Tinkaton|move: Endure
|move|p1a: Greninja|Surf|p2a: Tinkaton
|-activate|p2a: Tinkaton|move: Endure
|-damage|p2a: Tinkaton|1/100
|-damage|p1a: Greninja|33/100|[from] item: Life Orb
|
|-weather|Snowscape|[upkeep]
|upkeep
|turn|24
|
|t:|1759058716
|switch|p2a: Samurott|Samurott-Hisui, F|14/100
|-damage|p2a: Samurott|2/100|[from] Stealth Rock
|-damage|p2a: Samurott|0 fnt|[from] Spikes
|faint|p2a: Samurott
|move|p1a: Greninja|Dark Pulse|p2: Samurott|[notarget]
|-fail|p1a: Greninja
|
|-weather|Snowscape|[upkeep]
|upkeep
|
|t:|1759058722
|switch|p2a: Pecharunt|Pecharunt|64/100
|-damage|p2a: Pecharunt|51/100|[from] Stealth Rock
|-damage|p2a: Pecharunt|39/100|[from] Spikes
|turn|25
|
|t:|1759058727
|move|p2a: Pecharunt|Malignant Chain|p1a: Greninja
|-damage|p1a: Greninja|0 fnt
|faint|p1a: Greninja
|
|-weather|Snowscape|[upkeep]
|upkeep
|-message|bertoskyT forfeited.
|
|win|hungrymane
|raw|bertoskyT's rating: 1616 &rarr; <strong>1601</strong><br />(-15 for losing)
|raw|hungrymane's rating: 1696 &rarr; <strong>1711</strong><br />(+15 for winning)
|l|☆bertoskyT
|player|p1|
|l| Nacht556
