|j|‽Pyroath
|j|☆xrr rewriting
|t:|1759045366
|gametype|singles
|player|p1|Pyroath|170|1568
|player|p2|xrr rewriting|265|1599
|gen|9
|tier|[Gen 9] OU
|rated|
|rule|HP Percentage Mod: HP is shown in percentages
|rule|Endless Battle Clause: Forcing endless battles is banned
|rule|Species Clause: Limit one of each Pokémon
|rule|OHKO Clause: OHKO moves are banned
|rule|Evasion Items Clause: Evasion items are banned
|rule|Evasion Moves Clause: Evasion moves are banned
|rule|Evasion Abilities Clause: Evasion abilities are banned
|rule|Sleep Moves Clause: Sleep-inducing moves are banned
|clearpoke
|poke|p1|Quaquaval, F|
|poke|p1|Hydrapple, F|
|poke|p1|Slowking-Galar, F|
|poke|p1|Lokix, M|
|poke|p1|Moltres|
|poke|p1|Great Tusk|
|poke|p2|Dragonite, M|
|poke|p2|Hatterene, F|
|poke|p2|Great Tusk|
|poke|p2|Ceruledge, M|
|poke|p2|Ting-Lu|
|poke|p2|Kyurem|
|teampreview
|inactive|Battle timer is ON: inactive players will automatically lose when time's up. (requested by xrr rewriting)
|
|t:|1759045386
|teamsize|p1|6
|teamsize|p2|6
|start
|switch|p1a: Hydrapple|Hydrapple, F|100/100
|switch|p2a: Ceruledge|Ceruledge, M|100/100
|turn|1
|inactive|Pyroath has 120 seconds left.
|
|t:|1759045425
|switch|p2a: Hatterene|Hatterene, F|100/100
|move|p1a: Hydrapple|Draco Meteor|p2a: Hatterene
|-immune|p2a: Hatterene
|
|upkeep
|turn|2
|
|t:|1759045430
|switch|p1a: Slowking|Slowking-Galar, F|100/100
|move|p2a: Hatterene|Nuzzle|p1a: Slowking
|-crit|p1a: Slowking
|-damage|p1a: Slowking|94/100
|-status|p1a: Slowking|par
|
|upkeep
|turn|3
|inactive|Pyroath has 120 seconds left.
|inactive|Pyroath has 90 seconds left.
|
|t:|1759045481
|move|p2a: Hatterene|Psyshock|p1a: Slowking
|-damage|p1a: Slowking|49/100 par
|-prepare|p1a: Slowking|Chilly Reception|[premajor]
|move|p1a: Slowking|Chilly Reception|p1a: Slowking
|-weather|Snowscape
|
|t:|1759045484
|switch|p1a: Lokix|Lokix, M|100/100|[from] Chilly Reception
|
|-weather|Snowscape|[upkeep]
|upkeep
|turn|4
|
|t:|1759045493
|move|p1a: Lokix|U-turn|p2a: Hatterene
|-damage|p2a: Hatterene|51/100
|
|t:|1759045500
|switch|p1a: Slowking|Slowking-Galar, F|82/100 par|[from] U-turn
|move|p2a: Hatterene|Draining Kiss|p1a: Slowking
|-resisted|p1a: Slowking
|-damage|p1a: Slowking|74/100 par
|-heal|p2a: Hatterene|59/100|[from] drain|[of] p1a: Slowking
|
|-weather|Snowscape|[upkeep]
|upkeep
|turn|5
|
|t:|1759045505
|move|p2a: Hatterene|Psyshock|p1a: Slowking
|-damage|p1a: Slowking|29/100 par
|-prepare|p1a: Slowking|Chilly Reception|[premajor]
|move|p1a: Slowking|Chilly Reception|p1a: Slowking
|
|t:|1759045516
|switch|p1a: Lokix|Lokix, M|100/100|[from] Chilly Reception
|
|-weather|Snowscape|[upkeep]
|upkeep
|turn|6
|
|t:|1759045522
|move|p1a: Lokix|Leech Life|p2a: Hatterene
|-damage|p2a: Hatterene|3/100
|move|p2a: Hatterene|Draining Kiss|p1a: Lokix
|-supereffective|p1a: Lokix
|-damage|p1a: Lokix|0 fnt
|-heal|p2a: Hatterene|70/100|[from] drain|[of] p1a: Lokix
|faint|p1a: Lokix
|
|-weather|Snowscape|[upkeep]
|upkeep
|
|t:|1759045529
|switch|p1a: Great Tusk|Great Tusk|100/100
|turn|7
|
|t:|1759045535
|-terastallize|p1a: Great Tusk|Ground
|move|p1a: Great Tusk|Headlong Rush|p2a: Hatterene
|-damage|p2a: Hatterene|0 fnt
|-unboost|p1a: Great Tusk|def|1
|-unboost|p1a: Great Tusk|spd|1
|faint|p2a: Hatterene
|
|-weather|none
|upkeep
|
|t:|1759045552
|switch|p2a: Ceruledge|Ceruledge, M|100/100
|turn|8
|
|t:|1759045557
|move|p1a: Great Tusk|Headlong Rush|p2a: Ceruledge
|-supereffective|p2a: Ceruledge
|-enditem|p2a: Ceruledge|Focus Sash
|-damage|p2a: Ceruledge|1/100
|-unboost|p1a: Great Tusk|def|1
|-unboost|p1a: Great Tusk|spd|1
|-ability|p2a: Ceruledge|Weak Armor|boost
|-unboost|p2a: Ceruledge|def|1
|-boost|p2a: Ceruledge|spe|2
|move|p2a: Ceruledge|Swords Dance|p2a: Ceruledge
|-boost|p2a: Ceruledge|atk|2
|
|upkeep
|turn|9
|
|t:|1759045560
|-end|p1a: Great Tusk|Protosynthesis|[silent]
|switch|p1a: Moltres|Moltres|100/100
|move|p2a: Ceruledge|Bitter Blade|p1a: Moltres
|-resisted|p1a: Moltres
|-damage|p1a: Moltres|71/100
|-heal|p2a: Ceruledge|20/100|[from] drain|[of] p1a: Moltres
|
|upkeep
|turn|10
|
|t:|1759045567
|move|p2a: Ceruledge|Bitter Blade|p1a: Moltres
|-resisted|p1a: Moltres
|-damage|p1a: Moltres|41/100
|-heal|p2a: Ceruledge|40/100|[from] drain|[of] p1a: Moltres
|move|p1a: Moltres|Flamethrower|p2a: Ceruledge
|-resisted|p2a: Ceruledge
|-damage|p2a: Ceruledge|19/100
|
|upkeep
|turn|11
|
|t:|1759045573
|move|p2a: Ceruledge|Bitter Blade|p1a: Moltres
|-resisted|p1a: Moltres
|-damage|p1a: Moltres|9/100
|-heal|p2a: Ceruledge|41/100|[from] drain|[of] p1a: Moltres
|move|p1a: Moltres|Roost|p1a: Moltres
|-heal|p1a: Moltres|59/100
|-singleturn|p1a: Moltres|move: Roost
|
|upkeep
|turn|12
|
|t:|1759045577
|move|p2a: Ceruledge|Bitter Blade|p1a: Moltres
|-resisted|p1a: Moltres
|-damage|p1a: Moltres|27/100
|-heal|p2a: Ceruledge|62/100|[from] drain|[of] p1a: Moltres
|move|p1a: Moltres|U-turn|p2a: Ceruledge
|-resisted|p2a: Ceruledge
|-damage|p2a: Ceruledge|54/100
|-ability|p2a: Ceruledge|Weak Armor|boost
|-unboost|p2a: Ceruledge|def|1
|-boost|p2a: Ceruledge|spe|2
|
|t:|1759045579
|switch|p1a: Hydrapple|Hydrapple, F|100/100|[from] U-turn
|
|upkeep
|turn|13
|
|t:|1759045588
|-terastallize|p2a: Ceruledge|Fairy
|move|p2a: Ceruledge|Bitter Blade|p1a: Hydrapple
|-damage|p1a: Hydrapple|32/100
|-heal|p2a: Ceruledge|100/100|[from] drain|[of] p1a: Hydrapple
|move|p1a: Hydrapple|Draco Meteor|p2a: Ceruledge
|-immune|p2a: Ceruledge
|
|upkeep
|turn|14
|
|t:|1759045600
|switch|p1a: Moltres|Moltres|27/100
|move|p2a: Ceruledge|Bitter Blade|p1a: Moltres
|-resisted|p1a: Moltres
|-damage|p1a: Moltres|0 fnt
|-status|p2a: Ceruledge|brn|[from] ability: Flame Body|[of] p1a: Moltres
|faint|p1a: Moltres
|
|-damage|p2a: Ceruledge|94/100 brn|[from] brn
|upkeep
|
|t:|1759045604
|switch|p1a: Great Tusk|Great Tusk, tera:Ground|100/100
|turn|15
|
|t:|1759045608
|move|p2a: Ceruledge|Bitter Blade|p1a: Great Tusk
|-damage|p1a: Great Tusk|66/100
|-heal|p2a: Ceruledge|100/100 brn|[from] drain|[of] p1a: Great Tusk
|move|p1a: Great Tusk|Headlong Rush|p2a: Ceruledge
|-damage|p2a: Ceruledge|0 fnt
|-unboost|p1a: Great Tusk|def|1
|-unboost|p1a: Great Tusk|spd|1
|faint|p2a: Ceruledge
|
|upkeep
|
|t:|1759045621
|switch|p2a: Dragonite|Dragonite, M|100/100
|turn|16
|
|t:|1759045626
|move|p1a: Great Tusk|Rapid Spin|p2a: Dragonite
|-damage|p2a: Dragonite|90/100
|-boost|p1a: Great Tusk|spe|1
|move|p2a: Dragonite|Outrage|p1a: Great Tusk
|-crit|p1a: Great Tusk
|-damage|p1a: Great Tusk|0 fnt
|faint|p1a: Great Tusk
|-end|p1a: Great Tusk|Protosynthesis|[silent]
|
|upkeep
|
|t:|1759045628
|switch|p1a: Quaquaval|Quaquaval, F|100/100
|turn|17
|
|t:|1759045631
|move|p1a: Quaquaval|Ice Spinner|p2a: Dragonite
|-supereffective|p2a: Dragonite
|-crit|p2a: Dragonite
|-damage|p2a: Dragonite|0 fnt
|faint|p2a: Dragonite
|-ability|p1a: Quaquaval|Moxie|boost
|-boost|p1a: Quaquaval|atk|1
|
|upkeep
|
|t:|1759045637
|switch|p2a: Kyurem|Kyurem|100/100
|-ability|p2a: Kyurem|Pressure
|turn|18
|
|t:|1759045641
|move|p2a: Kyurem|Scale Shot|p1a: Quaquaval
|-damage|p1a: Quaquaval|83/100
|-damage|p1a: Quaquaval|64/100
|-damage|p1a: Quaquaval|46/100
|-damage|p1a: Quaquaval|28/100
|-damage|p1a: Quaquaval|10/100
|-hitcount|p1a: Quaquaval|5
|-unboost|p2a: Kyurem|def|1
|-boost|p2a: Kyurem|spe|1
|move|p1a: Quaquaval|Aqua Step|p2a: Kyurem
|-resisted|p2a: Kyurem
|-damage|p2a: Kyurem|58/100
|-boost|p1a: Quaquaval|spe|1
|
|upkeep
|turn|19
|
|t:|1759045649
|move|p2a: Kyurem|Icicle Spear|p1a: Quaquaval
|-resisted|p1a: Quaquaval
|-damage|p1a: Quaquaval|1/100
|-resisted|p1a: Quaquaval
|-damage|p1a: Quaquaval|0 fnt
|faint|p1a: Quaquaval
|-hitcount|p1: Quaquaval|2
|
|upkeep
|
|t:|1759045651
|switch|p1a: Slowking|Slowking-Galar, F|62/100 par
|turn|20
|-message|Pyroath forfeited.
|
|win|xrr rewriting
|raw|Pyroath's rating: 1544 &rarr; <strong>1527</strong><br />(-17 for losing)
|raw|xrr rewriting's rating: 1599 &rarr; <strong>1616</strong><br />(+17 for winning)
|l|‽Pyroath
|player|p1|
