|j|☆Taijutsuuu
|j|☆Okokmemedababy
|t:|1759039857
|gametype|singles
|player|p1|Taijutsuuu|nate|1167
|player|p2|Okokmemedababy|hilda-wonderlauncher|1160
|gen|9
|tier|[Gen 9] OU
|rated|
|rule|HP Percentage Mod: HP is shown in percentages
|rule|Endless Battle Clause: Forcing endless battles is banned
|rule|Species Clause: Limit one of each Pokémon
|rule|OHKO Clause: OHKO moves are banned
|rule|Evasion Items Clause: Evasion items are banned
|rule|Evasion Moves Clause: Evasion moves are banned
|rule|Evasion Abilities Clause: Evasion abilities are banned
|rule|Sleep Moves Clause: Sleep-inducing moves are banned
|clearpoke
|poke|p1|Cinderace, M|
|poke|p1|Great Tusk|
|poke|p1|Slowking-Galar, M|
|poke|p1|Corviknight, M|
|poke|p1|Raging Bolt|
|poke|p1|Meowscarada, F|
|poke|p2|Maushold-Four|
|poke|p2|Kingambit, F|
|poke|p2|Donphan, L1, M|
|poke|p2|Gardevoir, M|
|poke|p2|Pelipper, M|
|poke|p2|Barraskewda, M|
|teampreview
|inactive|Battle timer is ON: inactive players will automatically lose when time's up. (requested by Okokmemedababy)
|
|t:|1759039879
|teamsize|p1|6
|teamsize|p2|6
|start
|switch|p1a: Great Tusk|Great Tusk, shiny|100/100
|switch|p2a: Donphan|Donphan, L1, M|100/100
|turn|1
|
|t:|1759039895
|move|p1a: Great Tusk|Rapid Spin|p2a: Donphan
|-ability|p2a: Donphan|Sturdy
|-damage|p2a: Donphan|8/100
|-boost|p1a: Great Tusk|spe|1
|move|p2a: Donphan|Endeavor|p1a: Great Tusk
|-damage|p1a: Great Tusk|1/100
|-damage|p2a: Donphan|0 fnt|[from] item: Rocky Helmet|[of] p1a: Great Tusk
|faint|p2a: Donphan
|
|upkeep
|
|t:|1759039915
|switch|p2a: Pelipper|Pelipper, M|100/100
|-weather|RainDance|[from] ability: Drizzle|[of] p2a: Pelipper
|turn|2
|inactive|Okokmemedababy has 120 seconds left.
|
|t:|1759039955
|move|p1a: Great Tusk|Stealth Rock|p2a: Pelipper
|-sidestart|p2: Okokmemedababy|move: Stealth Rock
|move|p2a: Pelipper|U-turn|p1a: Great Tusk
|-resisted|p1a: Great Tusk
|-damage|p1a: Great Tusk|0 fnt
|-damage|p2a: Pelipper|84/100|[from] item: Rocky Helmet|[of] p1a: Great Tusk
|faint|p1a: Great Tusk
|-end|p1a: Great Tusk|Protosynthesis|[silent]
|
|t:|1759039958
|switch|p2a: Maushold|Maushold-Four|100/100|[from] U-turn
|-damage|p2a: Maushold|88/100|[from] Stealth Rock
|
|-weather|RainDance|[upkeep]
|upkeep
|
|t:|1759039987
|switch|p1a: Slowking|Slowking-Galar, M, shiny|100/100
|turn|3
|
|t:|1759039990
|switch|p1a: Corviknight|Corviknight, M, shiny|100/100
|-ability|p1a: Corviknight|Pressure
|move|p2a: Maushold|Population Bomb|p1a: Corviknight
|-resisted|p1a: Corviknight
|-damage|p1a: Corviknight|97/100
|-damage|p2a: Maushold|71/100|[from] item: Rocky Helmet|[of] p1a: Corviknight
|-resisted|p1a: Corviknight
|-crit|p1a: Corviknight
|-damage|p1a: Corviknight|91/100
|-damage|p2a: Maushold|55/100|[from] item: Rocky Helmet|[of] p1a: Corviknight
|-resisted|p1a: Corviknight
|-damage|p1a: Corviknight|87/100
|-damage|p2a: Maushold|38/100|[from] item: Rocky Helmet|[of] p1a: Corviknight
|-resisted|p1a: Corviknight
|-damage|p1a: Corviknight|83/100
|-damage|p2a: Maushold|22/100|[from] item: Rocky Helmet|[of] p1a: Corviknight
|-resisted|p1a: Corviknight
|-damage|p1a: Corviknight|80/100
|-damage|p2a: Maushold|5/100|[from] item: Rocky Helmet|[of] p1a: Corviknight
|-resisted|p1a: Corviknight
|-damage|p1a: Corviknight|76/100
|-damage|p2a: Maushold|0 fnt|[from] item: Rocky Helmet|[of] p1a: Corviknight
|faint|p2a: Maushold
|-hitcount|p1a: Corviknight|6
|
|-weather|RainDance|[upkeep]
|upkeep
|inactive|Okokmemedababy has 120 seconds left.
|inactive|Okokmemedababy has 90 seconds left.
|
|t:|1759040041
|switch|p2a: Barraskewda|Barraskewda, M, shiny|100/100
|-damage|p2a: Barraskewda|88/100|[from] Stealth Rock
|turn|4
|
|t:|1759040053
|move|p2a: Barraskewda|Close Combat|p1a: Corviknight
|-damage|p1a: Corviknight|35/100
|-unboost|p2a: Barraskewda|def|1
|-unboost|p2a: Barraskewda|spd|1
|-damage|p2a: Barraskewda|72/100|[from] item: Rocky Helmet|[of] p1a: Corviknight
|-damage|p2a: Barraskewda|62/100|[from] item: Life Orb
|move|p1a: Corviknight|U-turn|p2a: Barraskewda
|-damage|p2a: Barraskewda|18/100
|
|t:|1759040065
|switch|p1a: Raging Bolt|Raging Bolt|100/100|[from] U-turn
|
|-weather|RainDance|[upkeep]
|upkeep
|turn|5
|inactive|Okokmemedababy has 90 seconds left.
|
|t:|1759040096
|switch|p2a: Kingambit|Kingambit, F|100/100
|-damage|p2a: Kingambit|94/100|[from] Stealth Rock
|-activate|p2a: Kingambit|ability: Supreme Overlord
|-start|p2a: Kingambit|fallen2|[silent]
|move|p1a: Raging Bolt|Thunderclap||[still]
|-fail|p1a: Raging Bolt
|
|-weather|RainDance|[upkeep]
|-heal|p2a: Kingambit|100/100|[from] item: Leftovers
|upkeep
|turn|6
|inactive|Taijutsuuu has 120 seconds left.
|
|t:|1759040127
|-end|p1a: Raging Bolt|Protosynthesis|[silent]
|switch|p1a: Meowscarada|Meowscarada, F, shiny|100/100
|move|p2a: Kingambit|Swords Dance|p2a: Kingambit
|-boost|p2a: Kingambit|atk|2
|
|-weather|RainDance|[upkeep]
|upkeep
|turn|7
|inactive|Okokmemedababy has 90 seconds left.
|
|t:|1759040143
|-terastallize|p2a: Kingambit|Fire
|move|p1a: Meowscarada|Trick|p2a: Kingambit
|-start|p1a: Meowscarada|typechange|Psychic|[from] ability: Protean
|-activate|p1a: Meowscarada|move: Trick|[of] p2a: Kingambit
|-item|p2a: Kingambit|Choice Scarf|[from] move: Trick
|-item|p1a: Meowscarada|Leftovers|[from] move: Trick
|move|p2a: Kingambit|Tera Blast|p1a: Meowscarada|[anim] Tera Blast Fire
|-damage|p1a: Meowscarada|26/100
|
|-weather|RainDance|[upkeep]
|-heal|p1a: Meowscarada|32/100|[from] item: Leftovers
|upkeep
|turn|8
|inactive|Okokmemedababy has 90 seconds left.
|
|t:|1759040165
|switch|p1a: Raging Bolt|Raging Bolt|100/100
|move|p2a: Kingambit|Tera Blast|p1a: Raging Bolt|[anim] Tera Blast Fire
|-resisted|p1a: Raging Bolt
|-damage|p1a: Raging Bolt|74/100
|
|-weather|RainDance|[upkeep]
|upkeep
|turn|9
|inactive|Okokmemedababy has 90 seconds left.
|
|t:|1759040179
|move|p2a: Kingambit|Tera Blast|p1a: Raging Bolt|[anim] Tera Blast Fire
|-resisted|p1a: Raging Bolt
|-damage|p1a: Raging Bolt|48/100
|move|p1a: Raging Bolt|Draco Meteor|p2a: Kingambit|[miss]
|-miss|p1a: Raging Bolt|p2a: Kingambit
|
|-weather|none
|upkeep
|turn|10
|
|t:|1759040184
|move|p2a: Kingambit|Tera Blast|p1a: Raging Bolt|[anim] Tera Blast Fire
|-resisted|p1a: Raging Bolt
|-damage|p1a: Raging Bolt|1/100
|move|p1a: Raging Bolt|Draco Meteor|p2a: Kingambit
|-damage|p2a: Kingambit|0 fnt
|-unboost|p1a: Raging Bolt|spa|2
|faint|p2a: Kingambit
|-end|p2a: Kingambit|fallen2|[silent]
|
|upkeep
|inactive|Okokmemedababy has 90 seconds left.
|
|t:|1759040203
|switch|p2a: Gardevoir|Gardevoir, M, shiny|100/100
|-damage|p2a: Gardevoir|88/100|[from] Stealth Rock
|turn|11
|inactive|Taijutsuuu has 120 seconds left.
|
|t:|1759040229
|-end|p1a: Raging Bolt|Protosynthesis|[silent]
|switch|p1a: Corviknight|Corviknight, M, shiny|35/100
|-ability|p1a: Corviknight|Pressure
|move|p2a: Gardevoir|Future Sight|p1a: Corviknight
|-start|p2a: Gardevoir|move: Future Sight
|
|upkeep
|turn|12
|
|t:|1759040236
|move|p2a: Gardevoir|Future Sight||[still]
|-fail|p2a: Gardevoir
|move|p1a: Corviknight|Roost|p1a: Corviknight
|-heal|p1a: Corviknight|85/100
|-singleturn|p1a: Corviknight|move: Roost
|
|upkeep
|turn|13
|inactive|Taijutsuuu has 120 seconds left.
|
|t:|1759040255
|switch|p2a: Pelipper|Pelipper, M|84/100
|-damage|p2a: Pelipper|59/100|[from] Stealth Rock
|-weather|RainDance|[from] ability: Drizzle|[of] p2a: Pelipper
|move|p1a: Corviknight|Iron Defense|p1a: Corviknight
|-boost|p1a: Corviknight|def|2
|
|-weather|RainDance|[upkeep]
|-end|p1a: Corviknight|move: Future Sight
|-resisted|p1a: Corviknight
|-damage|p1a: Corviknight|58/100
|upkeep
|turn|14
|
|t:|1759040276
|move|p1a: Corviknight|Iron Defense|p1a: Corviknight
|-boost|p1a: Corviknight|def|2
|move|p2a: Pelipper|Surf|p1a: Corviknight
|-damage|p1a: Corviknight|16/100
|
|-weather|RainDance|[upkeep]
|upkeep
|turn|15
|inactive|Taijutsuuu has 120 seconds left.
|
|t:|1759040284
|move|p1a: Corviknight|Roost|p1a: Corviknight
|-heal|p1a: Corviknight|66/100
|-singleturn|p1a: Corviknight|move: Roost
|move|p2a: Pelipper|Surf|p1a: Corviknight
|-damage|p1a: Corviknight|19/100
|
|-weather|RainDance|[upkeep]
|upkeep
|turn|16
|
|t:|1759040291
|move|p1a: Corviknight|Roost|p1a: Corviknight
|-heal|p1a: Corviknight|70/100
|-singleturn|p1a: Corviknight|move: Roost
|move|p2a: Pelipper|Surf|p1a: Corviknight
|-damage|p1a: Corviknight|26/100
|
|-weather|RainDance|[upkeep]
|upkeep
|turn|17
|
|t:|1759040297
|move|p1a: Corviknight|Roost|p1a: Corviknight
|-heal|p1a: Corviknight|77/100
|-singleturn|p1a: Corviknight|move: Roost
|move|p2a: Pelipper|Surf|p1a: Corviknight
|-damage|p1a: Corviknight|33/100
|
|-weather|RainDance|[upkeep]
|upkeep
|turn|18
|inactive|Okokmemedababy has 120 seconds left.
|
|t:|1759040302
|move|p1a: Corviknight|Roost|p1a: Corviknight
|-heal|p1a: Corviknight|83/100
|-singleturn|p1a: Corviknight|move: Roost
|move|p2a: Pelipper|Surf|p1a: Corviknight
|-damage|p1a: Corviknight|38/100
|
|-weather|RainDance|[upkeep]
|upkeep
|turn|19
|
|t:|1759040308
|move|p1a: Corviknight|Roost|p1a: Corviknight
|-heal|p1a: Corviknight|88/100
|-singleturn|p1a: Corviknight|move: Roost
|move|p2a: Pelipper|Surf|p1a: Corviknight
|-damage|p1a: Corviknight|45/100
|
|-weather|RainDance|[upkeep]
|upkeep
|turn|20
|
|t:|1759040320
|switch|p2a: Barraskewda|Barraskewda, M, shiny|18/100
|-damage|p2a: Barraskewda|6/100|[from] Stealth Rock
|move|p1a: Corviknight|Body Press|p2a: Barraskewda
|-damage|p2a: Barraskewda|0 fnt
|faint|p2a: Barraskewda
|
|-weather|none
|upkeep
|
|t:|1759040325
|switch|p2a: Gardevoir|Gardevoir, M, shiny|88/100
|-damage|p2a: Gardevoir|76/100|[from] Stealth Rock
|turn|21
|
|t:|1759040339
|move|p2a: Gardevoir|Shadow Ball|p1a: Corviknight
|-damage|p1a: Corviknight|19/100
|move|p1a: Corviknight|Roost|p1a: Corviknight
|-heal|p1a: Corviknight|70/100
|-singleturn|p1a: Corviknight|move: Roost
|
|upkeep
|turn|22
|-message|Okokmemedababy forfeited.
|
|win|Taijutsuuu
|raw|Taijutsuuu's rating: 1167 &rarr; <strong>1191</strong><br />(+24 for winning)
|raw|Okokmemedababy's rating: 1160 &rarr; <strong>1136</strong><br />(-24 for losing)
|l|☆Okokmemedababy
|player|p2|
|l|☆Taijutsuuu
|player|p1|
