|j|☆Perola Z
|j|☆serial 01216
|t:|1758986058
|gametype|singles
|player|p1|Perola Z|elesa|1453
|player|p2|serial 01216|102|1424
|gen|9
|tier|[Gen 9] OU
|rated|
|rule|HP Percentage Mod: HP is shown in percentages
|rule|Endless Battle Clause: Forcing endless battles is banned
|rule|Species Clause: Limit one of each Pokémon
|rule|OHKO Clause: OHKO moves are banned
|rule|Evasion Items Clause: Evasion items are banned
|rule|Evasion Moves Clause: Evasion moves are banned
|rule|Evasion Abilities Clause: Evasion abilities are banned
|rule|Sleep Moves Clause: Sleep-inducing moves are banned
|clearpoke
|poke|p1|Landorus-Therian, M|
|poke|p1|Enamorus, F|
|poke|p1|Cinderace, M|
|poke|p1|Latios, M|
|poke|p1|Kyurem|
|poke|p1|Primarina, F|
|poke|p2|Hydrapple, F|
|poke|p2|Slowking-Galar, M|
|poke|p2|Cinderace, F|
|poke|p2|Darkrai|
|poke|p2|Manaphy|
|poke|p2|Cobalion|
|teampreview
|
|t:|1758986081
|teamsize|p1|6
|teamsize|p2|6
|start
|switch|p1a: Latios|Latios, M|100/100
|switch|p2a: Slowking|Slowking-Galar, M|100/100
|turn|1
|inactive|Battle timer is ON: inactive players will automatically lose when time's up. (requested by serial 01216)
|
|t:|1758986091
|switch|p1a: Landorus|Landorus-Therian, M|100/100
|-ability|p1a: Landorus|Intimidate|boost
|-unboost|p2a: Slowking|atk|1
|-prepare|p2a: Slowking|Chilly Reception|[premajor]
|move|p2a: Slowking|Chilly Reception|p2a: Slowking
|-weather|Snowscape
|
|t:|1758986097
|switch|p2a: Darkrai|Darkrai|100/100|[from] Chilly Reception
|
|-weather|Snowscape|[upkeep]
|upkeep
|turn|2
|
|t:|1758986102
|switch|p1a: Primarina|Primarina, F|100/100
|move|p2a: Darkrai|Ice Beam|p1a: Primarina
|-resisted|p1a: Primarina
|-damage|p1a: Primarina|86/100
|
|-weather|Snowscape|[upkeep]
|upkeep
|turn|3
|
|t:|1758986105
|switch|p2a: Slowking|Slowking-Galar, M|100/100
|-terastallize|p1a: Primarina|Water
|move|p1a: Primarina|Sparkling Aria|p2a: Slowking
|-damage|p2a: Slowking|35/100
|
|-weather|Snowscape|[upkeep]
|-heal|p2a: Slowking|41/100|[from] item: Black Sludge
|upkeep
|turn|4
|
|t:|1758986117
|switch|p1a: Landorus|Landorus-Therian, M|100/100
|-ability|p1a: Landorus|Intimidate|boost
|-unboost|p2a: Slowking|atk|1
|switch|p2a: Hydrapple|Hydrapple, F|100/100
|
|-weather|Snowscape|[upkeep]
|upkeep
|turn|5
|
|t:|1758986123
|move|p1a: Landorus|U-turn|p2a: Hydrapple
|-supereffective|p2a: Hydrapple
|-damage|p2a: Hydrapple|41/100
|
|t:|1758986127
|switch|p1a: Cinderace|Cinderace, M|100/100|[from] U-turn
|move|p2a: Hydrapple|Leaf Storm|p1a: Cinderace|[miss]
|-miss|p2a: Hydrapple|p1a: Cinderace
|
|-weather|none
|upkeep
|turn|6
|
|t:|1758986134
|switch|p2a: Slowking|Slowking-Galar, M|74/100
|move|p1a: Cinderace|U-turn|p2a: Slowking
|-start|p1a: Cinderace|typechange|Bug|[from] ability: Libero
|-damage|p2a: Slowking|42/100
|
|t:|1758986140
|switch|p1a: Landorus|Landorus-Therian, M|100/100|[from] U-turn
|-ability|p1a: Landorus|Intimidate|boost
|-unboost|p2a: Slowking|atk|1
|
|-heal|p2a: Slowking|48/100|[from] item: Black Sludge
|upkeep
|turn|7
|
|t:|1758986150
|move|p1a: Landorus|U-turn|p2a: Slowking
|-damage|p2a: Slowking|11/100
|
|t:|1758986156
|switch|p1a: Cinderace|Cinderace, M|100/100|[from] U-turn
|-prepare|p2a: Slowking|Chilly Reception|[premajor]
|move|p2a: Slowking|Chilly Reception|p2a: Slowking
|-weather|Snowscape
|
|t:|1758986161
|switch|p2a: Manaphy|Manaphy|100/100|[from] Chilly Reception
|
|-weather|Snowscape|[upkeep]
|upkeep
|turn|8
|
|t:|1758986173
|switch|p1a: Latios|Latios, M|100/100
|move|p2a: Manaphy|Scald|p1a: Latios
|-resisted|p1a: Latios
|-damage|p1a: Latios|84/100
|
|-weather|Snowscape|[upkeep]
|upkeep
|turn|9
|
|t:|1758986182
|move|p1a: Latios|Draco Meteor|p2a: Manaphy
|-damage|p2a: Manaphy|9/100
|-unboost|p1a: Latios|spa|2
|move|p2a: Manaphy|U-turn|p1a: Latios
|-supereffective|p1a: Latios
|-damage|p1a: Latios|41/100
|
|t:|1758986189
|switch|p2a: Slowking|Slowking-Galar, M|45/100|[from] U-turn
|
|-weather|Snowscape|[upkeep]
|-heal|p2a: Slowking|51/100|[from] item: Black Sludge
|upkeep
|turn|10
|
|t:|1758986194
|move|p1a: Latios|Draco Meteor|p2a: Slowking
|-damage|p2a: Slowking|18/100
|-unboost|p1a: Latios|spa|2
|-prepare|p2a: Slowking|Chilly Reception|[premajor]
|move|p2a: Slowking|Chilly Reception|p2a: Slowking
|
|t:|1758986201
|switch|p2a: Cinderace|Cinderace, F|100/100|[from] Chilly Reception
|
|-weather|Snowscape|[upkeep]
|upkeep
|turn|11
|
|t:|1758986205
|move|p2a: Cinderace|U-turn|p1a: Latios
|-start|p2a: Cinderace|typechange|Bug|[from] ability: Libero
|-supereffective|p1a: Latios
|-damage|p1a: Latios|0 fnt
|faint|p1a: Latios
|inactive|serial 01216 has 120 seconds left.
|
|t:|1758986244
|switch|p2a: Cobalion|Cobalion|100/100|[from] U-turn
|
|-weather|none
|upkeep
|
|t:|1758986266
|switch|p1a: Cinderace|Cinderace, M|100/100
|turn|12
|inactive|serial 01216 has 120 seconds left.
|
|t:|1758986285
|switch|p2a: Hydrapple|Hydrapple, F|74/100
|move|p1a: Cinderace|Pyro Ball|p2a: Hydrapple
|-crit|p2a: Hydrapple
|-damage|p2a: Hydrapple|7/100
|
|upkeep
|turn|13
|
|t:|1758986295
|switch|p2a: Manaphy|Manaphy|9/100
|move|p1a: Cinderace|U-turn|p2a: Manaphy
|-start|p1a: Cinderace|typechange|Bug|[from] ability: Libero
|-damage|p2a: Manaphy|0 fnt
|faint|p2a: Manaphy
|inactive|Perola Z has 120 seconds left.
|
|t:|1758986330
|switch|p1a: Primarina|Primarina, F, tera:Water|86/100|[from] U-turn
|
|upkeep
|
|t:|1758986340
|switch|p2a: Cinderace|Cinderace, F|100/100
|turn|14
|
|t:|1758986345
|switch|p1a: Landorus|Landorus-Therian, M|100/100
|-ability|p1a: Landorus|Intimidate|boost
|-unboost|p2a: Cinderace|atk|1
|move|p2a: Cinderace|U-turn|p1a: Landorus
|-start|p2a: Cinderace|typechange|Bug|[from] ability: Libero
|-resisted|p1a: Landorus
|-damage|p1a: Landorus|89/100
|
|t:|1758986348
|switch|p2a: Darkrai|Darkrai|100/100|[from] U-turn
|
|upkeep
|turn|15
|
|t:|1758986356
|switch|p1a: Kyurem|Kyurem|100/100
|-ability|p1a: Kyurem|Pressure
|move|p2a: Darkrai|Dark Pulse|p1a: Kyurem
|-damage|p1a: Kyurem|62/100
|
|upkeep
|turn|16
|
|t:|1758986368
|move|p1a: Kyurem|Draco Meteor|p2a: Darkrai
|-damage|p2a: Darkrai|26/100
|-unboost|p1a: Kyurem|spa|2
|move|p2a: Darkrai|Focus Blast|p1a: Kyurem|[miss]
|-miss|p2a: Darkrai|p1a: Kyurem
|
|-heal|p2a: Darkrai|32/100|[from] item: Leftovers
|upkeep
|turn|17
|
|t:|1758986380
|switch|p1a: Landorus|Landorus-Therian, M|89/100
|-ability|p1a: Landorus|Intimidate|boost
|-unboost|p2a: Darkrai|atk|1
|move|p2a: Darkrai|Nasty Plot|p2a: Darkrai
|-boost|p2a: Darkrai|spa|2
|
|-heal|p2a: Darkrai|38/100|[from] item: Leftovers
|upkeep
|turn|18
|
|t:|1758986396
|switch|p1a: Cinderace|Cinderace, M|100/100
|move|p2a: Darkrai|Dark Pulse|p1a: Cinderace
|-damage|p1a: Cinderace|0 fnt
|faint|p1a: Cinderace
|
|-heal|p2a: Darkrai|44/100|[from] item: Leftovers
|upkeep
|
|t:|1758986398
|switch|p1a: Kyurem|Kyurem|62/100
|-ability|p1a: Kyurem|Pressure
|turn|19
|
|t:|1758986407
|switch|p2a: Slowking|Slowking-Galar, M|51/100
|move|p1a: Kyurem|Ice Beam|p2a: Slowking
|-damage|p2a: Slowking|22/100
|
|-heal|p2a: Slowking|28/100|[from] item: Black Sludge
|upkeep
|turn|20
|
|t:|1758986416
|switch|p2a: Cinderace|Cinderace, F|100/100
|move|p1a: Kyurem|Ice Beam|p2a: Cinderace
|-resisted|p2a: Cinderace
|-damage|p2a: Cinderace|68/100
|
|upkeep
|turn|21
|
|t:|1758986424
|move|p1a: Kyurem|Ice Beam|p2a: Cinderace
|-resisted|p2a: Cinderace
|-damage|p2a: Cinderace|36/100
|move|p2a: Cinderace|Pyro Ball|p1a: Kyurem
|-damage|p1a: Kyurem|5/100
|
|upkeep
|turn|22
|
|t:|1758986432
|move|p2a: Cinderace|Sucker Punch|p1a: Kyurem
|-start|p2a: Cinderace|typechange|Dark|[from] ability: Libero
|-damage|p1a: Kyurem|0 fnt
|faint|p1a: Kyurem
|
|upkeep
|
|t:|1758986435
|switch|p1a: Landorus|Landorus-Therian, M|89/100
|-ability|p1a: Landorus|Intimidate|boost
|-unboost|p2a: Cinderace|atk|1
|turn|23
|
|t:|1758986439
|move|p2a: Cinderace|U-turn|p1a: Landorus
|-resisted|p1a: Landorus
|-damage|p1a: Landorus|80/100
|
|t:|1758986449
|switch|p2a: Cobalion|Cobalion|100/100|[from] U-turn
|move|p1a: Landorus|U-turn|p2a: Cobalion
|-resisted|p2a: Cobalion
|-damage|p2a: Cobalion|95/100
|
|t:|1758986453
|switch|p1a: Primarina|Primarina, F, tera:Water|86/100|[from] U-turn
|
|-heal|p2a: Cobalion|100/100|[from] item: Leftovers
|upkeep
|turn|24
|
|t:|1758986460
|move|p2a: Cobalion|Iron Defense|p2a: Cobalion
|-boost|p2a: Cobalion|def|2
|move|p1a: Primarina|Sparkling Aria|p2a: Cobalion
|-crit|p2a: Cobalion
|-damage|p2a: Cobalion|0 fnt
|faint|p2a: Cobalion
|
|upkeep
|
|t:|1758986470
|switch|p2a: Cinderace|Cinderace, F|36/100
|turn|25
|
|t:|1758986476
|move|p2a: Cinderace|U-turn|p1a: Primarina
|-start|p2a: Cinderace|typechange|Bug|[from] ability: Libero
|-damage|p1a: Primarina|36/100
|
|t:|1758986479
|switch|p2a: Hydrapple|Hydrapple, F|40/100|[from] U-turn
|move|p1a: Primarina|Sparkling Aria|p2a: Hydrapple
|-resisted|p2a: Hydrapple
|-damage|p2a: Hydrapple|22/100
|
|upkeep
|turn|26
|
|t:|1758986486
|switch|p1a: Enamorus|Enamorus, F|100/100
|move|p2a: Hydrapple|Leaf Storm|p1a: Enamorus
|-resisted|p1a: Enamorus
|-damage|p1a: Enamorus|51/100
|-unboost|p2a: Hydrapple|spa|2
|
|upkeep
|turn|27
|
|t:|1758986496
|switch|p2a: Slowking|Slowking-Galar, M|61/100
|move|p1a: Enamorus|Earth Power|p2a: Slowking
|-supereffective|p2a: Slowking
|-damage|p2a: Slowking|24/100
|
|-heal|p2a: Slowking|30/100|[from] item: Black Sludge
|upkeep
|turn|28
|
|t:|1758986509
|switch|p2a: Hydrapple|Hydrapple, F|55/100
|move|p1a: Enamorus|Earth Power|p2a: Hydrapple
|-resisted|p2a: Hydrapple
|-damage|p2a: Hydrapple|43/100
|
|upkeep
|turn|29
|
|t:|1758986515
|switch|p2a: Slowking|Slowking-Galar, M|64/100
|move|p1a: Enamorus|Earth Power|p2a: Slowking
|-supereffective|p2a: Slowking
|-damage|p2a: Slowking|26/100
|
|-heal|p2a: Slowking|32/100|[from] item: Black Sludge
|upkeep
|turn|30
|
|t:|1758986520
|switch|p2a: Hydrapple|Hydrapple, F|76/100
|move|p1a: Enamorus|Moonblast|p2a: Hydrapple
|-supereffective|p2a: Hydrapple
|-damage|p2a: Hydrapple|8/100
|
|upkeep
|turn|31
|
|t:|1758986529
|switch|p2a: Darkrai|Darkrai|44/100
|move|p1a: Enamorus|Earth Power|p2a: Darkrai
|-damage|p2a: Darkrai|10/100
|
|-heal|p2a: Darkrai|16/100|[from] item: Leftovers
|upkeep
|turn|32
|
|t:|1758986546
|move|p2a: Darkrai|Ice Beam|p1a: Enamorus
|-supereffective|p1a: Enamorus
|-damage|p1a: Enamorus|0 fnt
|faint|p1a: Enamorus
|
|-heal|p2a: Darkrai|22/100|[from] item: Leftovers
|upkeep
|
|t:|1758986549
|switch|p1a: Primarina|Primarina, F, tera:Water|36/100
|turn|33
|-message|Perola Z forfeited.
|
|win|serial 01216
|raw|Perola Z's rating: 1453 &rarr; <strong>1431</strong><br />(-22 for losing)
|raw|serial 01216's rating: 1424 &rarr; <strong>1446</strong><br />(+22 for winning)
|l|☆Perola Z
|player|p1|
|l|☆serial 01216
|player|p2|
