|j|☆GHANG
|j|☆LikeEmerald
|t:|1759065409
|gametype|singles
|player|p1|GHANG|ghetsis-gen5bw|1142
|player|p2|LikeEmerald|265|1110
|gen|9
|tier|[Gen 9] OU
|rated|
|rule|HP Percentage Mod: HP is shown in percentages
|rule|Endless Battle Clause: Forcing endless battles is banned
|rule|Species Clause: Limit one of each Pokémon
|rule|OHKO Clause: OHKO moves are banned
|rule|Evasion Items Clause: Evasion items are banned
|rule|Evasion Moves Clause: Evasion moves are banned
|rule|Evasion Abilities Clause: Evasion abilities are banned
|rule|Sleep Moves Clause: Sleep-inducing moves are banned
|clearpoke
|poke|p1|Torkoal, F|
|poke|p1|Walking Wake|
|poke|p1|Hatterene, F|
|poke|p1|Great Tusk|
|poke|p1|Corviknight, M|
|poke|p1|Ceruledge, M|
|poke|p2|Deoxys-Speed|
|poke|p2|Pikachu, F|
|poke|p2|Moltres|
|poke|p2|Haunter, F|
|poke|p2|Hydrapple, M|
|poke|p2|Empoleon, F|
|teampreview
|
|t:|1759065423
|teamsize|p1|6
|teamsize|p2|6
|start
|switch|p1a: Torkoal|Torkoal, F|100/100
|switch|p2a: Deoxys|Deoxys-Speed|100/100
|-ability|p2a: Deoxys|Pressure
|-weather|SunnyDay|[from] ability: Drought|[of] p1a: Torkoal
|turn|1
|
|t:|1759065435
|switch|p1a: Corviknight|Corviknight, M|100/100
|-ability|p1a: Corviknight|Pressure
|move|p2a: Deoxys|Stealth Rock|p1a: Corviknight
|-sidestart|p1: GHANG|move: Stealth Rock
|
|-weather|SunnyDay|[upkeep]
|upkeep
|turn|2
|
|t:|1759065453
|switch|p2a: Pikachu|Pikachu, F|100/100
|move|p1a: Corviknight|Iron Defense|p1a: Corviknight
|-boost|p1a: Corviknight|def|2
|
|-weather|SunnyDay|[upkeep]
|upkeep
|turn|3
|
|t:|1759065472
|move|p2a: Pikachu|Volt Tackle|p1a: Corviknight
|-supereffective|p1a: Corviknight
|-damage|p1a: Corviknight|53/100
|-damage|p2a: Pikachu|71/100|[from] Recoil
|move|p1a: Corviknight|Body Press|p2a: Pikachu
|-damage|p2a: Pikachu|0 fnt
|faint|p2a: Pikachu
|
|-weather|SunnyDay|[upkeep]
|upkeep
|
|t:|1759065478
|switch|p2a: Moltres|Moltres|100/100
|turn|4
|
|t:|1759065492
|switch|p1a: Walking Wake|Walking Wake|100/100
|-damage|p1a: Walking Wake|88/100|[from] Stealth Rock
|-activate|p1a: Walking Wake|ability: Protosynthesis
|-start|p1a: Walking Wake|protosynthesisspe
|move|p2a: Moltres|Flamethrower|p1a: Walking Wake
|-resisted|p1a: Walking Wake
|-damage|p1a: Walking Wake|71/100
|
|-weather|SunnyDay|[upkeep]
|upkeep
|turn|5
|
|t:|1759065514
|switch|p2a: Hydrapple|Hydrapple, M|100/100
|move|p1a: Walking Wake|Flamethrower|p2a: Hydrapple
|-damage|p2a: Hydrapple|34/100
|
|-weather|SunnyDay|[upkeep]
|upkeep
|turn|6
|
|t:|1759065522
|move|p2a: Hydrapple|Protect|p2a: Hydrapple
|-singleturn|p2a: Hydrapple|Protect
|move|p1a: Walking Wake|Flamethrower|p2a: Hydrapple
|-activate|p2a: Hydrapple|move: Protect
|
|-weather|SunnyDay|[upkeep]
|upkeep
|turn|7
|
|t:|1759065532
|move|p1a: Walking Wake|Flamethrower|p2a: Hydrapple
|-damage|p2a: Hydrapple|0 fnt
|faint|p2a: Hydrapple
|
|-weather|SunnyDay|[upkeep]
|upkeep
|
|t:|1759065534
|switch|p2a: Deoxys|Deoxys-Speed|100/100
|-ability|p2a: Deoxys|Pressure
|turn|8
|
|t:|1759065545
|-end|p1a: Walking Wake|Protosynthesis|[silent]
|switch|p1a: Corviknight|Corviknight, M|53/100
|-damage|p1a: Corviknight|41/100|[from] Stealth Rock
|-ability|p1a: Corviknight|Pressure
|-terastallize|p2a: Deoxys|Psychic
|move|p2a: Deoxys|Psycho Boost|p1a: Corviknight
|-resisted|p1a: Corviknight
|-damage|p1a: Corviknight|1/100
|-unboost|p2a: Deoxys|spa|2
|
|-weather|none
|upkeep
|turn|9
|
|t:|1759065566
|move|p2a: Deoxys|Psycho Boost|p1a: Corviknight
|-resisted|p1a: Corviknight
|-damage|p1a: Corviknight|0 fnt
|-unboost|p2a: Deoxys|spa|2
|faint|p1a: Corviknight
|
|upkeep
|
|t:|1759065574
|switch|p1a: Torkoal|Torkoal, F|100/100
|-damage|p1a: Torkoal|76/100|[from] Stealth Rock
|-weather|SunnyDay|[from] ability: Drought|[of] p1a: Torkoal
|turn|10
|
|t:|1759065580
|switch|p2a: Moltres|Moltres|100/100
|switch|p1a: Hatterene|Hatterene, F|100/100
|-damage|p1a: Hatterene|88/100|[from] Stealth Rock
|
|-weather|SunnyDay|[upkeep]
|upkeep
|turn|11
|
|t:|1759065598
|switch|p1a: Walking Wake|Walking Wake|71/100
|-damage|p1a: Walking Wake|59/100|[from] Stealth Rock
|-activate|p1a: Walking Wake|ability: Protosynthesis
|-start|p1a: Walking Wake|protosynthesisspe
|move|p2a: Moltres|Air Slash|p1a: Walking Wake
|-damage|p1a: Walking Wake|16/100
|
|-weather|SunnyDay|[upkeep]
|upkeep
|turn|12
|
|t:|1759065615
|switch|p2a: Haunter|Haunter, F|100/100
|move|p1a: Walking Wake|Hydro Steam|p2a: Haunter
|-damage|p2a: Haunter|0 fnt
|faint|p2a: Haunter
|
|-weather|SunnyDay|[upkeep]
|upkeep
|
|t:|1759065618
|switch|p2a: Deoxys|Deoxys-Speed, tera:Psychic|100/100
|-ability|p2a: Deoxys|Pressure
|turn|13
|
|t:|1759065630
|-terastallize|p1a: Walking Wake|Water
|move|p1a: Walking Wake|Hydro Steam|p2a: Deoxys
|-enditem|p2a: Deoxys|Focus Sash
|-damage|p2a: Deoxys|1/100
|move|p2a: Deoxys|Superpower|p1a: Walking Wake
|-crit|p1a: Walking Wake
|-damage|p1a: Walking Wake|0 fnt
|-unboost|p2a: Deoxys|atk|1
|-unboost|p2a: Deoxys|def|1
|faint|p1a: Walking Wake
|-end|p1a: Walking Wake|Protosynthesis|[silent]
|
|-weather|SunnyDay|[upkeep]
|upkeep
|
|t:|1759065647
|switch|p1a: Great Tusk|Great Tusk|100/100
|-damage|p1a: Great Tusk|98/100|[from] Stealth Rock
|-activate|p1a: Great Tusk|ability: Protosynthesis
|-start|p1a: Great Tusk|protosynthesisatk
|turn|14
|
|t:|1759065657
|move|p2a: Deoxys|Psycho Boost|p1a: Great Tusk
|-supereffective|p1a: Great Tusk
|-damage|p1a: Great Tusk|0 fnt
|-unboost|p2a: Deoxys|spa|2
|faint|p1a: Great Tusk
|-end|p1a: Great Tusk|Protosynthesis|[silent]
|
|-weather|SunnyDay|[upkeep]
|upkeep
|
|t:|1759065665
|switch|p1a: Ceruledge|Ceruledge, M|100/100
|-damage|p1a: Ceruledge|76/100|[from] Stealth Rock
|turn|15
|
|t:|1759065676
|switch|p2a: Moltres|Moltres|100/100
|move|p1a: Ceruledge|Swords Dance|p1a: Ceruledge
|-boost|p1a: Ceruledge|atk|2
|
|-weather|SunnyDay|[upkeep]
|upkeep
|turn|16
|
|t:|1759065690
|move|p1a: Ceruledge|Shadow Sneak|p2a: Moltres
|-damage|p2a: Moltres|55/100
|move|p2a: Moltres|Air Slash|p1a: Ceruledge
|-damage|p1a: Ceruledge|33/100
|
|-weather|SunnyDay|[upkeep]
|upkeep
|turn|17
|
|t:|1759065698
|move|p1a: Ceruledge|Shadow Sneak|p2a: Moltres
|-damage|p2a: Moltres|10/100
|move|p2a: Moltres|Scorching Sands|p1a: Ceruledge
|-supereffective|p1a: Ceruledge
|-damage|p1a: Ceruledge|0 fnt
|faint|p1a: Ceruledge
|
|-weather|none
|upkeep
|-message|GHANG forfeited.
|
|win|LikeEmerald
|raw|GHANG's rating: 1164 &rarr; <strong>1135</strong><br />(-29 for losing)
|raw|LikeEmerald's rating: 1110 &rarr; <strong>1139</strong><br />(+29 for winning)
|l|☆GHANG
|player|p1|
|l|☆LikeEmerald
|player|p2|
