|j|☆stevstacks
|j|☆ddhioo
|t:|1758947577
|gametype|singles
|player|p1|stevstacks|1|1561
|player|p2|ddhioo|cynthia-gen4|1501
|gen|9
|tier|[Gen 9] OU
|rated|
|rule|HP Percentage Mod: HP is shown in percentages
|rule|Endless Battle Clause: Forcing endless battles is banned
|rule|Species Clause: Limit one of each Pokémon
|rule|OHKO Clause: OHKO moves are banned
|rule|Evasion Items Clause: Evasion items are banned
|rule|Evasion Moves Clause: Evasion moves are banned
|rule|Evasion Abilities Clause: Evasion abilities are banned
|rule|Sleep Moves Clause: Sleep-inducing moves are banned
|clearpoke
|poke|p1|Corviknight, F|
|poke|p1|Walking Wake|
|poke|p1|Torkoal, M|
|poke|p1|Raging Bolt|
|poke|p1|Great Tusk|
|poke|p1|Darkrai|
|poke|p2|Great Tusk|
|poke|p2|Tornadus-Therian, M|
|poke|p2|Samurott-Hisui, F|
|poke|p2|Heatran, M|
|poke|p2|Pecharunt|
|poke|p2|Latios, M|
|teampreview
|inactive|Battle timer is ON: inactive players will automatically lose when time's up. (requested by stevstacks)
|
|t:|1758947597
|teamsize|p1|6
|teamsize|p2|6
|start
|switch|p1a: Torkoal|Torkoal, M|100/100
|switch|p2a: Tornadus|Tornadus-Therian, M|100/100
|-weather|SunnyDay|[from] ability: Drought|[of] p1a: Torkoal
|turn|1
|
|t:|1758947602
|switch|p1a: Corviknight|Corviknight, F|100/100
|-ability|p1a: Corviknight|Pressure
|move|p2a: Tornadus|Nasty Plot|p2a: Tornadus
|-boost|p2a: Tornadus|spa|2
|
|-weather|SunnyDay|[upkeep]
|upkeep
|turn|2
|
|t:|1758947604
|switch|p1a: Walking Wake|Walking Wake|100/100
|-activate|p1a: Walking Wake|ability: Protosynthesis
|-start|p1a: Walking Wake|protosynthesisspe
|move|p2a: Tornadus|Heat Wave|p1a: Walking Wake
|-resisted|p1a: Walking Wake
|-damage|p1a: Walking Wake|65/100
|-damage|p2a: Tornadus|91/100|[from] item: Life Orb
|
|-weather|SunnyDay|[upkeep]
|upkeep
|turn|3
|
|t:|1758947613
|switch|p2a: Samurott|Samurott-Hisui, F|100/100
|move|p1a: Walking Wake|Hydro Steam|p2a: Samurott
|-resisted|p2a: Samurott
|-damage|p2a: Samurott|62/100
|
|-weather|SunnyDay|[upkeep]
|upkeep
|turn|4
|
|t:|1758947616
|move|p1a: Walking Wake|Hydro Steam|p2a: Samurott
|-resisted|p2a: Samurott
|-crit|p2a: Samurott
|-damage|p2a: Samurott|8/100
|move|p2a: Samurott|Ceaseless Edge|p1a: Walking Wake
|-damage|p1a: Walking Wake|19/100
|-sidestart|p1: stevstacks|Spikes
|
|-weather|SunnyDay|[upkeep]
|upkeep
|turn|5
|
|t:|1758947622
|-end|p1a: Walking Wake|Protosynthesis|[silent]
|switch|p1a: Great Tusk|Great Tusk|100/100
|-activate|p1a: Great Tusk|ability: Protosynthesis
|-start|p1a: Great Tusk|protosynthesisatk
|move|p2a: Samurott|Sucker Punch||[still]
|-fail|p2a: Samurott
|
|-weather|SunnyDay|[upkeep]
|upkeep
|turn|6
|
|t:|1758947625
|switch|p2a: Pecharunt|Pecharunt|100/100
|move|p1a: Great Tusk|Ice Spinner|p2a: Pecharunt
|-damage|p2a: Pecharunt|83/100
|-damage|p1a: Great Tusk|84/100|[from] item: Rocky Helmet|[of] p2a: Pecharunt
|
|-weather|SunnyDay|[upkeep]
|upkeep
|turn|7
|
|t:|1758947636
|switch|p2a: Tornadus|Tornadus-Therian, M|100/100
|move|p1a: Great Tusk|Ice Spinner|p2a: Tornadus
|-supereffective|p2a: Tornadus
|-damage|p2a: Tornadus|7/100
|
|-weather|SunnyDay|[upkeep]
|upkeep
|turn|8
|
|t:|1758947650
|switch|p2a: Heatran|Heatran, M|100/100
|move|p1a: Great Tusk|Headlong Rush|p2a: Heatran
|-supereffective|p2a: Heatran
|-damage|p2a: Heatran|0 fnt
|-unboost|p1a: Great Tusk|def|1
|-unboost|p1a: Great Tusk|spd|1
|faint|p2a: Heatran
|
|-weather|none
|-end|p1a: Great Tusk|Protosynthesis
|upkeep
|
|t:|1758947654
|switch|p2a: Tornadus|Tornadus-Therian, M|40/100
|turn|9
|
|t:|1758947661
|-end|p1a: Great Tusk|Protosynthesis|[silent]
|switch|p1a: Corviknight|Corviknight, F|100/100
|-ability|p1a: Corviknight|Pressure
|move|p2a: Tornadus|Bleakwind Storm|p1a: Corviknight
|-resisted|p1a: Corviknight
|-damage|p1a: Corviknight|79/100
|-unboost|p1a: Corviknight|spe|1
|-damage|p2a: Tornadus|30/100|[from] item: Life Orb
|
|-heal|p1a: Corviknight|85/100|[from] item: Leftovers
|upkeep
|turn|10
|
|t:|1758947672
|move|p2a: Tornadus|Nasty Plot|p2a: Tornadus
|-boost|p2a: Tornadus|spa|2
|move|p1a: Corviknight|Brave Bird|p2a: Tornadus
|-damage|p2a: Tornadus|0 fnt
|faint|p2a: Tornadus
|-damage|p1a: Corviknight|78/100|[from] Recoil
|
|-heal|p1a: Corviknight|84/100|[from] item: Leftovers
|upkeep
|
|t:|1758947678
|switch|p2a: Latios|Latios, M|100/100
|turn|11
|
|t:|1758947686
|move|p2a: Latios|Calm Mind|p2a: Latios
|-boost|p2a: Latios|spa|1
|-boost|p2a: Latios|spd|1
|move|p1a: Corviknight|Defog|p2a: Latios
|-unboost|p2a: Latios|evasion|1
|-sideend|p1: stevstacks|Spikes|[from] move: Defog|[of] p1a: Corviknight
|
|-heal|p1a: Corviknight|90/100|[from] item: Leftovers
|upkeep
|turn|12
|
|t:|1758947697
|move|p2a: Latios|Calm Mind|p2a: Latios
|-boost|p2a: Latios|spa|1
|-boost|p2a: Latios|spd|1
|move|p1a: Corviknight|Brave Bird|p2a: Latios
|-damage|p2a: Latios|50/100
|-damage|p1a: Corviknight|78/100|[from] Recoil
|
|-heal|p1a: Corviknight|84/100|[from] item: Leftovers
|upkeep
|turn|13
|
|t:|1758947703
|-terastallize|p2a: Latios|Electric
|move|p2a: Latios|Recover|p2a: Latios
|-heal|p2a: Latios|100/100
|move|p1a: Corviknight|Brave Bird|p2a: Latios
|-resisted|p2a: Latios
|-crit|p2a: Latios
|-damage|p2a: Latios|63/100
|-damage|p1a: Corviknight|75/100|[from] Recoil
|
|-heal|p1a: Corviknight|81/100|[from] item: Leftovers
|upkeep
|turn|14
|
|t:|1758947709
|move|p2a: Latios|Calm Mind|p2a: Latios
|-boost|p2a: Latios|spa|1
|-boost|p2a: Latios|spd|1
|move|p1a: Corviknight|U-turn|p2a: Latios
|-damage|p2a: Latios|44/100
|
|t:|1758947720
|switch|p1a: Darkrai|Darkrai|100/100|[from] U-turn
|
|upkeep
|turn|15
|
|t:|1758947724
|move|p1a: Darkrai|Nasty Plot|p1a: Darkrai
|-boost|p1a: Darkrai|spa|2
|move|p2a: Latios|Recover|p2a: Latios
|-heal|p2a: Latios|94/100
|
|upkeep
|turn|16
|
|t:|1758947732
|move|p1a: Darkrai|Psyshock|p2a: Latios
|-damage|p2a: Latios|10/100
|move|p2a: Latios|Thunderbolt|p1a: Darkrai
|-enditem|p1a: Darkrai|Focus Sash
|-damage|p1a: Darkrai|1/100
|
|upkeep
|turn|17
|-message|ddhioo forfeited.
|
|win|stevstacks
|raw|stevstacks's rating: 1561 &rarr; <strong>1578</strong><br />(+17 for winning)
|raw|ddhioo's rating: 1501 &rarr; <strong>1484</strong><br />(-17 for losing)
|l|☆ddhioo
|player|p2|
|l|☆stevstacks
|player|p1|
