|j|☆Pasdejambon31
|j|☆burnt_out_guy
|t:|1759054754
|gametype|singles
|player|p1|Pasdejambon31|blaine|1206
|player|p2|burnt_out_guy|cheren-gen5bw2|1204
|gen|9
|tier|[Gen 9] OU
|rated|
|rule|HP Percentage Mod: HP is shown in percentages
|rule|Endless Battle Clause: Forcing endless battles is banned
|rule|Species Clause: Limit one of each Pokémon
|rule|OHKO Clause: OHKO moves are banned
|rule|Evasion Items Clause: Evasion items are banned
|rule|Evasion Moves Clause: Evasion moves are banned
|rule|Evasion Abilities Clause: Evasion abilities are banned
|rule|Sleep Moves Clause: Sleep-inducing moves are banned
|clearpoke
|poke|p1|Dragonite, M|
|poke|p1|Clefable, M|
|poke|p1|Vileplume, F|
|poke|p1|Moltres|
|poke|p1|Tentacruel, M|
|poke|p1|Zapdos|
|poke|p2|Great Tusk|
|poke|p2|Kingambit, F|
|poke|p2|Raging Bolt|
|poke|p2|Walking Wake|
|poke|p2|Ninetales, M|
|poke|p2|Zapdos|
|teampreview
|
|t:|1759054764
|teamsize|p1|6
|teamsize|p2|6
|start
|switch|p1a: Clefable|Clefable, M|100/100
|switch|p2a: Zapdos|Zapdos|100/100
|turn|1
|
|t:|1759054771
|move|p2a: Zapdos|Thunderbolt|p1a: Clefable
|-damage|p1a: Clefable|32/100
|move|p1a: Clefable|Stealth Rock|p2a: Zapdos
|-sidestart|p2: burnt_out_guy|move: Stealth Rock
|
|-heal|p1a: Clefable|38/100|[from] item: Leftovers
|upkeep
|turn|2
|
|t:|1759054786
|switch|p1a: Vileplume|Vileplume, F|100/100
|move|p2a: Zapdos|Thunderbolt|p1a: Vileplume
|-resisted|p1a: Vileplume
|-damage|p1a: Vileplume|62/100
|
|upkeep
|turn|3
|
|t:|1759054796
|switch|p2a: Ninetales|Ninetales, M|100/100
|-damage|p2a: Ninetales|76/100|[from] Stealth Rock
|-weather|SunnyDay|[from] ability: Drought|[of] p2a: Ninetales
|move|p1a: Vileplume|Strength Sap|p2a: Ninetales
|-unboost|p2a: Ninetales|atk|1
|-heal|p1a: Vileplume|100/100
|
|-weather|SunnyDay|[upkeep]
|upkeep
|turn|4
|
|t:|1759054806
|switch|p1a: Tentacruel|Tentacruel, M|100/100
|move|p2a: Ninetales|Overheat|p1a: Tentacruel
|-resisted|p1a: Tentacruel
|-damage|p1a: Tentacruel|71/100
|-unboost|p2a: Ninetales|spa|2
|
|-weather|SunnyDay|[upkeep]
|-heal|p1a: Tentacruel|77/100|[from] item: Leftovers
|upkeep
|turn|5
|
|t:|1759054815
|move|p2a: Ninetales|Scorching Sands|p1a: Tentacruel
|-supereffective|p1a: Tentacruel
|-damage|p1a: Tentacruel|61/100
|move|p1a: Tentacruel|Knock Off|p2a: Ninetales
|-damage|p2a: Ninetales|49/100
|-enditem|p2a: Ninetales|Heat Rock|[from] move: Knock Off|[of] p1a: Tentacruel
|
|-weather|SunnyDay|[upkeep]
|-heal|p1a: Tentacruel|68/100|[from] item: Leftovers
|upkeep
|turn|6
|
|t:|1759054825
|move|p2a: Ninetales|Scorching Sands|p1a: Tentacruel
|-supereffective|p1a: Tentacruel
|-damage|p1a: Tentacruel|53/100
|move|p1a: Tentacruel|Knock Off|p2a: Ninetales
|-damage|p2a: Ninetales|32/100
|
|-weather|SunnyDay|[upkeep]
|-heal|p1a: Tentacruel|59/100|[from] item: Leftovers
|upkeep
|turn|7
|
|t:|1759054835
|switch|p2a: Zapdos|Zapdos|100/100
|-damage|p2a: Zapdos|76/100|[from] Stealth Rock
|move|p1a: Tentacruel|Knock Off|p2a: Zapdos
|-damage|p2a: Zapdos|55/100
|-enditem|p2a: Zapdos|Choice Specs|[from] move: Knock Off|[of] p1a: Tentacruel
|
|-weather|SunnyDay|[upkeep]
|-heal|p1a: Tentacruel|65/100|[from] item: Leftovers
|upkeep
|turn|8
|
|t:|1759054845
|switch|p1a: Vileplume|Vileplume, F|100/100
|move|p2a: Zapdos|Volt Switch|p1a: Vileplume
|-resisted|p1a: Vileplume
|-damage|p1a: Vileplume|83/100
|
|t:|1759054850
|switch|p2a: Walking Wake|Walking Wake|100/100|[from] Volt Switch
|-damage|p2a: Walking Wake|88/100|[from] Stealth Rock
|-activate|p2a: Walking Wake|ability: Protosynthesis
|-start|p2a: Walking Wake|protosynthesisspe
|
|-weather|SunnyDay|[upkeep]
|upkeep
|turn|9
|
|t:|1759054877
|move|p2a: Walking Wake|Weather Ball|p1a: Vileplume
|-supereffective|p1a: Vileplume
|-damage|p1a: Vileplume|0 fnt
|faint|p1a: Vileplume
|
|-weather|SunnyDay|[upkeep]
|upkeep
|
|t:|1759054886
|switch|p1a: Zapdos|Zapdos|100/100
|turn|10
|
|t:|1759054893
|move|p2a: Walking Wake|Hydro Steam|p1a: Zapdos
|-damage|p1a: Zapdos|41/100
|move|p1a: Zapdos|Thunder Wave|p2a: Walking Wake
|-status|p2a: Walking Wake|par
|
|-weather|none
|-end|p2a: Walking Wake|Protosynthesis
|upkeep
|turn|11
|
|t:|1759054902
|move|p1a: Zapdos|Roost|p1a: Zapdos
|-heal|p1a: Zapdos|91/100
|-singleturn|p1a: Zapdos|move: Roost
|move|p2a: Walking Wake|Hydro Steam|p1a: Zapdos
|-damage|p1a: Zapdos|47/100
|
|upkeep
|turn|12
|
|t:|1759054910
|move|p1a: Zapdos|Roost|p1a: Zapdos
|-heal|p1a: Zapdos|97/100
|-singleturn|p1a: Zapdos|move: Roost
|move|p2a: Walking Wake|Hydro Steam|p1a: Zapdos
|-damage|p1a: Zapdos|55/100
|
|upkeep
|turn|13
|
|t:|1759054919
|-end|p2a: Walking Wake|Protosynthesis|[silent]
|switch|p2a: Great Tusk|Great Tusk|100/100
|-damage|p2a: Great Tusk|98/100|[from] Stealth Rock
|move|p1a: Zapdos|Roost|p1a: Zapdos
|-heal|p1a: Zapdos|100/100
|-singleturn|p1a: Zapdos|move: Roost
|
|upkeep
|turn|14
|
|t:|1759054927
|move|p2a: Great Tusk|Ice Spinner|p1a: Zapdos
|-supereffective|p1a: Zapdos
|-damage|p1a: Zapdos|52/100
|move|p1a: Zapdos|Hurricane|p2a: Great Tusk
|-supereffective|p2a: Great Tusk
|-damage|p2a: Great Tusk|20/100
|
|upkeep
|turn|15
|
|t:|1759054942
|switch|p1a: Moltres|Moltres|100/100
|move|p2a: Great Tusk|Ice Spinner|p1a: Moltres
|-damage|p1a: Moltres|69/100
|-status|p2a: Great Tusk|brn|[from] ability: Flame Body|[of] p1a: Moltres
|
|-damage|p2a: Great Tusk|14/100 brn|[from] brn
|upkeep
|turn|16
|
|t:|1759054957
|move|p2a: Great Tusk|Ice Spinner|p1a: Moltres
|-damage|p1a: Moltres|53/100
|move|p1a: Moltres|U-turn|p2a: Great Tusk
|-resisted|p2a: Great Tusk
|-damage|p2a: Great Tusk|9/100 brn
|
|t:|1759054969
|switch|p1a: Tentacruel|Tentacruel, M|65/100|[from] U-turn
|
|-heal|p1a: Tentacruel|71/100|[from] item: Leftovers
|-damage|p2a: Great Tusk|3/100 brn|[from] brn
|upkeep
|turn|17
|
|t:|1759054979
|move|p1a: Tentacruel|Toxic Spikes|p2a: Great Tusk
|-sidestart|p2: burnt_out_guy|move: Toxic Spikes
|move|p2a: Great Tusk|Headlong Rush|p1a: Tentacruel
|-supereffective|p1a: Tentacruel
|-damage|p1a: Tentacruel|0 fnt
|-unboost|p2a: Great Tusk|def|1
|-unboost|p2a: Great Tusk|spd|1
|faint|p1a: Tentacruel
|
|-damage|p2a: Great Tusk|0 fnt|[from] brn
|faint|p2a: Great Tusk
|-end|p2a: Great Tusk|Protosynthesis|[silent]
|upkeep
|
|t:|1759054994
|switch|p1a: Dragonite|Dragonite, M|100/100
|switch|p2a: Ninetales|Ninetales, M|32/100
|-damage|p2a: Ninetales|8/100|[from] Stealth Rock
|-status|p2a: Ninetales|psn
|-weather|SunnyDay|[from] ability: Drought|[of] p2a: Ninetales
|turn|18
|
|t:|1759055008
|move|p2a: Ninetales|Healing Wish|p2a: Ninetales
|faint|p2a: Ninetales
|move|p1a: Dragonite|Dragon Dance|p1a: Dragonite
|-boost|p1a: Dragonite|atk|1
|-boost|p1a: Dragonite|spe|1
|
|-weather|SunnyDay|[upkeep]
|upkeep
|
|t:|1759055015
|switch|p2a: Walking Wake|Walking Wake|88/100 par
|-heal|p2a: Walking Wake|100/100|[from] move: Healing Wish
|-damage|p2a: Walking Wake|88/100|[from] Stealth Rock
|-status|p2a: Walking Wake|psn
|-activate|p2a: Walking Wake|ability: Protosynthesis
|-start|p2a: Walking Wake|protosynthesisspe
|turn|19
|
|t:|1759055028
|-terastallize|p1a: Dragonite|Normal
|move|p2a: Walking Wake|Draco Meteor|p1a: Dragonite
|-damage|p1a: Dragonite|64/100
|-unboost|p2a: Walking Wake|spa|2
|move|p1a: Dragonite|Dragon Dance|p1a: Dragonite
|-boost|p1a: Dragonite|atk|1
|-boost|p1a: Dragonite|spe|1
|
|-weather|SunnyDay|[upkeep]
|-damage|p2a: Walking Wake|76/100 psn|[from] psn
|upkeep
|turn|20
|
|t:|1759055042
|-end|p2a: Walking Wake|Protosynthesis|[silent]
|switch|p2a: Zapdos|Zapdos|55/100
|-damage|p2a: Zapdos|30/100|[from] Stealth Rock
|move|p1a: Dragonite|Dragon Dance|p1a: Dragonite
|-boost|p1a: Dragonite|atk|1
|-boost|p1a: Dragonite|spe|1
|
|-weather|SunnyDay|[upkeep]
|upkeep
|turn|21
|
|t:|1759055050
|move|p1a: Dragonite|Extreme Speed|p2a: Zapdos
|-damage|p2a: Zapdos|0 fnt
|-status|p1a: Dragonite|par|[from] ability: Static|[of] p2a: Zapdos
|faint|p2a: Zapdos
|
|-weather|SunnyDay|[upkeep]
|upkeep
|
|t:|1759055058
|switch|p2a: Walking Wake|Walking Wake|76/100 psn
|-damage|p2a: Walking Wake|63/100 psn|[from] Stealth Rock
|-activate|p2a: Walking Wake|ability: Protosynthesis
|-start|p2a: Walking Wake|protosynthesisspe
|turn|22
|
|t:|1759055066
|move|p1a: Dragonite|Extreme Speed|p2a: Walking Wake
|-damage|p2a: Walking Wake|0 fnt
|faint|p2a: Walking Wake
|-end|p2a: Walking Wake|Protosynthesis|[silent]
|
|-weather|none
|upkeep
|
|t:|1759055071
|switch|p2a: Kingambit|Kingambit, F|100/100
|-damage|p2a: Kingambit|94/100|[from] Stealth Rock
|-activate|p2a: Kingambit|ability: Supreme Overlord
|-start|p2a: Kingambit|fallen4|[silent]
|-item|p2a: Kingambit|Air Balloon
|turn|23
|
|t:|1759055080
|move|p1a: Dragonite|Earthquake|p2a: Kingambit
|-immune|p2a: Kingambit
|move|p2a: Kingambit|Swords Dance|p2a: Kingambit
|-boost|p2a: Kingambit|atk|2
|
|upkeep
|turn|24
|
|t:|1759055087
|switch|p1a: Moltres|Moltres|53/100
|move|p2a: Kingambit|Swords Dance|p2a: Kingambit
|-boost|p2a: Kingambit|atk|2
|
|upkeep
|turn|25
|
|t:|1759055093
|move|p2a: Kingambit|Sucker Punch||[still]
|-fail|p2a: Kingambit
|move|p1a: Moltres|Roost|p1a: Moltres
|-heal|p1a: Moltres|100/100
|-singleturn|p1a: Moltres|move: Roost
|
|upkeep
|turn|26
|
|t:|1759055100
|switch|p1a: Clefable|Clefable, M|38/100
|-terastallize|p2a: Kingambit|Ghost
|move|p2a: Kingambit|Swords Dance|p2a: Kingambit
|-boost|p2a: Kingambit|atk|2
|
|-heal|p1a: Clefable|44/100|[from] item: Leftovers
|upkeep
|turn|27
|
|t:|1759055109
|move|p2a: Kingambit|Sucker Punch||[still]
|-fail|p2a: Kingambit
|move|p1a: Clefable|Moonlight|p1a: Clefable
|-heal|p1a: Clefable|94/100
|
|-heal|p1a: Clefable|99/100|[from] item: Leftovers
|upkeep
|turn|28
|
|t:|1759055120
|move|p2a: Kingambit|Kowtow Cleave|p1a: Clefable
|-resisted|p1a: Clefable
|-damage|p1a: Clefable|72/100
|move|p1a: Clefable|Calm Mind|p1a: Clefable
|-boost|p1a: Clefable|spa|1
|-boost|p1a: Clefable|spd|1
|
|-heal|p1a: Clefable|78/100|[from] item: Leftovers
|upkeep
|turn|29
|
|t:|1759055129
|move|p2a: Kingambit|Kowtow Cleave|p1a: Clefable
|-resisted|p1a: Clefable
|-damage|p1a: Clefable|52/100
|move|p1a: Clefable|Moonlight|p1a: Clefable
|-heal|p1a: Clefable|100/100
|
|upkeep
|turn|30
|
|t:|1759055135
|move|p2a: Kingambit|Kowtow Cleave|p1a: Clefable
|-resisted|p1a: Clefable
|-damage|p1a: Clefable|75/100
|move|p1a: Clefable|Moonblast|p2a: Kingambit
|-damage|p2a: Kingambit|44/100
|-unboost|p2a: Kingambit|spa|1
|-enditem|p2a: Kingambit|Air Balloon
|
|-heal|p1a: Clefable|81/100|[from] item: Leftovers
|upkeep
|turn|31
|
|t:|1759055151
|-end|p2a: Kingambit|fallen4|[silent]
|switch|p2a: Raging Bolt|Raging Bolt|100/100
|-damage|p2a: Raging Bolt|88/100|[from] Stealth Rock
|-status|p2a: Raging Bolt|psn
|move|p1a: Clefable|Calm Mind|p1a: Clefable
|-boost|p1a: Clefable|spa|1
|-boost|p1a: Clefable|spd|1
|
|-heal|p1a: Clefable|87/100|[from] item: Leftovers
|-damage|p2a: Raging Bolt|76/100 psn|[from] psn
|upkeep
|turn|32
|-message|burnt_out_guy forfeited.
|
|win|Pasdejambon31
|raw|Pasdejambon31's rating: 1206 &rarr; <strong>1231</strong><br />(+25 for winning)
|raw|burnt_out_guy's rating: 1204 &rarr; <strong>1179</strong><br />(-25 for losing)
|l|☆burnt_out_guy
|player|p2|
|l|☆Pasdejambon31
|player|p1|
