|j|☆TJ13_SSB
|j|☆LoCoGuyXD
|t:|1759005294
|gametype|singles
|player|p1|TJ13_SSB|101|1168
|player|p2|LoCoGuyXD|backpacker|1205
|gen|9
|tier|[Gen 9] OU
|rated|
|rule|HP Percentage Mod: HP is shown in percentages
|rule|Endless Battle Clause: Forcing endless battles is banned
|rule|Species Clause: Limit one of each Pokémon
|rule|OHKO Clause: OHKO moves are banned
|rule|Evasion Items Clause: Evasion items are banned
|rule|Evasion Moves Clause: Evasion moves are banned
|rule|Evasion Abilities Clause: Evasion abilities are banned
|rule|Sleep Moves Clause: Sleep-inducing moves are banned
|clearpoke
|poke|p1|Great Tusk|
|poke|p1|Landorus-Therian, M|
|poke|p1|Heatran, M|
|poke|p1|Darkrai|
|poke|p1|Ogerpon-Wellspring, F|
|poke|p1|Weezing-Galar, M|
|poke|p2|Typhlosion, M|
|poke|p2|Lilligant-Hisui, F|
|poke|p2|Indeedee, M|
|poke|p2|Torkoal, M|
|poke|p2|Corviknight, M|
|poke|p2|Walking Wake|
|teampreview
|inactive|Battle timer is ON: inactive players will automatically lose when time's up. (requested by LoCoGuyXD)
|
|t:|1759005311
|teamsize|p1|6
|teamsize|p2|6
|start
|switch|p1a: Landorus|Landorus-Therian, M|100/100
|switch|p2a: Lilligant|Lilligant-Hisui, F|100/100
|-ability|p1a: Landorus|Intimidate|boost
|-unboost|p2a: Lilligant|atk|1
|turn|1
|
|t:|1759005340
|move|p2a: Lilligant|Triple Axel|p1a: Landorus
|-supereffective|p1a: Landorus
|-damage|p1a: Landorus|73/100
|-damage|p2a: Lilligant|84/100|[from] item: Rocky Helmet|[of] p1a: Landorus
|-supereffective|p1a: Landorus
|-damage|p1a: Landorus|22/100
|-damage|p2a: Lilligant|68/100|[from] item: Rocky Helmet|[of] p1a: Landorus
|-hitcount|p1a: Landorus|2
|-damage|p2a: Lilligant|58/100|[from] item: Life Orb
|move|p1a: Landorus|Stealth Rock|p2a: Lilligant
|-sidestart|p2: LoCoGuyXD|move: Stealth Rock
|
|upkeep
|turn|2
|inactive|TJ13_SSB has 120 seconds left.
|
|t:|1759005356
|switch|p1a: Weezing|Weezing-Galar, M|100/100
|move|p2a: Lilligant|Triple Axel|p1a: Weezing
|-crit|p1a: Weezing
|-damage|p1a: Weezing|91/100
|-damage|p1a: Weezing|84/100
|-damage|p1a: Weezing|73/100
|-hitcount|p1a: Weezing|3
|-damage|p2a: Lilligant|48/100|[from] item: Life Orb
|
|-heal|p1a: Weezing|79/100|[from] item: Black Sludge
|upkeep
|turn|3
|inactive|TJ13_SSB has 120 seconds left.
|
|t:|1759005373
|switch|p2a: Corviknight|Corviknight, M|100/100
|-damage|p2a: Corviknight|88/100|[from] Stealth Rock
|move|p1a: Weezing|Will-O-Wisp|p2a: Corviknight|[miss]
|-miss|p1a: Weezing|p2a: Corviknight
|
|-heal|p1a: Weezing|85/100|[from] item: Black Sludge
|upkeep
|turn|4
|inactive|TJ13_SSB has 120 seconds left.
|
|t:|1759005389
|move|p2a: Corviknight|Defog|p1a: Weezing
|-unboost|p1a: Weezing|evasion|1
|-sideend|p2: LoCoGuyXD|Stealth Rock|[from] move: Defog|[of] p2a: Corviknight
|move|p1a: Weezing|Will-O-Wisp|p2a: Corviknight
|-status|p2a: Corviknight|brn
|
|-heal|p1a: Weezing|91/100|[from] item: Black Sludge
|-damage|p2a: Corviknight|82/100 brn|[from] brn
|upkeep
|turn|5
|
|t:|1759005407
|switch|p1a: Great Tusk|Great Tusk|100/100
|move|p2a: Corviknight|U-turn|p1a: Great Tusk
|-resisted|p1a: Great Tusk
|-damage|p1a: Great Tusk|98/100
|
|t:|1759005420
|switch|p2a: Walking Wake|Walking Wake|100/100|[from] U-turn
|
|-heal|p1a: Great Tusk|100/100|[from] item: Leftovers
|upkeep
|turn|6
|
|t:|1759005436
|-end|p1a: Great Tusk|Protosynthesis|[silent]
|switch|p1a: Weezing|Weezing-Galar, M|91/100
|move|p2a: Walking Wake|Hydro Steam|p1a: Weezing
|-damage|p1a: Weezing|4/100
|
|-heal|p1a: Weezing|10/100|[from] item: Black Sludge
|upkeep
|turn|7
|
|t:|1759005444
|switch|p1a: Ogerpon|Ogerpon-Wellspring, F|100/100
|move|p2a: Walking Wake|Hydro Steam|p1a: Ogerpon
|-immune|p1a: Ogerpon|[from] ability: Water Absorb
|
|upkeep
|turn|8
|
|t:|1759005463
|-end|p2a: Walking Wake|Protosynthesis|[silent]
|switch|p2a: Torkoal|Torkoal, M|100/100
|-weather|SunnyDay|[from] ability: Drought|[of] p2a: Torkoal
|move|p1a: Ogerpon|Trailblaze|p2a: Torkoal
|-resisted|p2a: Torkoal
|-damage|p2a: Torkoal|92/100
|-boost|p1a: Ogerpon|spe|1
|
|-weather|SunnyDay|[upkeep]
|upkeep
|turn|9
|
|t:|1759005476
|move|p1a: Ogerpon|Protect|p1a: Ogerpon
|-singleturn|p1a: Ogerpon|Protect
|move|p2a: Torkoal|Will-O-Wisp|p1a: Ogerpon
|-activate|p1a: Ogerpon|move: Protect
|
|-weather|SunnyDay|[upkeep]
|upkeep
|turn|10
|
|t:|1759005485
|switch|p1a: Heatran|Heatran, M|100/100
|move|p2a: Torkoal|Stealth Rock|p1a: Heatran
|-sidestart|p1: TJ13_SSB|move: Stealth Rock
|
|-weather|SunnyDay|[upkeep]
|upkeep
|turn|11
|
|t:|1759005495
|switch|p2a: Walking Wake|Walking Wake|100/100
|-activate|p2a: Walking Wake|ability: Protosynthesis
|-start|p2a: Walking Wake|protosynthesisspe
|move|p1a: Heatran|Earth Power|p2a: Walking Wake
|-damage|p2a: Walking Wake|62/100
|
|-weather|SunnyDay|[upkeep]
|upkeep
|turn|12
|inactive|TJ13_SSB has 120 seconds left.
|
|t:|1759005524
|switch|p1a: Landorus|Landorus-Therian, M|22/100
|-damage|p1a: Landorus|10/100|[from] Stealth Rock
|-ability|p1a: Landorus|Intimidate|boost
|-unboost|p2a: Walking Wake|atk|1
|move|p2a: Walking Wake|Draco Meteor|p1a: Landorus
|-damage|p1a: Landorus|0 fnt
|-unboost|p2a: Walking Wake|spa|2
|faint|p1a: Landorus
|
|-weather|SunnyDay|[upkeep]
|upkeep
|inactive|TJ13_SSB has 90 seconds left.
|
|t:|1759005546
|switch|p1a: Ogerpon|Ogerpon-Wellspring, F|100/100
|-damage|p1a: Ogerpon|88/100|[from] Stealth Rock
|turn|13
|inactive|TJ13_SSB has 90 seconds left.
|
|t:|1759005551
|move|p2a: Walking Wake|Draco Meteor|p1a: Ogerpon
|-damage|p1a: Ogerpon|32/100
|-unboost|p2a: Walking Wake|spa|2
|move|p1a: Ogerpon|Horn Leech|p2a: Walking Wake
|-damage|p2a: Walking Wake|11/100
|-heal|p1a: Ogerpon|61/100|[from] drain|[of] p2a: Walking Wake
|
|-weather|SunnyDay|[upkeep]
|upkeep
|turn|14
|inactive|TJ13_SSB has 90 seconds left.
|
|t:|1759005563
|-end|p2a: Walking Wake|Protosynthesis|[silent]
|switch|p2a: Lilligant|Lilligant-Hisui, F|48/100
|move|p1a: Ogerpon|Trailblaze|p2a: Lilligant
|-resisted|p2a: Lilligant
|-damage|p2a: Lilligant|26/100
|-boost|p1a: Ogerpon|spe|1
|
|-weather|SunnyDay|[upkeep]
|upkeep
|turn|15
|inactive|TJ13_SSB has 90 seconds left.
|
|t:|1759005586
|switch|p1a: Heatran|Heatran, M|100/100
|-damage|p1a: Heatran|88/100|[from] Stealth Rock
|move|p2a: Lilligant|Solar Blade||[still]
|-prepare|p2a: Lilligant|Solar Blade
|-anim|p2a: Lilligant|Solar Blade|p1a: Heatran
|-resisted|p1a: Heatran
|-damage|p1a: Heatran|71/100
|-damage|p2a: Lilligant|16/100|[from] item: Life Orb
|
|-weather|none
|upkeep
|turn|16
|
|t:|1759005601
|switch|p2a: Torkoal|Torkoal, M|92/100
|-weather|SunnyDay|[from] ability: Drought|[of] p2a: Torkoal
|switch|p1a: Great Tusk|Great Tusk|100/100
|-damage|p1a: Great Tusk|98/100|[from] Stealth Rock
|-activate|p1a: Great Tusk|ability: Protosynthesis
|-start|p1a: Great Tusk|protosynthesisatk
|
|-weather|SunnyDay|[upkeep]
|-heal|p1a: Great Tusk|100/100|[from] item: Leftovers
|upkeep
|turn|17
|
|t:|1759005619
|switch|p2a: Corviknight|Corviknight, M|82/100 brn
|move|p1a: Great Tusk|Rapid Spin|p2a: Corviknight
|-resisted|p2a: Corviknight
|-damage|p2a: Corviknight|75/100 brn
|-boost|p1a: Great Tusk|spe|1
|-damage|p1a: Great Tusk|84/100|[from] item: Rocky Helmet|[of] p2a: Corviknight
|-sideend|p1: TJ13_SSB|Stealth Rock|[from] move: Rapid Spin|[of] p1a: Great Tusk
|
|-weather|SunnyDay|[upkeep]
|-heal|p1a: Great Tusk|90/100|[from] item: Leftovers
|-damage|p2a: Corviknight|69/100 brn|[from] brn
|upkeep
|turn|18
|
|t:|1759005631
|move|p1a: Great Tusk|Knock Off|p2a: Corviknight
|-damage|p2a: Corviknight|43/100 brn
|-damage|p1a: Great Tusk|74/100|[from] item: Rocky Helmet|[of] p2a: Corviknight
|-enditem|p2a: Corviknight|Rocky Helmet|[from] move: Knock Off|[of] p1a: Great Tusk
|move|p2a: Corviknight|U-turn|p1a: Great Tusk
|-resisted|p1a: Great Tusk
|-damage|p1a: Great Tusk|71/100
|
|t:|1759005646
|switch|p2a: Lilligant|Lilligant-Hisui, F|16/100|[from] U-turn
|
|-weather|SunnyDay|[upkeep]
|-heal|p1a: Great Tusk|77/100|[from] item: Leftovers
|upkeep
|turn|19
|
|t:|1759005674
|-end|p1a: Great Tusk|Protosynthesis|[silent]
|switch|p1a: Weezing|Weezing-Galar, M|10/100
|move|p2a: Lilligant|Axe Kick|p1a: Weezing
|-resisted|p1a: Weezing
|-damage|p1a: Weezing|0 fnt
|faint|p1a: Weezing
|-damage|p2a: Lilligant|6/100|[from] item: Life Orb
|
|-weather|SunnyDay|[upkeep]
|upkeep
|inactive|TJ13_SSB has 60 seconds left.
|
|t:|1759005708
|switch|p1a: Darkrai|Darkrai|100/100
|turn|20
|
|t:|1759005717
|-terastallize|p1a: Darkrai|Ghost
|move|p2a: Lilligant|Axe Kick|p1a: Darkrai
|-immune|p1a: Darkrai
|-damage|p2a: Lilligant|0 fnt|[from] highjumpkick
|faint|p2a: Lilligant
|move|p1a: Darkrai|Nasty Plot|p1a: Darkrai
|-boost|p1a: Darkrai|spa|2
|
|-weather|SunnyDay|[upkeep]
|upkeep
|
|t:|1759005731
|switch|p2a: Walking Wake|Walking Wake|11/100
|-activate|p2a: Walking Wake|ability: Protosynthesis
|-start|p2a: Walking Wake|protosynthesisspe
|turn|21
|
|t:|1759005740
|switch|p1a: Ogerpon|Ogerpon-Wellspring, F|61/100
|move|p2a: Walking Wake|Draco Meteor|p1a: Ogerpon
|-damage|p1a: Ogerpon|0 fnt
|-unboost|p2a: Walking Wake|spa|2
|faint|p1a: Ogerpon
|
|-weather|SunnyDay|[upkeep]
|upkeep
|
|t:|1759005750
|switch|p1a: Heatran|Heatran, M|71/100
|turn|22
|inactive|TJ13_SSB has 60 seconds left.
|
|t:|1759005760
|-end|p2a: Walking Wake|Protosynthesis|[silent]
|switch|p2a: Indeedee|Indeedee, M|100/100
|-fieldstart|move: Psychic Terrain|[from] ability: Psychic Surge|[of] p2a: Indeedee
|move|p1a: Heatran|Power Gem|p2a: Indeedee
|-damage|p2a: Indeedee|71/100
|
|-weather|SunnyDay|[upkeep]
|upkeep
|turn|23
|
|t:|1759005769
|move|p2a: Indeedee|Healing Wish|p2a: Indeedee
|faint|p2a: Indeedee
|move|p1a: Heatran|Flamethrower|p2: Indeedee|[notarget]
|-fail|p1a: Heatran
|
|-weather|none
|upkeep
|
|t:|1759005774
|switch|p2a: Walking Wake|Walking Wake|11/100
|-heal|p2a: Walking Wake|100/100|[from] move: Healing Wish
|turn|24
|
|t:|1759005785
|move|p2a: Walking Wake|Hydro Steam|p1a: Heatran
|-supereffective|p1a: Heatran
|-damage|p1a: Heatran|7/100
|move|p1a: Heatran|Power Gem|p2a: Walking Wake
|-damage|p2a: Walking Wake|69/100
|
|upkeep
|turn|25
|
|t:|1759005795
|move|p2a: Walking Wake|Hydro Steam|p1a: Heatran
|-supereffective|p1a: Heatran
|-damage|p1a: Heatran|0 fnt
|faint|p1a: Heatran
|
|upkeep
|
|t:|1759005805
|switch|p1a: Darkrai|Darkrai, tera:Ghost|100/100
|turn|26
|
|t:|1759005810
|-end|p2a: Walking Wake|Protosynthesis|[silent]
|switch|p2a: Torkoal|Torkoal, M|92/100
|-weather|SunnyDay|[from] ability: Drought|[of] p2a: Torkoal
|move|p1a: Darkrai|Nasty Plot|p1a: Darkrai
|-boost|p1a: Darkrai|spa|2
|
|-weather|SunnyDay|[upkeep]
|upkeep
|turn|27
|inactive|TJ13_SSB has 90 seconds left.
|
|t:|1759005821
|move|p1a: Darkrai|Shadow Ball|p2a: Torkoal
|-damage|p2a: Torkoal|0 fnt
|faint|p2a: Torkoal
|
|-weather|SunnyDay|[upkeep]
|upkeep
|
|t:|1759005830
|switch|p2a: Walking Wake|Walking Wake|69/100
|-activate|p2a: Walking Wake|ability: Protosynthesis
|-start|p2a: Walking Wake|protosynthesisspe
|turn|28
|inactive|TJ13_SSB has 90 seconds left.
|
|t:|1759005847
|-terastallize|p2a: Walking Wake|Water
|move|p2a: Walking Wake|Hydro Steam|p1a: Darkrai
|-enditem|p1a: Darkrai|Focus Sash
|-damage|p1a: Darkrai|1/100
|move|p1a: Darkrai|Shadow Ball|p2a: Walking Wake
|-damage|p2a: Walking Wake|0 fnt
|faint|p2a: Walking Wake
|-end|p2a: Walking Wake|Protosynthesis|[silent]
|
|-weather|SunnyDay|[upkeep]
|upkeep
|
|t:|1759005860
|switch|p2a: Typhlosion|Typhlosion, M|100/100
|turn|29
|inactive|TJ13_SSB has 90 seconds left.
|
|t:|1759005881
|switch|p1a: Great Tusk|Great Tusk|77/100
|-activate|p1a: Great Tusk|ability: Protosynthesis
|-start|p1a: Great Tusk|protosynthesisatk
|move|p2a: Typhlosion|Overheat|p1a: Great Tusk|[miss]
|-miss|p2a: Typhlosion|p1a: Great Tusk
|
|-weather|SunnyDay|[upkeep]
|-heal|p1a: Great Tusk|84/100|[from] item: Leftovers
|-fieldend|move: Psychic Terrain
|upkeep
|turn|30
|inactive|TJ13_SSB has 90 seconds left.
|
|t:|1759005906
|move|p2a: Typhlosion|Endure|p2a: Typhlosion
|-singleturn|p2a: Typhlosion|move: Endure
|move|p1a: Great Tusk|Knock Off|p2a: Typhlosion
|-crit|p2a: Typhlosion
|-damage|p2a: Typhlosion|5/100
|-enditem|p2a: Typhlosion|Weakness Policy|[from] move: Knock Off|[of] p1a: Great Tusk
|
|-weather|SunnyDay|[upkeep]
|-heal|p1a: Great Tusk|90/100|[from] item: Leftovers
|upkeep
|turn|31
|
|t:|1759005918
|move|p2a: Typhlosion|Overheat|p1a: Great Tusk
|-damage|p1a: Great Tusk|0 fnt
|-unboost|p2a: Typhlosion|spa|2
|faint|p1a: Great Tusk
|-end|p1a: Great Tusk|Protosynthesis|[silent]
|
|-weather|SunnyDay|[upkeep]
|upkeep
|
|t:|1759005925
|switch|p1a: Darkrai|Darkrai, tera:Ghost|1/100
|turn|32
|
|t:|1759005931
|move|p1a: Darkrai|Shadow Ball|p2a: Typhlosion
|-damage|p2a: Typhlosion|0 fnt
|faint|p2a: Typhlosion
|
|-weather|SunnyDay|[upkeep]
|upkeep
|
|t:|1759005936
|switch|p2a: Corviknight|Corviknight, M|43/100 brn
|turn|33
|
|t:|1759005940
|move|p1a: Darkrai|Shadow Ball|p2a: Corviknight
|-damage|p2a: Corviknight|4/100 brn
|move|p2a: Corviknight|Body Press|p1a: Darkrai
|-immune|p1a: Darkrai
|
|-weather|none
|-damage|p2a: Corviknight|0 fnt|[from] brn
|faint|p2a: Corviknight
|
|win|TJ13_SSB
|raw|TJ13_SSB's rating: 1168 &rarr; <strong>1196</strong><br />(+28 for winning)
|raw|LoCoGuyXD's rating: 1205 &rarr; <strong>1177</strong><br />(-28 for losing)
|c|☆LoCoGuyXD|I FLUBBED
|c|☆TJ13_SSB|wHAAAAAAAAAAAAAT
|c|☆LoCoGuyXD|I FORGOR
|c|☆TJ13_SSB|Was that your only attack?
