|j|☆henry151th
|j|☆shoebat
|t:|1758977033
|gametype|singles
|player|p1|henry151th|wallace|1414
|player|p2|shoebat|sage|1428
|gen|9
|tier|[Gen 9] OU
|rated|
|rule|HP Percentage Mod: HP is shown in percentages
|rule|Endless Battle Clause: Forcing endless battles is banned
|rule|Species Clause: Limit one of each Pokémon
|rule|OHKO Clause: OHKO moves are banned
|rule|Evasion Items Clause: Evasion items are banned
|rule|Evasion Moves Clause: Evasion moves are banned
|rule|Evasion Abilities Clause: Evasion abilities are banned
|rule|Sleep Moves Clause: Sleep-inducing moves are banned
|clearpoke
|poke|p1|Indeedee, M|
|poke|p1|Hatterene, F|
|poke|p1|Polteageist|
|poke|p1|Hoopa-Unbound|
|poke|p1|Deoxys-Speed|
|poke|p1|Great Tusk|
|poke|p2|Skarmory, M|
|poke|p2|Ting-Lu|
|poke|p2|Zamazenta-*|
|poke|p2|Pecharunt|
|poke|p2|Clefable, M|
|poke|p2|Walking Wake|
|teampreview
|inactive|Battle timer is ON: inactive players will automatically lose when time's up. (requested by henry151th)
|inactive|shoebat also wants the timer to be on.
|
|t:|1758977051
|teamsize|p1|6
|teamsize|p2|6
|start
|switch|p1a: Indeedee|Indeedee, M|100/100
|switch|p2a: Clefable|Clefable, M|100/100
|-fieldstart|move: Psychic Terrain|[from] ability: Psychic Surge|[of] p1a: Indeedee
|turn|1
|
|t:|1758977056
|switch|p1a: Hatterene|Hatterene, F|100/100
|move|p2a: Clefable|Knock Off|p1a: Hatterene
|-damage|p1a: Hatterene|88/100
|-enditem|p1a: Hatterene|Eject Button|[from] move: Knock Off|[of] p2a: Clefable
|
|upkeep
|turn|2
|
|t:|1758977074
|move|p2a: Clefable|Calm Mind|p2a: Clefable
|-boost|p2a: Clefable|spa|1
|-boost|p2a: Clefable|spd|1
|move|p1a: Hatterene|Expanding Force|p2a: Clefable
|-damage|p2a: Clefable|60/100
|
|-heal|p2a: Clefable|66/100|[from] item: Leftovers
|upkeep
|turn|3
|
|t:|1758977081
|move|p2a: Clefable|Moonlight|p2a: Clefable
|-heal|p2a: Clefable|100/100
|move|p1a: Hatterene|Nuzzle|p2a: Clefable
|-damage|p2a: Clefable|97/100
|-status|p2a: Clefable|par
|
|-heal|p2a: Clefable|100/100 par|[from] item: Leftovers
|upkeep
|turn|4
|
|t:|1758977092
|move|p1a: Hatterene|Expanding Force|p2a: Clefable
|-damage|p2a: Clefable|59/100 par
|move|p2a: Clefable|Moonblast|p1a: Hatterene
|-damage|p1a: Hatterene|38/100
|
|-heal|p2a: Clefable|65/100 par|[from] item: Leftovers
|upkeep
|turn|5
|
|t:|1758977100
|move|p1a: Hatterene|Expanding Force|p2a: Clefable
|-damage|p2a: Clefable|20/100 par
|move|p2a: Clefable|Moonlight|p2a: Clefable
|-heal|p2a: Clefable|70/100 par
|
|-heal|p2a: Clefable|76/100 par|[from] item: Leftovers
|upkeep
|turn|6
|
|t:|1758977121
|move|p1a: Hatterene|Expanding Force|p2a: Clefable
|-damage|p2a: Clefable|31/100 par
|move|p2a: Clefable|Moonblast|p1a: Hatterene
|-damage|p1a: Hatterene|0 fnt
|faint|p1a: Hatterene
|
|-heal|p2a: Clefable|37/100 par|[from] item: Leftovers
|upkeep
|
|t:|1758977122
|switch|p1a: Polteageist|Polteageist|100/100
|turn|7
|
|t:|1758977129
|move|p1a: Polteageist|Shell Smash|p1a: Polteageist
|-unboost|p1a: Polteageist|def|1
|-unboost|p1a: Polteageist|spd|1
|-boost|p1a: Polteageist|atk|2
|-boost|p1a: Polteageist|spa|2
|-boost|p1a: Polteageist|spe|2
|move|p2a: Clefable|Moonlight|p2a: Clefable
|-heal|p2a: Clefable|87/100 par
|
|-heal|p2a: Clefable|93/100 par|[from] item: Leftovers
|upkeep
|turn|8
|
|t:|1758977137
|move|p1a: Polteageist|Shell Smash|p1a: Polteageist
|-unboost|p1a: Polteageist|def|1
|-unboost|p1a: Polteageist|spd|1
|-boost|p1a: Polteageist|atk|2
|-boost|p1a: Polteageist|spa|2
|-boost|p1a: Polteageist|spe|2
|move|p2a: Clefable|Knock Off|p1a: Polteageist
|-supereffective|p1a: Polteageist
|-enditem|p1a: Polteageist|Focus Sash
|-damage|p1a: Polteageist|1/100
|-ability|p1a: Polteageist|Weak Armor|boost
|-unboost|p1a: Polteageist|def|1
|-boost|p1a: Polteageist|spe|2
|
|-heal|p2a: Clefable|99/100 par|[from] item: Leftovers
|-fieldend|move: Psychic Terrain
|upkeep
|turn|9
|
|t:|1758977149
|move|p1a: Polteageist|Stored Power|p2a: Clefable
|-damage|p2a: Clefable|0 fnt
|faint|p2a: Clefable
|
|upkeep
|
|t:|1758977157
|switch|p2a: Pecharunt|Pecharunt|100/100
|turn|10
|
|t:|1758977168
|-terastallize|p1a: Polteageist|Fighting
|-terastallize|p2a: Pecharunt|Dark
|move|p1a: Polteageist|Tera Blast|p2a: Pecharunt|[anim] Tera Blast Fighting
|-supereffective|p2a: Pecharunt
|-damage|p2a: Pecharunt|0 fnt
|faint|p2a: Pecharunt
|
|upkeep
|
|t:|1758977179
|switch|p2a: Skarmory|Skarmory, M|100/100
|turn|11
|c|☆henry151th|Fuck outta here
|
|t:|1758977185
|move|p1a: Polteageist|Shadow Ball|p2a: Skarmory
|-ability|p2a: Skarmory|Sturdy
|-damage|p2a: Skarmory|1/100
|-unboost|p2a: Skarmory|spd|1
|move|p2a: Skarmory|Brave Bird|p1a: Polteageist
|-supereffective|p1a: Polteageist
|-damage|p1a: Polteageist|0 fnt
|faint|p1a: Polteageist
|-damage|p2a: Skarmory|0 fnt|[from] Recoil
|faint|p2a: Skarmory
|
|upkeep
|c|☆shoebat|yeah that was pretty telegraphed lol
|
|t:|1758977208
|switch|p1a: Indeedee|Indeedee, M|100/100
|switch|p2a: Ting-Lu|Ting-Lu|100/100
|-fieldstart|move: Psychic Terrain|[from] ability: Psychic Surge|[of] p1a: Indeedee
|-ability|p2a: Ting-Lu|Vessel of Ruin
|turn|12
|
|t:|1758977225
|switch|p1a: Great Tusk|Great Tusk|100/100
|-enditem|p1a: Great Tusk|Booster Energy
|-activate|p1a: Great Tusk|ability: Protosynthesis|[fromitem]
|-start|p1a: Great Tusk|protosynthesisspe
|move|p2a: Ting-Lu|Stealth Rock|p1a: Great Tusk
|-sidestart|p1: henry151th|move: Stealth Rock
|
|upkeep
|turn|13
|inactive|henry151th has 120 seconds left.
|inactive|henry151th has 90 seconds left.
|inactive|henry151th has 60 seconds left.
|inactive|henry151th has 30 seconds left.
|inactive|henry151th has 20 seconds left.
|inactive|henry151th has 15 seconds left.
|inactive|henry151th has 10 seconds left.
|inactive|henry151th has 5 seconds left.
|-message|henry151th lost due to inactivity.
|
|win|shoebat
|raw|henry151th's rating: 1414 &rarr; <strong>1395</strong><br />(-19 for losing)
|raw|shoebat's rating: 1428 &rarr; <strong>1447</strong><br />(+19 for winning)
|l|☆shoebat
|player|p2|
