|j|☆Alx12
|j|☆UserJexx
|t:|1759034015
|gametype|singles
|player|p1|Alx12|rancher|1418
|player|p2|UserJexx|lusamine-nihilego|1418
|gen|9
|tier|[Gen 9] OU
|rated|
|rule|HP Percentage Mod: HP is shown in percentages
|rule|Endless Battle Clause: Forcing endless battles is banned
|rule|Species Clause: Limit one of each Pokémon
|rule|OHKO Clause: OHKO moves are banned
|rule|Evasion Items Clause: Evasion items are banned
|rule|Evasion Moves Clause: Evasion moves are banned
|rule|Evasion Abilities Clause: Evasion abilities are banned
|rule|Sleep Moves Clause: Sleep-inducing moves are banned
|clearpoke
|poke|p1|Ninetales-Alola, F|
|poke|p1|Kingdra, F|
|poke|p1|Iron Crown|
|poke|p1|Iron Moth|
|poke|p1|Hatterene, F|
|poke|p1|Kommo-o, F|
|poke|p2|Hatterene, F|
|poke|p2|Goodra-Hisui, M|
|poke|p2|Corviknight, F|
|poke|p2|Gastrodon-East, F|
|poke|p2|Ditto|
|poke|p2|Ceruledge, F|
|teampreview
|inactive|Battle timer is ON: inactive players will automatically lose when time's up. (requested by UserJexx)
|
|t:|1759034034
|teamsize|p1|6
|teamsize|p2|6
|start
|switch|p1a: Hatterene|Hatterene, F|100/100
|switch|p2a: Respiration III|Gastrodon-East, F|100/100
|turn|1
|
|t:|1759034040
|move|p2a: Respiration III|Earth Power|p1a: Hatterene
|-damage|p1a: Hatterene|59/100
|move|p1a: Hatterene|Calm Mind|p1a: Hatterene
|-boost|p1a: Hatterene|spa|1
|-boost|p1a: Hatterene|spd|1
|
|-heal|p1a: Hatterene|65/100|[from] item: Leftovers
|upkeep
|turn|2
|
|t:|1759034043
|switch|p2a: Protection IV|Goodra-Hisui, M|100/100
|move|p1a: Hatterene|Calm Mind|p1a: Hatterene
|-boost|p1a: Hatterene|spa|1
|-boost|p1a: Hatterene|spd|1
|
|-heal|p1a: Hatterene|71/100|[from] item: Leftovers
|upkeep
|turn|3
|
|t:|1759034047
|move|p2a: Protection IV|Draco Meteor|p1a: Hatterene
|-immune|p1a: Hatterene
|move|p1a: Hatterene|Calm Mind|p1a: Hatterene
|-boost|p1a: Hatterene|spa|1
|-boost|p1a: Hatterene|spd|1
|
|-heal|p1a: Hatterene|77/100|[from] item: Leftovers
|upkeep
|turn|4
|
|t:|1759034050
|move|p2a: Protection IV|Heavy Slam|p1a: Hatterene
|-supereffective|p1a: Hatterene
|-damage|p1a: Hatterene|0 fnt
|faint|p1a: Hatterene
|
|upkeep
|
|t:|1759034064
|switch|p1a: Iron Moth|Iron Moth|100/100
|-enditem|p1a: Iron Moth|Booster Energy
|-activate|p1a: Iron Moth|ability: Quark Drive|[fromitem]
|-start|p1a: Iron Moth|quarkdrivespe
|turn|5
|
|t:|1759034068
|move|p1a: Iron Moth|Fiery Dance|p2a: Protection IV
|-damage|p2a: Protection IV|83/100
|move|p2a: Protection IV|Earthquake|p1a: Iron Moth
|-supereffective|p1a: Iron Moth
|-damage|p1a: Iron Moth|0 fnt
|faint|p1a: Iron Moth
|-end|p1a: Iron Moth|Quark Drive|[silent]
|
|upkeep
|
|t:|1759034075
|switch|p1a: Ninetales|Ninetales-Alola, F|100/100
|-weather|Snowscape|[from] ability: Snow Warning|[of] p1a: Ninetales
|turn|6
|
|t:|1759034078
|move|p1a: Ninetales|Encore|p2a: Protection IV
|-start|p2a: Protection IV|Encore
|move|p2a: Protection IV|Earthquake|p1a: Ninetales
|-crit|p1a: Ninetales
|-damage|p1a: Ninetales|60/100
|
|-weather|Snowscape|[upkeep]
|upkeep
|turn|7
|
|t:|1759034082
|move|p1a: Ninetales|Aurora Veil|p1a: Ninetales
|-sidestart|p1: Alx12|move: Aurora Veil
|move|p2a: Protection IV|Earthquake|p1a: Ninetales
|-damage|p1a: Ninetales|46/100
|
|-weather|Snowscape|[upkeep]
|upkeep
|turn|8
|
|t:|1759034090
|switch|p1a: Kommo-o|Kommo-o, F|100/100
|switch|p2a: Curse of Binding|Ditto|100/100
|-transform|p2a: Curse of Binding|p1a: Kommo-o|[from] ability: Imposter
|
|-weather|Snowscape|[upkeep]
|upkeep
|turn|9
|
|t:|1759034099
|move|p2a: Curse of Binding|Taunt|p1a: Kommo-o
|-start|p1a: Kommo-o|move: Taunt
|cant|p1a: Kommo-o|move: Taunt|Clangorous Soul
|
|-weather|Snowscape|[upkeep]
|upkeep
|turn|10
|
|t:|1759034116
|switch|p2a: Respiration III|Gastrodon-East, F|100/100
|switch|p1a: Iron Crown|Iron Crown|100/100
|-enditem|p1a: Iron Crown|Booster Energy
|-activate|p1a: Iron Crown|ability: Quark Drive|[fromitem]
|-start|p1a: Iron Crown|quarkdrivespe
|
|-weather|none
|upkeep
|turn|11
|
|t:|1759034121
|move|p1a: Iron Crown|Calm Mind|p1a: Iron Crown
|-boost|p1a: Iron Crown|spa|1
|-boost|p1a: Iron Crown|spd|1
|move|p2a: Respiration III|Earth Power|p1a: Iron Crown
|-supereffective|p1a: Iron Crown
|-damage|p1a: Iron Crown|73/100
|
|upkeep
|turn|12
|
|t:|1759034144
|switch|p2a: Protection IV|Goodra-Hisui, M|83/100
|move|p1a: Iron Crown|Psyshock|p2a: Protection IV
|-resisted|p2a: Protection IV
|-damage|p2a: Protection IV|57/100
|
|upkeep
|turn|13
|
|t:|1759034148
|move|p1a: Iron Crown|Focus Blast|p2a: Protection IV|[miss]
|-miss|p1a: Iron Crown|p2a: Protection IV
|move|p2a: Protection IV|Earthquake|p1a: Iron Crown
|-supereffective|p1a: Iron Crown
|-damage|p1a: Iron Crown|41/100
|
|upkeep
|turn|14
|
|t:|1759034151
|switch|p2a: Sharpness V|Ceruledge, F|100/100
|move|p1a: Iron Crown|Focus Blast|p2a: Sharpness V
|-immune|p2a: Sharpness V
|
|-sideend|p1: Alx12|move: Aurora Veil
|upkeep
|turn|15
|
|t:|1759034154
|move|p1a: Iron Crown|Psyshock|p2a: Sharpness V
|-damage|p2a: Sharpness V|23/100
|move|p2a: Sharpness V|Poltergeist||[still]
|-fail|p2a: Sharpness V
|
|upkeep
|turn|16
|
|t:|1759034158
|switch|p2a: Protection IV|Goodra-Hisui, M|57/100
|move|p1a: Iron Crown|Psyshock|p2a: Protection IV
|-resisted|p2a: Protection IV
|-damage|p2a: Protection IV|32/100
|
|upkeep
|turn|17
|
|t:|1759034161
|move|p1a: Iron Crown|Focus Blast|p2a: Protection IV
|-supereffective|p2a: Protection IV
|-damage|p2a: Protection IV|0 fnt
|faint|p2a: Protection IV
|
|upkeep
|
|t:|1759034165
|switch|p2a: Curse of Binding|Ditto|100/100
|-transform|p2a: Curse of Binding|p1a: Iron Crown|[from] ability: Imposter
|turn|18
|
|t:|1759034177
|move|p2a: Curse of Binding|Tachyon Cutter|p1a: Iron Crown
|-resisted|p1a: Iron Crown
|-damage|p1a: Iron Crown|31/100
|-resisted|p1a: Iron Crown
|-damage|p1a: Iron Crown|20/100
|-hitcount|p1a: Iron Crown|2
|move|p1a: Iron Crown|Focus Blast|p2a: Curse of Binding
|-damage|p2a: Curse of Binding|63/100
|-unboost|p2a: Curse of Binding|spd|1
|
|upkeep
|turn|19
|
|t:|1759034190
|move|p2a: Curse of Binding|Tachyon Cutter|p1a: Iron Crown
|-resisted|p1a: Iron Crown
|-damage|p1a: Iron Crown|8/100
|-resisted|p1a: Iron Crown
|-damage|p1a: Iron Crown|0 fnt
|faint|p1a: Iron Crown
|-end|p1a: Iron Crown|Quark Drive|[silent]
|-hitcount|p1: Iron Crown|2
|
|upkeep
|
|t:|1759034192
|switch|p1a: Kommo-o|Kommo-o, F|100/100
|turn|20
|
|t:|1759034198
|-end|p2a: Curse of Binding|Quark Drive|[silent]
|switch|p2a: Looting II|Hatterene, F, shiny|100/100
|move|p1a: Kommo-o|Clangorous Soul|p1a: Kommo-o
|-boost|p1a: Kommo-o|atk|1
|-boost|p1a: Kommo-o|def|1
|-boost|p1a: Kommo-o|spa|1
|-boost|p1a: Kommo-o|spd|1
|-boost|p1a: Kommo-o|spe|1
|-damage|p1a: Kommo-o|68/100
|
|-heal|p1a: Kommo-o|74/100|[from] item: Leftovers
|upkeep
|turn|21
|
|t:|1759034202
|-terastallize|p1a: Kommo-o|Ghost
|-terastallize|p2a: Looting II|Normal
|move|p1a: Kommo-o|Shadow Claw|p2a: Looting II
|-immune|p2a: Looting II
|move|p2a: Looting II|Draining Kiss|p1a: Kommo-o
|-damage|p1a: Kommo-o|51/100
|
|-heal|p1a: Kommo-o|57/100|[from] item: Leftovers
|upkeep
|turn|22
|
|t:|1759034208
|switch|p2a: Sharpness V|Ceruledge, F|23/100
|move|p1a: Kommo-o|Drain Punch|p2a: Sharpness V
|-immune|p2a: Sharpness V
|
|-heal|p1a: Kommo-o|63/100|[from] item: Leftovers
|upkeep
|turn|23
|
|t:|1759034219
|move|p2a: Sharpness V|Poltergeist|p1a: Kommo-o
|-activate|p1a: Kommo-o|move: Poltergeist|Leftovers
|-supereffective|p1a: Kommo-o
|-damage|p1a: Kommo-o|0 fnt
|faint|p1a: Kommo-o
|
|upkeep
|
|t:|1759034228
|switch|p1a: Ninetales|Ninetales-Alola, F|46/100
|-weather|Snowscape|[from] ability: Snow Warning|[of] p1a: Ninetales
|turn|24
|
|t:|1759034231
|move|p2a: Sharpness V|Poltergeist|p1a: Ninetales
|-activate|p1a: Ninetales|move: Poltergeist|Light Clay
|-damage|p1a: Ninetales|0 fnt
|faint|p1a: Ninetales
|
|-weather|Snowscape|[upkeep]
|upkeep
|
|t:|1759034235
|switch|p1a: Kingdra|Kingdra, F|100/100
|turn|25
|
|t:|1759034240
|switch|p2a: Respiration III|Gastrodon-East, F|100/100
|move|p1a: Kingdra|Agility|p1a: Kingdra
|-boost|p1a: Kingdra|spe|2
|
|-weather|Snowscape|[upkeep]
|upkeep
|turn|26
|
|t:|1759034246
|move|p1a: Kingdra|Focus Energy|p1a: Kingdra
|-start|p1a: Kingdra|move: Focus Energy
|move|p2a: Respiration III|Ice Beam|p1a: Kingdra
|-damage|p1a: Kingdra|69/100
|
|-weather|Snowscape|[upkeep]
|upkeep
|turn|27
|
|t:|1759034252
|move|p1a: Kingdra|Draco Meteor|p2a: Respiration III
|-crit|p2a: Respiration III
|-damage|p2a: Respiration III|0 fnt
|-unboost|p1a: Kingdra|spa|2
|faint|p2a: Respiration III
|
|-weather|Snowscape|[upkeep]
|upkeep
|
|t:|1759034255
|switch|p2a: Curse of Binding|Ditto|63/100
|-start|p2a: Curse of Binding|move: Focus Energy|[silent]
|-transform|p2a: Curse of Binding|p1a: Kingdra|[from] ability: Imposter
|turn|28
|
|t:|1759034258
|move|p2a: Curse of Binding|Draco Meteor|p1a: Kingdra
|-supereffective|p1a: Kingdra
|-damage|p1a: Kingdra|0 fnt
|-unboost|p2a: Curse of Binding|spa|2
|faint|p1a: Kingdra
|
|win|UserJexx
|raw|Alx12's rating: 1418 &rarr; <strong>1398</strong><br />(-20 for losing)
|raw|UserJexx's rating: 1418 &rarr; <strong>1438</strong><br />(+20 for winning)
|l|☆UserJexx
|player|p2|
|l|☆Alx12
|player|p1|
