|j|☆quentii
|j|☆MMMspicy69
|t:|1758974612
|gametype|singles
|player|p1|quentii|dawn|1385
|player|p2|MMMspicy69|fantina|1338
|gen|9
|tier|[Gen 9] OU
|rated|
|rule|HP Percentage Mod: HP is shown in percentages
|rule|Endless Battle Clause: Forcing endless battles is banned
|rule|Species Clause: Limit one of each Pokémon
|rule|OHKO Clause: OHKO moves are banned
|rule|Evasion Items Clause: Evasion items are banned
|rule|Evasion Moves Clause: Evasion moves are banned
|rule|Evasion Abilities Clause: Evasion abilities are banned
|rule|Sleep Moves Clause: Sleep-inducing moves are banned
|clearpoke
|poke|p1|Pelipper, F|
|poke|p1|Barraskewda, M|
|poke|p1|Walking Wake|
|poke|p1|Dragonite, F|
|poke|p1|Azumarill, F|
|poke|p1|Ogerpon-Wellspring, F|
|poke|p2|Great Tusk|
|poke|p2|Ceruledge, F|
|poke|p2|Zamazenta-*|
|poke|p2|Sinistcha-Masterpiece|
|poke|p2|Raging Bolt|
|poke|p2|Iron Valiant|
|teampreview
|inactive|Battle timer is ON: inactive players will automatically lose when time's up. (requested by quentii)
|inactive|MMMspicy69 has 120 seconds left.
|
|t:|1758974664
|teamsize|p1|6
|teamsize|p2|6
|start
|switch|p1a: Pelipper|Pelipper, F|100/100
|switch|p2a: Mitsubishi|Raging Bolt|100/100
|-weather|RainDance|[from] ability: Drizzle|[of] p1a: Pelipper
|turn|1
|
|t:|1758974674
|switch|p1a: Walking Wake|Walking Wake|100/100
|move|p2a: Mitsubishi|Volt Switch|p1a: Walking Wake
|-damage|p1a: Walking Wake|51/100
|
|t:|1758974683
|-end|p2a: Mitsubishi|Protosynthesis|[silent]
|switch|p2a: Pagani|Sinistcha-Masterpiece|100/100|[from] Volt Switch
|
|-weather|RainDance|[upkeep]
|upkeep
|turn|2
|
|t:|1758974689
|move|p1a: Walking Wake|Hurricane|p2a: Pagani
|-supereffective|p2a: Pagani
|-damage|p2a: Pagani|10/100
|move|p2a: Pagani|Matcha Gotcha|p1a: Walking Wake
|-damage|p1a: Walking Wake|16/100
|-heal|p2a: Pagani|29/100|[from] drain|[of] p1a: Walking Wake
|
|-weather|RainDance|[upkeep]
|-heal|p2a: Pagani|35/100|[from] item: Leftovers
|upkeep
|turn|3
|
|t:|1758974701
|switch|p2a: Mitsubishi|Raging Bolt|100/100
|move|p1a: Walking Wake|Hurricane|p2a: Mitsubishi
|-resisted|p2a: Mitsubishi
|-crit|p2a: Mitsubishi
|-damage|p2a: Mitsubishi|78/100
|-start|p2a: Mitsubishi|confusion
|
|-weather|RainDance|[upkeep]
|upkeep
|turn|4
|
|t:|1758974715
|-end|p1a: Walking Wake|Protosynthesis|[silent]
|switch|p1a: Dragonite|Dragonite, F|100/100
|-activate|p2a: Mitsubishi|confusion
|move|p2a: Mitsubishi|Volt Switch|p1a: Dragonite
|-damage|p1a: Dragonite|66/100
|
|t:|1758974720
|-end|p2a: Mitsubishi|Protosynthesis|[silent]
|switch|p2a: Subaru|Iron Valiant|100/100|[from] Volt Switch
|-enditem|p2a: Subaru|Booster Energy
|-activate|p2a: Subaru|ability: Quark Drive|[fromitem]
|-start|p2a: Subaru|quarkdrivespe
|
|-weather|RainDance|[upkeep]
|upkeep
|turn|5
|
|t:|1758974731
|move|p1a: Dragonite|Extreme Speed|p2a: Subaru
|-damage|p2a: Subaru|65/100
|move|p2a: Subaru|Moonblast|p1a: Dragonite
|-supereffective|p1a: Dragonite
|-damage|p1a: Dragonite|0 fnt
|faint|p1a: Dragonite
|
|-weather|RainDance|[upkeep]
|upkeep
|
|t:|1758974739
|switch|p1a: Barraskewda|Barraskewda, M|100/100
|turn|6
|
|t:|1758974750
|move|p1a: Barraskewda|Liquidation|p2a: Subaru
|-damage|p2a: Subaru|0 fnt
|faint|p2a: Subaru
|-end|p2a: Subaru|Quark Drive|[silent]
|-damage|p1a: Barraskewda|91/100|[from] item: Life Orb
|
|-weather|RainDance|[upkeep]
|upkeep
|
|t:|1758974760
|switch|p2a: Toyota|Ceruledge, F|100/100
|turn|7
|
|t:|1758974767
|move|p1a: Barraskewda|Liquidation|p2a: Toyota
|-supereffective|p2a: Toyota
|-enditem|p2a: Toyota|Focus Sash
|-damage|p2a: Toyota|1/100
|-ability|p2a: Toyota|Weak Armor|boost
|-unboost|p2a: Toyota|def|1
|-boost|p2a: Toyota|spe|2
|-damage|p1a: Barraskewda|81/100|[from] item: Life Orb
|move|p2a: Toyota|Poltergeist|p1a: Barraskewda
|-activate|p1a: Barraskewda|move: Poltergeist|Life Orb
|-damage|p1a: Barraskewda|0 fnt
|faint|p1a: Barraskewda
|
|-weather|RainDance|[upkeep]
|upkeep
|
|t:|1758974781
|switch|p1a: Azumarill|Azumarill, F|100/100
|turn|8
|
|t:|1758974785
|move|p1a: Azumarill|Aqua Jet|p2a: Toyota
|-supereffective|p2a: Toyota
|-damage|p2a: Toyota|0 fnt
|faint|p2a: Toyota
|
|-weather|none
|upkeep
|
|t:|1758974788
|switch|p2a: Pagani|Sinistcha-Masterpiece|35/100
|turn|9
|
|t:|1758974797
|move|p2a: Pagani|Calm Mind|p2a: Pagani
|-boost|p2a: Pagani|spa|1
|-boost|p2a: Pagani|spd|1
|move|p1a: Azumarill|Knock Off|p2a: Pagani
|-supereffective|p2a: Pagani
|-damage|p2a: Pagani|0 fnt
|-enditem|p2a: Pagani|Leftovers|[from] move: Knock Off|[of] p1a: Azumarill
|faint|p2a: Pagani
|
|upkeep
|
|t:|1758974803
|switch|p2a: Mitsubishi|Raging Bolt|78/100
|turn|10
|
|t:|1758974807
|move|p2a: Mitsubishi|Volt Switch|p1a: Azumarill
|-supereffective|p1a: Azumarill
|-damage|p1a: Azumarill|21/100
|
|t:|1758974812
|-end|p2a: Mitsubishi|Protosynthesis|[silent]
|switch|p2a: Lexus|Zamazenta|100/100|[from] Volt Switch
|-ability|p2a: Lexus|Dauntless Shield|boost
|-boost|p2a: Lexus|def|1
|move|p1a: Azumarill|Play Rough|p2a: Lexus
|-supereffective|p2a: Lexus
|-damage|p2a: Lexus|40/100
|
|upkeep
|turn|11
|
|t:|1758974821
|move|p2a: Lexus|Iron Defense|p2a: Lexus
|-boost|p2a: Lexus|def|2
|move|p1a: Azumarill|Play Rough|p2a: Lexus
|-supereffective|p2a: Lexus
|-damage|p2a: Lexus|3/100
|
|upkeep
|turn|12
|
|t:|1758974828
|switch|p2a: Mitsubishi|Raging Bolt|78/100
|move|p1a: Azumarill|Aqua Jet|p2a: Mitsubishi
|-resisted|p2a: Mitsubishi
|-damage|p2a: Mitsubishi|69/100
|
|upkeep
|turn|13
|
|t:|1758974838
|switch|p1a: Pelipper|Pelipper, F|100/100
|-weather|RainDance|[from] ability: Drizzle|[of] p1a: Pelipper
|move|p2a: Mitsubishi|Volt Switch|p1a: Pelipper
|-supereffective|p1a: Pelipper
|-damage|p1a: Pelipper|0 fnt
|faint|p1a: Pelipper
|
|t:|1758974847
|-end|p2a: Mitsubishi|Protosynthesis|[silent]
|switch|p2a: Hyundai|Great Tusk|100/100|[from] Volt Switch
|-enditem|p2a: Hyundai|Booster Energy
|-activate|p2a: Hyundai|ability: Protosynthesis|[fromitem]
|-start|p2a: Hyundai|protosynthesisatk
|
|-weather|RainDance|[upkeep]
|upkeep
|
|t:|1758974855
|switch|p1a: Walking Wake|Walking Wake|16/100
|turn|14
|
|t:|1758974865
|move|p1a: Walking Wake|Hydro Pump|p2a: Hyundai
|-supereffective|p2a: Hyundai
|-damage|p2a: Hyundai|0 fnt
|faint|p2a: Hyundai
|-end|p2a: Hyundai|Protosynthesis|[silent]
|
|-weather|RainDance|[upkeep]
|upkeep
|
|t:|1758974871
|switch|p2a: Lexus|Zamazenta|3/100
|turn|15
|
|t:|1758974877
|move|p2a: Lexus|Rest|p2a: Lexus
|-status|p2a: Lexus|slp|[from] move: Rest
|-heal|p2a: Lexus|100/100 slp|[silent]
|-enditem|p2a: Lexus|Chesto Berry|[eat]
|-curestatus|p2a: Lexus|slp|[msg]
|move|p1a: Walking Wake|Hurricane|p2a: Lexus
|-supereffective|p2a: Lexus
|-crit|p2a: Lexus
|-damage|p2a: Lexus|14/100
|
|-weather|RainDance|[upkeep]
|upkeep
|turn|16
|
|t:|1758974886
|move|p2a: Lexus|Body Press|p1a: Walking Wake
|-damage|p1a: Walking Wake|0 fnt
|faint|p1a: Walking Wake
|-end|p1a: Walking Wake|Protosynthesis|[silent]
|
|-weather|RainDance|[upkeep]
|upkeep
|
|t:|1758974892
|switch|p1a: Azumarill|Azumarill, F|21/100
|turn|17
|
|t:|1758974907
|switch|p2a: Mitsubishi|Raging Bolt|69/100
|move|p1a: Azumarill|Play Rough|p2a: Mitsubishi
|-supereffective|p2a: Mitsubishi
|-damage|p2a: Mitsubishi|0 fnt
|faint|p2a: Mitsubishi
|-end|p2a: Mitsubishi|Protosynthesis|[silent]
|
|-weather|RainDance|[upkeep]
|upkeep
|
|t:|1758974913
|switch|p2a: Lexus|Zamazenta|14/100
|turn|18
|
|t:|1758974916
|move|p1a: Azumarill|Aqua Jet|p2a: Lexus
|-damage|p2a: Lexus|0 fnt
|faint|p2a: Lexus
|
|win|quentii
|raw|quentii's rating: 1385 &rarr; <strong>1402</strong><br />(+17 for winning)
|raw|MMMspicy69's rating: 1338 &rarr; <strong>1321</strong><br />(-17 for losing)
|l|☆MMMspicy69
|player|p2|
|l|☆quentii
|player|p1|
