|j|☆pokex265
|j|☆Anteraku
|t:|1758992823
|gametype|singles
|player|p1|pokex265|102|1326
|player|p2|Anteraku|1|1351
|gen|9
|tier|[Gen 9] OU
|rated|
|rule|HP Percentage Mod: HP is shown in percentages
|rule|Endless Battle Clause: Forcing endless battles is banned
|rule|Species Clause: Limit one of each Pokémon
|rule|OHKO Clause: OHKO moves are banned
|rule|Evasion Items Clause: Evasion items are banned
|rule|Evasion Moves Clause: Evasion moves are banned
|rule|Evasion Abilities Clause: Evasion abilities are banned
|rule|Sleep Moves Clause: Sleep-inducing moves are banned
|clearpoke
|poke|p1|Great Tusk|
|poke|p1|Corviknight, M|
|poke|p1|Feraligatr, M|
|poke|p1|Hatterene, F|
|poke|p1|Blissey, F|
|poke|p1|Dragapult, M|
|poke|p2|Araquanid, M|
|poke|p2|Iron Treads|
|poke|p2|Cinderace, M|
|poke|p2|Kingambit, M|
|poke|p2|Pecharunt|
|poke|p2|Dragonite, F|
|teampreview
|
|t:|1758992836
|teamsize|p1|6
|teamsize|p2|6
|start
|switch|p1a: Dragapult|Dragapult, M|100/100
|switch|p2a: Araquanid|Araquanid, M, shiny|100/100
|turn|1
|
|t:|1758992867
|move|p1a: Dragapult|U-turn|p2a: Araquanid
|-damage|p2a: Araquanid|88/100
|
|t:|1758992876
|switch|p1a: Hatterene|Hatterene, F|100/100|[from] U-turn
|move|p2a: Araquanid|Lunge|p1a: Hatterene
|-damage|p1a: Hatterene|83/100
|-unboost|p1a: Hatterene|atk|1
|
|-heal|p1a: Hatterene|89/100|[from] item: Leftovers
|upkeep
|turn|2
|inactive|Battle timer is ON: inactive players will automatically lose when time's up. (requested by pokex265)
|
|t:|1758992912
|move|p2a: Araquanid|Liquidation|p1a: Hatterene
|-damage|p1a: Hatterene|54/100
|move|p1a: Hatterene|Draining Kiss|p2a: Araquanid
|-damage|p2a: Araquanid|70/100
|-heal|p1a: Hatterene|68/100|[from] drain|[of] p2a: Araquanid
|
|-heal|p1a: Hatterene|74/100|[from] item: Leftovers
|upkeep
|turn|3
|
|t:|1758992923
|move|p2a: Araquanid|Liquidation|p1a: Hatterene
|-damage|p1a: Hatterene|39/100
|-unboost|p1a: Hatterene|def|1
|move|p1a: Hatterene|Draining Kiss|p2a: Araquanid
|-damage|p2a: Araquanid|54/100
|-heal|p1a: Hatterene|51/100|[from] drain|[of] p2a: Araquanid
|
|-heal|p1a: Hatterene|57/100|[from] item: Leftovers
|upkeep
|turn|4
|
|t:|1758992933
|switch|p1a: Feraligatr|Feraligatr, M|100/100
|move|p2a: Araquanid|Liquidation|p1a: Feraligatr
|-resisted|p1a: Feraligatr
|-damage|p1a: Feraligatr|79/100
|
|upkeep
|turn|5
|
|t:|1758992936
|move|p1a: Feraligatr|Dragon Dance|p1a: Feraligatr
|-boost|p1a: Feraligatr|atk|1
|-boost|p1a: Feraligatr|spe|1
|move|p2a: Araquanid|Sticky Web|p1a: Feraligatr
|-sidestart|p1: pokex265|move: Sticky Web
|
|upkeep
|turn|6
|
|t:|1758992940
|move|p1a: Feraligatr|Liquidation|p2a: Araquanid
|-resisted|p2a: Araquanid
|-damage|p2a: Araquanid|18/100
|move|p2a: Araquanid|Lunge|p1a: Feraligatr
|-damage|p1a: Feraligatr|56/100
|-unboost|p1a: Feraligatr|atk|1
|
|upkeep
|turn|7
|
|t:|1758992949
|move|p1a: Feraligatr|Liquidation|p2a: Araquanid
|-resisted|p2a: Araquanid
|-damage|p2a: Araquanid|0 fnt
|faint|p2a: Araquanid
|
|upkeep
|
|t:|1758992963
|switch|p2a: Kingambit|Kingambit, M|100/100
|-activate|p2a: Kingambit|ability: Supreme Overlord
|-start|p2a: Kingambit|fallen1|[silent]
|turn|8
|
|t:|1758992966
|switch|p1a: Corviknight|Corviknight, M|100/100
|move|p2a: Kingambit|Kowtow Cleave|p1a: Corviknight
|-damage|p1a: Corviknight|57/100
|-damage|p2a: Kingambit|84/100|[from] item: Rocky Helmet|[of] p1a: Corviknight
|
|upkeep
|turn|9
|
|t:|1758992970
|move|p2a: Kingambit|Swords Dance|p2a: Kingambit
|-boost|p2a: Kingambit|atk|2
|move|p1a: Corviknight|Body Press|p2a: Kingambit
|-supereffective|p2a: Kingambit
|-damage|p2a: Kingambit|0 fnt
|faint|p2a: Kingambit
|-end|p2a: Kingambit|fallen1|[silent]
|
|upkeep
|
|t:|1758992974
|switch|p2a: Cinderace|Cinderace, M|100/100
|turn|10
|
|t:|1758992981
|switch|p1a: Feraligatr|Feraligatr, M|56/100
|-activate|p1a: Feraligatr|move: Sticky Web
|-unboost|p1a: Feraligatr|spe|1
|move|p2a: Cinderace|Swords Dance|p2a: Cinderace
|-boost|p2a: Cinderace|atk|2
|
|upkeep
|turn|11
|
|t:|1758992987
|move|p1a: Feraligatr|Aqua Jet|p2a: Cinderace
|-supereffective|p2a: Cinderace
|-damage|p2a: Cinderace|38/100
|-damage|p1a: Feraligatr|46/100|[from] item: Life Orb
|move|p2a: Cinderace|Gunk Shot|p1a: Feraligatr|[miss]
|-miss|p2a: Cinderace|p1a: Feraligatr
|
|upkeep
|turn|12
|
|t:|1758992990
|move|p2a: Cinderace|Sucker Punch|p1a: Feraligatr
|-damage|p1a: Feraligatr|0 fnt
|faint|p1a: Feraligatr
|
|upkeep
|
|t:|1758992995
|switch|p1a: Great Tusk|Great Tusk|100/100
|-activate|p1a: Great Tusk|move: Sticky Web
|-unboost|p1a: Great Tusk|spe|1
|turn|13
|inactive|Anteraku has 120 seconds left.
|
|t:|1758993028
|move|p2a: Cinderace|Pyro Ball|p1a: Great Tusk
|-damage|p1a: Great Tusk|12/100
|move|p1a: Great Tusk|Knock Off|p2a: Cinderace
|-damage|p2a: Cinderace|0 fnt
|-enditem|p2a: Cinderace|Shuca Berry|[from] move: Knock Off|[of] p1a: Great Tusk
|faint|p2a: Cinderace
|
|upkeep
|inactive|Anteraku has 120 seconds left.
|
|t:|1758993042
|switch|p2a: Dragonite|Dragonite, F|100/100
|turn|14
|
|t:|1758993045
|move|p2a: Dragonite|Ice Spinner|p1a: Great Tusk
|-supereffective|p1a: Great Tusk
|-damage|p1a: Great Tusk|0 fnt
|faint|p1a: Great Tusk
|-end|p1a: Great Tusk|Protosynthesis|[silent]
|
|upkeep
|
|t:|1758993047
|switch|p1a: Corviknight|Corviknight, M|57/100
|turn|15
|inactive|Anteraku has 120 seconds left.
|
|t:|1758993075
|move|p1a: Corviknight|Bulk Up|p1a: Corviknight
|-boost|p1a: Corviknight|atk|1
|-boost|p1a: Corviknight|def|1
|move|p2a: Dragonite|Dragon Tail|p1a: Corviknight
|-resisted|p1a: Corviknight
|-damage|p1a: Corviknight|50/100
|-damage|p2a: Dragonite|84/100|[from] item: Rocky Helmet|[of] p1a: Corviknight
|drag|p1a: Blissey|Blissey, F|100/100
|-activate|p1a: Blissey|move: Sticky Web
|-unboost|p1a: Blissey|spe|1
|
|upkeep
|turn|16
|inactive|Anteraku has 120 seconds left.
|
|t:|1758993083
|switch|p1a: Corviknight|Corviknight, M|50/100
|move|p2a: Dragonite|Dragon Dance|p2a: Dragonite
|-boost|p2a: Dragonite|atk|1
|-boost|p2a: Dragonite|spe|1
|
|upkeep
|turn|17
|
|t:|1758993087
|move|p2a: Dragonite|Ice Spinner|p1a: Corviknight
|-damage|p1a: Corviknight|20/100
|-damage|p2a: Dragonite|68/100|[from] item: Rocky Helmet|[of] p1a: Corviknight
|move|p1a: Corviknight|Roost|p1a: Corviknight
|-heal|p1a: Corviknight|70/100
|-singleturn|p1a: Corviknight|move: Roost
|
|upkeep
|turn|18
|
|t:|1758993091
|move|p2a: Dragonite|Dragon Dance|p2a: Dragonite
|-boost|p2a: Dragonite|atk|1
|-boost|p2a: Dragonite|spe|1
|move|p1a: Corviknight|Bulk Up|p1a: Corviknight
|-boost|p1a: Corviknight|atk|1
|-boost|p1a: Corviknight|def|1
|
|upkeep
|turn|19
|
|t:|1758993093
|move|p1a: Corviknight|Body Press|p2a: Dragonite
|-resisted|p2a: Dragonite
|-damage|p2a: Dragonite|46/100
|move|p2a: Dragonite|Dragon Tail|p1a: Corviknight
|-resisted|p1a: Corviknight
|-damage|p1a: Corviknight|55/100
|-damage|p2a: Dragonite|30/100|[from] item: Rocky Helmet|[of] p1a: Corviknight
|drag|p1a: Blissey|Blissey, F|100/100
|-activate|p1a: Blissey|move: Sticky Web
|-unboost|p1a: Blissey|spe|1
|
|upkeep
|turn|20
|
|t:|1758993102
|switch|p1a: Corviknight|Corviknight, M|55/100
|move|p2a: Dragonite|Ice Spinner|p1a: Corviknight
|-damage|p1a: Corviknight|13/100
|-damage|p2a: Dragonite|14/100|[from] item: Rocky Helmet|[of] p1a: Corviknight
|
|upkeep
|turn|21
|inactive|Anteraku has 120 seconds left.
|inactive|Anteraku has 90 seconds left.
|
|t:|1758993167
|move|p2a: Dragonite|Ice Spinner|p1a: Corviknight
|-damage|p1a: Corviknight|0 fnt
|-damage|p2a: Dragonite|0 fnt|[from] item: Rocky Helmet|[of] p1a: Corviknight
|faint|p1a: Corviknight
|faint|p2a: Dragonite
|
|upkeep
|
|t:|1758993183
|switch|p2a: Pecharunt|Pecharunt|100/100
|switch|p1a: Hatterene|Hatterene, F|57/100
|-item|p2a: Pecharunt|Air Balloon
|-activate|p1a: Hatterene|move: Sticky Web
|-unboost|p1a: Hatterene|spe|1
|turn|22
|
|t:|1758993191
|switch|p1a: Blissey|Blissey, F|100/100
|-activate|p1a: Blissey|move: Sticky Web
|-unboost|p1a: Blissey|spe|1
|move|p2a: Pecharunt|Malignant Chain|p1a: Blissey
|-damage|p1a: Blissey|89/100
|-status|p1a: Blissey|tox
|-start|p1a: Blissey|confusion|[from] ability: Poison Puppeteer|[of] p2a: Pecharunt
|
|-heal|p1a: Blissey|95/100 tox|[from] item: Leftovers
|-damage|p1a: Blissey|89/100 tox|[from] psn
|upkeep
|turn|23
|inactive|Anteraku has 90 seconds left.
|
|t:|1758993200
|move|p2a: Pecharunt|Nasty Plot|p2a: Pecharunt
|-boost|p2a: Pecharunt|spa|2
|-activate|p1a: Blissey|confusion
|move|p1a: Blissey|Calm Mind|p1a: Blissey
|-boost|p1a: Blissey|spa|1
|-boost|p1a: Blissey|spd|1
|
|-heal|p1a: Blissey|95/100 tox|[from] item: Leftovers
|-damage|p1a: Blissey|83/100 tox|[from] psn
|upkeep
|turn|24
|
|t:|1758993204
|move|p2a: Pecharunt|Nasty Plot|p2a: Pecharunt
|-boost|p2a: Pecharunt|spa|2
|-activate|p1a: Blissey|confusion
|-damage|p1a: Blissey|80/100 tox|[from] confusion
|
|-heal|p1a: Blissey|87/100 tox|[from] item: Leftovers
|-damage|p1a: Blissey|68/100 tox|[from] psn
|upkeep
|turn|25
|
|t:|1758993211
|move|p2a: Pecharunt|Nasty Plot|p2a: Pecharunt
|-boost|p2a: Pecharunt|spa|2
|-activate|p1a: Blissey|confusion
|move|p1a: Blissey|Shadow Ball|p2a: Pecharunt
|-supereffective|p2a: Pecharunt
|-damage|p2a: Pecharunt|43/100
|-enditem|p2a: Pecharunt|Air Balloon
|
|-heal|p1a: Blissey|74/100 tox|[from] item: Leftovers
|-damage|p1a: Blissey|49/100 tox|[from] psn
|upkeep
|turn|26
|
|t:|1758993218
|-terastallize|p2a: Pecharunt|Fighting
|move|p2a: Pecharunt|Tera Blast|p1a: Blissey|[anim] Tera Blast Fighting
|-supereffective|p1a: Blissey
|-damage|p1a: Blissey|0 fnt
|faint|p1a: Blissey
|
|upkeep
|
|t:|1758993222
|switch|p1a: Dragapult|Dragapult, M|100/100
|-activate|p1a: Dragapult|move: Sticky Web
|-unboost|p1a: Dragapult|spe|1
|turn|27
|
|t:|1758993228
|move|p2a: Pecharunt|Shadow Ball|p1a: Dragapult
|-supereffective|p1a: Dragapult
|-damage|p1a: Dragapult|0 fnt
|faint|p1a: Dragapult
|
|upkeep
|-message|pokex265 forfeited.
|
|win|Anteraku
|raw|pokex265's rating: 1326 &rarr; <strong>1307</strong><br />(-19 for losing)
|raw|Anteraku's rating: 1351 &rarr; <strong>1370</strong><br />(+19 for winning)
|l|☆pokex265
|player|p1|
