|j|☆Haou29
|j|☆peeboweebo
|t:|1758924487
|gametype|singles
|player|p1|Haou29|kieran-champion|1235
|player|p2|peeboweebo|fisherman-gen4|1255
|gen|9
|tier|[Gen 9] OU
|rated|
|rule|HP Percentage Mod: HP is shown in percentages
|rule|Endless Battle Clause: Forcing endless battles is banned
|rule|Species Clause: Limit one of each Pokémon
|rule|OHKO Clause: OHKO moves are banned
|rule|Evasion Items Clause: Evasion items are banned
|rule|Evasion Moves Clause: Evasion moves are banned
|rule|Evasion Abilities Clause: Evasion abilities are banned
|rule|Sleep Moves Clause: Sleep-inducing moves are banned
|clearpoke
|poke|p1|Keldeo-Resolute|
|poke|p1|Dragapult, M|
|poke|p1|Slowking-Galar, M|
|poke|p1|Kingambit, M|
|poke|p1|Zapdos|
|poke|p1|Great Tusk|
|poke|p2|Dragapult, M|
|poke|p2|Rotom-Wash|
|poke|p2|Landorus-Therian, M|
|poke|p2|Clefable, F|
|poke|p2|Zamazenta-*|
|poke|p2|Samurott-Hisui, M|
|teampreview
|inactive|Battle timer is ON: inactive players will automatically lose when time's up. (requested by peeboweebo)
|inactive|Haou29 also wants the timer to be on.
|
|t:|1758924502
|teamsize|p1|6
|teamsize|p2|6
|start
|switch|p1a: Keldeo|Keldeo-Resolute|100/100
|switch|p2a: Rotom|Rotom-Wash|100/100
|turn|1
|
|t:|1758924509
|switch|p1a: Zapdos|Zapdos|100/100
|move|p2a: Rotom|Thunder Wave|p1a: Zapdos
|-immune|p1a: Zapdos
|
|upkeep
|turn|2
|
|t:|1758924512
|move|p1a: Zapdos|Discharge|p2a: Rotom
|-damage|p2a: Rotom|64/100
|move|p2a: Rotom|Volt Switch|p1a: Zapdos
|-damage|p1a: Zapdos|76/100
|
|t:|1758924518
|switch|p2a: Landorus|Landorus-Therian, M|100/100|[from] Volt Switch
|-ability|p2a: Landorus|Intimidate|boost
|-unboost|p1a: Zapdos|atk|1
|
|upkeep
|turn|3
|
|t:|1758924525
|switch|p1a: Keldeo|Keldeo-Resolute|100/100
|move|p2a: Landorus|Stealth Rock|p1a: Keldeo
|-sidestart|p1: Haou29|move: Stealth Rock
|
|upkeep
|turn|4
|
|t:|1758924535
|switch|p2a: Rotom|Rotom-Wash|64/100
|move|p1a: Keldeo|Surf|p2a: Rotom
|-resisted|p2a: Rotom
|-crit|p2a: Rotom
|-damage|p2a: Rotom|28/100
|
|-heal|p2a: Rotom|34/100|[from] item: Leftovers
|upkeep
|turn|5
|
|t:|1758924548
|switch|p1a: Slowking|Slowking-Galar, M|100/100
|-damage|p1a: Slowking|88/100|[from] Stealth Rock
|move|p2a: Rotom|Pain Split|p1a: Slowking
|-sethp|p1a: Slowking|57/100|[from] move: Pain Split|[silent]
|-sethp|p2a: Rotom|74/100|[from] move: Pain Split
|
|-heal|p2a: Rotom|80/100|[from] item: Leftovers
|-heal|p1a: Slowking|63/100|[from] item: Black Sludge
|upkeep
|turn|6
|
|t:|1758924558
|move|p2a: Rotom|Thunder Wave|p1a: Slowking
|-status|p1a: Slowking|par
|move|p1a: Slowking|Psyshock|p2a: Rotom
|-damage|p2a: Rotom|57/100
|
|-heal|p2a: Rotom|64/100|[from] item: Leftovers
|-heal|p1a: Slowking|69/100 par|[from] item: Black Sludge
|upkeep
|turn|7
|
|t:|1758924564
|move|p2a: Rotom|Volt Switch|p1a: Slowking
|-damage|p1a: Slowking|55/100 par
|
|t:|1758924567
|switch|p2a: Samurott|Samurott-Hisui, M|100/100|[from] Volt Switch
|-prepare|p1a: Slowking|Chilly Reception|[premajor]
|move|p1a: Slowking|Chilly Reception|p1a: Slowking
|-weather|Snowscape
|
|t:|1758924575
|switch|p1a: Great Tusk|Great Tusk|100/100|[from] Chilly Reception
|-damage|p1a: Great Tusk|98/100|[from] Stealth Rock
|-enditem|p1a: Great Tusk|Booster Energy
|-activate|p1a: Great Tusk|ability: Protosynthesis|[fromitem]
|-start|p1a: Great Tusk|protosynthesisatk
|
|-weather|Snowscape|[upkeep]
|upkeep
|turn|8
|
|t:|1758924585
|switch|p2a: Rotom|Rotom-Wash|64/100
|move|p1a: Great Tusk|Stealth Rock|p2a: Rotom
|-sidestart|p2: peeboweebo|move: Stealth Rock
|
|-weather|Snowscape|[upkeep]
|-heal|p2a: Rotom|70/100|[from] item: Leftovers
|upkeep
|turn|9
|
|t:|1758924594
|-end|p1a: Great Tusk|Protosynthesis|[silent]
|switch|p1a: Slowking|Slowking-Galar, M|89/100 par
|-damage|p1a: Slowking|76/100 par|[from] Stealth Rock
|move|p2a: Rotom|Hydro Pump|p1a: Slowking
|-damage|p1a: Slowking|54/100 par
|
|-weather|Snowscape|[upkeep]
|-heal|p2a: Rotom|76/100|[from] item: Leftovers
|-heal|p1a: Slowking|60/100 par|[from] item: Black Sludge
|upkeep
|turn|10
|
|t:|1758924598
|move|p2a: Rotom|Hydro Pump|p1a: Slowking
|-damage|p1a: Slowking|35/100 par
|move|p1a: Slowking|Sludge Bomb|p2a: Rotom
|-damage|p2a: Rotom|41/100
|
|-weather|Snowscape|[upkeep]
|-heal|p2a: Rotom|48/100|[from] item: Leftovers
|-heal|p1a: Slowking|41/100 par|[from] item: Black Sludge
|upkeep
|turn|11
|
|t:|1758924607
|move|p2a: Rotom|Hydro Pump|p1a: Slowking
|-damage|p1a: Slowking|18/100 par
|-prepare|p1a: Slowking|Chilly Reception|[premajor]
|cant|p1a: Slowking|par
|
|-weather|none
|-heal|p2a: Rotom|54/100|[from] item: Leftovers
|-heal|p1a: Slowking|24/100 par|[from] item: Black Sludge
|upkeep
|turn|12
|
|t:|1758924621
|move|p2a: Rotom|Volt Switch|p1a: Slowking
|-damage|p1a: Slowking|8/100 par
|
|t:|1758924626
|switch|p2a: Clefable|Clefable, F|100/100|[from] Volt Switch
|-prepare|p1a: Slowking|Chilly Reception|[premajor]
|move|p1a: Slowking|Chilly Reception|p1a: Slowking
|-weather|Snowscape
|
|t:|1758924631
|switch|p1a: Great Tusk|Great Tusk|98/100|[from] Chilly Reception
|-damage|p1a: Great Tusk|95/100|[from] Stealth Rock
|
|-weather|Snowscape|[upkeep]
|upkeep
|turn|13
|
|t:|1758924637
|move|p1a: Great Tusk|Rapid Spin|p2a: Clefable
|-damage|p2a: Clefable|87/100
|-boost|p1a: Great Tusk|spe|1
|-sideend|p1: Haou29|Stealth Rock|[from] move: Rapid Spin|[of] p1a: Great Tusk
|move|p2a: Clefable|Calm Mind|p2a: Clefable
|-boost|p2a: Clefable|spa|1
|-boost|p2a: Clefable|spd|1
|
|-weather|Snowscape|[upkeep]
|-damage|p1a: Great Tusk|82/100|[from] item: Sticky Barb
|upkeep
|turn|14
|
|t:|1758924644
|-end|p1a: Great Tusk|Protosynthesis|[silent]
|switch|p1a: Slowking|Slowking-Galar, M|41/100 par
|move|p2a: Clefable|Moonblast|p1a: Slowking
|-resisted|p1a: Slowking
|-damage|p1a: Slowking|28/100 par
|-unboost|p1a: Slowking|spa|1
|
|-weather|Snowscape|[upkeep]
|-heal|p1a: Slowking|34/100 par|[from] item: Black Sludge
|upkeep
|turn|15
|
|t:|1758924651
|move|p2a: Clefable|Flamethrower|p1a: Slowking
|-damage|p1a: Slowking|15/100 par
|move|p1a: Slowking|Trick|p2a: Clefable
|-activate|p1a: Slowking|move: Trick|[of] p2a: Clefable
|-item|p2a: Clefable|Black Sludge|[from] move: Trick
|-enditem|p1a: Slowking|Black Sludge|[silent]|[from] move: Trick
|
|-weather|Snowscape|[upkeep]
|upkeep
|turn|16
|
|t:|1758924668
|switch|p1a: Zapdos|Zapdos|76/100
|move|p2a: Clefable|Flamethrower|p1a: Zapdos
|-damage|p1a: Zapdos|50/100
|-status|p1a: Zapdos|brn
|
|-weather|none
|-damage|p1a: Zapdos|44/100 brn|[from] brn
|upkeep
|turn|17
|
|t:|1758924673
|move|p1a: Zapdos|Roost|p1a: Zapdos
|-heal|p1a: Zapdos|94/100 brn
|-singleturn|p1a: Zapdos|move: Roost
|move|p2a: Clefable|Calm Mind|p2a: Clefable
|-boost|p2a: Clefable|spa|1
|-boost|p2a: Clefable|spd|1
|
|-damage|p1a: Zapdos|88/100 brn|[from] brn
|upkeep
|turn|18
|
|t:|1758924677
|move|p1a: Zapdos|U-turn|p2a: Clefable
|-resisted|p2a: Clefable
|-damage|p2a: Clefable|85/100
|
|t:|1758924680
|switch|p1a: Slowking|Slowking-Galar, M|49/100 par|[from] U-turn
|move|p2a: Clefable|Calm Mind|p2a: Clefable
|-boost|p2a: Clefable|spa|1
|-boost|p2a: Clefable|spd|1
|
|upkeep
|turn|19
|
|t:|1758924685
|move|p2a: Clefable|Flamethrower|p1a: Slowking
|-damage|p1a: Slowking|19/100 par
|move|p1a: Slowking|Sludge Bomb|p2a: Clefable
|-supereffective|p2a: Clefable
|-damage|p2a: Clefable|59/100
|
|upkeep
|turn|20
|
|t:|1758924693
|switch|p1a: Zapdos|Zapdos|88/100 brn
|move|p2a: Clefable|Flamethrower|p1a: Zapdos
|-damage|p1a: Zapdos|37/100 brn
|
|-damage|p1a: Zapdos|31/100 brn|[from] brn
|upkeep
|turn|21
|
|t:|1758924698
|move|p1a: Zapdos|U-turn|p2a: Clefable
|-resisted|p2a: Clefable
|-damage|p2a: Clefable|56/100
|
|t:|1758924700
|switch|p1a: Slowking|Slowking-Galar, M|53/100 par|[from] U-turn
|move|p2a: Clefable|Calm Mind|p2a: Clefable
|-boost|p2a: Clefable|spa|1
|-boost|p2a: Clefable|spd|1
|
|upkeep
|turn|22
|
|t:|1758924705
|move|p2a: Clefable|Moonlight|p2a: Clefable
|-heal|p2a: Clefable|100/100
|cant|p1a: Slowking|par
|
|upkeep
|turn|23
|
|t:|1758924709
|move|p2a: Clefable|Calm Mind|p2a: Clefable
|-boost|p2a: Clefable|spa|1
|-boost|p2a: Clefable|spd|1
|-prepare|p1a: Slowking|Chilly Reception|[premajor]
|move|p1a: Slowking|Chilly Reception|p1a: Slowking
|-weather|Snowscape
|
|t:|1758924712
|switch|p1a: Kingambit|Kingambit, M|100/100|[from] Chilly Reception
|
|-weather|Snowscape|[upkeep]
|upkeep
|turn|24
|
|t:|1758924718
|-terastallize|p1a: Kingambit|Flying
|-terastallize|p2a: Clefable|Bug
|move|p1a: Kingambit|Iron Head|p2a: Clefable
|-damage|p2a: Clefable|64/100
|move|p2a: Clefable|Flamethrower|p1a: Kingambit
|-damage|p1a: Kingambit|28/100
|
|-weather|Snowscape|[upkeep]
|-heal|p1a: Kingambit|34/100|[from] item: Leftovers
|upkeep
|turn|25
|
|t:|1758924732
|-end|p1a: Kingambit|fallenundefined|[silent]
|switch|p1a: Slowking|Slowking-Galar, M|86/100 par
|move|p2a: Clefable|Moonblast|p1a: Slowking
|-resisted|p1a: Slowking
|-damage|p1a: Slowking|53/100 par
|-unboost|p1a: Slowking|spa|1
|
|-weather|Snowscape|[upkeep]
|upkeep
|turn|26
|
|t:|1758924740
|move|p2a: Clefable|Moonlight|p2a: Clefable
|-heal|p2a: Clefable|89/100
|-prepare|p1a: Slowking|Chilly Reception|[premajor]
|move|p1a: Slowking|Chilly Reception|p1a: Slowking
|
|t:|1758924750
|switch|p1a: Zapdos|Zapdos|31/100 brn|[from] Chilly Reception
|
|-weather|Snowscape|[upkeep]
|-damage|p1a: Zapdos|25/100 brn|[from] brn
|upkeep
|turn|27
|
|t:|1758924754
|move|p1a: Zapdos|Hurricane|p2a: Clefable|[miss]
|-miss|p1a: Zapdos|p2a: Clefable
|move|p2a: Clefable|Calm Mind|p2a: Clefable
|-boost|p2a: Clefable|spa|1
|-boost|p2a: Clefable|spd|1
|
|-weather|none
|-damage|p1a: Zapdos|19/100 brn|[from] brn
|upkeep
|turn|28
|
|t:|1758924758
|move|p1a: Zapdos|Hurricane|p2a: Clefable|[miss]
|-miss|p1a: Zapdos|p2a: Clefable
|move|p2a: Clefable|Moonblast|p1a: Zapdos
|-damage|p1a: Zapdos|0 fnt
|faint|p1a: Zapdos
|
|upkeep
|-message|Haou29 forfeited.
|
|win|peeboweebo
|raw|Haou29's rating: 1235 &rarr; <strong>1211</strong><br />(-24 for losing)
|raw|peeboweebo's rating: 1255 &rarr; <strong>1279</strong><br />(+24 for winning)
|l|☆Haou29
|player|p1|
