|j|☆tokerr
|j|☆bobby00120
|t:|1758931324
|gametype|singles
|player|p1|tokerr|102|1556
|player|p2|bobby00120|1|1545
|gen|9
|tier|[Gen 9] OU
|rated|
|rule|HP Percentage Mod: HP is shown in percentages
|rule|Endless Battle Clause: Forcing endless battles is banned
|rule|Species Clause: Limit one of each Pokémon
|rule|OHKO Clause: OHKO moves are banned
|rule|Evasion Items Clause: Evasion items are banned
|rule|Evasion Moves Clause: Evasion moves are banned
|rule|Evasion Abilities Clause: Evasion abilities are banned
|rule|Sleep Moves Clause: Sleep-inducing moves are banned
|clearpoke
|poke|p1|Raging Bolt|
|poke|p1|Corviknight, M|
|poke|p1|Slowking-Galar, F|
|poke|p1|Ogerpon-Wellspring, F|
|poke|p1|Landorus-Therian, M|
|poke|p1|Darkrai|
|poke|p2|Hatterene, F|
|poke|p2|Ursaluna, M|
|poke|p2|Hoopa-Unbound|
|poke|p2|Enamorus-Therian, F|
|poke|p2|Diancie|
|poke|p2|Iron Hands|
|teampreview
|inactive|Battle timer is ON: inactive players will automatically lose when time's up. (requested by bobby00120)
|inactive|tokerr also wants the timer to be on.
|
|t:|1758931339
|teamsize|p1|6
|teamsize|p2|6
|start
|switch|p1a: Slowking|Slowking-Galar, F|100/100
|switch|p2a: Hatterene|Hatterene, F|100/100
|turn|1
|
|t:|1758931345
|move|p1a: Slowking|Sludge Bomb|p2a: Hatterene
|-supereffective|p2a: Hatterene
|-damage|p2a: Hatterene|8/100
|move|p2a: Hatterene|Trick Room|p2a: Hatterene
|-fieldstart|move: Trick Room|[of] p2a: Hatterene
|
|upkeep
|turn|2
|
|t:|1758931359
|switch|p2a: Ursaluna|Ursaluna, M|100/100
|move|p1a: Slowking|Surf|p2a: Ursaluna
|-supereffective|p2a: Ursaluna
|-damage|p2a: Ursaluna|50/100
|
|-status|p2a: Ursaluna|brn|[from] item: Flame Orb
|upkeep
|turn|3
|
|t:|1758931367
|switch|p1a: Corviknight|Corviknight, M|100/100
|move|p2a: Ursaluna|Facade|p1a: Corviknight
|-resisted|p1a: Corviknight
|-damage|p1a: Corviknight|63/100
|-damage|p2a: Ursaluna|33/100 brn|[from] item: Rocky Helmet|[of] p1a: Corviknight
|
|-damage|p2a: Ursaluna|27/100 brn|[from] brn
|upkeep
|turn|4
|
|t:|1758931384
|move|p2a: Ursaluna|Fire Punch|p1a: Corviknight
|-supereffective|p1a: Corviknight
|-damage|p1a: Corviknight|10/100
|-damage|p2a: Ursaluna|11/100 brn|[from] item: Rocky Helmet|[of] p1a: Corviknight
|move|p1a: Corviknight|Roost|p1a: Corviknight
|-heal|p1a: Corviknight|60/100
|-singleturn|p1a: Corviknight|move: Roost
|
|-damage|p2a: Ursaluna|4/100 brn|[from] brn
|upkeep
|turn|5
|inactive|bobby00120 has 120 seconds left.
|
|t:|1758931417
|move|p2a: Ursaluna|Fire Punch|p1a: Corviknight
|-supereffective|p1a: Corviknight
|-damage|p1a: Corviknight|8/100
|-damage|p2a: Ursaluna|0 fnt|[from] item: Rocky Helmet|[of] p1a: Corviknight
|faint|p2a: Ursaluna
|move|p1a: Corviknight|Roost|p1a: Corviknight
|-heal|p1a: Corviknight|58/100
|-singleturn|p1a: Corviknight|move: Roost
|
|-fieldend|move: Trick Room
|upkeep
|
|t:|1758931421
|switch|p2a: Enamorus|Enamorus-Therian, F|100/100
|turn|6
|
|t:|1758931429
|move|p1a: Corviknight|U-turn|p2a: Enamorus
|-resisted|p2a: Enamorus
|-damage|p2a: Enamorus|97/100
|
|t:|1758931432
|switch|p1a: Slowking|Slowking-Galar, F|100/100|[from] U-turn
|move|p2a: Enamorus|Calm Mind|p2a: Enamorus
|-boost|p2a: Enamorus|spa|1
|-boost|p2a: Enamorus|spd|1
|
|-heal|p2a: Enamorus|100/100|[from] item: Leftovers
|upkeep
|turn|7
|
|t:|1758931439
|move|p2a: Enamorus|Earth Power|p1a: Slowking
|-supereffective|p1a: Slowking
|-damage|p1a: Slowking|42/100
|move|p1a: Slowking|Sludge Bomb|p2a: Enamorus
|-supereffective|p2a: Enamorus
|-damage|p2a: Enamorus|37/100
|-status|p2a: Enamorus|psn
|
|-heal|p2a: Enamorus|43/100 psn|[from] item: Leftovers
|-damage|p2a: Enamorus|31/100 psn|[from] psn
|upkeep
|turn|8
|
|t:|1758931451
|switch|p1a: Landorus|Landorus-Therian, M|100/100
|-ability|p1a: Landorus|Intimidate|boost
|-unboost|p2a: Enamorus|atk|1
|move|p2a: Enamorus|Earth Power|p1a: Landorus
|-immune|p1a: Landorus
|
|-heal|p2a: Enamorus|37/100 psn|[from] item: Leftovers
|-damage|p2a: Enamorus|25/100 psn|[from] psn
|upkeep
|turn|9
|
|t:|1758931462
|move|p1a: Landorus|Stone Edge|p2a: Enamorus
|-supereffective|p2a: Enamorus
|-crit|p2a: Enamorus
|-damage|p2a: Enamorus|0 fnt
|faint|p2a: Enamorus
|
|upkeep
|
|t:|1758931470
|switch|p2a: Diancie|Diancie|100/100
|turn|10
|
|t:|1758931475
|switch|p1a: Slowking|Slowking-Galar, F|75/100
|move|p2a: Diancie|Trick Room|p2a: Diancie
|-fieldstart|move: Trick Room|[of] p2a: Diancie
|
|upkeep
|turn|11
|
|t:|1758931480
|-terastallize|p1a: Slowking|Water
|move|p2a: Diancie|Meteor Beam||[still]
|-prepare|p2a: Diancie|Meteor Beam
|-boost|p2a: Diancie|spa|1
|-enditem|p2a: Diancie|Power Herb
|-anim|p2a: Diancie|Meteor Beam|p1a: Slowking
|-damage|p1a: Slowking|32/100
|move|p1a: Slowking|Surf|p2a: Diancie
|-supereffective|p2a: Diancie
|-damage|p2a: Diancie|27/100
|
|upkeep
|turn|12
|
|t:|1758931497
|switch|p1a: Landorus|Landorus-Therian, M|100/100
|-ability|p1a: Landorus|Intimidate|boost
|-fail|p2a: Diancie|unboost|[from] ability: Clear Body|[of] p2a: Diancie
|move|p2a: Diancie|Moonblast|p1a: Landorus
|-damage|p1a: Landorus|2/100
|-unboost|p1a: Landorus|spa|1
|
|upkeep
|turn|13
|
|t:|1758931515
|switch|p1a: Corviknight|Corviknight, M|58/100
|move|p2a: Diancie|Moonblast|p1a: Corviknight
|-resisted|p1a: Corviknight
|-damage|p1a: Corviknight|28/100
|
|upkeep
|turn|14
|inactive|bobby00120 has 120 seconds left.
|
|t:|1758931548
|move|p2a: Diancie|Moonblast|p1a: Corviknight
|-resisted|p1a: Corviknight
|-damage|p1a: Corviknight|0 fnt
|faint|p1a: Corviknight
|
|-fieldend|move: Trick Room
|upkeep
|
|t:|1758931558
|switch|p1a: Ogerpon|Ogerpon-Wellspring, F|100/100
|turn|15
|
|t:|1758931569
|move|p1a: Ogerpon|Ivy Cudgel|p2a: Diancie|[anim] Ivy Cudgel Water
|-supereffective|p2a: Diancie
|-crit|p2a: Diancie
|-damage|p2a: Diancie|0 fnt
|faint|p2a: Diancie
|
|upkeep
|
|t:|1758931576
|switch|p2a: Iron Hands|Iron Hands|100/100
|-enditem|p2a: Iron Hands|Booster Energy
|-activate|p2a: Iron Hands|ability: Quark Drive|[fromitem]
|-start|p2a: Iron Hands|quarkdriveatk
|turn|16
|
|t:|1758931582
|move|p1a: Ogerpon|U-turn|p2a: Iron Hands
|-resisted|p2a: Iron Hands
|-damage|p2a: Iron Hands|92/100
|
|t:|1758931585
|switch|p1a: Landorus|Landorus-Therian, M|2/100|[from] U-turn
|-ability|p1a: Landorus|Intimidate|boost
|-unboost|p2a: Iron Hands|atk|1
|move|p2a: Iron Hands|Swords Dance|p2a: Iron Hands
|-boost|p2a: Iron Hands|atk|2
|
|upkeep
|turn|17
|
|t:|1758931610
|-terastallize|p2a: Iron Hands|Flying
|move|p1a: Landorus|Stone Edge|p2a: Iron Hands
|-supereffective|p2a: Iron Hands
|-damage|p2a: Iron Hands|32/100
|move|p2a: Iron Hands|Drain Punch|p1a: Landorus
|-resisted|p1a: Landorus
|-damage|p1a: Landorus|0 fnt
|-heal|p2a: Iron Hands|33/100|[from] drain|[of] p1a: Landorus
|faint|p1a: Landorus
|
|upkeep
|
|t:|1758931618
|switch|p1a: Ogerpon|Ogerpon-Wellspring, F|100/100
|turn|18
|
|t:|1758931621
|move|p1a: Ogerpon|Ivy Cudgel|p2a: Iron Hands|[anim] Ivy Cudgel Water
|-damage|p2a: Iron Hands|0 fnt
|faint|p2a: Iron Hands
|-end|p2a: Iron Hands|Quark Drive|[silent]
|
|upkeep
|l|☆bobby00120
|inactive|bobby00120 disconnected and has a minute to reconnect!
|player|p2|
|c|☆tokerr|gg
|inactive|bobby00120 has 30 seconds to reconnect!
|inactive|bobby00120 has 20 seconds to reconnect!
|inactive|bobby00120 has 15 seconds to reconnect!
|inactive|bobby00120 has 10 seconds to reconnect!
|inactive|bobby00120 has 5 seconds to reconnect!
|-message|bobby00120 lost due to inactivity.
|
|win|tokerr
|raw|tokerr's rating: 1556 &rarr; <strong>1575</strong><br />(+19 for winning)
|raw|bobby00120's rating: 1545 &rarr; <strong>1526</strong><br />(-19 for losing)
