|j|☆DNU_ambassadors
|j|☆firecharmander004
|t:|1759003562
|gametype|singles
|player|p1|DNU_ambassadors|clown|1516
|player|p2|firecharmander004|1|1495
|gen|9
|tier|[Gen 9] OU
|rated|
|rule|HP Percentage Mod: HP is shown in percentages
|rule|Endless Battle Clause: Forcing endless battles is banned
|rule|Species Clause: Limit one of each Pokémon
|rule|OHKO Clause: OHKO moves are banned
|rule|Evasion Items Clause: Evasion items are banned
|rule|Evasion Moves Clause: Evasion moves are banned
|rule|Evasion Abilities Clause: Evasion abilities are banned
|rule|Sleep Moves Clause: Sleep-inducing moves are banned
|clearpoke
|poke|p1|Hatterene, F|
|poke|p1|Zapdos|
|poke|p1|Zamazenta-*|
|poke|p1|Rillaboom, F|
|poke|p1|Garchomp, F|
|poke|p1|Heatran, F|
|poke|p2|Ogerpon-Wellspring, F|
|poke|p2|Pecharunt|
|poke|p2|Cinderace, F|
|poke|p2|Iron Crown|
|poke|p2|Landorus-Therian, M|
|poke|p2|Meowscarada, M|
|teampreview
|inactive|Battle timer is ON: inactive players will automatically lose when time's up. (requested by firecharmander004)
|inactive|DNU_ambassadors also wants the timer to be on.
|
|t:|1759003583
|teamsize|p1|6
|teamsize|p2|6
|start
|switch|p1a: Hatterene|Hatterene, F|100/100
|switch|p2a: Landorus|Landorus-Therian, M, shiny|100/100
|-ability|p2a: Landorus|Intimidate|boost
|-unboost|p1a: Hatterene|atk|1
|turn|1
|
|t:|1759003589
|move|p2a: Landorus|Earthquake|p1a: Hatterene
|-damage|p1a: Hatterene|51/100
|move|p1a: Hatterene|Psychic Noise|p2a: Landorus
|-damage|p2a: Landorus|29/100
|-start|p2a: Landorus|move: Heal Block
|
|upkeep
|turn|2
|
|t:|1759003598
|move|p2a: Landorus|U-turn|p1a: Hatterene
|-damage|p1a: Hatterene|28/100
|
|t:|1759003601
|switch|p2a: Iron Crown|Iron Crown|100/100|[from] U-turn
|move|p1a: Hatterene|Psychic Noise|p2a: Iron Crown
|-resisted|p2a: Iron Crown
|-damage|p2a: Iron Crown|89/100
|-start|p2a: Iron Crown|move: Heal Block
|
|upkeep
|turn|3
|
|t:|1759003617
|switch|p1a: Zapdos|Zapdos|100/100
|move|p2a: Iron Crown|Volt Switch|p1a: Zapdos
|-damage|p1a: Zapdos|78/100
|
|t:|1759003633
|-end|p2a: Iron Crown|Quark Drive|[silent]
|switch|p2a: Pecharunt|Pecharunt|100/100|[from] Volt Switch
|
|upkeep
|turn|4
|
|t:|1759003639
|switch|p1a: Heatran|Heatran, F|100/100
|-item|p1a: Heatran|Air Balloon
|move|p2a: Pecharunt|Parting Shot|p1a: Heatran
|-unboost|p1a: Heatran|atk|1
|-unboost|p1a: Heatran|spa|1
|
|t:|1759003646
|switch|p2a: Ogerpon|Ogerpon-Wellspring, F|100/100|[from] Parting Shot
|
|upkeep
|turn|5
|
|t:|1759003654
|switch|p1a: Rillaboom|Rillaboom, F|100/100
|-fieldstart|move: Grassy Terrain|[from] ability: Grassy Surge|[of] p1a: Rillaboom
|move|p2a: Ogerpon|Ivy Cudgel|p1a: Rillaboom|[anim] Ivy Cudgel Water
|-resisted|p1a: Rillaboom
|-damage|p1a: Rillaboom|70/100
|
|-heal|p1a: Rillaboom|76/100|[from] Grassy Terrain
|upkeep
|turn|6
|
|t:|1759003659
|switch|p2a: Landorus|Landorus-Therian, M, shiny|29/100
|-ability|p2a: Landorus|Intimidate|boost
|-unboost|p1a: Rillaboom|atk|1
|move|p1a: Rillaboom|U-turn|p2a: Landorus
|-resisted|p2a: Landorus
|-damage|p2a: Landorus|21/100
|-damage|p1a: Rillaboom|59/100|[from] item: Rocky Helmet|[of] p2a: Landorus
|
|t:|1759003664
|switch|p1a: Hatterene|Hatterene, F|28/100|[from] U-turn
|
|-heal|p1a: Hatterene|34/100|[from] Grassy Terrain
|upkeep
|turn|7
|
|t:|1759003670
|move|p2a: Landorus|U-turn|p1a: Hatterene
|-damage|p1a: Hatterene|11/100
|
|t:|1759003673
|switch|p2a: Iron Crown|Iron Crown|89/100|[from] U-turn
|move|p1a: Hatterene|Mystical Fire|p2a: Iron Crown
|-supereffective|p2a: Iron Crown
|-damage|p2a: Iron Crown|34/100
|-unboost|p2a: Iron Crown|spa|1
|
|-heal|p2a: Iron Crown|40/100|[from] Grassy Terrain
|-heal|p1a: Hatterene|17/100|[from] Grassy Terrain
|upkeep
|turn|8
|
|t:|1759003680
|move|p2a: Iron Crown|Volt Switch|p1a: Hatterene
|-damage|p1a: Hatterene|0 fnt
|faint|p1a: Hatterene
|
|t:|1759003687
|-end|p2a: Iron Crown|Quark Drive|[silent]
|switch|p2a: Meowscarada|Meowscarada, M, shiny|100/100|[from] Volt Switch
|
|upkeep
|
|t:|1759003692
|switch|p1a: Zamazenta|Zamazenta|100/100
|-ability|p1a: Zamazenta|Dauntless Shield|boost
|-boost|p1a: Zamazenta|def|1
|turn|9
|
|t:|1759003699
|move|p2a: Meowscarada|U-turn|p1a: Zamazenta
|-start|p2a: Meowscarada|typechange|Bug|[from] ability: Protean
|-resisted|p1a: Zamazenta
|-damage|p1a: Zamazenta|90/100
|
|t:|1759003703
|switch|p2a: Pecharunt|Pecharunt|100/100|[from] U-turn
|move|p1a: Zamazenta|Crunch|p2a: Pecharunt
|-supereffective|p2a: Pecharunt
|-damage|p2a: Pecharunt|76/100
|
|-heal|p1a: Zamazenta|96/100|[from] Grassy Terrain
|-heal|p2a: Pecharunt|82/100|[from] Grassy Terrain
|-fieldend|move: Grassy Terrain
|upkeep
|turn|10
|
|t:|1759003720
|switch|p1a: Heatran|Heatran, F|100/100
|-item|p1a: Heatran|Air Balloon
|move|p2a: Pecharunt|Parting Shot|p1a: Heatran
|-unboost|p1a: Heatran|atk|1
|-unboost|p1a: Heatran|spa|1
|
|t:|1759003724
|switch|p2a: Ogerpon|Ogerpon-Wellspring, F|100/100|[from] Parting Shot
|
|upkeep
|turn|11
|
|t:|1759003734
|switch|p1a: Rillaboom|Rillaboom, F|59/100
|-fieldstart|move: Grassy Terrain|[from] ability: Grassy Surge|[of] p1a: Rillaboom
|move|p2a: Ogerpon|Ivy Cudgel|p1a: Rillaboom|[anim] Ivy Cudgel Water
|-resisted|p1a: Rillaboom
|-damage|p1a: Rillaboom|32/100
|
|-heal|p1a: Rillaboom|38/100|[from] Grassy Terrain
|upkeep
|turn|12
|
|t:|1759003745
|switch|p2a: Landorus|Landorus-Therian, M, shiny|21/100
|-ability|p2a: Landorus|Intimidate|boost
|-unboost|p1a: Rillaboom|atk|1
|move|p1a: Rillaboom|Knock Off|p2a: Landorus
|-damage|p2a: Landorus|0 fnt
|-damage|p1a: Rillaboom|21/100|[from] item: Rocky Helmet|[of] p2a: Landorus
|-enditem|p2a: Landorus|Rocky Helmet|[from] move: Knock Off|[of] p1a: Rillaboom
|faint|p2a: Landorus
|
|-heal|p1a: Rillaboom|28/100|[from] Grassy Terrain
|upkeep
|
|t:|1759003763
|switch|p2a: Iron Crown|Iron Crown|40/100
|turn|13
|
|t:|1759003772
|move|p2a: Iron Crown|Focus Blast|p1a: Rillaboom|[miss]
|-miss|p2a: Iron Crown|p1a: Rillaboom
|move|p1a: Rillaboom|U-turn|p2a: Iron Crown
|-damage|p2a: Iron Crown|21/100
|
|t:|1759003774
|switch|p1a: Zapdos|Zapdos|78/100|[from] U-turn
|
|-heal|p2a: Iron Crown|27/100|[from] Grassy Terrain
|upkeep
|turn|14
|
|t:|1759003778
|move|p2a: Iron Crown|Psychic Noise|p1a: Zapdos
|-damage|p1a: Zapdos|40/100
|-start|p1a: Zapdos|move: Heal Block
|cant|p1a: Zapdos|move: Heal Block|Roost
|
|-heal|p2a: Iron Crown|33/100|[from] Grassy Terrain
|upkeep
|turn|15
|
|t:|1759003785
|move|p2a: Iron Crown|Psychic Noise|p1a: Zapdos
|-damage|p1a: Zapdos|4/100
|move|p1a: Zapdos|Hurricane|p2a: Iron Crown
|-resisted|p2a: Iron Crown
|-damage|p2a: Iron Crown|18/100
|
|-heal|p2a: Iron Crown|24/100|[from] Grassy Terrain
|-end|p1a: Zapdos|move: Heal Block
|-fieldend|move: Grassy Terrain
|upkeep
|turn|16
|
|t:|1759003792
|move|p2a: Iron Crown|Volt Switch|p1a: Zapdos
|-damage|p1a: Zapdos|0 fnt
|faint|p1a: Zapdos
|
|t:|1759003796
|-end|p2a: Iron Crown|Quark Drive|[silent]
|switch|p2a: Meowscarada|Meowscarada, M, shiny|100/100|[from] Volt Switch
|
|upkeep
|
|t:|1759003798
|switch|p1a: Zamazenta|Zamazenta|96/100
|turn|17
|
|t:|1759003805
|switch|p1a: Garchomp|Garchomp, F|100/100
|move|p2a: Meowscarada|U-turn|p1a: Garchomp
|-start|p2a: Meowscarada|typechange|Bug|[from] ability: Protean
|-damage|p1a: Garchomp|78/100
|-damage|p2a: Meowscarada|88/100|[from] ability: Rough Skin|[of] p1a: Garchomp
|-damage|p2a: Meowscarada|72/100|[from] item: Rocky Helmet|[of] p1a: Garchomp
|
|t:|1759003819
|switch|p2a: Iron Crown|Iron Crown|24/100|[from] U-turn
|
|upkeep
|turn|18
|
|t:|1759003832
|switch|p1a: Rillaboom|Rillaboom, F|28/100
|-fieldstart|move: Grassy Terrain|[from] ability: Grassy Surge|[of] p1a: Rillaboom
|move|p2a: Iron Crown|Tachyon Cutter|p1a: Rillaboom
|-damage|p1a: Rillaboom|9/100
|-damage|p1a: Rillaboom|0 fnt
|faint|p1a: Rillaboom
|-hitcount|p1: Rillaboom|2
|
|-heal|p2a: Iron Crown|30/100|[from] Grassy Terrain
|upkeep
|
|t:|1759003835
|switch|p1a: Heatran|Heatran, F|100/100
|-item|p1a: Heatran|Air Balloon
|turn|19
|
|t:|1759003839
|move|p2a: Iron Crown|Focus Blast|p1a: Heatran
|-supereffective|p1a: Heatran
|-damage|p1a: Heatran|52/100
|-enditem|p1a: Heatran|Air Balloon
|move|p1a: Heatran|Earth Power|p2a: Iron Crown
|-supereffective|p2a: Iron Crown
|-damage|p2a: Iron Crown|0 fnt
|faint|p2a: Iron Crown
|-end|p2a: Iron Crown|Quark Drive|[silent]
|
|-heal|p1a: Heatran|59/100|[from] Grassy Terrain
|upkeep
|
|t:|1759003847
|switch|p2a: Ogerpon|Ogerpon-Wellspring, F|100/100
|turn|20
|
|t:|1759003856
|switch|p1a: Zamazenta|Zamazenta|96/100
|-terastallize|p2a: Ogerpon|Water
|detailschange|p2a: Ogerpon|Ogerpon-Wellspring-Tera, F, tera:Water
|-ability|p2a: Ogerpon|Embody Aspect (Wellspring)|boost
|-boost|p2a: Ogerpon|spd|1
|move|p2a: Ogerpon|Ivy Cudgel|p1a: Zamazenta|[anim] Ivy Cudgel Water
|-damage|p1a: Zamazenta|28/100
|
|-heal|p1a: Zamazenta|34/100|[from] Grassy Terrain
|upkeep
|turn|21
|
|t:|1759003862
|switch|p2a: Pecharunt|Pecharunt|82/100
|move|p1a: Zamazenta|Close Combat|p2a: Pecharunt
|-immune|p2a: Pecharunt
|
|-heal|p1a: Zamazenta|40/100|[from] Grassy Terrain
|-heal|p2a: Pecharunt|88/100|[from] Grassy Terrain
|upkeep
|turn|22
|
|t:|1759003870
|move|p1a: Zamazenta|Crunch|p2a: Pecharunt
|-supereffective|p2a: Pecharunt
|-damage|p2a: Pecharunt|63/100
|move|p2a: Pecharunt|Parting Shot|p1a: Zamazenta
|-unboost|p1a: Zamazenta|atk|1
|-unboost|p1a: Zamazenta|spa|1
|
|t:|1759003879
|switch|p2a: Cinderace|Cinderace, F|100/100|[from] Parting Shot
|
|-heal|p1a: Zamazenta|46/100|[from] Grassy Terrain
|-fieldend|move: Grassy Terrain
|upkeep
|turn|23
|
|t:|1759003883
|switch|p1a: Garchomp|Garchomp, F|78/100
|move|p2a: Cinderace|U-turn|p1a: Garchomp
|-damage|p1a: Garchomp|66/100
|-damage|p2a: Cinderace|88/100|[from] ability: Rough Skin|[of] p1a: Garchomp
|-damage|p2a: Cinderace|72/100|[from] item: Rocky Helmet|[of] p1a: Garchomp
|
|t:|1759003886
|switch|p2a: Ogerpon|Ogerpon-Wellspring-Tera, F, tera:Water|100/100|[from] U-turn
|-ability|p2a: Ogerpon|Embody Aspect (Wellspring)|boost
|-boost|p2a: Ogerpon|spd|1
|
|upkeep
|turn|24
|
|t:|1759003892
|move|p2a: Ogerpon|Ivy Cudgel|p1a: Garchomp|[anim] Ivy Cudgel Water
|-damage|p1a: Garchomp|18/100
|move|p1a: Garchomp|Earthquake|p2a: Ogerpon
|-crit|p2a: Ogerpon
|-damage|p2a: Ogerpon|11/100
|
|upkeep
|turn|25
|
|t:|1759003896
|move|p2a: Ogerpon|Ivy Cudgel|p1a: Garchomp|[anim] Ivy Cudgel Water
|-damage|p1a: Garchomp|0 fnt
|faint|p1a: Garchomp
|
|upkeep
|
|t:|1759003901
|switch|p1a: Zamazenta|Zamazenta|46/100
|turn|26
|
|t:|1759003905
|switch|p2a: Cinderace|Cinderace, F|72/100
|-terastallize|p1a: Zamazenta|Dark
|move|p1a: Zamazenta|Crunch|p2a: Cinderace
|-damage|p2a: Cinderace|20/100
|
|upkeep
|turn|27
|
|t:|1759003912
|move|p1a: Zamazenta|Crunch|p2a: Cinderace
|-damage|p2a: Cinderace|0 fnt
|faint|p2a: Cinderace
|
|upkeep
|
|t:|1759003913
|switch|p2a: Meowscarada|Meowscarada, M, shiny|72/100
|turn|28
|
|t:|1759003918
|move|p2a: Meowscarada|U-turn|p1a: Zamazenta
|-start|p2a: Meowscarada|typechange|Bug|[from] ability: Protean
|-supereffective|p1a: Zamazenta
|-damage|p1a: Zamazenta|0 fnt
|faint|p1a: Zamazenta
|-message|DNU_ambassadors forfeited.
|
|win|firecharmander004
|raw|DNU_ambassadors's rating: 1516 &rarr; <strong>1495</strong><br />(-21 for losing)
|raw|firecharmander004's rating: 1495 &rarr; <strong>1516</strong><br />(+21 for winning)
|l|☆DNU_ambassadors
|player|p1|
