|j|☆bellaisokay
|j|☆keyiquan
|t:|1758945807
|gametype|singles
|player|p1|bellaisokay|sabrina|1505
|player|p2|keyiquan|169|1429
|gen|9
|tier|[Gen 9] OU
|rated|
|rule|HP Percentage Mod: HP is shown in percentages
|rule|Endless Battle Clause: Forcing endless battles is banned
|rule|Species Clause: Limit one of each Pokémon
|rule|OHKO Clause: OHKO moves are banned
|rule|Evasion Items Clause: Evasion items are banned
|rule|Evasion Moves Clause: Evasion moves are banned
|rule|Evasion Abilities Clause: Evasion abilities are banned
|rule|Sleep Moves Clause: Sleep-inducing moves are banned
|clearpoke
|poke|p1|Gholdengo|
|poke|p1|Zamazenta-*|
|poke|p1|Ting-Lu|
|poke|p1|Clefable, F|
|poke|p1|Dragonite, M|
|poke|p1|Deoxys-Speed|
|poke|p2|Kyurem|
|poke|p2|Scizor, M|
|poke|p2|Landorus-Therian, M|
|poke|p2|Moltres|
|poke|p2|Great Tusk|
|poke|p2|Glimmora, M|
|teampreview
|inactive|Battle timer is ON: inactive players will automatically lose when time's up. (requested by keyiquan)
|
|t:|1758945821
|teamsize|p1|6
|teamsize|p2|6
|start
|switch|p1a: Dude Nasty Asf|Deoxys-Speed|100/100
|switch|p2a: Glimmora|Glimmora, M|100/100
|-ability|p1a: Dude Nasty Asf|Pressure
|turn|1
|
|t:|1758945835
|move|p1a: Dude Nasty Asf|Psycho Boost|p2a: Glimmora
|-supereffective|p2a: Glimmora
|-enditem|p2a: Glimmora|Focus Sash
|-damage|p2a: Glimmora|1/100
|-unboost|p1a: Dude Nasty Asf|spa|2
|move|p2a: Glimmora|Sludge Wave|p1a: Dude Nasty Asf
|-damage|p1a: Dude Nasty Asf|32/100
|
|upkeep
|turn|2
|
|t:|1758945844
|switch|p2a: Scizor|Scizor, M|100/100
|move|p1a: Dude Nasty Asf|Ice Beam|p2a: Scizor
|-resisted|p2a: Scizor
|-damage|p2a: Scizor|90/100
|
|upkeep
|turn|3
|
|t:|1758945853
|switch|p1a: CClifford|Zamazenta|100/100
|-ability|p1a: CClifford|Dauntless Shield|boost
|-boost|p1a: CClifford|def|1
|move|p2a: Scizor|U-turn|p1a: CClifford
|-resisted|p1a: CClifford
|-damage|p1a: CClifford|83/100
|
|t:|1758945867
|switch|p2a: Landorus|Landorus-Therian, M|100/100|[from] U-turn
|-ability|p2a: Landorus|Intimidate|boost
|-unboost|p1a: CClifford|atk|1
|
|upkeep
|turn|4
|
|t:|1758945877
|move|p1a: CClifford|Ice Fang|p2a: Landorus
|-supereffective|p2a: Landorus
|-damage|p2a: Landorus|37/100
|cant|p2a: Landorus|flinch
|
|upkeep
|turn|5
|
|t:|1758945883
|switch|p2a: Moltres|Moltres|100/100
|move|p1a: CClifford|Ice Fang|p2a: Moltres
|-damage|p2a: Moltres|90/100
|
|upkeep
|turn|6
|
|t:|1758945891
|switch|p1a: Up Bowl On Em|Ting-Lu|100/100
|-ability|p1a: Up Bowl On Em|Vessel of Ruin
|move|p2a: Moltres|Hurricane|p1a: Up Bowl On Em
|-damage|p1a: Up Bowl On Em|80/100
|
|-heal|p1a: Up Bowl On Em|87/100|[from] item: Leftovers
|upkeep
|turn|7
|
|t:|1758945900
|move|p2a: Moltres|Will-O-Wisp|p1a: Up Bowl On Em
|-status|p1a: Up Bowl On Em|brn
|move|p1a: Up Bowl On Em|Spikes|p2a: Moltres
|-sidestart|p2: keyiquan|Spikes
|
|-heal|p1a: Up Bowl On Em|93/100 brn|[from] item: Leftovers
|-damage|p1a: Up Bowl On Em|87/100 brn|[from] brn
|upkeep
|turn|8
|
|t:|1758945908
|switch|p2a: Great Tusk|Great Tusk|100/100
|-damage|p2a: Great Tusk|88/100|[from] Spikes
|-enditem|p2a: Great Tusk|Booster Energy
|-activate|p2a: Great Tusk|ability: Protosynthesis|[fromitem]
|-start|p2a: Great Tusk|protosynthesisatk
|move|p1a: Up Bowl On Em|Spikes|p2a: Great Tusk
|-sidestart|p2: keyiquan|Spikes
|
|-heal|p1a: Up Bowl On Em|93/100 brn|[from] item: Leftovers
|-damage|p1a: Up Bowl On Em|87/100 brn|[from] brn
|upkeep
|turn|9
|
|t:|1758945919
|switch|p1a: Djengo Unrained|Gholdengo|100/100
|move|p2a: Great Tusk|Ice Spinner|p1a: Djengo Unrained
|-resisted|p1a: Djengo Unrained
|-damage|p1a: Djengo Unrained|86/100
|
|upkeep
|turn|10
|
|t:|1758945934
|move|p2a: Great Tusk|Headlong Rush|p1a: Djengo Unrained
|-supereffective|p1a: Djengo Unrained
|-damage|p1a: Djengo Unrained|0 fnt
|-unboost|p2a: Great Tusk|def|1
|-unboost|p2a: Great Tusk|spd|1
|faint|p1a: Djengo Unrained
|
|upkeep
|
|t:|1758945936
|switch|p1a: Dude Nasty Asf|Deoxys-Speed|32/100
|-ability|p1a: Dude Nasty Asf|Pressure
|turn|11
|
|t:|1758945945
|-end|p2a: Great Tusk|Protosynthesis|[silent]
|switch|p2a: Glimmora|Glimmora, M|1/100
|-damage|p2a: Glimmora|0 fnt|[from] Spikes
|faint|p2a: Glimmora
|move|p1a: Dude Nasty Asf|Psycho Boost|p2: Glimmora|[notarget]
|-fail|p1a: Dude Nasty Asf
|
|upkeep
|
|t:|1758945951
|switch|p2a: Scizor|Scizor, M|90/100
|-damage|p2a: Scizor|73/100|[from] Spikes
|turn|12
|
|t:|1758945967
|-terastallize|p1a: Dude Nasty Asf|Electric
|move|p1a: Dude Nasty Asf|Thunderbolt|p2a: Scizor
|-damage|p2a: Scizor|12/100
|move|p2a: Scizor|U-turn|p1a: Dude Nasty Asf
|-damage|p1a: Dude Nasty Asf|0 fnt
|faint|p1a: Dude Nasty Asf
|
|t:|1758945977
|switch|p2a: Great Tusk|Great Tusk|88/100|[from] U-turn
|-damage|p2a: Great Tusk|72/100|[from] Spikes
|
|upkeep
|
|t:|1758945983
|switch|p1a: Moonrock 350|Clefable, F|100/100
|turn|13
|
|t:|1758945989
|move|p2a: Great Tusk|Rapid Spin|p1a: Moonrock 350
|-damage|p1a: Moonrock 350|88/100
|-boost|p2a: Great Tusk|spe|1
|-damage|p2a: Great Tusk|55/100|[from] item: Rocky Helmet|[of] p1a: Moonrock 350
|-sideend|p2: keyiquan|Spikes|[from] move: Rapid Spin|[of] p2a: Great Tusk
|move|p1a: Moonrock 350|Moonblast|p2a: Great Tusk
|-supereffective|p2a: Great Tusk
|-damage|p2a: Great Tusk|0 fnt
|faint|p2a: Great Tusk
|-end|p2a: Great Tusk|Protosynthesis|[silent]
|
|upkeep
|
|t:|1758946002
|switch|p2a: Kyurem|Kyurem|100/100
|-ability|p2a: Kyurem|Pressure
|turn|14
|
|t:|1758946010
|move|p2a: Kyurem|Protect|p2a: Kyurem
|-singleturn|p2a: Kyurem|Protect
|move|p1a: Moonrock 350|Knock Off|p2a: Kyurem
|-activate|p2a: Kyurem|move: Protect
|
|upkeep
|turn|15
|
|t:|1758946016
|move|p2a: Kyurem|Substitute|p2a: Kyurem
|-start|p2a: Kyurem|Substitute
|-damage|p2a: Kyurem|76/100
|move|p1a: Moonrock 350|Moonblast|p2a: Kyurem
|-supereffective|p2a: Kyurem
|-end|p2a: Kyurem|Substitute
|
|-heal|p2a: Kyurem|82/100|[from] item: Leftovers
|upkeep
|turn|16
|
|t:|1758946024
|move|p2a: Kyurem|Protect|p2a: Kyurem
|-singleturn|p2a: Kyurem|Protect
|move|p1a: Moonrock 350|Knock Off|p2a: Kyurem
|-activate|p2a: Kyurem|move: Protect
|
|-heal|p2a: Kyurem|88/100|[from] item: Leftovers
|upkeep
|turn|17
|
|t:|1758946031
|move|p2a: Kyurem|Substitute|p2a: Kyurem
|-start|p2a: Kyurem|Substitute
|-damage|p2a: Kyurem|63/100
|move|p1a: Moonrock 350|Moonblast|p2a: Kyurem
|-supereffective|p2a: Kyurem
|-end|p2a: Kyurem|Substitute
|
|-heal|p2a: Kyurem|69/100|[from] item: Leftovers
|upkeep
|turn|18
|
|t:|1758946040
|move|p2a: Kyurem|Freeze-Dry|p1a: Moonrock 350
|-damage|p1a: Moonrock 350|54/100
|move|p1a: Moonrock 350|Moonblast|p2a: Kyurem
|-supereffective|p2a: Kyurem
|-damage|p2a: Kyurem|8/100
|-unboost|p2a: Kyurem|spa|1
|
|-heal|p2a: Kyurem|14/100|[from] item: Leftovers
|upkeep
|turn|19
|
|t:|1758946050
|switch|p2a: Moltres|Moltres|90/100
|move|p1a: Moonrock 350|Moonblast|p2a: Moltres
|-resisted|p2a: Moltres
|-damage|p2a: Moltres|75/100
|
|upkeep
|turn|20
|
|t:|1758946057
|move|p2a: Moltres|Will-O-Wisp|p1a: Moonrock 350|[miss]
|-miss|p2a: Moltres|p1a: Moonrock 350
|move|p1a: Moonrock 350|Moonlight|p1a: Moonrock 350
|-heal|p1a: Moonrock 350|100/100
|
|upkeep
|turn|21
|
|t:|1758946062
|move|p2a: Moltres|Will-O-Wisp|p1a: Moonrock 350
|-status|p1a: Moonrock 350|brn
|move|p1a: Moonrock 350|Stealth Rock|p2a: Moltres
|-sidestart|p2: keyiquan|move: Stealth Rock
|
|upkeep
|turn|22
|
|t:|1758946074
|switch|p1a: Up Bowl On Em|Ting-Lu|87/100 brn
|-ability|p1a: Up Bowl On Em|Vessel of Ruin
|move|p2a: Moltres|Flamethrower|p1a: Up Bowl On Em
|-damage|p1a: Up Bowl On Em|72/100 brn
|
|-heal|p1a: Up Bowl On Em|79/100 brn|[from] item: Leftovers
|-damage|p1a: Up Bowl On Em|72/100 brn|[from] brn
|upkeep
|turn|23
|
|t:|1758946091
|switch|p2a: Scizor|Scizor, M|12/100
|-damage|p2a: Scizor|0 fnt|[from] Stealth Rock
|faint|p2a: Scizor
|move|p1a: Up Bowl On Em|Spikes|p2: Scizor
|-sidestart|p2: keyiquan|Spikes
|
|-heal|p1a: Up Bowl On Em|79/100 brn|[from] item: Leftovers
|-damage|p1a: Up Bowl On Em|72/100 brn|[from] brn
|upkeep
|-message|keyiquan forfeited.
|
|win|bellaisokay
|raw|bellaisokay's rating: 1505 &rarr; <strong>1521</strong><br />(+16 for winning)
|raw|keyiquan's rating: 1429 &rarr; <strong>1413</strong><br />(-16 for losing)
|l|☆keyiquan
|player|p2|
|l|☆bellaisokay
|player|p1|
