|j|☆supersaiyanwolf
|j|☆UltraGodGreninja
|t:|1759039815
|gametype|singles
|player|p1|supersaiyanwolf|pokemonranger|1442
|player|p2|UltraGodGreninja|skyla|1383
|gen|9
|tier|[Gen 9] OU
|rated|
|rule|HP Percentage Mod: HP is shown in percentages
|rule|Endless Battle Clause: Forcing endless battles is banned
|rule|Species Clause: Limit one of each Pokémon
|rule|OHKO Clause: OHKO moves are banned
|rule|Evasion Items Clause: Evasion items are banned
|rule|Evasion Moves Clause: Evasion moves are banned
|rule|Evasion Abilities Clause: Evasion abilities are banned
|rule|Sleep Moves Clause: Sleep-inducing moves are banned
|clearpoke
|poke|p1|Iron Crown|
|poke|p1|Iron Hands|
|poke|p1|Grimmsnarl, M|
|poke|p1|Great Tusk|
|poke|p1|Dragonite, F|
|poke|p1|Glimmora, M|
|poke|p2|Greninja-*, M|
|poke|p2|Great Tusk|
|poke|p2|Heatran, F|
|poke|p2|Lokix, M|
|poke|p2|Zapdos|
|poke|p2|Alomomola, M|
|teampreview
|
|t:|1759039832
|teamsize|p1|6
|teamsize|p2|6
|start
|switch|p1a: Great Tusk|Great Tusk|100/100
|switch|p2a: Lokix|Lokix, M|100/100
|-enditem|p1a: Great Tusk|Booster Energy
|-activate|p1a: Great Tusk|ability: Protosynthesis|[fromitem]
|-start|p1a: Great Tusk|protosynthesisspe
|turn|1
|
|t:|1759039839
|switch|p2a: Zapdos|Zapdos|100/100
|move|p1a: Great Tusk|Headlong Rush|p2a: Zapdos
|-immune|p2a: Zapdos
|
|upkeep
|turn|2
|
|t:|1759039846
|-end|p1a: Great Tusk|Protosynthesis|[silent]
|switch|p1a: Grimmsnarl|Grimmsnarl, M, shiny|100/100
|move|p2a: Zapdos|Hurricane|p1a: Grimmsnarl
|-damage|p1a: Grimmsnarl|61/100
|
|upkeep
|turn|3
|
|t:|1759039851
|move|p1a: Grimmsnarl|Light Screen|p1a: Grimmsnarl
|-sidestart|p1: supersaiyanwolf|move: Light Screen
|move|p2a: Zapdos|U-turn|p1a: Grimmsnarl
|-damage|p1a: Grimmsnarl|48/100
|
|t:|1759039868
|switch|p2a: Lokix|Lokix, M|100/100|[from] U-turn
|
|upkeep
|turn|4
|
|t:|1759039873
|switch|p1a: Great Tusk|Great Tusk|100/100
|-terastallize|p2a: Lokix|Bug
|move|p2a: Lokix|U-turn|p1a: Great Tusk
|-resisted|p1a: Great Tusk
|-damage|p1a: Great Tusk|61/100
|
|t:|1759039876
|switch|p2a: Greninja|Greninja, M|100/100|[from] U-turn
|
|upkeep
|turn|5
|
|t:|1759039885
|move|p2a: Greninja|Ice Beam|p1a: Great Tusk
|-start|p2a: Greninja|typechange|Ice|[from] ability: Protean
|-supereffective|p1a: Great Tusk
|-crit|p1a: Great Tusk
|-damage|p1a: Great Tusk|0 fnt
|faint|p1a: Great Tusk
|-end|p1a: Great Tusk|Protosynthesis|[silent]
|
|upkeep
|
|t:|1759039891
|switch|p1a: Big Boss|Iron Hands|100/100
|turn|6
|
|t:|1759039907
|switch|p2a: Lokix|Lokix, M, tera:Bug|100/100
|move|p1a: Big Boss|Swords Dance|p1a: Big Boss
|-boost|p1a: Big Boss|atk|2
|
|upkeep
|turn|7
|
|t:|1759039913
|move|p2a: Lokix|U-turn|p1a: Big Boss
|-resisted|p1a: Big Boss
|-damage|p1a: Big Boss|57/100
|
|t:|1759039915
|switch|p2a: Great Tusk|Great Tusk|100/100|[from] U-turn
|move|p1a: Big Boss|Thunder Punch|p2a: Great Tusk
|-immune|p2a: Great Tusk
|
|-heal|p1a: Big Boss|63/100|[from] item: Leftovers
|upkeep
|turn|8
|
|t:|1759039919
|move|p2a: Great Tusk|Headlong Rush|p1a: Big Boss
|-supereffective|p1a: Big Boss
|-damage|p1a: Big Boss|0 fnt
|-unboost|p2a: Great Tusk|def|1
|-unboost|p2a: Great Tusk|spd|1
|faint|p1a: Big Boss
|-end|p1a: Big Boss|Quark Drive|[silent]
|
|upkeep
|
|t:|1759039924
|switch|p1a: Grimmsnarl|Grimmsnarl, M, shiny|48/100
|turn|9
|
|t:|1759039940
|move|p1a: Grimmsnarl|Reflect|p1a: Grimmsnarl
|-sidestart|p1: supersaiyanwolf|Reflect
|move|p2a: Great Tusk|Headlong Rush|p1a: Grimmsnarl
|-damage|p1a: Grimmsnarl|18/100
|-unboost|p2a: Great Tusk|def|1
|-unboost|p2a: Great Tusk|spd|1
|
|upkeep
|turn|10
|
|t:|1759039947
|-end|p2a: Great Tusk|Protosynthesis|[silent]
|switch|p2a: Zapdos|Zapdos|100/100
|move|p1a: Grimmsnarl|Parting Shot|p2a: Zapdos
|-unboost|p2a: Zapdos|atk|1
|-unboost|p2a: Zapdos|spa|1
|
|t:|1759039956
|switch|p1a: temu Nilhilego|Glimmora, M|100/100|[from] Parting Shot
|
|-sideend|p1: supersaiyanwolf|move: Light Screen
|upkeep
|turn|11
|
|t:|1759039982
|switch|p2a: Alomomola|Alomomola, M|100/100
|move|p1a: temu Nilhilego|Rock Polish|p1a: temu Nilhilego
|-boost|p1a: temu Nilhilego|spe|2
|
|upkeep
|turn|12
|
|t:|1759039996
|move|p1a: temu Nilhilego|Meteor Beam||[still]
|-prepare|p1a: temu Nilhilego|Meteor Beam
|-boost|p1a: temu Nilhilego|spa|1
|-enditem|p1a: temu Nilhilego|Power Herb
|-anim|p1a: temu Nilhilego|Meteor Beam|p2a: Alomomola
|-damage|p2a: Alomomola|49/100
|move|p2a: Alomomola|Scald|p1a: temu Nilhilego
|-supereffective|p1a: temu Nilhilego
|-damage|p1a: temu Nilhilego|65/100
|
|upkeep
|turn|13
|
|t:|1759040018
|-terastallize|p1a: temu Nilhilego|Fairy
|move|p1a: temu Nilhilego|Meteor Beam||[still]
|-prepare|p1a: temu Nilhilego|Meteor Beam
|-boost|p1a: temu Nilhilego|spa|1
|move|p2a: Alomomola|Mirror Coat||[still]
|-fail|p2a: Alomomola
|
|upkeep
|turn|14
|
|t:|1759040040
|move|p1a: temu Nilhilego|Meteor Beam|p2a: Alomomola|[from] lockedmove
|-damage|p2a: Alomomola|0 fnt
|faint|p2a: Alomomola
|
|upkeep
|
|t:|1759040051
|switch|p2a: Greninja|Greninja, M|100/100
|turn|15
|
|t:|1759040054
|move|p1a: temu Nilhilego|Dazzling Gleam|p2a: Greninja
|-supereffective|p2a: Greninja
|-damage|p2a: Greninja|0 fnt
|faint|p2a: Greninja
|
|upkeep
|
|t:|1759040059
|switch|p2a: Heatran|Heatran, F|100/100
|turn|16
|
|t:|1759040061
|move|p1a: temu Nilhilego|Earth Power|p2a: Heatran
|-supereffective|p2a: Heatran
|-damage|p2a: Heatran|0 fnt
|faint|p2a: Heatran
|
|-sideend|p1: supersaiyanwolf|Reflect
|upkeep
|
|t:|1759040063
|switch|p2a: Lokix|Lokix, M, tera:Bug|100/100
|turn|17
|
|t:|1759040080
|move|p2a: Lokix|First Impression|p1a: temu Nilhilego
|-resisted|p1a: temu Nilhilego
|-damage|p1a: temu Nilhilego|0 fnt
|-activate|p1a: temu Nilhilego|ability: Toxic Debris
|-sidestart|p2: UltraGodGreninja|move: Toxic Spikes
|faint|p1a: temu Nilhilego
|
|upkeep
|
|t:|1759040084
|switch|p1a: Grimmsnarl|Grimmsnarl, M, shiny|18/100
|turn|18
|
|t:|1759040088
|switch|p2a: Zapdos|Zapdos|100/100
|move|p1a: Grimmsnarl|Reflect|p1a: Grimmsnarl
|-sidestart|p1: supersaiyanwolf|Reflect
|
|upkeep
|turn|19
|
|t:|1759040094
|move|p1a: Grimmsnarl|Light Screen|p1a: Grimmsnarl
|-sidestart|p1: supersaiyanwolf|move: Light Screen
|move|p2a: Zapdos|Thunderbolt|p1a: Grimmsnarl
|-damage|p1a: Grimmsnarl|1/100
|
|upkeep
|turn|20
|
|t:|1759040102
|move|p1a: Grimmsnarl|Parting Shot|p2a: Zapdos
|-unboost|p2a: Zapdos|atk|1
|-unboost|p2a: Zapdos|spa|1
|
|t:|1759040105
|switch|p1a: Iron Crown|Iron Crown|100/100|[from] Parting Shot
|-enditem|p1a: Iron Crown|Booster Energy
|-activate|p1a: Iron Crown|ability: Quark Drive|[fromitem]
|-start|p1a: Iron Crown|quarkdrivespe
|move|p2a: Zapdos|U-turn|p1a: Iron Crown
|-crit|p1a: Iron Crown
|-damage|p1a: Iron Crown|81/100
|
|t:|1759040108
|switch|p2a: Lokix|Lokix, M, tera:Bug|100/100|[from] U-turn
|-status|p2a: Lokix|psn
|
|-damage|p2a: Lokix|88/100 psn|[from] psn
|upkeep
|turn|21
|
|t:|1759040113
|move|p2a: Lokix|First Impression|p1a: Iron Crown
|-damage|p1a: Iron Crown|34/100
|move|p1a: Iron Crown|Iron Defense|p1a: Iron Crown
|-boost|p1a: Iron Crown|def|2
|
|-damage|p2a: Lokix|76/100 psn|[from] psn
|upkeep
|turn|22
|-message|UltraGodGreninja forfeited.
|
|win|supersaiyanwolf
|raw|supersaiyanwolf's rating: 1442 &rarr; <strong>1460</strong><br />(+18 for winning)
|raw|UltraGodGreninja's rating: 1400 &rarr; <strong>1382</strong><br />(-18 for losing)
|l|☆UltraGodGreninja
|player|p2|
|l|☆supersaiyanwolf
|player|p1|
