|j|☆pilotrainbow312
|j|☆itstheboyjay
|t:|1758920670
|gametype|singles
|player|p1|pilotrainbow312|1|1135
|player|p2|itstheboyjay|barry|1128
|gen|9
|tier|[Gen 9] OU
|rated|
|rule|HP Percentage Mod: HP is shown in percentages
|rule|Endless Battle Clause: Forcing endless battles is banned
|rule|Species Clause: Limit one of each Pokémon
|rule|OHKO Clause: OHKO moves are banned
|rule|Evasion Items Clause: Evasion items are banned
|rule|Evasion Moves Clause: Evasion moves are banned
|rule|Evasion Abilities Clause: Evasion abilities are banned
|rule|Sleep Moves Clause: Sleep-inducing moves are banned
|clearpoke
|poke|p1|Indeedee, M|
|poke|p1|Hatterene, F|
|poke|p1|Ursaluna, F|
|poke|p1|Iron Hands|
|poke|p1|Hoopa-Unbound|
|poke|p1|Mimikyu, F|
|poke|p2|Stonjourner, M|
|poke|p2|Glastrier|
|poke|p2|Polteageist-Antique|
|poke|p2|Alcremie-Rainbow-Swirl, F|
|poke|p2|Inteleon, M|
|poke|p2|Corviknight, M|
|teampreview
|inactive|Battle timer is ON: inactive players will automatically lose when time's up. (requested by pilotrainbow312)
|inactiveoff|Battle timer is now OFF.
|
|t:|1758920690
|teamsize|p1|6
|teamsize|p2|6
|start
|switch|p1a: LEBRON|Iron Hands|100/100
|switch|p2a: Inteleon|Inteleon, M|100/100
|-enditem|p1a: LEBRON|Booster Energy
|-activate|p1a: LEBRON|ability: Quark Drive|[fromitem]
|-start|p1a: LEBRON|quarkdriveatk
|turn|1
|inactive|Battle timer is ON: inactive players will automatically lose when time's up. (requested by itstheboyjay)
|
|t:|1758920701
|move|p2a: Inteleon|U-turn|p1a: LEBRON
|-resisted|p1a: LEBRON
|-damage|p1a: LEBRON|95/100
|
|t:|1758920709
|switch|p2a: Glastrier|Glastrier|100/100|[from] U-turn
|move|p1a: LEBRON|Supercell Slam|p2a: Glastrier
|-crit|p2a: Glastrier
|-damage|p2a: Glastrier|43/100
|-damage|p1a: LEBRON|79/100|[from] item: Rocky Helmet|[of] p2a: Glastrier
|
|upkeep
|turn|2
|
|t:|1758920722
|-terastallize|p2a: Glastrier|Dragon
|move|p1a: LEBRON|Supercell Slam|p2a: Glastrier
|-resisted|p2a: Glastrier
|-damage|p2a: Glastrier|24/100
|-damage|p1a: LEBRON|62/100|[from] item: Rocky Helmet|[of] p2a: Glastrier
|move|p2a: Glastrier|Rest|p2a: Glastrier
|-status|p2a: Glastrier|slp|[from] move: Rest
|-heal|p2a: Glastrier|100/100 slp|[silent]
|
|upkeep
|turn|3
|
|t:|1758920734
|move|p1a: LEBRON|Ice Punch|p2a: Glastrier
|-supereffective|p2a: Glastrier
|-damage|p2a: Glastrier|57/100 slp
|-damage|p1a: LEBRON|45/100|[from] item: Rocky Helmet|[of] p2a: Glastrier
|cant|p2a: Glastrier|slp
|move|p2a: Glastrier|Sleep Talk|p2a: Glastrier
|move|p2a: Glastrier|Avalanche|p1a: LEBRON|[from] move: Sleep Talk
|-damage|p1a: LEBRON|8/100
|
|upkeep
|turn|4
|
|t:|1758920756
|-end|p1a: LEBRON|Quark Drive|[silent]
|switch|p1a: Subaru|Indeedee, M, shiny|100/100
|-fieldstart|move: Psychic Terrain|[from] ability: Psychic Surge|[of] p1a: Subaru
|cant|p2a: Glastrier|slp
|move|p2a: Glastrier|Sleep Talk|p2a: Glastrier
|move|p2a: Glastrier|Rest||[from] move: Sleep Talk|[still]
|-fail|p2a: Glastrier
|
|upkeep
|turn|5
|
|t:|1758920782
|switch|p2a: Alcremie|Alcremie-Rainbow-Swirl, F, shiny|100/100
|move|p1a: Subaru|Encore|p2a: Alcremie
|-block|p2a: Alcremie|ability: Aroma Veil|[of] p2a: Alcremie
|
|upkeep
|turn|6
|inactive|pilotrainbow312 has 120 seconds left.
|
|t:|1758920798
|move|p2a: Alcremie|Calm Mind|p2a: Alcremie
|-boost|p2a: Alcremie|spa|1
|-boost|p2a: Alcremie|spd|1
|move|p1a: Subaru|Trick Room|p1a: Subaru
|-fieldstart|move: Trick Room|[of] p1a: Subaru
|
|upkeep
|turn|7
|inactive|itstheboyjay has 120 seconds left.
|
|t:|1758920819
|move|p2a: Alcremie|Calm Mind|p2a: Alcremie
|-boost|p2a: Alcremie|spa|1
|-boost|p2a: Alcremie|spd|1
|move|p1a: Subaru|Expanding Force|p2a: Alcremie
|-damage|p2a: Alcremie|83/100
|
|upkeep
|turn|8
|
|t:|1758920828
|switch|p1a: 5 Nights in TR|Ursaluna, F, shiny|100/100
|move|p2a: Alcremie|Draining Kiss|p1a: 5 Nights in TR
|-damage|p1a: 5 Nights in TR|63/100
|-heal|p2a: Alcremie|100/100|[from] drain|[of] p1a: 5 Nights in TR
|
|-status|p1a: 5 Nights in TR|brn|[from] item: Flame Orb
|upkeep
|turn|9
|
|t:|1758920838
|switch|p2a: Polteageist|Polteageist-Antique, shiny|100/100
|move|p1a: 5 Nights in TR|Headlong Rush|p2a: Polteageist
|-damage|p2a: Polteageist|0 fnt
|-unboost|p1a: 5 Nights in TR|def|1
|-unboost|p1a: 5 Nights in TR|spd|1
|-start|p1a: 5 Nights in TR|Disable|Headlong Rush|[from] ability: Cursed Body|[of] p2a: Polteageist
|faint|p2a: Polteageist
|
|-damage|p1a: 5 Nights in TR|57/100 brn|[from] brn
|upkeep
|inactive|itstheboyjay has 120 seconds left.
|
|t:|1758920851
|switch|p2a: Stonjourner|Stonjourner, M, shiny|100/100
|turn|10
|inactive|itstheboyjay has 120 seconds left.
|
|t:|1758920862
|move|p1a: 5 Nights in TR|Facade|p2a: Stonjourner
|-resisted|p2a: Stonjourner
|-damage|p2a: Stonjourner|49/100
|move|p2a: Stonjourner|Stone Edge|p1a: 5 Nights in TR
|-resisted|p1a: 5 Nights in TR
|-damage|p1a: 5 Nights in TR|27/100 brn
|
|-damage|p1a: 5 Nights in TR|21/100 brn|[from] brn
|-fieldend|move: Trick Room
|upkeep
|turn|11
|
|t:|1758920882
|move|p2a: Stonjourner|Stone Edge|p1a: 5 Nights in TR
|-resisted|p1a: 5 Nights in TR
|-damage|p1a: 5 Nights in TR|0 fnt
|faint|p1a: 5 Nights in TR
|
|-fieldend|move: Psychic Terrain
|upkeep
|
|t:|1758920884
|switch|p1a: Subaru|Indeedee, M, shiny|100/100
|-fieldstart|move: Psychic Terrain|[from] ability: Psychic Surge|[of] p1a: Subaru
|turn|12
|
|t:|1758920892
|switch|p1a: Satella|Hatterene, F, shiny|100/100
|move|p2a: Stonjourner|Stone Edge|p1a: Satella
|-damage|p1a: Satella|37/100
|
|upkeep
|turn|13
|
|t:|1758920902
|switch|p1a: Subaru|Indeedee, M, shiny|100/100
|move|p2a: Stonjourner|Stone Edge|p1a: Subaru
|-damage|p1a: Subaru|41/100
|
|upkeep
|turn|14
|
|t:|1758920909
|switch|p1a: Mimi|Mimikyu, F, shiny|100/100
|move|p2a: Stonjourner|Stone Edge|p1a: Mimi
|-activate|p1a: Mimi|ability: Disguise
|-damage|p1a: Mimi|100/100
|detailschange|p1a: Mimi|Mimikyu-Busted, F, shiny
|-damage|p1a: Mimi|88/100|[from] pokemon: Mimikyu-Busted
|-enditem|p1a: Mimi|Red Card|[of] p2a: Stonjourner
|drag|p2a: Alcremie|Alcremie-Rainbow-Swirl, F, shiny|100/100
|
|upkeep
|turn|15
|
|t:|1758920927
|switch|p2a: Corviknight|Corviknight, M, shiny|100/100
|-ability|p2a: Corviknight|Pressure
|move|p1a: Mimi|Curse|p2a: Corviknight
|-start|p2a: Corviknight|Curse|[of] p1a: Mimi
|-damage|p1a: Mimi|38/100
|
|-damage|p2a: Corviknight|75/100|[from] Curse
|upkeep
|turn|16
|
|t:|1758920938
|move|p1a: Mimi|Play Rough|p2a: Corviknight|[miss]
|-miss|p1a: Mimi|p2a: Corviknight
|move|p2a: Corviknight|U-turn|p1a: Mimi
|-resisted|p1a: Mimi
|-damage|p1a: Mimi|35/100
|
|t:|1758920945
|switch|p2a: Stonjourner|Stonjourner, M, shiny|49/100|[from] U-turn
|
|upkeep
|turn|17
|
|t:|1758920953
|move|p2a: Stonjourner|Stone Edge|p1a: Mimi
|-damage|p1a: Mimi|0 fnt
|faint|p1a: Mimi
|
|upkeep
|
|t:|1758920958
|switch|p1a: King Von|Hoopa-Unbound|100/100
|-enditem|p1a: King Von|Psychic Seed
|-boost|p1a: King Von|spd|1|[from] item: Psychic Seed
|turn|18
|
|t:|1758920963
|move|p2a: Stonjourner|Stone Edge|p1a: King Von
|-damage|p1a: King Von|38/100
|move|p1a: King Von|Trick Room|p1a: King Von
|-fieldstart|move: Trick Room|[of] p1a: King Von
|
|upkeep
|turn|19
|
|t:|1758920970
|switch|p2a: Corviknight|Corviknight, M, shiny|75/100
|-ability|p2a: Corviknight|Pressure
|move|p1a: King Von|Expanding Force|p2a: Corviknight
|-resisted|p2a: Corviknight
|-damage|p2a: Corviknight|25/100
|-item|p1a: King Von|Protective Pads|[from] ability: Magician|[of] p2a: Corviknight
|
|-fieldend|move: Psychic Terrain
|upkeep
|turn|20
|
|t:|1758920991
|move|p1a: King Von|Hyperspace Fury|p2a: Corviknight
|-damage|p2a: Corviknight|0 fnt
|-unboost|p1a: King Von|def|1
|faint|p2a: Corviknight
|
|upkeep
|
|t:|1758921001
|switch|p2a: Glastrier|Glastrier, tera:Dragon|57/100 slp
|turn|21
|
|t:|1758921007
|-curestatus|p2a: Glastrier|slp|[msg]
|move|p2a: Glastrier|Rest|p2a: Glastrier
|-status|p2a: Glastrier|slp|[from] move: Rest
|-heal|p2a: Glastrier|100/100 slp|[silent]
|move|p1a: King Von|Hyperspace Fury|p2a: Glastrier
|-damage|p2a: Glastrier|76/100 slp
|-unboost|p1a: King Von|def|1
|
|upkeep
|turn|22
|
|t:|1758921019
|cant|p2a: Glastrier|slp
|move|p2a: Glastrier|Sleep Talk|p2a: Glastrier
|move|p2a: Glastrier|Body Press|p1a: King Von|[from] move: Sleep Talk
|-damage|p1a: King Von|0 fnt
|faint|p1a: King Von
|-ability|p2a: Glastrier|Chilling Neigh|boost
|-boost|p2a: Glastrier|atk|1
|
|-fieldend|move: Trick Room
|upkeep
|
|t:|1758921022
|switch|p1a: Subaru|Indeedee, M, shiny|41/100
|-fieldstart|move: Psychic Terrain|[from] ability: Psychic Surge|[of] p1a: Subaru
|turn|23
|
|t:|1758921034
|switch|p2a: Alcremie|Alcremie-Rainbow-Swirl, F, shiny|100/100
|move|p1a: Subaru|Trick Room|p1a: Subaru
|-fieldstart|move: Trick Room|[of] p1a: Subaru
|
|upkeep
|turn|24
|
|t:|1758921039
|move|p2a: Alcremie|Calm Mind|p2a: Alcremie
|-boost|p2a: Alcremie|spa|1
|-boost|p2a: Alcremie|spd|1
|move|p1a: Subaru|Healing Wish|p1a: Subaru
|faint|p1a: Subaru
|
|upkeep
|
|t:|1758921041
|switch|p1a: LEBRON|Iron Hands|8/100
|-heal|p1a: LEBRON|100/100|[from] move: Healing Wish
|turn|25
|
|t:|1758921051
|move|p1a: LEBRON|Heavy Slam|p2a: Alcremie
|-supereffective|p2a: Alcremie
|-damage|p2a: Alcremie|0 fnt
|faint|p2a: Alcremie
|
|upkeep
|
|t:|1758921059
|switch|p2a: Glastrier|Glastrier, tera:Dragon|76/100 slp
|turn|26
|
|t:|1758921072
|cant|p2a: Glastrier|slp
|move|p2a: Glastrier|Sleep Talk|p2a: Glastrier
|move|p2a: Glastrier|Rest||[from] move: Sleep Talk|[still]
|-fail|p2a: Glastrier
|move|p1a: LEBRON|Ice Punch|p2a: Glastrier
|-supereffective|p2a: Glastrier
|-damage|p2a: Glastrier|43/100 slp
|-damage|p1a: LEBRON|84/100|[from] item: Rocky Helmet|[of] p2a: Glastrier
|
|upkeep
|turn|27
|
|t:|1758921093
|-curestatus|p2a: Glastrier|slp|[msg]
|move|p2a: Glastrier|Rest|p2a: Glastrier
|-status|p2a: Glastrier|slp|[from] move: Rest
|-heal|p2a: Glastrier|100/100 slp|[silent]
|move|p1a: LEBRON|Ice Punch|p2a: Glastrier
|-supereffective|p2a: Glastrier
|-damage|p2a: Glastrier|71/100 slp
|-damage|p1a: LEBRON|67/100|[from] item: Rocky Helmet|[of] p2a: Glastrier
|
|-fieldend|move: Trick Room
|upkeep
|turn|28
|
|t:|1758921110
|move|p1a: LEBRON|Ice Punch|p2a: Glastrier
|-supereffective|p2a: Glastrier
|-crit|p2a: Glastrier
|-damage|p2a: Glastrier|22/100 slp
|-damage|p1a: LEBRON|50/100|[from] item: Rocky Helmet|[of] p2a: Glastrier
|cant|p2a: Glastrier|slp
|move|p2a: Glastrier|Sleep Talk|p2a: Glastrier
|move|p2a: Glastrier|Avalanche|p1a: LEBRON|[from] move: Sleep Talk
|-damage|p1a: LEBRON|8/100
|
|upkeep
|turn|29
|
|t:|1758921127
|switch|p2a: Inteleon|Inteleon, M|100/100
|move|p1a: LEBRON|Close Combat|p2a: Inteleon
|-damage|p2a: Inteleon|0 fnt
|-unboost|p1a: LEBRON|def|1
|-unboost|p1a: LEBRON|spd|1
|faint|p2a: Inteleon
|
|upkeep
|
|t:|1758921136
|switch|p2a: Stonjourner|Stonjourner, M, shiny|49/100
|turn|30
|
|t:|1758921144
|move|p2a: Stonjourner|Heavy Slam|p1a: LEBRON
|-resisted|p1a: LEBRON
|-damage|p1a: LEBRON|1/100
|move|p1a: LEBRON|Close Combat|p2a: Stonjourner
|-supereffective|p2a: Stonjourner
|-damage|p2a: Stonjourner|0 fnt
|-unboost|p1a: LEBRON|def|1
|-unboost|p1a: LEBRON|spd|1
|faint|p2a: Stonjourner
|
|-fieldend|move: Psychic Terrain
|upkeep
|
|t:|1758921156
|switch|p2a: Glastrier|Glastrier, tera:Dragon|22/100 slp
|turn|31
|
|t:|1758921169
|move|p1a: LEBRON|Ice Punch|p2a: Glastrier
|-supereffective|p2a: Glastrier
|-damage|p2a: Glastrier|0 fnt
|-damage|p1a: LEBRON|0 fnt|[from] item: Rocky Helmet|[of] p2a: Glastrier
|faint|p2a: Glastrier
|faint|p1a: LEBRON
|-end|p1a: LEBRON|Quark Drive|[silent]
|
|win|pilotrainbow312
|raw|pilotrainbow312's rating: 1135 &rarr; <strong>1159</strong><br />(+24 for winning)
|raw|itstheboyjay's rating: 1128 &rarr; <strong>1104</strong><br />(-24 for losing)
|l|☆pilotrainbow312
|player|p1|
|l|☆itstheboyjay
|player|p2|
