|badge|p1|bronze|gen9ou|100-6
|html|<div class="broadcast-red"><strong>This battle is required to be public due to one or more player having a season medal.</strong><br />During the public phase, you can discuss the state of the ladder <a href="/seasondiscussion">in a special chatroom.</a></div>
|uhtml|medal-msg|<div class="broadcast-blue">Curious what those medals under the avatar are? PS now has Ladder Seasons! For more information, check out the <a href="https://www.smogon.com/forums/threads/3740067/">thread on Smogon.</a></div>
|badge|p2|bronze|gen9ou|100-6
|badge|p2|silver|gen9uu|30-6
|badge|p2|bronze|gen9ru|100-6
|uhtml|medal-msg|<div class="broadcast-blue">Curious what those medals under the avatar are? PS now has Ladder Seasons! For more information, check out the <a href="https://www.smogon.com/forums/threads/3740067/">thread on Smogon.</a></div>
|raw|<div class="broadcast-blue"><strong>This battle is required to be public due to a player having a name starting with 'medal'.</div>
|j|☆RosaVogel
|j|☆cold.exe
|t:|1759071968
|gametype|singles
|player|p1|RosaVogel|lyra|1852
|player|p2|cold.exe|flannery|1908
|gen|9
|tier|[Gen 9] OU
|rated|
|rule|HP Percentage Mod: HP is shown in percentages
|rule|Endless Battle Clause: Forcing endless battles is banned
|rule|Species Clause: Limit one of each Pokémon
|rule|OHKO Clause: OHKO moves are banned
|rule|Evasion Items Clause: Evasion items are banned
|rule|Evasion Moves Clause: Evasion moves are banned
|rule|Evasion Abilities Clause: Evasion abilities are banned
|rule|Sleep Moves Clause: Sleep-inducing moves are banned
|clearpoke
|poke|p1|Great Tusk|
|poke|p1|Hatterene, F|
|poke|p1|Enamorus, F|
|poke|p1|Raging Bolt|
|poke|p1|Ogerpon-Wellspring, F|
|poke|p1|Kingambit, M|
|poke|p2|Ogerpon-Wellspring, F|
|poke|p2|Corviknight, M|
|poke|p2|Cinderace, M|
|poke|p2|Landorus-Therian, M|
|poke|p2|Zamazenta-*|
|poke|p2|Zapdos|
|teampreview
|inactive|Battle timer is ON: inactive players will automatically lose when time's up. (requested by cold.exe)
|j| l53re
|c|☆RosaVogel|hello hf
|
|t:|1759071994
|teamsize|p1|6
|teamsize|p2|6
|start
|switch|p1a: Enamorus|Enamorus, F|100/100
|switch|p2a: Landorus|Landorus-Therian, M|100/100
|-ability|p2a: Landorus|Intimidate|boost
|-boost|p1a: Enamorus|atk|1
|turn|1
|
|t:|1759072000
|switch|p1a: Great Tusk|Great Tusk|100/100
|move|p2a: Landorus|Smack Down|p1a: Great Tusk
|-resisted|p1a: Great Tusk
|-damage|p1a: Great Tusk|98/100
|
|upkeep
|turn|2
|
|t:|1759072017
|-end|p1a: Great Tusk|Protosynthesis|[silent]
|switch|p1a: Raging Bolt|Raging Bolt|100/100
|switch|p2a: Ogerpon|Ogerpon-Wellspring, F|100/100
|
|upkeep
|turn|3
|
|t:|1759072024
|switch|p2a: Landorus|Landorus-Therian, M|100/100
|-ability|p2a: Landorus|Intimidate|boost
|-unboost|p1a: Raging Bolt|atk|1
|move|p1a: Raging Bolt|Draco Meteor|p2a: Landorus
|-crit|p2a: Landorus
|-damage|p2a: Landorus|0 fnt
|-unboost|p1a: Raging Bolt|spa|2
|faint|p2a: Landorus
|
|upkeep
|
|t:|1759072030
|switch|p2a: Ogerpon|Ogerpon-Wellspring, F|100/100
|turn|4
|j| moodrandom
|
|t:|1759072042
|move|p2a: Ogerpon|Swords Dance|p2a: Ogerpon
|-boost|p2a: Ogerpon|atk|2
|move|p1a: Raging Bolt|Draco Meteor|p2a: Ogerpon
|-damage|p2a: Ogerpon|34/100
|-unboost|p1a: Raging Bolt|spa|2
|
|upkeep
|turn|5
|
|t:|1759072065
|-end|p1a: Raging Bolt|Protosynthesis|[silent]
|switch|p1a: Great Tusk|Great Tusk|98/100
|move|p2a: Ogerpon|Power Whip|p1a: Great Tusk
|-supereffective|p1a: Great Tusk
|-damage|p1a: Great Tusk|0 fnt
|-damage|p2a: Ogerpon|17/100|[from] item: Rocky Helmet|[of] p1a: Great Tusk
|faint|p1a: Great Tusk
|-end|p1a: Great Tusk|Protosynthesis|[silent]
|
|upkeep
|
|t:|1759072073
|switch|p1a: Enamorus|Enamorus, F|100/100
|turn|6
|j| Nikator98
|inactive|cold.exe has 120 seconds left.
|
|t:|1759072105
|switch|p2a: Cinderace|Cinderace, M|100/100
|move|p1a: Enamorus|Moonblast|p2a: Cinderace
|-resisted|p2a: Cinderace
|-damage|p2a: Cinderace|67/100
|-unboost|p2a: Cinderace|spa|1
|
|upkeep
|turn|7
|l| Nikator98
|inactive|cold.exe has 120 seconds left.
|
|t:|1759072125
|move|p1a: Enamorus|Moonblast|p2a: Cinderace
|-resisted|p2a: Cinderace
|-damage|p2a: Cinderace|35/100
|move|p2a: Cinderace|U-turn|p1a: Enamorus
|-resisted|p1a: Enamorus
|-damage|p1a: Enamorus|93/100
|
|t:|1759072129
|switch|p2a: Corviknight|Corviknight, M|100/100|[from] U-turn
|-ability|p2a: Corviknight|Pressure
|
|upkeep
|turn|8
|
|t:|1759072133
|switch|p1a: Raging Bolt|Raging Bolt|100/100
|move|p2a: Corviknight|U-turn|p1a: Raging Bolt
|-damage|p1a: Raging Bolt|87/100
|
|t:|1759072137
|switch|p2a: Zamazenta|Zamazenta|100/100|[from] U-turn
|-ability|p2a: Zamazenta|Dauntless Shield|boost
|-boost|p2a: Zamazenta|def|1
|
|upkeep
|turn|9
|
|t:|1759072143
|-terastallize|p2a: Zamazenta|Fighting
|move|p2a: Zamazenta|Close Combat|p1a: Raging Bolt
|-damage|p1a: Raging Bolt|0 fnt
|-unboost|p2a: Zamazenta|def|1
|-unboost|p2a: Zamazenta|spd|1
|faint|p1a: Raging Bolt
|-end|p1a: Raging Bolt|Protosynthesis|[silent]
|-damage|p2a: Zamazenta|91/100|[from] item: Life Orb
|
|upkeep
|
|t:|1759072159
|switch|p1a: Hatterene|Hatterene, F|100/100
|turn|10
|
|t:|1759072170
|switch|p2a: Cinderace|Cinderace, M|35/100
|move|p1a: Hatterene|Draining Kiss|p2a: Cinderace
|-resisted|p2a: Cinderace
|-damage|p2a: Cinderace|19/100
|
|upkeep
|turn|11
|j| Fifo drummer
|
|t:|1759072174
|move|p2a: Cinderace|Pyro Ball|p1a: Hatterene
|-damage|p1a: Hatterene|28/100
|move|p1a: Hatterene|Psyshock|p2a: Cinderace
|-damage|p2a: Cinderace|0 fnt
|faint|p2a: Cinderace
|
|upkeep
|
|t:|1759072178
|switch|p2a: Zapdos|Zapdos|100/100
|turn|12
|
|t:|1759072181
|move|p2a: Zapdos|Thunderbolt|p1a: Hatterene
|-damage|p1a: Hatterene|0 fnt
|faint|p1a: Hatterene
|
|upkeep
|l| moodrandom
|
|t:|1759072199
|switch|p1a: Ogerpon|Ogerpon-Wellspring, F|100/100
|turn|13
|
|t:|1759072214
|switch|p2a: Ogerpon|Ogerpon-Wellspring, F|17/100
|move|p1a: Ogerpon|Ivy Cudgel|p2a: Ogerpon|[anim] Ivy Cudgel Water
|-heal|p2a: Ogerpon|42/100|[from] ability: Water Absorb|[of] p1a: Ogerpon
|
|upkeep
|turn|14
|
|t:|1759072218
|switch|p2a: Corviknight|Corviknight, M|100/100
|-ability|p2a: Corviknight|Pressure
|move|p1a: Ogerpon|Power Whip|p2a: Corviknight
|-resisted|p2a: Corviknight
|-damage|p2a: Corviknight|90/100
|-damage|p1a: Ogerpon|84/100|[from] item: Rocky Helmet|[of] p2a: Corviknight
|
|upkeep
|turn|15
|
|t:|1759072224
|move|p1a: Ogerpon|Ivy Cudgel|p2a: Corviknight|[anim] Ivy Cudgel Water
|-damage|p2a: Corviknight|53/100
|move|p2a: Corviknight|U-turn|p1a: Ogerpon
|-supereffective|p1a: Ogerpon
|-damage|p1a: Ogerpon|44/100
|inactive|cold.exe has 120 seconds left.
|
|t:|1759072259
|switch|p2a: Ogerpon|Ogerpon-Wellspring, F|42/100|[from] U-turn
|
|upkeep
|turn|16
|inactive|cold.exe has 120 seconds left.
|
|t:|1759072265
|move|p2a: Ogerpon|Quick Attack|p1a: Ogerpon
|-crit|p1a: Ogerpon
|-damage|p1a: Ogerpon|9/100
|move|p1a: Ogerpon|U-turn|p2a: Ogerpon
|-supereffective|p2a: Ogerpon
|-damage|p2a: Ogerpon|0 fnt
|faint|p2a: Ogerpon
|
|t:|1759072276
|switch|p1a: Kingambit|Kingambit, M|100/100|[from] U-turn
|-activate|p1a: Kingambit|ability: Supreme Overlord
|-start|p1a: Kingambit|fallen3|[silent]
|
|upkeep
|
|t:|1759072281
|switch|p2a: Zamazenta|Zamazenta, tera:Fighting|91/100
|turn|17
|
|t:|1759072287
|-terastallize|p1a: Kingambit|Fairy
|move|p2a: Zamazenta|Heavy Slam|p1a: Kingambit
|-supereffective|p1a: Kingambit
|-damage|p1a: Kingambit|73/100
|-damage|p2a: Zamazenta|81/100|[from] item: Life Orb
|move|p1a: Kingambit|Tera Blast|p2a: Zamazenta|[anim] Tera Blast Fairy
|-supereffective|p2a: Zamazenta
|-damage|p2a: Zamazenta|0 fnt
|faint|p2a: Zamazenta
|
|-heal|p1a: Kingambit|79/100|[from] item: Leftovers
|upkeep
|
|t:|1759072309
|switch|p2a: Corviknight|Corviknight, M|53/100
|-ability|p2a: Corviknight|Pressure
|turn|18
|
|t:|1759072315
|move|p1a: Kingambit|Swords Dance|p1a: Kingambit
|-boost|p1a: Kingambit|atk|2
|move|p2a: Corviknight|Iron Defense|p2a: Corviknight
|-boost|p2a: Corviknight|def|2
|
|-heal|p1a: Kingambit|85/100|[from] item: Leftovers
|upkeep
|turn|19
|
|t:|1759072317
|move|p1a: Kingambit|Kowtow Cleave|p2a: Corviknight
|-damage|p2a: Corviknight|15/100
|-damage|p1a: Kingambit|69/100|[from] item: Rocky Helmet|[of] p2a: Corviknight
|move|p2a: Corviknight|Roost|p2a: Corviknight
|-heal|p2a: Corviknight|65/100
|-singleturn|p2a: Corviknight|move: Roost
|
|-heal|p1a: Kingambit|75/100|[from] item: Leftovers
|upkeep
|turn|20
|
|t:|1759072322
|move|p1a: Kingambit|Swords Dance|p1a: Kingambit
|-boost|p1a: Kingambit|atk|2
|move|p2a: Corviknight|Iron Defense|p2a: Corviknight
|-boost|p2a: Corviknight|def|2
|
|-heal|p1a: Kingambit|81/100|[from] item: Leftovers
|upkeep
|turn|21
|
|t:|1759072323
|move|p1a: Kingambit|Kowtow Cleave|p2a: Corviknight
|-damage|p2a: Corviknight|27/100
|-damage|p1a: Kingambit|64/100|[from] item: Rocky Helmet|[of] p2a: Corviknight
|move|p2a: Corviknight|Roost|p2a: Corviknight
|-heal|p2a: Corviknight|77/100
|-singleturn|p2a: Corviknight|move: Roost
|
|-heal|p1a: Kingambit|71/100|[from] item: Leftovers
|upkeep
|turn|22
|
|t:|1759072328
|move|p1a: Kingambit|Kowtow Cleave|p2a: Corviknight
|-damage|p2a: Corviknight|40/100
|-damage|p1a: Kingambit|54/100|[from] item: Rocky Helmet|[of] p2a: Corviknight
|move|p2a: Corviknight|Iron Defense|p2a: Corviknight
|-boost|p2a: Corviknight|def|2
|
|-heal|p1a: Kingambit|60/100|[from] item: Leftovers
|upkeep
|turn|23
|
|t:|1759072337
|move|p1a: Kingambit|Kowtow Cleave|p2a: Corviknight
|-damage|p2a: Corviknight|9/100
|-damage|p1a: Kingambit|44/100|[from] item: Rocky Helmet|[of] p2a: Corviknight
|move|p2a: Corviknight|Roost|p2a: Corviknight
|-heal|p2a: Corviknight|59/100
|-singleturn|p2a: Corviknight|move: Roost
|
|-heal|p1a: Kingambit|50/100|[from] item: Leftovers
|upkeep
|turn|24
|
|t:|1759072345
|-end|p1a: Kingambit|fallen3|[silent]
|switch|p1a: Ogerpon|Ogerpon-Wellspring, F|9/100
|move|p2a: Corviknight|Roost|p2a: Corviknight
|-heal|p2a: Corviknight|100/100
|-singleturn|p2a: Corviknight|move: Roost
|
|upkeep
|turn|25
|
|t:|1759072350
|move|p1a: Ogerpon|Ivy Cudgel|p2a: Corviknight|[anim] Ivy Cudgel Water
|-damage|p2a: Corviknight|91/100
|move|p2a: Corviknight|Body Press|p1a: Ogerpon
|-damage|p1a: Ogerpon|0 fnt
|faint|p1a: Ogerpon
|
|upkeep
|
|t:|1759072355
|switch|p1a: Enamorus|Enamorus, F|93/100
|turn|26
|
|t:|1759072359
|move|p1a: Enamorus|Mystical Fire|p2a: Corviknight
|-supereffective|p2a: Corviknight
|-damage|p2a: Corviknight|30/100
|-unboost|p2a: Corviknight|spa|1
|move|p2a: Corviknight|Roost|p2a: Corviknight
|-heal|p2a: Corviknight|80/100
|-singleturn|p2a: Corviknight|move: Roost
|
|upkeep
|turn|27
|
|t:|1759072371
|switch|p2a: Zapdos|Zapdos|100/100
|move|p1a: Enamorus|Mystical Fire|p2a: Zapdos
|-damage|p2a: Zapdos|69/100
|-unboost|p2a: Zapdos|spa|1
|
|upkeep
|turn|28
|
|t:|1759072386
|move|p1a: Enamorus|Mystical Fire|p2a: Zapdos
|-damage|p2a: Zapdos|36/100
|-unboost|p2a: Zapdos|spa|1
|move|p2a: Zapdos|Volt Switch|p1a: Enamorus
|-supereffective|p1a: Enamorus
|-damage|p1a: Enamorus|24/100
|
|t:|1759072395
|switch|p2a: Corviknight|Corviknight, M|80/100|[from] Volt Switch
|-ability|p2a: Corviknight|Pressure
|
|upkeep
|turn|29
|j| Disscratch
|
|t:|1759072407
|move|p1a: Enamorus|Mystical Fire|p2a: Corviknight
|-supereffective|p2a: Corviknight
|-damage|p2a: Corviknight|19/100
|-unboost|p2a: Corviknight|spa|1
|move|p2a: Corviknight|Roost|p2a: Corviknight
|-heal|p2a: Corviknight|69/100
|-singleturn|p2a: Corviknight|move: Roost
|
|upkeep
|turn|30
|-message|cold.exe forfeited.
|
|win|RosaVogel
|raw|RosaVogel's rating: 1852 &rarr; <strong>1875</strong><br />(+23 for winning)
|raw|cold.exe's rating: 1908 &rarr; <strong>1885</strong><br />(-23 for losing)
|l|☆cold.exe
|player|p2|
|c|☆RosaVogel|gg
|l| Disscratch
|l| l53re
