|j|☆RiseLess
|j|☆Vary Aries
|t:|1759008826
|gametype|singles
|player|p1|RiseLess|2|1364
|player|p2|Vary Aries|gambler|1370
|gen|9
|tier|[Gen 9] OU
|rated|
|rule|HP Percentage Mod: HP is shown in percentages
|rule|Endless Battle Clause: Forcing endless battles is banned
|rule|Species Clause: Limit one of each Pokémon
|rule|OHKO Clause: OHKO moves are banned
|rule|Evasion Items Clause: Evasion items are banned
|rule|Evasion Moves Clause: Evasion moves are banned
|rule|Evasion Abilities Clause: Evasion abilities are banned
|rule|Sleep Moves Clause: Sleep-inducing moves are banned
|clearpoke
|poke|p1|Heatran, M|
|poke|p1|Landorus-Therian, M|
|poke|p1|Zamazenta-*|
|poke|p1|Dragapult, F|
|poke|p1|Great Tusk|
|poke|p1|Slowking-Galar, M|
|poke|p2|Garchomp, F|
|poke|p2|Scizor, M|
|poke|p2|Sinistcha-Masterpiece|
|poke|p2|Alomomola, M|
|poke|p2|Samurott-Hisui, F|
|poke|p2|Hitmontop, M|
|teampreview
|inactive|Battle timer is ON: inactive players will automatically lose when time's up. (requested by Vary Aries)
|
|t:|1759008856
|teamsize|p1|6
|teamsize|p2|6
|start
|switch|p1a: Dragapult|Dragapult, F|100/100
|switch|p2a: Garchomp|Garchomp, F|100/100
|turn|1
|
|t:|1759008869
|switch|p2a: Alomomola|Alomomola, M|100/100
|move|p1a: Dragapult|Will-O-Wisp|p2a: Alomomola
|-status|p2a: Alomomola|brn
|
|-damage|p2a: Alomomola|94/100 brn|[from] brn
|upkeep
|turn|2
|inactive|Vary Aries has 120 seconds left.
|
|t:|1759008902
|move|p2a: Alomomola|Protect|p2a: Alomomola
|-singleturn|p2a: Alomomola|Protect
|move|p1a: Dragapult|Hex|p2a: Alomomola
|-activate|p2a: Alomomola|move: Protect
|
|-damage|p2a: Alomomola|88/100 brn|[from] brn
|upkeep
|turn|3
|
|t:|1759008910
|move|p1a: Dragapult|Dragon Darts|p2a: Alomomola
|-damage|p2a: Alomomola|75/100 brn
|-anim|p1a: Dragapult|Dragon Darts|p2a: Alomomola
|-damage|p2a: Alomomola|61/100 brn
|move|p2a: Alomomola|Flip Turn|p1a: Dragapult
|-resisted|p1a: Dragapult
|-damage|p1a: Dragapult|95/100
|inactive|Vary Aries has 120 seconds left.
|
|t:|1759008946
|switch|p2a: Samurott|Samurott-Hisui, F|100/100|[from] Flip Turn
|
|upkeep
|turn|4
|
|t:|1759008956
|switch|p1a: Zamazenta|Zamazenta|100/100
|-ability|p1a: Zamazenta|Dauntless Shield|boost
|-boost|p1a: Zamazenta|def|1
|move|p2a: Samurott|Ceaseless Edge|p1a: Zamazenta
|-resisted|p1a: Zamazenta
|-damage|p1a: Zamazenta|91/100
|-sidestart|p1: RiseLess|Spikes
|
|-heal|p1a: Zamazenta|97/100|[from] item: Leftovers
|upkeep
|turn|5
|
|t:|1759008973
|switch|p2a: Garchomp|Garchomp, F|100/100
|move|p1a: Zamazenta|Crunch|p2a: Garchomp
|-damage|p2a: Garchomp|88/100
|-damage|p1a: Zamazenta|85/100|[from] ability: Rough Skin|[of] p2a: Garchomp
|-damage|p1a: Zamazenta|68/100|[from] item: Rocky Helmet|[of] p2a: Garchomp
|
|-heal|p1a: Zamazenta|74/100|[from] item: Leftovers
|upkeep
|turn|6
|
|t:|1759008980
|move|p1a: Zamazenta|Iron Defense|p1a: Zamazenta
|-boost|p1a: Zamazenta|def|2
|move|p2a: Garchomp|Stealth Rock|p1a: Zamazenta
|-sidestart|p1: RiseLess|move: Stealth Rock
|
|-heal|p1a: Zamazenta|80/100|[from] item: Leftovers
|upkeep
|turn|7
|
|t:|1759008985
|move|p1a: Zamazenta|Body Press|p2a: Garchomp
|-damage|p2a: Garchomp|21/100
|-damage|p1a: Zamazenta|68/100|[from] ability: Rough Skin|[of] p2a: Garchomp
|-damage|p1a: Zamazenta|52/100|[from] item: Rocky Helmet|[of] p2a: Garchomp
|move|p2a: Garchomp|Dragon Tail|p1a: Zamazenta
|-crit|p1a: Zamazenta
|-damage|p1a: Zamazenta|30/100
|drag|p1a: Slowking|Slowking-Galar, M|100/100
|-damage|p1a: Slowking|88/100|[from] Spikes
|-damage|p1a: Slowking|76/100|[from] Stealth Rock
|
|upkeep
|turn|8
|inactive|Vary Aries has 120 seconds left.
|
|t:|1759009001
|move|p2a: Garchomp|Earthquake|p1a: Slowking
|-supereffective|p1a: Slowking
|-enditem|p1a: Slowking|Shuca Berry|[eat]
|-enditem|p1a: Slowking|Shuca Berry|[weaken]
|-damage|p1a: Slowking|41/100
|-prepare|p1a: Slowking|Chilly Reception|[premajor]
|move|p1a: Slowking|Chilly Reception|p1a: Slowking
|-weather|Snowscape
|
|t:|1759009009
|switch|p1a: Great Tusk|Great Tusk|100/100|[from] Chilly Reception
|-damage|p1a: Great Tusk|88/100|[from] Spikes
|-damage|p1a: Great Tusk|85/100|[from] Stealth Rock
|-enditem|p1a: Great Tusk|Booster Energy
|-activate|p1a: Great Tusk|ability: Protosynthesis|[fromitem]
|-start|p1a: Great Tusk|protosynthesisatk
|
|-weather|Snowscape|[upkeep]
|upkeep
|turn|9
|inactive|Vary Aries has 120 seconds left.
|
|t:|1759009031
|switch|p2a: Sinistcha|Sinistcha-Masterpiece|100/100
|move|p1a: Great Tusk|Ice Spinner|p2a: Sinistcha
|-supereffective|p2a: Sinistcha
|-damage|p2a: Sinistcha|53/100
|
|-weather|Snowscape|[upkeep]
|upkeep
|turn|10
|
|t:|1759009039
|move|p1a: Great Tusk|Ice Spinner|p2a: Sinistcha
|-supereffective|p2a: Sinistcha
|-damage|p2a: Sinistcha|5/100
|move|p2a: Sinistcha|Strength Sap|p1a: Great Tusk
|-unboost|p1a: Great Tusk|atk|1
|-heal|p2a: Sinistcha|100/100
|
|-weather|Snowscape|[upkeep]
|upkeep
|turn|11
|
|t:|1759009048
|move|p1a: Great Tusk|Ice Spinner|p2a: Sinistcha
|-supereffective|p2a: Sinistcha
|-damage|p2a: Sinistcha|68/100
|move|p2a: Sinistcha|Matcha Gotcha|p1a: Great Tusk
|-supereffective|p1a: Great Tusk
|-damage|p1a: Great Tusk|0 fnt
|-heal|p2a: Sinistcha|100/100|[from] drain|[of] p1a: Great Tusk
|faint|p1a: Great Tusk
|-end|p1a: Great Tusk|Protosynthesis|[silent]
|
|-weather|Snowscape|[upkeep]
|upkeep
|
|t:|1759009054
|switch|p1a: Heatran|Heatran, M|100/100
|-damage|p1a: Heatran|88/100|[from] Spikes
|-damage|p1a: Heatran|76/100|[from] Stealth Rock
|turn|12
|inactive|Vary Aries has 120 seconds left.
|
|t:|1759009069
|switch|p2a: Hitmontop|Hitmontop, M|100/100
|-ability|p2a: Hitmontop|Intimidate|boost
|-unboost|p1a: Heatran|atk|1
|move|p1a: Heatran|Magma Storm|p2a: Hitmontop
|-damage|p2a: Hitmontop|70/100
|-activate|p2a: Hitmontop|move: Magma Storm|[of] p1a: Heatran
|
|-weather|none
|-heal|p1a: Heatran|82/100|[from] item: Leftovers
|-damage|p2a: Hitmontop|57/100|[from] move: Magma Storm|[partiallytrapped]
|upkeep
|turn|13
|inactive|Vary Aries has 120 seconds left.
|
|t:|1759009094
|switch|p1a: Dragapult|Dragapult, F|95/100
|move|p2a: Hitmontop|Close Combat|p1a: Dragapult
|-immune|p1a: Dragapult
|
|-end|p2a: Hitmontop|Magma Storm|[partiallytrapped]|[silent]
|upkeep
|turn|14
|inactive|Vary Aries has 120 seconds left.
|inactive|Vary Aries has 90 seconds left.
|inactive|Vary Aries has 60 seconds left.
|
|t:|1759009163
|switch|p2a: Alomomola|Alomomola, M|95/100 brn
|move|p1a: Dragapult|Will-O-Wisp|p2a: Alomomola
|-fail|p2a: Alomomola|brn
|
|-damage|p2a: Alomomola|88/100 brn|[from] brn
|upkeep
|turn|15
|
|t:|1759009170
|move|p1a: Dragapult|Hex|p2a: Alomomola
|-damage|p2a: Alomomola|45/100 brn
|move|p2a: Alomomola|Flip Turn|p1a: Dragapult
|-resisted|p1a: Dragapult
|-damage|p1a: Dragapult|89/100
|inactive|Vary Aries has 60 seconds left.
|
|t:|1759009182
|switch|p2a: Samurott|Samurott-Hisui, F|100/100|[from] Flip Turn
|
|upkeep
|turn|16
|
|t:|1759009191
|-terastallize|p1a: Dragapult|Fairy
|move|p2a: Samurott|Ceaseless Edge|p1a: Dragapult
|-resisted|p1a: Dragapult
|-damage|p1a: Dragapult|58/100
|-sidestart|p1: RiseLess|Spikes
|move|p1a: Dragapult|Will-O-Wisp|p2a: Samurott
|-status|p2a: Samurott|brn
|
|-damage|p2a: Samurott|94/100 brn|[from] brn
|upkeep
|turn|17
|
|t:|1759009203
|move|p2a: Samurott|Ceaseless Edge|p1a: Dragapult
|-resisted|p1a: Dragapult
|-damage|p1a: Dragapult|43/100
|-sidestart|p1: RiseLess|Spikes
|move|p1a: Dragapult|Dragon Darts|p2a: Samurott
|-crit|p2a: Samurott
|-damage|p2a: Samurott|54/100 brn
|-anim|p1a: Dragapult|Dragon Darts|p2a: Samurott
|-damage|p2a: Samurott|28/100 brn
|
|-damage|p2a: Samurott|21/100 brn|[from] brn
|upkeep
|turn|18
|
|t:|1759009210
|move|p2a: Samurott|Ceaseless Edge|p1a: Dragapult|[miss]
|-miss|p2a: Samurott|p1a: Dragapult
|move|p1a: Dragapult|Dragon Darts|p2a: Samurott
|-damage|p2a: Samurott|0 fnt
|faint|p2a: Samurott
|
|upkeep
|inactive|Vary Aries has 60 seconds left.
|
|t:|1759009227
|switch|p2a: Scizor|Scizor, M|100/100
|turn|19
|
|t:|1759009231
|switch|p1a: Heatran|Heatran, M|82/100
|-damage|p1a: Heatran|57/100|[from] Spikes
|-damage|p1a: Heatran|45/100|[from] Stealth Rock
|move|p2a: Scizor|Bullet Punch|p1a: Heatran
|-resisted|p1a: Heatran
|-damage|p1a: Heatran|34/100
|
|-heal|p1a: Heatran|40/100|[from] item: Leftovers
|upkeep
|turn|20
|
|t:|1759009250
|switch|p2a: Alomomola|Alomomola, M|78/100 brn
|move|p1a: Heatran|Magma Storm|p2a: Alomomola
|-resisted|p2a: Alomomola
|-damage|p2a: Alomomola|60/100 brn
|-activate|p2a: Alomomola|move: Magma Storm|[of] p1a: Heatran
|
|-heal|p1a: Heatran|46/100|[from] item: Leftovers
|-damage|p2a: Alomomola|54/100 brn|[from] brn
|-damage|p2a: Alomomola|41/100 brn|[from] move: Magma Storm|[partiallytrapped]
|upkeep
|turn|21
|
|t:|1759009263
|move|p1a: Heatran|Magma Storm|p2a: Alomomola
|-resisted|p2a: Alomomola
|-damage|p2a: Alomomola|24/100 brn
|move|p2a: Alomomola|Flip Turn|p1a: Heatran
|-supereffective|p1a: Heatran
|-crit|p1a: Heatran
|-damage|p1a: Heatran|26/100
|
|t:|1759009271
|switch|p2a: Garchomp|Garchomp, F|21/100|[from] Flip Turn
|
|-heal|p1a: Heatran|33/100|[from] item: Leftovers
|upkeep
|turn|22
|
|t:|1759009277
|move|p2a: Garchomp|Earthquake|p1a: Heatran
|-supereffective|p1a: Heatran
|-crit|p1a: Heatran
|-damage|p1a: Heatran|0 fnt
|faint|p1a: Heatran
|
|upkeep
|
|t:|1759009281
|switch|p1a: Landorus|Landorus-Therian, M|100/100
|-damage|p1a: Landorus|88/100|[from] Stealth Rock
|-ability|p1a: Landorus|Intimidate|boost
|-unboost|p2a: Garchomp|atk|1
|turn|23
|
|t:|1759009296
|switch|p2a: Hitmontop|Hitmontop, M|57/100
|-ability|p2a: Hitmontop|Intimidate|boost
|-unboost|p1a: Landorus|atk|1
|move|p1a: Landorus|Earthquake|p2a: Hitmontop
|-damage|p2a: Hitmontop|0 fnt
|faint|p2a: Hitmontop
|
|upkeep
|inactive|Vary Aries has 60 seconds left.
|
|t:|1759009324
|switch|p2a: Sinistcha|Sinistcha-Masterpiece|100/100
|turn|24
|
|t:|1759009337
|switch|p1a: Zamazenta|Zamazenta|30/100
|-damage|p1a: Zamazenta|5/100|[from] Spikes
|-damage|p1a: Zamazenta|0 fnt|[from] Stealth Rock
|faint|p1a: Zamazenta
|move|p2a: Sinistcha|Calm Mind|p2a: Sinistcha
|-boost|p2a: Sinistcha|spa|1
|-boost|p2a: Sinistcha|spd|1
|
|upkeep
|
|t:|1759009351
|switch|p1a: Landorus|Landorus-Therian, M|88/100
|-damage|p1a: Landorus|76/100|[from] Stealth Rock
|-ability|p1a: Landorus|Intimidate|boost
|-unboost|p2a: Sinistcha|atk|1
|turn|25
|inactive|Vary Aries has 60 seconds left.
|
|t:|1759009373
|move|p1a: Landorus|Stone Edge|p2a: Sinistcha
|-damage|p2a: Sinistcha|59/100
|move|p2a: Sinistcha|Strength Sap|p1a: Landorus
|-unboost|p1a: Landorus|atk|1
|-heal|p2a: Sinistcha|100/100
|
|upkeep
|turn|26
|-message|RiseLess forfeited.
|
|win|Vary Aries
|raw|RiseLess's rating: 1364 &rarr; <strong>1344</strong><br />(-20 for losing)
|raw|Vary Aries's rating: 1370 &rarr; <strong>1390</strong><br />(+20 for winning)
|l|☆RiseLess
|player|p1|
|l|☆Vary Aries
|player|p2|
