|j|☆Gruff Scrimms
|j|☆pichin
|t:|1758997834
|gametype|singles
|player|p1|Gruff Scrimms|bugcatcher-gen4dp|1195
|player|p2|pichin|mira|1142
|gen|9
|tier|[Gen 9] OU
|rated|
|rule|HP Percentage Mod: HP is shown in percentages
|rule|Endless Battle Clause: Forcing endless battles is banned
|rule|Species Clause: Limit one of each Pokémon
|rule|OHKO Clause: OHKO moves are banned
|rule|Evasion Items Clause: Evasion items are banned
|rule|Evasion Moves Clause: Evasion moves are banned
|rule|Evasion Abilities Clause: Evasion abilities are banned
|rule|Sleep Moves Clause: Sleep-inducing moves are banned
|clearpoke
|poke|p1|Alomomola, M|
|poke|p1|Carbink, L1|
|poke|p1|Glimmora, F|
|poke|p1|Tyranitar, M|
|poke|p1|Rillaboom, F|
|poke|p1|Gliscor, F|
|poke|p2|Hippowdon, F|
|poke|p2|Sandslash, F|
|poke|p2|Tyranitar, M|
|poke|p2|Lapras, M|
|poke|p2|Sudowoodo, L1, F|
|poke|p2|Gengar, M|
|teampreview
|inactive|Battle timer is ON: inactive players will automatically lose when time's up. (requested by Gruff Scrimms)
|
|t:|1758997871
|teamsize|p1|6
|teamsize|p2|6
|start
|switch|p1a: Glimmora|Glimmora, F|100/100
|switch|p2a: Gengar|Gengar, M|100/100
|turn|1
|
|t:|1758997878
|move|p2a: Gengar|Trick|p1a: Glimmora
|-activate|p2a: Gengar|move: Trick|[of] p1a: Glimmora
|-item|p1a: Glimmora|Choice Scarf|[from] move: Trick
|-item|p2a: Gengar|Focus Sash|[from] move: Trick
|move|p1a: Glimmora|Earth Power|p2a: Gengar
|-supereffective|p2a: Gengar
|-damage|p2a: Gengar|10/100
|
|upkeep
|turn|2
|
|t:|1758997892
|switch|p2a: Lapras|Lapras, M|100/100
|move|p1a: Glimmora|Earth Power|p2a: Lapras
|-damage|p2a: Lapras|81/100
|
|upkeep
|turn|3
|
|t:|1758997901
|switch|p1a: Alomomola|Alomomola, M|100/100
|move|p2a: Lapras|Dragon Dance|p2a: Lapras
|-boost|p2a: Lapras|atk|1
|-boost|p2a: Lapras|spe|1
|
|upkeep
|turn|4
|
|t:|1758997914
|move|p2a: Lapras|Dragon Dance|p2a: Lapras
|-boost|p2a: Lapras|atk|1
|-boost|p2a: Lapras|spe|1
|move|p1a: Alomomola|Wish|p1a: Alomomola
|
|upkeep
|turn|5
|
|t:|1758997919
|switch|p1a: Tyranitar|Tyranitar, M|100/100
|-weather|Sandstorm|[from] ability: Sand Stream|[of] p1a: Tyranitar
|move|p2a: Lapras|Dragon Dance|p2a: Lapras
|-boost|p2a: Lapras|atk|1
|-boost|p2a: Lapras|spe|1
|
|-weather|Sandstorm|[upkeep]
|-damage|p2a: Lapras|74/100|[from] Sandstorm
|upkeep
|turn|6
|
|t:|1758997931
|move|p2a: Lapras|Waterfall|p1a: Tyranitar
|-supereffective|p1a: Tyranitar
|-damage|p1a: Tyranitar|0 fnt
|faint|p1a: Tyranitar
|
|-weather|Sandstorm|[upkeep]
|-damage|p2a: Lapras|68/100|[from] Sandstorm
|upkeep
|
|t:|1758997933
|switch|p1a: Carbink|Carbink, L1, shiny|100/100
|turn|7
|
|t:|1758997941
|move|p2a: Lapras|Waterfall|p1a: Carbink
|-supereffective|p1a: Carbink
|-ability|p1a: Carbink|Sturdy
|-damage|p1a: Carbink|9/100
|move|p1a: Carbink|Endeavor|p2a: Lapras
|-damage|p2a: Lapras|1/100
|-heal|p1a: Carbink|100/100|[from] item: Shell Bell|[of] p2a: Lapras
|
|-weather|Sandstorm|[upkeep]
|-damage|p2a: Lapras|0 fnt|[from] Sandstorm
|faint|p2a: Lapras
|upkeep
|
|t:|1758997964
|switch|p2a: Gengar|Gengar, M|10/100
|turn|8
|
|t:|1758997971
|switch|p1a: Glimmora|Glimmora, F|100/100
|move|p2a: Gengar|Trick|p1a: Glimmora
|-activate|p2a: Gengar|move: Trick|[of] p1a: Glimmora
|-item|p1a: Glimmora|Focus Sash|[from] move: Trick
|-item|p2a: Gengar|Choice Scarf|[from] move: Trick
|
|-weather|Sandstorm|[upkeep]
|-damage|p2a: Gengar|4/100|[from] Sandstorm
|upkeep
|turn|9
|
|t:|1758997992
|move|p2a: Gengar|Shadow Ball|p1a: Glimmora
|-damage|p1a: Glimmora|68/100
|move|p1a: Glimmora|Mortal Spin|p2a: Gengar
|-resisted|p2a: Gengar
|-damage|p2a: Gengar|1/100
|
|-weather|none
|upkeep
|turn|10
|
|t:|1758998000
|move|p2a: Gengar|Shadow Ball|p1a: Glimmora
|-damage|p1a: Glimmora|17/100
|move|p1a: Glimmora|Mortal Spin|p2a: Gengar
|-resisted|p2a: Gengar
|-damage|p2a: Gengar|0 fnt
|faint|p2a: Gengar
|
|upkeep
|
|t:|1758998011
|switch|p2a: Tyranitar|Tyranitar, M|100/100
|-weather|Sandstorm|[from] ability: Sand Stream|[of] p2a: Tyranitar
|turn|11
|
|t:|1758998020
|switch|p1a: Alomomola|Alomomola, M|100/100
|move|p2a: Tyranitar|Knock Off|p1a: Alomomola
|-damage|p1a: Alomomola|77/100
|-damage|p2a: Tyranitar|84/100|[from] item: Rocky Helmet|[of] p1a: Alomomola
|-enditem|p1a: Alomomola|Rocky Helmet|[from] move: Knock Off|[of] p2a: Tyranitar
|
|-weather|Sandstorm|[upkeep]
|-damage|p1a: Alomomola|71/100|[from] Sandstorm
|upkeep
|turn|12
|
|t:|1758998033
|switch|p2a: Sudowoodo|Sudowoodo, L1, F|100/100
|move|p1a: Alomomola|Wish|p1a: Alomomola
|
|-weather|Sandstorm|[upkeep]
|-damage|p1a: Alomomola|65/100|[from] Sandstorm
|upkeep
|turn|13
|
|t:|1758998047
|move|p1a: Alomomola|Flip Turn|p2a: Sudowoodo
|-supereffective|p2a: Sudowoodo
|-ability|p2a: Sudowoodo|Sturdy
|-damage|p2a: Sudowoodo|9/100
|
|t:|1758998052
|switch|p1a: Glimmora|Glimmora, F|17/100|[from] Flip Turn
|move|p2a: Sudowoodo|Endeavor|p1a: Glimmora
|-damage|p1a: Glimmora|1/100
|-activate|p1a: Glimmora|ability: Toxic Debris
|-sidestart|p2: pichin|move: Toxic Spikes
|-heal|p2a: Sudowoodo|67/100|[from] item: Shell Bell|[of] p1a: Glimmora
|
|-weather|Sandstorm|[upkeep]
|-heal|p1a: Glimmora|73/100|[from] move: Wish|[wisher] Alomomola
|upkeep
|turn|14
|
|t:|1758998073
|move|p1a: Glimmora|Energy Ball|p2a: Sudowoodo
|-supereffective|p2a: Sudowoodo
|-damage|p2a: Sudowoodo|0 fnt
|faint|p2a: Sudowoodo
|
|-weather|Sandstorm|[upkeep]
|upkeep
|inactive|pichin has 120 seconds left.
|inactive|pichin has 90 seconds left.
|inactive|pichin has 60 seconds left.
|
|t:|1758998163
|switch|p2a: Sandslash|Sandslash, F|100/100
|-status|p2a: Sandslash|psn
|turn|15
|
|t:|1758998173
|switch|p1a: Rillaboom|Rillaboom, F|100/100
|-fieldstart|move: Grassy Terrain|[from] ability: Grassy Surge|[of] p1a: Rillaboom
|move|p2a: Sandslash|Earthquake|p1a: Rillaboom
|-resisted|p1a: Rillaboom
|-damage|p1a: Rillaboom|84/100
|-damage|p2a: Sandslash|91/100 psn|[from] item: Life Orb
|
|-weather|Sandstorm|[upkeep]
|-damage|p1a: Rillaboom|78/100|[from] Sandstorm
|-heal|p2a: Sandslash|97/100 psn|[from] Grassy Terrain
|-heal|p1a: Rillaboom|84/100|[from] Grassy Terrain
|-damage|p2a: Sandslash|84/100 psn|[from] psn
|upkeep
|turn|16
|inactive|pichin has 60 seconds left.
|
|t:|1758998187
|move|p1a: Rillaboom|Grassy Glide|p2a: Sandslash
|-supereffective|p2a: Sandslash
|-damage|p2a: Sandslash|0 fnt
|faint|p2a: Sandslash
|
|-weather|Sandstorm|[upkeep]
|-damage|p1a: Rillaboom|78/100|[from] Sandstorm
|-heal|p1a: Rillaboom|84/100|[from] Grassy Terrain
|upkeep
|-message|pichin forfeited.
|
|win|Gruff Scrimms
|raw|Gruff Scrimms's rating: 1195 &rarr; <strong>1216</strong><br />(+21 for winning)
|raw|pichin's rating: 1142 &rarr; <strong>1121</strong><br />(-21 for losing)
|l|☆pichin
|player|p2|
|l|☆Gruff Scrimms
|player|p1|
