|j|☆yingchen233
|j|☆avenacaroni
|t:|1758962191
|gametype|singles
|player|p1|yingchen233|102|1252
|player|p2|avenacaroni|caitlin|1298
|gen|9
|tier|[Gen 9] OU
|rated|
|rule|HP Percentage Mod: HP is shown in percentages
|rule|Endless Battle Clause: Forcing endless battles is banned
|rule|Species Clause: Limit one of each Pokémon
|rule|OHKO Clause: OHKO moves are banned
|rule|Evasion Items Clause: Evasion items are banned
|rule|Evasion Moves Clause: Evasion moves are banned
|rule|Evasion Abilities Clause: Evasion abilities are banned
|rule|Sleep Moves Clause: Sleep-inducing moves are banned
|clearpoke
|poke|p1|Scizor, M|
|poke|p1|Heatran, M|
|poke|p1|Cinderace, F|
|poke|p1|Salamence, F|
|poke|p1|Primarina, F|
|poke|p1|Blaziken, F|
|poke|p2|Infernape, M|
|poke|p2|Garchomp, M|
|poke|p2|Electivire, F|
|poke|p2|Gyarados, M|
|poke|p2|Scizor, F|
|poke|p2|Gengar, M|
|teampreview
|
|t:|1758962205
|teamsize|p1|6
|teamsize|p2|6
|start
|switch|p1a: Primarina|Primarina, F|100/100
|switch|p2a: Gyro|Gyarados, M|100/100
|-ability|p2a: Gyro|Intimidate|boost
|-unboost|p1a: Primarina|atk|1
|turn|1
|inactive|Battle timer is ON: inactive players will automatically lose when time's up. (requested by yingchen233)
|
|t:|1758962224
|move|p2a: Gyro|Dragon Dance|p2a: Gyro
|-boost|p2a: Gyro|atk|1
|-boost|p2a: Gyro|spe|1
|move|p1a: Primarina|Chilling Water|p2a: Gyro
|-resisted|p2a: Gyro
|-damage|p2a: Gyro|86/100
|-unboost|p2a: Gyro|atk|1
|
|upkeep
|turn|2
|inactive|avenacaroni has 120 seconds left.
|
|t:|1758962262
|switch|p2a: Clover|Gengar, M|100/100
|-item|p2a: Clover|Air Balloon
|move|p1a: Primarina|Chilling Water|p2a: Clover
|-damage|p2a: Clover|52/100
|-unboost|p2a: Clover|atk|1
|-enditem|p2a: Clover|Air Balloon
|
|upkeep
|turn|3
|
|t:|1758962279
|switch|p1a: Cinderace|Cinderace, F|100/100
|move|p2a: Clover|Thunder Wave|p1a: Cinderace
|-status|p1a: Cinderace|par
|
|upkeep
|turn|4
|
|t:|1758962290
|move|p2a: Clover|Hex|p1a: Cinderace
|-damage|p1a: Cinderace|6/100 par
|move|p1a: Cinderace|Pyro Ball|p2a: Clover|[miss]
|-miss|p1a: Cinderace|p2a: Clover
|
|upkeep
|turn|5
|
|t:|1758962296
|move|p2a: Clover|Hex|p1a: Cinderace
|-damage|p1a: Cinderace|0 fnt
|faint|p1a: Cinderace
|
|upkeep
|
|t:|1758962301
|switch|p1a: Blaziken|Blaziken, F|100/100
|turn|6
|
|t:|1758962325
|move|p2a: Clover|Thunder Wave|p1a: Blaziken
|-status|p1a: Blaziken|par
|move|p1a: Blaziken|Earthquake|p2a: Clover
|-supereffective|p2a: Clover
|-damage|p2a: Clover|0 fnt
|faint|p2a: Clover
|-damage|p1a: Blaziken|91/100 par|[from] item: Life Orb
|
|-ability|p1a: Blaziken|Speed Boost|boost
|-boost|p1a: Blaziken|spe|1
|upkeep
|
|t:|1758962338
|switch|p2a: Gyro|Gyarados, M|86/100
|-ability|p2a: Gyro|Intimidate|boost
|-unboost|p1a: Blaziken|atk|1
|turn|7
|inactive|avenacaroni has 120 seconds left.
|
|t:|1758962369
|move|p2a: Gyro|Dragon Dance|p2a: Gyro
|-boost|p2a: Gyro|atk|1
|-boost|p2a: Gyro|spe|1
|cant|p1a: Blaziken|par
|
|-ability|p1a: Blaziken|Speed Boost|boost
|-boost|p1a: Blaziken|spe|1
|upkeep
|turn|8
|-message|yingchen233 forfeited.
|
|win|avenacaroni
|raw|yingchen233's rating: 1252 &rarr; <strong>1230</strong><br />(-22 for losing)
|raw|avenacaroni's rating: 1298 &rarr; <strong>1320</strong><br />(+22 for winning)
|l|☆yingchen233
|player|p1|
|l|☆avenacaroni
|player|p2|
