|j|☆FizzyXD
|j|☆prohunter
|t:|1758953156
|gametype|singles
|player|p1|FizzyXD|swimmerf-gen4dp|1424
|player|p2|prohunter|veteran|1471
|gen|9
|tier|[Gen 9] OU
|rated|
|rule|HP Percentage Mod: HP is shown in percentages
|rule|Endless Battle Clause: Forcing endless battles is banned
|rule|Species Clause: Limit one of each Pokémon
|rule|OHKO Clause: OHKO moves are banned
|rule|Evasion Items Clause: Evasion items are banned
|rule|Evasion Moves Clause: Evasion moves are banned
|rule|Evasion Abilities Clause: Evasion abilities are banned
|rule|Sleep Moves Clause: Sleep-inducing moves are banned
|clearpoke
|poke|p1|Dragonite, F|
|poke|p1|Gholdengo|
|poke|p1|Regidrago|
|poke|p1|Scizor, M|
|poke|p1|Ting-Lu|
|poke|p1|Weezing-Galar, F|
|poke|p2|Great Tusk|
|poke|p2|Heatran, M|
|poke|p2|Weavile, M|
|poke|p2|Primarina, M|
|poke|p2|Ogerpon, F|
|poke|p2|Pecharunt|
|teampreview
|inactive|Battle timer is ON: inactive players will automatically lose when time's up. (requested by FizzyXD)
|
|t:|1758953189
|teamsize|p1|6
|teamsize|p2|6
|start
|switch|p1a: Scizor|Scizor, M|100/100
|switch|p2a: Chaos|Heatran, M, shiny|100/100
|-item|p2a: Chaos|Air Balloon
|turn|1
|
|t:|1758953206
|switch|p1a: Ting-Lu|Ting-Lu|100/100
|-ability|p1a: Ting-Lu|Vessel of Ruin
|move|p2a: Chaos|Magma Storm|p1a: Ting-Lu
|-damage|p1a: Ting-Lu|80/100
|-activate|p1a: Ting-Lu|move: Magma Storm|[of] p2a: Chaos
|
|-damage|p1a: Ting-Lu|67/100|[from] move: Magma Storm|[partiallytrapped]
|upkeep
|turn|2
|
|t:|1758953215
|move|p2a: Chaos|Taunt|p1a: Ting-Lu
|-start|p1a: Ting-Lu|move: Taunt
|cant|p1a: Ting-Lu|move: Taunt|Stealth Rock
|
|-damage|p1a: Ting-Lu|55/100|[from] move: Magma Storm|[partiallytrapped]
|upkeep
|turn|3
|
|t:|1758953230
|move|p2a: Chaos|Stealth Rock|p1a: Ting-Lu
|-sidestart|p1: FizzyXD|move: Stealth Rock
|move|p1a: Ting-Lu|Ruination|p2a: Chaos|[miss]
|-miss|p1a: Ting-Lu|p2a: Chaos
|
|-damage|p1a: Ting-Lu|42/100|[from] move: Magma Storm|[partiallytrapped]
|upkeep
|turn|4
|
|t:|1758953244
|switch|p2a: Celestine|Primarina, M, shiny|100/100
|move|p1a: Ting-Lu|Ruination|p2a: Celestine
|-damage|p2a: Celestine|51/100
|
|-end|p1a: Ting-Lu|Magma Storm|[partiallytrapped]|[silent]
|-end|p1a: Ting-Lu|move: Taunt
|upkeep
|turn|5
|
|t:|1758953252
|move|p2a: Celestine|Moonblast|p1a: Ting-Lu
|-supereffective|p1a: Ting-Lu
|-damage|p1a: Ting-Lu|1/100
|move|p1a: Ting-Lu|Stealth Rock|p2a: Celestine
|-sidestart|p2: prohunter|move: Stealth Rock
|
|upkeep
|turn|6
|l|☆FizzyXD
|inactive|FizzyXD disconnected and has a minute to reconnect!
|player|p1|
|j|☆FizzyXD
|inactive|FizzyXD reconnected and has 140 seconds left.
|player|p1|FizzyXD|swimmerf-gen4dp|
|
|t:|1758953269
|move|p2a: Celestine|Flip Turn|p1a: Ting-Lu
|-supereffective|p1a: Ting-Lu
|-damage|p1a: Ting-Lu|0 fnt
|-damage|p2a: Celestine|34/100|[from] item: Rocky Helmet|[of] p1a: Ting-Lu
|faint|p1a: Ting-Lu
|inactive|prohunter has 120 seconds left.
|
|t:|1758953300
|switch|p2a: Overseer|Pecharunt|100/100|[from] Flip Turn
|-damage|p2a: Overseer|88/100|[from] Stealth Rock
|
|upkeep
|
|t:|1758953307
|switch|p1a: Scizor|Scizor, M|100/100
|-damage|p1a: Scizor|88/100|[from] Stealth Rock
|turn|7
|
|t:|1758953315
|move|p2a: Overseer|Shadow Ball|p1a: Scizor
|-damage|p1a: Scizor|57/100
|move|p1a: Scizor|Knock Off|p2a: Overseer
|-supereffective|p2a: Overseer
|-damage|p2a: Overseer|55/100
|-damage|p1a: Scizor|41/100|[from] item: Rocky Helmet|[of] p2a: Overseer
|-enditem|p2a: Overseer|Rocky Helmet|[from] move: Knock Off|[of] p1a: Scizor
|
|upkeep
|turn|8
|inactive|FizzyXD has 120 seconds left.
|
|t:|1758953347
|move|p2a: Overseer|Recover|p2a: Overseer
|-heal|p2a: Overseer|100/100
|move|p1a: Scizor|Swords Dance|p1a: Scizor
|-boost|p1a: Scizor|atk|2
|
|upkeep
|turn|9
|
|t:|1758953351
|move|p2a: Overseer|Shadow Ball|p1a: Scizor
|-damage|p1a: Scizor|6/100
|-unboost|p1a: Scizor|spd|1
|move|p1a: Scizor|Knock Off|p2a: Overseer
|-supereffective|p2a: Overseer
|-damage|p2a: Overseer|58/100
|
|upkeep
|turn|10
|
|t:|1758953358
|move|p1a: Scizor|Bullet Punch|p2a: Overseer
|-damage|p2a: Overseer|16/100
|move|p2a: Overseer|Recover|p2a: Overseer
|-heal|p2a: Overseer|66/100
|
|upkeep
|turn|11
|
|t:|1758953367
|move|p1a: Scizor|Bullet Punch|p2a: Overseer
|-damage|p2a: Overseer|30/100
|move|p2a: Overseer|Recover|p2a: Overseer
|-heal|p2a: Overseer|80/100
|
|upkeep
|turn|12
|
|t:|1758953371
|move|p1a: Scizor|Bullet Punch|p2a: Overseer
|-damage|p2a: Overseer|40/100
|move|p2a: Overseer|Shadow Ball|p1a: Scizor
|-damage|p1a: Scizor|0 fnt
|faint|p1a: Scizor
|
|upkeep
|
|t:|1758953381
|switch|p1a: Weezing|Weezing-Galar, F|100/100
|-ability|p1a: Weezing|Neutralizing Gas
|turn|13
|
|t:|1758953386
|move|p2a: Overseer|Recover|p2a: Overseer
|-heal|p2a: Overseer|90/100
|move|p1a: Weezing|Sludge Bomb|p2a: Overseer
|-resisted|p2a: Overseer
|-damage|p2a: Overseer|84/100
|
|upkeep
|turn|14
|
|t:|1758953394
|move|p2a: Overseer|Parting Shot|p1a: Weezing
|-unboost|p1a: Weezing|atk|1
|-unboost|p1a: Weezing|spa|1
|
|t:|1758953418
|switch|p2a: Behemoth|Great Tusk, shiny|100/100|[from] Parting Shot
|move|p1a: Weezing|Will-O-Wisp|p2a: Behemoth
|-status|p2a: Behemoth|brn
|
|-damage|p2a: Behemoth|94/100 brn|[from] brn
|upkeep
|turn|15
|
|t:|1758953437
|-end|p1a: Weezing|ability: Neutralizing Gas
|switch|p1a: Gholdengo|Gholdengo|100/100
|-damage|p1a: Gholdengo|94/100|[from] Stealth Rock
|move|p2a: Behemoth|Ice Spinner|p1a: Gholdengo
|-resisted|p1a: Gholdengo
|-damage|p1a: Gholdengo|87/100
|
|-damage|p2a: Behemoth|88/100 brn|[from] brn
|upkeep
|turn|16
|
|t:|1758953457
|move|p2a: Behemoth|Headlong Rush|p1a: Gholdengo
|-supereffective|p1a: Gholdengo
|-enditem|p1a: Gholdengo|Shuca Berry|[eat]
|-enditem|p1a: Gholdengo|Shuca Berry|[weaken]
|-damage|p1a: Gholdengo|51/100
|-unboost|p2a: Behemoth|def|1
|-unboost|p2a: Behemoth|spd|1
|move|p1a: Gholdengo|Make It Rain|p2a: Behemoth
|-damage|p2a: Behemoth|0 fnt
|-unboost|p1a: Gholdengo|spa|1
|faint|p2a: Behemoth
|-end|p2a: Behemoth|Protosynthesis|[silent]
|
|upkeep
|inactive|prohunter has 120 seconds left.
|
|t:|1758953482
|switch|p2a: Anonymous|Ogerpon, F|100/100
|-damage|p2a: Anonymous|88/100|[from] Stealth Rock
|turn|17
|
|t:|1758953492
|move|p2a: Anonymous|Knock Off|p1a: Gholdengo
|-supereffective|p1a: Gholdengo
|-damage|p1a: Gholdengo|0 fnt
|faint|p1a: Gholdengo
|
|upkeep
|
|t:|1758953495
|switch|p1a: Weezing|Weezing-Galar, F|100/100
|-ability|p1a: Weezing|Neutralizing Gas
|turn|18
|inactive|prohunter has 120 seconds left.
|
|t:|1758953522
|move|p2a: Anonymous|Knock Off|p1a: Weezing
|-resisted|p1a: Weezing
|-damage|p1a: Weezing|84/100
|-enditem|p1a: Weezing|Heavy-Duty Boots|[from] move: Knock Off|[of] p2a: Anonymous
|move|p1a: Weezing|Sludge Bomb|p2a: Anonymous
|-supereffective|p2a: Anonymous
|-damage|p2a: Anonymous|22/100
|
|upkeep
|turn|19
|
|t:|1758953537
|switch|p2a: Chaos|Heatran, M, shiny|100/100
|-damage|p2a: Chaos|88/100|[from] Stealth Rock
|-item|p2a: Chaos|Air Balloon
|move|p1a: Weezing|Sludge Bomb|p2a: Chaos
|-immune|p2a: Chaos
|
|upkeep
|turn|20
|
|t:|1758953549
|move|p2a: Chaos|Earth Power|p1a: Weezing
|-supereffective|p1a: Weezing
|-damage|p1a: Weezing|5/100
|move|p1a: Weezing|Defog|p2a: Chaos
|-unboost|p2a: Chaos|evasion|1
|-sideend|p2: prohunter|Stealth Rock|[from] move: Defog|[of] p1a: Weezing
|-sideend|p1: FizzyXD|Stealth Rock|[from] move: Defog|[of] p1a: Weezing
|
|upkeep
|turn|21
|
|t:|1758953561
|move|p2a: Chaos|Stealth Rock|p1a: Weezing
|-sidestart|p1: FizzyXD|move: Stealth Rock
|move|p1a: Weezing|Defog|p2a: Chaos
|-unboost|p2a: Chaos|evasion|1
|-sideend|p1: FizzyXD|Stealth Rock|[from] move: Defog|[of] p1a: Weezing
|
|upkeep
|turn|22
|
|t:|1758953566
|move|p2a: Chaos|Stealth Rock|p1a: Weezing
|-sidestart|p1: FizzyXD|move: Stealth Rock
|move|p1a: Weezing|Defog|p2a: Chaos
|-unboost|p2a: Chaos|evasion|1
|-sideend|p1: FizzyXD|Stealth Rock|[from] move: Defog|[of] p1a: Weezing
|
|upkeep
|turn|23
|
|t:|1758953568
|move|p2a: Chaos|Stealth Rock|p1a: Weezing
|-sidestart|p1: FizzyXD|move: Stealth Rock
|move|p1a: Weezing|Defog|p2a: Chaos
|-unboost|p2a: Chaos|evasion|1
|-sideend|p1: FizzyXD|Stealth Rock|[from] move: Defog|[of] p1a: Weezing
|
|upkeep
|turn|24
|
|t:|1758953571
|move|p2a: Chaos|Stealth Rock|p1a: Weezing
|-sidestart|p1: FizzyXD|move: Stealth Rock
|move|p1a: Weezing|Defog|p2a: Chaos
|-unboost|p2a: Chaos|evasion|1
|-sideend|p1: FizzyXD|Stealth Rock|[from] move: Defog|[of] p1a: Weezing
|
|upkeep
|turn|25
|
|t:|1758953574
|move|p2a: Chaos|Stealth Rock|p1a: Weezing
|-sidestart|p1: FizzyXD|move: Stealth Rock
|move|p1a: Weezing|Defog|p2a: Chaos
|-unboost|p2a: Chaos|evasion|1
|-sideend|p1: FizzyXD|Stealth Rock|[from] move: Defog|[of] p1a: Weezing
|
|upkeep
|turn|26
|
|t:|1758953578
|move|p2a: Chaos|Stealth Rock|p1a: Weezing
|-sidestart|p1: FizzyXD|move: Stealth Rock
|move|p1a: Weezing|Defog|p2a: Chaos
|-unboost|p2a: Chaos|evasion|0
|-sideend|p1: FizzyXD|Stealth Rock|[from] move: Defog|[of] p1a: Weezing
|
|upkeep
|turn|27
|
|t:|1758953581
|move|p2a: Chaos|Stealth Rock|p1a: Weezing
|-sidestart|p1: FizzyXD|move: Stealth Rock
|move|p1a: Weezing|Defog|p2a: Chaos
|-unboost|p2a: Chaos|evasion|0
|-sideend|p1: FizzyXD|Stealth Rock|[from] move: Defog|[of] p1a: Weezing
|
|upkeep
|turn|28
|
|t:|1758953583
|move|p2a: Chaos|Stealth Rock|p1a: Weezing
|-sidestart|p1: FizzyXD|move: Stealth Rock
|move|p1a: Weezing|Defog|p2a: Chaos
|-unboost|p2a: Chaos|evasion|0
|-sideend|p1: FizzyXD|Stealth Rock|[from] move: Defog|[of] p1a: Weezing
|
|upkeep
|turn|29
|
|t:|1758953586
|move|p2a: Chaos|Stealth Rock|p1a: Weezing
|-sidestart|p1: FizzyXD|move: Stealth Rock
|move|p1a: Weezing|Defog|p2a: Chaos
|-unboost|p2a: Chaos|evasion|0
|-sideend|p1: FizzyXD|Stealth Rock|[from] move: Defog|[of] p1a: Weezing
|
|upkeep
|turn|30
|
|t:|1758953589
|move|p2a: Chaos|Stealth Rock|p1a: Weezing
|-sidestart|p1: FizzyXD|move: Stealth Rock
|move|p1a: Weezing|Defog|p2a: Chaos
|-unboost|p2a: Chaos|evasion|0
|-sideend|p1: FizzyXD|Stealth Rock|[from] move: Defog|[of] p1a: Weezing
|
|upkeep
|turn|31
|
|t:|1758953592
|move|p2a: Chaos|Stealth Rock|p1a: Weezing
|-sidestart|p1: FizzyXD|move: Stealth Rock
|move|p1a: Weezing|Defog|p2a: Chaos
|-unboost|p2a: Chaos|evasion|0
|-sideend|p1: FizzyXD|Stealth Rock|[from] move: Defog|[of] p1a: Weezing
|
|upkeep
|turn|32
|
|t:|1758953594
|move|p2a: Chaos|Stealth Rock|p1a: Weezing
|-sidestart|p1: FizzyXD|move: Stealth Rock
|move|p1a: Weezing|Defog|p2a: Chaos
|-unboost|p2a: Chaos|evasion|0
|-sideend|p1: FizzyXD|Stealth Rock|[from] move: Defog|[of] p1a: Weezing
|
|upkeep
|turn|33
|
|t:|1758953596
|move|p2a: Chaos|Stealth Rock|p1a: Weezing
|-sidestart|p1: FizzyXD|move: Stealth Rock
|move|p1a: Weezing|Defog|p2a: Chaos
|-unboost|p2a: Chaos|evasion|0
|-sideend|p1: FizzyXD|Stealth Rock|[from] move: Defog|[of] p1a: Weezing
|
|upkeep
|turn|34
|
|t:|1758953601
|move|p2a: Chaos|Stealth Rock|p1a: Weezing
|-sidestart|p1: FizzyXD|move: Stealth Rock
|move|p1a: Weezing|Defog|p2a: Chaos
|-unboost|p2a: Chaos|evasion|0
|-sideend|p1: FizzyXD|Stealth Rock|[from] move: Defog|[of] p1a: Weezing
|
|upkeep
|turn|35
|
|t:|1758953604
|move|p2a: Chaos|Stealth Rock|p1a: Weezing
|-sidestart|p1: FizzyXD|move: Stealth Rock
|move|p1a: Weezing|Defog|p2a: Chaos
|-unboost|p2a: Chaos|evasion|0
|-sideend|p1: FizzyXD|Stealth Rock|[from] move: Defog|[of] p1a: Weezing
|
|upkeep
|turn|36
|
|t:|1758953606
|move|p2a: Chaos|Stealth Rock|p1a: Weezing
|-sidestart|p1: FizzyXD|move: Stealth Rock
|move|p1a: Weezing|Defog|p2a: Chaos
|-unboost|p2a: Chaos|evasion|0
|-sideend|p1: FizzyXD|Stealth Rock|[from] move: Defog|[of] p1a: Weezing
|
|upkeep
|turn|37
|
|t:|1758953611
|move|p2a: Chaos|Stealth Rock|p1a: Weezing
|-sidestart|p1: FizzyXD|move: Stealth Rock
|move|p1a: Weezing|Defog|p2a: Chaos
|-unboost|p2a: Chaos|evasion|0
|-sideend|p1: FizzyXD|Stealth Rock|[from] move: Defog|[of] p1a: Weezing
|
|upkeep
|turn|38
|
|t:|1758953614
|move|p2a: Chaos|Stealth Rock|p1a: Weezing
|-sidestart|p1: FizzyXD|move: Stealth Rock
|move|p1a: Weezing|Defog|p2a: Chaos
|-unboost|p2a: Chaos|evasion|0
|-sideend|p1: FizzyXD|Stealth Rock|[from] move: Defog|[of] p1a: Weezing
|
|upkeep
|turn|39
|
|t:|1758953617
|move|p2a: Chaos|Stealth Rock|p1a: Weezing
|-sidestart|p1: FizzyXD|move: Stealth Rock
|move|p1a: Weezing|Defog|p2a: Chaos
|-unboost|p2a: Chaos|evasion|0
|-sideend|p1: FizzyXD|Stealth Rock|[from] move: Defog|[of] p1a: Weezing
|
|upkeep
|turn|40
|
|t:|1758953619
|move|p2a: Chaos|Stealth Rock|p1a: Weezing
|-sidestart|p1: FizzyXD|move: Stealth Rock
|move|p1a: Weezing|Defog|p2a: Chaos
|-unboost|p2a: Chaos|evasion|0
|-sideend|p1: FizzyXD|Stealth Rock|[from] move: Defog|[of] p1a: Weezing
|
|upkeep
|turn|41
|
|t:|1758953621
|move|p2a: Chaos|Stealth Rock|p1a: Weezing
|-sidestart|p1: FizzyXD|move: Stealth Rock
|move|p1a: Weezing|Defog|p2a: Chaos
|-unboost|p2a: Chaos|evasion|0
|-sideend|p1: FizzyXD|Stealth Rock|[from] move: Defog|[of] p1a: Weezing
|
|upkeep
|turn|42
|
|t:|1758953628
|move|p2a: Chaos|Stealth Rock|p1a: Weezing
|-sidestart|p1: FizzyXD|move: Stealth Rock
|move|p1a: Weezing|Defog|p2a: Chaos
|-unboost|p2a: Chaos|evasion|0
|-sideend|p1: FizzyXD|Stealth Rock|[from] move: Defog|[of] p1a: Weezing
|
|upkeep
|turn|43
|
|t:|1758953631
|move|p2a: Chaos|Stealth Rock|p1a: Weezing
|-sidestart|p1: FizzyXD|move: Stealth Rock
|move|p1a: Weezing|Defog|p2a: Chaos
|-unboost|p2a: Chaos|evasion|0
|-sideend|p1: FizzyXD|Stealth Rock|[from] move: Defog|[of] p1a: Weezing
|
|upkeep
|turn|44
|
|t:|1758953640
|move|p2a: Chaos|Stealth Rock|p1a: Weezing
|-sidestart|p1: FizzyXD|move: Stealth Rock
|move|p1a: Weezing|Sludge Bomb|p2a: Chaos
|-immune|p2a: Chaos
|
|upkeep
|turn|45
|
|t:|1758953660
|move|p2a: Chaos|Earth Power|p1a: Weezing
|-supereffective|p1a: Weezing
|-damage|p1a: Weezing|0 fnt
|faint|p1a: Weezing
|-end|p1a: Weezing|ability: Neutralizing Gas
|
|upkeep
|
|t:|1758953663
|switch|p1a: Regidrago|Regidrago, shiny|100/100
|-damage|p1a: Regidrago|88/100|[from] Stealth Rock
|turn|46
|
|t:|1758953681
|switch|p2a: Anonymous|Ogerpon, F|22/100
|move|p1a: Regidrago|Dragon Energy|p2a: Anonymous
|-damage|p2a: Anonymous|0 fnt
|faint|p2a: Anonymous
|
|upkeep
|
|t:|1758953694
|switch|p2a: Bandit|Weavile, M, shiny|100/100
|-ability|p2a: Bandit|Pressure
|turn|47
|
|t:|1758953698
|move|p1a: Regidrago|Dragon Energy|p2a: Bandit
|-damage|p2a: Bandit|0 fnt
|faint|p2a: Bandit
|
|upkeep
|
|t:|1758953707
|switch|p2a: Celestine|Primarina, M, shiny|34/100
|turn|48
|
|t:|1758953711
|move|p1a: Regidrago|Dragon Energy|p2a: Celestine
|-immune|p2a: Celestine
|move|p2a: Celestine|Moonblast|p1a: Regidrago
|-supereffective|p1a: Regidrago
|-damage|p1a: Regidrago|0 fnt
|faint|p1a: Regidrago
|
|upkeep
|
|t:|1758953716
|switch|p1a: Dragonite|Dragonite, F|100/100
|turn|49
|
|t:|1758953720
|-terastallize|p1a: Dragonite|Normal
|move|p1a: Dragonite|Dragon Dance|p1a: Dragonite
|-boost|p1a: Dragonite|atk|1
|-boost|p1a: Dragonite|spe|1
|move|p2a: Celestine|Moonblast|p1a: Dragonite
|-damage|p1a: Dragonite|77/100
|
|upkeep
|turn|50
|-message|prohunter forfeited.
|
|win|FizzyXD
|raw|FizzyXD's rating: 1424 &rarr; <strong>1447</strong><br />(+23 for winning)
|raw|prohunter's rating: 1471 &rarr; <strong>1448</strong><br />(-23 for losing)
|l|☆prohunter
|player|p2|
|l|☆FizzyXD
|player|p1|
|j|☆FizzyXD
|player|p1|FizzyXD|swimmerf-gen4dp|
|l|☆FizzyXD
|player|p1|
|j|☆FizzyXD
|player|p1|FizzyXD|swimmerf-gen4dp|
