|j|☆Bronzong72
|j|‽cl_scout2
|t:|1758961806
|gametype|singles
|player|p1|Bronzong72|falkner|1198
|player|p2|cl_scout2|miku-water|1249
|gen|9
|tier|[Gen 9] OU
|rated|
|rule|HP Percentage Mod: HP is shown in percentages
|rule|Endless Battle Clause: Forcing endless battles is banned
|rule|Species Clause: Limit one of each Pokémon
|rule|OHKO Clause: OHKO moves are banned
|rule|Evasion Items Clause: Evasion items are banned
|rule|Evasion Moves Clause: Evasion moves are banned
|rule|Evasion Abilities Clause: Evasion abilities are banned
|rule|Sleep Moves Clause: Sleep-inducing moves are banned
|clearpoke
|poke|p1|Dachsbun, M|
|poke|p1|Meowscarada, F|
|poke|p1|Cinderace, M|
|poke|p1|Glimmora, M|
|poke|p1|Primarina, F|
|poke|p1|Zapdos|
|poke|p2|Ceruledge, M|
|poke|p2|Dragonite, M|
|poke|p2|Kyurem|
|poke|p2|Inteleon, M|
|poke|p2|Incineroar, F|
|poke|p2|Hoopa-Unbound|
|teampreview
|inactive|Battle timer is ON: inactive players will automatically lose when time's up. (requested by Bronzong72)
|
|t:|1758961833
|teamsize|p1|6
|teamsize|p2|6
|start
|switch|p1a: Laura|Meowscarada, F|100/100
|switch|p2a: Kyurem|Kyurem|100/100
|-ability|p2a: Kyurem|Pressure
|turn|1
|
|t:|1758961842
|move|p1a: Laura|U-turn|p2a: Kyurem
|-start|p1a: Laura|typechange|Bug|[from] ability: Protean
|-damage|p2a: Kyurem|51/100
|
|t:|1758961853
|switch|p1a: Jalebi|Dachsbun, M|100/100|[from] U-turn
|move|p2a: Kyurem|Freeze-Dry|p1a: Jalebi
|-damage|p1a: Jalebi|52/100
|-status|p1a: Jalebi|frz
|
|-heal|p2a: Kyurem|58/100|[from] item: Leftovers
|upkeep
|turn|2
|
|t:|1758961860
|move|p2a: Kyurem|Freeze-Dry|p1a: Jalebi
|-damage|p1a: Jalebi|9/100 frz
|-curestatus|p1a: Jalebi|frz|[msg]
|move|p1a: Jalebi|Body Press|p2a: Kyurem
|-supereffective|p2a: Kyurem
|-damage|p2a: Kyurem|5/100
|
|-heal|p2a: Kyurem|11/100|[from] item: Leftovers
|upkeep
|turn|3
|
|t:|1758961886
|switch|p1a: Mbappé|Cinderace, M|100/100
|move|p2a: Kyurem|Freeze-Dry|p1a: Mbappé
|-resisted|p1a: Mbappé
|-damage|p1a: Mbappé|79/100
|
|-heal|p2a: Kyurem|18/100|[from] item: Leftovers
|upkeep
|turn|4
|
|t:|1758961892
|move|p2a: Kyurem|Protect|p2a: Kyurem
|-singleturn|p2a: Kyurem|Protect
|move|p1a: Mbappé|U-turn|p2a: Kyurem
|-start|p1a: Mbappé|typechange|Bug|[from] ability: Libero
|-activate|p2a: Kyurem|move: Protect
|
|-heal|p2a: Kyurem|24/100|[from] item: Leftovers
|upkeep
|turn|5
|
|t:|1758961907
|switch|p2a: Ceruledge|Ceruledge, M|100/100
|move|p1a: Mbappé|Iron Head|p2a: Ceruledge
|-resisted|p2a: Ceruledge
|-damage|p2a: Ceruledge|85/100
|-ability|p2a: Ceruledge|Weak Armor|boost
|-unboost|p2a: Ceruledge|def|1
|-boost|p2a: Ceruledge|spe|2
|
|upkeep
|turn|6
|
|t:|1758961922
|switch|p1a: Jalebi|Dachsbun, M|9/100
|move|p2a: Ceruledge|Swords Dance|p2a: Ceruledge
|-boost|p2a: Ceruledge|atk|2
|
|upkeep
|turn|7
|
|t:|1758961931
|move|p2a: Ceruledge|Bitter Blade|p1a: Jalebi
|-ability|p1a: Jalebi|Well-Baked Body|boost
|-boost|p1a: Jalebi|def|2
|move|p1a: Jalebi|Roar|p2a: Ceruledge
|drag|p2a: Hoopa|Hoopa-Unbound|100/100
|
|upkeep
|turn|8
|
|t:|1758961946
|move|p2a: Hoopa|Drain Punch|p1a: Jalebi
|-resisted|p1a: Jalebi
|-damage|p1a: Jalebi|1/100
|-damage|p2a: Hoopa|84/100|[from] item: Rocky Helmet|[of] p1a: Jalebi
|move|p1a: Jalebi|Wish|p1a: Jalebi
|
|upkeep
|turn|9
|
|t:|1758961950
|move|p1a: Jalebi|Protect|p1a: Jalebi
|-singleturn|p1a: Jalebi|Protect
|move|p2a: Hoopa|Drain Punch|p1a: Jalebi
|-activate|p1a: Jalebi|move: Protect
|
|-heal|p1a: Jalebi|51/100|[from] move: Wish|[wisher] Jalebi
|upkeep
|turn|10
|
|t:|1758961960
|switch|p2a: Incineroar|Incineroar, F|100/100
|-ability|p2a: Incineroar|Intimidate|boost
|-unboost|p1a: Jalebi|atk|1
|move|p1a: Jalebi|Body Press|p2a: Incineroar
|-supereffective|p2a: Incineroar
|-damage|p2a: Incineroar|0 fnt
|faint|p2a: Incineroar
|
|upkeep
|
|t:|1758961968
|switch|p2a: Inteleon|Inteleon, M|100/100
|turn|11
|
|t:|1758961980
|move|p2a: Inteleon|Hydro Pump|p1a: Jalebi
|-damage|p1a: Jalebi|0 fnt
|faint|p1a: Jalebi
|
|upkeep
|
|t:|1758961991
|switch|p1a: Laura|Meowscarada, F|100/100
|turn|12
|
|t:|1758962011
|switch|p2a: Kyurem|Kyurem|24/100
|-ability|p2a: Kyurem|Pressure
|move|p1a: Laura|Knock Off|p2a: Kyurem
|-start|p1a: Laura|typechange|Dark|[from] ability: Protean
|-damage|p2a: Kyurem|0 fnt
|-enditem|p2a: Kyurem|Leftovers|[from] move: Knock Off|[of] p1a: Laura
|faint|p2a: Kyurem
|
|upkeep
|
|t:|1758962020
|switch|p2a: Hoopa|Hoopa-Unbound|84/100
|turn|13
|
|t:|1758962025
|switch|p1a: Sprinkles|Zapdos|100/100
|move|p2a: Hoopa|Drain Punch|p1a: Sprinkles
|-resisted|p1a: Sprinkles
|-damage|p1a: Sprinkles|78/100
|-heal|p2a: Hoopa|99/100|[from] drain|[of] p1a: Sprinkles
|
|-heal|p1a: Sprinkles|84/100|[from] item: Leftovers
|upkeep
|turn|14
|
|t:|1758962034
|switch|p2a: Ceruledge|Ceruledge, M|85/100
|move|p1a: Sprinkles|U-turn|p2a: Ceruledge
|-resisted|p2a: Ceruledge
|-damage|p2a: Ceruledge|81/100
|-ability|p2a: Ceruledge|Weak Armor|boost
|-unboost|p2a: Ceruledge|def|1
|-boost|p2a: Ceruledge|spe|2
|
|t:|1758962037
|switch|p1a: Florian|Glimmora, M|100/100|[from] U-turn
|
|upkeep
|turn|15
|
|t:|1758962063
|-terastallize|p2a: Ceruledge|Ghost
|move|p2a: Ceruledge|Poltergeist|p1a: Florian
|-activate|p1a: Florian|move: Poltergeist|Choice Scarf
|-damage|p1a: Florian|13/100
|-activate|p1a: Florian|ability: Toxic Debris
|-sidestart|p2: cl_scout2|move: Toxic Spikes
|move|p1a: Florian|Power Gem|p2a: Ceruledge
|-damage|p2a: Ceruledge|35/100
|
|upkeep
|turn|16
|-message|Bronzong72 forfeited.
|
|win|cl_scout2
|raw|Bronzong72's rating: 1198 &rarr; <strong>1177</strong><br />(-21 for losing)
|raw|cl_scout2's rating: 1249 &rarr; <strong>1270</strong><br />(+21 for winning)
|l|☆Bronzong72
|player|p1|
|l|‽cl_scout2
|player|p2|
