|j|☆TheJobApplication
|j|☆megaYama
|t:|1758956252
|gametype|singles
|player|p1|TheJobApplication|102|1416
|player|p2|megaYama|acetrainer-gen4dp|1411
|gen|9
|tier|[Gen 9] OU
|rated|
|rule|HP Percentage Mod: HP is shown in percentages
|rule|Endless Battle Clause: Forcing endless battles is banned
|rule|Species Clause: Limit one of each Pokémon
|rule|OHKO Clause: OHKO moves are banned
|rule|Evasion Items Clause: Evasion items are banned
|rule|Evasion Moves Clause: Evasion moves are banned
|rule|Evasion Abilities Clause: Evasion abilities are banned
|rule|Sleep Moves Clause: Sleep-inducing moves are banned
|clearpoke
|poke|p1|Chandelure, F|
|poke|p1|Great Tusk|
|poke|p1|Rillaboom, M|
|poke|p1|Corviknight, M|
|poke|p1|Dragapult, M|
|poke|p1|Kingambit, F|
|poke|p2|Cinderace, M|
|poke|p2|Enamorus, F|
|poke|p2|Samurott-Hisui, F|
|poke|p2|Armarouge, M|
|poke|p2|Ogerpon-Wellspring, F|
|poke|p2|Corviknight, M|
|teampreview
|inactive|Battle timer is ON: inactive players will automatically lose when time's up. (requested by TheJobApplication)
|
|t:|1758956270
|teamsize|p1|6
|teamsize|p2|6
|start
|switch|p1a: Dragapult|Dragapult, M|100/100
|switch|p2a: Samurott|Samurott-Hisui, F|100/100
|turn|1
|
|t:|1758956281
|move|p2a: Samurott|Sucker Punch|p1a: Dragapult
|-supereffective|p1a: Dragapult
|-damage|p1a: Dragapult|0 fnt
|faint|p1a: Dragapult
|
|upkeep
|
|t:|1758956288
|switch|p1a: Corviknight|Corviknight, M|100/100
|-ability|p1a: Corviknight|Pressure
|turn|2
|
|t:|1758956305
|switch|p2a: Cinderace|Cinderace, M|100/100
|move|p1a: Corviknight|Brave Bird|p2a: Cinderace
|-damage|p2a: Cinderace|56/100
|-damage|p1a: Corviknight|87/100|[from] Recoil
|
|upkeep
|turn|3
|
|t:|1758956317
|switch|p1a: Chandelure|Chandelure, F|100/100
|move|p2a: Cinderace|U-turn|p1a: Chandelure
|-resisted|p1a: Chandelure
|-damage|p1a: Chandelure|94/100
|
|t:|1758956326
|switch|p2a: Samurott|Samurott-Hisui, F|100/100|[from] U-turn
|
|upkeep
|turn|4
|
|t:|1758956338
|switch|p1a: Rillaboom|Rillaboom, M|100/100
|-fieldstart|move: Grassy Terrain|[from] ability: Grassy Surge|[of] p1a: Rillaboom
|move|p2a: Samurott|Flip Turn|p1a: Rillaboom
|-resisted|p1a: Rillaboom
|-damage|p1a: Rillaboom|77/100
|
|t:|1758956354
|switch|p2a: Cinderace|Cinderace, M|56/100|[from] Flip Turn
|
|-heal|p2a: Cinderace|62/100|[from] Grassy Terrain
|-heal|p1a: Rillaboom|83/100|[from] Grassy Terrain
|upkeep
|turn|5
|
|t:|1758956363
|move|p2a: Cinderace|U-turn|p1a: Rillaboom
|-supereffective|p1a: Rillaboom
|-damage|p1a: Rillaboom|41/100
|
|t:|1758956372
|switch|p2a: Corviknight|Corviknight, M|100/100|[from] U-turn
|-ability|p2a: Corviknight|Pressure
|move|p1a: Rillaboom|Knock Off|p2a: Corviknight
|-damage|p2a: Corviknight|74/100
|-enditem|p2a: Corviknight|Leftovers|[from] move: Knock Off|[of] p1a: Rillaboom
|
|-heal|p1a: Rillaboom|47/100|[from] Grassy Terrain
|upkeep
|turn|6
|
|t:|1758956387
|switch|p1a: Chandelure|Chandelure, F|94/100
|move|p2a: Corviknight|U-turn|p1a: Chandelure
|-resisted|p1a: Chandelure
|-damage|p1a: Chandelure|88/100
|
|t:|1758956393
|switch|p2a: Samurott|Samurott-Hisui, F|100/100|[from] U-turn
|
|-heal|p1a: Chandelure|94/100|[from] Grassy Terrain
|upkeep
|turn|7
|
|t:|1758956401
|move|p1a: Chandelure|Energy Ball|p2a: Samurott
|-supereffective|p2a: Samurott
|-damage|p2a: Samurott|0 fnt
|faint|p2a: Samurott
|
|-heal|p1a: Chandelure|100/100|[from] Grassy Terrain
|upkeep
|inactive|megaYama has 120 seconds left.
|
|t:|1758956419
|switch|p2a: Ogerpon|Ogerpon-Wellspring, F|100/100
|turn|8
|
|t:|1758956425
|switch|p1a: Corviknight|Corviknight, M|87/100
|-ability|p1a: Corviknight|Pressure
|-terastallize|p2a: Ogerpon|Water
|detailschange|p2a: Ogerpon|Ogerpon-Wellspring-Tera, F, tera:Water
|-ability|p2a: Ogerpon|Embody Aspect (Wellspring)|boost
|-boost|p2a: Ogerpon|spd|1
|move|p2a: Ogerpon|Ivy Cudgel|p1a: Corviknight|[anim] Ivy Cudgel Water
|-crit|p1a: Corviknight
|-damage|p1a: Corviknight|22/100
|
|-fieldend|move: Grassy Terrain
|upkeep
|turn|9
|
|t:|1758956437
|move|p2a: Ogerpon|Ivy Cudgel|p1a: Corviknight|[anim] Ivy Cudgel Water
|-damage|p1a: Corviknight|0 fnt
|faint|p1a: Corviknight
|
|upkeep
|
|t:|1758956439
|switch|p1a: Rillaboom|Rillaboom, M|47/100
|-fieldstart|move: Grassy Terrain|[from] ability: Grassy Surge|[of] p1a: Rillaboom
|turn|10
|
|t:|1758956456
|switch|p2a: Corviknight|Corviknight, M|74/100
|-ability|p2a: Corviknight|Pressure
|move|p1a: Rillaboom|Grassy Glide|p2a: Corviknight
|-resisted|p2a: Corviknight
|-damage|p2a: Corviknight|65/100
|
|-heal|p1a: Rillaboom|53/100|[from] Grassy Terrain
|upkeep
|turn|11
|
|t:|1758956473
|switch|p1a: Chandelure|Chandelure, F|100/100
|move|p2a: Corviknight|U-turn|p1a: Chandelure
|-resisted|p1a: Chandelure
|-damage|p1a: Chandelure|96/100
|
|t:|1758956477
|switch|p2a: Ogerpon|Ogerpon-Wellspring-Tera, F, tera:Water|100/100|[from] U-turn
|-ability|p2a: Ogerpon|Embody Aspect (Wellspring)|boost
|-boost|p2a: Ogerpon|spd|1
|
|-heal|p1a: Chandelure|100/100|[from] Grassy Terrain
|upkeep
|turn|12
|
|t:|1758956493
|move|p1a: Chandelure|Energy Ball|p2a: Ogerpon
|-supereffective|p2a: Ogerpon
|-damage|p2a: Ogerpon|28/100
|move|p2a: Ogerpon|Ivy Cudgel|p1a: Chandelure|[anim] Ivy Cudgel Water
|-supereffective|p1a: Chandelure
|-damage|p1a: Chandelure|0 fnt
|faint|p1a: Chandelure
|
|-heal|p2a: Ogerpon|34/100|[from] Grassy Terrain
|upkeep
|
|t:|1758956496
|switch|p1a: Rillaboom|Rillaboom, M|53/100
|turn|13
|
|t:|1758956511
|switch|p2a: Corviknight|Corviknight, M|65/100
|-ability|p2a: Corviknight|Pressure
|move|p1a: Rillaboom|Drain Punch|p2a: Corviknight
|-damage|p2a: Corviknight|44/100
|-heal|p1a: Rillaboom|66/100|[from] drain|[of] p2a: Corviknight
|
|-heal|p1a: Rillaboom|72/100|[from] Grassy Terrain
|upkeep
|turn|14
|
|t:|1758956527
|switch|p1a: Great Tusk|Great Tusk|100/100
|-enditem|p1a: Great Tusk|Booster Energy
|-activate|p1a: Great Tusk|ability: Protosynthesis|[fromitem]
|-start|p1a: Great Tusk|protosynthesisatk
|move|p2a: Corviknight|Roost|p2a: Corviknight
|-heal|p2a: Corviknight|94/100
|-singleturn|p2a: Corviknight|move: Roost
|
|-heal|p2a: Corviknight|99/100|[from] Grassy Terrain
|-fieldend|move: Grassy Terrain
|upkeep
|turn|15
|
|t:|1758956531
|move|p1a: Great Tusk|Close Combat|p2a: Corviknight
|-damage|p2a: Corviknight|55/100
|-unboost|p1a: Great Tusk|def|1
|-unboost|p1a: Great Tusk|spd|1
|move|p2a: Corviknight|Iron Defense|p2a: Corviknight
|-boost|p2a: Corviknight|def|2
|
|upkeep
|turn|16
|
|t:|1758956539
|-end|p1a: Great Tusk|Protosynthesis|[silent]
|switch|p1a: Rillaboom|Rillaboom, M|72/100
|-fieldstart|move: Grassy Terrain|[from] ability: Grassy Surge|[of] p1a: Rillaboom
|move|p2a: Corviknight|Roost|p2a: Corviknight
|-heal|p2a: Corviknight|100/100
|-singleturn|p2a: Corviknight|move: Roost
|
|-heal|p1a: Rillaboom|78/100|[from] Grassy Terrain
|upkeep
|turn|17
|
|t:|1758956545
|move|p1a: Rillaboom|Drain Punch|p2a: Corviknight
|-damage|p2a: Corviknight|88/100
|-heal|p1a: Rillaboom|85/100|[from] drain|[of] p2a: Corviknight
|move|p2a: Corviknight|Iron Defense|p2a: Corviknight
|-boost|p2a: Corviknight|def|2
|
|-heal|p1a: Rillaboom|91/100|[from] Grassy Terrain
|upkeep
|turn|18
|-message|TheJobApplication forfeited.
|
|win|megaYama
|raw|TheJobApplication's rating: 1416 &rarr; <strong>1396</strong><br />(-20 for losing)
|raw|megaYama's rating: 1411 &rarr; <strong>1431</strong><br />(+20 for winning)
|l|☆TheJobApplication
|player|p1|
|l|☆megaYama
|player|p2|
