|badge|p2|bronze|gen9ou|100-6
|html|<div class="broadcast-red"><strong>This battle is required to be public due to one or more player having a season medal.</strong><br />During the public phase, you can discuss the state of the ladder <a href="/seasondiscussion">in a special chatroom.</a></div>
|uhtml|medal-msg|<div class="broadcast-blue">Curious what those medals under the avatar are? PS now has Ladder Seasons! For more information, check out the <a href="https://www.smogon.com/forums/threads/3740067/">thread on Smogon.</a></div>
|raw|<div class="broadcast-blue"><strong>This battle is required to be public due to a player having a name starting with 'medal'.</div>
|j|☆Nikator98
|j|☆mcribs
|t:|1759068394
|gametype|singles
|player|p1|Nikator98|giovanni|1776
|player|p2|mcribs|101|1782
|gen|9
|tier|[Gen 9] OU
|rated|
|rule|HP Percentage Mod: HP is shown in percentages
|rule|Endless Battle Clause: Forcing endless battles is banned
|rule|Species Clause: Limit one of each Pokémon
|rule|OHKO Clause: OHKO moves are banned
|rule|Evasion Items Clause: Evasion items are banned
|rule|Evasion Moves Clause: Evasion moves are banned
|rule|Evasion Abilities Clause: Evasion abilities are banned
|rule|Sleep Moves Clause: Sleep-inducing moves are banned
|clearpoke
|poke|p1|Metagross|
|poke|p1|Great Tusk|
|poke|p1|Haxorus, M|
|poke|p1|Iron Moth|
|poke|p1|Zoroark-Hisui, M|
|poke|p1|Ninetales-Alola, F|
|poke|p2|Samurott-Hisui, M|
|poke|p2|Raging Bolt|
|poke|p2|Tornadus-Therian, M|
|poke|p2|Iron Valiant|
|poke|p2|Iron Treads|
|poke|p2|Gholdengo|
|teampreview
|inactive|Battle timer is ON: inactive players will automatically lose when time's up. (requested by mcribs)
|
|t:|1759068408
|teamsize|p1|6
|teamsize|p2|6
|start
|switch|p1a: Arquillian Sentry|Metagross|100/100
|switch|p2a: Iron Valiant|Iron Valiant|100/100
|turn|1
|
|t:|1759068414
|-end|p2a: Iron Valiant|Quark Drive|[silent]
|switch|p2a: Iron Treads|Iron Treads|100/100
|move|p1a: Arquillian Sentry|Meteor Mash|p2a: Iron Treads
|-resisted|p2a: Iron Treads
|-damage|p2a: Iron Treads|79/100
|
|-heal|p2a: Iron Treads|85/100|[from] item: Leftovers
|upkeep
|turn|2
|
|t:|1759068423
|switch|p1a: Kumaryia|Great Tusk, shiny|100/100
|move|p2a: Iron Treads|Earthquake|p1a: Kumaryia
|-damage|p1a: Kumaryia|71/100
|
|-heal|p2a: Iron Treads|91/100|[from] item: Leftovers
|upkeep
|turn|3
|
|t:|1759068429
|-end|p2a: Iron Treads|Quark Drive|[silent]
|switch|p2a: Tornadus|Tornadus-Therian, M|100/100
|move|p1a: Kumaryia|Knock Off|p2a: Tornadus
|-damage|p2a: Tornadus|62/100
|-enditem|p2a: Tornadus|Heavy-Duty Boots|[from] move: Knock Off|[of] p1a: Kumaryia
|
|upkeep
|turn|4
|
|t:|1759068437
|-end|p1a: Kumaryia|Protosynthesis|[silent]
|switch|p1a: Arquillian Sentry|Metagross|100/100
|move|p2a: Tornadus|Heat Wave|p1a: Arquillian Sentry
|-supereffective|p1a: Arquillian Sentry
|-damage|p1a: Arquillian Sentry|44/100
|
|upkeep
|turn|5
|j| iamfrhaan007
|
|t:|1759068462
|switch|p2a: Iron Treads|Iron Treads|91/100
|-terastallize|p1a: Arquillian Sentry|Water
|move|p1a: Arquillian Sentry|Meteor Mash|p2a: Iron Treads
|-resisted|p2a: Iron Treads
|-damage|p2a: Iron Treads|72/100
|
|-heal|p2a: Iron Treads|78/100|[from] item: Leftovers
|upkeep
|turn|6
|
|t:|1759068472
|switch|p1a: Kumaryia|Great Tusk, shiny|71/100
|move|p2a: Iron Treads|Earthquake|p1a: Kumaryia
|-damage|p1a: Kumaryia|46/100
|
|-heal|p2a: Iron Treads|84/100|[from] item: Leftovers
|upkeep
|turn|7
|j| PIDGEY GORDITO
|
|t:|1759068479
|-end|p2a: Iron Treads|Quark Drive|[silent]
|switch|p2a: Tornadus|Tornadus-Therian, M|95/100
|move|p1a: Kumaryia|Headlong Rush|p2a: Tornadus
|-immune|p2a: Tornadus
|
|upkeep
|turn|8
|l| PIDGEY GORDITO
|
|t:|1759068486
|-end|p1a: Kumaryia|Protosynthesis|[silent]
|switch|p1a: Arquillian Sentry|Metagross, tera:Water|44/100
|move|p2a: Tornadus|Knock Off|p1a: Arquillian Sentry
|-damage|p1a: Arquillian Sentry|28/100
|-enditem|p1a: Arquillian Sentry|Custap Berry|[from] move: Knock Off|[of] p2a: Tornadus
|
|upkeep
|turn|9
|
|t:|1759068492
|move|p2a: Tornadus|Bleakwind Storm|p1a: Arquillian Sentry
|-damage|p1a: Arquillian Sentry|0 fnt
|faint|p1a: Arquillian Sentry
|
|upkeep
|inactive|Nikator98 has 120 seconds left.
|
|t:|1759068537
|switch|p1a: Lacelle|Haxorus, M|100/100
|-ability|p1a: Lacelle|Mold Breaker
|turn|10
|l| iamfrhaan007
|
|t:|1759068550
|move|p2a: Tornadus|Knock Off|p1a: Lacelle
|-damage|p1a: Lacelle|77/100
|-enditem|p1a: Lacelle|Loaded Dice|[from] move: Knock Off|[of] p2a: Tornadus
|move|p1a: Lacelle|Scale Shot|p2a: Tornadus
|-damage|p2a: Tornadus|78/100
|-damage|p2a: Tornadus|60/100
|-damage|p2a: Tornadus|45/100
|-hitcount|p2a: Tornadus|3
|-unboost|p1a: Lacelle|def|1
|-boost|p1a: Lacelle|spe|1
|
|upkeep
|turn|11
|inactive|Nikator98 has 120 seconds left.
|
|t:|1759068562
|switch|p2a: Iron Valiant|Iron Valiant|100/100
|move|p1a: Lacelle|Scale Shot|p2a: Iron Valiant
|-immune|p2a: Iron Valiant
|
|upkeep
|turn|12
|inactive|Nikator98 has 120 seconds left.
|
|t:|1759068568
|-end|p2a: Iron Valiant|Quark Drive|[silent]
|switch|p2a: Gholdengo|Gholdengo|100/100
|-item|p2a: Gholdengo|Air Balloon
|move|p1a: Lacelle|Iron Head|p2a: Gholdengo
|-resisted|p2a: Gholdengo
|-damage|p2a: Gholdengo|90/100
|-enditem|p2a: Gholdengo|Air Balloon
|
|upkeep
|turn|13
|inactive|Nikator98 has 120 seconds left.
|
|t:|1759068596
|switch|p1a: Lacelle|Haxorus, M|100/100
|move|p2a: Gholdengo|Thunder Wave|p1a: Lacelle
|-status|p1a: Lacelle|par
|
|upkeep
|turn|14
|
|t:|1759068603
|switch|p2a: Samurott|Samurott-Hisui, M|100/100
|move|p1a: Lacelle|Bitter Malice|p2a: Samurott
|-resisted|p2a: Samurott
|-damage|p2a: Samurott|79/100
|-unboost|p2a: Samurott|atk|1
|
|upkeep
|turn|15
|
|t:|1759068612
|switch|p1a: Asfaloth|Ninetales-Alola, F, shiny|100/100
|-weather|Snowscape|[from] ability: Snow Warning|[of] p1a: Asfaloth
|move|p2a: Samurott|Knock Off|p1a: Asfaloth
|-resisted|p1a: Asfaloth
|-damage|p1a: Asfaloth|88/100
|-enditem|p1a: Asfaloth|Light Clay|[from] move: Knock Off|[of] p2a: Samurott
|
|-weather|Snowscape|[upkeep]
|upkeep
|turn|16
|inactive|Nikator98 has 120 seconds left.
|
|t:|1759068622
|move|p1a: Asfaloth|Moonblast|p2a: Samurott
|-supereffective|p2a: Samurott
|-damage|p2a: Samurott|31/100
|move|p2a: Samurott|Ceaseless Edge|p1a: Asfaloth
|-resisted|p1a: Asfaloth
|-damage|p1a: Asfaloth|76/100
|-sidestart|p1: Nikator98|Spikes
|
|-weather|Snowscape|[upkeep]
|upkeep
|turn|17
|inactive|Nikator98 has 120 seconds left.
|
|t:|1759068630
|switch|p2a: Gholdengo|Gholdengo|90/100
|move|p1a: Asfaloth|Aurora Veil|p1a: Asfaloth
|-sidestart|p1: Nikator98|move: Aurora Veil
|
|-weather|Snowscape|[upkeep]
|upkeep
|turn|18
|
|t:|1759068637
|switch|p1a: Lacelle|Haxorus, M|100/100 par
|-damage|p1a: Lacelle|88/100 par|[from] Spikes
|move|p2a: Gholdengo|Make It Rain|p1a: Lacelle
|-damage|p1a: Lacelle|36/100 par
|-unboost|p2a: Gholdengo|spa|1
|replace|p1a: Van Helsing|Zoroark-Hisui, M, shiny
|-end|p1a: Van Helsing|Illusion
|
|-weather|Snowscape|[upkeep]
|upkeep
|turn|19
|
|t:|1759068647
|switch|p2a: Samurott|Samurott-Hisui, M|31/100
|cant|p1a: Van Helsing|par
|
|-weather|none
|upkeep
|turn|20
|j| amimec
|
|t:|1759068654
|switch|p1a: Kumaryia|Great Tusk, shiny|46/100
|move|p2a: Samurott|Ceaseless Edge|p1a: Kumaryia|[miss]
|-miss|p2a: Samurott|p1a: Kumaryia
|
|upkeep
|turn|21
|
|t:|1759068662
|move|p1a: Kumaryia|Headlong Rush|p2a: Samurott
|-damage|p2a: Samurott|0 fnt
|-unboost|p1a: Kumaryia|def|1
|-unboost|p1a: Kumaryia|spd|1
|faint|p2a: Samurott
|
|-sideend|p1: Nikator98|move: Aurora Veil
|upkeep
|
|t:|1759068665
|switch|p2a: Tornadus|Tornadus-Therian, M|78/100
|turn|22
|
|t:|1759068671
|-end|p1a: Kumaryia|Protosynthesis|[silent]
|switch|p1a: Lacelle|Haxorus, M|36/100 par
|-damage|p1a: Lacelle|23/100 par|[from] Spikes
|move|p2a: Tornadus|Nasty Plot|p2a: Tornadus
|-boost|p2a: Tornadus|spa|2
|
|upkeep
|turn|23
|
|t:|1759068682
|move|p2a: Tornadus|Bleakwind Storm|p1a: Lacelle
|-damage|p1a: Lacelle|0 fnt
|replace|p1a: Van Helsing|Zoroark-Hisui, M, shiny
|-end|p1a: Van Helsing|Illusion
|faint|p1a: Van Helsing
|
|upkeep
|
|t:|1759068692
|switch|p1a: Lacelle|Haxorus, M|77/100
|-damage|p1a: Lacelle|65/100|[from] Spikes
|-ability|p1a: Lacelle|Mold Breaker
|turn|24
|
|t:|1759068697
|move|p2a: Tornadus|Bleakwind Storm|p1a: Lacelle
|-crit|p1a: Lacelle
|-damage|p1a: Lacelle|0 fnt
|faint|p1a: Lacelle
|
|upkeep
|
|t:|1759068707
|switch|p1a: Asfaloth|Ninetales-Alola, F, shiny|76/100
|-damage|p1a: Asfaloth|64/100|[from] Spikes
|-weather|Snowscape|[from] ability: Snow Warning|[of] p1a: Asfaloth
|turn|25
|
|t:|1759068712
|move|p2a: Tornadus|Heat Wave|p1a: Asfaloth
|-supereffective|p1a: Asfaloth
|-damage|p1a: Asfaloth|0 fnt
|faint|p1a: Asfaloth
|
|-weather|Snowscape|[upkeep]
|upkeep
|
|t:|1759068718
|switch|p1a: Gothmog|Iron Moth|100/100
|-damage|p1a: Gothmog|88/100|[from] Spikes
|-enditem|p1a: Gothmog|Booster Energy
|-activate|p1a: Gothmog|ability: Quark Drive|[fromitem]
|-start|p1a: Gothmog|quarkdrivespe
|turn|26
|
|t:|1759068724
|move|p1a: Gothmog|Fiery Dance|p2a: Tornadus
|-damage|p2a: Tornadus|36/100
|-boost|p1a: Gothmog|spa|1
|move|p2a: Tornadus|Bleakwind Storm|p1a: Gothmog|[miss]
|-miss|p2a: Tornadus|p1a: Gothmog
|
|-weather|Snowscape|[upkeep]
|upkeep
|turn|27
|
|t:|1759068732
|switch|p2a: Raging Bolt|Raging Bolt|100/100
|move|p1a: Gothmog|Fiery Dance|p2a: Raging Bolt
|-resisted|p2a: Raging Bolt
|-damage|p2a: Raging Bolt|75/100
|
|-weather|Snowscape|[upkeep]
|-heal|p2a: Raging Bolt|81/100|[from] item: Leftovers
|upkeep
|turn|28
|
|t:|1759068741
|-terastallize|p2a: Raging Bolt|Flying
|move|p1a: Gothmog|Sludge Wave|p2a: Raging Bolt
|-damage|p2a: Raging Bolt|21/100
|move|p2a: Raging Bolt|Thunderbolt|p1a: Gothmog
|-damage|p1a: Gothmog|38/100
|
|-weather|Snowscape|[upkeep]
|-heal|p2a: Raging Bolt|27/100|[from] item: Leftovers
|upkeep
|turn|29
|
|t:|1759068749
|move|p2a: Raging Bolt|Thunderclap||[still]
|-fail|p2a: Raging Bolt
|move|p1a: Gothmog|Substitute|p1a: Gothmog
|-start|p1a: Gothmog|Substitute
|-damage|p1a: Gothmog|13/100
|
|-weather|none
|-heal|p2a: Raging Bolt|34/100|[from] item: Leftovers
|upkeep
|turn|30
|
|t:|1759068757
|move|p2a: Raging Bolt|Thunderclap|p1a: Gothmog
|-end|p1a: Gothmog|Substitute
|move|p1a: Gothmog|Sludge Wave|p2a: Raging Bolt
|-damage|p2a: Raging Bolt|0 fnt
|faint|p2a: Raging Bolt
|-end|p2a: Raging Bolt|Protosynthesis|[silent]
|
|upkeep
|
|t:|1759068761
|switch|p2a: Iron Valiant|Iron Valiant|100/100
|turn|31
|
|t:|1759068765
|move|p2a: Iron Valiant|Vacuum Wave|p1a: Gothmog
|-resisted|p1a: Gothmog
|-damage|p1a: Gothmog|0 fnt
|faint|p1a: Gothmog
|-end|p1a: Gothmog|Quark Drive|[silent]
|
|upkeep
|-message|Nikator98 forfeited.
|
|win|mcribs
|raw|Nikator98's rating: 1776 &rarr; <strong>1756</strong><br />(-20 for losing)
|raw|mcribs's rating: 1782 &rarr; <strong>1802</strong><br />(+20 for winning)
|l|☆Nikator98
|player|p1|
|l|☆mcribs
|player|p2|
|l| amimec
