|badge|p1|bronze|gen9ou|100-6
|html|<div class="broadcast-red"><strong>This battle is required to be public due to one or more player having a season medal.</strong><br />During the public phase, you can discuss the state of the ladder <a href="/seasondiscussion">in a special chatroom.</a></div>
|uhtml|medal-msg|<div class="broadcast-blue">Curious what those medals under the avatar are? PS now has Ladder Seasons! For more information, check out the <a href="https://www.smogon.com/forums/threads/3740067/">thread on Smogon.</a></div>
|j|☆JackRG1
|j|☆Omari P
|t:|1759034005
|gametype|singles
|player|p1|JackRG1|dawn-gen4pt|1901
|player|p2|Omari P|pokemonrangerf|1802
|gen|9
|tier|[Gen 9] OU
|rated|
|rule|HP Percentage Mod: HP is shown in percentages
|rule|Endless Battle Clause: Forcing endless battles is banned
|rule|Species Clause: Limit one of each Pokémon
|rule|OHKO Clause: OHKO moves are banned
|rule|Evasion Items Clause: Evasion items are banned
|rule|Evasion Moves Clause: Evasion moves are banned
|rule|Evasion Abilities Clause: Evasion abilities are banned
|rule|Sleep Moves Clause: Sleep-inducing moves are banned
|clearpoke
|poke|p1|Weezing-Galar, F|
|poke|p1|Ting-Lu|
|poke|p1|Corviknight, M|
|poke|p1|Skeledirge, F|
|poke|p1|Dragapult, M|
|poke|p1|Ogerpon-Wellspring, F|
|poke|p2|Cinderace, F|
|poke|p2|Volcanion|
|poke|p2|Torkoal, M|
|poke|p2|Mandibuzz, F|
|poke|p2|Great Tusk|
|poke|p2|Fezandipiti, M|
|teampreview
|inactive|Battle timer is ON: inactive players will automatically lose when time's up. (requested by JackRG1)
|inactive|Omari P has 120 seconds left.
|inactive|Omari P has 90 seconds left.
|j| rookie Jonathan
|inactive|Omari P has 60 seconds left.
|inactive|Omari P has 30 seconds left.
|inactive|Omari P has 20 seconds left.
|inactive|Omari P has 15 seconds left.
|inactive|Omari P has 10 seconds left.
|
|t:|1759034147
|teamsize|p1|6
|teamsize|p2|6
|start
|switch|p1a: Dragapult|Dragapult, M|100/100
|switch|p2a: Torkoal|Torkoal, M, shiny|100/100
|-weather|SunnyDay|[from] ability: Drought|[of] p2a: Torkoal
|turn|1
|
|t:|1759034151
|switch|p2a: Chihiro|Fezandipiti, M|100/100
|move|p1a: Dragapult|U-turn|p2a: Chihiro
|-resisted|p2a: Chihiro
|-damage|p2a: Chihiro|96/100
|
|t:|1759034161
|switch|p1a: Ting-Lu|Ting-Lu, shiny|100/100|[from] U-turn
|-ability|p1a: Ting-Lu|Vessel of Ruin
|
|-weather|SunnyDay|[upkeep]
|-heal|p2a: Chihiro|100/100|[from] item: Leftovers
|upkeep
|turn|2
|
|t:|1759034168
|switch|p2a: Omari P Bird|Mandibuzz, F, shiny|100/100
|move|p1a: Ting-Lu|Stealth Rock|p2a: Omari P Bird
|-sidestart|p2: Omari P|move: Stealth Rock
|
|-weather|SunnyDay|[upkeep]
|upkeep
|turn|3
|
|t:|1759034174
|switch|p1a: GAS.|Weezing-Galar, F|100/100
|-ability|p1a: GAS.|Neutralizing Gas
|move|p2a: Omari P Bird|Defog|p1a: GAS.
|-unboost|p1a: GAS.|evasion|1
|-sideend|p2: Omari P|Stealth Rock|[from] move: Defog|[of] p2a: Omari P Bird
|
|-weather|SunnyDay|[upkeep]
|upkeep
|turn|4
|
|t:|1759034183
|switch|p2a: Cinderace|Cinderace, F|100/100
|move|p1a: GAS.|Sludge Bomb|p2a: Cinderace
|-damage|p2a: Cinderace|56/100
|-status|p2a: Cinderace|psn
|
|-weather|SunnyDay|[upkeep]
|-damage|p2a: Cinderace|44/100 psn|[from] psn
|upkeep
|turn|5
|
|t:|1759034187
|move|p2a: Cinderace|Pyro Ball|p1a: GAS.
|-damage|p1a: GAS.|21/100
|move|p1a: GAS.|Sludge Bomb|p2a: Cinderace
|-damage|p2a: Cinderace|0 fnt
|faint|p2a: Cinderace
|
|-weather|SunnyDay|[upkeep]
|upkeep
|
|t:|1759034191
|switch|p2a: Volcanion|Volcanion|100/100
|turn|6
|
|t:|1759034194
|-end|p1a: GAS.|ability: Neutralizing Gas
|switch|p1a: Skeledirge|Skeledirge, F|100/100
|move|p2a: Volcanion|Fire Blast|p1a: Skeledirge
|-resisted|p1a: Skeledirge
|-damage|p1a: Skeledirge|47/100
|
|-weather|SunnyDay|[upkeep]
|upkeep
|turn|7
|inactive|Omari P has 120 seconds left.
|j| niolight
|inactive|Omari P has 90 seconds left.
|inactive|Omari P has 60 seconds left.
|
|t:|1759034279
|move|p2a: Volcanion|Fire Blast|p1a: Skeledirge
|-resisted|p1a: Skeledirge
|-damage|p1a: Skeledirge|0 fnt
|faint|p1a: Skeledirge
|
|-weather|SunnyDay|[upkeep]
|upkeep
|
|t:|1759034283
|switch|p1a: Ting-Lu|Ting-Lu, shiny|100/100
|-ability|p1a: Ting-Lu|Vessel of Ruin
|turn|8
|
|t:|1759034289
|switch|p2a: Omari P Bird|Mandibuzz, F, shiny|100/100
|move|p1a: Ting-Lu|Stealth Rock|p2a: Omari P Bird
|-sidestart|p2: Omari P|move: Stealth Rock
|
|-weather|none
|upkeep
|turn|9
|
|t:|1759034292
|switch|p1a: GAS.|Weezing-Galar, F|21/100
|-ability|p1a: GAS.|Neutralizing Gas
|move|p2a: Omari P Bird|Defog|p1a: GAS.
|-unboost|p1a: GAS.|evasion|1
|-sideend|p2: Omari P|Stealth Rock|[from] move: Defog|[of] p2a: Omari P Bird
|
|upkeep
|turn|10
|
|t:|1759034296
|switch|p2a: Torkoal|Torkoal, M, shiny|100/100
|move|p1a: GAS.|Pain Split|p2a: Torkoal
|-sethp|p2a: Torkoal|61/100|[from] move: Pain Split|[silent]
|-sethp|p1a: GAS.|60/100|[from] move: Pain Split
|
|upkeep
|turn|11
|
|t:|1759034298
|move|p1a: GAS.|Sludge Bomb|p2a: Torkoal
|-crit|p2a: Torkoal
|-damage|p2a: Torkoal|0 fnt
|faint|p2a: Torkoal
|
|upkeep
|
|t:|1759034301
|switch|p2a: Volcanion|Volcanion|100/100
|turn|12
|
|t:|1759034304
|-end|p1a: GAS.|ability: Neutralizing Gas
|switch|p1a: Ogerpon|Ogerpon-Wellspring, F|100/100
|move|p2a: Volcanion|Fire Blast|p1a: Ogerpon
|-damage|p1a: Ogerpon|15/100
|
|upkeep
|turn|13
|
|t:|1759034311
|-terastallize|p1a: Ogerpon|Water
|detailschange|p1a: Ogerpon|Ogerpon-Wellspring-Tera, F, tera:Water
|-ability|p1a: Ogerpon|Embody Aspect (Wellspring)|boost
|-boost|p1a: Ogerpon|spd|1
|move|p1a: Ogerpon|Synthesis|p1a: Ogerpon
|-heal|p1a: Ogerpon|65/100
|move|p2a: Volcanion|Fire Blast|p1a: Ogerpon|[miss]
|-miss|p2a: Volcanion|p1a: Ogerpon
|
|upkeep
|turn|14
|inactive|Omari P has 120 seconds left.
|
|t:|1759034323
|switch|p2a: Omari P Bird|Mandibuzz, F, shiny|100/100
|move|p1a: Ogerpon|Ivy Cudgel|p2a: Omari P Bird|[anim] Ivy Cudgel Water
|-damage|p2a: Omari P Bird|58/100
|
|upkeep
|turn|15
|
|t:|1759034325
|move|p1a: Ogerpon|Ivy Cudgel|p2a: Omari P Bird|[anim] Ivy Cudgel Water
|-crit|p2a: Omari P Bird
|-damage|p2a: Omari P Bird|0 fnt
|faint|p2a: Omari P Bird
|
|upkeep
|
|t:|1759034327
|switch|p2a: Haku|Great Tusk, shiny|100/100
|turn|16
|
|t:|1759034330
|switch|p1a: Dragapult|Dragapult, M|100/100
|move|p2a: Haku|Headlong Rush|p1a: Dragapult
|-crit|p1a: Dragapult
|-damage|p1a: Dragapult|0 fnt
|-unboost|p2a: Haku|def|1
|-unboost|p2a: Haku|spd|1
|faint|p1a: Dragapult
|
|upkeep
|j| heatraniac
|
|t:|1759034335
|switch|p1a: Ting-Lu|Ting-Lu, shiny|100/100
|-ability|p1a: Ting-Lu|Vessel of Ruin
|turn|17
|
|t:|1759034338
|move|p2a: Haku|Headlong Rush|p1a: Ting-Lu
|-damage|p1a: Ting-Lu|63/100
|-unboost|p2a: Haku|def|1
|-unboost|p2a: Haku|spd|1
|move|p1a: Ting-Lu|Earthquake|p2a: Haku
|-damage|p2a: Haku|50/100
|
|-heal|p1a: Ting-Lu|70/100|[from] item: Leftovers
|upkeep
|turn|18
|
|t:|1759034341
|-end|p2a: Haku|Protosynthesis|[silent]
|switch|p2a: Chihiro|Fezandipiti, M|100/100
|move|p1a: Ting-Lu|Earthquake|p2a: Chihiro
|-supereffective|p2a: Chihiro
|-damage|p2a: Chihiro|26/100
|
|-heal|p2a: Chihiro|32/100|[from] item: Leftovers
|-heal|p1a: Ting-Lu|76/100|[from] item: Leftovers
|upkeep
|turn|19
|
|t:|1759034343
|move|p2a: Chihiro|Moonblast|p1a: Ting-Lu
|-supereffective|p1a: Ting-Lu
|-damage|p1a: Ting-Lu|45/100
|move|p1a: Ting-Lu|Earthquake|p2a: Chihiro
|-supereffective|p2a: Chihiro
|-damage|p2a: Chihiro|0 fnt
|faint|p2a: Chihiro
|
|-heal|p1a: Ting-Lu|51/100|[from] item: Leftovers
|upkeep
|
|t:|1759034347
|switch|p2a: Haku|Great Tusk, shiny|50/100
|turn|20
|
|t:|1759034350
|switch|p1a: GAS.|Weezing-Galar, F|60/100
|-ability|p1a: GAS.|Neutralizing Gas
|move|p2a: Haku|Close Combat|p1a: GAS.
|-resisted|p1a: GAS.
|-damage|p1a: GAS.|50/100
|-unboost|p2a: Haku|def|1
|-unboost|p2a: Haku|spd|1
|
|upkeep
|turn|21
|
|t:|1759034363
|-end|p2a: Haku|Protosynthesis|[silent]
|switch|p2a: Volcanion|Volcanion|100/100
|move|p1a: GAS.|Sludge Bomb|p2a: Volcanion
|-damage|p2a: Volcanion|71/100
|
|upkeep
|turn|22
|
|t:|1759034365
|move|p2a: Volcanion|Fire Blast|p1a: GAS.
|-damage|p1a: GAS.|0 fnt
|faint|p1a: GAS.
|-end|p1a: GAS.|ability: Neutralizing Gas
|
|upkeep
|
|t:|1759034368
|switch|p1a: Ogerpon|Ogerpon-Wellspring-Tera, F, tera:Water|65/100
|-ability|p1a: Ogerpon|Embody Aspect (Wellspring)|boost
|-boost|p1a: Ogerpon|spd|1
|turn|23
|
|t:|1759034374
|move|p1a: Ogerpon|Knock Off|p2a: Volcanion
|-damage|p2a: Volcanion|38/100
|-enditem|p2a: Volcanion|Choice Specs|[from] move: Knock Off|[of] p1a: Ogerpon
|move|p2a: Volcanion|Fire Blast|p1a: Ogerpon
|-resisted|p1a: Ogerpon
|-damage|p1a: Ogerpon|45/100
|
|upkeep
|turn|24
|
|t:|1759034379
|move|p1a: Ogerpon|Knock Off|p2a: Volcanion
|-damage|p2a: Volcanion|17/100
|move|p2a: Volcanion|Solar Beam||[still]
|-prepare|p2a: Volcanion|Solar Beam
|
|upkeep
|turn|25
|
|t:|1759034381
|move|p1a: Ogerpon|Knock Off|p2a: Volcanion
|-crit|p2a: Volcanion
|-damage|p2a: Volcanion|0 fnt
|faint|p2a: Volcanion
|
|upkeep
|
|t:|1759034383
|switch|p2a: Haku|Great Tusk, shiny|50/100
|turn|26
|
|t:|1759034385
|move|p2a: Haku|Close Combat|p1a: Ogerpon
|-damage|p1a: Ogerpon|0 fnt
|-unboost|p2a: Haku|def|1
|-unboost|p2a: Haku|spd|1
|faint|p1a: Ogerpon
|detailschange|p1: Ogerpon|Ogerpon-Wellspring, F|[silent]
|
|upkeep
|
|t:|1759034387
|switch|p1a: Corviknight|Corviknight, M|100/100
|-ability|p1a: Corviknight|Pressure
|turn|27
|
|t:|1759034389
|move|p2a: Haku|Close Combat|p1a: Corviknight
|-damage|p1a: Corviknight|51/100
|-unboost|p2a: Haku|def|1
|-unboost|p2a: Haku|spd|1
|-damage|p2a: Haku|34/100|[from] item: Rocky Helmet|[of] p1a: Corviknight
|move|p1a: Corviknight|Roost|p1a: Corviknight
|-heal|p1a: Corviknight|100/100
|-singleturn|p1a: Corviknight|move: Roost
|
|upkeep
|turn|28
|-message|Omari P forfeited.
|
|win|JackRG1
|raw|JackRG1's rating: 1901 &rarr; <strong>1915</strong><br />(+14 for winning)
|raw|Omari P's rating: 1802 &rarr; <strong>1788</strong><br />(-14 for losing)
|l|☆Omari P
|player|p2|
|l|☆JackRG1
|player|p1|
|l| heatraniac
|l| niolight
