|j|☆JumboSizedRichard
|j|☆xdeadoutside
|t:|1758937784
|gametype|singles
|player|p1|JumboSizedRichard|n|1109
|player|p2|xdeadoutside|101|1149
|gen|9
|tier|[Gen 9] OU
|rated|
|rule|HP Percentage Mod: HP is shown in percentages
|rule|Endless Battle Clause: Forcing endless battles is banned
|rule|Species Clause: Limit one of each Pokémon
|rule|OHKO Clause: OHKO moves are banned
|rule|Evasion Items Clause: Evasion items are banned
|rule|Evasion Moves Clause: Evasion moves are banned
|rule|Evasion Abilities Clause: Evasion abilities are banned
|rule|Sleep Moves Clause: Sleep-inducing moves are banned
|clearpoke
|poke|p1|Gliscor, M|
|poke|p1|Samurott-Hisui, F|
|poke|p1|Rillaboom, F|
|poke|p1|Pecharunt|
|poke|p1|Hydreigon, M|
|poke|p1|Moltres|
|poke|p2|Hydrapple, M|
|poke|p2|Gholdengo|
|poke|p2|Hatterene, F|
|poke|p2|Quaquaval, F|
|poke|p2|Kingambit, M|
|poke|p2|Ninetales-Alola, F|
|teampreview
|
|t:|1758937799
|teamsize|p1|6
|teamsize|p2|6
|start
|switch|p1a: Samurott|Samurott-Hisui, F|100/100
|switch|p2a: Ninetales|Ninetales-Alola, F|100/100
|-weather|Snowscape|[from] ability: Snow Warning|[of] p2a: Ninetales
|turn|1
|inactive|Battle timer is ON: inactive players will automatically lose when time's up. (requested by JumboSizedRichard)
|
|t:|1758937818
|move|p1a: Samurott|Ceaseless Edge|p2a: Ninetales
|-resisted|p2a: Ninetales
|-damage|p2a: Ninetales|82/100
|-sidestart|p2: xdeadoutside|Spikes
|move|p2a: Ninetales|Aurora Veil|p2a: Ninetales
|-sidestart|p2: xdeadoutside|move: Aurora Veil
|
|-weather|Snowscape|[upkeep]
|upkeep
|turn|2
|
|t:|1758937835
|move|p1a: Samurott|Ceaseless Edge|p2a: Ninetales
|-resisted|p2a: Ninetales
|-damage|p2a: Ninetales|74/100
|-sidestart|p2: xdeadoutside|Spikes
|move|p2a: Ninetales|Moonblast|p1a: Samurott
|-supereffective|p1a: Samurott
|-damage|p1a: Samurott|22/100
|
|-weather|Snowscape|[upkeep]
|upkeep
|turn|3
|
|t:|1758937839
|move|p1a: Samurott|Ceaseless Edge|p2a: Ninetales
|-resisted|p2a: Ninetales
|-damage|p2a: Ninetales|65/100
|-sidestart|p2: xdeadoutside|Spikes
|move|p2a: Ninetales|Moonblast|p1a: Samurott
|-supereffective|p1a: Samurott
|-damage|p1a: Samurott|0 fnt
|faint|p1a: Samurott
|
|-weather|Snowscape|[upkeep]
|upkeep
|
|t:|1758937847
|switch|p1a: Gliscor|Gliscor, M|100/100
|turn|4
|
|t:|1758937874
|switch|p2a: Gholdengo|Gholdengo|100/100
|-damage|p2a: Gholdengo|76/100|[from] Spikes
|move|p1a: Gliscor|Protect||[still]
|-fail|p1a: Gliscor
|
|-weather|Snowscape|[upkeep]
|-status|p1a: Gliscor|tox|[from] item: Toxic Orb
|upkeep
|turn|5
|
|t:|1758937888
|move|p2a: Gholdengo|Trick|p1a: Gliscor
|-activate|p2a: Gholdengo|move: Trick|[of] p1a: Gliscor
|-item|p1a: Gliscor|Choice Scarf|[from] move: Trick
|-item|p2a: Gholdengo|Toxic Orb|[from] move: Trick
|move|p1a: Gliscor|Earthquake|p2a: Gholdengo
|-supereffective|p2a: Gholdengo
|-damage|p2a: Gholdengo|36/100
|
|-weather|none
|upkeep
|turn|6
|
|t:|1758937906
|switch|p2a: Hydrapple|Hydrapple, M, shiny|100/100
|-damage|p2a: Hydrapple|76/100|[from] Spikes
|move|p1a: Gliscor|Earthquake|p2a: Hydrapple
|-resisted|p2a: Hydrapple
|-damage|p2a: Hydrapple|69/100
|
|upkeep
|turn|7
|
|t:|1758937913
|switch|p1a: Moltres|Moltres|100/100
|move|p2a: Hydrapple|Earth Power|p1a: Moltres
|-immune|p1a: Moltres
|
|upkeep
|turn|8
|
|t:|1758937918
|switch|p2a: Quaquaval|Quaquaval, F|100/100
|move|p1a: Moltres|Will-O-Wisp|p2a: Quaquaval
|-status|p2a: Quaquaval|brn
|
|-damage|p2a: Quaquaval|94/100 brn|[from] brn
|-sideend|p2: xdeadoutside|move: Aurora Veil
|upkeep
|turn|9
|
|t:|1758937931
|switch|p1a: Hydreigon|Hydreigon, M|100/100
|move|p2a: Quaquaval|Rapid Spin|p1a: Hydreigon
|-crit|p1a: Hydreigon
|-damage|p1a: Hydreigon|87/100
|-boost|p2a: Quaquaval|spe|1
|-sideend|p2: xdeadoutside|Spikes|[from] move: Rapid Spin|[of] p2a: Quaquaval
|
|-damage|p2a: Quaquaval|88/100 brn|[from] brn
|upkeep
|turn|10
|
|t:|1758937943
|move|p2a: Quaquaval|Close Combat|p1a: Hydreigon
|-supereffective|p1a: Hydreigon
|-crit|p1a: Hydreigon
|-damage|p1a: Hydreigon|0 fnt
|-unboost|p2a: Quaquaval|def|1
|-unboost|p2a: Quaquaval|spd|1
|faint|p1a: Hydreigon
|-ability|p2a: Quaquaval|Moxie|boost
|-boost|p2a: Quaquaval|atk|1
|
|-damage|p2a: Quaquaval|82/100 brn|[from] brn
|upkeep
|
|t:|1758937945
|switch|p1a: Rillaboom|Rillaboom, F|100/100
|-fieldstart|move: Grassy Terrain|[from] ability: Grassy Surge|[of] p1a: Rillaboom
|turn|11
|
|t:|1758937953
|switch|p2a: Hydrapple|Hydrapple, M, shiny|100/100
|move|p1a: Rillaboom|Grassy Glide|p2a: Hydrapple
|-resisted|p2a: Hydrapple
|-damage|p2a: Hydrapple|93/100
|
|-heal|p2a: Hydrapple|99/100|[from] Grassy Terrain
|upkeep
|turn|12
|
|t:|1758937960
|move|p1a: Rillaboom|Knock Off|p2a: Hydrapple
|-damage|p2a: Hydrapple|73/100
|-enditem|p2a: Hydrapple|Assault Vest|[from] move: Knock Off|[of] p1a: Rillaboom
|move|p2a: Hydrapple|Fickle Beam|p1a: Rillaboom
|-damage|p1a: Rillaboom|68/100
|
|-heal|p1a: Rillaboom|74/100|[from] Grassy Terrain
|-heal|p2a: Hydrapple|79/100|[from] Grassy Terrain
|upkeep
|turn|13
|
|t:|1758937970
|move|p1a: Rillaboom|U-turn|p2a: Hydrapple
|-supereffective|p2a: Hydrapple
|-damage|p2a: Hydrapple|38/100
|
|t:|1758937972
|switch|p1a: Pecharunt|Pecharunt|100/100|[from] U-turn
|move|p2a: Hydrapple|Fickle Beam|p1a: Pecharunt
|-damage|p1a: Pecharunt|60/100
|
|-heal|p1a: Pecharunt|66/100|[from] Grassy Terrain
|-heal|p1a: Pecharunt|72/100|[from] item: Leftovers
|-heal|p2a: Hydrapple|44/100|[from] Grassy Terrain
|upkeep
|turn|14
|
|t:|1758937977
|-terastallize|p2a: Hydrapple|Steel
|move|p1a: Pecharunt|Malignant Chain|p2a: Hydrapple
|-immune|p2a: Hydrapple
|move|p2a: Hydrapple|Earth Power|p1a: Pecharunt
|-supereffective|p1a: Pecharunt
|-damage|p1a: Pecharunt|13/100
|
|-heal|p1a: Pecharunt|19/100|[from] Grassy Terrain
|-heal|p1a: Pecharunt|25/100|[from] item: Leftovers
|-heal|p2a: Hydrapple|50/100|[from] Grassy Terrain
|upkeep
|turn|15
|
|t:|1758937984
|move|p1a: Pecharunt|Parting Shot|p2a: Hydrapple
|-unboost|p2a: Hydrapple|atk|1
|-unboost|p2a: Hydrapple|spa|1
|
|t:|1758937990
|switch|p1a: Gliscor|Gliscor, M|100/100 tox|[from] Parting Shot
|move|p2a: Hydrapple|Fickle Beam|p1a: Gliscor|[anim] Fickle Beam All Out
|-activate|p2a: Hydrapple|move: Fickle Beam
|-damage|p1a: Gliscor|47/100 tox
|
|-heal|p2a: Hydrapple|56/100|[from] Grassy Terrain
|-heal|p1a: Gliscor|59/100 tox|[from] ability: Poison Heal
|-fieldend|move: Grassy Terrain
|upkeep
|turn|16
|
|t:|1758937998
|switch|p2a: Ninetales|Ninetales-Alola, F|65/100
|-weather|Snowscape|[from] ability: Snow Warning|[of] p2a: Ninetales
|-terastallize|p1a: Gliscor|Normal
|move|p1a: Gliscor|Facade|p2a: Ninetales
|-damage|p2a: Ninetales|27/100
|
|-weather|Snowscape|[upkeep]
|-heal|p1a: Gliscor|72/100 tox|[from] ability: Poison Heal
|upkeep
|turn|17
|
|t:|1758938003
|switch|p2a: Gholdengo|Gholdengo|36/100
|move|p1a: Gliscor|Facade|p2a: Gholdengo
|-immune|p2a: Gholdengo
|
|-weather|Snowscape|[upkeep]
|-heal|p1a: Gliscor|84/100 tox|[from] ability: Poison Heal
|upkeep
|turn|18
|
|t:|1758938014
|switch|p1a: Pecharunt|Pecharunt|25/100
|move|p2a: Gholdengo|Trick|p1a: Pecharunt
|-activate|p2a: Gholdengo|move: Trick|[of] p1a: Pecharunt
|-item|p1a: Pecharunt|Toxic Orb|[from] move: Trick
|-item|p2a: Gholdengo|Leftovers|[from] move: Trick
|
|-weather|Snowscape|[upkeep]
|-heal|p2a: Gholdengo|42/100|[from] item: Leftovers
|upkeep
|turn|19
|
|t:|1758938025
|move|p2a: Gholdengo|Shadow Ball|p1a: Pecharunt
|-supereffective|p1a: Pecharunt
|-damage|p1a: Pecharunt|0 fnt
|faint|p1a: Pecharunt
|
|-weather|Snowscape|[upkeep]
|-heal|p2a: Gholdengo|48/100|[from] item: Leftovers
|upkeep
|
|t:|1758938027
|switch|p1a: Rillaboom|Rillaboom, F|74/100
|-fieldstart|move: Grassy Terrain|[from] ability: Grassy Surge|[of] p1a: Rillaboom
|turn|20
|
|t:|1758938030
|switch|p2a: Hydrapple|Hydrapple, M, shiny, tera:Steel|89/100
|move|p1a: Rillaboom|Knock Off|p2a: Hydrapple
|-damage|p2a: Hydrapple|72/100
|
|-weather|none
|-heal|p1a: Rillaboom|80/100|[from] Grassy Terrain
|-heal|p2a: Hydrapple|78/100|[from] Grassy Terrain
|upkeep
|turn|21
|
|t:|1758938034
|move|p1a: Rillaboom|Drain Punch|p2a: Hydrapple
|-supereffective|p2a: Hydrapple
|-damage|p2a: Hydrapple|34/100
|-heal|p1a: Rillaboom|100/100|[from] drain|[of] p2a: Hydrapple
|move|p2a: Hydrapple|Fickle Beam|p1a: Rillaboom|[anim] Fickle Beam All Out
|-activate|p2a: Hydrapple|move: Fickle Beam
|-damage|p1a: Rillaboom|40/100
|
|-heal|p1a: Rillaboom|46/100|[from] Grassy Terrain
|-heal|p2a: Hydrapple|40/100|[from] Grassy Terrain
|upkeep
|turn|22
|
|t:|1758938040
|switch|p2a: Hatterene|Hatterene, F|100/100
|move|p1a: Rillaboom|Drain Punch|p2a: Hatterene
|-resisted|p2a: Hatterene
|-damage|p2a: Hatterene|95/100
|-heal|p1a: Rillaboom|49/100|[from] drain|[of] p2a: Hatterene
|
|-heal|p1a: Rillaboom|55/100|[from] Grassy Terrain
|-heal|p2a: Hatterene|100/100|[from] Grassy Terrain
|upkeep
|turn|23
|
|t:|1758938046
|move|p1a: Rillaboom|Knock Off|p2a: Hatterene
|-damage|p2a: Hatterene|72/100
|-enditem|p2a: Hatterene|Custap Berry|[from] move: Knock Off|[of] p1a: Rillaboom
|move|p2a: Hatterene|Future Sight|p1a: Rillaboom
|-start|p2a: Hatterene|move: Future Sight
|
|-heal|p1a: Rillaboom|61/100|[from] Grassy Terrain
|-heal|p2a: Hatterene|78/100|[from] Grassy Terrain
|upkeep
|turn|24
|
|t:|1758938051
|move|p1a: Rillaboom|U-turn|p2a: Hatterene
|-damage|p2a: Hatterene|57/100
|
|t:|1758938054
|switch|p1a: Gliscor|Gliscor, M, tera:Normal|84/100 tox|[from] U-turn
|move|p2a: Hatterene|Draining Kiss|p1a: Gliscor
|-damage|p1a: Gliscor|64/100 tox
|-heal|p2a: Hatterene|73/100|[from] drain|[of] p1a: Gliscor
|
|-heal|p1a: Gliscor|71/100 tox|[from] Grassy Terrain
|-heal|p2a: Hatterene|79/100|[from] Grassy Terrain
|-heal|p1a: Gliscor|83/100 tox|[from] ability: Poison Heal
|-fieldend|move: Grassy Terrain
|upkeep
|turn|25
|c|☆xdeadoutside|scarf gliscor new meta bro?
|
|t:|1758938060
|switch|p2a: Hydrapple|Hydrapple, M, shiny, tera:Steel|74/100
|move|p1a: Gliscor|Earthquake|p2a: Hydrapple
|-supereffective|p2a: Hydrapple
|-damage|p2a: Hydrapple|21/100
|
|-end|p1a: Gliscor|move: Future Sight
|-damage|p1a: Gliscor|36/100 tox
|-heal|p1a: Gliscor|48/100 tox|[from] ability: Poison Heal
|upkeep
|turn|26
|
|t:|1758938067
|switch|p2a: Hatterene|Hatterene, F|79/100
|move|p1a: Gliscor|Earthquake|p2a: Hatterene
|-damage|p2a: Hatterene|49/100
|
|-heal|p1a: Gliscor|61/100 tox|[from] ability: Poison Heal
|upkeep
|turn|27
|
|t:|1758938070
|move|p1a: Gliscor|Earthquake|p2a: Hatterene
|-damage|p2a: Hatterene|21/100
|move|p2a: Hatterene|Future Sight|p1a: Gliscor
|-start|p2a: Hatterene|move: Future Sight
|
|-heal|p1a: Gliscor|73/100 tox|[from] ability: Poison Heal
|upkeep
|turn|28
|
|t:|1758938073
|move|p1a: Gliscor|Earthquake|p2a: Hatterene
|-damage|p2a: Hatterene|0 fnt
|faint|p2a: Hatterene
|
|-heal|p1a: Gliscor|86/100 tox|[from] ability: Poison Heal
|upkeep
|
|t:|1758938077
|switch|p2a: Ninetales|Ninetales-Alola, F|27/100
|-weather|Snowscape|[from] ability: Snow Warning|[of] p2a: Ninetales
|turn|29
|
|t:|1758938085
|switch|p1a: Rillaboom|Rillaboom, F|61/100
|-fieldstart|move: Grassy Terrain|[from] ability: Grassy Surge|[of] p1a: Rillaboom
|move|p2a: Ninetales|Aurora Veil|p2a: Ninetales
|-sidestart|p2: xdeadoutside|move: Aurora Veil
|
|-weather|Snowscape|[upkeep]
|-end|p1a: Rillaboom|move: Future Sight
|-damage|p1a: Rillaboom|21/100
|-heal|p2a: Ninetales|33/100|[from] Grassy Terrain
|-heal|p1a: Rillaboom|27/100|[from] Grassy Terrain
|upkeep
|turn|30
|
|t:|1758938091
|move|p2a: Ninetales|Moonblast|p1a: Rillaboom
|-damage|p1a: Rillaboom|6/100
|move|p1a: Rillaboom|Knock Off|p2a: Ninetales
|-resisted|p2a: Ninetales
|-damage|p2a: Ninetales|26/100
|-enditem|p2a: Ninetales|Light Clay|[from] move: Knock Off|[of] p1a: Rillaboom
|
|-weather|Snowscape|[upkeep]
|-heal|p2a: Ninetales|32/100|[from] Grassy Terrain
|-heal|p1a: Rillaboom|13/100|[from] Grassy Terrain
|upkeep
|turn|31
|
|t:|1758938097
|switch|p1a: Gliscor|Gliscor, M, tera:Normal|86/100 tox
|move|p2a: Ninetales|Moonblast|p1a: Gliscor
|-damage|p1a: Gliscor|60/100 tox
|-unboost|p1a: Gliscor|spa|1
|
|-weather|Snowscape|[upkeep]
|-heal|p2a: Ninetales|38/100|[from] Grassy Terrain
|-heal|p1a: Gliscor|67/100 tox|[from] Grassy Terrain
|-heal|p1a: Gliscor|79/100 tox|[from] ability: Poison Heal
|upkeep
|turn|32
|
|t:|1758938103
|move|p2a: Ninetales|Encore||[still]
|-fail|p2a: Ninetales
|move|p1a: Gliscor|Earthquake|p2a: Ninetales
|-damage|p2a: Ninetales|31/100
|
|-weather|Snowscape|[upkeep]
|-heal|p2a: Ninetales|37/100|[from] Grassy Terrain
|-heal|p1a: Gliscor|85/100 tox|[from] Grassy Terrain
|-heal|p1a: Gliscor|98/100 tox|[from] ability: Poison Heal
|upkeep
|turn|33
|
|t:|1758938109
|move|p2a: Ninetales|Foul Play|p1a: Gliscor
|-damage|p1a: Gliscor|79/100 tox
|move|p1a: Gliscor|Earthquake|p2a: Ninetales
|-damage|p2a: Ninetales|30/100
|
|-weather|none
|-heal|p2a: Ninetales|36/100|[from] Grassy Terrain
|-heal|p1a: Gliscor|85/100 tox|[from] Grassy Terrain
|-heal|p1a: Gliscor|97/100 tox|[from] ability: Poison Heal
|-fieldend|move: Grassy Terrain
|upkeep
|turn|34
|
|t:|1758938118
|move|p2a: Ninetales|Moonblast|p1a: Gliscor
|-damage|p1a: Gliscor|73/100 tox
|-unboost|p1a: Gliscor|spa|1
|move|p1a: Gliscor|Earthquake|p2a: Ninetales
|-damage|p2a: Ninetales|12/100
|
|-heal|p1a: Gliscor|85/100 tox|[from] ability: Poison Heal
|upkeep
|turn|35
|
|t:|1758938121
|move|p2a: Ninetales|Moonblast|p1a: Gliscor
|-damage|p1a: Gliscor|62/100 tox
|move|p1a: Gliscor|Earthquake|p2a: Ninetales
|-damage|p2a: Ninetales|0 fnt
|faint|p2a: Ninetales
|
|-heal|p1a: Gliscor|75/100 tox|[from] ability: Poison Heal
|upkeep
|
|t:|1758938123
|switch|p2a: Kingambit|Kingambit, M|100/100
|-activate|p2a: Kingambit|ability: Supreme Overlord
|-start|p2a: Kingambit|fallen2|[silent]
|turn|36
|
|t:|1758938130
|switch|p1a: Rillaboom|Rillaboom, F|13/100
|-fieldstart|move: Grassy Terrain|[from] ability: Grassy Surge|[of] p1a: Rillaboom
|move|p2a: Kingambit|Swords Dance|p2a: Kingambit
|-boost|p2a: Kingambit|atk|2
|
|-heal|p1a: Rillaboom|19/100|[from] Grassy Terrain
|-sideend|p2: xdeadoutside|move: Aurora Veil
|upkeep
|turn|37
|
|t:|1758938137
|move|p1a: Rillaboom|Drain Punch|p2a: Kingambit
|-supereffective|p2a: Kingambit
|-damage|p2a: Kingambit|18/100
|-heal|p1a: Rillaboom|60/100|[from] drain|[of] p2a: Kingambit
|-enditem|p2a: Kingambit|Weakness Policy
|-boost|p2a: Kingambit|atk|2|[from] item: Weakness Policy
|-boost|p2a: Kingambit|spa|2|[from] item: Weakness Policy
|move|p2a: Kingambit|Kowtow Cleave|p1a: Rillaboom
|-damage|p1a: Rillaboom|0 fnt
|faint|p1a: Rillaboom
|
|-heal|p2a: Kingambit|25/100|[from] Grassy Terrain
|upkeep
|
|t:|1758938144
|switch|p1a: Moltres|Moltres|100/100
|turn|38
|
|t:|1758938147
|-end|p2a: Kingambit|fallen2|[silent]
|switch|p2a: Hydrapple|Hydrapple, M, shiny, tera:Steel|54/100
|move|p1a: Moltres|Will-O-Wisp|p2a: Hydrapple
|-status|p2a: Hydrapple|brn
|
|-heal|p2a: Hydrapple|60/100 brn|[from] Grassy Terrain
|-damage|p2a: Hydrapple|54/100 brn|[from] brn
|upkeep
|turn|39
|
|t:|1758938156
|move|p1a: Moltres|Scorching Sands|p2a: Hydrapple
|-supereffective|p2a: Hydrapple
|-damage|p2a: Hydrapple|17/100 brn
|move|p2a: Hydrapple|Fickle Beam|p1a: Moltres
|-damage|p1a: Moltres|70/100
|
|-heal|p2a: Hydrapple|23/100 brn|[from] Grassy Terrain
|-damage|p2a: Hydrapple|17/100 brn|[from] brn
|upkeep
|turn|40
|
|t:|1758938166
|switch|p2a: Quaquaval|Quaquaval, F|82/100 brn
|move|p1a: Moltres|Flamethrower|p2a: Quaquaval
|-resisted|p2a: Quaquaval
|-damage|p2a: Quaquaval|56/100 brn
|
|-heal|p2a: Quaquaval|62/100 brn|[from] Grassy Terrain
|-damage|p2a: Quaquaval|56/100 brn|[from] brn
|-fieldend|move: Grassy Terrain
|upkeep
|turn|41
|
|t:|1758938173
|switch|p1a: Gliscor|Gliscor, M, tera:Normal|75/100 tox
|move|p2a: Quaquaval|Aqua Step|p1a: Gliscor
|-damage|p1a: Gliscor|59/100 tox
|-boost|p2a: Quaquaval|spe|1
|
|-heal|p1a: Gliscor|71/100 tox|[from] ability: Poison Heal
|-damage|p2a: Quaquaval|50/100 brn|[from] brn
|upkeep
|turn|42
|
|t:|1758938178
|move|p2a: Quaquaval|Close Combat|p1a: Gliscor
|-supereffective|p1a: Gliscor
|-damage|p1a: Gliscor|17/100 tox
|-unboost|p2a: Quaquaval|def|1
|-unboost|p2a: Quaquaval|spd|1
|move|p1a: Gliscor|Earthquake|p2a: Quaquaval
|-damage|p2a: Quaquaval|0 fnt
|faint|p2a: Quaquaval
|
|-heal|p1a: Gliscor|30/100 tox|[from] ability: Poison Heal
|upkeep
|
|t:|1758938182
|switch|p2a: Kingambit|Kingambit, M|25/100
|-activate|p2a: Kingambit|ability: Supreme Overlord
|-start|p2a: Kingambit|fallen3|[silent]
|turn|43
|
|t:|1758938189
|move|p2a: Kingambit|Sucker Punch|p1a: Gliscor
|-damage|p1a: Gliscor|0 fnt
|faint|p1a: Gliscor
|
|upkeep
|
|t:|1758938192
|switch|p1a: Moltres|Moltres|70/100
|turn|44
|
|t:|1758938195
|move|p2a: Kingambit|Sucker Punch||[still]
|-fail|p2a: Kingambit
|move|p1a: Moltres|Will-O-Wisp|p2a: Kingambit
|-status|p2a: Kingambit|brn
|
|-damage|p2a: Kingambit|18/100 brn|[from] brn
|upkeep
|turn|45
|
|t:|1758938203
|move|p1a: Moltres|Roost|p1a: Moltres
|-heal|p1a: Moltres|100/100
|-singleturn|p1a: Moltres|move: Roost
|move|p2a: Kingambit|Kowtow Cleave|p1a: Moltres
|-damage|p1a: Moltres|72/100
|
|-damage|p2a: Kingambit|12/100 brn|[from] brn
|upkeep
|turn|46
|
|t:|1758938211
|move|p1a: Moltres|Scorching Sands|p2a: Kingambit
|-supereffective|p2a: Kingambit
|-damage|p2a: Kingambit|0 fnt
|faint|p2a: Kingambit
|-end|p2a: Kingambit|fallen3|[silent]
|
|upkeep
|
|t:|1758938215
|switch|p2a: Gholdengo|Gholdengo|48/100
|turn|47
|
|t:|1758938223
|move|p2a: Gholdengo|Shadow Ball|p1a: Moltres
|-damage|p1a: Moltres|42/100
|move|p1a: Moltres|Scorching Sands|p2a: Gholdengo
|-supereffective|p2a: Gholdengo
|-damage|p2a: Gholdengo|5/100
|
|-heal|p2a: Gholdengo|11/100|[from] item: Leftovers
|upkeep
|turn|48
|
|t:|1758938228
|move|p2a: Gholdengo|Shadow Ball|p1a: Moltres
|-damage|p1a: Moltres|10/100
|move|p1a: Moltres|Roost|p1a: Moltres
|-heal|p1a: Moltres|60/100
|-singleturn|p1a: Moltres|move: Roost
|
|-heal|p2a: Gholdengo|17/100|[from] item: Leftovers
|upkeep
|turn|49
|
|t:|1758938234
|move|p2a: Gholdengo|Shadow Ball|p1a: Moltres
|-damage|p1a: Moltres|31/100
|move|p1a: Moltres|Flamethrower|p2a: Gholdengo
|-supereffective|p2a: Gholdengo
|-damage|p2a: Gholdengo|0 fnt
|faint|p2a: Gholdengo
|
|upkeep
|
|t:|1758938236
|switch|p2a: Hydrapple|Hydrapple, M, shiny, tera:Steel|51/100 brn
|turn|50
|
|t:|1758938241
|move|p1a: Moltres|Roost|p1a: Moltres
|-heal|p1a: Moltres|81/100
|-singleturn|p1a: Moltres|move: Roost
|move|p2a: Hydrapple|Fickle Beam|p1a: Moltres
|-damage|p1a: Moltres|49/100
|
|-damage|p2a: Hydrapple|45/100 brn|[from] brn
|upkeep
|turn|51
|
|t:|1758938245
|move|p1a: Moltres|Roost|p1a: Moltres
|-heal|p1a: Moltres|99/100
|-singleturn|p1a: Moltres|move: Roost
|move|p2a: Hydrapple|Fickle Beam|p1a: Moltres
|-damage|p1a: Moltres|68/100
|
|-damage|p2a: Hydrapple|39/100 brn|[from] brn
|upkeep
|turn|52
|
|t:|1758938249
|move|p1a: Moltres|Flamethrower|p2a: Hydrapple
|-supereffective|p2a: Hydrapple
|-damage|p2a: Hydrapple|0 fnt
|faint|p2a: Hydrapple
|
|win|JumboSizedRichard
|raw|JumboSizedRichard's rating: 1109 &rarr; <strong>1137</strong><br />(+28 for winning)
|raw|xdeadoutside's rating: 1149 &rarr; <strong>1121</strong><br />(-28 for losing)
|l|☆xdeadoutside
|player|p2|
|c|☆JumboSizedRichard|Gg
