|j|☆cowboykale
|j|☆polo4569
|t:|1758952744
|gametype|singles
|player|p1|cowboykale|170|1352
|player|p2|polo4569|169|1349
|gen|9
|tier|[Gen 9] OU
|rated|
|rule|HP Percentage Mod: HP is shown in percentages
|rule|Endless Battle Clause: Forcing endless battles is banned
|rule|Species Clause: Limit one of each Pokémon
|rule|OHKO Clause: OHKO moves are banned
|rule|Evasion Items Clause: Evasion items are banned
|rule|Evasion Moves Clause: Evasion moves are banned
|rule|Evasion Abilities Clause: Evasion abilities are banned
|rule|Sleep Moves Clause: Sleep-inducing moves are banned
|clearpoke
|poke|p1|Raging Bolt|
|poke|p1|Skeledirge, M|
|poke|p1|Lokix, F|
|poke|p1|Okidogi, M|
|poke|p1|Keldeo-Resolute|
|poke|p1|Ribombee, F|
|poke|p2|Garchomp, M|
|poke|p2|Revavroom, F|
|poke|p2|Samurott-Hisui, F|
|poke|p2|Zapdos|
|poke|p2|Sinistcha-Masterpiece|
|poke|p2|Arcanine-Hisui, M|
|teampreview
|inactive|Battle timer is ON: inactive players will automatically lose when time's up. (requested by polo4569)
|
|t:|1758952764
|teamsize|p1|6
|teamsize|p2|6
|start
|switch|p1a: Ribombee|Ribombee, F|100/100
|switch|p2a: Samurott|Samurott-Hisui, F|100/100
|turn|1
|
|t:|1758952776
|move|p2a: Samurott|Flip Turn|p1a: Ribombee
|-damage|p1a: Ribombee|45/100
|
|t:|1758952784
|switch|p2a: Revavroom|Revavroom, F|100/100|[from] Flip Turn
|move|p1a: Ribombee|Sticky Web|p2a: Revavroom
|-sidestart|p2: polo4569|move: Sticky Web
|
|upkeep
|turn|2
|
|t:|1758952790
|switch|p1a: Skeledirge|Skeledirge, M|100/100
|move|p2a: Revavroom|Shift Gear|p2a: Revavroom
|-boost|p2a: Revavroom|spe|2
|-boost|p2a: Revavroom|atk|1
|
|upkeep
|turn|3
|
|t:|1758952796
|move|p2a: Revavroom|High Horsepower|p1a: Skeledirge
|-supereffective|p1a: Skeledirge
|-damage|p1a: Skeledirge|41/100
|move|p1a: Skeledirge|Torch Song|p2a: Revavroom
|-supereffective|p2a: Revavroom
|-damage|p2a: Revavroom|4/100
|-boost|p1a: Skeledirge|spa|1
|
|-heal|p2a: Revavroom|10/100|[from] item: Black Sludge
|upkeep
|turn|4
|
|t:|1758952807
|switch|p1a: Ribombee|Ribombee, F|45/100
|move|p2a: Revavroom|High Horsepower|p1a: Ribombee
|-resisted|p1a: Ribombee
|-damage|p1a: Ribombee|0 fnt
|faint|p1a: Ribombee
|
|-heal|p2a: Revavroom|16/100|[from] item: Black Sludge
|upkeep
|
|t:|1758952811
|switch|p1a: Lokix|Lokix, F|100/100
|turn|5
|
|t:|1758952824
|move|p1a: Lokix|First Impression|p2a: Revavroom
|-resisted|p2a: Revavroom
|-damage|p2a: Revavroom|0 fnt
|faint|p2a: Revavroom
|
|upkeep
|
|t:|1758952835
|switch|p2a: Arcanine|Arcanine-Hisui, M|100/100
|-activate|p2a: Arcanine|move: Sticky Web
|-unboost|p2a: Arcanine|spe|1
|turn|6
|
|t:|1758952848
|switch|p1a: Skeledirge|Skeledirge, M|41/100
|move|p2a: Arcanine|Head Smash|p1a: Skeledirge
|-supereffective|p1a: Skeledirge
|-damage|p1a: Skeledirge|0 fnt
|faint|p1a: Skeledirge
|-damage|p2a: Arcanine|91/100|[from] item: Life Orb
|
|upkeep
|
|t:|1758952854
|switch|p1a: Keldeo|Keldeo-Resolute|100/100
|turn|7
|
|t:|1758952860
|-terastallize|p2a: Arcanine|Psychic
|move|p1a: Keldeo|Surf|p2a: Arcanine
|-damage|p2a: Arcanine|32/100
|move|p2a: Arcanine|Psychic Fangs|p1a: Keldeo
|-supereffective|p1a: Keldeo
|-crit|p1a: Keldeo
|-damage|p1a: Keldeo|0 fnt
|faint|p1a: Keldeo
|-damage|p2a: Arcanine|22/100|[from] item: Life Orb
|
|upkeep
|
|t:|1758952870
|switch|p1a: Lokix|Lokix, F|100/100
|turn|8
|
|t:|1758952875
|move|p2a: Arcanine|Extreme Speed|p1a: Lokix
|-damage|p1a: Lokix|53/100
|-damage|p2a: Arcanine|12/100|[from] item: Life Orb
|move|p1a: Lokix|U-turn|p2a: Arcanine
|-supereffective|p2a: Arcanine
|-damage|p2a: Arcanine|0 fnt
|faint|p2a: Arcanine
|
|t:|1758952880
|switch|p1a: Raging Bolt|Raging Bolt|100/100|[from] U-turn
|
|upkeep
|
|t:|1758952893
|switch|p2a: Garchomp|Garchomp, M|100/100
|-activate|p2a: Garchomp|move: Sticky Web
|-unboost|p2a: Garchomp|spe|1
|turn|9
|
|t:|1758952905
|-terastallize|p1a: Raging Bolt|Fairy
|move|p1a: Raging Bolt|Dragon Pulse|p2a: Garchomp
|-supereffective|p2a: Garchomp
|-damage|p2a: Garchomp|0 fnt
|faint|p2a: Garchomp
|
|upkeep
|
|t:|1758952916
|switch|p2a: Zapdos|Zapdos|100/100
|turn|10
|
|t:|1758952935
|move|p2a: Zapdos|Thunder Wave|p1a: Raging Bolt|[miss]
|-miss|p2a: Zapdos|p1a: Raging Bolt
|move|p1a: Raging Bolt|Thunderbolt|p2a: Zapdos
|-damage|p2a: Zapdos|49/100
|
|-heal|p2a: Zapdos|55/100|[from] item: Leftovers
|upkeep
|turn|11
|
|t:|1758952946
|move|p2a: Zapdos|Thunder Wave|p1a: Raging Bolt|[miss]
|-miss|p2a: Zapdos|p1a: Raging Bolt
|move|p1a: Raging Bolt|Volt Switch|p2a: Zapdos
|-damage|p2a: Zapdos|12/100
|
|t:|1758952953
|-end|p1a: Raging Bolt|Protosynthesis|[silent]
|switch|p1a: Lokix|Lokix, F|53/100|[from] Volt Switch
|
|-heal|p2a: Zapdos|18/100|[from] item: Leftovers
|upkeep
|turn|12
|
|t:|1758952957
|move|p1a: Lokix|First Impression|p2a: Zapdos
|-resisted|p2a: Zapdos
|-damage|p2a: Zapdos|0 fnt
|faint|p2a: Zapdos
|
|upkeep
|
|t:|1758952963
|switch|p2a: Samurott|Samurott-Hisui, F|100/100
|-activate|p2a: Samurott|move: Sticky Web
|-unboost|p2a: Samurott|spe|1
|turn|13
|
|t:|1758952981
|move|p1a: Lokix|U-turn|p2a: Samurott
|-supereffective|p2a: Samurott
|-damage|p2a: Samurott|26/100
|
|t:|1758952984
|switch|p1a: Okidogi|Okidogi, M|100/100|[from] U-turn
|move|p2a: Samurott|Aqua Cutter|p1a: Okidogi
|-damage|p1a: Okidogi|63/100
|
|upkeep
|turn|14
|
|t:|1758952991
|move|p2a: Samurott|Aqua Cutter|p1a: Okidogi
|-damage|p1a: Okidogi|25/100
|move|p1a: Okidogi|Knock Off|p2a: Samurott
|-resisted|p2a: Samurott
|-damage|p2a: Samurott|2/100
|-status|p2a: Samurott|tox|[from] ability: Toxic Chain|[of] p1a: Okidogi
|-enditem|p2a: Samurott|Choice Scarf|[from] move: Knock Off|[of] p1a: Okidogi
|
|-damage|p2a: Samurott|0 fnt|[from] psn
|faint|p2a: Samurott
|upkeep
|
|t:|1758952996
|switch|p2a: Sinistcha|Sinistcha-Masterpiece|100/100
|-activate|p2a: Sinistcha|move: Sticky Web
|-unboost|p2a: Sinistcha|spe|1
|turn|15
|
|t:|1758953006
|move|p1a: Okidogi|Knock Off|p2a: Sinistcha
|-supereffective|p2a: Sinistcha
|-damage|p2a: Sinistcha|19/100
|-enditem|p2a: Sinistcha|Assault Vest|[from] move: Knock Off|[of] p1a: Okidogi
|move|p2a: Sinistcha|Shadow Ball|p1a: Okidogi
|-damage|p1a: Okidogi|0 fnt
|faint|p1a: Okidogi
|
|upkeep
|
|t:|1758953011
|switch|p1a: Lokix|Lokix, F|53/100
|turn|16
|
|t:|1758953016
|move|p1a: Lokix|First Impression|p2a: Sinistcha
|-damage|p2a: Sinistcha|0 fnt
|faint|p2a: Sinistcha
|
|win|cowboykale
|raw|cowboykale's rating: 1352 &rarr; <strong>1372</strong><br />(+20 for winning)
|raw|polo4569's rating: 1349 &rarr; <strong>1329</strong><br />(-20 for losing)
|l|☆polo4569
|player|p2|
|l|☆cowboykale
|player|p1|
