|badge|p2|bronze|gen9ou|100-6
|html|<div class="broadcast-red"><strong>This battle is required to be public due to one or more player having a season medal.</strong><br />During the public phase, you can discuss the state of the ladder <a href="/seasondiscussion">in a special chatroom.</a></div>
|uhtml|medal-msg|<div class="broadcast-blue">Curious what those medals under the avatar are? PS now has Ladder Seasons! For more information, check out the <a href="https://www.smogon.com/forums/threads/3740067/">thread on Smogon.</a></div>
|raw|<div class="broadcast-blue"><strong>This battle is required to be public due to a player having a name starting with 'medal'.</div>
|j|☆puissance du feu
|j|☆DontMissMantine
|t:|1758976491
|gametype|singles
|player|p1|puissance du feu|teamrocket|1770
|player|p2|DontMissMantine|lucas|1879
|gen|9
|tier|[Gen 9] OU
|rated|
|rule|HP Percentage Mod: HP is shown in percentages
|rule|Endless Battle Clause: Forcing endless battles is banned
|rule|Species Clause: Limit one of each Pokémon
|rule|OHKO Clause: OHKO moves are banned
|rule|Evasion Items Clause: Evasion items are banned
|rule|Evasion Moves Clause: Evasion moves are banned
|rule|Evasion Abilities Clause: Evasion abilities are banned
|rule|Sleep Moves Clause: Sleep-inducing moves are banned
|clearpoke
|poke|p1|Torkoal, F|
|poke|p1|Great Tusk|
|poke|p1|Slither Wing|
|poke|p1|Venusaur, M|
|poke|p1|Walking Wake|
|poke|p1|Ceruledge, F|
|poke|p2|Pelipper, M|
|poke|p2|Beartic, M|
|poke|p2|Barraskewda, M|
|poke|p2|Ogerpon-Wellspring, F|
|poke|p2|Zapdos|
|poke|p2|Hatterene, F|
|teampreview
|inactive|Battle timer is ON: inactive players will automatically lose when time's up. (requested by puissance du feu)
|j| cryyysneasel
|j| amefurikoneko
|inactive|puissance du feu has 120 seconds left.
|j| TheMysteriousBoy
|inactive|puissance du feu has 90 seconds left.
|
|t:|1758976575
|teamsize|p1|6
|teamsize|p2|6
|start
|switch|p1a: Fesse|Slither Wing|100/100
|switch|p2a: Zapdos|Zapdos|100/100
|turn|1
|
|t:|1758976590
|-end|p1a: Fesse|Protosynthesis|[silent]
|switch|p1a: Enculoin|Torkoal, F|100/100
|-weather|SunnyDay|[from] ability: Drought|[of] p1a: Enculoin
|move|p2a: Zapdos|Hurricane|p1a: Enculoin|[miss]
|-miss|p2a: Zapdos|p1a: Enculoin
|
|-weather|SunnyDay|[upkeep]
|upkeep
|turn|2
|
|t:|1758976603
|switch|p1a: Fesse|Slither Wing|100/100
|-activate|p1a: Fesse|ability: Protosynthesis
|-start|p1a: Fesse|protosynthesisatk
|move|p2a: Zapdos|Volt Switch|p1a: Fesse
|-damage|p1a: Fesse|77/100
|
|t:|1758976611
|switch|p2a: Pelipper|Pelipper, M|100/100|[from] Volt Switch
|-weather|RainDance|[from] ability: Drizzle|[of] p2a: Pelipper
|-end|p1a: Fesse|Protosynthesis
|
|-weather|RainDance|[upkeep]
|upkeep
|turn|3
|
|t:|1758976618
|switch|p2a: Hatterene|Hatterene, F|100/100
|move|p1a: Fesse|U-turn|p2a: Hatterene
|-damage|p2a: Hatterene|67/100
|-enditem|p2a: Hatterene|Eject Button
|
|t:|1758976626
|switch|p2a: Barraskewda|Barraskewda, M|100/100
|
|-weather|RainDance|[upkeep]
|upkeep
|turn|4
|
|t:|1758976638
|-end|p1a: Fesse|Protosynthesis|[silent]
|switch|p1a: Salut|Walking Wake|100/100
|-terastallize|p2a: Barraskewda|Water
|move|p2a: Barraskewda|Liquidation|p1a: Salut
|-resisted|p1a: Salut
|-damage|p1a: Salut|73/100
|
|-weather|RainDance|[upkeep]
|upkeep
|turn|5
|
|t:|1758976649
|move|p2a: Barraskewda|Flip Turn|p1a: Salut
|-resisted|p1a: Salut
|-damage|p1a: Salut|52/100
|
|t:|1758976654
|switch|p2a: Hatterene|Hatterene, F|67/100|[from] Flip Turn
|move|p1a: Salut|Flip Turn|p2a: Hatterene
|-damage|p2a: Hatterene|47/100
|
|t:|1758976657
|-end|p1a: Salut|Protosynthesis|[silent]
|switch|p1a: Enculoin|Torkoal, F|100/100|[from] Flip Turn
|-weather|SunnyDay|[from] ability: Drought|[of] p1a: Enculoin
|
|-weather|SunnyDay|[upkeep]
|upkeep
|turn|6
|
|t:|1758976667
|switch|p2a: Pelipper|Pelipper, M|100/100
|-weather|RainDance|[from] ability: Drizzle|[of] p2a: Pelipper
|switch|p1a: Fesse|Slither Wing|77/100
|
|-weather|RainDance|[upkeep]
|upkeep
|turn|7
|
|t:|1758976676
|move|p1a: Fesse|U-turn|p2a: Pelipper
|-resisted|p2a: Pelipper
|-damage|p2a: Pelipper|85/100
|j| Ctannn
|
|t:|1758976680
|-end|p1a: Fesse|Protosynthesis|[silent]
|switch|p1a: Enculoin|Torkoal, F|100/100|[from] U-turn
|-weather|SunnyDay|[from] ability: Drought|[of] p1a: Enculoin
|move|p2a: Pelipper|U-turn|p1a: Enculoin
|-resisted|p1a: Enculoin
|-crit|p1a: Enculoin
|-damage|p1a: Enculoin|94/100
|
|t:|1758976688
|switch|p2a: Barraskewda|Barraskewda, M, tera:Water|100/100|[from] U-turn
|
|-weather|SunnyDay|[upkeep]
|upkeep
|turn|8
|
|t:|1758976694
|switch|p1a: Fesse|Slither Wing|77/100
|-activate|p1a: Fesse|ability: Protosynthesis
|-start|p1a: Fesse|protosynthesisatk
|move|p2a: Barraskewda|Flip Turn|p1a: Fesse
|-damage|p1a: Fesse|45/100
|
|t:|1758976701
|switch|p2a: Pelipper|Pelipper, M|85/100|[from] Flip Turn
|-weather|RainDance|[from] ability: Drizzle|[of] p2a: Pelipper
|-end|p1a: Fesse|Protosynthesis
|
|-weather|RainDance|[upkeep]
|upkeep
|turn|9
|
|t:|1758976708
|move|p1a: Fesse|U-turn|p2a: Pelipper
|-resisted|p2a: Pelipper
|-damage|p2a: Pelipper|68/100
|
|t:|1758976712
|-end|p1a: Fesse|Protosynthesis|[silent]
|switch|p1a: Enculoin|Torkoal, F|94/100|[from] U-turn
|-weather|SunnyDay|[from] ability: Drought|[of] p1a: Enculoin
|move|p2a: Pelipper|U-turn|p1a: Enculoin
|-resisted|p1a: Enculoin
|-damage|p1a: Enculoin|90/100
|
|t:|1758976720
|switch|p2a: Barraskewda|Barraskewda, M, tera:Water|100/100|[from] U-turn
|
|-weather|SunnyDay|[upkeep]
|upkeep
|turn|10
|
|t:|1758976729
|move|p2a: Barraskewda|Flip Turn|p1a: Enculoin
|-supereffective|p1a: Enculoin
|-crit|p1a: Enculoin
|-damage|p1a: Enculoin|28/100
|
|t:|1758976733
|switch|p2a: Hatterene|Hatterene, F|47/100|[from] Flip Turn
|move|p1a: Enculoin|Lava Plume|p2a: Hatterene
|-damage|p2a: Hatterene|0 fnt
|faint|p2a: Hatterene
|
|-weather|SunnyDay|[upkeep]
|upkeep
|c|☆puissance du feu|Nice
|
|t:|1758976742
|switch|p2a: Barraskewda|Barraskewda, M, tera:Water|100/100
|turn|11
|
|t:|1758976746
|switch|p1a: Fesse|Slither Wing|45/100
|-activate|p1a: Fesse|ability: Protosynthesis
|-start|p1a: Fesse|protosynthesisatk
|move|p2a: Barraskewda|Flip Turn|p1a: Fesse
|-damage|p1a: Fesse|13/100
|
|t:|1758976753
|switch|p2a: Pelipper|Pelipper, M|68/100|[from] Flip Turn
|-weather|RainDance|[from] ability: Drizzle|[of] p2a: Pelipper
|-end|p1a: Fesse|Protosynthesis
|
|-weather|RainDance|[upkeep]
|upkeep
|turn|12
|
|t:|1758976763
|move|p1a: Fesse|U-turn|p2a: Pelipper
|-resisted|p2a: Pelipper
|-damage|p2a: Pelipper|53/100
|
|t:|1758976764
|-end|p1a: Fesse|Protosynthesis|[silent]
|switch|p1a: Enculoin|Torkoal, F|28/100|[from] U-turn
|-weather|SunnyDay|[from] ability: Drought|[of] p1a: Enculoin
|move|p2a: Pelipper|U-turn|p1a: Enculoin
|-resisted|p1a: Enculoin
|-damage|p1a: Enculoin|24/100
|
|t:|1758976772
|switch|p2a: Barraskewda|Barraskewda, M, tera:Water|100/100|[from] U-turn
|
|-weather|SunnyDay|[upkeep]
|upkeep
|turn|13
|
|t:|1758976783
|switch|p1a: Fesse|Slither Wing|13/100
|-activate|p1a: Fesse|ability: Protosynthesis
|-start|p1a: Fesse|protosynthesisatk
|move|p2a: Barraskewda|Flip Turn|p1a: Fesse
|-damage|p1a: Fesse|0 fnt
|faint|p1a: Fesse
|-end|p1a: Fesse|Protosynthesis|[silent]
|
|t:|1758976791
|switch|p2a: Pelipper|Pelipper, M|53/100|[from] Flip Turn
|-weather|RainDance|[from] ability: Drizzle|[of] p2a: Pelipper
|
|-weather|RainDance|[upkeep]
|upkeep
|
|t:|1758976798
|switch|p1a: Enculoin|Torkoal, F|24/100
|-weather|SunnyDay|[from] ability: Drought|[of] p1a: Enculoin
|turn|14
|j| wgw2333
|
|t:|1758976804
|move|p2a: Pelipper|U-turn|p1a: Enculoin
|-resisted|p1a: Enculoin
|-damage|p1a: Enculoin|20/100
|
|t:|1758976807
|switch|p2a: Barraskewda|Barraskewda, M, tera:Water|100/100|[from] U-turn
|move|p1a: Enculoin|Stealth Rock|p2a: Barraskewda
|-sidestart|p2: DontMissMantine|move: Stealth Rock
|
|-weather|SunnyDay|[upkeep]
|upkeep
|turn|15
|inactive|puissance du feu has 120 seconds left.
|
|t:|1758976839
|switch|p1a: Salut|Walking Wake|52/100
|-activate|p1a: Salut|ability: Protosynthesis
|-start|p1a: Salut|protosynthesisspe
|move|p2a: Barraskewda|Flip Turn|p1a: Salut
|-resisted|p1a: Salut
|-damage|p1a: Salut|45/100
|
|t:|1758976848
|switch|p2a: Pelipper|Pelipper, M|53/100|[from] Flip Turn
|-damage|p2a: Pelipper|28/100|[from] Stealth Rock
|-weather|RainDance|[from] ability: Drizzle|[of] p2a: Pelipper
|-end|p1a: Salut|Protosynthesis
|
|-weather|RainDance|[upkeep]
|upkeep
|turn|16
|
|t:|1758976859
|switch|p2a: Zapdos|Zapdos|100/100
|-damage|p2a: Zapdos|76/100|[from] Stealth Rock
|move|p1a: Salut|Draco Meteor|p2a: Zapdos|[miss]
|-miss|p1a: Salut|p2a: Zapdos
|
|-weather|RainDance|[upkeep]
|upkeep
|turn|17
|c|☆puissance du feu|Lol
|
|t:|1758976876
|move|p1a: Salut|Draco Meteor|p2a: Zapdos
|-damage|p2a: Zapdos|0 fnt
|-unboost|p1a: Salut|spa|2
|faint|p2a: Zapdos
|
|-weather|RainDance|[upkeep]
|upkeep
|
|t:|1758976883
|switch|p2a: Ogerpon|Ogerpon-Wellspring, F|100/100
|-damage|p2a: Ogerpon|88/100|[from] Stealth Rock
|turn|18
|
|t:|1758976894
|-end|p1a: Salut|Protosynthesis|[silent]
|switch|p1a: Ayako|Venusaur, M|100/100
|move|p2a: Ogerpon|Ivy Cudgel|p1a: Ayako|[anim] Ivy Cudgel Water
|-resisted|p1a: Ayako
|-damage|p1a: Ayako|45/100
|
|-weather|RainDance|[upkeep]
|upkeep
|turn|19
|
|t:|1758976901
|move|p2a: Ogerpon|Ivy Cudgel|p1a: Ayako|[anim] Ivy Cudgel Water
|-resisted|p1a: Ayako
|-damage|p1a: Ayako|0 fnt
|faint|p1a: Ayako
|
|-weather|RainDance|[upkeep]
|upkeep
|
|t:|1758976905
|switch|p1a: Enculoin|Torkoal, F|20/100
|-weather|SunnyDay|[from] ability: Drought|[of] p1a: Enculoin
|turn|20
|
|t:|1758976912
|switch|p1a: Salut|Walking Wake|45/100
|-activate|p1a: Salut|ability: Protosynthesis
|-start|p1a: Salut|protosynthesisspe
|move|p2a: Ogerpon|Play Rough|p1a: Salut
|-supereffective|p1a: Salut
|-damage|p1a: Salut|0 fnt
|faint|p1a: Salut
|-end|p1a: Salut|Protosynthesis|[silent]
|
|-weather|SunnyDay|[upkeep]
|upkeep
|
|t:|1758976921
|switch|p1a: Sous-couillé|Ceruledge, F|100/100
|-item|p1a: Sous-couillé|Air Balloon
|turn|21
|
|t:|1758976932
|switch|p2a: Pelipper|Pelipper, M|28/100
|-damage|p2a: Pelipper|3/100|[from] Stealth Rock
|-weather|RainDance|[from] ability: Drizzle|[of] p2a: Pelipper
|move|p1a: Sous-couillé|Swords Dance|p1a: Sous-couillé
|-boost|p1a: Sous-couillé|atk|2
|
|-weather|RainDance|[upkeep]
|upkeep
|turn|22
|
|t:|1758976949
|-terastallize|p1a: Sous-couillé|Fairy
|move|p1a: Sous-couillé|Swords Dance|p1a: Sous-couillé
|-boost|p1a: Sous-couillé|atk|2
|move|p2a: Pelipper|Ice Beam|p1a: Sous-couillé
|-crit|p1a: Sous-couillé
|-damage|p1a: Sous-couillé|67/100
|-enditem|p1a: Sous-couillé|Air Balloon
|
|-weather|RainDance|[upkeep]
|upkeep
|turn|23
|
|t:|1758976959
|move|p1a: Sous-couillé|Bitter Blade|p2a: Pelipper
|-resisted|p2a: Pelipper
|-crit|p2a: Pelipper
|-damage|p2a: Pelipper|0 fnt
|-heal|p1a: Sous-couillé|69/100|[from] drain|[of] p2a: Pelipper
|faint|p2a: Pelipper
|
|-weather|RainDance|[upkeep]
|upkeep
|
|t:|1758976968
|switch|p2a: Barraskewda|Barraskewda, M, tera:Water|100/100
|-damage|p2a: Barraskewda|88/100|[from] Stealth Rock
|turn|24
|
|t:|1758976984
|move|p2a: Barraskewda|Aqua Jet|p1a: Sous-couillé
|-damage|p1a: Sous-couillé|6/100
|-ability|p1a: Sous-couillé|Weak Armor|boost
|-unboost|p1a: Sous-couillé|def|1
|-boost|p1a: Sous-couillé|spe|2
|move|p1a: Sous-couillé|Shadow Sneak|p2a: Barraskewda
|-crit|p2a: Barraskewda
|-damage|p2a: Barraskewda|0 fnt
|faint|p2a: Barraskewda
|
|-weather|RainDance|[upkeep]
|upkeep
|
|t:|1758976999
|switch|p2a: Beartic|Beartic, M|100/100
|-damage|p2a: Beartic|76/100|[from] Stealth Rock
|turn|25
|-message|DontMissMantine forfeited.
|
|win|puissance du feu
|raw|puissance du feu's rating: 1770 &rarr; <strong>1796</strong><br />(+26 for winning)
|raw|DontMissMantine's rating: 1879 &rarr; <strong>1853</strong><br />(-26 for losing)
|l|☆DontMissMantine
|player|p2|
|l|☆puissance du feu
|player|p1|
|l| cryyysneasel
|l| amefurikoneko
|l| wgw2333
