|j|‽Spaniel_PKMN
|j|☆ajaijsnsw
|t:|1758973891
|gametype|singles
|player|p1|Spaniel_PKMN|hugh|1010
|player|p2|ajaijsnsw|2|1000
|gen|9
|tier|[Gen 9] OU
|rated|
|rule|HP Percentage Mod: HP is shown in percentages
|rule|Endless Battle Clause: Forcing endless battles is banned
|rule|Species Clause: Limit one of each Pokémon
|rule|OHKO Clause: OHKO moves are banned
|rule|Evasion Items Clause: Evasion items are banned
|rule|Evasion Moves Clause: Evasion moves are banned
|rule|Evasion Abilities Clause: Evasion abilities are banned
|rule|Sleep Moves Clause: Sleep-inducing moves are banned
|clearpoke
|poke|p1|Minior-Blue|
|poke|p1|Slowking-Galar, M|
|poke|p1|Gliscor, M|
|poke|p1|Rotom-Wash|
|poke|p1|Dragonite, M|
|poke|p1|Scizor, M|
|poke|p2|Hatterene, F|
|poke|p2|Garchomp, M|
|poke|p2|Bronzong|
|poke|p2|Gengar, F|
|poke|p2|Mamoswine, M|
|poke|p2|Hitmontop, M|
|teampreview
|
|t:|1758973898
|teamsize|p1|6
|teamsize|p2|6
|start
|switch|p1a: Minior|Minior-Blue, shiny|100/100
|switch|p2a: Hatterene|Hatterene, F|100/100
|-formechange|p1a: Minior|Minior-Meteor||[from] ability: Shields Down
|turn|1
|
|t:|1758973907
|move|p1a: Minior|Shell Smash|p1a: Minior
|-unboost|p1a: Minior|def|1
|-unboost|p1a: Minior|spd|1
|-boost|p1a: Minior|atk|2
|-boost|p1a: Minior|spa|2
|-boost|p1a: Minior|spe|2
|-enditem|p1a: Minior|White Herb
|-clearnegativeboost|p1a: Minior|[silent]
|move|p2a: Hatterene|Trick Room|p2a: Hatterene
|-fieldstart|move: Trick Room|[of] p2a: Hatterene
|
|upkeep
|turn|2
|
|t:|1758973932
|move|p2a: Hatterene|Mystical Fire|p1a: Minior
|-resisted|p1a: Minior
|-damage|p1a: Minior|86/100
|-unboost|p1a: Minior|spa|1
|move|p1a: Minior|Acrobatics|p2a: Hatterene
|-damage|p2a: Hatterene|29/100
|
|-heal|p2a: Hatterene|35/100|[from] item: Leftovers
|upkeep
|turn|3
|
|t:|1758973962
|switch|p2a: Gengar|Gengar, F|100/100
|-item|p2a: Gengar|Air Balloon
|move|p1a: Minior|Acrobatics|p2a: Gengar
|-damage|p2a: Gengar|0 fnt
|-enditem|p2a: Gengar|Air Balloon
|faint|p2a: Gengar
|
|upkeep
|
|t:|1758973971
|switch|p2a: Mamoswine|Mamoswine, M|100/100
|turn|4
|
|t:|1758973982
|move|p2a: Mamoswine|Ice Shard|p1a: Minior
|-supereffective|p1a: Minior
|-damage|p1a: Minior|20/100
|move|p1a: Minior|Acrobatics|p2a: Mamoswine
|-damage|p2a: Mamoswine|35/100
|
|-formechange|p1a: Minior|Minior-Blue||[from] ability: Shields Down
|upkeep
|turn|5
|
|t:|1758973998
|switch|p1a: Rotom|Rotom-Wash|100/100
|move|p2a: Mamoswine|Ice Shard|p1a: Rotom
|-resisted|p1a: Rotom
|-damage|p1a: Rotom|87/100
|
|-heal|p1a: Rotom|94/100|[from] item: Leftovers
|-fieldend|move: Trick Room
|upkeep
|turn|6
|
|t:|1758974006
|switch|p2a: Hatterene|Hatterene, F|35/100
|move|p1a: Rotom|Hydro Pump|p2a: Hatterene
|-damage|p2a: Hatterene|0 fnt
|faint|p2a: Hatterene
|
|-heal|p1a: Rotom|99/100|[from] item: Leftovers
|upkeep
|
|t:|1758974011
|switch|p2a: Garchomp|Garchomp, M|100/100
|turn|7
|inactive|Battle timer is ON: inactive players will automatically lose when time's up. (requested by Spaniel_PKMN)
|
|t:|1758974017
|move|p2a: Garchomp|Spikes|p1a: Rotom
|-sidestart|p1: Spaniel_PKMN|Spikes
|move|p1a: Rotom|Thunder Wave|p2a: Garchomp
|-immune|p2a: Garchomp
|
|-heal|p1a: Rotom|100/100|[from] item: Leftovers
|upkeep
|turn|8
|
|t:|1758974029
|move|p2a: Garchomp|Dragon Claw|p1a: Rotom
|-damage|p1a: Rotom|54/100
|move|p1a: Rotom|Hydro Pump|p2a: Garchomp
|-damage|p2a: Garchomp|38/100
|
|-heal|p1a: Rotom|60/100|[from] item: Leftovers
|upkeep
|turn|9
|
|t:|1758974038
|move|p2a: Garchomp|Dragon Claw|p1a: Rotom
|-damage|p1a: Rotom|17/100
|move|p1a: Rotom|Hydro Pump|p2a: Garchomp
|-damage|p2a: Garchomp|0 fnt
|faint|p2a: Garchomp
|
|-heal|p1a: Rotom|24/100|[from] item: Leftovers
|upkeep
|
|t:|1758974042
|switch|p2a: Bronzong|Bronzong|100/100
|turn|10
|
|t:|1758974048
|move|p1a: Rotom|Volt Switch|p2a: Bronzong
|-damage|p2a: Bronzong|72/100
|
|t:|1758974054
|switch|p1a: Scizor|Scizor, M|100/100|[from] Volt Switch
|-damage|p1a: Scizor|88/100|[from] Spikes
|move|p2a: Bronzong|Stealth Rock|p1a: Scizor
|-sidestart|p1: Spaniel_PKMN|move: Stealth Rock
|
|upkeep
|turn|11
|
|t:|1758974063
|move|p1a: Scizor|Knock Off|p2a: Bronzong
|-supereffective|p2a: Bronzong
|-damage|p2a: Bronzong|5/100
|-enditem|p2a: Bronzong|Focus Sash|[from] move: Knock Off|[of] p1a: Scizor
|move|p2a: Bronzong|Trick Room|p2a: Bronzong
|-fieldstart|move: Trick Room|[of] p2a: Bronzong
|
|upkeep
|turn|12
|
|t:|1758974083
|move|p1a: Scizor|Bullet Punch|p2a: Bronzong
|-resisted|p2a: Bronzong
|-damage|p2a: Bronzong|0 fnt
|faint|p2a: Bronzong
|
|upkeep
|
|t:|1758974098
|switch|p2a: Hitmontop|Hitmontop, M|100/100
|turn|13
|
|t:|1758974105
|move|p2a: Hitmontop|Fake Out|p1a: Scizor
|-resisted|p1a: Scizor
|-damage|p1a: Scizor|80/100
|cant|p1a: Scizor|flinch
|
|upkeep
|turn|14
|
|t:|1758974116
|move|p2a: Hitmontop|Mach Punch|p1a: Scizor
|-damage|p1a: Scizor|53/100
|move|p1a: Scizor|Defog|p2a: Hitmontop
|-unboost|p2a: Hitmontop|evasion|1
|-sideend|p1: Spaniel_PKMN|Spikes|[from] move: Defog|[of] p1a: Scizor
|-sideend|p1: Spaniel_PKMN|Stealth Rock|[from] move: Defog|[of] p1a: Scizor
|
|upkeep
|turn|15
|
|t:|1758974123
|move|p2a: Hitmontop|Bullet Punch|p1a: Scizor
|-resisted|p1a: Scizor
|-damage|p1a: Scizor|44/100
|-enditem|p1a: Scizor|Sitrus Berry|[eat]
|-heal|p1a: Scizor|69/100|[from] item: Sitrus Berry
|move|p1a: Scizor|U-turn|p2a: Hitmontop
|-resisted|p2a: Hitmontop
|-damage|p2a: Hitmontop|77/100
|-message|ajaijsnsw forfeited.
|
|win|Spaniel_PKMN
|raw|Spaniel_PKMN's rating: 1010 &rarr; <strong>1047</strong><br />(+37 for winning)
|raw|ajaijsnsw's rating: 1000 &rarr; <strong>1000</strong><br />(+0 for losing)
|l|☆ajaijsnsw
|player|p2|
