|badge|p2|bronze|gen9ou|100-6
|html|<div class="broadcast-red"><strong>This battle is required to be public due to one or more player having a season medal.</strong><br />During the public phase, you can discuss the state of the ladder <a href="/seasondiscussion">in a special chatroom.</a></div>
|uhtml|medal-msg|<div class="broadcast-blue">Curious what those medals under the avatar are? PS now has Ladder Seasons! For more information, check out the <a href="https://www.smogon.com/forums/threads/3740067/">thread on Smogon.</a></div>
|raw|<div class="broadcast-blue"><strong>This battle is required to be public due to a player having a name starting with 'medal'.</div>
|j|☆SamiFawad
|j|☆mcribs
|t:|1759065659
|gametype|singles
|player|p1|SamiFawad|101|1695
|player|p2|mcribs|101|1772
|gen|9
|tier|[Gen 9] OU
|rated|
|rule|HP Percentage Mod: HP is shown in percentages
|rule|Endless Battle Clause: Forcing endless battles is banned
|rule|Species Clause: Limit one of each Pokémon
|rule|OHKO Clause: OHKO moves are banned
|rule|Evasion Items Clause: Evasion items are banned
|rule|Evasion Moves Clause: Evasion moves are banned
|rule|Evasion Abilities Clause: Evasion abilities are banned
|rule|Sleep Moves Clause: Sleep-inducing moves are banned
|clearpoke
|poke|p1|Landorus-Therian, M|
|poke|p1|Samurott-Hisui, M|
|poke|p1|Great Tusk|
|poke|p1|Incineroar, M|
|poke|p1|Slowking-Galar, M|
|poke|p1|Darkrai|
|poke|p2|Samurott-Hisui, F|
|poke|p2|Raging Bolt|
|poke|p2|Tornadus-Therian, M|
|poke|p2|Iron Valiant|
|poke|p2|Iron Treads|
|poke|p2|Gholdengo|
|teampreview
|inactive|Battle timer is ON: inactive players will automatically lose when time's up. (requested by mcribs)
|
|t:|1759065666
|teamsize|p1|6
|teamsize|p2|6
|start
|switch|p1a: Samurott|Samurott-Hisui, M|100/100
|switch|p2a: Tornadus|Tornadus-Therian, M|100/100
|turn|1
|
|t:|1759065670
|switch|p1a: Slowking|Slowking-Galar, M|100/100
|move|p2a: Tornadus|Knock Off|p1a: Slowking
|-supereffective|p1a: Slowking
|-damage|p1a: Slowking|58/100
|-enditem|p1a: Slowking|Assault Vest|[from] move: Knock Off|[of] p2a: Tornadus
|
|upkeep
|turn|2
|
|t:|1759065676
|switch|p2a: Iron Treads|Iron Treads|100/100
|move|p1a: Slowking|Future Sight|p2a: Iron Treads
|-start|p1a: Slowking|move: Future Sight
|
|upkeep
|turn|3
|
|t:|1759065681
|switch|p1a: Incineroar|Incineroar, M|100/100
|-ability|p1a: Incineroar|Intimidate|boost
|-unboost|p2a: Iron Treads|atk|1
|move|p2a: Iron Treads|Stealth Rock|p1a: Incineroar
|-sidestart|p1: SamiFawad|move: Stealth Rock
|
|upkeep
|turn|4
|
|t:|1759065686
|move|p2a: Iron Treads|Earthquake|p1a: Incineroar
|-supereffective|p1a: Incineroar
|-damage|p1a: Incineroar|66/100
|move|p1a: Incineroar|Knock Off|p2a: Iron Treads
|-damage|p2a: Iron Treads|73/100
|-enditem|p2a: Iron Treads|Leftovers|[from] move: Knock Off|[of] p1a: Incineroar
|
|-end|p2a: Iron Treads|move: Future Sight
|-resisted|p2a: Iron Treads
|-damage|p2a: Iron Treads|48/100
|upkeep
|turn|5
|
|t:|1759065690
|move|p2a: Iron Treads|Earthquake|p1a: Incineroar
|-supereffective|p1a: Incineroar
|-damage|p1a: Incineroar|32/100
|move|p1a: Incineroar|Flare Blitz|p2a: Iron Treads
|-supereffective|p2a: Iron Treads
|-damage|p2a: Iron Treads|0 fnt
|faint|p2a: Iron Treads
|-end|p2a: Iron Treads|Quark Drive|[silent]
|-damage|p1a: Incineroar|17/100|[from] Recoil
|
|upkeep
|
|t:|1759065692
|switch|p2a: Tornadus|Tornadus-Therian, M|100/100
|turn|6
|
|t:|1759065697
|switch|p1a: Slowking|Slowking-Galar, M|92/100
|-damage|p1a: Slowking|79/100|[from] Stealth Rock
|move|p2a: Tornadus|Bleakwind Storm|p1a: Slowking|[miss]
|-miss|p2a: Tornadus|p1a: Slowking
|
|upkeep
|turn|7
|
|t:|1759065707
|switch|p2a: Samurott|Samurott-Hisui, F|100/100
|move|p1a: Slowking|Future Sight|p2a: Samurott
|-start|p1a: Slowking|move: Future Sight
|
|upkeep
|turn|8
|
|t:|1759065712
|switch|p1a: Great Tusk|Great Tusk|100/100
|-damage|p1a: Great Tusk|98/100|[from] Stealth Rock
|move|p2a: Samurott|Ceaseless Edge|p1a: Great Tusk
|-resisted|p1a: Great Tusk
|-damage|p1a: Great Tusk|87/100
|-damage|p2a: Samurott|84/100|[from] item: Rocky Helmet|[of] p1a: Great Tusk
|-sidestart|p1: SamiFawad|Spikes
|
|upkeep
|turn|9
|
|t:|1759065716
|move|p2a: Samurott|Razor Shell|p1a: Great Tusk
|-supereffective|p1a: Great Tusk
|-damage|p1a: Great Tusk|42/100
|-unboost|p1a: Great Tusk|def|1
|-damage|p2a: Samurott|67/100|[from] item: Rocky Helmet|[of] p1a: Great Tusk
|move|p1a: Great Tusk|Knock Off|p2a: Samurott
|-resisted|p2a: Samurott
|-damage|p2a: Samurott|51/100
|-enditem|p2a: Samurott|Assault Vest|[from] move: Knock Off|[of] p1a: Great Tusk
|
|-end|p2a: Samurott|move: Future Sight
|-immune|p2a: Samurott
|upkeep
|turn|10
|
|t:|1759065721
|-terastallize|p1a: Great Tusk|Steel
|move|p2a: Samurott|Razor Shell|p1a: Great Tusk
|-damage|p1a: Great Tusk|10/100
|-damage|p2a: Samurott|34/100|[from] item: Rocky Helmet|[of] p1a: Great Tusk
|move|p1a: Great Tusk|Rapid Spin|p2a: Samurott
|-damage|p2a: Samurott|17/100
|-boost|p1a: Great Tusk|spe|1
|-sideend|p1: SamiFawad|Spikes|[from] move: Rapid Spin|[of] p1a: Great Tusk
|-sideend|p1: SamiFawad|Stealth Rock|[from] move: Rapid Spin|[of] p1a: Great Tusk
|
|upkeep
|turn|11
|
|t:|1759065728
|move|p2a: Samurott|Sucker Punch|p1a: Great Tusk
|-damage|p1a: Great Tusk|0 fnt
|-damage|p2a: Samurott|0 fnt|[from] item: Rocky Helmet|[of] p1a: Great Tusk
|faint|p1a: Great Tusk
|-end|p1a: Great Tusk|Protosynthesis|[silent]
|faint|p2a: Samurott
|
|upkeep
|
|t:|1759065738
|switch|p2a: Tornadus|Tornadus-Therian, M|100/100
|switch|p1a: Samurott|Samurott-Hisui, M|100/100
|turn|12
|
|t:|1759065740
|move|p2a: Tornadus|Knock Off|p1a: Samurott
|-resisted|p1a: Samurott
|-damage|p1a: Samurott|87/100
|-enditem|p1a: Samurott|Focus Sash|[from] move: Knock Off|[of] p2a: Tornadus
|move|p1a: Samurott|Ceaseless Edge|p2a: Tornadus
|-damage|p2a: Tornadus|54/100
|-sidestart|p2: mcribs|Spikes
|
|upkeep
|turn|13
|
|t:|1759065743
|switch|p2a: Iron Valiant|Iron Valiant|100/100
|-damage|p2a: Iron Valiant|88/100|[from] Spikes
|move|p1a: Samurott|Ceaseless Edge|p2a: Iron Valiant
|-resisted|p2a: Iron Valiant
|-damage|p2a: Iron Valiant|73/100
|-sidestart|p2: mcribs|Spikes
|
|upkeep
|turn|14
|
|t:|1759065748
|switch|p1a: Incineroar|Incineroar, M|17/100
|-ability|p1a: Incineroar|Intimidate|boost
|-unboost|p2a: Iron Valiant|atk|1
|move|p2a: Iron Valiant|Moonblast|p1a: Incineroar
|-damage|p1a: Incineroar|0 fnt
|faint|p1a: Incineroar
|
|upkeep
|
|t:|1759065750
|switch|p1a: Slowking|Slowking-Galar, M|100/100
|turn|15
|
|t:|1759065753
|-end|p2a: Iron Valiant|Quark Drive|[silent]
|switch|p2a: Gholdengo|Gholdengo|100/100
|-item|p2a: Gholdengo|Air Balloon
|move|p1a: Slowking|Flamethrower|p2a: Gholdengo
|-supereffective|p2a: Gholdengo
|-damage|p2a: Gholdengo|42/100
|-enditem|p2a: Gholdengo|Air Balloon
|
|upkeep
|turn|16
|
|t:|1759065756
|move|p2a: Gholdengo|Thunder Wave|p1a: Slowking|[miss]
|-miss|p2a: Gholdengo|p1a: Slowking
|move|p1a: Slowking|Future Sight|p2a: Gholdengo
|-start|p1a: Slowking|move: Future Sight
|
|upkeep
|turn|17
|
|t:|1759065759
|move|p2a: Gholdengo|Thunder Wave|p1a: Slowking
|-status|p1a: Slowking|par
|move|p1a: Slowking|Flamethrower|p2a: Gholdengo
|-supereffective|p2a: Gholdengo
|-damage|p2a: Gholdengo|0 fnt
|faint|p2a: Gholdengo
|
|upkeep
|
|t:|1759065762
|switch|p2a: Tornadus|Tornadus-Therian, M|87/100
|turn|18
|
|t:|1759065768
|-terastallize|p2a: Tornadus|Steel
|move|p2a: Tornadus|Nasty Plot|p2a: Tornadus
|-boost|p2a: Tornadus|spa|2
|cant|p1a: Slowking|par
|
|-end|p2a: Tornadus|move: Future Sight
|-resisted|p2a: Tornadus
|-damage|p2a: Tornadus|58/100
|upkeep
|turn|19
|
|t:|1759065771
|move|p2a: Tornadus|Bleakwind Storm|p1a: Slowking
|-damage|p1a: Slowking|39/100 par
|cant|p1a: Slowking|par
|
|upkeep
|turn|20
|
|t:|1759065778
|move|p2a: Tornadus|Bleakwind Storm|p1a: Slowking
|-damage|p1a: Slowking|0 fnt
|faint|p1a: Slowking
|
|upkeep
|
|t:|1759065779
|switch|p1a: Landorus|Landorus-Therian, M|100/100
|-ability|p1a: Landorus|Intimidate|boost
|-unboost|p2a: Tornadus|atk|1
|turn|21
|
|t:|1759065780
|move|p1a: Landorus|Earthquake|p2a: Tornadus
|-supereffective|p2a: Tornadus
|-damage|p2a: Tornadus|0 fnt
|faint|p2a: Tornadus
|
|upkeep
|
|t:|1759065783
|switch|p2a: Iron Valiant|Iron Valiant|73/100
|-damage|p2a: Iron Valiant|57/100|[from] Spikes
|turn|22
|
|t:|1759065788
|switch|p1a: Samurott|Samurott-Hisui, M|87/100
|move|p2a: Iron Valiant|Moonblast|p1a: Samurott
|-supereffective|p1a: Samurott
|-damage|p1a: Samurott|0 fnt
|faint|p1a: Samurott
|
|upkeep
|j| Sirpeanutcronch
|
|t:|1759065795
|switch|p1a: Landorus|Landorus-Therian, M|100/100
|-ability|p1a: Landorus|Intimidate|boost
|-unboost|p2a: Iron Valiant|atk|1
|turn|23
|
|t:|1759065797
|move|p1a: Landorus|Earthquake|p2a: Iron Valiant
|-damage|p2a: Iron Valiant|0 fnt
|faint|p2a: Iron Valiant
|-end|p2a: Iron Valiant|Quark Drive|[silent]
|
|upkeep
|-message|mcribs forfeited.
|
|win|SamiFawad
|raw|SamiFawad's rating: 1695 &rarr; <strong>1719</strong><br />(+24 for winning)
|raw|mcribs's rating: 1772 &rarr; <strong>1748</strong><br />(-24 for losing)
|l|☆mcribs
|player|p2|
|l|☆SamiFawad
|player|p1|
|l| Sirpeanutcronch
