|j|☆Passerby bye
|j|☆Decadeking
|t:|1759050093
|gametype|singles
|player|p1|Passerby bye|cyclist|1133
|player|p2|Decadeking|iris-gen5bw2|1127
|gen|9
|tier|[Gen 9] OU
|rated|
|rule|HP Percentage Mod: HP is shown in percentages
|rule|Endless Battle Clause: Forcing endless battles is banned
|rule|Species Clause: Limit one of each Pokémon
|rule|OHKO Clause: OHKO moves are banned
|rule|Evasion Items Clause: Evasion items are banned
|rule|Evasion Moves Clause: Evasion moves are banned
|rule|Evasion Abilities Clause: Evasion abilities are banned
|rule|Sleep Moves Clause: Sleep-inducing moves are banned
|clearpoke
|poke|p1|Magnezone|
|poke|p1|Vileplume, M|
|poke|p1|Azumarill, M|
|poke|p1|Houndoom, F|
|poke|p1|Gliscor, M|
|poke|p1|Farigiraf, M|
|poke|p2|Pikachu, F|
|poke|p2|Greninja-*, M|
|poke|p2|Charizard, F|
|poke|p2|Krookodile, M|
|poke|p2|Zoroark-Hisui, M|
|poke|p2|Meowscarada, F|
|teampreview
|inactive|Battle timer is ON: inactive players will automatically lose when time's up. (requested by Decadeking)
|
|t:|1759050100
|teamsize|p1|6
|teamsize|p2|6
|start
|switch|p1a: Terrain Team sucks|Azumarill, M|100/100
|switch|p2a: Meowscarada|Meowscarada, F, shiny|100/100
|turn|1
|
|t:|1759050108
|switch|p1a: Ordinary Pkmn only|Vileplume, M|100/100
|move|p2a: Meowscarada|U-turn|p1a: Ordinary Pkmn only
|-start|p2a: Meowscarada|typechange|Bug|[from] ability: Protean
|-damage|p1a: Ordinary Pkmn only|57/100
|-damage|p2a: Meowscarada|84/100|[from] item: Rocky Helmet|[of] p1a: Ordinary Pkmn only
|
|t:|1759050118
|switch|p2a: Charizard|Charizard, F, shiny|100/100|[from] U-turn
|
|upkeep
|turn|2
|
|t:|1759050130
|switch|p1a: Terrain Team sucks|Azumarill, M|100/100
|move|p2a: Charizard|Air Slash|p1a: Terrain Team sucks
|-damage|p1a: Terrain Team sucks|78/100
|
|upkeep
|turn|3
|
|t:|1759050140
|switch|p2a: Pikachu|Pikachu, F|100/100
|move|p1a: Terrain Team sucks|Knock Off|p2a: Pikachu
|-damage|p2a: Pikachu|35/100
|-enditem|p2a: Pikachu|Light Ball|[from] move: Knock Off|[of] p1a: Terrain Team sucks
|
|upkeep
|turn|4
|
|t:|1759050146
|move|p2a: Pikachu|Fake Out|p1a: Terrain Team sucks
|-damage|p1a: Terrain Team sucks|68/100
|cant|p1a: Terrain Team sucks|flinch
|
|upkeep
|turn|5
|
|t:|1759050156
|move|p1a: Terrain Team sucks|Aqua Jet|p2a: Pikachu
|-damage|p2a: Pikachu|0 fnt
|faint|p2a: Pikachu
|
|upkeep
|
|t:|1759050166
|switch|p2a: Meowscarada|Meowscarada, F, shiny|84/100
|turn|6
|
|t:|1759050174
|move|p2a: Meowscarada|Thunder Punch|p1a: Terrain Team sucks
|-start|p2a: Meowscarada|typechange|Electric|[from] ability: Protean
|-supereffective|p1a: Terrain Team sucks
|-damage|p1a: Terrain Team sucks|0 fnt
|faint|p1a: Terrain Team sucks
|
|upkeep
|
|t:|1759050187
|switch|p1a: Legend Pkmn sucks|Magnezone|100/100
|turn|7
|
|t:|1759050192
|switch|p2a: Charizard|Charizard, F, shiny|100/100
|move|p1a: Legend Pkmn sucks|Flash Cannon|p2a: Charizard
|-resisted|p2a: Charizard
|-damage|p2a: Charizard|42/100
|-unboost|p2a: Charizard|spd|1
|
|upkeep
|turn|8
|
|t:|1759050198
|switch|p1a: Weather Team sucks|Houndoom, F|100/100
|move|p2a: Charizard|Fire Blast|p1a: Weather Team sucks
|-start|p1a: Weather Team sucks|ability: Flash Fire
|
|upkeep
|turn|9
|
|t:|1759050207
|-terastallize|p2a: Charizard|Ground
|move|p2a: Charizard|Scorching Sands|p1a: Weather Team sucks
|-supereffective|p1a: Weather Team sucks
|-damage|p1a: Weather Team sucks|11/100
|move|p1a: Weather Team sucks|Fire Blast|p2a: Charizard
|-damage|p2a: Charizard|0 fnt
|faint|p2a: Charizard
|
|upkeep
|
|t:|1759050216
|switch|p2a: Krookodile|Krookodile, M, shiny|100/100
|turn|10
|
|t:|1759050227
|move|p2a: Krookodile|Close Combat|p1a: Weather Team sucks
|-supereffective|p1a: Weather Team sucks
|-damage|p1a: Weather Team sucks|0 fnt
|-unboost|p2a: Krookodile|def|1
|-unboost|p2a: Krookodile|spd|1
|faint|p1a: Weather Team sucks
|-ability|p2a: Krookodile|Moxie|boost
|-boost|p2a: Krookodile|atk|1
|
|upkeep
|
|t:|1759050235
|switch|p1a: BST>540 Pkmn sucks|Gliscor, M|100/100
|turn|11
|
|t:|1759050241
|move|p2a: Krookodile|Close Combat|p1a: BST>540 Pkmn sucks
|-resisted|p1a: BST>540 Pkmn sucks
|-damage|p1a: BST>540 Pkmn sucks|76/100
|-unboost|p2a: Krookodile|def|1
|-unboost|p2a: Krookodile|spd|1
|move|p1a: BST>540 Pkmn sucks|Swords Dance|p1a: BST>540 Pkmn sucks
|-boost|p1a: BST>540 Pkmn sucks|atk|2
|
|-status|p1a: BST>540 Pkmn sucks|tox|[from] item: Toxic Orb
|upkeep
|turn|12
|
|t:|1759050259
|switch|p2a: Krookodile|Krookodile, M, shiny|100/100
|move|p1a: BST>540 Pkmn sucks|Dual Wingbeat|p2a: Krookodile
|-damage|p2a: Krookodile|47/100
|replace|p2a: Zoroark|Zoroark-Hisui, M, shiny
|-end|p2a: Zoroark|Illusion
|-damage|p2a: Zoroark|0 fnt
|faint|p2a: Zoroark
|-hitcount|p2: Zoroark|2
|
|-heal|p1a: BST>540 Pkmn sucks|89/100 tox|[from] ability: Poison Heal
|upkeep
|
|t:|1759050273
|switch|p2a: Greninja|Greninja, M, shiny|100/100
|turn|13
|
|t:|1759050298
|-terastallize|p1a: BST>540 Pkmn sucks|Water
|move|p2a: Greninja|Ice Beam|p1a: BST>540 Pkmn sucks
|-start|p2a: Greninja|typechange|Ice|[from] ability: Protean
|-resisted|p1a: BST>540 Pkmn sucks
|-damage|p1a: BST>540 Pkmn sucks|64/100 tox
|move|p1a: BST>540 Pkmn sucks|Dual Wingbeat|p2a: Greninja
|-damage|p2a: Greninja|54/100
|-damage|p2a: Greninja|13/100
|-hitcount|p2a: Greninja|2
|
|-heal|p1a: BST>540 Pkmn sucks|77/100 tox|[from] ability: Poison Heal
|upkeep
|turn|14
|
|t:|1759050311
|switch|p2a: Krookodile|Krookodile, M, shiny|100/100
|move|p1a: BST>540 Pkmn sucks|Earthquake|p2a: Krookodile
|-damage|p2a: Krookodile|15/100
|
|-heal|p1a: BST>540 Pkmn sucks|89/100 tox|[from] ability: Poison Heal
|upkeep
|turn|15
|
|t:|1759050325
|move|p2a: Krookodile|Crunch|p1a: BST>540 Pkmn sucks
|-damage|p1a: BST>540 Pkmn sucks|58/100 tox
|move|p1a: BST>540 Pkmn sucks|Earthquake|p2a: Krookodile
|-damage|p2a: Krookodile|0 fnt
|faint|p2a: Krookodile
|
|-heal|p1a: BST>540 Pkmn sucks|70/100 tox|[from] ability: Poison Heal
|upkeep
|
|t:|1759050330
|switch|p2a: Meowscarada|Meowscarada, F, shiny|84/100
|turn|16
|
|t:|1759050337
|move|p2a: Meowscarada|Flower Trick|p1a: BST>540 Pkmn sucks
|-start|p2a: Meowscarada|typechange|Grass|[from] ability: Protean
|-supereffective|p1a: BST>540 Pkmn sucks
|-crit|p1a: BST>540 Pkmn sucks
|-damage|p1a: BST>540 Pkmn sucks|0 fnt
|faint|p1a: BST>540 Pkmn sucks
|
|upkeep
|
|t:|1759050340
|switch|p1a: Ordinary Pkmn only|Vileplume, M|57/100
|turn|17
|
|t:|1759050354
|move|p2a: Meowscarada|Flower Trick|p1a: Ordinary Pkmn only
|-resisted|p1a: Ordinary Pkmn only
|-crit|p1a: Ordinary Pkmn only
|-damage|p1a: Ordinary Pkmn only|42/100
|move|p1a: Ordinary Pkmn only|Sludge Wave|p2a: Meowscarada
|-supereffective|p2a: Meowscarada
|-damage|p2a: Meowscarada|0 fnt
|faint|p2a: Meowscarada
|
|upkeep
|
|t:|1759050361
|switch|p2a: Greninja|Greninja, M, shiny|13/100
|turn|18
|
|t:|1759050383
|move|p2a: Greninja|Dark Pulse|p1a: Ordinary Pkmn only
|-start|p2a: Greninja|typechange|Dark|[from] ability: Protean
|-crit|p1a: Ordinary Pkmn only
|-damage|p1a: Ordinary Pkmn only|0 fnt
|faint|p1a: Ordinary Pkmn only
|
|upkeep
|
|t:|1759050386
|switch|p1a: Legend Pkmn sucks|Magnezone|100/100
|turn|19
|
|t:|1759050393
|move|p2a: Greninja|Dark Pulse|p1a: Legend Pkmn sucks
|-damage|p1a: Legend Pkmn sucks|42/100
|move|p1a: Legend Pkmn sucks|Thunderbolt|p2a: Greninja
|-damage|p2a: Greninja|0 fnt
|faint|p2a: Greninja
|
|win|Passerby bye
|raw|Passerby bye's rating: 1133 &rarr; <strong>1158</strong><br />(+25 for winning)
|raw|Decadeking's rating: 1127 &rarr; <strong>1102</strong><br />(-25 for losing)
|l|☆Decadeking
|player|p2|
|l|☆Passerby bye
|player|p1|
