|j|☆Jude_Palace
|j|☆Scoobenvonduben
|t:|1759026551
|gametype|singles
|player|p1|Jude_Palace|lucian|1393
|player|p2|Scoobenvonduben|brawly|1326
|gen|9
|tier|[Gen 9] OU
|rated|
|rule|HP Percentage Mod: HP is shown in percentages
|rule|Endless Battle Clause: Forcing endless battles is banned
|rule|Species Clause: Limit one of each Pokémon
|rule|OHKO Clause: OHKO moves are banned
|rule|Evasion Items Clause: Evasion items are banned
|rule|Evasion Moves Clause: Evasion moves are banned
|rule|Evasion Abilities Clause: Evasion abilities are banned
|rule|Sleep Moves Clause: Sleep-inducing moves are banned
|clearpoke
|poke|p1|Landorus-Therian, M|
|poke|p1|Venusaur, F|
|poke|p1|Walking Wake|
|poke|p1|Torkoal, F|
|poke|p1|Kingambit, F|
|poke|p1|Iron Valiant|
|poke|p2|Blissey, F|
|poke|p2|Gyarados, F|
|poke|p2|Gliscor, F|
|poke|p2|Corviknight, M|
|poke|p2|Skeledirge, M|
|poke|p2|Grafaiai, M|
|teampreview
|inactive|Battle timer is ON: inactive players will automatically lose when time's up. (requested by Jude_Palace)
|
|t:|1759026565
|teamsize|p1|6
|teamsize|p2|6
|start
|switch|p1a: Tor-tue|Torkoal, F, shiny|100/100
|switch|p2a: Blissey|Blissey, F|100/100
|-weather|SunnyDay|[from] ability: Drought|[of] p1a: Tor-tue
|turn|1
|
|t:|1759026569
|move|p2a: Blissey|Seismic Toss|p1a: Tor-tue
|-damage|p1a: Tor-tue|71/100
|move|p1a: Tor-tue|Stealth Rock|p2a: Blissey
|-sidestart|p2: Scoobenvonduben|move: Stealth Rock
|
|-weather|SunnyDay|[upkeep]
|upkeep
|turn|2
|
|t:|1759026575
|switch|p1a: Starscream|Kingambit, F, shiny|100/100
|move|p2a: Blissey|Stealth Rock|p1a: Starscream
|-sidestart|p1: Jude_Palace|move: Stealth Rock
|
|-weather|SunnyDay|[upkeep]
|upkeep
|turn|3
|
|t:|1759026589
|switch|p2a: Corviknight|Corviknight, M|100/100
|-damage|p2a: Corviknight|88/100|[from] Stealth Rock
|move|p1a: Starscream|Kowtow Cleave|p2a: Corviknight
|-damage|p2a: Corviknight|37/100
|
|-weather|SunnyDay|[upkeep]
|-heal|p2a: Corviknight|43/100|[from] item: Leftovers
|upkeep
|turn|4
|
|t:|1759026599
|-end|p1a: Starscream|fallenundefined|[silent]
|switch|p1a: Flores|Venusaur, F, shiny|100/100
|-damage|p1a: Flores|88/100|[from] Stealth Rock
|move|p2a: Corviknight|Iron Defense|p2a: Corviknight
|-boost|p2a: Corviknight|def|2
|
|-weather|SunnyDay|[upkeep]
|-heal|p2a: Corviknight|49/100|[from] item: Leftovers
|upkeep
|turn|5
|
|t:|1759026606
|move|p1a: Flores|Weather Ball|p2a: Corviknight
|-supereffective|p2a: Corviknight
|-damage|p2a: Corviknight|0 fnt
|faint|p2a: Corviknight
|-damage|p1a: Flores|78/100|[from] item: Life Orb
|
|-weather|SunnyDay|[upkeep]
|upkeep
|
|t:|1759026625
|switch|p2a: Gliscor|Gliscor, F, shiny|100/100
|-damage|p2a: Gliscor|88/100|[from] Stealth Rock
|turn|6
|
|t:|1759026628
|move|p2a: Gliscor|Protect|p2a: Gliscor
|-singleturn|p2a: Gliscor|Protect
|move|p1a: Flores|Growth|p1a: Flores
|-boost|p1a: Flores|atk|2
|-boost|p1a: Flores|spa|2
|
|-weather|SunnyDay|[upkeep]
|-status|p2a: Gliscor|tox|[from] item: Toxic Orb
|upkeep
|turn|7
|
|t:|1759026645
|switch|p2a: Blissey|Blissey, F|100/100
|-damage|p2a: Blissey|88/100|[from] Stealth Rock
|move|p1a: Flores|Weather Ball|p2a: Blissey
|-damage|p2a: Blissey|46/100
|-damage|p1a: Flores|68/100|[from] item: Life Orb
|
|-weather|SunnyDay|[upkeep]
|-heal|p2a: Blissey|52/100|[from] item: Leftovers
|upkeep
|turn|8
|
|t:|1759026651
|-terastallize|p1a: Flores|Fire
|move|p1a: Flores|Weather Ball|p2a: Blissey
|-damage|p2a: Blissey|0 fnt
|faint|p2a: Blissey
|-damage|p1a: Flores|58/100|[from] item: Life Orb
|
|-weather|none
|upkeep
|
|t:|1759026658
|switch|p2a: Skeledirge|Skeledirge, M|100/100
|-damage|p2a: Skeledirge|76/100|[from] Stealth Rock
|turn|9
|
|t:|1759026668
|move|p1a: Flores|Earth Power|p2a: Skeledirge
|-supereffective|p2a: Skeledirge
|-damage|p2a: Skeledirge|26/100
|-damage|p1a: Flores|48/100|[from] item: Life Orb
|move|p2a: Skeledirge|Torch Song|p1a: Flores
|-resisted|p1a: Flores
|-damage|p1a: Flores|31/100
|-boost|p2a: Skeledirge|spa|1
|
|-heal|p2a: Skeledirge|32/100|[from] item: Leftovers
|upkeep
|turn|10
|
|t:|1759026677
|-terastallize|p2a: Skeledirge|Fairy
|move|p1a: Flores|Earth Power|p2a: Skeledirge
|-damage|p2a: Skeledirge|9/100
|-damage|p1a: Flores|21/100|[from] item: Life Orb
|move|p2a: Skeledirge|Slack Off|p2a: Skeledirge
|-heal|p2a: Skeledirge|59/100
|
|-heal|p2a: Skeledirge|65/100|[from] item: Leftovers
|upkeep
|turn|11
|
|t:|1759026685
|switch|p1a: Tor-tue|Torkoal, F, shiny|71/100
|-damage|p1a: Tor-tue|47/100|[from] Stealth Rock
|-weather|SunnyDay|[from] ability: Drought|[of] p1a: Tor-tue
|move|p2a: Skeledirge|Slack Off|p2a: Skeledirge
|-heal|p2a: Skeledirge|100/100
|
|-weather|SunnyDay|[upkeep]
|upkeep
|turn|12
|
|t:|1759026692
|move|p2a: Skeledirge|Torch Song|p1a: Tor-tue
|-resisted|p1a: Tor-tue
|-damage|p1a: Tor-tue|17/100
|-boost|p2a: Skeledirge|spa|1
|move|p1a: Tor-tue|Rapid Spin|p2a: Skeledirge
|-damage|p2a: Skeledirge|93/100
|-boost|p1a: Tor-tue|spe|1
|-sideend|p1: Jude_Palace|Stealth Rock|[from] move: Rapid Spin|[of] p1a: Tor-tue
|
|-weather|SunnyDay|[upkeep]
|-heal|p2a: Skeledirge|99/100|[from] item: Leftovers
|upkeep
|turn|13
|
|t:|1759026697
|move|p2a: Skeledirge|Torch Song|p1a: Tor-tue
|-resisted|p1a: Tor-tue
|-damage|p1a: Tor-tue|0 fnt
|-boost|p2a: Skeledirge|spa|1
|faint|p1a: Tor-tue
|
|-weather|SunnyDay|[upkeep]
|-heal|p2a: Skeledirge|100/100|[from] item: Leftovers
|upkeep
|
|t:|1759026701
|switch|p1a: Flores|Venusaur, F, shiny, tera:Fire|21/100
|turn|14
|
|t:|1759026708
|move|p1a: Flores|Weather Ball|p2a: Skeledirge
|-damage|p2a: Skeledirge|35/100
|-damage|p1a: Flores|11/100|[from] item: Life Orb
|move|p2a: Skeledirge|Torch Song|p1a: Flores
|-resisted|p1a: Flores
|-damage|p1a: Flores|0 fnt
|-boost|p2a: Skeledirge|spa|1
|faint|p1a: Flores
|
|-weather|SunnyDay|[upkeep]
|-heal|p2a: Skeledirge|41/100|[from] item: Leftovers
|upkeep
|
|t:|1759026714
|switch|p1a: Eva-02|Walking Wake|100/100
|-activate|p1a: Eva-02|ability: Protosynthesis
|-start|p1a: Eva-02|protosynthesisspe
|turn|15
|
|t:|1759026724
|switch|p2a: Gyarados|Gyarados, F, shiny|100/100
|-ability|p2a: Gyarados|Intimidate|boost
|-unboost|p1a: Eva-02|atk|1
|move|p1a: Eva-02|Hydro Steam|p2a: Gyarados
|-resisted|p2a: Gyarados
|-damage|p2a: Gyarados|57/100
|
|-weather|SunnyDay|[upkeep]
|upkeep
|turn|16
|
|t:|1759026733
|-end|p1a: Eva-02|Protosynthesis|[silent]
|switch|p1a: Gaïa|Landorus-Therian, M, shiny|100/100
|-ability|p1a: Gaïa|Intimidate|boost
|-unboost|p2a: Gyarados|atk|1
|move|p2a: Gyarados|Dragon Dance|p2a: Gyarados
|-boost|p2a: Gyarados|atk|1
|-boost|p2a: Gyarados|spe|1
|
|-weather|SunnyDay|[upkeep]
|upkeep
|turn|17
|
|t:|1759026738
|move|p2a: Gyarados|Ice Fang|p1a: Gaïa
|-supereffective|p1a: Gaïa
|-damage|p1a: Gaïa|42/100
|-damage|p2a: Gyarados|41/100|[from] item: Rocky Helmet|[of] p1a: Gaïa
|move|p1a: Gaïa|Taunt|p2a: Gyarados
|-start|p2a: Gyarados|move: Taunt
|
|-weather|SunnyDay|[upkeep]
|upkeep
|turn|18
|
|t:|1759026751
|switch|p1a: Starscream|Kingambit, F, shiny|100/100
|-activate|p1a: Starscream|ability: Supreme Overlord
|-start|p1a: Starscream|fallen2|[silent]
|move|p2a: Gyarados|Earthquake|p1a: Starscream
|-supereffective|p1a: Starscream
|-damage|p1a: Starscream|49/100
|
|-weather|none
|upkeep
|turn|19
|
|t:|1759026780
|switch|p2a: Skeledirge|Skeledirge, M, tera:Fairy|41/100
|-damage|p2a: Skeledirge|28/100|[from] Stealth Rock
|move|p1a: Starscream|Sucker Punch||[still]
|-fail|p1a: Starscream
|
|-heal|p2a: Skeledirge|35/100|[from] item: Leftovers
|upkeep
|turn|20
|
|t:|1759026784
|move|p2a: Skeledirge|Will-O-Wisp|p1a: Starscream
|-status|p1a: Starscream|brn
|move|p1a: Starscream|Iron Head|p2a: Skeledirge
|-supereffective|p2a: Skeledirge
|-damage|p2a: Skeledirge|0 fnt
|faint|p2a: Skeledirge
|
|-damage|p1a: Starscream|42/100 brn|[from] brn
|upkeep
|
|t:|1759026796
|switch|p2a: Gliscor|Gliscor, F, shiny|88/100 tox
|-damage|p2a: Gliscor|75/100 tox|[from] Stealth Rock
|turn|21
|
|t:|1759026800
|move|p2a: Gliscor|Spikes|p1a: Starscream
|-sidestart|p1: Jude_Palace|Spikes
|move|p1a: Starscream|Swords Dance|p1a: Starscream
|-boost|p1a: Starscream|atk|2
|
|-heal|p2a: Gliscor|88/100 tox|[from] ability: Poison Heal
|-damage|p1a: Starscream|36/100 brn|[from] brn
|upkeep
|turn|22
|
|t:|1759026809
|move|p2a: Gliscor|Earthquake|p1a: Starscream
|-supereffective|p1a: Starscream
|-damage|p1a: Starscream|0 fnt
|faint|p1a: Starscream
|-end|p1a: Starscream|fallen2|[silent]
|
|-heal|p2a: Gliscor|100/100 tox|[from] ability: Poison Heal
|upkeep
|
|t:|1759026816
|switch|p1a: Eva-02|Walking Wake|100/100
|-damage|p1a: Eva-02|88/100|[from] Spikes
|turn|23
|
|t:|1759026824
|move|p2a: Gliscor|Protect|p2a: Gliscor
|-singleturn|p2a: Gliscor|Protect
|move|p1a: Eva-02|Hydro Steam|p2a: Gliscor
|-activate|p2a: Gliscor|move: Protect
|
|upkeep
|turn|24
|
|t:|1759026831
|move|p1a: Eva-02|Hydro Steam|p2a: Gliscor
|-supereffective|p2a: Gliscor
|-damage|p2a: Gliscor|5/100 tox
|move|p2a: Gliscor|Toxic|p1a: Eva-02
|-status|p1a: Eva-02|tox
|
|-damage|p1a: Eva-02|82/100 tox|[from] psn
|-heal|p2a: Gliscor|18/100 tox|[from] ability: Poison Heal
|upkeep
|turn|25
|
|t:|1759026837
|move|p2a: Gliscor|Protect|p2a: Gliscor
|-singleturn|p2a: Gliscor|Protect
|move|p1a: Eva-02|Hydro Steam|p2a: Gliscor
|-activate|p2a: Gliscor|move: Protect
|
|-damage|p1a: Eva-02|70/100 tox|[from] psn
|-heal|p2a: Gliscor|30/100 tox|[from] ability: Poison Heal
|upkeep
|turn|26
|
|t:|1759026847
|switch|p2a: Gyarados|Gyarados, F, shiny|41/100
|-ability|p2a: Gyarados|Intimidate|boost
|-unboost|p1a: Eva-02|atk|1
|move|p1a: Eva-02|Hydro Steam|p2a: Gyarados
|-resisted|p2a: Gyarados
|-damage|p2a: Gyarados|10/100
|
|-damage|p1a: Eva-02|51/100 tox|[from] psn
|upkeep
|turn|27
|
|t:|1759026856
|move|p1a: Eva-02|Hydro Steam|p2a: Gyarados
|-resisted|p2a: Gyarados
|-damage|p2a: Gyarados|0 fnt
|faint|p2a: Gyarados
|
|-damage|p1a: Eva-02|26/100 tox|[from] psn
|upkeep
|
|t:|1759026872
|switch|p2a: Grafaiai|Grafaiai, M|100/100
|-damage|p2a: Grafaiai|88/100|[from] Stealth Rock
|turn|28
|
|t:|1759026876
|move|p2a: Grafaiai|Protect|p2a: Grafaiai
|-singleturn|p2a: Grafaiai|Protect
|move|p1a: Eva-02|Hydro Steam|p2a: Grafaiai
|-activate|p2a: Grafaiai|move: Protect
|
|-heal|p2a: Grafaiai|94/100|[from] item: Leftovers
|-damage|p1a: Eva-02|0 fnt|[from] psn
|faint|p1a: Eva-02
|-end|p1a: Eva-02|Protosynthesis|[silent]
|upkeep
|
|t:|1759026883
|switch|p1a: Gaïa|Landorus-Therian, M, shiny|42/100
|-ability|p1a: Gaïa|Intimidate|boost
|-unboost|p2a: Grafaiai|atk|1
|turn|29
|
|t:|1759026890
|move|p2a: Grafaiai|Toxic|p1a: Gaïa
|-status|p1a: Gaïa|tox
|move|p1a: Gaïa|U-turn|p2a: Grafaiai
|-resisted|p2a: Grafaiai
|-damage|p2a: Grafaiai|79/100
|
|t:|1759026892
|switch|p1a: Metal sonic|Iron Valiant|100/100|[from] U-turn
|-damage|p1a: Metal sonic|88/100|[from] Spikes
|-enditem|p1a: Metal sonic|Booster Energy
|-activate|p1a: Metal sonic|ability: Quark Drive|[fromitem]
|-start|p1a: Metal sonic|quarkdrivespe
|
|-heal|p2a: Grafaiai|85/100|[from] item: Leftovers
|upkeep
|turn|30
|
|t:|1759026902
|move|p2a: Grafaiai|Protect|p2a: Grafaiai
|-singleturn|p2a: Grafaiai|Protect
|move|p1a: Metal sonic|Encore|p2a: Grafaiai
|-activate|p2a: Grafaiai|move: Protect
|
|-heal|p2a: Grafaiai|91/100|[from] item: Leftovers
|upkeep
|turn|31
|inactive|Scoobenvonduben has 120 seconds left.
|
|t:|1759026941
|move|p2a: Grafaiai|Toxic|p1a: Metal sonic
|-status|p1a: Metal sonic|tox
|move|p1a: Metal sonic|Calm Mind|p1a: Metal sonic
|-boost|p1a: Metal sonic|spa|1
|-boost|p1a: Metal sonic|spd|1
|
|-heal|p2a: Grafaiai|97/100|[from] item: Leftovers
|-damage|p1a: Metal sonic|82/100 tox|[from] psn
|upkeep
|turn|32
|inactive|Scoobenvonduben has 120 seconds left.
|
|t:|1759026946
|move|p2a: Grafaiai|Encore|p1a: Metal sonic
|-start|p1a: Metal sonic|Encore
|move|p1a: Metal sonic|Calm Mind|p1a: Metal sonic
|-boost|p1a: Metal sonic|spa|1
|-boost|p1a: Metal sonic|spd|1
|
|-heal|p2a: Grafaiai|100/100|[from] item: Leftovers
|-damage|p1a: Metal sonic|70/100 tox|[from] psn
|upkeep
|turn|33
|
|t:|1759026950
|-end|p1a: Metal sonic|Quark Drive|[silent]
|switch|p1a: Gaïa|Landorus-Therian, M, shiny|42/100 tox
|-ability|p1a: Gaïa|Intimidate|boost
|-unboost|p2a: Grafaiai|atk|1
|move|p2a: Grafaiai|Knock Off|p1a: Gaïa
|-damage|p1a: Gaïa|34/100 tox
|-damage|p2a: Grafaiai|84/100|[from] item: Rocky Helmet|[of] p1a: Gaïa
|-enditem|p1a: Gaïa|Rocky Helmet|[from] move: Knock Off|[of] p2a: Grafaiai
|
|-heal|p2a: Grafaiai|90/100|[from] item: Leftovers
|-damage|p1a: Gaïa|28/100 tox|[from] psn
|upkeep
|turn|34
|
|t:|1759026953
|move|p2a: Grafaiai|Protect|p2a: Grafaiai
|-singleturn|p2a: Grafaiai|Protect
|move|p1a: Gaïa|Earthquake|p2a: Grafaiai
|-activate|p2a: Grafaiai|move: Protect
|
|-heal|p2a: Grafaiai|96/100|[from] item: Leftovers
|-damage|p1a: Gaïa|15/100 tox|[from] psn
|upkeep
|turn|35
|
|t:|1759026964
|switch|p2a: Gliscor|Gliscor, F, shiny|30/100 tox
|-damage|p2a: Gliscor|18/100 tox|[from] Stealth Rock
|move|p1a: Gaïa|Earthquake|p2a: Gliscor
|-immune|p2a: Gliscor
|
|-damage|p1a: Gaïa|0 fnt|[from] psn
|faint|p1a: Gaïa
|-heal|p2a: Gliscor|30/100 tox|[from] ability: Poison Heal
|upkeep
|
|t:|1759026966
|switch|p1a: Metal sonic|Iron Valiant|70/100 tox
|-damage|p1a: Metal sonic|58/100 tox|[from] Spikes
|turn|36
|
|t:|1759026977
|move|p1a: Metal sonic|Calm Mind|p1a: Metal sonic
|-boost|p1a: Metal sonic|spa|1
|-boost|p1a: Metal sonic|spd|1
|move|p2a: Gliscor|Earthquake|p1a: Metal sonic
|-damage|p1a: Metal sonic|17/100 tox
|
|-damage|p1a: Metal sonic|11/100 tox|[from] psn
|-heal|p2a: Gliscor|43/100 tox|[from] ability: Poison Heal
|upkeep
|turn|37
|
|t:|1759026981
|move|p2a: Gliscor|Protect|p2a: Gliscor
|-singleturn|p2a: Gliscor|Protect
|move|p1a: Metal sonic|Moonblast|p2a: Gliscor
|-activate|p2a: Gliscor|move: Protect
|
|-damage|p1a: Metal sonic|0 fnt|[from] psn
|faint|p1a: Metal sonic
|-end|p1a: Metal sonic|Quark Drive|[silent]
|
|win|Scoobenvonduben
|raw|Jude_Palace's rating: 1393 &rarr; <strong>1369</strong><br />(-24 for losing)
|raw|Scoobenvonduben's rating: 1326 &rarr; <strong>1350</strong><br />(+24 for winning)
|l|☆Jude_Palace
|player|p1|
