|j|☆ii el bunneh ii
|j|☆Devn07
|t:|1758966386
|gametype|singles
|player|p1|ii el bunneh ii|266|1374
|player|p2|Devn07|169|1328
|gen|9
|tier|[Gen 9] OU
|rated|
|rule|HP Percentage Mod: HP is shown in percentages
|rule|Endless Battle Clause: Forcing endless battles is banned
|rule|Species Clause: Limit one of each Pokémon
|rule|OHKO Clause: OHKO moves are banned
|rule|Evasion Items Clause: Evasion items are banned
|rule|Evasion Moves Clause: Evasion moves are banned
|rule|Evasion Abilities Clause: Evasion abilities are banned
|rule|Sleep Moves Clause: Sleep-inducing moves are banned
|clearpoke
|poke|p1|Torkoal, F|
|poke|p1|Scovillain, F|
|poke|p1|Lilligant-Hisui, F|
|poke|p1|Cresselia, F|
|poke|p1|Raging Bolt|
|poke|p1|Ting-Lu|
|poke|p2|Pelipper, F|
|poke|p2|Barraskewda, M|
|poke|p2|Porygon-Z|
|poke|p2|Zapdos|
|poke|p2|Ogerpon-Wellspring, F|
|poke|p2|Garganacl, F|
|teampreview
|inactive|Battle timer is ON: inactive players will automatically lose when time's up. (requested by Devn07)
|
|t:|1758966401
|teamsize|p1|6
|teamsize|p2|6
|start
|switch|p1a: Raging Bolt|Raging Bolt|100/100
|switch|p2a: Garganacl|Garganacl, F|100/100
|turn|1
|
|t:|1758966405
|move|p1a: Raging Bolt|Volt Switch|p2a: Garganacl
|-damage|p2a: Garganacl|44/100
|
|t:|1758966409
|-end|p1a: Raging Bolt|Protosynthesis|[silent]
|switch|p1a: Ting-Lu|Ting-Lu|100/100|[from] Volt Switch
|-ability|p1a: Ting-Lu|Vessel of Ruin
|move|p2a: Garganacl|Salt Cure|p1a: Ting-Lu
|-resisted|p1a: Ting-Lu
|-damage|p1a: Ting-Lu|98/100
|-start|p1a: Ting-Lu|Salt Cure
|-enditem|p1a: Ting-Lu|Eject Button
|
|t:|1758966411
|switch|p1a: Raging Bolt|Raging Bolt|100/100
|
|-heal|p2a: Garganacl|50/100|[from] item: Leftovers
|upkeep
|turn|2
|inactive|Devn07 has 120 seconds left.
|
|t:|1758966443
|switch|p2a: Zapdos|Zapdos|100/100
|move|p1a: Raging Bolt|Thunderbolt|p2a: Zapdos
|-damage|p2a: Zapdos|29/100
|
|upkeep
|turn|3
|inactive|Devn07 has 120 seconds left.
|
|t:|1758966465
|-end|p1a: Raging Bolt|Protosynthesis|[silent]
|switch|p1a: Ting-Lu|Ting-Lu|98/100
|-ability|p1a: Ting-Lu|Vessel of Ruin
|move|p2a: Zapdos|Volt Switch|p1a: Ting-Lu
|-immune|p1a: Ting-Lu
|
|upkeep
|turn|4
|
|t:|1758966475
|switch|p1a: Torkoal|Torkoal, F|100/100
|-weather|SunnyDay|[from] ability: Drought|[of] p1a: Torkoal
|move|p2a: Zapdos|Roost|p2a: Zapdos
|-heal|p2a: Zapdos|79/100
|-singleturn|p2a: Zapdos|move: Roost
|
|-weather|SunnyDay|[upkeep]
|upkeep
|turn|5
|inactive|Devn07 has 120 seconds left.
|
|t:|1758966484
|switch|p2a: Pelipper|Pelipper, F|100/100
|-weather|RainDance|[from] ability: Drizzle|[of] p2a: Pelipper
|move|p1a: Torkoal|Stealth Rock|p2a: Pelipper
|-sidestart|p2: Devn07|move: Stealth Rock
|
|-weather|RainDance|[upkeep]
|upkeep
|turn|6
|
|t:|1758966493
|move|p2a: Pelipper|U-turn|p1a: Torkoal
|-resisted|p1a: Torkoal
|-damage|p1a: Torkoal|98/100
|
|t:|1758966502
|switch|p2a: Garganacl|Garganacl, F|50/100|[from] U-turn
|-damage|p2a: Garganacl|38/100|[from] Stealth Rock
|move|p1a: Torkoal|Will-O-Wisp|p2a: Garganacl
|-immune|p2a: Garganacl|[from] ability: Purifying Salt
|
|-weather|RainDance|[upkeep]
|-heal|p2a: Garganacl|44/100|[from] item: Leftovers
|upkeep
|turn|7
|
|t:|1758966508
|switch|p1a: Raging Bolt|Raging Bolt|100/100
|move|p2a: Garganacl|Recover|p2a: Garganacl
|-heal|p2a: Garganacl|94/100
|
|-weather|RainDance|[upkeep]
|-heal|p2a: Garganacl|99/100|[from] item: Leftovers
|upkeep
|turn|8
|
|t:|1758966514
|move|p2a: Garganacl|Protect|p2a: Garganacl
|-singleturn|p2a: Garganacl|Protect
|move|p1a: Raging Bolt|Weather Ball|p2a: Garganacl
|-activate|p2a: Garganacl|move: Protect
|
|-weather|RainDance|[upkeep]
|-heal|p2a: Garganacl|100/100|[from] item: Leftovers
|upkeep
|turn|9
|
|t:|1758966525
|-end|p1a: Raging Bolt|Protosynthesis|[silent]
|switch|p1a: Torkoal|Torkoal, F|98/100
|-weather|SunnyDay|[from] ability: Drought|[of] p1a: Torkoal
|switch|p2a: Ogerpon|Ogerpon-Wellspring, F|100/100
|-damage|p2a: Ogerpon|88/100|[from] Stealth Rock
|
|-weather|SunnyDay|[upkeep]
|upkeep
|turn|10
|
|t:|1758966542
|switch|p1a: Ting-Lu|Ting-Lu|98/100
|-ability|p1a: Ting-Lu|Vessel of Ruin
|move|p2a: Ogerpon|Knock Off|p1a: Ting-Lu
|-resisted|p1a: Ting-Lu
|-crit|p1a: Ting-Lu
|-damage|p1a: Ting-Lu|90/100
|
|-weather|SunnyDay|[upkeep]
|upkeep
|turn|11
|inactive|Devn07 has 120 seconds left.
|
|t:|1758966573
|move|p2a: Ogerpon|U-turn|p1a: Ting-Lu
|-supereffective|p1a: Ting-Lu
|-damage|p1a: Ting-Lu|66/100
|inactive|Devn07 has 120 seconds left.
|
|t:|1758966581
|switch|p2a: Pelipper|Pelipper, F|100/100|[from] U-turn
|-damage|p2a: Pelipper|76/100|[from] Stealth Rock
|-weather|RainDance|[from] ability: Drizzle|[of] p2a: Pelipper
|move|p1a: Ting-Lu|Payback|p2a: Pelipper
|-damage|p2a: Pelipper|56/100
|
|-weather|RainDance|[upkeep]
|upkeep
|turn|12
|
|t:|1758966591
|move|p2a: Pelipper|Roost|p2a: Pelipper
|-heal|p2a: Pelipper|100/100
|-singleturn|p2a: Pelipper|move: Roost
|move|p1a: Ting-Lu|Rest|p1a: Ting-Lu
|-status|p1a: Ting-Lu|slp|[from] move: Rest
|-heal|p1a: Ting-Lu|100/100 slp|[silent]
|
|-weather|RainDance|[upkeep]
|upkeep
|turn|13
|
|t:|1758966598
|switch|p1a: Torkoal|Torkoal, F|98/100
|-weather|SunnyDay|[from] ability: Drought|[of] p1a: Torkoal
|move|p2a: Pelipper|Weather Ball|p1a: Torkoal
|-resisted|p1a: Torkoal
|-damage|p1a: Torkoal|78/100
|
|-weather|SunnyDay|[upkeep]
|upkeep
|turn|14
|
|t:|1758966609
|switch|p1a: Ting-Lu|Ting-Lu|100/100 slp
|-ability|p1a: Ting-Lu|Vessel of Ruin
|move|p2a: Pelipper|U-turn|p1a: Ting-Lu
|-supereffective|p1a: Ting-Lu
|-damage|p1a: Ting-Lu|94/100 slp
|
|t:|1758966615
|switch|p2a: Porygon-Z|Porygon-Z|100/100|[from] U-turn
|-damage|p2a: Porygon-Z|88/100|[from] Stealth Rock
|-ability|p2a: Porygon-Z|Download|boost
|-boost|p2a: Porygon-Z|spa|1
|
|-weather|SunnyDay|[upkeep]
|upkeep
|turn|15
|
|t:|1758966623
|move|p2a: Porygon-Z|Ice Beam|p1a: Ting-Lu
|-supereffective|p1a: Ting-Lu
|-damage|p1a: Ting-Lu|0 fnt
|faint|p1a: Ting-Lu
|
|-weather|SunnyDay|[upkeep]
|upkeep
|
|t:|1758966636
|switch|p1a: Scovillain|Scovillain, F, shiny|100/100
|turn|16
|
|t:|1758966652
|switch|p2a: Pelipper|Pelipper, F|100/100
|-damage|p2a: Pelipper|76/100|[from] Stealth Rock
|-weather|RainDance|[from] ability: Drizzle|[of] p2a: Pelipper
|move|p1a: Scovillain|Flamethrower|p2a: Pelipper
|-resisted|p2a: Pelipper
|-damage|p2a: Pelipper|61/100
|-damage|p1a: Scovillain|91/100|[from] item: Life Orb
|
|-weather|RainDance|[upkeep]
|upkeep
|turn|17
|
|t:|1758966663
|switch|p1a: Torkoal|Torkoal, F|78/100
|-weather|SunnyDay|[from] ability: Drought|[of] p1a: Torkoal
|move|p2a: Pelipper|U-turn|p1a: Torkoal
|-resisted|p1a: Torkoal
|-damage|p1a: Torkoal|76/100
|
|t:|1758966673
|switch|p2a: Garganacl|Garganacl, F|100/100|[from] U-turn
|-damage|p2a: Garganacl|88/100|[from] Stealth Rock
|
|-weather|SunnyDay|[upkeep]
|-heal|p2a: Garganacl|94/100|[from] item: Leftovers
|upkeep
|turn|18
|
|t:|1758966682
|switch|p1a: Lilligant|Lilligant-Hisui, F, shiny|100/100
|move|p2a: Garganacl|Salt Cure|p1a: Lilligant
|-resisted|p1a: Lilligant
|-damage|p1a: Lilligant|89/100
|-start|p1a: Lilligant|Salt Cure
|
|-weather|SunnyDay|[upkeep]
|-heal|p2a: Garganacl|100/100|[from] item: Leftovers
|-damage|p1a: Lilligant|76/100|[from] Salt Cure
|upkeep
|turn|19
|
|t:|1758966692
|switch|p1a: Scovillain|Scovillain, F, shiny|91/100
|move|p2a: Garganacl|Ice Punch|p1a: Scovillain
|-damage|p1a: Scovillain|60/100
|
|-weather|SunnyDay|[upkeep]
|upkeep
|turn|20
|
|t:|1758966699
|move|p1a: Scovillain|Growth|p1a: Scovillain
|-boost|p1a: Scovillain|atk|2
|-boost|p1a: Scovillain|spa|2
|move|p2a: Garganacl|Salt Cure|p1a: Scovillain
|-supereffective|p1a: Scovillain
|-damage|p1a: Scovillain|9/100
|-start|p1a: Scovillain|Salt Cure
|
|-weather|SunnyDay|[upkeep]
|-damage|p1a: Scovillain|0 fnt|[from] Salt Cure
|faint|p1a: Scovillain
|upkeep
|
|t:|1758966705
|switch|p1a: Raging Bolt|Raging Bolt|100/100
|-activate|p1a: Raging Bolt|ability: Protosynthesis
|-start|p1a: Raging Bolt|protosynthesisspa
|turn|21
|
|t:|1758966711
|move|p1a: Raging Bolt|Draco Meteor|p2a: Garganacl
|-damage|p2a: Garganacl|0 fnt
|-unboost|p1a: Raging Bolt|spa|2
|faint|p2a: Garganacl
|
|-weather|SunnyDay|[upkeep]
|upkeep
|
|t:|1758966718
|switch|p2a: Pelipper|Pelipper, F|61/100
|-damage|p2a: Pelipper|36/100|[from] Stealth Rock
|-weather|RainDance|[from] ability: Drizzle|[of] p2a: Pelipper
|-end|p1a: Raging Bolt|Protosynthesis
|turn|22
|
|t:|1758966721
|move|p1a: Raging Bolt|Draco Meteor|p2a: Pelipper
|-damage|p2a: Pelipper|0 fnt
|-unboost|p1a: Raging Bolt|spa|2
|faint|p2a: Pelipper
|
|-weather|RainDance|[upkeep]
|upkeep
|
|t:|1758966730
|switch|p2a: Zapdos|Zapdos|79/100
|turn|23
|
|t:|1758966735
|-end|p1a: Raging Bolt|Protosynthesis|[silent]
|switch|p1a: Torkoal|Torkoal, F|76/100
|-weather|SunnyDay|[from] ability: Drought|[of] p1a: Torkoal
|move|p2a: Zapdos|Volt Switch|p1a: Torkoal
|-damage|p1a: Torkoal|21/100
|
|t:|1758966742
|switch|p2a: Ogerpon|Ogerpon-Wellspring, F|88/100|[from] Volt Switch
|-damage|p2a: Ogerpon|76/100|[from] Stealth Rock
|
|-weather|SunnyDay|[upkeep]
|upkeep
|turn|24
|
|t:|1758966752
|move|p2a: Ogerpon|Knock Off|p1a: Torkoal
|-damage|p1a: Torkoal|0 fnt
|-enditem|p1a: Torkoal|Heat Rock|[from] move: Knock Off|[of] p2a: Ogerpon
|faint|p1a: Torkoal
|
|-weather|SunnyDay|[upkeep]
|upkeep
|
|t:|1758966760
|switch|p1a: Lilligant|Lilligant-Hisui, F, shiny|76/100
|turn|25
|
|t:|1758966780
|switch|p2a: Zapdos|Zapdos|79/100
|move|p1a: Lilligant|Swords Dance|p1a: Lilligant
|-boost|p1a: Lilligant|atk|2
|
|-weather|SunnyDay|[upkeep]
|upkeep
|turn|26
|
|t:|1758966787
|-terastallize|p1a: Lilligant|Fire
|move|p1a: Lilligant|Tera Blast|p2a: Zapdos|[anim] Tera Blast Fire
|-damage|p2a: Zapdos|0 fnt
|faint|p2a: Zapdos
|-damage|p1a: Lilligant|66/100|[from] item: Life Orb
|
|-weather|SunnyDay|[upkeep]
|upkeep
|inactive|Devn07 has 120 seconds left.
|
|t:|1758966811
|switch|p2a: Ogerpon|Ogerpon-Wellspring, F|76/100
|-damage|p2a: Ogerpon|64/100|[from] Stealth Rock
|turn|27
|inactive|Devn07 has 120 seconds left.
|
|t:|1758966823
|move|p1a: Lilligant|Close Combat|p2a: Ogerpon
|-damage|p2a: Ogerpon|0 fnt
|-unboost|p1a: Lilligant|def|1
|-unboost|p1a: Lilligant|spd|1
|faint|p2a: Ogerpon
|-damage|p1a: Lilligant|56/100|[from] item: Life Orb
|
|-weather|SunnyDay|[upkeep]
|upkeep
|inactive|Devn07 has 120 seconds left.
|
|t:|1758966828
|switch|p2a: Porygon-Z|Porygon-Z|88/100
|-damage|p2a: Porygon-Z|76/100|[from] Stealth Rock
|-ability|p2a: Porygon-Z|Download|boost
|-boost|p2a: Porygon-Z|atk|1
|turn|28
|
|t:|1758966835
|move|p1a: Lilligant|Tera Blast|p2a: Porygon-Z|[anim] Tera Blast Fire
|-damage|p2a: Porygon-Z|0 fnt
|faint|p2a: Porygon-Z
|-damage|p1a: Lilligant|46/100|[from] item: Life Orb
|
|-weather|SunnyDay|[upkeep]
|upkeep
|-message|Devn07 forfeited.
|
|win|ii el bunneh ii
|raw|ii el bunneh ii's rating: 1374 &rarr; <strong>1391</strong><br />(+17 for winning)
|raw|Devn07's rating: 1328 &rarr; <strong>1311</strong><br />(-17 for losing)
|l|☆Devn07
|player|p2|
|l|☆ii el bunneh ii
|player|p1|
