|j|☆Ryan's World
|j|☆M1ntyFr3sh2025
|t:|1759039958
|gametype|singles
|player|p1|Ryan's World|102|1270
|player|p2|M1ntyFr3sh2025|veteranf|1259
|gen|9
|tier|[Gen 9] OU
|rated|
|rule|HP Percentage Mod: HP is shown in percentages
|rule|Endless Battle Clause: Forcing endless battles is banned
|rule|Species Clause: Limit one of each Pokémon
|rule|OHKO Clause: OHKO moves are banned
|rule|Evasion Items Clause: Evasion items are banned
|rule|Evasion Moves Clause: Evasion moves are banned
|rule|Evasion Abilities Clause: Evasion abilities are banned
|rule|Sleep Moves Clause: Sleep-inducing moves are banned
|clearpoke
|poke|p1|Ninetales, F|
|poke|p1|Espeon, F|
|poke|p1|Walking Wake|
|poke|p1|Venusaur, F|
|poke|p1|Slither Wing|
|poke|p1|Comfey, F|
|poke|p2|Mamoswine, M|
|poke|p2|Scizor, M|
|poke|p2|Slowking-Galar, F|
|poke|p2|Alomomola, F|
|poke|p2|Samurott-Hisui, F|
|poke|p2|Great Tusk|
|teampreview
|inactive|Battle timer is ON: inactive players will automatically lose when time's up. (requested by Ryan's World)
|
|t:|1759039981
|teamsize|p1|6
|teamsize|p2|6
|start
|switch|p1a: Ninetales|Ninetales, F|100/100
|switch|p2a: Samurott|Samurott-Hisui, F|100/100
|-weather|SunnyDay|[from] ability: Drought|[of] p1a: Ninetales
|turn|1
|
|t:|1759039989
|switch|p1a: Slither Wing|Slither Wing|100/100
|-activate|p1a: Slither Wing|ability: Protosynthesis
|-start|p1a: Slither Wing|protosynthesisatk
|move|p2a: Samurott|Ceaseless Edge|p1a: Slither Wing
|-resisted|p1a: Slither Wing
|-crit|p1a: Slither Wing
|-damage|p1a: Slither Wing|53/100
|-sidestart|p1: Ryan's World|Spikes
|
|-weather|SunnyDay|[upkeep]
|upkeep
|turn|2
|
|t:|1759039999
|switch|p2a: Great Tusk|Great Tusk|100/100
|-activate|p2a: Great Tusk|ability: Protosynthesis
|-start|p2a: Great Tusk|protosynthesisatk
|move|p1a: Slither Wing|U-turn|p2a: Great Tusk
|-resisted|p2a: Great Tusk
|-damage|p2a: Great Tusk|72/100
|
|t:|1759040006
|-end|p1a: Slither Wing|Protosynthesis|[silent]
|switch|p1a: Walking Wake|Walking Wake|100/100|[from] U-turn
|-damage|p1a: Walking Wake|88/100|[from] Spikes
|-activate|p1a: Walking Wake|ability: Protosynthesis
|-start|p1a: Walking Wake|protosynthesisspe
|
|-weather|SunnyDay|[upkeep]
|upkeep
|turn|3
|
|t:|1759040017
|-end|p2a: Great Tusk|Protosynthesis|[silent]
|switch|p2a: Slowking|Slowking-Galar, F|100/100
|move|p1a: Walking Wake|Hydro Steam|p2a: Slowking
|-damage|p2a: Slowking|45/100
|
|-weather|SunnyDay|[upkeep]
|upkeep
|turn|4
|
|t:|1759040032
|switch|p2a: Alomomola|Alomomola, F|100/100
|move|p1a: Walking Wake|Hydro Steam|p2a: Alomomola
|-resisted|p2a: Alomomola
|-damage|p2a: Alomomola|51/100
|
|-weather|SunnyDay|[upkeep]
|upkeep
|turn|5
|
|t:|1759040041
|-terastallize|p1a: Walking Wake|Water
|move|p2a: Alomomola|Protect|p2a: Alomomola
|-singleturn|p2a: Alomomola|Protect
|move|p1a: Walking Wake|Hydro Steam|p2a: Alomomola
|-activate|p2a: Alomomola|move: Protect
|
|-weather|SunnyDay|[upkeep]
|upkeep
|turn|6
|inactive|M1ntyFr3sh2025 has 120 seconds left.
|
|t:|1759040083
|move|p1a: Walking Wake|Hydro Steam|p2a: Alomomola
|-resisted|p2a: Alomomola
|-damage|p2a: Alomomola|0 fnt
|faint|p2a: Alomomola
|
|-weather|SunnyDay|[upkeep]
|upkeep
|
|t:|1759040089
|switch|p2a: Slowking|Slowking-Galar, F|78/100
|turn|7
|
|t:|1759040093
|move|p1a: Walking Wake|Hydro Steam|p2a: Slowking
|-damage|p2a: Slowking|11/100
|-prepare|p2a: Slowking|Chilly Reception|[premajor]
|move|p2a: Slowking|Chilly Reception|p2a: Slowking
|-weather|Snowscape
|-end|p1a: Walking Wake|Protosynthesis
|inactive|M1ntyFr3sh2025 has 120 seconds left.
|
|t:|1759040099
|switch|p2a: Samurott|Samurott-Hisui, F|100/100|[from] Chilly Reception
|
|-weather|Snowscape|[upkeep]
|upkeep
|turn|8
|
|t:|1759040118
|-end|p1a: Walking Wake|Protosynthesis|[silent]
|switch|p1a: Slither Wing|Slither Wing|53/100
|-damage|p1a: Slither Wing|41/100|[from] Spikes
|move|p2a: Samurott|Flip Turn|p1a: Slither Wing
|-damage|p1a: Slither Wing|1/100
|
|t:|1759040128
|switch|p2a: Mamoswine|Mamoswine, M|100/100|[from] Flip Turn
|
|-weather|Snowscape|[upkeep]
|upkeep
|turn|9
|
|t:|1759040142
|move|p2a: Mamoswine|Ice Shard|p1a: Slither Wing
|-damage|p1a: Slither Wing|0 fnt
|faint|p1a: Slither Wing
|-end|p1a: Slither Wing|Protosynthesis|[silent]
|
|-weather|Snowscape|[upkeep]
|upkeep
|
|t:|1759040145
|switch|p1a: Ninetales|Ninetales, F|100/100
|-damage|p1a: Ninetales|88/100|[from] Spikes
|-weather|SunnyDay|[from] ability: Drought|[of] p1a: Ninetales
|turn|10
|l|☆Ryan's World
|inactive|Ryan's World disconnected and has a minute to reconnect!
|player|p1|
|
|t:|1759040170
|switch|p2a: Slowking|Slowking-Galar, F|45/100
|move|p1a: Ninetales|Overheat|p2a: Slowking|[miss]
|-miss|p1a: Ninetales|p2a: Slowking
|
|-weather|SunnyDay|[upkeep]
|upkeep
|turn|11
|-message|M1ntyFr3sh2025 forfeited.
|
|win|Ryan's World
|raw|Ryan&apos;s World's rating: 1270 &rarr; <strong>1294</strong><br />(+24 for winning)
|raw|M1ntyFr3sh2025's rating: 1259 &rarr; <strong>1235</strong><br />(-24 for losing)
|l|☆M1ntyFr3sh2025
|player|p2|
