|j|☆ubgg
|j|☆Mr.Incelman
|t:|1759001363
|gametype|singles
|player|p1|ubgg|1|1472
|player|p2|Mr.Incelman|miku-ice|1516
|gen|9
|tier|[Gen 9] OU
|rated|
|rule|HP Percentage Mod: HP is shown in percentages
|rule|Endless Battle Clause: Forcing endless battles is banned
|rule|Species Clause: Limit one of each Pokémon
|rule|OHKO Clause: OHKO moves are banned
|rule|Evasion Items Clause: Evasion items are banned
|rule|Evasion Moves Clause: Evasion moves are banned
|rule|Evasion Abilities Clause: Evasion abilities are banned
|rule|Sleep Moves Clause: Sleep-inducing moves are banned
|clearpoke
|poke|p1|Kingambit, M|
|poke|p1|Latios, M|
|poke|p1|Alomomola, F|
|poke|p1|Pecharunt|
|poke|p1|Ting-Lu|
|poke|p1|Iron Valiant|
|poke|p2|Ninetales-Alola, M|
|poke|p2|Kyurem|
|poke|p2|Samurott-Hisui, F|
|poke|p2|Kingambit, M|
|poke|p2|Gholdengo|
|poke|p2|Zamazenta-*|
|teampreview
|inactive|Battle timer is ON: inactive players will automatically lose when time's up. (requested by Mr.Incelman)
|inactive|ubgg has 120 seconds left.
|c|☆Mr.Incelman|yy
|inactive|ubgg has 90 seconds left.
|
|t:|1759001432
|teamsize|p1|6
|teamsize|p2|6
|start
|switch|p1a: Kingambit|Kingambit, M|100/100
|switch|p2a: Samurott|Samurott-Hisui, F|100/100
|turn|1
|inactive|Mr.Incelman has 120 seconds left.
|
|t:|1759001468
|-end|p1a: Kingambit|fallenundefined|[silent]
|switch|p1a: Alomomola|Alomomola, F|100/100
|move|p2a: Samurott|Ceaseless Edge|p1a: Alomomola
|-damage|p1a: Alomomola|75/100
|-sidestart|p1: ubgg|Spikes
|
|upkeep
|turn|2
|
|t:|1759001479
|move|p2a: Samurott|Knock Off|p1a: Alomomola
|-damage|p1a: Alomomola|50/100
|-enditem|p1a: Alomomola|Heavy-Duty Boots|[from] move: Knock Off|[of] p2a: Samurott
|move|p1a: Alomomola|Wish|p1a: Alomomola
|
|upkeep
|turn|3
|
|t:|1759001491
|move|p2a: Samurott|Ceaseless Edge|p1a: Alomomola
|-damage|p1a: Alomomola|22/100
|-sidestart|p1: ubgg|Spikes
|move|p1a: Alomomola|Flip Turn|p2a: Samurott
|-resisted|p2a: Samurott
|-damage|p2a: Samurott|91/100
|
|t:|1759001502
|switch|p1a: Latios|Latios, M|100/100|[from] Flip Turn
|
|upkeep
|turn|4
|
|t:|1759001515
|move|p2a: Samurott|Sucker Punch|p1a: Latios
|-supereffective|p1a: Latios
|-damage|p1a: Latios|19/100
|move|p1a: Latios|Draco Meteor|p2a: Samurott
|-damage|p2a: Samurott|22/100
|-unboost|p1a: Latios|spa|2
|
|upkeep
|turn|5
|
|t:|1759001524
|switch|p1a: Alomomola|Alomomola, F|55/100
|-damage|p1a: Alomomola|39/100|[from] Spikes
|switch|p2a: Ninetales|Ninetales-Alola, M|100/100
|-weather|Snowscape|[from] ability: Snow Warning|[of] p2a: Ninetales
|
|-weather|Snowscape|[upkeep]
|upkeep
|turn|6
|
|t:|1759001529
|move|p1a: Alomomola|Protect|p1a: Alomomola
|-singleturn|p1a: Alomomola|Protect
|move|p2a: Ninetales|Freeze-Dry|p1a: Alomomola
|-activate|p1a: Alomomola|move: Protect
|
|-weather|Snowscape|[upkeep]
|upkeep
|turn|7
|
|t:|1759001533
|switch|p1a: Pecharunt|Pecharunt|100/100
|move|p2a: Ninetales|Aurora Veil|p2a: Ninetales
|-sidestart|p2: Mr.Incelman|move: Aurora Veil
|
|-weather|Snowscape|[upkeep]
|upkeep
|turn|8
|
|t:|1759001542
|switch|p2a: Samurott|Samurott-Hisui, F|22/100
|move|p1a: Pecharunt|Parting Shot|p2a: Samurott
|-unboost|p2a: Samurott|atk|1
|-unboost|p2a: Samurott|spa|1
|
|t:|1759001560
|switch|p1a: Kingambit|Kingambit, M|100/100|[from] Parting Shot
|-damage|p1a: Kingambit|84/100|[from] Spikes
|
|-weather|Snowscape|[upkeep]
|upkeep
|turn|9
|
|t:|1759001564
|move|p2a: Samurott|Razor Shell|p1a: Kingambit
|-damage|p1a: Kingambit|56/100
|-unboost|p1a: Kingambit|def|1
|move|p1a: Kingambit|Low Kick|p2a: Samurott
|-supereffective|p2a: Samurott
|-damage|p2a: Samurott|0 fnt
|faint|p2a: Samurott
|
|-weather|none
|upkeep
|
|t:|1759001577
|switch|p2a: Kingambit|Kingambit, M|100/100
|-activate|p2a: Kingambit|ability: Supreme Overlord
|-start|p2a: Kingambit|fallen1|[silent]
|turn|10
|
|t:|1759001586
|-end|p1a: Kingambit|fallenundefined|[silent]
|switch|p1a: Ting-Lu|Ting-Lu|100/100
|-damage|p1a: Ting-Lu|84/100|[from] Spikes
|-ability|p1a: Ting-Lu|Vessel of Ruin
|move|p2a: Kingambit|Low Kick|p1a: Ting-Lu
|-supereffective|p1a: Ting-Lu
|-damage|p1a: Ting-Lu|30/100
|
|-heal|p1a: Ting-Lu|36/100|[from] item: Leftovers
|upkeep
|turn|11
|
|t:|1759001594
|move|p2a: Kingambit|Low Kick|p1a: Ting-Lu
|-supereffective|p1a: Ting-Lu
|-damage|p1a: Ting-Lu|0 fnt
|faint|p1a: Ting-Lu
|
|upkeep
|
|t:|1759001606
|switch|p1a: Pecharunt|Pecharunt|100/100
|turn|12
|
|t:|1759001616
|move|p1a: Pecharunt|Parting Shot|p2a: Kingambit
|-unboost|p2a: Kingambit|atk|1
|-unboost|p2a: Kingambit|spa|1
|
|t:|1759001619
|switch|p1a: Alomomola|Alomomola, F|72/100|[from] Parting Shot
|-damage|p1a: Alomomola|56/100|[from] Spikes
|move|p2a: Kingambit|Swords Dance|p2a: Kingambit
|-boost|p2a: Kingambit|atk|2
|
|upkeep
|turn|13
|
|t:|1759001626
|move|p2a: Kingambit|Low Kick|p1a: Alomomola
|-damage|p1a: Alomomola|32/100
|move|p1a: Alomomola|Tickle|p2a: Kingambit
|-unboost|p2a: Kingambit|atk|1
|-unboost|p2a: Kingambit|def|1
|
|upkeep
|turn|14
|
|t:|1759001631
|switch|p1a: Pecharunt|Pecharunt|100/100
|move|p2a: Kingambit|Swords Dance|p2a: Kingambit
|-boost|p2a: Kingambit|atk|2
|
|-sideend|p2: Mr.Incelman|move: Aurora Veil
|upkeep
|turn|15
|
|t:|1759001638
|move|p1a: Pecharunt|Parting Shot|p2a: Kingambit
|-unboost|p2a: Kingambit|atk|1
|-unboost|p2a: Kingambit|spa|1
|
|t:|1759001651
|switch|p1a: Iron Valiant|Iron Valiant|100/100|[from] Parting Shot
|-damage|p1a: Iron Valiant|84/100|[from] Spikes
|-enditem|p1a: Iron Valiant|Booster Energy
|-activate|p1a: Iron Valiant|ability: Quark Drive|[fromitem]
|-start|p1a: Iron Valiant|quarkdrivespe
|move|p2a: Kingambit|Swords Dance|p2a: Kingambit
|-boost|p2a: Kingambit|atk|2
|
|upkeep
|turn|16
|
|t:|1759001656
|-terastallize|p2a: Kingambit|Fairy
|move|p1a: Iron Valiant|Close Combat|p2a: Kingambit
|-resisted|p2a: Kingambit
|-damage|p2a: Kingambit|65/100
|-unboost|p1a: Iron Valiant|def|1
|-unboost|p1a: Iron Valiant|spd|1
|move|p2a: Kingambit|Tera Blast|p1a: Iron Valiant|[anim] Tera Blast Fairy
|-supereffective|p1a: Iron Valiant
|-damage|p1a: Iron Valiant|0 fnt
|faint|p1a: Iron Valiant
|-end|p1a: Iron Valiant|Quark Drive|[silent]
|
|-heal|p2a: Kingambit|71/100|[from] item: Leftovers
|upkeep
|-message|ubgg forfeited.
|
|win|Mr.Incelman
|raw|ubgg's rating: 1472 &rarr; <strong>1455</strong><br />(-17 for losing)
|raw|Mr.Incelman's rating: 1516 &rarr; <strong>1533</strong><br />(+17 for winning)
|l|☆ubgg
|player|p1|
