|j|☆trentmane6610
|j|☆lv0ry
|t:|1759064502
|gametype|singles
|player|p1|trentmane6610|170|1362
|player|p2|lv0ry|101|1387
|gen|9
|tier|[Gen 9] OU
|rated|
|rule|HP Percentage Mod: HP is shown in percentages
|rule|Endless Battle Clause: Forcing endless battles is banned
|rule|Species Clause: Limit one of each Pokémon
|rule|OHKO Clause: OHKO moves are banned
|rule|Evasion Items Clause: Evasion items are banned
|rule|Evasion Moves Clause: Evasion moves are banned
|rule|Evasion Abilities Clause: Evasion abilities are banned
|rule|Sleep Moves Clause: Sleep-inducing moves are banned
|clearpoke
|poke|p1|Pelipper, F|
|poke|p1|Torkoal, M|
|poke|p1|Quaquaval, F|
|poke|p1|Lilligant-Hisui, F|
|poke|p1|Walking Wake|
|poke|p1|Scovillain, M|
|poke|p2|Eelektross, M|
|poke|p2|Deoxys-Speed|
|poke|p2|Iron Valiant|
|poke|p2|Pecharunt|
|poke|p2|Dragonite, M|
|poke|p2|Kingambit, M|
|teampreview
|
|t:|1759064509
|teamsize|p1|6
|teamsize|p2|6
|start
|switch|p1a: Pelipper|Pelipper, F|100/100
|switch|p2a: Deoxys|Deoxys-Speed|100/100
|-ability|p2a: Deoxys|Pressure
|-weather|RainDance|[from] ability: Drizzle|[of] p1a: Pelipper
|turn|1
|
|t:|1759064520
|move|p2a: Deoxys|Light Screen|p2a: Deoxys
|-sidestart|p2: lv0ry|move: Light Screen
|move|p1a: Pelipper|U-turn|p2a: Deoxys
|-supereffective|p2a: Deoxys
|-damage|p2a: Deoxys|79/100
|
|t:|1759064543
|switch|p1a: Quaquaval|Quaquaval, F|100/100|[from] U-turn
|
|-weather|RainDance|[upkeep]
|upkeep
|turn|2
|
|t:|1759064550
|move|p1a: Quaquaval|Aqua Jet|p2a: Deoxys
|-damage|p2a: Deoxys|35/100
|move|p2a: Deoxys|Reflect|p2a: Deoxys
|-sidestart|p2: lv0ry|Reflect
|
|-weather|RainDance|[upkeep]
|upkeep
|turn|3
|
|t:|1759064561
|switch|p1a: Pelipper|Pelipper, F|100/100
|move|p2a: Deoxys|Stealth Rock|p1a: Pelipper
|-sidestart|p1: trentmane6610|move: Stealth Rock
|
|-weather|RainDance|[upkeep]
|upkeep
|turn|4
|
|t:|1759064572
|move|p2a: Deoxys|Taunt|p1a: Pelipper
|-start|p1a: Pelipper|move: Taunt
|move|p1a: Pelipper|U-turn|p2a: Deoxys
|-supereffective|p2a: Deoxys
|-damage|p2a: Deoxys|25/100
|
|t:|1759064588
|switch|p1a: Torkoal|Torkoal, M|100/100|[from] U-turn
|-damage|p1a: Torkoal|75/100|[from] Stealth Rock
|-weather|SunnyDay|[from] ability: Drought|[of] p1a: Torkoal
|
|-weather|SunnyDay|[upkeep]
|upkeep
|turn|5
|
|t:|1759064597
|move|p2a: Deoxys|Taunt|p1a: Torkoal
|-start|p1a: Torkoal|move: Taunt
|move|p1a: Torkoal|Rapid Spin|p2a: Deoxys
|-damage|p2a: Deoxys|20/100
|-boost|p1a: Torkoal|spe|1
|-sideend|p1: trentmane6610|Stealth Rock|[from] move: Rapid Spin|[of] p1a: Torkoal
|
|-weather|SunnyDay|[upkeep]
|upkeep
|turn|6
|
|t:|1759064609
|move|p2a: Deoxys|Stealth Rock|p1a: Torkoal
|-sidestart|p1: trentmane6610|move: Stealth Rock
|move|p1a: Torkoal|Rapid Spin|p2a: Deoxys
|-damage|p2a: Deoxys|14/100
|-boost|p1a: Torkoal|spe|1
|-sideend|p1: trentmane6610|Stealth Rock|[from] move: Rapid Spin|[of] p1a: Torkoal
|
|-weather|SunnyDay|[upkeep]
|upkeep
|turn|7
|
|t:|1759064620
|switch|p1a: Pelipper|Pelipper, F|100/100
|-weather|RainDance|[from] ability: Drizzle|[of] p1a: Pelipper
|move|p2a: Deoxys|Stealth Rock|p1a: Pelipper
|-sidestart|p1: trentmane6610|move: Stealth Rock
|
|-weather|RainDance|[upkeep]
|upkeep
|turn|8
|
|t:|1759064630
|switch|p2a: Pecharunt|Pecharunt|100/100
|move|p1a: Pelipper|U-turn|p2a: Pecharunt
|-resisted|p2a: Pecharunt
|-damage|p2a: Pecharunt|99/100
|
|t:|1759064650
|switch|p1a: Walking Wake|Walking Wake|100/100|[from] U-turn
|-damage|p1a: Walking Wake|88/100|[from] Stealth Rock
|
|-weather|RainDance|[upkeep]
|-sideend|p2: lv0ry|move: Light Screen
|upkeep
|turn|9
|
|t:|1759064659
|move|p1a: Walking Wake|Hydro Steam|p2a: Pecharunt
|-damage|p2a: Pecharunt|10/100
|-damage|p1a: Walking Wake|78/100|[from] item: Life Orb
|move|p2a: Pecharunt|Malignant Chain|p1a: Walking Wake
|-damage|p1a: Walking Wake|43/100
|-status|p1a: Walking Wake|tox
|-start|p1a: Walking Wake|confusion|[from] ability: Poison Puppeteer|[of] p2a: Pecharunt
|
|-weather|RainDance|[upkeep]
|-damage|p1a: Walking Wake|37/100 tox|[from] psn
|-sideend|p2: lv0ry|Reflect
|upkeep
|turn|10
|
|t:|1759064680
|-activate|p1a: Walking Wake|confusion
|-damage|p1a: Walking Wake|30/100 tox|[from] confusion
|move|p2a: Pecharunt|Shadow Ball|p1a: Walking Wake
|-damage|p1a: Walking Wake|3/100 tox
|
|-weather|RainDance|[upkeep]
|-damage|p1a: Walking Wake|0 fnt|[from] psn
|faint|p1a: Walking Wake
|-end|p1a: Walking Wake|Protosynthesis|[silent]
|upkeep
|
|t:|1759064690
|switch|p1a: Quaquaval|Quaquaval, F|100/100
|-damage|p1a: Quaquaval|94/100|[from] Stealth Rock
|turn|11
|
|t:|1759064695
|move|p2a: Pecharunt|Malignant Chain|p1a: Quaquaval
|-damage|p1a: Quaquaval|55/100
|move|p1a: Quaquaval|Aqua Step|p2a: Pecharunt
|-damage|p2a: Pecharunt|0 fnt
|-boost|p1a: Quaquaval|spe|1
|faint|p2a: Pecharunt
|-ability|p1a: Quaquaval|Moxie|boost
|-boost|p1a: Quaquaval|atk|1
|
|-weather|RainDance|[upkeep]
|upkeep
|inactive|Battle timer is ON: inactive players will automatically lose when time's up. (requested by lv0ry)
|
|t:|1759064724
|switch|p2a: Iron Valiant|Iron Valiant|100/100
|-enditem|p2a: Iron Valiant|Booster Energy
|-activate|p2a: Iron Valiant|ability: Quark Drive|[fromitem]
|-start|p2a: Iron Valiant|quarkdrivespe
|turn|12
|
|t:|1759064745
|move|p1a: Quaquaval|Aqua Jet|p2a: Iron Valiant
|-damage|p2a: Iron Valiant|37/100
|move|p2a: Iron Valiant|Moonblast|p1a: Quaquaval
|-supereffective|p1a: Quaquaval
|-damage|p1a: Quaquaval|0 fnt
|faint|p1a: Quaquaval
|
|-weather|RainDance|[upkeep]
|upkeep
|inactive|trentmane6610 has 120 seconds left.
|
|t:|1759064763
|switch|p1a: Torkoal|Torkoal, M|75/100
|-damage|p1a: Torkoal|50/100|[from] Stealth Rock
|-weather|SunnyDay|[from] ability: Drought|[of] p1a: Torkoal
|turn|13
|
|t:|1759064771
|move|p2a: Iron Valiant|Calm Mind|p2a: Iron Valiant
|-boost|p2a: Iron Valiant|spa|1
|-boost|p2a: Iron Valiant|spd|1
|move|p1a: Torkoal|Rapid Spin|p2a: Iron Valiant
|-damage|p2a: Iron Valiant|25/100
|-boost|p1a: Torkoal|spe|1
|-sideend|p1: trentmane6610|Stealth Rock|[from] move: Rapid Spin|[of] p1a: Torkoal
|
|-weather|SunnyDay|[upkeep]
|upkeep
|turn|14
|
|t:|1759064782
|-terastallize|p2a: Iron Valiant|Ghost
|move|p2a: Iron Valiant|Encore|p1a: Torkoal
|-start|p1a: Torkoal|Encore
|move|p1a: Torkoal|Rapid Spin|p2a: Iron Valiant
|-immune|p2a: Iron Valiant
|
|-weather|SunnyDay|[upkeep]
|upkeep
|turn|15
|
|t:|1759064797
|switch|p1a: Scovillain|Scovillain, M|100/100
|move|p2a: Iron Valiant|Calm Mind|p2a: Iron Valiant
|-boost|p2a: Iron Valiant|spa|1
|-boost|p2a: Iron Valiant|spd|1
|
|-weather|SunnyDay|[upkeep]
|upkeep
|turn|16
|
|t:|1759064805
|move|p2a: Iron Valiant|Shadow Ball|p1a: Scovillain
|-damage|p1a: Scovillain|0 fnt
|faint|p1a: Scovillain
|
|-weather|SunnyDay|[upkeep]
|upkeep
|
|t:|1759064812
|switch|p1a: Lilligant|Lilligant-Hisui, F|100/100
|turn|17
|
|t:|1759064817
|move|p1a: Lilligant|Leaf Blade|p2a: Iron Valiant
|-damage|p2a: Iron Valiant|0 fnt
|faint|p2a: Iron Valiant
|-end|p2a: Iron Valiant|Quark Drive|[silent]
|-damage|p1a: Lilligant|91/100|[from] item: Life Orb
|
|-weather|SunnyDay|[upkeep]
|upkeep
|
|t:|1759064827
|switch|p2a: Dragonite|Dragonite, M|100/100
|turn|18
|
|t:|1759064830
|move|p1a: Lilligant|Triple Axel|p2a: Dragonite
|-supereffective|p2a: Dragonite
|-damage|p2a: Dragonite|80/100
|-supereffective|p2a: Dragonite
|-damage|p2a: Dragonite|3/100
|-supereffective|p2a: Dragonite
|-damage|p2a: Dragonite|0 fnt
|faint|p2a: Dragonite
|-hitcount|p2: Dragonite|3
|-damage|p1a: Lilligant|81/100|[from] item: Life Orb
|
|-weather|SunnyDay|[upkeep]
|upkeep
|
|t:|1759064843
|switch|p2a: Deoxys|Deoxys-Speed|14/100
|-ability|p2a: Deoxys|Pressure
|turn|19
|
|t:|1759064847
|move|p1a: Lilligant|Leaf Blade|p2a: Deoxys
|-damage|p2a: Deoxys|0 fnt
|faint|p2a: Deoxys
|-damage|p1a: Lilligant|71/100|[from] item: Life Orb
|
|-weather|SunnyDay|[upkeep]
|upkeep
|
|t:|1759064855
|switch|p2a: Eelektross|Eelektross, M|100/100
|turn|20
|
|t:|1759064873
|switch|p1a: Torkoal|Torkoal, M|50/100
|move|p2a: Eelektross|Supercell Slam|p1a: Torkoal
|-damage|p1a: Torkoal|22/100
|
|-weather|none
|upkeep
|turn|21
|
|t:|1759064885
|move|p2a: Eelektross|Supercell Slam|p1a: Torkoal|[miss]
|-miss|p2a: Eelektross|p1a: Torkoal
|-damage|p2a: Eelektross|50/100|[from] supercellslam
|move|p1a: Torkoal|Lava Plume|p2a: Eelektross
|-damage|p2a: Eelektross|30/100
|
|-heal|p2a: Eelektross|36/100|[from] item: Leftovers
|upkeep
|turn|22
|
|t:|1759064895
|move|p2a: Eelektross|Supercell Slam|p1a: Torkoal
|-damage|p1a: Torkoal|0 fnt
|faint|p1a: Torkoal
|
|-heal|p2a: Eelektross|42/100|[from] item: Leftovers
|upkeep
|
|t:|1759064903
|switch|p1a: Lilligant|Lilligant-Hisui, F|71/100
|turn|23
|
|t:|1759064906
|move|p1a: Lilligant|Leaf Blade|p2a: Eelektross
|-damage|p2a: Eelektross|0 fnt
|faint|p2a: Eelektross
|-damage|p1a: Lilligant|61/100|[from] item: Life Orb
|
|upkeep
|
|t:|1759064913
|switch|p2a: Kingambit|Kingambit, M|100/100
|-activate|p2a: Kingambit|ability: Supreme Overlord
|-start|p2a: Kingambit|fallen5|[silent]
|turn|24
|
|t:|1759064920
|move|p2a: Kingambit|Sucker Punch|p1a: Lilligant
|-resisted|p1a: Lilligant
|-damage|p1a: Lilligant|13/100
|move|p1a: Lilligant|Close Combat|p2a: Kingambit
|-supereffective|p2a: Kingambit
|-damage|p2a: Kingambit|0 fnt
|-unboost|p1a: Lilligant|def|1
|-unboost|p1a: Lilligant|spd|1
|faint|p2a: Kingambit
|-end|p2a: Kingambit|fallen5|[silent]
|-damage|p1a: Lilligant|3/100|[from] item: Life Orb
|
|win|trentmane6610
|raw|trentmane6610's rating: 1362 &rarr; <strong>1383</strong><br />(+21 for winning)
|raw|lv0ry's rating: 1387 &rarr; <strong>1366</strong><br />(-21 for losing)
|l|☆lv0ry
|player|p2|
|l|☆trentmane6610
|player|p1|
