|j|☆Yellowgo
|j|☆xiaoqian123
|t:|1758957703
|gametype|singles
|player|p1|Yellowgo|1|1354
|player|p2|xiaoqian123|170|1296
|gen|9
|tier|[Gen 9] OU
|rated|
|rule|HP Percentage Mod: HP is shown in percentages
|rule|Endless Battle Clause: Forcing endless battles is banned
|rule|Species Clause: Limit one of each Pokémon
|rule|OHKO Clause: OHKO moves are banned
|rule|Evasion Items Clause: Evasion items are banned
|rule|Evasion Moves Clause: Evasion moves are banned
|rule|Evasion Abilities Clause: Evasion abilities are banned
|rule|Sleep Moves Clause: Sleep-inducing moves are banned
|clearpoke
|poke|p1|Corviknight, F|
|poke|p1|Rotom-Wash|
|poke|p1|Kyurem|
|poke|p1|Landorus-Therian, M|
|poke|p1|Scizor, M|
|poke|p1|Iron Valiant|
|poke|p2|Suicune|
|poke|p2|Scream Tail|
|poke|p2|Amoonguss, F|
|poke|p2|Dragonite, M|
|poke|p2|Tyranitar, F|
|poke|p2|Skeledirge, F|
|teampreview
|inactive|Battle timer is ON: inactive players will automatically lose when time's up. (requested by xiaoqian123)
|
|t:|1758957713
|teamsize|p1|6
|teamsize|p2|6
|start
|switch|p1a: Rotom|Rotom-Wash|100/100
|switch|p2a: Tyranitar|Tyranitar, F, shiny|100/100
|-weather|Sandstorm|[from] ability: Sand Stream|[of] p2a: Tyranitar
|turn|1
|
|t:|1758957721
|switch|p2a: Scream Tail|Scream Tail|100/100
|move|p1a: Rotom|Will-O-Wisp|p2a: Scream Tail
|-status|p2a: Scream Tail|brn
|
|-weather|Sandstorm|[upkeep]
|-damage|p2a: Scream Tail|94/100 brn|[from] Sandstorm
|-damage|p1a: Rotom|95/100|[from] Sandstorm
|-heal|p2a: Scream Tail|100/100 brn|[from] item: Leftovers
|-heal|p1a: Rotom|100/100|[from] item: Leftovers
|-damage|p2a: Scream Tail|94/100 brn|[from] brn
|upkeep
|turn|2
|
|t:|1758957734
|move|p2a: Scream Tail|Stealth Rock|p1a: Rotom
|-sidestart|p1: Yellowgo|move: Stealth Rock
|move|p1a: Rotom|Volt Switch|p2a: Scream Tail
|-damage|p2a: Scream Tail|80/100 brn
|
|t:|1758957750
|switch|p1a: Scizor|Scizor, M|100/100|[from] Volt Switch
|-damage|p1a: Scizor|88/100|[from] Stealth Rock
|
|-weather|Sandstorm|[upkeep]
|-damage|p2a: Scream Tail|74/100 brn|[from] Sandstorm
|-heal|p2a: Scream Tail|80/100 brn|[from] item: Leftovers
|-heal|p1a: Scizor|94/100|[from] item: Leftovers
|-damage|p2a: Scream Tail|74/100 brn|[from] brn
|upkeep
|turn|3
|
|t:|1758957761
|move|p2a: Scream Tail|Thunder Wave|p1a: Scizor
|-status|p1a: Scizor|par
|move|p1a: Scizor|Knock Off|p2a: Scream Tail
|-damage|p2a: Scream Tail|45/100 brn
|-enditem|p2a: Scream Tail|Leftovers|[from] move: Knock Off|[of] p1a: Scizor
|
|-weather|Sandstorm|[upkeep]
|-damage|p2a: Scream Tail|39/100 brn|[from] Sandstorm
|-heal|p1a: Scizor|99/100 par|[from] item: Leftovers
|-damage|p2a: Scream Tail|33/100 brn|[from] brn
|upkeep
|turn|4
|
|t:|1758957774
|-end|p2a: Scream Tail|Protosynthesis|[silent]
|switch|p2a: Skeledirge|Skeledirge, F|100/100
|move|p1a: Scizor|Knock Off|p2a: Skeledirge
|-supereffective|p2a: Skeledirge
|-damage|p2a: Skeledirge|42/100
|-enditem|p2a: Skeledirge|Heavy-Duty Boots|[from] move: Knock Off|[of] p1a: Scizor
|
|-weather|Sandstorm|[upkeep]
|-damage|p2a: Skeledirge|36/100|[from] Sandstorm
|-heal|p1a: Scizor|100/100 par|[from] item: Leftovers
|upkeep
|turn|5
|
|t:|1758957789
|-terastallize|p1a: Scizor|Dark
|move|p2a: Skeledirge|Torch Song|p1a: Scizor
|-damage|p1a: Scizor|54/100 par
|-boost|p2a: Skeledirge|spa|1
|cant|p1a: Scizor|par
|
|-weather|none
|-heal|p1a: Scizor|60/100 par|[from] item: Leftovers
|upkeep
|turn|6
|
|t:|1758957800
|switch|p1a: Rotom|Rotom-Wash|100/100
|-damage|p1a: Rotom|88/100|[from] Stealth Rock
|move|p2a: Skeledirge|Torch Song|p1a: Rotom
|-resisted|p1a: Rotom
|-damage|p1a: Rotom|67/100
|-boost|p2a: Skeledirge|spa|1
|
|-heal|p1a: Rotom|73/100|[from] item: Leftovers
|upkeep
|turn|7
|
|t:|1758957811
|-terastallize|p2a: Skeledirge|Grass
|move|p1a: Rotom|Hydro Pump|p2a: Skeledirge|[miss]
|-miss|p1a: Rotom|p2a: Skeledirge
|move|p2a: Skeledirge|Rest|p2a: Skeledirge
|-status|p2a: Skeledirge|slp|[from] move: Rest
|-heal|p2a: Skeledirge|100/100 slp|[silent]
|
|-heal|p1a: Rotom|79/100|[from] item: Leftovers
|upkeep
|turn|8
|
|t:|1758957824
|move|p1a: Rotom|Volt Switch|p2a: Skeledirge
|-resisted|p2a: Skeledirge
|-damage|p2a: Skeledirge|86/100 slp
|
|t:|1758957828
|switch|p1a: Kyurem|Kyurem|100/100|[from] Volt Switch
|-damage|p1a: Kyurem|76/100|[from] Stealth Rock
|-ability|p1a: Kyurem|Pressure
|cant|p2a: Skeledirge|slp
|move|p2a: Skeledirge|Sleep Talk|p2a: Skeledirge
|move|p2a: Skeledirge|Rest||[from] move: Sleep Talk|[still]
|-fail|p2a: Skeledirge
|
|upkeep
|turn|9
|
|t:|1758957841
|move|p1a: Kyurem|Freeze-Dry|p2a: Skeledirge
|-supereffective|p2a: Skeledirge
|-damage|p2a: Skeledirge|0 fnt
|faint|p2a: Skeledirge
|
|upkeep
|
|t:|1758957851
|switch|p2a: Dragonite|Dragonite, M, shiny|100/100
|turn|10
|
|t:|1758957856
|switch|p2a: Scream Tail|Scream Tail|33/100 brn
|move|p1a: Kyurem|Freeze-Dry|p2a: Scream Tail
|-damage|p2a: Scream Tail|11/100 brn
|
|-damage|p2a: Scream Tail|4/100 brn|[from] brn
|upkeep
|turn|11
|
|t:|1758957865
|move|p2a: Scream Tail|Thunder Wave|p1a: Kyurem|[miss]
|-miss|p2a: Scream Tail|p1a: Kyurem
|move|p1a: Kyurem|Freeze-Dry|p2a: Scream Tail
|-damage|p2a: Scream Tail|0 fnt
|faint|p2a: Scream Tail
|-end|p2a: Scream Tail|Protosynthesis|[silent]
|
|upkeep
|
|t:|1758957870
|switch|p2a: Tyranitar|Tyranitar, F, shiny|100/100
|-weather|Sandstorm|[from] ability: Sand Stream|[of] p2a: Tyranitar
|turn|12
|
|t:|1758957878
|switch|p1a: Corviknight|Corviknight, F|100/100
|-damage|p1a: Corviknight|88/100|[from] Stealth Rock
|-ability|p1a: Corviknight|Pressure
|move|p2a: Tyranitar|Low Kick|p1a: Corviknight
|-crit|p1a: Corviknight
|-damage|p1a: Corviknight|62/100
|
|-weather|Sandstorm|[upkeep]
|-heal|p1a: Corviknight|68/100|[from] item: Leftovers
|upkeep
|turn|13
|
|t:|1758957890
|switch|p2a: Suicune|Suicune|100/100
|-ability|p2a: Suicune|Pressure
|move|p1a: Corviknight|Defog|p2a: Suicune
|-unboost|p2a: Suicune|evasion|1
|-sideend|p1: Yellowgo|Stealth Rock|[from] move: Defog|[of] p1a: Corviknight
|
|-weather|Sandstorm|[upkeep]
|-damage|p2a: Suicune|94/100|[from] Sandstorm
|-heal|p2a: Suicune|100/100|[from] item: Leftovers
|-heal|p1a: Corviknight|74/100|[from] item: Leftovers
|upkeep
|turn|14
|
|t:|1758957902
|move|p2a: Suicune|Calm Mind|p2a: Suicune
|-boost|p2a: Suicune|spa|1
|-boost|p2a: Suicune|spd|1
|move|p1a: Corviknight|U-turn|p2a: Suicune
|-damage|p2a: Suicune|93/100
|
|t:|1758957911
|switch|p1a: Kyurem|Kyurem|76/100|[from] U-turn
|-ability|p1a: Kyurem|Pressure
|
|-weather|Sandstorm|[upkeep]
|-damage|p1a: Kyurem|69/100|[from] Sandstorm
|-damage|p2a: Suicune|87/100|[from] Sandstorm
|-heal|p2a: Suicune|93/100|[from] item: Leftovers
|upkeep
|turn|15
|
|t:|1758957921
|move|p1a: Kyurem|Freeze-Dry|p2a: Suicune
|-supereffective|p2a: Suicune
|-damage|p2a: Suicune|50/100
|move|p2a: Suicune|Calm Mind|p2a: Suicune
|-boost|p2a: Suicune|spa|1
|-boost|p2a: Suicune|spd|1
|
|-weather|Sandstorm|[upkeep]
|-damage|p1a: Kyurem|63/100|[from] Sandstorm
|-damage|p2a: Suicune|44/100|[from] Sandstorm
|-heal|p2a: Suicune|50/100|[from] item: Leftovers
|upkeep
|turn|16
|
|t:|1758957931
|move|p1a: Kyurem|Freeze-Dry|p2a: Suicune
|-supereffective|p2a: Suicune
|-damage|p2a: Suicune|20/100
|move|p2a: Suicune|Rest|p2a: Suicune
|-status|p2a: Suicune|slp|[from] move: Rest
|-heal|p2a: Suicune|100/100 slp|[silent]
|
|-weather|none
|upkeep
|turn|17
|
|t:|1758957941
|move|p1a: Kyurem|Freeze-Dry|p2a: Suicune
|-supereffective|p2a: Suicune
|-damage|p2a: Suicune|69/100 slp
|cant|p2a: Suicune|slp
|move|p2a: Suicune|Sleep Talk|p2a: Suicune
|move|p2a: Suicune|Scald|p1a: Kyurem|[from] move: Sleep Talk
|-resisted|p1a: Kyurem
|-damage|p1a: Kyurem|51/100
|-status|p1a: Kyurem|brn
|
|-heal|p2a: Suicune|75/100 slp|[from] item: Leftovers
|-damage|p1a: Kyurem|45/100 brn|[from] brn
|upkeep
|turn|18
|
|t:|1758957955
|move|p1a: Kyurem|Freeze-Dry|p2a: Suicune
|-supereffective|p2a: Suicune
|-damage|p2a: Suicune|46/100 slp
|cant|p2a: Suicune|slp
|move|p2a: Suicune|Sleep Talk|p2a: Suicune
|move|p2a: Suicune|Rest||[from] move: Sleep Talk|[still]
|-fail|p2a: Suicune
|
|-heal|p2a: Suicune|52/100 slp|[from] item: Leftovers
|-damage|p1a: Kyurem|38/100 brn|[from] brn
|upkeep
|turn|19
|
|t:|1758957968
|move|p1a: Kyurem|Freeze-Dry|p2a: Suicune
|-supereffective|p2a: Suicune
|-damage|p2a: Suicune|19/100 slp
|-curestatus|p2a: Suicune|slp|[msg]
|move|p2a: Suicune|Calm Mind|p2a: Suicune
|-boost|p2a: Suicune|spa|1
|-boost|p2a: Suicune|spd|1
|
|-heal|p2a: Suicune|25/100|[from] item: Leftovers
|-damage|p1a: Kyurem|32/100 brn|[from] brn
|upkeep
|turn|20
|
|t:|1758957979
|move|p1a: Kyurem|Freeze-Dry|p2a: Suicune
|-supereffective|p2a: Suicune
|-damage|p2a: Suicune|2/100
|move|p2a: Suicune|Rest|p2a: Suicune
|-status|p2a: Suicune|slp|[from] move: Rest
|-heal|p2a: Suicune|100/100 slp|[silent]
|
|-damage|p1a: Kyurem|26/100 brn|[from] brn
|upkeep
|turn|21
|
|t:|1758957989
|switch|p1a: Scizor|Scizor, M, tera:Dark|60/100 par
|cant|p2a: Suicune|slp
|move|p2a: Suicune|Sleep Talk|p2a: Suicune
|move|p2a: Suicune|Calm Mind|p2a: Suicune|[from] move: Sleep Talk
|-boost|p2a: Suicune|spa|1
|-boost|p2a: Suicune|spd|1
|
|-heal|p1a: Scizor|66/100 par|[from] item: Leftovers
|upkeep
|turn|22
|
|t:|1758958005
|cant|p2a: Suicune|slp
|move|p2a: Suicune|Sleep Talk|p2a: Suicune
|move|p2a: Suicune|Calm Mind|p2a: Suicune|[from] move: Sleep Talk
|-boost|p2a: Suicune|spa|1
|-boost|p2a: Suicune|spd|1
|move|p1a: Scizor|Knock Off|p2a: Suicune
|-damage|p2a: Suicune|71/100 slp
|-enditem|p2a: Suicune|Leftovers|[from] move: Knock Off|[of] p1a: Scizor
|
|-heal|p1a: Scizor|73/100 par|[from] item: Leftovers
|upkeep
|turn|23
|
|t:|1758958019
|switch|p1a: Rotom|Rotom-Wash|79/100
|-curestatus|p2a: Suicune|slp|[msg]
|move|p2a: Suicune|Scald|p1a: Rotom
|-resisted|p1a: Rotom
|-damage|p1a: Rotom|45/100
|
|-heal|p1a: Rotom|51/100|[from] item: Leftovers
|upkeep
|turn|24
|
|t:|1758958030
|move|p1a: Rotom|Thunderbolt|p2a: Suicune
|-supereffective|p2a: Suicune
|-damage|p2a: Suicune|57/100
|move|p2a: Suicune|Scald|p1a: Rotom
|-resisted|p1a: Rotom
|-damage|p1a: Rotom|13/100
|
|-heal|p1a: Rotom|19/100|[from] item: Leftovers
|upkeep
|turn|25
|
|t:|1758958040
|move|p1a: Rotom|Will-O-Wisp|p2a: Suicune
|-status|p2a: Suicune|brn
|move|p2a: Suicune|Scald|p1a: Rotom
|-resisted|p1a: Rotom
|-damage|p1a: Rotom|0 fnt
|faint|p1a: Rotom
|
|-damage|p2a: Suicune|51/100 brn|[from] brn
|upkeep
|
|t:|1758958056
|switch|p1a: Scizor|Scizor, M, tera:Dark|73/100 par
|turn|26
|
|t:|1758958065
|move|p1a: Scizor|Bullet Punch|p2a: Suicune
|-resisted|p2a: Suicune
|-damage|p2a: Suicune|41/100 brn
|move|p2a: Suicune|Scald|p1a: Scizor
|-damage|p1a: Scizor|0 fnt
|faint|p1a: Scizor
|
|-damage|p2a: Suicune|35/100 brn|[from] brn
|upkeep
|
|t:|1758958076
|switch|p1a: Kyurem|Kyurem|26/100 brn
|-ability|p1a: Kyurem|Pressure
|turn|27
|
|t:|1758958081
|move|p1a: Kyurem|Freeze-Dry|p2a: Suicune
|-supereffective|p2a: Suicune
|-damage|p2a: Suicune|18/100 brn
|move|p2a: Suicune|Rest|p2a: Suicune
|-status|p2a: Suicune|slp|[from] move: Rest
|-heal|p2a: Suicune|100/100 slp|[silent]
|
|-damage|p1a: Kyurem|20/100 brn|[from] brn
|upkeep
|turn|28
|
|t:|1758958091
|move|p1a: Kyurem|Freeze-Dry|p2a: Suicune
|-supereffective|p2a: Suicune
|-damage|p2a: Suicune|84/100 slp
|cant|p2a: Suicune|slp
|move|p2a: Suicune|Sleep Talk|p2a: Suicune
|move|p2a: Suicune|Calm Mind|p2a: Suicune|[from] move: Sleep Talk
|-boost|p2a: Suicune|spa|1
|-boost|p2a: Suicune|spd|1
|
|-damage|p1a: Kyurem|14/100 brn|[from] brn
|upkeep
|turn|29
|
|t:|1758958103
|move|p1a: Kyurem|Freeze-Dry|p2a: Suicune
|-supereffective|p2a: Suicune
|-damage|p2a: Suicune|69/100 slp
|cant|p2a: Suicune|slp
|move|p2a: Suicune|Sleep Talk|p2a: Suicune
|move|p2a: Suicune|Rest||[from] move: Sleep Talk|[still]
|-fail|p2a: Suicune
|
|-damage|p1a: Kyurem|8/100 brn|[from] brn
|upkeep
|turn|30
|
|t:|1758958115
|move|p1a: Kyurem|Freeze-Dry|p2a: Suicune
|-supereffective|p2a: Suicune
|-damage|p2a: Suicune|52/100 slp
|-curestatus|p2a: Suicune|slp|[msg]
|move|p2a: Suicune|Scald|p1a: Kyurem
|-resisted|p1a: Kyurem
|-damage|p1a: Kyurem|0 fnt
|faint|p1a: Kyurem
|
|upkeep
|
|t:|1758958126
|switch|p1a: Landorus|Landorus-Therian, M|100/100
|-ability|p1a: Landorus|Intimidate|boost
|-unboost|p2a: Suicune|atk|1
|turn|31
|
|t:|1758958135
|move|p1a: Landorus|U-turn|p2a: Suicune
|-crit|p2a: Suicune
|-damage|p2a: Suicune|32/100
|
|t:|1758958139
|switch|p1a: Corviknight|Corviknight, F|74/100|[from] U-turn
|-ability|p1a: Corviknight|Pressure
|move|p2a: Suicune|Scald|p1a: Corviknight
|-damage|p1a: Corviknight|0 fnt
|faint|p1a: Corviknight
|
|upkeep
|
|t:|1758958148
|switch|p1a: Landorus|Landorus-Therian, M|100/100
|-ability|p1a: Landorus|Intimidate|boost
|-unboost|p2a: Suicune|atk|1
|turn|32
|
|t:|1758958153
|move|p1a: Landorus|Earthquake|p2a: Suicune
|-damage|p2a: Suicune|0 fnt
|faint|p2a: Suicune
|
|upkeep
|
|t:|1758958156
|switch|p2a: Amoonguss|Amoonguss, F|100/100
|turn|33
|
|t:|1758958165
|switch|p1a: Iron Valiant|Iron Valiant|100/100
|-enditem|p1a: Iron Valiant|Booster Energy
|-activate|p1a: Iron Valiant|ability: Quark Drive|[fromitem]
|-start|p1a: Iron Valiant|quarkdrivespe
|move|p2a: Amoonguss|Toxic|p1a: Iron Valiant
|-status|p1a: Iron Valiant|tox
|
|-damage|p1a: Iron Valiant|94/100 tox|[from] psn
|upkeep
|turn|34
|
|t:|1758958176
|-end|p1a: Iron Valiant|Quark Drive|[silent]
|switch|p1a: Landorus|Landorus-Therian, M|100/100
|-ability|p1a: Landorus|Intimidate|boost
|-unboost|p2a: Amoonguss|atk|1
|move|p2a: Amoonguss|Giga Drain|p1a: Landorus
|-damage|p1a: Landorus|70/100
|
|upkeep
|turn|35
|
|t:|1758958184
|move|p1a: Landorus|U-turn|p2a: Amoonguss
|-damage|p2a: Amoonguss|81/100
|-damage|p1a: Landorus|54/100|[from] item: Rocky Helmet|[of] p2a: Amoonguss
|-message|Yellowgo forfeited.
|
|win|xiaoqian123
|raw|Yellowgo's rating: 1354 &rarr; <strong>1331</strong><br />(-23 for losing)
|raw|xiaoqian123's rating: 1296 &rarr; <strong>1325</strong><br />(+29 for winning)
|l|☆Yellowgo
|player|p1|
|l|☆xiaoqian123
|player|p2|
