|j|☆victory 4 u
|j|☆LucioX7
|t:|1758997821
|gametype|singles
|player|p1|victory 4 u|266|1103
|player|p2|LucioX7|red|1140
|gen|9
|tier|[Gen 9] OU
|rated|
|rule|HP Percentage Mod: HP is shown in percentages
|rule|Endless Battle Clause: Forcing endless battles is banned
|rule|Species Clause: Limit one of each Pokémon
|rule|OHKO Clause: OHKO moves are banned
|rule|Evasion Items Clause: Evasion items are banned
|rule|Evasion Moves Clause: Evasion moves are banned
|rule|Evasion Abilities Clause: Evasion abilities are banned
|rule|Sleep Moves Clause: Sleep-inducing moves are banned
|clearpoke
|poke|p1|Masquerain, F|
|poke|p1|Cyclizar, F|
|poke|p1|Hippowdon, M|
|poke|p1|Ditto|
|poke|p1|Medicham, F|
|poke|p1|Dragapult, M|
|poke|p2|Milotic, F|
|poke|p2|Goodra, M|
|poke|p2|Ambipom, M|
|poke|p2|Gallade, M|
|poke|p2|Gliscor, M|
|poke|p2|Sinistcha-Masterpiece|
|teampreview
|
|t:|1758997835
|teamsize|p1|6
|teamsize|p2|6
|start
|switch|p1a: Medicham|Medicham, F|100/100
|switch|p2a: Gliscor|Gliscor, M|100/100
|turn|1
|
|t:|1758997844
|switch|p2a: Sinistcha|Sinistcha-Masterpiece|100/100
|move|p1a: Medicham|Psycho Cut|p2a: Sinistcha
|-damage|p2a: Sinistcha|39/100
|
|upkeep
|turn|2
|
|t:|1758997850
|move|p1a: Medicham|Psycho Cut|p2a: Sinistcha
|-crit|p2a: Sinistcha
|-damage|p2a: Sinistcha|0 fnt
|faint|p2a: Sinistcha
|
|upkeep
|
|t:|1758997856
|switch|p2a: Milotic|Milotic, F|100/100
|turn|3
|
|t:|1758997858
|move|p1a: Medicham|Psycho Cut|p2a: Milotic
|-damage|p2a: Milotic|52/100
|move|p2a: Milotic|Alluring Voice|p1a: Medicham
|-supereffective|p1a: Medicham
|-damage|p1a: Medicham|41/100
|
|-status|p2a: Milotic|brn|[from] item: Flame Orb
|upkeep
|turn|4
|
|t:|1758997871
|switch|p1a: Masquerain|Masquerain, F|100/100
|-ability|p1a: Masquerain|Intimidate|boost
|-unboost|p2a: Milotic|atk|1
|move|p2a: Milotic|Recover|p2a: Milotic
|-heal|p2a: Milotic|100/100 brn
|
|-damage|p2a: Milotic|94/100 brn|[from] brn
|upkeep
|turn|5
|
|t:|1758997879
|move|p1a: Masquerain|Sticky Web|p2a: Milotic
|-sidestart|p2: LucioX7|move: Sticky Web
|move|p2a: Milotic|Scald|p1a: Masquerain
|-damage|p1a: Masquerain|65/100
|
|-damage|p2a: Milotic|88/100 brn|[from] brn
|upkeep
|turn|6
|
|t:|1758997894
|switch|p1a: Dragapult|Dragapult, M|100/100
|move|p2a: Milotic|Scald|p1a: Dragapult
|-resisted|p1a: Dragapult
|-damage|p1a: Dragapult|83/100
|
|-damage|p2a: Milotic|82/100 brn|[from] brn
|upkeep
|turn|7
|
|t:|1758997906
|move|p1a: Dragapult|Draco Meteor|p2a: Milotic
|-damage|p2a: Milotic|23/100 brn
|-unboost|p1a: Dragapult|spa|2
|move|p2a: Milotic|Alluring Voice|p1a: Dragapult
|-supereffective|p1a: Dragapult
|-damage|p1a: Dragapult|36/100
|
|-damage|p2a: Milotic|17/100 brn|[from] brn
|upkeep
|turn|8
|
|t:|1758997916
|-terastallize|p2a: Milotic|Fairy
|move|p1a: Dragapult|Draco Meteor|p2a: Milotic
|-immune|p2a: Milotic
|move|p2a: Milotic|Recover|p2a: Milotic
|-heal|p2a: Milotic|67/100 brn
|
|-damage|p2a: Milotic|61/100 brn|[from] brn
|upkeep
|turn|9
|
|t:|1758997926
|switch|p1a: Cyclizar|Cyclizar, F|100/100
|move|p2a: Milotic|Recover|p2a: Milotic
|-heal|p2a: Milotic|100/100 brn
|
|-damage|p2a: Milotic|94/100 brn|[from] brn
|upkeep
|turn|10
|
|t:|1758997933
|move|p1a: Cyclizar|Iron Head|p2a: Milotic
|-supereffective|p2a: Milotic
|-damage|p2a: Milotic|69/100 brn
|move|p2a: Milotic|Alluring Voice|p1a: Cyclizar
|-supereffective|p1a: Cyclizar
|-damage|p1a: Cyclizar|14/100
|
|-damage|p2a: Milotic|62/100 brn|[from] brn
|upkeep
|turn|11
|
|t:|1758997941
|move|p1a: Cyclizar|Iron Head|p2a: Milotic
|-supereffective|p2a: Milotic
|-damage|p2a: Milotic|34/100 brn
|cant|p2a: Milotic|flinch
|
|-damage|p2a: Milotic|28/100 brn|[from] brn
|upkeep
|turn|12
|
|t:|1758997947
|move|p1a: Cyclizar|Iron Head|p2a: Milotic
|-supereffective|p2a: Milotic
|-damage|p2a: Milotic|0 fnt
|faint|p2a: Milotic
|
|upkeep
|
|t:|1758997953
|switch|p2a: Gliscor|Gliscor, M|100/100
|turn|13
|
|t:|1758997959
|switch|p1a: Masquerain|Masquerain, F|65/100
|-ability|p1a: Masquerain|Intimidate|boost
|-unboost|p2a: Gliscor|atk|1
|move|p2a: Gliscor|Protect||[still]
|-fail|p2a: Gliscor
|
|-status|p2a: Gliscor|tox|[from] item: Toxic Orb
|upkeep
|turn|14
|
|t:|1758997969
|move|p1a: Masquerain|Ice Beam|p2a: Gliscor
|-supereffective|p2a: Gliscor
|-damage|p2a: Gliscor|0 fnt
|faint|p2a: Gliscor
|
|upkeep
|
|t:|1758997975
|switch|p2a: Ambipom|Ambipom, M|100/100
|-activate|p2a: Ambipom|move: Sticky Web
|-unboost|p2a: Ambipom|spe|1
|turn|15
|
|t:|1758997980
|switch|p1a: Hippowdon|Hippowdon, M|100/100
|-weather|Sandstorm|[from] ability: Sand Stream|[of] p1a: Hippowdon
|move|p2a: Ambipom|Fake Out|p1a: Hippowdon
|-damage|p1a: Hippowdon|85/100
|
|-weather|Sandstorm|[upkeep]
|-damage|p2a: Ambipom|94/100|[from] Sandstorm
|upkeep
|turn|16
|c|☆victory 4 u|gg
|
|t:|1758997991
|move|p2a: Ambipom|Triple Axel|p1a: Hippowdon
|-supereffective|p1a: Hippowdon
|-damage|p1a: Hippowdon|75/100
|-supereffective|p1a: Hippowdon
|-damage|p1a: Hippowdon|58/100
|-supereffective|p1a: Hippowdon
|-damage|p1a: Hippowdon|30/100
|-hitcount|p1a: Hippowdon|3
|move|p1a: Hippowdon|Earthquake|p2a: Ambipom
|-damage|p2a: Ambipom|0 fnt
|faint|p2a: Ambipom
|
|-weather|Sandstorm|[upkeep]
|upkeep
|
|t:|1758998003
|switch|p2a: Gallade|Gallade, M, shiny|100/100
|-activate|p2a: Gallade|move: Sticky Web
|-unboost|p2a: Gallade|spe|1
|turn|17
|
|t:|1758998007
|move|p2a: Gallade|Aqua Cutter|p1a: Hippowdon
|-supereffective|p1a: Hippowdon
|-damage|p1a: Hippowdon|0 fnt
|faint|p1a: Hippowdon
|
|-weather|Sandstorm|[upkeep]
|-damage|p2a: Gallade|94/100|[from] Sandstorm
|upkeep
|
|t:|1758998014
|switch|p1a: Medicham|Medicham, F|41/100
|turn|18
|
|t:|1758998020
|-terastallize|p1a: Medicham|Fighting
|move|p1a: Medicham|Psycho Cut|p2a: Gallade
|-damage|p2a: Gallade|0 fnt
|faint|p2a: Gallade
|
|-weather|Sandstorm|[upkeep]
|-damage|p1a: Medicham|35/100|[from] Sandstorm
|upkeep
|
|t:|1758998026
|switch|p2a: Goodra|Goodra, M|100/100
|-activate|p2a: Goodra|move: Sticky Web
|-unboost|p2a: Goodra|spe|1
|turn|19
|
|t:|1758998035
|move|p1a: Medicham|Psycho Cut|p2a: Goodra
|-damage|p2a: Goodra|26/100
|move|p2a: Goodra|Dragon Pulse|p1a: Medicham
|-damage|p1a: Medicham|0 fnt
|faint|p1a: Medicham
|
|-weather|none
|upkeep
|
|t:|1758998043
|switch|p1a: Cyclizar|Cyclizar, F|48/100
|turn|20
|
|t:|1758998050
|move|p1a: Cyclizar|Outrage|p2a: Goodra
|-supereffective|p2a: Goodra
|-damage|p2a: Goodra|0 fnt
|-ability|p2a: Goodra|Gooey
|-unboost|p1a: Cyclizar|spe|1
|faint|p2a: Goodra
|
|win|victory 4 u
|raw|victory 4 u's rating: 1103 &rarr; <strong>1131</strong><br />(+28 for winning)
|raw|LucioX7's rating: 1140 &rarr; <strong>1112</strong><br />(-28 for losing)
