|badge|p2|silver|gen9uu|30-6
|uhtml|medal-msg|<div class="broadcast-blue">Curious what those medals under the avatar are? PS now has Ladder Seasons! For more information, check out the <a href="https://www.smogon.com/forums/threads/3740067/">thread on Smogon.</a></div>
|j|☆Halfgallon67
|j|☆ulky
|t:|1758996266
|gametype|singles
|player|p1|Halfgallon67|170|1736
|player|p2|ulky|rosa|1756
|gen|9
|tier|[Gen 9] OU
|rated|
|rule|HP Percentage Mod: HP is shown in percentages
|rule|Endless Battle Clause: Forcing endless battles is banned
|rule|Species Clause: Limit one of each Pokémon
|rule|OHKO Clause: OHKO moves are banned
|rule|Evasion Items Clause: Evasion items are banned
|rule|Evasion Moves Clause: Evasion moves are banned
|rule|Evasion Abilities Clause: Evasion abilities are banned
|rule|Sleep Moves Clause: Sleep-inducing moves are banned
|clearpoke
|poke|p1|Pelipper, F|
|poke|p1|Hatterene, F|
|poke|p1|Iron Treads|
|poke|p1|Toxicroak, F|
|poke|p1|Barraskewda, F|
|poke|p1|Zapdos|
|poke|p2|Kingambit, M|
|poke|p2|Deoxys-Speed|
|poke|p2|Great Tusk|
|poke|p2|Dragonite, F|
|poke|p2|Iron Moth|
|poke|p2|Primarina, F|
|teampreview
|
|t:|1758996282
|teamsize|p1|6
|teamsize|p2|6
|start
|switch|p1a: I.B.Gulpin|Pelipper, F|100/100
|switch|p2a: Siren|Primarina, F|100/100
|-weather|RainDance|[from] ability: Drizzle|[of] p1a: I.B.Gulpin
|turn|1
|inactive|Battle timer is ON: inactive players will automatically lose when time's up. (requested by Halfgallon67)
|
|t:|1758996298
|move|p2a: Siren|Psychic Noise|p1a: I.B.Gulpin
|-damage|p1a: I.B.Gulpin|73/100
|-start|p1a: I.B.Gulpin|move: Heal Block
|move|p1a: I.B.Gulpin|U-turn|p2a: Siren
|-resisted|p2a: Siren
|-damage|p2a: Siren|95/100
|
|t:|1758996304
|switch|p1a: Storm|Zapdos|100/100|[from] U-turn
|
|-weather|RainDance|[upkeep]
|upkeep
|turn|2
|j| FaronAan
|
|t:|1758996315
|move|p1a: Storm|Hurricane|p2a: Siren
|-damage|p2a: Siren|37/100
|move|p2a: Siren|Surf|p1a: Storm
|-damage|p1a: Storm|11/100
|
|-weather|RainDance|[upkeep]
|upkeep
|turn|3
|
|t:|1758996323
|move|p1a: Storm|Hurricane|p2a: Siren
|-damage|p2a: Siren|0 fnt
|faint|p2a: Siren
|
|-weather|RainDance|[upkeep]
|upkeep
|j| JD Doggin'
|
|t:|1758996330
|switch|p2a: Moebius|Deoxys-Speed|100/100
|-ability|p2a: Moebius|Pressure
|turn|4
|
|t:|1758996345
|switch|p1a: Miss Maker|Hatterene, F|100/100
|move|p2a: Moebius|Shadow Ball|p1a: Miss Maker
|-supereffective|p1a: Miss Maker
|-damage|p1a: Miss Maker|36/100
|-enditem|p1a: Miss Maker|Eject Button
|-damage|p2a: Moebius|91/100|[from] item: Life Orb
|
|t:|1758996350
|switch|p1a: Laminar Flow|Barraskewda, F|100/100
|
|-weather|RainDance|[upkeep]
|upkeep
|turn|5
|
|t:|1758996377
|switch|p2a: Yoshi|Dragonite, F, shiny|100/100
|move|p1a: Laminar Flow|Flip Turn|p2a: Yoshi
|-resisted|p2a: Yoshi
|-damage|p2a: Yoshi|80/100
|
|t:|1758996388
|switch|p1a: Agent Oso|Toxicroak, F|100/100|[from] Flip Turn
|
|-weather|RainDance|[upkeep]
|upkeep
|turn|6
|
|t:|1758996399
|-terastallize|p2a: Yoshi|Normal
|move|p2a: Yoshi|Extreme Speed|p1a: Agent Oso
|-damage|p1a: Agent Oso|37/100
|-damage|p2a: Yoshi|63/100|[from] item: Rocky Helmet|[of] p1a: Agent Oso
|move|p1a: Agent Oso|Toxic|p2a: Yoshi
|-status|p2a: Yoshi|tox
|
|-weather|RainDance|[upkeep]
|-heal|p1a: Agent Oso|50/100|[from] ability: Dry Skin
|-damage|p2a: Yoshi|57/100 tox|[from] psn
|upkeep
|turn|7
|
|t:|1758996413
|switch|p1a: Ramsay|Iron Treads|100/100
|move|p2a: Yoshi|Extreme Speed|p1a: Ramsay
|-resisted|p1a: Ramsay
|-damage|p1a: Ramsay|75/100
|
|-weather|RainDance|[upkeep]
|-heal|p1a: Ramsay|81/100|[from] item: Leftovers
|-damage|p2a: Yoshi|45/100 tox|[from] psn
|upkeep
|turn|8
|inactive|Halfgallon67 has 120 seconds left.
|
|t:|1758996444
|switch|p2a: Anomaly|Great Tusk|100/100
|-enditem|p2a: Anomaly|Booster Energy
|-activate|p2a: Anomaly|ability: Protosynthesis|[fromitem]
|-start|p2a: Anomaly|protosynthesisatk
|-end|p1a: Ramsay|Quark Drive|[silent]
|switch|p1a: Storm|Zapdos|11/100
|
|-weather|none
|upkeep
|turn|9
|
|t:|1758996452
|move|p1a: Storm|Hurricane|p2a: Anomaly|[miss]
|-miss|p1a: Storm|p2a: Anomaly
|move|p2a: Anomaly|Ice Spinner|p1a: Storm
|-supereffective|p1a: Storm
|-damage|p1a: Storm|0 fnt
|-status|p2a: Anomaly|par|[from] ability: Static|[of] p1a: Storm
|faint|p1a: Storm
|
|upkeep
|
|t:|1758996456
|switch|p1a: I.B.Gulpin|Pelipper, F|73/100
|-weather|RainDance|[from] ability: Drizzle|[of] p1a: I.B.Gulpin
|turn|10
|
|t:|1758996467
|-end|p2a: Anomaly|Protosynthesis|[silent]
|switch|p2a: Meruem|Kingambit, M|100/100
|-activate|p2a: Meruem|ability: Supreme Overlord
|-start|p2a: Meruem|fallen1|[silent]
|move|p1a: I.B.Gulpin|Hurricane|p2a: Meruem
|-resisted|p2a: Meruem
|-damage|p2a: Meruem|82/100
|
|-weather|RainDance|[upkeep]
|-heal|p2a: Meruem|88/100|[from] item: Leftovers
|upkeep
|turn|11
|
|t:|1758996471
|move|p2a: Meruem|Iron Head|p1a: I.B.Gulpin
|-resisted|p1a: I.B.Gulpin
|-damage|p1a: I.B.Gulpin|46/100
|cant|p1a: I.B.Gulpin|flinch
|
|-weather|RainDance|[upkeep]
|-heal|p2a: Meruem|94/100|[from] item: Leftovers
|upkeep
|turn|12
|
|t:|1758996474
|move|p2a: Meruem|Iron Head|p1a: I.B.Gulpin
|-resisted|p1a: I.B.Gulpin
|-damage|p1a: I.B.Gulpin|19/100
|cant|p1a: I.B.Gulpin|flinch
|
|-weather|RainDance|[upkeep]
|-heal|p2a: Meruem|99/100|[from] item: Leftovers
|upkeep
|turn|13
|
|t:|1758996479
|switch|p1a: Ramsay|Iron Treads|81/100
|move|p2a: Meruem|Iron Head|p1a: Ramsay
|-resisted|p1a: Ramsay
|-damage|p1a: Ramsay|60/100
|
|-weather|RainDance|[upkeep]
|-heal|p1a: Ramsay|66/100|[from] item: Leftovers
|-heal|p2a: Meruem|100/100|[from] item: Leftovers
|upkeep
|turn|14
|
|t:|1758996484
|move|p1a: Ramsay|Volt Switch|p2a: Meruem
|-damage|p2a: Meruem|88/100
|
|t:|1758996486
|-end|p1a: Ramsay|Quark Drive|[silent]
|switch|p1a: Agent Oso|Toxicroak, F|50/100|[from] Volt Switch
|move|p2a: Meruem|Kowtow Cleave|p1a: Agent Oso
|-resisted|p1a: Agent Oso
|-damage|p1a: Agent Oso|25/100
|-damage|p2a: Meruem|72/100|[from] item: Rocky Helmet|[of] p1a: Agent Oso
|
|-weather|RainDance|[upkeep]
|-heal|p1a: Agent Oso|37/100|[from] ability: Dry Skin
|-heal|p2a: Meruem|78/100|[from] item: Leftovers
|upkeep
|turn|15
|
|t:|1758996494
|-end|p2a: Meruem|fallen1|[silent]
|switch|p2a: Anomaly|Great Tusk|100/100 par
|move|p1a: Agent Oso|Knock Off|p2a: Anomaly
|-resisted|p2a: Anomaly
|-damage|p2a: Anomaly|95/100 par
|
|-weather|RainDance|[upkeep]
|-heal|p1a: Agent Oso|50/100|[from] ability: Dry Skin
|upkeep
|turn|16
|
|t:|1758996503
|switch|p1a: Miss Maker|Hatterene, F|36/100
|move|p2a: Anomaly|Close Combat|p1a: Miss Maker
|-resisted|p1a: Miss Maker
|-damage|p1a: Miss Maker|23/100
|-unboost|p2a: Anomaly|def|1
|-unboost|p2a: Anomaly|spd|1
|
|-weather|RainDance|[upkeep]
|upkeep
|turn|17
|
|t:|1758996510
|cant|p2a: Anomaly|par
|move|p1a: Miss Maker|Draining Kiss|p2a: Anomaly
|-supereffective|p2a: Anomaly
|-damage|p2a: Anomaly|0 fnt
|-heal|p1a: Miss Maker|100/100|[from] drain|[of] p2a: Anomaly
|faint|p2a: Anomaly
|-end|p2a: Anomaly|Protosynthesis|[silent]
|
|-weather|none
|upkeep
|
|t:|1758996529
|switch|p2a: Meruem|Kingambit, M|78/100
|-activate|p2a: Meruem|ability: Supreme Overlord
|-start|p2a: Meruem|fallen2|[silent]
|turn|18
|
|t:|1758996548
|switch|p1a: Ramsay|Iron Treads|66/100
|move|p2a: Meruem|Iron Head|p1a: Ramsay
|-resisted|p1a: Ramsay
|-damage|p1a: Ramsay|44/100
|
|-heal|p1a: Ramsay|50/100|[from] item: Leftovers
|-heal|p2a: Meruem|84/100|[from] item: Leftovers
|upkeep
|turn|19
|
|t:|1758996560
|move|p1a: Ramsay|Earthquake|p2a: Meruem
|-supereffective|p2a: Meruem
|-damage|p2a: Meruem|27/100
|move|p2a: Meruem|Kowtow Cleave|p1a: Ramsay
|-damage|p1a: Ramsay|3/100
|
|-heal|p1a: Ramsay|9/100|[from] item: Leftovers
|-heal|p2a: Meruem|33/100|[from] item: Leftovers
|upkeep
|turn|20
|
|t:|1758996563
|move|p2a: Meruem|Sucker Punch||[still]
|-fail|p2a: Meruem
|move|p1a: Ramsay|Stealth Rock|p2a: Meruem
|-sidestart|p2: ulky|move: Stealth Rock
|
|-heal|p1a: Ramsay|15/100|[from] item: Leftovers
|-heal|p2a: Meruem|39/100|[from] item: Leftovers
|upkeep
|turn|21
|
|t:|1758996566
|-end|p1a: Ramsay|Quark Drive|[silent]
|switch|p1a: Agent Oso|Toxicroak, F|50/100
|move|p2a: Meruem|Sucker Punch||[still]
|-fail|p2a: Meruem
|
|-heal|p2a: Meruem|45/100|[from] item: Leftovers
|upkeep
|turn|22
|
|t:|1758996582
|switch|p1a: I.B.Gulpin|Pelipper, F|19/100
|-weather|RainDance|[from] ability: Drizzle|[of] p1a: I.B.Gulpin
|-end|p2a: Meruem|fallen2|[silent]
|switch|p2a: Anomаly|Iron Moth|100/100
|-damage|p2a: Anomаly|76/100|[from] Stealth Rock
|-enditem|p2a: Anomаly|Booster Energy
|-activate|p2a: Anomаly|ability: Quark Drive|[fromitem]
|-start|p2a: Anomаly|quarkdrivespe
|
|-weather|RainDance|[upkeep]
|upkeep
|turn|23
|
|t:|1758996591
|switch|p1a: Ramsay|Iron Treads|15/100
|move|p2a: Anomаly|Fiery Dance|p1a: Ramsay
|-supereffective|p1a: Ramsay
|-damage|p1a: Ramsay|0 fnt
|-boost|p2a: Anomаly|spa|1
|faint|p1a: Ramsay
|-end|p1a: Ramsay|Quark Drive|[silent]
|
|-weather|RainDance|[upkeep]
|upkeep
|
|t:|1758996593
|switch|p1a: Laminar Flow|Barraskewda, F|100/100
|turn|24
|
|t:|1758996605
|move|p1a: Laminar Flow|Flip Turn|p2a: Anomаly
|-supereffective|p2a: Anomаly
|-damage|p2a: Anomаly|0 fnt
|faint|p2a: Anomаly
|-end|p2a: Anomаly|Quark Drive|[silent]
|
|t:|1758996608
|switch|p1a: Agent Oso|Toxicroak, F|50/100|[from] Flip Turn
|
|-weather|RainDance|[upkeep]
|-heal|p1a: Agent Oso|62/100|[from] ability: Dry Skin
|upkeep
|
|t:|1758996633
|switch|p2a: Moebius|Deoxys-Speed|91/100
|-damage|p2a: Moebius|78/100|[from] Stealth Rock
|-ability|p2a: Moebius|Pressure
|turn|25
|
|t:|1758996644
|switch|p1a: I.B.Gulpin|Pelipper, F|19/100
|move|p2a: Moebius|Shadow Ball|p1a: I.B.Gulpin
|-damage|p1a: I.B.Gulpin|0 fnt
|faint|p1a: I.B.Gulpin
|-damage|p2a: Moebius|69/100|[from] item: Life Orb
|
|-weather|RainDance|[upkeep]
|upkeep
|
|t:|1758996646
|switch|p1a: Laminar Flow|Barraskewda, F|100/100
|turn|26
|
|t:|1758996668
|move|p1a: Laminar Flow|Flip Turn|p2a: Moebius
|-damage|p2a: Moebius|0 fnt
|faint|p2a: Moebius
|j| wgw2333
|
|t:|1758996672
|switch|p1a: Agent Oso|Toxicroak, F|62/100|[from] Flip Turn
|
|-weather|RainDance|[upkeep]
|-heal|p1a: Agent Oso|74/100|[from] ability: Dry Skin
|upkeep
|
|t:|1758996675
|switch|p2a: Yoshi|Dragonite, F, shiny, tera:Normal|45/100 tox
|-damage|p2a: Yoshi|33/100 tox|[from] Stealth Rock
|turn|27
|
|t:|1758996699
|switch|p1a: Laminar Flow|Barraskewda, F|100/100
|move|p2a: Yoshi|Outrage|p1a: Laminar Flow
|-damage|p1a: Laminar Flow|0 fnt
|faint|p1a: Laminar Flow
|
|-weather|RainDance|[upkeep]
|-damage|p2a: Yoshi|27/100 tox|[from] psn
|upkeep
|
|t:|1758996704
|switch|p1a: Miss Maker|Hatterene, F|100/100
|turn|28
|
|t:|1758996720
|move|p2a: Yoshi|Outrage|p1a: Miss Maker|[from] lockedmove
|-immune|p1a: Miss Maker
|move|p1a: Miss Maker|Draining Kiss|p2a: Yoshi
|-damage|p2a: Yoshi|3/100 tox
|
|-weather|RainDance|[upkeep]
|-damage|p2a: Yoshi|0 fnt|[from] psn
|faint|p2a: Yoshi
|upkeep
|
|t:|1758996721
|switch|p2a: Meruem|Kingambit, M|45/100
|-damage|p2a: Meruem|39/100|[from] Stealth Rock
|-activate|p2a: Meruem|ability: Supreme Overlord
|-start|p2a: Meruem|fallen5|[silent]
|turn|29
|
|t:|1758996732
|-terastallize|p1a: Miss Maker|Normal
|move|p2a: Meruem|Iron Head|p1a: Miss Maker
|-damage|p1a: Miss Maker|32/100
|move|p1a: Miss Maker|Nuzzle|p2a: Meruem
|-damage|p2a: Meruem|36/100
|-status|p2a: Meruem|par
|
|-weather|none
|-heal|p2a: Meruem|42/100 par|[from] item: Leftovers
|upkeep
|turn|30
|
|t:|1758996738
|move|p1a: Miss Maker|Draining Kiss|p2a: Meruem
|-damage|p2a: Meruem|19/100 par
|-heal|p1a: Miss Maker|53/100|[from] drain|[of] p2a: Meruem
|move|p2a: Meruem|Iron Head|p1a: Miss Maker
|-damage|p1a: Miss Maker|0 fnt
|faint|p1a: Miss Maker
|
|-heal|p2a: Meruem|25/100 par|[from] item: Leftovers
|upkeep
|
|t:|1758996744
|switch|p1a: Agent Oso|Toxicroak, F|74/100
|turn|31
|
|t:|1758996752
|move|p2a: Meruem|Sucker Punch|p1a: Agent Oso
|-resisted|p1a: Agent Oso
|-damage|p1a: Agent Oso|48/100
|-damage|p2a: Meruem|9/100 par|[from] item: Rocky Helmet|[of] p1a: Agent Oso
|move|p1a: Agent Oso|Drain Punch|p2a: Meruem
|-supereffective|p2a: Meruem
|-damage|p2a: Meruem|0 fnt
|-heal|p1a: Agent Oso|52/100|[from] drain|[of] p2a: Meruem
|faint|p2a: Meruem
|-end|p2a: Meruem|fallen5|[silent]
|
|win|Halfgallon67
|raw|Halfgallon67's rating: 1736 &rarr; <strong>1757</strong><br />(+21 for winning)
|raw|ulky's rating: 1760 &rarr; <strong>1739</strong><br />(-21 for losing)
|l|☆ulky
|player|p2|
|l| FaronAan
|l|☆Halfgallon67
|player|p1|
|l| wgw2333
