|j|☆wefewfwefew
|j|☆cmarky
|t:|1758920101
|gametype|singles
|player|p1|wefewfwefew|nurse|1106
|player|p2|cmarky|hilbert|1137
|gen|9
|tier|[Gen 9] OU
|rated|
|rule|HP Percentage Mod: HP is shown in percentages
|rule|Endless Battle Clause: Forcing endless battles is banned
|rule|Species Clause: Limit one of each Pokémon
|rule|OHKO Clause: OHKO moves are banned
|rule|Evasion Items Clause: Evasion items are banned
|rule|Evasion Moves Clause: Evasion moves are banned
|rule|Evasion Abilities Clause: Evasion abilities are banned
|rule|Sleep Moves Clause: Sleep-inducing moves are banned
|clearpoke
|poke|p1|Comfey, M|
|poke|p1|Ceruledge, M|
|poke|p1|Sudowoodo, L61, F|
|poke|p1|Bellibolt, M|
|poke|p1|Raging Bolt|
|poke|p1|Deoxys-Defense|
|poke|p2|Toxapex, F|
|poke|p2|Incineroar, M|
|poke|p2|Garganacl, M|
|poke|p2|Corviknight, M|
|poke|p2|Eelektross, M|
|poke|p2|Salazzle, F|
|teampreview
|inactive|Battle timer is ON: inactive players will automatically lose when time's up. (requested by cmarky)
|
|t:|1758920117
|teamsize|p1|6
|teamsize|p2|6
|start
|switch|p1a: Sudowoodo|Sudowoodo, L61, F|100/100
|switch|p2a: Toxapex|Toxapex, F|100/100
|turn|1
|
|t:|1758920122
|move|p1a: Sudowoodo|Stealth Rock|p2a: Toxapex
|-sidestart|p2: cmarky|move: Stealth Rock
|move|p2a: Toxapex|Toxic|p1a: Sudowoodo
|-status|p1a: Sudowoodo|tox
|
|-damage|p1a: Sudowoodo|94/100 tox|[from] psn
|upkeep
|turn|2
|
|t:|1758920130
|move|p1a: Sudowoodo|Spikes|p2a: Toxapex
|-sidestart|p2: cmarky|Spikes
|move|p2a: Toxapex|Chilling Water|p1a: Sudowoodo
|-supereffective|p1a: Sudowoodo
|-damage|p1a: Sudowoodo|0 fnt
|faint|p1a: Sudowoodo
|
|upkeep
|
|t:|1758920140
|switch|p1a: Minion|Deoxys-Defense, shiny|100/100
|-ability|p1a: Minion|Pressure
|turn|3
|
|t:|1758920144
|-terastallize|p1a: Minion|Steel
|move|p1a: Minion|Cosmic Power|p1a: Minion
|-boost|p1a: Minion|def|1
|-boost|p1a: Minion|spd|1
|move|p2a: Toxapex|Toxic|p1a: Minion
|-immune|p1a: Minion
|
|upkeep
|turn|4
|
|t:|1758920153
|switch|p2a: Salazzle|Salazzle, F|100/100
|-damage|p2a: Salazzle|76/100|[from] Stealth Rock
|-damage|p2a: Salazzle|63/100|[from] Spikes
|move|p1a: Minion|Cosmic Power|p1a: Minion
|-boost|p1a: Minion|def|1
|-boost|p1a: Minion|spd|1
|
|upkeep
|turn|5
|
|t:|1758920161
|move|p2a: Salazzle|Encore|p1a: Minion
|-start|p1a: Minion|Encore
|move|p1a: Minion|Cosmic Power|p1a: Minion
|-boost|p1a: Minion|def|1
|-boost|p1a: Minion|spd|1
|
|upkeep
|turn|6
|
|t:|1758920172
|switch|p1a: Ceruledge|Ceruledge, M|100/100
|move|p2a: Salazzle|Toxic|p1a: Ceruledge
|-status|p1a: Ceruledge|tox
|
|-damage|p1a: Ceruledge|94/100 tox|[from] psn
|upkeep
|turn|7
|
|t:|1758920179
|move|p2a: Salazzle|Protect|p2a: Salazzle
|-singleturn|p2a: Salazzle|Protect
|move|p1a: Ceruledge|Swords Dance|p1a: Ceruledge
|-boost|p1a: Ceruledge|atk|2
|
|-damage|p1a: Ceruledge|82/100 tox|[from] psn
|upkeep
|turn|8
|
|t:|1758920185
|move|p1a: Ceruledge|Shadow Sneak|p2a: Salazzle
|-damage|p2a: Salazzle|0 fnt
|faint|p2a: Salazzle
|
|-damage|p1a: Ceruledge|63/100 tox|[from] psn
|upkeep
|l|☆cmarky
|inactive|cmarky disconnected and has a minute to reconnect!
|player|p2|
|inactive|cmarky has 30 seconds to reconnect!
|inactive|cmarky has 20 seconds to reconnect!
|inactive|cmarky has 15 seconds to reconnect!
|inactive|cmarky has 10 seconds to reconnect!
|inactive|cmarky has 5 seconds to reconnect!
|-message|cmarky lost due to inactivity.
|
|win|wefewfwefew
|raw|wefewfwefew's rating: 1106 &rarr; <strong>1133</strong><br />(+27 for winning)
|raw|cmarky's rating: 1137 &rarr; <strong>1110</strong><br />(-27 for losing)
|l|☆wefewfwefew
|player|p1|
