|inactive|Battle timer is ON: inactive players will automatically lose when time's up.
|t:|1759021833
|gametype|singles
|player|p1|MRH1106|miku-ghost|
|player|p2|leng loi|#scl4machines2|
|gen|9
|tier|[Gen 9] OU
|rule|HP Percentage Mod: HP is shown in percentages
|rule|Endless Battle Clause: Forcing endless battles is banned
|rule|Species Clause: Limit one of each Pokémon
|rule|OHKO Clause: OHKO moves are banned
|rule|Evasion Items Clause: Evasion items are banned
|rule|Evasion Moves Clause: Evasion moves are banned
|rule|Evasion Abilities Clause: Evasion abilities are banned
|rule|Sleep Moves Clause: Sleep-inducing moves are banned
|clearpoke
|poke|p1|Dondozo, M|
|poke|p1|Blissey, F|
|poke|p1|Corviknight, M|
|poke|p1|Weezing-Galar, F|
|poke|p1|Gliscor, F|
|poke|p1|Toxapex, M|
|poke|p2|Tyranitar, F|
|poke|p2|Excadrill, F|
|poke|p2|Heatran, F|
|poke|p2|Pecharunt|
|poke|p2|Ogerpon-Wellspring, F|
|poke|p2|Zamazenta-*|
|teampreview
|inactive|MRH1106 has 270 seconds left.
|inactive|leng loi has 270 seconds left.
|
|t:|1759021880
|teamsize|p1|6
|teamsize|p2|6
|start
|switch|p1a: Gliscor|Gliscor, F|100/100
|switch|p2a: Yavimaya|Ogerpon-Wellspring, F|100/100
|turn|1
|
|t:|1759021891
|move|p1a: Gliscor|Protect|p1a: Gliscor
|-singleturn|p1a: Gliscor|Protect
|move|p2a: Yavimaya|Ivy Cudgel|p1a: Gliscor|[anim] Ivy Cudgel Water
|-activate|p1a: Gliscor|move: Protect
|
|-status|p1a: Gliscor|tox|[from] item: Toxic Orb
|upkeep
|turn|2
|inactive|MRH1106 has 270 seconds left.
|inactive|leng loi has 270 seconds left.
|
|t:|1759021927
|switch|p1a: Toxapex|Toxapex, M|100/100
|move|p2a: Yavimaya|Taunt|p1a: Toxapex
|-start|p1a: Toxapex|move: Taunt
|
|upkeep
|turn|3
|inactive|MRH1106 has 270 seconds left.
|inactive|leng loi has 270 seconds left.
|
|t:|1759021942
|switch|p1a: Dondozo|Dondozo, M|100/100
|-terastallize|p2a: Yavimaya|Water
|detailschange|p2a: Yavimaya|Ogerpon-Wellspring-Tera, F, tera:Water
|-ability|p2a: Yavimaya|Embody Aspect (Wellspring)|boost
|-boost|p2a: Yavimaya|spd|1
|move|p2a: Yavimaya|Ivy Cudgel|p1a: Dondozo|[anim] Ivy Cudgel Water
|-resisted|p1a: Dondozo
|-damage|p1a: Dondozo|80/100
|
|-heal|p1a: Dondozo|86/100|[from] item: Leftovers
|upkeep
|turn|4
|
|t:|1759021949
|move|p2a: Yavimaya|Horn Leech|p1a: Dondozo
|-supereffective|p1a: Dondozo
|-damage|p1a: Dondozo|44/100
|move|p1a: Dondozo|Avalanche|p2a: Yavimaya
|-resisted|p2a: Yavimaya
|-damage|p2a: Yavimaya|83/100
|
|-heal|p1a: Dondozo|50/100|[from] item: Leftovers
|upkeep
|turn|5
|c|+Quamnckkk|lengle :3
|c|☆MRH1106|oo new set
|inactive|MRH1106 has 270 seconds left.
|
|t:|1759021967
|-terastallize|p1a: Dondozo|Dragon
|move|p2a: Yavimaya|Taunt|p1a: Dondozo
|-start|p1a: Dondozo|move: Taunt
|cant|p1a: Dondozo|move: Taunt|Rest
|
|-heal|p1a: Dondozo|56/100|[from] item: Leftovers
|upkeep
|turn|6
|inactive|MRH1106 has 270 seconds left.
|
|t:|1759021980
|switch|p1a: Weezing|Weezing-Galar, F|100/100
|-ability|p1a: Weezing|Neutralizing Gas
|move|p2a: Yavimaya|Play Rough|p1a: Weezing|[miss]
|-miss|p2a: Yavimaya|p1a: Weezing
|
|upkeep
|turn|7
|inactive|MRH1106 has 270 seconds left.
|
|t:|1759021998
|move|p2a: Yavimaya|Taunt|p1a: Weezing
|-start|p1a: Weezing|move: Taunt
|move|p1a: Weezing|Strange Steam|p2a: Yavimaya
|-damage|p2a: Yavimaya|61/100
|
|upkeep
|turn|8
|
|t:|1759022004
|-end|p1a: Weezing|ability: Neutralizing Gas
|switch|p1a: Toxapex|Toxapex, M|100/100
|move|p2a: Yavimaya|Ivy Cudgel|p1a: Toxapex|[anim] Ivy Cudgel Water
|-resisted|p1a: Toxapex
|-crit|p1a: Toxapex
|-damage|p1a: Toxapex|49/100
|
|-heal|p1a: Toxapex|55/100|[from] item: Leftovers
|upkeep
|turn|9
|
|t:|1759022017
|switch|p1a: Dondozo|Dondozo, M, tera:Dragon|56/100
|move|p2a: Yavimaya|Taunt|p1a: Dondozo
|-start|p1a: Dondozo|move: Taunt
|
|-heal|p1a: Dondozo|63/100|[from] item: Leftovers
|upkeep
|turn|10
|
|t:|1759022022
|move|p2a: Yavimaya|Ivy Cudgel|p1a: Dondozo|[anim] Ivy Cudgel Water
|-resisted|p1a: Dondozo
|-damage|p1a: Dondozo|44/100
|move|p1a: Dondozo|Body Press|p2a: Yavimaya
|-damage|p2a: Yavimaya|24/100
|
|-heal|p1a: Dondozo|50/100|[from] item: Leftovers
|upkeep
|turn|11
|
|t:|1759022027
|switch|p2a: Expanse|Pecharunt|100/100
|-item|p2a: Expanse|Air Balloon
|move|p1a: Dondozo|Body Press|p2a: Expanse
|-immune|p2a: Expanse
|
|-heal|p1a: Dondozo|56/100|[from] item: Leftovers
|-end|p1a: Dondozo|move: Taunt
|upkeep
|turn|12
|
|t:|1759022046
|move|p2a: Expanse|Malignant Chain|p1a: Dondozo
|-damage|p1a: Dondozo|25/100
|-status|p1a: Dondozo|tox
|-start|p1a: Dondozo|confusion|[from] ability: Poison Puppeteer|[of] p2a: Expanse
|-activate|p1a: Dondozo|confusion
|move|p1a: Dondozo|Rest|p1a: Dondozo
|-status|p1a: Dondozo|slp|[from] move: Rest
|-heal|p1a: Dondozo|100/100 slp|[silent]
|
|upkeep
|turn|13
|
|t:|1759022053
|switch|p1a: Corviknight|Corviknight, M|100/100
|-ability|p1a: Corviknight|Pressure
|move|p2a: Expanse|Parting Shot|p1a: Corviknight
|-unboost|p1a: Corviknight|atk|1
|-unboost|p1a: Corviknight|spa|1
|
|t:|1759022055
|switch|p2a: Summit|Heatran, F|100/100|[from] Parting Shot
|
|upkeep
|turn|14
|
|t:|1759022083
|switch|p1a: Blissey|Blissey, F|100/100
|move|p2a: Summit|Magma Storm|p1a: Blissey
|-damage|p1a: Blissey|88/100
|-activate|p1a: Blissey|move: Magma Storm|[of] p2a: Summit
|
|-heal|p1a: Blissey|94/100|[from] item: Leftovers
|-damage|p1a: Blissey|81/100|[from] move: Magma Storm|[partiallytrapped]
|upkeep
|turn|15
|
|t:|1759022087
|move|p2a: Summit|Magma Storm|p1a: Blissey
|-damage|p1a: Blissey|67/100
|move|p1a: Blissey|Seismic Toss|p2a: Summit
|-damage|p2a: Summit|75/100
|
|-heal|p2a: Summit|81/100|[from] item: Leftovers
|-heal|p1a: Blissey|73/100|[from] item: Leftovers
|-damage|p1a: Blissey|61/100|[from] move: Magma Storm|[partiallytrapped]
|upkeep
|turn|16
|
|t:|1759022092
|move|p2a: Summit|Taunt|p1a: Blissey
|-start|p1a: Blissey|move: Taunt
|move|p1a: Blissey|Seismic Toss|p2a: Summit
|-damage|p2a: Summit|55/100
|
|-heal|p2a: Summit|61/100|[from] item: Leftovers
|-heal|p1a: Blissey|67/100|[from] item: Leftovers
|-damage|p1a: Blissey|55/100|[from] move: Magma Storm|[partiallytrapped]
|upkeep
|turn|17
|
|t:|1759022096
|move|p2a: Summit|Protect|p2a: Summit
|-singleturn|p2a: Summit|Protect
|move|p1a: Blissey|Seismic Toss|p2a: Summit
|-activate|p2a: Summit|move: Protect
|
|-heal|p2a: Summit|67/100|[from] item: Leftovers
|-heal|p1a: Blissey|61/100|[from] item: Leftovers
|-damage|p1a: Blissey|48/100|[from] move: Magma Storm|[partiallytrapped]
|upkeep
|turn|18
|
|t:|1759022098
|move|p2a: Summit|Earth Power|p1a: Blissey
|-damage|p1a: Blissey|41/100
|move|p1a: Blissey|Seismic Toss|p2a: Summit
|-damage|p2a: Summit|41/100
|
|-heal|p2a: Summit|48/100|[from] item: Leftovers
|-heal|p1a: Blissey|47/100|[from] item: Leftovers
|-end|p1a: Blissey|Magma Storm|[partiallytrapped]
|-end|p1a: Blissey|move: Taunt
|upkeep
|turn|19
|
|t:|1759022106
|switch|p2a: Catacombs|Tyranitar, F|100/100
|-weather|Sandstorm|[from] ability: Sand Stream|[of] p2a: Catacombs
|move|p1a: Blissey|Seismic Toss|p2a: Catacombs
|-damage|p2a: Catacombs|76/100
|
|-weather|Sandstorm|[upkeep]
|-damage|p1a: Blissey|41/100|[from] Sandstorm
|-heal|p1a: Blissey|47/100|[from] item: Leftovers
|upkeep
|turn|20
|
|t:|1759022112
|switch|p1a: Gliscor|Gliscor, F|100/100 tox
|move|p2a: Catacombs|Stealth Rock|p1a: Gliscor
|-sidestart|p1: MRH1106|move: Stealth Rock
|
|-weather|Sandstorm|[upkeep]
|upkeep
|turn|21
|
|t:|1759022115
|move|p1a: Gliscor|Protect|p1a: Gliscor
|-singleturn|p1a: Gliscor|Protect
|move|p2a: Catacombs|Ice Beam|p1a: Gliscor
|-activate|p1a: Gliscor|move: Protect
|
|-weather|Sandstorm|[upkeep]
|upkeep
|turn|22
|
|t:|1759022131
|switch|p1a: Corviknight|Corviknight, M|100/100
|-damage|p1a: Corviknight|88/100|[from] Stealth Rock
|-ability|p1a: Corviknight|Pressure
|move|p2a: Catacombs|Ice Beam|p1a: Corviknight
|-damage|p1a: Corviknight|67/100
|
|-weather|Sandstorm|[upkeep]
|-heal|p1a: Corviknight|73/100|[from] item: Leftovers
|upkeep
|turn|23
|
|t:|1759022142
|move|p1a: Corviknight|Defog|p2a: Catacombs
|-unboost|p2a: Catacombs|evasion|1
|-sideend|p1: MRH1106|Stealth Rock|[from] move: Defog|[of] p1a: Corviknight
|move|p2a: Catacombs|Knock Off|p1a: Corviknight
|-damage|p1a: Corviknight|47/100
|-enditem|p1a: Corviknight|Leftovers|[from] move: Knock Off|[of] p2a: Catacombs
|
|-weather|Sandstorm|[upkeep]
|upkeep
|turn|24
|
|t:|1759022148
|switch|p2a: Summit|Heatran, F|48/100
|move|p1a: Corviknight|Roost|p1a: Corviknight
|-heal|p1a: Corviknight|97/100
|-singleturn|p1a: Corviknight|move: Roost
|
|-weather|Sandstorm|[upkeep]
|-heal|p2a: Summit|54/100|[from] item: Leftovers
|upkeep
|turn|25
|
|t:|1759022158
|switch|p1a: Gliscor|Gliscor, F|100/100 tox
|move|p2a: Summit|Magma Storm|p1a: Gliscor
|-crit|p1a: Gliscor
|-damage|p1a: Gliscor|41/100 tox
|-activate|p1a: Gliscor|move: Magma Storm|[of] p2a: Summit
|
|-weather|Sandstorm|[upkeep]
|-heal|p2a: Summit|60/100|[from] item: Leftovers
|-heal|p1a: Gliscor|54/100 tox|[from] ability: Poison Heal
|-damage|p1a: Gliscor|41/100 tox|[from] move: Magma Storm|[partiallytrapped]
|upkeep
|turn|26
|c|☆MRH1106|welp thats not ideal
|
|t:|1759022188
|move|p2a: Summit|Protect|p2a: Summit
|-singleturn|p2a: Summit|Protect
|move|p1a: Gliscor|Earthquake|p2a: Summit
|-activate|p2a: Summit|move: Protect
|
|-weather|none
|-heal|p2a: Summit|66/100|[from] item: Leftovers
|-heal|p1a: Gliscor|54/100 tox|[from] ability: Poison Heal
|-damage|p1a: Gliscor|41/100 tox|[from] move: Magma Storm|[partiallytrapped]
|upkeep
|turn|27
|
|t:|1759022194
|switch|p2a: Expanse|Pecharunt|100/100
|-item|p2a: Expanse|Air Balloon
|move|p1a: Gliscor|Earthquake|p2a: Expanse
|-immune|p2a: Expanse
|
|-heal|p1a: Gliscor|54/100 tox|[from] ability: Poison Heal
|-end|p1a: Gliscor|Magma Storm|[partiallytrapped]|[silent]
|upkeep
|turn|28
|
|t:|1759022209
|move|p1a: Gliscor|Protect|p1a: Gliscor
|-singleturn|p1a: Gliscor|Protect
|move|p2a: Expanse|Parting Shot|p1a: Gliscor
|-activate|p1a: Gliscor|move: Protect
|
|-heal|p1a: Gliscor|66/100 tox|[from] ability: Poison Heal
|upkeep
|turn|29
|
|t:|1759022217
|move|p2a: Expanse|Parting Shot|p1a: Gliscor
|-unboost|p1a: Gliscor|atk|1
|-unboost|p1a: Gliscor|spa|1
|
|t:|1759022220
|switch|p2a: Yavimaya|Ogerpon-Wellspring-Tera, F, tera:Water|24/100|[from] Parting Shot
|-ability|p2a: Yavimaya|Embody Aspect (Wellspring)|boost
|-boost|p2a: Yavimaya|spd|1
|move|p1a: Gliscor|Earthquake|p2a: Yavimaya
|-damage|p2a: Yavimaya|0 fnt
|faint|p2a: Yavimaya
|detailschange|p2: Yavimaya|Ogerpon-Wellspring, F|[silent]
|
|-heal|p1a: Gliscor|79/100 tox|[from] ability: Poison Heal
|upkeep
|
|t:|1759022234
|switch|p2a: Catacombs|Tyranitar, F|76/100
|-weather|Sandstorm|[from] ability: Sand Stream|[of] p2a: Catacombs
|turn|30
|
|t:|1759022244
|switch|p1a: Corviknight|Corviknight, M|97/100
|-ability|p1a: Corviknight|Pressure
|move|p2a: Catacombs|Roar|p1a: Corviknight
|drag|p1a: Dondozo|Dondozo, M, tera:Dragon|100/100 slp
|
|-weather|Sandstorm|[upkeep]
|-damage|p1a: Dondozo|94/100 slp|[from] Sandstorm
|-heal|p1a: Dondozo|100/100 slp|[from] item: Leftovers
|upkeep
|turn|31
|
|t:|1759022253
|move|p2a: Catacombs|Stealth Rock|p1a: Dondozo
|-sidestart|p1: MRH1106|move: Stealth Rock
|cant|p1a: Dondozo|slp
|move|p1a: Dondozo|Sleep Talk|p1a: Dondozo
|move|p1a: Dondozo|Avalanche|p2a: Catacombs|[from] move: Sleep Talk
|-damage|p2a: Catacombs|65/100
|
|-weather|Sandstorm|[upkeep]
|-damage|p1a: Dondozo|94/100 slp|[from] Sandstorm
|-heal|p1a: Dondozo|100/100 slp|[from] item: Leftovers
|upkeep
|turn|32
|
|t:|1759022261
|move|p2a: Catacombs|Knock Off|p1a: Dondozo
|-damage|p1a: Dondozo|81/100 slp
|-enditem|p1a: Dondozo|Leftovers|[from] move: Knock Off|[of] p2a: Catacombs
|cant|p1a: Dondozo|slp
|move|p1a: Dondozo|Sleep Talk|p1a: Dondozo
|move|p1a: Dondozo|Rest||[from] move: Sleep Talk|[still]
|-fail|p1a: Dondozo
|
|-weather|Sandstorm|[upkeep]
|-damage|p1a: Dondozo|74/100 slp|[from] Sandstorm
|upkeep
|turn|33
|
|t:|1759022265
|switch|p2a: Expanse|Pecharunt|100/100
|-item|p2a: Expanse|Air Balloon
|-curestatus|p1a: Dondozo|slp|[msg]
|move|p1a: Dondozo|Body Press|p2a: Expanse
|-immune|p2a: Expanse
|
|-weather|Sandstorm|[upkeep]
|-damage|p2a: Expanse|94/100|[from] Sandstorm
|-damage|p1a: Dondozo|68/100|[from] Sandstorm
|upkeep
|turn|34
|
|t:|1759022269
|move|p2a: Expanse|Parting Shot|p1a: Dondozo
|-unboost|p1a: Dondozo|atk|1
|-unboost|p1a: Dondozo|spa|1
|
|t:|1759022276
|switch|p2a: Summit|Heatran, F|66/100|[from] Parting Shot
|move|p1a: Dondozo|Rest|p1a: Dondozo
|-status|p1a: Dondozo|slp|[from] move: Rest
|-heal|p1a: Dondozo|100/100 slp|[silent]
|
|-weather|Sandstorm|[upkeep]
|-damage|p1a: Dondozo|94/100 slp|[from] Sandstorm
|-heal|p2a: Summit|72/100|[from] item: Leftovers
|upkeep
|turn|35
|
|t:|1759022294
|switch|p1a: Toxapex|Toxapex, M|89/100
|-damage|p1a: Toxapex|76/100|[from] Stealth Rock
|move|p2a: Summit|Magma Storm|p1a: Toxapex
|-resisted|p1a: Toxapex
|-damage|p1a: Toxapex|63/100
|-activate|p1a: Toxapex|move: Magma Storm|[of] p2a: Summit
|
|-weather|Sandstorm|[upkeep]
|-damage|p1a: Toxapex|57/100|[from] Sandstorm
|-heal|p2a: Summit|79/100|[from] item: Leftovers
|-heal|p1a: Toxapex|63/100|[from] item: Leftovers
|-damage|p1a: Toxapex|51/100|[from] move: Magma Storm|[partiallytrapped]
|upkeep
|turn|36
|
|t:|1759022298
|move|p2a: Summit|Taunt|p1a: Toxapex
|-start|p1a: Toxapex|move: Taunt
|cant|p1a: Toxapex|move: Taunt|Recover
|
|-weather|Sandstorm|[upkeep]
|-damage|p1a: Toxapex|45/100|[from] Sandstorm
|-heal|p2a: Summit|85/100|[from] item: Leftovers
|-heal|p1a: Toxapex|51/100|[from] item: Leftovers
|-damage|p1a: Toxapex|38/100|[from] move: Magma Storm|[partiallytrapped]
|upkeep
|turn|37
|
|t:|1759022303
|move|p2a: Summit|Earth Power|p1a: Toxapex
|-supereffective|p1a: Toxapex
|-damage|p1a: Toxapex|7/100
|-activate|p1a: Toxapex|move: Struggle
|move|p1a: Toxapex|Struggle|p2a: Summit
|-damage|p2a: Summit|80/100
|-damage|p1a: Toxapex|0 fnt|[from] recoil
|faint|p1a: Toxapex
|
|-weather|none
|-heal|p2a: Summit|86/100|[from] item: Leftovers
|upkeep
|
|t:|1759022306
|switch|p1a: Gliscor|Gliscor, F|79/100 tox
|-damage|p1a: Gliscor|66/100 tox|[from] Stealth Rock
|turn|38
|inactive|leng loi has 270 seconds left.
|
|t:|1759022360
|switch|p2a: Expanse|Pecharunt|94/100
|-item|p2a: Expanse|Air Balloon
|move|p1a: Gliscor|Earthquake|p2a: Expanse
|-immune|p2a: Expanse
|
|-heal|p1a: Gliscor|79/100 tox|[from] ability: Poison Heal
|upkeep
|turn|39
|
|t:|1759022364
|move|p1a: Gliscor|Protect|p1a: Gliscor
|-singleturn|p1a: Gliscor|Protect
|move|p2a: Expanse|Parting Shot|p1a: Gliscor
|-activate|p1a: Gliscor|move: Protect
|
|-heal|p1a: Gliscor|91/100 tox|[from] ability: Poison Heal
|upkeep
|turn|40
|
|t:|1759022370
|move|p2a: Expanse|Parting Shot|p1a: Gliscor
|-unboost|p1a: Gliscor|atk|1
|-unboost|p1a: Gliscor|spa|1
|inactive|leng loi has 270 seconds left.
|
|t:|1759022377
|switch|p2a: Catacombs|Tyranitar, F|65/100|[from] Parting Shot
|-weather|Sandstorm|[from] ability: Sand Stream|[of] p2a: Catacombs
|move|p1a: Gliscor|Earthquake|p2a: Catacombs
|-supereffective|p2a: Catacombs
|-damage|p2a: Catacombs|28/100
|
|-weather|Sandstorm|[upkeep]
|-heal|p1a: Gliscor|100/100 tox|[from] ability: Poison Heal
|upkeep
|turn|41
|
|t:|1759022386
|switch|p2a: Expanse|Pecharunt|94/100
|-item|p2a: Expanse|Air Balloon
|move|p1a: Gliscor|Earthquake|p2a: Expanse
|-immune|p2a: Expanse
|
|-weather|Sandstorm|[upkeep]
|-damage|p2a: Expanse|88/100|[from] Sandstorm
|upkeep
|turn|42
|
|t:|1759022394
|move|p2a: Expanse|Parting Shot|p1a: Gliscor
|-unboost|p1a: Gliscor|atk|1
|-unboost|p1a: Gliscor|spa|1
|
|t:|1759022404
|switch|p2a: Passage|Excadrill, F|100/100|[from] Parting Shot
|move|p1a: Gliscor|Knock Off|p2a: Passage
|-damage|p2a: Passage|84/100
|-enditem|p2a: Passage|Leftovers|[from] move: Knock Off|[of] p1a: Gliscor
|
|-weather|Sandstorm|[upkeep]
|upkeep
|turn|43
|
|t:|1759022429
|move|p2a: Passage|Rock Slide|p1a: Gliscor
|-damage|p1a: Gliscor|77/100 tox
|cant|p1a: Gliscor|flinch
|
|-weather|Sandstorm|[upkeep]
|-heal|p1a: Gliscor|90/100 tox|[from] ability: Poison Heal
|upkeep
|turn|44
|
|t:|1759022434
|move|p2a: Passage|Substitute|p2a: Passage
|-start|p2a: Passage|Substitute
|-damage|p2a: Passage|59/100
|move|p1a: Gliscor|Earthquake|p2a: Passage
|-supereffective|p2a: Passage
|-end|p2a: Passage|Substitute
|
|-weather|Sandstorm|[upkeep]
|-heal|p1a: Gliscor|100/100 tox|[from] ability: Poison Heal
|upkeep
|turn|45
|
|t:|1759022440
|move|p2a: Passage|Substitute|p2a: Passage
|-start|p2a: Passage|Substitute
|-damage|p2a: Passage|34/100
|move|p1a: Gliscor|Earthquake|p2a: Passage
|-supereffective|p2a: Passage
|-end|p2a: Passage|Substitute
|
|-weather|Sandstorm|[upkeep]
|upkeep
|turn|46
|
|t:|1759022443
|switch|p2a: Expanse|Pecharunt|88/100
|-item|p2a: Expanse|Air Balloon
|move|p1a: Gliscor|Earthquake|p2a: Expanse
|-immune|p2a: Expanse
|
|-weather|Sandstorm|[upkeep]
|-damage|p2a: Expanse|82/100|[from] Sandstorm
|upkeep
|turn|47
|
|t:|1759022453
|move|p2a: Expanse|Parting Shot|p1a: Gliscor
|-unboost|p1a: Gliscor|atk|1
|-unboost|p1a: Gliscor|spa|1
|
|t:|1759022454
|switch|p2a: Passage|Excadrill, F|34/100|[from] Parting Shot
|move|p1a: Gliscor|Knock Off|p2a: Passage
|-damage|p2a: Passage|25/100
|
|-weather|none
|upkeep
|turn|48
|
|t:|1759022459
|move|p2a: Passage|Rock Slide|p1a: Gliscor
|-damage|p1a: Gliscor|77/100 tox
|cant|p1a: Gliscor|flinch
|
|-heal|p1a: Gliscor|90/100 tox|[from] ability: Poison Heal
|upkeep
|turn|49
|
|t:|1759022464
|move|p2a: Passage|Rock Slide|p1a: Gliscor
|-damage|p1a: Gliscor|66/100 tox
|cant|p1a: Gliscor|flinch
|
|-heal|p1a: Gliscor|79/100 tox|[from] ability: Poison Heal
|upkeep
|turn|50
|
|t:|1759022467
|move|p2a: Passage|Rock Slide|p1a: Gliscor
|-damage|p1a: Gliscor|55/100 tox
|move|p1a: Gliscor|Spikes|p2a: Passage
|-sidestart|p2: leng loi|Spikes
|
|-heal|p1a: Gliscor|68/100 tox|[from] ability: Poison Heal
|upkeep
|turn|51
|
|t:|1759022470
|move|p1a: Gliscor|Protect|p1a: Gliscor
|-singleturn|p1a: Gliscor|Protect
|move|p2a: Passage|Rapid Spin|p1a: Gliscor
|-activate|p1a: Gliscor|move: Protect
|
|-heal|p1a: Gliscor|80/100 tox|[from] ability: Poison Heal
|upkeep
|turn|52
|
|t:|1759022472
|move|p2a: Passage|Rapid Spin|p1a: Gliscor
|-damage|p1a: Gliscor|63/100 tox
|-boost|p2a: Passage|spe|1
|-sideend|p2: leng loi|Spikes|[from] move: Rapid Spin|[of] p2a: Passage
|move|p1a: Gliscor|Spikes|p2a: Passage
|-sidestart|p2: leng loi|Spikes
|
|-heal|p1a: Gliscor|75/100 tox|[from] ability: Poison Heal
|upkeep
|turn|53
|
|t:|1759022477
|move|p2a: Passage|Rock Slide|p1a: Gliscor|[miss]
|-miss|p2a: Passage|p1a: Gliscor
|move|p1a: Gliscor|Earthquake|p2a: Passage
|-supereffective|p2a: Passage
|-damage|p2a: Passage|0 fnt
|faint|p2a: Passage
|
|-heal|p1a: Gliscor|88/100 tox|[from] ability: Poison Heal
|upkeep
|inactive|leng loi has 270 seconds left.
|inactive|leng loi has 240 seconds left.
|
|t:|1759022544
|switch|p2a: Summit|Heatran, F|86/100
|-damage|p2a: Summit|74/100|[from] Spikes
|turn|54
|
|t:|1759022548
|move|p1a: Gliscor|Earthquake|p2a: Summit
|-supereffective|p2a: Summit
|-damage|p2a: Summit|32/100
|move|p2a: Summit|Magma Storm|p1a: Gliscor
|-damage|p1a: Gliscor|48/100 tox
|-activate|p1a: Gliscor|move: Magma Storm|[of] p2a: Summit
|
|-heal|p2a: Summit|39/100|[from] item: Leftovers
|-heal|p1a: Gliscor|60/100 tox|[from] ability: Poison Heal
|-damage|p1a: Gliscor|48/100 tox|[from] move: Magma Storm|[partiallytrapped]
|upkeep
|turn|55
|
|t:|1759022555
|move|p2a: Summit|Protect|p2a: Summit
|-singleturn|p2a: Summit|Protect
|move|p1a: Gliscor|Spikes|p2a: Summit
|-sidestart|p2: leng loi|Spikes
|
|-heal|p2a: Summit|45/100|[from] item: Leftovers
|-heal|p1a: Gliscor|60/100 tox|[from] ability: Poison Heal
|-damage|p1a: Gliscor|48/100 tox|[from] move: Magma Storm|[partiallytrapped]
|upkeep
|turn|56
|
|t:|1759022564
|move|p1a: Gliscor|Earthquake|p2a: Summit
|-supereffective|p2a: Summit
|-damage|p2a: Summit|0 fnt
|faint|p2a: Summit
|
|-heal|p1a: Gliscor|60/100 tox|[from] ability: Poison Heal
|-end|p1a: Gliscor|Magma Storm|[partiallytrapped]|[silent]
|upkeep
|
|t:|1759022575
|switch|p2a: Tarn|Zamazenta|100/100
|-damage|p2a: Tarn|84/100|[from] Spikes
|-ability|p2a: Tarn|Dauntless Shield|boost
|-boost|p2a: Tarn|def|1
|turn|57
|
|t:|1759022578
|move|p2a: Tarn|Iron Defense|p2a: Tarn
|-boost|p2a: Tarn|def|2
|move|p1a: Gliscor|Knock Off|p2a: Tarn
|-resisted|p2a: Tarn
|-damage|p2a: Tarn|82/100
|-enditem|p2a: Tarn|Leftovers|[from] move: Knock Off|[of] p1a: Gliscor
|
|-heal|p1a: Gliscor|73/100 tox|[from] ability: Poison Heal
|upkeep
|turn|58
|
|t:|1759022582
|switch|p1a: Weezing|Weezing-Galar, F|100/100
|-ability|p1a: Weezing|Neutralizing Gas
|move|p2a: Tarn|Heavy Slam|p1a: Weezing
|-supereffective|p1a: Weezing
|-damage|p1a: Weezing|51/100
|
|upkeep
|turn|59
|
|t:|1759022585
|move|p2a: Tarn|Heavy Slam|p1a: Weezing
|-supereffective|p1a: Weezing
|-damage|p1a: Weezing|7/100
|move|p1a: Weezing|Will-O-Wisp|p2a: Tarn
|-status|p2a: Tarn|brn
|
|-damage|p2a: Tarn|76/100 brn|[from] brn
|upkeep
|turn|60
|
|t:|1759022591
|move|p2a: Tarn|Heavy Slam|p1a: Weezing
|-supereffective|p1a: Weezing
|-damage|p1a: Weezing|0 fnt
|faint|p1a: Weezing
|-end|p1a: Weezing|ability: Neutralizing Gas
|
|-damage|p2a: Tarn|70/100 brn|[from] brn
|upkeep
|
|t:|1759022594
|switch|p1a: Corviknight|Corviknight, M|97/100
|-damage|p1a: Corviknight|85/100|[from] Stealth Rock
|-ability|p1a: Corviknight|Pressure
|turn|61
|c|☆leng loi|ggs
|-message|leng loi forfeited.
|
|win|MRH1106
|c|☆MRH1106|ggs
|player|p2|
