|j|☆ArcadianSkies
|j|☆Dr. Sparce
|t:|1758965892
|gametype|singles
|player|p1|ArcadianSkies|volkner|1424
|player|p2|Dr. Sparce|101|1488
|gen|9
|tier|[Gen 9] OU
|rated|
|rule|HP Percentage Mod: HP is shown in percentages
|rule|Endless Battle Clause: Forcing endless battles is banned
|rule|Species Clause: Limit one of each Pokémon
|rule|OHKO Clause: OHKO moves are banned
|rule|Evasion Items Clause: Evasion items are banned
|rule|Evasion Moves Clause: Evasion moves are banned
|rule|Evasion Abilities Clause: Evasion abilities are banned
|rule|Sleep Moves Clause: Sleep-inducing moves are banned
|clearpoke
|poke|p1|Torkoal, F|
|poke|p1|Raging Bolt|
|poke|p1|Slither Wing|
|poke|p1|Great Tusk|
|poke|p1|Iron Moth|
|poke|p1|Walking Wake|
|poke|p2|Gholdengo|
|poke|p2|Zamazenta-*|
|poke|p2|Ting-Lu|
|poke|p2|Clefable, F|
|poke|p2|Dragonite, M|
|poke|p2|Deoxys-Speed|
|teampreview
|inactive|Battle timer is ON: inactive players will automatically lose when time's up. (requested by ArcadianSkies)
|c|☆ArcadianSkies|Hf
|
|t:|1758965904
|teamsize|p1|6
|teamsize|p2|6
|start
|switch|p1a: Aldrich|Torkoal, F|100/100
|switch|p2a: Clefable|Clefable, F|100/100
|-weather|SunnyDay|[from] ability: Drought|[of] p1a: Aldrich
|turn|1
|
|t:|1758965907
|move|p2a: Clefable|Knock Off|p1a: Aldrich
|-damage|p1a: Aldrich|89/100
|-enditem|p1a: Aldrich|Heat Rock|[from] move: Knock Off|[of] p2a: Clefable
|move|p1a: Aldrich|Overheat|p2a: Clefable
|-crit|p2a: Clefable
|-damage|p2a: Clefable|0 fnt
|-unboost|p1a: Aldrich|spa|2
|faint|p2a: Clefable
|
|-weather|SunnyDay|[upkeep]
|upkeep
|
|t:|1758965914
|switch|p2a: Ting-Lu|Ting-Lu|100/100
|-ability|p2a: Ting-Lu|Vessel of Ruin
|turn|2
|
|t:|1758965918
|move|p2a: Ting-Lu|Spikes|p1a: Aldrich
|-sidestart|p1: ArcadianSkies|Spikes
|move|p1a: Aldrich|Stealth Rock|p2a: Ting-Lu
|-sidestart|p2: Dr. Sparce|move: Stealth Rock
|
|-weather|SunnyDay|[upkeep]
|upkeep
|turn|3
|
|t:|1758965922
|move|p1a: Aldrich|Will-O-Wisp|p2a: Ting-Lu
|-status|p2a: Ting-Lu|brn
|move|p2a: Ting-Lu|Whirlwind|p1a: Aldrich
|drag|p1a: Throat Goat|Raging Bolt|100/100
|-damage|p1a: Throat Goat|88/100|[from] Spikes
|-activate|p1a: Throat Goat|ability: Protosynthesis
|-start|p1a: Throat Goat|protosynthesisspa
|
|-weather|SunnyDay|[upkeep]
|-damage|p2a: Ting-Lu|94/100 brn|[from] brn
|upkeep
|turn|4
|
|t:|1758965927
|-terastallize|p1a: Throat Goat|Fire
|move|p1a: Throat Goat|Weather Ball|p2a: Ting-Lu
|-damage|p2a: Ting-Lu|28/100 brn
|move|p2a: Ting-Lu|Spikes|p1a: Throat Goat
|-sidestart|p1: ArcadianSkies|Spikes
|
|-weather|SunnyDay|[upkeep]
|-heal|p2a: Ting-Lu|34/100 brn|[from] item: Leftovers
|-damage|p2a: Ting-Lu|28/100 brn|[from] brn
|upkeep
|turn|5
|
|t:|1758965942
|switch|p2a: Dragonite|Dragonite, M|100/100
|move|p1a: Throat Goat|Weather Ball|p2a: Dragonite
|-resisted|p2a: Dragonite
|-damage|p2a: Dragonite|62/100
|
|-weather|SunnyDay|[upkeep]
|upkeep
|turn|6
|
|t:|1758965951
|move|p2a: Dragonite|Earthquake|p1a: Throat Goat
|-supereffective|p1a: Throat Goat
|-damage|p1a: Throat Goat|26/100
|move|p1a: Throat Goat|Weather Ball|p2a: Dragonite
|-resisted|p2a: Dragonite
|-damage|p2a: Dragonite|0 fnt
|faint|p2a: Dragonite
|
|-weather|SunnyDay|[upkeep]
|upkeep
|
|t:|1758965962
|switch|p2a: Deoxys|Deoxys-Speed|100/100
|-ability|p2a: Deoxys|Pressure
|turn|7
|
|t:|1758965970
|move|p2a: Deoxys|Thunderbolt|p1a: Throat Goat
|-damage|p1a: Throat Goat|4/100
|move|p1a: Throat Goat|Weather Ball|p2a: Deoxys
|-damage|p2a: Deoxys|0 fnt
|faint|p2a: Deoxys
|
|-weather|SunnyDay|[upkeep]
|upkeep
|
|t:|1758965981
|switch|p2a: Zamazenta|Zamazenta|100/100
|-ability|p2a: Zamazenta|Dauntless Shield|boost
|-boost|p2a: Zamazenta|def|1
|turn|8
|
|t:|1758965985
|move|p2a: Zamazenta|Crunch|p1a: Throat Goat
|-damage|p1a: Throat Goat|0 fnt
|faint|p1a: Throat Goat
|-end|p1a: Throat Goat|Protosynthesis|[silent]
|
|-weather|none
|upkeep
|
|t:|1758965992
|switch|p1a: Gyatt Tusk|Great Tusk|100/100
|turn|9
|
|t:|1758965998
|switch|p2a: Gholdengo|Gholdengo|100/100
|move|p1a: Gyatt Tusk|Rapid Spin|p2a: Gholdengo
|-immune|p2a: Gholdengo
|
|upkeep
|turn|10
|
|t:|1758966015
|-end|p1a: Gyatt Tusk|Protosynthesis|[silent]
|switch|p1a: Aldrich|Torkoal, F|89/100
|-damage|p1a: Aldrich|73/100|[from] Spikes
|-weather|SunnyDay|[from] ability: Drought|[of] p1a: Aldrich
|move|p2a: Gholdengo|Shadow Ball|p1a: Aldrich
|-damage|p1a: Aldrich|29/100
|
|-weather|SunnyDay|[upkeep]
|upkeep
|turn|11
|
|t:|1758966027
|move|p2a: Gholdengo|Shadow Ball|p1a: Aldrich
|-damage|p1a: Aldrich|0 fnt
|faint|p1a: Aldrich
|
|-weather|SunnyDay|[upkeep]
|upkeep
|
|t:|1758966043
|switch|p1a: Sun Merchant|Walking Wake|100/100
|-damage|p1a: Sun Merchant|84/100|[from] Spikes
|-activate|p1a: Sun Merchant|ability: Protosynthesis
|-start|p1a: Sun Merchant|protosynthesisspa
|turn|12
|
|t:|1758966054
|move|p1a: Sun Merchant|Weather Ball|p2a: Gholdengo
|-supereffective|p2a: Gholdengo
|-damage|p2a: Gholdengo|0 fnt
|faint|p2a: Gholdengo
|-damage|p1a: Sun Merchant|74/100|[from] item: Life Orb
|
|-weather|SunnyDay|[upkeep]
|upkeep
|
|t:|1758966057
|switch|p2a: Zamazenta|Zamazenta|100/100
|turn|13
|
|t:|1758966061
|move|p2a: Zamazenta|Close Combat|p1a: Sun Merchant
|-damage|p1a: Sun Merchant|11/100
|-unboost|p2a: Zamazenta|def|1
|-unboost|p2a: Zamazenta|spd|1
|move|p1a: Sun Merchant|Agility|p1a: Sun Merchant
|-boost|p1a: Sun Merchant|spe|2
|
|-weather|SunnyDay|[upkeep]
|upkeep
|turn|14
|
|t:|1758966075
|switch|p2a: Ting-Lu|Ting-Lu|28/100 brn
|-damage|p2a: Ting-Lu|22/100 brn|[from] Stealth Rock
|-ability|p2a: Ting-Lu|Vessel of Ruin
|move|p1a: Sun Merchant|Hydro Steam|p2a: Ting-Lu
|-supereffective|p2a: Ting-Lu
|-damage|p2a: Ting-Lu|0 fnt
|faint|p2a: Ting-Lu
|-damage|p1a: Sun Merchant|1/100|[from] item: Life Orb
|
|-weather|none
|-end|p1a: Sun Merchant|Protosynthesis
|upkeep
|
|t:|1758966082
|switch|p2a: Zamazenta|Zamazenta|100/100
|turn|15
|
|t:|1758966088
|move|p1a: Sun Merchant|Dragon Pulse|p2a: Zamazenta
|-damage|p2a: Zamazenta|50/100
|-damage|p1a: Sun Merchant|0 fnt|[from] item: Life Orb
|faint|p1a: Sun Merchant
|-end|p1a: Sun Merchant|Protosynthesis|[silent]
|move|p2a: Zamazenta|Crunch|p1: Sun Merchant|[notarget]
|-fail|p2a: Zamazenta
|
|upkeep
|
|t:|1758966095
|switch|p1a: Fluffy :)|Slither Wing|100/100
|-damage|p1a: Fluffy :)|84/100|[from] Spikes
|turn|16
|
|t:|1758966099
|move|p1a: Fluffy :)|First Impression|p2a: Zamazenta
|-resisted|p2a: Zamazenta
|-damage|p2a: Zamazenta|26/100
|move|p2a: Zamazenta|Ice Fang|p1a: Fluffy :)
|-damage|p1a: Fluffy :)|62/100
|
|upkeep
|turn|17
|c|☆ArcadianSkies|Gg
|
|t:|1758966109
|move|p2a: Zamazenta|Ice Fang|p1a: Fluffy :)
|-damage|p1a: Fluffy :)|38/100
|-status|p1a: Fluffy :)|frz
|cant|p1a: Fluffy :)|flinch
|
|upkeep
|turn|18
|
|t:|1758966116
|move|p2a: Zamazenta|Ice Fang|p1a: Fluffy :)
|-crit|p1a: Fluffy :)
|-damage|p1a: Fluffy :)|4/100 frz
|-curestatus|p1a: Fluffy :)|frz|[from] move: Flare Blitz
|move|p1a: Fluffy :)|Flare Blitz|p2a: Zamazenta
|-damage|p2a: Zamazenta|0 fnt
|faint|p2a: Zamazenta
|-damage|p1a: Fluffy :)|0 fnt|[from] Recoil
|faint|p1a: Fluffy :)
|-end|p1a: Fluffy :)|Protosynthesis|[silent]
|
|win|ArcadianSkies
|raw|ArcadianSkies's rating: 1424 &rarr; <strong>1448</strong><br />(+24 for winning)
|raw|Dr. Sparce's rating: 1488 &rarr; <strong>1464</strong><br />(-24 for losing)
|l|☆Dr. Sparce
|player|p2|
