|j|☆rivnarrex2
|j|☆BananaOnToast
|t:|1758922405
|gametype|singles
|player|p1|rivnarrex2|benga|1530
|player|p2|BananaOnToast|dawn-gen4pt|1502
|gen|9
|tier|[Gen 9] OU
|rated|
|rule|HP Percentage Mod: HP is shown in percentages
|rule|Endless Battle Clause: Forcing endless battles is banned
|rule|Species Clause: Limit one of each Pokémon
|rule|OHKO Clause: OHKO moves are banned
|rule|Evasion Items Clause: Evasion items are banned
|rule|Evasion Moves Clause: Evasion moves are banned
|rule|Evasion Abilities Clause: Evasion abilities are banned
|rule|Sleep Moves Clause: Sleep-inducing moves are banned
|clearpoke
|poke|p1|Ursaluna, M|
|poke|p1|Cresselia, F|
|poke|p1|Iron Valiant|
|poke|p1|Hatterene, F|
|poke|p1|Keldeo-Resolute|
|poke|p1|Ogerpon, F|
|poke|p2|Infernape, M|
|poke|p2|Garganacl, F|
|poke|p2|Great Tusk|
|poke|p2|Alomomola, F|
|poke|p2|Corviknight, F|
|poke|p2|Dragonite, M|
|teampreview
|inactive|Battle timer is ON: inactive players will automatically lose when time's up. (requested by BananaOnToast)
|
|t:|1758922446
|teamsize|p1|6
|teamsize|p2|6
|start
|switch|p1a: Keldeo|Keldeo-Resolute|100/100
|switch|p2a: fire blast|Infernape, M|100/100
|turn|1
|
|t:|1758922471
|switch|p2a: Alomomola|Alomomola, F|100/100
|move|p1a: Keldeo|Flip Turn|p2a: Alomomola
|-resisted|p2a: Alomomola
|-damage|p2a: Alomomola|97/100
|
|t:|1758922477
|switch|p1a: Ursaluna|Ursaluna, M, shiny|100/100|[from] Flip Turn
|
|-status|p1a: Ursaluna|brn|[from] item: Flame Orb
|upkeep
|turn|2
|
|t:|1758922485
|move|p2a: Alomomola|Flip Turn|p1a: Ursaluna
|-supereffective|p1a: Ursaluna
|-damage|p1a: Ursaluna|81/100 brn
|
|t:|1758922491
|switch|p2a: Great Tusk|Great Tusk|100/100|[from] Flip Turn
|move|p1a: Ursaluna|Facade|p2a: Great Tusk
|-damage|p2a: Great Tusk|2/100
|
|-damage|p1a: Ursaluna|75/100 brn|[from] brn
|upkeep
|turn|3
|
|t:|1758922502
|switch|p1a: Hatterene|Hatterene, F, shiny|100/100
|move|p2a: Great Tusk|Headlong Rush|p1a: Hatterene
|-damage|p1a: Hatterene|35/100
|-unboost|p2a: Great Tusk|def|1
|-unboost|p2a: Great Tusk|spd|1
|
|upkeep
|turn|4
|
|t:|1758922511
|switch|p1a: Ogerpon|Ogerpon, F|100/100
|move|p2a: Great Tusk|Headlong Rush|p1a: Ogerpon
|-resisted|p1a: Ogerpon
|-damage|p1a: Ogerpon|56/100
|-unboost|p2a: Great Tusk|def|1
|-unboost|p2a: Great Tusk|spd|1
|
|upkeep
|turn|5
|
|t:|1758922520
|-end|p2a: Great Tusk|Protosynthesis|[silent]
|switch|p2a: Corviknight|Corviknight, F|100/100
|move|p1a: Ogerpon|Knock Off|p2a: Corviknight
|-damage|p2a: Corviknight|58/100
|-enditem|p2a: Corviknight|Leftovers|[from] move: Knock Off|[of] p1a: Ogerpon
|
|upkeep
|turn|6
|
|t:|1758922530
|switch|p1a: Keldeo|Keldeo-Resolute|100/100
|move|p2a: Corviknight|Brave Bird|p1a: Keldeo
|-supereffective|p1a: Keldeo
|-damage|p1a: Keldeo|13/100
|-damage|p2a: Corviknight|35/100|[from] Recoil
|
|upkeep
|turn|7
|
|t:|1758922538
|switch|p2a: Alomomola|Alomomola, F|100/100
|move|p1a: Keldeo|Secret Sword|p2a: Alomomola
|-damage|p2a: Alomomola|59/100
|
|upkeep
|turn|8
|
|t:|1758922554
|switch|p1a: Ogerpon|Ogerpon, F|56/100
|move|p2a: Alomomola|Flip Turn|p1a: Ogerpon
|-resisted|p1a: Ogerpon
|-damage|p1a: Ogerpon|47/100
|inactive|BananaOnToast has 120 seconds left.
|
|t:|1758922586
|switch|p2a: fire blast|Infernape, M|100/100|[from] Flip Turn
|
|upkeep
|turn|9
|
|t:|1758922596
|switch|p1a: Cresselia|Cresselia, F, shiny|100/100
|move|p2a: fire blast|U-turn|p1a: Cresselia
|-supereffective|p1a: Cresselia
|-damage|p1a: Cresselia|82/100
|-damage|p2a: fire blast|84/100|[from] item: Rocky Helmet|[of] p1a: Cresselia
|inactive|BananaOnToast has 120 seconds left.
|
|t:|1758922623
|switch|p2a: Alomomola|Alomomola, F|92/100|[from] U-turn
|
|upkeep
|turn|10
|
|t:|1758922633
|move|p2a: Alomomola|Wish|p2a: Alomomola
|move|p1a: Cresselia|Trick Room|p1a: Cresselia
|-fieldstart|move: Trick Room|[of] p1a: Cresselia
|
|upkeep
|turn|11
|inactive|BananaOnToast has 120 seconds left.
|
|t:|1758922649
|move|p1a: Cresselia|Lunar Dance|p1a: Cresselia
|faint|p1a: Cresselia
|move|p2a: Alomomola|Flip Turn|p1: Cresselia|[notarget]
|-fail|p2a: Alomomola
|
|-heal|p2a: Alomomola|100/100|[from] move: Wish|[wisher] Alomomola
|upkeep
|inactive|rivnarrex2 has 120 seconds left.
|
|t:|1758922679
|switch|p1a: Keldeo|Keldeo-Resolute|13/100
|-heal|p1a: Keldeo|100/100|[from] move: Lunar Dance
|turn|12
|inactive|BananaOnToast has 120 seconds left.
|
|t:|1758922687
|move|p2a: Alomomola|Wish|p2a: Alomomola
|move|p1a: Keldeo|Secret Sword|p2a: Alomomola
|-damage|p2a: Alomomola|62/100
|
|upkeep
|turn|13
|
|t:|1758922696
|move|p2a: Alomomola|Flip Turn|p1a: Keldeo
|-resisted|p1a: Keldeo
|-damage|p1a: Keldeo|92/100
|inactive|BananaOnToast has 120 seconds left.
|
|t:|1758922711
|switch|p2a: Dragonite|Dragonite, M|100/100|[from] Flip Turn
|move|p1a: Keldeo|Secret Sword|p2a: Dragonite
|-resisted|p2a: Dragonite
|-damage|p2a: Dragonite|82/100
|
|-heal|p2a: Dragonite|100/100|[from] move: Wish|[wisher] Alomomola
|upkeep
|turn|14
|
|t:|1758922719
|switch|p1a: Iron Valiant|Iron Valiant|100/100
|-enditem|p1a: Iron Valiant|Booster Energy
|-activate|p1a: Iron Valiant|ability: Quark Drive|[fromitem]
|-start|p1a: Iron Valiant|quarkdrivespe
|move|p2a: Dragonite|Dragon Dance|p2a: Dragonite
|-boost|p2a: Dragonite|atk|1
|-boost|p2a: Dragonite|spe|1
|
|-fieldend|move: Trick Room
|upkeep
|turn|15
|
|t:|1758922734
|move|p1a: Iron Valiant|Encore|p2a: Dragonite
|-start|p2a: Dragonite|Encore
|move|p2a: Dragonite|Dragon Dance|p2a: Dragonite
|-boost|p2a: Dragonite|atk|1
|-boost|p2a: Dragonite|spe|1
|
|upkeep
|turn|16
|inactive|BananaOnToast has 120 seconds left.
|
|t:|1758922771
|-terastallize|p2a: Dragonite|Normal
|move|p1a: Iron Valiant|Moonblast|p2a: Dragonite
|-damage|p2a: Dragonite|77/100
|-unboost|p2a: Dragonite|spa|1
|move|p2a: Dragonite|Dragon Dance|p2a: Dragonite
|-boost|p2a: Dragonite|atk|1
|-boost|p2a: Dragonite|spe|1
|
|upkeep
|turn|17
|
|t:|1758922789
|move|p2a: Dragonite|Dragon Dance|p2a: Dragonite
|-boost|p2a: Dragonite|atk|1
|-boost|p2a: Dragonite|spe|1
|move|p1a: Iron Valiant|Close Combat|p2a: Dragonite
|-supereffective|p2a: Dragonite
|-crit|p2a: Dragonite
|-damage|p2a: Dragonite|0 fnt
|-unboost|p1a: Iron Valiant|def|1
|-unboost|p1a: Iron Valiant|spd|1
|faint|p2a: Dragonite
|
|upkeep
|inactive|BananaOnToast has 90 seconds left.
|inactive|BananaOnToast has 60 seconds left.
|
|t:|1758922842
|switch|p2a: fire blast|Infernape, M|84/100
|turn|18
|inactive|rivnarrex2 has 120 seconds left.
|
|t:|1758922882
|-end|p1a: Iron Valiant|Quark Drive|[silent]
|switch|p1a: Keldeo|Keldeo-Resolute|92/100
|move|p2a: fire blast|Will-O-Wisp|p1a: Keldeo
|-status|p1a: Keldeo|brn
|
|-damage|p1a: Keldeo|86/100 brn|[from] brn
|upkeep
|turn|19
|inactive|rivnarrex2 has 120 seconds left.
|
|t:|1758922888
|switch|p2a: Alomomola|Alomomola, F|95/100
|move|p1a: Keldeo|Surf|p2a: Alomomola
|-resisted|p2a: Alomomola
|-damage|p2a: Alomomola|53/100
|
|-damage|p1a: Keldeo|80/100 brn|[from] brn
|upkeep
|turn|20
|
|t:|1758922895
|move|p1a: Keldeo|Surf|p2a: Alomomola
|-resisted|p2a: Alomomola
|-damage|p2a: Alomomola|9/100
|move|p2a: Alomomola|Flip Turn|p1a: Keldeo
|-resisted|p1a: Keldeo
|-damage|p1a: Keldeo|72/100 brn
|inactive|BananaOnToast has 60 seconds left.
|
|t:|1758922943
|switch|p2a: Corviknight|Corviknight, F|35/100|[from] Flip Turn
|
|-damage|p1a: Keldeo|66/100 brn|[from] brn
|upkeep
|turn|21
|
|t:|1758922949
|move|p1a: Keldeo|Surf|p2a: Corviknight
|-damage|p2a: Corviknight|0 fnt
|faint|p2a: Corviknight
|
|-damage|p1a: Keldeo|59/100 brn|[from] brn
|upkeep
|
|t:|1758922964
|switch|p2a: Garganacl|Garganacl, F|100/100
|turn|22
|
|t:|1758922970
|switch|p1a: Hatterene|Hatterene, F, shiny|35/100
|move|p2a: Garganacl|Salt Cure|p1a: Hatterene
|-damage|p1a: Hatterene|21/100
|-start|p1a: Hatterene|Salt Cure
|
|-damage|p1a: Hatterene|8/100|[from] Salt Cure
|upkeep
|turn|23
|
|t:|1758922976
|switch|p2a: Alomomola|Alomomola, F|42/100
|move|p1a: Hatterene|Psychic Noise|p2a: Alomomola
|-damage|p2a: Alomomola|0 fnt
|faint|p2a: Alomomola
|
|-damage|p1a: Hatterene|0 fnt|[from] Salt Cure
|faint|p1a: Hatterene
|upkeep
|inactive|rivnarrex2 has 120 seconds left.
|
|t:|1758923008
|switch|p2a: Garganacl|Garganacl, F|100/100
|switch|p1a: Iron Valiant|Iron Valiant|100/100
|turn|24
|-message|BananaOnToast forfeited.
|
|win|rivnarrex2
|raw|rivnarrex2's rating: 1530 &rarr; <strong>1548</strong><br />(+18 for winning)
|raw|BananaOnToast's rating: 1502 &rarr; <strong>1484</strong><br />(-18 for losing)
|l|☆BananaOnToast
|player|p2|
|l|☆rivnarrex2
|player|p1|
