|j|☆person_134
|j|☆ViaVeritas
|t:|1758918703
|gametype|singles
|player|p1|person_134|archer|1148
|player|p2|ViaVeritas|giovanni|1197
|gen|9
|tier|[Gen 9] OU
|rated|
|rule|HP Percentage Mod: HP is shown in percentages
|rule|Endless Battle Clause: Forcing endless battles is banned
|rule|Species Clause: Limit one of each Pokémon
|rule|OHKO Clause: OHKO moves are banned
|rule|Evasion Items Clause: Evasion items are banned
|rule|Evasion Moves Clause: Evasion moves are banned
|rule|Evasion Abilities Clause: Evasion abilities are banned
|rule|Sleep Moves Clause: Sleep-inducing moves are banned
|clearpoke
|poke|p1|Kommo-o, M|
|poke|p1|Florges, F|
|poke|p1|Porygon-Z|
|poke|p1|Muk-Alola, F|
|poke|p1|Mudsdale, F|
|poke|p1|Magmortar, F|
|poke|p2|Chandelure, M|
|poke|p2|Grimmsnarl, M|
|poke|p2|Dragonite, F|
|poke|p2|Iron Valiant|
|poke|p2|Slowking-Galar, M|
|poke|p2|Corviknight, M|
|teampreview
|
|t:|1758918711
|teamsize|p1|6
|teamsize|p2|6
|start
|switch|p1a: Kommo-o|Kommo-o, M|100/100
|switch|p2a: Grimmsnarl|Grimmsnarl, M, shiny|100/100
|turn|1
|
|t:|1758918718
|switch|p1a: Muk|Muk-Alola, F|100/100
|move|p2a: Grimmsnarl|Thunder Wave|p1a: Muk
|-hint|Since gen 7, Dark is immune to Prankster moves.
|-immune|p1a: Muk
|
|upkeep
|turn|2
|
|t:|1758918727
|move|p2a: Grimmsnarl|Light Screen|p2a: Grimmsnarl
|-sidestart|p2: ViaVeritas|move: Light Screen
|move|p1a: Muk|Poison Jab|p2a: Grimmsnarl
|-supereffective|p2a: Grimmsnarl
|-damage|p2a: Grimmsnarl|9/100
|
|upkeep
|turn|3
|
|t:|1758918738
|move|p2a: Grimmsnarl|Parting Shot|p1a: Muk
|-hint|Since gen 7, Dark is immune to Prankster moves.
|-immune|p1a: Muk
|move|p1a: Muk|Knock Off|p2a: Grimmsnarl
|-resisted|p2a: Grimmsnarl
|-damage|p2a: Grimmsnarl|0 fnt
|-enditem|p2a: Grimmsnarl|Light Clay|[from] move: Knock Off|[of] p1a: Muk
|faint|p2a: Grimmsnarl
|
|upkeep
|
|t:|1758918748
|switch|p2a: Corviknight|Corviknight, M, shiny|100/100
|-ability|p2a: Corviknight|Pressure
|turn|4
|
|t:|1758918753
|move|p2a: Corviknight|Brave Bird|p1a: Muk
|-damage|p1a: Muk|57/100
|-damage|p2a: Corviknight|88/100|[from] Recoil
|move|p1a: Muk|Knock Off|p2a: Corviknight
|-damage|p2a: Corviknight|60/100
|-enditem|p2a: Corviknight|Leftovers|[from] move: Knock Off|[of] p1a: Muk
|
|-heal|p1a: Muk|63/100|[from] item: Black Sludge
|upkeep
|turn|5
|
|t:|1758918764
|move|p2a: Corviknight|Roost|p2a: Corviknight
|-heal|p2a: Corviknight|100/100
|-singleturn|p2a: Corviknight|move: Roost
|move|p1a: Muk|Fire Punch|p2a: Corviknight
|-supereffective|p2a: Corviknight
|-damage|p2a: Corviknight|68/100
|
|-heal|p1a: Muk|70/100|[from] item: Black Sludge
|upkeep
|turn|6
|
|t:|1758918774
|move|p2a: Corviknight|Body Press|p1a: Muk
|-damage|p1a: Muk|39/100
|move|p1a: Muk|Fire Punch|p2a: Corviknight
|-supereffective|p2a: Corviknight
|-damage|p2a: Corviknight|38/100
|
|-heal|p1a: Muk|45/100|[from] item: Black Sludge
|upkeep
|turn|7
|
|t:|1758918783
|move|p2a: Corviknight|Roost|p2a: Corviknight
|-heal|p2a: Corviknight|88/100
|-singleturn|p2a: Corviknight|move: Roost
|move|p1a: Muk|Drain Punch|p2a: Corviknight
|-supereffective|p2a: Corviknight
|-damage|p2a: Corviknight|57/100
|-heal|p1a: Muk|63/100|[from] drain|[of] p2a: Corviknight
|
|-heal|p1a: Muk|70/100|[from] item: Black Sludge
|upkeep
|turn|8
|
|t:|1758918795
|move|p2a: Corviknight|Body Press|p1a: Muk
|-damage|p1a: Muk|39/100
|move|p1a: Muk|Fire Punch|p2a: Corviknight
|-supereffective|p2a: Corviknight
|-damage|p2a: Corviknight|26/100
|
|-heal|p1a: Muk|45/100|[from] item: Black Sludge
|upkeep
|turn|9
|
|t:|1758918804
|move|p2a: Corviknight|Roost|p2a: Corviknight
|-heal|p2a: Corviknight|76/100
|-singleturn|p2a: Corviknight|move: Roost
|move|p1a: Muk|Drain Punch|p2a: Corviknight
|-supereffective|p2a: Corviknight
|-damage|p2a: Corviknight|42/100
|-heal|p1a: Muk|64/100|[from] drain|[of] p2a: Corviknight
|
|-heal|p1a: Muk|71/100|[from] item: Black Sludge
|-sideend|p2: ViaVeritas|move: Light Screen
|upkeep
|turn|10
|
|t:|1758918816
|move|p2a: Corviknight|Brave Bird|p1a: Muk
|-damage|p1a: Muk|28/100
|-damage|p2a: Corviknight|30/100|[from] Recoil
|move|p1a: Muk|Fire Punch|p2a: Corviknight
|-supereffective|p2a: Corviknight
|-damage|p2a: Corviknight|0 fnt
|faint|p2a: Corviknight
|
|-heal|p1a: Muk|34/100|[from] item: Black Sludge
|upkeep
|
|t:|1758918827
|switch|p2a: Slowking|Slowking-Galar, M|100/100
|turn|11
|
|t:|1758918837
|move|p1a: Muk|Knock Off|p2a: Slowking
|-supereffective|p2a: Slowking
|-damage|p2a: Slowking|0 fnt
|-enditem|p2a: Slowking|Assault Vest|[from] move: Knock Off|[of] p1a: Muk
|faint|p2a: Slowking
|
|-heal|p1a: Muk|41/100|[from] item: Black Sludge
|upkeep
|
|t:|1758918845
|switch|p2a: Dragonite|Dragonite, F|100/100
|turn|12
|
|t:|1758918851
|move|p2a: Dragonite|Earthquake|p1a: Muk
|-supereffective|p1a: Muk
|-damage|p1a: Muk|0 fnt
|faint|p1a: Muk
|
|upkeep
|
|t:|1758918856
|switch|p1a: Florges|Florges, F|100/100
|turn|13
|
|t:|1758918868
|switch|p2a: Chandelure|Chandelure, M, shiny|100/100
|move|p1a: Florges|Moonblast|p2a: Chandelure
|-resisted|p2a: Chandelure
|-damage|p2a: Chandelure|63/100
|
|upkeep
|turn|14
|
|t:|1758918876
|switch|p1a: Mudsdale|Mudsdale, F|100/100
|move|p2a: Chandelure|Fire Blast|p1a: Mudsdale
|-damage|p1a: Mudsdale|43/100
|-ability|p1a: Mudsdale|Stamina|boost
|-boost|p1a: Mudsdale|def|1
|
|-heal|p1a: Mudsdale|50/100|[from] item: Leftovers
|upkeep
|turn|15
|
|t:|1758918886
|move|p2a: Chandelure|Fire Blast|p1a: Mudsdale
|-damage|p1a: Mudsdale|0 fnt
|faint|p1a: Mudsdale
|
|upkeep
|
|t:|1758918891
|switch|p1a: Magmortar|Magmortar, F|100/100
|turn|16
|
|t:|1758918895
|move|p2a: Chandelure|Fire Blast|p1a: Magmortar
|-resisted|p1a: Magmortar
|-damage|p1a: Magmortar|63/100
|move|p1a: Magmortar|Scorching Sands|p2a: Chandelure
|-supereffective|p2a: Chandelure
|-damage|p2a: Chandelure|0 fnt
|faint|p2a: Chandelure
|
|-heal|p1a: Magmortar|69/100|[from] item: Leftovers
|upkeep
|
|t:|1758918908
|switch|p2a: Dragonite|Dragonite, F|100/100
|turn|17
|
|t:|1758918913
|switch|p1a: Porygon-Z|Porygon-Z|100/100
|-ability|p1a: Porygon-Z|Download|boost
|-boost|p1a: Porygon-Z|atk|1
|move|p2a: Dragonite|Earthquake|p1a: Porygon-Z
|-damage|p1a: Porygon-Z|48/100
|
|upkeep
|turn|18
|
|t:|1758918921
|move|p2a: Dragonite|Dragon Dance|p2a: Dragonite
|-boost|p2a: Dragonite|atk|1
|-boost|p2a: Dragonite|spe|1
|move|p1a: Porygon-Z|Ice Beam|p2a: Dragonite
|-supereffective|p2a: Dragonite
|-damage|p2a: Dragonite|6/100
|-damage|p1a: Porygon-Z|38/100|[from] item: Life Orb
|
|upkeep
|turn|19
|
|t:|1758918930
|move|p2a: Dragonite|Earthquake|p1a: Porygon-Z
|-damage|p1a: Porygon-Z|0 fnt
|faint|p1a: Porygon-Z
|
|upkeep
|
|t:|1758918935
|switch|p1a: Florges|Florges, F|100/100
|turn|20
|
|t:|1758918943
|move|p2a: Dragonite|Earthquake|p1a: Florges
|-damage|p1a: Florges|45/100
|move|p1a: Florges|Moonblast|p2a: Dragonite
|-supereffective|p2a: Dragonite
|-damage|p2a: Dragonite|0 fnt
|faint|p2a: Dragonite
|
|upkeep
|
|t:|1758918950
|switch|p2a: Iron Valiant|Iron Valiant, shiny|100/100
|-enditem|p2a: Iron Valiant|Booster Energy
|-activate|p2a: Iron Valiant|ability: Quark Drive|[fromitem]
|-start|p2a: Iron Valiant|quarkdrivespe
|turn|21
|
|t:|1758918962
|-terastallize|p2a: Iron Valiant|Steel
|move|p2a: Iron Valiant|Thunderbolt|p1a: Florges
|-damage|p1a: Florges|26/100
|move|p1a: Florges|Draining Kiss|p2a: Iron Valiant
|-resisted|p2a: Iron Valiant
|-damage|p2a: Iron Valiant|79/100
|-heal|p1a: Florges|41/100|[from] drain|[of] p2a: Iron Valiant
|
|upkeep
|turn|22
|
|t:|1758918973
|switch|p1a: Magmortar|Magmortar, F|69/100
|move|p2a: Iron Valiant|Moonblast|p1a: Magmortar
|-resisted|p1a: Magmortar
|-damage|p1a: Magmortar|39/100
|
|-heal|p1a: Magmortar|46/100|[from] item: Leftovers
|upkeep
|turn|23
|
|t:|1758918982
|move|p2a: Iron Valiant|Thunderbolt|p1a: Magmortar
|-damage|p1a: Magmortar|9/100
|move|p1a: Magmortar|Fire Blast|p2a: Iron Valiant
|-supereffective|p2a: Iron Valiant
|-damage|p2a: Iron Valiant|0 fnt
|faint|p2a: Iron Valiant
|-end|p2a: Iron Valiant|Quark Drive|[silent]
|
|win|person_134
|raw|person_134's rating: 1148 &rarr; <strong>1177</strong><br />(+29 for winning)
|raw|ViaVeritas's rating: 1197 &rarr; <strong>1168</strong><br />(-29 for losing)
|l|☆person_134
|player|p1|
|c|☆ViaVeritas|gg
|l|☆ViaVeritas
|player|p2|
