|j|☆god of joe
|j|☆Glalie22
|t:|1758938931
|gametype|singles
|player|p1|god of joe|psychic-gen4|1474
|player|p2|Glalie22|raihan|1450
|gen|9
|tier|[Gen 9] OU
|rated|
|rule|HP Percentage Mod: HP is shown in percentages
|rule|Endless Battle Clause: Forcing endless battles is banned
|rule|Species Clause: Limit one of each Pokémon
|rule|OHKO Clause: OHKO moves are banned
|rule|Evasion Items Clause: Evasion items are banned
|rule|Evasion Moves Clause: Evasion moves are banned
|rule|Evasion Abilities Clause: Evasion abilities are banned
|rule|Sleep Moves Clause: Sleep-inducing moves are banned
|clearpoke
|poke|p1|Ninetales, F|
|poke|p1|Zarude|
|poke|p1|Walking Wake|
|poke|p1|Great Tusk|
|poke|p1|Ceruledge, F|
|poke|p1|Skarmory, F|
|poke|p2|Enamorus, F|
|poke|p2|Kyurem|
|poke|p2|Landorus-Therian, M|
|poke|p2|Kingambit, F|
|poke|p2|Ogerpon-Wellspring, F|
|poke|p2|Glimmora, F|
|teampreview
|
|t:|1758938946
|teamsize|p1|6
|teamsize|p2|6
|start
|switch|p1a: amaterasu|Ninetales, F|100/100
|switch|p2a: Glimmora|Glimmora, F|100/100
|-weather|SunnyDay|[from] ability: Drought|[of] p1a: amaterasu
|turn|1
|
|t:|1758938955
|switch|p1a: ancient core|Great Tusk|100/100
|-activate|p1a: ancient core|ability: Protosynthesis
|-start|p1a: ancient core|protosynthesisspe
|move|p2a: Glimmora|Earth Power|p1a: ancient core
|-damage|p1a: ancient core|65/100
|
|-weather|SunnyDay|[upkeep]
|upkeep
|turn|2
|
|t:|1758938963
|switch|p2a: Landorus|Landorus-Therian, M|100/100
|-ability|p2a: Landorus|Intimidate|boost
|-unboost|p1a: ancient core|atk|1
|move|p1a: ancient core|Stealth Rock|p2a: Landorus
|-sidestart|p2: Glalie22|move: Stealth Rock
|
|-weather|SunnyDay|[upkeep]
|upkeep
|turn|3
|
|t:|1758938972
|move|p1a: ancient core|Ice Spinner|p2a: Landorus
|-supereffective|p2a: Landorus
|-damage|p2a: Landorus|42/100
|-damage|p1a: ancient core|48/100|[from] item: Rocky Helmet|[of] p2a: Landorus
|move|p2a: Landorus|U-turn|p1a: ancient core
|-resisted|p1a: ancient core
|-damage|p1a: ancient core|42/100
|
|t:|1758938980
|switch|p2a: Ogerpon|Ogerpon-Wellspring, F|100/100|[from] U-turn
|-damage|p2a: Ogerpon|88/100|[from] Stealth Rock
|
|-weather|SunnyDay|[upkeep]
|upkeep
|turn|4
|
|t:|1758938988
|-end|p1a: ancient core|Protosynthesis|[silent]
|switch|p1a: boeing-227|Skarmory, F|100/100
|move|p2a: Ogerpon|U-turn|p1a: boeing-227
|-resisted|p1a: boeing-227
|-damage|p1a: boeing-227|95/100
|-damage|p2a: Ogerpon|72/100|[from] item: Rocky Helmet|[of] p1a: boeing-227
|-ability|p1a: boeing-227|Weak Armor|boost
|-unboost|p1a: boeing-227|def|1
|-boost|p1a: boeing-227|spe|2
|
|t:|1758938994
|switch|p2a: Enamorus|Enamorus, F|100/100|[from] U-turn
|
|-weather|SunnyDay|[upkeep]
|upkeep
|turn|5
|
|t:|1758939009
|move|p1a: boeing-227|Brave Bird|p2a: Enamorus
|-damage|p2a: Enamorus|29/100
|-damage|p1a: boeing-227|71/100|[from] Recoil
|move|p2a: Enamorus|Moonblast|p1a: boeing-227
|-resisted|p1a: boeing-227
|-damage|p1a: boeing-227|33/100
|-unboost|p1a: boeing-227|spa|1
|
|-weather|SunnyDay|[upkeep]
|upkeep
|turn|6
|
|t:|1758939016
|switch|p2a: Glimmora|Glimmora, F|100/100
|-damage|p2a: Glimmora|88/100|[from] Stealth Rock
|move|p1a: boeing-227|Spikes|p2a: Glimmora
|-sidestart|p2: Glalie22|Spikes
|
|-weather|SunnyDay|[upkeep]
|upkeep
|turn|7
|
|t:|1758939021
|move|p1a: boeing-227|Drill Run|p2a: Glimmora
|-supereffective|p2a: Glimmora
|-damage|p2a: Glimmora|24/100
|-activate|p2a: Glimmora|ability: Toxic Debris
|-sidestart|p1: god of joe|move: Toxic Spikes
|-enditem|p2a: Glimmora|Red Card|[of] p1a: boeing-227
|drag|p1a: banandium root|Zarude|100/100
|move|p2a: Glimmora|Power Gem|p1a: banandium root
|-damage|p1a: banandium root|65/100
|
|-weather|SunnyDay|[upkeep]
|-heal|p1a: banandium root|71/100|[from] item: Leftovers
|upkeep
|turn|8
|
|t:|1758939030
|move|p1a: banandium root|Knock Off|p2a: Glimmora
|-damage|p2a: Glimmora|2/100
|-activate|p2a: Glimmora|ability: Toxic Debris
|-sidestart|p1: god of joe|move: Toxic Spikes
|move|p2a: Glimmora|Mortal Spin|p1a: banandium root
|-supereffective|p1a: banandium root
|-crit|p1a: banandium root
|-damage|p1a: banandium root|53/100
|-sideend|p2: Glalie22|Spikes|[from] move: Mortal Spin|[of] p2a: Glimmora
|-sideend|p2: Glalie22|Stealth Rock|[from] move: Mortal Spin|[of] p2a: Glimmora
|
|-weather|none
|-heal|p1a: banandium root|59/100|[from] item: Leftovers
|upkeep
|turn|9
|
|t:|1758939040
|move|p1a: banandium root|Knock Off|p2a: Glimmora
|-damage|p2a: Glimmora|0 fnt
|faint|p2a: Glimmora
|
|-heal|p1a: banandium root|65/100|[from] item: Leftovers
|upkeep
|
|t:|1758939044
|switch|p2a: Kyurem|Kyurem|100/100
|-ability|p2a: Kyurem|Pressure
|turn|10
|
|t:|1758939049
|switch|p1a: amaterasu|Ninetales, F|100/100
|-status|p1a: amaterasu|tox
|-weather|SunnyDay|[from] ability: Drought|[of] p1a: amaterasu
|move|p2a: Kyurem|Draco Meteor|p1a: amaterasu
|-damage|p1a: amaterasu|24/100 tox
|-unboost|p2a: Kyurem|spa|2
|
|-weather|SunnyDay|[upkeep]
|-damage|p1a: amaterasu|18/100 tox|[from] psn
|upkeep
|turn|11
|
|t:|1758939057
|switch|p1a: boeing-227|Skarmory, F|33/100
|move|p2a: Kyurem|Draco Meteor|p1a: boeing-227
|-resisted|p1a: boeing-227
|-damage|p1a: boeing-227|2/100
|-unboost|p2a: Kyurem|spa|2
|
|-weather|SunnyDay|[upkeep]
|upkeep
|turn|12
|
|t:|1758939062
|switch|p2a: Landorus|Landorus-Therian, M|42/100
|-ability|p2a: Landorus|Intimidate|boost
|-unboost|p1a: boeing-227|atk|1
|move|p1a: boeing-227|Spikes|p2a: Landorus
|-sidestart|p2: Glalie22|Spikes
|
|-weather|SunnyDay|[upkeep]
|upkeep
|turn|13
|
|t:|1758939072
|switch|p1a: ancient core|Great Tusk|42/100
|-activate|p1a: ancient core|ability: Protosynthesis
|-start|p1a: ancient core|protosynthesisspe
|move|p2a: Landorus|U-turn|p1a: ancient core
|-resisted|p1a: ancient core
|-damage|p1a: ancient core|36/100
|
|t:|1758939079
|switch|p2a: Kyurem|Kyurem|100/100|[from] U-turn
|-damage|p2a: Kyurem|88/100|[from] Spikes
|-ability|p2a: Kyurem|Pressure
|
|-weather|SunnyDay|[upkeep]
|upkeep
|turn|14
|
|t:|1758939086
|switch|p2a: Landorus|Landorus-Therian, M|42/100
|-ability|p2a: Landorus|Intimidate|boost
|-unboost|p1a: ancient core|atk|1
|move|p1a: ancient core|Rapid Spin|p2a: Landorus
|-damage|p2a: Landorus|32/100
|-boost|p1a: ancient core|spe|1
|-damage|p1a: ancient core|19/100|[from] item: Rocky Helmet|[of] p2a: Landorus
|-sideend|p1: god of joe|Toxic Spikes|[from] move: Rapid Spin|[of] p1a: ancient core
|
|-weather|SunnyDay|[upkeep]
|upkeep
|turn|15
|
|t:|1758939092
|move|p1a: ancient core|Ice Spinner|p2a: Landorus
|-supereffective|p2a: Landorus
|-damage|p2a: Landorus|0 fnt
|-damage|p1a: ancient core|2/100|[from] item: Rocky Helmet|[of] p2a: Landorus
|faint|p2a: Landorus
|
|-weather|SunnyDay|[upkeep]
|upkeep
|
|t:|1758939102
|switch|p2a: Ogerpon|Ogerpon-Wellspring, F|72/100
|-damage|p2a: Ogerpon|59/100|[from] Spikes
|turn|16
|
|t:|1758939104
|move|p1a: ancient core|Stealth Rock|p2a: Ogerpon
|-sidestart|p2: Glalie22|move: Stealth Rock
|move|p2a: Ogerpon|U-turn|p1a: ancient core
|-resisted|p1a: ancient core
|-damage|p1a: ancient core|0 fnt
|faint|p1a: ancient core
|-end|p1a: ancient core|Protosynthesis|[silent]
|
|t:|1758939107
|switch|p2a: Enamorus|Enamorus, F|29/100|[from] U-turn
|
|-weather|SunnyDay|[upkeep]
|upkeep
|
|t:|1758939113
|switch|p1a: absolute radiance|Walking Wake|100/100
|-activate|p1a: absolute radiance|ability: Protosynthesis
|-start|p1a: absolute radiance|protosynthesisspe
|turn|17
|
|t:|1758939116
|move|p1a: absolute radiance|Weather Ball|p2a: Enamorus
|-damage|p2a: Enamorus|0 fnt
|faint|p2a: Enamorus
|
|-weather|none
|-end|p1a: absolute radiance|Protosynthesis
|upkeep
|
|t:|1758939119
|switch|p2a: Kyurem|Kyurem|88/100
|-damage|p2a: Kyurem|76/100|[from] Spikes
|-damage|p2a: Kyurem|51/100|[from] Stealth Rock
|-ability|p2a: Kyurem|Pressure
|turn|18
|
|t:|1758939121
|-end|p1a: absolute radiance|Protosynthesis|[silent]
|switch|p1a: amaterasu|Ninetales, F|18/100 tox
|-weather|SunnyDay|[from] ability: Drought|[of] p1a: amaterasu
|move|p2a: Kyurem|Freeze-Dry|p1a: amaterasu
|-resisted|p1a: amaterasu
|-damage|p1a: amaterasu|0 fnt
|faint|p1a: amaterasu
|
|-weather|SunnyDay|[upkeep]
|upkeep
|
|t:|1758939125
|switch|p1a: absolute radiance|Walking Wake|100/100
|-activate|p1a: absolute radiance|ability: Protosynthesis
|-start|p1a: absolute radiance|protosynthesisspe
|turn|19
|
|t:|1758939128
|move|p1a: absolute radiance|Weather Ball|p2a: Kyurem
|-crit|p2a: Kyurem
|-damage|p2a: Kyurem|0 fnt
|faint|p2a: Kyurem
|
|-weather|SunnyDay|[upkeep]
|upkeep
|
|t:|1758939133
|switch|p2a: Ogerpon|Ogerpon-Wellspring, F|59/100
|-damage|p2a: Ogerpon|47/100|[from] Spikes
|-damage|p2a: Ogerpon|35/100|[from] Stealth Rock
|turn|20
|
|t:|1758939139
|-end|p1a: absolute radiance|Protosynthesis|[silent]
|switch|p1a: boeing-227|Skarmory, F|2/100
|move|p2a: Ogerpon|Knock Off|p1a: boeing-227
|-damage|p1a: boeing-227|0 fnt
|-damage|p2a: Ogerpon|18/100|[from] item: Rocky Helmet|[of] p1a: boeing-227
|-enditem|p1a: boeing-227|Rocky Helmet|[from] move: Knock Off|[of] p2a: Ogerpon
|faint|p1a: boeing-227
|
|-weather|SunnyDay|[upkeep]
|upkeep
|
|t:|1758939142
|switch|p1a: absolute radiance|Walking Wake|100/100
|-activate|p1a: absolute radiance|ability: Protosynthesis
|-start|p1a: absolute radiance|protosynthesisspe
|turn|21
|
|t:|1758939144
|move|p1a: absolute radiance|Weather Ball|p2a: Ogerpon
|-damage|p2a: Ogerpon|0 fnt
|faint|p2a: Ogerpon
|
|-weather|SunnyDay|[upkeep]
|upkeep
|
|t:|1758939146
|switch|p2a: Kingambit|Kingambit, F|100/100
|-damage|p2a: Kingambit|94/100|[from] Stealth Rock
|-activate|p2a: Kingambit|ability: Supreme Overlord
|-start|p2a: Kingambit|fallen5|[silent]
|-item|p2a: Kingambit|Air Balloon
|turn|22
|
|t:|1758939150
|-terastallize|p2a: Kingambit|Ghost
|move|p1a: absolute radiance|Weather Ball|p2a: Kingambit
|-damage|p2a: Kingambit|9/100
|-enditem|p2a: Kingambit|Air Balloon
|move|p2a: Kingambit|Swords Dance|p2a: Kingambit
|-boost|p2a: Kingambit|atk|2
|
|-weather|SunnyDay|[upkeep]
|upkeep
|turn|23
|
|t:|1758939154
|move|p2a: Kingambit|Sucker Punch|p1a: absolute radiance
|-damage|p1a: absolute radiance|0 fnt
|faint|p1a: absolute radiance
|-end|p1a: absolute radiance|Protosynthesis|[silent]
|
|-weather|SunnyDay|[upkeep]
|upkeep
|
|t:|1758939156
|switch|p1a: jack the ripper|Ceruledge, F|100/100
|turn|24
|
|t:|1758939159
|move|p1a: jack the ripper|Shadow Sneak|p2a: Kingambit
|-supereffective|p2a: Kingambit
|-damage|p2a: Kingambit|0 fnt
|faint|p2a: Kingambit
|-end|p2a: Kingambit|fallen5|[silent]
|
|win|god of joe
|raw|god of joe's rating: 1474 &rarr; <strong>1493</strong><br />(+19 for winning)
|raw|Glalie22's rating: 1450 &rarr; <strong>1431</strong><br />(-19 for losing)
|l|☆god of joe
|player|p1|
|l|☆Glalie22
|player|p2|
