|j|☆vignan24
|j|☆Prateekkp
|inactive|Battle timer is ON: inactive players will automatically lose when time's up.
|t:|1758956018
|gametype|singles
|player|p1|vignan24|266|
|player|p2|Prateekkp|hero2-conquest|
|gen|9
|tier|[Gen 9] OU
|rated|Tournament battle
|rule|HP Percentage Mod: HP is shown in percentages
|rule|Endless Battle Clause: Forcing endless battles is banned
|rule|Species Clause: Limit one of each Pokémon
|rule|OHKO Clause: OHKO moves are banned
|rule|Evasion Items Clause: Evasion items are banned
|rule|Evasion Moves Clause: Evasion moves are banned
|rule|Evasion Abilities Clause: Evasion abilities are banned
|rule|Sleep Moves Clause: Sleep-inducing moves are banned
|rule|Blitz: Super-fast timer
|rule|Inverse Mod: Weaknesses become resistances, while resistances and immunities become weaknesses.
|raw|<div class="infobox"><details class="readmore" open><summary><strong>2 custom rules:</strong></summary> Blitz, Inverse Mod</details></div>
|clearpoke
|poke|p1|Dragonite, F|
|poke|p1|Gholdengo|
|poke|p1|Iron Treads|
|poke|p1|Quaquaval, M|
|poke|p1|Slowking-Galar, M|
|poke|p1|Ting-Lu|
|poke|p2|Samurott-Hisui, F|
|poke|p2|Garganacl, F|
|poke|p2|Iron Crown|
|poke|p2|Cinderace, F|
|poke|p2|Enamorus, F|
|poke|p2|Kingambit, F|
|teampreview
|j|*Lady Monita ☀
|inactive|Prateekkp also wants the timer to be on.
|
|t:|1758956026
|teamsize|p1|6
|teamsize|p2|6
|start
|switch|p1a: Dragonite|Dragonite, F|100/100
|switch|p2a: Samurott|Samurott-Hisui, F|100/100
|turn|1
|inactive|vignan24 has 10 seconds left.
|
|t:|1758956032
|move|p1a: Dragonite|Extreme Speed|p2a: Samurott
|-damage|p2a: Samurott|64/100
|move|p2a: Samurott|Aqua Cutter|p1a: Dragonite
|-supereffective|p1a: Dragonite
|-damage|p1a: Dragonite|33/100
|-damage|p2a: Samurott|54/100|[from] item: Life Orb
|
|upkeep
|turn|2
|
|t:|1758956037
|move|p2a: Samurott|Ceaseless Edge|p1a: Dragonite
|-damage|p1a: Dragonite|0 fnt
|-sidestart|p1: vignan24|Spikes
|faint|p1a: Dragonite
|-damage|p2a: Samurott|44/100|[from] item: Life Orb
|
|upkeep
|inactive|vignan24 has 10 seconds left.
|inactive|vignan24 has 5 seconds left.
|
|t:|1758956048
|switch|p1a: Gholdengo|Gholdengo|100/100
|-damage|p1a: Gholdengo|88/100|[from] Spikes
|turn|3
|inactive|vignan24 has 10 seconds left.
|
|t:|1758956056
|move|p1a: Gholdengo|Make It Rain|p2a: Samurott
|-supereffective|p2a: Samurott
|-crit|p2a: Samurott
|-damage|p2a: Samurott|0 fnt
|-unboost|p1a: Gholdengo|spa|1
|faint|p2a: Samurott
|
|upkeep
|
|t:|1758956060
|switch|p2a: Iron Crown|Iron Crown|100/100
|turn|4
|
|t:|1758956065
|move|p1a: Gholdengo|Make It Rain|p2a: Iron Crown
|-supereffective|p2a: Iron Crown
|-damage|p2a: Iron Crown|34/100
|-unboost|p1a: Gholdengo|spa|1
|-enditem|p2a: Iron Crown|Weakness Policy
|-boost|p2a: Iron Crown|atk|2|[from] item: Weakness Policy
|-boost|p2a: Iron Crown|spa|2|[from] item: Weakness Policy
|move|p2a: Iron Crown|Agility|p2a: Iron Crown
|-boost|p2a: Iron Crown|spe|2
|
|upkeep
|turn|5
|inactive|vignan24 has 10 seconds left.
|inactive|Prateekkp has 10 seconds left.
|
|t:|1758956070
|-terastallize|p1a: Gholdengo|Fairy
|move|p2a: Iron Crown|Stored Power|p1a: Gholdengo
|-damage|p1a: Gholdengo|0 fnt
|faint|p1a: Gholdengo
|
|upkeep
|
|t:|1758956075
|switch|p1a: Iron Treads|Iron Treads|100/100
|-damage|p1a: Iron Treads|88/100|[from] Spikes
|turn|6
|
|t:|1758956079
|move|p2a: Iron Crown|Stored Power|p1a: Iron Treads
|-supereffective|p1a: Iron Treads
|-damage|p1a: Iron Treads|0 fnt
|faint|p1a: Iron Treads
|-end|p1a: Iron Treads|Quark Drive|[silent]
|
|upkeep
|inactive|vignan24 has 10 seconds left.
|
|t:|1758956084
|switch|p1a: Quaquaval|Quaquaval, M|100/100
|-damage|p1a: Quaquaval|88/100|[from] Spikes
|turn|7
|
|t:|1758956087
|move|p1a: Quaquaval|Aqua Jet|p2a: Iron Crown
|-damage|p2a: Iron Crown|6/100
|move|p2a: Iron Crown|Tachyon Cutter|p1a: Quaquaval
|-supereffective|p1a: Quaquaval
|-crit|p1a: Quaquaval
|-damage|p1a: Quaquaval|0 fnt
|faint|p1a: Quaquaval
|-hitcount|p1: Quaquaval|1
|
|upkeep
|
|t:|1758956090
|switch|p1a: Slowking|Slowking-Galar, M|100/100
|-damage|p1a: Slowking|88/100|[from] Spikes
|turn|8
|inactive|vignan24 has 10 seconds left.
|
|t:|1758956096
|move|p2a: Iron Crown|Stored Power|p1a: Slowking
|-damage|p1a: Slowking|0 fnt
|faint|p1a: Slowking
|
|upkeep
|
|t:|1758956099
|switch|p1a: Ting-Lu|Ting-Lu|100/100
|-damage|p1a: Ting-Lu|88/100|[from] Spikes
|-ability|p1a: Ting-Lu|Vessel of Ruin
|turn|9
|inactive|vignan24 has 10 seconds left.
|
|t:|1758956106
|move|p2a: Iron Crown|Stored Power|p1a: Ting-Lu
|-supereffective|p1a: Ting-Lu
|-crit|p1a: Ting-Lu
|-damage|p1a: Ting-Lu|0 fnt
|faint|p1a: Ting-Lu
|
|win|Prateekkp
|n|☆vignan24|vignan24
|n|☆Prateekkp|prateekkp
|n|*Lady Monita ☀|ladymonita
