|j|☆prowl84
|j|☆Mcqueenloko
|t:|1759002605
|gametype|singles
|player|p1|prowl84|cheren|1245
|player|p2|Mcqueenloko|pokemonbreederf-gen4|1220
|gen|9
|tier|[Gen 9] OU
|rated|
|rule|HP Percentage Mod: HP is shown in percentages
|rule|Endless Battle Clause: Forcing endless battles is banned
|rule|Species Clause: Limit one of each Pokémon
|rule|OHKO Clause: OHKO moves are banned
|rule|Evasion Items Clause: Evasion items are banned
|rule|Evasion Moves Clause: Evasion moves are banned
|rule|Evasion Abilities Clause: Evasion abilities are banned
|rule|Sleep Moves Clause: Sleep-inducing moves are banned
|clearpoke
|poke|p1|Kyurem|
|poke|p1|Blissey, F|
|poke|p1|Dondozo, M|
|poke|p1|Gliscor, F|
|poke|p1|Clefable, M|
|poke|p1|Alomomola, F|
|poke|p2|Scizor, M|
|poke|p2|Corviknight, M|
|poke|p2|Landorus-Therian, M|
|poke|p2|Pecharunt|
|poke|p2|Keldeo-Resolute|
|poke|p2|Ogerpon-Cornerstone, F|
|teampreview
|inactive|Battle timer is ON: inactive players will automatically lose when time's up. (requested by prowl84)
|
|t:|1759002614
|teamsize|p1|6
|teamsize|p2|6
|start
|switch|p1a: Alomomola|Alomomola, F, shiny|100/100
|switch|p2a: Keldeo|Keldeo-Resolute|100/100
|turn|1
|
|t:|1759002639
|switch|p2a: Pecharunt|Pecharunt|100/100
|move|p1a: Alomomola|Flip Turn|p2a: Pecharunt
|-damage|p2a: Pecharunt|91/100
|
|t:|1759002647
|switch|p1a: Gliscor|Gliscor, F, shiny|100/100|[from] Flip Turn
|
|-status|p1a: Gliscor|tox|[from] item: Toxic Orb
|upkeep
|turn|2
|
|t:|1759002651
|move|p1a: Gliscor|Spikes|p2a: Pecharunt
|-sidestart|p2: Mcqueenloko|Spikes
|move|p2a: Pecharunt|Hex|p1a: Gliscor
|-damage|p1a: Gliscor|34/100 tox
|
|-heal|p1a: Gliscor|47/100 tox|[from] ability: Poison Heal
|upkeep
|turn|3
|
|t:|1759002663
|switch|p1a: Kyurem|Kyurem, shiny|100/100
|-ability|p1a: Kyurem|Pressure
|move|p2a: Pecharunt|Hex|p1a: Kyurem
|-damage|p1a: Kyurem|77/100
|
|-heal|p1a: Kyurem|83/100|[from] item: Leftovers
|upkeep
|turn|4
|
|t:|1759002672
|switch|p2a: Landorus|Landorus-Therian, M|100/100
|-ability|p2a: Landorus|Intimidate|boost
|-unboost|p1a: Kyurem|atk|1
|move|p1a: Kyurem|Substitute|p1a: Kyurem
|-start|p1a: Kyurem|Substitute
|-damage|p1a: Kyurem|58/100
|
|-heal|p1a: Kyurem|64/100|[from] item: Leftovers
|upkeep
|turn|5
|
|t:|1759002680
|move|p2a: Landorus|Earthquake|p1a: Kyurem
|-end|p1a: Kyurem|Substitute
|move|p1a: Kyurem|Freeze-Dry|p2a: Landorus
|-supereffective|p2a: Landorus
|-enditem|p2a: Landorus|Yache Berry|[eat]
|-enditem|p2a: Landorus|Yache Berry|[weaken]
|-damage|p2a: Landorus|20/100
|
|-heal|p1a: Kyurem|70/100|[from] item: Leftovers
|upkeep
|turn|6
|
|t:|1759002688
|move|p1a: Kyurem|Protect|p1a: Kyurem
|-singleturn|p1a: Kyurem|Protect
|move|p2a: Landorus|U-turn|p1a: Kyurem
|-activate|p1a: Kyurem|move: Protect
|
|-heal|p1a: Kyurem|76/100|[from] item: Leftovers
|upkeep
|turn|7
|
|t:|1759002697
|move|p2a: Landorus|Stealth Rock|p1a: Kyurem
|-sidestart|p1: prowl84|move: Stealth Rock
|move|p1a: Kyurem|Substitute|p1a: Kyurem
|-start|p1a: Kyurem|Substitute
|-damage|p1a: Kyurem|52/100
|
|-heal|p1a: Kyurem|58/100|[from] item: Leftovers
|upkeep
|turn|8
|
|t:|1759002701
|move|p1a: Kyurem|Protect|p1a: Kyurem
|-singleturn|p1a: Kyurem|Protect
|move|p2a: Landorus|Earthquake|p1a: Kyurem
|-activate|p1a: Kyurem|move: Protect
|
|-heal|p1a: Kyurem|64/100|[from] item: Leftovers
|upkeep
|turn|9
|
|t:|1759002705
|move|p2a: Landorus|Earthquake|p1a: Kyurem
|-end|p1a: Kyurem|Substitute
|move|p1a: Kyurem|Freeze-Dry|p2a: Landorus
|-supereffective|p2a: Landorus
|-damage|p2a: Landorus|0 fnt
|faint|p2a: Landorus
|
|-heal|p1a: Kyurem|70/100|[from] item: Leftovers
|upkeep
|
|t:|1759002708
|switch|p2a: Ogerpon|Ogerpon-Cornerstone, F|100/100
|-damage|p2a: Ogerpon|88/100|[from] Spikes
|turn|10
|
|t:|1759002718
|move|p2a: Ogerpon|Ivy Cudgel|p1a: Kyurem|[anim] Ivy Cudgel Rock
|-supereffective|p1a: Kyurem
|-crit|p1a: Kyurem
|-damage|p1a: Kyurem|0 fnt
|faint|p1a: Kyurem
|
|upkeep
|
|t:|1759002724
|switch|p1a: Dondozo|Dondozo, M|100/100
|turn|11
|
|t:|1759002727
|-terastallize|p1a: Dondozo|Dragon
|move|p2a: Ogerpon|Horn Leech|p1a: Dondozo
|-resisted|p1a: Dondozo
|-damage|p1a: Dondozo|91/100
|-heal|p2a: Ogerpon|96/100|[from] drain|[of] p1a: Dondozo
|move|p1a: Dondozo|Curse|p1a: Dondozo
|-unboost|p1a: Dondozo|spe|1
|-boost|p1a: Dondozo|atk|1
|-boost|p1a: Dondozo|def|1
|
|upkeep
|turn|12
|
|t:|1759002732
|switch|p2a: Pecharunt|Pecharunt|91/100
|move|p1a: Dondozo|Liquidation|p2a: Pecharunt
|-damage|p2a: Pecharunt|65/100
|
|upkeep
|turn|13
|
|t:|1759002746
|move|p2a: Pecharunt|Malignant Chain|p1a: Dondozo
|-damage|p1a: Dondozo|49/100
|-status|p1a: Dondozo|tox
|-start|p1a: Dondozo|confusion|[from] ability: Poison Puppeteer|[of] p2a: Pecharunt
|-activate|p1a: Dondozo|confusion
|move|p1a: Dondozo|Liquidation|p2a: Pecharunt
|-damage|p2a: Pecharunt|36/100
|
|-damage|p1a: Dondozo|42/100 tox|[from] psn
|upkeep
|turn|14
|
|t:|1759002755
|move|p2a: Pecharunt|Recover|p2a: Pecharunt
|-heal|p2a: Pecharunt|86/100
|-activate|p1a: Dondozo|confusion
|move|p1a: Dondozo|Rest|p1a: Dondozo
|-status|p1a: Dondozo|slp|[from] move: Rest
|-heal|p1a: Dondozo|100/100 slp|[silent]
|
|upkeep
|turn|15
|
|t:|1759002762
|move|p2a: Pecharunt|Hex|p1a: Dondozo
|-damage|p1a: Dondozo|46/100 slp
|cant|p1a: Dondozo|slp
|-end|p1a: Dondozo|confusion
|move|p1a: Dondozo|Sleep Talk|p1a: Dondozo
|move|p1a: Dondozo|Rest||[from] move: Sleep Talk|[still]
|-fail|p1a: Dondozo
|
|upkeep
|turn|16
|
|t:|1759002771
|switch|p1a: Blissey|Blissey, F|100/100
|move|p2a: Pecharunt|Hex|p1a: Blissey
|-immune|p1a: Blissey
|
|upkeep
|turn|17
|
|t:|1759002778
|move|p2a: Pecharunt|Parting Shot|p1a: Blissey
|-unboost|p1a: Blissey|atk|1
|-unboost|p1a: Blissey|spa|1
|
|t:|1759002785
|switch|p2a: Scizor|Scizor, M|100/100|[from] Parting Shot
|-damage|p2a: Scizor|88/100|[from] Spikes
|move|p1a: Blissey|Shadow Ball|p2a: Scizor
|-damage|p2a: Scizor|77/100
|
|upkeep
|turn|18
|
|t:|1759002793
|switch|p1a: Alomomola|Alomomola, F, shiny|100/100
|move|p2a: Scizor|Swords Dance|p2a: Scizor
|-boost|p2a: Scizor|atk|2
|
|upkeep
|turn|19
|
|t:|1759002800
|move|p2a: Scizor|Trailblaze|p1a: Alomomola
|-supereffective|p1a: Alomomola
|-damage|p1a: Alomomola|39/100
|-boost|p2a: Scizor|spe|1
|move|p1a: Alomomola|Wish|p1a: Alomomola
|
|upkeep
|turn|20
|
|t:|1759002815
|switch|p1a: Dondozo|Dondozo, M, tera:Dragon|46/100 slp
|move|p2a: Scizor|Knock Off|p1a: Dondozo
|-damage|p1a: Dondozo|27/100 slp
|-enditem|p1a: Dondozo|Heavy-Duty Boots|[from] move: Knock Off|[of] p2a: Scizor
|
|-heal|p1a: Dondozo|80/100 slp|[from] move: Wish|[wisher] Alomomola
|upkeep
|turn|21
|
|t:|1759002826
|move|p2a: Scizor|Bullet Punch|p1a: Dondozo
|-damage|p1a: Dondozo|64/100 slp
|cant|p1a: Dondozo|slp
|move|p1a: Dondozo|Sleep Talk|p1a: Dondozo
|move|p1a: Dondozo|Liquidation|p2a: Scizor|[from] move: Sleep Talk
|-damage|p2a: Scizor|44/100
|-unboost|p2a: Scizor|def|1
|
|upkeep
|turn|22
|
|t:|1759002836
|switch|p2a: Pecharunt|Pecharunt|86/100
|-curestatus|p1a: Dondozo|slp|[msg]
|move|p1a: Dondozo|Curse|p1a: Dondozo
|-unboost|p1a: Dondozo|spe|1
|-boost|p1a: Dondozo|atk|1
|-boost|p1a: Dondozo|def|1
|
|upkeep
|turn|23
|
|t:|1759002844
|move|p2a: Pecharunt|Malignant Chain|p1a: Dondozo
|-damage|p1a: Dondozo|21/100
|move|p1a: Dondozo|Rest|p1a: Dondozo
|-status|p1a: Dondozo|slp|[from] move: Rest
|-heal|p1a: Dondozo|100/100 slp|[silent]
|
|upkeep
|turn|24
|
|t:|1759002862
|switch|p2a: Corviknight|Corviknight, M, shiny|100/100
|-ability|p2a: Corviknight|Pressure
|switch|p1a: Blissey|Blissey, F|100/100
|
|upkeep
|turn|25
|
|t:|1759002879
|switch|p1a: Gliscor|Gliscor, F, shiny|47/100 tox
|-damage|p1a: Gliscor|34/100 tox|[from] Stealth Rock
|move|p2a: Corviknight|Body Press|p1a: Gliscor
|-resisted|p1a: Gliscor
|-damage|p1a: Gliscor|26/100 tox
|
|-heal|p1a: Gliscor|38/100 tox|[from] ability: Poison Heal
|upkeep
|turn|26
|
|t:|1759002888
|move|p1a: Gliscor|Spikes|p2a: Corviknight
|-sidestart|p2: Mcqueenloko|Spikes
|move|p2a: Corviknight|Iron Defense|p2a: Corviknight
|-boost|p2a: Corviknight|def|2
|
|-heal|p1a: Gliscor|51/100 tox|[from] ability: Poison Heal
|upkeep
|turn|27
|
|t:|1759002897
|move|p1a: Gliscor|Spikes|p2a: Corviknight
|-sidestart|p2: Mcqueenloko|Spikes
|move|p2a: Corviknight|Iron Defense|p2a: Corviknight
|-boost|p2a: Corviknight|def|2
|
|-heal|p1a: Gliscor|63/100 tox|[from] ability: Poison Heal
|upkeep
|turn|28
|
|t:|1759002905
|move|p1a: Gliscor|Knock Off|p2a: Corviknight
|-damage|p2a: Corviknight|96/100
|-damage|p1a: Gliscor|47/100 tox|[from] item: Rocky Helmet|[of] p2a: Corviknight
|-enditem|p2a: Corviknight|Rocky Helmet|[from] move: Knock Off|[of] p1a: Gliscor
|move|p2a: Corviknight|Defog|p1a: Gliscor
|-unboost|p1a: Gliscor|evasion|1
|-sideend|p1: prowl84|Stealth Rock|[from] move: Defog|[of] p2a: Corviknight
|-sideend|p2: Mcqueenloko|Spikes|[from] move: Defog|[of] p2a: Corviknight
|
|-heal|p1a: Gliscor|59/100 tox|[from] ability: Poison Heal
|upkeep
|turn|29
|
|t:|1759002924
|switch|p1a: Alomomola|Alomomola, F, shiny|72/100
|move|p2a: Corviknight|Body Press|p1a: Alomomola
|-damage|p1a: Alomomola|30/100
|
|upkeep
|turn|30
|
|t:|1759002930
|switch|p1a: Gliscor|Gliscor, F, shiny|59/100 tox
|move|p2a: Corviknight|Body Press|p1a: Gliscor
|-resisted|p1a: Gliscor
|-damage|p1a: Gliscor|35/100 tox
|
|-heal|p1a: Gliscor|47/100 tox|[from] ability: Poison Heal
|upkeep
|turn|31
|
|t:|1759002936
|switch|p1a: Alomomola|Alomomola, F, shiny|63/100
|move|p2a: Corviknight|Body Press|p1a: Alomomola
|-damage|p1a: Alomomola|23/100
|
|upkeep
|turn|32
|
|t:|1759002941
|switch|p1a: Clefable|Clefable, M|100/100
|move|p2a: Corviknight|Body Press|p1a: Clefable
|-resisted|p1a: Clefable
|-crit|p1a: Clefable
|-damage|p1a: Clefable|30/100
|
|-heal|p1a: Clefable|36/100|[from] item: Leftovers
|upkeep
|turn|33
|
|t:|1759002946
|switch|p1a: Dondozo|Dondozo, M, tera:Dragon|100/100 slp
|move|p2a: Corviknight|Body Press|p1a: Dondozo
|-damage|p1a: Dondozo|88/100 slp
|
|upkeep
|turn|34
|
|t:|1759002964
|switch|p2a: Pecharunt|Pecharunt|86/100
|switch|p1a: Alomomola|Alomomola, F, shiny|56/100
|
|upkeep
|turn|35
|
|t:|1759002971
|switch|p1a: Blissey|Blissey, F|100/100
|move|p2a: Pecharunt|Malignant Chain|p1a: Blissey
|-damage|p1a: Blissey|86/100
|-status|p1a: Blissey|tox
|-start|p1a: Blissey|confusion|[from] ability: Poison Puppeteer|[of] p2a: Pecharunt
|
|-damage|p1a: Blissey|79/100 tox|[from] psn
|upkeep
|turn|36
|
|t:|1759002980
|-curestatus|p1a: Blissey|tox|[from] ability: Natural Cure
|switch|p1a: Clefable|Clefable, M|36/100
|move|p2a: Pecharunt|Parting Shot|p1a: Clefable
|-unboost|p1a: Clefable|atk|1
|-unboost|p1a: Clefable|spa|1
|
|t:|1759002988
|switch|p2a: Ogerpon|Ogerpon-Cornerstone, F|96/100|[from] Parting Shot
|
|-heal|p1a: Clefable|42/100|[from] item: Leftovers
|upkeep
|turn|37
|
|t:|1759002993
|switch|p1a: Dondozo|Dondozo, M, tera:Dragon|88/100 slp
|move|p2a: Ogerpon|Ivy Cudgel|p1a: Dondozo|[anim] Ivy Cudgel Rock
|-crit|p1a: Dondozo
|-damage|p1a: Dondozo|47/100 slp
|
|upkeep
|turn|38
|
|t:|1759003012
|move|p2a: Ogerpon|Ivy Cudgel|p1a: Dondozo|[anim] Ivy Cudgel Rock
|-crit|p1a: Dondozo
|-damage|p1a: Dondozo|10/100 slp
|cant|p1a: Dondozo|slp
|move|p1a: Dondozo|Sleep Talk|p1a: Dondozo
|move|p1a: Dondozo|Rest||[from] move: Sleep Talk|[still]
|-fail|p1a: Dondozo
|
|upkeep
|turn|39
|
|t:|1759003022
|move|p2a: Ogerpon|Ivy Cudgel|p1a: Dondozo|[anim] Ivy Cudgel Rock
|-damage|p1a: Dondozo|0 fnt
|faint|p1a: Dondozo
|
|upkeep
|-message|prowl84 forfeited.
|
|win|Mcqueenloko
|raw|prowl84's rating: 1245 &rarr; <strong>1218</strong><br />(-27 for losing)
|raw|Mcqueenloko's rating: 1220 &rarr; <strong>1247</strong><br />(+27 for winning)
|l|☆prowl84
|player|p1|
