|j|☆ToLLi
|j|‽Shinobi_finest
|t:|1758996207
|gametype|singles
|player|p1|ToLLi|170|1638
|player|p2|Shinobi_finest|lance|1697
|gen|9
|tier|[Gen 9] OU
|rated|
|rule|HP Percentage Mod: HP is shown in percentages
|rule|Endless Battle Clause: Forcing endless battles is banned
|rule|Species Clause: Limit one of each Pokémon
|rule|OHKO Clause: OHKO moves are banned
|rule|Evasion Items Clause: Evasion items are banned
|rule|Evasion Moves Clause: Evasion moves are banned
|rule|Evasion Abilities Clause: Evasion abilities are banned
|rule|Sleep Moves Clause: Sleep-inducing moves are banned
|clearpoke
|poke|p1|Landorus-Therian, M|
|poke|p1|Cinderace, M|
|poke|p1|Raging Bolt|
|poke|p1|Ogerpon-Wellspring, F|
|poke|p1|Moltres-Galar|
|poke|p1|Kingambit, M|
|poke|p2|Zamazenta-*|
|poke|p2|Kingambit, M|
|poke|p2|Gholdengo|
|poke|p2|Dragonite, F|
|poke|p2|Tinkaton, F|
|poke|p2|Rotom-Wash|
|teampreview
|inactive|Battle timer is ON: inactive players will automatically lose when time's up. (requested by Shinobi_finest)
|
|t:|1758996252
|teamsize|p1|6
|teamsize|p2|6
|start
|switch|p1a: Ogerpon|Ogerpon-Wellspring, F|100/100
|switch|p2a: Rotom|Rotom-Wash|100/100
|turn|1
|
|t:|1758996263
|move|p1a: Ogerpon|Horn Leech|p2a: Rotom
|-supereffective|p2a: Rotom
|-damage|p2a: Rotom|27/100
|move|p2a: Rotom|Will-O-Wisp|p1a: Ogerpon
|-status|p1a: Ogerpon|brn
|
|-heal|p2a: Rotom|33/100|[from] item: Leftovers
|-damage|p1a: Ogerpon|95/100 brn|[from] brn
|upkeep
|turn|2
|
|t:|1758996275
|switch|p2a: Tinkaton|Tinkaton, F|100/100
|-item|p2a: Tinkaton|Air Balloon
|move|p1a: Ogerpon|Horn Leech|p2a: Tinkaton
|-resisted|p2a: Tinkaton
|-damage|p2a: Tinkaton|88/100
|-heal|p1a: Ogerpon|100/100 brn|[from] drain|[of] p2a: Tinkaton
|-enditem|p2a: Tinkaton|Air Balloon
|
|-damage|p1a: Ogerpon|95/100 brn|[from] brn
|upkeep
|turn|3
|
|t:|1758996290
|move|p1a: Ogerpon|Swords Dance|p1a: Ogerpon
|-boost|p1a: Ogerpon|atk|2
|move|p2a: Tinkaton|Stealth Rock|p1a: Ogerpon
|-sidestart|p1: ToLLi|move: Stealth Rock
|
|-damage|p1a: Ogerpon|89/100 brn|[from] brn
|upkeep
|turn|4
|
|t:|1758996299
|move|p1a: Ogerpon|Ivy Cudgel|p2a: Tinkaton|[anim] Ivy Cudgel Water
|-damage|p2a: Tinkaton|23/100
|move|p2a: Tinkaton|Encore|p1a: Ogerpon
|-start|p1a: Ogerpon|Encore
|
|-damage|p1a: Ogerpon|83/100 brn|[from] brn
|upkeep
|turn|5
|
|t:|1758996308
|move|p1a: Ogerpon|Ivy Cudgel|p2a: Tinkaton|[anim] Ivy Cudgel Water
|-damage|p2a: Tinkaton|0 fnt
|faint|p2a: Tinkaton
|
|-damage|p1a: Ogerpon|77/100 brn|[from] brn
|upkeep
|
|t:|1758996315
|switch|p2a: Dragonite|Dragonite, F, shiny|100/100
|turn|6
|
|t:|1758996325
|switch|p1a: Landorus|Landorus-Therian, M|100/100
|-damage|p1a: Landorus|88/100|[from] Stealth Rock
|-ability|p1a: Landorus|Intimidate|boost
|-unboost|p2a: Dragonite|atk|1
|move|p2a: Dragonite|Dragon Dance|p2a: Dragonite
|-boost|p2a: Dragonite|atk|1
|-boost|p2a: Dragonite|spe|1
|
|upkeep
|turn|7
|
|t:|1758996337
|-terastallize|p1a: Landorus|Ice
|move|p1a: Landorus|Tera Blast|p2a: Dragonite|[anim] Tera Blast Ice
|-supereffective|p2a: Dragonite
|-damage|p2a: Dragonite|0 fnt
|faint|p2a: Dragonite
|
|upkeep
|
|t:|1758996348
|switch|p2a: Zamazenta|Zamazenta|100/100
|-ability|p2a: Zamazenta|Dauntless Shield|boost
|-boost|p2a: Zamazenta|def|1
|turn|8
|
|t:|1758996363
|switch|p1a: Raging Bolt|Raging Bolt|100/100
|-damage|p1a: Raging Bolt|88/100|[from] Stealth Rock
|-enditem|p1a: Raging Bolt|Booster Energy
|-activate|p1a: Raging Bolt|ability: Protosynthesis|[fromitem]
|-start|p1a: Raging Bolt|protosynthesisspa
|move|p2a: Zamazenta|Close Combat|p1a: Raging Bolt
|-damage|p1a: Raging Bolt|9/100
|-unboost|p2a: Zamazenta|def|1
|-unboost|p2a: Zamazenta|spd|1
|
|upkeep
|turn|9
|
|t:|1758996389
|switch|p2a: Kingambit|Kingambit, M|100/100
|-activate|p2a: Kingambit|ability: Supreme Overlord
|-start|p2a: Kingambit|fallen2|[silent]
|move|p1a: Raging Bolt|Thunderclap||[still]
|-fail|p1a: Raging Bolt
|
|upkeep
|turn|10
|
|t:|1758996411
|-end|p1a: Raging Bolt|Protosynthesis|[silent]
|switch|p1a: Cinderace|Cinderace, M|100/100
|-end|p2a: Kingambit|fallen2|[silent]
|switch|p2a: Rotom|Rotom-Wash|33/100
|
|-heal|p2a: Rotom|39/100|[from] item: Leftovers
|upkeep
|turn|11
|inactive|ToLLi has 120 seconds left.
|
|t:|1758996426
|move|p1a: Cinderace|U-turn|p2a: Rotom
|-damage|p2a: Rotom|25/100
|
|t:|1758996431
|switch|p1a: Ogerpon|Ogerpon-Wellspring, F|77/100 brn|[from] U-turn
|-damage|p1a: Ogerpon|64/100 brn|[from] Stealth Rock
|move|p2a: Rotom|Hydro Pump|p1a: Ogerpon
|-heal|p1a: Ogerpon|89/100 brn|[from] ability: Water Absorb|[of] p2a: Rotom
|
|-heal|p2a: Rotom|31/100|[from] item: Leftovers
|-damage|p1a: Ogerpon|83/100 brn|[from] brn
|upkeep
|turn|12
|inactive|ToLLi has 120 seconds left.
|
|t:|1758996447
|switch|p2a: Kingambit|Kingambit, M|100/100
|-activate|p2a: Kingambit|ability: Supreme Overlord
|-start|p2a: Kingambit|fallen2|[silent]
|move|p1a: Ogerpon|Swords Dance|p1a: Ogerpon
|-boost|p1a: Ogerpon|atk|2
|
|-damage|p1a: Ogerpon|77/100 brn|[from] brn
|upkeep
|turn|13
|
|t:|1758996457
|move|p1a: Ogerpon|Ivy Cudgel|p2a: Kingambit|[anim] Ivy Cudgel Water
|-damage|p2a: Kingambit|54/100
|move|p2a: Kingambit|Swords Dance|p2a: Kingambit
|-boost|p2a: Kingambit|atk|2
|
|-heal|p2a: Kingambit|61/100|[from] item: Leftovers
|-damage|p1a: Ogerpon|71/100 brn|[from] brn
|upkeep
|turn|14
|
|t:|1758996467
|move|p2a: Kingambit|Sucker Punch|p1a: Ogerpon
|-damage|p1a: Ogerpon|0 fnt
|faint|p1a: Ogerpon
|
|-heal|p2a: Kingambit|67/100|[from] item: Leftovers
|upkeep
|
|t:|1758996473
|switch|p1a: Landorus|Landorus-Therian, M, tera:Ice|88/100
|-damage|p1a: Landorus|64/100|[from] Stealth Rock
|-ability|p1a: Landorus|Intimidate|boost
|-unboost|p2a: Kingambit|atk|1
|turn|15
|inactive|ToLLi has 120 seconds left.
|
|t:|1758996492
|move|p2a: Kingambit|Sucker Punch|p1a: Landorus
|-damage|p1a: Landorus|0 fnt
|faint|p1a: Landorus
|
|-heal|p2a: Kingambit|73/100|[from] item: Leftovers
|upkeep
|inactive|ToLLi has 120 seconds left.
|
|t:|1758996503
|switch|p1a: Cinderace|Cinderace, M|100/100
|turn|16
|inactive|ToLLi has 120 seconds left.
|
|t:|1758996513
|move|p2a: Kingambit|Sucker Punch||[still]
|-fail|p2a: Kingambit
|move|p1a: Cinderace|Court Change|p1a: Cinderace
|-swapsideconditions
|-activate|p1a: Cinderace|move: Court Change
|
|-heal|p2a: Kingambit|79/100|[from] item: Leftovers
|upkeep
|turn|17
|
|t:|1758996522
|move|p2a: Kingambit|Sucker Punch||[still]
|-fail|p2a: Kingambit
|move|p1a: Cinderace|Will-O-Wisp|p2a: Kingambit
|-status|p2a: Kingambit|brn
|
|-heal|p2a: Kingambit|85/100 brn|[from] item: Leftovers
|-damage|p2a: Kingambit|79/100 brn|[from] brn
|upkeep
|turn|18
|
|t:|1758996535
|move|p1a: Cinderace|Pyro Ball|p2a: Kingambit
|-supereffective|p2a: Kingambit
|-damage|p2a: Kingambit|0 fnt
|faint|p2a: Kingambit
|-end|p2a: Kingambit|fallen2|[silent]
|
|upkeep
|
|t:|1758996541
|switch|p2a: Zamazenta|Zamazenta|100/100
|-damage|p2a: Zamazenta|94/100|[from] Stealth Rock
|turn|19
|
|t:|1758996554
|move|p2a: Zamazenta|Close Combat|p1a: Cinderace
|-damage|p1a: Cinderace|0 fnt
|-unboost|p2a: Zamazenta|def|1
|-unboost|p2a: Zamazenta|spd|1
|faint|p1a: Cinderace
|
|upkeep
|
|t:|1758996560
|switch|p1a: Moltres|Moltres-Galar|100/100
|turn|20
|
|t:|1758996568
|switch|p2a: Rotom|Rotom-Wash|31/100
|-damage|p2a: Rotom|19/100|[from] Stealth Rock
|move|p1a: Moltres|Hurricane|p2a: Rotom
|-resisted|p2a: Rotom
|-damage|p2a: Rotom|0 fnt
|faint|p2a: Rotom
|
|upkeep
|
|t:|1758996579
|switch|p2a: Gholdengo|Gholdengo|100/100
|-damage|p2a: Gholdengo|94/100|[from] Stealth Rock
|-item|p2a: Gholdengo|Air Balloon
|turn|21
|
|t:|1758996586
|move|p1a: Moltres|Fiery Wrath|p2a: Gholdengo
|-supereffective|p2a: Gholdengo
|-damage|p2a: Gholdengo|9/100
|-enditem|p2a: Gholdengo|Air Balloon
|move|p2a: Gholdengo|Thunder Wave|p1a: Moltres
|-status|p1a: Moltres|par
|
|upkeep
|turn|22
|
|t:|1758996602
|switch|p1a: Kingambit|Kingambit, M|100/100
|-activate|p1a: Kingambit|ability: Supreme Overlord
|-start|p1a: Kingambit|fallen3|[silent]
|move|p2a: Gholdengo|Make It Rain|p1a: Kingambit
|-resisted|p1a: Kingambit
|-damage|p1a: Kingambit|75/100
|-unboost|p2a: Gholdengo|spa|1
|
|upkeep
|turn|23
|
|t:|1758996616
|move|p2a: Gholdengo|Thunder Wave|p1a: Kingambit|[miss]
|-miss|p2a: Gholdengo|p1a: Kingambit
|move|p1a: Kingambit|Iron Head|p2a: Gholdengo
|-resisted|p2a: Gholdengo
|-damage|p2a: Gholdengo|0 fnt
|faint|p2a: Gholdengo
|
|upkeep
|
|t:|1758996625
|switch|p2a: Zamazenta|Zamazenta|94/100
|-damage|p2a: Zamazenta|88/100|[from] Stealth Rock
|turn|24
|
|t:|1758996636
|move|p1a: Kingambit|Sucker Punch|p2a: Zamazenta
|-resisted|p2a: Zamazenta
|-damage|p2a: Zamazenta|62/100
|move|p2a: Zamazenta|Close Combat|p1a: Kingambit
|-supereffective|p1a: Kingambit
|-damage|p1a: Kingambit|0 fnt
|-unboost|p2a: Zamazenta|def|1
|-unboost|p2a: Zamazenta|spd|1
|faint|p1a: Kingambit
|-end|p1a: Kingambit|fallen3|[silent]
|
|upkeep
|
|t:|1758996645
|switch|p1a: Moltres|Moltres-Galar|100/100 par
|turn|25
|
|t:|1758996652
|-terastallize|p2a: Zamazenta|Steel
|move|p2a: Zamazenta|Close Combat|p1a: Moltres
|-damage|p1a: Moltres|5/100 par
|-unboost|p2a: Zamazenta|def|1
|-unboost|p2a: Zamazenta|spd|1
|-ability|p1a: Moltres|Berserk|boost
|-boost|p1a: Moltres|spa|1
|-enditem|p1a: Moltres|Sitrus Berry|[eat]
|-heal|p1a: Moltres|30/100 par|[from] item: Sitrus Berry
|move|p1a: Moltres|Hurricane|p2a: Zamazenta
|-resisted|p2a: Zamazenta
|-damage|p2a: Zamazenta|0 fnt
|faint|p2a: Zamazenta
|
|win|ToLLi
|raw|ToLLi's rating: 1638 &rarr; <strong>1661</strong><br />(+23 for winning)
|raw|Shinobi_finest's rating: 1697 &rarr; <strong>1674</strong><br />(-23 for losing)
|l|☆ToLLi
|player|p1|
