|j|☆mrpopo3627
|j|☆Victini Road
|t:|1759048794
|gametype|singles
|player|p1|mrpopo3627|volkner|1075
|player|p2|Victini Road|n|1000
|gen|9
|tier|[Gen 9] OU
|rated|
|rule|HP Percentage Mod: HP is shown in percentages
|rule|Endless Battle Clause: Forcing endless battles is banned
|rule|Species Clause: Limit one of each Pokémon
|rule|OHKO Clause: OHKO moves are banned
|rule|Evasion Items Clause: Evasion items are banned
|rule|Evasion Moves Clause: Evasion moves are banned
|rule|Evasion Abilities Clause: Evasion abilities are banned
|rule|Sleep Moves Clause: Sleep-inducing moves are banned
|clearpoke
|poke|p1|Armarouge, M|
|poke|p1|Gastrodon, M|
|poke|p1|Cresselia, F|
|poke|p1|Dragapult, M|
|poke|p1|Goodra-Hisui, M|
|poke|p1|Gallade, M|
|poke|p2|Deoxys-Speed|
|poke|p2|Dragonite, M|
|poke|p2|Kingambit, F|
|poke|p2|Darkrai|
|poke|p2|Zamazenta-*|
|poke|p2|Great Tusk|
|teampreview
|inactive|Battle timer is ON: inactive players will automatically lose when time's up. (requested by mrpopo3627)
|
|t:|1759048811
|teamsize|p1|6
|teamsize|p2|6
|start
|switch|p1a: Gallade|Gallade, M, shiny|100/100
|switch|p2a: Deoxys|Deoxys-Speed|100/100
|-ability|p2a: Deoxys|Pressure
|turn|1
|
|t:|1759048821
|switch|p1a: Goodra|Goodra-Hisui, M, shiny|100/100
|move|p2a: Deoxys|Reflect|p2a: Deoxys
|-sidestart|p2: Victini Road|Reflect
|
|upkeep
|turn|2
|
|t:|1759048829
|move|p2a: Deoxys|Taunt|p1a: Goodra
|-start|p1a: Goodra|move: Taunt
|move|p1a: Goodra|Knock Off|p2a: Deoxys
|-supereffective|p2a: Deoxys
|-damage|p2a: Deoxys|67/100
|-enditem|p2a: Deoxys|Light Clay|[from] move: Knock Off|[of] p1a: Goodra
|
|upkeep
|turn|3
|
|t:|1759048842
|move|p2a: Deoxys|Light Screen|p2a: Deoxys
|-sidestart|p2: Victini Road|move: Light Screen
|move|p1a: Goodra|Dragon Tail|p2a: Deoxys
|-damage|p2a: Deoxys|50/100
|drag|p2a: Darkrai|Darkrai|100/100
|
|upkeep
|turn|4
|
|t:|1759048852
|move|p2a: Darkrai|Thunder Wave|p1a: Goodra
|-status|p1a: Goodra|par
|move|p1a: Goodra|Knock Off|p2a: Darkrai
|-resisted|p2a: Darkrai
|-damage|p2a: Darkrai|92/100
|-enditem|p2a: Darkrai|Leftovers|[from] move: Knock Off|[of] p1a: Goodra
|
|-end|p1a: Goodra|move: Taunt
|upkeep
|turn|5
|
|t:|1759048870
|switch|p1a: Gastrodon|Gastrodon, M, shiny|100/100
|move|p2a: Darkrai|Nasty Plot|p2a: Darkrai
|-boost|p2a: Darkrai|spa|2
|
|upkeep
|turn|6
|
|t:|1759048884
|move|p2a: Darkrai|Dark Pulse|p1a: Gastrodon
|-damage|p1a: Gastrodon|22/100
|move|p1a: Gastrodon|Spikes|p2a: Darkrai
|-sidestart|p2: Victini Road|Spikes
|
|-heal|p1a: Gastrodon|28/100|[from] item: Leftovers
|upkeep
|turn|7
|
|t:|1759048890
|move|p2a: Darkrai|Dark Pulse|p1a: Gastrodon
|-damage|p1a: Gastrodon|0 fnt
|faint|p1a: Gastrodon
|
|-sideend|p2: Victini Road|move: Light Screen
|upkeep
|
|t:|1759048896
|switch|p1a: Cresselia|Cresselia, F, shiny|100/100
|turn|8
|
|t:|1759048902
|-terastallize|p1a: Cresselia|Fairy
|move|p2a: Darkrai|Taunt|p1a: Cresselia
|-start|p1a: Cresselia|move: Taunt
|move|p1a: Cresselia|Moonblast|p2a: Darkrai
|-supereffective|p2a: Darkrai
|-damage|p2a: Darkrai|0 fnt
|faint|p2a: Darkrai
|
|-sideend|p2: Victini Road|Reflect
|upkeep
|
|t:|1759048909
|switch|p2a: Deoxys|Deoxys-Speed|50/100
|-damage|p2a: Deoxys|38/100|[from] Spikes
|-ability|p2a: Deoxys|Pressure
|turn|9
|
|t:|1759048915
|move|p2a: Deoxys|Light Screen|p2a: Deoxys
|-sidestart|p2: Victini Road|move: Light Screen
|move|p1a: Cresselia|Moonblast|p2a: Deoxys
|-damage|p2a: Deoxys|17/100
|-unboost|p2a: Deoxys|spa|1
|
|upkeep
|turn|10
|
|t:|1759048925
|switch|p1a: Goodra|Goodra-Hisui, M, shiny|100/100 par
|move|p2a: Deoxys|Reflect|p2a: Deoxys
|-sidestart|p2: Victini Road|Reflect
|
|upkeep
|turn|11
|
|t:|1759048934
|move|p2a: Deoxys|Taunt|p1a: Goodra
|-start|p1a: Goodra|move: Taunt
|move|p1a: Goodra|Dragon Tail|p2a: Deoxys
|-damage|p2a: Deoxys|0 fnt
|faint|p2a: Deoxys
|
|upkeep
|
|t:|1759048952
|switch|p2a: Zamazenta|Zamazenta|100/100
|-damage|p2a: Zamazenta|88/100|[from] Spikes
|-ability|p2a: Zamazenta|Dauntless Shield|boost
|-boost|p2a: Zamazenta|def|1
|turn|12
|
|t:|1759048963
|move|p2a: Zamazenta|Body Press|p1a: Goodra
|-supereffective|p1a: Goodra
|-damage|p1a: Goodra|22/100 par
|cant|p1a: Goodra|par
|
|-heal|p2a: Zamazenta|94/100|[from] item: Leftovers
|upkeep
|turn|13
|
|t:|1759048977
|move|p2a: Zamazenta|Body Press|p1a: Goodra
|-supereffective|p1a: Goodra
|-damage|p1a: Goodra|0 fnt
|faint|p1a: Goodra
|
|-heal|p2a: Zamazenta|100/100|[from] item: Leftovers
|-sideend|p2: Victini Road|move: Light Screen
|upkeep
|
|t:|1759048989
|switch|p1a: Cresselia|Cresselia, F, shiny, tera:Fairy|100/100
|turn|14
|
|t:|1759049013
|-terastallize|p2a: Zamazenta|Steel
|move|p2a: Zamazenta|Heavy Slam|p1a: Cresselia
|-supereffective|p1a: Cresselia
|-damage|p1a: Cresselia|64/100
|move|p1a: Cresselia|Moonblast|p2a: Zamazenta
|-resisted|p2a: Zamazenta
|-damage|p2a: Zamazenta|87/100
|-unboost|p2a: Zamazenta|spa|1
|
|-heal|p2a: Zamazenta|93/100|[from] item: Leftovers
|-heal|p1a: Cresselia|70/100|[from] item: Leftovers
|-sideend|p2: Victini Road|Reflect
|upkeep
|turn|15
|inactive|mrpopo3627 has 120 seconds left.
|inactive|mrpopo3627 has 90 seconds left.
|
|t:|1759049082
|switch|p1a: Armarouge|Armarouge, M, shiny|100/100
|move|p2a: Zamazenta|Iron Defense|p2a: Zamazenta
|-boost|p2a: Zamazenta|def|2
|
|-heal|p2a: Zamazenta|99/100|[from] item: Leftovers
|upkeep
|turn|16
|inactive|mrpopo3627 has 90 seconds left.
|
|t:|1759049089
|move|p2a: Zamazenta|Crunch|p1a: Armarouge
|-supereffective|p1a: Armarouge
|-damage|p1a: Armarouge|65/100
|move|p1a: Armarouge|Flamethrower|p2a: Zamazenta
|-supereffective|p2a: Zamazenta
|-damage|p2a: Zamazenta|40/100
|
|-heal|p2a: Zamazenta|46/100|[from] item: Leftovers
|-heal|p1a: Armarouge|71/100|[from] item: Leftovers
|upkeep
|turn|17
|
|t:|1759049096
|move|p2a: Zamazenta|Body Press|p1a: Armarouge
|-resisted|p1a: Armarouge
|-damage|p1a: Armarouge|39/100
|move|p1a: Armarouge|Flamethrower|p2a: Zamazenta
|-supereffective|p2a: Zamazenta
|-damage|p2a: Zamazenta|0 fnt
|faint|p2a: Zamazenta
|
|-heal|p1a: Armarouge|45/100|[from] item: Leftovers
|upkeep
|
|t:|1759049103
|switch|p2a: Great Tusk|Great Tusk|100/100
|-damage|p2a: Great Tusk|88/100|[from] Spikes
|-enditem|p2a: Great Tusk|Booster Energy
|-activate|p2a: Great Tusk|ability: Protosynthesis|[fromitem]
|-start|p2a: Great Tusk|protosynthesisspe
|turn|18
|
|t:|1759049115
|switch|p1a: Cresselia|Cresselia, F, shiny, tera:Fairy|70/100
|move|p2a: Great Tusk|Headlong Rush|p1a: Cresselia
|-immune|p1a: Cresselia|[from] ability: Levitate
|
|-heal|p1a: Cresselia|76/100|[from] item: Leftovers
|upkeep
|turn|19
|
|t:|1759049120
|move|p2a: Great Tusk|Bulk Up|p2a: Great Tusk
|-boost|p2a: Great Tusk|atk|1
|-boost|p2a: Great Tusk|def|1
|move|p1a: Cresselia|Ice Beam|p2a: Great Tusk
|-supereffective|p2a: Great Tusk
|-damage|p2a: Great Tusk|21/100
|
|-heal|p1a: Cresselia|82/100|[from] item: Leftovers
|upkeep
|turn|20
|inactive|mrpopo3627 has 120 seconds left.
|
|t:|1759049142
|move|p2a: Great Tusk|Ice Spinner|p1a: Cresselia
|-damage|p1a: Cresselia|57/100
|move|p1a: Cresselia|Ice Beam|p2a: Great Tusk
|-supereffective|p2a: Great Tusk
|-damage|p2a: Great Tusk|0 fnt
|faint|p2a: Great Tusk
|-end|p2a: Great Tusk|Protosynthesis|[silent]
|
|-heal|p1a: Cresselia|63/100|[from] item: Leftovers
|upkeep
|
|t:|1759049148
|switch|p2a: Kingambit|Kingambit, F|100/100
|-damage|p2a: Kingambit|88/100|[from] Spikes
|-activate|p2a: Kingambit|ability: Supreme Overlord
|-start|p2a: Kingambit|fallen4|[silent]
|turn|21
|
|t:|1759049154
|switch|p1a: Armarouge|Armarouge, M, shiny|45/100
|move|p2a: Kingambit|Iron Head|p1a: Armarouge
|-resisted|p1a: Armarouge
|-damage|p1a: Armarouge|15/100
|
|-heal|p1a: Armarouge|21/100|[from] item: Leftovers
|upkeep
|turn|22
|
|t:|1759049161
|move|p2a: Kingambit|Sucker Punch||[still]
|-fail|p2a: Kingambit
|move|p1a: Armarouge|Calm Mind|p1a: Armarouge
|-boost|p1a: Armarouge|spa|1
|-boost|p1a: Armarouge|spd|1
|
|-heal|p1a: Armarouge|27/100|[from] item: Leftovers
|upkeep
|turn|23
|
|t:|1759049166
|move|p2a: Kingambit|Sucker Punch|p1a: Armarouge
|-supereffective|p1a: Armarouge
|-damage|p1a: Armarouge|0 fnt
|faint|p1a: Armarouge
|
|upkeep
|
|t:|1759049170
|switch|p1a: Gallade|Gallade, M, shiny|100/100
|turn|24
|
|t:|1759049175
|-end|p2a: Kingambit|fallen4|[silent]
|switch|p2a: Dragonite|Dragonite, M|100/100
|move|p1a: Gallade|Drain Punch|p2a: Dragonite
|-resisted|p2a: Dragonite
|-damage|p2a: Dragonite|92/100
|
|upkeep
|turn|25
|
|t:|1759049183
|move|p2a: Dragonite|Earthquake|p1a: Gallade
|-damage|p1a: Gallade|50/100
|-damage|p2a: Dragonite|82/100|[from] item: Life Orb
|move|p1a: Gallade|Bulk Up|p1a: Gallade
|-boost|p1a: Gallade|atk|1
|-boost|p1a: Gallade|def|1
|
|-heal|p1a: Gallade|56/100|[from] item: Leftovers
|upkeep
|turn|26
|
|t:|1759049190
|move|p2a: Dragonite|Earthquake|p1a: Gallade
|-damage|p1a: Gallade|21/100
|-damage|p2a: Dragonite|72/100|[from] item: Life Orb
|move|p1a: Gallade|Ice Punch|p2a: Dragonite
|-supereffective|p2a: Dragonite
|-damage|p2a: Dragonite|0 fnt
|faint|p2a: Dragonite
|
|-heal|p1a: Gallade|27/100|[from] item: Leftovers
|upkeep
|
|t:|1759049192
|switch|p2a: Kingambit|Kingambit, F|88/100
|-damage|p2a: Kingambit|76/100|[from] Spikes
|-activate|p2a: Kingambit|ability: Supreme Overlord
|-start|p2a: Kingambit|fallen5|[silent]
|turn|27
|
|t:|1759049199
|move|p2a: Kingambit|Sucker Punch||[still]
|-fail|p2a: Kingambit
|move|p1a: Gallade|Bulk Up|p1a: Gallade
|-boost|p1a: Gallade|atk|1
|-boost|p1a: Gallade|def|1
|
|-heal|p1a: Gallade|33/100|[from] item: Leftovers
|upkeep
|turn|28
|
|t:|1759049204
|move|p2a: Kingambit|Sucker Punch||[still]
|-fail|p2a: Kingambit
|move|p1a: Gallade|Bulk Up|p1a: Gallade
|-boost|p1a: Gallade|atk|1
|-boost|p1a: Gallade|def|1
|
|-heal|p1a: Gallade|39/100|[from] item: Leftovers
|upkeep
|turn|29
|
|t:|1759049210
|move|p2a: Kingambit|Sucker Punch|p1a: Gallade
|-damage|p1a: Gallade|10/100
|-ability|p1a: Gallade|Justified|boost
|-boost|p1a: Gallade|atk|1
|move|p1a: Gallade|Drain Punch|p2a: Kingambit
|-supereffective|p2a: Kingambit
|-damage|p2a: Kingambit|0 fnt
|-heal|p1a: Gallade|55/100|[from] drain|[of] p2a: Kingambit
|faint|p2a: Kingambit
|-end|p2a: Kingambit|fallen5|[silent]
|
|win|mrpopo3627
|raw|mrpopo3627's rating: 1075 &rarr; <strong>1101</strong><br />(+26 for winning)
|raw|Victini Road's rating: 1046 &rarr; <strong>1031</strong><br />(-15 for losing)
|l|☆Victini Road
|player|p2|
