|j|☆wobo123猫雷
|j|☆DavyDXebecc
|t:|1758977755
|gametype|singles
|player|p1|wobo123猫雷|sightseerf|1487
|player|p2|DavyDXebecc|101|1478
|gen|9
|tier|[Gen 9] OU
|rated|
|rule|HP Percentage Mod: HP is shown in percentages
|rule|Endless Battle Clause: Forcing endless battles is banned
|rule|Species Clause: Limit one of each Pokémon
|rule|OHKO Clause: OHKO moves are banned
|rule|Evasion Items Clause: Evasion items are banned
|rule|Evasion Moves Clause: Evasion moves are banned
|rule|Evasion Abilities Clause: Evasion abilities are banned
|rule|Sleep Moves Clause: Sleep-inducing moves are banned
|clearpoke
|poke|p1|Ceruledge, M|
|poke|p1|Lycanroc-Dusk, M|
|poke|p1|Great Tusk|
|poke|p1|Dragonite, M|
|poke|p1|Ogerpon-Wellspring, F|
|poke|p1|Iron Moth|
|poke|p2|Gholdengo|
|poke|p2|Toxapex, M|
|poke|p2|Landorus-Therian, M|
|poke|p2|Mimikyu, M|
|poke|p2|Cinderace, F|
|poke|p2|Clefable, M|
|teampreview
|
|t:|1758977764
|teamsize|p1|6
|teamsize|p2|6
|start
|switch|p1a: Lycanroc|Lycanroc-Dusk, M|100/100
|switch|p2a: Landorus|Landorus-Therian, M|100/100
|-ability|p2a: Landorus|Intimidate|boost
|-unboost|p1a: Lycanroc|atk|1
|turn|1
|
|t:|1758977771
|move|p1a: Lycanroc|Stealth Rock|p2a: Landorus
|-sidestart|p2: DavyDXebecc|move: Stealth Rock
|move|p2a: Landorus|U-turn|p1a: Lycanroc
|-damage|p1a: Lycanroc|62/100
|
|t:|1758977780
|switch|p2a: Gholdengo|Gholdengo|100/100|[from] U-turn
|-damage|p2a: Gholdengo|94/100|[from] Stealth Rock
|
|upkeep
|turn|2
|
|t:|1758977787
|switch|p1a: Iron Moth|Iron Moth|100/100
|-enditem|p1a: Iron Moth|Booster Energy
|-activate|p1a: Iron Moth|ability: Quark Drive|[fromitem]
|-start|p1a: Iron Moth|quarkdrivespe
|move|p2a: Gholdengo|Shadow Ball|p1a: Iron Moth
|-damage|p1a: Iron Moth|59/100
|
|upkeep
|turn|3
|
|t:|1758977796
|switch|p2a: Toxapex|Toxapex, M|100/100
|-damage|p2a: Toxapex|88/100|[from] Stealth Rock
|move|p1a: Iron Moth|Fiery Dance|p2a: Toxapex
|-resisted|p2a: Toxapex
|-damage|p2a: Toxapex|76/100
|-boost|p1a: Iron Moth|spa|1
|
|-heal|p2a: Toxapex|82/100|[from] item: Leftovers
|upkeep
|turn|4
|
|t:|1758977806
|move|p2a: Toxapex|Baneful Bunker|p2a: Toxapex
|-singleturn|p2a: Toxapex|move: Protect
|move|p1a: Iron Moth|Fiery Dance|p2a: Toxapex
|-activate|p2a: Toxapex|move: Protect
|
|-heal|p2a: Toxapex|89/100|[from] item: Leftovers
|upkeep
|turn|5
|
|t:|1758977814
|move|p1a: Iron Moth|Fiery Dance|p2a: Toxapex
|-resisted|p2a: Toxapex
|-damage|p2a: Toxapex|68/100
|-boost|p1a: Iron Moth|spa|1
|move|p2a: Toxapex|Surf|p1a: Iron Moth
|-supereffective|p1a: Iron Moth
|-damage|p1a: Iron Moth|18/100
|
|-heal|p2a: Toxapex|74/100|[from] item: Leftovers
|upkeep
|turn|6
|
|t:|1758977825
|move|p2a: Toxapex|Baneful Bunker|p2a: Toxapex
|-singleturn|p2a: Toxapex|move: Protect
|move|p1a: Iron Moth|Sludge Wave|p2a: Toxapex
|-activate|p2a: Toxapex|move: Protect
|
|-heal|p2a: Toxapex|80/100|[from] item: Leftovers
|upkeep
|turn|7
|
|t:|1758977833
|move|p1a: Iron Moth|Sludge Wave|p2a: Toxapex
|-resisted|p2a: Toxapex
|-damage|p2a: Toxapex|48/100
|move|p2a: Toxapex|Surf|p1a: Iron Moth
|-supereffective|p1a: Iron Moth
|-damage|p1a: Iron Moth|0 fnt
|faint|p1a: Iron Moth
|-end|p1a: Iron Moth|Quark Drive|[silent]
|
|-heal|p2a: Toxapex|54/100|[from] item: Leftovers
|upkeep
|
|t:|1758977845
|switch|p1a: Ogerpon|Ogerpon-Wellspring, F|100/100
|turn|8
|
|t:|1758977856
|-terastallize|p2a: Toxapex|Grass
|move|p1a: Ogerpon|Swords Dance|p1a: Ogerpon
|-boost|p1a: Ogerpon|atk|2
|move|p2a: Toxapex|Toxic|p1a: Ogerpon
|-status|p1a: Ogerpon|tox
|
|-heal|p2a: Toxapex|60/100|[from] item: Leftovers
|-damage|p1a: Ogerpon|95/100 tox|[from] psn
|upkeep
|turn|9
|
|t:|1758977866
|move|p2a: Toxapex|Baneful Bunker|p2a: Toxapex
|-singleturn|p2a: Toxapex|move: Protect
|move|p1a: Ogerpon|Play Rough|p2a: Toxapex
|-activate|p2a: Toxapex|move: Protect
|
|-heal|p2a: Toxapex|67/100|[from] item: Leftovers
|-damage|p1a: Ogerpon|83/100 tox|[from] psn
|upkeep
|turn|10
|inactive|Battle timer is ON: inactive players will automatically lose when time's up. (requested by wobo123猫雷)
|
|t:|1758977881
|switch|p2a: Mimikyu|Mimikyu, M|100/100
|-damage|p2a: Mimikyu|88/100|[from] Stealth Rock
|move|p1a: Ogerpon|Play Rough|p2a: Mimikyu
|-activate|p2a: Mimikyu|ability: Disguise
|-damage|p2a: Mimikyu|88/100
|detailschange|p2a: Mimikyu|Mimikyu-Busted, M
|-damage|p2a: Mimikyu|76/100|[from] pokemon: Mimikyu-Busted
|
|-damage|p1a: Ogerpon|65/100 tox|[from] psn
|upkeep
|turn|11
|
|t:|1758977898
|move|p2a: Mimikyu|Shadow Sneak|p1a: Ogerpon
|-damage|p1a: Ogerpon|37/100 tox
|-damage|p2a: Mimikyu|66/100|[from] item: Life Orb
|move|p1a: Ogerpon|Ivy Cudgel|p2a: Mimikyu|[anim] Ivy Cudgel Water
|-damage|p2a: Mimikyu|0 fnt
|faint|p2a: Mimikyu
|
|-damage|p1a: Ogerpon|13/100 tox|[from] psn
|upkeep
|
|t:|1758977909
|switch|p2a: Cinderace|Cinderace, F|100/100
|turn|12
|
|t:|1758977913
|move|p2a: Cinderace|U-turn|p1a: Ogerpon
|-start|p2a: Cinderace|typechange|Bug|[from] ability: Libero
|-supereffective|p1a: Ogerpon
|-damage|p1a: Ogerpon|0 fnt
|faint|p1a: Ogerpon
|
|t:|1758977923
|switch|p2a: Gholdengo|Gholdengo|94/100|[from] U-turn
|-damage|p2a: Gholdengo|88/100|[from] Stealth Rock
|
|upkeep
|
|t:|1758977932
|switch|p1a: Ceruledge|Ceruledge, M|100/100
|turn|13
|
|t:|1758977938
|switch|p2a: Landorus|Landorus-Therian, M|100/100
|-damage|p2a: Landorus|88/100|[from] Stealth Rock
|-ability|p2a: Landorus|Intimidate|boost
|-unboost|p1a: Ceruledge|atk|1
|move|p1a: Ceruledge|Poltergeist|p2a: Landorus
|-activate|p2a: Landorus|move: Poltergeist|Leftovers
|-damage|p2a: Landorus|48/100
|
|-heal|p2a: Landorus|54/100|[from] item: Leftovers
|upkeep
|turn|14
|
|t:|1758977951
|switch|p1a: Great Tusk|Great Tusk|100/100
|move|p2a: Landorus|Earthquake|p1a: Great Tusk
|-damage|p1a: Great Tusk|64/100
|
|-heal|p2a: Landorus|60/100|[from] item: Leftovers
|upkeep
|turn|15
|
|t:|1758977959
|switch|p2a: Cinderace|Cinderace, F|100/100
|move|p1a: Great Tusk|Ice Spinner|p2a: Cinderace
|-resisted|p2a: Cinderace
|-damage|p2a: Cinderace|80/100
|
|upkeep
|turn|16
|
|t:|1758977968
|move|p2a: Cinderace|Pyro Ball|p1a: Great Tusk
|-damage|p1a: Great Tusk|24/100
|move|p1a: Great Tusk|Rapid Spin|p2a: Cinderace
|-damage|p2a: Cinderace|55/100
|-boost|p1a: Great Tusk|spe|1
|
|upkeep
|turn|17
|
|t:|1758977981
|move|p2a: Cinderace|Sucker Punch|p1a: Great Tusk
|-start|p2a: Cinderace|typechange|Dark|[from] ability: Libero
|-resisted|p1a: Great Tusk
|-damage|p1a: Great Tusk|12/100
|move|p1a: Great Tusk|Headlong Rush|p2a: Cinderace
|-crit|p2a: Cinderace
|-damage|p2a: Cinderace|0 fnt
|-unboost|p1a: Great Tusk|def|1
|-unboost|p1a: Great Tusk|spd|1
|faint|p2a: Cinderace
|
|upkeep
|
|t:|1758977993
|switch|p2a: Toxapex|Toxapex, M, tera:Grass|99/100
|-damage|p2a: Toxapex|87/100|[from] Stealth Rock
|turn|18
|
|t:|1758977997
|move|p2a: Toxapex|Baneful Bunker|p2a: Toxapex
|-singleturn|p2a: Toxapex|move: Protect
|move|p1a: Great Tusk|Ice Spinner|p2a: Toxapex
|-activate|p2a: Toxapex|move: Protect
|-status|p1a: Great Tusk|psn
|
|-heal|p2a: Toxapex|94/100|[from] item: Leftovers
|-damage|p1a: Great Tusk|0 fnt|[from] psn
|faint|p1a: Great Tusk
|-end|p1a: Great Tusk|Protosynthesis|[silent]
|upkeep
|
|t:|1758978001
|switch|p1a: Ceruledge|Ceruledge, M|100/100
|turn|19
|
|t:|1758978015
|switch|p2a: Landorus|Landorus-Therian, M|60/100
|-damage|p2a: Landorus|48/100|[from] Stealth Rock
|-ability|p2a: Landorus|Intimidate|boost
|-unboost|p1a: Ceruledge|atk|1
|move|p1a: Ceruledge|Swords Dance|p1a: Ceruledge
|-boost|p1a: Ceruledge|atk|2
|
|-heal|p2a: Landorus|54/100|[from] item: Leftovers
|upkeep
|turn|20
|
|t:|1758978026
|move|p2a: Landorus|Earthquake|p1a: Ceruledge
|-supereffective|p1a: Ceruledge
|-enditem|p1a: Ceruledge|Focus Sash
|-damage|p1a: Ceruledge|1/100
|-ability|p1a: Ceruledge|Weak Armor|boost
|-unboost|p1a: Ceruledge|def|1
|-boost|p1a: Ceruledge|spe|2
|move|p1a: Ceruledge|Bitter Blade|p2a: Landorus
|-damage|p2a: Landorus|0 fnt
|-heal|p1a: Ceruledge|36/100|[from] drain|[of] p2a: Landorus
|faint|p2a: Landorus
|
|upkeep
|
|t:|1758978040
|switch|p2a: Clefable|Clefable, M|100/100
|turn|21
|
|t:|1758978043
|move|p1a: Ceruledge|Bitter Blade|p2a: Clefable
|-damage|p2a: Clefable|16/100
|-heal|p1a: Ceruledge|93/100|[from] drain|[of] p2a: Clefable
|move|p2a: Clefable|Thunderbolt|p1a: Ceruledge
|-damage|p1a: Ceruledge|53/100
|
|upkeep
|turn|22
|-message|DavyDXebecc forfeited.
|
|win|wobo123猫雷
|raw|wobo123猫雷's rating: 1487 &rarr; <strong>1506</strong><br />(+19 for winning)
|raw|DavyDXebecc's rating: 1478 &rarr; <strong>1459</strong><br />(-19 for losing)
|l|☆DavyDXebecc
|player|p2|
|l|☆wobo123猫雷
|player|p1|
