|j|☆The Power of Spam
|j|☆wyketaure2
|t:|1758975809
|gametype|singles
|player|p1|The Power of Spam|worker|1309
|player|p2|wyketaure2|bugsy|1379
|gen|9
|tier|[Gen 9] OU
|rated|
|rule|HP Percentage Mod: HP is shown in percentages
|rule|Endless Battle Clause: Forcing endless battles is banned
|rule|Species Clause: Limit one of each Pokémon
|rule|OHKO Clause: OHKO moves are banned
|rule|Evasion Items Clause: Evasion items are banned
|rule|Evasion Moves Clause: Evasion moves are banned
|rule|Evasion Abilities Clause: Evasion abilities are banned
|rule|Sleep Moves Clause: Sleep-inducing moves are banned
|clearpoke
|poke|p1|Landorus-Therian, M|
|poke|p1|Greninja-*, M|
|poke|p1|Tsareena, F|
|poke|p1|Deoxys-Speed|
|poke|p1|Iron Hands|
|poke|p1|Heatran, M|
|poke|p2|Walking Wake|
|poke|p2|Dragapult, F|
|poke|p2|Kingambit, M|
|poke|p2|Corviknight, F|
|poke|p2|Slowking-Galar, F|
|poke|p2|Glimmora, M|
|teampreview
|
|t:|1758975818
|teamsize|p1|6
|teamsize|p2|6
|start
|switch|p1a: Deoxys|Deoxys-Speed|100/100
|switch|p2a: Dragapult|Dragapult, F|100/100
|-ability|p1a: Deoxys|Pressure
|turn|1
|
|t:|1758975826
|switch|p2a: Slowking|Slowking-Galar, F|100/100
|move|p1a: Deoxys|Psycho Boost|p2a: Slowking|[miss]
|-miss|p1a: Deoxys|p2a: Slowking
|
|upkeep
|turn|2
|
|t:|1758975836
|switch|p1a: Landorus|Landorus-Therian, M|100/100
|-ability|p1a: Landorus|Intimidate|boost
|-unboost|p2a: Slowking|atk|1
|move|p2a: Slowking|Thunder Wave|p1a: Landorus
|-immune|p1a: Landorus
|
|upkeep
|turn|3
|
|t:|1758975845
|switch|p2a: Corviknight|Corviknight, F|100/100
|-ability|p2a: Corviknight|Pressure
|move|p1a: Landorus|U-turn|p2a: Corviknight
|-resisted|p2a: Corviknight
|-damage|p2a: Corviknight|96/100
|-damage|p1a: Landorus|84/100|[from] item: Rocky Helmet|[of] p2a: Corviknight
|
|t:|1758975853
|switch|p1a: Heatran|Heatran, M|100/100|[from] U-turn
|
|upkeep
|turn|4
|
|t:|1758975859
|switch|p2a: Walking Wake|Walking Wake|100/100
|move|p1a: Heatran|Will-O-Wisp|p2a: Walking Wake
|-status|p2a: Walking Wake|brn
|
|-damage|p2a: Walking Wake|94/100 brn|[from] brn
|upkeep
|turn|5
|
|t:|1758975868
|switch|p1a: Tsareena|Tsareena, F, shiny|100/100
|move|p2a: Walking Wake|Hydro Steam|p1a: Tsareena
|-resisted|p1a: Tsareena
|-damage|p1a: Tsareena|71/100
|
|-damage|p2a: Walking Wake|88/100 brn|[from] brn
|upkeep
|turn|6
|
|t:|1758975878
|-end|p2a: Walking Wake|Protosynthesis|[silent]
|switch|p2a: Corviknight|Corviknight, F|96/100
|-ability|p2a: Corviknight|Pressure
|move|p1a: Tsareena|Knock Off|p2a: Corviknight
|-damage|p2a: Corviknight|80/100
|-damage|p1a: Tsareena|55/100|[from] item: Rocky Helmet|[of] p2a: Corviknight
|-enditem|p2a: Corviknight|Rocky Helmet|[from] move: Knock Off|[of] p1a: Tsareena
|
|upkeep
|turn|7
|
|t:|1758975888
|switch|p1a: Heatran|Heatran, M|100/100
|move|p2a: Corviknight|Body Press|p1a: Heatran
|-supereffective|p1a: Heatran
|-damage|p1a: Heatran|59/100
|
|-heal|p1a: Heatran|65/100|[from] item: Leftovers
|upkeep
|turn|8
|
|t:|1758975897
|switch|p2a: Slowking|Slowking-Galar, F|100/100
|move|p1a: Heatran|Magma Storm|p2a: Slowking
|-damage|p2a: Slowking|68/100
|-activate|p2a: Slowking|move: Magma Storm|[of] p1a: Heatran
|
|-heal|p1a: Heatran|71/100|[from] item: Leftovers
|-damage|p2a: Slowking|55/100|[from] move: Magma Storm|[partiallytrapped]
|upkeep
|turn|9
|
|t:|1758975907
|move|p1a: Heatran|Taunt|p2a: Slowking
|-start|p2a: Slowking|move: Taunt
|-prepare|p2a: Slowking|Chilly Reception|[premajor]
|cant|p2a: Slowking|move: Taunt|Chilly Reception
|
|-heal|p1a: Heatran|78/100|[from] item: Leftovers
|-damage|p2a: Slowking|43/100|[from] move: Magma Storm|[partiallytrapped]
|upkeep
|turn|10
|-message|wyketaure2 forfeited.
|
|win|The Power of Spam
|raw|The Power of Spam's rating: 1309 &rarr; <strong>1333</strong><br />(+24 for winning)
|raw|wyketaure2's rating: 1379 &rarr; <strong>1355</strong><br />(-24 for losing)
|l|☆wyketaure2
|player|p2|
|l|☆The Power of Spam
|player|p1|
