|j|☆VorTeK42
|j|☆dimeeenietreecko
|t:|1759050984
|gametype|singles
|player|p1|VorTeK42|cynthia-gen4|1091
|player|p2|dimeeenietreecko|265|1099
|gen|9
|tier|[Gen 9] OU
|rated|
|rule|HP Percentage Mod: HP is shown in percentages
|rule|Endless Battle Clause: Forcing endless battles is banned
|rule|Species Clause: Limit one of each Pokémon
|rule|OHKO Clause: OHKO moves are banned
|rule|Evasion Items Clause: Evasion items are banned
|rule|Evasion Moves Clause: Evasion moves are banned
|rule|Evasion Abilities Clause: Evasion abilities are banned
|rule|Sleep Moves Clause: Sleep-inducing moves are banned
|clearpoke
|poke|p1|Skarmory, M|
|poke|p1|Gliscor, M|
|poke|p1|Amoonguss, M|
|poke|p1|Blissey, F|
|poke|p1|Dondozo, F|
|poke|p1|Clodsire, M|
|poke|p2|Okidogi, M|
|poke|p2|Dragapult, M|
|poke|p2|Sylveon, F|
|poke|p2|Rillaboom, F|
|poke|p2|Glimmora, M|
|poke|p2|Moltres|
|teampreview
|inactive|Battle timer is ON: inactive players will automatically lose when time's up. (requested by dimeeenietreecko)
|inactive|dimeeenietreecko has 120 seconds left.
|
|t:|1759051020
|teamsize|p1|6
|teamsize|p2|6
|start
|switch|p1a: Skarmory|Skarmory, M, shiny|100/100
|switch|p2a: Moltres|Moltres|100/100
|-ability|p2a: Moltres|Pressure
|turn|1
|
|t:|1759051033
|move|p2a: Moltres|Overheat|p1a: Skarmory
|-supereffective|p1a: Skarmory
|-ability|p1a: Skarmory|Sturdy
|-damage|p1a: Skarmory|1/100
|-unboost|p2a: Moltres|spa|2
|move|p1a: Skarmory|Spikes|p2a: Moltres
|-sidestart|p2: dimeeenietreecko|Spikes
|
|upkeep
|turn|2
|
|t:|1759051044
|move|p2a: Moltres|Overheat|p1a: Skarmory
|-supereffective|p1a: Skarmory
|-damage|p1a: Skarmory|0 fnt
|-unboost|p2a: Moltres|spa|2
|faint|p1a: Skarmory
|
|upkeep
|
|t:|1759051050
|switch|p1a: Clodsire|Clodsire, M, shiny|100/100
|turn|3
|
|t:|1759051063
|switch|p2a: Sylveon|Sylveon, F|100/100
|-damage|p2a: Sylveon|88/100|[from] Spikes
|move|p1a: Clodsire|Amnesia|p1a: Clodsire
|-boost|p1a: Clodsire|spd|2
|
|-heal|p2a: Sylveon|94/100|[from] item: Leftovers
|upkeep
|turn|4
|
|t:|1759051079
|switch|p2a: Dragapult|Dragapult, M|100/100
|-damage|p2a: Dragapult|88/100|[from] Spikes
|move|p1a: Clodsire|Poison Jab|p2a: Dragapult
|-resisted|p2a: Dragapult
|-damage|p2a: Dragapult|75/100
|
|-heal|p2a: Dragapult|81/100|[from] item: Leftovers
|upkeep
|turn|5
|
|t:|1759051090
|move|p2a: Dragapult|Disable|p1a: Clodsire
|-start|p1a: Clodsire|Disable|Poison Jab
|move|p1a: Clodsire|Spikes|p2a: Dragapult
|-sidestart|p2: dimeeenietreecko|Spikes
|
|-heal|p2a: Dragapult|87/100|[from] item: Leftovers
|upkeep
|turn|6
|
|t:|1759051097
|move|p2a: Dragapult|Curse|p1a: Clodsire
|-start|p1a: Clodsire|Curse|[of] p2a: Dragapult
|-damage|p2a: Dragapult|37/100
|move|p1a: Clodsire|Spikes|p2a: Dragapult
|-sidestart|p2: dimeeenietreecko|Spikes
|
|-heal|p2a: Dragapult|43/100|[from] item: Leftovers
|-damage|p1a: Clodsire|76/100|[from] Curse
|upkeep
|turn|7
|
|t:|1759051109
|move|p2a: Dragapult|Reflect|p2a: Dragapult
|-sidestart|p2: dimeeenietreecko|Reflect
|move|p1a: Clodsire|Recover|p1a: Clodsire
|-heal|p1a: Clodsire|100/100
|
|-heal|p2a: Dragapult|49/100|[from] item: Leftovers
|-damage|p1a: Clodsire|76/100|[from] Curse
|upkeep
|turn|8
|
|t:|1759051118
|switch|p2a: Rillaboom|Rillaboom, F|100/100
|-damage|p2a: Rillaboom|76/100|[from] Spikes
|-fieldstart|move: Grassy Terrain|[from] ability: Grassy Surge|[of] p2a: Rillaboom
|move|p1a: Clodsire|Amnesia|p1a: Clodsire
|-boost|p1a: Clodsire|spd|2
|
|-heal|p2a: Rillaboom|82/100|[from] Grassy Terrain
|-heal|p1a: Clodsire|82/100|[from] Grassy Terrain
|-damage|p1a: Clodsire|57/100|[from] Curse
|-end|p1a: Clodsire|Disable
|upkeep
|turn|9
|
|t:|1759051129
|move|p2a: Rillaboom|Wood Hammer|p1a: Clodsire
|-damage|p1a: Clodsire|0 fnt
|faint|p1a: Clodsire
|-damage|p2a: Rillaboom|60/100|[from] Recoil
|-damage|p2a: Rillaboom|50/100|[from] item: Life Orb
|
|-heal|p2a: Rillaboom|57/100|[from] Grassy Terrain
|upkeep
|
|t:|1759051145
|switch|p1a: Gliscor|Gliscor, M, shiny|100/100
|turn|10
|
|t:|1759051169
|switch|p2a: Sylveon|Sylveon, F|94/100
|-damage|p2a: Sylveon|69/100|[from] Spikes
|move|p1a: Gliscor|Knock Off|p2a: Sylveon
|-resisted|p2a: Sylveon
|-damage|p2a: Sylveon|63/100
|-enditem|p2a: Sylveon|Leftovers|[from] move: Knock Off|[of] p1a: Gliscor
|
|-heal|p2a: Sylveon|69/100|[from] Grassy Terrain
|-status|p1a: Gliscor|tox|[from] item: Toxic Orb
|upkeep
|turn|11
|
|t:|1759051179
|move|p1a: Gliscor|Swords Dance|p1a: Gliscor
|-boost|p1a: Gliscor|atk|2
|move|p2a: Sylveon|Wish|p2a: Sylveon
|
|-heal|p2a: Sylveon|75/100|[from] Grassy Terrain
|-sideend|p2: dimeeenietreecko|Reflect
|upkeep
|turn|12
|
|t:|1759051187
|switch|p2a: Moltres|Moltres|100/100
|-ability|p2a: Moltres|Pressure
|move|p1a: Gliscor|Earthquake|p2a: Moltres
|-immune|p2a: Moltres
|
|-fieldend|move: Grassy Terrain
|upkeep
|turn|13
|
|t:|1759051194
|move|p2a: Moltres|Overheat|p1a: Gliscor
|-damage|p1a: Gliscor|22/100 tox
|-unboost|p2a: Moltres|spa|2
|move|p1a: Gliscor|Knock Off|p2a: Moltres
|-damage|p2a: Moltres|49/100
|-enditem|p2a: Moltres|Choice Specs|[from] move: Knock Off|[of] p1a: Gliscor
|
|-heal|p1a: Gliscor|35/100 tox|[from] ability: Poison Heal
|upkeep
|turn|14
|
|t:|1759051209
|move|p1a: Gliscor|Protect|p1a: Gliscor
|-singleturn|p1a: Gliscor|Protect
|move|p2a: Moltres|Air Slash|p1a: Gliscor
|-activate|p1a: Gliscor|move: Protect
|
|-heal|p1a: Gliscor|47/100 tox|[from] ability: Poison Heal
|upkeep
|turn|15
|
|t:|1759051220
|switch|p2a: Sylveon|Sylveon, F|75/100
|-damage|p2a: Sylveon|50/100|[from] Spikes
|move|p1a: Gliscor|Knock Off|p2a: Sylveon
|-resisted|p2a: Sylveon
|-damage|p2a: Sylveon|32/100
|
|-heal|p1a: Gliscor|60/100 tox|[from] ability: Poison Heal
|upkeep
|turn|16
|
|t:|1759051234
|move|p1a: Gliscor|Protect|p1a: Gliscor
|-singleturn|p1a: Gliscor|Protect
|move|p2a: Sylveon|Wish|p2a: Sylveon
|
|-heal|p1a: Gliscor|72/100 tox|[from] ability: Poison Heal
|upkeep
|turn|17
|
|t:|1759051240
|switch|p2a: Moltres|Moltres|49/100
|-ability|p2a: Moltres|Pressure
|move|p1a: Gliscor|Knock Off|p2a: Moltres
|-damage|p2a: Moltres|18/100
|
|-heal|p2a: Moltres|79/100|[from] move: Wish|[wisher] Sylveon
|-heal|p1a: Gliscor|85/100 tox|[from] ability: Poison Heal
|upkeep
|turn|18
|
|t:|1759051250
|move|p1a: Gliscor|Protect|p1a: Gliscor
|-singleturn|p1a: Gliscor|Protect
|move|p2a: Moltres|Air Slash|p1a: Gliscor
|-activate|p1a: Gliscor|move: Protect
|
|-heal|p1a: Gliscor|97/100 tox|[from] ability: Poison Heal
|upkeep
|turn|19
|
|t:|1759051257
|move|p2a: Moltres|Air Slash|p1a: Gliscor
|-crit|p1a: Gliscor
|-damage|p1a: Gliscor|51/100 tox
|cant|p1a: Gliscor|flinch
|
|-heal|p1a: Gliscor|63/100 tox|[from] ability: Poison Heal
|upkeep
|turn|20
|
|t:|1759051263
|move|p1a: Gliscor|Protect|p1a: Gliscor
|-singleturn|p1a: Gliscor|Protect
|move|p2a: Moltres|Air Slash|p1a: Gliscor
|-activate|p1a: Gliscor|move: Protect
|
|-heal|p1a: Gliscor|76/100 tox|[from] ability: Poison Heal
|upkeep
|turn|21
|
|t:|1759051269
|move|p2a: Moltres|Air Slash|p1a: Gliscor
|-damage|p1a: Gliscor|43/100 tox
|move|p1a: Gliscor|Knock Off|p2a: Moltres
|-damage|p2a: Moltres|44/100
|
|-heal|p1a: Gliscor|55/100 tox|[from] ability: Poison Heal
|upkeep
|turn|22
|
|t:|1759051279
|move|p2a: Moltres|Air Slash|p1a: Gliscor
|-damage|p1a: Gliscor|23/100 tox
|move|p1a: Gliscor|Knock Off|p2a: Moltres
|-damage|p2a: Moltres|10/100
|
|-heal|p1a: Gliscor|35/100 tox|[from] ability: Poison Heal
|upkeep
|turn|23
|
|t:|1759051286
|move|p1a: Gliscor|Protect|p1a: Gliscor
|-singleturn|p1a: Gliscor|Protect
|move|p2a: Moltres|Air Slash|p1a: Gliscor
|-activate|p1a: Gliscor|move: Protect
|
|-heal|p1a: Gliscor|48/100 tox|[from] ability: Poison Heal
|upkeep
|turn|24
|
|t:|1759051293
|move|p2a: Moltres|Air Slash|p1a: Gliscor|[miss]
|-miss|p2a: Moltres|p1a: Gliscor
|move|p1a: Gliscor|Knock Off|p2a: Moltres
|-damage|p2a: Moltres|0 fnt
|faint|p2a: Moltres
|
|-heal|p1a: Gliscor|60/100 tox|[from] ability: Poison Heal
|upkeep
|
|t:|1759051309
|switch|p2a: Dragapult|Dragapult, M|49/100
|-damage|p2a: Dragapult|24/100|[from] Spikes
|turn|25
|
|t:|1759051313
|move|p1a: Gliscor|Protect|p1a: Gliscor
|-singleturn|p1a: Gliscor|Protect
|move|p2a: Dragapult|Curse|p1a: Gliscor
|-start|p1a: Gliscor|Curse|[of] p2a: Dragapult
|-damage|p2a: Dragapult|0 fnt
|faint|p2a: Dragapult
|
|-heal|p1a: Gliscor|73/100 tox|[from] ability: Poison Heal
|-damage|p1a: Gliscor|48/100 tox|[from] Curse
|upkeep
|
|t:|1759051323
|switch|p2a: Glimmora|Glimmora, M|100/100
|-damage|p2a: Glimmora|76/100|[from] Spikes
|turn|26
|
|t:|1759051327
|move|p2a: Glimmora|Mortal Spin|p1a: Gliscor
|-resisted|p1a: Gliscor
|-damage|p1a: Gliscor|45/100 tox
|-sideend|p2: dimeeenietreecko|Spikes|[from] move: Mortal Spin|[of] p2a: Glimmora
|move|p1a: Gliscor|Earthquake|p2a: Glimmora
|-supereffective|p2a: Glimmora
|-damage|p2a: Glimmora|0 fnt
|-activate|p2a: Glimmora|ability: Toxic Debris
|-sidestart|p1: VorTeK42|move: Toxic Spikes
|faint|p2a: Glimmora
|
|-heal|p1a: Gliscor|58/100 tox|[from] ability: Poison Heal
|-damage|p1a: Gliscor|33/100 tox|[from] Curse
|upkeep
|
|t:|1759051341
|switch|p2a: Okidogi|Okidogi, M|100/100
|turn|27
|
|t:|1759051346
|move|p1a: Gliscor|Protect|p1a: Gliscor
|-singleturn|p1a: Gliscor|Protect
|move|p2a: Okidogi|Ice Punch|p1a: Gliscor
|-activate|p1a: Gliscor|move: Protect
|
|-heal|p1a: Gliscor|45/100 tox|[from] ability: Poison Heal
|-damage|p1a: Gliscor|20/100 tox|[from] Curse
|upkeep
|turn|28
|
|t:|1759051358
|switch|p1a: Dondozo|Dondozo, F|100/100
|move|p2a: Okidogi|Ice Punch|p1a: Dondozo
|-resisted|p1a: Dondozo
|-damage|p1a: Dondozo|94/100
|-status|p1a: Dondozo|frz
|
|upkeep
|turn|29
|
|t:|1759051366
|switch|p2a: Rillaboom|Rillaboom, F|57/100
|-fieldstart|move: Grassy Terrain|[from] ability: Grassy Surge|[of] p2a: Rillaboom
|cant|p1a: Dondozo|frz
|
|-heal|p2a: Rillaboom|63/100|[from] Grassy Terrain
|-heal|p1a: Dondozo|99/100 frz|[from] Grassy Terrain
|upkeep
|turn|30
|
|t:|1759051377
|-terastallize|p1a: Dondozo|Fighting
|move|p2a: Rillaboom|Leech Seed|p1a: Dondozo
|-start|p1a: Dondozo|move: Leech Seed
|cant|p1a: Dondozo|frz
|
|-heal|p2a: Rillaboom|69/100|[from] Grassy Terrain
|-heal|p1a: Dondozo|100/100 frz|[from] Grassy Terrain
|-damage|p1a: Dondozo|88/100 frz|[from] Leech Seed|[of] p2a: Rillaboom
|-heal|p2a: Rillaboom|85/100|[silent]
|upkeep
|turn|31
|
|t:|1759051386
|move|p2a: Rillaboom|Wood Hammer|p1a: Dondozo
|-damage|p1a: Dondozo|35/100 frz
|-damage|p2a: Rillaboom|63/100|[from] Recoil
|-damage|p2a: Rillaboom|53/100|[from] item: Life Orb
|-curestatus|p1a: Dondozo|frz|[msg]
|move|p1a: Dondozo|Curse|p1a: Dondozo
|-unboost|p1a: Dondozo|spe|1
|-boost|p1a: Dondozo|atk|1
|-boost|p1a: Dondozo|def|1
|
|-heal|p2a: Rillaboom|59/100|[from] Grassy Terrain
|-heal|p1a: Dondozo|41/100|[from] Grassy Terrain
|-damage|p1a: Dondozo|28/100|[from] Leech Seed|[of] p2a: Rillaboom
|-heal|p2a: Rillaboom|75/100|[silent]
|upkeep
|turn|32
|
|t:|1759051402
|switch|p1a: Amoonguss|Amoonguss, M, shiny|100/100
|-sideend|p1: VorTeK42|move: Toxic Spikes|[of] p1a: Amoonguss
|move|p2a: Rillaboom|Wood Hammer|p1a: Amoonguss
|-resisted|p1a: Amoonguss
|-damage|p1a: Amoonguss|81/100
|-damage|p2a: Rillaboom|68/100|[from] Recoil
|-damage|p2a: Rillaboom|58/100|[from] item: Life Orb
|
|-heal|p2a: Rillaboom|64/100|[from] Grassy Terrain
|-heal|p1a: Amoonguss|87/100|[from] Grassy Terrain
|upkeep
|turn|33
|
|t:|1759051414
|switch|p2a: Sylveon|Sylveon, F|32/100
|move|p1a: Amoonguss|Toxic|p2a: Sylveon
|-status|p2a: Sylveon|tox
|
|-heal|p2a: Sylveon|38/100 tox|[from] Grassy Terrain
|-heal|p1a: Amoonguss|94/100|[from] Grassy Terrain
|-damage|p2a: Sylveon|32/100 tox|[from] psn
|-fieldend|move: Grassy Terrain
|upkeep
|turn|34
|
|t:|1759051425
|move|p2a: Sylveon|Psyshock|p1a: Amoonguss
|-supereffective|p1a: Amoonguss
|-crit|p1a: Amoonguss
|-damage|p1a: Amoonguss|50/100
|move|p1a: Amoonguss|Stomping Tantrum|p2a: Sylveon
|-damage|p2a: Sylveon|13/100 tox
|
|-damage|p2a: Sylveon|0 fnt|[from] psn
|faint|p2a: Sylveon
|upkeep
|
|t:|1759051434
|switch|p2a: Okidogi|Okidogi, M|100/100
|turn|35
|
|t:|1759051445
|move|p2a: Okidogi|Bulk Up|p2a: Okidogi
|-boost|p2a: Okidogi|atk|1
|-boost|p2a: Okidogi|def|1
|move|p1a: Amoonguss|Foul Play|p2a: Okidogi
|-resisted|p2a: Okidogi
|-damage|p2a: Okidogi|85/100
|
|upkeep
|turn|36
|
|t:|1759051453
|move|p2a: Okidogi|Poison Jab|p1a: Amoonguss
|-damage|p1a: Amoonguss|0 fnt
|faint|p1a: Amoonguss
|
|upkeep
|
|t:|1759051458
|switch|p1a: Dondozo|Dondozo, F, tera:Fighting|28/100
|turn|37
|
|t:|1759051466
|move|p2a: Okidogi|Poison Jab|p1a: Dondozo
|-damage|p1a: Dondozo|10/100
|move|p1a: Dondozo|Rest|p1a: Dondozo
|-status|p1a: Dondozo|slp|[from] move: Rest
|-heal|p1a: Dondozo|100/100 slp|[silent]
|
|upkeep
|turn|38
|
|t:|1759051475
|switch|p2a: Rillaboom|Rillaboom, F|64/100
|-fieldstart|move: Grassy Terrain|[from] ability: Grassy Surge|[of] p2a: Rillaboom
|cant|p1a: Dondozo|slp
|move|p1a: Dondozo|Sleep Talk|p1a: Dondozo
|move|p1a: Dondozo|Curse|p1a: Dondozo|[from] move: Sleep Talk
|-unboost|p1a: Dondozo|spe|1
|-boost|p1a: Dondozo|atk|1
|-boost|p1a: Dondozo|def|1
|
|-heal|p2a: Rillaboom|70/100|[from] Grassy Terrain
|upkeep
|turn|39
|
|t:|1759051487
|move|p2a: Rillaboom|Leech Seed|p1a: Dondozo
|-start|p1a: Dondozo|move: Leech Seed
|cant|p1a: Dondozo|slp
|move|p1a: Dondozo|Sleep Talk|p1a: Dondozo
|move|p1a: Dondozo|Waterfall|p2a: Rillaboom|[from] move: Sleep Talk
|-resisted|p2a: Rillaboom
|-damage|p2a: Rillaboom|50/100
|
|-heal|p2a: Rillaboom|56/100|[from] Grassy Terrain
|-damage|p1a: Dondozo|88/100 slp|[from] Leech Seed|[of] p2a: Rillaboom
|-heal|p2a: Rillaboom|72/100|[silent]
|upkeep
|turn|40
|
|t:|1759051498
|move|p2a: Rillaboom|Wood Hammer|p1a: Dondozo
|-damage|p1a: Dondozo|56/100 slp
|-damage|p2a: Rillaboom|59/100|[from] Recoil
|-damage|p2a: Rillaboom|49/100|[from] item: Life Orb
|-curestatus|p1a: Dondozo|slp|[msg]
|move|p1a: Dondozo|Sleep Talk||[still]
|-fail|p1a: Dondozo
|
|-heal|p2a: Rillaboom|55/100|[from] Grassy Terrain
|-heal|p1a: Dondozo|62/100|[from] Grassy Terrain
|-damage|p1a: Dondozo|50/100|[from] Leech Seed|[of] p2a: Rillaboom
|-heal|p2a: Rillaboom|71/100|[silent]
|upkeep
|turn|41
|
|t:|1759051509
|move|p2a: Rillaboom|Wood Hammer|p1a: Dondozo
|-damage|p1a: Dondozo|16/100
|-damage|p2a: Rillaboom|57/100|[from] Recoil
|-damage|p2a: Rillaboom|47/100|[from] item: Life Orb
|move|p1a: Dondozo|Rest|p1a: Dondozo
|-status|p1a: Dondozo|slp|[from] move: Rest
|-heal|p1a: Dondozo|100/100 slp|[silent]
|
|-heal|p2a: Rillaboom|53/100|[from] Grassy Terrain
|-damage|p1a: Dondozo|88/100 slp|[from] Leech Seed|[of] p2a: Rillaboom
|-heal|p2a: Rillaboom|69/100|[silent]
|upkeep
|turn|42
|
|t:|1759051521
|move|p2a: Rillaboom|Wood Hammer|p1a: Dondozo
|-damage|p1a: Dondozo|54/100 slp
|-damage|p2a: Rillaboom|54/100|[from] Recoil
|-damage|p2a: Rillaboom|44/100|[from] item: Life Orb
|cant|p1a: Dondozo|slp
|move|p1a: Dondozo|Sleep Talk|p1a: Dondozo
|move|p1a: Dondozo|Rest||[from] move: Sleep Talk|[still]
|-fail|p1a: Dondozo
|
|-heal|p2a: Rillaboom|51/100|[from] Grassy Terrain
|-heal|p1a: Dondozo|60/100 slp|[from] Grassy Terrain
|-damage|p1a: Dondozo|48/100 slp|[from] Leech Seed|[of] p2a: Rillaboom
|-heal|p2a: Rillaboom|66/100|[silent]
|-fieldend|move: Grassy Terrain
|upkeep
|turn|43
|
|t:|1759051535
|move|p2a: Rillaboom|Wood Hammer|p1a: Dondozo
|-damage|p1a: Dondozo|21/100 slp
|-damage|p2a: Rillaboom|55/100|[from] Recoil
|-damage|p2a: Rillaboom|45/100|[from] item: Life Orb
|cant|p1a: Dondozo|slp
|move|p1a: Dondozo|Sleep Talk|p1a: Dondozo
|move|p1a: Dondozo|Waterfall|p2a: Rillaboom|[from] move: Sleep Talk
|-resisted|p2a: Rillaboom
|-damage|p2a: Rillaboom|27/100
|
|-damage|p1a: Dondozo|8/100 slp|[from] Leech Seed|[of] p2a: Rillaboom
|-heal|p2a: Rillaboom|43/100|[silent]
|upkeep
|turn|44
|
|t:|1759051548
|move|p2a: Rillaboom|Drum Beating|p1a: Dondozo
|-damage|p1a: Dondozo|0 fnt
|faint|p1a: Dondozo
|-damage|p2a: Rillaboom|33/100|[from] item: Life Orb
|
|upkeep
|
|t:|1759051560
|switch|p1a: Gliscor|Gliscor, M, shiny|20/100 tox
|turn|45
|
|t:|1759051567
|move|p1a: Gliscor|Earthquake|p2a: Rillaboom
|-resisted|p2a: Rillaboom
|-damage|p2a: Rillaboom|18/100
|move|p2a: Rillaboom|Drum Beating|p1a: Gliscor
|-damage|p1a: Gliscor|0 fnt
|faint|p1a: Gliscor
|-damage|p2a: Rillaboom|8/100|[from] item: Life Orb
|
|upkeep
|
|t:|1759051574
|switch|p1a: Blissey|Blissey, F, shiny|100/100
|turn|46
|
|t:|1759051577
|move|p2a: Rillaboom|Leech Seed|p1a: Blissey
|-start|p1a: Blissey|move: Leech Seed
|move|p1a: Blissey|Calm Mind|p1a: Blissey
|-boost|p1a: Blissey|spa|1
|-boost|p1a: Blissey|spd|1
|
|-damage|p1a: Blissey|88/100|[from] Leech Seed|[of] p2a: Rillaboom
|-heal|p2a: Rillaboom|28/100|[silent]
|upkeep
|turn|47
|
|t:|1759051585
|move|p2a: Rillaboom|Brick Break|p1a: Blissey
|-supereffective|p1a: Blissey
|-damage|p1a: Blissey|9/100
|-damage|p2a: Rillaboom|18/100|[from] item: Life Orb
|move|p1a: Blissey|Seismic Toss|p2a: Rillaboom
|-damage|p2a: Rillaboom|0 fnt
|faint|p2a: Rillaboom
|
|upkeep
|
|t:|1759051593
|switch|p2a: Okidogi|Okidogi, M|85/100
|turn|48
|
|t:|1759051596
|move|p2a: Okidogi|Drain Punch|p1a: Blissey
|-supereffective|p1a: Blissey
|-damage|p1a: Blissey|0 fnt
|-heal|p2a: Okidogi|92/100|[from] drain|[of] p1a: Blissey
|faint|p1a: Blissey
|
|win|dimeeenietreecko
|raw|VorTeK42's rating: 1091 &rarr; <strong>1068</strong><br />(-23 for losing)
|raw|dimeeenietreecko's rating: 1099 &rarr; <strong>1124</strong><br />(+25 for winning)
|l|☆VorTeK42
|player|p1|
|l|☆dimeeenietreecko
|player|p2|
