|j|☆crunktothewall
|j|☆Teatina
|t:|1758983456
|gametype|singles
|player|p1|crunktothewall|101|1450
|player|p2|Teatina|170|1560
|gen|9
|tier|[Gen 9] OU
|rated|
|rule|HP Percentage Mod: HP is shown in percentages
|rule|Endless Battle Clause: Forcing endless battles is banned
|rule|Species Clause: Limit one of each Pokémon
|rule|OHKO Clause: OHKO moves are banned
|rule|Evasion Items Clause: Evasion items are banned
|rule|Evasion Moves Clause: Evasion moves are banned
|rule|Evasion Abilities Clause: Evasion abilities are banned
|rule|Sleep Moves Clause: Sleep-inducing moves are banned
|clearpoke
|poke|p1|Sinistcha|
|poke|p1|Ogerpon, F|
|poke|p1|Rillaboom, F|
|poke|p1|Zarude|
|poke|p1|Garchomp, M|
|poke|p1|Magnezone|
|poke|p2|Araquanid, M|
|poke|p2|Gholdengo|
|poke|p2|Iron Moth|
|poke|p2|Raging Bolt|
|poke|p2|Kingambit, M|
|poke|p2|Ogerpon-Wellspring, F|
|teampreview
|
|t:|1758983467
|teamsize|p1|6
|teamsize|p2|6
|start
|switch|p1a: Ogerpon|Ogerpon, F|100/100
|switch|p2a: Araquanid|Araquanid, M|100/100
|turn|1
|inactive|Battle timer is ON: inactive players will automatically lose when time's up. (requested by Teatina)
|
|t:|1758983473
|-terastallize|p1a: Ogerpon|Grass
|detailschange|p1a: Ogerpon|Ogerpon-Teal-Tera, F, tera:Grass
|-ability|p1a: Ogerpon|Embody Aspect (Teal)|boost
|-boost|p1a: Ogerpon|spe|1
|move|p1a: Ogerpon|Ivy Cudgel|p2a: Araquanid
|-damage|p2a: Araquanid|0 fnt
|faint|p2a: Araquanid
|
|upkeep
|c|☆Teatina|ehmm hello
|c|☆Teatina|how tf
|inactive|Teatina has 120 seconds left.
|c|☆Teatina|thats like my whole strategy thrown out the window
|
|t:|1758983510
|switch|p2a: Kingambit|Kingambit, M|100/100
|-activate|p2a: Kingambit|ability: Supreme Overlord
|-start|p2a: Kingambit|fallen1|[silent]
|turn|2
|
|t:|1758983518
|switch|p1a: Magnezone|Magnezone|100/100
|move|p2a: Kingambit|Kowtow Cleave|p1a: Magnezone
|-damage|p1a: Magnezone|38/100
|
|upkeep
|turn|3
|
|t:|1758983526
|move|p1a: Magnezone|Thunderbolt|p2a: Kingambit
|-damage|p2a: Kingambit|12/100
|move|p2a: Kingambit|Kowtow Cleave|p1a: Magnezone
|-damage|p1a: Magnezone|0 fnt
|faint|p1a: Magnezone
|
|-heal|p2a: Kingambit|18/100|[from] item: Leftovers
|upkeep
|
|t:|1758983537
|switch|p1a: Rillaboom|Rillaboom, F|100/100
|-fieldstart|move: Grassy Terrain|[from] ability: Grassy Surge|[of] p1a: Rillaboom
|turn|4
|
|t:|1758983545
|move|p1a: Rillaboom|Grassy Glide|p2a: Kingambit
|-resisted|p2a: Kingambit
|-damage|p2a: Kingambit|3/100
|move|p2a: Kingambit|Sucker Punch||[still]
|-fail|p2a: Kingambit
|
|-heal|p2a: Kingambit|10/100|[from] Grassy Terrain
|-heal|p2a: Kingambit|16/100|[from] item: Leftovers
|upkeep
|turn|5
|
|t:|1758983552
|move|p1a: Rillaboom|Grassy Glide|p2a: Kingambit
|-resisted|p2a: Kingambit
|-damage|p2a: Kingambit|0 fnt
|faint|p2a: Kingambit
|-end|p2a: Kingambit|fallen1|[silent]
|
|upkeep
|
|t:|1758983568
|switch|p2a: Iron Moth|Iron Moth|100/100
|-enditem|p2a: Iron Moth|Booster Energy
|-activate|p2a: Iron Moth|ability: Quark Drive|[fromitem]
|-start|p2a: Iron Moth|quarkdrivespa
|turn|6
|
|t:|1758983572
|switch|p1a: Garchomp|Garchomp, M|100/100
|move|p2a: Iron Moth|Fiery Dance|p1a: Garchomp
|-resisted|p1a: Garchomp
|-damage|p1a: Garchomp|72/100
|-boost|p2a: Iron Moth|spa|1
|
|-heal|p1a: Garchomp|78/100|[from] Grassy Terrain
|upkeep
|turn|7
|
|t:|1758983584
|move|p2a: Iron Moth|Dazzling Gleam|p1a: Garchomp
|-supereffective|p1a: Garchomp
|-damage|p1a: Garchomp|0 fnt
|faint|p1a: Garchomp
|
|upkeep
|
|t:|1758983603
|switch|p1a: Zarude|Zarude|100/100
|turn|8
|-message|crunktothewall forfeited.
|
|win|Teatina
|raw|crunktothewall's rating: 1450 &rarr; <strong>1436</strong><br />(-14 for losing)
|raw|Teatina's rating: 1560 &rarr; <strong>1574</strong><br />(+14 for winning)
|l|☆crunktothewall
|player|p1|
|l|☆Teatina
|player|p2|
