|j|☆LynnSenpai
|j|☆adithya_agent
|inactive|Battle timer is ON: inactive players will automatically lose when time's up.
|t:|1758996855
|gametype|singles
|player|p1|LynnSenpai|psychic-gen4|
|player|p2|adithya_agent|palmer|
|gen|9
|tier|[Gen 9] OU
|rated|Tournament battle
|rule|HP Percentage Mod: HP is shown in percentages
|rule|Endless Battle Clause: Forcing endless battles is banned
|rule|Species Clause: Limit one of each Pokémon
|rule|OHKO Clause: OHKO moves are banned
|rule|Evasion Items Clause: Evasion items are banned
|rule|Evasion Moves Clause: Evasion moves are banned
|rule|Evasion Abilities Clause: Evasion abilities are banned
|rule|Sleep Moves Clause: Sleep-inducing moves are banned
|raw|<div class="infobox"><details class="readmore"><summary><strong>15 custom rules:</strong></summary> -burmy, -caterpie, -combee, -kricketot, -magikarp, -scatterbug, -sunkern, -tynamo, -typenull, -weedle, -wurmple, -cosmog, -blipbug, -snom, -wynaut</details></div>
|clearpoke
|poke|p1|Trapinch, M|
|poke|p1|Porygon2|
|poke|p1|Trevenant, F|
|poke|p1|Charmander, F|
|poke|p2|Bellsprout, M|
|poke|p2|Elekid, F|
|poke|p2|Salazzle, F|
|poke|p2|Dartrix, F|
|teampreview
|j|*Lady Monita ☀
|inactive|LynnSenpai also wants the timer to be on.
|
|t:|1758996869
|teamsize|p1|4
|teamsize|p2|4
|start
|switch|p1a: Porygon2|Porygon2|100/100
|switch|p2a: Dartrix|Dartrix, F|100/100
|-ability|p1a: Porygon2|Download|boost
|-boost|p1a: Porygon2|spa|1
|turn|1
|
|t:|1758996880
|move|p2a: Dartrix|Light Screen|p2a: Dartrix
|-sidestart|p2: adithya_agent|move: Light Screen
|move|p1a: Porygon2|Trick Room|p1a: Porygon2
|-fieldstart|move: Trick Room|[of] p1a: Porygon2
|
|upkeep
|turn|2
|
|t:|1758996886
|move|p1a: Porygon2|Discharge|p2a: Dartrix
|-crit|p2a: Dartrix
|-damage|p2a: Dartrix|41/100
|move|p2a: Dartrix|Seed Bomb|p1a: Porygon2
|-damage|p1a: Porygon2|75/100
|
|upkeep
|turn|3
|
|t:|1758996894
|move|p1a: Porygon2|Discharge|p2a: Dartrix
|-damage|p2a: Dartrix|21/100
|move|p2a: Dartrix|Synthesis|p2a: Dartrix
|-heal|p2a: Dartrix|71/100
|
|upkeep
|turn|4
|
|t:|1758996904
|move|p1a: Porygon2|Discharge|p2a: Dartrix
|-damage|p2a: Dartrix|52/100
|move|p2a: Dartrix|Seed Bomb|p1a: Porygon2
|-damage|p1a: Porygon2|53/100
|
|upkeep
|turn|5
|
|t:|1758996911
|move|p1a: Porygon2|Discharge|p2a: Dartrix
|-damage|p2a: Dartrix|33/100
|move|p2a: Dartrix|Seed Bomb|p1a: Porygon2
|-damage|p1a: Porygon2|17/100
|
|-sideend|p2: adithya_agent|move: Light Screen
|-fieldend|move: Trick Room
|upkeep
|turn|6
|
|t:|1758996921
|move|p2a: Dartrix|Synthesis|p2a: Dartrix
|-heal|p2a: Dartrix|83/100
|move|p1a: Porygon2|Substitute|p1a: Porygon2
|-fail|p1a: Porygon2|move: Substitute|[weak]
|
|upkeep
|turn|7
|
|t:|1758996933
|move|p2a: Dartrix|Seed Bomb|p1a: Porygon2
|-damage|p1a: Porygon2|0 fnt
|faint|p1a: Porygon2
|
|upkeep
|
|t:|1758996940
|switch|p1a: Trevenant|Trevenant, F|100/100
|turn|8
|
|t:|1758996945
|switch|p2a: Salazzle|Salazzle, F|100/100
|-item|p2a: Salazzle|Air Balloon
|-terastallize|p1a: Trevenant|Fairy
|move|p1a: Trevenant|Dark Pulse|p2a: Salazzle
|-damage|p2a: Salazzle|79/100
|-enditem|p2a: Salazzle|Air Balloon
|
|upkeep
|turn|9
|
|t:|1758996959
|move|p2a: Salazzle|Poison Jab|p1a: Trevenant
|-supereffective|p1a: Trevenant
|-damage|p1a: Trevenant|50/100
|-status|p1a: Trevenant|psn
|move|p1a: Trevenant|Disable|p2a: Salazzle
|-start|p2a: Salazzle|Disable|Poison Jab
|
|-heal|p1a: Trevenant|56/100 psn|[from] item: Leftovers
|-damage|p1a: Trevenant|44/100 psn|[from] psn
|upkeep
|turn|10
|
|t:|1758996971
|move|p2a: Salazzle|Toxic Spikes|p1a: Trevenant
|-sidestart|p1: LynnSenpai|move: Toxic Spikes
|move|p1a: Trevenant|Leech Seed|p2a: Salazzle
|-start|p2a: Salazzle|move: Leech Seed
|
|-heal|p1a: Trevenant|50/100 psn|[from] item: Leftovers
|-damage|p2a: Salazzle|66/100|[from] Leech Seed|[of] p1a: Trevenant
|-heal|p1a: Trevenant|60/100 psn|[silent]
|-damage|p1a: Trevenant|48/100 psn|[from] psn
|upkeep
|turn|11
|
|t:|1758996981
|move|p2a: Salazzle|Fire Lash|p1a: Trevenant
|-damage|p1a: Trevenant|24/100 psn
|-unboost|p1a: Trevenant|def|1
|move|p1a: Trevenant|Giga Drain|p2a: Salazzle
|-resisted|p2a: Salazzle
|-damage|p2a: Salazzle|59/100
|-heal|p1a: Trevenant|27/100 psn|[from] drain|[of] p2a: Salazzle
|
|-heal|p1a: Trevenant|33/100 psn|[from] item: Leftovers
|-damage|p2a: Salazzle|47/100|[from] Leech Seed|[of] p1a: Trevenant
|-heal|p1a: Trevenant|43/100 psn|[silent]
|-damage|p1a: Trevenant|30/100 psn|[from] psn
|upkeep
|turn|12
|j| Firing_J
|
|t:|1758996996
|move|p2a: Salazzle|Fire Lash|p1a: Trevenant
|-damage|p1a: Trevenant|0 fnt
|faint|p1a: Trevenant
|
|upkeep
|
|t:|1758997001
|switch|p1a: Trapinch|Trapinch, M|100/100
|-status|p1a: Trapinch|psn
|turn|13
|
|t:|1758997008
|switch|p2a: Bellsprout|Bellsprout, M|100/100
|-item|p2a: Bellsprout|Air Balloon
|move|p1a: Trapinch|Earthquake|p2a: Bellsprout
|-immune|p2a: Bellsprout
|
|-damage|p1a: Trapinch|88/100 psn|[from] psn
|upkeep
|turn|14
|
|t:|1758997020
|switch|p1a: Charmander|Charmander, F, shiny|100/100
|-status|p1a: Charmander|psn
|move|p2a: Bellsprout|Leaf Storm|p1a: Charmander
|-resisted|p1a: Charmander
|-damage|p1a: Charmander|47/100 psn
|-unboost|p2a: Bellsprout|spa|2
|
|-damage|p1a: Charmander|35/100 psn|[from] psn
|upkeep
|turn|15
|
|t:|1758997031
|move|p1a: Charmander|Ancient Power|p2a: Bellsprout
|-damage|p2a: Bellsprout|79/100
|-enditem|p2a: Bellsprout|Air Balloon
|move|p2a: Bellsprout|Leaf Storm|p1a: Charmander
|-resisted|p1a: Charmander
|-damage|p1a: Charmander|11/100 psn
|-unboost|p2a: Bellsprout|spa|2
|
|-damage|p1a: Charmander|0 fnt|[from] psn
|faint|p1a: Charmander
|upkeep
|-message|LynnSenpai forfeited.
|
|win|adithya_agent
|n|☆LynnSenpai|lynnsenpai
|n|☆adithya_agent|adithyaagent
|n|*Lady Monita ☀|ladymonita
|n| Firing_J|firingj
