|j|☆Yomoma’sash
|j|☆Goodnight Yubi
|t:|1758953378
|gametype|singles
|player|p1|Yomoma’sash|266|1431
|player|p2|Goodnight Yubi|brycenman|1451
|gen|9
|tier|[Gen 9] OU
|rated|
|rule|HP Percentage Mod: HP is shown in percentages
|rule|Endless Battle Clause: Forcing endless battles is banned
|rule|Species Clause: Limit one of each Pokémon
|rule|OHKO Clause: OHKO moves are banned
|rule|Evasion Items Clause: Evasion items are banned
|rule|Evasion Moves Clause: Evasion moves are banned
|rule|Evasion Abilities Clause: Evasion abilities are banned
|rule|Sleep Moves Clause: Sleep-inducing moves are banned
|clearpoke
|poke|p1|Charizard, M|
|poke|p1|Venusaur, F|
|poke|p1|Lapras, M|
|poke|p1|Blastoise, F|
|poke|p1|Snorlax, M|
|poke|p1|Clefable, F|
|poke|p2|Zamazenta-*|
|poke|p2|Gholdengo|
|poke|p2|Landorus-Therian, M|
|poke|p2|Kyurem|
|poke|p2|Ting-Lu|
|poke|p2|Hatterene, F|
|teampreview
|
|t:|1758953397
|teamsize|p1|6
|teamsize|p2|6
|start
|switch|p1a: Lapras|Lapras, M|100/100
|switch|p2a: Ting-Lu|Ting-Lu|100/100
|-ability|p2a: Ting-Lu|Vessel of Ruin
|turn|1
|inactive|Battle timer is ON: inactive players will automatically lose when time's up. (requested by Yomoma’sash)
|
|t:|1758953427
|switch|p2a: Gholdengo|Gholdengo|100/100
|-item|p2a: Gholdengo|Air Balloon
|move|p1a: Lapras|Ice Beam|p2a: Gholdengo
|-resisted|p2a: Gholdengo
|-damage|p2a: Gholdengo|64/100
|-enditem|p2a: Gholdengo|Air Balloon
|
|upkeep
|turn|2
|
|t:|1758953441
|switch|p1a: Snorlax|Snorlax, M|100/100
|move|p2a: Gholdengo|Recover|p2a: Gholdengo
|-heal|p2a: Gholdengo|100/100
|
|upkeep
|turn|3
|
|t:|1758953452
|switch|p2a: Hatterene|Hatterene, F|100/100
|switch|p1a: Lapras|Lapras, M|100/100
|
|upkeep
|turn|4
|
|t:|1758953456
|move|p1a: Lapras|Surf|p2a: Hatterene
|-damage|p2a: Hatterene|62/100
|move|p2a: Hatterene|Nuzzle|p1a: Lapras
|-supereffective|p1a: Lapras
|-damage|p1a: Lapras|94/100
|-status|p1a: Lapras|par
|
|upkeep
|turn|5
|
|t:|1758953459
|move|p2a: Hatterene|Draining Kiss|p1a: Lapras
|-damage|p1a: Lapras|76/100 par
|-heal|p2a: Hatterene|82/100|[from] drain|[of] p1a: Lapras
|move|p1a: Lapras|Surf|p2a: Hatterene
|-damage|p2a: Hatterene|43/100
|
|upkeep
|turn|6
|
|t:|1758953474
|move|p2a: Hatterene|Mystical Fire|p1a: Lapras
|-damage|p1a: Lapras|60/100 par
|-unboost|p1a: Lapras|spa|1
|move|p1a: Lapras|Surf|p2a: Hatterene
|-damage|p2a: Hatterene|18/100
|
|upkeep
|turn|7
|
|t:|1758953479
|move|p2a: Hatterene|Draining Kiss|p1a: Lapras
|-damage|p1a: Lapras|43/100 par
|-heal|p2a: Hatterene|36/100|[from] drain|[of] p1a: Lapras
|move|p1a: Lapras|Surf|p2a: Hatterene
|-damage|p2a: Hatterene|10/100
|
|upkeep
|turn|8
|
|t:|1758953485
|switch|p1a: Charizard|Charizard, M|100/100
|move|p2a: Hatterene|Draining Kiss|p1a: Charizard
|-resisted|p1a: Charizard
|-damage|p1a: Charizard|87/100
|-heal|p2a: Hatterene|20/100|[from] drain|[of] p1a: Charizard
|
|upkeep
|turn|9
|
|t:|1758953495
|switch|p2a: Ting-Lu|Ting-Lu|100/100
|-ability|p2a: Ting-Lu|Vessel of Ruin
|move|p1a: Charizard|Flamethrower|p2a: Ting-Lu
|-damage|p2a: Ting-Lu|82/100
|
|-heal|p2a: Ting-Lu|88/100|[from] item: Leftovers
|upkeep
|turn|10
|
|t:|1758953505
|switch|p1a: Lapras|Lapras, M|43/100 par
|move|p2a: Ting-Lu|Stealth Rock|p1a: Lapras
|-sidestart|p1: Yomoma’sash|move: Stealth Rock
|
|-heal|p2a: Ting-Lu|94/100|[from] item: Leftovers
|upkeep
|turn|11
|
|t:|1758953509
|switch|p2a: Gholdengo|Gholdengo|100/100
|move|p1a: Lapras|Surf|p2a: Gholdengo
|-damage|p2a: Gholdengo|33/100
|
|upkeep
|turn|12
|inactive|Yomoma’sash has 120 seconds left.
|
|t:|1758953553
|move|p2a: Gholdengo|Recover|p2a: Gholdengo
|-heal|p2a: Gholdengo|83/100
|move|p1a: Lapras|Surf|p2a: Gholdengo
|-damage|p2a: Gholdengo|13/100
|
|upkeep
|turn|13
|
|t:|1758953581
|move|p2a: Gholdengo|Make It Rain|p1a: Lapras
|-damage|p1a: Lapras|0 fnt
|-unboost|p2a: Gholdengo|spa|1
|faint|p1a: Lapras
|
|upkeep
|inactive|Yomoma’sash has 120 seconds left.
|
|t:|1758953590
|switch|p1a: Blastoise|Blastoise, F|100/100
|-damage|p1a: Blastoise|88/100|[from] Stealth Rock
|turn|14
|
|t:|1758953597
|move|p2a: Gholdengo|Recover|p2a: Gholdengo
|-heal|p2a: Gholdengo|63/100
|move|p1a: Blastoise|Shell Smash|p1a: Blastoise
|-unboost|p1a: Blastoise|def|1
|-unboost|p1a: Blastoise|spd|1
|-boost|p1a: Blastoise|atk|2
|-boost|p1a: Blastoise|spa|2
|-boost|p1a: Blastoise|spe|2
|-enditem|p1a: Blastoise|White Herb
|-clearnegativeboost|p1a: Blastoise|[silent]
|
|upkeep
|turn|15
|
|t:|1758953612
|switch|p2a: Hatterene|Hatterene, F|20/100
|move|p1a: Blastoise|Dark Pulse|p2a: Hatterene
|-damage|p2a: Hatterene|0 fnt
|faint|p2a: Hatterene
|
|upkeep
|
|t:|1758953627
|switch|p2a: Kyurem|Kyurem|100/100
|-ability|p2a: Kyurem|Pressure
|turn|16
|
|t:|1758953633
|move|p1a: Blastoise|Dark Pulse|p2a: Kyurem
|-damage|p2a: Kyurem|53/100
|cant|p2a: Kyurem|flinch
|
|upkeep
|turn|17
|
|t:|1758953637
|move|p1a: Blastoise|Ice Beam|p2a: Kyurem
|-damage|p2a: Kyurem|4/100
|move|p2a: Kyurem|Freeze-Dry|p1a: Blastoise
|-supereffective|p1a: Blastoise
|-damage|p1a: Blastoise|0 fnt
|faint|p1a: Blastoise
|
|upkeep
|
|t:|1758953658
|switch|p1a: Snorlax|Snorlax, M|100/100
|-damage|p1a: Snorlax|88/100|[from] Stealth Rock
|turn|18
|
|t:|1758953666
|switch|p2a: Ting-Lu|Ting-Lu|94/100
|-ability|p2a: Ting-Lu|Vessel of Ruin
|move|p1a: Snorlax|Body Slam|p2a: Ting-Lu
|-damage|p2a: Ting-Lu|70/100
|
|-heal|p2a: Ting-Lu|76/100|[from] item: Leftovers
|upkeep
|turn|19
|
|t:|1758953671
|switch|p1a: Venusaur|Venusaur, F|100/100
|-damage|p1a: Venusaur|88/100|[from] Stealth Rock
|move|p2a: Ting-Lu|Ruination|p1a: Venusaur
|-damage|p1a: Venusaur|44/100
|
|-heal|p2a: Ting-Lu|83/100|[from] item: Leftovers
|upkeep
|turn|20
|
|t:|1758953675
|switch|p2a: Gholdengo|Gholdengo|63/100
|move|p1a: Venusaur|Sunny Day|p1a: Venusaur
|-weather|SunnyDay
|
|-weather|SunnyDay|[upkeep]
|upkeep
|turn|21
|
|t:|1758953687
|switch|p2a: Kyurem|Kyurem|4/100
|-ability|p2a: Kyurem|Pressure
|move|p1a: Venusaur|Weather Ball|p2a: Kyurem
|-damage|p2a: Kyurem|0 fnt
|faint|p2a: Kyurem
|
|-weather|SunnyDay|[upkeep]
|upkeep
|
|t:|1758953696
|switch|p2a: Landorus|Landorus-Therian, M|100/100
|-ability|p2a: Landorus|Intimidate|boost
|-unboost|p1a: Venusaur|atk|1
|turn|22
|
|t:|1758953702
|-terastallize|p2a: Landorus|Flying
|move|p1a: Venusaur|Giga Drain|p2a: Landorus
|-resisted|p2a: Landorus
|-damage|p2a: Landorus|73/100
|-heal|p1a: Venusaur|59/100|[from] drain|[of] p2a: Landorus
|move|p2a: Landorus|Tera Blast|p1a: Venusaur|[anim] Tera Blast Flying
|-supereffective|p1a: Venusaur
|-damage|p1a: Venusaur|0 fnt
|faint|p1a: Venusaur
|
|-weather|SunnyDay|[upkeep]
|upkeep
|
|t:|1758953707
|switch|p1a: Charizard|Charizard, M|87/100
|-damage|p1a: Charizard|37/100|[from] Stealth Rock
|turn|23
|
|t:|1758953710
|move|p2a: Landorus|Tera Blast|p1a: Charizard|[anim] Tera Blast Flying
|-damage|p1a: Charizard|0 fnt
|faint|p1a: Charizard
|
|-weather|SunnyDay|[upkeep]
|upkeep
|
|t:|1758953716
|switch|p1a: Snorlax|Snorlax, M|88/100
|-damage|p1a: Snorlax|76/100|[from] Stealth Rock
|turn|24
|
|t:|1758953718
|move|p2a: Landorus|Tera Blast|p1a: Snorlax|[anim] Tera Blast Flying
|-damage|p1a: Snorlax|20/100
|move|p1a: Snorlax|Body Slam|p2a: Landorus
|-damage|p2a: Landorus|20/100
|
|-weather|SunnyDay|[upkeep]
|upkeep
|turn|25
|-enditem|p1a: Snorlax|Custap Berry|[eat]
|-activate|p1a: Snorlax|item: Custap Berry|[consumed]
|
|t:|1758953721
|move|p1a: Snorlax|Body Slam|p2a: Landorus
|-damage|p2a: Landorus|0 fnt
|faint|p2a: Landorus
|
|-weather|SunnyDay|[upkeep]
|upkeep
|
|t:|1758953725
|switch|p2a: Zamazenta|Zamazenta|100/100
|-ability|p2a: Zamazenta|Dauntless Shield|boost
|-boost|p2a: Zamazenta|def|1
|turn|26
|
|t:|1758953727
|move|p2a: Zamazenta|Crunch|p1a: Snorlax
|-damage|p1a: Snorlax|0 fnt
|faint|p1a: Snorlax
|-damage|p2a: Zamazenta|91/100|[from] item: Life Orb
|
|-weather|SunnyDay|[upkeep]
|upkeep
|
|t:|1758953729
|switch|p1a: Clefable|Clefable, F|100/100
|-damage|p1a: Clefable|88/100|[from] Stealth Rock
|turn|27
|
|t:|1758953732
|move|p2a: Zamazenta|Heavy Slam|p1a: Clefable
|-supereffective|p1a: Clefable
|-damage|p1a: Clefable|10/100
|-damage|p2a: Zamazenta|81/100|[from] item: Life Orb
|move|p1a: Clefable|Cosmic Power|p1a: Clefable
|-boost|p1a: Clefable|def|1
|-boost|p1a: Clefable|spd|1
|
|-weather|none
|-heal|p1a: Clefable|16/100|[from] item: Leftovers
|upkeep
|turn|28
|
|t:|1758953737
|-terastallize|p1a: Clefable|Steel
|move|p2a: Zamazenta|Heavy Slam|p1a: Clefable
|-resisted|p1a: Clefable
|-damage|p1a: Clefable|2/100
|-damage|p2a: Zamazenta|71/100|[from] item: Life Orb
|move|p1a: Clefable|Moonlight|p1a: Clefable
|-heal|p1a: Clefable|52/100
|
|-heal|p1a: Clefable|58/100|[from] item: Leftovers
|upkeep
|turn|29
|
|t:|1758953740
|move|p2a: Zamazenta|Close Combat|p1a: Clefable
|-supereffective|p1a: Clefable
|-damage|p1a: Clefable|0 fnt
|-unboost|p2a: Zamazenta|def|1
|-unboost|p2a: Zamazenta|spd|1
|faint|p1a: Clefable
|-damage|p2a: Zamazenta|61/100|[from] item: Life Orb
|
|win|Goodnight Yubi
|raw|Yomoma’sash's rating: 1431 &rarr; <strong>1412</strong><br />(-19 for losing)
|raw|Goodnight Yubi's rating: 1451 &rarr; <strong>1470</strong><br />(+19 for winning)
|l|☆Yomoma’sash
|player|p1|
