|j|☆bbzbzzhzbsbzb
|j|☆Denvertzzz
|t:|1759051815
|gametype|singles
|player|p1|bbzbzzhzbsbzb|266|1081
|player|p2|Denvertzzz|102|1113
|gen|9
|tier|[Gen 9] OU
|rated|
|rule|HP Percentage Mod: HP is shown in percentages
|rule|Endless Battle Clause: Forcing endless battles is banned
|rule|Species Clause: Limit one of each Pokémon
|rule|OHKO Clause: OHKO moves are banned
|rule|Evasion Items Clause: Evasion items are banned
|rule|Evasion Moves Clause: Evasion moves are banned
|rule|Evasion Abilities Clause: Evasion abilities are banned
|rule|Sleep Moves Clause: Sleep-inducing moves are banned
|clearpoke
|poke|p1|Cinderace, M|
|poke|p1|Gliscor, M|
|poke|p1|Garganacl, M|
|poke|p1|Glimmora, M|
|poke|p1|Ceruledge, M|
|poke|p1|Greninja-*, M|
|poke|p2|Grimmsnarl, M|
|poke|p2|Pincurchin, M|
|poke|p2|Raichu-Alola, M|
|poke|p2|Drifblim, M|
|poke|p2|Corviknight, M|
|poke|p2|Rhyperior, M|
|teampreview
|
|t:|1759051848
|teamsize|p1|6
|teamsize|p2|6
|start
|switch|p1a: Gliscor|Gliscor, M|100/100
|switch|p2a: Fuzzie|Pincurchin, M, shiny|100/100
|-fieldstart|move: Electric Terrain|[from] ability: Electric Surge|[of] p2a: Fuzzie
|turn|1
|
|t:|1759051863
|switch|p2a: Brownie|Raichu-Alola, M, shiny|100/100
|move|p1a: Gliscor|Swords Dance|p1a: Gliscor
|-boost|p1a: Gliscor|atk|2
|
|-status|p1a: Gliscor|tox|[from] item: Toxic Orb
|upkeep
|turn|2
|
|t:|1759051877
|move|p2a: Brownie|Surf|p1a: Gliscor
|-supereffective|p1a: Gliscor
|-damage|p1a: Gliscor|45/100 tox
|move|p1a: Gliscor|Facade|p2a: Brownie
|-enditem|p2a: Brownie|Focus Sash
|-damage|p2a: Brownie|1/100
|
|-heal|p1a: Gliscor|57/100 tox|[from] ability: Poison Heal
|upkeep
|turn|3
|
|t:|1759051888
|-terastallize|p2a: Brownie|Water
|move|p1a: Gliscor|Protect|p1a: Gliscor
|-singleturn|p1a: Gliscor|Protect
|move|p2a: Brownie|Surf|p1a: Gliscor
|-activate|p1a: Gliscor|move: Protect
|
|-heal|p1a: Gliscor|69/100 tox|[from] ability: Poison Heal
|upkeep
|turn|4
|
|t:|1759051901
|-terastallize|p1a: Gliscor|Normal
|move|p2a: Brownie|Surf|p1a: Gliscor
|-damage|p1a: Gliscor|27/100 tox
|move|p1a: Gliscor|Agility|p1a: Gliscor
|-boost|p1a: Gliscor|spe|2
|
|-heal|p1a: Gliscor|39/100 tox|[from] ability: Poison Heal
|upkeep
|turn|5
|
|t:|1759051914
|move|p1a: Gliscor|Protect|p1a: Gliscor
|-singleturn|p1a: Gliscor|Protect
|move|p2a: Brownie|Thunderbolt|p1a: Gliscor
|-activate|p1a: Gliscor|move: Protect
|
|-heal|p1a: Gliscor|52/100 tox|[from] ability: Poison Heal
|upkeep
|turn|6
|
|t:|1759051924
|move|p2a: Brownie|Thunderbolt|p1a: Gliscor
|-damage|p1a: Gliscor|0 fnt
|faint|p1a: Gliscor
|
|upkeep
|
|t:|1759051932
|switch|p1a: Greninja|Greninja, M|100/100
|turn|7
|
|t:|1759051938
|switch|p2a: Boogie|Corviknight, M, shiny|100/100
|move|p1a: Greninja|Water Shuriken|p2a: Boogie
|-crit|p2a: Boogie
|-damage|p2a: Boogie|87/100
|-damage|p2a: Boogie|78/100
|-damage|p2a: Boogie|69/100
|-damage|p2a: Boogie|61/100
|-hitcount|p2a: Boogie|4
|
|upkeep
|turn|8
|
|t:|1759051953
|move|p1a: Greninja|Dark Pulse|p2a: Boogie
|-damage|p2a: Boogie|17/100
|cant|p2a: Boogie|flinch
|
|-fieldend|move: Electric Terrain
|upkeep
|turn|9
|
|t:|1759051963
|switch|p2a: Gringo|Grimmsnarl, M, shiny|100/100
|move|p1a: Greninja|Water Shuriken|p2a: Gringo
|-damage|p2a: Gringo|93/100
|-damage|p2a: Gringo|83/100
|-damage|p2a: Gringo|74/100
|-damage|p2a: Gringo|65/100
|-crit|p2a: Gringo
|-damage|p2a: Gringo|54/100
|-hitcount|p2a: Gringo|5
|
|upkeep
|turn|10
|
|t:|1759051976
|move|p1a: Greninja|Water Shuriken|p2a: Gringo
|-damage|p2a: Gringo|46/100
|-damage|p2a: Gringo|37/100
|-damage|p2a: Gringo|29/100
|-damage|p2a: Gringo|21/100
|-damage|p2a: Gringo|13/100
|-hitcount|p2a: Gringo|5
|move|p2a: Gringo|Bulk Up|p2a: Gringo
|-boost|p2a: Gringo|atk|1
|-boost|p2a: Gringo|def|1
|
|upkeep
|turn|11
|
|t:|1759051988
|move|p1a: Greninja|Water Shuriken|p2a: Gringo
|-damage|p2a: Gringo|5/100
|-damage|p2a: Gringo|0 fnt
|faint|p2a: Gringo
|-ability|p1a: Greninja|Battle Bond|boost
|-boost|p1a: Greninja|atk|1
|-boost|p1a: Greninja|spa|1
|-boost|p1a: Greninja|spe|1
|-activate|p1a: Greninja|ability: Battle Bond
|-hitcount|p2: Gringo|2
|
|upkeep
|
|t:|1759051997
|switch|p2a: Boogie|Corviknight, M, shiny|17/100
|turn|12
|
|t:|1759052002
|move|p1a: Greninja|Water Shuriken|p2a: Boogie
|-damage|p2a: Boogie|4/100
|-damage|p2a: Boogie|0 fnt
|faint|p2a: Boogie
|-hitcount|p2: Boogie|2
|
|upkeep
|
|t:|1759052009
|switch|p2a: Fuzzie|Pincurchin, M, shiny|100/100
|-fieldstart|move: Electric Terrain|[from] ability: Electric Surge|[of] p2a: Fuzzie
|turn|13
|
|t:|1759052018
|move|p1a: Greninja|Dark Pulse|p2a: Fuzzie
|-damage|p2a: Fuzzie|6/100
|move|p2a: Fuzzie|Thunder Wave|p1a: Greninja
|-status|p1a: Greninja|par
|
|upkeep
|turn|14
|
|t:|1759052025
|cant|p1a: Greninja|par
|move|p2a: Fuzzie|Zing Zap|p1a: Greninja
|-supereffective|p1a: Greninja
|-damage|p1a: Greninja|0 fnt
|faint|p1a: Greninja
|
|upkeep
|
|t:|1759052033
|switch|p1a: Ceruledge|Ceruledge, M|100/100
|turn|15
|
|t:|1759052040
|move|p2a: Fuzzie|Sucker Punch|p1a: Ceruledge
|-supereffective|p1a: Ceruledge
|-damage|p1a: Ceruledge|41/100
|-ability|p1a: Ceruledge|Weak Armor|boost
|-unboost|p1a: Ceruledge|def|1
|-boost|p1a: Ceruledge|spe|2
|move|p1a: Ceruledge|Bitter Blade|p2a: Fuzzie
|-damage|p2a: Fuzzie|0 fnt
|-heal|p1a: Ceruledge|43/100|[from] drain|[of] p2a: Fuzzie
|faint|p2a: Fuzzie
|-damage|p1a: Ceruledge|34/100|[from] item: Life Orb
|
|upkeep
|
|t:|1759052053
|switch|p2a: Brownie|Raichu-Alola, M, shiny, tera:Water|1/100
|turn|16
|
|t:|1759052059
|move|p1a: Ceruledge|Shadow Sneak|p2a: Brownie
|-damage|p2a: Brownie|0 fnt
|faint|p2a: Brownie
|-damage|p1a: Ceruledge|24/100|[from] item: Life Orb
|
|upkeep
|
|t:|1759052068
|switch|p2a: Glowie|Drifblim, M, shiny|100/100
|-enditem|p2a: Glowie|Electric Seed
|-boost|p2a: Glowie|def|1|[from] item: Electric Seed
|turn|17
|
|t:|1759052079
|move|p1a: Ceruledge|Poltergeist||[still]
|-fail|p1a: Ceruledge
|move|p2a: Glowie|Shadow Ball|p1a: Ceruledge
|-supereffective|p1a: Ceruledge
|-damage|p1a: Ceruledge|0 fnt
|faint|p1a: Ceruledge
|
|upkeep
|
|t:|1759052091
|switch|p1a: Garganacl|Garganacl, M|100/100
|turn|18
|c|☆Denvertzzz|Sloot
|
|t:|1759052108
|move|p2a: Glowie|Calm Mind|p2a: Glowie
|-boost|p2a: Glowie|spa|1
|-boost|p2a: Glowie|spd|1
|move|p1a: Garganacl|Salt Cure|p2a: Glowie
|-supereffective|p2a: Glowie
|-damage|p2a: Glowie|77/100
|-start|p2a: Glowie|Salt Cure
|
|-damage|p2a: Glowie|64/100|[from] Salt Cure
|upkeep
|turn|19
|l|☆bbzbzzhzbsbzb
|player|p1|
|c|☆Denvertzzz|Bizotch
|inactive|Battle timer is ON: inactive players will automatically lose when time's up. (requested by Denvertzzz)
|inactive|bbzbzzhzbsbzb has 30 seconds to reconnect!
|inactive|bbzbzzhzbsbzb has 20 seconds to reconnect!
|inactive|bbzbzzhzbsbzb has 15 seconds to reconnect!
|inactive|bbzbzzhzbsbzb has 10 seconds to reconnect!
|inactive|bbzbzzhzbsbzb has 5 seconds to reconnect!
|-message|bbzbzzhzbsbzb lost due to inactivity.
|
|win|Denvertzzz
|raw|bbzbzzhzbsbzb's rating: 1081 &rarr; <strong>1061</strong><br />(-20 for losing)
|raw|Denvertzzz's rating: 1113 &rarr; <strong>1136</strong><br />(+23 for winning)
|l|☆Denvertzzz
|player|p2|
