|j|☆biohazard23ab
|j|‽Chin CB bcbcb
|t:|1758938012
|gametype|singles
|player|p1|biohazard23ab|aaron|1087
|player|p2|Chin CB bcbcb|101|1060
|gen|9
|tier|[Gen 9] OU
|rated|
|rule|HP Percentage Mod: HP is shown in percentages
|rule|Endless Battle Clause: Forcing endless battles is banned
|rule|Species Clause: Limit one of each Pokémon
|rule|OHKO Clause: OHKO moves are banned
|rule|Evasion Items Clause: Evasion items are banned
|rule|Evasion Moves Clause: Evasion moves are banned
|rule|Evasion Abilities Clause: Evasion abilities are banned
|rule|Sleep Moves Clause: Sleep-inducing moves are banned
|clearpoke
|poke|p1|Honchkrow, F|
|poke|p1|Gyarados, M|
|poke|p1|Delphox, F|
|poke|p1|Frosmoth, M|
|poke|p1|Azumarill, F|
|poke|p1|Braviary, M|
|poke|p2|Chesnaught, M|
|poke|p2|Arboliva, F|
|poke|p2|Slaking, F|
|poke|p2|Tyranitar, M|
|poke|p2|Hydreigon, F|
|poke|p2|Forretress, F|
|teampreview
|
|t:|1758938025
|teamsize|p1|6
|teamsize|p2|6
|start
|switch|p1a: Delphox|Delphox, F|100/100
|switch|p2a: Forretress|Forretress, F, shiny|100/100
|turn|1
|inactive|Battle timer is ON: inactive players will automatically lose when time's up. (requested by biohazard23ab)
|
|t:|1758938043
|move|p1a: Delphox|Flamethrower|p2a: Forretress
|-supereffective|p2a: Forretress
|-ability|p2a: Forretress|Sturdy
|-damage|p2a: Forretress|1/100
|-damage|p1a: Delphox|91/100|[from] item: Life Orb
|move|p2a: Forretress|Spikes|p1a: Delphox
|-sidestart|p1: biohazard23ab|Spikes
|
|-heal|p2a: Forretress|7/100|[from] item: Leftovers
|upkeep
|turn|2
|
|t:|1758938071
|move|p1a: Delphox|Flamethrower|p2a: Forretress
|-supereffective|p2a: Forretress
|-damage|p2a: Forretress|0 fnt
|faint|p2a: Forretress
|-damage|p1a: Delphox|81/100|[from] item: Life Orb
|
|upkeep
|
|t:|1758938074
|switch|p2a: Tyranitar|Tyranitar, M, shiny|100/100
|-weather|Sandstorm|[from] ability: Sand Stream|[of] p2a: Tyranitar
|turn|3
|inactive|biohazard23ab has 120 seconds left.
|
|t:|1758938110
|move|p1a: Delphox|Flamethrower|p2a: Tyranitar
|-resisted|p2a: Tyranitar
|-damage|p2a: Tyranitar|84/100
|-damage|p1a: Delphox|71/100|[from] item: Life Orb
|move|p2a: Tyranitar|Stealth Rock|p1a: Delphox
|-sidestart|p1: biohazard23ab|move: Stealth Rock
|
|-weather|Sandstorm|[upkeep]
|-damage|p1a: Delphox|64/100|[from] Sandstorm
|-heal|p2a: Tyranitar|91/100|[from] item: Leftovers
|upkeep
|turn|4
|
|t:|1758938131
|switch|p1a: Gyarados|Gyarados, M, shiny|100/100
|-damage|p1a: Gyarados|76/100|[from] Stealth Rock
|-ability|p1a: Gyarados|Intimidate|boost
|-unboost|p2a: Tyranitar|atk|1
|move|p2a: Tyranitar|Rock Slide|p1a: Gyarados
|-supereffective|p1a: Gyarados
|-damage|p1a: Gyarados|8/100
|
|-weather|Sandstorm|[upkeep]
|-damage|p1a: Gyarados|2/100|[from] Sandstorm
|-heal|p1a: Gyarados|8/100|[from] item: Leftovers
|-heal|p2a: Tyranitar|97/100|[from] item: Leftovers
|upkeep
|turn|5
|
|t:|1758938147
|switch|p2a: Arboliva|Arboliva, F, shiny|100/100
|move|p1a: Gyarados|Waterfall|p2a: Arboliva
|-resisted|p2a: Arboliva
|-damage|p2a: Arboliva|79/100
|-fieldstart|move: Grassy Terrain|[from] ability: Seed Sower|[of] p2a: Arboliva
|
|-weather|Sandstorm|[upkeep]
|-damage|p1a: Gyarados|2/100|[from] Sandstorm
|-damage|p2a: Arboliva|73/100|[from] Sandstorm
|-heal|p1a: Gyarados|8/100|[from] item: Leftovers
|-heal|p2a: Arboliva|79/100|[from] Grassy Terrain
|upkeep
|turn|6
|
|t:|1758938161
|switch|p1a: Delphox|Delphox, F|64/100
|-damage|p1a: Delphox|52/100|[from] Spikes
|-damage|p1a: Delphox|27/100|[from] Stealth Rock
|move|p2a: Arboliva|Hyper Voice|p1a: Delphox
|-damage|p1a: Delphox|0 fnt
|faint|p1a: Delphox
|
|-weather|Sandstorm|[upkeep]
|-damage|p2a: Arboliva|73/100|[from] Sandstorm
|-heal|p2a: Arboliva|79/100|[from] Grassy Terrain
|upkeep
|inactive|biohazard23ab has 90 seconds left.
|
|t:|1758938177
|switch|p1a: Braviary|Braviary, M|100/100
|-damage|p1a: Braviary|76/100|[from] Stealth Rock
|turn|7
|inactive|biohazard23ab has 90 seconds left.
|
|t:|1758938185
|move|p1a: Braviary|Rock Slide|p2a: Arboliva
|-damage|p2a: Arboliva|40/100
|move|p2a: Arboliva|Strength Sap|p1a: Braviary
|-unboost|p1a: Braviary|atk|1
|-heal|p2a: Arboliva|100/100
|
|-weather|none
|upkeep
|turn|8
|inactive|biohazard23ab has 90 seconds left.
|
|t:|1758938196
|move|p1a: Braviary|Rock Slide|p2a: Arboliva
|-damage|p2a: Arboliva|76/100
|move|p2a: Arboliva|Leech Seed|p1a: Braviary
|-start|p1a: Braviary|move: Leech Seed
|
|-heal|p2a: Arboliva|82/100|[from] Grassy Terrain
|-damage|p1a: Braviary|63/100|[from] Leech Seed|[of] p2a: Arboliva
|-heal|p2a: Arboliva|94/100|[silent]
|upkeep
|turn|9
|inactive|biohazard23ab has 90 seconds left.
|
|t:|1758938209
|move|p1a: Braviary|Rock Slide|p2a: Arboliva
|-damage|p2a: Arboliva|69/100
|move|p2a: Arboliva|Strength Sap|p1a: Braviary
|-unboost|p1a: Braviary|atk|1
|-heal|p2a: Arboliva|100/100
|
|-damage|p1a: Braviary|51/100|[from] Leech Seed|[of] p2a: Arboliva
|upkeep
|turn|10
|inactive|biohazard23ab has 90 seconds left.
|
|t:|1758938220
|move|p1a: Braviary|Rock Slide|p2a: Arboliva
|-damage|p2a: Arboliva|82/100
|move|p2a: Arboliva|Hyper Voice|p1a: Braviary
|-damage|p1a: Braviary|0 fnt
|faint|p1a: Braviary
|
|-heal|p2a: Arboliva|88/100|[from] Grassy Terrain
|upkeep
|inactive|biohazard23ab has 90 seconds left.
|
|t:|1758938232
|switch|p1a: Frosmoth|Frosmoth, M, shiny|100/100
|turn|11
|
|t:|1758938239
|move|p1a: Frosmoth|Ice Beam|p2a: Arboliva
|-supereffective|p2a: Arboliva
|-damage|p2a: Arboliva|34/100
|move|p2a: Arboliva|Hyper Voice|p1a: Frosmoth
|-damage|p1a: Frosmoth|75/100
|
|-heal|p1a: Frosmoth|81/100|[from] Grassy Terrain
|-heal|p2a: Arboliva|40/100|[from] Grassy Terrain
|upkeep
|turn|12
|
|t:|1758938248
|move|p1a: Frosmoth|Ice Beam|p2a: Arboliva
|-supereffective|p2a: Arboliva
|-damage|p2a: Arboliva|0 fnt
|faint|p2a: Arboliva
|
|-heal|p1a: Frosmoth|87/100|[from] Grassy Terrain
|-fieldend|move: Grassy Terrain
|upkeep
|
|t:|1758938253
|switch|p2a: Tyranitar|Tyranitar, M, shiny|97/100
|-weather|Sandstorm|[from] ability: Sand Stream|[of] p2a: Tyranitar
|turn|13
|inactive|biohazard23ab has 90 seconds left.
|
|t:|1758938295
|switch|p1a: Gyarados|Gyarados, M, shiny|8/100
|-damage|p1a: Gyarados|0 fnt|[from] Stealth Rock
|faint|p1a: Gyarados
|move|p2a: Tyranitar|Rock Slide|p1: Gyarados|[notarget]
|-fail|p2a: Tyranitar
|
|-weather|Sandstorm|[upkeep]
|-heal|p2a: Tyranitar|100/100|[from] item: Leftovers
|upkeep
|inactive|biohazard23ab has 60 seconds left.
|
|t:|1758938322
|switch|p1a: Azumarill|Azumarill, F|100/100
|-damage|p1a: Azumarill|88/100|[from] Spikes
|-damage|p1a: Azumarill|76/100|[from] Stealth Rock
|turn|14
|inactive|biohazard23ab has 60 seconds left.
|
|t:|1758938336
|switch|p2a: Slaking|Slaking, F|100/100
|move|p1a: Azumarill|Aqua Jet|p2a: Slaking
|-damage|p2a: Slaking|80/100
|
|-weather|Sandstorm|[upkeep]
|-damage|p2a: Slaking|74/100|[from] Sandstorm
|-damage|p1a: Azumarill|69/100|[from] Sandstorm
|upkeep
|turn|15
|inactive|biohazard23ab has 60 seconds left.
|
|t:|1758938352
|move|p2a: Slaking|Giga Impact|p1a: Azumarill
|-damage|p1a: Azumarill|0 fnt
|-mustrecharge|p2a: Slaking
|faint|p1a: Azumarill
|
|-weather|Sandstorm|[upkeep]
|-damage|p2a: Slaking|68/100|[from] Sandstorm
|upkeep
|
|t:|1758938371
|switch|p1a: Frosmoth|Frosmoth, M, shiny|87/100
|turn|16
|
|t:|1758938377
|cant|p2a: Slaking|recharge
|move|p1a: Frosmoth|Ice Beam|p2a: Slaking
|-damage|p2a: Slaking|18/100
|
|-weather|Sandstorm|[upkeep]
|-damage|p2a: Slaking|12/100|[from] Sandstorm
|-damage|p1a: Frosmoth|81/100|[from] Sandstorm
|upkeep
|turn|17
|
|t:|1758938389
|move|p2a: Slaking|Giga Impact|p1a: Frosmoth
|-damage|p1a: Frosmoth|0 fnt
|-mustrecharge|p2a: Slaking
|faint|p1a: Frosmoth
|
|-weather|none
|upkeep
|
|t:|1758938401
|switch|p1a: Honchkrow|Honchkrow, F|100/100
|-damage|p1a: Honchkrow|76/100|[from] Stealth Rock
|turn|18
|
|t:|1758938411
|move|p1a: Honchkrow|Sucker Punch||[still]
|-fail|p1a: Honchkrow
|cant|p2a: Slaking|recharge
|
|upkeep
|turn|19
|
|t:|1758938420
|move|p2a: Slaking|Giga Impact|p1a: Honchkrow
|-damage|p1a: Honchkrow|0 fnt
|-mustrecharge|p2a: Slaking
|faint|p1a: Honchkrow
|
|win|Chin CB bcbcb
|raw|biohazard23ab's rating: 1087 &rarr; <strong>1062</strong><br />(-25 for losing)
|raw|Chin CB bcbcb's rating: 1060 &rarr; <strong>1093</strong><br />(+33 for winning)
|l|‽Chin CB bcbcb
|player|p2|
|l|☆biohazard23ab
|player|p1|
