|j|☆OibOcd
|j|☆arataomega1
|inactive|Battle timer is ON: inactive players will automatically lose when time's up.
|t:|1758977261
|gametype|singles
|player|p1|OibOcd|marshal|
|player|p2|arataomega1|marnie-masters3|
|gen|9
|tier|[Gen 9] OU
|rated|Tournament battle
|rule|HP Percentage Mod: HP is shown in percentages
|rule|Endless Battle Clause: Forcing endless battles is banned
|rule|Species Clause: Limit one of each Pokémon
|rule|OHKO Clause: OHKO moves are banned
|rule|Evasion Items Clause: Evasion items are banned
|rule|Evasion Moves Clause: Evasion moves are banned
|rule|Evasion Abilities Clause: Evasion abilities are banned
|rule|Sleep Moves Clause: Sleep-inducing moves are banned
|clearpoke
|poke|p1|Primarina, F|
|poke|p1|Great Tusk|
|poke|p1|Skarmory, F|
|poke|p1|Rillaboom, F|
|poke|p1|Slowking-Galar, M|
|poke|p1|Dragapult, F|
|poke|p2|Tinkaton, F|
|poke|p2|Great Tusk|
|poke|p2|Garganacl, M|
|poke|p2|Keldeo-Resolute|
|poke|p2|Zapdos|
|poke|p2|Dragapult, M|
|teampreview
|c|☆OibOcd|Glhf
|c|☆arataomega1|u2
|j| I love using PKHeX
|c| I love using PKHeX|thanks
|inactive|OibOcd has 120 seconds left.
|
|t:|1758977292
|teamsize|p1|6
|teamsize|p2|6
|start
|switch|p1a: Great Tusk|Great Tusk|100/100
|switch|p2a: Sledge|Tinkaton, F, shiny|100/100
|-ability|p2a: Sledge|Mold Breaker
|-item|p2a: Sledge|Air Balloon
|turn|1
|j| sama25
|
|t:|1758977301
|move|p2a: Sledge|Stealth Rock|p1a: Great Tusk
|-sidestart|p1: OibOcd|move: Stealth Rock
|move|p1a: Great Tusk|Stealth Rock|p2a: Sledge
|-sidestart|p2: arataomega1|move: Stealth Rock
|
|upkeep
|turn|2
|j| NoobPSguy
|
|t:|1758977312
|move|p2a: Sledge|Encore|p1a: Great Tusk
|-start|p1a: Great Tusk|Encore
|move|p1a: Great Tusk|Stealth Rock||[still]
|-fail|p1a: Great Tusk
|
|upkeep
|turn|3
|
|t:|1758977321
|switch|p2a: 3000 VOLT !!!|Zapdos, shiny|100/100
|-end|p1a: Great Tusk|Protosynthesis|[silent]
|switch|p1a: Skarmory|Skarmory, F|100/100
|-damage|p1a: Skarmory|88/100|[from] Stealth Rock
|
|upkeep
|turn|4
|j| cryyysneasel
|
|t:|1758977332
|switch|p1a: Dragapult|Dragapult, F|100/100
|-damage|p1a: Dragapult|88/100|[from] Stealth Rock
|move|p2a: 3000 VOLT !!!|Hurricane|p1a: Dragapult|[miss]
|-miss|p2a: 3000 VOLT !!!|p1a: Dragapult
|
|upkeep
|turn|5
|l| I love using PKHeX
|
|t:|1758977345
|move|p1a: Dragapult|Shadow Ball|p2a: 3000 VOLT !!!
|-crit|p2a: 3000 VOLT !!!
|-damage|p2a: 3000 VOLT !!!|35/100
|-damage|p1a: Dragapult|78/100|[from] item: Life Orb
|move|p2a: 3000 VOLT !!!|Thunder Wave|p1a: Dragapult|[miss]
|-miss|p2a: 3000 VOLT !!!|p1a: Dragapult
|
|upkeep
|turn|6
|c|☆OibOcd|I hacked this website
|
|t:|1758977364
|switch|p2a: Sledge|Tinkaton, F, shiny|100/100
|-damage|p2a: Sledge|94/100|[from] Stealth Rock
|-ability|p2a: Sledge|Mold Breaker
|-item|p2a: Sledge|Air Balloon
|move|p1a: Dragapult|Shadow Ball|p2a: Sledge
|-damage|p2a: Sledge|53/100
|-unboost|p2a: Sledge|spd|1
|-enditem|p2a: Sledge|Air Balloon
|-damage|p1a: Dragapult|69/100|[from] item: Life Orb
|
|upkeep
|turn|7
|
|t:|1758977378
|switch|p2a: I AM STEVE !!!|Garganacl, M|100/100
|-damage|p2a: I AM STEVE !!!|88/100|[from] Stealth Rock
|move|p1a: Dragapult|Shadow Ball|p2a: I AM STEVE !!!
|-damage|p2a: I AM STEVE !!!|73/100
|-damage|p1a: Dragapult|59/100|[from] item: Life Orb
|
|-heal|p2a: I AM STEVE !!!|79/100|[from] item: Leftovers
|upkeep
|turn|8
|
|t:|1758977390
|switch|p1a: Great Tusk|Great Tusk|100/100
|move|p2a: I AM STEVE !!!|Salt Cure|p1a: Great Tusk
|-resisted|p1a: Great Tusk
|-damage|p1a: Great Tusk|98/100
|-start|p1a: Great Tusk|Salt Cure
|
|-heal|p2a: I AM STEVE !!!|85/100|[from] item: Leftovers
|-damage|p1a: Great Tusk|86/100|[from] Salt Cure
|upkeep
|turn|9
|
|t:|1758977398
|switch|p2a: 3000 VOLT !!!|Zapdos, shiny|35/100
|move|p1a: Great Tusk|Headlong Rush|p2a: 3000 VOLT !!!
|-immune|p2a: 3000 VOLT !!!
|
|-damage|p1a: Great Tusk|73/100|[from] Salt Cure
|upkeep
|turn|10
|
|t:|1758977409
|switch|p2a: Panique au village|Keldeo-Resolute|100/100
|-damage|p2a: Panique au village|94/100|[from] Stealth Rock
|move|p1a: Great Tusk|Ice Spinner|p2a: Panique au village
|-resisted|p2a: Panique au village
|-damage|p2a: Panique au village|79/100
|
|-damage|p1a: Great Tusk|61/100|[from] Salt Cure
|upkeep
|turn|11
|
|t:|1758977419
|-end|p1a: Great Tusk|Protosynthesis|[silent]
|switch|p1a: Primarina|Primarina, F|100/100
|-damage|p1a: Primarina|88/100|[from] Stealth Rock
|move|p2a: Panique au village|Secret Sword|p1a: Primarina
|-resisted|p1a: Primarina
|-damage|p1a: Primarina|62/100
|
|-heal|p1a: Primarina|68/100|[from] item: Leftovers
|upkeep
|turn|12
|
|t:|1758977436
|switch|p2a: Sledge|Tinkaton, F, shiny|53/100
|-damage|p2a: Sledge|46/100|[from] Stealth Rock
|-ability|p2a: Sledge|Mold Breaker
|move|p1a: Primarina|Draining Kiss|p2a: Sledge
|-resisted|p2a: Sledge
|-damage|p2a: Sledge|37/100
|-heal|p1a: Primarina|75/100|[from] drain|[of] p2a: Sledge
|
|-heal|p1a: Primarina|81/100|[from] item: Leftovers
|upkeep
|turn|13
|
|t:|1758977450
|move|p2a: Sledge|Gigaton Hammer|p1a: Primarina
|-damage|p1a: Primarina|47/100
|move|p1a: Primarina|Surf|p2a: Sledge
|-damage|p2a: Sledge|5/100
|
|-heal|p1a: Primarina|53/100|[from] item: Leftovers
|upkeep
|turn|14
|
|t:|1758977460
|switch|p1a: Skarmory|Skarmory, F|88/100
|-damage|p1a: Skarmory|76/100|[from] Stealth Rock
|move|p2a: Sledge|Thunder Wave|p1a: Skarmory
|-status|p1a: Skarmory|par
|
|upkeep
|turn|15
|
|t:|1758977470
|switch|p2a: 3000 VOLT !!!|Zapdos, shiny|35/100
|move|p1a: Skarmory|Spikes|p2a: 3000 VOLT !!!
|-sidestart|p2: arataomega1|Spikes
|
|upkeep
|turn|16
|
|t:|1758977478
|switch|p1a: Slowking|Slowking-Galar, M|100/100
|move|p2a: 3000 VOLT !!!|Roost|p2a: 3000 VOLT !!!
|-heal|p2a: 3000 VOLT !!!|85/100
|-singleturn|p2a: 3000 VOLT !!!|move: Roost
|
|upkeep
|turn|17
|
|t:|1758977492
|move|p2a: 3000 VOLT !!!|Thunder Wave|p1a: Slowking
|-status|p1a: Slowking|par
|move|p1a: Slowking|Future Sight|p2a: 3000 VOLT !!!
|-start|p1a: Slowking|move: Future Sight
|
|upkeep
|turn|18
|
|t:|1758977497
|move|p2a: 3000 VOLT !!!|Volt Switch|p1a: Slowking
|-damage|p1a: Slowking|83/100 par
|
|t:|1758977504
|switch|p2a: 11/09|Dragapult, M, shiny|100/100|[from] Volt Switch
|-prepare|p1a: Slowking|Chilly Reception|[premajor]
|move|p1a: Slowking|Chilly Reception|p1a: Slowking
|-weather|Snowscape
|
|t:|1758977515
|switch|p1a: Primarina|Primarina, F|53/100|[from] Chilly Reception
|-damage|p1a: Primarina|40/100|[from] Stealth Rock
|
|-weather|Snowscape|[upkeep]
|-heal|p1a: Primarina|46/100|[from] item: Leftovers
|upkeep
|turn|19
|
|t:|1758977522
|move|p2a: 11/09|U-turn|p1a: Primarina
|-resisted|p1a: Primarina
|-crit|p1a: Primarina
|-damage|p1a: Primarina|34/100
|
|t:|1758977526
|switch|p2a: Sledge|Tinkaton, F, shiny|5/100|[from] U-turn
|-damage|p2a: Sledge|0 fnt|[from] Stealth Rock
|faint|p2a: Sledge
|move|p1a: Primarina|Draining Kiss|p2: Sledge|[notarget]
|-fail|p1a: Primarina
|
|-weather|Snowscape|[upkeep]
|-hint|Future Sight did not hit because the target is fainted.
|-heal|p1a: Primarina|40/100|[from] item: Leftovers
|upkeep
|
|t:|1758977535
|switch|p2a: Racist Babar|Great Tusk, shiny|100/100
|turn|20
|
|t:|1758977539
|move|p2a: Racist Babar|Headlong Rush|p1a: Primarina
|-damage|p1a: Primarina|0 fnt
|-unboost|p2a: Racist Babar|def|1
|-unboost|p2a: Racist Babar|spd|1
|faint|p1a: Primarina
|
|-weather|Snowscape|[upkeep]
|upkeep
|
|t:|1758977555
|switch|p1a: Dragapult|Dragapult, F|59/100
|-damage|p1a: Dragapult|47/100|[from] Stealth Rock
|turn|21
|
|t:|1758977560
|-end|p2a: Racist Babar|Protosynthesis|[silent]
|switch|p2a: I AM STEVE !!!|Garganacl, M|85/100
|-damage|p2a: I AM STEVE !!!|73/100|[from] Stealth Rock
|-damage|p2a: I AM STEVE !!!|60/100|[from] Spikes
|move|p1a: Dragapult|Draco Meteor|p2a: I AM STEVE !!!
|-damage|p2a: I AM STEVE !!!|14/100
|-unboost|p1a: Dragapult|spa|2
|-damage|p1a: Dragapult|37/100|[from] item: Life Orb
|
|-weather|Snowscape|[upkeep]
|-heal|p2a: I AM STEVE !!!|20/100|[from] item: Leftovers
|upkeep
|turn|22
|
|t:|1758977574
|move|p1a: Dragapult|Dragon Darts|p2a: I AM STEVE !!!
|-damage|p2a: I AM STEVE !!!|1/100
|-anim|p1a: Dragapult|Dragon Darts|p2a: I AM STEVE !!!
|-damage|p2a: I AM STEVE !!!|0 fnt
|faint|p2a: I AM STEVE !!!
|-damage|p1a: Dragapult|27/100|[from] item: Life Orb
|
|-weather|none
|upkeep
|
|t:|1758977581
|switch|p2a: Racist Babar|Great Tusk, shiny|100/100
|turn|23
|j| touhoukhoa
|
|t:|1758977588
|switch|p1a: Skarmory|Skarmory, F|76/100 par
|-damage|p1a: Skarmory|64/100 par|[from] Stealth Rock
|move|p2a: Racist Babar|Rapid Spin|p1a: Skarmory
|-resisted|p1a: Skarmory
|-damage|p1a: Skarmory|58/100 par
|-boost|p2a: Racist Babar|spe|1
|-damage|p2a: Racist Babar|84/100|[from] item: Rocky Helmet|[of] p1a: Skarmory
|-sideend|p2: arataomega1|Spikes|[from] move: Rapid Spin|[of] p2a: Racist Babar
|-sideend|p2: arataomega1|Stealth Rock|[from] move: Rapid Spin|[of] p2a: Racist Babar
|
|upkeep
|turn|24
|
|t:|1758977598
|-end|p2a: Racist Babar|Protosynthesis|[silent]
|switch|p2a: Panique au village|Keldeo-Resolute|79/100
|move|p1a: Skarmory|Roost|p1a: Skarmory
|-heal|p1a: Skarmory|100/100 par
|-singleturn|p1a: Skarmory|move: Roost
|
|upkeep
|turn|25
|
|t:|1758977605
|switch|p1a: Slowking|Slowking-Galar, M|100/100 par
|-terastallize|p2a: Panique au village|Water
|move|p2a: Panique au village|Surf|p1a: Slowking
|-damage|p1a: Slowking|44/100 par
|
|upkeep
|turn|26
|l| sama25
|j| sama25
|
|t:|1758977621
|switch|p1a: Rillaboom|Rillaboom, F|100/100
|-damage|p1a: Rillaboom|88/100|[from] Stealth Rock
|-fieldstart|move: Grassy Terrain|[from] ability: Grassy Surge|[of] p1a: Rillaboom
|move|p2a: Panique au village|Surf|p1a: Rillaboom
|-resisted|p1a: Rillaboom
|-damage|p1a: Rillaboom|24/100
|
|-heal|p2a: Panique au village|85/100|[from] Grassy Terrain
|-heal|p1a: Rillaboom|30/100|[from] Grassy Terrain
|upkeep
|turn|27
|
|t:|1758977632
|switch|p2a: 3000 VOLT !!!|Zapdos, shiny|85/100
|move|p1a: Rillaboom|Grassy Glide|p2a: 3000 VOLT !!!
|-resisted|p2a: 3000 VOLT !!!
|-damage|p2a: 3000 VOLT !!!|67/100
|-damage|p1a: Rillaboom|20/100|[from] item: Life Orb
|
|-heal|p1a: Rillaboom|26/100|[from] Grassy Terrain
|upkeep
|turn|28
|
|t:|1758977641
|move|p1a: Rillaboom|Knock Off|p2a: 3000 VOLT !!!
|-crit|p2a: 3000 VOLT !!!
|-damage|p2a: 3000 VOLT !!!|14/100
|-enditem|p2a: 3000 VOLT !!!|Heavy-Duty Boots|[from] move: Knock Off|[of] p1a: Rillaboom
|-damage|p1a: Rillaboom|16/100|[from] item: Life Orb
|move|p2a: 3000 VOLT !!!|Volt Switch|p1a: Rillaboom
|-resisted|p1a: Rillaboom
|-damage|p1a: Rillaboom|0 fnt
|faint|p1a: Rillaboom
|
|t:|1758977650
|switch|p2a: Panique au village|Keldeo-Resolute, tera:Water|85/100|[from] Volt Switch
|
|-heal|p2a: Panique au village|91/100|[from] Grassy Terrain
|upkeep
|
|t:|1758977660
|switch|p1a: Dragapult|Dragapult, F|27/100
|-damage|p1a: Dragapult|15/100|[from] Stealth Rock
|turn|29
|
|t:|1758977666
|switch|p2a: 3000 VOLT !!!|Zapdos, shiny|14/100
|move|p1a: Dragapult|Draco Meteor|p2a: 3000 VOLT !!!
|-damage|p2a: 3000 VOLT !!!|0 fnt
|-unboost|p1a: Dragapult|spa|2
|faint|p2a: 3000 VOLT !!!
|-damage|p1a: Dragapult|5/100|[from] item: Life Orb
|
|-heal|p1a: Dragapult|11/100|[from] Grassy Terrain
|upkeep
|
|t:|1758977676
|switch|p2a: Panique au village|Keldeo-Resolute, tera:Water|91/100
|turn|30
|
|t:|1758977681
|move|p1a: Dragapult|Dragon Darts|p2a: Panique au village
|-damage|p2a: Panique au village|59/100
|-anim|p1a: Dragapult|Dragon Darts|p2a: Panique au village
|-damage|p2a: Panique au village|29/100
|-damage|p1a: Dragapult|1/100|[from] item: Life Orb
|move|p2a: Panique au village|Surf|p1a: Dragapult
|-resisted|p1a: Dragapult
|-damage|p1a: Dragapult|0 fnt
|faint|p1a: Dragapult
|
|-heal|p2a: Panique au village|35/100|[from] Grassy Terrain
|-fieldend|move: Grassy Terrain
|upkeep
|j| Swagataka
|
|t:|1758977688
|switch|p1a: Slowking|Slowking-Galar, M|77/100 par
|turn|31
|
|t:|1758977694
|switch|p2a: Racist Babar|Great Tusk, shiny|84/100
|switch|p1a: Great Tusk|Great Tusk|61/100
|
|upkeep
|turn|32
|
|t:|1758977705
|move|p1a: Great Tusk|Headlong Rush|p2a: Racist Babar
|-damage|p2a: Racist Babar|39/100
|-unboost|p1a: Great Tusk|def|1
|-unboost|p1a: Great Tusk|spd|1
|move|p2a: Racist Babar|Ice Spinner|p1a: Great Tusk
|-supereffective|p1a: Great Tusk
|-damage|p1a: Great Tusk|0 fnt
|faint|p1a: Great Tusk
|-end|p1a: Great Tusk|Protosynthesis|[silent]
|
|upkeep
|
|t:|1758977710
|switch|p1a: Skarmory|Skarmory, F|100/100 par
|-damage|p1a: Skarmory|88/100 par|[from] Stealth Rock
|turn|33
|l| touhoukhoa
|
|t:|1758977719
|-end|p2a: Racist Babar|Protosynthesis|[silent]
|switch|p2a: 11/09|Dragapult, M, shiny|100/100
|move|p1a: Skarmory|Body Press|p2a: 11/09
|-immune|p2a: 11/09
|
|upkeep
|turn|34
|
|t:|1758977725
|switch|p1a: Slowking|Slowking-Galar, M|100/100 par
|move|p2a: 11/09|Hex|p1a: Slowking
|-supereffective|p1a: Slowking
|-damage|p1a: Slowking|44/100 par
|
|upkeep
|turn|35
|c|☆OibOcd|GG
|c|☆arataomega1|gg
|
|t:|1758977744
|-terastallize|p1a: Slowking|Water
|move|p2a: 11/09|Hex|p1a: Slowking
|-damage|p1a: Slowking|11/100 par
|move|p1a: Slowking|Thunder Wave|p2a: 11/09
|-status|p2a: 11/09|par
|
|upkeep
|turn|36
|
|t:|1758977753
|move|p2a: 11/09|Hex|p1a: Slowking
|-damage|p1a: Slowking|0 fnt
|faint|p1a: Slowking
|
|upkeep
|
|t:|1758977755
|switch|p1a: Skarmory|Skarmory, F|88/100 par
|-damage|p1a: Skarmory|76/100 par|[from] Stealth Rock
|turn|37
|
|t:|1758977762
|move|p2a: 11/09|Hex|p1a: Skarmory
|-damage|p1a: Skarmory|0 fnt
|faint|p1a: Skarmory
|
|win|arataomega1
|n|☆OibOcd|oibocd
|n|☆arataomega1|arataomega1
|n| NoobPSguy|noobpsguy
|n| cryyysneasel|cryyysneasel
|n| sama25|sama25
|n| Swagataka|swagataka
