|j|☆shadynkiller
|j|☆reshiranaccmem
|t:|1758978517
|gametype|singles
|player|p1|shadynkiller|ethan|1190
|player|p2|reshiranaccmem|scientistf|1141
|gen|9
|tier|[Gen 9] OU
|rated|
|rule|HP Percentage Mod: HP is shown in percentages
|rule|Endless Battle Clause: Forcing endless battles is banned
|rule|Species Clause: Limit one of each Pokémon
|rule|OHKO Clause: OHKO moves are banned
|rule|Evasion Items Clause: Evasion items are banned
|rule|Evasion Moves Clause: Evasion moves are banned
|rule|Evasion Abilities Clause: Evasion abilities are banned
|rule|Sleep Moves Clause: Sleep-inducing moves are banned
|clearpoke
|poke|p1|Dragonite, M|
|poke|p1|Dragapult, M|
|poke|p1|Kyurem|
|poke|p1|Raging Bolt|
|poke|p1|Walking Wake|
|poke|p1|Goodra-Hisui, M|
|poke|p2|Donphan, F|
|poke|p2|Great Tusk|
|poke|p2|Iron Treads|
|poke|p2|Copperajah, F|
|poke|p2|Mamoswine, M|
|poke|p2|Cufant, M|
|teampreview
|inactive|Battle timer is ON: inactive players will automatically lose when time's up. (requested by shadynkiller)
|c|☆reshiranaccmem|Dragons vs. Elephants
|c|☆shadynkiller|exactly lol
|
|t:|1758978543
|teamsize|p1|6
|teamsize|p2|6
|start
|switch|p1a: Kyurem|Kyurem|100/100
|switch|p2a: African Elephant|Donphan, F|100/100
|-ability|p1a: Kyurem|Pressure
|turn|1
|
|t:|1758978551
|move|p1a: Kyurem|Ice Beam|p2a: African Elephant
|-supereffective|p2a: African Elephant
|-ability|p2a: African Elephant|Sturdy
|-damage|p2a: African Elephant|1/100
|-status|p2a: African Elephant|frz
|-enditem|p2a: African Elephant|Iapapa Berry|[eat]
|-heal|p2a: African Elephant|34/100 frz|[from] item: Iapapa Berry
|cant|p2a: African Elephant|frz
|
|upkeep
|turn|2
|
|t:|1758978564
|move|p1a: Kyurem|Ice Beam|p2a: African Elephant
|-supereffective|p2a: African Elephant
|-damage|p2a: African Elephant|0 fnt
|faint|p2a: African Elephant
|
|upkeep
|
|t:|1758978569
|switch|p2a: Pygmy Elephant|Cufant, M, shiny|100/100
|turn|3
|
|t:|1758978580
|switch|p1a: Dragonite|Dragonite, M|100/100
|move|p2a: Pygmy Elephant|Stealth Rock|p1a: Dragonite
|-sidestart|p1: shadynkiller|move: Stealth Rock
|
|upkeep
|turn|4
|
|t:|1758978586
|move|p1a: Dragonite|Fire Punch|p2a: Pygmy Elephant
|-supereffective|p2a: Pygmy Elephant
|-damage|p2a: Pygmy Elephant|0 fnt
|faint|p2a: Pygmy Elephant
|
|upkeep
|
|t:|1758978591
|switch|p2a: Mammoth|Mamoswine, M|100/100
|turn|5
|
|t:|1758978595
|move|p1a: Dragonite|Fire Punch|p2a: Mammoth
|-supereffective|p2a: Mammoth
|-damage|p2a: Mammoth|56/100
|move|p2a: Mammoth|Icicle Spear|p1a: Dragonite
|-supereffective|p1a: Dragonite
|-damage|p1a: Dragonite|67/100
|-supereffective|p1a: Dragonite
|-damage|p1a: Dragonite|3/100
|-supereffective|p1a: Dragonite
|-damage|p1a: Dragonite|0 fnt
|faint|p1a: Dragonite
|-hitcount|p1: Dragonite|3
|
|upkeep
|
|t:|1758978611
|switch|p1a: Walking Wake|Walking Wake|100/100
|-damage|p1a: Walking Wake|88/100|[from] Stealth Rock
|turn|6
|
|t:|1758978621
|switch|p2a: Indian Elephant|Copperajah, F|100/100
|move|p1a: Walking Wake|Hydro Steam|p2a: Indian Elephant
|-damage|p2a: Indian Elephant|70/100
|
|upkeep
|turn|7
|
|t:|1758978634
|-end|p1a: Walking Wake|Protosynthesis|[silent]
|switch|p1a: Goodra|Goodra-Hisui, M|100/100
|-damage|p1a: Goodra|94/100|[from] Stealth Rock
|move|p2a: Indian Elephant|Supercell Slam|p1a: Goodra
|-resisted|p1a: Goodra
|-damage|p1a: Goodra|80/100
|
|upkeep
|turn|8
|
|t:|1758978643
|move|p1a: Goodra|Flamethrower|p2a: Indian Elephant
|-supereffective|p2a: Indian Elephant
|-damage|p2a: Indian Elephant|41/100
|move|p2a: Indian Elephant|Earthquake|p1a: Goodra
|-supereffective|p1a: Goodra
|-damage|p1a: Goodra|21/100
|
|upkeep
|turn|9
|
|t:|1758978650
|move|p1a: Goodra|Flamethrower|p2a: Indian Elephant
|-supereffective|p2a: Indian Elephant
|-damage|p2a: Indian Elephant|8/100
|move|p2a: Indian Elephant|Earthquake|p1a: Goodra
|-supereffective|p1a: Goodra
|-damage|p1a: Goodra|0 fnt
|faint|p1a: Goodra
|
|upkeep
|
|t:|1758978656
|switch|p1a: Dragapult|Dragapult, M|100/100
|turn|10
|
|t:|1758978663
|move|p1a: Dragapult|Dragon Darts|p2a: Indian Elephant
|-resisted|p2a: Indian Elephant
|-damage|p2a: Indian Elephant|0 fnt
|faint|p2a: Indian Elephant
|
|upkeep
|
|t:|1758978669
|switch|p2a: Mammoth|Mamoswine, M|56/100
|turn|11
|
|t:|1758978675
|switch|p1a: Kyurem|Kyurem|100/100
|-damage|p1a: Kyurem|76/100|[from] Stealth Rock
|-ability|p1a: Kyurem|Pressure
|move|p2a: Mammoth|Icicle Spear|p1a: Kyurem
|-damage|p1a: Kyurem|61/100
|-damage|p1a: Kyurem|46/100
|-damage|p1a: Kyurem|31/100
|-damage|p1a: Kyurem|18/100
|-damage|p1a: Kyurem|3/100
|-hitcount|p1a: Kyurem|5
|
|upkeep
|turn|12
|
|t:|1758978688
|move|p2a: Mammoth|Ice Shard|p1a: Kyurem
|-damage|p1a: Kyurem|0 fnt
|faint|p1a: Kyurem
|
|upkeep
|
|t:|1758978693
|switch|p1a: Walking Wake|Walking Wake|88/100
|-damage|p1a: Walking Wake|76/100|[from] Stealth Rock
|turn|13
|
|t:|1758978712
|-terastallize|p2a: Mammoth|Ice
|move|p1a: Walking Wake|Flamethrower|p2a: Mammoth
|-supereffective|p2a: Mammoth
|-damage|p2a: Mammoth|1/100
|move|p2a: Mammoth|Rock Blast|p1a: Walking Wake
|-damage|p1a: Walking Wake|65/100
|-damage|p1a: Walking Wake|54/100
|-damage|p1a: Walking Wake|44/100
|-damage|p1a: Walking Wake|34/100
|-hitcount|p1a: Walking Wake|4
|
|upkeep
|turn|14
|
|t:|1758978725
|move|p2a: Mammoth|Ice Shard|p1a: Walking Wake
|-damage|p1a: Walking Wake|0 fnt
|faint|p1a: Walking Wake
|-end|p1a: Walking Wake|Protosynthesis|[silent]
|
|upkeep
|
|t:|1758978729
|switch|p1a: Raging Bolt|Raging Bolt|100/100
|-damage|p1a: Raging Bolt|88/100|[from] Stealth Rock
|-enditem|p1a: Raging Bolt|Booster Energy
|-activate|p1a: Raging Bolt|ability: Protosynthesis|[fromitem]
|-start|p1a: Raging Bolt|protosynthesisspa
|turn|15
|
|t:|1758978736
|move|p1a: Raging Bolt|Thunderclap|p2a: Mammoth
|-damage|p2a: Mammoth|0 fnt
|faint|p2a: Mammoth
|
|upkeep
|
|t:|1758978742
|switch|p2a: Mastodon|Great Tusk|100/100
|turn|16
|
|t:|1758978751
|-terastallize|p1a: Raging Bolt|Fairy
|move|p1a: Raging Bolt|Calm Mind|p1a: Raging Bolt
|-boost|p1a: Raging Bolt|spa|1
|-boost|p1a: Raging Bolt|spd|1
|move|p2a: Mastodon|Headlong Rush|p1a: Raging Bolt
|-damage|p1a: Raging Bolt|29/100
|-unboost|p2a: Mastodon|def|1
|-unboost|p2a: Mastodon|spd|1
|
|upkeep
|turn|17
|
|t:|1758978765
|move|p1a: Raging Bolt|Dragon Pulse|p2a: Mastodon
|-damage|p2a: Mastodon|0 fnt
|faint|p2a: Mastodon
|-end|p2a: Mastodon|Protosynthesis|[silent]
|
|upkeep
|
|t:|1758978770
|switch|p2a: AI-lephant|Iron Treads|100/100
|turn|18
|
|t:|1758978778
|move|p1a: Raging Bolt|Thunderclap|p2a: AI-lephant
|-immune|p2a: AI-lephant
|move|p2a: AI-lephant|Earthquake|p1a: Raging Bolt
|-crit|p1a: Raging Bolt
|-damage|p1a: Raging Bolt|0 fnt
|faint|p1a: Raging Bolt
|-end|p1a: Raging Bolt|Protosynthesis|[silent]
|
|upkeep
|
|t:|1758978782
|switch|p1a: Dragapult|Dragapult, M|100/100
|turn|19
|
|t:|1758978791
|move|p1a: Dragapult|Thunder Wave|p2a: AI-lephant
|-immune|p2a: AI-lephant
|move|p2a: AI-lephant|Earthquake|p1a: Dragapult
|-damage|p1a: Dragapult|33/100
|
|upkeep
|turn|20
|
|t:|1758978797
|move|p1a: Dragapult|Dragon Darts|p2a: AI-lephant
|-resisted|p2a: AI-lephant
|-damage|p2a: AI-lephant|92/100
|-anim|p1a: Dragapult|Dragon Darts|p2a: AI-lephant
|-resisted|p2a: AI-lephant
|-damage|p2a: AI-lephant|84/100
|move|p2a: AI-lephant|Earthquake|p1a: Dragapult
|-damage|p1a: Dragapult|0 fnt
|faint|p1a: Dragapult
|
|win|reshiranaccmem
|raw|shadynkiller's rating: 1190 &rarr; <strong>1161</strong><br />(-29 for losing)
|raw|reshiranaccmem's rating: 1141 &rarr; <strong>1170</strong><br />(+29 for winning)
|l|☆shadynkiller
|player|p1|
|l|☆reshiranaccmem
|player|p2|
