|j|☆NMZS Antilope
|j|☆TheJest0
|t:|1759028021
|gametype|singles
|player|p1|NMZS Antilope|1|1130
|player|p2|TheJest0|harlequin|1145
|gen|9
|tier|[Gen 9] OU
|rated|
|rule|HP Percentage Mod: HP is shown in percentages
|rule|Endless Battle Clause: Forcing endless battles is banned
|rule|Species Clause: Limit one of each Pokémon
|rule|OHKO Clause: OHKO moves are banned
|rule|Evasion Items Clause: Evasion items are banned
|rule|Evasion Moves Clause: Evasion moves are banned
|rule|Evasion Abilities Clause: Evasion abilities are banned
|rule|Sleep Moves Clause: Sleep-inducing moves are banned
|clearpoke
|poke|p1|Sableye, M|
|poke|p1|Volcanion|
|poke|p1|Corviknight, M|
|poke|p1|Fezandipiti, M|
|poke|p1|Ting-Lu|
|poke|p1|Quaquaval, F|
|poke|p2|Mimikyu, F|
|poke|p2|Ceruledge, F|
|poke|p2|Kingambit, M|
|poke|p2|Pecharunt|
|poke|p2|Iron Valiant|
|poke|p2|Garganacl, M|
|teampreview
|inactive|Battle timer is ON: inactive players will automatically lose when time's up. (requested by NMZS Antilope)
|
|t:|1759028031
|teamsize|p1|6
|teamsize|p2|6
|start
|switch|p1a: Ting-Lu|Ting-Lu|100/100
|switch|p2a: Mimikyu|Mimikyu, F|100/100
|-ability|p1a: Ting-Lu|Vessel of Ruin
|turn|1
|
|t:|1759028041
|move|p2a: Mimikyu|Swords Dance|p2a: Mimikyu
|-boost|p2a: Mimikyu|atk|2
|move|p1a: Ting-Lu|Stealth Rock|p2a: Mimikyu
|-sidestart|p2: TheJest0|move: Stealth Rock
|
|upkeep
|turn|2
|
|t:|1759028047
|move|p2a: Mimikyu|Swords Dance|p2a: Mimikyu
|-boost|p2a: Mimikyu|atk|2
|move|p1a: Ting-Lu|Whirlwind|p2a: Mimikyu
|drag|p2a: Pecharunt|Pecharunt|100/100
|-damage|p2a: Pecharunt|88/100|[from] Stealth Rock
|
|-heal|p2a: Pecharunt|94/100|[from] item: Leftovers
|upkeep
|turn|3
|
|t:|1759028055
|move|p2a: Pecharunt|Malignant Chain|p1a: Ting-Lu
|-resisted|p1a: Ting-Lu
|-damage|p1a: Ting-Lu|87/100
|move|p1a: Ting-Lu|Earthquake|p2a: Pecharunt
|-supereffective|p2a: Pecharunt
|-damage|p2a: Pecharunt|48/100
|
|-heal|p2a: Pecharunt|54/100|[from] item: Leftovers
|-heal|p1a: Ting-Lu|93/100|[from] item: Leftovers
|upkeep
|turn|4
|
|t:|1759028063
|move|p2a: Pecharunt|Malignant Chain|p1a: Ting-Lu
|-resisted|p1a: Ting-Lu
|-damage|p1a: Ting-Lu|80/100
|-status|p1a: Ting-Lu|tox
|-start|p1a: Ting-Lu|confusion|[from] ability: Poison Puppeteer|[of] p2a: Pecharunt
|-activate|p1a: Ting-Lu|confusion
|-damage|p1a: Ting-Lu|76/100 tox|[from] confusion
|
|-heal|p2a: Pecharunt|60/100|[from] item: Leftovers
|-heal|p1a: Ting-Lu|82/100 tox|[from] item: Leftovers
|-damage|p1a: Ting-Lu|76/100 tox|[from] psn
|upkeep
|turn|5
|
|t:|1759028078
|move|p2a: Pecharunt|Parting Shot|p1a: Ting-Lu
|-unboost|p1a: Ting-Lu|atk|1
|-unboost|p1a: Ting-Lu|spa|1
|
|t:|1759028083
|switch|p2a: Iron Valiant|Iron Valiant, shiny|100/100|[from] Parting Shot
|-damage|p2a: Iron Valiant|94/100|[from] Stealth Rock
|-enditem|p2a: Iron Valiant|Booster Energy
|-activate|p2a: Iron Valiant|ability: Quark Drive|[fromitem]
|-start|p2a: Iron Valiant|quarkdrivespe
|-end|p1a: Ting-Lu|confusion
|move|p1a: Ting-Lu|Earthquake|p2a: Iron Valiant
|-damage|p2a: Iron Valiant|61/100
|
|-heal|p1a: Ting-Lu|82/100 tox|[from] item: Leftovers
|-damage|p1a: Ting-Lu|69/100 tox|[from] psn
|upkeep
|turn|6
|
|t:|1759028095
|move|p2a: Iron Valiant|Close Combat|p1a: Ting-Lu
|-supereffective|p1a: Ting-Lu
|-damage|p1a: Ting-Lu|20/100 tox
|-unboost|p2a: Iron Valiant|def|1
|-unboost|p2a: Iron Valiant|spd|1
|move|p1a: Ting-Lu|Whirlwind|p2a: Iron Valiant
|-end|p2a: Iron Valiant|Quark Drive|[silent]
|drag|p2a: Pecharunt|Pecharunt|60/100
|-damage|p2a: Pecharunt|48/100|[from] Stealth Rock
|
|-heal|p2a: Pecharunt|54/100|[from] item: Leftovers
|-heal|p1a: Ting-Lu|27/100 tox|[from] item: Leftovers
|-damage|p1a: Ting-Lu|8/100 tox|[from] psn
|upkeep
|turn|7
|
|t:|1759028107
|switch|p1a: Fezandipiti|Fezandipiti, M|100/100
|move|p2a: Pecharunt|Malignant Chain|p1a: Fezandipiti
|-damage|p1a: Fezandipiti|75/100
|
|-heal|p1a: Fezandipiti|81/100|[from] item: Black Sludge
|-heal|p2a: Pecharunt|60/100|[from] item: Leftovers
|upkeep
|turn|8
|
|t:|1759028116
|move|p1a: Fezandipiti|Dual Wingbeat|p2a: Pecharunt
|-damage|p2a: Pecharunt|54/100
|-damage|p2a: Pecharunt|49/100
|-hitcount|p2a: Pecharunt|2
|move|p2a: Pecharunt|Malignant Chain|p1a: Fezandipiti
|-damage|p1a: Fezandipiti|59/100
|
|-heal|p1a: Fezandipiti|65/100|[from] item: Black Sludge
|-heal|p2a: Pecharunt|55/100|[from] item: Leftovers
|upkeep
|turn|9
|
|t:|1759028129
|move|p1a: Fezandipiti|U-turn|p2a: Pecharunt
|-resisted|p2a: Pecharunt
|-damage|p2a: Pecharunt|53/100
|
|t:|1759028131
|switch|p1a: Corviknight|Corviknight, M|100/100|[from] U-turn
|-ability|p1a: Corviknight|Pressure
|move|p2a: Pecharunt|Malignant Chain|p1a: Corviknight
|-immune|p1a: Corviknight
|
|-heal|p2a: Pecharunt|59/100|[from] item: Leftovers
|upkeep
|turn|10
|
|t:|1759028140
|move|p2a: Pecharunt|Shadow Ball|p1a: Corviknight
|-damage|p1a: Corviknight|63/100
|move|p1a: Corviknight|U-turn|p2a: Pecharunt
|-resisted|p2a: Pecharunt
|-damage|p2a: Pecharunt|57/100
|
|t:|1759028147
|switch|p1a: Volcanion|Volcanion|100/100|[from] U-turn
|
|-heal|p2a: Pecharunt|63/100|[from] item: Leftovers
|upkeep
|turn|11
|
|t:|1759028151
|move|p1a: Volcanion|Flame Charge|p2a: Pecharunt
|-damage|p2a: Pecharunt|47/100
|-boost|p1a: Volcanion|spe|1
|move|p2a: Pecharunt|Malignant Chain|p1a: Volcanion
|-damage|p1a: Volcanion|47/100
|
|-heal|p2a: Pecharunt|53/100|[from] item: Leftovers
|upkeep
|turn|12
|
|t:|1759028160
|move|p1a: Volcanion|Flame Charge|p2a: Pecharunt
|-damage|p2a: Pecharunt|35/100
|-boost|p1a: Volcanion|spe|1
|move|p2a: Pecharunt|Shadow Ball|p1a: Volcanion
|-damage|p1a: Volcanion|5/100
|
|-heal|p2a: Pecharunt|41/100|[from] item: Leftovers
|upkeep
|turn|13
|
|t:|1759028168
|move|p1a: Volcanion|Flame Charge|p2a: Pecharunt
|-damage|p2a: Pecharunt|19/100
|-boost|p1a: Volcanion|spe|1
|move|p2a: Pecharunt|Recover|p2a: Pecharunt
|-heal|p2a: Pecharunt|69/100
|
|-heal|p2a: Pecharunt|75/100|[from] item: Leftovers
|upkeep
|turn|14
|
|t:|1759028175
|move|p1a: Volcanion|Earthquake|p2a: Pecharunt
|-supereffective|p2a: Pecharunt
|-damage|p2a: Pecharunt|32/100
|move|p2a: Pecharunt|Malignant Chain|p1a: Volcanion
|-damage|p1a: Volcanion|0 fnt
|faint|p1a: Volcanion
|
|-heal|p2a: Pecharunt|38/100|[from] item: Leftovers
|upkeep
|
|t:|1759028178
|switch|p1a: Quaquaval|Quaquaval, F|100/100
|turn|15
|
|t:|1759028186
|-terastallize|p1a: Quaquaval|Water
|move|p1a: Quaquaval|Aqua Step|p2a: Pecharunt
|-damage|p2a: Pecharunt|7/100
|-boost|p1a: Quaquaval|spe|1
|move|p2a: Pecharunt|Shadow Ball|p1a: Quaquaval
|-damage|p1a: Quaquaval|57/100
|
|-heal|p2a: Pecharunt|13/100|[from] item: Leftovers
|upkeep
|turn|16
|
|t:|1759028196
|move|p1a: Quaquaval|Aqua Step|p2a: Pecharunt
|-damage|p2a: Pecharunt|0 fnt
|-boost|p1a: Quaquaval|spe|1
|faint|p2a: Pecharunt
|-ability|p1a: Quaquaval|Moxie|boost
|-boost|p1a: Quaquaval|atk|1
|
|upkeep
|
|t:|1759028203
|switch|p2a: Garganacl|Garganacl, M|100/100
|-damage|p2a: Garganacl|88/100|[from] Stealth Rock
|turn|17
|-activate|p2a: Garganacl|item: Quick Claw
|
|t:|1759028207
|move|p2a: Garganacl|Salt Cure|p1a: Quaquaval
|-damage|p1a: Quaquaval|36/100
|-start|p1a: Quaquaval|Salt Cure
|move|p1a: Quaquaval|Aqua Step|p2a: Garganacl
|-supereffective|p2a: Garganacl
|-damage|p2a: Garganacl|0 fnt
|-boost|p1a: Quaquaval|spe|1
|faint|p2a: Garganacl
|-ability|p1a: Quaquaval|Moxie|boost
|-boost|p1a: Quaquaval|atk|1
|
|-damage|p1a: Quaquaval|11/100|[from] Salt Cure
|upkeep
|
|t:|1759028219
|switch|p2a: Iron Valiant|Iron Valiant, shiny|61/100
|-damage|p2a: Iron Valiant|54/100|[from] Stealth Rock
|turn|18
|
|t:|1759028225
|move|p1a: Quaquaval|Aqua Step|p2a: Iron Valiant
|-damage|p2a: Iron Valiant|0 fnt
|-boost|p1a: Quaquaval|spe|1
|faint|p2a: Iron Valiant
|-end|p2a: Iron Valiant|Quark Drive|[silent]
|-ability|p1a: Quaquaval|Moxie|boost
|-boost|p1a: Quaquaval|atk|1
|
|-damage|p1a: Quaquaval|0 fnt|[from] Salt Cure
|faint|p1a: Quaquaval
|upkeep
|
|t:|1759028234
|switch|p2a: Ceruledge|Ceruledge, F|100/100
|switch|p1a: Fezandipiti|Fezandipiti, M|65/100
|-damage|p2a: Ceruledge|76/100|[from] Stealth Rock
|turn|19
|
|t:|1759028243
|move|p2a: Ceruledge|Bitter Blade|p1a: Fezandipiti
|-damage|p1a: Fezandipiti|15/100
|-heal|p2a: Ceruledge|100/100|[from] drain|[of] p1a: Fezandipiti
|move|p1a: Fezandipiti|Taunt|p2a: Ceruledge
|-start|p2a: Ceruledge|move: Taunt
|
|-heal|p1a: Fezandipiti|22/100|[from] item: Black Sludge
|upkeep
|turn|20
|
|t:|1759028251
|move|p2a: Ceruledge|Bitter Blade|p1a: Fezandipiti
|-damage|p1a: Fezandipiti|0 fnt
|faint|p1a: Fezandipiti
|
|upkeep
|
|t:|1759028254
|switch|p1a: Sableye|Sableye, M|100/100
|turn|21
|
|t:|1759028257
|move|p2a: Ceruledge|Shadow Sneak|p1a: Sableye
|-damage|p1a: Sableye|80/100
|move|p1a: Sableye|Disable|p2a: Ceruledge
|-start|p2a: Ceruledge|Disable|Shadow Sneak
|
|-heal|p1a: Sableye|86/100|[from] item: Leftovers
|upkeep
|turn|22
|
|t:|1759028264
|move|p1a: Sableye|Encore|p2a: Ceruledge
|-start|p2a: Ceruledge|Encore
|cant|p2a: Ceruledge|Disable|Shadow Sneak
|
|-heal|p1a: Sableye|92/100|[from] item: Leftovers
|-end|p2a: Ceruledge|move: Taunt
|upkeep
|turn|23
|
|t:|1759028270
|-activate|p2a: Ceruledge|move: Struggle
|move|p2a: Ceruledge|Struggle|p1a: Sableye
|-damage|p1a: Sableye|76/100
|-damage|p2a: Ceruledge|75/100|[from] recoil
|move|p1a: Sableye|Night Shade|p2a: Ceruledge
|-damage|p2a: Ceruledge|41/100
|
|-heal|p1a: Sableye|82/100|[from] item: Leftovers
|upkeep
|turn|24
|
|t:|1759028278
|-activate|p2a: Ceruledge|move: Struggle
|move|p2a: Ceruledge|Struggle|p1a: Sableye
|-damage|p1a: Sableye|67/100
|-damage|p2a: Ceruledge|16/100|[from] recoil
|move|p1a: Sableye|Night Shade|p2a: Ceruledge
|-damage|p2a: Ceruledge|0 fnt
|faint|p2a: Ceruledge
|
|-heal|p1a: Sableye|73/100|[from] item: Leftovers
|upkeep
|
|t:|1759028287
|switch|p2a: Mimikyu|Mimikyu, F|100/100
|-damage|p2a: Mimikyu|88/100|[from] Stealth Rock
|turn|25
|
|t:|1759028293
|move|p2a: Mimikyu|Shadow Sneak|p1a: Sableye
|-damage|p1a: Sableye|51/100
|-damage|p2a: Mimikyu|78/100|[from] item: Life Orb
|move|p1a: Sableye|Night Shade|p2a: Mimikyu
|-activate|p2a: Mimikyu|ability: Disguise
|-damage|p2a: Mimikyu|78/100
|detailschange|p2a: Mimikyu|Mimikyu-Busted, F
|-damage|p2a: Mimikyu|66/100|[from] pokemon: Mimikyu-Busted
|
|-heal|p1a: Sableye|58/100|[from] item: Leftovers
|upkeep
|turn|26
|
|t:|1759028308
|move|p1a: Sableye|Disable|p2a: Mimikyu
|-start|p2a: Mimikyu|Disable|Shadow Sneak
|move|p2a: Mimikyu|Play Rough|p1a: Sableye
|-supereffective|p1a: Sableye
|-damage|p1a: Sableye|0 fnt
|faint|p1a: Sableye
|-damage|p2a: Mimikyu|56/100|[from] item: Life Orb
|
|upkeep
|
|t:|1759028313
|switch|p1a: Corviknight|Corviknight, M|63/100
|-ability|p1a: Corviknight|Pressure
|turn|27
|c|☆TheJest0|that sableeye was crazy
|
|t:|1759028322
|move|p2a: Mimikyu|Drain Punch|p1a: Corviknight
|-damage|p1a: Corviknight|47/100
|-heal|p2a: Mimikyu|69/100|[from] drain|[of] p1a: Corviknight
|-damage|p2a: Mimikyu|59/100|[from] item: Life Orb
|move|p1a: Corviknight|U-turn|p2a: Mimikyu
|-resisted|p2a: Mimikyu
|-damage|p2a: Mimikyu|53/100
|
|t:|1759028329
|switch|p1a: Ting-Lu|Ting-Lu|8/100 tox|[from] U-turn
|-ability|p1a: Ting-Lu|Vessel of Ruin
|
|-heal|p1a: Ting-Lu|14/100 tox|[from] item: Leftovers
|-damage|p1a: Ting-Lu|8/100 tox|[from] psn
|upkeep
|turn|28
|
|t:|1759028336
|move|p2a: Mimikyu|Swords Dance|p2a: Mimikyu
|-boost|p2a: Mimikyu|atk|2
|move|p1a: Ting-Lu|Whirlwind|p2a: Mimikyu
|drag|p2a: Kingambit|Kingambit, M, shiny|100/100
|-damage|p2a: Kingambit|94/100|[from] Stealth Rock
|-activate|p2a: Kingambit|ability: Supreme Overlord
|-start|p2a: Kingambit|fallen4|[silent]
|
|-heal|p1a: Ting-Lu|14/100 tox|[from] item: Leftovers
|-damage|p1a: Ting-Lu|2/100 tox|[from] psn
|upkeep
|turn|29
|
|t:|1759028346
|move|p2a: Kingambit|Sucker Punch|p1a: Ting-Lu
|-resisted|p1a: Ting-Lu
|-damage|p1a: Ting-Lu|0 fnt
|faint|p1a: Ting-Lu
|
|upkeep
|
|t:|1759028348
|switch|p1a: Corviknight|Corviknight, M|47/100
|-ability|p1a: Corviknight|Pressure
|turn|30
|
|t:|1759028355
|move|p1a: Corviknight|Body Press|p2a: Kingambit
|-supereffective|p2a: Kingambit
|-damage|p2a: Kingambit|18/100
|move|p2a: Kingambit|Kowtow Cleave|p1a: Corviknight
|-damage|p1a: Corviknight|1/100
|
|-heal|p1a: Corviknight|7/100|[from] item: Leftovers
|upkeep
|turn|31
|
|t:|1759028364
|move|p2a: Kingambit|Sucker Punch||[still]
|-fail|p2a: Kingambit
|move|p1a: Corviknight|Roost|p1a: Corviknight
|-heal|p1a: Corviknight|57/100
|-singleturn|p1a: Corviknight|move: Roost
|
|-heal|p1a: Corviknight|64/100|[from] item: Leftovers
|upkeep
|turn|32
|
|t:|1759028371
|move|p2a: Kingambit|Sucker Punch|p1a: Corviknight
|-damage|p1a: Corviknight|19/100
|move|p1a: Corviknight|Body Press|p2a: Kingambit
|-supereffective|p2a: Kingambit
|-crit|p2a: Kingambit
|-damage|p2a: Kingambit|0 fnt
|faint|p2a: Kingambit
|-end|p2a: Kingambit|fallen4|[silent]
|
|-heal|p1a: Corviknight|26/100|[from] item: Leftovers
|upkeep
|
|t:|1759028379
|switch|p2a: Mimikyu|Mimikyu-Busted, F|53/100
|-damage|p2a: Mimikyu|41/100|[from] Stealth Rock
|turn|33
|
|t:|1759028398
|move|p2a: Mimikyu|Play Rough|p1a: Corviknight
|-resisted|p1a: Corviknight
|-damage|p1a: Corviknight|12/100
|-damage|p2a: Mimikyu|31/100|[from] item: Life Orb
|move|p1a: Corviknight|Roost|p1a: Corviknight
|-heal|p1a: Corviknight|62/100
|-singleturn|p1a: Corviknight|move: Roost
|
|-heal|p1a: Corviknight|68/100|[from] item: Leftovers
|upkeep
|turn|34
|
|t:|1759028407
|move|p2a: Mimikyu|Shadow Sneak|p1a: Corviknight
|-damage|p1a: Corviknight|55/100
|-damage|p2a: Mimikyu|21/100|[from] item: Life Orb
|move|p1a: Corviknight|U-turn|p2a: Mimikyu
|-resisted|p2a: Mimikyu
|-damage|p2a: Mimikyu|16/100
|
|-heal|p1a: Corviknight|61/100|[from] item: Leftovers
|upkeep
|turn|35
|
|t:|1759028415
|move|p2a: Mimikyu|Drain Punch|p1a: Corviknight
|-damage|p1a: Corviknight|46/100
|-heal|p2a: Mimikyu|28/100|[from] drain|[of] p1a: Corviknight
|-damage|p2a: Mimikyu|18/100|[from] item: Life Orb
|move|p1a: Corviknight|U-turn|p2a: Mimikyu
|-resisted|p2a: Mimikyu
|-damage|p2a: Mimikyu|12/100
|
|-heal|p1a: Corviknight|53/100|[from] item: Leftovers
|upkeep
|turn|36
|
|t:|1759028424
|move|p2a: Mimikyu|Drain Punch|p1a: Corviknight
|-damage|p1a: Corviknight|36/100
|-heal|p2a: Mimikyu|25/100|[from] drain|[of] p1a: Corviknight
|-damage|p2a: Mimikyu|15/100|[from] item: Life Orb
|move|p1a: Corviknight|U-turn|p2a: Mimikyu
|-resisted|p2a: Mimikyu
|-damage|p2a: Mimikyu|9/100
|
|-heal|p1a: Corviknight|42/100|[from] item: Leftovers
|upkeep
|turn|37
|
|t:|1759028435
|-terastallize|p2a: Mimikyu|Poison
|move|p2a: Mimikyu|Drain Punch|p1a: Corviknight
|-damage|p1a: Corviknight|25/100
|-heal|p2a: Mimikyu|23/100|[from] drain|[of] p1a: Corviknight
|-damage|p2a: Mimikyu|13/100|[from] item: Life Orb
|move|p1a: Corviknight|Roost|p1a: Corviknight
|-heal|p1a: Corviknight|75/100
|-singleturn|p1a: Corviknight|move: Roost
|
|-heal|p1a: Corviknight|82/100|[from] item: Leftovers
|upkeep
|turn|38
|
|t:|1759028446
|move|p2a: Mimikyu|Drain Punch|p1a: Corviknight
|-damage|p1a: Corviknight|67/100
|-heal|p2a: Mimikyu|25/100|[from] drain|[of] p1a: Corviknight
|-damage|p2a: Mimikyu|15/100|[from] item: Life Orb
|move|p1a: Corviknight|Body Press|p2a: Mimikyu
|-resisted|p2a: Mimikyu
|-damage|p2a: Mimikyu|0 fnt
|faint|p2a: Mimikyu
|
|win|NMZS Antilope
|raw|NMZS Antilope's rating: 1130 &rarr; <strong>1156</strong><br />(+26 for winning)
|raw|TheJest0's rating: 1145 &rarr; <strong>1119</strong><br />(-26 for losing)
|c|☆TheJest0|gg
|l|☆NMZS Antilope
|player|p1|
