|j|☆kickyaall
|j|☆36hpdc
|t:|1758969811
|gametype|singles
|player|p1|kickyaall|alder|1258
|player|p2|36hpdc|101|1225
|gen|9
|tier|[Gen 9] OU
|rated|
|rule|HP Percentage Mod: HP is shown in percentages
|rule|Endless Battle Clause: Forcing endless battles is banned
|rule|Species Clause: Limit one of each Pokémon
|rule|OHKO Clause: OHKO moves are banned
|rule|Evasion Items Clause: Evasion items are banned
|rule|Evasion Moves Clause: Evasion moves are banned
|rule|Evasion Abilities Clause: Evasion abilities are banned
|rule|Sleep Moves Clause: Sleep-inducing moves are banned
|clearpoke
|poke|p1|Espeon, F|
|poke|p1|Kingambit, M|
|poke|p1|Darkrai|
|poke|p1|Milotic, F|
|poke|p1|Garchomp, M|
|poke|p1|Tyranitar, M|
|poke|p2|Dusclops, M|
|poke|p2|Klefki, M|
|poke|p2|Conkeldurr, F|
|poke|p2|Ursaluna, M|
|poke|p2|Kingdra, M|
|poke|p2|Politoed, M|
|teampreview
|inactive|Battle timer is ON: inactive players will automatically lose when time's up. (requested by kickyaall)
|
|t:|1758969826
|teamsize|p1|6
|teamsize|p2|6
|start
|switch|p1a: Garchomp|Garchomp, M|100/100
|switch|p2a: Klefki|Klefki, M|100/100
|turn|1
|
|t:|1758969843
|move|p2a: Klefki|Switcheroo|p1a: Garchomp
|-activate|p2a: Klefki|move: Trick|[of] p1a: Garchomp
|-item|p1a: Garchomp|Choice Scarf|[from] move: Switcheroo
|-item|p2a: Klefki|Rocky Helmet|[from] move: Switcheroo
|move|p1a: Garchomp|Earthquake|p2a: Klefki
|-supereffective|p2a: Klefki
|-damage|p2a: Klefki|8/100
|
|upkeep
|turn|2
|
|t:|1758969851
|move|p2a: Klefki|Magnet Rise|p2a: Klefki
|-start|p2a: Klefki|Magnet Rise
|move|p1a: Garchomp|Earthquake|p2a: Klefki
|-immune|p2a: Klefki
|
|upkeep
|turn|3
|
|t:|1758969879
|switch|p1a: Espeon|Espeon, F, shiny|100/100
|switch|p2a: Ursaluna|Ursaluna, M|100/100
|
|-status|p2a: Ursaluna|brn|[from] item: Flame Orb
|upkeep
|turn|4
|
|t:|1758969891
|move|p1a: Espeon|Grass Knot|p2a: Ursaluna
|-supereffective|p2a: Ursaluna
|-damage|p2a: Ursaluna|43/100 brn
|move|p2a: Ursaluna|Ice Punch|p1a: Espeon
|-damage|p1a: Espeon|24/100
|-status|p1a: Espeon|frz
|
|-damage|p2a: Ursaluna|37/100 brn|[from] brn
|upkeep
|turn|5
|
|t:|1758969901
|cant|p1a: Espeon|frz
|move|p2a: Ursaluna|Earthquake|p1a: Espeon
|-damage|p1a: Espeon|0 fnt
|faint|p1a: Espeon
|
|-damage|p2a: Ursaluna|30/100 brn|[from] brn
|upkeep
|
|t:|1758969914
|switch|p1a: Garchomp|Garchomp, M|100/100
|turn|6
|
|t:|1758969933
|switch|p2a: Klefki|Klefki, M|8/100
|move|p1a: Garchomp|Stealth Rock|p2a: Klefki
|-sidestart|p2: 36hpdc|move: Stealth Rock
|
|upkeep
|turn|7
|inactive|kickyaall has 120 seconds left.
|
|t:|1758969961
|switch|p1a: Tyranitar|Tyranitar, M, shiny|100/100
|-weather|Sandstorm|[from] ability: Sand Stream|[of] p1a: Tyranitar
|move|p2a: Klefki|Spikes|p1a: Tyranitar
|-sidestart|p1: kickyaall|Spikes
|
|-weather|Sandstorm|[upkeep]
|upkeep
|turn|8
|inactive|kickyaall has 120 seconds left.
|
|t:|1758969972
|move|p2a: Klefki|Spikes|p1a: Tyranitar
|-sidestart|p1: kickyaall|Spikes
|move|p1a: Tyranitar|Dragon Dance|p1a: Tyranitar
|-boost|p1a: Tyranitar|atk|1
|-boost|p1a: Tyranitar|spe|1
|
|-weather|Sandstorm|[upkeep]
|upkeep
|turn|9
|
|t:|1758969979
|move|p2a: Klefki|Spikes|p1a: Tyranitar
|-sidestart|p1: kickyaall|Spikes
|move|p1a: Tyranitar|Dragon Dance|p1a: Tyranitar
|-boost|p1a: Tyranitar|atk|1
|-boost|p1a: Tyranitar|spe|1
|
|-weather|Sandstorm|[upkeep]
|upkeep
|turn|10
|
|t:|1758969988
|move|p2a: Klefki|Switcheroo|p1a: Tyranitar
|-hint|Since gen 7, Dark is immune to Prankster moves.
|-immune|p1a: Tyranitar
|move|p1a: Tyranitar|Dragon Dance|p1a: Tyranitar
|-boost|p1a: Tyranitar|atk|1
|-boost|p1a: Tyranitar|spe|1
|
|-weather|Sandstorm|[upkeep]
|upkeep
|turn|11
|
|t:|1758970010
|switch|p2a: Politoed|Politoed, M|100/100
|-damage|p2a: Politoed|88/100|[from] Stealth Rock
|-weather|RainDance|[from] ability: Drizzle|[of] p2a: Politoed
|move|p1a: Tyranitar|Earthquake|p2a: Politoed
|-damage|p2a: Politoed|6/100
|
|-weather|RainDance|[upkeep]
|upkeep
|turn|12
|
|t:|1758970020
|move|p1a: Tyranitar|Earthquake|p2a: Politoed
|-damage|p2a: Politoed|0 fnt
|faint|p2a: Politoed
|
|-weather|RainDance|[upkeep]
|upkeep
|
|t:|1758970027
|switch|p2a: Kingdra|Kingdra, M|100/100
|-damage|p2a: Kingdra|88/100|[from] Stealth Rock
|turn|13
|
|t:|1758970036
|switch|p1a: Milotic|Milotic, F, shiny|100/100
|-damage|p1a: Milotic|76/100|[from] Spikes
|-terastallize|p2a: Kingdra|Water
|move|p2a: Kingdra|Weather Ball|p1a: Milotic
|-resisted|p1a: Milotic
|-damage|p1a: Milotic|35/100
|-damage|p2a: Kingdra|78/100|[from] item: Life Orb
|
|-weather|RainDance|[upkeep]
|-status|p1a: Milotic|brn|[from] item: Flame Orb
|upkeep
|turn|14
|
|t:|1758970050
|move|p2a: Kingdra|Weather Ball|p1a: Milotic
|-resisted|p1a: Milotic
|-damage|p1a: Milotic|0 fnt
|faint|p1a: Milotic
|-damage|p2a: Kingdra|68/100|[from] item: Life Orb
|
|-weather|RainDance|[upkeep]
|upkeep
|
|t:|1758970054
|switch|p1a: Tyranitar|Tyranitar, M, shiny|100/100
|-damage|p1a: Tyranitar|76/100|[from] Spikes
|-weather|Sandstorm|[from] ability: Sand Stream|[of] p1a: Tyranitar
|turn|15
|
|t:|1758970064
|move|p2a: Kingdra|Ice Beam|p1a: Tyranitar
|-damage|p1a: Tyranitar|59/100
|-damage|p2a: Kingdra|58/100|[from] item: Life Orb
|move|p1a: Tyranitar|Dragon Dance|p1a: Tyranitar
|-boost|p1a: Tyranitar|atk|1
|-boost|p1a: Tyranitar|spe|1
|
|-weather|Sandstorm|[upkeep]
|-damage|p2a: Kingdra|52/100|[from] Sandstorm
|-heal|p1a: Tyranitar|65/100|[from] item: Leftovers
|upkeep
|turn|16
|
|t:|1758970075
|switch|p2a: Klefki|Klefki, M|8/100
|-damage|p2a: Klefki|2/100|[from] Stealth Rock
|move|p1a: Tyranitar|Dragon Dance|p1a: Tyranitar
|-boost|p1a: Tyranitar|atk|1
|-boost|p1a: Tyranitar|spe|1
|
|-weather|Sandstorm|[upkeep]
|-heal|p1a: Tyranitar|72/100|[from] item: Leftovers
|upkeep
|turn|17
|
|t:|1758970093
|switch|p2a: Conkeldurr|Conkeldurr, F|100/100
|-damage|p2a: Conkeldurr|94/100|[from] Stealth Rock
|move|p1a: Tyranitar|Earthquake|p2a: Conkeldurr
|-damage|p2a: Conkeldurr|46/100
|
|-weather|Sandstorm|[upkeep]
|-damage|p2a: Conkeldurr|40/100|[from] Sandstorm
|-heal|p1a: Tyranitar|78/100|[from] item: Leftovers
|-status|p2a: Conkeldurr|brn|[from] item: Flame Orb
|upkeep
|turn|18
|
|t:|1758970105
|-terastallize|p1a: Tyranitar|Poison
|move|p2a: Conkeldurr|Mach Punch|p1a: Tyranitar
|-resisted|p1a: Tyranitar
|-damage|p1a: Tyranitar|63/100
|move|p1a: Tyranitar|Earthquake|p2a: Conkeldurr
|-crit|p2a: Conkeldurr
|-damage|p2a: Conkeldurr|0 fnt
|faint|p2a: Conkeldurr
|
|-weather|Sandstorm|[upkeep]
|-damage|p1a: Tyranitar|57/100|[from] Sandstorm
|-heal|p1a: Tyranitar|63/100|[from] item: Leftovers
|upkeep
|
|t:|1758970118
|switch|p2a: Dusclops|Dusclops, M|100/100
|-damage|p2a: Dusclops|88/100|[from] Stealth Rock
|-item|p1a: Tyranitar|Leftovers|[from] ability: Frisk|[of] p2a: Dusclops
|turn|19
|
|t:|1758970124
|move|p1a: Tyranitar|Earthquake|p2a: Dusclops
|-damage|p2a: Dusclops|58/100
|move|p2a: Dusclops|Trick Room|p2a: Dusclops
|-fieldstart|move: Trick Room|[of] p2a: Dusclops
|
|-weather|none
|-heal|p1a: Tyranitar|69/100|[from] item: Leftovers
|upkeep
|turn|20
|
|t:|1758970138
|move|p2a: Dusclops|Will-O-Wisp|p1a: Tyranitar
|-status|p1a: Tyranitar|brn
|move|p1a: Tyranitar|Earthquake|p2a: Dusclops
|-damage|p2a: Dusclops|42/100
|
|-heal|p1a: Tyranitar|75/100 brn|[from] item: Leftovers
|-damage|p1a: Tyranitar|69/100 brn|[from] brn
|upkeep
|turn|21
|
|t:|1758970149
|move|p2a: Dusclops|Pain Split|p1a: Tyranitar
|-sethp|p1a: Tyranitar|50/100 brn|[from] move: Pain Split|[silent]
|-sethp|p2a: Dusclops|66/100|[from] move: Pain Split
|move|p1a: Tyranitar|Earthquake|p2a: Dusclops
|-crit|p2a: Dusclops
|-damage|p2a: Dusclops|42/100
|
|-heal|p1a: Tyranitar|57/100 brn|[from] item: Leftovers
|-damage|p1a: Tyranitar|50/100 brn|[from] brn
|upkeep
|turn|22
|
|t:|1758970164
|switch|p2a: Ursaluna|Ursaluna, M|30/100 brn
|-damage|p2a: Ursaluna|24/100 brn|[from] Stealth Rock
|switch|p1a: Darkrai|Darkrai, shiny|100/100
|-damage|p1a: Darkrai|76/100|[from] Spikes
|
|-damage|p2a: Ursaluna|18/100 brn|[from] brn
|upkeep
|turn|23
|
|t:|1758970179
|move|p2a: Ursaluna|Earthquake|p1a: Darkrai
|-damage|p1a: Darkrai|0 fnt
|faint|p1a: Darkrai
|
|-damage|p2a: Ursaluna|12/100 brn|[from] brn
|-fieldend|move: Trick Room
|upkeep
|-message|36hpdc forfeited.
|
|win|kickyaall
|raw|kickyaall's rating: 1258 &rarr; <strong>1281</strong><br />(+23 for winning)
|raw|36hpdc's rating: 1225 &rarr; <strong>1202</strong><br />(-23 for losing)
|l|☆36hpdc
|player|p2|
|l|☆kickyaall
|player|p1|
