|badge|p2|bronze|gen9randombattle|100-6
|uhtml|medal-msg|<div class="broadcast-blue">Curious what those medals under the avatar are? PS now has Ladder Seasons! For more information, check out the <a href="https://www.smogon.com/forums/threads/3740067/">thread on Smogon.</a></div>
|j|☆20 Million GXE
|j|☆portobellomushroom
|t:|1759035777
|gametype|singles
|player|p1|20 Million GXE|266|
|player|p2|portobellomushroom|turo-ai|
|gen|9
|tier|[Gen 9] OU
|rule|HP Percentage Mod: HP is shown in percentages
|rule|Endless Battle Clause: Forcing endless battles is banned
|rule|Species Clause: Limit one of each Pokémon
|rule|OHKO Clause: OHKO moves are banned
|rule|Evasion Items Clause: Evasion items are banned
|rule|Evasion Moves Clause: Evasion moves are banned
|rule|Evasion Abilities Clause: Evasion abilities are banned
|rule|Sleep Moves Clause: Sleep-inducing moves are banned
|clearpoke
|poke|p1|Weavile, F|
|poke|p1|Great Tusk|
|poke|p2|Alomomola, M|
|poke|p2|Corviknight, M|
|teampreview
|inactive|Battle timer is ON: inactive players will automatically lose when time's up. (requested by portobellomushroom)
|
|t:|1759035783
|teamsize|p1|2
|teamsize|p2|2
|start
|switch|p1a: PLEASE|Weavile, F|100/100
|switch|p2a: alomomomaomo|Alomomola, M|100/100
|-ability|p1a: PLEASE|Pressure
|turn|1
|
|t:|1759035788
|move|p1a: PLEASE|Swords Dance|p1a: PLEASE
|-boost|p1a: PLEASE|atk|2
|move|p2a: alomomomaomo|Scald|p1a: PLEASE
|-damage|p1a: PLEASE|82/100
|-status|p1a: PLEASE|brn
|
|-damage|p1a: PLEASE|76/100 brn|[from] brn
|upkeep
|turn|2
|
|t:|1759035794
|move|p1a: PLEASE|Knock Off|p2a: alomomomaomo
|-damage|p2a: alomomomaomo|77/100
|-enditem|p2a: alomomomaomo|Heavy-Duty Boots|[from] move: Knock Off|[of] p1a: PLEASE
|move|p2a: alomomomaomo|Scald|p1a: PLEASE
|-damage|p1a: PLEASE|58/100 brn
|
|-damage|p1a: PLEASE|52/100 brn|[from] brn
|upkeep
|turn|3
|
|t:|1759035807
|move|p1a: PLEASE|Knock Off|p2a: alomomomaomo
|-crit|p2a: alomomomaomo
|-damage|p2a: alomomomaomo|52/100
|move|p2a: alomomomaomo|Scald|p1a: PLEASE
|-damage|p1a: PLEASE|34/100 brn
|
|-damage|p1a: PLEASE|28/100 brn|[from] brn
|upkeep
|turn|4
|
|t:|1759035815
|move|p1a: PLEASE|Knock Off|p2a: alomomomaomo
|-damage|p2a: alomomomaomo|36/100
|move|p2a: alomomomaomo|Wish|p2a: alomomomaomo
|
|-damage|p1a: PLEASE|21/100 brn|[from] brn
|upkeep
|turn|5
|
|t:|1759035825
|move|p1a: PLEASE|Swords Dance|p1a: PLEASE
|-boost|p1a: PLEASE|atk|2
|move|p2a: alomomomaomo|Scald|p1a: PLEASE
|-damage|p1a: PLEASE|1/100 brn
|
|-heal|p2a: alomomomaomo|86/100|[from] move: Wish|[wisher] alomomomaomo
|-damage|p1a: PLEASE|0 fnt|[from] brn
|faint|p1a: PLEASE
|upkeep
|
|t:|1759035835
|switch|p1a: mola victim|Great Tusk|100/100
|turn|6
|
|t:|1759035840
|move|p1a: mola victim|Bulk Up|p1a: mola victim
|-boost|p1a: mola victim|atk|1
|-boost|p1a: mola victim|def|1
|move|p2a: alomomomaomo|Scald|p1a: mola victim
|-supereffective|p1a: mola victim
|-damage|p1a: mola victim|60/100
|-status|p1a: mola victim|brn
|
|-heal|p1a: mola victim|66/100 brn|[from] item: Leftovers
|-damage|p1a: mola victim|60/100 brn|[from] brn
|upkeep
|turn|7
|
|t:|1759035847
|move|p1a: mola victim|Headlong Rush|p2a: alomomomaomo
|-crit|p2a: alomomomaomo
|-damage|p2a: alomomomaomo|50/100
|-unboost|p1a: mola victim|def|1
|-unboost|p1a: mola victim|spd|1
|move|p2a: alomomomaomo|Scald|p1a: mola victim
|-supereffective|p1a: mola victim
|-damage|p1a: mola victim|0 fnt
|faint|p1a: mola victim
|-end|p1a: mola victim|Protosynthesis|[silent]
|
|win|portobellomushroom
|l|☆20 Million GXE
|player|p1|
