|j|☆Gigachadium Z
|j|☆PepeNike
|t:|1759032930
|gametype|singles
|player|p1|Gigachadium Z|170|1450
|player|p2|PepeNike|265|1502
|gen|9
|tier|[Gen 9] OU
|rated|
|rule|HP Percentage Mod: HP is shown in percentages
|rule|Endless Battle Clause: Forcing endless battles is banned
|rule|Species Clause: Limit one of each Pokémon
|rule|OHKO Clause: OHKO moves are banned
|rule|Evasion Items Clause: Evasion items are banned
|rule|Evasion Moves Clause: Evasion moves are banned
|rule|Evasion Abilities Clause: Evasion abilities are banned
|rule|Sleep Moves Clause: Sleep-inducing moves are banned
|clearpoke
|poke|p1|Gliscor, M|
|poke|p1|Gholdengo|
|poke|p1|Rillaboom, M|
|poke|p1|Great Tusk|
|poke|p1|Samurott-Hisui, M|
|poke|p1|Fezandipiti, M|
|poke|p2|Glimmora, M|
|poke|p2|Dragapult, F|
|poke|p2|Gholdengo|
|poke|p2|Weavile, F|
|poke|p2|Dragonite, F|
|poke|p2|Greninja-*, M|
|teampreview
|inactive|Battle timer is ON: inactive players will automatically lose when time's up. (requested by PepeNike)
|inactive|PepeNike has 120 seconds left.
|
|t:|1759032978
|teamsize|p1|6
|teamsize|p2|6
|start
|switch|p1a: Belmont|Gholdengo|100/100
|switch|p2a: Glimmora|Glimmora, M|100/100
|turn|1
|
|t:|1759032990
|move|p1a: Belmont|Make It Rain|p2a: Glimmora
|-supereffective|p2a: Glimmora
|-enditem|p2a: Glimmora|Focus Sash
|-damage|p2a: Glimmora|1/100
|-unboost|p1a: Belmont|spa|1
|move|p2a: Glimmora|Stealth Rock|p1a: Belmont
|-sidestart|p1: Gigachadium Z|move: Stealth Rock
|
|upkeep
|turn|2
|
|t:|1759033008
|switch|p1a: Great Anthony|Great Tusk|100/100
|switch|p2a: Dragonite|Dragonite, F|100/100
|
|upkeep
|turn|3
|
|t:|1759033015
|switch|p2a: Gholdengo|Gholdengo|100/100
|-item|p2a: Gholdengo|Air Balloon
|move|p1a: Great Anthony|Ice Spinner|p2a: Gholdengo
|-resisted|p2a: Gholdengo
|-damage|p2a: Gholdengo|92/100
|-enditem|p2a: Gholdengo|Air Balloon
|
|upkeep
|turn|4
|
|t:|1759033033
|move|p1a: Great Anthony|Headlong Rush|p2a: Gholdengo
|-supereffective|p2a: Gholdengo
|-damage|p2a: Gholdengo|8/100
|-unboost|p1a: Great Anthony|def|1
|-unboost|p1a: Great Anthony|spd|1
|move|p2a: Gholdengo|Make It Rain|p1a: Great Anthony
|-damage|p1a: Great Anthony|0 fnt
|-unboost|p2a: Gholdengo|spa|1
|faint|p1a: Great Anthony
|-end|p1a: Great Anthony|Protosynthesis|[silent]
|
|upkeep
|
|t:|1759033050
|switch|p1a: Whitebeard|Samurott-Hisui, M|100/100
|-damage|p1a: Whitebeard|88/100|[from] Stealth Rock
|turn|5
|
|t:|1759033068
|move|p1a: Whitebeard|Ceaseless Edge|p2a: Gholdengo
|-supereffective|p2a: Gholdengo
|-damage|p2a: Gholdengo|0 fnt
|-sidestart|p2: PepeNike|Spikes
|faint|p2a: Gholdengo
|
|upkeep
|
|t:|1759033076
|switch|p2a: Weavile|Weavile, F|100/100
|turn|6
|
|t:|1759033082
|switch|p1a: Fezant|Fezandipiti, M|100/100
|move|p2a: Weavile|Swords Dance|p2a: Weavile
|-boost|p2a: Weavile|atk|2
|
|upkeep
|turn|7
|
|t:|1759033089
|-terastallize|p2a: Weavile|Ice
|move|p2a: Weavile|Triple Axel|p1a: Fezant
|-damage|p1a: Fezant|74/100
|-damage|p1a: Fezant|20/100
|-damage|p1a: Fezant|0 fnt
|faint|p1a: Fezant
|-hitcount|p1: Fezant|3
|
|upkeep
|
|t:|1759033094
|switch|p1a: Harambe|Rillaboom, M|100/100
|-damage|p1a: Harambe|88/100|[from] Stealth Rock
|-fieldstart|move: Grassy Terrain|[from] ability: Grassy Surge|[of] p1a: Harambe
|turn|8
|
|t:|1759033101
|-terastallize|p1a: Harambe|Grass
|move|p2a: Weavile|Ice Shard|p1a: Harambe
|-supereffective|p1a: Harambe
|-damage|p1a: Harambe|0 fnt
|faint|p1a: Harambe
|
|upkeep
|
|t:|1759033103
|switch|p1a: Whitebeard|Samurott-Hisui, M|88/100
|-damage|p1a: Whitebeard|76/100|[from] Stealth Rock
|turn|9
|
|t:|1759033105
|move|p1a: Whitebeard|Sucker Punch|p2a: Weavile
|-damage|p2a: Weavile|48/100
|move|p2a: Weavile|Triple Axel|p1a: Whitebeard
|-resisted|p1a: Whitebeard
|-damage|p1a: Whitebeard|61/100
|-resisted|p1a: Whitebeard
|-damage|p1a: Whitebeard|32/100
|-resisted|p1a: Whitebeard
|-damage|p1a: Whitebeard|0 fnt
|faint|p1a: Whitebeard
|-hitcount|p1: Whitebeard|3
|
|-heal|p2a: Weavile|54/100|[from] Grassy Terrain
|upkeep
|-message|Gigachadium Z forfeited.
|
|win|PepeNike
|raw|Gigachadium Z's rating: 1450 &rarr; <strong>1433</strong><br />(-17 for losing)
|raw|PepeNike's rating: 1502 &rarr; <strong>1519</strong><br />(+17 for winning)
|l|☆PepeNike
|player|p2|
|l|☆Gigachadium Z
|player|p1|
