|j|☆Timmersu
|j|☆rqndvm
|t:|1758937753
|gametype|singles
|player|p1|Timmersu|kimonogirl|1301
|player|p2|rqndvm|cynthia|1246
|gen|9
|tier|[Gen 9] OU
|rated|
|rule|HP Percentage Mod: HP is shown in percentages
|rule|Endless Battle Clause: Forcing endless battles is banned
|rule|Species Clause: Limit one of each Pokémon
|rule|OHKO Clause: OHKO moves are banned
|rule|Evasion Items Clause: Evasion items are banned
|rule|Evasion Moves Clause: Evasion moves are banned
|rule|Evasion Abilities Clause: Evasion abilities are banned
|rule|Sleep Moves Clause: Sleep-inducing moves are banned
|clearpoke
|poke|p1|Tyranitar, M|
|poke|p1|Lycanroc, M|
|poke|p1|Houndstone, F|
|poke|p1|Gliscor, M|
|poke|p1|Great Tusk|
|poke|p1|Landorus-Therian, M|
|poke|p2|Pelipper, M|
|poke|p2|Quaquaval, M|
|poke|p2|Walking Wake|
|poke|p2|Haxorus, M|
|poke|p2|Kingambit, F|
|poke|p2|Dragapult, M|
|teampreview
|inactive|Battle timer is ON: inactive players will automatically lose when time's up. (requested by rqndvm)
|inactive|Timmersu also wants the timer to be on.
|
|t:|1758937765
|teamsize|p1|6
|teamsize|p2|6
|start
|switch|p1a: Tyranitar|Tyranitar, M|100/100
|switch|p2a: Pelipper|Pelipper, M|100/100
|-weather|RainDance|[from] ability: Drizzle|[of] p2a: Pelipper
|-weather|Sandstorm|[from] ability: Sand Stream|[of] p1a: Tyranitar
|turn|1
|c|☆rqndvm|wow
|
|t:|1758937788
|move|p2a: Pelipper|U-turn|p1a: Tyranitar
|-supereffective|p1a: Tyranitar
|-damage|p1a: Tyranitar|87/100
|
|t:|1758937789
|switch|p2a: Walking Wake|Walking Wake|100/100|[from] U-turn
|-enditem|p2a: Walking Wake|Booster Energy
|-activate|p2a: Walking Wake|ability: Protosynthesis|[fromitem]
|-start|p2a: Walking Wake|protosynthesisspe
|move|p1a: Tyranitar|Stealth Rock|p2a: Walking Wake
|-sidestart|p2: rqndvm|move: Stealth Rock
|
|-weather|Sandstorm|[upkeep]
|-damage|p2a: Walking Wake|94/100|[from] Sandstorm
|-heal|p1a: Tyranitar|93/100|[from] item: Leftovers
|upkeep
|turn|2
|
|t:|1758937807
|move|p2a: Walking Wake|Hydro Steam|p1a: Tyranitar
|-supereffective|p1a: Tyranitar
|-damage|p1a: Tyranitar|61/100
|move|p1a: Tyranitar|Ice Beam|p2a: Walking Wake
|-damage|p2a: Walking Wake|70/100
|
|-weather|Sandstorm|[upkeep]
|-damage|p2a: Walking Wake|63/100|[from] Sandstorm
|-heal|p1a: Tyranitar|67/100|[from] item: Leftovers
|upkeep
|turn|3
|
|t:|1758937816
|move|p2a: Walking Wake|Hydro Steam|p1a: Tyranitar
|-supereffective|p1a: Tyranitar
|-damage|p1a: Tyranitar|32/100
|move|p1a: Tyranitar|Roar|p2a: Walking Wake
|-end|p2a: Walking Wake|Protosynthesis|[silent]
|drag|p2a: Kingambit|Kingambit, F|100/100
|-damage|p2a: Kingambit|94/100|[from] Stealth Rock
|
|-weather|Sandstorm|[upkeep]
|-heal|p1a: Tyranitar|38/100|[from] item: Leftovers
|upkeep
|turn|4
|
|t:|1758937831
|move|p2a: Kingambit|Low Kick|p1a: Tyranitar
|-supereffective|p1a: Tyranitar
|-damage|p1a: Tyranitar|0 fnt
|faint|p1a: Tyranitar
|
|-weather|Sandstorm|[upkeep]
|upkeep
|
|t:|1758937840
|switch|p1a: Landorus|Landorus-Therian, M|100/100
|-ability|p1a: Landorus|Intimidate|boost
|-unboost|p2a: Kingambit|atk|1
|turn|5
|
|t:|1758937845
|-end|p2a: Kingambit|fallenundefined|[silent]
|switch|p2a: Pelipper|Pelipper, M|100/100
|-damage|p2a: Pelipper|75/100|[from] Stealth Rock
|-weather|RainDance|[from] ability: Drizzle|[of] p2a: Pelipper
|move|p1a: Landorus|U-turn|p2a: Pelipper
|-resisted|p2a: Pelipper
|-damage|p2a: Pelipper|68/100
|
|t:|1758937859
|switch|p1a: Gliscor|Gliscor, M|100/100|[from] U-turn
|
|-weather|RainDance|[upkeep]
|-status|p1a: Gliscor|tox|[from] item: Toxic Orb
|upkeep
|turn|6
|
|t:|1758937866
|move|p1a: Gliscor|Spikes|p2a: Pelipper
|-sidestart|p2: rqndvm|Spikes
|move|p2a: Pelipper|Tailwind|p2a: Pelipper
|-sidestart|p2: rqndvm|move: Tailwind
|
|-weather|RainDance|[upkeep]
|upkeep
|turn|7
|
|t:|1758937872
|move|p2a: Pelipper|Weather Ball|p1a: Gliscor
|-supereffective|p1a: Gliscor
|-damage|p1a: Gliscor|0 fnt
|faint|p1a: Gliscor
|
|-weather|RainDance|[upkeep]
|upkeep
|
|t:|1758937882
|switch|p1a: Houndstone|Houndstone, F|100/100
|turn|8
|
|t:|1758937891
|move|p2a: Pelipper|U-turn|p1a: Houndstone
|-resisted|p1a: Houndstone
|-damage|p1a: Houndstone|96/100
|
|t:|1758937893
|switch|p2a: Walking Wake|Walking Wake|63/100|[from] U-turn
|-damage|p2a: Walking Wake|51/100|[from] Stealth Rock
|-damage|p2a: Walking Wake|39/100|[from] Spikes
|move|p1a: Houndstone|Poltergeist||[still]
|-fail|p1a: Houndstone
|
|-weather|RainDance|[upkeep]
|upkeep
|turn|9
|
|t:|1758937902
|switch|p1a: Landorus|Landorus-Therian, M|100/100
|-ability|p1a: Landorus|Intimidate|boost
|-unboost|p2a: Walking Wake|atk|1
|move|p2a: Walking Wake|Weather Ball|p1a: Landorus
|-supereffective|p1a: Landorus
|-damage|p1a: Landorus|0 fnt
|faint|p1a: Landorus
|
|-weather|RainDance|[upkeep]
|-sideend|p2: rqndvm|move: Tailwind
|upkeep
|
|t:|1758937911
|switch|p1a: Houndstone|Houndstone, F|96/100
|turn|10
|
|t:|1758937914
|move|p2a: Walking Wake|Weather Ball|p1a: Houndstone
|-damage|p1a: Houndstone|0 fnt
|faint|p1a: Houndstone
|
|-weather|RainDance|[upkeep]
|upkeep
|
|t:|1758937920
|switch|p1a: Great Tusk|Great Tusk|100/100
|turn|11
|c|☆rqndvm|???
|
|t:|1758937928
|move|p2a: Walking Wake|Weather Ball|p1a: Great Tusk
|-supereffective|p1a: Great Tusk
|-damage|p1a: Great Tusk|0 fnt
|faint|p1a: Great Tusk
|-end|p1a: Great Tusk|Protosynthesis|[silent]
|
|-weather|RainDance|[upkeep]
|upkeep
|
|t:|1758937934
|switch|p1a: Lycanroc|Lycanroc, M|100/100
|turn|12
|
|t:|1758937944
|-terastallize|p1a: Lycanroc|Fighting
|-terastallize|p2a: Walking Wake|Water
|move|p1a: Lycanroc|Swords Dance|p1a: Lycanroc
|-boost|p1a: Lycanroc|atk|2
|move|p2a: Walking Wake|Weather Ball|p1a: Lycanroc
|-damage|p1a: Lycanroc|0 fnt
|faint|p1a: Lycanroc
|
|win|rqndvm
|raw|Timmersu's rating: 1301 &rarr; <strong>1278</strong><br />(-23 for losing)
|raw|rqndvm's rating: 1246 &rarr; <strong>1275</strong><br />(+29 for winning)
|l|☆rqndvm
|player|p2|
|l|☆Timmersu
|player|p1|
