|j|☆Otsdarva9
|j|☆Sungrace
|t:|1758985625
|gametype|singles
|player|p1|Otsdarva9|ghetsis-gen5bw|1288
|player|p2|Sungrace|swimmerf|1334
|gen|9
|tier|[Gen 9] OU
|rated|
|rule|HP Percentage Mod: HP is shown in percentages
|rule|Endless Battle Clause: Forcing endless battles is banned
|rule|Species Clause: Limit one of each Pokémon
|rule|OHKO Clause: OHKO moves are banned
|rule|Evasion Items Clause: Evasion items are banned
|rule|Evasion Moves Clause: Evasion moves are banned
|rule|Evasion Abilities Clause: Evasion abilities are banned
|rule|Sleep Moves Clause: Sleep-inducing moves are banned
|clearpoke
|poke|p1|Amoonguss, F|
|poke|p1|Garganacl, F|
|poke|p1|Corviknight, F|
|poke|p1|Iron Treads|
|poke|p1|Samurott-Hisui, M|
|poke|p1|Iron Valiant|
|poke|p2|Lilligant-Hisui, F|
|poke|p2|Ninetales, F|
|poke|p2|Florges-Yellow, F|
|poke|p2|Raging Bolt|
|poke|p2|Araquanid, F|
|poke|p2|Darkrai|
|teampreview
|
|t:|1758985639
|teamsize|p1|6
|teamsize|p2|6
|start
|switch|p1a: Garganacl|Garganacl, F|100/100
|switch|p2a: Darkrai|Darkrai, shiny|100/100
|turn|1
|inactive|Battle timer is ON: inactive players will automatically lose when time's up. (requested by Sungrace)
|
|t:|1758985646
|move|p2a: Darkrai|Trick|p1a: Garganacl
|-activate|p2a: Darkrai|move: Trick|[of] p1a: Garganacl
|-item|p1a: Garganacl|Choice Scarf|[from] move: Trick
|-item|p2a: Darkrai|Leftovers|[from] move: Trick
|move|p1a: Garganacl|Stealth Rock|p2a: Darkrai
|-sidestart|p2: Sungrace|move: Stealth Rock
|
|upkeep
|turn|2
|
|t:|1758985664
|switch|p1a: Corviknight|Corviknight, F|100/100
|-ability|p1a: Corviknight|Pressure
|move|p2a: Darkrai|Dark Pulse|p1a: Corviknight
|-damage|p1a: Corviknight|55/100
|
|upkeep
|turn|3
|
|t:|1758985688
|move|p2a: Darkrai|Dark Pulse|p1a: Corviknight
|-damage|p1a: Corviknight|8/100
|move|p1a: Corviknight|U-turn|p2a: Darkrai
|-supereffective|p2a: Darkrai
|-damage|p2a: Darkrai|60/100
|
|t:|1758985700
|switch|p1a: Samurott|Samurott-Hisui, M|100/100|[from] U-turn
|
|-heal|p2a: Darkrai|66/100|[from] item: Leftovers
|upkeep
|turn|4
|
|t:|1758985710
|switch|p2a: Surskit-Alola|Araquanid, F, shiny|100/100
|-damage|p2a: Surskit-Alola|76/100|[from] Stealth Rock
|move|p1a: Samurott|Aqua Cutter|p2a: Surskit-Alola
|-resisted|p2a: Surskit-Alola
|-damage|p2a: Surskit-Alola|36/100
|
|upkeep
|turn|5
|
|t:|1758985718
|move|p2a: Surskit-Alola|Endure|p2a: Surskit-Alola
|-singleturn|p2a: Surskit-Alola|move: Endure
|move|p1a: Samurott|Aqua Cutter|p2a: Surskit-Alola
|-resisted|p2a: Surskit-Alola
|-activate|p2a: Surskit-Alola|move: Endure
|-damage|p2a: Surskit-Alola|1/100
|
|upkeep
|turn|6
|-enditem|p2a: Surskit-Alola|Custap Berry|[eat]
|-activate|p2a: Surskit-Alola|item: Custap Berry|[consumed]
|
|t:|1758985725
|switch|p1a: Corviknight|Corviknight, F|8/100
|-ability|p1a: Corviknight|Pressure
|move|p2a: Surskit-Alola|Sticky Web|p1a: Corviknight
|-sidestart|p1: Otsdarva9|move: Sticky Web
|
|upkeep
|turn|7
|
|t:|1758985734
|move|p1a: Corviknight|U-turn|p2a: Surskit-Alola
|-damage|p2a: Surskit-Alola|0 fnt
|faint|p2a: Surskit-Alola
|
|t:|1758985740
|switch|p1a: Garganacl|Garganacl, F|100/100|[from] U-turn
|-activate|p1a: Garganacl|move: Sticky Web
|-unboost|p1a: Garganacl|spe|1
|
|upkeep
|
|t:|1758985746
|switch|p2a: Dawnbloom|Florges-Yellow, F, shiny|100/100
|-damage|p2a: Dawnbloom|88/100|[from] Stealth Rock
|turn|8
|
|t:|1758985752
|-terastallize|p2a: Dawnbloom|Grass
|move|p2a: Dawnbloom|Calm Mind|p2a: Dawnbloom
|-boost|p2a: Dawnbloom|spa|1
|-boost|p2a: Dawnbloom|spd|1
|move|p1a: Garganacl|Salt Cure|p2a: Dawnbloom
|-damage|p2a: Dawnbloom|74/100
|-start|p2a: Dawnbloom|Salt Cure
|
|-heal|p2a: Dawnbloom|81/100|[from] item: Leftovers
|-damage|p2a: Dawnbloom|68/100|[from] Salt Cure
|upkeep
|turn|9
|
|t:|1758985762
|switch|p1a: Amoonguss|Amoonguss, F|100/100
|move|p2a: Dawnbloom|Wish|p2a: Dawnbloom
|
|-heal|p2a: Dawnbloom|74/100|[from] item: Leftovers
|-damage|p2a: Dawnbloom|62/100|[from] Salt Cure
|upkeep
|turn|10
|
|t:|1758985777
|move|p2a: Dawnbloom|Calm Mind|p2a: Dawnbloom
|-boost|p2a: Dawnbloom|spa|1
|-boost|p2a: Dawnbloom|spd|1
|move|p1a: Amoonguss|Toxic|p2a: Dawnbloom
|-block|p2a: Dawnbloom|ability: Flower Veil|[of] p2a: Dawnbloom
|
|-heal|p2a: Dawnbloom|100/100|[from] move: Wish|[wisher] Dawnbloom
|-damage|p2a: Dawnbloom|88/100|[from] Salt Cure
|upkeep
|turn|11
|
|t:|1758985785
|move|p2a: Dawnbloom|Moonblast|p1a: Amoonguss
|-resisted|p1a: Amoonguss
|-damage|p1a: Amoonguss|64/100
|move|p1a: Amoonguss|Clear Smog|p2a: Dawnbloom
|-supereffective|p2a: Dawnbloom
|-damage|p2a: Dawnbloom|77/100
|-clearboost|p2a: Dawnbloom
|
|-heal|p2a: Dawnbloom|84/100|[from] item: Leftovers
|-damage|p2a: Dawnbloom|71/100|[from] Salt Cure
|upkeep
|turn|12
|c|☆Sungrace|!dt Flower Veil
|raw|<ul class="utilichart"><li class="result"><span class="col namecol"><a href="https://dex.pokemonshowdown.com/abilities/flowerveil">Flower Veil</a></span> <span class="col abilitydesccol">This side's Grass types can't have stats lowered or status inflicted by other Pokemon.</span> </li><li style="clear:both"></li></ul>
|raw|<font size="1"><font color="#686868">Gen:</font> 6&nbsp;|&ThickSpace;&#10003; Ignored by Mold Breaker</font>

|c|☆Sungrace|working as intended
|
|t:|1758985814
|move|p2a: Dawnbloom|Wish|p2a: Dawnbloom
|move|p1a: Amoonguss|Clear Smog|p2a: Dawnbloom
|-supereffective|p2a: Dawnbloom
|-damage|p2a: Dawnbloom|48/100
|-clearboost|p2a: Dawnbloom
|
|-heal|p2a: Dawnbloom|54/100|[from] item: Leftovers
|-damage|p2a: Dawnbloom|42/100|[from] Salt Cure
|upkeep
|turn|13
|c|☆Otsdarva9|true, that's a good pick
|
|t:|1758985839
|move|p2a: Dawnbloom|Moonblast|p1a: Amoonguss
|-resisted|p1a: Amoonguss
|-damage|p1a: Amoonguss|46/100
|move|p1a: Amoonguss|Clear Smog|p2a: Dawnbloom
|-supereffective|p2a: Dawnbloom
|-damage|p2a: Dawnbloom|20/100
|-clearboost|p2a: Dawnbloom
|
|-heal|p2a: Dawnbloom|70/100|[from] move: Wish|[wisher] Dawnbloom
|-heal|p2a: Dawnbloom|76/100|[from] item: Leftovers
|-damage|p2a: Dawnbloom|63/100|[from] Salt Cure
|upkeep
|turn|14
|
|t:|1758985850
|move|p2a: Dawnbloom|Wish|p2a: Dawnbloom
|move|p1a: Amoonguss|Clear Smog|p2a: Dawnbloom
|-supereffective|p2a: Dawnbloom
|-damage|p2a: Dawnbloom|41/100
|-clearboost|p2a: Dawnbloom
|
|-heal|p2a: Dawnbloom|48/100|[from] item: Leftovers
|-damage|p2a: Dawnbloom|35/100|[from] Salt Cure
|upkeep
|turn|15
|
|t:|1758985859
|move|p2a: Dawnbloom|Moonblast|p1a: Amoonguss
|-resisted|p1a: Amoonguss
|-damage|p1a: Amoonguss|28/100
|move|p1a: Amoonguss|Clear Smog|p2a: Dawnbloom
|-supereffective|p2a: Dawnbloom
|-damage|p2a: Dawnbloom|12/100
|-clearboost|p2a: Dawnbloom
|
|-heal|p2a: Dawnbloom|62/100|[from] move: Wish|[wisher] Dawnbloom
|-heal|p2a: Dawnbloom|68/100|[from] item: Leftovers
|-damage|p2a: Dawnbloom|56/100|[from] Salt Cure
|upkeep
|turn|16
|
|t:|1758985871
|switch|p1a: Iron Valiant|Iron Valiant|100/100
|-activate|p1a: Iron Valiant|move: Sticky Web
|-unboost|p1a: Iron Valiant|spe|1
|-enditem|p1a: Iron Valiant|Booster Energy
|-activate|p1a: Iron Valiant|ability: Quark Drive|[fromitem]
|-start|p1a: Iron Valiant|quarkdrivespa
|move|p2a: Dawnbloom|Wish|p2a: Dawnbloom
|
|-heal|p2a: Dawnbloom|62/100|[from] item: Leftovers
|-damage|p2a: Dawnbloom|49/100|[from] Salt Cure
|upkeep
|turn|17
|
|t:|1758985881
|move|p1a: Iron Valiant|Encore|p2a: Dawnbloom
|-start|p2a: Dawnbloom|Encore
|move|p2a: Dawnbloom|Wish||[still]
|-fail|p2a: Dawnbloom
|
|-heal|p2a: Dawnbloom|99/100|[from] move: Wish|[wisher] Dawnbloom
|-heal|p2a: Dawnbloom|100/100|[from] item: Leftovers
|-damage|p2a: Dawnbloom|88/100|[from] Salt Cure
|upkeep
|turn|18
|
|t:|1758985893
|switch|p2a: Angel|Ninetales, F, shiny|100/100
|-damage|p2a: Angel|76/100|[from] Stealth Rock
|-weather|SunnyDay|[from] ability: Drought|[of] p2a: Angel
|move|p1a: Iron Valiant|Close Combat|p2a: Angel
|-damage|p2a: Angel|0 fnt
|-unboost|p1a: Iron Valiant|def|1
|-unboost|p1a: Iron Valiant|spd|1
|faint|p2a: Angel
|
|-weather|SunnyDay|[upkeep]
|upkeep
|
|t:|1758985899
|switch|p2a: Cringing Gold|Raging Bolt|100/100
|-activate|p2a: Cringing Gold|ability: Protosynthesis
|-start|p2a: Cringing Gold|protosynthesisspa
|turn|19
|
|t:|1758985907
|-end|p1a: Iron Valiant|Quark Drive|[silent]
|switch|p1a: Iron Treads|Iron Treads|100/100
|-activate|p1a: Iron Treads|move: Sticky Web
|-unboost|p1a: Iron Treads|spe|1
|move|p2a: Cringing Gold|Dragon Pulse|p1a: Iron Treads
|-resisted|p1a: Iron Treads
|-damage|p1a: Iron Treads|82/100
|
|-weather|SunnyDay|[upkeep]
|upkeep
|turn|20
|
|t:|1758985931
|-end|p2a: Cringing Gold|Protosynthesis|[silent]
|switch|p2a: Lesbian|Lilligant-Hisui, F, shiny|100/100
|-damage|p2a: Lesbian|94/100|[from] Stealth Rock
|move|p1a: Iron Treads|Knock Off|p2a: Lesbian
|-resisted|p2a: Lesbian
|-damage|p2a: Lesbian|74/100
|-enditem|p2a: Lesbian|Life Orb|[from] move: Knock Off|[of] p1a: Iron Treads
|
|-weather|SunnyDay|[upkeep]
|upkeep
|turn|21
|inactive|Otsdarva9 has 120 seconds left.
|
|t:|1758985962
|-end|p1a: Iron Treads|Quark Drive|[silent]
|switch|p1a: Corviknight|Corviknight, F|8/100
|-ability|p1a: Corviknight|Pressure
|move|p2a: Lesbian|Solar Blade||[still]
|-prepare|p2a: Lesbian|Solar Blade
|-anim|p2a: Lesbian|Solar Blade|p1a: Corviknight
|-resisted|p1a: Corviknight
|-damage|p1a: Corviknight|0 fnt
|-damage|p2a: Lesbian|58/100|[from] item: Rocky Helmet|[of] p1a: Corviknight
|faint|p1a: Corviknight
|
|-weather|SunnyDay|[upkeep]
|upkeep
|inactive|Otsdarva9 has 120 seconds left.
|
|t:|1758985983
|switch|p1a: Garganacl|Garganacl, F|100/100
|-activate|p1a: Garganacl|move: Sticky Web
|-unboost|p1a: Garganacl|spe|1
|turn|22
|
|t:|1758985995
|move|p2a: Lesbian|Solar Blade||[still]
|-prepare|p2a: Lesbian|Solar Blade
|-anim|p2a: Lesbian|Solar Blade|p1a: Garganacl
|-supereffective|p1a: Garganacl
|-damage|p1a: Garganacl|23/100
|move|p1a: Garganacl|Salt Cure|p2a: Lesbian
|-resisted|p2a: Lesbian
|-damage|p2a: Lesbian|47/100
|-start|p2a: Lesbian|Salt Cure
|
|-weather|SunnyDay|[upkeep]
|-damage|p2a: Lesbian|35/100|[from] Salt Cure
|upkeep
|turn|23
|
|t:|1758986009
|switch|p2a: Dawnbloom|Florges-Yellow, F, shiny, tera:Grass|88/100
|-damage|p2a: Dawnbloom|75/100|[from] Stealth Rock
|switch|p1a: Amoonguss|Amoonguss, F|62/100
|
|-weather|SunnyDay|[upkeep]
|-heal|p2a: Dawnbloom|82/100|[from] item: Leftovers
|upkeep
|turn|24
|inactive|Otsdarva9 has 90 seconds left.
|
|t:|1758986061
|switch|p1a: Garganacl|Garganacl, F|23/100
|-activate|p1a: Garganacl|move: Sticky Web
|-unboost|p1a: Garganacl|spe|1
|move|p2a: Dawnbloom|Wish|p2a: Dawnbloom
|
|-weather|SunnyDay|[upkeep]
|-heal|p2a: Dawnbloom|88/100|[from] item: Leftovers
|upkeep
|turn|25
|c|☆Sungrace|idc this is ou, i like flower other flower and fox and I'll play them
|inactive|Sungrace has 120 seconds left.
|c|☆Sungrace|tho please fix flower veil smg
|
|t:|1758986098
|move|p2a: Dawnbloom|Protect|p2a: Dawnbloom
|-singleturn|p2a: Dawnbloom|Protect
|move|p1a: Garganacl|Salt Cure|p2a: Dawnbloom
|-activate|p2a: Dawnbloom|move: Protect
|
|-weather|none
|-heal|p2a: Dawnbloom|100/100|[from] move: Wish|[wisher] Dawnbloom
|upkeep
|turn|26
|inactive|Sungrace has 120 seconds left.
|
|t:|1758986107
|move|p2a: Dawnbloom|Moonblast|p1a: Garganacl
|-crit|p1a: Garganacl
|-damage|p1a: Garganacl|0 fnt
|faint|p1a: Garganacl
|
|upkeep
|
|t:|1758986114
|switch|p1a: Iron Valiant|Iron Valiant|100/100
|-activate|p1a: Iron Valiant|move: Sticky Web
|-unboost|p1a: Iron Valiant|spe|1
|turn|27
|
|t:|1758986123
|-terastallize|p1a: Iron Valiant|Steel
|move|p1a: Iron Valiant|Encore|p2a: Dawnbloom
|-start|p2a: Dawnbloom|Encore
|move|p2a: Dawnbloom|Moonblast|p1a: Iron Valiant
|-resisted|p1a: Iron Valiant
|-damage|p1a: Iron Valiant|61/100
|-unboost|p1a: Iron Valiant|spa|1
|
|upkeep
|turn|28
|
|t:|1758986131
|-end|p1a: Iron Valiant|Quark Drive|[silent]
|switch|p1a: Amoonguss|Amoonguss, F|95/100
|move|p2a: Dawnbloom|Moonblast|p1a: Amoonguss
|-resisted|p1a: Amoonguss
|-damage|p1a: Amoonguss|78/100
|
|upkeep
|turn|29
|inactive|Otsdarva9 has 90 seconds left.
|
|t:|1758986137
|move|p2a: Dawnbloom|Moonblast|p1a: Amoonguss
|-resisted|p1a: Amoonguss
|-damage|p1a: Amoonguss|62/100
|-unboost|p1a: Amoonguss|spa|1
|move|p1a: Amoonguss|Clear Smog|p2a: Dawnbloom
|-supereffective|p2a: Dawnbloom
|-damage|p2a: Dawnbloom|86/100
|-clearboost|p2a: Dawnbloom
|
|-heal|p2a: Dawnbloom|92/100|[from] item: Leftovers
|-end|p2a: Dawnbloom|Encore
|upkeep
|turn|30
|c|☆Otsdarva9|i think i choked
|inactive|Otsdarva9 has 90 seconds left.
|c|☆Otsdarva9|gg
|-message|Otsdarva9 forfeited.
|
|win|Sungrace
|raw|Otsdarva9's rating: 1288 &rarr; <strong>1266</strong><br />(-22 for losing)
|raw|Sungrace's rating: 1334 &rarr; <strong>1351</strong><br />(+17 for winning)
|c|☆Otsdarva9|florges is good
|c|☆Otsdarva9|im a believer
|l|☆Otsdarva9
|player|p1|
|c|☆Sungrace|yeah
|c|☆Sungrace|I still believe in it
