|badge|p2|bronze|gen9ou|100-6
|html|<div class="broadcast-red"><strong>This battle is required to be public due to one or more player having a season medal.</strong><br />During the public phase, you can discuss the state of the ladder <a href="/seasondiscussion">in a special chatroom.</a></div>
|uhtml|medal-msg|<div class="broadcast-blue">Curious what those medals under the avatar are? PS now has Ladder Seasons! For more information, check out the <a href="https://www.smogon.com/forums/threads/3740067/">thread on Smogon.</a></div>
|j|☆jamel1
|j|☆JackRG1
|t:|1759032255
|gametype|singles
|player|p1|jamel1|cyrus|1777
|player|p2|JackRG1|dawn-gen4pt|1870
|gen|9
|tier|[Gen 9] OU
|rated|
|rule|HP Percentage Mod: HP is shown in percentages
|rule|Endless Battle Clause: Forcing endless battles is banned
|rule|Species Clause: Limit one of each Pokémon
|rule|OHKO Clause: OHKO moves are banned
|rule|Evasion Items Clause: Evasion items are banned
|rule|Evasion Moves Clause: Evasion moves are banned
|rule|Evasion Abilities Clause: Evasion abilities are banned
|rule|Sleep Moves Clause: Sleep-inducing moves are banned
|clearpoke
|poke|p1|Sandaconda, F|
|poke|p1|Deoxys-Defense|
|poke|p1|Gyarados, M|
|poke|p1|Maushold|
|poke|p1|Serperior, F|
|poke|p1|Kommo-o, M|
|poke|p2|Weezing-Galar, F|
|poke|p2|Ting-Lu|
|poke|p2|Corviknight, M|
|poke|p2|Skeledirge, F|
|poke|p2|Dragapult, M|
|poke|p2|Ogerpon-Wellspring, F|
|teampreview
|inactive|Battle timer is ON: inactive players will automatically lose when time's up. (requested by JackRG1)
|
|t:|1759032266
|teamsize|p1|6
|teamsize|p2|6
|start
|switch|p1a: Sandaconda|Sandaconda, F|100/100
|switch|p2a: Dragapult|Dragapult, M|100/100
|turn|1
|
|t:|1759032268
|move|p2a: Dragapult|U-turn|p1a: Sandaconda
|-damage|p1a: Sandaconda|84/100
|
|t:|1759032270
|switch|p2a: Ting-Lu|Ting-Lu, shiny|100/100|[from] U-turn
|-ability|p2a: Ting-Lu|Vessel of Ruin
|move|p1a: Sandaconda|Glare|p2a: Ting-Lu
|-status|p2a: Ting-Lu|par
|
|upkeep
|turn|2
|
|t:|1759032274
|switch|p2a: Ogerpon|Ogerpon-Wellspring, F|100/100
|move|p1a: Sandaconda|Stealth Rock|p2a: Ogerpon
|-sidestart|p2: JackRG1|move: Stealth Rock
|
|upkeep
|turn|3
|
|t:|1759032276
|switch|p1a: Serperior|Serperior, F, shiny|100/100
|move|p2a: Ogerpon|Ivy Cudgel|p1a: Serperior|[anim] Ivy Cudgel Water
|-resisted|p1a: Serperior
|-damage|p1a: Serperior|66/100
|
|upkeep
|turn|4
|
|t:|1759032281
|switch|p2a: GAS.|Weezing-Galar, F|100/100
|-ability|p2a: GAS.|Neutralizing Gas
|move|p1a: Serperior|Reflect|p1a: Serperior
|-sidestart|p1: jamel1|Reflect
|
|upkeep
|turn|5
|
|t:|1759032283
|move|p1a: Serperior|Light Screen|p1a: Serperior
|-sidestart|p1: jamel1|move: Light Screen
|move|p2a: GAS.|Defog|p1a: Serperior
|-unboost|p1a: Serperior|evasion|1
|-sideend|p1: jamel1|Reflect
|-sideend|p1: jamel1|move: Light Screen
|-sideend|p2: JackRG1|Stealth Rock|[from] move: Defog|[of] p2a: GAS.
|
|upkeep
|turn|6
|
|t:|1759032286
|switch|p1a: Sandaconda|Sandaconda, F|84/100
|move|p2a: GAS.|Sludge Bomb|p1a: Sandaconda
|-resisted|p1a: Sandaconda
|-damage|p1a: Sandaconda|63/100
|
|upkeep
|turn|7
|
|t:|1759032290
|move|p1a: Sandaconda|Stealth Rock|p2a: GAS.
|-sidestart|p2: JackRG1|move: Stealth Rock
|move|p2a: GAS.|Will-O-Wisp|p1a: Sandaconda
|-status|p1a: Sandaconda|brn
|
|-damage|p1a: Sandaconda|57/100 brn|[from] brn
|upkeep
|turn|8
|
|t:|1759032295
|move|p1a: Sandaconda|Glare|p2a: GAS.
|-status|p2a: GAS.|par
|move|p2a: GAS.|Defog|p1a: Sandaconda
|-unboost|p1a: Sandaconda|evasion|1
|-sideend|p2: JackRG1|Stealth Rock|[from] move: Defog|[of] p2a: GAS.
|
|-damage|p1a: Sandaconda|51/100 brn|[from] brn
|upkeep
|turn|9
|
|t:|1759032300
|move|p1a: Sandaconda|Stealth Rock|p2a: GAS.
|-sidestart|p2: JackRG1|move: Stealth Rock
|move|p2a: GAS.|Sludge Bomb|p1a: Sandaconda
|-resisted|p1a: Sandaconda
|-damage|p1a: Sandaconda|29/100 brn
|
|-damage|p1a: Sandaconda|23/100 brn|[from] brn
|upkeep
|turn|10
|
|t:|1759032303
|move|p1a: Sandaconda|Earthquake|p2a: GAS.
|-supereffective|p2a: GAS.
|-damage|p2a: GAS.|71/100 par
|cant|p2a: GAS.|par
|
|-damage|p1a: Sandaconda|17/100 brn|[from] brn
|upkeep
|turn|11
|
|t:|1759032305
|move|p1a: Sandaconda|Earthquake|p2a: GAS.
|-supereffective|p2a: GAS.
|-damage|p2a: GAS.|39/100 par
|cant|p2a: GAS.|par
|
|-damage|p1a: Sandaconda|11/100 brn|[from] brn
|upkeep
|turn|12
|
|t:|1759032307
|move|p1a: Sandaconda|Earthquake|p2a: GAS.
|-supereffective|p2a: GAS.
|-damage|p2a: GAS.|10/100 par
|move|p2a: GAS.|Defog|p1a: Sandaconda
|-unboost|p1a: Sandaconda|evasion|1
|-sideend|p2: JackRG1|Stealth Rock|[from] move: Defog|[of] p2a: GAS.
|
|-damage|p1a: Sandaconda|5/100 brn|[from] brn
|upkeep
|turn|13
|
|t:|1759032310
|move|p1a: Sandaconda|Earthquake|p2a: GAS.
|-supereffective|p2a: GAS.
|-damage|p2a: GAS.|0 fnt
|faint|p2a: GAS.
|-end|p2a: GAS.|ability: Neutralizing Gas
|
|-damage|p1a: Sandaconda|0 fnt|[from] brn
|faint|p1a: Sandaconda
|upkeep
|
|t:|1759032315
|switch|p1a: Serperior|Serperior, F, shiny|66/100
|switch|p2a: Dragapult|Dragapult, M|100/100
|turn|14
|
|t:|1759032319
|move|p2a: Dragapult|Draco Meteor|p1a: Serperior
|-damage|p1a: Serperior|0 fnt
|-unboost|p2a: Dragapult|spa|2
|faint|p1a: Serperior
|
|upkeep
|
|t:|1759032334
|switch|p1a: Maushold|Maushold|100/100
|turn|15
|
|t:|1759032338
|switch|p2a: Ting-Lu|Ting-Lu, shiny|100/100 par
|-ability|p2a: Ting-Lu|Vessel of Ruin
|move|p1a: Maushold|Thunder Wave|p2a: Ting-Lu
|-immune|p2a: Ting-Lu
|
|upkeep
|turn|16
|
|t:|1759032340
|move|p1a: Maushold|Tidy Up|p1a: Maushold
|-boost|p1a: Maushold|atk|1
|-boost|p1a: Maushold|spe|1
|move|p2a: Ting-Lu|Earthquake|p1a: Maushold
|-damage|p1a: Maushold|63/100
|
|upkeep
|turn|17
|
|t:|1759032345
|switch|p2a: Corviknight|Corviknight, M|100/100
|-ability|p2a: Corviknight|Pressure
|move|p1a: Maushold|Population Bomb|p2a: Corviknight
|-resisted|p2a: Corviknight
|-damage|p2a: Corviknight|95/100
|-resisted|p2a: Corviknight
|-damage|p2a: Corviknight|91/100
|-resisted|p2a: Corviknight
|-damage|p2a: Corviknight|85/100
|-resisted|p2a: Corviknight
|-damage|p2a: Corviknight|80/100
|-resisted|p2a: Corviknight
|-damage|p2a: Corviknight|75/100
|-resisted|p2a: Corviknight
|-damage|p2a: Corviknight|70/100
|-resisted|p2a: Corviknight
|-damage|p2a: Corviknight|65/100
|-resisted|p2a: Corviknight
|-damage|p2a: Corviknight|60/100
|-resisted|p2a: Corviknight
|-damage|p2a: Corviknight|54/100
|-resisted|p2a: Corviknight
|-damage|p2a: Corviknight|49/100
|-hitcount|p2a: Corviknight|10
|
|upkeep
|turn|18
|
|t:|1759032347
|move|p1a: Maushold|Population Bomb|p2a: Corviknight
|-resisted|p2a: Corviknight
|-crit|p2a: Corviknight
|-damage|p2a: Corviknight|40/100
|-resisted|p2a: Corviknight
|-crit|p2a: Corviknight
|-damage|p2a: Corviknight|33/100
|-hitcount|p2a: Corviknight|2
|move|p2a: Corviknight|Body Press|p1a: Maushold
|-supereffective|p1a: Maushold
|-damage|p1a: Maushold|6/100
|
|upkeep
|turn|19
|
|t:|1759032350
|move|p1a: Maushold|Population Bomb|p2a: Corviknight
|-resisted|p2a: Corviknight
|-damage|p2a: Corviknight|27/100
|-resisted|p2a: Corviknight
|-damage|p2a: Corviknight|22/100
|-resisted|p2a: Corviknight
|-damage|p2a: Corviknight|16/100
|-resisted|p2a: Corviknight
|-damage|p2a: Corviknight|11/100
|-resisted|p2a: Corviknight
|-damage|p2a: Corviknight|6/100
|-resisted|p2a: Corviknight
|-damage|p2a: Corviknight|1/100
|-resisted|p2a: Corviknight
|-damage|p2a: Corviknight|0 fnt
|faint|p2a: Corviknight
|-hitcount|p2: Corviknight|7
|
|upkeep
|
|t:|1759032352
|switch|p2a: Skeledirge|Skeledirge, F|100/100
|turn|20
|
|t:|1759032354
|move|p1a: Maushold|Thunder Wave|p2a: Skeledirge
|-status|p2a: Skeledirge|par
|move|p2a: Skeledirge|Torch Song|p1a: Maushold
|-damage|p1a: Maushold|0 fnt
|-boost|p2a: Skeledirge|spa|1
|faint|p1a: Maushold
|
|upkeep
|
|t:|1759032359
|switch|p1a: Gyarados|Gyarados, M, shiny|100/100
|turn|21
|
|t:|1759032366
|switch|p1a: Kommo-o|Kommo-o, M|100/100
|switch|p2a: Ogerpon|Ogerpon-Wellspring, F|100/100
|
|upkeep
|turn|22
|
|t:|1759032371
|move|p2a: Ogerpon|Knock Off|p1a: Kommo-o
|-resisted|p1a: Kommo-o
|-crit|p1a: Kommo-o
|-damage|p1a: Kommo-o|75/100
|-enditem|p1a: Kommo-o|Salac Berry|[from] move: Knock Off|[of] p2a: Ogerpon
|move|p1a: Kommo-o|Belly Drum|p1a: Kommo-o
|-damage|p1a: Kommo-o|25/100
|-setboost|p1a: Kommo-o|atk|6|[from] move: Belly Drum
|
|upkeep
|turn|23
|
|t:|1759032375
|move|p2a: Ogerpon|Ivy Cudgel|p1a: Kommo-o|[anim] Ivy Cudgel Water
|-resisted|p1a: Kommo-o
|-damage|p1a: Kommo-o|0 fnt
|faint|p1a: Kommo-o
|
|upkeep
|
|t:|1759032378
|switch|p1a: Deoxys|Deoxys-Defense|100/100
|-ability|p1a: Deoxys|Pressure
|turn|24
|
|t:|1759032381
|move|p2a: Ogerpon|Knock Off|p1a: Deoxys
|-supereffective|p1a: Deoxys
|-damage|p1a: Deoxys|52/100
|-enditem|p1a: Deoxys|Weakness Policy
|-boost|p1a: Deoxys|atk|2|[from] item: Weakness Policy
|-boost|p1a: Deoxys|spa|2|[from] item: Weakness Policy
|move|p1a: Deoxys|Low Sweep|p2a: Ogerpon
|-damage|p2a: Ogerpon|75/100
|-unboost|p2a: Ogerpon|spe|1
|
|upkeep
|turn|25
|
|t:|1759032385
|move|p2a: Ogerpon|Ivy Cudgel|p1a: Deoxys|[anim] Ivy Cudgel Water
|-damage|p1a: Deoxys|17/100
|move|p1a: Deoxys|Recover|p1a: Deoxys
|-heal|p1a: Deoxys|67/100
|
|upkeep
|turn|26
|
|t:|1759032391
|switch|p2a: Dragapult|Dragapult, M|100/100
|move|p1a: Deoxys|Low Sweep|p2a: Dragapult
|-immune|p2a: Dragapult
|
|upkeep
|turn|27
|
|t:|1759032394
|-terastallize|p1a: Deoxys|Steel
|move|p2a: Dragapult|Shadow Ball|p1a: Deoxys
|-damage|p1a: Deoxys|30/100
|-unboost|p1a: Deoxys|spd|1
|move|p1a: Deoxys|Cosmic Power|p1a: Deoxys
|-boost|p1a: Deoxys|def|1
|-boost|p1a: Deoxys|spd|1
|
|upkeep
|turn|28
|
|t:|1759032399
|move|p2a: Dragapult|Shadow Ball|p1a: Deoxys
|-damage|p1a: Deoxys|0 fnt
|faint|p1a: Deoxys
|
|upkeep
|
|t:|1759032400
|switch|p1a: Gyarados|Gyarados, M, shiny|100/100
|turn|29
|
|t:|1759032403
|-terastallize|p2a: Dragapult|Ghost
|move|p2a: Dragapult|Shadow Ball|p1a: Gyarados
|-damage|p1a: Gyarados|34/100
|-unboost|p1a: Gyarados|spd|1
|move|p1a: Gyarados|Dragon Dance|p1a: Gyarados
|-boost|p1a: Gyarados|atk|1
|-boost|p1a: Gyarados|spe|1
|
|-heal|p1a: Gyarados|40/100|[from] item: Leftovers
|upkeep
|turn|30
|
|t:|1759032405
|move|p1a: Gyarados|Waterfall|p2a: Dragapult
|-damage|p2a: Dragapult|17/100
|move|p2a: Dragapult|Shadow Ball|p1a: Gyarados
|-damage|p1a: Gyarados|0 fnt
|faint|p1a: Gyarados
|
|win|JackRG1
|raw|jamel1's rating: 1777 &rarr; <strong>1762</strong><br />(-15 for losing)
|raw|JackRG1's rating: 1870 &rarr; <strong>1885</strong><br />(+15 for winning)
|l|☆jamel1
|player|p1|
|j| PrincessGardevoir
|l| PrincessGardevoir
|l|☆JackRG1
|player|p2|
