|badge|p2|bronze|gen9ou|100-6
|html|<div class="broadcast-red"><strong>This battle is required to be public due to one or more player having a season medal.</strong><br />During the public phase, you can discuss the state of the ladder <a href="/seasondiscussion">in a special chatroom.</a></div>
|uhtml|medal-msg|<div class="broadcast-blue">Curious what those medals under the avatar are? PS now has Ladder Seasons! For more information, check out the <a href="https://www.smogon.com/forums/threads/3740067/">thread on Smogon.</a></div>
|raw|<div class="broadcast-blue"><strong>This battle is required to be public due to a player having a name starting with 'medal'.</div>
|j|☆ADM02
|j|☆mcribs
|t:|1759066729
|gametype|singles
|player|p1|ADM02|1|1742
|player|p2|mcribs|101|1788
|gen|9
|tier|[Gen 9] OU
|rated|
|rule|HP Percentage Mod: HP is shown in percentages
|rule|Endless Battle Clause: Forcing endless battles is banned
|rule|Species Clause: Limit one of each Pokémon
|rule|OHKO Clause: OHKO moves are banned
|rule|Evasion Items Clause: Evasion items are banned
|rule|Evasion Moves Clause: Evasion moves are banned
|rule|Evasion Abilities Clause: Evasion abilities are banned
|rule|Sleep Moves Clause: Sleep-inducing moves are banned
|clearpoke
|poke|p1|Cinderace, M|
|poke|p1|Clefable, F|
|poke|p1|Salamence, M|
|poke|p1|Dragonite, M|
|poke|p1|Hoopa-Unbound|
|poke|p1|Clodsire, M|
|poke|p2|Samurott-Hisui, M|
|poke|p2|Raging Bolt|
|poke|p2|Tornadus-Therian, M|
|poke|p2|Iron Valiant|
|poke|p2|Iron Treads|
|poke|p2|Gholdengo|
|teampreview
|inactive|Battle timer is ON: inactive players will automatically lose when time's up. (requested by mcribs)
|
|t:|1759066741
|teamsize|p1|6
|teamsize|p2|6
|start
|switch|p1a: Clodsire|Clodsire, M|100/100
|switch|p2a: Tornadus|Tornadus-Therian, M|100/100
|turn|1
|
|t:|1759066744
|switch|p2a: Iron Treads|Iron Treads|100/100
|move|p1a: Clodsire|Stealth Rock|p2a: Iron Treads
|-sidestart|p2: mcribs|move: Stealth Rock
|
|upkeep
|turn|2
|
|t:|1759066747
|move|p2a: Iron Treads|Earthquake|p1a: Clodsire
|-supereffective|p1a: Clodsire
|-damage|p1a: Clodsire|46/100
|move|p1a: Clodsire|Earthquake|p2a: Iron Treads
|-supereffective|p2a: Iron Treads
|-crit|p2a: Iron Treads
|-damage|p2a: Iron Treads|38/100
|
|-heal|p2a: Iron Treads|44/100|[from] item: Leftovers
|upkeep
|turn|3
|
|t:|1759066756
|switch|p1a: Salamence|Salamence, M|100/100
|-ability|p1a: Salamence|Intimidate|boost
|-unboost|p2a: Iron Treads|atk|1
|move|p2a: Iron Treads|Earthquake|p1a: Salamence
|-immune|p1a: Salamence
|
|-heal|p2a: Iron Treads|50/100|[from] item: Leftovers
|upkeep
|turn|4
|
|t:|1759066759
|move|p2a: Iron Treads|Ice Spinner|p1a: Salamence
|-supereffective|p1a: Salamence
|-damage|p1a: Salamence|61/100
|move|p1a: Salamence|Flamethrower|p2a: Iron Treads
|-supereffective|p2a: Iron Treads
|-damage|p2a: Iron Treads|15/100
|
|-heal|p2a: Iron Treads|21/100|[from] item: Leftovers
|upkeep
|turn|5
|j| tiochicodobos
|
|t:|1759066767
|-end|p2a: Iron Treads|Quark Drive|[silent]
|switch|p2a: Tornadus|Tornadus-Therian, M|100/100
|move|p1a: Salamence|Flamethrower|p2a: Tornadus
|-damage|p2a: Tornadus|78/100
|
|upkeep
|turn|6
|
|t:|1759066769
|move|p2a: Tornadus|Nasty Plot|p2a: Tornadus
|-boost|p2a: Tornadus|spa|2
|move|p1a: Salamence|Dragon Tail|p2a: Tornadus
|-damage|p2a: Tornadus|51/100
|drag|p2a: Iron Treads|Iron Treads|21/100
|-damage|p2a: Iron Treads|18/100|[from] Stealth Rock
|
|-heal|p2a: Iron Treads|24/100|[from] item: Leftovers
|upkeep
|turn|7
|
|t:|1759066778
|move|p2a: Iron Treads|Rapid Spin|p1a: Salamence
|-damage|p1a: Salamence|52/100
|-boost|p2a: Iron Treads|spe|1
|-sideend|p2: mcribs|Stealth Rock|[from] move: Rapid Spin|[of] p2a: Iron Treads
|move|p1a: Salamence|Flamethrower|p2a: Iron Treads
|-supereffective|p2a: Iron Treads
|-damage|p2a: Iron Treads|0 fnt
|faint|p2a: Iron Treads
|-end|p2a: Iron Treads|Quark Drive|[silent]
|
|upkeep
|
|t:|1759066779
|switch|p2a: Tornadus|Tornadus-Therian, M|84/100
|turn|8
|
|t:|1759066793
|switch|p1a: Hoopa|Hoopa-Unbound|100/100
|move|p2a: Tornadus|Knock Off|p1a: Hoopa
|-damage|p1a: Hoopa|73/100
|-enditem|p1a: Hoopa|Assault Vest|[from] move: Knock Off|[of] p2a: Tornadus
|
|upkeep
|turn|9
|
|t:|1759066798
|move|p2a: Tornadus|Bleakwind Storm|p1a: Hoopa
|-damage|p1a: Hoopa|50/100
|-unboost|p1a: Hoopa|spe|1
|move|p1a: Hoopa|Knock Off|p2a: Tornadus
|-damage|p2a: Tornadus|36/100
|-enditem|p2a: Tornadus|Heavy-Duty Boots|[from] move: Knock Off|[of] p1a: Hoopa
|
|upkeep
|turn|10
|
|t:|1759066804
|move|p2a: Tornadus|Bleakwind Storm|p1a: Hoopa|[miss]
|-miss|p2a: Tornadus|p1a: Hoopa
|move|p1a: Hoopa|Thunderbolt|p2a: Tornadus
|-supereffective|p2a: Tornadus
|-damage|p2a: Tornadus|0 fnt
|faint|p2a: Tornadus
|
|upkeep
|
|t:|1759066808
|switch|p2a: Samurott|Samurott-Hisui, M|100/100
|turn|11
|
|t:|1759066818
|switch|p1a: Salamence|Salamence, M|52/100
|-ability|p1a: Salamence|Intimidate|boost
|-unboost|p2a: Samurott|atk|1
|move|p2a: Samurott|Ceaseless Edge|p1a: Salamence
|-damage|p1a: Salamence|32/100
|-sidestart|p1: ADM02|Spikes
|
|upkeep
|turn|12
|
|t:|1759066825
|switch|p2a: Iron Valiant|Iron Valiant|100/100
|move|p1a: Salamence|Roost|p1a: Salamence
|-heal|p1a: Salamence|82/100
|-singleturn|p1a: Salamence|move: Roost
|
|upkeep
|turn|13
|
|t:|1759066831
|switch|p1a: Cinderace|Cinderace, M|100/100
|move|p2a: Iron Valiant|Moonblast|p1a: Cinderace
|-resisted|p1a: Cinderace
|-damage|p1a: Cinderace|51/100
|
|upkeep
|turn|14
|
|t:|1759066836
|-end|p2a: Iron Valiant|Quark Drive|[silent]
|switch|p2a: Raging Bolt|Raging Bolt|100/100
|move|p1a: Cinderace|Court Change|p1a: Cinderace
|-swapsideconditions
|-activate|p1a: Cinderace|move: Court Change
|
|upkeep
|turn|15
|
|t:|1759066846
|move|p1a: Cinderace|Pyro Ball|p2a: Raging Bolt
|-resisted|p2a: Raging Bolt
|-damage|p2a: Raging Bolt|77/100
|move|p2a: Raging Bolt|Draco Meteor|p1a: Cinderace
|-damage|p1a: Cinderace|0 fnt
|-unboost|p2a: Raging Bolt|spa|2
|faint|p1a: Cinderace
|
|-heal|p2a: Raging Bolt|83/100|[from] item: Leftovers
|upkeep
|
|t:|1759066863
|switch|p1a: Clodsire|Clodsire, M|46/100
|turn|16
|
|t:|1759066867
|-end|p2a: Raging Bolt|Protosynthesis|[silent]
|switch|p2a: Samurott|Samurott-Hisui, M|100/100
|-damage|p2a: Samurott|88/100|[from] Spikes
|move|p1a: Clodsire|Recover|p1a: Clodsire
|-heal|p1a: Clodsire|96/100
|
|upkeep
|turn|17
|
|t:|1759066873
|move|p2a: Samurott|Knock Off|p1a: Clodsire
|-damage|p1a: Clodsire|67/100
|-damage|p2a: Samurott|71/100|[from] item: Rocky Helmet|[of] p1a: Clodsire
|-enditem|p1a: Clodsire|Rocky Helmet|[from] move: Knock Off|[of] p2a: Samurott
|move|p1a: Clodsire|Toxic|p2a: Samurott
|-status|p2a: Samurott|tox
|
|-damage|p2a: Samurott|65/100 tox|[from] psn
|upkeep
|turn|18
|
|t:|1759066876
|move|p2a: Samurott|Ceaseless Edge|p1a: Clodsire
|-damage|p1a: Clodsire|38/100
|-sidestart|p1: ADM02|Spikes
|move|p1a: Clodsire|Recover|p1a: Clodsire
|-heal|p1a: Clodsire|88/100
|
|-damage|p2a: Samurott|53/100 tox|[from] psn
|upkeep
|turn|19
|
|t:|1759066881
|move|p2a: Samurott|Ceaseless Edge|p1a: Clodsire
|-crit|p1a: Clodsire
|-damage|p1a: Clodsire|46/100
|-sidestart|p1: ADM02|Spikes
|move|p1a: Clodsire|Earthquake|p2a: Samurott
|-damage|p2a: Samurott|26/100 tox
|
|-damage|p2a: Samurott|8/100 tox|[from] psn
|upkeep
|turn|20
|
|t:|1759066885
|move|p2a: Samurott|Ceaseless Edge|p1a: Clodsire
|-damage|p1a: Clodsire|16/100
|-sidestart|p1: ADM02|Spikes
|move|p1a: Clodsire|Recover|p1a: Clodsire
|-heal|p1a: Clodsire|66/100
|
|-damage|p2a: Samurott|0 fnt|[from] psn
|faint|p2a: Samurott
|upkeep
|
|t:|1759066886
|switch|p2a: Gholdengo|Gholdengo|100/100
|-item|p2a: Gholdengo|Air Balloon
|turn|21
|
|t:|1759066896
|switch|p1a: Hoopa|Hoopa-Unbound|50/100
|-damage|p1a: Hoopa|25/100|[from] Spikes
|move|p2a: Gholdengo|Thunder Wave|p1a: Hoopa
|-status|p1a: Hoopa|par
|
|upkeep
|turn|22
|
|t:|1759066899
|move|p2a: Gholdengo|Hex|p1a: Hoopa
|-damage|p1a: Hoopa|0 fnt
|faint|p1a: Hoopa
|
|upkeep
|
|t:|1759066912
|switch|p1a: Clefable|Clefable, F|100/100
|turn|23
|
|t:|1759066916
|-terastallize|p1a: Clefable|Steel
|move|p2a: Gholdengo|Make It Rain|p1a: Clefable
|-resisted|p1a: Clefable
|-damage|p1a: Clefable|74/100
|-unboost|p2a: Gholdengo|spa|1
|move|p1a: Clefable|Moonblast|p2a: Gholdengo
|-resisted|p2a: Gholdengo
|-damage|p2a: Gholdengo|85/100
|-enditem|p2a: Gholdengo|Air Balloon
|
|-heal|p1a: Clefable|80/100|[from] item: Leftovers
|upkeep
|turn|24
|
|t:|1759066931
|switch|p2a: Raging Bolt|Raging Bolt|83/100
|-damage|p2a: Raging Bolt|71/100|[from] Spikes
|move|p1a: Clefable|Calm Mind|p1a: Clefable
|-boost|p1a: Clefable|spa|1
|-boost|p1a: Clefable|spd|1
|
|-heal|p2a: Raging Bolt|77/100|[from] item: Leftovers
|-heal|p1a: Clefable|86/100|[from] item: Leftovers
|upkeep
|turn|25
|
|t:|1759066936
|move|p2a: Raging Bolt|Thunderbolt|p1a: Clefable
|-damage|p1a: Clefable|55/100
|move|p1a: Clefable|Moonblast|p2a: Raging Bolt
|-supereffective|p2a: Raging Bolt
|-damage|p2a: Raging Bolt|0 fnt
|faint|p2a: Raging Bolt
|-end|p2a: Raging Bolt|Protosynthesis|[silent]
|
|-heal|p1a: Clefable|61/100|[from] item: Leftovers
|upkeep
|
|t:|1759066937
|switch|p2a: Gholdengo|Gholdengo|85/100
|-damage|p2a: Gholdengo|72/100|[from] Spikes
|turn|26
|
|t:|1759066939
|move|p1a: Clefable|Protect|p1a: Clefable
|-singleturn|p1a: Clefable|Protect
|move|p2a: Gholdengo|Thunder Wave|p1a: Clefable
|-activate|p1a: Clefable|move: Protect
|
|-heal|p1a: Clefable|67/100|[from] item: Leftovers
|upkeep
|turn|27
|
|t:|1759066959
|move|p2a: Gholdengo|Hex|p1a: Clefable
|-damage|p1a: Clefable|49/100
|move|p1a: Clefable|Wish|p1a: Clefable
|
|-heal|p1a: Clefable|55/100|[from] item: Leftovers
|upkeep
|turn|28
|
|t:|1759066964
|move|p2a: Gholdengo|Make It Rain|p1a: Clefable
|-resisted|p1a: Clefable
|-damage|p1a: Clefable|38/100
|-unboost|p2a: Gholdengo|spa|1
|move|p1a: Clefable|Calm Mind|p1a: Clefable
|-boost|p1a: Clefable|spa|1
|-boost|p1a: Clefable|spd|1
|
|-heal|p1a: Clefable|88/100|[from] move: Wish|[wisher] Clefable
|-heal|p1a: Clefable|94/100|[from] item: Leftovers
|upkeep
|turn|29
|
|t:|1759066967
|move|p2a: Gholdengo|Thunder Wave|p1a: Clefable
|-status|p1a: Clefable|par
|move|p1a: Clefable|Calm Mind|p1a: Clefable
|-boost|p1a: Clefable|spa|1
|-boost|p1a: Clefable|spd|1
|
|-heal|p1a: Clefable|99/100 par|[from] item: Leftovers
|upkeep
|turn|30
|
|t:|1759066969
|move|p2a: Gholdengo|Hex|p1a: Clefable
|-damage|p1a: Clefable|85/100 par
|move|p1a: Clefable|Wish|p1a: Clefable
|
|-heal|p1a: Clefable|92/100 par|[from] item: Leftovers
|upkeep
|turn|31
|
|t:|1759066973
|move|p2a: Gholdengo|Hex|p1a: Clefable
|-damage|p1a: Clefable|77/100 par
|move|p1a: Clefable|Calm Mind|p1a: Clefable
|-boost|p1a: Clefable|spa|1
|-boost|p1a: Clefable|spd|1
|
|-heal|p1a: Clefable|100/100 par|[from] move: Wish|[wisher] Clefable
|upkeep
|turn|32
|
|t:|1759066975
|move|p2a: Gholdengo|Hex|p1a: Clefable
|-damage|p1a: Clefable|89/100 par
|move|p1a: Clefable|Calm Mind|p1a: Clefable
|-boost|p1a: Clefable|spa|1
|-boost|p1a: Clefable|spd|1
|
|-heal|p1a: Clefable|95/100 par|[from] item: Leftovers
|upkeep
|turn|33
|-message|mcribs forfeited.
|
|win|ADM02
|raw|ADM02's rating: 1766 &rarr; <strong>1787</strong><br />(+21 for winning)
|raw|mcribs's rating: 1788 &rarr; <strong>1767</strong><br />(-21 for losing)
|l|☆mcribs
|player|p2|
|l|☆ADM02
|player|p1|
|j| Nikator98
|l| Nikator98
