|j|☆RAZ0R258
|j|☆RoaringMoonlight2
|t:|1759066479
|gametype|singles
|player|p1|RAZ0R258|102|1687
|player|p2|RoaringMoonlight2|hiker-gen4|1682
|gen|9
|tier|[Gen 9] OU
|rated|
|rule|HP Percentage Mod: HP is shown in percentages
|rule|Endless Battle Clause: Forcing endless battles is banned
|rule|Species Clause: Limit one of each Pokémon
|rule|OHKO Clause: OHKO moves are banned
|rule|Evasion Items Clause: Evasion items are banned
|rule|Evasion Moves Clause: Evasion moves are banned
|rule|Evasion Abilities Clause: Evasion abilities are banned
|rule|Sleep Moves Clause: Sleep-inducing moves are banned
|clearpoke
|poke|p1|Samurott-Hisui, M|
|poke|p1|Iron Valiant|
|poke|p1|Pecharunt|
|poke|p1|Reuniclus, M|
|poke|p1|Darkrai|
|poke|p1|Kingambit, F|
|poke|p2|Glimmora, F|
|poke|p2|Iron Valiant|
|poke|p2|Raging Bolt|
|poke|p2|Ogerpon-Wellspring, F|
|poke|p2|Kingambit, M|
|poke|p2|Ceruledge, F|
|teampreview
|inactive|Battle timer is ON: inactive players will automatically lose when time's up. (requested by RAZ0R258)
|l|☆RoaringMoonlight2
|inactive|RoaringMoonlight2 disconnected and has a minute to reconnect!
|player|p2|
|inactive|RoaringMoonlight2 has 30 seconds to reconnect!
|j| amefurikoneko
|j|☆RoaringMoonlight2
|inactive|RoaringMoonlight2 reconnected and has 115 seconds left.
|player|p2|RoaringMoonlight2|hiker-gen4|
|inactive|RoaringMoonlight2 also wants the timer to be on.
|l| amefurikoneko
|
|t:|1759066524
|teamsize|p1|6
|teamsize|p2|6
|start
|switch|p1a: Light|Darkrai|100/100
|switch|p2a: Fleur de Cuivre|Glimmora, F|100/100
|turn|1
|
|t:|1759066537
|move|p1a: Light|Dark Pulse|p2a: Fleur de Cuivre
|-damage|p2a: Fleur de Cuivre|33/100
|move|p2a: Fleur de Cuivre|Meteor Beam||[still]
|-prepare|p2a: Fleur de Cuivre|Meteor Beam
|-boost|p2a: Fleur de Cuivre|spa|1
|-enditem|p2a: Fleur de Cuivre|Power Herb
|-anim|p2a: Fleur de Cuivre|Meteor Beam|p1a: Light
|-damage|p1a: Light|0 fnt
|faint|p1a: Light
|
|upkeep
|
|t:|1759066544
|switch|p1a: Sparg0|Iron Valiant|100/100
|-enditem|p1a: Sparg0|Booster Energy
|-activate|p1a: Sparg0|ability: Quark Drive|[fromitem]
|-start|p1a: Sparg0|quarkdrivespa
|turn|2
|
|t:|1759066551
|move|p1a: Sparg0|Shadow Ball|p2a: Fleur de Cuivre
|-damage|p2a: Fleur de Cuivre|0 fnt
|faint|p2a: Fleur de Cuivre
|
|upkeep
|
|t:|1759066558
|switch|p2a: Terminator|Iron Valiant|100/100
|-enditem|p2a: Terminator|Booster Energy
|-activate|p2a: Terminator|ability: Quark Drive|[fromitem]
|-start|p2a: Terminator|quarkdrivespe
|turn|3
|
|t:|1759066565
|-end|p1a: Sparg0|Quark Drive|[silent]
|switch|p1a: Sonix 2nd Curse|Pecharunt|100/100
|move|p2a: Terminator|Moonblast|p1a: Sonix 2nd Curse
|-resisted|p1a: Sonix 2nd Curse
|-damage|p1a: Sonix 2nd Curse|71/100
|
|upkeep
|turn|4
|
|t:|1759066584
|-terastallize|p2a: Terminator|Steel
|move|p2a: Terminator|Calm Mind|p2a: Terminator
|-boost|p2a: Terminator|spa|1
|-boost|p2a: Terminator|spd|1
|move|p1a: Sonix 2nd Curse|Malignant Chain|p2a: Terminator
|-immune|p2a: Terminator
|
|upkeep
|turn|5
|
|t:|1759066592
|move|p2a: Terminator|Calm Mind|p2a: Terminator
|-boost|p2a: Terminator|spa|1
|-boost|p2a: Terminator|spd|1
|move|p1a: Sonix 2nd Curse|Shadow Ball|p2a: Terminator
|-damage|p2a: Terminator|73/100
|
|upkeep
|turn|6
|
|t:|1759066594
|move|p2a: Terminator|Psyshock|p1a: Sonix 2nd Curse
|-supereffective|p1a: Sonix 2nd Curse
|-damage|p1a: Sonix 2nd Curse|0 fnt
|faint|p1a: Sonix 2nd Curse
|
|upkeep
|
|t:|1759066595
|switch|p1a: Kola|Samurott-Hisui, M|100/100
|turn|7
|
|t:|1759066603
|move|p2a: Terminator|Moonblast|p1a: Kola
|-supereffective|p1a: Kola
|-enditem|p1a: Kola|Focus Sash
|-damage|p1a: Kola|1/100
|move|p1a: Kola|Aqua Cutter|p2a: Terminator
|-damage|p2a: Terminator|13/100
|
|upkeep
|turn|8
|
|t:|1759066606
|move|p1a: Kola|Aqua Jet|p2a: Terminator
|-damage|p2a: Terminator|0 fnt
|faint|p2a: Terminator
|-end|p2a: Terminator|Quark Drive|[silent]
|
|upkeep
|
|t:|1759066609
|switch|p2a: Escrameur|Ceruledge, F|100/100
|turn|9
|
|t:|1759066613
|move|p2a: Escrameur|Shadow Sneak|p1a: Kola
|-resisted|p1a: Kola
|-damage|p1a: Kola|0 fnt
|faint|p1a: Kola
|
|upkeep
|
|t:|1759066618
|switch|p1a: Sparg0|Iron Valiant|100/100
|turn|10
|
|t:|1759066623
|move|p1a: Sparg0|Shadow Ball|p2a: Escrameur
|-supereffective|p2a: Escrameur
|-damage|p2a: Escrameur|35/100
|-unboost|p2a: Escrameur|spd|1
|move|p2a: Escrameur|Bitter Blade|p1a: Sparg0
|-damage|p1a: Sparg0|44/100
|-heal|p2a: Escrameur|63/100|[from] drain|[of] p1a: Sparg0
|
|upkeep
|turn|11
|
|t:|1759066628
|switch|p2a: Masqurécage|Ogerpon-Wellspring, F|100/100
|move|p1a: Sparg0|Shadow Ball|p2a: Masqurécage
|-damage|p2a: Masqurécage|67/100
|
|upkeep
|turn|12
|
|t:|1759066631
|move|p1a: Sparg0|Vacuum Wave|p2a: Masqurécage
|-damage|p2a: Masqurécage|39/100
|move|p2a: Masqurécage|Ivy Cudgel|p1a: Sparg0|[anim] Ivy Cudgel Water
|-damage|p1a: Sparg0|0 fnt
|faint|p1a: Sparg0
|-end|p1a: Sparg0|Quark Drive|[silent]
|
|upkeep
|
|t:|1759066632
|switch|p1a: The Marss Gambit|Kingambit, F|100/100
|-activate|p1a: The Marss Gambit|ability: Supreme Overlord
|-start|p1a: The Marss Gambit|fallen4|[silent]
|turn|13
|
|t:|1759066637
|move|p2a: Masqurécage|Encore||[still]
|-fail|p2a: Masqurécage
|move|p1a: The Marss Gambit|Kowtow Cleave|p2a: Masqurécage
|-damage|p2a: Masqurécage|0 fnt
|faint|p2a: Masqurécage
|
|upkeep
|
|t:|1759066639
|switch|p2a: Général 50/50|Kingambit, M|100/100
|-activate|p2a: Général 50/50|ability: Supreme Overlord
|-start|p2a: Général 50/50|fallen3|[silent]
|turn|14
|
|t:|1759066648
|move|p2a: Général 50/50|Low Kick|p1a: The Marss Gambit
|-supereffective|p1a: The Marss Gambit
|-crit|p1a: The Marss Gambit
|-damage|p1a: The Marss Gambit|0 fnt
|faint|p1a: The Marss Gambit
|-end|p1a: The Marss Gambit|fallen4|[silent]
|
|upkeep
|
|t:|1759066649
|switch|p1a: MK-Schmix-O|Reuniclus, M|100/100
|turn|15
|
|t:|1759066661
|-terastallize|p1a: MK-Schmix-O|Fighting
|move|p2a: Général 50/50|Kowtow Cleave|p1a: MK-Schmix-O
|-resisted|p1a: MK-Schmix-O
|-damage|p1a: MK-Schmix-O|65/100
|move|p1a: MK-Schmix-O|Trick Room|p1a: MK-Schmix-O
|-fieldstart|move: Trick Room|[of] p1a: MK-Schmix-O
|
|upkeep
|turn|16
|
|t:|1759066665
|move|p1a: MK-Schmix-O|Focus Blast|p2a: Général 50/50
|-supereffective|p2a: Général 50/50
|-damage|p2a: Général 50/50|0 fnt
|faint|p2a: Général 50/50
|-end|p2a: Général 50/50|fallen3|[silent]
|
|upkeep
|
|t:|1759066669
|switch|p2a: Raille-Cou|Raging Bolt|100/100
|turn|17
|
|t:|1759066670
|move|p1a: MK-Schmix-O|Psychic Noise|p2a: Raille-Cou
|-damage|p2a: Raille-Cou|55/100
|-start|p2a: Raille-Cou|move: Heal Block
|move|p2a: Raille-Cou|Thunderbolt|p1a: MK-Schmix-O
|-damage|p1a: MK-Schmix-O|21/100
|
|upkeep
|turn|18
|
|t:|1759066675
|move|p2a: Raille-Cou|Thunderclap|p1a: MK-Schmix-O
|-damage|p1a: MK-Schmix-O|0 fnt
|faint|p1a: MK-Schmix-O
|
|win|RoaringMoonlight2
|raw|RAZ0R258's rating: 1687 &rarr; <strong>1667</strong><br />(-20 for losing)
|raw|RoaringMoonlight2's rating: 1682 &rarr; <strong>1702</strong><br />(+20 for winning)
|c|☆RAZ0R258|Gg
|c|☆RoaringMoonlight2|Gg
|l|☆RoaringMoonlight2
|player|p2|
|j|☆RoaringMoonlight2
|player|p2|RoaringMoonlight2|hiker-gen4|
|l|☆RoaringMoonlight2
|player|p2|
