|j|☆Dar800
|j|☆LoCoGuyXD
|t:|1759006333
|gametype|singles
|player|p1|Dar800|n|1120
|player|p2|LoCoGuyXD|backpacker|1152
|gen|9
|tier|[Gen 9] OU
|rated|
|rule|HP Percentage Mod: HP is shown in percentages
|rule|Endless Battle Clause: Forcing endless battles is banned
|rule|Species Clause: Limit one of each Pokémon
|rule|OHKO Clause: OHKO moves are banned
|rule|Evasion Items Clause: Evasion items are banned
|rule|Evasion Moves Clause: Evasion moves are banned
|rule|Evasion Abilities Clause: Evasion abilities are banned
|rule|Sleep Moves Clause: Sleep-inducing moves are banned
|clearpoke
|poke|p1|Dudunsparce-*, F|
|poke|p1|Bellibolt, M|
|poke|p1|Tatsugiri, F|
|poke|p1|Phione|
|poke|p1|Qwilfish-Hisui, F|
|poke|p1|Delibird, F|
|poke|p2|Typhlosion, M|
|poke|p2|Lilligant-Hisui, F|
|poke|p2|Indeedee, M|
|poke|p2|Torkoal, M|
|poke|p2|Corviknight, M|
|poke|p2|Walking Wake|
|teampreview
|inactive|Battle timer is ON: inactive players will automatically lose when time's up. (requested by LoCoGuyXD)
|c|☆LoCoGuyXD|wat
|
|t:|1759006346
|teamsize|p1|6
|teamsize|p2|6
|start
|switch|p1a: Qwilfish|Qwilfish-Hisui, F|100/100
|switch|p2a: Indeedee|Indeedee, M|100/100
|-ability|p1a: Qwilfish|Intimidate|boost
|-unboost|p2a: Indeedee|atk|1
|-item|p1a: Qwilfish|Air Balloon
|-fieldstart|move: Psychic Terrain|[from] ability: Psychic Surge|[of] p2a: Indeedee
|turn|1
|
|t:|1759006363
|switch|p2a: Torkoal|Torkoal, M|100/100
|-weather|SunnyDay|[from] ability: Drought|[of] p2a: Torkoal
|move|p1a: Qwilfish|Toxic Spikes|p2a: Torkoal
|-sidestart|p2: LoCoGuyXD|move: Toxic Spikes
|
|-weather|SunnyDay|[upkeep]
|upkeep
|turn|2
|
|t:|1759006377
|switch|p1a: Tatsugiri|Tatsugiri, F|100/100
|move|p2a: Torkoal|Rapid Spin|p1a: Tatsugiri
|-damage|p1a: Tatsugiri|88/100
|-boost|p2a: Torkoal|spe|1
|-sideend|p2: LoCoGuyXD|Toxic Spikes|[from] move: Rapid Spin|[of] p2a: Torkoal
|
|-weather|SunnyDay|[upkeep]
|-heal|p1a: Tatsugiri|94/100|[from] item: Leftovers
|upkeep
|turn|3
|
|t:|1759006388
|move|p1a: Tatsugiri|Taunt|p2a: Torkoal
|-start|p2a: Torkoal|move: Taunt
|cant|p2a: Torkoal|move: Taunt|Stealth Rock
|
|-weather|SunnyDay|[upkeep]
|-heal|p1a: Tatsugiri|99/100|[from] item: Leftovers
|upkeep
|turn|4
|
|t:|1759006396
|switch|p2a: Lilligant|Lilligant-Hisui, F|100/100
|move|p1a: Tatsugiri|Hydro Pump|p2a: Lilligant
|-resisted|p2a: Lilligant
|-damage|p2a: Lilligant|84/100
|
|-weather|SunnyDay|[upkeep]
|-heal|p1a: Tatsugiri|100/100|[from] item: Leftovers
|upkeep
|turn|5
|
|t:|1759006406
|switch|p1a: Qwilfish|Qwilfish-Hisui, F|100/100
|-ability|p1a: Qwilfish|Intimidate|boost
|-unboost|p2a: Lilligant|atk|1
|-item|p1a: Qwilfish|Air Balloon
|move|p2a: Lilligant|Solar Blade||[still]
|-prepare|p2a: Lilligant|Solar Blade
|-anim|p2a: Lilligant|Solar Blade|p1a: Qwilfish
|-resisted|p1a: Qwilfish
|-damage|p1a: Qwilfish|69/100
|-enditem|p1a: Qwilfish|Air Balloon
|-damage|p2a: Lilligant|75/100|[from] item: Life Orb
|
|-weather|SunnyDay|[upkeep]
|upkeep
|turn|6
|
|t:|1759006422
|move|p2a: Lilligant|Triple Axel|p1a: Qwilfish|[miss]
|-miss|p2a: Lilligant|p1a: Qwilfish
|move|p1a: Qwilfish|Toxic Spikes|p2a: Lilligant
|-sidestart|p2: LoCoGuyXD|move: Toxic Spikes
|
|-weather|SunnyDay|[upkeep]
|upkeep
|turn|7
|
|t:|1759006434
|move|p2a: Lilligant|Triple Axel|p1a: Qwilfish
|-damage|p1a: Qwilfish|62/100
|-damage|p1a: Qwilfish|50/100
|-damage|p1a: Qwilfish|27/100
|-hitcount|p1a: Qwilfish|3
|-damage|p2a: Lilligant|65/100|[from] item: Life Orb
|move|p1a: Qwilfish|Spikes|p2a: Lilligant
|-sidestart|p2: LoCoGuyXD|Spikes
|
|-weather|SunnyDay|[upkeep]
|upkeep
|turn|8
|
|t:|1759006444
|move|p2a: Lilligant|Triple Axel|p1a: Qwilfish
|-damage|p1a: Qwilfish|21/100
|-hitcount|p1a: Qwilfish|1
|-damage|p2a: Lilligant|55/100|[from] item: Life Orb
|move|p1a: Qwilfish|Spikes|p2a: Lilligant
|-sidestart|p2: LoCoGuyXD|Spikes
|
|-weather|none
|-fieldend|move: Psychic Terrain
|upkeep
|turn|9
|
|t:|1759006453
|move|p2a: Lilligant|Triple Axel|p1a: Qwilfish
|-damage|p1a: Qwilfish|14/100
|-hitcount|p1a: Qwilfish|1
|-damage|p2a: Lilligant|45/100|[from] item: Life Orb
|move|p1a: Qwilfish|Spikes|p2a: Lilligant
|-sidestart|p2: LoCoGuyXD|Spikes
|
|upkeep
|turn|10
|
|t:|1759006463
|move|p2a: Lilligant|Triple Axel|p1a: Qwilfish|[miss]
|-miss|p2a: Lilligant|p1a: Qwilfish
|move|p1a: Qwilfish|Gunk Shot|p2a: Lilligant|[miss]
|-miss|p1a: Qwilfish|p2a: Lilligant
|
|upkeep
|turn|11
|
|t:|1759006471
|move|p2a: Lilligant|Triple Axel|p1a: Qwilfish
|-damage|p1a: Qwilfish|7/100
|-damage|p1a: Qwilfish|0 fnt
|faint|p1a: Qwilfish
|-hitcount|p1: Qwilfish|2
|-damage|p2a: Lilligant|35/100|[from] item: Life Orb
|
|upkeep
|
|t:|1759006483
|switch|p1a: Bellibolt|Bellibolt, M|100/100
|turn|12
|
|t:|1759006492
|move|p2a: Lilligant|Axe Kick|p1a: Bellibolt
|-damage|p1a: Bellibolt|56/100
|-start|p1a: Bellibolt|confusion
|-start|p1a: Bellibolt|Charge|Axe Kick|[from] ability: Electromorphosis
|-damage|p2a: Lilligant|25/100|[from] item: Life Orb
|-activate|p1a: Bellibolt|confusion
|move|p1a: Bellibolt|Thunderbolt|p2a: Lilligant
|-resisted|p2a: Lilligant
|-damage|p2a: Lilligant|0 fnt
|faint|p2a: Lilligant
|-end|p1a: Bellibolt|Charge|[silent]
|
|upkeep
|
|t:|1759006502
|switch|p2a: Corviknight|Corviknight, M|100/100
|turn|13
|
|t:|1759006506
|move|p2a: Corviknight|Defog|p1a: Bellibolt
|-unboost|p1a: Bellibolt|evasion|1
|-sideend|p2: LoCoGuyXD|Spikes|[from] move: Defog|[of] p2a: Corviknight
|-sideend|p2: LoCoGuyXD|Toxic Spikes|[from] move: Defog|[of] p2a: Corviknight
|-activate|p1a: Bellibolt|confusion
|move|p1a: Bellibolt|Thunderbolt|p2a: Corviknight
|-supereffective|p2a: Corviknight
|-damage|p2a: Corviknight|0 fnt
|faint|p2a: Corviknight
|
|upkeep
|
|t:|1759006517
|switch|p2a: Torkoal|Torkoal, M|100/100
|-weather|SunnyDay|[from] ability: Drought|[of] p2a: Torkoal
|turn|14
|
|t:|1759006522
|-activate|p1a: Bellibolt|confusion
|move|p1a: Bellibolt|Thunderbolt|p2a: Torkoal
|-damage|p2a: Torkoal|8/100
|move|p2a: Torkoal|Stealth Rock|p1a: Bellibolt
|-sidestart|p1: Dar800|move: Stealth Rock
|
|-weather|SunnyDay|[upkeep]
|upkeep
|turn|15
|
|t:|1759006530
|-activate|p1a: Bellibolt|confusion
|move|p1a: Bellibolt|Thunderbolt|p2a: Torkoal
|-damage|p2a: Torkoal|0 fnt
|faint|p2a: Torkoal
|
|-weather|SunnyDay|[upkeep]
|upkeep
|
|t:|1759006537
|switch|p2a: Typhlosion|Typhlosion, M|100/100
|turn|16
|
|t:|1759006548
|move|p2a: Typhlosion|Scorching Sands|p1a: Bellibolt
|-supereffective|p1a: Bellibolt
|-damage|p1a: Bellibolt|14/100
|-status|p1a: Bellibolt|brn
|-start|p1a: Bellibolt|Charge|Scorching Sands|[from] ability: Electromorphosis
|-end|p1a: Bellibolt|confusion
|move|p1a: Bellibolt|Thunderbolt|p2a: Typhlosion
|-damage|p2a: Typhlosion|0 fnt
|faint|p2a: Typhlosion
|-end|p1a: Bellibolt|Charge|[silent]
|
|-weather|SunnyDay|[upkeep]
|-damage|p1a: Bellibolt|8/100 brn|[from] brn
|upkeep
|
|t:|1759006560
|switch|p2a: Walking Wake|Walking Wake|100/100
|-activate|p2a: Walking Wake|ability: Protosynthesis
|-start|p2a: Walking Wake|protosynthesisspe
|turn|17
|
|t:|1759006565
|move|p2a: Walking Wake|Dragon Pulse|p1a: Bellibolt
|-damage|p1a: Bellibolt|0 fnt
|faint|p1a: Bellibolt
|
|-weather|SunnyDay|[upkeep]
|upkeep
|inactive|Dar800 has 120 seconds left.
|
|t:|1759006598
|switch|p1a: Dudunsparce|Dudunsparce, F|100/100
|-damage|p1a: Dudunsparce|88/100|[from] Stealth Rock
|turn|18
|
|t:|1759006606
|-terastallize|p1a: Dudunsparce|Fairy
|move|p2a: Walking Wake|Dragon Pulse|p1a: Dudunsparce
|-immune|p1a: Dudunsparce
|move|p1a: Dudunsparce|Body Slam|p2a: Walking Wake
|-damage|p2a: Walking Wake|71/100
|-status|p2a: Walking Wake|par
|
|-weather|SunnyDay|[upkeep]
|-heal|p1a: Dudunsparce|94/100|[from] item: Leftovers
|upkeep
|turn|19
|
|t:|1759006618
|-end|p2a: Walking Wake|Protosynthesis|[silent]
|switch|p2a: Indeedee|Indeedee, M|100/100
|-fieldstart|move: Psychic Terrain|[from] ability: Psychic Surge|[of] p2a: Indeedee
|move|p1a: Dudunsparce|Body Slam|p2a: Indeedee
|-crit|p2a: Indeedee
|-damage|p2a: Indeedee|49/100
|-status|p2a: Indeedee|par
|
|-weather|SunnyDay|[upkeep]
|-heal|p1a: Dudunsparce|100/100|[from] item: Leftovers
|upkeep
|turn|20
|
|t:|1759006631
|move|p1a: Dudunsparce|Body Slam|p2a: Indeedee
|-damage|p2a: Indeedee|19/100 par
|cant|p2a: Indeedee|par
|
|-weather|SunnyDay|[upkeep]
|upkeep
|turn|21
|
|t:|1759006638
|move|p1a: Dudunsparce|Body Slam|p2a: Indeedee
|-crit|p2a: Indeedee
|-damage|p2a: Indeedee|0 fnt
|faint|p2a: Indeedee
|
|-weather|none
|upkeep
|
|t:|1759006644
|switch|p2a: Walking Wake|Walking Wake|71/100 par
|turn|22
|
|t:|1759006650
|move|p2a: Walking Wake|Hydro Steam|p1a: Dudunsparce
|-damage|p1a: Dudunsparce|58/100
|move|p1a: Dudunsparce|Body Slam|p2a: Walking Wake
|-damage|p2a: Walking Wake|40/100 par
|
|-heal|p1a: Dudunsparce|64/100|[from] item: Leftovers
|upkeep
|turn|23
|-message|LoCoGuyXD forfeited.
|
|win|Dar800
|raw|Dar800's rating: 1120 &rarr; <strong>1147</strong><br />(+27 for winning)
|raw|LoCoGuyXD's rating: 1152 &rarr; <strong>1125</strong><br />(-27 for losing)
|l|☆LoCoGuyXD
|player|p2|
|l|☆Dar800
|player|p1|
