|badge|p1|bronze|gen9ou|100-6
|html|<div class="broadcast-red"><strong>This battle is required to be public due to one or more player having a season medal.</strong><br />During the public phase, you can discuss the state of the ladder <a href="/seasondiscussion">in a special chatroom.</a></div>
|uhtml|medal-msg|<div class="broadcast-blue">Curious what those medals under the avatar are? PS now has Ladder Seasons! For more information, check out the <a href="https://www.smogon.com/forums/threads/3740067/">thread on Smogon.</a></div>
|badge|p2|silver|gen9ou|30-6
|uhtml|medal-msg|<div class="broadcast-blue">Curious what those medals under the avatar are? PS now has Ladder Seasons! For more information, check out the <a href="https://www.smogon.com/forums/threads/3740067/">thread on Smogon.</a></div>
|raw|<div class="broadcast-blue"><strong>This battle is required to be public due to a player having a name starting with 'medal'.</div>
|j|☆ADM02
|j|☆ShinyLucarioXD
|t:|1758977904
|gametype|singles
|player|p1|ADM02|101|1857
|player|p2|ShinyLucarioXD|riley|1913
|gen|9
|tier|[Gen 9] OU
|rated|
|rule|HP Percentage Mod: HP is shown in percentages
|rule|Endless Battle Clause: Forcing endless battles is banned
|rule|Species Clause: Limit one of each Pokémon
|rule|OHKO Clause: OHKO moves are banned
|rule|Evasion Items Clause: Evasion items are banned
|rule|Evasion Moves Clause: Evasion moves are banned
|rule|Evasion Abilities Clause: Evasion abilities are banned
|rule|Sleep Moves Clause: Sleep-inducing moves are banned
|clearpoke
|poke|p1|Cinderace, M|
|poke|p1|Clefable, M|
|poke|p1|Salamence, M|
|poke|p1|Dragonite, M|
|poke|p1|Hoopa-Unbound|
|poke|p1|Clodsire, M|
|poke|p2|Raging Bolt|
|poke|p2|Samurott-Hisui, F|
|poke|p2|Dragonite, F|
|poke|p2|Gholdengo|
|poke|p2|Great Tusk|
|poke|p2|Enamorus, F|
|teampreview
|inactive|Battle timer is ON: inactive players will automatically lose when time's up. (requested by ShinyLucarioXD)
|j| TheMysteriousBoy
|
|t:|1758977924
|teamsize|p1|6
|teamsize|p2|6
|start
|switch|p1a: Clefable|Clefable, M|100/100
|switch|p2a: Great Tusk|Great Tusk|100/100
|turn|1
|
|t:|1758977927
|-end|p2a: Great Tusk|Protosynthesis|[silent]
|switch|p2a: Gholdengo|Gholdengo|100/100
|move|p1a: Clefable|Moonblast|p2a: Gholdengo
|-resisted|p2a: Gholdengo
|-damage|p2a: Gholdengo|82/100
|
|upkeep
|turn|2
|j| amefurikoneko
|j| Haqlifbrax
|
|t:|1758977934
|move|p1a: Clefable|Protect|p1a: Clefable
|-singleturn|p1a: Clefable|Protect
|move|p2a: Gholdengo|Shadow Ball|p1a: Clefable
|-activate|p1a: Clefable|move: Protect
|
|upkeep
|turn|3
|
|t:|1758977937
|switch|p1a: Hoopa|Hoopa-Unbound|100/100
|move|p2a: Gholdengo|Shadow Ball|p1a: Hoopa
|-damage|p1a: Hoopa|83/100
|
|upkeep
|turn|4
|j| wgw2333
|
|t:|1758977942
|switch|p2a: Great Tusk|Great Tusk|100/100
|move|p1a: Hoopa|Knock Off|p2a: Great Tusk
|-resisted|p2a: Great Tusk
|-damage|p2a: Great Tusk|91/100
|-enditem|p2a: Great Tusk|Leftovers|[from] move: Knock Off|[of] p1a: Hoopa
|
|upkeep
|turn|5
|
|t:|1758977949
|switch|p1a: Salamence|Salamence, M|100/100
|-ability|p1a: Salamence|Intimidate|boost
|-unboost|p2a: Great Tusk|atk|1
|-end|p2a: Great Tusk|Protosynthesis|[silent]
|switch|p2a: Samurott|Samurott-Hisui, F, shiny|100/100
|
|upkeep
|turn|6
|
|t:|1758977976
|switch|p1a: Clodsire|Clodsire, M|100/100
|move|p2a: Samurott|Ceaseless Edge|p1a: Clodsire
|-damage|p1a: Clodsire|72/100
|-damage|p2a: Samurott|84/100|[from] item: Rocky Helmet|[of] p1a: Clodsire
|-sidestart|p1: ADM02|Spikes
|
|upkeep
|turn|7
|
|t:|1758977983
|switch|p2a: Great Tusk|Great Tusk|91/100
|move|p1a: Clodsire|Recover|p1a: Clodsire
|-heal|p1a: Clodsire|100/100
|
|upkeep
|turn|8
|
|t:|1758977986
|switch|p1a: Salamence|Salamence, M|100/100
|-ability|p1a: Salamence|Intimidate|boost
|-unboost|p2a: Great Tusk|atk|1
|move|p2a: Great Tusk|Knock Off|p1a: Salamence
|-damage|p1a: Salamence|87/100
|-enditem|p1a: Salamence|Heavy-Duty Boots|[from] move: Knock Off|[of] p2a: Great Tusk
|
|upkeep
|turn|9
|
|t:|1758977993
|-end|p2a: Great Tusk|Protosynthesis|[silent]
|switch|p2a: Samurott|Samurott-Hisui, F, shiny|84/100
|move|p1a: Salamence|Air Slash|p2a: Samurott
|-damage|p2a: Samurott|67/100
|
|upkeep
|turn|10
|
|t:|1758978000
|move|p2a: Samurott|Razor Shell|p1a: Salamence
|-resisted|p1a: Salamence
|-damage|p1a: Salamence|71/100
|-unboost|p1a: Salamence|def|1
|move|p1a: Salamence|Dragon Tail|p2a: Samurott
|-damage|p2a: Samurott|43/100
|drag|p2a: Gholdengo|Gholdengo|82/100
|
|upkeep
|turn|11
|
|t:|1758978016
|switch|p2a: Samurott|Samurott-Hisui, F, shiny|43/100
|switch|p1a: Cinderace|Cinderace, M|100/100
|
|upkeep
|turn|12
|
|t:|1758978025
|switch|p1a: Salamence|Salamence, M|71/100
|-ability|p1a: Salamence|Intimidate|boost
|-unboost|p2a: Samurott|atk|1
|switch|p2a: Great Tusk|Great Tusk|91/100
|
|upkeep
|turn|13
|
|t:|1758978029
|-end|p2a: Great Tusk|Protosynthesis|[silent]
|switch|p2a: Samurott|Samurott-Hisui, F, shiny|43/100
|move|p1a: Salamence|Air Slash|p2a: Samurott
|-damage|p2a: Samurott|27/100
|
|upkeep
|turn|14
|
|t:|1758978041
|move|p1a: Salamence|Air Slash|p2a: Samurott
|-damage|p2a: Samurott|10/100
|move|p2a: Samurott|Ceaseless Edge|p1a: Salamence
|-damage|p1a: Salamence|47/100
|-sidestart|p1: ADM02|Spikes
|
|upkeep
|turn|15
|
|t:|1758978047
|switch|p2a: Enamorus|Enamorus, F|100/100
|move|p1a: Salamence|Roost|p1a: Salamence
|-heal|p1a: Salamence|97/100
|-singleturn|p1a: Salamence|move: Roost
|
|upkeep
|turn|16
|
|t:|1758978060
|switch|p1a: Clodsire|Clodsire, M|100/100
|-damage|p1a: Clodsire|84/100|[from] Spikes
|move|p2a: Enamorus|Moonblast|p1a: Clodsire
|-resisted|p1a: Clodsire
|-damage|p1a: Clodsire|66/100
|
|upkeep
|turn|17
|j| firecharmander004
|
|t:|1758978070
|move|p2a: Enamorus|Substitute|p2a: Enamorus
|-start|p2a: Enamorus|Substitute
|-damage|p2a: Enamorus|76/100
|move|p1a: Clodsire|Stealth Rock|p2a: Enamorus
|-sidestart|p2: ShinyLucarioXD|move: Stealth Rock
|
|-heal|p2a: Enamorus|82/100|[from] item: Leftovers
|upkeep
|turn|18
|j| cryyysneasel
|
|t:|1758978097
|switch|p1a: Clefable|Clefable, M|100/100
|move|p2a: Enamorus|Earth Power|p1a: Clefable
|-damage|p1a: Clefable|71/100
|
|-heal|p2a: Enamorus|88/100|[from] item: Leftovers
|-heal|p1a: Clefable|77/100|[from] item: Leftovers
|upkeep
|turn|19
|
|t:|1758978103
|move|p2a: Enamorus|Moonblast|p1a: Clefable
|-damage|p1a: Clefable|28/100
|-unboost|p1a: Clefable|spa|1
|move|p1a: Clefable|Moonblast|p2a: Enamorus
|-end|p2a: Enamorus|Substitute
|
|-heal|p2a: Enamorus|94/100|[from] item: Leftovers
|-heal|p1a: Clefable|34/100|[from] item: Leftovers
|upkeep
|turn|20
|
|t:|1758978114
|move|p2a: Enamorus|Moonblast|p1a: Clefable
|-damage|p1a: Clefable|0 fnt
|faint|p1a: Clefable
|
|-heal|p2a: Enamorus|100/100|[from] item: Leftovers
|upkeep
|j| gengar's style
|
|t:|1758978118
|switch|p1a: Cinderace|Cinderace, M|100/100
|turn|21
|
|t:|1758978121
|switch|p2a: Great Tusk|Great Tusk|91/100
|-damage|p2a: Great Tusk|88/100|[from] Stealth Rock
|move|p1a: Cinderace|Pyro Ball|p2a: Great Tusk
|-damage|p2a: Great Tusk|60/100
|
|upkeep
|turn|22
|
|t:|1758978129
|switch|p1a: Salamence|Salamence, M|97/100
|-ability|p1a: Salamence|Intimidate|boost
|-unboost|p2a: Great Tusk|atk|1
|move|p2a: Great Tusk|Rapid Spin|p1a: Salamence
|-damage|p1a: Salamence|89/100
|-boost|p2a: Great Tusk|spe|1
|-sideend|p2: ShinyLucarioXD|Stealth Rock|[from] move: Rapid Spin|[of] p2a: Great Tusk
|
|upkeep
|turn|23
|
|t:|1758978136
|-end|p2a: Great Tusk|Protosynthesis|[silent]
|switch|p2a: Enamorus|Enamorus, F|100/100
|move|p1a: Salamence|Air Slash|p2a: Enamorus
|-damage|p2a: Enamorus|61/100
|
|-heal|p2a: Enamorus|67/100|[from] item: Leftovers
|upkeep
|turn|24
|
|t:|1758978141
|switch|p1a: Cinderace|Cinderace, M|100/100
|move|p2a: Enamorus|Moonblast|p1a: Cinderace
|-resisted|p1a: Cinderace
|-damage|p1a: Cinderace|66/100
|
|-heal|p2a: Enamorus|74/100|[from] item: Leftovers
|upkeep
|turn|25
|
|t:|1758978151
|switch|p2a: Great Tusk|Great Tusk|60/100
|move|p1a: Cinderace|Pyro Ball|p2a: Great Tusk
|-damage|p2a: Great Tusk|30/100
|
|upkeep
|turn|26
|
|t:|1758978159
|switch|p1a: Salamence|Salamence, M|89/100
|-ability|p1a: Salamence|Intimidate|boost
|-unboost|p2a: Great Tusk|atk|1
|move|p2a: Great Tusk|Body Press|p1a: Salamence
|-resisted|p1a: Salamence
|-damage|p1a: Salamence|73/100
|
|upkeep
|turn|27
|
|t:|1758978166
|-end|p2a: Great Tusk|Protosynthesis|[silent]
|switch|p2a: Enamorus|Enamorus, F|74/100
|move|p1a: Salamence|Air Slash|p2a: Enamorus
|-damage|p2a: Enamorus|31/100
|
|-heal|p2a: Enamorus|37/100|[from] item: Leftovers
|upkeep
|turn|28
|
|t:|1758978177
|switch|p1a: Cinderace|Cinderace, M|66/100
|move|p2a: Enamorus|Moonblast|p1a: Cinderace
|-resisted|p1a: Cinderace
|-damage|p1a: Cinderace|27/100
|-unboost|p1a: Cinderace|spa|1
|
|-heal|p2a: Enamorus|43/100|[from] item: Leftovers
|upkeep
|turn|29
|l| Haqlifbrax
|
|t:|1758978181
|switch|p2a: Great Tusk|Great Tusk|30/100
|move|p1a: Cinderace|Pyro Ball|p2a: Great Tusk
|-damage|p2a: Great Tusk|0 fnt
|faint|p2a: Great Tusk
|-end|p2a: Great Tusk|Protosynthesis|[silent]
|
|upkeep
|
|t:|1758978189
|switch|p2a: Gholdengo|Gholdengo|82/100
|turn|30
|
|t:|1758978198
|switch|p1a: Hoopa|Hoopa-Unbound|83/100
|-damage|p1a: Hoopa|66/100|[from] Spikes
|move|p2a: Gholdengo|Shadow Ball|p1a: Hoopa
|-damage|p1a: Hoopa|49/100
|-unboost|p1a: Hoopa|spd|1
|
|upkeep
|turn|31
|
|t:|1758978204
|switch|p2a: Samurott|Samurott-Hisui, F, shiny|10/100
|move|p1a: Hoopa|Knock Off|p2a: Samurott
|-resisted|p2a: Samurott
|-damage|p2a: Samurott|0 fnt
|-enditem|p2a: Samurott|Assault Vest|[from] move: Knock Off|[of] p1a: Hoopa
|faint|p2a: Samurott
|
|upkeep
|
|t:|1758978209
|switch|p2a: Enamorus|Enamorus, F|43/100
|turn|32
|
|t:|1758978218
|move|p2a: Enamorus|Moonblast|p1a: Hoopa
|-supereffective|p1a: Hoopa
|-damage|p1a: Hoopa|0 fnt
|faint|p1a: Hoopa
|
|-heal|p2a: Enamorus|49/100|[from] item: Leftovers
|upkeep
|
|t:|1758978219
|switch|p1a: Cinderace|Cinderace, M|27/100
|turn|33
|
|t:|1758978224
|switch|p2a: Raging Bolt|Raging Bolt|100/100
|-enditem|p2a: Raging Bolt|Booster Energy
|-activate|p2a: Raging Bolt|ability: Protosynthesis|[fromitem]
|-start|p2a: Raging Bolt|protosynthesisspa
|move|p1a: Cinderace|Pyro Ball|p2a: Raging Bolt
|-resisted|p2a: Raging Bolt
|-damage|p2a: Raging Bolt|62/100
|
|upkeep
|turn|34
|
|t:|1758978230
|move|p1a: Cinderace|Court Change|p1a: Cinderace
|-swapsideconditions
|-activate|p1a: Cinderace|move: Court Change
|move|p2a: Raging Bolt|Dragon Pulse|p1a: Cinderace
|-crit|p1a: Cinderace
|-damage|p1a: Cinderace|0 fnt
|faint|p1a: Cinderace
|
|upkeep
|j| seiko leich
|
|t:|1758978246
|switch|p1a: Dragonite|Dragonite, M|100/100
|turn|35
|
|t:|1758978257
|-terastallize|p1a: Dragonite|Normal
|move|p1a: Dragonite|Dragon Dance|p1a: Dragonite
|-boost|p1a: Dragonite|atk|1
|-boost|p1a: Dragonite|spe|1
|move|p2a: Raging Bolt|Dragon Pulse|p1a: Dragonite
|-damage|p1a: Dragonite|66/100
|
|upkeep
|turn|36
|
|t:|1758978264
|move|p1a: Dragonite|Extreme Speed|p2a: Raging Bolt
|-damage|p2a: Raging Bolt|4/100
|move|p2a: Raging Bolt|Thunderbolt|p1a: Dragonite
|-damage|p1a: Dragonite|0 fnt
|faint|p1a: Dragonite
|
|upkeep
|j| eastjunn
|-message|ADM02 forfeited.
|
|win|ShinyLucarioXD
|raw|ADM02's rating: 1857 &rarr; <strong>1840</strong><br />(-17 for losing)
|raw|ShinyLucarioXD's rating: 1913 &rarr; <strong>1930</strong><br />(+17 for winning)
|l|☆ADM02
|player|p1|
|l| cryyysneasel
|j| cryyysneasel
|l| seiko leich
|l|☆ShinyLucarioXD
|player|p2|
|l| wgw2333
|l| gengar's style
|l| amefurikoneko
|l| TheMysteriousBoy
|l| cryyysneasel
|l| firecharmander004
|l| eastjunn
|j| TheMysteriousBoy
