|j|☆Litterpaws
|j|☆aroundthenatdex
|t:|1758927037
|gametype|singles
|player|p1|Litterpaws|1|1113
|player|p2|aroundthenatdex|266|1133
|gen|9
|tier|[Gen 9] OU
|rated|
|rule|HP Percentage Mod: HP is shown in percentages
|rule|Endless Battle Clause: Forcing endless battles is banned
|rule|Species Clause: Limit one of each Pokémon
|rule|OHKO Clause: OHKO moves are banned
|rule|Evasion Items Clause: Evasion items are banned
|rule|Evasion Moves Clause: Evasion moves are banned
|rule|Evasion Abilities Clause: Evasion abilities are banned
|rule|Sleep Moves Clause: Sleep-inducing moves are banned
|clearpoke
|poke|p1|Lokix, M|
|poke|p1|Cinderace, M|
|poke|p1|Great Tusk|
|poke|p1|Alomomola, F|
|poke|p1|Enamorus, F|
|poke|p1|Slowking-Galar, F|
|poke|p2|Scizor, M|
|poke|p2|Slowking, M|
|poke|p2|Azumarill, F|
|poke|p2|Meganium, M|
|poke|p2|Gligar, F|
|poke|p2|Hitmontop, M|
|teampreview
|inactive|Battle timer is ON: inactive players will automatically lose when time's up. (requested by Litterpaws)
|
|t:|1758927057
|teamsize|p1|6
|teamsize|p2|6
|start
|switch|p1a: Lokix|Lokix, M|100/100
|switch|p2a: Gligar|Gligar, F|100/100
|turn|1
|
|t:|1758927071
|move|p1a: Lokix|Knock Off|p2a: Gligar
|-damage|p2a: Gligar|58/100
|-enditem|p2a: Gligar|Eviolite|[from] move: Knock Off|[of] p1a: Lokix
|move|p2a: Gligar|Toxic|p1a: Lokix
|-status|p1a: Lokix|tox
|
|-damage|p1a: Lokix|94/100 tox|[from] psn
|upkeep
|turn|2
|
|t:|1758927081
|move|p1a: Lokix|Knock Off|p2a: Gligar
|-damage|p2a: Gligar|16/100
|move|p2a: Gligar|U-turn|p1a: Lokix
|-supereffective|p1a: Lokix
|-crit|p1a: Lokix
|-damage|p1a: Lokix|41/100 tox
|
|t:|1758927091
|switch|p2a: Scizor|Scizor, M|100/100|[from] U-turn
|
|-damage|p1a: Lokix|29/100 tox|[from] psn
|upkeep
|turn|3
|
|t:|1758927097
|move|p2a: Scizor|Bullet Punch|p1a: Lokix
|-damage|p1a: Lokix|0 fnt
|faint|p1a: Lokix
|
|upkeep
|
|t:|1758927105
|switch|p1a: Slowking|Slowking-Galar, F|100/100
|turn|4
|
|t:|1758927114
|switch|p2a: Slowking|Slowking, M|100/100
|switch|p1a: Great Tusk|Great Tusk|100/100
|
|upkeep
|turn|5
|
|t:|1758927127
|-end|p1a: Great Tusk|Protosynthesis|[silent]
|switch|p1a: Alomomola|Alomomola, F|100/100
|move|p2a: Slowking|Scald|p1a: Alomomola
|-resisted|p1a: Alomomola
|-damage|p1a: Alomomola|94/100
|
|upkeep
|turn|6
|
|t:|1758927134
|move|p1a: Alomomola|Body Slam|p2a: Slowking
|-crit|p2a: Slowking
|-damage|p2a: Slowking|83/100
|-status|p2a: Slowking|par
|move|p2a: Slowking|Future Sight|p1a: Alomomola
|-start|p2a: Slowking|move: Future Sight
|
|upkeep
|turn|7
|
|t:|1758927146
|switch|p1a: Enamorus|Enamorus, F|100/100
|-prepare|p2a: Slowking|Chilly Reception|[premajor]
|cant|p2a: Slowking|par
|
|upkeep
|turn|8
|
|t:|1758927164
|move|p1a: Enamorus|Moonblast|p2a: Slowking
|-damage|p2a: Slowking|40/100 par
|-prepare|p2a: Slowking|Chilly Reception|[premajor]
|move|p2a: Slowking|Chilly Reception|p2a: Slowking
|-weather|Snowscape
|
|t:|1758927168
|switch|p2a: Scizor|Scizor, M|100/100|[from] Chilly Reception
|
|-weather|Snowscape|[upkeep]
|-end|p1a: Enamorus|move: Future Sight
|-damage|p1a: Enamorus|41/100
|upkeep
|turn|9
|
|t:|1758927176
|move|p2a: Scizor|Bullet Punch|p1a: Enamorus
|-supereffective|p1a: Enamorus
|-damage|p1a: Enamorus|0 fnt
|faint|p1a: Enamorus
|
|-weather|Snowscape|[upkeep]
|upkeep
|
|t:|1758927185
|switch|p1a: Alomomola|Alomomola, F|100/100
|turn|10
|
|t:|1758927189
|move|p2a: Scizor|Knock Off|p1a: Alomomola
|-damage|p1a: Alomomola|77/100
|-enditem|p1a: Alomomola|Assault Vest|[from] move: Knock Off|[of] p2a: Scizor
|move|p1a: Alomomola|Body Slam|p2a: Scizor
|-resisted|p2a: Scizor
|-damage|p2a: Scizor|94/100
|
|-weather|Snowscape|[upkeep]
|upkeep
|turn|11
|
|t:|1758927197
|move|p2a: Scizor|U-turn|p1a: Alomomola
|-damage|p1a: Alomomola|49/100
|
|t:|1758927198
|switch|p2a: Slowking|Slowking, M|73/100 par|[from] U-turn
|move|p1a: Alomomola|Body Slam|p2a: Slowking
|-damage|p2a: Slowking|63/100 par
|
|-weather|Snowscape|[upkeep]
|upkeep
|turn|12
|
|t:|1758927209
|move|p1a: Alomomola|Flip Turn|p2a: Slowking
|-resisted|p2a: Slowking
|-damage|p2a: Slowking|56/100 par
|
|t:|1758927216
|switch|p1a: Cinderace|Cinderace, M|100/100|[from] Flip Turn
|move|p2a: Slowking|Future Sight|p1a: Cinderace
|-start|p2a: Slowking|move: Future Sight
|
|-weather|none
|upkeep
|turn|13
|
|t:|1758927225
|switch|p2a: Gligar|Gligar, F|16/100
|move|p1a: Cinderace|Pyro Ball|p2a: Gligar
|-damage|p2a: Gligar|0 fnt
|faint|p2a: Gligar
|
|upkeep
|
|t:|1758927229
|switch|p2a: Azumarill|Azumarill, F|100/100
|turn|14
|
|t:|1758927236
|move|p1a: Cinderace|U-turn|p2a: Azumarill
|-resisted|p2a: Azumarill
|-damage|p2a: Azumarill|90/100
|
|t:|1758927241
|switch|p1a: Alomomola|Alomomola, F|83/100|[from] U-turn
|move|p2a: Azumarill|Liquidation|p1a: Alomomola
|-resisted|p1a: Alomomola
|-damage|p1a: Alomomola|54/100
|
|-end|p1a: Alomomola|move: Future Sight
|-damage|p1a: Alomomola|24/100
|upkeep
|turn|15
|
|t:|1758927250
|move|p2a: Azumarill|Liquidation|p1a: Alomomola
|-resisted|p1a: Alomomola
|-damage|p1a: Alomomola|0 fnt
|faint|p1a: Alomomola
|
|upkeep
|
|t:|1758927254
|switch|p1a: Slowking|Slowking-Galar, F|100/100
|turn|16
|
|t:|1758927272
|move|p2a: Azumarill|Liquidation|p1a: Slowking
|-damage|p1a: Slowking|42/100
|move|p1a: Slowking|Sludge Bomb|p2a: Azumarill
|-supereffective|p2a: Azumarill
|-damage|p2a: Azumarill|17/100
|
|upkeep
|turn|17
|
|t:|1758927283
|move|p2a: Azumarill|Liquidation|p1a: Slowking
|-damage|p1a: Slowking|0 fnt
|faint|p1a: Slowking
|
|upkeep
|
|t:|1758927288
|switch|p1a: Great Tusk|Great Tusk|100/100
|turn|18
|
|t:|1758927299
|switch|p2a: Meganium|Meganium, M|100/100
|move|p1a: Great Tusk|Knock Off|p2a: Meganium
|-damage|p2a: Meganium|82/100
|-enditem|p2a: Meganium|Leftovers|[from] move: Knock Off|[of] p1a: Great Tusk
|
|upkeep
|turn|19
|
|t:|1758927308
|-end|p1a: Great Tusk|Protosynthesis|[silent]
|switch|p1a: Cinderace|Cinderace, M|100/100
|move|p2a: Meganium|Leech Seed|p1a: Cinderace
|-start|p1a: Cinderace|move: Leech Seed
|
|-damage|p1a: Cinderace|88/100|[from] Leech Seed|[of] p2a: Meganium
|-heal|p2a: Meganium|95/100|[silent]
|upkeep
|turn|20
|
|t:|1758927317
|move|p1a: Cinderace|Will-O-Wisp|p2a: Meganium
|-status|p2a: Meganium|brn
|move|p2a: Meganium|Counter||[still]
|-fail|p2a: Meganium
|
|-damage|p1a: Cinderace|76/100|[from] Leech Seed|[of] p2a: Meganium
|-heal|p2a: Meganium|100/100 brn|[silent]
|-damage|p2a: Meganium|94/100 brn|[from] brn
|upkeep
|turn|21
|
|t:|1758927326
|switch|p2a: Hitmontop|Hitmontop, M|100/100
|-ability|p2a: Hitmontop|Intimidate|boost
|-unboost|p1a: Cinderace|atk|1
|move|p1a: Cinderace|U-turn|p2a: Hitmontop
|-resisted|p2a: Hitmontop
|-damage|p2a: Hitmontop|95/100
|
|t:|1758927331
|switch|p1a: Great Tusk|Great Tusk|100/100|[from] U-turn
|
|-heal|p2a: Hitmontop|100/100|[from] item: Leftovers
|upkeep
|turn|22
|
|t:|1758927344
|switch|p2a: Meganium|Meganium, M|94/100 brn
|move|p1a: Great Tusk|Knock Off|p2a: Meganium
|-damage|p2a: Meganium|83/100 brn
|
|-damage|p2a: Meganium|77/100 brn|[from] brn
|upkeep
|turn|23
|
|t:|1758927358
|move|p1a: Great Tusk|Bulk Up|p1a: Great Tusk
|-boost|p1a: Great Tusk|atk|1
|-boost|p1a: Great Tusk|def|1
|move|p2a: Meganium|Leech Seed|p1a: Great Tusk
|-start|p1a: Great Tusk|move: Leech Seed
|
|-damage|p1a: Great Tusk|88/100|[from] Leech Seed|[of] p2a: Meganium
|-heal|p2a: Meganium|91/100 brn|[silent]
|-damage|p2a: Meganium|85/100 brn|[from] brn
|upkeep
|turn|24
|
|t:|1758927370
|move|p1a: Great Tusk|Rapid Spin|p2a: Meganium
|-damage|p2a: Meganium|70/100 brn
|-boost|p1a: Great Tusk|spe|1
|-end|p1a: Great Tusk|Leech Seed|[from] move: Rapid Spin|[of] p1a: Great Tusk
|move|p2a: Meganium|Giga Drain|p1a: Great Tusk
|-supereffective|p1a: Great Tusk
|-damage|p1a: Great Tusk|28/100
|-heal|p2a: Meganium|100/100 brn|[from] drain|[of] p1a: Great Tusk
|
|-heal|p1a: Great Tusk|34/100|[from] item: Leftovers
|-damage|p2a: Meganium|94/100 brn|[from] brn
|upkeep
|turn|25
|
|t:|1758927383
|move|p1a: Great Tusk|Earthquake|p2a: Meganium
|-resisted|p2a: Meganium
|-damage|p2a: Meganium|72/100 brn
|move|p2a: Meganium|Giga Drain|p1a: Great Tusk
|-supereffective|p1a: Great Tusk
|-damage|p1a: Great Tusk|0 fnt
|-heal|p2a: Meganium|93/100 brn|[from] drain|[of] p1a: Great Tusk
|faint|p1a: Great Tusk
|-end|p1a: Great Tusk|Protosynthesis|[silent]
|
|-damage|p2a: Meganium|87/100 brn|[from] brn
|upkeep
|
|t:|1758927392
|switch|p1a: Cinderace|Cinderace, M|76/100
|turn|26
|
|t:|1758927398
|move|p1a: Cinderace|Pyro Ball|p2a: Meganium
|-supereffective|p2a: Meganium
|-damage|p2a: Meganium|20/100 brn
|move|p2a: Meganium|Counter|p1a: Cinderace
|-damage|p1a: Cinderace|0 fnt
|faint|p1a: Cinderace
|
|win|aroundthenatdex
|raw|Litterpaws's rating: 1113 &rarr; <strong>1089</strong><br />(-24 for losing)
|raw|aroundthenatdex's rating: 1133 &rarr; <strong>1157</strong><br />(+24 for winning)
|l|☆aroundthenatdex
|player|p2|
|l|☆Litterpaws
|player|p1|
