|j|☆Amino_Trap_Pkmn
|j|☆doomwhisper
|t:|1759003692
|gametype|singles
|player|p1|Amino_Trap_Pkmn|waiter|1433
|player|p2|doomwhisper|marshal|1399
|gen|9
|tier|[Gen 9] OU
|rated|
|rule|HP Percentage Mod: HP is shown in percentages
|rule|Endless Battle Clause: Forcing endless battles is banned
|rule|Species Clause: Limit one of each Pokémon
|rule|OHKO Clause: OHKO moves are banned
|rule|Evasion Items Clause: Evasion items are banned
|rule|Evasion Moves Clause: Evasion moves are banned
|rule|Evasion Abilities Clause: Evasion abilities are banned
|rule|Sleep Moves Clause: Sleep-inducing moves are banned
|clearpoke
|poke|p1|Chesnaught, M|
|poke|p1|Zapdos|
|poke|p1|Rillaboom, M|
|poke|p1|Gholdengo|
|poke|p1|Tyranitar, M|
|poke|p1|Garchomp, F|
|poke|p2|Ursaluna, M|
|poke|p2|Cresselia, F|
|poke|p2|Iron Valiant|
|poke|p2|Hatterene, F|
|poke|p2|Keldeo-Resolute|
|poke|p2|Ogerpon, F|
|teampreview
|
|t:|1759003724
|teamsize|p1|6
|teamsize|p2|6
|start
|switch|p1a: Reqles|Rillaboom, M|100/100
|switch|p2a: Hatterene|Hatterene, F, shiny|100/100
|-fieldstart|move: Grassy Terrain|[from] ability: Grassy Surge|[of] p1a: Reqles
|turn|1
|
|t:|1759003736
|move|p1a: Reqles|Wood Hammer|p2a: Hatterene
|-damage|p2a: Hatterene|6/100
|-damage|p1a: Reqles|72/100|[from] Recoil
|move|p2a: Hatterene|Trick Room|p2a: Hatterene
|-fieldstart|move: Trick Room|[of] p2a: Hatterene
|
|-heal|p2a: Hatterene|12/100|[from] Grassy Terrain
|-heal|p1a: Reqles|78/100|[from] Grassy Terrain
|upkeep
|turn|2
|
|t:|1759003748
|move|p1a: Reqles|Grassy Glide|p2a: Hatterene
|-damage|p2a: Hatterene|0 fnt
|faint|p2a: Hatterene
|
|-heal|p1a: Reqles|84/100|[from] Grassy Terrain
|upkeep
|l|☆Amino_Trap_Pkmn
|player|p1|
|
|t:|1759003773
|switch|p2a: Cresselia|Cresselia, F, shiny|100/100
|turn|3
|j|☆Amino_Trap_Pkmn
|player|p1|Amino_Trap_Pkmn|waiter|
|
|t:|1759003782
|move|p2a: Cresselia|Ice Beam|p1a: Reqles
|-supereffective|p1a: Reqles
|-damage|p1a: Reqles|44/100
|move|p1a: Reqles|U-turn|p2a: Cresselia
|-supereffective|p2a: Cresselia
|-damage|p2a: Cresselia|73/100
|-damage|p1a: Reqles|27/100|[from] item: Rocky Helmet|[of] p2a: Cresselia
|inactive|Battle timer is ON: inactive players will automatically lose when time's up. (requested by doomwhisper)
|
|t:|1759003790
|switch|p1a: Johto Finest|Tyranitar, M|100/100|[from] U-turn
|-weather|Sandstorm|[from] ability: Sand Stream|[of] p1a: Johto Finest
|
|-weather|Sandstorm|[upkeep]
|-damage|p2a: Cresselia|67/100|[from] Sandstorm
|upkeep
|turn|4
|
|t:|1759003799
|switch|p2a: Ursaluna|Ursaluna, M, shiny|100/100
|move|p1a: Johto Finest|Knock Off|p2a: Ursaluna
|-damage|p2a: Ursaluna|62/100
|-enditem|p2a: Ursaluna|Flame Orb|[from] move: Knock Off|[of] p1a: Johto Finest
|
|-weather|Sandstorm|[upkeep]
|-heal|p2a: Ursaluna|68/100|[from] Grassy Terrain
|upkeep
|turn|5
|
|t:|1759003813
|switch|p1a: Cheesetengo|Gholdengo|100/100
|-item|p1a: Cheesetengo|Air Balloon
|move|p2a: Ursaluna|Ice Punch|p1a: Cheesetengo
|-resisted|p1a: Cheesetengo
|-damage|p1a: Cheesetengo|91/100
|-enditem|p1a: Cheesetengo|Air Balloon
|
|-weather|Sandstorm|[upkeep]
|-heal|p2a: Ursaluna|74/100|[from] Grassy Terrain
|-heal|p1a: Cheesetengo|97/100|[from] Grassy Terrain
|-fieldend|move: Trick Room
|upkeep
|turn|6
|
|t:|1759003822
|move|p1a: Cheesetengo|Make It Rain|p2a: Ursaluna
|-damage|p2a: Ursaluna|23/100
|-unboost|p1a: Cheesetengo|spa|1
|move|p2a: Ursaluna|Headlong Rush|p1a: Cheesetengo
|-supereffective|p1a: Cheesetengo
|-damage|p1a: Cheesetengo|3/100
|-unboost|p2a: Ursaluna|def|1
|-unboost|p2a: Ursaluna|spd|1
|
|-weather|Sandstorm|[upkeep]
|-heal|p1a: Cheesetengo|9/100|[from] Grassy Terrain
|-heal|p2a: Ursaluna|29/100|[from] Grassy Terrain
|upkeep
|turn|7
|
|t:|1759003830
|switch|p2a: Cresselia|Cresselia, F, shiny|67/100
|move|p1a: Cheesetengo|Make It Rain|p2a: Cresselia
|-damage|p2a: Cresselia|47/100
|-unboost|p1a: Cheesetengo|spa|1
|
|-weather|none
|-heal|p1a: Cheesetengo|15/100|[from] Grassy Terrain
|upkeep
|turn|8
|
|t:|1759003843
|move|p1a: Cheesetengo|Recover|p1a: Cheesetengo
|-heal|p1a: Cheesetengo|65/100
|move|p2a: Cresselia|Lunar Dance|p2a: Cresselia
|faint|p2a: Cresselia
|
|-heal|p1a: Cheesetengo|72/100|[from] Grassy Terrain
|-fieldend|move: Grassy Terrain
|upkeep
|
|t:|1759003844
|switch|p2a: Ursaluna|Ursaluna, M, shiny|29/100
|-heal|p2a: Ursaluna|100/100|[from] move: Lunar Dance
|turn|9
|
|t:|1759003850
|switch|p1a: Reqles|Rillaboom, M|27/100
|-fieldstart|move: Grassy Terrain|[from] ability: Grassy Surge|[of] p1a: Reqles
|move|p2a: Ursaluna|Fire Punch|p1a: Reqles
|-supereffective|p1a: Reqles
|-damage|p1a: Reqles|0 fnt
|faint|p1a: Reqles
|
|upkeep
|
|t:|1759003867
|switch|p1a: Ellen Joe|Garchomp, F|100/100
|turn|10
|
|t:|1759003874
|move|p1a: Ellen Joe|Spikes|p2a: Ursaluna
|-sidestart|p2: doomwhisper|Spikes
|move|p2a: Ursaluna|Ice Punch|p1a: Ellen Joe
|-supereffective|p1a: Ellen Joe
|-damage|p1a: Ellen Joe|23/100
|-damage|p2a: Ursaluna|88/100|[from] ability: Rough Skin|[of] p1a: Ellen Joe
|-damage|p2a: Ursaluna|72/100|[from] item: Rocky Helmet|[of] p1a: Ellen Joe
|
|-heal|p1a: Ellen Joe|29/100|[from] Grassy Terrain
|-heal|p2a: Ursaluna|78/100|[from] Grassy Terrain
|upkeep
|turn|11
|
|t:|1759003883
|move|p1a: Ellen Joe|Spikes|p2a: Ursaluna
|-sidestart|p2: doomwhisper|Spikes
|move|p2a: Ursaluna|Ice Punch|p1a: Ellen Joe
|-supereffective|p1a: Ellen Joe
|-damage|p1a: Ellen Joe|0 fnt
|-damage|p2a: Ursaluna|65/100|[from] ability: Rough Skin|[of] p1a: Ellen Joe
|-damage|p2a: Ursaluna|49/100|[from] item: Rocky Helmet|[of] p1a: Ellen Joe
|faint|p1a: Ellen Joe
|
|-heal|p2a: Ursaluna|55/100|[from] Grassy Terrain
|upkeep
|
|t:|1759003890
|switch|p1a: King Caloglot|Chesnaught, M, shiny|100/100
|turn|12
|
|t:|1759003900
|move|p1a: King Caloglot|Grassy Glide|p2a: Ursaluna
|-supereffective|p2a: Ursaluna
|-damage|p2a: Ursaluna|4/100
|move|p2a: Ursaluna|Fire Punch|p1a: King Caloglot
|-supereffective|p1a: King Caloglot
|-damage|p1a: King Caloglot|52/100
|
|-heal|p1a: King Caloglot|58/100|[from] Grassy Terrain
|-heal|p2a: Ursaluna|10/100|[from] Grassy Terrain
|upkeep
|turn|13
|
|t:|1759003908
|move|p1a: King Caloglot|Drain Punch|p2a: Ursaluna
|-supereffective|p2a: Ursaluna
|-damage|p2a: Ursaluna|0 fnt
|-heal|p1a: King Caloglot|64/100|[from] drain|[of] p2a: Ursaluna
|faint|p2a: Ursaluna
|
|-heal|p1a: King Caloglot|70/100|[from] Grassy Terrain
|upkeep
|
|t:|1759003911
|switch|p2a: Ogerpon|Ogerpon, F|100/100
|-damage|p2a: Ogerpon|84/100|[from] Spikes
|turn|14
|
|t:|1759003922
|switch|p1a: Lightning Sucker|Zapdos|100/100
|move|p2a: Ogerpon|U-turn|p1a: Lightning Sucker
|-resisted|p1a: Lightning Sucker
|-damage|p1a: Lightning Sucker|80/100
|
|t:|1759003929
|switch|p2a: Keldeo|Keldeo-Resolute|100/100|[from] U-turn
|-damage|p2a: Keldeo|84/100|[from] Spikes
|
|-heal|p2a: Keldeo|90/100|[from] Grassy Terrain
|upkeep
|turn|15
|
|t:|1759003939
|-terastallize|p2a: Keldeo|Water
|move|p1a: Lightning Sucker|Hurricane|p2a: Keldeo
|-damage|p2a: Keldeo|22/100
|-start|p2a: Keldeo|confusion
|-activate|p2a: Keldeo|confusion
|move|p2a: Keldeo|Surf|p1a: Lightning Sucker
|-damage|p1a: Lightning Sucker|0 fnt
|faint|p1a: Lightning Sucker
|
|-heal|p2a: Keldeo|28/100|[from] Grassy Terrain
|upkeep
|
|t:|1759003943
|switch|p1a: King Caloglot|Chesnaught, M, shiny|70/100
|turn|16
|
|t:|1759003950
|switch|p2a: Ogerpon|Ogerpon, F|84/100
|-damage|p2a: Ogerpon|67/100|[from] Spikes
|move|p1a: King Caloglot|Grassy Glide|p2a: Ogerpon
|-resisted|p2a: Ogerpon
|-damage|p2a: Ogerpon|44/100
|
|-heal|p2a: Ogerpon|50/100|[from] Grassy Terrain
|-heal|p1a: King Caloglot|76/100|[from] Grassy Terrain
|-fieldend|move: Grassy Terrain
|upkeep
|turn|17
|
|t:|1759003959
|move|p2a: Ogerpon|Superpower|p1a: King Caloglot
|-damage|p1a: King Caloglot|30/100
|-unboost|p2a: Ogerpon|atk|1
|-unboost|p2a: Ogerpon|def|1
|-enditem|p1a: King Caloglot|Sitrus Berry|[eat]
|-heal|p1a: King Caloglot|55/100|[from] item: Sitrus Berry
|move|p1a: King Caloglot|Drain Punch|p2a: Ogerpon
|-damage|p2a: Ogerpon|0 fnt
|-heal|p1a: King Caloglot|75/100|[from] drain|[of] p2a: Ogerpon
|faint|p2a: Ogerpon
|
|upkeep
|
|t:|1759003966
|switch|p2a: Iron Valiant|Iron Valiant|100/100
|-damage|p2a: Iron Valiant|84/100|[from] Spikes
|-enditem|p2a: Iron Valiant|Booster Energy
|-activate|p2a: Iron Valiant|ability: Quark Drive|[fromitem]
|-start|p2a: Iron Valiant|quarkdrivespe
|turn|18
|
|t:|1759003981
|switch|p1a: Cheesetengo|Gholdengo|72/100
|move|p2a: Iron Valiant|Moonblast|p1a: Cheesetengo
|-resisted|p1a: Cheesetengo
|-damage|p1a: Cheesetengo|50/100
|
|upkeep
|turn|19
|
|t:|1759003998
|-terastallize|p1a: Cheesetengo|Fairy
|move|p2a: Iron Valiant|Destiny Bond|p2a: Iron Valiant
|-singlemove|p2a: Iron Valiant|Destiny Bond
|move|p1a: Cheesetengo|Recover|p1a: Cheesetengo
|-heal|p1a: Cheesetengo|99/100
|
|upkeep
|turn|20
|
|t:|1759004006
|move|p2a: Iron Valiant|Moonblast|p1a: Cheesetengo
|-damage|p1a: Cheesetengo|55/100
|move|p1a: Cheesetengo|Make It Rain|p2a: Iron Valiant
|-supereffective|p2a: Iron Valiant
|-damage|p2a: Iron Valiant|0 fnt
|-unboost|p1a: Cheesetengo|spa|1
|faint|p2a: Iron Valiant
|-end|p2a: Iron Valiant|Quark Drive|[silent]
|
|upkeep
|
|t:|1759004012
|switch|p2a: Keldeo|Keldeo-Resolute, tera:Water|28/100
|-damage|p2a: Keldeo|11/100|[from] Spikes
|turn|21
|
|t:|1759004020
|move|p2a: Keldeo|Surf|p1a: Cheesetengo
|-damage|p1a: Cheesetengo|0 fnt
|faint|p1a: Cheesetengo
|
|upkeep
|
|t:|1759004023
|switch|p1a: King Caloglot|Chesnaught, M, shiny|75/100
|turn|22
|
|t:|1759004025
|move|p2a: Keldeo|Surf|p1a: King Caloglot
|-resisted|p1a: King Caloglot
|-damage|p1a: King Caloglot|11/100
|move|p1a: King Caloglot|Grassy Glide|p2a: Keldeo
|-supereffective|p2a: Keldeo
|-damage|p2a: Keldeo|0 fnt
|faint|p2a: Keldeo
|
|win|Amino_Trap_Pkmn
|raw|Amino_Trap_Pkmn's rating: 1433 &rarr; <strong>1451</strong><br />(+18 for winning)
|raw|doomwhisper's rating: 1399 &rarr; <strong>1381</strong><br />(-18 for losing)
|l|☆doomwhisper
|player|p2|
