|badge|p1|bronze|gen9ou|100-6
|badge|p1|bronze|gen9ru|100-6
|badge|p1|bronze|gen9uu|100-6
|html|<div class="broadcast-red"><strong>This battle is required to be public due to one or more player having a season medal.</strong><br />During the public phase, you can discuss the state of the ladder <a href="/seasondiscussion">in a special chatroom.</a></div>
|uhtml|medal-msg|<div class="broadcast-blue">Curious what those medals under the avatar are? PS now has Ladder Seasons! For more information, check out the <a href="https://www.smogon.com/forums/threads/3740067/">thread on Smogon.</a></div>
|badge|p2|bronze|gen9ou|100-6
|uhtml|medal-msg|<div class="broadcast-blue">Curious what those medals under the avatar are? PS now has Ladder Seasons! For more information, check out the <a href="https://www.smogon.com/forums/threads/3740067/">thread on Smogon.</a></div>
|raw|<div class="broadcast-blue"><strong>This battle is required to be public due to a player having a name starting with 'medal'.</div>
|j|☆Sirpeanutcronch
|j|☆yesterdaymister
|t:|1759005132
|gametype|singles
|player|p1|Sirpeanutcronch|#wcop2025africa|1822
|player|p2|yesterdaymister|striker|1856
|gen|9
|tier|[Gen 9] OU
|rated|
|rule|HP Percentage Mod: HP is shown in percentages
|rule|Endless Battle Clause: Forcing endless battles is banned
|rule|Species Clause: Limit one of each Pokémon
|rule|OHKO Clause: OHKO moves are banned
|rule|Evasion Items Clause: Evasion items are banned
|rule|Evasion Moves Clause: Evasion moves are banned
|rule|Evasion Abilities Clause: Evasion abilities are banned
|rule|Sleep Moves Clause: Sleep-inducing moves are banned
|clearpoke
|poke|p1|Darkrai|
|poke|p1|Landorus-Therian, M|
|poke|p1|Zamazenta-*|
|poke|p1|Raging Bolt|
|poke|p1|Primarina, F|
|poke|p1|Scizor, F|
|poke|p2|Ninetales, F|
|poke|p2|Ceruledge, F|
|poke|p2|Venusaur, M|
|poke|p2|Hatterene, F|
|poke|p2|Great Tusk|
|poke|p2|Walking Wake|
|teampreview
|inactive|Battle timer is ON: inactive players will automatically lose when time's up. (requested by yesterdaymister)
|
|t:|1759005143
|teamsize|p1|6
|teamsize|p2|6
|start
|switch|p1a: Raging Bolt|Raging Bolt|100/100
|switch|p2a: arda guler|Ninetales, F|100/100
|-weather|SunnyDay|[from] ability: Drought|[of] p2a: arda guler
|-activate|p1a: Raging Bolt|ability: Protosynthesis
|-start|p1a: Raging Bolt|protosynthesisspa
|turn|1
|
|t:|1759005148
|switch|p2a: mignolet|Great Tusk|100/100
|-activate|p2a: mignolet|ability: Protosynthesis
|-start|p2a: mignolet|protosynthesisspe
|move|p1a: Raging Bolt|Calm Mind|p1a: Raging Bolt
|-boost|p1a: Raging Bolt|spa|1
|-boost|p1a: Raging Bolt|spd|1
|
|-weather|SunnyDay|[upkeep]
|upkeep
|turn|2
|
|t:|1759005153
|-terastallize|p1a: Raging Bolt|Bug
|move|p2a: mignolet|Headlong Rush|p1a: Raging Bolt
|-resisted|p1a: Raging Bolt
|-damage|p1a: Raging Bolt|80/100
|-unboost|p2a: mignolet|def|1
|-unboost|p2a: mignolet|spd|1
|move|p1a: Raging Bolt|Dragon Pulse|p2a: mignolet
|-damage|p2a: mignolet|0 fnt
|faint|p2a: mignolet
|-end|p2a: mignolet|Protosynthesis|[silent]
|
|-weather|SunnyDay|[upkeep]
|upkeep
|
|t:|1759005164
|switch|p2a: lebron|Ceruledge, F|100/100
|turn|3
|
|t:|1759005167
|-end|p1a: Raging Bolt|Protosynthesis|[silent]
|switch|p1a: Landorus|Landorus-Therian, M|100/100
|-ability|p1a: Landorus|Intimidate|boost
|-unboost|p2a: lebron|atk|1
|move|p2a: lebron|Bitter Blade|p1a: Landorus
|-damage|p1a: Landorus|56/100
|-damage|p2a: lebron|84/100|[from] item: Rocky Helmet|[of] p1a: Landorus
|
|-weather|SunnyDay|[upkeep]
|upkeep
|turn|4
|
|t:|1759005174
|switch|p2a: maccabi|Hatterene, F|100/100
|move|p1a: Landorus|Earth Power|p2a: maccabi
|-damage|p2a: maccabi|66/100
|-enditem|p2a: maccabi|Eject Button
|
|t:|1759005179
|switch|p2a: hans vanaken|Venusaur, M|100/100
|
|-weather|SunnyDay|[upkeep]
|upkeep
|turn|5
|
|t:|1759005188
|move|p2a: hans vanaken|Growth|p2a: hans vanaken
|-boost|p2a: hans vanaken|atk|2
|-boost|p2a: hans vanaken|spa|2
|move|p1a: Landorus|U-turn|p2a: hans vanaken
|-damage|p2a: hans vanaken|74/100
|
|t:|1759005198
|switch|p1a: Scizor|Scizor, F|100/100|[from] U-turn
|
|-weather|SunnyDay|[upkeep]
|upkeep
|turn|6
|
|t:|1759005204
|-terastallize|p2a: hans vanaken|Fire
|move|p1a: Scizor|Bullet Punch|p2a: hans vanaken
|-resisted|p2a: hans vanaken
|-damage|p2a: hans vanaken|42/100
|move|p2a: hans vanaken|Weather Ball|p1a: Scizor
|-supereffective|p1a: Scizor
|-damage|p1a: Scizor|0 fnt
|faint|p1a: Scizor
|-damage|p2a: hans vanaken|32/100|[from] item: Life Orb
|
|-weather|SunnyDay|[upkeep]
|upkeep
|
|t:|1759005209
|switch|p1a: Raging Bolt|Raging Bolt, tera:Bug|80/100
|-activate|p1a: Raging Bolt|ability: Protosynthesis
|-start|p1a: Raging Bolt|protosynthesisspa
|turn|7
|
|t:|1759005215
|switch|p2a: arda guler|Ninetales, F|100/100
|move|p1a: Raging Bolt|Thunderclap||[still]
|-fail|p1a: Raging Bolt
|
|-weather|SunnyDay|[upkeep]
|upkeep
|turn|8
|
|t:|1759005218
|-end|p1a: Raging Bolt|Protosynthesis|[silent]
|switch|p1a: Landorus|Landorus-Therian, M|56/100
|-ability|p1a: Landorus|Intimidate|boost
|-unboost|p2a: arda guler|atk|1
|move|p2a: arda guler|Encore||[still]
|-fail|p2a: arda guler
|
|-weather|none
|upkeep
|turn|9
|j| Le Bouquetin
|
|t:|1759005228
|switch|p2a: maccabi|Hatterene, F|66/100
|move|p1a: Landorus|Earth Power|p2a: maccabi
|-damage|p2a: maccabi|32/100
|
|upkeep
|turn|10
|
|t:|1759005231
|move|p1a: Landorus|Earth Power|p2a: maccabi
|-damage|p2a: maccabi|0 fnt
|faint|p2a: maccabi
|
|upkeep
|inactive|yesterdaymister has 120 seconds left.
|
|t:|1759005263
|switch|p2a: arda guler|Ninetales, F|100/100
|-weather|SunnyDay|[from] ability: Drought|[of] p2a: arda guler
|turn|11
|
|t:|1759005267
|switch|p2a: chama|Walking Wake|100/100
|-activate|p2a: chama|ability: Protosynthesis
|-start|p2a: chama|protosynthesisspa
|switch|p1a: Primarina|Primarina, F|100/100
|
|-weather|SunnyDay|[upkeep]
|upkeep
|turn|12
|
|t:|1759005278
|-end|p2a: chama|Protosynthesis|[silent]
|switch|p2a: lebron|Ceruledge, F|84/100
|move|p1a: Primarina|Moonblast|p2a: lebron
|-resisted|p2a: lebron
|-damage|p2a: lebron|54/100
|
|-weather|SunnyDay|[upkeep]
|upkeep
|turn|13
|
|t:|1759005283
|switch|p1a: Landorus|Landorus-Therian, M|56/100
|-ability|p1a: Landorus|Intimidate|boost
|-unboost|p2a: lebron|atk|1
|move|p2a: lebron|Bitter Blade|p1a: Landorus
|-damage|p1a: Landorus|14/100
|-heal|p2a: lebron|82/100|[from] drain|[of] p1a: Landorus
|-damage|p2a: lebron|65/100|[from] item: Rocky Helmet|[of] p1a: Landorus
|
|-weather|SunnyDay|[upkeep]
|upkeep
|turn|14
|
|t:|1759005292
|switch|p2a: chama|Walking Wake|100/100
|-activate|p2a: chama|ability: Protosynthesis
|-start|p2a: chama|protosynthesisspa
|move|p1a: Landorus|Earth Power|p2a: chama
|-damage|p2a: chama|60/100
|
|-weather|SunnyDay|[upkeep]
|upkeep
|turn|15
|
|t:|1759005295
|move|p2a: chama|Hydro Steam|p1a: Landorus
|-supereffective|p1a: Landorus
|-damage|p1a: Landorus|0 fnt
|faint|p1a: Landorus
|
|-weather|SunnyDay|[upkeep]
|upkeep
|
|t:|1759005298
|switch|p1a: Primarina|Primarina, F|100/100
|turn|16
|
|t:|1759005307
|-end|p2a: chama|Protosynthesis|[silent]
|switch|p2a: lebron|Ceruledge, F|65/100
|move|p1a: Primarina|Moonblast|p2a: lebron
|-resisted|p2a: lebron
|-damage|p2a: lebron|37/100
|
|-weather|SunnyDay|[upkeep]
|upkeep
|turn|17
|
|t:|1759005330
|switch|p1a: Zamazenta|Zamazenta|100/100
|-ability|p1a: Zamazenta|Dauntless Shield|boost
|-boost|p1a: Zamazenta|def|1
|move|p2a: lebron|Bitter Blade|p1a: Zamazenta
|-damage|p1a: Zamazenta|61/100
|-heal|p2a: lebron|59/100|[from] drain|[of] p1a: Zamazenta
|
|-weather|SunnyDay|[upkeep]
|upkeep
|turn|18
|
|t:|1759005338
|move|p1a: Zamazenta|Crunch|p2a: lebron
|-supereffective|p2a: lebron
|-damage|p2a: lebron|0 fnt
|faint|p2a: lebron
|
|-weather|none
|upkeep
|
|t:|1759005342
|switch|p2a: arda guler|Ninetales, F|100/100
|-weather|SunnyDay|[from] ability: Drought|[of] p2a: arda guler
|turn|19
|
|t:|1759005349
|move|p1a: Zamazenta|Stone Edge|p2a: arda guler
|-supereffective|p2a: arda guler
|-damage|p2a: arda guler|16/100
|move|p2a: arda guler|Will-O-Wisp|p1a: Zamazenta
|-status|p1a: Zamazenta|brn
|
|-weather|SunnyDay|[upkeep]
|-damage|p1a: Zamazenta|55/100 brn|[from] brn
|upkeep
|turn|20
|
|t:|1759005358
|move|p1a: Zamazenta|Close Combat|p2a: arda guler
|-damage|p2a: arda guler|0 fnt
|-unboost|p1a: Zamazenta|def|1
|-unboost|p1a: Zamazenta|spd|1
|faint|p2a: arda guler
|
|-weather|SunnyDay|[upkeep]
|-damage|p1a: Zamazenta|49/100 brn|[from] brn
|upkeep
|
|t:|1759005365
|switch|p2a: hans vanaken|Venusaur, M, tera:Fire|32/100
|turn|21
|
|t:|1759005368
|move|p2a: hans vanaken|Giga Drain|p1a: Zamazenta
|-damage|p1a: Zamazenta|0 fnt
|-heal|p2a: hans vanaken|59/100|[from] drain|[of] p1a: Zamazenta
|faint|p1a: Zamazenta
|-damage|p2a: hans vanaken|49/100|[from] item: Life Orb
|
|-weather|SunnyDay|[upkeep]
|upkeep
|
|t:|1759005371
|switch|p1a: Raging Bolt|Raging Bolt, tera:Bug|80/100
|-activate|p1a: Raging Bolt|ability: Protosynthesis
|-start|p1a: Raging Bolt|protosynthesisspa
|turn|22
|
|t:|1759005392
|move|p2a: hans vanaken|Weather Ball|p1a: Raging Bolt
|-supereffective|p1a: Raging Bolt
|-damage|p1a: Raging Bolt|0 fnt
|faint|p1a: Raging Bolt
|-end|p1a: Raging Bolt|Protosynthesis|[silent]
|-damage|p2a: hans vanaken|39/100|[from] item: Life Orb
|
|-weather|SunnyDay|[upkeep]
|upkeep
|inactive|Sirpeanutcronch has 120 seconds left.
|
|t:|1759005415
|switch|p1a: Darkrai|Darkrai|100/100
|turn|23
|
|t:|1759005432
|move|p2a: hans vanaken|Weather Ball|p1a: Darkrai
|-damage|p1a: Darkrai|0 fnt
|faint|p1a: Darkrai
|-damage|p2a: hans vanaken|29/100|[from] item: Life Orb
|
|-weather|SunnyDay|[upkeep]
|upkeep
|
|t:|1759005434
|switch|p1a: Primarina|Primarina, F|100/100
|turn|24
|
|t:|1759005438
|move|p2a: hans vanaken|Giga Drain|p1a: Primarina
|-supereffective|p1a: Primarina
|-damage|p1a: Primarina|49/100
|-heal|p2a: hans vanaken|60/100|[from] drain|[of] p1a: Primarina
|-damage|p2a: hans vanaken|50/100|[from] item: Life Orb
|move|p1a: Primarina|Surf|p2a: hans vanaken
|-supereffective|p2a: hans vanaken
|-damage|p2a: hans vanaken|0 fnt
|faint|p2a: hans vanaken
|
|-weather|SunnyDay|[upkeep]
|upkeep
|
|t:|1759005442
|switch|p2a: chama|Walking Wake|60/100
|-activate|p2a: chama|ability: Protosynthesis
|-start|p2a: chama|protosynthesisspa
|turn|25
|
|t:|1759005446
|move|p2a: chama|Hydro Steam|p1a: Primarina
|-resisted|p1a: Primarina
|-damage|p1a: Primarina|13/100
|move|p1a: Primarina|Moonblast|p2a: chama
|-supereffective|p2a: chama
|-damage|p2a: chama|0 fnt
|faint|p2a: chama
|-end|p2a: chama|Protosynthesis|[silent]
|
|win|Sirpeanutcronch
|raw|Sirpeanutcronch's rating: 1822 &rarr; <strong>1844</strong><br />(+22 for winning)
|raw|yesterdaymister's rating: 1856 &rarr; <strong>1834</strong><br />(-22 for losing)
|l|☆yesterdaymister
|player|p2|
|l| Le Bouquetin
|j| ch0r0ng
|l| ch0r0ng
