|j|☆pastagirl
|j|☆chaheed
|t:|1759040533
|gametype|singles
|player|p1|pastagirl|elesa|1693
|player|p2|chaheed|ninjaboy|1747
|gen|9
|tier|[Gen 9] OU
|rated|
|rule|HP Percentage Mod: HP is shown in percentages
|rule|Endless Battle Clause: Forcing endless battles is banned
|rule|Species Clause: Limit one of each Pokémon
|rule|OHKO Clause: OHKO moves are banned
|rule|Evasion Items Clause: Evasion items are banned
|rule|Evasion Moves Clause: Evasion moves are banned
|rule|Evasion Abilities Clause: Evasion abilities are banned
|rule|Sleep Moves Clause: Sleep-inducing moves are banned
|clearpoke
|poke|p1|Cresselia, F|
|poke|p1|Hatterene, F|
|poke|p1|Porygon2|
|poke|p1|Ursaluna, M|
|poke|p1|Iron Hands|
|poke|p1|Enamorus-Therian, F|
|poke|p2|Dragonite, F|
|poke|p2|Dragapult, M|
|poke|p2|Iron Moth|
|poke|p2|Greninja-*, M|
|poke|p2|Serperior, F|
|poke|p2|Iron Treads|
|teampreview
|
|t:|1759040540
|teamsize|p1|6
|teamsize|p2|6
|start
|switch|p1a: ERASERHEAD|Porygon2|100/100
|switch|p2a: Dragapult|Dragapult, M|100/100
|-ability|p1a: ERASERHEAD|Download|boost
|-boost|p1a: ERASERHEAD|atk|1
|turn|1
|inactive|Battle timer is ON: inactive players will automatically lose when time's up. (requested by chaheed)
|
|t:|1759040545
|move|p2a: Dragapult|Dragon Darts|p1a: ERASERHEAD
|-damage|p1a: ERASERHEAD|84/100
|-anim|p2a: Dragapult|Dragon Darts|p1a: ERASERHEAD
|-damage|p1a: ERASERHEAD|69/100
|move|p1a: ERASERHEAD|Trick Room|p1a: ERASERHEAD
|-fieldstart|move: Trick Room|[of] p1a: ERASERHEAD
|
|upkeep
|turn|2
|
|t:|1759040551
|switch|p1a: INLAND EMPIRE|Enamorus-Therian, F|100/100
|move|p2a: Dragapult|Dragon Darts|p1a: INLAND EMPIRE
|-immune|p1a: INLAND EMPIRE
|
|upkeep
|turn|3
|
|t:|1759040556
|move|p1a: INLAND EMPIRE|Earth Power|p2a: Dragapult
|-damage|p2a: Dragapult|36/100
|-damage|p1a: INLAND EMPIRE|91/100|[from] item: Life Orb
|move|p2a: Dragapult|Hex|p1a: INLAND EMPIRE
|-damage|p1a: INLAND EMPIRE|66/100
|
|upkeep
|turn|4
|
|t:|1759040566
|move|p1a: INLAND EMPIRE|Moonblast|p2a: Dragapult
|-supereffective|p2a: Dragapult
|-damage|p2a: Dragapult|0 fnt
|faint|p2a: Dragapult
|-damage|p1a: INLAND EMPIRE|56/100|[from] item: Life Orb
|
|upkeep
|
|t:|1759040590
|switch|p2a: Serperior|Serperior, F|100/100
|turn|5
|
|t:|1759040607
|-terastallize|p1a: INLAND EMPIRE|Fairy
|move|p1a: INLAND EMPIRE|Moonblast|p2a: Serperior
|-damage|p2a: Serperior|0 fnt
|faint|p2a: Serperior
|-damage|p1a: INLAND EMPIRE|46/100|[from] item: Life Orb
|
|-fieldend|move: Trick Room
|upkeep
|
|t:|1759040625
|switch|p2a: Greninja|Greninja, M|100/100
|turn|6
|
|t:|1759040642
|switch|p1a: LOST HIGHWAY|Cresselia, F|100/100
|move|p2a: Greninja|Surf|p1a: LOST HIGHWAY
|-damage|p1a: LOST HIGHWAY|68/100
|-damage|p2a: Greninja|91/100|[from] item: Life Orb
|
|upkeep
|turn|7
|
|t:|1759040649
|move|p2a: Greninja|Dark Pulse|p1a: LOST HIGHWAY
|-supereffective|p1a: LOST HIGHWAY
|-damage|p1a: LOST HIGHWAY|8/100
|-damage|p2a: Greninja|81/100|[from] item: Life Orb
|move|p1a: LOST HIGHWAY|Trick Room|p1a: LOST HIGHWAY
|-fieldstart|move: Trick Room|[of] p1a: LOST HIGHWAY
|
|upkeep
|turn|8
|
|t:|1759040659
|switch|p1a: THE ELEPHANT MAN|Iron Hands|100/100
|move|p2a: Greninja|Surf|p1a: THE ELEPHANT MAN
|-damage|p1a: THE ELEPHANT MAN|56/100
|-damage|p2a: Greninja|71/100|[from] item: Life Orb
|
|upkeep
|turn|9
|
|t:|1759040670
|move|p2a: Greninja|Water Shuriken|p1a: THE ELEPHANT MAN
|-damage|p1a: THE ELEPHANT MAN|47/100
|-crit|p1a: THE ELEPHANT MAN
|-damage|p1a: THE ELEPHANT MAN|36/100
|-hitcount|p1a: THE ELEPHANT MAN|2
|-damage|p2a: Greninja|61/100|[from] item: Life Orb
|move|p1a: THE ELEPHANT MAN|Close Combat|p2a: Greninja
|-supereffective|p2a: Greninja
|-damage|p2a: Greninja|0 fnt
|-unboost|p1a: THE ELEPHANT MAN|def|1
|-unboost|p1a: THE ELEPHANT MAN|spd|1
|faint|p2a: Greninja
|-damage|p1a: THE ELEPHANT MAN|26/100|[from] item: Life Orb
|
|upkeep
|inactive|chaheed has 120 seconds left.
|
|t:|1759040722
|switch|p2a: Iron Treads|Iron Treads|100/100
|-enditem|p2a: Iron Treads|Booster Energy
|-activate|p2a: Iron Treads|ability: Quark Drive|[fromitem]
|-start|p2a: Iron Treads|quarkdrivespe
|turn|10
|
|t:|1759040728
|-terastallize|p2a: Iron Treads|Ghost
|move|p1a: THE ELEPHANT MAN|Close Combat|p2a: Iron Treads
|-immune|p2a: Iron Treads
|move|p2a: Iron Treads|Earthquake|p1a: THE ELEPHANT MAN
|-supereffective|p1a: THE ELEPHANT MAN
|-damage|p1a: THE ELEPHANT MAN|0 fnt
|faint|p1a: THE ELEPHANT MAN
|-end|p1a: THE ELEPHANT MAN|Quark Drive|[silent]
|
|upkeep
|
|t:|1759040739
|switch|p1a: INLAND EMPIRE|Enamorus-Therian, F, tera:Fairy|46/100
|turn|11
|inactive|chaheed has 90 seconds left.
|
|t:|1759040774
|move|p1a: INLAND EMPIRE|Moonblast|p2a: Iron Treads
|-damage|p2a: Iron Treads|0 fnt
|faint|p2a: Iron Treads
|-end|p2a: Iron Treads|Quark Drive|[silent]
|-damage|p1a: INLAND EMPIRE|36/100|[from] item: Life Orb
|
|-fieldend|move: Trick Room
|upkeep
|
|t:|1759040780
|switch|p2a: Iron Moth|Iron Moth|100/100
|-enditem|p2a: Iron Moth|Booster Energy
|-activate|p2a: Iron Moth|ability: Quark Drive|[fromitem]
|-start|p2a: Iron Moth|quarkdrivespe
|turn|12
|
|t:|1759040785
|switch|p1a: LOST HIGHWAY|Cresselia, F|8/100
|move|p2a: Iron Moth|Fiery Dance|p1a: LOST HIGHWAY
|-damage|p1a: LOST HIGHWAY|0 fnt
|-boost|p2a: Iron Moth|spa|1
|faint|p1a: LOST HIGHWAY
|
|upkeep
|
|t:|1759040787
|switch|p1a: BLUE VELVET|Hatterene, F|100/100
|turn|13
|
|t:|1759040797
|move|p2a: Iron Moth|Sludge Wave|p1a: BLUE VELVET
|-supereffective|p1a: BLUE VELVET
|-enditem|p1a: BLUE VELVET|Focus Sash
|-damage|p1a: BLUE VELVET|1/100
|move|p1a: BLUE VELVET|Trick Room|p1a: BLUE VELVET
|-fieldstart|move: Trick Room|[of] p1a: BLUE VELVET
|
|upkeep
|turn|14
|
|t:|1759040817
|move|p1a: BLUE VELVET|Healing Wish|p1a: BLUE VELVET
|faint|p1a: BLUE VELVET
|move|p2a: Iron Moth|Substitute|p2a: Iron Moth
|-start|p2a: Iron Moth|Substitute
|-damage|p2a: Iron Moth|76/100
|
|upkeep
|
|t:|1759040833
|switch|p1a: WILD AT HEART|Ursaluna, M|100/100
|turn|15
|
|t:|1759040837
|move|p1a: WILD AT HEART|Facade|p2a: Iron Moth
|-end|p2a: Iron Moth|Substitute
|move|p2a: Iron Moth|Energy Ball|p1a: WILD AT HEART
|-supereffective|p1a: WILD AT HEART
|-damage|p1a: WILD AT HEART|19/100
|
|-status|p1a: WILD AT HEART|brn|[from] item: Flame Orb
|upkeep
|turn|16
|
|t:|1759040859
|-end|p2a: Iron Moth|Quark Drive|[silent]
|switch|p2a: Dragonite|Dragonite, F|100/100
|move|p1a: WILD AT HEART|Facade|p2a: Dragonite
|-damage|p2a: Dragonite|35/100
|
|-damage|p1a: WILD AT HEART|13/100 brn|[from] brn
|upkeep
|turn|17
|
|t:|1759040867
|move|p1a: WILD AT HEART|Facade|p2a: Dragonite
|-damage|p2a: Dragonite|0 fnt
|faint|p2a: Dragonite
|
|-damage|p1a: WILD AT HEART|7/100 brn|[from] brn
|-fieldend|move: Trick Room
|upkeep
|
|t:|1759040873
|switch|p2a: Iron Moth|Iron Moth|76/100
|turn|18
|
|t:|1759040878
|move|p2a: Iron Moth|Fiery Dance|p1a: WILD AT HEART
|-damage|p1a: WILD AT HEART|0 fnt
|-boost|p2a: Iron Moth|spa|1
|faint|p1a: WILD AT HEART
|
|upkeep
|
|t:|1759040882
|switch|p1a: ERASERHEAD|Porygon2|69/100
|-heal|p1a: ERASERHEAD|100/100|[from] move: Healing Wish
|-ability|p1a: ERASERHEAD|Download|boost
|-boost|p1a: ERASERHEAD|atk|1
|turn|19
|
|t:|1759040890
|move|p2a: Iron Moth|Substitute|p2a: Iron Moth
|-start|p2a: Iron Moth|Substitute
|-damage|p2a: Iron Moth|51/100
|move|p1a: ERASERHEAD|Trick Room|p1a: ERASERHEAD
|-fieldstart|move: Trick Room|[of] p1a: ERASERHEAD
|
|upkeep
|turn|20
|
|t:|1759040894
|move|p1a: ERASERHEAD|Tera Blast|p2a: Iron Moth
|-end|p2a: Iron Moth|Substitute
|move|p2a: Iron Moth|Fiery Dance|p1a: ERASERHEAD
|-damage|p1a: ERASERHEAD|62/100
|
|upkeep
|turn|21
|
|t:|1759040900
|move|p1a: ERASERHEAD|Tera Blast|p2a: Iron Moth
|-damage|p2a: Iron Moth|13/100
|move|p2a: Iron Moth|Sludge Wave|p1a: ERASERHEAD
|-damage|p1a: ERASERHEAD|13/100
|
|upkeep
|turn|22
|c|☆pastagirl|gg
|
|t:|1759040906
|move|p1a: ERASERHEAD|Tera Blast|p2a: Iron Moth
|-damage|p2a: Iron Moth|0 fnt
|faint|p2a: Iron Moth
|-end|p2a: Iron Moth|Quark Drive|[silent]
|
|win|pastagirl
|raw|pastagirl's rating: 1693 &rarr; <strong>1716</strong><br />(+23 for winning)
|raw|chaheed's rating: 1747 &rarr; <strong>1724</strong><br />(-23 for losing)
|l|☆chaheed
|player|p2|
