|j|☆dns77777
|j|☆SuperNinjaMan
|t:|1758920727
|gametype|singles
|player|p1|dns77777|102|1315
|player|p2|SuperNinjaMan|koga|1340
|gen|9
|tier|[Gen 9] OU
|rated|
|rule|HP Percentage Mod: HP is shown in percentages
|rule|Endless Battle Clause: Forcing endless battles is banned
|rule|Species Clause: Limit one of each Pokémon
|rule|OHKO Clause: OHKO moves are banned
|rule|Evasion Items Clause: Evasion items are banned
|rule|Evasion Moves Clause: Evasion moves are banned
|rule|Evasion Abilities Clause: Evasion abilities are banned
|rule|Sleep Moves Clause: Sleep-inducing moves are banned
|clearpoke
|poke|p1|Gholdengo|
|poke|p1|Great Tusk|
|poke|p1|Dragonite, F|
|poke|p1|Walking Wake|
|poke|p1|Iron Moth|
|poke|p1|Kingambit, F|
|poke|p2|Tyranitar, F|
|poke|p2|Scizor, M|
|poke|p2|Latias, F|
|poke|p2|Excadrill, M|
|poke|p2|Tropius, M|
|poke|p2|Rotom-Heat|
|teampreview
|
|t:|1758920740
|teamsize|p1|6
|teamsize|p2|6
|start
|switch|p1a: Gholdengo|Gholdengo|100/100
|switch|p2a: Scizor|Scizor, M|100/100
|turn|1
|
|t:|1758920747
|move|p1a: Gholdengo|Thunder Wave|p2a: Scizor
|-status|p2a: Scizor|par
|cant|p2a: Scizor|par
|
|upkeep
|turn|2
|
|t:|1758920755
|switch|p1a: Great Tusk|Great Tusk|100/100
|move|p2a: Scizor|U-turn|p1a: Great Tusk
|-resisted|p1a: Great Tusk
|-damage|p1a: Great Tusk|80/100
|-damage|p2a: Scizor|84/100 par|[from] item: Rocky Helmet|[of] p1a: Great Tusk
|
|t:|1758920762
|switch|p2a: Rotom|Rotom-Heat|100/100|[from] U-turn
|
|upkeep
|turn|3
|
|t:|1758920771
|-terastallize|p1a: Great Tusk|Fire
|move|p1a: Great Tusk|Close Combat|p2a: Rotom
|-damage|p2a: Rotom|27/100
|-unboost|p1a: Great Tusk|def|1
|-unboost|p1a: Great Tusk|spd|1
|move|p2a: Rotom|Overheat|p1a: Great Tusk
|-resisted|p1a: Great Tusk
|-damage|p1a: Great Tusk|0 fnt
|-unboost|p2a: Rotom|spa|2
|faint|p1a: Great Tusk
|-end|p1a: Great Tusk|Protosynthesis|[silent]
|
|upkeep
|
|t:|1758920783
|switch|p1a: Dragonite|Dragonite, F|100/100
|turn|4
|
|t:|1758920786
|switch|p2a: Tyranitar|Tyranitar, F|100/100
|-weather|Sandstorm|[from] ability: Sand Stream|[of] p2a: Tyranitar
|move|p1a: Dragonite|Dragon Dance|p1a: Dragonite
|-boost|p1a: Dragonite|atk|1
|-boost|p1a: Dragonite|spe|1
|
|-weather|Sandstorm|[upkeep]
|-damage|p1a: Dragonite|94/100|[from] Sandstorm
|-heal|p1a: Dragonite|100/100|[from] item: Leftovers
|upkeep
|turn|5
|
|t:|1758920799
|switch|p2a: Rotom|Rotom-Heat|27/100
|move|p1a: Dragonite|Earthquake|p2a: Rotom
|-immune|p2a: Rotom|[from] ability: Levitate
|
|-weather|Sandstorm|[upkeep]
|-damage|p2a: Rotom|20/100|[from] Sandstorm
|-damage|p1a: Dragonite|94/100|[from] Sandstorm
|-heal|p1a: Dragonite|100/100|[from] item: Leftovers
|upkeep
|turn|6
|
|t:|1758920810
|switch|p2a: Scizor|Scizor, M|84/100 par
|move|p1a: Dragonite|Extreme Speed|p2a: Scizor
|-resisted|p2a: Scizor
|-damage|p2a: Scizor|57/100 par
|
|-weather|Sandstorm|[upkeep]
|-damage|p1a: Dragonite|94/100|[from] Sandstorm
|-heal|p1a: Dragonite|100/100|[from] item: Leftovers
|upkeep
|turn|7
|
|t:|1758920819
|move|p1a: Dragonite|Dragon Dance|p1a: Dragonite
|-boost|p1a: Dragonite|atk|1
|-boost|p1a: Dragonite|spe|1
|move|p2a: Scizor|U-turn|p1a: Dragonite
|-resisted|p1a: Dragonite
|-damage|p1a: Dragonite|86/100
|
|t:|1758920821
|switch|p2a: Tyranitar|Tyranitar, F|100/100|[from] U-turn
|
|-weather|Sandstorm|[upkeep]
|-damage|p1a: Dragonite|80/100|[from] Sandstorm
|-heal|p1a: Dragonite|86/100|[from] item: Leftovers
|upkeep
|turn|8
|
|t:|1758920833
|switch|p2a: Rotom|Rotom-Heat|20/100
|move|p1a: Dragonite|Earthquake|p2a: Rotom
|-immune|p2a: Rotom|[from] ability: Levitate
|
|-weather|none
|-heal|p1a: Dragonite|92/100|[from] item: Leftovers
|upkeep
|turn|9
|
|t:|1758920842
|move|p1a: Dragonite|Extreme Speed|p2a: Rotom
|-damage|p2a: Rotom|0 fnt
|faint|p2a: Rotom
|
|-heal|p1a: Dragonite|99/100|[from] item: Leftovers
|upkeep
|
|t:|1758920844
|switch|p2a: Tyranitar|Tyranitar, F|100/100
|-weather|Sandstorm|[from] ability: Sand Stream|[of] p2a: Tyranitar
|turn|10
|
|t:|1758920851
|move|p1a: Dragonite|Earthquake|p2a: Tyranitar
|-supereffective|p2a: Tyranitar
|-damage|p2a: Tyranitar|0 fnt
|faint|p2a: Tyranitar
|
|-weather|Sandstorm|[upkeep]
|-damage|p1a: Dragonite|92/100|[from] Sandstorm
|-heal|p1a: Dragonite|99/100|[from] item: Leftovers
|upkeep
|
|t:|1758920853
|switch|p2a: Excadrill|Excadrill, M|100/100
|-item|p2a: Excadrill|Air Balloon
|turn|11
|
|t:|1758920860
|move|p2a: Excadrill|Iron Head|p1a: Dragonite
|-damage|p1a: Dragonite|56/100
|move|p1a: Dragonite|Fire Punch|p2a: Excadrill
|-supereffective|p2a: Excadrill
|-damage|p2a: Excadrill|0 fnt
|-enditem|p2a: Excadrill|Air Balloon
|faint|p2a: Excadrill
|
|-weather|Sandstorm|[upkeep]
|-damage|p1a: Dragonite|49/100|[from] Sandstorm
|-heal|p1a: Dragonite|56/100|[from] item: Leftovers
|upkeep
|
|t:|1758920868
|switch|p2a: Latias|Latias, F|100/100
|turn|12
|
|t:|1758920873
|move|p1a: Dragonite|Extreme Speed|p2a: Latias
|-damage|p2a: Latias|32/100
|move|p2a: Latias|Draco Meteor|p1a: Dragonite
|-supereffective|p1a: Dragonite
|-damage|p1a: Dragonite|0 fnt
|-unboost|p2a: Latias|spa|2
|faint|p1a: Dragonite
|
|-weather|Sandstorm|[upkeep]
|-damage|p2a: Latias|26/100|[from] Sandstorm
|-heal|p2a: Latias|32/100|[from] item: Leftovers
|upkeep
|
|t:|1758920884
|switch|p1a: Gholdengo|Gholdengo|100/100
|turn|13
|
|t:|1758920888
|switch|p2a: Scizor|Scizor, M|57/100 par
|move|p1a: Gholdengo|Shadow Ball|p2a: Scizor
|-damage|p2a: Scizor|1/100 par
|
|-weather|Sandstorm|[upkeep]
|upkeep
|turn|14
|
|t:|1758920895
|move|p2a: Scizor|Bullet Punch|p1a: Gholdengo
|-resisted|p1a: Gholdengo
|-damage|p1a: Gholdengo|71/100
|move|p1a: Gholdengo|Shadow Ball|p2a: Scizor
|-damage|p2a: Scizor|0 fnt
|faint|p2a: Scizor
|
|-weather|none
|upkeep
|
|t:|1758920900
|switch|p2a: Tropius|Tropius, M|100/100
|turn|15
|
|t:|1758920906
|move|p1a: Gholdengo|Shadow Ball|p2a: Tropius
|-damage|p2a: Tropius|59/100
|move|p2a: Tropius|Leech Seed|p1a: Gholdengo
|-immune|p1a: Gholdengo|[from] ability: Good as Gold
|
|upkeep
|turn|16
|
|t:|1758920912
|move|p1a: Gholdengo|Shadow Ball|p2a: Tropius
|-crit|p2a: Tropius
|-damage|p2a: Tropius|0 fnt
|faint|p2a: Tropius
|
|upkeep
|
|t:|1758920915
|switch|p2a: Latias|Latias, F|32/100
|turn|17
|
|t:|1758920917
|move|p1a: Gholdengo|Shadow Ball|p2a: Latias
|-supereffective|p2a: Latias
|-damage|p2a: Latias|0 fnt
|faint|p2a: Latias
|
|win|dns77777
|raw|dns77777's rating: 1315 &rarr; <strong>1336</strong><br />(+21 for winning)
|raw|SuperNinjaMan's rating: 1340 &rarr; <strong>1319</strong><br />(-21 for losing)
|c|☆dns77777|gg
|l|☆SuperNinjaMan
|player|p2|
|l|☆dns77777
|player|p1|
