|j|☆dent de l'exis
|j|☆findmyhair
|t:|1758972635
|gametype|singles
|player|p1|dent de l'exis|265|1271
|player|p2|findmyhair|acetrainercouple|1253
|gen|9
|tier|[Gen 9] OU
|rated|
|rule|HP Percentage Mod: HP is shown in percentages
|rule|Endless Battle Clause: Forcing endless battles is banned
|rule|Species Clause: Limit one of each Pokémon
|rule|OHKO Clause: OHKO moves are banned
|rule|Evasion Items Clause: Evasion items are banned
|rule|Evasion Moves Clause: Evasion moves are banned
|rule|Evasion Abilities Clause: Evasion abilities are banned
|rule|Sleep Moves Clause: Sleep-inducing moves are banned
|clearpoke
|poke|p1|Kommo-o, M|
|poke|p1|Garchomp, F|
|poke|p1|Iron Treads|
|poke|p1|Enamorus, F|
|poke|p1|Garganacl, F|
|poke|p1|Rotom-Wash|
|poke|p2|Cresselia, F|
|poke|p2|Slowking-Galar, M|
|poke|p2|Iron Hands|
|poke|p2|Ursaluna, M|
|poke|p2|Crawdaunt, M|
|poke|p2|Klefki, F|
|teampreview
|inactive|Battle timer is ON: inactive players will automatically lose when time's up. (requested by findmyhair)
|
|t:|1758972643
|teamsize|p1|6
|teamsize|p2|6
|start
|switch|p1a: Garchomp|Garchomp, F|100/100
|switch|p2a: Klefki|Klefki, F|100/100
|turn|1
|j| GruesomeLovelies
|
|t:|1758972649
|move|p2a: Klefki|Reflect|p2a: Klefki
|-sidestart|p2: findmyhair|Reflect
|move|p1a: Garchomp|Stealth Rock|p2a: Klefki
|-sidestart|p2: findmyhair|move: Stealth Rock
|
|upkeep
|turn|2
|
|t:|1758972653
|move|p2a: Klefki|Spikes|p1a: Garchomp
|-sidestart|p1: dent de l'exis|Spikes
|move|p1a: Garchomp|Spikes|p2a: Klefki
|-sidestart|p2: findmyhair|Spikes
|
|upkeep
|turn|3
|
|t:|1758972658
|switch|p2a: Iron Hands|Iron Hands|100/100
|-damage|p2a: Iron Hands|94/100|[from] Stealth Rock
|-damage|p2a: Iron Hands|82/100|[from] Spikes
|move|p1a: Garchomp|Earthquake|p2a: Iron Hands
|-supereffective|p2a: Iron Hands
|-damage|p2a: Iron Hands|57/100
|
|upkeep
|turn|4
|
|t:|1758972667
|move|p2a: Iron Hands|Fake Out|p1a: Garchomp
|-damage|p1a: Garchomp|89/100
|-damage|p2a: Iron Hands|44/100|[from] ability: Rough Skin|[of] p1a: Garchomp
|-damage|p2a: Iron Hands|28/100|[from] item: Rocky Helmet|[of] p1a: Garchomp
|cant|p1a: Garchomp|flinch
|
|upkeep
|turn|5
|
|t:|1758972676
|move|p1a: Garchomp|Earthquake|p2a: Iron Hands
|-supereffective|p2a: Iron Hands
|-damage|p2a: Iron Hands|0 fnt
|faint|p2a: Iron Hands
|-end|p2a: Iron Hands|Quark Drive|[silent]
|
|upkeep
|
|t:|1758972683
|switch|p2a: Klefki|Klefki, F|100/100
|-damage|p2a: Klefki|95/100|[from] Stealth Rock
|-damage|p2a: Klefki|82/100|[from] Spikes
|turn|6
|
|t:|1758972689
|move|p2a: Klefki|Light Screen|p2a: Klefki
|-sidestart|p2: findmyhair|move: Light Screen
|move|p1a: Garchomp|Earthquake|p2a: Klefki
|-supereffective|p2a: Klefki
|-damage|p2a: Klefki|49/100
|
|upkeep
|turn|7
|
|t:|1758972695
|switch|p2a: Cresselia|Cresselia, F|100/100
|-damage|p2a: Cresselia|88/100|[from] Stealth Rock
|move|p1a: Garchomp|Earthquake|p2a: Cresselia
|-immune|p2a: Cresselia|[from] ability: Levitate
|
|upkeep
|turn|8
|
|t:|1758972704
|switch|p1a: Garganacl|Garganacl, F|100/100
|-damage|p1a: Garganacl|88/100|[from] Spikes
|move|p2a: Cresselia|Trick Room|p2a: Cresselia
|-fieldstart|move: Trick Room|[of] p2a: Cresselia
|
|-sideend|p2: findmyhair|Reflect
|upkeep
|turn|9
|
|t:|1758972712
|switch|p2a: Klefki|Klefki, F|49/100
|-damage|p2a: Klefki|43/100|[from] Stealth Rock
|-damage|p2a: Klefki|31/100|[from] Spikes
|move|p1a: Garganacl|Salt Cure|p2a: Klefki
|-resisted|p2a: Klefki
|-crit|p2a: Klefki
|-damage|p2a: Klefki|23/100
|-start|p2a: Klefki|Salt Cure
|
|-damage|p2a: Klefki|0 fnt|[from] Salt Cure
|faint|p2a: Klefki
|upkeep
|
|t:|1758972722
|switch|p2a: Crawdaunt|Crawdaunt, M|100/100
|-damage|p2a: Crawdaunt|88/100|[from] Stealth Rock
|-damage|p2a: Crawdaunt|76/100|[from] Spikes
|turn|10
|
|t:|1758972729
|switch|p1a: Garchomp|Garchomp, F|89/100
|-damage|p1a: Garchomp|77/100|[from] Spikes
|move|p2a: Crawdaunt|Knock Off|p1a: Garchomp
|-damage|p1a: Garchomp|24/100
|-damage|p2a: Crawdaunt|63/100|[from] ability: Rough Skin|[of] p1a: Garchomp
|-damage|p2a: Crawdaunt|47/100|[from] item: Rocky Helmet|[of] p1a: Garchomp
|-enditem|p1a: Garchomp|Rocky Helmet|[from] move: Knock Off|[of] p2a: Crawdaunt
|-damage|p2a: Crawdaunt|37/100|[from] item: Life Orb
|
|upkeep
|turn|11
|
|t:|1758972741
|move|p2a: Crawdaunt|Knock Off|p1a: Garchomp
|-damage|p1a: Garchomp|0 fnt
|-damage|p2a: Crawdaunt|24/100|[from] ability: Rough Skin|[of] p1a: Garchomp
|faint|p1a: Garchomp
|-damage|p2a: Crawdaunt|14/100|[from] item: Life Orb
|
|upkeep
|
|t:|1758972748
|switch|p1a: Rotom|Rotom-Wash|100/100
|turn|12
|
|t:|1758972751
|move|p2a: Crawdaunt|Knock Off|p1a: Rotom
|-damage|p1a: Rotom|12/100
|-enditem|p1a: Rotom|Choice Scarf|[from] move: Knock Off|[of] p2a: Crawdaunt
|-damage|p2a: Crawdaunt|4/100|[from] item: Life Orb
|move|p1a: Rotom|Trick|p2a: Crawdaunt
|-activate|p1a: Rotom|move: Trick|[of] p2a: Crawdaunt
|-enditem|p2a: Crawdaunt|Life Orb|[silent]|[from] move: Trick
|-item|p1a: Rotom|Life Orb|[from] move: Trick
|
|-fieldend|move: Trick Room
|upkeep
|turn|13
|
|t:|1758972768
|move|p2a: Crawdaunt|Aqua Jet|p1a: Rotom
|-resisted|p1a: Rotom
|-damage|p1a: Rotom|0 fnt
|faint|p1a: Rotom
|
|-sideend|p2: findmyhair|move: Light Screen
|upkeep
|
|t:|1758972775
|switch|p1a: Kommo-o|Kommo-o, M|100/100
|-damage|p1a: Kommo-o|88/100|[from] Spikes
|turn|14
|
|t:|1758972781
|move|p2a: Crawdaunt|Aqua Jet|p1a: Kommo-o
|-resisted|p1a: Kommo-o
|-crit|p1a: Kommo-o
|-damage|p1a: Kommo-o|74/100
|move|p1a: Kommo-o|Drain Punch|p2a: Crawdaunt
|-supereffective|p2a: Crawdaunt
|-damage|p2a: Crawdaunt|0 fnt
|-heal|p1a: Kommo-o|75/100|[from] drain|[of] p2a: Crawdaunt
|faint|p2a: Crawdaunt
|
|upkeep
|
|t:|1758972793
|switch|p2a: Cresselia|Cresselia, F|88/100
|-damage|p2a: Cresselia|76/100|[from] Stealth Rock
|turn|15
|
|t:|1758972798
|-terastallize|p2a: Cresselia|Fairy
|move|p1a: Kommo-o|Clangorous Soul|p1a: Kommo-o
|-boost|p1a: Kommo-o|atk|1
|-boost|p1a: Kommo-o|def|1
|-boost|p1a: Kommo-o|spa|1
|-boost|p1a: Kommo-o|spd|1
|-boost|p1a: Kommo-o|spe|1
|-damage|p1a: Kommo-o|43/100
|-enditem|p1a: Kommo-o|Throat Spray
|-boost|p1a: Kommo-o|spa|1|[from] item: Throat Spray
|move|p2a: Cresselia|Trick Room|p2a: Cresselia
|-fieldstart|move: Trick Room|[of] p2a: Cresselia
|
|upkeep
|turn|16
|
|t:|1758972810
|-terastallize|p1a: Kommo-o|Normal
|move|p2a: Cresselia|Psychic|p1a: Kommo-o
|-damage|p1a: Kommo-o|28/100
|move|p1a: Kommo-o|Boomburst|p2a: Cresselia
|-damage|p2a: Cresselia|19/100
|
|upkeep
|turn|17
|
|t:|1758972818
|switch|p2a: Ursaluna|Ursaluna, M|100/100
|-damage|p2a: Ursaluna|94/100|[from] Stealth Rock
|-damage|p2a: Ursaluna|82/100|[from] Spikes
|move|p1a: Kommo-o|Boomburst|p2a: Ursaluna
|-crit|p2a: Ursaluna
|-damage|p2a: Ursaluna|0 fnt
|faint|p2a: Ursaluna
|
|upkeep
|
|t:|1758972826
|switch|p2a: Slowking|Slowking-Galar, M|100/100
|-damage|p2a: Slowking|88/100|[from] Stealth Rock
|-damage|p2a: Slowking|76/100|[from] Spikes
|turn|18
|
|t:|1758972834
|move|p2a: Slowking|Sludge Bomb|p1a: Kommo-o
|-immune|p1a: Kommo-o|[from] ability: Bulletproof
|move|p1a: Kommo-o|Boomburst|p2a: Slowking
|-damage|p2a: Slowking|0 fnt
|faint|p2a: Slowking
|
|upkeep
|c|☆findmyhair|gg
|
|t:|1758972842
|switch|p2a: Cresselia|Cresselia, F, tera:Fairy|19/100
|-damage|p2a: Cresselia|6/100|[from] Stealth Rock
|turn|19
|
|t:|1758972846
|move|p2a: Cresselia|Psychic|p1a: Kommo-o
|-damage|p1a: Kommo-o|13/100
|move|p1a: Kommo-o|Boomburst|p2a: Cresselia
|-damage|p2a: Cresselia|0 fnt
|faint|p2a: Cresselia
|
|win|dent de l'exis
|raw|dent de l&apos;exis's rating: 1271 &rarr; <strong>1295</strong><br />(+24 for winning)
|raw|findmyhair's rating: 1253 &rarr; <strong>1229</strong><br />(-24 for losing)
|l|☆dent de l'exis
|player|p1|
|l|☆findmyhair
|player|p2|
|l| GruesomeLovelies
