|j|☆101Darmanitans
|j|☆Mky27
|t:|1758987311
|gametype|singles
|player|p1|101Darmanitans|morty|1577
|player|p2|Mky27|ltsurge|1513
|gen|9
|tier|[Gen 9] OU
|rated|
|rule|HP Percentage Mod: HP is shown in percentages
|rule|Endless Battle Clause: Forcing endless battles is banned
|rule|Species Clause: Limit one of each Pokémon
|rule|OHKO Clause: OHKO moves are banned
|rule|Evasion Items Clause: Evasion items are banned
|rule|Evasion Moves Clause: Evasion moves are banned
|rule|Evasion Abilities Clause: Evasion abilities are banned
|rule|Sleep Moves Clause: Sleep-inducing moves are banned
|clearpoke
|poke|p1|Glimmora, F|
|poke|p1|Meowscarada, F|
|poke|p1|Alomomola, F|
|poke|p1|Great Tusk|
|poke|p1|Dragonite, F|
|poke|p1|Iron Crown|
|poke|p2|Walking Wake|
|poke|p2|Great Tusk|
|poke|p2|Torkoal, F|
|poke|p2|Indeedee, M|
|poke|p2|Exeggutor, M|
|poke|p2|Kingambit, M|
|teampreview
|inactive|Battle timer is ON: inactive players will automatically lose when time's up. (requested by Mky27)
|
|t:|1758987323
|teamsize|p1|6
|teamsize|p2|6
|start
|switch|p1a: Glimmora|Glimmora, F|100/100
|switch|p2a: Indimacho|Indeedee, M|100/100
|-fieldstart|move: Psychic Terrain|[from] ability: Psychic Surge|[of] p2a: Indimacho
|turn|1
|
|t:|1758987330
|switch|p1a: Iron Crown|Iron Crown|100/100
|move|p2a: Indimacho|Expanding Force|p1a: Iron Crown
|-resisted|p1a: Iron Crown
|-damage|p1a: Iron Crown|87/100
|
|upkeep
|turn|2
|
|t:|1758987337
|switch|p2a: Kingsharp|Kingambit, M|100/100
|move|p1a: Iron Crown|Volt Switch|p2a: Kingsharp
|-damage|p2a: Kingsharp|89/100
|
|t:|1758987342
|-end|p1a: Iron Crown|Quark Drive|[silent]
|switch|p1a: Great Tusk|Great Tusk|100/100|[from] Volt Switch
|
|upkeep
|turn|3
|
|t:|1758987347
|switch|p2a: Paleomut|Great Tusk, shiny|100/100
|move|p1a: Great Tusk|Stealth Rock|p2a: Paleomut
|-sidestart|p2: Mky27|move: Stealth Rock
|
|upkeep
|turn|4
|
|t:|1758987354
|move|p1a: Great Tusk|Ice Spinner|p2a: Paleomut
|-supereffective|p2a: Paleomut
|-damage|p2a: Paleomut|73/100
|-fieldend|move: Psychic Terrain
|move|p2a: Paleomut|Rapid Spin|p1a: Great Tusk
|-damage|p1a: Great Tusk|91/100
|-boost|p2a: Paleomut|spe|1
|-damage|p2a: Paleomut|56/100|[from] item: Rocky Helmet|[of] p1a: Great Tusk
|-sideend|p2: Mky27|Stealth Rock|[from] move: Rapid Spin|[of] p2a: Paleomut
|
|-heal|p2a: Paleomut|62/100|[from] item: Leftovers
|upkeep
|turn|5
|
|t:|1758987369
|-end|p2a: Paleomut|Protosynthesis|[silent]
|switch|p2a: PaleoRaptor|Walking Wake|100/100
|move|p1a: Great Tusk|Stealth Rock|p2a: PaleoRaptor
|-sidestart|p2: Mky27|move: Stealth Rock
|
|upkeep
|turn|6
|
|t:|1758987379
|-end|p1a: Great Tusk|Protosynthesis|[silent]
|switch|p1a: Alomomola|Alomomola, F|100/100
|move|p2a: PaleoRaptor|Draco Meteor|p1a: Alomomola
|-damage|p1a: Alomomola|42/100
|-unboost|p2a: PaleoRaptor|spa|2
|
|upkeep
|turn|7
|
|t:|1758987388
|-end|p2a: PaleoRaptor|Protosynthesis|[silent]
|switch|p2a: Exxegcutor|Exeggutor, M, shiny|100/100
|-damage|p2a: Exxegcutor|88/100|[from] Stealth Rock
|move|p1a: Alomomola|Flip Turn|p2a: Exxegcutor
|-resisted|p2a: Exxegcutor
|-damage|p2a: Exxegcutor|79/100
|
|t:|1758987393
|switch|p1a: Meowscarada|Meowscarada, F|100/100|[from] Flip Turn
|
|upkeep
|turn|8
|
|t:|1758987405
|switch|p2a: Trollkoal|Torkoal, F, shiny|100/100
|-damage|p2a: Trollkoal|76/100|[from] Stealth Rock
|-weather|SunnyDay|[from] ability: Drought|[of] p2a: Trollkoal
|move|p1a: Meowscarada|U-turn|p2a: Trollkoal
|-start|p1a: Meowscarada|typechange|Bug|[from] ability: Protean
|-resisted|p2a: Trollkoal
|-damage|p2a: Trollkoal|66/100
|
|t:|1758987408
|switch|p1a: Glimmora|Glimmora, F|100/100|[from] U-turn
|
|-weather|SunnyDay|[upkeep]
|upkeep
|turn|9
|
|t:|1758987420
|switch|p2a: Kingsharp|Kingambit, M|89/100
|-damage|p2a: Kingsharp|83/100|[from] Stealth Rock
|move|p1a: Glimmora|Earth Power|p2a: Kingsharp
|-supereffective|p2a: Kingsharp
|-damage|p2a: Kingsharp|38/100
|
|-weather|SunnyDay|[upkeep]
|upkeep
|turn|10
|inactive|101Darmanitans has 120 seconds left.
|
|t:|1758987452
|switch|p1a: Meowscarada|Meowscarada, F|100/100
|switch|p2a: Indimacho|Indeedee, M|100/100
|-damage|p2a: Indimacho|88/100|[from] Stealth Rock
|-fieldstart|move: Psychic Terrain|[from] ability: Psychic Surge|[of] p2a: Indimacho
|
|-weather|SunnyDay|[upkeep]
|upkeep
|turn|11
|
|t:|1758987463
|move|p1a: Meowscarada|Knock Off|p2a: Indimacho
|-start|p1a: Meowscarada|typechange|Dark|[from] ability: Protean
|-supereffective|p2a: Indimacho
|-damage|p2a: Indimacho|0 fnt
|-enditem|p2a: Indimacho|Choice Scarf|[from] move: Knock Off|[of] p1a: Meowscarada
|faint|p2a: Indimacho
|
|-weather|SunnyDay|[upkeep]
|upkeep
|-message|Mky27 forfeited.
|
|win|101Darmanitans
|raw|101Darmanitans's rating: 1577 &rarr; <strong>1593</strong><br />(+16 for winning)
|raw|Mky27's rating: 1513 &rarr; <strong>1497</strong><br />(-16 for losing)
|l|☆Mky27
|player|p2|
|l|☆101Darmanitans
|player|p1|
