|j|☆hairyb00ubz
|j|☆sheeps are u
|t:|1758929435
|gametype|singles
|player|p1|hairyb00ubz|n|1112
|player|p2|sheeps are u|lana|1159
|gen|9
|tier|[Gen 9] OU
|rated|
|rule|HP Percentage Mod: HP is shown in percentages
|rule|Endless Battle Clause: Forcing endless battles is banned
|rule|Species Clause: Limit one of each Pokémon
|rule|OHKO Clause: OHKO moves are banned
|rule|Evasion Items Clause: Evasion items are banned
|rule|Evasion Moves Clause: Evasion moves are banned
|rule|Evasion Abilities Clause: Evasion abilities are banned
|rule|Sleep Moves Clause: Sleep-inducing moves are banned
|clearpoke
|poke|p1|Umbreon, F|
|poke|p1|Glimmora, M|
|poke|p1|Iron Moth|
|poke|p1|Gholdengo|
|poke|p1|Dragonite, M|
|poke|p1|Garchomp, F|
|poke|p2|Lokix, M|
|poke|p2|Zapdos|
|poke|p2|Cinderace, F|
|poke|p2|Tyranitar, M|
|poke|p2|Tentacruel, F|
|poke|p2|Ogerpon-Cornerstone, F|
|teampreview
|
|t:|1758929446
|teamsize|p1|6
|teamsize|p2|6
|start
|switch|p1a: Glimmora|Glimmora, M, shiny|100/100
|switch|p2a: Tyranitar|Tyranitar, M|100/100
|-weather|Sandstorm|[from] ability: Sand Stream|[of] p2a: Tyranitar
|turn|1
|
|t:|1758929453
|move|p1a: Glimmora|Stealth Rock|p2a: Tyranitar
|-sidestart|p2: sheeps are u|move: Stealth Rock
|move|p2a: Tyranitar|Earthquake|p1a: Glimmora
|-supereffective|p1a: Glimmora
|-enditem|p1a: Glimmora|Focus Sash
|-damage|p1a: Glimmora|1/100
|-activate|p1a: Glimmora|ability: Toxic Debris
|-sidestart|p2: sheeps are u|move: Toxic Spikes
|
|-weather|Sandstorm|[upkeep]
|upkeep
|turn|2
|
|t:|1758929468
|move|p1a: Glimmora|Earth Power|p2a: Tyranitar
|-supereffective|p2a: Tyranitar
|-damage|p2a: Tyranitar|71/100
|move|p2a: Tyranitar|Rock Slide|p1a: Glimmora
|-damage|p1a: Glimmora|0 fnt
|-activate|p1a: Glimmora|ability: Toxic Debris
|-sidestart|p2: sheeps are u|move: Toxic Spikes
|faint|p1a: Glimmora
|
|-weather|Sandstorm|[upkeep]
|upkeep
|
|t:|1758929486
|switch|p1a: Dragonite|Dragonite, M|100/100
|turn|3
|
|t:|1758929492
|move|p1a: Dragonite|Earthquake|p2a: Tyranitar
|-supereffective|p2a: Tyranitar
|-damage|p2a: Tyranitar|17/100
|move|p2a: Tyranitar|Rock Slide|p1a: Dragonite
|-supereffective|p1a: Dragonite
|-damage|p1a: Dragonite|62/100
|
|-weather|Sandstorm|[upkeep]
|-damage|p1a: Dragonite|56/100|[from] Sandstorm
|upkeep
|turn|4
|
|t:|1758929502
|switch|p2a: Zapdos|Zapdos|100/100
|-damage|p2a: Zapdos|75/100|[from] Stealth Rock
|move|p1a: Dragonite|Earthquake|p2a: Zapdos
|-immune|p2a: Zapdos
|
|-weather|Sandstorm|[upkeep]
|-damage|p1a: Dragonite|50/100|[from] Sandstorm
|-damage|p2a: Zapdos|69/100|[from] Sandstorm
|-heal|p2a: Zapdos|75/100|[from] item: Leftovers
|upkeep
|turn|5
|
|t:|1758929515
|-terastallize|p1a: Dragonite|Normal
|move|p1a: Dragonite|Extreme Speed|p2a: Zapdos
|-damage|p2a: Zapdos|31/100
|-status|p1a: Dragonite|par|[from] ability: Static|[of] p2a: Zapdos
|move|p2a: Zapdos|Thunderbolt|p1a: Dragonite
|-damage|p1a: Dragonite|5/100 par
|
|-weather|none
|-heal|p2a: Zapdos|38/100|[from] item: Leftovers
|upkeep
|turn|6
|
|t:|1758929526
|switch|p2a: Tentacruel|Tentacruel, F|100/100
|-damage|p2a: Tentacruel|88/100|[from] Stealth Rock
|-sideend|p2: sheeps are u|move: Toxic Spikes|[of] p2a: Tentacruel
|move|p1a: Dragonite|Extreme Speed|p2a: Tentacruel
|-damage|p2a: Tentacruel|44/100
|
|-heal|p2a: Tentacruel|50/100|[from] item: Black Sludge
|upkeep
|turn|7
|
|t:|1758929536
|cant|p1a: Dragonite|par
|move|p2a: Tentacruel|Rapid Spin|p1a: Dragonite
|-damage|p1a: Dragonite|0 fnt
|-boost|p2a: Tentacruel|spe|1
|-sideend|p2: sheeps are u|Stealth Rock|[from] move: Rapid Spin|[of] p2a: Tentacruel
|faint|p1a: Dragonite
|
|-heal|p2a: Tentacruel|56/100|[from] item: Black Sludge
|upkeep
|
|t:|1758929546
|switch|p1a: Garchomp|Garchomp, F, shiny|100/100
|turn|8
|
|t:|1758929563
|move|p2a: Tentacruel|Flip Turn|p1a: Garchomp
|-damage|p1a: Garchomp|86/100
|-damage|p2a: Tentacruel|43/100|[from] ability: Rough Skin|[of] p1a: Garchomp
|
|t:|1758929569
|switch|p2a: Zapdos|Zapdos|38/100|[from] Flip Turn
|move|p1a: Garchomp|Swords Dance|p1a: Garchomp
|-boost|p1a: Garchomp|atk|2
|
|-heal|p2a: Zapdos|44/100|[from] item: Leftovers
|upkeep
|turn|9
|
|t:|1758929581
|move|p1a: Garchomp|Scale Shot|p2a: Zapdos
|-damage|p2a: Zapdos|21/100
|-damage|p2a: Zapdos|0 fnt
|faint|p2a: Zapdos
|-hitcount|p2: Zapdos|2
|-unboost|p1a: Garchomp|def|1
|-boost|p1a: Garchomp|spe|1
|
|upkeep
|
|t:|1758929592
|switch|p2a: Lokix|Lokix, M|100/100
|turn|10
|
|t:|1758929601
|-terastallize|p2a: Lokix|Bug
|move|p2a: Lokix|First Impression|p1a: Garchomp
|-damage|p1a: Garchomp|0 fnt
|-damage|p2a: Lokix|88/100|[from] ability: Rough Skin|[of] p1a: Garchomp
|faint|p1a: Garchomp
|
|upkeep
|
|t:|1758929708
|switch|p1a: Umbreon|Umbreon, F, shiny|100/100
|turn|11
|
|t:|1758929716
|switch|p2a: Tentacruel|Tentacruel, F|43/100
|move|p1a: Umbreon|Thunder Wave|p2a: Tentacruel
|-status|p2a: Tentacruel|par
|
|-heal|p2a: Tentacruel|49/100 par|[from] item: Black Sludge
|upkeep
|turn|12
|
|t:|1758929736
|move|p1a: Umbreon|Foul Play|p2a: Tentacruel
|-damage|p2a: Tentacruel|30/100 par
|move|p2a: Tentacruel|Flip Turn|p1a: Umbreon
|-damage|p1a: Umbreon|90/100
|
|t:|1758929741
|switch|p2a: Lokix|Lokix, M, tera:Bug|88/100|[from] Flip Turn
|
|-heal|p1a: Umbreon|96/100|[from] item: Leftovers
|upkeep
|turn|13
|
|t:|1758929754
|move|p2a: Lokix|First Impression|p1a: Umbreon
|-supereffective|p1a: Umbreon
|-damage|p1a: Umbreon|0 fnt
|faint|p1a: Umbreon
|
|upkeep
|
|t:|1758929760
|switch|p1a: Iron Moth|Iron Moth, shiny|100/100
|-enditem|p1a: Iron Moth|Booster Energy
|-activate|p1a: Iron Moth|ability: Quark Drive|[fromitem]
|-start|p1a: Iron Moth|quarkdrivespa
|turn|14
|
|t:|1758929765
|switch|p2a: Tyranitar|Tyranitar, M|17/100
|-weather|Sandstorm|[from] ability: Sand Stream|[of] p2a: Tyranitar
|move|p1a: Iron Moth|Fiery Dance|p2a: Tyranitar
|-resisted|p2a: Tyranitar
|-damage|p2a: Tyranitar|3/100
|-boost|p1a: Iron Moth|spa|1
|
|-weather|Sandstorm|[upkeep]
|-damage|p1a: Iron Moth|95/100|[from] Sandstorm
|upkeep
|turn|15
|
|t:|1758929776
|move|p1a: Iron Moth|Dazzling Gleam|p2a: Tyranitar
|-supereffective|p2a: Tyranitar
|-damage|p2a: Tyranitar|0 fnt
|faint|p2a: Tyranitar
|
|-weather|Sandstorm|[upkeep]
|-damage|p1a: Iron Moth|89/100|[from] Sandstorm
|upkeep
|
|t:|1758929783
|switch|p2a: Ogerpon|Ogerpon-Cornerstone, F|100/100
|turn|16
|
|t:|1758929799
|move|p1a: Iron Moth|Fiery Dance|p2a: Ogerpon
|-crit|p2a: Ogerpon
|-damage|p2a: Ogerpon|11/100
|move|p2a: Ogerpon|Ivy Cudgel|p1a: Iron Moth|[anim] Ivy Cudgel Rock
|-supereffective|p1a: Iron Moth
|-damage|p1a: Iron Moth|0 fnt
|faint|p1a: Iron Moth
|-end|p1a: Iron Moth|Quark Drive|[silent]
|
|-weather|Sandstorm|[upkeep]
|upkeep
|
|t:|1758929809
|switch|p1a: Gholdengo|Gholdengo|100/100
|turn|17
|
|t:|1758929815
|move|p1a: Gholdengo|Make It Rain|p2a: Ogerpon
|-supereffective|p2a: Ogerpon
|-damage|p2a: Ogerpon|0 fnt
|-unboost|p1a: Gholdengo|spa|1
|faint|p2a: Ogerpon
|
|-weather|Sandstorm|[upkeep]
|upkeep
|
|t:|1758929825
|switch|p2a: Tentacruel|Tentacruel, F|30/100 par
|turn|18
|
|t:|1758929832
|move|p1a: Gholdengo|Make It Rain|p2a: Tentacruel
|-resisted|p2a: Tentacruel
|-damage|p2a: Tentacruel|13/100 par
|-unboost|p1a: Gholdengo|spa|1
|move|p2a: Tentacruel|Giga Drain|p1a: Gholdengo
|-resisted|p1a: Gholdengo
|-damage|p1a: Gholdengo|93/100
|-heal|p2a: Tentacruel|16/100 par|[from] drain|[of] p1a: Gholdengo
|
|-weather|none
|-heal|p2a: Tentacruel|22/100 par|[from] item: Black Sludge
|upkeep
|turn|19
|
|t:|1758929846
|move|p1a: Gholdengo|Make It Rain|p2a: Tentacruel
|-resisted|p2a: Tentacruel
|-damage|p2a: Tentacruel|8/100 par
|-unboost|p1a: Gholdengo|spa|1
|cant|p2a: Tentacruel|par
|
|-heal|p2a: Tentacruel|15/100 par|[from] item: Black Sludge
|upkeep
|turn|20
|
|t:|1758929855
|move|p1a: Gholdengo|Make It Rain|p2a: Tentacruel
|-resisted|p2a: Tentacruel
|-damage|p2a: Tentacruel|5/100 par
|-unboost|p1a: Gholdengo|spa|1
|move|p2a: Tentacruel|Giga Drain|p1a: Gholdengo
|-resisted|p1a: Gholdengo
|-damage|p1a: Gholdengo|84/100
|-heal|p2a: Tentacruel|9/100 par|[from] drain|[of] p1a: Gholdengo
|
|-heal|p2a: Tentacruel|15/100 par|[from] item: Black Sludge
|upkeep
|turn|21
|
|t:|1758929867
|move|p1a: Gholdengo|Make It Rain|p2a: Tentacruel
|-resisted|p2a: Tentacruel
|-damage|p2a: Tentacruel|7/100 par
|-unboost|p1a: Gholdengo|spa|1
|move|p2a: Tentacruel|Giga Drain|p1a: Gholdengo
|-resisted|p1a: Gholdengo
|-damage|p1a: Gholdengo|75/100
|-heal|p2a: Tentacruel|10/100 par|[from] drain|[of] p1a: Gholdengo
|
|-heal|p2a: Tentacruel|16/100 par|[from] item: Black Sludge
|upkeep
|turn|22
|
|t:|1758929878
|move|p1a: Gholdengo|Make It Rain|p2a: Tentacruel
|-resisted|p2a: Tentacruel
|-damage|p2a: Tentacruel|9/100 par
|-unboost|p1a: Gholdengo|spa|1
|cant|p2a: Tentacruel|par
|
|-heal|p2a: Tentacruel|15/100 par|[from] item: Black Sludge
|upkeep
|turn|23
|
|t:|1758929887
|move|p1a: Gholdengo|Make It Rain|p2a: Tentacruel
|-resisted|p2a: Tentacruel
|-damage|p2a: Tentacruel|9/100 par
|move|p2a: Tentacruel|Giga Drain|p1a: Gholdengo
|-resisted|p1a: Gholdengo
|-damage|p1a: Gholdengo|67/100
|-heal|p2a: Tentacruel|13/100 par|[from] drain|[of] p1a: Gholdengo
|
|-heal|p2a: Tentacruel|19/100 par|[from] item: Black Sludge
|upkeep
|turn|24
|
|t:|1758929905
|move|p1a: Gholdengo|Make It Rain|p2a: Tentacruel
|-resisted|p2a: Tentacruel
|-damage|p2a: Tentacruel|12/100 par
|cant|p2a: Tentacruel|par
|
|-heal|p2a: Tentacruel|18/100 par|[from] item: Black Sludge
|upkeep
|turn|25
|
|t:|1758929915
|-activate|p1a: Gholdengo|move: Struggle
|move|p1a: Gholdengo|Struggle|p2a: Tentacruel
|-damage|p2a: Tentacruel|12/100 par
|-damage|p1a: Gholdengo|41/100|[from] recoil
|cant|p2a: Tentacruel|par
|
|-heal|p2a: Tentacruel|18/100 par|[from] item: Black Sludge
|upkeep
|turn|26
|
|t:|1758929922
|-activate|p1a: Gholdengo|move: Struggle
|move|p1a: Gholdengo|Struggle|p2a: Tentacruel
|-damage|p2a: Tentacruel|13/100 par
|-damage|p1a: Gholdengo|16/100|[from] recoil
|move|p2a: Tentacruel|Giga Drain|p1a: Gholdengo
|-resisted|p1a: Gholdengo
|-crit|p1a: Gholdengo
|-damage|p1a: Gholdengo|4/100
|-heal|p2a: Tentacruel|18/100 par|[from] drain|[of] p1a: Gholdengo
|
|-heal|p2a: Tentacruel|24/100 par|[from] item: Black Sludge
|upkeep
|turn|27
|inactive|Battle timer is ON: inactive players will automatically lose when time's up. (requested by hairyb00ubz)
|inactiveoff|Battle timer is now OFF.
|l|☆hairyb00ubz
|player|p1|
|c|☆sheeps are u|LIVE AND LEARRRN
|inactive|Battle timer is ON: inactive players will automatically lose when time's up. (requested by sheeps are u)
|j|☆hairyb00ubz
|inactive|hairyb00ubz reconnected and has 135 seconds left.
|player|p1|hairyb00ubz|n|
|
|t:|1758930109
|-activate|p1a: Gholdengo|move: Struggle
|move|p1a: Gholdengo|Struggle|p2a: Tentacruel
|-damage|p2a: Tentacruel|18/100 par
|-damage|p1a: Gholdengo|0 fnt|[from] recoil
|faint|p1a: Gholdengo
|
|win|sheeps are u
|raw|hairyb00ubz's rating: 1112 &rarr; <strong>1090</strong><br />(-22 for losing)
|raw|sheeps are u's rating: 1159 &rarr; <strong>1181</strong><br />(+22 for winning)
|l|☆hairyb00ubz
|player|p1|
