|j|☆Veronyl
|j|☆SpearOfCassius
|t:|1758948633
|gametype|singles
|player|p1|Veronyl|candice|1228
|player|p2|SpearOfCassius|2|1310
|gen|9
|tier|[Gen 9] OU
|rated|
|rule|HP Percentage Mod: HP is shown in percentages
|rule|Endless Battle Clause: Forcing endless battles is banned
|rule|Species Clause: Limit one of each Pokémon
|rule|OHKO Clause: OHKO moves are banned
|rule|Evasion Items Clause: Evasion items are banned
|rule|Evasion Moves Clause: Evasion moves are banned
|rule|Evasion Abilities Clause: Evasion abilities are banned
|rule|Sleep Moves Clause: Sleep-inducing moves are banned
|clearpoke
|poke|p1|Magnezone|
|poke|p1|Kingambit, M|
|poke|p1|Great Tusk|
|poke|p1|Garchomp, M|
|poke|p1|Haxorus, M|
|poke|p1|Armarouge, F|
|poke|p2|Torkoal, M|
|poke|p2|Lilligant-Hisui, F|
|poke|p2|Cinderace, M|
|poke|p2|Walking Wake|
|poke|p2|Moltres|
|poke|p2|Garganacl, M|
|teampreview
|l|☆SpearOfCassius
|player|p2|
|inactive|Battle timer is ON: inactive players will automatically lose when time's up. (requested by Veronyl)
|j|☆SpearOfCassius
|inactive|SpearOfCassius reconnected and has 140 seconds left.
|player|p2|SpearOfCassius|2|
|
|t:|1758948695
|teamsize|p1|6
|teamsize|p2|6
|start
|switch|p1a: Great Tusk|Great Tusk|100/100
|switch|p2a: Garganacl|Garganacl, M|100/100
|-enditem|p1a: Great Tusk|Booster Energy
|-activate|p1a: Great Tusk|ability: Protosynthesis|[fromitem]
|-start|p1a: Great Tusk|protosynthesisatk
|turn|1
|
|t:|1758948705
|move|p1a: Great Tusk|Earthquake|p2a: Garganacl
|-supereffective|p2a: Garganacl
|-damage|p2a: Garganacl|8/100
|move|p2a: Garganacl|Salt Cure|p1a: Great Tusk
|-resisted|p1a: Great Tusk
|-damage|p1a: Great Tusk|98/100
|-start|p1a: Great Tusk|Salt Cure
|
|-heal|p2a: Garganacl|14/100|[from] item: Leftovers
|-damage|p1a: Great Tusk|86/100|[from] Salt Cure
|upkeep
|turn|2
|
|t:|1758948720
|switch|p2a: Moltres|Moltres|100/100
|move|p1a: Great Tusk|Brick Break|p2a: Moltres
|-resisted|p2a: Moltres
|-damage|p2a: Moltres|84/100
|
|-damage|p1a: Great Tusk|73/100|[from] Salt Cure
|upkeep
|turn|3
|
|t:|1758948730
|-end|p1a: Great Tusk|Protosynthesis|[silent]
|switch|p1a: Armarouge|Armarouge, F|100/100
|move|p2a: Moltres|Flamethrower|p1a: Armarouge
|-start|p1a: Armarouge|ability: Flash Fire
|
|upkeep
|turn|4
|
|t:|1758948741
|move|p1a: Armarouge|Trick|p2a: Moltres
|-activate|p1a: Armarouge|move: Trick|[of] p2a: Moltres
|-item|p2a: Moltres|Choice Specs|[from] move: Trick
|-item|p1a: Armarouge|Heavy-Duty Boots|[from] move: Trick
|move|p2a: Moltres|Roar|p1a: Armarouge
|-end|p1a: Armarouge|ability: Flash Fire|[silent]
|drag|p1a: Garchomp|Garchomp, M|100/100
|
|upkeep
|turn|5
|
|t:|1758948754
|switch|p2a: Naruto|Cinderace, M|100/100
|move|p1a: Garchomp|Swords Dance|p1a: Garchomp
|-boost|p1a: Garchomp|atk|2
|
|upkeep
|turn|6
|
|t:|1758948766
|-terastallize|p2a: Naruto|Flying
|move|p2a: Naruto|Will-O-Wisp|p1a: Garchomp
|-status|p1a: Garchomp|brn
|move|p1a: Garchomp|Earthquake|p2a: Naruto
|-immune|p2a: Naruto
|
|-damage|p1a: Garchomp|94/100 brn|[from] brn
|upkeep
|turn|7
|
|t:|1758948775
|switch|p2a: Todd|Torkoal, M|100/100
|-weather|SunnyDay|[from] ability: Drought|[of] p2a: Todd
|move|p1a: Garchomp|Swords Dance|p1a: Garchomp
|-boost|p1a: Garchomp|atk|2
|
|-weather|SunnyDay|[upkeep]
|-heal|p1a: Garchomp|100/100 brn|[from] item: Leftovers
|-damage|p1a: Garchomp|94/100 brn|[from] brn
|upkeep
|turn|8
|inactive|SpearOfCassius has 120 seconds left.
|
|t:|1758948811
|switch|p2a: Garganacl|Garganacl, M|14/100
|move|p1a: Garchomp|Swords Dance|p1a: Garchomp
|-boost|p1a: Garchomp|atk|2
|
|-weather|SunnyDay|[upkeep]
|-heal|p1a: Garchomp|100/100 brn|[from] item: Leftovers
|-heal|p2a: Garganacl|20/100|[from] item: Leftovers
|-damage|p1a: Garchomp|94/100 brn|[from] brn
|upkeep
|turn|9
|inactive|SpearOfCassius has 120 seconds left.
|
|t:|1758948821
|move|p1a: Garchomp|Earthquake|p2a: Garganacl
|-supereffective|p2a: Garganacl
|-damage|p2a: Garganacl|0 fnt
|faint|p2a: Garganacl
|
|-weather|SunnyDay|[upkeep]
|-heal|p1a: Garchomp|100/100 brn|[from] item: Leftovers
|-damage|p1a: Garchomp|94/100 brn|[from] brn
|upkeep
|inactive|SpearOfCassius has 120 seconds left.
|
|t:|1758948835
|switch|p2a: Henry|Walking Wake|100/100
|-activate|p2a: Henry|ability: Protosynthesis
|-start|p2a: Henry|protosynthesisspe
|turn|10
|inactive|SpearOfCassius has 120 seconds left.
|
|t:|1758948842
|move|p2a: Henry|Draco Meteor|p1a: Garchomp
|-supereffective|p1a: Garchomp
|-damage|p1a: Garchomp|0 fnt
|-unboost|p2a: Henry|spa|2
|faint|p1a: Garchomp
|
|-weather|SunnyDay|[upkeep]
|upkeep
|
|t:|1758948854
|switch|p1a: Great Tusk|Great Tusk|73/100
|-activate|p1a: Great Tusk|ability: Protosynthesis
|-start|p1a: Great Tusk|protosynthesisatk
|turn|11
|
|t:|1758948862
|-end|p2a: Henry|Protosynthesis|[silent]
|switch|p2a: Moltres|Moltres|84/100
|move|p1a: Great Tusk|Ice Spinner|p2a: Moltres
|-damage|p2a: Moltres|58/100
|
|-weather|SunnyDay|[upkeep]
|upkeep
|turn|12
|
|t:|1758948875
|-end|p1a: Great Tusk|Protosynthesis|[silent]
|switch|p1a: Armarouge|Armarouge, F|100/100
|move|p2a: Moltres|Flamethrower|p1a: Armarouge
|-start|p1a: Armarouge|ability: Flash Fire
|
|-weather|SunnyDay|[upkeep]
|upkeep
|turn|13
|c|☆SpearOfCassius|DIEEEEEE
|
|t:|1758948895
|switch|p2a: Henry|Walking Wake|100/100
|-activate|p2a: Henry|ability: Protosynthesis
|-start|p2a: Henry|protosynthesisspe
|move|p1a: Armarouge|Expanding Force|p2a: Henry
|-damage|p2a: Henry|45/100
|
|-weather|SunnyDay|[upkeep]
|upkeep
|turn|14
|
|t:|1758948909
|-end|p1a: Armarouge|ability: Flash Fire|[silent]
|switch|p1a: Great Tusk|Great Tusk|73/100
|-activate|p1a: Great Tusk|ability: Protosynthesis
|-start|p1a: Great Tusk|protosynthesisatk
|move|p2a: Henry|Hydro Steam|p1a: Great Tusk
|-supereffective|p1a: Great Tusk
|-damage|p1a: Great Tusk|0 fnt
|faint|p1a: Great Tusk
|-end|p1a: Great Tusk|Protosynthesis|[silent]
|
|-weather|none
|-end|p2a: Henry|Protosynthesis
|upkeep
|
|t:|1758948916
|switch|p1a: Magnezone|Magnezone|100/100
|turn|15
|
|t:|1758948922
|-end|p2a: Henry|Protosynthesis|[silent]
|switch|p2a: Todd|Torkoal, M|100/100
|-weather|SunnyDay|[from] ability: Drought|[of] p2a: Todd
|move|p1a: Magnezone|Thunderbolt|p2a: Todd
|-damage|p2a: Todd|0 fnt
|faint|p2a: Todd
|
|-weather|SunnyDay|[upkeep]
|upkeep
|
|t:|1758948932
|switch|p2a: Kanao|Lilligant-Hisui, F, shiny|100/100
|turn|16
|
|t:|1758948951
|move|p2a: Kanao|Close Combat|p1a: Magnezone
|-supereffective|p1a: Magnezone
|-damage|p1a: Magnezone|0 fnt
|-unboost|p2a: Kanao|def|1
|-unboost|p2a: Kanao|spd|1
|faint|p1a: Magnezone
|-damage|p2a: Kanao|91/100|[from] item: Life Orb
|
|-weather|SunnyDay|[upkeep]
|upkeep
|
|t:|1758948956
|switch|p1a: Haxorus|Haxorus, M|100/100
|-ability|p1a: Haxorus|Mold Breaker
|turn|17
|c|☆SpearOfCassius|DIEEEEEEEE
|
|t:|1758948971
|move|p1a: Haxorus|First Impression|p2a: Kanao
|-damage|p2a: Kanao|12/100
|move|p2a: Kanao|Triple Axel|p1a: Haxorus|[miss]
|-miss|p2a: Kanao|p1a: Haxorus
|
|-weather|SunnyDay|[upkeep]
|upkeep
|turn|18
|
|t:|1758948983
|move|p2a: Kanao|Triple Axel|p1a: Haxorus
|-supereffective|p1a: Haxorus
|-damage|p1a: Haxorus|77/100
|-supereffective|p1a: Haxorus
|-damage|p1a: Haxorus|32/100
|-supereffective|p1a: Haxorus
|-damage|p1a: Haxorus|0 fnt
|faint|p1a: Haxorus
|-hitcount|p1: Haxorus|3
|-damage|p2a: Kanao|2/100|[from] item: Life Orb
|
|-weather|SunnyDay|[upkeep]
|upkeep
|
|t:|1758948989
|switch|p1a: Armarouge|Armarouge, F|100/100
|turn|19
|
|t:|1758948997
|move|p2a: Kanao|Solar Blade||[still]
|-prepare|p2a: Kanao|Solar Blade
|-anim|p2a: Kanao|Solar Blade|p1a: Armarouge
|-resisted|p1a: Armarouge
|-damage|p1a: Armarouge|63/100
|-damage|p2a: Kanao|0 fnt|[from] item: Life Orb
|faint|p2a: Kanao
|move|p1a: Armarouge|Expanding Force|p2: Kanao|[notarget]
|-fail|p1a: Armarouge
|
|-weather|SunnyDay|[upkeep]
|upkeep
|
|t:|1758949008
|switch|p2a: Henry|Walking Wake|45/100
|-activate|p2a: Henry|ability: Protosynthesis
|-start|p2a: Henry|protosynthesisspe
|turn|20
|
|t:|1758949013
|move|p2a: Henry|Hydro Steam|p1a: Armarouge
|-supereffective|p1a: Armarouge
|-damage|p1a: Armarouge|0 fnt
|faint|p1a: Armarouge
|
|-weather|SunnyDay|[upkeep]
|upkeep
|
|t:|1758949016
|switch|p1a: Kingambit|Kingambit, M|100/100
|-activate|p1a: Kingambit|ability: Supreme Overlord
|-start|p1a: Kingambit|fallen5|[silent]
|turn|21
|
|t:|1758949026
|-end|p2a: Henry|Protosynthesis|[silent]
|switch|p2a: Moltres|Moltres|58/100
|move|p1a: Kingambit|Swords Dance|p1a: Kingambit
|-boost|p1a: Kingambit|atk|2
|
|-weather|SunnyDay|[upkeep]
|upkeep
|turn|22
|
|t:|1758949034
|move|p2a: Moltres|Roost|p2a: Moltres
|-heal|p2a: Moltres|100/100
|-singleturn|p2a: Moltres|move: Roost
|move|p1a: Kingambit|Kowtow Cleave|p2a: Moltres
|-damage|p2a: Moltres|0 fnt
|faint|p2a: Moltres
|
|-weather|none
|upkeep
|
|t:|1758949047
|switch|p2a: Naruto|Cinderace, M, tera:Flying|100/100
|turn|23
|
|t:|1758949052
|move|p2a: Naruto|Will-O-Wisp|p1a: Kingambit
|-status|p1a: Kingambit|brn
|move|p1a: Kingambit|Swords Dance|p1a: Kingambit
|-boost|p1a: Kingambit|atk|2
|
|-damage|p1a: Kingambit|94/100 brn|[from] brn
|upkeep
|turn|24
|
|t:|1758949061
|move|p1a: Kingambit|Sucker Punch|p2a: Naruto
|-damage|p2a: Naruto|0 fnt
|faint|p2a: Naruto
|
|-damage|p1a: Kingambit|88/100 brn|[from] brn
|upkeep
|
|t:|1758949076
|switch|p2a: Henry|Walking Wake|45/100
|turn|25
|
|t:|1758949081
|move|p1a: Kingambit|Sucker Punch|p2a: Henry
|-damage|p2a: Henry|0 fnt
|faint|p2a: Henry
|-end|p2a: Henry|Protosynthesis|[silent]
|
|win|Veronyl
|raw|Veronyl's rating: 1228 &rarr; <strong>1259</strong><br />(+31 for winning)
|raw|SpearOfCassius's rating: 1310 &rarr; <strong>1285</strong><br />(-25 for losing)
|l|☆Veronyl
|player|p1|
|l|☆SpearOfCassius
|player|p2|
