|j|☆Mabuki
|j|☆Baxter FoxTrot
|t:|1759004168
|gametype|singles
|player|p1|Mabuki|101|1057
|player|p2|Baxter FoxTrot|gentleman-gen4|1077
|gen|9
|tier|[Gen 9] OU
|rated|
|rule|HP Percentage Mod: HP is shown in percentages
|rule|Endless Battle Clause: Forcing endless battles is banned
|rule|Species Clause: Limit one of each Pokémon
|rule|OHKO Clause: OHKO moves are banned
|rule|Evasion Items Clause: Evasion items are banned
|rule|Evasion Moves Clause: Evasion moves are banned
|rule|Evasion Abilities Clause: Evasion abilities are banned
|rule|Sleep Moves Clause: Sleep-inducing moves are banned
|clearpoke
|poke|p1|Maushold-Four|
|poke|p1|Dragonite, F|
|poke|p1|Espeon, M|
|poke|p1|Sableye, M|
|poke|p1|Sudowoodo, L1, M|
|poke|p1|Kingambit, M|
|poke|p2|Snorlax, F|
|poke|p2|Bisharp, M|
|poke|p2|Toxicroak, F|
|poke|p2|Cramorant, F|
|poke|p2|Chesnaught, M|
|poke|p2|Golurk|
|teampreview
|
|t:|1759004183
|teamsize|p1|6
|teamsize|p2|6
|start
|switch|p1a: Sableye|Sableye, M|100/100
|switch|p2a: The Big One|Snorlax, F, shiny|100/100
|turn|1
|inactive|Battle timer is ON: inactive players will automatically lose when time's up. (requested by Baxter FoxTrot)
|
|t:|1759004190
|move|p1a: Sableye|Thunder Wave|p2a: The Big One
|-status|p2a: The Big One|par
|move|p2a: The Big One|Belly Drum|p2a: The Big One
|-damage|p2a: The Big One|50/100 par
|-setboost|p2a: The Big One|atk|6|[from] move: Belly Drum
|-enditem|p2a: The Big One|Aguav Berry|[eat]
|-heal|p2a: The Big One|84/100 par|[from] item: Aguav Berry
|
|upkeep
|turn|2
|
|t:|1759004201
|move|p1a: Sableye|Reflect|p1a: Sableye
|-sidestart|p1: Mabuki|Reflect
|move|p2a: The Big One|Crunch|p1a: Sableye
|-damage|p1a: Sableye|34/100
|-unboost|p1a: Sableye|def|1
|
|upkeep
|turn|3
|
|t:|1759004208
|move|p1a: Sableye|Light Screen|p1a: Sableye
|-sidestart|p1: Mabuki|move: Light Screen
|move|p2a: The Big One|Crunch|p1a: Sableye
|-damage|p1a: Sableye|0 fnt
|faint|p1a: Sableye
|
|upkeep
|
|t:|1759004215
|switch|p1a: Boss|Maushold-Four, shiny|100/100
|turn|4
|
|t:|1759004221
|-terastallize|p1a: Boss|Ghost
|move|p1a: Boss|Tidy Up|p1a: Boss
|-boost|p1a: Boss|atk|1
|-boost|p1a: Boss|spe|1
|move|p2a: The Big One|Facade|p1a: Boss
|-immune|p1a: Boss
|
|upkeep
|turn|5
|
|t:|1759004230
|move|p1a: Boss|Tidy Up|p1a: Boss
|-boost|p1a: Boss|atk|1
|-boost|p1a: Boss|spe|1
|move|p2a: The Big One|Crunch|p1a: Boss
|-supereffective|p1a: Boss
|-damage|p1a: Boss|0 fnt
|faint|p1a: Boss
|
|upkeep
|
|t:|1759004239
|switch|p1a: Sudowoodo|Sudowoodo, L1, M, shiny|100/100
|turn|6
|
|t:|1759004243
|cant|p2a: The Big One|par
|move|p1a: Sudowoodo|Endeavor|p2a: The Big One
|-damage|p2a: The Big One|3/100 par
|
|-sideend|p1: Mabuki|Reflect
|upkeep
|turn|7
|
|t:|1759004252
|move|p2a: The Big One|Facade|p1a: Sudowoodo
|-resisted|p1a: Sudowoodo
|-ability|p1a: Sudowoodo|Sturdy
|-damage|p1a: Sudowoodo|9/100
|move|p1a: Sudowoodo|Sandstorm|p1a: Sudowoodo
|-weather|Sandstorm
|
|-weather|Sandstorm|[upkeep]
|-damage|p2a: The Big One|0 fnt|[from] Sandstorm
|faint|p2a: The Big One
|-sideend|p1: Mabuki|move: Light Screen
|upkeep
|
|t:|1759004263
|switch|p2a: Tuco|Toxicroak, F, shiny|100/100
|turn|8
|
|t:|1759004267
|switch|p1a: Espeon|Espeon, M|100/100
|move|p2a: Tuco|Bullet Punch|p1a: Espeon
|-damage|p1a: Espeon|79/100
|
|-weather|Sandstorm|[upkeep]
|-damage|p1a: Espeon|73/100|[from] Sandstorm
|-damage|p2a: Tuco|94/100|[from] Sandstorm
|-heal|p1a: Espeon|79/100|[from] item: Leftovers
|upkeep
|turn|9
|
|t:|1759004277
|move|p1a: Espeon|Psychic Noise|p2a: Tuco
|-supereffective|p2a: Tuco
|-damage|p2a: Tuco|0 fnt
|faint|p2a: Tuco
|
|-weather|Sandstorm|[upkeep]
|-damage|p1a: Espeon|73/100|[from] Sandstorm
|-heal|p1a: Espeon|79/100|[from] item: Leftovers
|upkeep
|
|t:|1759004287
|switch|p2a: Regus|Bisharp, M|100/100
|turn|10
|
|t:|1759004290
|move|p2a: Regus|Sucker Punch||[still]
|-fail|p2a: Regus
|move|p1a: Espeon|Trick Room|p1a: Espeon
|-fieldstart|move: Trick Room|[of] p1a: Espeon
|
|-weather|Sandstorm|[upkeep]
|-damage|p1a: Espeon|73/100|[from] Sandstorm
|-heal|p1a: Espeon|79/100|[from] item: Leftovers
|upkeep
|turn|11
|
|t:|1759004301
|move|p2a: Regus|Sucker Punch|p1a: Espeon
|-supereffective|p1a: Espeon
|-damage|p1a: Espeon|0 fnt
|faint|p1a: Espeon
|
|-weather|none
|upkeep
|
|t:|1759004308
|switch|p1a: Dragonite|Dragonite, F|100/100
|turn|12
|
|t:|1759004319
|move|p2a: Regus|Swords Dance|p2a: Regus
|-boost|p2a: Regus|atk|2
|move|p1a: Dragonite|Earthquake|p2a: Regus
|-supereffective|p2a: Regus
|-damage|p2a: Regus|45/100
|
|upkeep
|turn|13
|
|t:|1759004326
|move|p2a: Regus|Stone Edge|p1a: Dragonite
|-supereffective|p1a: Dragonite
|-damage|p1a: Dragonite|24/100
|move|p1a: Dragonite|Earthquake|p2a: Regus
|-supereffective|p2a: Regus
|-damage|p2a: Regus|0 fnt
|faint|p2a: Regus
|
|-heal|p1a: Dragonite|30/100|[from] item: Leftovers
|upkeep
|
|t:|1759004337
|switch|p2a: Pelican Pete|Cramorant, F, shiny|100/100
|turn|14
|
|t:|1759004342
|move|p1a: Dragonite|Extreme Speed|p2a: Pelican Pete
|-damage|p2a: Pelican Pete|44/100
|-damage|p1a: Dragonite|13/100|[from] item: Rocky Helmet|[of] p2a: Pelican Pete
|move|p2a: Pelican Pete|Ice Beam|p1a: Dragonite
|-supereffective|p1a: Dragonite
|-damage|p1a: Dragonite|0 fnt
|faint|p1a: Dragonite
|
|-fieldend|move: Trick Room
|upkeep
|
|t:|1759004353
|switch|p1a: Sudowoodo|Sudowoodo, L1, M, shiny|9/100
|turn|15
|
|t:|1759004360
|move|p2a: Pelican Pete|Surf|p1a: Sudowoodo
|-formechange|p2a: Pelican Pete|Cramorant-Gorging|
|-supereffective|p1a: Sudowoodo
|-damage|p1a: Sudowoodo|0 fnt
|faint|p1a: Sudowoodo
|
|upkeep
|
|t:|1759004367
|switch|p1a: Extra Boss|Kingambit, M, shiny|100/100
|turn|16
|
|t:|1759004374
|move|p2a: Pelican Pete|Surf|p1a: Extra Boss
|-damage|p1a: Extra Boss|60/100
|move|p1a: Extra Boss|Swords Dance|p1a: Extra Boss
|-boost|p1a: Extra Boss|atk|2
|
|upkeep
|turn|17
|
|t:|1759004381
|move|p2a: Pelican Pete|Surf|p1a: Extra Boss
|-damage|p1a: Extra Boss|19/100
|-enditem|p1a: Extra Boss|Salac Berry|[eat]
|-boost|p1a: Extra Boss|spe|1|[from] item: Salac Berry
|move|p1a: Extra Boss|Swords Dance|p1a: Extra Boss
|-boost|p1a: Extra Boss|atk|2
|
|upkeep
|turn|18
|c|☆Baxter FoxTrot|?
|
|t:|1759004394
|move|p1a: Extra Boss|Sucker Punch|p2a: Pelican Pete
|-crit|p2a: Pelican Pete
|-damage|p2a: Pelican Pete|0 fnt
|-damage|p1a: Extra Boss|3/100|[from] item: Rocky Helmet|[of] p2a: Pelican Pete
|-damage|p1a: Extra Boss|0 fnt|[from] ability: Gulp Missile|[of] p2a: Pelican Pete
|-formechange|p2a: Pelican Pete|Cramorant|
|faint|p2a: Pelican Pete
|faint|p1a: Extra Boss
|
|win|Baxter FoxTrot
|raw|Mabuki's rating: 1057 &rarr; <strong>1040</strong><br />(-17 for losing)
|raw|Baxter FoxTrot's rating: 1077 &rarr; <strong>1104</strong><br />(+27 for winning)
|l|☆Mabuki
|player|p1|
