|j|☆constante16
|j|☆Shoko_Akoo
|t:|1758980124
|gametype|singles
|player|p1|constante16|roxanne|1142
|player|p2|Shoko_Akoo|benga|1119
|gen|9
|tier|[Gen 9] OU
|rated|
|rule|HP Percentage Mod: HP is shown in percentages
|rule|Endless Battle Clause: Forcing endless battles is banned
|rule|Species Clause: Limit one of each Pokémon
|rule|OHKO Clause: OHKO moves are banned
|rule|Evasion Items Clause: Evasion items are banned
|rule|Evasion Moves Clause: Evasion moves are banned
|rule|Evasion Abilities Clause: Evasion abilities are banned
|rule|Sleep Moves Clause: Sleep-inducing moves are banned
|clearpoke
|poke|p1|Cinderace, F|
|poke|p1|Froslass, F|
|poke|p1|Squawkabilly-White, F|
|poke|p1|Eevee, F|
|poke|p1|Salazzle, F|
|poke|p1|Grimmsnarl, M|
|poke|p2|Metagross|
|poke|p2|Zoroark-Hisui, M|
|poke|p2|Avalugg-Hisui, M|
|poke|p2|Haxorus, M|
|poke|p2|Umbreon, M|
|poke|p2|Necrozma|
|teampreview
|
|t:|1758980139
|teamsize|p1|6
|teamsize|p2|6
|start
|switch|p1a: Eevee|Eevee, F, shiny|100/100
|switch|p2a: Hax|Haxorus, M, shiny|100/100
|-ability|p2a: Hax|Mold Breaker
|turn|1
|inactive|Battle timer is ON: inactive players will automatically lose when time's up. (requested by constante16)
|
|t:|1758980145
|move|p1a: Eevee|Protect|p1a: Eevee
|-singleturn|p1a: Eevee|Protect
|move|p2a: Hax|Close Combat|p1a: Eevee
|-activate|p1a: Eevee|move: Protect
|
|upkeep
|turn|2
|
|t:|1758980151
|move|p2a: Hax|Close Combat|p1a: Eevee
|-supereffective|p1a: Eevee
|-damage|p1a: Eevee|0 fnt
|-unboost|p2a: Hax|def|1
|-unboost|p2a: Hax|spd|1
|faint|p1a: Eevee
|-damage|p2a: Hax|91/100|[from] item: Life Orb
|
|upkeep
|
|t:|1758980156
|switch|p1a: Squawkabilly|Squawkabilly-White, F|100/100
|-ability|p1a: Squawkabilly|Intimidate|boost
|-unboost|p2a: Hax|atk|1
|turn|3
|
|t:|1758980164
|-terastallize|p2a: Hax|Steel
|move|p1a: Squawkabilly|U-turn|p2a: Hax
|-resisted|p2a: Hax
|-damage|p2a: Hax|71/100
|
|t:|1758980174
|switch|p1a: Froslass|Froslass, F|100/100|[from] U-turn
|move|p2a: Hax|Dragon Dance|p2a: Hax
|-boost|p2a: Hax|atk|1
|-boost|p2a: Hax|spe|1
|
|upkeep
|turn|4
|
|t:|1758980199
|move|p1a: Froslass|Switcheroo|p2a: Hax
|-activate|p1a: Froslass|move: Trick|[of] p2a: Hax
|-item|p2a: Hax|Choice Scarf|[from] move: Switcheroo
|-item|p1a: Froslass|Life Orb|[from] move: Switcheroo
|move|p2a: Hax|Outrage|p1a: Froslass
|-damage|p1a: Froslass|0 fnt
|faint|p1a: Froslass
|
|upkeep
|
|t:|1758980206
|switch|p1a: Grimmsnarl|Grimmsnarl, M, shiny|100/100
|turn|5
|
|t:|1758980217
|move|p1a: Grimmsnarl|Thunder Wave|p2a: Hax
|-status|p2a: Hax|par
|move|p2a: Hax|Outrage|p1a: Grimmsnarl|[from] lockedmove
|-immune|p1a: Grimmsnarl
|
|upkeep
|turn|6
|
|t:|1758980226
|switch|p2a: Umbrella|Umbreon, M, shiny|100/100
|move|p1a: Grimmsnarl|Foul Play|p2a: Umbrella
|-resisted|p2a: Umbrella
|-damage|p2a: Umbrella|92/100
|
|-heal|p2a: Umbrella|98/100|[from] item: Leftovers
|upkeep
|turn|7
|
|t:|1758980238
|move|p1a: Grimmsnarl|Parting Shot|p2a: Umbrella
|-hint|Since gen 7, Dark is immune to Prankster moves.
|-immune|p2a: Umbrella
|move|p2a: Umbrella|Light Screen|p2a: Umbrella
|-sidestart|p2: Shoko_Akoo|move: Light Screen
|
|-heal|p2a: Umbrella|100/100|[from] item: Leftovers
|upkeep
|turn|8
|
|t:|1758980259
|move|p1a: Grimmsnarl|Spirit Break|p2a: Umbrella
|-supereffective|p2a: Umbrella
|-damage|p2a: Umbrella|55/100
|-unboost|p2a: Umbrella|spa|1
|move|p2a: Umbrella|Alluring Voice|p1a: Grimmsnarl
|-supereffective|p1a: Grimmsnarl
|-damage|p1a: Grimmsnarl|87/100
|
|-heal|p1a: Grimmsnarl|93/100|[from] item: Leftovers
|-heal|p2a: Umbrella|61/100|[from] item: Leftovers
|upkeep
|turn|9
|
|t:|1758980272
|move|p1a: Grimmsnarl|Spirit Break|p2a: Umbrella
|-supereffective|p2a: Umbrella
|-damage|p2a: Umbrella|13/100
|-unboost|p2a: Umbrella|spa|1
|move|p2a: Umbrella|Alluring Voice|p1a: Grimmsnarl
|-supereffective|p1a: Grimmsnarl
|-damage|p1a: Grimmsnarl|83/100
|
|-heal|p1a: Grimmsnarl|89/100|[from] item: Leftovers
|-heal|p2a: Umbrella|19/100|[from] item: Leftovers
|upkeep
|turn|10
|inactive|Shoko_Akoo has 120 seconds left.
|
|t:|1758980289
|move|p1a: Grimmsnarl|Spirit Break|p2a: Umbrella
|-supereffective|p2a: Umbrella
|-damage|p2a: Umbrella|0 fnt
|faint|p2a: Umbrella
|
|-heal|p1a: Grimmsnarl|95/100|[from] item: Leftovers
|upkeep
|inactive|Shoko_Akoo has 120 seconds left.
|
|t:|1758980298
|switch|p2a: Necro|Necrozma|100/100
|turn|11
|
|t:|1758980302
|move|p1a: Grimmsnarl|Thunder Wave|p2a: Necro
|-status|p2a: Necro|par
|move|p2a: Necro|Sludge Bomb|p1a: Grimmsnarl
|-supereffective|p1a: Grimmsnarl
|-damage|p1a: Grimmsnarl|48/100
|
|-heal|p1a: Grimmsnarl|54/100|[from] item: Leftovers
|-sideend|p2: Shoko_Akoo|move: Light Screen
|upkeep
|turn|12
|
|t:|1758980310
|move|p1a: Grimmsnarl|Parting Shot|p2a: Necro
|-unboost|p2a: Necro|atk|1
|-unboost|p2a: Necro|spa|1
|
|t:|1758980314
|switch|p1a: Salazzle|Salazzle, F, shiny|100/100|[from] Parting Shot
|move|p2a: Necro|Sludge Bomb|p1a: Salazzle
|-resisted|p1a: Salazzle
|-damage|p1a: Salazzle|86/100
|
|-heal|p1a: Salazzle|92/100|[from] item: Leftovers
|upkeep
|turn|13
|
|t:|1758980322
|switch|p2a: Avel|Avalugg-Hisui, M|100/100
|move|p1a: Salazzle|Flamethrower|p2a: Avel
|-damage|p2a: Avel|38/100
|
|-heal|p1a: Salazzle|98/100|[from] item: Leftovers
|upkeep
|turn|14
|
|t:|1758980330
|move|p1a: Salazzle|Flamethrower|p2a: Avel
|-damage|p2a: Avel|0 fnt
|faint|p2a: Avel
|
|-heal|p1a: Salazzle|100/100|[from] item: Leftovers
|upkeep
|
|t:|1758980333
|switch|p2a: Hax|Haxorus, M, shiny, tera:Steel|71/100 par
|-ability|p2a: Hax|Mold Breaker
|turn|15
|
|t:|1758980341
|move|p1a: Salazzle|Flamethrower|p2a: Hax
|-supereffective|p2a: Hax
|-damage|p2a: Hax|0 fnt
|faint|p2a: Hax
|
|upkeep
|
|t:|1758980349
|switch|p2a: Necro|Necrozma|100/100 par
|turn|16
|
|t:|1758980367
|move|p1a: Salazzle|Protect|p1a: Salazzle
|-singleturn|p1a: Salazzle|Protect
|move|p2a: Necro|Bitter Malice|p1a: Salazzle
|-activate|p1a: Salazzle|move: Protect
|
|upkeep
|turn|17
|
|t:|1758980375
|switch|p1a: Squawkabilly|Squawkabilly-White, F|100/100
|-ability|p1a: Squawkabilly|Intimidate|boost
|-unboost|p2a: Necro|atk|1
|move|p2a: Necro|Bitter Malice|p1a: Squawkabilly
|-immune|p1a: Squawkabilly
|
|upkeep
|turn|18
|
|t:|1758980386
|switch|p2a: Necro|Necrozma|100/100
|move|p1a: Squawkabilly|Parting Shot|p2a: Necro
|-unboost|p2a: Necro|atk|1
|-unboost|p2a: Necro|spa|1
|
|t:|1758980393
|switch|p1a: Salazzle|Salazzle, F, shiny|100/100|[from] Parting Shot
|
|upkeep
|turn|19
|
|t:|1758980400
|move|p1a: Salazzle|Protect|p1a: Salazzle
|-singleturn|p1a: Salazzle|Protect
|move|p2a: Necro|Photon Geyser|p1a: Salazzle
|-activate|p1a: Salazzle|move: Protect
|
|upkeep
|turn|20
|
|t:|1758980407
|switch|p1a: Grimmsnarl|Grimmsnarl, M, shiny|54/100
|move|p2a: Necro|Photon Geyser|p1a: Grimmsnarl
|-immune|p1a: Grimmsnarl
|
|-heal|p1a: Grimmsnarl|60/100|[from] item: Leftovers
|upkeep
|turn|21
|
|t:|1758980418
|move|p2a: Necro|Charge Beam|p1a: Grimmsnarl|[miss]
|-miss|p2a: Necro|p1a: Grimmsnarl
|move|p1a: Grimmsnarl|Foul Play|p2a: Necro
|-supereffective|p2a: Necro
|-damage|p2a: Necro|75/100
|
|-heal|p1a: Grimmsnarl|66/100|[from] item: Leftovers
|upkeep
|turn|22
|
|t:|1758980428
|move|p1a: Grimmsnarl|Parting Shot|p2a: Necro
|-unboost|p2a: Necro|atk|1
|-unboost|p2a: Necro|spa|1
|
|t:|1758980434
|switch|p1a: Salazzle|Salazzle, F, shiny|100/100|[from] Parting Shot
|move|p2a: Necro|Charge Beam|p1a: Salazzle
|-damage|p1a: Salazzle|86/100
|-boost|p2a: Necro|spa|1
|
|-heal|p1a: Salazzle|92/100|[from] item: Leftovers
|upkeep
|turn|23
|
|t:|1758980448
|move|p1a: Salazzle|Protect|p1a: Salazzle
|-singleturn|p1a: Salazzle|Protect
|move|p2a: Necro|Calm Mind|p2a: Necro
|-boost|p2a: Necro|spa|1
|-boost|p2a: Necro|spd|1
|
|-heal|p1a: Salazzle|98/100|[from] item: Leftovers
|upkeep
|turn|24
|
|t:|1758980456
|move|p1a: Salazzle|Toxic|p2a: Necro
|-status|p2a: Necro|tox
|move|p2a: Necro|Charge Beam|p1a: Salazzle
|-damage|p1a: Salazzle|68/100
|-boost|p2a: Necro|spa|1
|
|-heal|p1a: Salazzle|74/100|[from] item: Leftovers
|-damage|p2a: Necro|69/100 tox|[from] psn
|upkeep
|turn|25
|
|t:|1758980463
|move|p1a: Salazzle|Protect|p1a: Salazzle
|-singleturn|p1a: Salazzle|Protect
|move|p2a: Necro|Calm Mind|p2a: Necro
|-boost|p2a: Necro|spa|1
|-boost|p2a: Necro|spd|1
|
|-heal|p1a: Salazzle|80/100|[from] item: Leftovers
|-damage|p2a: Necro|57/100 tox|[from] psn
|upkeep
|turn|26
|
|t:|1758980472
|move|p1a: Salazzle|Substitute|p1a: Salazzle
|-start|p1a: Salazzle|Substitute
|-damage|p1a: Salazzle|56/100
|move|p2a: Necro|Photon Geyser|p1a: Salazzle
|-supereffective|p1a: Salazzle
|-end|p1a: Salazzle|Substitute
|
|-heal|p1a: Salazzle|62/100|[from] item: Leftovers
|-damage|p2a: Necro|39/100 tox|[from] psn
|upkeep
|turn|27
|
|t:|1758980482
|move|p1a: Salazzle|Protect|p1a: Salazzle
|-singleturn|p1a: Salazzle|Protect
|move|p2a: Necro|Charge Beam|p1a: Salazzle
|-activate|p1a: Salazzle|move: Protect
|
|-heal|p1a: Salazzle|68/100|[from] item: Leftovers
|-damage|p2a: Necro|15/100 tox|[from] psn
|upkeep
|turn|28
|
|t:|1758980496
|move|p1a: Salazzle|Substitute|p1a: Salazzle
|-start|p1a: Salazzle|Substitute
|-damage|p1a: Salazzle|43/100
|move|p2a: Necro|Prismatic Laser|p1a: Salazzle
|-supereffective|p1a: Salazzle
|-end|p1a: Salazzle|Substitute
|-mustrecharge|p2a: Necro
|
|-heal|p1a: Salazzle|49/100|[from] item: Leftovers
|-damage|p2a: Necro|0 fnt|[from] psn
|faint|p2a: Necro
|upkeep
|
|t:|1758980506
|switch|p2a: Megagross|Metagross, shiny|100/100
|turn|29
|
|t:|1758980535
|move|p1a: Salazzle|Protect|p1a: Salazzle
|-singleturn|p1a: Salazzle|Protect
|move|p2a: Megagross|Earthquake|p1a: Salazzle
|-activate|p1a: Salazzle|move: Protect
|
|-heal|p1a: Salazzle|56/100|[from] item: Leftovers
|upkeep
|turn|30
|
|t:|1758980542
|switch|p1a: Squawkabilly|Squawkabilly-White, F|100/100
|-ability|p1a: Squawkabilly|Intimidate|boost
|-fail|p2a: Megagross|unboost|[from] ability: Clear Body|[of] p2a: Megagross
|move|p2a: Megagross|Psychic Fangs|p1a: Squawkabilly
|-damage|p1a: Squawkabilly|8/100
|
|upkeep
|turn|31
|
|t:|1758980550
|move|p1a: Squawkabilly|U-turn|p2a: Megagross
|-damage|p2a: Megagross|87/100
|
|t:|1758980554
|switch|p1a: Grimmsnarl|Grimmsnarl, M, shiny|66/100|[from] U-turn
|move|p2a: Megagross|Meteor Mash|p1a: Grimmsnarl
|-supereffective|p1a: Grimmsnarl
|-damage|p1a: Grimmsnarl|0 fnt
|faint|p1a: Grimmsnarl
|
|upkeep
|
|t:|1758980562
|switch|p1a: Salazzle|Salazzle, F, shiny|56/100
|turn|32
|
|t:|1758980569
|move|p1a: Salazzle|Protect|p1a: Salazzle
|-singleturn|p1a: Salazzle|Protect
|move|p2a: Megagross|Psychic Fangs|p1a: Salazzle
|-activate|p1a: Salazzle|move: Protect
|
|-heal|p1a: Salazzle|62/100|[from] item: Leftovers
|upkeep
|turn|33
|
|t:|1758980577
|move|p1a: Salazzle|Flamethrower|p2a: Megagross
|-supereffective|p2a: Megagross
|-damage|p2a: Megagross|14/100
|move|p2a: Megagross|Earthquake|p1a: Salazzle
|-supereffective|p1a: Salazzle
|-damage|p1a: Salazzle|0 fnt
|faint|p1a: Salazzle
|
|upkeep
|
|t:|1758980583
|switch|p1a: Squawkabilly|Squawkabilly-White, F|8/100
|-ability|p1a: Squawkabilly|Intimidate|boost
|-fail|p2a: Megagross|unboost|[from] ability: Clear Body|[of] p2a: Megagross
|turn|34
|
|t:|1758980592
|move|p1a: Squawkabilly|U-turn|p2a: Megagross
|-damage|p2a: Megagross|0 fnt
|faint|p2a: Megagross
|
|t:|1758980596
|switch|p1a: Cinderace|Cinderace, F|100/100|[from] U-turn
|
|upkeep
|
|t:|1758980598
|switch|p2a: Arko|Zoroark-Hisui, M, shiny|100/100 par
|turn|35
|c|☆constante16|gg
|
|t:|1758980607
|switch|p1a: Squawkabilly|Squawkabilly-White, F|8/100
|-ability|p1a: Squawkabilly|Intimidate|boost
|-unboost|p2a: Arko|atk|1
|move|p2a: Arko|Bitter Malice|p1a: Squawkabilly
|-immune|p1a: Squawkabilly
|
|upkeep
|turn|36
|-message|Shoko_Akoo forfeited.
|
|win|constante16
|raw|constante16's rating: 1142 &rarr; <strong>1165</strong><br />(+23 for winning)
|raw|Shoko_Akoo's rating: 1119 &rarr; <strong>1096</strong><br />(-23 for losing)
|l|☆Shoko_Akoo
|player|p2|
|l|☆constante16
|player|p1|
