|badge|p1|bronze|gen9ou|100-6
|html|<div class="broadcast-red"><strong>This battle is required to be public due to one or more player having a season medal.</strong><br />During the public phase, you can discuss the state of the ladder <a href="/seasondiscussion">in a special chatroom.</a></div>
|uhtml|medal-msg|<div class="broadcast-blue">Curious what those medals under the avatar are? PS now has Ladder Seasons! For more information, check out the <a href="https://www.smogon.com/forums/threads/3740067/">thread on Smogon.</a></div>
|j|☆healorant
|j|☆lt124yh 925
|t:|1759052885
|gametype|singles
|player|p1|healorant|alder|1832
|player|p2|lt124yh 925|pokemonbreederf-gen4|1804
|gen|9
|tier|[Gen 9] OU
|rated|
|rule|HP Percentage Mod: HP is shown in percentages
|rule|Endless Battle Clause: Forcing endless battles is banned
|rule|Species Clause: Limit one of each Pokémon
|rule|OHKO Clause: OHKO moves are banned
|rule|Evasion Items Clause: Evasion items are banned
|rule|Evasion Moves Clause: Evasion moves are banned
|rule|Evasion Abilities Clause: Evasion abilities are banned
|rule|Sleep Moves Clause: Sleep-inducing moves are banned
|clearpoke
|poke|p1|Hydrapple, M|
|poke|p1|Gholdengo|
|poke|p1|Samurott-Hisui, F|
|poke|p1|Ting-Lu|
|poke|p1|Tornadus-Therian, M|
|poke|p1|Zamazenta-*|
|poke|p2|Porygon2|
|poke|p2|Ursaluna, M|
|poke|p2|Cresselia, F|
|poke|p2|Volcanion|
|poke|p2|Hatterene, F|
|poke|p2|Iron Hands|
|teampreview
|inactive|Battle timer is ON: inactive players will automatically lose when time's up. (requested by lt124yh 925)
|c|☆lt124yh 925|hf
|inactive|lt124yh 925 has 120 seconds left.
|c|☆healorant|hf
|
|t:|1759052920
|teamsize|p1|6
|teamsize|p2|6
|start
|switch|p1a: Samurott|Samurott-Hisui, F|100/100
|switch|p2a: Iron Hands|Iron Hands|100/100
|-enditem|p2a: Iron Hands|Booster Energy
|-activate|p2a: Iron Hands|ability: Quark Drive|[fromitem]
|-start|p2a: Iron Hands|quarkdriveatk
|turn|1
|
|t:|1759052926
|switch|p1a: Zamazenta|Zamazenta|100/100
|-ability|p1a: Zamazenta|Dauntless Shield|boost
|-boost|p1a: Zamazenta|def|1
|move|p2a: Iron Hands|Close Combat|p1a: Zamazenta
|-damage|p1a: Zamazenta|58/100
|-unboost|p2a: Iron Hands|def|1
|-unboost|p2a: Iron Hands|spd|1
|
|-heal|p1a: Zamazenta|64/100|[from] item: Leftovers
|upkeep
|turn|2
|
|t:|1759052933
|-end|p2a: Iron Hands|Quark Drive|[silent]
|switch|p2a: Hatterene|Hatterene, F|100/100
|move|p1a: Zamazenta|Body Press|p2a: Hatterene
|-resisted|p2a: Hatterene
|-damage|p2a: Hatterene|89/100
|
|-heal|p1a: Zamazenta|70/100|[from] item: Leftovers
|upkeep
|turn|3
|
|t:|1759052938
|switch|p1a: Tornadus|Tornadus-Therian, M|100/100
|move|p2a: Hatterene|Dazzling Gleam|p1a: Tornadus
|-damage|p1a: Tornadus|64/100
|
|upkeep
|turn|4
|
|t:|1759052943
|move|p1a: Tornadus|Knock Off|p2a: Hatterene
|-damage|p2a: Hatterene|71/100
|-enditem|p2a: Hatterene|Babiri Berry|[from] move: Knock Off|[of] p1a: Tornadus
|move|p2a: Hatterene|Dazzling Gleam|p1a: Tornadus
|-damage|p1a: Tornadus|23/100
|
|upkeep
|turn|5
|
|t:|1759052948
|move|p1a: Tornadus|U-turn|p2a: Hatterene
|-damage|p2a: Hatterene|58/100
|
|t:|1759052950
|switch|p1a: Gholdengo|Gholdengo|100/100|[from] U-turn
|move|p2a: Hatterene|Dazzling Gleam|p1a: Gholdengo
|-resisted|p1a: Gholdengo
|-damage|p1a: Gholdengo|80/100
|
|upkeep
|turn|6
|
|t:|1759052956
|switch|p2a: Volcanion|Volcanion|100/100
|move|p1a: Gholdengo|Trick|p2a: Volcanion
|-activate|p1a: Gholdengo|move: Trick|[of] p2a: Volcanion
|-item|p2a: Volcanion|Choice Scarf|[from] move: Trick
|-item|p1a: Gholdengo|Choice Specs|[from] move: Trick
|
|upkeep
|turn|7
|
|t:|1759052964
|switch|p1a: Samurott|Samurott-Hisui, F|100/100
|switch|p2a: Hatterene|Hatterene, F|58/100
|
|upkeep
|turn|8
|
|t:|1759052971
|move|p1a: Samurott|Ceaseless Edge|p2a: Hatterene
|-damage|p2a: Hatterene|18/100
|-sidestart|p2: lt124yh 925|Spikes
|move|p2a: Hatterene|Dazzling Gleam|p1a: Samurott
|-supereffective|p1a: Samurott
|-damage|p1a: Samurott|0 fnt
|faint|p1a: Samurott
|
|upkeep
|
|t:|1759052997
|switch|p1a: Ting-Lu|Ting-Lu|100/100
|-ability|p1a: Ting-Lu|Vessel of Ruin
|turn|9
|
|t:|1759053008
|switch|p2a: Cresselia|Cresselia, F|100/100
|move|p1a: Ting-Lu|Earthquake|p2a: Cresselia
|-immune|p2a: Cresselia|[from] ability: Levitate
|
|upkeep
|turn|10
|
|t:|1759053012
|switch|p2a: Hatterene|Hatterene, F|18/100
|-damage|p2a: Hatterene|6/100|[from] Spikes
|move|p1a: Ting-Lu|Stealth Rock|p2a: Hatterene
|move|p2a: Hatterene|Stealth Rock|p1a: Ting-Lu|[from] ability: Magic Bounce
|-sidestart|p1: healorant|move: Stealth Rock
|
|upkeep
|turn|11
|
|t:|1759053018
|move|p1a: Ting-Lu|Earthquake|p2a: Hatterene
|-damage|p2a: Hatterene|0 fnt
|faint|p2a: Hatterene
|
|upkeep
|
|t:|1759053021
|switch|p2a: Iron Hands|Iron Hands|100/100
|-damage|p2a: Iron Hands|88/100|[from] Spikes
|turn|12
|
|t:|1759053025
|move|p2a: Iron Hands|Close Combat|p1a: Ting-Lu
|-supereffective|p1a: Ting-Lu
|-damage|p1a: Ting-Lu|18/100
|-unboost|p2a: Iron Hands|def|1
|-unboost|p2a: Iron Hands|spd|1
|move|p1a: Ting-Lu|Whirlwind|p2a: Iron Hands
|-end|p2a: Iron Hands|Quark Drive|[silent]
|drag|p2a: Cresselia|Cresselia, F|100/100
|
|-heal|p1a: Ting-Lu|24/100|[from] item: Leftovers
|upkeep
|turn|13
|
|t:|1759053031
|move|p2a: Cresselia|Moonblast|p1a: Ting-Lu
|-supereffective|p1a: Ting-Lu
|-damage|p1a: Ting-Lu|10/100
|-unboost|p1a: Ting-Lu|spa|1
|move|p1a: Ting-Lu|Stealth Rock|p2a: Cresselia
|-sidestart|p2: lt124yh 925|move: Stealth Rock
|
|-heal|p1a: Ting-Lu|16/100|[from] item: Leftovers
|upkeep
|turn|14
|
|t:|1759053036
|move|p2a: Cresselia|Moonblast|p1a: Ting-Lu
|-supereffective|p1a: Ting-Lu
|-damage|p1a: Ting-Lu|2/100
|move|p1a: Ting-Lu|Whirlwind|p2a: Cresselia
|drag|p2a: Volcanion|Volcanion|100/100
|-damage|p2a: Volcanion|88/100|[from] Spikes
|-damage|p2a: Volcanion|63/100|[from] Stealth Rock
|
|-heal|p1a: Ting-Lu|8/100|[from] item: Leftovers
|upkeep
|turn|15
|
|t:|1759053044
|move|p2a: Volcanion|Flamethrower|p1a: Ting-Lu
|-damage|p1a: Ting-Lu|0 fnt
|faint|p1a: Ting-Lu
|
|upkeep
|
|t:|1759053055
|switch|p1a: Hydrapple|Hydrapple, M|100/100
|turn|16
|
|t:|1759053061
|move|p2a: Volcanion|Flamethrower|p1a: Hydrapple
|-damage|p1a: Hydrapple|51/100
|move|p1a: Hydrapple|Earth Power|p2a: Volcanion
|-supereffective|p2a: Volcanion
|-damage|p2a: Volcanion|14/100
|
|upkeep
|turn|17
|
|t:|1759053073
|switch|p1a: Tornadus|Tornadus-Therian, M|56/100
|move|p2a: Volcanion|Flamethrower|p1a: Tornadus
|-damage|p1a: Tornadus|3/100
|
|upkeep
|turn|18
|
|t:|1759053076
|move|p1a: Tornadus|Knock Off|p2a: Volcanion
|-damage|p2a: Volcanion|0 fnt
|-enditem|p2a: Volcanion|Choice Scarf|[from] move: Knock Off|[of] p1a: Tornadus
|faint|p2a: Volcanion
|
|upkeep
|
|t:|1759053080
|switch|p2a: Porygon2|Porygon2|100/100
|-damage|p2a: Porygon2|88/100|[from] Spikes
|-damage|p2a: Porygon2|76/100|[from] Stealth Rock
|-ability|p2a: Porygon2|Download|boost
|-boost|p2a: Porygon2|atk|1
|turn|19
|
|t:|1759053084
|move|p1a: Tornadus|Knock Off|p2a: Porygon2
|-damage|p2a: Porygon2|62/100
|-enditem|p2a: Porygon2|Eviolite|[from] move: Knock Off|[of] p1a: Tornadus
|move|p2a: Porygon2|Trick Room|p2a: Porygon2
|-fieldstart|move: Trick Room|[of] p2a: Porygon2
|
|upkeep
|turn|20
|
|t:|1759053087
|move|p2a: Porygon2|Ice Beam|p1a: Tornadus
|-supereffective|p1a: Tornadus
|-damage|p1a: Tornadus|0 fnt
|faint|p1a: Tornadus
|
|upkeep
|
|t:|1759053089
|switch|p1a: Gholdengo|Gholdengo|80/100
|-damage|p1a: Gholdengo|74/100|[from] Stealth Rock
|turn|21
|
|t:|1759053093
|-terastallize|p2a: Porygon2|Ground
|move|p2a: Porygon2|Tera Blast|p1a: Gholdengo|[anim] Tera Blast Ground
|-supereffective|p1a: Gholdengo
|-damage|p1a: Gholdengo|0 fnt
|faint|p1a: Gholdengo
|
|upkeep
|
|t:|1759053103
|switch|p1a: Hydrapple|Hydrapple, M|84/100
|turn|22
|
|t:|1759053107
|switch|p1a: Zamazenta|Zamazenta|70/100
|-damage|p1a: Zamazenta|64/100|[from] Stealth Rock
|move|p2a: Porygon2|Tera Blast|p1a: Zamazenta|[anim] Tera Blast Ground
|-damage|p1a: Zamazenta|33/100
|
|-heal|p1a: Zamazenta|39/100|[from] item: Leftovers
|upkeep
|turn|23
|j| catarina valentine
|
|t:|1759053130
|switch|p2a: Cresselia|Cresselia, F|100/100
|-damage|p2a: Cresselia|88/100|[from] Stealth Rock
|move|p1a: Zamazenta|Iron Defense|p1a: Zamazenta
|-boost|p1a: Zamazenta|def|2
|
|-heal|p1a: Zamazenta|45/100|[from] item: Leftovers
|-fieldend|move: Trick Room
|upkeep
|turn|24
|
|t:|1759053134
|move|p2a: Cresselia|Moonblast|p1a: Zamazenta
|-supereffective|p1a: Zamazenta
|-damage|p1a: Zamazenta|20/100
|move|p1a: Zamazenta|Roar|p2a: Cresselia
|drag|p2a: Iron Hands|Iron Hands|88/100
|-damage|p2a: Iron Hands|76/100|[from] Spikes
|-damage|p2a: Iron Hands|69/100|[from] Stealth Rock
|
|-heal|p1a: Zamazenta|26/100|[from] item: Leftovers
|upkeep
|turn|25
|
|t:|1759053138
|move|p1a: Zamazenta|Body Press|p2a: Iron Hands
|-damage|p2a: Iron Hands|18/100
|move|p2a: Iron Hands|Close Combat|p1a: Zamazenta
|-damage|p1a: Zamazenta|2/100
|-unboost|p2a: Iron Hands|def|1
|-unboost|p2a: Iron Hands|spd|1
|
|-heal|p1a: Zamazenta|8/100|[from] item: Leftovers
|upkeep
|turn|26
|
|t:|1759053142
|move|p1a: Zamazenta|Body Press|p2a: Iron Hands
|-damage|p2a: Iron Hands|0 fnt
|faint|p2a: Iron Hands
|-end|p2a: Iron Hands|Quark Drive|[silent]
|
|-heal|p1a: Zamazenta|14/100|[from] item: Leftovers
|upkeep
|
|t:|1759053144
|switch|p2a: Cresselia|Cresselia, F|88/100
|-damage|p2a: Cresselia|76/100|[from] Stealth Rock
|turn|27
|
|t:|1759053152
|move|p1a: Zamazenta|Crunch|p2a: Cresselia
|-supereffective|p2a: Cresselia
|-damage|p2a: Cresselia|51/100
|-unboost|p2a: Cresselia|def|1
|move|p2a: Cresselia|Moonblast|p1a: Zamazenta
|-supereffective|p1a: Zamazenta
|-damage|p1a: Zamazenta|0 fnt
|faint|p1a: Zamazenta
|
|upkeep
|
|t:|1759053154
|switch|p1a: Hydrapple|Hydrapple, M|100/100
|turn|28
|
|t:|1759053159
|move|p1a: Hydrapple|Nasty Plot|p1a: Hydrapple
|-boost|p1a: Hydrapple|spa|2
|move|p2a: Cresselia|Trick Room|p2a: Cresselia
|-fieldstart|move: Trick Room|[of] p2a: Cresselia
|
|upkeep
|turn|29
|
|t:|1759053163
|move|p1a: Hydrapple|Nasty Plot|p1a: Hydrapple
|-boost|p1a: Hydrapple|spa|2
|move|p2a: Cresselia|Moonblast|p1a: Hydrapple
|-supereffective|p1a: Hydrapple
|-damage|p1a: Hydrapple|64/100
|
|upkeep
|turn|30
|
|t:|1759053171
|move|p1a: Hydrapple|Nasty Plot|p1a: Hydrapple
|-boost|p1a: Hydrapple|spa|2
|move|p2a: Cresselia|Lunar Dance|p2a: Cresselia
|faint|p2a: Cresselia
|
|upkeep
|
|t:|1759053195
|switch|p2a: Porygon2|Porygon2, tera:Ground|62/100
|-heal|p2a: Porygon2|100/100|[from] move: Lunar Dance
|-damage|p2a: Porygon2|88/100|[from] Spikes
|-damage|p2a: Porygon2|82/100|[from] Stealth Rock
|-ability|p2a: Porygon2|Download|boost
|-boost|p2a: Porygon2|spa|1
|turn|31
|
|t:|1759053199
|switch|p2a: Ursaluna|Ursaluna, M|100/100
|-damage|p2a: Ursaluna|88/100|[from] Spikes
|-damage|p2a: Ursaluna|82/100|[from] Stealth Rock
|-terastallize|p1a: Hydrapple|Poison
|move|p1a: Hydrapple|Giga Drain|p2a: Ursaluna
|-supereffective|p2a: Ursaluna
|-damage|p2a: Ursaluna|0 fnt
|-heal|p1a: Hydrapple|100/100|[from] drain|[of] p2a: Ursaluna
|faint|p2a: Ursaluna
|
|upkeep
|
|t:|1759053202
|switch|p2a: Porygon2|Porygon2, tera:Ground|82/100
|-damage|p2a: Porygon2|70/100|[from] Spikes
|-damage|p2a: Porygon2|64/100|[from] Stealth Rock
|-ability|p2a: Porygon2|Download|boost
|-boost|p2a: Porygon2|spa|1
|turn|32
|
|t:|1759053223
|move|p2a: Porygon2|Tera Blast|p1a: Hydrapple|[anim] Tera Blast Ground
|-supereffective|p1a: Hydrapple
|-damage|p1a: Hydrapple|0 fnt
|faint|p1a: Hydrapple
|
|win|lt124yh 925
|raw|healorant's rating: 1832 &rarr; <strong>1810</strong><br />(-22 for losing)
|raw|lt124yh 925's rating: 1804 &rarr; <strong>1826</strong><br />(+22 for winning)
|c|☆lt124yh 925|gg
|l|☆lt124yh 925
|player|p2|
|c|☆healorant|gg
|l|☆healorant
|player|p1|
|l| catarina valentine
