|badge|p2|bronze|gen9ou|100-6
|badge|p2|bronze|gen9monotype|100-6
|html|<div class="broadcast-red"><strong>This battle is required to be public due to one or more player having a season medal.</strong><br />During the public phase, you can discuss the state of the ladder <a href="/seasondiscussion">in a special chatroom.</a></div>
|uhtml|medal-msg|<div class="broadcast-blue">Curious what those medals under the avatar are? PS now has Ladder Seasons! For more information, check out the <a href="https://www.smogon.com/forums/threads/3740067/">thread on Smogon.</a></div>
|raw|<div class="broadcast-blue"><strong>This battle is required to be public due to a player having a name starting with 'medal'.</div>
|j|☆Light SV
|j|☆abravioustinkaton
|t:|1758979044
|gametype|singles
|player|p1|Light SV|blue-gen7|1784
|player|p2|abravioustinkaton|miku-ice|1859
|gen|9
|tier|[Gen 9] OU
|rated|
|rule|HP Percentage Mod: HP is shown in percentages
|rule|Endless Battle Clause: Forcing endless battles is banned
|rule|Species Clause: Limit one of each Pokémon
|rule|OHKO Clause: OHKO moves are banned
|rule|Evasion Items Clause: Evasion items are banned
|rule|Evasion Moves Clause: Evasion moves are banned
|rule|Evasion Abilities Clause: Evasion abilities are banned
|rule|Sleep Moves Clause: Sleep-inducing moves are banned
|clearpoke
|poke|p1|Kingambit, F|
|poke|p1|Deoxys-Speed|
|poke|p1|Great Tusk|
|poke|p1|Dragonite, M|
|poke|p1|Iron Moth|
|poke|p1|Primarina, F|
|poke|p2|Zapdos|
|poke|p2|Iron Crown|
|poke|p2|Garganacl, M|
|poke|p2|Great Tusk|
|poke|p2|Samurott-Hisui, F|
|poke|p2|Dragapult, F|
|teampreview
|inactive|Battle timer is ON: inactive players will automatically lose when time's up. (requested by Light SV)
|j| seiko leich
|l| seiko leich
|inactive|Light SV has 120 seconds left.
|j| cynasaurus
|
|t:|1758979081
|teamsize|p1|6
|teamsize|p2|6
|start
|switch|p1a: Yoshi|Dragonite, M, shiny|100/100
|switch|p2a: Samurott|Samurott-Hisui, F|100/100
|turn|1
|
|t:|1758979107
|move|p1a: Yoshi|Outrage|p2a: Samurott
|-damage|p2a: Samurott|0 fnt
|faint|p2a: Samurott
|
|upkeep
|
|t:|1758979110
|switch|p2a: Iron Crown|Iron Crown|100/100
|turn|2
|
|t:|1758979112
|move|p2a: Iron Crown|Tachyon Cutter|p1a: Yoshi
|-damage|p1a: Yoshi|82/100
|-damage|p1a: Yoshi|39/100
|-hitcount|p1a: Yoshi|2
|move|p1a: Yoshi|Outrage|p2a: Iron Crown|[from] lockedmove
|-resisted|p2a: Iron Crown
|-damage|p2a: Iron Crown|43/100
|-start|p1a: Yoshi|confusion|[fatigue]
|
|upkeep
|turn|3
|
|t:|1758979119
|move|p2a: Iron Crown|Tachyon Cutter|p1a: Yoshi
|-damage|p1a: Yoshi|0 fnt
|faint|p1a: Yoshi
|-hitcount|p1: Yoshi|1
|
|upkeep
|
|t:|1758979121
|switch|p1a: Anomаly|Iron Moth|100/100
|-enditem|p1a: Anomаly|Booster Energy
|-activate|p1a: Anomаly|ability: Quark Drive|[fromitem]
|-start|p1a: Anomаly|quarkdrivespe
|turn|4
|
|t:|1758979124
|-end|p2a: Iron Crown|Quark Drive|[silent]
|switch|p2a: Garganacl|Garganacl, M|100/100
|move|p1a: Anomаly|Fiery Dance|p2a: Garganacl
|-resisted|p2a: Garganacl
|-damage|p2a: Garganacl|87/100
|
|-heal|p2a: Garganacl|93/100|[from] item: Leftovers
|upkeep
|turn|5
|
|t:|1758979130
|-terastallize|p1a: Anomаly|Ground
|move|p1a: Anomаly|Tera Blast|p2a: Garganacl|[anim] Tera Blast Ground
|-supereffective|p2a: Garganacl
|-damage|p2a: Garganacl|36/100
|move|p2a: Garganacl|Earthquake|p1a: Anomаly
|-damage|p1a: Anomаly|67/100
|
|-heal|p2a: Garganacl|43/100|[from] item: Leftovers
|upkeep
|turn|6
|
|t:|1758979140
|move|p1a: Anomаly|Fiery Dance|p2a: Garganacl
|-resisted|p2a: Garganacl
|-damage|p2a: Garganacl|29/100
|-boost|p1a: Anomаly|spa|1
|move|p2a: Garganacl|Earthquake|p1a: Anomаly
|-damage|p1a: Anomаly|34/100
|
|-heal|p2a: Garganacl|36/100|[from] item: Leftovers
|upkeep
|turn|7
|
|t:|1758979143
|move|p1a: Anomаly|Tera Blast|p2a: Garganacl|[anim] Tera Blast Ground
|-supereffective|p2a: Garganacl
|-damage|p2a: Garganacl|0 fnt
|faint|p2a: Garganacl
|
|upkeep
|
|t:|1758979146
|switch|p2a: Dragapult|Dragapult, F|100/100
|turn|8
|
|t:|1758979148
|move|p1a: Anomаly|Tera Blast|p2a: Dragapult|[anim] Tera Blast Ground
|-damage|p2a: Dragapult|15/100
|move|p2a: Dragapult|Dragon Darts|p1a: Anomаly
|-damage|p1a: Anomаly|2/100
|-anim|p2a: Dragapult|Dragon Darts|p1a: Anomаly
|-damage|p1a: Anomаly|0 fnt
|faint|p1a: Anomаly
|-end|p1a: Anomаly|Quark Drive|[silent]
|
|upkeep
|
|t:|1758979154
|switch|p1a: Moebius|Deoxys-Speed|100/100
|-ability|p1a: Moebius|Pressure
|turn|9
|
|t:|1758979158
|move|p1a: Moebius|Shadow Ball|p2a: Dragapult
|-supereffective|p2a: Dragapult
|-damage|p2a: Dragapult|0 fnt
|faint|p2a: Dragapult
|-damage|p1a: Moebius|91/100|[from] item: Life Orb
|
|upkeep
|
|t:|1758979161
|switch|p2a: Club Paratwice|Zapdos|100/100
|turn|10
|
|t:|1758979165
|move|p1a: Moebius|Psycho Boost|p2a: Club Paratwice|[miss]
|-miss|p1a: Moebius|p2a: Club Paratwice
|move|p2a: Club Paratwice|Thunder Wave|p1a: Moebius
|-status|p1a: Moebius|par
|
|upkeep
|turn|11
|
|t:|1758979169
|switch|p2a: Iron Crown|Iron Crown|43/100
|move|p1a: Moebius|Psycho Boost|p2a: Iron Crown
|-resisted|p2a: Iron Crown
|-damage|p2a: Iron Crown|23/100
|-unboost|p1a: Moebius|spa|2
|-damage|p1a: Moebius|81/100 par|[from] item: Life Orb
|
|upkeep
|turn|12
|
|t:|1758979172
|move|p2a: Iron Crown|Tachyon Cutter|p1a: Moebius
|-damage|p1a: Moebius|21/100 par
|-damage|p1a: Moebius|0 fnt
|faint|p1a: Moebius
|-hitcount|p1: Moebius|2
|
|upkeep
|
|t:|1758979174
|switch|p1a: Meruem|Kingambit, F|100/100
|-activate|p1a: Meruem|ability: Supreme Overlord
|-start|p1a: Meruem|fallen3|[silent]
|turn|13
|
|t:|1758979178
|-end|p2a: Iron Crown|Quark Drive|[silent]
|switch|p2a: Great Tusk|Great Tusk|100/100
|move|p1a: Meruem|Sucker Punch||[still]
|-fail|p1a: Meruem
|
|upkeep
|turn|14
|
|t:|1758979180
|move|p2a: Great Tusk|Headlong Rush|p1a: Meruem
|-supereffective|p1a: Meruem
|-damage|p1a: Meruem|0 fnt
|-unboost|p2a: Great Tusk|def|1
|-unboost|p2a: Great Tusk|spd|1
|faint|p1a: Meruem
|-end|p1a: Meruem|fallen3|[silent]
|
|upkeep
|
|t:|1758979183
|switch|p1a: Anomaly|Great Tusk|100/100
|-enditem|p1a: Anomaly|Booster Energy
|-activate|p1a: Anomaly|ability: Protosynthesis|[fromitem]
|-start|p1a: Anomaly|protosynthesisatk
|turn|15
|
|t:|1758979188
|-end|p2a: Great Tusk|Protosynthesis|[silent]
|switch|p2a: Club Paratwice|Zapdos|100/100
|move|p1a: Anomaly|Rapid Spin|p2a: Club Paratwice
|-damage|p2a: Club Paratwice|85/100
|-boost|p1a: Anomaly|spe|1
|
|upkeep
|turn|16
|
|t:|1758979192
|move|p1a: Anomaly|Ice Spinner|p2a: Club Paratwice
|-supereffective|p2a: Club Paratwice
|-damage|p2a: Club Paratwice|31/100
|-status|p1a: Anomaly|par|[from] ability: Static|[of] p2a: Club Paratwice
|move|p2a: Club Paratwice|Hurricane|p1a: Anomaly|[miss]
|-miss|p2a: Club Paratwice|p1a: Anomaly
|
|upkeep
|turn|17
|j| dsvdv
|
|t:|1758979195
|move|p2a: Club Paratwice|Hurricane|p1a: Anomaly
|-supereffective|p1a: Anomaly
|-damage|p1a: Anomaly|0 fnt
|faint|p1a: Anomaly
|-end|p1a: Anomaly|Protosynthesis|[silent]
|
|upkeep
|
|t:|1758979198
|switch|p1a: Siren|Primarina, F|100/100
|turn|18
|
|t:|1758979201
|move|p2a: Club Paratwice|Thunder Wave|p1a: Siren
|-status|p1a: Siren|par
|move|p1a: Siren|Surf|p2a: Club Paratwice
|-crit|p2a: Club Paratwice
|-damage|p2a: Club Paratwice|0 fnt
|faint|p2a: Club Paratwice
|
|upkeep
|
|t:|1758979202
|switch|p2a: Iron Crown|Iron Crown|23/100
|turn|19
|
|t:|1758979205
|-terastallize|p2a: Iron Crown|Steel
|move|p2a: Iron Crown|Tachyon Cutter|p1a: Siren
|-damage|p1a: Siren|69/100 par
|-damage|p1a: Siren|37/100 par
|-hitcount|p1a: Siren|2
|move|p1a: Siren|Surf|p2a: Iron Crown
|-damage|p2a: Iron Crown|0 fnt
|faint|p2a: Iron Crown
|-end|p2a: Iron Crown|Quark Drive|[silent]
|
|upkeep
|
|t:|1758979206
|switch|p2a: Great Tusk|Great Tusk|100/100
|turn|20
|
|t:|1758979208
|move|p2a: Great Tusk|Headlong Rush|p1a: Siren
|-damage|p1a: Siren|0 fnt
|-unboost|p2a: Great Tusk|def|1
|-unboost|p2a: Great Tusk|spd|1
|faint|p1a: Siren
|
|win|abravioustinkaton
|raw|Light SV's rating: 1784 &rarr; <strong>1769</strong><br />(-15 for losing)
|raw|abravioustinkaton's rating: 1873 &rarr; <strong>1888</strong><br />(+15 for winning)
|l|☆Light SV
|player|p1|
|l|☆abravioustinkaton
|player|p2|
|j| cryyysneasel
|l| cynasaurus
|l| cryyysneasel
|l| dsvdv
