|j|☆Kis Vegallomas
|j|☆schtarwors
|t:|1759055164
|gametype|singles
|player|p1|Kis Vegallomas|265|1271
|player|p2|schtarwors|1|1334
|gen|9
|tier|[Gen 9] OU
|rated|
|rule|HP Percentage Mod: HP is shown in percentages
|rule|Endless Battle Clause: Forcing endless battles is banned
|rule|Species Clause: Limit one of each Pokémon
|rule|OHKO Clause: OHKO moves are banned
|rule|Evasion Items Clause: Evasion items are banned
|rule|Evasion Moves Clause: Evasion moves are banned
|rule|Evasion Abilities Clause: Evasion abilities are banned
|rule|Sleep Moves Clause: Sleep-inducing moves are banned
|clearpoke
|poke|p1|Primeape, F|
|poke|p1|Vaporeon, M|
|poke|p1|Malamar, F|
|poke|p1|Blaziken, M|
|poke|p1|Scizor, F|
|poke|p1|Meowscarada, F|
|poke|p2|Gholdengo|
|poke|p2|Iron Moth|
|poke|p2|Iron Valiant|
|poke|p2|Araquanid, F|
|poke|p2|Raging Bolt|
|poke|p2|Kingambit, M|
|teampreview
|inactive|Battle timer is ON: inactive players will automatically lose when time's up. (requested by schtarwors)
|
|t:|1759055170
|teamsize|p1|6
|teamsize|p2|6
|start
|switch|p1a: Scizor|Scizor, F|100/100
|switch|p2a: Araquanid|Araquanid, F|100/100
|turn|1
|
|t:|1759055174
|move|p1a: Scizor|Swords Dance|p1a: Scizor
|-boost|p1a: Scizor|atk|2
|move|p2a: Araquanid|Sticky Web|p1a: Scizor
|-sidestart|p1: Kis Vegallomas|move: Sticky Web
|
|upkeep
|turn|2
|
|t:|1759055179
|move|p1a: Scizor|Dual Wingbeat|p2a: Araquanid
|-supereffective|p2a: Araquanid
|-damage|p2a: Araquanid|21/100
|-supereffective|p2a: Araquanid
|-damage|p2a: Araquanid|0 fnt
|faint|p2a: Araquanid
|-hitcount|p2: Araquanid|2
|
|upkeep
|
|t:|1759055196
|switch|p2a: Iron Moth|Iron Moth|100/100
|-enditem|p2a: Iron Moth|Booster Energy
|-activate|p2a: Iron Moth|ability: Quark Drive|[fromitem]
|-start|p2a: Iron Moth|quarkdrivespa
|turn|3
|
|t:|1759055201
|switch|p1a: Vaporeon|Vaporeon, M|100/100
|-activate|p1a: Vaporeon|move: Sticky Web
|-unboost|p1a: Vaporeon|spe|1
|move|p2a: Iron Moth|Fiery Dance|p1a: Vaporeon
|-resisted|p1a: Vaporeon
|-damage|p1a: Vaporeon|80/100
|
|-heal|p1a: Vaporeon|87/100|[from] item: Leftovers
|upkeep
|turn|4
|
|t:|1759055209
|move|p2a: Iron Moth|Substitute|p2a: Iron Moth
|-start|p2a: Iron Moth|Substitute
|-damage|p2a: Iron Moth|76/100
|move|p1a: Vaporeon|Scald|p2a: Iron Moth
|-supereffective|p2a: Iron Moth
|-end|p2a: Iron Moth|Substitute
|
|-heal|p1a: Vaporeon|93/100|[from] item: Leftovers
|upkeep
|turn|5
|
|t:|1759055223
|-end|p2a: Iron Moth|Quark Drive|[silent]
|switch|p2a: Raging Bolt|Raging Bolt|100/100
|-enditem|p2a: Raging Bolt|Booster Energy
|-activate|p2a: Raging Bolt|ability: Protosynthesis|[fromitem]
|-start|p2a: Raging Bolt|protosynthesisspa
|move|p1a: Vaporeon|Scald|p2a: Raging Bolt
|-resisted|p2a: Raging Bolt
|-damage|p2a: Raging Bolt|85/100
|
|-heal|p1a: Vaporeon|99/100|[from] item: Leftovers
|upkeep
|turn|6
|inactive|Kis Vegallomas has 120 seconds left.
|
|t:|1759055256
|move|p2a: Raging Bolt|Calm Mind|p2a: Raging Bolt
|-boost|p2a: Raging Bolt|spa|1
|-boost|p2a: Raging Bolt|spd|1
|move|p1a: Vaporeon|Flip Turn|p2a: Raging Bolt
|-resisted|p2a: Raging Bolt
|-damage|p2a: Raging Bolt|80/100
|
|t:|1759055259
|switch|p1a: Malamar|Malamar, F|100/100|[from] Flip Turn
|-activate|p1a: Malamar|move: Sticky Web
|-boost|p1a: Malamar|spe|1
|
|upkeep
|turn|7
|
|t:|1759055274
|move|p2a: Raging Bolt|Thunderclap||[still]
|-fail|p2a: Raging Bolt
|move|p1a: Malamar|Switcheroo|p2a: Raging Bolt
|-activate|p1a: Malamar|move: Trick|[of] p2a: Raging Bolt
|-item|p2a: Raging Bolt|Choice Scarf|[from] move: Switcheroo
|-enditem|p1a: Malamar|Choice Scarf|[silent]|[from] move: Switcheroo
|
|upkeep
|turn|8
|
|t:|1759055284
|move|p1a: Malamar|Superpower|p2a: Raging Bolt
|-damage|p2a: Raging Bolt|49/100
|-boost|p1a: Malamar|atk|1
|-boost|p1a: Malamar|def|1
|move|p2a: Raging Bolt|Thunderbolt|p1a: Malamar
|-damage|p1a: Malamar|0 fnt
|faint|p1a: Malamar
|
|upkeep
|
|t:|1759055293
|switch|p1a: Primeape|Primeape, F|100/100
|-activate|p1a: Primeape|move: Sticky Web
|-unboost|p1a: Primeape|spe|1
|-ability|p1a: Primeape|Defiant|boost
|-boost|p1a: Primeape|atk|2
|turn|9
|
|t:|1759055299
|move|p2a: Raging Bolt|Thunderbolt|p1a: Primeape
|-damage|p1a: Primeape|34/100
|move|p1a: Primeape|Drain Punch|p2a: Raging Bolt
|-damage|p2a: Raging Bolt|0 fnt
|-heal|p1a: Primeape|63/100|[from] drain|[of] p2a: Raging Bolt
|faint|p2a: Raging Bolt
|-end|p2a: Raging Bolt|Protosynthesis|[silent]
|
|upkeep
|
|t:|1759055311
|switch|p2a: Iron Valiant|Iron Valiant|100/100
|-enditem|p2a: Iron Valiant|Booster Energy
|-activate|p2a: Iron Valiant|ability: Quark Drive|[fromitem]
|-start|p2a: Iron Valiant|quarkdrivespa
|turn|10
|
|t:|1759055320
|switch|p1a: Scizor|Scizor, F|100/100
|-activate|p1a: Scizor|move: Sticky Web
|-unboost|p1a: Scizor|spe|1
|move|p2a: Iron Valiant|Calm Mind|p2a: Iron Valiant
|-boost|p2a: Iron Valiant|spa|1
|-boost|p2a: Iron Valiant|spd|1
|
|upkeep
|turn|11
|
|t:|1759055327
|-terastallize|p2a: Iron Valiant|Ghost
|move|p1a: Scizor|Bullet Punch|p2a: Iron Valiant
|-damage|p2a: Iron Valiant|44/100
|move|p2a: Iron Valiant|Shadow Ball|p1a: Scizor
|-damage|p1a: Scizor|0 fnt
|faint|p1a: Scizor
|
|upkeep
|
|t:|1759055340
|switch|p1a: Blaziken|Blaziken, M|100/100
|-activate|p1a: Blaziken|move: Sticky Web
|-unboost|p1a: Blaziken|spe|1
|turn|12
|
|t:|1759055349
|move|p2a: Iron Valiant|Moonblast|p1a: Blaziken
|-damage|p1a: Blaziken|0 fnt
|faint|p1a: Blaziken
|
|upkeep
|
|t:|1759055355
|switch|p1a: Vaporeon|Vaporeon, M|99/100
|-activate|p1a: Vaporeon|move: Sticky Web
|-unboost|p1a: Vaporeon|spe|1
|turn|13
|
|t:|1759055361
|move|p2a: Iron Valiant|Moonblast|p1a: Vaporeon
|-damage|p1a: Vaporeon|20/100
|move|p1a: Vaporeon|Scald|p2a: Iron Valiant
|-damage|p2a: Iron Valiant|6/100
|-status|p2a: Iron Valiant|brn
|
|-heal|p1a: Vaporeon|26/100|[from] item: Leftovers
|-damage|p2a: Iron Valiant|0 fnt|[from] brn
|faint|p2a: Iron Valiant
|-end|p2a: Iron Valiant|Quark Drive|[silent]
|upkeep
|
|t:|1759055374
|switch|p2a: Gholdengo|Gholdengo|100/100
|-item|p2a: Gholdengo|Air Balloon
|turn|14
|
|t:|1759055381
|move|p2a: Gholdengo|Nasty Plot|p2a: Gholdengo
|-boost|p2a: Gholdengo|spa|2
|move|p1a: Vaporeon|Wish|p1a: Vaporeon
|
|-heal|p1a: Vaporeon|33/100|[from] item: Leftovers
|upkeep
|turn|15
|inactive|schtarwors has 120 seconds left.
|inactive|Kis Vegallomas has 120 seconds left.
|l|☆Kis Vegallomas
|inactive|Kis Vegallomas disconnected and has a minute to reconnect!
|player|p1|
|inactive|Kis Vegallomas has 30 seconds to reconnect!
|inactive|Kis Vegallomas has 20 seconds to reconnect!
|inactive|Kis Vegallomas has 15 seconds to reconnect!
|inactive|Kis Vegallomas has 10 seconds to reconnect!
|inactive|Kis Vegallomas has 5 seconds to reconnect!
|-message|Kis Vegallomas lost due to inactivity.
|
|win|schtarwors
|raw|Kis Vegallomas's rating: 1271 &rarr; <strong>1250</strong><br />(-21 for losing)
|raw|schtarwors's rating: 1334 &rarr; <strong>1350</strong><br />(+16 for winning)
|l|☆schtarwors
|player|p2|
