|badge|p1|silver|gen9ou|30-6
|html|<div class="broadcast-red"><strong>This battle is required to be public due to one or more player having a season medal.</strong><br />During the public phase, you can discuss the state of the ladder <a href="/seasondiscussion">in a special chatroom.</a></div>
|uhtml|medal-msg|<div class="broadcast-blue">Curious what those medals under the avatar are? PS now has Ladder Seasons! For more information, check out the <a href="https://www.smogon.com/forums/threads/3740067/">thread on Smogon.</a></div>
|badge|p2|silver|gen9ou|30-6
|uhtml|medal-msg|<div class="broadcast-blue">Curious what those medals under the avatar are? PS now has Ladder Seasons! For more information, check out the <a href="https://www.smogon.com/forums/threads/3740067/">thread on Smogon.</a></div>
|raw|<div class="broadcast-blue"><strong>This battle is required to be public due to a player having a name starting with 'medal'.</div>
|j|☆ShinyLucarioXD
|j|☆LT124YH Ghoul
|t:|1758982297
|gametype|singles
|player|p1|ShinyLucarioXD|riley|1904
|player|p2|LT124YH Ghoul|allister|1996
|gen|9
|tier|[Gen 9] OU
|rated|
|rule|HP Percentage Mod: HP is shown in percentages
|rule|Endless Battle Clause: Forcing endless battles is banned
|rule|Species Clause: Limit one of each Pokémon
|rule|OHKO Clause: OHKO moves are banned
|rule|Evasion Items Clause: Evasion items are banned
|rule|Evasion Moves Clause: Evasion moves are banned
|rule|Evasion Abilities Clause: Evasion abilities are banned
|rule|Sleep Moves Clause: Sleep-inducing moves are banned
|clearpoke
|poke|p1|Raging Bolt|
|poke|p1|Samurott-Hisui, F|
|poke|p1|Dragonite, F|
|poke|p1|Gholdengo|
|poke|p1|Great Tusk|
|poke|p1|Enamorus, F|
|poke|p2|Enamorus, F|
|poke|p2|Araquanid, F|
|poke|p2|Gholdengo|
|poke|p2|Iron Valiant|
|poke|p2|Kingambit, M|
|poke|p2|Great Tusk|
|teampreview
|inactive|Battle timer is ON: inactive players will automatically lose when time's up. (requested by LT124YH Ghoul)
|inactive|ShinyLucarioXD also wants the timer to be on.
|j| cynasaurus
|inactive|LT124YH Ghoul has 120 seconds left.
|
|t:|1758982352
|teamsize|p1|6
|teamsize|p2|6
|start
|switch|p1a: Raging Bolt|Raging Bolt|100/100
|switch|p2a: Doc Seismic|Araquanid, F, shiny|100/100
|-enditem|p1a: Raging Bolt|Booster Energy
|-activate|p1a: Raging Bolt|ability: Protosynthesis|[fromitem]
|-start|p1a: Raging Bolt|protosynthesisspa
|turn|1
|j| iamfrhaan007
|
|t:|1758982361
|switch|p2a: Invincible|Great Tusk|100/100
|-enditem|p2a: Invincible|Booster Energy
|-activate|p2a: Invincible|ability: Protosynthesis|[fromitem]
|-start|p2a: Invincible|protosynthesisspe
|move|p1a: Raging Bolt|Calm Mind|p1a: Raging Bolt
|-boost|p1a: Raging Bolt|spa|1
|-boost|p1a: Raging Bolt|spd|1
|
|upkeep
|turn|2
|j| ouww miguel o hara
|
|t:|1758982371
|move|p2a: Invincible|Headlong Rush|p1a: Raging Bolt
|-supereffective|p1a: Raging Bolt
|-damage|p1a: Raging Bolt|16/100
|-unboost|p2a: Invincible|def|1
|-unboost|p2a: Invincible|spd|1
|move|p1a: Raging Bolt|Dragon Pulse|p2a: Invincible
|-damage|p2a: Invincible|0 fnt
|faint|p2a: Invincible
|-end|p2a: Invincible|Protosynthesis|[silent]
|
|upkeep
|
|t:|1758982389
|switch|p2a: Conquest|Enamorus, F|100/100
|turn|3
|j| Disscratch
|
|t:|1758982395
|move|p1a: Raging Bolt|Thunderclap||[still]
|-fail|p1a: Raging Bolt
|move|p2a: Conquest|Substitute|p2a: Conquest
|-start|p2a: Conquest|Substitute
|-damage|p2a: Conquest|76/100
|
|-heal|p2a: Conquest|82/100|[from] item: Leftovers
|upkeep
|turn|4
|
|t:|1758982397
|move|p1a: Raging Bolt|Thunderclap|p2a: Conquest
|-supereffective|p2a: Conquest
|-end|p2a: Conquest|Substitute
|move|p2a: Conquest|Superpower|p1a: Raging Bolt
|-damage|p1a: Raging Bolt|0 fnt
|-boost|p2a: Conquest|atk|1
|-boost|p2a: Conquest|def|1
|faint|p1a: Raging Bolt
|-end|p1a: Raging Bolt|Protosynthesis|[silent]
|
|-heal|p2a: Conquest|88/100|[from] item: Leftovers
|upkeep
|
|t:|1758982400
|switch|p1a: Gholdengo|Gholdengo|100/100
|turn|5
|
|t:|1758982405
|switch|p2a: Doc Seismic|Araquanid, F, shiny|100/100
|move|p1a: Gholdengo|Make It Rain|p2a: Doc Seismic
|-resisted|p2a: Doc Seismic
|-damage|p2a: Doc Seismic|71/100
|-unboost|p1a: Gholdengo|spa|1
|
|upkeep
|turn|6
|j| dsvdv
|
|t:|1758982410
|switch|p1a: Great Tusk|Great Tusk|100/100
|move|p2a: Doc Seismic|Sticky Web|p1a: Great Tusk
|-sidestart|p1: ShinyLucarioXD|move: Sticky Web
|
|upkeep
|turn|7
|
|t:|1758982414
|move|p1a: Great Tusk|Stealth Rock|p2a: Doc Seismic
|-sidestart|p2: LT124YH Ghoul|move: Stealth Rock
|move|p2a: Doc Seismic|Liquidation|p1a: Great Tusk
|-supereffective|p1a: Great Tusk
|-damage|p1a: Great Tusk|39/100
|
|-heal|p1a: Great Tusk|45/100|[from] item: Leftovers
|upkeep
|turn|8
|j| jrjddjdjdj
|
|t:|1758982419
|switch|p2a: Robot|Gholdengo|100/100
|-damage|p2a: Robot|94/100|[from] Stealth Rock
|move|p1a: Great Tusk|Knock Off|p2a: Robot
|-supereffective|p2a: Robot
|-damage|p2a: Robot|39/100
|-enditem|p2a: Robot|Covert Cloak|[from] move: Knock Off|[of] p1a: Great Tusk
|
|-heal|p1a: Great Tusk|51/100|[from] item: Leftovers
|upkeep
|turn|9
|
|t:|1758982421
|-end|p1a: Great Tusk|Protosynthesis|[silent]
|switch|p1a: Samurott|Samurott-Hisui, F, shiny|100/100
|-activate|p1a: Samurott|move: Sticky Web
|-unboost|p1a: Samurott|spe|1
|move|p2a: Robot|Make It Rain|p1a: Samurott
|-resisted|p1a: Samurott
|-damage|p1a: Samurott|85/100
|-unboost|p2a: Robot|spa|1
|
|upkeep
|turn|10
|
|t:|1758982436
|switch|p2a: Conquest|Enamorus, F|88/100
|-damage|p2a: Conquest|63/100|[from] Stealth Rock
|move|p1a: Samurott|Ceaseless Edge|p2a: Conquest
|-resisted|p2a: Conquest
|-damage|p2a: Conquest|32/100
|-sidestart|p2: LT124YH Ghoul|Spikes
|
|-heal|p2a: Conquest|38/100|[from] item: Leftovers
|upkeep
|turn|11
|
|t:|1758982442
|switch|p1a: Gholdengo|Gholdengo|100/100
|-activate|p1a: Gholdengo|move: Sticky Web
|-unboost|p1a: Gholdengo|spe|1
|move|p2a: Conquest|Moonblast|p1a: Gholdengo
|-resisted|p1a: Gholdengo
|-damage|p1a: Gholdengo|76/100
|
|-heal|p2a: Conquest|44/100|[from] item: Leftovers
|upkeep
|turn|12
|inactive|LT124YH Ghoul has 120 seconds left.
|j| cryyysneasel
|
|t:|1758982492
|switch|p2a: Doc Seismic|Araquanid, F, shiny|71/100
|-damage|p2a: Doc Seismic|46/100|[from] Stealth Rock
|-damage|p2a: Doc Seismic|34/100|[from] Spikes
|move|p1a: Gholdengo|Shadow Ball|p2a: Doc Seismic
|-damage|p2a: Doc Seismic|0 fnt
|faint|p2a: Doc Seismic
|
|upkeep
|
|t:|1758982508
|switch|p2a: Omni-Man|Kingambit, M|100/100
|-damage|p2a: Omni-Man|94/100|[from] Stealth Rock
|-activate|p2a: Omni-Man|ability: Supreme Overlord
|-start|p2a: Omni-Man|fallen2|[silent]
|-item|p2a: Omni-Man|Air Balloon
|turn|13
|
|t:|1758982516
|switch|p1a: Great Tusk|Great Tusk|51/100
|-activate|p1a: Great Tusk|move: Sticky Web
|-unboost|p1a: Great Tusk|spe|1
|move|p2a: Omni-Man|Iron Head|p1a: Great Tusk
|-damage|p1a: Great Tusk|29/100
|
|-heal|p1a: Great Tusk|35/100|[from] item: Leftovers
|upkeep
|turn|14
|
|t:|1758982522
|-end|p2a: Omni-Man|fallen2|[silent]
|switch|p2a: Robot|Gholdengo|39/100
|-damage|p2a: Robot|33/100|[from] Stealth Rock
|-damage|p2a: Robot|21/100|[from] Spikes
|move|p1a: Great Tusk|Knock Off|p2a: Robot
|-supereffective|p2a: Robot
|-damage|p2a: Robot|0 fnt
|faint|p2a: Robot
|
|-heal|p1a: Great Tusk|41/100|[from] item: Leftovers
|upkeep
|
|t:|1758982525
|switch|p2a: Conquest|Enamorus, F|44/100
|-damage|p2a: Conquest|20/100|[from] Stealth Rock
|turn|15
|
|t:|1758982533
|-end|p1a: Great Tusk|Protosynthesis|[silent]
|switch|p1a: Enamorus|Enamorus, F|100/100
|move|p2a: Conquest|Moonblast|p1a: Enamorus
|-damage|p1a: Enamorus|39/100
|
|-heal|p1a: Enamorus|45/100|[from] item: Leftovers
|-heal|p2a: Conquest|26/100|[from] item: Leftovers
|upkeep
|turn|16
|
|t:|1758982537
|move|p1a: Enamorus|Moonblast|p2a: Conquest
|-damage|p2a: Conquest|0 fnt
|faint|p2a: Conquest
|
|-heal|p1a: Enamorus|51/100|[from] item: Leftovers
|upkeep
|
|t:|1758982545
|switch|p2a: Omni-Man|Kingambit, M|94/100
|-damage|p2a: Omni-Man|88/100|[from] Stealth Rock
|-activate|p2a: Omni-Man|ability: Supreme Overlord
|-start|p2a: Omni-Man|fallen4|[silent]
|-item|p2a: Omni-Man|Air Balloon
|turn|17
|
|t:|1758982549
|move|p1a: Enamorus|Moonblast|p2a: Omni-Man
|-damage|p2a: Omni-Man|32/100
|-enditem|p2a: Omni-Man|Air Balloon
|move|p2a: Omni-Man|Iron Head|p1a: Enamorus
|-supereffective|p1a: Enamorus
|-damage|p1a: Enamorus|0 fnt
|faint|p1a: Enamorus
|
|upkeep
|
|t:|1758982557
|switch|p1a: Great Tusk|Great Tusk|41/100
|-activate|p1a: Great Tusk|move: Sticky Web
|-unboost|p1a: Great Tusk|spe|1
|turn|18
|
|t:|1758982562
|move|p2a: Omni-Man|Iron Head|p1a: Great Tusk
|-damage|p1a: Great Tusk|13/100
|cant|p1a: Great Tusk|flinch
|
|-heal|p1a: Great Tusk|19/100|[from] item: Leftovers
|upkeep
|turn|19
|
|t:|1758982566
|move|p2a: Omni-Man|Iron Head|p1a: Great Tusk
|-damage|p1a: Great Tusk|0 fnt
|faint|p1a: Great Tusk
|-end|p1a: Great Tusk|Protosynthesis|[silent]
|
|upkeep
|
|t:|1758982569
|switch|p1a: Samurott|Samurott-Hisui, F, shiny|85/100
|-activate|p1a: Samurott|move: Sticky Web
|-unboost|p1a: Samurott|spe|1
|turn|20
|
|t:|1758982572
|move|p2a: Omni-Man|Low Kick|p1a: Samurott
|-supereffective|p1a: Samurott
|-damage|p1a: Samurott|0 fnt
|faint|p1a: Samurott
|
|upkeep
|
|t:|1758982575
|switch|p1a: Dragonite|Dragonite, F, shiny|100/100
|turn|21
|
|t:|1758982578
|move|p2a: Omni-Man|Iron Head|p1a: Dragonite
|-damage|p1a: Dragonite|72/100
|move|p1a: Dragonite|Dragon Dance|p1a: Dragonite
|-boost|p1a: Dragonite|atk|1
|-boost|p1a: Dragonite|spe|1
|
|upkeep
|turn|22
|
|t:|1758982591
|move|p1a: Dragonite|Dragon Dance|p1a: Dragonite
|-boost|p1a: Dragonite|atk|1
|-boost|p1a: Dragonite|spe|1
|move|p2a: Omni-Man|Iron Head|p1a: Dragonite
|-damage|p1a: Dragonite|11/100
|
|upkeep
|turn|23
|
|t:|1758982598
|-terastallize|p1a: Dragonite|Normal
|move|p1a: Dragonite|Extreme Speed|p2a: Omni-Man
|-resisted|p2a: Omni-Man
|-damage|p2a: Omni-Man|0 fnt
|faint|p2a: Omni-Man
|-end|p2a: Omni-Man|fallen4|[silent]
|
|upkeep
|
|t:|1758982601
|switch|p2a: Atom Eve|Iron Valiant|100/100
|-damage|p2a: Atom Eve|94/100|[from] Stealth Rock
|-damage|p2a: Atom Eve|82/100|[from] Spikes
|-enditem|p2a: Atom Eve|Booster Energy
|-activate|p2a: Atom Eve|ability: Quark Drive|[fromitem]
|-start|p2a: Atom Eve|quarkdrivespa
|turn|24
|
|t:|1758982608
|move|p1a: Dragonite|Extreme Speed|p2a: Atom Eve
|-damage|p2a: Atom Eve|0 fnt
|faint|p2a: Atom Eve
|-end|p2a: Atom Eve|Quark Drive|[silent]
|
|win|ShinyLucarioXD
|raw|ShinyLucarioXD's rating: 1904 &rarr; <strong>1929</strong><br />(+25 for winning)
|raw|LT124YH Ghoul's rating: 1996 &rarr; <strong>1971</strong><br />(-25 for losing)
|l|☆ShinyLucarioXD
|player|p1|
|l|☆LT124YH Ghoul
|player|p2|
|l| cryyysneasel
|l| cynasaurus
|j| Almighty Sa'
|l| Almighty Sa'
|j| Heatranator
|l| Heatranator
