|j|☆Swagataka
|j|☆AnOriginalName3
|t:|1758927059
|gametype|singles
|player|p1|Swagataka|byron|1624
|player|p2|AnOriginalName3|1|1540
|gen|9
|tier|[Gen 9] OU
|rated|
|rule|HP Percentage Mod: HP is shown in percentages
|rule|Endless Battle Clause: Forcing endless battles is banned
|rule|Species Clause: Limit one of each Pokémon
|rule|OHKO Clause: OHKO moves are banned
|rule|Evasion Items Clause: Evasion items are banned
|rule|Evasion Moves Clause: Evasion moves are banned
|rule|Evasion Abilities Clause: Evasion abilities are banned
|rule|Sleep Moves Clause: Sleep-inducing moves are banned
|clearpoke
|poke|p1|Quaquaval, F|
|poke|p1|Pecharunt|
|poke|p1|Great Tusk|
|poke|p1|Iron Crown|
|poke|p1|Lokix, F|
|poke|p1|Kingambit, F|
|poke|p2|Glimmora, M|
|poke|p2|Gholdengo|
|poke|p2|Ceruledge, F|
|poke|p2|Great Tusk|
|poke|p2|Scizor, F|
|poke|p2|Bellossom, F|
|teampreview
|
|t:|1758927067
|teamsize|p1|6
|teamsize|p2|6
|start
|switch|p1a: System Of A Crown|Iron Crown|100/100
|switch|p2a: Ceruledge|Ceruledge, F|100/100
|turn|1
|
|t:|1758927072
|move|p1a: System Of A Crown|Volt Switch|p2a: Ceruledge
|-damage|p2a: Ceruledge|75/100
|
|t:|1758927074
|-end|p1a: System Of A Crown|Quark Drive|[silent]
|switch|p1a: Quack Sabbath|Quaquaval, F|100/100|[from] Volt Switch
|move|p2a: Ceruledge|Bitter Blade|p1a: Quack Sabbath
|-resisted|p1a: Quack Sabbath
|-damage|p1a: Quack Sabbath|79/100
|-heal|p2a: Ceruledge|85/100|[from] drain|[of] p1a: Quack Sabbath
|
|-heal|p1a: Quack Sabbath|85/100|[from] item: Leftovers
|upkeep
|turn|2
|
|t:|1758927082
|switch|p2a: Bellossom|Bellossom, F|100/100
|move|p1a: Quack Sabbath|Aqua Step|p2a: Bellossom
|-resisted|p2a: Bellossom
|-damage|p2a: Bellossom|81/100
|-boost|p1a: Quack Sabbath|spe|1
|
|-heal|p1a: Quack Sabbath|92/100|[from] item: Leftovers
|-heal|p2a: Bellossom|87/100|[from] item: Leftovers
|upkeep
|turn|3
|
|t:|1758927088
|switch|p1a: System Of A Crown|Iron Crown|100/100
|move|p2a: Bellossom|Giga Drain|p1a: System Of A Crown
|-resisted|p1a: System Of A Crown
|-damage|p1a: System Of A Crown|90/100
|-heal|p2a: Bellossom|93/100|[from] drain|[of] p1a: System Of A Crown
|
|-heal|p2a: Bellossom|99/100|[from] item: Leftovers
|upkeep
|turn|4
|
|t:|1758927092
|move|p1a: System Of A Crown|Tachyon Cutter|p2a: Bellossom
|-damage|p2a: Bellossom|52/100
|-damage|p2a: Bellossom|5/100
|-hitcount|p2a: Bellossom|2
|move|p2a: Bellossom|Quiver Dance|p2a: Bellossom
|-boost|p2a: Bellossom|spa|1
|-boost|p2a: Bellossom|spd|1
|-boost|p2a: Bellossom|spe|1
|
|-heal|p2a: Bellossom|11/100|[from] item: Leftovers
|upkeep
|turn|5
|
|t:|1758927096
|move|p1a: System Of A Crown|Tachyon Cutter|p2a: Bellossom
|-damage|p2a: Bellossom|0 fnt
|faint|p2a: Bellossom
|-hitcount|p2: Bellossom|1
|
|upkeep
|
|t:|1758927110
|switch|p2a: Ceruledge|Ceruledge, F|85/100
|turn|6
|
|t:|1758927113
|-end|p1a: System Of A Crown|Quark Drive|[silent]
|switch|p1a: Quack Sabbath|Quaquaval, F|92/100
|move|p2a: Ceruledge|Bulk Up|p2a: Ceruledge
|-boost|p2a: Ceruledge|atk|1
|-boost|p2a: Ceruledge|def|1
|
|-heal|p1a: Quack Sabbath|98/100|[from] item: Leftovers
|upkeep
|turn|7
|
|t:|1758927120
|-terastallize|p2a: Ceruledge|Bug
|move|p1a: Quack Sabbath|Encore|p2a: Ceruledge
|-start|p2a: Ceruledge|Encore
|move|p2a: Ceruledge|Bulk Up|p2a: Ceruledge
|-boost|p2a: Ceruledge|atk|1
|-boost|p2a: Ceruledge|def|1
|
|-heal|p1a: Quack Sabbath|100/100|[from] item: Leftovers
|upkeep
|turn|8
|
|t:|1758927122
|move|p1a: Quack Sabbath|Bulk Up|p1a: Quack Sabbath
|-boost|p1a: Quack Sabbath|atk|1
|-boost|p1a: Quack Sabbath|def|1
|move|p2a: Ceruledge|Bulk Up|p2a: Ceruledge
|-boost|p2a: Ceruledge|atk|1
|-boost|p2a: Ceruledge|def|1
|
|upkeep
|turn|9
|
|t:|1758927127
|move|p1a: Quack Sabbath|Aqua Step|p2a: Ceruledge
|-damage|p2a: Ceruledge|58/100
|-boost|p1a: Quack Sabbath|spe|1
|move|p2a: Ceruledge|Bulk Up|p2a: Ceruledge
|-boost|p2a: Ceruledge|atk|1
|-boost|p2a: Ceruledge|def|1
|
|-end|p2a: Ceruledge|Encore
|upkeep
|turn|10
|
|t:|1758927129
|move|p2a: Ceruledge|Shadow Sneak|p1a: Quack Sabbath
|-damage|p1a: Quack Sabbath|64/100
|move|p1a: Quack Sabbath|Encore|p2a: Ceruledge
|-start|p2a: Ceruledge|Encore
|
|-heal|p1a: Quack Sabbath|70/100|[from] item: Leftovers
|upkeep
|turn|11
|
|t:|1758927138
|move|p2a: Ceruledge|Shadow Sneak|p1a: Quack Sabbath
|-damage|p1a: Quack Sabbath|35/100
|move|p1a: Quack Sabbath|Aqua Step|p2a: Ceruledge
|-damage|p2a: Ceruledge|36/100
|-boost|p1a: Quack Sabbath|spe|1
|
|-heal|p1a: Quack Sabbath|41/100|[from] item: Leftovers
|upkeep
|turn|12
|
|t:|1758927141
|move|p2a: Ceruledge|Shadow Sneak|p1a: Quack Sabbath
|-damage|p1a: Quack Sabbath|3/100
|move|p1a: Quack Sabbath|Aqua Step|p2a: Ceruledge
|-damage|p2a: Ceruledge|14/100
|-boost|p1a: Quack Sabbath|spe|1
|
|-heal|p1a: Quack Sabbath|10/100|[from] item: Leftovers
|upkeep
|turn|13
|
|t:|1758927150
|move|p2a: Ceruledge|Shadow Sneak|p1a: Quack Sabbath
|-damage|p1a: Quack Sabbath|0 fnt
|faint|p1a: Quack Sabbath
|
|-end|p2a: Ceruledge|Encore
|upkeep
|inactive|Battle timer is ON: inactive players will automatically lose when time's up. (requested by AnOriginalName3)
|
|t:|1758927193
|switch|p1a: System Of A Crown|Iron Crown|90/100
|turn|14
|
|t:|1758927197
|-terastallize|p1a: System Of A Crown|Steel
|move|p2a: Ceruledge|Shadow Sneak|p1a: System Of A Crown
|-damage|p1a: System Of A Crown|41/100
|move|p1a: System Of A Crown|Tachyon Cutter|p2a: Ceruledge
|-damage|p2a: Ceruledge|0 fnt
|faint|p2a: Ceruledge
|-hitcount|p2: Ceruledge|1
|
|upkeep
|
|t:|1758927205
|switch|p2a: Gholdengo|Gholdengo|100/100
|turn|15
|
|t:|1758927208
|-end|p1a: System Of A Crown|Quark Drive|[silent]
|switch|p1a: Irönhead|Kingambit, F|100/100
|-item|p1a: Irönhead|Air Balloon
|move|p2a: Gholdengo|Shadow Ball|p1a: Irönhead
|-resisted|p1a: Irönhead
|-damage|p1a: Irönhead|78/100
|-enditem|p1a: Irönhead|Air Balloon
|
|upkeep
|turn|16
|
|t:|1758927213
|switch|p2a: Glimmora|Glimmora, M|100/100
|move|p1a: Irönhead|Iron Head|p2a: Glimmora
|-supereffective|p2a: Glimmora
|-enditem|p2a: Glimmora|Focus Sash
|-damage|p2a: Glimmora|1/100
|-activate|p2a: Glimmora|ability: Toxic Debris
|-sidestart|p1: Swagataka|move: Toxic Spikes
|
|upkeep
|turn|17
|
|t:|1758927222
|move|p2a: Glimmora|Earth Power|p1a: Irönhead
|-supereffective|p1a: Irönhead
|-damage|p1a: Irönhead|16/100
|move|p1a: Irönhead|Stealth Rock|p2a: Glimmora
|-sidestart|p2: AnOriginalName3|move: Stealth Rock
|
|upkeep
|turn|18
|
|t:|1758927225
|move|p1a: Irönhead|Sucker Punch||[still]
|-fail|p1a: Irönhead
|move|p2a: Glimmora|Stealth Rock|p1a: Irönhead
|-sidestart|p1: Swagataka|move: Stealth Rock
|
|upkeep
|turn|19
|
|t:|1758927228
|move|p1a: Irönhead|Sucker Punch||[still]
|-fail|p1a: Irönhead
|move|p2a: Glimmora|Stealth Rock||[still]
|-fail|p2a: Glimmora
|
|upkeep
|turn|20
|
|t:|1758927230
|move|p1a: Irönhead|Sucker Punch|p2a: Glimmora
|-damage|p2a: Glimmora|0 fnt
|-activate|p2a: Glimmora|ability: Toxic Debris
|-sidestart|p1: Swagataka|move: Toxic Spikes
|faint|p2a: Glimmora
|
|upkeep
|
|t:|1758927233
|switch|p2a: Great Tusk|Great Tusk|100/100
|turn|21
|
|t:|1758927236
|move|p2a: Great Tusk|Headlong Rush|p1a: Irönhead
|-supereffective|p1a: Irönhead
|-damage|p1a: Irönhead|0 fnt
|-unboost|p2a: Great Tusk|def|1
|-unboost|p2a: Great Tusk|spd|1
|faint|p1a: Irönhead
|
|upkeep
|
|t:|1758927244
|switch|p1a: System Of A Crown|Iron Crown, tera:Steel|41/100
|-damage|p1a: System Of A Crown|34/100|[from] Stealth Rock
|turn|22
|
|t:|1758927247
|-end|p2a: Great Tusk|Protosynthesis|[silent]
|switch|p2a: Scizor|Scizor, F|100/100
|-damage|p2a: Scizor|88/100|[from] Stealth Rock
|move|p1a: System Of A Crown|Tachyon Cutter|p2a: Scizor
|-resisted|p2a: Scizor
|-damage|p2a: Scizor|58/100
|-resisted|p2a: Scizor
|-damage|p2a: Scizor|23/100
|-hitcount|p2a: Scizor|2
|
|upkeep
|turn|23
|
|t:|1758927251
|move|p2a: Scizor|Bullet Punch|p1a: System Of A Crown
|-resisted|p1a: System Of A Crown
|-damage|p1a: System Of A Crown|8/100
|move|p1a: System Of A Crown|Tachyon Cutter|p2a: Scizor
|-resisted|p2a: Scizor
|-damage|p2a: Scizor|0 fnt
|faint|p2a: Scizor
|-hitcount|p2: Scizor|1
|
|upkeep
|
|t:|1758927253
|switch|p2a: Gholdengo|Gholdengo|100/100
|-damage|p2a: Gholdengo|94/100|[from] Stealth Rock
|turn|24
|
|t:|1758927258
|-end|p1a: System Of A Crown|Quark Drive|[silent]
|switch|p1a: Apacherunt|Pecharunt|100/100
|-sideend|p1: Swagataka|move: Toxic Spikes|[of] p1a: Apacherunt
|move|p2a: Gholdengo|Shadow Ball|p1a: Apacherunt
|-supereffective|p1a: Apacherunt
|-damage|p1a: Apacherunt|20/100
|
|upkeep
|turn|25
|
|t:|1758927261
|move|p2a: Gholdengo|Shadow Ball|p1a: Apacherunt
|-supereffective|p1a: Apacherunt
|-damage|p1a: Apacherunt|0 fnt
|faint|p1a: Apacherunt
|
|upkeep
|
|t:|1758927265
|switch|p1a: Steely Don|Great Tusk|100/100
|turn|26
|
|t:|1758927269
|move|p2a: Gholdengo|Shadow Ball|p1a: Steely Don
|-damage|p1a: Steely Don|37/100
|move|p1a: Steely Don|Headlong Rush|p2a: Gholdengo
|-supereffective|p2a: Gholdengo
|-damage|p2a: Gholdengo|0 fnt
|-unboost|p1a: Steely Don|def|1
|-unboost|p1a: Steely Don|spd|1
|faint|p2a: Gholdengo
|
|upkeep
|
|t:|1758927270
|switch|p2a: Great Tusk|Great Tusk|100/100
|turn|27
|
|t:|1758927273
|move|p1a: Steely Don|Headlong Rush|p2a: Great Tusk
|-damage|p2a: Great Tusk|53/100
|-unboost|p1a: Steely Don|def|1
|-unboost|p1a: Steely Don|spd|1
|move|p2a: Great Tusk|Rapid Spin|p1a: Steely Don
|-damage|p1a: Steely Don|13/100
|-boost|p2a: Great Tusk|spe|1
|-sideend|p2: AnOriginalName3|Stealth Rock|[from] move: Rapid Spin|[of] p2a: Great Tusk
|
|upkeep
|turn|28
|
|t:|1758927276
|move|p2a: Great Tusk|Ice Spinner|p1a: Steely Don
|-supereffective|p1a: Steely Don
|-damage|p1a: Steely Don|0 fnt
|faint|p1a: Steely Don
|-end|p1a: Steely Don|Protosynthesis|[silent]
|
|upkeep
|
|t:|1758927279
|switch|p1a: Knoc Party|Lokix, F|100/100
|-damage|p1a: Knoc Party|76/100|[from] Stealth Rock
|turn|29
|
|t:|1758927280
|move|p2a: Great Tusk|Close Combat|p1a: Knoc Party
|-damage|p1a: Knoc Party|0 fnt
|-unboost|p2a: Great Tusk|def|1
|-unboost|p2a: Great Tusk|spd|1
|faint|p1a: Knoc Party
|
|upkeep
|-message|Swagataka forfeited.
|
|win|AnOriginalName3
|raw|Swagataka's rating: 1624 &rarr; <strong>1599</strong><br />(-25 for losing)
|raw|AnOriginalName3's rating: 1540 &rarr; <strong>1565</strong><br />(+25 for winning)
|l|☆Swagataka
|player|p1|
|l|☆AnOriginalName3
|player|p2|
