|j|☆aaron53769
|j|☆hcyaiiu
|t:|1758948257
|gametype|singles
|player|p1|aaron53769|265|1130
|player|p2|hcyaiiu|cynthia|1050
|gen|9
|tier|[Gen 9] OU
|rated|
|rule|HP Percentage Mod: HP is shown in percentages
|rule|Endless Battle Clause: Forcing endless battles is banned
|rule|Species Clause: Limit one of each Pokémon
|rule|OHKO Clause: OHKO moves are banned
|rule|Evasion Items Clause: Evasion items are banned
|rule|Evasion Moves Clause: Evasion moves are banned
|rule|Evasion Abilities Clause: Evasion abilities are banned
|rule|Sleep Moves Clause: Sleep-inducing moves are banned
|clearpoke
|poke|p1|Iron Treads|
|poke|p1|Zamazenta-*|
|poke|p1|Toxapex, F|
|poke|p1|Garganacl, M|
|poke|p1|Regidrago|
|poke|p1|Ogerpon-Wellspring, F|
|poke|p2|Gengar, F|
|poke|p2|Dugtrio, F|
|poke|p2|Rabsca, F|
|poke|p2|Walking Wake|
|poke|p2|Krookodile, M|
|poke|p2|Arboliva, F|
|teampreview
|inactive|Battle timer is ON: inactive players will automatically lose when time's up. (requested by aaron53769)
|inactive|hcyaiiu also wants the timer to be on.
|
|t:|1758948286
|teamsize|p1|6
|teamsize|p2|6
|start
|switch|p1a: Zamazenta|Zamazenta|100/100
|switch|p2a: Dugtrio|Dugtrio, F|100/100
|-ability|p1a: Zamazenta|Dauntless Shield|boost
|-boost|p1a: Zamazenta|def|1
|turn|1
|
|t:|1758948296
|move|p1a: Zamazenta|Substitute|p1a: Zamazenta
|-start|p1a: Zamazenta|Substitute
|-damage|p1a: Zamazenta|75/100
|move|p2a: Dugtrio|Endeavor|p1a: Zamazenta
|-end|p1a: Zamazenta|Substitute
|
|-heal|p1a: Zamazenta|82/100|[from] item: Leftovers
|upkeep
|turn|2
|
|t:|1758948306
|move|p1a: Zamazenta|Iron Defense|p1a: Zamazenta
|-boost|p1a: Zamazenta|def|2
|move|p2a: Dugtrio|Endeavor|p1a: Zamazenta
|-damage|p1a: Zamazenta|47/100
|
|-heal|p1a: Zamazenta|53/100|[from] item: Leftovers
|upkeep
|turn|3
|
|t:|1758948317
|move|p1a: Zamazenta|Iron Defense|p1a: Zamazenta
|-boost|p1a: Zamazenta|def|2
|move|p2a: Dugtrio|Endeavor|p1a: Zamazenta
|-damage|p1a: Zamazenta|47/100
|
|-heal|p1a: Zamazenta|53/100|[from] item: Leftovers
|upkeep
|turn|4
|
|t:|1758948328
|move|p1a: Zamazenta|Iron Defense|p1a: Zamazenta
|-boost|p1a: Zamazenta|def|1
|move|p2a: Dugtrio|Endeavor|p1a: Zamazenta
|-damage|p1a: Zamazenta|47/100
|
|-heal|p1a: Zamazenta|53/100|[from] item: Leftovers
|upkeep
|turn|5
|
|t:|1758948337
|move|p1a: Zamazenta|Substitute|p1a: Zamazenta
|-start|p1a: Zamazenta|Substitute
|-damage|p1a: Zamazenta|28/100
|move|p2a: Dugtrio|Endeavor|p1a: Zamazenta
|-immune|p1a: Zamazenta
|
|-heal|p1a: Zamazenta|34/100|[from] item: Leftovers
|upkeep
|turn|6
|
|t:|1758948350
|move|p1a: Zamazenta|Body Press|p2a: Dugtrio
|-enditem|p2a: Dugtrio|Focus Sash
|-damage|p2a: Dugtrio|1/100
|move|p2a: Dugtrio|Earthquake|p1a: Zamazenta
|-activate|p1a: Zamazenta|move: Substitute|[damage]
|
|-heal|p1a: Zamazenta|40/100|[from] item: Leftovers
|upkeep
|turn|7
|c|☆aaron53769|you shoulda endeavoured
|
|t:|1758948367
|move|p2a: Dugtrio|Sucker Punch|p1a: Zamazenta
|-resisted|p1a: Zamazenta
|-activate|p1a: Zamazenta|move: Substitute|[damage]
|move|p1a: Zamazenta|Body Press|p2a: Dugtrio
|-damage|p2a: Dugtrio|0 fnt
|faint|p2a: Dugtrio
|
|-heal|p1a: Zamazenta|47/100|[from] item: Leftovers
|upkeep
|
|t:|1758948379
|switch|p2a: Gengar|Gengar, F|100/100
|turn|8
|
|t:|1758948384
|move|p1a: Zamazenta|Crunch|p2a: Gengar
|-supereffective|p2a: Gengar
|-damage|p2a: Gengar|18/100
|-enditem|p2a: Gengar|Salac Berry|[eat]
|-boost|p2a: Gengar|spe|1|[from] item: Salac Berry
|move|p2a: Gengar|Nasty Plot|p2a: Gengar
|-boost|p2a: Gengar|spa|2
|
|-heal|p1a: Zamazenta|53/100|[from] item: Leftovers
|upkeep
|turn|9
|
|t:|1758948396
|move|p2a: Gengar|Destiny Bond|p2a: Gengar
|-singlemove|p2a: Gengar|Destiny Bond
|move|p1a: Zamazenta|Crunch|p2a: Gengar
|-supereffective|p2a: Gengar
|-damage|p2a: Gengar|0 fnt
|-start|p1a: Zamazenta|Disable|Crunch|[from] ability: Cursed Body|[of] p2a: Gengar
|faint|p2a: Gengar
|-activate|p2a: Gengar|move: Destiny Bond
|faint|p1a: Zamazenta
|
|upkeep
|
|t:|1758948411
|switch|p1a: Regidrago|Regidrago|100/100
|switch|p2a: Rabsca|Rabsca, F|100/100
|turn|10
|
|t:|1758948418
|move|p1a: Regidrago|Dragon Energy|p2a: Rabsca
|-crit|p2a: Rabsca
|-enditem|p2a: Rabsca|Focus Sash
|-damage|p2a: Rabsca|1/100
|move|p2a: Rabsca|Trick Room|p2a: Rabsca
|-fieldstart|move: Trick Room|[of] p2a: Rabsca
|
|upkeep
|turn|11
|
|t:|1758948426
|switch|p1a: Garganacl|Garganacl, M|100/100
|move|p2a: Rabsca|Revival Blessing|p2a: Rabsca
|
|t:|1758948434
|-heal|p2: Dugtrio|50/100|[from] move: Revival Blessing
|
|upkeep
|turn|12
|
|t:|1758948451
|move|p2a: Rabsca|Memento|p1a: Garganacl
|-unboost|p1a: Garganacl|atk|2
|-unboost|p1a: Garganacl|spa|2
|faint|p2a: Rabsca
|move|p1a: Garganacl|Salt Cure|p2: Rabsca|[notarget]
|-fail|p1a: Garganacl
|
|upkeep
|
|t:|1758948465
|switch|p2a: Arboliva|Arboliva, F|100/100
|turn|13
|
|t:|1758948471
|-terastallize|p1a: Garganacl|Fairy
|move|p1a: Garganacl|Salt Cure|p2a: Arboliva
|-damage|p2a: Arboliva|93/100
|-start|p2a: Arboliva|Salt Cure
|move|p2a: Arboliva|Leech Seed|p1a: Garganacl
|-start|p1a: Garganacl|move: Leech Seed
|
|-damage|p1a: Garganacl|88/100|[from] Leech Seed|[of] p2a: Arboliva
|-heal|p2a: Arboliva|100/100|[silent]
|-damage|p2a: Arboliva|88/100|[from] Salt Cure
|upkeep
|turn|14
|
|t:|1758948487
|move|p1a: Garganacl|Protect|p1a: Garganacl
|-singleturn|p1a: Garganacl|Protect
|move|p2a: Arboliva|Substitute|p2a: Arboliva
|-start|p2a: Arboliva|Substitute
|-damage|p2a: Arboliva|63/100
|
|-heal|p1a: Garganacl|94/100|[from] item: Leftovers
|-damage|p1a: Garganacl|82/100|[from] Leech Seed|[of] p2a: Arboliva
|-heal|p2a: Arboliva|77/100|[silent]
|-damage|p2a: Arboliva|64/100|[from] Salt Cure
|-fieldend|move: Trick Room
|upkeep
|turn|15
|
|t:|1758948499
|switch|p2a: Dugtrio|Dugtrio, F|50/100
|switch|p1a: Ogerpon|Ogerpon-Wellspring, F|100/100
|
|upkeep
|turn|16
|
|t:|1758948512
|switch|p2a: Arboliva|Arboliva, F|64/100
|move|p1a: Ogerpon|Ivy Cudgel|p2a: Arboliva|[anim] Ivy Cudgel Water
|-resisted|p2a: Arboliva
|-damage|p2a: Arboliva|34/100
|-enditem|p2a: Arboliva|Sitrus Berry|[eat]
|-heal|p2a: Arboliva|59/100|[from] item: Sitrus Berry
|
|-item|p2a: Arboliva|Sitrus Berry|[from] ability: Harvest
|upkeep
|turn|17
|
|t:|1758948527
|move|p2a: Arboliva|Protect|p2a: Arboliva
|-singleturn|p2a: Arboliva|Protect
|move|p1a: Ogerpon|U-turn|p2a: Arboliva
|-activate|p2a: Arboliva|move: Protect
|
|upkeep
|turn|18
|
|t:|1758948535
|move|p1a: Ogerpon|Encore|p2a: Arboliva
|-start|p2a: Arboliva|Encore
|move|p2a: Arboliva|Protect||[still]
|-fail|p2a: Arboliva
|
|upkeep
|turn|19
|
|t:|1758948542
|move|p2a: Arboliva|Protect|p2a: Arboliva
|-singleturn|p2a: Arboliva|Protect
|move|p1a: Ogerpon|Ivy Cudgel|p2a: Arboliva|[anim] Ivy Cudgel Water
|-activate|p2a: Arboliva|move: Protect
|
|upkeep
|turn|20
|
|t:|1758948549
|move|p2a: Arboliva|Protect||[still]
|-fail|p2a: Arboliva
|move|p1a: Ogerpon|Ivy Cudgel|p2a: Arboliva|[anim] Ivy Cudgel Water
|-resisted|p2a: Arboliva
|-damage|p2a: Arboliva|29/100
|-enditem|p2a: Arboliva|Sitrus Berry|[eat]
|-heal|p2a: Arboliva|54/100|[from] item: Sitrus Berry
|
|-end|p2a: Arboliva|Encore
|-item|p2a: Arboliva|Sitrus Berry|[from] ability: Harvest
|upkeep
|turn|21
|
|t:|1758948563
|move|p1a: Ogerpon|Encore|p2a: Arboliva
|-start|p2a: Arboliva|Encore
|move|p2a: Arboliva|Protect||[still]
|-fail|p2a: Arboliva
|
|upkeep
|turn|22
|
|t:|1758948571
|move|p2a: Arboliva|Protect|p2a: Arboliva
|-singleturn|p2a: Arboliva|Protect
|move|p1a: Ogerpon|Horn Leech|p2a: Arboliva
|-activate|p2a: Arboliva|move: Protect
|
|upkeep
|turn|23
|
|t:|1758948578
|move|p2a: Arboliva|Protect||[still]
|-fail|p2a: Arboliva
|move|p1a: Ogerpon|Ivy Cudgel|p2a: Arboliva|[anim] Ivy Cudgel Water
|-resisted|p2a: Arboliva
|-damage|p2a: Arboliva|25/100
|-enditem|p2a: Arboliva|Sitrus Berry|[eat]
|-heal|p2a: Arboliva|50/100|[from] item: Sitrus Berry
|
|-end|p2a: Arboliva|Encore
|-item|p2a: Arboliva|Sitrus Berry|[from] ability: Harvest
|upkeep
|-enditem|p2a: Arboliva|Sitrus Berry|[eat]
|-heal|p2a: Arboliva|75/100|[from] item: Sitrus Berry
|turn|24
|
|t:|1758948593
|move|p1a: Ogerpon|Encore|p2a: Arboliva
|-start|p2a: Arboliva|Encore
|move|p2a: Arboliva|Protect||[still]
|-fail|p2a: Arboliva
|
|-item|p2a: Arboliva|Sitrus Berry|[from] ability: Harvest
|upkeep
|turn|25
|
|t:|1758948601
|move|p2a: Arboliva|Protect|p2a: Arboliva
|-singleturn|p2a: Arboliva|Protect
|move|p1a: Ogerpon|Horn Leech|p2a: Arboliva
|-activate|p2a: Arboliva|move: Protect
|
|upkeep
|turn|26
|
|t:|1758948608
|move|p2a: Arboliva|Protect|p2a: Arboliva
|-singleturn|p2a: Arboliva|Protect
|move|p1a: Ogerpon|Horn Leech|p2a: Arboliva
|-activate|p2a: Arboliva|move: Protect
|
|-end|p2a: Arboliva|Encore
|upkeep
|turn|27
|
|t:|1758948617
|move|p1a: Ogerpon|Encore|p2a: Arboliva
|-start|p2a: Arboliva|Encore
|move|p2a: Arboliva|Protect||[still]
|-fail|p2a: Arboliva
|
|upkeep
|turn|28
|
|t:|1758948623
|move|p2a: Arboliva|Protect|p2a: Arboliva
|-singleturn|p2a: Arboliva|Protect
|move|p1a: Ogerpon|Horn Leech|p2a: Arboliva
|-activate|p2a: Arboliva|move: Protect
|
|upkeep
|turn|29
|
|t:|1758948630
|move|p2a: Arboliva|Protect|p2a: Arboliva
|-singleturn|p2a: Arboliva|Protect
|move|p1a: Ogerpon|Horn Leech|p2a: Arboliva
|-activate|p2a: Arboliva|move: Protect
|
|-end|p2a: Arboliva|Encore
|upkeep
|turn|30
|
|t:|1758948643
|switch|p2a: Krookodile|Krookodile, M|100/100
|move|p1a: Ogerpon|Encore||[still]
|-fail|p1a: Ogerpon
|
|upkeep
|turn|31
|
|t:|1758948659
|move|p2a: Krookodile|Gunk Shot|p1a: Ogerpon
|-supereffective|p1a: Ogerpon
|-damage|p1a: Ogerpon|0 fnt
|faint|p1a: Ogerpon
|-ability|p2a: Krookodile|Moxie|boost
|-boost|p2a: Krookodile|atk|1
|
|upkeep
|
|t:|1758948664
|switch|p1a: Regidrago|Regidrago|100/100
|turn|32
|
|t:|1758948670
|-terastallize|p2a: Krookodile|Poison
|move|p1a: Regidrago|Dragon Energy|p2a: Krookodile
|-damage|p2a: Krookodile|0 fnt
|faint|p2a: Krookodile
|
|upkeep
|
|t:|1758948687
|switch|p2a: Arboliva|Arboliva, F|75/100
|turn|33
|
|t:|1758948697
|move|p1a: Regidrago|Dragon Energy|p2a: Arboliva
|-damage|p2a: Arboliva|15/100
|-enditem|p2a: Arboliva|Sitrus Berry|[eat]
|-heal|p2a: Arboliva|40/100|[from] item: Sitrus Berry
|move|p2a: Arboliva|Substitute|p2a: Arboliva
|-start|p2a: Arboliva|Substitute
|-damage|p2a: Arboliva|15/100
|
|-item|p2a: Arboliva|Sitrus Berry|[from] ability: Harvest
|upkeep
|-enditem|p2a: Arboliva|Sitrus Berry|[eat]
|-heal|p2a: Arboliva|40/100|[from] item: Sitrus Berry
|turn|34
|
|t:|1758948710
|move|p1a: Regidrago|Dragon Energy|p2a: Arboliva
|-end|p2a: Arboliva|Substitute
|move|p2a: Arboliva|Leech Seed|p1a: Regidrago
|-start|p1a: Regidrago|move: Leech Seed
|
|-damage|p1a: Regidrago|88/100|[from] Leech Seed|[of] p2a: Arboliva
|-heal|p2a: Arboliva|59/100|[silent]
|-item|p2a: Arboliva|Sitrus Berry|[from] ability: Harvest
|upkeep
|turn|35
|
|t:|1758948720
|move|p2a: Arboliva|Protect|p2a: Arboliva
|-singleturn|p2a: Arboliva|Protect
|move|p1a: Regidrago|Dragon Energy|p2a: Arboliva
|-activate|p2a: Arboliva|move: Protect
|
|-damage|p1a: Regidrago|76/100|[from] Leech Seed|[of] p2a: Arboliva
|-heal|p2a: Arboliva|77/100|[silent]
|upkeep
|turn|36
|
|t:|1758948730
|switch|p1a: Toxapex|Toxapex, F|100/100
|move|p2a: Arboliva|Substitute|p2a: Arboliva
|-start|p2a: Arboliva|Substitute
|-damage|p2a: Arboliva|52/100
|
|upkeep
|turn|37
|-message|aaron53769 forfeited.
|
|win|hcyaiiu
|raw|aaron53769's rating: 1130 &rarr; <strong>1099</strong><br />(-31 for losing)
|raw|hcyaiiu's rating: 1050 &rarr; <strong>1090</strong><br />(+40 for winning)
|l|☆aaron53769
|player|p1|
|l|☆hcyaiiu
|player|p2|
