|j|☆Aggrhy
|j|☆leezee-yy
|t:|1758933454
|gametype|singles
|player|p1|Aggrhy|red-masters|1520
|player|p2|leezee-yy|steven|1605
|gen|9
|tier|[Gen 9] OU
|rated|
|rule|HP Percentage Mod: HP is shown in percentages
|rule|Endless Battle Clause: Forcing endless battles is banned
|rule|Species Clause: Limit one of each Pokémon
|rule|OHKO Clause: OHKO moves are banned
|rule|Evasion Items Clause: Evasion items are banned
|rule|Evasion Moves Clause: Evasion moves are banned
|rule|Evasion Abilities Clause: Evasion abilities are banned
|rule|Sleep Moves Clause: Sleep-inducing moves are banned
|clearpoke
|poke|p1|Pikachu, F|
|poke|p1|Metagross|
|poke|p1|Gardevoir, F|
|poke|p1|Glimmora, M|
|poke|p1|Milotic, M|
|poke|p1|Hydrapple, F|
|poke|p2|Gengar, M|
|poke|p2|Conkeldurr, M|
|poke|p2|Metagross|
|poke|p2|Zapdos|
|poke|p2|Meowscarada, F|
|poke|p2|Zamazenta-*|
|teampreview
|inactive|Battle timer is ON: inactive players will automatically lose when time's up. (requested by Aggrhy)
|inactive|leezee-yy also wants the timer to be on.
|
|t:|1758933463
|teamsize|p1|6
|teamsize|p2|6
|start
|switch|p1a: Glimmora|Glimmora, M|100/100
|switch|p2a: Gengar|Gengar, M|100/100
|turn|1
|
|t:|1758933481
|move|p1a: Glimmora|Power Gem|p2a: Gengar
|-damage|p2a: Gengar|21/100
|move|p2a: Gengar|Shadow Ball|p1a: Glimmora
|-damage|p1a: Glimmora|45/100
|
|upkeep
|turn|2
|
|t:|1758933488
|switch|p2a: Metagross|Metagross, shiny|100/100
|move|p1a: Glimmora|Power Gem|p2a: Metagross
|-resisted|p2a: Metagross
|-damage|p2a: Metagross|79/100
|
|-heal|p2a: Metagross|85/100|[from] item: Leftovers
|upkeep
|turn|3
|
|t:|1758933497
|switch|p1a: Hydrapple|Hydrapple, F|100/100
|move|p2a: Metagross|Knock Off|p1a: Hydrapple
|-damage|p1a: Hydrapple|75/100
|-damage|p2a: Metagross|68/100|[from] item: Rocky Helmet|[of] p1a: Hydrapple
|-enditem|p1a: Hydrapple|Rocky Helmet|[from] move: Knock Off|[of] p2a: Metagross
|
|-heal|p2a: Metagross|74/100|[from] item: Leftovers
|upkeep
|turn|4
|
|t:|1758933508
|move|p2a: Metagross|Ice Punch|p1a: Hydrapple
|-supereffective|p1a: Hydrapple
|-damage|p1a: Hydrapple|0 fnt
|faint|p1a: Hydrapple
|
|-heal|p2a: Metagross|80/100|[from] item: Leftovers
|upkeep
|
|t:|1758933518
|switch|p1a: Metagross|Metagross|100/100
|turn|5
|
|t:|1758933523
|move|p1a: Metagross|Knock Off|p2a: Metagross
|-supereffective|p2a: Metagross
|-damage|p2a: Metagross|20/100
|-enditem|p2a: Metagross|Leftovers|[from] move: Knock Off|[of] p1a: Metagross
|move|p2a: Metagross|Knock Off|p1a: Metagross
|-supereffective|p1a: Metagross
|-damage|p1a: Metagross|41/100
|-enditem|p1a: Metagross|Assault Vest|[from] move: Knock Off|[of] p2a: Metagross
|
|upkeep
|turn|6
|
|t:|1758933534
|switch|p2a: Zapdos|Zapdos|100/100
|move|p1a: Metagross|Knock Off|p2a: Zapdos
|-damage|p2a: Zapdos|72/100
|-damage|p1a: Metagross|24/100|[from] item: Rocky Helmet|[of] p2a: Zapdos
|-enditem|p2a: Zapdos|Rocky Helmet|[from] move: Knock Off|[of] p1a: Metagross
|
|upkeep
|turn|7
|
|t:|1758933551
|move|p2a: Zapdos|Discharge|p1a: Metagross
|-damage|p1a: Metagross|0 fnt
|faint|p1a: Metagross
|
|upkeep
|
|t:|1758933557
|switch|p1a: Glimmora|Glimmora, M|45/100
|turn|8
|
|t:|1758933565
|switch|p2a: Zamazenta|Zamazenta|100/100
|-ability|p2a: Zamazenta|Dauntless Shield|boost
|-boost|p2a: Zamazenta|def|1
|move|p1a: Glimmora|Power Gem|p2a: Zamazenta
|-resisted|p2a: Zamazenta
|-damage|p2a: Zamazenta|87/100
|
|upkeep
|turn|9
|
|t:|1758933577
|switch|p1a: Gardevoir|Gardevoir, F|100/100
|-ability|p1a: Gardevoir|Dauntless Shield|Trace|[from] ability: Trace|[of] p2a: Zamazenta
|-ability|p1a: Gardevoir|Dauntless Shield|boost
|-boost|p1a: Gardevoir|def|1
|move|p2a: Zamazenta|Psychic Fangs|p1a: Gardevoir
|-resisted|p1a: Gardevoir
|-damage|p1a: Gardevoir|87/100
|
|upkeep
|turn|10
|
|t:|1758933596
|-terastallize|p2a: Zamazenta|Steel
|move|p2a: Zamazenta|Crunch|p1a: Gardevoir
|-damage|p1a: Gardevoir|61/100
|move|p1a: Gardevoir|Moonblast|p2a: Zamazenta
|-resisted|p2a: Zamazenta
|-damage|p2a: Zamazenta|73/100
|
|upkeep
|turn|11
|
|t:|1758933608
|move|p2a: Zamazenta|Crunch|p1a: Gardevoir
|-damage|p1a: Gardevoir|33/100
|move|p1a: Gardevoir|Aura Sphere|p2a: Zamazenta
|-supereffective|p2a: Zamazenta
|-damage|p2a: Zamazenta|44/100
|
|upkeep
|turn|12
|
|t:|1758933617
|move|p2a: Zamazenta|Crunch|p1a: Gardevoir
|-damage|p1a: Gardevoir|8/100
|move|p1a: Gardevoir|Aura Sphere|p2a: Zamazenta
|-supereffective|p2a: Zamazenta
|-damage|p2a: Zamazenta|14/100
|
|upkeep
|turn|13
|
|t:|1758933624
|move|p2a: Zamazenta|Psychic Fangs|p1a: Gardevoir
|-resisted|p1a: Gardevoir
|-damage|p1a: Gardevoir|0 fnt
|faint|p1a: Gardevoir
|
|upkeep
|
|t:|1758933629
|switch|p1a: Glimmora|Glimmora, M|45/100
|turn|14
|
|t:|1758933633
|move|p1a: Glimmora|Earth Power|p2a: Zamazenta
|-supereffective|p2a: Zamazenta
|-damage|p2a: Zamazenta|0 fnt
|faint|p2a: Zamazenta
|
|upkeep
|
|t:|1758933636
|switch|p2a: Metagross|Metagross, shiny|20/100
|turn|15
|
|t:|1758933641
|move|p2a: Metagross|Bullet Punch|p1a: Glimmora
|-supereffective|p1a: Glimmora
|-damage|p1a: Glimmora|0 fnt
|-activate|p1a: Glimmora|ability: Toxic Debris
|-sidestart|p2: leezee-yy|move: Toxic Spikes
|faint|p1a: Glimmora
|
|upkeep
|
|t:|1758933648
|switch|p1a: Pikachu|Pikachu, F|100/100
|turn|16
|
|t:|1758933653
|switch|p2a: Zapdos|Zapdos|72/100
|move|p1a: Pikachu|Knock Off|p2a: Zapdos
|-damage|p2a: Zapdos|54/100
|
|upkeep
|turn|17
|
|t:|1758933659
|move|p1a: Pikachu|Volt Tackle|p2a: Zapdos
|-damage|p2a: Zapdos|3/100
|-damage|p1a: Pikachu|70/100|[from] Recoil
|move|p2a: Zapdos|U-turn|p1a: Pikachu
|-damage|p1a: Pikachu|20/100
|
|t:|1758933665
|switch|p2a: Gengar|Gengar, M|21/100|[from] U-turn
|-sideend|p2: leezee-yy|move: Toxic Spikes|[of] p2a: Gengar
|
|upkeep
|turn|18
|
|t:|1758933674
|switch|p1a: Milotic|Milotic, M|100/100
|move|p2a: Gengar|Sludge Bomb|p1a: Milotic
|-damage|p1a: Milotic|76/100
|
|-heal|p1a: Milotic|82/100|[from] item: Leftovers
|upkeep
|turn|19
|
|t:|1758933684
|switch|p2a: Zapdos|Zapdos|3/100
|switch|p1a: Pikachu|Pikachu, F|20/100
|
|upkeep
|turn|20
|
|t:|1758933690
|move|p1a: Pikachu|Quick Attack|p2a: Zapdos
|-damage|p2a: Zapdos|0 fnt
|faint|p2a: Zapdos
|
|upkeep
|
|t:|1758933695
|switch|p2a: Gengar|Gengar, M|21/100
|turn|21
|
|t:|1758933700
|move|p2a: Gengar|Sludge Bomb|p1a: Pikachu
|-damage|p1a: Pikachu|0 fnt
|faint|p1a: Pikachu
|
|upkeep
|
|t:|1758933705
|switch|p1a: Milotic|Milotic, M|82/100
|turn|22
|
|t:|1758933708
|move|p2a: Gengar|Sludge Bomb|p1a: Milotic
|-damage|p1a: Milotic|58/100
|-status|p1a: Milotic|psn
|move|p1a: Milotic|Mirror Coat|p2a: Gengar
|-damage|p2a: Gengar|0 fnt
|faint|p2a: Gengar
|
|-heal|p1a: Milotic|64/100 psn|[from] item: Leftovers
|-damage|p1a: Milotic|52/100 psn|[from] psn
|upkeep
|
|t:|1758933714
|switch|p2a: Metagross|Metagross, shiny|20/100
|turn|23
|
|t:|1758933722
|move|p1a: Milotic|Scald|p2a: Metagross
|-damage|p2a: Metagross|0 fnt
|faint|p2a: Metagross
|
|-heal|p1a: Milotic|58/100 psn|[from] item: Leftovers
|-damage|p1a: Milotic|45/100 psn|[from] psn
|upkeep
|
|t:|1758933726
|switch|p2a: Meowscarada|Meowscarada, F|100/100
|turn|24
|
|t:|1758933734
|-terastallize|p1a: Milotic|Fairy
|move|p2a: Meowscarada|U-turn|p1a: Milotic
|-start|p2a: Meowscarada|typechange|Bug|[from] ability: Protean
|-resisted|p1a: Milotic
|-damage|p1a: Milotic|19/100 psn
|
|t:|1758933740
|switch|p2a: Conkeldurr|Conkeldurr, M|100/100|[from] U-turn
|move|p1a: Milotic|Recover|p1a: Milotic
|-heal|p1a: Milotic|69/100 psn
|
|-heal|p1a: Milotic|75/100 psn|[from] item: Leftovers
|-damage|p1a: Milotic|63/100 psn|[from] psn
|upkeep
|turn|25
|
|t:|1758933750
|move|p1a: Milotic|Scald|p2a: Conkeldurr
|-damage|p2a: Conkeldurr|65/100
|move|p2a: Conkeldurr|Fire Punch|p1a: Milotic
|-damage|p1a: Milotic|33/100 psn
|
|-heal|p1a: Milotic|40/100 psn|[from] item: Leftovers
|-heal|p2a: Conkeldurr|71/100|[from] item: Leftovers
|-damage|p1a: Milotic|27/100 psn|[from] psn
|upkeep
|turn|26
|
|t:|1758933761
|move|p1a: Milotic|Recover|p1a: Milotic
|-heal|p1a: Milotic|77/100 psn
|move|p2a: Conkeldurr|Fire Punch|p1a: Milotic
|-damage|p1a: Milotic|44/100 psn
|
|-heal|p1a: Milotic|50/100 psn|[from] item: Leftovers
|-heal|p2a: Conkeldurr|77/100|[from] item: Leftovers
|-damage|p1a: Milotic|38/100 psn|[from] psn
|upkeep
|turn|27
|
|t:|1758933771
|move|p1a: Milotic|Scald|p2a: Conkeldurr
|-damage|p2a: Conkeldurr|47/100
|move|p2a: Conkeldurr|Fire Punch|p1a: Milotic
|-damage|p1a: Milotic|4/100 psn
|
|-heal|p1a: Milotic|10/100 psn|[from] item: Leftovers
|-heal|p2a: Conkeldurr|53/100|[from] item: Leftovers
|-damage|p1a: Milotic|0 fnt|[from] psn
|faint|p1a: Milotic
|
|win|leezee-yy
|raw|Aggrhy's rating: 1520 &rarr; <strong>1505</strong><br />(-15 for losing)
|raw|leezee-yy's rating: 1605 &rarr; <strong>1620</strong><br />(+15 for winning)
|l|☆Aggrhy
|player|p1|
|l|☆leezee-yy
|player|p2|
