|j|☆Voltaris33
|j|☆4arms67
|t:|1758946045
|gametype|singles
|player|p1|Voltaris33|unknown|1469
|player|p2|4arms67|101|1446
|gen|9
|tier|[Gen 9] OU
|rated|
|rule|HP Percentage Mod: HP is shown in percentages
|rule|Endless Battle Clause: Forcing endless battles is banned
|rule|Species Clause: Limit one of each Pokémon
|rule|OHKO Clause: OHKO moves are banned
|rule|Evasion Items Clause: Evasion items are banned
|rule|Evasion Moves Clause: Evasion moves are banned
|rule|Evasion Abilities Clause: Evasion abilities are banned
|rule|Sleep Moves Clause: Sleep-inducing moves are banned
|clearpoke
|poke|p1|Garchomp, M|
|poke|p1|Moltres-Galar|
|poke|p1|Tyranitar, M|
|poke|p1|Noivern, M|
|poke|p1|Ceruledge, F|
|poke|p1|Zapdos|
|poke|p2|Landorus-Therian, M|
|poke|p2|Dragapult, F|
|poke|p2|Samurott-Hisui, F|
|poke|p2|Scizor, M|
|poke|p2|Cinderace, M|
|poke|p2|Iron Valiant|
|teampreview
|inactive|Battle timer is ON: inactive players will automatically lose when time's up. (requested by Voltaris33)
|
|t:|1758946048
|teamsize|p1|6
|teamsize|p2|6
|start
|switch|p1a: Noivern|Noivern, M|100/100
|switch|p2a: Iron Valiant|Iron Valiant|100/100
|turn|1
|inactive|Voltaris33 has 120 seconds left.
|
|t:|1758946088
|-end|p2a: Iron Valiant|Quark Drive|[silent]
|switch|p2a: Dragapult|Dragapult, F|100/100
|move|p1a: Noivern|U-turn|p2a: Dragapult
|-resisted|p2a: Dragapult
|-damage|p2a: Dragapult|93/100
|
|t:|1758946090
|switch|p1a: Tyranitar|Tyranitar, M|100/100|[from] U-turn
|-weather|Sandstorm|[from] ability: Sand Stream|[of] p1a: Tyranitar
|
|-weather|Sandstorm|[upkeep]
|-damage|p2a: Dragapult|87/100|[from] Sandstorm
|upkeep
|turn|2
|l|☆4arms67
|inactive|4arms67 disconnected and has a minute to reconnect!
|player|p2|
|j|☆4arms67
|inactive|4arms67 reconnected and has 140 seconds left.
|player|p2|4arms67|101|
|
|t:|1758946107
|move|p2a: Dragapult|U-turn|p1a: Tyranitar
|-supereffective|p1a: Tyranitar
|-damage|p1a: Tyranitar|39/100
|
|t:|1758946109
|switch|p2a: Landorus|Landorus-Therian, M|100/100|[from] U-turn
|-ability|p2a: Landorus|Intimidate|boost
|-unboost|p1a: Tyranitar|atk|1
|move|p1a: Tyranitar|Knock Off|p2a: Landorus
|-damage|p2a: Landorus|53/100
|-enditem|p2a: Landorus|Choice Band|[from] move: Knock Off|[of] p1a: Tyranitar
|-damage|p1a: Tyranitar|29/100|[from] item: Life Orb
|
|-weather|Sandstorm|[upkeep]
|upkeep
|turn|3
|
|t:|1758946115
|switch|p1a: Noivern|Noivern, M|100/100
|move|p2a: Landorus|U-turn|p1a: Noivern
|-resisted|p1a: Noivern
|-damage|p1a: Noivern|87/100
|
|t:|1758946121
|switch|p2a: Dragapult|Dragapult, F|87/100|[from] U-turn
|
|-weather|Sandstorm|[upkeep]
|-damage|p2a: Dragapult|81/100|[from] Sandstorm
|-damage|p1a: Noivern|81/100|[from] Sandstorm
|upkeep
|turn|4
|
|t:|1758946127
|move|p2a: Dragapult|Dragon Darts|p1a: Noivern
|-supereffective|p1a: Noivern
|-damage|p1a: Noivern|0 fnt
|faint|p1a: Noivern
|
|-weather|Sandstorm|[upkeep]
|-damage|p2a: Dragapult|75/100|[from] Sandstorm
|upkeep
|
|t:|1758946129
|switch|p1a: Zapdos|Zapdos|100/100
|turn|5
|
|t:|1758946133
|move|p2a: Dragapult|Dragon Darts|p1a: Zapdos
|-damage|p1a: Zapdos|53/100
|-anim|p2a: Dragapult|Dragon Darts|p1a: Zapdos
|-damage|p1a: Zapdos|10/100
|move|p1a: Zapdos|Thunder Wave|p2a: Dragapult
|-status|p2a: Dragapult|par
|
|-weather|none
|upkeep
|turn|6
|
|t:|1758946138
|move|p1a: Zapdos|Volt Switch|p2a: Dragapult
|-resisted|p2a: Dragapult
|-damage|p2a: Dragapult|46/100 par
|
|t:|1758946148
|switch|p1a: Tyranitar|Tyranitar, M|29/100|[from] Volt Switch
|-weather|Sandstorm|[from] ability: Sand Stream|[of] p1a: Tyranitar
|move|p2a: Dragapult|Dragon Darts|p1a: Tyranitar
|-damage|p1a: Tyranitar|0 fnt
|faint|p1a: Tyranitar
|
|-weather|Sandstorm|[upkeep]
|-damage|p2a: Dragapult|40/100 par|[from] Sandstorm
|upkeep
|
|t:|1758946153
|switch|p1a: Garchomp|Garchomp, M|100/100
|turn|7
|
|t:|1758946156
|move|p1a: Garchomp|Scale Shot|p2a: Dragapult
|-supereffective|p2a: Dragapult
|-damage|p2a: Dragapult|6/100 par
|-supereffective|p2a: Dragapult
|-damage|p2a: Dragapult|0 fnt
|faint|p2a: Dragapult
|-hitcount|p2: Dragapult|2
|-unboost|p1a: Garchomp|def|1
|-boost|p1a: Garchomp|spe|1
|
|-weather|Sandstorm|[upkeep]
|upkeep
|
|t:|1758946160
|switch|p2a: Iron Valiant|Iron Valiant|100/100
|turn|8
|
|t:|1758946163
|move|p1a: Garchomp|Iron Head|p2a: Iron Valiant
|-supereffective|p2a: Iron Valiant
|-damage|p2a: Iron Valiant|33/100
|move|p2a: Iron Valiant|Spirit Break|p1a: Garchomp
|-supereffective|p1a: Garchomp
|-crit|p1a: Garchomp
|-damage|p1a: Garchomp|0 fnt
|-damage|p2a: Iron Valiant|20/100|[from] ability: Rough Skin|[of] p1a: Garchomp
|faint|p1a: Garchomp
|
|-weather|Sandstorm|[upkeep]
|-damage|p2a: Iron Valiant|14/100|[from] Sandstorm
|upkeep
|
|t:|1758946167
|switch|p1a: Ceruledge|Ceruledge, F|100/100
|turn|9
|
|t:|1758946174
|-end|p2a: Iron Valiant|Quark Drive|[silent]
|switch|p2a: Samurott|Samurott-Hisui, F|100/100
|move|p1a: Ceruledge|Swords Dance|p1a: Ceruledge
|-boost|p1a: Ceruledge|atk|2
|
|-weather|Sandstorm|[upkeep]
|-damage|p1a: Ceruledge|94/100|[from] Sandstorm
|-damage|p2a: Samurott|94/100|[from] Sandstorm
|upkeep
|turn|10
|
|t:|1758946180
|move|p1a: Ceruledge|Bitter Blade|p2a: Samurott
|-resisted|p2a: Samurott
|-crit|p2a: Samurott
|-damage|p2a: Samurott|20/100
|-heal|p1a: Ceruledge|100/100|[from] drain|[of] p2a: Samurott
|move|p2a: Samurott|Razor Shell|p1a: Ceruledge
|-supereffective|p1a: Ceruledge
|-enditem|p1a: Ceruledge|Focus Sash
|-damage|p1a: Ceruledge|1/100
|-ability|p1a: Ceruledge|Weak Armor|boost
|-unboost|p1a: Ceruledge|def|1
|-boost|p1a: Ceruledge|spe|2
|
|-weather|none
|upkeep
|turn|11
|
|t:|1758946194
|move|p1a: Ceruledge|Shadow Sneak|p2a: Samurott
|-resisted|p2a: Samurott
|-crit|p2a: Samurott
|-damage|p2a: Samurott|0 fnt
|faint|p2a: Samurott
|
|upkeep
|
|t:|1758946198
|switch|p2a: Scizor|Scizor, M|100/100
|turn|12
|
|t:|1758946204
|move|p1a: Ceruledge|Shadow Sneak|p2a: Scizor
|-damage|p2a: Scizor|57/100
|move|p2a: Scizor|Bullet Punch|p1a: Ceruledge
|-resisted|p1a: Ceruledge
|-damage|p1a: Ceruledge|0 fnt
|faint|p1a: Ceruledge
|
|upkeep
|
|t:|1758946207
|switch|p1a: Zapdos|Zapdos|10/100
|turn|13
|
|t:|1758946210
|-terastallize|p2a: Scizor|Steel
|move|p2a: Scizor|Bullet Punch|p1a: Zapdos
|-resisted|p1a: Zapdos
|-damage|p1a: Zapdos|0 fnt
|-status|p2a: Scizor|par|[from] ability: Static|[of] p1a: Zapdos
|faint|p1a: Zapdos
|
|upkeep
|
|t:|1758946219
|switch|p1a: Moltres|Moltres-Galar|100/100
|turn|14
|
|t:|1758946222
|-terastallize|p1a: Moltres|Stellar
|move|p2a: Scizor|Bullet Punch|p1a: Moltres
|-damage|p1a: Moltres|22/100
|-ability|p1a: Moltres|Berserk|boost
|-boost|p1a: Moltres|spa|1
|move|p1a: Moltres|Fiery Wrath|p2a: Scizor
|-damage|p2a: Scizor|0 fnt
|faint|p2a: Scizor
|
|upkeep
|
|t:|1758946230
|switch|p2a: Iron Valiant|Iron Valiant|14/100
|turn|15
|
|t:|1758946237
|move|p2a: Iron Valiant|Close Combat|p1a: Moltres
|-damage|p1a: Moltres|0 fnt
|-unboost|p2a: Iron Valiant|def|1
|-unboost|p2a: Iron Valiant|spd|1
|faint|p1a: Moltres
|
|win|4arms67
|raw|Voltaris33's rating: 1469 &rarr; <strong>1448</strong><br />(-21 for losing)
|raw|4arms67's rating: 1446 &rarr; <strong>1467</strong><br />(+21 for winning)
|l|☆Voltaris33
|player|p1|
|l|☆4arms67
|player|p2|
