|j|☆wholo
|j|☆squadfam96
|t:|1758972395
|gametype|singles
|player|p1|wholo|allister|1373
|player|p2|squadfam96|266|1354
|gen|9
|tier|[Gen 9] OU
|rated|
|rule|HP Percentage Mod: HP is shown in percentages
|rule|Endless Battle Clause: Forcing endless battles is banned
|rule|Species Clause: Limit one of each Pokémon
|rule|OHKO Clause: OHKO moves are banned
|rule|Evasion Items Clause: Evasion items are banned
|rule|Evasion Moves Clause: Evasion moves are banned
|rule|Evasion Abilities Clause: Evasion abilities are banned
|rule|Sleep Moves Clause: Sleep-inducing moves are banned
|clearpoke
|poke|p1|Dondozo, M|
|poke|p1|Blissey, F|
|poke|p1|Corviknight, M|
|poke|p1|Weezing-Galar, F|
|poke|p1|Gliscor, F|
|poke|p1|Toxapex, M|
|poke|p2|Golem-Alola, M|
|poke|p2|Quaquaval, M|
|poke|p2|Iron Moth|
|poke|p2|Hydrapple, F|
|poke|p2|Kingambit, M|
|poke|p2|Landorus-Therian, M|
|teampreview
|
|t:|1758972419
|teamsize|p1|6
|teamsize|p2|6
|start
|switch|p1a: Gliscor|Gliscor, F|100/100
|switch|p2a: Landorus|Landorus-Therian, M|100/100
|-ability|p2a: Landorus|Intimidate|boost
|-unboost|p1a: Gliscor|atk|1
|turn|1
|
|t:|1758972444
|-terastallize|p2a: Landorus|Ice
|move|p2a: Landorus|Tera Blast|p1a: Gliscor|[anim] Tera Blast Ice
|-supereffective|p1a: Gliscor
|-damage|p1a: Gliscor|0 fnt
|faint|p1a: Gliscor
|
|upkeep
|c|☆wholo|ok
|
|t:|1758972453
|switch|p1a: Corviknight|Corviknight, M|100/100
|-ability|p1a: Corviknight|Pressure
|turn|2
|inactive|Battle timer is ON: inactive players will automatically lose when time's up. (requested by squadfam96)
|c|☆squadfam96|lmao
|c|☆squadfam96|worth the risk
|
|t:|1758972481
|switch|p2a: Hydrapple|Hydrapple, F|100/100
|move|p1a: Corviknight|Iron Defense|p1a: Corviknight
|-boost|p1a: Corviknight|def|2
|
|upkeep
|turn|3
|
|t:|1758972487
|switch|p1a: Blissey|Blissey, F|100/100
|switch|p2a: Iron Moth|Iron Moth|100/100
|
|upkeep
|turn|4
|
|t:|1758972499
|-end|p2a: Iron Moth|Quark Drive|[silent]
|switch|p2a: Kingambit|Kingambit, M|100/100
|move|p1a: Blissey|Seismic Toss|p2a: Kingambit
|-damage|p2a: Kingambit|71/100
|
|-heal|p2a: Kingambit|77/100|[from] item: Leftovers
|upkeep
|turn|5
|
|t:|1758972506
|-end|p2a: Kingambit|fallenundefined|[silent]
|switch|p2a: Golem|Golem-Alola, M|100/100
|switch|p1a: Dondozo|Dondozo, M|100/100
|
|upkeep
|turn|6
|
|t:|1758972511
|switch|p1a: Weezing|Weezing-Galar, F|100/100
|-ability|p1a: Weezing|Neutralizing Gas
|move|p2a: Golem|Explosion|p1a: Weezing
|-crit|p1a: Weezing
|-damage|p1a: Weezing|9/100
|faint|p2a: Golem
|
|upkeep
|
|t:|1758972518
|switch|p2a: Quaquaval|Quaquaval, M, shiny|100/100
|turn|7
|c|☆wholo|that crit is annoying
|
|t:|1758972524
|-end|p1a: Weezing|ability: Neutralizing Gas
|switch|p1a: Dondozo|Dondozo, M|100/100
|move|p2a: Quaquaval|Aqua Step|p1a: Dondozo
|-resisted|p1a: Dondozo
|-damage|p1a: Dondozo|92/100
|-boost|p2a: Quaquaval|spe|1
|
|-heal|p1a: Dondozo|98/100|[from] item: Leftovers
|upkeep
|turn|8
|
|t:|1758972530
|switch|p2a: Hydrapple|Hydrapple, F|100/100
|move|p1a: Dondozo|Body Press|p2a: Hydrapple
|-damage|p2a: Hydrapple|78/100
|
|-heal|p1a: Dondozo|100/100|[from] item: Leftovers
|upkeep
|turn|9
|c|☆squadfam96|stall is annoying
|c|☆wholo|just put a hoopa on your squad idk
|
|t:|1758972553
|switch|p2a: Landorus|Landorus-Therian, M, tera:Ice|100/100
|-ability|p2a: Landorus|Intimidate|boost
|-unboost|p1a: Dondozo|atk|1
|switch|p1a: Blissey|Blissey, F|100/100
|
|upkeep
|turn|10
|
|t:|1758972561
|switch|p1a: Dondozo|Dondozo, M|100/100
|move|p2a: Landorus|Earthquake|p1a: Dondozo
|-damage|p1a: Dondozo|75/100
|
|-heal|p1a: Dondozo|81/100|[from] item: Leftovers
|upkeep
|turn|11
|
|t:|1758972584
|move|p2a: Landorus|Earthquake|p1a: Dondozo
|-damage|p1a: Dondozo|58/100
|move|p1a: Dondozo|Body Press|p2a: Landorus
|-supereffective|p2a: Landorus
|-crit|p2a: Landorus
|-damage|p2a: Landorus|9/100
|
|-heal|p1a: Dondozo|64/100|[from] item: Leftovers
|upkeep
|turn|12
|
|t:|1758972608
|switch|p2a: Hydrapple|Hydrapple, F|100/100
|move|p1a: Dondozo|Avalanche|p2a: Hydrapple
|-supereffective|p2a: Hydrapple
|-damage|p2a: Hydrapple|57/100
|
|-heal|p1a: Dondozo|70/100|[from] item: Leftovers
|upkeep
|turn|13
|
|t:|1758972614
|switch|p1a: Blissey|Blissey, F|100/100
|move|p2a: Hydrapple|Leaf Storm|p1a: Blissey
|-damage|p1a: Blissey|78/100
|-unboost|p2a: Hydrapple|spa|2
|
|-heal|p1a: Blissey|84/100|[from] item: Leftovers
|upkeep
|turn|14
|
|t:|1758972618
|switch|p2a: Landorus|Landorus-Therian, M, tera:Ice|9/100
|-ability|p2a: Landorus|Intimidate|boost
|-unboost|p1a: Blissey|atk|1
|move|p1a: Blissey|Stealth Rock|p2a: Landorus
|-sidestart|p2: squadfam96|move: Stealth Rock
|
|-heal|p1a: Blissey|90/100|[from] item: Leftovers
|upkeep
|turn|15
|
|t:|1758972623
|switch|p1a: Dondozo|Dondozo, M|70/100
|move|p2a: Landorus|U-turn|p1a: Dondozo
|-damage|p1a: Dondozo|58/100
|
|t:|1758972637
|switch|p2a: Quaquaval|Quaquaval, M, shiny|100/100|[from] U-turn
|-damage|p2a: Quaquaval|94/100|[from] Stealth Rock
|
|-heal|p2a: Quaquaval|100/100|[from] item: Leftovers
|-heal|p1a: Dondozo|64/100|[from] item: Leftovers
|upkeep
|turn|16
|
|t:|1758972642
|move|p2a: Quaquaval|Close Combat|p1a: Dondozo
|-damage|p1a: Dondozo|37/100
|-unboost|p2a: Quaquaval|def|1
|-unboost|p2a: Quaquaval|spd|1
|move|p1a: Dondozo|Rest|p1a: Dondozo
|-status|p1a: Dondozo|slp|[from] move: Rest
|-heal|p1a: Dondozo|100/100 slp|[silent]
|
|upkeep
|turn|17
|
|t:|1758972650
|move|p2a: Quaquaval|U-turn|p1a: Dondozo
|-damage|p1a: Dondozo|91/100 slp
|
|t:|1758972652
|switch|p2a: Hydrapple|Hydrapple, F|90/100|[from] U-turn
|-damage|p2a: Hydrapple|78/100|[from] Stealth Rock
|cant|p1a: Dondozo|slp
|move|p1a: Dondozo|Sleep Talk|p1a: Dondozo
|move|p1a: Dondozo|Rest||[from] move: Sleep Talk|[still]
|-fail|p1a: Dondozo
|
|-heal|p1a: Dondozo|97/100 slp|[from] item: Leftovers
|upkeep
|turn|18
|
|t:|1758972658
|switch|p1a: Blissey|Blissey, F|90/100
|move|p2a: Hydrapple|Leaf Storm|p1a: Blissey
|-damage|p1a: Blissey|70/100
|-unboost|p2a: Hydrapple|spa|2
|
|-heal|p1a: Blissey|76/100|[from] item: Leftovers
|upkeep
|turn|19
|
|t:|1758972674
|switch|p2a: Landorus|Landorus-Therian, M, tera:Ice|9/100
|-damage|p2a: Landorus|0 fnt|[from] Stealth Rock
|faint|p2a: Landorus
|move|p1a: Blissey|Seismic Toss|p2: Landorus|[notarget]
|-fail|p1a: Blissey
|
|-heal|p1a: Blissey|82/100|[from] item: Leftovers
|upkeep
|
|t:|1758972688
|switch|p2a: Quaquaval|Quaquaval, M, shiny|100/100
|-damage|p2a: Quaquaval|94/100|[from] Stealth Rock
|turn|20
|
|t:|1758972695
|switch|p1a: Toxapex|Toxapex, M|100/100
|move|p2a: Quaquaval|Close Combat|p1a: Toxapex
|-resisted|p1a: Toxapex
|-damage|p1a: Toxapex|78/100
|-unboost|p2a: Quaquaval|def|1
|-unboost|p2a: Quaquaval|spd|1
|
|-heal|p2a: Quaquaval|100/100|[from] item: Leftovers
|-heal|p1a: Toxapex|84/100|[from] item: Leftovers
|upkeep
|turn|21
|
|t:|1758972700
|move|p2a: Quaquaval|U-turn|p1a: Toxapex
|-resisted|p1a: Toxapex
|-damage|p1a: Toxapex|75/100
|
|t:|1758972704
|switch|p2a: Kingambit|Kingambit, M|77/100|[from] U-turn
|-damage|p2a: Kingambit|71/100|[from] Stealth Rock
|-activate|p2a: Kingambit|ability: Supreme Overlord
|-start|p2a: Kingambit|fallen2|[silent]
|move|p1a: Toxapex|Toxic|p2a: Kingambit
|-immune|p2a: Kingambit
|
|-heal|p2a: Kingambit|77/100|[from] item: Leftovers
|-heal|p1a: Toxapex|81/100|[from] item: Leftovers
|upkeep
|turn|22
|
|t:|1758972708
|switch|p1a: Corviknight|Corviknight, M|100/100
|-ability|p1a: Corviknight|Pressure
|move|p2a: Kingambit|Swords Dance|p2a: Kingambit
|-boost|p2a: Kingambit|atk|2
|
|-heal|p2a: Kingambit|83/100|[from] item: Leftovers
|upkeep
|turn|23
|
|t:|1758972715
|move|p2a: Kingambit|Kowtow Cleave|p1a: Corviknight
|-damage|p1a: Corviknight|27/100
|move|p1a: Corviknight|Iron Defense|p1a: Corviknight
|-boost|p1a: Corviknight|def|2
|
|-heal|p2a: Kingambit|90/100|[from] item: Leftovers
|-heal|p1a: Corviknight|33/100|[from] item: Leftovers
|upkeep
|turn|24
|
|t:|1758972724
|-terastallize|p1a: Corviknight|Fighting
|move|p2a: Kingambit|Kowtow Cleave|p1a: Corviknight
|-resisted|p1a: Corviknight
|-damage|p1a: Corviknight|16/100
|move|p1a: Corviknight|Roost|p1a: Corviknight
|-heal|p1a: Corviknight|66/100
|
|-heal|p2a: Kingambit|96/100|[from] item: Leftovers
|-heal|p1a: Corviknight|73/100|[from] item: Leftovers
|upkeep
|turn|25
|inactive|squadfam96 has 120 seconds left.
|
|t:|1758972765
|-end|p2a: Kingambit|fallen2|[silent]
|switch|p2a: Hydrapple|Hydrapple, F|100/100
|-damage|p2a: Hydrapple|88/100|[from] Stealth Rock
|move|p1a: Corviknight|Body Press|p2a: Hydrapple
|-crit|p2a: Hydrapple
|-damage|p2a: Hydrapple|0 fnt
|faint|p2a: Hydrapple
|
|-heal|p1a: Corviknight|79/100|[from] item: Leftovers
|upkeep
|c|☆squadfam96|gg
|-message|squadfam96 forfeited.
|
|win|wholo
|raw|wholo's rating: 1373 &rarr; <strong>1392</strong><br />(+19 for winning)
|raw|squadfam96's rating: 1354 &rarr; <strong>1335</strong><br />(-19 for losing)
|l|☆squadfam96
|player|p2|
|l|☆wholo
|player|p1|
