|badge|p1|silver|gen9ou|30-6
|html|<div class="broadcast-red"><strong>This battle is required to be public due to one or more player having a season medal.</strong><br />During the public phase, you can discuss the state of the ladder <a href="/seasondiscussion">in a special chatroom.</a></div>
|uhtml|medal-msg|<div class="broadcast-blue">Curious what those medals under the avatar are? PS now has Ladder Seasons! For more information, check out the <a href="https://www.smogon.com/forums/threads/3740067/">thread on Smogon.</a></div>
|raw|<div class="broadcast-blue"><strong>This battle is required to be public due to a player having a name starting with 'medal'.</div>
|j|☆LT124YH Ghoul
|j|☆chall torvikk
|t:|1758981649
|gametype|singles
|player|p1|LT124YH Ghoul|allister|1985
|player|p2|chall torvikk|gambler|1823
|gen|9
|tier|[Gen 9] OU
|rated|
|rule|HP Percentage Mod: HP is shown in percentages
|rule|Endless Battle Clause: Forcing endless battles is banned
|rule|Species Clause: Limit one of each Pokémon
|rule|OHKO Clause: OHKO moves are banned
|rule|Evasion Items Clause: Evasion items are banned
|rule|Evasion Moves Clause: Evasion moves are banned
|rule|Evasion Abilities Clause: Evasion abilities are banned
|rule|Sleep Moves Clause: Sleep-inducing moves are banned
|clearpoke
|poke|p1|Enamorus, F|
|poke|p1|Araquanid, F|
|poke|p1|Gholdengo|
|poke|p1|Iron Valiant|
|poke|p1|Kingambit, M|
|poke|p1|Great Tusk|
|poke|p2|Darkrai|
|poke|p2|Enamorus, F|
|poke|p2|Cinderace, F|
|poke|p2|Great Tusk|
|poke|p2|Alomomola, F|
|poke|p2|Amoonguss, F|
|teampreview
|inactive|Battle timer is ON: inactive players will automatically lose when time's up. (requested by LT124YH Ghoul)
|j| cynasaurus
|
|t:|1758981669
|teamsize|p1|6
|teamsize|p2|6
|start
|switch|p1a: Doc Seismic|Araquanid, F, shiny|100/100
|switch|p2a: Enamorus|Enamorus, F|100/100
|turn|1
|
|t:|1758981672
|move|p2a: Enamorus|Moonblast|p1a: Doc Seismic
|-damage|p1a: Doc Seismic|37/100
|move|p1a: Doc Seismic|Liquidation|p2a: Enamorus
|-damage|p2a: Enamorus|0 fnt
|faint|p2a: Enamorus
|
|upkeep
|j| Light SV
|
|t:|1758981691
|switch|p2a: Darkrai|Darkrai|100/100
|turn|2
|j| cryyysneasel
|inactive|LT124YH Ghoul has 120 seconds left.
|inactive|chall torvikk has 120 seconds left.
|inactive|LT124YH Ghoul has 90 seconds left.
|
|t:|1758981762
|move|p2a: Darkrai|Dark Pulse|p1a: Doc Seismic
|-damage|p1a: Doc Seismic|0 fnt
|faint|p1a: Doc Seismic
|
|upkeep
|
|t:|1758981772
|switch|p1a: Atom Eve|Iron Valiant|100/100
|-enditem|p1a: Atom Eve|Booster Energy
|-activate|p1a: Atom Eve|ability: Quark Drive|[fromitem]
|-start|p1a: Atom Eve|quarkdrivespa
|turn|3
|inactive|chall torvikk has 120 seconds left.
|
|t:|1758981790
|switch|p2a: Alomomola|Alomomola, F|100/100
|move|p1a: Atom Eve|Vacuum Wave|p2a: Alomomola
|-damage|p2a: Alomomola|88/100
|
|upkeep
|turn|4
|inactive|LT124YH Ghoul has 90 seconds left.
|
|t:|1758981805
|move|p1a: Atom Eve|Calm Mind|p1a: Atom Eve
|-boost|p1a: Atom Eve|spa|1
|-boost|p1a: Atom Eve|spd|1
|move|p2a: Alomomola|Flip Turn|p1a: Atom Eve
|-damage|p1a: Atom Eve|77/100
|j| ouww miguel o hara
|inactive|chall torvikk has 120 seconds left.
|
|t:|1758981827
|switch|p2a: Great Tusk|Great Tusk|100/100|[from] Flip Turn
|
|upkeep
|turn|5
|
|t:|1758981834
|move|p2a: Great Tusk|Headlong Rush|p1a: Atom Eve
|-damage|p1a: Atom Eve|0 fnt
|-unboost|p2a: Great Tusk|def|1
|-unboost|p2a: Great Tusk|spd|1
|faint|p1a: Atom Eve
|-end|p1a: Atom Eve|Quark Drive|[silent]
|
|upkeep
|
|t:|1758981838
|switch|p1a: Conquest|Enamorus, F|100/100
|turn|6
|
|t:|1758981841
|-end|p2a: Great Tusk|Protosynthesis|[silent]
|switch|p2a: Alomomola|Alomomola, F|100/100
|move|p1a: Conquest|Superpower|p2a: Alomomola
|-damage|p2a: Alomomola|66/100
|-boost|p1a: Conquest|atk|1
|-boost|p1a: Conquest|def|1
|
|upkeep
|turn|7
|inactive|chall torvikk has 120 seconds left.
|j| waffle04
|
|t:|1758981871
|move|p1a: Conquest|Substitute|p1a: Conquest
|-start|p1a: Conquest|Substitute
|-damage|p1a: Conquest|76/100
|move|p2a: Alomomola|Flip Turn|p1a: Conquest
|-activate|p1a: Conquest|move: Substitute|[damage]
|inactive|chall torvikk has 120 seconds left.
|
|t:|1758981884
|switch|p2a: Cinderace|Cinderace, F|100/100|[from] Flip Turn
|
|-heal|p1a: Conquest|82/100|[from] item: Leftovers
|upkeep
|turn|8
|
|t:|1758981888
|move|p2a: Cinderace|Pyro Ball|p1a: Conquest
|-end|p1a: Conquest|Substitute
|move|p1a: Conquest|Superpower|p2a: Cinderace
|-damage|p2a: Cinderace|28/100
|-boost|p1a: Conquest|atk|1
|-boost|p1a: Conquest|def|1
|
|-heal|p1a: Conquest|88/100|[from] item: Leftovers
|upkeep
|turn|9
|j| jrjddjdjdj
|
|t:|1758981893
|move|p2a: Cinderace|Pyro Ball|p1a: Conquest
|-damage|p1a: Conquest|22/100
|move|p1a: Conquest|Superpower|p2a: Cinderace
|-damage|p2a: Cinderace|0 fnt
|-boost|p1a: Conquest|atk|1
|-boost|p1a: Conquest|def|1
|faint|p2a: Cinderace
|
|-heal|p1a: Conquest|29/100|[from] item: Leftovers
|upkeep
|j| Disscratch
|c| waffle04|Scarf tusk + regualr rai
|
|t:|1758981906
|switch|p2a: Darkrai|Darkrai|100/100
|turn|10
|
|t:|1758981916
|move|p2a: Darkrai|Ice Beam|p1a: Conquest
|-supereffective|p1a: Conquest
|-damage|p1a: Conquest|0 fnt
|faint|p1a: Conquest
|
|upkeep
|inactive|LT124YH Ghoul has 120 seconds left.
|
|t:|1758981950
|switch|p1a: Invincible|Great Tusk|100/100
|-enditem|p1a: Invincible|Booster Energy
|-activate|p1a: Invincible|ability: Protosynthesis|[fromitem]
|-start|p1a: Invincible|protosynthesisspe
|turn|11
|
|t:|1758981969
|switch|p2a: Amoonguss|Amoonguss, F|100/100
|move|p1a: Invincible|Headlong Rush|p2a: Amoonguss
|-damage|p2a: Amoonguss|66/100
|-unboost|p1a: Invincible|def|1
|-unboost|p1a: Invincible|spd|1
|
|upkeep
|turn|12
|
|t:|1758981978
|-end|p1a: Invincible|Protosynthesis|[silent]
|switch|p1a: Robot|Gholdengo|100/100
|move|p2a: Amoonguss|Leaf Storm|p1a: Robot
|-resisted|p1a: Robot
|-damage|p1a: Robot|81/100
|-unboost|p2a: Amoonguss|spa|2
|-enditem|p2a: Amoonguss|Eject Pack
|
|t:|1758981986
|switch|p2a: Great Tusk|Great Tusk|100/100
|
|upkeep
|turn|13
|inactive|LT124YH Ghoul has 120 seconds left.
|
|t:|1758982038
|switch|p1a: Omni-Man|Kingambit, M|100/100
|-activate|p1a: Omni-Man|ability: Supreme Overlord
|-start|p1a: Omni-Man|fallen3|[silent]
|-item|p1a: Omni-Man|Air Balloon
|move|p2a: Great Tusk|Headlong Rush|p1a: Omni-Man
|-immune|p1a: Omni-Man
|
|upkeep
|turn|14
|
|t:|1758982052
|-end|p2a: Great Tusk|Protosynthesis|[silent]
|switch|p2a: Alomomola|Alomomola, F|99/100
|move|p1a: Omni-Man|Swords Dance|p1a: Omni-Man
|-boost|p1a: Omni-Man|atk|2
|
|upkeep
|turn|15
|
|t:|1758982059
|move|p1a: Omni-Man|Swords Dance|p1a: Omni-Man
|-boost|p1a: Omni-Man|atk|2
|move|p2a: Alomomola|Flip Turn|p1a: Omni-Man
|-damage|p1a: Omni-Man|87/100
|-enditem|p1a: Omni-Man|Air Balloon
|
|t:|1758982064
|switch|p2a: Great Tusk|Great Tusk|100/100|[from] Flip Turn
|
|upkeep
|turn|16
|
|t:|1758982089
|-terastallize|p1a: Omni-Man|Fighting
|move|p2a: Great Tusk|Headlong Rush|p1a: Omni-Man
|-damage|p1a: Omni-Man|33/100
|-unboost|p2a: Great Tusk|def|1
|-unboost|p2a: Great Tusk|spd|1
|move|p1a: Omni-Man|Low Kick|p2a: Great Tusk
|-damage|p2a: Great Tusk|0 fnt
|faint|p2a: Great Tusk
|-end|p2a: Great Tusk|Protosynthesis|[silent]
|
|upkeep
|inactive|chall torvikk has 120 seconds left.
|
|t:|1758982136
|switch|p2a: Darkrai|Darkrai|100/100
|turn|17
|
|t:|1758982152
|move|p2a: Darkrai|Sucker Punch|p1a: Omni-Man
|-resisted|p1a: Omni-Man
|-damage|p1a: Omni-Man|21/100
|move|p1a: Omni-Man|Low Kick|p2a: Darkrai
|-supereffective|p2a: Darkrai
|-damage|p2a: Darkrai|0 fnt
|faint|p2a: Darkrai
|
|upkeep
|-message|chall torvikk forfeited.
|
|win|LT124YH Ghoul
|raw|LT124YH Ghoul's rating: 1985 &rarr; <strong>1996</strong><br />(+11 for winning)
|raw|chall torvikk's rating: 1823 &rarr; <strong>1812</strong><br />(-11 for losing)
|l|☆chall torvikk
|player|p2|
