|j|☆MMQZA18
|j|☆UserJexx
|t:|1759035530
|gametype|singles
|player|p1|MMQZA18|fisherman-gen4|1497
|player|p2|UserJexx|lusamine-nihilego|1457
|gen|9
|tier|[Gen 9] OU
|rated|
|rule|HP Percentage Mod: HP is shown in percentages
|rule|Endless Battle Clause: Forcing endless battles is banned
|rule|Species Clause: Limit one of each Pokémon
|rule|OHKO Clause: OHKO moves are banned
|rule|Evasion Items Clause: Evasion items are banned
|rule|Evasion Moves Clause: Evasion moves are banned
|rule|Evasion Abilities Clause: Evasion abilities are banned
|rule|Sleep Moves Clause: Sleep-inducing moves are banned
|clearpoke
|poke|p1|Charizard, M|
|poke|p1|Torkoal, M|
|poke|p1|Hatterene, F|
|poke|p1|Great Tusk|
|poke|p1|Lilligant-Hisui, F|
|poke|p1|Walking Wake|
|poke|p2|Hatterene, F|
|poke|p2|Goodra-Hisui, F|
|poke|p2|Corviknight, M|
|poke|p2|Gastrodon-East, F|
|poke|p2|Ditto|
|poke|p2|Ceruledge, F|
|teampreview
|
|t:|1759035535
|teamsize|p1|6
|teamsize|p2|6
|start
|switch|p1a: 河内恭介|Torkoal, M|100/100
|switch|p2a: Respiration III|Gastrodon-East, F|100/100
|-weather|SunnyDay|[from] ability: Drought|[of] p1a: 河内恭介
|turn|1
|
|t:|1759035551
|switch|p1a: 梓川月乃|Hatterene, F|100/100
|move|p2a: Respiration III|Earth Power|p1a: 梓川月乃
|-damage|p1a: 梓川月乃|61/100
|-enditem|p1a: 梓川月乃|Eject Button
|
|t:|1759035559
|switch|p1a: 东和马|Charizard, M|100/100
|
|-weather|SunnyDay|[upkeep]
|-damage|p1a: 东和马|88/100|[from] ability: Solar Power|[of] p1a: 东和马
|upkeep
|turn|2
|
|t:|1759035575
|switch|p2a: Protection IV|Goodra-Hisui, F|100/100
|move|p1a: 东和马|Solar Beam||[still]
|-prepare|p1a: 东和马|Solar Beam
|-anim|p1a: 东和马|Solar Beam|p2a: Protection IV
|-ability|p2a: Protection IV|Sap Sipper|boost
|-boost|p2a: Protection IV|atk|1
|
|-weather|SunnyDay|[upkeep]
|-damage|p1a: 东和马|76/100|[from] ability: Solar Power|[of] p1a: 东和马
|upkeep
|turn|3
|
|t:|1759035584
|switch|p1a: 梓川月乃|Hatterene, F|61/100
|move|p2a: Protection IV|Draco Meteor|p1a: 梓川月乃
|-immune|p1a: 梓川月乃
|
|-weather|SunnyDay|[upkeep]
|upkeep
|turn|4
|
|t:|1759035598
|switch|p1a: 松代健|Great Tusk|100/100
|-activate|p1a: 松代健|ability: Protosynthesis
|-start|p1a: 松代健|protosynthesisatk
|move|p2a: Protection IV|Heavy Slam|p1a: 松代健
|-damage|p1a: 松代健|80/100
|
|-weather|SunnyDay|[upkeep]
|upkeep
|turn|5
|
|t:|1759035606
|-end|p1a: 松代健|Protosynthesis|[silent]
|switch|p1a: 东和马|Charizard, M|76/100
|switch|p2a: Thorns II|Corviknight, M|100/100
|-ability|p2a: Thorns II|Pressure
|
|-weather|SunnyDay|[upkeep]
|-damage|p1a: 东和马|63/100|[from] ability: Solar Power|[of] p1a: 东和马
|upkeep
|turn|6
|
|t:|1759035623
|switch|p2a: Sharpness V|Ceruledge, F|100/100
|move|p1a: 东和马|Flamethrower|p2a: Sharpness V
|-start|p2a: Sharpness V|ability: Flash Fire
|
|-weather|SunnyDay|[upkeep]
|-damage|p1a: 东和马|51/100|[from] ability: Solar Power|[of] p1a: 东和马
|upkeep
|turn|7
|
|t:|1759035639
|switch|p1a: 松代健|Great Tusk|80/100
|-activate|p1a: 松代健|ability: Protosynthesis
|-start|p1a: 松代健|protosynthesisatk
|move|p2a: Sharpness V|Bitter Blade|p1a: 松代健
|-damage|p1a: 松代健|6/100
|
|-weather|SunnyDay|[upkeep]
|upkeep
|turn|8
|
|t:|1759035650
|move|p2a: Sharpness V|Bitter Blade|p1a: 松代健
|-damage|p1a: 松代健|0 fnt
|faint|p1a: 松代健
|-end|p1a: 松代健|Protosynthesis|[silent]
|
|-weather|none
|upkeep
|
|t:|1759035667
|switch|p1a: 冠茂|Walking Wake|100/100
|turn|9
|
|t:|1759035698
|-end|p2a: Sharpness V|ability: Flash Fire|[silent]
|switch|p2a: Respiration III|Gastrodon-East, F|100/100
|-end|p1a: 冠茂|Protosynthesis|[silent]
|switch|p1a: 河内恭介|Torkoal, M|100/100
|-weather|SunnyDay|[from] ability: Drought|[of] p1a: 河内恭介
|
|-weather|SunnyDay|[upkeep]
|upkeep
|turn|10
|
|t:|1759035702
|move|p2a: Respiration III|Earth Power|p1a: 河内恭介
|-supereffective|p1a: 河内恭介
|-damage|p1a: 河内恭介|2/100
|move|p1a: 河内恭介|Stealth Rock|p2a: Respiration III
|-sidestart|p2: UserJexx|move: Stealth Rock
|
|-weather|SunnyDay|[upkeep]
|upkeep
|turn|11
|
|t:|1759035708
|switch|p1a: 东和马|Charizard, M|51/100
|move|p2a: Respiration III|Surf|p1a: 东和马
|-supereffective|p1a: 东和马
|-damage|p1a: 东和马|0 fnt
|faint|p1a: 东和马
|
|-weather|SunnyDay|[upkeep]
|upkeep
|
|t:|1759035711
|switch|p1a: 诹访原戒|Lilligant-Hisui, F|100/100
|turn|12
|
|t:|1759035735
|switch|p2a: Thorns II|Corviknight, M|100/100
|-damage|p2a: Thorns II|88/100|[from] Stealth Rock
|-ability|p2a: Thorns II|Pressure
|move|p1a: 诹访原戒|Close Combat|p2a: Thorns II
|-damage|p2a: Thorns II|24/100
|-unboost|p1a: 诹访原戒|def|1
|-unboost|p1a: 诹访原戒|spd|1
|-damage|p1a: 诹访原戒|84/100|[from] item: Rocky Helmet|[of] p2a: Thorns II
|-damage|p1a: 诹访原戒|74/100|[from] item: Life Orb
|
|-weather|SunnyDay|[upkeep]
|upkeep
|turn|13
|
|t:|1759035771
|move|p1a: 诹访原戒|Close Combat|p2a: Thorns II
|-damage|p2a: Thorns II|0 fnt
|-unboost|p1a: 诹访原戒|def|1
|-unboost|p1a: 诹访原戒|spd|1
|-damage|p1a: 诹访原戒|58/100|[from] item: Rocky Helmet|[of] p2a: Thorns II
|faint|p2a: Thorns II
|-damage|p1a: 诹访原戒|48/100|[from] item: Life Orb
|
|-weather|SunnyDay|[upkeep]
|upkeep
|
|t:|1759035774
|switch|p2a: Curse of Binding|Ditto|100/100
|-damage|p2a: Curse of Binding|88/100|[from] Stealth Rock
|-transform|p2a: Curse of Binding|p1a: 诹访原戒|[from] ability: Imposter
|turn|14
|
|t:|1759035779
|switch|p1a: 梓川月乃|Hatterene, F|61/100
|move|p2a: Curse of Binding|Solar Blade||[still]
|-prepare|p2a: Curse of Binding|Solar Blade
|-anim|p2a: Curse of Binding|Solar Blade|p1a: 梓川月乃
|-damage|p1a: 梓川月乃|2/100
|
|-weather|SunnyDay|[upkeep]
|upkeep
|turn|15
|
|t:|1759035789
|move|p2a: Curse of Binding|Solar Blade||[still]
|-prepare|p2a: Curse of Binding|Solar Blade
|-anim|p2a: Curse of Binding|Solar Blade|p1a: 梓川月乃
|-damage|p1a: 梓川月乃|0 fnt
|faint|p1a: 梓川月乃
|
|-weather|SunnyDay|[upkeep]
|upkeep
|
|t:|1759035791
|switch|p1a: 冠茂|Walking Wake|100/100
|-activate|p1a: 冠茂|ability: Protosynthesis
|-start|p1a: 冠茂|protosynthesisspe
|turn|16
|
|t:|1759035808
|switch|p2a: Respiration III|Gastrodon-East, F|100/100
|-damage|p2a: Respiration III|94/100|[from] Stealth Rock
|move|p1a: 冠茂|Draco Meteor|p2a: Respiration III
|-damage|p2a: Respiration III|1/100
|-unboost|p1a: 冠茂|spa|2
|
|-weather|none
|-end|p1a: 冠茂|Protosynthesis
|-heal|p2a: Respiration III|8/100|[from] item: Leftovers
|upkeep
|turn|17
|j| Durr plant100
|
|t:|1759035817
|-end|p1a: 冠茂|Protosynthesis|[silent]
|switch|p1a: 河内恭介|Torkoal, M|2/100
|-weather|SunnyDay|[from] ability: Drought|[of] p1a: 河内恭介
|-terastallize|p2a: Respiration III|Fairy
|move|p2a: Respiration III|Earth Power|p1a: 河内恭介
|-supereffective|p1a: 河内恭介
|-damage|p1a: 河内恭介|0 fnt
|faint|p1a: 河内恭介
|
|-weather|SunnyDay|[upkeep]
|-heal|p2a: Respiration III|14/100|[from] item: Leftovers
|upkeep
|
|t:|1759035822
|switch|p1a: 诹访原戒|Lilligant-Hisui, F|48/100
|turn|18
|l| Durr plant100
|
|t:|1759035843
|switch|p2a: Sharpness V|Ceruledge, F|100/100
|-damage|p2a: Sharpness V|76/100|[from] Stealth Rock
|move|p1a: 诹访原戒|Triple Axel|p2a: Sharpness V
|-resisted|p2a: Sharpness V
|-damage|p2a: Sharpness V|70/100
|-resisted|p2a: Sharpness V
|-damage|p2a: Sharpness V|58/100
|-resisted|p2a: Sharpness V
|-damage|p2a: Sharpness V|41/100
|-hitcount|p2a: Sharpness V|3
|-damage|p1a: 诹访原戒|38/100|[from] item: Life Orb
|
|-weather|SunnyDay|[upkeep]
|upkeep
|turn|19
|j| Durr plant100
|
|t:|1759035872
|move|p1a: 诹访原戒|Solar Blade||[still]
|-prepare|p1a: 诹访原戒|Solar Blade
|-anim|p1a: 诹访原戒|Solar Blade|p2a: Sharpness V
|-resisted|p2a: Sharpness V
|-damage|p2a: Sharpness V|0 fnt
|faint|p2a: Sharpness V
|-damage|p1a: 诹访原戒|29/100|[from] item: Life Orb
|
|-weather|SunnyDay|[upkeep]
|upkeep
|
|t:|1759035877
|switch|p2a: Curse of Binding|Ditto|88/100
|-damage|p2a: Curse of Binding|76/100|[from] Stealth Rock
|-transform|p2a: Curse of Binding|p1a: 诹访原戒|[from] ability: Imposter
|turn|20
|inactive|Battle timer is ON: inactive players will automatically lose when time's up. (requested by UserJexx)
|
|t:|1759035905
|switch|p1a: 冠茂|Walking Wake|100/100
|-activate|p1a: 冠茂|ability: Protosynthesis
|-start|p1a: 冠茂|protosynthesisspe
|move|p2a: Curse of Binding|Solar Blade||[still]
|-prepare|p2a: Curse of Binding|Solar Blade
|-anim|p2a: Curse of Binding|Solar Blade|p1a: 冠茂
|-damage|p1a: 冠茂|36/100
|
|-weather|SunnyDay|[upkeep]
|upkeep
|turn|21
|
|t:|1759035917
|switch|p2a: Respiration III|Gastrodon-East, F, tera:Fairy|14/100
|-damage|p2a: Respiration III|1/100|[from] Stealth Rock
|move|p1a: 冠茂|Flamethrower|p2a: Respiration III
|-damage|p2a: Respiration III|0 fnt
|faint|p2a: Respiration III
|
|-weather|SunnyDay|[upkeep]
|upkeep
|
|t:|1759035929
|switch|p2a: Looting II|Hatterene, F, shiny|100/100
|-damage|p2a: Looting II|88/100|[from] Stealth Rock
|turn|22
|
|t:|1759035941
|-end|p1a: 冠茂|Protosynthesis|[silent]
|switch|p1a: 诹访原戒|Lilligant-Hisui, F|29/100
|move|p2a: Looting II|Draining Kiss|p1a: 诹访原戒
|-supereffective|p1a: 诹访原戒
|-damage|p1a: 诹访原戒|0 fnt
|-heal|p2a: Looting II|100/100|[from] drain|[of] p1a: 诹访原戒
|faint|p1a: 诹访原戒
|
|-weather|SunnyDay|[upkeep]
|upkeep
|
|t:|1759035943
|switch|p1a: 冠茂|Walking Wake|36/100
|-activate|p1a: 冠茂|ability: Protosynthesis
|-start|p1a: 冠茂|protosynthesisspe
|turn|23
|
|t:|1759035952
|-terastallize|p1a: 冠茂|Water
|move|p1a: 冠茂|Hydro Steam|p2a: Looting II
|-damage|p2a: Looting II|0 fnt
|faint|p2a: Looting II
|
|-weather|SunnyDay|[upkeep]
|upkeep
|
|t:|1759035956
|switch|p2a: Protection IV|Goodra-Hisui, F|100/100
|-damage|p2a: Protection IV|94/100|[from] Stealth Rock
|turn|24
|
|t:|1759035964
|move|p1a: 冠茂|Hydro Steam|p2a: Protection IV
|-resisted|p2a: Protection IV
|-damage|p2a: Protection IV|69/100
|move|p2a: Protection IV|Draco Meteor|p1a: 冠茂
|-damage|p1a: 冠茂|0 fnt
|-unboost|p2a: Protection IV|spa|2
|faint|p1a: 冠茂
|-end|p1a: 冠茂|Protosynthesis|[silent]
|
|win|UserJexx
|raw|MMQZA18's rating: 1497 &rarr; <strong>1475</strong><br />(-22 for losing)
|raw|UserJexx's rating: 1457 &rarr; <strong>1479</strong><br />(+22 for winning)
|l|☆MMQZA18
|player|p1|
|l|☆UserJexx
|player|p2|
|l| Durr plant100
