|j|☆FOX lRL
|j|☆pipotron
|t:|1759063022
|gametype|singles
|player|p1|FOX lRL|170|1592
|player|p2|pipotron|266|1566
|gen|9
|tier|[Gen 9] OU
|rated|
|rule|HP Percentage Mod: HP is shown in percentages
|rule|Endless Battle Clause: Forcing endless battles is banned
|rule|Species Clause: Limit one of each Pokémon
|rule|OHKO Clause: OHKO moves are banned
|rule|Evasion Items Clause: Evasion items are banned
|rule|Evasion Moves Clause: Evasion moves are banned
|rule|Evasion Abilities Clause: Evasion abilities are banned
|rule|Sleep Moves Clause: Sleep-inducing moves are banned
|clearpoke
|poke|p1|Cresselia, F|
|poke|p1|Glastrier|
|poke|p1|Ursaluna, F|
|poke|p1|Hatterene, F|
|poke|p1|Kingambit, M|
|poke|p1|Torkoal, M|
|poke|p2|Gholdengo|
|poke|p2|Alomomola, F|
|poke|p2|Great Tusk|
|poke|p2|Landorus-Therian, M|
|poke|p2|Kyurem|
|poke|p2|Meowscarada, F|
|teampreview
|inactive|Battle timer is ON: inactive players will automatically lose when time's up. (requested by FOX lRL)
|
|t:|1759063044
|teamsize|p1|6
|teamsize|p2|6
|start
|switch|p1a: Hatterene|Hatterene, F|100/100
|switch|p2a: Meowscarada|Meowscarada, F|100/100
|turn|1
|
|t:|1759063051
|move|p2a: Meowscarada|Flower Trick|p1a: Hatterene
|-crit|p1a: Hatterene
|-damage|p1a: Hatterene|45/100
|move|p1a: Hatterene|Trick Room|p1a: Hatterene
|-fieldstart|move: Trick Room|[of] p1a: Hatterene
|
|upkeep
|turn|2
|
|t:|1759063056
|switch|p2a: Gholdengo|Gholdengo|100/100
|move|p1a: Hatterene|Misty Explosion|p2a: Gholdengo
|-resisted|p2a: Gholdengo
|-damage|p2a: Gholdengo|67/100
|faint|p1a: Hatterene
|
|upkeep
|
|t:|1759063058
|switch|p1a: BOMBA|Torkoal, M|100/100
|-weather|SunnyDay|[from] ability: Drought|[of] p1a: BOMBA
|turn|3
|
|t:|1759063063
|switch|p2a: Alomomola|Alomomola, F|100/100
|-terastallize|p1a: BOMBA|Fire
|move|p1a: BOMBA|Eruption|p2a: Alomomola
|-resisted|p2a: Alomomola
|-damage|p2a: Alomomola|60/100
|
|-weather|SunnyDay|[upkeep]
|upkeep
|turn|4
|
|t:|1759063075
|move|p1a: BOMBA|Eruption|p2a: Alomomola
|-resisted|p2a: Alomomola
|-damage|p2a: Alomomola|21/100
|move|p2a: Alomomola|Flip Turn|p1a: BOMBA
|-supereffective|p1a: BOMBA
|-damage|p1a: BOMBA|89/100
|
|t:|1759063083
|switch|p2a: Gholdengo|Gholdengo|67/100|[from] Flip Turn
|
|-weather|SunnyDay|[upkeep]
|upkeep
|turn|5
|j| Nikator98
|
|t:|1759063089
|move|p1a: BOMBA|Overheat|p2a: Gholdengo
|-supereffective|p2a: Gholdengo
|-damage|p2a: Gholdengo|0 fnt
|-unboost|p1a: BOMBA|spa|2
|faint|p2a: Gholdengo
|
|-weather|SunnyDay|[upkeep]
|-fieldend|move: Trick Room
|upkeep
|
|t:|1759063096
|switch|p2a: Kyurem|Kyurem|100/100
|-ability|p2a: Kyurem|Pressure
|turn|6
|l| Nikator98
|
|t:|1759063102
|switch|p1a: Ursaluna|Ursaluna, F|100/100
|move|p2a: Kyurem|Dragon Dance|p2a: Kyurem
|-boost|p2a: Kyurem|atk|1
|-boost|p2a: Kyurem|spe|1
|
|-weather|SunnyDay|[upkeep]
|-status|p1a: Ursaluna|brn|[from] item: Flame Orb
|upkeep
|turn|7
|
|t:|1759063111
|move|p2a: Kyurem|Icicle Spear|p1a: Ursaluna
|-supereffective|p1a: Ursaluna
|-damage|p1a: Ursaluna|72/100 brn
|-supereffective|p1a: Ursaluna
|-damage|p1a: Ursaluna|43/100 brn
|-supereffective|p1a: Ursaluna
|-damage|p1a: Ursaluna|12/100 brn
|-supereffective|p1a: Ursaluna
|-damage|p1a: Ursaluna|0 fnt
|faint|p1a: Ursaluna
|-hitcount|p1: Ursaluna|4
|
|-weather|none
|upkeep
|
|t:|1759063114
|switch|p1a: Cresselia|Cresselia, F|100/100
|turn|8
|
|t:|1759063117
|move|p2a: Kyurem|Icicle Spear|p1a: Cresselia
|-crit|p1a: Cresselia
|-damage|p1a: Cresselia|82/100
|-damage|p1a: Cresselia|70/100
|-damage|p1a: Cresselia|59/100
|-damage|p1a: Cresselia|48/100
|-hitcount|p1a: Cresselia|4
|move|p1a: Cresselia|Trick Room|p1a: Cresselia
|-fieldstart|move: Trick Room|[of] p1a: Cresselia
|
|upkeep
|turn|9
|
|t:|1759063124
|switch|p2a: Alomomola|Alomomola, F|54/100
|move|p1a: Cresselia|Lunar Dance|p1a: Cresselia
|faint|p1a: Cresselia
|
|upkeep
|
|t:|1759063129
|switch|p1a: Glastrier|Glastrier|100/100
|turn|10
|-message|FOX lRL forfeited.
|
|win|pipotron
|raw|FOX lRL's rating: 1592 &rarr; <strong>1571</strong><br />(-21 for losing)
|raw|pipotron's rating: 1566 &rarr; <strong>1587</strong><br />(+21 for winning)
|l|☆FOX lRL
|player|p1|
|l|☆pipotron
|player|p2|
|j| humphey8
|l| humphey8
