|badge|p1|bronze|gen9ou|100-6
|html|<div class="broadcast-red"><strong>This battle is required to be public due to one or more player having a season medal.</strong><br />During the public phase, you can discuss the state of the ladder <a href="/seasondiscussion">in a special chatroom.</a></div>
|uhtml|medal-msg|<div class="broadcast-blue">Curious what those medals under the avatar are? PS now has Ladder Seasons! For more information, check out the <a href="https://www.smogon.com/forums/threads/3740067/">thread on Smogon.</a></div>
|badge|p2|silver|gen9ou|30-6
|uhtml|medal-msg|<div class="broadcast-blue">Curious what those medals under the avatar are? PS now has Ladder Seasons! For more information, check out the <a href="https://www.smogon.com/forums/threads/3740067/">thread on Smogon.</a></div>
|raw|<div class="broadcast-blue"><strong>This battle is required to be public due to a player having a name starting with 'medal'.</div>
|j|☆MunchlaxTheGodKing
|j|☆send it to me
|t:|1758998504
|gametype|singles
|player|p1|MunchlaxTheGodKing|furisodegirl-black|1837
|player|p2|send it to me|musician|2030
|gen|9
|tier|[Gen 9] OU
|rated|
|rule|HP Percentage Mod: HP is shown in percentages
|rule|Endless Battle Clause: Forcing endless battles is banned
|rule|Species Clause: Limit one of each Pokémon
|rule|OHKO Clause: OHKO moves are banned
|rule|Evasion Items Clause: Evasion items are banned
|rule|Evasion Moves Clause: Evasion moves are banned
|rule|Evasion Abilities Clause: Evasion abilities are banned
|rule|Sleep Moves Clause: Sleep-inducing moves are banned
|clearpoke
|poke|p1|Zamazenta-*|
|poke|p1|Dragapult, M|
|poke|p1|Raging Bolt|
|poke|p1|Moltres|
|poke|p1|Iron Treads|
|poke|p1|Samurott-Hisui, M|
|poke|p2|Iron Valiant|
|poke|p2|Glimmora, F|
|poke|p2|Ogerpon-Wellspring, F|
|poke|p2|Landorus-Therian, M|
|poke|p2|Kingambit, M|
|poke|p2|Deoxys-Speed|
|teampreview
|inactive|Battle timer is ON: inactive players will automatically lose when time's up. (requested by MunchlaxTheGodKing)
|j| larp legion
|j| tiochicodobos
|j| shrek5baby
|
|t:|1758998524
|teamsize|p1|6
|teamsize|p2|6
|start
|switch|p1a: 踩踩背|Iron Treads|100/100
|switch|p2a: Landorus|Landorus-Therian, M|100/100
|-ability|p2a: Landorus|Intimidate|boost
|-unboost|p1a: 踩踩背|atk|1
|turn|1
|j| Rizzofreko
|inactive|send it to me has 120 seconds left.
|inactive|send it to me has 90 seconds left.
|
|t:|1758998611
|move|p2a: Landorus|Earthquake|p1a: 踩踩背
|-supereffective|p1a: 踩踩背
|-damage|p1a: 踩踩背|19/100
|move|p1a: 踩踩背|Stealth Rock|p2a: Landorus
|-sidestart|p2: send it to me|move: Stealth Rock
|
|-heal|p1a: 踩踩背|25/100|[from] item: Leftovers
|upkeep
|turn|2
|
|t:|1758998620
|-end|p1a: 踩踩背|Quark Drive|[silent]
|switch|p1a: 脑袋尖尖的|Zamazenta|100/100
|-ability|p1a: 脑袋尖尖的|Dauntless Shield|boost
|-boost|p1a: 脑袋尖尖的|def|1
|move|p2a: Landorus|Earthquake|p1a: 脑袋尖尖的
|-damage|p1a: 脑袋尖尖的|66/100
|
|upkeep
|turn|3
|
|t:|1758998624
|switch|p2a: Glimmora|Glimmora, F|100/100
|-damage|p2a: Glimmora|88/100|[from] Stealth Rock
|move|p1a: 脑袋尖尖的|Ice Fang|p2a: Glimmora
|-damage|p2a: Glimmora|66/100
|-activate|p2a: Glimmora|ability: Toxic Debris
|-sidestart|p1: MunchlaxTheGodKing|move: Toxic Spikes
|-enditem|p2a: Glimmora|Red Card|[of] p1a: 脑袋尖尖的
|drag|p1a: 长脖奶龙|Raging Bolt|100/100
|
|upkeep
|turn|4
|inactive|send it to me has 90 seconds left.
|
|t:|1758998634
|move|p1a: 长脖奶龙|Draco Meteor|p2a: Glimmora
|-damage|p2a: Glimmora|0 fnt
|-unboost|p1a: 长脖奶龙|spa|2
|faint|p2a: Glimmora
|
|upkeep
|inactive|send it to me has 90 seconds left.
|
|t:|1758998640
|switch|p2a: Iron Valiant|Iron Valiant|100/100
|-damage|p2a: Iron Valiant|94/100|[from] Stealth Rock
|-enditem|p2a: Iron Valiant|Booster Energy
|-activate|p2a: Iron Valiant|ability: Quark Drive|[fromitem]
|-start|p2a: Iron Valiant|quarkdrivespe
|turn|5
|
|t:|1758998644
|-end|p1a: 长脖奶龙|Protosynthesis|[silent]
|switch|p1a: Moltres|Moltres|100/100
|move|p2a: Iron Valiant|Swords Dance|p2a: Iron Valiant
|-boost|p2a: Iron Valiant|atk|2
|
|upkeep
|turn|6
|
|t:|1758998649
|move|p2a: Iron Valiant|Knock Off|p1a: Moltres
|-damage|p1a: Moltres|27/100
|-status|p2a: Iron Valiant|brn|[from] ability: Flame Body|[of] p1a: Moltres
|-enditem|p1a: Moltres|Heavy-Duty Boots|[from] move: Knock Off|[of] p2a: Iron Valiant
|move|p1a: Moltres|Hurricane|p2a: Iron Valiant
|-supereffective|p2a: Iron Valiant
|-damage|p2a: Iron Valiant|0 fnt
|faint|p2a: Iron Valiant
|-end|p2a: Iron Valiant|Quark Drive|[silent]
|
|upkeep
|
|t:|1758998653
|switch|p2a: Ogerpon|Ogerpon-Wellspring, F|100/100
|-damage|p2a: Ogerpon|88/100|[from] Stealth Rock
|turn|7
|
|t:|1758998663
|move|p2a: Ogerpon|Ivy Cudgel|p1a: Moltres|[anim] Ivy Cudgel Water
|-supereffective|p1a: Moltres
|-crit|p1a: Moltres
|-damage|p1a: Moltres|0 fnt
|faint|p1a: Moltres
|
|upkeep
|
|t:|1758998665
|switch|p1a: 脑袋尖尖的|Zamazenta|66/100
|-status|p1a: 脑袋尖尖的|psn
|turn|8
|
|t:|1758998679
|switch|p2a: Landorus|Landorus-Therian, M|100/100
|-damage|p2a: Landorus|88/100|[from] Stealth Rock
|-ability|p2a: Landorus|Intimidate|boost
|-unboost|p1a: 脑袋尖尖的|atk|1
|move|p1a: 脑袋尖尖的|Close Combat|p2a: Landorus
|-resisted|p2a: Landorus
|-damage|p2a: Landorus|57/100
|-unboost|p1a: 脑袋尖尖的|def|1
|-unboost|p1a: 脑袋尖尖的|spd|1
|-damage|p1a: 脑袋尖尖的|57/100 psn|[from] item: Life Orb
|
|-damage|p1a: 脑袋尖尖的|44/100 psn|[from] psn
|upkeep
|turn|9
|l| Rizzofreko
|inactive|send it to me has 120 seconds left.
|
|t:|1758998716
|switch|p1a: 踩踩背|Iron Treads|25/100
|switch|p2a: Ogerpon|Ogerpon-Wellspring, F|88/100
|-damage|p2a: Ogerpon|76/100|[from] Stealth Rock
|
|-heal|p1a: 踩踩背|31/100|[from] item: Leftovers
|upkeep
|turn|10
|
|t:|1758998725
|-end|p1a: 踩踩背|Quark Drive|[silent]
|switch|p1a: 24岁 喜欢发射孩子|Dragapult, M|100/100
|-status|p1a: 24岁 喜欢发射孩子|psn
|move|p2a: Ogerpon|Ivy Cudgel|p1a: 24岁 喜欢发射孩子|[anim] Ivy Cudgel Water
|-resisted|p1a: 24岁 喜欢发射孩子
|-damage|p1a: 24岁 喜欢发射孩子|58/100 psn
|
|-damage|p1a: 24岁 喜欢发射孩子|46/100 psn|[from] psn
|upkeep
|turn|11
|j| GirlFromBetelgeuse
|j| JD Doggin'
|j| cynasaurus
|inactive|send it to me has 90 seconds left.
|j| RedCharonKnight
|
|t:|1758998773
|move|p1a: 24岁 喜欢发射孩子|U-turn|p2a: Ogerpon
|-supereffective|p2a: Ogerpon
|-damage|p2a: Ogerpon|35/100
|
|t:|1758998777
|switch|p1a: 踩踩背|Iron Treads|31/100|[from] U-turn
|move|p2a: Ogerpon|Ivy Cudgel|p1a: 踩踩背|[anim] Ivy Cudgel Water
|-supereffective|p1a: 踩踩背
|-damage|p1a: 踩踩背|0 fnt
|faint|p1a: 踩踩背
|-end|p1a: 踩踩背|Quark Drive|[silent]
|
|upkeep
|j| IM AT MY LIMIT
|
|t:|1758998789
|switch|p1a: 24岁 喜欢发射孩子|Dragapult, M|46/100 psn
|turn|12
|inactive|send it to me has 90 seconds left.
|j| yrmpa
|j| greenandgrey77
|
|t:|1758998811
|switch|p2a: Landorus|Landorus-Therian, M|57/100
|-damage|p2a: Landorus|44/100|[from] Stealth Rock
|-ability|p2a: Landorus|Intimidate|boost
|-fail|p1a: 24岁 喜欢发射孩子|unboost|[from] ability: Clear Body|[of] p1a: 24岁 喜欢发射孩子
|move|p1a: 24岁 喜欢发射孩子|Shadow Ball|p2a: Landorus
|-damage|p2a: Landorus|3/100
|
|-damage|p1a: 24岁 喜欢发射孩子|34/100 psn|[from] psn
|upkeep
|turn|13
|
|t:|1758998815
|switch|p2a: Kingambit|Kingambit, M|100/100
|-damage|p2a: Kingambit|94/100|[from] Stealth Rock
|-activate|p2a: Kingambit|ability: Supreme Overlord
|-start|p2a: Kingambit|fallen2|[silent]
|move|p1a: 24岁 喜欢发射孩子|Shadow Ball|p2a: Kingambit
|-resisted|p2a: Kingambit
|-damage|p2a: Kingambit|69/100
|
|-heal|p2a: Kingambit|75/100|[from] item: Leftovers
|-damage|p1a: 24岁 喜欢发射孩子|21/100 psn|[from] psn
|upkeep
|turn|14
|inactive|send it to me has 90 seconds left.
|
|t:|1758998844
|switch|p1a: 脑袋尖尖的|Zamazenta|44/100 psn
|move|p2a: Kingambit|Swords Dance|p2a: Kingambit
|-boost|p2a: Kingambit|atk|2
|
|-heal|p2a: Kingambit|81/100|[from] item: Leftovers
|-damage|p1a: 脑袋尖尖的|32/100 psn|[from] psn
|upkeep
|turn|15
|
|t:|1758998848
|switch|p1a: 长脖奶龙|Raging Bolt|100/100
|move|p2a: Kingambit|Sucker Punch||[still]
|-fail|p2a: Kingambit
|
|-heal|p2a: Kingambit|87/100|[from] item: Leftovers
|upkeep
|turn|16
|
|t:|1758998856
|-terastallize|p1a: 长脖奶龙|Fairy
|move|p1a: 长脖奶龙|Volt Switch|p2a: Kingambit
|-damage|p2a: Kingambit|48/100
|
|t:|1758998861
|-end|p1a: 长脖奶龙|Protosynthesis|[silent]
|switch|p1a: 脑袋尖尖的|Zamazenta|32/100 psn|[from] Volt Switch
|move|p2a: Kingambit|Kowtow Cleave|p1a: 脑袋尖尖的
|-resisted|p1a: 脑袋尖尖的
|-damage|p1a: 脑袋尖尖的|0 fnt
|faint|p1a: 脑袋尖尖的
|
|-heal|p2a: Kingambit|55/100|[from] item: Leftovers
|upkeep
|
|t:|1758998863
|switch|p1a: 长脖奶龙|Raging Bolt, tera:Fairy|100/100
|turn|17
|
|t:|1758998874
|move|p1a: 长脖奶龙|Thunderbolt|p2a: Kingambit
|-damage|p2a: Kingambit|0 fnt
|faint|p2a: Kingambit
|-end|p2a: Kingambit|fallen2|[silent]
|
|upkeep
|j| Troodon_Jesus
|l| Troodon_Jesus
|
|t:|1758998886
|switch|p2a: Deoxys|Deoxys-Speed|100/100
|-damage|p2a: Deoxys|88/100|[from] Stealth Rock
|-ability|p2a: Deoxys|Pressure
|turn|18
|j| cryyysneasel
|l| yrmpa
|
|t:|1758998896
|switch|p2a: Ogerpon|Ogerpon-Wellspring, F|35/100
|-damage|p2a: Ogerpon|22/100|[from] Stealth Rock
|move|p1a: 长脖奶龙|Draco Meteor|p2a: Ogerpon
|-damage|p2a: Ogerpon|0 fnt
|-unboost|p1a: 长脖奶龙|spa|2
|faint|p2a: Ogerpon
|
|upkeep
|
|t:|1758998897
|switch|p2a: Deoxys|Deoxys-Speed|88/100
|-damage|p2a: Deoxys|76/100|[from] Stealth Rock
|-ability|p2a: Deoxys|Pressure
|turn|19
|
|t:|1758998900
|move|p2a: Deoxys|Nasty Plot|p2a: Deoxys
|-boost|p2a: Deoxys|spa|2
|move|p1a: 长脖奶龙|Volt Switch|p2a: Deoxys
|-damage|p2a: Deoxys|47/100
|
|t:|1758998902
|-end|p1a: 长脖奶龙|Protosynthesis|[silent]
|switch|p1a: 90%≠don't blunder|Samurott-Hisui, M|100/100|[from] Volt Switch
|-status|p1a: 90%≠don't blunder|psn
|
|-damage|p1a: 90%≠don't blunder|88/100 psn|[from] psn
|upkeep
|turn|20
|c|☆MunchlaxTheGodKing|ggwp
|inactive|send it to me has 120 seconds left.
|
|t:|1758998925
|move|p1a: 90%≠don't blunder|Aqua Jet|p2a: Deoxys
|-damage|p2a: Deoxys|6/100
|move|p2a: Deoxys|Recover|p2a: Deoxys
|-heal|p2a: Deoxys|56/100
|
|-damage|p1a: 90%≠don't blunder|76/100 psn|[from] psn
|upkeep
|turn|21
|inactive|send it to me has 120 seconds left.
|c|☆send it to me|early gg?
|c|☆send it to me|never a good idea
|c|☆MunchlaxTheGodKing|wow
|
|t:|1758998945
|move|p1a: 90%≠don't blunder|Aqua Jet|p2a: Deoxys
|-damage|p2a: Deoxys|11/100
|move|p2a: Deoxys|Recover|p2a: Deoxys
|-heal|p2a: Deoxys|61/100
|
|-damage|p1a: 90%≠don't blunder|63/100 psn|[from] psn
|upkeep
|turn|22
|
|t:|1758998958
|move|p1a: 90%≠don't blunder|Aqua Jet|p2a: Deoxys
|-damage|p2a: Deoxys|17/100
|move|p2a: Deoxys|Recover|p2a: Deoxys
|-heal|p2a: Deoxys|67/100
|
|-damage|p1a: 90%≠don't blunder|51/100 psn|[from] psn
|upkeep
|turn|23
|
|t:|1758998968
|move|p1a: 90%≠don't blunder|Aqua Jet|p2a: Deoxys
|-crit|p2a: Deoxys
|-damage|p2a: Deoxys|0 fnt
|faint|p2a: Deoxys
|
|-damage|p1a: 90%≠don't blunder|38/100 psn|[from] psn
|upkeep
|c|☆MunchlaxTheGodKing|sry
|inactive|send it to me has 120 seconds left.
|c|☆MunchlaxTheGodKing|sry
|c|☆MunchlaxTheGodKing|unluck
|c|☆send it to me|high roll crit ye
|c|☆send it to me|all good thats mons
|c|☆send it to me|gg
|inactive|send it to me has 90 seconds left.
|
|t:|1758999014
|switch|p2a: Landorus|Landorus-Therian, M|3/100
|-damage|p2a: Landorus|0 fnt|[from] Stealth Rock
|faint|p2a: Landorus
|
|win|MunchlaxTheGodKing
|raw|MunchlaxTheGodKing's rating: 1837 &rarr; <strong>1867</strong><br />(+30 for winning)
|raw|send it to me's rating: 2030 &rarr; <strong>2000</strong><br />(-30 for losing)
|l|☆send it to me
|player|p2|
|l|☆MunchlaxTheGodKing
|player|p1|
|l| JD Doggin'
|l| shrek5baby
|j|☆MunchlaxTheGodKing
|player|p1|MunchlaxTheGodKing|furisodegirl-black|
|l| IM AT MY LIMIT
|l| cynasaurus
|l| greenandgrey77
|l|☆MunchlaxTheGodKing
|player|p1|
|l| GirlFromBetelgeuse
|l| larp legion
|l| cryyysneasel
|l| RedCharonKnight
