|j|☆Trinoxity
|j|☆pokepeur
|t:|1758934341
|gametype|singles
|player|p1|Trinoxity|lance|1055
|player|p2|pokepeur|2|1056
|gen|9
|tier|[Gen 9] OU
|rated|
|rule|HP Percentage Mod: HP is shown in percentages
|rule|Endless Battle Clause: Forcing endless battles is banned
|rule|Species Clause: Limit one of each Pokémon
|rule|OHKO Clause: OHKO moves are banned
|rule|Evasion Items Clause: Evasion items are banned
|rule|Evasion Moves Clause: Evasion moves are banned
|rule|Evasion Abilities Clause: Evasion abilities are banned
|rule|Sleep Moves Clause: Sleep-inducing moves are banned
|clearpoke
|poke|p1|Iron Valiant|
|poke|p1|Rotom-Wash|
|poke|p1|Latios, M|
|poke|p1|Ting-Lu|
|poke|p1|Gholdengo|
|poke|p1|Hydreigon, M|
|poke|p2|Weezing-Galar, M|
|poke|p2|Hippowdon, F|
|poke|p2|Goodra-Hisui, F|
|poke|p2|Bisharp, F|
|poke|p2|Zapdos-Galar|
|poke|p2|Armarouge, M|
|teampreview
|inactive|Battle timer is ON: inactive players will automatically lose when time's up. (requested by pokepeur)
|
|t:|1758934387
|teamsize|p1|6
|teamsize|p2|6
|start
|switch|p1a: Au Tank|Gholdengo|100/100
|switch|p2a: Hippowdon|Hippowdon, F, shiny|100/100
|-item|p1a: Au Tank|Air Balloon
|-weather|Sandstorm|[from] ability: Sand Stream|[of] p2a: Hippowdon
|turn|1
|
|t:|1758934415
|move|p1a: Au Tank|Hex|p2a: Hippowdon
|-damage|p2a: Hippowdon|80/100
|move|p2a: Hippowdon|Stealth Rock|p1a: Au Tank
|-sidestart|p1: Trinoxity|move: Stealth Rock
|
|-weather|Sandstorm|[upkeep]
|-heal|p2a: Hippowdon|86/100|[from] item: Leftovers
|upkeep
|turn|2
|
|t:|1758934432
|move|p1a: Au Tank|Hex|p2a: Hippowdon
|-damage|p2a: Hippowdon|66/100
|move|p2a: Hippowdon|Slack Off|p2a: Hippowdon
|-heal|p2a: Hippowdon|100/100
|
|-weather|Sandstorm|[upkeep]
|upkeep
|turn|3
|
|t:|1758934448
|switch|p1a: Power creeper|Rotom-Wash|100/100
|-damage|p1a: Power creeper|88/100|[from] Stealth Rock
|move|p2a: Hippowdon|Slack Off||[still]
|-fail|p2a: Hippowdon|heal
|
|-weather|Sandstorm|[upkeep]
|-damage|p1a: Power creeper|82/100|[from] Sandstorm
|upkeep
|turn|4
|inactive|Trinoxity has 120 seconds left.
|
|t:|1758934469
|switch|p2a: Goodra|Goodra-Hisui, F, shiny|100/100
|move|p1a: Power creeper|Hydro Pump|p2a: Goodra
|-resisted|p2a: Goodra
|-damage|p2a: Goodra|88/100
|
|-weather|Sandstorm|[upkeep]
|-damage|p1a: Power creeper|75/100|[from] Sandstorm
|-heal|p2a: Goodra|94/100|[from] item: Leftovers
|upkeep
|turn|5
|inactive|Trinoxity has 120 seconds left.
|
|t:|1758934484
|move|p1a: Power creeper|Will-O-Wisp|p2a: Goodra
|-status|p2a: Goodra|brn
|move|p2a: Goodra|Dragon Tail|p1a: Power creeper
|-damage|p1a: Power creeper|68/100
|drag|p1a: Latios|Latios, M|100/100
|-damage|p1a: Latios|88/100|[from] Stealth Rock
|
|-weather|none
|-heal|p2a: Goodra|100/100 brn|[from] item: Leftovers
|-damage|p2a: Goodra|94/100 brn|[from] brn
|upkeep
|turn|6
|inactive|Trinoxity has 120 seconds left.
|
|t:|1758934502
|move|p1a: Latios|Trick|p2a: Goodra
|-activate|p1a: Latios|move: Trick|[of] p2a: Goodra
|-item|p2a: Goodra|Choice Scarf|[from] move: Trick
|-item|p1a: Latios|Leftovers|[from] move: Trick
|move|p2a: Goodra|Dragon Pulse|p1a: Latios
|-supereffective|p1a: Latios
|-damage|p1a: Latios|0 fnt
|faint|p1a: Latios
|
|-damage|p2a: Goodra|88/100 brn|[from] brn
|upkeep
|
|t:|1758934513
|switch|p1a: Goryeo’s 1st|Iron Valiant, shiny|100/100
|turn|7
|
|t:|1758934523
|switch|p2a: Weezing|Weezing-Galar, M, shiny|100/100
|move|p1a: Goryeo’s 1st|Knock Off|p2a: Weezing
|-resisted|p2a: Weezing
|-damage|p2a: Weezing|91/100
|-damage|p1a: Goryeo’s 1st|84/100|[from] item: Rocky Helmet|[of] p2a: Weezing
|-enditem|p2a: Weezing|Rocky Helmet|[from] move: Knock Off|[of] p1a: Goryeo’s 1st
|
|upkeep
|turn|8
|inactive|Trinoxity has 120 seconds left.
|
|t:|1758934540
|-end|p1a: Goryeo’s 1st|Quark Drive|[silent]
|switch|p1a: Au Tank|Gholdengo|100/100
|-damage|p1a: Au Tank|94/100|[from] Stealth Rock
|-item|p1a: Au Tank|Air Balloon
|move|p2a: Weezing|Strange Steam|p1a: Au Tank|[miss]
|-miss|p2a: Weezing|p1a: Au Tank
|
|upkeep
|turn|9
|
|t:|1758934554
|move|p1a: Au Tank|Make It Rain|p2a: Weezing
|-supereffective|p2a: Weezing
|-damage|p2a: Weezing|0 fnt
|-unboost|p1a: Au Tank|spa|1
|faint|p2a: Weezing
|
|upkeep
|-message|pokepeur forfeited.
|
|win|Trinoxity
|raw|Trinoxity's rating: 1055 &rarr; <strong>1087</strong><br />(+32 for winning)
|raw|pokepeur's rating: 1056 &rarr; <strong>1038</strong><br />(-18 for losing)
|l|☆pokepeur
|player|p2|
