|j|☆drenom
|j|☆JohnLowLadder'
|t:|1758946569
|gametype|singles
|player|p1|drenom|169|1648
|player|p2|JohnLowLadder'|youngster-gen6xy|1689
|gen|9
|tier|[Gen 9] OU
|rated|
|rule|HP Percentage Mod: HP is shown in percentages
|rule|Endless Battle Clause: Forcing endless battles is banned
|rule|Species Clause: Limit one of each Pokémon
|rule|OHKO Clause: OHKO moves are banned
|rule|Evasion Items Clause: Evasion items are banned
|rule|Evasion Moves Clause: Evasion moves are banned
|rule|Evasion Abilities Clause: Evasion abilities are banned
|rule|Sleep Moves Clause: Sleep-inducing moves are banned
|clearpoke
|poke|p1|Corviknight, M|
|poke|p1|Sinistcha|
|poke|p1|Muk-Alola, M|
|poke|p1|Kyurem|
|poke|p1|Dondozo, M|
|poke|p1|Clodsire, M|
|poke|p2|Landorus-Therian, M|
|poke|p2|Slowking-Galar, F|
|poke|p2|Great Tusk|
|poke|p2|Kyurem|
|poke|p2|Alomomola, F|
|poke|p2|Kingambit, M|
|teampreview
|
|t:|1758946578
|teamsize|p1|6
|teamsize|p2|6
|start
|switch|p1a: Kyurem|Kyurem|100/100
|switch|p2a: Slowking|Slowking-Galar, F|100/100
|-ability|p1a: Kyurem|Pressure
|turn|1
|
|t:|1758946582
|move|p1a: Kyurem|Substitute|p1a: Kyurem
|-start|p1a: Kyurem|Substitute
|-damage|p1a: Kyurem|76/100
|move|p2a: Slowking|Thunder Wave||[still]
|-fail|p2a: Slowking
|
|-heal|p1a: Kyurem|82/100|[from] item: Leftovers
|upkeep
|turn|2
|inactive|Battle timer is ON: inactive players will automatically lose when time's up. (requested by drenom)
|
|t:|1758946590
|move|p1a: Kyurem|Protect|p1a: Kyurem
|-singleturn|p1a: Kyurem|Protect
|move|p2a: Slowking|Future Sight|p1a: Kyurem
|-start|p2a: Slowking|move: Future Sight
|
|-heal|p1a: Kyurem|88/100|[from] item: Leftovers
|upkeep
|turn|3
|
|t:|1758946602
|move|p1a: Kyurem|Freeze-Dry|p2a: Slowking
|-damage|p2a: Slowking|81/100
|-prepare|p2a: Slowking|Chilly Reception|[premajor]
|move|p2a: Slowking|Chilly Reception|p2a: Slowking
|-weather|Snowscape
|
|t:|1758946607
|switch|p2a: Joe|Kingambit, M|100/100|[from] Chilly Reception
|
|-weather|Snowscape|[upkeep]
|-heal|p1a: Kyurem|94/100|[from] item: Leftovers
|upkeep
|turn|4
|
|t:|1758946613
|move|p1a: Kyurem|Protect|p1a: Kyurem
|-singleturn|p1a: Kyurem|Protect
|move|p2a: Joe|Swords Dance|p2a: Joe
|-boost|p2a: Joe|atk|2
|
|-weather|Snowscape|[upkeep]
|-end|p1a: Kyurem|move: Future Sight
|-end|p1a: Kyurem|Substitute
|-heal|p1a: Kyurem|99/100|[from] item: Leftovers
|upkeep
|turn|5
|
|t:|1758946621
|move|p1a: Kyurem|Substitute|p1a: Kyurem
|-start|p1a: Kyurem|Substitute
|-damage|p1a: Kyurem|75/100
|move|p2a: Joe|Low Kick|p1a: Kyurem
|-supereffective|p1a: Kyurem
|-end|p1a: Kyurem|Substitute
|
|-weather|Snowscape|[upkeep]
|-heal|p1a: Kyurem|82/100|[from] item: Leftovers
|upkeep
|turn|6
|
|t:|1758946626
|move|p1a: Kyurem|Substitute|p1a: Kyurem
|-start|p1a: Kyurem|Substitute
|-damage|p1a: Kyurem|57/100
|move|p2a: Joe|Kowtow Cleave|p1a: Kyurem
|-end|p1a: Kyurem|Substitute
|
|-weather|Snowscape|[upkeep]
|-heal|p1a: Kyurem|63/100|[from] item: Leftovers
|upkeep
|turn|7
|
|t:|1758946630
|move|p1a: Kyurem|Substitute|p1a: Kyurem
|-start|p1a: Kyurem|Substitute
|-damage|p1a: Kyurem|38/100
|move|p2a: Joe|Low Kick|p1a: Kyurem
|-supereffective|p1a: Kyurem
|-end|p1a: Kyurem|Substitute
|
|-weather|none
|-heal|p1a: Kyurem|44/100|[from] item: Leftovers
|upkeep
|turn|8
|
|t:|1758946637
|move|p1a: Kyurem|Protect|p1a: Kyurem
|-singleturn|p1a: Kyurem|Protect
|move|p2a: Joe|Swords Dance|p2a: Joe
|-boost|p2a: Joe|atk|2
|
|-heal|p1a: Kyurem|50/100|[from] item: Leftovers
|upkeep
|turn|9
|
|t:|1758946643
|switch|p1a: Sinistcha|Sinistcha|100/100
|move|p2a: Joe|Kowtow Cleave|p1a: Sinistcha
|-supereffective|p1a: Sinistcha
|-damage|p1a: Sinistcha|0 fnt
|faint|p1a: Sinistcha
|
|upkeep
|
|t:|1758946647
|switch|p1a: Kyurem|Kyurem|50/100
|-ability|p1a: Kyurem|Pressure
|turn|10
|
|t:|1758946653
|-end|p2a: Joe|fallenundefined|[silent]
|switch|p2a: Kyurem|Kyurem|100/100
|-ability|p2a: Kyurem|Pressure
|move|p1a: Kyurem|Substitute|p1a: Kyurem
|-start|p1a: Kyurem|Substitute
|-damage|p1a: Kyurem|26/100
|
|-heal|p1a: Kyurem|32/100|[from] item: Leftovers
|upkeep
|turn|11
|
|t:|1758946656
|move|p1a: Kyurem|Protect|p1a: Kyurem
|-singleturn|p1a: Kyurem|Protect
|move|p2a: Kyurem|Ice Beam|p1a: Kyurem
|-activate|p1a: Kyurem|move: Protect
|
|-heal|p1a: Kyurem|38/100|[from] item: Leftovers
|upkeep
|turn|12
|
|t:|1758946663
|move|p2a: Kyurem|Ice Beam|p1a: Kyurem
|-end|p1a: Kyurem|Substitute
|move|p1a: Kyurem|Freeze-Dry|p2a: Kyurem
|-damage|p2a: Kyurem|70/100
|
|-heal|p1a: Kyurem|44/100|[from] item: Leftovers
|upkeep
|turn|13
|
|t:|1758946672
|move|p1a: Kyurem|Protect|p1a: Kyurem
|-singleturn|p1a: Kyurem|Protect
|move|p2a: Kyurem|Ice Beam|p1a: Kyurem
|-activate|p1a: Kyurem|move: Protect
|
|-heal|p1a: Kyurem|50/100|[from] item: Leftovers
|upkeep
|turn|14
|
|t:|1758946680
|switch|p1a: Muk|Muk-Alola, M|100/100
|move|p2a: Kyurem|Ice Beam|p1a: Muk
|-damage|p1a: Muk|77/100
|
|upkeep
|turn|15
|
|t:|1758946689
|switch|p2a: Great Tusk|Great Tusk|100/100
|move|p1a: Muk|Knock Off|p2a: Great Tusk
|-resisted|p2a: Great Tusk
|-damage|p2a: Great Tusk|88/100
|-status|p2a: Great Tusk|psn|[from] ability: Poison Touch|[of] p1a: Muk
|-enditem|p2a: Great Tusk|Heavy-Duty Boots|[from] move: Knock Off|[of] p1a: Muk
|
|-damage|p2a: Great Tusk|75/100 psn|[from] psn
|upkeep
|turn|16
|
|t:|1758946695
|switch|p1a: Corviknight|Corviknight, M|100/100
|-ability|p1a: Corviknight|Pressure
|move|p2a: Great Tusk|Knock Off|p1a: Corviknight
|-damage|p1a: Corviknight|81/100
|-damage|p2a: Great Tusk|59/100 psn|[from] item: Rocky Helmet|[of] p1a: Corviknight
|-enditem|p1a: Corviknight|Rocky Helmet|[from] move: Knock Off|[of] p2a: Great Tusk
|
|-damage|p2a: Great Tusk|46/100 psn|[from] psn
|upkeep
|turn|17
|
|t:|1758946701
|-end|p2a: Great Tusk|Protosynthesis|[silent]
|switch|p2a: Slowking|Slowking-Galar, F|100/100
|move|p1a: Corviknight|U-turn|p2a: Slowking
|-damage|p2a: Slowking|84/100
|
|t:|1758946706
|switch|p1a: Kyurem|Kyurem|50/100|[from] U-turn
|-ability|p1a: Kyurem|Pressure
|
|-heal|p1a: Kyurem|56/100|[from] item: Leftovers
|upkeep
|turn|18
|
|t:|1758946711
|move|p1a: Kyurem|Protect|p1a: Kyurem
|-singleturn|p1a: Kyurem|Protect
|move|p2a: Slowking|Future Sight|p1a: Kyurem
|-start|p2a: Slowking|move: Future Sight
|
|-heal|p1a: Kyurem|62/100|[from] item: Leftovers
|upkeep
|turn|19
|
|t:|1758946715
|move|p1a: Kyurem|Substitute|p1a: Kyurem
|-start|p1a: Kyurem|Substitute
|-damage|p1a: Kyurem|38/100
|-prepare|p2a: Slowking|Chilly Reception|[premajor]
|move|p2a: Slowking|Chilly Reception|p2a: Slowking
|-weather|Snowscape
|
|t:|1758946717
|switch|p2a: Joe|Kingambit, M|100/100|[from] Chilly Reception
|
|-weather|Snowscape|[upkeep]
|-heal|p1a: Kyurem|44/100|[from] item: Leftovers
|upkeep
|turn|20
|
|t:|1758946721
|move|p1a: Kyurem|Body Press|p2a: Joe
|-supereffective|p2a: Joe
|-damage|p2a: Joe|20/100
|move|p2a: Joe|Kowtow Cleave|p1a: Kyurem
|-activate|p1a: Kyurem|move: Substitute|[damage]
|
|-weather|Snowscape|[upkeep]
|-end|p1a: Kyurem|move: Future Sight
|-end|p1a: Kyurem|Substitute
|-heal|p1a: Kyurem|50/100|[from] item: Leftovers
|-heal|p2a: Joe|26/100|[from] item: Leftovers
|upkeep
|turn|21
|
|t:|1758946733
|-end|p2a: Joe|fallenundefined|[silent]
|switch|p2a: Slowking|Slowking-Galar, F|100/100
|move|p1a: Kyurem|Substitute|p1a: Kyurem
|-start|p1a: Kyurem|Substitute
|-damage|p1a: Kyurem|25/100
|
|-weather|Snowscape|[upkeep]
|-heal|p1a: Kyurem|31/100|[from] item: Leftovers
|upkeep
|turn|22
|
|t:|1758946736
|move|p1a: Kyurem|Freeze-Dry|p2a: Slowking
|-damage|p2a: Slowking|83/100
|move|p2a: Slowking|Future Sight|p1a: Kyurem
|-start|p2a: Slowking|move: Future Sight
|
|-weather|Snowscape|[upkeep]
|-heal|p1a: Kyurem|37/100|[from] item: Leftovers
|upkeep
|turn|23
|
|t:|1758946742
|move|p1a: Kyurem|Freeze-Dry|p2a: Slowking
|-damage|p2a: Slowking|64/100
|move|p2a: Slowking|Ice Beam|p1a: Kyurem
|-activate|p1a: Kyurem|move: Substitute|[damage]
|
|-weather|none
|-heal|p1a: Kyurem|43/100|[from] item: Leftovers
|upkeep
|turn|24
|
|t:|1758946749
|move|p1a: Kyurem|Freeze-Dry|p2a: Slowking
|-damage|p2a: Slowking|44/100
|-prepare|p2a: Slowking|Chilly Reception|[premajor]
|move|p2a: Slowking|Chilly Reception|p2a: Slowking
|-weather|Snowscape
|
|t:|1758946751
|switch|p2a: Landorus|Landorus-Therian, M, shiny|100/100|[from] Chilly Reception
|-ability|p2a: Landorus|Intimidate|boost
|-immune|p1a: Kyurem
|
|-weather|Snowscape|[upkeep]
|-end|p1a: Kyurem|move: Future Sight
|-end|p1a: Kyurem|Substitute
|-heal|p1a: Kyurem|50/100|[from] item: Leftovers
|upkeep
|turn|25
|
|t:|1758946758
|move|p1a: Kyurem|Protect|p1a: Kyurem
|-singleturn|p1a: Kyurem|Protect
|move|p2a: Landorus|Stone Edge|p1a: Kyurem
|-activate|p1a: Kyurem|move: Protect
|
|-weather|Snowscape|[upkeep]
|-heal|p1a: Kyurem|56/100|[from] item: Leftovers
|upkeep
|turn|26
|
|t:|1758946766
|move|p2a: Landorus|Stone Edge|p1a: Kyurem
|-supereffective|p1a: Kyurem
|-damage|p1a: Kyurem|19/100
|move|p1a: Kyurem|Freeze-Dry|p2a: Landorus
|-supereffective|p2a: Landorus
|-damage|p2a: Landorus|0 fnt
|faint|p2a: Landorus
|
|-weather|Snowscape|[upkeep]
|-heal|p1a: Kyurem|26/100|[from] item: Leftovers
|upkeep
|
|t:|1758946769
|switch|p2a: Kyurem|Kyurem|70/100
|-ability|p2a: Kyurem|Pressure
|turn|27
|
|t:|1758946774
|move|p1a: Kyurem|Protect|p1a: Kyurem
|-singleturn|p1a: Kyurem|Protect
|move|p2a: Kyurem|Ice Beam|p1a: Kyurem
|-activate|p1a: Kyurem|move: Protect
|
|-weather|Snowscape|[upkeep]
|-heal|p1a: Kyurem|32/100|[from] item: Leftovers
|upkeep
|turn|28
|
|t:|1758946782
|switch|p1a: Muk|Muk-Alola, M|77/100
|move|p2a: Kyurem|Blizzard|p1a: Muk
|-damage|p1a: Muk|51/100
|
|-weather|none
|upkeep
|turn|29
|
|t:|1758946789
|switch|p2a: Alomomola|Alomomola, F|100/100
|move|p1a: Muk|Knock Off|p2a: Alomomola
|-damage|p2a: Alomomola|79/100
|-enditem|p2a: Alomomola|Heavy-Duty Boots|[from] move: Knock Off|[of] p1a: Muk
|
|upkeep
|turn|30
|
|t:|1758946792
|switch|p1a: Clodsire|Clodsire, M|100/100
|move|p2a: Alomomola|Wish|p2a: Alomomola
|
|upkeep
|turn|31
|
|t:|1758946796
|switch|p2a: Great Tusk|Great Tusk|46/100 psn
|move|p1a: Clodsire|Stealth Rock|p2a: Great Tusk
|-sidestart|p2: JohnLowLadder'|move: Stealth Rock
|
|-heal|p2a: Great Tusk|100/100 psn|[from] move: Wish|[wisher] Alomomola
|-damage|p2a: Great Tusk|88/100 psn|[from] psn
|upkeep
|turn|32
|
|t:|1758946801
|switch|p1a: Corviknight|Corviknight, M|81/100
|-ability|p1a: Corviknight|Pressure
|move|p2a: Great Tusk|Rapid Spin|p1a: Corviknight
|-resisted|p1a: Corviknight
|-damage|p1a: Corviknight|76/100
|-boost|p2a: Great Tusk|spe|1
|-sideend|p2: JohnLowLadder'|Stealth Rock|[from] move: Rapid Spin|[of] p2a: Great Tusk
|
|-damage|p2a: Great Tusk|76/100 psn|[from] psn
|upkeep
|turn|33
|
|t:|1758946807
|switch|p1a: Kyurem|Kyurem|32/100
|-ability|p1a: Kyurem|Pressure
|move|p2a: Great Tusk|Stealth Rock|p1a: Kyurem
|-sidestart|p1: drenom|move: Stealth Rock
|
|-heal|p1a: Kyurem|38/100|[from] item: Leftovers
|-damage|p2a: Great Tusk|63/100 psn|[from] psn
|upkeep
|turn|34
|
|t:|1758946822
|move|p1a: Kyurem|Protect|p1a: Kyurem
|-singleturn|p1a: Kyurem|Protect
|move|p2a: Great Tusk|Headlong Rush|p1a: Kyurem
|-activate|p1a: Kyurem|move: Protect
|
|-heal|p1a: Kyurem|44/100|[from] item: Leftovers
|-damage|p2a: Great Tusk|51/100 psn|[from] psn
|upkeep
|turn|35
|
|t:|1758946832
|-end|p2a: Great Tusk|Protosynthesis|[silent]
|switch|p2a: Kyurem|Kyurem|70/100
|-ability|p2a: Kyurem|Pressure
|switch|p1a: Corviknight|Corviknight, M|76/100
|-damage|p1a: Corviknight|64/100|[from] Stealth Rock
|-ability|p1a: Corviknight|Pressure
|
|upkeep
|turn|36
|
|t:|1758946839
|-terastallize|p2a: Kyurem|Ice
|move|p2a: Kyurem|Blizzard|p1a: Corviknight
|-damage|p1a: Corviknight|0 fnt
|faint|p1a: Corviknight
|
|upkeep
|
|t:|1758946845
|switch|p1a: Kyurem|Kyurem|44/100
|-damage|p1a: Kyurem|19/100|[from] Stealth Rock
|-ability|p1a: Kyurem|Pressure
|turn|37
|
|t:|1758946848
|move|p2a: Kyurem|Earth Power|p1a: Kyurem
|-damage|p1a: Kyurem|0 fnt
|faint|p1a: Kyurem
|
|upkeep
|inactive|drenom has 120 seconds left.
|
|t:|1758946885
|switch|p1a: Muk|Muk-Alola, M|51/100
|-damage|p1a: Muk|39/100|[from] Stealth Rock
|turn|38
|
|t:|1758946896
|switch|p2a: Great Tusk|Great Tusk|51/100 psn
|move|p1a: Muk|Knock Off|p2a: Great Tusk
|-resisted|p2a: Great Tusk
|-damage|p2a: Great Tusk|43/100 psn
|
|-damage|p2a: Great Tusk|30/100 psn|[from] psn
|upkeep
|turn|39
|
|t:|1758946906
|move|p2a: Great Tusk|Headlong Rush|p1a: Muk
|-supereffective|p1a: Muk
|-damage|p1a: Muk|0 fnt
|-unboost|p2a: Great Tusk|def|1
|-unboost|p2a: Great Tusk|spd|1
|faint|p1a: Muk
|
|-damage|p2a: Great Tusk|18/100 psn|[from] psn
|upkeep
|
|t:|1758946909
|switch|p1a: Dondozo|Dondozo, M|100/100
|-damage|p1a: Dondozo|88/100|[from] Stealth Rock
|turn|40
|
|t:|1758946912
|-end|p2a: Great Tusk|Protosynthesis|[silent]
|switch|p2a: Alomomola|Alomomola, F|100/100
|move|p1a: Dondozo|Curse|p1a: Dondozo
|-unboost|p1a: Dondozo|spe|1
|-boost|p1a: Dondozo|atk|1
|-boost|p1a: Dondozo|def|1
|
|-heal|p1a: Dondozo|94/100|[from] item: Leftovers
|upkeep
|turn|41
|inactive|drenom has 120 seconds left.
|inactive|drenom has 90 seconds left.
|
|t:|1758946984
|move|p2a: Alomomola|Tickle|p1a: Dondozo
|-unboost|p1a: Dondozo|atk|1
|-unboost|p1a: Dondozo|def|1
|move|p1a: Dondozo|Curse|p1a: Dondozo
|-unboost|p1a: Dondozo|spe|1
|-boost|p1a: Dondozo|atk|1
|-boost|p1a: Dondozo|def|1
|
|-heal|p1a: Dondozo|99/100|[from] item: Leftovers
|upkeep
|turn|42
|
|t:|1758946989
|switch|p1a: Clodsire|Clodsire, M|100/100
|-damage|p1a: Clodsire|94/100|[from] Stealth Rock
|move|p2a: Alomomola|Tickle|p1a: Clodsire
|-unboost|p1a: Clodsire|atk|1
|-unboost|p1a: Clodsire|def|1
|
|-heal|p1a: Clodsire|100/100|[from] item: Black Sludge
|upkeep
|turn|43
|
|t:|1758946996
|move|p2a: Alomomola|Wish|p2a: Alomomola
|move|p1a: Clodsire|Stealth Rock|p2a: Alomomola
|-sidestart|p2: JohnLowLadder'|move: Stealth Rock
|
|upkeep
|turn|44
|
|t:|1758947004
|switch|p2a: Kyurem|Kyurem, tera:Ice|70/100
|-damage|p2a: Kyurem|45/100|[from] Stealth Rock
|-ability|p2a: Kyurem|Pressure
|move|p1a: Clodsire|Earthquake|p2a: Kyurem
|-damage|p2a: Kyurem|27/100
|
|-heal|p2a: Kyurem|87/100|[from] move: Wish|[wisher] Alomomola
|upkeep
|turn|45
|
|t:|1758947008
|move|p2a: Kyurem|Ice Beam|p1a: Clodsire
|-supereffective|p1a: Clodsire
|-damage|p1a: Clodsire|27/100
|move|p1a: Clodsire|Toxic|p2a: Kyurem
|-status|p2a: Kyurem|tox
|
|-heal|p1a: Clodsire|33/100|[from] item: Black Sludge
|-damage|p2a: Kyurem|81/100 tox|[from] psn
|upkeep
|turn|46
|
|t:|1758947011
|switch|p1a: Dondozo|Dondozo, M|99/100
|-damage|p1a: Dondozo|88/100|[from] Stealth Rock
|move|p2a: Kyurem|Freeze-Dry|p1a: Dondozo
|-supereffective|p1a: Dondozo
|-damage|p1a: Dondozo|15/100
|
|-heal|p1a: Dondozo|21/100|[from] item: Leftovers
|-damage|p2a: Kyurem|68/100 tox|[from] psn
|upkeep
|turn|47
|
|t:|1758947022
|move|p2a: Kyurem|Ice Beam|p1a: Dondozo
|-resisted|p1a: Dondozo
|-crit|p1a: Dondozo
|-damage|p1a: Dondozo|0 fnt
|faint|p1a: Dondozo
|
|-damage|p2a: Kyurem|50/100 tox|[from] psn
|upkeep
|inactive|drenom has 120 seconds left.
|-message|drenom forfeited.
|
|win|JohnLowLadder'
|raw|drenom's rating: 1648 &rarr; <strong>1630</strong><br />(-18 for losing)
|raw|JohnLowLadder&apos;'s rating: 1689 &rarr; <strong>1707</strong><br />(+18 for winning)
|l|☆drenom
|player|p1|
|l|☆JohnLowLadder'
|player|p2|
