|j|☆mir merchant
|j|☆Rabzzz
|t:|1758951107
|gametype|singles
|player|p1|mir merchant|266|1718
|player|p2|Rabzzz|#mwpvimurkrows|1686
|gen|9
|tier|[Gen 9] OU
|rated|
|rule|HP Percentage Mod: HP is shown in percentages
|rule|Endless Battle Clause: Forcing endless battles is banned
|rule|Species Clause: Limit one of each Pokémon
|rule|OHKO Clause: OHKO moves are banned
|rule|Evasion Items Clause: Evasion items are banned
|rule|Evasion Moves Clause: Evasion moves are banned
|rule|Evasion Abilities Clause: Evasion abilities are banned
|rule|Sleep Moves Clause: Sleep-inducing moves are banned
|clearpoke
|poke|p1|Deoxys-Speed|
|poke|p1|Dragonite, F|
|poke|p1|Darkrai|
|poke|p1|Iron Moth|
|poke|p1|Scizor, M|
|poke|p1|Great Tusk|
|poke|p2|Alomomola, M|
|poke|p2|Hoopa-Unbound|
|poke|p2|Pecharunt|
|poke|p2|Iron Treads|
|poke|p2|Zapdos|
|poke|p2|Ogerpon, F|
|teampreview
|inactive|Battle timer is ON: inactive players will automatically lose when time's up. (requested by mir merchant)
|
|t:|1758951128
|teamsize|p1|6
|teamsize|p2|6
|start
|switch|p1a: Darkrai|Darkrai|100/100
|switch|p2a: Iron Treads|Iron Treads|100/100
|turn|1
|
|t:|1758951137
|move|p1a: Darkrai|Focus Blast|p2a: Iron Treads
|-supereffective|p2a: Iron Treads
|-damage|p2a: Iron Treads|0 fnt
|faint|p2a: Iron Treads
|-end|p2a: Iron Treads|Quark Drive|[silent]
|-damage|p1a: Darkrai|91/100|[from] item: Life Orb
|
|upkeep
|
|t:|1758951150
|switch|p2a: Hoopa|Hoopa-Unbound|100/100
|turn|2
|
|t:|1758951156
|switch|p1a: Deoxys|Deoxys-Speed|100/100
|-ability|p1a: Deoxys|Pressure
|move|p2a: Hoopa|Psychic Noise|p1a: Deoxys
|-resisted|p1a: Deoxys
|-damage|p1a: Deoxys|68/100
|-start|p1a: Deoxys|move: Heal Block
|
|upkeep
|turn|3
|
|t:|1758951160
|move|p1a: Deoxys|Stealth Rock|p2a: Hoopa
|-sidestart|p2: Rabzzz|move: Stealth Rock
|move|p2a: Hoopa|Knock Off|p1a: Deoxys
|-supereffective|p1a: Deoxys
|-damage|p1a: Deoxys|0 fnt
|-damage|p2a: Hoopa|84/100|[from] item: Rocky Helmet|[of] p1a: Deoxys
|-enditem|p1a: Deoxys|Rocky Helmet|[from] move: Knock Off|[of] p2a: Hoopa
|faint|p1a: Deoxys
|
|upkeep
|
|t:|1758951165
|switch|p1a: Scizor|Scizor, M|100/100
|turn|4
|
|t:|1758951169
|switch|p2a: Zapdos|Zapdos|100/100
|move|p1a: Scizor|U-turn|p2a: Zapdos
|-resisted|p2a: Zapdos
|-damage|p2a: Zapdos|77/100
|-status|p1a: Scizor|par|[from] ability: Static|[of] p2a: Zapdos
|
|t:|1758951172
|switch|p1a: Darkrai|Darkrai|91/100|[from] U-turn
|
|upkeep
|turn|5
|
|t:|1758951181
|switch|p2a: Hoopa|Hoopa-Unbound|84/100
|-damage|p2a: Hoopa|72/100|[from] Stealth Rock
|move|p1a: Darkrai|Dark Pulse|p2a: Hoopa
|-damage|p2a: Hoopa|43/100
|-damage|p1a: Darkrai|81/100|[from] item: Life Orb
|
|upkeep
|turn|6
|
|t:|1758951189
|switch|p1a: Scizor|Scizor, M|100/100 par
|move|p2a: Hoopa|Drain Punch|p1a: Scizor
|-damage|p1a: Scizor|72/100 par
|-heal|p2a: Hoopa|55/100|[from] drain|[of] p1a: Scizor
|
|upkeep
|turn|7
|inactive|Rabzzz has 120 seconds left.
|
|t:|1758951227
|switch|p2a: Alomomola|Alomomola, M|100/100
|move|p1a: Scizor|U-turn|p2a: Alomomola
|-damage|p2a: Alomomola|68/100
|
|t:|1758951238
|switch|p1a: Darkrai|Darkrai|81/100|[from] U-turn
|
|upkeep
|turn|8
|
|t:|1758951247
|move|p1a: Darkrai|Dark Pulse|p2a: Alomomola
|-crit|p2a: Alomomola
|-damage|p2a: Alomomola|0 fnt
|faint|p2a: Alomomola
|-damage|p1a: Darkrai|71/100|[from] item: Life Orb
|
|upkeep
|inactive|Rabzzz has 120 seconds left.
|
|t:|1758951258
|switch|p2a: Ogerpon|Ogerpon, F|100/100
|turn|9
|
|t:|1758951265
|switch|p1a: Scizor|Scizor, M|72/100 par
|switch|p2a: Zapdos|Zapdos|77/100
|
|upkeep
|turn|10
|
|t:|1758951272
|move|p2a: Zapdos|Heat Wave|p1a: Scizor
|-supereffective|p1a: Scizor
|-damage|p1a: Scizor|0 fnt
|faint|p1a: Scizor
|
|upkeep
|
|t:|1758951274
|switch|p1a: Darkrai|Darkrai|71/100
|turn|11
|
|t:|1758951286
|move|p1a: Darkrai|Ice Beam|p2a: Zapdos
|-supereffective|p2a: Zapdos
|-damage|p2a: Zapdos|0 fnt
|faint|p2a: Zapdos
|-damage|p1a: Darkrai|61/100|[from] item: Life Orb
|
|upkeep
|
|t:|1758951294
|switch|p2a: Ogerpon|Ogerpon, F|100/100
|turn|12
|
|t:|1758951306
|-terastallize|p2a: Ogerpon|Grass
|detailschange|p2a: Ogerpon|Ogerpon-Teal-Tera, F, tera:Grass
|-ability|p2a: Ogerpon|Embody Aspect (Teal)|boost
|-boost|p2a: Ogerpon|spe|1
|move|p1a: Darkrai|Sucker Punch|p2a: Ogerpon
|-damage|p2a: Ogerpon|60/100
|-damage|p1a: Darkrai|51/100|[from] item: Life Orb
|move|p2a: Ogerpon|Ivy Cudgel|p1a: Darkrai
|-damage|p1a: Darkrai|0 fnt
|faint|p1a: Darkrai
|
|upkeep
|
|t:|1758951308
|switch|p1a: Iron Moth|Iron Moth|100/100
|-enditem|p1a: Iron Moth|Booster Energy
|-activate|p1a: Iron Moth|ability: Quark Drive|[fromitem]
|-start|p1a: Iron Moth|quarkdrivespe
|turn|13
|
|t:|1758951326
|move|p1a: Iron Moth|Fiery Dance|p2a: Ogerpon
|-supereffective|p2a: Ogerpon
|-damage|p2a: Ogerpon|0 fnt
|faint|p2a: Ogerpon
|detailschange|p2: Ogerpon|Ogerpon, F|[silent]
|
|upkeep
|
|t:|1758951339
|switch|p2a: Hoopa|Hoopa-Unbound|55/100
|-damage|p2a: Hoopa|43/100|[from] Stealth Rock
|turn|14
|
|t:|1758951362
|move|p1a: Iron Moth|Dazzling Gleam|p2a: Hoopa
|-supereffective|p2a: Hoopa
|-damage|p2a: Hoopa|18/100
|move|p2a: Hoopa|Psychic Noise|p1a: Iron Moth
|-supereffective|p1a: Iron Moth
|-damage|p1a: Iron Moth|0 fnt
|faint|p1a: Iron Moth
|-end|p1a: Iron Moth|Quark Drive|[silent]
|
|upkeep
|
|t:|1758951365
|switch|p1a: Dragonite|Dragonite, F|100/100
|turn|15
|
|t:|1758951377
|move|p1a: Dragonite|Dragon Dance|p1a: Dragonite
|-boost|p1a: Dragonite|atk|1
|-boost|p1a: Dragonite|spe|1
|move|p2a: Hoopa|Psychic Noise|p1a: Dragonite
|-damage|p1a: Dragonite|74/100
|-start|p1a: Dragonite|move: Heal Block
|
|upkeep
|turn|16
|
|t:|1758951380
|-terastallize|p1a: Dragonite|Ghost
|move|p1a: Dragonite|Tera Blast|p2a: Hoopa|[anim] Tera Blast Ghost
|-damage|p2a: Hoopa|0 fnt
|faint|p2a: Hoopa
|
|-end|p1a: Dragonite|move: Heal Block
|upkeep
|
|t:|1758951389
|switch|p2a: Pecharunt|Pecharunt|100/100
|turn|17
|
|t:|1758951395
|move|p1a: Dragonite|Tera Blast|p2a: Pecharunt|[anim] Tera Blast Ghost
|-supereffective|p2a: Pecharunt
|-damage|p2a: Pecharunt|27/100
|move|p2a: Pecharunt|Malignant Chain|p1a: Dragonite
|-resisted|p1a: Dragonite
|-damage|p1a: Dragonite|57/100
|
|upkeep
|turn|18
|
|t:|1758951403
|move|p1a: Dragonite|Tera Blast|p2a: Pecharunt|[anim] Tera Blast Ghost
|-supereffective|p2a: Pecharunt
|-damage|p2a: Pecharunt|0 fnt
|faint|p2a: Pecharunt
|
|win|mir merchant
|raw|mir merchant's rating: 1718 &rarr; <strong>1736</strong><br />(+18 for winning)
|raw|Rabzzz's rating: 1686 &rarr; <strong>1668</strong><br />(-18 for losing)
|l|☆Rabzzz
|player|p2|
|l|☆mir merchant
|player|p1|
