|j|☆thhrtg探头‘ ^ ’
|j|☆leafmo
|t:|1758947590
|gametype|singles
|player|p1|thhrtg探头‘ ^ ’|acetrainerf|1461
|player|p2|leafmo|dawn|1473
|gen|9
|tier|[Gen 9] OU
|rated|
|rule|HP Percentage Mod: HP is shown in percentages
|rule|Endless Battle Clause: Forcing endless battles is banned
|rule|Species Clause: Limit one of each Pokémon
|rule|OHKO Clause: OHKO moves are banned
|rule|Evasion Items Clause: Evasion items are banned
|rule|Evasion Moves Clause: Evasion moves are banned
|rule|Evasion Abilities Clause: Evasion abilities are banned
|rule|Sleep Moves Clause: Sleep-inducing moves are banned
|clearpoke
|poke|p1|Abomasnow, F|
|poke|p1|Iron Treads|
|poke|p1|Moltres|
|poke|p1|Dragapult, F|
|poke|p1|Toxapex, F|
|poke|p1|Iron Valiant|
|poke|p2|Samurott-Hisui, F|
|poke|p2|Great Tusk|
|poke|p2|Gholdengo|
|poke|p2|Moltres|
|poke|p2|Ogerpon-Wellspring, F|
|poke|p2|Gliscor, M|
|teampreview
|
|t:|1758947600
|teamsize|p1|6
|teamsize|p2|6
|start
|switch|p1a: Toxapex|Toxapex, F|100/100
|switch|p2a: Moltres|Moltres|100/100
|turn|1
|inactive|Battle timer is ON: inactive players will automatically lose when time's up. (requested by leafmo)
|
|t:|1758947608
|move|p2a: Moltres|U-turn|p1a: Toxapex
|-resisted|p1a: Toxapex
|-damage|p1a: Toxapex|95/100
|
|t:|1758947612
|switch|p2a: Gliscor|Gliscor, M|100/100|[from] U-turn
|move|p1a: Toxapex|Infestation|p2a: Gliscor
|-resisted|p2a: Gliscor
|-damage|p2a: Gliscor|99/100
|-activate|p2a: Gliscor|move: Infestation|[of] p1a: Toxapex
|
|-heal|p1a: Toxapex|100/100|[from] item: Leftovers
|-damage|p2a: Gliscor|87/100|[from] move: Infestation|[partiallytrapped]
|-status|p2a: Gliscor|tox|[from] item: Toxic Orb
|upkeep
|turn|2
|
|t:|1758947627
|move|p2a: Gliscor|Knock Off|p1a: Toxapex
|-damage|p1a: Toxapex|83/100
|-enditem|p1a: Toxapex|Leftovers|[from] move: Knock Off|[of] p2a: Gliscor
|move|p1a: Toxapex|Surf|p2a: Gliscor
|-supereffective|p2a: Gliscor
|-crit|p2a: Gliscor
|-damage|p2a: Gliscor|41/100 tox
|
|-heal|p2a: Gliscor|54/100 tox|[from] ability: Poison Heal
|-damage|p2a: Gliscor|41/100 tox|[from] move: Infestation|[partiallytrapped]
|upkeep
|turn|3
|
|t:|1758947639
|move|p2a: Gliscor|Stealth Rock|p1a: Toxapex
|-sidestart|p1: thhrtg探头‘ ^ ’|move: Stealth Rock
|move|p1a: Toxapex|Surf|p2a: Gliscor
|-supereffective|p2a: Gliscor
|-damage|p2a: Gliscor|7/100 tox
|
|-heal|p2a: Gliscor|19/100 tox|[from] ability: Poison Heal
|-damage|p2a: Gliscor|7/100 tox|[from] move: Infestation|[partiallytrapped]
|upkeep
|turn|4
|
|t:|1758947650
|move|p2a: Gliscor|Knock Off|p1a: Toxapex
|-damage|p1a: Toxapex|71/100
|move|p1a: Toxapex|Surf|p2a: Gliscor
|-supereffective|p2a: Gliscor
|-damage|p2a: Gliscor|0 fnt
|faint|p2a: Gliscor
|
|upkeep
|
|t:|1758947658
|switch|p2a: Gholdengo|Gholdengo|100/100
|turn|5
|
|t:|1758947674
|move|p2a: Gholdengo|Nasty Plot|p2a: Gholdengo
|-boost|p2a: Gholdengo|spa|2
|move|p1a: Toxapex|Infestation|p2a: Gholdengo
|-resisted|p2a: Gholdengo
|-damage|p2a: Gholdengo|99/100
|-activate|p2a: Gholdengo|move: Infestation|[of] p1a: Toxapex
|
|-damage|p2a: Gholdengo|88/100|[from] move: Infestation|[partiallytrapped]
|upkeep
|turn|6
|
|t:|1758947685
|move|p2a: Gholdengo|Shadow Ball|p1a: Toxapex
|-damage|p1a: Toxapex|15/100
|move|p1a: Toxapex|Recover|p1a: Toxapex
|-heal|p1a: Toxapex|65/100
|
|-damage|p2a: Gholdengo|75/100|[from] move: Infestation|[partiallytrapped]
|upkeep
|turn|7
|
|t:|1758947704
|move|p2a: Gholdengo|Nasty Plot|p2a: Gholdengo
|-boost|p2a: Gholdengo|spa|2
|move|p1a: Toxapex|Recover|p1a: Toxapex
|-heal|p1a: Toxapex|100/100
|
|-damage|p2a: Gholdengo|63/100|[from] move: Infestation|[partiallytrapped]
|upkeep
|turn|8
|inactive|thhrtg探头‘ ^ ’ has 120 seconds left.
|inactive|thhrtg探头‘ ^ ’ has 90 seconds left.
|
|t:|1758947763
|move|p2a: Gholdengo|Shadow Ball|p1a: Toxapex
|-damage|p1a: Toxapex|15/100
|move|p1a: Toxapex|Recover|p1a: Toxapex
|-heal|p1a: Toxapex|65/100
|
|-damage|p2a: Gholdengo|51/100|[from] move: Infestation|[partiallytrapped]
|upkeep
|turn|9
|inactive|thhrtg探头‘ ^ ’ has 90 seconds left.
|
|t:|1758947776
|-terastallize|p1a: Toxapex|Dark
|move|p2a: Gholdengo|Recover|p2a: Gholdengo
|-heal|p2a: Gholdengo|100/100
|move|p1a: Toxapex|Surf|p2a: Gholdengo
|-damage|p2a: Gholdengo|86/100
|
|-end|p2a: Gholdengo|Infestation|[partiallytrapped]
|upkeep
|turn|10
|inactive|thhrtg探头‘ ^ ’ has 90 seconds left.
|
|t:|1758947790
|switch|p1a: Iron Treads|Iron Treads|100/100
|-damage|p1a: Iron Treads|97/100|[from] Stealth Rock
|move|p2a: Gholdengo|Make It Rain|p1a: Iron Treads
|-resisted|p1a: Iron Treads
|-damage|p1a: Iron Treads|16/100
|-unboost|p2a: Gholdengo|spa|1
|
|-heal|p1a: Iron Treads|22/100|[from] item: Leftovers
|upkeep
|turn|11
|inactive|thhrtg探头‘ ^ ’ has 90 seconds left.
|
|t:|1758947800
|move|p1a: Iron Treads|Earthquake|p2a: Gholdengo
|-supereffective|p2a: Gholdengo
|-damage|p2a: Gholdengo|4/100
|move|p2a: Gholdengo|Shadow Ball|p1a: Iron Treads
|-damage|p1a: Iron Treads|0 fnt
|faint|p1a: Iron Treads
|-end|p1a: Iron Treads|Quark Drive|[silent]
|
|upkeep
|inactive|thhrtg探头‘ ^ ’ has 90 seconds left.
|
|t:|1758947817
|switch|p1a: Dragapult|Dragapult, F|100/100
|turn|12
|
|t:|1758947821
|switch|p2a: Moltres|Moltres|100/100
|move|p1a: Dragapult|U-turn|p2a: Moltres
|-resisted|p2a: Moltres
|-crit|p2a: Moltres
|-damage|p2a: Moltres|96/100
|inactive|thhrtg探头‘ ^ ’ has 90 seconds left.
|
|t:|1758947829
|switch|p1a: Toxapex|Toxapex, F, tera:Dark|99/100|[from] U-turn
|-damage|p1a: Toxapex|86/100|[from] Stealth Rock
|
|upkeep
|turn|13
|
|t:|1758947834
|move|p2a: Moltres|U-turn|p1a: Toxapex
|-supereffective|p1a: Toxapex
|-damage|p1a: Toxapex|62/100
|
|t:|1758947838
|switch|p2a: Samurott|Samurott-Hisui, F|100/100|[from] U-turn
|move|p1a: Toxapex|Surf|p2a: Samurott
|-resisted|p2a: Samurott
|-damage|p2a: Samurott|89/100
|
|upkeep
|turn|14
|
|t:|1758947849
|move|p2a: Samurott|Ceaseless Edge|p1a: Toxapex
|-resisted|p1a: Toxapex
|-damage|p1a: Toxapex|45/100
|-sidestart|p1: thhrtg探头‘ ^ ’|Spikes
|move|p1a: Toxapex|Recover|p1a: Toxapex
|-heal|p1a: Toxapex|95/100
|
|upkeep
|turn|15
|
|t:|1758947857
|move|p2a: Samurott|Sacred Sword|p1a: Toxapex
|-supereffective|p1a: Toxapex
|-damage|p1a: Toxapex|28/100
|move|p1a: Toxapex|Infestation|p2a: Samurott
|-supereffective|p2a: Samurott
|-damage|p2a: Samurott|80/100
|-activate|p2a: Samurott|move: Infestation|[of] p1a: Toxapex
|
|-damage|p2a: Samurott|68/100|[from] move: Infestation|[partiallytrapped]
|upkeep
|turn|16
|
|t:|1758947871
|switch|p1a: Moltres|Moltres|100/100
|move|p2a: Samurott|Sacred Sword|p1a: Moltres
|-resisted|p1a: Moltres
|-crit|p1a: Moltres
|-damage|p1a: Moltres|74/100
|
|-end|p2a: Samurott|Infestation|[partiallytrapped]|[silent]
|upkeep
|turn|17
|
|t:|1758947879
|switch|p2a: Moltres|Moltres|96/100
|move|p1a: Moltres|Will-O-Wisp|p2a: Moltres
|-immune|p2a: Moltres
|
|upkeep
|turn|18
|
|t:|1758947885
|move|p2a: Moltres|Hurricane|p1a: Moltres
|-damage|p1a: Moltres|25/100
|move|p1a: Moltres|Roost|p1a: Moltres
|-heal|p1a: Moltres|75/100
|-singleturn|p1a: Moltres|move: Roost
|
|upkeep
|turn|19
|
|t:|1758947899
|switch|p1a: Toxapex|Toxapex, F, tera:Dark|62/100
|-damage|p1a: Toxapex|49/100|[from] Stealth Rock
|-damage|p1a: Toxapex|37/100|[from] Spikes
|move|p2a: Moltres|Hurricane|p1a: Toxapex
|-damage|p1a: Toxapex|6/100
|
|upkeep
|turn|20
|
|t:|1758947909
|move|p2a: Moltres|U-turn|p1a: Toxapex
|-supereffective|p1a: Toxapex
|-damage|p1a: Toxapex|0 fnt
|faint|p1a: Toxapex
|
|t:|1758947915
|switch|p2a: Samurott|Samurott-Hisui, F|68/100|[from] U-turn
|
|upkeep
|inactive|thhrtg探头‘ ^ ’ has 120 seconds left.
|
|t:|1758947933
|switch|p1a: Abomasnow|Abomasnow, F|100/100
|-damage|p1a: Abomasnow|75/100|[from] Stealth Rock
|-damage|p1a: Abomasnow|63/100|[from] Spikes
|-weather|Snowscape|[from] ability: Snow Warning|[of] p1a: Abomasnow
|turn|21
|
|t:|1758947951
|switch|p2a: Moltres|Moltres|96/100
|move|p1a: Abomasnow|Blizzard|p2a: Moltres
|-damage|p2a: Moltres|62/100
|
|-weather|Snowscape|[upkeep]
|upkeep
|turn|22
|
|t:|1758947959
|move|p2a: Moltres|Flamethrower|p1a: Abomasnow
|-supereffective|p1a: Abomasnow
|-damage|p1a: Abomasnow|0 fnt
|faint|p1a: Abomasnow
|
|-weather|Snowscape|[upkeep]
|upkeep
|
|t:|1758947966
|switch|p1a: Dragapult|Dragapult, F|100/100
|turn|23
|
|t:|1758947970
|move|p1a: Dragapult|Draco Meteor|p2a: Moltres
|-damage|p2a: Moltres|4/100
|-unboost|p1a: Dragapult|spa|2
|move|p2a: Moltres|U-turn|p1a: Dragapult
|-resisted|p1a: Dragapult
|-damage|p1a: Dragapult|91/100
|
|t:|1758947976
|switch|p2a: Samurott|Samurott-Hisui, F|68/100|[from] U-turn
|
|-weather|Snowscape|[upkeep]
|upkeep
|turn|24
|
|t:|1758947983
|switch|p1a: Moltres|Moltres|75/100
|move|p2a: Samurott|Ceaseless Edge|p1a: Moltres
|-damage|p1a: Moltres|42/100
|-sidestart|p1: thhrtg探头‘ ^ ’|Spikes
|
|-weather|Snowscape|[upkeep]
|upkeep
|turn|25
|
|t:|1758947990
|move|p2a: Samurott|Razor Shell|p1a: Moltres
|-supereffective|p1a: Moltres
|-damage|p1a: Moltres|0 fnt
|faint|p1a: Moltres
|
|-weather|none
|upkeep
|
|t:|1758947998
|switch|p1a: Iron Valiant|Iron Valiant|100/100
|-damage|p1a: Iron Valiant|94/100|[from] Stealth Rock
|-damage|p1a: Iron Valiant|78/100|[from] Spikes
|-enditem|p1a: Iron Valiant|Booster Energy
|-activate|p1a: Iron Valiant|ability: Quark Drive|[fromitem]
|-start|p1a: Iron Valiant|quarkdrivespe
|turn|26
|
|t:|1758948004
|move|p1a: Iron Valiant|Spirit Break|p2a: Samurott
|-supereffective|p2a: Samurott
|-damage|p2a: Samurott|0 fnt
|faint|p2a: Samurott
|
|upkeep
|
|t:|1758948010
|switch|p2a: Ogerpon|Ogerpon-Wellspring, F|100/100
|turn|27
|
|t:|1758948016
|move|p1a: Iron Valiant|Destiny Bond|p1a: Iron Valiant
|-singlemove|p1a: Iron Valiant|Destiny Bond
|move|p2a: Ogerpon|Ivy Cudgel|p1a: Iron Valiant|[anim] Ivy Cudgel Water
|-crit|p1a: Iron Valiant
|-damage|p1a: Iron Valiant|0 fnt
|faint|p1a: Iron Valiant
|-activate|p1a: Iron Valiant|move: Destiny Bond
|-end|p1a: Iron Valiant|Quark Drive|[silent]
|faint|p2a: Ogerpon
|
|upkeep
|
|t:|1758948027
|switch|p1a: Dragapult|Dragapult, F|91/100
|switch|p2a: Gholdengo|Gholdengo|4/100
|turn|28
|
|t:|1758948035
|move|p1a: Dragapult|Hex|p2a: Gholdengo
|-supereffective|p2a: Gholdengo
|-damage|p2a: Gholdengo|0 fnt
|faint|p2a: Gholdengo
|
|upkeep
|
|t:|1758948039
|switch|p2a: Great Tusk|Great Tusk|100/100
|turn|29
|
|t:|1758948042
|-end|p2a: Great Tusk|Protosynthesis|[silent]
|switch|p2a: Moltres|Moltres|4/100
|move|p1a: Dragapult|Will-O-Wisp|p2a: Moltres
|-immune|p2a: Moltres
|
|upkeep
|turn|30
|
|t:|1758948050
|move|p1a: Dragapult|Hex|p2a: Moltres
|-damage|p2a: Moltres|0 fnt
|faint|p2a: Moltres
|
|upkeep
|
|t:|1758948054
|switch|p2a: Great Tusk|Great Tusk|100/100
|turn|31
|
|t:|1758948060
|-terastallize|p2a: Great Tusk|Ground
|move|p1a: Dragapult|Will-O-Wisp|p2a: Great Tusk
|-status|p2a: Great Tusk|brn
|move|p2a: Great Tusk|Headlong Rush|p1a: Dragapult
|-damage|p1a: Dragapult|37/100
|-unboost|p2a: Great Tusk|def|1
|-unboost|p2a: Great Tusk|spd|1
|
|-damage|p2a: Great Tusk|94/100 brn|[from] brn
|upkeep
|turn|32
|
|t:|1758948072
|move|p1a: Dragapult|Hex|p2a: Great Tusk
|-crit|p2a: Great Tusk
|-damage|p2a: Great Tusk|0 fnt
|faint|p2a: Great Tusk
|-end|p2a: Great Tusk|Protosynthesis|[silent]
|
|win|thhrtg探头‘ ^ ’
|raw|thhrtg探头‘ ^ ’'s rating: 1461 &rarr; <strong>1482</strong><br />(+21 for winning)
|raw|leafmo's rating: 1473 &rarr; <strong>1452</strong><br />(-21 for losing)
|l|☆leafmo
|player|p2|
|l|☆thhrtg探头‘ ^ ’
|player|p1|
|j|☆thhrtg探头‘ ^ ’
|player|p1|thhrtg探头‘ ^ ’|acetrainerf|
