|j|☆eros maniac
|j|☆thisisjake
|t:|1759052847
|gametype|singles
|player|p1|eros maniac|hilbert-wonderlauncher|1784
|player|p2|thisisjake|crasherwake|1776
|gen|9
|tier|[Gen 9] OU
|rated|
|rule|HP Percentage Mod: HP is shown in percentages
|rule|Endless Battle Clause: Forcing endless battles is banned
|rule|Species Clause: Limit one of each Pokémon
|rule|OHKO Clause: OHKO moves are banned
|rule|Evasion Items Clause: Evasion items are banned
|rule|Evasion Moves Clause: Evasion moves are banned
|rule|Evasion Abilities Clause: Evasion abilities are banned
|rule|Sleep Moves Clause: Sleep-inducing moves are banned
|clearpoke
|poke|p1|Frosmoth, F|
|poke|p1|Maushold-Four|
|poke|p1|Mamoswine, M|
|poke|p1|Sinistcha|
|poke|p1|Alomomola, M|
|poke|p1|Weezing-Galar, M|
|poke|p2|Ogerpon-Wellspring, F|
|poke|p2|Cloyster, M|
|poke|p2|Ninetales-Alola, F|
|poke|p2|Polteageist|
|poke|p2|Iron Treads|
|poke|p2|Dragonite, M|
|teampreview
|inactive|Battle timer is ON: inactive players will automatically lose when time's up. (requested by eros maniac)
|
|t:|1759052864
|teamsize|p1|6
|teamsize|p2|6
|start
|switch|p1a: Maushold|Maushold-Four|100/100
|switch|p2a: Iron Treads|Iron Treads|100/100
|-enditem|p2a: Iron Treads|Booster Energy
|-activate|p2a: Iron Treads|ability: Quark Drive|[fromitem]
|-start|p2a: Iron Treads|quarkdrivespe
|turn|1
|
|t:|1759052869
|move|p2a: Iron Treads|Earth Power|p1a: Maushold
|-damage|p1a: Maushold|53/100
|move|p1a: Maushold|Tidy Up|p1a: Maushold
|-boost|p1a: Maushold|atk|1
|-boost|p1a: Maushold|spe|1
|
|upkeep
|turn|2
|
|t:|1759052880
|move|p1a: Maushold|Low Kick|p2a: Iron Treads
|-supereffective|p2a: Iron Treads
|-damage|p2a: Iron Treads|15/100
|move|p2a: Iron Treads|Steel Beam|p1a: Maushold
|-damage|p1a: Maushold|0 fnt
|-damage|p2a: Iron Treads|0 fnt|[from] steelbeam
|faint|p2a: Iron Treads
|-end|p2a: Iron Treads|Quark Drive|[silent]
|faint|p1a: Maushold
|
|upkeep
|
|t:|1759052887
|switch|p1a: Weezing|Weezing-Galar, M|100/100
|switch|p2a: Ninetales|Ninetales-Alola, F|100/100
|-ability|p1a: Weezing|Neutralizing Gas
|turn|3
|
|t:|1759052893
|switch|p2a: Polteageist|Polteageist|100/100
|move|p1a: Weezing|Strange Steam|p2a: Polteageist
|-crit|p2a: Polteageist
|-damage|p2a: Polteageist|61/100
|
|upkeep
|turn|4
|
|t:|1759052902
|move|p2a: Polteageist|Shell Smash|p2a: Polteageist
|-unboost|p2a: Polteageist|def|1
|-unboost|p2a: Polteageist|spd|1
|-boost|p2a: Polteageist|atk|2
|-boost|p2a: Polteageist|spa|2
|-boost|p2a: Polteageist|spe|2
|-enditem|p2a: Polteageist|White Herb
|-clearnegativeboost|p2a: Polteageist|[silent]
|move|p1a: Weezing|Strange Steam|p2a: Polteageist
|-damage|p2a: Polteageist|36/100
|
|upkeep
|turn|5
|
|t:|1759052908
|-end|p1a: Weezing|ability: Neutralizing Gas
|switch|p1a: Alomomola|Alomomola, M, shiny|100/100
|move|p2a: Polteageist|Strength Sap|p1a: Alomomola
|-unboost|p1a: Alomomola|atk|1
|-heal|p2a: Polteageist|93/100
|
|upkeep
|turn|6
|
|t:|1759052911
|move|p2a: Polteageist|Shadow Ball|p1a: Alomomola
|-damage|p1a: Alomomola|44/100
|-unboost|p1a: Alomomola|spd|1
|move|p1a: Alomomola|Flip Turn|p2a: Polteageist
|-damage|p2a: Polteageist|80/100
|
|t:|1759052916
|switch|p1a: Frosmoth|Frosmoth, F, shiny|100/100|[from] Flip Turn
|
|upkeep
|turn|7
|
|t:|1759052920
|move|p2a: Polteageist|Shadow Ball|p1a: Frosmoth
|-damage|p1a: Frosmoth|73/100
|move|p1a: Frosmoth|Quiver Dance|p1a: Frosmoth
|-boost|p1a: Frosmoth|spa|1
|-boost|p1a: Frosmoth|spd|1
|-boost|p1a: Frosmoth|spe|1
|
|-heal|p1a: Frosmoth|80/100|[from] item: Leftovers
|upkeep
|turn|8
|
|t:|1759052924
|switch|p2a: Ninetales|Ninetales-Alola, F|100/100
|-weather|Snowscape|[from] ability: Snow Warning|[of] p2a: Ninetales
|move|p1a: Frosmoth|Quiver Dance|p1a: Frosmoth
|-boost|p1a: Frosmoth|spa|1
|-boost|p1a: Frosmoth|spd|1
|-boost|p1a: Frosmoth|spe|1
|
|-weather|Snowscape|[upkeep]
|-heal|p1a: Frosmoth|86/100|[from] item: Leftovers
|upkeep
|turn|9
|
|t:|1759052928
|move|p2a: Ninetales|Encore|p1a: Frosmoth
|-start|p1a: Frosmoth|Encore
|move|p1a: Frosmoth|Quiver Dance|p1a: Frosmoth
|-boost|p1a: Frosmoth|spa|1
|-boost|p1a: Frosmoth|spd|1
|-boost|p1a: Frosmoth|spe|1
|
|-weather|Snowscape|[upkeep]
|-heal|p1a: Frosmoth|92/100|[from] item: Leftovers
|upkeep
|turn|10
|
|t:|1759052937
|switch|p2a: Ogerpon|Ogerpon-Wellspring, F|100/100
|move|p1a: Frosmoth|Quiver Dance|p1a: Frosmoth
|-boost|p1a: Frosmoth|spa|1
|-boost|p1a: Frosmoth|spd|1
|-boost|p1a: Frosmoth|spe|1
|
|-weather|Snowscape|[upkeep]
|-heal|p1a: Frosmoth|98/100|[from] item: Leftovers
|upkeep
|turn|11
|
|t:|1759052949
|-terastallize|p2a: Ogerpon|Water
|detailschange|p2a: Ogerpon|Ogerpon-Wellspring-Tera, F, tera:Water
|-ability|p2a: Ogerpon|Embody Aspect (Wellspring)|boost
|-boost|p2a: Ogerpon|spd|1
|move|p1a: Frosmoth|Quiver Dance|p1a: Frosmoth
|-boost|p1a: Frosmoth|spa|1
|-boost|p1a: Frosmoth|spd|1
|-boost|p1a: Frosmoth|spe|1
|move|p2a: Ogerpon|Ivy Cudgel|p1a: Frosmoth|[anim] Ivy Cudgel Water
|-crit|p1a: Frosmoth
|-damage|p1a: Frosmoth|0 fnt
|faint|p1a: Frosmoth
|
|-weather|Snowscape|[upkeep]
|upkeep
|
|t:|1759052956
|switch|p1a: Sinistcha|Sinistcha, shiny|100/100
|turn|12
|
|t:|1759052972
|switch|p2a: Polteageist|Polteageist|80/100
|move|p1a: Sinistcha|Matcha Gotcha|p2a: Polteageist
|-damage|p2a: Polteageist|49/100
|
|-weather|none
|upkeep
|turn|13
|c|☆eros maniac|I could havr lived that
|inactive|thisisjake has 120 seconds left.
|c|☆thisisjake|?
|c|☆thisisjake|but you didn't
|inactive|thisisjake has 90 seconds left.
|c|☆eros maniac|I know
|c|☆eros maniac|Due to the crit
|
|t:|1759053041
|move|p2a: Polteageist|Shadow Ball|p1a: Sinistcha
|-supereffective|p1a: Sinistcha
|-damage|p1a: Sinistcha|17/100
|-unboost|p1a: Sinistcha|spd|1
|move|p1a: Sinistcha|Shadow Ball|p2a: Polteageist
|-supereffective|p2a: Polteageist
|-damage|p2a: Polteageist|0 fnt
|faint|p2a: Polteageist
|
|upkeep
|
|t:|1759053049
|switch|p2a: Ninetales|Ninetales-Alola, F|100/100
|-weather|Snowscape|[from] ability: Snow Warning|[of] p2a: Ninetales
|turn|14
|
|t:|1759053055
|switch|p1a: Alomomola|Alomomola, M, shiny|77/100
|move|p2a: Ninetales|Aurora Veil|p2a: Ninetales
|-sidestart|p2: thisisjake|move: Aurora Veil
|
|-weather|Snowscape|[upkeep]
|upkeep
|turn|15
|
|t:|1759053059
|switch|p2a: Ogerpon|Ogerpon-Wellspring-Tera, F, tera:Water|100/100
|-ability|p2a: Ogerpon|Embody Aspect (Wellspring)|boost
|-boost|p2a: Ogerpon|spd|1
|move|p1a: Alomomola|Wish|p1a: Alomomola
|
|-weather|Snowscape|[upkeep]
|upkeep
|turn|16
|
|t:|1759053076
|-terastallize|p1a: Alomomola|Fairy
|move|p2a: Ogerpon|Ivy Cudgel|p1a: Alomomola|[anim] Ivy Cudgel Water
|-damage|p1a: Alomomola|22/100
|move|p1a: Alomomola|Flip Turn|p2a: Ogerpon
|-resisted|p2a: Ogerpon
|-damage|p2a: Ogerpon|96/100
|
|t:|1759053080
|switch|p1a: Sinistcha|Sinistcha, shiny|17/100|[from] Flip Turn
|
|-weather|Snowscape|[upkeep]
|-heal|p1a: Sinistcha|94/100|[from] move: Wish|[wisher] Alomomola
|upkeep
|turn|17
|
|t:|1759053091
|switch|p2a: Ninetales|Ninetales-Alola, F|100/100
|move|p1a: Sinistcha|Matcha Gotcha|p2a: Ninetales
|-damage|p2a: Ninetales|82/100
|-heal|p1a: Sinistcha|100/100|[from] drain|[of] p2a: Ninetales
|
|-weather|Snowscape|[upkeep]
|upkeep
|turn|18
|
|t:|1759053098
|switch|p1a: Alomomola|Alomomola, M, shiny, tera:Fairy|56/100
|move|p2a: Ninetales|Freeze-Dry|p1a: Alomomola
|-damage|p1a: Alomomola|31/100
|
|-weather|none
|upkeep
|turn|19
|c|☆thisisjake|I like the I could have game
|inactive|thisisjake has 120 seconds left.
|
|t:|1759053116
|move|p2a: Ninetales|Freeze-Dry|p1a: Alomomola
|-damage|p1a: Alomomola|8/100
|move|p1a: Alomomola|Flip Turn|p2a: Ninetales
|-damage|p2a: Ninetales|70/100
|
|t:|1759053120
|switch|p1a: Mamoswine|Mamoswine, M|100/100|[from] Flip Turn
|
|upkeep
|turn|20
|
|t:|1759053124
|switch|p2a: Ogerpon|Ogerpon-Wellspring-Tera, F, tera:Water|96/100
|-ability|p2a: Ogerpon|Embody Aspect (Wellspring)|boost
|-boost|p2a: Ogerpon|spd|1
|move|p1a: Mamoswine|Earthquake|p2a: Ogerpon
|-damage|p2a: Ogerpon|38/100
|
|upkeep
|turn|21
|
|t:|1759053127
|switch|p1a: Sinistcha|Sinistcha, shiny|100/100
|move|p2a: Ogerpon|Ivy Cudgel|p1a: Sinistcha|[anim] Ivy Cudgel Water
|-resisted|p1a: Sinistcha
|-damage|p1a: Sinistcha|72/100
|
|-sideend|p2: thisisjake|move: Aurora Veil
|upkeep
|turn|22
|
|t:|1759053130
|switch|p2a: Ninetales|Ninetales-Alola, F|70/100
|-weather|Snowscape|[from] ability: Snow Warning|[of] p2a: Ninetales
|move|p1a: Sinistcha|Matcha Gotcha|p2a: Ninetales
|-damage|p2a: Ninetales|35/100
|-heal|p1a: Sinistcha|87/100|[from] drain|[of] p2a: Ninetales
|
|-weather|Snowscape|[upkeep]
|upkeep
|turn|23
|
|t:|1759053142
|switch|p1a: Alomomola|Alomomola, M, shiny, tera:Fairy|41/100
|move|p2a: Ninetales|Aurora Veil|p2a: Ninetales
|-sidestart|p2: thisisjake|move: Aurora Veil
|
|-weather|Snowscape|[upkeep]
|upkeep
|turn|24
|
|t:|1759053146
|switch|p2a: Cloyster|Cloyster, M|100/100
|switch|p1a: Mamoswine|Mamoswine, M|100/100
|
|-weather|Snowscape|[upkeep]
|upkeep
|turn|25
|
|t:|1759053155
|move|p2a: Cloyster|Shell Smash|p2a: Cloyster
|-unboost|p2a: Cloyster|def|1
|-unboost|p2a: Cloyster|spd|1
|-boost|p2a: Cloyster|atk|2
|-boost|p2a: Cloyster|spa|2
|-boost|p2a: Cloyster|spe|2
|move|p1a: Mamoswine|Earthquake|p2a: Cloyster
|-damage|p2a: Cloyster|65/100
|
|-weather|Snowscape|[upkeep]
|upkeep
|turn|26
|
|t:|1759053158
|move|p2a: Cloyster|Icicle Spear|p1a: Mamoswine
|-damage|p1a: Mamoswine|90/100
|-damage|p1a: Mamoswine|79/100
|-crit|p1a: Mamoswine
|-damage|p1a: Mamoswine|63/100
|-damage|p1a: Mamoswine|53/100
|-damage|p1a: Mamoswine|43/100
|-hitcount|p1a: Mamoswine|5
|move|p1a: Mamoswine|Earthquake|p2a: Cloyster
|-damage|p2a: Cloyster|32/100
|
|-weather|none
|upkeep
|turn|27
|
|t:|1759053178
|move|p2a: Cloyster|Rock Blast|p1a: Mamoswine
|-damage|p1a: Mamoswine|26/100
|-damage|p1a: Mamoswine|10/100
|-damage|p1a: Mamoswine|0 fnt
|faint|p1a: Mamoswine
|-hitcount|p1: Mamoswine|3
|
|upkeep
|
|t:|1759053182
|switch|p1a: Weezing|Weezing-Galar, M|100/100
|-ability|p1a: Weezing|Neutralizing Gas
|turn|28
|c|☆thisisjake|Like I could have not forgotten about thick fat
|
|t:|1759053189
|move|p2a: Cloyster|Icicle Spear|p1a: Weezing
|-damage|p1a: Weezing|80/100
|-damage|p1a: Weezing|62/100
|-hitcount|p1a: Weezing|2
|move|p1a: Weezing|Strange Steam|p2a: Cloyster
|-damage|p2a: Cloyster|0 fnt
|faint|p2a: Cloyster
|
|upkeep
|
|t:|1759053195
|switch|p2a: Ogerpon|Ogerpon-Wellspring-Tera, F, tera:Water|38/100
|turn|29
|
|t:|1759053216
|-end|p1a: Weezing|ability: Neutralizing Gas
|-ability|p2a: Ogerpon|Embody Aspect (Wellspring)|boost
|-boost|p2a: Ogerpon|spd|1
|switch|p1a: Sinistcha|Sinistcha, shiny|87/100
|move|p2a: Ogerpon|Swords Dance|p2a: Ogerpon
|-boost|p2a: Ogerpon|atk|2
|
|upkeep
|turn|30
|
|t:|1759053223
|move|p2a: Ogerpon|Play Rough|p1a: Sinistcha
|-damage|p1a: Sinistcha|36/100
|move|p1a: Sinistcha|Matcha Gotcha|p2a: Ogerpon
|-supereffective|p2a: Ogerpon
|-damage|p2a: Ogerpon|11/100
|-heal|p1a: Sinistcha|48/100|[from] drain|[of] p2a: Ogerpon
|-status|p2a: Ogerpon|brn
|
|-damage|p2a: Ogerpon|5/100 brn|[from] brn
|-sideend|p2: thisisjake|move: Aurora Veil
|upkeep
|turn|31
|
|t:|1759053230
|move|p2a: Ogerpon|Play Rough|p1a: Sinistcha
|-damage|p1a: Sinistcha|25/100
|move|p1a: Sinistcha|Strength Sap|p2a: Ogerpon
|-unboost|p2a: Ogerpon|atk|1
|-heal|p1a: Sinistcha|100/100
|
|-damage|p2a: Ogerpon|0 fnt|[from] brn
|faint|p2a: Ogerpon
|detailschange|p2: Ogerpon|Ogerpon-Wellspring, F|[silent]
|upkeep
|
|t:|1759053233
|switch|p2a: Ninetales|Ninetales-Alola, F|35/100
|-weather|Snowscape|[from] ability: Snow Warning|[of] p2a: Ninetales
|turn|32
|
|t:|1759053238
|switch|p1a: Alomomola|Alomomola, M, shiny, tera:Fairy|74/100
|move|p2a: Ninetales|Encore||[still]
|-fail|p2a: Ninetales
|
|-weather|Snowscape|[upkeep]
|upkeep
|turn|33
|
|t:|1759053241
|move|p2a: Ninetales|Aurora Veil|p2a: Ninetales
|-sidestart|p2: thisisjake|move: Aurora Veil
|move|p1a: Alomomola|Wish|p1a: Alomomola
|
|-weather|Snowscape|[upkeep]
|upkeep
|turn|34
|
|t:|1759053245
|switch|p1a: Weezing|Weezing-Galar, M|62/100
|-ability|p1a: Weezing|Neutralizing Gas
|move|p2a: Ninetales|Encore||[still]
|-fail|p2a: Ninetales
|
|-weather|Snowscape|[upkeep]
|-heal|p1a: Weezing|100/100|[from] move: Wish|[wisher] Alomomola
|upkeep
|turn|35
|
|t:|1759053250
|move|p2a: Ninetales|Freeze-Dry|p1a: Weezing
|-damage|p1a: Weezing|62/100
|move|p1a: Weezing|Toxic|p2a: Ninetales
|-status|p2a: Ninetales|tox
|
|-weather|Snowscape|[upkeep]
|-damage|p2a: Ninetales|29/100 tox|[from] psn
|upkeep
|turn|36
|
|t:|1759053253
|-end|p1a: Weezing|ability: Neutralizing Gas
|switch|p1a: Alomomola|Alomomola, M, shiny, tera:Fairy|100/100
|move|p2a: Ninetales|Encore||[still]
|-fail|p2a: Ninetales
|
|-weather|none
|-damage|p2a: Ninetales|17/100 tox|[from] psn
|upkeep
|turn|37
|
|t:|1759053257
|move|p2a: Ninetales|Freeze-Dry|p1a: Alomomola
|-damage|p1a: Alomomola|80/100
|move|p1a: Alomomola|Wish|p1a: Alomomola
|
|-damage|p2a: Ninetales|0 fnt|[from] psn
|faint|p2a: Ninetales
|upkeep
|
|t:|1759053259
|switch|p2a: Dragonite|Dragonite, M|100/100
|turn|38
|j| wgw2333
|
|t:|1759053264
|switch|p1a: Weezing|Weezing-Galar, M|62/100
|-ability|p1a: Weezing|Neutralizing Gas
|move|p2a: Dragonite|Dragon Dance|p2a: Dragonite
|-boost|p2a: Dragonite|atk|1
|-boost|p2a: Dragonite|spe|1
|
|-heal|p1a: Weezing|100/100|[from] move: Wish|[wisher] Alomomola
|upkeep
|turn|39
|
|t:|1759053275
|move|p2a: Dragonite|Dragon Dance|p2a: Dragonite
|-boost|p2a: Dragonite|atk|1
|-boost|p2a: Dragonite|spe|1
|move|p1a: Weezing|Toxic|p2a: Dragonite
|-status|p2a: Dragonite|tox
|
|-damage|p2a: Dragonite|94/100 tox|[from] psn
|upkeep
|turn|40
|
|t:|1759053277
|move|p2a: Dragonite|Earthquake|p1a: Weezing
|-supereffective|p1a: Weezing
|-enditem|p1a: Weezing|Shuca Berry|[eat]
|-enditem|p1a: Weezing|Shuca Berry|[weaken]
|-damage|p1a: Weezing|44/100
|move|p1a: Weezing|Strange Steam|p2a: Dragonite
|-supereffective|p2a: Dragonite
|-damage|p2a: Dragonite|66/100 tox
|
|-damage|p2a: Dragonite|54/100 tox|[from] psn
|-sideend|p2: thisisjake|move: Aurora Veil
|upkeep
|turn|41
|
|t:|1759053280
|move|p2a: Dragonite|Earthquake|p1a: Weezing
|-supereffective|p1a: Weezing
|-damage|p1a: Weezing|0 fnt
|faint|p1a: Weezing
|-end|p1a: Weezing|ability: Neutralizing Gas
|
|-damage|p2a: Dragonite|35/100 tox|[from] psn
|upkeep
|
|t:|1759053282
|switch|p1a: Sinistcha|Sinistcha, shiny|100/100
|turn|42
|
|t:|1759053286
|move|p2a: Dragonite|Ice Spinner|p1a: Sinistcha
|-supereffective|p1a: Sinistcha
|-damage|p1a: Sinistcha|14/100
|move|p1a: Sinistcha|Strength Sap|p2a: Dragonite
|-unboost|p2a: Dragonite|atk|1
|-heal|p1a: Sinistcha|100/100
|
|-damage|p2a: Dragonite|10/100 tox|[from] psn
|upkeep
|turn|43
|
|t:|1759053289
|move|p2a: Dragonite|Ice Spinner|p1a: Sinistcha
|-supereffective|p1a: Sinistcha
|-damage|p1a: Sinistcha|33/100
|move|p1a: Sinistcha|Shadow Ball|p2a: Dragonite
|-damage|p2a: Dragonite|0 fnt
|faint|p2a: Dragonite
|
|win|eros maniac
|raw|eros maniac's rating: 1784 &rarr; <strong>1804</strong><br />(+20 for winning)
|raw|thisisjake's rating: 1776 &rarr; <strong>1756</strong><br />(-20 for losing)
|c|☆thisisjake|gg
|c|☆eros maniac|Gg
|l|☆thisisjake
|player|p2|
|l|☆eros maniac
|player|p1|
|l| wgw2333
