|j|☆G-lolo-69
|j|☆redcolorcap
|t:|1758999822
|gametype|singles
|player|p1|G-lolo-69|swimmerf-gen4|1222
|player|p2|redcolorcap|gentleman|1290
|gen|9
|tier|[Gen 9] OU
|rated|
|rule|HP Percentage Mod: HP is shown in percentages
|rule|Endless Battle Clause: Forcing endless battles is banned
|rule|Species Clause: Limit one of each Pokémon
|rule|OHKO Clause: OHKO moves are banned
|rule|Evasion Items Clause: Evasion items are banned
|rule|Evasion Moves Clause: Evasion moves are banned
|rule|Evasion Abilities Clause: Evasion abilities are banned
|rule|Sleep Moves Clause: Sleep-inducing moves are banned
|clearpoke
|poke|p1|Breloom, F|
|poke|p1|Toxapex, F|
|poke|p1|Thundurus-Therian, M|
|poke|p1|Great Tusk|
|poke|p1|Dragonite, M|
|poke|p1|Heatran, M|
|poke|p2|Infernape, M|
|poke|p2|Slowking, F|
|poke|p2|Dragapult, F|
|poke|p2|Samurott-Hisui, F|
|poke|p2|Gholdengo|
|poke|p2|Landorus-Therian, M|
|teampreview
|inactive|Battle timer is ON: inactive players will automatically lose when time's up. (requested by redcolorcap)
|
|t:|1758999849
|teamsize|p1|6
|teamsize|p2|6
|start
|switch|p1a: Dragonite|Dragonite, M|100/100
|switch|p2a: Samurott|Samurott-Hisui, F|100/100
|turn|1
|
|t:|1758999861
|switch|p2a: Landorus|Landorus-Therian, M|100/100
|-ability|p2a: Landorus|Intimidate|boost
|-unboost|p1a: Dragonite|atk|1
|move|p1a: Dragonite|Dragon Dance|p1a: Dragonite
|-boost|p1a: Dragonite|atk|1
|-boost|p1a: Dragonite|spe|1
|
|upkeep
|turn|2
|
|t:|1758999870
|move|p1a: Dragonite|Ice Spinner|p2a: Landorus
|-supereffective|p2a: Landorus
|-damage|p2a: Landorus|0 fnt
|-damage|p1a: Dragonite|84/100|[from] item: Rocky Helmet|[of] p2a: Landorus
|faint|p2a: Landorus
|
|upkeep
|
|t:|1758999882
|switch|p2a: Dragapult|Dragapult, F|100/100
|turn|3
|
|t:|1758999889
|switch|p1a: Heatran|Heatran, M|100/100
|move|p2a: Dragapult|Draco Meteor|p1a: Heatran
|-resisted|p1a: Heatran
|-damage|p1a: Heatran|67/100
|-unboost|p2a: Dragapult|spa|2
|
|-heal|p1a: Heatran|73/100|[from] item: Leftovers
|upkeep
|turn|4
|
|t:|1758999908
|switch|p2a: Slowking|Slowking, F|100/100
|move|p1a: Heatran|Magma Storm|p2a: Slowking
|-resisted|p2a: Slowking
|-damage|p2a: Slowking|84/100
|-activate|p2a: Slowking|move: Magma Storm|[of] p1a: Heatran
|
|-heal|p1a: Heatran|80/100|[from] item: Leftovers
|-damage|p2a: Slowking|71/100|[from] move: Magma Storm|[partiallytrapped]
|upkeep
|turn|5
|
|t:|1758999932
|switch|p1a: Thundurus|Thundurus-Therian, M|100/100
|move|p2a: Slowking|Future Sight|p1a: Thundurus
|-start|p2a: Slowking|move: Future Sight
|
|-end|p2a: Slowking|Magma Storm|[partiallytrapped]|[silent]
|upkeep
|turn|6
|
|t:|1758999953
|switch|p2a: Gholdengo|Gholdengo|100/100
|move|p1a: Thundurus|Nasty Plot|p1a: Thundurus
|-boost|p1a: Thundurus|spa|2
|
|upkeep
|turn|7
|
|t:|1758999970
|move|p1a: Thundurus|Discharge|p2a: Gholdengo
|-damage|p2a: Gholdengo|0 fnt
|faint|p2a: Gholdengo
|-damage|p1a: Thundurus|91/100|[from] item: Life Orb
|
|-end|p1a: Thundurus|move: Future Sight
|-damage|p1a: Thundurus|37/100
|upkeep
|
|t:|1758999975
|switch|p2a: Infernape|Infernape, M, shiny|100/100
|turn|8
|
|t:|1758999983
|-terastallize|p1a: Thundurus|Water
|move|p2a: Infernape|Stone Edge|p1a: Thundurus
|-damage|p1a: Thundurus|0 fnt
|faint|p1a: Thundurus
|-damage|p2a: Infernape|91/100|[from] item: Life Orb
|
|upkeep
|
|t:|1758999991
|switch|p1a: Great Tusk|Great Tusk|100/100
|-enditem|p1a: Great Tusk|Booster Energy
|-activate|p1a: Great Tusk|ability: Protosynthesis|[fromitem]
|-start|p1a: Great Tusk|protosynthesisatk
|turn|9
|
|t:|1758999996
|move|p2a: Infernape|Grass Knot|p1a: Great Tusk
|-supereffective|p1a: Great Tusk
|-damage|p1a: Great Tusk|0 fnt
|faint|p1a: Great Tusk
|-end|p1a: Great Tusk|Protosynthesis|[silent]
|-damage|p2a: Infernape|81/100|[from] item: Life Orb
|
|upkeep
|
|t:|1759000005
|switch|p1a: Toxapex|Toxapex, F|100/100
|turn|10
|
|t:|1759000012
|switch|p2a: Slowking|Slowking, F|100/100
|move|p1a: Toxapex|Surf|p2a: Slowking
|-resisted|p2a: Slowking
|-damage|p2a: Slowking|92/100
|
|upkeep
|turn|11
|
|t:|1759000026
|move|p1a: Toxapex|Sludge Bomb|p2a: Slowking
|-damage|p2a: Slowking|77/100
|move|p2a: Slowking|Future Sight|p1a: Toxapex
|-start|p2a: Slowking|move: Future Sight
|
|upkeep
|turn|12
|
|t:|1759000032
|move|p1a: Toxapex|Sludge Bomb|p2a: Slowking
|-damage|p2a: Slowking|61/100
|move|p2a: Slowking|Slack Off|p2a: Slowking
|-heal|p2a: Slowking|100/100
|
|upkeep
|turn|13
|
|t:|1759000039
|move|p1a: Toxapex|Sludge Bomb|p2a: Slowking
|-damage|p2a: Slowking|84/100
|-prepare|p2a: Slowking|Chilly Reception|[premajor]
|move|p2a: Slowking|Chilly Reception|p2a: Slowking
|-weather|Snowscape
|
|t:|1759000049
|switch|p2a: Dragapult|Dragapult, F|100/100|[from] Chilly Reception
|
|-weather|Snowscape|[upkeep]
|-end|p1a: Toxapex|move: Future Sight
|-supereffective|p1a: Toxapex
|-damage|p1a: Toxapex|29/100
|-heal|p1a: Toxapex|35/100|[from] item: Black Sludge
|upkeep
|turn|14
|
|t:|1759000058
|move|p2a: Dragapult|Shadow Ball|p1a: Toxapex
|-damage|p1a: Toxapex|0 fnt
|faint|p1a: Toxapex
|
|-weather|Snowscape|[upkeep]
|upkeep
|
|t:|1759000065
|switch|p1a: Dragonite|Dragonite, M|84/100
|turn|15
|
|t:|1759000080
|switch|p2a: Slowking|Slowking, F|100/100
|move|p1a: Dragonite|Earthquake|p2a: Slowking
|-damage|p2a: Slowking|63/100
|
|-weather|Snowscape|[upkeep]
|upkeep
|turn|16
|
|t:|1759000087
|move|p1a: Dragonite|Dragon Dance|p1a: Dragonite
|-boost|p1a: Dragonite|atk|1
|-boost|p1a: Dragonite|spe|1
|move|p2a: Slowking|Future Sight|p1a: Dragonite
|-start|p2a: Slowking|move: Future Sight
|
|-weather|Snowscape|[upkeep]
|upkeep
|turn|17
|
|t:|1759000094
|move|p1a: Dragonite|Dragon Dance|p1a: Dragonite
|-boost|p1a: Dragonite|atk|1
|-boost|p1a: Dragonite|spe|1
|-prepare|p2a: Slowking|Chilly Reception|[premajor]
|move|p2a: Slowking|Chilly Reception|p2a: Slowking
|
|t:|1759000100
|switch|p2a: Dragapult|Dragapult, F|100/100|[from] Chilly Reception
|
|-weather|none
|upkeep
|turn|18
|
|t:|1759000120
|-terastallize|p2a: Dragapult|Fairy
|move|p1a: Dragonite|Ice Spinner|p2a: Dragapult
|-damage|p2a: Dragapult|21/100
|move|p2a: Dragapult|Draco Meteor|p1a: Dragonite
|-supereffective|p1a: Dragonite
|-damage|p1a: Dragonite|0 fnt
|-unboost|p2a: Dragapult|spa|2
|faint|p1a: Dragonite
|
|-hint|Future Sight did not hit because the target is fainted.
|upkeep
|c|☆redcolorcap|gg
|
|t:|1759000132
|switch|p1a: Breloom|Breloom, F|100/100
|turn|19
|
|t:|1759000152
|switch|p2a: Samurott|Samurott-Hisui, F|100/100
|move|p1a: Breloom|Mach Punch|p2a: Samurott
|-supereffective|p2a: Samurott
|-enditem|p2a: Samurott|Focus Sash
|-damage|p2a: Samurott|1/100
|-damage|p1a: Breloom|91/100|[from] item: Life Orb
|
|upkeep
|turn|20
|
|t:|1759000161
|move|p2a: Samurott|Sucker Punch|p1a: Breloom
|-resisted|p1a: Breloom
|-damage|p1a: Breloom|66/100
|move|p1a: Breloom|Mach Punch|p2a: Samurott
|-supereffective|p2a: Samurott
|-damage|p2a: Samurott|0 fnt
|faint|p2a: Samurott
|-damage|p1a: Breloom|56/100|[from] item: Life Orb
|
|upkeep
|
|t:|1759000167
|switch|p2a: Infernape|Infernape, M, shiny|81/100
|turn|21
|
|t:|1759000182
|move|p1a: Breloom|Mach Punch|p2a: Infernape
|-damage|p2a: Infernape|19/100
|-damage|p1a: Breloom|46/100|[from] item: Life Orb
|move|p2a: Infernape|Close Combat|p1a: Breloom
|-damage|p1a: Breloom|0 fnt
|-unboost|p2a: Infernape|def|1
|-unboost|p2a: Infernape|spd|1
|faint|p1a: Breloom
|-damage|p2a: Infernape|9/100|[from] item: Life Orb
|
|upkeep
|
|t:|1759000193
|switch|p1a: Heatran|Heatran, M|80/100
|turn|22
|
|t:|1759000199
|move|p2a: Infernape|Close Combat|p1a: Heatran
|-supereffective|p1a: Heatran
|-damage|p1a: Heatran|0 fnt
|-unboost|p2a: Infernape|def|1
|-unboost|p2a: Infernape|spd|1
|faint|p1a: Heatran
|-damage|p2a: Infernape|0 fnt|[from] item: Life Orb
|faint|p2a: Infernape
|
|win|redcolorcap
|raw|G-lolo-69's rating: 1222 &rarr; <strong>1202</strong><br />(-20 for losing)
|raw|redcolorcap's rating: 1290 &rarr; <strong>1310</strong><br />(+20 for winning)
