|j|☆Shibuya Arc
|j|☆bertoskyT
|t:|1758977546
|gametype|singles
|player|p1|Shibuya Arc|265|1727
|player|p2|bertoskyT|ethan|1657
|gen|9
|tier|[Gen 9] OU
|rated|
|rule|HP Percentage Mod: HP is shown in percentages
|rule|Endless Battle Clause: Forcing endless battles is banned
|rule|Species Clause: Limit one of each Pokémon
|rule|OHKO Clause: OHKO moves are banned
|rule|Evasion Items Clause: Evasion items are banned
|rule|Evasion Moves Clause: Evasion moves are banned
|rule|Evasion Abilities Clause: Evasion abilities are banned
|rule|Sleep Moves Clause: Sleep-inducing moves are banned
|clearpoke
|poke|p1|Dragapult, F|
|poke|p1|Dragonite, F|
|poke|p1|Ting-Lu|
|poke|p1|Weezing-Galar, F|
|poke|p1|Iron Crown|
|poke|p1|Zapdos|
|poke|p2|Dragapult, F|
|poke|p2|Landorus-Therian, M|
|poke|p2|Ogerpon-Wellspring, F|
|poke|p2|Greninja-*, M|
|poke|p2|Slowking-Galar, F|
|poke|p2|Forretress, M|
|teampreview
|inactive|Battle timer is ON: inactive players will automatically lose when time's up. (requested by bertoskyT)
|
|t:|1758977555
|teamsize|p1|6
|teamsize|p2|6
|start
|switch|p1a: Dragapult|Dragapult, F|100/100
|switch|p2a: Landorus|Landorus-Therian, M|100/100
|-ability|p2a: Landorus|Intimidate|boost
|-unboost|p1a: Dragapult|atk|1
|turn|1
|inactive|Shibuya Arc also wants the timer to be on.
|j| firecharmander004
|
|t:|1758977566
|move|p1a: Dragapult|Dragon Darts|p2a: Landorus
|-damage|p2a: Landorus|90/100
|-anim|p1a: Dragapult|Dragon Darts|p2a: Landorus
|-damage|p2a: Landorus|81/100
|move|p2a: Landorus|U-turn|p1a: Dragapult
|-resisted|p1a: Dragapult
|-damage|p1a: Dragapult|88/100
|
|t:|1758977574
|switch|p2a: Dragapult|Dragapult, F|100/100|[from] U-turn
|
|upkeep
|turn|2
|
|t:|1758977581
|switch|p1a: Ting-Lu|Ting-Lu|100/100
|-ability|p1a: Ting-Lu|Vessel of Ruin
|-terastallize|p2a: Dragapult|Ghost
|move|p2a: Dragapult|Tera Blast|p1a: Ting-Lu|[anim] Tera Blast Ghost
|-resisted|p1a: Ting-Lu
|-crit|p1a: Ting-Lu
|-damage|p1a: Ting-Lu|67/100
|
|-heal|p1a: Ting-Lu|73/100|[from] item: Leftovers
|upkeep
|turn|3
|
|t:|1758977591
|switch|p2a: Ogerpon|Ogerpon-Wellspring, F|100/100
|move|p1a: Ting-Lu|Ruination|p2a: Ogerpon
|-damage|p2a: Ogerpon|50/100
|
|-heal|p1a: Ting-Lu|80/100|[from] item: Leftovers
|upkeep
|turn|4
|
|t:|1758977598
|switch|p1a: Dragonite|Dragonite, F|100/100
|move|p2a: Ogerpon|Swords Dance|p2a: Ogerpon
|-boost|p2a: Ogerpon|atk|2
|
|upkeep
|turn|5
|j| gengar's style
|
|t:|1758977609
|switch|p2a: Landorus|Landorus-Therian, M|81/100
|-ability|p2a: Landorus|Intimidate|boost
|-unboost|p1a: Dragonite|atk|1
|-terastallize|p1a: Dragonite|Normal
|move|p1a: Dragonite|Extreme Speed|p2a: Landorus
|-damage|p2a: Landorus|58/100
|-damage|p1a: Dragonite|84/100|[from] item: Rocky Helmet|[of] p2a: Landorus
|
|upkeep
|turn|6
|
|t:|1758977619
|move|p1a: Dragonite|Roost|p1a: Dragonite
|-heal|p1a: Dragonite|100/100
|move|p2a: Landorus|Taunt|p1a: Dragonite
|-start|p1a: Dragonite|move: Taunt
|
|upkeep
|turn|7
|
|t:|1758977626
|switch|p1a: Dragapult|Dragapult, F|88/100
|move|p2a: Landorus|Stealth Rock|p1a: Dragapult
|-sidestart|p1: Shibuya Arc|move: Stealth Rock
|
|upkeep
|turn|8
|
|t:|1758977633
|move|p1a: Dragapult|Dragon Darts|p2a: Landorus
|-damage|p2a: Landorus|44/100
|-anim|p1a: Dragapult|Dragon Darts|p2a: Landorus
|-damage|p2a: Landorus|30/100
|move|p2a: Landorus|U-turn|p1a: Dragapult
|-resisted|p1a: Dragapult
|-damage|p1a: Dragapult|74/100
|
|t:|1758977650
|switch|p2a: Dragapult|Dragapult, F, tera:Ghost|100/100|[from] U-turn
|
|upkeep
|turn|9
|
|t:|1758977657
|switch|p1a: Weezing|Weezing-Galar, F|100/100
|-ability|p1a: Weezing|Neutralizing Gas
|move|p2a: Dragapult|Dragon Darts|p1a: Weezing
|-immune|p1a: Weezing
|
|upkeep
|turn|10
|
|t:|1758977667
|switch|p2a: Slowking|Slowking-Galar, F|100/100
|move|p1a: Weezing|Toxic Spikes|p2a: Slowking
|-sidestart|p2: bertoskyT|move: Toxic Spikes
|
|upkeep
|turn|11
|
|t:|1758977674
|-end|p1a: Weezing|ability: Neutralizing Gas
|switch|p1a: Ting-Lu|Ting-Lu|80/100
|-damage|p1a: Ting-Lu|73/100|[from] Stealth Rock
|-ability|p1a: Ting-Lu|Vessel of Ruin
|move|p2a: Slowking|Thunder Wave|p1a: Ting-Lu
|-immune|p1a: Ting-Lu
|
|-heal|p1a: Ting-Lu|80/100|[from] item: Leftovers
|upkeep
|turn|12
|
|t:|1758977681
|move|p1a: Ting-Lu|Stealth Rock|p2a: Slowking
|-sidestart|p2: bertoskyT|move: Stealth Rock
|-prepare|p2a: Slowking|Chilly Reception|[premajor]
|move|p2a: Slowking|Chilly Reception|p2a: Slowking
|-weather|Snowscape
|
|t:|1758977687
|switch|p2a: Forretress|Forretress, M|100/100|[from] Chilly Reception
|-damage|p2a: Forretress|88/100|[from] Stealth Rock
|
|-weather|Snowscape|[upkeep]
|-heal|p1a: Ting-Lu|86/100|[from] item: Leftovers
|upkeep
|turn|13
|
|t:|1758977694
|switch|p1a: Dragapult|Dragapult, F|74/100
|move|p2a: Forretress|Spikes|p1a: Dragapult
|-sidestart|p1: Shibuya Arc|Spikes
|
|-weather|Snowscape|[upkeep]
|upkeep
|turn|14
|
|t:|1758977701
|move|p1a: Dragapult|Will-O-Wisp|p2a: Forretress
|-status|p2a: Forretress|brn
|move|p2a: Forretress|Volt Switch|p1a: Dragapult
|-resisted|p1a: Dragapult
|-damage|p1a: Dragapult|65/100
|
|t:|1758977707
|switch|p2a: Slowking|Slowking-Galar, F|100/100|[from] Volt Switch
|-sideend|p2: bertoskyT|move: Toxic Spikes|[of] p2a: Slowking
|
|-weather|Snowscape|[upkeep]
|upkeep
|turn|15
|
|t:|1758977714
|move|p1a: Dragapult|Dragon Darts|p2a: Slowking
|-damage|p2a: Slowking|80/100
|-anim|p1a: Dragapult|Dragon Darts|p2a: Slowking
|-damage|p2a: Slowking|59/100
|-prepare|p2a: Slowking|Chilly Reception|[premajor]
|move|p2a: Slowking|Chilly Reception|p2a: Slowking
|
|t:|1758977719
|switch|p2a: Dragapult|Dragapult, F, tera:Ghost|100/100|[from] Chilly Reception
|-damage|p2a: Dragapult|88/100|[from] Stealth Rock
|
|-weather|Snowscape|[upkeep]
|upkeep
|turn|16
|
|t:|1758977725
|switch|p1a: Weezing|Weezing-Galar, F|100/100
|-ability|p1a: Weezing|Neutralizing Gas
|move|p2a: Dragapult|Tera Blast|p1a: Weezing|[anim] Tera Blast Ghost
|-damage|p1a: Weezing|48/100
|
|-weather|none
|upkeep
|turn|17
|
|t:|1758977733
|-end|p1a: Weezing|ability: Neutralizing Gas
|switch|p1a: Dragonite|Dragonite, F, tera:Normal|100/100
|move|p2a: Dragapult|Tera Blast|p1a: Dragonite|[anim] Tera Blast Ghost
|-immune|p1a: Dragonite
|
|upkeep
|turn|18
|
|t:|1758977740
|switch|p2a: Landorus|Landorus-Therian, M|30/100
|-damage|p2a: Landorus|18/100|[from] Stealth Rock
|-ability|p2a: Landorus|Intimidate|boost
|-unboost|p1a: Dragonite|atk|1
|move|p1a: Dragonite|Dragon Dance|p1a: Dragonite
|-boost|p1a: Dragonite|atk|1
|-boost|p1a: Dragonite|spe|1
|
|upkeep
|turn|19
|
|t:|1758977747
|move|p1a: Dragonite|Dragon Dance|p1a: Dragonite
|-boost|p1a: Dragonite|atk|1
|-boost|p1a: Dragonite|spe|1
|move|p2a: Landorus|Taunt|p1a: Dragonite
|-start|p1a: Dragonite|move: Taunt
|
|upkeep
|turn|20
|
|t:|1758977753
|switch|p2a: Forretress|Forretress, M|88/100 brn
|-damage|p2a: Forretress|76/100 brn|[from] Stealth Rock
|move|p1a: Dragonite|Earthquake|p2a: Forretress
|-damage|p2a: Forretress|45/100 brn
|
|-damage|p2a: Forretress|39/100 brn|[from] brn
|upkeep
|turn|21
|l| gengar's style
|
|t:|1758977763
|switch|p2a: Landorus|Landorus-Therian, M|18/100
|-damage|p2a: Landorus|5/100|[from] Stealth Rock
|-ability|p2a: Landorus|Intimidate|boost
|-unboost|p1a: Dragonite|atk|1
|move|p1a: Dragonite|Earthquake|p2a: Landorus
|-immune|p2a: Landorus
|
|upkeep
|turn|22
|
|t:|1758977769
|move|p1a: Dragonite|Extreme Speed|p2a: Landorus
|-damage|p2a: Landorus|0 fnt
|-damage|p1a: Dragonite|84/100|[from] item: Rocky Helmet|[of] p2a: Landorus
|faint|p2a: Landorus
|
|-end|p1a: Dragonite|move: Taunt
|upkeep
|
|t:|1758977778
|switch|p2a: Dragapult|Dragapult, F, tera:Ghost|88/100
|-damage|p2a: Dragapult|76/100|[from] Stealth Rock
|turn|23
|
|t:|1758977785
|move|p1a: Dragonite|Earthquake|p2a: Dragapult
|-damage|p2a: Dragapult|26/100
|move|p2a: Dragapult|Tera Blast|p1a: Dragonite|[anim] Tera Blast Ghost
|-immune|p1a: Dragonite
|
|upkeep
|turn|24
|
|t:|1758977801
|switch|p2a: Ogerpon|Ogerpon-Wellspring, F|50/100
|-damage|p2a: Ogerpon|38/100|[from] Stealth Rock
|move|p1a: Dragonite|Dragon Dance|p1a: Dragonite
|-boost|p1a: Dragonite|atk|1
|-boost|p1a: Dragonite|spe|1
|
|upkeep
|turn|25
|
|t:|1758977807
|move|p1a: Dragonite|Extreme Speed|p2a: Ogerpon
|-damage|p2a: Ogerpon|0 fnt
|faint|p2a: Ogerpon
|
|upkeep
|
|t:|1758977810
|switch|p2a: Forretress|Forretress, M|39/100 brn
|-damage|p2a: Forretress|26/100 brn|[from] Stealth Rock
|turn|26
|
|t:|1758977817
|move|p1a: Dragonite|Earthquake|p2a: Forretress
|-damage|p2a: Forretress|0 fnt
|faint|p2a: Forretress
|
|upkeep
|-message|bertoskyT forfeited.
|
|win|Shibuya Arc
|raw|Shibuya Arc's rating: 1727 &rarr; <strong>1743</strong><br />(+16 for winning)
|raw|bertoskyT's rating: 1657 &rarr; <strong>1641</strong><br />(-16 for losing)
|l|☆bertoskyT
|player|p2|
|l|☆Shibuya Arc
|player|p1|
