|j|☆dianciexia蒂安希侠
|j|☆homerac
|t:|1759071572
|gametype|singles
|player|p1|dianciexia蒂安希侠|caitlin-masters|1350
|player|p2|homerac|266|1299
|gen|9
|tier|[Gen 9] OU
|rated|
|rule|HP Percentage Mod: HP is shown in percentages
|rule|Endless Battle Clause: Forcing endless battles is banned
|rule|Species Clause: Limit one of each Pokémon
|rule|OHKO Clause: OHKO moves are banned
|rule|Evasion Items Clause: Evasion items are banned
|rule|Evasion Moves Clause: Evasion moves are banned
|rule|Evasion Abilities Clause: Evasion abilities are banned
|rule|Sleep Moves Clause: Sleep-inducing moves are banned
|clearpoke
|poke|p1|Zamazenta-*|
|poke|p1|Dragapult, M|
|poke|p1|Raging Bolt|
|poke|p1|Moltres|
|poke|p1|Iron Treads|
|poke|p1|Samurott-Hisui, M|
|poke|p2|Araquanid, F|
|poke|p2|Darkrai|
|poke|p2|Garchomp, F|
|poke|p2|Primarina, F|
|poke|p2|Breloom, F|
|poke|p2|Oricorio-Pom-Pom, M|
|teampreview
|
|t:|1759071580
|teamsize|p1|6
|teamsize|p2|6
|start
|switch|p1a: 长脖奶龙|Raging Bolt|100/100
|switch|p2a: Primarina|Primarina, F|100/100
|turn|1
|
|t:|1759071587
|switch|p2a: Garchomp|Garchomp, F|100/100
|move|p1a: 长脖奶龙|Volt Switch|p2a: Garchomp
|-immune|p2a: Garchomp
|
|upkeep
|turn|2
|
|t:|1759071593
|-end|p1a: 长脖奶龙|Protosynthesis|[silent]
|switch|p1a: Moltres|Moltres|100/100
|move|p2a: Garchomp|Stealth Rock|p1a: Moltres
|-sidestart|p1: dianciexia蒂安希侠|move: Stealth Rock
|
|upkeep
|turn|3
|
|t:|1759071605
|switch|p2a: Araquanid|Araquanid, F|100/100
|move|p1a: Moltres|U-turn|p2a: Araquanid
|-damage|p2a: Araquanid|80/100
|
|t:|1759071607
|switch|p1a: 长脖奶龙|Raging Bolt|100/100|[from] U-turn
|
|-heal|p2a: Araquanid|86/100|[from] item: Leftovers
|upkeep
|turn|4
|
|t:|1759071646
|switch|p2a: Primarina|Primarina, F|100/100
|move|p1a: 长脖奶龙|Volt Switch|p2a: Primarina
|-supereffective|p2a: Primarina
|-damage|p2a: Primarina|55/100
|
|t:|1759071655
|-end|p1a: 长脖奶龙|Protosynthesis|[silent]
|switch|p1a: 24岁 喜欢发射孩子|Dragapult, M|100/100|[from] Volt Switch
|-damage|p1a: 24岁 喜欢发射孩子|88/100|[from] Stealth Rock
|
|upkeep
|turn|5
|
|t:|1759071659
|move|p1a: 24岁 喜欢发射孩子|U-turn|p2a: Primarina
|-resisted|p2a: Primarina
|-damage|p2a: Primarina|43/100
|
|t:|1759071666
|switch|p1a: 长脖奶龙|Raging Bolt|100/100|[from] U-turn
|move|p2a: Primarina|Moonblast|p1a: 长脖奶龙
|-supereffective|p1a: 长脖奶龙
|-damage|p1a: 长脖奶龙|0 fnt
|faint|p1a: 长脖奶龙
|-end|p1a: 长脖奶龙|Protosynthesis|[silent]
|
|upkeep
|
|t:|1759071671
|switch|p1a: 踩踩背|Iron Treads|100/100
|-damage|p1a: 踩踩背|98/100|[from] Stealth Rock
|turn|6
|
|t:|1759071676
|switch|p2a: Garchomp|Garchomp, F|100/100
|move|p1a: 踩踩背|Rapid Spin|p2a: Garchomp
|-damage|p2a: Garchomp|88/100
|-boost|p1a: 踩踩背|spe|1
|-damage|p1a: 踩踩背|85/100|[from] ability: Rough Skin|[of] p2a: Garchomp
|-damage|p1a: 踩踩背|69/100|[from] item: Rocky Helmet|[of] p2a: Garchomp
|-sideend|p1: dianciexia蒂安希侠|Stealth Rock|[from] move: Rapid Spin|[of] p1a: 踩踩背
|
|-heal|p1a: 踩踩背|75/100|[from] item: Leftovers
|upkeep
|turn|7
|
|t:|1759071686
|move|p1a: 踩踩背|Knock Off|p2a: Garchomp
|-damage|p2a: Garchomp|64/100
|-damage|p1a: 踩踩背|62/100|[from] ability: Rough Skin|[of] p2a: Garchomp
|-damage|p1a: 踩踩背|46/100|[from] item: Rocky Helmet|[of] p2a: Garchomp
|-enditem|p2a: Garchomp|Rocky Helmet|[from] move: Knock Off|[of] p1a: 踩踩背
|move|p2a: Garchomp|Stealth Rock|p1a: 踩踩背
|-sidestart|p1: dianciexia蒂安希侠|move: Stealth Rock
|
|-heal|p1a: 踩踩背|52/100|[from] item: Leftovers
|upkeep
|turn|8
|
|t:|1759071695
|move|p1a: 踩踩背|Earthquake|p2a: Garchomp
|-damage|p2a: Garchomp|25/100
|move|p2a: Garchomp|Earthquake|p1a: 踩踩背
|-supereffective|p1a: 踩踩背
|-damage|p1a: 踩踩背|0 fnt
|faint|p1a: 踩踩背
|-end|p1a: 踩踩背|Quark Drive|[silent]
|
|upkeep
|
|t:|1759071700
|switch|p1a: 90%≠don't blunder|Samurott-Hisui, M|100/100
|-damage|p1a: 90%≠don't blunder|88/100|[from] Stealth Rock
|turn|9
|
|t:|1759071714
|move|p2a: Garchomp|Earthquake|p1a: 90%≠don't blunder
|-damage|p1a: 90%≠don't blunder|15/100
|move|p1a: 90%≠don't blunder|Ceaseless Edge|p2a: Garchomp
|-damage|p2a: Garchomp|0 fnt
|-damage|p1a: 90%≠don't blunder|3/100|[from] ability: Rough Skin|[of] p2a: Garchomp
|-sidestart|p2: homerac|Spikes
|faint|p2a: Garchomp
|
|upkeep
|
|t:|1759071722
|switch|p2a: Breloom|Breloom, F|100/100
|-damage|p2a: Breloom|88/100|[from] Spikes
|turn|10
|
|t:|1759071728
|switch|p1a: Moltres|Moltres|100/100
|move|p2a: Breloom|Mach Punch|p1a: Moltres
|-resisted|p1a: Moltres
|-damage|p1a: Moltres|84/100
|
|upkeep
|turn|11
|
|t:|1759071735
|switch|p2a: Araquanid|Araquanid, F|86/100
|-damage|p2a: Araquanid|74/100|[from] Spikes
|move|p1a: Moltres|Flamethrower|p2a: Araquanid
|-damage|p2a: Araquanid|53/100
|
|-heal|p2a: Araquanid|59/100|[from] item: Leftovers
|upkeep
|turn|12
|
|t:|1759071745
|move|p1a: Moltres|Hurricane|p2a: Araquanid
|-supereffective|p2a: Araquanid
|-damage|p2a: Araquanid|0 fnt
|faint|p2a: Araquanid
|
|upkeep
|
|t:|1759071749
|switch|p2a: Oricorio|Oricorio-Pom-Pom, M|100/100
|turn|13
|
|t:|1759071753
|-terastallize|p1a: Moltres|Grass
|move|p2a: Oricorio|Quiver Dance|p2a: Oricorio
|-boost|p2a: Oricorio|spa|1
|-boost|p2a: Oricorio|spd|1
|-boost|p2a: Oricorio|spe|1
|move|p1a: Moltres|U-turn|p2a: Oricorio
|-resisted|p2a: Oricorio
|-damage|p2a: Oricorio|89/100
|
|t:|1759071758
|switch|p1a: 24岁 喜欢发射孩子|Dragapult, M|88/100|[from] U-turn
|-damage|p1a: 24岁 喜欢发射孩子|76/100|[from] Stealth Rock
|
|upkeep
|turn|14
|
|t:|1759071764
|move|p2a: Oricorio|Air Slash|p1a: 24岁 喜欢发射孩子
|-damage|p1a: 24岁 喜欢发射孩子|9/100
|move|p1a: 24岁 喜欢发射孩子|Shadow Ball|p2a: Oricorio
|-damage|p2a: Oricorio|33/100
|
|upkeep
|turn|15
|
|t:|1759071778
|move|p2a: Oricorio|Air Slash|p1a: 24岁 喜欢发射孩子|[miss]
|-miss|p2a: Oricorio|p1a: 24岁 喜欢发射孩子
|move|p1a: 24岁 喜欢发射孩子|Shadow Ball|p2a: Oricorio
|-damage|p2a: Oricorio|0 fnt
|faint|p2a: Oricorio
|
|upkeep
|
|t:|1759071786
|switch|p2a: Darkrai|Darkrai|100/100
|-damage|p2a: Darkrai|88/100|[from] Spikes
|turn|16
|
|t:|1759071790
|move|p1a: 24岁 喜欢发射孩子|Shadow Ball|p2a: Darkrai
|-resisted|p2a: Darkrai
|-damage|p2a: Darkrai|52/100
|-unboost|p2a: Darkrai|spd|1
|move|p2a: Darkrai|Dark Pulse|p1a: 24岁 喜欢发射孩子
|-supereffective|p1a: 24岁 喜欢发射孩子
|-damage|p1a: 24岁 喜欢发射孩子|0 fnt
|faint|p1a: 24岁 喜欢发射孩子
|
|upkeep
|
|t:|1759071793
|switch|p1a: 脑袋尖尖的|Zamazenta|100/100
|-damage|p1a: 脑袋尖尖的|94/100|[from] Stealth Rock
|-ability|p1a: 脑袋尖尖的|Dauntless Shield|boost
|-boost|p1a: 脑袋尖尖的|def|1
|turn|17
|
|t:|1759071814
|move|p1a: 脑袋尖尖的|Ice Fang|p2a: Darkrai
|-damage|p2a: Darkrai|15/100
|-damage|p1a: 脑袋尖尖的|85/100|[from] item: Life Orb
|move|p2a: Darkrai|Sludge Bomb|p1a: 脑袋尖尖的
|-damage|p1a: 脑袋尖尖的|54/100
|-status|p1a: 脑袋尖尖的|psn
|
|-damage|p1a: 脑袋尖尖的|41/100 psn|[from] psn
|upkeep
|turn|18
|
|t:|1759071823
|move|p1a: 脑袋尖尖的|Ice Fang|p2a: Darkrai
|-damage|p2a: Darkrai|0 fnt
|faint|p2a: Darkrai
|-damage|p1a: 脑袋尖尖的|32/100 psn|[from] item: Life Orb
|
|-damage|p1a: 脑袋尖尖的|19/100 psn|[from] psn
|upkeep
|
|t:|1759071834
|switch|p2a: Primarina|Primarina, F|43/100
|-damage|p2a: Primarina|31/100|[from] Spikes
|turn|19
|
|t:|1759071843
|move|p1a: 脑袋尖尖的|Psychic Fangs|p2a: Primarina
|-damage|p2a: Primarina|0 fnt
|faint|p2a: Primarina
|-damage|p1a: 脑袋尖尖的|9/100 psn|[from] item: Life Orb
|
|-damage|p1a: 脑袋尖尖的|0 fnt|[from] psn
|faint|p1a: 脑袋尖尖的
|upkeep
|
|t:|1759071849
|switch|p1a: Moltres|Moltres, tera:Grass|84/100
|switch|p2a: Breloom|Breloom, F|88/100
|-damage|p2a: Breloom|76/100|[from] Spikes
|turn|20
|
|t:|1759071859
|-terastallize|p2a: Breloom|Fairy
|move|p2a: Breloom|Mach Punch|p1a: Moltres
|-damage|p1a: Moltres|48/100
|-status|p2a: Breloom|brn|[from] ability: Flame Body|[of] p1a: Moltres
|move|p1a: Moltres|Flamethrower|p2a: Breloom
|-damage|p2a: Breloom|0 fnt
|faint|p2a: Breloom
|
|win|dianciexia蒂安希侠
|raw|dianciexia蒂安希侠's rating: 1350 &rarr; <strong>1367</strong><br />(+17 for winning)
|raw|homerac's rating: 1299 &rarr; <strong>1278</strong><br />(-21 for losing)
|l|☆dianciexia蒂安希侠
|player|p1|
|l|☆homerac
|player|p2|
