|j|☆LanceStern
|j|☆Excelio21
|t:|1759040018
|gametype|singles
|player|p1|LanceStern|brock|1417
|player|p2|Excelio21|riley|1438
|gen|9
|tier|[Gen 9] OU
|rated|
|rule|HP Percentage Mod: HP is shown in percentages
|rule|Endless Battle Clause: Forcing endless battles is banned
|rule|Species Clause: Limit one of each Pokémon
|rule|OHKO Clause: OHKO moves are banned
|rule|Evasion Items Clause: Evasion items are banned
|rule|Evasion Moves Clause: Evasion moves are banned
|rule|Evasion Abilities Clause: Evasion abilities are banned
|rule|Sleep Moves Clause: Sleep-inducing moves are banned
|clearpoke
|poke|p1|Iron Treads|
|poke|p1|Iron Valiant|
|poke|p1|Ogerpon-Wellspring, F|
|poke|p1|Iron Hands|
|poke|p1|Pincurchin, F|
|poke|p1|Iron Jugulis|
|poke|p2|Ogerpon-Wellspring, F|
|poke|p2|Blissey, F|
|poke|p2|Weezing-Galar, M|
|poke|p2|Primarina, M|
|poke|p2|Weavile, F|
|poke|p2|Pelipper, F|
|teampreview
|inactive|Battle timer is ON: inactive players will automatically lose when time's up. (requested by Excelio21)
|
|t:|1759040096
|teamsize|p1|6
|teamsize|p2|6
|start
|switch|p1a: Point-Guard|Pincurchin, F|100/100
|switch|p2a: Primarina|Primarina, M|100/100
|-fieldstart|move: Electric Terrain|[from] ability: Electric Surge|[of] p1a: Point-Guard
|turn|1
|
|t:|1759040102
|switch|p2a: Blissey|Blissey, F|100/100
|move|p1a: Point-Guard|Supercell Slam|p2a: Blissey
|-damage|p2a: Blissey|48/100
|
|-heal|p2a: Blissey|55/100|[from] item: Leftovers
|upkeep
|turn|2
|
|t:|1759040110
|move|p2a: Blissey|Stealth Rock|p1a: Point-Guard
|-sidestart|p1: LanceStern|move: Stealth Rock
|move|p1a: Point-Guard|Supercell Slam|p2a: Blissey
|-damage|p2a: Blissey|0 fnt
|faint|p2a: Blissey
|
|upkeep
|
|t:|1759040116
|switch|p2a: Weezing|Weezing-Galar, M|100/100
|turn|3
|inactive|LanceStern has 120 seconds left.
|
|t:|1759040156
|switch|p1a: Libero|Iron Treads|100/100
|-damage|p1a: Libero|97/100|[from] Stealth Rock
|-activate|p1a: Libero|ability: Quark Drive
|-start|p1a: Libero|quarkdrivespe
|move|p2a: Weezing|Will-O-Wisp|p1a: Libero|[miss]
|-miss|p2a: Weezing|p1a: Libero
|
|upkeep
|turn|4
|
|t:|1759040166
|move|p1a: Libero|Rapid Spin|p2a: Weezing
|-damage|p2a: Weezing|88/100
|-boost|p1a: Libero|spe|1
|-sideend|p1: LanceStern|Stealth Rock|[from] move: Rapid Spin|[of] p1a: Libero
|move|p2a: Weezing|Flamethrower|p1a: Libero
|-supereffective|p1a: Libero
|-damage|p1a: Libero|49/100
|
|-heal|p2a: Weezing|94/100|[from] item: Black Sludge
|upkeep
|turn|5
|inactive|LanceStern has 120 seconds left.
|
|t:|1759040186
|-end|p1a: Libero|Quark Drive|[silent]
|switch|p1a: Point-Guard|Pincurchin, F|100/100
|move|p2a: Weezing|Flamethrower|p1a: Point-Guard
|-damage|p1a: Point-Guard|75/100
|
|-heal|p2a: Weezing|99/100|[from] item: Black Sludge
|upkeep
|turn|6
|
|t:|1759040193
|move|p2a: Weezing|Will-O-Wisp|p1a: Point-Guard
|-status|p1a: Point-Guard|brn
|move|p1a: Point-Guard|Scald|p2a: Weezing
|-damage|p2a: Weezing|84/100
|
|-heal|p2a: Weezing|90/100|[from] item: Black Sludge
|-damage|p1a: Point-Guard|69/100 brn|[from] brn
|upkeep
|turn|7
|
|t:|1759040201
|move|p2a: Weezing|Sludge Wave|p1a: Point-Guard
|-damage|p1a: Point-Guard|34/100 brn
|move|p1a: Point-Guard|Supercell Slam|p2a: Weezing
|-damage|p2a: Weezing|63/100
|
|-heal|p2a: Weezing|69/100|[from] item: Black Sludge
|-damage|p1a: Point-Guard|28/100 brn|[from] brn
|upkeep
|turn|8
|
|t:|1759040210
|switch|p1a: Libero|Iron Treads|49/100
|-activate|p1a: Libero|ability: Quark Drive
|-start|p1a: Libero|quarkdrivespe
|move|p2a: Weezing|Flamethrower|p1a: Libero
|-supereffective|p1a: Libero
|-damage|p1a: Libero|0 fnt
|faint|p1a: Libero
|-end|p1a: Libero|Quark Drive|[silent]
|
|-heal|p2a: Weezing|75/100|[from] item: Black Sludge
|-fieldend|move: Electric Terrain
|upkeep
|
|t:|1759040217
|switch|p1a: Point-Guard|Pincurchin, F|28/100 brn
|-fieldstart|move: Electric Terrain|[from] ability: Electric Surge|[of] p1a: Point-Guard
|turn|9
|
|t:|1759040221
|move|p2a: Weezing|Sludge Wave|p1a: Point-Guard
|-damage|p1a: Point-Guard|0 fnt
|faint|p1a: Point-Guard
|
|-heal|p2a: Weezing|81/100|[from] item: Black Sludge
|upkeep
|
|t:|1759040224
|switch|p1a: Breaker|Iron Jugulis|100/100
|-activate|p1a: Breaker|ability: Quark Drive
|-start|p1a: Breaker|quarkdrivespe
|turn|10
|
|t:|1759040240
|move|p1a: Breaker|Air Slash|p2a: Weezing
|-damage|p2a: Weezing|46/100
|move|p2a: Weezing|Sludge Wave|p1a: Breaker
|-damage|p1a: Breaker|62/100
|
|-heal|p2a: Weezing|52/100|[from] item: Black Sludge
|upkeep
|turn|11
|
|t:|1759040252
|switch|p2a: Primarina|Primarina, M|100/100
|move|p1a: Breaker|Meteor Beam||[still]
|-prepare|p1a: Breaker|Meteor Beam
|-boost|p1a: Breaker|spa|1
|-enditem|p1a: Breaker|Power Herb
|-anim|p1a: Breaker|Meteor Beam|p2a: Primarina
|-damage|p2a: Primarina|50/100
|
|upkeep
|turn|12
|
|t:|1759040260
|move|p1a: Breaker|Air Slash|p2a: Primarina
|-damage|p2a: Primarina|3/100
|move|p2a: Primarina|Moonblast|p1a: Breaker
|-supereffective|p1a: Breaker
|-damage|p1a: Breaker|0 fnt
|faint|p1a: Breaker
|-end|p1a: Breaker|Quark Drive|[silent]
|
|upkeep
|
|t:|1759040266
|switch|p1a: Playmaker|Ogerpon-Wellspring, F|100/100
|turn|13
|
|t:|1759040273
|move|p1a: Playmaker|Play Rough|p2a: Primarina
|-damage|p2a: Primarina|0 fnt
|faint|p2a: Primarina
|
|upkeep
|
|t:|1759040278
|switch|p2a: Weezing|Weezing-Galar, M|52/100
|turn|14
|
|t:|1759040282
|switch|p2a: Ogerpon|Ogerpon-Wellspring, F|100/100
|move|p1a: Playmaker|Taunt|p2a: Ogerpon
|-start|p2a: Ogerpon|move: Taunt
|
|upkeep
|turn|15
|
|t:|1759040290
|move|p2a: Ogerpon|Horn Leech|p1a: Playmaker
|-damage|p1a: Playmaker|33/100
|move|p1a: Playmaker|Power Whip|p2a: Ogerpon
|-damage|p2a: Ogerpon|5/100
|
|upkeep
|turn|16
|
|t:|1759040298
|switch|p1a: Pathmaker|Iron Valiant|100/100
|-activate|p1a: Pathmaker|ability: Quark Drive
|-start|p1a: Pathmaker|quarkdrivespe
|move|p2a: Ogerpon|Horn Leech|p1a: Pathmaker
|-damage|p1a: Pathmaker|42/100
|-heal|p2a: Ogerpon|33/100|[from] drain|[of] p1a: Pathmaker
|
|-end|p2a: Ogerpon|move: Taunt
|-fieldend|move: Electric Terrain
|-end|p1a: Pathmaker|Quark Drive
|upkeep
|-enditem|p1a: Pathmaker|Booster Energy
|-activate|p1a: Pathmaker|ability: Quark Drive|[fromitem]
|-start|p1a: Pathmaker|quarkdrivespe
|turn|17
|
|t:|1759040311
|switch|p2a: Pelipper|Pelipper, F|100/100
|-weather|RainDance|[from] ability: Drizzle|[of] p2a: Pelipper
|move|p1a: Pathmaker|Moonblast|p2a: Pelipper
|-damage|p2a: Pelipper|31/100
|
|-weather|RainDance|[upkeep]
|upkeep
|turn|18
|
|t:|1759040318
|move|p1a: Pathmaker|Thunderbolt|p2a: Pelipper
|-supereffective|p2a: Pelipper
|-damage|p2a: Pelipper|0 fnt
|faint|p2a: Pelipper
|
|-weather|RainDance|[upkeep]
|upkeep
|
|t:|1759040324
|switch|p2a: Weavile|Weavile, F|100/100
|-ability|p2a: Weavile|Pressure
|turn|19
|
|t:|1759040327
|move|p2a: Weavile|Ice Shard|p1a: Pathmaker
|-damage|p1a: Pathmaker|0 fnt
|faint|p1a: Pathmaker
|-end|p1a: Pathmaker|Quark Drive|[silent]
|
|-weather|RainDance|[upkeep]
|upkeep
|
|t:|1759040332
|switch|p1a: Muscle|Iron Hands|100/100
|turn|20
|
|t:|1759040337
|switch|p2a: Ogerpon|Ogerpon-Wellspring, F|33/100
|move|p1a: Muscle|Supercell Slam|p2a: Ogerpon
|-damage|p2a: Ogerpon|0 fnt
|faint|p2a: Ogerpon
|
|-weather|RainDance|[upkeep]
|upkeep
|
|t:|1759040343
|switch|p2a: Weezing|Weezing-Galar, M|52/100
|turn|21
|
|t:|1759040353
|-terastallize|p2a: Weezing|Electric
|move|p2a: Weezing|Will-O-Wisp|p1a: Muscle
|-status|p1a: Muscle|brn
|move|p1a: Muscle|Supercell Slam|p2a: Weezing
|-resisted|p2a: Weezing
|-damage|p2a: Weezing|39/100
|
|-weather|none
|-damage|p2a: Weezing|27/100|[from] item: Black Sludge
|-damage|p1a: Muscle|94/100 brn|[from] brn
|upkeep
|turn|22
|
|t:|1759040366
|move|p2a: Weezing|Sludge Wave|p1a: Muscle
|-damage|p1a: Muscle|76/100 brn
|move|p1a: Muscle|Close Combat|p2a: Weezing
|-damage|p2a: Weezing|0 fnt
|-unboost|p1a: Muscle|def|1
|-unboost|p1a: Muscle|spd|1
|faint|p2a: Weezing
|
|-damage|p1a: Muscle|70/100 brn|[from] brn
|upkeep
|
|t:|1759040372
|switch|p2a: Weavile|Weavile, F|100/100
|-ability|p2a: Weavile|Pressure
|turn|23
|
|t:|1759040382
|move|p2a: Weavile|Icicle Crash|p1a: Muscle
|-damage|p1a: Muscle|6/100 brn
|move|p1a: Muscle|Close Combat|p2a: Weavile
|-supereffective|p2a: Weavile
|-damage|p2a: Weavile|0 fnt
|-unboost|p1a: Muscle|def|1
|-unboost|p1a: Muscle|spd|1
|faint|p2a: Weavile
|
|win|LanceStern
|raw|LanceStern's rating: 1417 &rarr; <strong>1438</strong><br />(+21 for winning)
|raw|Excelio21's rating: 1438 &rarr; <strong>1417</strong><br />(-21 for losing)
|l|☆Excelio21
|player|p2|
|l|☆LanceStern
|player|p1|
