|j|‽xFlod
|j|☆jielianhuan111
|t:|1758979845
|gametype|singles
|player|p1|xFlod|1|1183
|player|p2|jielianhuan111|169|1206
|gen|9
|tier|[Gen 9] OU
|rated|
|rule|HP Percentage Mod: HP is shown in percentages
|rule|Endless Battle Clause: Forcing endless battles is banned
|rule|Species Clause: Limit one of each Pokémon
|rule|OHKO Clause: OHKO moves are banned
|rule|Evasion Items Clause: Evasion items are banned
|rule|Evasion Moves Clause: Evasion moves are banned
|rule|Evasion Abilities Clause: Evasion abilities are banned
|rule|Sleep Moves Clause: Sleep-inducing moves are banned
|clearpoke
|poke|p1|Clefable, M|
|poke|p1|Glimmora, F|
|poke|p1|Iron Valiant|
|poke|p1|Araquanid, F|
|poke|p1|Iron Moth|
|poke|p1|Ambipom, M|
|poke|p2|Rotom-Wash|
|poke|p2|Araquanid, M|
|poke|p2|Enamorus, F|
|poke|p2|Iron Valiant|
|poke|p2|Samurott-Hisui, F|
|poke|p2|Iron Treads|
|teampreview
|inactive|Battle timer is ON: inactive players will automatically lose when time's up. (requested by jielianhuan111)
|
|t:|1758979863
|teamsize|p1|6
|teamsize|p2|6
|start
|switch|p1a: Clefable|Clefable, M|100/100
|switch|p2a: Araquanid|Araquanid, M|100/100
|turn|1
|
|t:|1758979870
|move|p1a: Clefable|Stealth Rock|p2a: Araquanid
|-sidestart|p2: jielianhuan111|move: Stealth Rock
|move|p2a: Araquanid|Sticky Web|p1a: Clefable
|-sidestart|p1: xFlod|move: Sticky Web
|
|upkeep
|turn|2
|
|t:|1758979883
|switch|p1a: Glimmora|Glimmora, F|100/100
|-activate|p1a: Glimmora|move: Sticky Web
|-unboost|p1a: Glimmora|spe|1
|move|p2a: Araquanid|Surf|p1a: Glimmora
|-supereffective|p1a: Glimmora
|-damage|p1a: Glimmora|0 fnt
|faint|p1a: Glimmora
|
|upkeep
|
|t:|1758979894
|switch|p1a: Iron Valiant|Iron Valiant|100/100
|-activate|p1a: Iron Valiant|move: Sticky Web
|-unboost|p1a: Iron Valiant|spe|1
|-enditem|p1a: Iron Valiant|Booster Energy
|-activate|p1a: Iron Valiant|ability: Quark Drive|[fromitem]
|-start|p1a: Iron Valiant|quarkdrivespa
|turn|3
|
|t:|1758979905
|move|p2a: Araquanid|Endure|p2a: Araquanid
|-singleturn|p2a: Araquanid|move: Endure
|move|p1a: Iron Valiant|Calm Mind|p1a: Iron Valiant
|-boost|p1a: Iron Valiant|spa|1
|-boost|p1a: Iron Valiant|spd|1
|
|upkeep
|turn|4
|
|t:|1758979911
|move|p1a: Iron Valiant|Calm Mind|p1a: Iron Valiant
|-boost|p1a: Iron Valiant|spa|1
|-boost|p1a: Iron Valiant|spd|1
|move|p2a: Araquanid|Surf|p1a: Iron Valiant
|-damage|p1a: Iron Valiant|51/100
|
|upkeep
|turn|5
|
|t:|1758979921
|move|p2a: Araquanid|Endure|p2a: Araquanid
|-singleturn|p2a: Araquanid|move: Endure
|move|p1a: Iron Valiant|Calm Mind|p1a: Iron Valiant
|-boost|p1a: Iron Valiant|spa|1
|-boost|p1a: Iron Valiant|spd|1
|
|upkeep
|turn|6
|
|t:|1758979927
|move|p1a: Iron Valiant|Thunderbolt|p2a: Araquanid
|-supereffective|p2a: Araquanid
|-damage|p2a: Araquanid|0 fnt
|faint|p2a: Araquanid
|
|upkeep
|
|t:|1758979936
|switch|p2a: Iron Treads|Iron Treads|100/100
|-damage|p2a: Iron Treads|98/100|[from] Stealth Rock
|turn|7
|
|t:|1758979950
|-end|p2a: Iron Treads|Quark Drive|[silent]
|switch|p2a: Rotom|Rotom-Wash|100/100
|-damage|p2a: Rotom|88/100|[from] Stealth Rock
|move|p1a: Iron Valiant|Vacuum Wave|p2a: Rotom
|-damage|p2a: Rotom|17/100
|
|upkeep
|turn|8
|
|t:|1758979965
|move|p1a: Iron Valiant|Vacuum Wave|p2a: Rotom
|-damage|p2a: Rotom|0 fnt
|faint|p2a: Rotom
|
|upkeep
|
|t:|1758979984
|switch|p2a: Enamorus|Enamorus, F|100/100
|-damage|p2a: Enamorus|76/100|[from] Stealth Rock
|turn|9
|
|t:|1758979991
|-terastallize|p2a: Enamorus|Stellar
|move|p1a: Iron Valiant|Vacuum Wave|p2a: Enamorus
|-resisted|p2a: Enamorus
|-damage|p2a: Enamorus|51/100
|move|p2a: Enamorus|Tera Blast|p1a: Iron Valiant|[anim] Tera Blast Stellar
|-damage|p1a: Iron Valiant|21/100
|-boost|p2a: Enamorus|atk|1
|-boost|p2a: Enamorus|spa|1
|
|upkeep
|turn|10
|
|t:|1758980011
|move|p2a: Enamorus|Tera Blast|p1a: Iron Valiant|[anim] Tera Blast Stellar
|-damage|p1a: Iron Valiant|0 fnt
|-boost|p2a: Enamorus|atk|1
|-boost|p2a: Enamorus|spa|1
|faint|p1a: Iron Valiant
|-end|p1a: Iron Valiant|Quark Drive|[silent]
|
|upkeep
|
|t:|1758980017
|switch|p1a: Araquanid|Araquanid, F|100/100
|-activate|p1a: Araquanid|move: Sticky Web
|-unboost|p1a: Araquanid|spe|1
|turn|11
|
|t:|1758980022
|move|p2a: Enamorus|Tera Blast|p1a: Araquanid|[anim] Tera Blast Stellar
|-damage|p1a: Araquanid|42/100
|-boost|p2a: Enamorus|atk|1
|-boost|p2a: Enamorus|spa|1
|move|p1a: Araquanid|Sticky Web|p2a: Enamorus
|-sidestart|p2: jielianhuan111|move: Sticky Web
|
|upkeep
|turn|12
|
|t:|1758980028
|move|p1a: Araquanid|Endure|p1a: Araquanid
|-singleturn|p1a: Araquanid|move: Endure
|move|p2a: Enamorus|Tera Blast|p1a: Araquanid|[anim] Tera Blast Stellar
|-activate|p1a: Araquanid|move: Endure
|-damage|p1a: Araquanid|1/100
|-boost|p2a: Enamorus|atk|1
|-boost|p2a: Enamorus|spa|1
|
|upkeep
|turn|13
|-enditem|p1a: Araquanid|Custap Berry|[eat]
|-activate|p1a: Araquanid|item: Custap Berry|[consumed]
|
|t:|1758980037
|switch|p2a: Iron Treads|Iron Treads|98/100
|-damage|p2a: Iron Treads|95/100|[from] Stealth Rock
|-activate|p2a: Iron Treads|move: Sticky Web
|-unboost|p2a: Iron Treads|spe|1
|move|p1a: Araquanid|Surf|p2a: Iron Treads
|-supereffective|p2a: Iron Treads
|-damage|p2a: Iron Treads|11/100
|
|-heal|p2a: Iron Treads|17/100|[from] item: Leftovers
|upkeep
|turn|14
|
|t:|1758980054
|move|p2a: Iron Treads|Rapid Spin|p1a: Araquanid
|-damage|p1a: Araquanid|0 fnt
|-boost|p2a: Iron Treads|spe|1
|-sideend|p2: jielianhuan111|Stealth Rock|[from] move: Rapid Spin|[of] p2a: Iron Treads
|-sideend|p2: jielianhuan111|Sticky Web|[from] move: Rapid Spin|[of] p2a: Iron Treads
|faint|p1a: Araquanid
|
|-heal|p2a: Iron Treads|23/100|[from] item: Leftovers
|upkeep
|
|t:|1758980065
|switch|p1a: Clefable|Clefable, M|100/100
|-activate|p1a: Clefable|move: Sticky Web
|-unboost|p1a: Clefable|spe|1
|turn|15
|
|t:|1758980071
|move|p2a: Iron Treads|Knock Off|p1a: Clefable
|-resisted|p1a: Clefable
|-damage|p1a: Clefable|90/100
|-enditem|p1a: Clefable|Sticky Barb|[from] move: Knock Off|[of] p2a: Iron Treads
|move|p1a: Clefable|Flamethrower|p2a: Iron Treads
|-supereffective|p2a: Iron Treads
|-damage|p2a: Iron Treads|0 fnt
|faint|p2a: Iron Treads
|-end|p2a: Iron Treads|Quark Drive|[silent]
|
|upkeep
|
|t:|1758980079
|switch|p2a: Samurott|Samurott-Hisui, F|100/100
|turn|16
|
|t:|1758980086
|move|p2a: Samurott|Ceaseless Edge|p1a: Clefable|[miss]
|-miss|p2a: Samurott|p1a: Clefable
|move|p1a: Clefable|Stealth Rock|p2a: Samurott
|-sidestart|p2: jielianhuan111|move: Stealth Rock
|
|upkeep
|turn|17
|
|t:|1758980093
|move|p2a: Samurott|Ceaseless Edge|p1a: Clefable
|-resisted|p1a: Clefable
|-crit|p1a: Clefable
|-damage|p1a: Clefable|59/100
|-sidestart|p1: xFlod|Spikes
|move|p1a: Clefable|Moonblast|p2a: Samurott
|-supereffective|p2a: Samurott
|-damage|p2a: Samurott|10/100
|
|upkeep
|turn|18
|
|t:|1758980113
|move|p2a: Samurott|Ceaseless Edge|p1a: Clefable
|-resisted|p1a: Clefable
|-damage|p1a: Clefable|39/100
|-sidestart|p1: xFlod|Spikes
|move|p1a: Clefable|Moonblast|p2a: Samurott
|-supereffective|p2a: Samurott
|-damage|p2a: Samurott|0 fnt
|faint|p2a: Samurott
|
|upkeep
|
|t:|1758980127
|switch|p2a: Iron Valiant|Iron Valiant|100/100
|-damage|p2a: Iron Valiant|94/100|[from] Stealth Rock
|-enditem|p2a: Iron Valiant|Booster Energy
|-activate|p2a: Iron Valiant|ability: Quark Drive|[fromitem]
|-start|p2a: Iron Valiant|quarkdrivespe
|turn|19
|
|t:|1758980143
|move|p2a: Iron Valiant|Close Combat|p1a: Clefable
|-resisted|p1a: Clefable
|-damage|p1a: Clefable|13/100
|-unboost|p2a: Iron Valiant|def|1
|-unboost|p2a: Iron Valiant|spd|1
|move|p1a: Clefable|Flamethrower|p2a: Iron Valiant
|-damage|p2a: Iron Valiant|38/100
|
|upkeep
|turn|20
|
|t:|1758980165
|move|p2a: Iron Valiant|Close Combat|p1a: Clefable
|-resisted|p1a: Clefable
|-damage|p1a: Clefable|0 fnt
|-unboost|p2a: Iron Valiant|def|1
|-unboost|p2a: Iron Valiant|spd|1
|faint|p1a: Clefable
|
|upkeep
|inactive|xFlod has 120 seconds left.
|
|t:|1758980180
|switch|p1a: Ambipom|Ambipom, M|100/100
|turn|21
|
|t:|1758980185
|move|p1a: Ambipom|Fake Out|p2a: Iron Valiant
|-damage|p2a: Iron Valiant|0 fnt
|faint|p2a: Iron Valiant
|-end|p2a: Iron Valiant|Quark Drive|[silent]
|
|upkeep
|
|t:|1758980188
|switch|p2a: Enamorus|Enamorus, F, tera:Stellar|51/100
|-damage|p2a: Enamorus|26/100|[from] Stealth Rock
|turn|22
|
|t:|1758980197
|move|p2a: Enamorus|Tera Blast|p1a: Ambipom|[anim] Tera Blast Stellar
|-damage|p1a: Ambipom|47/100
|-boost|p2a: Enamorus|atk|1
|-boost|p2a: Enamorus|spa|1
|move|p1a: Ambipom|Smack Down|p2a: Enamorus
|-supereffective|p2a: Enamorus
|-damage|p2a: Enamorus|0 fnt
|faint|p2a: Enamorus
|
|win|xFlod
|raw|xFlod's rating: 1183 &rarr; <strong>1210</strong><br />(+27 for winning)
|raw|jielianhuan111's rating: 1206 &rarr; <strong>1179</strong><br />(-27 for losing)
|l|☆jielianhuan111
|player|p2|
|l|‽xFlod
|player|p1|
