|j|☆erswqfvqsgfv
|j|☆kabomz
|t:|1759052196
|gametype|singles
|player|p1|erswqfvqsgfv|266|1101
|player|p2|kabomz|1|1139
|gen|9
|tier|[Gen 9] OU
|rated|
|rule|HP Percentage Mod: HP is shown in percentages
|rule|Endless Battle Clause: Forcing endless battles is banned
|rule|Species Clause: Limit one of each Pokémon
|rule|OHKO Clause: OHKO moves are banned
|rule|Evasion Items Clause: Evasion items are banned
|rule|Evasion Moves Clause: Evasion moves are banned
|rule|Evasion Abilities Clause: Evasion abilities are banned
|rule|Sleep Moves Clause: Sleep-inducing moves are banned
|clearpoke
|poke|p1|Hydrapple, M|
|poke|p1|Skarmory, F|
|poke|p1|Tyranitar, F|
|poke|p1|Alomomola, M|
|poke|p1|Clodsire, F|
|poke|p1|Clefable, F|
|poke|p2|Kingambit, M|
|poke|p2|Deoxys-Speed|
|poke|p2|Great Tusk|
|poke|p2|Dragonite, M|
|poke|p2|Iron Moth|
|poke|p2|Primarina, M|
|teampreview
|inactive|Battle timer is ON: inactive players will automatically lose when time's up. (requested by erswqfvqsgfv)
|
|t:|1759052223
|teamsize|p1|6
|teamsize|p2|6
|start
|switch|p1a: Tyranitar|Tyranitar, F|100/100
|switch|p2a: Anomаly|Iron Moth|100/100
|-weather|Sandstorm|[from] ability: Sand Stream|[of] p1a: Tyranitar
|-enditem|p2a: Anomаly|Booster Energy
|-activate|p2a: Anomаly|ability: Quark Drive|[fromitem]
|-start|p2a: Anomаly|quarkdrivespe
|turn|1
|
|t:|1759052236
|move|p2a: Anomаly|Toxic Spikes|p1a: Tyranitar
|-sidestart|p1: erswqfvqsgfv|move: Toxic Spikes
|move|p1a: Tyranitar|Stealth Rock|p2a: Anomаly
|-sidestart|p2: kabomz|move: Stealth Rock
|
|-weather|Sandstorm|[upkeep]
|-damage|p2a: Anomаly|95/100|[from] Sandstorm
|upkeep
|turn|2
|
|t:|1759052245
|-end|p2a: Anomаly|Quark Drive|[silent]
|switch|p2a: Siren|Primarina, M|100/100
|-damage|p2a: Siren|88/100|[from] Stealth Rock
|move|p1a: Tyranitar|Knock Off|p2a: Siren
|-resisted|p2a: Siren
|-damage|p2a: Siren|58/100
|-enditem|p2a: Siren|Assault Vest|[from] move: Knock Off|[of] p1a: Tyranitar
|
|-weather|Sandstorm|[upkeep]
|-damage|p2a: Siren|52/100|[from] Sandstorm
|upkeep
|turn|3
|
|t:|1759052257
|switch|p1a: Clodsire|Clodsire, F|100/100
|-sideend|p1: erswqfvqsgfv|move: Toxic Spikes|[of] p1a: Clodsire
|move|p2a: Siren|Moonblast|p1a: Clodsire
|-resisted|p1a: Clodsire
|-damage|p1a: Clodsire|82/100
|
|-weather|Sandstorm|[upkeep]
|-damage|p2a: Siren|46/100|[from] Sandstorm
|upkeep
|turn|4
|
|t:|1759052281
|move|p2a: Siren|Surf|p1a: Clodsire
|-supereffective|p1a: Clodsire
|-damage|p1a: Clodsire|19/100
|move|p1a: Clodsire|Toxic|p2a: Siren
|-status|p2a: Siren|tox
|
|-weather|Sandstorm|[upkeep]
|-damage|p2a: Siren|40/100 tox|[from] Sandstorm
|-damage|p2a: Siren|33/100 tox|[from] psn
|upkeep
|turn|5
|
|t:|1759052291
|switch|p1a: Alomomola|Alomomola, M, shiny|100/100
|move|p2a: Siren|Surf|p1a: Alomomola
|-resisted|p1a: Alomomola
|-damage|p1a: Alomomola|64/100
|
|-weather|none
|-damage|p2a: Siren|21/100 tox|[from] psn
|upkeep
|turn|6
|inactive|kabomz has 120 seconds left.
|
|t:|1759052318
|switch|p2a: Anomaly|Great Tusk|100/100
|-damage|p2a: Anomaly|98/100|[from] Stealth Rock
|-enditem|p2a: Anomaly|Booster Energy
|-activate|p2a: Anomaly|ability: Protosynthesis|[fromitem]
|-start|p2a: Anomaly|protosynthesisatk
|move|p1a: Alomomola|Wish|p1a: Alomomola
|
|upkeep
|turn|7
|
|t:|1759052328
|switch|p1a: Skarmory|Skarmory, F|100/100
|move|p2a: Anomaly|Rapid Spin|p1a: Skarmory
|-resisted|p1a: Skarmory
|-damage|p1a: Skarmory|94/100
|-boost|p2a: Anomaly|spe|1
|-damage|p2a: Anomaly|81/100|[from] item: Rocky Helmet|[of] p1a: Skarmory
|-sideend|p2: kabomz|Stealth Rock|[from] move: Rapid Spin|[of] p2a: Anomaly
|
|-heal|p1a: Skarmory|100/100|[from] move: Wish|[wisher] Alomomola
|upkeep
|turn|8
|
|t:|1759052343
|-end|p2a: Anomaly|Protosynthesis|[silent]
|switch|p2a: Anomаly|Iron Moth|95/100
|move|p1a: Skarmory|Spikes|p2a: Anomаly
|-sidestart|p2: kabomz|Spikes
|
|upkeep
|turn|9
|
|t:|1759052349
|switch|p1a: Clodsire|Clodsire, F|19/100
|move|p2a: Anomаly|Fiery Dance|p1a: Clodsire
|-damage|p1a: Clodsire|0 fnt
|-boost|p2a: Anomаly|spa|1
|faint|p1a: Clodsire
|
|upkeep
|
|t:|1759052355
|switch|p1a: Tyranitar|Tyranitar, F|100/100
|-weather|Sandstorm|[from] ability: Sand Stream|[of] p1a: Tyranitar
|turn|10
|
|t:|1759052375
|-end|p2a: Anomаly|Quark Drive|[silent]
|switch|p2a: Anomaly|Great Tusk|81/100
|-damage|p2a: Anomaly|69/100|[from] Spikes
|move|p1a: Tyranitar|Roar|p2a: Anomaly
|-end|p2a: Anomaly|Protosynthesis|[silent]
|drag|p2a: Anomаly|Iron Moth|95/100
|-damage|p2a: Anomаly|82/100|[from] Spikes
|
|-weather|Sandstorm|[upkeep]
|-damage|p2a: Anomаly|76/100|[from] Sandstorm
|upkeep
|turn|11
|inactive|kabomz has 120 seconds left.
|
|t:|1759052395
|-terastallize|p2a: Anomаly|Ground
|move|p2a: Anomаly|Tera Blast|p1a: Tyranitar|[anim] Tera Blast Ground
|-supereffective|p1a: Tyranitar
|-damage|p1a: Tyranitar|65/100
|move|p1a: Tyranitar|Stealth Rock|p2a: Anomаly
|-sidestart|p2: kabomz|move: Stealth Rock
|
|-weather|Sandstorm|[upkeep]
|upkeep
|turn|12
|
|t:|1759052408
|switch|p1a: Alomomola|Alomomola, M, shiny|97/100
|move|p2a: Anomаly|Tera Blast|p1a: Alomomola|[anim] Tera Blast Ground
|-damage|p1a: Alomomola|61/100
|
|-weather|Sandstorm|[upkeep]
|-damage|p1a: Alomomola|55/100|[from] Sandstorm
|upkeep
|turn|13
|inactive|kabomz has 120 seconds left.
|
|t:|1759052424
|move|p2a: Anomаly|Sludge Wave|p1a: Alomomola
|-damage|p1a: Alomomola|10/100
|-status|p1a: Alomomola|psn
|move|p1a: Alomomola|Wish|p1a: Alomomola
|
|-weather|Sandstorm|[upkeep]
|-damage|p1a: Alomomola|4/100 psn|[from] Sandstorm
|-damage|p1a: Alomomola|0 fnt|[from] psn
|faint|p1a: Alomomola
|upkeep
|
|t:|1759052430
|switch|p1a: Tyranitar|Tyranitar, F|65/100
|turn|14
|
|t:|1759052442
|move|p2a: Anomаly|Tera Blast|p1a: Tyranitar|[anim] Tera Blast Ground
|-supereffective|p1a: Tyranitar
|-damage|p1a: Tyranitar|29/100
|move|p1a: Tyranitar|Ice Beam|p2a: Anomаly
|-supereffective|p2a: Anomаly
|-damage|p2a: Anomаly|37/100
|
|-weather|none
|-heal|p1a: Tyranitar|87/100|[from] move: Wish|[wisher] Alomomola
|upkeep
|turn|15
|
|t:|1759052456
|-end|p2a: Anomаly|Quark Drive|[silent]
|switch|p2a: Anomaly|Great Tusk|69/100
|-damage|p2a: Anomaly|56/100|[from] Spikes
|-damage|p2a: Anomaly|53/100|[from] Stealth Rock
|move|p1a: Tyranitar|Ice Beam|p2a: Anomaly
|-supereffective|p2a: Anomaly
|-crit|p2a: Anomaly
|-damage|p2a: Anomaly|0 fnt
|faint|p2a: Anomaly
|-end|p2a: Anomaly|Protosynthesis|[silent]
|
|upkeep
|inactive|kabomz has 120 seconds left.
|
|t:|1759052477
|switch|p2a: Yoshi|Dragonite, M, shiny|100/100
|-damage|p2a: Yoshi|76/100|[from] Stealth Rock
|turn|16
|inactive|kabomz has 120 seconds left.
|
|t:|1759052493
|switch|p1a: Skarmory|Skarmory, F|100/100
|move|p2a: Yoshi|Extreme Speed|p1a: Skarmory
|-resisted|p1a: Skarmory
|-damage|p1a: Skarmory|86/100
|-damage|p2a: Yoshi|59/100|[from] item: Rocky Helmet|[of] p1a: Skarmory
|
|upkeep
|turn|17
|inactive|kabomz has 120 seconds left.
|
|t:|1759052513
|switch|p2a: Anomаly|Iron Moth, tera:Ground|37/100
|-damage|p2a: Anomаly|25/100|[from] Spikes
|-damage|p2a: Anomаly|19/100|[from] Stealth Rock
|move|p1a: Skarmory|Spikes|p2a: Anomаly
|-sidestart|p2: kabomz|Spikes
|
|upkeep
|turn|18
|
|t:|1759052521
|switch|p1a: Tyranitar|Tyranitar, F|87/100
|-weather|Sandstorm|[from] ability: Sand Stream|[of] p1a: Tyranitar
|move|p2a: Anomаly|Fiery Dance|p1a: Tyranitar
|-resisted|p1a: Tyranitar
|-damage|p1a: Tyranitar|78/100
|-boost|p2a: Anomаly|spa|1
|
|-weather|Sandstorm|[upkeep]
|upkeep
|turn|19
|
|t:|1759052531
|move|p2a: Anomаly|Tera Blast|p1a: Tyranitar|[anim] Tera Blast Ground
|-supereffective|p1a: Tyranitar
|-damage|p1a: Tyranitar|25/100
|move|p1a: Tyranitar|Ice Beam|p2a: Anomаly
|-supereffective|p2a: Anomаly
|-damage|p2a: Anomаly|0 fnt
|faint|p2a: Anomаly
|-end|p2a: Anomаly|Quark Drive|[silent]
|
|-weather|Sandstorm|[upkeep]
|upkeep
|
|t:|1759052541
|switch|p2a: Yoshi|Dragonite, M, shiny|59/100
|-damage|p2a: Yoshi|34/100|[from] Stealth Rock
|turn|20
|
|t:|1759052546
|switch|p1a: Skarmory|Skarmory, F|86/100
|move|p2a: Yoshi|Outrage|p1a: Skarmory
|-resisted|p1a: Skarmory
|-crit|p1a: Skarmory
|-damage|p1a: Skarmory|33/100
|-damage|p2a: Yoshi|18/100|[from] item: Rocky Helmet|[of] p1a: Skarmory
|
|-weather|Sandstorm|[upkeep]
|-damage|p2a: Yoshi|12/100|[from] Sandstorm
|upkeep
|turn|21
|
|t:|1759052555
|move|p2a: Yoshi|Outrage|p1a: Skarmory|[from] lockedmove
|-resisted|p1a: Skarmory
|-damage|p1a: Skarmory|2/100
|-damage|p2a: Yoshi|0 fnt|[from] item: Rocky Helmet|[of] p1a: Skarmory
|faint|p2a: Yoshi
|move|p1a: Skarmory|Roost|p1a: Skarmory
|-heal|p1a: Skarmory|52/100
|-singleturn|p1a: Skarmory|move: Roost
|
|-weather|Sandstorm|[upkeep]
|upkeep
|inactive|kabomz has 120 seconds left.
|
|t:|1759052567
|switch|p2a: Siren|Primarina, M|21/100 tox
|-damage|p2a: Siren|4/100 tox|[from] Spikes
|-damage|p2a: Siren|0 fnt|[from] Stealth Rock
|faint|p2a: Siren
|inactive|kabomz has 120 seconds left.
|
|t:|1759052573
|switch|p2a: Moebius|Deoxys-Speed|100/100
|-damage|p2a: Moebius|84/100|[from] Spikes
|-damage|p2a: Moebius|71/100|[from] Stealth Rock
|-ability|p2a: Moebius|Pressure
|turn|22
|inactive|kabomz has 120 seconds left.
|
|t:|1759052592
|move|p2a: Moebius|Nasty Plot|p2a: Moebius
|-boost|p2a: Moebius|spa|2
|move|p1a: Skarmory|Roost|p1a: Skarmory
|-heal|p1a: Skarmory|100/100
|-singleturn|p1a: Skarmory|move: Roost
|
|-weather|none
|upkeep
|turn|23
|inactive|kabomz has 120 seconds left.
|
|t:|1759052599
|switch|p1a: Tyranitar|Tyranitar, F|25/100
|-weather|Sandstorm|[from] ability: Sand Stream|[of] p1a: Tyranitar
|move|p2a: Moebius|Nasty Plot|p2a: Moebius
|-boost|p2a: Moebius|spa|2
|
|-weather|Sandstorm|[upkeep]
|-damage|p2a: Moebius|65/100|[from] Sandstorm
|upkeep
|turn|24
|inactive|kabomz has 120 seconds left.
|
|t:|1759052615
|move|p2a: Moebius|Focus Blast|p1a: Tyranitar|[miss]
|-miss|p2a: Moebius|p1a: Tyranitar
|move|p1a: Tyranitar|Knock Off|p2a: Moebius
|-supereffective|p2a: Moebius
|-damage|p2a: Moebius|0 fnt
|-enditem|p2a: Moebius|Life Orb|[from] move: Knock Off|[of] p1a: Tyranitar
|faint|p2a: Moebius
|
|-weather|Sandstorm|[upkeep]
|upkeep
|
|t:|1759052624
|switch|p2a: Meruem|Kingambit, M|100/100
|-damage|p2a: Meruem|84/100|[from] Spikes
|-damage|p2a: Meruem|78/100|[from] Stealth Rock
|-activate|p2a: Meruem|ability: Supreme Overlord
|-start|p2a: Meruem|fallen5|[silent]
|turn|25
|inactive|kabomz has 120 seconds left.
|
|t:|1759052631
|switch|p1a: Clefable|Clefable, F|100/100
|move|p2a: Meruem|Iron Head|p1a: Clefable
|-supereffective|p1a: Clefable
|-damage|p1a: Clefable|2/100
|
|-weather|Sandstorm|[upkeep]
|-heal|p2a: Meruem|84/100|[from] item: Leftovers
|upkeep
|turn|26
|
|t:|1759052640
|move|p2a: Meruem|Swords Dance|p2a: Meruem
|-boost|p2a: Meruem|atk|2
|move|p1a: Clefable|Knock Off|p2a: Meruem
|-resisted|p2a: Meruem
|-damage|p2a: Meruem|78/100
|-enditem|p2a: Meruem|Leftovers|[from] move: Knock Off|[of] p1a: Clefable
|
|-weather|Sandstorm|[upkeep]
|upkeep
|turn|27
|
|t:|1759052650
|move|p2a: Meruem|Swords Dance|p2a: Meruem
|-boost|p2a: Meruem|atk|2
|move|p1a: Clefable|Wish|p1a: Clefable
|
|-weather|none
|upkeep
|turn|28
|
|t:|1759052655
|move|p2a: Meruem|Iron Head|p1a: Clefable
|-supereffective|p1a: Clefable
|-damage|p1a: Clefable|0 fnt
|faint|p1a: Clefable
|
|-damage|p2a: Meruem|66/100|[from] item: Sticky Barb
|upkeep
|
|t:|1759052660
|switch|p1a: Skarmory|Skarmory, F|100/100
|turn|29
|
|t:|1759052665
|move|p1a: Skarmory|Body Press|p2a: Meruem
|-supereffective|p2a: Meruem
|-damage|p2a: Meruem|0 fnt
|faint|p2a: Meruem
|-end|p2a: Meruem|fallen5|[silent]
|
|win|erswqfvqsgfv
|raw|erswqfvqsgfv's rating: 1101 &rarr; <strong>1129</strong><br />(+28 for winning)
|raw|kabomz's rating: 1139 &rarr; <strong>1111</strong><br />(-28 for losing)
|l|☆erswqfvqsgfv
|player|p1|
