|j|☆1211zoro
|j|☆Elliottheeight
|t:|1758919344
|gametype|singles
|player|p1|1211zoro|170|1117
|player|p2|Elliottheeight|1|1061
|gen|9
|tier|[Gen 9] OU
|rated|
|rule|HP Percentage Mod: HP is shown in percentages
|rule|Endless Battle Clause: Forcing endless battles is banned
|rule|Species Clause: Limit one of each Pokémon
|rule|OHKO Clause: OHKO moves are banned
|rule|Evasion Items Clause: Evasion items are banned
|rule|Evasion Moves Clause: Evasion moves are banned
|rule|Evasion Abilities Clause: Evasion abilities are banned
|rule|Sleep Moves Clause: Sleep-inducing moves are banned
|clearpoke
|poke|p1|Glimmora, F|
|poke|p1|Nosepass, L1, M|
|poke|p1|Registeel|
|poke|p1|Corviknight, M|
|poke|p1|Dragapult, M|
|poke|p1|Gliscor, M|
|poke|p2|Great Tusk|
|poke|p2|Zapdos|
|poke|p2|Pelipper, F|
|poke|p2|Gholdengo|
|poke|p2|Ogerpon-Wellspring, F|
|poke|p2|Corviknight, M|
|teampreview
|
|t:|1758919367
|teamsize|p1|6
|teamsize|p2|6
|start
|switch|p1a: Registeel|Registeel|100/100
|switch|p2a: Great Tusk|Great Tusk|100/100
|-enditem|p2a: Great Tusk|Booster Energy
|-activate|p2a: Great Tusk|ability: Protosynthesis|[fromitem]
|-start|p2a: Great Tusk|protosynthesisspe
|turn|1
|
|t:|1758919378
|move|p2a: Great Tusk|Stealth Rock|p1a: Registeel
|-sidestart|p1: 1211zoro|move: Stealth Rock
|move|p1a: Registeel|Iron Defense|p1a: Registeel
|-boost|p1a: Registeel|def|2
|
|upkeep
|turn|2
|
|t:|1758919386
|move|p2a: Great Tusk|Earthquake|p1a: Registeel
|-supereffective|p1a: Registeel
|-damage|p1a: Registeel|75/100
|move|p1a: Registeel|Iron Defense|p1a: Registeel
|-boost|p1a: Registeel|def|2
|
|upkeep
|turn|3
|
|t:|1758919397
|move|p2a: Great Tusk|Earthquake|p1a: Registeel
|-supereffective|p1a: Registeel
|-damage|p1a: Registeel|59/100
|move|p1a: Registeel|Body Press|p2a: Great Tusk
|-damage|p2a: Great Tusk|46/100
|
|upkeep
|turn|4
|c|☆Elliottheeight|Gurphy no
|
|t:|1758919408
|move|p2a: Great Tusk|Earthquake|p1a: Registeel
|-supereffective|p1a: Registeel
|-damage|p1a: Registeel|42/100
|move|p1a: Registeel|Iron Defense|p1a: Registeel
|-boost|p1a: Registeel|def|2
|
|upkeep
|turn|5
|
|t:|1758919415
|move|p2a: Great Tusk|Earthquake|p1a: Registeel
|-supereffective|p1a: Registeel
|-damage|p1a: Registeel|29/100
|move|p1a: Registeel|Body Press|p2a: Great Tusk
|-damage|p2a: Great Tusk|0 fnt
|faint|p2a: Great Tusk
|-end|p2a: Great Tusk|Protosynthesis|[silent]
|
|upkeep
|
|t:|1758919429
|switch|p2a: Gholdengo|Gholdengo|100/100
|turn|6
|
|t:|1758919438
|move|p2a: Gholdengo|Nasty Plot|p2a: Gholdengo
|-boost|p2a: Gholdengo|spa|2
|move|p1a: Registeel|Rest|p1a: Registeel
|-status|p1a: Registeel|slp|[from] move: Rest
|-heal|p1a: Registeel|100/100 slp|[silent]
|-enditem|p1a: Registeel|Chesto Berry|[eat]
|-curestatus|p1a: Registeel|slp|[msg]
|
|upkeep
|turn|7
|
|t:|1758919454
|switch|p2a: Pelipper|Pelipper, F|100/100
|-weather|RainDance|[from] ability: Drizzle|[of] p2a: Pelipper
|move|p1a: Registeel|Earthquake|p2a: Pelipper
|-immune|p2a: Pelipper
|
|-weather|RainDance|[upkeep]
|upkeep
|turn|8
|
|t:|1758919465
|move|p2a: Pelipper|Tailwind|p2a: Pelipper
|-sidestart|p2: Elliottheeight|move: Tailwind
|move|p1a: Registeel|Body Press|p2a: Pelipper
|-resisted|p2a: Pelipper
|-damage|p2a: Pelipper|41/100
|
|-weather|RainDance|[upkeep]
|upkeep
|turn|9
|
|t:|1758919476
|move|p2a: Pelipper|Hurricane|p1a: Registeel
|-resisted|p1a: Registeel
|-damage|p1a: Registeel|83/100
|move|p1a: Registeel|Body Press|p2a: Pelipper
|-resisted|p2a: Pelipper
|-damage|p2a: Pelipper|0 fnt
|faint|p2a: Pelipper
|
|-weather|RainDance|[upkeep]
|upkeep
|
|t:|1758919483
|switch|p2a: Gholdengo|Gholdengo|100/100
|turn|10
|
|t:|1758919505
|move|p2a: Gholdengo|Trick|p1a: Registeel
|-activate|p2a: Gholdengo|move: Trick|[of] p1a: Registeel
|-item|p1a: Registeel|Choice Scarf|[from] move: Trick
|-enditem|p2a: Gholdengo|Choice Scarf|[silent]|[from] move: Trick
|move|p1a: Registeel|Earthquake|p2a: Gholdengo
|-supereffective|p2a: Gholdengo
|-damage|p2a: Gholdengo|61/100
|
|-weather|RainDance|[upkeep]
|upkeep
|turn|11
|
|t:|1758919517
|move|p2a: Gholdengo|Nasty Plot|p2a: Gholdengo
|-boost|p2a: Gholdengo|spa|2
|move|p1a: Registeel|Earthquake|p2a: Gholdengo
|-supereffective|p2a: Gholdengo
|-damage|p2a: Gholdengo|22/100
|
|-weather|RainDance|[upkeep]
|-sideend|p2: Elliottheeight|move: Tailwind
|upkeep
|turn|12
|
|t:|1758919526
|move|p2a: Gholdengo|Shadow Ball|p1a: Registeel
|-damage|p1a: Registeel|22/100
|move|p1a: Registeel|Earthquake|p2a: Gholdengo
|-supereffective|p2a: Gholdengo
|-damage|p2a: Gholdengo|0 fnt
|faint|p2a: Gholdengo
|
|-weather|RainDance|[upkeep]
|upkeep
|
|t:|1758919534
|switch|p2a: Zapdos|Zapdos|100/100
|turn|13
|
|t:|1758919540
|switch|p1a: Gliscor|Gliscor, M|100/100
|-damage|p1a: Gliscor|88/100|[from] Stealth Rock
|move|p2a: Zapdos|Hurricane|p1a: Gliscor
|-damage|p1a: Gliscor|28/100
|-start|p1a: Gliscor|confusion
|
|-weather|RainDance|[upkeep]
|-status|p1a: Gliscor|tox|[from] item: Toxic Orb
|upkeep
|turn|14
|
|t:|1758919554
|-activate|p1a: Gliscor|confusion
|move|p1a: Gliscor|Protect|p1a: Gliscor
|-singleturn|p1a: Gliscor|Protect
|move|p2a: Zapdos|Hurricane|p1a: Gliscor
|-activate|p1a: Gliscor|move: Protect
|
|-weather|none
|-heal|p1a: Gliscor|40/100 tox|[from] ability: Poison Heal
|upkeep
|turn|15
|
|t:|1758919568
|move|p2a: Zapdos|Hurricane|p1a: Gliscor
|-damage|p1a: Gliscor|0 fnt
|faint|p1a: Gliscor
|
|upkeep
|
|t:|1758919589
|switch|p1a: Nosepass|Nosepass, L1, M|100/100
|turn|16
|
|t:|1758919601
|move|p2a: Zapdos|Thunderbolt|p1a: Nosepass
|-ability|p1a: Nosepass|Sturdy
|-damage|p1a: Nosepass|10/100
|move|p1a: Nosepass|Pain Split|p2a: Zapdos
|-sethp|p2a: Zapdos|50/100|[from] move: Pain Split|[silent]
|-sethp|p1a: Nosepass|100/100|[from] move: Pain Split
|
|upkeep
|turn|17
|
|t:|1758919611
|move|p2a: Zapdos|Thunderbolt|p1a: Nosepass
|-ability|p1a: Nosepass|Sturdy
|-damage|p1a: Nosepass|10/100
|move|p1a: Nosepass|Pain Split|p2a: Zapdos
|-sethp|p2a: Zapdos|26/100|[from] move: Pain Split|[silent]
|-sethp|p1a: Nosepass|100/100|[from] move: Pain Split
|
|upkeep
|turn|18
|
|t:|1758919620
|move|p2a: Zapdos|Thunderbolt|p1a: Nosepass
|-ability|p1a: Nosepass|Sturdy
|-damage|p1a: Nosepass|10/100
|move|p1a: Nosepass|Pain Split|p2a: Zapdos
|-sethp|p2a: Zapdos|13/100|[from] move: Pain Split|[silent]
|-sethp|p1a: Nosepass|100/100|[from] move: Pain Split
|
|upkeep
|turn|19
|c|☆Elliottheeight|No actually what is this strat
|
|t:|1758919637
|move|p2a: Zapdos|Hurricane|p1a: Nosepass|[miss]
|-miss|p2a: Zapdos|p1a: Nosepass
|move|p1a: Nosepass|Pain Split|p2a: Zapdos
|-sethp|p2a: Zapdos|9/100|[from] move: Pain Split|[silent]
|-sethp|p1a: Nosepass|100/100|[from] move: Pain Split
|
|upkeep
|turn|20
|
|t:|1758919649
|switch|p1a: Dragapult|Dragapult, M|100/100
|-damage|p1a: Dragapult|88/100|[from] Stealth Rock
|move|p2a: Zapdos|Hurricane|p1a: Dragapult|[miss]
|-miss|p2a: Zapdos|p1a: Dragapult
|
|-heal|p1a: Dragapult|94/100|[from] item: Leftovers
|upkeep
|turn|21
|
|t:|1758919661
|move|p1a: Dragapult|Dragon Darts|p2a: Zapdos
|-damage|p2a: Zapdos|0 fnt
|faint|p2a: Zapdos
|
|-heal|p1a: Dragapult|99/100|[from] item: Leftovers
|upkeep
|
|t:|1758919668
|switch|p2a: Corviknight|Corviknight, M|100/100
|turn|22
|
|t:|1758919673
|move|p1a: Dragapult|Will-O-Wisp|p2a: Corviknight
|-status|p2a: Corviknight|brn
|move|p2a: Corviknight|Iron Defense|p2a: Corviknight
|-boost|p2a: Corviknight|def|2
|
|-heal|p1a: Dragapult|100/100|[from] item: Leftovers
|-damage|p2a: Corviknight|94/100 brn|[from] brn
|upkeep
|turn|23
|
|t:|1758919689
|move|p1a: Dragapult|Hex|p2a: Corviknight
|-damage|p2a: Corviknight|47/100 brn
|move|p2a: Corviknight|Brave Bird|p1a: Dragapult
|-damage|p1a: Dragapult|74/100
|-damage|p2a: Corviknight|40/100 brn|[from] Recoil
|
|-heal|p1a: Dragapult|80/100|[from] item: Leftovers
|-heal|p2a: Corviknight|47/100 brn|[from] item: Leftovers
|-damage|p2a: Corviknight|40/100 brn|[from] brn
|upkeep
|turn|24
|-message|Elliottheeight forfeited.
|
|win|1211zoro
|raw|1211zoro's rating: 1117 &rarr; <strong>1138</strong><br />(+21 for winning)
|raw|Elliottheeight's rating: 1061 &rarr; <strong>1045</strong><br />(-16 for losing)
|l|☆Elliottheeight
|player|p2|
|l|☆1211zoro
|player|p1|
