|j|☆Denvertzzz
|j|☆mageddlena bay
|t:|1759028418
|gametype|singles
|player|p1|Denvertzzz|170|1066
|player|p2|mageddlena bay|raihan-masters|1109
|gen|9
|tier|[Gen 9] OU
|rated|
|rule|HP Percentage Mod: HP is shown in percentages
|rule|Endless Battle Clause: Forcing endless battles is banned
|rule|Species Clause: Limit one of each Pokémon
|rule|OHKO Clause: OHKO moves are banned
|rule|Evasion Items Clause: Evasion items are banned
|rule|Evasion Moves Clause: Evasion moves are banned
|rule|Evasion Abilities Clause: Evasion abilities are banned
|rule|Sleep Moves Clause: Sleep-inducing moves are banned
|clearpoke
|poke|p1|Pelipper, M|
|poke|p1|Ludicolo, M|
|poke|p1|Ditto|
|poke|p1|Porygon2|
|poke|p1|Overqwil, M|
|poke|p1|Gliscor, M|
|poke|p2|Primarina, F|
|poke|p2|Meowscarada, F|
|poke|p2|Great Tusk|
|poke|p2|Braviary-Hisui, M|
|poke|p2|Articuno-Galar|
|poke|p2|Dragapult, F|
|teampreview
|inactive|Battle timer is ON: inactive players will automatically lose when time's up. (requested by Denvertzzz)
|
|t:|1759028430
|teamsize|p1|6
|teamsize|p2|6
|start
|switch|p1a: Jyant Deck|Gliscor, M, shiny|100/100
|switch|p2a: Articuno|Articuno-Galar, shiny|100/100
|turn|1
|
|t:|1759028450
|switch|p2a: Dragapult|Dragapult, F, shiny|100/100
|switch|p1a: Mike Lit|Pelipper, M, shiny|100/100
|-weather|RainDance|[from] ability: Drizzle|[of] p1a: Mike Lit
|
|-weather|RainDance|[upkeep]
|upkeep
|turn|2
|
|t:|1759028461
|move|p2a: Dragapult|Light Screen|p2a: Dragapult
|-sidestart|p2: mageddlena bay|move: Light Screen
|move|p1a: Mike Lit|Ice Beam|p2a: Dragapult
|-supereffective|p2a: Dragapult
|-damage|p2a: Dragapult|68/100
|
|-weather|RainDance|[upkeep]
|upkeep
|turn|3
|
|t:|1759028485
|switch|p1a: Biggie Rections|Ludicolo, M, shiny|100/100
|move|p2a: Dragapult|Reflect|p2a: Dragapult
|-sidestart|p2: mageddlena bay|Reflect
|
|-weather|RainDance|[upkeep]
|upkeep
|turn|4
|
|t:|1759028492
|move|p2a: Dragapult|Thunder Wave|p1a: Biggie Rections
|-status|p1a: Biggie Rections|par
|cant|p1a: Biggie Rections|par
|
|-weather|RainDance|[upkeep]
|upkeep
|turn|5
|
|t:|1759028500
|move|p2a: Dragapult|U-turn|p1a: Biggie Rections
|-supereffective|p1a: Biggie Rections
|-damage|p1a: Biggie Rections|53/100 par
|
|t:|1759028512
|switch|p2a: Braviary|Braviary-Hisui, M, shiny|100/100|[from] U-turn
|move|p1a: Biggie Rections|Whirlpool|p2a: Braviary
|-damage|p2a: Braviary|91/100
|-activate|p2a: Braviary|move: Whirlpool|[of] p1a: Biggie Rections
|
|-weather|RainDance|[upkeep]
|-heal|p1a: Biggie Rections|59/100 par|[from] ability: Rain Dish
|-heal|p1a: Biggie Rections|65/100 par|[from] item: Leftovers
|-damage|p2a: Braviary|78/100|[from] move: Whirlpool|[partiallytrapped]
|upkeep
|turn|6
|
|t:|1759028528
|cant|p1a: Biggie Rections|par
|move|p2a: Braviary|Air Slash|p1a: Biggie Rections
|-supereffective|p1a: Biggie Rections
|-damage|p1a: Biggie Rections|0 fnt
|faint|p1a: Biggie Rections
|
|-weather|RainDance|[upkeep]
|-end|p2a: Braviary|Whirlpool|[partiallytrapped]|[silent]
|upkeep
|
|t:|1759028542
|switch|p1a: Anne Null|Overqwil, M, shiny|100/100
|turn|7
|
|t:|1759028552
|move|p1a: Anne Null|Throat Chop|p2a: Braviary
|-supereffective|p2a: Braviary
|-damage|p2a: Braviary|34/100
|-start|p2a: Braviary|Throat Chop|[silent]
|move|p2a: Braviary|Air Slash|p1a: Anne Null
|-damage|p1a: Anne Null|9/100
|
|-weather|RainDance|[upkeep]
|upkeep
|turn|8
|
|t:|1759028567
|-terastallize|p1a: Anne Null|Bug
|move|p1a: Anne Null|Fell Stinger|p2a: Braviary
|-damage|p2a: Braviary|16/100
|move|p2a: Braviary|Air Slash|p1a: Anne Null
|-supereffective|p1a: Anne Null
|-damage|p1a: Anne Null|0 fnt
|faint|p1a: Anne Null
|
|-weather|none
|-end|p2a: Braviary|Throat Chop|[silent]
|upkeep
|-message|Denvertzzz forfeited.
|
|win|mageddlena bay
|raw|Denvertzzz's rating: 1066 &rarr; <strong>1049</strong><br />(-17 for losing)
|raw|mageddlena bay's rating: 1109 &rarr; <strong>1131</strong><br />(+22 for winning)
|l|☆Denvertzzz
|player|p1|
