|j|☆gary lopez
|j|☆ImNotSureAnymore
|t:|1758920345
|gametype|singles
|player|p1|gary lopez|brock|1132
|player|p2|ImNotSureAnymore|aromalady|1080
|gen|9
|tier|[Gen 9] OU
|rated|
|rule|HP Percentage Mod: HP is shown in percentages
|rule|Endless Battle Clause: Forcing endless battles is banned
|rule|Species Clause: Limit one of each Pokémon
|rule|OHKO Clause: OHKO moves are banned
|rule|Evasion Items Clause: Evasion items are banned
|rule|Evasion Moves Clause: Evasion moves are banned
|rule|Evasion Abilities Clause: Evasion abilities are banned
|rule|Sleep Moves Clause: Sleep-inducing moves are banned
|clearpoke
|poke|p1|Glimmora, M|
|poke|p1|Scizor, F|
|poke|p1|Dragapult, M|
|poke|p1|Weavile, F|
|poke|p1|Corviknight, F|
|poke|p1|Iron Valiant|
|poke|p2|Alomomola, M|
|poke|p2|Crocalor, M|
|poke|p2|Altaria, F|
|poke|p2|Klefki, M|
|poke|p2|Goodra-Hisui, M|
|poke|p2|Clodsire, M|
|teampreview
|
|t:|1758920350
|teamsize|p1|6
|teamsize|p2|6
|start
|switch|p1a: Dragapult|Dragapult, M|100/100
|switch|p2a: Goodra|Goodra-Hisui, M|100/100
|turn|1
|
|t:|1758920369
|move|p1a: Dragapult|U-turn|p2a: Goodra
|-resisted|p2a: Goodra
|-damage|p2a: Goodra|83/100
|
|t:|1758920372
|switch|p1a: Corviknight|Corviknight, F|100/100|[from] U-turn
|-ability|p1a: Corviknight|Pressure
|move|p2a: Goodra|Draco Meteor|p1a: Corviknight
|-resisted|p1a: Corviknight
|-damage|p1a: Corviknight|82/100
|-unboost|p2a: Goodra|spa|2
|
|-heal|p2a: Goodra|89/100|[from] item: Leftovers
|upkeep
|turn|2
|
|t:|1758920377
|switch|p2a: Altaria|Altaria, F|100/100
|move|p1a: Corviknight|U-turn|p2a: Altaria
|-resisted|p2a: Altaria
|-damage|p2a: Altaria|95/100
|
|t:|1758920383
|switch|p1a: Weavile|Weavile, F|100/100|[from] U-turn
|-ability|p1a: Weavile|Pressure
|
|-heal|p2a: Altaria|100/100|[from] item: Leftovers
|upkeep
|turn|3
|
|t:|1758920385
|move|p1a: Weavile|Triple Axel|p2a: Altaria
|-supereffective|p2a: Altaria
|-damage|p2a: Altaria|70/100
|-supereffective|p2a: Altaria
|-crit|p2a: Altaria
|-damage|p2a: Altaria|0 fnt
|faint|p2a: Altaria
|-hitcount|p2: Altaria|2
|
|upkeep
|
|t:|1758920388
|switch|p2a: Klefki|Klefki, M|100/100
|turn|4
|
|t:|1758920392
|switch|p1a: Corviknight|Corviknight, F|82/100
|-ability|p1a: Corviknight|Pressure
|move|p2a: Klefki|Switcheroo|p1a: Corviknight
|-activate|p2a: Klefki|move: Trick|[of] p1a: Corviknight
|-item|p1a: Corviknight|Choice Scarf|[from] move: Switcheroo
|-item|p2a: Klefki|Rocky Helmet|[from] move: Switcheroo
|
|upkeep
|turn|5
|
|t:|1758920399
|move|p1a: Corviknight|U-turn|p2a: Klefki
|-resisted|p2a: Klefki
|-damage|p2a: Klefki|96/100
|-damage|p1a: Corviknight|65/100|[from] item: Rocky Helmet|[of] p2a: Klefki
|
|t:|1758920406
|switch|p1a: Glimmora|Glimmora, M|100/100|[from] U-turn
|move|p2a: Klefki|Draining Kiss|p1a: Glimmora
|-resisted|p1a: Glimmora
|-damage|p1a: Glimmora|90/100
|-heal|p2a: Klefki|100/100|[from] drain|[of] p1a: Glimmora
|-enditem|p1a: Glimmora|Red Card|[of] p2a: Klefki
|drag|p2a: Crocalor|Crocalor, M|100/100
|
|upkeep
|turn|6
|
|t:|1758920411
|switch|p2a: Goodra|Goodra-Hisui, M|89/100
|move|p1a: Glimmora|Stealth Rock|p2a: Goodra
|-sidestart|p2: ImNotSureAnymore|move: Stealth Rock
|
|-heal|p2a: Goodra|95/100|[from] item: Leftovers
|upkeep
|turn|7
|
|t:|1758920414
|move|p1a: Glimmora|Mortal Spin|p2a: Goodra
|-immune|p2a: Goodra
|move|p2a: Goodra|Earthquake|p1a: Glimmora
|-supereffective|p1a: Glimmora
|-damage|p1a: Glimmora|0 fnt
|-activate|p1a: Glimmora|ability: Toxic Debris
|-sidestart|p2: ImNotSureAnymore|move: Toxic Spikes
|faint|p1a: Glimmora
|
|-heal|p2a: Goodra|100/100|[from] item: Leftovers
|upkeep
|
|t:|1758920427
|switch|p1a: Weavile|Weavile, F|100/100
|-ability|p1a: Weavile|Pressure
|turn|8
|
|t:|1758920431
|move|p1a: Weavile|Knock Off|p2a: Goodra
|-damage|p2a: Goodra|56/100
|-enditem|p2a: Goodra|Leftovers|[from] move: Knock Off|[of] p1a: Weavile
|move|p2a: Goodra|Flash Cannon|p1a: Weavile
|-supereffective|p1a: Weavile
|-damage|p1a: Weavile|18/100
|
|upkeep
|turn|9
|
|t:|1758920434
|move|p1a: Weavile|Low Kick|p2a: Goodra
|-supereffective|p2a: Goodra
|-damage|p2a: Goodra|0 fnt
|faint|p2a: Goodra
|
|upkeep
|
|t:|1758920440
|switch|p2a: Clodsire|Clodsire, M|100/100
|-damage|p2a: Clodsire|94/100|[from] Stealth Rock
|-sideend|p2: ImNotSureAnymore|move: Toxic Spikes|[of] p2a: Clodsire
|turn|10
|
|t:|1758920444
|switch|p2a: Crocalor|Crocalor, M|100/100
|-damage|p2a: Crocalor|76/100|[from] Stealth Rock
|move|p1a: Weavile|Triple Axel|p2a: Crocalor
|-resisted|p2a: Crocalor
|-damage|p2a: Crocalor|72/100
|-resisted|p2a: Crocalor
|-damage|p2a: Crocalor|65/100
|-resisted|p2a: Crocalor
|-crit|p2a: Crocalor
|-damage|p2a: Crocalor|47/100
|-hitcount|p2a: Crocalor|3
|
|upkeep
|turn|11
|
|t:|1758920448
|move|p1a: Weavile|Knock Off|p2a: Crocalor
|-damage|p2a: Crocalor|12/100
|-enditem|p2a: Crocalor|Eviolite|[from] move: Knock Off|[of] p1a: Weavile
|move|p2a: Crocalor|Slack Off|p2a: Crocalor
|-heal|p2a: Crocalor|62/100
|
|upkeep
|turn|12
|
|t:|1758920452
|move|p1a: Weavile|Knock Off|p2a: Crocalor
|-damage|p2a: Crocalor|24/100
|move|p2a: Crocalor|Flamethrower|p1a: Weavile
|-supereffective|p1a: Weavile
|-damage|p1a: Weavile|0 fnt
|faint|p1a: Weavile
|
|upkeep
|
|t:|1758920457
|switch|p1a: Dragapult|Dragapult, M|100/100
|turn|13
|
|t:|1758920465
|-terastallize|p1a: Dragapult|Ghost
|move|p1a: Dragapult|Tera Blast|p2a: Crocalor|[anim] Tera Blast Ghost
|-damage|p2a: Crocalor|0 fnt
|faint|p2a: Crocalor
|
|upkeep
|
|t:|1758920472
|switch|p2a: Clodsire|Clodsire, M|94/100
|-damage|p2a: Clodsire|88/100|[from] Stealth Rock
|turn|14
|
|t:|1758920473
|move|p1a: Dragapult|Tera Blast|p2a: Clodsire|[anim] Tera Blast Ghost
|-damage|p2a: Clodsire|0 fnt
|faint|p2a: Clodsire
|
|upkeep
|
|t:|1758920476
|switch|p2a: Klefki|Klefki, M|100/100
|-damage|p2a: Klefki|95/100|[from] Stealth Rock
|turn|15
|
|t:|1758920478
|move|p1a: Dragapult|Tera Blast|p2a: Klefki|[anim] Tera Blast Ghost
|-damage|p2a: Klefki|0 fnt
|faint|p2a: Klefki
|
|upkeep
|
|t:|1758920480
|switch|p2a: Alomomola|Alomomola, M|100/100
|-damage|p2a: Alomomola|88/100|[from] Stealth Rock
|turn|16
|
|t:|1758920482
|move|p1a: Dragapult|Tera Blast|p2a: Alomomola|[anim] Tera Blast Ghost
|-crit|p2a: Alomomola
|-damage|p2a: Alomomola|21/100
|move|p2a: Alomomola|Flip Turn|p1a: Dragapult
|-damage|p1a: Dragapult|78/100
|
|-heal|p2a: Alomomola|28/100|[from] item: Leftovers
|upkeep
|turn|17
|
|t:|1758920485
|move|p2a: Alomomola|Protect|p2a: Alomomola
|-singleturn|p2a: Alomomola|Protect
|move|p1a: Dragapult|Tera Blast|p2a: Alomomola|[anim] Tera Blast Ghost
|-activate|p2a: Alomomola|move: Protect
|
|-heal|p2a: Alomomola|34/100|[from] item: Leftovers
|upkeep
|turn|18
|
|t:|1758920486
|move|p1a: Dragapult|Tera Blast|p2a: Alomomola|[anim] Tera Blast Ghost
|-damage|p2a: Alomomola|0 fnt
|faint|p2a: Alomomola
|
|win|gary lopez
|raw|gary lopez's rating: 1132 &rarr; <strong>1153</strong><br />(+21 for winning)
|raw|ImNotSureAnymore's rating: 1080 &rarr; <strong>1061</strong><br />(-19 for losing)
|l|☆ImNotSureAnymore
|player|p2|
|l|☆gary lopez
|player|p1|
