|j|☆RobustLoki
|j|☆ohjeebus
|t:|1758964782
|gametype|singles
|player|p1|RobustLoki|scientist|1560
|player|p2|ohjeebus|koga|1552
|gen|9
|tier|[Gen 9] OU
|rated|
|rule|HP Percentage Mod: HP is shown in percentages
|rule|Endless Battle Clause: Forcing endless battles is banned
|rule|Species Clause: Limit one of each Pokémon
|rule|OHKO Clause: OHKO moves are banned
|rule|Evasion Items Clause: Evasion items are banned
|rule|Evasion Moves Clause: Evasion moves are banned
|rule|Evasion Abilities Clause: Evasion abilities are banned
|rule|Sleep Moves Clause: Sleep-inducing moves are banned
|clearpoke
|poke|p1|Tyranitar, F|
|poke|p1|Breloom, M|
|poke|p1|Iron Crown|
|poke|p1|Latios, M|
|poke|p1|Magnezone|
|poke|p1|Excadrill, M|
|poke|p2|Zamazenta-*|
|poke|p2|Weezing-Galar, M|
|poke|p2|Kingambit, F|
|poke|p2|Weavile, M|
|poke|p2|Ceruledge, F|
|poke|p2|Ting-Lu|
|teampreview
|inactive|Battle timer is ON: inactive players will automatically lose when time's up. (requested by ohjeebus)
|
|t:|1758964789
|teamsize|p1|6
|teamsize|p2|6
|start
|switch|p1a: Breloom|Breloom, M|100/100
|switch|p2a: Weezing|Weezing-Galar, M|100/100
|-ability|p2a: Weezing|Neutralizing Gas
|turn|1
|
|t:|1758964798
|switch|p1a: Iron Crown|Iron Crown|100/100
|move|p2a: Weezing|Will-O-Wisp|p1a: Iron Crown
|-status|p1a: Iron Crown|brn
|
|-damage|p1a: Iron Crown|94/100 brn|[from] brn
|upkeep
|turn|2
|
|t:|1758964803
|-end|p2a: Weezing|ability: Neutralizing Gas
|switch|p2a: Ting-Lu|Ting-Lu|100/100
|-ability|p2a: Ting-Lu|Vessel of Ruin
|move|p1a: Iron Crown|Focus Blast|p2a: Ting-Lu
|-supereffective|p2a: Ting-Lu
|-damage|p2a: Ting-Lu|47/100
|
|-heal|p2a: Ting-Lu|53/100|[from] item: Leftovers
|-damage|p1a: Iron Crown|88/100 brn|[from] brn
|upkeep
|turn|3
|
|t:|1758964807
|move|p1a: Iron Crown|Focus Blast|p2a: Ting-Lu|[miss]
|-miss|p1a: Iron Crown|p2a: Ting-Lu
|move|p2a: Ting-Lu|Earthquake|p1a: Iron Crown
|-supereffective|p1a: Iron Crown
|-damage|p1a: Iron Crown|0 fnt
|faint|p1a: Iron Crown
|-end|p1a: Iron Crown|Quark Drive|[silent]
|
|-heal|p2a: Ting-Lu|60/100|[from] item: Leftovers
|upkeep
|
|t:|1758964812
|switch|p1a: Breloom|Breloom, M|100/100
|turn|4
|
|t:|1758964820
|switch|p2a: Zamazenta|Zamazenta|100/100
|-ability|p2a: Zamazenta|Dauntless Shield|boost
|-boost|p2a: Zamazenta|def|1
|move|p1a: Breloom|Force Palm|p2a: Zamazenta
|-damage|p2a: Zamazenta|72/100
|
|upkeep
|turn|5
|
|t:|1758964823
|move|p2a: Zamazenta|Close Combat|p1a: Breloom
|-damage|p1a: Breloom|11/100
|-unboost|p2a: Zamazenta|def|1
|-unboost|p2a: Zamazenta|spd|1
|move|p1a: Breloom|Force Palm|p2a: Zamazenta
|-damage|p2a: Zamazenta|27/100
|
|upkeep
|turn|6
|
|t:|1758964832
|switch|p1a: Tyranitar|Tyranitar, F|100/100
|-weather|Sandstorm|[from] ability: Sand Stream|[of] p1a: Tyranitar
|move|p2a: Zamazenta|Close Combat|p1a: Tyranitar
|-supereffective|p1a: Tyranitar
|-damage|p1a: Tyranitar|0 fnt
|-unboost|p2a: Zamazenta|def|1
|-unboost|p2a: Zamazenta|spd|1
|faint|p1a: Tyranitar
|
|-weather|Sandstorm|[upkeep]
|-damage|p2a: Zamazenta|21/100|[from] Sandstorm
|upkeep
|
|t:|1758964835
|switch|p1a: Excadrill|Excadrill, M|100/100
|turn|7
|
|t:|1758964840
|switch|p2a: Ting-Lu|Ting-Lu|60/100
|-ability|p2a: Ting-Lu|Vessel of Ruin
|move|p1a: Excadrill|Earthquake|p2a: Ting-Lu
|-damage|p2a: Ting-Lu|18/100
|-damage|p1a: Excadrill|91/100|[from] item: Life Orb
|
|-weather|Sandstorm|[upkeep]
|-heal|p2a: Ting-Lu|24/100|[from] item: Leftovers
|upkeep
|turn|8
|
|t:|1758964850
|switch|p2a: Zamazenta|Zamazenta|21/100
|move|p1a: Excadrill|Earthquake|p2a: Zamazenta
|-damage|p2a: Zamazenta|0 fnt
|faint|p2a: Zamazenta
|-damage|p1a: Excadrill|81/100|[from] item: Life Orb
|
|-weather|Sandstorm|[upkeep]
|upkeep
|
|t:|1758964852
|switch|p2a: Weezing|Weezing-Galar, M|100/100
|-ability|p2a: Weezing|Neutralizing Gas
|turn|9
|
|t:|1758964855
|-terastallize|p2a: Weezing|Grass
|move|p1a: Excadrill|Earthquake|p2a: Weezing
|-resisted|p2a: Weezing
|-damage|p2a: Weezing|73/100
|-damage|p1a: Excadrill|71/100|[from] item: Life Orb
|move|p2a: Weezing|Will-O-Wisp|p1a: Excadrill
|-status|p1a: Excadrill|brn
|
|-weather|Sandstorm|[upkeep]
|-damage|p2a: Weezing|67/100|[from] Sandstorm
|-damage|p1a: Excadrill|64/100 brn|[from] brn
|upkeep
|turn|10
|
|t:|1758964862
|move|p1a: Excadrill|Swords Dance|p1a: Excadrill
|-boost|p1a: Excadrill|atk|2
|move|p2a: Weezing|Strange Steam|p1a: Excadrill
|-resisted|p1a: Excadrill
|-damage|p1a: Excadrill|45/100 brn
|
|-weather|none
|-damage|p1a: Excadrill|39/100 brn|[from] brn
|upkeep
|turn|11
|
|t:|1758964866
|move|p1a: Excadrill|Iron Head|p2a: Weezing
|-damage|p2a: Weezing|24/100
|-damage|p1a: Excadrill|23/100 brn|[from] item: Rocky Helmet|[of] p2a: Weezing
|-damage|p1a: Excadrill|13/100 brn|[from] item: Life Orb
|move|p2a: Weezing|Strange Steam|p1a: Excadrill
|-resisted|p1a: Excadrill
|-damage|p1a: Excadrill|0 fnt
|faint|p1a: Excadrill
|
|upkeep
|
|t:|1758964877
|switch|p1a: Magnezone|Magnezone|100/100
|-item|p1a: Magnezone|Air Balloon
|turn|12
|
|t:|1758964883
|move|p2a: Weezing|Pain Split|p1a: Magnezone
|-sethp|p1a: Magnezone|62/100|[from] move: Pain Split|[silent]
|-sethp|p2a: Weezing|63/100|[from] move: Pain Split
|move|p1a: Magnezone|Flash Cannon|p2a: Weezing
|-damage|p2a: Weezing|1/100
|
|upkeep
|turn|13
|
|t:|1758964887
|move|p1a: Magnezone|Flash Cannon|p2a: Weezing
|-damage|p2a: Weezing|0 fnt
|faint|p2a: Weezing
|-end|p2a: Weezing|ability: Neutralizing Gas
|
|upkeep
|
|t:|1758964890
|switch|p2a: Ceruledge|Ceruledge, F|100/100
|turn|14
|
|t:|1758964896
|switch|p1a: Breloom|Breloom, M|11/100
|move|p2a: Ceruledge|Swords Dance|p2a: Ceruledge
|-boost|p2a: Ceruledge|atk|2
|
|upkeep
|turn|15
|
|t:|1758964899
|move|p1a: Breloom|Stone Edge|p2a: Ceruledge
|-supereffective|p2a: Ceruledge
|-crit|p2a: Ceruledge
|-damage|p2a: Ceruledge|0 fnt
|faint|p2a: Ceruledge
|
|upkeep
|
|t:|1758964902
|switch|p2a: Kingambit|Kingambit, F|100/100
|-activate|p2a: Kingambit|ability: Supreme Overlord
|-start|p2a: Kingambit|fallen3|[silent]
|turn|16
|
|t:|1758964906
|switch|p1a: Magnezone|Magnezone|62/100
|-item|p1a: Magnezone|Air Balloon
|move|p2a: Kingambit|Swords Dance|p2a: Kingambit
|-boost|p2a: Kingambit|atk|2
|
|upkeep
|turn|17
|
|t:|1758964913
|move|p2a: Kingambit|Sucker Punch|p1a: Magnezone
|-damage|p1a: Magnezone|0 fnt
|-enditem|p1a: Magnezone|Air Balloon
|faint|p1a: Magnezone
|
|upkeep
|
|t:|1758964915
|switch|p1a: Breloom|Breloom, M|11/100
|turn|18
|
|t:|1758964916
|move|p1a: Breloom|Mach Punch|p2a: Kingambit
|-supereffective|p2a: Kingambit
|-damage|p2a: Kingambit|0 fnt
|faint|p2a: Kingambit
|-end|p2a: Kingambit|fallen3|[silent]
|
|upkeep
|
|t:|1758964920
|switch|p2a: Weavile|Weavile, M|100/100
|-ability|p2a: Weavile|Pressure
|turn|19
|
|t:|1758964922
|move|p1a: Breloom|Mach Punch|p2a: Weavile
|-supereffective|p2a: Weavile
|-damage|p2a: Weavile|0 fnt
|faint|p2a: Weavile
|
|upkeep
|
|t:|1758964925
|switch|p2a: Ting-Lu|Ting-Lu|24/100
|-ability|p2a: Ting-Lu|Vessel of Ruin
|turn|20
|c|☆RobustLoki|gg'
|
|t:|1758964929
|move|p1a: Breloom|Mach Punch|p2a: Ting-Lu
|-supereffective|p2a: Ting-Lu
|-damage|p2a: Ting-Lu|0 fnt
|faint|p2a: Ting-Lu
|
|win|RobustLoki
|raw|RobustLoki's rating: 1560 &rarr; <strong>1580</strong><br />(+20 for winning)
|raw|ohjeebus's rating: 1552 &rarr; <strong>1532</strong><br />(-20 for losing)
|l|☆RobustLoki
|player|p1|
|l|☆ohjeebus
|player|p2|
|j|☆RobustLoki
|player|p1|RobustLoki|scientist|
|j| heatraniac
|l| heatraniac
|l|☆RobustLoki
|player|p1|
|j| Kaleax
|l| Kaleax
