|j|☆Mandi linen
|j|☆Gb tree rhug
|t:|1759010913
|gametype|singles
|player|p1|Mandi linen|lass-gen4dp|1178
|player|p2|Gb tree rhug|101|1124
|gen|9
|tier|[Gen 9] OU
|rated|
|rule|HP Percentage Mod: HP is shown in percentages
|rule|Endless Battle Clause: Forcing endless battles is banned
|rule|Species Clause: Limit one of each Pokémon
|rule|OHKO Clause: OHKO moves are banned
|rule|Evasion Items Clause: Evasion items are banned
|rule|Evasion Moves Clause: Evasion moves are banned
|rule|Evasion Abilities Clause: Evasion abilities are banned
|rule|Sleep Moves Clause: Sleep-inducing moves are banned
|clearpoke
|poke|p1|Araquanid, F|
|poke|p1|Honchkrow, M|
|poke|p1|Great Tusk|
|poke|p1|Dragonite, M|
|poke|p1|Glimmora, M|
|poke|p1|Gholdengo|
|poke|p2|Alomomola, F|
|poke|p2|Greninja-*, M|
|poke|p2|Lokix, F|
|poke|p2|Gliscor, M|
|poke|p2|Pecharunt|
|poke|p2|Corviknight, F|
|teampreview
|inactive|Battle timer is ON: inactive players will automatically lose when time's up. (requested by Mandi linen)
|
|t:|1759010930
|teamsize|p1|6
|teamsize|p2|6
|start
|switch|p1a: Quanidriana|Araquanid, F|100/100
|switch|p2a: Alomomola|Alomomola, F|100/100
|turn|1
|
|t:|1759010938
|move|p2a: Alomomola|Body Slam|p1a: Quanidriana
|-damage|p1a: Quanidriana|84/100
|move|p1a: Quanidriana|Sticky Web|p2a: Alomomola
|-sidestart|p2: Gb tree rhug|move: Sticky Web
|
|upkeep
|turn|2
|
|t:|1759010951
|move|p2a: Alomomola|Flip Turn|p1a: Quanidriana
|-resisted|p1a: Quanidriana
|-damage|p1a: Quanidriana|76/100
|
|t:|1759010956
|switch|p2a: Corviknight|Corviknight, F|100/100|[from] Flip Turn
|-ability|p2a: Corviknight|Pressure
|move|p1a: Quanidriana|Bug Buzz|p2a: Corviknight
|-resisted|p2a: Corviknight
|-damage|p2a: Corviknight|94/100
|
|-heal|p2a: Corviknight|100/100|[from] item: Leftovers
|upkeep
|turn|3
|
|t:|1759010970
|switch|p1a: Gabbaghold|Gholdengo|100/100
|-item|p1a: Gabbaghold|Air Balloon
|move|p2a: Corviknight|U-turn|p1a: Gabbaghold
|-resisted|p1a: Gabbaghold
|-damage|p1a: Gabbaghold|96/100
|-enditem|p1a: Gabbaghold|Air Balloon
|
|t:|1759010990
|switch|p2a: Gliscor|Gliscor, M|100/100|[from] U-turn
|
|-status|p2a: Gliscor|tox|[from] item: Toxic Orb
|upkeep
|turn|4
|
|t:|1759011005
|switch|p1a: Quanidriana|Araquanid, F|76/100
|move|p2a: Gliscor|Stealth Rock|p1a: Quanidriana
|-sidestart|p1: Mandi linen|move: Stealth Rock
|
|upkeep
|turn|5
|
|t:|1759011013
|move|p2a: Gliscor|Protect|p2a: Gliscor
|-singleturn|p2a: Gliscor|Protect
|move|p1a: Quanidriana|Surf|p2a: Gliscor
|-activate|p2a: Gliscor|move: Protect
|
|upkeep
|turn|6
|
|t:|1759011021
|switch|p2a: Alomomola|Alomomola, F|100/100
|-activate|p2a: Alomomola|move: Sticky Web
|-unboost|p2a: Alomomola|spe|1
|move|p1a: Quanidriana|Bug Buzz|p2a: Alomomola
|-damage|p2a: Alomomola|89/100
|-unboost|p2a: Alomomola|spd|1
|
|upkeep
|turn|7
|
|t:|1759011031
|move|p1a: Quanidriana|Bug Buzz|p2a: Alomomola
|-damage|p2a: Alomomola|68/100
|move|p2a: Alomomola|Flip Turn|p1a: Quanidriana
|-resisted|p1a: Quanidriana
|-damage|p1a: Quanidriana|68/100
|
|t:|1759011041
|switch|p2a: Corviknight|Corviknight, F|100/100|[from] Flip Turn
|-ability|p2a: Corviknight|Pressure
|
|upkeep
|turn|8
|
|t:|1759011048
|move|p2a: Corviknight|U-turn|p1a: Quanidriana
|-damage|p1a: Quanidriana|52/100
|
|t:|1759011052
|switch|p2a: Alomomola|Alomomola, F|100/100|[from] U-turn
|-activate|p2a: Alomomola|move: Sticky Web
|-unboost|p2a: Alomomola|spe|1
|move|p1a: Quanidriana|Surf|p2a: Alomomola
|-resisted|p2a: Alomomola
|-damage|p2a: Alomomola|88/100
|
|upkeep
|turn|9
|
|t:|1759011065
|move|p1a: Quanidriana|Bug Buzz|p2a: Alomomola
|-damage|p2a: Alomomola|75/100
|move|p2a: Alomomola|Body Slam|p1a: Quanidriana
|-damage|p1a: Quanidriana|36/100
|
|upkeep
|turn|10
|
|t:|1759011073
|move|p1a: Quanidriana|Bug Buzz|p2a: Alomomola
|-damage|p2a: Alomomola|62/100
|move|p2a: Alomomola|Flip Turn|p1a: Quanidriana
|-resisted|p1a: Quanidriana
|-damage|p1a: Quanidriana|28/100
|
|t:|1759011096
|switch|p2a: Corviknight|Corviknight, F|100/100|[from] Flip Turn
|-ability|p2a: Corviknight|Pressure
|
|upkeep
|turn|11
|
|t:|1759011102
|move|p2a: Corviknight|Defog|p1a: Quanidriana
|-unboost|p1a: Quanidriana|evasion|1
|-sideend|p1: Mandi linen|Stealth Rock|[from] move: Defog|[of] p2a: Corviknight
|-sideend|p2: Gb tree rhug|Sticky Web|[from] move: Defog|[of] p2a: Corviknight
|move|p1a: Quanidriana|Endeavor|p2a: Corviknight
|-damage|p2a: Corviknight|24/100
|
|-heal|p2a: Corviknight|30/100|[from] item: Leftovers
|upkeep
|turn|12
|
|t:|1759011112
|switch|p1a: Gabbaghold|Gholdengo|96/100
|move|p2a: Corviknight|Brave Bird|p1a: Gabbaghold
|-resisted|p1a: Gabbaghold
|-damage|p1a: Gabbaghold|76/100
|-damage|p2a: Corviknight|25/100|[from] Recoil
|
|-heal|p2a: Corviknight|31/100|[from] item: Leftovers
|upkeep
|turn|13
|
|t:|1759011122
|switch|p2a: Alomomola|Alomomola, F|96/100
|move|p1a: Gabbaghold|Shadow Ball|p2a: Alomomola
|-damage|p2a: Alomomola|74/100
|
|upkeep
|turn|14
|
|t:|1759011129
|move|p1a: Gabbaghold|Nasty Plot|p1a: Gabbaghold
|-boost|p1a: Gabbaghold|spa|2
|move|p2a: Alomomola|Flip Turn|p1a: Gabbaghold
|-damage|p1a: Gabbaghold|56/100
|
|t:|1759011138
|switch|p2a: Lokix|Lokix, F|100/100|[from] Flip Turn
|
|upkeep
|turn|15
|
|t:|1759011143
|switch|p1a: Hesh Rocksspin|Great Tusk|100/100
|-enditem|p1a: Hesh Rocksspin|Booster Energy
|-activate|p1a: Hesh Rocksspin|ability: Protosynthesis|[fromitem]
|-start|p1a: Hesh Rocksspin|protosynthesisatk
|move|p2a: Lokix|Knock Off|p1a: Hesh Rocksspin
|-resisted|p1a: Hesh Rocksspin
|-damage|p1a: Hesh Rocksspin|71/100
|
|upkeep
|turn|16
|inactive|Mandi linen has 120 seconds left.
|
|t:|1759011175
|switch|p2a: Gliscor|Gliscor, M|100/100 tox
|move|p1a: Hesh Rocksspin|Head Smash|p2a: Gliscor
|-damage|p2a: Gliscor|57/100 tox
|-damage|p1a: Hesh Rocksspin|50/100|[from] Recoil
|
|-heal|p2a: Gliscor|69/100 tox|[from] ability: Poison Heal
|upkeep
|turn|17
|inactive|Gb tree rhug has 120 seconds left.
|
|t:|1759011230
|switch|p2a: Greninja|Greninja, M|100/100
|move|p1a: Hesh Rocksspin|Ice Spinner|p2a: Greninja
|-resisted|p2a: Greninja
|-crit|p2a: Greninja
|-damage|p2a: Greninja|56/100
|
|upkeep
|turn|18
|
|t:|1759011240
|-end|p1a: Hesh Rocksspin|Protosynthesis|[silent]
|switch|p1a: Quanidriana|Araquanid, F|28/100
|move|p2a: Greninja|Ice Beam|p1a: Quanidriana
|-resisted|p1a: Quanidriana
|-damage|p1a: Quanidriana|15/100
|-damage|p2a: Greninja|46/100|[from] item: Life Orb
|
|upkeep
|turn|19
|
|t:|1759011257
|switch|p1a: Tony Soprankrow|Honchkrow, M|100/100
|move|p2a: Greninja|Dark Pulse|p1a: Tony Soprankrow
|-resisted|p1a: Tony Soprankrow
|-damage|p1a: Tony Soprankrow|57/100
|-damage|p2a: Greninja|36/100|[from] item: Life Orb
|
|upkeep
|turn|20
|
|t:|1759011267
|-terastallize|p2a: Greninja|Water
|move|p2a: Greninja|Water Shuriken|p1a: Tony Soprankrow
|-damage|p1a: Tony Soprankrow|34/100
|-damage|p1a: Tony Soprankrow|13/100
|-damage|p1a: Tony Soprankrow|0 fnt
|faint|p1a: Tony Soprankrow
|-ability|p2a: Greninja|Battle Bond|boost
|-boost|p2a: Greninja|atk|1
|-boost|p2a: Greninja|spa|1
|-boost|p2a: Greninja|spe|1
|-activate|p2a: Greninja|ability: Battle Bond
|-hitcount|p1: Tony Soprankrow|3
|-damage|p2a: Greninja|26/100|[from] item: Life Orb
|
|upkeep
|
|t:|1759011271
|switch|p1a: Uncle Junite|Dragonite, M|100/100
|turn|21
|
|t:|1759011294
|-terastallize|p1a: Uncle Junite|Fire
|move|p2a: Greninja|Ice Beam|p1a: Uncle Junite
|-resisted|p1a: Uncle Junite
|-damage|p1a: Uncle Junite|87/100
|-damage|p2a: Greninja|17/100|[from] item: Life Orb
|move|p1a: Uncle Junite|Encore|p2a: Greninja
|-start|p2a: Greninja|Encore
|
|upkeep
|turn|22
|
|t:|1759011313
|switch|p2a: Pecharunt|Pecharunt|100/100
|move|p1a: Uncle Junite|Dragon Dance|p1a: Uncle Junite
|-boost|p1a: Uncle Junite|atk|1
|-boost|p1a: Uncle Junite|spe|1
|
|upkeep
|turn|23
|
|t:|1759011320
|move|p1a: Uncle Junite|Dragon Dance|p1a: Uncle Junite
|-boost|p1a: Uncle Junite|atk|1
|-boost|p1a: Uncle Junite|spe|1
|move|p2a: Pecharunt|Malignant Chain|p1a: Uncle Junite
|-damage|p1a: Uncle Junite|44/100
|-status|p1a: Uncle Junite|tox
|-start|p1a: Uncle Junite|confusion|[from] ability: Poison Puppeteer|[of] p2a: Pecharunt
|
|-damage|p1a: Uncle Junite|38/100 tox|[from] psn
|upkeep
|turn|24
|
|t:|1759011335
|switch|p2a: Greninja|Greninja, M, tera:Water|17/100
|-activate|p1a: Uncle Junite|confusion
|move|p1a: Uncle Junite|Scale Shot|p2a: Greninja
|-damage|p2a: Greninja|0 fnt
|faint|p2a: Greninja
|-hitcount|p2: Greninja|1
|-unboost|p1a: Uncle Junite|def|1
|-boost|p1a: Uncle Junite|spe|1
|
|-damage|p1a: Uncle Junite|25/100 tox|[from] psn
|upkeep
|inactive|Gb tree rhug has 90 seconds left.
|
|t:|1759011350
|switch|p2a: Lokix|Lokix, F|100/100
|turn|25
|
|t:|1759011355
|switch|p1a: Hesh Rocksspin|Great Tusk|50/100
|move|p2a: Lokix|First Impression|p1a: Hesh Rocksspin
|-resisted|p1a: Hesh Rocksspin
|-crit|p1a: Hesh Rocksspin
|-damage|p1a: Hesh Rocksspin|0 fnt
|faint|p1a: Hesh Rocksspin
|-end|p1a: Hesh Rocksspin|Protosynthesis|[silent]
|
|upkeep
|
|t:|1759011359
|switch|p1a: Furio Glimunta|Glimmora, M|100/100
|turn|26
|
|t:|1759011367
|switch|p2a: Alomomola|Alomomola, F|100/100
|move|p1a: Furio Glimunta|Stealth Rock|p2a: Alomomola
|-sidestart|p2: Gb tree rhug|move: Stealth Rock
|
|upkeep
|turn|27
|
|t:|1759011376
|move|p1a: Furio Glimunta|Meteor Beam||[still]
|-prepare|p1a: Furio Glimunta|Meteor Beam
|-boost|p1a: Furio Glimunta|spa|1
|-enditem|p1a: Furio Glimunta|Power Herb
|-anim|p1a: Furio Glimunta|Meteor Beam|p2a: Alomomola|[miss]
|-miss|p1a: Furio Glimunta|p2a: Alomomola
|move|p2a: Alomomola|Flip Turn|p1a: Furio Glimunta
|-supereffective|p1a: Furio Glimunta
|-damage|p1a: Furio Glimunta|63/100
|-activate|p1a: Furio Glimunta|ability: Toxic Debris
|-sidestart|p2: Gb tree rhug|move: Toxic Spikes
|
|t:|1759011401
|switch|p2a: Gliscor|Gliscor, M|69/100 tox|[from] Flip Turn
|-damage|p2a: Gliscor|57/100 tox|[from] Stealth Rock
|
|-heal|p2a: Gliscor|69/100 tox|[from] ability: Poison Heal
|upkeep
|turn|28
|inactive|Mandi linen has 120 seconds left.
|l|☆Mandi linen
|inactive|Mandi linen disconnected and has a minute to reconnect!
|player|p1|
|inactive|Mandi linen has 30 seconds to reconnect!
|inactive|Mandi linen has 20 seconds to reconnect!
|inactive|Mandi linen has 15 seconds to reconnect!
|inactive|Mandi linen has 10 seconds to reconnect!
|inactive|Mandi linen has 5 seconds to reconnect!
|-message|Mandi linen lost due to inactivity.
|
|win|Gb tree rhug
|raw|Mandi linen's rating: 1178 &rarr; <strong>1149</strong><br />(-29 for losing)
|raw|Gb tree rhug's rating: 1124 &rarr; <strong>1153</strong><br />(+29 for winning)
|l|☆Gb tree rhug
|player|p2|
