|badge|p1|bronze|gen9ou|100-6
|html|<div class="broadcast-red"><strong>This battle is required to be public due to one or more player having a season medal.</strong><br />During the public phase, you can discuss the state of the ladder <a href="/seasondiscussion">in a special chatroom.</a></div>
|uhtml|medal-msg|<div class="broadcast-blue">Curious what those medals under the avatar are? PS now has Ladder Seasons! For more information, check out the <a href="https://www.smogon.com/forums/threads/3740067/">thread on Smogon.</a></div>
|badge|p2|bronze|gen9ou|100-6
|uhtml|medal-msg|<div class="broadcast-blue">Curious what those medals under the avatar are? PS now has Ladder Seasons! For more information, check out the <a href="https://www.smogon.com/forums/threads/3740067/">thread on Smogon.</a></div>
|j|☆yesterdaymister
|j|‽JackRG1
|t:|1759004809
|gametype|singles
|player|p1|yesterdaymister|striker|1875
|player|p2|JackRG1|dawn-gen4pt|1900
|gen|9
|tier|[Gen 9] OU
|rated|
|rule|HP Percentage Mod: HP is shown in percentages
|rule|Endless Battle Clause: Forcing endless battles is banned
|rule|Species Clause: Limit one of each Pokémon
|rule|OHKO Clause: OHKO moves are banned
|rule|Evasion Items Clause: Evasion items are banned
|rule|Evasion Moves Clause: Evasion moves are banned
|rule|Evasion Abilities Clause: Evasion abilities are banned
|rule|Sleep Moves Clause: Sleep-inducing moves are banned
|clearpoke
|poke|p1|Ninetales, F|
|poke|p1|Ceruledge, F|
|poke|p1|Venusaur, F|
|poke|p1|Hatterene, F|
|poke|p1|Great Tusk|
|poke|p1|Walking Wake|
|poke|p2|Weezing-Galar, M|
|poke|p2|Ting-Lu|
|poke|p2|Corviknight, M|
|poke|p2|Skeledirge, M|
|poke|p2|Dragapult, F|
|poke|p2|Ogerpon-Wellspring, F|
|teampreview
|inactive|Battle timer is ON: inactive players will automatically lose when time's up. (requested by JackRG1)
|inactive|yesterdaymister also wants the timer to be on.
|
|t:|1759004817
|teamsize|p1|6
|teamsize|p2|6
|start
|switch|p1a: arda guler|Ninetales, F|100/100
|switch|p2a: Dragapult|Dragapult, F|100/100
|-weather|SunnyDay|[from] ability: Drought|[of] p1a: arda guler
|turn|1
|
|t:|1759004827
|switch|p1a: mignolet|Great Tusk|100/100
|-activate|p1a: mignolet|ability: Protosynthesis
|-start|p1a: mignolet|protosynthesisspe
|move|p2a: Dragapult|Shadow Ball|p1a: mignolet
|-damage|p1a: mignolet|27/100
|
|-weather|SunnyDay|[upkeep]
|upkeep
|turn|2
|
|t:|1759004845
|switch|p2a: Corviknight|Corviknight, M|100/100
|-ability|p2a: Corviknight|Pressure
|move|p1a: mignolet|Stealth Rock|p2a: Corviknight
|-sidestart|p2: JackRG1|move: Stealth Rock
|
|-weather|SunnyDay|[upkeep]
|upkeep
|turn|3
|
|t:|1759004856
|-end|p1a: mignolet|Protosynthesis|[silent]
|switch|p1a: lebron|Ceruledge, F|100/100
|move|p2a: Corviknight|U-turn|p1a: lebron
|-resisted|p1a: lebron
|-damage|p1a: lebron|95/100
|-ability|p1a: lebron|Weak Armor|boost
|-unboost|p1a: lebron|def|1
|-boost|p1a: lebron|spe|2
|
|t:|1759004863
|switch|p2a: Ogerpon|Ogerpon-Wellspring, F|100/100|[from] U-turn
|-damage|p2a: Ogerpon|88/100|[from] Stealth Rock
|
|-weather|SunnyDay|[upkeep]
|upkeep
|turn|4
|j| larp legion
|
|t:|1759004880
|-terastallize|p1a: lebron|Fairy
|move|p1a: lebron|Swords Dance|p1a: lebron
|-boost|p1a: lebron|atk|2
|move|p2a: Ogerpon|Knock Off|p1a: lebron
|-resisted|p1a: lebron
|-damage|p1a: lebron|57/100
|-ability|p1a: lebron|Weak Armor|boost
|-unboost|p1a: lebron|def|1
|-boost|p1a: lebron|spe|2
|-enditem|p1a: lebron|Focus Sash|[from] move: Knock Off|[of] p2a: Ogerpon
|
|-weather|SunnyDay|[upkeep]
|upkeep
|turn|5
|
|t:|1759004888
|switch|p2a: Skeledirge|Skeledirge, M|100/100
|move|p1a: lebron|Bitter Blade|p2a: Skeledirge
|-resisted|p2a: Skeledirge
|-damage|p2a: Skeledirge|74/100
|-heal|p1a: lebron|76/100|[from] drain|[of] p2a: Skeledirge
|
|-weather|SunnyDay|[upkeep]
|upkeep
|turn|6
|
|t:|1759004892
|-terastallize|p2a: Skeledirge|Dark
|move|p1a: lebron|Poltergeist|p2a: Skeledirge
|-activate|p2a: Skeledirge|move: Poltergeist|Heavy-Duty Boots
|-resisted|p2a: Skeledirge
|-damage|p2a: Skeledirge|53/100
|move|p2a: Skeledirge|Will-O-Wisp|p1a: lebron
|-status|p1a: lebron|brn
|
|-weather|SunnyDay|[upkeep]
|-damage|p1a: lebron|70/100 brn|[from] brn
|upkeep
|turn|7
|
|t:|1759004900
|switch|p1a: maccabi|Hatterene, F|100/100
|move|p2a: Skeledirge|Slack Off|p2a: Skeledirge
|-heal|p2a: Skeledirge|100/100
|
|-weather|SunnyDay|[upkeep]
|upkeep
|turn|8
|
|t:|1759004904
|switch|p2a: Ting-Lu|Ting-Lu, shiny|100/100
|-damage|p2a: Ting-Lu|94/100|[from] Stealth Rock
|-ability|p2a: Ting-Lu|Vessel of Ruin
|move|p1a: maccabi|Dazzling Gleam|p2a: Ting-Lu
|-supereffective|p2a: Ting-Lu
|-damage|p2a: Ting-Lu|66/100
|
|-weather|none
|-heal|p2a: Ting-Lu|72/100|[from] item: Leftovers
|upkeep
|turn|9
|
|t:|1759004912
|move|p2a: Ting-Lu|Heavy Slam|p1a: maccabi
|-supereffective|p1a: maccabi
|-damage|p1a: maccabi|52/100
|-enditem|p1a: maccabi|Eject Button
|
|t:|1759004915
|switch|p1a: arda guler|Ninetales, F|100/100
|-weather|SunnyDay|[from] ability: Drought|[of] p1a: arda guler
|
|-weather|SunnyDay|[upkeep]
|-heal|p2a: Ting-Lu|79/100|[from] item: Leftovers
|upkeep
|turn|10
|
|t:|1759004918
|switch|p1a: maccabi|Hatterene, F|52/100
|move|p2a: Ting-Lu|Heavy Slam|p1a: maccabi
|-supereffective|p1a: maccabi
|-damage|p1a: maccabi|0 fnt
|faint|p1a: maccabi
|
|-weather|SunnyDay|[upkeep]
|-heal|p2a: Ting-Lu|85/100|[from] item: Leftovers
|upkeep
|
|t:|1759004929
|switch|p1a: hans vanaken|Venusaur, F|100/100
|turn|11
|
|t:|1759004933
|move|p1a: hans vanaken|Growth|p1a: hans vanaken
|-boost|p1a: hans vanaken|atk|2
|-boost|p1a: hans vanaken|spa|2
|move|p2a: Ting-Lu|Stealth Rock|p1a: hans vanaken
|-sidestart|p1: yesterdaymister|move: Stealth Rock
|
|-weather|SunnyDay|[upkeep]
|-heal|p2a: Ting-Lu|91/100|[from] item: Leftovers
|upkeep
|turn|12
|
|t:|1759004938
|switch|p2a: Skeledirge|Skeledirge, M, tera:Dark|100/100
|move|p1a: hans vanaken|Giga Drain|p2a: Skeledirge
|-damage|p2a: Skeledirge|64/100
|-damage|p1a: hans vanaken|91/100|[from] item: Life Orb
|
|-weather|SunnyDay|[upkeep]
|upkeep
|turn|13
|j| FaronAan
|
|t:|1759004951
|switch|p1a: chama|Walking Wake|100/100
|-damage|p1a: chama|88/100|[from] Stealth Rock
|-activate|p1a: chama|ability: Protosynthesis
|-start|p1a: chama|protosynthesisspa
|move|p2a: Skeledirge|Torch Song|p1a: chama
|-resisted|p1a: chama
|-damage|p1a: chama|76/100
|-boost|p2a: Skeledirge|spa|1
|
|-weather|SunnyDay|[upkeep]
|upkeep
|turn|14
|
|t:|1759004958
|move|p1a: chama|Hydro Steam|p2a: Skeledirge
|-damage|p2a: Skeledirge|0 fnt
|faint|p2a: Skeledirge
|
|-weather|SunnyDay|[upkeep]
|upkeep
|j| Le Bouquetin
|
|t:|1759004961
|switch|p2a: Ogerpon|Ogerpon-Wellspring, F|88/100
|-damage|p2a: Ogerpon|76/100|[from] Stealth Rock
|turn|15
|
|t:|1759004968
|-end|p1a: chama|Protosynthesis|[silent]
|switch|p1a: hans vanaken|Venusaur, F|91/100
|-damage|p1a: hans vanaken|78/100|[from] Stealth Rock
|move|p2a: Ogerpon|Ivy Cudgel|p1a: hans vanaken|[anim] Ivy Cudgel Water
|-resisted|p1a: hans vanaken
|-damage|p1a: hans vanaken|62/100
|
|-weather|SunnyDay|[upkeep]
|upkeep
|turn|16
|
|t:|1759004974
|move|p1a: hans vanaken|Sludge Bomb|p2a: Ogerpon
|-supereffective|p2a: Ogerpon
|-damage|p2a: Ogerpon|0 fnt
|faint|p2a: Ogerpon
|-damage|p1a: hans vanaken|52/100|[from] item: Life Orb
|
|-weather|none
|upkeep
|
|t:|1759004976
|switch|p2a: Dragapult|Dragapult, F|100/100
|-damage|p2a: Dragapult|88/100|[from] Stealth Rock
|turn|17
|j| Lamp0821
|
|t:|1759005005
|switch|p1a: mignolet|Great Tusk|27/100
|-damage|p1a: mignolet|24/100|[from] Stealth Rock
|move|p2a: Dragapult|Shadow Ball|p1a: mignolet
|-damage|p1a: mignolet|0 fnt
|faint|p1a: mignolet
|-end|p1a: mignolet|Protosynthesis|[silent]
|
|upkeep
|j| Sleepy Guthix
|
|t:|1759005007
|switch|p1a: arda guler|Ninetales, F|100/100
|-damage|p1a: arda guler|76/100|[from] Stealth Rock
|-weather|SunnyDay|[from] ability: Drought|[of] p1a: arda guler
|turn|18
|l| Sleepy Guthix
|j| Sleepy Guthix
|
|t:|1759005024
|move|p2a: Dragapult|Shadow Ball|p1a: arda guler
|-damage|p1a: arda guler|21/100
|move|p1a: arda guler|Healing Wish|p1a: arda guler
|faint|p1a: arda guler
|
|-weather|SunnyDay|[upkeep]
|upkeep
|inactive|yesterdaymister has 120 seconds left.
|l| Sleepy Guthix
|
|t:|1759005053
|switch|p1a: lebron|Ceruledge, F, tera:Fairy|70/100 brn
|-heal|p1a: lebron|100/100|[from] move: Healing Wish
|-damage|p1a: lebron|88/100|[from] Stealth Rock
|turn|19
|
|t:|1759005062
|switch|p2a: Weezing|Weezing-Galar, M|100/100
|-ability|p2a: Weezing|Neutralizing Gas
|move|p1a: lebron|Tera Blast|p2a: Weezing|[anim] Tera Blast Fairy
|-resisted|p2a: Weezing
|-damage|p2a: Weezing|87/100
|
|-weather|SunnyDay|[upkeep]
|upkeep
|turn|20
|
|t:|1759005068
|move|p1a: lebron|Bitter Blade|p2a: Weezing
|-damage|p2a: Weezing|41/100
|-heal|p1a: lebron|100/100|[from] drain|[of] p2a: Weezing
|move|p2a: Weezing|Sludge Bomb|p1a: lebron
|-supereffective|p1a: lebron
|-damage|p1a: lebron|35/100
|
|-weather|SunnyDay|[upkeep]
|upkeep
|turn|21
|
|t:|1759005072
|move|p1a: lebron|Bitter Blade|p2a: Weezing
|-damage|p2a: Weezing|0 fnt
|-heal|p1a: lebron|58/100|[from] drain|[of] p2a: Weezing
|faint|p2a: Weezing
|-end|p2a: Weezing|ability: Neutralizing Gas
|
|-weather|SunnyDay|[upkeep]
|upkeep
|
|t:|1759005074
|switch|p2a: Dragapult|Dragapult, F|88/100
|-damage|p2a: Dragapult|76/100|[from] Stealth Rock
|turn|22
|
|t:|1759005079
|move|p2a: Dragapult|Shadow Ball|p1a: lebron
|-damage|p1a: lebron|0 fnt
|faint|p1a: lebron
|
|-weather|SunnyDay|[upkeep]
|upkeep
|
|t:|1759005087
|switch|p1a: hans vanaken|Venusaur, F|52/100
|-damage|p1a: hans vanaken|39/100|[from] Stealth Rock
|turn|23
|
|t:|1759005097
|move|p1a: hans vanaken|Weather Ball|p2a: Dragapult
|-resisted|p2a: Dragapult
|-damage|p2a: Dragapult|31/100
|-damage|p1a: hans vanaken|29/100|[from] item: Life Orb
|move|p2a: Dragapult|Shadow Ball|p1a: hans vanaken
|-damage|p1a: hans vanaken|0 fnt
|faint|p1a: hans vanaken
|
|-weather|SunnyDay|[upkeep]
|upkeep
|j| dieMoldau
|
|t:|1759005104
|switch|p1a: chama|Walking Wake|76/100
|-damage|p1a: chama|63/100|[from] Stealth Rock
|-activate|p1a: chama|ability: Protosynthesis
|-start|p1a: chama|protosynthesisspa
|turn|24
|
|t:|1759005111
|switch|p2a: Corviknight|Corviknight, M|100/100
|-damage|p2a: Corviknight|88/100|[from] Stealth Rock
|-ability|p2a: Corviknight|Pressure
|move|p1a: chama|Hydro Steam|p2a: Corviknight
|-damage|p2a: Corviknight|0 fnt
|faint|p2a: Corviknight
|
|-weather|SunnyDay|[upkeep]
|upkeep
|
|t:|1759005113
|switch|p2a: Ting-Lu|Ting-Lu, shiny|91/100
|-damage|p2a: Ting-Lu|85/100|[from] Stealth Rock
|-ability|p2a: Ting-Lu|Vessel of Ruin
|turn|25
|
|t:|1759005117
|move|p1a: chama|Hydro Steam|p2a: Ting-Lu
|-supereffective|p2a: Ting-Lu
|-damage|p2a: Ting-Lu|0 fnt
|faint|p2a: Ting-Lu
|
|-weather|none
|-end|p1a: chama|Protosynthesis
|upkeep
|
|t:|1759005119
|switch|p2a: Dragapult|Dragapult, F|31/100
|-damage|p2a: Dragapult|19/100|[from] Stealth Rock
|turn|26
|
|t:|1759005122
|move|p2a: Dragapult|Draco Meteor|p1a: chama
|-supereffective|p1a: chama
|-damage|p1a: chama|0 fnt
|-unboost|p2a: Dragapult|spa|2
|faint|p1a: chama
|-end|p1a: chama|Protosynthesis|[silent]
|
|win|JackRG1
|raw|yesterdaymister's rating: 1875 &rarr; <strong>1856</strong><br />(-19 for losing)
|raw|JackRG1's rating: 1900 &rarr; <strong>1919</strong><br />(+19 for winning)
|l|☆yesterdaymister
|player|p1|
|l|‽JackRG1
|player|p2|
|l| dieMoldau
|l| Lamp0821
|l| Le Bouquetin
