|j|☆will1994
|j|☆Flex Plays Only
|t:|1758996311
|gametype|singles
|player|p1|will1994|red|1711
|player|p2|Flex Plays Only|miku-fairy|1683
|gen|9
|tier|[Gen 9] OU
|rated|
|rule|HP Percentage Mod: HP is shown in percentages
|rule|Endless Battle Clause: Forcing endless battles is banned
|rule|Species Clause: Limit one of each Pokémon
|rule|OHKO Clause: OHKO moves are banned
|rule|Evasion Items Clause: Evasion items are banned
|rule|Evasion Moves Clause: Evasion moves are banned
|rule|Evasion Abilities Clause: Evasion abilities are banned
|rule|Sleep Moves Clause: Sleep-inducing moves are banned
|clearpoke
|poke|p1|Rillaboom, M|
|poke|p1|Charizard, F|
|poke|p1|Corviknight, M|
|poke|p1|Kleavor, M|
|poke|p1|Clodsire, F|
|poke|p1|Samurott-Hisui, M|
|poke|p2|Kingambit, M|
|poke|p2|Hatterene, F|
|poke|p2|Tornadus-Therian, M|
|poke|p2|Zamazenta-*|
|poke|p2|Iron Crown|
|poke|p2|Great Tusk|
|teampreview
|
|t:|1758996319
|teamsize|p1|6
|teamsize|p2|6
|start
|switch|p1a: Kleavor|Kleavor, M|100/100
|switch|p2a: Iron Crown|Iron Crown|100/100
|turn|1
|inactive|Battle timer is ON: inactive players will automatically lose when time's up. (requested by will1994)
|
|t:|1758996326
|move|p1a: Kleavor|U-turn|p2a: Iron Crown
|-damage|p2a: Iron Crown|59/100
|
|t:|1758996329
|switch|p1a: Samurott|Samurott-Hisui, M|100/100|[from] U-turn
|move|p2a: Iron Crown|Tachyon Cutter|p1a: Samurott
|-resisted|p1a: Samurott
|-damage|p1a: Samurott|93/100
|-resisted|p1a: Samurott
|-damage|p1a: Samurott|85/100
|-hitcount|p1a: Samurott|2
|
|upkeep
|turn|2
|
|t:|1758996336
|move|p2a: Iron Crown|Volt Switch|p1a: Samurott
|-supereffective|p1a: Samurott
|-damage|p1a: Samurott|59/100
|
|t:|1758996338
|-end|p2a: Iron Crown|Quark Drive|[silent]
|switch|p2a: Great Tusk|Great Tusk|100/100|[from] Volt Switch
|move|p1a: Samurott|Ceaseless Edge|p2a: Great Tusk
|-resisted|p2a: Great Tusk
|-damage|p2a: Great Tusk|88/100
|-damage|p1a: Samurott|42/100|[from] item: Rocky Helmet|[of] p2a: Great Tusk
|-sidestart|p2: Flex Plays Only|Spikes
|
|upkeep
|turn|3
|
|t:|1758996342
|switch|p1a: Corviknight|Corviknight, M|100/100
|-ability|p1a: Corviknight|Pressure
|move|p2a: Great Tusk|Rapid Spin|p1a: Corviknight
|-resisted|p1a: Corviknight
|-damage|p1a: Corviknight|95/100
|-boost|p2a: Great Tusk|spe|1
|-damage|p2a: Great Tusk|71/100|[from] item: Rocky Helmet|[of] p1a: Corviknight
|-sideend|p2: Flex Plays Only|Spikes|[from] move: Rapid Spin|[of] p2a: Great Tusk
|
|upkeep
|turn|4
|
|t:|1758996345
|move|p2a: Great Tusk|Stealth Rock|p1a: Corviknight
|-sidestart|p1: will1994|move: Stealth Rock
|move|p1a: Corviknight|Brave Bird|p2a: Great Tusk
|-supereffective|p2a: Great Tusk
|-damage|p2a: Great Tusk|13/100
|-damage|p1a: Corviknight|79/100|[from] item: Rocky Helmet|[of] p2a: Great Tusk
|-damage|p1a: Corviknight|61/100|[from] Recoil
|
|upkeep
|turn|5
|
|t:|1758996349
|-end|p2a: Great Tusk|Protosynthesis|[silent]
|switch|p2a: Tornadus|Tornadus-Therian, M|100/100
|move|p1a: Corviknight|Defog|p2a: Tornadus
|-unboost|p2a: Tornadus|evasion|1
|-sideend|p1: will1994|Stealth Rock|[from] move: Defog|[of] p1a: Corviknight
|
|upkeep
|turn|6
|
|t:|1758996366
|move|p2a: Tornadus|Knock Off|p1a: Corviknight
|-damage|p1a: Corviknight|48/100
|-damage|p2a: Tornadus|84/100|[from] item: Rocky Helmet|[of] p1a: Corviknight
|-enditem|p1a: Corviknight|Rocky Helmet|[from] move: Knock Off|[of] p2a: Tornadus
|move|p1a: Corviknight|U-turn|p2a: Tornadus
|-resisted|p2a: Tornadus
|-damage|p2a: Tornadus|75/100
|
|t:|1758996369
|switch|p1a: Kleavor|Kleavor, M|100/100|[from] U-turn
|
|upkeep
|turn|7
|
|t:|1758996373
|switch|p2a: Great Tusk|Great Tusk|13/100
|move|p1a: Kleavor|Stone Axe|p2a: Great Tusk
|-resisted|p2a: Great Tusk
|-damage|p2a: Great Tusk|3/100
|-damage|p1a: Kleavor|84/100|[from] item: Rocky Helmet|[of] p2a: Great Tusk
|-sidestart|p2: Flex Plays Only|move: Stealth Rock
|
|upkeep
|turn|8
|
|t:|1758996378
|move|p1a: Kleavor|Stone Axe|p2a: Great Tusk|[miss]
|-miss|p1a: Kleavor|p2a: Great Tusk
|move|p2a: Great Tusk|Rapid Spin|p1a: Kleavor
|-resisted|p1a: Kleavor
|-damage|p1a: Kleavor|74/100
|-boost|p2a: Great Tusk|spe|1
|-sideend|p2: Flex Plays Only|Stealth Rock|[from] move: Rapid Spin|[of] p2a: Great Tusk
|
|upkeep
|turn|9
|
|t:|1758996381
|move|p2a: Great Tusk|Headlong Rush|p1a: Kleavor
|-damage|p1a: Kleavor|0 fnt
|-unboost|p2a: Great Tusk|def|1
|-unboost|p2a: Great Tusk|spd|1
|faint|p1a: Kleavor
|
|upkeep
|
|t:|1758996388
|switch|p1a: Rillaboom|Rillaboom, M|100/100
|-fieldstart|move: Grassy Terrain|[from] ability: Grassy Surge|[of] p1a: Rillaboom
|turn|10
|
|t:|1758996391
|-end|p2a: Great Tusk|Protosynthesis|[silent]
|switch|p2a: Tornadus|Tornadus-Therian, M|100/100
|move|p1a: Rillaboom|Grassy Glide|p2a: Tornadus
|-resisted|p2a: Tornadus
|-damage|p2a: Tornadus|68/100
|
|upkeep
|turn|11
|
|t:|1758996398
|switch|p1a: Corviknight|Corviknight, M|48/100
|-ability|p1a: Corviknight|Pressure
|move|p2a: Tornadus|U-turn|p1a: Corviknight
|-resisted|p1a: Corviknight
|-damage|p1a: Corviknight|46/100
|
|t:|1758996404
|switch|p2a: Iron Crown|Iron Crown|59/100|[from] U-turn
|
|-heal|p2a: Iron Crown|65/100|[from] Grassy Terrain
|upkeep
|turn|12
|
|t:|1758996408
|move|p2a: Iron Crown|Volt Switch|p1a: Corviknight
|-supereffective|p1a: Corviknight
|-damage|p1a: Corviknight|0 fnt
|faint|p1a: Corviknight
|
|t:|1758996410
|-end|p2a: Iron Crown|Quark Drive|[silent]
|switch|p2a: Great Tusk|Great Tusk|3/100|[from] Volt Switch
|
|-heal|p2a: Great Tusk|10/100|[from] Grassy Terrain
|upkeep
|
|t:|1758996416
|switch|p1a: Charizard|Charizard, F|100/100
|turn|13
|
|t:|1758996420
|-end|p2a: Great Tusk|Protosynthesis|[silent]
|switch|p2a: Hatterene|Hatterene, F|100/100
|move|p1a: Charizard|Flamethrower|p2a: Hatterene
|-damage|p2a: Hatterene|62/100
|
|-heal|p2a: Hatterene|68/100|[from] Grassy Terrain
|upkeep
|turn|14
|
|t:|1758996428
|move|p1a: Charizard|Flamethrower|p2a: Hatterene
|-damage|p2a: Hatterene|28/100
|move|p2a: Hatterene|Nuzzle|p1a: Charizard
|-supereffective|p1a: Charizard
|-damage|p1a: Charizard|90/100
|-status|p1a: Charizard|par
|
|-heal|p2a: Hatterene|34/100|[from] Grassy Terrain
|-fieldend|move: Grassy Terrain
|upkeep
|turn|15
|
|t:|1758996433
|switch|p1a: Samurott|Samurott-Hisui, M|42/100
|move|p2a: Hatterene|Psychic Noise|p1a: Samurott
|-immune|p1a: Samurott
|
|upkeep
|turn|16
|
|t:|1758996438
|move|p1a: Samurott|Ceaseless Edge|p2a: Hatterene
|-damage|p2a: Hatterene|1/100
|-sidestart|p2: Flex Plays Only|Spikes
|move|p2a: Hatterene|Draining Kiss|p1a: Samurott
|-supereffective|p1a: Samurott
|-damage|p1a: Samurott|14/100
|-heal|p2a: Hatterene|26/100|[from] drain|[of] p1a: Samurott
|
|upkeep
|turn|17
|
|t:|1758996441
|move|p1a: Samurott|Ceaseless Edge|p2a: Hatterene
|-damage|p2a: Hatterene|0 fnt
|-sidestart|p2: Flex Plays Only|Spikes
|faint|p2a: Hatterene
|
|upkeep
|
|t:|1758996444
|switch|p2a: Tornadus|Tornadus-Therian, M|100/100
|turn|18
|
|t:|1758996453
|switch|p1a: Charizard|Charizard, F|90/100 par
|move|p2a: Tornadus|Knock Off|p1a: Charizard
|-damage|p1a: Charizard|60/100 par
|-enditem|p1a: Charizard|Choice Specs|[from] move: Knock Off|[of] p2a: Tornadus
|
|upkeep
|turn|19
|
|t:|1758996458
|move|p2a: Tornadus|Bleakwind Storm|p1a: Charizard|[miss]
|-miss|p2a: Tornadus|p1a: Charizard
|cant|p1a: Charizard|par
|
|upkeep
|turn|20
|
|t:|1758996460
|move|p2a: Tornadus|Bleakwind Storm|p1a: Charizard
|-damage|p1a: Charizard|10/100 par
|move|p1a: Charizard|Overheat|p2a: Tornadus
|-damage|p2a: Tornadus|57/100
|-unboost|p1a: Charizard|spa|2
|
|upkeep
|turn|21
|
|t:|1758996469
|move|p2a: Tornadus|Bleakwind Storm|p1a: Charizard
|-damage|p1a: Charizard|0 fnt
|faint|p1a: Charizard
|
|upkeep
|
|t:|1758996473
|switch|p1a: Clodsire|Clodsire, F|100/100
|turn|22
|
|t:|1758996475
|move|p2a: Tornadus|Knock Off|p1a: Clodsire
|-damage|p1a: Clodsire|86/100
|-enditem|p1a: Clodsire|Leftovers|[from] move: Knock Off|[of] p2a: Tornadus
|move|p1a: Clodsire|Stockpile|p1a: Clodsire
|-start|p1a: Clodsire|stockpile1
|-boost|p1a: Clodsire|def|1
|-boost|p1a: Clodsire|spd|1
|
|upkeep
|turn|23
|
|t:|1758996478
|move|p2a: Tornadus|U-turn|p1a: Clodsire
|-resisted|p1a: Clodsire
|-damage|p1a: Clodsire|82/100
|
|t:|1758996483
|switch|p2a: Iron Crown|Iron Crown|65/100|[from] U-turn
|-damage|p2a: Iron Crown|49/100|[from] Spikes
|move|p1a: Clodsire|Stockpile|p1a: Clodsire
|-start|p1a: Clodsire|stockpile2
|-boost|p1a: Clodsire|def|1
|-boost|p1a: Clodsire|spd|1
|
|upkeep
|turn|24
|
|t:|1758996496
|-terastallize|p1a: Clodsire|Fighting
|move|p2a: Iron Crown|Psychic Noise|p1a: Clodsire
|-supereffective|p1a: Clodsire
|-damage|p1a: Clodsire|53/100
|-start|p1a: Clodsire|move: Heal Block
|move|p1a: Clodsire|Body Press|p2a: Iron Crown
|-damage|p2a: Iron Crown|0 fnt
|faint|p2a: Iron Crown
|-end|p2a: Iron Crown|Quark Drive|[silent]
|
|upkeep
|
|t:|1758996502
|switch|p2a: Kingambit|Kingambit, M, shiny|100/100
|-damage|p2a: Kingambit|84/100|[from] Spikes
|-activate|p2a: Kingambit|ability: Supreme Overlord
|-start|p2a: Kingambit|fallen2|[silent]
|turn|25
|
|t:|1758996508
|-terastallize|p2a: Kingambit|Fairy
|move|p2a: Kingambit|Tera Blast|p1a: Clodsire|[anim] Tera Blast Fairy
|-supereffective|p1a: Clodsire
|-damage|p1a: Clodsire|19/100
|move|p1a: Clodsire|Body Press|p2a: Kingambit
|-resisted|p2a: Kingambit
|-damage|p2a: Kingambit|65/100
|
|-heal|p2a: Kingambit|71/100|[from] item: Leftovers
|-end|p1a: Clodsire|move: Heal Block
|upkeep
|turn|26
|
|t:|1758996521
|switch|p1a: Samurott|Samurott-Hisui, M|14/100
|move|p2a: Kingambit|Tera Blast|p1a: Samurott|[anim] Tera Blast Fairy
|-supereffective|p1a: Samurott
|-damage|p1a: Samurott|0 fnt
|faint|p1a: Samurott
|
|-heal|p2a: Kingambit|77/100|[from] item: Leftovers
|upkeep
|
|t:|1758996522
|switch|p1a: Rillaboom|Rillaboom, M|100/100
|-fieldstart|move: Grassy Terrain|[from] ability: Grassy Surge|[of] p1a: Rillaboom
|turn|27
|
|t:|1758996524
|move|p1a: Rillaboom|Wood Hammer|p2a: Kingambit
|-damage|p2a: Kingambit|0 fnt
|faint|p2a: Kingambit
|-end|p2a: Kingambit|fallen2|[silent]
|-damage|p1a: Rillaboom|71/100|[from] Recoil
|
|-heal|p1a: Rillaboom|77/100|[from] Grassy Terrain
|upkeep
|
|t:|1758996530
|switch|p2a: Zamazenta|Zamazenta|100/100
|-damage|p2a: Zamazenta|84/100|[from] Spikes
|-ability|p2a: Zamazenta|Dauntless Shield|boost
|-boost|p2a: Zamazenta|def|1
|turn|28
|
|t:|1758996535
|move|p2a: Zamazenta|Iron Defense|p2a: Zamazenta
|-boost|p2a: Zamazenta|def|2
|move|p1a: Rillaboom|Wood Hammer|p2a: Zamazenta
|-damage|p2a: Zamazenta|44/100
|-damage|p1a: Rillaboom|62/100|[from] Recoil
|
|-heal|p2a: Zamazenta|50/100|[from] Grassy Terrain
|-heal|p2a: Zamazenta|56/100|[from] item: Leftovers
|-heal|p1a: Rillaboom|68/100|[from] Grassy Terrain
|upkeep
|turn|29
|
|t:|1758996540
|switch|p1a: Clodsire|Clodsire, F, tera:Fighting|19/100
|move|p2a: Zamazenta|Body Press|p1a: Clodsire
|-damage|p1a: Clodsire|0 fnt
|faint|p1a: Clodsire
|
|-heal|p2a: Zamazenta|62/100|[from] Grassy Terrain
|-heal|p2a: Zamazenta|69/100|[from] item: Leftovers
|upkeep
|
|t:|1758996543
|switch|p1a: Rillaboom|Rillaboom, M|68/100
|turn|30
|
|t:|1758996544
|move|p1a: Rillaboom|Grassy Glide|p2a: Zamazenta
|-damage|p2a: Zamazenta|51/100
|move|p2a: Zamazenta|Body Press|p1a: Rillaboom
|-damage|p1a: Rillaboom|0 fnt
|faint|p1a: Rillaboom
|
|win|Flex Plays Only
|raw|will1994's rating: 1711 &rarr; <strong>1689</strong><br />(-22 for losing)
|raw|Flex Plays Only's rating: 1683 &rarr; <strong>1705</strong><br />(+22 for winning)
|l|☆will1994
|player|p1|
|l|☆Flex Plays Only
|player|p2|
