|j|☆key2saucyy
|j|☆yutoupaobing
|t:|1758969917
|gametype|singles
|player|p1|key2saucyy|102|1072
|player|p2|yutoupaobing|170|1000
|gen|9
|tier|[Gen 9] OU
|rated|
|rule|HP Percentage Mod: HP is shown in percentages
|rule|Endless Battle Clause: Forcing endless battles is banned
|rule|Species Clause: Limit one of each Pokémon
|rule|OHKO Clause: OHKO moves are banned
|rule|Evasion Items Clause: Evasion items are banned
|rule|Evasion Moves Clause: Evasion moves are banned
|rule|Evasion Abilities Clause: Evasion abilities are banned
|rule|Sleep Moves Clause: Sleep-inducing moves are banned
|clearpoke
|poke|p1|Sableye, M|
|poke|p1|Scizor, M|
|poke|p1|Spidops, M|
|poke|p1|Gallade, M|
|poke|p1|Snorlax, M|
|poke|p1|Zapdos|
|poke|p2|Gholdengo|
|poke|p2|Deoxys-Speed|
|poke|p2|Iron Valiant|
|poke|p2|Landorus-Therian, M|
|poke|p2|Iron Moth|
|poke|p2|Weavile, F|
|teampreview
|inactive|Battle timer is ON: inactive players will automatically lose when time's up. (requested by key2saucyy)
|inactive|yutoupaobing has 120 seconds left.
|
|t:|1758969958
|teamsize|p1|6
|teamsize|p2|6
|start
|switch|p1a: Sableye|Sableye, M|100/100
|switch|p2a: Deoxys|Deoxys-Speed|100/100
|-ability|p2a: Deoxys|Pressure
|turn|1
|
|t:|1758969975
|move|p1a: Sableye|Taunt|p2a: Deoxys
|-start|p2a: Deoxys|move: Taunt
|move|p2a: Deoxys|Dark Pulse|p1a: Sableye
|-damage|p1a: Sableye|73/100
|
|upkeep
|turn|2
|
|t:|1758969987
|-terastallize|p2a: Deoxys|Dark
|move|p2a: Deoxys|Dark Pulse|p1a: Sableye
|-damage|p1a: Sableye|30/100
|move|p1a: Sableye|Foul Play|p2a: Deoxys
|-resisted|p2a: Deoxys
|-damage|p2a: Deoxys|82/100
|
|upkeep
|turn|3
|inactive|key2saucyy has 120 seconds left.
|
|t:|1758970017
|switch|p1a: Scizor|Scizor, M, shiny|100/100
|move|p2a: Deoxys|Dark Pulse|p1a: Scizor
|-damage|p1a: Scizor|59/100
|-enditem|p1a: Scizor|Red Card|[of] p2a: Deoxys
|drag|p2a: Iron Moth|Iron Moth|100/100
|-enditem|p2a: Iron Moth|Booster Energy
|-activate|p2a: Iron Moth|ability: Quark Drive|[fromitem]
|-start|p2a: Iron Moth|quarkdrivespa
|
|upkeep
|turn|4
|inactive|key2saucyy has 120 seconds left.
|
|t:|1758970045
|switch|p1a: Snorlax|Snorlax, M, shiny|100/100
|move|p2a: Iron Moth|Fiery Dance|p1a: Snorlax
|-damage|p1a: Snorlax|72/100
|
|upkeep
|turn|5
|
|t:|1758970061
|move|p2a: Iron Moth|Toxic|p1a: Snorlax
|-status|p1a: Snorlax|tox
|move|p1a: Snorlax|Stockpile|p1a: Snorlax
|-start|p1a: Snorlax|stockpile1
|-boost|p1a: Snorlax|def|1
|-boost|p1a: Snorlax|spd|1
|
|-damage|p1a: Snorlax|66/100 tox|[from] psn
|upkeep
|turn|6
|
|t:|1758970081
|-end|p2a: Iron Moth|Quark Drive|[silent]
|switch|p2a: Iron Valiant|Iron Valiant|100/100
|-enditem|p2a: Iron Valiant|Booster Energy
|-activate|p2a: Iron Valiant|ability: Quark Drive|[fromitem]
|-start|p2a: Iron Valiant|quarkdrivespe
|-terastallize|p1a: Snorlax|Water
|move|p1a: Snorlax|Surf|p2a: Iron Valiant
|-damage|p2a: Iron Valiant|51/100
|
|-damage|p1a: Snorlax|53/100 tox|[from] psn
|upkeep
|turn|7
|inactive|key2saucyy has 90 seconds left.
|
|t:|1758970102
|move|p2a: Iron Valiant|Spirit Break|p1a: Snorlax
|-damage|p1a: Snorlax|30/100 tox
|-unboost|p1a: Snorlax|spa|1
|-enditem|p1a: Snorlax|Aguav Berry|[eat]
|-heal|p1a: Snorlax|63/100 tox|[from] item: Aguav Berry
|move|p1a: Snorlax|Recycle|p1a: Snorlax
|-item|p1a: Snorlax|Aguav Berry|[from] move: Recycle
|
|-damage|p1a: Snorlax|45/100 tox|[from] psn
|upkeep
|-enditem|p1a: Snorlax|Aguav Berry|[eat]
|-heal|p1a: Snorlax|78/100 tox|[from] item: Aguav Berry
|turn|8
|inactive|key2saucyy has 90 seconds left.
|
|t:|1758970123
|move|p2a: Iron Valiant|Encore|p1a: Snorlax
|-start|p1a: Snorlax|Encore
|move|p1a: Snorlax|Recycle|p1a: Snorlax
|-item|p1a: Snorlax|Aguav Berry|[from] move: Recycle
|
|-damage|p1a: Snorlax|53/100 tox|[from] psn
|upkeep
|turn|9
|inactive|key2saucyy has 60 seconds left.
|
|t:|1758970182
|switch|p1a: Scizor|Scizor, M, shiny|59/100
|move|p2a: Iron Valiant|Encore||[still]
|-fail|p2a: Iron Valiant
|
|upkeep
|turn|10
|
|t:|1758970195
|move|p1a: Scizor|Bullet Punch|p2a: Iron Valiant
|-supereffective|p2a: Iron Valiant
|-damage|p2a: Iron Valiant|0 fnt
|faint|p2a: Iron Valiant
|-end|p2a: Iron Valiant|Quark Drive|[silent]
|
|upkeep
|
|t:|1758970203
|switch|p2a: Iron Moth|Iron Moth|100/100
|turn|11
|
|t:|1758970214
|switch|p1a: Snorlax|Snorlax, M, shiny, tera:Water|53/100 tox
|move|p2a: Iron Moth|Fiery Dance|p1a: Snorlax
|-resisted|p1a: Snorlax
|-damage|p1a: Snorlax|41/100 tox
|-enditem|p1a: Snorlax|Aguav Berry|[eat]
|-heal|p1a: Snorlax|74/100 tox|[from] item: Aguav Berry
|
|-damage|p1a: Snorlax|68/100 tox|[from] psn
|upkeep
|turn|12
|
|t:|1758970236
|move|p2a: Iron Moth|Energy Ball|p1a: Snorlax
|-supereffective|p1a: Snorlax
|-damage|p1a: Snorlax|35/100 tox
|move|p1a: Snorlax|Surf|p2a: Iron Moth
|-supereffective|p2a: Iron Moth
|-damage|p2a: Iron Moth|39/100
|
|-damage|p1a: Snorlax|23/100 tox|[from] psn
|upkeep
|turn|13
|
|t:|1758970254
|switch|p1a: Zapdos|Zapdos, shiny|100/100
|-ability|p1a: Zapdos|Pressure
|move|p2a: Iron Moth|Energy Ball|p1a: Zapdos
|-resisted|p1a: Zapdos
|-damage|p1a: Zapdos|82/100
|-unboost|p1a: Zapdos|spd|1
|
|upkeep
|turn|14
|
|t:|1758970277
|-end|p2a: Iron Moth|Quark Drive|[silent]
|switch|p2a: Gholdengo|Gholdengo, shiny|100/100
|move|p1a: Zapdos|Thunder|p2a: Gholdengo
|-damage|p2a: Gholdengo|34/100
|
|upkeep
|turn|15
|
|t:|1758970292
|move|p2a: Gholdengo|Thunderbolt|p1a: Zapdos
|-damage|p1a: Zapdos|23/100
|move|p1a: Zapdos|Thunder|p2a: Gholdengo|[miss]
|-miss|p1a: Zapdos|p2a: Gholdengo
|-enditem|p1a: Zapdos|Blunder Policy
|-boost|p1a: Zapdos|spe|2
|
|upkeep
|turn|16
|
|t:|1758970311
|switch|p2a: Landorus|Landorus-Therian, M|100/100
|-ability|p2a: Landorus|Intimidate|boost
|-unboost|p1a: Zapdos|atk|1
|move|p1a: Zapdos|Roost|p1a: Zapdos
|-heal|p1a: Zapdos|73/100
|-singleturn|p1a: Zapdos|move: Roost
|
|upkeep
|turn|17
|
|t:|1758970325
|move|p1a: Zapdos|Hurricane|p2a: Landorus|[miss]
|-miss|p1a: Zapdos|p2a: Landorus
|move|p2a: Landorus|Sludge Bomb|p1a: Zapdos
|-damage|p1a: Zapdos|28/100
|
|upkeep
|turn|18
|inactive|yutoupaobing has 120 seconds left.
|
|t:|1758970348
|switch|p2a: Weavile|Weavile, F|100/100
|move|p1a: Zapdos|Hurricane|p2a: Weavile|[miss]
|-miss|p1a: Zapdos|p2a: Weavile
|
|upkeep
|turn|19
|inactive|yutoupaobing has 120 seconds left.
|
|t:|1758970359
|move|p2a: Weavile|Fake Out|p1a: Zapdos
|-damage|p1a: Zapdos|12/100
|cant|p1a: Zapdos|flinch
|
|upkeep
|turn|20
|
|t:|1758970367
|move|p2a: Weavile|Ice Shard|p1a: Zapdos
|-supereffective|p1a: Zapdos
|-damage|p1a: Zapdos|0 fnt
|faint|p1a: Zapdos
|
|upkeep
|
|t:|1758970380
|switch|p1a: Gallade|Gallade, M, shiny|100/100
|turn|21
|
|t:|1758970392
|switch|p2a: Gholdengo|Gholdengo, shiny|34/100
|move|p1a: Gallade|Sacred Sword|p2a: Gholdengo
|-immune|p2a: Gholdengo
|
|upkeep
|turn|22
|
|t:|1758970402
|move|p2a: Gholdengo|Shadow Ball|p1a: Gallade
|-supereffective|p1a: Gallade
|-damage|p1a: Gallade|7/100
|move|p1a: Gallade|Thunder Punch|p2a: Gholdengo
|-damage|p2a: Gholdengo|2/100
|
|upkeep
|turn|23
|inactive|key2saucyy has 30 seconds left.
|
|t:|1758970429
|move|p2a: Gholdengo|Thunderbolt|p1a: Gallade
|-damage|p1a: Gallade|0 fnt
|faint|p1a: Gallade
|
|upkeep
|inactive|key2saucyy has 30 seconds left.
|
|t:|1758970440
|switch|p1a: Scizor|Scizor, M, shiny|59/100
|turn|24
|
|t:|1758970459
|switch|p2a: Iron Moth|Iron Moth|39/100
|move|p1a: Scizor|Bullet Punch|p2a: Iron Moth
|-resisted|p2a: Iron Moth
|-damage|p2a: Iron Moth|9/100
|
|upkeep
|turn|25
|
|t:|1758970467
|move|p1a: Scizor|Bullet Punch|p2a: Iron Moth
|-resisted|p2a: Iron Moth
|-damage|p2a: Iron Moth|0 fnt
|faint|p2a: Iron Moth
|-end|p2a: Iron Moth|Quark Drive|[silent]
|
|upkeep
|
|t:|1758970479
|switch|p2a: Deoxys|Deoxys-Speed, tera:Dark|82/100
|-ability|p2a: Deoxys|Pressure
|turn|26
|inactive|key2saucyy has 30 seconds left.
|
|t:|1758970508
|move|p2a: Deoxys|Dark Pulse|p1a: Scizor
|-damage|p1a: Scizor|18/100
|move|p1a: Scizor|U-turn|p2a: Deoxys
|-supereffective|p2a: Deoxys
|-crit|p2a: Deoxys
|-damage|p2a: Deoxys|0 fnt
|faint|p2a: Deoxys
|inactive|key2saucyy has 30 seconds left.
|
|t:|1758970516
|switch|p1a: Spidops|Spidops, M, shiny|100/100|[from] U-turn
|
|upkeep
|
|t:|1758970533
|switch|p2a: Landorus|Landorus-Therian, M|100/100
|-ability|p2a: Landorus|Intimidate|boost
|-unboost|p1a: Spidops|atk|1
|turn|27
|
|t:|1758970543
|move|p2a: Landorus|Sandsear Storm|p1a: Spidops
|-resisted|p1a: Spidops
|-damage|p1a: Spidops|79/100
|move|p1a: Spidops|Sticky Web|p2a: Landorus
|-sidestart|p2: yutoupaobing|move: Sticky Web
|
|upkeep
|turn|28
|inactive|key2saucyy has 30 seconds left.
|
|t:|1758970567
|move|p2a: Landorus|Sludge Bomb|p1a: Spidops
|-damage|p1a: Spidops|55/100
|move|p1a: Spidops|Toxic Spikes|p2a: Landorus
|-sidestart|p2: yutoupaobing|move: Toxic Spikes
|
|upkeep
|turn|29
|inactive|key2saucyy has 30 seconds left.
|
|t:|1758970579
|move|p2a: Landorus|Outrage|p1a: Spidops
|-damage|p1a: Spidops|21/100
|move|p1a: Spidops|Circle Throw|p2a: Landorus
|-resisted|p2a: Landorus
|-damage|p2a: Landorus|96/100
|drag|p2a: Gholdengo|Gholdengo, shiny|2/100
|-activate|p2a: Gholdengo|move: Sticky Web
|-unboost|p2a: Gholdengo|spe|1
|-enditem|p2a: Gholdengo|White Herb
|-clearnegativeboost|p2a: Gholdengo|[silent]
|
|upkeep
|turn|30
|inactive|key2saucyy has 30 seconds left.
|-enditem|p1a: Spidops|Custap Berry|[eat]
|-activate|p1a: Spidops|item: Custap Berry|[consumed]
|
|t:|1758970595
|move|p2a: Gholdengo|Thunderbolt|p1a: Spidops
|-damage|p1a: Spidops|0 fnt
|faint|p1a: Spidops
|
|upkeep
|inactive|key2saucyy has 30 seconds left this turn.
|inactive|key2saucyy has 20 seconds left.
|inactive|key2saucyy has 15 seconds left.
|inactive|key2saucyy has 10 seconds left.
|
|t:|1758970617
|switch|p1a: Scizor|Scizor, M, shiny|18/100
|turn|31
|inactive|key2saucyy has 20 seconds left this turn.
|
|t:|1758970633
|switch|p2a: Weavile|Weavile, F|100/100
|-activate|p2a: Weavile|move: Sticky Web
|-unboost|p2a: Weavile|spe|1
|-status|p2a: Weavile|psn
|move|p1a: Scizor|Bullet Punch|p2a: Weavile
|-supereffective|p2a: Weavile
|-damage|p2a: Weavile|0 fnt
|faint|p2a: Weavile
|
|upkeep
|
|t:|1758970643
|switch|p2a: Landorus|Landorus-Therian, M|96/100
|-ability|p2a: Landorus|Intimidate|boost
|-unboost|p1a: Scizor|atk|1
|turn|32
|inactive|key2saucyy has 30 seconds left.
|inactive|key2saucyy has 20 seconds left.
|
|t:|1758970663
|move|p1a: Scizor|Bullet Punch|p2a: Landorus
|-damage|p2a: Landorus|70/100
|move|p2a: Landorus|Earth Power|p1a: Scizor
|-damage|p1a: Scizor|0 fnt
|faint|p1a: Scizor
|
|upkeep
|inactive|key2saucyy has 25 seconds left this turn.
|inactive|key2saucyy has 20 seconds left.
|inactive|key2saucyy has 15 seconds left.
|
|t:|1758970675
|switch|p1a: Snorlax|Snorlax, M, shiny, tera:Water|23/100 tox
|turn|33
|inactive|key2saucyy has 25 seconds left this turn.
|
|t:|1758970685
|move|p2a: Landorus|Sludge Bomb|p1a: Snorlax
|-damage|p1a: Snorlax|8/100 tox
|move|p1a: Snorlax|Recycle|p1a: Snorlax
|-item|p1a: Snorlax|Aguav Berry|[from] move: Recycle
|-enditem|p1a: Snorlax|Aguav Berry|[eat]
|-heal|p1a: Snorlax|41/100 tox|[from] item: Aguav Berry
|
|-damage|p1a: Snorlax|35/100 tox|[from] psn
|upkeep
|turn|34
|inactive|key2saucyy has 30 seconds left.
|
|t:|1758970696
|move|p2a: Landorus|Outrage|p1a: Snorlax
|-damage|p1a: Snorlax|0 fnt
|faint|p1a: Snorlax
|
|upkeep
|inactive|key2saucyy has 30 seconds left this turn.
|
|t:|1758970702
|switch|p1a: Sableye|Sableye, M|30/100
|turn|35
|inactive|key2saucyy has 30 seconds left.
|inactive|key2saucyy has 20 seconds left.
|
|t:|1758970717
|move|p1a: Sableye|Will-O-Wisp|p2a: Landorus|[miss]
|-miss|p1a: Sableye|p2a: Landorus
|move|p2a: Landorus|Outrage|p1a: Sableye|[from] lockedmove
|-damage|p1a: Sableye|0 fnt
|faint|p1a: Sableye
|-start|p2a: Landorus|confusion|[fatigue]
|
|win|yutoupaobing
|raw|key2saucyy's rating: 1072 &rarr; <strong>1047</strong><br />(-25 for losing)
|raw|yutoupaobing's rating: 1000 &rarr; <strong>1048</strong><br />(+48 for winning)
|c|☆key2saucyy|gg
|l|☆key2saucyy
|player|p1|
|c|☆yutoupaobing|gg
