|j|‽Msjdhfhrbr
|j|☆zuoxi
|t:|1759069697
|gametype|singles
|player|p1|Msjdhfhrbr|170|1118
|player|p2|zuoxi|iono|1130
|gen|9
|tier|[Gen 9] OU
|rated|
|rule|HP Percentage Mod: HP is shown in percentages
|rule|Endless Battle Clause: Forcing endless battles is banned
|rule|Species Clause: Limit one of each Pokémon
|rule|OHKO Clause: OHKO moves are banned
|rule|Evasion Items Clause: Evasion items are banned
|rule|Evasion Moves Clause: Evasion moves are banned
|rule|Evasion Abilities Clause: Evasion abilities are banned
|rule|Sleep Moves Clause: Sleep-inducing moves are banned
|clearpoke
|poke|p1|Kingambit, M|
|poke|p1|Koffing, F|
|poke|p1|Charmeleon, F|
|poke|p1|Chansey, F|
|poke|p1|Cyclizar, M|
|poke|p1|Sableye, M|
|poke|p2|Inteleon, M|
|poke|p2|Zapdos|
|poke|p2|Iron Crown|
|poke|p2|Ting-Lu|
|poke|p2|Ogerpon-Wellspring, F|
|poke|p2|Great Tusk|
|teampreview
|
|t:|1759069715
|teamsize|p1|6
|teamsize|p2|6
|start
|switch|p1a: Koffing|Koffing, F|100/100
|switch|p2a: Inteleon|Inteleon, M|100/100
|turn|1
|
|t:|1759069728
|move|p2a: Inteleon|Snipe Shot|p1a: Koffing
|-crit|p1a: Koffing
|-damage|p1a: Koffing|18/100
|move|p1a: Koffing|Will-O-Wisp|p2a: Inteleon
|-status|p2a: Inteleon|brn
|
|-damage|p2a: Inteleon|94/100 brn|[from] brn
|upkeep
|turn|2
|
|t:|1759069755
|switch|p1a: Chansey|Chansey, F|100/100
|move|p2a: Inteleon|U-turn|p1a: Chansey
|-damage|p1a: Chansey|96/100
|
|t:|1759069759
|switch|p2a: Ogerpon|Ogerpon-Wellspring, F|100/100|[from] U-turn
|
|upkeep
|turn|3
|
|t:|1759069767
|move|p2a: Ogerpon|Swords Dance|p2a: Ogerpon
|-boost|p2a: Ogerpon|atk|2
|move|p1a: Chansey|Stealth Rock|p2a: Ogerpon
|-sidestart|p2: zuoxi|move: Stealth Rock
|
|upkeep
|turn|4
|
|t:|1759069786
|move|p2a: Ogerpon|Ivy Cudgel|p1a: Chansey|[anim] Ivy Cudgel Water
|-crit|p1a: Chansey
|-damage|p1a: Chansey|0 fnt
|faint|p1a: Chansey
|
|upkeep
|
|t:|1759069800
|switch|p1a: Cyclizar|Cyclizar, M|100/100
|turn|5
|
|t:|1759069827
|-terastallize|p2a: Ogerpon|Water
|detailschange|p2a: Ogerpon|Ogerpon-Wellspring-Tera, F, tera:Water
|-ability|p2a: Ogerpon|Embody Aspect (Wellspring)|boost
|-boost|p2a: Ogerpon|spd|1
|move|p1a: Cyclizar|Substitute|p1a: Cyclizar
|-start|p1a: Cyclizar|Substitute
|-damage|p1a: Cyclizar|75/100
|move|p2a: Ogerpon|Ivy Cudgel|p1a: Cyclizar|[anim] Ivy Cudgel Water
|-resisted|p1a: Cyclizar
|-end|p1a: Cyclizar|Substitute
|
|upkeep
|turn|6
|
|t:|1759069838
|move|p1a: Cyclizar|Dragon Rush|p2a: Ogerpon
|-damage|p2a: Ogerpon|58/100
|move|p2a: Ogerpon|Ivy Cudgel|p1a: Cyclizar|[anim] Ivy Cudgel Water
|-resisted|p1a: Cyclizar
|-damage|p1a: Cyclizar|0 fnt
|faint|p1a: Cyclizar
|
|upkeep
|
|t:|1759069848
|switch|p1a: Sableye|Sableye, M|100/100
|turn|7
|
|t:|1759069856
|switch|p2a: Zapdos|Zapdos|100/100
|move|p1a: Sableye|Fake Out|p2a: Zapdos
|-damage|p2a: Zapdos|94/100
|-status|p1a: Sableye|par|[from] ability: Static|[of] p2a: Zapdos
|
|upkeep
|turn|8
|
|t:|1759069866
|move|p2a: Zapdos|Volt Switch|p1a: Sableye
|-damage|p1a: Sableye|50/100 par
|
|t:|1759069875
|switch|p2a: Iron Crown|Iron Crown|100/100|[from] Volt Switch
|-damage|p2a: Iron Crown|94/100|[from] Stealth Rock
|move|p1a: Sableye|Night Shade|p2a: Iron Crown
|-damage|p2a: Iron Crown|63/100
|
|upkeep
|turn|9
|
|t:|1759069884
|switch|p1a: Charmeleon|Charmeleon, F|100/100
|move|p2a: Iron Crown|Volt Switch|p1a: Charmeleon
|-damage|p1a: Charmeleon|56/100
|
|t:|1759069896
|-end|p2a: Iron Crown|Quark Drive|[silent]
|switch|p2a: Great Tusk|Great Tusk|100/100|[from] Volt Switch
|-damage|p2a: Great Tusk|98/100|[from] Stealth Rock
|-enditem|p2a: Great Tusk|Booster Energy
|-activate|p2a: Great Tusk|ability: Protosynthesis|[fromitem]
|-start|p2a: Great Tusk|protosynthesisatk
|
|upkeep
|turn|10
|
|t:|1759069905
|move|p2a: Great Tusk|Rapid Spin|p1a: Charmeleon
|-damage|p1a: Charmeleon|25/100
|-boost|p2a: Great Tusk|spe|1
|-sideend|p2: zuoxi|Stealth Rock|[from] move: Rapid Spin|[of] p2a: Great Tusk
|move|p1a: Charmeleon|Flamethrower|p2a: Great Tusk
|-crit|p2a: Great Tusk
|-damage|p2a: Great Tusk|0 fnt
|faint|p2a: Great Tusk
|-end|p2a: Great Tusk|Protosynthesis|[silent]
|
|upkeep
|
|t:|1759069910
|switch|p2a: Inteleon|Inteleon, M|94/100 brn
|turn|11
|
|t:|1759069920
|move|p2a: Inteleon|Snipe Shot|p1a: Charmeleon
|-supereffective|p1a: Charmeleon
|-damage|p1a: Charmeleon|0 fnt
|faint|p1a: Charmeleon
|
|-damage|p2a: Inteleon|88/100 brn|[from] brn
|upkeep
|
|t:|1759069927
|switch|p1a: Kingambit|Kingambit, M|100/100
|-activate|p1a: Kingambit|ability: Supreme Overlord
|-start|p1a: Kingambit|fallen3|[silent]
|turn|12
|
|t:|1759069933
|move|p2a: Inteleon|Snipe Shot|p1a: Kingambit
|-damage|p1a: Kingambit|60/100
|move|p1a: Kingambit|Swords Dance|p1a: Kingambit
|-boost|p1a: Kingambit|atk|2
|
|-damage|p2a: Inteleon|82/100 brn|[from] brn
|upkeep
|turn|13
|
|t:|1759069941
|move|p1a: Kingambit|Sucker Punch|p2a: Inteleon
|-damage|p2a: Inteleon|0 fnt
|faint|p2a: Inteleon
|
|upkeep
|
|t:|1759069948
|switch|p2a: Zapdos|Zapdos|94/100
|turn|14
|
|t:|1759069953
|move|p1a: Kingambit|Sucker Punch||[still]
|-fail|p1a: Kingambit
|move|p2a: Zapdos|Thunder Wave|p1a: Kingambit
|-status|p1a: Kingambit|par
|
|upkeep
|turn|15
|
|t:|1759069961
|move|p2a: Zapdos|Heat Wave|p1a: Kingambit
|-supereffective|p1a: Kingambit
|-damage|p1a: Kingambit|8/100 par
|-enditem|p1a: Kingambit|Sitrus Berry|[eat]
|-heal|p1a: Kingambit|33/100 par|[from] item: Sitrus Berry
|cant|p1a: Kingambit|par
|
|upkeep
|turn|16
|
|t:|1759069969
|move|p1a: Kingambit|Sucker Punch|p2a: Zapdos
|-damage|p2a: Zapdos|9/100
|move|p2a: Zapdos|Heat Wave|p1a: Kingambit
|-supereffective|p1a: Kingambit
|-damage|p1a: Kingambit|0 fnt
|faint|p1a: Kingambit
|-end|p1a: Kingambit|fallen3|[silent]
|
|upkeep
|
|t:|1759069977
|switch|p1a: Sableye|Sableye, M|50/100 par
|turn|17
|
|t:|1759069981
|move|p1a: Sableye|Fake Out|p2a: Zapdos
|-damage|p2a: Zapdos|3/100
|cant|p2a: Zapdos|flinch
|
|upkeep
|turn|18
|
|t:|1759069988
|move|p2a: Zapdos|Roost|p2a: Zapdos
|-heal|p2a: Zapdos|53/100
|-singleturn|p2a: Zapdos|move: Roost
|move|p1a: Sableye|Night Shade|p2a: Zapdos
|-damage|p2a: Zapdos|25/100
|
|upkeep
|turn|19
|
|t:|1759069997
|move|p2a: Zapdos|Volt Switch|p1a: Sableye
|-damage|p1a: Sableye|0 fnt
|faint|p1a: Sableye
|
|t:|1759070002
|switch|p2a: Ogerpon|Ogerpon-Wellspring-Tera, F, tera:Water|58/100|[from] Volt Switch
|-ability|p2a: Ogerpon|Embody Aspect (Wellspring)|boost
|-boost|p2a: Ogerpon|spd|1
|
|upkeep
|-message|Msjdhfhrbr forfeited.
|
|win|zuoxi
|raw|Msjdhfhrbr's rating: 1118 &rarr; <strong>1094</strong><br />(-24 for losing)
|raw|zuoxi's rating: 1130 &rarr; <strong>1154</strong><br />(+24 for winning)
|l|‽Msjdhfhrbr
|player|p1|
|l|☆zuoxi
|player|p2|
