|j|☆nmx123
|j|☆sahsingh
|t:|1758960073
|gametype|singles
|player|p1|nmx123|1|1580
|player|p2|sahsingh|266|1651
|gen|9
|tier|[Gen 9] OU
|rated|
|rule|HP Percentage Mod: HP is shown in percentages
|rule|Endless Battle Clause: Forcing endless battles is banned
|rule|Species Clause: Limit one of each Pokémon
|rule|OHKO Clause: OHKO moves are banned
|rule|Evasion Items Clause: Evasion items are banned
|rule|Evasion Moves Clause: Evasion moves are banned
|rule|Evasion Abilities Clause: Evasion abilities are banned
|rule|Sleep Moves Clause: Sleep-inducing moves are banned
|clearpoke
|poke|p1|Dragonite, M|
|poke|p1|Zamazenta-*|
|poke|p1|Gholdengo|
|poke|p1|Raging Bolt|
|poke|p1|Ninetales-Alola, M|
|poke|p1|Great Tusk|
|poke|p2|Tyranitar, F|
|poke|p2|Excadrill, M|
|poke|p2|Keldeo-Resolute|
|poke|p2|Tornadus-Therian, M|
|poke|p2|Heatran, M|
|poke|p2|Hydrapple, M|
|teampreview
|inactive|Battle timer is ON: inactive players will automatically lose when time's up. (requested by nmx123)
|inactive|sahsingh has 120 seconds left.
|inactive|sahsingh has 90 seconds left.
|
|t:|1758960142
|teamsize|p1|6
|teamsize|p2|6
|start
|switch|p1a: Raging Bolt|Raging Bolt|100/100
|switch|p2a: Heatran|Heatran, M|100/100
|turn|1
|
|t:|1758960149
|move|p2a: Heatran|Magma Storm|p1a: Raging Bolt
|-resisted|p1a: Raging Bolt
|-damage|p1a: Raging Bolt|82/100
|-activate|p1a: Raging Bolt|move: Magma Storm|[of] p2a: Heatran
|move|p1a: Raging Bolt|Thunderbolt|p2a: Heatran
|-damage|p2a: Heatran|59/100
|-damage|p1a: Raging Bolt|72/100|[from] item: Life Orb
|
|-heal|p2a: Heatran|65/100|[from] item: Leftovers
|-damage|p1a: Raging Bolt|60/100|[from] move: Magma Storm|[partiallytrapped]
|upkeep
|turn|2
|inactive|sahsingh has 120 seconds left.
|j| LaNoisette
|
|t:|1758960191
|switch|p2a: Excadrill|Excadrill, M|100/100
|-item|p2a: Excadrill|Air Balloon
|move|p1a: Raging Bolt|Thunderbolt|p2a: Excadrill
|-immune|p2a: Excadrill
|
|-end|p1a: Raging Bolt|Magma Storm|[partiallytrapped]|[silent]
|upkeep
|turn|3
|
|t:|1758960198
|-end|p1a: Raging Bolt|Protosynthesis|[silent]
|switch|p1a: Great Tusk|Great Tusk|100/100
|move|p2a: Excadrill|Iron Head|p1a: Great Tusk
|-damage|p1a: Great Tusk|69/100
|-damage|p2a: Excadrill|84/100|[from] item: Rocky Helmet|[of] p1a: Great Tusk
|
|upkeep
|turn|4
|inactive|sahsingh has 120 seconds left.
|
|t:|1758960216
|switch|p2a: Heatran|Heatran, M|65/100
|move|p1a: Great Tusk|Knock Off|p2a: Heatran
|-damage|p2a: Heatran|37/100
|-enditem|p2a: Heatran|Leftovers|[from] move: Knock Off|[of] p1a: Great Tusk
|
|upkeep
|turn|5
|
|t:|1758960228
|switch|p2a: Tornadus|Tornadus-Therian, M|100/100
|move|p1a: Great Tusk|Stealth Rock|p2a: Tornadus
|-sidestart|p2: sahsingh|move: Stealth Rock
|
|upkeep
|turn|6
|
|t:|1758960235
|-end|p1a: Great Tusk|Protosynthesis|[silent]
|switch|p1a: Raging Bolt|Raging Bolt|60/100
|move|p2a: Tornadus|U-turn|p1a: Raging Bolt
|-damage|p1a: Raging Bolt|48/100
|
|t:|1758960240
|switch|p2a: Excadrill|Excadrill, M|84/100|[from] U-turn
|-damage|p2a: Excadrill|81/100|[from] Stealth Rock
|-item|p2a: Excadrill|Air Balloon
|
|upkeep
|turn|7
|
|t:|1758960244
|-end|p1a: Raging Bolt|Protosynthesis|[silent]
|switch|p1a: Great Tusk|Great Tusk|69/100
|move|p2a: Excadrill|Earthquake|p1a: Great Tusk
|-damage|p1a: Great Tusk|29/100
|
|upkeep
|turn|8
|
|t:|1758960250
|move|p2a: Excadrill|Earthquake|p1a: Great Tusk
|-damage|p1a: Great Tusk|0 fnt
|faint|p1a: Great Tusk
|-end|p1a: Great Tusk|Protosynthesis|[silent]
|
|upkeep
|
|t:|1758960254
|switch|p1a: Zamazenta|Zamazenta|100/100
|-ability|p1a: Zamazenta|Dauntless Shield|boost
|-boost|p1a: Zamazenta|def|1
|turn|9
|
|t:|1758960262
|switch|p2a: Hydrapple|Hydrapple, M|100/100
|-damage|p2a: Hydrapple|88/100|[from] Stealth Rock
|move|p1a: Zamazenta|Body Press|p2a: Hydrapple
|-damage|p2a: Hydrapple|54/100
|-damage|p1a: Zamazenta|84/100|[from] item: Rocky Helmet|[of] p2a: Hydrapple
|
|-heal|p1a: Zamazenta|90/100|[from] item: Leftovers
|upkeep
|turn|10
|
|t:|1758960273
|switch|p1a: Ninetales|Ninetales-Alola, M|100/100
|-weather|Snowscape|[from] ability: Snow Warning|[of] p1a: Ninetales
|move|p2a: Hydrapple|Giga Drain|p1a: Ninetales
|-damage|p1a: Ninetales|70/100
|-heal|p2a: Hydrapple|67/100|[from] drain|[of] p1a: Ninetales
|
|-weather|Snowscape|[upkeep]
|upkeep
|turn|11
|
|t:|1758960281
|switch|p2a: Heatran|Heatran, M|37/100
|-damage|p2a: Heatran|25/100|[from] Stealth Rock
|move|p1a: Ninetales|Aurora Veil|p1a: Ninetales
|-sidestart|p1: nmx123|move: Aurora Veil
|
|-weather|Snowscape|[upkeep]
|upkeep
|turn|12
|
|t:|1758960289
|switch|p1a: Raging Bolt|Raging Bolt|48/100
|move|p2a: Heatran|Stealth Rock|p1a: Raging Bolt
|-sidestart|p1: nmx123|move: Stealth Rock
|
|-weather|Snowscape|[upkeep]
|upkeep
|turn|13
|
|t:|1758960298
|move|p2a: Heatran|Earth Power|p1a: Raging Bolt
|-supereffective|p1a: Raging Bolt
|-damage|p1a: Raging Bolt|27/100
|move|p1a: Raging Bolt|Thunderbolt|p2a: Heatran
|-damage|p2a: Heatran|0 fnt
|faint|p2a: Heatran
|-damage|p1a: Raging Bolt|17/100|[from] item: Life Orb
|
|-weather|Snowscape|[upkeep]
|upkeep
|
|t:|1758960308
|switch|p2a: Excadrill|Excadrill, M|81/100
|-damage|p2a: Excadrill|78/100|[from] Stealth Rock
|-item|p2a: Excadrill|Air Balloon
|turn|14
|
|t:|1758960320
|move|p2a: Excadrill|Rapid Spin|p1a: Raging Bolt
|-damage|p1a: Raging Bolt|9/100
|-boost|p2a: Excadrill|spe|1
|-sideend|p2: sahsingh|Stealth Rock|[from] move: Rapid Spin|[of] p2a: Excadrill
|move|p1a: Raging Bolt|Weather Ball|p2a: Excadrill
|-damage|p2a: Excadrill|9/100
|-enditem|p2a: Excadrill|Air Balloon
|-damage|p1a: Raging Bolt|0 fnt|[from] item: Life Orb
|faint|p1a: Raging Bolt
|-end|p1a: Raging Bolt|Protosynthesis|[silent]
|
|-weather|none
|upkeep
|
|t:|1758960327
|switch|p1a: Zamazenta|Zamazenta|90/100
|-damage|p1a: Zamazenta|84/100|[from] Stealth Rock
|turn|15
|
|t:|1758960335
|switch|p2a: Hydrapple|Hydrapple, M|99/100
|move|p1a: Zamazenta|Body Press|p2a: Hydrapple
|-damage|p2a: Hydrapple|76/100
|-damage|p1a: Zamazenta|67/100|[from] item: Rocky Helmet|[of] p2a: Hydrapple
|
|-heal|p1a: Zamazenta|74/100|[from] item: Leftovers
|upkeep
|turn|16
|
|t:|1758960342
|switch|p1a: Ninetales|Ninetales-Alola, M|70/100
|-damage|p1a: Ninetales|45/100|[from] Stealth Rock
|-weather|Snowscape|[from] ability: Snow Warning|[of] p1a: Ninetales
|move|p2a: Hydrapple|Giga Drain|p1a: Ninetales
|-damage|p1a: Ninetales|31/100
|-heal|p2a: Hydrapple|82/100|[from] drain|[of] p1a: Ninetales
|
|-weather|Snowscape|[upkeep]
|upkeep
|turn|17
|
|t:|1758960352
|switch|p2a: Tornadus|Tornadus-Therian, M|100/100
|move|p1a: Ninetales|Freeze-Dry|p2a: Tornadus
|-supereffective|p2a: Tornadus
|-damage|p2a: Tornadus|55/100
|
|-weather|Snowscape|[upkeep]
|upkeep
|turn|18
|
|t:|1758960359
|move|p2a: Tornadus|Heat Wave|p1a: Ninetales
|-supereffective|p1a: Ninetales
|-damage|p1a: Ninetales|9/100
|move|p1a: Ninetales|Freeze-Dry|p2a: Tornadus
|-supereffective|p2a: Tornadus
|-damage|p2a: Tornadus|15/100
|
|-weather|Snowscape|[upkeep]
|-sideend|p1: nmx123|move: Aurora Veil
|upkeep
|turn|19
|
|t:|1758960385
|move|p2a: Tornadus|Heat Wave|p1a: Ninetales
|-supereffective|p1a: Ninetales
|-damage|p1a: Ninetales|0 fnt
|faint|p1a: Ninetales
|
|-weather|Snowscape|[upkeep]
|upkeep
|
|t:|1758960390
|switch|p1a: Gholdengo|Gholdengo|100/100
|-damage|p1a: Gholdengo|94/100|[from] Stealth Rock
|turn|20
|
|t:|1758960402
|switch|p2a: Keldeo|Keldeo-Resolute|100/100
|move|p1a: Gholdengo|Shadow Ball|p2a: Keldeo
|-damage|p2a: Keldeo|55/100
|
|-weather|none
|upkeep
|turn|21
|
|t:|1758960420
|switch|p2a: Tyranitar|Tyranitar, F|100/100
|-weather|Sandstorm|[from] ability: Sand Stream|[of] p2a: Tyranitar
|move|p1a: Gholdengo|Shadow Ball|p2a: Tyranitar
|-resisted|p2a: Tyranitar
|-damage|p2a: Tyranitar|86/100
|
|-weather|Sandstorm|[upkeep]
|upkeep
|turn|22
|
|t:|1758960426
|switch|p1a: Zamazenta|Zamazenta|74/100
|-damage|p1a: Zamazenta|67/100|[from] Stealth Rock
|move|p2a: Tyranitar|Knock Off|p1a: Zamazenta
|-resisted|p1a: Zamazenta
|-damage|p1a: Zamazenta|39/100
|-enditem|p1a: Zamazenta|Leftovers|[from] move: Knock Off|[of] p2a: Tyranitar
|
|-weather|Sandstorm|[upkeep]
|-damage|p1a: Zamazenta|32/100|[from] Sandstorm
|upkeep
|turn|23
|inactive|sahsingh has 120 seconds left.
|
|t:|1758960457
|switch|p2a: Keldeo|Keldeo-Resolute|55/100
|move|p1a: Zamazenta|Iron Defense|p1a: Zamazenta
|-boost|p1a: Zamazenta|def|2
|
|-weather|Sandstorm|[upkeep]
|-damage|p1a: Zamazenta|26/100|[from] Sandstorm
|-damage|p2a: Keldeo|49/100|[from] Sandstorm
|upkeep
|turn|24
|inactive|sahsingh has 120 seconds left.
|
|t:|1758960463
|move|p2a: Keldeo|Vacuum Wave|p1a: Zamazenta
|-damage|p1a: Zamazenta|0 fnt
|faint|p1a: Zamazenta
|
|-weather|Sandstorm|[upkeep]
|-damage|p2a: Keldeo|43/100|[from] Sandstorm
|upkeep
|
|t:|1758960470
|switch|p1a: Gholdengo|Gholdengo|94/100
|-damage|p1a: Gholdengo|88/100|[from] Stealth Rock
|turn|25
|
|t:|1758960482
|move|p2a: Keldeo|Vacuum Wave|p1a: Gholdengo
|-immune|p1a: Gholdengo
|move|p1a: Gholdengo|Shadow Ball|p2a: Keldeo
|-damage|p2a: Keldeo|0 fnt
|faint|p2a: Keldeo
|
|-weather|none
|upkeep
|
|t:|1758960485
|switch|p2a: Tyranitar|Tyranitar, F|86/100
|-weather|Sandstorm|[from] ability: Sand Stream|[of] p2a: Tyranitar
|turn|26
|
|t:|1758960501
|switch|p1a: Dragonite|Dragonite, M|100/100
|-damage|p1a: Dragonite|75/100|[from] Stealth Rock
|move|p2a: Tyranitar|Ice Punch|p1a: Dragonite
|-supereffective|p1a: Dragonite
|-damage|p1a: Dragonite|0 fnt
|faint|p1a: Dragonite
|
|-weather|Sandstorm|[upkeep]
|upkeep
|
|t:|1758960519
|switch|p1a: Gholdengo|Gholdengo|88/100
|-damage|p1a: Gholdengo|82/100|[from] Stealth Rock
|turn|27
|
|t:|1758960528
|move|p1a: Gholdengo|Trick|p2a: Tyranitar
|-activate|p1a: Gholdengo|move: Trick|[of] p2a: Tyranitar
|-item|p2a: Tyranitar|Choice Scarf|[from] move: Trick
|-item|p1a: Gholdengo|Choice Band|[from] move: Trick
|move|p2a: Tyranitar|Ice Punch|p1a: Gholdengo
|-resisted|p1a: Gholdengo
|-damage|p1a: Gholdengo|67/100
|
|-weather|Sandstorm|[upkeep]
|upkeep
|turn|28
|
|t:|1758960534
|move|p2a: Tyranitar|Ice Punch|p1a: Gholdengo
|-resisted|p1a: Gholdengo
|-crit|p1a: Gholdengo
|-damage|p1a: Gholdengo|40/100
|move|p1a: Gholdengo|Make It Rain|p2a: Tyranitar
|-supereffective|p2a: Tyranitar
|-damage|p2a: Tyranitar|0 fnt
|-unboost|p1a: Gholdengo|spa|1
|faint|p2a: Tyranitar
|
|-weather|Sandstorm|[upkeep]
|upkeep
|
|t:|1758960542
|switch|p2a: Excadrill|Excadrill, M|9/100
|turn|29
|
|t:|1758960545
|move|p2a: Excadrill|Earthquake|p1a: Gholdengo
|-supereffective|p1a: Gholdengo
|-damage|p1a: Gholdengo|0 fnt
|faint|p1a: Gholdengo
|
|win|sahsingh
|raw|nmx123's rating: 1580 &rarr; <strong>1564</strong><br />(-16 for losing)
|raw|sahsingh's rating: 1651 &rarr; <strong>1667</strong><br />(+16 for winning)
|l|☆nmx123
|player|p1|
|l|☆sahsingh
|player|p2|
|l| LaNoisette
