|j|☆aislinn4eva247
|j|☆Aru2101
|t:|1759058979
|gametype|singles
|player|p1|aislinn4eva247|scientist-gen4dp|1340
|player|p2|Aru2101|266|1272
|gen|9
|tier|[Gen 9] OU
|rated|
|rule|HP Percentage Mod: HP is shown in percentages
|rule|Endless Battle Clause: Forcing endless battles is banned
|rule|Species Clause: Limit one of each Pokémon
|rule|OHKO Clause: OHKO moves are banned
|rule|Evasion Items Clause: Evasion items are banned
|rule|Evasion Moves Clause: Evasion moves are banned
|rule|Evasion Abilities Clause: Evasion abilities are banned
|rule|Sleep Moves Clause: Sleep-inducing moves are banned
|clearpoke
|poke|p1|Ribombee, M|
|poke|p1|Gholdengo|
|poke|p1|Ogerpon, F|
|poke|p1|Cinderace, F|
|poke|p1|Dragapult, M|
|poke|p1|Kyurem|
|poke|p2|Garchomp, F|
|poke|p2|Spiritomb, F|
|poke|p2|Lucario, M|
|poke|p2|Milotic, M|
|poke|p2|Braviary, M|
|poke|p2|Venusaur, F|
|teampreview
|
|t:|1759058992
|teamsize|p1|6
|teamsize|p2|6
|start
|switch|p1a: Ogerpon|Ogerpon, F|100/100
|switch|p2a: Wannabe Roserade|Venusaur, F|100/100
|turn|1
|
|t:|1759058999
|switch|p1a: Gholdengo|Gholdengo|100/100
|-item|p1a: Gholdengo|Air Balloon
|move|p2a: Wannabe Roserade|Sludge Bomb|p1a: Gholdengo
|-immune|p1a: Gholdengo
|
|upkeep
|turn|2
|
|t:|1759059003
|move|p2a: Wannabe Roserade|Giga Drain|p1a: Gholdengo
|-resisted|p1a: Gholdengo
|-damage|p1a: Gholdengo|84/100
|-enditem|p1a: Gholdengo|Air Balloon
|move|p1a: Gholdengo|Thunder Wave|p2a: Wannabe Roserade
|-status|p2a: Wannabe Roserade|par
|
|upkeep
|turn|3
|
|t:|1759059007
|move|p1a: Gholdengo|Hex|p2a: Wannabe Roserade
|-damage|p2a: Wannabe Roserade|40/100 par
|cant|p2a: Wannabe Roserade|par
|
|-heal|p2a: Wannabe Roserade|46/100 par|[from] item: Black Sludge
|upkeep
|turn|4
|
|t:|1759059013
|switch|p2a: No togekiss ?|Braviary, M|100/100
|move|p1a: Gholdengo|Hex|p2a: No togekiss ?
|-immune|p2a: No togekiss ?
|
|upkeep
|turn|5
|
|t:|1759059019
|move|p2a: No togekiss ?|U-turn|p1a: Gholdengo
|-resisted|p1a: Gholdengo
|-damage|p1a: Gholdengo|80/100
|
|t:|1759059023
|switch|p2a: Best water poke|Milotic, M, shiny|100/100|[from] U-turn
|move|p1a: Gholdengo|Thunder Wave|p2a: Best water poke
|-status|p2a: Best water poke|par
|
|upkeep
|turn|6
|
|t:|1759059035
|move|p1a: Gholdengo|Hex|p2a: Best water poke
|-damage|p2a: Best water poke|57/100 par
|move|p2a: Best water poke|Flip Turn|p1a: Gholdengo
|-damage|p1a: Gholdengo|71/100
|
|t:|1759059040
|switch|p2a: Acechomp|Garchomp, F, shiny|100/100|[from] Flip Turn
|
|upkeep
|turn|7
|
|t:|1759059049
|switch|p1a: Dragapult|Dragapult, M|100/100
|move|p2a: Acechomp|Fire Blast|p1a: Dragapult
|-resisted|p1a: Dragapult
|-damage|p1a: Dragapult|77/100
|-damage|p2a: Acechomp|91/100|[from] item: Life Orb
|
|upkeep
|turn|8
|
|t:|1759059055
|switch|p2a: Best water poke|Milotic, M, shiny|57/100 par
|move|p1a: Dragapult|Dragon Darts|p2a: Best water poke
|-damage|p2a: Best water poke|28/100 par
|-anim|p1a: Dragapult|Dragon Darts|p2a: Best water poke
|-damage|p2a: Best water poke|0 fnt
|faint|p2a: Best water poke
|
|upkeep
|
|t:|1759059063
|switch|p2a: No togekiss ?|Braviary, M|100/100
|turn|9
|
|t:|1759059065
|move|p2a: No togekiss ?|Brave Bird|p1a: Dragapult
|-damage|p1a: Dragapult|0 fnt
|faint|p1a: Dragapult
|-damage|p2a: No togekiss ?|77/100|[from] Recoil
|
|upkeep
|
|t:|1759059082
|switch|p1a: Gholdengo|Gholdengo|71/100
|turn|10
|
|t:|1759059095
|switch|p2a: Wannabe Roserade|Venusaur, F|46/100 par
|move|p1a: Gholdengo|Recover|p1a: Gholdengo
|-heal|p1a: Gholdengo|100/100
|
|-heal|p2a: Wannabe Roserade|52/100 par|[from] item: Black Sludge
|upkeep
|turn|11
|
|t:|1759059099
|move|p1a: Gholdengo|Hex|p2a: Wannabe Roserade
|-damage|p2a: Wannabe Roserade|0 fnt
|faint|p2a: Wannabe Roserade
|
|upkeep
|
|t:|1759059103
|switch|p2a: Acechomp|Garchomp, F, shiny|91/100
|turn|12
|
|t:|1759059114
|switch|p1a: Cinderace|Cinderace, F|100/100
|move|p2a: Acechomp|Earthquake|p1a: Cinderace
|-supereffective|p1a: Cinderace
|-damage|p1a: Cinderace|0 fnt
|faint|p1a: Cinderace
|-damage|p2a: Acechomp|81/100|[from] item: Life Orb
|
|upkeep
|
|t:|1759059121
|switch|p1a: Ribombee|Ribombee, M|100/100
|turn|13
|
|t:|1759059129
|-terastallize|p2a: Acechomp|Poison
|move|p1a: Ribombee|Stun Spore|p2a: Acechomp
|-status|p2a: Acechomp|par
|move|p2a: Acechomp|Poison Jab|p1a: Ribombee
|-supereffective|p1a: Ribombee
|-enditem|p1a: Ribombee|Focus Sash
|-damage|p1a: Ribombee|1/100
|-damage|p2a: Acechomp|71/100 par|[from] item: Life Orb
|
|upkeep
|turn|14
|
|t:|1759059140
|switch|p2a: No togekiss ?|Braviary, M|77/100
|move|p1a: Ribombee|Sticky Web|p2a: No togekiss ?
|-sidestart|p2: Aru2101|move: Sticky Web
|
|upkeep
|turn|15
|
|t:|1759059164
|switch|p1a: Gholdengo|Gholdengo|100/100
|move|p2a: No togekiss ?|Shadow Claw|p1a: Gholdengo
|-supereffective|p1a: Gholdengo
|-damage|p1a: Gholdengo|67/100
|
|upkeep
|turn|16
|
|t:|1759059172
|move|p2a: No togekiss ?|Shadow Claw|p1a: Gholdengo
|-supereffective|p1a: Gholdengo
|-damage|p1a: Gholdengo|34/100
|move|p1a: Gholdengo|Thunder Wave|p2a: No togekiss ?
|-status|p2a: No togekiss ?|par
|
|upkeep
|turn|17
|
|t:|1759059177
|switch|p2a: Acechomp|Garchomp, F, shiny, tera:Poison|71/100 par
|-activate|p2a: Acechomp|move: Sticky Web
|-unboost|p2a: Acechomp|spe|1
|move|p1a: Gholdengo|Recover|p1a: Gholdengo
|-heal|p1a: Gholdengo|84/100
|
|upkeep
|turn|18
|
|t:|1759059183
|move|p1a: Gholdengo|Hex|p2a: Acechomp
|-damage|p2a: Acechomp|6/100 par
|cant|p2a: Acechomp|par
|
|upkeep
|turn|19
|
|t:|1759059187
|move|p1a: Gholdengo|Hex|p2a: Acechomp
|-damage|p2a: Acechomp|0 fnt
|faint|p2a: Acechomp
|
|upkeep
|
|t:|1759059190
|switch|p2a: SpookyTomb|Spiritomb, F, shiny|100/100
|-activate|p2a: SpookyTomb|move: Sticky Web
|-unboost|p2a: SpookyTomb|spe|1
|turn|20
|
|t:|1759059196
|move|p1a: Gholdengo|Thunder Wave|p2a: SpookyTomb
|-status|p2a: SpookyTomb|par
|move|p2a: SpookyTomb|Will-O-Wisp|p1a: Gholdengo
|-immune|p1a: Gholdengo|[from] ability: Good as Gold
|
|upkeep
|turn|21
|
|t:|1759059201
|move|p1a: Gholdengo|Hex|p2a: SpookyTomb
|-damage|p2a: SpookyTomb|38/100 par
|cant|p2a: SpookyTomb|par
|
|-heal|p2a: SpookyTomb|45/100 par|[from] item: Leftovers
|upkeep
|turn|22
|c|☆Aru2101|ofc
|c|☆Aru2101|every single damaging moves gets fuckin paralyzed
|-message|Aru2101 forfeited.
|
|win|aislinn4eva247
|raw|aislinn4eva247's rating: 1340 &rarr; <strong>1356</strong><br />(+16 for winning)
|raw|Aru2101's rating: 1272 &rarr; <strong>1252</strong><br />(-20 for losing)
|l|☆Aru2101
|player|p2|
|c|☆aislinn4eva247|Sorry g
|l|☆aislinn4eva247
|player|p1|
