|j|☆ooheeooh
|j|☆loneslopeman
|t:|1758970820
|gametype|singles
|player|p1|ooheeooh|acetrainerf|1306
|player|p2|loneslopeman|266|1307
|gen|9
|tier|[Gen 9] OU
|rated|
|rule|HP Percentage Mod: HP is shown in percentages
|rule|Endless Battle Clause: Forcing endless battles is banned
|rule|Species Clause: Limit one of each Pokémon
|rule|OHKO Clause: OHKO moves are banned
|rule|Evasion Items Clause: Evasion items are banned
|rule|Evasion Moves Clause: Evasion moves are banned
|rule|Evasion Abilities Clause: Evasion abilities are banned
|rule|Sleep Moves Clause: Sleep-inducing moves are banned
|clearpoke
|poke|p1|Kyurem|
|poke|p1|Slowking-Galar, F|
|poke|p1|Corviknight, M|
|poke|p1|Zamazenta-*|
|poke|p1|Kingambit, F|
|poke|p1|Ogerpon-Wellspring, F|
|poke|p2|Orthworm, F|
|poke|p2|Fezandipiti, M|
|poke|p2|Raging Bolt|
|poke|p2|Pincurchin, M|
|poke|p2|Alomomola, F|
|poke|p2|Torkoal, F|
|teampreview
|inactive|Battle timer is ON: inactive players will automatically lose when time's up. (requested by ooheeooh)
|
|t:|1758970834
|teamsize|p1|6
|teamsize|p2|6
|start
|switch|p1a: Ogerpon|Ogerpon-Wellspring, F|100/100
|switch|p2a: Torkoal|Torkoal, F|100/100
|-weather|SunnyDay|[from] ability: Drought|[of] p2a: Torkoal
|turn|1
|
|t:|1758970842
|move|p1a: Ogerpon|U-turn|p2a: Torkoal
|-resisted|p2a: Torkoal
|-crit|p2a: Torkoal
|-damage|p2a: Torkoal|85/100
|
|t:|1758970847
|switch|p1a: Slowking|Slowking-Galar, F|100/100|[from] U-turn
|move|p2a: Torkoal|Will-O-Wisp|p1a: Slowking
|-status|p1a: Slowking|brn
|
|-weather|SunnyDay|[upkeep]
|-damage|p1a: Slowking|94/100 brn|[from] brn
|upkeep
|turn|2
|
|t:|1758970864
|switch|p2a: Orthworm|Orthworm, F|100/100
|move|p1a: Slowking|Future Sight|p2a: Orthworm
|-start|p1a: Slowking|move: Future Sight
|
|-weather|SunnyDay|[upkeep]
|-damage|p1a: Slowking|88/100 brn|[from] brn
|upkeep
|turn|3
|
|t:|1758970872
|move|p2a: Orthworm|Earthquake|p1a: Slowking
|-supereffective|p1a: Slowking
|-damage|p1a: Slowking|32/100 brn
|-prepare|p1a: Slowking|Chilly Reception|[premajor]
|move|p1a: Slowking|Chilly Reception|p1a: Slowking
|-weather|Snowscape
|
|t:|1758970883
|switch|p1a: Zamazenta|Zamazenta|100/100|[from] Chilly Reception
|-ability|p1a: Zamazenta|Dauntless Shield|boost
|-boost|p1a: Zamazenta|def|1
|
|-weather|Snowscape|[upkeep]
|upkeep
|turn|4
|inactive|loneslopeman has 120 seconds left.
|
|t:|1758970914
|switch|p2a: Alomomola|Alomomola, F|100/100
|move|p1a: Zamazenta|Close Combat|p2a: Alomomola
|-damage|p2a: Alomomola|69/100
|-unboost|p1a: Zamazenta|def|1
|-unboost|p1a: Zamazenta|spd|1
|
|-weather|Snowscape|[upkeep]
|-end|p2a: Alomomola|move: Future Sight
|-damage|p2a: Alomomola|13/100
|upkeep
|turn|5
|inactive|loneslopeman has 120 seconds left.
|
|t:|1758970926
|switch|p2a: Torkoal|Torkoal, F|85/100
|-weather|SunnyDay|[from] ability: Drought|[of] p2a: Torkoal
|move|p1a: Zamazenta|Close Combat|p2a: Torkoal
|-damage|p2a: Torkoal|43/100
|-unboost|p1a: Zamazenta|def|1
|-unboost|p1a: Zamazenta|spd|1
|
|-weather|SunnyDay|[upkeep]
|upkeep
|turn|6
|inactive|loneslopeman has 120 seconds left.
|
|t:|1758970939
|switch|p2a: Fezandipiti|Fezandipiti, M|100/100
|move|p1a: Zamazenta|Close Combat|p2a: Fezandipiti
|-resisted|p2a: Fezandipiti
|-damage|p2a: Fezandipiti|82/100
|-unboost|p1a: Zamazenta|def|1
|-unboost|p1a: Zamazenta|spd|1
|
|-weather|SunnyDay|[upkeep]
|upkeep
|turn|7
|inactive|loneslopeman has 120 seconds left.
|
|t:|1758970952
|move|p1a: Zamazenta|Heavy Slam|p2a: Fezandipiti
|-supereffective|p2a: Fezandipiti
|-damage|p2a: Fezandipiti|0 fnt
|faint|p2a: Fezandipiti
|
|-weather|SunnyDay|[upkeep]
|upkeep
|inactive|loneslopeman has 120 seconds left.
|
|t:|1758970963
|switch|p2a: Raging Bolt|Raging Bolt|100/100
|-activate|p2a: Raging Bolt|ability: Protosynthesis
|-start|p2a: Raging Bolt|protosynthesisspa
|turn|8
|inactive|loneslopeman has 120 seconds left.
|
|t:|1758970983
|switch|p1a: Slowking|Slowking-Galar, F|65/100 brn
|move|p2a: Raging Bolt|Thunderbolt|p1a: Slowking
|-damage|p1a: Slowking|23/100 brn
|
|-weather|SunnyDay|[upkeep]
|-damage|p1a: Slowking|17/100 brn|[from] brn
|upkeep
|turn|9
|
|t:|1758970997
|move|p2a: Raging Bolt|Thunderbolt|p1a: Slowking
|-damage|p1a: Slowking|0 fnt
|faint|p1a: Slowking
|
|-weather|SunnyDay|[upkeep]
|upkeep
|
|t:|1758971004
|switch|p1a: Kyurem|Kyurem|100/100
|-ability|p1a: Kyurem|Pressure
|turn|10
|inactive|loneslopeman has 120 seconds left.
|
|t:|1758971013
|switch|p1a: Corviknight|Corviknight, M|100/100
|-ability|p1a: Corviknight|Pressure
|-end|p2a: Raging Bolt|Protosynthesis|[silent]
|switch|p2a: Orthworm|Orthworm, F|100/100
|
|-weather|SunnyDay|[upkeep]
|upkeep
|turn|11
|inactive|loneslopeman has 120 seconds left.
|
|t:|1758971023
|switch|p2a: Pincurchin|Pincurchin, M|100/100
|-fieldstart|move: Electric Terrain|[from] ability: Electric Surge|[of] p2a: Pincurchin
|move|p1a: Corviknight|Body Press|p2a: Pincurchin
|-damage|p2a: Pincurchin|76/100
|
|-weather|SunnyDay|[upkeep]
|upkeep
|turn|12
|inactive|loneslopeman has 120 seconds left.
|
|t:|1758971035
|switch|p2a: Raging Bolt|Raging Bolt|100/100
|-activate|p2a: Raging Bolt|ability: Protosynthesis
|-start|p2a: Raging Bolt|protosynthesisspa
|move|p1a: Corviknight|Body Press|p2a: Raging Bolt
|-damage|p2a: Raging Bolt|76/100
|
|-weather|none
|-end|p2a: Raging Bolt|Protosynthesis
|upkeep
|-enditem|p2a: Raging Bolt|Booster Energy
|-activate|p2a: Raging Bolt|ability: Protosynthesis|[fromitem]
|-start|p2a: Raging Bolt|protosynthesisspa
|turn|13
|inactive|loneslopeman has 120 seconds left.
|
|t:|1758971054
|switch|p1a: Kingambit|Kingambit, F|100/100
|-activate|p1a: Kingambit|ability: Supreme Overlord
|-start|p1a: Kingambit|fallen1|[silent]
|move|p2a: Raging Bolt|Thunderbolt|p1a: Kingambit
|-damage|p1a: Kingambit|8/100
|-status|p1a: Kingambit|par
|
|-heal|p1a: Kingambit|14/100 par|[from] item: Leftovers
|upkeep
|turn|14
|inactive|loneslopeman has 120 seconds left.
|
|t:|1758971062
|move|p2a: Raging Bolt|Thunderclap|p1a: Kingambit
|-damage|p1a: Kingambit|0 fnt
|faint|p1a: Kingambit
|-end|p1a: Kingambit|fallen1|[silent]
|
|upkeep
|
|t:|1758971067
|switch|p1a: Kyurem|Kyurem|100/100
|-ability|p1a: Kyurem|Pressure
|turn|15
|inactive|loneslopeman has 120 seconds left.
|
|t:|1758971085
|-end|p2a: Raging Bolt|Protosynthesis|[silent]
|switch|p2a: Orthworm|Orthworm, F|100/100
|move|p1a: Kyurem|Earth Power|p2a: Orthworm
|-immune|p2a: Orthworm|[from] ability: Earth Eater
|
|upkeep
|turn|16
|
|t:|1758971092
|switch|p1a: Corviknight|Corviknight, M|100/100
|-ability|p1a: Corviknight|Pressure
|switch|p2a: Alomomola|Alomomola, F|47/100
|
|upkeep
|turn|17
|
|t:|1758971102
|move|p1a: Corviknight|U-turn|p2a: Alomomola
|-damage|p2a: Alomomola|39/100
|
|t:|1758971105
|switch|p1a: Ogerpon|Ogerpon-Wellspring, F|100/100|[from] U-turn
|move|p2a: Alomomola|Wish|p2a: Alomomola
|
|upkeep
|turn|18
|
|t:|1758971112
|switch|p2a: Raging Bolt|Raging Bolt|76/100
|move|p1a: Ogerpon|Knock Off|p2a: Raging Bolt
|-damage|p2a: Raging Bolt|52/100
|
|-heal|p2a: Raging Bolt|100/100|[from] move: Wish|[wisher] Alomomola
|-fieldend|move: Electric Terrain
|upkeep
|turn|19
|
|t:|1758971126
|-terastallize|p2a: Raging Bolt|Dragon
|move|p1a: Ogerpon|U-turn|p2a: Raging Bolt
|-damage|p2a: Raging Bolt|73/100
|
|t:|1758971131
|switch|p1a: Corviknight|Corviknight, M|100/100|[from] U-turn
|-ability|p1a: Corviknight|Pressure
|move|p2a: Raging Bolt|Draco Meteor|p1a: Corviknight
|-resisted|p1a: Corviknight
|-damage|p1a: Corviknight|53/100
|-unboost|p2a: Raging Bolt|spa|2
|
|upkeep
|turn|20
|
|t:|1758971143
|-end|p2a: Raging Bolt|Protosynthesis|[silent]
|switch|p2a: Alomomola|Alomomola, F|72/100
|move|p1a: Corviknight|U-turn|p2a: Alomomola
|-damage|p2a: Alomomola|65/100
|
|t:|1758971145
|switch|p1a: Ogerpon|Ogerpon-Wellspring, F|100/100|[from] U-turn
|
|upkeep
|turn|21
|
|t:|1758971151
|switch|p2a: Orthworm|Orthworm, F|100/100
|move|p1a: Ogerpon|Horn Leech|p2a: Orthworm
|-resisted|p2a: Orthworm
|-damage|p2a: Orthworm|82/100
|
|upkeep
|turn|22
|
|t:|1758971159
|move|p1a: Ogerpon|Knock Off|p2a: Orthworm
|-damage|p2a: Orthworm|53/100
|-enditem|p2a: Orthworm|Assault Vest|[from] move: Knock Off|[of] p1a: Ogerpon
|move|p2a: Orthworm|Body Press|p1a: Ogerpon
|-damage|p1a: Ogerpon|70/100
|
|upkeep
|turn|23
|
|t:|1758971167
|move|p1a: Ogerpon|Ivy Cudgel|p2a: Orthworm|[anim] Ivy Cudgel Water
|-damage|p2a: Orthworm|4/100
|move|p2a: Orthworm|Body Press|p1a: Ogerpon
|-damage|p1a: Ogerpon|35/100
|
|upkeep
|turn|24
|
|t:|1758971173
|move|p1a: Ogerpon|U-turn|p2a: Orthworm
|-resisted|p2a: Orthworm
|-damage|p2a: Orthworm|0 fnt
|faint|p2a: Orthworm
|
|t:|1758971184
|switch|p1a: Zamazenta|Zamazenta|100/100|[from] U-turn
|
|upkeep
|
|t:|1758971203
|switch|p2a: Torkoal|Torkoal, F|43/100
|-weather|SunnyDay|[from] ability: Drought|[of] p2a: Torkoal
|turn|25
|
|t:|1758971209
|move|p1a: Zamazenta|Stone Edge|p2a: Torkoal
|-supereffective|p2a: Torkoal
|-damage|p2a: Torkoal|0 fnt
|faint|p2a: Torkoal
|
|-weather|SunnyDay|[upkeep]
|upkeep
|
|t:|1758971213
|switch|p2a: Raging Bolt|Raging Bolt, tera:Dragon|73/100
|-activate|p2a: Raging Bolt|ability: Protosynthesis
|-start|p2a: Raging Bolt|protosynthesisspa
|turn|26
|
|t:|1758971227
|move|p1a: Zamazenta|Close Combat|p2a: Raging Bolt
|-damage|p2a: Raging Bolt|20/100
|-unboost|p1a: Zamazenta|def|1
|-unboost|p1a: Zamazenta|spd|1
|move|p2a: Raging Bolt|Draco Meteor|p1a: Zamazenta
|-damage|p1a: Zamazenta|0 fnt
|-unboost|p2a: Raging Bolt|spa|2
|faint|p1a: Zamazenta
|
|-weather|SunnyDay|[upkeep]
|upkeep
|
|t:|1758971241
|switch|p1a: Kyurem|Kyurem|100/100
|-ability|p1a: Kyurem|Pressure
|turn|27
|
|t:|1758971248
|-end|p2a: Raging Bolt|Protosynthesis|[silent]
|switch|p2a: Pincurchin|Pincurchin, M|76/100
|-fieldstart|move: Electric Terrain|[from] ability: Electric Surge|[of] p2a: Pincurchin
|move|p1a: Kyurem|Freeze-Dry|p2a: Pincurchin
|-damage|p2a: Pincurchin|0 fnt
|faint|p2a: Pincurchin
|
|-weather|SunnyDay|[upkeep]
|upkeep
|
|t:|1758971255
|switch|p2a: Alomomola|Alomomola, F|98/100
|turn|28
|
|t:|1758971261
|switch|p1a: Ogerpon|Ogerpon-Wellspring, F|35/100
|move|p2a: Alomomola|Wish|p2a: Alomomola
|
|-weather|SunnyDay|[upkeep]
|upkeep
|turn|29
|
|t:|1758971274
|switch|p2a: Raging Bolt|Raging Bolt, tera:Dragon|20/100
|-activate|p2a: Raging Bolt|ability: Protosynthesis
|-start|p2a: Raging Bolt|protosynthesisspa
|move|p1a: Ogerpon|U-turn|p2a: Raging Bolt
|-damage|p2a: Raging Bolt|0 fnt
|faint|p2a: Raging Bolt
|-end|p2a: Raging Bolt|Protosynthesis|[silent]
|
|t:|1758971278
|switch|p1a: Kyurem|Kyurem|100/100|[from] U-turn
|-ability|p1a: Kyurem|Pressure
|
|-weather|SunnyDay|[upkeep]
|upkeep
|-message|loneslopeman forfeited.
|
|win|ooheeooh
|raw|ooheeooh's rating: 1306 &rarr; <strong>1326</strong><br />(+20 for winning)
|raw|loneslopeman's rating: 1307 &rarr; <strong>1287</strong><br />(-20 for losing)
|l|☆loneslopeman
|player|p2|
|l|☆ooheeooh
|player|p1|
