|j|☆Mcqueenloko
|j|☆Boulesinus15
|t:|1759000729
|gametype|singles
|player|p1|Mcqueenloko|pokemonbreederf-gen4|1243
|player|p2|Boulesinus15|169|1291
|gen|9
|tier|[Gen 9] OU
|rated|
|rule|HP Percentage Mod: HP is shown in percentages
|rule|Endless Battle Clause: Forcing endless battles is banned
|rule|Species Clause: Limit one of each Pokémon
|rule|OHKO Clause: OHKO moves are banned
|rule|Evasion Items Clause: Evasion items are banned
|rule|Evasion Moves Clause: Evasion moves are banned
|rule|Evasion Abilities Clause: Evasion abilities are banned
|rule|Sleep Moves Clause: Sleep-inducing moves are banned
|clearpoke
|poke|p1|Scizor, F|
|poke|p1|Corviknight, M|
|poke|p1|Landorus-Therian, M|
|poke|p1|Pecharunt|
|poke|p1|Keldeo-Resolute|
|poke|p1|Ogerpon-Cornerstone, F|
|poke|p2|Araquanid, F|
|poke|p2|Great Tusk|
|poke|p2|Dragapult, M|
|poke|p2|Skeledirge, F|
|poke|p2|Hatterene, F|
|poke|p2|Darkrai|
|teampreview
|inactive|Battle timer is ON: inactive players will automatically lose when time's up. (requested by Mcqueenloko)
|inactive|Boulesinus15 has 120 seconds left.
|
|t:|1759000764
|teamsize|p1|6
|teamsize|p2|6
|start
|switch|p1a: Ogerpon|Ogerpon-Cornerstone, F|100/100
|switch|p2a: Hatterene|Hatterene, F|100/100
|turn|1
|
|t:|1759000779
|move|p1a: Ogerpon|U-turn|p2a: Hatterene
|-damage|p2a: Hatterene|71/100
|
|t:|1759000791
|switch|p1a: Pecharunt|Pecharunt|100/100|[from] U-turn
|move|p2a: Hatterene|Nuzzle|p1a: Pecharunt
|-damage|p1a: Pecharunt|98/100
|-status|p1a: Pecharunt|par
|
|upkeep
|turn|2
|inactive|Boulesinus15 has 120 seconds left.
|
|t:|1759000832
|move|p1a: Pecharunt|Malignant Chain|p2a: Hatterene
|-supereffective|p2a: Hatterene
|-damage|p2a: Hatterene|14/100
|-status|p2a: Hatterene|tox
|-start|p2a: Hatterene|confusion|[from] ability: Poison Puppeteer|[of] p1a: Pecharunt
|-activate|p2a: Hatterene|confusion
|move|p2a: Hatterene|Psyshock|p1a: Pecharunt
|-supereffective|p1a: Pecharunt
|-damage|p1a: Pecharunt|44/100 par
|
|-damage|p2a: Hatterene|8/100 tox|[from] psn
|upkeep
|turn|3
|
|t:|1759000857
|cant|p1a: Pecharunt|par
|-end|p2a: Hatterene|confusion
|move|p2a: Hatterene|Psyshock|p1a: Pecharunt
|-supereffective|p1a: Pecharunt
|-damage|p1a: Pecharunt|0 fnt
|faint|p1a: Pecharunt
|
|-damage|p2a: Hatterene|0 fnt|[from] psn
|faint|p2a: Hatterene
|upkeep
|inactive|Mcqueenloko has 120 seconds left.
|
|t:|1759000881
|switch|p1a: Ogerpon|Ogerpon-Cornerstone, F|100/100
|switch|p2a: Skeledirge|Skeledirge, F|100/100
|turn|4
|inactive|Boulesinus15 has 90 seconds left.
|
|t:|1759000905
|move|p1a: Ogerpon|U-turn|p2a: Skeledirge
|-resisted|p2a: Skeledirge
|-crit|p2a: Skeledirge
|-damage|p2a: Skeledirge|95/100
|
|t:|1759000910
|switch|p1a: Keldeo|Keldeo-Resolute|100/100|[from] U-turn
|move|p2a: Skeledirge|Will-O-Wisp|p1a: Keldeo
|-status|p1a: Keldeo|brn
|
|-damage|p1a: Keldeo|94/100 brn|[from] brn
|upkeep
|turn|5
|inactive|Mcqueenloko has 120 seconds left.
|
|t:|1759000921
|switch|p1a: Ogerpon|Ogerpon-Cornerstone, F|100/100
|switch|p2a: Dragapult|Dragapult, M|100/100
|
|upkeep
|turn|6
|inactive|Mcqueenloko has 120 seconds left.
|
|t:|1759000929
|move|p2a: Dragapult|U-turn|p1a: Ogerpon
|-supereffective|p1a: Ogerpon
|-damage|p1a: Ogerpon|6/100
|
|t:|1759000937
|switch|p2a: Great Tusk|Great Tusk|100/100|[from] U-turn
|move|p1a: Ogerpon|Knock Off|p2a: Great Tusk
|-resisted|p2a: Great Tusk
|-damage|p2a: Great Tusk|85/100
|-enditem|p2a: Great Tusk|Assault Vest|[from] move: Knock Off|[of] p1a: Ogerpon
|
|upkeep
|turn|7
|inactive|Boulesinus15 has 90 seconds left.
|
|t:|1759000977
|-end|p2a: Great Tusk|Protosynthesis|[silent]
|switch|p2a: Skeledirge|Skeledirge, F|95/100
|move|p1a: Ogerpon|Horn Leech|p2a: Skeledirge
|-resisted|p2a: Skeledirge
|-damage|p2a: Skeledirge|81/100
|-heal|p1a: Ogerpon|15/100|[from] drain|[of] p2a: Skeledirge
|
|upkeep
|turn|8
|
|t:|1759000984
|-terastallize|p2a: Skeledirge|Fairy
|move|p1a: Ogerpon|Ivy Cudgel|p2a: Skeledirge|[anim] Ivy Cudgel Rock
|-damage|p2a: Skeledirge|46/100
|move|p2a: Skeledirge|Torch Song|p1a: Ogerpon
|-damage|p1a: Ogerpon|0 fnt
|-boost|p2a: Skeledirge|spa|1
|faint|p1a: Ogerpon
|
|upkeep
|
|t:|1759000991
|switch|p1a: Scizor|Scizor, F|100/100
|turn|9
|
|t:|1759001004
|switch|p2a: Great Tusk|Great Tusk|85/100
|move|p1a: Scizor|Bullet Punch|p2a: Great Tusk
|-damage|p2a: Great Tusk|58/100
|
|upkeep
|turn|10
|
|t:|1759001016
|-terastallize|p1a: Scizor|Water
|move|p2a: Great Tusk|Close Combat|p1a: Scizor
|-damage|p1a: Scizor|35/100
|-unboost|p2a: Great Tusk|def|1
|-unboost|p2a: Great Tusk|spd|1
|move|p1a: Scizor|Tera Blast|p2a: Great Tusk|[anim] Tera Blast Water
|-supereffective|p2a: Great Tusk
|-damage|p2a: Great Tusk|0 fnt
|faint|p2a: Great Tusk
|-end|p2a: Great Tusk|Protosynthesis|[silent]
|
|upkeep
|inactive|Boulesinus15 has 90 seconds left.
|
|t:|1759001027
|switch|p2a: Araquanid|Araquanid, F|100/100
|turn|11
|inactive|Boulesinus15 has 90 seconds left.
|
|t:|1759001053
|switch|p1a: Corviknight|Corviknight, M, shiny|100/100
|-ability|p1a: Corviknight|Pressure
|move|p2a: Araquanid|Leech Life|p1a: Corviknight
|-resisted|p1a: Corviknight
|-damage|p1a: Corviknight|97/100
|-damage|p2a: Araquanid|84/100|[from] item: Rocky Helmet|[of] p1a: Corviknight
|
|-heal|p2a: Araquanid|90/100|[from] item: Leftovers
|upkeep
|turn|12
|
|t:|1759001067
|move|p1a: Corviknight|Iron Defense|p1a: Corviknight
|-boost|p1a: Corviknight|def|2
|move|p2a: Araquanid|Liquidation|p1a: Corviknight
|-damage|p1a: Corviknight|83/100
|-unboost|p1a: Corviknight|def|1
|-damage|p2a: Araquanid|74/100|[from] item: Rocky Helmet|[of] p1a: Corviknight
|
|-heal|p2a: Araquanid|80/100|[from] item: Leftovers
|upkeep
|turn|13
|inactive|Boulesinus15 has 90 seconds left.
|
|t:|1759001075
|switch|p2a: Dragapult|Dragapult, M|100/100
|move|p1a: Corviknight|Body Press|p2a: Dragapult
|-immune|p2a: Dragapult
|
|upkeep
|turn|14
|
|t:|1759001085
|switch|p1a: Keldeo|Keldeo-Resolute|94/100 brn
|move|p2a: Dragapult|U-turn|p1a: Keldeo
|-resisted|p1a: Keldeo
|-damage|p1a: Keldeo|74/100 brn
|inactive|Boulesinus15 has 90 seconds left.
|
|t:|1759001117
|switch|p2a: Skeledirge|Skeledirge, F, tera:Fairy|46/100|[from] U-turn
|
|-damage|p1a: Keldeo|67/100 brn|[from] brn
|upkeep
|turn|15
|
|t:|1759001125
|move|p1a: Keldeo|Surf|p2a: Skeledirge
|-damage|p2a: Skeledirge|0 fnt
|faint|p2a: Skeledirge
|
|-damage|p1a: Keldeo|61/100 brn|[from] brn
|upkeep
|
|t:|1759001140
|switch|p2a: Darkrai|Darkrai|100/100
|turn|16
|
|t:|1759001144
|move|p1a: Keldeo|Vacuum Wave|p2a: Darkrai
|-supereffective|p2a: Darkrai
|-damage|p2a: Darkrai|40/100
|move|p2a: Darkrai|Psychic|p1a: Keldeo
|-supereffective|p1a: Keldeo
|-damage|p1a: Keldeo|0 fnt
|faint|p1a: Keldeo
|
|upkeep
|
|t:|1759001153
|switch|p1a: Scizor|Scizor, F, tera:Water|35/100
|turn|17
|inactive|Boulesinus15 has 90 seconds left.
|
|t:|1759001165
|switch|p2a: Araquanid|Araquanid, F|80/100
|move|p1a: Scizor|Bullet Punch|p2a: Araquanid
|-resisted|p2a: Araquanid
|-damage|p2a: Araquanid|64/100
|
|-heal|p2a: Araquanid|70/100|[from] item: Leftovers
|upkeep
|turn|18
|
|t:|1759001174
|switch|p1a: Corviknight|Corviknight, M, shiny|83/100
|-ability|p1a: Corviknight|Pressure
|move|p2a: Araquanid|Liquidation|p1a: Corviknight
|-damage|p1a: Corviknight|54/100
|-damage|p2a: Araquanid|54/100|[from] item: Rocky Helmet|[of] p1a: Corviknight
|
|-heal|p2a: Araquanid|60/100|[from] item: Leftovers
|upkeep
|turn|19
|inactive|Boulesinus15 has 90 seconds left.
|
|t:|1759001200
|move|p1a: Corviknight|Roost|p1a: Corviknight
|-heal|p1a: Corviknight|100/100
|-singleturn|p1a: Corviknight|move: Roost
|move|p2a: Araquanid|Liquidation|p1a: Corviknight
|-damage|p1a: Corviknight|71/100
|-damage|p2a: Araquanid|43/100|[from] item: Rocky Helmet|[of] p1a: Corviknight
|
|-heal|p2a: Araquanid|50/100|[from] item: Leftovers
|upkeep
|turn|20
|inactive|Boulesinus15 has 60 seconds left.
|inactive|Boulesinus15 has 30 seconds left.
|inactive|Boulesinus15 has 20 seconds left.
|inactive|Boulesinus15 has 15 seconds left.
|inactive|Boulesinus15 has 10 seconds left.
|inactive|Boulesinus15 has 5 seconds left.
|-message|Boulesinus15 lost due to inactivity.
|
|win|Mcqueenloko
|raw|Mcqueenloko's rating: 1243 &rarr; <strong>1271</strong><br />(+28 for winning)
|raw|Boulesinus15's rating: 1291 &rarr; <strong>1263</strong><br />(-28 for losing)
|l|☆Boulesinus15
|player|p2|
