|j|☆bellaisokay
|j|☆pikalyte3
|t:|1758973108
|gametype|singles
|player|p1|bellaisokay|sabrina|1585
|player|p2|pikalyte3|dancer|1561
|gen|9
|tier|[Gen 9] OU
|rated|
|rule|HP Percentage Mod: HP is shown in percentages
|rule|Endless Battle Clause: Forcing endless battles is banned
|rule|Species Clause: Limit one of each Pokémon
|rule|OHKO Clause: OHKO moves are banned
|rule|Evasion Items Clause: Evasion items are banned
|rule|Evasion Moves Clause: Evasion moves are banned
|rule|Evasion Abilities Clause: Evasion abilities are banned
|rule|Sleep Moves Clause: Sleep-inducing moves are banned
|clearpoke
|poke|p1|Landorus-Therian, M|
|poke|p1|Serperior, M|
|poke|p1|Greninja-*, M|
|poke|p1|Hatterene, F|
|poke|p1|Kingambit, F|
|poke|p1|Zamazenta-*|
|poke|p2|Dragonite, F|
|poke|p2|Samurott-Hisui, M|
|poke|p2|Landorus-Therian, M|
|poke|p2|Iron Moth|
|poke|p2|Darkrai|
|poke|p2|Kingambit, F|
|teampreview
|
|t:|1758973114
|teamsize|p1|6
|teamsize|p2|6
|start
|switch|p1a: Serperior|Serperior, M|100/100
|switch|p2a: Samurott|Samurott-Hisui, M|100/100
|turn|1
|inactive|Battle timer is ON: inactive players will automatically lose when time's up. (requested by pikalyte3)
|
|t:|1758973118
|move|p1a: Serperior|Reflect|p1a: Serperior
|-sidestart|p1: bellaisokay|Reflect
|move|p2a: Samurott|Knock Off|p1a: Serperior
|-damage|p1a: Serperior|78/100
|-enditem|p1a: Serperior|Light Clay|[from] move: Knock Off|[of] p2a: Samurott
|
|upkeep
|turn|2
|
|t:|1758973122
|move|p1a: Serperior|Glare|p2a: Samurott
|-status|p2a: Samurott|par
|move|p2a: Samurott|Ceaseless Edge|p1a: Serperior
|-damage|p1a: Serperior|57/100
|-sidestart|p1: bellaisokay|Spikes
|
|upkeep
|turn|3
|
|t:|1758973131
|move|p1a: Serperior|Light Screen|p1a: Serperior
|-sidestart|p1: bellaisokay|move: Light Screen
|move|p2a: Samurott|Ceaseless Edge|p1a: Serperior
|-crit|p1a: Serperior
|-damage|p1a: Serperior|0 fnt
|-sidestart|p1: bellaisokay|Spikes
|faint|p1a: Serperior
|
|upkeep
|
|t:|1758973139
|switch|p1a: Zamazenta|Zamazenta|100/100
|-damage|p1a: Zamazenta|84/100|[from] Spikes
|-ability|p1a: Zamazenta|Dauntless Shield|boost
|-boost|p1a: Zamazenta|def|1
|turn|4
|
|t:|1758973152
|switch|p2a: land rover|Landorus-Therian, M|100/100
|-ability|p2a: land rover|Intimidate|boost
|-unboost|p1a: Zamazenta|atk|1
|move|p1a: Zamazenta|Substitute|p1a: Zamazenta
|-start|p1a: Zamazenta|Substitute
|-damage|p1a: Zamazenta|59/100
|
|-heal|p1a: Zamazenta|65/100|[from] item: Leftovers
|upkeep
|turn|5
|
|t:|1758973161
|switch|p2a: Iron Moth|Iron Moth|100/100
|-enditem|p2a: Iron Moth|Booster Energy
|-activate|p2a: Iron Moth|ability: Quark Drive|[fromitem]
|-start|p2a: Iron Moth|quarkdrivespe
|move|p1a: Zamazenta|Iron Defense|p1a: Zamazenta
|-boost|p1a: Zamazenta|def|2
|
|-heal|p1a: Zamazenta|71/100|[from] item: Leftovers
|upkeep
|turn|6
|
|t:|1758973174
|move|p2a: Iron Moth|Psychic|p1a: Zamazenta
|-supereffective|p1a: Zamazenta
|-crit|p1a: Zamazenta
|-end|p1a: Zamazenta|Substitute
|move|p1a: Zamazenta|Iron Defense|p1a: Zamazenta
|-boost|p1a: Zamazenta|def|2
|
|-heal|p1a: Zamazenta|78/100|[from] item: Leftovers
|upkeep
|turn|7
|
|t:|1758973189
|move|p2a: Iron Moth|Psychic|p1a: Zamazenta
|-supereffective|p1a: Zamazenta
|-damage|p1a: Zamazenta|55/100
|move|p1a: Zamazenta|Body Press|p2a: Iron Moth
|-resisted|p2a: Iron Moth
|-damage|p2a: Iron Moth|18/100
|
|-heal|p1a: Zamazenta|61/100|[from] item: Leftovers
|-sideend|p1: bellaisokay|move: Light Screen
|upkeep
|turn|8
|
|t:|1758973200
|move|p2a: Iron Moth|Psychic|p1a: Zamazenta
|-supereffective|p1a: Zamazenta
|-crit|p1a: Zamazenta
|-damage|p1a: Zamazenta|0 fnt
|faint|p1a: Zamazenta
|
|-sideend|p1: bellaisokay|Reflect
|upkeep
|
|t:|1758973218
|switch|p1a: Greninja|Greninja, M|100/100
|-damage|p1a: Greninja|84/100|[from] Spikes
|turn|9
|
|t:|1758973227
|move|p1a: Greninja|Water Shuriken|p2a: Iron Moth
|-supereffective|p2a: Iron Moth
|-damage|p2a: Iron Moth|0 fnt
|faint|p2a: Iron Moth
|-end|p2a: Iron Moth|Quark Drive|[silent]
|-ability|p1a: Greninja|Battle Bond|boost
|-boost|p1a: Greninja|atk|1
|-boost|p1a: Greninja|spa|1
|-boost|p1a: Greninja|spe|1
|-activate|p1a: Greninja|ability: Battle Bond
|-hitcount|p2: Iron Moth|1
|-damage|p1a: Greninja|74/100|[from] item: Life Orb
|
|upkeep
|
|t:|1758973250
|switch|p2a: Kingambit|Kingambit, F|100/100
|-activate|p2a: Kingambit|ability: Supreme Overlord
|-start|p2a: Kingambit|fallen1|[silent]
|-item|p2a: Kingambit|Air Balloon
|turn|10
|inactive|bellaisokay has 120 seconds left.
|
|t:|1758973289
|-terastallize|p1a: Greninja|Water
|move|p1a: Greninja|Hydro Pump|p2a: Kingambit
|-damage|p2a: Kingambit|0 fnt
|-enditem|p2a: Kingambit|Air Balloon
|faint|p2a: Kingambit
|-end|p2a: Kingambit|fallen1|[silent]
|-damage|p1a: Greninja|64/100|[from] item: Life Orb
|
|upkeep
|inactive|pikalyte3 has 120 seconds left.
|
|t:|1758973312
|switch|p2a: Dragonite|Dragonite, F|100/100
|turn|11
|inactive|bellaisokay has 120 seconds left.
|inactive|pikalyte3 has 120 seconds left.
|
|t:|1758973328
|move|p2a: Dragonite|Extreme Speed|p1a: Greninja
|-damage|p1a: Greninja|17/100
|move|p1a: Greninja|Ice Beam|p2a: Dragonite
|-supereffective|p2a: Dragonite
|-damage|p2a: Dragonite|0 fnt
|faint|p2a: Dragonite
|-damage|p1a: Greninja|7/100|[from] item: Life Orb
|
|upkeep
|
|t:|1758973334
|switch|p2a: Samurott|Samurott-Hisui, M|100/100 par
|turn|12
|
|t:|1758973339
|move|p1a: Greninja|Water Shuriken|p2a: Samurott
|-resisted|p2a: Samurott
|-damage|p2a: Samurott|85/100 par
|-resisted|p2a: Samurott
|-damage|p2a: Samurott|70/100 par
|-resisted|p2a: Samurott
|-damage|p2a: Samurott|55/100 par
|-hitcount|p2a: Samurott|3
|-damage|p1a: Greninja|0 fnt|[from] item: Life Orb
|faint|p1a: Greninja
|move|p2a: Samurott|Aqua Jet|p1: Greninja|[notarget]
|-fail|p2a: Samurott
|
|upkeep
|
|t:|1758973346
|switch|p1a: Landorus|Landorus-Therian, M|100/100
|-ability|p1a: Landorus|Intimidate|boost
|-unboost|p2a: Samurott|atk|1
|turn|13
|
|t:|1758973351
|move|p1a: Landorus|Earthquake|p2a: Samurott
|-damage|p2a: Samurott|0 fnt
|faint|p2a: Samurott
|
|upkeep
|
|t:|1758973353
|switch|p2a: Darkrai|Darkrai|100/100
|turn|14
|
|t:|1758973358
|switch|p1a: Hatterene|Hatterene, F|100/100
|-damage|p1a: Hatterene|84/100|[from] Spikes
|move|p2a: Darkrai|Ice Beam|p1a: Hatterene
|-damage|p1a: Hatterene|40/100
|-status|p1a: Hatterene|frz
|-damage|p2a: Darkrai|91/100|[from] item: Life Orb
|
|-heal|p1a: Hatterene|46/100 frz|[from] item: Leftovers
|upkeep
|turn|15
|
|t:|1758973361
|move|p2a: Darkrai|Nasty Plot|p2a: Darkrai
|-boost|p2a: Darkrai|spa|2
|cant|p1a: Hatterene|frz
|
|-heal|p1a: Hatterene|52/100 frz|[from] item: Leftovers
|upkeep
|turn|16
|
|t:|1758973365
|move|p2a: Darkrai|Dark Pulse|p1a: Hatterene
|-damage|p1a: Hatterene|0 fnt
|faint|p1a: Hatterene
|-damage|p2a: Darkrai|81/100|[from] item: Life Orb
|
|upkeep
|
|t:|1758973368
|switch|p1a: Kingambit|Kingambit, F|100/100
|-damage|p1a: Kingambit|84/100|[from] Spikes
|-activate|p1a: Kingambit|ability: Supreme Overlord
|-start|p1a: Kingambit|fallen4|[silent]
|turn|17
|
|t:|1758973373
|move|p2a: Darkrai|Will-O-Wisp|p1a: Kingambit
|-status|p1a: Kingambit|brn
|move|p1a: Kingambit|Iron Head|p2a: Darkrai
|-damage|p2a: Darkrai|37/100
|
|-heal|p1a: Kingambit|90/100 brn|[from] item: Leftovers
|-damage|p1a: Kingambit|84/100 brn|[from] brn
|upkeep
|turn|18
|
|t:|1758973375
|switch|p2a: land rover|Landorus-Therian, M|100/100
|-ability|p2a: land rover|Intimidate|boost
|-unboost|p1a: Kingambit|atk|1
|move|p1a: Kingambit|Iron Head|p2a: land rover
|-damage|p2a: land rover|78/100
|-damage|p1a: Kingambit|68/100 brn|[from] item: Rocky Helmet|[of] p2a: land rover
|
|-heal|p1a: Kingambit|74/100 brn|[from] item: Leftovers
|-damage|p1a: Kingambit|68/100 brn|[from] brn
|upkeep
|turn|19
|
|t:|1758973380
|-end|p1a: Kingambit|fallen4|[silent]
|switch|p1a: Landorus|Landorus-Therian, M|100/100
|-ability|p1a: Landorus|Intimidate|boost
|-unboost|p2a: land rover|atk|1
|move|p2a: land rover|Earth Power|p1a: Landorus
|-immune|p1a: Landorus
|
|upkeep
|turn|20
|
|t:|1758973382
|move|p1a: Landorus|Fling|p2a: land rover
|-damage|p2a: land rover|68/100
|-status|p2a: land rover|par
|-enditem|p1a: Landorus|Light Ball|[from] move: Fling
|move|p2a: land rover|Taunt|p1a: Landorus
|-start|p1a: Landorus|move: Taunt
|
|upkeep
|turn|21
|
|t:|1758973387
|move|p1a: Landorus|Earthquake|p2a: land rover
|-immune|p2a: land rover
|move|p2a: land rover|U-turn|p1a: Landorus
|-resisted|p1a: Landorus
|-damage|p1a: Landorus|94/100
|
|t:|1758973390
|switch|p2a: Darkrai|Darkrai|37/100|[from] U-turn
|
|upkeep
|turn|22
|
|t:|1758973392
|move|p2a: Darkrai|Ice Beam|p1a: Landorus
|-supereffective|p1a: Landorus
|-damage|p1a: Landorus|0 fnt
|faint|p1a: Landorus
|-damage|p2a: Darkrai|27/100|[from] item: Life Orb
|
|upkeep
|
|t:|1758973393
|switch|p1a: Kingambit|Kingambit, F|68/100 brn
|-damage|p1a: Kingambit|51/100 brn|[from] Spikes
|-activate|p1a: Kingambit|ability: Supreme Overlord
|-start|p1a: Kingambit|fallen5|[silent]
|turn|23
|
|t:|1758973399
|move|p2a: Darkrai|Dark Pulse|p1a: Kingambit
|-resisted|p1a: Kingambit
|-damage|p1a: Kingambit|22/100 brn
|-damage|p2a: Darkrai|17/100|[from] item: Life Orb
|move|p1a: Kingambit|Swords Dance|p1a: Kingambit
|-boost|p1a: Kingambit|atk|2
|
|-heal|p1a: Kingambit|28/100 brn|[from] item: Leftovers
|-damage|p1a: Kingambit|22/100 brn|[from] brn
|upkeep
|turn|24
|
|t:|1758973404
|move|p1a: Kingambit|Sucker Punch||[still]
|-fail|p1a: Kingambit
|move|p2a: Darkrai|Nasty Plot|p2a: Darkrai
|-boost|p2a: Darkrai|spa|2
|
|-heal|p1a: Kingambit|28/100 brn|[from] item: Leftovers
|-damage|p1a: Kingambit|22/100 brn|[from] brn
|upkeep
|turn|25
|
|t:|1758973410
|move|p1a: Kingambit|Sucker Punch||[still]
|-fail|p1a: Kingambit
|move|p2a: Darkrai|Nasty Plot|p2a: Darkrai
|-boost|p2a: Darkrai|spa|2
|
|-heal|p1a: Kingambit|28/100 brn|[from] item: Leftovers
|-damage|p1a: Kingambit|22/100 brn|[from] brn
|upkeep
|turn|26
|
|t:|1758973427
|move|p1a: Kingambit|Sucker Punch||[still]
|-fail|p1a: Kingambit
|move|p2a: Darkrai|Nasty Plot|p2a: Darkrai
|-boost|p2a: Darkrai|spa|2
|
|-heal|p1a: Kingambit|28/100 brn|[from] item: Leftovers
|-damage|p1a: Kingambit|22/100 brn|[from] brn
|upkeep
|turn|27
|
|t:|1758973451
|move|p1a: Kingambit|Sucker Punch|p2a: Darkrai
|-resisted|p2a: Darkrai
|-damage|p2a: Darkrai|0 fnt
|faint|p2a: Darkrai
|
|-heal|p1a: Kingambit|28/100 brn|[from] item: Leftovers
|-damage|p1a: Kingambit|22/100 brn|[from] brn
|upkeep
|
|t:|1758973453
|switch|p2a: land rover|Landorus-Therian, M|68/100 par
|-ability|p2a: land rover|Intimidate|boost
|-unboost|p1a: Kingambit|atk|1
|turn|28
|
|t:|1758973456
|move|p2a: land rover|Earth Power|p1a: Kingambit
|-supereffective|p1a: Kingambit
|-damage|p1a: Kingambit|0 fnt
|faint|p1a: Kingambit
|-end|p1a: Kingambit|fallen5|[silent]
|
|win|pikalyte3
|raw|bellaisokay's rating: 1605 &rarr; <strong>1582</strong><br />(-23 for losing)
|raw|pikalyte3's rating: 1561 &rarr; <strong>1584</strong><br />(+23 for winning)
|l|☆bellaisokay
|player|p1|
|c|☆pikalyte3|gg
