|j|☆Mr.BLaze_36
|j|☆theviolator3000
|t:|1759032197
|gametype|singles
|player|p1|Mr.BLaze_36|veteran|1193
|player|p2|theviolator3000|preschooler|1165
|gen|9
|tier|[Gen 9] OU
|rated|
|rule|HP Percentage Mod: HP is shown in percentages
|rule|Endless Battle Clause: Forcing endless battles is banned
|rule|Species Clause: Limit one of each Pokémon
|rule|OHKO Clause: OHKO moves are banned
|rule|Evasion Items Clause: Evasion items are banned
|rule|Evasion Moves Clause: Evasion moves are banned
|rule|Evasion Abilities Clause: Evasion abilities are banned
|rule|Sleep Moves Clause: Sleep-inducing moves are banned
|clearpoke
|poke|p1|Infernape, M|
|poke|p1|Mandibuzz, F|
|poke|p1|Blissey, F|
|poke|p1|Gliscor, F|
|poke|p1|Hydreigon, F|
|poke|p1|Conkeldurr, F|
|poke|p2|Corviknight, F|
|poke|p2|Slowking-Galar, F|
|poke|p2|Zamazenta-*|
|poke|p2|Kingambit, M|
|poke|p2|Great Tusk|
|poke|p2|Ogerpon-Wellspring, F|
|teampreview
|inactive|Battle timer is ON: inactive players will automatically lose when time's up. (requested by theviolator3000)
|
|t:|1759032208
|teamsize|p1|6
|teamsize|p2|6
|start
|switch|p1a: Infernape|Infernape, M|100/100
|switch|p2a: Slowking|Slowking-Galar, F|100/100
|turn|1
|
|t:|1759032217
|move|p1a: Infernape|U-turn|p2a: Slowking
|-damage|p2a: Slowking|73/100
|-damage|p1a: Infernape|91/100|[from] item: Life Orb
|
|t:|1759032226
|switch|p1a: Gliscor|Gliscor, F|100/100|[from] U-turn
|move|p2a: Slowking|Thunder Wave|p1a: Gliscor
|-immune|p1a: Gliscor
|
|-status|p1a: Gliscor|tox|[from] item: Toxic Orb
|upkeep
|turn|2
|
|t:|1759032236
|switch|p2a: Great Tusk|Great Tusk|100/100
|move|p1a: Gliscor|Stealth Rock|p2a: Great Tusk
|-sidestart|p2: theviolator3000|move: Stealth Rock
|
|upkeep
|turn|3
|
|t:|1759032242
|move|p2a: Great Tusk|Ice Spinner|p1a: Gliscor
|-supereffective|p1a: Gliscor
|-damage|p1a: Gliscor|30/100 tox
|move|p1a: Gliscor|Toxic|p2a: Great Tusk
|-status|p2a: Great Tusk|tox
|
|-damage|p2a: Great Tusk|94/100 tox|[from] psn
|-heal|p1a: Gliscor|43/100 tox|[from] ability: Poison Heal
|upkeep
|turn|4
|
|t:|1759032252
|move|p1a: Gliscor|Protect|p1a: Gliscor
|-singleturn|p1a: Gliscor|Protect
|move|p2a: Great Tusk|Ice Spinner|p1a: Gliscor
|-activate|p1a: Gliscor|move: Protect
|
|-damage|p2a: Great Tusk|82/100 tox|[from] psn
|-heal|p1a: Gliscor|55/100 tox|[from] ability: Poison Heal
|upkeep
|turn|5
|
|t:|1759032267
|switch|p1a: Mandibuzz|Mandibuzz, F|100/100
|move|p2a: Great Tusk|Ice Spinner|p1a: Mandibuzz
|-supereffective|p1a: Mandibuzz
|-damage|p1a: Mandibuzz|70/100
|
|-damage|p2a: Great Tusk|63/100 tox|[from] psn
|upkeep
|turn|6
|
|t:|1759032277
|-end|p2a: Great Tusk|Protosynthesis|[silent]
|switch|p2a: Corviknight|Corviknight, F|100/100
|-damage|p2a: Corviknight|88/100|[from] Stealth Rock
|move|p1a: Mandibuzz|U-turn|p2a: Corviknight
|-resisted|p2a: Corviknight
|-damage|p2a: Corviknight|87/100
|-damage|p1a: Mandibuzz|53/100|[from] item: Rocky Helmet|[of] p2a: Corviknight
|
|t:|1759032285
|switch|p1a: Infernape|Infernape, M|91/100|[from] U-turn
|
|upkeep
|turn|7
|
|t:|1759032302
|switch|p2a: Slowking|Slowking-Galar, F|100/100
|move|p1a: Infernape|Flamethrower|p2a: Slowking
|-damage|p2a: Slowking|75/100
|-damage|p1a: Infernape|81/100|[from] item: Life Orb
|
|upkeep
|turn|8
|
|t:|1759032310
|move|p1a: Infernape|U-turn|p2a: Slowking
|-damage|p2a: Slowking|48/100
|-damage|p1a: Infernape|71/100|[from] item: Life Orb
|
|t:|1759032318
|switch|p1a: Gliscor|Gliscor, F|55/100 tox|[from] U-turn
|move|p2a: Slowking|Future Sight|p1a: Gliscor
|-start|p2a: Slowking|move: Future Sight
|
|-heal|p1a: Gliscor|68/100 tox|[from] ability: Poison Heal
|upkeep
|turn|9
|inactive|theviolator3000 has 120 seconds left.
|
|t:|1759032349
|switch|p2a: Great Tusk|Great Tusk|63/100 tox
|move|p1a: Gliscor|Knock Off|p2a: Great Tusk
|-resisted|p2a: Great Tusk
|-damage|p2a: Great Tusk|56/100 tox
|-enditem|p2a: Great Tusk|Heavy-Duty Boots|[from] move: Knock Off|[of] p1a: Gliscor
|
|-damage|p2a: Great Tusk|50/100 tox|[from] psn
|-heal|p1a: Gliscor|80/100 tox|[from] ability: Poison Heal
|upkeep
|turn|10
|inactive|theviolator3000 has 120 seconds left.
|
|t:|1759032362
|move|p1a: Gliscor|Protect|p1a: Gliscor
|-singleturn|p1a: Gliscor|Protect
|move|p2a: Great Tusk|Stealth Rock|p1a: Gliscor
|-sidestart|p1: Mr.BLaze_36|move: Stealth Rock
|
|-end|p1a: Gliscor|move: Future Sight
|-damage|p1a: Gliscor|25/100 tox
|-damage|p2a: Great Tusk|37/100 tox|[from] psn
|-heal|p1a: Gliscor|38/100 tox|[from] ability: Poison Heal
|upkeep
|turn|11
|
|t:|1759032391
|switch|p1a: Conkeldurr|Conkeldurr, F|100/100
|-damage|p1a: Conkeldurr|94/100|[from] Stealth Rock
|move|p2a: Great Tusk|Ice Spinner|p1a: Conkeldurr
|-damage|p1a: Conkeldurr|70/100
|
|-damage|p2a: Great Tusk|19/100 tox|[from] psn
|-status|p1a: Conkeldurr|brn|[from] item: Flame Orb
|upkeep
|turn|12
|
|t:|1759032403
|move|p1a: Conkeldurr|Mach Punch|p2a: Great Tusk
|-damage|p2a: Great Tusk|0 fnt
|faint|p2a: Great Tusk
|-end|p2a: Great Tusk|Protosynthesis|[silent]
|
|-damage|p1a: Conkeldurr|64/100 brn|[from] brn
|upkeep
|
|t:|1759032419
|switch|p2a: Kingambit|Kingambit, M|100/100
|-damage|p2a: Kingambit|94/100|[from] Stealth Rock
|-activate|p2a: Kingambit|ability: Supreme Overlord
|-start|p2a: Kingambit|fallen1|[silent]
|turn|13
|
|t:|1759032430
|-terastallize|p2a: Kingambit|Ghost
|move|p1a: Conkeldurr|Mach Punch|p2a: Kingambit
|-immune|p2a: Kingambit
|move|p2a: Kingambit|Swords Dance|p2a: Kingambit
|-boost|p2a: Kingambit|atk|2
|
|-damage|p1a: Conkeldurr|58/100 brn|[from] brn
|upkeep
|turn|14
|inactive|theviolator3000 has 120 seconds left.
|
|t:|1759032459
|move|p2a: Kingambit|Sucker Punch|p1a: Conkeldurr
|-resisted|p1a: Conkeldurr
|-damage|p1a: Conkeldurr|9/100 brn
|move|p1a: Conkeldurr|Knock Off|p2a: Kingambit
|-supereffective|p2a: Kingambit
|-damage|p2a: Kingambit|14/100
|-enditem|p2a: Kingambit|Black Glasses|[from] move: Knock Off|[of] p1a: Conkeldurr
|
|-damage|p1a: Conkeldurr|3/100 brn|[from] brn
|upkeep
|turn|15
|
|t:|1759032476
|move|p2a: Kingambit|Sucker Punch|p1a: Conkeldurr
|-resisted|p1a: Conkeldurr
|-damage|p1a: Conkeldurr|0 fnt
|faint|p1a: Conkeldurr
|
|upkeep
|
|t:|1759032483
|switch|p1a: Mandibuzz|Mandibuzz, F|53/100
|turn|16
|
|t:|1759032490
|move|p1a: Mandibuzz|Roost|p1a: Mandibuzz
|-heal|p1a: Mandibuzz|100/100
|-singleturn|p1a: Mandibuzz|move: Roost
|move|p2a: Kingambit|Kowtow Cleave|p1a: Mandibuzz
|-resisted|p1a: Mandibuzz
|-damage|p1a: Mandibuzz|69/100
|
|upkeep
|turn|17
|
|t:|1759032501
|move|p2a: Kingambit|Sucker Punch|p1a: Mandibuzz
|-resisted|p1a: Mandibuzz
|-damage|p1a: Mandibuzz|43/100
|move|p1a: Mandibuzz|Foul Play|p2a: Kingambit
|-supereffective|p2a: Kingambit
|-damage|p2a: Kingambit|0 fnt
|faint|p2a: Kingambit
|-end|p2a: Kingambit|fallen1|[silent]
|
|upkeep
|inactive|theviolator3000 has 120 seconds left.
|
|t:|1759032524
|switch|p2a: Zamazenta|Zamazenta|100/100
|-damage|p2a: Zamazenta|94/100|[from] Stealth Rock
|-ability|p2a: Zamazenta|Dauntless Shield|boost
|-boost|p2a: Zamazenta|def|1
|turn|18
|
|t:|1759032531
|move|p2a: Zamazenta|Stone Edge|p1a: Mandibuzz|[miss]
|-miss|p2a: Zamazenta|p1a: Mandibuzz
|move|p1a: Mandibuzz|Defog|p2a: Zamazenta
|-unboost|p2a: Zamazenta|evasion|1
|-sideend|p2: theviolator3000|Stealth Rock|[from] move: Defog|[of] p1a: Mandibuzz
|-sideend|p1: Mr.BLaze_36|Stealth Rock|[from] move: Defog|[of] p1a: Mandibuzz
|
|upkeep
|turn|19
|
|t:|1759032541
|move|p2a: Zamazenta|Stone Edge|p1a: Mandibuzz
|-supereffective|p1a: Mandibuzz
|-damage|p1a: Mandibuzz|3/100
|move|p1a: Mandibuzz|Roost|p1a: Mandibuzz
|-heal|p1a: Mandibuzz|53/100
|-singleturn|p1a: Mandibuzz|move: Roost
|
|upkeep
|turn|20
|
|t:|1759032549
|move|p2a: Zamazenta|Stone Edge|p1a: Mandibuzz
|-supereffective|p1a: Mandibuzz
|-damage|p1a: Mandibuzz|12/100
|move|p1a: Mandibuzz|Roost|p1a: Mandibuzz
|-heal|p1a: Mandibuzz|62/100
|-singleturn|p1a: Mandibuzz|move: Roost
|
|upkeep
|turn|21
|
|t:|1759032557
|move|p2a: Zamazenta|Stone Edge|p1a: Mandibuzz
|-supereffective|p1a: Mandibuzz
|-damage|p1a: Mandibuzz|20/100
|move|p1a: Mandibuzz|Roost|p1a: Mandibuzz
|-heal|p1a: Mandibuzz|70/100
|-singleturn|p1a: Mandibuzz|move: Roost
|
|upkeep
|turn|22
|
|t:|1759032566
|move|p2a: Zamazenta|Stone Edge|p1a: Mandibuzz
|-supereffective|p1a: Mandibuzz
|-damage|p1a: Mandibuzz|28/100
|move|p1a: Mandibuzz|Roost|p1a: Mandibuzz
|-heal|p1a: Mandibuzz|78/100
|-singleturn|p1a: Mandibuzz|move: Roost
|
|upkeep
|turn|23
|
|t:|1759032574
|move|p2a: Zamazenta|Heavy Slam|p1a: Mandibuzz
|-damage|p1a: Mandibuzz|52/100
|move|p1a: Mandibuzz|Roost|p1a: Mandibuzz
|-heal|p1a: Mandibuzz|100/100
|-singleturn|p1a: Mandibuzz|move: Roost
|
|upkeep
|turn|24
|
|t:|1759032582
|switch|p1a: Gliscor|Gliscor, F|38/100 tox
|move|p2a: Zamazenta|Stone Edge|p1a: Gliscor
|-crit|p1a: Gliscor
|-damage|p1a: Gliscor|3/100 tox
|
|-heal|p1a: Gliscor|15/100 tox|[from] ability: Poison Heal
|upkeep
|turn|25
|
|t:|1759032593
|move|p1a: Gliscor|Protect|p1a: Gliscor
|-singleturn|p1a: Gliscor|Protect
|move|p2a: Zamazenta|Crunch|p1a: Gliscor
|-activate|p1a: Gliscor|move: Protect
|
|-heal|p1a: Gliscor|28/100 tox|[from] ability: Poison Heal
|upkeep
|turn|26
|
|t:|1759032604
|switch|p1a: Mandibuzz|Mandibuzz, F|100/100
|move|p2a: Zamazenta|Stone Edge|p1a: Mandibuzz|[miss]
|-miss|p2a: Zamazenta|p1a: Mandibuzz
|
|upkeep
|turn|27
|
|t:|1759032615
|switch|p2a: Corviknight|Corviknight, F|87/100
|move|p1a: Mandibuzz|Foul Play|p2a: Corviknight
|-damage|p2a: Corviknight|69/100
|-damage|p1a: Mandibuzz|84/100|[from] item: Rocky Helmet|[of] p2a: Corviknight
|
|upkeep
|turn|28
|
|t:|1759032625
|switch|p1a: Gliscor|Gliscor, F|28/100 tox
|move|p2a: Corviknight|Brave Bird|p1a: Gliscor
|-damage|p1a: Gliscor|6/100 tox
|-damage|p2a: Corviknight|63/100|[from] Recoil
|
|-heal|p1a: Gliscor|19/100 tox|[from] ability: Poison Heal
|upkeep
|turn|29
|
|t:|1759032635
|move|p1a: Gliscor|Protect|p1a: Gliscor
|-singleturn|p1a: Gliscor|Protect
|move|p2a: Corviknight|U-turn|p1a: Gliscor
|-activate|p1a: Gliscor|move: Protect
|
|-heal|p1a: Gliscor|31/100 tox|[from] ability: Poison Heal
|upkeep
|turn|30
|
|t:|1759032652
|move|p1a: Gliscor|Toxic|p2a: Corviknight
|-immune|p2a: Corviknight
|move|p2a: Corviknight|U-turn|p1a: Gliscor
|-resisted|p1a: Gliscor
|-damage|p1a: Gliscor|27/100 tox
|
|t:|1759032658
|switch|p2a: Ogerpon|Ogerpon-Wellspring, F|100/100|[from] U-turn
|
|-heal|p1a: Gliscor|39/100 tox|[from] ability: Poison Heal
|upkeep
|turn|31
|
|t:|1759032678
|move|p1a: Gliscor|Protect|p1a: Gliscor
|-singleturn|p1a: Gliscor|Protect
|move|p2a: Ogerpon|Swords Dance|p2a: Ogerpon
|-boost|p2a: Ogerpon|atk|2
|
|-heal|p1a: Gliscor|52/100 tox|[from] ability: Poison Heal
|upkeep
|turn|32
|
|t:|1759032690
|move|p2a: Ogerpon|Ivy Cudgel|p1a: Gliscor|[anim] Ivy Cudgel Water
|-supereffective|p1a: Gliscor
|-damage|p1a: Gliscor|0 fnt
|faint|p1a: Gliscor
|
|upkeep
|
|t:|1759032719
|switch|p1a: Infernape|Infernape, M|71/100
|turn|33
|
|t:|1759032724
|move|p2a: Ogerpon|Ivy Cudgel|p1a: Infernape|[anim] Ivy Cudgel Water
|-supereffective|p1a: Infernape
|-damage|p1a: Infernape|0 fnt
|faint|p1a: Infernape
|
|upkeep
|
|t:|1759032731
|switch|p1a: Mandibuzz|Mandibuzz, F|84/100
|turn|34
|
|t:|1759032735
|move|p2a: Ogerpon|Ivy Cudgel|p1a: Mandibuzz|[anim] Ivy Cudgel Water
|-damage|p1a: Mandibuzz|16/100
|move|p1a: Mandibuzz|Foul Play|p2a: Ogerpon
|-damage|p2a: Ogerpon|0 fnt
|faint|p2a: Ogerpon
|
|upkeep
|
|t:|1759032742
|switch|p2a: Zamazenta|Zamazenta|94/100
|turn|35
|
|t:|1759032746
|move|p2a: Zamazenta|Close Combat|p1a: Mandibuzz
|-damage|p1a: Mandibuzz|0 fnt
|-unboost|p2a: Zamazenta|def|1
|-unboost|p2a: Zamazenta|spd|1
|faint|p1a: Mandibuzz
|
|upkeep
|
|t:|1759032754
|switch|p1a: Hydreigon|Hydreigon, F|100/100
|turn|36
|
|t:|1759032765
|move|p1a: Hydreigon|Dragon Pulse|p2a: Zamazenta
|-damage|p2a: Zamazenta|33/100
|move|p2a: Zamazenta|Close Combat|p1a: Hydreigon
|-supereffective|p1a: Hydreigon
|-damage|p1a: Hydreigon|0 fnt
|-unboost|p2a: Zamazenta|def|1
|-unboost|p2a: Zamazenta|spd|1
|faint|p1a: Hydreigon
|
|upkeep
|
|t:|1759032774
|switch|p1a: Blissey|Blissey, F|100/100
|turn|37
|
|t:|1759032778
|move|p2a: Zamazenta|Close Combat|p1a: Blissey
|-supereffective|p1a: Blissey
|-damage|p1a: Blissey|0 fnt
|-unboost|p2a: Zamazenta|def|1
|-unboost|p2a: Zamazenta|spd|1
|faint|p1a: Blissey
|
|win|theviolator3000
|raw|Mr.BLaze_36's rating: 1193 &rarr; <strong>1166</strong><br />(-27 for losing)
|raw|theviolator3000's rating: 1165 &rarr; <strong>1192</strong><br />(+27 for winning)
|l|☆Mr.BLaze_36
|player|p1|
|l|☆theviolator3000
|player|p2|
