|j|☆refbfbfbfdbfdb
|j|☆otto114
|t:|1758966730
|gametype|singles
|player|p1|refbfbfbfdbfdb|102|1086
|player|p2|otto114|2|1150
|gen|9
|tier|[Gen 9] OU
|rated|
|rule|HP Percentage Mod: HP is shown in percentages
|rule|Endless Battle Clause: Forcing endless battles is banned
|rule|Species Clause: Limit one of each Pokémon
|rule|OHKO Clause: OHKO moves are banned
|rule|Evasion Items Clause: Evasion items are banned
|rule|Evasion Moves Clause: Evasion moves are banned
|rule|Evasion Abilities Clause: Evasion abilities are banned
|rule|Sleep Moves Clause: Sleep-inducing moves are banned
|clearpoke
|poke|p1|Breloom, M|
|poke|p1|Gliscor, F|
|poke|p1|Garganacl, M|
|poke|p1|Kingambit, F|
|poke|p1|Hatterene, F|
|poke|p1|Ogerpon-Wellspring, F|
|poke|p2|Cramorant, M|
|poke|p2|Samurott-Hisui, M|
|poke|p2|Gliscor, M|
|poke|p2|Ceruledge, F|
|poke|p2|Iron Treads|
|poke|p2|Amoonguss, F|
|teampreview
|inactive|Battle timer is ON: inactive players will automatically lose when time's up. (requested by otto114)
|
|t:|1758966736
|teamsize|p1|6
|teamsize|p2|6
|start
|switch|p1a: Ogerpon|Ogerpon-Wellspring, F|100/100
|switch|p2a: Samurott|Samurott-Hisui, M|100/100
|turn|1
|
|t:|1758966742
|move|p1a: Ogerpon|Power Whip|p2a: Samurott
|-supereffective|p2a: Samurott
|-damage|p2a: Samurott|0 fnt
|faint|p2a: Samurott
|
|upkeep
|
|t:|1758966746
|switch|p2a: Amoonguss|Amoonguss, F|100/100
|turn|2
|
|t:|1758966761
|switch|p1a: Gliscor|Gliscor, F|100/100
|move|p2a: Amoonguss|Sludge Bomb|p1a: Gliscor
|-resisted|p1a: Gliscor
|-damage|p1a: Gliscor|83/100
|-status|p1a: Gliscor|psn
|
|-heal|p1a: Gliscor|95/100 psn|[from] ability: Poison Heal
|upkeep
|turn|3
|
|t:|1758966775
|switch|p2a: Cramorant|Cramorant, M, shiny|100/100
|move|p1a: Gliscor|Swords Dance|p1a: Gliscor
|-boost|p1a: Gliscor|atk|2
|
|-heal|p1a: Gliscor|100/100 psn|[from] ability: Poison Heal
|upkeep
|turn|4
|
|t:|1758966789
|move|p1a: Gliscor|Ice Fang|p2a: Cramorant
|-damage|p2a: Cramorant|29/100
|move|p2a: Cramorant|Surf|p1a: Gliscor
|-formechange|p2a: Cramorant|Cramorant-Gorging|
|-supereffective|p1a: Gliscor
|-damage|p1a: Gliscor|0 fnt
|faint|p1a: Gliscor
|
|upkeep
|
|t:|1758966807
|switch|p1a: Ogerpon|Ogerpon-Wellspring, F|100/100
|turn|5
|
|t:|1758966811
|move|p2a: Cramorant|Endure|p2a: Cramorant
|-singleturn|p2a: Cramorant|move: Endure
|move|p1a: Ogerpon|Knock Off|p2a: Cramorant
|-activate|p2a: Cramorant|move: Endure
|-damage|p2a: Cramorant|1/100
|-damage|p1a: Ogerpon|76/100|[from] ability: Gulp Missile|[of] p2a: Cramorant
|-status|p1a: Ogerpon|par
|-formechange|p2a: Cramorant|Cramorant|
|-enditem|p2a: Cramorant|Focus Sash|[from] move: Knock Off|[of] p1a: Ogerpon
|
|upkeep
|turn|6
|
|t:|1758966822
|move|p2a: Cramorant|Air Slash|p1a: Ogerpon
|-supereffective|p1a: Ogerpon
|-damage|p1a: Ogerpon|8/100 par
|move|p1a: Ogerpon|Knock Off|p2a: Cramorant
|-damage|p2a: Cramorant|0 fnt
|faint|p2a: Cramorant
|
|upkeep
|
|t:|1758966827
|switch|p2a: Amoonguss|Amoonguss, F|100/100
|turn|7
|
|t:|1758966833
|move|p1a: Ogerpon|Knock Off|p2a: Amoonguss
|-damage|p2a: Amoonguss|63/100
|-damage|p1a: Ogerpon|0 fnt|[from] item: Rocky Helmet|[of] p2a: Amoonguss
|faint|p1a: Ogerpon
|move|p2a: Amoonguss|Sludge Bomb|p1: Ogerpon|[notarget]
|-fail|p2a: Amoonguss
|
|upkeep
|
|t:|1758966841
|switch|p1a: Breloom|Breloom, M|100/100
|turn|8
|
|t:|1758966846
|move|p1a: Breloom|Gunk Shot|p2a: Amoonguss
|-damage|p2a: Amoonguss|1/100
|-damage|p1a: Breloom|91/100|[from] item: Life Orb
|move|p2a: Amoonguss|Sludge Bomb|p1a: Breloom
|-supereffective|p1a: Breloom
|-damage|p1a: Breloom|0 fnt
|faint|p1a: Breloom
|
|upkeep
|
|t:|1758966857
|switch|p1a: Kingambit|Kingambit, F|100/100
|-activate|p1a: Kingambit|ability: Supreme Overlord
|-start|p1a: Kingambit|fallen3|[silent]
|turn|9
|
|t:|1758966864
|move|p1a: Kingambit|Iron Head|p2a: Amoonguss
|-damage|p2a: Amoonguss|0 fnt
|-damage|p1a: Kingambit|84/100|[from] item: Rocky Helmet|[of] p2a: Amoonguss
|faint|p2a: Amoonguss
|
|-heal|p1a: Kingambit|90/100|[from] item: Leftovers
|upkeep
|
|t:|1758966866
|switch|p2a: Gliscor|Gliscor, M|100/100
|turn|10
|
|t:|1758966877
|-terastallize|p1a: Kingambit|Fairy
|move|p2a: Gliscor|Protect|p2a: Gliscor
|-singleturn|p2a: Gliscor|Protect
|move|p1a: Kingambit|Swords Dance|p1a: Kingambit
|-boost|p1a: Kingambit|atk|2
|
|-heal|p1a: Kingambit|96/100|[from] item: Leftovers
|-status|p2a: Gliscor|tox|[from] item: Toxic Orb
|upkeep
|turn|11
|
|t:|1758966883
|move|p2a: Gliscor|Earthquake|p1a: Kingambit
|-damage|p1a: Kingambit|73/100
|move|p1a: Kingambit|Iron Head|p2a: Gliscor
|-damage|p2a: Gliscor|33/100 tox
|
|-heal|p1a: Kingambit|79/100|[from] item: Leftovers
|-heal|p2a: Gliscor|46/100 tox|[from] ability: Poison Heal
|upkeep
|turn|12
|
|t:|1758966889
|move|p2a: Gliscor|Protect|p2a: Gliscor
|-singleturn|p2a: Gliscor|Protect
|move|p1a: Kingambit|Swords Dance|p1a: Kingambit
|-boost|p1a: Kingambit|atk|2
|
|-heal|p1a: Kingambit|86/100|[from] item: Leftovers
|-heal|p2a: Gliscor|58/100 tox|[from] ability: Poison Heal
|upkeep
|turn|13
|
|t:|1758966898
|move|p2a: Gliscor|Tailwind|p2a: Gliscor
|-sidestart|p2: otto114|move: Tailwind
|move|p1a: Kingambit|Iron Head|p2a: Gliscor
|-damage|p2a: Gliscor|0 fnt
|faint|p2a: Gliscor
|
|-heal|p1a: Kingambit|92/100|[from] item: Leftovers
|upkeep
|
|t:|1758966901
|switch|p2a: Ceruledge|Ceruledge, F|100/100
|turn|14
|
|t:|1758966907
|-terastallize|p2a: Ceruledge|Fire
|move|p2a: Ceruledge|Swords Dance|p2a: Ceruledge
|-boost|p2a: Ceruledge|atk|2
|move|p1a: Kingambit|Iron Head|p2a: Ceruledge
|-resisted|p2a: Ceruledge
|-enditem|p2a: Ceruledge|Focus Sash
|-damage|p2a: Ceruledge|1/100
|-ability|p2a: Ceruledge|Weak Armor|boost
|-unboost|p2a: Ceruledge|def|1
|-boost|p2a: Ceruledge|spe|2
|
|-heal|p1a: Kingambit|98/100|[from] item: Leftovers
|upkeep
|turn|15
|
|t:|1758966921
|move|p1a: Kingambit|Sucker Punch|p2a: Ceruledge
|-crit|p2a: Ceruledge
|-damage|p2a: Ceruledge|0 fnt
|faint|p2a: Ceruledge
|
|-heal|p1a: Kingambit|100/100|[from] item: Leftovers
|upkeep
|
|t:|1758966923
|switch|p2a: Iron Treads|Iron Treads|100/100
|-enditem|p2a: Iron Treads|Booster Energy
|-activate|p2a: Iron Treads|ability: Quark Drive|[fromitem]
|-start|p2a: Iron Treads|quarkdriveatk
|turn|16
|
|t:|1758966930
|move|p2a: Iron Treads|Iron Head|p1a: Kingambit
|-supereffective|p1a: Kingambit
|-damage|p1a: Kingambit|25/100
|cant|p1a: Kingambit|flinch
|
|-heal|p1a: Kingambit|31/100|[from] item: Leftovers
|-sideend|p2: otto114|move: Tailwind
|upkeep
|turn|17
|
|t:|1758966935
|move|p1a: Kingambit|Sucker Punch|p2a: Iron Treads
|-damage|p2a: Iron Treads|0 fnt
|faint|p2a: Iron Treads
|-end|p2a: Iron Treads|Quark Drive|[silent]
|
|win|refbfbfbfdbfdb
|raw|refbfbfbfdbfdb's rating: 1086 &rarr; <strong>1118</strong><br />(+32 for winning)
|raw|otto114's rating: 1150 &rarr; <strong>1120</strong><br />(-30 for losing)
|l|☆refbfbfbfdbfdb
|player|p1|
|l|☆otto114
|player|p2|
