|j|☆sunnysoon
|j|☆Syaklin
|t:|1758990440
|gametype|singles
|player|p1|sunnysoon|dancer|1564
|player|p2|Syaklin|acetrainer-gen4dp|1586
|gen|9
|tier|[Gen 9] OU
|rated|
|rule|HP Percentage Mod: HP is shown in percentages
|rule|Endless Battle Clause: Forcing endless battles is banned
|rule|Species Clause: Limit one of each Pokémon
|rule|OHKO Clause: OHKO moves are banned
|rule|Evasion Items Clause: Evasion items are banned
|rule|Evasion Moves Clause: Evasion moves are banned
|rule|Evasion Abilities Clause: Evasion abilities are banned
|rule|Sleep Moves Clause: Sleep-inducing moves are banned
|clearpoke
|poke|p1|Mamoswine, M|
|poke|p1|Glimmora, M|
|poke|p1|Iron Crown|
|poke|p1|Zamazenta-*|
|poke|p1|Sinistcha|
|poke|p1|Samurott-Hisui, M|
|poke|p2|Alomomola, M|
|poke|p2|Moltres|
|poke|p2|Slowking-Galar, F|
|poke|p2|Landorus-Therian, M|
|poke|p2|Kyurem|
|poke|p2|Dragapult, M|
|teampreview
|inactive|Battle timer is ON: inactive players will automatically lose when time's up. (requested by Syaklin)
|
|t:|1758990461
|teamsize|p1|6
|teamsize|p2|6
|start
|switch|p1a: Mamoswine|Mamoswine, M, shiny|100/100
|switch|p2a: Landorus|Landorus-Therian, M|100/100
|-ability|p2a: Landorus|Intimidate|boost
|-unboost|p1a: Mamoswine|atk|1
|turn|1
|
|t:|1758990466
|switch|p2a: Moltres|Moltres|100/100
|move|p1a: Mamoswine|Ice Shard|p2a: Moltres
|-damage|p2a: Moltres|84/100
|
|upkeep
|turn|2
|
|t:|1758990472
|switch|p1a: Glimmora|Glimmora, M, shiny|100/100
|move|p2a: Moltres|U-turn|p1a: Glimmora
|-resisted|p1a: Glimmora
|-damage|p1a: Glimmora|94/100
|-activate|p1a: Glimmora|ability: Toxic Debris
|-sidestart|p2: Syaklin|move: Toxic Spikes
|-enditem|p1a: Glimmora|Red Card|[of] p2a: Moltres
|drag|p2a: Alomomola|Alomomola, M|100/100
|
|upkeep
|turn|3
|
|t:|1758990476
|move|p1a: Glimmora|Stealth Rock|p2a: Alomomola
|-sidestart|p2: Syaklin|move: Stealth Rock
|move|p2a: Alomomola|Scald|p1a: Glimmora
|-supereffective|p1a: Glimmora
|-damage|p1a: Glimmora|71/100
|
|upkeep
|turn|4
|
|t:|1758990482
|switch|p1a: Iron Crown|Iron Crown|100/100
|move|p2a: Alomomola|Scald|p1a: Iron Crown
|-damage|p1a: Iron Crown|88/100
|
|upkeep
|turn|5
|
|t:|1758990488
|switch|p2a: Slowking|Slowking-Galar, F|100/100
|-sideend|p2: Syaklin|move: Toxic Spikes|[of] p2a: Slowking
|-damage|p2a: Slowking|88/100|[from] Stealth Rock
|move|p1a: Iron Crown|Volt Switch|p2a: Slowking
|-damage|p2a: Slowking|71/100
|
|t:|1758990491
|-end|p1a: Iron Crown|Quark Drive|[silent]
|switch|p1a: Samurott|Samurott-Hisui, M, shiny|100/100|[from] Volt Switch
|
|upkeep
|turn|6
|
|t:|1758990497
|switch|p2a: Moltres|Moltres|84/100
|move|p1a: Samurott|Ceaseless Edge|p2a: Moltres
|-damage|p2a: Moltres|45/100
|-sidestart|p2: Syaklin|Spikes
|
|upkeep
|turn|7
|
|t:|1758990501
|switch|p2a: Landorus|Landorus-Therian, M|100/100
|-damage|p2a: Landorus|88/100|[from] Stealth Rock
|-ability|p2a: Landorus|Intimidate|boost
|-unboost|p1a: Samurott|atk|1
|move|p1a: Samurott|Knock Off|p2a: Landorus
|-damage|p2a: Landorus|52/100
|-damage|p1a: Samurott|84/100|[from] item: Rocky Helmet|[of] p2a: Landorus
|-enditem|p2a: Landorus|Rocky Helmet|[from] move: Knock Off|[of] p1a: Samurott
|
|upkeep
|turn|8
|
|t:|1758990510
|switch|p2a: Alomomola|Alomomola, M|100/100
|move|p1a: Samurott|Flip Turn|p2a: Alomomola
|-resisted|p2a: Alomomola
|-damage|p2a: Alomomola|95/100
|-message|Syaklin forfeited.
|
|win|sunnysoon
|raw|sunnysoon's rating: 1564 &rarr; <strong>1585</strong><br />(+21 for winning)
|raw|Syaklin's rating: 1586 &rarr; <strong>1565</strong><br />(-21 for losing)
|l|☆Syaklin
|player|p2|
|l|☆sunnysoon
|player|p1|
