|j|☆redner bo
|j|☆nicolandria12
|t:|1759034928
|gametype|singles
|player|p1|redner bo|266|1497
|player|p2|nicolandria12|266|1516
|gen|9
|tier|[Gen 9] OU
|rated|
|rule|HP Percentage Mod: HP is shown in percentages
|rule|Endless Battle Clause: Forcing endless battles is banned
|rule|Species Clause: Limit one of each Pokémon
|rule|OHKO Clause: OHKO moves are banned
|rule|Evasion Items Clause: Evasion items are banned
|rule|Evasion Moves Clause: Evasion moves are banned
|rule|Evasion Abilities Clause: Evasion abilities are banned
|rule|Sleep Moves Clause: Sleep-inducing moves are banned
|clearpoke
|poke|p1|Primarina, F|
|poke|p1|Latios, M|
|poke|p1|Weavile, M|
|poke|p1|Ceruledge, M|
|poke|p1|Corviknight, F|
|poke|p1|Garganacl, F|
|poke|p2|Moltres|
|poke|p2|Ogerpon-Wellspring, F|
|poke|p2|Iron Treads|
|poke|p2|Slowking-Galar, M|
|poke|p2|Zamazenta-*|
|poke|p2|Clefable, F|
|teampreview
|inactive|Battle timer is ON: inactive players will automatically lose when time's up. (requested by nicolandria12)
|
|t:|1759034940
|teamsize|p1|6
|teamsize|p2|6
|start
|switch|p1a: Garganacl|Garganacl, F, shiny|100/100
|switch|p2a: Clefable|Clefable, F|100/100
|turn|1
|
|t:|1759034946
|move|p2a: Clefable|Stealth Rock|p1a: Garganacl
|-sidestart|p1: redner bo|move: Stealth Rock
|move|p1a: Garganacl|Stealth Rock|p2a: Clefable
|-sidestart|p2: nicolandria12|move: Stealth Rock
|
|upkeep
|turn|2
|
|t:|1759034963
|switch|p1a: Ceruledge|Ceruledge, M|100/100
|move|p2a: Clefable|Moonblast|p1a: Ceruledge
|-resisted|p1a: Ceruledge
|-damage|p1a: Ceruledge|77/100
|
|upkeep
|turn|3
|
|t:|1759034982
|switch|p2a: Moltres|Moltres|100/100
|move|p1a: Ceruledge|Bitter Blade|p2a: Moltres
|-resisted|p2a: Moltres
|-damage|p2a: Moltres|84/100
|-heal|p1a: Ceruledge|88/100|[from] drain|[of] p2a: Moltres
|
|upkeep
|turn|4
|
|t:|1759034996
|move|p1a: Ceruledge|Poltergeist|p2a: Moltres
|-activate|p2a: Moltres|move: Poltergeist|Heavy-Duty Boots
|-damage|p2a: Moltres|48/100
|move|p2a: Moltres|Flamethrower|p1a: Ceruledge
|-start|p1a: Ceruledge|ability: Flash Fire
|
|upkeep
|turn|5
|
|t:|1759035006
|move|p1a: Ceruledge|Bulk Up|p1a: Ceruledge
|-boost|p1a: Ceruledge|atk|1
|-boost|p1a: Ceruledge|def|1
|move|p2a: Moltres|Scorching Sands|p1a: Ceruledge
|-supereffective|p1a: Ceruledge
|-damage|p1a: Ceruledge|40/100
|
|upkeep
|turn|6
|
|t:|1759035025
|switch|p2a: Zamazenta|Zamazenta|100/100
|-damage|p2a: Zamazenta|94/100|[from] Stealth Rock
|-ability|p2a: Zamazenta|Dauntless Shield|boost
|-boost|p2a: Zamazenta|def|1
|move|p1a: Ceruledge|Poltergeist|p2a: Zamazenta
|-activate|p2a: Zamazenta|move: Poltergeist|Leftovers
|-damage|p2a: Zamazenta|53/100
|
|-heal|p2a: Zamazenta|59/100|[from] item: Leftovers
|upkeep
|turn|7
|
|t:|1759035037
|move|p2a: Zamazenta|Crunch|p1a: Ceruledge
|-supereffective|p1a: Ceruledge
|-damage|p1a: Ceruledge|0 fnt
|faint|p1a: Ceruledge
|
|-heal|p2a: Zamazenta|65/100|[from] item: Leftovers
|upkeep
|
|t:|1759035049
|switch|p1a: Latios|Latios, M|100/100
|-damage|p1a: Latios|88/100|[from] Stealth Rock
|turn|8
|
|t:|1759035070
|switch|p2a: Clefable|Clefable, F|100/100
|move|p1a: Latios|Psychic Noise|p2a: Clefable
|-damage|p2a: Clefable|66/100
|-start|p2a: Clefable|move: Heal Block
|
|upkeep
|turn|9
|
|t:|1759035080
|move|p1a: Latios|Psychic Noise|p2a: Clefable
|-damage|p2a: Clefable|32/100
|move|p2a: Clefable|Moonblast|p1a: Latios
|-supereffective|p1a: Latios
|-damage|p1a: Latios|0 fnt
|faint|p1a: Latios
|
|-end|p2a: Clefable|move: Heal Block
|upkeep
|
|t:|1759035095
|switch|p1a: Primarina|Primarina, F|100/100
|-damage|p1a: Primarina|88/100|[from] Stealth Rock
|turn|10
|
|t:|1759035101
|move|p1a: Primarina|Moonblast|p2a: Clefable
|-damage|p2a: Clefable|0 fnt
|faint|p2a: Clefable
|
|upkeep
|
|t:|1759035112
|switch|p2a: Ogerpon|Ogerpon-Wellspring, F|100/100
|-damage|p2a: Ogerpon|88/100|[from] Stealth Rock
|turn|11
|
|t:|1759035119
|move|p2a: Ogerpon|Swords Dance|p2a: Ogerpon
|-boost|p2a: Ogerpon|atk|2
|move|p1a: Primarina|Moonblast|p2a: Ogerpon
|-damage|p2a: Ogerpon|0 fnt
|faint|p2a: Ogerpon
|
|upkeep
|
|t:|1759035130
|switch|p2a: Slowking|Slowking-Galar, M|100/100
|-damage|p2a: Slowking|88/100|[from] Stealth Rock
|turn|12
|
|t:|1759035139
|switch|p1a: Garganacl|Garganacl, F, shiny|100/100
|-damage|p1a: Garganacl|88/100|[from] Stealth Rock
|move|p2a: Slowking|Sludge Wave|p1a: Garganacl
|-resisted|p1a: Garganacl
|-damage|p1a: Garganacl|77/100
|
|-heal|p1a: Garganacl|83/100|[from] item: Leftovers
|-heal|p2a: Slowking|94/100|[from] item: Leftovers
|upkeep
|turn|13
|
|t:|1759035161
|move|p1a: Garganacl|Salt Cure|p2a: Slowking
|-crit|p2a: Slowking
|-damage|p2a: Slowking|72/100
|-start|p2a: Slowking|Salt Cure
|move|p2a: Slowking|Psychic Noise|p1a: Garganacl
|-damage|p1a: Garganacl|66/100
|-start|p1a: Garganacl|move: Heal Block
|
|-heal|p2a: Slowking|78/100|[from] item: Leftovers
|-damage|p2a: Slowking|65/100|[from] Salt Cure
|upkeep
|turn|14
|inactive|nicolandria12 has 120 seconds left.
|
|t:|1759035183
|switch|p2a: Zamazenta|Zamazenta|65/100
|-damage|p2a: Zamazenta|59/100|[from] Stealth Rock
|move|p1a: Garganacl|Earthquake|p2a: Zamazenta
|-damage|p2a: Zamazenta|44/100
|
|-heal|p2a: Zamazenta|50/100|[from] item: Leftovers
|-end|p1a: Garganacl|move: Heal Block
|upkeep
|turn|15
|inactive|nicolandria12 has 120 seconds left.
|
|t:|1759035195
|move|p2a: Zamazenta|Iron Defense|p2a: Zamazenta
|-boost|p2a: Zamazenta|def|2
|move|p1a: Garganacl|Salt Cure|p2a: Zamazenta
|-resisted|p2a: Zamazenta
|-damage|p2a: Zamazenta|47/100
|-start|p2a: Zamazenta|Salt Cure
|
|-heal|p2a: Zamazenta|54/100|[from] item: Leftovers
|-heal|p1a: Garganacl|72/100|[from] item: Leftovers
|-damage|p2a: Zamazenta|41/100|[from] Salt Cure
|upkeep
|turn|16
|inactive|nicolandria12 has 120 seconds left.
|
|t:|1759035205
|move|p2a: Zamazenta|Body Press|p1a: Garganacl
|-supereffective|p1a: Garganacl
|-damage|p1a: Garganacl|0 fnt
|faint|p1a: Garganacl
|
|-heal|p2a: Zamazenta|47/100|[from] item: Leftovers
|-damage|p2a: Zamazenta|35/100|[from] Salt Cure
|upkeep
|
|t:|1759035211
|switch|p1a: Primarina|Primarina, F|88/100
|-damage|p1a: Primarina|76/100|[from] Stealth Rock
|turn|17
|
|t:|1759035218
|switch|p2a: Slowking|Slowking-Galar, M|99/100
|-damage|p2a: Slowking|86/100|[from] Stealth Rock
|move|p1a: Primarina|Surf|p2a: Slowking
|-damage|p2a: Slowking|44/100
|
|-heal|p2a: Slowking|50/100|[from] item: Leftovers
|upkeep
|turn|18
|
|t:|1759035231
|switch|p1a: Weavile|Weavile, M|100/100
|-ability|p1a: Weavile|Pressure
|move|p2a: Slowking|Sludge Wave|p1a: Weavile
|-damage|p1a: Weavile|49/100
|
|-heal|p2a: Slowking|56/100|[from] item: Leftovers
|upkeep
|turn|19
|
|t:|1759035243
|switch|p2a: Moltres|Moltres|48/100
|move|p1a: Weavile|Knock Off|p2a: Moltres
|-damage|p2a: Moltres|15/100
|-status|p1a: Weavile|brn|[from] ability: Flame Body|[of] p2a: Moltres
|-enditem|p2a: Moltres|Heavy-Duty Boots|[from] move: Knock Off|[of] p1a: Weavile
|
|-damage|p1a: Weavile|43/100 brn|[from] brn
|upkeep
|turn|20
|
|t:|1759035254
|move|p1a: Weavile|Knock Off|p2a: Moltres
|-damage|p2a: Moltres|4/100
|move|p2a: Moltres|Roost|p2a: Moltres
|-heal|p2a: Moltres|54/100
|-singleturn|p2a: Moltres|move: Roost
|
|-damage|p1a: Weavile|37/100 brn|[from] brn
|upkeep
|turn|21
|
|t:|1759035263
|switch|p1a: Primarina|Primarina, F|76/100
|-damage|p1a: Primarina|63/100|[from] Stealth Rock
|move|p2a: Moltres|Roost|p2a: Moltres
|-heal|p2a: Moltres|100/100
|-singleturn|p2a: Moltres|move: Roost
|
|upkeep
|turn|22
|
|t:|1759035276
|switch|p2a: Slowking|Slowking-Galar, M|90/100
|-damage|p2a: Slowking|77/100|[from] Stealth Rock
|move|p1a: Primarina|Surf|p2a: Slowking
|-damage|p2a: Slowking|35/100
|
|-heal|p2a: Slowking|41/100|[from] item: Leftovers
|upkeep
|turn|23
|
|t:|1759035298
|move|p1a: Primarina|Surf|p2a: Slowking
|-damage|p2a: Slowking|0 fnt
|faint|p2a: Slowking
|
|upkeep
|
|t:|1759035306
|switch|p2a: Iron Treads|Iron Treads|100/100
|-damage|p2a: Iron Treads|97/100|[from] Stealth Rock
|turn|24
|
|t:|1759035316
|switch|p1a: Corviknight|Corviknight, F, shiny|100/100
|-damage|p1a: Corviknight|88/100|[from] Stealth Rock
|-ability|p1a: Corviknight|Pressure
|move|p2a: Iron Treads|Heavy Slam|p1a: Corviknight
|-resisted|p1a: Corviknight
|-damage|p1a: Corviknight|76/100
|
|-heal|p1a: Corviknight|82/100|[from] item: Leftovers
|upkeep
|turn|25
|
|t:|1759035329
|move|p2a: Iron Treads|Rapid Spin|p1a: Corviknight
|-resisted|p1a: Corviknight
|-damage|p1a: Corviknight|77/100
|-boost|p2a: Iron Treads|spe|1
|-sideend|p2: nicolandria12|Stealth Rock|[from] move: Rapid Spin|[of] p2a: Iron Treads
|move|p1a: Corviknight|Body Press|p2a: Iron Treads
|-supereffective|p2a: Iron Treads
|-damage|p2a: Iron Treads|49/100
|
|-heal|p1a: Corviknight|83/100|[from] item: Leftovers
|upkeep
|turn|26
|
|t:|1759035340
|-end|p2a: Iron Treads|Quark Drive|[silent]
|switch|p2a: Moltres|Moltres|100/100
|move|p1a: Corviknight|U-turn|p2a: Moltres
|-resisted|p2a: Moltres
|-damage|p2a: Moltres|98/100
|
|t:|1759035343
|switch|p1a: Primarina|Primarina, F|63/100|[from] U-turn
|-damage|p1a: Primarina|51/100|[from] Stealth Rock
|
|upkeep
|turn|27
|inactive|nicolandria12 has 120 seconds left.
|
|t:|1759035365
|switch|p2a: Iron Treads|Iron Treads|49/100
|move|p1a: Primarina|Surf|p2a: Iron Treads
|-supereffective|p2a: Iron Treads
|-damage|p2a: Iron Treads|0 fnt
|faint|p2a: Iron Treads
|-end|p2a: Iron Treads|Quark Drive|[silent]
|
|upkeep
|inactive|nicolandria12 has 120 seconds left.
|
|t:|1759035374
|switch|p2a: Zamazenta|Zamazenta|35/100
|turn|28
|inactive|nicolandria12 has 120 seconds left.
|
|t:|1759035385
|move|p2a: Zamazenta|Stone Edge|p1a: Primarina
|-damage|p1a: Primarina|11/100
|move|p1a: Primarina|Surf|p2a: Zamazenta
|-damage|p2a: Zamazenta|0 fnt
|faint|p2a: Zamazenta
|
|upkeep
|inactive|nicolandria12 has 120 seconds left.
|
|t:|1759035393
|switch|p2a: Moltres|Moltres|98/100
|turn|29
|
|t:|1759035405
|move|p2a: Moltres|Scorching Sands|p1a: Primarina
|-crit|p1a: Primarina
|-damage|p1a: Primarina|0 fnt
|faint|p1a: Primarina
|
|upkeep
|-message|redner bo forfeited.
|
|win|nicolandria12
|raw|redner bo's rating: 1497 &rarr; <strong>1478</strong><br />(-19 for losing)
|raw|nicolandria12's rating: 1516 &rarr; <strong>1535</strong><br />(+19 for winning)
|l|☆redner bo
|player|p1|
|l|☆nicolandria12
|player|p2|
