|j|☆BananaOnToast
|j|☆mechabicho_14
|t:|1758920387
|gametype|singles
|player|p1|BananaOnToast|101|1462
|player|p2|mechabicho_14|169|1516
|gen|9
|tier|[Gen 9] OU
|rated|
|rule|HP Percentage Mod: HP is shown in percentages
|rule|Endless Battle Clause: Forcing endless battles is banned
|rule|Species Clause: Limit one of each Pokémon
|rule|OHKO Clause: OHKO moves are banned
|rule|Evasion Items Clause: Evasion items are banned
|rule|Evasion Moves Clause: Evasion moves are banned
|rule|Evasion Abilities Clause: Evasion abilities are banned
|rule|Sleep Moves Clause: Sleep-inducing moves are banned
|clearpoke
|poke|p1|Infernape, M|
|poke|p1|Garganacl, F|
|poke|p1|Great Tusk|
|poke|p1|Alomomola, F|
|poke|p1|Corviknight, M|
|poke|p1|Dragonite, M|
|poke|p2|Gholdengo|
|poke|p2|Glimmora, F|
|poke|p2|Great Tusk|
|poke|p2|Slowking-Galar, M|
|poke|p2|Samurott-Hisui, M|
|poke|p2|Dragonite, M|
|teampreview
|
|t:|1758920440
|teamsize|p1|6
|teamsize|p2|6
|start
|switch|p1a: Garganacl|Garganacl, F|100/100
|switch|p2a: Slowking|Slowking-Galar, M|100/100
|turn|1
|inactive|Battle timer is ON: inactive players will automatically lose when time's up. (requested by BananaOnToast)
|
|t:|1758920450
|move|p1a: Garganacl|Stealth Rock|p2a: Slowking
|-sidestart|p2: mechabicho_14|move: Stealth Rock
|move|p2a: Slowking|Future Sight|p1a: Garganacl
|-start|p2a: Slowking|move: Future Sight
|
|upkeep
|turn|2
|inactive|BananaOnToast has 120 seconds left.
|
|t:|1758920482
|move|p1a: Garganacl|Salt Cure|p2a: Slowking
|-damage|p2a: Slowking|88/100
|-start|p2a: Slowking|Salt Cure
|-prepare|p2a: Slowking|Chilly Reception|[premajor]
|move|p2a: Slowking|Chilly Reception|p2a: Slowking
|-weather|Snowscape
|
|t:|1758920488
|switch|p2a: Gholdengo|Gholdengo|100/100|[from] Chilly Reception
|-damage|p2a: Gholdengo|94/100|[from] Stealth Rock
|
|-weather|Snowscape|[upkeep]
|upkeep
|turn|3
|inactive|BananaOnToast has 120 seconds left.
|
|t:|1758920503
|switch|p1a: Corviknight|Corviknight, M|100/100
|-ability|p1a: Corviknight|Pressure
|move|p2a: Gholdengo|Shadow Ball|p1a: Corviknight
|-damage|p1a: Corviknight|59/100
|
|-weather|Snowscape|[upkeep]
|-end|p1a: Corviknight|move: Future Sight
|-resisted|p1a: Corviknight
|-damage|p1a: Corviknight|43/100
|-heal|p1a: Corviknight|49/100|[from] item: Leftovers
|upkeep
|turn|4
|
|t:|1758920522
|switch|p2a: Glimmora|Glimmora, F|100/100
|-damage|p2a: Glimmora|88/100|[from] Stealth Rock
|move|p1a: Corviknight|Roost|p1a: Corviknight
|-heal|p1a: Corviknight|99/100
|-singleturn|p1a: Corviknight|move: Roost
|
|-weather|Snowscape|[upkeep]
|-heal|p1a: Corviknight|100/100|[from] item: Leftovers
|upkeep
|turn|5
|inactive|BananaOnToast has 120 seconds left.
|inactive|BananaOnToast has 90 seconds left.
|
|t:|1758920592
|move|p2a: Glimmora|Stealth Rock|p1a: Corviknight
|-sidestart|p1: BananaOnToast|move: Stealth Rock
|move|p1a: Corviknight|Taunt|p2a: Glimmora
|-start|p2a: Glimmora|move: Taunt
|
|-weather|Snowscape|[upkeep]
|upkeep
|turn|6
|
|t:|1758920609
|switch|p2a: Gholdengo|Gholdengo|94/100
|-damage|p2a: Gholdengo|88/100|[from] Stealth Rock
|move|p1a: Corviknight|Brave Bird|p2a: Gholdengo
|-resisted|p2a: Gholdengo
|-damage|p2a: Gholdengo|68/100
|-damage|p1a: Corviknight|95/100|[from] Recoil
|
|-weather|none
|-heal|p1a: Corviknight|100/100|[from] item: Leftovers
|upkeep
|turn|7
|
|t:|1758920621
|switch|p1a: Alomomola|Alomomola, F|100/100
|move|p2a: Gholdengo|Trick|p1a: Alomomola
|-activate|p2a: Gholdengo|move: Trick|[of] p1a: Alomomola
|-item|p1a: Alomomola|Choice Specs|[from] move: Trick
|-item|p2a: Gholdengo|Heavy-Duty Boots|[from] move: Trick
|
|upkeep
|turn|8
|
|t:|1758920630
|move|p2a: Gholdengo|Shadow Ball|p1a: Alomomola
|-damage|p1a: Alomomola|52/100
|move|p1a: Alomomola|Flip Turn|p2a: Gholdengo
|-damage|p2a: Gholdengo|51/100
|inactive|BananaOnToast has 60 seconds left.
|
|t:|1758920648
|switch|p1a: fire blast|Infernape, M|100/100|[from] Flip Turn
|-damage|p1a: fire blast|88/100|[from] Stealth Rock
|
|upkeep
|turn|9
|inactive|BananaOnToast has 60 seconds left.
|
|t:|1758920671
|switch|p2a: Slowking|Slowking-Galar, M|100/100
|-damage|p2a: Slowking|88/100|[from] Stealth Rock
|move|p1a: fire blast|U-turn|p2a: Slowking
|-damage|p2a: Slowking|73/100
|inactive|BananaOnToast has 60 seconds left.
|
|t:|1758920682
|switch|p1a: Great Tusk|Great Tusk|100/100|[from] U-turn
|
|-heal|p2a: Slowking|79/100|[from] item: Leftovers
|upkeep
|turn|10
|inactive|BananaOnToast has 60 seconds left.
|
|t:|1758920705
|switch|p2a: Great Tusk|Great Tusk|100/100
|-damage|p2a: Great Tusk|97/100|[from] Stealth Rock
|-enditem|p2a: Great Tusk|Booster Energy
|-activate|p2a: Great Tusk|ability: Protosynthesis|[fromitem]
|-start|p2a: Great Tusk|protosynthesisspe
|move|p1a: Great Tusk|Rapid Spin|p2a: Great Tusk
|-damage|p2a: Great Tusk|85/100
|-boost|p1a: Great Tusk|spe|1
|-sideend|p1: BananaOnToast|Stealth Rock|[from] move: Rapid Spin|[of] p1a: Great Tusk
|
|upkeep
|turn|11
|inactive|BananaOnToast has 60 seconds left.
|
|t:|1758920719
|move|p1a: Great Tusk|Ice Spinner|p2a: Great Tusk
|-supereffective|p2a: Great Tusk
|-damage|p2a: Great Tusk|45/100
|move|p2a: Great Tusk|Knock Off|p1a: Great Tusk
|-resisted|p1a: Great Tusk
|-crit|p1a: Great Tusk
|-damage|p1a: Great Tusk|85/100
|-enditem|p1a: Great Tusk|Heavy-Duty Boots|[from] move: Knock Off|[of] p2a: Great Tusk
|
|upkeep
|turn|12
|inactive|BananaOnToast has 60 seconds left.
|
|t:|1758920727
|move|p2a: Great Tusk|Rapid Spin|p1a: Great Tusk
|-damage|p1a: Great Tusk|74/100
|-boost|p2a: Great Tusk|spe|1
|-sideend|p2: mechabicho_14|Stealth Rock|[from] move: Rapid Spin|[of] p2a: Great Tusk
|move|p1a: Great Tusk|Ice Spinner|p2a: Great Tusk
|-supereffective|p2a: Great Tusk
|-damage|p2a: Great Tusk|9/100
|
|upkeep
|turn|13
|inactive|BananaOnToast has 60 seconds left.
|
|t:|1758920739
|move|p2a: Great Tusk|Close Combat|p1a: Great Tusk
|-damage|p1a: Great Tusk|34/100
|-unboost|p2a: Great Tusk|def|1
|-unboost|p2a: Great Tusk|spd|1
|move|p1a: Great Tusk|Rapid Spin|p2a: Great Tusk
|-damage|p2a: Great Tusk|0 fnt
|-boost|p1a: Great Tusk|spe|1
|faint|p2a: Great Tusk
|-end|p2a: Great Tusk|Protosynthesis|[silent]
|
|upkeep
|
|t:|1758920746
|switch|p2a: Dragonite|Dragonite, M|100/100
|turn|14
|
|t:|1758920756
|move|p2a: Dragonite|Extreme Speed|p1a: Great Tusk
|-damage|p1a: Great Tusk|13/100
|move|p1a: Great Tusk|Roar|p2a: Dragonite
|drag|p2a: Glimmora|Glimmora, F|88/100
|
|upkeep
|turn|15
|
|t:|1758920767
|move|p1a: Great Tusk|Headlong Rush|p2a: Glimmora
|-supereffective|p2a: Glimmora
|-damage|p2a: Glimmora|0 fnt
|-unboost|p1a: Great Tusk|def|1
|-unboost|p1a: Great Tusk|spd|1
|-activate|p2a: Glimmora|ability: Toxic Debris
|-sidestart|p1: BananaOnToast|move: Toxic Spikes
|faint|p2a: Glimmora
|
|upkeep
|
|t:|1758920771
|switch|p2a: Dragonite|Dragonite, M|100/100
|turn|16
|
|t:|1758920776
|-end|p1a: Great Tusk|Protosynthesis|[silent]
|switch|p1a: Corviknight|Corviknight, M|100/100
|-ability|p1a: Corviknight|Pressure
|move|p2a: Dragonite|Extreme Speed|p1a: Corviknight
|-resisted|p1a: Corviknight
|-damage|p1a: Corviknight|88/100
|
|-heal|p1a: Corviknight|94/100|[from] item: Leftovers
|upkeep
|turn|17
|
|t:|1758920781
|switch|p2a: Gholdengo|Gholdengo|51/100
|move|p1a: Corviknight|Taunt|p2a: Gholdengo
|-immune|p2a: Gholdengo|[from] ability: Good as Gold
|
|-heal|p1a: Corviknight|99/100|[from] item: Leftovers
|upkeep
|turn|18
|inactive|BananaOnToast has 90 seconds left.
|
|t:|1758920808
|switch|p1a: Great Tusk|Great Tusk|13/100
|-status|p1a: Great Tusk|psn
|move|p2a: Gholdengo|Recover|p2a: Gholdengo
|-heal|p2a: Gholdengo|100/100
|
|-damage|p1a: Great Tusk|1/100 psn|[from] psn
|upkeep
|turn|19
|inactive|BananaOnToast has 90 seconds left.
|
|t:|1758920835
|switch|p2a: Dragonite|Dragonite, M|100/100
|move|p1a: Great Tusk|Rapid Spin|p2a: Dragonite
|-damage|p2a: Dragonite|90/100
|-boost|p1a: Great Tusk|spe|1
|-sideend|p1: BananaOnToast|Toxic Spikes|[from] move: Rapid Spin|[of] p1a: Great Tusk
|
|-damage|p1a: Great Tusk|0 fnt|[from] psn
|faint|p1a: Great Tusk
|-end|p1a: Great Tusk|Protosynthesis|[silent]
|upkeep
|inactive|BananaOnToast has 90 seconds left.
|
|t:|1758920854
|switch|p1a: fire blast|Infernape, M|88/100
|turn|20
|
|t:|1758920861
|move|p2a: Dragonite|Earthquake|p1a: fire blast
|-supereffective|p1a: fire blast
|-damage|p1a: fire blast|19/100
|move|p1a: fire blast|Will-O-Wisp|p2a: Dragonite|[miss]
|-miss|p1a: fire blast|p2a: Dragonite
|
|upkeep
|turn|21
|inactive|BananaOnToast has 90 seconds left.
|
|t:|1758920871
|switch|p2a: Gholdengo|Gholdengo|100/100
|switch|p1a: Corviknight|Corviknight, M|99/100
|-ability|p1a: Corviknight|Pressure
|
|-heal|p1a: Corviknight|100/100|[from] item: Leftovers
|upkeep
|turn|22
|inactive|BananaOnToast has 90 seconds left.
|
|t:|1758920884
|switch|p1a: Alomomola|Alomomola, F|85/100
|move|p2a: Gholdengo|Shadow Ball|p1a: Alomomola
|-damage|p1a: Alomomola|40/100
|
|upkeep
|turn|23
|inactive|BananaOnToast has 90 seconds left.
|
|t:|1758920892
|switch|p1a: Garganacl|Garganacl, F|100/100
|move|p2a: Gholdengo|Shadow Ball|p1a: Garganacl
|-damage|p1a: Garganacl|87/100
|-unboost|p1a: Garganacl|spd|1
|
|-heal|p1a: Garganacl|93/100|[from] item: Leftovers
|upkeep
|turn|24
|
|t:|1758920900
|switch|p1a: Alomomola|Alomomola, F|73/100
|move|p2a: Gholdengo|Shadow Ball|p1a: Alomomola
|-damage|p1a: Alomomola|31/100
|-unboost|p1a: Alomomola|spd|1
|
|upkeep
|turn|25
|
|t:|1758920905
|switch|p1a: Corviknight|Corviknight, M|100/100
|-ability|p1a: Corviknight|Pressure
|move|p2a: Gholdengo|Make It Rain|p1a: Corviknight
|-resisted|p1a: Corviknight
|-damage|p1a: Corviknight|80/100
|-unboost|p2a: Gholdengo|spa|1
|
|-heal|p1a: Corviknight|86/100|[from] item: Leftovers
|upkeep
|turn|26
|
|t:|1758920918
|switch|p1a: Garganacl|Garganacl, F|93/100
|move|p2a: Gholdengo|Shadow Ball|p1a: Garganacl
|-damage|p1a: Garganacl|83/100
|
|-heal|p1a: Garganacl|90/100|[from] item: Leftovers
|upkeep
|turn|27
|
|t:|1758920929
|switch|p2a: Slowking|Slowking-Galar, M|100/100
|move|p1a: Garganacl|Salt Cure|p2a: Slowking
|-crit|p2a: Slowking
|-damage|p2a: Slowking|78/100
|-start|p2a: Slowking|Salt Cure
|
|-heal|p1a: Garganacl|96/100|[from] item: Leftovers
|-heal|p2a: Slowking|84/100|[from] item: Leftovers
|-damage|p2a: Slowking|71/100|[from] Salt Cure
|upkeep
|turn|28
|
|t:|1758920933
|move|p1a: Garganacl|Stealth Rock|p2a: Slowking
|-sidestart|p2: mechabicho_14|move: Stealth Rock
|-prepare|p2a: Slowking|Chilly Reception|[premajor]
|move|p2a: Slowking|Chilly Reception|p2a: Slowking
|-weather|Snowscape
|
|t:|1758920936
|switch|p2a: Samurott|Samurott-Hisui, M|100/100|[from] Chilly Reception
|-damage|p2a: Samurott|88/100|[from] Stealth Rock
|
|-weather|Snowscape|[upkeep]
|-heal|p1a: Garganacl|100/100|[from] item: Leftovers
|upkeep
|turn|29
|
|t:|1758920943
|-terastallize|p1a: Garganacl|Water
|move|p2a: Samurott|Ceaseless Edge|p1a: Garganacl
|-crit|p1a: Garganacl
|-damage|p1a: Garganacl|51/100
|-sidestart|p1: BananaOnToast|Spikes
|move|p1a: Garganacl|Salt Cure|p2a: Samurott
|-damage|p2a: Samurott|69/100
|-start|p2a: Samurott|Salt Cure
|
|-weather|Snowscape|[upkeep]
|-heal|p1a: Garganacl|58/100|[from] item: Leftovers
|-damage|p2a: Samurott|45/100|[from] Salt Cure
|upkeep
|turn|30
|
|t:|1758920950
|move|p2a: Samurott|Ceaseless Edge|p1a: Garganacl
|-damage|p1a: Garganacl|23/100
|-sidestart|p1: BananaOnToast|Spikes
|move|p1a: Garganacl|Recover|p1a: Garganacl
|-heal|p1a: Garganacl|73/100
|
|-weather|Snowscape|[upkeep]
|-heal|p1a: Garganacl|79/100|[from] item: Leftovers
|-damage|p2a: Samurott|20/100|[from] Salt Cure
|upkeep
|turn|31
|
|t:|1758920954
|move|p1a: Garganacl|Protect|p1a: Garganacl
|-singleturn|p1a: Garganacl|Protect
|move|p2a: Samurott|Ceaseless Edge|p1a: Garganacl
|-activate|p1a: Garganacl|move: Protect
|
|-weather|Snowscape|[upkeep]
|-heal|p1a: Garganacl|86/100|[from] item: Leftovers
|-damage|p2a: Samurott|0 fnt|[from] Salt Cure
|faint|p2a: Samurott
|upkeep
|
|t:|1758920968
|switch|p2a: Gholdengo|Gholdengo|100/100
|turn|32
|-message|mechabicho_14 forfeited.
|
|win|BananaOnToast
|raw|BananaOnToast's rating: 1462 &rarr; <strong>1485</strong><br />(+23 for winning)
|raw|mechabicho_14's rating: 1516 &rarr; <strong>1493</strong><br />(-23 for losing)
|l|☆mechabicho_14
|player|p2|
|l|☆BananaOnToast
|player|p1|
