|badge|p1|bronze|gen9ou|100-6
|html|<div class="broadcast-red"><strong>This battle is required to be public due to one or more player having a season medal.</strong><br />During the public phase, you can discuss the state of the ladder <a href="/seasondiscussion">in a special chatroom.</a></div>
|uhtml|medal-msg|<div class="broadcast-blue">Curious what those medals under the avatar are? PS now has Ladder Seasons! For more information, check out the <a href="https://www.smogon.com/forums/threads/3740067/">thread on Smogon.</a></div>
|badge|p2|silver|gen9ou|30-6
|uhtml|medal-msg|<div class="broadcast-blue">Curious what those medals under the avatar are? PS now has Ladder Seasons! For more information, check out the <a href="https://www.smogon.com/forums/threads/3740067/">thread on Smogon.</a></div>
|raw|<div class="broadcast-blue"><strong>This battle is required to be public due to a player having a name starting with 'medal'.</div>
|j|‽JackRG1
|j|☆grand return
|t:|1759020281
|gametype|singles
|player|p1|JackRG1|dawn-gen4pt|1885
|player|p2|grand return|265|1927
|gen|9
|tier|[Gen 9] OU
|rated|
|rule|HP Percentage Mod: HP is shown in percentages
|rule|Endless Battle Clause: Forcing endless battles is banned
|rule|Species Clause: Limit one of each Pokémon
|rule|OHKO Clause: OHKO moves are banned
|rule|Evasion Items Clause: Evasion items are banned
|rule|Evasion Moves Clause: Evasion moves are banned
|rule|Evasion Abilities Clause: Evasion abilities are banned
|rule|Sleep Moves Clause: Sleep-inducing moves are banned
|clearpoke
|poke|p1|Weezing-Galar, F|
|poke|p1|Ting-Lu|
|poke|p1|Corviknight, F|
|poke|p1|Skeledirge, F|
|poke|p1|Dragapult, F|
|poke|p1|Ogerpon-Wellspring, F|
|poke|p2|Tyranitar, F|
|poke|p2|Gholdengo|
|poke|p2|Zamazenta-*|
|poke|p2|Rillaboom, F|
|poke|p2|Garchomp, F|
|poke|p2|Zapdos|
|teampreview
|inactive|Battle timer is ON: inactive players will automatically lose when time's up. (requested by JackRG1)
|
|t:|1759020304
|teamsize|p1|6
|teamsize|p2|6
|start
|switch|p1a: Ogerpon|Ogerpon-Wellspring, F|100/100
|switch|p2a: Garchomp|Garchomp, F|100/100
|turn|1
|
|t:|1759020310
|move|p1a: Ogerpon|Spikes|p2a: Garchomp
|-sidestart|p2: grand return|Spikes
|move|p2a: Garchomp|Dragon Tail|p1a: Ogerpon|[miss]
|-miss|p2a: Garchomp|p1a: Ogerpon
|
|upkeep
|turn|2
|j| chengzun
|
|t:|1759020313
|move|p1a: Ogerpon|Ivy Cudgel|p2a: Garchomp|[anim] Ivy Cudgel Water
|-damage|p2a: Garchomp|65/100
|move|p2a: Garchomp|Stealth Rock|p1a: Ogerpon
|-sidestart|p1: JackRG1|move: Stealth Rock
|
|upkeep
|turn|3
|l| chengzun
|
|t:|1759020316
|switch|p2a: Rillaboom|Rillaboom, F|100/100
|-fieldstart|move: Grassy Terrain|[from] ability: Grassy Surge|[of] p2a: Rillaboom
|move|p1a: Ogerpon|Ivy Cudgel|p2a: Rillaboom|[anim] Ivy Cudgel Water
|-resisted|p2a: Rillaboom
|-damage|p2a: Rillaboom|72/100
|
|-heal|p2a: Rillaboom|78/100|[from] Grassy Terrain
|upkeep
|turn|4
|j| Nikator98
|l| Nikator98
|
|t:|1759020328
|move|p1a: Ogerpon|Knock Off|p2a: Rillaboom
|-damage|p2a: Rillaboom|41/100
|-enditem|p2a: Rillaboom|Heavy-Duty Boots|[from] move: Knock Off|[of] p1a: Ogerpon
|move|p2a: Rillaboom|Knock Off|p1a: Ogerpon
|-damage|p1a: Ogerpon|75/100
|
|-heal|p1a: Ogerpon|81/100|[from] Grassy Terrain
|-heal|p2a: Rillaboom|48/100|[from] Grassy Terrain
|upkeep
|turn|5
|
|t:|1759020335
|switch|p1a: Weezing|Weezing-Galar, F|100/100
|-ability|p1a: Weezing|Neutralizing Gas
|move|p2a: Rillaboom|U-turn|p1a: Weezing
|-resisted|p1a: Weezing
|-crit|p1a: Weezing
|-damage|p1a: Weezing|95/100
|
|t:|1759020342
|switch|p2a: Zapdos|Zapdos|100/100|[from] U-turn
|
|-heal|p1a: Weezing|100/100|[from] Grassy Terrain
|upkeep
|turn|6
|
|t:|1759020346
|move|p2a: Zapdos|Hurricane|p1a: Weezing
|-damage|p1a: Weezing|29/100
|move|p1a: Weezing|Sludge Bomb|p2a: Zapdos
|-damage|p2a: Zapdos|70/100
|-status|p2a: Zapdos|psn
|
|-heal|p1a: Weezing|35/100|[from] Grassy Terrain
|-damage|p2a: Zapdos|57/100 psn|[from] psn
|upkeep
|turn|7
|
|t:|1759020352
|switch|p2a: Rillaboom|Rillaboom, F|48/100
|-damage|p2a: Rillaboom|35/100|[from] Spikes
|-end|p1a: Weezing|ability: Neutralizing Gas
|switch|p1a: Ting-Lu|Ting-Lu, shiny|100/100
|-damage|p1a: Ting-Lu|94/100|[from] Stealth Rock
|-ability|p1a: Ting-Lu|Vessel of Ruin
|
|-heal|p2a: Rillaboom|41/100|[from] Grassy Terrain
|-heal|p1a: Ting-Lu|100/100|[from] Grassy Terrain
|-fieldend|move: Grassy Terrain
|upkeep
|turn|8
|
|t:|1759020355
|move|p2a: Rillaboom|U-turn|p1a: Ting-Lu
|-supereffective|p1a: Ting-Lu
|-damage|p1a: Ting-Lu|70/100
|j| theviolator3000
|
|t:|1759020360
|switch|p2a: Zamazenta|Zamazenta|100/100|[from] U-turn
|-ability|p2a: Zamazenta|Dauntless Shield|boost
|-boost|p2a: Zamazenta|def|1
|move|p1a: Ting-Lu|Stealth Rock|p2a: Zamazenta
|-sidestart|p2: grand return|move: Stealth Rock
|
|-heal|p1a: Ting-Lu|76/100|[from] item: Leftovers
|upkeep
|turn|9
|
|t:|1759020365
|switch|p1a: Weezing|Weezing-Galar, F|35/100
|-ability|p1a: Weezing|Neutralizing Gas
|move|p2a: Zamazenta|Close Combat|p1a: Weezing
|-resisted|p1a: Weezing
|-damage|p1a: Weezing|26/100
|-unboost|p2a: Zamazenta|def|1
|-unboost|p2a: Zamazenta|spd|1
|
|upkeep
|turn|10
|
|t:|1759020369
|move|p2a: Zamazenta|Heavy Slam|p1a: Weezing
|-supereffective|p1a: Weezing
|-damage|p1a: Weezing|0 fnt
|faint|p1a: Weezing
|-end|p1a: Weezing|ability: Neutralizing Gas
|
|upkeep
|
|t:|1759020371
|switch|p1a: Dragapult|Dragapult, F|100/100
|-damage|p1a: Dragapult|88/100|[from] Stealth Rock
|turn|11
|
|t:|1759020377
|move|p1a: Dragapult|Draco Meteor|p2a: Zamazenta
|-damage|p2a: Zamazenta|0 fnt
|-unboost|p1a: Dragapult|spa|2
|faint|p2a: Zamazenta
|
|upkeep
|
|t:|1759020381
|switch|p2a: Tyranitar|Tyranitar, F|100/100
|-weather|Sandstorm|[from] ability: Sand Stream|[of] p2a: Tyranitar
|turn|12
|
|t:|1759020386
|switch|p1a: Corviknight|Corviknight, F|100/100
|-damage|p1a: Corviknight|88/100|[from] Stealth Rock
|-ability|p1a: Corviknight|Pressure
|move|p2a: Tyranitar|Knock Off|p1a: Corviknight
|-damage|p1a: Corviknight|55/100
|-damage|p2a: Tyranitar|84/100|[from] item: Rocky Helmet|[of] p1a: Corviknight
|-enditem|p1a: Corviknight|Rocky Helmet|[from] move: Knock Off|[of] p2a: Tyranitar
|
|-weather|Sandstorm|[upkeep]
|upkeep
|turn|13
|
|t:|1759020392
|switch|p2a: Zapdos|Zapdos|57/100 psn
|move|p1a: Corviknight|Roost|p1a: Corviknight
|-heal|p1a: Corviknight|100/100
|-singleturn|p1a: Corviknight|move: Roost
|
|-weather|Sandstorm|[upkeep]
|-damage|p2a: Zapdos|51/100 psn|[from] Sandstorm
|-damage|p2a: Zapdos|39/100 psn|[from] psn
|upkeep
|turn|14
|
|t:|1759020396
|switch|p1a: Ting-Lu|Ting-Lu, shiny|76/100
|-damage|p1a: Ting-Lu|70/100|[from] Stealth Rock
|-ability|p1a: Ting-Lu|Vessel of Ruin
|move|p2a: Zapdos|Volt Switch|p1a: Ting-Lu
|-immune|p1a: Ting-Lu
|
|-weather|Sandstorm|[upkeep]
|-damage|p2a: Zapdos|33/100 psn|[from] Sandstorm
|-heal|p1a: Ting-Lu|76/100|[from] item: Leftovers
|-damage|p2a: Zapdos|20/100 psn|[from] psn
|upkeep
|turn|15
|
|t:|1759020400
|move|p2a: Zapdos|Hurricane|p1a: Ting-Lu
|-damage|p1a: Ting-Lu|54/100
|move|p1a: Ting-Lu|Earthquake|p2a: Zapdos
|-immune|p2a: Zapdos
|
|-weather|Sandstorm|[upkeep]
|-damage|p2a: Zapdos|14/100 psn|[from] Sandstorm
|-heal|p1a: Ting-Lu|60/100|[from] item: Leftovers
|-damage|p2a: Zapdos|2/100 psn|[from] psn
|upkeep
|turn|16
|
|t:|1759020403
|move|p2a: Zapdos|Hurricane|p1a: Ting-Lu|[miss]
|-miss|p2a: Zapdos|p1a: Ting-Lu
|move|p1a: Ting-Lu|Earthquake|p2a: Zapdos
|-immune|p2a: Zapdos
|
|-weather|none
|-heal|p1a: Ting-Lu|67/100|[from] item: Leftovers
|-damage|p2a: Zapdos|0 fnt|[from] psn
|faint|p2a: Zapdos
|upkeep
|
|t:|1759020406
|switch|p2a: Rillaboom|Rillaboom, F|41/100
|-damage|p2a: Rillaboom|29/100|[from] Spikes
|-damage|p2a: Rillaboom|17/100|[from] Stealth Rock
|-fieldstart|move: Grassy Terrain|[from] ability: Grassy Surge|[of] p2a: Rillaboom
|turn|17
|
|t:|1759020409
|switch|p1a: Corviknight|Corviknight, F|100/100
|-damage|p1a: Corviknight|88/100|[from] Stealth Rock
|-ability|p1a: Corviknight|Pressure
|move|p2a: Rillaboom|Wood Hammer|p1a: Corviknight
|-resisted|p1a: Corviknight
|-damage|p1a: Corviknight|73/100
|-damage|p2a: Rillaboom|12/100|[from] Recoil
|
|-heal|p2a: Rillaboom|18/100|[from] Grassy Terrain
|upkeep
|turn|18
|
|t:|1759020412
|move|p2a: Rillaboom|U-turn|p1a: Corviknight
|-resisted|p1a: Corviknight
|-damage|p1a: Corviknight|68/100
|
|t:|1759020413
|switch|p2a: Garchomp|Garchomp, F|65/100|[from] U-turn
|-damage|p2a: Garchomp|53/100|[from] Spikes
|-damage|p2a: Garchomp|47/100|[from] Stealth Rock
|move|p1a: Corviknight|U-turn|p2a: Garchomp
|-damage|p2a: Garchomp|37/100
|-damage|p1a: Corviknight|56/100|[from] ability: Rough Skin|[of] p2a: Garchomp
|-damage|p1a: Corviknight|39/100|[from] item: Rocky Helmet|[of] p2a: Garchomp
|
|t:|1759020416
|switch|p1a: Ogerpon|Ogerpon-Wellspring, F|81/100|[from] U-turn
|-damage|p1a: Ogerpon|68/100|[from] Stealth Rock
|
|-heal|p1a: Ogerpon|74/100|[from] Grassy Terrain
|-heal|p2a: Garchomp|43/100|[from] Grassy Terrain
|upkeep
|turn|19
|
|t:|1759020419
|move|p1a: Ogerpon|Ivy Cudgel|p2a: Garchomp|[anim] Ivy Cudgel Water
|-damage|p2a: Garchomp|8/100
|move|p2a: Garchomp|Dragon Tail|p1a: Ogerpon
|-damage|p1a: Ogerpon|44/100
|drag|p1a: Corviknight|Corviknight, F|39/100
|-damage|p1a: Corviknight|27/100|[from] Stealth Rock
|-ability|p1a: Corviknight|Pressure
|
|-heal|p2a: Garchomp|14/100|[from] Grassy Terrain
|upkeep
|turn|20
|
|t:|1759020422
|move|p2a: Garchomp|Spikes|p1a: Corviknight
|-sidestart|p1: JackRG1|Spikes
|move|p1a: Corviknight|Roost|p1a: Corviknight
|-heal|p1a: Corviknight|77/100
|-singleturn|p1a: Corviknight|move: Roost
|
|-heal|p2a: Garchomp|21/100|[from] Grassy Terrain
|-heal|p1a: Corviknight|83/100|[from] Grassy Terrain
|upkeep
|turn|21
|
|t:|1759020428
|switch|p1a: Ogerpon|Ogerpon-Wellspring, F|44/100
|-damage|p1a: Ogerpon|32/100|[from] Stealth Rock
|-damage|p1a: Ogerpon|19/100|[from] Spikes
|move|p2a: Garchomp|Spikes|p1a: Ogerpon
|-sidestart|p1: JackRG1|Spikes
|
|-heal|p1a: Ogerpon|25/100|[from] Grassy Terrain
|-heal|p2a: Garchomp|27/100|[from] Grassy Terrain
|-fieldend|move: Grassy Terrain
|upkeep
|turn|22
|
|t:|1759020433
|switch|p2a: Rillaboom|Rillaboom, F|18/100
|-damage|p2a: Rillaboom|5/100|[from] Spikes
|-damage|p2a: Rillaboom|0 fnt|[from] Stealth Rock
|faint|p2a: Rillaboom
|move|p1a: Ogerpon|Ivy Cudgel|p2: Rillaboom|[notarget]
|-fail|p1a: Ogerpon
|
|upkeep
|
|t:|1759020435
|switch|p2a: Gholdengo|Gholdengo|100/100
|-damage|p2a: Gholdengo|94/100|[from] Stealth Rock
|-item|p2a: Gholdengo|Air Balloon
|turn|23
|
|t:|1759020438
|move|p1a: Ogerpon|Synthesis|p1a: Ogerpon
|-heal|p1a: Ogerpon|75/100
|move|p2a: Gholdengo|Thunder Wave|p1a: Ogerpon
|-status|p1a: Ogerpon|par
|
|upkeep
|turn|24
|
|t:|1759020442
|move|p2a: Gholdengo|Hex|p1a: Ogerpon
|-damage|p1a: Ogerpon|22/100 par
|move|p1a: Ogerpon|Knock Off|p2a: Gholdengo
|-supereffective|p2a: Gholdengo
|-damage|p2a: Gholdengo|46/100
|-enditem|p2a: Gholdengo|Air Balloon
|
|upkeep
|turn|25
|
|t:|1759020445
|move|p2a: Gholdengo|Recover|p2a: Gholdengo
|-heal|p2a: Gholdengo|96/100
|move|p1a: Ogerpon|Ivy Cudgel|p2a: Gholdengo|[anim] Ivy Cudgel Water
|-damage|p2a: Gholdengo|61/100
|
|upkeep
|turn|26
|
|t:|1759020447
|move|p2a: Gholdengo|Recover|p2a: Gholdengo
|-heal|p2a: Gholdengo|100/100
|move|p1a: Ogerpon|Ivy Cudgel|p2a: Gholdengo|[anim] Ivy Cudgel Water
|-damage|p2a: Gholdengo|64/100
|
|upkeep
|turn|27
|
|t:|1759020449
|move|p2a: Gholdengo|Recover|p2a: Gholdengo
|-heal|p2a: Gholdengo|100/100
|cant|p1a: Ogerpon|par
|
|upkeep
|turn|28
|
|t:|1759020451
|move|p2a: Gholdengo|Hex|p1a: Ogerpon
|-crit|p1a: Ogerpon
|-damage|p1a: Ogerpon|0 fnt
|faint|p1a: Ogerpon
|
|upkeep
|
|t:|1759020453
|switch|p1a: Ting-Lu|Ting-Lu, shiny|67/100
|-damage|p1a: Ting-Lu|60/100|[from] Stealth Rock
|-damage|p1a: Ting-Lu|44/100|[from] Spikes
|-ability|p1a: Ting-Lu|Vessel of Ruin
|turn|29
|
|t:|1759020459
|move|p2a: Gholdengo|Make It Rain|p1a: Ting-Lu
|-damage|p1a: Ting-Lu|22/100
|-unboost|p2a: Gholdengo|spa|1
|move|p1a: Ting-Lu|Earthquake|p2a: Gholdengo
|-supereffective|p2a: Gholdengo
|-damage|p2a: Gholdengo|47/100
|
|-heal|p1a: Ting-Lu|28/100|[from] item: Leftovers
|upkeep
|turn|30
|
|t:|1759020465
|-terastallize|p2a: Gholdengo|Fairy
|move|p2a: Gholdengo|Make It Rain|p1a: Ting-Lu
|-damage|p1a: Ting-Lu|14/100
|-unboost|p2a: Gholdengo|spa|1
|move|p1a: Ting-Lu|Rest|p1a: Ting-Lu
|-status|p1a: Ting-Lu|slp|[from] move: Rest
|-heal|p1a: Ting-Lu|100/100 slp|[silent]
|
|upkeep
|turn|31
|
|t:|1759020469
|move|p2a: Gholdengo|Recover|p2a: Gholdengo
|-heal|p2a: Gholdengo|98/100
|cant|p1a: Ting-Lu|slp
|
|upkeep
|turn|32
|
|t:|1759020475
|switch|p2a: Garchomp|Garchomp, F|27/100
|-damage|p2a: Garchomp|14/100|[from] Spikes
|-damage|p2a: Garchomp|8/100|[from] Stealth Rock
|cant|p1a: Ting-Lu|slp
|
|upkeep
|turn|33
|
|t:|1759020478
|move|p2a: Garchomp|Earthquake|p1a: Ting-Lu
|-damage|p1a: Ting-Lu|75/100 slp
|-curestatus|p1a: Ting-Lu|slp|[msg]
|move|p1a: Ting-Lu|Earthquake|p2a: Garchomp
|-damage|p2a: Garchomp|0 fnt
|faint|p2a: Garchomp
|
|-heal|p1a: Ting-Lu|81/100|[from] item: Leftovers
|upkeep
|
|t:|1759020480
|switch|p2a: Tyranitar|Tyranitar, F|84/100
|-weather|Sandstorm|[from] ability: Sand Stream|[of] p2a: Tyranitar
|turn|34
|
|t:|1759020482
|move|p2a: Tyranitar|Low Kick|p1a: Ting-Lu
|-supereffective|p1a: Ting-Lu
|-damage|p1a: Ting-Lu|37/100
|move|p1a: Ting-Lu|Earthquake|p2a: Tyranitar
|-supereffective|p2a: Tyranitar
|-damage|p2a: Tyranitar|11/100
|
|-weather|Sandstorm|[upkeep]
|-heal|p1a: Ting-Lu|44/100|[from] item: Leftovers
|upkeep
|turn|35
|
|t:|1759020488
|move|p2a: Tyranitar|Knock Off|p1a: Ting-Lu
|-resisted|p1a: Ting-Lu
|-damage|p1a: Ting-Lu|30/100
|-enditem|p1a: Ting-Lu|Leftovers|[from] move: Knock Off|[of] p2a: Tyranitar
|move|p1a: Ting-Lu|Earthquake|p2a: Tyranitar
|-supereffective|p2a: Tyranitar
|-crit|p2a: Tyranitar
|-damage|p2a: Tyranitar|0 fnt
|faint|p2a: Tyranitar
|
|-weather|Sandstorm|[upkeep]
|upkeep
|-message|grand return forfeited.
|
|win|JackRG1
|raw|JackRG1's rating: 1885 &rarr; <strong>1907</strong><br />(+22 for winning)
|raw|grand return's rating: 1927 &rarr; <strong>1905</strong><br />(-22 for losing)
|l|☆grand return
|player|p2|
|l|‽JackRG1
|player|p1|
|l| theviolator3000
|j| theviolator3000
|l| theviolator3000
