|badge|p1|bronze|gen9monotype|100-6
|badge|p1|bronze|gen9uu|100-6
|uhtml|medal-msg|<div class="broadcast-blue">Curious what those medals under the avatar are? PS now has Ladder Seasons! For more information, check out the <a href="https://www.smogon.com/forums/threads/3740067/">thread on Smogon.</a></div>
|j|☆RedemptiveSketch
|j|☆vghhjg
|t:|1758980797
|gametype|singles
|player|p1|RedemptiveSketch|alec-anime|1496
|player|p2|vghhjg|266|1514
|gen|9
|tier|[Gen 9] OU
|rated|
|rule|HP Percentage Mod: HP is shown in percentages
|rule|Endless Battle Clause: Forcing endless battles is banned
|rule|Species Clause: Limit one of each Pokémon
|rule|OHKO Clause: OHKO moves are banned
|rule|Evasion Items Clause: Evasion items are banned
|rule|Evasion Moves Clause: Evasion moves are banned
|rule|Evasion Abilities Clause: Evasion abilities are banned
|rule|Sleep Moves Clause: Sleep-inducing moves are banned
|clearpoke
|poke|p1|Garganacl, F|
|poke|p1|Dragapult, F|
|poke|p1|Ogerpon-Wellspring, F|
|poke|p1|Moltres|
|poke|p1|Zamazenta-*|
|poke|p1|Iron Treads|
|poke|p2|Gholdengo|
|poke|p2|Ribombee, M|
|poke|p2|Dragonite, F|
|poke|p2|Comfey, F|
|poke|p2|Primarina, M|
|poke|p2|Haxorus, M|
|teampreview
|inactive|Battle timer is ON: inactive players will automatically lose when time's up. (requested by RedemptiveSketch)
|inactive|RedemptiveSketch has 120 seconds left.
|inactive|vghhjg has 120 seconds left.
|inactive|vghhjg has 90 seconds left.
|inactive|vghhjg has 60 seconds left.
|inactive|vghhjg has 30 seconds left.
|inactive|vghhjg has 20 seconds left.
|
|t:|1758980930
|teamsize|p1|6
|teamsize|p2|6
|start
|switch|p1a: Iron Treads|Iron Treads|100/100
|switch|p2a: Ribombee|Ribombee, M|100/100
|turn|1
|
|t:|1758980936
|move|p2a: Ribombee|Stun Spore|p1a: Iron Treads|[miss]
|-miss|p2a: Ribombee|p1a: Iron Treads
|move|p1a: Iron Treads|Stealth Rock|p2a: Ribombee
|-sidestart|p2: vghhjg|move: Stealth Rock
|
|upkeep
|turn|2
|inactive|vghhjg has 90 seconds left.
|
|t:|1758980965
|move|p2a: Ribombee|Stun Spore|p1a: Iron Treads
|-status|p1a: Iron Treads|par
|cant|p1a: Iron Treads|par
|
|upkeep
|turn|3
|
|t:|1758980968
|move|p2a: Ribombee|Sticky Web|p1a: Iron Treads
|-sidestart|p1: RedemptiveSketch|move: Sticky Web
|cant|p1a: Iron Treads|par
|
|upkeep
|turn|4
|
|t:|1758980972
|switch|p2a: Gholdengo|Gholdengo|100/100
|-damage|p2a: Gholdengo|94/100|[from] Stealth Rock
|-item|p2a: Gholdengo|Air Balloon
|move|p1a: Iron Treads|Knock Off|p2a: Gholdengo
|-supereffective|p2a: Gholdengo
|-damage|p2a: Gholdengo|42/100
|-enditem|p2a: Gholdengo|Air Balloon
|
|upkeep
|turn|5
|
|t:|1758980976
|move|p2a: Gholdengo|Shadow Ball|p1a: Iron Treads
|-crit|p1a: Iron Treads
|-damage|p1a: Iron Treads|44/100 par
|-unboost|p1a: Iron Treads|spd|1
|move|p1a: Iron Treads|Earthquake|p2a: Gholdengo
|-supereffective|p2a: Gholdengo
|-damage|p2a: Gholdengo|0 fnt
|faint|p2a: Gholdengo
|
|-heal|p1a: Iron Treads|50/100 par|[from] item: Leftovers
|upkeep
|c|☆RedemptiveSketch|lmao
|
|t:|1758980993
|switch|p2a: Haxorus|Haxorus, M|100/100
|-damage|p2a: Haxorus|88/100|[from] Stealth Rock
|-ability|p2a: Haxorus|Mold Breaker
|turn|6
|
|t:|1758981009
|move|p2a: Haxorus|Dragon Dance|p2a: Haxorus
|-boost|p2a: Haxorus|atk|1
|-boost|p2a: Haxorus|spe|1
|move|p1a: Iron Treads|Rapid Spin|p2a: Haxorus
|-damage|p2a: Haxorus|72/100
|-boost|p1a: Iron Treads|spe|1
|-sideend|p1: RedemptiveSketch|Sticky Web|[from] move: Rapid Spin|[of] p1a: Iron Treads
|
|-heal|p1a: Iron Treads|56/100 par|[from] item: Leftovers
|upkeep
|turn|7
|
|t:|1758981018
|-terastallize|p1a: Iron Treads|Dark
|move|p2a: Haxorus|Dragon Dance|p2a: Haxorus
|-boost|p2a: Haxorus|atk|1
|-boost|p2a: Haxorus|spe|1
|cant|p1a: Iron Treads|par
|
|-heal|p1a: Iron Treads|62/100 par|[from] item: Leftovers
|upkeep
|turn|8
|
|t:|1758981034
|move|p2a: Haxorus|Dragon Dance|p2a: Haxorus
|-boost|p2a: Haxorus|atk|1
|-boost|p2a: Haxorus|spe|1
|move|p1a: Iron Treads|Knock Off|p2a: Haxorus
|-damage|p2a: Haxorus|24/100
|-enditem|p2a: Haxorus|Lum Berry|[from] move: Knock Off|[of] p1a: Iron Treads
|
|-heal|p1a: Iron Treads|68/100 par|[from] item: Leftovers
|upkeep
|turn|9
|j| a6ni
|
|t:|1758981049
|move|p2a: Haxorus|Earthquake|p1a: Iron Treads
|-damage|p1a: Iron Treads|0 fnt
|faint|p1a: Iron Treads
|-end|p1a: Iron Treads|Quark Drive|[silent]
|
|upkeep
|l| a6ni
|
|t:|1758981054
|switch|p1a: Zamazenta|Zamazenta|100/100
|-ability|p1a: Zamazenta|Dauntless Shield|boost
|-boost|p1a: Zamazenta|def|1
|turn|10
|
|t:|1758981063
|-terastallize|p2a: Haxorus|Dragon
|move|p2a: Haxorus|Dragon Claw|p1a: Zamazenta
|-crit|p1a: Zamazenta
|-damage|p1a: Zamazenta|0 fnt
|faint|p1a: Zamazenta
|
|upkeep
|
|t:|1758981073
|switch|p1a: Moltres|Moltres|100/100
|turn|11
|
|t:|1758981084
|move|p2a: Haxorus|Dragon Claw|p1a: Moltres
|-damage|p1a: Moltres|0 fnt
|faint|p1a: Moltres
|
|upkeep
|
|t:|1758981088
|switch|p1a: Ogerpon|Ogerpon-Wellspring, F|100/100
|turn|12
|
|t:|1758981096
|move|p2a: Haxorus|Dragon Claw|p1a: Ogerpon
|-damage|p1a: Ogerpon|0 fnt
|faint|p1a: Ogerpon
|
|upkeep
|
|t:|1758981098
|switch|p1a: Garganacl|Garganacl, F|100/100
|turn|13
|
|t:|1758981105
|move|p2a: Haxorus|Earthquake|p1a: Garganacl
|-supereffective|p1a: Garganacl
|-damage|p1a: Garganacl|0 fnt
|faint|p1a: Garganacl
|
|upkeep
|-message|RedemptiveSketch forfeited.
|
|win|vghhjg
|raw|RedemptiveSketch's rating: 1496 &rarr; <strong>1477</strong><br />(-19 for losing)
|raw|vghhjg's rating: 1514 &rarr; <strong>1533</strong><br />(+19 for winning)
|l|☆RedemptiveSketch
|player|p1|
|l|☆vghhjg
|player|p2|
|j| a6ni
|l| a6ni
