|j|☆klane middleton
|j|☆Gil_Kenobi
|t:|1758925127
|gametype|singles
|player|p1|klane middleton|hiker-gen4|1198
|player|p2|Gil_Kenobi|n|1271
|gen|9
|tier|[Gen 9] OU
|rated|
|rule|HP Percentage Mod: HP is shown in percentages
|rule|Endless Battle Clause: Forcing endless battles is banned
|rule|Species Clause: Limit one of each Pokémon
|rule|OHKO Clause: OHKO moves are banned
|rule|Evasion Items Clause: Evasion items are banned
|rule|Evasion Moves Clause: Evasion moves are banned
|rule|Evasion Abilities Clause: Evasion abilities are banned
|rule|Sleep Moves Clause: Sleep-inducing moves are banned
|clearpoke
|poke|p1|Tyranitar, F|
|poke|p1|Excadrill, M|
|poke|p1|Primarina, M|
|poke|p1|Skarmory, M|
|poke|p1|Weezing-Galar, F|
|poke|p1|Zamazenta-*|
|poke|p2|Galvantula, F|
|poke|p2|Samurott-Hisui, F|
|poke|p2|Kyurem|
|poke|p2|Mismagius, F|
|poke|p2|Cinderace, M|
|poke|p2|Thundurus, M|
|teampreview
|inactive|Battle timer is ON: inactive players will automatically lose when time's up. (requested by Gil_Kenobi)
|
|t:|1758925139
|teamsize|p1|6
|teamsize|p2|6
|start
|switch|p1a: Tyranitar|Tyranitar, F|100/100
|switch|p2a: Cinderace|Cinderace, M|100/100
|-weather|Sandstorm|[from] ability: Sand Stream|[of] p1a: Tyranitar
|turn|1
|
|t:|1758925144
|move|p2a: Cinderace|High Jump Kick|p1a: Tyranitar
|-start|p2a: Cinderace|typechange|Fighting|[from] ability: Libero
|-supereffective|p1a: Tyranitar
|-damage|p1a: Tyranitar|0 fnt
|faint|p1a: Tyranitar
|
|-weather|Sandstorm|[upkeep]
|-damage|p2a: Cinderace|95/100|[from] Sandstorm
|upkeep
|
|t:|1758925150
|switch|p1a: Excadrill|Excadrill, M|100/100
|turn|2
|
|t:|1758925158
|switch|p2a: Mismagius|Mismagius, F|100/100
|move|p1a: Excadrill|Swords Dance|p1a: Excadrill
|-boost|p1a: Excadrill|atk|2
|
|-weather|Sandstorm|[upkeep]
|-damage|p2a: Mismagius|94/100|[from] Sandstorm
|upkeep
|turn|3
|
|t:|1758925169
|switch|p2a: Samurott|Samurott-Hisui, F|100/100
|move|p1a: Excadrill|Iron Head|p2a: Samurott
|-resisted|p2a: Samurott
|-damage|p2a: Samurott|21/100
|-damage|p1a: Excadrill|91/100|[from] item: Life Orb
|
|-weather|Sandstorm|[upkeep]
|-damage|p2a: Samurott|15/100|[from] Sandstorm
|upkeep
|turn|4
|
|t:|1758925175
|move|p2a: Samurott|Sucker Punch|p1a: Excadrill
|-damage|p1a: Excadrill|35/100
|-damage|p2a: Samurott|5/100|[from] item: Life Orb
|move|p1a: Excadrill|Rapid Spin|p2a: Samurott
|-damage|p2a: Samurott|0 fnt
|-boost|p1a: Excadrill|spe|1
|faint|p2a: Samurott
|-damage|p1a: Excadrill|25/100|[from] item: Life Orb
|
|-weather|Sandstorm|[upkeep]
|upkeep
|
|t:|1758925189
|switch|p2a: Cinderace|Cinderace, M|95/100
|turn|5
|
|t:|1758925192
|move|p2a: Cinderace|Sucker Punch|p1a: Excadrill
|-start|p2a: Cinderace|typechange|Dark|[from] ability: Libero
|-damage|p1a: Excadrill|0 fnt
|faint|p1a: Excadrill
|
|-weather|Sandstorm|[upkeep]
|-damage|p2a: Cinderace|89/100|[from] Sandstorm
|upkeep
|
|t:|1758925198
|switch|p1a: Zamazenta|Zamazenta|100/100
|-ability|p1a: Zamazenta|Dauntless Shield|boost
|-boost|p1a: Zamazenta|def|1
|turn|6
|
|t:|1758925202
|switch|p2a: Thundurus|Thundurus, M|100/100
|move|p1a: Zamazenta|Iron Defense|p1a: Zamazenta
|-boost|p1a: Zamazenta|def|2
|
|-weather|Sandstorm|[upkeep]
|-damage|p2a: Thundurus|94/100|[from] Sandstorm
|-damage|p1a: Zamazenta|94/100|[from] Sandstorm
|-heal|p2a: Thundurus|100/100|[from] item: Leftovers
|-heal|p1a: Zamazenta|100/100|[from] item: Leftovers
|upkeep
|turn|7
|
|t:|1758925206
|move|p2a: Thundurus|Thunder Wave|p1a: Zamazenta
|-status|p1a: Zamazenta|par
|cant|p1a: Zamazenta|par
|
|-weather|Sandstorm|[upkeep]
|-damage|p2a: Thundurus|94/100|[from] Sandstorm
|-damage|p1a: Zamazenta|94/100 par|[from] Sandstorm
|-heal|p2a: Thundurus|100/100|[from] item: Leftovers
|-heal|p1a: Zamazenta|100/100 par|[from] item: Leftovers
|upkeep
|turn|8
|
|t:|1758925213
|move|p2a: Thundurus|Discharge|p1a: Zamazenta
|-damage|p1a: Zamazenta|67/100 par
|move|p1a: Zamazenta|Roar|p2a: Thundurus
|drag|p2a: Kyurem|Kyurem, shiny|100/100
|-ability|p2a: Kyurem|Pressure
|
|-weather|none
|-heal|p1a: Zamazenta|73/100 par|[from] item: Leftovers
|upkeep
|turn|9
|
|t:|1758925220
|move|p2a: Kyurem|Freeze-Dry|p1a: Zamazenta
|-damage|p1a: Zamazenta|51/100 par
|move|p1a: Zamazenta|Body Press|p2a: Kyurem
|-supereffective|p2a: Kyurem
|-damage|p2a: Kyurem|0 fnt
|faint|p2a: Kyurem
|
|-heal|p1a: Zamazenta|57/100 par|[from] item: Leftovers
|upkeep
|
|t:|1758925228
|switch|p2a: Galvantula|Galvantula, F|100/100
|turn|10
|
|t:|1758925233
|move|p2a: Galvantula|Thunder|p1a: Zamazenta
|-damage|p1a: Zamazenta|19/100 par
|move|p1a: Zamazenta|Body Press|p2a: Galvantula
|-resisted|p2a: Galvantula
|-enditem|p2a: Galvantula|Focus Sash
|-damage|p2a: Galvantula|1/100
|
|-heal|p1a: Zamazenta|25/100 par|[from] item: Leftovers
|upkeep
|turn|11
|
|t:|1758925239
|move|p2a: Galvantula|Sticky Web|p1a: Zamazenta
|-sidestart|p1: klane middleton|move: Sticky Web
|move|p1a: Zamazenta|Trailblaze|p2a: Galvantula
|-resisted|p2a: Galvantula
|-damage|p2a: Galvantula|0 fnt
|-boost|p1a: Zamazenta|spe|1
|faint|p2a: Galvantula
|
|-heal|p1a: Zamazenta|31/100 par|[from] item: Leftovers
|upkeep
|
|t:|1758925250
|switch|p2a: Mismagius|Mismagius, F|94/100
|turn|12
|
|t:|1758925253
|move|p2a: Mismagius|Dazzling Gleam|p1a: Zamazenta
|-supereffective|p1a: Zamazenta
|-damage|p1a: Zamazenta|0 fnt
|faint|p1a: Zamazenta
|-damage|p2a: Mismagius|84/100|[from] item: Life Orb
|
|upkeep
|
|t:|1758925261
|switch|p1a: Weezing|Weezing-Galar, F|100/100
|turn|13
|
|t:|1758925266
|switch|p2a: Thundurus|Thundurus, M|100/100
|move|p1a: Weezing|Toxic Spikes|p2a: Thundurus
|-sidestart|p2: Gil_Kenobi|move: Toxic Spikes
|
|upkeep
|turn|14
|
|t:|1758925271
|move|p2a: Thundurus|Discharge|p1a: Weezing
|-damage|p1a: Weezing|50/100
|-status|p1a: Weezing|par
|cant|p1a: Weezing|par
|
|-heal|p1a: Weezing|56/100 par|[from] item: Black Sludge
|upkeep
|turn|15
|
|t:|1758925277
|move|p2a: Thundurus|Discharge|p1a: Weezing
|-damage|p1a: Weezing|0 fnt
|faint|p1a: Weezing
|
|upkeep
|-message|klane middleton forfeited.
|
|win|Gil_Kenobi
|raw|klane middleton's rating: 1198 &rarr; <strong>1178</strong><br />(-20 for losing)
|raw|Gil_Kenobi's rating: 1271 &rarr; <strong>1291</strong><br />(+20 for winning)
|l|☆klane middleton
|player|p1|
|l|☆Gil_Kenobi
|player|p2|
