|j|☆Magikarpmvp
|j|☆LousiV
|t:|1758960417
|gametype|singles
|player|p1|Magikarpmvp|1|1102
|player|p2|LousiV|volkner|1134
|gen|9
|tier|[Gen 9] OU
|rated|
|rule|HP Percentage Mod: HP is shown in percentages
|rule|Endless Battle Clause: Forcing endless battles is banned
|rule|Species Clause: Limit one of each Pokémon
|rule|OHKO Clause: OHKO moves are banned
|rule|Evasion Items Clause: Evasion items are banned
|rule|Evasion Moves Clause: Evasion moves are banned
|rule|Evasion Abilities Clause: Evasion abilities are banned
|rule|Sleep Moves Clause: Sleep-inducing moves are banned
|clearpoke
|poke|p1|Gyarados, F|
|poke|p1|Porygon2|
|poke|p1|Ursaluna, M|
|poke|p1|Amoonguss, F|
|poke|p1|Metagross|
|poke|p1|Araquanid, M|
|poke|p2|Mew|
|poke|p2|Luxray, F|
|poke|p2|Masquerain, F|
|poke|p2|Skarmory, F|
|poke|p2|Heracross, M|
|poke|p2|Exeggutor, M|
|teampreview
|inactive|Battle timer is ON: inactive players will automatically lose when time's up. (requested by LousiV)
|inactive|Magikarpmvp also wants the timer to be on.
|
|t:|1758960434
|teamsize|p1|6
|teamsize|p2|6
|start
|switch|p1a: Ursaluna|Ursaluna, M, shiny|100/100
|switch|p2a: Exeggutor|Exeggutor, M|100/100
|turn|1
|
|t:|1758960442
|move|p2a: Exeggutor|Leech Seed|p1a: Ursaluna
|-start|p1a: Ursaluna|move: Leech Seed
|move|p1a: Ursaluna|Drain Punch|p2a: Exeggutor
|-resisted|p2a: Exeggutor
|-damage|p2a: Exeggutor|91/100
|
|-damage|p1a: Ursaluna|88/100|[from] Leech Seed|[of] p2a: Exeggutor
|-heal|p2a: Exeggutor|100/100|[silent]
|-status|p1a: Ursaluna|brn|[from] item: Flame Orb
|upkeep
|turn|2
|
|t:|1758960449
|move|p2a: Exeggutor|Protect|p2a: Exeggutor
|-singleturn|p2a: Exeggutor|Protect
|move|p1a: Ursaluna|Facade|p2a: Exeggutor
|-activate|p2a: Exeggutor|move: Protect
|
|-damage|p1a: Ursaluna|76/100 brn|[from] Leech Seed|[of] p2a: Exeggutor
|-damage|p1a: Ursaluna|70/100 brn|[from] brn
|upkeep
|turn|3
|
|t:|1758960454
|switch|p1a: Gyarados|Gyarados, F, shiny|100/100
|-ability|p1a: Gyarados|Intimidate|boost
|-unboost|p2a: Exeggutor|atk|1
|move|p2a: Exeggutor|Giga Drain|p1a: Gyarados
|-damage|p1a: Gyarados|80/100
|
|-heal|p1a: Gyarados|87/100|[from] item: Leftovers
|upkeep
|turn|4
|
|t:|1758960459
|move|p2a: Exeggutor|Leech Seed|p1a: Gyarados
|-start|p1a: Gyarados|move: Leech Seed
|move|p1a: Gyarados|Dragon Tail|p2a: Exeggutor
|-damage|p2a: Exeggutor|90/100
|drag|p2a: Masquerain|Masquerain, F|100/100
|-ability|p2a: Masquerain|Intimidate|boost
|-unboost|p1a: Gyarados|atk|1
|
|-heal|p1a: Gyarados|93/100|[from] item: Leftovers
|-damage|p1a: Gyarados|80/100|[from] Leech Seed|[of] p2a: Masquerain
|upkeep
|turn|5
|
|t:|1758960465
|move|p2a: Masquerain|Sticky Web|p1a: Gyarados
|-sidestart|p1: Magikarpmvp|move: Sticky Web
|move|p1a: Gyarados|Thunder Wave|p2a: Masquerain
|-status|p2a: Masquerain|par
|
|-heal|p1a: Gyarados|86/100|[from] item: Leftovers
|-damage|p1a: Gyarados|74/100|[from] Leech Seed|[of] p2a: Masquerain
|upkeep
|turn|6
|
|t:|1758960472
|switch|p1a: Porygon2|Porygon2|100/100
|-activate|p1a: Porygon2|move: Sticky Web
|-unboost|p1a: Porygon2|spe|1
|-ability|p1a: Porygon2|Download|boost
|-boost|p1a: Porygon2|atk|1
|move|p2a: Masquerain|U-turn|p1a: Porygon2
|-damage|p1a: Porygon2|90/100
|
|t:|1758960480
|switch|p2a: Heracross|Heracross, M|100/100|[from] U-turn
|
|-status|p2a: Heracross|brn|[from] item: Flame Orb
|upkeep
|turn|7
|
|t:|1758960484
|move|p2a: Heracross|Trailblaze|p1a: Porygon2
|-damage|p1a: Porygon2|72/100
|-boost|p2a: Heracross|spe|1
|move|p1a: Porygon2|Trick Room|p1a: Porygon2
|-fieldstart|move: Trick Room|[of] p1a: Porygon2
|
|-damage|p2a: Heracross|95/100 brn|[from] brn
|upkeep
|turn|8
|
|t:|1758960492
|switch|p1a: Gyarados|Gyarados, F, shiny|74/100
|-ability|p1a: Gyarados|Intimidate|boost
|-unboost|p2a: Heracross|atk|1
|move|p2a: Heracross|Knock Off|p1a: Gyarados
|-damage|p1a: Gyarados|38/100
|-enditem|p1a: Gyarados|Leftovers|[from] move: Knock Off|[of] p2a: Heracross
|
|-damage|p2a: Heracross|89/100 brn|[from] brn
|upkeep
|turn|9
|
|t:|1758960499
|switch|p2a: Masquerain|Masquerain, F|100/100 par
|-ability|p2a: Masquerain|Intimidate|boost
|-unboost|p1a: Gyarados|atk|1
|move|p1a: Gyarados|Waterfall|p2a: Masquerain
|-damage|p2a: Masquerain|70/100 par
|
|upkeep
|turn|10
|
|t:|1758960505
|move|p1a: Gyarados|Dragon Dance|p1a: Gyarados
|-boost|p1a: Gyarados|atk|1
|-boost|p1a: Gyarados|spe|1
|move|p2a: Masquerain|Whirlwind|p1a: Gyarados
|drag|p1a: Amoonguss|Amoonguss, F, shiny|100/100
|-activate|p1a: Amoonguss|move: Sticky Web
|-unboost|p1a: Amoonguss|spe|1
|
|upkeep
|turn|11
|
|t:|1758960513
|move|p1a: Amoonguss|Hex|p2a: Masquerain
|-damage|p2a: Masquerain|30/100 par
|move|p2a: Masquerain|U-turn|p1a: Amoonguss
|-damage|p1a: Amoonguss|84/100
|
|t:|1758960526
|switch|p2a: Heracross|Heracross, M|89/100 brn|[from] U-turn
|
|-heal|p1a: Amoonguss|90/100|[from] item: Leftovers
|-damage|p2a: Heracross|83/100 brn|[from] brn
|-fieldend|move: Trick Room
|upkeep
|turn|12
|l|☆Magikarpmvp
|inactive|Magikarpmvp disconnected and has a minute to reconnect!
|player|p1|
|j|☆Magikarpmvp
|inactive|Magikarpmvp reconnected and has 125 seconds left.
|player|p1|Magikarpmvp|1|
|inactive|Magikarpmvp has 120 seconds left.
|
|t:|1758960559
|move|p2a: Heracross|Trailblaze|p1a: Amoonguss
|-resisted|p1a: Amoonguss
|-damage|p1a: Amoonguss|84/100
|-boost|p2a: Heracross|spe|1
|move|p1a: Amoonguss|Hex|p2a: Heracross
|-damage|p2a: Heracross|36/100 brn
|
|-heal|p1a: Amoonguss|90/100|[from] item: Leftovers
|-damage|p2a: Heracross|30/100 brn|[from] brn
|upkeep
|turn|13
|
|t:|1758960571
|move|p2a: Heracross|Megahorn|p1a: Amoonguss
|-damage|p1a: Amoonguss|0 fnt
|faint|p1a: Amoonguss
|
|-damage|p2a: Heracross|24/100 brn|[from] brn
|upkeep
|
|t:|1758960579
|switch|p1a: Porygon2|Porygon2|72/100
|-activate|p1a: Porygon2|move: Sticky Web
|-unboost|p1a: Porygon2|spe|1
|-ability|p1a: Porygon2|Download|boost
|-boost|p1a: Porygon2|atk|1
|turn|14
|
|t:|1758960582
|move|p2a: Heracross|Close Combat|p1a: Porygon2
|-supereffective|p1a: Porygon2
|-damage|p1a: Porygon2|0 fnt
|-unboost|p2a: Heracross|def|1
|-unboost|p2a: Heracross|spd|1
|faint|p1a: Porygon2
|
|-damage|p2a: Heracross|18/100 brn|[from] brn
|upkeep
|
|t:|1758960587
|switch|p1a: Gyarados|Gyarados, F, shiny|38/100
|-ability|p1a: Gyarados|Intimidate|boost
|-unboost|p2a: Heracross|atk|1
|turn|15
|
|t:|1758960594
|move|p2a: Heracross|Close Combat|p1a: Gyarados
|-resisted|p1a: Gyarados
|-damage|p1a: Gyarados|8/100
|-unboost|p2a: Heracross|def|1
|-unboost|p2a: Heracross|spd|1
|move|p1a: Gyarados|Dragon Dance|p1a: Gyarados
|-boost|p1a: Gyarados|atk|1
|-boost|p1a: Gyarados|spe|1
|
|-damage|p2a: Heracross|12/100 brn|[from] brn
|upkeep
|turn|16
|
|t:|1758960598
|move|p2a: Heracross|Trailblaze|p1a: Gyarados
|-damage|p1a: Gyarados|0 fnt
|-boost|p2a: Heracross|spe|1
|faint|p1a: Gyarados
|
|-damage|p2a: Heracross|6/100 brn|[from] brn
|upkeep
|
|t:|1758960605
|switch|p1a: Araquanid|Araquanid, M, shiny|100/100
|-activate|p1a: Araquanid|move: Sticky Web
|-unboost|p1a: Araquanid|spe|1
|turn|17
|
|t:|1758960614
|move|p2a: Heracross|Megahorn|p1a: Araquanid
|-damage|p1a: Araquanid|31/100
|move|p1a: Araquanid|Poison Jab|p2a: Heracross
|-damage|p2a: Heracross|0 fnt
|faint|p2a: Heracross
|
|-heal|p1a: Araquanid|38/100|[from] item: Leftovers
|upkeep
|
|t:|1758960627
|switch|p2a: Mew|Mew|100/100
|turn|18
|
|t:|1758960631
|move|p2a: Mew|Scale Shot|p1a: Araquanid
|-damage|p1a: Araquanid|28/100
|-damage|p1a: Araquanid|19/100
|-damage|p1a: Araquanid|10/100
|-damage|p1a: Araquanid|2/100
|-hitcount|p1a: Araquanid|4
|-unboost|p2a: Mew|def|1
|-boost|p2a: Mew|spe|1
|move|p1a: Araquanid|Endeavor|p2a: Mew
|-damage|p2a: Mew|2/100
|
|-heal|p1a: Araquanid|8/100|[from] item: Leftovers
|upkeep
|turn|19
|
|t:|1758960644
|move|p2a: Mew|Rock Blast|p1a: Araquanid
|-supereffective|p1a: Araquanid
|-damage|p1a: Araquanid|0 fnt
|faint|p1a: Araquanid
|-hitcount|p1: Araquanid|1
|
|upkeep
|
|t:|1758960648
|switch|p1a: Metagross|Metagross|100/100
|-activate|p1a: Metagross|move: Sticky Web
|-fail|p1a: Metagross|unboost|[from] ability: Clear Body|[of] p1a: Metagross
|turn|20
|
|t:|1758960660
|move|p2a: Mew|Rock Blast|p1a: Metagross
|-resisted|p1a: Metagross
|-crit|p1a: Metagross
|-damage|p1a: Metagross|96/100
|-resisted|p1a: Metagross
|-damage|p1a: Metagross|93/100
|-resisted|p1a: Metagross
|-damage|p1a: Metagross|89/100
|-resisted|p1a: Metagross
|-damage|p1a: Metagross|86/100
|-hitcount|p1a: Metagross|4
|move|p1a: Metagross|Hammer Arm|p2a: Mew
|-resisted|p2a: Mew
|-damage|p2a: Mew|0 fnt
|-unboost|p1a: Metagross|spe|1
|faint|p2a: Mew
|
|-heal|p1a: Metagross|93/100|[from] item: Leftovers
|upkeep
|
|t:|1758960662
|switch|p2a: Skarmory|Skarmory, F|100/100
|turn|21
|
|t:|1758960669
|move|p2a: Skarmory|Swords Dance|p2a: Skarmory
|-boost|p2a: Skarmory|atk|2
|move|p1a: Metagross|Stone Edge|p2a: Skarmory
|-damage|p2a: Skarmory|66/100
|-ability|p2a: Skarmory|Weak Armor|boost
|-unboost|p2a: Skarmory|def|1
|-boost|p2a: Skarmory|spe|2
|
|-heal|p1a: Metagross|99/100|[from] item: Leftovers
|upkeep
|turn|22
|
|t:|1758960679
|move|p2a: Skarmory|Swords Dance|p2a: Skarmory
|-boost|p2a: Skarmory|atk|2
|move|p1a: Metagross|Stone Edge|p2a: Skarmory
|-damage|p2a: Skarmory|14/100
|-ability|p2a: Skarmory|Weak Armor|boost
|-unboost|p2a: Skarmory|def|1
|-boost|p2a: Skarmory|spe|2
|
|-heal|p1a: Metagross|100/100|[from] item: Leftovers
|upkeep
|turn|23
|
|t:|1758960688
|move|p2a: Skarmory|Drill Run|p1a: Metagross
|-supereffective|p1a: Metagross
|-damage|p1a: Metagross|7/100
|move|p1a: Metagross|Hammer Arm|p2a: Skarmory
|-damage|p2a: Skarmory|0 fnt
|-unboost|p1a: Metagross|spe|1
|faint|p2a: Skarmory
|
|-heal|p1a: Metagross|13/100|[from] item: Leftovers
|upkeep
|
|t:|1758960700
|switch|p2a: Luxray|Luxray, F|100/100
|-ability|p2a: Luxray|Intimidate|boost
|-fail|p1a: Metagross|unboost|[from] ability: Clear Body|[of] p1a: Metagross
|turn|24
|
|t:|1758960704
|move|p2a: Luxray|Play Rough|p1a: Metagross
|-resisted|p1a: Metagross
|-damage|p1a: Metagross|0 fnt
|faint|p1a: Metagross
|
|upkeep
|
|t:|1758960710
|switch|p1a: Ursaluna|Ursaluna, M, shiny|70/100 brn
|-activate|p1a: Ursaluna|move: Sticky Web
|-unboost|p1a: Ursaluna|spe|1
|turn|25
|
|t:|1758960714
|-terastallize|p2a: Luxray|Fairy
|move|p2a: Luxray|Play Rough|p1a: Ursaluna
|-damage|p1a: Ursaluna|14/100 brn
|move|p1a: Ursaluna|Facade|p2a: Luxray
|-damage|p2a: Luxray|0 fnt
|faint|p2a: Luxray
|
|-damage|p1a: Ursaluna|8/100 brn|[from] brn
|upkeep
|
|t:|1758960719
|switch|p2a: Masquerain|Masquerain, F|30/100 par
|-ability|p2a: Masquerain|Intimidate|boost
|-unboost|p1a: Ursaluna|atk|1
|turn|26
|
|t:|1758960721
|move|p2a: Masquerain|Aqua Jet|p1a: Ursaluna
|-supereffective|p1a: Ursaluna
|-damage|p1a: Ursaluna|0 fnt
|faint|p1a: Ursaluna
|
|win|LousiV
|raw|Magikarpmvp's rating: 1102 &rarr; <strong>1079</strong><br />(-23 for losing)
|raw|LousiV's rating: 1134 &rarr; <strong>1157</strong><br />(+23 for winning)
|l|☆Magikarpmvp
|player|p1|
|l|☆LousiV
|player|p2|
