|j|☆bellumacademy
|j|☆karrumi
|t:|1759034750
|gametype|singles
|player|p1|bellumacademy|elesa|1254
|player|p2|karrumi|janitor|1319
|gen|9
|tier|[Gen 9] OU
|rated|
|rule|HP Percentage Mod: HP is shown in percentages
|rule|Endless Battle Clause: Forcing endless battles is banned
|rule|Species Clause: Limit one of each Pokémon
|rule|OHKO Clause: OHKO moves are banned
|rule|Evasion Items Clause: Evasion items are banned
|rule|Evasion Moves Clause: Evasion moves are banned
|rule|Evasion Abilities Clause: Evasion abilities are banned
|rule|Sleep Moves Clause: Sleep-inducing moves are banned
|clearpoke
|poke|p1|Pelipper, F|
|poke|p1|Hatterene, F|
|poke|p1|Iron Treads|
|poke|p1|Toxicroak, F|
|poke|p1|Barraskewda, F|
|poke|p1|Zapdos|
|poke|p2|Araquanid, F|
|poke|p2|Great Tusk|
|poke|p2|Chansey, F|
|poke|p2|Pecharunt|
|poke|p2|Corviknight, F|
|poke|p2|Raging Bolt|
|teampreview
|inactive|Battle timer is ON: inactive players will automatically lose when time's up. (requested by karrumi)
|
|t:|1759034772
|teamsize|p1|6
|teamsize|p2|6
|start
|switch|p1a: Pelipper|Pelipper, F|100/100
|switch|p2a: Araquanid|Araquanid, F, shiny|100/100
|-weather|RainDance|[from] ability: Drizzle|[of] p1a: Pelipper
|turn|1
|inactive|bellumacademy has 120 seconds left.
|
|t:|1759034812
|switch|p1a: Hatterene|Hatterene, F|100/100
|move|p2a: Araquanid|Liquidation|p1a: Hatterene
|-damage|p1a: Hatterene|11/100
|-enditem|p1a: Hatterene|Eject Button
|
|t:|1759034820
|switch|p1a: Zapdos|Zapdos|100/100
|
|-weather|RainDance|[upkeep]
|upkeep
|turn|2
|
|t:|1759034824
|move|p1a: Zapdos|Hurricane|p2a: Araquanid
|-supereffective|p2a: Araquanid
|-damage|p2a: Araquanid|16/100
|-start|p2a: Araquanid|confusion
|-activate|p2a: Araquanid|confusion
|move|p2a: Araquanid|Liquidation|p1a: Zapdos
|-damage|p1a: Zapdos|0 fnt
|-status|p2a: Araquanid|par|[from] ability: Static|[of] p1a: Zapdos
|faint|p1a: Zapdos
|
|-weather|RainDance|[upkeep]
|upkeep
|inactive|bellumacademy has 120 seconds left.
|
|t:|1759034835
|switch|p1a: Barraskewda|Barraskewda, F|100/100
|turn|3
|
|t:|1759034838
|move|p1a: Barraskewda|Flip Turn|p2a: Araquanid
|-resisted|p2a: Araquanid
|-damage|p2a: Araquanid|0 fnt
|faint|p2a: Araquanid
|inactive|bellumacademy has 120 seconds left.
|
|t:|1759034851
|switch|p1a: Toxicroak|Toxicroak, F, shiny|100/100|[from] Flip Turn
|
|-weather|RainDance|[upkeep]
|upkeep
|
|t:|1759034871
|switch|p2a: Pecharunt|Pecharunt|100/100
|turn|4
|
|t:|1759034881
|move|p1a: Toxicroak|Knock Off|p2a: Pecharunt
|-supereffective|p2a: Pecharunt
|-damage|p2a: Pecharunt|80/100
|-enditem|p2a: Pecharunt|Leftovers|[from] move: Knock Off|[of] p1a: Toxicroak
|move|p2a: Pecharunt|Curse|p1a: Toxicroak
|-start|p1a: Toxicroak|Curse|[of] p2a: Pecharunt
|-damage|p2a: Pecharunt|30/100
|
|-weather|RainDance|[upkeep]
|-damage|p1a: Toxicroak|76/100|[from] Curse
|upkeep
|turn|5
|
|t:|1759034895
|move|p1a: Toxicroak|Encore|p2a: Pecharunt
|-start|p2a: Pecharunt|Encore
|move|p2a: Pecharunt|Curse||[still]
|-fail|p2a: Pecharunt
|
|-weather|RainDance|[upkeep]
|-heal|p1a: Toxicroak|88/100|[from] ability: Dry Skin
|-damage|p1a: Toxicroak|63/100|[from] Curse
|upkeep
|turn|6
|
|t:|1759034908
|switch|p1a: Iron Treads|Iron Treads|100/100
|switch|p2a: Corviknight|Corviknight, F|100/100
|
|-weather|RainDance|[upkeep]
|upkeep
|turn|7
|
|t:|1759034919
|move|p1a: Iron Treads|Stealth Rock|p2a: Corviknight
|-sidestart|p2: karrumi|move: Stealth Rock
|move|p2a: Corviknight|Bulk Up|p2a: Corviknight
|-boost|p2a: Corviknight|atk|1
|-boost|p2a: Corviknight|def|1
|
|-weather|RainDance|[upkeep]
|upkeep
|turn|8
|
|t:|1759034925
|move|p1a: Iron Treads|Volt Switch|p2a: Corviknight
|-supereffective|p2a: Corviknight
|-crit|p2a: Corviknight
|-damage|p2a: Corviknight|74/100
|
|t:|1759034929
|-end|p1a: Iron Treads|Quark Drive|[silent]
|switch|p1a: Barraskewda|Barraskewda, F|100/100|[from] Volt Switch
|move|p2a: Corviknight|Body Press|p1a: Barraskewda
|-damage|p1a: Barraskewda|40/100
|
|-weather|none
|upkeep
|turn|9
|
|t:|1759034941
|-terastallize|p1a: Barraskewda|Water
|move|p1a: Barraskewda|Liquidation|p2a: Corviknight
|-damage|p2a: Corviknight|25/100
|-damage|p1a: Barraskewda|23/100|[from] item: Rocky Helmet|[of] p2a: Corviknight
|move|p2a: Corviknight|Body Press|p1a: Barraskewda
|-damage|p1a: Barraskewda|0 fnt
|faint|p1a: Barraskewda
|
|upkeep
|
|t:|1759034950
|switch|p1a: Pelipper|Pelipper, F|100/100
|-weather|RainDance|[from] ability: Drizzle|[of] p1a: Pelipper
|turn|10
|
|t:|1759034961
|switch|p1a: Toxicroak|Toxicroak, F, shiny|63/100
|move|p2a: Corviknight|Defog|p1a: Toxicroak
|-unboost|p1a: Toxicroak|evasion|1
|-sideend|p2: karrumi|Stealth Rock|[from] move: Defog|[of] p2a: Corviknight
|
|-weather|RainDance|[upkeep]
|-heal|p1a: Toxicroak|76/100|[from] ability: Dry Skin
|upkeep
|turn|11
|
|t:|1759034969
|move|p1a: Toxicroak|Knock Off|p2a: Corviknight
|-damage|p2a: Corviknight|13/100
|-damage|p1a: Toxicroak|59/100|[from] item: Rocky Helmet|[of] p2a: Corviknight
|-enditem|p2a: Corviknight|Rocky Helmet|[from] move: Knock Off|[of] p1a: Toxicroak
|move|p2a: Corviknight|Bulk Up|p2a: Corviknight
|-boost|p2a: Corviknight|atk|1
|-boost|p2a: Corviknight|def|1
|
|-weather|RainDance|[upkeep]
|-heal|p1a: Toxicroak|72/100|[from] ability: Dry Skin
|upkeep
|turn|12
|
|t:|1759034979
|move|p1a: Toxicroak|Drain Punch|p2a: Corviknight
|-damage|p2a: Corviknight|3/100
|-heal|p1a: Toxicroak|77/100|[from] drain|[of] p2a: Corviknight
|move|p2a: Corviknight|Roost|p2a: Corviknight
|-heal|p2a: Corviknight|53/100
|-singleturn|p2a: Corviknight|move: Roost
|
|-weather|RainDance|[upkeep]
|-heal|p1a: Toxicroak|90/100|[from] ability: Dry Skin
|upkeep
|turn|13
|
|t:|1759034991
|move|p1a: Toxicroak|Encore|p2a: Corviknight
|-start|p2a: Corviknight|Encore
|move|p2a: Corviknight|Roost|p2a: Corviknight
|-heal|p2a: Corviknight|100/100
|-singleturn|p2a: Corviknight|move: Roost
|
|-weather|RainDance|[upkeep]
|-heal|p1a: Toxicroak|100/100|[from] ability: Dry Skin
|upkeep
|turn|14
|
|t:|1759035002
|switch|p1a: Iron Treads|Iron Treads|100/100
|switch|p2a: Pecharunt|Pecharunt|30/100
|
|-weather|RainDance|[upkeep]
|upkeep
|turn|15
|l|☆bellumacademy
|inactive|bellumacademy disconnected and has a minute to reconnect!
|player|p1|
|inactive|bellumacademy has 30 seconds to reconnect!
|inactive|bellumacademy has 20 seconds to reconnect!
|inactive|bellumacademy has 15 seconds to reconnect!
|inactive|bellumacademy has 10 seconds to reconnect!
|inactive|bellumacademy has 5 seconds to reconnect!
|-message|bellumacademy lost due to inactivity.
|
|win|karrumi
|raw|bellumacademy's rating: 1254 &rarr; <strong>1234</strong><br />(-20 for losing)
|raw|karrumi's rating: 1319 &rarr; <strong>1335</strong><br />(+16 for winning)
|l|☆karrumi
|player|p2|
