|j|☆ggcg
|j|☆digiwayne003
|t:|1759034762
|gametype|singles
|player|p1|ggcg|102|1550
|player|p2|digiwayne003|beauty|1520
|gen|9
|tier|[Gen 9] OU
|rated|
|rule|HP Percentage Mod: HP is shown in percentages
|rule|Endless Battle Clause: Forcing endless battles is banned
|rule|Species Clause: Limit one of each Pokémon
|rule|OHKO Clause: OHKO moves are banned
|rule|Evasion Items Clause: Evasion items are banned
|rule|Evasion Moves Clause: Evasion moves are banned
|rule|Evasion Abilities Clause: Evasion abilities are banned
|rule|Sleep Moves Clause: Sleep-inducing moves are banned
|clearpoke
|poke|p1|Iron Valiant|
|poke|p1|Meowscarada, M|
|poke|p1|Ursaluna, M|
|poke|p1|Iron Moth|
|poke|p1|Keldeo-Resolute|
|poke|p1|Corviknight, F|
|poke|p2|Armarouge, M|
|poke|p2|Indeedee, M|
|poke|p2|Deoxys-Speed|
|poke|p2|Volcanion|
|poke|p2|Ting-Lu|
|poke|p2|Great Tusk|
|teampreview
|inactive|Battle timer is ON: inactive players will automatically lose when time's up. (requested by ggcg)
|
|t:|1759034773
|teamsize|p1|6
|teamsize|p2|6
|start
|switch|p1a: Meowscarada|Meowscarada, M|100/100
|switch|p2a: Ting-Lu|Ting-Lu|100/100
|-ability|p2a: Ting-Lu|Vessel of Ruin
|turn|1
|
|t:|1759034782
|move|p1a: Meowscarada|Flower Trick|p2a: Ting-Lu
|-start|p1a: Meowscarada|typechange|Grass|[from] ability: Protean
|-supereffective|p2a: Ting-Lu
|-crit|p2a: Ting-Lu
|-damage|p2a: Ting-Lu|51/100
|move|p2a: Ting-Lu|Stealth Rock|p1a: Meowscarada
|-sidestart|p1: ggcg|move: Stealth Rock
|
|-heal|p2a: Ting-Lu|57/100|[from] item: Leftovers
|upkeep
|turn|2
|
|t:|1759034793
|move|p1a: Meowscarada|Flower Trick|p2a: Ting-Lu
|-supereffective|p2a: Ting-Lu
|-crit|p2a: Ting-Lu
|-damage|p2a: Ting-Lu|12/100
|move|p2a: Ting-Lu|Ruination|p1a: Meowscarada
|-damage|p1a: Meowscarada|51/100
|
|-heal|p2a: Ting-Lu|18/100|[from] item: Leftovers
|upkeep
|turn|3
|
|t:|1759034803
|move|p1a: Meowscarada|Flower Trick|p2a: Ting-Lu
|-supereffective|p2a: Ting-Lu
|-crit|p2a: Ting-Lu
|-damage|p2a: Ting-Lu|0 fnt
|faint|p2a: Ting-Lu
|
|upkeep
|
|t:|1759034813
|switch|p2a: Indeedee|Indeedee, M|100/100
|-fieldstart|move: Psychic Terrain|[from] ability: Psychic Surge|[of] p2a: Indeedee
|turn|4
|
|t:|1759034819
|switch|p1a: Corviknight|Corviknight, F|100/100
|-damage|p1a: Corviknight|88/100|[from] Stealth Rock
|-ability|p1a: Corviknight|Pressure
|switch|p2a: Great Tusk|Great Tusk|100/100
|-enditem|p2a: Great Tusk|Booster Energy
|-activate|p2a: Great Tusk|ability: Protosynthesis|[fromitem]
|-start|p2a: Great Tusk|protosynthesisspe
|
|upkeep
|turn|5
|
|t:|1759034838
|move|p2a: Great Tusk|Bulk Up|p2a: Great Tusk
|-boost|p2a: Great Tusk|atk|1
|-boost|p2a: Great Tusk|def|1
|move|p1a: Corviknight|Brave Bird|p2a: Great Tusk
|-supereffective|p2a: Great Tusk
|-damage|p2a: Great Tusk|67/100
|-damage|p1a: Corviknight|77/100|[from] Recoil
|
|upkeep
|turn|6
|
|t:|1759034848
|move|p2a: Great Tusk|Bulk Up|p2a: Great Tusk
|-boost|p2a: Great Tusk|atk|1
|-boost|p2a: Great Tusk|def|1
|move|p1a: Corviknight|Defog|p2a: Great Tusk
|-unboost|p2a: Great Tusk|evasion|1
|-sideend|p1: ggcg|Stealth Rock|[from] move: Defog|[of] p1a: Corviknight
|-fieldend|move: Psychic Terrain
|
|upkeep
|turn|7
|
|t:|1759034857
|move|p2a: Great Tusk|Rapid Spin|p1a: Corviknight
|-resisted|p1a: Corviknight
|-damage|p1a: Corviknight|68/100
|-boost|p2a: Great Tusk|spe|1
|-damage|p2a: Great Tusk|50/100|[from] item: Rocky Helmet|[of] p1a: Corviknight
|move|p1a: Corviknight|U-turn|p2a: Great Tusk
|-resisted|p2a: Great Tusk
|-damage|p2a: Great Tusk|48/100
|
|t:|1759034869
|switch|p1a: Keldeo|Keldeo-Resolute|100/100|[from] U-turn
|
|upkeep
|turn|8
|
|t:|1759034874
|move|p1a: Keldeo|Vacuum Wave|p2a: Great Tusk
|-damage|p2a: Great Tusk|12/100
|move|p2a: Great Tusk|Headlong Rush|p1a: Keldeo
|-damage|p1a: Keldeo|0 fnt
|-unboost|p2a: Great Tusk|def|1
|-unboost|p2a: Great Tusk|spd|1
|faint|p1a: Keldeo
|
|upkeep
|
|t:|1759034884
|switch|p1a: Corviknight|Corviknight, F|68/100
|-ability|p1a: Corviknight|Pressure
|turn|9
|
|t:|1759034892
|move|p2a: Great Tusk|Ice Spinner|p1a: Corviknight
|-damage|p1a: Corviknight|42/100
|-damage|p2a: Great Tusk|0 fnt|[from] item: Rocky Helmet|[of] p1a: Corviknight
|faint|p2a: Great Tusk
|-end|p2a: Great Tusk|Protosynthesis|[silent]
|move|p1a: Corviknight|Brave Bird|p2: Great Tusk|[notarget]
|-fail|p1a: Corviknight
|
|upkeep
|
|t:|1759034897
|switch|p2a: Indeedee|Indeedee, M|100/100
|-fieldstart|move: Psychic Terrain|[from] ability: Psychic Surge|[of] p2a: Indeedee
|turn|10
|
|t:|1759034919
|switch|p2a: Volcanion|Volcanion|100/100
|move|p1a: Corviknight|Roost|p1a: Corviknight
|-heal|p1a: Corviknight|92/100
|-singleturn|p1a: Corviknight|move: Roost
|
|upkeep
|turn|11
|inactive|ggcg has 120 seconds left.
|
|t:|1759034940
|-terastallize|p1a: Corviknight|Water
|move|p2a: Volcanion|Steam Eruption|p1a: Corviknight
|-resisted|p1a: Corviknight
|-damage|p1a: Corviknight|63/100
|-status|p1a: Corviknight|brn
|move|p1a: Corviknight|Brave Bird|p2a: Volcanion
|-damage|p2a: Volcanion|87/100
|-damage|p1a: Corviknight|59/100 brn|[from] Recoil
|
|-damage|p1a: Corviknight|53/100 brn|[from] brn
|upkeep
|turn|12
|inactive|ggcg has 120 seconds left.
|
|t:|1759034954
|move|p2a: Volcanion|Earth Power|p1a: Corviknight
|-damage|p1a: Corviknight|24/100 brn
|move|p1a: Corviknight|Roost|p1a: Corviknight
|-heal|p1a: Corviknight|74/100 brn
|
|-damage|p1a: Corviknight|68/100 brn|[from] brn
|upkeep
|turn|13
|
|t:|1759034964
|move|p2a: Volcanion|Earth Power|p1a: Corviknight
|-damage|p1a: Corviknight|35/100 brn
|move|p1a: Corviknight|U-turn|p2a: Volcanion
|-resisted|p2a: Volcanion
|-damage|p2a: Volcanion|85/100
|inactive|ggcg has 120 seconds left.
|
|t:|1759034976
|switch|p1a: Iron Valiant|Iron Valiant|100/100|[from] U-turn
|-enditem|p1a: Iron Valiant|Booster Energy
|-activate|p1a: Iron Valiant|ability: Quark Drive|[fromitem]
|-start|p1a: Iron Valiant|quarkdrivespe
|
|upkeep
|turn|14
|inactive|ggcg has 120 seconds left.
|
|t:|1759034987
|move|p1a: Iron Valiant|Encore|p2a: Volcanion
|-start|p2a: Volcanion|Encore
|move|p2a: Volcanion|Earth Power|p1a: Iron Valiant
|-damage|p1a: Iron Valiant|44/100
|
|upkeep
|turn|15
|
|t:|1759034994
|move|p1a: Iron Valiant|Close Combat|p2a: Volcanion
|-damage|p2a: Volcanion|46/100
|-unboost|p1a: Iron Valiant|def|1
|-unboost|p1a: Iron Valiant|spd|1
|move|p2a: Volcanion|Earth Power|p1a: Iron Valiant
|-damage|p1a: Iron Valiant|0 fnt
|faint|p1a: Iron Valiant
|-end|p1a: Iron Valiant|Quark Drive|[silent]
|
|upkeep
|inactive|ggcg has 120 seconds left.
|
|t:|1759035005
|switch|p1a: Meowscarada|Meowscarada, M|51/100
|turn|16
|
|t:|1759035010
|switch|p2a: Armarouge|Armarouge, M|100/100
|move|p1a: Meowscarada|Flower Trick|p2a: Armarouge
|-start|p1a: Meowscarada|typechange|Grass|[from] ability: Protean
|-resisted|p2a: Armarouge
|-crit|p2a: Armarouge
|-damage|p2a: Armarouge|73/100
|-ability|p2a: Armarouge|Weak Armor|boost
|-unboost|p2a: Armarouge|def|1
|-boost|p2a: Armarouge|spe|2
|
|upkeep
|turn|17
|j| frit
|
|t:|1759035023
|switch|p1a: Corviknight|Corviknight, F, tera:Water|35/100 brn
|-ability|p1a: Corviknight|Pressure
|move|p2a: Armarouge|Expanding Force|p1a: Corviknight
|-damage|p1a: Corviknight|0 fnt
|faint|p1a: Corviknight
|
|-fieldend|move: Psychic Terrain
|upkeep
|l| frit
|
|t:|1759035033
|switch|p1a: Ursaluna|Ursaluna, M|100/100
|turn|18
|
|t:|1759035039
|move|p2a: Armarouge|Armor Cannon|p1a: Ursaluna
|-damage|p1a: Ursaluna|45/100
|-unboost|p2a: Armarouge|def|1
|-unboost|p2a: Armarouge|spd|1
|move|p1a: Ursaluna|Earthquake|p2a: Armarouge
|-supereffective|p2a: Armarouge
|-damage|p2a: Armarouge|0 fnt
|faint|p2a: Armarouge
|
|-status|p1a: Ursaluna|brn|[from] item: Flame Orb
|upkeep
|
|t:|1759035044
|switch|p2a: Indeedee|Indeedee, M|100/100
|-fieldstart|move: Psychic Terrain|[from] ability: Psychic Surge|[of] p2a: Indeedee
|turn|19
|
|t:|1759035057
|switch|p1a: Meowscarada|Meowscarada, M|51/100
|move|p2a: Indeedee|Healing Wish|p2a: Indeedee
|faint|p2a: Indeedee
|
|upkeep
|
|t:|1759035062
|switch|p2a: Volcanion|Volcanion|46/100
|-heal|p2a: Volcanion|100/100|[from] move: Healing Wish
|turn|20
|inactive|ggcg has 120 seconds left.
|
|t:|1759035120
|move|p1a: Meowscarada|Flower Trick|p2a: Volcanion
|-start|p1a: Meowscarada|typechange|Grass|[from] ability: Protean
|-crit|p2a: Volcanion
|-damage|p2a: Volcanion|68/100
|move|p2a: Volcanion|Flamethrower|p1a: Meowscarada
|-supereffective|p1a: Meowscarada
|-damage|p1a: Meowscarada|0 fnt
|faint|p1a: Meowscarada
|
|upkeep
|inactive|ggcg has 90 seconds left.
|
|t:|1759035131
|switch|p1a: Iron Moth|Iron Moth|100/100
|-enditem|p1a: Iron Moth|Booster Energy
|-activate|p1a: Iron Moth|ability: Quark Drive|[fromitem]
|-start|p1a: Iron Moth|quarkdrivespe
|turn|21
|
|t:|1759035137
|move|p1a: Iron Moth|Sludge Wave|p2a: Volcanion
|-damage|p2a: Volcanion|30/100
|-status|p2a: Volcanion|psn
|move|p2a: Volcanion|Earth Power|p1a: Iron Moth
|-supereffective|p1a: Iron Moth
|-damage|p1a: Iron Moth|0 fnt
|faint|p1a: Iron Moth
|-end|p1a: Iron Moth|Quark Drive|[silent]
|
|-damage|p2a: Volcanion|17/100 psn|[from] psn
|upkeep
|inactive|ggcg has 90 seconds left.
|
|t:|1759035148
|switch|p1a: Ursaluna|Ursaluna, M|45/100 brn
|turn|22
|
|t:|1759035156
|move|p2a: Volcanion|Steam Eruption|p1a: Ursaluna
|-supereffective|p1a: Ursaluna
|-damage|p1a: Ursaluna|0 fnt
|faint|p1a: Ursaluna
|
|win|digiwayne003
|raw|ggcg's rating: 1550 &rarr; <strong>1528</strong><br />(-22 for losing)
|raw|digiwayne003's rating: 1520 &rarr; <strong>1542</strong><br />(+22 for winning)
|c|☆ggcg|Gg
|l|☆ggcg
|player|p1|
|l|☆digiwayne003
|player|p2|
