|j|☆TheTired
|j|☆hungrymane
|t:|1758918326
|gametype|singles
|player|p1|TheTired|colress|1744
|player|p2|hungrymane|169|1825
|gen|9
|tier|[Gen 9] OU
|rated|
|rule|HP Percentage Mod: HP is shown in percentages
|rule|Endless Battle Clause: Forcing endless battles is banned
|rule|Species Clause: Limit one of each Pokémon
|rule|OHKO Clause: OHKO moves are banned
|rule|Evasion Items Clause: Evasion items are banned
|rule|Evasion Moves Clause: Evasion moves are banned
|rule|Evasion Abilities Clause: Evasion abilities are banned
|rule|Sleep Moves Clause: Sleep-inducing moves are banned
|clearpoke
|poke|p1|Indeedee, M|
|poke|p1|Hatterene, F|
|poke|p1|Ursaluna, F|
|poke|p1|Iron Hands|
|poke|p1|Hoopa-Unbound|
|poke|p1|Mimikyu, F|
|poke|p2|Torkoal, M|
|poke|p2|Whimsicott, M|
|poke|p2|Cinderace, F|
|poke|p2|Walking Wake|
|poke|p2|Sandy Shocks|
|poke|p2|Great Tusk|
|teampreview
|
|t:|1758918343
|teamsize|p1|6
|teamsize|p2|6
|start
|switch|p1a: Indeedee|Indeedee, M, shiny|100/100
|switch|p2a: Torkoal|Torkoal, M|100/100
|-fieldstart|move: Psychic Terrain|[from] ability: Psychic Surge|[of] p1a: Indeedee
|-weather|SunnyDay|[from] ability: Drought|[of] p2a: Torkoal
|turn|1
|
|t:|1758918346
|move|p1a: Indeedee|Expanding Force|p2a: Torkoal
|-damage|p2a: Torkoal|47/100
|move|p2a: Torkoal|Stealth Rock|p1a: Indeedee
|-sidestart|p1: TheTired|move: Stealth Rock
|
|-weather|SunnyDay|[upkeep]
|upkeep
|turn|2
|inactive|Battle timer is ON: inactive players will automatically lose when time's up. (requested by TheTired)
|
|t:|1758918356
|switch|p2a: Cinderace|Cinderace, F|100/100
|move|p1a: Indeedee|Expanding Force|p2a: Cinderace
|-damage|p2a: Cinderace|33/100
|
|-weather|SunnyDay|[upkeep]
|upkeep
|turn|3
|
|t:|1758918363
|-terastallize|p2a: Cinderace|Fire
|move|p2a: Cinderace|Flame Charge|p1a: Indeedee
|-damage|p1a: Indeedee|18/100
|-boost|p2a: Cinderace|spe|1
|move|p1a: Indeedee|Trick Room|p1a: Indeedee
|-fieldstart|move: Trick Room|[of] p1a: Indeedee
|
|-weather|SunnyDay|[upkeep]
|upkeep
|turn|4
|j| a jellyfish
|l| a jellyfish
|
|t:|1758918391
|switch|p2a: Walking Wake|Walking Wake|100/100
|-activate|p2a: Walking Wake|ability: Protosynthesis
|-start|p2a: Walking Wake|protosynthesisspa
|move|p1a: Indeedee|Expanding Force|p2a: Walking Wake
|-damage|p2a: Walking Wake|44/100
|
|-weather|SunnyDay|[upkeep]
|upkeep
|turn|5
|
|t:|1758918397
|move|p1a: Indeedee|Expanding Force|p2a: Walking Wake
|-damage|p2a: Walking Wake|0 fnt
|faint|p2a: Walking Wake
|-end|p2a: Walking Wake|Protosynthesis|[silent]
|
|-weather|SunnyDay|[upkeep]
|upkeep
|
|t:|1758918399
|switch|p2a: Torkoal|Torkoal, M|47/100
|turn|6
|
|t:|1758918402
|switch|p1a: Hoopa|Hoopa-Unbound|100/100
|-damage|p1a: Hoopa|88/100|[from] Stealth Rock
|-enditem|p1a: Hoopa|Psychic Seed
|-boost|p1a: Hoopa|spd|1|[from] item: Psychic Seed
|move|p2a: Torkoal|Lava Plume|p1a: Hoopa
|-damage|p1a: Hoopa|70/100
|
|-weather|SunnyDay|[upkeep]
|upkeep
|turn|7
|
|t:|1758918419
|switch|p2a: Sandy Shocks|Sandy Shocks|100/100
|-activate|p2a: Sandy Shocks|ability: Protosynthesis
|-start|p2a: Sandy Shocks|protosynthesisspa
|move|p1a: Hoopa|Expanding Force|p2a: Sandy Shocks
|-damage|p2a: Sandy Shocks|0 fnt
|faint|p2a: Sandy Shocks
|-end|p2a: Sandy Shocks|Protosynthesis|[silent]
|-item|p1a: Hoopa|Choice Specs|[from] ability: Magician|[of] p2: Sandy Shocks
|
|-weather|SunnyDay|[upkeep]
|-fieldend|move: Trick Room
|upkeep
|
|t:|1758918422
|switch|p2a: Whimsicott|Whimsicott, M|100/100
|turn|8
|
|t:|1758918436
|move|p2a: Whimsicott|U-turn|p1a: Hoopa
|-supereffective|p1a: Hoopa
|-damage|p1a: Hoopa|21/100
|
|t:|1758918439
|switch|p2a: Torkoal|Torkoal, M|47/100|[from] U-turn
|move|p1a: Hoopa|Trick Room|p1a: Hoopa
|-fieldstart|move: Trick Room|[of] p1a: Hoopa
|
|-weather|none
|-fieldend|move: Psychic Terrain
|upkeep
|turn|9
|j| a jellyfish
|
|t:|1758918451
|switch|p1a: Indeedee|Indeedee, M, shiny|18/100
|-damage|p1a: Indeedee|6/100|[from] Stealth Rock
|-fieldstart|move: Psychic Terrain|[from] ability: Psychic Surge|[of] p1a: Indeedee
|move|p2a: Torkoal|Sunny Day|p2a: Torkoal
|-weather|SunnyDay
|
|-weather|SunnyDay|[upkeep]
|upkeep
|turn|10
|l| a jellyfish
|
|t:|1758918461
|switch|p1a: Hatterene|Hatterene, F, shiny|100/100
|-damage|p1a: Hatterene|88/100|[from] Stealth Rock
|move|p2a: Torkoal|Lava Plume|p1a: Hatterene
|-damage|p1a: Hatterene|48/100
|
|-weather|SunnyDay|[upkeep]
|upkeep
|turn|11
|
|t:|1758918465
|move|p2a: Torkoal|Lava Plume|p1a: Hatterene
|-damage|p1a: Hatterene|8/100
|move|p1a: Hatterene|Expanding Force|p2a: Torkoal
|-damage|p2a: Torkoal|0 fnt
|faint|p2a: Torkoal
|-damage|p1a: Hatterene|0 fnt|[from] item: Life Orb
|faint|p1a: Hatterene
|
|-weather|SunnyDay|[upkeep]
|upkeep
|
|t:|1758918473
|switch|p2a: Whimsicott|Whimsicott, M|100/100
|switch|p1a: Hoopa|Hoopa-Unbound|21/100
|-damage|p1a: Hoopa|9/100|[from] Stealth Rock
|turn|12
|
|t:|1758918477
|move|p1a: Hoopa|Expanding Force|p2a: Whimsicott
|-damage|p2a: Whimsicott|0 fnt
|faint|p2a: Whimsicott
|
|-weather|SunnyDay|[upkeep]
|-fieldend|move: Trick Room
|upkeep
|
|t:|1758918478
|switch|p2a: Cinderace|Cinderace, F, tera:Fire|33/100
|turn|13
|
|t:|1758918482
|move|p2a: Cinderace|Flame Charge|p1a: Hoopa
|-damage|p1a: Hoopa|0 fnt
|-boost|p2a: Cinderace|spe|1
|faint|p1a: Hoopa
|
|-weather|SunnyDay|[upkeep]
|upkeep
|
|t:|1758918486
|switch|p1a: Mimikyu|Mimikyu, F, shiny|100/100
|-damage|p1a: Mimikyu|88/100|[from] Stealth Rock
|turn|14
|
|t:|1758918489
|move|p2a: Cinderace|Flame Charge|p1a: Mimikyu
|-activate|p1a: Mimikyu|ability: Disguise
|-damage|p1a: Mimikyu|88/100
|-boost|p2a: Cinderace|spe|1
|detailschange|p1a: Mimikyu|Mimikyu-Busted, F, shiny
|-damage|p1a: Mimikyu|76/100|[from] pokemon: Mimikyu-Busted
|-enditem|p1a: Mimikyu|Red Card|[of] p2a: Cinderace
|drag|p2a: Great Tusk|Great Tusk|100/100
|-activate|p2a: Great Tusk|ability: Protosynthesis
|-start|p2a: Great Tusk|protosynthesisdef
|move|p1a: Mimikyu|Trick Room|p1a: Mimikyu
|-fieldstart|move: Trick Room|[of] p1a: Mimikyu
|
|-weather|SunnyDay|[upkeep]
|upkeep
|turn|15
|
|t:|1758918501
|switch|p1a: Indeedee|Indeedee, M, shiny|6/100
|-damage|p1a: Indeedee|0 fnt|[from] Stealth Rock
|faint|p1a: Indeedee
|move|p2a: Great Tusk|Headlong Rush|p1: Indeedee|[notarget]
|-fail|p2a: Great Tusk
|
|-weather|SunnyDay|[upkeep]
|upkeep
|
|t:|1758918511
|switch|p1a: Ursaluna|Ursaluna, F, shiny|100/100
|-damage|p1a: Ursaluna|94/100|[from] Stealth Rock
|turn|16
|
|t:|1758918519
|move|p1a: Ursaluna|Facade|p2a: Great Tusk
|-damage|p2a: Great Tusk|80/100
|move|p2a: Great Tusk|Body Press|p1a: Ursaluna
|-supereffective|p1a: Ursaluna
|-crit|p1a: Ursaluna
|-damage|p1a: Ursaluna|13/100
|
|-weather|none
|-end|p2a: Great Tusk|Protosynthesis
|-fieldend|move: Psychic Terrain
|-status|p1a: Ursaluna|brn|[from] item: Flame Orb
|upkeep
|turn|17
|
|t:|1758918539
|move|p1a: Ursaluna|Facade|p2a: Great Tusk
|-damage|p2a: Great Tusk|0 fnt
|faint|p2a: Great Tusk
|-end|p2a: Great Tusk|Protosynthesis|[silent]
|
|-damage|p1a: Ursaluna|7/100 brn|[from] brn
|upkeep
|
|t:|1758918543
|switch|p2a: Cinderace|Cinderace, F, tera:Fire|33/100
|turn|18
|
|t:|1758918545
|move|p1a: Ursaluna|Facade|p2a: Cinderace
|-damage|p2a: Cinderace|0 fnt
|faint|p2a: Cinderace
|
|win|TheTired
|raw|TheTired's rating: 1744 &rarr; <strong>1769</strong><br />(+25 for winning)
|raw|hungrymane's rating: 1825 &rarr; <strong>1800</strong><br />(-25 for losing)
|l|☆hungrymane
|player|p2|
|l|☆TheTired
|player|p1|
