|j|☆PokemonConquestLP
|j|☆meruem97
|t:|1758994408
|gametype|singles
|player|p1|PokemonConquestLP|red|1130
|player|p2|meruem97|plasmagrunt-gen5bw|1143
|gen|9
|tier|[Gen 9] OU
|rated|
|rule|HP Percentage Mod: HP is shown in percentages
|rule|Endless Battle Clause: Forcing endless battles is banned
|rule|Species Clause: Limit one of each Pokémon
|rule|OHKO Clause: OHKO moves are banned
|rule|Evasion Items Clause: Evasion items are banned
|rule|Evasion Moves Clause: Evasion moves are banned
|rule|Evasion Abilities Clause: Evasion abilities are banned
|rule|Sleep Moves Clause: Sleep-inducing moves are banned
|clearpoke
|poke|p1|Great Tusk|
|poke|p1|Cinderace, M|
|poke|p1|Maushold|
|poke|p1|Cinccino, F|
|poke|p1|Iron Treads|
|poke|p1|Excadrill, M|
|poke|p2|Hitmonchan, M|
|poke|p2|Garchomp, F|
|poke|p2|Scizor, M|
|poke|p2|Feraligatr, M|
|poke|p2|Charizard, M|
|poke|p2|Moltres-Galar|
|teampreview
|inactive|Battle timer is ON: inactive players will automatically lose when time's up. (requested by meruem97)
|l|☆meruem97
|inactive|meruem97 disconnected and has a minute to reconnect!
|player|p2|
|j|☆meruem97
|inactive|meruem97 reconnected and has 140 seconds left.
|player|p2|meruem97|plasmagrunt-gen5bw|
|
|t:|1758994434
|teamsize|p1|6
|teamsize|p2|6
|start
|switch|p1a: Maushold|Maushold, shiny|100/100
|switch|p2a: Garchomp|Garchomp, F|100/100
|turn|1
|
|t:|1758994445
|move|p1a: Maushold|Tidy Up|p1a: Maushold
|-boost|p1a: Maushold|atk|1
|-boost|p1a: Maushold|spe|1
|move|p2a: Garchomp|Earthquake|p1a: Maushold
|-damage|p1a: Maushold|32/100
|
|upkeep
|turn|2
|
|t:|1758994455
|-terastallize|p2a: Garchomp|Ghost
|move|p1a: Maushold|Population Bomb|p2a: Garchomp
|-immune|p2a: Garchomp
|move|p2a: Garchomp|Earthquake|p1a: Maushold
|-damage|p1a: Maushold|0 fnt
|faint|p1a: Maushold
|
|upkeep
|
|t:|1758994465
|switch|p1a: Great Tusk|Great Tusk|100/100
|turn|3
|
|t:|1758994479
|switch|p2a: Feraligatr|Feraligatr, M|100/100
|move|p1a: Great Tusk|Knock Off|p2a: Feraligatr
|-damage|p2a: Feraligatr|61/100
|-enditem|p2a: Feraligatr|Life Orb|[from] move: Knock Off|[of] p1a: Great Tusk
|
|upkeep
|turn|4
|
|t:|1758994487
|move|p1a: Great Tusk|Rapid Spin|p2a: Feraligatr
|-damage|p2a: Feraligatr|43/100
|-boost|p1a: Great Tusk|spe|1
|move|p2a: Feraligatr|Liquidation|p1a: Great Tusk
|-supereffective|p1a: Great Tusk
|-damage|p1a: Great Tusk|27/100
|
|-heal|p1a: Great Tusk|33/100|[from] item: Leftovers
|upkeep
|turn|5
|
|t:|1758994498
|move|p1a: Great Tusk|Headlong Rush|p2a: Feraligatr
|-damage|p2a: Feraligatr|0 fnt
|-unboost|p1a: Great Tusk|def|1
|-unboost|p1a: Great Tusk|spd|1
|faint|p2a: Feraligatr
|
|-heal|p1a: Great Tusk|40/100|[from] item: Leftovers
|upkeep
|
|t:|1758994501
|switch|p2a: Scizor|Scizor, M|100/100
|turn|6
|
|t:|1758994508
|move|p2a: Scizor|Bullet Punch|p1a: Great Tusk
|-crit|p1a: Great Tusk
|-damage|p1a: Great Tusk|0 fnt
|faint|p1a: Great Tusk
|-end|p1a: Great Tusk|Protosynthesis|[silent]
|-damage|p2a: Scizor|91/100|[from] item: Life Orb
|
|upkeep
|
|t:|1758994513
|switch|p1a: Cinderace|Cinderace, M, shiny|100/100
|turn|7
|
|t:|1758994517
|switch|p2a: Garchomp|Garchomp, F, tera:Ghost|100/100
|-terastallize|p1a: Cinderace|Fire
|move|p1a: Cinderace|Pyro Ball|p2a: Garchomp
|-damage|p2a: Garchomp|52/100
|
|upkeep
|turn|8
|
|t:|1758994527
|move|p1a: Cinderace|U-turn|p2a: Garchomp
|-resisted|p2a: Garchomp
|-damage|p2a: Garchomp|45/100
|-damage|p1a: Cinderace|88/100|[from] ability: Rough Skin|[of] p2a: Garchomp
|-damage|p1a: Cinderace|72/100|[from] item: Rocky Helmet|[of] p2a: Garchomp
|
|t:|1758994535
|switch|p1a: Iron Treads|Iron Treads|100/100|[from] U-turn
|-enditem|p1a: Iron Treads|Booster Energy
|-activate|p1a: Iron Treads|ability: Quark Drive|[fromitem]
|-start|p1a: Iron Treads|quarkdrivespe
|move|p2a: Garchomp|Earthquake|p1a: Iron Treads
|-supereffective|p1a: Iron Treads
|-damage|p1a: Iron Treads|30/100
|
|upkeep
|turn|9
|
|t:|1758994546
|move|p1a: Iron Treads|Knock Off|p2a: Garchomp
|-supereffective|p2a: Garchomp
|-damage|p2a: Garchomp|12/100
|-damage|p1a: Iron Treads|18/100|[from] ability: Rough Skin|[of] p2a: Garchomp
|-damage|p1a: Iron Treads|1/100|[from] item: Rocky Helmet|[of] p2a: Garchomp
|-enditem|p2a: Garchomp|Rocky Helmet|[from] move: Knock Off|[of] p1a: Iron Treads
|move|p2a: Garchomp|Earthquake|p1a: Iron Treads
|-supereffective|p1a: Iron Treads
|-damage|p1a: Iron Treads|0 fnt
|faint|p1a: Iron Treads
|-end|p1a: Iron Treads|Quark Drive|[silent]
|
|upkeep
|
|t:|1758994556
|switch|p1a: Cinccino|Cinccino, F, shiny|100/100
|turn|10
|
|t:|1758994561
|move|p1a: Cinccino|Tidy Up|p1a: Cinccino
|-boost|p1a: Cinccino|atk|1
|-boost|p1a: Cinccino|spe|1
|move|p2a: Garchomp|Dragon Tail|p1a: Cinccino
|-damage|p1a: Cinccino|51/100
|drag|p1a: Cinderace|Cinderace, M, shiny, tera:Fire|72/100
|
|upkeep
|turn|11
|
|t:|1758994571
|move|p1a: Cinderace|Pyro Ball|p2a: Garchomp
|-damage|p2a: Garchomp|0 fnt
|faint|p2a: Garchomp
|
|upkeep
|
|t:|1758994576
|switch|p2a: Charizard|Charizard, M, shiny|100/100
|turn|12
|
|t:|1758994586
|move|p1a: Cinderace|U-turn|p2a: Charizard
|-resisted|p2a: Charizard
|-damage|p2a: Charizard|93/100
|
|t:|1758994590
|switch|p1a: Excadrill|Excadrill, M|100/100|[from] U-turn
|-ability|p1a: Excadrill|Mold Breaker
|move|p2a: Charizard|Scorching Sands|p1a: Excadrill
|-supereffective|p1a: Excadrill
|-crit|p1a: Excadrill
|-damage|p1a: Excadrill|23/100
|
|upkeep
|turn|13
|
|t:|1758994603
|switch|p2a: Hitmonchan|Hitmonchan, M, shiny|100/100
|move|p1a: Excadrill|Stealth Rock|p2a: Hitmonchan
|-sidestart|p2: meruem97|move: Stealth Rock
|
|upkeep
|turn|14
|
|t:|1758994608
|move|p2a: Hitmonchan|Mach Punch|p1a: Excadrill
|-supereffective|p1a: Excadrill
|-damage|p1a: Excadrill|0 fnt
|faint|p1a: Excadrill
|
|upkeep
|
|t:|1758994613
|switch|p1a: Cinderace|Cinderace, M, shiny, tera:Fire|72/100
|turn|15
|
|t:|1758994618
|move|p1a: Cinderace|Pyro Ball|p2a: Hitmonchan
|-damage|p2a: Hitmonchan|0 fnt
|faint|p2a: Hitmonchan
|
|upkeep
|
|t:|1758994624
|switch|p2a: Charizard|Charizard, M, shiny|93/100
|turn|16
|
|t:|1758994629
|move|p1a: Cinderace|Pyro Ball|p2a: Charizard
|-resisted|p2a: Charizard
|-damage|p2a: Charizard|35/100
|move|p2a: Charizard|Scorching Sands|p1a: Cinderace
|-supereffective|p1a: Cinderace
|-crit|p1a: Cinderace
|-damage|p1a: Cinderace|0 fnt
|faint|p1a: Cinderace
|
|upkeep
|
|t:|1758994636
|switch|p1a: Cinccino|Cinccino, F, shiny|51/100
|turn|17
|
|t:|1758994642
|move|p1a: Cinccino|Rock Blast|p2a: Charizard
|-supereffective|p2a: Charizard
|-damage|p2a: Charizard|0 fnt
|faint|p2a: Charizard
|-hitcount|p2: Charizard|1
|
|upkeep
|
|t:|1758994648
|switch|p2a: Scizor|Scizor, M|91/100
|-damage|p2a: Scizor|78/100|[from] Stealth Rock
|turn|18
|
|t:|1758994652
|move|p2a: Scizor|Bullet Punch|p1a: Cinccino
|-damage|p1a: Cinccino|0 fnt
|faint|p1a: Cinccino
|-damage|p2a: Scizor|68/100|[from] item: Life Orb
|
|win|meruem97
|raw|PokemonConquestLP's rating: 1130 &rarr; <strong>1106</strong><br />(-24 for losing)
|raw|meruem97's rating: 1143 &rarr; <strong>1167</strong><br />(+24 for winning)
|l|☆PokemonConquestLP
|player|p1|
|l|☆meruem97
|player|p2|
