|j|☆OdenSan19
|j|☆Yothas
|t:|1758957617
|gametype|singles
|player|p1|OdenSan19|silver|1387
|player|p2|Yothas|170|1399
|gen|9
|tier|[Gen 9] OU
|rated|
|rule|HP Percentage Mod: HP is shown in percentages
|rule|Endless Battle Clause: Forcing endless battles is banned
|rule|Species Clause: Limit one of each Pokémon
|rule|OHKO Clause: OHKO moves are banned
|rule|Evasion Items Clause: Evasion items are banned
|rule|Evasion Moves Clause: Evasion moves are banned
|rule|Evasion Abilities Clause: Evasion abilities are banned
|rule|Sleep Moves Clause: Sleep-inducing moves are banned
|clearpoke
|poke|p1|Iron Boulder|
|poke|p1|Incineroar, M|
|poke|p1|Grimmsnarl, M|
|poke|p1|Sinistcha|
|poke|p1|Primarina, F|
|poke|p1|Skarmory, M|
|poke|p2|Skarmory, F|
|poke|p2|Meowscarada, M|
|poke|p2|Rotom-Wash|
|poke|p2|Glimmora, F|
|poke|p2|Tinkaton, F|
|poke|p2|Landorus-Therian, M|
|teampreview
|inactive|Battle timer is ON: inactive players will automatically lose when time's up. (requested by Yothas)
|
|t:|1758957637
|teamsize|p1|6
|teamsize|p2|6
|start
|switch|p1a: Gabara|Grimmsnarl, M|100/100
|switch|p2a: Rotom|Rotom-Wash, shiny|100/100
|turn|1
|
|t:|1758957645
|move|p1a: Gabara|Light Screen|p1a: Gabara
|-sidestart|p1: OdenSan19|move: Light Screen
|move|p2a: Rotom|Trick|p1a: Gabara
|-activate|p2a: Rotom|move: Trick|[of] p1a: Gabara
|-item|p1a: Gabara|Choice Specs|[from] move: Trick
|-item|p2a: Rotom|Light Clay|[from] move: Trick
|
|upkeep
|turn|2
|
|t:|1758957663
|move|p2a: Rotom|Will-O-Wisp|p1a: Gabara
|-status|p1a: Gabara|brn
|move|p1a: Gabara|Foul Play|p2a: Rotom
|-damage|p2a: Rotom|90/100
|
|-damage|p1a: Gabara|94/100 brn|[from] brn
|upkeep
|turn|3
|
|t:|1758957688
|switch|p1a: Gamera|Sinistcha, shiny|100/100
|move|p2a: Rotom|Volt Switch|p1a: Gamera
|-resisted|p1a: Gamera
|-damage|p1a: Gamera|92/100
|inactive|Yothas has 120 seconds left.
|
|t:|1758957718
|switch|p2a: Glimmora|Glimmora, F|100/100|[from] Volt Switch
|
|-heal|p1a: Gamera|98/100|[from] item: Leftovers
|upkeep
|turn|4
|
|t:|1758957736
|move|p2a: Glimmora|Mortal Spin|p1a: Gamera
|-damage|p1a: Gamera|94/100
|-status|p1a: Gamera|psn
|move|p1a: Gamera|Calm Mind|p1a: Gamera
|-boost|p1a: Gamera|spa|1
|-boost|p1a: Gamera|spd|1
|
|-heal|p1a: Gamera|99/100 psn|[from] item: Leftovers
|-damage|p1a: Gamera|87/100 psn|[from] psn
|upkeep
|turn|5
|inactive|OdenSan19 has 120 seconds left.
|
|t:|1758957751
|switch|p2a: Tinkaton|Tinkaton, F|100/100
|move|p1a: Gamera|Calm Mind|p1a: Gamera
|-boost|p1a: Gamera|spa|1
|-boost|p1a: Gamera|spd|1
|
|-heal|p1a: Gamera|94/100 psn|[from] item: Leftovers
|-damage|p1a: Gamera|81/100 psn|[from] psn
|upkeep
|turn|6
|inactive|OdenSan19 has 120 seconds left.
|
|t:|1758957762
|move|p2a: Tinkaton|Knock Off|p1a: Gamera
|-supereffective|p1a: Gamera
|-damage|p1a: Gamera|45/100 psn
|-enditem|p1a: Gamera|Leftovers|[from] move: Knock Off|[of] p2a: Tinkaton
|move|p1a: Gamera|Strength Sap|p2a: Tinkaton
|-unboost|p2a: Tinkaton|atk|1
|-heal|p1a: Gamera|100/100 psn
|
|-damage|p1a: Gamera|88/100 psn|[from] psn
|upkeep
|turn|7
|inactive|OdenSan19 has 120 seconds left.
|
|t:|1758957777
|switch|p2a: Glimmora|Glimmora, F|100/100
|move|p1a: Gamera|Shadow Ball|p2a: Glimmora
|-damage|p2a: Glimmora|19/100
|
|-damage|p1a: Gamera|76/100 psn|[from] psn
|upkeep
|turn|8
|inactive|OdenSan19 has 120 seconds left.
|
|t:|1758957786
|move|p2a: Glimmora|Sludge Bomb|p1a: Gamera
|-crit|p1a: Gamera
|-damage|p1a: Gamera|0 fnt
|faint|p1a: Gamera
|
|-sideend|p1: OdenSan19|move: Light Screen
|upkeep
|inactive|OdenSan19 has 120 seconds left.
|
|t:|1758957808
|switch|p1a: Gabara|Grimmsnarl, M|94/100 brn
|turn|9
|
|t:|1758957817
|move|p1a: Gabara|Light Screen|p1a: Gabara
|-sidestart|p1: OdenSan19|move: Light Screen
|move|p2a: Glimmora|Spikes|p1a: Gabara
|-sidestart|p1: OdenSan19|Spikes
|
|-damage|p1a: Gabara|88/100 brn|[from] brn
|upkeep
|turn|10
|inactive|OdenSan19 has 120 seconds left.
|
|t:|1758957829
|switch|p1a: Tiamut|Primarina, F|100/100
|-damage|p1a: Tiamut|88/100|[from] Spikes
|move|p2a: Glimmora|Mortal Spin|p1a: Tiamut
|-supereffective|p1a: Tiamut
|-damage|p1a: Tiamut|78/100
|-status|p1a: Tiamut|psn
|
|-heal|p1a: Tiamut|84/100 psn|[from] item: Leftovers
|-damage|p1a: Tiamut|72/100 psn|[from] psn
|upkeep
|turn|11
|inactive|OdenSan19 has 120 seconds left.
|
|t:|1758957844
|switch|p2a: Tinkaton|Tinkaton, F|100/100
|move|p1a: Tiamut|Surf|p2a: Tinkaton
|-damage|p2a: Tinkaton|79/100
|
|-heal|p1a: Tiamut|78/100 psn|[from] item: Leftovers
|-damage|p1a: Tiamut|66/100 psn|[from] psn
|upkeep
|turn|12
|
|t:|1758957860
|move|p2a: Tinkaton|Knock Off|p1a: Tiamut
|-resisted|p1a: Tiamut
|-damage|p1a: Tiamut|54/100 psn
|-enditem|p1a: Tiamut|Leftovers|[from] move: Knock Off|[of] p2a: Tinkaton
|move|p1a: Tiamut|Calm Mind|p1a: Tiamut
|-boost|p1a: Tiamut|spa|1
|-boost|p1a: Tiamut|spd|1
|
|-damage|p1a: Tiamut|42/100 psn|[from] psn
|upkeep
|turn|13
|
|t:|1758957871
|move|p2a: Tinkaton|Gigaton Hammer|p1a: Tiamut
|-damage|p1a: Tiamut|0 fnt
|faint|p1a: Tiamut
|
|-sideend|p1: OdenSan19|move: Light Screen
|upkeep
|
|t:|1758957886
|switch|p1a: King Caesar|Incineroar, M|100/100
|-damage|p1a: King Caesar|88/100|[from] Spikes
|-ability|p1a: King Caesar|Intimidate|boost
|-fail|p2a: Tinkaton|unboost|Attack|[from] ability: Own Tempo|[of] p2a: Tinkaton
|turn|14
|
|t:|1758957894
|switch|p2a: Glimmora|Glimmora, F|19/100
|move|p1a: King Caesar|Knock Off|p2a: Glimmora
|-damage|p2a: Glimmora|0 fnt
|-activate|p2a: Glimmora|ability: Toxic Debris
|-sidestart|p1: OdenSan19|move: Toxic Spikes
|-enditem|p2a: Glimmora|Focus Sash|[from] move: Knock Off|[of] p1a: King Caesar
|faint|p2a: Glimmora
|
|upkeep
|
|t:|1758957907
|switch|p2a: Rotom|Rotom-Wash, shiny|90/100
|turn|15
|
|t:|1758957913
|move|p2a: Rotom|Hydro Pump|p1a: King Caesar
|-supereffective|p1a: King Caesar
|-damage|p1a: King Caesar|39/100
|move|p1a: King Caesar|Knock Off|p2a: Rotom
|-damage|p2a: Rotom|38/100
|-enditem|p2a: Rotom|Light Clay|[from] move: Knock Off|[of] p1a: King Caesar
|
|upkeep
|turn|16
|
|t:|1758957926
|move|p2a: Rotom|Volt Switch|p1a: King Caesar
|-damage|p1a: King Caesar|25/100
|
|t:|1758957935
|switch|p2a: Landorus|Landorus-Therian, M|100/100|[from] Volt Switch
|-ability|p2a: Landorus|Intimidate|boost
|-unboost|p1a: King Caesar|atk|1
|move|p1a: King Caesar|Flare Blitz|p2a: Landorus
|-damage|p2a: Landorus|61/100
|-damage|p1a: King Caesar|14/100|[from] Recoil
|
|upkeep
|turn|17
|inactive|OdenSan19 has 120 seconds left.
|
|t:|1758957944
|move|p2a: Landorus|U-turn|p1a: King Caesar
|-damage|p1a: King Caesar|0 fnt
|faint|p1a: King Caesar
|
|t:|1758957949
|switch|p2a: Tinkaton|Tinkaton, F|79/100|[from] U-turn
|
|upkeep
|inactive|OdenSan19 has 120 seconds left.
|
|t:|1758957966
|switch|p1a: Anguirus|Iron Boulder|100/100
|-damage|p1a: Anguirus|88/100|[from] Spikes
|-status|p1a: Anguirus|psn
|-enditem|p1a: Anguirus|Booster Energy
|-activate|p1a: Anguirus|ability: Quark Drive|[fromitem]
|-start|p1a: Anguirus|quarkdrivespe
|turn|18
|inactive|OdenSan19 has 120 seconds left.
|
|t:|1758957975
|-terastallize|p1a: Anguirus|Ground
|move|p1a: Anguirus|Swords Dance|p1a: Anguirus
|-boost|p1a: Anguirus|atk|2
|move|p2a: Tinkaton|Gigaton Hammer|p1a: Anguirus
|-damage|p1a: Anguirus|10/100 psn
|
|-damage|p1a: Anguirus|0 fnt|[from] psn
|faint|p1a: Anguirus
|-end|p1a: Anguirus|Quark Drive|[silent]
|upkeep
|inactive|OdenSan19 has 120 seconds left.
|-message|OdenSan19 forfeited.
|
|win|Yothas
|raw|OdenSan19's rating: 1387 &rarr; <strong>1368</strong><br />(-19 for losing)
|raw|Yothas's rating: 1399 &rarr; <strong>1418</strong><br />(+19 for winning)
|l|☆OdenSan19
|player|p1|
|l|☆Yothas
|player|p2|
