|j|☆FatDiBarny
|j|☆itslefty
|t:|1758937464
|gametype|singles
|player|p1|FatDiBarny|koga|1116
|player|p2|itslefty|clown|1167
|gen|9
|tier|[Gen 9] OU
|rated|
|rule|HP Percentage Mod: HP is shown in percentages
|rule|Endless Battle Clause: Forcing endless battles is banned
|rule|Species Clause: Limit one of each Pokémon
|rule|OHKO Clause: OHKO moves are banned
|rule|Evasion Items Clause: Evasion items are banned
|rule|Evasion Moves Clause: Evasion moves are banned
|rule|Evasion Abilities Clause: Evasion abilities are banned
|rule|Sleep Moves Clause: Sleep-inducing moves are banned
|clearpoke
|poke|p1|Feraligatr, M|
|poke|p1|Krookodile, M|
|poke|p1|Skeledirge, F|
|poke|p1|Dragalge, F|
|poke|p1|Mimikyu, M|
|poke|p1|Forretress, M|
|poke|p2|Ursaluna, M|
|poke|p2|Articuno-Galar|
|poke|p2|Conkeldurr, M|
|poke|p2|Typhlosion-Hisui, F|
|poke|p2|Ogerpon-Wellspring, F|
|poke|p2|Orthworm, F|
|teampreview
|
|t:|1758937475
|teamsize|p1|6
|teamsize|p2|6
|start
|switch|p1a: Feraligatr|Feraligatr, M|100/100
|switch|p2a: Orthworm|Orthworm, F, shiny|100/100
|turn|1
|
|t:|1758937481
|move|p1a: Feraligatr|Dragon Dance|p1a: Feraligatr
|-boost|p1a: Feraligatr|atk|1
|-boost|p1a: Feraligatr|spe|1
|move|p2a: Orthworm|Stealth Rock|p1a: Feraligatr
|-sidestart|p1: FatDiBarny|move: Stealth Rock
|
|upkeep
|turn|2
|
|t:|1758937489
|move|p1a: Feraligatr|Waterfall|p2a: Orthworm
|-damage|p2a: Orthworm|54/100
|move|p2a: Orthworm|Iron Defense|p2a: Orthworm
|-boost|p2a: Orthworm|def|2
|
|upkeep
|turn|3
|
|t:|1758937495
|move|p1a: Feraligatr|Waterfall|p2a: Orthworm
|-damage|p2a: Orthworm|30/100
|move|p2a: Orthworm|Body Press|p1a: Feraligatr
|-damage|p1a: Feraligatr|25/100
|
|upkeep
|turn|4
|
|t:|1758937504
|move|p1a: Feraligatr|Waterfall|p2a: Orthworm
|-damage|p2a: Orthworm|5/100
|-enditem|p2a: Orthworm|Aguav Berry|[eat]
|-heal|p2a: Orthworm|38/100|[from] item: Aguav Berry
|move|p2a: Orthworm|Body Press|p1a: Feraligatr
|-damage|p1a: Feraligatr|0 fnt
|faint|p1a: Feraligatr
|
|upkeep
|
|t:|1758937514
|switch|p1a: Krookodile|Krookodile, M|100/100
|-damage|p1a: Krookodile|94/100|[from] Stealth Rock
|turn|5
|
|t:|1758937519
|move|p1a: Krookodile|Close Combat|p2a: Orthworm
|-supereffective|p2a: Orthworm
|-damage|p2a: Orthworm|17/100
|-unboost|p1a: Krookodile|def|1
|-unboost|p1a: Krookodile|spd|1
|move|p2a: Orthworm|Body Press|p1a: Krookodile
|-supereffective|p1a: Krookodile
|-damage|p1a: Krookodile|0 fnt
|faint|p1a: Krookodile
|
|upkeep
|c|☆FatDiBarny|i fucing hate this game;. shit is so boring bro
|c|☆FatDiBarny|gg
|-message|FatDiBarny forfeited.
|
|win|itslefty
