|j|☆Beto1769
|j|☆mr.diversity
|t:|1758923627
|gametype|singles
|player|p1|Beto1769|erika|1724
|player|p2|mr.diversity|102|1784
|gen|9
|tier|[Gen 9] OU
|rated|
|rule|HP Percentage Mod: HP is shown in percentages
|rule|Endless Battle Clause: Forcing endless battles is banned
|rule|Species Clause: Limit one of each Pokémon
|rule|OHKO Clause: OHKO moves are banned
|rule|Evasion Items Clause: Evasion items are banned
|rule|Evasion Moves Clause: Evasion moves are banned
|rule|Evasion Abilities Clause: Evasion abilities are banned
|rule|Sleep Moves Clause: Sleep-inducing moves are banned
|clearpoke
|poke|p1|Ogerpon-Wellspring, F|
|poke|p1|Hatterene, F|
|poke|p1|Ting-Lu|
|poke|p1|Raging Bolt|
|poke|p1|Corviknight, M|
|poke|p1|Dragapult, F|
|poke|p2|Landorus-Therian, M|
|poke|p2|Cinderace, F|
|poke|p2|Great Tusk|
|poke|p2|Heatran, M|
|poke|p2|Clodsire, F|
|poke|p2|Armarouge, F|
|teampreview
|inactive|Battle timer is ON: inactive players will automatically lose when time's up. (requested by mr.diversity)
|
|t:|1758923638
|teamsize|p1|6
|teamsize|p2|6
|start
|switch|p1a: Hatterene|Hatterene, F|100/100
|switch|p2a: Heatran|Heatran, M|100/100
|turn|1
|
|t:|1758923651
|switch|p1a: Ting-Lu|Ting-Lu|100/100
|-ability|p1a: Ting-Lu|Vessel of Ruin
|move|p2a: Heatran|Flash Cannon|p1a: Ting-Lu
|-damage|p1a: Ting-Lu|71/100
|
|-heal|p1a: Ting-Lu|77/100|[from] item: Leftovers
|upkeep
|turn|2
|
|t:|1758923679
|switch|p2a: Great Tusk|Great Tusk|100/100
|-enditem|p2a: Great Tusk|Booster Energy
|-activate|p2a: Great Tusk|ability: Protosynthesis|[fromitem]
|-start|p2a: Great Tusk|protosynthesisatk
|move|p1a: Ting-Lu|Ruination|p2a: Great Tusk
|-damage|p2a: Great Tusk|51/100
|
|-heal|p1a: Ting-Lu|83/100|[from] item: Leftovers
|upkeep
|turn|3
|
|t:|1758923689
|switch|p1a: Corviknight|Corviknight, M|100/100
|-ability|p1a: Corviknight|Pressure
|move|p2a: Great Tusk|Close Combat|p1a: Corviknight
|-damage|p1a: Corviknight|45/100
|-unboost|p2a: Great Tusk|def|1
|-unboost|p2a: Great Tusk|spd|1
|-damage|p2a: Great Tusk|34/100|[from] item: Rocky Helmet|[of] p1a: Corviknight
|
|upkeep
|turn|4
|
|t:|1758923697
|move|p2a: Great Tusk|Ice Spinner|p1a: Corviknight
|-damage|p1a: Corviknight|21/100
|-damage|p2a: Great Tusk|18/100|[from] item: Rocky Helmet|[of] p1a: Corviknight
|move|p1a: Corviknight|Roost|p1a: Corviknight
|-heal|p1a: Corviknight|71/100
|-singleturn|p1a: Corviknight|move: Roost
|
|upkeep
|turn|5
|
|t:|1758923700
|move|p2a: Great Tusk|Close Combat|p1a: Corviknight
|-damage|p1a: Corviknight|16/100
|-unboost|p2a: Great Tusk|def|1
|-unboost|p2a: Great Tusk|spd|1
|-damage|p2a: Great Tusk|1/100|[from] item: Rocky Helmet|[of] p1a: Corviknight
|move|p1a: Corviknight|Roost|p1a: Corviknight
|-heal|p1a: Corviknight|66/100
|-singleturn|p1a: Corviknight|move: Roost
|
|upkeep
|turn|6
|
|t:|1758923704
|-end|p2a: Great Tusk|Protosynthesis|[silent]
|switch|p2a: Heatran|Heatran, M|100/100
|move|p1a: Corviknight|Roost|p1a: Corviknight
|-heal|p1a: Corviknight|100/100
|-singleturn|p1a: Corviknight|move: Roost
|
|upkeep
|turn|7
|
|t:|1758923707
|switch|p1a: Ting-Lu|Ting-Lu|83/100
|-ability|p1a: Ting-Lu|Vessel of Ruin
|move|p2a: Heatran|Magma Storm|p1a: Ting-Lu
|-crit|p1a: Ting-Lu
|-damage|p1a: Ting-Lu|26/100
|-activate|p1a: Ting-Lu|move: Magma Storm|[of] p2a: Heatran
|
|-heal|p1a: Ting-Lu|32/100|[from] item: Leftovers
|-damage|p1a: Ting-Lu|20/100|[from] move: Magma Storm|[partiallytrapped]
|upkeep
|turn|8
|
|t:|1758923714
|move|p2a: Heatran|Magma Storm|p1a: Ting-Lu|[miss]
|-miss|p2a: Heatran|p1a: Ting-Lu
|move|p1a: Ting-Lu|Stealth Rock|p2a: Heatran
|-sidestart|p2: mr.diversity|move: Stealth Rock
|
|-heal|p1a: Ting-Lu|26/100|[from] item: Leftovers
|-damage|p1a: Ting-Lu|13/100|[from] move: Magma Storm|[partiallytrapped]
|upkeep
|turn|9
|
|t:|1758923718
|move|p2a: Heatran|Magma Storm|p1a: Ting-Lu
|-damage|p1a: Ting-Lu|0 fnt
|faint|p1a: Ting-Lu
|
|upkeep
|
|t:|1758923720
|switch|p1a: Ogerpon|Ogerpon-Wellspring, F|100/100
|turn|10
|
|t:|1758923723
|switch|p2a: Clodsire|Clodsire, F|100/100
|-damage|p2a: Clodsire|94/100|[from] Stealth Rock
|move|p1a: Ogerpon|Ivy Cudgel|p2a: Clodsire|[anim] Ivy Cudgel Water
|-heal|p2a: Clodsire|100/100|[from] ability: Water Absorb|[of] p1a: Ogerpon
|
|upkeep
|turn|11
|
|t:|1758923729
|switch|p2a: Cinderace|Cinderace, F|100/100
|-damage|p2a: Cinderace|76/100|[from] Stealth Rock
|move|p1a: Ogerpon|Knock Off|p2a: Cinderace
|-damage|p2a: Cinderace|24/100
|-enditem|p2a: Cinderace|Choice Band|[from] move: Knock Off|[of] p1a: Ogerpon
|
|upkeep
|turn|12
|
|t:|1758923738
|switch|p1a: Raging Bolt|Raging Bolt|100/100
|move|p2a: Cinderace|Pyro Ball|p1a: Raging Bolt
|-resisted|p1a: Raging Bolt
|-damage|p1a: Raging Bolt|74/100
|
|-heal|p1a: Raging Bolt|81/100|[from] item: Leftovers
|upkeep
|turn|13
|
|t:|1758923743
|switch|p2a: Clodsire|Clodsire, F|100/100
|-damage|p2a: Clodsire|94/100|[from] Stealth Rock
|move|p1a: Raging Bolt|Dragon Pulse|p2a: Clodsire
|-crit|p2a: Clodsire
|-damage|p2a: Clodsire|52/100
|
|-heal|p1a: Raging Bolt|87/100|[from] item: Leftovers
|-heal|p2a: Clodsire|58/100|[from] item: Leftovers
|upkeep
|turn|14
|
|t:|1758923751
|-end|p1a: Raging Bolt|Protosynthesis|[silent]
|switch|p1a: Hatterene|Hatterene, F|100/100
|move|p2a: Clodsire|Recover|p2a: Clodsire
|-heal|p2a: Clodsire|100/100
|
|upkeep
|turn|15
|
|t:|1758923756
|switch|p2a: Heatran|Heatran, M|100/100
|-damage|p2a: Heatran|88/100|[from] Stealth Rock
|move|p1a: Hatterene|Psychic Noise|p2a: Heatran
|-resisted|p2a: Heatran
|-damage|p2a: Heatran|70/100
|-start|p2a: Heatran|move: Heal Block
|
|upkeep
|turn|16
|
|t:|1758923770
|move|p2a: Heatran|Dragon Pulse|p1a: Hatterene
|-immune|p1a: Hatterene
|move|p1a: Hatterene|Nuzzle|p2a: Heatran
|-damage|p2a: Heatran|67/100
|-status|p2a: Heatran|par
|
|-end|p2a: Heatran|move: Heal Block
|upkeep
|turn|17
|
|t:|1758923776
|switch|p2a: Landorus|Landorus-Therian, M|100/100
|-damage|p2a: Landorus|88/100|[from] Stealth Rock
|-ability|p2a: Landorus|Intimidate|boost
|-unboost|p1a: Hatterene|atk|1
|move|p1a: Hatterene|Psychic Noise|p2a: Landorus
|-damage|p2a: Landorus|42/100
|-start|p2a: Landorus|move: Heal Block
|
|upkeep
|turn|18
|
|t:|1758923785
|switch|p1a: Corviknight|Corviknight, M|100/100
|-ability|p1a: Corviknight|Pressure
|move|p2a: Landorus|Earthquake|p1a: Corviknight
|-immune|p1a: Corviknight
|
|-end|p2a: Landorus|move: Heal Block
|upkeep
|turn|19
|
|t:|1758923791
|switch|p2a: Heatran|Heatran, M|67/100 par
|-damage|p2a: Heatran|54/100 par|[from] Stealth Rock
|move|p1a: Corviknight|Brave Bird|p2a: Heatran
|-resisted|p2a: Heatran
|-damage|p2a: Heatran|38/100 par
|-damage|p1a: Corviknight|95/100|[from] Recoil
|
|upkeep
|turn|20
|
|t:|1758923806
|switch|p1a: Raging Bolt|Raging Bolt|87/100
|move|p2a: Heatran|Magma Storm|p1a: Raging Bolt
|-resisted|p1a: Raging Bolt
|-damage|p1a: Raging Bolt|47/100
|-activate|p1a: Raging Bolt|move: Magma Storm|[of] p2a: Heatran
|
|-heal|p1a: Raging Bolt|53/100|[from] item: Leftovers
|-damage|p1a: Raging Bolt|41/100|[from] move: Magma Storm|[partiallytrapped]
|upkeep
|turn|21
|
|t:|1758923811
|move|p1a: Raging Bolt|Dragon Pulse|p2a: Heatran
|-resisted|p2a: Heatran
|-damage|p2a: Heatran|17/100 par
|move|p2a: Heatran|Magma Storm|p1a: Raging Bolt
|-resisted|p1a: Raging Bolt
|-damage|p1a: Raging Bolt|0 fnt
|faint|p1a: Raging Bolt
|-end|p1a: Raging Bolt|Protosynthesis|[silent]
|
|upkeep
|
|t:|1758923817
|switch|p1a: Ogerpon|Ogerpon-Wellspring, F|100/100
|turn|22
|
|t:|1758923819
|move|p1a: Ogerpon|Ivy Cudgel|p2a: Heatran|[anim] Ivy Cudgel Water
|-supereffective|p2a: Heatran
|-damage|p2a: Heatran|0 fnt
|faint|p2a: Heatran
|
|upkeep
|
|t:|1758923824
|switch|p2a: Armarouge|Armarouge, F|100/100
|-damage|p2a: Armarouge|76/100|[from] Stealth Rock
|turn|23
|
|t:|1758923829
|move|p2a: Armarouge|Endure|p2a: Armarouge
|-singleturn|p2a: Armarouge|move: Endure
|move|p1a: Ogerpon|U-turn|p2a: Armarouge
|-damage|p2a: Armarouge|45/100
|-ability|p2a: Armarouge|Weak Armor|boost
|-unboost|p2a: Armarouge|def|1
|-boost|p2a: Armarouge|spe|2
|inactive|Beto1769 has 120 seconds left.
|l|☆mr.diversity
|inactive|mr.diversity disconnected and has a minute to reconnect!
|player|p2|
|j|☆mr.diversity
|inactive|mr.diversity reconnected.
|player|p2|mr.diversity|102|
|inactive|Beto1769 has 90 seconds left.
|
|t:|1758923893
|switch|p1a: Dragapult|Dragapult, F|100/100|[from] U-turn
|
|upkeep
|turn|24
|
|t:|1758923896
|switch|p2a: Clodsire|Clodsire, F|100/100
|-damage|p2a: Clodsire|94/100|[from] Stealth Rock
|move|p1a: Dragapult|Dragon Darts|p2a: Clodsire
|-damage|p2a: Clodsire|72/100
|-anim|p1a: Dragapult|Dragon Darts|p2a: Clodsire
|-damage|p2a: Clodsire|49/100
|
|-heal|p2a: Clodsire|55/100|[from] item: Leftovers
|upkeep
|turn|25
|
|t:|1758923902
|move|p1a: Dragapult|Will-O-Wisp|p2a: Clodsire
|-status|p2a: Clodsire|brn
|move|p2a: Clodsire|Toxic|p1a: Dragapult
|-status|p1a: Dragapult|tox
|
|-heal|p2a: Clodsire|61/100 brn|[from] item: Leftovers
|-damage|p1a: Dragapult|95/100 tox|[from] psn
|-damage|p2a: Clodsire|55/100 brn|[from] brn
|upkeep
|turn|26
|
|t:|1758923910
|move|p1a: Dragapult|Hex|p2a: Clodsire
|-damage|p2a: Clodsire|29/100 brn
|move|p2a: Clodsire|Recover|p2a: Clodsire
|-heal|p2a: Clodsire|79/100 brn
|
|-heal|p2a: Clodsire|85/100 brn|[from] item: Leftovers
|-damage|p1a: Dragapult|83/100 tox|[from] psn
|-damage|p2a: Clodsire|79/100 brn|[from] brn
|upkeep
|turn|27
|
|t:|1758923912
|move|p1a: Dragapult|U-turn|p2a: Clodsire
|-resisted|p2a: Clodsire
|-damage|p2a: Clodsire|68/100 brn
|
|t:|1758923914
|switch|p1a: Hatterene|Hatterene, F|100/100|[from] U-turn
|move|p2a: Clodsire|Stealth Rock|p1a: Hatterene
|move|p1a: Hatterene|Stealth Rock||[from] ability: Magic Bounce|[still]
|-fail|p1a: Hatterene
|
|-heal|p2a: Clodsire|74/100 brn|[from] item: Leftovers
|-damage|p2a: Clodsire|68/100 brn|[from] brn
|upkeep
|turn|28
|
|t:|1758923920
|move|p1a: Hatterene|Psychic Noise|p2a: Clodsire
|-supereffective|p2a: Clodsire
|-damage|p2a: Clodsire|21/100 brn
|-start|p2a: Clodsire|move: Heal Block
|move|p2a: Clodsire|Earthquake|p1a: Hatterene
|-damage|p1a: Hatterene|86/100
|
|-damage|p2a: Clodsire|15/100 brn|[from] brn
|upkeep
|turn|29
|
|t:|1758923925
|move|p1a: Hatterene|Psychic Noise|p2a: Clodsire
|-supereffective|p2a: Clodsire
|-damage|p2a: Clodsire|0 fnt
|faint|p2a: Clodsire
|
|upkeep
|
|t:|1758923927
|switch|p2a: Landorus|Landorus-Therian, M|42/100
|-damage|p2a: Landorus|30/100|[from] Stealth Rock
|-ability|p2a: Landorus|Intimidate|boost
|-unboost|p1a: Hatterene|atk|1
|turn|30
|
|t:|1758923935
|switch|p1a: Corviknight|Corviknight, M|95/100
|-ability|p1a: Corviknight|Pressure
|move|p2a: Landorus|Stone Edge|p1a: Corviknight
|-damage|p1a: Corviknight|58/100
|
|upkeep
|turn|31
|
|t:|1758923941
|move|p2a: Landorus|Stone Edge|p1a: Corviknight
|-damage|p1a: Corviknight|22/100
|move|p1a: Corviknight|Roost|p1a: Corviknight
|-heal|p1a: Corviknight|72/100
|-singleturn|p1a: Corviknight|move: Roost
|
|upkeep
|turn|32
|
|t:|1758923944
|switch|p2a: Armarouge|Armarouge, F|45/100
|-damage|p2a: Armarouge|20/100|[from] Stealth Rock
|move|p1a: Corviknight|Roost|p1a: Corviknight
|-heal|p1a: Corviknight|100/100
|-singleturn|p1a: Corviknight|move: Roost
|
|upkeep
|turn|33
|
|t:|1758923950
|switch|p1a: Dragapult|Dragapult, F|83/100 tox
|move|p2a: Armarouge|Armor Cannon|p1a: Dragapult
|-resisted|p1a: Dragapult
|-damage|p1a: Dragapult|33/100 tox
|-unboost|p2a: Armarouge|def|1
|-unboost|p2a: Armarouge|spd|1
|
|-damage|p1a: Dragapult|27/100 tox|[from] psn
|upkeep
|turn|34
|j| amefurikoneko
|
|t:|1758923961
|move|p2a: Armarouge|Endure|p2a: Armarouge
|-singleturn|p2a: Armarouge|move: Endure
|move|p1a: Dragapult|U-turn|p2a: Armarouge
|-activate|p2a: Armarouge|move: Endure
|-damage|p2a: Armarouge|1/100
|-ability|p2a: Armarouge|Weak Armor|boost
|-unboost|p2a: Armarouge|def|1
|-boost|p2a: Armarouge|spe|2
|
|t:|1758923965
|switch|p1a: Hatterene|Hatterene, F|86/100|[from] U-turn
|
|upkeep
|turn|35
|
|t:|1758923970
|move|p2a: Armarouge|Armor Cannon|p1a: Hatterene
|-damage|p1a: Hatterene|50/100
|-unboost|p2a: Armarouge|def|1
|-unboost|p2a: Armarouge|spd|1
|move|p1a: Hatterene|Draining Kiss|p2a: Armarouge
|-resisted|p2a: Armarouge
|-damage|p2a: Armarouge|0 fnt
|-heal|p1a: Hatterene|50/100|[from] drain|[of] p2a: Armarouge
|faint|p2a: Armarouge
|
|upkeep
|-message|mr.diversity forfeited.
|
|win|Beto1769
|raw|Beto1769's rating: 1724 &rarr; <strong>1747</strong><br />(+23 for winning)
|raw|mr.diversity's rating: 1784 &rarr; <strong>1761</strong><br />(-23 for losing)
|l|☆mr.diversity
|player|p2|
|c|☆Beto1769|gg
|l| amefurikoneko
