|j|☆ratsausage
|j|☆Bleud29
|t:|1759054591
|gametype|singles
|player|p1|ratsausage|boarder|1172
|player|p2|Bleud29|102|1163
|gen|9
|tier|[Gen 9] OU
|rated|
|rule|HP Percentage Mod: HP is shown in percentages
|rule|Endless Battle Clause: Forcing endless battles is banned
|rule|Species Clause: Limit one of each Pokémon
|rule|OHKO Clause: OHKO moves are banned
|rule|Evasion Items Clause: Evasion items are banned
|rule|Evasion Moves Clause: Evasion moves are banned
|rule|Evasion Abilities Clause: Evasion abilities are banned
|rule|Sleep Moves Clause: Sleep-inducing moves are banned
|clearpoke
|poke|p1|Raging Bolt|
|poke|p1|Kingambit, M|
|poke|p1|Great Tusk|
|poke|p1|Ogerpon-Wellspring, F|
|poke|p1|Moltres|
|poke|p1|Darkrai|
|poke|p2|Thundurus, M|
|poke|p2|Vileplume, M|
|poke|p2|Torkoal, M|
|poke|p2|Passimian, F|
|poke|p2|Weezing-Galar, M|
|poke|p2|Toxapex, F|
|teampreview
|inactive|Battle timer is ON: inactive players will automatically lose when time's up. (requested by ratsausage)
|
|t:|1759054604
|teamsize|p1|6
|teamsize|p2|6
|start
|switch|p1a: Darkrai|Darkrai|100/100
|switch|p2a: Torkoal|Torkoal, M|100/100
|-item|p2a: Torkoal|Air Balloon
|turn|1
|
|t:|1759054615
|move|p1a: Darkrai|Dark Pulse|p2a: Torkoal
|-damage|p2a: Torkoal|0 fnt
|-enditem|p2a: Torkoal|Air Balloon
|faint|p2a: Torkoal
|
|upkeep
|
|t:|1759054620
|switch|p2a: Weezing|Weezing-Galar, M|100/100
|-fieldstart|move: Misty Terrain|[from] ability: Misty Surge|[of] p2a: Weezing
|turn|2
|
|t:|1759054632
|switch|p1a: Ogerpon|Ogerpon-Wellspring, F|100/100
|move|p2a: Weezing|Toxic Spikes|p1a: Ogerpon
|-sidestart|p1: ratsausage|move: Toxic Spikes
|
|upkeep
|turn|3
|
|t:|1759054642
|switch|p2a: Vileplume|Vileplume, M|100/100
|move|p1a: Ogerpon|Ivy Cudgel|p2a: Vileplume|[anim] Ivy Cudgel Water
|-resisted|p2a: Vileplume
|-damage|p2a: Vileplume|68/100
|
|-heal|p2a: Vileplume|75/100|[from] item: Leftovers
|upkeep
|turn|4
|
|t:|1759054653
|move|p1a: Ogerpon|U-turn|p2a: Vileplume
|-damage|p2a: Vileplume|42/100
|
|t:|1759054662
|switch|p1a: Moltres|Moltres|100/100|[from] U-turn
|move|p2a: Vileplume|Toxic|p1a: Moltres
|-status|p1a: Moltres|tox
|
|-heal|p2a: Vileplume|49/100|[from] item: Leftovers
|-damage|p1a: Moltres|94/100 tox|[from] psn
|upkeep
|turn|5
|
|t:|1759054675
|switch|p2a: Toxapex|Toxapex, F|100/100
|move|p1a: Moltres|Flamethrower|p2a: Toxapex
|-resisted|p2a: Toxapex
|-damage|p2a: Toxapex|82/100
|
|-damage|p1a: Moltres|82/100 tox|[from] psn
|upkeep
|turn|6
|
|t:|1759054686
|move|p1a: Moltres|U-turn|p2a: Toxapex
|-resisted|p2a: Toxapex
|-damage|p2a: Toxapex|76/100
|
|t:|1759054690
|switch|p1a: Kingambit|Kingambit, M|100/100|[from] U-turn
|move|p2a: Toxapex|Liquidation|p1a: Kingambit
|-damage|p1a: Kingambit|66/100
|-unboost|p1a: Kingambit|def|1
|
|-fieldend|Misty Terrain
|upkeep
|turn|7
|
|t:|1759054702
|switch|p2a: Vileplume|Vileplume, M|49/100
|move|p1a: Kingambit|Kowtow Cleave|p2a: Vileplume
|-damage|p2a: Vileplume|0 fnt
|faint|p2a: Vileplume
|
|upkeep
|
|t:|1759054714
|switch|p2a: Passimian|Passimian, F|100/100
|turn|8
|
|t:|1759054722
|-end|p1a: Kingambit|fallenundefined|[silent]
|switch|p1a: Moltres|Moltres|82/100 tox
|move|p2a: Passimian|Close Combat|p1a: Moltres
|-resisted|p1a: Moltres
|-crit|p1a: Moltres
|-damage|p1a: Moltres|40/100 tox
|-unboost|p2a: Passimian|def|1
|-unboost|p2a: Passimian|spd|1
|
|-damage|p1a: Moltres|34/100 tox|[from] psn
|upkeep
|turn|9
|inactive|ratsausage has 120 seconds left.
|
|t:|1759054762
|switch|p2a: Toxapex|Toxapex, F|76/100
|move|p1a: Moltres|Flamethrower|p2a: Toxapex
|-resisted|p2a: Toxapex
|-damage|p2a: Toxapex|58/100
|
|-damage|p1a: Moltres|22/100 tox|[from] psn
|upkeep
|turn|10
|
|t:|1759054780
|switch|p2a: Passimian|Passimian, F|100/100
|move|p1a: Moltres|U-turn|p2a: Passimian
|-resisted|p2a: Passimian
|-damage|p2a: Passimian|92/100
|inactive|ratsausage has 120 seconds left.
|
|t:|1759054803
|switch|p1a: Ogerpon|Ogerpon-Wellspring, F|100/100|[from] U-turn
|-status|p1a: Ogerpon|psn
|
|-damage|p1a: Ogerpon|88/100 psn|[from] psn
|upkeep
|turn|11
|
|t:|1759054827
|switch|p2a: Toxapex|Toxapex, F|58/100
|move|p1a: Ogerpon|Wood Hammer|p2a: Toxapex
|-damage|p2a: Toxapex|0 fnt
|faint|p2a: Toxapex
|-damage|p1a: Ogerpon|69/100 psn|[from] Recoil
|
|-damage|p1a: Ogerpon|57/100 psn|[from] psn
|upkeep
|
|t:|1759054841
|switch|p2a: Thundurus|Thundurus, M|100/100
|turn|12
|inactive|ratsausage has 120 seconds left.
|
|t:|1759054850
|switch|p1a: Raging Bolt|Raging Bolt|100/100
|-status|p1a: Raging Bolt|psn
|move|p2a: Thundurus|Supercell Slam|p1a: Raging Bolt|[miss]
|-miss|p2a: Thundurus|p1a: Raging Bolt
|-damage|p2a: Thundurus|51/100|[from] supercellslam
|
|-damage|p1a: Raging Bolt|88/100 psn|[from] psn
|upkeep
|turn|13
|
|t:|1759054862
|move|p2a: Thundurus|Swagger|p1a: Raging Bolt
|-boost|p1a: Raging Bolt|atk|2
|-start|p1a: Raging Bolt|confusion
|-enditem|p2a: Thundurus|Mirror Herb
|-boost|p2a: Thundurus|atk|2|[from] item: Mirror Herb
|-activate|p1a: Raging Bolt|confusion
|-damage|p1a: Raging Bolt|78/100 psn|[from] confusion
|
|-damage|p1a: Raging Bolt|66/100 psn|[from] psn
|upkeep
|turn|14
|
|t:|1759054874
|move|p2a: Thundurus|Knock Off|p1a: Raging Bolt
|-damage|p1a: Raging Bolt|15/100 psn
|-enditem|p1a: Raging Bolt|Life Orb|[from] move: Knock Off|[of] p2a: Thundurus
|-activate|p1a: Raging Bolt|confusion
|move|p1a: Raging Bolt|Dragon Pulse|p2a: Thundurus
|-damage|p2a: Thundurus|0 fnt
|faint|p2a: Thundurus
|
|-damage|p1a: Raging Bolt|2/100 psn|[from] psn
|upkeep
|inactive|Bleud29 has 120 seconds left.
|
|t:|1759054890
|switch|p2a: Weezing|Weezing-Galar, M|100/100
|-fieldstart|move: Misty Terrain|[from] ability: Misty Surge|[of] p2a: Weezing
|turn|15
|inactive|Bleud29 has 120 seconds left.
|
|t:|1759054906
|-activate|p1a: Raging Bolt|confusion
|-damage|p1a: Raging Bolt|0 fnt|[from] confusion
|faint|p1a: Raging Bolt
|-end|p1a: Raging Bolt|Protosynthesis|[silent]
|move|p2a: Weezing|Flamethrower|p1: Raging Bolt|[notarget]
|-fail|p2a: Weezing
|
|upkeep
|
|t:|1759054921
|switch|p1a: Great Tusk|Great Tusk|100/100
|-enditem|p1a: Great Tusk|Booster Energy
|-activate|p1a: Great Tusk|ability: Protosynthesis|[fromitem]
|-start|p1a: Great Tusk|protosynthesisatk
|turn|16
|
|t:|1759054928
|move|p1a: Great Tusk|Earthquake|p2a: Weezing
|-supereffective|p2a: Weezing
|-crit|p2a: Weezing
|-damage|p2a: Weezing|0 fnt
|faint|p2a: Weezing
|
|upkeep
|-message|Bleud29 forfeited.
|
|win|ratsausage
|raw|ratsausage's rating: 1172 &rarr; <strong>1196</strong><br />(+24 for winning)
|raw|Bleud29's rating: 1163 &rarr; <strong>1139</strong><br />(-24 for losing)
|l|☆Bleud29
|player|p2|
|l|☆ratsausage
|player|p1|
