|j|☆crealed
|j|☆itfadestoblacks
|t:|1758991820
|gametype|singles
|player|p1|crealed|shelly|1361
|player|p2|itfadestoblacks|linebacker|1360
|gen|9
|tier|[Gen 9] OU
|rated|
|rule|HP Percentage Mod: HP is shown in percentages
|rule|Endless Battle Clause: Forcing endless battles is banned
|rule|Species Clause: Limit one of each Pokémon
|rule|OHKO Clause: OHKO moves are banned
|rule|Evasion Items Clause: Evasion items are banned
|rule|Evasion Moves Clause: Evasion moves are banned
|rule|Evasion Abilities Clause: Evasion abilities are banned
|rule|Sleep Moves Clause: Sleep-inducing moves are banned
|clearpoke
|poke|p1|Tyranitar, F|
|poke|p1|Excadrill, M|
|poke|p1|Bronzong|
|poke|p1|Slither Wing|
|poke|p1|Alomomola, F|
|poke|p1|Ogerpon-Wellspring, F|
|poke|p2|Tyranitar, M|
|poke|p2|Mienshao, F|
|poke|p2|Hydrapple, F|
|poke|p2|Great Tusk|
|poke|p2|Alomomola, M|
|poke|p2|Garganacl, M|
|teampreview
|inactive|Battle timer is ON: inactive players will automatically lose when time's up. (requested by crealed)
|inactive|itfadestoblacks has 120 seconds left.
|
|t:|1758991858
|teamsize|p1|6
|teamsize|p2|6
|start
|switch|p1a: Slither Wing|Slither Wing|100/100
|switch|p2a: Mienshao|Mienshao, F|100/100
|turn|1
|inactive|itfadestoblacks has 120 seconds left.
|
|t:|1758991899
|move|p2a: Mienshao|U-turn|p1a: Slither Wing
|-resisted|p1a: Slither Wing
|-damage|p1a: Slither Wing|88/100
|-damage|p2a: Mienshao|91/100|[from] item: Life Orb
|
|t:|1758991902
|switch|p2a: Alomomola|Alomomola, M|100/100|[from] U-turn
|move|p1a: Slither Wing|Will-O-Wisp|p2a: Alomomola
|-status|p2a: Alomomola|brn
|
|-damage|p2a: Alomomola|94/100 brn|[from] brn
|upkeep
|turn|2
|inactive|itfadestoblacks has 120 seconds left.
|
|t:|1758991908
|move|p1a: Slither Wing|U-turn|p2a: Alomomola
|-damage|p2a: Alomomola|68/100 brn
|
|t:|1758991911
|-end|p1a: Slither Wing|Protosynthesis|[silent]
|switch|p1a: Ogerpon|Ogerpon-Wellspring, F|100/100|[from] U-turn
|move|p2a: Alomomola|Body Slam|p1a: Ogerpon
|-damage|p1a: Ogerpon|91/100
|-status|p1a: Ogerpon|par
|
|-damage|p2a: Alomomola|62/100 brn|[from] brn
|upkeep
|turn|3
|
|t:|1758991917
|switch|p2a: Hydrapple|Hydrapple, F|100/100
|cant|p1a: Ogerpon|par
|
|upkeep
|turn|4
|
|t:|1758991932
|switch|p1a: Slither Wing|Slither Wing|88/100
|move|p2a: Hydrapple|Nasty Plot|p2a: Hydrapple
|-boost|p2a: Hydrapple|spa|2
|
|upkeep
|turn|5
|
|t:|1758991937
|move|p1a: Slither Wing|U-turn|p2a: Hydrapple
|-supereffective|p2a: Hydrapple
|-damage|p2a: Hydrapple|67/100
|
|t:|1758991941
|-end|p1a: Slither Wing|Protosynthesis|[silent]
|switch|p1a: Bronzong|Bronzong|100/100|[from] U-turn
|move|p2a: Hydrapple|Fickle Beam|p1a: Bronzong
|-resisted|p1a: Bronzong
|-damage|p1a: Bronzong|78/100
|
|-heal|p1a: Bronzong|85/100|[from] item: Leftovers
|upkeep
|turn|6
|
|t:|1758991953
|switch|p2a: Alomomola|Alomomola, M|95/100 brn
|move|p1a: Bronzong|Psychic Noise|p2a: Alomomola
|-damage|p2a: Alomomola|84/100 brn
|-start|p2a: Alomomola|move: Heal Block
|
|-heal|p1a: Bronzong|91/100|[from] item: Leftovers
|-damage|p2a: Alomomola|78/100 brn|[from] brn
|upkeep
|turn|7
|
|t:|1758991957
|move|p2a: Alomomola|Flip Turn|p1a: Bronzong
|-crit|p1a: Bronzong
|-damage|p1a: Bronzong|79/100
|
|t:|1758991972
|switch|p2a: Garganacl|Garganacl, M|100/100|[from] Flip Turn
|move|p1a: Bronzong|Stealth Rock|p2a: Garganacl
|-sidestart|p2: itfadestoblacks|move: Stealth Rock
|
|-heal|p1a: Bronzong|86/100|[from] item: Leftovers
|upkeep
|turn|8
|
|t:|1758991977
|switch|p1a: Slither Wing|Slither Wing|88/100
|move|p2a: Garganacl|Salt Cure|p1a: Slither Wing
|-damage|p1a: Slither Wing|76/100
|-start|p1a: Slither Wing|Salt Cure
|
|-damage|p1a: Slither Wing|64/100|[from] Salt Cure
|upkeep
|turn|9
|
|t:|1758991985
|move|p1a: Slither Wing|Close Combat|p2a: Garganacl
|-supereffective|p2a: Garganacl
|-damage|p2a: Garganacl|26/100
|-unboost|p1a: Slither Wing|def|1
|-unboost|p1a: Slither Wing|spd|1
|move|p2a: Garganacl|Stealth Rock|p1a: Slither Wing
|-sidestart|p1: crealed|move: Stealth Rock
|
|-heal|p2a: Garganacl|32/100|[from] item: Leftovers
|-damage|p1a: Slither Wing|51/100|[from] Salt Cure
|upkeep
|turn|10
|
|t:|1758991991
|-terastallize|p2a: Garganacl|Flying
|move|p1a: Slither Wing|U-turn|p2a: Garganacl
|-resisted|p2a: Garganacl
|-damage|p2a: Garganacl|22/100
|
|t:|1758991996
|-end|p1a: Slither Wing|Protosynthesis|[silent]
|switch|p1a: Tyranitar|Tyranitar, F|100/100|[from] U-turn
|-damage|p1a: Tyranitar|88/100|[from] Stealth Rock
|-weather|Sandstorm|[from] ability: Sand Stream|[of] p1a: Tyranitar
|move|p2a: Garganacl|Recover|p2a: Garganacl
|-heal|p2a: Garganacl|72/100
|
|-weather|Sandstorm|[upkeep]
|-damage|p2a: Garganacl|65/100|[from] Sandstorm
|-heal|p2a: Garganacl|72/100|[from] item: Leftovers
|upkeep
|turn|11
|
|t:|1758992002
|move|p2a: Garganacl|Protect|p2a: Garganacl
|-singleturn|p2a: Garganacl|Protect
|move|p1a: Tyranitar|Knock Off|p2a: Garganacl
|-activate|p2a: Garganacl|move: Protect
|
|-weather|Sandstorm|[upkeep]
|-damage|p2a: Garganacl|65/100|[from] Sandstorm
|-heal|p2a: Garganacl|72/100|[from] item: Leftovers
|upkeep
|turn|12
|
|t:|1758992007
|switch|p2a: Mienshao|Mienshao, F|100/100
|-damage|p2a: Mienshao|95/100|[from] Stealth Rock
|move|p1a: Tyranitar|Knock Off|p2a: Mienshao
|-resisted|p2a: Mienshao
|-damage|p2a: Mienshao|14/100
|-enditem|p2a: Mienshao|Life Orb|[from] move: Knock Off|[of] p1a: Tyranitar
|
|-weather|Sandstorm|[upkeep]
|-damage|p2a: Mienshao|8/100|[from] Sandstorm
|upkeep
|turn|13
|
|t:|1758992016
|switch|p1a: Alomomola|Alomomola, F|100/100
|move|p2a: Mienshao|Knock Off|p1a: Alomomola
|-damage|p1a: Alomomola|83/100
|-enditem|p1a: Alomomola|Heavy-Duty Boots|[from] move: Knock Off|[of] p2a: Mienshao
|
|-weather|Sandstorm|[upkeep]
|-damage|p2a: Mienshao|2/100|[from] Sandstorm
|-damage|p1a: Alomomola|77/100|[from] Sandstorm
|upkeep
|turn|14
|
|t:|1758992026
|move|p2a: Mienshao|U-turn|p1a: Alomomola
|-damage|p1a: Alomomola|62/100
|
|t:|1758992034
|switch|p2a: Hydrapple|Hydrapple, F|99/100|[from] U-turn
|move|p1a: Alomomola|Flip Turn|p2a: Hydrapple
|-resisted|p2a: Hydrapple
|-damage|p2a: Hydrapple|98/100
|
|t:|1758992040
|switch|p1a: Tyranitar|Tyranitar, F|88/100|[from] Flip Turn
|-damage|p1a: Tyranitar|76/100|[from] Stealth Rock
|
|-weather|none
|upkeep
|turn|15
|
|t:|1758992048
|switch|p2a: Alomomola|Alomomola, M|100/100 brn
|-damage|p2a: Alomomola|88/100 brn|[from] Stealth Rock
|move|p1a: Tyranitar|Ice Punch|p2a: Alomomola
|-resisted|p2a: Alomomola
|-damage|p2a: Alomomola|72/100 brn
|
|-damage|p2a: Alomomola|65/100 brn|[from] brn
|upkeep
|turn|16
|
|t:|1758992053
|switch|p1a: Ogerpon|Ogerpon-Wellspring, F|91/100 par
|-damage|p1a: Ogerpon|78/100 par|[from] Stealth Rock
|switch|p2a: Great Tusk|Great Tusk|100/100
|
|upkeep
|turn|17
|
|t:|1758992065
|-end|p2a: Great Tusk|Protosynthesis|[silent]
|switch|p2a: Hydrapple|Hydrapple, F|100/100
|move|p1a: Ogerpon|Play Rough|p2a: Hydrapple
|-supereffective|p2a: Hydrapple
|-damage|p2a: Hydrapple|62/100
|
|upkeep
|turn|18
|
|t:|1758992083
|switch|p1a: Slither Wing|Slither Wing|51/100
|move|p2a: Hydrapple|Giga Drain|p1a: Slither Wing
|-resisted|p1a: Slither Wing
|-damage|p1a: Slither Wing|38/100
|-heal|p2a: Hydrapple|68/100|[from] drain|[of] p1a: Slither Wing
|
|upkeep
|turn|19
|
|t:|1758992093
|move|p1a: Slither Wing|U-turn|p2a: Hydrapple
|-supereffective|p2a: Hydrapple
|-damage|p2a: Hydrapple|35/100
|
|t:|1758992097
|-end|p1a: Slither Wing|Protosynthesis|[silent]
|switch|p1a: Bronzong|Bronzong|86/100|[from] U-turn
|-damage|p1a: Bronzong|79/100|[from] Stealth Rock
|move|p2a: Hydrapple|Nasty Plot|p2a: Hydrapple
|-boost|p2a: Hydrapple|spa|2
|
|-heal|p1a: Bronzong|86/100|[from] item: Leftovers
|upkeep
|turn|20
|
|t:|1758992104
|move|p2a: Hydrapple|Fickle Beam|p1a: Bronzong
|-resisted|p1a: Bronzong
|-damage|p1a: Bronzong|64/100
|move|p1a: Bronzong|Psychic Noise|p2a: Hydrapple
|-damage|p2a: Hydrapple|14/100
|-start|p2a: Hydrapple|move: Heal Block
|
|-heal|p1a: Bronzong|71/100|[from] item: Leftovers
|upkeep
|turn|21
|
|t:|1758992120
|switch|p2a: Alomomola|Alomomola, M|99/100 brn
|-damage|p2a: Alomomola|86/100 brn|[from] Stealth Rock
|move|p1a: Bronzong|Heavy Slam|p2a: Alomomola
|-resisted|p2a: Alomomola
|-damage|p2a: Alomomola|72/100 brn
|
|-heal|p1a: Bronzong|77/100|[from] item: Leftovers
|-damage|p2a: Alomomola|66/100 brn|[from] brn
|upkeep
|turn|22
|
|t:|1758992128
|move|p2a: Alomomola|Body Slam|p1a: Bronzong
|-resisted|p1a: Bronzong
|-damage|p1a: Bronzong|73/100
|move|p1a: Bronzong|Psychic Noise|p2a: Alomomola
|-damage|p2a: Alomomola|56/100 brn
|-start|p2a: Alomomola|move: Heal Block
|
|-heal|p1a: Bronzong|79/100|[from] item: Leftovers
|-damage|p2a: Alomomola|50/100 brn|[from] brn
|upkeep
|turn|23
|
|t:|1758992137
|switch|p1a: Ogerpon|Ogerpon-Wellspring, F|78/100 par
|-damage|p1a: Ogerpon|66/100 par|[from] Stealth Rock
|move|p2a: Alomomola|Body Slam|p1a: Ogerpon
|-damage|p1a: Ogerpon|56/100 par
|
|-damage|p2a: Alomomola|44/100 brn|[from] brn
|-end|p2a: Alomomola|move: Heal Block
|upkeep
|turn|24
|
|t:|1758992148
|switch|p2a: Hydrapple|Hydrapple, F|48/100
|cant|p1a: Ogerpon|par
|
|upkeep
|turn|25
|
|t:|1758992154
|switch|p2a: Alomomola|Alomomola, M|77/100 brn
|-damage|p2a: Alomomola|65/100 brn|[from] Stealth Rock
|move|p1a: Ogerpon|Play Rough|p2a: Alomomola
|-damage|p2a: Alomomola|39/100 brn
|
|-damage|p2a: Alomomola|33/100 brn|[from] brn
|upkeep
|turn|26
|
|t:|1758992162
|switch|p2a: Hydrapple|Hydrapple, F|81/100
|move|p1a: Ogerpon|Play Rough|p2a: Hydrapple|[miss]
|-miss|p1a: Ogerpon|p2a: Hydrapple
|
|upkeep
|turn|27
|
|t:|1758992170
|switch|p1a: Bronzong|Bronzong|79/100
|-damage|p1a: Bronzong|73/100|[from] Stealth Rock
|move|p2a: Hydrapple|Giga Drain|p1a: Bronzong
|-resisted|p1a: Bronzong
|-damage|p1a: Bronzong|64/100
|-heal|p2a: Hydrapple|85/100|[from] drain|[of] p1a: Bronzong
|
|-heal|p1a: Bronzong|70/100|[from] item: Leftovers
|upkeep
|turn|28
|
|t:|1758992179
|move|p2a: Hydrapple|Earth Power|p1a: Bronzong
|-immune|p1a: Bronzong|[from] ability: Levitate
|move|p1a: Bronzong|Psychic Noise|p2a: Hydrapple
|-damage|p2a: Hydrapple|64/100
|-start|p2a: Hydrapple|move: Heal Block
|
|-heal|p1a: Bronzong|77/100|[from] item: Leftovers
|upkeep
|turn|29
|
|t:|1758992194
|switch|p2a: Alomomola|Alomomola, M|66/100 brn
|-damage|p2a: Alomomola|54/100 brn|[from] Stealth Rock
|move|p1a: Bronzong|Psychic Noise|p2a: Alomomola
|-damage|p2a: Alomomola|44/100 brn
|-start|p2a: Alomomola|move: Heal Block
|
|-heal|p1a: Bronzong|83/100|[from] item: Leftovers
|-damage|p2a: Alomomola|38/100 brn|[from] brn
|upkeep
|turn|30
|
|t:|1758992203
|switch|p2a: Hydrapple|Hydrapple, F|97/100
|switch|p1a: Ogerpon|Ogerpon-Wellspring, F|56/100 par
|-damage|p1a: Ogerpon|43/100 par|[from] Stealth Rock
|
|upkeep
|turn|31
|
|t:|1758992215
|switch|p1a: Bronzong|Bronzong|83/100
|-damage|p1a: Bronzong|77/100|[from] Stealth Rock
|move|p2a: Hydrapple|Nasty Plot|p2a: Hydrapple
|-boost|p2a: Hydrapple|spa|2
|
|-heal|p1a: Bronzong|83/100|[from] item: Leftovers
|upkeep
|turn|32
|
|t:|1758992220
|move|p2a: Hydrapple|Nasty Plot|p2a: Hydrapple
|-boost|p2a: Hydrapple|spa|2
|move|p1a: Bronzong|Psychic Noise|p2a: Hydrapple
|-damage|p2a: Hydrapple|76/100
|-start|p2a: Hydrapple|move: Heal Block
|
|-heal|p1a: Bronzong|89/100|[from] item: Leftovers
|upkeep
|turn|33
|
|t:|1758992225
|move|p2a: Hydrapple|Fickle Beam|p1a: Bronzong
|-resisted|p1a: Bronzong
|-damage|p1a: Bronzong|59/100
|move|p1a: Bronzong|Heavy Slam|p2a: Hydrapple
|-damage|p2a: Hydrapple|65/100
|
|-heal|p1a: Bronzong|65/100|[from] item: Leftovers
|-end|p2a: Hydrapple|move: Heal Block
|upkeep
|turn|34
|
|t:|1758992231
|move|p2a: Hydrapple|Giga Drain|p1a: Bronzong
|-resisted|p1a: Bronzong
|-damage|p1a: Bronzong|37/100
|-heal|p2a: Hydrapple|76/100|[from] drain|[of] p1a: Bronzong
|move|p1a: Bronzong|Psychic Noise|p2a: Hydrapple
|-damage|p2a: Hydrapple|55/100
|-start|p2a: Hydrapple|move: Heal Block
|
|-heal|p1a: Bronzong|43/100|[from] item: Leftovers
|upkeep
|turn|35
|
|t:|1758992239
|switch|p1a: Tyranitar|Tyranitar, F|76/100
|-damage|p1a: Tyranitar|64/100|[from] Stealth Rock
|-weather|Sandstorm|[from] ability: Sand Stream|[of] p1a: Tyranitar
|move|p2a: Hydrapple|Fickle Beam|p1a: Tyranitar
|-damage|p1a: Tyranitar|0 fnt
|faint|p1a: Tyranitar
|
|-weather|Sandstorm|[upkeep]
|-damage|p2a: Hydrapple|49/100|[from] Sandstorm
|-end|p2a: Hydrapple|move: Heal Block
|upkeep
|
|t:|1758992247
|switch|p1a: Slither Wing|Slither Wing|38/100
|turn|36
|
|t:|1758992270
|move|p1a: Slither Wing|First Impression|p2a: Hydrapple
|-supereffective|p2a: Hydrapple
|-damage|p2a: Hydrapple|2/100
|move|p2a: Hydrapple|Giga Drain|p1a: Slither Wing
|-resisted|p1a: Slither Wing
|-damage|p1a: Slither Wing|0 fnt
|-heal|p2a: Hydrapple|19/100|[from] drain|[of] p1a: Slither Wing
|faint|p1a: Slither Wing
|-end|p1a: Slither Wing|Protosynthesis|[silent]
|
|-weather|Sandstorm|[upkeep]
|-damage|p2a: Hydrapple|13/100|[from] Sandstorm
|upkeep
|
|t:|1758992277
|switch|p1a: Excadrill|Excadrill, M|100/100
|-damage|p1a: Excadrill|97/100|[from] Stealth Rock
|turn|37
|inactive|itfadestoblacks has 120 seconds left.
|
|t:|1758992307
|switch|p2a: Great Tusk|Great Tusk|100/100
|move|p1a: Excadrill|Rapid Spin|p2a: Great Tusk
|-damage|p2a: Great Tusk|86/100
|-boost|p1a: Excadrill|spe|1
|-sideend|p1: crealed|Stealth Rock|[from] move: Rapid Spin|[of] p1a: Excadrill
|-damage|p1a: Excadrill|87/100|[from] item: Life Orb
|
|-weather|Sandstorm|[upkeep]
|upkeep
|turn|38
|
|t:|1758992327
|-terastallize|p1a: Excadrill|Ghost
|move|p1a: Excadrill|Earthquake|p2a: Great Tusk
|-damage|p2a: Great Tusk|46/100
|-damage|p1a: Excadrill|78/100|[from] item: Life Orb
|move|p2a: Great Tusk|Rapid Spin|p1a: Excadrill
|-immune|p1a: Excadrill
|
|-weather|Sandstorm|[upkeep]
|upkeep
|turn|39
|
|t:|1758992337
|move|p1a: Excadrill|Iron Head|p2a: Great Tusk
|-damage|p2a: Great Tusk|15/100
|-damage|p1a: Excadrill|68/100|[from] item: Life Orb
|move|p2a: Great Tusk|Knock Off|p1a: Excadrill
|-supereffective|p1a: Excadrill
|-damage|p1a: Excadrill|0 fnt
|-enditem|p1a: Excadrill|Life Orb|[from] move: Knock Off|[of] p2a: Great Tusk
|faint|p1a: Excadrill
|
|-weather|none
|upkeep
|-message|crealed forfeited.
|
|win|itfadestoblacks
|raw|crealed's rating: 1361 &rarr; <strong>1342</strong><br />(-19 for losing)
|raw|itfadestoblacks's rating: 1376 &rarr; <strong>1395</strong><br />(+19 for winning)
|l|☆crealed
|player|p1|
|l|☆itfadestoblacks
|player|p2|
