|j|☆lerendezvous
|j|☆MiaTaylor612
|t:|1758951650
|gametype|singles
|player|p1|lerendezvous|101|1641
|player|p2|MiaTaylor612|lady-gen4|1746
|gen|9
|tier|[Gen 9] OU
|rated|
|rule|HP Percentage Mod: HP is shown in percentages
|rule|Endless Battle Clause: Forcing endless battles is banned
|rule|Species Clause: Limit one of each Pokémon
|rule|OHKO Clause: OHKO moves are banned
|rule|Evasion Items Clause: Evasion items are banned
|rule|Evasion Moves Clause: Evasion moves are banned
|rule|Evasion Abilities Clause: Evasion abilities are banned
|rule|Sleep Moves Clause: Sleep-inducing moves are banned
|clearpoke
|poke|p1|Ogerpon-Wellspring, F|
|poke|p1|Slowking-Galar, F|
|poke|p1|Great Tusk|
|poke|p1|Moltres|
|poke|p1|Dragapult, F|
|poke|p1|Kingambit, F|
|poke|p2|Hoopa-Unbound|
|poke|p2|Pecharunt|
|poke|p2|Slowking-Galar, F|
|poke|p2|Great Tusk|
|poke|p2|Corviknight, F|
|poke|p2|Cinderace, M|
|teampreview
|inactive|Battle timer is ON: inactive players will automatically lose when time's up. (requested by MiaTaylor612)
|inactive|lerendezvous also wants the timer to be on.
|inactive|MiaTaylor612 has 120 seconds left.
|
|t:|1758951692
|teamsize|p1|6
|teamsize|p2|6
|start
|switch|p1a: Dragapult|Dragapult, F|100/100
|switch|p2a: Slowking|Slowking-Galar, F|100/100
|turn|1
|
|t:|1758951696
|move|p1a: Dragapult|Dragon Darts|p2a: Slowking
|-damage|p2a: Slowking|76/100
|-anim|p1a: Dragapult|Dragon Darts|p2a: Slowking
|-damage|p2a: Slowking|53/100
|move|p2a: Slowking|Thunder Wave|p1a: Dragapult|[miss]
|-miss|p2a: Slowking|p1a: Dragapult
|
|upkeep
|turn|2
|
|t:|1758951705
|move|p1a: Dragapult|Hex|p2a: Slowking
|-supereffective|p2a: Slowking
|-damage|p2a: Slowking|23/100
|-prepare|p2a: Slowking|Chilly Reception|[premajor]
|move|p2a: Slowking|Chilly Reception|p2a: Slowking
|-weather|Snowscape
|
|t:|1758951709
|switch|p2a: Cinderace|Cinderace, M|100/100|[from] Chilly Reception
|
|-weather|Snowscape|[upkeep]
|upkeep
|turn|3
|
|t:|1758951713
|move|p1a: Dragapult|Dragon Darts|p2a: Cinderace
|-crit|p2a: Cinderace
|-damage|p2a: Cinderace|56/100
|-anim|p1a: Dragapult|Dragon Darts|p2a: Cinderace
|-damage|p2a: Cinderace|25/100
|move|p2a: Cinderace|Pyro Ball|p1a: Dragapult
|-resisted|p1a: Dragapult
|-damage|p1a: Dragapult|61/100
|
|-weather|Snowscape|[upkeep]
|upkeep
|turn|4
|
|t:|1758951722
|move|p2a: Cinderace|Sucker Punch||[still]
|-fail|p2a: Cinderace
|move|p1a: Dragapult|Will-O-Wisp|p2a: Cinderace
|-immune|p2a: Cinderace
|
|-weather|Snowscape|[upkeep]
|upkeep
|turn|5
|
|t:|1758951726
|move|p1a: Dragapult|Will-O-Wisp|p2a: Cinderace
|-immune|p2a: Cinderace
|move|p2a: Cinderace|U-turn|p1a: Dragapult
|-start|p2a: Cinderace|typechange|Bug|[from] ability: Libero
|-resisted|p1a: Dragapult
|-damage|p1a: Dragapult|38/100
|
|t:|1758951729
|switch|p2a: Slowking|Slowking-Galar, F|56/100|[from] U-turn
|
|-weather|Snowscape|[upkeep]
|upkeep
|turn|6
|
|t:|1758951734
|move|p1a: Dragapult|Hex|p2a: Slowking
|-supereffective|p2a: Slowking
|-damage|p2a: Slowking|22/100
|move|p2a: Slowking|Psychic Noise|p1a: Dragapult
|-damage|p1a: Dragapult|0 fnt
|faint|p1a: Dragapult
|
|-weather|none
|upkeep
|
|t:|1758951742
|switch|p1a: Kingambit|Kingambit, F|100/100
|-activate|p1a: Kingambit|ability: Supreme Overlord
|-start|p1a: Kingambit|fallen1|[silent]
|turn|7
|
|t:|1758951754
|switch|p2a: Corviknight|Corviknight, F|100/100
|-ability|p2a: Corviknight|Pressure
|move|p1a: Kingambit|Swords Dance|p1a: Kingambit
|-boost|p1a: Kingambit|atk|2
|
|upkeep
|turn|8
|
|t:|1758951758
|move|p1a: Kingambit|Swords Dance|p1a: Kingambit
|-boost|p1a: Kingambit|atk|2
|move|p2a: Corviknight|Body Press|p1a: Kingambit
|-supereffective|p1a: Kingambit
|-damage|p1a: Kingambit|19/100
|
|-heal|p1a: Kingambit|25/100|[from] item: Leftovers
|upkeep
|turn|9
|
|t:|1758951767
|-terastallize|p1a: Kingambit|Ghost
|move|p1a: Kingambit|Sucker Punch|p2a: Corviknight
|-damage|p2a: Corviknight|29/100
|-damage|p1a: Kingambit|8/100|[from] item: Rocky Helmet|[of] p2a: Corviknight
|move|p2a: Corviknight|Body Press|p1a: Kingambit
|-immune|p1a: Kingambit
|
|-heal|p1a: Kingambit|15/100|[from] item: Leftovers
|upkeep
|turn|10
|
|t:|1758951775
|move|p1a: Kingambit|Swords Dance|p1a: Kingambit
|-boost|p1a: Kingambit|atk|2
|move|p2a: Corviknight|Iron Defense|p2a: Corviknight
|-boost|p2a: Corviknight|def|2
|
|-heal|p1a: Kingambit|21/100|[from] item: Leftovers
|upkeep
|turn|11
|
|t:|1758951780
|move|p1a: Kingambit|Low Kick|p2a: Corviknight
|-damage|p2a: Corviknight|0 fnt
|-damage|p1a: Kingambit|4/100|[from] item: Rocky Helmet|[of] p2a: Corviknight
|faint|p2a: Corviknight
|
|-heal|p1a: Kingambit|10/100|[from] item: Leftovers
|upkeep
|
|t:|1758951783
|switch|p2a: Cinderace|Cinderace, M|25/100
|turn|12
|
|t:|1758951787
|-end|p1a: Kingambit|fallen1|[silent]
|switch|p1a: Great Tusk|Great Tusk|100/100
|move|p2a: Cinderace|Pyro Ball|p1a: Great Tusk
|-damage|p1a: Great Tusk|58/100
|
|upkeep
|turn|13
|
|t:|1758951792
|move|p2a: Cinderace|U-turn|p1a: Great Tusk
|-start|p2a: Cinderace|typechange|Bug|[from] ability: Libero
|-resisted|p1a: Great Tusk
|-damage|p1a: Great Tusk|47/100
|-damage|p2a: Cinderace|9/100|[from] item: Rocky Helmet|[of] p1a: Great Tusk
|
|t:|1758951796
|switch|p2a: Great Tusk|Great Tusk|100/100|[from] U-turn
|move|p1a: Great Tusk|Headlong Rush|p2a: Great Tusk
|-damage|p2a: Great Tusk|52/100
|-unboost|p1a: Great Tusk|def|1
|-unboost|p1a: Great Tusk|spd|1
|
|upkeep
|turn|14
|
|t:|1758951802
|-end|p1a: Great Tusk|Protosynthesis|[silent]
|switch|p1a: Moltres|Moltres|100/100
|move|p2a: Great Tusk|Stealth Rock|p1a: Moltres
|-sidestart|p1: lerendezvous|move: Stealth Rock
|
|upkeep
|turn|15
|
|t:|1758951807
|-end|p2a: Great Tusk|Protosynthesis|[silent]
|switch|p2a: Slowking|Slowking-Galar, F|55/100
|move|p1a: Moltres|Flamethrower|p2a: Slowking
|-damage|p2a: Slowking|32/100
|
|upkeep
|turn|16
|
|t:|1758951814
|move|p1a: Moltres|Flamethrower|p2a: Slowking
|-damage|p2a: Slowking|12/100
|move|p2a: Slowking|Sludge Bomb|p1a: Moltres
|-damage|p1a: Moltres|63/100
|
|upkeep
|turn|17
|
|t:|1758951823
|switch|p2a: Hoopa|Hoopa-Unbound|100/100
|move|p1a: Moltres|Flamethrower|p2a: Hoopa
|-damage|p2a: Hoopa|77/100
|
|upkeep
|turn|18
|
|t:|1758951833
|move|p2a: Hoopa|Psychic Noise|p1a: Moltres
|-damage|p1a: Moltres|11/100
|-start|p1a: Moltres|move: Heal Block
|cant|p1a: Moltres|move: Heal Block|Roost
|
|upkeep
|turn|19
|
|t:|1758951839
|move|p2a: Hoopa|Thunderbolt|p1a: Moltres
|-supereffective|p1a: Moltres
|-damage|p1a: Moltres|0 fnt
|faint|p1a: Moltres
|
|upkeep
|
|t:|1758951843
|switch|p1a: Great Tusk|Great Tusk|47/100
|-damage|p1a: Great Tusk|44/100|[from] Stealth Rock
|turn|20
|
|t:|1758951851
|switch|p2a: Slowking|Slowking-Galar, F|45/100
|move|p1a: Great Tusk|Headlong Rush|p2a: Slowking
|-supereffective|p2a: Slowking
|-damage|p2a: Slowking|0 fnt
|-unboost|p1a: Great Tusk|def|1
|-unboost|p1a: Great Tusk|spd|1
|faint|p2a: Slowking
|
|upkeep
|
|t:|1758951856
|switch|p2a: Cinderace|Cinderace, M|9/100
|turn|21
|
|t:|1758951861
|-end|p1a: Great Tusk|Protosynthesis|[silent]
|switch|p1a: Kingambit|Kingambit, F, tera:Ghost|10/100
|-damage|p1a: Kingambit|0 fnt|[from] Stealth Rock
|faint|p1a: Kingambit
|-end|p1a: Kingambit|fallen1|[silent]
|move|p2a: Cinderace|Pyro Ball|p1: Kingambit|[notarget]
|-fail|p2a: Cinderace
|
|upkeep
|
|t:|1758951865
|switch|p1a: Slowking|Slowking-Galar, F|100/100
|-damage|p1a: Slowking|88/100|[from] Stealth Rock
|turn|22
|
|t:|1758951871
|switch|p2a: Hoopa|Hoopa-Unbound|77/100
|switch|p1a: Great Tusk|Great Tusk|44/100
|-damage|p1a: Great Tusk|41/100|[from] Stealth Rock
|
|upkeep
|turn|23
|
|t:|1758951878
|switch|p2a: Great Tusk|Great Tusk|52/100
|move|p1a: Great Tusk|Headlong Rush|p2a: Great Tusk
|-damage|p2a: Great Tusk|4/100
|-unboost|p1a: Great Tusk|def|1
|-unboost|p1a: Great Tusk|spd|1
|
|upkeep
|turn|24
|
|t:|1758951883
|move|p1a: Great Tusk|Rapid Spin|p2a: Great Tusk
|-damage|p2a: Great Tusk|0 fnt
|-boost|p1a: Great Tusk|spe|1
|-sideend|p1: lerendezvous|Stealth Rock|[from] move: Rapid Spin|[of] p1a: Great Tusk
|faint|p2a: Great Tusk
|-end|p2a: Great Tusk|Protosynthesis|[silent]
|
|upkeep
|
|t:|1758951886
|switch|p2a: Pecharunt|Pecharunt|100/100
|turn|25
|
|t:|1758951891
|-end|p1a: Great Tusk|Protosynthesis|[silent]
|switch|p1a: Slowking|Slowking-Galar, F|100/100
|-terastallize|p2a: Pecharunt|Dark
|move|p2a: Pecharunt|Malignant Chain|p1a: Slowking
|-resisted|p1a: Slowking
|-damage|p1a: Slowking|92/100
|
|upkeep
|turn|26
|
|t:|1758951897
|move|p2a: Pecharunt|Parting Shot|p1a: Slowking
|-unboost|p1a: Slowking|atk|1
|-unboost|p1a: Slowking|spa|1
|
|t:|1758951899
|switch|p2a: Hoopa|Hoopa-Unbound|77/100|[from] Parting Shot
|move|p1a: Slowking|Sludge Bomb|p2a: Hoopa
|-damage|p2a: Hoopa|58/100
|-status|p2a: Hoopa|psn
|
|-damage|p2a: Hoopa|45/100 psn|[from] psn
|upkeep
|turn|27
|
|t:|1758951903
|switch|p1a: Great Tusk|Great Tusk|41/100
|move|p2a: Hoopa|Knock Off|p1a: Great Tusk
|-resisted|p1a: Great Tusk
|-damage|p1a: Great Tusk|20/100
|-damage|p2a: Hoopa|29/100 psn|[from] item: Rocky Helmet|[of] p1a: Great Tusk
|-enditem|p1a: Great Tusk|Rocky Helmet|[from] move: Knock Off|[of] p2a: Hoopa
|
|-damage|p2a: Hoopa|16/100 psn|[from] psn
|upkeep
|turn|28
|
|t:|1758951908
|switch|p2a: Pecharunt|Pecharunt, tera:Dark|100/100
|move|p1a: Great Tusk|Rapid Spin|p2a: Pecharunt
|-damage|p2a: Pecharunt|89/100
|-boost|p1a: Great Tusk|spe|1
|
|upkeep
|turn|29
|
|t:|1758951914
|-end|p1a: Great Tusk|Protosynthesis|[silent]
|switch|p1a: Slowking|Slowking-Galar, F|100/100
|move|p2a: Pecharunt|Recover|p2a: Pecharunt
|-heal|p2a: Pecharunt|100/100
|
|upkeep
|turn|30
|
|t:|1758951918
|move|p2a: Pecharunt|Parting Shot|p1a: Slowking
|-unboost|p1a: Slowking|atk|1
|-unboost|p1a: Slowking|spa|1
|
|t:|1758951920
|switch|p2a: Hoopa|Hoopa-Unbound|16/100 psn|[from] Parting Shot
|move|p1a: Slowking|Sludge Bomb|p2a: Hoopa
|-damage|p2a: Hoopa|0 fnt
|faint|p2a: Hoopa
|
|upkeep
|
|t:|1758951923
|switch|p2a: Cinderace|Cinderace, M|9/100
|turn|31
|
|t:|1758951927
|move|p2a: Cinderace|Pyro Ball|p1a: Slowking
|-damage|p1a: Slowking|43/100
|move|p1a: Slowking|Sludge Bomb|p2a: Cinderace
|-damage|p2a: Cinderace|0 fnt
|faint|p2a: Cinderace
|
|upkeep
|
|t:|1758951930
|switch|p2a: Pecharunt|Pecharunt, tera:Dark|100/100
|turn|32
|
|t:|1758951935
|move|p2a: Pecharunt|Foul Play|p1a: Slowking
|-supereffective|p1a: Slowking
|-damage|p1a: Slowking|22/100
|move|p1a: Slowking|Sludge Bomb|p2a: Pecharunt
|-damage|p2a: Pecharunt|72/100
|
|upkeep
|turn|33
|
|t:|1758951941
|switch|p1a: Great Tusk|Great Tusk|20/100
|move|p2a: Pecharunt|Foul Play|p1a: Great Tusk
|-resisted|p1a: Great Tusk
|-damage|p1a: Great Tusk|2/100
|
|upkeep
|turn|34
|
|t:|1758951945
|move|p2a: Pecharunt|Foul Play|p1a: Great Tusk
|-resisted|p1a: Great Tusk
|-damage|p1a: Great Tusk|0 fnt
|faint|p1a: Great Tusk
|-end|p1a: Great Tusk|Protosynthesis|[silent]
|
|upkeep
|
|t:|1758951949
|switch|p1a: Slowking|Slowking-Galar, F|55/100
|turn|35
|
|t:|1758951954
|move|p2a: Pecharunt|Foul Play|p1a: Slowking
|-supereffective|p1a: Slowking
|-damage|p1a: Slowking|21/100
|move|p1a: Slowking|Sludge Bomb|p2a: Pecharunt
|-damage|p2a: Pecharunt|32/100
|
|upkeep
|turn|36
|
|t:|1758951959
|move|p2a: Pecharunt|Recover|p2a: Pecharunt
|-heal|p2a: Pecharunt|82/100
|move|p1a: Slowking|Sludge Bomb|p2a: Pecharunt
|-damage|p2a: Pecharunt|39/100
|-status|p2a: Pecharunt|psn
|
|-damage|p2a: Pecharunt|26/100 psn|[from] psn
|upkeep
|turn|37
|-message|MiaTaylor612 forfeited.
|
|win|lerendezvous
|raw|lerendezvous's rating: 1641 &rarr; <strong>1667</strong><br />(+26 for winning)
|raw|MiaTaylor612's rating: 1746 &rarr; <strong>1720</strong><br />(-26 for losing)
|l|☆MiaTaylor612
|player|p2|
|l|☆lerendezvous
|player|p1|
|j| larp legion
