|badge|p1|bronze|gen9ou|100-6
|html|<div class="broadcast-red"><strong>This battle is required to be public due to one or more player having a season medal.</strong><br />During the public phase, you can discuss the state of the ladder <a href="/seasondiscussion">in a special chatroom.</a></div>
|uhtml|medal-msg|<div class="broadcast-blue">Curious what those medals under the avatar are? PS now has Ladder Seasons! For more information, check out the <a href="https://www.smogon.com/forums/threads/3740067/">thread on Smogon.</a></div>
|badge|p2|silver|gen9ou|30-6
|uhtml|medal-msg|<div class="broadcast-blue">Curious what those medals under the avatar are? PS now has Ladder Seasons! For more information, check out the <a href="https://www.smogon.com/forums/threads/3740067/">thread on Smogon.</a></div>
|raw|<div class="broadcast-blue"><strong>This battle is required to be public due to a player having a name starting with 'medal'.</div>
|j|☆ADM02
|j|☆chusei20
|t:|1758971839
|gametype|singles
|player|p1|ADM02|101|1847
|player|p2|chusei20|265|1910
|gen|9
|tier|[Gen 9] OU
|rated|
|rule|HP Percentage Mod: HP is shown in percentages
|rule|Endless Battle Clause: Forcing endless battles is banned
|rule|Species Clause: Limit one of each Pokémon
|rule|OHKO Clause: OHKO moves are banned
|rule|Evasion Items Clause: Evasion items are banned
|rule|Evasion Moves Clause: Evasion moves are banned
|rule|Evasion Abilities Clause: Evasion abilities are banned
|rule|Sleep Moves Clause: Sleep-inducing moves are banned
|clearpoke
|poke|p1|Cinderace, M|
|poke|p1|Clefable, F|
|poke|p1|Salamence, F|
|poke|p1|Dragonite, F|
|poke|p1|Hoopa-Unbound|
|poke|p1|Clodsire, M|
|poke|p2|Kyurem|
|poke|p2|Ting-Lu|
|poke|p2|Iron Valiant|
|poke|p2|Glimmora, F|
|poke|p2|Moltres|
|poke|p2|Raging Bolt|
|teampreview
|
|t:|1758971857
|teamsize|p1|6
|teamsize|p2|6
|start
|switch|p1a: Hoopa|Hoopa-Unbound|100/100
|switch|p2a: Iron Valiant|Iron Valiant|100/100
|-enditem|p2a: Iron Valiant|Booster Energy
|-activate|p2a: Iron Valiant|ability: Quark Drive|[fromitem]
|-start|p2a: Iron Valiant|quarkdrivespe
|turn|1
|
|t:|1758971861
|switch|p1a: Clodsire|Clodsire, M|100/100
|move|p2a: Iron Valiant|Knock Off|p1a: Clodsire
|-damage|p1a: Clodsire|77/100
|-damage|p2a: Iron Valiant|84/100|[from] item: Rocky Helmet|[of] p1a: Clodsire
|-enditem|p1a: Clodsire|Rocky Helmet|[from] move: Knock Off|[of] p2a: Iron Valiant
|
|upkeep
|turn|2
|inactive|Battle timer is ON: inactive players will automatically lose when time's up. (requested by ADM02)
|
|t:|1758971869
|-end|p2a: Iron Valiant|Quark Drive|[silent]
|switch|p2a: Glimmora|Glimmora, F|100/100
|move|p1a: Clodsire|Stealth Rock|p2a: Glimmora
|-sidestart|p2: chusei20|move: Stealth Rock
|
|upkeep
|turn|3
|
|t:|1758971873
|move|p2a: Glimmora|Earth Power|p1a: Clodsire
|-supereffective|p1a: Clodsire
|-damage|p1a: Clodsire|30/100
|move|p1a: Clodsire|Earthquake|p2a: Glimmora
|-supereffective|p2a: Glimmora
|-enditem|p2a: Glimmora|Focus Sash
|-damage|p2a: Glimmora|1/100
|-activate|p2a: Glimmora|ability: Toxic Debris
|-sidestart|p1: ADM02|move: Toxic Spikes
|
|upkeep
|turn|4
|inactive|ADM02 has 120 seconds left.
|j| Rizzofreko
|l| Rizzofreko
|
|t:|1758971921
|switch|p1a: Hoopa|Hoopa-Unbound|100/100
|-status|p1a: Hoopa|psn
|move|p2a: Glimmora|Mortal Spin|p1a: Hoopa
|-damage|p1a: Hoopa|91/100 psn
|-sideend|p2: chusei20|Stealth Rock|[from] move: Mortal Spin|[of] p2a: Glimmora
|
|-damage|p1a: Hoopa|79/100 psn|[from] psn
|upkeep
|turn|5
|
|t:|1758971931
|switch|p2a: Moltres|Moltres|100/100
|move|p1a: Hoopa|Knock Off|p2a: Moltres
|-damage|p2a: Moltres|71/100
|-enditem|p2a: Moltres|Heavy-Duty Boots|[from] move: Knock Off|[of] p1a: Hoopa
|
|-damage|p1a: Hoopa|66/100 psn|[from] psn
|upkeep
|turn|6
|
|t:|1758971952
|switch|p1a: Clefable|Clefable, F|100/100
|-status|p1a: Clefable|psn
|move|p2a: Moltres|U-turn|p1a: Clefable
|-resisted|p1a: Clefable
|-damage|p1a: Clefable|95/100 psn
|
|t:|1758971955
|switch|p2a: Glimmora|Glimmora, F|1/100|[from] U-turn
|
|-heal|p1a: Clefable|100/100 psn|[from] item: Leftovers
|upkeep
|turn|7
|j| locked in bro
|
|t:|1758971966
|move|p2a: Glimmora|Sludge Wave|p1a: Clefable
|-supereffective|p1a: Clefable
|-damage|p1a: Clefable|13/100 psn
|move|p1a: Clefable|Moonblast|p2a: Glimmora
|-resisted|p2a: Glimmora
|-damage|p2a: Glimmora|0 fnt
|faint|p2a: Glimmora
|
|-heal|p1a: Clefable|19/100 psn|[from] item: Leftovers
|upkeep
|
|t:|1758971970
|switch|p2a: Kyurem|Kyurem|100/100
|-ability|p2a: Kyurem|Pressure
|turn|8
|
|t:|1758971977
|move|p1a: Clefable|Protect|p1a: Clefable
|-singleturn|p1a: Clefable|Protect
|move|p2a: Kyurem|Freeze-Dry|p1a: Clefable
|-activate|p1a: Clefable|move: Protect
|
|-heal|p1a: Clefable|25/100 psn|[from] item: Leftovers
|upkeep
|turn|9
|
|t:|1758971986
|switch|p1a: Cinderace|Cinderace, M|100/100
|move|p2a: Kyurem|Freeze-Dry|p1a: Cinderace
|-resisted|p1a: Cinderace
|-damage|p1a: Cinderace|74/100
|
|upkeep
|turn|10
|inactive|ADM02 has 120 seconds left.
|
|t:|1758971994
|move|p1a: Cinderace|Court Change|p1a: Cinderace
|-swapsideconditions
|-activate|p1a: Cinderace|move: Court Change
|move|p2a: Kyurem|Earth Power|p1a: Cinderace
|-supereffective|p1a: Cinderace
|-damage|p1a: Cinderace|0 fnt
|faint|p1a: Cinderace
|
|upkeep
|inactive|ADM02 has 120 seconds left.
|
|t:|1758972009
|switch|p1a: Hoopa|Hoopa-Unbound|66/100 psn
|turn|11
|
|t:|1758972017
|move|p2a: Kyurem|Protect|p2a: Kyurem
|-singleturn|p2a: Kyurem|Protect
|move|p1a: Hoopa|Psychic Noise|p2a: Kyurem
|-activate|p2a: Kyurem|move: Protect
|
|-damage|p1a: Hoopa|54/100 psn|[from] psn
|upkeep
|turn|12
|inactive|ADM02 has 120 seconds left.
|
|t:|1758972026
|-terastallize|p2a: Kyurem|Ground
|move|p2a: Kyurem|Earth Power|p1a: Hoopa
|-damage|p1a: Hoopa|34/100 psn
|move|p1a: Hoopa|Knock Off|p2a: Kyurem
|-damage|p2a: Kyurem|61/100
|-enditem|p2a: Kyurem|Leftovers|[from] move: Knock Off|[of] p1a: Hoopa
|
|-damage|p1a: Hoopa|21/100 psn|[from] psn
|upkeep
|turn|13
|inactive|ADM02 has 120 seconds left.
|
|t:|1758972054
|move|p2a: Kyurem|Earth Power|p1a: Hoopa
|-damage|p1a: Hoopa|3/100 psn
|move|p1a: Hoopa|Psychic Noise|p2a: Kyurem
|-damage|p2a: Kyurem|20/100
|-start|p2a: Kyurem|move: Heal Block
|
|-damage|p1a: Hoopa|0 fnt|[from] psn
|faint|p1a: Hoopa
|upkeep
|
|t:|1758972072
|switch|p1a: Dragonite|Dragonite, F|100/100
|turn|14
|
|t:|1758972077
|move|p1a: Dragonite|Extreme Speed|p2a: Kyurem
|-damage|p2a: Kyurem|0 fnt
|faint|p2a: Kyurem
|
|upkeep
|
|t:|1758972079
|switch|p2a: Moltres|Moltres|71/100
|turn|15
|
|t:|1758972082
|switch|p1a: Clefable|Clefable, F|25/100 psn
|move|p2a: Moltres|U-turn|p1a: Clefable
|-resisted|p1a: Clefable
|-damage|p1a: Clefable|19/100 psn
|
|t:|1758972086
|switch|p2a: Iron Valiant|Iron Valiant|84/100|[from] U-turn
|-status|p2a: Iron Valiant|psn
|
|-heal|p1a: Clefable|25/100 psn|[from] item: Leftovers
|-damage|p2a: Iron Valiant|71/100 psn|[from] psn
|upkeep
|turn|16
|
|t:|1758972090
|move|p1a: Clefable|Protect|p1a: Clefable
|-singleturn|p1a: Clefable|Protect
|move|p2a: Iron Valiant|Moonblast|p1a: Clefable
|-activate|p1a: Clefable|move: Protect
|
|-heal|p1a: Clefable|32/100 psn|[from] item: Leftovers
|-damage|p2a: Iron Valiant|59/100 psn|[from] psn
|upkeep
|turn|17
|
|t:|1758972109
|move|p2a: Iron Valiant|Moonblast|p1a: Clefable
|-damage|p1a: Clefable|0 fnt
|faint|p1a: Clefable
|
|-damage|p2a: Iron Valiant|47/100 psn|[from] psn
|upkeep
|
|t:|1758972113
|switch|p1a: Dragonite|Dragonite, F|100/100
|turn|18
|
|t:|1758972119
|-terastallize|p1a: Dragonite|Normal
|move|p1a: Dragonite|Extreme Speed|p2a: Iron Valiant
|-damage|p2a: Iron Valiant|0 fnt
|faint|p2a: Iron Valiant
|-end|p2a: Iron Valiant|Quark Drive|[silent]
|
|upkeep
|
|t:|1758972121
|switch|p2a: Moltres|Moltres|71/100
|turn|19
|
|t:|1758972147
|switch|p1a: Salamence|Salamence, F|100/100
|-ability|p1a: Salamence|Intimidate|boost
|-unboost|p2a: Moltres|atk|1
|move|p2a: Moltres|Flamethrower|p1a: Salamence
|-resisted|p1a: Salamence
|-damage|p1a: Salamence|80/100
|
|upkeep
|turn|20
|
|t:|1758972156
|move|p1a: Salamence|Air Slash|p2a: Moltres
|-crit|p2a: Moltres
|-damage|p2a: Moltres|24/100
|move|p2a: Moltres|U-turn|p1a: Salamence
|-resisted|p1a: Salamence
|-damage|p1a: Salamence|77/100
|
|t:|1758972159
|switch|p2a: Raging Bolt|Raging Bolt|100/100|[from] U-turn
|-status|p2a: Raging Bolt|psn
|-enditem|p2a: Raging Bolt|Booster Energy
|-activate|p2a: Raging Bolt|ability: Protosynthesis|[fromitem]
|-start|p2a: Raging Bolt|protosynthesisspa
|
|-damage|p2a: Raging Bolt|88/100 psn|[from] psn
|upkeep
|turn|21
|
|t:|1758972167
|switch|p1a: Clodsire|Clodsire, M|30/100
|move|p2a: Raging Bolt|Dragon Pulse|p1a: Clodsire
|-damage|p1a: Clodsire|0 fnt
|faint|p1a: Clodsire
|
|-damage|p2a: Raging Bolt|76/100 psn|[from] psn
|upkeep
|
|t:|1758972173
|switch|p1a: Dragonite|Dragonite, F, tera:Normal|100/100
|turn|22
|j| PIDGEY GORDITO
|
|t:|1758972199
|-end|p2a: Raging Bolt|Protosynthesis|[silent]
|switch|p2a: Ting-Lu|Ting-Lu|100/100
|-status|p2a: Ting-Lu|psn
|-ability|p2a: Ting-Lu|Vessel of Ruin
|move|p1a: Dragonite|Earthquake|p2a: Ting-Lu
|-damage|p2a: Ting-Lu|79/100 psn
|
|-heal|p2a: Ting-Lu|86/100 psn|[from] item: Leftovers
|-damage|p2a: Ting-Lu|73/100 psn|[from] psn
|upkeep
|turn|23
|
|t:|1758972206
|switch|p1a: Salamence|Salamence, F|77/100
|-ability|p1a: Salamence|Intimidate|boost
|-unboost|p2a: Ting-Lu|atk|1
|move|p2a: Ting-Lu|Stealth Rock|p1a: Salamence
|-sidestart|p1: ADM02|move: Stealth Rock
|
|-heal|p2a: Ting-Lu|79/100 psn|[from] item: Leftovers
|-damage|p2a: Ting-Lu|67/100 psn|[from] psn
|upkeep
|turn|24
|
|t:|1758972224
|move|p1a: Salamence|Air Slash|p2a: Ting-Lu
|-damage|p2a: Ting-Lu|55/100 psn
|move|p2a: Ting-Lu|Whirlwind|p1a: Salamence
|drag|p1a: Dragonite|Dragonite, F, tera:Normal|100/100
|
|-heal|p2a: Ting-Lu|61/100 psn|[from] item: Leftovers
|-damage|p2a: Ting-Lu|49/100 psn|[from] psn
|upkeep
|turn|25
|
|t:|1758972233
|switch|p1a: Salamence|Salamence, F|77/100
|-ability|p1a: Salamence|Intimidate|boost
|-unboost|p2a: Ting-Lu|atk|1
|switch|p2a: Raging Bolt|Raging Bolt|76/100 psn
|
|-damage|p2a: Raging Bolt|64/100 psn|[from] psn
|upkeep
|turn|26
|
|t:|1758972240
|switch|p1a: Dragonite|Dragonite, F, tera:Normal|100/100
|move|p2a: Raging Bolt|Dragon Pulse|p1a: Dragonite
|-damage|p1a: Dragonite|74/100
|
|-damage|p2a: Raging Bolt|51/100 psn|[from] psn
|upkeep
|turn|27
|
|t:|1758972249
|move|p1a: Dragonite|Extreme Speed|p2a: Raging Bolt
|-damage|p2a: Raging Bolt|3/100 psn
|move|p2a: Raging Bolt|Thunderclap||[still]
|-fail|p2a: Raging Bolt
|
|-damage|p2a: Raging Bolt|0 fnt|[from] psn
|faint|p2a: Raging Bolt
|-end|p2a: Raging Bolt|Protosynthesis|[silent]
|upkeep
|
|t:|1758972254
|switch|p2a: Ting-Lu|Ting-Lu|49/100 psn
|-ability|p2a: Ting-Lu|Vessel of Ruin
|turn|28
|-message|chusei20 forfeited.
|
|win|ADM02
|raw|ADM02's rating: 1847 &rarr; <strong>1871</strong><br />(+24 for winning)
|raw|chusei20's rating: 1910 &rarr; <strong>1886</strong><br />(-24 for losing)
|l|☆chusei20
|player|p2|
|l|☆ADM02
|player|p1|
|l| PIDGEY GORDITO
|l| locked in bro
