|j|☆Eel56
|j|☆Trainer #39
|t:|1759040090
|gametype|singles
|player|p1|Eel56|265|1755
|player|p2|Trainer #39|bugsy|1813
|gen|9
|tier|[Gen 9] OU
|rated|
|rule|HP Percentage Mod: HP is shown in percentages
|rule|Endless Battle Clause: Forcing endless battles is banned
|rule|Species Clause: Limit one of each Pokémon
|rule|OHKO Clause: OHKO moves are banned
|rule|Evasion Items Clause: Evasion items are banned
|rule|Evasion Moves Clause: Evasion moves are banned
|rule|Evasion Abilities Clause: Evasion abilities are banned
|rule|Sleep Moves Clause: Sleep-inducing moves are banned
|clearpoke
|poke|p1|Kingambit, M|
|poke|p1|Deoxys-Speed|
|poke|p1|Great Tusk|
|poke|p1|Dragonite, M|
|poke|p1|Iron Moth|
|poke|p1|Primarina, M|
|poke|p2|Blissey, F|
|poke|p2|Corviknight, M|
|poke|p2|Dondozo, M|
|poke|p2|Gliscor, M|
|poke|p2|Clefable, M|
|poke|p2|Slowking-Galar, M|
|teampreview
|
|t:|1759040102
|teamsize|p1|6
|teamsize|p2|6
|start
|switch|p1a: Yoshi|Dragonite, M, shiny|100/100
|switch|p2a: 🇮🇱=terrorists|Gliscor, M|100/100
|turn|1
|
|t:|1759040111
|move|p2a: 🇮🇱=terrorists|Protect|p2a: 🇮🇱=terrorists
|-singleturn|p2a: 🇮🇱=terrorists|Protect
|move|p1a: Yoshi|Ice Spinner|p2a: 🇮🇱=terrorists
|-activate|p2a: 🇮🇱=terrorists|move: Protect
|
|-status|p2a: 🇮🇱=terrorists|tox|[from] item: Toxic Orb
|upkeep
|turn|2
|
|t:|1759040118
|switch|p1a: Siren|Primarina, M|100/100
|switch|p2a: C.Kirk:not missed|Corviknight, M|100/100
|-ability|p2a: C.Kirk:not missed|Pressure
|
|upkeep
|turn|3
|
|t:|1759040128
|switch|p2a: LeJ/ovni/la lettre|Slowking-Galar, M|100/100
|move|p1a: Siren|Surf|p2a: LeJ/ovni/la lettre
|-damage|p2a: LeJ/ovni/la lettre|65/100
|
|upkeep
|turn|4
|j| Shucklepilled
|j| catarina valentine
|
|t:|1759040162
|-terastallize|p1a: Siren|Poison
|move|p2a: LeJ/ovni/la lettre|Sludge Bomb|p1a: Siren
|-resisted|p1a: Siren
|-damage|p1a: Siren|89/100
|move|p1a: Siren|Surf|p2a: LeJ/ovni/la lettre
|-damage|p2a: LeJ/ovni/la lettre|25/100
|
|upkeep
|turn|5
|
|t:|1759040175
|switch|p2a: brat|Blissey, F|100/100
|move|p1a: Siren|Whirlpool|p2a: brat
|-crit|p2a: brat
|-damage|p2a: brat|90/100
|-activate|p2a: brat|move: Whirlpool|[of] p1a: Siren
|
|-damage|p2a: brat|78/100|[from] move: Whirlpool|[partiallytrapped]
|upkeep
|turn|6
|
|t:|1759040182
|move|p1a: Siren|Psychic Noise|p2a: brat
|-damage|p2a: brat|68/100
|-start|p2a: brat|move: Heal Block
|move|p2a: brat|Stealth Rock|p1a: Siren
|-sidestart|p1: Eel56|move: Stealth Rock
|
|-damage|p2a: brat|56/100|[from] move: Whirlpool|[partiallytrapped]
|upkeep
|turn|7
|
|t:|1759040194
|move|p1a: Siren|Moonblast|p2a: brat
|-damage|p2a: brat|37/100
|move|p2a: brat|Calm Mind|p2a: brat
|-boost|p2a: brat|spa|1
|-boost|p2a: brat|spd|1
|
|-damage|p2a: brat|25/100|[from] move: Whirlpool|[partiallytrapped]
|-end|p2a: brat|move: Heal Block
|upkeep
|turn|8
|
|t:|1759040201
|move|p1a: Siren|Psychic Noise|p2a: brat
|-damage|p2a: brat|18/100
|-start|p2a: brat|move: Heal Block
|move|p2a: brat|Calm Mind|p2a: brat
|-boost|p2a: brat|spa|1
|-boost|p2a: brat|spd|1
|
|-damage|p2a: brat|5/100|[from] move: Whirlpool|[partiallytrapped]
|upkeep
|turn|9
|
|t:|1759040209
|move|p1a: Siren|Moonblast|p2a: brat
|-damage|p2a: brat|0 fnt
|faint|p2a: brat
|
|upkeep
|
|t:|1759040211
|switch|p2a: LeJ/ovni/la lettre|Slowking-Galar, M|58/100
|turn|10
|inactive|Battle timer is ON: inactive players will automatically lose when time's up. (requested by Trainer #39)
|
|t:|1759040218
|move|p2a: LeJ/ovni/la lettre|Trick|p1a: Siren
|-activate|p2a: LeJ/ovni/la lettre|move: Trick|[of] p1a: Siren
|-item|p1a: Siren|Choice Scarf|[from] move: Trick
|-item|p2a: LeJ/ovni/la lettre|Assault Vest|[from] move: Trick
|move|p1a: Siren|Surf|p2a: LeJ/ovni/la lettre
|-damage|p2a: LeJ/ovni/la lettre|33/100
|
|upkeep
|turn|11
|
|t:|1759040239
|move|p1a: Siren|Surf|p2a: LeJ/ovni/la lettre
|-damage|p2a: LeJ/ovni/la lettre|7/100
|move|p2a: LeJ/ovni/la lettre|Future Sight|p1a: Siren
|-start|p2a: LeJ/ovni/la lettre|move: Future Sight
|
|upkeep
|turn|12
|
|t:|1759040250
|switch|p1a: Moebius|Deoxys-Speed|100/100
|-damage|p1a: Moebius|88/100|[from] Stealth Rock
|-ability|p1a: Moebius|Pressure
|switch|p2a: 808 and curses|Dondozo, M|100/100
|
|upkeep
|turn|13
|j| wgw2333
|
|t:|1759040258
|switch|p2a: Charli xcx|Clefable, M|100/100
|move|p1a: Moebius|Psycho Boost|p2a: Charli xcx
|-damage|p2a: Charli xcx|45/100
|-unboost|p1a: Moebius|spa|2
|-damage|p1a: Moebius|78/100|[from] item: Life Orb
|
|-end|p1a: Moebius|move: Future Sight
|-resisted|p1a: Moebius
|-damage|p1a: Moebius|42/100
|upkeep
|turn|14
|j| GoodraSweetheart76
|j| frit
|
|t:|1759040276
|switch|p2a: C.Kirk:not missed|Corviknight, M|100/100
|-ability|p2a: C.Kirk:not missed|Pressure
|move|p1a: Moebius|Nasty Plot|p1a: Moebius
|-boost|p1a: Moebius|spa|2
|
|upkeep
|turn|15
|inactive|Eel56 has 120 seconds left.
|
|t:|1759040303
|switch|p1a: Siren|Primarina, M, tera:Poison|89/100
|-damage|p1a: Siren|77/100|[from] Stealth Rock
|move|p2a: C.Kirk:not missed|U-turn|p1a: Siren
|-resisted|p1a: Siren
|-damage|p1a: Siren|66/100
|inactive|Trainer #39 has 120 seconds left.
|
|t:|1759040340
|switch|p2a: LeJ/ovni/la lettre|Slowking-Galar, M|40/100|[from] U-turn
|
|upkeep
|turn|16
|inactive|Eel56 has 120 seconds left.
|
|t:|1759040351
|switch|p2a: C.Kirk:not missed|Corviknight, M|100/100
|-ability|p2a: C.Kirk:not missed|Pressure
|move|p1a: Siren|Whirlpool|p2a: C.Kirk:not missed
|-damage|p2a: C.Kirk:not missed|82/100
|-activate|p2a: C.Kirk:not missed|move: Whirlpool|[of] p1a: Siren
|
|-damage|p2a: C.Kirk:not missed|70/100|[from] move: Whirlpool|[partiallytrapped]
|upkeep
|turn|17
|inactive|Eel56 has 120 seconds left.
|inactive|Trainer #39 has 120 seconds left.
|
|t:|1759040389
|move|p1a: Siren|Whirlpool|p2a: C.Kirk:not missed
|-damage|p2a: C.Kirk:not missed|51/100
|move|p2a: C.Kirk:not missed|U-turn|p1a: Siren
|-resisted|p1a: Siren
|-damage|p1a: Siren|57/100
|inactive|Trainer #39 has 90 seconds left.
|inactive|Trainer #39 has 60 seconds left.
|
|t:|1759040453
|switch|p2a: LeJ/ovni/la lettre|Slowking-Galar, M|73/100|[from] U-turn
|
|upkeep
|turn|18
|
|t:|1759040461
|move|p1a: Siren|Whirlpool|p2a: LeJ/ovni/la lettre|[miss]
|-miss|p1a: Siren|p2a: LeJ/ovni/la lettre
|move|p2a: LeJ/ovni/la lettre|Future Sight|p1a: Siren
|-start|p2a: LeJ/ovni/la lettre|move: Future Sight
|
|upkeep
|turn|19
|
|t:|1759040467
|switch|p1a: Meruem|Kingambit, M|100/100
|-damage|p1a: Meruem|94/100|[from] Stealth Rock
|switch|p2a: C.Kirk:not missed|Corviknight, M|51/100
|-ability|p2a: C.Kirk:not missed|Pressure
|
|-heal|p1a: Meruem|100/100|[from] item: Leftovers
|upkeep
|turn|20
|
|t:|1759040477
|move|p2a: C.Kirk:not missed|Roost|p2a: C.Kirk:not missed
|-heal|p2a: C.Kirk:not missed|100/100
|-singleturn|p2a: C.Kirk:not missed|move: Roost
|move|p1a: Meruem|Kowtow Cleave|p2a: C.Kirk:not missed
|-damage|p2a: C.Kirk:not missed|70/100
|-damage|p1a: Meruem|84/100|[from] item: Rocky Helmet|[of] p2a: C.Kirk:not missed
|
|-end|p1a: Meruem|move: Future Sight
|-immune|p1a: Meruem
|-heal|p1a: Meruem|90/100|[from] item: Leftovers
|upkeep
|turn|21
|inactive|Eel56 has 120 seconds left.
|
|t:|1759040495
|-end|p1a: Meruem|fallenundefined|[silent]
|switch|p1a: Anomaly|Great Tusk|100/100
|-damage|p1a: Anomaly|98/100|[from] Stealth Rock
|-enditem|p1a: Anomaly|Booster Energy
|-activate|p1a: Anomaly|ability: Protosynthesis|[fromitem]
|-start|p1a: Anomaly|protosynthesisatk
|move|p2a: C.Kirk:not missed|U-turn|p1a: Anomaly
|-resisted|p1a: Anomaly
|-damage|p1a: Anomaly|93/100
|l|☆Trainer #39
|inactive|Trainer #39 disconnected and has a minute to reconnect!
|player|p2|
|inactive|Trainer #39 has 30 seconds to reconnect!
|inactive|Trainer #39 has 20 seconds to reconnect!
|inactive|Trainer #39 has 15 seconds to reconnect!
|inactive|Trainer #39 has 10 seconds to reconnect!
|inactive|Trainer #39 has 5 seconds to reconnect!
|-message|Trainer #39 lost due to inactivity.
|
|win|Eel56
|raw|Eel56's rating: 1755 &rarr; <strong>1778</strong><br />(+23 for winning)
|raw|Trainer #39's rating: 1813 &rarr; <strong>1790</strong><br />(-23 for losing)
|l| Shucklepilled
|l|☆Eel56
|player|p1|
|l| catarina valentine
|l| GoodraSweetheart76
