|j|☆vghhjg
|j|☆SuceurDeFildrong
|t:|1758969489
|gametype|singles
|player|p1|vghhjg|266|1552
|player|p2|SuceurDeFildrong|1|1478
|gen|9
|tier|[Gen 9] OU
|rated|
|rule|HP Percentage Mod: HP is shown in percentages
|rule|Endless Battle Clause: Forcing endless battles is banned
|rule|Species Clause: Limit one of each Pokémon
|rule|OHKO Clause: OHKO moves are banned
|rule|Evasion Items Clause: Evasion items are banned
|rule|Evasion Moves Clause: Evasion moves are banned
|rule|Evasion Abilities Clause: Evasion abilities are banned
|rule|Sleep Moves Clause: Sleep-inducing moves are banned
|clearpoke
|poke|p1|Gholdengo|
|poke|p1|Ribombee, F|
|poke|p1|Dragonite, F|
|poke|p1|Comfey, M|
|poke|p1|Primarina, M|
|poke|p1|Haxorus, F|
|poke|p2|Garchomp, F|
|poke|p2|Greninja-*, M|
|poke|p2|Dragonite, F|
|poke|p2|Sandy Shocks|
|poke|p2|Iron Valiant|
|poke|p2|Kingambit, F|
|teampreview
|l|☆SuceurDeFildrong
|player|p2|
|j|☆SuceurDeFildrong
|player|p2|SuceurDeFildrong|1|
|
|t:|1758969503
|teamsize|p1|6
|teamsize|p2|6
|start
|switch|p1a: Ribombee|Ribombee, F|100/100
|switch|p2a: Kingambit|Kingambit, F|100/100
|turn|1
|
|t:|1758969506
|move|p1a: Ribombee|Sticky Web|p2a: Kingambit
|-sidestart|p2: SuceurDeFildrong|move: Sticky Web
|move|p2a: Kingambit|Iron Head|p1a: Ribombee
|-supereffective|p1a: Ribombee
|-enditem|p1a: Ribombee|Focus Sash
|-damage|p1a: Ribombee|1/100
|
|upkeep
|turn|2
|inactive|Battle timer is ON: inactive players will automatically lose when time's up. (requested by SuceurDeFildrong)
|
|t:|1758969510
|move|p1a: Ribombee|Stun Spore|p2a: Kingambit
|-status|p2a: Kingambit|par
|-enditem|p2a: Kingambit|Lum Berry|[eat]
|-curestatus|p2a: Kingambit|par|[msg]
|move|p2a: Kingambit|Iron Head|p1a: Ribombee
|-supereffective|p1a: Ribombee
|-damage|p1a: Ribombee|0 fnt
|faint|p1a: Ribombee
|
|upkeep
|
|t:|1758969528
|switch|p1a: Haxorus|Haxorus, F|100/100
|-ability|p1a: Haxorus|Mold Breaker
|turn|3
|
|t:|1758969551
|move|p1a: Haxorus|Earthquake|p2a: Kingambit
|-supereffective|p2a: Kingambit
|-damage|p2a: Kingambit|27/100
|move|p2a: Kingambit|Kowtow Cleave|p1a: Haxorus
|-damage|p1a: Haxorus|38/100
|
|upkeep
|turn|4
|
|t:|1758969559
|move|p2a: Kingambit|Sucker Punch||[still]
|-fail|p2a: Kingambit
|move|p1a: Haxorus|Taunt|p2a: Kingambit
|-start|p2a: Kingambit|move: Taunt
|
|upkeep
|turn|5
|
|t:|1758969564
|move|p2a: Kingambit|Sucker Punch||[still]
|-fail|p2a: Kingambit
|move|p1a: Haxorus|Dragon Dance|p1a: Haxorus
|-boost|p1a: Haxorus|atk|1
|-boost|p1a: Haxorus|spe|1
|
|upkeep
|turn|6
|
|t:|1758969570
|move|p2a: Kingambit|Sucker Punch||[still]
|-fail|p2a: Kingambit
|move|p1a: Haxorus|Dragon Dance|p1a: Haxorus
|-boost|p1a: Haxorus|atk|1
|-boost|p1a: Haxorus|spe|1
|
|upkeep
|turn|7
|
|t:|1758969574
|move|p2a: Kingambit|Sucker Punch||[still]
|-fail|p2a: Kingambit
|move|p1a: Haxorus|Dragon Dance|p1a: Haxorus
|-boost|p1a: Haxorus|atk|1
|-boost|p1a: Haxorus|spe|1
|
|-end|p2a: Kingambit|move: Taunt
|upkeep
|turn|8
|
|t:|1758969581
|move|p1a: Haxorus|Dragon Dance|p1a: Haxorus
|-boost|p1a: Haxorus|atk|1
|-boost|p1a: Haxorus|spe|1
|move|p2a: Kingambit|Swords Dance|p2a: Kingambit
|-boost|p2a: Kingambit|atk|2
|
|upkeep
|turn|9
|
|t:|1758969588
|move|p2a: Kingambit|Sucker Punch||[still]
|-fail|p2a: Kingambit
|move|p1a: Haxorus|Dragon Dance|p1a: Haxorus
|-boost|p1a: Haxorus|atk|1
|-boost|p1a: Haxorus|spe|1
|
|upkeep
|turn|10
|
|t:|1758969597
|move|p1a: Haxorus|Taunt|p2a: Kingambit
|-start|p2a: Kingambit|move: Taunt
|move|p2a: Kingambit|Kowtow Cleave|p1a: Haxorus
|-damage|p1a: Haxorus|0 fnt
|faint|p1a: Haxorus
|
|upkeep
|
|t:|1758969603
|switch|p1a: Primarina|Primarina, M|100/100
|turn|11
|
|t:|1758969611
|move|p1a: Primarina|Substitute|p1a: Primarina
|-start|p1a: Primarina|Substitute
|-damage|p1a: Primarina|76/100
|move|p2a: Kingambit|Iron Head|p1a: Primarina
|-end|p1a: Primarina|Substitute
|
|-heal|p1a: Primarina|82/100|[from] item: Leftovers
|upkeep
|turn|12
|
|t:|1758969614
|move|p1a: Primarina|Substitute|p1a: Primarina
|-start|p1a: Primarina|Substitute
|-damage|p1a: Primarina|57/100
|move|p2a: Kingambit|Iron Head|p1a: Primarina
|-end|p1a: Primarina|Substitute
|
|-heal|p1a: Primarina|63/100|[from] item: Leftovers
|-end|p2a: Kingambit|move: Taunt
|upkeep
|turn|13
|
|t:|1758969619
|move|p1a: Primarina|Surf|p2a: Kingambit
|-damage|p2a: Kingambit|0 fnt
|faint|p2a: Kingambit
|-end|p2a: Kingambit|fallenundefined|[silent]
|
|-heal|p1a: Primarina|69/100|[from] item: Leftovers
|upkeep
|
|t:|1758969627
|switch|p2a: Sandy Shocks|Sandy Shocks|100/100
|-activate|p2a: Sandy Shocks|move: Sticky Web
|-unboost|p2a: Sandy Shocks|spe|1
|-enditem|p2a: Sandy Shocks|Booster Energy
|-activate|p2a: Sandy Shocks|ability: Protosynthesis|[fromitem]
|-start|p2a: Sandy Shocks|protosynthesisspa
|turn|14
|
|t:|1758969630
|move|p1a: Primarina|Surf|p2a: Sandy Shocks
|-supereffective|p2a: Sandy Shocks
|-damage|p2a: Sandy Shocks|0 fnt
|faint|p2a: Sandy Shocks
|-end|p2a: Sandy Shocks|Protosynthesis|[silent]
|
|-heal|p1a: Primarina|75/100|[from] item: Leftovers
|upkeep
|
|t:|1758969641
|switch|p2a: Garchomp|Garchomp, F|100/100
|-activate|p2a: Garchomp|move: Sticky Web
|-unboost|p2a: Garchomp|spe|1
|turn|15
|
|t:|1758969643
|move|p1a: Primarina|Moonblast|p2a: Garchomp
|-supereffective|p2a: Garchomp
|-damage|p2a: Garchomp|10/100
|move|p2a: Garchomp|Earthquake|p1a: Primarina
|-damage|p1a: Primarina|11/100
|
|-heal|p1a: Primarina|17/100|[from] item: Leftovers
|upkeep
|turn|16
|
|t:|1758969647
|move|p1a: Primarina|Surf|p2a: Garchomp
|-damage|p2a: Garchomp|0 fnt
|faint|p2a: Garchomp
|
|-heal|p1a: Primarina|23/100|[from] item: Leftovers
|upkeep
|
|t:|1758969649
|switch|p2a: Dragonite|Dragonite, F|100/100
|turn|17
|
|t:|1758969654
|move|p1a: Primarina|Moonblast|p2a: Dragonite
|-supereffective|p2a: Dragonite
|-damage|p2a: Dragonite|56/100
|move|p2a: Dragonite|Dragon Dance|p2a: Dragonite
|-boost|p2a: Dragonite|atk|1
|-boost|p2a: Dragonite|spe|1
|
|-heal|p1a: Primarina|29/100|[from] item: Leftovers
|upkeep
|turn|18
|
|t:|1758969657
|move|p2a: Dragonite|Earthquake|p1a: Primarina
|-damage|p1a: Primarina|0 fnt
|faint|p1a: Primarina
|
|upkeep
|
|t:|1758969660
|switch|p1a: Gholdengo|Gholdengo|100/100
|-item|p1a: Gholdengo|Air Balloon
|turn|19
|
|t:|1758969662
|move|p2a: Dragonite|Dragon Claw|p1a: Gholdengo
|-resisted|p1a: Gholdengo
|-damage|p1a: Gholdengo|60/100
|-enditem|p1a: Gholdengo|Air Balloon
|move|p1a: Gholdengo|Nasty Plot|p1a: Gholdengo
|-boost|p1a: Gholdengo|spa|2
|
|upkeep
|turn|20
|
|t:|1758969666
|move|p2a: Dragonite|Earthquake|p1a: Gholdengo
|-supereffective|p1a: Gholdengo
|-damage|p1a: Gholdengo|0 fnt
|faint|p1a: Gholdengo
|
|upkeep
|
|t:|1758969670
|switch|p1a: Comfey|Comfey, M|100/100
|turn|21
|
|t:|1758969677
|move|p1a: Comfey|Draining Kiss|p2a: Dragonite
|-supereffective|p2a: Dragonite
|-damage|p2a: Dragonite|0 fnt
|faint|p2a: Dragonite
|-damage|p1a: Comfey|91/100|[from] item: Life Orb
|
|upkeep
|
|t:|1758969682
|switch|p2a: Iron Valiant|Iron Valiant|100/100
|-activate|p2a: Iron Valiant|move: Sticky Web
|-unboost|p2a: Iron Valiant|spe|1
|-enditem|p2a: Iron Valiant|Booster Energy
|-activate|p2a: Iron Valiant|ability: Quark Drive|[fromitem]
|-start|p2a: Iron Valiant|quarkdrivespa
|turn|22
|
|t:|1758969686
|-terastallize|p2a: Iron Valiant|Steel
|move|p1a: Comfey|Draining Kiss|p2a: Iron Valiant
|-resisted|p2a: Iron Valiant
|-damage|p2a: Iron Valiant|74/100
|-heal|p1a: Comfey|100/100|[from] drain|[of] p2a: Iron Valiant
|-damage|p1a: Comfey|91/100|[from] item: Life Orb
|move|p2a: Iron Valiant|Moonblast|p1a: Comfey
|-damage|p1a: Comfey|23/100
|
|upkeep
|turn|23
|
|t:|1758969692
|switch|p1a: Dragonite|Dragonite, F|100/100
|move|p2a: Iron Valiant|Moonblast|p1a: Dragonite
|-supereffective|p1a: Dragonite
|-damage|p1a: Dragonite|34/100
|-unboost|p1a: Dragonite|spa|1
|
|upkeep
|turn|24
|
|t:|1758969698
|move|p1a: Dragonite|Earthquake|p2a: Iron Valiant
|-supereffective|p2a: Iron Valiant
|-damage|p2a: Iron Valiant|0 fnt
|faint|p2a: Iron Valiant
|-end|p2a: Iron Valiant|Quark Drive|[silent]
|
|upkeep
|
|t:|1758969700
|switch|p2a: Greninja|Greninja, M|100/100
|-activate|p2a: Greninja|move: Sticky Web
|-unboost|p2a: Greninja|spe|1
|turn|25
|
|t:|1758969704
|move|p1a: Dragonite|Earthquake|p2a: Greninja
|-damage|p2a: Greninja|38/100
|move|p2a: Greninja|Ice Beam|p1a: Dragonite
|-supereffective|p1a: Dragonite
|-damage|p1a: Dragonite|0 fnt
|faint|p1a: Dragonite
|-ability|p2a: Greninja|Battle Bond|boost
|-boost|p2a: Greninja|atk|1
|-boost|p2a: Greninja|spa|1
|-boost|p2a: Greninja|spe|1
|-activate|p2a: Greninja|ability: Battle Bond
|-damage|p2a: Greninja|28/100|[from] item: Life Orb
|
|upkeep
|
|t:|1758969706
|switch|p1a: Comfey|Comfey, M|23/100
|turn|26
|
|t:|1758969708
|move|p1a: Comfey|Draining Kiss|p2a: Greninja
|-supereffective|p2a: Greninja
|-damage|p2a: Greninja|0 fnt
|-heal|p1a: Comfey|42/100|[from] drain|[of] p2a: Greninja
|faint|p2a: Greninja
|-damage|p1a: Comfey|32/100|[from] item: Life Orb
|
|win|vghhjg
|raw|vghhjg's rating: 1552 &rarr; <strong>1568</strong><br />(+16 for winning)
|raw|SuceurDeFildrong's rating: 1478 &rarr; <strong>1462</strong><br />(-16 for losing)
|l|☆SuceurDeFildrong
|player|p2|
|j|☆SuceurDeFildrong
|player|p2|SuceurDeFildrong|1|
|l|☆vghhjg
|player|p1|
|l|☆SuceurDeFildrong
|player|p2|
