|j|☆Cinerath
|j|☆GhostDumbDumb
|t:|1759003527
|gametype|singles
|player|p1|Cinerath|brycen|1419
|player|p2|GhostDumbDumb|unknown|1431
|gen|9
|tier|[Gen 9] OU
|rated|
|rule|HP Percentage Mod: HP is shown in percentages
|rule|Endless Battle Clause: Forcing endless battles is banned
|rule|Species Clause: Limit one of each Pokémon
|rule|OHKO Clause: OHKO moves are banned
|rule|Evasion Items Clause: Evasion items are banned
|rule|Evasion Moves Clause: Evasion moves are banned
|rule|Evasion Abilities Clause: Evasion abilities are banned
|rule|Sleep Moves Clause: Sleep-inducing moves are banned
|clearpoke
|poke|p1|Ribombee, M|
|poke|p1|Cinderace, F|
|poke|p1|Serperior, F|
|poke|p1|Malamar, M|
|poke|p1|Dragapult, F|
|poke|p1|Bisharp, F|
|poke|p2|Dragapult, F|
|poke|p2|Gliscor, M|
|poke|p2|Reuniclus, M|
|poke|p2|Sceptile, M|
|poke|p2|Greninja-*, M|
|poke|p2|Weezing-Galar, F|
|teampreview
|inactive|Battle timer is ON: inactive players will automatically lose when time's up. (requested by Cinerath)
|
|t:|1759003552
|teamsize|p1|6
|teamsize|p2|6
|start
|switch|p1a: Ribombee|Ribombee, M|100/100
|switch|p2a: Weezing|Weezing-Galar, F, shiny|100/100
|-ability|p2a: Weezing|Neutralizing Gas
|turn|1
|
|t:|1759003566
|move|p1a: Ribombee|Sticky Web|p2a: Weezing
|-sidestart|p2: GhostDumbDumb|move: Sticky Web
|move|p2a: Weezing|Flamethrower|p1a: Ribombee
|-supereffective|p1a: Ribombee
|-damage|p1a: Ribombee|7/100
|
|upkeep
|turn|2
|
|t:|1759003576
|switch|p1a: Bisharp|Bisharp, F|100/100
|move|p2a: Weezing|Strange Steam|p1a: Bisharp
|-damage|p1a: Bisharp|65/100
|
|upkeep
|turn|3
|
|t:|1759003587
|move|p1a: Bisharp|Iron Head|p2a: Weezing
|-supereffective|p2a: Weezing
|-damage|p2a: Weezing|18/100
|cant|p2a: Weezing|flinch
|
|upkeep
|turn|4
|
|t:|1759003596
|move|p1a: Bisharp|Iron Head|p2a: Weezing
|-supereffective|p2a: Weezing
|-damage|p2a: Weezing|0 fnt
|faint|p2a: Weezing
|-end|p2a: Weezing|ability: Neutralizing Gas
|
|upkeep
|
|t:|1759003607
|switch|p2a: Typhlosions Lawyer|Sceptile, M, shiny|100/100
|-activate|p2a: Typhlosions Lawyer|move: Sticky Web
|-unboost|p2a: Typhlosions Lawyer|spe|1
|turn|5
|
|t:|1759003617
|switch|p1a: Ribombee|Ribombee, M|7/100
|move|p2a: Typhlosions Lawyer|Vacuum Wave|p1a: Ribombee
|-resisted|p1a: Ribombee
|-damage|p1a: Ribombee|1/100
|
|upkeep
|turn|6
|
|t:|1759003623
|move|p2a: Typhlosions Lawyer|Vacuum Wave|p1a: Ribombee
|-resisted|p1a: Ribombee
|-damage|p1a: Ribombee|0 fnt
|faint|p1a: Ribombee
|
|upkeep
|
|t:|1759003626
|switch|p1a: Cinderace|Cinderace, F|100/100
|turn|7
|
|t:|1759003636
|-terastallize|p2a: Typhlosions Lawyer|Rock
|move|p1a: Cinderace|Court Change|p1a: Cinderace
|-start|p1a: Cinderace|typechange|Normal|[from] ability: Libero
|-swapsideconditions
|-activate|p1a: Cinderace|move: Court Change
|move|p2a: Typhlosions Lawyer|Tera Blast|p1a: Cinderace|[anim] Tera Blast Rock
|-damage|p1a: Cinderace|43/100
|
|upkeep
|turn|8
|
|t:|1759003654
|move|p1a: Cinderace|High Jump Kick|p2a: Typhlosions Lawyer
|-supereffective|p2a: Typhlosions Lawyer
|-damage|p2a: Typhlosions Lawyer|0 fnt
|faint|p2a: Typhlosions Lawyer
|
|upkeep
|
|t:|1759003671
|switch|p2a: Smiff|Greninja, M|100/100
|turn|9
|
|t:|1759003687
|switch|p1a: Bisharp|Bisharp, F|65/100
|-activate|p1a: Bisharp|move: Sticky Web
|-unboost|p1a: Bisharp|spe|1
|-ability|p1a: Bisharp|Defiant|boost
|-boost|p1a: Bisharp|atk|2
|move|p2a: Smiff|Water Shuriken|p1a: Bisharp
|-damage|p1a: Bisharp|58/100
|-damage|p1a: Bisharp|51/100
|-damage|p1a: Bisharp|44/100
|-damage|p1a: Bisharp|36/100
|-hitcount|p1a: Bisharp|4
|
|upkeep
|turn|10
|inactive|GhostDumbDumb has 120 seconds left.
|
|t:|1759003704
|move|p2a: Smiff|Water Shuriken|p1a: Bisharp
|-damage|p1a: Bisharp|28/100
|-damage|p1a: Bisharp|21/100
|-damage|p1a: Bisharp|14/100
|-damage|p1a: Bisharp|7/100
|-damage|p1a: Bisharp|0 fnt
|faint|p1a: Bisharp
|-ability|p2a: Smiff|Battle Bond|boost
|-boost|p2a: Smiff|atk|1
|-boost|p2a: Smiff|spa|1
|-boost|p2a: Smiff|spe|1
|-activate|p2a: Smiff|ability: Battle Bond
|-hitcount|p1: Bisharp|5
|
|upkeep
|
|t:|1759003717
|switch|p1a: Dragapult|Dragapult, F|100/100
|-activate|p1a: Dragapult|move: Sticky Web
|-fail|p1a: Dragapult|unboost|[from] ability: Clear Body|[of] p1a: Dragapult
|turn|11
|
|t:|1759003727
|move|p2a: Smiff|Dark Pulse|p1a: Dragapult
|-supereffective|p1a: Dragapult
|-damage|p1a: Dragapult|0 fnt
|faint|p1a: Dragapult
|
|upkeep
|inactive|Cinerath has 120 seconds left.
|
|t:|1759003754
|switch|p1a: Malamar|Malamar, M|100/100
|-activate|p1a: Malamar|move: Sticky Web
|-boost|p1a: Malamar|spe|1
|turn|12
|
|t:|1759003770
|-terastallize|p1a: Malamar|Fighting
|move|p2a: Smiff|Water Shuriken|p1a: Malamar
|-damage|p1a: Malamar|86/100
|-damage|p1a: Malamar|71/100
|-damage|p1a: Malamar|55/100
|-damage|p1a: Malamar|41/100
|-hitcount|p1a: Malamar|4
|move|p1a: Malamar|Superpower|p2a: Smiff
|-supereffective|p2a: Smiff
|-damage|p2a: Smiff|0 fnt
|-boost|p1a: Malamar|atk|1
|-boost|p1a: Malamar|def|1
|faint|p2a: Smiff
|
|-heal|p1a: Malamar|47/100|[from] item: Leftovers
|upkeep
|inactive|GhostDumbDumb has 120 seconds left.
|
|t:|1759003802
|switch|p2a: Shoots Kids|Dragapult, F, shiny|100/100
|turn|13
|
|t:|1759003815
|switch|p1a: Cinderace|Cinderace, F|43/100
|move|p2a: Shoots Kids|Shadow Ball|p1a: Cinderace
|-damage|p1a: Cinderace|0 fnt
|faint|p1a: Cinderace
|
|upkeep
|
|t:|1759003820
|switch|p1a: Serperior|Serperior, F|100/100
|-activate|p1a: Serperior|move: Sticky Web
|-boost|p1a: Serperior|spe|1
|turn|14
|
|t:|1759003825
|move|p1a: Serperior|Leaf Storm|p2a: Shoots Kids
|-resisted|p2a: Shoots Kids
|-damage|p2a: Shoots Kids|70/100
|-boost|p1a: Serperior|spa|2
|move|p2a: Shoots Kids|Shadow Ball|p1a: Serperior
|-damage|p1a: Serperior|38/100
|
|upkeep
|turn|15
|
|t:|1759003832
|move|p1a: Serperior|Dragon Pulse|p2a: Shoots Kids
|-supereffective|p2a: Shoots Kids
|-damage|p2a: Shoots Kids|0 fnt
|faint|p2a: Shoots Kids
|
|upkeep
|
|t:|1759003839
|switch|p2a: Wait...|Reuniclus, M, shiny|100/100
|turn|16
|
|t:|1759003859
|move|p1a: Serperior|Substitute|p1a: Serperior
|-start|p1a: Serperior|Substitute
|-damage|p1a: Serperior|14/100
|move|p2a: Wait...|Calm Mind|p2a: Wait...
|-boost|p2a: Wait...|spa|1
|-boost|p2a: Wait...|spd|1
|
|upkeep
|turn|17
|
|t:|1759003866
|move|p1a: Serperior|Leaf Storm|p2a: Wait...
|-damage|p2a: Wait...|52/100
|-boost|p1a: Serperior|spa|2
|move|p2a: Wait...|Calm Mind|p2a: Wait...
|-boost|p2a: Wait...|spa|1
|-boost|p2a: Wait...|spd|1
|
|-heal|p2a: Wait...|58/100|[from] item: Leftovers
|upkeep
|turn|18
|
|t:|1759003875
|move|p1a: Serperior|Leaf Storm|p2a: Wait...
|-damage|p2a: Wait...|0 fnt
|-boost|p1a: Serperior|spa|2
|faint|p2a: Wait...
|
|upkeep
|-message|GhostDumbDumb forfeited.
|
|win|Cinerath
|raw|Cinerath's rating: 1419 &rarr; <strong>1440</strong><br />(+21 for winning)
|raw|GhostDumbDumb's rating: 1431 &rarr; <strong>1410</strong><br />(-21 for losing)
|l|☆GhostDumbDumb
|player|p2|
|l|☆Cinerath
|player|p1|
