|j|☆IronClod
|j|☆GummyDeino
|t:|1759032110
|gametype|singles
|player|p1|IronClod|fantina|1486
|player|p2|GummyDeino|lady|1718
|gen|9
|tier|[Gen 9] OU
|rated|
|rule|HP Percentage Mod: HP is shown in percentages
|rule|Endless Battle Clause: Forcing endless battles is banned
|rule|Species Clause: Limit one of each Pokémon
|rule|OHKO Clause: OHKO moves are banned
|rule|Evasion Items Clause: Evasion items are banned
|rule|Evasion Moves Clause: Evasion moves are banned
|rule|Evasion Abilities Clause: Evasion abilities are banned
|rule|Sleep Moves Clause: Sleep-inducing moves are banned
|clearpoke
|poke|p1|Ursaluna, F|
|poke|p1|Slowking-Galar, M|
|poke|p1|Great Tusk|
|poke|p1|Gholdengo|
|poke|p1|Moltres|
|poke|p1|Meowscarada, M|
|poke|p2|Indeedee, M|
|poke|p2|Hatterene, F|
|poke|p2|Ursaluna, F|
|poke|p2|Iron Hands|
|poke|p2|Hoopa-Unbound|
|poke|p2|Mimikyu, F|
|teampreview
|inactive|Battle timer is ON: inactive players will automatically lose when time's up. (requested by GummyDeino)
|
|t:|1759032125
|teamsize|p1|6
|teamsize|p2|6
|start
|switch|p1a: Meowscarada|Meowscarada, M|100/100
|switch|p2a: Catch These Hands|Iron Hands, shiny|100/100
|-enditem|p2a: Catch These Hands|Booster Energy
|-activate|p2a: Catch These Hands|ability: Quark Drive|[fromitem]
|-start|p2a: Catch These Hands|quarkdriveatk
|turn|1
|
|t:|1759032133
|move|p1a: Meowscarada|Spikes|p2a: Catch These Hands
|-start|p1a: Meowscarada|typechange|Ground|[from] ability: Protean
|-sidestart|p2: GummyDeino|Spikes
|move|p2a: Catch These Hands|Close Combat|p1a: Meowscarada
|-damage|p1a: Meowscarada|0 fnt
|-unboost|p2a: Catch These Hands|def|1
|-unboost|p2a: Catch These Hands|spd|1
|faint|p1a: Meowscarada
|
|upkeep
|
|t:|1759032142
|switch|p1a: Moltres|Moltres|100/100
|turn|2
|
|t:|1759032146
|switch|p1a: Ursaluna|Ursaluna, F|100/100
|-terastallize|p2a: Catch These Hands|Fire
|move|p2a: Catch These Hands|Supercell Slam|p1a: Ursaluna
|-immune|p1a: Ursaluna
|-damage|p2a: Catch These Hands|50/100|[from] supercellslam
|
|-status|p1a: Ursaluna|brn|[from] item: Flame Orb
|upkeep
|turn|3
|
|t:|1759032162
|-end|p2a: Catch These Hands|Quark Drive|[silent]
|switch|p2a: Mimi :3|Mimikyu, F, shiny|100/100
|-damage|p2a: Mimi :3|88/100|[from] Spikes
|move|p1a: Ursaluna|Facade|p2a: Mimi :3
|-immune|p2a: Mimi :3
|
|-damage|p1a: Ursaluna|94/100 brn|[from] brn
|upkeep
|turn|4
|
|t:|1759032170
|move|p1a: Ursaluna|Swords Dance|p1a: Ursaluna
|-boost|p1a: Ursaluna|atk|2
|move|p2a: Mimi :3|Trick Room|p2a: Mimi :3
|-fieldstart|move: Trick Room|[of] p2a: Mimi :3
|
|-damage|p1a: Ursaluna|88/100 brn|[from] brn
|upkeep
|turn|5
|
|t:|1759032176
|move|p1a: Ursaluna|Fire Punch|p2a: Mimi :3
|-activate|p2a: Mimi :3|ability: Disguise
|-damage|p2a: Mimi :3|88/100
|detailschange|p2a: Mimi :3|Mimikyu-Busted, F, shiny
|-damage|p2a: Mimi :3|76/100|[from] pokemon: Mimikyu-Busted
|-enditem|p2a: Mimi :3|Red Card|[of] p1a: Ursaluna
|drag|p1a: Great Tusk|Great Tusk|100/100
|move|p2a: Mimi :3|Curse|p1a: Great Tusk
|-start|p1a: Great Tusk|Curse|[of] p2a: Mimi :3
|-damage|p2a: Mimi :3|26/100
|
|-damage|p1a: Great Tusk|76/100|[from] Curse
|upkeep
|turn|6
|
|t:|1759032190
|move|p2a: Mimi :3|Play Rough|p1a: Great Tusk
|-supereffective|p1a: Great Tusk
|-damage|p1a: Great Tusk|35/100
|move|p1a: Great Tusk|Headlong Rush|p2a: Mimi :3
|-damage|p2a: Mimi :3|0 fnt
|-unboost|p1a: Great Tusk|def|1
|-unboost|p1a: Great Tusk|spd|1
|faint|p2a: Mimi :3
|
|-damage|p1a: Great Tusk|10/100|[from] Curse
|upkeep
|
|t:|1759032201
|switch|p2a: Catch These Hands|Iron Hands, shiny, tera:Fire|50/100
|-damage|p2a: Catch These Hands|38/100|[from] Spikes
|turn|7
|
|t:|1759032208
|move|p2a: Catch These Hands|Ice Punch|p1a: Great Tusk
|-supereffective|p1a: Great Tusk
|-damage|p1a: Great Tusk|0 fnt
|faint|p1a: Great Tusk
|-end|p1a: Great Tusk|Protosynthesis|[silent]
|
|upkeep
|
|t:|1759032215
|switch|p1a: Slowking|Slowking-Galar, M|100/100
|turn|8
|
|t:|1759032222
|-prepare|p1a: Slowking|Chilly Reception|[premajor]
|move|p1a: Slowking|Chilly Reception|p1a: Slowking
|-weather|Snowscape
|
|t:|1759032238
|switch|p1a: Ursaluna|Ursaluna, F|88/100 brn|[from] Chilly Reception
|move|p2a: Catch These Hands|Supercell Slam|p1a: Ursaluna
|-immune|p1a: Ursaluna
|-damage|p2a: Catch These Hands|0 fnt|[from] supercellslam
|faint|p2a: Catch These Hands
|-end|p2a: Catch These Hands|Quark Drive|[silent]
|
|-weather|Snowscape|[upkeep]
|-damage|p1a: Ursaluna|82/100 brn|[from] brn
|-fieldend|move: Trick Room
|upkeep
|
|t:|1759032248
|switch|p2a: Ayo Doc Heal Me|Indeedee, M, shiny|100/100
|-damage|p2a: Ayo Doc Heal Me|88/100|[from] Spikes
|-fieldstart|move: Psychic Terrain|[from] ability: Psychic Surge|[of] p2a: Ayo Doc Heal Me
|turn|9
|
|t:|1759032265
|move|p2a: Ayo Doc Heal Me|Expanding Force|p1a: Ursaluna
|-damage|p1a: Ursaluna|29/100 brn
|move|p1a: Ursaluna|Facade|p2a: Ayo Doc Heal Me
|-damage|p2a: Ayo Doc Heal Me|0 fnt
|faint|p2a: Ayo Doc Heal Me
|
|-weather|Snowscape|[upkeep]
|-damage|p1a: Ursaluna|22/100 brn|[from] brn
|upkeep
|
|t:|1759032273
|switch|p2a: Sukuna|Hoopa-Unbound|100/100
|-damage|p2a: Sukuna|88/100|[from] Spikes
|-enditem|p2a: Sukuna|Psychic Seed
|-boost|p2a: Sukuna|spd|1|[from] item: Psychic Seed
|turn|10
|inactive|IronClod has 120 seconds left.
|
|t:|1759032344
|switch|p1a: Slowking|Slowking-Galar, M|100/100
|move|p2a: Sukuna|Expanding Force|p1a: Slowking
|-damage|p1a: Slowking|40/100
|-item|p2a: Sukuna|Heavy-Duty Boots|[from] ability: Magician|[of] p1a: Slowking
|
|-weather|Snowscape|[upkeep]
|upkeep
|turn|11
|
|t:|1759032351
|switch|p1a: Moltres|Moltres|100/100
|move|p2a: Sukuna|Trick Room|p2a: Sukuna
|-fieldstart|move: Trick Room|[of] p2a: Sukuna
|
|-weather|Snowscape|[upkeep]
|upkeep
|turn|12
|
|t:|1759032361
|-terastallize|p1a: Moltres|Fairy
|move|p2a: Sukuna|Expanding Force|p1a: Moltres
|-damage|p1a: Moltres|6/100
|move|p1a: Moltres|Roar|p2a: Sukuna
|drag|p2a: Hattsune Miku|Hatterene, F, shiny|100/100
|-damage|p2a: Hattsune Miku|88/100|[from] Spikes
|
|-weather|none
|upkeep
|turn|13
|inactive|IronClod has 120 seconds left.
|
|t:|1759032381
|move|p2a: Hattsune Miku|Expanding Force|p1a: Moltres
|-damage|p1a: Moltres|0 fnt
|faint|p1a: Moltres
|-damage|p2a: Hattsune Miku|78/100|[from] item: Life Orb
|
|upkeep
|
|t:|1759032383
|switch|p1a: Slowking|Slowking-Galar, M|73/100
|turn|14
|
|t:|1759032389
|move|p2a: Hattsune Miku|Expanding Force|p1a: Slowking
|-damage|p1a: Slowking|8/100
|-damage|p2a: Hattsune Miku|69/100|[from] item: Life Orb
|move|p1a: Slowking|Sludge Bomb|p2a: Hattsune Miku
|-supereffective|p2a: Hattsune Miku
|-damage|p2a: Hattsune Miku|0 fnt
|faint|p2a: Hattsune Miku
|
|upkeep
|
|t:|1759032397
|switch|p2a: Sukuna|Hoopa-Unbound|88/100
|turn|15
|
|t:|1759032410
|-prepare|p1a: Slowking|Chilly Reception|[premajor]
|move|p1a: Slowking|Chilly Reception|p1a: Slowking
|-weather|Snowscape
|
|t:|1759032413
|switch|p1a: Gholdengo|Gholdengo|100/100|[from] Chilly Reception
|-item|p1a: Gholdengo|Air Balloon
|move|p2a: Sukuna|Expanding Force|p1a: Gholdengo
|-resisted|p1a: Gholdengo
|-damage|p1a: Gholdengo|40/100
|-enditem|p1a: Gholdengo|Air Balloon
|
|-weather|Snowscape|[upkeep]
|-fieldend|move: Trick Room
|upkeep
|turn|16
|
|t:|1759032423
|move|p1a: Gholdengo|Make It Rain|p2a: Sukuna
|-damage|p2a: Sukuna|40/100
|-unboost|p1a: Gholdengo|spa|1
|move|p2a: Sukuna|Hyperspace Fury|p1a: Gholdengo
|-supereffective|p1a: Gholdengo
|-damage|p1a: Gholdengo|0 fnt
|-unboost|p2a: Sukuna|def|1
|faint|p1a: Gholdengo
|
|-weather|Snowscape|[upkeep]
|-fieldend|move: Psychic Terrain
|upkeep
|
|t:|1759032428
|switch|p1a: Ursaluna|Ursaluna, F|22/100 brn
|turn|17
|
|t:|1759032435
|move|p1a: Ursaluna|Facade|p2a: Sukuna
|-damage|p2a: Sukuna|0 fnt
|faint|p2a: Sukuna
|
|-weather|Snowscape|[upkeep]
|-damage|p1a: Ursaluna|16/100 brn|[from] brn
|upkeep
|
|t:|1759032441
|switch|p2a: 5 Nights In TR|Ursaluna, F, shiny|100/100
|-damage|p2a: 5 Nights In TR|88/100|[from] Spikes
|turn|18
|
|t:|1759032444
|move|p1a: Ursaluna|Facade|p2a: 5 Nights In TR
|-damage|p2a: 5 Nights In TR|2/100
|move|p2a: 5 Nights In TR|Facade|p1a: Ursaluna
|-damage|p1a: Ursaluna|0 fnt
|faint|p1a: Ursaluna
|
|-weather|Snowscape|[upkeep]
|-status|p2a: 5 Nights In TR|brn|[from] item: Flame Orb
|upkeep
|
|t:|1759032448
|switch|p1a: Slowking|Slowking-Galar, M|41/100
|turn|19
|
|t:|1759032457
|move|p2a: 5 Nights In TR|Headlong Rush|p1a: Slowking
|-supereffective|p1a: Slowking
|-damage|p1a: Slowking|0 fnt
|-unboost|p2a: 5 Nights In TR|def|1
|-unboost|p2a: 5 Nights In TR|spd|1
|faint|p1a: Slowking
|
|win|GummyDeino
|raw|IronClod's rating: 1486 &rarr; <strong>1478</strong><br />(-8 for losing)
|raw|GummyDeino's rating: 1718 &rarr; <strong>1726</strong><br />(+8 for winning)
|l|☆IronClod
|player|p1|
|l|☆GummyDeino
|player|p2|
