|j|☆AJ1207
|j|☆blazingvalkrie
|t:|1758943007
|gametype|singles
|player|p1|AJ1207|flannery|1353
|player|p2|blazingvalkrie|iris-gen5bw2|1360
|gen|9
|tier|[Gen 9] OU
|rated|
|rule|HP Percentage Mod: HP is shown in percentages
|rule|Endless Battle Clause: Forcing endless battles is banned
|rule|Species Clause: Limit one of each Pokémon
|rule|OHKO Clause: OHKO moves are banned
|rule|Evasion Items Clause: Evasion items are banned
|rule|Evasion Moves Clause: Evasion moves are banned
|rule|Evasion Abilities Clause: Evasion abilities are banned
|rule|Sleep Moves Clause: Sleep-inducing moves are banned
|clearpoke
|poke|p1|Yanmega, M|
|poke|p1|Alomomola, F|
|poke|p1|Darkrai|
|poke|p1|Metagross|
|poke|p1|Great Tusk|
|poke|p1|Raging Bolt|
|poke|p2|Weezing-Galar, M|
|poke|p2|Glimmora, M|
|poke|p2|Gliscor, M|
|poke|p2|Tyranitar, M|
|poke|p2|Kingambit, M|
|poke|p2|Primarina, F|
|teampreview
|inactive|Battle timer is ON: inactive players will automatically lose when time's up. (requested by blazingvalkrie)
|
|t:|1758943027
|teamsize|p1|6
|teamsize|p2|6
|start
|switch|p1a: Metagross|Metagross|100/100
|switch|p2a: Primarina|Primarina, F, shiny|100/100
|turn|1
|
|t:|1758943031
|move|p2a: Primarina|Surf|p1a: Metagross
|-damage|p1a: Metagross|46/100
|move|p1a: Metagross|Knock Off|p2a: Primarina
|-resisted|p2a: Primarina
|-damage|p2a: Primarina|82/100
|-enditem|p2a: Primarina|Assault Vest|[from] move: Knock Off|[of] p1a: Metagross
|
|-heal|p1a: Metagross|52/100|[from] item: Leftovers
|upkeep
|turn|2
|inactive|AJ1207 has 120 seconds left.
|inactive|AJ1207 has 90 seconds left.
|
|t:|1758943120
|move|p2a: Primarina|Surf|p1a: Metagross
|-damage|p1a: Metagross|2/100
|move|p1a: Metagross|Stealth Rock|p2a: Primarina
|-sidestart|p2: blazingvalkrie|move: Stealth Rock
|
|-heal|p1a: Metagross|8/100|[from] item: Leftovers
|upkeep
|turn|3
|
|t:|1758943133
|move|p1a: Metagross|Bullet Punch|p2a: Primarina
|-damage|p2a: Primarina|60/100
|move|p2a: Primarina|Moonblast|p1a: Metagross
|-resisted|p1a: Metagross
|-damage|p1a: Metagross|0 fnt
|faint|p1a: Metagross
|
|upkeep
|inactive|AJ1207 has 60 seconds left.
|
|t:|1758943175
|switch|p1a: Raging Bolt|Raging Bolt|100/100
|-enditem|p1a: Raging Bolt|Booster Energy
|-activate|p1a: Raging Bolt|ability: Protosynthesis|[fromitem]
|-start|p1a: Raging Bolt|protosynthesisspa
|turn|4
|
|t:|1758943198
|move|p1a: Raging Bolt|Calm Mind|p1a: Raging Bolt
|-boost|p1a: Raging Bolt|spa|1
|-boost|p1a: Raging Bolt|spd|1
|move|p2a: Primarina|Moonblast|p1a: Raging Bolt
|-supereffective|p1a: Raging Bolt
|-damage|p1a: Raging Bolt|43/100
|
|upkeep
|turn|5
|
|t:|1758943205
|-terastallize|p2a: Primarina|Steel
|move|p1a: Raging Bolt|Thunderbolt|p2a: Primarina
|-damage|p2a: Primarina|0 fnt
|faint|p2a: Primarina
|
|upkeep
|
|t:|1758943210
|switch|p2a: Gliscor|Gliscor, M|100/100
|-damage|p2a: Gliscor|88/100|[from] Stealth Rock
|turn|6
|inactive|AJ1207 has 60 seconds left.
|
|t:|1758943219
|-end|p1a: Raging Bolt|Protosynthesis|[silent]
|switch|p1a: Alomomola|Alomomola, F|100/100
|move|p2a: Gliscor|Earthquake|p1a: Alomomola
|-damage|p1a: Alomomola|68/100
|
|-status|p2a: Gliscor|tox|[from] item: Toxic Orb
|upkeep
|turn|7
|
|t:|1758943223
|move|p2a: Gliscor|Swords Dance|p2a: Gliscor
|-boost|p2a: Gliscor|atk|2
|move|p1a: Alomomola|Flip Turn|p2a: Gliscor
|-supereffective|p2a: Gliscor
|-damage|p2a: Gliscor|58/100 tox
|
|t:|1758943233
|switch|p1a: Darkrai|Darkrai|100/100|[from] Flip Turn
|
|-heal|p2a: Gliscor|71/100 tox|[from] ability: Poison Heal
|upkeep
|turn|8
|
|t:|1758943239
|move|p2a: Gliscor|Protect|p2a: Gliscor
|-singleturn|p2a: Gliscor|Protect
|move|p1a: Darkrai|Ice Beam|p2a: Gliscor
|-activate|p2a: Gliscor|move: Protect
|
|-heal|p2a: Gliscor|83/100 tox|[from] ability: Poison Heal
|upkeep
|turn|9
|
|t:|1758943251
|switch|p2a: Glimmora|Glimmora, M|100/100
|-damage|p2a: Glimmora|88/100|[from] Stealth Rock
|move|p1a: Darkrai|Ice Beam|p2a: Glimmora
|-crit|p2a: Glimmora
|-damage|p2a: Glimmora|12/100
|-enditem|p2a: Glimmora|Red Card|[of] p1a: Darkrai
|drag|p1a: Raging Bolt|Raging Bolt|43/100
|
|upkeep
|turn|10
|
|t:|1758943268
|move|p1a: Raging Bolt|Thunderclap|p2a: Glimmora
|-damage|p2a: Glimmora|0 fnt
|faint|p2a: Glimmora
|
|upkeep
|
|t:|1758943273
|switch|p2a: Gliscor|Gliscor, M|83/100 tox
|-damage|p2a: Gliscor|71/100 tox|[from] Stealth Rock
|turn|11
|
|t:|1758943276
|move|p2a: Gliscor|Earthquake|p1a: Raging Bolt
|-supereffective|p1a: Raging Bolt
|-damage|p1a: Raging Bolt|0 fnt
|faint|p1a: Raging Bolt
|-end|p1a: Raging Bolt|Protosynthesis|[silent]
|
|-heal|p2a: Gliscor|83/100 tox|[from] ability: Poison Heal
|upkeep
|inactive|AJ1207 has 90 seconds left.
|
|t:|1758943284
|switch|p1a: Darkrai|Darkrai|100/100
|turn|12
|
|t:|1758943287
|move|p2a: Gliscor|Protect|p2a: Gliscor
|-singleturn|p2a: Gliscor|Protect
|move|p1a: Darkrai|Ice Beam|p2a: Gliscor
|-activate|p2a: Gliscor|move: Protect
|
|-heal|p2a: Gliscor|96/100 tox|[from] ability: Poison Heal
|upkeep
|turn|13
|
|t:|1758943293
|move|p1a: Darkrai|Ice Beam|p2a: Gliscor
|-supereffective|p2a: Gliscor
|-damage|p2a: Gliscor|0 fnt
|faint|p2a: Gliscor
|
|upkeep
|
|t:|1758943296
|switch|p2a: Weezing|Weezing-Galar, M|100/100
|-ability|p2a: Weezing|Neutralizing Gas
|turn|14
|
|t:|1758943299
|switch|p1a: Alomomola|Alomomola, F|100/100
|move|p2a: Weezing|Toxic|p1a: Alomomola
|-status|p1a: Alomomola|tox
|
|-damage|p1a: Alomomola|94/100 tox|[from] psn
|upkeep
|turn|15
|
|t:|1758943304
|move|p2a: Weezing|Defog|p1a: Alomomola
|-unboost|p1a: Alomomola|evasion|1
|-sideend|p2: blazingvalkrie|Stealth Rock|[from] move: Defog|[of] p2a: Weezing
|move|p1a: Alomomola|Flip Turn|p2a: Weezing
|-damage|p2a: Weezing|89/100
|
|t:|1758943323
|switch|p1a: Yanmega|Yanmega, M|100/100|[from] Flip Turn
|
|upkeep
|turn|16
|
|t:|1758943334
|move|p1a: Yanmega|Bug Buzz|p2a: Weezing
|-resisted|p2a: Weezing
|-damage|p2a: Weezing|71/100
|-enditem|p1a: Yanmega|Throat Spray
|-boost|p1a: Yanmega|spa|1|[from] item: Throat Spray
|move|p2a: Weezing|Defog|p1a: Yanmega
|-unboost|p1a: Yanmega|evasion|1
|
|upkeep
|turn|17
|
|t:|1758943339
|move|p1a: Yanmega|Air Slash|p2a: Weezing
|-damage|p2a: Weezing|0 fnt
|faint|p2a: Weezing
|-end|p2a: Weezing|ability: Neutralizing Gas
|
|-ability|p1a: Yanmega|Speed Boost|boost
|-boost|p1a: Yanmega|spe|1
|upkeep
|
|t:|1758943343
|switch|p2a: Tyranitar|Tyranitar, M, shiny|100/100
|-weather|Sandstorm|[from] ability: Sand Stream|[of] p2a: Tyranitar
|turn|18
|
|t:|1758943371
|move|p1a: Yanmega|Bug Buzz|p2a: Tyranitar
|-supereffective|p2a: Tyranitar
|-crit|p2a: Tyranitar
|-damage|p2a: Tyranitar|0 fnt
|faint|p2a: Tyranitar
|
|-weather|Sandstorm|[upkeep]
|-damage|p1a: Yanmega|94/100|[from] Sandstorm
|-ability|p1a: Yanmega|Speed Boost|boost
|-boost|p1a: Yanmega|spe|1
|upkeep
|
|t:|1758943375
|switch|p2a: Kingambit|Kingambit, M|100/100
|turn|19
|
|t:|1758943379
|-terastallize|p1a: Yanmega|Fire
|move|p2a: Kingambit|Sucker Punch|p1a: Yanmega
|-damage|p1a: Yanmega|25/100
|-damage|p2a: Kingambit|91/100|[from] item: Life Orb
|move|p1a: Yanmega|Tera Blast|p2a: Kingambit|[anim] Tera Blast Fire
|-supereffective|p2a: Kingambit
|-damage|p2a: Kingambit|0 fnt
|faint|p2a: Kingambit
|
|win|AJ1207
|raw|AJ1207's rating: 1353 &rarr; <strong>1373</strong><br />(+20 for winning)
|raw|blazingvalkrie's rating: 1360 &rarr; <strong>1340</strong><br />(-20 for losing)
|l|☆blazingvalkrie
|player|p2|
