|j|☆Lolgasm
|j|☆UserJexx
|t:|1759021207
|gametype|singles
|player|p1|Lolgasm|169|1468
|player|p2|UserJexx|lusamine-nihilego|1502
|gen|9
|tier|[Gen 9] OU
|rated|
|rule|HP Percentage Mod: HP is shown in percentages
|rule|Endless Battle Clause: Forcing endless battles is banned
|rule|Species Clause: Limit one of each Pokémon
|rule|OHKO Clause: OHKO moves are banned
|rule|Evasion Items Clause: Evasion items are banned
|rule|Evasion Moves Clause: Evasion moves are banned
|rule|Evasion Abilities Clause: Evasion abilities are banned
|rule|Sleep Moves Clause: Sleep-inducing moves are banned
|clearpoke
|poke|p1|Ninetales, M|
|poke|p1|Walking Wake|
|poke|p1|Hatterene, F|
|poke|p1|Great Tusk|
|poke|p1|Blaziken, F|
|poke|p1|Ceruledge, F|
|poke|p2|Hatterene, F|
|poke|p2|Goodra-Hisui, M|
|poke|p2|Ditto|
|poke|p2|Gastrodon, F|
|poke|p2|Corviknight, F|
|poke|p2|Ceruledge, F|
|teampreview
|inactive|Battle timer is ON: inactive players will automatically lose when time's up. (requested by UserJexx)
|
|t:|1759021217
|teamsize|p1|6
|teamsize|p2|6
|start
|switch|p1a: Daydream|Ninetales, M, shiny|100/100
|switch|p2a: Gastrodon|Gastrodon, F|100/100
|-weather|SunnyDay|[from] ability: Drought|[of] p1a: Daydream
|turn|1
|
|t:|1759021243
|switch|p1a: Duko|Hatterene, F, shiny|100/100
|move|p2a: Gastrodon|Earth Power|p1a: Duko
|-damage|p1a: Duko|61/100
|-enditem|p1a: Duko|Eject Button
|inactive|Lolgasm has 120 seconds left.
|
|t:|1759021257
|switch|p1a: Tenny|Blaziken, F, shiny|100/100
|
|-weather|SunnyDay|[upkeep]
|upkeep
|turn|2
|inactive|Lolgasm has 120 seconds left.
|
|t:|1759021272
|move|p1a: Tenny|Focus Energy|p1a: Tenny
|-start|p1a: Tenny|move: Focus Energy
|move|p2a: Gastrodon|Surf|p1a: Tenny
|-supereffective|p1a: Tenny
|-damage|p1a: Tenny|41/100
|
|-weather|SunnyDay|[upkeep]
|-ability|p1a: Tenny|Speed Boost|boost
|-boost|p1a: Tenny|spe|1
|upkeep
|turn|3
|inactive|Lolgasm has 120 seconds left.
|
|t:|1759021286
|move|p1a: Tenny|Solar Beam||[still]
|-prepare|p1a: Tenny|Solar Beam
|-anim|p1a: Tenny|Solar Beam|p2a: Gastrodon
|-supereffective|p2a: Gastrodon
|-crit|p2a: Gastrodon
|-damage|p2a: Gastrodon|0 fnt
|faint|p2a: Gastrodon
|
|-weather|SunnyDay|[upkeep]
|-ability|p1a: Tenny|Speed Boost|boost
|-boost|p1a: Tenny|spe|1
|upkeep
|
|t:|1759021291
|switch|p2a: Curse of Binding|Ditto|100/100
|-start|p2a: Curse of Binding|move: Focus Energy|[silent]
|-transform|p2a: Curse of Binding|p1a: Tenny|[from] ability: Imposter
|turn|4
|inactive|Lolgasm has 120 seconds left.
|
|t:|1759021330
|switch|p1a: Duko|Hatterene, F, shiny|61/100
|move|p2a: Curse of Binding|Overheat|p1a: Duko
|-damage|p1a: Duko|0 fnt
|-unboost|p2a: Curse of Binding|spa|2
|faint|p1a: Duko
|
|-weather|SunnyDay|[upkeep]
|-ability|p2a: Curse of Binding|Speed Boost|boost
|-boost|p2a: Curse of Binding|spe|1
|upkeep
|inactive|Lolgasm has 90 seconds left.
|
|t:|1759021345
|switch|p1a: Mr. Banana|Walking Wake|100/100
|-activate|p1a: Mr. Banana|ability: Protosynthesis
|-start|p1a: Mr. Banana|protosynthesisspe
|turn|5
|
|t:|1759021352
|switch|p2a: Protection IV|Goodra-Hisui, M|100/100
|move|p1a: Mr. Banana|Hydro Steam|p2a: Protection IV
|-resisted|p2a: Protection IV
|-crit|p2a: Protection IV
|-damage|p2a: Protection IV|68/100
|
|-weather|SunnyDay|[upkeep]
|upkeep
|turn|6
|
|t:|1759021360
|-end|p1a: Mr. Banana|Protosynthesis|[silent]
|switch|p1a: Glass Shadows|Ceruledge, F, shiny|100/100
|move|p2a: Protection IV|Draco Meteor|p1a: Glass Shadows
|-damage|p1a: Glass Shadows|52/100
|-unboost|p2a: Protection IV|spa|2
|
|-weather|SunnyDay|[upkeep]
|upkeep
|turn|7
|
|t:|1759021369
|-terastallize|p2a: Protection IV|Flying
|move|p1a: Glass Shadows|Bitter Blade|p2a: Protection IV
|-damage|p2a: Protection IV|0 fnt
|-heal|p1a: Glass Shadows|94/100|[from] drain|[of] p2a: Protection IV
|faint|p2a: Protection IV
|
|-weather|SunnyDay|[upkeep]
|upkeep
|
|t:|1759021374
|switch|p2a: Curse of Binding|Ditto|100/100
|-transform|p2a: Curse of Binding|p1a: Glass Shadows|[from] ability: Imposter
|turn|8
|
|t:|1759021386
|move|p1a: Glass Shadows|Endure|p1a: Glass Shadows
|-singleturn|p1a: Glass Shadows|move: Endure
|move|p2a: Curse of Binding|Poltergeist|p1a: Glass Shadows
|-activate|p1a: Glass Shadows|move: Poltergeist|Weakness Policy
|-supereffective|p1a: Glass Shadows
|-activate|p1a: Glass Shadows|move: Endure
|-damage|p1a: Glass Shadows|1/100
|-ability|p1a: Glass Shadows|Weak Armor|boost
|-unboost|p1a: Glass Shadows|def|1
|-boost|p1a: Glass Shadows|spe|2
|-enditem|p1a: Glass Shadows|Weakness Policy
|-boost|p1a: Glass Shadows|atk|2|[from] item: Weakness Policy
|-boost|p1a: Glass Shadows|spa|2|[from] item: Weakness Policy
|
|-weather|none
|upkeep
|turn|9
|
|t:|1759021416
|switch|p2a: Feather Falling I|Corviknight, F|100/100
|-ability|p2a: Feather Falling I|Pressure
|move|p1a: Glass Shadows|Poltergeist|p2a: Feather Falling I
|-activate|p2a: Feather Falling I|move: Poltergeist|Rocky Helmet
|-damage|p2a: Feather Falling I|0 fnt
|faint|p2a: Feather Falling I
|
|upkeep
|
|t:|1759021424
|switch|p2a: Curse of Binding|Ditto|100/100
|-transform|p2a: Curse of Binding|p1a: Glass Shadows|[from] ability: Imposter
|turn|10
|inactive|Lolgasm has 90 seconds left.
|
|t:|1759021455
|move|p2a: Curse of Binding|Bitter Blade|p1a: Glass Shadows
|-resisted|p1a: Glass Shadows
|-damage|p1a: Glass Shadows|0 fnt
|faint|p1a: Glass Shadows
|
|upkeep
|
|t:|1759021476
|switch|p1a: Luisin|Great Tusk|100/100
|turn|11
|
|t:|1759021493
|move|p2a: Curse of Binding|Bitter Blade|p1a: Luisin
|-damage|p1a: Luisin|29/100
|move|p1a: Luisin|Headlong Rush|p2a: Curse of Binding
|-supereffective|p2a: Curse of Binding
|-damage|p2a: Curse of Binding|0 fnt
|-unboost|p1a: Luisin|def|1
|-unboost|p1a: Luisin|spd|1
|faint|p2a: Curse of Binding
|-damage|p1a: Luisin|19/100|[from] item: Life Orb
|
|upkeep
|
|t:|1759021498
|switch|p2a: Sharpness V|Ceruledge, F|100/100
|turn|12
|
|t:|1759021506
|move|p2a: Sharpness V|Bitter Blade|p1a: Luisin
|-damage|p1a: Luisin|0 fnt
|faint|p1a: Luisin
|-end|p1a: Luisin|Protosynthesis|[silent]
|
|upkeep
|
|t:|1759021517
|switch|p1a: Daydream|Ninetales, M, shiny|100/100
|-weather|SunnyDay|[from] ability: Drought|[of] p1a: Daydream
|turn|13
|
|t:|1759021535
|switch|p1a: Mr. Banana|Walking Wake|100/100
|-activate|p1a: Mr. Banana|ability: Protosynthesis
|-start|p1a: Mr. Banana|protosynthesisspe
|move|p2a: Sharpness V|Bitter Blade|p1a: Mr. Banana
|-resisted|p1a: Mr. Banana
|-damage|p1a: Mr. Banana|82/100
|
|-weather|SunnyDay|[upkeep]
|upkeep
|turn|14
|
|t:|1759021542
|-terastallize|p1a: Mr. Banana|Water
|move|p1a: Mr. Banana|Hydro Steam|p2a: Sharpness V
|-supereffective|p2a: Sharpness V
|-damage|p2a: Sharpness V|0 fnt
|faint|p2a: Sharpness V
|
|-weather|SunnyDay|[upkeep]
|upkeep
|
|t:|1759021547
|switch|p2a: Looting II|Hatterene, F, shiny|100/100
|turn|15
|
|t:|1759021550
|move|p1a: Mr. Banana|Hydro Steam|p2a: Looting II
|-damage|p2a: Looting II|0 fnt
|faint|p2a: Looting II
|
|win|Lolgasm
|raw|Lolgasm's rating: 1468 &rarr; <strong>1490</strong><br />(+22 for winning)
|raw|UserJexx's rating: 1502 &rarr; <strong>1480</strong><br />(-22 for losing)
|l|☆UserJexx
|player|p2|
|l|☆Lolgasm
|player|p1|
