|j|☆sudout2
|j|☆TwentyTwan
|t:|1759032058
|gametype|singles
|player|p1|sudout2|giovanni|1445
|player|p2|TwentyTwan|#umbdiambers|1455
|gen|9
|tier|[Gen 9] OU
|rated|
|rule|HP Percentage Mod: HP is shown in percentages
|rule|Endless Battle Clause: Forcing endless battles is banned
|rule|Species Clause: Limit one of each Pokémon
|rule|OHKO Clause: OHKO moves are banned
|rule|Evasion Items Clause: Evasion items are banned
|rule|Evasion Moves Clause: Evasion moves are banned
|rule|Evasion Abilities Clause: Evasion abilities are banned
|rule|Sleep Moves Clause: Sleep-inducing moves are banned
|clearpoke
|poke|p1|Garganacl, M|
|poke|p1|Iron Valiant|
|poke|p1|Toxapex, M|
|poke|p1|Ceruledge, F|
|poke|p1|Slowking-Galar, F|
|poke|p1|Great Tusk|
|poke|p2|Garganacl, M|
|poke|p2|Gholdengo|
|poke|p2|Great Tusk|
|poke|p2|Deoxys-Speed|
|poke|p2|Ogerpon-Wellspring, F|
|poke|p2|Dragonite, F|
|teampreview
|inactive|Battle timer is ON: inactive players will automatically lose when time's up. (requested by TwentyTwan)
|inactive|TwentyTwan has 120 seconds left.
|
|t:|1759032094
|teamsize|p1|6
|teamsize|p2|6
|start
|switch|p1a: Ceruledge|Ceruledge, F|100/100
|switch|p2a: Deoxys|Deoxys-Speed|100/100
|-ability|p2a: Deoxys|Pressure
|turn|1
|
|t:|1759032100
|move|p2a: Deoxys|Psycho Boost|p1a: Ceruledge
|-damage|p1a: Ceruledge|30/100
|-unboost|p2a: Deoxys|spa|2
|-enditem|p2a: Deoxys|Eject Pack
|
|t:|1759032106
|switch|p2a: Great Tusk|Great Tusk|100/100
|move|p1a: Ceruledge|Swords Dance|p1a: Ceruledge
|-boost|p1a: Ceruledge|atk|2
|
|upkeep
|turn|2
|
|t:|1759032115
|move|p2a: Great Tusk|Knock Off|p1a: Ceruledge
|-supereffective|p1a: Ceruledge
|-damage|p1a: Ceruledge|0 fnt
|-enditem|p1a: Ceruledge|Focus Sash|[from] move: Knock Off|[of] p2a: Great Tusk
|faint|p1a: Ceruledge
|
|upkeep
|
|t:|1759032126
|switch|p1a: Garganacl|Garganacl, M, shiny|100/100
|turn|3
|
|t:|1759032144
|-terastallize|p1a: Garganacl|Flying
|move|p2a: Great Tusk|Knock Off|p1a: Garganacl
|-damage|p1a: Garganacl|82/100
|-enditem|p1a: Garganacl|Leftovers|[from] move: Knock Off|[of] p2a: Great Tusk
|move|p1a: Garganacl|Salt Cure|p2a: Great Tusk
|-resisted|p2a: Great Tusk
|-damage|p2a: Great Tusk|98/100
|-start|p2a: Great Tusk|Salt Cure
|
|-damage|p2a: Great Tusk|86/100|[from] Salt Cure
|upkeep
|turn|4
|
|t:|1759032152
|-end|p2a: Great Tusk|Protosynthesis|[silent]
|switch|p2a: Deoxys|Deoxys-Speed|100/100
|-ability|p2a: Deoxys|Pressure
|move|p1a: Garganacl|Curse|p1a: Garganacl
|-unboost|p1a: Garganacl|spe|1
|-boost|p1a: Garganacl|atk|1
|-boost|p1a: Garganacl|def|1
|
|upkeep
|turn|5
|
|t:|1759032159
|move|p2a: Deoxys|Stealth Rock|p1a: Garganacl
|-sidestart|p1: sudout2|move: Stealth Rock
|move|p1a: Garganacl|Curse|p1a: Garganacl
|-unboost|p1a: Garganacl|spe|1
|-boost|p1a: Garganacl|atk|1
|-boost|p1a: Garganacl|def|1
|
|upkeep
|turn|6
|
|t:|1759032164
|move|p2a: Deoxys|Psycho Boost|p1a: Garganacl
|-damage|p1a: Garganacl|42/100
|-unboost|p2a: Deoxys|spa|2
|move|p1a: Garganacl|Curse|p1a: Garganacl
|-unboost|p1a: Garganacl|spe|1
|-boost|p1a: Garganacl|atk|1
|-boost|p1a: Garganacl|def|1
|
|upkeep
|turn|7
|
|t:|1759032170
|switch|p2a: Gholdengo|Gholdengo|100/100
|move|p1a: Garganacl|Recover|p1a: Garganacl
|-heal|p1a: Garganacl|92/100
|
|upkeep
|turn|8
|
|t:|1759032172
|move|p2a: Gholdengo|Trick|p1a: Garganacl
|-activate|p2a: Gholdengo|move: Trick|[of] p1a: Garganacl
|-item|p1a: Garganacl|Choice Scarf|[from] move: Trick
|-enditem|p2a: Gholdengo|Choice Scarf|[silent]|[from] move: Trick
|move|p1a: Garganacl|Salt Cure|p2a: Gholdengo
|-resisted|p2a: Gholdengo
|-damage|p2a: Gholdengo|80/100
|-start|p2a: Gholdengo|Salt Cure
|
|-damage|p2a: Gholdengo|55/100|[from] Salt Cure
|upkeep
|turn|9
|
|t:|1759032185
|move|p2a: Gholdengo|Make It Rain|p1a: Garganacl
|-damage|p1a: Garganacl|45/100
|-unboost|p2a: Gholdengo|spa|1
|move|p1a: Garganacl|Salt Cure|p2a: Gholdengo
|-resisted|p2a: Gholdengo
|-damage|p2a: Gholdengo|37/100
|
|-damage|p2a: Gholdengo|12/100|[from] Salt Cure
|upkeep
|turn|10
|
|t:|1759032193
|move|p2a: Gholdengo|Make It Rain|p1a: Garganacl
|-damage|p1a: Garganacl|18/100
|-unboost|p2a: Gholdengo|spa|1
|move|p1a: Garganacl|Salt Cure|p2a: Gholdengo
|-resisted|p2a: Gholdengo
|-damage|p2a: Gholdengo|0 fnt
|faint|p2a: Gholdengo
|
|upkeep
|
|t:|1759032207
|switch|p2a: Deoxys|Deoxys-Speed|100/100
|-ability|p2a: Deoxys|Pressure
|turn|11
|
|t:|1759032211
|move|p2a: Deoxys|Psycho Boost|p1a: Garganacl
|-damage|p1a: Garganacl|0 fnt
|-unboost|p2a: Deoxys|spa|2
|faint|p1a: Garganacl
|
|upkeep
|inactive|sudout2 has 120 seconds left.
|inactive|sudout2 has 90 seconds left.
|inactive|sudout2 has 60 seconds left.
|
|t:|1759032301
|switch|p1a: Slowking|Slowking-Galar, F|100/100
|-damage|p1a: Slowking|88/100|[from] Stealth Rock
|turn|12
|
|t:|1759032309
|move|p2a: Deoxys|Knock Off|p1a: Slowking
|-supereffective|p1a: Slowking
|-damage|p1a: Slowking|40/100
|-enditem|p1a: Slowking|Leftovers|[from] move: Knock Off|[of] p2a: Deoxys
|move|p1a: Slowking|Iron Defense|p1a: Slowking
|-boost|p1a: Slowking|def|2
|
|upkeep
|turn|13
|
|t:|1759032333
|switch|p2a: Ogerpon|Ogerpon-Wellspring, F|100/100
|move|p1a: Slowking|Slack Off|p1a: Slowking
|-heal|p1a: Slowking|90/100
|
|upkeep
|turn|14
|
|t:|1759032343
|move|p2a: Ogerpon|Encore|p1a: Slowking
|-start|p1a: Slowking|Encore
|move|p1a: Slowking|Slack Off|p1a: Slowking
|-heal|p1a: Slowking|100/100
|
|upkeep
|turn|15
|
|t:|1759032349
|switch|p1a: Toxapex|Toxapex, M, shiny|100/100
|-damage|p1a: Toxapex|88/100|[from] Stealth Rock
|move|p2a: Ogerpon|Horn Leech|p1a: Toxapex
|-damage|p1a: Toxapex|53/100
|
|-heal|p1a: Toxapex|60/100|[from] item: Leftovers
|upkeep
|turn|16
|
|t:|1759032358
|move|p2a: Ogerpon|Swords Dance|p2a: Ogerpon
|-boost|p2a: Ogerpon|atk|2
|move|p1a: Toxapex|Infestation|p2a: Ogerpon
|-supereffective|p2a: Ogerpon
|-damage|p2a: Ogerpon|93/100
|-activate|p2a: Ogerpon|move: Infestation|[of] p1a: Toxapex
|
|-heal|p1a: Toxapex|66/100|[from] item: Leftovers
|-damage|p2a: Ogerpon|81/100|[from] move: Infestation|[partiallytrapped]
|upkeep
|turn|17
|
|t:|1759032364
|move|p2a: Ogerpon|Horn Leech|p1a: Toxapex
|-damage|p1a: Toxapex|0 fnt
|-heal|p2a: Ogerpon|100/100|[from] drain|[of] p1a: Toxapex
|faint|p1a: Toxapex
|
|-end|p2a: Ogerpon|Infestation|[partiallytrapped]|[silent]
|upkeep
|
|t:|1759032369
|switch|p1a: Iron Valiant|Iron Valiant, shiny|100/100
|-damage|p1a: Iron Valiant|94/100|[from] Stealth Rock
|-enditem|p1a: Iron Valiant|Booster Energy
|-activate|p1a: Iron Valiant|ability: Quark Drive|[fromitem]
|-start|p1a: Iron Valiant|quarkdrivespe
|turn|18
|
|t:|1759032378
|-terastallize|p2a: Ogerpon|Water
|detailschange|p2a: Ogerpon|Ogerpon-Wellspring-Tera, F, tera:Water
|-ability|p2a: Ogerpon|Embody Aspect (Wellspring)|boost
|-boost|p2a: Ogerpon|spd|1
|move|p1a: Iron Valiant|Close Combat|p2a: Ogerpon
|-damage|p2a: Ogerpon|33/100
|-unboost|p1a: Iron Valiant|def|1
|-unboost|p1a: Iron Valiant|spd|1
|move|p2a: Ogerpon|Horn Leech|p1a: Iron Valiant
|-damage|p1a: Iron Valiant|0 fnt
|-heal|p2a: Ogerpon|78/100|[from] drain|[of] p1a: Iron Valiant
|faint|p1a: Iron Valiant
|-end|p1a: Iron Valiant|Quark Drive|[silent]
|
|upkeep
|
|t:|1759032386
|switch|p1a: Slowking|Slowking-Galar, F|100/100
|-damage|p1a: Slowking|88/100|[from] Stealth Rock
|turn|19
|
|t:|1759032392
|move|p2a: Ogerpon|Ivy Cudgel|p1a: Slowking|[anim] Ivy Cudgel Water
|-damage|p1a: Slowking|0 fnt
|faint|p1a: Slowking
|
|upkeep
|inactive|sudout2 has 120 seconds left.
|-message|sudout2 forfeited.
|
|win|TwentyTwan
|raw|sudout2's rating: 1445 &rarr; <strong>1426</strong><br />(-19 for losing)
|raw|TwentyTwan's rating: 1455 &rarr; <strong>1474</strong><br />(+19 for winning)
|l|☆sudout2
|player|p1|
|l|☆TwentyTwan
|player|p2|
