|j|☆kettkee
|j|☆kaspair
|t:|1758965572
|gametype|singles
|player|p1|kettkee|cyclist-gen4|1432
|player|p2|kaspair|hexmaniac-gen3|1390
|gen|9
|tier|[Gen 9] OU
|rated|
|rule|HP Percentage Mod: HP is shown in percentages
|rule|Endless Battle Clause: Forcing endless battles is banned
|rule|Species Clause: Limit one of each Pokémon
|rule|OHKO Clause: OHKO moves are banned
|rule|Evasion Items Clause: Evasion items are banned
|rule|Evasion Moves Clause: Evasion moves are banned
|rule|Evasion Abilities Clause: Evasion abilities are banned
|rule|Sleep Moves Clause: Sleep-inducing moves are banned
|clearpoke
|poke|p1|Magnezone|
|poke|p1|Florges, F|
|poke|p1|Dudunsparce-*, F|
|poke|p1|Iron Thorns|
|poke|p1|Mew|
|poke|p1|Gholdengo|
|poke|p2|Charizard, F|
|poke|p2|Torkoal, M|
|poke|p2|Hatterene, F|
|poke|p2|Great Tusk|
|poke|p2|Lilligant-Hisui, F|
|poke|p2|Walking Wake|
|teampreview
|inactive|Battle timer is ON: inactive players will automatically lose when time's up. (requested by kaspair)
|
|t:|1758965580
|teamsize|p1|6
|teamsize|p2|6
|start
|switch|p1a: That'sHowItWorks?|Florges, F|100/100
|switch|p2a: 河内恭介|Torkoal, M|100/100
|-weather|SunnyDay|[from] ability: Drought|[of] p2a: 河内恭介
|turn|1
|
|t:|1758965594
|move|p1a: That'sHowItWorks?|Calm Mind|p1a: That'sHowItWorks?
|-boost|p1a: That'sHowItWorks?|spa|1
|-boost|p1a: That'sHowItWorks?|spd|1
|move|p2a: 河内恭介|Stealth Rock|p1a: That'sHowItWorks?
|-sidestart|p1: kettkee|move: Stealth Rock
|
|-weather|SunnyDay|[upkeep]
|upkeep
|turn|2
|
|t:|1758965606
|move|p1a: That'sHowItWorks?|Psychic Noise|p2a: 河内恭介
|-damage|p2a: 河内恭介|63/100
|-start|p2a: 河内恭介|move: Heal Block
|move|p2a: 河内恭介|Clear Smog|p1a: That'sHowItWorks?
|-supereffective|p1a: That'sHowItWorks?
|-damage|p1a: That'sHowItWorks?|91/100
|-clearboost|p1a: That'sHowItWorks?
|
|-weather|SunnyDay|[upkeep]
|upkeep
|turn|3
|
|t:|1758965616
|move|p1a: That'sHowItWorks?|Calm Mind|p1a: That'sHowItWorks?
|-boost|p1a: That'sHowItWorks?|spa|1
|-boost|p1a: That'sHowItWorks?|spd|1
|move|p2a: 河内恭介|Will-O-Wisp|p1a: That'sHowItWorks?
|-status|p1a: That'sHowItWorks?|brn
|
|-weather|SunnyDay|[upkeep]
|-damage|p1a: That'sHowItWorks?|85/100 brn|[from] brn
|-end|p2a: 河内恭介|move: Heal Block
|upkeep
|turn|4
|
|t:|1758965626
|move|p1a: That'sHowItWorks?|Psychic Noise|p2a: 河内恭介
|-damage|p2a: 河内恭介|25/100
|-start|p2a: 河内恭介|move: Heal Block
|move|p2a: 河内恭介|Clear Smog|p1a: That'sHowItWorks?
|-supereffective|p1a: That'sHowItWorks?
|-damage|p1a: That'sHowItWorks?|76/100 brn
|-clearboost|p1a: That'sHowItWorks?
|
|-weather|SunnyDay|[upkeep]
|-damage|p1a: That'sHowItWorks?|70/100 brn|[from] brn
|upkeep
|turn|5
|
|t:|1758965650
|switch|p2a: 东和马|Charizard, F|100/100
|move|p1a: That'sHowItWorks?|Calm Mind|p1a: That'sHowItWorks?
|-boost|p1a: That'sHowItWorks?|spa|1
|-boost|p1a: That'sHowItWorks?|spd|1
|
|-weather|SunnyDay|[upkeep]
|-damage|p2a: 东和马|88/100|[from] ability: Solar Power|[of] p2a: 东和马
|-damage|p1a: That'sHowItWorks?|64/100 brn|[from] brn
|upkeep
|turn|6
|
|t:|1758965666
|-terastallize|p2a: 东和马|Fire
|move|p2a: 东和马|Flamethrower|p1a: That'sHowItWorks?
|-damage|p1a: That'sHowItWorks?|0 fnt
|faint|p1a: That'sHowItWorks?
|
|-weather|SunnyDay|[upkeep]
|-damage|p2a: 东和马|76/100|[from] ability: Solar Power|[of] p2a: 东和马
|upkeep
|
|t:|1758965684
|switch|p1a: Hits Those|Iron Thorns|100/100
|-damage|p1a: Hits Those|88/100|[from] Stealth Rock
|turn|7
|
|t:|1758965693
|move|p2a: 东和马|Flamethrower|p1a: Hits Those
|-resisted|p1a: Hits Those
|-damage|p1a: Hits Those|0 fnt
|faint|p1a: Hits Those
|-end|p1a: Hits Those|Quark Drive|[silent]
|
|-weather|SunnyDay|[upkeep]
|-damage|p2a: 东和马|63/100|[from] ability: Solar Power|[of] p2a: 东和马
|upkeep
|
|t:|1758965708
|switch|p1a: OG Zone|Magnezone|100/100
|-damage|p1a: OG Zone|94/100|[from] Stealth Rock
|turn|8
|
|t:|1758965714
|move|p1a: OG Zone|Thunderbolt|p2a: 东和马
|-damage|p2a: 东和马|4/100
|move|p2a: 东和马|Flamethrower|p1a: OG Zone
|-supereffective|p1a: OG Zone
|-damage|p1a: OG Zone|0 fnt
|faint|p1a: OG Zone
|
|-weather|none
|upkeep
|
|t:|1758965719
|switch|p1a: Spar|Dudunsparce-Three-Segment, F|100/100
|-damage|p1a: Spar|88/100|[from] Stealth Rock
|turn|9
|
|t:|1758965725
|switch|p2a: 河内恭介|Torkoal, M|25/100
|-weather|SunnyDay|[from] ability: Drought|[of] p2a: 河内恭介
|move|p1a: Spar|Agility|p1a: Spar
|-boost|p1a: Spar|spe|2
|
|-weather|SunnyDay|[upkeep]
|upkeep
|turn|10
|
|t:|1758965736
|move|p1a: Spar|Boomburst|p2a: 河内恭介
|-damage|p2a: 河内恭介|0 fnt
|faint|p2a: 河内恭介
|-enditem|p1a: Spar|Throat Spray
|-boost|p1a: Spar|spa|1|[from] item: Throat Spray
|
|-weather|SunnyDay|[upkeep]
|upkeep
|
|t:|1758965745
|switch|p2a: 冠茂|Walking Wake|100/100
|-activate|p2a: 冠茂|ability: Protosynthesis
|-start|p2a: 冠茂|protosynthesisspe
|turn|11
|
|t:|1758965758
|-terastallize|p1a: Spar|Normal
|move|p2a: 冠茂|Draco Meteor|p1a: Spar
|-damage|p1a: Spar|0 fnt
|-unboost|p2a: 冠茂|spa|2
|faint|p1a: Spar
|
|-weather|SunnyDay|[upkeep]
|upkeep
|
|t:|1758965763
|switch|p1a: 20% Please!😭|Mew|100/100
|-damage|p1a: 20% Please!😭|88/100|[from] Stealth Rock
|turn|12
|
|t:|1758965772
|move|p2a: 冠茂|Draco Meteor|p1a: 20% Please!😭
|-damage|p1a: 20% Please!😭|41/100
|-unboost|p2a: 冠茂|spa|2
|move|p1a: 20% Please!😭|Dragon Dance|p1a: 20% Please!😭
|-boost|p1a: 20% Please!😭|atk|1
|-boost|p1a: 20% Please!😭|spe|1
|
|-weather|SunnyDay|[upkeep]
|upkeep
|turn|13
|
|t:|1758965786
|move|p2a: 冠茂|Draco Meteor|p1a: 20% Please!😭
|-damage|p1a: 20% Please!😭|9/100
|-unboost|p2a: 冠茂|spa|2
|move|p1a: 20% Please!😭|Dragon Dance|p1a: 20% Please!😭
|-boost|p1a: 20% Please!😭|atk|1
|-boost|p1a: 20% Please!😭|spe|1
|
|-weather|SunnyDay|[upkeep]
|upkeep
|turn|14
|
|t:|1758965794
|move|p1a: 20% Please!😭|Zen Headbutt|p2a: 冠茂
|-damage|p2a: 冠茂|29/100
|move|p2a: 冠茂|Draco Meteor|p1a: 20% Please!😭
|-damage|p1a: 20% Please!😭|0 fnt
|faint|p1a: 20% Please!😭
|
|-weather|SunnyDay|[upkeep]
|upkeep
|
|t:|1758965798
|switch|p1a: Gholdengo|Gholdengo|100/100
|-damage|p1a: Gholdengo|94/100|[from] Stealth Rock
|turn|15
|
|t:|1758965823
|move|p2a: 冠茂|Draco Meteor|p1a: Gholdengo|[miss]
|-miss|p2a: 冠茂|p1a: Gholdengo
|move|p1a: Gholdengo|Shadow Ball|p2a: 冠茂
|-damage|p2a: 冠茂|0 fnt
|faint|p2a: 冠茂
|-end|p2a: 冠茂|Protosynthesis|[silent]
|
|-weather|SunnyDay|[upkeep]
|upkeep
|
|t:|1758965832
|switch|p2a: 东和马|Charizard, F, tera:Fire|4/100
|turn|16
|
|t:|1758965840
|move|p1a: Gholdengo|Shadow Ball|p2a: 东和马
|-damage|p2a: 东和马|0 fnt
|faint|p2a: 东和马
|
|-weather|none
|upkeep
|
|t:|1758965845
|switch|p2a: 梓川月乃|Hatterene, F|100/100
|turn|17
|
|t:|1758965854
|move|p1a: Gholdengo|Shadow Ball|p2a: 梓川月乃
|-supereffective|p2a: 梓川月乃
|-damage|p2a: 梓川月乃|20/100
|-enditem|p2a: 梓川月乃|Eject Button
|
|t:|1758965859
|switch|p2a: 诹访原戒|Lilligant-Hisui, F|100/100
|
|upkeep
|turn|18
|
|t:|1758965866
|move|p1a: Gholdengo|Shadow Ball|p2a: 诹访原戒
|-damage|p2a: 诹访原戒|39/100
|move|p2a: 诹访原戒|Solar Blade||[still]
|-prepare|p2a: 诹访原戒|Solar Blade
|
|upkeep
|turn|19
|
|t:|1758965872
|move|p1a: Gholdengo|Shadow Ball|p2a: 诹访原戒
|-damage|p2a: 诹访原戒|0 fnt
|faint|p2a: 诹访原戒
|
|upkeep
|
|t:|1758965877
|switch|p2a: 梓川月乃|Hatterene, F|20/100
|turn|20
|
|t:|1758965883
|move|p1a: Gholdengo|Shadow Ball|p2a: 梓川月乃
|-supereffective|p2a: 梓川月乃
|-damage|p2a: 梓川月乃|0 fnt
|faint|p2a: 梓川月乃
|
|upkeep
|
|t:|1758965888
|switch|p2a: 松代健|Great Tusk|100/100
|turn|21
|
|t:|1758965892
|move|p1a: Gholdengo|Shadow Ball|p2a: 松代健
|-damage|p2a: 松代健|41/100
|-unboost|p2a: 松代健|spd|1
|move|p2a: 松代健|Knock Off|p1a: Gholdengo
|-supereffective|p1a: Gholdengo
|-damage|p1a: Gholdengo|15/100
|-enditem|p1a: Gholdengo|Choice Scarf|[from] move: Knock Off|[of] p2a: 松代健
|
|upkeep
|turn|22
|
|t:|1758965905
|move|p2a: 松代健|Knock Off|p1a: Gholdengo
|-supereffective|p1a: Gholdengo
|-damage|p1a: Gholdengo|0 fnt
|faint|p1a: Gholdengo
|
|win|kaspair
|raw|kettkee's rating: 1432 &rarr; <strong>1410</strong><br />(-22 for losing)
|raw|kaspair's rating: 1390 &rarr; <strong>1412</strong><br />(+22 for winning)
|c|☆kettkee|Gg
|l|☆kettkee
|player|p1|
|c|☆kaspair|im sorry
|c|☆kaspair|u diserv the win
|l|☆kaspair
|player|p2|
