|j|☆OscarGamble
|j|☆jaious
|t:|1758929500
|gametype|singles
|player|p1|OscarGamble|265|1544
|player|p2|jaious|swimmer|1494
|gen|9
|tier|[Gen 9] OU
|rated|
|rule|HP Percentage Mod: HP is shown in percentages
|rule|Endless Battle Clause: Forcing endless battles is banned
|rule|Species Clause: Limit one of each Pokémon
|rule|OHKO Clause: OHKO moves are banned
|rule|Evasion Items Clause: Evasion items are banned
|rule|Evasion Moves Clause: Evasion moves are banned
|rule|Evasion Abilities Clause: Evasion abilities are banned
|rule|Sleep Moves Clause: Sleep-inducing moves are banned
|clearpoke
|poke|p1|Alomomola, M|
|poke|p1|Hydrapple, M|
|poke|p1|Scizor, M|
|poke|p1|Gholdengo|
|poke|p1|Great Tusk|
|poke|p1|Kyurem|
|poke|p2|Iron Boulder|
|poke|p2|Shiftry, M|
|poke|p2|Garchomp, M|
|poke|p2|Iron Valiant|
|poke|p2|Snorlax, M|
|poke|p2|Great Tusk|
|teampreview
|inactive|Battle timer is ON: inactive players will automatically lose when time's up. (requested by OscarGamble)
|inactive|jaious has 120 seconds left.
|
|t:|1758929533
|teamsize|p1|6
|teamsize|p2|6
|start
|switch|p1a: Alomomola|Alomomola, M|100/100
|switch|p2a: CUCKED BY TUSK|Garchomp, M|100/100
|turn|1
|
|t:|1758929545
|move|p2a: CUCKED BY TUSK|Draco Meteor|p1a: Alomomola
|-damage|p1a: Alomomola|65/100
|-unboost|p2a: CUCKED BY TUSK|spa|2
|-damage|p2a: CUCKED BY TUSK|91/100|[from] item: Life Orb
|move|p1a: Alomomola|Scald|p2a: CUCKED BY TUSK
|-damage|p2a: CUCKED BY TUSK|75/100
|
|upkeep
|turn|2
|
|t:|1758929556
|switch|p2a: JoverMachine|Iron Valiant|100/100
|-enditem|p2a: JoverMachine|Booster Energy
|-activate|p2a: JoverMachine|ability: Quark Drive|[fromitem]
|-start|p2a: JoverMachine|quarkdrivespe
|move|p1a: Alomomola|Flip Turn|p2a: JoverMachine
|-damage|p2a: JoverMachine|78/100
|
|t:|1758929567
|switch|p1a: Scizor|Scizor, M|100/100|[from] Flip Turn
|
|upkeep
|turn|3
|
|t:|1758929571
|-end|p2a: JoverMachine|Quark Drive|[silent]
|switch|p2a: CUCKED BY TUSK|Garchomp, M|75/100
|move|p1a: Scizor|Bullet Punch|p2a: CUCKED BY TUSK
|-damage|p2a: CUCKED BY TUSK|41/100
|-damage|p1a: Scizor|88/100|[from] ability: Rough Skin|[of] p2a: CUCKED BY TUSK
|
|upkeep
|turn|4
|
|t:|1758929581
|switch|p1a: Alomomola|Alomomola, M|98/100
|move|p2a: CUCKED BY TUSK|Fire Blast|p1a: Alomomola
|-resisted|p1a: Alomomola
|-damage|p1a: Alomomola|87/100
|-damage|p2a: CUCKED BY TUSK|31/100|[from] item: Life Orb
|
|upkeep
|turn|5
|
|t:|1758929589
|move|p2a: CUCKED BY TUSK|Draco Meteor|p1a: Alomomola
|-damage|p1a: Alomomola|48/100
|-unboost|p2a: CUCKED BY TUSK|spa|2
|-damage|p2a: CUCKED BY TUSK|22/100|[from] item: Life Orb
|move|p1a: Alomomola|Flip Turn|p2a: CUCKED BY TUSK
|-damage|p2a: CUCKED BY TUSK|6/100
|-damage|p1a: Alomomola|35/100|[from] ability: Rough Skin|[of] p2a: CUCKED BY TUSK
|
|t:|1758929596
|switch|p1a: Great Tusk|Great Tusk|100/100|[from] Flip Turn
|
|upkeep
|turn|6
|
|t:|1758929603
|move|p2a: CUCKED BY TUSK|Draco Meteor|p1a: Great Tusk
|-damage|p1a: Great Tusk|52/100
|-unboost|p2a: CUCKED BY TUSK|spa|2
|-damage|p2a: CUCKED BY TUSK|0 fnt|[from] item: Life Orb
|faint|p2a: CUCKED BY TUSK
|move|p1a: Great Tusk|Stealth Rock|p2: CUCKED BY TUSK
|-sidestart|p2: jaious|move: Stealth Rock
|
|upkeep
|
|t:|1758929620
|switch|p2a: The Aura Farmer|Great Tusk|100/100
|-damage|p2a: The Aura Farmer|98/100|[from] Stealth Rock
|-enditem|p2a: The Aura Farmer|Booster Energy
|-activate|p2a: The Aura Farmer|ability: Protosynthesis|[fromitem]
|-start|p2a: The Aura Farmer|protosynthesisatk
|turn|7
|
|t:|1758929635
|-end|p1a: Great Tusk|Protosynthesis|[silent]
|switch|p1a: Scizor|Scizor, M|88/100
|move|p2a: The Aura Farmer|Rapid Spin|p1a: Scizor
|-resisted|p1a: Scizor
|-damage|p1a: Scizor|77/100
|-boost|p2a: The Aura Farmer|spe|1
|-sideend|p2: jaious|Stealth Rock|[from] move: Rapid Spin|[of] p2a: The Aura Farmer
|
|upkeep
|turn|8
|
|t:|1758929645
|move|p1a: Scizor|Bullet Punch|p2a: The Aura Farmer
|-damage|p2a: The Aura Farmer|73/100
|move|p2a: The Aura Farmer|Headlong Rush|p1a: Scizor
|-damage|p1a: Scizor|1/100
|-unboost|p2a: The Aura Farmer|def|1
|-unboost|p2a: The Aura Farmer|spd|1
|-enditem|p1a: Scizor|Sitrus Berry|[eat]
|-heal|p1a: Scizor|26/100|[from] item: Sitrus Berry
|
|upkeep
|turn|9
|
|t:|1758929655
|switch|p1a: Hydrapple|Hydrapple, M|100/100
|move|p2a: The Aura Farmer|Headlong Rush|p1a: Hydrapple
|-resisted|p1a: Hydrapple
|-damage|p1a: Hydrapple|78/100
|-unboost|p2a: The Aura Farmer|def|1
|-unboost|p2a: The Aura Farmer|spd|1
|-damage|p2a: The Aura Farmer|57/100|[from] item: Rocky Helmet|[of] p1a: Hydrapple
|
|upkeep
|turn|10
|
|t:|1758929673
|-end|p2a: The Aura Farmer|Protosynthesis|[silent]
|switch|p2a: GYATTT|Snorlax, M|100/100
|switch|p1a: Alomomola|Alomomola, M|69/100
|
|upkeep
|turn|11
|
|t:|1758929679
|move|p1a: Alomomola|Flip Turn|p2a: GYATTT
|-damage|p2a: GYATTT|84/100
|
|t:|1758929686
|switch|p1a: Hydrapple|Hydrapple, M|100/100|[from] Flip Turn
|move|p2a: GYATTT|Belly Drum|p2a: GYATTT
|-damage|p2a: GYATTT|34/100
|-setboost|p2a: GYATTT|atk|6|[from] move: Belly Drum
|
|upkeep
|turn|12
|-enditem|p2a: GYATTT|Custap Berry|[eat]
|-activate|p2a: GYATTT|item: Custap Berry|[consumed]
|
|t:|1758929698
|move|p2a: GYATTT|Double-Edge|p1a: Hydrapple
|-damage|p1a: Hydrapple|0 fnt
|-damage|p2a: GYATTT|18/100|[from] item: Rocky Helmet|[of] p1a: Hydrapple
|faint|p1a: Hydrapple
|-damage|p2a: GYATTT|0 fnt|[from] Recoil
|faint|p2a: GYATTT
|
|upkeep
|
|t:|1758929707
|switch|p1a: Gholdengo|Gholdengo|100/100
|switch|p2a: ZU DEMON|Shiftry, M|100/100
|turn|13
|
|t:|1758929715
|move|p1a: Gholdengo|Make It Rain|p2a: ZU DEMON
|-enditem|p2a: ZU DEMON|Focus Sash
|-damage|p2a: ZU DEMON|1/100
|-unboost|p1a: Gholdengo|spa|1
|move|p2a: ZU DEMON|Tailwind|p2a: ZU DEMON
|-sidestart|p2: jaious|move: Tailwind
|-ability|p2a: ZU DEMON|Wind Rider|boost
|-boost|p2a: ZU DEMON|atk|1
|
|upkeep
|turn|14
|
|t:|1758929727
|switch|p1a: Great Tusk|Great Tusk|52/100
|move|p2a: ZU DEMON|Knock Off|p1a: Great Tusk
|-resisted|p1a: Great Tusk
|-damage|p1a: Great Tusk|28/100
|-enditem|p1a: Great Tusk|Heavy-Duty Boots|[from] move: Knock Off|[of] p2a: ZU DEMON
|
|upkeep
|turn|15
|
|t:|1758929734
|move|p2a: ZU DEMON|Leaf Blade|p1a: Great Tusk
|-supereffective|p1a: Great Tusk
|-crit|p1a: Great Tusk
|-damage|p1a: Great Tusk|0 fnt
|faint|p1a: Great Tusk
|-end|p1a: Great Tusk|Protosynthesis|[silent]
|
|upkeep
|
|t:|1758929737
|switch|p1a: Scizor|Scizor, M|26/100
|turn|16
|
|t:|1758929740
|move|p1a: Scizor|Bullet Punch|p2a: ZU DEMON
|-damage|p2a: ZU DEMON|0 fnt
|faint|p2a: ZU DEMON
|
|-sideend|p2: jaious|move: Tailwind
|upkeep
|
|t:|1758929743
|switch|p2a: The Aura Farmer|Great Tusk|57/100
|turn|17
|
|t:|1758929748
|switch|p1a: Alomomola|Alomomola, M|100/100
|move|p2a: The Aura Farmer|Headlong Rush|p1a: Alomomola
|-damage|p1a: Alomomola|58/100
|-unboost|p2a: The Aura Farmer|def|1
|-unboost|p2a: The Aura Farmer|spd|1
|
|upkeep
|turn|18
|
|t:|1758929753
|-end|p2a: The Aura Farmer|Protosynthesis|[silent]
|switch|p2a: JoverMachine|Iron Valiant|78/100
|move|p1a: Alomomola|Flip Turn|p2a: JoverMachine
|-damage|p2a: JoverMachine|56/100
|
|t:|1758929762
|switch|p1a: Gholdengo|Gholdengo|100/100|[from] Flip Turn
|
|upkeep
|turn|19
|
|t:|1758929777
|-terastallize|p2a: JoverMachine|Ground
|move|p1a: Gholdengo|Shadow Ball|p2a: JoverMachine
|-damage|p2a: JoverMachine|0 fnt
|faint|p2a: JoverMachine
|-end|p2a: JoverMachine|Quark Drive|[silent]
|
|upkeep
|
|t:|1758929784
|switch|p2a: The Aura Farmer|Great Tusk|57/100
|turn|20
|
|t:|1758929789
|-end|p2a: The Aura Farmer|Protosynthesis|[silent]
|switch|p2a: eye of the Boulder|Iron Boulder|100/100
|move|p1a: Gholdengo|Shadow Ball|p2a: eye of the Boulder
|-supereffective|p2a: eye of the Boulder
|-damage|p2a: eye of the Boulder|23/100
|
|upkeep
|turn|21
|-message|jaious forfeited.
|
|win|OscarGamble
|raw|OscarGamble's rating: 1544 &rarr; <strong>1561</strong><br />(+17 for winning)
|raw|jaious's rating: 1494 &rarr; <strong>1477</strong><br />(-17 for losing)
|l|☆jaious
|player|p2|
|l|☆OscarGamble
|player|p1|
