|j|☆hungrymane
|j|☆HotWalnuts
|t:|1759032455
|gametype|singles
|player|p1|hungrymane|102|1504
|player|p2|HotWalnuts|266|1561
|gen|9
|tier|[Gen 9] OU
|rated|
|rule|HP Percentage Mod: HP is shown in percentages
|rule|Endless Battle Clause: Forcing endless battles is banned
|rule|Species Clause: Limit one of each Pokémon
|rule|OHKO Clause: OHKO moves are banned
|rule|Evasion Items Clause: Evasion items are banned
|rule|Evasion Moves Clause: Evasion moves are banned
|rule|Evasion Abilities Clause: Evasion abilities are banned
|rule|Sleep Moves Clause: Sleep-inducing moves are banned
|clearpoke
|poke|p1|Greninja-*, F|
|poke|p1|Weavile, M|
|poke|p1|Enamorus, F|
|poke|p1|Volcanion|
|poke|p1|Slither Wing|
|poke|p1|Iron Treads|
|poke|p2|Moltres|
|poke|p2|Zamazenta-*|
|poke|p2|Darkrai|
|poke|p2|Hydrapple, M|
|poke|p2|Ting-Lu|
|poke|p2|Tinkaton, F|
|teampreview
|inactive|Battle timer is ON: inactive players will automatically lose when time's up. (requested by HotWalnuts)
|
|t:|1759032470
|teamsize|p1|6
|teamsize|p2|6
|start
|switch|p1a: Greninja|Greninja, F|100/100
|switch|p2a: Darkrai|Darkrai, shiny|100/100
|turn|1
|
|t:|1759032484
|switch|p1a: Volcanion|Volcanion|100/100
|move|p2a: Darkrai|Sludge Bomb|p1a: Volcanion
|-damage|p1a: Volcanion|69/100
|-status|p1a: Volcanion|psn
|
|-damage|p1a: Volcanion|56/100 psn|[from] psn
|upkeep
|turn|2
|
|t:|1759032499
|move|p2a: Darkrai|Knock Off|p1a: Volcanion
|-damage|p1a: Volcanion|37/100 psn
|-damage|p2a: Darkrai|84/100|[from] item: Rocky Helmet|[of] p1a: Volcanion
|-enditem|p1a: Volcanion|Rocky Helmet|[from] move: Knock Off|[of] p2a: Darkrai
|move|p1a: Volcanion|Steam Eruption|p2a: Darkrai
|-damage|p2a: Darkrai|13/100
|
|-damage|p1a: Volcanion|25/100 psn|[from] psn
|upkeep
|turn|3
|
|t:|1759032508
|move|p2a: Darkrai|Dark Pulse|p1a: Volcanion
|-damage|p1a: Volcanion|0 fnt
|faint|p1a: Volcanion
|
|upkeep
|
|t:|1759032518
|switch|p1a: Weavile|Weavile, M|100/100
|turn|4
|
|t:|1759032530
|switch|p2a: Tinkaton|Tinkaton, F|100/100
|-ability|p2a: Tinkaton|Mold Breaker
|-item|p2a: Tinkaton|Air Balloon
|move|p1a: Weavile|Triple Axel|p2a: Tinkaton
|-resisted|p2a: Tinkaton
|-damage|p2a: Tinkaton|92/100
|-enditem|p2a: Tinkaton|Air Balloon
|-resisted|p2a: Tinkaton
|-damage|p2a: Tinkaton|75/100
|-resisted|p2a: Tinkaton
|-damage|p2a: Tinkaton|52/100
|-hitcount|p2a: Tinkaton|3
|
|upkeep
|turn|5
|
|t:|1759032542
|move|p1a: Weavile|Triple Axel|p2a: Tinkaton
|-resisted|p2a: Tinkaton
|-damage|p2a: Tinkaton|43/100
|-hitcount|p2a: Tinkaton|1
|move|p2a: Tinkaton|Stealth Rock|p1a: Weavile
|-sidestart|p1: hungrymane|move: Stealth Rock
|
|upkeep
|turn|6
|
|t:|1759032546
|switch|p2a: Moltres|Moltres|100/100
|move|p1a: Weavile|Triple Axel|p2a: Moltres
|-damage|p2a: Moltres|91/100
|-damage|p2a: Moltres|70/100
|-hitcount|p2a: Moltres|2
|
|upkeep
|turn|7
|
|t:|1759032553
|move|p1a: Weavile|Triple Axel|p2a: Moltres
|-damage|p2a: Moltres|59/100
|-status|p1a: Weavile|brn|[from] ability: Flame Body|[of] p2a: Moltres
|-damage|p2a: Moltres|48/100
|-crit|p2a: Moltres
|-damage|p2a: Moltres|24/100
|-hitcount|p2a: Moltres|3
|move|p2a: Moltres|Roost|p2a: Moltres
|-heal|p2a: Moltres|74/100
|-singleturn|p2a: Moltres|move: Roost
|
|-damage|p1a: Weavile|94/100 brn|[from] brn
|upkeep
|turn|8
|
|t:|1759032559
|switch|p1a: Greninja|Greninja, F|100/100
|-damage|p1a: Greninja|88/100|[from] Stealth Rock
|move|p2a: Moltres|Roost|p2a: Moltres
|-heal|p2a: Moltres|100/100
|-singleturn|p2a: Moltres|move: Roost
|
|upkeep
|turn|9
|
|t:|1759032571
|switch|p2a: Hydrapple|Hydrapple, M|100/100
|move|p1a: Greninja|Spikes|p2a: Hydrapple
|-start|p1a: Greninja|typechange|Ground|[from] ability: Protean
|-sidestart|p2: HotWalnuts|Spikes
|
|upkeep
|turn|10
|
|t:|1759032578
|move|p1a: Greninja|Spikes|p2a: Hydrapple
|-sidestart|p2: HotWalnuts|Spikes
|move|p2a: Hydrapple|Giga Drain|p1a: Greninja
|-supereffective|p1a: Greninja
|-damage|p1a: Greninja|0 fnt
|faint|p1a: Greninja
|
|upkeep
|
|t:|1759032580
|switch|p1a: Enamorus|Enamorus, F|100/100
|turn|11
|
|t:|1759032595
|switch|p2a: Tinkaton|Tinkaton, F|43/100
|-damage|p2a: Tinkaton|26/100|[from] Spikes
|-ability|p2a: Tinkaton|Mold Breaker
|-terastallize|p1a: Enamorus|Stellar
|move|p1a: Enamorus|Tera Blast|p2a: Tinkaton|[anim] Tera Blast Stellar
|-damage|p2a: Tinkaton|0 fnt
|-boost|p1a: Enamorus|atk|1
|-boost|p1a: Enamorus|spa|1
|faint|p2a: Tinkaton
|
|upkeep
|
|t:|1759032605
|switch|p2a: Darkrai|Darkrai, shiny|13/100
|turn|12
|
|t:|1759032627
|move|p2a: Darkrai|Sludge Bomb|p1a: Enamorus
|-supereffective|p1a: Enamorus
|-damage|p1a: Enamorus|18/100
|-status|p1a: Enamorus|psn
|move|p1a: Enamorus|Tera Blast|p2a: Darkrai|[anim] Tera Blast Stellar
|-damage|p2a: Darkrai|0 fnt
|-boost|p1a: Enamorus|atk|1
|-boost|p1a: Enamorus|spa|1
|faint|p2a: Darkrai
|
|-damage|p1a: Enamorus|6/100 psn|[from] psn
|upkeep
|-message|hungrymane forfeited.
|
|win|HotWalnuts
|raw|hungrymane's rating: 1504 &rarr; <strong>1487</strong><br />(-17 for losing)
|raw|HotWalnuts's rating: 1561 &rarr; <strong>1578</strong><br />(+17 for winning)
|l|☆hungrymane
|player|p1|
|l|☆HotWalnuts
|player|p2|
