|j|☆Red Icigool
|j|☆Panzerkampfwagen I
|t:|1758990342
|gametype|singles
|player|p1|Red Icigool|swimmerf-gen4|1286
|player|p2|Panzerkampfwagen I|preschooler|1278
|gen|9
|tier|[Gen 9] OU
|rated|
|rule|HP Percentage Mod: HP is shown in percentages
|rule|Endless Battle Clause: Forcing endless battles is banned
|rule|Species Clause: Limit one of each Pokémon
|rule|OHKO Clause: OHKO moves are banned
|rule|Evasion Items Clause: Evasion items are banned
|rule|Evasion Moves Clause: Evasion moves are banned
|rule|Evasion Abilities Clause: Evasion abilities are banned
|rule|Sleep Moves Clause: Sleep-inducing moves are banned
|clearpoke
|poke|p1|Forretress, M|
|poke|p1|Scizor, F|
|poke|p1|Kleavor, F|
|poke|p1|Yanmega, M|
|poke|p1|Araquanid, M|
|poke|p1|Vikavolt, F|
|poke|p2|Gliscor, F|
|poke|p2|Weavile, M|
|poke|p2|Hatterene, F|
|poke|p2|Raging Bolt|
|poke|p2|Corviknight, F|
|poke|p2|Garganacl, F|
|teampreview
|
|t:|1758990356
|teamsize|p1|6
|teamsize|p2|6
|start
|switch|p1a: Araquanid|Araquanid, M|100/100
|switch|p2a: Garganacl|Garganacl, F|100/100
|turn|1
|
|t:|1758990362
|switch|p2a: Hatterene|Hatterene, F|100/100
|move|p1a: Araquanid|Liquidation|p2a: Hatterene
|-damage|p2a: Hatterene|43/100
|
|-heal|p2a: Hatterene|49/100|[from] item: Leftovers
|upkeep
|turn|2
|
|t:|1758990376
|switch|p2a: Corviknight|Corviknight, F|100/100
|move|p1a: Araquanid|Liquidation|p2a: Corviknight
|-damage|p2a: Corviknight|64/100
|
|-heal|p2a: Corviknight|71/100|[from] item: Leftovers
|upkeep
|turn|3
|
|t:|1758990388
|move|p2a: Corviknight|Drill Peck|p1a: Araquanid
|-supereffective|p1a: Araquanid
|-damage|p1a: Araquanid|46/100
|move|p1a: Araquanid|Sticky Web|p2a: Corviknight
|-sidestart|p2: Panzerkampfwagen I|move: Sticky Web
|
|-heal|p2a: Corviknight|77/100|[from] item: Leftovers
|upkeep
|turn|4
|
|t:|1758990401
|switch|p1a: Forretress|Forretress, M|100/100
|move|p2a: Corviknight|Defog|p1a: Forretress
|-unboost|p1a: Forretress|evasion|1
|-sideend|p2: Panzerkampfwagen I|Sticky Web|[from] move: Defog|[of] p2a: Corviknight
|
|-heal|p2a: Corviknight|83/100|[from] item: Leftovers
|upkeep
|turn|5
|
|t:|1758990410
|move|p2a: Corviknight|U-turn|p1a: Forretress
|-resisted|p1a: Forretress
|-damage|p1a: Forretress|96/100
|-damage|p2a: Corviknight|67/100|[from] item: Rocky Helmet|[of] p1a: Forretress
|
|t:|1758990418
|switch|p2a: Garganacl|Garganacl, F|100/100|[from] U-turn
|move|p1a: Forretress|Ice Spinner|p2a: Garganacl
|-damage|p2a: Garganacl|90/100
|
|-heal|p2a: Garganacl|96/100|[from] item: Leftovers
|upkeep
|turn|6
|
|t:|1758990430
|move|p1a: Forretress|Thunder Wave|p2a: Garganacl|[miss]
|-miss|p1a: Forretress|p2a: Garganacl
|move|p2a: Garganacl|Substitute|p2a: Garganacl
|-start|p2a: Garganacl|Substitute
|-damage|p2a: Garganacl|71/100
|
|-heal|p2a: Garganacl|77/100|[from] item: Leftovers
|upkeep
|turn|7
|
|t:|1758990439
|move|p1a: Forretress|Volt Switch|p2a: Garganacl
|-activate|p2a: Garganacl|move: Substitute|[damage]
|
|t:|1758990442
|switch|p1a: Kleavor|Kleavor, F|100/100|[from] Volt Switch
|move|p2a: Garganacl|Stealth Rock|p1a: Kleavor
|-sidestart|p1: Red Icigool|move: Stealth Rock
|
|-heal|p2a: Garganacl|83/100|[from] item: Leftovers
|upkeep
|turn|8
|
|t:|1758990452
|move|p1a: Kleavor|Stone Axe|p2a: Garganacl
|-end|p2a: Garganacl|Substitute
|-sidestart|p2: Panzerkampfwagen I|move: Stealth Rock
|move|p2a: Garganacl|Salt Cure|p1a: Kleavor
|-supereffective|p1a: Kleavor
|-damage|p1a: Kleavor|66/100
|-start|p1a: Kleavor|Salt Cure
|
|-heal|p2a: Garganacl|90/100|[from] item: Leftovers
|-damage|p1a: Kleavor|54/100|[from] Salt Cure
|upkeep
|turn|9
|
|t:|1758990462
|switch|p1a: Forretress|Forretress, M|96/100
|-damage|p1a: Forretress|84/100|[from] Stealth Rock
|move|p2a: Garganacl|Substitute|p2a: Garganacl
|-start|p2a: Garganacl|Substitute
|-damage|p2a: Garganacl|65/100
|
|-heal|p2a: Garganacl|71/100|[from] item: Leftovers
|upkeep
|turn|10
|
|t:|1758990472
|move|p1a: Forretress|Rapid Spin|p2a: Garganacl
|-resisted|p2a: Garganacl
|-activate|p2a: Garganacl|move: Substitute|[damage]
|-sideend|p1: Red Icigool|Stealth Rock|[from] move: Rapid Spin|[of] p1a: Forretress
|-boost|p1a: Forretress|spe|1
|move|p2a: Garganacl|Salt Cure|p1a: Forretress
|-damage|p1a: Forretress|76/100
|-start|p1a: Forretress|Salt Cure
|
|-heal|p2a: Garganacl|77/100|[from] item: Leftovers
|-damage|p1a: Forretress|51/100|[from] Salt Cure
|upkeep
|turn|11
|
|t:|1758990486
|move|p1a: Forretress|Volt Switch|p2a: Garganacl
|-activate|p2a: Garganacl|move: Substitute|[damage]
|
|t:|1758990497
|switch|p1a: Araquanid|Araquanid, M|46/100|[from] Volt Switch
|move|p2a: Garganacl|Stealth Rock|p1a: Araquanid
|-sidestart|p1: Red Icigool|move: Stealth Rock
|
|-heal|p2a: Garganacl|83/100|[from] item: Leftovers
|upkeep
|turn|12
|
|t:|1758990509
|move|p1a: Araquanid|Leech Life|p2a: Garganacl
|-end|p2a: Garganacl|Substitute
|-heal|p1a: Araquanid|55/100|[from] drain|[of] p2a: Garganacl
|move|p2a: Garganacl|Substitute|p2a: Garganacl
|-start|p2a: Garganacl|Substitute
|-damage|p2a: Garganacl|58/100
|
|-heal|p2a: Garganacl|64/100|[from] item: Leftovers
|upkeep
|turn|13
|
|t:|1758990519
|move|p1a: Araquanid|Liquidation|p2a: Garganacl
|-supereffective|p2a: Garganacl
|-end|p2a: Garganacl|Substitute
|move|p2a: Garganacl|Salt Cure|p1a: Araquanid
|-supereffective|p1a: Araquanid
|-damage|p1a: Araquanid|26/100
|-start|p1a: Araquanid|Salt Cure
|
|-heal|p2a: Garganacl|71/100|[from] item: Leftovers
|-damage|p1a: Araquanid|1/100|[from] Salt Cure
|upkeep
|turn|14
|-enditem|p1a: Araquanid|Custap Berry|[eat]
|-activate|p1a: Araquanid|item: Custap Berry|[consumed]
|
|t:|1758990532
|switch|p2a: Corviknight|Corviknight, F|67/100
|-damage|p2a: Corviknight|54/100|[from] Stealth Rock
|move|p1a: Araquanid|Liquidation|p2a: Corviknight
|-damage|p2a: Corviknight|17/100
|
|-heal|p2a: Corviknight|24/100|[from] item: Leftovers
|-damage|p1a: Araquanid|0 fnt|[from] Salt Cure
|faint|p1a: Araquanid
|upkeep
|
|t:|1758990540
|switch|p1a: Kleavor|Kleavor, F|54/100
|-damage|p1a: Kleavor|29/100|[from] Stealth Rock
|turn|15
|
|t:|1758990549
|switch|p2a: Gliscor|Gliscor, F|100/100
|-damage|p2a: Gliscor|88/100|[from] Stealth Rock
|move|p1a: Kleavor|Night Slash|p2a: Gliscor
|-damage|p2a: Gliscor|66/100
|
|-status|p2a: Gliscor|tox|[from] item: Toxic Orb
|upkeep
|turn|16
|
|t:|1758990566
|move|p1a: Kleavor|Night Slash|p2a: Gliscor
|-damage|p2a: Gliscor|41/100 tox
|move|p2a: Gliscor|U-turn|p1a: Kleavor
|-damage|p1a: Kleavor|9/100
|
|t:|1758990577
|switch|p2a: Garganacl|Garganacl, F|71/100|[from] U-turn
|-damage|p2a: Garganacl|58/100|[from] Stealth Rock
|
|-heal|p2a: Garganacl|64/100|[from] item: Leftovers
|upkeep
|turn|17
|
|t:|1758990585
|move|p1a: Kleavor|Night Slash|p2a: Garganacl
|-damage|p2a: Garganacl|41/100
|move|p2a: Garganacl|Recover|p2a: Garganacl
|-heal|p2a: Garganacl|91/100
|
|-heal|p2a: Garganacl|97/100|[from] item: Leftovers
|upkeep
|turn|18
|
|t:|1758990596
|move|p1a: Kleavor|Night Slash|p2a: Garganacl
|-damage|p2a: Garganacl|74/100
|move|p2a: Garganacl|Salt Cure|p1a: Kleavor
|-supereffective|p1a: Kleavor
|-damage|p1a: Kleavor|0 fnt
|faint|p1a: Kleavor
|
|-heal|p2a: Garganacl|80/100|[from] item: Leftovers
|upkeep
|
|t:|1758990601
|switch|p1a: Scizor|Scizor, F|100/100
|-damage|p1a: Scizor|88/100|[from] Stealth Rock
|turn|19
|
|t:|1758990610
|move|p1a: Scizor|Swords Dance|p1a: Scizor
|-boost|p1a: Scizor|atk|2
|move|p2a: Garganacl|Salt Cure|p1a: Scizor
|-damage|p1a: Scizor|72/100
|-start|p1a: Scizor|Salt Cure
|
|-heal|p2a: Garganacl|86/100|[from] item: Leftovers
|-damage|p1a: Scizor|47/100|[from] Salt Cure
|upkeep
|turn|20
|
|t:|1758990623
|switch|p2a: Corviknight|Corviknight, F|24/100
|-damage|p2a: Corviknight|11/100|[from] Stealth Rock
|move|p1a: Scizor|Bullet Punch|p2a: Corviknight
|-resisted|p2a: Corviknight
|-damage|p2a: Corviknight|0 fnt
|faint|p2a: Corviknight
|
|-damage|p1a: Scizor|22/100|[from] Salt Cure
|upkeep
|
|t:|1758990633
|switch|p2a: Gliscor|Gliscor, F|41/100 tox
|-damage|p2a: Gliscor|28/100 tox|[from] Stealth Rock
|turn|21
|
|t:|1758990641
|switch|p1a: Forretress|Forretress, M|51/100
|-damage|p1a: Forretress|39/100|[from] Stealth Rock
|move|p2a: Gliscor|Protect||[still]
|-fail|p2a: Gliscor
|
|-heal|p2a: Gliscor|41/100 tox|[from] ability: Poison Heal
|upkeep
|turn|22
|
|t:|1758990651
|move|p2a: Gliscor|Protect|p2a: Gliscor
|-singleturn|p2a: Gliscor|Protect
|move|p1a: Forretress|Rapid Spin|p2a: Gliscor
|-activate|p2a: Gliscor|move: Protect
|
|-heal|p2a: Gliscor|53/100 tox|[from] ability: Poison Heal
|upkeep
|turn|23
|
|t:|1758990663
|move|p2a: Gliscor|Spikes|p1a: Forretress
|-sidestart|p1: Red Icigool|Spikes
|move|p1a: Forretress|Ice Spinner|p2a: Gliscor
|-supereffective|p2a: Gliscor
|-damage|p2a: Gliscor|5/100 tox
|
|-heal|p2a: Gliscor|17/100 tox|[from] ability: Poison Heal
|upkeep
|turn|24
|
|t:|1758990671
|move|p2a: Gliscor|Protect|p2a: Gliscor
|-singleturn|p2a: Gliscor|Protect
|move|p1a: Forretress|Rapid Spin|p2a: Gliscor
|-activate|p2a: Gliscor|move: Protect
|
|-heal|p2a: Gliscor|30/100 tox|[from] ability: Poison Heal
|upkeep
|turn|25
|
|t:|1758990687
|move|p2a: Gliscor|Earthquake|p1a: Forretress
|-damage|p1a: Forretress|19/100
|move|p1a: Forretress|Rapid Spin|p2a: Gliscor
|-crit|p2a: Gliscor
|-damage|p2a: Gliscor|20/100 tox
|-boost|p1a: Forretress|spe|1
|-sideend|p1: Red Icigool|Spikes|[from] move: Rapid Spin|[of] p1a: Forretress
|-sideend|p1: Red Icigool|Stealth Rock|[from] move: Rapid Spin|[of] p1a: Forretress
|
|-heal|p2a: Gliscor|32/100 tox|[from] ability: Poison Heal
|upkeep
|turn|26
|
|t:|1758990698
|move|p2a: Gliscor|Spikes|p1a: Forretress
|-sidestart|p1: Red Icigool|Spikes
|move|p1a: Forretress|Rapid Spin|p2a: Gliscor
|-damage|p2a: Gliscor|25/100 tox
|-boost|p1a: Forretress|spe|1
|-sideend|p1: Red Icigool|Spikes|[from] move: Rapid Spin|[of] p1a: Forretress
|
|-heal|p2a: Gliscor|37/100 tox|[from] ability: Poison Heal
|upkeep
|turn|27
|
|t:|1758990709
|move|p1a: Forretress|Rapid Spin|p2a: Gliscor
|-damage|p2a: Gliscor|30/100 tox
|-boost|p1a: Forretress|spe|1
|move|p2a: Gliscor|Spikes|p1a: Forretress
|-sidestart|p1: Red Icigool|Spikes
|
|-heal|p2a: Gliscor|42/100 tox|[from] ability: Poison Heal
|upkeep
|turn|28
|
|t:|1758990718
|move|p2a: Gliscor|Protect|p2a: Gliscor
|-singleturn|p2a: Gliscor|Protect
|move|p1a: Forretress|Rapid Spin|p2a: Gliscor
|-activate|p2a: Gliscor|move: Protect
|
|-heal|p2a: Gliscor|54/100 tox|[from] ability: Poison Heal
|upkeep
|turn|29
|
|t:|1758990726
|move|p1a: Forretress|Ice Spinner|p2a: Gliscor
|-supereffective|p2a: Gliscor
|-damage|p2a: Gliscor|7/100 tox
|move|p2a: Gliscor|Spikes|p1a: Forretress
|-sidestart|p1: Red Icigool|Spikes
|
|-heal|p2a: Gliscor|19/100 tox|[from] ability: Poison Heal
|upkeep
|turn|30
|
|t:|1758990734
|move|p2a: Gliscor|Protect|p2a: Gliscor
|-singleturn|p2a: Gliscor|Protect
|move|p1a: Forretress|Rapid Spin|p2a: Gliscor
|-activate|p2a: Gliscor|move: Protect
|
|-heal|p2a: Gliscor|31/100 tox|[from] ability: Poison Heal
|upkeep
|turn|31
|
|t:|1758990743
|move|p1a: Forretress|Rapid Spin|p2a: Gliscor
|-damage|p2a: Gliscor|24/100 tox
|-boost|p1a: Forretress|spe|1
|-sideend|p1: Red Icigool|Spikes|[from] move: Rapid Spin|[of] p1a: Forretress
|move|p2a: Gliscor|Spikes|p1a: Forretress
|-sidestart|p1: Red Icigool|Spikes
|
|-heal|p2a: Gliscor|37/100 tox|[from] ability: Poison Heal
|upkeep
|turn|32
|
|t:|1758990753
|move|p2a: Gliscor|Protect|p2a: Gliscor
|-singleturn|p2a: Gliscor|Protect
|move|p1a: Forretress|Ice Spinner|p2a: Gliscor
|-activate|p2a: Gliscor|move: Protect
|
|-heal|p2a: Gliscor|49/100 tox|[from] ability: Poison Heal
|upkeep
|turn|33
|
|t:|1758990764
|move|p1a: Forretress|Ice Spinner|p2a: Gliscor
|-supereffective|p2a: Gliscor
|-damage|p2a: Gliscor|2/100 tox
|move|p2a: Gliscor|Earthquake|p1a: Forretress
|-damage|p1a: Forretress|0 fnt
|faint|p1a: Forretress
|
|-heal|p2a: Gliscor|15/100 tox|[from] ability: Poison Heal
|upkeep
|
|t:|1758990768
|switch|p1a: Vikavolt|Vikavolt, F|100/100
|turn|34
|
|t:|1758990778
|move|p2a: Gliscor|Protect|p2a: Gliscor
|-singleturn|p2a: Gliscor|Protect
|move|p1a: Vikavolt|Agility|p1a: Vikavolt
|-boost|p1a: Vikavolt|spe|2
|
|-heal|p2a: Gliscor|27/100 tox|[from] ability: Poison Heal
|upkeep
|turn|35
|
|t:|1758990787
|move|p1a: Vikavolt|Bug Buzz|p2a: Gliscor
|-resisted|p2a: Gliscor
|-damage|p2a: Gliscor|0 fnt
|faint|p2a: Gliscor
|-enditem|p1a: Vikavolt|Throat Spray
|-boost|p1a: Vikavolt|spa|1|[from] item: Throat Spray
|
|upkeep
|
|t:|1758990794
|switch|p2a: Garganacl|Garganacl, F|86/100
|-damage|p2a: Garganacl|74/100|[from] Stealth Rock
|turn|36
|
|t:|1758990802
|move|p1a: Vikavolt|Energy Ball|p2a: Garganacl
|-supereffective|p2a: Garganacl
|-damage|p2a: Garganacl|0 fnt
|faint|p2a: Garganacl
|
|upkeep
|
|t:|1758990809
|switch|p2a: Raging Bolt|Raging Bolt|100/100
|-damage|p2a: Raging Bolt|88/100|[from] Stealth Rock
|turn|37
|
|t:|1758990814
|-terastallize|p1a: Vikavolt|Electric
|move|p1a: Vikavolt|Bug Buzz|p2a: Raging Bolt
|-damage|p2a: Raging Bolt|23/100
|move|p2a: Raging Bolt|Draco Meteor|p1a: Vikavolt
|-damage|p1a: Vikavolt|0 fnt
|-unboost|p2a: Raging Bolt|spa|2
|faint|p1a: Vikavolt
|
|-heal|p2a: Raging Bolt|29/100|[from] item: Leftovers
|upkeep
|
|t:|1758990822
|switch|p1a: Scizor|Scizor, F|22/100
|-damage|p1a: Scizor|10/100|[from] Spikes
|turn|38
|
|t:|1758990831
|move|p1a: Scizor|Bullet Punch|p2a: Raging Bolt
|-resisted|p2a: Raging Bolt
|-damage|p2a: Raging Bolt|14/100
|move|p2a: Raging Bolt|Thunderclap||[still]
|-fail|p2a: Raging Bolt
|
|-heal|p2a: Raging Bolt|20/100|[from] item: Leftovers
|upkeep
|turn|39
|
|t:|1758990842
|move|p1a: Scizor|Bullet Punch|p2a: Raging Bolt
|-resisted|p2a: Raging Bolt
|-damage|p2a: Raging Bolt|2/100
|move|p2a: Raging Bolt|Volt Switch|p1a: Scizor
|-damage|p1a: Scizor|0 fnt
|faint|p1a: Scizor
|
|t:|1758990849
|-end|p2a: Raging Bolt|Protosynthesis|[silent]
|switch|p2a: Weavile|Weavile, M|100/100|[from] Volt Switch
|-damage|p2a: Weavile|76/100|[from] Stealth Rock
|-ability|p2a: Weavile|Pressure
|
|upkeep
|
|t:|1758990852
|switch|p1a: Yanmega|Yanmega, M|100/100
|turn|40
|
|t:|1758990858
|move|p2a: Weavile|Triple Axel|p1a: Yanmega|[miss]
|-miss|p2a: Weavile|p1a: Yanmega
|move|p1a: Yanmega|Bug Buzz|p2a: Weavile
|-supereffective|p2a: Weavile
|-damage|p2a: Weavile|0 fnt
|faint|p2a: Weavile
|
|-ability|p1a: Yanmega|Speed Boost|boost
|-boost|p1a: Yanmega|spe|1
|upkeep
|c|☆Panzerkampfwagen I|Damn
|c|☆Panzerkampfwagen I|Gg
|
|t:|1758990878
|switch|p2a: Raging Bolt|Raging Bolt|2/100
|-damage|p2a: Raging Bolt|0 fnt|[from] Stealth Rock
|faint|p2a: Raging Bolt
|-end|p2a: Raging Bolt|Protosynthesis|[silent]
|c|☆Red Icigool|gg ik
|
|t:|1758990882
|switch|p2a: Hatterene|Hatterene, F|49/100
|-damage|p2a: Hatterene|37/100|[from] Stealth Rock
|turn|41
|
|t:|1758990889
|move|p1a: Yanmega|Bug Buzz|p2a: Hatterene
|-damage|p2a: Hatterene|0 fnt
|faint|p2a: Hatterene
|
|win|Red Icigool
|raw|Red Icigool's rating: 1286 &rarr; <strong>1310</strong><br />(+24 for winning)
|raw|Panzerkampfwagen I's rating: 1278 &rarr; <strong>1254</strong><br />(-24 for losing)
|l|☆Red Icigool
|player|p1|
|l|☆Panzerkampfwagen I
|player|p2|
