|j|☆polowogy
|j|☆Absetia
|t:|1758999742
|gametype|singles
|player|p1|polowogy|silver|1224
|player|p2|Absetia|bellelba|1189
|gen|9
|tier|[Gen 9] OU
|rated|
|rule|HP Percentage Mod: HP is shown in percentages
|rule|Endless Battle Clause: Forcing endless battles is banned
|rule|Species Clause: Limit one of each Pokémon
|rule|OHKO Clause: OHKO moves are banned
|rule|Evasion Items Clause: Evasion items are banned
|rule|Evasion Moves Clause: Evasion moves are banned
|rule|Evasion Abilities Clause: Evasion abilities are banned
|rule|Sleep Moves Clause: Sleep-inducing moves are banned
|clearpoke
|poke|p1|Hariyama, F|
|poke|p1|Torterra, F|
|poke|p1|Great Tusk|
|poke|p1|Dragapult, M|
|poke|p1|Kingambit, M|
|poke|p1|Alomomola, M|
|poke|p2|Alomomola, F|
|poke|p2|Great Tusk|
|poke|p2|Kingambit, F|
|poke|p2|Weezing-Galar, M|
|poke|p2|Heatran, M|
|poke|p2|Darkrai|
|teampreview
|inactive|Battle timer is ON: inactive players will automatically lose when time's up. (requested by polowogy)
|
|t:|1758999747
|teamsize|p1|6
|teamsize|p2|6
|start
|switch|p1a: Hariyama|Hariyama, F|100/100
|switch|p2a: Darkrai|Darkrai|100/100
|turn|1
|
|t:|1758999753
|switch|p2a: Weezing|Weezing-Galar, M|100/100
|move|p1a: Hariyama|Knock Off|p2a: Weezing
|-resisted|p2a: Weezing
|-damage|p2a: Weezing|86/100
|-enditem|p2a: Weezing|Leftovers|[from] move: Knock Off|[of] p1a: Hariyama
|
|upkeep
|turn|2
|
|t:|1758999759
|move|p2a: Weezing|Will-O-Wisp|p1a: Hariyama
|-status|p1a: Hariyama|brn
|move|p1a: Hariyama|Headlong Rush|p2a: Weezing
|-immune|p2a: Weezing|[from] ability: Levitate
|
|-damage|p1a: Hariyama|94/100 brn|[from] brn
|upkeep
|turn|3
|
|t:|1758999769
|switch|p1a: Kingambit|Kingambit, M|100/100
|move|p2a: Weezing|Will-O-Wisp|p1a: Kingambit
|-status|p1a: Kingambit|brn
|
|-damage|p1a: Kingambit|94/100 brn|[from] brn
|upkeep
|turn|4
|
|t:|1758999775
|move|p2a: Weezing|Strange Steam|p1a: Kingambit
|-damage|p1a: Kingambit|76/100 brn
|move|p1a: Kingambit|Iron Head|p2a: Weezing
|-supereffective|p2a: Weezing
|-damage|p2a: Weezing|50/100
|
|-damage|p1a: Kingambit|70/100 brn|[from] brn
|upkeep
|turn|5
|
|t:|1758999781
|switch|p2a: Heatran|Heatran, M|100/100
|move|p1a: Kingambit|Low Kick|p2a: Heatran
|-supereffective|p2a: Heatran
|-damage|p2a: Heatran|60/100
|
|-heal|p2a: Heatran|66/100|[from] item: Leftovers
|-damage|p1a: Kingambit|64/100 brn|[from] brn
|upkeep
|turn|6
|
|t:|1758999787
|-end|p1a: Kingambit|fallenundefined|[silent]
|switch|p1a: Alomomola|Alomomola, M|100/100
|move|p2a: Heatran|Magma Storm|p1a: Alomomola
|-resisted|p1a: Alomomola
|-damage|p1a: Alomomola|76/100
|-activate|p1a: Alomomola|move: Magma Storm|[of] p2a: Heatran
|
|-heal|p2a: Heatran|73/100|[from] item: Leftovers
|-heal|p1a: Alomomola|83/100|[from] item: Leftovers
|-damage|p1a: Alomomola|70/100|[from] move: Magma Storm|[partiallytrapped]
|upkeep
|turn|7
|
|t:|1758999795
|move|p2a: Heatran|Taunt|p1a: Alomomola
|-start|p1a: Alomomola|move: Taunt
|move|p1a: Alomomola|Flip Turn|p2a: Heatran
|-supereffective|p2a: Heatran
|-damage|p2a: Heatran|48/100
|
|t:|1758999804
|switch|p1a: Great Tusk|Great Tusk|100/100|[from] Flip Turn
|-enditem|p1a: Great Tusk|Booster Energy
|-activate|p1a: Great Tusk|ability: Protosynthesis|[fromitem]
|-start|p1a: Great Tusk|protosynthesisatk
|
|-heal|p2a: Heatran|54/100|[from] item: Leftovers
|upkeep
|turn|8
|
|t:|1758999809
|-terastallize|p2a: Heatran|Grass
|move|p1a: Great Tusk|Rapid Spin|p2a: Heatran
|-damage|p2a: Heatran|34/100
|-boost|p1a: Great Tusk|spe|1
|move|p2a: Heatran|Magma Storm|p1a: Great Tusk
|-damage|p1a: Great Tusk|36/100
|-activate|p1a: Great Tusk|move: Magma Storm|[of] p2a: Heatran
|
|-heal|p2a: Heatran|40/100|[from] item: Leftovers
|-damage|p1a: Great Tusk|23/100|[from] move: Magma Storm|[partiallytrapped]
|upkeep
|turn|9
|
|t:|1758999815
|move|p1a: Great Tusk|Ice Spinner|p2a: Heatran
|-supereffective|p2a: Heatran
|-damage|p2a: Heatran|0 fnt
|faint|p2a: Heatran
|
|-end|p1a: Great Tusk|Magma Storm|[partiallytrapped]|[silent]
|upkeep
|
|t:|1758999819
|switch|p2a: Great Tusk|Great Tusk|100/100
|turn|10
|
|t:|1758999825
|-end|p2a: Great Tusk|Protosynthesis|[silent]
|switch|p2a: Weezing|Weezing-Galar, M|50/100
|-terastallize|p1a: Great Tusk|Ground
|move|p1a: Great Tusk|Headlong Rush|p2a: Weezing
|-immune|p2a: Weezing|[from] ability: Levitate
|
|upkeep
|turn|11
|
|t:|1758999835
|move|p1a: Great Tusk|Ice Spinner|p2a: Weezing
|-crit|p2a: Weezing
|-damage|p2a: Weezing|5/100
|move|p2a: Weezing|Strange Steam|p1a: Great Tusk
|-damage|p1a: Great Tusk|0 fnt
|faint|p1a: Great Tusk
|-end|p1a: Great Tusk|Protosynthesis|[silent]
|
|upkeep
|
|t:|1758999845
|switch|p1a: Alomomola|Alomomola, M|100/100
|turn|12
|
|t:|1758999848
|move|p1a: Alomomola|Flip Turn|p2a: Weezing
|-damage|p2a: Weezing|0 fnt
|faint|p2a: Weezing
|
|t:|1758999850
|switch|p1a: Torterra|Torterra, F|100/100|[from] Flip Turn
|
|upkeep
|
|t:|1758999855
|switch|p2a: Darkrai|Darkrai|100/100
|turn|13
|
|t:|1758999859
|switch|p1a: Kingambit|Kingambit, M|64/100 brn
|-activate|p1a: Kingambit|ability: Supreme Overlord
|-start|p1a: Kingambit|fallen1|[silent]
|move|p2a: Darkrai|Trick|p1a: Kingambit
|-activate|p2a: Darkrai|move: Trick|[of] p1a: Kingambit
|-item|p1a: Kingambit|Choice Scarf|[from] move: Trick
|-item|p2a: Darkrai|Assault Vest|[from] move: Trick
|
|-damage|p1a: Kingambit|58/100 brn|[from] brn
|upkeep
|turn|14
|
|t:|1758999866
|move|p2a: Darkrai|Focus Blast|p1a: Kingambit
|-supereffective|p1a: Kingambit
|-damage|p1a: Kingambit|0 fnt
|faint|p1a: Kingambit
|-end|p1a: Kingambit|fallen1|[silent]
|
|upkeep
|
|t:|1758999871
|switch|p1a: Hariyama|Hariyama, F|94/100 brn
|turn|15
|
|t:|1758999875
|switch|p2a: Alomomola|Alomomola, F|100/100
|move|p1a: Hariyama|Close Combat|p2a: Alomomola
|-damage|p2a: Alomomola|44/100
|-unboost|p1a: Hariyama|def|1
|-unboost|p1a: Hariyama|spd|1
|
|-damage|p1a: Hariyama|88/100 brn|[from] brn
|upkeep
|turn|16
|
|t:|1758999882
|move|p2a: Alomomola|Wish|p2a: Alomomola
|move|p1a: Hariyama|Close Combat|p2a: Alomomola
|-crit|p2a: Alomomola
|-damage|p2a: Alomomola|0 fnt
|-unboost|p1a: Hariyama|def|1
|-unboost|p1a: Hariyama|spd|1
|faint|p2a: Alomomola
|
|-damage|p1a: Hariyama|82/100 brn|[from] brn
|upkeep
|
|t:|1758999887
|switch|p2a: Great Tusk|Great Tusk|100/100
|turn|17
|
|t:|1758999891
|switch|p1a: Alomomola|Alomomola, M|100/100
|move|p2a: Great Tusk|Rapid Spin|p1a: Alomomola
|-damage|p1a: Alomomola|92/100
|-boost|p2a: Great Tusk|spe|1
|
|-heal|p1a: Alomomola|98/100|[from] item: Leftovers
|upkeep
|turn|18
|
|t:|1758999894
|move|p2a: Great Tusk|Stealth Rock|p1a: Alomomola
|-sidestart|p1: polowogy|move: Stealth Rock
|move|p1a: Alomomola|Scald|p2a: Great Tusk
|-supereffective|p2a: Great Tusk
|-damage|p2a: Great Tusk|65/100
|
|-heal|p1a: Alomomola|100/100|[from] item: Leftovers
|upkeep
|turn|19
|
|t:|1758999898
|move|p2a: Great Tusk|Headlong Rush|p1a: Alomomola
|-damage|p1a: Alomomola|71/100
|-unboost|p2a: Great Tusk|def|1
|-unboost|p2a: Great Tusk|spd|1
|move|p1a: Alomomola|Scald|p2a: Great Tusk
|-supereffective|p2a: Great Tusk
|-damage|p2a: Great Tusk|7/100
|-status|p2a: Great Tusk|brn
|
|-heal|p1a: Alomomola|77/100|[from] item: Leftovers
|-damage|p2a: Great Tusk|1/100 brn|[from] brn
|upkeep
|turn|20
|
|t:|1758999903
|-end|p2a: Great Tusk|Protosynthesis|[silent]
|switch|p2a: Darkrai|Darkrai|100/100
|move|p1a: Alomomola|Flip Turn|p2a: Darkrai
|-damage|p2a: Darkrai|80/100
|
|t:|1758999906
|switch|p1a: Hariyama|Hariyama, F|82/100 brn|[from] Flip Turn
|-damage|p1a: Hariyama|76/100 brn|[from] Stealth Rock
|
|-damage|p1a: Hariyama|70/100 brn|[from] brn
|upkeep
|turn|21
|
|t:|1758999912
|move|p2a: Darkrai|Psyshock|p1a: Hariyama
|-supereffective|p1a: Hariyama
|-damage|p1a: Hariyama|5/100 brn
|move|p1a: Hariyama|Ice Punch|p2a: Darkrai
|-crit|p2a: Darkrai
|-damage|p2a: Darkrai|0 fnt
|faint|p2a: Darkrai
|
|-damage|p1a: Hariyama|0 fnt|[from] brn
|faint|p1a: Hariyama
|upkeep
|
|t:|1758999921
|switch|p2a: Kingambit|Kingambit, F|100/100
|switch|p1a: Torterra|Torterra, F|100/100
|-damage|p1a: Torterra|94/100|[from] Stealth Rock
|turn|22
|
|t:|1758999924
|move|p1a: Torterra|Headlong Rush|p2a: Kingambit
|-supereffective|p2a: Kingambit
|-damage|p2a: Kingambit|27/100
|-unboost|p1a: Torterra|def|1
|-unboost|p1a: Torterra|spd|1
|-enditem|p1a: Torterra|White Herb
|-clearnegativeboost|p1a: Torterra|[silent]
|move|p2a: Kingambit|Iron Head|p1a: Torterra
|-damage|p1a: Torterra|48/100
|
|-heal|p2a: Kingambit|33/100|[from] item: Leftovers
|upkeep
|turn|23
|
|t:|1758999929
|move|p2a: Kingambit|Sucker Punch||[still]
|-fail|p2a: Kingambit
|move|p1a: Torterra|Shell Smash|p1a: Torterra
|-unboost|p1a: Torterra|def|1
|-unboost|p1a: Torterra|spd|1
|-boost|p1a: Torterra|atk|2
|-boost|p1a: Torterra|spa|2
|-boost|p1a: Torterra|spe|2
|
|-heal|p2a: Kingambit|40/100|[from] item: Leftovers
|upkeep
|turn|24
|
|t:|1758999933
|switch|p1a: Alomomola|Alomomola, M|100/100
|-damage|p1a: Alomomola|88/100|[from] Stealth Rock
|move|p2a: Kingambit|Sucker Punch||[still]
|-fail|p2a: Kingambit
|
|-heal|p1a: Alomomola|94/100|[from] item: Leftovers
|-heal|p2a: Kingambit|46/100|[from] item: Leftovers
|upkeep
|turn|25
|
|t:|1758999937
|move|p1a: Alomomola|Scald|p2a: Kingambit
|-damage|p2a: Kingambit|33/100
|-status|p2a: Kingambit|brn
|move|p2a: Kingambit|Swords Dance|p2a: Kingambit
|-boost|p2a: Kingambit|atk|2
|
|-heal|p1a: Alomomola|100/100|[from] item: Leftovers
|-heal|p2a: Kingambit|39/100 brn|[from] item: Leftovers
|-damage|p2a: Kingambit|33/100 brn|[from] brn
|upkeep
|turn|26
|
|t:|1758999942
|move|p1a: Alomomola|Flip Turn|p2a: Kingambit
|-damage|p2a: Kingambit|22/100 brn
|
|t:|1758999945
|switch|p1a: Torterra|Torterra, F|48/100|[from] Flip Turn
|-damage|p1a: Torterra|42/100|[from] Stealth Rock
|move|p2a: Kingambit|Swords Dance|p2a: Kingambit
|-boost|p2a: Kingambit|atk|2
|
|-heal|p2a: Kingambit|28/100 brn|[from] item: Leftovers
|-damage|p2a: Kingambit|22/100 brn|[from] brn
|upkeep
|turn|27
|
|t:|1758999950
|move|p1a: Torterra|Headlong Rush|p2a: Kingambit
|-supereffective|p2a: Kingambit
|-damage|p2a: Kingambit|0 fnt
|-unboost|p1a: Torterra|def|1
|-unboost|p1a: Torterra|spd|1
|faint|p2a: Kingambit
|
|upkeep
|-message|Absetia forfeited.
|
|win|polowogy
|raw|polowogy's rating: 1224 &rarr; <strong>1246</strong><br />(+22 for winning)
|raw|Absetia's rating: 1189 &rarr; <strong>1167</strong><br />(-22 for losing)
|l|☆Absetia
|player|p2|
|l|☆polowogy
|player|p1|
