|j|☆cherrytranslady
|j|☆wiiaasia
|t:|1759020667
|gametype|singles
|player|p1|cherrytranslady|caitlin|1232
|player|p2|wiiaasia|170|1213
|gen|9
|tier|[Gen 9] OU
|rated|
|rule|HP Percentage Mod: HP is shown in percentages
|rule|Endless Battle Clause: Forcing endless battles is banned
|rule|Species Clause: Limit one of each Pokémon
|rule|OHKO Clause: OHKO moves are banned
|rule|Evasion Items Clause: Evasion items are banned
|rule|Evasion Moves Clause: Evasion moves are banned
|rule|Evasion Abilities Clause: Evasion abilities are banned
|rule|Sleep Moves Clause: Sleep-inducing moves are banned
|clearpoke
|poke|p1|Qwilfish, F|
|poke|p1|Darkrai|
|poke|p1|Mandibuzz, F|
|poke|p1|Gengar, M|
|poke|p1|Iron Treads|
|poke|p1|Cinderace, M|
|poke|p2|Moltres|
|poke|p2|Slowking-Galar, F|
|poke|p2|Samurott-Hisui, F|
|poke|p2|Dragapult, F|
|poke|p2|Great Tusk|
|poke|p2|Kingambit, M|
|teampreview
|
|t:|1759020673
|teamsize|p1|6
|teamsize|p2|6
|start
|switch|p1a: spikecif|Qwilfish, F, shiny|100/100
|switch|p2a: Samurott|Samurott-Hisui, F, shiny|100/100
|-ability|p1a: spikecif|Intimidate|boost
|-unboost|p2a: Samurott|atk|1
|turn|1
|
|t:|1759020679
|move|p2a: Samurott|Ceaseless Edge|p1a: spikecif|[miss]
|-miss|p2a: Samurott|p1a: spikecif
|move|p1a: spikecif|Toxic|p2a: Samurott
|-status|p2a: Samurott|tox
|
|-damage|p2a: Samurott|94/100 tox|[from] psn
|upkeep
|turn|2
|
|t:|1759020681
|move|p2a: Samurott|Ceaseless Edge|p1a: spikecif
|-damage|p1a: spikecif|83/100
|-sidestart|p1: cherrytranslady|Spikes
|move|p1a: spikecif|Spikes|p2a: Samurott
|-sidestart|p2: wiiaasia|Spikes
|
|-heal|p1a: spikecif|89/100|[from] item: Leftovers
|-damage|p2a: Samurott|82/100 tox|[from] psn
|upkeep
|turn|3
|
|t:|1759020685
|move|p2a: Samurott|Ceaseless Edge|p1a: spikecif
|-damage|p1a: spikecif|71/100
|-sidestart|p1: cherrytranslady|Spikes
|move|p1a: spikecif|Spikes|p2a: Samurott
|-sidestart|p2: wiiaasia|Spikes
|
|-heal|p1a: spikecif|77/100|[from] item: Leftovers
|-damage|p2a: Samurott|63/100 tox|[from] psn
|upkeep
|turn|4
|
|t:|1759020687
|move|p2a: Samurott|Ceaseless Edge|p1a: spikecif
|-damage|p1a: spikecif|59/100
|-sidestart|p1: cherrytranslady|Spikes
|move|p1a: spikecif|Spikes|p2a: Samurott
|-sidestart|p2: wiiaasia|Spikes
|
|-heal|p1a: spikecif|65/100|[from] item: Leftovers
|-damage|p2a: Samurott|38/100 tox|[from] psn
|upkeep
|turn|5
|
|t:|1759020690
|switch|p2a: Great Tusk|Great Tusk|100/100
|-damage|p2a: Great Tusk|76/100|[from] Spikes
|move|p1a: spikecif|Flip Turn|p2a: Great Tusk
|-supereffective|p2a: Great Tusk
|-damage|p2a: Great Tusk|59/100
|
|t:|1759020704
|switch|p1a: transgengar|Gengar, M|100/100|[from] Flip Turn
|-damage|p1a: transgengar|76/100|[from] Spikes
|
|-heal|p1a: transgengar|82/100|[from] item: Leftovers
|-heal|p2a: Great Tusk|65/100|[from] item: Leftovers
|upkeep
|turn|6
|
|t:|1759020710
|move|p1a: transgengar|Substitute|p1a: transgengar
|-start|p1a: transgengar|Substitute
|-damage|p1a: transgengar|57/100
|move|p2a: Great Tusk|Headlong Rush|p1a: transgengar
|-supereffective|p1a: transgengar
|-end|p1a: transgengar|Substitute
|-unboost|p2a: Great Tusk|def|1
|-unboost|p2a: Great Tusk|spd|1
|
|-heal|p1a: transgengar|63/100|[from] item: Leftovers
|-heal|p2a: Great Tusk|71/100|[from] item: Leftovers
|upkeep
|turn|7
|
|t:|1759020714
|-terastallize|p2a: Great Tusk|Steel
|move|p1a: transgengar|Substitute|p1a: transgengar
|-start|p1a: transgengar|Substitute
|-damage|p1a: transgengar|38/100
|move|p2a: Great Tusk|Headlong Rush|p1a: transgengar
|-supereffective|p1a: transgengar
|-end|p1a: transgengar|Substitute
|-unboost|p2a: Great Tusk|def|1
|-unboost|p2a: Great Tusk|spd|1
|
|-heal|p1a: transgengar|44/100|[from] item: Leftovers
|-heal|p2a: Great Tusk|77/100|[from] item: Leftovers
|upkeep
|turn|8
|
|t:|1759020721
|move|p1a: transgengar|Shadow Ball|p2a: Great Tusk
|-damage|p2a: Great Tusk|0 fnt
|faint|p2a: Great Tusk
|-end|p2a: Great Tusk|Protosynthesis|[silent]
|
|-heal|p1a: transgengar|50/100|[from] item: Leftovers
|upkeep
|
|t:|1759020724
|switch|p2a: Kingambit|Kingambit, M|100/100
|-damage|p2a: Kingambit|75/100|[from] Spikes
|-activate|p2a: Kingambit|ability: Supreme Overlord
|-start|p2a: Kingambit|fallen1|[silent]
|turn|9
|
|t:|1759020729
|move|p1a: transgengar|Taunt|p2a: Kingambit
|-start|p2a: Kingambit|move: Taunt
|cant|p2a: Kingambit|move: Taunt|Swords Dance
|
|-heal|p1a: transgengar|56/100|[from] item: Leftovers
|upkeep
|turn|10
|
|t:|1759020741
|move|p1a: transgengar|Shadow Ball|p2a: Kingambit
|-resisted|p2a: Kingambit
|-damage|p2a: Kingambit|56/100
|move|p2a: Kingambit|Kowtow Cleave|p1a: transgengar
|-supereffective|p1a: transgengar
|-damage|p1a: transgengar|0 fnt
|faint|p1a: transgengar
|
|upkeep
|inactive|Battle timer is ON: inactive players will automatically lose when time's up. (requested by wiiaasia)
|
|t:|1759020746
|switch|p1a: mechanism.|Iron Treads|100/100
|turn|11
|
|t:|1759020750
|-end|p2a: Kingambit|fallen1|[silent]
|switch|p2a: Dragapult|Dragapult, F, shiny|100/100
|-damage|p2a: Dragapult|76/100|[from] Spikes
|move|p1a: mechanism.|Rapid Spin|p2a: Dragapult
|-immune|p2a: Dragapult
|
|upkeep
|turn|12
|
|t:|1759020755
|move|p2a: Dragapult|Flamethrower|p1a: mechanism.
|-supereffective|p1a: mechanism.
|-damage|p1a: mechanism.|12/100
|move|p1a: mechanism.|Knock Off|p2a: Dragapult
|-supereffective|p2a: Dragapult
|-damage|p2a: Dragapult|11/100
|-enditem|p2a: Dragapult|Choice Specs|[from] move: Knock Off|[of] p1a: mechanism.
|
|upkeep
|turn|13
|
|t:|1759020766
|-end|p1a: mechanism.|Quark Drive|[silent]
|switch|p1a: beautiful lesbian|Mandibuzz, F, shiny|100/100
|move|p2a: Dragapult|Flamethrower|p1a: beautiful lesbian
|-damage|p1a: beautiful lesbian|77/100
|-status|p1a: beautiful lesbian|brn
|
|-damage|p1a: beautiful lesbian|71/100 brn|[from] brn
|upkeep
|turn|14
|
|t:|1759020775
|move|p2a: Dragapult|Draco Meteor|p1a: beautiful lesbian|[miss]
|-miss|p2a: Dragapult|p1a: beautiful lesbian
|move|p1a: beautiful lesbian|U-turn|p2a: Dragapult
|-resisted|p2a: Dragapult
|-damage|p2a: Dragapult|8/100
|inactive|cherrytranslady has 120 seconds left.
|
|t:|1759020815
|switch|p1a: slungus|Cinderace, M, shiny|100/100|[from] U-turn
|-damage|p1a: slungus|76/100|[from] Spikes
|
|upkeep
|turn|15
|
|t:|1759020823
|switch|p2a: Moltres|Moltres, shiny|100/100
|move|p1a: slungus|Sucker Punch||[still]
|-fail|p1a: slungus
|
|upkeep
|turn|16
|inactive|cherrytranslady has 120 seconds left.
|
|t:|1759020839
|switch|p1a: beautiful lesbian|Mandibuzz, F, shiny|71/100 brn
|move|p2a: Moltres|Hurricane|p1a: beautiful lesbian
|-damage|p1a: beautiful lesbian|30/100 brn
|-start|p1a: beautiful lesbian|confusion
|
|-damage|p1a: beautiful lesbian|24/100 brn|[from] brn
|upkeep
|turn|17
|
|t:|1759020848
|move|p2a: Moltres|Hurricane|p1a: beautiful lesbian|[miss]
|-miss|p2a: Moltres|p1a: beautiful lesbian
|-activate|p1a: beautiful lesbian|confusion
|-damage|p1a: beautiful lesbian|19/100 brn|[from] confusion
|
|-damage|p1a: beautiful lesbian|13/100 brn|[from] brn
|upkeep
|turn|18
|
|t:|1759020853
|move|p2a: Moltres|Flamethrower|p1a: beautiful lesbian
|-damage|p1a: beautiful lesbian|0 fnt
|faint|p1a: beautiful lesbian
|
|upkeep
|
|t:|1759020860
|switch|p1a: mechanism.|Iron Treads|12/100
|turn|19
|
|t:|1759020870
|move|p1a: mechanism.|Stealth Rock|p2a: Moltres
|-sidestart|p2: wiiaasia|move: Stealth Rock
|move|p2a: Moltres|Flamethrower|p1a: mechanism.
|-supereffective|p1a: mechanism.
|-damage|p1a: mechanism.|0 fnt
|faint|p1a: mechanism.
|-end|p1a: mechanism.|Quark Drive|[silent]
|
|upkeep
|inactive|cherrytranslady has 120 seconds left.
|
|t:|1759020916
|switch|p1a: why he ourple??|Darkrai, shiny|100/100
|turn|20
|
|t:|1759020924
|move|p1a: why he ourple??|Dark Pulse|p2a: Moltres
|-damage|p2a: Moltres|56/100
|cant|p2a: Moltres|flinch
|
|upkeep
|turn|21
|
|t:|1759020928
|move|p1a: why he ourple??|Dark Pulse|p2a: Moltres
|-damage|p2a: Moltres|15/100
|cant|p2a: Moltres|flinch
|
|upkeep
|turn|22
|
|t:|1759020931
|move|p1a: why he ourple??|Dark Pulse|p2a: Moltres
|-damage|p2a: Moltres|0 fnt
|faint|p2a: Moltres
|
|upkeep
|
|t:|1759020937
|switch|p2a: Dragapult|Dragapult, F, shiny|8/100
|-damage|p2a: Dragapult|0 fnt|[from] Spikes
|faint|p2a: Dragapult
|
|t:|1759020945
|switch|p2a: Samurott|Samurott-Hisui, F, shiny|38/100 tox
|-damage|p2a: Samurott|13/100 tox|[from] Spikes
|-damage|p2a: Samurott|1/100 tox|[from] Stealth Rock
|turn|23
|
|t:|1759020956
|switch|p1a: spikecif|Qwilfish, F, shiny|65/100
|-damage|p1a: spikecif|41/100|[from] Spikes
|-ability|p1a: spikecif|Intimidate|boost
|-unboost|p2a: Samurott|atk|1
|move|p2a: Samurott|Aqua Jet|p1a: spikecif
|-resisted|p1a: spikecif
|-damage|p1a: spikecif|32/100
|
|-heal|p1a: spikecif|38/100|[from] item: Leftovers
|-damage|p2a: Samurott|0 fnt|[from] psn
|faint|p2a: Samurott
|upkeep
|
|t:|1759020967
|switch|p2a: Slowking|Slowking-Galar, F|100/100
|-damage|p2a: Slowking|76/100|[from] Spikes
|-damage|p2a: Slowking|63/100|[from] Stealth Rock
|turn|24
|
|t:|1759020971
|move|p1a: spikecif|Taunt|p2a: Slowking
|-start|p2a: Slowking|move: Taunt
|cant|p2a: Slowking|move: Taunt|Thunder Wave
|
|-heal|p1a: spikecif|44/100|[from] item: Leftovers
|-heal|p2a: Slowking|69/100|[from] item: Black Sludge
|upkeep
|turn|25
|
|t:|1759020979
|move|p1a: spikecif|Toxic|p2a: Slowking
|-immune|p2a: Slowking
|move|p2a: Slowking|Ice Beam|p1a: spikecif
|-resisted|p1a: spikecif
|-damage|p1a: spikecif|25/100
|
|-heal|p1a: spikecif|31/100|[from] item: Leftovers
|-heal|p2a: Slowking|75/100|[from] item: Black Sludge
|upkeep
|turn|26
|
|t:|1759020984
|move|p1a: spikecif|Taunt||[still]
|-fail|p1a: spikecif
|move|p2a: Slowking|Ice Beam|p1a: spikecif
|-resisted|p1a: spikecif
|-damage|p1a: spikecif|12/100
|
|-heal|p1a: spikecif|18/100|[from] item: Leftovers
|-heal|p2a: Slowking|81/100|[from] item: Black Sludge
|-end|p2a: Slowking|move: Taunt
|upkeep
|turn|27
|
|t:|1759020986
|move|p1a: spikecif|Taunt|p2a: Slowking
|-start|p2a: Slowking|move: Taunt
|move|p2a: Slowking|Ice Beam|p1a: spikecif
|-resisted|p1a: spikecif
|-damage|p1a: spikecif|0 fnt
|faint|p1a: spikecif
|
|-heal|p2a: Slowking|88/100|[from] item: Black Sludge
|upkeep
|
|t:|1759020991
|switch|p1a: slungus|Cinderace, M, shiny|76/100
|-damage|p1a: slungus|51/100|[from] Spikes
|turn|28
|
|t:|1759020995
|move|p1a: slungus|Pyro Ball|p2a: Slowking
|-damage|p2a: Slowking|0 fnt
|faint|p2a: Slowking
|
|upkeep
|
|t:|1759020998
|switch|p2a: Kingambit|Kingambit, M|56/100
|-damage|p2a: Kingambit|31/100|[from] Spikes
|-damage|p2a: Kingambit|25/100|[from] Stealth Rock
|-activate|p2a: Kingambit|ability: Supreme Overlord
|-start|p2a: Kingambit|fallen5|[silent]
|turn|29
|
|t:|1759021002
|-terastallize|p1a: slungus|Dark
|move|p1a: slungus|Pyro Ball|p2a: Kingambit
|-supereffective|p2a: Kingambit
|-damage|p2a: Kingambit|0 fnt
|faint|p2a: Kingambit
|-end|p2a: Kingambit|fallen5|[silent]
|
|win|cherrytranslady
|raw|cherrytranslady's rating: 1232 &rarr; <strong>1256</strong><br />(+24 for winning)
|raw|wiiaasia's rating: 1213 &rarr; <strong>1189</strong><br />(-24 for losing)
|l|☆wiiaasia
|player|p2|
|l|☆cherrytranslady
|player|p1|
