|j|☆Megumin's Husband
|j|☆sen zellsis
|t:|1759034879
|gametype|singles
|player|p1|Megumin's Husband|guitarist|1510
|player|p2|sen zellsis|101|1616
|gen|9
|tier|[Gen 9] OU
|rated|
|rule|HP Percentage Mod: HP is shown in percentages
|rule|Endless Battle Clause: Forcing endless battles is banned
|rule|Species Clause: Limit one of each Pokémon
|rule|OHKO Clause: OHKO moves are banned
|rule|Evasion Items Clause: Evasion items are banned
|rule|Evasion Moves Clause: Evasion moves are banned
|rule|Evasion Abilities Clause: Evasion abilities are banned
|rule|Sleep Moves Clause: Sleep-inducing moves are banned
|clearpoke
|poke|p1|Pecharunt|
|poke|p1|Primarina, F|
|poke|p1|Heatran, M|
|poke|p1|Great Tusk|
|poke|p1|Weavile, F|
|poke|p1|Ogerpon, F|
|poke|p2|Tyranitar, M|
|poke|p2|Excadrill, F|
|poke|p2|Keldeo-Resolute|
|poke|p2|Tornadus-Therian, M|
|poke|p2|Heatran, M|
|poke|p2|Hydrapple, M|
|teampreview
|inactive|Battle timer is ON: inactive players will automatically lose when time's up. (requested by sen zellsis)
|
|t:|1759034893
|teamsize|p1|6
|teamsize|p2|6
|start
|switch|p1a: Weavile|Weavile, F|100/100
|switch|p2a: Tyranitar|Tyranitar, M|100/100
|-ability|p1a: Weavile|Pressure
|-weather|Sandstorm|[from] ability: Sand Stream|[of] p2a: Tyranitar
|turn|1
|j| Rizzofreko
|
|t:|1759034908
|move|p1a: Weavile|Low Kick|p2a: Tyranitar
|-supereffective|p2a: Tyranitar
|-damage|p2a: Tyranitar|0 fnt
|faint|p2a: Tyranitar
|
|-weather|Sandstorm|[upkeep]
|-damage|p1a: Weavile|94/100|[from] Sandstorm
|upkeep
|
|t:|1759034910
|switch|p2a: Excadrill|Excadrill, F|100/100
|-item|p2a: Excadrill|Air Balloon
|turn|2
|
|t:|1759034921
|move|p2a: Excadrill|Earthquake|p1a: Weavile
|-damage|p1a: Weavile|0 fnt
|faint|p1a: Weavile
|
|-weather|Sandstorm|[upkeep]
|upkeep
|
|t:|1759034924
|switch|p1a: Ogerpon|Ogerpon, F|100/100
|turn|3
|
|t:|1759034929
|switch|p2a: Hydrapple|Hydrapple, M|100/100
|move|p1a: Ogerpon|Ivy Cudgel|p2a: Hydrapple
|-resisted|p2a: Hydrapple
|-damage|p2a: Hydrapple|91/100
|
|-weather|Sandstorm|[upkeep]
|-damage|p1a: Ogerpon|95/100|[from] Sandstorm
|-damage|p2a: Hydrapple|85/100|[from] Sandstorm
|upkeep
|turn|4
|
|t:|1759034940
|switch|p1a: Heatran|Heatran, M, shiny|100/100
|-item|p1a: Heatran|Air Balloon
|move|p2a: Hydrapple|Earth Power|p1a: Heatran
|-immune|p1a: Heatran
|
|-weather|Sandstorm|[upkeep]
|-damage|p2a: Hydrapple|79/100|[from] Sandstorm
|upkeep
|turn|5
|
|t:|1759034945
|switch|p2a: Tornadus|Tornadus-Therian, M|100/100
|move|p1a: Heatran|Stealth Rock|p2a: Tornadus
|-sidestart|p2: sen zellsis|move: Stealth Rock
|
|-weather|none
|upkeep
|turn|6
|
|t:|1759034952
|move|p2a: Tornadus|U-turn|p1a: Heatran
|-resisted|p1a: Heatran
|-damage|p1a: Heatran|98/100
|-enditem|p1a: Heatran|Air Balloon
|
|t:|1759034954
|switch|p2a: Keldeo|Keldeo-Resolute|100/100|[from] U-turn
|-damage|p2a: Keldeo|94/100|[from] Stealth Rock
|move|p1a: Heatran|Lava Plume|p2a: Keldeo
|-resisted|p2a: Keldeo
|-damage|p2a: Keldeo|74/100
|
|upkeep
|turn|7
|
|t:|1759034960
|switch|p1a: Primarina|Primarina, F|100/100
|move|p2a: Keldeo|Flip Turn|p1a: Primarina
|-resisted|p1a: Primarina
|-damage|p1a: Primarina|91/100
|l| Rizzofreko
|
|t:|1759034969
|switch|p2a: Tornadus|Tornadus-Therian, M|100/100|[from] Flip Turn
|
|upkeep
|turn|8
|
|t:|1759034972
|move|p2a: Tornadus|Bleakwind Storm|p1a: Primarina
|-damage|p1a: Primarina|71/100
|-unboost|p1a: Primarina|spe|1
|move|p1a: Primarina|Moonblast|p2a: Tornadus
|-damage|p2a: Tornadus|47/100
|-unboost|p2a: Tornadus|spa|1
|
|upkeep
|turn|9
|
|t:|1759034978
|move|p2a: Tornadus|U-turn|p1a: Primarina
|-resisted|p1a: Primarina
|-crit|p1a: Primarina
|-damage|p1a: Primarina|57/100
|
|t:|1759034981
|switch|p2a: Heatran|Heatran, M|100/100|[from] U-turn
|-damage|p2a: Heatran|88/100|[from] Stealth Rock
|move|p1a: Primarina|Flip Turn|p2a: Heatran
|-supereffective|p2a: Heatran
|-damage|p2a: Heatran|63/100
|-status|p1a: Primarina|brn|[from] ability: Flame Body|[of] p2a: Heatran
|
|t:|1759034987
|switch|p1a: Great Tusk|Great Tusk|100/100|[from] Flip Turn
|
|-heal|p2a: Heatran|69/100|[from] item: Leftovers
|upkeep
|turn|10
|
|t:|1759034999
|switch|p2a: Tornadus|Tornadus-Therian, M|80/100
|move|p1a: Great Tusk|Rapid Spin|p2a: Tornadus
|-damage|p2a: Tornadus|61/100
|-boost|p1a: Great Tusk|spe|1
|
|upkeep
|turn|11
|
|t:|1759035004
|switch|p2a: Hydrapple|Hydrapple, M|100/100
|-damage|p2a: Hydrapple|88/100|[from] Stealth Rock
|move|p1a: Great Tusk|Ice Spinner|p2a: Hydrapple
|-supereffective|p2a: Hydrapple
|-damage|p2a: Hydrapple|24/100
|-damage|p1a: Great Tusk|84/100|[from] item: Rocky Helmet|[of] p2a: Hydrapple
|
|upkeep
|turn|12
|
|t:|1759035013
|switch|p2a: Heatran|Heatran, M|69/100
|-damage|p2a: Heatran|56/100|[from] Stealth Rock
|move|p1a: Great Tusk|Ice Spinner|p2a: Heatran
|-resisted|p2a: Heatran
|-damage|p2a: Heatran|51/100
|
|-heal|p2a: Heatran|57/100|[from] item: Leftovers
|upkeep
|turn|13
|
|t:|1759035020
|-terastallize|p2a: Heatran|Flying
|move|p1a: Great Tusk|Close Combat|p2a: Heatran
|-resisted|p2a: Heatran
|-damage|p2a: Heatran|30/100
|-unboost|p1a: Great Tusk|def|1
|-unboost|p1a: Great Tusk|spd|1
|move|p2a: Heatran|Magma Storm|p1a: Great Tusk|[miss]
|-miss|p2a: Heatran|p1a: Great Tusk
|
|-heal|p2a: Heatran|36/100|[from] item: Leftovers
|upkeep
|turn|14
|
|t:|1759035031
|move|p1a: Great Tusk|Ice Spinner|p2a: Heatran
|-supereffective|p2a: Heatran
|-damage|p2a: Heatran|0 fnt
|faint|p2a: Heatran
|
|upkeep
|-message|sen zellsis forfeited.
|
|win|Megumin's Husband
|raw|Megumin&apos;s Husband's rating: 1510 &rarr; <strong>1536</strong><br />(+26 for winning)
|raw|sen zellsis's rating: 1616 &rarr; <strong>1590</strong><br />(-26 for losing)
|l|☆sen zellsis
|player|p2|
|j| frit
|l|☆Megumin's Husband
|player|p1|
|l| frit
