|j|☆lensch
|j|☆atworkrnnotimerpls
|t:|1758925092
|gametype|singles
|player|p1|lensch|102|1122
|player|p2|atworkrnnotimerpls|101|1108
|gen|9
|tier|[Gen 9] OU
|rated|
|rule|HP Percentage Mod: HP is shown in percentages
|rule|Endless Battle Clause: Forcing endless battles is banned
|rule|Species Clause: Limit one of each Pokémon
|rule|OHKO Clause: OHKO moves are banned
|rule|Evasion Items Clause: Evasion items are banned
|rule|Evasion Moves Clause: Evasion moves are banned
|rule|Evasion Abilities Clause: Evasion abilities are banned
|rule|Sleep Moves Clause: Sleep-inducing moves are banned
|clearpoke
|poke|p1|Scizor, F|
|poke|p1|Mandibuzz, F|
|poke|p1|Mamoswine, M|
|poke|p1|Gardevoir, F|
|poke|p1|Dragapult, M|
|poke|p1|Naclstack, F|
|poke|p2|Zamazenta-*|
|poke|p2|Dragonite, M|
|poke|p2|Corviknight, F|
|poke|p2|Fezandipiti, M|
|poke|p2|Meowscarada, F|
|poke|p2|Great Tusk|
|teampreview
|
|t:|1758925098
|teamsize|p1|6
|teamsize|p2|6
|start
|switch|p1a: Gardevoir|Gardevoir, F|100/100
|switch|p2a: Meowscarada|Meowscarada, F, shiny|100/100
|turn|1
|
|t:|1758925105
|move|p2a: Meowscarada|U-turn|p1a: Gardevoir
|-start|p2a: Meowscarada|typechange|Bug|[from] ability: Protean
|-damage|p1a: Gardevoir|62/100
|
|t:|1758925112
|switch|p2a: Fezandipiti|Fezandipiti, M|100/100|[from] U-turn
|move|p1a: Gardevoir|Trick|p2a: Fezandipiti
|-activate|p1a: Gardevoir|move: Trick|[of] p2a: Fezandipiti
|-item|p2a: Fezandipiti|Choice Scarf|[from] move: Trick
|-item|p1a: Gardevoir|Assault Vest|[from] move: Trick
|
|upkeep
|turn|2
|
|t:|1758925127
|move|p2a: Fezandipiti|U-turn|p1a: Gardevoir
|-damage|p1a: Gardevoir|43/100
|
|t:|1758925137
|switch|p2a: Meowscarada|Meowscarada, F, shiny|100/100|[from] U-turn
|move|p1a: Gardevoir|Future Sight|p2a: Meowscarada
|-start|p1a: Gardevoir|move: Future Sight
|
|upkeep
|turn|3
|
|t:|1758925147
|switch|p1a: Mandibuzz|Mandibuzz, F|100/100
|move|p2a: Meowscarada|U-turn|p1a: Mandibuzz
|-start|p2a: Meowscarada|typechange|Bug|[from] ability: Protean
|-damage|p1a: Mandibuzz|78/100
|-damage|p2a: Meowscarada|84/100|[from] item: Rocky Helmet|[of] p1a: Mandibuzz
|inactive|Battle timer is ON: inactive players will automatically lose when time's up. (requested by lensch)
|
|t:|1758925183
|switch|p2a: Fezandipiti|Fezandipiti, M|100/100|[from] U-turn
|
|upkeep
|turn|4
|
|t:|1758925201
|move|p2a: Fezandipiti|U-turn|p1a: Mandibuzz
|-damage|p1a: Mandibuzz|68/100
|-damage|p2a: Fezandipiti|84/100|[from] item: Rocky Helmet|[of] p1a: Mandibuzz
|
|t:|1758925205
|switch|p2a: Meowscarada|Meowscarada, F, shiny|84/100|[from] U-turn
|move|p1a: Mandibuzz|U-turn|p2a: Meowscarada
|-supereffective|p2a: Meowscarada
|-damage|p2a: Meowscarada|2/100
|
|t:|1758925214
|switch|p1a: Mamoswine|Mamoswine, M|100/100|[from] U-turn
|
|-end|p2a: Meowscarada|move: Future Sight
|-immune|p2a: Meowscarada
|upkeep
|turn|5
|
|t:|1758925241
|switch|p2a: Corviknight|Corviknight, F, shiny|100/100
|-ability|p2a: Corviknight|Pressure
|move|p1a: Mamoswine|Ice Shard|p2a: Corviknight
|-damage|p2a: Corviknight|88/100
|
|upkeep
|turn|6
|inactive|atworkrnnotimerpls has 120 seconds left.
|inactive|atworkrnnotimerpls has 90 seconds left.
|
|t:|1758925305
|switch|p1a: Mandibuzz|Mandibuzz, F|68/100
|move|p2a: Corviknight|Iron Defense|p2a: Corviknight
|-boost|p2a: Corviknight|def|2
|
|upkeep
|turn|7
|inactive|atworkrnnotimerpls has 60 seconds left.
|l|☆lensch
|inactive|lensch disconnected and has a minute to reconnect!
|player|p1|
|
|t:|1758925336
|move|p2a: Corviknight|Body Press|p1a: Mandibuzz
|-damage|p1a: Mandibuzz|39/100
|-damage|p2a: Corviknight|72/100|[from] item: Rocky Helmet|[of] p1a: Mandibuzz
|move|p1a: Mandibuzz|Whirlwind|p2a: Corviknight
|drag|p2a: Fezandipiti|Fezandipiti, M|84/100
|
|upkeep
|turn|8
|inactive|atworkrnnotimerpls has 60 seconds left.
|j|☆lensch
|inactive|lensch reconnected and has 145 seconds left.
|player|p1|lensch|102|
|
|t:|1758925361
|move|p2a: Fezandipiti|Play Rough|p1a: Mandibuzz
|-supereffective|p1a: Mandibuzz
|-damage|p1a: Mandibuzz|3/100
|-damage|p2a: Fezandipiti|67/100|[from] item: Rocky Helmet|[of] p1a: Mandibuzz
|-status|p1a: Mandibuzz|tox|[from] ability: Toxic Chain|[of] p2a: Fezandipiti
|move|p1a: Mandibuzz|Roost|p1a: Mandibuzz
|-heal|p1a: Mandibuzz|53/100 tox
|-singleturn|p1a: Mandibuzz|move: Roost
|
|-damage|p1a: Mandibuzz|47/100 tox|[from] psn
|upkeep
|turn|9
|
|t:|1758925384
|switch|p2a: Corviknight|Corviknight, F, shiny|72/100
|-ability|p2a: Corviknight|Pressure
|move|p1a: Mandibuzz|U-turn|p2a: Corviknight
|-resisted|p2a: Corviknight
|-damage|p2a: Corviknight|70/100
|-damage|p1a: Mandibuzz|31/100 tox|[from] item: Rocky Helmet|[of] p2a: Corviknight
|
|t:|1758925393
|switch|p1a: Gardevoir|Gardevoir, F|43/100|[from] U-turn
|
|upkeep
|turn|10
|
|t:|1758925399
|switch|p2a: Fezandipiti|Fezandipiti, M|67/100
|move|p1a: Gardevoir|Future Sight|p2a: Fezandipiti
|-start|p1a: Gardevoir|move: Future Sight
|
|upkeep
|turn|11
|
|t:|1758925416
|switch|p1a: Mandibuzz|Mandibuzz, F|31/100 tox
|move|p2a: Fezandipiti|Poison Jab|p1a: Mandibuzz
|-damage|p1a: Mandibuzz|16/100 tox
|-damage|p2a: Fezandipiti|51/100|[from] item: Rocky Helmet|[of] p1a: Mandibuzz
|
|-damage|p1a: Mandibuzz|10/100 tox|[from] psn
|upkeep
|turn|12
|
|t:|1758925431
|move|p2a: Fezandipiti|Poison Jab|p1a: Mandibuzz
|-damage|p1a: Mandibuzz|0 fnt
|-damage|p2a: Fezandipiti|34/100|[from] item: Rocky Helmet|[of] p1a: Mandibuzz
|faint|p1a: Mandibuzz
|
|-end|p2a: Fezandipiti|move: Future Sight
|-supereffective|p2a: Fezandipiti
|-damage|p2a: Fezandipiti|0 fnt
|faint|p2a: Fezandipiti
|upkeep
|inactive|atworkrnnotimerpls has 30 seconds left.
|
|t:|1758925443
|switch|p2a: Meowscarada|Meowscarada, F, shiny|2/100
|switch|p1a: Gardevoir|Gardevoir, F|43/100
|turn|13
|
|t:|1758925453
|move|p2a: Meowscarada|Knock Off|p1a: Gardevoir
|-start|p2a: Meowscarada|typechange|Dark|[from] ability: Protean
|-damage|p1a: Gardevoir|0 fnt
|-enditem|p1a: Gardevoir|Assault Vest|[from] move: Knock Off|[of] p2a: Meowscarada
|faint|p1a: Gardevoir
|
|upkeep
|
|t:|1758925461
|switch|p1a: Scizor|Scizor, F|100/100
|turn|14
|
|t:|1758925465
|switch|p2a: Corviknight|Corviknight, F, shiny|70/100
|-ability|p2a: Corviknight|Pressure
|move|p1a: Scizor|U-turn|p2a: Corviknight
|-resisted|p2a: Corviknight
|-damage|p2a: Corviknight|64/100
|-damage|p1a: Scizor|84/100|[from] item: Rocky Helmet|[of] p2a: Corviknight
|
|t:|1758925477
|switch|p1a: Naclstack|Naclstack, F|100/100|[from] U-turn
|
|upkeep
|turn|15
|inactive|atworkrnnotimerpls has 60 seconds left.
|
|t:|1758925484
|switch|p2a: Great Tusk|Great Tusk, shiny|100/100
|move|p1a: Naclstack|Salt Cure|p2a: Great Tusk
|-resisted|p2a: Great Tusk
|-damage|p2a: Great Tusk|99/100
|-start|p2a: Great Tusk|Salt Cure
|
|-damage|p2a: Great Tusk|87/100|[from] Salt Cure
|upkeep
|turn|16
|
|t:|1758925494
|move|p2a: Great Tusk|Stealth Rock|p1a: Naclstack
|-sidestart|p1: lensch|move: Stealth Rock
|move|p1a: Naclstack|Iron Defense|p1a: Naclstack
|-boost|p1a: Naclstack|def|2
|
|-damage|p2a: Great Tusk|74/100|[from] Salt Cure
|upkeep
|turn|17
|
|t:|1758925503
|move|p2a: Great Tusk|Earthquake|p1a: Naclstack
|-supereffective|p1a: Naclstack
|-damage|p1a: Naclstack|71/100
|move|p1a: Naclstack|Iron Defense|p1a: Naclstack
|-boost|p1a: Naclstack|def|2
|
|-damage|p2a: Great Tusk|62/100|[from] Salt Cure
|upkeep
|turn|18
|
|t:|1758925513
|move|p2a: Great Tusk|Earthquake|p1a: Naclstack
|-supereffective|p1a: Naclstack
|-damage|p1a: Naclstack|52/100
|move|p1a: Naclstack|Iron Defense|p1a: Naclstack
|-boost|p1a: Naclstack|def|2
|
|-damage|p2a: Great Tusk|50/100|[from] Salt Cure
|upkeep
|turn|19
|
|t:|1758925521
|move|p2a: Great Tusk|Earthquake|p1a: Naclstack
|-supereffective|p1a: Naclstack
|-damage|p1a: Naclstack|37/100
|move|p1a: Naclstack|Recover|p1a: Naclstack
|-heal|p1a: Naclstack|87/100
|
|-damage|p2a: Great Tusk|38/100|[from] Salt Cure
|upkeep
|turn|20
|
|t:|1758925531
|move|p2a: Great Tusk|Earthquake|p1a: Naclstack
|-supereffective|p1a: Naclstack
|-damage|p1a: Naclstack|71/100
|move|p1a: Naclstack|Body Press|p2a: Great Tusk
|-crit|p2a: Great Tusk
|-damage|p2a: Great Tusk|0 fnt
|faint|p2a: Great Tusk
|-end|p2a: Great Tusk|Protosynthesis|[silent]
|
|upkeep
|
|t:|1758925538
|switch|p2a: Meowscarada|Meowscarada, F, shiny|2/100
|turn|21
|
|t:|1758925542
|move|p2a: Meowscarada|Flower Trick|p1a: Naclstack
|-start|p2a: Meowscarada|typechange|Grass|[from] ability: Protean
|-supereffective|p1a: Naclstack
|-crit|p1a: Naclstack
|-damage|p1a: Naclstack|2/100
|move|p1a: Naclstack|Salt Cure|p2a: Meowscarada
|-damage|p2a: Meowscarada|0 fnt
|faint|p2a: Meowscarada
|
|upkeep
|inactive|atworkrnnotimerpls has 90 seconds left.
|
|t:|1758925567
|switch|p2a: Dragonite|Dragonite, M, shiny|100/100
|turn|22
|
|t:|1758925571
|move|p2a: Dragonite|Earthquake|p1a: Naclstack
|-supereffective|p1a: Naclstack
|-damage|p1a: Naclstack|0 fnt
|faint|p1a: Naclstack
|
|upkeep
|
|t:|1758925577
|switch|p1a: Mamoswine|Mamoswine, M|100/100
|-damage|p1a: Mamoswine|88/100|[from] Stealth Rock
|turn|23
|
|t:|1758925590
|switch|p2a: Corviknight|Corviknight, F, shiny|64/100
|-ability|p2a: Corviknight|Pressure
|move|p1a: Mamoswine|Stone Edge|p2a: Corviknight
|-damage|p2a: Corviknight|46/100
|
|upkeep
|turn|24
|
|t:|1758925601
|move|p1a: Mamoswine|Stone Edge|p2a: Corviknight
|-damage|p2a: Corviknight|25/100
|move|p2a: Corviknight|Roost|p2a: Corviknight
|-heal|p2a: Corviknight|75/100
|-singleturn|p2a: Corviknight|move: Roost
|
|upkeep
|turn|25
|
|t:|1758925617
|move|p1a: Mamoswine|Stone Edge|p2a: Corviknight
|-crit|p2a: Corviknight
|-damage|p2a: Corviknight|45/100
|move|p2a: Corviknight|Roost|p2a: Corviknight
|-heal|p2a: Corviknight|95/100
|-singleturn|p2a: Corviknight|move: Roost
|
|upkeep
|turn|26
|
|t:|1758925626
|move|p1a: Mamoswine|Stone Edge|p2a: Corviknight
|-damage|p2a: Corviknight|76/100
|move|p2a: Corviknight|Iron Defense|p2a: Corviknight
|-boost|p2a: Corviknight|def|2
|
|upkeep
|turn|27
|
|t:|1758925638
|-terastallize|p1a: Mamoswine|Fire
|move|p1a: Mamoswine|Tera Blast|p2a: Corviknight|[anim] Tera Blast Fire
|-supereffective|p2a: Corviknight
|-damage|p2a: Corviknight|53/100
|move|p2a: Corviknight|Iron Defense|p2a: Corviknight
|-boost|p2a: Corviknight|def|2
|
|upkeep
|turn|28
|inactive|atworkrnnotimerpls has 120 seconds left.
|
|t:|1758925648
|move|p1a: Mamoswine|Tera Blast|p2a: Corviknight|[anim] Tera Blast Fire
|-supereffective|p2a: Corviknight
|-damage|p2a: Corviknight|38/100
|move|p2a: Corviknight|Roost|p2a: Corviknight
|-heal|p2a: Corviknight|88/100
|-singleturn|p2a: Corviknight|move: Roost
|
|upkeep
|turn|29
|inactive|atworkrnnotimerpls has 120 seconds left.
|
|t:|1758925662
|switch|p1a: Dragapult|Dragapult, M|100/100
|-damage|p1a: Dragapult|88/100|[from] Stealth Rock
|move|p2a: Corviknight|Iron Defense|p2a: Corviknight
|-boost|p2a: Corviknight|def|2
|
|-heal|p1a: Dragapult|94/100|[from] item: Leftovers
|upkeep
|turn|30
|
|t:|1758925672
|move|p1a: Dragapult|Curse|p2a: Corviknight
|-start|p2a: Corviknight|Curse|[of] p1a: Dragapult
|-damage|p1a: Dragapult|44/100
|move|p2a: Corviknight|Power Trip|p1a: Dragapult
|-supereffective|p1a: Dragapult
|-damage|p1a: Dragapult|0 fnt
|faint|p1a: Dragapult
|
|-damage|p2a: Corviknight|63/100|[from] Curse
|upkeep
|
|t:|1758925690
|switch|p1a: Mamoswine|Mamoswine, M, tera:Fire|88/100
|-damage|p1a: Mamoswine|63/100|[from] Stealth Rock
|turn|31
|
|t:|1758925697
|move|p1a: Mamoswine|Tera Blast|p2a: Corviknight|[anim] Tera Blast Fire
|-supereffective|p2a: Corviknight
|-damage|p2a: Corviknight|52/100
|move|p2a: Corviknight|Body Press|p1a: Mamoswine
|-damage|p1a: Mamoswine|0 fnt
|faint|p1a: Mamoswine
|
|-damage|p2a: Corviknight|28/100|[from] Curse
|upkeep
|
|t:|1758925708
|switch|p1a: Scizor|Scizor, F|84/100
|turn|32
|
|t:|1758925713
|move|p2a: Corviknight|Body Press|p1a: Scizor
|-damage|p1a: Scizor|0 fnt
|faint|p1a: Scizor
|
|win|atworkrnnotimerpls
|raw|lensch's rating: 1122 &rarr; <strong>1096</strong><br />(-26 for losing)
|raw|atworkrnnotimerpls's rating: 1108 &rarr; <strong>1134</strong><br />(+26 for winning)
|l|☆lensch
|player|p1|
|c|☆atworkrnnotimerpls|gg
