|j|☆nicolandria12
|j|☆jietouxiaoyu
|t:|1759034533
|gametype|singles
|player|p1|nicolandria12|266|1511
|player|p2|jietouxiaoyu|265|1593
|gen|9
|tier|[Gen 9] OU
|rated|
|rule|HP Percentage Mod: HP is shown in percentages
|rule|Endless Battle Clause: Forcing endless battles is banned
|rule|Species Clause: Limit one of each Pokémon
|rule|OHKO Clause: OHKO moves are banned
|rule|Evasion Items Clause: Evasion items are banned
|rule|Evasion Moves Clause: Evasion moves are banned
|rule|Evasion Abilities Clause: Evasion abilities are banned
|rule|Sleep Moves Clause: Sleep-inducing moves are banned
|clearpoke
|poke|p1|Moltres|
|poke|p1|Ogerpon-Wellspring, F|
|poke|p1|Iron Treads|
|poke|p1|Slowking-Galar, M|
|poke|p1|Zamazenta-*|
|poke|p1|Clefable, M|
|poke|p2|Dragapult, M|
|poke|p2|Primarina, M|
|poke|p2|Great Tusk|
|poke|p2|Moltres|
|poke|p2|Ting-Lu|
|poke|p2|Raging Bolt|
|teampreview
|inactive|Battle timer is ON: inactive players will automatically lose when time's up. (requested by nicolandria12)
|
|t:|1759034548
|teamsize|p1|6
|teamsize|p2|6
|start
|switch|p1a: Slowking|Slowking-Galar, M|100/100
|switch|p2a: 多龙巴鲁托|Dragapult, M|100/100
|turn|1
|
|t:|1759034558
|switch|p1a: Clefable|Clefable, M|100/100
|-terastallize|p2a: 多龙巴鲁托|Ghost
|move|p2a: 多龙巴鲁托|Tera Blast|p1a: Clefable|[anim] Tera Blast Ghost
|-damage|p1a: Clefable|9/100
|
|upkeep
|turn|2
|j| IM AT MY LIMIT!
|-enditem|p1a: Clefable|Custap Berry|[eat]
|-activate|p1a: Clefable|item: Custap Berry|[consumed]
|
|t:|1759034570
|move|p1a: Clefable|Thunder Wave|p2a: 多龙巴鲁托
|-status|p2a: 多龙巴鲁托|par
|move|p2a: 多龙巴鲁托|Tera Blast|p1a: Clefable|[anim] Tera Blast Ghost
|-damage|p1a: Clefable|0 fnt
|faint|p1a: Clefable
|
|upkeep
|
|t:|1759034585
|switch|p1a: Ogerpon|Ogerpon-Wellspring, F|100/100
|turn|3
|
|t:|1759034589
|switch|p2a: Raging Bolt|Raging Bolt|100/100
|-enditem|p2a: Raging Bolt|Booster Energy
|-activate|p2a: Raging Bolt|ability: Protosynthesis|[fromitem]
|-start|p2a: Raging Bolt|protosynthesisspa
|move|p1a: Ogerpon|Knock Off|p2a: Raging Bolt
|-damage|p2a: Raging Bolt|78/100
|
|upkeep
|turn|4
|
|t:|1759034598
|switch|p1a: Iron Treads|Iron Treads|100/100
|move|p2a: Raging Bolt|Dragon Pulse|p1a: Iron Treads
|-resisted|p1a: Iron Treads
|-damage|p1a: Iron Treads|66/100
|
|upkeep
|turn|5
|
|t:|1759034611
|-end|p2a: Raging Bolt|Protosynthesis|[silent]
|switch|p2a: Moltres|Moltres|100/100
|move|p1a: Iron Treads|Earthquake|p2a: Moltres
|-immune|p2a: Moltres
|
|upkeep
|turn|6
|
|t:|1759034625
|-end|p1a: Iron Treads|Quark Drive|[silent]
|switch|p1a: Slowking|Slowking-Galar, M|100/100
|move|p2a: Moltres|U-turn|p1a: Slowking
|-damage|p1a: Slowking|86/100
|
|t:|1759034632
|switch|p2a: 多龙巴鲁托|Dragapult, M, tera:Ghost|100/100 par|[from] U-turn
|
|-heal|p1a: Slowking|92/100|[from] item: Leftovers
|upkeep
|turn|7
|
|t:|1759034659
|-terastallize|p1a: Slowking|Fairy
|move|p2a: 多龙巴鲁托|Tera Blast|p1a: Slowking|[anim] Tera Blast Ghost
|-damage|p1a: Slowking|1/100
|move|p1a: Slowking|Psychic Noise|p2a: 多龙巴鲁托
|-damage|p2a: 多龙巴鲁托|61/100 par
|-start|p2a: 多龙巴鲁托|move: Heal Block
|
|-heal|p1a: Slowking|7/100|[from] item: Leftovers
|upkeep
|turn|8
|inactive|nicolandria12 has 120 seconds left.
|
|t:|1759034674
|switch|p1a: Zamazenta|Zamazenta|100/100
|-ability|p1a: Zamazenta|Dauntless Shield|boost
|-boost|p1a: Zamazenta|def|1
|move|p2a: 多龙巴鲁托|Tera Blast|p1a: Zamazenta|[anim] Tera Blast Ghost
|-damage|p1a: Zamazenta|56/100
|
|-heal|p1a: Zamazenta|62/100|[from] item: Leftovers
|-end|p2a: 多龙巴鲁托|move: Heal Block
|upkeep
|turn|9
|inactive|nicolandria12 has 120 seconds left.
|
|t:|1759034686
|switch|p2a: Moltres|Moltres|100/100
|move|p1a: Zamazenta|Crunch|p2a: Moltres
|-damage|p2a: Moltres|86/100
|
|-heal|p1a: Zamazenta|69/100|[from] item: Leftovers
|upkeep
|turn|10
|
|t:|1759034696
|switch|p1a: Moltres|Moltres|100/100
|move|p2a: Moltres|U-turn|p1a: Moltres
|-resisted|p1a: Moltres
|-damage|p1a: Moltres|98/100
|
|t:|1759034701
|switch|p2a: Raging Bolt|Raging Bolt|78/100|[from] U-turn
|
|upkeep
|turn|11
|
|t:|1759034708
|switch|p1a: Iron Treads|Iron Treads|66/100
|move|p2a: Raging Bolt|Thunderbolt|p1a: Iron Treads
|-immune|p1a: Iron Treads
|
|upkeep
|turn|12
|
|t:|1759034717
|-end|p2a: Raging Bolt|Protosynthesis|[silent]
|switch|p2a: Great Tusk|Great Tusk|100/100
|move|p1a: Iron Treads|Earthquake|p2a: Great Tusk
|-damage|p2a: Great Tusk|64/100
|
|upkeep
|turn|13
|
|t:|1759034724
|-end|p1a: Iron Treads|Quark Drive|[silent]
|switch|p1a: Moltres|Moltres|98/100
|move|p2a: Great Tusk|Knock Off|p1a: Moltres
|-damage|p1a: Moltres|75/100
|-status|p2a: Great Tusk|brn|[from] ability: Flame Body|[of] p1a: Moltres
|-enditem|p1a: Moltres|Heavy-Duty Boots|[from] move: Knock Off|[of] p2a: Great Tusk
|
|-damage|p2a: Great Tusk|58/100 brn|[from] brn
|upkeep
|turn|14
|
|t:|1759034735
|-end|p2a: Great Tusk|Protosynthesis|[silent]
|switch|p2a: Ting-Lu|Ting-Lu|100/100
|-ability|p2a: Ting-Lu|Vessel of Ruin
|move|p1a: Moltres|Roost|p1a: Moltres
|-heal|p1a: Moltres|100/100
|-singleturn|p1a: Moltres|move: Roost
|
|upkeep
|turn|15
|
|t:|1759034746
|switch|p1a: Slowking|Slowking-Galar, M, tera:Fairy|40/100
|move|p2a: Ting-Lu|Stealth Rock|p1a: Slowking
|-sidestart|p1: nicolandria12|move: Stealth Rock
|
|-heal|p1a: Slowking|46/100|[from] item: Leftovers
|upkeep
|turn|16
|
|t:|1759034756
|move|p2a: Ting-Lu|Spikes|p1a: Slowking
|-sidestart|p1: nicolandria12|Spikes
|move|p1a: Slowking|Toxic|p2a: Ting-Lu
|-status|p2a: Ting-Lu|tox
|
|-heal|p1a: Slowking|53/100|[from] item: Leftovers
|-damage|p2a: Ting-Lu|94/100 tox|[from] psn
|upkeep
|turn|17
|
|t:|1759034775
|switch|p1a: Ogerpon|Ogerpon-Wellspring, F|100/100
|-damage|p1a: Ogerpon|88/100|[from] Stealth Rock
|-damage|p1a: Ogerpon|76/100|[from] Spikes
|move|p2a: Ting-Lu|Spikes|p1a: Ogerpon
|-sidestart|p1: nicolandria12|Spikes
|
|-heal|p2a: Ting-Lu|100/100 tox|[from] item: Leftovers
|-damage|p2a: Ting-Lu|88/100 tox|[from] psn
|upkeep
|turn|18
|
|t:|1759034786
|switch|p2a: Raging Bolt|Raging Bolt|78/100
|move|p1a: Ogerpon|Swords Dance|p1a: Ogerpon
|-boost|p1a: Ogerpon|atk|2
|
|upkeep
|turn|19
|
|t:|1759034806
|move|p2a: Raging Bolt|Thunderclap|p1a: Ogerpon
|-damage|p1a: Ogerpon|27/100
|move|p1a: Ogerpon|Ivy Cudgel|p2a: Raging Bolt|[anim] Ivy Cudgel Water
|-resisted|p2a: Raging Bolt
|-crit|p2a: Raging Bolt
|-damage|p2a: Raging Bolt|8/100
|
|upkeep
|turn|20
|
|t:|1759034820
|switch|p1a: Iron Treads|Iron Treads|66/100
|-damage|p1a: Iron Treads|62/100|[from] Stealth Rock
|-damage|p1a: Iron Treads|46/100|[from] Spikes
|move|p2a: Raging Bolt|Thunderclap||[still]
|-fail|p2a: Raging Bolt
|
|upkeep
|turn|21
|
|t:|1759034829
|-end|p2a: Raging Bolt|Protosynthesis|[silent]
|switch|p2a: 多龙巴鲁托|Dragapult, M, tera:Ghost|61/100 par
|move|p1a: Iron Treads|Earthquake|p2a: 多龙巴鲁托
|-damage|p2a: 多龙巴鲁托|1/100 par
|
|upkeep
|turn|22
|
|t:|1759034840
|move|p1a: Iron Treads|Earthquake|p2a: 多龙巴鲁托
|-damage|p2a: 多龙巴鲁托|0 fnt
|faint|p2a: 多龙巴鲁托
|
|upkeep
|
|t:|1759034856
|switch|p2a: Primarina|Primarina, M|100/100
|turn|23
|
|t:|1759034874
|move|p1a: Iron Treads|Rapid Spin|p2a: Primarina
|-damage|p2a: Primarina|83/100
|-boost|p1a: Iron Treads|spe|1
|-sideend|p1: nicolandria12|Spikes|[from] move: Rapid Spin|[of] p1a: Iron Treads
|-sideend|p1: nicolandria12|Stealth Rock|[from] move: Rapid Spin|[of] p1a: Iron Treads
|move|p2a: Primarina|Psychic Noise|p1a: Iron Treads
|-resisted|p1a: Iron Treads
|-damage|p1a: Iron Treads|31/100
|-start|p1a: Iron Treads|move: Heal Block
|
|upkeep
|turn|24
|
|t:|1759034886
|-end|p1a: Iron Treads|Quark Drive|[silent]
|switch|p1a: Slowking|Slowking-Galar, M, tera:Fairy|86/100
|move|p2a: Primarina|Moonblast|p1a: Slowking
|-damage|p1a: Slowking|57/100
|
|-heal|p1a: Slowking|63/100|[from] item: Leftovers
|upkeep
|turn|25
|
|t:|1759034895
|move|p2a: Primarina|Moonblast|p1a: Slowking
|-damage|p1a: Slowking|32/100
|move|p1a: Slowking|Toxic|p2a: Primarina
|-status|p2a: Primarina|tox
|
|-heal|p1a: Slowking|38/100|[from] item: Leftovers
|-damage|p2a: Primarina|77/100 tox|[from] psn
|upkeep
|turn|26
|-message|jietouxiaoyu forfeited.
|
|win|nicolandria12
|raw|nicolandria12's rating: 1490 &rarr; <strong>1516</strong><br />(+26 for winning)
|raw|jietouxiaoyu's rating: 1593 &rarr; <strong>1567</strong><br />(-26 for losing)
|l|☆jietouxiaoyu
|player|p2|
|l|☆nicolandria12
|player|p1|
|l| IM AT MY LIMIT!
