|j|☆dawnmidst
|j|☆Rixx wow
|t:|1759032802
|gametype|singles
|player|p1|dawnmidst|spenser|1557
|player|p2|Rixx wow|lucas|1616
|gen|9
|tier|[Gen 9] OU
|rated|
|rule|HP Percentage Mod: HP is shown in percentages
|rule|Endless Battle Clause: Forcing endless battles is banned
|rule|Species Clause: Limit one of each Pokémon
|rule|OHKO Clause: OHKO moves are banned
|rule|Evasion Items Clause: Evasion items are banned
|rule|Evasion Moves Clause: Evasion moves are banned
|rule|Evasion Abilities Clause: Evasion abilities are banned
|rule|Sleep Moves Clause: Sleep-inducing moves are banned
|clearpoke
|poke|p1|Darkrai|
|poke|p1|Hatterene, F|
|poke|p1|Pecharunt|
|poke|p1|Iron Treads|
|poke|p1|Dragonite, F|
|poke|p1|Zamazenta-*|
|poke|p2|Gholdengo|
|poke|p2|Skarmory, M|
|poke|p2|Ting-Lu|
|poke|p2|Ogerpon-Wellspring, F|
|poke|p2|Dragapult, F|
|poke|p2|Iron Treads|
|teampreview
|inactive|Battle timer is ON: inactive players will automatically lose when time's up. (requested by Rixx wow)
|
|t:|1759032820
|teamsize|p1|6
|teamsize|p2|6
|start
|switch|p1a: Darkrai|Darkrai|100/100
|switch|p2a: Dragapult|Dragapult, F|100/100
|turn|1
|
|t:|1759032837
|switch|p2a: Iron Treads|Iron Treads|100/100
|move|p1a: Darkrai|Dark Pulse|p2a: Iron Treads
|-damage|p2a: Iron Treads|72/100
|
|upkeep
|turn|2
|
|t:|1759032846
|move|p1a: Darkrai|Focus Blast|p2a: Iron Treads
|-supereffective|p2a: Iron Treads
|-damage|p2a: Iron Treads|16/100
|-unboost|p2a: Iron Treads|spd|1
|move|p2a: Iron Treads|Knock Off|p1a: Darkrai
|-resisted|p1a: Darkrai
|-damage|p1a: Darkrai|81/100
|-enditem|p1a: Darkrai|Leftovers|[from] move: Knock Off|[of] p2a: Iron Treads
|
|upkeep
|turn|3
|
|t:|1759032853
|-end|p2a: Iron Treads|Quark Drive|[silent]
|switch|p2a: Ting-Lu|Ting-Lu|100/100
|-ability|p2a: Ting-Lu|Vessel of Ruin
|move|p1a: Darkrai|Dark Pulse|p2a: Ting-Lu
|-resisted|p2a: Ting-Lu
|-damage|p2a: Ting-Lu|91/100
|
|-heal|p2a: Ting-Lu|97/100|[from] item: Leftovers
|upkeep
|turn|4
|
|t:|1759032859
|switch|p1a: Hatterene|Hatterene, F|100/100
|move|p2a: Ting-Lu|Stealth Rock|p1a: Hatterene
|move|p1a: Hatterene|Stealth Rock|p2a: Ting-Lu|[from] ability: Magic Bounce
|-sidestart|p2: Rixx wow|move: Stealth Rock
|
|-heal|p2a: Ting-Lu|100/100|[from] item: Leftovers
|upkeep
|turn|5
|
|t:|1759032867
|move|p1a: Hatterene|Nuzzle|p2a: Ting-Lu
|-immune|p2a: Ting-Lu
|move|p2a: Ting-Lu|Ruination|p1a: Hatterene
|-damage|p1a: Hatterene|51/100
|
|upkeep
|turn|6
|
|t:|1759032871
|switch|p2a: Iron Treads|Iron Treads|16/100
|-damage|p2a: Iron Treads|13/100|[from] Stealth Rock
|move|p1a: Hatterene|Pain Split|p2a: Iron Treads
|-sethp|p2a: Iron Treads|27/100|[from] move: Pain Split|[silent]
|-sethp|p1a: Hatterene|33/100|[from] move: Pain Split
|
|upkeep
|turn|7
|
|t:|1759032880
|switch|p1a: Darkrai|Darkrai|81/100
|move|p2a: Iron Treads|Rapid Spin|p1a: Darkrai
|-damage|p1a: Darkrai|63/100
|-boost|p2a: Iron Treads|spe|1
|-sideend|p2: Rixx wow|Stealth Rock|[from] move: Rapid Spin|[of] p2a: Iron Treads
|
|upkeep
|turn|8
|
|t:|1759032885
|move|p2a: Iron Treads|Earthquake|p1a: Darkrai
|-damage|p1a: Darkrai|9/100
|move|p1a: Darkrai|Dark Pulse|p2a: Iron Treads
|-damage|p2a: Iron Treads|0 fnt
|faint|p2a: Iron Treads
|-end|p2a: Iron Treads|Quark Drive|[silent]
|
|upkeep
|
|t:|1759032891
|switch|p2a: Dragapult|Dragapult, F|100/100
|turn|9
|
|t:|1759032897
|switch|p1a: Iron Treads|Iron Treads|100/100
|move|p2a: Dragapult|Shadow Ball|p1a: Iron Treads
|-damage|p1a: Iron Treads|56/100
|
|-heal|p1a: Iron Treads|62/100|[from] item: Leftovers
|upkeep
|turn|10
|
|t:|1759032903
|move|p2a: Dragapult|Shadow Ball|p1a: Iron Treads
|-damage|p1a: Iron Treads|19/100
|move|p1a: Iron Treads|Knock Off|p2a: Dragapult
|-supereffective|p2a: Dragapult
|-damage|p2a: Dragapult|36/100
|-enditem|p2a: Dragapult|Choice Specs|[from] move: Knock Off|[of] p1a: Iron Treads
|
|-heal|p1a: Iron Treads|25/100|[from] item: Leftovers
|upkeep
|turn|11
|
|t:|1759032912
|-end|p1a: Iron Treads|Quark Drive|[silent]
|switch|p1a: Hatterene|Hatterene, F|33/100
|move|p2a: Dragapult|Shadow Ball|p1a: Hatterene
|-supereffective|p1a: Hatterene
|-damage|p1a: Hatterene|0 fnt
|faint|p1a: Hatterene
|
|upkeep
|
|t:|1759032919
|switch|p1a: Zamazenta|Zamazenta|100/100
|-ability|p1a: Zamazenta|Dauntless Shield|boost
|-boost|p1a: Zamazenta|def|1
|turn|12
|
|t:|1759032924
|move|p2a: Dragapult|Will-O-Wisp|p1a: Zamazenta
|-status|p1a: Zamazenta|brn
|move|p1a: Zamazenta|Crunch|p2a: Dragapult
|-supereffective|p2a: Dragapult
|-damage|p2a: Dragapult|5/100
|
|-damage|p1a: Zamazenta|94/100 brn|[from] brn
|upkeep
|turn|13
|
|t:|1759032929
|move|p2a: Dragapult|U-turn|p1a: Zamazenta
|-resisted|p1a: Zamazenta
|-damage|p1a: Zamazenta|89/100 brn
|
|t:|1759032931
|switch|p2a: Skarmory|Skarmory, M, shiny|100/100|[from] U-turn
|move|p1a: Zamazenta|Crunch|p2a: Skarmory
|-damage|p2a: Skarmory|94/100
|-unboost|p2a: Skarmory|def|1
|-damage|p1a: Zamazenta|73/100 brn|[from] item: Rocky Helmet|[of] p2a: Skarmory
|
|-heal|p1a: Zamazenta|79/100 brn|[from] item: Leftovers
|-damage|p1a: Zamazenta|73/100 brn|[from] brn
|upkeep
|turn|14
|
|t:|1759032939
|switch|p1a: Pecharunt|Pecharunt|100/100
|move|p2a: Skarmory|Spikes|p1a: Pecharunt
|-sidestart|p1: dawnmidst|Spikes
|
|upkeep
|turn|15
|inactive|Rixx wow has 120 seconds left.
|inactive|Rixx wow has 90 seconds left.
|inactive|Rixx wow has 60 seconds left.
|inactive|Rixx wow has 30 seconds left.
|inactive|Rixx wow has 20 seconds left.
|inactive|Rixx wow has 15 seconds left.
|inactive|Rixx wow has 10 seconds left.
|inactive|Rixx wow has 5 seconds left.
|-message|Rixx wow lost due to inactivity.
|
|win|dawnmidst
|raw|dawnmidst's rating: 1557 &rarr; <strong>1580</strong><br />(+23 for winning)
|raw|Rixx wow's rating: 1616 &rarr; <strong>1593</strong><br />(-23 for losing)
|l|☆dawnmidst
|player|p1|
|l|☆Rixx wow
|player|p2|
