|j|☆Sacha77500
|j|‽Squido771
|t:|1759008286
|gametype|singles
|player|p1|Sacha77500|zinnia|
|player|p2|Squido771|hilda|
|gen|9
|tier|[Gen 9] OU
|rule|HP Percentage Mod: HP is shown in percentages
|rule|Endless Battle Clause: Forcing endless battles is banned
|rule|Species Clause: Limit one of each Pokémon
|rule|OHKO Clause: OHKO moves are banned
|rule|Evasion Items Clause: Evasion items are banned
|rule|Evasion Moves Clause: Evasion moves are banned
|rule|Evasion Abilities Clause: Evasion abilities are banned
|rule|Sleep Moves Clause: Sleep-inducing moves are banned
|clearpoke
|poke|p1|Iron Crown|
|poke|p1|Samurott-Hisui, M|
|poke|p1|Zapdos|
|poke|p1|Dragapult, F|
|poke|p1|Great Tusk|
|poke|p1|Iron Boulder|
|poke|p2|Cinderace, M|
|poke|p2|Darkrai|
|poke|p2|Landorus-Therian, M|
|poke|p2|Zamazenta-*|
|poke|p2|Pecharunt|
|poke|p2|Primarina, M|
|teampreview
|inactive|Battle timer is ON: inactive players will automatically lose when time's up. (requested by Sacha77500)
|c|☆Sacha77500|good boy
|
|t:|1759008311
|teamsize|p1|6
|teamsize|p2|6
|start
|switch|p1a: Flying hooligan|Zapdos|100/100
|switch|p2a: Darkrai|Darkrai|100/100
|turn|1
|
|t:|1759008335
|move|p2a: Darkrai|Dark Pulse|p1a: Flying hooligan
|-damage|p1a: Flying hooligan|62/100
|cant|p1a: Flying hooligan|flinch
|
|upkeep
|turn|2
|c|☆Sacha77500|and the hax is already playing
|
|t:|1759008347
|move|p2a: Darkrai|Ice Beam|p1a: Flying hooligan
|-supereffective|p1a: Flying hooligan
|-damage|p1a: Flying hooligan|0 fnt
|faint|p1a: Flying hooligan
|
|upkeep
|c|☆Sacha77500|you're ought to become a great Showdown player
|
|t:|1759008359
|switch|p1a: Indian soldier|Great Tusk|100/100
|turn|3
|
|t:|1759008382
|switch|p2a: Primarina|Primarina, M|100/100
|move|p1a: Indian soldier|Stealth Rock|p2a: Primarina
|-sidestart|p2: Squido771|move: Stealth Rock
|
|upkeep
|turn|4
|
|t:|1759008397
|-end|p1a: Indian soldier|Protosynthesis|[silent]
|switch|p1a: XBOX LIVE|Iron Crown|100/100
|move|p2a: Primarina|Surf|p1a: XBOX LIVE
|-damage|p1a: XBOX LIVE|50/100
|
|upkeep
|turn|5
|inactive|Squido771 has 270 seconds left.
|
|t:|1759008419
|move|p1a: XBOX LIVE|Volt Switch|p2a: Primarina
|-supereffective|p2a: Primarina
|-damage|p2a: Primarina|33/100
|
|t:|1759008425
|-end|p1a: XBOX LIVE|Quark Drive|[silent]
|switch|p1a: Fucking parasite|Dragapult, F|100/100|[from] Volt Switch
|move|p2a: Primarina|Moonblast|p1a: Fucking parasite
|-supereffective|p1a: Fucking parasite
|-damage|p1a: Fucking parasite|0 fnt
|faint|p1a: Fucking parasite
|
|upkeep
|
|t:|1759008447
|switch|p1a: XBOX LIVE|Iron Crown|50/100
|turn|6
|
|t:|1759008455
|move|p1a: XBOX LIVE|Volt Switch|p2a: Primarina
|-supereffective|p2a: Primarina
|-damage|p2a: Primarina|0 fnt
|faint|p2a: Primarina
|inactive|Sacha77500 has 270 seconds left.
|inactive|Sacha77500 has 240 seconds left.
|
|t:|1759008511
|-end|p1a: XBOX LIVE|Quark Drive|[silent]
|switch|p1a: B-box bass|Samurott-Hisui, M|100/100|[from] Volt Switch
|
|upkeep
|inactive|Squido771 has 270 seconds left.
|
|t:|1759008539
|switch|p2a: Zamazenta|Zamazenta|100/100
|-ability|p2a: Zamazenta|Dauntless Shield|boost
|-boost|p2a: Zamazenta|def|1
|turn|7
|
|t:|1759008551
|-terastallize|p1a: B-box bass|Poison
|-terastallize|p2a: Zamazenta|Steel
|move|p1a: B-box bass|Razor Shell|p2a: Zamazenta
|-damage|p2a: Zamazenta|69/100
|move|p2a: Zamazenta|Heavy Slam|p1a: B-box bass
|-damage|p1a: B-box bass|48/100
|
|upkeep
|turn|8
|inactive|Squido771 has 270 seconds left.
|
|t:|1759008570
|switch|p1a: XBOX LIVE|Iron Crown|50/100
|move|p2a: Zamazenta|Heavy Slam|p1a: XBOX LIVE
|-resisted|p1a: XBOX LIVE
|-damage|p1a: XBOX LIVE|39/100
|
|upkeep
|turn|9
|inactive|Squido771 has 270 seconds left.
|
|t:|1759008581
|move|p2a: Zamazenta|Stone Edge|p1a: XBOX LIVE
|-resisted|p1a: XBOX LIVE
|-damage|p1a: XBOX LIVE|22/100
|move|p1a: XBOX LIVE|Focus Blast|p2a: Zamazenta
|-supereffective|p2a: Zamazenta
|-damage|p2a: Zamazenta|0 fnt
|faint|p2a: Zamazenta
|
|upkeep
|inactive|Squido771 has 270 seconds left.
|
|t:|1759008595
|switch|p2a: Darkrai|Darkrai|100/100
|turn|10
|inactive|Squido771 has 270 seconds left.
|
|t:|1759008610
|move|p2a: Darkrai|Focus Blast|p1a: XBOX LIVE
|-damage|p1a: XBOX LIVE|0 fnt
|faint|p1a: XBOX LIVE
|-end|p1a: XBOX LIVE|Quark Drive|[silent]
|
|upkeep
|
|t:|1759008613
|switch|p1a: Indian soldier|Great Tusk|100/100
|turn|11
|inactive|Squido771 has 270 seconds left.
|
|t:|1759008635
|move|p2a: Darkrai|Ice Beam|p1a: Indian soldier
|-supereffective|p1a: Indian soldier
|-damage|p1a: Indian soldier|5/100
|move|p1a: Indian soldier|Headlong Rush|p2a: Darkrai
|-damage|p2a: Darkrai|10/100
|-unboost|p1a: Indian soldier|def|1
|-unboost|p1a: Indian soldier|spd|1
|
|upkeep
|turn|12
|inactive|Sacha77500 has 270 seconds left.
|
|t:|1759008644
|-end|p1a: Indian soldier|Protosynthesis|[silent]
|switch|p1a: B-box bass|Samurott-Hisui, M, tera:Poison|48/100
|move|p2a: Darkrai|Ice Beam|p1a: B-box bass
|-damage|p1a: B-box bass|0 fnt
|faint|p1a: B-box bass
|
|upkeep
|inactive|Sacha77500 has 270 seconds left.
|
|t:|1759008652
|switch|p1a: Indian soldier|Great Tusk|5/100
|turn|13
|
|t:|1759008656
|move|p2a: Darkrai|Ice Beam|p1a: Indian soldier
|-supereffective|p1a: Indian soldier
|-damage|p1a: Indian soldier|0 fnt
|faint|p1a: Indian soldier
|-end|p1a: Indian soldier|Protosynthesis|[silent]
|
|upkeep
|
|t:|1759008662
|switch|p1a: DJ boulder|Iron Boulder|100/100
|-enditem|p1a: DJ boulder|Booster Energy
|-activate|p1a: DJ boulder|ability: Quark Drive|[fromitem]
|-start|p1a: DJ boulder|quarkdrivespe
|turn|14
|
|t:|1759008684
|switch|p2a: Landorus|Landorus-Therian, M|100/100
|-damage|p2a: Landorus|88/100|[from] Stealth Rock
|-ability|p2a: Landorus|Intimidate|boost
|-unboost|p1a: DJ boulder|atk|1
|move|p1a: DJ boulder|Mighty Cleave|p2a: Landorus
|-damage|p2a: Landorus|51/100
|
|upkeep
|turn|15
|inactive|Squido771 has 270 seconds left.
|
|t:|1759008703
|move|p1a: DJ boulder|Swords Dance|p1a: DJ boulder
|-boost|p1a: DJ boulder|atk|2
|move|p2a: Landorus|U-turn|p1a: DJ boulder
|-supereffective|p1a: DJ boulder
|-damage|p1a: DJ boulder|34/100
|inactive|Squido771 has 270 seconds left.
|
|t:|1759008711
|switch|p2a: Pecharunt|Pecharunt|100/100|[from] U-turn
|
|upkeep
|turn|16
|inactive|Squido771 has 270 seconds left.
|
|t:|1759008735
|move|p1a: DJ boulder|Zen Headbutt|p2a: Pecharunt
|-supereffective|p2a: Pecharunt
|-damage|p2a: Pecharunt|29/100
|move|p2a: Pecharunt|Parting Shot|p1a: DJ boulder
|-unboost|p1a: DJ boulder|atk|1
|-unboost|p1a: DJ boulder|spa|1
|
|t:|1759008745
|switch|p2a: Cinderace|Cinderace, M|100/100|[from] Parting Shot
|
|upkeep
|turn|17
|
|t:|1759008753
|move|p1a: DJ boulder|Mighty Cleave|p2a: Cinderace
|-supereffective|p2a: Cinderace
|-damage|p2a: Cinderace|0 fnt
|faint|p2a: Cinderace
|
|upkeep
|
|t:|1759008765
|switch|p2a: Pecharunt|Pecharunt|29/100
|turn|18
|
|t:|1759008789
|move|p1a: DJ boulder|Swords Dance|p1a: DJ boulder
|-boost|p1a: DJ boulder|atk|2
|move|p2a: Pecharunt|Malignant Chain|p1a: DJ boulder
|-resisted|p1a: DJ boulder
|-damage|p1a: DJ boulder|20/100
|
|upkeep
|turn|19
|
|t:|1759008798
|move|p1a: DJ boulder|Mighty Cleave|p2a: Pecharunt
|-damage|p2a: Pecharunt|0 fnt
|faint|p2a: Pecharunt
|
|upkeep
|
|t:|1759008806
|switch|p2a: Landorus|Landorus-Therian, M|51/100
|-damage|p2a: Landorus|39/100|[from] Stealth Rock
|-ability|p2a: Landorus|Intimidate|boost
|-unboost|p1a: DJ boulder|atk|1
|turn|20
|
|t:|1759008818
|move|p1a: DJ boulder|Mighty Cleave|p2a: Landorus
|-damage|p2a: Landorus|0 fnt
|faint|p2a: Landorus
|
|upkeep
|
|t:|1759008824
|switch|p2a: Darkrai|Darkrai|10/100
|turn|21
|inactive|Squido771 has 240 seconds left.
|
|t:|1759008848
|move|p1a: DJ boulder|Mighty Cleave|p2a: Darkrai
|-damage|p2a: Darkrai|0 fnt
|faint|p2a: Darkrai
|
|win|Sacha77500
