|badge|p1|bronze|gen9ou|100-6
|html|<div class="broadcast-red"><strong>This battle is required to be public due to one or more player having a season medal.</strong><br />During the public phase, you can discuss the state of the ladder <a href="/seasondiscussion">in a special chatroom.</a></div>
|uhtml|medal-msg|<div class="broadcast-blue">Curious what those medals under the avatar are? PS now has Ladder Seasons! For more information, check out the <a href="https://www.smogon.com/forums/threads/3740067/">thread on Smogon.</a></div>
|j|☆DontMissMantine
|j|☆Light SV
|t:|1758975245
|gametype|singles
|player|p1|DontMissMantine|lucas|1883
|player|p2|Light SV|ethan|1793
|gen|9
|tier|[Gen 9] OU
|rated|
|rule|HP Percentage Mod: HP is shown in percentages
|rule|Endless Battle Clause: Forcing endless battles is banned
|rule|Species Clause: Limit one of each Pokémon
|rule|OHKO Clause: OHKO moves are banned
|rule|Evasion Items Clause: Evasion items are banned
|rule|Evasion Moves Clause: Evasion moves are banned
|rule|Evasion Abilities Clause: Evasion abilities are banned
|rule|Sleep Moves Clause: Sleep-inducing moves are banned
|clearpoke
|poke|p1|Pelipper, M|
|poke|p1|Beartic, F|
|poke|p1|Barraskewda, F|
|poke|p1|Ogerpon-Wellspring, F|
|poke|p1|Zapdos|
|poke|p1|Hatterene, F|
|poke|p2|Dragonite, F|
|poke|p2|Zamazenta-*|
|poke|p2|Landorus-Therian, M|
|poke|p2|Gholdengo|
|poke|p2|Darkrai|
|poke|p2|Hatterene, F|
|teampreview
|inactive|Battle timer is ON: inactive players will automatically lose when time's up. (requested by DontMissMantine)
|j| Dionysos
|l| Dionysos
|j| dsvdv
|inactive|Light SV has 120 seconds left.
|
|t:|1758975282
|teamsize|p1|6
|teamsize|p2|6
|start
|switch|p1a: Pelipper|Pelipper, M|100/100
|switch|p2a: Gholdengo|Gholdengo|100/100
|-weather|RainDance|[from] ability: Drizzle|[of] p1a: Pelipper
|turn|1
|
|t:|1758975289
|switch|p1a: Zapdos|Zapdos|100/100
|move|p2a: Gholdengo|Nasty Plot|p2a: Gholdengo
|-boost|p2a: Gholdengo|spa|2
|
|-weather|RainDance|[upkeep]
|upkeep
|turn|2
|
|t:|1758975296
|move|p1a: Zapdos|Thunder|p2a: Gholdengo
|-damage|p2a: Gholdengo|39/100
|-status|p2a: Gholdengo|par
|move|p2a: Gholdengo|Thunderbolt|p1a: Zapdos
|-crit|p1a: Zapdos
|-damage|p1a: Zapdos|22/100
|
|-weather|RainDance|[upkeep]
|upkeep
|turn|3
|j| locked in bro
|j| amefurikoneko
|
|t:|1758975306
|move|p1a: Zapdos|Weather Ball|p2a: Gholdengo
|-damage|p2a: Gholdengo|0 fnt
|faint|p2a: Gholdengo
|
|-weather|RainDance|[upkeep]
|upkeep
|
|t:|1758975312
|switch|p2a: Darkrai|Darkrai|100/100
|turn|4
|
|t:|1758975316
|switch|p1a: Hatterene|Hatterene, F|100/100
|move|p2a: Darkrai|Dark Pulse|p1a: Hatterene
|-crit|p1a: Hatterene
|-damage|p1a: Hatterene|40/100
|-enditem|p1a: Hatterene|Eject Button
|
|t:|1758975323
|switch|p1a: Barraskewda|Barraskewda, F|100/100
|
|-weather|RainDance|[upkeep]
|upkeep
|turn|5
|
|t:|1758975331
|switch|p2a: Landorus|Landorus-Therian, M|100/100
|-ability|p2a: Landorus|Intimidate|boost
|-unboost|p1a: Barraskewda|atk|1
|-terastallize|p1a: Barraskewda|Water
|move|p1a: Barraskewda|Liquidation|p2a: Landorus
|-supereffective|p2a: Landorus
|-damage|p2a: Landorus|0 fnt
|-damage|p1a: Barraskewda|84/100|[from] item: Rocky Helmet|[of] p2a: Landorus
|faint|p2a: Landorus
|
|-weather|RainDance|[upkeep]
|upkeep
|
|t:|1758975338
|switch|p2a: Zamazenta|Zamazenta|100/100
|-ability|p2a: Zamazenta|Dauntless Shield|boost
|-boost|p2a: Zamazenta|def|1
|turn|6
|
|t:|1758975351
|move|p1a: Barraskewda|Flip Turn|p2a: Zamazenta
|-crit|p2a: Zamazenta
|-damage|p2a: Zamazenta|15/100
|
|t:|1758975354
|switch|p1a: Hatterene|Hatterene, F|40/100|[from] Flip Turn
|move|p2a: Zamazenta|Body Press|p1a: Hatterene
|-resisted|p1a: Hatterene
|-damage|p1a: Hatterene|28/100
|
|-weather|RainDance|[upkeep]
|-heal|p2a: Zamazenta|21/100|[from] item: Leftovers
|upkeep
|turn|7
|l| dsvdv
|j| dsvdv
|
|t:|1758975363
|move|p2a: Zamazenta|Crunch|p1a: Hatterene
|-damage|p1a: Hatterene|9/100
|move|p1a: Hatterene|Dazzling Gleam|p2a: Zamazenta
|-supereffective|p2a: Zamazenta
|-damage|p2a: Zamazenta|0 fnt
|faint|p2a: Zamazenta
|
|-weather|RainDance|[upkeep]
|upkeep
|
|t:|1758975373
|switch|p2a: Darkrai|Darkrai|100/100
|turn|8
|
|t:|1758975377
|move|p2a: Darkrai|Dark Pulse|p1a: Hatterene
|-damage|p1a: Hatterene|0 fnt
|faint|p1a: Hatterene
|
|-weather|none
|upkeep
|
|t:|1758975383
|switch|p1a: Pelipper|Pelipper, M|100/100
|-weather|RainDance|[from] ability: Drizzle|[of] p1a: Pelipper
|turn|9
|
|t:|1758975389
|switch|p1a: Zapdos|Zapdos|22/100
|move|p2a: Darkrai|Dark Pulse|p1a: Zapdos
|-damage|p1a: Zapdos|0 fnt
|faint|p1a: Zapdos
|
|-weather|RainDance|[upkeep]
|upkeep
|j| Distance rectangle
|
|t:|1758975397
|switch|p1a: Barraskewda|Barraskewda, F, tera:Water|84/100
|turn|10
|
|t:|1758975400
|move|p1a: Barraskewda|Liquidation|p2a: Darkrai
|-damage|p2a: Darkrai|0 fnt
|faint|p2a: Darkrai
|
|-weather|RainDance|[upkeep]
|upkeep
|
|t:|1758975404
|switch|p2a: Dragonite|Dragonite, F|100/100
|turn|11
|
|t:|1758975409
|move|p1a: Barraskewda|Flip Turn|p2a: Dragonite
|-resisted|p2a: Dragonite
|-damage|p2a: Dragonite|77/100
|
|t:|1758975412
|switch|p1a: Beartic|Beartic, F|100/100|[from] Flip Turn
|move|p2a: Dragonite|Dragon Dance|p2a: Dragonite
|-boost|p2a: Dragonite|atk|1
|-boost|p2a: Dragonite|spe|1
|
|-weather|RainDance|[upkeep]
|upkeep
|turn|12
|
|t:|1758975420
|-terastallize|p2a: Dragonite|Flying
|move|p2a: Dragonite|Tera Blast|p1a: Beartic|[anim] Tera Blast Flying
|-damage|p1a: Beartic|0 fnt
|faint|p1a: Beartic
|
|-weather|RainDance|[upkeep]
|upkeep
|
|t:|1758975427
|switch|p1a: Barraskewda|Barraskewda, F, tera:Water|84/100
|turn|13
|
|t:|1758975430
|move|p2a: Dragonite|Extreme Speed|p1a: Barraskewda
|-damage|p1a: Barraskewda|4/100
|move|p1a: Barraskewda|Liquidation|p2a: Dragonite
|-damage|p2a: Dragonite|0 fnt
|faint|p2a: Dragonite
|
|-weather|RainDance|[upkeep]
|upkeep
|
|t:|1758975435
|switch|p2a: Hatterene|Hatterene, F|100/100
|turn|14
|
|t:|1758975441
|move|p1a: Barraskewda|Liquidation|p2a: Hatterene
|-damage|p2a: Hatterene|0 fnt
|faint|p2a: Hatterene
|
|win|DontMissMantine
|raw|DontMissMantine's rating: 1883 &rarr; <strong>1898</strong><br />(+15 for winning)
|raw|Light SV's rating: 1793 &rarr; <strong>1778</strong><br />(-15 for losing)
|l|☆Light SV
|player|p2|
|l| locked in bro
|l|☆DontMissMantine
|player|p1|
|l| Distance rectangle
