|badge|p1|bronze|gen9ou|100-6
|html|<div class="broadcast-red"><strong>This battle is required to be public due to one or more player having a season medal.</strong><br />During the public phase, you can discuss the state of the ladder <a href="/seasondiscussion">in a special chatroom.</a></div>
|uhtml|medal-msg|<div class="broadcast-blue">Curious what those medals under the avatar are? PS now has Ladder Seasons! For more information, check out the <a href="https://www.smogon.com/forums/threads/3740067/">thread on Smogon.</a></div>
|j|☆Trainer #39
|j|☆jojosworld
|t:|1758948165
|gametype|singles
|player|p1|Trainer #39|bugsy|1826
|player|p2|jojosworld|cynthia|1749
|gen|9
|tier|[Gen 9] OU
|rated|
|rule|HP Percentage Mod: HP is shown in percentages
|rule|Endless Battle Clause: Forcing endless battles is banned
|rule|Species Clause: Limit one of each Pokémon
|rule|OHKO Clause: OHKO moves are banned
|rule|Evasion Items Clause: Evasion items are banned
|rule|Evasion Moves Clause: Evasion moves are banned
|rule|Evasion Abilities Clause: Evasion abilities are banned
|rule|Sleep Moves Clause: Sleep-inducing moves are banned
|clearpoke
|poke|p1|Blissey, F|
|poke|p1|Corviknight, M|
|poke|p1|Dondozo, M|
|poke|p1|Gliscor, M|
|poke|p1|Clefable, M|
|poke|p1|Slowking-Galar, M|
|poke|p2|Alomomola, F|
|poke|p2|Amoonguss, F|
|poke|p2|Gholdengo|
|poke|p2|Great Tusk|
|poke|p2|Goodra-Hisui, F|
|poke|p2|Clefable, M|
|teampreview
|inactive|Battle timer is ON: inactive players will automatically lose when time's up. (requested by jojosworld)
|j| Ctannn
|j| yrmpa
|j| amefurikoneko
|c|☆jojosworld|ugh why stall...
|c|☆jojosworld|ill try !
|
|t:|1758948194
|teamsize|p1|6
|teamsize|p2|6
|start
|switch|p1a: 🇮🇱=terrorists|Gliscor, M|100/100
|switch|p2a: Clefable|Clefable, M, shiny|100/100
|turn|1
|
|t:|1758948204
|move|p1a: 🇮🇱=terrorists|Protect|p1a: 🇮🇱=terrorists
|-singleturn|p1a: 🇮🇱=terrorists|Protect
|move|p2a: Clefable|Stealth Rock|p1a: 🇮🇱=terrorists
|-sidestart|p1: Trainer #39|move: Stealth Rock
|
|-status|p1a: 🇮🇱=terrorists|tox|[from] item: Toxic Orb
|upkeep
|turn|2
|j| larp legion
|
|t:|1758948210
|move|p1a: 🇮🇱=terrorists|Substitute|p1a: 🇮🇱=terrorists
|-start|p1a: 🇮🇱=terrorists|Substitute
|-damage|p1a: 🇮🇱=terrorists|76/100 tox
|move|p2a: Clefable|Moonblast|p1a: 🇮🇱=terrorists
|-end|p1a: 🇮🇱=terrorists|Substitute
|
|-heal|p1a: 🇮🇱=terrorists|88/100 tox|[from] ability: Poison Heal
|upkeep
|turn|3
|
|t:|1758948213
|switch|p1a: LeJ/ovni/la lettre|Slowking-Galar, M|100/100
|-damage|p1a: LeJ/ovni/la lettre|88/100|[from] Stealth Rock
|move|p2a: Clefable|Moonblast|p1a: LeJ/ovni/la lettre
|-resisted|p1a: LeJ/ovni/la lettre
|-damage|p1a: LeJ/ovni/la lettre|77/100
|-unboost|p1a: LeJ/ovni/la lettre|spa|1
|
|upkeep
|turn|4
|
|t:|1758948216
|move|p1a: LeJ/ovni/la lettre|Trick|p2a: Clefable
|-activate|p1a: LeJ/ovni/la lettre|move: Trick|[of] p2a: Clefable
|-item|p2a: Clefable|Choice Scarf|[from] move: Trick
|-item|p1a: LeJ/ovni/la lettre|Leftovers|[from] move: Trick
|move|p2a: Clefable|Thunder Wave|p1a: LeJ/ovni/la lettre
|-status|p1a: LeJ/ovni/la lettre|par
|
|-heal|p1a: LeJ/ovni/la lettre|83/100 par|[from] item: Leftovers
|upkeep
|turn|5
|
|t:|1758948220
|switch|p2a: Alomomola|Alomomola, F, shiny|100/100
|switch|p1a: 🇮🇱=terrorists|Gliscor, M|88/100 tox
|-damage|p1a: 🇮🇱=terrorists|76/100 tox|[from] Stealth Rock
|
|-heal|p1a: 🇮🇱=terrorists|88/100 tox|[from] ability: Poison Heal
|upkeep
|turn|6
|
|t:|1758948223
|switch|p1a: LeJ/ovni/la lettre|Slowking-Galar, M|100/100 par
|-damage|p1a: LeJ/ovni/la lettre|88/100 par|[from] Stealth Rock
|switch|p2a: Clefable|Clefable, M, shiny|100/100
|
|-heal|p1a: LeJ/ovni/la lettre|94/100 par|[from] item: Leftovers
|upkeep
|turn|7
|
|t:|1758948229
|switch|p2a: Amoonguss|Amoonguss, F, shiny|100/100
|move|p1a: LeJ/ovni/la lettre|Sludge Bomb|p2a: Amoonguss
|-damage|p2a: Amoonguss|68/100
|
|-heal|p1a: LeJ/ovni/la lettre|99/100 par|[from] item: Leftovers
|upkeep
|turn|8
|
|t:|1758948233
|switch|p2a: Clefable|Clefable, M, shiny|100/100
|move|p1a: LeJ/ovni/la lettre|Future Sight|p2a: Clefable
|-start|p1a: LeJ/ovni/la lettre|move: Future Sight
|
|-heal|p1a: LeJ/ovni/la lettre|100/100 par|[from] item: Leftovers
|upkeep
|turn|9
|
|t:|1758948242
|switch|p2a: Gholdengo|Gholdengo, shiny|100/100
|move|p1a: LeJ/ovni/la lettre|Sludge Bomb|p2a: Gholdengo
|-immune|p2a: Gholdengo
|
|upkeep
|turn|10
|j| locked in bro
|
|t:|1758948246
|move|p2a: Gholdengo|Hex|p1a: LeJ/ovni/la lettre
|-supereffective|p1a: LeJ/ovni/la lettre
|-damage|p1a: LeJ/ovni/la lettre|13/100 par
|cant|p1a: LeJ/ovni/la lettre|par
|
|-end|p2a: Gholdengo|move: Future Sight
|-resisted|p2a: Gholdengo
|-crit|p2a: Gholdengo
|-damage|p2a: Gholdengo|67/100
|-heal|p1a: LeJ/ovni/la lettre|20/100 par|[from] item: Leftovers
|upkeep
|turn|11
|
|t:|1758948251
|switch|p1a: brat|Blissey, F|100/100
|move|p2a: Gholdengo|Make It Rain|p1a: brat
|-damage|p1a: brat|82/100
|-unboost|p2a: Gholdengo|spa|1
|
|upkeep
|turn|12
|
|t:|1758948253
|switch|p2a: Great Tusk|Great Tusk, shiny|100/100
|move|p1a: brat|Stealth Rock|p2a: Great Tusk
|-sidestart|p2: jojosworld|move: Stealth Rock
|
|upkeep
|turn|13
|
|t:|1758948257
|switch|p1a: C.Kirk:not missed|Corviknight, M|100/100
|-damage|p1a: C.Kirk:not missed|88/100|[from] Stealth Rock
|-ability|p1a: C.Kirk:not missed|Pressure
|move|p2a: Great Tusk|Rapid Spin|p1a: C.Kirk:not missed
|-resisted|p1a: C.Kirk:not missed
|-damage|p1a: C.Kirk:not missed|82/100
|-boost|p2a: Great Tusk|spe|1
|-damage|p2a: Great Tusk|84/100|[from] item: Rocky Helmet|[of] p1a: C.Kirk:not missed
|-sideend|p2: jojosworld|Stealth Rock|[from] move: Rapid Spin|[of] p2a: Great Tusk
|
|upkeep
|turn|14
|
|t:|1758948259
|move|p2a: Great Tusk|Knock Off|p1a: C.Kirk:not missed
|-damage|p1a: C.Kirk:not missed|61/100
|-damage|p2a: Great Tusk|68/100|[from] item: Rocky Helmet|[of] p1a: C.Kirk:not missed
|-enditem|p1a: C.Kirk:not missed|Rocky Helmet|[from] move: Knock Off|[of] p2a: Great Tusk
|move|p1a: C.Kirk:not missed|U-turn|p2a: Great Tusk
|-resisted|p2a: Great Tusk
|-damage|p2a: Great Tusk|63/100
|
|t:|1758948261
|switch|p1a: LeJ/ovni/la lettre|Slowking-Galar, M|53/100 par|[from] U-turn
|-damage|p1a: LeJ/ovni/la lettre|40/100 par|[from] Stealth Rock
|
|-heal|p1a: LeJ/ovni/la lettre|46/100 par|[from] item: Leftovers
|upkeep
|turn|15
|
|t:|1758948264
|switch|p1a: C.Kirk:not missed|Corviknight, M|61/100
|-damage|p1a: C.Kirk:not missed|48/100|[from] Stealth Rock
|-ability|p1a: C.Kirk:not missed|Pressure
|move|p2a: Great Tusk|Knock Off|p1a: C.Kirk:not missed
|-damage|p1a: C.Kirk:not missed|34/100
|
|upkeep
|turn|16
|
|t:|1758948266
|move|p2a: Great Tusk|Close Combat|p1a: C.Kirk:not missed
|-damage|p1a: C.Kirk:not missed|0 fnt
|-unboost|p2a: Great Tusk|def|1
|-unboost|p2a: Great Tusk|spd|1
|faint|p1a: C.Kirk:not missed
|
|upkeep
|c|☆jojosworld|:)
|
|t:|1758948269
|switch|p1a: 🇮🇱=terrorists|Gliscor, M|88/100 tox
|-damage|p1a: 🇮🇱=terrorists|76/100 tox|[from] Stealth Rock
|turn|17
|
|t:|1758948274
|-end|p2a: Great Tusk|Protosynthesis|[silent]
|switch|p2a: Clefable|Clefable, M, shiny|100/100
|move|p1a: 🇮🇱=terrorists|Protect||[still]
|-fail|p1a: 🇮🇱=terrorists
|
|-heal|p1a: 🇮🇱=terrorists|88/100 tox|[from] ability: Poison Heal
|upkeep
|turn|18
|
|t:|1758948277
|move|p1a: 🇮🇱=terrorists|Substitute|p1a: 🇮🇱=terrorists
|-start|p1a: 🇮🇱=terrorists|Substitute
|-damage|p1a: 🇮🇱=terrorists|63/100 tox
|move|p2a: Clefable|Moonblast|p1a: 🇮🇱=terrorists
|-end|p1a: 🇮🇱=terrorists|Substitute
|
|-heal|p1a: 🇮🇱=terrorists|76/100 tox|[from] ability: Poison Heal
|upkeep
|turn|19
|
|t:|1758948280
|move|p1a: 🇮🇱=terrorists|Protect|p1a: 🇮🇱=terrorists
|-singleturn|p1a: 🇮🇱=terrorists|Protect
|move|p2a: Clefable|Moonblast|p1a: 🇮🇱=terrorists
|-activate|p1a: 🇮🇱=terrorists|move: Protect
|
|-heal|p1a: 🇮🇱=terrorists|88/100 tox|[from] ability: Poison Heal
|upkeep
|turn|20
|
|t:|1758948282
|switch|p1a: brat|Blissey, F|82/100
|move|p2a: Clefable|Moonblast|p1a: brat
|-damage|p1a: brat|72/100
|-unboost|p1a: brat|spa|1
|
|upkeep
|turn|21
|
|t:|1758948285
|switch|p2a: Great Tusk|Great Tusk, shiny|63/100
|switch|p1a: 🇮🇱=terrorists|Gliscor, M|88/100 tox
|-damage|p1a: 🇮🇱=terrorists|76/100 tox|[from] Stealth Rock
|
|-heal|p1a: 🇮🇱=terrorists|88/100 tox|[from] ability: Poison Heal
|upkeep
|turn|22
|
|t:|1758948288
|-end|p2a: Great Tusk|Protosynthesis|[silent]
|switch|p2a: Clefable|Clefable, M, shiny|100/100
|move|p1a: 🇮🇱=terrorists|Toxic|p2a: Clefable
|-status|p2a: Clefable|tox
|
|-heal|p1a: 🇮🇱=terrorists|100/100 tox|[from] ability: Poison Heal
|upkeep
|turn|23
|
|t:|1758948292
|move|p1a: 🇮🇱=terrorists|Substitute|p1a: 🇮🇱=terrorists
|-start|p1a: 🇮🇱=terrorists|Substitute
|-damage|p1a: 🇮🇱=terrorists|76/100 tox
|move|p2a: Clefable|Moonblast|p1a: 🇮🇱=terrorists
|-end|p1a: 🇮🇱=terrorists|Substitute
|
|-heal|p1a: 🇮🇱=terrorists|88/100 tox|[from] ability: Poison Heal
|upkeep
|turn|24
|
|t:|1758948294
|move|p1a: 🇮🇱=terrorists|Earthquake|p2a: Clefable
|-damage|p2a: Clefable|77/100 tox
|move|p2a: Clefable|Moonblast|p1a: 🇮🇱=terrorists
|-damage|p1a: 🇮🇱=terrorists|48/100 tox
|
|-heal|p1a: 🇮🇱=terrorists|60/100 tox|[from] ability: Poison Heal
|upkeep
|turn|25
|
|t:|1758948299
|switch|p2a: Alomomola|Alomomola, F, shiny|100/100
|move|p1a: 🇮🇱=terrorists|Protect||[still]
|-fail|p1a: 🇮🇱=terrorists
|
|-heal|p1a: 🇮🇱=terrorists|73/100 tox|[from] ability: Poison Heal
|upkeep
|turn|26
|
|t:|1758948303
|switch|p2a: Gholdengo|Gholdengo, shiny|67/100
|move|p1a: 🇮🇱=terrorists|Protect||[still]
|-fail|p1a: 🇮🇱=terrorists
|
|-heal|p1a: 🇮🇱=terrorists|85/100 tox|[from] ability: Poison Heal
|upkeep
|turn|27
|
|t:|1758948307
|switch|p1a: brat|Blissey, F|72/100
|move|p2a: Gholdengo|Recover|p2a: Gholdengo
|-heal|p2a: Gholdengo|100/100
|
|upkeep
|turn|28
|l| locked in bro
|
|t:|1758948311
|switch|p2a: Great Tusk|Great Tusk, shiny|63/100
|move|p1a: brat|Shadow Ball|p2a: Great Tusk
|-crit|p2a: Great Tusk
|-damage|p2a: Great Tusk|29/100
|
|upkeep
|turn|29
|
|t:|1758948316
|switch|p1a: 808 and curses|Dondozo, M|100/100
|-damage|p1a: 808 and curses|88/100|[from] Stealth Rock
|move|p2a: Great Tusk|Headlong Rush|p1a: 808 and curses
|-damage|p1a: 808 and curses|59/100
|-unboost|p2a: Great Tusk|def|1
|-unboost|p2a: Great Tusk|spd|1
|
|-heal|p1a: 808 and curses|65/100|[from] item: Leftovers
|upkeep
|turn|30
|
|t:|1758948318
|-end|p2a: Great Tusk|Protosynthesis|[silent]
|switch|p2a: Gholdengo|Gholdengo, shiny|100/100
|move|p1a: 808 and curses|Waterfall|p2a: Gholdengo
|-damage|p2a: Gholdengo|82/100
|-damage|p1a: 808 and curses|48/100|[from] item: Rocky Helmet|[of] p2a: Gholdengo
|
|-heal|p1a: 808 and curses|54/100|[from] item: Leftovers
|upkeep
|turn|31
|
|t:|1758948322
|switch|p1a: brat|Blissey, F|72/100
|move|p2a: Gholdengo|Hex|p1a: brat
|-immune|p1a: brat
|
|upkeep
|turn|32
|
|t:|1758948327
|switch|p2a: Clefable|Clefable, M, shiny|77/100 tox
|move|p1a: brat|Stealth Rock|p2a: Clefable
|-sidestart|p2: jojosworld|move: Stealth Rock
|
|upkeep
|turn|33
|j| IM AT MY LIMIT
|
|t:|1758948343
|switch|p2a: Alomomola|Alomomola, F, shiny|100/100
|switch|p1a: 🇮🇱=terrorists|Gliscor, M|85/100 tox
|-damage|p1a: 🇮🇱=terrorists|73/100 tox|[from] Stealth Rock
|
|-heal|p1a: 🇮🇱=terrorists|85/100 tox|[from] ability: Poison Heal
|upkeep
|turn|34
|
|t:|1758948347
|move|p1a: 🇮🇱=terrorists|Protect|p1a: 🇮🇱=terrorists
|-singleturn|p1a: 🇮🇱=terrorists|Protect
|move|p2a: Alomomola|Wish|p2a: Alomomola
|
|-heal|p1a: 🇮🇱=terrorists|98/100 tox|[from] ability: Poison Heal
|upkeep
|turn|35
|
|t:|1758948356
|move|p1a: 🇮🇱=terrorists|Substitute|p1a: 🇮🇱=terrorists
|-start|p1a: 🇮🇱=terrorists|Substitute
|-damage|p1a: 🇮🇱=terrorists|73/100 tox
|move|p2a: Alomomola|Flip Turn|p1a: 🇮🇱=terrorists
|-supereffective|p1a: 🇮🇱=terrorists
|-activate|p1a: 🇮🇱=terrorists|move: Substitute|[damage]
|
|t:|1758948358
|switch|p2a: Great Tusk|Great Tusk, shiny|29/100|[from] Flip Turn
|
|-heal|p2a: Great Tusk|100/100|[from] move: Wish|[wisher] Alomomola
|-heal|p1a: 🇮🇱=terrorists|85/100 tox|[from] ability: Poison Heal
|upkeep
|turn|36
|
|t:|1758948360
|-end|p2a: Great Tusk|Protosynthesis|[silent]
|switch|p2a: Clefable|Clefable, M, shiny|77/100 tox
|move|p1a: 🇮🇱=terrorists|Toxic|p2a: Clefable
|-fail|p2a: Clefable|tox
|
|-heal|p1a: 🇮🇱=terrorists|98/100 tox|[from] ability: Poison Heal
|upkeep
|turn|37
|
|t:|1758948364
|move|p1a: 🇮🇱=terrorists|Earthquake|p2a: Clefable
|-damage|p2a: Clefable|54/100 tox
|move|p2a: Clefable|Moonlight|p2a: Clefable
|-heal|p2a: Clefable|100/100 tox
|
|-heal|p1a: 🇮🇱=terrorists|100/100 tox|[from] ability: Poison Heal
|upkeep
|turn|38
|inactive|Trainer #39 has 120 seconds left.
|
|t:|1758948401
|switch|p2a: Amoonguss|Amoonguss, F, shiny|100/100
|move|p1a: 🇮🇱=terrorists|Earthquake|p2a: Amoonguss
|-damage|p2a: Amoonguss|78/100
|
|upkeep
|turn|39
|
|t:|1758948407
|switch|p1a: LeJ/ovni/la lettre|Slowking-Galar, M|79/100 par
|-damage|p1a: LeJ/ovni/la lettre|67/100 par|[from] Stealth Rock
|switch|p2a: Clefable|Clefable, M, shiny|100/100 tox
|
|-heal|p1a: LeJ/ovni/la lettre|73/100 par|[from] item: Leftovers
|upkeep
|turn|40
|
|t:|1758948415
|switch|p2a: Gholdengo|Gholdengo, shiny|82/100
|-damage|p2a: Gholdengo|76/100|[from] Stealth Rock
|move|p1a: LeJ/ovni/la lettre|Future Sight|p2a: Gholdengo
|-start|p1a: LeJ/ovni/la lettre|move: Future Sight
|
|-heal|p1a: LeJ/ovni/la lettre|79/100 par|[from] item: Leftovers
|upkeep
|turn|41
|
|t:|1758948420
|switch|p1a: brat|Blissey, F|72/100
|move|p2a: Gholdengo|Hex|p1a: brat
|-immune|p1a: brat
|
|upkeep
|turn|42
|
|t:|1758948427
|switch|p2a: Alomomola|Alomomola, F, shiny|100/100
|move|p1a: brat|Shadow Ball|p2a: Alomomola
|-damage|p2a: Alomomola|83/100
|
|-end|p2a: Alomomola|move: Future Sight
|-damage|p2a: Alomomola|26/100
|upkeep
|turn|43
|
|t:|1758948431
|switch|p1a: LeJ/ovni/la lettre|Slowking-Galar, M|100/100 par
|-damage|p1a: LeJ/ovni/la lettre|88/100 par|[from] Stealth Rock
|switch|p2a: Gholdengo|Gholdengo, shiny|76/100
|-damage|p2a: Gholdengo|70/100|[from] Stealth Rock
|
|-heal|p1a: LeJ/ovni/la lettre|94/100 par|[from] item: Leftovers
|upkeep
|turn|44
|
|t:|1758948434
|switch|p1a: brat|Blissey, F|72/100
|move|p2a: Gholdengo|Recover|p2a: Gholdengo
|-heal|p2a: Gholdengo|100/100
|
|upkeep
|turn|45
|
|t:|1758948436
|switch|p2a: Alomomola|Alomomola, F, shiny|59/100
|move|p1a: brat|Shadow Ball|p2a: Alomomola
|-damage|p2a: Alomomola|42/100
|-unboost|p2a: Alomomola|spd|1
|
|upkeep
|turn|46
|
|t:|1758948443
|switch|p1a: 🇮🇱=terrorists|Gliscor, M|100/100 tox
|-damage|p1a: 🇮🇱=terrorists|88/100 tox|[from] Stealth Rock
|switch|p2a: Amoonguss|Amoonguss, F, shiny|100/100
|
|-heal|p1a: 🇮🇱=terrorists|100/100 tox|[from] ability: Poison Heal
|upkeep
|turn|47
|
|t:|1758948447
|switch|p2a: Alomomola|Alomomola, F, shiny|75/100
|move|p1a: 🇮🇱=terrorists|Substitute|p1a: 🇮🇱=terrorists
|-start|p1a: 🇮🇱=terrorists|Substitute
|-damage|p1a: 🇮🇱=terrorists|76/100 tox
|
|-heal|p1a: 🇮🇱=terrorists|88/100 tox|[from] ability: Poison Heal
|upkeep
|turn|48
|
|t:|1758948449
|switch|p2a: Amoonguss|Amoonguss, F, shiny|100/100
|move|p1a: 🇮🇱=terrorists|Toxic|p2a: Amoonguss
|-immune|p2a: Amoonguss
|
|-heal|p1a: 🇮🇱=terrorists|100/100 tox|[from] ability: Poison Heal
|upkeep
|turn|49
|
|t:|1758948457
|switch|p1a: LeJ/ovni/la lettre|Slowking-Galar, M|100/100 par
|-damage|p1a: LeJ/ovni/la lettre|88/100 par|[from] Stealth Rock
|move|p2a: Amoonguss|Foul Play|p1a: LeJ/ovni/la lettre
|-supereffective|p1a: LeJ/ovni/la lettre
|-damage|p1a: LeJ/ovni/la lettre|61/100 par
|
|-heal|p1a: LeJ/ovni/la lettre|67/100 par|[from] item: Leftovers
|upkeep
|turn|50
|
|t:|1758948470
|switch|p2a: Gholdengo|Gholdengo, shiny|100/100
|-damage|p2a: Gholdengo|94/100|[from] Stealth Rock
|move|p1a: LeJ/ovni/la lettre|Future Sight|p2a: Gholdengo
|-start|p1a: LeJ/ovni/la lettre|move: Future Sight
|
|-heal|p1a: LeJ/ovni/la lettre|73/100 par|[from] item: Leftovers
|upkeep
|turn|51
|
|t:|1758948477
|switch|p1a: brat|Blissey, F|72/100
|move|p2a: Gholdengo|Thunder Wave|p1a: brat
|-status|p1a: brat|par
|
|upkeep
|turn|52
|j| FaronAan
|
|t:|1758948481
|move|p2a: Gholdengo|Make It Rain|p1a: brat
|-damage|p1a: brat|52/100 par
|-unboost|p2a: Gholdengo|spa|1
|cant|p1a: brat|par
|
|-end|p2a: Gholdengo|move: Future Sight
|-resisted|p2a: Gholdengo
|-damage|p2a: Gholdengo|74/100
|upkeep
|turn|53
|l| FaronAan
|
|t:|1758948485
|switch|p2a: Great Tusk|Great Tusk, shiny|100/100
|cant|p1a: brat|par
|
|upkeep
|turn|54
|
|t:|1758948490
|-curestatus|p1a: brat|par|[from] ability: Natural Cure
|switch|p1a: 808 and curses|Dondozo, M|54/100
|-damage|p1a: 808 and curses|42/100|[from] Stealth Rock
|move|p2a: Great Tusk|Rapid Spin|p1a: 808 and curses
|-damage|p1a: 808 and curses|34/100
|-boost|p2a: Great Tusk|spe|1
|-sideend|p2: jojosworld|Stealth Rock|[from] move: Rapid Spin|[of] p2a: Great Tusk
|
|-heal|p1a: 808 and curses|40/100|[from] item: Leftovers
|upkeep
|turn|55
|
|t:|1758948502
|move|p2a: Great Tusk|Headlong Rush|p1a: 808 and curses
|-damage|p1a: 808 and curses|8/100
|-unboost|p2a: Great Tusk|def|1
|-unboost|p2a: Great Tusk|spd|1
|move|p1a: 808 and curses|Rest|p1a: 808 and curses
|-status|p1a: 808 and curses|slp|[from] move: Rest
|-heal|p1a: 808 and curses|100/100 slp|[silent]
|
|upkeep
|turn|56
|
|t:|1758948506
|move|p2a: Great Tusk|Headlong Rush|p1a: 808 and curses
|-damage|p1a: 808 and curses|72/100 slp
|-unboost|p2a: Great Tusk|def|1
|-unboost|p2a: Great Tusk|spd|1
|cant|p1a: 808 and curses|slp
|move|p1a: 808 and curses|Sleep Talk|p1a: 808 and curses
|move|p1a: 808 and curses|Waterfall|p2a: Great Tusk|[from] move: Sleep Talk
|-supereffective|p2a: Great Tusk
|-damage|p2a: Great Tusk|58/100
|
|-heal|p1a: 808 and curses|78/100 slp|[from] item: Leftovers
|upkeep
|turn|57
|
|t:|1758948513
|-end|p2a: Great Tusk|Protosynthesis|[silent]
|switch|p2a: Gholdengo|Gholdengo, shiny|74/100
|cant|p1a: 808 and curses|slp
|move|p1a: 808 and curses|Sleep Talk|p1a: 808 and curses
|move|p1a: 808 and curses|Curse|p1a: 808 and curses|[from] move: Sleep Talk
|-unboost|p1a: 808 and curses|spe|1
|-boost|p1a: 808 and curses|atk|1
|-boost|p1a: 808 and curses|def|1
|
|-heal|p1a: 808 and curses|85/100 slp|[from] item: Leftovers
|upkeep
|turn|58
|
|t:|1758948516
|switch|p1a: brat|Blissey, F|52/100
|move|p2a: Gholdengo|Hex|p1a: brat
|-immune|p1a: brat
|
|upkeep
|turn|59
|j| Lamp0821
|
|t:|1758948519
|move|p2a: Gholdengo|Thunder Wave|p1a: brat
|-status|p1a: brat|par
|move|p1a: brat|Soft-Boiled|p1a: brat
|-heal|p1a: brat|100/100 par
|
|upkeep
|turn|60
|
|t:|1758948522
|move|p2a: Gholdengo|Make It Rain|p1a: brat
|-damage|p1a: brat|84/100 par
|-unboost|p2a: Gholdengo|spa|1
|cant|p1a: brat|par
|
|upkeep
|turn|61
|l| Lamp0821
|
|t:|1758948526
|switch|p2a: Alomomola|Alomomola, F, shiny|100/100
|move|p1a: brat|Stealth Rock|p2a: Alomomola
|-sidestart|p2: jojosworld|move: Stealth Rock
|
|upkeep
|turn|62
|
|t:|1758948532
|-curestatus|p1a: brat|par|[from] ability: Natural Cure
|switch|p1a: Charli xcx|Clefable, M|100/100
|move|p2a: Alomomola|Wish|p2a: Alomomola
|
|upkeep
|turn|63
|l| IM AT MY LIMIT
|
|t:|1758948536
|move|p1a: Charli xcx|Protect|p1a: Charli xcx
|-singleturn|p1a: Charli xcx|Protect
|move|p2a: Alomomola|Flip Turn|p1a: Charli xcx
|-activate|p1a: Charli xcx|move: Protect
|
|upkeep
|turn|64
|
|t:|1758948539
|move|p1a: Charli xcx|Knock Off|p2a: Alomomola
|-damage|p2a: Alomomola|92/100
|-enditem|p2a: Alomomola|Heavy-Duty Boots|[from] move: Knock Off|[of] p1a: Charli xcx
|move|p2a: Alomomola|Wish|p2a: Alomomola
|
|upkeep
|turn|65
|j| IM AT MY LIMIT
|
|t:|1758948543
|switch|p2a: Gholdengo|Gholdengo, shiny|74/100
|-damage|p2a: Gholdengo|68/100|[from] Stealth Rock
|move|p1a: Charli xcx|Moonblast|p2a: Gholdengo
|-resisted|p2a: Gholdengo
|-damage|p2a: Gholdengo|53/100
|
|-heal|p2a: Gholdengo|100/100|[from] move: Wish|[wisher] Alomomola
|upkeep
|turn|66
|
|t:|1758948547
|move|p1a: Charli xcx|Protect|p1a: Charli xcx
|-singleturn|p1a: Charli xcx|Protect
|move|p2a: Gholdengo|Thunder Wave|p1a: Charli xcx
|-activate|p1a: Charli xcx|move: Protect
|
|upkeep
|turn|67
|
|t:|1758948549
|switch|p1a: brat|Blissey, F|84/100
|move|p2a: Gholdengo|Thunder Wave|p1a: brat
|-status|p1a: brat|par
|
|upkeep
|turn|68
|
|t:|1758948552
|switch|p2a: Alomomola|Alomomola, F, shiny|100/100
|-damage|p2a: Alomomola|88/100|[from] Stealth Rock
|move|p1a: brat|Shadow Ball|p2a: Alomomola
|-damage|p2a: Alomomola|70/100
|
|upkeep
|turn|69
|
|t:|1758948556
|-curestatus|p1a: brat|par|[from] ability: Natural Cure
|switch|p1a: 🇮🇱=terrorists|Gliscor, M|100/100 tox
|-damage|p1a: 🇮🇱=terrorists|88/100 tox|[from] Stealth Rock
|move|p2a: Alomomola|Wish|p2a: Alomomola
|
|-heal|p1a: 🇮🇱=terrorists|100/100 tox|[from] ability: Poison Heal
|upkeep
|turn|70
|
|t:|1758948560
|move|p1a: 🇮🇱=terrorists|Protect|p1a: 🇮🇱=terrorists
|-singleturn|p1a: 🇮🇱=terrorists|Protect
|move|p2a: Alomomola|Flip Turn|p1a: 🇮🇱=terrorists
|-activate|p1a: 🇮🇱=terrorists|move: Protect
|
|-heal|p2a: Alomomola|100/100|[from] move: Wish|[wisher] Alomomola
|upkeep
|turn|71
|
|t:|1758948565
|switch|p1a: LeJ/ovni/la lettre|Slowking-Galar, M|100/100 par
|-damage|p1a: LeJ/ovni/la lettre|88/100 par|[from] Stealth Rock
|switch|p2a: Amoonguss|Amoonguss, F, shiny|100/100
|
|-heal|p1a: LeJ/ovni/la lettre|94/100 par|[from] item: Leftovers
|upkeep
|turn|72
|
|t:|1758948572
|switch|p2a: Gholdengo|Gholdengo, shiny|100/100
|-damage|p2a: Gholdengo|94/100|[from] Stealth Rock
|move|p1a: LeJ/ovni/la lettre|Future Sight|p2a: Gholdengo
|-start|p1a: LeJ/ovni/la lettre|move: Future Sight
|
|-heal|p1a: LeJ/ovni/la lettre|99/100 par|[from] item: Leftovers
|upkeep
|turn|73
|
|t:|1758948575
|switch|p2a: Great Tusk|Great Tusk, shiny|58/100
|switch|p1a: brat|Blissey, F|84/100
|
|upkeep
|turn|74
|
|t:|1758948581
|-end|p2a: Great Tusk|Protosynthesis|[silent]
|switch|p2a: Gholdengo|Gholdengo, shiny|94/100
|-damage|p2a: Gholdengo|88/100|[from] Stealth Rock
|move|p1a: brat|Shadow Ball|p2a: Gholdengo
|-supereffective|p2a: Gholdengo
|-damage|p2a: Gholdengo|61/100
|-unboost|p2a: Gholdengo|spd|1
|
|-end|p2a: Gholdengo|move: Future Sight
|-resisted|p2a: Gholdengo
|-damage|p2a: Gholdengo|28/100
|upkeep
|turn|75
|
|t:|1758948586
|switch|p1a: LeJ/ovni/la lettre|Slowking-Galar, M|100/100 par
|-damage|p1a: LeJ/ovni/la lettre|88/100 par|[from] Stealth Rock
|move|p2a: Gholdengo|Recover|p2a: Gholdengo
|-heal|p2a: Gholdengo|78/100
|
|-heal|p1a: LeJ/ovni/la lettre|94/100 par|[from] item: Leftovers
|upkeep
|turn|76
|
|t:|1758948590
|switch|p1a: brat|Blissey, F|84/100
|move|p2a: Gholdengo|Hex|p1a: brat
|-immune|p1a: brat
|
|upkeep
|turn|77
|
|t:|1758948592
|switch|p2a: Alomomola|Alomomola, F, shiny|100/100
|-damage|p2a: Alomomola|88/100|[from] Stealth Rock
|switch|p1a: LeJ/ovni/la lettre|Slowking-Galar, M|100/100 par
|-damage|p1a: LeJ/ovni/la lettre|88/100 par|[from] Stealth Rock
|
|-heal|p1a: LeJ/ovni/la lettre|94/100 par|[from] item: Leftovers
|upkeep
|turn|78
|
|t:|1758948609
|move|p2a: Alomomola|Wish|p2a: Alomomola
|move|p1a: LeJ/ovni/la lettre|Thunder Wave|p2a: Alomomola
|-status|p2a: Alomomola|par
|
|-heal|p1a: LeJ/ovni/la lettre|99/100 par|[from] item: Leftovers
|upkeep
|turn|79
|
|t:|1758948613
|switch|p2a: Gholdengo|Gholdengo, shiny|78/100
|-damage|p2a: Gholdengo|72/100|[from] Stealth Rock
|move|p1a: LeJ/ovni/la lettre|Future Sight|p2a: Gholdengo
|-start|p1a: LeJ/ovni/la lettre|move: Future Sight
|
|-heal|p2a: Gholdengo|100/100|[from] move: Wish|[wisher] Alomomola
|-heal|p1a: LeJ/ovni/la lettre|100/100 par|[from] item: Leftovers
|upkeep
|turn|80
|
|t:|1758948620
|switch|p2a: Amoonguss|Amoonguss, F, shiny|100/100
|switch|p1a: brat|Blissey, F|84/100
|
|upkeep
|turn|81
|l| IM AT MY LIMIT
|
|t:|1758948625
|switch|p1a: LeJ/ovni/la lettre|Slowking-Galar, M|100/100 par
|-damage|p1a: LeJ/ovni/la lettre|88/100 par|[from] Stealth Rock
|switch|p2a: Gholdengo|Gholdengo, shiny|100/100
|-damage|p2a: Gholdengo|94/100|[from] Stealth Rock
|
|-end|p2a: Gholdengo|move: Future Sight
|-resisted|p2a: Gholdengo
|-crit|p2a: Gholdengo
|-damage|p2a: Gholdengo|60/100
|-heal|p1a: LeJ/ovni/la lettre|94/100 par|[from] item: Leftovers
|upkeep
|turn|82
|
|t:|1758948628
|switch|p2a: Great Tusk|Great Tusk, shiny|58/100
|switch|p1a: brat|Blissey, F|84/100
|
|upkeep
|turn|83
|j| IM AT MY LIMIT
|
|t:|1758948635
|switch|p1a: 🇮🇱=terrorists|Gliscor, M|100/100 tox
|-damage|p1a: 🇮🇱=terrorists|88/100 tox|[from] Stealth Rock
|move|p2a: Great Tusk|Knock Off|p1a: 🇮🇱=terrorists
|-damage|p1a: 🇮🇱=terrorists|63/100 tox
|-enditem|p1a: 🇮🇱=terrorists|Toxic Orb|[from] move: Knock Off|[of] p2a: Great Tusk
|
|-heal|p1a: 🇮🇱=terrorists|76/100 tox|[from] ability: Poison Heal
|upkeep
|turn|84
|
|t:|1758948639
|-end|p2a: Great Tusk|Protosynthesis|[silent]
|switch|p2a: Amoonguss|Amoonguss, F, shiny|100/100
|move|p1a: 🇮🇱=terrorists|Toxic|p2a: Amoonguss
|-immune|p2a: Amoonguss
|
|-heal|p1a: 🇮🇱=terrorists|88/100 tox|[from] ability: Poison Heal
|upkeep
|turn|85
|
|t:|1758948643
|move|p1a: 🇮🇱=terrorists|Earthquake|p2a: Amoonguss
|-damage|p2a: Amoonguss|79/100
|move|p2a: Amoonguss|Giga Drain|p1a: 🇮🇱=terrorists
|-damage|p1a: 🇮🇱=terrorists|62/100 tox
|-heal|p2a: Amoonguss|90/100|[from] drain|[of] p1a: 🇮🇱=terrorists
|
|-heal|p1a: 🇮🇱=terrorists|74/100 tox|[from] ability: Poison Heal
|upkeep
|turn|86
|
|t:|1758948651
|move|p1a: 🇮🇱=terrorists|Protect|p1a: 🇮🇱=terrorists
|-singleturn|p1a: 🇮🇱=terrorists|Protect
|move|p2a: Amoonguss|Giga Drain|p1a: 🇮🇱=terrorists
|-activate|p1a: 🇮🇱=terrorists|move: Protect
|
|-heal|p1a: 🇮🇱=terrorists|87/100 tox|[from] ability: Poison Heal
|upkeep
|turn|87
|
|t:|1758948655
|switch|p1a: LeJ/ovni/la lettre|Slowking-Galar, M|100/100 par
|-damage|p1a: LeJ/ovni/la lettre|88/100 par|[from] Stealth Rock
|move|p2a: Amoonguss|Foul Play|p1a: LeJ/ovni/la lettre
|-supereffective|p1a: LeJ/ovni/la lettre
|-damage|p1a: LeJ/ovni/la lettre|63/100 par
|
|-heal|p1a: LeJ/ovni/la lettre|69/100 par|[from] item: Leftovers
|upkeep
|turn|88
|
|t:|1758948659
|switch|p2a: Gholdengo|Gholdengo, shiny|60/100
|-damage|p2a: Gholdengo|54/100|[from] Stealth Rock
|move|p1a: LeJ/ovni/la lettre|Future Sight|p2a: Gholdengo
|-start|p1a: LeJ/ovni/la lettre|move: Future Sight
|
|-heal|p1a: LeJ/ovni/la lettre|75/100 par|[from] item: Leftovers
|upkeep
|turn|89
|
|t:|1758948665
|switch|p1a: brat|Blissey, F|84/100
|move|p2a: Gholdengo|Recover|p2a: Gholdengo
|-heal|p2a: Gholdengo|100/100
|
|upkeep
|turn|90
|
|t:|1758948668
|move|p2a: Gholdengo|Thunder Wave|p1a: brat
|-status|p1a: brat|par
|move|p1a: brat|Shadow Ball|p2a: Gholdengo
|-supereffective|p2a: Gholdengo
|-damage|p2a: Gholdengo|69/100
|
|-end|p2a: Gholdengo|move: Future Sight
|-resisted|p2a: Gholdengo
|-damage|p2a: Gholdengo|47/100
|upkeep
|turn|91
|
|t:|1758948673
|move|p2a: Gholdengo|Recover|p2a: Gholdengo
|-heal|p2a: Gholdengo|97/100
|move|p1a: brat|Shadow Ball|p2a: Gholdengo
|-supereffective|p2a: Gholdengo
|-damage|p2a: Gholdengo|67/100
|
|upkeep
|turn|92
|
|t:|1758948688
|move|p2a: Gholdengo|Thunder Wave|p1a: brat
|-fail|p1a: brat|par
|move|p1a: brat|Shadow Ball|p2a: Gholdengo
|-supereffective|p2a: Gholdengo
|-damage|p2a: Gholdengo|40/100
|
|upkeep
|turn|93
|j| Bobaba
|
|t:|1758948695
|move|p2a: Gholdengo|Recover|p2a: Gholdengo
|-heal|p2a: Gholdengo|90/100
|move|p1a: brat|Shadow Ball|p2a: Gholdengo
|-supereffective|p2a: Gholdengo
|-damage|p2a: Gholdengo|62/100
|
|upkeep
|turn|94
|l| Ctannn
|
|t:|1758948700
|switch|p2a: Alomomola|Alomomola, F, shiny|100/100 par
|-damage|p2a: Alomomola|88/100 par|[from] Stealth Rock
|move|p1a: brat|Shadow Ball|p2a: Alomomola
|-damage|p2a: Alomomola|69/100 par
|
|upkeep
|turn|95
|
|t:|1758948708
|-curestatus|p1a: brat|par|[from] ability: Natural Cure
|switch|p1a: LeJ/ovni/la lettre|Slowking-Galar, M|100/100 par
|-damage|p1a: LeJ/ovni/la lettre|88/100 par|[from] Stealth Rock
|move|p2a: Alomomola|Wish|p2a: Alomomola
|
|-heal|p1a: LeJ/ovni/la lettre|94/100 par|[from] item: Leftovers
|upkeep
|turn|96
|
|t:|1758948711
|switch|p2a: Great Tusk|Great Tusk, shiny|58/100
|move|p1a: LeJ/ovni/la lettre|Future Sight|p2a: Great Tusk
|-start|p1a: LeJ/ovni/la lettre|move: Future Sight
|
|-heal|p2a: Great Tusk|100/100|[from] move: Wish|[wisher] Alomomola
|-heal|p1a: LeJ/ovni/la lettre|99/100 par|[from] item: Leftovers
|upkeep
|turn|97
|
|t:|1758948719
|switch|p1a: 🇮🇱=terrorists|Gliscor, M|87/100 tox
|-damage|p1a: 🇮🇱=terrorists|74/100 tox|[from] Stealth Rock
|move|p2a: Great Tusk|Rapid Spin|p1a: 🇮🇱=terrorists
|-damage|p1a: 🇮🇱=terrorists|62/100 tox
|-boost|p2a: Great Tusk|spe|1
|-sideend|p2: jojosworld|Stealth Rock|[from] move: Rapid Spin|[of] p2a: Great Tusk
|
|-heal|p1a: 🇮🇱=terrorists|74/100 tox|[from] ability: Poison Heal
|upkeep
|turn|98
|
|t:|1758948727
|-end|p2a: Great Tusk|Protosynthesis|[silent]
|switch|p2a: Alomomola|Alomomola, F, shiny|100/100 par
|move|p1a: 🇮🇱=terrorists|Earthquake|p2a: Alomomola
|-damage|p2a: Alomomola|85/100 par
|
|-end|p2a: Alomomola|move: Future Sight
|-damage|p2a: Alomomola|36/100 par
|-heal|p1a: 🇮🇱=terrorists|87/100 tox|[from] ability: Poison Heal
|upkeep
|turn|99
|j| FaronAan
|j| Ctannn
|
|t:|1758948738
|switch|p1a: LeJ/ovni/la lettre|Slowking-Galar, M|100/100 par
|-damage|p1a: LeJ/ovni/la lettre|88/100 par|[from] Stealth Rock
|switch|p2a: Amoonguss|Amoonguss, F, shiny|100/100
|
|-heal|p1a: LeJ/ovni/la lettre|94/100 par|[from] item: Leftovers
|upkeep
|turn|100
|
|t:|1758948740
|switch|p2a: Alomomola|Alomomola, F, shiny|69/100 par
|move|p1a: LeJ/ovni/la lettre|Future Sight|p2a: Alomomola
|-start|p1a: LeJ/ovni/la lettre|move: Future Sight
|
|-heal|p1a: LeJ/ovni/la lettre|99/100 par|[from] item: Leftovers
|upkeep
|turn|101
|
|t:|1758948745
|move|p1a: LeJ/ovni/la lettre|Sludge Bomb|p2a: Alomomola
|-damage|p2a: Alomomola|29/100 par
|move|p2a: Alomomola|Flip Turn|p1a: LeJ/ovni/la lettre
|-damage|p1a: LeJ/ovni/la lettre|82/100 par
|
|t:|1758948747
|switch|p2a: Gholdengo|Gholdengo, shiny|62/100|[from] Flip Turn
|
|-heal|p1a: LeJ/ovni/la lettre|88/100 par|[from] item: Leftovers
|upkeep
|turn|102
|
|t:|1758948755
|switch|p1a: brat|Blissey, F|84/100
|move|p2a: Gholdengo|Thunder Wave|p1a: brat|[miss]
|-miss|p2a: Gholdengo|p1a: brat
|
|-end|p2a: Gholdengo|move: Future Sight
|-resisted|p2a: Gholdengo
|-damage|p2a: Gholdengo|39/100
|upkeep
|turn|103
|
|t:|1758948758
|switch|p2a: Alomomola|Alomomola, F, shiny|62/100 par
|move|p1a: brat|Stealth Rock|p2a: Alomomola
|-sidestart|p2: jojosworld|move: Stealth Rock
|
|upkeep
|turn|104
|
|t:|1758948761
|switch|p1a: LeJ/ovni/la lettre|Slowking-Galar, M|100/100 par
|-damage|p1a: LeJ/ovni/la lettre|88/100 par|[from] Stealth Rock
|move|p2a: Alomomola|Flip Turn|p1a: LeJ/ovni/la lettre
|-damage|p1a: LeJ/ovni/la lettre|68/100 par
|
|t:|1758948764
|switch|p2a: Great Tusk|Great Tusk, shiny|100/100|[from] Flip Turn
|
|-heal|p1a: LeJ/ovni/la lettre|74/100 par|[from] item: Leftovers
|upkeep
|turn|105
|
|t:|1758948773
|switch|p1a: 🇮🇱=terrorists|Gliscor, M|87/100 tox
|-damage|p1a: 🇮🇱=terrorists|74/100 tox|[from] Stealth Rock
|move|p2a: Great Tusk|Rapid Spin|p1a: 🇮🇱=terrorists
|-damage|p1a: 🇮🇱=terrorists|61/100 tox
|-boost|p2a: Great Tusk|spe|1
|-sideend|p2: jojosworld|Stealth Rock|[from] move: Rapid Spin|[of] p2a: Great Tusk
|
|-heal|p1a: 🇮🇱=terrorists|73/100 tox|[from] ability: Poison Heal
|upkeep
|turn|106
|
|t:|1758948777
|-end|p2a: Great Tusk|Protosynthesis|[silent]
|switch|p2a: Alomomola|Alomomola, F, shiny|95/100 par
|move|p1a: 🇮🇱=terrorists|Toxic||[still]
|-fail|p1a: 🇮🇱=terrorists
|
|-heal|p1a: 🇮🇱=terrorists|86/100 tox|[from] ability: Poison Heal
|upkeep
|turn|107
|
|t:|1758948780
|switch|p1a: LeJ/ovni/la lettre|Slowking-Galar, M|100/100 par
|-damage|p1a: LeJ/ovni/la lettre|88/100 par|[from] Stealth Rock
|cant|p2a: Alomomola|par
|
|-heal|p1a: LeJ/ovni/la lettre|94/100 par|[from] item: Leftovers
|upkeep
|turn|108
|
|t:|1758948783
|move|p1a: LeJ/ovni/la lettre|Future Sight|p2a: Alomomola
|-start|p1a: LeJ/ovni/la lettre|move: Future Sight
|move|p2a: Alomomola|Flip Turn|p1a: LeJ/ovni/la lettre
|-damage|p1a: LeJ/ovni/la lettre|74/100 par
|
|t:|1758948787
|switch|p2a: Great Tusk|Great Tusk, shiny|100/100|[from] Flip Turn
|
|-heal|p1a: LeJ/ovni/la lettre|80/100 par|[from] item: Leftovers
|upkeep
|turn|109
|
|t:|1758948791
|switch|p1a: 🇮🇱=terrorists|Gliscor, M|86/100 tox
|-damage|p1a: 🇮🇱=terrorists|73/100 tox|[from] Stealth Rock
|move|p2a: Great Tusk|Knock Off|p1a: 🇮🇱=terrorists
|-damage|p1a: 🇮🇱=terrorists|59/100 tox
|
|-heal|p1a: 🇮🇱=terrorists|71/100 tox|[from] ability: Poison Heal
|upkeep
|turn|110
|
|t:|1758948794
|-end|p2a: Great Tusk|Protosynthesis|[silent]
|switch|p2a: Alomomola|Alomomola, F, shiny|100/100 par
|move|p1a: 🇮🇱=terrorists|Earthquake|p2a: Alomomola
|-damage|p2a: Alomomola|85/100 par
|
|-end|p2a: Alomomola|move: Future Sight
|-crit|p2a: Alomomola
|-damage|p2a: Alomomola|1/100 par
|-heal|p1a: 🇮🇱=terrorists|84/100 tox|[from] ability: Poison Heal
|upkeep
|turn|111
|
|t:|1758948811
|switch|p2a: Amoonguss|Amoonguss, F, shiny|100/100
|move|p1a: 🇮🇱=terrorists|Earthquake|p2a: Amoonguss
|-damage|p2a: Amoonguss|79/100
|
|-heal|p1a: 🇮🇱=terrorists|96/100 tox|[from] ability: Poison Heal
|upkeep
|turn|112
|
|t:|1758948815
|switch|p1a: LeJ/ovni/la lettre|Slowking-Galar, M|100/100 par
|-damage|p1a: LeJ/ovni/la lettre|88/100 par|[from] Stealth Rock
|switch|p2a: Alomomola|Alomomola, F, shiny|34/100 par
|
|-heal|p1a: LeJ/ovni/la lettre|94/100 par|[from] item: Leftovers
|upkeep
|turn|113
|
|t:|1758948819
|switch|p2a: Amoonguss|Amoonguss, F, shiny|100/100
|move|p1a: LeJ/ovni/la lettre|Future Sight|p2a: Amoonguss
|-start|p1a: LeJ/ovni/la lettre|move: Future Sight
|
|-heal|p1a: LeJ/ovni/la lettre|99/100 par|[from] item: Leftovers
|upkeep
|turn|114
|
|t:|1758948824
|switch|p2a: Gholdengo|Gholdengo, shiny|39/100
|switch|p1a: brat|Blissey, F|84/100
|
|upkeep
|turn|115
|
|t:|1758948827
|move|p2a: Gholdengo|Recover|p2a: Gholdengo
|-heal|p2a: Gholdengo|89/100
|move|p1a: brat|Stealth Rock|p2a: Gholdengo
|-sidestart|p2: jojosworld|move: Stealth Rock
|
|-end|p2a: Gholdengo|move: Future Sight
|-resisted|p2a: Gholdengo
|-damage|p2a: Gholdengo|66/100
|upkeep
|turn|116
|
|t:|1758948830
|switch|p2a: Alomomola|Alomomola, F, shiny|68/100 par
|-damage|p2a: Alomomola|55/100 par|[from] Stealth Rock
|move|p1a: brat|Shadow Ball|p2a: Alomomola
|-damage|p2a: Alomomola|37/100 par
|
|upkeep
|turn|117
|
|t:|1758948833
|move|p1a: brat|Calm Mind|p1a: brat
|-boost|p1a: brat|spa|1
|-boost|p1a: brat|spd|1
|move|p2a: Alomomola|Flip Turn|p1a: brat
|-damage|p1a: brat|68/100
|
|t:|1758948836
|switch|p2a: Great Tusk|Great Tusk, shiny|100/100|[from] Flip Turn
|
|upkeep
|turn|118
|
|t:|1758948839
|switch|p1a: 🇮🇱=terrorists|Gliscor, M|96/100 tox
|-damage|p1a: 🇮🇱=terrorists|84/100 tox|[from] Stealth Rock
|move|p2a: Great Tusk|Rapid Spin|p1a: 🇮🇱=terrorists
|-damage|p1a: 🇮🇱=terrorists|71/100 tox
|-boost|p2a: Great Tusk|spe|1
|-sideend|p2: jojosworld|Stealth Rock|[from] move: Rapid Spin|[of] p2a: Great Tusk
|
|-heal|p1a: 🇮🇱=terrorists|83/100 tox|[from] ability: Poison Heal
|upkeep
|turn|119
|
|t:|1758948844
|-end|p2a: Great Tusk|Protosynthesis|[silent]
|switch|p2a: Alomomola|Alomomola, F, shiny|70/100 par
|switch|p1a: LeJ/ovni/la lettre|Slowking-Galar, M|100/100 par
|-damage|p1a: LeJ/ovni/la lettre|88/100 par|[from] Stealth Rock
|
|-heal|p1a: LeJ/ovni/la lettre|94/100 par|[from] item: Leftovers
|upkeep
|turn|120
|
|t:|1758948847
|switch|p2a: Clefable|Clefable, M, shiny|100/100 tox
|move|p1a: LeJ/ovni/la lettre|Future Sight|p2a: Clefable
|-start|p1a: LeJ/ovni/la lettre|move: Future Sight
|
|-heal|p1a: LeJ/ovni/la lettre|99/100 par|[from] item: Leftovers
|upkeep
|turn|121
|
|t:|1758948850
|switch|p2a: Amoonguss|Amoonguss, F, shiny|100/100
|move|p1a: LeJ/ovni/la lettre|Sludge Bomb|p2a: Amoonguss
|-damage|p2a: Amoonguss|67/100
|
|-heal|p1a: LeJ/ovni/la lettre|100/100 par|[from] item: Leftovers
|upkeep
|turn|122
|
|t:|1758948856
|switch|p2a: Goodra|Goodra-Hisui, F, shiny|100/100
|move|p1a: LeJ/ovni/la lettre|Sludge Bomb|p2a: Goodra
|-immune|p2a: Goodra
|
|-end|p2a: Goodra|move: Future Sight
|-resisted|p2a: Goodra
|-damage|p2a: Goodra|93/100
|upkeep
|turn|123
|
|t:|1758948861
|switch|p2a: Alomomola|Alomomola, F, shiny|100/100 par
|move|p1a: LeJ/ovni/la lettre|Thunder Wave|p2a: Alomomola
|-fail|p2a: Alomomola|par
|
|upkeep
|turn|124
|
|t:|1758948864
|cant|p1a: LeJ/ovni/la lettre|par
|move|p2a: Alomomola|Flip Turn|p1a: LeJ/ovni/la lettre
|-damage|p1a: LeJ/ovni/la lettre|82/100 par
|
|t:|1758948869
|switch|p2a: Amoonguss|Amoonguss, F, shiny|100/100|[from] Flip Turn
|
|-heal|p1a: LeJ/ovni/la lettre|88/100 par|[from] item: Leftovers
|upkeep
|turn|125
|
|t:|1758948872
|switch|p2a: Alomomola|Alomomola, F, shiny|100/100 par
|move|p1a: LeJ/ovni/la lettre|Future Sight|p2a: Alomomola
|-start|p1a: LeJ/ovni/la lettre|move: Future Sight
|
|-heal|p1a: LeJ/ovni/la lettre|94/100 par|[from] item: Leftovers
|upkeep
|turn|126
|
|t:|1758948876
|switch|p1a: brat|Blissey, F|68/100
|switch|p2a: Amoonguss|Amoonguss, F, shiny|100/100
|
|upkeep
|turn|127
|
|t:|1758948883
|switch|p2a: Goodra|Goodra-Hisui, F, shiny|93/100
|move|p1a: brat|Stealth Rock|p2a: Goodra
|-sidestart|p2: jojosworld|move: Stealth Rock
|
|-end|p2a: Goodra|move: Future Sight
|-resisted|p2a: Goodra
|-damage|p2a: Goodra|85/100
|upkeep
|turn|128
|
|t:|1758948885
|switch|p1a: Charli xcx|Clefable, M|100/100
|switch|p2a: Great Tusk|Great Tusk, shiny|100/100
|
|upkeep
|turn|129
|
|t:|1758948890
|-end|p2a: Great Tusk|Protosynthesis|[silent]
|switch|p2a: Clefable|Clefable, M, shiny|100/100 tox
|move|p1a: Charli xcx|Moonblast|p2a: Clefable
|-damage|p2a: Clefable|70/100 tox
|
|upkeep
|turn|130
|
|t:|1758948893
|move|p1a: Charli xcx|Protect|p1a: Charli xcx
|-singleturn|p1a: Charli xcx|Protect
|move|p2a: Clefable|Thunder Wave|p1a: Charli xcx
|-activate|p1a: Charli xcx|move: Protect
|
|upkeep
|turn|131
|
|t:|1758948896
|switch|p2a: Great Tusk|Great Tusk, shiny|100/100
|switch|p1a: LeJ/ovni/la lettre|Slowking-Galar, M|100/100 par
|-damage|p1a: LeJ/ovni/la lettre|88/100 par|[from] Stealth Rock
|
|-heal|p1a: LeJ/ovni/la lettre|94/100 par|[from] item: Leftovers
|upkeep
|turn|132
|
|t:|1758948901
|move|p2a: Great Tusk|Rapid Spin|p1a: LeJ/ovni/la lettre
|-damage|p1a: LeJ/ovni/la lettre|69/100 par
|-boost|p2a: Great Tusk|spe|1
|-sideend|p2: jojosworld|Stealth Rock|[from] move: Rapid Spin|[of] p2a: Great Tusk
|cant|p1a: LeJ/ovni/la lettre|par
|
|-heal|p1a: LeJ/ovni/la lettre|75/100 par|[from] item: Leftovers
|upkeep
|turn|133
|
|t:|1758948906
|switch|p1a: 🇮🇱=terrorists|Gliscor, M|83/100 tox
|-damage|p1a: 🇮🇱=terrorists|71/100 tox|[from] Stealth Rock
|move|p2a: Great Tusk|Knock Off|p1a: 🇮🇱=terrorists
|-damage|p1a: 🇮🇱=terrorists|56/100 tox
|
|-heal|p1a: 🇮🇱=terrorists|69/100 tox|[from] ability: Poison Heal
|upkeep
|turn|134
|
|t:|1758948910
|-end|p2a: Great Tusk|Protosynthesis|[silent]
|switch|p2a: Alomomola|Alomomola, F, shiny|100/100 par
|move|p1a: 🇮🇱=terrorists|Toxic||[still]
|-fail|p1a: 🇮🇱=terrorists
|
|-heal|p1a: 🇮🇱=terrorists|81/100 tox|[from] ability: Poison Heal
|upkeep
|turn|135
|
|t:|1758948913
|switch|p1a: LeJ/ovni/la lettre|Slowking-Galar, M|100/100 par
|-damage|p1a: LeJ/ovni/la lettre|88/100 par|[from] Stealth Rock
|cant|p2a: Alomomola|par
|
|-heal|p1a: LeJ/ovni/la lettre|94/100 par|[from] item: Leftovers
|upkeep
|turn|136
|
|t:|1758948916
|move|p1a: LeJ/ovni/la lettre|Future Sight|p2a: Alomomola
|-start|p1a: LeJ/ovni/la lettre|move: Future Sight
|move|p2a: Alomomola|Flip Turn|p1a: LeJ/ovni/la lettre
|-damage|p1a: LeJ/ovni/la lettre|74/100 par
|
|t:|1758948917
|switch|p2a: Great Tusk|Great Tusk, shiny|100/100|[from] Flip Turn
|
|-heal|p1a: LeJ/ovni/la lettre|80/100 par|[from] item: Leftovers
|upkeep
|turn|137
|
|t:|1758948921
|switch|p1a: 🇮🇱=terrorists|Gliscor, M|81/100 tox
|-damage|p1a: 🇮🇱=terrorists|69/100 tox|[from] Stealth Rock
|move|p2a: Great Tusk|Knock Off|p1a: 🇮🇱=terrorists
|-damage|p1a: 🇮🇱=terrorists|52/100 tox
|
|-heal|p1a: 🇮🇱=terrorists|64/100 tox|[from] ability: Poison Heal
|upkeep
|turn|138
|
|t:|1758948926
|-end|p2a: Great Tusk|Protosynthesis|[silent]
|switch|p2a: Goodra|Goodra-Hisui, F, shiny|85/100
|switch|p1a: Charli xcx|Clefable, M|100/100
|
|-end|p2a: Goodra|move: Future Sight
|-resisted|p2a: Goodra
|-damage|p2a: Goodra|77/100
|upkeep
|turn|139
|
|t:|1758948931
|move|p1a: Charli xcx|Protect|p1a: Charli xcx
|-singleturn|p1a: Charli xcx|Protect
|move|p2a: Goodra|Heavy Slam|p1a: Charli xcx
|-activate|p1a: Charli xcx|move: Protect
|
|upkeep
|turn|140
|
|t:|1758948934
|switch|p1a: LeJ/ovni/la lettre|Slowking-Galar, M|100/100 par
|-damage|p1a: LeJ/ovni/la lettre|88/100 par|[from] Stealth Rock
|switch|p2a: Clefable|Clefable, M, shiny|70/100 tox
|
|-heal|p1a: LeJ/ovni/la lettre|94/100 par|[from] item: Leftovers
|upkeep
|turn|141
|
|t:|1758948944
|move|p2a: Clefable|Moonlight|p2a: Clefable
|-heal|p2a: Clefable|100/100 tox
|move|p1a: LeJ/ovni/la lettre|Future Sight|p2a: Clefable
|-start|p1a: LeJ/ovni/la lettre|move: Future Sight
|
|-heal|p1a: LeJ/ovni/la lettre|99/100 par|[from] item: Leftovers
|upkeep
|turn|142
|
|t:|1758948949
|switch|p2a: Amoonguss|Amoonguss, F, shiny|100/100
|switch|p1a: brat|Blissey, F|68/100
|
|upkeep
|turn|143
|
|t:|1758948956
|switch|p2a: Goodra|Goodra-Hisui, F, shiny|77/100
|move|p1a: brat|Stealth Rock|p2a: Goodra
|-sidestart|p2: jojosworld|move: Stealth Rock
|
|-end|p2a: Goodra|move: Future Sight
|-resisted|p2a: Goodra
|-damage|p2a: Goodra|70/100
|upkeep
|turn|144
|
|t:|1758948960
|switch|p1a: LeJ/ovni/la lettre|Slowking-Galar, M|100/100 par
|-damage|p1a: LeJ/ovni/la lettre|88/100 par|[from] Stealth Rock
|switch|p2a: Alomomola|Alomomola, F, shiny|100/100 par
|-damage|p2a: Alomomola|88/100 par|[from] Stealth Rock
|
|-heal|p1a: LeJ/ovni/la lettre|94/100 par|[from] item: Leftovers
|upkeep
|turn|145
|
|t:|1758948963
|move|p1a: LeJ/ovni/la lettre|Future Sight|p2a: Alomomola
|-start|p1a: LeJ/ovni/la lettre|move: Future Sight
|move|p2a: Alomomola|Flip Turn|p1a: LeJ/ovni/la lettre
|-damage|p1a: LeJ/ovni/la lettre|73/100 par
|
|t:|1758948969
|switch|p2a: Great Tusk|Great Tusk, shiny|100/100|[from] Flip Turn
|
|-heal|p1a: LeJ/ovni/la lettre|79/100 par|[from] item: Leftovers
|upkeep
|turn|146
|
|t:|1758948973
|-end|p2a: Great Tusk|Protosynthesis|[silent]
|switch|p2a: Goodra|Goodra-Hisui, F, shiny|70/100
|-damage|p2a: Goodra|64/100|[from] Stealth Rock
|cant|p1a: LeJ/ovni/la lettre|par
|
|-heal|p1a: LeJ/ovni/la lettre|85/100 par|[from] item: Leftovers
|upkeep
|turn|147
|
|t:|1758948979
|move|p2a: Goodra|Draco Meteor|p1a: LeJ/ovni/la lettre
|-damage|p1a: LeJ/ovni/la lettre|51/100 par
|-unboost|p2a: Goodra|spa|2
|cant|p1a: LeJ/ovni/la lettre|par
|
|-end|p2a: Goodra|move: Future Sight
|-resisted|p2a: Goodra
|-damage|p2a: Goodra|56/100
|-heal|p1a: LeJ/ovni/la lettre|57/100 par|[from] item: Leftovers
|upkeep
|turn|148
|
|t:|1758948985
|move|p2a: Goodra|Knock Off|p1a: LeJ/ovni/la lettre
|-supereffective|p1a: LeJ/ovni/la lettre
|-damage|p1a: LeJ/ovni/la lettre|2/100 par
|-enditem|p1a: LeJ/ovni/la lettre|Leftovers|[from] move: Knock Off|[of] p2a: Goodra
|move|p1a: LeJ/ovni/la lettre|Future Sight|p2a: Goodra
|-start|p1a: LeJ/ovni/la lettre|move: Future Sight
|
|upkeep
|turn|149
|
|t:|1758948992
|switch|p1a: 🇮🇱=terrorists|Gliscor, M|64/100 tox
|-damage|p1a: 🇮🇱=terrorists|52/100 tox|[from] Stealth Rock
|move|p2a: Goodra|Knock Off|p1a: 🇮🇱=terrorists
|-damage|p1a: 🇮🇱=terrorists|43/100 tox
|
|-heal|p1a: 🇮🇱=terrorists|55/100 tox|[from] ability: Poison Heal
|upkeep
|turn|150
|
|t:|1758948998
|switch|p2a: Clefable|Clefable, M, shiny|100/100 tox
|move|p1a: 🇮🇱=terrorists|Earthquake|p2a: Clefable
|-damage|p2a: Clefable|78/100 tox
|
|-end|p2a: Clefable|move: Future Sight
|-damage|p2a: Clefable|35/100 tox
|-heal|p1a: 🇮🇱=terrorists|67/100 tox|[from] ability: Poison Heal
|upkeep
|turn|151
|
|t:|1758949002
|move|p1a: 🇮🇱=terrorists|Earthquake|p2a: Clefable
|-damage|p2a: Clefable|12/100 tox
|move|p2a: Clefable|Moonlight|p2a: Clefable
|-heal|p2a: Clefable|62/100 tox
|
|-heal|p1a: 🇮🇱=terrorists|80/100 tox|[from] ability: Poison Heal
|upkeep
|turn|152
|
|t:|1758949005
|switch|p1a: LeJ/ovni/la lettre|Slowking-Galar, M|35/100 par
|-damage|p1a: LeJ/ovni/la lettre|23/100 par|[from] Stealth Rock
|move|p2a: Clefable|Moonlight|p2a: Clefable
|-heal|p2a: Clefable|100/100 tox
|
|upkeep
|turn|153
|
|t:|1758949010
|switch|p2a: Great Tusk|Great Tusk, shiny|100/100
|cant|p1a: LeJ/ovni/la lettre|par
|
|upkeep
|turn|154
|
|t:|1758949014
|switch|p1a: 🇮🇱=terrorists|Gliscor, M|80/100 tox
|-damage|p1a: 🇮🇱=terrorists|67/100 tox|[from] Stealth Rock
|move|p2a: Great Tusk|Rapid Spin|p1a: 🇮🇱=terrorists
|-damage|p1a: 🇮🇱=terrorists|56/100 tox
|-boost|p2a: Great Tusk|spe|1
|-sideend|p2: jojosworld|Stealth Rock|[from] move: Rapid Spin|[of] p2a: Great Tusk
|
|-heal|p1a: 🇮🇱=terrorists|68/100 tox|[from] ability: Poison Heal
|upkeep
|turn|155
|
|t:|1758949019
|-end|p2a: Great Tusk|Protosynthesis|[silent]
|switch|p2a: Alomomola|Alomomola, F, shiny|100/100 par
|move|p1a: 🇮🇱=terrorists|Toxic||[still]
|-fail|p1a: 🇮🇱=terrorists
|
|-heal|p1a: 🇮🇱=terrorists|81/100 tox|[from] ability: Poison Heal
|upkeep
|turn|156
|
|t:|1758949022
|switch|p1a: LeJ/ovni/la lettre|Slowking-Galar, M|56/100 par
|-damage|p1a: LeJ/ovni/la lettre|43/100 par|[from] Stealth Rock
|move|p2a: Alomomola|Wish|p2a: Alomomola
|
|upkeep
|turn|157
|
|t:|1758949026
|switch|p1a: Charli xcx|Clefable, M|100/100
|cant|p2a: Alomomola|par
|
|upkeep
|turn|158
|j| Shucklepilled
|
|t:|1758949033
|move|p1a: Charli xcx|Knock Off|p2a: Alomomola
|-damage|p2a: Alomomola|95/100 par
|cant|p2a: Alomomola|par
|
|upkeep
|turn|159
|
|t:|1758949037
|switch|p1a: LeJ/ovni/la lettre|Slowking-Galar, M|77/100 par
|-damage|p1a: LeJ/ovni/la lettre|64/100 par|[from] Stealth Rock
|move|p2a: Alomomola|Flip Turn|p1a: LeJ/ovni/la lettre
|-damage|p1a: LeJ/ovni/la lettre|43/100 par
|
|t:|1758949039
|switch|p2a: Goodra|Goodra-Hisui, F, shiny|56/100|[from] Flip Turn
|
|upkeep
|turn|160
|
|t:|1758949050
|move|p2a: Goodra|Heavy Slam|p1a: LeJ/ovni/la lettre
|-damage|p1a: LeJ/ovni/la lettre|5/100 par
|cant|p1a: LeJ/ovni/la lettre|par
|
|upkeep
|turn|161
|
|t:|1758949055
|switch|p1a: 808 and curses|Dondozo, M|85/100 slp
|-damage|p1a: 808 and curses|72/100 slp|[from] Stealth Rock
|move|p2a: Goodra|Draco Meteor|p1a: 808 and curses
|-damage|p1a: 808 and curses|23/100 slp
|-unboost|p2a: Goodra|spa|2
|
|-heal|p1a: 808 and curses|29/100 slp|[from] item: Leftovers
|upkeep
|turn|162
|
|t:|1758949060
|switch|p1a: 🇮🇱=terrorists|Gliscor, M|81/100 tox
|-damage|p1a: 🇮🇱=terrorists|68/100 tox|[from] Stealth Rock
|move|p2a: Goodra|Draco Meteor|p1a: 🇮🇱=terrorists|[miss]
|-miss|p2a: Goodra|p1a: 🇮🇱=terrorists
|
|-heal|p1a: 🇮🇱=terrorists|81/100 tox|[from] ability: Poison Heal
|upkeep
|turn|163
|
|t:|1758949065
|switch|p1a: LeJ/ovni/la lettre|Slowking-Galar, M|39/100 par
|-damage|p1a: LeJ/ovni/la lettre|26/100 par|[from] Stealth Rock
|switch|p2a: Alomomola|Alomomola, F, shiny|100/100 par
|
|upkeep
|turn|164
|
|t:|1758949068
|switch|p1a: Charli xcx|Clefable, M|100/100
|move|p2a: Alomomola|Flip Turn|p1a: Charli xcx
|-damage|p1a: Charli xcx|81/100
|
|t:|1758949073
|switch|p2a: Gholdengo|Gholdengo, shiny|66/100|[from] Flip Turn
|
|upkeep
|turn|165
|
|t:|1758949077
|move|p1a: Charli xcx|Protect|p1a: Charli xcx
|-singleturn|p1a: Charli xcx|Protect
|move|p2a: Gholdengo|Thunder Wave|p1a: Charli xcx
|-activate|p1a: Charli xcx|move: Protect
|
|upkeep
|turn|166
|
|t:|1758949081
|switch|p2a: Alomomola|Alomomola, F, shiny|100/100 par
|switch|p1a: brat|Blissey, F|68/100
|
|upkeep
|turn|167
|
|t:|1758949086
|move|p1a: brat|Stealth Rock|p2a: Alomomola
|-sidestart|p2: jojosworld|move: Stealth Rock
|cant|p2a: Alomomola|par
|
|upkeep
|turn|168
|c| larp legion|whos winning chat
|
|t:|1758949089
|switch|p1a: LeJ/ovni/la lettre|Slowking-Galar, M|59/100 par
|-damage|p1a: LeJ/ovni/la lettre|47/100 par|[from] Stealth Rock
|move|p2a: Alomomola|Flip Turn|p1a: LeJ/ovni/la lettre
|-damage|p1a: LeJ/ovni/la lettre|26/100 par
|c|☆jojosworld|me
|c|☆jojosworld|!!
|c| larp legion|ok
|
|t:|1758949095
|switch|p2a: Great Tusk|Great Tusk, shiny|100/100|[from] Flip Turn
|
|upkeep
|turn|169
|
|t:|1758949098
|move|p2a: Great Tusk|Rapid Spin|p1a: LeJ/ovni/la lettre
|-damage|p1a: LeJ/ovni/la lettre|4/100 par
|-boost|p2a: Great Tusk|spe|1
|-sideend|p2: jojosworld|Stealth Rock|[from] move: Rapid Spin|[of] p2a: Great Tusk
|move|p1a: LeJ/ovni/la lettre|Sludge Bomb|p2a: Great Tusk
|-resisted|p2a: Great Tusk
|-damage|p2a: Great Tusk|74/100
|
|upkeep
|turn|170
|
|t:|1758949105
|switch|p1a: 🇮🇱=terrorists|Gliscor, M|81/100 tox
|-damage|p1a: 🇮🇱=terrorists|68/100 tox|[from] Stealth Rock
|move|p2a: Great Tusk|Rapid Spin|p1a: 🇮🇱=terrorists
|-damage|p1a: 🇮🇱=terrorists|56/100 tox
|-boost|p2a: Great Tusk|spe|1
|
|-heal|p1a: 🇮🇱=terrorists|68/100 tox|[from] ability: Poison Heal
|upkeep
|turn|171
|c|☆jojosworld|even if I have to stall every last pp of his pokemon
|
|t:|1758949120
|-end|p2a: Great Tusk|Protosynthesis|[silent]
|switch|p2a: Alomomola|Alomomola, F, shiny|100/100 par
|move|p1a: 🇮🇱=terrorists|Protect||[still]
|-fail|p1a: 🇮🇱=terrorists
|
|-heal|p1a: 🇮🇱=terrorists|81/100 tox|[from] ability: Poison Heal
|upkeep
|turn|172
|
|t:|1758949129
|switch|p1a: Charli xcx|Clefable, M|81/100
|cant|p2a: Alomomola|par
|
|upkeep
|turn|173
|
|t:|1758949134
|move|p1a: Charli xcx|Wish|p1a: Charli xcx
|move|p2a: Alomomola|Flip Turn|p1a: Charli xcx
|-damage|p1a: Charli xcx|61/100
|
|t:|1758949146
|switch|p2a: Great Tusk|Great Tusk, shiny|74/100|[from] Flip Turn
|
|upkeep
|turn|174
|inactive|jojosworld has 120 seconds left.
|
|t:|1758949175
|-terastallize|p2a: Great Tusk|Ground
|move|p1a: Charli xcx|Protect|p1a: Charli xcx
|-singleturn|p1a: Charli xcx|Protect
|move|p2a: Great Tusk|Headlong Rush|p1a: Charli xcx
|-activate|p1a: Charli xcx|move: Protect
|
|-heal|p1a: Charli xcx|100/100|[from] move: Wish|[wisher] Charli xcx
|upkeep
|turn|175
|
|t:|1758949179
|-end|p2a: Great Tusk|Protosynthesis|[silent]
|switch|p2a: Alomomola|Alomomola, F, shiny|100/100 par
|switch|p1a: 🇮🇱=terrorists|Gliscor, M|81/100 tox
|-damage|p1a: 🇮🇱=terrorists|68/100 tox|[from] Stealth Rock
|
|-heal|p1a: 🇮🇱=terrorists|81/100 tox|[from] ability: Poison Heal
|upkeep
|turn|176
|inactive|jojosworld has 120 seconds left.
|
|t:|1758949186
|switch|p1a: brat|Blissey, F|68/100
|move|p2a: Alomomola|Flip Turn|p1a: brat
|-damage|p1a: brat|49/100
|
|t:|1758949188
|switch|p2a: Great Tusk|Great Tusk, shiny, tera:Ground|74/100|[from] Flip Turn
|
|upkeep
|turn|177
|
|t:|1758949193
|switch|p1a: 🇮🇱=terrorists|Gliscor, M|81/100 tox
|-damage|p1a: 🇮🇱=terrorists|68/100 tox|[from] Stealth Rock
|move|p2a: Great Tusk|Rapid Spin|p1a: 🇮🇱=terrorists
|-damage|p1a: 🇮🇱=terrorists|56/100 tox
|-boost|p2a: Great Tusk|spe|1
|
|-heal|p1a: 🇮🇱=terrorists|68/100 tox|[from] ability: Poison Heal
|upkeep
|turn|178
|
|t:|1758949198
|-end|p2a: Great Tusk|Protosynthesis|[silent]
|switch|p2a: Alomomola|Alomomola, F, shiny|100/100 par
|switch|p1a: brat|Blissey, F|49/100
|
|upkeep
|turn|179
|
|t:|1758949202
|move|p1a: brat|Soft-Boiled|p1a: brat
|-heal|p1a: brat|99/100
|move|p2a: Alomomola|Flip Turn|p1a: brat
|-damage|p1a: brat|80/100
|
|t:|1758949206
|switch|p2a: Great Tusk|Great Tusk, shiny, tera:Ground|74/100|[from] Flip Turn
|
|upkeep
|turn|180
|
|t:|1758949209
|-end|p2a: Great Tusk|Protosynthesis|[silent]
|switch|p2a: Alomomola|Alomomola, F, shiny|100/100 par
|switch|p1a: 🇮🇱=terrorists|Gliscor, M|68/100 tox
|-damage|p1a: 🇮🇱=terrorists|56/100 tox|[from] Stealth Rock
|
|-heal|p1a: 🇮🇱=terrorists|68/100 tox|[from] ability: Poison Heal
|upkeep
|turn|181
|
|t:|1758949212
|move|p1a: 🇮🇱=terrorists|Protect|p1a: 🇮🇱=terrorists
|-singleturn|p1a: 🇮🇱=terrorists|Protect
|move|p2a: Alomomola|Flip Turn|p1a: 🇮🇱=terrorists
|-activate|p1a: 🇮🇱=terrorists|move: Protect
|
|-heal|p1a: 🇮🇱=terrorists|81/100 tox|[from] ability: Poison Heal
|upkeep
|turn|182
|
|t:|1758949217
|switch|p1a: Charli xcx|Clefable, M|100/100
|cant|p2a: Alomomola|par
|
|upkeep
|turn|183
|
|t:|1758949223
|move|p1a: Charli xcx|Wish|p1a: Charli xcx
|cant|p2a: Alomomola|par
|
|upkeep
|turn|184
|
|t:|1758949227
|switch|p1a: 808 and curses|Dondozo, M|29/100 slp
|-damage|p1a: 808 and curses|17/100 slp|[from] Stealth Rock
|move|p2a: Alomomola|Flip Turn|p1a: 808 and curses
|-resisted|p1a: 808 and curses
|-damage|p1a: 808 and curses|14/100 slp
|
|t:|1758949229
|switch|p2a: Gholdengo|Gholdengo, shiny|66/100|[from] Flip Turn
|
|-heal|p1a: 808 and curses|53/100 slp|[from] move: Wish|[wisher] Charli xcx
|-heal|p1a: 808 and curses|59/100 slp|[from] item: Leftovers
|upkeep
|turn|185
|
|t:|1758949236
|switch|p2a: Great Tusk|Great Tusk, shiny, tera:Ground|74/100
|switch|p1a: brat|Blissey, F|80/100
|
|upkeep
|turn|186
|
|t:|1758949240
|-end|p2a: Great Tusk|Protosynthesis|[silent]
|switch|p2a: Gholdengo|Gholdengo, shiny|66/100
|switch|p1a: 🇮🇱=terrorists|Gliscor, M|81/100 tox
|-damage|p1a: 🇮🇱=terrorists|68/100 tox|[from] Stealth Rock
|
|-heal|p1a: 🇮🇱=terrorists|81/100 tox|[from] ability: Poison Heal
|upkeep
|turn|187
|
|t:|1758949243
|switch|p1a: brat|Blissey, F|80/100
|switch|p2a: Alomomola|Alomomola, F, shiny|100/100 par
|
|upkeep
|turn|188
|
|t:|1758949247
|move|p1a: brat|Stealth Rock|p2a: Alomomola
|-sidestart|p2: jojosworld|move: Stealth Rock
|move|p2a: Alomomola|Wish|p2a: Alomomola
|
|upkeep
|turn|189
|
|t:|1758949254
|switch|p2a: Great Tusk|Great Tusk, shiny, tera:Ground|74/100
|move|p1a: brat|Shadow Ball|p2a: Great Tusk
|-damage|p2a: Great Tusk|53/100
|
|-heal|p2a: Great Tusk|100/100|[from] move: Wish|[wisher] Alomomola
|upkeep
|turn|190
|
|t:|1758949261
|switch|p1a: 🇮🇱=terrorists|Gliscor, M|81/100 tox
|-damage|p1a: 🇮🇱=terrorists|68/100 tox|[from] Stealth Rock
|move|p2a: Great Tusk|Rapid Spin|p1a: 🇮🇱=terrorists
|-damage|p1a: 🇮🇱=terrorists|56/100 tox
|-boost|p2a: Great Tusk|spe|1
|-sideend|p2: jojosworld|Stealth Rock|[from] move: Rapid Spin|[of] p2a: Great Tusk
|
|-heal|p1a: 🇮🇱=terrorists|69/100 tox|[from] ability: Poison Heal
|upkeep
|turn|191
|
|t:|1758949265
|-end|p2a: Great Tusk|Protosynthesis|[silent]
|switch|p2a: Amoonguss|Amoonguss, F, shiny|100/100
|move|p1a: 🇮🇱=terrorists|Toxic|p2a: Amoonguss
|-immune|p2a: Amoonguss
|
|-heal|p1a: 🇮🇱=terrorists|81/100 tox|[from] ability: Poison Heal
|upkeep
|turn|192
|
|t:|1758949270
|switch|p1a: LeJ/ovni/la lettre|Slowking-Galar, M|37/100 par
|-damage|p1a: LeJ/ovni/la lettre|25/100 par|[from] Stealth Rock
|switch|p2a: Alomomola|Alomomola, F, shiny|100/100 par
|
|upkeep
|turn|193
|
|t:|1758949273
|switch|p1a: Charli xcx|Clefable, M|100/100
|move|p2a: Alomomola|Flip Turn|p1a: Charli xcx
|-damage|p1a: Charli xcx|82/100
|
|t:|1758949283
|switch|p2a: Gholdengo|Gholdengo, shiny|66/100|[from] Flip Turn
|
|upkeep
|turn|194
|
|t:|1758949286
|switch|p2a: Clefable|Clefable, M, shiny|100/100 tox
|move|p1a: Charli xcx|Protect||[still]
|-fail|p1a: Charli xcx
|
|upkeep
|turn|195
|
|t:|1758949291
|move|p2a: Clefable|Thunder Wave|p1a: Charli xcx
|-status|p1a: Charli xcx|par
|move|p1a: Charli xcx|Wish|p1a: Charli xcx
|
|upkeep
|turn|196
|
|t:|1758949299
|switch|p2a: Gholdengo|Gholdengo, shiny|66/100
|switch|p1a: 808 and curses|Dondozo, M|59/100 slp
|-damage|p1a: 808 and curses|46/100 slp|[from] Stealth Rock
|
|-heal|p1a: 808 and curses|85/100 slp|[from] move: Wish|[wisher] Charli xcx
|-heal|p1a: 808 and curses|92/100 slp|[from] item: Leftovers
|upkeep
|turn|197
|
|t:|1758949305
|switch|p2a: Alomomola|Alomomola, F, shiny|100/100 par
|switch|p1a: brat|Blissey, F|80/100
|
|upkeep
|turn|198
|
|t:|1758949309
|move|p1a: brat|Stealth Rock|p2a: Alomomola
|-sidestart|p2: jojosworld|move: Stealth Rock
|move|p2a: Alomomola|Wish|p2a: Alomomola
|
|upkeep
|turn|199
|l| Ctannn
|
|t:|1758949324
|switch|p1a: 🇮🇱=terrorists|Gliscor, M|81/100 tox
|-damage|p1a: 🇮🇱=terrorists|69/100 tox|[from] Stealth Rock
|switch|p2a: Goodra|Goodra-Hisui, F, shiny|56/100
|-damage|p2a: Goodra|50/100|[from] Stealth Rock
|
|-heal|p2a: Goodra|100/100|[from] move: Wish|[wisher] Alomomola
|-heal|p1a: 🇮🇱=terrorists|81/100 tox|[from] ability: Poison Heal
|upkeep
|turn|200
|
|t:|1758949334
|switch|p2a: Amoonguss|Amoonguss, F, shiny|100/100
|move|p1a: 🇮🇱=terrorists|Substitute|p1a: 🇮🇱=terrorists
|-start|p1a: 🇮🇱=terrorists|Substitute
|-damage|p1a: 🇮🇱=terrorists|56/100 tox
|
|-heal|p1a: 🇮🇱=terrorists|69/100 tox|[from] ability: Poison Heal
|upkeep
|turn|201
|
|t:|1758949339
|switch|p2a: Alomomola|Alomomola, F, shiny|100/100 par
|-damage|p2a: Alomomola|88/100 par|[from] Stealth Rock
|move|p1a: 🇮🇱=terrorists|Earthquake|p2a: Alomomola
|-damage|p2a: Alomomola|72/100 par
|
|-heal|p1a: 🇮🇱=terrorists|81/100 tox|[from] ability: Poison Heal
|upkeep
|turn|202
|
|t:|1758949342
|switch|p1a: LeJ/ovni/la lettre|Slowking-Galar, M|58/100 par
|-damage|p1a: LeJ/ovni/la lettre|45/100 par|[from] Stealth Rock
|switch|p2a: Amoonguss|Amoonguss, F, shiny|100/100
|
|upkeep
|turn|203
|
|t:|1758949346
|switch|p2a: Great Tusk|Great Tusk, shiny, tera:Ground|100/100
|switch|p1a: brat|Blissey, F|80/100
|
|upkeep
|turn|204
|
|t:|1758949349
|switch|p1a: 🇮🇱=terrorists|Gliscor, M|81/100 tox
|-damage|p1a: 🇮🇱=terrorists|69/100 tox|[from] Stealth Rock
|move|p2a: Great Tusk|Rapid Spin|p1a: 🇮🇱=terrorists
|-damage|p1a: 🇮🇱=terrorists|56/100 tox
|-boost|p2a: Great Tusk|spe|1
|-sideend|p2: jojosworld|Stealth Rock|[from] move: Rapid Spin|[of] p2a: Great Tusk
|
|-heal|p1a: 🇮🇱=terrorists|69/100 tox|[from] ability: Poison Heal
|upkeep
|turn|205
|
|t:|1758949352
|-end|p2a: Great Tusk|Protosynthesis|[silent]
|switch|p2a: Amoonguss|Amoonguss, F, shiny|100/100
|move|p1a: 🇮🇱=terrorists|Toxic|p2a: Amoonguss
|-immune|p2a: Amoonguss
|
|-heal|p1a: 🇮🇱=terrorists|81/100 tox|[from] ability: Poison Heal
|upkeep
|turn|206
|
|t:|1758949355
|switch|p1a: brat|Blissey, F|80/100
|switch|p2a: Alomomola|Alomomola, F, shiny|100/100 par
|
|upkeep
|turn|207
|
|t:|1758949358
|switch|p2a: Great Tusk|Great Tusk, shiny, tera:Ground|100/100
|move|p1a: brat|Stealth Rock|p2a: Great Tusk
|-sidestart|p2: jojosworld|move: Stealth Rock
|
|upkeep
|turn|208
|
|t:|1758949361
|move|p2a: Great Tusk|Rapid Spin|p1a: brat
|-damage|p1a: brat|61/100
|-boost|p2a: Great Tusk|spe|1
|-sideend|p2: jojosworld|Stealth Rock|[from] move: Rapid Spin|[of] p2a: Great Tusk
|move|p1a: brat|Shadow Ball|p2a: Great Tusk
|-damage|p2a: Great Tusk|80/100
|
|upkeep
|turn|209
|
|t:|1758949369
|switch|p1a: 🇮🇱=terrorists|Gliscor, M|81/100 tox
|-damage|p1a: 🇮🇱=terrorists|69/100 tox|[from] Stealth Rock
|move|p2a: Great Tusk|Close Combat|p1a: 🇮🇱=terrorists
|-resisted|p1a: 🇮🇱=terrorists
|-damage|p1a: 🇮🇱=terrorists|46/100 tox
|-unboost|p2a: Great Tusk|def|1
|-unboost|p2a: Great Tusk|spd|1
|
|-heal|p1a: 🇮🇱=terrorists|58/100 tox|[from] ability: Poison Heal
|upkeep
|turn|210
|
|t:|1758949377
|-end|p2a: Great Tusk|Protosynthesis|[silent]
|switch|p2a: Amoonguss|Amoonguss, F, shiny|100/100
|move|p1a: 🇮🇱=terrorists|Toxic|p2a: Amoonguss
|-immune|p2a: Amoonguss
|
|-heal|p1a: 🇮🇱=terrorists|71/100 tox|[from] ability: Poison Heal
|upkeep
|turn|211
|
|t:|1758949380
|switch|p2a: Alomomola|Alomomola, F, shiny|100/100 par
|move|p1a: 🇮🇱=terrorists|Toxic||[still]
|-fail|p1a: 🇮🇱=terrorists
|
|-heal|p1a: 🇮🇱=terrorists|83/100 tox|[from] ability: Poison Heal
|upkeep
|turn|212
|
|t:|1758949384
|switch|p1a: LeJ/ovni/la lettre|Slowking-Galar, M|79/100 par
|-damage|p1a: LeJ/ovni/la lettre|66/100 par|[from] Stealth Rock
|switch|p2a: Amoonguss|Amoonguss, F, shiny|100/100
|
|upkeep
|turn|213
|
|t:|1758949387
|switch|p2a: Great Tusk|Great Tusk, shiny, tera:Ground|80/100
|switch|p1a: brat|Blissey, F|61/100
|
|upkeep
|turn|214
|
|t:|1758949389
|switch|p1a: 🇮🇱=terrorists|Gliscor, M|83/100 tox
|-damage|p1a: 🇮🇱=terrorists|71/100 tox|[from] Stealth Rock
|move|p2a: Great Tusk|Rapid Spin|p1a: 🇮🇱=terrorists
|-damage|p1a: 🇮🇱=terrorists|59/100 tox
|-boost|p2a: Great Tusk|spe|1
|
|-heal|p1a: 🇮🇱=terrorists|71/100 tox|[from] ability: Poison Heal
|upkeep
|turn|215
|
|t:|1758949395
|-end|p2a: Great Tusk|Protosynthesis|[silent]
|switch|p2a: Amoonguss|Amoonguss, F, shiny|100/100
|move|p1a: 🇮🇱=terrorists|Protect||[still]
|-fail|p1a: 🇮🇱=terrorists
|
|-heal|p1a: 🇮🇱=terrorists|84/100 tox|[from] ability: Poison Heal
|upkeep
|turn|216
|
|t:|1758949398
|switch|p1a: brat|Blissey, F|61/100
|switch|p2a: Alomomola|Alomomola, F, shiny|100/100 par
|
|upkeep
|turn|217
|
|t:|1758949408
|switch|p1a: LeJ/ovni/la lettre|Slowking-Galar, M|99/100 par
|-damage|p1a: LeJ/ovni/la lettre|87/100 par|[from] Stealth Rock
|switch|p2a: Great Tusk|Great Tusk, shiny, tera:Ground|80/100
|
|upkeep
|turn|218
|
|t:|1758949412
|switch|p1a: 🇮🇱=terrorists|Gliscor, M|84/100 tox
|-damage|p1a: 🇮🇱=terrorists|71/100 tox|[from] Stealth Rock
|move|p2a: Great Tusk|Knock Off|p1a: 🇮🇱=terrorists
|-damage|p1a: 🇮🇱=terrorists|57/100 tox
|
|-heal|p1a: 🇮🇱=terrorists|69/100 tox|[from] ability: Poison Heal
|upkeep
|turn|219
|
|t:|1758949415
|-end|p2a: Great Tusk|Protosynthesis|[silent]
|switch|p2a: Alomomola|Alomomola, F, shiny|100/100 par
|switch|p1a: 808 and curses|Dondozo, M|92/100 slp
|-damage|p1a: 808 and curses|79/100 slp|[from] Stealth Rock
|
|-heal|p1a: 808 and curses|85/100 slp|[from] item: Leftovers
|upkeep
|turn|220
|
|t:|1758949419
|switch|p2a: Gholdengo|Gholdengo, shiny|66/100
|-curestatus|p1a: 808 and curses|slp|[msg]
|move|p1a: 808 and curses|Curse|p1a: 808 and curses
|-unboost|p1a: 808 and curses|spe|1
|-boost|p1a: 808 and curses|atk|1
|-boost|p1a: 808 and curses|def|1
|
|-heal|p1a: 808 and curses|91/100|[from] item: Leftovers
|upkeep
|turn|221
|
|t:|1758949423
|move|p2a: Gholdengo|Thunder Wave|p1a: 808 and curses
|-status|p1a: 808 and curses|par
|move|p1a: 808 and curses|Waterfall|p2a: Gholdengo
|-damage|p2a: Gholdengo|36/100
|-damage|p1a: 808 and curses|75/100 par|[from] item: Rocky Helmet|[of] p2a: Gholdengo
|
|-heal|p1a: 808 and curses|81/100 par|[from] item: Leftovers
|upkeep
|turn|222
|
|t:|1758949429
|switch|p1a: brat|Blissey, F|61/100
|move|p2a: Gholdengo|Recover|p2a: Gholdengo
|-heal|p2a: Gholdengo|86/100
|
|upkeep
|turn|223
|
|t:|1758949432
|switch|p2a: Great Tusk|Great Tusk, shiny, tera:Ground|80/100
|move|p1a: brat|Shadow Ball|p2a: Great Tusk
|-damage|p2a: Great Tusk|59/100
|
|upkeep
|turn|224
|
|t:|1758949435
|switch|p1a: 🇮🇱=terrorists|Gliscor, M|69/100 tox
|-damage|p1a: 🇮🇱=terrorists|57/100 tox|[from] Stealth Rock
|move|p2a: Great Tusk|Rapid Spin|p1a: 🇮🇱=terrorists
|-damage|p1a: 🇮🇱=terrorists|45/100 tox
|-boost|p2a: Great Tusk|spe|1
|
|-heal|p1a: 🇮🇱=terrorists|57/100 tox|[from] ability: Poison Heal
|upkeep
|turn|225
|
|t:|1758949442
|-end|p2a: Great Tusk|Protosynthesis|[silent]
|switch|p2a: Amoonguss|Amoonguss, F, shiny|100/100
|switch|p1a: Charli xcx|Clefable, M|82/100 par
|
|upkeep
|turn|226
|
|t:|1758949454
|switch|p2a: Clefable|Clefable, M, shiny|100/100 tox
|switch|p1a: brat|Blissey, F|61/100
|
|upkeep
|turn|227
|
|t:|1758949470
|switch|p1a: LeJ/ovni/la lettre|Slowking-Galar, M|100/100 par
|-damage|p1a: LeJ/ovni/la lettre|88/100 par|[from] Stealth Rock
|move|p2a: Clefable|Moonblast|p1a: LeJ/ovni/la lettre
|-resisted|p1a: LeJ/ovni/la lettre
|-damage|p1a: LeJ/ovni/la lettre|76/100 par
|
|upkeep
|turn|228
|
|t:|1758949487
|switch|p2a: Great Tusk|Great Tusk, shiny, tera:Ground|59/100
|move|p1a: LeJ/ovni/la lettre|Trick|p2a: Great Tusk
|-activate|p1a: LeJ/ovni/la lettre|move: Trick|[of] p2a: Great Tusk
|-enditem|p2a: Great Tusk|Heavy-Duty Boots|[silent]|[from] move: Trick
|-item|p1a: LeJ/ovni/la lettre|Heavy-Duty Boots|[from] move: Trick
|
|upkeep
|turn|229
|inactive|jojosworld has 120 seconds left.
|
|t:|1758949498
|switch|p1a: 🇮🇱=terrorists|Gliscor, M|57/100 tox
|-damage|p1a: 🇮🇱=terrorists|45/100 tox|[from] Stealth Rock
|move|p2a: Great Tusk|Rapid Spin|p1a: 🇮🇱=terrorists
|-damage|p1a: 🇮🇱=terrorists|32/100 tox
|-boost|p2a: Great Tusk|spe|1
|
|-heal|p1a: 🇮🇱=terrorists|45/100 tox|[from] ability: Poison Heal
|upkeep
|turn|230
|
|t:|1758949505
|-end|p2a: Great Tusk|Protosynthesis|[silent]
|switch|p2a: Alomomola|Alomomola, F, shiny|100/100 par
|move|p1a: 🇮🇱=terrorists|Toxic||[still]
|-fail|p1a: 🇮🇱=terrorists
|
|-heal|p1a: 🇮🇱=terrorists|57/100 tox|[from] ability: Poison Heal
|upkeep
|turn|231
|
|t:|1758949509
|move|p1a: 🇮🇱=terrorists|Protect|p1a: 🇮🇱=terrorists
|-singleturn|p1a: 🇮🇱=terrorists|Protect
|move|p2a: Alomomola|Scald|p1a: 🇮🇱=terrorists
|-activate|p1a: 🇮🇱=terrorists|move: Protect
|
|-heal|p1a: 🇮🇱=terrorists|69/100 tox|[from] ability: Poison Heal
|upkeep
|turn|232
|
|t:|1758949513
|switch|p1a: LeJ/ovni/la lettre|Slowking-Galar, M|100/100 par
|switch|p2a: Amoonguss|Amoonguss, F, shiny|100/100
|
|upkeep
|turn|233
|
|t:|1758949516
|switch|p2a: Great Tusk|Great Tusk, shiny, tera:Ground|59/100
|cant|p1a: LeJ/ovni/la lettre|par
|
|upkeep
|turn|234
|
|t:|1758949520
|switch|p1a: 🇮🇱=terrorists|Gliscor, M|69/100 tox
|-damage|p1a: 🇮🇱=terrorists|57/100 tox|[from] Stealth Rock
|move|p2a: Great Tusk|Knock Off|p1a: 🇮🇱=terrorists
|-damage|p1a: 🇮🇱=terrorists|40/100 tox
|
|-heal|p1a: 🇮🇱=terrorists|52/100 tox|[from] ability: Poison Heal
|upkeep
|turn|235
|
|t:|1758949523
|-end|p2a: Great Tusk|Protosynthesis|[silent]
|switch|p2a: Alomomola|Alomomola, F, shiny|100/100 par
|move|p1a: 🇮🇱=terrorists|Toxic||[still]
|-fail|p1a: 🇮🇱=terrorists
|
|-heal|p1a: 🇮🇱=terrorists|65/100 tox|[from] ability: Poison Heal
|upkeep
|turn|236
|
|t:|1758949533
|switch|p1a: LeJ/ovni/la lettre|Slowking-Galar, M|100/100 par
|move|p2a: Alomomola|Flip Turn|p1a: LeJ/ovni/la lettre
|-damage|p1a: LeJ/ovni/la lettre|81/100 par
|inactive|jojosworld has 120 seconds left.
|
|t:|1758949548
|switch|p2a: Great Tusk|Great Tusk, shiny, tera:Ground|59/100|[from] Flip Turn
|
|upkeep
|turn|237
|
|t:|1758949552
|switch|p1a: 808 and curses|Dondozo, M|81/100 par
|-damage|p1a: 808 and curses|68/100 par|[from] Stealth Rock
|move|p2a: Great Tusk|Knock Off|p1a: 808 and curses
|-damage|p1a: 808 and curses|52/100 par
|-enditem|p1a: 808 and curses|Leftovers|[from] move: Knock Off|[of] p2a: Great Tusk
|
|upkeep
|turn|238
|
|t:|1758949556
|-end|p2a: Great Tusk|Protosynthesis|[silent]
|switch|p2a: Gholdengo|Gholdengo, shiny|86/100
|move|p1a: 808 and curses|Rest|p1a: 808 and curses
|-status|p1a: 808 and curses|slp|[from] move: Rest
|-heal|p1a: 808 and curses|100/100 slp|[silent]
|
|upkeep
|turn|239
|
|t:|1758949560
|switch|p1a: brat|Blissey, F|61/100
|move|p2a: Gholdengo|Hex|p1a: brat
|-immune|p1a: brat
|
|upkeep
|turn|240
|
|t:|1758949563
|switch|p2a: Great Tusk|Great Tusk, shiny, tera:Ground|59/100
|move|p1a: brat|Stealth Rock|p2a: Great Tusk
|-sidestart|p2: jojosworld|move: Stealth Rock
|
|upkeep
|turn|241
|
|t:|1758949567
|move|p2a: Great Tusk|Rapid Spin|p1a: brat
|-damage|p1a: brat|39/100
|-boost|p2a: Great Tusk|spe|1
|-sideend|p2: jojosworld|Stealth Rock|[from] move: Rapid Spin|[of] p2a: Great Tusk
|move|p1a: brat|Soft-Boiled|p1a: brat
|-heal|p1a: brat|89/100
|
|upkeep
|turn|242
|
|t:|1758949570
|switch|p1a: 🇮🇱=terrorists|Gliscor, M|65/100 tox
|-damage|p1a: 🇮🇱=terrorists|52/100 tox|[from] Stealth Rock
|move|p2a: Great Tusk|Rapid Spin|p1a: 🇮🇱=terrorists
|-damage|p1a: 🇮🇱=terrorists|40/100 tox
|-boost|p2a: Great Tusk|spe|1
|
|-heal|p1a: 🇮🇱=terrorists|52/100 tox|[from] ability: Poison Heal
|upkeep
|turn|243
|
|t:|1758949574
|-end|p2a: Great Tusk|Protosynthesis|[silent]
|switch|p2a: Amoonguss|Amoonguss, F, shiny|100/100
|move|p1a: 🇮🇱=terrorists|Earthquake|p2a: Amoonguss
|-damage|p2a: Amoonguss|80/100
|
|-heal|p1a: 🇮🇱=terrorists|65/100 tox|[from] ability: Poison Heal
|upkeep
|turn|244
|
|t:|1758949577
|switch|p1a: brat|Blissey, F|89/100
|switch|p2a: Alomomola|Alomomola, F, shiny|100/100 par
|
|upkeep
|turn|245
|
|t:|1758949580
|move|p1a: brat|Stealth Rock|p2a: Alomomola
|-sidestart|p2: jojosworld|move: Stealth Rock
|move|p2a: Alomomola|Flip Turn|p1a: brat
|-damage|p1a: brat|71/100
|
|t:|1758949581
|switch|p2a: Great Tusk|Great Tusk, shiny, tera:Ground|59/100|[from] Flip Turn
|-damage|p2a: Great Tusk|53/100|[from] Stealth Rock
|
|upkeep
|turn|246
|
|t:|1758949584
|switch|p1a: 🇮🇱=terrorists|Gliscor, M|65/100 tox
|-damage|p1a: 🇮🇱=terrorists|52/100 tox|[from] Stealth Rock
|move|p2a: Great Tusk|Rapid Spin|p1a: 🇮🇱=terrorists
|-damage|p1a: 🇮🇱=terrorists|41/100 tox
|-boost|p2a: Great Tusk|spe|1
|-sideend|p2: jojosworld|Stealth Rock|[from] move: Rapid Spin|[of] p2a: Great Tusk
|
|-heal|p1a: 🇮🇱=terrorists|53/100 tox|[from] ability: Poison Heal
|upkeep
|turn|247
|
|t:|1758949588
|-end|p2a: Great Tusk|Protosynthesis|[silent]
|switch|p2a: Alomomola|Alomomola, F, shiny|100/100 par
|move|p1a: 🇮🇱=terrorists|Earthquake|p2a: Alomomola
|-damage|p2a: Alomomola|86/100 par
|
|-heal|p1a: 🇮🇱=terrorists|65/100 tox|[from] ability: Poison Heal
|upkeep
|turn|248
|
|t:|1758949593
|switch|p1a: LeJ/ovni/la lettre|Slowking-Galar, M|100/100 par
|move|p2a: Alomomola|Scald|p1a: LeJ/ovni/la lettre
|-damage|p1a: LeJ/ovni/la lettre|89/100 par
|
|upkeep
|turn|249
|
|t:|1758949597
|switch|p2a: Great Tusk|Great Tusk, shiny, tera:Ground|53/100
|move|p1a: LeJ/ovni/la lettre|Sludge Bomb|p2a: Great Tusk
|-resisted|p2a: Great Tusk
|-damage|p2a: Great Tusk|26/100
|
|upkeep
|turn|250
|
|t:|1758949603
|-end|p2a: Great Tusk|Protosynthesis|[silent]
|switch|p2a: Amoonguss|Amoonguss, F, shiny|100/100
|switch|p1a: 🇮🇱=terrorists|Gliscor, M|65/100 tox
|-damage|p1a: 🇮🇱=terrorists|53/100 tox|[from] Stealth Rock
|
|-heal|p1a: 🇮🇱=terrorists|65/100 tox|[from] ability: Poison Heal
|upkeep
|turn|251
|
|t:|1758949606
|switch|p1a: LeJ/ovni/la lettre|Slowking-Galar, M|100/100 par
|switch|p2a: Alomomola|Alomomola, F, shiny|100/100 par
|
|upkeep
|turn|252
|
|t:|1758949609
|move|p1a: LeJ/ovni/la lettre|Sludge Bomb|p2a: Alomomola
|-damage|p2a: Alomomola|62/100 par
|move|p2a: Alomomola|Wish|p2a: Alomomola
|
|upkeep
|turn|253
|
|t:|1758949612
|move|p1a: LeJ/ovni/la lettre|Sludge Bomb|p2a: Alomomola
|-damage|p2a: Alomomola|22/100 par
|cant|p2a: Alomomola|par
|
|-heal|p2a: Alomomola|72/100 par|[from] move: Wish|[wisher] Alomomola
|upkeep
|turn|254
|
|t:|1758949618
|switch|p1a: brat|Blissey, F|71/100
|switch|p2a: Gholdengo|Gholdengo, shiny|86/100
|
|upkeep
|turn|255
|
|t:|1758949621
|switch|p2a: Alomomola|Alomomola, F, shiny|100/100 par
|move|p1a: brat|Stealth Rock|p2a: Alomomola
|-sidestart|p2: jojosworld|move: Stealth Rock
|
|upkeep
|turn|256
|
|t:|1758949627
|move|p1a: brat|Calm Mind|p1a: brat
|-boost|p1a: brat|spa|1
|-boost|p1a: brat|spd|1
|cant|p2a: Alomomola|par
|
|upkeep
|turn|257
|
|t:|1758949631
|switch|p2a: Amoonguss|Amoonguss, F, shiny|100/100
|move|p1a: brat|Soft-Boiled|p1a: brat
|-heal|p1a: brat|100/100
|
|upkeep
|turn|258
|
|t:|1758949634
|move|p1a: brat|Shadow Ball|p2a: Amoonguss
|-damage|p2a: Amoonguss|81/100
|move|p2a: Amoonguss|Toxic|p1a: brat
|-status|p1a: brat|tox
|
|-damage|p1a: brat|94/100 tox|[from] psn
|upkeep
|turn|259
|
|t:|1758949638
|-curestatus|p1a: brat|tox|[from] ability: Natural Cure
|switch|p1a: LeJ/ovni/la lettre|Slowking-Galar, M|100/100 par
|move|p2a: Amoonguss|Giga Drain|p1a: LeJ/ovni/la lettre
|-resisted|p1a: LeJ/ovni/la lettre
|-damage|p1a: LeJ/ovni/la lettre|92/100 par
|-heal|p2a: Amoonguss|84/100|[from] drain|[of] p1a: LeJ/ovni/la lettre
|
|upkeep
|turn|260
|
|t:|1758949642
|move|p2a: Amoonguss|Foul Play|p1a: LeJ/ovni/la lettre
|-supereffective|p1a: LeJ/ovni/la lettre
|-damage|p1a: LeJ/ovni/la lettre|63/100 par
|move|p1a: LeJ/ovni/la lettre|Sludge Bomb|p2a: Amoonguss
|-damage|p2a: Amoonguss|52/100
|
|upkeep
|turn|261
|
|t:|1758949648
|move|p2a: Amoonguss|Foul Play|p1a: LeJ/ovni/la lettre
|-supereffective|p1a: LeJ/ovni/la lettre
|-crit|p1a: LeJ/ovni/la lettre
|-damage|p1a: LeJ/ovni/la lettre|26/100 par
|move|p1a: LeJ/ovni/la lettre|Sludge Bomb|p2a: Amoonguss
|-damage|p2a: Amoonguss|20/100
|
|upkeep
|turn|262
|
|t:|1758949655
|switch|p2a: Goodra|Goodra-Hisui, F, shiny|100/100
|-damage|p2a: Goodra|94/100|[from] Stealth Rock
|switch|p1a: Charli xcx|Clefable, M|82/100 par
|
|upkeep
|turn|263
|
|t:|1758949659
|move|p1a: Charli xcx|Protect|p1a: Charli xcx
|-singleturn|p1a: Charli xcx|Protect
|move|p2a: Goodra|Heavy Slam|p1a: Charli xcx
|-activate|p1a: Charli xcx|move: Protect
|
|upkeep
|turn|264
|
|t:|1758949663
|switch|p1a: 808 and curses|Dondozo, M|100/100 slp
|-damage|p1a: 808 and curses|88/100 slp|[from] Stealth Rock
|move|p2a: Goodra|Draco Meteor|p1a: 808 and curses
|-damage|p1a: 808 and curses|44/100 slp
|-unboost|p2a: Goodra|spa|2
|
|upkeep
|turn|265
|
|t:|1758949669
|switch|p1a: 🇮🇱=terrorists|Gliscor, M|65/100 tox
|-damage|p1a: 🇮🇱=terrorists|53/100 tox|[from] Stealth Rock
|move|p2a: Goodra|Heavy Slam|p1a: 🇮🇱=terrorists
|-damage|p1a: 🇮🇱=terrorists|29/100 tox
|
|-heal|p1a: 🇮🇱=terrorists|41/100 tox|[from] ability: Poison Heal
|upkeep
|turn|266
|
|t:|1758949673
|switch|p2a: Amoonguss|Amoonguss, F, shiny|53/100
|move|p1a: 🇮🇱=terrorists|Earthquake|p2a: Amoonguss
|-crit|p2a: Amoonguss
|-damage|p2a: Amoonguss|18/100
|
|-heal|p1a: 🇮🇱=terrorists|54/100 tox|[from] ability: Poison Heal
|upkeep
|turn|267
|
|t:|1758949678
|switch|p1a: 808 and curses|Dondozo, M|44/100 slp
|-damage|p1a: 808 and curses|31/100 slp|[from] Stealth Rock
|switch|p2a: Alomomola|Alomomola, F, shiny|100/100 par
|-damage|p2a: Alomomola|88/100 par|[from] Stealth Rock
|
|upkeep
|turn|268
|
|t:|1758949705
|switch|p2a: Amoonguss|Amoonguss, F, shiny|52/100
|cant|p1a: 808 and curses|slp
|move|p1a: 808 and curses|Sleep Talk|p1a: 808 and curses
|move|p1a: 808 and curses|Waterfall|p2a: Amoonguss|[from] move: Sleep Talk
|-resisted|p2a: Amoonguss
|-damage|p2a: Amoonguss|42/100
|
|upkeep
|turn|269
|
|t:|1758949712
|switch|p1a: LeJ/ovni/la lettre|Slowking-Galar, M|59/100 par
|move|p2a: Amoonguss|Giga Drain|p1a: LeJ/ovni/la lettre
|-resisted|p1a: LeJ/ovni/la lettre
|-damage|p1a: LeJ/ovni/la lettre|50/100 par
|-heal|p2a: Amoonguss|46/100|[from] drain|[of] p1a: LeJ/ovni/la lettre
|
|upkeep
|turn|270
|
|t:|1758949718
|move|p2a: Amoonguss|Foul Play|p1a: LeJ/ovni/la lettre
|-supereffective|p1a: LeJ/ovni/la lettre
|-damage|p1a: LeJ/ovni/la lettre|25/100 par
|move|p1a: LeJ/ovni/la lettre|Sludge Bomb|p2a: Amoonguss
|-damage|p2a: Amoonguss|15/100
|
|upkeep
|turn|271
|
|t:|1758949724
|switch|p2a: Goodra|Goodra-Hisui, F, shiny|94/100
|-damage|p2a: Goodra|88/100|[from] Stealth Rock
|switch|p1a: brat|Blissey, F|94/100
|
|upkeep
|turn|272
|
|t:|1758949733
|switch|p1a: LeJ/ovni/la lettre|Slowking-Galar, M|58/100 par
|move|p2a: Goodra|Heavy Slam|p1a: LeJ/ovni/la lettre
|-damage|p1a: LeJ/ovni/la lettre|16/100 par
|
|upkeep
|turn|273
|
|t:|1758949738
|switch|p1a: 808 and curses|Dondozo, M|31/100 slp
|-damage|p1a: 808 and curses|19/100 slp|[from] Stealth Rock
|move|p2a: Goodra|Heavy Slam|p1a: 808 and curses
|-resisted|p1a: 808 and curses
|-damage|p1a: 808 and curses|16/100 slp
|
|upkeep
|turn|274
|
|t:|1758949748
|move|p2a: Goodra|Draco Meteor|p1a: 808 and curses
|-damage|p1a: 808 and curses|0 fnt
|-unboost|p2a: Goodra|spa|2
|faint|p1a: 808 and curses
|
|upkeep
|
|t:|1758949751
|switch|p1a: LeJ/ovni/la lettre|Slowking-Galar, M|49/100 par
|turn|275
|
|t:|1758949760
|switch|p1a: Charli xcx|Clefable, M|82/100 par
|move|p2a: Goodra|Heavy Slam|p1a: Charli xcx
|-supereffective|p1a: Charli xcx
|-damage|p1a: Charli xcx|0 fnt
|faint|p1a: Charli xcx
|
|upkeep
|
|t:|1758949763
|switch|p1a: 🇮🇱=terrorists|Gliscor, M|54/100 tox
|-damage|p1a: 🇮🇱=terrorists|41/100 tox|[from] Stealth Rock
|turn|276
|
|t:|1758949770
|switch|p2a: Alomomola|Alomomola, F, shiny|100/100 par
|-damage|p2a: Alomomola|88/100 par|[from] Stealth Rock
|move|p1a: 🇮🇱=terrorists|Earthquake|p2a: Alomomola
|-damage|p2a: Alomomola|71/100 par
|
|-heal|p1a: 🇮🇱=terrorists|54/100 tox|[from] ability: Poison Heal
|upkeep
|turn|277
|
|t:|1758949776
|switch|p1a: brat|Blissey, F|94/100
|move|p2a: Alomomola|Wish|p2a: Alomomola
|
|upkeep
|turn|278
|l|☆Trainer #39
|inactive|Trainer #39 disconnected and has a minute to reconnect!
|player|p1|
|c|☆jojosworld|YESS
|c|☆jojosworld|lol
|j|☆Trainer #39
|inactive|Trainer #39 reconnected and has 115 seconds left.
|player|p1|Trainer #39|bugsy|
|c|☆jojosworld|longest battle ever smh but almost there
|inactive|Trainer #39 has 90 seconds left.
|l|☆Trainer #39
|inactive|Trainer #39 disconnected and has a minute to reconnect!
|player|p1|
|inactive|Trainer #39 has 30 seconds to reconnect!
|inactive|Trainer #39 has 20 seconds to reconnect!
|inactive|Trainer #39 has 15 seconds to reconnect!
|inactive|Trainer #39 has 10 seconds to reconnect!
|inactive|Trainer #39 has 5 seconds to reconnect!
|-message|Trainer #39 lost due to inactivity.
|
|win|jojosworld
|raw|Trainer #39's rating: 1826 &rarr; <strong>1802</strong><br />(-24 for losing)
|raw|jojosworld's rating: 1749 &rarr; <strong>1773</strong><br />(+24 for winning)
|c|☆jojosworld|GG
|l| amefurikoneko
|c|☆jojosworld|🙏
|l| Shucklepilled
|l| FaronAan
|l| yrmpa
|l| larp legion
