|j|☆Cbas
|j|☆012587430a
|t:|1759011148
|gametype|singles
|player|p1|Cbas|1|1139
|player|p2|012587430a|parasollady|1173
|gen|9
|tier|[Gen 9] OU
|rated|
|rule|HP Percentage Mod: HP is shown in percentages
|rule|Endless Battle Clause: Forcing endless battles is banned
|rule|Species Clause: Limit one of each Pokémon
|rule|OHKO Clause: OHKO moves are banned
|rule|Evasion Items Clause: Evasion items are banned
|rule|Evasion Moves Clause: Evasion moves are banned
|rule|Evasion Abilities Clause: Evasion abilities are banned
|rule|Sleep Moves Clause: Sleep-inducing moves are banned
|clearpoke
|poke|p1|Ampharos, M|
|poke|p1|Araquanid, M|
|poke|p1|Darkrai|
|poke|p1|Serperior, F|
|poke|p1|Kingambit, F|
|poke|p1|Blaziken, F|
|poke|p2|Glastrier|
|poke|p2|Ninetales-Alola, F|
|poke|p2|Clefable, M|
|poke|p2|Cinderace, F|
|poke|p2|Great Tusk|
|poke|p2|Manaphy|
|teampreview
|inactive|Battle timer is ON: inactive players will automatically lose when time's up. (requested by 012587430a)
|
|t:|1759011162
|teamsize|p1|6
|teamsize|p2|6
|start
|switch|p1a: Ampharos|Ampharos, M|100/100
|switch|p2a: Ninetales|Ninetales-Alola, F|100/100
|-weather|Snowscape|[from] ability: Snow Warning|[of] p2a: Ninetales
|-item|p1a: Ampharos|Air Balloon
|turn|1
|
|t:|1759011172
|move|p2a: Ninetales|Aurora Veil|p2a: Ninetales
|-sidestart|p2: 012587430a|move: Aurora Veil
|move|p1a: Ampharos|Cotton Guard|p1a: Ampharos
|-boost|p1a: Ampharos|def|3
|
|-weather|Snowscape|[upkeep]
|upkeep
|turn|2
|inactive|012587430a has 120 seconds left.
|
|t:|1759011212
|switch|p2a: Graet Tsuk|Great Tusk|100/100
|-enditem|p2a: Graet Tsuk|Booster Energy
|-activate|p2a: Graet Tsuk|ability: Protosynthesis|[fromitem]
|-start|p2a: Graet Tsuk|protosynthesisspe
|move|p1a: Ampharos|Cotton Guard|p1a: Ampharos
|-boost|p1a: Ampharos|def|3
|
|-weather|Snowscape|[upkeep]
|upkeep
|turn|3
|
|t:|1759011219
|move|p2a: Graet Tsuk|Bulk Up|p2a: Graet Tsuk
|-boost|p2a: Graet Tsuk|atk|1
|-boost|p2a: Graet Tsuk|def|1
|move|p1a: Ampharos|Agility|p1a: Ampharos
|-boost|p1a: Ampharos|spe|2
|
|-weather|Snowscape|[upkeep]
|upkeep
|turn|4
|inactive|012587430a has 120 seconds left.
|
|t:|1759011231
|move|p2a: Graet Tsuk|Ice Spinner|p1a: Ampharos
|-damage|p1a: Ampharos|92/100
|-enditem|p1a: Ampharos|Air Balloon
|move|p1a: Ampharos|Dragon Pulse|p2a: Graet Tsuk
|-damage|p2a: Graet Tsuk|81/100
|
|-weather|Snowscape|[upkeep]
|upkeep
|turn|5
|inactive|012587430a has 120 seconds left.
|
|t:|1759011245
|-terastallize|p1a: Ampharos|Dragon
|move|p2a: Graet Tsuk|Bulk Up|p2a: Graet Tsuk
|-boost|p2a: Graet Tsuk|atk|1
|-boost|p2a: Graet Tsuk|def|1
|move|p1a: Ampharos|Dragon Pulse|p2a: Graet Tsuk
|-damage|p2a: Graet Tsuk|51/100
|
|-weather|none
|upkeep
|turn|6
|
|t:|1759011255
|move|p2a: Graet Tsuk|Earthquake|p1a: Ampharos
|-damage|p1a: Ampharos|71/100
|move|p1a: Ampharos|Dragon Pulse|p2a: Graet Tsuk
|-damage|p2a: Graet Tsuk|21/100
|
|upkeep
|turn|7
|
|t:|1759011260
|move|p2a: Graet Tsuk|Ice Spinner|p1a: Ampharos
|-supereffective|p1a: Ampharos
|-damage|p1a: Ampharos|47/100
|move|p1a: Ampharos|Dragon Pulse|p2a: Graet Tsuk
|-damage|p2a: Graet Tsuk|0 fnt
|faint|p2a: Graet Tsuk
|-end|p2a: Graet Tsuk|Protosynthesis|[silent]
|
|upkeep
|
|t:|1759011275
|switch|p2a: Ninetales|Ninetales-Alola, F|100/100
|-weather|Snowscape|[from] ability: Snow Warning|[of] p2a: Ninetales
|turn|8
|
|t:|1759011280
|move|p2a: Ninetales|Moonblast|p1a: Ampharos
|-supereffective|p1a: Ampharos
|-damage|p1a: Ampharos|0 fnt
|faint|p1a: Ampharos
|
|-weather|Snowscape|[upkeep]
|-sideend|p2: 012587430a|move: Aurora Veil
|upkeep
|
|t:|1759011287
|switch|p1a: Araquanid|Araquanid, M, shiny|100/100
|turn|9
|
|t:|1759011299
|move|p2a: Ninetales|Freeze-Dry|p1a: Araquanid
|-supereffective|p1a: Araquanid
|-damage|p1a: Araquanid|70/100
|move|p1a: Araquanid|Sticky Web|p2a: Ninetales
|-sidestart|p2: 012587430a|move: Sticky Web
|
|-weather|Snowscape|[upkeep]
|upkeep
|turn|10
|
|t:|1759011308
|move|p2a: Ninetales|Aurora Veil|p2a: Ninetales
|-sidestart|p2: 012587430a|move: Aurora Veil
|move|p1a: Araquanid|Poison Jab|p2a: Ninetales
|-supereffective|p2a: Ninetales
|-damage|p2a: Ninetales|84/100
|-status|p2a: Ninetales|psn
|
|-weather|Snowscape|[upkeep]
|-damage|p2a: Ninetales|72/100 psn|[from] psn
|upkeep
|turn|11
|
|t:|1759011318
|switch|p2a: Manpahy|Manaphy|100/100
|-activate|p2a: Manpahy|move: Sticky Web
|-unboost|p2a: Manpahy|spe|1
|move|p1a: Araquanid|Liquidation|p2a: Manpahy
|-resisted|p2a: Manpahy
|-damage|p2a: Manpahy|89/100
|
|-weather|Snowscape|[upkeep]
|-heal|p2a: Manpahy|96/100|[from] item: Leftovers
|upkeep
|turn|12
|
|t:|1759011325
|move|p2a: Manpahy|Acid Armor|p2a: Manpahy
|-boost|p2a: Manpahy|def|2
|move|p1a: Araquanid|Poison Jab|p2a: Manpahy
|-damage|p2a: Manpahy|92/100
|-status|p2a: Manpahy|psn
|
|-weather|none
|-heal|p2a: Manpahy|98/100 psn|[from] item: Leftovers
|-damage|p2a: Manpahy|86/100 psn|[from] psn
|upkeep
|turn|13
|
|t:|1759011331
|move|p2a: Manpahy|Take Heart|p2a: Manpahy
|-boost|p2a: Manpahy|spa|1
|-boost|p2a: Manpahy|spd|1
|-curestatus|p2a: Manpahy|psn|[msg]
|move|p1a: Araquanid|Lunge|p2a: Manpahy
|-damage|p2a: Manpahy|80/100
|-unboost|p2a: Manpahy|atk|1
|
|-heal|p2a: Manpahy|86/100|[from] item: Leftovers
|upkeep
|turn|14
|
|t:|1759011341
|move|p2a: Manpahy|Acid Armor|p2a: Manpahy
|-boost|p2a: Manpahy|def|2
|move|p1a: Araquanid|Poison Jab|p2a: Manpahy
|-damage|p2a: Manpahy|83/100
|
|-heal|p2a: Manpahy|90/100|[from] item: Leftovers
|upkeep
|turn|15
|
|t:|1759011345
|move|p2a: Manpahy|Take Heart|p2a: Manpahy
|-boost|p2a: Manpahy|spa|1
|-boost|p2a: Manpahy|spd|1
|move|p1a: Araquanid|Poison Jab|p2a: Manpahy
|-damage|p2a: Manpahy|87/100
|-status|p2a: Manpahy|psn
|
|-heal|p2a: Manpahy|93/100 psn|[from] item: Leftovers
|-damage|p2a: Manpahy|81/100 psn|[from] psn
|upkeep
|turn|16
|
|t:|1759011349
|move|p2a: Manpahy|Take Heart|p2a: Manpahy
|-boost|p2a: Manpahy|spa|1
|-boost|p2a: Manpahy|spd|1
|-curestatus|p2a: Manpahy|psn|[msg]
|move|p1a: Araquanid|Poison Jab|p2a: Manpahy
|-damage|p2a: Manpahy|78/100
|
|-heal|p2a: Manpahy|85/100|[from] item: Leftovers
|upkeep
|turn|17
|
|t:|1759011356
|move|p2a: Manpahy|Take Heart|p2a: Manpahy
|-boost|p2a: Manpahy|spa|1
|-boost|p2a: Manpahy|spd|1
|move|p1a: Araquanid|Poison Jab|p2a: Manpahy
|-damage|p2a: Manpahy|82/100
|
|-heal|p2a: Manpahy|88/100|[from] item: Leftovers
|-sideend|p2: 012587430a|move: Aurora Veil
|upkeep
|turn|18
|
|t:|1759011360
|move|p2a: Manpahy|Stored Power|p1a: Araquanid
|-damage|p1a: Araquanid|0 fnt
|faint|p1a: Araquanid
|
|-heal|p2a: Manpahy|95/100|[from] item: Leftovers
|upkeep
|
|t:|1759011368
|switch|p1a: Serperior|Serperior, F|100/100
|turn|19
|
|t:|1759011381
|move|p2a: Manpahy|Stored Power|p1a: Serperior
|-damage|p1a: Serperior|0 fnt
|faint|p1a: Serperior
|
|-heal|p2a: Manpahy|100/100|[from] item: Leftovers
|upkeep
|-message|Cbas forfeited.
|
|win|012587430a
|raw|Cbas's rating: 1139 &rarr; <strong>1116</strong><br />(-23 for losing)
|raw|012587430a's rating: 1173 &rarr; <strong>1196</strong><br />(+23 for winning)
|l|☆Cbas
|player|p1|
|l|☆012587430a
|player|p2|
