|j|☆Cap2n
|j|☆DragonLordEXMaster
|t:|1759020937
|gametype|singles
|player|p1|Cap2n|burglar|1571
|player|p2|DragonLordEXMaster|liko|1580
|gen|9
|tier|[Gen 9] OU
|rated|
|rule|HP Percentage Mod: HP is shown in percentages
|rule|Endless Battle Clause: Forcing endless battles is banned
|rule|Species Clause: Limit one of each Pokémon
|rule|OHKO Clause: OHKO moves are banned
|rule|Evasion Items Clause: Evasion items are banned
|rule|Evasion Moves Clause: Evasion moves are banned
|rule|Evasion Abilities Clause: Evasion abilities are banned
|rule|Sleep Moves Clause: Sleep-inducing moves are banned
|clearpoke
|poke|p1|Pelipper, M|
|poke|p1|Talonflame, M|
|poke|p1|Iron Treads|
|poke|p1|Zamazenta-*|
|poke|p1|Greninja-*, M|
|poke|p1|Hatterene, F|
|poke|p2|Cloyster, F|
|poke|p2|Ninetales-Alola, M|
|poke|p2|Ogerpon-Wellspring, F|
|poke|p2|Polteageist|
|poke|p2|Dragonite, M|
|poke|p2|Iron Treads|
|teampreview
|inactive|Battle timer is ON: inactive players will automatically lose when time's up. (requested by DragonLordEXMaster)
|
|t:|1759020964
|teamsize|p1|6
|teamsize|p2|6
|start
|switch|p1a: Artemis|Zamazenta|100/100
|switch|p2a: Iron Treads|Iron Treads|100/100
|-ability|p1a: Artemis|Dauntless Shield|boost
|-boost|p1a: Artemis|def|1
|-enditem|p2a: Iron Treads|Booster Energy
|-activate|p2a: Iron Treads|ability: Quark Drive|[fromitem]
|-start|p2a: Iron Treads|quarkdrivespe
|turn|1
|
|t:|1759020970
|move|p2a: Iron Treads|Stealth Rock|p1a: Artemis
|-sidestart|p1: Cap2n|move: Stealth Rock
|move|p1a: Artemis|Close Combat|p2a: Iron Treads
|-supereffective|p2a: Iron Treads
|-damage|p2a: Iron Treads|0 fnt
|-unboost|p1a: Artemis|def|1
|-unboost|p1a: Artemis|spd|1
|faint|p2a: Iron Treads
|-end|p2a: Iron Treads|Quark Drive|[silent]
|-damage|p1a: Artemis|91/100|[from] item: Life Orb
|
|upkeep
|
|t:|1759020990
|switch|p2a: Ninetales|Ninetales-Alola, M, shiny|100/100
|-weather|Snowscape|[from] ability: Snow Warning|[of] p2a: Ninetales
|turn|2
|
|t:|1759020998
|move|p1a: Artemis|Heavy Slam|p2a: Ninetales
|-supereffective|p2a: Ninetales
|-damage|p2a: Ninetales|0 fnt
|faint|p2a: Ninetales
|-damage|p1a: Artemis|81/100|[from] item: Life Orb
|
|-weather|Snowscape|[upkeep]
|upkeep
|
|t:|1759021020
|switch|p2a: Polteageist|Polteageist, shiny|100/100
|turn|3
|
|t:|1759021034
|move|p1a: Artemis|Crunch|p2a: Polteageist
|-supereffective|p2a: Polteageist
|-enditem|p2a: Polteageist|Focus Sash
|-damage|p2a: Polteageist|1/100
|-damage|p1a: Artemis|71/100|[from] item: Life Orb
|move|p2a: Polteageist|Shell Smash|p2a: Polteageist
|-unboost|p2a: Polteageist|def|1
|-unboost|p2a: Polteageist|spd|1
|-boost|p2a: Polteageist|atk|2
|-boost|p2a: Polteageist|spa|2
|-boost|p2a: Polteageist|spe|2
|
|-weather|Snowscape|[upkeep]
|upkeep
|turn|4
|inactive|DragonLordEXMaster has 120 seconds left.
|
|t:|1759021071
|-terastallize|p2a: Polteageist|Fighting
|move|p2a: Polteageist|Strength Sap|p1a: Artemis
|-unboost|p1a: Artemis|atk|1
|-heal|p2a: Polteageist|100/100
|move|p1a: Artemis|Crunch|p2a: Polteageist
|-resisted|p2a: Polteageist
|-damage|p2a: Polteageist|68/100
|-damage|p1a: Artemis|61/100|[from] item: Life Orb
|
|-weather|Snowscape|[upkeep]
|upkeep
|turn|5
|
|t:|1759021076
|move|p2a: Polteageist|Shadow Ball|p1a: Artemis
|-damage|p1a: Artemis|0 fnt
|faint|p1a: Artemis
|
|-weather|Snowscape|[upkeep]
|upkeep
|
|t:|1759021090
|switch|p1a: STORMBRINGER|Pelipper, M|100/100
|-damage|p1a: STORMBRINGER|75/100|[from] Stealth Rock
|-weather|RainDance|[from] ability: Drizzle|[of] p1a: STORMBRINGER
|turn|6
|
|t:|1759021094
|move|p2a: Polteageist|Shadow Ball|p1a: STORMBRINGER
|-damage|p1a: STORMBRINGER|0 fnt
|faint|p1a: STORMBRINGER
|
|-weather|RainDance|[upkeep]
|upkeep
|
|t:|1759021097
|switch|p1a: Ranas|Greninja, M|100/100
|-damage|p1a: Ranas|88/100|[from] Stealth Rock
|turn|7
|
|t:|1759021107
|move|p1a: Ranas|Surf|p2a: Polteageist
|-start|p1a: Ranas|typechange|Water|[from] ability: Protean
|-damage|p2a: Polteageist|0 fnt
|faint|p2a: Polteageist
|
|-weather|RainDance|[upkeep]
|upkeep
|
|t:|1759021114
|switch|p2a: Ogerpon|Ogerpon-Wellspring, F|100/100
|turn|8
|
|t:|1759021135
|switch|p1a: Vendavas|Talonflame, M, shiny|100/100
|-damage|p1a: Vendavas|51/100|[from] Stealth Rock
|move|p2a: Ogerpon|Ivy Cudgel|p1a: Vendavas|[anim] Ivy Cudgel Water
|-supereffective|p1a: Vendavas
|-damage|p1a: Vendavas|0 fnt
|faint|p1a: Vendavas
|
|-weather|RainDance|[upkeep]
|upkeep
|inactive|Cap2n has 120 seconds left.
|
|t:|1759021173
|switch|p1a: Ranas|Greninja, M|88/100
|-damage|p1a: Ranas|76/100|[from] Stealth Rock
|turn|9
|
|t:|1759021178
|move|p1a: Ranas|U-turn|p2a: Ogerpon
|-start|p1a: Ranas|typechange|Bug|[from] ability: Protean
|-supereffective|p2a: Ogerpon
|-damage|p2a: Ogerpon|44/100
|
|t:|1759021181
|switch|p1a: Big Unit 51|Iron Treads|100/100|[from] U-turn
|-damage|p1a: Big Unit 51|97/100|[from] Stealth Rock
|move|p2a: Ogerpon|Ivy Cudgel|p1a: Big Unit 51|[anim] Ivy Cudgel Water
|-supereffective|p1a: Big Unit 51
|-crit|p1a: Big Unit 51
|-damage|p1a: Big Unit 51|0 fnt
|faint|p1a: Big Unit 51
|-end|p1a: Big Unit 51|Quark Drive|[silent]
|
|-weather|RainDance|[upkeep]
|upkeep
|
|t:|1759021183
|switch|p1a: Ranas|Greninja, M|76/100
|-damage|p1a: Ranas|64/100|[from] Stealth Rock
|turn|10
|inactive|Cap2n has 120 seconds left.
|j| Nikator98
|
|t:|1759021222
|move|p1a: Ranas|U-turn|p2a: Ogerpon
|-start|p1a: Ranas|typechange|Bug|[from] ability: Protean
|-supereffective|p2a: Ogerpon
|-damage|p2a: Ogerpon|0 fnt
|faint|p2a: Ogerpon
|
|t:|1759021224
|switch|p1a: Annabelle|Hatterene, F, shiny|100/100|[from] U-turn
|-damage|p1a: Annabelle|88/100|[from] Stealth Rock
|
|-weather|RainDance|[upkeep]
|-heal|p1a: Annabelle|94/100|[from] item: Leftovers
|upkeep
|
|t:|1759021226
|switch|p2a: Cloyster|Cloyster, F, shiny|100/100
|turn|11
|
|t:|1759021246
|move|p2a: Cloyster|Icicle Spear|p1a: Annabelle
|-damage|p1a: Annabelle|82/100
|-damage|p1a: Annabelle|71/100
|-damage|p1a: Annabelle|58/100
|-damage|p1a: Annabelle|46/100
|-damage|p1a: Annabelle|36/100
|-hitcount|p1a: Annabelle|5
|move|p1a: Annabelle|Psychic Noise|p2a: Cloyster
|-crit|p2a: Cloyster
|-damage|p2a: Cloyster|0 fnt
|faint|p2a: Cloyster
|
|-weather|RainDance|[upkeep]
|-heal|p1a: Annabelle|42/100|[from] item: Leftovers
|upkeep
|
|t:|1759021249
|switch|p2a: Dragonite|Dragonite, M|100/100
|turn|12
|j| theviolator3000
|
|t:|1759021261
|move|p2a: Dragonite|Dragon Dance|p2a: Dragonite
|-boost|p2a: Dragonite|atk|1
|-boost|p2a: Dragonite|spe|1
|move|p1a: Annabelle|Draining Kiss|p2a: Dragonite
|-supereffective|p2a: Dragonite
|-damage|p2a: Dragonite|76/100
|-heal|p1a: Annabelle|61/100|[from] drain|[of] p2a: Dragonite
|
|-weather|RainDance|[upkeep]
|-heal|p1a: Annabelle|67/100|[from] item: Leftovers
|upkeep
|turn|13
|
|t:|1759021270
|move|p2a: Dragonite|Extreme Speed|p1a: Annabelle
|-damage|p1a: Annabelle|31/100
|move|p1a: Annabelle|Draining Kiss|p2a: Dragonite
|-supereffective|p2a: Dragonite
|-damage|p2a: Dragonite|25/100
|-heal|p1a: Annabelle|69/100|[from] drain|[of] p2a: Dragonite
|
|-weather|none
|-heal|p1a: Annabelle|75/100|[from] item: Leftovers
|upkeep
|turn|14
|
|t:|1759021285
|move|p2a: Dragonite|Extreme Speed|p1a: Annabelle
|-damage|p1a: Annabelle|42/100
|move|p1a: Annabelle|Draining Kiss|p2a: Dragonite
|-supereffective|p2a: Dragonite
|-damage|p2a: Dragonite|0 fnt
|-heal|p1a: Annabelle|61/100|[from] drain|[of] p2a: Dragonite
|faint|p2a: Dragonite
|
|win|Cap2n
|raw|Cap2n's rating: 1571 &rarr; <strong>1593</strong><br />(+22 for winning)
|raw|DragonLordEXMaster's rating: 1600 &rarr; <strong>1578</strong><br />(-22 for losing)
|l|☆DragonLordEXMaster
|player|p2|
|c|☆Cap2n|gg
|l|☆Cap2n
|player|p1|
