|j|☆wswgy
|j|☆ghostboydillon
|t:|1758948442
|gametype|singles
|player|p1|wswgy|265|1098
|player|p2|ghostboydillon|2|1052
|gen|9
|tier|[Gen 9] OU
|rated|
|rule|HP Percentage Mod: HP is shown in percentages
|rule|Endless Battle Clause: Forcing endless battles is banned
|rule|Species Clause: Limit one of each Pokémon
|rule|OHKO Clause: OHKO moves are banned
|rule|Evasion Items Clause: Evasion items are banned
|rule|Evasion Moves Clause: Evasion moves are banned
|rule|Evasion Abilities Clause: Evasion abilities are banned
|rule|Sleep Moves Clause: Sleep-inducing moves are banned
|clearpoke
|poke|p1|Kingambit, M|
|poke|p1|Blastoise, M|
|poke|p1|Zoroark-Hisui, F|
|poke|p1|Gyarados, M|
|poke|p1|Toxapex, F|
|poke|p1|Raging Bolt|
|poke|p2|Dusclops, F|
|poke|p2|Grimmsnarl, M|
|poke|p2|Mimikyu, M|
|poke|p2|Mamoswine, F|
|poke|p2|Zoroark-Hisui, M|
|poke|p2|Toxicroak, M|
|teampreview
|inactive|Battle timer is ON: inactive players will automatically lose when time's up. (requested by ghostboydillon)
|inactive|ghostboydillon has 120 seconds left.
|
|t:|1758948477
|teamsize|p1|6
|teamsize|p2|6
|start
|switch|p1a: Toxapex|Toxapex, F|100/100
|switch|p2a: Grimmsnarl|Grimmsnarl, M|100/100
|turn|1
|
|t:|1758948484
|-terastallize|p2a: Grimmsnarl|Dark
|move|p2a: Grimmsnarl|Thunder Wave|p1a: Toxapex
|-status|p1a: Toxapex|par
|cant|p1a: Toxapex|par
|
|upkeep
|turn|2
|
|t:|1758948508
|move|p2a: Grimmsnarl|Reflect|p2a: Grimmsnarl
|-sidestart|p2: ghostboydillon|Reflect
|move|p1a: Toxapex|Trick|p2a: Grimmsnarl
|-activate|p1a: Toxapex|move: Trick|[of] p2a: Grimmsnarl
|-item|p2a: Grimmsnarl|Choice Scarf|[from] move: Trick
|-item|p1a: Toxapex|Light Clay|[from] move: Trick
|
|upkeep
|turn|3
|inactive|ghostboydillon has 120 seconds left.
|
|t:|1758948534
|switch|p2a: Mamoswine|Mamoswine, F|100/100
|cant|p1a: Toxapex|par
|
|upkeep
|turn|4
|inactive|ghostboydillon has 120 seconds left.
|
|t:|1758948540
|move|p2a: Mamoswine|Earthquake|p1a: Toxapex
|-damage|p1a: Toxapex|0 fnt
|replace|p1a: Zoroark|Zoroark-Hisui, F, shiny
|-end|p1a: Zoroark|Illusion
|faint|p1a: Zoroark
|
|upkeep
|
|t:|1758948554
|switch|p1a: Blastoise|Blastoise, M|100/100
|turn|5
|
|t:|1758948561
|move|p2a: Mamoswine|Earthquake|p1a: Blastoise
|-damage|p1a: Blastoise|0 fnt
|faint|p1a: Blastoise
|
|upkeep
|
|t:|1758948568
|switch|p1a: Gyarados|Gyarados, M, shiny|100/100
|turn|6
|inactive|ghostboydillon has 120 seconds left.
|
|t:|1758948604
|switch|p2a: Grimmsnarl|Grimmsnarl, M, tera:Dark|100/100
|move|p1a: Gyarados|Dragon Dance|p1a: Gyarados
|-boost|p1a: Gyarados|atk|1
|-boost|p1a: Gyarados|spe|1
|
|upkeep
|turn|7
|
|t:|1758948613
|move|p2a: Grimmsnarl|Thunder Wave|p1a: Gyarados
|-status|p1a: Gyarados|par
|move|p1a: Gyarados|Dragon Dance|p1a: Gyarados
|-boost|p1a: Gyarados|atk|1
|-boost|p1a: Gyarados|spe|1
|
|upkeep
|turn|8
|inactive|ghostboydillon has 120 seconds left.
|
|t:|1758948623
|switch|p2a: Mimikyu|Mimikyu, M|100/100
|move|p1a: Gyarados|Dragon Dance|p1a: Gyarados
|-boost|p1a: Gyarados|atk|1
|-boost|p1a: Gyarados|spe|1
|
|upkeep
|turn|9
|inactive|ghostboydillon has 120 seconds left.
|
|t:|1758948633
|move|p1a: Gyarados|Earthquake|p2a: Mimikyu
|-activate|p2a: Mimikyu|ability: Disguise
|-damage|p2a: Mimikyu|100/100
|detailschange|p2a: Mimikyu|Mimikyu-Busted, M
|-damage|p2a: Mimikyu|88/100|[from] pokemon: Mimikyu-Busted
|move|p2a: Mimikyu|Play Rough|p1a: Gyarados|[miss]
|-miss|p2a: Mimikyu|p1a: Gyarados
|
|-sideend|p2: ghostboydillon|Reflect
|upkeep
|turn|10
|inactive|ghostboydillon has 120 seconds left.
|c|☆ghostboydillon|holyyyyyyyy rng
|
|t:|1758948651
|cant|p1a: Gyarados|par
|move|p2a: Mimikyu|Play Rough|p1a: Gyarados
|-damage|p1a: Gyarados|44/100 par
|-damage|p2a: Mimikyu|78/100|[from] item: Life Orb
|
|-heal|p1a: Gyarados|50/100 par|[from] item: Leftovers
|upkeep
|turn|11
|
|t:|1758948664
|move|p2a: Mimikyu|Shadow Sneak|p1a: Gyarados
|-damage|p1a: Gyarados|22/100 par
|-damage|p2a: Mimikyu|68/100|[from] item: Life Orb
|move|p1a: Gyarados|Earthquake|p2a: Mimikyu
|-damage|p2a: Mimikyu|0 fnt
|faint|p2a: Mimikyu
|-ability|p1a: Gyarados|Moxie|boost
|-boost|p1a: Gyarados|atk|1
|
|-heal|p1a: Gyarados|28/100 par|[from] item: Leftovers
|upkeep
|
|t:|1758948673
|switch|p2a: Mamoswine|Mamoswine, F|100/100
|turn|12
|
|t:|1758948682
|move|p2a: Mamoswine|Ice Shard|p1a: Gyarados
|-damage|p1a: Gyarados|0 fnt
|faint|p1a: Gyarados
|
|upkeep
|
|t:|1758948691
|switch|p1a: Kingambit|Kingambit, M, shiny|100/100
|-activate|p1a: Kingambit|ability: Supreme Overlord
|-start|p1a: Kingambit|fallen3|[silent]
|turn|13
|
|t:|1758948696
|switch|p2a: Grimmsnarl|Grimmsnarl, M, tera:Dark|100/100
|move|p1a: Kingambit|Swords Dance|p1a: Kingambit
|-boost|p1a: Kingambit|atk|2
|
|upkeep
|turn|14
|
|t:|1758948707
|move|p2a: Grimmsnarl|Reflect|p2a: Grimmsnarl
|-sidestart|p2: ghostboydillon|Reflect
|move|p1a: Kingambit|Swords Dance|p1a: Kingambit
|-boost|p1a: Kingambit|atk|2
|
|upkeep
|turn|15
|
|t:|1758948713
|switch|p2a: Dusclops|Dusclops, F|100/100
|-item|p1a: Kingambit|Black Glasses|[from] ability: Frisk|[of] p2a: Dusclops
|move|p1a: Kingambit|Kowtow Cleave|p2a: Dusclops
|-supereffective|p2a: Dusclops
|-damage|p2a: Dusclops|0 fnt
|faint|p2a: Dusclops
|
|upkeep
|
|t:|1758948728
|switch|p2a: Toxicroak|Toxicroak, M|100/100
|turn|16
|
|t:|1758948737
|-terastallize|p1a: Kingambit|Dark
|move|p2a: Toxicroak|Flamethrower|p1a: Kingambit
|-crit|p1a: Kingambit
|-damage|p1a: Kingambit|35/100
|-damage|p2a: Toxicroak|91/100|[from] item: Life Orb
|move|p1a: Kingambit|Kowtow Cleave|p2a: Toxicroak
|-supereffective|p2a: Toxicroak
|-damage|p2a: Toxicroak|0 fnt
|replace|p2a: Zoroark|Zoroark-Hisui, M
|-end|p2a: Zoroark|Illusion
|faint|p2a: Zoroark
|
|upkeep
|
|t:|1758948754
|switch|p2a: Mamoswine|Mamoswine, F|100/100
|turn|17
|
|t:|1758948763
|move|p1a: Kingambit|Sucker Punch|p2a: Mamoswine
|-damage|p2a: Mamoswine|0 fnt
|faint|p2a: Mamoswine
|
|upkeep
|
|t:|1758948767
|switch|p2a: Toxicroak|Toxicroak, M|100/100
|turn|18
|
|t:|1758948771
|move|p2a: Toxicroak|Sucker Punch|p1a: Kingambit
|-resisted|p1a: Kingambit
|-damage|p1a: Kingambit|26/100
|-damage|p2a: Toxicroak|91/100|[from] item: Life Orb
|move|p1a: Kingambit|Sucker Punch||[still]
|-fail|p1a: Kingambit
|
|-sideend|p2: ghostboydillon|Reflect
|upkeep
|turn|19
|
|t:|1758948779
|move|p2a: Toxicroak|Sucker Punch|p1a: Kingambit
|-resisted|p1a: Kingambit
|-damage|p1a: Kingambit|17/100
|-damage|p2a: Toxicroak|81/100|[from] item: Life Orb
|move|p1a: Kingambit|Kowtow Cleave|p2a: Toxicroak
|-resisted|p2a: Toxicroak
|-damage|p2a: Toxicroak|0 fnt
|faint|p2a: Toxicroak
|
|upkeep
|
|t:|1758948788
|switch|p2a: Grimmsnarl|Grimmsnarl, M, tera:Dark|100/100
|turn|20
|
|t:|1758948796
|move|p2a: Grimmsnarl|Spirit Break|p1a: Kingambit
|-supereffective|p1a: Kingambit
|-damage|p1a: Kingambit|0 fnt
|faint|p1a: Kingambit
|-end|p1a: Kingambit|fallen3|[silent]
|
|upkeep
|
|t:|1758948816
|switch|p1a: Toxapex|Toxapex, F|100/100
|turn|21
|
|t:|1758948833
|move|p2a: Grimmsnarl|Spirit Break|p1a: Toxapex
|-resisted|p1a: Toxapex
|-damage|p1a: Toxapex|88/100
|-unboost|p1a: Toxapex|spa|1
|move|p1a: Toxapex|Toxic|p2a: Grimmsnarl
|-status|p2a: Grimmsnarl|tox
|
|-heal|p1a: Toxapex|94/100|[from] item: Black Sludge
|-damage|p2a: Grimmsnarl|94/100 tox|[from] psn
|upkeep
|turn|22
|-message|ghostboydillon forfeited.
|
|win|wswgy
|raw|wswgy's rating: 1098 &rarr; <strong>1120</strong><br />(+22 for winning)
|raw|ghostboydillon's rating: 1052 &rarr; <strong>1037</strong><br />(-15 for losing)
|l|☆ghostboydillon
|player|p2|
|l|☆wswgy
|player|p1|
