|j|☆poison doctor
|j|☆Shabooya1
|t:|1758984043
|gametype|singles
|player|p1|poison doctor|policeman-gen4|1410
|player|p2|Shabooya1|unknown|1414
|gen|9
|tier|[Gen 9] OU
|rated|
|rule|HP Percentage Mod: HP is shown in percentages
|rule|Endless Battle Clause: Forcing endless battles is banned
|rule|Species Clause: Limit one of each Pokémon
|rule|OHKO Clause: OHKO moves are banned
|rule|Evasion Items Clause: Evasion items are banned
|rule|Evasion Moves Clause: Evasion moves are banned
|rule|Evasion Abilities Clause: Evasion abilities are banned
|rule|Sleep Moves Clause: Sleep-inducing moves are banned
|clearpoke
|poke|p1|Pelipper, F|
|poke|p1|Clodsire, M|
|poke|p1|Iron Jugulis|
|poke|p1|Great Tusk|
|poke|p1|Basculegion, M|
|poke|p1|Ribombee, M|
|poke|p2|Cresselia, F|
|poke|p2|Torkoal, M|
|poke|p2|Mimikyu, F|
|poke|p2|Iron Hands|
|poke|p2|Hatterene, F|
|poke|p2|Glastrier|
|teampreview
|inactive|Battle timer is ON: inactive players will automatically lose when time's up. (requested by poison doctor)
|
|t:|1758984074
|teamsize|p1|6
|teamsize|p2|6
|start
|switch|p1a: Ribombee|Ribombee, M|100/100
|switch|p2a: Hatterene|Hatterene, F, shiny|100/100
|turn|1
|
|t:|1758984079
|move|p1a: Ribombee|Sticky Web|p2a: Hatterene
|move|p2a: Hatterene|Sticky Web|p1a: Ribombee|[from] ability: Magic Bounce
|-sidestart|p1: poison doctor|move: Sticky Web
|move|p2a: Hatterene|Trick Room|p2a: Hatterene
|-fieldstart|move: Trick Room|[of] p2a: Hatterene
|
|upkeep
|turn|2
|
|t:|1758984090
|switch|p1a: Clodsire|Clodsire, M|100/100
|move|p2a: Hatterene|Mystical Fire|p1a: Clodsire
|-damage|p1a: Clodsire|89/100
|-unboost|p1a: Clodsire|spa|1
|
|upkeep
|turn|3
|
|t:|1758984099
|move|p1a: Clodsire|Spikes|p2a: Hatterene
|move|p2a: Hatterene|Spikes|p1a: Clodsire|[from] ability: Magic Bounce
|-sidestart|p1: poison doctor|Spikes
|move|p2a: Hatterene|Trick Room|p2a: Hatterene
|-fieldend|move: Trick Room
|
|upkeep
|turn|4
|
|t:|1758984107
|move|p2a: Hatterene|Mystical Fire|p1a: Clodsire
|-damage|p1a: Clodsire|77/100
|-unboost|p1a: Clodsire|spa|1
|move|p1a: Clodsire|Toxic|p2a: Hatterene
|move|p2a: Hatterene|Toxic|p1a: Clodsire|[from] ability: Magic Bounce
|-immune|p1a: Clodsire
|
|upkeep
|turn|5
|
|t:|1758984117
|move|p2a: Hatterene|Mystical Fire|p1a: Clodsire
|-damage|p1a: Clodsire|65/100
|-unboost|p1a: Clodsire|spa|1
|move|p1a: Clodsire|Recover|p1a: Clodsire
|-heal|p1a: Clodsire|100/100
|
|upkeep
|turn|6
|
|t:|1758984127
|switch|p1a: Great Tusk|Great Tusk|100/100
|-activate|p1a: Great Tusk|move: Sticky Web
|-unboost|p1a: Great Tusk|spe|1
|-damage|p1a: Great Tusk|88/100|[from] Spikes
|move|p2a: Hatterene|Misty Explosion|p1a: Great Tusk
|-supereffective|p1a: Great Tusk
|-damage|p1a: Great Tusk|0 fnt
|faint|p2a: Hatterene
|faint|p1a: Great Tusk
|-end|p1a: Great Tusk|Protosynthesis|[silent]
|
|upkeep
|
|t:|1758984143
|switch|p1a: Clodsire|Clodsire, M|100/100
|switch|p2a: Glastrier|Glastrier|100/100
|turn|7
|inactive|poison doctor has 120 seconds left.
|
|t:|1758984172
|switch|p1a: Pelipper|Pelipper, F|100/100
|-weather|RainDance|[from] ability: Drizzle|[of] p1a: Pelipper
|move|p2a: Glastrier|Substitute|p2a: Glastrier
|-start|p2a: Glastrier|Substitute
|-damage|p2a: Glastrier|76/100
|
|-weather|RainDance|[upkeep]
|upkeep
|turn|8
|
|t:|1758984181
|move|p1a: Pelipper|Weather Ball|p2a: Glastrier
|-end|p2a: Glastrier|Substitute
|move|p2a: Glastrier|Swords Dance|p2a: Glastrier
|-boost|p2a: Glastrier|atk|2
|
|-weather|RainDance|[upkeep]
|upkeep
|turn|9
|
|t:|1758984188
|move|p1a: Pelipper|Weather Ball|p2a: Glastrier
|-damage|p2a: Glastrier|23/100
|move|p2a: Glastrier|Icicle Crash|p1a: Pelipper
|-damage|p1a: Pelipper|0 fnt
|faint|p1a: Pelipper
|-ability|p2a: Glastrier|Chilling Neigh|boost
|-boost|p2a: Glastrier|atk|1
|
|-weather|RainDance|[upkeep]
|upkeep
|
|t:|1758984196
|switch|p1a: Iron Jugulis|Iron Jugulis|100/100
|turn|10
|-enditem|p2a: Glastrier|Custap Berry|[eat]
|-activate|p2a: Glastrier|item: Custap Berry|[consumed]
|
|t:|1758984202
|move|p2a: Glastrier|Icicle Crash|p1a: Iron Jugulis
|-supereffective|p1a: Iron Jugulis
|-damage|p1a: Iron Jugulis|0 fnt
|faint|p1a: Iron Jugulis
|-end|p1a: Iron Jugulis|Quark Drive|[silent]
|-ability|p2a: Glastrier|Chilling Neigh|boost
|-boost|p2a: Glastrier|atk|1
|
|-weather|RainDance|[upkeep]
|upkeep
|
|t:|1758984207
|switch|p1a: Basculegion|Basculegion, M|100/100
|-activate|p1a: Basculegion|move: Sticky Web
|-unboost|p1a: Basculegion|spe|1
|-damage|p1a: Basculegion|88/100|[from] Spikes
|turn|11
|
|t:|1758984216
|switch|p2a: EZAF|Torkoal, M, shiny|100/100
|-weather|SunnyDay|[from] ability: Drought|[of] p2a: EZAF
|move|p1a: Basculegion|Flip Turn|p2a: EZAF
|-supereffective|p2a: EZAF
|-damage|p2a: EZAF|72/100
|
|t:|1758984225
|switch|p1a: Clodsire|Clodsire, M|100/100|[from] Flip Turn
|
|-weather|SunnyDay|[upkeep]
|upkeep
|turn|12
|
|t:|1758984235
|switch|p2a: Git gud|Cresselia, F, shiny|100/100
|move|p1a: Clodsire|Spikes|p2a: Git gud
|-sidestart|p2: Shabooya1|Spikes
|
|-weather|SunnyDay|[upkeep]
|upkeep
|turn|13
|
|t:|1758984242
|move|p1a: Clodsire|Toxic|p2a: Git gud
|-status|p2a: Git gud|tox
|move|p2a: Git gud|Trick Room|p2a: Git gud
|-fieldstart|move: Trick Room|[of] p2a: Git gud
|
|-weather|SunnyDay|[upkeep]
|-damage|p2a: Git gud|94/100 tox|[from] psn
|upkeep
|turn|14
|
|t:|1758984250
|move|p1a: Clodsire|Spikes|p2a: Git gud
|-sidestart|p2: Shabooya1|Spikes
|move|p2a: Git gud|Lunar Dance|p2a: Git gud
|faint|p2a: Git gud
|
|-weather|SunnyDay|[upkeep]
|upkeep
|
|t:|1758984252
|switch|p2a: EZAF|Torkoal, M, shiny|72/100
|-heal|p2a: EZAF|100/100|[from] move: Lunar Dance
|-damage|p2a: EZAF|84/100|[from] Spikes
|turn|15
|
|t:|1758984259
|-terastallize|p2a: EZAF|Fire
|move|p1a: Clodsire|Earthquake|p2a: EZAF
|-supereffective|p2a: EZAF
|-damage|p2a: EZAF|45/100
|move|p2a: EZAF|Eruption|p1a: Clodsire
|-damage|p1a: Clodsire|59/100
|
|-weather|none
|upkeep
|turn|16
|
|t:|1758984271
|switch|p2a: Glastrier|Glastrier|23/100
|-damage|p2a: Glastrier|6/100|[from] Spikes
|move|p1a: Clodsire|Recover|p1a: Clodsire
|-heal|p1a: Clodsire|100/100
|
|upkeep
|turn|17
|
|t:|1758984288
|switch|p1a: Basculegion|Basculegion, M|88/100
|-activate|p1a: Basculegion|move: Sticky Web
|-unboost|p1a: Basculegion|spe|1
|-damage|p1a: Basculegion|76/100|[from] Spikes
|move|p2a: Glastrier|High Horsepower|p1a: Basculegion
|-damage|p1a: Basculegion|29/100
|
|-fieldend|move: Trick Room
|upkeep
|turn|18
|
|t:|1758984306
|move|p1a: Basculegion|Flip Turn|p2a: Glastrier
|-damage|p2a: Glastrier|0 fnt
|faint|p2a: Glastrier
|
|t:|1758984311
|switch|p1a: Ribombee|Ribombee, M|100/100|[from] Flip Turn
|-activate|p1a: Ribombee|move: Sticky Web
|-unboost|p1a: Ribombee|spe|1
|-damage|p1a: Ribombee|88/100|[from] Spikes
|
|upkeep
|
|t:|1758984319
|switch|p2a: Iron Hands|Iron Hands|100/100
|-damage|p2a: Iron Hands|84/100|[from] Spikes
|-enditem|p2a: Iron Hands|Booster Energy
|-activate|p2a: Iron Hands|ability: Quark Drive|[fromitem]
|-start|p2a: Iron Hands|quarkdriveatk
|turn|19
|
|t:|1758984327
|move|p1a: Ribombee|Moonblast|p2a: Iron Hands
|-supereffective|p2a: Iron Hands
|-damage|p2a: Iron Hands|6/100
|-unboost|p2a: Iron Hands|spa|1
|move|p2a: Iron Hands|Earthquake|p1a: Ribombee
|-resisted|p1a: Ribombee
|-damage|p1a: Ribombee|41/100
|
|upkeep
|turn|20
|
|t:|1758984335
|move|p1a: Ribombee|Moonblast|p2a: Iron Hands
|-supereffective|p2a: Iron Hands
|-damage|p2a: Iron Hands|0 fnt
|faint|p2a: Iron Hands
|-end|p2a: Iron Hands|Quark Drive|[silent]
|
|upkeep
|
|t:|1758984338
|switch|p2a: Hit me|Mimikyu, F, shiny|100/100
|-damage|p2a: Hit me|84/100|[from] Spikes
|turn|21
|
|t:|1758984344
|move|p2a: Hit me|Shadow Sneak|p1a: Ribombee
|-damage|p1a: Ribombee|5/100
|move|p1a: Ribombee|Moonblast|p2a: Hit me
|-activate|p2a: Hit me|ability: Disguise
|-damage|p2a: Hit me|84/100
|detailschange|p2a: Hit me|Mimikyu-Busted, F, shiny
|-damage|p2a: Hit me|72/100|[from] pokemon: Mimikyu-Busted
|-enditem|p2a: Hit me|Red Card|[of] p1a: Ribombee
|drag|p1a: Clodsire|Clodsire, M|100/100
|
|upkeep
|turn|22
|
|t:|1758984360
|switch|p1a: Ribombee|Ribombee, M|5/100
|-activate|p1a: Ribombee|move: Sticky Web
|-unboost|p1a: Ribombee|spe|1
|-damage|p1a: Ribombee|0 fnt|[from] Spikes
|faint|p1a: Ribombee
|move|p2a: Hit me|Play Rough|p1: Ribombee|[notarget]
|-fail|p2a: Hit me
|
|upkeep
|
|t:|1758984368
|switch|p1a: Basculegion|Basculegion, M|29/100
|-activate|p1a: Basculegion|move: Sticky Web
|-unboost|p1a: Basculegion|spe|1
|-damage|p1a: Basculegion|17/100|[from] Spikes
|turn|23
|
|t:|1758984378
|-terastallize|p1a: Basculegion|Water
|move|p1a: Basculegion|Aqua Jet|p2a: Hit me
|-damage|p2a: Hit me|24/100
|move|p2a: Hit me|Shadow Sneak|p1a: Basculegion
|-damage|p1a: Basculegion|0 fnt
|faint|p1a: Basculegion
|
|upkeep
|
|t:|1758984384
|switch|p1a: Clodsire|Clodsire, M|100/100
|turn|24
|
|t:|1758984387
|move|p2a: Hit me|Destiny Bond|p2a: Hit me
|-singlemove|p2a: Hit me|Destiny Bond
|move|p1a: Clodsire|Earthquake|p2a: Hit me
|-damage|p2a: Hit me|0 fnt
|faint|p2a: Hit me
|-activate|p2a: Hit me|move: Destiny Bond
|faint|p1a: Clodsire
|
|win|Shabooya1
|raw|poison doctor's rating: 1410 &rarr; <strong>1390</strong><br />(-20 for losing)
|raw|Shabooya1's rating: 1414 &rarr; <strong>1434</strong><br />(+20 for winning)
|l|☆poison doctor
|player|p1|
|l|☆Shabooya1
|player|p2|
