|badge|p1|bronze|gen9ou|100-6
|html|<div class="broadcast-red"><strong>This battle is required to be public due to one or more player having a season medal.</strong><br />During the public phase, you can discuss the state of the ladder <a href="/seasondiscussion">in a special chatroom.</a></div>
|uhtml|medal-msg|<div class="broadcast-blue">Curious what those medals under the avatar are? PS now has Ladder Seasons! For more information, check out the <a href="https://www.smogon.com/forums/threads/3740067/">thread on Smogon.</a></div>
|badge|p2|bronze|gen9ou|100-6
|uhtml|medal-msg|<div class="broadcast-blue">Curious what those medals under the avatar are? PS now has Ladder Seasons! For more information, check out the <a href="https://www.smogon.com/forums/threads/3740067/">thread on Smogon.</a></div>
|raw|<div class="broadcast-blue"><strong>This battle is required to be public due to a player having a name starting with 'medal'.</div>
|j|☆Dr Greg H
|j|☆Swiscool
|t:|1758998916
|gametype|singles
|player|p1|Dr Greg H|pokemonbreeder-gen4|1850
|player|p2|Swiscool|170|1813
|gen|9
|tier|[Gen 9] OU
|rated|
|rule|HP Percentage Mod: HP is shown in percentages
|rule|Endless Battle Clause: Forcing endless battles is banned
|rule|Species Clause: Limit one of each Pokémon
|rule|OHKO Clause: OHKO moves are banned
|rule|Evasion Items Clause: Evasion items are banned
|rule|Evasion Moves Clause: Evasion moves are banned
|rule|Evasion Abilities Clause: Evasion abilities are banned
|rule|Sleep Moves Clause: Sleep-inducing moves are banned
|clearpoke
|poke|p1|Dragapult, M|
|poke|p1|Ogerpon-Wellspring, F|
|poke|p1|Glimmora, F|
|poke|p1|Kingambit, F|
|poke|p1|Iron Valiant|
|poke|p1|Great Tusk|
|poke|p2|Raging Bolt|
|poke|p2|Great Tusk|
|poke|p2|Kingambit, M|
|poke|p2|Slowking-Galar, M|
|poke|p2|Ogerpon-Wellspring, F|
|poke|p2|Enamorus, F|
|teampreview
|inactive|Battle timer is ON: inactive players will automatically lose when time's up. (requested by Dr Greg H)
|j| Test499586
|
|t:|1758998936
|teamsize|p1|6
|teamsize|p2|6
|start
|switch|p1a: Dragapult|Dragapult, M|100/100
|switch|p2a: Byakko|Raging Bolt|100/100
|turn|1
|
|t:|1758998940
|-end|p2a: Byakko|Protosynthesis|[silent]
|switch|p2a: Mantra|Slowking-Galar, M, shiny|100/100
|move|p1a: Dragapult|U-turn|p2a: Mantra
|-damage|p2a: Mantra|76/100
|
|t:|1758998952
|switch|p1a: Kingambit|Kingambit, F|100/100|[from] U-turn
|-item|p1a: Kingambit|Air Balloon
|
|upkeep
|turn|2
|
|t:|1758998959
|move|p1a: Kingambit|Kowtow Cleave|p2a: Mantra
|-supereffective|p2a: Mantra
|-damage|p2a: Mantra|7/100
|move|p2a: Mantra|Flamethrower|p1a: Kingambit
|-supereffective|p1a: Kingambit
|-damage|p1a: Kingambit|52/100
|-enditem|p1a: Kingambit|Air Balloon
|
|upkeep
|turn|3
|
|t:|1758998967
|-end|p1a: Kingambit|fallenundefined|[silent]
|switch|p1a: Iron Valiant|Iron Valiant|100/100
|-enditem|p1a: Iron Valiant|Booster Energy
|-activate|p1a: Iron Valiant|ability: Quark Drive|[fromitem]
|-start|p1a: Iron Valiant|quarkdrivespe
|switch|p2a: Behemoth|Great Tusk, shiny|100/100
|
|upkeep
|turn|4
|
|t:|1758998980
|-end|p2a: Behemoth|Protosynthesis|[silent]
|switch|p2a: Gin|Enamorus, F, shiny|100/100
|move|p1a: Iron Valiant|Calm Mind|p1a: Iron Valiant
|-boost|p1a: Iron Valiant|spa|1
|-boost|p1a: Iron Valiant|spd|1
|
|upkeep
|turn|5
|
|t:|1758998987
|-terastallize|p1a: Iron Valiant|Ghost
|move|p1a: Iron Valiant|Shadow Ball|p2a: Gin
|-damage|p2a: Gin|17/100
|move|p2a: Gin|Moonblast|p1a: Iron Valiant
|-damage|p1a: Iron Valiant|37/100
|
|upkeep
|turn|6
|
|t:|1758998998
|switch|p2a: Mantra|Slowking-Galar, M, shiny|40/100
|move|p1a: Iron Valiant|Moonblast|p2a: Mantra
|-resisted|p2a: Mantra
|-damage|p2a: Mantra|21/100
|-unboost|p2a: Mantra|spa|1
|
|upkeep
|turn|7
|
|t:|1758999010
|switch|p2a: Gin|Enamorus, F, shiny|17/100
|move|p1a: Iron Valiant|Calm Mind|p1a: Iron Valiant
|-boost|p1a: Iron Valiant|spa|1
|-boost|p1a: Iron Valiant|spd|1
|
|upkeep
|turn|8
|
|t:|1758999015
|move|p1a: Iron Valiant|Moonblast|p2a: Gin
|-damage|p2a: Gin|0 fnt
|faint|p2a: Gin
|
|upkeep
|
|t:|1758999016
|switch|p2a: Overgod|Kingambit, M, shiny|100/100
|-activate|p2a: Overgod|ability: Supreme Overlord
|-start|p2a: Overgod|fallen1|[silent]
|turn|9
|
|t:|1758999020
|-terastallize|p2a: Overgod|Ghost
|move|p1a: Iron Valiant|Encore||[still]
|-fail|p1a: Iron Valiant
|move|p2a: Overgod|Kowtow Cleave|p1a: Iron Valiant
|-supereffective|p1a: Iron Valiant
|-damage|p1a: Iron Valiant|0 fnt
|faint|p1a: Iron Valiant
|-end|p1a: Iron Valiant|Quark Drive|[silent]
|
|upkeep
|
|t:|1758999035
|switch|p1a: Great Tusk|Great Tusk|100/100
|-enditem|p1a: Great Tusk|Booster Energy
|-activate|p1a: Great Tusk|ability: Protosynthesis|[fromitem]
|-start|p1a: Great Tusk|protosynthesisspe
|turn|10
|
|t:|1758999040
|move|p1a: Great Tusk|Bulk Up|p1a: Great Tusk
|-boost|p1a: Great Tusk|atk|1
|-boost|p1a: Great Tusk|def|1
|move|p2a: Overgod|Swords Dance|p2a: Overgod
|-boost|p2a: Overgod|atk|2
|
|upkeep
|turn|11
|
|t:|1758999046
|move|p1a: Great Tusk|Bulk Up|p1a: Great Tusk
|-boost|p1a: Great Tusk|atk|1
|-boost|p1a: Great Tusk|def|1
|move|p2a: Overgod|Iron Head|p1a: Great Tusk
|-damage|p1a: Great Tusk|70/100
|
|upkeep
|turn|12
|
|t:|1758999051
|move|p1a: Great Tusk|Bulk Up|p1a: Great Tusk
|-boost|p1a: Great Tusk|atk|1
|-boost|p1a: Great Tusk|def|1
|move|p2a: Overgod|Iron Head|p1a: Great Tusk
|-damage|p1a: Great Tusk|43/100
|
|upkeep
|turn|13
|j| cryyysneasel
|
|t:|1758999055
|move|p1a: Great Tusk|Headlong Rush|p2a: Overgod
|-damage|p2a: Overgod|0 fnt
|-unboost|p1a: Great Tusk|def|1
|-unboost|p1a: Great Tusk|spd|1
|faint|p2a: Overgod
|-end|p2a: Overgod|fallen1|[silent]
|
|upkeep
|j| larp legion
|
|t:|1758999061
|switch|p2a: Alice|Ogerpon-Wellspring, F|100/100
|turn|14
|
|t:|1758999063
|move|p1a: Great Tusk|Close Combat|p2a: Alice
|-damage|p2a: Alice|0 fnt
|-unboost|p1a: Great Tusk|def|1
|-unboost|p1a: Great Tusk|spd|1
|faint|p2a: Alice
|
|upkeep
|
|t:|1758999070
|switch|p2a: Behemoth|Great Tusk, shiny|100/100
|turn|15
|
|t:|1758999079
|move|p1a: Great Tusk|Headlong Rush|p2a: Behemoth
|-crit|p2a: Behemoth
|-damage|p2a: Behemoth|0 fnt
|-unboost|p1a: Great Tusk|def|1
|-unboost|p1a: Great Tusk|spd|1
|faint|p2a: Behemoth
|-end|p2a: Behemoth|Protosynthesis|[silent]
|
|upkeep
|-message|Swiscool forfeited.
|
|win|Dr Greg H
|raw|Dr Greg H's rating: 1850 &rarr; <strong>1868</strong><br />(+18 for winning)
|raw|Swiscool's rating: 1813 &rarr; <strong>1795</strong><br />(-18 for losing)
|l|☆Swiscool
|player|p2|
|l| Test499586
|l|☆Dr Greg H
|player|p1|
