|j|☆Waffle4110
|j|☆ceowuh9e
|t:|1759033439
|gametype|singles
|player|p1|Waffle4110|gambler|1276
|player|p2|ceowuh9e|265|1306
|gen|9
|tier|[Gen 9] OU
|rated|
|rule|HP Percentage Mod: HP is shown in percentages
|rule|Endless Battle Clause: Forcing endless battles is banned
|rule|Species Clause: Limit one of each Pokémon
|rule|OHKO Clause: OHKO moves are banned
|rule|Evasion Items Clause: Evasion items are banned
|rule|Evasion Moves Clause: Evasion moves are banned
|rule|Evasion Abilities Clause: Evasion abilities are banned
|rule|Sleep Moves Clause: Sleep-inducing moves are banned
|clearpoke
|poke|p1|Garchomp, M|
|poke|p1|Scizor, F|
|poke|p1|Zoroark-Hisui, F|
|poke|p1|Greninja-*, M|
|poke|p1|Iron Valiant|
|poke|p1|Ceruledge, M|
|poke|p2|Great Tusk|
|poke|p2|Dragonite, M|
|poke|p2|Hatterene, F|
|poke|p2|Kingambit, M|
|poke|p2|Ogerpon-Wellspring, F|
|poke|p2|Ceruledge, F|
|teampreview
|c|☆Waffle4110|glhf
|inactive|Battle timer is ON: inactive players will automatically lose when time's up. (requested by Waffle4110)
|inactive|ceowuh9e has 120 seconds left.
|inactive|ceowuh9e has 90 seconds left.
|inactive|ceowuh9e has 60 seconds left.
|
|t:|1759033596
|teamsize|p1|6
|teamsize|p2|6
|start
|switch|p1a: Greninja|Greninja, M|100/100
|switch|p2a: Great Tusk|Great Tusk|100/100
|-enditem|p2a: Great Tusk|Booster Energy
|-activate|p2a: Great Tusk|ability: Protosynthesis|[fromitem]
|-start|p2a: Great Tusk|protosynthesisspe
|turn|1
|
|t:|1759033609
|move|p1a: Greninja|Extrasensory|p2a: Great Tusk
|-supereffective|p2a: Great Tusk
|-damage|p2a: Great Tusk|33/100
|move|p2a: Great Tusk|Stealth Rock|p1a: Greninja
|-sidestart|p1: Waffle4110|move: Stealth Rock
|
|upkeep
|turn|2
|
|t:|1759033615
|-end|p2a: Great Tusk|Protosynthesis|[silent]
|switch|p2a: Kingambit|Kingambit, M|100/100
|move|p1a: Greninja|Extrasensory|p2a: Kingambit
|-immune|p2a: Kingambit
|
|upkeep
|turn|3
|
|t:|1759033620
|switch|p1a: Scizor|Scizor, F|100/100
|-damage|p1a: Scizor|88/100|[from] Stealth Rock
|move|p2a: Kingambit|Iron Head|p1a: Scizor
|-resisted|p1a: Scizor
|-damage|p1a: Scizor|63/100
|
|upkeep
|turn|4
|
|t:|1759033624
|-end|p2a: Kingambit|fallenundefined|[silent]
|switch|p2a: Great Tusk|Great Tusk|33/100
|move|p1a: Scizor|Close Combat|p2a: Great Tusk
|-damage|p2a: Great Tusk|0 fnt
|-unboost|p1a: Scizor|def|1
|-unboost|p1a: Scizor|spd|1
|faint|p2a: Great Tusk
|-end|p2a: Great Tusk|Protosynthesis|[silent]
|-damage|p1a: Scizor|53/100|[from] item: Life Orb
|
|upkeep
|
|t:|1759033629
|switch|p2a: Ogerpon|Ogerpon-Wellspring, F|100/100
|turn|5
|
|t:|1759033635
|move|p1a: Scizor|Bullet Punch|p2a: Ogerpon
|-resisted|p2a: Ogerpon
|-damage|p2a: Ogerpon|73/100
|-damage|p1a: Scizor|43/100|[from] item: Life Orb
|move|p2a: Ogerpon|Ivy Cudgel|p1a: Scizor|[anim] Ivy Cudgel Water
|-crit|p1a: Scizor
|-damage|p1a: Scizor|0 fnt
|faint|p1a: Scizor
|
|upkeep
|
|t:|1759033649
|switch|p1a: Saber|Iron Valiant, shiny|100/100
|-damage|p1a: Saber|94/100|[from] Stealth Rock
|-enditem|p1a: Saber|Booster Energy
|-activate|p1a: Saber|ability: Quark Drive|[fromitem]
|-start|p1a: Saber|quarkdrivespe
|turn|6
|
|t:|1759033663
|move|p1a: Saber|Close Combat|p2a: Ogerpon
|-damage|p2a: Ogerpon|0 fnt
|-unboost|p1a: Saber|def|1
|-unboost|p1a: Saber|spd|1
|faint|p2a: Ogerpon
|
|upkeep
|
|t:|1759033667
|switch|p2a: Ceruledge|Ceruledge, F|100/100
|turn|7
|
|t:|1759033669
|move|p1a: Saber|Knock Off|p2a: Ceruledge
|-supereffective|p2a: Ceruledge
|-damage|p2a: Ceruledge|2/100
|-ability|p2a: Ceruledge|Weak Armor|boost
|-unboost|p2a: Ceruledge|def|1
|-boost|p2a: Ceruledge|spe|2
|-enditem|p2a: Ceruledge|Focus Sash|[from] move: Knock Off|[of] p1a: Saber
|move|p2a: Ceruledge|Swords Dance|p2a: Ceruledge
|-boost|p2a: Ceruledge|atk|2
|
|upkeep
|turn|8
|
|t:|1759033672
|move|p2a: Ceruledge|Bitter Blade|p1a: Saber
|-damage|p1a: Saber|0 fnt
|-heal|p2a: Ceruledge|49/100|[from] drain|[of] p1a: Saber
|faint|p1a: Saber
|-end|p1a: Saber|Quark Drive|[silent]
|
|upkeep
|
|t:|1759033673
|switch|p1a: Ceruledge|Ceruledge, M, shiny|100/100
|-damage|p1a: Ceruledge|76/100|[from] Stealth Rock
|turn|9
|
|t:|1759033677
|move|p2a: Ceruledge|Shadow Sneak|p1a: Ceruledge
|-supereffective|p1a: Ceruledge
|-damage|p1a: Ceruledge|0 fnt
|faint|p1a: Ceruledge
|
|upkeep
|
|t:|1759033680
|switch|p1a: Greninja|Greninja, M|100/100
|-damage|p1a: Greninja|88/100|[from] Stealth Rock
|turn|10
|
|t:|1759033685
|move|p2a: Ceruledge|Shadow Sneak|p1a: Greninja
|-immune|p1a: Greninja
|move|p1a: Greninja|Shadow Ball|p2a: Ceruledge
|-supereffective|p2a: Ceruledge
|-damage|p2a: Ceruledge|0 fnt
|faint|p2a: Ceruledge
|
|upkeep
|
|t:|1759033692
|switch|p2a: Kingambit|Kingambit, M|100/100
|-activate|p2a: Kingambit|ability: Supreme Overlord
|-start|p2a: Kingambit|fallen3|[silent]
|turn|11
|
|t:|1759033695
|switch|p1a: Garchomp|Garchomp, M|100/100
|-damage|p1a: Garchomp|94/100|[from] Stealth Rock
|move|p2a: Kingambit|Sucker Punch||[still]
|-fail|p2a: Kingambit
|
|upkeep
|turn|12
|
|t:|1759033701
|-end|p2a: Kingambit|fallen3|[silent]
|switch|p2a: Hatterene|Hatterene, F|100/100
|move|p1a: Garchomp|Earthquake|p2a: Hatterene
|-damage|p2a: Hatterene|59/100
|
|-heal|p2a: Hatterene|65/100|[from] item: Leftovers
|upkeep
|turn|13
|
|t:|1759033725
|-terastallize|p1a: Garchomp|Steel
|move|p1a: Garchomp|Earthquake|p2a: Hatterene
|-damage|p2a: Hatterene|23/100
|move|p2a: Hatterene|Draining Kiss|p1a: Garchomp
|-resisted|p1a: Garchomp
|-damage|p1a: Garchomp|83/100
|-heal|p2a: Hatterene|33/100|[from] drain|[of] p1a: Garchomp
|-damage|p2a: Hatterene|21/100|[from] ability: Rough Skin|[of] p1a: Garchomp
|
|-heal|p2a: Hatterene|27/100|[from] item: Leftovers
|upkeep
|turn|14
|
|t:|1759033732
|move|p1a: Garchomp|Earthquake|p2a: Hatterene
|-damage|p2a: Hatterene|0 fnt
|faint|p2a: Hatterene
|
|upkeep
|
|t:|1759033735
|switch|p2a: Dragonite|Dragonite, M|100/100
|turn|15
|
|t:|1759033740
|move|p1a: Garchomp|Scale Shot|p2a: Dragonite
|-supereffective|p2a: Dragonite
|-damage|p2a: Dragonite|86/100
|-supereffective|p2a: Dragonite
|-damage|p2a: Dragonite|59/100
|-supereffective|p2a: Dragonite
|-damage|p2a: Dragonite|29/100
|-supereffective|p2a: Dragonite
|-damage|p2a: Dragonite|0 fnt
|faint|p2a: Dragonite
|-hitcount|p2: Dragonite|4
|-unboost|p1a: Garchomp|def|1
|-boost|p1a: Garchomp|spe|1
|
|upkeep
|
|t:|1759033742
|switch|p2a: Kingambit|Kingambit, M|100/100
|-activate|p2a: Kingambit|ability: Supreme Overlord
|-start|p2a: Kingambit|fallen5|[silent]
|turn|16
|
|t:|1759033747
|-terastallize|p2a: Kingambit|Ghost
|move|p1a: Garchomp|Earthquake|p2a: Kingambit
|-damage|p2a: Kingambit|65/100
|move|p2a: Kingambit|Swords Dance|p2a: Kingambit
|-boost|p2a: Kingambit|atk|2
|
|-heal|p2a: Kingambit|71/100|[from] item: Leftovers
|upkeep
|turn|17
|
|t:|1759033751
|move|p2a: Kingambit|Sucker Punch|p1a: Garchomp
|-damage|p1a: Garchomp|0 fnt
|-damage|p2a: Kingambit|58/100|[from] ability: Rough Skin|[of] p1a: Garchomp
|faint|p1a: Garchomp
|
|-heal|p2a: Kingambit|65/100|[from] item: Leftovers
|upkeep
|
|t:|1759033756
|switch|p1a: Greninja|Greninja, M|88/100
|-damage|p1a: Greninja|76/100|[from] Stealth Rock
|turn|18
|
|t:|1759033759
|move|p2a: Kingambit|Sucker Punch|p1a: Greninja
|-supereffective|p1a: Greninja
|-damage|p1a: Greninja|0 fnt
|replace|p1a: Zoroark|Zoroark-Hisui, F, shiny
|-end|p1a: Zoroark|Illusion
|faint|p1a: Zoroark
|
|-heal|p2a: Kingambit|71/100|[from] item: Leftovers
|upkeep
|c|☆Waffle4110|gg
|c|☆Waffle4110|ggs
|
|t:|1759033765
|switch|p1a: Greninja|Greninja, M|100/100
|-damage|p1a: Greninja|88/100|[from] Stealth Rock
|turn|19
|
|t:|1759033766
|move|p2a: Kingambit|Sucker Punch|p1a: Greninja
|-resisted|p1a: Greninja
|-damage|p1a: Greninja|0 fnt
|faint|p1a: Greninja
|
|win|ceowuh9e
|raw|Waffle4110's rating: 1276 &rarr; <strong>1253</strong><br />(-23 for losing)
|raw|ceowuh9e's rating: 1306 &rarr; <strong>1324</strong><br />(+18 for winning)
|l|☆Waffle4110
|player|p1|
|l|☆ceowuh9e
|player|p2|
