|j|☆sompo
|j|☆Benji_Bejamming
|t:|1759033447
|gametype|singles
|player|p1|sompo|benga|1223
|player|p2|Benji_Bejamming|maid|1207
|gen|9
|tier|[Gen 9] OU
|rated|
|rule|HP Percentage Mod: HP is shown in percentages
|rule|Endless Battle Clause: Forcing endless battles is banned
|rule|Species Clause: Limit one of each Pokémon
|rule|OHKO Clause: OHKO moves are banned
|rule|Evasion Items Clause: Evasion items are banned
|rule|Evasion Moves Clause: Evasion moves are banned
|rule|Evasion Abilities Clause: Evasion abilities are banned
|rule|Sleep Moves Clause: Sleep-inducing moves are banned
|clearpoke
|poke|p1|Landorus-Therian, M|
|poke|p1|Grimmsnarl, M|
|poke|p1|Corviknight, F|
|poke|p1|Gastrodon, M|
|poke|p1|Skeledirge, F|
|poke|p1|Kyurem|
|poke|p2|Rotom-Mow|
|poke|p2|Quaquaval, M|
|poke|p2|Wyrdeer, M|
|poke|p2|Mew|
|poke|p2|Ceruledge, M|
|poke|p2|Garchomp, F|
|teampreview
|
|t:|1759033463
|teamsize|p1|6
|teamsize|p2|6
|start
|switch|p1a: Landorus|Landorus-Therian, M|100/100
|switch|p2a: Rotom|Rotom-Mow|100/100
|-ability|p1a: Landorus|Intimidate|boost
|-unboost|p2a: Rotom|atk|1
|turn|1
|
|t:|1759033472
|switch|p2a: Garchomp|Garchomp, F|100/100
|move|p1a: Landorus|U-turn|p2a: Garchomp
|-damage|p2a: Garchomp|84/100
|-damage|p1a: Landorus|88/100|[from] ability: Rough Skin|[of] p2a: Garchomp
|-damage|p1a: Landorus|72/100|[from] item: Rocky Helmet|[of] p2a: Garchomp
|
|t:|1759033489
|switch|p1a: Kyurem|Kyurem|100/100|[from] U-turn
|-ability|p1a: Kyurem|Pressure
|
|upkeep
|turn|2
|
|t:|1759033510
|switch|p2a: Wyrdeer|Wyrdeer, M|100/100
|-ability|p2a: Wyrdeer|Intimidate|boost
|-unboost|p1a: Kyurem|atk|1
|move|p1a: Kyurem|Draco Meteor|p2a: Wyrdeer
|-damage|p2a: Wyrdeer|0 fnt
|-unboost|p1a: Kyurem|spa|2
|faint|p2a: Wyrdeer
|
|upkeep
|
|t:|1759033526
|switch|p2a: Quaquaval|Quaquaval, M|100/100
|turn|3
|
|t:|1759033537
|switch|p1a: Corviknight|Corviknight, F|100/100
|-ability|p1a: Corviknight|Pressure
|move|p2a: Quaquaval|Close Combat|p1a: Corviknight
|-damage|p1a: Corviknight|66/100
|-unboost|p2a: Quaquaval|def|1
|-unboost|p2a: Quaquaval|spd|1
|-damage|p2a: Quaquaval|84/100|[from] item: Rocky Helmet|[of] p1a: Corviknight
|
|upkeep
|turn|4
|
|t:|1759033556
|switch|p2a: Garchomp|Garchomp, F|84/100
|move|p1a: Corviknight|Roost|p1a: Corviknight
|-heal|p1a: Corviknight|100/100
|-singleturn|p1a: Corviknight|move: Roost
|
|upkeep
|turn|5
|
|t:|1759033574
|switch|p1a: Skeledirge|Skeledirge, F|100/100
|move|p2a: Garchomp|Stealth Rock|p1a: Skeledirge
|-sidestart|p1: sompo|move: Stealth Rock
|
|upkeep
|turn|6
|
|t:|1759033584
|move|p2a: Garchomp|Earthquake|p1a: Skeledirge
|-supereffective|p1a: Skeledirge
|-damage|p1a: Skeledirge|42/100
|move|p1a: Skeledirge|Will-O-Wisp|p2a: Garchomp|[miss]
|-miss|p1a: Skeledirge|p2a: Garchomp
|
|upkeep
|turn|7
|
|t:|1759033598
|switch|p1a: Corviknight|Corviknight, F|100/100
|-damage|p1a: Corviknight|88/100|[from] Stealth Rock
|-ability|p1a: Corviknight|Pressure
|move|p2a: Garchomp|Earthquake|p1a: Corviknight
|-immune|p1a: Corviknight
|
|upkeep
|turn|8
|
|t:|1759033614
|move|p2a: Garchomp|Brick Break|p1a: Corviknight
|-damage|p1a: Corviknight|75/100
|-damage|p2a: Garchomp|67/100|[from] item: Rocky Helmet|[of] p1a: Corviknight
|move|p1a: Corviknight|Defog|p2a: Garchomp
|-unboost|p2a: Garchomp|evasion|1
|-sideend|p1: sompo|Stealth Rock|[from] move: Defog|[of] p1a: Corviknight
|
|upkeep
|turn|9
|
|t:|1759033625
|move|p2a: Garchomp|Stealth Rock|p1a: Corviknight
|-sidestart|p1: sompo|move: Stealth Rock
|move|p1a: Corviknight|Roost|p1a: Corviknight
|-heal|p1a: Corviknight|100/100
|-singleturn|p1a: Corviknight|move: Roost
|
|upkeep
|turn|10
|
|t:|1759033635
|switch|p2a: Ceruledge|Ceruledge, M|100/100
|move|p1a: Corviknight|Defog|p2a: Ceruledge
|-unboost|p2a: Ceruledge|evasion|1
|-sideend|p1: sompo|Stealth Rock|[from] move: Defog|[of] p1a: Corviknight
|
|upkeep
|turn|11
|
|t:|1759033647
|switch|p1a: Landorus|Landorus-Therian, M|72/100
|-ability|p1a: Landorus|Intimidate|boost
|-unboost|p2a: Ceruledge|atk|1
|move|p2a: Ceruledge|Bitter Blade|p1a: Landorus
|-damage|p1a: Landorus|25/100
|-damage|p2a: Ceruledge|91/100|[from] item: Life Orb
|
|upkeep
|turn|12
|
|t:|1759033660
|switch|p2a: Rotom|Rotom-Mow|100/100
|move|p1a: Landorus|Earthquake|p2a: Rotom
|-immune|p2a: Rotom|[from] ability: Levitate
|
|upkeep
|turn|13
|
|t:|1759033673
|switch|p1a: Kyurem|Kyurem|100/100
|-ability|p1a: Kyurem|Pressure
|move|p2a: Rotom|Foul Play|p1a: Kyurem
|-damage|p1a: Kyurem|79/100
|
|upkeep
|turn|14
|
|t:|1759033687
|switch|p2a: Quaquaval|Quaquaval, M|84/100
|move|p1a: Kyurem|Draco Meteor|p2a: Quaquaval
|-damage|p2a: Quaquaval|0 fnt
|-unboost|p1a: Kyurem|spa|2
|faint|p2a: Quaquaval
|
|upkeep
|
|t:|1759033702
|switch|p2a: Ceruledge|Ceruledge, M|91/100
|turn|15
|
|t:|1759033710
|switch|p1a: Gastrodon|Gastrodon, M|100/100
|move|p2a: Ceruledge|Bitter Blade|p1a: Gastrodon
|-resisted|p1a: Gastrodon
|-damage|p1a: Gastrodon|70/100
|-heal|p2a: Ceruledge|100/100|[from] drain|[of] p1a: Gastrodon
|-damage|p2a: Ceruledge|91/100|[from] item: Life Orb
|
|-heal|p1a: Gastrodon|76/100|[from] item: Leftovers
|upkeep
|turn|16
|
|t:|1759033722
|switch|p2a: Rotom|Rotom-Mow|100/100
|move|p1a: Gastrodon|Stealth Rock|p2a: Rotom
|-sidestart|p2: Benji_Bejamming|move: Stealth Rock
|
|-heal|p1a: Gastrodon|82/100|[from] item: Leftovers
|upkeep
|turn|17
|
|t:|1759033748
|switch|p1a: Kyurem|Kyurem|79/100
|-ability|p1a: Kyurem|Pressure
|move|p2a: Rotom|Leaf Storm|p1a: Kyurem
|-resisted|p1a: Kyurem
|-damage|p1a: Kyurem|53/100
|-unboost|p2a: Rotom|spa|2
|
|upkeep
|turn|18
|
|t:|1759033773
|move|p2a: Rotom|Leaf Storm|p1a: Kyurem
|-resisted|p1a: Kyurem
|-damage|p1a: Kyurem|40/100
|-unboost|p2a: Rotom|spa|2
|move|p1a: Kyurem|Draco Meteor|p2a: Rotom
|-damage|p2a: Rotom|0 fnt
|-unboost|p1a: Kyurem|spa|2
|faint|p2a: Rotom
|
|upkeep
|
|t:|1759033782
|switch|p2a: Mew|Mew|100/100
|-damage|p2a: Mew|88/100|[from] Stealth Rock
|turn|19
|
|t:|1759033792
|switch|p1a: Landorus|Landorus-Therian, M|25/100
|-ability|p1a: Landorus|Intimidate|boost
|-unboost|p2a: Mew|atk|1
|move|p2a: Mew|Fire Spin|p1a: Landorus
|-damage|p1a: Landorus|14/100
|-activate|p1a: Landorus|move: Fire Spin|[of] p2a: Mew
|
|-heal|p2a: Mew|94/100|[from] item: Leftovers
|-damage|p1a: Landorus|2/100|[from] move: Fire Spin|[partiallytrapped]
|upkeep
|turn|20
|
|t:|1759033806
|switch|p2a: Garchomp|Garchomp, F|67/100
|-damage|p2a: Garchomp|61/100|[from] Stealth Rock
|move|p1a: Landorus|U-turn|p2a: Garchomp
|-damage|p2a: Garchomp|43/100
|-damage|p1a: Landorus|0 fnt|[from] ability: Rough Skin|[of] p2a: Garchomp
|faint|p1a: Landorus
|
|upkeep
|
|t:|1759033814
|switch|p1a: Grimmsnarl|Grimmsnarl, M|100/100
|turn|21
|
|t:|1759033821
|move|p1a: Grimmsnarl|Bulk Up|p1a: Grimmsnarl
|-boost|p1a: Grimmsnarl|atk|1
|-boost|p1a: Grimmsnarl|def|1
|move|p2a: Garchomp|Stealth Rock|p1a: Grimmsnarl
|-sidestart|p1: sompo|move: Stealth Rock
|
|upkeep
|turn|22
|
|t:|1759033829
|move|p1a: Grimmsnarl|Bulk Up|p1a: Grimmsnarl
|-boost|p1a: Grimmsnarl|atk|1
|-boost|p1a: Grimmsnarl|def|1
|move|p2a: Garchomp|Earthquake|p1a: Grimmsnarl
|-damage|p1a: Grimmsnarl|68/100
|
|upkeep
|turn|23
|
|t:|1759033841
|move|p1a: Grimmsnarl|Bulk Up|p1a: Grimmsnarl
|-boost|p1a: Grimmsnarl|atk|1
|-boost|p1a: Grimmsnarl|def|1
|move|p2a: Garchomp|Earthquake|p1a: Grimmsnarl
|-damage|p1a: Grimmsnarl|46/100
|
|upkeep
|turn|24
|
|t:|1759033849
|-terastallize|p1a: Grimmsnarl|Fairy
|move|p2a: Garchomp|Earthquake|p1a: Grimmsnarl
|-damage|p1a: Grimmsnarl|20/100
|move|p1a: Grimmsnarl|Drain Punch|p2a: Garchomp
|-damage|p2a: Garchomp|5/100
|-heal|p1a: Grimmsnarl|44/100|[from] drain|[of] p2a: Garchomp
|-damage|p1a: Grimmsnarl|32/100|[from] ability: Rough Skin|[of] p2a: Garchomp
|-damage|p1a: Grimmsnarl|15/100|[from] item: Rocky Helmet|[of] p2a: Garchomp
|
|upkeep
|turn|25
|
|t:|1759033860
|move|p1a: Grimmsnarl|Sucker Punch|p2a: Garchomp
|-damage|p2a: Garchomp|0 fnt
|-damage|p1a: Grimmsnarl|3/100|[from] ability: Rough Skin|[of] p2a: Garchomp
|-damage|p1a: Grimmsnarl|0 fnt|[from] item: Rocky Helmet|[of] p2a: Garchomp
|faint|p2a: Garchomp
|faint|p1a: Grimmsnarl
|
|upkeep
|
|t:|1759033881
|switch|p2a: Ceruledge|Ceruledge, M|91/100
|switch|p1a: Gastrodon|Gastrodon, M|82/100
|-damage|p2a: Ceruledge|66/100|[from] Stealth Rock
|-damage|p1a: Gastrodon|76/100|[from] Stealth Rock
|turn|26
|inactive|Battle timer is ON: inactive players will automatically lose when time's up. (requested by Benji_Bejamming)
|inactive|sompo has 120 seconds left.
|
|t:|1759033952
|move|p2a: Ceruledge|Destiny Bond|p2a: Ceruledge
|-singlemove|p2a: Ceruledge|Destiny Bond
|move|p1a: Gastrodon|Surf|p2a: Ceruledge
|-supereffective|p2a: Ceruledge
|-damage|p2a: Ceruledge|0 fnt
|faint|p2a: Ceruledge
|-activate|p2a: Ceruledge|move: Destiny Bond
|faint|p1a: Gastrodon
|
|upkeep
|
|t:|1759033965
|switch|p2a: Mew|Mew|94/100
|switch|p1a: Skeledirge|Skeledirge, F|42/100
|-damage|p2a: Mew|82/100|[from] Stealth Rock
|turn|27
|
|t:|1759033985
|move|p2a: Mew|Transform|p1a: Skeledirge
|-transform|p2a: Mew|p1a: Skeledirge
|move|p1a: Skeledirge|Will-O-Wisp|p2a: Mew
|-immune|p2a: Mew
|
|-heal|p2a: Mew|88/100|[from] item: Leftovers
|upkeep
|turn|28
|
|t:|1759033997
|move|p1a: Skeledirge|Torch Song|p2a: Mew
|-resisted|p2a: Mew
|-damage|p2a: Mew|76/100
|-boost|p1a: Skeledirge|spa|1
|move|p2a: Mew|Torch Song|p1a: Skeledirge
|-resisted|p1a: Skeledirge
|-damage|p1a: Skeledirge|30/100
|-boost|p2a: Mew|spa|1
|
|-heal|p2a: Mew|82/100|[from] item: Leftovers
|upkeep
|turn|29
|
|t:|1759034012
|move|p1a: Skeledirge|Slack Off|p1a: Skeledirge
|-heal|p1a: Skeledirge|80/100
|move|p2a: Mew|Hex|p1a: Skeledirge
|-supereffective|p1a: Skeledirge
|-damage|p1a: Skeledirge|40/100
|
|-heal|p2a: Mew|88/100|[from] item: Leftovers
|upkeep
|turn|30
|
|t:|1759034026
|switch|p1a: Corviknight|Corviknight, F|100/100
|-damage|p1a: Corviknight|88/100|[from] Stealth Rock
|-ability|p1a: Corviknight|Pressure
|move|p2a: Mew|Hex|p1a: Corviknight
|-damage|p1a: Corviknight|55/100
|
|-heal|p2a: Mew|95/100|[from] item: Leftovers
|upkeep
|turn|31
|
|t:|1759034037
|move|p1a: Corviknight|Brave Bird|p2a: Mew
|-damage|p2a: Mew|68/100
|-damage|p1a: Corviknight|46/100|[from] Recoil
|move|p2a: Mew|Will-O-Wisp|p1a: Corviknight
|-status|p1a: Corviknight|brn
|
|-heal|p2a: Mew|74/100|[from] item: Leftovers
|-damage|p1a: Corviknight|40/100 brn|[from] brn
|upkeep
|turn|32
|
|t:|1759034058
|move|p1a: Corviknight|Brave Bird|p2a: Mew
|-damage|p2a: Mew|60/100
|-damage|p1a: Corviknight|35/100 brn|[from] Recoil
|move|p2a: Mew|Hex|p1a: Corviknight
|-damage|p1a: Corviknight|0 fnt
|faint|p1a: Corviknight
|
|-heal|p2a: Mew|66/100|[from] item: Leftovers
|upkeep
|
|t:|1759034067
|switch|p1a: Kyurem|Kyurem|40/100
|-damage|p1a: Kyurem|15/100|[from] Stealth Rock
|-ability|p1a: Kyurem|Pressure
|turn|33
|
|t:|1759034082
|-terastallize|p2a: Mew|Fairy
|move|p1a: Kyurem|Draco Meteor|p2a: Mew
|-immune|p2a: Mew
|move|p2a: Mew|Will-O-Wisp|p1a: Kyurem
|-status|p1a: Kyurem|brn
|
|-heal|p2a: Mew|73/100|[from] item: Leftovers
|-damage|p1a: Kyurem|9/100 brn|[from] brn
|upkeep
|turn|34
|
|t:|1759034097
|switch|p1a: Skeledirge|Skeledirge, F|40/100
|move|p2a: Mew|Slack Off|p2a: Mew
|-heal|p2a: Mew|100/100
|
|upkeep
|turn|35
|
|t:|1759034103
|move|p1a: Skeledirge|Slack Off|p1a: Skeledirge
|-heal|p1a: Skeledirge|90/100
|move|p2a: Mew|Torch Song|p1a: Skeledirge
|-resisted|p1a: Skeledirge
|-damage|p1a: Skeledirge|77/100
|-boost|p2a: Mew|spa|1
|
|upkeep
|turn|36
|
|t:|1759034113
|move|p1a: Skeledirge|Torch Song|p2a: Mew
|-damage|p2a: Mew|78/100
|-boost|p1a: Skeledirge|spa|1
|move|p2a: Mew|Torch Song|p1a: Skeledirge
|-resisted|p1a: Skeledirge
|-damage|p1a: Skeledirge|65/100
|-boost|p2a: Mew|spa|1
|
|-heal|p2a: Mew|84/100|[from] item: Leftovers
|upkeep
|turn|37
|
|t:|1759034126
|move|p2a: Mew|Torch Song|p1a: Skeledirge
|-resisted|p1a: Skeledirge
|-damage|p1a: Skeledirge|54/100
|-boost|p2a: Mew|spa|1
|move|p1a: Skeledirge|Will-O-Wisp|p2a: Mew
|-status|p2a: Mew|brn
|
|-heal|p2a: Mew|91/100 brn|[from] item: Leftovers
|-damage|p2a: Mew|84/100 brn|[from] brn
|upkeep
|turn|38
|
|t:|1759034138
|move|p1a: Skeledirge|Slack Off|p1a: Skeledirge
|-heal|p1a: Skeledirge|100/100
|move|p2a: Mew|Slack Off|p2a: Mew
|-heal|p2a: Mew|100/100 brn
|
|-damage|p2a: Mew|94/100 brn|[from] brn
|upkeep
|turn|39
|
|t:|1759034146
|move|p1a: Skeledirge|Hex|p2a: Mew
|-damage|p2a: Mew|52/100 brn
|move|p2a: Mew|Torch Song|p1a: Skeledirge
|-resisted|p1a: Skeledirge
|-damage|p1a: Skeledirge|89/100
|-boost|p2a: Mew|spa|1
|
|-heal|p2a: Mew|59/100 brn|[from] item: Leftovers
|-damage|p2a: Mew|52/100 brn|[from] brn
|upkeep
|turn|40
|
|t:|1759034156
|move|p2a: Mew|Will-O-Wisp|p1a: Skeledirge
|-immune|p1a: Skeledirge
|move|p1a: Skeledirge|Hex|p2a: Mew
|-damage|p2a: Mew|12/100 brn
|
|-heal|p2a: Mew|18/100 brn|[from] item: Leftovers
|-damage|p2a: Mew|12/100 brn|[from] brn
|upkeep
|turn|41
|
|t:|1759034165
|move|p2a: Mew|Slack Off|p2a: Mew
|-heal|p2a: Mew|62/100 brn
|move|p1a: Skeledirge|Hex|p2a: Mew
|-damage|p2a: Mew|24/100 brn
|
|-heal|p2a: Mew|30/100 brn|[from] item: Leftovers
|-damage|p2a: Mew|24/100 brn|[from] brn
|upkeep
|turn|42
|
|t:|1759034172
|move|p2a: Mew|Slack Off|p2a: Mew
|-heal|p2a: Mew|74/100 brn
|move|p1a: Skeledirge|Hex|p2a: Mew
|-damage|p2a: Mew|32/100 brn
|
|-heal|p2a: Mew|38/100 brn|[from] item: Leftovers
|-damage|p2a: Mew|32/100 brn|[from] brn
|upkeep
|turn|43
|
|t:|1759034180
|move|p2a: Mew|Slack Off|p2a: Mew
|-heal|p2a: Mew|82/100 brn
|move|p1a: Skeledirge|Hex|p2a: Mew
|-damage|p2a: Mew|43/100 brn
|
|-heal|p2a: Mew|49/100 brn|[from] item: Leftovers
|-damage|p2a: Mew|43/100 brn|[from] brn
|upkeep
|turn|44
|
|t:|1759034189
|-activate|p2a: Mew|move: Struggle
|move|p2a: Mew|Struggle|p1a: Skeledirge
|-damage|p1a: Skeledirge|86/100
|-damage|p2a: Mew|18/100 brn|[from] recoil
|move|p1a: Skeledirge|Hex|p2a: Mew
|-damage|p2a: Mew|0 fnt
|faint|p2a: Mew
|
|win|sompo
|raw|sompo's rating: 1223 &rarr; <strong>1247</strong><br />(+24 for winning)
|raw|Benji_Bejamming's rating: 1207 &rarr; <strong>1183</strong><br />(-24 for losing)
|l|☆Benji_Bejamming
|player|p2|
|l|☆sompo
|player|p1|
