|j|☆Mixster23
|j|☆DomCat
|t:|1758964426
|gametype|singles
|player|p1|Mixster23|169|1429
|player|p2|DomCat|lady-gen4|1434
|gen|9
|tier|[Gen 9] OU
|rated|
|rule|HP Percentage Mod: HP is shown in percentages
|rule|Endless Battle Clause: Forcing endless battles is banned
|rule|Species Clause: Limit one of each Pokémon
|rule|OHKO Clause: OHKO moves are banned
|rule|Evasion Items Clause: Evasion items are banned
|rule|Evasion Moves Clause: Evasion moves are banned
|rule|Evasion Abilities Clause: Evasion abilities are banned
|rule|Sleep Moves Clause: Sleep-inducing moves are banned
|clearpoke
|poke|p1|Hippowdon, F|
|poke|p1|Garganacl, F|
|poke|p1|Ogerpon-Wellspring, F|
|poke|p1|Dragapult, M|
|poke|p1|Corviknight, M|
|poke|p1|Gastrodon-East, M|
|poke|p2|Heatran, M|
|poke|p2|Quaquaval, M|
|poke|p2|Garganacl, F|
|poke|p2|Gliscor, F|
|poke|p2|Zapdos|
|poke|p2|Walking Wake|
|teampreview
|inactive|Battle timer is ON: inactive players will automatically lose when time's up. (requested by DomCat)
|
|t:|1758964438
|teamsize|p1|6
|teamsize|p2|6
|start
|switch|p1a: Dragapult|Dragapult, M, shiny|100/100
|switch|p2a: Joker 2019|Quaquaval, M|100/100
|turn|1
|
|t:|1758964444
|switch|p2a: Molten Salt|Heatran, M|100/100
|move|p1a: Dragapult|Will-O-Wisp|p2a: Molten Salt
|-immune|p2a: Molten Salt
|
|upkeep
|turn|2
|
|t:|1758964450
|move|p1a: Dragapult|U-turn|p2a: Molten Salt
|-resisted|p2a: Molten Salt
|-damage|p2a: Molten Salt|97/100
|-status|p1a: Dragapult|brn|[from] ability: Flame Body|[of] p2a: Molten Salt
|
|t:|1758964455
|switch|p1a: Gastrodon|Gastrodon-East, M, shiny|100/100|[from] U-turn
|move|p2a: Molten Salt|Stealth Rock|p1a: Gastrodon
|-sidestart|p1: Mixster23|move: Stealth Rock
|
|-heal|p2a: Molten Salt|100/100|[from] item: Leftovers
|upkeep
|turn|3
|
|t:|1758964468
|switch|p2a: Boiling Dragon|Walking Wake|100/100
|move|p1a: Gastrodon|Earthquake|p2a: Boiling Dragon
|-damage|p2a: Boiling Dragon|67/100
|
|upkeep
|turn|4
|
|t:|1758964476
|move|p2a: Boiling Dragon|Draco Meteor|p1a: Gastrodon
|-damage|p1a: Gastrodon|34/100
|-unboost|p2a: Boiling Dragon|spa|2
|move|p1a: Gastrodon|Recover|p1a: Gastrodon
|-heal|p1a: Gastrodon|84/100
|
|upkeep
|turn|5
|
|t:|1758964484
|-end|p2a: Boiling Dragon|Protosynthesis|[silent]
|switch|p2a: Joker 2019|Quaquaval, M|100/100
|move|p1a: Gastrodon|Earthquake|p2a: Joker 2019
|-crit|p2a: Joker 2019
|-damage|p2a: Joker 2019|42/100
|
|-heal|p2a: Joker 2019|48/100|[from] item: Leftovers
|upkeep
|turn|6
|
|t:|1758964494
|switch|p1a: Corviknight|Corviknight, M, shiny|100/100
|-damage|p1a: Corviknight|88/100|[from] Stealth Rock
|-ability|p1a: Corviknight|Pressure
|move|p2a: Joker 2019|Bulk Up|p2a: Joker 2019
|-boost|p2a: Joker 2019|atk|1
|-boost|p2a: Joker 2019|def|1
|
|-heal|p2a: Joker 2019|54/100|[from] item: Leftovers
|upkeep
|turn|7
|
|t:|1758964504
|-terastallize|p2a: Joker 2019|Water
|move|p2a: Joker 2019|Aqua Step|p1a: Corviknight
|-damage|p1a: Corviknight|36/100
|-boost|p2a: Joker 2019|spe|1
|-damage|p2a: Joker 2019|37/100|[from] item: Rocky Helmet|[of] p1a: Corviknight
|move|p1a: Corviknight|Brave Bird|p2a: Joker 2019
|-damage|p2a: Joker 2019|5/100
|-damage|p1a: Corviknight|27/100|[from] Recoil
|
|-heal|p2a: Joker 2019|11/100|[from] item: Leftovers
|upkeep
|turn|8
|
|t:|1758964517
|move|p2a: Joker 2019|Aqua Step|p1a: Corviknight
|-damage|p1a: Corviknight|0 fnt
|-boost|p2a: Joker 2019|spe|1
|-damage|p2a: Joker 2019|0 fnt|[from] item: Rocky Helmet|[of] p1a: Corviknight
|faint|p1a: Corviknight
|faint|p2a: Joker 2019
|
|upkeep
|
|t:|1758964524
|switch|p2a: Himalayan Salt|Garganacl, F|100/100
|switch|p1a: Ogerpon|Ogerpon-Wellspring, F|100/100
|-damage|p1a: Ogerpon|88/100|[from] Stealth Rock
|turn|9
|
|t:|1758964531
|switch|p2a: Sparkuno|Zapdos|100/100
|move|p1a: Ogerpon|Ivy Cudgel|p2a: Sparkuno|[anim] Ivy Cudgel Water
|-damage|p2a: Sparkuno|46/100
|
|upkeep
|turn|10
|
|t:|1758964536
|move|p1a: Ogerpon|Ivy Cudgel|p2a: Sparkuno|[anim] Ivy Cudgel Water
|-damage|p2a: Sparkuno|0 fnt
|faint|p2a: Sparkuno
|
|upkeep
|
|t:|1758964541
|switch|p2a: Boiling Dragon|Walking Wake|67/100
|turn|11
|
|t:|1758964564
|move|p1a: Ogerpon|U-turn|p2a: Boiling Dragon
|-damage|p2a: Boiling Dragon|37/100
|
|t:|1758964569
|switch|p1a: Garganacl|Garganacl, F, shiny|100/100|[from] U-turn
|-damage|p1a: Garganacl|88/100|[from] Stealth Rock
|move|p2a: Boiling Dragon|Draco Meteor|p1a: Garganacl|[miss]
|-miss|p2a: Boiling Dragon|p1a: Garganacl
|
|-heal|p1a: Garganacl|94/100|[from] item: Leftovers
|upkeep
|turn|12
|
|t:|1758964578
|-end|p2a: Boiling Dragon|Protosynthesis|[silent]
|switch|p2a: Chop Chop|Gliscor, F|100/100
|move|p1a: Garganacl|Recover|p1a: Garganacl
|-heal|p1a: Garganacl|100/100
|
|-status|p2a: Chop Chop|tox|[from] item: Toxic Orb
|upkeep
|turn|13
|
|t:|1758964585
|move|p2a: Chop Chop|Knock Off|p1a: Garganacl
|-damage|p1a: Garganacl|85/100
|-enditem|p1a: Garganacl|Leftovers|[from] move: Knock Off|[of] p2a: Chop Chop
|move|p1a: Garganacl|Curse|p1a: Garganacl
|-unboost|p1a: Garganacl|spe|1
|-boost|p1a: Garganacl|atk|1
|-boost|p1a: Garganacl|def|1
|
|upkeep
|turn|14
|
|t:|1758964593
|switch|p2a: Molten Salt|Heatran, M|100/100
|move|p1a: Garganacl|Curse|p1a: Garganacl
|-unboost|p1a: Garganacl|spe|1
|-boost|p1a: Garganacl|atk|1
|-boost|p1a: Garganacl|def|1
|
|upkeep
|turn|15
|
|t:|1758964600
|move|p2a: Molten Salt|Earth Power|p1a: Garganacl
|-supereffective|p1a: Garganacl
|-damage|p1a: Garganacl|45/100
|-unboost|p1a: Garganacl|spd|1
|move|p1a: Garganacl|Salt Cure|p2a: Molten Salt
|-damage|p2a: Molten Salt|79/100
|-start|p2a: Molten Salt|Salt Cure
|
|-heal|p2a: Molten Salt|85/100|[from] item: Leftovers
|-damage|p2a: Molten Salt|61/100|[from] Salt Cure
|upkeep
|turn|16
|
|t:|1758964610
|switch|p1a: Gastrodon|Gastrodon-East, M, shiny|84/100
|move|p2a: Molten Salt|Earth Power|p1a: Gastrodon
|-damage|p1a: Gastrodon|64/100
|
|-heal|p2a: Molten Salt|67/100|[from] item: Leftovers
|-damage|p2a: Molten Salt|42/100|[from] Salt Cure
|upkeep
|turn|17
|
|t:|1758964619
|switch|p2a: Boiling Dragon|Walking Wake|37/100
|move|p1a: Gastrodon|Recover|p1a: Gastrodon
|-heal|p1a: Gastrodon|100/100
|
|upkeep
|turn|18
|
|t:|1758964626
|move|p2a: Boiling Dragon|Draco Meteor|p1a: Gastrodon
|-damage|p1a: Gastrodon|35/100
|-unboost|p2a: Boiling Dragon|spa|2
|move|p1a: Gastrodon|Recover|p1a: Gastrodon
|-heal|p1a: Gastrodon|85/100
|
|upkeep
|turn|19
|
|t:|1758964636
|-end|p2a: Boiling Dragon|Protosynthesis|[silent]
|switch|p2a: Chop Chop|Gliscor, F|100/100 tox
|move|p1a: Gastrodon|Ice Beam|p2a: Chop Chop
|-supereffective|p2a: Chop Chop
|-damage|p2a: Chop Chop|33/100 tox
|
|-heal|p2a: Chop Chop|45/100 tox|[from] ability: Poison Heal
|upkeep
|turn|20
|
|t:|1758964643
|move|p2a: Chop Chop|Toxic|p1a: Gastrodon
|-status|p1a: Gastrodon|tox
|move|p1a: Gastrodon|Ice Beam|p2a: Chop Chop
|-supereffective|p2a: Chop Chop
|-crit|p2a: Chop Chop
|-damage|p2a: Chop Chop|0 fnt
|faint|p2a: Chop Chop
|
|-damage|p1a: Gastrodon|79/100 tox|[from] psn
|upkeep
|
|t:|1758964652
|switch|p2a: Himalayan Salt|Garganacl, F|100/100
|turn|21
|
|t:|1758964656
|switch|p1a: Hippowdon|Hippowdon, F|100/100
|-weather|Sandstorm|[from] ability: Sand Stream|[of] p1a: Hippowdon
|move|p2a: Himalayan Salt|Salt Cure|p1a: Hippowdon
|-resisted|p1a: Hippowdon
|-damage|p1a: Hippowdon|95/100
|-start|p1a: Hippowdon|Salt Cure
|
|-weather|Sandstorm|[upkeep]
|-damage|p1a: Hippowdon|83/100|[from] Salt Cure
|upkeep
|turn|22
|
|t:|1758964668
|move|p1a: Hippowdon|Earthquake|p2a: Himalayan Salt
|-supereffective|p2a: Himalayan Salt
|-damage|p2a: Himalayan Salt|42/100
|move|p2a: Himalayan Salt|Earthquake|p1a: Hippowdon
|-damage|p1a: Hippowdon|67/100
|
|-weather|Sandstorm|[upkeep]
|-heal|p2a: Himalayan Salt|49/100|[from] item: Leftovers
|-damage|p1a: Hippowdon|55/100|[from] Salt Cure
|upkeep
|turn|23
|
|t:|1758964677
|move|p2a: Himalayan Salt|Protect|p2a: Himalayan Salt
|-singleturn|p2a: Himalayan Salt|Protect
|move|p1a: Hippowdon|Earthquake|p2a: Himalayan Salt
|-activate|p2a: Himalayan Salt|move: Protect
|
|-weather|Sandstorm|[upkeep]
|-heal|p2a: Himalayan Salt|55/100|[from] item: Leftovers
|-damage|p1a: Hippowdon|42/100|[from] Salt Cure
|upkeep
|turn|24
|
|t:|1758964685
|move|p1a: Hippowdon|Earthquake|p2a: Himalayan Salt
|-supereffective|p2a: Himalayan Salt
|-damage|p2a: Himalayan Salt|0 fnt
|faint|p2a: Himalayan Salt
|
|-weather|Sandstorm|[upkeep]
|-damage|p1a: Hippowdon|30/100|[from] Salt Cure
|upkeep
|c|☆DomCat|gg
|-message|DomCat forfeited.
|
|win|Mixster23
|raw|Mixster23's rating: 1429 &rarr; <strong>1449</strong><br />(+20 for winning)
|raw|DomCat's rating: 1434 &rarr; <strong>1414</strong><br />(-20 for losing)
|l|☆Mixster23
|player|p1|
|l|☆DomCat
|player|p2|
