|j|☆King.Wilkes.420
|j|☆Tuzzz
|t:|1759033517
|gametype|singles
|player|p1|King.Wilkes.420|pokemaniac|1223
|player|p2|Tuzzz|veteran|1214
|gen|9
|tier|[Gen 9] OU
|rated|
|rule|HP Percentage Mod: HP is shown in percentages
|rule|Endless Battle Clause: Forcing endless battles is banned
|rule|Species Clause: Limit one of each Pokémon
|rule|OHKO Clause: OHKO moves are banned
|rule|Evasion Items Clause: Evasion items are banned
|rule|Evasion Moves Clause: Evasion moves are banned
|rule|Evasion Abilities Clause: Evasion abilities are banned
|rule|Sleep Moves Clause: Sleep-inducing moves are banned
|clearpoke
|poke|p1|Pelipper, F|
|poke|p1|Kingdra, M|
|poke|p1|Basculegion, M|
|poke|p1|Goodra-Hisui, M|
|poke|p1|Gliscor, M|
|poke|p1|Zapdos|
|poke|p2|Kyurem|
|poke|p2|Ogerpon-Cornerstone, F|
|poke|p2|Raging Bolt|
|poke|p2|Ninetales-Alola, M|
|poke|p2|Excadrill, M|
|poke|p2|Tyranitar, M|
|teampreview
|inactive|Battle timer is ON: inactive players will automatically lose when time's up. (requested by King.Wilkes.420)
|inactive|Tuzzz has 120 seconds left.
|inactive|Tuzzz has 90 seconds left.
|inactive|Tuzzz has 60 seconds left.
|
|t:|1759033642
|teamsize|p1|6
|teamsize|p2|6
|start
|switch|p1a: Pelipper|Pelipper, F|100/100
|switch|p2a: Ninetales|Ninetales-Alola, M|100/100
|-weather|Snowscape|[from] ability: Snow Warning|[of] p2a: Ninetales
|-weather|RainDance|[from] ability: Drizzle|[of] p1a: Pelipper
|turn|1
|
|t:|1759033653
|switch|p2a: Tyranitar|Tyranitar, M|100/100
|-weather|Sandstorm|[from] ability: Sand Stream|[of] p2a: Tyranitar
|switch|p1a: Goodra|Goodra-Hisui, M|100/100
|
|-weather|Sandstorm|[upkeep]
|upkeep
|turn|2
|
|t:|1759033662
|move|p2a: Tyranitar|Knock Off|p1a: Goodra
|-damage|p1a: Goodra|16/100
|-enditem|p1a: Goodra|Assault Vest|[from] move: Knock Off|[of] p2a: Tyranitar
|move|p1a: Goodra|Body Press|p2a: Tyranitar
|-supereffective|p2a: Tyranitar
|-damage|p2a: Tyranitar|30/100
|
|-weather|Sandstorm|[upkeep]
|upkeep
|turn|3
|
|t:|1759033671
|move|p2a: Tyranitar|Knock Off|p1a: Goodra
|-damage|p1a: Goodra|0 fnt
|faint|p1a: Goodra
|
|-weather|Sandstorm|[upkeep]
|upkeep
|
|t:|1759033676
|switch|p1a: Basculegion|Basculegion, M|100/100
|turn|4
|
|t:|1759033694
|switch|p2a: Ninetales|Ninetales-Alola, M|100/100
|-weather|Snowscape|[from] ability: Snow Warning|[of] p2a: Ninetales
|move|p1a: Basculegion|Aqua Jet|p2a: Ninetales
|-damage|p2a: Ninetales|66/100
|
|-weather|Snowscape|[upkeep]
|upkeep
|turn|5
|
|t:|1759033703
|switch|p1a: Pelipper|Pelipper, F|100/100
|-weather|RainDance|[from] ability: Drizzle|[of] p1a: Pelipper
|move|p2a: Ninetales|Aurora Veil||[still]
|-fail|p2a: Ninetales
|
|-weather|RainDance|[upkeep]
|upkeep
|turn|6
|
|t:|1759033725
|switch|p2a: Raging Bolt|Raging Bolt|100/100
|switch|p1a: Zapdos|Zapdos|100/100
|
|-weather|RainDance|[upkeep]
|upkeep
|turn|7
|
|t:|1759033737
|-end|p2a: Raging Bolt|Protosynthesis|[silent]
|switch|p2a: Ninetales|Ninetales-Alola, M|66/100
|-weather|Snowscape|[from] ability: Snow Warning|[of] p2a: Ninetales
|move|p1a: Zapdos|Hurricane|p2a: Ninetales
|-damage|p2a: Ninetales|0 fnt
|faint|p2a: Ninetales
|
|-weather|Snowscape|[upkeep]
|upkeep
|
|t:|1759033746
|switch|p2a: Kyurem|Kyurem|100/100
|-ability|p2a: Kyurem|Pressure
|turn|8
|
|t:|1759033753
|move|p2a: Kyurem|Substitute|p2a: Kyurem
|-start|p2a: Kyurem|Substitute
|-damage|p2a: Kyurem|76/100
|move|p1a: Zapdos|Volt Switch|p2a: Kyurem
|-resisted|p2a: Kyurem
|-activate|p2a: Kyurem|move: Substitute|[damage]
|
|t:|1759033759
|switch|p1a: Pelipper|Pelipper, F|100/100|[from] Volt Switch
|-weather|RainDance|[from] ability: Drizzle|[of] p1a: Pelipper
|
|-weather|RainDance|[upkeep]
|-heal|p2a: Kyurem|82/100|[from] item: Leftovers
|upkeep
|turn|9
|
|t:|1759033774
|move|p2a: Kyurem|Freeze-Dry|p1a: Pelipper
|-supereffective|p1a: Pelipper
|-damage|p1a: Pelipper|0 fnt
|faint|p1a: Pelipper
|
|-weather|RainDance|[upkeep]
|-heal|p2a: Kyurem|88/100|[from] item: Leftovers
|upkeep
|
|t:|1759033786
|switch|p1a: Basculegion|Basculegion, M|100/100
|turn|10
|
|t:|1759033791
|move|p1a: Basculegion|Flip Turn|p2a: Kyurem
|-resisted|p2a: Kyurem
|-end|p2a: Kyurem|Substitute
|
|t:|1759033794
|switch|p1a: Kingdra|Kingdra, M|100/100|[from] Flip Turn
|move|p2a: Kyurem|Freeze-Dry|p1a: Kingdra
|-supereffective|p1a: Kingdra
|-damage|p1a: Kingdra|0 fnt
|faint|p1a: Kingdra
|
|-weather|RainDance|[upkeep]
|-heal|p2a: Kyurem|94/100|[from] item: Leftovers
|upkeep
|
|t:|1759033802
|switch|p1a: Zapdos|Zapdos|100/100
|turn|11
|
|t:|1759033807
|switch|p2a: Tyranitar|Tyranitar, M|30/100
|-weather|Sandstorm|[from] ability: Sand Stream|[of] p2a: Tyranitar
|move|p1a: Zapdos|Hurricane|p2a: Tyranitar|[miss]
|-miss|p1a: Zapdos|p2a: Tyranitar
|
|-weather|Sandstorm|[upkeep]
|-damage|p1a: Zapdos|94/100|[from] Sandstorm
|upkeep
|turn|12
|-message|King.Wilkes.420 forfeited.
|
|win|Tuzzz
|raw|King.Wilkes.420's rating: 1223 &rarr; <strong>1197</strong><br />(-26 for losing)
|raw|Tuzzz's rating: 1214 &rarr; <strong>1240</strong><br />(+26 for winning)
|l|☆King.Wilkes.420
|player|p1|
|l|☆Tuzzz
|player|p2|
