|j|☆MegaIdot
|j|☆Wernher_1
|inactive|Battle timer is ON: inactive players will automatically lose when time's up.
|t:|1759061152
|gametype|singles
|player|p1|MegaIdot|266|
|player|p2|Wernher_1|tuberf|
|gen|9
|tier|[Gen 9] OU
|rated|Tournament battle
|rule|HP Percentage Mod: HP is shown in percentages
|rule|Endless Battle Clause: Forcing endless battles is banned
|rule|Species Clause: Limit one of each Pokémon
|rule|OHKO Clause: OHKO moves are banned
|rule|Evasion Items Clause: Evasion items are banned
|rule|Evasion Moves Clause: Evasion moves are banned
|rule|Evasion Abilities Clause: Evasion abilities are banned
|rule|Sleep Moves Clause: Sleep-inducing moves are banned
|rule|Blitz: Super-fast timer
|rule|Inverse Mod: Weaknesses become resistances, while resistances and immunities become weaknesses.
|raw|<div class="infobox"><details class="readmore" open><summary><strong>2 custom rules:</strong></summary> Blitz, Inverse Mod</details></div>
|clearpoke
|poke|p1|Enamorus, F|
|poke|p1|Ting-Lu|
|poke|p1|Ogerpon-Wellspring, F|
|poke|p1|Gholdengo|
|poke|p1|Pecharunt|
|poke|p1|Great Tusk|
|poke|p2|Slowking-Galar, F|
|poke|p2|Great Tusk|
|poke|p2|Arcanine-Hisui, M|
|poke|p2|Corviknight, M|
|poke|p2|Dragapult, M|
|poke|p2|Kingambit, F|
|teampreview
|j|*Lady Monita ☀
|inactive|MegaIdot also wants the timer to be on.
|inactive|Wernher_1 also wants the timer to be on.
|inactive|MegaIdot has 30 seconds left.
|inactive|Wernher_1 has 30 seconds left.
|
|t:|1759061171
|teamsize|p1|6
|teamsize|p2|6
|start
|switch|p1a: Gholdengo|Gholdengo|100/100
|switch|p2a: Slowking|Slowking-Galar, F|100/100
|turn|1
|inactive|Wernher_1 has 10 seconds left.
|
|t:|1759061177
|move|p1a: Gholdengo|Trick|p2a: Slowking
|-activate|p1a: Gholdengo|move: Trick|[of] p2a: Slowking
|-item|p2a: Slowking|Choice Scarf|[from] move: Trick
|-item|p1a: Gholdengo|Heavy-Duty Boots|[from] move: Trick
|move|p2a: Slowking|Future Sight|p1a: Gholdengo
|-start|p2a: Slowking|move: Future Sight
|
|upkeep
|turn|2
|inactive|MegaIdot has 10 seconds left.
|inactive|Wernher_1 has 10 seconds left.
|
|t:|1759061185
|switch|p1a: Ting-Lu|Ting-Lu|100/100
|-ability|p1a: Ting-Lu|Vessel of Ruin
|switch|p2a: Dragapult|Dragapult, M|100/100
|
|upkeep
|turn|3
|inactive|Wernher_1 has 10 seconds left.
|
|t:|1759061190
|switch|p1a: Pecharunt|Pecharunt|100/100
|move|p2a: Dragapult|Shadow Ball|p1a: Pecharunt
|-resisted|p1a: Pecharunt
|-damage|p1a: Pecharunt|74/100
|
|-end|p1a: Pecharunt|move: Future Sight
|-resisted|p1a: Pecharunt
|-damage|p1a: Pecharunt|54/100
|upkeep
|turn|4
|inactive|MegaIdot has 10 seconds left.
|inactive|Wernher_1 has 10 seconds left.
|
|t:|1759061196
|switch|p2a: Corviknight|Corviknight, M|100/100
|-ability|p2a: Corviknight|Pressure
|move|p1a: Pecharunt|Malignant Chain|p2a: Corviknight
|-supereffective|p2a: Corviknight
|-damage|p2a: Corviknight|45/100
|
|upkeep
|turn|5
|inactive|Wernher_1 has 10 seconds left.
|
|t:|1759061202
|move|p1a: Pecharunt|Malignant Chain|p2a: Corviknight
|-supereffective|p2a: Corviknight
|-damage|p2a: Corviknight|0 fnt
|faint|p2a: Corviknight
|
|upkeep
|inactive|Wernher_1 has 10 seconds left.
|
|t:|1759061209
|switch|p2a: Dragapult|Dragapult, M|100/100
|turn|6
|
|t:|1759061213
|switch|p1a: Ting-Lu|Ting-Lu|100/100
|-ability|p1a: Ting-Lu|Vessel of Ruin
|move|p2a: Dragapult|U-turn|p1a: Ting-Lu
|-resisted|p1a: Ting-Lu
|-damage|p1a: Ting-Lu|96/100
|
|t:|1759061216
|switch|p2a: Slowking|Slowking-Galar, F|100/100|[from] U-turn
|
|-heal|p1a: Ting-Lu|100/100|[from] item: Leftovers
|upkeep
|turn|7
|
|t:|1759061220
|move|p1a: Ting-Lu|Ruination|p2a: Slowking
|-damage|p2a: Slowking|51/100
|move|p2a: Slowking|Sludge Bomb|p1a: Ting-Lu
|-supereffective|p1a: Ting-Lu
|-damage|p1a: Ting-Lu|71/100
|
|-heal|p1a: Ting-Lu|78/100|[from] item: Leftovers
|upkeep
|turn|8
|inactive|Wernher_1 has 10 seconds left.
|inactive|Wernher_1 has 5 seconds left.
|
|t:|1759061233
|move|p1a: Ting-Lu|Spikes|p2a: Slowking
|-sidestart|p2: Wernher_1|Spikes
|move|p2a: Slowking|Sludge Bomb|p1a: Ting-Lu
|-supereffective|p1a: Ting-Lu
|-crit|p1a: Ting-Lu
|-damage|p1a: Ting-Lu|34/100
|
|-heal|p1a: Ting-Lu|40/100|[from] item: Leftovers
|upkeep
|turn|9
|inactive|Wernher_1 has 10 seconds left this turn.
|
|t:|1759061237
|move|p1a: Ting-Lu|Ruination|p2a: Slowking
|-damage|p2a: Slowking|26/100
|move|p2a: Slowking|Sludge Bomb|p1a: Ting-Lu
|-supereffective|p1a: Ting-Lu
|-damage|p1a: Ting-Lu|11/100
|-status|p1a: Ting-Lu|psn
|
|-heal|p1a: Ting-Lu|17/100 psn|[from] item: Leftovers
|-damage|p1a: Ting-Lu|4/100 psn|[from] psn
|upkeep
|turn|10
|inactive|Wernher_1 has 10 seconds left.
|
|t:|1759061245
|switch|p2a: Great Tusk|Great Tusk|100/100
|move|p1a: Ting-Lu|Earthquake|p2a: Great Tusk
|-damage|p2a: Great Tusk|72/100
|
|-heal|p1a: Ting-Lu|11/100 psn|[from] item: Leftovers
|-damage|p1a: Ting-Lu|0 fnt|[from] psn
|faint|p1a: Ting-Lu
|upkeep
|inactive|MegaIdot has 10 seconds left.
|
|t:|1759061252
|switch|p1a: Pecharunt|Pecharunt|54/100
|turn|11
|inactive|Wernher_1 has 10 seconds left.
|
|t:|1759061258
|move|p2a: Great Tusk|Stealth Rock|p1a: Pecharunt
|-sidestart|p1: MegaIdot|move: Stealth Rock
|move|p1a: Pecharunt|Recover|p1a: Pecharunt
|-heal|p1a: Pecharunt|100/100
|
|upkeep
|turn|12
|inactive|Wernher_1 has 10 seconds left.
|
|t:|1759061267
|-end|p2a: Great Tusk|Protosynthesis|[silent]
|switch|p2a: Dragapult|Dragapult, M|100/100
|-damage|p2a: Dragapult|88/100|[from] Spikes
|move|p1a: Pecharunt|Malignant Chain|p2a: Dragapult
|-supereffective|p2a: Dragapult
|-damage|p2a: Dragapult|0 fnt
|faint|p2a: Dragapult
|
|upkeep
|inactive|Wernher_1 has 10 seconds left.
|
|t:|1759061272
|switch|p2a: Slowking|Slowking-Galar, F|59/100
|-damage|p2a: Slowking|47/100|[from] Spikes
|turn|13
|inactive|Wernher_1 has 10 seconds left.
|
|t:|1759061278
|move|p1a: Pecharunt|Malignant Chain|p2a: Slowking
|-supereffective|p2a: Slowking
|-crit|p2a: Slowking
|-damage|p2a: Slowking|0 fnt
|faint|p2a: Slowking
|
|upkeep
|
|t:|1759061282
|switch|p2a: Arcanine|Arcanine-Hisui, M|100/100
|-damage|p2a: Arcanine|88/100|[from] Spikes
|turn|14
|inactive|MegaIdot has 10 seconds left.
|
|t:|1759061289
|switch|p1a: Ogerpon|Ogerpon-Wellspring, F|100/100
|-damage|p1a: Ogerpon|88/100|[from] Stealth Rock
|-terastallize|p2a: Arcanine|Rock
|move|p2a: Arcanine|Head Smash|p1a: Ogerpon|[miss]
|-miss|p2a: Arcanine|p1a: Ogerpon
|
|upkeep
|turn|15
|inactive|MegaIdot has 10 seconds left.
|inactive|Wernher_1 has 10 seconds left.
|inactive|Wernher_1 has 5 seconds left.
|-message|Wernher_1 lost due to inactivity.
|
|win|MegaIdot
|n|☆MegaIdot|megaidot
|n|☆Wernher_1|wernher1
|n|*Lady Monita ☀|ladymonita
