|j|☆erk7
|j|☆LOve4RussIA
|t:|1759041996
|gametype|singles
|player|p1|erk7|266|1189
|player|p2|LOve4RussIA|169|1202
|gen|9
|tier|[Gen 9] OU
|rated|
|rule|HP Percentage Mod: HP is shown in percentages
|rule|Endless Battle Clause: Forcing endless battles is banned
|rule|Species Clause: Limit one of each Pokémon
|rule|OHKO Clause: OHKO moves are banned
|rule|Evasion Items Clause: Evasion items are banned
|rule|Evasion Moves Clause: Evasion moves are banned
|rule|Evasion Abilities Clause: Evasion abilities are banned
|rule|Sleep Moves Clause: Sleep-inducing moves are banned
|clearpoke
|poke|p1|Scizor, F|
|poke|p1|Primarina, F|
|poke|p1|Salazzle, F|
|poke|p1|Brambleghast, F|
|poke|p1|Meloetta|
|poke|p1|Mudsdale, M|
|poke|p2|Conkeldurr, M|
|poke|p2|Gyarados, M|
|poke|p2|Heatran, F|
|poke|p2|Sinistcha|
|poke|p2|Yanmega, F|
|poke|p2|Donphan, M|
|teampreview
|
|t:|1759042004
|teamsize|p1|6
|teamsize|p2|6
|start
|switch|p1a: Lidia|Primarina, F|100/100
|switch|p2a: Heatran|Heatran, F|100/100
|-item|p2a: Heatran|Air Balloon
|turn|1
|inactive|Battle timer is ON: inactive players will automatically lose when time's up. (requested by LOve4RussIA)
|
|t:|1759042016
|move|p2a: Heatran|Stealth Rock|p1a: Lidia
|-sidestart|p1: erk7|move: Stealth Rock
|move|p1a: Lidia|Sparkling Aria|p2a: Heatran
|-supereffective|p2a: Heatran
|-damage|p2a: Heatran|34/100
|-enditem|p2a: Heatran|Air Balloon
|
|upkeep
|turn|2
|
|t:|1759042035
|switch|p2a: Sinistcha|Sinistcha|100/100
|move|p1a: Lidia|Moonblast|p2a: Sinistcha
|-damage|p2a: Sinistcha|51/100
|
|upkeep
|turn|3
|
|t:|1759042052
|switch|p1a: Melometta|Meloetta|100/100
|-damage|p1a: Melometta|88/100|[from] Stealth Rock
|move|p2a: Sinistcha|Strength Sap|p1a: Melometta
|-unboost|p1a: Melometta|atk|1
|-heal|p2a: Sinistcha|97/100
|
|upkeep
|turn|4
|
|t:|1759042063
|move|p1a: Melometta|Psychic|p2a: Sinistcha
|-damage|p2a: Sinistcha|12/100
|move|p2a: Sinistcha|Calm Mind|p2a: Sinistcha
|-boost|p2a: Sinistcha|spa|1
|-boost|p2a: Sinistcha|spd|1
|
|upkeep
|turn|5
|
|t:|1759042074
|move|p1a: Melometta|Psychic|p2a: Sinistcha
|-damage|p2a: Sinistcha|0 fnt
|faint|p2a: Sinistcha
|
|upkeep
|
|t:|1759042081
|switch|p2a: Heatran|Heatran, F|34/100
|turn|6
|
|t:|1759042096
|move|p1a: Melometta|Psychic|p2a: Heatran
|-resisted|p2a: Heatran
|-damage|p2a: Heatran|4/100
|move|p2a: Heatran|Flash Cannon|p1a: Melometta
|-damage|p1a: Melometta|64/100
|
|upkeep
|turn|7
|
|t:|1759042103
|move|p1a: Melometta|Psychic|p2a: Heatran
|-resisted|p2a: Heatran
|-damage|p2a: Heatran|0 fnt
|faint|p2a: Heatran
|
|upkeep
|
|t:|1759042110
|switch|p2a: Yanmega|Yanmega, F|100/100
|turn|8
|
|t:|1759042113
|switch|p1a: Machuki|Scizor, F|100/100
|-damage|p1a: Machuki|88/100|[from] Stealth Rock
|move|p2a: Yanmega|Protect||[still]
|-fail|p2a: Yanmega
|
|-ability|p2a: Yanmega|Speed Boost|boost
|-boost|p2a: Yanmega|spe|1
|upkeep
|turn|9
|
|t:|1759042125
|switch|p2a: Gyarados|Gyarados, M|100/100
|-ability|p2a: Gyarados|Intimidate|boost
|-unboost|p1a: Machuki|atk|1
|move|p1a: Machuki|U-turn|p2a: Gyarados
|-resisted|p2a: Gyarados
|-damage|p2a: Gyarados|78/100
|
|t:|1759042132
|switch|p1a: C va|Brambleghast, F|100/100|[from] U-turn
|-damage|p1a: C va|88/100|[from] Stealth Rock
|
|-heal|p2a: Gyarados|84/100|[from] item: Leftovers
|-heal|p1a: C va|94/100|[from] item: Leftovers
|upkeep
|turn|10
|
|t:|1759042156
|switch|p2a: Yanmega|Yanmega, F|100/100
|move|p1a: C va|Rapid Spin|p2a: Yanmega
|-damage|p2a: Yanmega|85/100
|-boost|p1a: C va|spe|1
|-sideend|p1: erk7|Stealth Rock|[from] move: Rapid Spin|[of] p1a: C va
|
|-heal|p1a: C va|99/100|[from] item: Leftovers
|upkeep
|turn|11
|
|t:|1759042169
|switch|p1a: Bob M|Mudsdale, M, shiny|100/100
|move|p2a: Yanmega|Bug Buzz|p1a: Bob M
|-damage|p1a: Bob M|70/100
|-ability|p1a: Bob M|Stamina|boost
|-boost|p1a: Bob M|def|1
|-enditem|p2a: Yanmega|Throat Spray
|-boost|p2a: Yanmega|spa|1|[from] item: Throat Spray
|
|-ability|p2a: Yanmega|Speed Boost|boost
|-boost|p2a: Yanmega|spe|1
|upkeep
|turn|12
|
|t:|1759042185
|-terastallize|p2a: Yanmega|Ground
|move|p2a: Yanmega|Air Slash|p1a: Bob M
|-damage|p1a: Bob M|35/100
|-ability|p1a: Bob M|Stamina|boost
|-boost|p1a: Bob M|def|1
|cant|p1a: Bob M|flinch
|
|-ability|p2a: Yanmega|Speed Boost|boost
|-boost|p2a: Yanmega|spe|1
|upkeep
|turn|13
|
|t:|1759042199
|move|p2a: Yanmega|Bug Buzz|p1a: Bob M
|-damage|p1a: Bob M|0 fnt
|faint|p1a: Bob M
|
|-ability|p2a: Yanmega|Speed Boost|boost
|-boost|p2a: Yanmega|spe|1
|upkeep
|
|t:|1759042211
|switch|p1a: Doña|Salazzle, F|100/100
|turn|14
|
|t:|1759042218
|move|p2a: Yanmega|Air Slash|p1a: Doña
|-enditem|p1a: Doña|Focus Sash
|-damage|p1a: Doña|1/100
|cant|p1a: Doña|flinch
|
|-ability|p2a: Yanmega|Speed Boost|boost
|-boost|p2a: Yanmega|spe|1
|upkeep
|turn|15
|
|t:|1759042228
|move|p2a: Yanmega|Bug Buzz|p1a: Doña
|-resisted|p1a: Doña
|-damage|p1a: Doña|0 fnt
|faint|p1a: Doña
|
|-ability|p2a: Yanmega|Speed Boost|boost
|-boost|p2a: Yanmega|spe|1
|upkeep
|
|t:|1759042236
|switch|p1a: Machuki|Scizor, F|88/100
|turn|16
|
|t:|1759042243
|move|p1a: Machuki|Bullet Punch|p2a: Yanmega
|-damage|p2a: Yanmega|21/100
|move|p2a: Yanmega|Tera Blast|p1a: Machuki|[anim] Tera Blast Ground
|-damage|p1a: Machuki|0 fnt
|faint|p1a: Machuki
|
|-ability|p2a: Yanmega|Speed Boost|boost
|-boost|p2a: Yanmega|spe|1
|upkeep
|-message|erk7 forfeited.
|
|win|LOve4RussIA
|raw|erk7's rating: 1189 &rarr; <strong>1165</strong><br />(-24 for losing)
|raw|LOve4RussIA's rating: 1202 &rarr; <strong>1226</strong><br />(+24 for winning)
|l|☆erk7
|player|p1|
|l|☆LOve4RussIA
|player|p2|
