|badge|p2|silver|gen9ou|30-6
|html|<div class="broadcast-red"><strong>This battle is required to be public due to one or more player having a season medal.</strong><br />During the public phase, you can discuss the state of the ladder <a href="/seasondiscussion">in a special chatroom.</a></div>
|uhtml|medal-msg|<div class="broadcast-blue">Curious what those medals under the avatar are? PS now has Ladder Seasons! For more information, check out the <a href="https://www.smogon.com/forums/threads/3740067/">thread on Smogon.</a></div>
|raw|<div class="broadcast-blue"><strong>This battle is required to be public due to a player having a name starting with 'medal'.</div>
|j|☆Ladder Historian
|j|☆send it to me
|t:|1759049140
|gametype|singles
|player|p1|Ladder Historian|102|1766
|player|p2|send it to me|pokemonrangerf-gen4|1958
|gen|9
|tier|[Gen 9] OU
|rated|
|rule|HP Percentage Mod: HP is shown in percentages
|rule|Endless Battle Clause: Forcing endless battles is banned
|rule|Species Clause: Limit one of each Pokémon
|rule|OHKO Clause: OHKO moves are banned
|rule|Evasion Items Clause: Evasion items are banned
|rule|Evasion Moves Clause: Evasion moves are banned
|rule|Evasion Abilities Clause: Evasion abilities are banned
|rule|Sleep Moves Clause: Sleep-inducing moves are banned
|clearpoke
|poke|p1|Ogerpon-Wellspring, F|
|poke|p1|Kyurem|
|poke|p1|Weezing-Galar, M|
|poke|p1|Landorus-Therian, M|
|poke|p1|Kingambit, M|
|poke|p1|Enamorus, F|
|poke|p2|Deoxys-Speed|
|poke|p2|Zamazenta-*|
|poke|p2|Primarina, F|
|poke|p2|Great Tusk|
|poke|p2|Dragonite, M|
|poke|p2|Kingambit, M|
|teampreview
|
|t:|1759049149
|teamsize|p1|6
|teamsize|p2|6
|start
|switch|p1a: Ogerpon|Ogerpon-Wellspring, F|100/100
|switch|p2a: Deoxys|Deoxys-Speed|100/100
|-ability|p2a: Deoxys|Pressure
|turn|1
|
|t:|1759049152
|move|p2a: Deoxys|Psycho Boost|p1a: Ogerpon
|-damage|p1a: Ogerpon|11/100
|-unboost|p2a: Deoxys|spa|2
|-damage|p2a: Deoxys|91/100|[from] item: Life Orb
|move|p1a: Ogerpon|Ivy Cudgel|p2a: Deoxys|[anim] Ivy Cudgel Water
|-damage|p2a: Deoxys|1/100
|
|upkeep
|turn|2
|
|t:|1759049155
|move|p2a: Deoxys|Stealth Rock|p1a: Ogerpon
|-sidestart|p1: Ladder Historian|move: Stealth Rock
|move|p1a: Ogerpon|Ivy Cudgel|p2a: Deoxys|[anim] Ivy Cudgel Water
|-damage|p2a: Deoxys|0 fnt
|faint|p2a: Deoxys
|
|upkeep
|
|t:|1759049163
|switch|p2a: Zamazenta|Zamazenta|100/100
|-ability|p2a: Zamazenta|Dauntless Shield|boost
|-boost|p2a: Zamazenta|def|1
|turn|3
|j| catarina valentine
|
|t:|1759049168
|move|p2a: Zamazenta|Close Combat|p1a: Ogerpon
|-damage|p1a: Ogerpon|0 fnt
|-unboost|p2a: Zamazenta|def|1
|-unboost|p2a: Zamazenta|spd|1
|faint|p1a: Ogerpon
|-enditem|p2a: Zamazenta|Eject Pack
|
|t:|1759049176
|switch|p2a: Great Tusk|Great Tusk|100/100
|
|upkeep
|
|t:|1759049187
|switch|p1a: Kyurem|Kyurem|100/100
|-damage|p1a: Kyurem|76/100|[from] Stealth Rock
|-ability|p1a: Kyurem|Pressure
|turn|4
|
|t:|1759049191
|-end|p2a: Great Tusk|Protosynthesis|[silent]
|switch|p2a: Kingambit|Kingambit, M|100/100
|-activate|p2a: Kingambit|ability: Supreme Overlord
|-start|p2a: Kingambit|fallen1|[silent]
|move|p1a: Kyurem|Earth Power|p2a: Kingambit
|-supereffective|p2a: Kingambit
|-enditem|p2a: Kingambit|Shuca Berry|[eat]
|-enditem|p2a: Kingambit|Shuca Berry|[weaken]
|-damage|p2a: Kingambit|63/100
|
|upkeep
|turn|5
|
|t:|1759049199
|-end|p2a: Kingambit|fallen1|[silent]
|switch|p2a: Zamazenta|Zamazenta|100/100
|move|p1a: Kyurem|Freeze-Dry|p2a: Zamazenta
|-damage|p2a: Zamazenta|69/100
|
|upkeep
|turn|6
|j| ilytrix
|
|t:|1759049204
|switch|p1a: Landorus|Landorus-Therian, M|100/100
|-damage|p1a: Landorus|88/100|[from] Stealth Rock
|-ability|p1a: Landorus|Intimidate|boost
|-unboost|p2a: Zamazenta|atk|1
|move|p2a: Zamazenta|Ice Fang|p1a: Landorus
|-supereffective|p1a: Landorus
|-damage|p1a: Landorus|31/100
|-damage|p2a: Zamazenta|52/100|[from] item: Rocky Helmet|[of] p1a: Landorus
|
|upkeep
|turn|7
|
|t:|1759049218
|switch|p2a: Kingambit|Kingambit, M|63/100
|-activate|p2a: Kingambit|ability: Supreme Overlord
|-start|p2a: Kingambit|fallen1|[silent]
|move|p1a: Landorus|U-turn|p2a: Kingambit
|-crit|p2a: Kingambit
|-damage|p2a: Kingambit|36/100
|inactive|Battle timer is ON: inactive players will automatically lose when time's up. (requested by send it to me)
|
|t:|1759049222
|switch|p1a: Kingambit|Kingambit, M|100/100|[from] U-turn
|-damage|p1a: Kingambit|94/100|[from] Stealth Rock
|-activate|p1a: Kingambit|ability: Supreme Overlord
|-start|p1a: Kingambit|fallen1|[silent]
|
|upkeep
|turn|8
|
|t:|1759049226
|-end|p2a: Kingambit|fallen1|[silent]
|switch|p2a: Great Tusk|Great Tusk|100/100
|move|p1a: Kingambit|Low Kick|p2a: Great Tusk
|-damage|p2a: Great Tusk|53/100
|
|upkeep
|turn|9
|
|t:|1759049234
|-terastallize|p1a: Kingambit|Fighting
|move|p2a: Great Tusk|Close Combat|p1a: Kingambit
|-damage|p1a: Kingambit|27/100
|-unboost|p2a: Great Tusk|def|1
|-unboost|p2a: Great Tusk|spd|1
|move|p1a: Kingambit|Low Kick|p2a: Great Tusk
|-damage|p2a: Great Tusk|0 fnt
|faint|p2a: Great Tusk
|-end|p2a: Great Tusk|Protosynthesis|[silent]
|
|upkeep
|
|t:|1759049239
|switch|p2a: Kingambit|Kingambit, M|36/100
|-activate|p2a: Kingambit|ability: Supreme Overlord
|-start|p2a: Kingambit|fallen2|[silent]
|turn|10
|
|t:|1759049243
|-end|p1a: Kingambit|fallen1|[silent]
|switch|p1a: Landorus|Landorus-Therian, M|31/100
|-damage|p1a: Landorus|18/100|[from] Stealth Rock
|-ability|p1a: Landorus|Intimidate|boost
|-unboost|p2a: Kingambit|atk|1
|move|p2a: Kingambit|Iron Head|p1a: Landorus
|-damage|p1a: Landorus|0 fnt
|-damage|p2a: Kingambit|20/100|[from] item: Rocky Helmet|[of] p1a: Landorus
|faint|p1a: Landorus
|
|upkeep
|
|t:|1759049256
|switch|p1a: Enamorus|Enamorus, F|100/100
|-damage|p1a: Enamorus|76/100|[from] Stealth Rock
|turn|11
|
|t:|1759049261
|move|p1a: Enamorus|Moonblast|p2a: Kingambit
|-damage|p2a: Kingambit|0 fnt
|faint|p2a: Kingambit
|-end|p2a: Kingambit|fallen2|[silent]
|
|upkeep
|
|t:|1759049268
|switch|p2a: Primarina|Primarina, F|100/100
|turn|12
|
|t:|1759049281
|move|p1a: Enamorus|Moonblast|p2a: Primarina
|-damage|p2a: Primarina|52/100
|move|p2a: Primarina|Calm Mind|p2a: Primarina
|-boost|p2a: Primarina|spa|1
|-boost|p2a: Primarina|spd|1
|
|-heal|p2a: Primarina|58/100|[from] item: Leftovers
|upkeep
|turn|13
|
|t:|1759049288
|switch|p1a: Kyurem|Kyurem|76/100
|-damage|p1a: Kyurem|51/100|[from] Stealth Rock
|-ability|p1a: Kyurem|Pressure
|move|p2a: Primarina|Draining Kiss|p1a: Kyurem
|-supereffective|p1a: Kyurem
|-damage|p1a: Kyurem|0 fnt
|-heal|p2a: Primarina|99/100|[from] drain|[of] p1a: Kyurem
|faint|p1a: Kyurem
|
|-heal|p2a: Primarina|100/100|[from] item: Leftovers
|upkeep
|
|t:|1759049290
|switch|p1a: Kingambit|Kingambit, M, tera:Fighting|27/100
|-damage|p1a: Kingambit|21/100|[from] Stealth Rock
|-activate|p1a: Kingambit|ability: Supreme Overlord
|-start|p1a: Kingambit|fallen3|[silent]
|turn|14
|
|t:|1759049292
|move|p1a: Kingambit|Iron Head|p2a: Primarina
|-damage|p2a: Primarina|41/100
|cant|p2a: Primarina|flinch
|
|-heal|p2a: Primarina|47/100|[from] item: Leftovers
|upkeep
|turn|15
|
|t:|1759049298
|move|p1a: Kingambit|Iron Head|p2a: Primarina
|-damage|p2a: Primarina|0 fnt
|faint|p2a: Primarina
|
|upkeep
|
|t:|1759049301
|switch|p2a: Dragonite|Dragonite, M|100/100
|turn|16
|
|t:|1759049304
|-end|p1a: Kingambit|fallen3|[silent]
|switch|p1a: Weezing|Weezing-Galar, M|100/100
|-ability|p1a: Weezing|Neutralizing Gas
|move|p2a: Dragonite|Dragon Dance|p2a: Dragonite
|-boost|p2a: Dragonite|atk|1
|-boost|p2a: Dragonite|spe|1
|
|upkeep
|turn|17
|
|t:|1759049307
|-terastallize|p2a: Dragonite|Ground
|move|p2a: Dragonite|Earthquake|p1a: Weezing
|-supereffective|p1a: Weezing
|-damage|p1a: Weezing|1/100
|move|p1a: Weezing|Will-O-Wisp|p2a: Dragonite|[miss]
|-miss|p1a: Weezing|p2a: Dragonite
|
|upkeep
|turn|18
|
|t:|1759049312
|move|p2a: Dragonite|Earthquake|p1a: Weezing
|-supereffective|p1a: Weezing
|-damage|p1a: Weezing|0 fnt
|faint|p1a: Weezing
|-end|p1a: Weezing|ability: Neutralizing Gas
|
|upkeep
|
|t:|1759049316
|switch|p1a: Enamorus|Enamorus, F|76/100
|-damage|p1a: Enamorus|51/100|[from] Stealth Rock
|turn|19
|
|t:|1759049321
|move|p2a: Dragonite|Extreme Speed|p1a: Enamorus
|-damage|p1a: Enamorus|0 fnt
|faint|p1a: Enamorus
|
|upkeep
|-message|Ladder Historian forfeited.
|
|win|send it to me
|raw|Ladder Historian's rating: 1766 &rarr; <strong>1756</strong><br />(-10 for losing)
|raw|send it to me's rating: 1958 &rarr; <strong>1968</strong><br />(+10 for winning)
|c|☆send it to me|gg
|l|☆send it to me
|player|p2|
|l|☆Ladder Historian
|player|p1|
|j| locked in bro
