|j|☆animeGametestteam
|j|☆FaZe Laurenz
|t:|1758940579
|gametype|singles
|player|p1|animeGametestteam|acetrainer-gen4dp|1277
|player|p2|FaZe Laurenz|red|1233
|gen|9
|tier|[Gen 9] OU
|rated|
|rule|HP Percentage Mod: HP is shown in percentages
|rule|Endless Battle Clause: Forcing endless battles is banned
|rule|Species Clause: Limit one of each Pokémon
|rule|OHKO Clause: OHKO moves are banned
|rule|Evasion Items Clause: Evasion items are banned
|rule|Evasion Moves Clause: Evasion moves are banned
|rule|Evasion Abilities Clause: Evasion abilities are banned
|rule|Sleep Moves Clause: Sleep-inducing moves are banned
|clearpoke
|poke|p1|Torterra, M|
|poke|p1|Garchomp, M|
|poke|p1|Electivire, M|
|poke|p1|Weavile, M|
|poke|p1|Gyarados, M|
|poke|p1|Metagross|
|poke|p2|Toxapex, M|
|poke|p2|Blissey, F|
|poke|p2|Tornadus-Therian, M|
|poke|p2|Corviknight, M|
|poke|p2|Ting-Lu|
|poke|p2|Skeledirge, M|
|teampreview
|inactive|Battle timer is ON: inactive players will automatically lose when time's up. (requested by FaZe Laurenz)
|
|t:|1758940591
|teamsize|p1|6
|teamsize|p2|6
|start
|switch|p1a: Torterra|Torterra, M|100/100
|switch|p2a: Toxapex|Toxapex, M, shiny|100/100
|turn|1
|
|t:|1758940602
|move|p1a: Torterra|Shell Smash|p1a: Torterra
|-unboost|p1a: Torterra|def|1
|-unboost|p1a: Torterra|spd|1
|-boost|p1a: Torterra|atk|2
|-boost|p1a: Torterra|spa|2
|-boost|p1a: Torterra|spe|2
|-enditem|p1a: Torterra|White Herb
|-clearnegativeboost|p1a: Torterra|[silent]
|move|p2a: Toxapex|Toxic Spikes|p1a: Torterra
|-sidestart|p1: animeGametestteam|move: Toxic Spikes
|
|upkeep
|turn|2
|
|t:|1758940626
|switch|p2a: Tornadus|Tornadus-Therian, M, shiny|100/100
|move|p1a: Torterra|Headlong Rush|p2a: Tornadus
|-immune|p2a: Tornadus
|
|upkeep
|turn|3
|
|t:|1758940634
|move|p1a: Torterra|Stone Edge|p2a: Tornadus
|-supereffective|p2a: Tornadus
|-damage|p2a: Tornadus|0 fnt
|faint|p2a: Tornadus
|
|upkeep
|
|t:|1758940641
|switch|p2a: Skeledirge|Skeledirge, M, shiny|100/100
|turn|4
|
|t:|1758940646
|-terastallize|p2a: Skeledirge|Fairy
|move|p1a: Torterra|Headlong Rush|p2a: Skeledirge
|-damage|p2a: Skeledirge|62/100
|-unboost|p1a: Torterra|def|1
|-unboost|p1a: Torterra|spd|1
|move|p2a: Skeledirge|Torch Song|p1a: Torterra
|-supereffective|p1a: Torterra
|-damage|p1a: Torterra|35/100
|-boost|p2a: Skeledirge|spa|1
|
|upkeep
|turn|5
|
|t:|1758940658
|move|p1a: Torterra|Wood Hammer|p2a: Skeledirge
|-damage|p2a: Skeledirge|22/100
|-damage|p1a: Torterra|18/100|[from] Recoil
|move|p2a: Skeledirge|Slack Off|p2a: Skeledirge
|-heal|p2a: Skeledirge|72/100
|
|upkeep
|turn|6
|
|t:|1758940674
|move|p1a: Torterra|Headlong Rush|p2a: Skeledirge
|-damage|p2a: Skeledirge|32/100
|-unboost|p1a: Torterra|def|1
|-unboost|p1a: Torterra|spd|1
|move|p2a: Skeledirge|Slack Off|p2a: Skeledirge
|-heal|p2a: Skeledirge|82/100
|
|upkeep
|turn|7
|
|t:|1758940684
|move|p1a: Torterra|Headlong Rush|p2a: Skeledirge
|-damage|p2a: Skeledirge|44/100
|-unboost|p1a: Torterra|def|1
|-unboost|p1a: Torterra|spd|1
|move|p2a: Skeledirge|Torch Song|p1a: Torterra
|-supereffective|p1a: Torterra
|-damage|p1a: Torterra|0 fnt
|-boost|p2a: Skeledirge|spa|1
|faint|p1a: Torterra
|
|upkeep
|
|t:|1758940699
|switch|p1a: Metagross|Metagross|100/100
|turn|8
|
|t:|1758940724
|move|p1a: Metagross|Bullet Punch|p2a: Skeledirge
|-supereffective|p2a: Skeledirge
|-damage|p2a: Skeledirge|0 fnt
|faint|p2a: Skeledirge
|
|upkeep
|inactive|FaZe Laurenz has 120 seconds left.
|
|t:|1758940741
|switch|p2a: Ting-Lu|Ting-Lu|100/100
|-ability|p2a: Ting-Lu|Vessel of Ruin
|turn|9
|
|t:|1758940752
|switch|p1a: Gyarados|Gyarados, M|100/100
|move|p2a: Ting-Lu|Payback|p1a: Gyarados
|-damage|p1a: Gyarados|76/100
|
|upkeep
|turn|10
|
|t:|1758940765
|switch|p2a: Toxapex|Toxapex, M, shiny|100/100
|move|p1a: Gyarados|Dragon Dance|p1a: Gyarados
|-boost|p1a: Gyarados|atk|1
|-boost|p1a: Gyarados|spe|1
|
|upkeep
|turn|11
|
|t:|1758940775
|move|p1a: Gyarados|Earthquake|p2a: Toxapex
|-supereffective|p2a: Toxapex
|-damage|p2a: Toxapex|35/100
|move|p2a: Toxapex|Toxic|p1a: Gyarados
|-status|p1a: Gyarados|tox
|
|-damage|p1a: Gyarados|70/100 tox|[from] psn
|upkeep
|turn|12
|
|t:|1758940785
|switch|p2a: Corviknight|Corviknight, M, shiny|100/100
|-ability|p2a: Corviknight|Pressure
|move|p1a: Gyarados|Dragon Dance|p1a: Gyarados
|-boost|p1a: Gyarados|atk|1
|-boost|p1a: Gyarados|spe|1
|
|-damage|p1a: Gyarados|58/100 tox|[from] psn
|upkeep
|turn|13
|
|t:|1758940814
|move|p1a: Gyarados|Waterfall|p2a: Corviknight
|-damage|p2a: Corviknight|52/100
|-damage|p1a: Gyarados|41/100 tox|[from] item: Rocky Helmet|[of] p2a: Corviknight
|move|p2a: Corviknight|Roost|p2a: Corviknight
|-heal|p2a: Corviknight|100/100
|-singleturn|p2a: Corviknight|move: Roost
|
|-damage|p1a: Gyarados|23/100 tox|[from] psn
|upkeep
|turn|14
|
|t:|1758940828
|move|p1a: Gyarados|Waterfall|p2a: Corviknight
|-damage|p2a: Corviknight|50/100
|-damage|p1a: Gyarados|6/100 tox|[from] item: Rocky Helmet|[of] p2a: Corviknight
|move|p2a: Corviknight|Roost|p2a: Corviknight
|-heal|p2a: Corviknight|99/100
|-singleturn|p2a: Corviknight|move: Roost
|
|-damage|p1a: Gyarados|0 fnt|[from] psn
|faint|p1a: Gyarados
|upkeep
|
|t:|1758940842
|switch|p1a: Electivire|Electivire, M|100/100
|-status|p1a: Electivire|psn
|turn|15
|inactive|FaZe Laurenz has 120 seconds left.
|
|t:|1758940868
|switch|p2a: Ting-Lu|Ting-Lu|100/100
|-ability|p2a: Ting-Lu|Vessel of Ruin
|move|p1a: Electivire|Bulk Up|p1a: Electivire
|-boost|p1a: Electivire|atk|1
|-boost|p1a: Electivire|def|1
|
|-damage|p1a: Electivire|88/100 psn|[from] psn
|upkeep
|turn|16
|inactive|FaZe Laurenz has 120 seconds left.
|
|t:|1758940887
|-terastallize|p1a: Electivire|Flying
|move|p1a: Electivire|Bulk Up|p1a: Electivire
|-boost|p1a: Electivire|atk|1
|-boost|p1a: Electivire|def|1
|move|p2a: Ting-Lu|Earthquake|p1a: Electivire
|-immune|p1a: Electivire
|
|-heal|p1a: Electivire|94/100 psn|[from] item: Leftovers
|-damage|p1a: Electivire|82/100 psn|[from] psn
|upkeep
|turn|17
|inactive|FaZe Laurenz has 120 seconds left.
|
|t:|1758940900
|move|p1a: Electivire|Ice Punch|p2a: Ting-Lu
|-supereffective|p2a: Ting-Lu
|-damage|p2a: Ting-Lu|43/100
|move|p2a: Ting-Lu|Payback|p1a: Electivire
|-damage|p1a: Electivire|54/100 psn
|
|-heal|p1a: Electivire|60/100 psn|[from] item: Leftovers
|-heal|p2a: Ting-Lu|49/100|[from] item: Leftovers
|-damage|p1a: Electivire|48/100 psn|[from] psn
|upkeep
|turn|18
|inactive|FaZe Laurenz has 120 seconds left.
|
|t:|1758940912
|switch|p2a: Corviknight|Corviknight, M, shiny|99/100
|-ability|p2a: Corviknight|Pressure
|move|p1a: Electivire|Supercell Slam|p2a: Corviknight
|-supereffective|p2a: Corviknight
|-damage|p2a: Corviknight|0 fnt
|-damage|p1a: Electivire|31/100 psn|[from] item: Rocky Helmet|[of] p2a: Corviknight
|faint|p2a: Corviknight
|
|-heal|p1a: Electivire|37/100 psn|[from] item: Leftovers
|-damage|p1a: Electivire|25/100 psn|[from] psn
|upkeep
|inactive|FaZe Laurenz has 120 seconds left.
|
|t:|1758940930
|switch|p2a: Ting-Lu|Ting-Lu|49/100
|-ability|p2a: Ting-Lu|Vessel of Ruin
|turn|19
|
|t:|1758940935
|move|p1a: Electivire|Trailblaze|p2a: Ting-Lu
|-supereffective|p2a: Ting-Lu
|-damage|p2a: Ting-Lu|8/100
|-boost|p1a: Electivire|spe|1
|move|p2a: Ting-Lu|Rest|p2a: Ting-Lu
|-status|p2a: Ting-Lu|slp|[from] move: Rest
|-heal|p2a: Ting-Lu|100/100 slp|[silent]
|
|-heal|p1a: Electivire|31/100 psn|[from] item: Leftovers
|-damage|p1a: Electivire|19/100 psn|[from] psn
|upkeep
|turn|20
|inactive|FaZe Laurenz has 120 seconds left.
|
|t:|1758940965
|move|p1a: Electivire|Trailblaze|p2a: Ting-Lu
|-supereffective|p2a: Ting-Lu
|-damage|p2a: Ting-Lu|57/100 slp
|-boost|p1a: Electivire|spe|1
|cant|p2a: Ting-Lu|slp
|move|p2a: Ting-Lu|Sleep Talk|p2a: Ting-Lu
|move|p2a: Ting-Lu|Payback|p1a: Electivire|[from] move: Sleep Talk
|-damage|p1a: Electivire|0 fnt
|faint|p1a: Electivire
|
|-heal|p2a: Ting-Lu|63/100 slp|[from] item: Leftovers
|upkeep
|
|t:|1758940980
|switch|p1a: Garchomp|Garchomp, M|100/100
|-status|p1a: Garchomp|psn
|turn|21
|
|t:|1758940987
|move|p1a: Garchomp|Swords Dance|p1a: Garchomp
|-boost|p1a: Garchomp|atk|2
|cant|p2a: Ting-Lu|slp
|move|p2a: Ting-Lu|Sleep Talk|p2a: Ting-Lu
|move|p2a: Ting-Lu|Rest||[from] move: Sleep Talk|[still]
|-fail|p2a: Ting-Lu
|
|-heal|p2a: Ting-Lu|69/100 slp|[from] item: Leftovers
|-damage|p1a: Garchomp|88/100 psn|[from] psn
|upkeep
|turn|22
|inactive|FaZe Laurenz has 120 seconds left.
|
|t:|1758940999
|move|p1a: Garchomp|Scale Shot|p2a: Ting-Lu
|-damage|p2a: Ting-Lu|56/100 slp
|-damage|p2a: Ting-Lu|42/100 slp
|-damage|p2a: Ting-Lu|26/100 slp
|-damage|p2a: Ting-Lu|11/100 slp
|-damage|p2a: Ting-Lu|0 fnt
|faint|p2a: Ting-Lu
|-hitcount|p2: Ting-Lu|5
|-unboost|p1a: Garchomp|def|1
|-boost|p1a: Garchomp|spe|1
|
|-damage|p1a: Garchomp|76/100 psn|[from] psn
|upkeep
|inactive|FaZe Laurenz has 120 seconds left.
|
|t:|1758941016
|switch|p2a: Toxapex|Toxapex, M, shiny|68/100
|turn|23
|
|t:|1758941023
|move|p1a: Garchomp|Earthquake|p2a: Toxapex
|-supereffective|p2a: Toxapex
|-damage|p2a: Toxapex|0 fnt
|faint|p2a: Toxapex
|
|-damage|p1a: Garchomp|64/100 psn|[from] psn
|upkeep
|
|t:|1758941025
|switch|p2a: Blissey|Blissey, F, shiny|100/100
|turn|24
|
|t:|1758941033
|move|p1a: Garchomp|Earthquake|p2a: Blissey
|-damage|p2a: Blissey|0 fnt
|faint|p2a: Blissey
|
|win|animeGametestteam
|raw|animeGametestteam's rating: 1277 &rarr; <strong>1299</strong><br />(+22 for winning)
|raw|FaZe Laurenz's rating: 1233 &rarr; <strong>1211</strong><br />(-22 for losing)
|l|☆FaZe Laurenz
|player|p2|
|l|☆animeGametestteam
|player|p1|
