|j|☆colby16
|j|☆Mouu'D
|t:|1759004048
|gametype|singles
|player|p1|colby16|101|1243
|player|p2|Mouu'D|1|1262
|gen|9
|tier|[Gen 9] OU
|rated|
|rule|HP Percentage Mod: HP is shown in percentages
|rule|Endless Battle Clause: Forcing endless battles is banned
|rule|Species Clause: Limit one of each Pokémon
|rule|OHKO Clause: OHKO moves are banned
|rule|Evasion Items Clause: Evasion items are banned
|rule|Evasion Moves Clause: Evasion moves are banned
|rule|Evasion Abilities Clause: Evasion abilities are banned
|rule|Sleep Moves Clause: Sleep-inducing moves are banned
|clearpoke
|poke|p1|Dragonite, M|
|poke|p1|Ogerpon-Wellspring, F|
|poke|p1|Ting-Lu|
|poke|p1|Zapdos|
|poke|p1|Kyurem|
|poke|p1|Cinderace, F|
|poke|p2|Slowbro, F|
|poke|p2|Diancie|
|poke|p2|Scizor, F|
|poke|p2|Ursaluna, F|
|poke|p2|Exeggutor-Alola, F|
|poke|p2|Conkeldurr, M|
|teampreview
|inactive|Battle timer is ON: inactive players will automatically lose when time's up. (requested by Mouu'D)
|
|t:|1759004072
|teamsize|p1|6
|teamsize|p2|6
|start
|switch|p1a: Cinderace|Cinderace, F|100/100
|switch|p2a: Jinbei|Slowbro, F, shiny|100/100
|turn|1
|
|t:|1759004098
|move|p1a: Cinderace|U-turn|p2a: Jinbei
|-supereffective|p2a: Jinbei
|-damage|p2a: Jinbei|76/100
|
|t:|1759004104
|switch|p1a: Zapdos|Zapdos|100/100|[from] U-turn
|move|p2a: Jinbei|Scald|p1a: Zapdos
|-damage|p1a: Zapdos|74/100
|
|upkeep
|turn|2
|
|t:|1759004116
|switch|p2a: Chopper|Ursaluna, F|100/100
|move|p1a: Zapdos|Hurricane|p2a: Chopper
|-damage|p2a: Chopper|56/100
|
|-status|p2a: Chopper|brn|[from] item: Flame Orb
|upkeep
|turn|3
|
|t:|1759004142
|switch|p2a: Robin|Diancie|100/100
|move|p1a: Zapdos|Hurricane|p2a: Robin
|-resisted|p2a: Robin
|-damage|p2a: Robin|81/100
|-start|p2a: Robin|confusion
|
|upkeep
|turn|4
|
|t:|1759004151
|move|p1a: Zapdos|Volt Switch|p2a: Robin
|-damage|p2a: Robin|53/100
|
|t:|1759004155
|switch|p1a: Ting-Lu|Ting-Lu|100/100|[from] Volt Switch
|-ability|p1a: Ting-Lu|Vessel of Ruin
|-activate|p2a: Robin|confusion
|move|p2a: Robin|Trick Room|p2a: Robin
|-fieldstart|move: Trick Room|[of] p2a: Robin
|
|upkeep
|turn|5
|
|t:|1759004171
|switch|p2a: Luffy gear 4th|Conkeldurr, M|100/100
|move|p1a: Ting-Lu|Earthquake|p2a: Luffy gear 4th
|-damage|p2a: Luffy gear 4th|67/100
|
|-status|p2a: Luffy gear 4th|brn|[from] item: Flame Orb
|upkeep
|turn|6
|inactive|colby16 has 120 seconds left.
|
|t:|1759004202
|-terastallize|p1a: Ting-Lu|Poison
|move|p2a: Luffy gear 4th|Ice Punch|p1a: Ting-Lu
|-damage|p1a: Ting-Lu|74/100
|move|p1a: Ting-Lu|Ruination|p2a: Luffy gear 4th
|-damage|p2a: Luffy gear 4th|34/100 brn
|
|-heal|p1a: Ting-Lu|81/100|[from] item: Leftovers
|-damage|p2a: Luffy gear 4th|28/100 brn|[from] brn
|upkeep
|turn|7
|inactive|colby16 has 120 seconds left.
|
|t:|1759004219
|move|p2a: Luffy gear 4th|Knock Off|p1a: Ting-Lu
|-damage|p1a: Ting-Lu|50/100
|-enditem|p1a: Ting-Lu|Leftovers|[from] move: Knock Off|[of] p2a: Luffy gear 4th
|move|p1a: Ting-Lu|Earthquake|p2a: Luffy gear 4th
|-damage|p2a: Luffy gear 4th|0 fnt
|faint|p2a: Luffy gear 4th
|
|upkeep
|inactive|Mouu'D has 120 seconds left.
|
|t:|1759004255
|switch|p2a: Robin|Diancie|53/100
|turn|8
|inactive|colby16 has 120 seconds left.
|
|t:|1759004272
|move|p2a: Robin|Earth Power|p1a: Ting-Lu
|-supereffective|p1a: Ting-Lu
|-damage|p1a: Ting-Lu|25/100
|move|p1a: Ting-Lu|Earthquake|p2a: Robin
|-supereffective|p2a: Robin
|-damage|p2a: Robin|0 fnt
|faint|p2a: Robin
|
|-fieldend|move: Trick Room
|upkeep
|inactive|Mouu'D has 90 seconds left.
|
|t:|1759004315
|switch|p2a: Sodom|Exeggutor-Alola, F, shiny|100/100
|turn|9
|
|t:|1759004324
|move|p1a: Ting-Lu|Ruination|p2a: Sodom
|-damage|p2a: Sodom|50/100
|-enditem|p2a: Sodom|Sitrus Berry|[eat]
|-heal|p2a: Sodom|75/100|[from] item: Sitrus Berry
|move|p2a: Sodom|Trick Room|p2a: Sodom
|-fieldstart|move: Trick Room|[of] p2a: Sodom
|
|upkeep
|turn|10
|
|t:|1759004332
|move|p2a: Sodom|Psyshock|p1a: Ting-Lu
|-supereffective|p1a: Ting-Lu
|-damage|p1a: Ting-Lu|2/100
|move|p1a: Ting-Lu|Ruination|p2a: Sodom
|-damage|p2a: Sodom|38/100
|
|-item|p2a: Sodom|Sitrus Berry|[from] ability: Harvest
|upkeep
|-enditem|p2a: Sodom|Sitrus Berry|[eat]
|-heal|p2a: Sodom|63/100|[from] item: Sitrus Berry
|turn|11
|
|t:|1759004344
|move|p2a: Sodom|Psyshock|p1a: Ting-Lu
|-supereffective|p1a: Ting-Lu
|-damage|p1a: Ting-Lu|0 fnt
|faint|p1a: Ting-Lu
|
|-item|p2a: Sodom|Sitrus Berry|[from] ability: Harvest
|upkeep
|
|t:|1759004359
|switch|p1a: Cinderace|Cinderace, F|100/100
|turn|12
|inactive|Mouu'D has 90 seconds left.
|
|t:|1759004370
|switch|p2a: Jinbei|Slowbro, F, shiny|76/100
|move|p1a: Cinderace|U-turn|p2a: Jinbei
|-supereffective|p2a: Jinbei
|-crit|p2a: Jinbei
|-damage|p2a: Jinbei|37/100
|inactive|colby16 has 120 seconds left.
|
|t:|1759004390
|switch|p1a: Zapdos|Zapdos|74/100|[from] U-turn
|
|upkeep
|turn|13
|inactive|Mouu'D has 90 seconds left.
|
|t:|1759004407
|move|p2a: Jinbei|Scald|p1a: Zapdos
|-damage|p1a: Zapdos|46/100
|move|p1a: Zapdos|Roost|p1a: Zapdos
|-heal|p1a: Zapdos|96/100
|-singleturn|p1a: Zapdos|move: Roost
|
|-fieldend|move: Trick Room
|upkeep
|turn|14
|inactive|Mouu'D has 90 seconds left.
|
|t:|1759004440
|move|p1a: Zapdos|Volt Switch|p2a: Jinbei
|-supereffective|p2a: Jinbei
|-damage|p2a: Jinbei|0 fnt
|faint|p2a: Jinbei
|inactive|colby16 has 120 seconds left.
|
|t:|1759004455
|switch|p1a: Cinderace|Cinderace, F|100/100|[from] Volt Switch
|
|upkeep
|inactive|Mouu'D has 60 seconds left.
|inactive|Mouu'D has 30 seconds left.
|inactive|Mouu'D has 20 seconds left.
|
|t:|1759004512
|switch|p2a: Chopper|Ursaluna, F|56/100 brn
|turn|15
|inactive|Mouu'D has 30 seconds left this turn.
|inactive|Mouu'D has 20 seconds left.
|
|t:|1759004525
|move|p1a: Cinderace|Double Kick|p2a: Chopper
|-supereffective|p2a: Chopper
|-damage|p2a: Chopper|41/100 brn
|-supereffective|p2a: Chopper
|-damage|p2a: Chopper|28/100 brn
|-hitcount|p2a: Chopper|2
|move|p2a: Chopper|Facade|p1a: Cinderace
|-damage|p1a: Cinderace|0 fnt
|faint|p1a: Cinderace
|
|-damage|p2a: Chopper|22/100 brn|[from] brn
|upkeep
|inactive|colby16 has 120 seconds left.
|
|t:|1759004543
|switch|p1a: Ogerpon|Ogerpon-Wellspring, F|100/100
|turn|16
|inactive|Mouu'D has 30 seconds left.
|
|t:|1759004552
|move|p1a: Ogerpon|Ivy Cudgel|p2a: Chopper|[anim] Ivy Cudgel Water
|-supereffective|p2a: Chopper
|-damage|p2a: Chopper|0 fnt
|faint|p2a: Chopper
|
|upkeep
|
|t:|1759004554
|switch|p2a: Sodom|Exeggutor-Alola, F, shiny|63/100
|turn|17
|
|t:|1759004558
|move|p1a: Ogerpon|Play Rough|p2a: Sodom
|-supereffective|p2a: Sodom
|-damage|p2a: Sodom|0 fnt
|faint|p2a: Sodom
|
|upkeep
|
|t:|1759004561
|switch|p2a: Zoro|Scizor, F, shiny|100/100
|turn|18
|
|t:|1759004568
|move|p1a: Ogerpon|Ivy Cudgel|p2a: Zoro|[anim] Ivy Cudgel Water
|-crit|p2a: Zoro
|-damage|p2a: Zoro|19/100
|move|p2a: Zoro|Lunge|p1a: Ogerpon
|-supereffective|p1a: Ogerpon
|-damage|p1a: Ogerpon|0 fnt
|faint|p1a: Ogerpon
|-damage|p2a: Zoro|10/100|[from] item: Life Orb
|
|upkeep
|
|t:|1759004574
|switch|p1a: Zapdos|Zapdos|96/100
|turn|19
|c|☆colby16|gg
|
|t:|1759004579
|move|p2a: Zoro|Bullet Punch|p1a: Zapdos
|-resisted|p1a: Zapdos
|-damage|p1a: Zapdos|77/100
|-damage|p2a: Zoro|0 fnt|[from] item: Life Orb
|faint|p2a: Zoro
|
|win|colby16
|raw|colby16's rating: 1243 &rarr; <strong>1269</strong><br />(+26 for winning)
|raw|Mouu&apos;D's rating: 1262 &rarr; <strong>1236</strong><br />(-26 for losing)
|l|☆Mouu'D
|player|p2|
|l|☆colby16
|player|p1|
