|j|☆emspottie
|j|☆CadenG18
|t:|1759032997
|gametype|singles
|player|p1|emspottie|cynthia|1424
|player|p2|CadenG18|hilbert|1382
|gen|9
|tier|[Gen 9] OU
|rated|
|rule|HP Percentage Mod: HP is shown in percentages
|rule|Endless Battle Clause: Forcing endless battles is banned
|rule|Species Clause: Limit one of each Pokémon
|rule|OHKO Clause: OHKO moves are banned
|rule|Evasion Items Clause: Evasion items are banned
|rule|Evasion Moves Clause: Evasion moves are banned
|rule|Evasion Abilities Clause: Evasion abilities are banned
|rule|Sleep Moves Clause: Sleep-inducing moves are banned
|clearpoke
|poke|p1|Slowking-Galar, F|
|poke|p1|Zamazenta-*|
|poke|p1|Landorus-Therian, M|
|poke|p1|Kingambit, F|
|poke|p1|Dragapult, F|
|poke|p1|Ogerpon-Wellspring, F|
|poke|p2|Greninja-*, M|
|poke|p2|Ceruledge, F|
|poke|p2|Armarouge, F|
|poke|p2|Hydreigon, F|
|poke|p2|Kommo-o, M|
|poke|p2|Tsareena, F|
|teampreview
|inactive|Battle timer is ON: inactive players will automatically lose when time's up. (requested by CadenG18)
|c|☆CadenG18|hello again
|c|☆emspottie|hf
|inactive|emspottie also wants the timer to be on.
|c|☆CadenG18|glhf
|
|t:|1759033018
|teamsize|p1|6
|teamsize|p2|6
|start
|switch|p1a: Slowking|Slowking-Galar, F|100/100
|switch|p2a: Megumi|Greninja, M, shiny|100/100
|turn|1
|
|t:|1759033025
|move|p2a: Megumi|Hydro Pump|p1a: Slowking|[miss]
|-start|p2a: Megumi|typechange|Water|[from] ability: Protean
|-miss|p2a: Megumi|p1a: Slowking
|move|p1a: Slowking|Sludge Bomb|p2a: Megumi
|-damage|p2a: Megumi|52/100
|-status|p2a: Megumi|psn
|
|-damage|p2a: Megumi|39/100 psn|[from] psn
|upkeep
|turn|2
|
|t:|1759033035
|move|p2a: Megumi|Hydro Pump|p1a: Slowking
|-damage|p1a: Slowking|65/100
|-damage|p2a: Megumi|30/100 psn|[from] item: Life Orb
|move|p1a: Slowking|Future Sight|p2a: Megumi
|-start|p1a: Slowking|move: Future Sight
|
|-damage|p2a: Megumi|17/100 psn|[from] psn
|upkeep
|turn|3
|
|t:|1759033043
|move|p2a: Megumi|Hydro Pump|p1a: Slowking
|-crit|p1a: Slowking
|-damage|p1a: Slowking|6/100
|-damage|p2a: Megumi|8/100 psn|[from] item: Life Orb
|-prepare|p1a: Slowking|Chilly Reception|[premajor]
|move|p1a: Slowking|Chilly Reception|p1a: Slowking
|-weather|Snowscape
|
|t:|1759033051
|switch|p1a: Dragapult|Dragapult, F|100/100|[from] Chilly Reception
|
|-weather|Snowscape|[upkeep]
|-damage|p2a: Megumi|0 fnt|[from] psn
|faint|p2a: Megumi
|upkeep
|
|t:|1759033063
|switch|p2a: Yamata|Hydreigon, F|100/100
|turn|4
|
|t:|1759033069
|move|p1a: Dragapult|Dragon Darts|p2a: Yamata
|-supereffective|p2a: Yamata
|-damage|p2a: Yamata|54/100
|-anim|p1a: Dragapult|Dragon Darts|p2a: Yamata
|-supereffective|p2a: Yamata
|-crit|p2a: Yamata
|-damage|p2a: Yamata|0 fnt
|faint|p2a: Yamata
|
|-weather|Snowscape|[upkeep]
|-hint|Future Sight did not hit because the target is fainted.
|upkeep
|
|t:|1759033078
|switch|p2a: Cieri|Ceruledge, F, shiny|100/100
|turn|5
|
|t:|1759033085
|move|p1a: Dragapult|Hex|p2a: Cieri
|-supereffective|p2a: Cieri
|-damage|p2a: Cieri|43/100
|move|p2a: Cieri|Swords Dance|p2a: Cieri
|-boost|p2a: Cieri|atk|2
|
|-weather|Snowscape|[upkeep]
|upkeep
|turn|6
|
|t:|1759033093
|switch|p1a: Zamazenta|Zamazenta|100/100
|-ability|p1a: Zamazenta|Dauntless Shield|boost
|-boost|p1a: Zamazenta|def|1
|move|p2a: Cieri|Shadow Sneak|p1a: Zamazenta
|-damage|p1a: Zamazenta|75/100
|
|-weather|Snowscape|[upkeep]
|upkeep
|turn|7
|
|t:|1759033101
|move|p1a: Zamazenta|Crunch|p2a: Cieri
|-supereffective|p2a: Cieri
|-damage|p2a: Cieri|0 fnt
|faint|p2a: Cieri
|
|-weather|none
|upkeep
|
|t:|1759033106
|switch|p2a: Soleia|Armarouge, F, shiny|100/100
|turn|8
|
|t:|1759033113
|switch|p1a: Slowking|Slowking-Galar, F|39/100
|move|p2a: Soleia|Psychic|p1a: Slowking
|-damage|p1a: Slowking|11/100
|
|upkeep
|turn|9
|
|t:|1759033122
|switch|p1a: Landorus|Landorus-Therian, M|100/100
|-ability|p1a: Landorus|Intimidate|boost
|-unboost|p2a: Soleia|atk|1
|move|p2a: Soleia|Psychic|p1a: Landorus
|-damage|p1a: Landorus|47/100
|-unboost|p1a: Landorus|spd|1
|
|upkeep
|turn|10
|
|t:|1759033129
|move|p1a: Landorus|Earth Power|p2a: Soleia
|-supereffective|p2a: Soleia
|-damage|p2a: Soleia|27/100
|move|p2a: Soleia|Psychic|p1a: Landorus
|-damage|p1a: Landorus|0 fnt
|faint|p1a: Landorus
|
|upkeep
|
|t:|1759033137
|switch|p1a: Dragapult|Dragapult, F|100/100
|turn|11
|
|t:|1759033144
|move|p1a: Dragapult|Dragon Darts|p2a: Soleia
|-damage|p2a: Soleia|6/100
|-ability|p2a: Soleia|Weak Armor|boost
|-unboost|p2a: Soleia|def|1
|-boost|p2a: Soleia|spe|2
|-anim|p1a: Dragapult|Dragon Darts|p2a: Soleia
|-damage|p2a: Soleia|0 fnt
|faint|p2a: Soleia
|
|upkeep
|
|t:|1759033148
|switch|p2a: Cybele|Tsareena, F|100/100
|turn|12
|
|t:|1759033156
|move|p1a: Dragapult|Will-O-Wisp|p2a: Cybele
|-status|p2a: Cybele|brn
|move|p2a: Cybele|Play Rough|p1a: Dragapult|[miss]
|-miss|p2a: Cybele|p1a: Dragapult
|
|-damage|p2a: Cybele|94/100 brn|[from] brn
|upkeep
|turn|13
|
|t:|1759033162
|move|p1a: Dragapult|Hex|p2a: Cybele
|-damage|p2a: Cybele|38/100 brn
|move|p2a: Cybele|Play Rough|p1a: Dragapult
|-supereffective|p1a: Dragapult
|-damage|p1a: Dragapult|54/100
|
|-damage|p2a: Cybele|32/100 brn|[from] brn
|upkeep
|turn|14
|
|t:|1759033171
|move|p1a: Dragapult|Dragon Darts|p2a: Cybele
|-damage|p2a: Cybele|9/100 brn
|-anim|p1a: Dragapult|Dragon Darts|p2a: Cybele
|-damage|p2a: Cybele|0 fnt
|faint|p2a: Cybele
|
|upkeep
|
|t:|1759033174
|switch|p2a: Tsuyo-sa|Kommo-o, M|100/100
|turn|15
|
|t:|1759033182
|-terastallize|p2a: Tsuyo-sa|Steel
|move|p1a: Dragapult|Dragon Darts|p2a: Tsuyo-sa
|-resisted|p2a: Tsuyo-sa
|-damage|p2a: Tsuyo-sa|90/100
|-anim|p1a: Dragapult|Dragon Darts|p2a: Tsuyo-sa
|-resisted|p2a: Tsuyo-sa
|-damage|p2a: Tsuyo-sa|79/100
|move|p2a: Tsuyo-sa|Clangorous Soul|p2a: Tsuyo-sa
|-boost|p2a: Tsuyo-sa|atk|1
|-boost|p2a: Tsuyo-sa|def|1
|-boost|p2a: Tsuyo-sa|spa|1
|-boost|p2a: Tsuyo-sa|spd|1
|-boost|p2a: Tsuyo-sa|spe|1
|-damage|p2a: Tsuyo-sa|46/100
|
|-heal|p2a: Tsuyo-sa|52/100|[from] item: Leftovers
|upkeep
|turn|16
|
|t:|1759033190
|move|p2a: Tsuyo-sa|Dragon Claw|p1a: Dragapult
|-supereffective|p1a: Dragapult
|-damage|p1a: Dragapult|0 fnt
|faint|p1a: Dragapult
|
|-heal|p2a: Tsuyo-sa|59/100|[from] item: Leftovers
|upkeep
|
|t:|1759033198
|switch|p1a: Zamazenta|Zamazenta|75/100
|turn|17
|
|t:|1759033206
|move|p2a: Tsuyo-sa|Iron Head|p1a: Zamazenta
|-damage|p1a: Zamazenta|27/100
|cant|p1a: Zamazenta|flinch
|
|-heal|p2a: Tsuyo-sa|65/100|[from] item: Leftovers
|upkeep
|turn|18
|
|t:|1759033214
|switch|p1a: Kingambit|Kingambit, F|100/100
|-activate|p1a: Kingambit|ability: Supreme Overlord
|-start|p1a: Kingambit|fallen2|[silent]
|move|p2a: Tsuyo-sa|Iron Head|p1a: Kingambit
|-resisted|p1a: Kingambit
|-damage|p1a: Kingambit|78/100
|
|-heal|p2a: Tsuyo-sa|71/100|[from] item: Leftovers
|-heal|p1a: Kingambit|84/100|[from] item: Leftovers
|upkeep
|turn|19
|
|t:|1759033220
|move|p2a: Tsuyo-sa|Brick Break|p1a: Kingambit
|-supereffective|p1a: Kingambit
|-damage|p1a: Kingambit|0 fnt
|faint|p1a: Kingambit
|-end|p1a: Kingambit|fallen2|[silent]
|
|-heal|p2a: Tsuyo-sa|77/100|[from] item: Leftovers
|upkeep
|
|t:|1759033230
|switch|p1a: Ogerpon|Ogerpon-Wellspring, F|100/100
|turn|20
|
|t:|1759033239
|-terastallize|p1a: Ogerpon|Water
|detailschange|p1a: Ogerpon|Ogerpon-Wellspring-Tera, F, tera:Water
|-ability|p1a: Ogerpon|Embody Aspect (Wellspring)|boost
|-boost|p1a: Ogerpon|spd|1
|move|p2a: Tsuyo-sa|Dragon Claw|p1a: Ogerpon
|-damage|p1a: Ogerpon|23/100
|move|p1a: Ogerpon|Ivy Cudgel|p2a: Tsuyo-sa|[anim] Ivy Cudgel Water
|-damage|p2a: Tsuyo-sa|28/100
|
|-heal|p2a: Tsuyo-sa|35/100|[from] item: Leftovers
|upkeep
|turn|21
|
|t:|1759033250
|move|p2a: Tsuyo-sa|Dragon Claw|p1a: Ogerpon
|-damage|p1a: Ogerpon|0 fnt
|faint|p1a: Ogerpon
|detailschange|p1: Ogerpon|Ogerpon-Wellspring, F|[silent]
|
|-heal|p2a: Tsuyo-sa|41/100|[from] item: Leftovers
|upkeep
|
|t:|1759033259
|switch|p1a: Zamazenta|Zamazenta|27/100
|turn|22
|c|☆emspottie|kommo-o sure is crazy
|
|t:|1759033265
|move|p2a: Tsuyo-sa|Iron Head|p1a: Zamazenta
|-damage|p1a: Zamazenta|0 fnt
|faint|p1a: Zamazenta
|
|-heal|p2a: Tsuyo-sa|47/100|[from] item: Leftovers
|upkeep
|c|☆CadenG18|quite
|
|t:|1759033271
|switch|p1a: Slowking|Slowking-Galar, F|45/100
|turn|23
|
|t:|1759033275
|move|p2a: Tsuyo-sa|Iron Head|p1a: Slowking
|-damage|p1a: Slowking|0 fnt
|faint|p1a: Slowking
|
|win|CadenG18
|raw|emspottie's rating: 1424 &rarr; <strong>1402</strong><br />(-22 for losing)
|raw|CadenG18's rating: 1382 &rarr; <strong>1404</strong><br />(+22 for winning)
|c|☆emspottie|gg
|c|☆emspottie|fr ive never seena physical one
|c|☆CadenG18|really?
|c|☆emspottie|yea
|c|☆CadenG18|and gg
|c|☆emspottie|i run special kommo
|c|☆CadenG18|oo i see i see
|c|☆CadenG18|i mean i already got a couple special attackers on my team so i was like
|c|☆emspottie|ah right
|c|☆CadenG18|lets give him steroids
|c|☆emspottie|want to try my hyper offence team
|c|☆CadenG18|yeaa
|c|☆CadenG18|alright lets do it
|l|☆emspottie
|player|p1|
|l|☆CadenG18
|player|p2|
