|badge|p1|bronze|gen9ou|100-6
|html|<div class="broadcast-red"><strong>This battle is required to be public due to one or more player having a season medal.</strong><br />During the public phase, you can discuss the state of the ladder <a href="/seasondiscussion">in a special chatroom.</a></div>
|uhtml|medal-msg|<div class="broadcast-blue">Curious what those medals under the avatar are? PS now has Ladder Seasons! For more information, check out the <a href="https://www.smogon.com/forums/threads/3740067/">thread on Smogon.</a></div>
|badge|p2|bronze|gen9ou|100-6
|uhtml|medal-msg|<div class="broadcast-blue">Curious what those medals under the avatar are? PS now has Ladder Seasons! For more information, check out the <a href="https://www.smogon.com/forums/threads/3740067/">thread on Smogon.</a></div>
|j|☆jamel1
|j|☆DontMissMantine
|t:|1758976205
|gametype|singles
|player|p1|jamel1|cyrus|1837
|player|p2|DontMissMantine|lucas|1860
|gen|9
|tier|[Gen 9] OU
|rated|
|rule|HP Percentage Mod: HP is shown in percentages
|rule|Endless Battle Clause: Forcing endless battles is banned
|rule|Species Clause: Limit one of each Pokémon
|rule|OHKO Clause: OHKO moves are banned
|rule|Evasion Items Clause: Evasion items are banned
|rule|Evasion Moves Clause: Evasion moves are banned
|rule|Evasion Abilities Clause: Evasion abilities are banned
|rule|Sleep Moves Clause: Sleep-inducing moves are banned
|clearpoke
|poke|p1|Sandaconda, F|
|poke|p1|Deoxys-Defense|
|poke|p1|Gyarados, M|
|poke|p1|Maushold|
|poke|p1|Serperior, F|
|poke|p1|Kommo-o, M|
|poke|p2|Pelipper, F|
|poke|p2|Beartic, F|
|poke|p2|Barraskewda, F|
|poke|p2|Ogerpon-Wellspring, F|
|poke|p2|Zapdos|
|poke|p2|Hatterene, F|
|teampreview
|inactive|Battle timer is ON: inactive players will automatically lose when time's up. (requested by DontMissMantine)
|
|t:|1758976209
|teamsize|p1|6
|teamsize|p2|6
|start
|switch|p1a: Sandaconda|Sandaconda, F|100/100
|switch|p2a: Pelipper|Pelipper, F|100/100
|-weather|RainDance|[from] ability: Drizzle|[of] p2a: Pelipper
|turn|1
|
|t:|1758976219
|move|p1a: Sandaconda|Glare|p2a: Pelipper
|-status|p2a: Pelipper|par
|move|p2a: Pelipper|U-turn|p1a: Sandaconda
|-crit|p1a: Sandaconda
|-damage|p1a: Sandaconda|88/100
|
|t:|1758976234
|switch|p2a: Barraskewda|Barraskewda, F|100/100|[from] U-turn
|
|-weather|RainDance|[upkeep]
|upkeep
|turn|2
|
|t:|1758976240
|move|p2a: Barraskewda|Flip Turn|p1a: Sandaconda
|-supereffective|p1a: Sandaconda
|-damage|p1a: Sandaconda|0 fnt
|faint|p1a: Sandaconda
|
|t:|1758976247
|switch|p2a: Beartic|Beartic, F|100/100|[from] Flip Turn
|
|-weather|RainDance|[upkeep]
|upkeep
|
|t:|1758976249
|switch|p1a: Serperior|Serperior, F, shiny|100/100
|turn|3
|
|t:|1758976254
|move|p2a: Beartic|Icicle Spear|p1a: Serperior
|-supereffective|p1a: Serperior
|-damage|p1a: Serperior|63/100
|-supereffective|p1a: Serperior
|-damage|p1a: Serperior|29/100
|-supereffective|p1a: Serperior
|-damage|p1a: Serperior|0 fnt
|faint|p1a: Serperior
|-hitcount|p1: Serperior|3
|
|-weather|RainDance|[upkeep]
|upkeep
|
|t:|1758976257
|switch|p1a: Maushold|Maushold|100/100
|turn|4
|
|t:|1758976273
|move|p2a: Beartic|Icicle Spear|p1a: Maushold
|-damage|p1a: Maushold|84/100
|-damage|p1a: Maushold|69/100
|-damage|p1a: Maushold|53/100
|-damage|p1a: Maushold|37/100
|-hitcount|p1a: Maushold|4
|move|p1a: Maushold|Thunder Wave|p2a: Beartic
|-status|p2a: Beartic|par
|
|-weather|RainDance|[upkeep]
|upkeep
|turn|5
|
|t:|1758976284
|move|p1a: Maushold|Bite|p2a: Beartic
|-damage|p2a: Beartic|75/100 par
|move|p2a: Beartic|Icicle Spear|p1a: Maushold
|-damage|p1a: Maushold|23/100
|-damage|p1a: Maushold|7/100
|-damage|p1a: Maushold|0 fnt
|faint|p1a: Maushold
|-hitcount|p1: Maushold|3
|
|-weather|RainDance|[upkeep]
|upkeep
|
|t:|1758976290
|switch|p1a: Kommo-o|Kommo-o, M|100/100
|turn|6
|j| cynasaurus
|j| chef chief
|
|t:|1758976305
|-terastallize|p1a: Kommo-o|Steel
|move|p1a: Kommo-o|Clangorous Soul|p1a: Kommo-o
|-boost|p1a: Kommo-o|atk|1
|-boost|p1a: Kommo-o|def|1
|-boost|p1a: Kommo-o|spa|1
|-boost|p1a: Kommo-o|spd|1
|-boost|p1a: Kommo-o|spe|1
|-damage|p1a: Kommo-o|68/100
|cant|p2a: Beartic|par
|
|-weather|RainDance|[upkeep]
|upkeep
|turn|7
|
|t:|1758976317
|switch|p2a: Hatterene|Hatterene, F|100/100
|move|p1a: Kommo-o|Substitute|p1a: Kommo-o
|-start|p1a: Kommo-o|Substitute
|-damage|p1a: Kommo-o|43/100
|
|-weather|RainDance|[upkeep]
|upkeep
|turn|8
|
|t:|1758976325
|move|p1a: Kommo-o|Clangorous Soul|p1a: Kommo-o
|-boost|p1a: Kommo-o|atk|1
|-boost|p1a: Kommo-o|def|1
|-boost|p1a: Kommo-o|spa|1
|-boost|p1a: Kommo-o|spd|1
|-boost|p1a: Kommo-o|spe|1
|-damage|p1a: Kommo-o|10/100
|-enditem|p1a: Kommo-o|Lansat Berry|[eat]
|-start|p1a: Kommo-o|move: Focus Energy
|move|p2a: Hatterene|Dazzling Gleam|p1a: Kommo-o
|-resisted|p1a: Kommo-o
|-activate|p1a: Kommo-o|move: Substitute|[damage]
|
|-weather|none
|upkeep
|turn|9
|j| amefurikoneko
|j| Ctannn
|
|t:|1758976345
|move|p1a: Kommo-o|Shadow Claw|p2a: Hatterene
|-supereffective|p2a: Hatterene
|-crit|p2a: Hatterene
|-damage|p2a: Hatterene|0 fnt
|faint|p2a: Hatterene
|
|upkeep
|j| cryyysneasel
|
|t:|1758976351
|switch|p2a: Pelipper|Pelipper, F|100/100 par
|-weather|RainDance|[from] ability: Drizzle|[of] p2a: Pelipper
|turn|10
|
|t:|1758976360
|move|p1a: Kommo-o|Drain Punch|p2a: Pelipper
|-resisted|p2a: Pelipper
|-damage|p2a: Pelipper|71/100 par
|-heal|p1a: Kommo-o|25/100|[from] drain|[of] p2a: Pelipper
|move|p2a: Pelipper|Hurricane|p1a: Kommo-o
|-resisted|p1a: Kommo-o
|-crit|p1a: Kommo-o
|-end|p1a: Kommo-o|Substitute
|
|-weather|RainDance|[upkeep]
|upkeep
|turn|11
|
|t:|1758976371
|move|p1a: Kommo-o|Drain Punch|p2a: Pelipper
|-resisted|p2a: Pelipper
|-crit|p2a: Pelipper
|-damage|p2a: Pelipper|25/100 par
|-heal|p1a: Kommo-o|50/100|[from] drain|[of] p2a: Pelipper
|move|p2a: Pelipper|U-turn|p1a: Kommo-o
|-resisted|p1a: Kommo-o
|-damage|p1a: Kommo-o|48/100
|
|t:|1758976379
|switch|p2a: Barraskewda|Barraskewda, F|100/100|[from] U-turn
|
|-weather|RainDance|[upkeep]
|upkeep
|turn|12
|
|t:|1758976385
|-terastallize|p2a: Barraskewda|Water
|move|p2a: Barraskewda|Flip Turn|p1a: Kommo-o
|-damage|p1a: Kommo-o|11/100
|
|t:|1758976390
|switch|p2a: Pelipper|Pelipper, F|25/100 par|[from] Flip Turn
|move|p1a: Kommo-o|Drain Punch|p2a: Pelipper
|-resisted|p2a: Pelipper
|-crit|p2a: Pelipper
|-damage|p2a: Pelipper|0 fnt
|-heal|p1a: Kommo-o|24/100|[from] drain|[of] p2a: Pelipper
|faint|p2a: Pelipper
|
|-weather|RainDance|[upkeep]
|upkeep
|
|t:|1758976401
|switch|p2a: Barraskewda|Barraskewda, F, tera:Water|100/100
|turn|13
|
|t:|1758976404
|move|p2a: Barraskewda|Liquidation|p1a: Kommo-o
|-damage|p1a: Kommo-o|0 fnt
|faint|p1a: Kommo-o
|
|-weather|RainDance|[upkeep]
|upkeep
|
|t:|1758976407
|switch|p1a: Gyarados|Gyarados, M, shiny|100/100
|turn|14
|
|t:|1758976412
|move|p2a: Barraskewda|Liquidation|p1a: Gyarados
|-resisted|p1a: Gyarados
|-damage|p1a: Gyarados|35/100
|move|p1a: Gyarados|Dragon Dance|p1a: Gyarados
|-boost|p1a: Gyarados|atk|1
|-boost|p1a: Gyarados|spe|1
|
|-weather|RainDance|[upkeep]
|-heal|p1a: Gyarados|41/100|[from] item: Leftovers
|upkeep
|turn|15
|
|t:|1758976421
|move|p2a: Barraskewda|Liquidation|p1a: Gyarados
|-resisted|p1a: Gyarados
|-damage|p1a: Gyarados|0 fnt
|faint|p1a: Gyarados
|
|-weather|RainDance|[upkeep]
|upkeep
|-message|jamel1 forfeited.
|
|win|DontMissMantine
|raw|jamel1's rating: 1837 &rarr; <strong>1818</strong><br />(-19 for losing)
|raw|DontMissMantine's rating: 1860 &rarr; <strong>1879</strong><br />(+19 for winning)
|l|☆jamel1
|player|p1|
|l| chef chief
|l|☆DontMissMantine
|player|p2|
|l| cynasaurus
|l| Ctannn
|l| cryyysneasel
|j| TheMysteriousBoy
|j| Ctannn
|l| amefurikoneko
|l| Ctannn
|l| TheMysteriousBoy
