|j|☆fusty333
|j|☆Wowbigsmall
|t:|1759026543
|gametype|singles
|player|p1|fusty333|burglar|1507
|player|p2|Wowbigsmall|2|1589
|gen|9
|tier|[Gen 9] OU
|rated|
|rule|HP Percentage Mod: HP is shown in percentages
|rule|Endless Battle Clause: Forcing endless battles is banned
|rule|Species Clause: Limit one of each Pokémon
|rule|OHKO Clause: OHKO moves are banned
|rule|Evasion Items Clause: Evasion items are banned
|rule|Evasion Moves Clause: Evasion moves are banned
|rule|Evasion Abilities Clause: Evasion abilities are banned
|rule|Sleep Moves Clause: Sleep-inducing moves are banned
|clearpoke
|poke|p1|Dragapult, F|
|poke|p1|Excadrill, F|
|poke|p1|Rotom-Heat|
|poke|p1|Corviknight, F|
|poke|p1|Araquanid, F|
|poke|p1|Zamazenta-*|
|poke|p2|Hoopa-Unbound|
|poke|p2|Enamorus, F|
|poke|p2|Garchomp, M|
|poke|p2|Pecharunt|
|poke|p2|Hatterene, F|
|poke|p2|Kingambit, F|
|teampreview
|
|t:|1759026562
|teamsize|p1|6
|teamsize|p2|6
|start
|switch|p1a: Rotom|Rotom-Heat|100/100
|switch|p2a: Hoopa|Hoopa-Unbound|100/100
|turn|1
|
|t:|1759026570
|move|p1a: Rotom|Volt Switch|p2a: Hoopa
|-damage|p2a: Hoopa|69/100
|
|t:|1759026572
|switch|p1a: Araquanid|Araquanid, F, shiny|100/100|[from] Volt Switch
|move|p2a: Hoopa|Hyperspace Fury|p1a: Araquanid
|-damage|p1a: Araquanid|3/100
|-unboost|p2a: Hoopa|def|1
|
|-heal|p1a: Araquanid|9/100|[from] item: Leftovers
|upkeep
|turn|2
|
|t:|1759026580
|switch|p2a: Garchomp|Garchomp, M|100/100
|switch|p1a: Excadrill|Excadrill, F|100/100
|-ability|p1a: Excadrill|Mold Breaker
|
|upkeep
|turn|3
|j| PanicAtTheCisco
|
|t:|1759026593
|switch|p1a: Dragapult|Dragapult, F|100/100
|move|p2a: Garchomp|Earthquake|p1a: Dragapult
|-damage|p1a: Dragapult|40/100
|
|upkeep
|turn|4
|
|t:|1759026604
|switch|p2a: Enamorus|Enamorus, F|100/100
|move|p1a: Dragapult|U-turn|p2a: Enamorus
|-resisted|p2a: Enamorus
|-damage|p2a: Enamorus|94/100
|
|t:|1759026614
|switch|p1a: Rotom|Rotom-Heat|100/100|[from] U-turn
|
|upkeep
|turn|5
|
|t:|1759026620
|switch|p2a: Hatterene|Hatterene, F|100/100
|move|p1a: Rotom|Overheat|p2a: Hatterene|[miss]
|-miss|p1a: Rotom|p2a: Hatterene
|
|upkeep
|turn|6
|
|t:|1759026627
|switch|p1a: Excadrill|Excadrill, F|100/100
|-ability|p1a: Excadrill|Mold Breaker
|move|p2a: Hatterene|Psyshock|p1a: Excadrill
|-resisted|p1a: Excadrill
|-damage|p1a: Excadrill|72/100
|
|upkeep
|turn|7
|
|t:|1759026636
|switch|p2a: Pecharunt|Pecharunt|100/100
|move|p1a: Excadrill|Iron Head|p2a: Pecharunt
|-damage|p2a: Pecharunt|77/100
|
|upkeep
|turn|8
|
|t:|1759026644
|move|p1a: Excadrill|Iron Head|p2a: Pecharunt
|-damage|p2a: Pecharunt|51/100
|move|p2a: Pecharunt|Parting Shot|p1a: Excadrill
|-unboost|p1a: Excadrill|atk|1
|-unboost|p1a: Excadrill|spa|1
|
|t:|1759026659
|switch|p2a: Garchomp|Garchomp, M|100/100|[from] Parting Shot
|
|upkeep
|turn|9
|
|t:|1759026662
|switch|p1a: Corviknight|Corviknight, F, shiny|100/100
|move|p2a: Garchomp|Dragon Tail|p1a: Corviknight
|-resisted|p1a: Corviknight
|-damage|p1a: Corviknight|93/100
|-damage|p2a: Garchomp|84/100|[from] item: Rocky Helmet|[of] p1a: Corviknight
|drag|p1a: Araquanid|Araquanid, F, shiny|9/100
|
|-heal|p1a: Araquanid|15/100|[from] item: Leftovers
|upkeep
|turn|10
|
|t:|1759026667
|switch|p1a: Rotom|Rotom-Heat|100/100
|move|p2a: Garchomp|Earthquake|p1a: Rotom
|-immune|p1a: Rotom|[from] ability: Levitate
|
|upkeep
|turn|11
|
|t:|1759026672
|switch|p2a: Hatterene|Hatterene, F|100/100
|move|p1a: Rotom|Trick|p2a: Hatterene
|-activate|p1a: Rotom|move: Trick|[of] p2a: Hatterene
|-item|p2a: Hatterene|Choice Scarf|[from] move: Trick
|-item|p1a: Rotom|Assault Vest|[from] move: Trick
|
|upkeep
|turn|12
|l| PanicAtTheCisco
|
|t:|1759026678
|move|p1a: Rotom|Volt Switch|p2a: Hatterene
|-damage|p2a: Hatterene|66/100
|
|t:|1759026683
|switch|p1a: Excadrill|Excadrill, F|72/100|[from] Volt Switch
|-ability|p1a: Excadrill|Mold Breaker
|move|p2a: Hatterene|Mystical Fire|p1a: Excadrill
|-supereffective|p1a: Excadrill
|-damage|p1a: Excadrill|6/100
|-unboost|p1a: Excadrill|spa|1
|
|upkeep
|turn|13
|
|t:|1759026698
|switch|p1a: Dragapult|Dragapult, F|40/100
|switch|p2a: Garchomp|Garchomp, M|84/100
|
|upkeep
|turn|14
|
|t:|1759026705
|switch|p2a: Enamorus|Enamorus, F|94/100
|move|p1a: Dragapult|Draco Meteor|p2a: Enamorus
|-immune|p2a: Enamorus
|
|upkeep
|turn|15
|
|t:|1759026716
|switch|p1a: Rotom|Rotom-Heat|100/100
|move|p2a: Enamorus|Moonblast|p1a: Rotom
|-resisted|p1a: Rotom
|-damage|p1a: Rotom|78/100
|
|upkeep
|turn|16
|
|t:|1759026722
|switch|p2a: Garchomp|Garchomp, M|84/100
|move|p1a: Rotom|Overheat|p2a: Garchomp
|-resisted|p2a: Garchomp
|-damage|p2a: Garchomp|55/100
|-unboost|p1a: Rotom|spa|2
|
|upkeep
|turn|17
|
|t:|1759026731
|switch|p1a: Corviknight|Corviknight, F, shiny|93/100
|move|p2a: Garchomp|Stealth Rock|p1a: Corviknight
|-sidestart|p1: fusty333|move: Stealth Rock
|
|upkeep
|turn|18
|
|t:|1759026741
|switch|p2a: Hatterene|Hatterene, F|66/100
|move|p1a: Corviknight|Defog|p2a: Hatterene
|move|p2a: Hatterene|Defog|p1a: Corviknight|[from] ability: Magic Bounce
|-ability|p1a: Corviknight|Mirror Armor
|-unboost|p2a: Hatterene|evasion|1
|-sideend|p1: fusty333|Stealth Rock|[from] move: Defog|[of] p2a: Hatterene
|
|upkeep
|turn|19
|
|t:|1759026750
|move|p2a: Hatterene|Draining Kiss|p1a: Corviknight
|-resisted|p1a: Corviknight
|-damage|p1a: Corviknight|79/100
|-heal|p2a: Hatterene|78/100|[from] drain|[of] p1a: Corviknight
|-damage|p2a: Hatterene|62/100|[from] item: Rocky Helmet|[of] p1a: Corviknight
|move|p1a: Corviknight|U-turn|p2a: Hatterene
|-damage|p2a: Hatterene|48/100
|
|t:|1759026753
|switch|p1a: Dragapult|Dragapult, F|40/100|[from] U-turn
|
|upkeep
|turn|20
|
|t:|1759026757
|switch|p2a: Enamorus|Enamorus, F|94/100
|move|p1a: Dragapult|Shadow Ball|p2a: Enamorus
|-damage|p2a: Enamorus|17/100
|
|upkeep
|turn|21
|
|t:|1759026765
|switch|p1a: Araquanid|Araquanid, F, shiny|15/100
|move|p2a: Enamorus|Moonblast|p1a: Araquanid
|-damage|p1a: Araquanid|0 fnt
|faint|p1a: Araquanid
|
|upkeep
|
|t:|1759026769
|switch|p1a: Rotom|Rotom-Heat|78/100
|turn|22
|
|t:|1759026776
|switch|p2a: Garchomp|Garchomp, M|55/100
|move|p1a: Rotom|Discharge|p2a: Garchomp
|-immune|p2a: Garchomp
|
|upkeep
|turn|23
|
|t:|1759026796
|switch|p1a: Corviknight|Corviknight, F, shiny|79/100
|switch|p2a: Hatterene|Hatterene, F|48/100
|
|upkeep
|turn|24
|
|t:|1759026826
|switch|p1a: Rotom|Rotom-Heat|78/100
|move|p2a: Hatterene|Mystical Fire|p1a: Rotom
|-resisted|p1a: Rotom
|-damage|p1a: Rotom|66/100
|-unboost|p1a: Rotom|spa|1
|
|upkeep
|turn|25
|
|t:|1759026831
|move|p1a: Rotom|Volt Switch|p2a: Hatterene
|-damage|p2a: Hatterene|22/100
|
|t:|1759026838
|switch|p1a: Dragapult|Dragapult, F|40/100|[from] Volt Switch
|move|p2a: Hatterene|Mystical Fire|p1a: Dragapult
|-resisted|p1a: Dragapult
|-damage|p1a: Dragapult|21/100
|-unboost|p1a: Dragapult|spa|1
|
|upkeep
|turn|26
|
|t:|1759026860
|switch|p2a: Garchomp|Garchomp, M|55/100
|move|p1a: Dragapult|Shadow Ball|p2a: Garchomp
|-damage|p2a: Garchomp|17/100
|
|upkeep
|turn|27
|
|t:|1759026867
|move|p1a: Dragapult|Shadow Ball|p2a: Garchomp
|-damage|p2a: Garchomp|0 fnt
|faint|p2a: Garchomp
|
|upkeep
|
|t:|1759026870
|switch|p2a: Enamorus|Enamorus, F|17/100
|turn|28
|
|t:|1759026883
|move|p2a: Enamorus|Moonblast|p1a: Dragapult
|-supereffective|p1a: Dragapult
|-damage|p1a: Dragapult|0 fnt
|faint|p1a: Dragapult
|
|upkeep
|
|t:|1759026887
|switch|p1a: Rotom|Rotom-Heat|66/100
|turn|29
|
|t:|1759026890
|switch|p2a: Hatterene|Hatterene, F|22/100
|move|p1a: Rotom|Discharge|p2a: Hatterene
|-damage|p2a: Hatterene|0 fnt
|faint|p2a: Hatterene
|
|upkeep
|
|t:|1759026897
|switch|p2a: Hoopa|Hoopa-Unbound|69/100
|turn|30
|
|t:|1759026908
|switch|p1a: Corviknight|Corviknight, F, shiny|79/100
|move|p2a: Hoopa|Hyperspace Fury|p1a: Corviknight
|-damage|p1a: Corviknight|19/100
|-unboost|p2a: Hoopa|def|1
|
|upkeep
|turn|31
|
|t:|1759026914
|move|p2a: Hoopa|Hyperspace Fury|p1a: Corviknight
|-damage|p1a: Corviknight|0 fnt
|-unboost|p2a: Hoopa|def|1
|faint|p1a: Corviknight
|
|upkeep
|
|t:|1759026917
|switch|p1a: Excadrill|Excadrill, F|6/100
|-ability|p1a: Excadrill|Mold Breaker
|turn|32
|
|t:|1759026927
|switch|p2a: Kingambit|Kingambit, F|100/100
|-activate|p2a: Kingambit|ability: Supreme Overlord
|-start|p2a: Kingambit|fallen2|[silent]
|move|p1a: Excadrill|Iron Head|p2a: Kingambit
|-resisted|p2a: Kingambit
|-damage|p2a: Kingambit|81/100
|
|upkeep
|turn|33
|
|t:|1759026941
|switch|p1a: Rotom|Rotom-Heat|66/100
|-end|p2a: Kingambit|fallen2|[silent]
|switch|p2a: Enamorus|Enamorus, F|17/100
|
|upkeep
|turn|34
|
|t:|1759026962
|move|p2a: Enamorus|Healing Wish|p2a: Enamorus
|faint|p2a: Enamorus
|move|p1a: Rotom|Discharge|p2: Enamorus|[notarget]
|-fail|p1a: Rotom
|
|upkeep
|
|t:|1759026964
|switch|p2a: Hoopa|Hoopa-Unbound|69/100
|-heal|p2a: Hoopa|100/100|[from] move: Healing Wish
|turn|35
|
|t:|1759026987
|move|p1a: Rotom|Discharge|p2a: Hoopa
|-damage|p2a: Hoopa|64/100
|move|p2a: Hoopa|Zen Headbutt|p1a: Rotom
|-damage|p1a: Rotom|0 fnt
|faint|p1a: Rotom
|
|upkeep
|
|t:|1759026990
|switch|p1a: Excadrill|Excadrill, F|6/100
|-ability|p1a: Excadrill|Mold Breaker
|turn|36
|
|t:|1759027003
|move|p1a: Excadrill|Earthquake|p2a: Hoopa
|-damage|p2a: Hoopa|0 fnt
|faint|p2a: Hoopa
|
|upkeep
|
|t:|1759027007
|switch|p2a: Kingambit|Kingambit, F|81/100
|-activate|p2a: Kingambit|ability: Supreme Overlord
|-start|p2a: Kingambit|fallen4|[silent]
|turn|37
|inactive|Battle timer is ON: inactive players will automatically lose when time's up. (requested by Wowbigsmall)
|
|t:|1759027063
|move|p2a: Kingambit|Sucker Punch|p1a: Excadrill
|-damage|p1a: Excadrill|0 fnt
|faint|p1a: Excadrill
|
|upkeep
|
|t:|1759027064
|switch|p1a: Zamazenta|Zamazenta|100/100
|-ability|p1a: Zamazenta|Dauntless Shield|boost
|-boost|p1a: Zamazenta|def|1
|turn|38
|
|t:|1759027069
|-end|p2a: Kingambit|fallen4|[silent]
|switch|p2a: Pecharunt|Pecharunt|51/100
|move|p1a: Zamazenta|Iron Defense|p1a: Zamazenta
|-boost|p1a: Zamazenta|def|2
|
|upkeep
|turn|39
|
|t:|1759027080
|move|p1a: Zamazenta|Crunch|p2a: Pecharunt
|-supereffective|p2a: Pecharunt
|-crit|p2a: Pecharunt
|-damage|p2a: Pecharunt|12/100
|move|p2a: Pecharunt|Recover|p2a: Pecharunt
|-heal|p2a: Pecharunt|63/100
|
|upkeep
|turn|40
|
|t:|1759027087
|move|p1a: Zamazenta|Crunch|p2a: Pecharunt
|-supereffective|p2a: Pecharunt
|-damage|p2a: Pecharunt|36/100
|move|p2a: Pecharunt|Parting Shot|p1a: Zamazenta
|-unboost|p1a: Zamazenta|atk|1
|-unboost|p1a: Zamazenta|spa|1
|
|t:|1759027090
|switch|p2a: Kingambit|Kingambit, F|81/100|[from] Parting Shot
|-activate|p2a: Kingambit|ability: Supreme Overlord
|-start|p2a: Kingambit|fallen4|[silent]
|
|upkeep
|turn|41
|
|t:|1759027102
|-terastallize|p2a: Kingambit|Ghost
|move|p1a: Zamazenta|Substitute|p1a: Zamazenta
|-start|p1a: Zamazenta|Substitute
|-damage|p1a: Zamazenta|75/100
|move|p2a: Kingambit|Iron Head|p1a: Zamazenta
|-activate|p1a: Zamazenta|move: Substitute|[damage]
|
|-heal|p1a: Zamazenta|82/100|[from] item: Leftovers
|upkeep
|turn|42
|
|t:|1759027107
|move|p1a: Zamazenta|Crunch|p2a: Kingambit
|-supereffective|p2a: Kingambit
|-damage|p2a: Kingambit|55/100
|move|p2a: Kingambit|Iron Head|p1a: Zamazenta
|-end|p1a: Zamazenta|Substitute
|
|-heal|p1a: Zamazenta|88/100|[from] item: Leftovers
|upkeep
|turn|43
|
|t:|1759027112
|move|p1a: Zamazenta|Iron Defense|p1a: Zamazenta
|-boost|p1a: Zamazenta|def|2
|move|p2a: Kingambit|Swords Dance|p2a: Kingambit
|-boost|p2a: Kingambit|atk|2
|
|-heal|p1a: Zamazenta|94/100|[from] item: Leftovers
|upkeep
|turn|44
|
|t:|1759027114
|move|p1a: Zamazenta|Crunch|p2a: Kingambit
|-supereffective|p2a: Kingambit
|-damage|p2a: Kingambit|32/100
|move|p2a: Kingambit|Iron Head|p1a: Zamazenta
|-damage|p1a: Zamazenta|66/100
|
|-heal|p1a: Zamazenta|72/100|[from] item: Leftovers
|upkeep
|turn|45
|
|t:|1759027121
|move|p1a: Zamazenta|Crunch|p2a: Kingambit
|-supereffective|p2a: Kingambit
|-damage|p2a: Kingambit|9/100
|move|p2a: Kingambit|Iron Head|p1a: Zamazenta
|-damage|p1a: Zamazenta|43/100
|
|-heal|p1a: Zamazenta|49/100|[from] item: Leftovers
|upkeep
|turn|46
|
|t:|1759027125
|move|p1a: Zamazenta|Crunch|p2a: Kingambit
|-supereffective|p2a: Kingambit
|-damage|p2a: Kingambit|0 fnt
|faint|p2a: Kingambit
|-end|p2a: Kingambit|fallen4|[silent]
|
|-heal|p1a: Zamazenta|55/100|[from] item: Leftovers
|upkeep
|
|t:|1759027127
|switch|p2a: Pecharunt|Pecharunt|36/100
|turn|47
|
|t:|1759027133
|move|p1a: Zamazenta|Crunch|p2a: Pecharunt
|-supereffective|p2a: Pecharunt
|-damage|p2a: Pecharunt|20/100
|move|p2a: Pecharunt|Recover|p2a: Pecharunt
|-heal|p2a: Pecharunt|70/100
|
|-heal|p1a: Zamazenta|61/100|[from] item: Leftovers
|upkeep
|turn|48
|
|t:|1759027135
|move|p1a: Zamazenta|Substitute|p1a: Zamazenta
|-start|p1a: Zamazenta|Substitute
|-damage|p1a: Zamazenta|36/100
|move|p2a: Pecharunt|Malignant Chain|p1a: Zamazenta
|-activate|p1a: Zamazenta|move: Substitute|[damage]
|
|-heal|p1a: Zamazenta|42/100|[from] item: Leftovers
|upkeep
|turn|49
|
|t:|1759027139
|move|p1a: Zamazenta|Crunch|p2a: Pecharunt
|-supereffective|p2a: Pecharunt
|-damage|p2a: Pecharunt|52/100
|move|p2a: Pecharunt|Malignant Chain|p1a: Zamazenta
|-end|p1a: Zamazenta|Substitute
|
|-heal|p1a: Zamazenta|48/100|[from] item: Leftovers
|upkeep
|turn|50
|
|t:|1759027142
|move|p1a: Zamazenta|Crunch|p2a: Pecharunt
|-supereffective|p2a: Pecharunt
|-damage|p2a: Pecharunt|36/100
|move|p2a: Pecharunt|Malignant Chain|p1a: Zamazenta
|-damage|p1a: Zamazenta|25/100
|
|-heal|p1a: Zamazenta|31/100|[from] item: Leftovers
|upkeep
|turn|51
|
|t:|1759027145
|move|p1a: Zamazenta|Crunch|p2a: Pecharunt
|-supereffective|p2a: Pecharunt
|-crit|p2a: Pecharunt
|-damage|p2a: Pecharunt|0 fnt
|faint|p2a: Pecharunt
|
|win|fusty333
|raw|fusty333's rating: 1507 &rarr; <strong>1532</strong><br />(+25 for winning)
|raw|Wowbigsmall's rating: 1589 &rarr; <strong>1564</strong><br />(-25 for losing)
|l|☆Wowbigsmall
|player|p2|
|c|☆fusty333|hehe
|l|☆fusty333
|player|p1|
