|j|☆bpyyds
|j|☆alpoudin
|t:|1758984594
|gametype|singles
|player|p1|bpyyds|lass-gen4dp|1285
|player|p2|alpoudin|1|1278
|gen|9
|tier|[Gen 9] OU
|rated|
|rule|HP Percentage Mod: HP is shown in percentages
|rule|Endless Battle Clause: Forcing endless battles is banned
|rule|Species Clause: Limit one of each Pokémon
|rule|OHKO Clause: OHKO moves are banned
|rule|Evasion Items Clause: Evasion items are banned
|rule|Evasion Moves Clause: Evasion moves are banned
|rule|Evasion Abilities Clause: Evasion abilities are banned
|rule|Sleep Moves Clause: Sleep-inducing moves are banned
|clearpoke
|poke|p1|Iron Moth|
|poke|p1|Iron Treads|
|poke|p1|Zamazenta-*|
|poke|p1|Iron Boulder|
|poke|p1|Ditto|
|poke|p1|Weavile, M|
|poke|p2|Lokix, M|
|poke|p2|Cinderace, F|
|poke|p2|Great Tusk|
|poke|p2|Alomomola, M|
|poke|p2|Enamorus, F|
|poke|p2|Slowking-Galar, F|
|teampreview
|inactive|Battle timer is ON: inactive players will automatically lose when time's up. (requested by bpyyds)
|
|t:|1758984618
|teamsize|p1|6
|teamsize|p2|6
|start
|switch|p1a: Zamazenta|Zamazenta|100/100
|switch|p2a: Lokix|Lokix, M|100/100
|-ability|p1a: Zamazenta|Dauntless Shield|boost
|-boost|p1a: Zamazenta|def|1
|turn|1
|
|t:|1758984631
|switch|p2a: Slowking|Slowking-Galar, F|100/100
|move|p1a: Zamazenta|Reflect|p1a: Zamazenta
|-sidestart|p1: bpyyds|Reflect
|
|upkeep
|turn|2
|inactive|alpoudin has 120 seconds left.
|
|t:|1758984663
|move|p1a: Zamazenta|Light Screen|p1a: Zamazenta
|-sidestart|p1: bpyyds|move: Light Screen
|move|p2a: Slowking|Future Sight|p1a: Zamazenta
|-start|p2a: Slowking|move: Future Sight
|
|upkeep
|turn|3
|
|t:|1758984671
|move|p1a: Zamazenta|Steel Beam|p2a: Slowking
|-damage|p2a: Slowking|72/100
|-damage|p1a: Zamazenta|50/100|[from] steelbeam
|move|p2a: Slowking|Ice Beam|p1a: Zamazenta
|-damage|p1a: Zamazenta|40/100
|
|upkeep
|turn|4
|
|t:|1758984680
|move|p1a: Zamazenta|Steel Beam|p2a: Slowking
|-damage|p2a: Slowking|46/100
|-damage|p1a: Zamazenta|0 fnt|[from] steelbeam
|faint|p1a: Zamazenta
|-prepare|p2a: Slowking|Chilly Reception|[premajor]
|move|p2a: Slowking|Chilly Reception|p2a: Slowking
|-weather|Snowscape
|
|t:|1758984693
|switch|p2a: Great Tusk|Great Tusk|100/100|[from] Chilly Reception
|
|-weather|Snowscape|[upkeep]
|-hint|Future Sight did not hit because the target is fainted.
|upkeep
|
|t:|1758984696
|switch|p1a: Iron Moth|Iron Moth|100/100
|-enditem|p1a: Iron Moth|Booster Energy
|-activate|p1a: Iron Moth|ability: Quark Drive|[fromitem]
|-start|p1a: Iron Moth|quarkdrivespe
|turn|5
|
|t:|1758984702
|-end|p2a: Great Tusk|Protosynthesis|[silent]
|switch|p2a: Alomomola|Alomomola, M|100/100
|-terastallize|p1a: Iron Moth|Grass
|move|p1a: Iron Moth|Fiery Dance|p2a: Alomomola
|-resisted|p2a: Alomomola
|-damage|p2a: Alomomola|91/100
|-boost|p1a: Iron Moth|spa|1
|
|-weather|Snowscape|[upkeep]
|upkeep
|turn|6
|
|t:|1758984713
|move|p1a: Iron Moth|Energy Ball|p2a: Alomomola
|-supereffective|p2a: Alomomola
|-damage|p2a: Alomomola|22/100
|move|p2a: Alomomola|Mirror Coat|p1a: Iron Moth
|-damage|p1a: Iron Moth|0 fnt
|faint|p1a: Iron Moth
|-end|p1a: Iron Moth|Quark Drive|[silent]
|
|-weather|Snowscape|[upkeep]
|upkeep
|
|t:|1758984718
|switch|p1a: Iron Boulder|Iron Boulder|100/100
|-enditem|p1a: Iron Boulder|Booster Energy
|-activate|p1a: Iron Boulder|ability: Quark Drive|[fromitem]
|-start|p1a: Iron Boulder|quarkdrivespe
|turn|7
|
|t:|1758984731
|switch|p2a: Cinderace|Cinderace, F|100/100
|move|p1a: Iron Boulder|Swords Dance|p1a: Iron Boulder
|-boost|p1a: Iron Boulder|atk|2
|
|-weather|Snowscape|[upkeep]
|upkeep
|turn|8
|inactive|bpyyds has 120 seconds left.
|
|t:|1758984761
|move|p1a: Iron Boulder|Mighty Cleave|p2a: Cinderace
|-supereffective|p2a: Cinderace
|-damage|p2a: Cinderace|0 fnt
|faint|p2a: Cinderace
|
|-weather|none
|-sideend|p1: bpyyds|Reflect
|upkeep
|
|t:|1758984786
|switch|p2a: Great Tusk|Great Tusk|100/100
|turn|9
|inactive|bpyyds has 120 seconds left.
|
|t:|1758984806
|move|p1a: Iron Boulder|Zen Headbutt|p2a: Great Tusk
|-supereffective|p2a: Great Tusk
|-damage|p2a: Great Tusk|18/100
|cant|p2a: Great Tusk|flinch
|
|-heal|p2a: Great Tusk|25/100|[from] item: Leftovers
|-sideend|p1: bpyyds|move: Light Screen
|upkeep
|turn|10
|
|t:|1758984821
|move|p1a: Iron Boulder|Earthquake|p2a: Great Tusk
|-damage|p2a: Great Tusk|0 fnt
|faint|p2a: Great Tusk
|-end|p2a: Great Tusk|Protosynthesis|[silent]
|
|upkeep
|
|t:|1758984829
|switch|p2a: Slowking|Slowking-Galar, F|79/100
|turn|11
|
|t:|1758984841
|move|p1a: Iron Boulder|Earthquake|p2a: Slowking
|-supereffective|p2a: Slowking
|-enditem|p2a: Slowking|Shuca Berry|[eat]
|-enditem|p2a: Slowking|Shuca Berry|[weaken]
|-damage|p2a: Slowking|33/100
|move|p2a: Slowking|Sludge Bomb|p1a: Iron Boulder
|-resisted|p1a: Iron Boulder
|-damage|p1a: Iron Boulder|83/100
|
|upkeep
|turn|12
|
|t:|1758984851
|move|p1a: Iron Boulder|Mighty Cleave|p2a: Slowking
|-crit|p2a: Slowking
|-damage|p2a: Slowking|0 fnt
|faint|p2a: Slowking
|
|upkeep
|
|t:|1758984854
|switch|p2a: Lokix|Lokix, M|100/100
|turn|13
|
|t:|1758984883
|-terastallize|p2a: Lokix|Bug
|move|p2a: Lokix|First Impression|p1a: Iron Boulder
|-supereffective|p1a: Iron Boulder
|-damage|p1a: Iron Boulder|0 fnt
|faint|p1a: Iron Boulder
|-end|p1a: Iron Boulder|Quark Drive|[silent]
|
|upkeep
|
|t:|1758984887
|switch|p1a: Iron Treads|Iron Treads|100/100
|turn|14
|
|t:|1758984894
|switch|p2a: Alomomola|Alomomola, M|55/100
|move|p1a: Iron Treads|Volt Switch|p2a: Alomomola
|-supereffective|p2a: Alomomola
|-damage|p2a: Alomomola|45/100
|
|t:|1758984910
|-end|p1a: Iron Treads|Quark Drive|[silent]
|switch|p1a: Weavile|Weavile, M|100/100|[from] Volt Switch
|
|upkeep
|turn|15
|
|t:|1758984916
|move|p1a: Weavile|Swords Dance|p1a: Weavile
|-boost|p1a: Weavile|atk|2
|move|p2a: Alomomola|Flip Turn|p1a: Weavile
|-damage|p1a: Weavile|72/100
|
|t:|1758984926
|switch|p2a: Lokix|Lokix, M, tera:Bug|100/100|[from] Flip Turn
|
|upkeep
|turn|16
|
|t:|1758984934
|switch|p1a: Iron Treads|Iron Treads|100/100
|move|p2a: Lokix|First Impression|p1a: Iron Treads
|-resisted|p1a: Iron Treads
|-damage|p1a: Iron Treads|28/100
|
|upkeep
|turn|17
|
|t:|1758984948
|switch|p2a: Alomomola|Alomomola, M|78/100
|move|p1a: Iron Treads|Volt Switch|p2a: Alomomola
|-supereffective|p2a: Alomomola
|-damage|p2a: Alomomola|67/100
|
|t:|1758984955
|-end|p1a: Iron Treads|Quark Drive|[silent]
|switch|p1a: Weavile|Weavile, M|72/100|[from] Volt Switch
|
|upkeep
|turn|18
|
|t:|1758984961
|move|p1a: Weavile|Knock Off|p2a: Alomomola
|-damage|p2a: Alomomola|18/100
|-enditem|p2a: Alomomola|Assault Vest|[from] move: Knock Off|[of] p1a: Weavile
|-damage|p1a: Weavile|62/100|[from] item: Life Orb
|move|p2a: Alomomola|Flip Turn|p1a: Weavile
|-damage|p1a: Weavile|33/100
|
|t:|1758984967
|switch|p2a: Lokix|Lokix, M, tera:Bug|100/100|[from] Flip Turn
|
|upkeep
|turn|19
|
|t:|1758984971
|switch|p1a: Iron Treads|Iron Treads|28/100
|move|p2a: Lokix|First Impression|p1a: Iron Treads
|-resisted|p1a: Iron Treads
|-damage|p1a: Iron Treads|0 fnt
|faint|p1a: Iron Treads
|-end|p1a: Iron Treads|Quark Drive|[silent]
|
|upkeep
|
|t:|1758984973
|switch|p1a: Ditto|Ditto|100/100
|-transform|p1a: Ditto|p2a: Lokix|[from] ability: Imposter
|turn|20
|
|t:|1758984991
|switch|p2a: Alomomola|Alomomola, M|52/100
|move|p1a: Ditto|First Impression|p2a: Alomomola
|-damage|p2a: Alomomola|18/100
|
|upkeep
|turn|21
|
|t:|1758984997
|switch|p1a: Weavile|Weavile, M|33/100
|move|p2a: Alomomola|Aqua Jet|p1a: Weavile
|-damage|p1a: Weavile|14/100
|
|upkeep
|turn|22
|
|t:|1758985003
|move|p2a: Alomomola|Aqua Jet|p1a: Weavile
|-damage|p1a: Weavile|0 fnt
|faint|p1a: Weavile
|
|upkeep
|-message|bpyyds forfeited.
|
|win|alpoudin
|raw|bpyyds's rating: 1341 &rarr; <strong>1317</strong><br />(-24 for losing)
|raw|alpoudin's rating: 1278 &rarr; <strong>1307</strong><br />(+29 for winning)
|l|☆bpyyds
|player|p1|
