|j|☆QWASXC
|j|☆AlphaLL
|t:|1759043208
|gametype|singles
|player|p1|QWASXC|102|1234
|player|p2|AlphaLL|lucas|1257
|gen|9
|tier|[Gen 9] OU
|rated|
|rule|HP Percentage Mod: HP is shown in percentages
|rule|Endless Battle Clause: Forcing endless battles is banned
|rule|Species Clause: Limit one of each Pokémon
|rule|OHKO Clause: OHKO moves are banned
|rule|Evasion Items Clause: Evasion items are banned
|rule|Evasion Moves Clause: Evasion moves are banned
|rule|Evasion Abilities Clause: Evasion abilities are banned
|rule|Sleep Moves Clause: Sleep-inducing moves are banned
|clearpoke
|poke|p1|Clawitzer, M|
|poke|p1|Electivire, M|
|poke|p1|Porygon-Z|
|poke|p1|Vespiquen, F|
|poke|p1|Thundurus-Therian, M|
|poke|p1|Krookodile, M|
|poke|p2|Corviknight, M|
|poke|p2|Dragapult, M|
|poke|p2|Iron Valiant|
|poke|p2|Ogerpon-Wellspring, F|
|poke|p2|Pecharunt|
|poke|p2|Ting-Lu|
|teampreview
|inactive|Battle timer is ON: inactive players will automatically lose when time's up. (requested by AlphaLL)
|c|☆QWASXC|i made funny team hehe
|
|t:|1759043224
|teamsize|p1|6
|teamsize|p2|6
|start
|switch|p1a: Porygon-Z|Porygon-Z|100/100
|switch|p2a: Lanza Fetos|Dragapult, M|100/100
|turn|1
|
|t:|1759043236
|switch|p2a: Lou|Ting-Lu|100/100
|-ability|p2a: Lou|Vessel of Ruin
|move|p1a: Porygon-Z|Trick|p2a: Lou
|-activate|p1a: Porygon-Z|move: Trick|[of] p2a: Lou
|-item|p2a: Lou|Choice Scarf|[from] move: Trick
|-item|p1a: Porygon-Z|Leftovers|[from] move: Trick
|
|upkeep
|turn|2
|
|t:|1759043246
|move|p1a: Porygon-Z|Nasty Plot|p1a: Porygon-Z
|-boost|p1a: Porygon-Z|spa|2
|move|p2a: Lou|Stealth Rock|p1a: Porygon-Z
|-sidestart|p1: QWASXC|move: Stealth Rock
|
|upkeep
|turn|3
|inactive|AlphaLL has 120 seconds left.
|
|t:|1759043280
|switch|p2a: Poe|Corviknight, M, shiny|100/100
|-ability|p2a: Poe|Pressure
|move|p1a: Porygon-Z|Tri Attack|p2a: Poe
|-resisted|p2a: Poe
|-crit|p2a: Poe
|-damage|p2a: Poe|22/100
|
|upkeep
|turn|4
|
|t:|1759043291
|move|p1a: Porygon-Z|Tri Attack|p2a: Poe
|-resisted|p2a: Poe
|-damage|p2a: Poe|0 fnt
|faint|p2a: Poe
|
|upkeep
|inactive|AlphaLL has 120 seconds left.
|
|t:|1759043308
|switch|p2a: Lou|Ting-Lu|100/100
|-ability|p2a: Lou|Vessel of Ruin
|turn|5
|inactive|AlphaLL has 120 seconds left.
|
|t:|1759043313
|move|p1a: Porygon-Z|Tri Attack|p2a: Lou
|-damage|p2a: Lou|54/100
|move|p2a: Lou|Earthquake|p1a: Porygon-Z
|-damage|p1a: Porygon-Z|45/100
|
|-heal|p1a: Porygon-Z|51/100|[from] item: Leftovers
|upkeep
|turn|6
|
|t:|1759043321
|move|p1a: Porygon-Z|Tri Attack|p2a: Lou
|-damage|p2a: Lou|5/100
|move|p2a: Lou|Earthquake|p1a: Porygon-Z
|-damage|p1a: Porygon-Z|0 fnt
|faint|p1a: Porygon-Z
|
|upkeep
|
|t:|1759043334
|switch|p1a: Krookodile|Krookodile, M|100/100
|-damage|p1a: Krookodile|94/100|[from] Stealth Rock
|turn|7
|
|t:|1759043350
|switch|p2a: Limosnera|Ogerpon-Wellspring, F|100/100
|move|p1a: Krookodile|Knock Off|p2a: Limosnera
|-damage|p2a: Limosnera|48/100
|-damage|p1a: Krookodile|85/100|[from] item: Life Orb
|
|upkeep
|turn|8
|
|t:|1759043360
|-terastallize|p1a: Krookodile|Poison
|move|p2a: Limosnera|Ivy Cudgel|p1a: Krookodile|[anim] Ivy Cudgel Water
|-damage|p1a: Krookodile|12/100
|move|p1a: Krookodile|Gunk Shot|p2a: Limosnera
|-supereffective|p2a: Limosnera
|-damage|p2a: Limosnera|0 fnt
|faint|p2a: Limosnera
|-ability|p1a: Krookodile|Moxie|boost
|-boost|p1a: Krookodile|atk|1
|-damage|p1a: Krookodile|2/100|[from] item: Life Orb
|
|upkeep
|inactive|AlphaLL has 120 seconds left.
|
|t:|1759043385
|switch|p2a: Lanza Fetos|Dragapult, M|100/100
|turn|9
|
|t:|1759043391
|move|p2a: Lanza Fetos|Hex|p1a: Krookodile
|-damage|p1a: Krookodile|0 fnt
|faint|p1a: Krookodile
|
|upkeep
|
|t:|1759043408
|switch|p1a: Clawitzer|Clawitzer, M, shiny|100/100
|-damage|p1a: Clawitzer|88/100|[from] Stealth Rock
|turn|10
|
|t:|1759043414
|move|p2a: Lanza Fetos|U-turn|p1a: Clawitzer
|-damage|p1a: Clawitzer|70/100
|
|t:|1759043417
|switch|p2a: Lou|Ting-Lu|5/100|[from] U-turn
|-ability|p2a: Lou|Vessel of Ruin
|move|p1a: Clawitzer|Dragon Pulse|p2a: Lou
|-damage|p2a: Lou|0 fnt
|faint|p2a: Lou
|
|upkeep
|
|t:|1759043430
|switch|p2a: Trapo de Hierro|Iron Valiant|100/100
|-enditem|p2a: Trapo de Hierro|Booster Energy
|-activate|p2a: Trapo de Hierro|ability: Quark Drive|[fromitem]
|-start|p2a: Trapo de Hierro|quarkdrivespe
|turn|11
|
|t:|1759043439
|move|p2a: Trapo de Hierro|Encore|p1a: Clawitzer
|-start|p1a: Clawitzer|Encore
|move|p1a: Clawitzer|Dragon Pulse|p2a: Trapo de Hierro
|-immune|p2a: Trapo de Hierro
|
|upkeep
|turn|12
|
|t:|1759043448
|switch|p1a: Electivire|Electivire, M, shiny|100/100
|-damage|p1a: Electivire|88/100|[from] Stealth Rock
|move|p2a: Trapo de Hierro|Swords Dance|p2a: Trapo de Hierro
|-boost|p2a: Trapo de Hierro|atk|2
|
|upkeep
|turn|13
|
|t:|1759043460
|move|p2a: Trapo de Hierro|Close Combat|p1a: Electivire
|-damage|p1a: Electivire|0 fnt
|-unboost|p2a: Trapo de Hierro|def|1
|-unboost|p2a: Trapo de Hierro|spd|1
|faint|p1a: Electivire
|
|upkeep
|
|t:|1759043469
|switch|p1a: Thundurus|Thundurus-Therian, M|100/100
|-damage|p1a: Thundurus|76/100|[from] Stealth Rock
|turn|14
|
|t:|1759043478
|move|p2a: Trapo de Hierro|Knock Off|p1a: Thundurus
|-damage|p1a: Thundurus|0 fnt
|-enditem|p1a: Thundurus|Blunder Policy|[from] move: Knock Off|[of] p2a: Trapo de Hierro
|faint|p1a: Thundurus
|
|upkeep
|
|t:|1759043484
|switch|p1a: Clawitzer|Clawitzer, M, shiny|70/100
|-damage|p1a: Clawitzer|57/100|[from] Stealth Rock
|turn|15
|
|t:|1759043491
|move|p2a: Trapo de Hierro|Knock Off|p1a: Clawitzer
|-damage|p1a: Clawitzer|0 fnt
|-enditem|p1a: Clawitzer|Assault Vest|[from] move: Knock Off|[of] p2a: Trapo de Hierro
|faint|p1a: Clawitzer
|
|upkeep
|
|t:|1759043496
|switch|p1a: Vespiquen|Vespiquen, F|100/100
|-ability|p1a: Vespiquen|Unnerve
|-damage|p1a: Vespiquen|51/100|[from] Stealth Rock
|turn|16
|
|t:|1759043510
|move|p2a: Trapo de Hierro|Knock Off|p1a: Vespiquen
|-damage|p1a: Vespiquen|0 fnt
|-enditem|p1a: Vespiquen|Leftovers|[from] move: Knock Off|[of] p2a: Trapo de Hierro
|faint|p1a: Vespiquen
|
|win|AlphaLL
|raw|QWASXC's rating: 1234 &rarr; <strong>1211</strong><br />(-23 for losing)
|raw|AlphaLL's rating: 1257 &rarr; <strong>1280</strong><br />(+23 for winning)
|l|☆QWASXC
|player|p1|
|l|☆AlphaLL
|player|p2|
