|j|☆watttt
|j|☆spoon91
|t:|1759042232
|gametype|singles
|player|p1|watttt|169|1322
|player|p2|spoon91|cynthia|1342
|gen|9
|tier|[Gen 9] OU
|rated|
|rule|HP Percentage Mod: HP is shown in percentages
|rule|Endless Battle Clause: Forcing endless battles is banned
|rule|Species Clause: Limit one of each Pokémon
|rule|OHKO Clause: OHKO moves are banned
|rule|Evasion Items Clause: Evasion items are banned
|rule|Evasion Moves Clause: Evasion moves are banned
|rule|Evasion Abilities Clause: Evasion abilities are banned
|rule|Sleep Moves Clause: Sleep-inducing moves are banned
|clearpoke
|poke|p1|Great Tusk|
|poke|p1|Kingambit, F|
|poke|p1|Zapdos|
|poke|p1|Ogerpon-Wellspring, F|
|poke|p1|Maushold-Four|
|poke|p1|Iron Valiant|
|poke|p2|Dragapult, M|
|poke|p2|Glimmora, F|
|poke|p2|Iron Crown|
|poke|p2|Dragonite, F|
|poke|p2|Great Tusk|
|poke|p2|Primarina, F|
|teampreview
|
|t:|1759042249
|teamsize|p1|6
|teamsize|p2|6
|start
|switch|p1a: Iron Valiant|Iron Valiant|100/100
|switch|p2a: Glimmora|Glimmora, F, shiny|100/100
|-enditem|p1a: Iron Valiant|Booster Energy
|-activate|p1a: Iron Valiant|ability: Quark Drive|[fromitem]
|-start|p1a: Iron Valiant|quarkdrivespe
|turn|1
|inactive|Battle timer is ON: inactive players will automatically lose when time's up. (requested by watttt)
|
|t:|1759042259
|move|p1a: Iron Valiant|Calm Mind|p1a: Iron Valiant
|-boost|p1a: Iron Valiant|spa|1
|-boost|p1a: Iron Valiant|spd|1
|move|p2a: Glimmora|Power Gem|p1a: Iron Valiant
|-resisted|p1a: Iron Valiant
|-damage|p1a: Iron Valiant|75/100
|
|upkeep
|turn|2
|
|t:|1759042265
|move|p1a: Iron Valiant|Thunderbolt|p2a: Glimmora
|-damage|p2a: Glimmora|38/100
|move|p2a: Glimmora|Stealth Rock|p1a: Iron Valiant
|-sidestart|p1: watttt|move: Stealth Rock
|
|upkeep
|turn|3
|
|t:|1759042273
|move|p1a: Iron Valiant|Thunderbolt|p2a: Glimmora
|-damage|p2a: Glimmora|0 fnt
|faint|p2a: Glimmora
|
|upkeep
|
|t:|1759042284
|switch|p2a: Dragonite|Dragonite, F, shiny|100/100
|turn|4
|
|t:|1759042292
|move|p1a: Iron Valiant|Moonblast|p2a: Dragonite
|-supereffective|p2a: Dragonite
|-crit|p2a: Dragonite
|-damage|p2a: Dragonite|9/100
|move|p2a: Dragonite|Dragon Dance|p2a: Dragonite
|-boost|p2a: Dragonite|atk|1
|-boost|p2a: Dragonite|spe|1
|
|upkeep
|turn|5
|
|t:|1759042298
|-terastallize|p2a: Dragonite|Normal
|move|p2a: Dragonite|Extreme Speed|p1a: Iron Valiant
|-damage|p1a: Iron Valiant|0 fnt
|faint|p1a: Iron Valiant
|-end|p1a: Iron Valiant|Quark Drive|[silent]
|
|upkeep
|
|t:|1759042311
|switch|p1a: Zapdos|Zapdos|100/100
|-damage|p1a: Zapdos|76/100|[from] Stealth Rock
|turn|6
|
|t:|1759042327
|move|p2a: Dragonite|Extreme Speed|p1a: Zapdos
|-damage|p1a: Zapdos|0 fnt
|-damage|p2a: Dragonite|0 fnt|[from] item: Rocky Helmet|[of] p1a: Zapdos
|faint|p1a: Zapdos
|faint|p2a: Dragonite
|
|upkeep
|
|t:|1759042338
|switch|p1a: Great Tusk|Great Tusk|100/100
|switch|p2a: Dragapult|Dragapult, M|100/100
|-damage|p1a: Great Tusk|98/100|[from] Stealth Rock
|turn|7
|
|t:|1759042342
|move|p2a: Dragapult|Will-O-Wisp|p1a: Great Tusk
|-status|p1a: Great Tusk|brn
|move|p1a: Great Tusk|Knock Off|p2a: Dragapult
|-supereffective|p2a: Dragapult
|-damage|p2a: Dragapult|57/100
|-enditem|p2a: Dragapult|Heavy-Duty Boots|[from] move: Knock Off|[of] p1a: Great Tusk
|
|-damage|p1a: Great Tusk|91/100 brn|[from] brn
|upkeep
|turn|8
|
|t:|1759042351
|move|p2a: Dragapult|U-turn|p1a: Great Tusk
|-resisted|p1a: Great Tusk
|-damage|p1a: Great Tusk|82/100 brn
|-damage|p2a: Dragapult|41/100|[from] item: Rocky Helmet|[of] p1a: Great Tusk
|
|t:|1759042356
|switch|p2a: Primarina|Primarina, F, shiny|100/100|[from] U-turn
|move|p1a: Great Tusk|Bulk Up|p1a: Great Tusk
|-boost|p1a: Great Tusk|atk|1
|-boost|p1a: Great Tusk|def|1
|
|-damage|p1a: Great Tusk|75/100 brn|[from] brn
|upkeep
|turn|9
|
|t:|1759042362
|move|p1a: Great Tusk|Knock Off|p2a: Primarina
|-resisted|p2a: Primarina
|-damage|p2a: Primarina|83/100
|-enditem|p2a: Primarina|Throat Spray|[from] move: Knock Off|[of] p1a: Great Tusk
|move|p2a: Primarina|Moonblast|p1a: Great Tusk
|-supereffective|p1a: Great Tusk
|-damage|p1a: Great Tusk|0 fnt
|faint|p1a: Great Tusk
|-end|p1a: Great Tusk|Protosynthesis|[silent]
|
|upkeep
|
|t:|1759042378
|switch|p1a: Ogerpon|Ogerpon-Wellspring, F|100/100
|-damage|p1a: Ogerpon|88/100|[from] Stealth Rock
|turn|10
|
|t:|1759042387
|switch|p2a: Iron Crown|Iron Crown|100/100
|-enditem|p2a: Iron Crown|Booster Energy
|-activate|p2a: Iron Crown|ability: Quark Drive|[fromitem]
|-start|p2a: Iron Crown|quarkdrivespe
|move|p1a: Ogerpon|Swords Dance|p1a: Ogerpon
|-boost|p1a: Ogerpon|atk|2
|
|upkeep
|turn|11
|
|t:|1759042398
|move|p2a: Iron Crown|Psychic|p1a: Ogerpon
|-crit|p1a: Ogerpon
|-damage|p1a: Ogerpon|25/100
|move|p1a: Ogerpon|Ivy Cudgel|p2a: Iron Crown|[anim] Ivy Cudgel Water
|-damage|p2a: Iron Crown|3/100
|
|upkeep
|turn|12
|
|t:|1759042404
|move|p2a: Iron Crown|Psychic|p1a: Ogerpon
|-damage|p1a: Ogerpon|0 fnt
|faint|p1a: Ogerpon
|
|upkeep
|
|t:|1759042416
|switch|p1a: Kingambit|Kingambit, F|100/100
|-damage|p1a: Kingambit|94/100|[from] Stealth Rock
|turn|13
|
|t:|1759042421
|move|p1a: Kingambit|Sucker Punch|p2a: Iron Crown
|-supereffective|p2a: Iron Crown
|-damage|p2a: Iron Crown|0 fnt
|faint|p2a: Iron Crown
|-end|p2a: Iron Crown|Quark Drive|[silent]
|-damage|p1a: Kingambit|84/100|[from] item: Life Orb
|
|upkeep
|
|t:|1759042424
|switch|p2a: Great Tusk|Great Tusk, shiny|100/100
|turn|14
|
|t:|1759042441
|-terastallize|p1a: Kingambit|Flying
|move|p2a: Great Tusk|Close Combat|p1a: Kingambit
|-resisted|p1a: Kingambit
|-damage|p1a: Kingambit|61/100
|-unboost|p2a: Great Tusk|def|1
|-unboost|p2a: Great Tusk|spd|1
|move|p1a: Kingambit|Swords Dance|p1a: Kingambit
|-boost|p1a: Kingambit|atk|2
|
|upkeep
|turn|15
|
|t:|1759042446
|move|p1a: Kingambit|Sucker Punch|p2a: Great Tusk
|-resisted|p2a: Great Tusk
|-damage|p2a: Great Tusk|41/100
|-damage|p1a: Kingambit|51/100|[from] item: Life Orb
|move|p2a: Great Tusk|Ice Spinner|p1a: Kingambit
|-supereffective|p1a: Kingambit
|-damage|p1a: Kingambit|5/100
|
|upkeep
|turn|16
|
|t:|1759042454
|move|p1a: Kingambit|Sucker Punch|p2a: Great Tusk
|-resisted|p2a: Great Tusk
|-damage|p2a: Great Tusk|0 fnt
|faint|p2a: Great Tusk
|-end|p2a: Great Tusk|Protosynthesis|[silent]
|-damage|p1a: Kingambit|0 fnt|[from] item: Life Orb
|faint|p1a: Kingambit
|
|upkeep
|
|t:|1759042463
|switch|p2a: Dragapult|Dragapult, M|41/100
|switch|p1a: Maushold|Maushold-Four|100/100
|-damage|p1a: Maushold|88/100|[from] Stealth Rock
|turn|17
|
|t:|1759042471
|move|p2a: Dragapult|Will-O-Wisp|p1a: Maushold
|-status|p1a: Maushold|brn
|move|p1a: Maushold|Encore|p2a: Dragapult
|-start|p2a: Dragapult|Encore
|
|-damage|p1a: Maushold|82/100 brn|[from] brn
|upkeep
|turn|18
|
|t:|1759042475
|move|p2a: Dragapult|Will-O-Wisp|p1a: Maushold
|-fail|p1a: Maushold|brn
|move|p1a: Maushold|Tidy Up|p1a: Maushold
|-sideend|p1: watttt|Stealth Rock
|-activate|p1a: Maushold|move: Tidy Up
|-boost|p1a: Maushold|atk|1
|-boost|p1a: Maushold|spe|1
|
|-damage|p1a: Maushold|76/100 brn|[from] brn
|upkeep
|turn|19
|
|t:|1759042477
|switch|p2a: Primarina|Primarina, F, shiny|83/100
|move|p1a: Maushold|Tidy Up|p1a: Maushold
|-boost|p1a: Maushold|atk|1
|-boost|p1a: Maushold|spe|1
|
|-damage|p1a: Maushold|69/100 brn|[from] brn
|upkeep
|turn|20
|
|t:|1759042484
|move|p1a: Maushold|Population Bomb|p2a: Primarina
|-damage|p2a: Primarina|68/100
|-damage|p2a: Primarina|52/100
|-crit|p2a: Primarina
|-damage|p2a: Primarina|31/100
|-damage|p2a: Primarina|15/100
|-damage|p2a: Primarina|0 fnt
|faint|p2a: Primarina
|-hitcount|p2: Primarina|5
|
|-damage|p1a: Maushold|63/100 brn|[from] brn
|upkeep
|
|t:|1759042487
|switch|p2a: Dragapult|Dragapult, M|41/100
|turn|21
|
|t:|1759042493
|move|p1a: Maushold|Bite|p2a: Dragapult
|-supereffective|p2a: Dragapult
|-crit|p2a: Dragapult
|-damage|p2a: Dragapult|0 fnt
|faint|p2a: Dragapult
|
|win|watttt
|raw|watttt's rating: 1322 &rarr; <strong>1343</strong><br />(+21 for winning)
|raw|spoon91's rating: 1342 &rarr; <strong>1321</strong><br />(-21 for losing)
|l|☆watttt
|player|p1|
|l|☆spoon91
|player|p2|
