|j|☆phatt3
|j|☆CrockPokes
|t:|1758968698
|gametype|singles
|player|p1|phatt3|1|1136
|player|p2|CrockPokes|li|1126
|gen|9
|tier|[Gen 9] OU
|rated|
|rule|HP Percentage Mod: HP is shown in percentages
|rule|Endless Battle Clause: Forcing endless battles is banned
|rule|Species Clause: Limit one of each Pokémon
|rule|OHKO Clause: OHKO moves are banned
|rule|Evasion Items Clause: Evasion items are banned
|rule|Evasion Moves Clause: Evasion moves are banned
|rule|Evasion Abilities Clause: Evasion abilities are banned
|rule|Sleep Moves Clause: Sleep-inducing moves are banned
|clearpoke
|poke|p1|Greninja-*, F|
|poke|p1|Froslass, F|
|poke|p1|Arcanine-Hisui, M|
|poke|p1|Lumineon, M|
|poke|p1|Donphan, M|
|poke|p1|Pelipper, M|
|poke|p2|Skeledirge, F|
|poke|p2|Ogerpon-Wellspring, F|
|poke|p2|Iron Valiant|
|poke|p2|Ampharos, F|
|poke|p2|Corviknight, F|
|poke|p2|Garganacl, F|
|teampreview
|inactive|Battle timer is ON: inactive players will automatically lose when time's up. (requested by phatt3)
|
|t:|1758968712
|teamsize|p1|6
|teamsize|p2|6
|start
|switch|p1a: Froslass|Froslass, F|100/100
|switch|p2a: Ampharos|Ampharos, F|100/100
|-item|p2a: Ampharos|Air Balloon
|turn|1
|
|t:|1758968724
|move|p1a: Froslass|Switcheroo|p2a: Ampharos
|-activate|p1a: Froslass|move: Trick|[of] p2a: Ampharos
|-item|p2a: Ampharos|Choice Band|[from] move: Switcheroo
|-item|p1a: Froslass|Air Balloon
|-item|p1a: Froslass|Air Balloon|[from] move: Switcheroo
|move|p2a: Ampharos|Thunderbolt|p1a: Froslass
|-damage|p1a: Froslass|18/100
|-enditem|p1a: Froslass|Air Balloon
|
|upkeep
|turn|2
|
|t:|1758968733
|switch|p1a: Donphan|Donphan, M|100/100
|move|p2a: Ampharos|Thunderbolt|p1a: Donphan
|-immune|p1a: Donphan
|
|upkeep
|turn|3
|
|t:|1758968749
|switch|p2a: Ogerpon|Ogerpon-Wellspring, F|100/100
|move|p1a: Donphan|Stealth Rock|p2a: Ogerpon
|-sidestart|p2: CrockPokes|move: Stealth Rock
|
|upkeep
|turn|4
|
|t:|1758968762
|switch|p1a: Pelipper|Pelipper, M|100/100
|-weather|RainDance|[from] ability: Drizzle|[of] p1a: Pelipper
|move|p2a: Ogerpon|Power Whip|p1a: Pelipper
|-damage|p1a: Pelipper|13/100
|
|-weather|RainDance|[upkeep]
|upkeep
|turn|5
|
|t:|1758968776
|switch|p1a: Greninja|Greninja, F|100/100
|move|p2a: Ogerpon|Giga Drain|p1a: Greninja
|-supereffective|p1a: Greninja
|-damage|p1a: Greninja|38/100
|
|-weather|RainDance|[upkeep]
|upkeep
|turn|6
|
|t:|1758968788
|move|p2a: Ogerpon|Giga Drain|p1a: Greninja
|-supereffective|p1a: Greninja
|-damage|p1a: Greninja|0 fnt
|faint|p1a: Greninja
|
|-weather|RainDance|[upkeep]
|upkeep
|
|t:|1758968792
|switch|p1a: Arcanine|Arcanine-Hisui, M|100/100
|turn|7
|
|t:|1758968797
|move|p2a: Ogerpon|Ivy Cudgel|p1a: Arcanine|[anim] Ivy Cudgel Water
|-supereffective|p1a: Arcanine
|-enditem|p1a: Arcanine|Focus Sash
|-damage|p1a: Arcanine|1/100
|move|p1a: Arcanine|Head Smash|p2a: Ogerpon
|-damage|p2a: Ogerpon|1/100
|
|-weather|RainDance|[upkeep]
|upkeep
|turn|8
|
|t:|1758968805
|move|p1a: Arcanine|Extreme Speed|p2a: Ogerpon
|-damage|p2a: Ogerpon|0 fnt
|faint|p2a: Ogerpon
|
|-weather|RainDance|[upkeep]
|upkeep
|
|t:|1758968816
|switch|p2a: Corviknight|Corviknight, F|100/100
|-damage|p2a: Corviknight|88/100|[from] Stealth Rock
|turn|9
|
|t:|1758968832
|move|p1a: Arcanine|Flare Blitz|p2a: Corviknight
|-supereffective|p2a: Corviknight
|-damage|p2a: Corviknight|53/100
|-damage|p1a: Arcanine|0 fnt|[from] item: Rocky Helmet|[of] p2a: Corviknight
|faint|p1a: Arcanine
|move|p2a: Corviknight|Iron Head|p1: Arcanine|[notarget]
|-fail|p2a: Corviknight
|
|-weather|RainDance|[upkeep]
|upkeep
|
|t:|1758968842
|switch|p1a: Froslass|Froslass, F|18/100
|turn|10
|
|t:|1758968847
|move|p1a: Froslass|Destiny Bond|p1a: Froslass
|-singlemove|p1a: Froslass|Destiny Bond
|move|p2a: Corviknight|Iron Head|p1a: Froslass
|-supereffective|p1a: Froslass
|-damage|p1a: Froslass|0 fnt
|-start|p2a: Corviknight|Disable|Iron Head|[from] ability: Cursed Body|[of] p1a: Froslass
|faint|p1a: Froslass
|-activate|p1a: Froslass|move: Destiny Bond
|faint|p2a: Corviknight
|
|-weather|RainDance|[upkeep]
|upkeep
|
|t:|1758968858
|switch|p1a: Donphan|Donphan, M|100/100
|switch|p2a: Garganacl|Garganacl, F|100/100
|-damage|p2a: Garganacl|88/100|[from] Stealth Rock
|turn|11
|
|t:|1758968864
|-terastallize|p2a: Garganacl|Ghost
|move|p1a: Donphan|Earthquake|p2a: Garganacl
|-damage|p2a: Garganacl|62/100
|move|p2a: Garganacl|Stealth Rock|p1a: Donphan
|-sidestart|p1: phatt3|move: Stealth Rock
|
|-weather|none
|-heal|p2a: Garganacl|68/100|[from] item: Leftovers
|upkeep
|turn|12
|
|t:|1758968874
|move|p1a: Donphan|Earthquake|p2a: Garganacl
|-crit|p2a: Garganacl
|-damage|p2a: Garganacl|31/100
|move|p2a: Garganacl|Salt Cure|p1a: Donphan
|-resisted|p1a: Donphan
|-damage|p1a: Donphan|95/100
|-start|p1a: Donphan|Salt Cure
|-enditem|p1a: Donphan|Red Card|[of] p2a: Garganacl
|drag|p2a: Ampharos|Ampharos, F|100/100
|-damage|p2a: Ampharos|88/100|[from] Stealth Rock
|
|-damage|p1a: Donphan|83/100|[from] Salt Cure
|upkeep
|turn|13
|
|t:|1758968886
|move|p2a: Ampharos|Focus Blast|p1a: Donphan
|-damage|p1a: Donphan|36/100
|move|p1a: Donphan|Earthquake|p2a: Ampharos
|-supereffective|p2a: Ampharos
|-damage|p2a: Ampharos|13/100
|
|-damage|p1a: Donphan|23/100|[from] Salt Cure
|upkeep
|turn|14
|
|t:|1758968893
|move|p2a: Ampharos|Focus Blast|p1a: Donphan
|-damage|p1a: Donphan|0 fnt
|faint|p1a: Donphan
|
|upkeep
|
|t:|1758968896
|switch|p1a: Pelipper|Pelipper, M|13/100
|-damage|p1a: Pelipper|0 fnt|[from] Stealth Rock
|faint|p1a: Pelipper
|
|t:|1758968900
|switch|p1a: Lumineon|Lumineon, M|100/100
|-damage|p1a: Lumineon|88/100|[from] Stealth Rock
|turn|15
|
|t:|1758968905
|move|p1a: Lumineon|Alluring Voice|p2a: Ampharos
|-damage|p2a: Ampharos|0 fnt
|faint|p2a: Ampharos
|-enditem|p1a: Lumineon|Throat Spray
|-boost|p1a: Lumineon|spa|1|[from] item: Throat Spray
|
|upkeep
|
|t:|1758968909
|switch|p2a: Garganacl|Garganacl, F, tera:Ghost|31/100
|-damage|p2a: Garganacl|19/100|[from] Stealth Rock
|turn|16
|
|t:|1758968918
|move|p1a: Lumineon|Ice Beam|p2a: Garganacl
|-damage|p2a: Garganacl|0 fnt
|faint|p2a: Garganacl
|
|upkeep
|
|t:|1758968921
|switch|p2a: Iron Valiant|Iron Valiant, shiny|100/100
|-damage|p2a: Iron Valiant|94/100|[from] Stealth Rock
|-enditem|p2a: Iron Valiant|Booster Energy
|-activate|p2a: Iron Valiant|ability: Quark Drive|[fromitem]
|-start|p2a: Iron Valiant|quarkdrivespe
|turn|17
|
|t:|1758968928
|move|p2a: Iron Valiant|Thunderbolt|p1a: Lumineon
|-supereffective|p1a: Lumineon
|-damage|p1a: Lumineon|2/100
|move|p1a: Lumineon|Hydro Pump|p2a: Iron Valiant
|-damage|p2a: Iron Valiant|0 fnt
|faint|p2a: Iron Valiant
|-end|p2a: Iron Valiant|Quark Drive|[silent]
|
|upkeep
|
|t:|1758968933
|switch|p2a: Skeledirge|Skeledirge, F|100/100
|turn|18
|
|t:|1758968938
|move|p1a: Lumineon|Hydro Pump|p2a: Skeledirge
|-supereffective|p2a: Skeledirge
|-damage|p2a: Skeledirge|14/100
|move|p2a: Skeledirge|Shadow Ball|p1a: Lumineon
|-damage|p1a: Lumineon|0 fnt
|faint|p1a: Lumineon
|
|win|CrockPokes
|raw|phatt3's rating: 1136 &rarr; <strong>1109</strong><br />(-27 for losing)
|raw|CrockPokes's rating: 1102 &rarr; <strong>1129</strong><br />(+27 for winning)
|c|☆CrockPokes|gg
|c|☆phatt3|gg
|l|☆CrockPokes
|player|p2|
|l|☆phatt3
|player|p1|
