|j|☆victory 4 u
|j|☆Bmce1
|t:|1759010184
|gametype|singles
|player|p1|victory 4 u|266|1074
|player|p2|Bmce1|rocketgrunt|1045
|gen|9
|tier|[Gen 9] OU
|rated|
|rule|HP Percentage Mod: HP is shown in percentages
|rule|Endless Battle Clause: Forcing endless battles is banned
|rule|Species Clause: Limit one of each Pokémon
|rule|OHKO Clause: OHKO moves are banned
|rule|Evasion Items Clause: Evasion items are banned
|rule|Evasion Moves Clause: Evasion moves are banned
|rule|Evasion Abilities Clause: Evasion abilities are banned
|rule|Sleep Moves Clause: Sleep-inducing moves are banned
|clearpoke
|poke|p1|Typhlosion, M|
|poke|p1|Lumineon, F|
|poke|p1|Meowstic, M|
|poke|p1|Tentacruel, F|
|poke|p1|Ting-Lu|
|poke|p1|Ogerpon, F|
|poke|p2|Quaquaval, M|
|poke|p2|Scizor, F|
|poke|p2|Incineroar, M|
|poke|p2|Slowking-Galar, M|
|poke|p2|Corviknight, M|
|poke|p2|Gengar, M|
|teampreview
|inactive|Battle timer is ON: inactive players will automatically lose when time's up. (requested by Bmce1)
|
|t:|1759010189
|teamsize|p1|6
|teamsize|p2|6
|start
|switch|p1a: Pls|Ting-Lu|100/100
|switch|p2a: Slowking|Slowking-Galar, M|100/100
|-ability|p1a: Pls|Vessel of Ruin
|turn|1
|
|t:|1759010200
|move|p1a: Pls|Earthquake|p2a: Slowking
|-supereffective|p2a: Slowking
|-damage|p2a: Slowking|0 fnt
|faint|p2a: Slowking
|
|upkeep
|
|t:|1759010208
|switch|p2a: Scizor|Scizor, F|100/100
|turn|2
|
|t:|1759010214
|switch|p1a: Ok|Lumineon, F|100/100
|move|p2a: Scizor|Pounce|p1a: Ok
|-damage|p1a: Ok|43/100
|-unboost|p1a: Ok|spe|1
|
|upkeep
|turn|3
|
|t:|1759010222
|move|p2a: Scizor|Pounce|p1a: Ok
|-damage|p1a: Ok|0 fnt
|faint|p1a: Ok
|
|upkeep
|
|t:|1759010228
|switch|p1a: Lostelle II|Typhlosion, M|100/100
|turn|4
|
|t:|1759010233
|-terastallize|p1a: Lostelle II|Fire
|move|p1a: Lostelle II|Eruption|p2a: Scizor
|-supereffective|p2a: Scizor
|-enditem|p2a: Scizor|Occa Berry|[eat]
|-enditem|p2a: Scizor|Occa Berry|[weaken]
|-damage|p2a: Scizor|0 fnt
|faint|p2a: Scizor
|
|upkeep
|
|t:|1759010246
|switch|p2a: Incineroar|Incineroar, M|100/100
|-ability|p2a: Incineroar|Intimidate|boost
|-unboost|p1a: Lostelle II|atk|1
|turn|5
|
|t:|1759010257
|switch|p1a: Pls|Ting-Lu|100/100
|-ability|p1a: Pls|Vessel of Ruin
|move|p2a: Incineroar|Fake Out|p1a: Pls
|-damage|p1a: Pls|94/100
|
|upkeep
|turn|6
|
|t:|1759010265
|switch|p1a: Lostelle II|Typhlosion, M, tera:Fire|100/100
|move|p2a: Incineroar|Parting Shot|p1a: Lostelle II
|-unboost|p1a: Lostelle II|atk|1
|-unboost|p1a: Lostelle II|spa|1
|
|t:|1759010272
|switch|p2a: Quaquaval|Quaquaval, M|100/100|[from] Parting Shot
|
|upkeep
|turn|7
|
|t:|1759010277
|move|p1a: Lostelle II|Will-O-Wisp|p2a: Quaquaval
|-status|p2a: Quaquaval|brn
|move|p2a: Quaquaval|Aqua Step|p1a: Lostelle II
|-supereffective|p1a: Lostelle II
|-damage|p1a: Lostelle II|38/100
|-boost|p2a: Quaquaval|spe|1
|
|-damage|p2a: Quaquaval|94/100 brn|[from] brn
|upkeep
|turn|8
|
|t:|1759010296
|switch|p1a: Hero|Tentacruel, F|100/100
|move|p2a: Quaquaval|Aqua Step|p1a: Hero
|-resisted|p1a: Hero
|-damage|p1a: Hero|85/100
|-boost|p2a: Quaquaval|spe|1
|
|-heal|p1a: Hero|91/100|[from] item: Leftovers
|-damage|p2a: Quaquaval|88/100 brn|[from] brn
|upkeep
|turn|9
|
|t:|1759010308
|move|p2a: Quaquaval|Tera Blast|p1a: Hero
|-damage|p1a: Hero|83/100
|move|p1a: Hero|Knock Off|p2a: Quaquaval
|-resisted|p2a: Quaquaval
|-damage|p2a: Quaquaval|79/100 brn
|-enditem|p2a: Quaquaval|Mystic Water|[from] move: Knock Off|[of] p1a: Hero
|
|-heal|p1a: Hero|89/100|[from] item: Leftovers
|-damage|p2a: Quaquaval|73/100 brn|[from] brn
|upkeep
|turn|10
|
|t:|1759010321
|switch|p2a: Incineroar|Incineroar, M|100/100
|-ability|p2a: Incineroar|Intimidate|boost
|-fail|p1a: Hero|unboost|[from] ability: Clear Body|[of] p1a: Hero
|move|p1a: Hero|Rapid Spin|p2a: Incineroar
|-damage|p2a: Incineroar|93/100
|-boost|p1a: Hero|spe|1
|-damage|p1a: Hero|72/100|[from] item: Rocky Helmet|[of] p2a: Incineroar
|
|-heal|p1a: Hero|78/100|[from] item: Leftovers
|upkeep
|turn|11
|
|t:|1759010334
|move|p2a: Incineroar|Fake Out|p1a: Hero
|-damage|p1a: Hero|62/100
|cant|p1a: Hero|flinch
|
|-heal|p1a: Hero|68/100|[from] item: Leftovers
|upkeep
|turn|12
|
|t:|1759010342
|switch|p2a: Gengar|Gengar, M|100/100
|move|p1a: Hero|Surf|p2a: Gengar
|-damage|p2a: Gengar|75/100
|
|-heal|p1a: Hero|74/100|[from] item: Leftovers
|upkeep
|turn|13
|
|t:|1759010353
|move|p1a: Hero|Knock Off|p2a: Gengar
|-supereffective|p2a: Gengar
|-damage|p2a: Gengar|11/100
|-start|p1a: Hero|Disable|Knock Off|[from] ability: Cursed Body|[of] p2a: Gengar
|-enditem|p2a: Gengar|Assault Vest|[from] move: Knock Off|[of] p1a: Hero
|move|p2a: Gengar|Thunderbolt|p1a: Hero
|-supereffective|p1a: Hero
|-damage|p1a: Hero|34/100
|
|-heal|p1a: Hero|40/100|[from] item: Leftovers
|upkeep
|turn|14
|
|t:|1759010367
|move|p1a: Hero|Toxic Spikes|p2a: Gengar
|-sidestart|p2: Bmce1|move: Toxic Spikes
|move|p2a: Gengar|Shadow Ball|p1a: Hero
|-crit|p1a: Hero
|-damage|p1a: Hero|0 fnt
|faint|p1a: Hero
|
|upkeep
|
|t:|1759010379
|switch|p1a: Pls|Ting-Lu|94/100
|-ability|p1a: Pls|Vessel of Ruin
|turn|15
|
|t:|1759010385
|switch|p2a: Quaquaval|Quaquaval, M|73/100 brn
|move|p1a: Pls|Stealth Rock|p2a: Quaquaval
|-sidestart|p2: Bmce1|move: Stealth Rock
|
|-damage|p2a: Quaquaval|67/100 brn|[from] brn
|upkeep
|turn|16
|
|t:|1759010398
|switch|p1a: Lostelle|Ogerpon, F|100/100
|move|p2a: Quaquaval|Aqua Step|p1a: Lostelle
|-resisted|p1a: Lostelle
|-damage|p1a: Lostelle|89/100
|-boost|p2a: Quaquaval|spe|1
|
|-damage|p2a: Quaquaval|61/100 brn|[from] brn
|upkeep
|turn|17
|
|t:|1759010415
|move|p1a: Lostelle|Spikes|p2a: Quaquaval
|-sidestart|p2: Bmce1|Spikes
|move|p2a: Quaquaval|Ice Spinner|p1a: Lostelle
|-supereffective|p1a: Lostelle
|-damage|p1a: Lostelle|53/100
|
|-damage|p2a: Quaquaval|54/100 brn|[from] brn
|upkeep
|turn|18
|
|t:|1759010423
|move|p1a: Lostelle|Spikes|p2a: Quaquaval
|-sidestart|p2: Bmce1|Spikes
|move|p2a: Quaquaval|Aqua Step|p1a: Lostelle
|-resisted|p1a: Lostelle
|-damage|p1a: Lostelle|39/100
|-boost|p2a: Quaquaval|spe|1
|
|-damage|p2a: Quaquaval|48/100 brn|[from] brn
|upkeep
|turn|19
|
|t:|1759010446
|move|p2a: Quaquaval|Ice Spinner|p1a: Lostelle
|-supereffective|p1a: Lostelle
|-damage|p1a: Lostelle|4/100
|move|p1a: Lostelle|Spikes|p2a: Quaquaval
|-sidestart|p2: Bmce1|Spikes
|
|-damage|p2a: Quaquaval|42/100 brn|[from] brn
|upkeep
|turn|20
|
|t:|1759010459
|switch|p1a: Help|Meowstic, M|100/100
|move|p2a: Quaquaval|Tera Blast|p1a: Help
|-damage|p1a: Help|83/100
|
|-damage|p2a: Quaquaval|36/100 brn|[from] brn
|upkeep
|turn|21
|
|t:|1759010475
|move|p2a: Quaquaval|Aqua Step|p1a: Help
|-crit|p1a: Help
|-damage|p1a: Help|43/100
|-boost|p2a: Quaquaval|spe|1
|move|p1a: Help|Psychic Noise|p2a: Quaquaval
|-supereffective|p2a: Quaquaval
|-damage|p2a: Quaquaval|0 fnt
|faint|p2a: Quaquaval
|
|upkeep
|inactive|Bmce1 has 120 seconds left.
|
|t:|1759010491
|switch|p2a: Gengar|Gengar, M|11/100
|-sideend|p2: Bmce1|move: Toxic Spikes|[of] p2a: Gengar
|-damage|p2a: Gengar|0 fnt|[from] Stealth Rock
|faint|p2a: Gengar
|inactive|Bmce1 has 120 seconds left.
|
|t:|1759010502
|switch|p2a: Incineroar|Incineroar, M|93/100
|-damage|p2a: Incineroar|69/100|[from] Stealth Rock
|-damage|p2a: Incineroar|44/100|[from] Spikes
|-ability|p2a: Incineroar|Intimidate|boost
|-unboost|p1a: Help|atk|1
|turn|22
|inactive|Bmce1 has 120 seconds left.
|
|t:|1759010514
|switch|p1a: Pls|Ting-Lu|94/100
|-ability|p1a: Pls|Vessel of Ruin
|move|p2a: Incineroar|Fake Out|p1a: Pls
|-crit|p1a: Pls
|-damage|p1a: Pls|85/100
|
|upkeep
|turn|23
|inactive|Bmce1 has 120 seconds left.
|
|t:|1759010524
|move|p2a: Incineroar|Darkest Lariat|p1a: Pls
|-resisted|p1a: Pls
|-damage|p1a: Pls|75/100
|move|p1a: Pls|Whirlwind|p2a: Incineroar
|drag|p2a: Corviknight|Corviknight, M|100/100
|-damage|p2a: Corviknight|88/100|[from] Stealth Rock
|
|upkeep
|turn|24
|inactive|Bmce1 has 120 seconds left.
|
|t:|1759010536
|switch|p1a: Help|Meowstic, M|43/100
|move|p2a: Corviknight|Body Press|p1a: Help
|-resisted|p1a: Help
|-damage|p1a: Help|26/100
|
|upkeep
|turn|25
|
|t:|1759010544
|move|p1a: Help|Trick|p2a: Corviknight
|-activate|p1a: Help|move: Trick|[of] p2a: Corviknight
|-item|p2a: Corviknight|Choice Specs|[from] move: Trick
|-item|p1a: Help|Covert Cloak|[from] move: Trick
|move|p2a: Corviknight|Iron Head|p1a: Help
|-damage|p1a: Help|0 fnt
|faint|p1a: Help
|
|upkeep
|-message|Bmce1 forfeited.
|
|win|victory 4 u
|raw|victory 4 u's rating: 1074 &rarr; <strong>1100</strong><br />(+26 for winning)
|raw|Bmce1's rating: 1045 &rarr; <strong>1030</strong><br />(-15 for losing)
|l|☆Bmce1
|player|p2|
|c|☆victory 4 u|gg
