|j|☆Steel钢系天王de某吾
|j|☆karrumi
|t:|1759032790
|gametype|singles
|player|p1|Steel钢系天王de某吾|steven|1338
|player|p2|karrumi|janitor|1314
|gen|9
|tier|[Gen 9] OU
|rated|
|rule|HP Percentage Mod: HP is shown in percentages
|rule|Endless Battle Clause: Forcing endless battles is banned
|rule|Species Clause: Limit one of each Pokémon
|rule|OHKO Clause: OHKO moves are banned
|rule|Evasion Items Clause: Evasion items are banned
|rule|Evasion Moves Clause: Evasion moves are banned
|rule|Evasion Abilities Clause: Evasion abilities are banned
|rule|Sleep Moves Clause: Sleep-inducing moves are banned
|clearpoke
|poke|p1|Moltres|
|poke|p1|Scizor, F|
|poke|p1|Keldeo-Resolute|
|poke|p1|Weezing-Galar, M|
|poke|p1|Staraptor, M|
|poke|p1|Goodra-Hisui, M|
|poke|p2|Araquanid, F|
|poke|p2|Great Tusk|
|poke|p2|Chansey, F|
|poke|p2|Pecharunt|
|poke|p2|Corviknight, F|
|poke|p2|Raging Bolt|
|teampreview
|inactive|Battle timer is ON: inactive players will automatically lose when time's up. (requested by karrumi)
|inactive|Steel钢系天王de某吾 also wants the timer to be on.
|
|t:|1759032801
|teamsize|p1|6
|teamsize|p2|6
|start
|switch|p1a: Staraptor|Staraptor, M|100/100
|switch|p2a: Araquanid|Araquanid, F, shiny|100/100
|turn|1
|
|t:|1759032810
|switch|p2a: Pecharunt|Pecharunt|100/100
|move|p1a: Staraptor|Brave Bird|p2a: Pecharunt
|-damage|p2a: Pecharunt|52/100
|-damage|p1a: Staraptor|81/100|[from] Recoil
|
|-heal|p2a: Pecharunt|58/100|[from] item: Leftovers
|upkeep
|turn|2
|
|t:|1759032821
|move|p1a: Staraptor|Brave Bird|p2a: Pecharunt
|-damage|p2a: Pecharunt|5/100
|-damage|p1a: Staraptor|60/100|[from] Recoil
|move|p2a: Pecharunt|Recover|p2a: Pecharunt
|-heal|p2a: Pecharunt|55/100
|
|-heal|p2a: Pecharunt|61/100|[from] item: Leftovers
|upkeep
|turn|3
|
|t:|1759032833
|switch|p1a: Goodra|Goodra-Hisui, M|100/100
|move|p2a: Pecharunt|Toxic|p1a: Goodra
|-immune|p1a: Goodra
|
|-heal|p2a: Pecharunt|67/100|[from] item: Leftovers
|upkeep
|turn|4
|
|t:|1759032843
|move|p2a: Pecharunt|Recover|p2a: Pecharunt
|-heal|p2a: Pecharunt|100/100
|move|p1a: Goodra|Acid Armor|p1a: Goodra
|-boost|p1a: Goodra|def|2
|
|upkeep
|turn|5
|
|t:|1759032852
|move|p2a: Pecharunt|Curse|p1a: Goodra
|-start|p1a: Goodra|Curse|[of] p2a: Pecharunt
|-damage|p2a: Pecharunt|50/100
|move|p1a: Goodra|Acid Armor|p1a: Goodra
|-boost|p1a: Goodra|def|2
|
|-heal|p2a: Pecharunt|57/100|[from] item: Leftovers
|-damage|p1a: Goodra|75/100|[from] Curse
|upkeep
|turn|6
|
|t:|1759032865
|move|p2a: Pecharunt|Recover|p2a: Pecharunt
|-heal|p2a: Pecharunt|100/100
|move|p1a: Goodra|Dragon Pulse|p2a: Pecharunt
|-damage|p2a: Pecharunt|66/100
|
|-heal|p2a: Pecharunt|72/100|[from] item: Leftovers
|-heal|p1a: Goodra|82/100|[from] item: Leftovers
|-damage|p1a: Goodra|57/100|[from] Curse
|upkeep
|turn|7
|
|t:|1759032886
|switch|p2a: Araquanid|Araquanid, F, shiny|100/100
|switch|p1a: Keldeo|Keldeo-Resolute|100/100
|
|upkeep
|turn|8
|
|t:|1759032893
|move|p1a: Keldeo|Substitute|p1a: Keldeo
|-start|p1a: Keldeo|Substitute
|-damage|p1a: Keldeo|76/100
|move|p2a: Araquanid|Liquidation|p1a: Keldeo
|-resisted|p1a: Keldeo
|-end|p1a: Keldeo|Substitute
|
|-heal|p1a: Keldeo|82/100|[from] item: Leftovers
|upkeep
|turn|9
|
|t:|1759032901
|switch|p1a: Weezing|Weezing-Galar, M|100/100
|-ability|p1a: Weezing|Neutralizing Gas
|move|p2a: Araquanid|Liquidation|p1a: Weezing
|-damage|p1a: Weezing|78/100
|-unboost|p1a: Weezing|def|1
|
|-heal|p1a: Weezing|84/100|[from] item: Leftovers
|upkeep
|turn|10
|
|t:|1759032915
|move|p1a: Weezing|Gunk Shot|p2a: Araquanid|[miss]
|-miss|p1a: Weezing|p2a: Araquanid
|move|p2a: Araquanid|Liquidation|p1a: Weezing
|-damage|p1a: Weezing|50/100
|-unboost|p1a: Weezing|def|1
|
|-heal|p1a: Weezing|56/100|[from] item: Leftovers
|upkeep
|turn|11
|
|t:|1759032927
|-end|p1a: Weezing|ability: Neutralizing Gas
|switch|p1a: Goodra|Goodra-Hisui, M|57/100
|move|p2a: Araquanid|Liquidation|p1a: Goodra
|-resisted|p1a: Goodra
|-damage|p1a: Goodra|28/100
|-ability|p1a: Goodra|Gooey
|-unboost|p2a: Araquanid|spe|1
|
|-heal|p1a: Goodra|34/100|[from] item: Leftovers
|upkeep
|turn|12
|
|t:|1759032946
|move|p1a: Goodra|Dragon Pulse|p2a: Araquanid
|-damage|p2a: Araquanid|82/100
|move|p2a: Araquanid|Liquidation|p1a: Goodra
|-resisted|p1a: Goodra
|-damage|p1a: Goodra|2/100
|-ability|p1a: Goodra|Gooey
|-unboost|p2a: Araquanid|spe|1
|
|-heal|p1a: Goodra|8/100|[from] item: Leftovers
|upkeep
|turn|13
|
|t:|1759032955
|move|p1a: Goodra|Dragon Pulse|p2a: Araquanid
|-damage|p2a: Araquanid|65/100
|move|p2a: Araquanid|Liquidation|p1a: Goodra
|-resisted|p1a: Goodra
|-damage|p1a: Goodra|0 fnt
|-ability|p1a: Goodra|Gooey
|-unboost|p2a: Araquanid|spe|1
|faint|p1a: Goodra
|
|upkeep
|
|t:|1759032959
|switch|p1a: Staraptor|Staraptor, M|60/100
|turn|14
|
|t:|1759032966
|switch|p2a: Corviknight|Corviknight, F|100/100
|move|p1a: Staraptor|Brave Bird|p2a: Corviknight
|-resisted|p2a: Corviknight
|-damage|p2a: Corviknight|59/100
|-damage|p1a: Staraptor|43/100|[from] item: Rocky Helmet|[of] p2a: Corviknight
|-damage|p1a: Staraptor|26/100|[from] Recoil
|
|upkeep
|turn|15
|
|t:|1759032985
|switch|p1a: Moltres|Moltres|100/100
|move|p2a: Corviknight|Bulk Up|p2a: Corviknight
|-boost|p2a: Corviknight|atk|1
|-boost|p2a: Corviknight|def|1
|
|upkeep
|turn|16
|
|t:|1759033005
|switch|p1a: Keldeo|Keldeo-Resolute|82/100
|switch|p2a: Chansey|Chansey, F|100/100
|
|-heal|p1a: Keldeo|88/100|[from] item: Leftovers
|upkeep
|turn|17
|
|t:|1759033019
|move|p1a: Keldeo|Substitute|p1a: Keldeo
|-start|p1a: Keldeo|Substitute
|-damage|p1a: Keldeo|63/100
|move|p2a: Chansey|Thunder Wave||[still]
|-fail|p2a: Chansey
|
|-heal|p1a: Keldeo|70/100|[from] item: Leftovers
|upkeep
|turn|18
|
|t:|1759033026
|switch|p2a: Pecharunt|Pecharunt|72/100
|move|p1a: Keldeo|Secret Sword|p2a: Pecharunt
|-immune|p2a: Pecharunt
|
|-heal|p1a: Keldeo|76/100|[from] item: Leftovers
|-heal|p2a: Pecharunt|78/100|[from] item: Leftovers
|upkeep
|turn|19
|
|t:|1759033034
|move|p1a: Keldeo|Surf|p2a: Pecharunt
|-damage|p2a: Pecharunt|33/100
|move|p2a: Pecharunt|Curse|p1a: Keldeo
|-start|p1a: Keldeo|Curse|[of] p2a: Pecharunt
|-damage|p2a: Pecharunt|0 fnt
|faint|p2a: Pecharunt
|
|-heal|p1a: Keldeo|82/100|[from] item: Leftovers
|-damage|p1a: Keldeo|57/100|[from] Curse
|upkeep
|
|t:|1759033046
|switch|p2a: Araquanid|Araquanid, F, shiny|65/100
|turn|20
|
|t:|1759033061
|move|p1a: Keldeo|Surf|p2a: Araquanid
|-resisted|p2a: Araquanid
|-damage|p2a: Araquanid|53/100
|move|p2a: Araquanid|Liquidation|p1a: Keldeo
|-resisted|p1a: Keldeo
|-end|p1a: Keldeo|Substitute
|
|-heal|p1a: Keldeo|63/100|[from] item: Leftovers
|-damage|p1a: Keldeo|39/100|[from] Curse
|upkeep
|turn|21
|
|t:|1759033070
|move|p1a: Keldeo|Flip Turn|p2a: Araquanid
|-resisted|p2a: Araquanid
|-damage|p2a: Araquanid|45/100
|
|t:|1759033074
|switch|p1a: Scizor|Scizor, F|100/100|[from] Flip Turn
|move|p2a: Araquanid|Liquidation|p1a: Scizor
|-damage|p1a: Scizor|34/100
|
|upkeep
|turn|22
|
|t:|1759033081
|switch|p2a: Corviknight|Corviknight, F|59/100
|move|p1a: Scizor|U-turn|p2a: Corviknight
|-resisted|p2a: Corviknight
|-damage|p2a: Corviknight|47/100
|-damage|p1a: Scizor|17/100|[from] item: Rocky Helmet|[of] p2a: Corviknight
|
|t:|1759033088
|switch|p1a: Moltres|Moltres|100/100|[from] U-turn
|
|upkeep
|turn|23
|
|t:|1759033092
|switch|p2a: Chansey|Chansey, F|100/100
|move|p1a: Moltres|Hurricane|p2a: Chansey
|-damage|p2a: Chansey|89/100
|
|upkeep
|turn|24
|
|t:|1759033100
|switch|p1a: Scizor|Scizor, F|17/100
|move|p2a: Chansey|Thunder Wave|p1a: Scizor
|-status|p1a: Scizor|par
|
|upkeep
|turn|25
|
|t:|1759033109
|switch|p1a: Moltres|Moltres|100/100
|move|p2a: Chansey|Seismic Toss|p1a: Moltres
|-damage|p1a: Moltres|74/100
|
|upkeep
|turn|26
|
|t:|1759033116
|switch|p1a: Scizor|Scizor, F|17/100 par
|move|p2a: Chansey|Thunder Wave|p1a: Scizor
|-fail|p1a: Scizor|par
|
|upkeep
|turn|27
|
|t:|1759033121
|switch|p2a: Corviknight|Corviknight, F|47/100
|cant|p1a: Scizor|par
|
|upkeep
|turn|28
|
|t:|1759033128
|switch|p1a: Moltres|Moltres|74/100
|move|p2a: Corviknight|Roost|p2a: Corviknight
|-heal|p2a: Corviknight|97/100
|-singleturn|p2a: Corviknight|move: Roost
|
|upkeep
|turn|29
|
|t:|1759033145
|switch|p2a: Chansey|Chansey, F|89/100
|move|p1a: Moltres|Fire Blast|p2a: Chansey
|-damage|p2a: Chansey|80/100
|
|upkeep
|turn|30
|
|t:|1759033155
|move|p1a: Moltres|Roost|p1a: Moltres
|-heal|p1a: Moltres|100/100
|-singleturn|p1a: Moltres|move: Roost
|move|p2a: Chansey|Seismic Toss|p1a: Moltres
|-damage|p1a: Moltres|74/100
|
|upkeep
|turn|31
|
|t:|1759033161
|switch|p1a: Scizor|Scizor, F|17/100 par
|move|p2a: Chansey|Seismic Toss|p1a: Scizor
|-damage|p1a: Scizor|0 fnt
|faint|p1a: Scizor
|
|upkeep
|
|t:|1759033167
|switch|p1a: Moltres|Moltres|74/100
|turn|32
|
|t:|1759033183
|switch|p1a: Weezing|Weezing-Galar, M|56/100
|-ability|p1a: Weezing|Neutralizing Gas
|move|p2a: Chansey|Thunder Wave|p1a: Weezing
|-status|p1a: Weezing|par
|
|-heal|p1a: Weezing|62/100 par|[from] item: Leftovers
|upkeep
|turn|33
|
|t:|1759033194
|switch|p2a: Corviknight|Corviknight, F|97/100
|move|p1a: Weezing|Will-O-Wisp|p2a: Corviknight
|-status|p2a: Corviknight|brn
|
|-heal|p1a: Weezing|68/100 par|[from] item: Leftovers
|-damage|p2a: Corviknight|91/100 brn|[from] brn
|upkeep
|turn|34
|inactive|Steel钢系天王de某吾 has 120 seconds left.
|
|t:|1759033221
|move|p2a: Corviknight|Body Press|p1a: Weezing
|-resisted|p1a: Weezing
|-damage|p1a: Weezing|66/100 par
|cant|p1a: Weezing|par
|
|-heal|p1a: Weezing|72/100 par|[from] item: Leftovers
|-damage|p2a: Corviknight|85/100 brn|[from] brn
|upkeep
|turn|35
|
|t:|1759033250
|switch|p2a: Chansey|Chansey, F|80/100
|move|p1a: Weezing|Gunk Shot|p2a: Chansey
|-damage|p2a: Chansey|18/100
|
|-heal|p1a: Weezing|78/100 par|[from] item: Leftovers
|upkeep
|turn|36
|
|t:|1759033262
|switch|p2a: Great Tusk|Great Tusk|100/100
|move|p1a: Weezing|Gunk Shot|p2a: Great Tusk
|-resisted|p2a: Great Tusk
|-damage|p2a: Great Tusk|86/100
|
|-heal|p1a: Weezing|84/100 par|[from] item: Leftovers
|upkeep
|turn|37
|
|t:|1759033274
|-terastallize|p2a: Great Tusk|Fairy
|move|p2a: Great Tusk|Bulk Up|p2a: Great Tusk
|-boost|p2a: Great Tusk|atk|1
|-boost|p2a: Great Tusk|def|1
|move|p1a: Weezing|Will-O-Wisp|p2a: Great Tusk
|-status|p2a: Great Tusk|brn
|
|-heal|p1a: Weezing|90/100 par|[from] item: Leftovers
|-damage|p2a: Great Tusk|80/100 brn|[from] brn
|upkeep
|turn|38
|
|t:|1759033289
|move|p2a: Great Tusk|Ice Spinner|p1a: Weezing
|-damage|p1a: Weezing|74/100 par
|cant|p1a: Weezing|par
|
|-heal|p1a: Weezing|80/100 par|[from] item: Leftovers
|-damage|p2a: Great Tusk|74/100 brn|[from] brn
|upkeep
|turn|39
|
|t:|1759033306
|-end|p2a: Great Tusk|Protosynthesis|[silent]
|switch|p2a: Araquanid|Araquanid, F, shiny|45/100
|move|p1a: Weezing|Gunk Shot|p2a: Araquanid
|-crit|p2a: Araquanid
|-damage|p2a: Araquanid|0 fnt
|faint|p2a: Araquanid
|
|-heal|p1a: Weezing|86/100 par|[from] item: Leftovers
|upkeep
|
|t:|1759033313
|switch|p2a: Raging Bolt|Raging Bolt|100/100
|turn|40
|
|t:|1759033319
|move|p2a: Raging Bolt|Calm Mind|p2a: Raging Bolt
|-boost|p2a: Raging Bolt|spa|1
|-boost|p2a: Raging Bolt|spd|1
|move|p1a: Weezing|Play Rough|p2a: Raging Bolt
|-supereffective|p2a: Raging Bolt
|-damage|p2a: Raging Bolt|56/100
|
|-heal|p1a: Weezing|92/100 par|[from] item: Leftovers
|upkeep
|turn|41
|
|t:|1759033328
|move|p2a: Raging Bolt|Thunderbolt|p1a: Weezing
|-damage|p1a: Weezing|0 fnt
|faint|p1a: Weezing
|-end|p1a: Weezing|ability: Neutralizing Gas
|-enditem|p2a: Raging Bolt|Booster Energy
|-activate|p2a: Raging Bolt|ability: Protosynthesis|[fromitem]
|-start|p2a: Raging Bolt|protosynthesisspa
|
|upkeep
|
|t:|1759033333
|switch|p1a: Keldeo|Keldeo-Resolute|39/100
|turn|42
|
|t:|1759033338
|move|p2a: Raging Bolt|Thunderclap|p1a: Keldeo
|-supereffective|p1a: Keldeo
|-damage|p1a: Keldeo|0 fnt
|faint|p1a: Keldeo
|
|upkeep
|
|t:|1759033345
|switch|p1a: Moltres|Moltres|74/100
|turn|43
|
|t:|1759033362
|-terastallize|p1a: Moltres|Grass
|move|p1a: Moltres|Hurricane|p2a: Raging Bolt
|-resisted|p2a: Raging Bolt
|-damage|p2a: Raging Bolt|42/100
|move|p2a: Raging Bolt|Thunderbolt|p1a: Moltres
|-resisted|p1a: Moltres
|-damage|p1a: Moltres|34/100
|
|upkeep
|turn|44
|
|t:|1759033371
|move|p1a: Moltres|Roost|p1a: Moltres
|-heal|p1a: Moltres|84/100
|move|p2a: Raging Bolt|Thunderbolt|p1a: Moltres
|-resisted|p1a: Moltres
|-damage|p1a: Moltres|44/100
|
|upkeep
|turn|45
|
|t:|1759033380
|move|p1a: Moltres|Hurricane|p2a: Raging Bolt
|-resisted|p2a: Raging Bolt
|-damage|p2a: Raging Bolt|29/100
|-start|p2a: Raging Bolt|confusion
|-activate|p2a: Raging Bolt|confusion
|move|p2a: Raging Bolt|Calm Mind|p2a: Raging Bolt
|-boost|p2a: Raging Bolt|spa|1
|-boost|p2a: Raging Bolt|spd|1
|
|upkeep
|turn|46
|
|t:|1759033389
|move|p1a: Moltres|Hurricane|p2a: Raging Bolt|[miss]
|-miss|p1a: Moltres|p2a: Raging Bolt
|-end|p2a: Raging Bolt|confusion
|move|p2a: Raging Bolt|Calm Mind|p2a: Raging Bolt
|-boost|p2a: Raging Bolt|spa|1
|-boost|p2a: Raging Bolt|spd|1
|
|upkeep
|turn|47
|
|t:|1759033396
|move|p1a: Moltres|Roost|p1a: Moltres
|-heal|p1a: Moltres|94/100
|move|p2a: Raging Bolt|Thunderbolt|p1a: Moltres
|-resisted|p1a: Moltres
|-damage|p1a: Moltres|36/100
|
|upkeep
|turn|48
|
|t:|1759033403
|move|p1a: Moltres|Hurricane|p2a: Raging Bolt
|-resisted|p2a: Raging Bolt
|-damage|p2a: Raging Bolt|21/100
|move|p2a: Raging Bolt|Thunderbolt|p1a: Moltres
|-resisted|p1a: Moltres
|-damage|p1a: Moltres|0 fnt
|faint|p1a: Moltres
|
|upkeep
|
|t:|1759033409
|switch|p1a: Staraptor|Staraptor, M|26/100
|turn|49
|
|t:|1759033412
|move|p2a: Raging Bolt|Thunderclap|p1a: Staraptor
|-supereffective|p1a: Staraptor
|-damage|p1a: Staraptor|0 fnt
|faint|p1a: Staraptor
|
|win|karrumi
|raw|Steel钢系天王de某吾's rating: 1338 &rarr; <strong>1317</strong><br />(-21 for losing)
|raw|karrumi's rating: 1314 &rarr; <strong>1335</strong><br />(+21 for winning)
|l|☆Steel钢系天王de某吾
|player|p1|
|c|☆karrumi|gg
|l|☆karrumi
|player|p2|
