|j|☆Obito 2001
|j|☆lt124yh 925
|t:|1759051774
|gametype|singles
|player|p1|Obito 2001|blue-gen3two|1792
|player|p2|lt124yh 925|pokemonbreederf-gen4|1735
|gen|9
|tier|[Gen 9] OU
|rated|
|rule|HP Percentage Mod: HP is shown in percentages
|rule|Endless Battle Clause: Forcing endless battles is banned
|rule|Species Clause: Limit one of each Pokémon
|rule|OHKO Clause: OHKO moves are banned
|rule|Evasion Items Clause: Evasion items are banned
|rule|Evasion Moves Clause: Evasion moves are banned
|rule|Evasion Abilities Clause: Evasion abilities are banned
|rule|Sleep Moves Clause: Sleep-inducing moves are banned
|clearpoke
|poke|p1|Kingambit, M|
|poke|p1|Landorus-Therian, M|
|poke|p1|Raging Bolt|
|poke|p1|Glimmora, F|
|poke|p1|Dragapult, M|
|poke|p1|Cinderace, F|
|poke|p2|Porygon2|
|poke|p2|Ursaluna, M|
|poke|p2|Cresselia, F|
|poke|p2|Volcanion|
|poke|p2|Hatterene, F|
|poke|p2|Iron Hands|
|teampreview
|inactive|Battle timer is ON: inactive players will automatically lose when time's up. (requested by lt124yh 925)
|inactive|Obito 2001 also wants the timer to be on.
|
|t:|1759051793
|teamsize|p1|6
|teamsize|p2|6
|start
|switch|p1a: BunnyGirlSenpai|Cinderace, F|100/100
|switch|p2a: Hatterene|Hatterene, F|100/100
|turn|1
|
|t:|1759051799
|move|p1a: BunnyGirlSenpai|Pyro Ball|p2a: Hatterene
|-damage|p2a: Hatterene|60/100
|move|p2a: Hatterene|Psychic Noise|p1a: BunnyGirlSenpai
|-damage|p1a: BunnyGirlSenpai|57/100
|-start|p1a: BunnyGirlSenpai|move: Heal Block
|
|upkeep
|turn|2
|j| heatraniac
|
|t:|1759051809
|move|p1a: BunnyGirlSenpai|U-turn|p2a: Hatterene
|-damage|p2a: Hatterene|43/100
|
|t:|1759051811
|switch|p1a: Sosuke Aizen|Kingambit, M, shiny|100/100|[from] U-turn
|move|p2a: Hatterene|Trick Room|p2a: Hatterene
|-fieldstart|move: Trick Room|[of] p2a: Hatterene
|
|upkeep
|turn|3
|j| catarina valentine
|
|t:|1759051818
|switch|p2a: Iron Hands|Iron Hands|100/100
|-enditem|p2a: Iron Hands|Booster Energy
|-activate|p2a: Iron Hands|ability: Quark Drive|[fromitem]
|-start|p2a: Iron Hands|quarkdriveatk
|move|p1a: Sosuke Aizen|Sucker Punch||[still]
|-fail|p1a: Sosuke Aizen
|
|upkeep
|turn|4
|
|t:|1759051822
|-end|p2a: Iron Hands|Quark Drive|[silent]
|switch|p2a: Volcanion|Volcanion|100/100
|-end|p1a: Sosuke Aizen|fallenundefined|[silent]
|switch|p1a: Landorus|Landorus-Therian, M|100/100
|-ability|p1a: Landorus|Intimidate|boost
|-unboost|p2a: Volcanion|atk|1
|
|upkeep
|turn|5
|
|t:|1759051834
|switch|p1a: DraGhost|Dragapult, M|100/100
|move|p2a: Volcanion|Steam Eruption|p1a: DraGhost
|-resisted|p1a: DraGhost
|-damage|p1a: DraGhost|37/100
|
|-heal|p1a: DraGhost|43/100|[from] item: Leftovers
|upkeep
|turn|6
|
|t:|1759051839
|switch|p1a: Zenitsu|Raging Bolt|100/100
|move|p2a: Volcanion|Steam Eruption|p1a: Zenitsu
|-resisted|p1a: Zenitsu
|-damage|p1a: Zenitsu|53/100
|
|-heal|p1a: Zenitsu|59/100|[from] item: Leftovers
|-fieldend|move: Trick Room
|upkeep
|turn|7
|
|t:|1759051851
|switch|p2a: Cresselia|Cresselia, F|100/100
|move|p1a: Zenitsu|Calm Mind|p1a: Zenitsu
|-boost|p1a: Zenitsu|spa|1
|-boost|p1a: Zenitsu|spd|1
|
|-heal|p1a: Zenitsu|65/100|[from] item: Leftovers
|upkeep
|turn|8
|
|t:|1759051861
|move|p1a: Zenitsu|Calm Mind|p1a: Zenitsu
|-boost|p1a: Zenitsu|spa|1
|-boost|p1a: Zenitsu|spd|1
|move|p2a: Cresselia|Trick Room|p2a: Cresselia
|-fieldstart|move: Trick Room|[of] p2a: Cresselia
|
|-heal|p1a: Zenitsu|71/100|[from] item: Leftovers
|upkeep
|turn|9
|
|t:|1759051868
|switch|p2a: Hatterene|Hatterene, F|43/100
|move|p1a: Zenitsu|Calm Mind|p1a: Zenitsu
|-boost|p1a: Zenitsu|spa|1
|-boost|p1a: Zenitsu|spd|1
|
|-heal|p1a: Zenitsu|77/100|[from] item: Leftovers
|upkeep
|turn|10
|
|t:|1759051874
|move|p1a: Zenitsu|Thunderclap||[still]
|-fail|p1a: Zenitsu
|move|p2a: Hatterene|Healing Wish|p2a: Hatterene
|faint|p2a: Hatterene
|
|-heal|p1a: Zenitsu|83/100|[from] item: Leftovers
|upkeep
|
|t:|1759051877
|switch|p2a: Ursaluna|Ursaluna, M|100/100
|turn|11
|
|t:|1759051881
|-terastallize|p1a: Zenitsu|Bug
|move|p2a: Ursaluna|Protect|p2a: Ursaluna
|-singleturn|p2a: Ursaluna|Protect
|move|p1a: Zenitsu|Dragon Pulse|p2a: Ursaluna
|-activate|p2a: Ursaluna|move: Protect
|
|-heal|p1a: Zenitsu|89/100|[from] item: Leftovers
|-status|p2a: Ursaluna|brn|[from] item: Flame Orb
|upkeep
|turn|12
|
|t:|1759051885
|-end|p1a: Zenitsu|Protosynthesis|[silent]
|switch|p1a: DraGhost|Dragapult, M|43/100
|move|p2a: Ursaluna|Facade|p1a: DraGhost
|-immune|p1a: DraGhost
|
|-heal|p1a: DraGhost|49/100|[from] item: Leftovers
|-damage|p2a: Ursaluna|94/100 brn|[from] brn
|-fieldend|move: Trick Room
|upkeep
|turn|13
|
|t:|1759051893
|switch|p1a: Landorus|Landorus-Therian, M|100/100
|-ability|p1a: Landorus|Intimidate|boost
|-unboost|p2a: Ursaluna|atk|1
|move|p2a: Ursaluna|Facade|p1a: Landorus
|-damage|p1a: Landorus|19/100
|-damage|p2a: Ursaluna|78/100 brn|[from] item: Rocky Helmet|[of] p1a: Landorus
|
|-damage|p2a: Ursaluna|72/100 brn|[from] brn
|upkeep
|turn|14
|inactive|lt124yh 925 has 120 seconds left.
|
|t:|1759051931
|move|p1a: Landorus|Grass Knot|p2a: Ursaluna
|-supereffective|p2a: Ursaluna
|-damage|p2a: Ursaluna|19/100 brn
|move|p2a: Ursaluna|Facade|p1a: Landorus
|-damage|p1a: Landorus|0 fnt
|-damage|p2a: Ursaluna|2/100 brn|[from] item: Rocky Helmet|[of] p1a: Landorus
|faint|p1a: Landorus
|
|-damage|p2a: Ursaluna|0 fnt|[from] brn
|faint|p2a: Ursaluna
|upkeep
|
|t:|1759051942
|switch|p1a: DraGhost|Dragapult, M|49/100
|switch|p2a: Porygon2|Porygon2|100/100
|-ability|p2a: Porygon2|Download|boost
|-boost|p2a: Porygon2|spa|1
|turn|15
|
|t:|1759051948
|move|p1a: DraGhost|Will-O-Wisp|p2a: Porygon2
|-status|p2a: Porygon2|brn
|move|p2a: Porygon2|Ice Beam|p1a: DraGhost
|-supereffective|p1a: DraGhost
|-damage|p1a: DraGhost|0 fnt
|faint|p1a: DraGhost
|
|-damage|p2a: Porygon2|94/100 brn|[from] brn
|upkeep
|
|t:|1759051956
|switch|p1a: Zenitsu|Raging Bolt, tera:Bug|89/100
|turn|16
|l| heatraniac
|
|t:|1759051972
|move|p1a: Zenitsu|Calm Mind|p1a: Zenitsu
|-boost|p1a: Zenitsu|spa|1
|-boost|p1a: Zenitsu|spd|1
|move|p2a: Porygon2|Trick Room|p2a: Porygon2
|-fieldstart|move: Trick Room|[of] p2a: Porygon2
|
|-heal|p1a: Zenitsu|95/100|[from] item: Leftovers
|-damage|p2a: Porygon2|88/100 brn|[from] brn
|upkeep
|turn|17
|
|t:|1759051979
|move|p2a: Porygon2|Hyper Beam|p1a: Zenitsu|[miss]
|-miss|p2a: Porygon2|p1a: Zenitsu
|move|p1a: Zenitsu|Thunderbolt|p2a: Porygon2
|-damage|p2a: Porygon2|37/100 brn
|
|-heal|p1a: Zenitsu|100/100|[from] item: Leftovers
|-damage|p2a: Porygon2|30/100 brn|[from] brn
|upkeep
|turn|18
|
|t:|1759051984
|-terastallize|p2a: Porygon2|Ground
|move|p1a: Zenitsu|Thunderclap|p2a: Porygon2
|-immune|p2a: Porygon2
|move|p2a: Porygon2|Hyper Beam|p1a: Zenitsu
|-damage|p1a: Zenitsu|25/100
|-mustrecharge|p2a: Porygon2
|
|-heal|p1a: Zenitsu|32/100|[from] item: Leftovers
|-damage|p2a: Porygon2|24/100 brn|[from] brn
|upkeep
|turn|19
|
|t:|1759051990
|cant|p2a: Porygon2|recharge
|move|p1a: Zenitsu|Dragon Pulse|p2a: Porygon2
|-damage|p2a: Porygon2|0 fnt
|faint|p2a: Porygon2
|
|-heal|p1a: Zenitsu|38/100|[from] item: Leftovers
|upkeep
|
|t:|1759051994
|switch|p2a: Iron Hands|Iron Hands|100/100
|turn|20
|
|t:|1759051999
|-end|p1a: Zenitsu|Protosynthesis|[silent]
|switch|p1a: Toxica|Glimmora, F|100/100
|move|p2a: Iron Hands|Supercell Slam|p1a: Toxica
|-damage|p1a: Toxica|29/100
|-activate|p1a: Toxica|ability: Toxic Debris
|-sidestart|p2: lt124yh 925|move: Toxic Spikes
|
|-fieldend|move: Trick Room
|upkeep
|turn|21
|
|t:|1759052007
|-end|p2a: Iron Hands|Quark Drive|[silent]
|switch|p2a: Cresselia|Cresselia, F|100/100
|move|p1a: Toxica|Earth Power|p2a: Cresselia
|-immune|p2a: Cresselia|[from] ability: Levitate
|
|upkeep
|turn|22
|
|t:|1759052013
|switch|p1a: Zenitsu|Raging Bolt, tera:Bug|38/100
|move|p2a: Cresselia|Psychic|p1a: Zenitsu
|-damage|p1a: Zenitsu|13/100
|
|-heal|p1a: Zenitsu|19/100|[from] item: Leftovers
|upkeep
|turn|23
|
|t:|1759052022
|-end|p1a: Zenitsu|Protosynthesis|[silent]
|switch|p1a: Sosuke Aizen|Kingambit, M, shiny|100/100
|-activate|p1a: Sosuke Aizen|ability: Supreme Overlord
|-start|p1a: Sosuke Aizen|fallen2|[silent]
|move|p2a: Cresselia|Moonblast|p1a: Sosuke Aizen
|-damage|p1a: Sosuke Aizen|82/100
|-unboost|p1a: Sosuke Aizen|spa|1
|
|-heal|p1a: Sosuke Aizen|88/100|[from] item: Leftovers
|upkeep
|turn|24
|
|t:|1759052032
|switch|p2a: Iron Hands|Iron Hands|100/100
|-status|p2a: Iron Hands|psn
|move|p1a: Sosuke Aizen|Iron Head|p2a: Iron Hands
|-resisted|p2a: Iron Hands
|-damage|p2a: Iron Hands|81/100 psn
|
|-heal|p1a: Sosuke Aizen|94/100|[from] item: Leftovers
|-damage|p2a: Iron Hands|69/100 psn|[from] psn
|upkeep
|turn|25
|l| catarina valentine
|
|t:|1759052039
|-end|p1a: Sosuke Aizen|fallen2|[silent]
|switch|p1a: BunnyGirlSenpai|Cinderace, F|57/100
|move|p2a: Iron Hands|Close Combat|p1a: BunnyGirlSenpai
|-damage|p1a: BunnyGirlSenpai|0 fnt
|-unboost|p2a: Iron Hands|def|1
|-unboost|p2a: Iron Hands|spd|1
|faint|p1a: BunnyGirlSenpai
|
|-damage|p2a: Iron Hands|56/100 psn|[from] psn
|upkeep
|
|t:|1759052041
|switch|p1a: Toxica|Glimmora, F|29/100
|turn|26
|
|t:|1759052050
|-end|p2a: Iron Hands|Quark Drive|[silent]
|switch|p2a: Volcanion|Volcanion|100/100
|-status|p2a: Volcanion|psn
|move|p1a: Toxica|Meteor Beam||[still]
|-prepare|p1a: Toxica|Meteor Beam
|-boost|p1a: Toxica|spa|1
|-enditem|p1a: Toxica|Power Herb
|-anim|p1a: Toxica|Meteor Beam|p2a: Volcanion
|-supereffective|p2a: Volcanion
|-crit|p2a: Volcanion
|-damage|p2a: Volcanion|0 fnt
|faint|p2a: Volcanion
|
|upkeep
|
|t:|1759052053
|switch|p2a: Cresselia|Cresselia, F|100/100
|turn|27
|
|t:|1759052060
|move|p1a: Toxica|Sludge Wave|p2a: Cresselia
|-damage|p2a: Cresselia|54/100
|move|p2a: Cresselia|Trick Room|p2a: Cresselia
|-fieldstart|move: Trick Room|[of] p2a: Cresselia
|
|upkeep
|turn|28
|
|t:|1759052072
|switch|p1a: Sosuke Aizen|Kingambit, M, shiny|94/100
|-activate|p1a: Sosuke Aizen|ability: Supreme Overlord
|-start|p1a: Sosuke Aizen|fallen3|[silent]
|move|p2a: Cresselia|Lunar Dance|p2a: Cresselia
|faint|p2a: Cresselia
|
|-heal|p1a: Sosuke Aizen|99/100|[from] item: Leftovers
|upkeep
|
|t:|1759052074
|switch|p2a: Iron Hands|Iron Hands|56/100 psn
|-heal|p2a: Iron Hands|100/100|[from] move: Healing Wish
|-heal|p2a: Iron Hands|100/100|[from] move: Lunar Dance
|-status|p2a: Iron Hands|psn
|turn|29
|j| catarina valentine
|
|t:|1759052081
|-end|p1a: Sosuke Aizen|fallen3|[silent]
|switch|p1a: Toxica|Glimmora, F|29/100
|move|p2a: Iron Hands|Close Combat|p1a: Toxica
|-damage|p1a: Toxica|0 fnt
|-unboost|p2a: Iron Hands|def|1
|-unboost|p2a: Iron Hands|spd|1
|-activate|p1a: Toxica|ability: Toxic Debris
|-sidestart|p2: lt124yh 925|move: Toxic Spikes
|faint|p1a: Toxica
|
|-damage|p2a: Iron Hands|88/100 psn|[from] psn
|upkeep
|
|t:|1759052094
|switch|p1a: Zenitsu|Raging Bolt, tera:Bug|19/100
|turn|30
|
|t:|1759052098
|move|p1a: Zenitsu|Thunderclap|p2a: Iron Hands
|-resisted|p2a: Iron Hands
|-damage|p2a: Iron Hands|65/100 psn
|move|p2a: Iron Hands|Close Combat|p1a: Zenitsu
|-resisted|p1a: Zenitsu
|-damage|p1a: Zenitsu|0 fnt
|-unboost|p2a: Iron Hands|def|1
|-unboost|p2a: Iron Hands|spd|1
|faint|p1a: Zenitsu
|-end|p1a: Zenitsu|Protosynthesis|[silent]
|
|-damage|p2a: Iron Hands|52/100 psn|[from] psn
|upkeep
|
|t:|1759052104
|switch|p1a: Sosuke Aizen|Kingambit, M, shiny|99/100
|-activate|p1a: Sosuke Aizen|ability: Supreme Overlord
|-start|p1a: Sosuke Aizen|fallen5|[silent]
|turn|31
|
|t:|1759052106
|move|p1a: Sosuke Aizen|Sucker Punch|p2a: Iron Hands
|-resisted|p2a: Iron Hands
|-damage|p2a: Iron Hands|9/100 psn
|move|p2a: Iron Hands|Close Combat|p1a: Sosuke Aizen
|-supereffective|p1a: Sosuke Aizen
|-damage|p1a: Sosuke Aizen|0 fnt
|-unboost|p2a: Iron Hands|def|1
|-unboost|p2a: Iron Hands|spd|1
|faint|p1a: Sosuke Aizen
|-end|p1a: Sosuke Aizen|fallen5|[silent]
|
|win|lt124yh 925
|raw|Obito 2001's rating: 1792 &rarr; <strong>1769</strong><br />(-23 for losing)
|raw|lt124yh 925's rating: 1735 &rarr; <strong>1758</strong><br />(+23 for winning)
|l|☆Obito 2001
|player|p1|
|c|☆lt124yh 925|gg
|l|☆lt124yh 925
|player|p2|
