|j|☆douadyrabbit
|j|☆420Pimmelberger
|t:|1758960541
|gametype|singles
|player|p1|douadyrabbit|pokefanf-gen2|1185
|player|p2|420Pimmelberger|101|1250
|gen|9
|tier|[Gen 9] OU
|rated|
|rule|HP Percentage Mod: HP is shown in percentages
|rule|Endless Battle Clause: Forcing endless battles is banned
|rule|Species Clause: Limit one of each Pokémon
|rule|OHKO Clause: OHKO moves are banned
|rule|Evasion Items Clause: Evasion items are banned
|rule|Evasion Moves Clause: Evasion moves are banned
|rule|Evasion Abilities Clause: Evasion abilities are banned
|rule|Sleep Moves Clause: Sleep-inducing moves are banned
|clearpoke
|poke|p1|Kyurem|
|poke|p1|Corviknight, F|
|poke|p1|Ting-Lu|
|poke|p1|Dondozo, M|
|poke|p1|Slowking-Galar, M|
|poke|p1|Skeledirge, M|
|poke|p2|Bastiodon, F|
|poke|p2|Salamence, M|
|poke|p2|Hoopa|
|poke|p2|Moltres|
|poke|p2|Abomasnow, F|
|poke|p2|Scrafty, M|
|teampreview
|
|t:|1758960552
|teamsize|p1|6
|teamsize|p2|6
|start
|switch|p1a: Skeledirge|Skeledirge, M|100/100
|switch|p2a: Barack|Abomasnow, F|100/100
|-weather|Snowscape|[from] ability: Snow Warning|[of] p2a: Barack
|turn|1
|c|☆420Pimmelberger|BIG DIRGE LETS GO
|
|t:|1758960567
|switch|p2a: KFC in da Hood|Moltres|100/100
|move|p1a: Skeledirge|Torch Song|p2a: KFC in da Hood
|-resisted|p2a: KFC in da Hood
|-damage|p2a: KFC in da Hood|85/100
|-boost|p1a: Skeledirge|spa|1
|
|-weather|Snowscape|[upkeep]
|upkeep
|turn|2
|
|t:|1758960576
|switch|p1a: Slowking|Slowking-Galar, M|100/100
|move|p2a: KFC in da Hood|Roar|p1a: Slowking
|drag|p1a: Corviknight|Corviknight, F|100/100
|-ability|p1a: Corviknight|Pressure
|
|-weather|Snowscape|[upkeep]
|upkeep
|turn|3
|
|t:|1758960585
|switch|p1a: Slowking|Slowking-Galar, M|100/100
|move|p2a: KFC in da Hood|Flamethrower|p1a: Slowking
|-damage|p1a: Slowking|79/100
|
|-weather|Snowscape|[upkeep]
|upkeep
|turn|4
|
|t:|1758960598
|switch|p2a: 4x Babyyyyyyyy|Bastiodon, F|100/100
|move|p1a: Slowking|Toxic|p2a: 4x Babyyyyyyyy
|-immune|p2a: 4x Babyyyyyyyy
|
|-weather|Snowscape|[upkeep]
|upkeep
|turn|5
|
|t:|1758960609
|switch|p1a: Dondozo|Dondozo, M|100/100
|move|p2a: 4x Babyyyyyyyy|Foul Play|p1a: Dondozo
|-damage|p1a: Dondozo|91/100
|
|-weather|none
|-heal|p1a: Dondozo|98/100|[from] item: Leftovers
|upkeep
|turn|6
|
|t:|1758960616
|switch|p2a: Barack|Abomasnow, F|100/100
|-weather|Snowscape|[from] ability: Snow Warning|[of] p2a: Barack
|move|p1a: Dondozo|Body Press|p2a: Barack
|-supereffective|p2a: Barack
|-damage|p2a: Barack|61/100
|
|-weather|Snowscape|[upkeep]
|-heal|p1a: Dondozo|100/100|[from] item: Leftovers
|upkeep
|turn|7
|
|t:|1758960626
|switch|p1a: Corviknight|Corviknight, F|100/100
|-ability|p1a: Corviknight|Pressure
|move|p2a: Barack|Leech Seed|p1a: Corviknight
|-start|p1a: Corviknight|move: Leech Seed
|
|-weather|Snowscape|[upkeep]
|-damage|p1a: Corviknight|88/100|[from] Leech Seed|[of] p2a: Barack
|-heal|p2a: Barack|74/100|[silent]
|upkeep
|turn|8
|
|t:|1758960636
|move|p1a: Corviknight|Brave Bird|p2a: Barack
|-supereffective|p2a: Barack
|-damage|p2a: Barack|20/100
|-damage|p1a: Corviknight|71/100|[from] Recoil
|move|p2a: Barack|Aurora Veil|p2a: Barack
|-sidestart|p2: 420Pimmelberger|move: Aurora Veil
|
|-weather|Snowscape|[upkeep]
|-damage|p1a: Corviknight|59/100|[from] Leech Seed|[of] p2a: Barack
|-heal|p2a: Barack|33/100|[silent]
|upkeep
|turn|9
|
|t:|1758960657
|switch|p2a: KFC in da Hood|Moltres|85/100
|move|p1a: Corviknight|U-turn|p2a: KFC in da Hood
|-resisted|p2a: KFC in da Hood
|-damage|p2a: KFC in da Hood|84/100
|
|t:|1758960668
|switch|p1a: Ting-Lu|Ting-Lu|100/100|[from] U-turn
|-ability|p1a: Ting-Lu|Vessel of Ruin
|
|-weather|Snowscape|[upkeep]
|upkeep
|turn|10
|
|t:|1758960674
|switch|p2a: Barack|Abomasnow, F|33/100
|move|p1a: Ting-Lu|Taunt|p2a: Barack
|-start|p2a: Barack|move: Taunt
|
|-weather|none
|upkeep
|turn|11
|
|t:|1758960690
|switch|p2a: Lil Oatmeal|Scrafty, M|100/100
|switch|p1a: Slowking|Slowking-Galar, M|100/100
|
|upkeep
|turn|12
|
|t:|1758960700
|move|p2a: Lil Oatmeal|Bulk Up|p2a: Lil Oatmeal
|-boost|p2a: Lil Oatmeal|atk|1
|-boost|p2a: Lil Oatmeal|def|1
|move|p1a: Slowking|Toxic|p2a: Lil Oatmeal
|-status|p2a: Lil Oatmeal|tox
|
|-activate|p2a: Lil Oatmeal|ability: Shed Skin
|-curestatus|p2a: Lil Oatmeal|tox|[msg]
|-sideend|p2: 420Pimmelberger|move: Aurora Veil
|upkeep
|turn|13
|
|t:|1758960716
|switch|p1a: Dondozo|Dondozo, M|100/100
|move|p2a: Lil Oatmeal|Knock Off|p1a: Dondozo
|-damage|p1a: Dondozo|87/100
|-enditem|p1a: Dondozo|Leftovers|[from] move: Knock Off|[of] p2a: Lil Oatmeal
|
|upkeep
|turn|14
|
|t:|1758960739
|switch|p2a: MJ|Hoopa|100/100
|move|p1a: Dondozo|Body Press|p2a: MJ
|-immune|p2a: MJ
|
|upkeep
|turn|15
|
|t:|1758960748
|move|p2a: MJ|Shadow Ball|p1a: Dondozo
|-damage|p1a: Dondozo|41/100
|move|p1a: Dondozo|Waterfall|p2a: MJ
|-damage|p2a: MJ|52/100
|
|-heal|p2a: MJ|58/100|[from] item: Leftovers
|upkeep
|turn|16
|
|t:|1758960757
|switch|p1a: Ting-Lu|Ting-Lu|100/100
|-ability|p1a: Ting-Lu|Vessel of Ruin
|move|p2a: MJ|Shadow Ball|p1a: Ting-Lu
|-resisted|p1a: Ting-Lu
|-damage|p1a: Ting-Lu|86/100
|
|-heal|p2a: MJ|64/100|[from] item: Leftovers
|-heal|p1a: Ting-Lu|92/100|[from] item: Leftovers
|upkeep
|turn|17
|
|t:|1758960781
|switch|p2a: Lil Oatmeal|Scrafty, M|100/100
|move|p1a: Ting-Lu|Taunt|p2a: Lil Oatmeal
|-start|p2a: Lil Oatmeal|move: Taunt
|
|-heal|p1a: Ting-Lu|99/100|[from] item: Leftovers
|upkeep
|turn|18
|
|t:|1758960790
|switch|p1a: Skeledirge|Skeledirge, M|100/100
|move|p2a: Lil Oatmeal|Drain Punch|p1a: Skeledirge
|-immune|p1a: Skeledirge
|
|upkeep
|turn|19
|
|t:|1758960800
|-terastallize|p1a: Skeledirge|Water
|move|p2a: Lil Oatmeal|Knock Off|p1a: Skeledirge
|-damage|p1a: Skeledirge|75/100
|-enditem|p1a: Skeledirge|Leftovers|[from] move: Knock Off|[of] p2a: Lil Oatmeal
|move|p1a: Skeledirge|Torch Song|p2a: Lil Oatmeal
|-damage|p2a: Lil Oatmeal|81/100
|-boost|p1a: Skeledirge|spa|1
|
|-heal|p2a: Lil Oatmeal|87/100|[from] item: Leftovers
|-end|p2a: Lil Oatmeal|move: Taunt
|upkeep
|turn|20
|
|t:|1758960814
|switch|p2a: KFC in da Hood|Moltres|84/100
|move|p1a: Skeledirge|Torch Song|p2a: KFC in da Hood
|-resisted|p2a: KFC in da Hood
|-damage|p2a: KFC in da Hood|62/100
|-boost|p1a: Skeledirge|spa|1
|
|upkeep
|turn|21
|
|t:|1758960823
|move|p1a: Skeledirge|Shadow Ball|p2a: KFC in da Hood
|-crit|p2a: KFC in da Hood
|-damage|p2a: KFC in da Hood|0 fnt
|faint|p2a: KFC in da Hood
|
|upkeep
|inactive|Battle timer is ON: inactive players will automatically lose when time's up. (requested by douadyrabbit)
|
|t:|1758960864
|switch|p2a: Vanilla Shmoving|Salamence, M|100/100
|-ability|p2a: Vanilla Shmoving|Intimidate|boost
|-unboost|p1a: Skeledirge|atk|1
|turn|22
|
|t:|1758960870
|move|p2a: Vanilla Shmoving|Outrage|p1a: Skeledirge
|-damage|p1a: Skeledirge|18/100
|move|p1a: Skeledirge|Will-O-Wisp|p2a: Vanilla Shmoving
|-status|p2a: Vanilla Shmoving|brn
|
|-damage|p2a: Vanilla Shmoving|94/100 brn|[from] brn
|upkeep
|turn|23
|
|t:|1758960881
|switch|p1a: Corviknight|Corviknight, F|59/100
|-ability|p1a: Corviknight|Pressure
|move|p2a: Vanilla Shmoving|Outrage|p1a: Corviknight|[from] lockedmove
|-resisted|p1a: Corviknight
|-damage|p1a: Corviknight|48/100
|-damage|p2a: Vanilla Shmoving|78/100 brn|[from] item: Rocky Helmet|[of] p1a: Corviknight
|
|-damage|p2a: Vanilla Shmoving|72/100 brn|[from] brn
|upkeep
|turn|24
|
|t:|1758960891
|move|p2a: Vanilla Shmoving|Outrage|p1a: Corviknight|[from] lockedmove
|-resisted|p1a: Corviknight
|-damage|p1a: Corviknight|37/100
|-damage|p2a: Vanilla Shmoving|55/100 brn|[from] item: Rocky Helmet|[of] p1a: Corviknight
|-start|p2a: Vanilla Shmoving|confusion|[fatigue]
|move|p1a: Corviknight|Roost|p1a: Corviknight
|-heal|p1a: Corviknight|87/100
|-singleturn|p1a: Corviknight|move: Roost
|
|-damage|p2a: Vanilla Shmoving|49/100 brn|[from] brn
|upkeep
|turn|25
|
|t:|1758960903
|switch|p2a: 4x Babyyyyyyyy|Bastiodon, F|100/100
|move|p1a: Corviknight|Brave Bird|p2a: 4x Babyyyyyyyy
|-resisted|p2a: 4x Babyyyyyyyy
|-damage|p2a: 4x Babyyyyyyyy|95/100
|-damage|p1a: Corviknight|85/100|[from] Recoil
|
|upkeep
|turn|26
|
|t:|1758960920
|move|p1a: Corviknight|U-turn|p2a: 4x Babyyyyyyyy
|-resisted|p2a: 4x Babyyyyyyyy
|-damage|p2a: 4x Babyyyyyyyy|91/100
|
|t:|1758960925
|switch|p1a: Dondozo|Dondozo, M|41/100|[from] U-turn
|move|p2a: 4x Babyyyyyyyy|Iron Defense|p2a: 4x Babyyyyyyyy
|-boost|p2a: 4x Babyyyyyyyy|def|2
|
|upkeep
|turn|27
|
|t:|1758960936
|switch|p2a: MJ|Hoopa|64/100
|move|p1a: Dondozo|Rest|p1a: Dondozo
|-status|p1a: Dondozo|slp|[from] move: Rest
|-heal|p1a: Dondozo|100/100 slp|[silent]
|
|-heal|p2a: MJ|70/100|[from] item: Leftovers
|upkeep
|turn|28
|
|t:|1758960946
|switch|p1a: Ting-Lu|Ting-Lu|99/100
|-ability|p1a: Ting-Lu|Vessel of Ruin
|move|p2a: MJ|Shadow Ball|p1a: Ting-Lu
|-resisted|p1a: Ting-Lu
|-damage|p1a: Ting-Lu|84/100
|
|-heal|p2a: MJ|76/100|[from] item: Leftovers
|-heal|p1a: Ting-Lu|91/100|[from] item: Leftovers
|upkeep
|turn|29
|inactive|420Pimmelberger has 120 seconds left.
|
|t:|1758960979
|switch|p2a: Vanilla Shmoving|Salamence, M|49/100 brn
|-ability|p2a: Vanilla Shmoving|Intimidate|boost
|-unboost|p1a: Ting-Lu|atk|1
|move|p1a: Ting-Lu|Ruination|p2a: Vanilla Shmoving
|-damage|p2a: Vanilla Shmoving|25/100 brn
|
|-heal|p1a: Ting-Lu|97/100|[from] item: Leftovers
|-damage|p2a: Vanilla Shmoving|19/100 brn|[from] brn
|upkeep
|turn|30
|inactive|420Pimmelberger has 120 seconds left.
|
|t:|1758960991
|move|p2a: Vanilla Shmoving|Dragon Dance|p2a: Vanilla Shmoving
|-boost|p2a: Vanilla Shmoving|atk|1
|-boost|p2a: Vanilla Shmoving|spe|1
|move|p1a: Ting-Lu|Ruination|p2a: Vanilla Shmoving
|-damage|p2a: Vanilla Shmoving|10/100 brn
|
|-heal|p1a: Ting-Lu|100/100|[from] item: Leftovers
|-damage|p2a: Vanilla Shmoving|4/100 brn|[from] brn
|upkeep
|turn|31
|inactive|420Pimmelberger has 120 seconds left.
|
|t:|1758961001
|move|p2a: Vanilla Shmoving|Dual Wingbeat|p1a: Ting-Lu
|-crit|p1a: Ting-Lu
|-damage|p1a: Ting-Lu|89/100
|-damage|p1a: Ting-Lu|82/100
|-hitcount|p1a: Ting-Lu|2
|move|p1a: Ting-Lu|Taunt|p2a: Vanilla Shmoving
|-start|p2a: Vanilla Shmoving|move: Taunt
|
|-heal|p1a: Ting-Lu|88/100|[from] item: Leftovers
|-damage|p2a: Vanilla Shmoving|0 fnt|[from] brn
|faint|p2a: Vanilla Shmoving
|upkeep
|inactive|420Pimmelberger has 120 seconds left.
|
|t:|1758961015
|switch|p2a: Barack|Abomasnow, F|33/100
|-weather|Snowscape|[from] ability: Snow Warning|[of] p2a: Barack
|turn|32
|inactive|420Pimmelberger has 120 seconds left.
|
|t:|1758961025
|switch|p1a: Slowking|Slowking-Galar, M|100/100
|move|p2a: Barack|Leech Seed|p1a: Slowking
|-start|p1a: Slowking|move: Leech Seed
|
|-weather|Snowscape|[upkeep]
|-damage|p1a: Slowking|88/100|[from] Leech Seed|[of] p2a: Barack
|-heal|p2a: Barack|46/100|[silent]
|upkeep
|turn|33
|inactive|420Pimmelberger has 120 seconds left.
|
|t:|1758961038
|move|p2a: Barack|Aurora Veil|p2a: Barack
|-sidestart|p2: 420Pimmelberger|move: Aurora Veil
|move|p1a: Slowking|Future Sight|p2a: Barack
|-start|p1a: Slowking|move: Future Sight
|
|-weather|Snowscape|[upkeep]
|-damage|p1a: Slowking|76/100|[from] Leech Seed|[of] p2a: Barack
|-heal|p2a: Barack|59/100|[silent]
|upkeep
|turn|34
|
|t:|1758961046
|switch|p2a: Lil Oatmeal|Scrafty, M|87/100
|move|p1a: Slowking|Toxic|p2a: Lil Oatmeal
|-status|p2a: Lil Oatmeal|tox
|
|-weather|Snowscape|[upkeep]
|-heal|p2a: Lil Oatmeal|93/100 tox|[from] item: Leftovers
|-damage|p1a: Slowking|63/100|[from] Leech Seed|[of] p2a: Lil Oatmeal
|-heal|p2a: Lil Oatmeal|100/100 tox|[silent]
|-damage|p2a: Lil Oatmeal|95/100 tox|[from] psn
|upkeep
|turn|35
|inactive|420Pimmelberger has 120 seconds left.
|
|t:|1758961063
|switch|p1a: Corviknight|Corviknight, F|85/100
|-ability|p1a: Corviknight|Pressure
|move|p2a: Lil Oatmeal|Drain Punch|p1a: Corviknight
|-damage|p1a: Corviknight|71/100
|-heal|p2a: Lil Oatmeal|100/100 tox|[from] drain|[of] p1a: Corviknight
|-damage|p2a: Lil Oatmeal|84/100 tox|[from] item: Rocky Helmet|[of] p1a: Corviknight
|
|-weather|Snowscape|[upkeep]
|-end|p2a: Lil Oatmeal|move: Future Sight
|-immune|p2a: Lil Oatmeal
|-activate|p2a: Lil Oatmeal|ability: Shed Skin
|-curestatus|p2a: Lil Oatmeal|tox|[msg]
|-heal|p2a: Lil Oatmeal|90/100|[from] item: Leftovers
|upkeep
|turn|36
|inactive|420Pimmelberger has 120 seconds left.
|
|t:|1758961083
|move|p1a: Corviknight|Brave Bird|p2a: Lil Oatmeal
|-supereffective|p2a: Lil Oatmeal
|-damage|p2a: Lil Oatmeal|54/100
|-damage|p1a: Corviknight|61/100|[from] Recoil
|move|p2a: Lil Oatmeal|Bulk Up|p2a: Lil Oatmeal
|-boost|p2a: Lil Oatmeal|atk|1
|-boost|p2a: Lil Oatmeal|def|1
|
|-weather|none
|-heal|p2a: Lil Oatmeal|60/100|[from] item: Leftovers
|upkeep
|turn|37
|inactive|420Pimmelberger has 120 seconds left.
|
|t:|1758961096
|move|p1a: Corviknight|U-turn|p2a: Lil Oatmeal
|-damage|p2a: Lil Oatmeal|55/100
|
|t:|1758961100
|switch|p1a: Dondozo|Dondozo, M|100/100 slp|[from] U-turn
|move|p2a: Lil Oatmeal|Bulk Up|p2a: Lil Oatmeal
|-boost|p2a: Lil Oatmeal|atk|1
|-boost|p2a: Lil Oatmeal|def|1
|
|-heal|p2a: Lil Oatmeal|61/100|[from] item: Leftovers
|-sideend|p2: 420Pimmelberger|move: Aurora Veil
|upkeep
|turn|38
|inactive|420Pimmelberger has 120 seconds left.
|
|t:|1758961110
|switch|p2a: Barack|Abomasnow, F|59/100
|-weather|Snowscape|[from] ability: Snow Warning|[of] p2a: Barack
|cant|p1a: Dondozo|slp
|
|-weather|Snowscape|[upkeep]
|upkeep
|turn|39
|inactive|420Pimmelberger has 120 seconds left.
|
|t:|1758961126
|switch|p1a: Slowking|Slowking-Galar, M|96/100
|move|p2a: Barack|Giga Drain|p1a: Slowking
|-resisted|p1a: Slowking
|-damage|p1a: Slowking|90/100
|-heal|p2a: Barack|62/100|[from] drain|[of] p1a: Slowking
|
|-weather|Snowscape|[upkeep]
|upkeep
|turn|40
|inactive|420Pimmelberger has 120 seconds left.
|
|t:|1758961134
|switch|p2a: Lil Oatmeal|Scrafty, M|61/100
|move|p1a: Slowking|Sludge Bomb|p2a: Lil Oatmeal
|-damage|p2a: Lil Oatmeal|39/100
|-status|p2a: Lil Oatmeal|psn
|
|-weather|Snowscape|[upkeep]
|-activate|p2a: Lil Oatmeal|ability: Shed Skin
|-curestatus|p2a: Lil Oatmeal|psn|[msg]
|-heal|p2a: Lil Oatmeal|45/100|[from] item: Leftovers
|upkeep
|turn|41
|inactive|420Pimmelberger has 120 seconds left.
|
|t:|1758961149
|switch|p1a: Dondozo|Dondozo, M|100/100 slp
|move|p2a: Lil Oatmeal|Knock Off|p1a: Dondozo
|-damage|p1a: Dondozo|91/100 slp
|
|-weather|Snowscape|[upkeep]
|-heal|p2a: Lil Oatmeal|51/100|[from] item: Leftovers
|upkeep
|turn|42
|
|t:|1758961156
|switch|p2a: Barack|Abomasnow, F|62/100
|cant|p1a: Dondozo|slp
|
|-weather|none
|upkeep
|turn|43
|
|t:|1758961165
|move|p2a: Barack|Aurora Veil||[still]
|-fail|p2a: Barack
|-curestatus|p1a: Dondozo|slp|[msg]
|move|p1a: Dondozo|Body Press|p2a: Barack
|-supereffective|p2a: Barack
|-damage|p2a: Barack|3/100
|
|upkeep
|turn|44
|
|t:|1758961173
|switch|p1a: Slowking|Slowking-Galar, M|100/100
|move|p2a: Barack|Giga Drain|p1a: Slowking
|-resisted|p1a: Slowking
|-damage|p1a: Slowking|94/100
|-heal|p2a: Barack|7/100|[from] drain|[of] p1a: Slowking
|
|upkeep
|turn|45
|
|t:|1758961183
|switch|p2a: 4x Babyyyyyyyy|Bastiodon, F|91/100
|move|p1a: Slowking|Sludge Bomb|p2a: 4x Babyyyyyyyy
|-immune|p2a: 4x Babyyyyyyyy
|
|upkeep
|turn|46
|
|t:|1758961189
|switch|p2a: Lil Oatmeal|Scrafty, M|51/100
|move|p1a: Slowking|Future Sight|p2a: Lil Oatmeal
|-start|p1a: Slowking|move: Future Sight
|
|-heal|p2a: Lil Oatmeal|57/100|[from] item: Leftovers
|upkeep
|turn|47
|
|t:|1758961196
|move|p2a: Lil Oatmeal|Drain Punch|p1a: Slowking
|-resisted|p1a: Slowking
|-damage|p1a: Slowking|87/100
|-heal|p2a: Lil Oatmeal|61/100|[from] drain|[of] p1a: Slowking
|move|p1a: Slowking|Sludge Bomb|p2a: Lil Oatmeal
|-damage|p2a: Lil Oatmeal|36/100
|
|-heal|p2a: Lil Oatmeal|42/100|[from] item: Leftovers
|upkeep
|turn|48
|
|t:|1758961210
|move|p2a: Lil Oatmeal|Bulk Up|p2a: Lil Oatmeal
|-boost|p2a: Lil Oatmeal|atk|1
|-boost|p2a: Lil Oatmeal|def|1
|move|p1a: Slowking|Sludge Bomb|p2a: Lil Oatmeal
|-crit|p2a: Lil Oatmeal
|-damage|p2a: Lil Oatmeal|4/100
|-status|p2a: Lil Oatmeal|psn
|
|-end|p2a: Lil Oatmeal|move: Future Sight
|-immune|p2a: Lil Oatmeal
|-heal|p2a: Lil Oatmeal|10/100 psn|[from] item: Leftovers
|-damage|p2a: Lil Oatmeal|0 fnt|[from] psn
|faint|p2a: Lil Oatmeal
|upkeep
|-message|420Pimmelberger forfeited.
|
|win|douadyrabbit
|raw|douadyrabbit's rating: 1185 &rarr; <strong>1215</strong><br />(+30 for winning)
|raw|420Pimmelberger's rating: 1250 &rarr; <strong>1220</strong><br />(-30 for losing)
|l|☆420Pimmelberger
|player|p2|
|l|☆douadyrabbit
|player|p1|
