|j|☆RiaSingh2121
|j|☆jhgghjvhjvj
|t:|1758999415
|gametype|singles
|player|p1|RiaSingh2121|170|1202
|player|p2|jhgghjvhjvj|dawn|1202
|gen|9
|tier|[Gen 9] OU
|rated|
|rule|HP Percentage Mod: HP is shown in percentages
|rule|Endless Battle Clause: Forcing endless battles is banned
|rule|Species Clause: Limit one of each Pokémon
|rule|OHKO Clause: OHKO moves are banned
|rule|Evasion Items Clause: Evasion items are banned
|rule|Evasion Moves Clause: Evasion moves are banned
|rule|Evasion Abilities Clause: Evasion abilities are banned
|rule|Sleep Moves Clause: Sleep-inducing moves are banned
|clearpoke
|poke|p1|Hatterene, F|
|poke|p1|Torkoal, M|
|poke|p1|Corviknight, F|
|poke|p1|Hattrem, F|
|poke|p1|Iron Hands|
|poke|p1|Ursaluna, F|
|poke|p2|Ninetales-Alola, F|
|poke|p2|Ceruledge, M|
|poke|p2|Zamazenta-*|
|poke|p2|Darkrai|
|poke|p2|Gliscor, M|
|poke|p2|Ogerpon-Wellspring, F|
|teampreview
|
|t:|1758999438
|teamsize|p1|6
|teamsize|p2|6
|start
|switch|p1a: Hattrem|Hattrem, F|100/100
|switch|p2a: Ceruledge|Ceruledge, M|100/100
|turn|1
|
|t:|1758999447
|move|p2a: Ceruledge|Swords Dance|p2a: Ceruledge
|-boost|p2a: Ceruledge|atk|2
|move|p1a: Hattrem|Trick Room|p1a: Hattrem
|-fieldstart|move: Trick Room|[of] p1a: Hattrem
|
|upkeep
|turn|2
|
|t:|1758999477
|move|p1a: Hattrem|Healing Wish|p1a: Hattrem
|faint|p1a: Hattrem
|move|p2a: Ceruledge|Bitter Blade|p1: Hattrem|[notarget]
|-fail|p2a: Ceruledge
|
|upkeep
|
|t:|1758999482
|switch|p1a: Ursaluna|Ursaluna, F|100/100
|turn|3
|
|t:|1758999493
|switch|p2a: Gliscor|Gliscor, M|100/100
|move|p1a: Ursaluna|Earthquake|p2a: Gliscor
|-immune|p2a: Gliscor
|
|-status|p1a: Ursaluna|brn|[from] item: Flame Orb
|-status|p2a: Gliscor|tox|[from] item: Toxic Orb
|upkeep
|turn|4
|
|t:|1758999502
|switch|p2a: Ceruledge|Ceruledge, M|100/100
|move|p1a: Ursaluna|Swords Dance|p1a: Ursaluna
|-boost|p1a: Ursaluna|atk|2
|
|-damage|p1a: Ursaluna|94/100 brn|[from] brn
|upkeep
|turn|5
|
|t:|1758999512
|switch|p2a: Gliscor|Gliscor, M|100/100 tox
|move|p1a: Ursaluna|Facade|p2a: Gliscor
|-damage|p2a: Gliscor|0 fnt
|faint|p2a: Gliscor
|
|-damage|p1a: Ursaluna|88/100 brn|[from] brn
|-fieldend|move: Trick Room
|upkeep
|
|t:|1758999523
|switch|p2a: Zamazenta|Zamazenta|100/100
|-ability|p2a: Zamazenta|Dauntless Shield|boost
|-boost|p2a: Zamazenta|def|1
|turn|6
|
|t:|1758999539
|-terastallize|p1a: Ursaluna|Ground
|move|p2a: Zamazenta|Iron Defense|p2a: Zamazenta
|-boost|p2a: Zamazenta|def|2
|move|p1a: Ursaluna|Facade|p2a: Zamazenta
|-damage|p2a: Zamazenta|24/100
|
|-damage|p1a: Ursaluna|82/100 brn|[from] brn
|upkeep
|turn|7
|
|t:|1758999556
|move|p2a: Zamazenta|Body Press|p1a: Ursaluna
|-damage|p1a: Ursaluna|23/100 brn
|move|p1a: Ursaluna|Facade|p2a: Zamazenta
|-crit|p2a: Zamazenta
|-damage|p2a: Zamazenta|0 fnt
|faint|p2a: Zamazenta
|
|-damage|p1a: Ursaluna|17/100 brn|[from] brn
|upkeep
|
|t:|1758999567
|switch|p2a: Ninetales|Ninetales-Alola, F, shiny|100/100
|-weather|Snowscape|[from] ability: Snow Warning|[of] p2a: Ninetales
|turn|8
|
|t:|1758999573
|switch|p1a: Torkoal|Torkoal, M|100/100
|-weather|SunnyDay|[from] ability: Drought|[of] p1a: Torkoal
|move|p2a: Ninetales|Freeze-Dry|p1a: Torkoal
|-resisted|p1a: Torkoal
|-damage|p1a: Torkoal|83/100
|
|-weather|SunnyDay|[upkeep]
|upkeep
|turn|9
|
|t:|1758999585
|switch|p2a: Ceruledge|Ceruledge, M|100/100
|move|p1a: Torkoal|Lava Plume|p2a: Ceruledge
|-resisted|p2a: Ceruledge
|-damage|p2a: Ceruledge|72/100
|
|-weather|SunnyDay|[upkeep]
|upkeep
|turn|10
|
|t:|1758999600
|move|p2a: Ceruledge|Swords Dance|p2a: Ceruledge
|-boost|p2a: Ceruledge|atk|2
|move|p1a: Torkoal|Scorching Sands|p2a: Ceruledge
|-supereffective|p2a: Ceruledge
|-damage|p2a: Ceruledge|25/100
|
|-weather|SunnyDay|[upkeep]
|upkeep
|turn|11
|
|t:|1758999609
|move|p2a: Ceruledge|Poltergeist|p1a: Torkoal
|-activate|p1a: Torkoal|move: Poltergeist|Heavy-Duty Boots
|-damage|p1a: Torkoal|3/100
|move|p1a: Torkoal|Scorching Sands|p2a: Ceruledge
|-supereffective|p2a: Ceruledge
|-damage|p2a: Ceruledge|0 fnt
|faint|p2a: Ceruledge
|
|-weather|SunnyDay|[upkeep]
|upkeep
|
|t:|1758999621
|switch|p2a: Darkrai|Darkrai, shiny|100/100
|turn|12
|
|t:|1758999627
|switch|p1a: Iron Hands|Iron Hands|100/100
|move|p2a: Darkrai|Dark Pulse|p1a: Iron Hands
|-resisted|p1a: Iron Hands
|-damage|p1a: Iron Hands|88/100
|
|-weather|none
|upkeep
|turn|13
|
|t:|1758999636
|-terastallize|p2a: Darkrai|Poison
|move|p2a: Darkrai|Nasty Plot|p2a: Darkrai
|-boost|p2a: Darkrai|spa|2
|move|p1a: Iron Hands|Drain Punch|p2a: Darkrai
|-resisted|p2a: Darkrai
|-damage|p2a: Darkrai|75/100
|-heal|p1a: Iron Hands|95/100|[from] drain|[of] p2a: Darkrai
|
|upkeep
|turn|14
|
|t:|1758999648
|move|p2a: Darkrai|Sludge Bomb|p1a: Iron Hands
|-damage|p1a: Iron Hands|44/100
|move|p1a: Iron Hands|Earthquake|p2a: Darkrai
|-supereffective|p2a: Darkrai
|-damage|p2a: Darkrai|0 fnt
|faint|p2a: Darkrai
|
|upkeep
|
|t:|1758999655
|switch|p2a: Ninetales|Ninetales-Alola, F, shiny|100/100
|-weather|Snowscape|[from] ability: Snow Warning|[of] p2a: Ninetales
|turn|15
|
|t:|1758999664
|-end|p1a: Iron Hands|Quark Drive|[silent]
|switch|p1a: Torkoal|Torkoal, M|3/100
|-heal|p1a: Torkoal|100/100|[from] move: Healing Wish
|-weather|SunnyDay|[from] ability: Drought|[of] p1a: Torkoal
|move|p2a: Ninetales|Aurora Veil||[still]
|-fail|p2a: Ninetales
|
|-weather|SunnyDay|[upkeep]
|upkeep
|turn|16
|-message|jhgghjvhjvj forfeited.
|
|win|RiaSingh2121
|raw|RiaSingh2121's rating: 1202 &rarr; <strong>1227</strong><br />(+25 for winning)
|raw|jhgghjvhjvj's rating: 1202 &rarr; <strong>1177</strong><br />(-25 for losing)
|l|☆jhgghjvhjvj
|player|p2|
|l|☆RiaSingh2121
|player|p1|
