|j|☆Morriganqrow
|j|☆msksherlock
|t:|1758958039
|gametype|singles
|player|p1|Morriganqrow|parasollady-gen4|1229
|player|p2|msksherlock|1|1239
|gen|9
|tier|[Gen 9] OU
|rated|
|rule|HP Percentage Mod: HP is shown in percentages
|rule|Endless Battle Clause: Forcing endless battles is banned
|rule|Species Clause: Limit one of each Pokémon
|rule|OHKO Clause: OHKO moves are banned
|rule|Evasion Items Clause: Evasion items are banned
|rule|Evasion Moves Clause: Evasion moves are banned
|rule|Evasion Abilities Clause: Evasion abilities are banned
|rule|Sleep Moves Clause: Sleep-inducing moves are banned
|clearpoke
|poke|p1|Rillaboom, M|
|poke|p1|Okidogi, M|
|poke|p1|Zamazenta-*|
|poke|p1|Iron Treads|
|poke|p1|Clefable, F|
|poke|p1|Walking Wake|
|poke|p2|Cloyster, F|
|poke|p2|Ninetales-Alola, M|
|poke|p2|Polteageist|
|poke|p2|Ogerpon-Wellspring, F|
|poke|p2|Iron Treads|
|poke|p2|Salamence, M|
|teampreview
|inactive|Battle timer is ON: inactive players will automatically lose when time's up. (requested by Morriganqrow)
|inactive|Morriganqrow has 120 seconds left.
|
|t:|1758958074
|teamsize|p1|6
|teamsize|p2|6
|start
|switch|p1a: Parklife|Zamazenta, shiny|100/100
|switch|p2a: Tread Lightly|Iron Treads|100/100
|-ability|p1a: Parklife|Dauntless Shield|boost
|-boost|p1a: Parklife|def|1
|-enditem|p2a: Tread Lightly|Booster Energy
|-activate|p2a: Tread Lightly|ability: Quark Drive|[fromitem]
|-start|p2a: Tread Lightly|quarkdrivespe
|turn|1
|
|t:|1758958079
|move|p2a: Tread Lightly|Stealth Rock|p1a: Parklife
|-sidestart|p1: Morriganqrow|move: Stealth Rock
|move|p1a: Parklife|Body Press|p2a: Tread Lightly
|-supereffective|p2a: Tread Lightly
|-damage|p2a: Tread Lightly|1/100
|
|upkeep
|turn|2
|
|t:|1758958084
|move|p2a: Tread Lightly|Steel Beam|p1a: Parklife|[miss]
|-miss|p2a: Tread Lightly|p1a: Parklife
|-damage|p2a: Tread Lightly|0 fnt|[from] steelbeam
|faint|p2a: Tread Lightly
|-end|p2a: Tread Lightly|Quark Drive|[silent]
|move|p1a: Parklife|Body Press|p2: Tread Lightly|[notarget]
|-fail|p1a: Parklife
|
|upkeep
|
|t:|1758958102
|switch|p2a: Bibingka|Polteageist|100/100
|turn|3
|
|t:|1758958122
|switch|p1a: Grace|Clefable, F|100/100
|switch|p2a: Perish in Frost|Ninetales-Alola, M|100/100
|-weather|Snowscape|[from] ability: Snow Warning|[of] p2a: Perish in Frost
|
|-weather|Snowscape|[upkeep]
|upkeep
|turn|4
|
|t:|1758958137
|move|p2a: Perish in Frost|Aurora Veil|p2a: Perish in Frost
|-sidestart|p2: msksherlock|move: Aurora Veil
|move|p1a: Grace|Calm Mind|p1a: Grace
|-boost|p1a: Grace|spa|1
|-boost|p1a: Grace|spd|1
|
|-weather|Snowscape|[upkeep]
|upkeep
|turn|5
|
|t:|1758958150
|move|p2a: Perish in Frost|Encore|p1a: Grace
|-start|p1a: Grace|Encore
|move|p1a: Grace|Calm Mind|p1a: Grace
|-boost|p1a: Grace|spa|1
|-boost|p1a: Grace|spd|1
|
|-weather|Snowscape|[upkeep]
|upkeep
|turn|6
|inactive|Morriganqrow has 120 seconds left.
|
|t:|1758958172
|switch|p2a: NEVERSTOP|Ogerpon-Wellspring, F|100/100
|switch|p1a: Big Fish Theory|Walking Wake|100/100
|-damage|p1a: Big Fish Theory|88/100|[from] Stealth Rock
|
|-weather|Snowscape|[upkeep]
|upkeep
|turn|7
|inactive|Morriganqrow has 120 seconds left.
|
|t:|1758958181
|move|p2a: NEVERSTOP|Power Whip|p1a: Big Fish Theory
|-damage|p1a: Big Fish Theory|8/100
|move|p1a: Big Fish Theory|Draco Meteor|p2a: NEVERSTOP
|-damage|p2a: NEVERSTOP|47/100
|-unboost|p1a: Big Fish Theory|spa|2
|
|-weather|none
|upkeep
|turn|8
|inactive|Morriganqrow has 120 seconds left.
|
|t:|1758958194
|-end|p1a: Big Fish Theory|Protosynthesis|[silent]
|switch|p1a: Roots|Rillaboom, M|100/100
|-damage|p1a: Roots|88/100|[from] Stealth Rock
|-fieldstart|move: Grassy Terrain|[from] ability: Grassy Surge|[of] p1a: Roots
|move|p2a: NEVERSTOP|Power Whip|p1a: Roots|[miss]
|-miss|p2a: NEVERSTOP|p1a: Roots
|
|-heal|p2a: NEVERSTOP|53/100|[from] Grassy Terrain
|-heal|p1a: Roots|94/100|[from] Grassy Terrain
|upkeep
|turn|9
|inactive|Morriganqrow has 120 seconds left.
|
|t:|1758958211
|switch|p2a: Salamence|Salamence, M|100/100
|move|p1a: Roots|Wood Hammer|p2a: Salamence
|-resisted|p2a: Salamence
|-damage|p2a: Salamence|87/100
|-damage|p1a: Roots|90/100|[from] Recoil
|
|-heal|p1a: Roots|96/100|[from] Grassy Terrain
|upkeep
|turn|10
|inactive|Morriganqrow has 120 seconds left.
|
|t:|1758958222
|switch|p1a: Rust in peace|Iron Treads|100/100
|-damage|p1a: Rust in peace|98/100|[from] Stealth Rock
|move|p2a: Salamence|Dragon Dance|p2a: Salamence
|-boost|p2a: Salamence|atk|1
|-boost|p2a: Salamence|spe|1
|
|-heal|p1a: Rust in peace|100/100|[from] Grassy Terrain
|upkeep
|turn|11
|
|t:|1758958228
|move|p2a: Salamence|Focus Energy|p2a: Salamence
|-start|p2a: Salamence|move: Focus Energy
|move|p1a: Rust in peace|Rapid Spin|p2a: Salamence
|-crit|p2a: Salamence
|-damage|p2a: Salamence|61/100
|-boost|p1a: Rust in peace|spe|1
|-sideend|p1: Morriganqrow|Stealth Rock|[from] move: Rapid Spin|[of] p1a: Rust in peace
|
|-sideend|p2: msksherlock|move: Aurora Veil
|upkeep
|turn|12
|
|t:|1758958241
|-terastallize|p2a: Salamence|Steel
|move|p1a: Rust in peace|Stealth Rock|p2a: Salamence
|-sidestart|p2: msksherlock|move: Stealth Rock
|move|p2a: Salamence|Iron Head|p1a: Rust in peace
|-resisted|p1a: Rust in peace
|-crit|p1a: Rust in peace
|-damage|p1a: Rust in peace|57/100
|
|-heal|p1a: Rust in peace|63/100|[from] Grassy Terrain
|-heal|p1a: Rust in peace|69/100|[from] item: Leftovers
|-heal|p2a: Salamence|67/100|[from] Grassy Terrain
|upkeep
|turn|13
|
|t:|1758958247
|move|p1a: Rust in peace|Knock Off|p2a: Salamence
|-damage|p2a: Salamence|39/100
|-enditem|p2a: Salamence|Scope Lens|[from] move: Knock Off|[of] p1a: Rust in peace
|move|p2a: Salamence|Iron Head|p1a: Rust in peace
|-resisted|p1a: Rust in peace
|-crit|p1a: Rust in peace
|-damage|p1a: Rust in peace|31/100
|
|-heal|p1a: Rust in peace|37/100|[from] Grassy Terrain
|-heal|p1a: Rust in peace|43/100|[from] item: Leftovers
|-heal|p2a: Salamence|45/100|[from] Grassy Terrain
|upkeep
|turn|14
|
|t:|1758958260
|move|p1a: Rust in peace|High Horsepower|p2a: Salamence
|-supereffective|p2a: Salamence
|-damage|p2a: Salamence|0 fnt
|faint|p2a: Salamence
|
|-heal|p1a: Rust in peace|49/100|[from] Grassy Terrain
|-heal|p1a: Rust in peace|55/100|[from] item: Leftovers
|upkeep
|
|t:|1758958269
|switch|p2a: Perish in Frost|Ninetales-Alola, M|100/100
|-damage|p2a: Perish in Frost|76/100|[from] Stealth Rock
|-weather|Snowscape|[from] ability: Snow Warning|[of] p2a: Perish in Frost
|turn|15
|
|t:|1758958295
|-end|p1a: Rust in peace|Quark Drive|[silent]
|switch|p1a: Grace|Clefable, F|100/100
|move|p2a: Perish in Frost|Aurora Veil|p2a: Perish in Frost
|-sidestart|p2: msksherlock|move: Aurora Veil
|
|-weather|Snowscape|[upkeep]
|-heal|p2a: Perish in Frost|82/100|[from] Grassy Terrain
|-fieldend|move: Grassy Terrain
|upkeep
|turn|16
|
|t:|1758958308
|move|p2a: Perish in Frost|Moonblast|p1a: Grace
|-damage|p1a: Grace|65/100
|move|p1a: Grace|Thunder Wave|p2a: Perish in Frost
|-status|p2a: Perish in Frost|par
|
|-weather|Snowscape|[upkeep]
|-heal|p1a: Grace|71/100|[from] item: Leftovers
|upkeep
|turn|17
|
|t:|1758958315
|move|p2a: Perish in Frost|Moonblast|p1a: Grace
|-damage|p1a: Grace|39/100
|-unboost|p1a: Grace|spa|1
|move|p1a: Grace|Moonlight|p1a: Grace
|-heal|p1a: Grace|64/100
|
|-weather|Snowscape|[upkeep]
|-heal|p1a: Grace|70/100|[from] item: Leftovers
|upkeep
|turn|18
|
|t:|1758958332
|switch|p1a: Rust in peace|Iron Treads|55/100
|move|p2a: Perish in Frost|Encore||[still]
|-fail|p2a: Perish in Frost
|
|-weather|Snowscape|[upkeep]
|-heal|p1a: Rust in peace|61/100|[from] item: Leftovers
|upkeep
|turn|19
|
|t:|1758958343
|switch|p2a: Bibingka|Polteageist|100/100
|-damage|p2a: Bibingka|88/100|[from] Stealth Rock
|move|p1a: Rust in peace|Rapid Spin|p2a: Bibingka
|-immune|p2a: Bibingka
|
|-weather|none
|-heal|p1a: Rust in peace|67/100|[from] item: Leftovers
|upkeep
|turn|20
|
|t:|1758958355
|-end|p1a: Rust in peace|Quark Drive|[silent]
|switch|p1a: Big Fish Theory|Walking Wake|8/100
|move|p2a: Bibingka|Shell Smash|p2a: Bibingka
|-unboost|p2a: Bibingka|def|1
|-unboost|p2a: Bibingka|spd|1
|-boost|p2a: Bibingka|atk|2
|-boost|p2a: Bibingka|spa|2
|-boost|p2a: Bibingka|spe|2
|-enditem|p2a: Bibingka|White Herb
|-clearnegativeboost|p2a: Bibingka|[silent]
|
|upkeep
|turn|21
|
|t:|1758958364
|move|p2a: Bibingka|Shadow Ball|p1a: Big Fish Theory
|-damage|p1a: Big Fish Theory|0 fnt
|faint|p1a: Big Fish Theory
|-end|p1a: Big Fish Theory|Protosynthesis|[silent]
|
|upkeep
|
|t:|1758958383
|switch|p1a: Roots|Rillaboom, M|96/100
|-fieldstart|move: Grassy Terrain|[from] ability: Grassy Surge|[of] p1a: Roots
|turn|22
|
|t:|1758958396
|-terastallize|p1a: Roots|Grass
|move|p1a: Roots|Grassy Glide|p2a: Bibingka
|-damage|p2a: Bibingka|59/100
|move|p2a: Bibingka|Strength Sap|p1a: Roots
|-unboost|p1a: Roots|atk|1
|-heal|p2a: Bibingka|100/100
|
|-heal|p1a: Roots|100/100|[from] Grassy Terrain
|-sideend|p2: msksherlock|move: Aurora Veil
|upkeep
|turn|23
|
|t:|1758958406
|move|p2a: Bibingka|Strength Sap|p1a: Roots
|-unboost|p1a: Roots|atk|1
|move|p1a: Roots|Swords Dance|p1a: Roots
|-boost|p1a: Roots|atk|2
|
|upkeep
|turn|24
|
|t:|1758958414
|move|p2a: Bibingka|Strength Sap|p1a: Roots
|-unboost|p1a: Roots|atk|1
|move|p1a: Roots|Swords Dance|p1a: Roots
|-boost|p1a: Roots|atk|2
|
|upkeep
|turn|25
|
|t:|1758958423
|move|p1a: Roots|Grassy Glide|p2a: Bibingka
|-damage|p2a: Bibingka|15/100
|move|p2a: Bibingka|Shadow Ball|p1a: Roots
|-damage|p1a: Roots|21/100
|
|-heal|p2a: Bibingka|21/100|[from] Grassy Terrain
|-heal|p1a: Roots|27/100|[from] Grassy Terrain
|upkeep
|turn|26
|
|t:|1758958434
|move|p1a: Roots|Grassy Glide|p2a: Bibingka
|-damage|p2a: Bibingka|0 fnt
|faint|p2a: Bibingka
|
|-heal|p1a: Roots|33/100|[from] Grassy Terrain
|upkeep
|
|t:|1758958440
|switch|p2a: Perish in Frost|Ninetales-Alola, M|82/100 par
|-damage|p2a: Perish in Frost|57/100 par|[from] Stealth Rock
|-weather|Snowscape|[from] ability: Snow Warning|[of] p2a: Perish in Frost
|turn|27
|
|t:|1758958445
|move|p1a: Roots|Grassy Glide|p2a: Perish in Frost
|-damage|p2a: Perish in Frost|0 fnt
|faint|p2a: Perish in Frost
|
|-weather|Snowscape|[upkeep]
|-heal|p1a: Roots|39/100|[from] Grassy Terrain
|upkeep
|
|t:|1758958450
|switch|p2a: TETRADRIVE|Cloyster, F|100/100
|-damage|p2a: TETRADRIVE|76/100|[from] Stealth Rock
|turn|28
|
|t:|1758958453
|move|p1a: Roots|Grassy Glide|p2a: TETRADRIVE
|-supereffective|p2a: TETRADRIVE
|-crit|p2a: TETRADRIVE
|-damage|p2a: TETRADRIVE|0 fnt
|faint|p2a: TETRADRIVE
|
|-weather|Snowscape|[upkeep]
|-heal|p1a: Roots|46/100|[from] Grassy Terrain
|upkeep
|
|t:|1758958463
|switch|p2a: NEVERSTOP|Ogerpon-Wellspring, F|53/100
|-damage|p2a: NEVERSTOP|41/100|[from] Stealth Rock
|turn|29
|
|t:|1758958466
|move|p1a: Roots|Grassy Glide|p2a: NEVERSTOP
|-damage|p2a: NEVERSTOP|0 fnt
|faint|p2a: NEVERSTOP
|
|win|Morriganqrow
|raw|Morriganqrow's rating: 1229 &rarr; <strong>1255</strong><br />(+26 for winning)
|raw|msksherlock's rating: 1239 &rarr; <strong>1213</strong><br />(-26 for losing)
|l|☆Morriganqrow
|player|p1|
|l|☆msksherlock
|player|p2|
