|badge|p2|bronze|gen9ou|100-6
|html|<div class="broadcast-red"><strong>This battle is required to be public due to one or more player having a season medal.</strong><br />During the public phase, you can discuss the state of the ladder <a href="/seasondiscussion">in a special chatroom.</a></div>
|uhtml|medal-msg|<div class="broadcast-blue">Curious what those medals under the avatar are? PS now has Ladder Seasons! For more information, check out the <a href="https://www.smogon.com/forums/threads/3740067/">thread on Smogon.</a></div>
|raw|<div class="broadcast-blue"><strong>This battle is required to be public due to a player having a name starting with 'medal'.</div>
|j|☆1-800 mouse
|j|☆WogerHater
|t:|1758935107
|gametype|singles
|player|p1|1-800 mouse|pokemonrangerf-gen4|1808
|player|p2|WogerHater|dawn-gen4pt|1823
|gen|9
|tier|[Gen 9] OU
|rated|
|rule|HP Percentage Mod: HP is shown in percentages
|rule|Endless Battle Clause: Forcing endless battles is banned
|rule|Species Clause: Limit one of each Pokémon
|rule|OHKO Clause: OHKO moves are banned
|rule|Evasion Items Clause: Evasion items are banned
|rule|Evasion Moves Clause: Evasion moves are banned
|rule|Evasion Abilities Clause: Evasion abilities are banned
|rule|Sleep Moves Clause: Sleep-inducing moves are banned
|clearpoke
|poke|p1|Cinderace, F|
|poke|p1|Deoxys-Speed|
|poke|p1|Dragonite, F|
|poke|p1|Gholdengo|
|poke|p1|Iron Hands|
|poke|p1|Ting-Lu|
|poke|p2|Weezing-Galar, F|
|poke|p2|Ting-Lu|
|poke|p2|Corviknight, M|
|poke|p2|Skeledirge, F|
|poke|p2|Dragapult, M|
|poke|p2|Ogerpon-Wellspring, F|
|teampreview
|inactive|Battle timer is ON: inactive players will automatically lose when time's up. (requested by WogerHater)
|
|t:|1758935125
|teamsize|p1|6
|teamsize|p2|6
|start
|switch|p1a: Ting-Lu|Ting-Lu|100/100
|switch|p2a: Ogerpon|Ogerpon-Wellspring, F|100/100
|-ability|p1a: Ting-Lu|Vessel of Ruin
|turn|1
|
|t:|1758935132
|switch|p1a: Gholdengo|Gholdengo|100/100
|-item|p1a: Gholdengo|Air Balloon
|move|p2a: Ogerpon|Spikes|p1a: Gholdengo
|-sidestart|p1: 1-800 mouse|Spikes
|
|upkeep
|turn|2
|
|t:|1758935141
|switch|p2a: Ting-Lu|Ting-Lu, shiny|100/100
|-ability|p2a: Ting-Lu|Vessel of Ruin
|move|p1a: Gholdengo|Make It Rain|p2a: Ting-Lu
|-damage|p2a: Ting-Lu|78/100
|-unboost|p1a: Gholdengo|spa|1
|
|-heal|p2a: Ting-Lu|84/100|[from] item: Leftovers
|upkeep
|turn|3
|
|t:|1758935148
|switch|p1a: Ting-Lu|Ting-Lu|100/100
|-damage|p1a: Ting-Lu|88/100|[from] Spikes
|-ability|p1a: Ting-Lu|Vessel of Ruin
|move|p2a: Ting-Lu|Stealth Rock|p1a: Ting-Lu
|-sidestart|p1: 1-800 mouse|move: Stealth Rock
|
|-heal|p2a: Ting-Lu|91/100|[from] item: Leftovers
|upkeep
|turn|4
|
|t:|1758935151
|switch|p2a: Ogerpon|Ogerpon-Wellspring, F|100/100
|move|p1a: Ting-Lu|Ruination|p2a: Ogerpon
|-damage|p2a: Ogerpon|50/100
|
|upkeep
|turn|5
|
|t:|1758935154
|switch|p1a: Gholdengo|Gholdengo|100/100
|-damage|p1a: Gholdengo|94/100|[from] Stealth Rock
|-item|p1a: Gholdengo|Air Balloon
|move|p2a: Ogerpon|Knock Off|p1a: Gholdengo
|-supereffective|p1a: Gholdengo
|-crit|p1a: Gholdengo
|-damage|p1a: Gholdengo|18/100
|-enditem|p1a: Gholdengo|Air Balloon
|
|upkeep
|turn|6
|
|t:|1758935158
|move|p2a: Ogerpon|Ivy Cudgel|p1a: Gholdengo|[anim] Ivy Cudgel Water
|-crit|p1a: Gholdengo
|-damage|p1a: Gholdengo|0 fnt
|faint|p1a: Gholdengo
|
|upkeep
|
|t:|1758935160
|switch|p1a: Cinderace|Cinderace, F|100/100
|turn|7
|
|t:|1758935165
|-terastallize|p2a: Ogerpon|Water
|detailschange|p2a: Ogerpon|Ogerpon-Wellspring-Tera, F, tera:Water
|-ability|p2a: Ogerpon|Embody Aspect (Wellspring)|boost
|-boost|p2a: Ogerpon|spd|1
|move|p1a: Cinderace|Will-O-Wisp|p2a: Ogerpon
|-status|p2a: Ogerpon|brn
|move|p2a: Ogerpon|Ivy Cudgel|p1a: Cinderace|[anim] Ivy Cudgel Water
|-supereffective|p1a: Cinderace
|-damage|p1a: Cinderace|16/100
|
|-damage|p2a: Ogerpon|44/100 brn|[from] brn
|upkeep
|turn|8
|
|t:|1758935169
|move|p1a: Cinderace|Court Change|p1a: Cinderace
|-swapsideconditions
|-activate|p1a: Cinderace|move: Court Change
|move|p2a: Ogerpon|Synthesis|p2a: Ogerpon
|-heal|p2a: Ogerpon|94/100 brn
|
|-damage|p2a: Ogerpon|88/100 brn|[from] brn
|upkeep
|turn|9
|
|t:|1758935173
|move|p1a: Cinderace|U-turn|p2a: Ogerpon
|-damage|p2a: Ogerpon|68/100 brn
|j| Perola Z
|
|t:|1758935175
|switch|p1a: Iron Hands|Iron Hands|100/100|[from] U-turn
|-enditem|p1a: Iron Hands|Booster Energy
|-activate|p1a: Iron Hands|ability: Quark Drive|[fromitem]
|-start|p1a: Iron Hands|quarkdriveatk
|move|p2a: Ogerpon|Spikes|p1a: Iron Hands
|-sidestart|p1: 1-800 mouse|Spikes
|
|-damage|p2a: Ogerpon|61/100 brn|[from] brn
|upkeep
|turn|10
|
|t:|1758935180
|switch|p2a: GAS.|Weezing-Galar, F|100/100
|-ability|p2a: GAS.|Neutralizing Gas
|move|p1a: Iron Hands|Swords Dance|p1a: Iron Hands
|-boost|p1a: Iron Hands|atk|2
|
|upkeep
|turn|11
|
|t:|1758935183
|move|p2a: GAS.|Will-O-Wisp|p1a: Iron Hands
|-status|p1a: Iron Hands|brn
|move|p1a: Iron Hands|Thunder Punch|p2a: GAS.
|-damage|p2a: GAS.|72/100
|
|-damage|p1a: Iron Hands|94/100 brn|[from] brn
|upkeep
|turn|12
|
|t:|1758935186
|move|p2a: GAS.|Defog|p1a: Iron Hands
|-unboost|p1a: Iron Hands|evasion|1
|-sideend|p1: 1-800 mouse|Spikes|[from] move: Defog|[of] p2a: GAS.
|-sideend|p2: WogerHater|Spikes|[from] move: Defog|[of] p2a: GAS.
|-sideend|p2: WogerHater|Stealth Rock|[from] move: Defog|[of] p2a: GAS.
|move|p1a: Iron Hands|Thunder Punch|p2a: GAS.
|-damage|p2a: GAS.|44/100
|
|-damage|p1a: Iron Hands|88/100 brn|[from] brn
|upkeep
|turn|13
|
|t:|1758935190
|move|p2a: GAS.|Pain Split|p1a: Iron Hands
|-sethp|p1a: Iron Hands|58/100 brn|[from] move: Pain Split|[silent]
|-sethp|p2a: GAS.|89/100|[from] move: Pain Split
|move|p1a: Iron Hands|Thunder Punch|p2a: GAS.
|-damage|p2a: GAS.|57/100
|
|-damage|p1a: Iron Hands|52/100 brn|[from] brn
|upkeep
|turn|14
|
|t:|1758935195
|-end|p2a: GAS.|ability: Neutralizing Gas
|switch|p2a: Skeledirge|Skeledirge, F|100/100
|move|p1a: Iron Hands|Thunder Punch|p2a: Skeledirge
|-damage|p2a: Skeledirge|74/100
|
|-damage|p1a: Iron Hands|46/100 brn|[from] brn
|upkeep
|turn|15
|
|t:|1758935197
|move|p2a: Skeledirge|Earth Power|p1a: Iron Hands
|-supereffective|p1a: Iron Hands
|-damage|p1a: Iron Hands|7/100 brn
|move|p1a: Iron Hands|Thunder Punch|p2a: Skeledirge
|-damage|p2a: Skeledirge|49/100
|
|-damage|p1a: Iron Hands|1/100 brn|[from] brn
|upkeep
|turn|16
|
|t:|1758935200
|move|p2a: Skeledirge|Slack Off|p2a: Skeledirge
|-heal|p2a: Skeledirge|99/100
|move|p1a: Iron Hands|Thunder Punch|p2a: Skeledirge
|-damage|p2a: Skeledirge|76/100
|
|-damage|p1a: Iron Hands|0 fnt|[from] brn
|faint|p1a: Iron Hands
|-end|p1a: Iron Hands|Quark Drive|[silent]
|upkeep
|
|t:|1758935207
|switch|p1a: Deoxys|Deoxys-Speed|100/100
|-ability|p1a: Deoxys|Pressure
|turn|17
|
|t:|1758935210
|move|p1a: Deoxys|Shadow Ball|p2a: Skeledirge
|-supereffective|p2a: Skeledirge
|-damage|p2a: Skeledirge|45/100
|move|p2a: Skeledirge|Slack Off|p2a: Skeledirge
|-heal|p2a: Skeledirge|95/100
|
|upkeep
|turn|18
|
|t:|1758935214
|move|p1a: Deoxys|Nasty Plot|p1a: Deoxys
|-boost|p1a: Deoxys|spa|2
|move|p2a: Skeledirge|Will-O-Wisp|p1a: Deoxys
|-status|p1a: Deoxys|brn
|
|-damage|p1a: Deoxys|94/100 brn|[from] brn
|upkeep
|turn|19
|
|t:|1758935217
|move|p1a: Deoxys|Psycho Boost|p2a: Skeledirge
|-damage|p2a: Skeledirge|51/100
|-unboost|p1a: Deoxys|spa|2
|move|p2a: Skeledirge|Slack Off|p2a: Skeledirge
|-heal|p2a: Skeledirge|100/100
|
|-damage|p1a: Deoxys|88/100 brn|[from] brn
|upkeep
|turn|20
|
|t:|1758935220
|move|p1a: Deoxys|Psycho Boost|p2a: Skeledirge
|-damage|p2a: Skeledirge|60/100
|-unboost|p1a: Deoxys|spa|2
|move|p2a: Skeledirge|Torch Song|p1a: Deoxys
|-damage|p1a: Deoxys|38/100 brn
|-boost|p2a: Skeledirge|spa|1
|
|-damage|p1a: Deoxys|32/100 brn|[from] brn
|upkeep
|turn|21
|
|t:|1758935223
|move|p1a: Deoxys|Psycho Boost|p2a: Skeledirge
|-damage|p2a: Skeledirge|15/100
|-unboost|p1a: Deoxys|spa|2
|move|p2a: Skeledirge|Slack Off|p2a: Skeledirge
|-heal|p2a: Skeledirge|65/100
|
|-damage|p1a: Deoxys|26/100 brn|[from] brn
|upkeep
|turn|22
|
|t:|1758935225
|move|p1a: Deoxys|Psycho Boost|p2a: Skeledirge
|-damage|p2a: Skeledirge|24/100
|-unboost|p1a: Deoxys|spa|2
|move|p2a: Skeledirge|Slack Off|p2a: Skeledirge
|-heal|p2a: Skeledirge|74/100
|
|-damage|p1a: Deoxys|20/100 brn|[from] brn
|upkeep
|turn|23
|
|t:|1758935227
|switch|p2a: Ting-Lu|Ting-Lu, shiny|91/100
|-ability|p2a: Ting-Lu|Vessel of Ruin
|move|p1a: Deoxys|Psycho Boost|p2a: Ting-Lu
|-immune|p2a: Ting-Lu
|
|-heal|p2a: Ting-Lu|97/100|[from] item: Leftovers
|-damage|p1a: Deoxys|13/100 brn|[from] brn
|upkeep
|turn|24
|-message|1-800 mouse forfeited.
|
|win|WogerHater
|raw|1-800 mouse's rating: 1808 &rarr; <strong>1789</strong><br />(-19 for losing)
|raw|WogerHater's rating: 1823 &rarr; <strong>1842</strong><br />(+19 for winning)
|l|☆1-800 mouse
|player|p1|
|l|☆WogerHater
|player|p2|
|l| Perola Z
