|j|☆ay cheu
|j|☆lerendezvous
|t:|1758958508
|gametype|singles
|player|p1|ay cheu|riley|1648
|player|p2|lerendezvous|101|1711
|gen|9
|tier|[Gen 9] OU
|rated|
|rule|HP Percentage Mod: HP is shown in percentages
|rule|Endless Battle Clause: Forcing endless battles is banned
|rule|Species Clause: Limit one of each Pokémon
|rule|OHKO Clause: OHKO moves are banned
|rule|Evasion Items Clause: Evasion items are banned
|rule|Evasion Moves Clause: Evasion moves are banned
|rule|Evasion Abilities Clause: Evasion abilities are banned
|rule|Sleep Moves Clause: Sleep-inducing moves are banned
|clearpoke
|poke|p1|Arcanine-Hisui, M|
|poke|p1|Metagross|
|poke|p1|Sandy Shocks|
|poke|p1|Zapdos-Galar|
|poke|p1|Suicune|
|poke|p1|Frosmoth, F|
|poke|p2|Ogerpon-Wellspring, F|
|poke|p2|Slowking-Galar, M|
|poke|p2|Great Tusk|
|poke|p2|Moltres|
|poke|p2|Dragapult, F|
|poke|p2|Kingambit, F|
|teampreview
|inactive|Battle timer is ON: inactive players will automatically lose when time's up. (requested by ay cheu)
|
|t:|1758958515
|teamsize|p1|6
|teamsize|p2|6
|start
|switch|p1a: 隼|Zapdos-Galar|100/100
|switch|p2a: Great Tusk|Great Tusk|100/100
|turn|1
|inactive|lerendezvous also wants the timer to be on.
|
|t:|1758958519
|switch|p1a: 力拔山兮|Metagross, shiny|100/100
|move|p2a: Great Tusk|Stealth Rock|p1a: 力拔山兮
|-sidestart|p1: ay cheu|move: Stealth Rock
|
|upkeep
|turn|2
|
|t:|1758958525
|-terastallize|p1a: 力拔山兮|Fighting
|move|p2a: Great Tusk|Headlong Rush|p1a: 力拔山兮
|-damage|p1a: 力拔山兮|63/100
|-unboost|p2a: Great Tusk|def|1
|-unboost|p2a: Great Tusk|spd|1
|-damage|p2a: Great Tusk|84/100|[from] item: Rocky Helmet|[of] p1a: 力拔山兮
|move|p1a: 力拔山兮|Psychic Noise|p2a: Great Tusk
|-supereffective|p2a: Great Tusk
|-damage|p2a: Great Tusk|0 fnt
|faint|p2a: Great Tusk
|-end|p2a: Great Tusk|Protosynthesis|[silent]
|
|upkeep
|
|t:|1758958533
|switch|p2a: Ogerpon|Ogerpon-Wellspring, F|100/100
|turn|3
|
|t:|1758958537
|-terastallize|p2a: Ogerpon|Water
|detailschange|p2a: Ogerpon|Ogerpon-Wellspring-Tera, F, tera:Water
|-ability|p2a: Ogerpon|Embody Aspect (Wellspring)|boost
|-boost|p2a: Ogerpon|spd|1
|move|p2a: Ogerpon|Ivy Cudgel|p1a: 力拔山兮|[anim] Ivy Cudgel Water
|-damage|p1a: 力拔山兮|15/100
|move|p1a: 力拔山兮|Body Press|p2a: Ogerpon
|-damage|p2a: Ogerpon|43/100
|
|upkeep
|turn|4
|
|t:|1758958548
|move|p1a: 力拔山兮|Bullet Punch|p2a: Ogerpon
|-resisted|p2a: Ogerpon
|-damage|p2a: Ogerpon|30/100
|move|p2a: Ogerpon|Ivy Cudgel|p1a: 力拔山兮|[anim] Ivy Cudgel Water
|-damage|p1a: 力拔山兮|0 fnt
|faint|p1a: 力拔山兮
|
|upkeep
|
|t:|1758958550
|switch|p1a: 隼|Zapdos-Galar|100/100
|-damage|p1a: 隼|88/100|[from] Stealth Rock
|turn|5
|
|t:|1758958555
|switch|p2a: Moltres|Moltres|100/100
|move|p1a: 隼|U-turn|p2a: Moltres
|-resisted|p2a: Moltres
|-damage|p2a: Moltres|97/100
|
|t:|1758958557
|switch|p1a: 灰灰|Arcanine-Hisui, M|100/100|[from] U-turn
|-damage|p1a: 灰灰|75/100|[from] Stealth Rock
|
|upkeep
|turn|6
|
|t:|1758958561
|move|p1a: 灰灰|Flare Blitz|p2a: Moltres
|-resisted|p2a: Moltres
|-crit|p2a: Moltres
|-damage|p2a: Moltres|51/100
|move|p2a: Moltres|U-turn|p1a: 灰灰
|-resisted|p1a: 灰灰
|-damage|p1a: 灰灰|67/100
|
|t:|1758958570
|switch|p2a: Ogerpon|Ogerpon-Wellspring-Tera, F, tera:Water|30/100|[from] U-turn
|-ability|p2a: Ogerpon|Embody Aspect (Wellspring)|boost
|-boost|p2a: Ogerpon|spd|1
|
|upkeep
|turn|7
|
|t:|1758958575
|switch|p1a: 君君|Suicune|100/100
|-damage|p1a: 君君|88/100|[from] Stealth Rock
|-ability|p1a: 君君|Pressure
|move|p2a: Ogerpon|Ivy Cudgel|p1a: 君君|[anim] Ivy Cudgel Water
|-resisted|p1a: 君君
|-damage|p1a: 君君|67/100
|
|-heal|p1a: 君君|73/100|[from] item: Leftovers
|upkeep
|turn|8
|
|t:|1758958582
|switch|p1a: 隼|Zapdos-Galar|88/100
|-damage|p1a: 隼|76/100|[from] Stealth Rock
|move|p2a: Ogerpon|Knock Off|p1a: 隼
|-resisted|p1a: 隼
|-damage|p1a: 隼|53/100
|-enditem|p1a: 隼|Choice Scarf|[from] move: Knock Off|[of] p2a: Ogerpon
|
|upkeep
|turn|9
|
|t:|1758958588
|move|p2a: Ogerpon|Ivy Cudgel|p1a: 隼|[anim] Ivy Cudgel Water
|-damage|p1a: 隼|0 fnt
|faint|p1a: 隼
|
|upkeep
|-message|ay cheu forfeited.
|
|win|lerendezvous
|raw|ay cheu's rating: 1648 &rarr; <strong>1632</strong><br />(-16 for losing)
|raw|lerendezvous's rating: 1711 &rarr; <strong>1727</strong><br />(+16 for winning)
