|j|☆heemheem
|j|☆Nene leakes rhoa
|t:|1758975418
|gametype|singles
|player|p1|heemheem|backersf|1196
|player|p2|Nene leakes rhoa|2|1153
|gen|9
|tier|[Gen 9] OU
|rated|
|rule|HP Percentage Mod: HP is shown in percentages
|rule|Endless Battle Clause: Forcing endless battles is banned
|rule|Species Clause: Limit one of each Pokémon
|rule|OHKO Clause: OHKO moves are banned
|rule|Evasion Items Clause: Evasion items are banned
|rule|Evasion Moves Clause: Evasion moves are banned
|rule|Evasion Abilities Clause: Evasion abilities are banned
|rule|Sleep Moves Clause: Sleep-inducing moves are banned
|clearpoke
|poke|p1|Jirachi|
|poke|p1|Dondozo, F|
|poke|p1|Gliscor, F|
|poke|p1|Blissey, F|
|poke|p1|Toxapex, F|
|poke|p1|Clefable, F|
|poke|p2|Houndoom, F|
|poke|p2|Vaporeon, F|
|poke|p2|Luxray, F|
|poke|p2|Staraptor, F|
|poke|p2|Medicham, F|
|poke|p2|Clefable, F|
|teampreview
|
|t:|1758975435
|teamsize|p1|6
|teamsize|p2|6
|start
|switch|p1a: Glisca|Gliscor, F|100/100
|switch|p2a: Houndoom|Houndoom, F|100/100
|turn|1
|inactive|Battle timer is ON: inactive players will automatically lose when time's up. (requested by heemheem)
|
|t:|1758975449
|switch|p2a: Luxray|Luxray, F, shiny|100/100
|-ability|p2a: Luxray|Intimidate|boost
|-unboost|p1a: Glisca|atk|1
|move|p1a: Glisca|Protect||[still]
|-fail|p1a: Glisca
|
|-status|p1a: Glisca|tox|[from] item: Toxic Orb
|upkeep
|turn|2
|l|☆heemheem
|inactive|heemheem disconnected and has a minute to reconnect!
|player|p1|
|inactive|heemheem has 30 seconds to reconnect!
|inactive|heemheem has 20 seconds to reconnect!
|j|☆heemheem
|inactive|heemheem reconnected and has 95 seconds left.
|player|p1|heemheem|backersf|
|inactive|heemheem has 90 seconds left.
|
|t:|1758975509
|switch|p2a: Vaporeon|Vaporeon, F|100/100
|move|p1a: Glisca|Spikes|p2a: Vaporeon
|-sidestart|p2: Nene leakes rhoa|Spikes
|
|upkeep
|turn|3
|
|t:|1758975519
|switch|p1a: Big Stall ™️|Toxapex, F|100/100
|move|p2a: Vaporeon|Ice Beam|p1a: Big Stall ™️
|-resisted|p1a: Big Stall ™️
|-crit|p1a: Big Stall ™️
|-damage|p1a: Big Stall ™️|82/100
|
|upkeep
|turn|4
|
|t:|1758975532
|switch|p2a: Medicham|Medicham, F, shiny|100/100
|-damage|p2a: Medicham|88/100|[from] Spikes
|move|p1a: Big Stall ™️|Toxic|p2a: Medicham
|-status|p2a: Medicham|tox
|
|-damage|p2a: Medicham|82/100 tox|[from] psn
|upkeep
|turn|5
|
|t:|1758975542
|move|p1a: Big Stall ™️|Baneful Bunker|p1a: Big Stall ™️
|-singleturn|p1a: Big Stall ™️|move: Protect
|move|p2a: Medicham|Zen Headbutt|p1a: Big Stall ™️
|-activate|p1a: Big Stall ™️|move: Protect
|
|-damage|p2a: Medicham|70/100 tox|[from] psn
|upkeep
|turn|6
|
|t:|1758975551
|switch|p1a: Elon Musk|Jirachi|100/100
|move|p2a: Medicham|Zen Headbutt|p1a: Elon Musk
|-resisted|p1a: Elon Musk
|-damage|p1a: Elon Musk|86/100
|-damage|p2a: Medicham|60/100 tox|[from] item: Life Orb
|
|-damage|p2a: Medicham|41/100 tox|[from] psn
|upkeep
|turn|7
|
|t:|1758975562
|move|p1a: Elon Musk|Protect|p1a: Elon Musk
|-singleturn|p1a: Elon Musk|Protect
|move|p2a: Medicham|Close Combat|p1a: Elon Musk
|-activate|p1a: Elon Musk|move: Protect
|
|-damage|p2a: Medicham|17/100 tox|[from] psn
|upkeep
|turn|8
|
|t:|1758975577
|switch|p1a: Glisca|Gliscor, F|100/100 tox
|move|p2a: Medicham|Drain Punch|p1a: Glisca
|-resisted|p1a: Glisca
|-damage|p1a: Glisca|81/100 tox
|-heal|p2a: Medicham|30/100 tox|[from] drain|[of] p1a: Glisca
|-damage|p2a: Medicham|20/100 tox|[from] item: Life Orb
|
|-damage|p2a: Medicham|0 fnt|[from] psn
|faint|p2a: Medicham
|-heal|p1a: Glisca|93/100 tox|[from] ability: Poison Heal
|upkeep
|
|t:|1758975589
|switch|p2a: Clefable|Clefable, F, shiny|100/100
|turn|9
|
|t:|1758975598
|move|p1a: Glisca|Protect|p1a: Glisca
|-singleturn|p1a: Glisca|Protect
|move|p2a: Clefable|Moonblast|p1a: Glisca
|-activate|p1a: Glisca|move: Protect
|
|-heal|p1a: Glisca|100/100 tox|[from] ability: Poison Heal
|upkeep
|turn|10
|inactive|heemheem has 120 seconds left.
|
|t:|1758975607
|move|p1a: Glisca|Spikes|p2a: Clefable
|-sidestart|p2: Nene leakes rhoa|Spikes
|move|p2a: Clefable|Calm Mind|p2a: Clefable
|-boost|p2a: Clefable|spa|1
|-boost|p2a: Clefable|spd|1
|
|upkeep
|turn|11
|inactive|heemheem has 120 seconds left.
|
|t:|1758975622
|move|p1a: Glisca|Knock Off|p2a: Clefable
|-resisted|p2a: Clefable
|-damage|p2a: Clefable|88/100
|-enditem|p2a: Clefable|Life Orb|[from] move: Knock Off|[of] p1a: Glisca
|move|p2a: Clefable|Moonblast|p1a: Glisca
|-damage|p1a: Glisca|24/100 tox
|-unboost|p1a: Glisca|spa|1
|
|-heal|p1a: Glisca|37/100 tox|[from] ability: Poison Heal
|upkeep
|turn|12
|inactive|heemheem has 120 seconds left.
|
|t:|1758975633
|move|p1a: Glisca|Protect|p1a: Glisca
|-singleturn|p1a: Glisca|Protect
|move|p2a: Clefable|Calm Mind|p2a: Clefable
|-boost|p2a: Clefable|spa|1
|-boost|p2a: Clefable|spd|1
|
|-heal|p1a: Glisca|49/100 tox|[from] ability: Poison Heal
|upkeep
|turn|13
|inactive|heemheem has 120 seconds left.
|
|t:|1758975645
|switch|p1a: Elon Musk|Jirachi|86/100
|move|p2a: Clefable|Moonblast|p1a: Elon Musk
|-resisted|p1a: Elon Musk
|-damage|p1a: Elon Musk|59/100
|
|upkeep
|turn|14
|inactive|heemheem has 120 seconds left.
|
|t:|1758975655
|move|p1a: Elon Musk|Iron Head|p2a: Clefable
|-supereffective|p2a: Clefable
|-damage|p2a: Clefable|30/100
|cant|p2a: Clefable|flinch
|
|upkeep
|turn|15
|
|t:|1758975662
|move|p1a: Elon Musk|Iron Head|p2a: Clefable
|-supereffective|p2a: Clefable
|-damage|p2a: Clefable|0 fnt
|faint|p2a: Clefable
|
|upkeep
|
|t:|1758975667
|switch|p2a: Houndoom|Houndoom, F|100/100
|-damage|p2a: Houndoom|84/100|[from] Spikes
|turn|16
|
|t:|1758975674
|switch|p1a: honey im home|Blissey, F|100/100
|move|p2a: Houndoom|Nasty Plot|p2a: Houndoom
|-boost|p2a: Houndoom|spa|2
|
|upkeep
|turn|17
|
|t:|1758975681
|move|p2a: Houndoom|Flamethrower|p1a: honey im home
|-damage|p1a: honey im home|75/100
|move|p1a: honey im home|Calm Mind|p1a: honey im home
|-boost|p1a: honey im home|spa|1
|-boost|p1a: honey im home|spd|1
|
|upkeep
|turn|18
|
|t:|1758975689
|move|p2a: Houndoom|Sludge Bomb|p1a: honey im home
|-damage|p1a: honey im home|64/100
|move|p1a: honey im home|Calm Mind|p1a: honey im home
|-boost|p1a: honey im home|spa|1
|-boost|p1a: honey im home|spd|1
|
|upkeep
|turn|19
|
|t:|1758975698
|switch|p2a: Staraptor|Staraptor, F, shiny|100/100
|move|p1a: honey im home|Seismic Toss|p2a: Staraptor
|-damage|p2a: Staraptor|68/100
|
|upkeep
|turn|20
|
|t:|1758975707
|switch|p1a: dozing off...|Dondozo, F|100/100
|move|p2a: Staraptor|Whirlwind|p1a: dozing off...
|drag|p1a: honey im home|Blissey, F|64/100
|
|upkeep
|turn|21
|
|t:|1758975717
|switch|p1a: dozing off...|Dondozo, F|100/100
|move|p2a: Staraptor|Brave Bird|p1a: dozing off...
|-damage|p1a: dozing off...|62/100
|-damage|p2a: Staraptor|48/100|[from] Recoil
|-damage|p2a: Staraptor|38/100|[from] item: Life Orb
|
|upkeep
|turn|22
|
|t:|1758975730
|move|p2a: Staraptor|Brave Bird|p1a: dozing off...
|-damage|p1a: dozing off...|23/100
|-damage|p2a: Staraptor|17/100|[from] Recoil
|-damage|p2a: Staraptor|7/100|[from] item: Life Orb
|move|p1a: dozing off...|Rest|p1a: dozing off...
|-status|p1a: dozing off...|slp|[from] move: Rest
|-heal|p1a: dozing off...|100/100 slp|[silent]
|
|upkeep
|turn|23
|
|t:|1758975741
|move|p2a: Staraptor|Double-Edge|p1a: dozing off...
|-damage|p1a: dozing off...|57/100 slp
|-damage|p2a: Staraptor|0 fnt|[from] Recoil
|faint|p2a: Staraptor
|cant|p1a: dozing off...|slp
|move|p1a: dozing off...|Sleep Talk|p1a: dozing off...
|move|p1a: dozing off...|Curse|p1a: dozing off...|[from] move: Sleep Talk
|-unboost|p1a: dozing off...|spe|1
|-boost|p1a: dozing off...|atk|1
|-boost|p1a: dozing off...|def|1
|
|upkeep
|
|t:|1758975745
|switch|p2a: Luxray|Luxray, F, shiny|100/100
|-damage|p2a: Luxray|84/100|[from] Spikes
|-ability|p2a: Luxray|Intimidate|boost
|-unboost|p1a: dozing off...|atk|1
|turn|24
|
|t:|1758975766
|switch|p1a: Clefable's Cooch|Clefable, F|100/100
|move|p2a: Luxray|Ice Fang|p1a: Clefable's Cooch|[miss]
|-miss|p2a: Luxray|p1a: Clefable's Cooch
|
|upkeep
|turn|25
|
|t:|1758975775
|switch|p2a: Houndoom|Houndoom, F|84/100
|-damage|p2a: Houndoom|68/100|[from] Spikes
|move|p1a: Clefable's Cooch|Stealth Rock|p2a: Houndoom
|-sidestart|p2: Nene leakes rhoa|move: Stealth Rock
|
|upkeep
|turn|26
|
|t:|1758975784
|move|p2a: Houndoom|Sludge Bomb|p1a: Clefable's Cooch
|-supereffective|p1a: Clefable's Cooch
|-damage|p1a: Clefable's Cooch|37/100
|move|p1a: Clefable's Cooch|Moonblast|p2a: Houndoom
|-damage|p2a: Houndoom|26/100
|
|upkeep
|turn|27
|
|t:|1758975791
|-terastallize|p1a: Clefable's Cooch|Steel
|move|p2a: Houndoom|Sludge Bomb|p1a: Clefable's Cooch
|-immune|p1a: Clefable's Cooch
|move|p1a: Clefable's Cooch|Moonblast|p2a: Houndoom
|-damage|p2a: Houndoom|0 fnt
|faint|p2a: Houndoom
|
|upkeep
|
|t:|1758975798
|switch|p2a: Vaporeon|Vaporeon, F|100/100
|-damage|p2a: Vaporeon|84/100|[from] Spikes
|-damage|p2a: Vaporeon|71/100|[from] Stealth Rock
|turn|28
|
|t:|1758975807
|switch|p1a: Big Stall ™️|Toxapex, F|100/100
|move|p2a: Vaporeon|Scald|p1a: Big Stall ™️
|-resisted|p1a: Big Stall ™️
|-damage|p1a: Big Stall ™️|86/100
|-status|p1a: Big Stall ™️|brn
|
|-heal|p2a: Vaporeon|78/100|[from] item: Leftovers
|-damage|p1a: Big Stall ™️|79/100 brn|[from] brn
|upkeep
|turn|29
|
|t:|1758975819
|move|p2a: Vaporeon|Shadow Ball|p1a: Big Stall ™️
|-damage|p1a: Big Stall ™️|60/100 brn
|move|p1a: Big Stall ™️|Toxic|p2a: Vaporeon
|-status|p2a: Vaporeon|tox
|
|-heal|p2a: Vaporeon|84/100 tox|[from] item: Leftovers
|-damage|p2a: Vaporeon|78/100 tox|[from] psn
|-damage|p1a: Big Stall ™️|54/100 brn|[from] brn
|upkeep
|turn|30
|
|t:|1758975831
|move|p2a: Vaporeon|Shadow Ball|p1a: Big Stall ™️
|-damage|p1a: Big Stall ™️|35/100 brn
|move|p1a: Big Stall ™️|Toxic|p2a: Vaporeon
|-fail|p2a: Vaporeon|tox
|
|-heal|p2a: Vaporeon|84/100 tox|[from] item: Leftovers
|-damage|p2a: Vaporeon|71/100 tox|[from] psn
|-damage|p1a: Big Stall ™️|29/100 brn|[from] brn
|upkeep
|turn|31
|
|t:|1758975843
|move|p2a: Vaporeon|Shadow Ball|p1a: Big Stall ™️
|-damage|p1a: Big Stall ™️|8/100 brn
|move|p1a: Big Stall ™️|Recover|p1a: Big Stall ™️
|-heal|p1a: Big Stall ™️|58/100 brn
|
|-heal|p2a: Vaporeon|78/100 tox|[from] item: Leftovers
|-damage|p2a: Vaporeon|59/100 tox|[from] psn
|-damage|p1a: Big Stall ™️|52/100 brn|[from] brn
|upkeep
|turn|32
|
|t:|1758975853
|move|p2a: Vaporeon|Shadow Ball|p1a: Big Stall ™️
|-damage|p1a: Big Stall ™️|33/100 brn
|move|p1a: Big Stall ™️|Recover|p1a: Big Stall ™️
|-heal|p1a: Big Stall ™️|83/100 brn
|
|-heal|p2a: Vaporeon|65/100 tox|[from] item: Leftovers
|-damage|p2a: Vaporeon|40/100 tox|[from] psn
|-damage|p1a: Big Stall ™️|76/100 brn|[from] brn
|upkeep
|turn|33
|
|t:|1758975867
|move|p2a: Vaporeon|Shadow Ball|p1a: Big Stall ™️
|-damage|p1a: Big Stall ™️|54/100 brn
|move|p1a: Big Stall ™️|Recover|p1a: Big Stall ™️
|-heal|p1a: Big Stall ™️|100/100 brn
|
|-heal|p2a: Vaporeon|46/100 tox|[from] item: Leftovers
|-damage|p2a: Vaporeon|15/100 tox|[from] psn
|-damage|p1a: Big Stall ™️|94/100 brn|[from] brn
|upkeep
|turn|34
|inactive|Nene leakes rhoa has 120 seconds left.
|inactive|Nene leakes rhoa has 90 seconds left.
|
|t:|1758975939
|switch|p1a: honey im home|Blissey, F|64/100
|move|p2a: Vaporeon|Shadow Ball|p1a: honey im home
|-immune|p1a: honey im home
|
|-heal|p2a: Vaporeon|21/100 tox|[from] item: Leftovers
|-damage|p2a: Vaporeon|0 fnt|[from] psn
|faint|p2a: Vaporeon
|upkeep
|
|t:|1758975941
|switch|p2a: Luxray|Luxray, F, shiny|84/100
|-damage|p2a: Luxray|68/100|[from] Spikes
|-damage|p2a: Luxray|55/100|[from] Stealth Rock
|-ability|p2a: Luxray|Intimidate|boost
|-unboost|p1a: honey im home|atk|1
|turn|35
|inactive|Nene leakes rhoa has 90 seconds left.
|
|t:|1758975961
|-terastallize|p2a: Luxray|Dark
|move|p2a: Luxray|Crunch|p1a: honey im home
|-damage|p1a: honey im home|0 fnt
|faint|p1a: honey im home
|
|upkeep
|
|t:|1758975970
|switch|p1a: Glisca|Gliscor, F|49/100 tox
|turn|36
|
|t:|1758975974
|move|p1a: Glisca|Protect|p1a: Glisca
|-singleturn|p1a: Glisca|Protect
|move|p2a: Luxray|Crunch|p1a: Glisca
|-activate|p1a: Glisca|move: Protect
|
|-heal|p1a: Glisca|62/100 tox|[from] ability: Poison Heal
|upkeep
|turn|37
|
|t:|1758975994
|move|p1a: Glisca|Knock Off|p2a: Luxray
|-resisted|p2a: Luxray
|-damage|p2a: Luxray|43/100
|-enditem|p2a: Luxray|Choice Band|[from] move: Knock Off|[of] p1a: Glisca
|move|p2a: Luxray|Crunch|p1a: Glisca
|-damage|p1a: Glisca|33/100 tox
|
|-heal|p1a: Glisca|46/100 tox|[from] ability: Poison Heal
|upkeep
|turn|38
|inactive|Nene leakes rhoa has 120 seconds left.
|
|t:|1758976008
|switch|p1a: Elon Musk|Jirachi|59/100
|move|p2a: Luxray|Ice Fang|p1a: Elon Musk|[miss]
|-miss|p2a: Luxray|p1a: Elon Musk
|
|upkeep
|turn|39
|
|t:|1758976017
|move|p1a: Elon Musk|Iron Head|p2a: Luxray
|-damage|p2a: Luxray|11/100
|cant|p2a: Luxray|flinch
|
|upkeep
|turn|40
|
|t:|1758976023
|move|p1a: Elon Musk|Fire Punch|p2a: Luxray
|-damage|p2a: Luxray|0 fnt
|faint|p2a: Luxray
|
|win|heemheem
|raw|heemheem's rating: 1196 &rarr; <strong>1218</strong><br />(+22 for winning)
|raw|Nene leakes rhoa's rating: 1153 &rarr; <strong>1131</strong><br />(-22 for losing)
|l|☆Nene leakes rhoa
|player|p2|
|l|☆heemheem
|player|p1|
