|j|☆refind
|j|☆Shibuya Arc
|t:|1758975926
|gametype|singles
|player|p1|refind|elesa|1612
|player|p2|Shibuya Arc|265|1775
|gen|9
|tier|[Gen 9] OU
|rated|
|rule|HP Percentage Mod: HP is shown in percentages
|rule|Endless Battle Clause: Forcing endless battles is banned
|rule|Species Clause: Limit one of each Pokémon
|rule|OHKO Clause: OHKO moves are banned
|rule|Evasion Items Clause: Evasion items are banned
|rule|Evasion Moves Clause: Evasion moves are banned
|rule|Evasion Abilities Clause: Evasion abilities are banned
|rule|Sleep Moves Clause: Sleep-inducing moves are banned
|clearpoke
|poke|p1|Samurott-Hisui, F|
|poke|p1|Ogerpon-Cornerstone, F|
|poke|p1|Hydrapple, F|
|poke|p1|Alomomola, F|
|poke|p1|Iron Crown|
|poke|p1|Great Tusk|
|poke|p2|Dragapult, F|
|poke|p2|Dragonite, F|
|poke|p2|Ting-Lu|
|poke|p2|Weezing-Galar, F|
|poke|p2|Iron Crown|
|poke|p2|Zapdos|
|teampreview
|inactive|Battle timer is ON: inactive players will automatically lose when time's up. (requested by refind)
|
|t:|1758975936
|teamsize|p1|6
|teamsize|p2|6
|start
|switch|p1a: Ogerpon|Ogerpon-Cornerstone, F|100/100
|switch|p2a: Iron Crown|Iron Crown|100/100
|turn|1
|inactive|Shibuya Arc also wants the timer to be on.
|
|t:|1758975942
|switch|p1a: Iron Crown|Iron Crown|100/100
|move|p2a: Iron Crown|Tachyon Cutter|p1a: Iron Crown
|-resisted|p1a: Iron Crown
|-damage|p1a: Iron Crown|82/100
|-resisted|p1a: Iron Crown
|-damage|p1a: Iron Crown|62/100
|-hitcount|p1a: Iron Crown|2
|
|upkeep
|turn|2
|
|t:|1758975950
|-end|p2a: Iron Crown|Quark Drive|[silent]
|switch|p2a: Ting-Lu|Ting-Lu|100/100
|-ability|p2a: Ting-Lu|Vessel of Ruin
|move|p1a: Iron Crown|Volt Switch|p2a: Ting-Lu
|-immune|p2a: Ting-Lu
|
|upkeep
|turn|3
|
|t:|1758975957
|-end|p1a: Iron Crown|Quark Drive|[silent]
|switch|p1a: Great Tusk|Great Tusk|100/100
|move|p2a: Ting-Lu|Ruination|p1a: Great Tusk
|-damage|p1a: Great Tusk|50/100
|
|-heal|p1a: Great Tusk|57/100|[from] item: Leftovers
|upkeep
|turn|4
|
|t:|1758975965
|move|p1a: Great Tusk|Knock Off|p2a: Ting-Lu
|-resisted|p2a: Ting-Lu
|-damage|p2a: Ting-Lu|93/100
|-enditem|p2a: Ting-Lu|Leftovers|[from] move: Knock Off|[of] p1a: Great Tusk
|move|p2a: Ting-Lu|Ruination|p1a: Great Tusk
|-damage|p1a: Great Tusk|29/100
|
|-heal|p1a: Great Tusk|35/100|[from] item: Leftovers
|upkeep
|turn|5
|
|t:|1758975974
|switch|p2a: Zapdos|Zapdos|100/100
|move|p1a: Great Tusk|Ice Spinner|p2a: Zapdos
|-supereffective|p2a: Zapdos
|-damage|p2a: Zapdos|44/100
|
|-heal|p1a: Great Tusk|41/100|[from] item: Leftovers
|upkeep
|turn|6
|
|t:|1758975982
|-end|p1a: Great Tusk|Protosynthesis|[silent]
|switch|p1a: Hydrapple|Hydrapple, F|100/100
|move|p2a: Zapdos|Heat Wave|p1a: Hydrapple
|-crit|p1a: Hydrapple
|-damage|p1a: Hydrapple|79/100
|
|upkeep
|turn|7
|
|t:|1758975992
|move|p2a: Zapdos|Hurricane|p1a: Hydrapple
|-supereffective|p1a: Hydrapple
|-damage|p1a: Hydrapple|26/100
|move|p1a: Hydrapple|Fickle Beam|p2a: Zapdos
|-damage|p2a: Zapdos|8/100
|
|upkeep
|turn|8
|
|t:|1758975999
|move|p1a: Hydrapple|Sucker Punch||[still]
|-fail|p1a: Hydrapple
|move|p2a: Zapdos|Roost|p2a: Zapdos
|-heal|p2a: Zapdos|58/100
|-singleturn|p2a: Zapdos|move: Roost
|
|upkeep
|turn|9
|
|t:|1758976008
|switch|p1a: Iron Crown|Iron Crown|62/100
|move|p2a: Zapdos|Volt Switch|p1a: Iron Crown
|-damage|p1a: Iron Crown|25/100
|
|t:|1758976015
|switch|p2a: Iron Crown|Iron Crown|100/100|[from] Volt Switch
|
|upkeep
|turn|10
|
|t:|1758976022
|move|p2a: Iron Crown|Tachyon Cutter|p1a: Iron Crown
|-resisted|p1a: Iron Crown
|-damage|p1a: Iron Crown|6/100
|-resisted|p1a: Iron Crown
|-damage|p1a: Iron Crown|0 fnt
|faint|p1a: Iron Crown
|-end|p1a: Iron Crown|Quark Drive|[silent]
|-hitcount|p1: Iron Crown|2
|
|upkeep
|
|t:|1758976025
|switch|p1a: Samurott|Samurott-Hisui, F|100/100
|turn|11
|
|t:|1758976032
|-terastallize|p2a: Iron Crown|Steel
|move|p1a: Samurott|Ceaseless Edge|p2a: Iron Crown|[miss]
|-miss|p1a: Samurott|p2a: Iron Crown
|move|p2a: Iron Crown|Tachyon Cutter|p1a: Samurott
|-resisted|p1a: Samurott
|-damage|p1a: Samurott|63/100
|-resisted|p1a: Samurott
|-damage|p1a: Samurott|22/100
|-hitcount|p1a: Samurott|2
|
|upkeep
|turn|12
|
|t:|1758976041
|-end|p2a: Iron Crown|Quark Drive|[silent]
|switch|p2a: Weezing|Weezing-Galar, F|100/100
|-ability|p2a: Weezing|Neutralizing Gas
|move|p1a: Samurott|Ceaseless Edge|p2a: Weezing
|-resisted|p2a: Weezing
|-damage|p2a: Weezing|91/100
|-sidestart|p2: Shibuya Arc|Spikes
|
|upkeep
|turn|13
|
|t:|1758976049
|switch|p1a: Great Tusk|Great Tusk|41/100
|move|p2a: Weezing|Toxic Spikes|p1a: Great Tusk
|-sidestart|p1: refind|move: Toxic Spikes
|
|-heal|p1a: Great Tusk|47/100|[from] item: Leftovers
|upkeep
|turn|14
|
|t:|1758976056
|move|p1a: Great Tusk|Rapid Spin|p2a: Weezing
|-damage|p2a: Weezing|81/100
|-boost|p1a: Great Tusk|spe|1
|-sideend|p1: refind|Toxic Spikes|[from] move: Rapid Spin|[of] p1a: Great Tusk
|move|p2a: Weezing|Will-O-Wisp|p1a: Great Tusk
|-status|p1a: Great Tusk|brn
|
|-heal|p1a: Great Tusk|53/100 brn|[from] item: Leftovers
|-damage|p1a: Great Tusk|47/100 brn|[from] brn
|upkeep
|turn|15
|
|t:|1758976063
|move|p1a: Great Tusk|Knock Off|p2a: Weezing
|-resisted|p2a: Weezing
|-damage|p2a: Weezing|76/100
|-enditem|p2a: Weezing|Heavy-Duty Boots|[from] move: Knock Off|[of] p1a: Great Tusk
|move|p2a: Weezing|Toxic Spikes|p1a: Great Tusk
|-sidestart|p1: refind|move: Toxic Spikes
|
|-heal|p1a: Great Tusk|53/100 brn|[from] item: Leftovers
|-damage|p1a: Great Tusk|47/100 brn|[from] brn
|upkeep
|turn|16
|
|t:|1758976071
|-end|p2a: Weezing|ability: Neutralizing Gas
|switch|p2a: Dragapult|Dragapult, F|100/100
|move|p1a: Great Tusk|Headlong Rush|p2a: Dragapult
|-damage|p2a: Dragapult|65/100
|-unboost|p1a: Great Tusk|def|1
|-unboost|p1a: Great Tusk|spd|1
|-start|p1a: Great Tusk|Disable|Headlong Rush|[from] ability: Cursed Body|[of] p2a: Dragapult
|
|-heal|p1a: Great Tusk|53/100 brn|[from] item: Leftovers
|-damage|p1a: Great Tusk|47/100 brn|[from] brn
|upkeep
|turn|17
|
|t:|1758976081
|move|p2a: Dragapult|Hex|p1a: Great Tusk
|-damage|p1a: Great Tusk|0 fnt
|faint|p1a: Great Tusk
|-end|p1a: Great Tusk|Protosynthesis|[silent]
|
|upkeep
|
|t:|1758976083
|switch|p1a: Samurott|Samurott-Hisui, F|22/100
|-status|p1a: Samurott|psn
|turn|18
|
|t:|1758976090
|switch|p2a: Weezing|Weezing-Galar, F|76/100
|-ability|p2a: Weezing|Neutralizing Gas
|-damage|p2a: Weezing|64/100|[from] Spikes
|move|p1a: Samurott|Ceaseless Edge|p2a: Weezing
|-resisted|p2a: Weezing
|-damage|p2a: Weezing|53/100
|-sidestart|p2: Shibuya Arc|Spikes
|
|-damage|p1a: Samurott|9/100 psn|[from] psn
|upkeep
|turn|19
|
|t:|1758976098
|move|p1a: Samurott|Ceaseless Edge|p2a: Weezing
|-resisted|p2a: Weezing
|-damage|p2a: Weezing|45/100
|-sidestart|p2: Shibuya Arc|Spikes
|move|p2a: Weezing|Defog|p1a: Samurott
|-unboost|p1a: Samurott|evasion|1
|-sideend|p1: refind|Toxic Spikes|[from] move: Defog|[of] p2a: Weezing
|-sideend|p2: Shibuya Arc|Spikes|[from] move: Defog|[of] p2a: Weezing
|
|-damage|p1a: Samurott|0 fnt|[from] psn
|faint|p1a: Samurott
|upkeep
|
|t:|1758976100
|switch|p1a: Ogerpon|Ogerpon-Cornerstone, F|100/100
|turn|20
|
|t:|1758976107
|-terastallize|p1a: Ogerpon|Rock
|detailschange|p1a: Ogerpon|Ogerpon-Cornerstone-Tera, F, tera:Rock
|move|p1a: Ogerpon|Ivy Cudgel|p2a: Weezing|[anim] Ivy Cudgel Rock
|-damage|p2a: Weezing|0 fnt
|faint|p2a: Weezing
|-end|p2a: Weezing|ability: Neutralizing Gas
|-ability|p1a: Ogerpon|Embody Aspect (Cornerstone)|boost
|-boost|p1a: Ogerpon|def|1
|
|upkeep
|
|t:|1758976114
|switch|p2a: Iron Crown|Iron Crown, tera:Steel|100/100
|turn|21
|
|t:|1758976120
|switch|p1a: Alomomola|Alomomola, F|100/100
|move|p2a: Iron Crown|Tachyon Cutter|p1a: Alomomola
|-resisted|p1a: Alomomola
|-damage|p1a: Alomomola|72/100
|-resisted|p1a: Alomomola
|-damage|p1a: Alomomola|41/100
|-hitcount|p1a: Alomomola|2
|
|upkeep
|turn|22
|
|t:|1758976131
|move|p1a: Alomomola|Protect|p1a: Alomomola
|-singleturn|p1a: Alomomola|Protect
|move|p2a: Iron Crown|Tachyon Cutter|p1a: Alomomola
|-activate|p1a: Alomomola|move: Protect
|
|upkeep
|turn|23
|
|t:|1758976138
|switch|p1a: Hydrapple|Hydrapple, F|59/100
|move|p2a: Iron Crown|Tachyon Cutter|p1a: Hydrapple
|-damage|p1a: Hydrapple|35/100
|-damage|p1a: Hydrapple|12/100
|-hitcount|p1a: Hydrapple|2
|
|upkeep
|turn|24
|
|t:|1758976144
|move|p2a: Iron Crown|Tachyon Cutter|p1a: Hydrapple
|-damage|p1a: Hydrapple|0 fnt
|faint|p1a: Hydrapple
|-hitcount|p1: Hydrapple|1
|
|upkeep
|
|t:|1758976146
|switch|p1a: Ogerpon|Ogerpon-Cornerstone-Tera, F, tera:Rock|100/100
|-ability|p1a: Ogerpon|Embody Aspect (Cornerstone)|boost
|-boost|p1a: Ogerpon|def|1
|turn|25
|
|t:|1758976152
|move|p1a: Ogerpon|Low Kick|p2a: Iron Crown
|-supereffective|p2a: Iron Crown
|-damage|p2a: Iron Crown|16/100
|move|p2a: Iron Crown|Tachyon Cutter|p1a: Ogerpon
|-supereffective|p1a: Ogerpon
|-damage|p1a: Ogerpon|0 fnt
|faint|p1a: Ogerpon
|detailschange|p1: Ogerpon|Ogerpon-Cornerstone, F|[silent]
|-hitcount|p1: Ogerpon|1
|
|upkeep
|-message|refind forfeited.
|
|win|Shibuya Arc
|raw|refind's rating: 1612 &rarr; <strong>1601</strong><br />(-11 for losing)
|raw|Shibuya Arc's rating: 1775 &rarr; <strong>1786</strong><br />(+11 for winning)
