|j|☆MalikLouber
|j|☆koudaimiZo
|t:|1758980156
|gametype|singles
|player|p1|MalikLouber|265|1130
|player|p2|koudaimiZo|brendan|1169
|gen|9
|tier|[Gen 9] OU
|rated|
|rule|HP Percentage Mod: HP is shown in percentages
|rule|Endless Battle Clause: Forcing endless battles is banned
|rule|Species Clause: Limit one of each Pokémon
|rule|OHKO Clause: OHKO moves are banned
|rule|Evasion Items Clause: Evasion items are banned
|rule|Evasion Moves Clause: Evasion moves are banned
|rule|Evasion Abilities Clause: Evasion abilities are banned
|rule|Sleep Moves Clause: Sleep-inducing moves are banned
|clearpoke
|poke|p1|Ninetales-Alola, F|
|poke|p1|Ceruledge, M|
|poke|p1|Cinderace, F|
|poke|p1|Ting-Lu|
|poke|p1|Darkrai|
|poke|p1|Dragonite, M|
|poke|p2|Dragapult, F|
|poke|p2|Great Tusk|
|poke|p2|Charizard, F|
|poke|p2|Corviknight, F|
|poke|p2|Raging Bolt|
|poke|p2|Landorus-Therian, M|
|teampreview
|
|t:|1758980174
|teamsize|p1|6
|teamsize|p2|6
|start
|switch|p1a: Le BOL|Ting-Lu|100/100
|switch|p2a: Raging Bolt|Raging Bolt|100/100
|-ability|p1a: Le BOL|Vessel of Ruin
|-enditem|p2a: Raging Bolt|Booster Energy
|-activate|p2a: Raging Bolt|ability: Protosynthesis|[fromitem]
|-start|p2a: Raging Bolt|protosynthesisspa
|turn|1
|c|☆koudaimiZo|emmm
|
|t:|1758980187
|-end|p2a: Raging Bolt|Protosynthesis|[silent]
|switch|p2a: Charizard|Charizard, F, shiny|100/100
|move|p1a: Le BOL|Stealth Rock|p2a: Charizard
|-sidestart|p2: koudaimiZo|move: Stealth Rock
|
|upkeep
|turn|2
|
|t:|1758980193
|move|p2a: Charizard|Will-O-Wisp|p1a: Le BOL
|-status|p1a: Le BOL|brn
|move|p1a: Le BOL|Ruination|p2a: Charizard|[miss]
|-miss|p1a: Le BOL|p2a: Charizard
|
|-damage|p1a: Le BOL|94/100 brn|[from] brn
|upkeep
|turn|3
|
|t:|1758980203
|switch|p2a: Corviknight|Corviknight, F, shiny|100/100
|-damage|p2a: Corviknight|88/100|[from] Stealth Rock
|-ability|p2a: Corviknight|Pressure
|move|p1a: Le BOL|Ruination|p2a: Corviknight
|-damage|p2a: Corviknight|44/100
|
|-damage|p1a: Le BOL|88/100 brn|[from] brn
|upkeep
|turn|4
|
|t:|1758980214
|move|p2a: Corviknight|Defog|p1a: Le BOL
|-unboost|p1a: Le BOL|evasion|1
|-sideend|p2: koudaimiZo|Stealth Rock|[from] move: Defog|[of] p2a: Corviknight
|move|p1a: Le BOL|Whirlwind|p2a: Corviknight
|drag|p2a: Raging Bolt|Raging Bolt|100/100
|
|-damage|p1a: Le BOL|82/100 brn|[from] brn
|upkeep
|turn|5
|
|t:|1758980229
|-end|p2a: Raging Bolt|Protosynthesis|[silent]
|switch|p2a: Corviknight|Corviknight, F, shiny|44/100
|-ability|p2a: Corviknight|Pressure
|move|p1a: Le BOL|Stealth Rock|p2a: Corviknight
|-sidestart|p2: koudaimiZo|move: Stealth Rock
|
|-damage|p1a: Le BOL|76/100 brn|[from] brn
|upkeep
|turn|6
|
|t:|1758980240
|switch|p1a: Cinderace|Cinderace, F, shiny|100/100
|move|p2a: Corviknight|Roost|p2a: Corviknight
|-heal|p2a: Corviknight|94/100
|-singleturn|p2a: Corviknight|move: Roost
|
|upkeep
|turn|7
|
|t:|1758980250
|switch|p2a: Landorus|Landorus-Therian, M|100/100
|-damage|p2a: Landorus|88/100|[from] Stealth Rock
|-ability|p2a: Landorus|Intimidate|boost
|-unboost|p1a: Cinderace|atk|1
|move|p1a: Cinderace|Pyro Ball|p2a: Landorus
|-damage|p2a: Landorus|60/100
|
|upkeep
|turn|8
|
|t:|1758980261
|move|p1a: Cinderace|U-turn|p2a: Landorus
|-start|p1a: Cinderace|typechange|Bug|[from] ability: Libero
|-resisted|p2a: Landorus
|-crit|p2a: Landorus
|-damage|p2a: Landorus|43/100
|-damage|p1a: Cinderace|84/100|[from] item: Rocky Helmet|[of] p2a: Landorus
|
|t:|1758980267
|switch|p1a: Satoru Gojo|Ninetales-Alola, F|100/100|[from] U-turn
|-weather|Snowscape|[from] ability: Snow Warning|[of] p1a: Satoru Gojo
|move|p2a: Landorus|Taunt|p1a: Satoru Gojo
|-start|p1a: Satoru Gojo|move: Taunt
|
|-weather|Snowscape|[upkeep]
|upkeep
|turn|9
|
|t:|1758980279
|switch|p2a: Great Tusk|Great Tusk|100/100
|-damage|p2a: Great Tusk|98/100|[from] Stealth Rock
|move|p1a: Satoru Gojo|Freeze-Dry|p2a: Great Tusk
|-supereffective|p2a: Great Tusk
|-damage|p2a: Great Tusk|48/100
|
|-weather|Snowscape|[upkeep]
|-heal|p2a: Great Tusk|54/100|[from] item: Leftovers
|upkeep
|turn|10
|
|t:|1758980292
|switch|p1a: Daronned|Dragonite, M|100/100
|-terastallize|p2a: Great Tusk|Fire
|move|p2a: Great Tusk|Rapid Spin|p1a: Daronned
|-damage|p1a: Daronned|92/100
|-boost|p2a: Great Tusk|spe|1
|-sideend|p2: koudaimiZo|Stealth Rock|[from] move: Rapid Spin|[of] p2a: Great Tusk
|
|-weather|Snowscape|[upkeep]
|-heal|p2a: Great Tusk|60/100|[from] item: Leftovers
|upkeep
|turn|11
|
|t:|1758980304
|-terastallize|p1a: Daronned|Normal
|move|p2a: Great Tusk|Ice Spinner|p1a: Daronned
|-damage|p1a: Daronned|68/100
|move|p1a: Daronned|Dragon Dance|p1a: Daronned
|-boost|p1a: Daronned|atk|1
|-boost|p1a: Daronned|spe|1
|
|-weather|Snowscape|[upkeep]
|-heal|p2a: Great Tusk|66/100|[from] item: Leftovers
|upkeep
|turn|12
|
|t:|1758980317
|-end|p2a: Great Tusk|Protosynthesis|[silent]
|switch|p2a: Charizard|Charizard, F, shiny|100/100
|move|p1a: Daronned|Earthquake|p2a: Charizard
|-immune|p2a: Charizard
|
|-weather|none
|upkeep
|turn|13
|
|t:|1758980325
|move|p1a: Daronned|Extreme Speed|p2a: Charizard
|-damage|p2a: Charizard|22/100
|move|p2a: Charizard|Will-O-Wisp|p1a: Daronned
|-status|p1a: Daronned|brn
|
|-damage|p1a: Daronned|62/100 brn|[from] brn
|upkeep
|turn|14
|
|t:|1758980334
|move|p2a: Charizard|Protect|p2a: Charizard
|-singleturn|p2a: Charizard|Protect
|move|p1a: Daronned|Dragon Dance|p1a: Daronned
|-boost|p1a: Daronned|atk|1
|-boost|p1a: Daronned|spe|1
|
|-damage|p1a: Daronned|56/100 brn|[from] brn
|upkeep
|turn|15
|
|t:|1758980345
|switch|p2a: Dragapult|Dragapult, F|100/100
|move|p1a: Daronned|Extreme Speed|p2a: Dragapult
|-immune|p2a: Dragapult
|
|-damage|p1a: Daronned|50/100 brn|[from] brn
|upkeep
|turn|16
|
|t:|1758980355
|move|p1a: Daronned|Ice Spinner|p2a: Dragapult
|-supereffective|p2a: Dragapult
|-damage|p2a: Dragapult|14/100
|move|p2a: Dragapult|Draco Meteor|p1a: Daronned
|-damage|p1a: Daronned|0 fnt
|-unboost|p2a: Dragapult|spa|2
|faint|p1a: Daronned
|
|upkeep
|
|t:|1758980366
|switch|p1a: Satoru Gojo|Ninetales-Alola, F|100/100
|-weather|Snowscape|[from] ability: Snow Warning|[of] p1a: Satoru Gojo
|turn|17
|
|t:|1758980372
|switch|p2a: Corviknight|Corviknight, F, shiny|94/100
|-ability|p2a: Corviknight|Pressure
|move|p1a: Satoru Gojo|Freeze-Dry|p2a: Corviknight
|-damage|p2a: Corviknight|73/100
|
|-weather|Snowscape|[upkeep]
|upkeep
|turn|18
|
|t:|1758980382
|move|p1a: Satoru Gojo|Freeze-Dry|p2a: Corviknight
|-damage|p2a: Corviknight|55/100
|move|p2a: Corviknight|Body Press|p1a: Satoru Gojo
|-damage|p1a: Satoru Gojo|77/100
|
|-weather|Snowscape|[upkeep]
|upkeep
|turn|19
|
|t:|1758980390
|move|p1a: Satoru Gojo|Freeze-Dry|p2a: Corviknight
|-damage|p2a: Corviknight|35/100
|move|p2a: Corviknight|Roost|p2a: Corviknight
|-heal|p2a: Corviknight|85/100
|-singleturn|p2a: Corviknight|move: Roost
|
|-weather|Snowscape|[upkeep]
|upkeep
|turn|20
|
|t:|1758980401
|switch|p2a: Charizard|Charizard, F, shiny|22/100
|move|p1a: Satoru Gojo|Encore||[still]
|-fail|p1a: Satoru Gojo
|
|-weather|Snowscape|[upkeep]
|upkeep
|turn|21
|
|t:|1758980409
|move|p1a: Satoru Gojo|Moonblast|p2a: Charizard
|-resisted|p2a: Charizard
|-damage|p2a: Charizard|7/100
|-unboost|p2a: Charizard|spa|1
|move|p2a: Charizard|Will-O-Wisp|p1a: Satoru Gojo
|-status|p1a: Satoru Gojo|brn
|
|-weather|none
|-damage|p1a: Satoru Gojo|71/100 brn|[from] brn
|upkeep
|turn|22
|
|t:|1758980421
|move|p1a: Satoru Gojo|Freeze-Dry|p2a: Charizard
|-damage|p2a: Charizard|0 fnt
|faint|p2a: Charizard
|
|-damage|p1a: Satoru Gojo|65/100 brn|[from] brn
|upkeep
|
|t:|1758980437
|switch|p2a: Great Tusk|Great Tusk, tera:Fire|66/100
|turn|23
|
|t:|1758980448
|switch|p1a: Le BOL|Ting-Lu|76/100 brn
|-ability|p1a: Le BOL|Vessel of Ruin
|move|p2a: Great Tusk|Bulk Up|p2a: Great Tusk
|-boost|p2a: Great Tusk|atk|1
|-boost|p2a: Great Tusk|def|1
|
|-heal|p2a: Great Tusk|73/100|[from] item: Leftovers
|-damage|p1a: Le BOL|69/100 brn|[from] brn
|upkeep
|turn|24
|
|t:|1758980460
|move|p2a: Great Tusk|Headlong Rush|p1a: Le BOL
|-damage|p1a: Le BOL|24/100 brn
|-unboost|p2a: Great Tusk|def|1
|-unboost|p2a: Great Tusk|spd|1
|-enditem|p1a: Le BOL|Red Card|[of] p2a: Great Tusk
|-end|p2a: Great Tusk|Protosynthesis|[silent]
|drag|p2a: Landorus|Landorus-Therian, M|43/100
|-ability|p2a: Landorus|Intimidate|boost
|-unboost|p1a: Le BOL|atk|1
|move|p1a: Le BOL|Earthquake|p2a: Landorus
|-immune|p2a: Landorus
|
|-damage|p1a: Le BOL|17/100 brn|[from] brn
|upkeep
|turn|25
|
|t:|1758980477
|switch|p1a: Cinderace|Cinderace, F, shiny|84/100
|move|p2a: Landorus|Earthquake|p1a: Cinderace
|-supereffective|p1a: Cinderace
|-damage|p1a: Cinderace|0 fnt
|faint|p1a: Cinderace
|
|upkeep
|
|t:|1758980486
|switch|p1a: Satoru Gojo|Ninetales-Alola, F|65/100 brn
|-weather|Snowscape|[from] ability: Snow Warning|[of] p1a: Satoru Gojo
|turn|26
|
|t:|1758980496
|switch|p2a: Corviknight|Corviknight, F, shiny|85/100
|-ability|p2a: Corviknight|Pressure
|move|p1a: Satoru Gojo|Freeze-Dry|p2a: Corviknight
|-damage|p2a: Corviknight|64/100
|
|-weather|Snowscape|[upkeep]
|-damage|p1a: Satoru Gojo|59/100 brn|[from] brn
|upkeep
|turn|27
|
|t:|1758980508
|move|p1a: Satoru Gojo|Freeze-Dry|p2a: Corviknight
|-damage|p2a: Corviknight|45/100
|move|p2a: Corviknight|Roost|p2a: Corviknight
|-heal|p2a: Corviknight|95/100
|-singleturn|p2a: Corviknight|move: Roost
|
|-weather|Snowscape|[upkeep]
|-damage|p1a: Satoru Gojo|53/100 brn|[from] brn
|upkeep
|turn|28
|
|t:|1758980519
|move|p1a: Satoru Gojo|Encore|p2a: Corviknight
|-start|p2a: Corviknight|Encore
|move|p2a: Corviknight|Roost|p2a: Corviknight
|-heal|p2a: Corviknight|100/100
|-singleturn|p2a: Corviknight|move: Roost
|
|-weather|Snowscape|[upkeep]
|-damage|p1a: Satoru Gojo|47/100 brn|[from] brn
|upkeep
|turn|29
|
|t:|1758980530
|switch|p1a: Ceruledge|Ceruledge, M|100/100
|switch|p2a: Great Tusk|Great Tusk, tera:Fire|73/100
|
|-weather|Snowscape|[upkeep]
|-heal|p2a: Great Tusk|79/100|[from] item: Leftovers
|upkeep
|turn|30
|
|t:|1758980540
|move|p2a: Great Tusk|Headlong Rush|p1a: Ceruledge
|-supereffective|p1a: Ceruledge
|-damage|p1a: Ceruledge|0 fnt
|-unboost|p2a: Great Tusk|def|1
|-unboost|p2a: Great Tusk|spd|1
|faint|p1a: Ceruledge
|
|-weather|none
|-heal|p2a: Great Tusk|85/100|[from] item: Leftovers
|upkeep
|
|t:|1758980551
|switch|p1a: Netero|Darkrai|100/100
|turn|31
|
|t:|1758980558
|move|p1a: Netero|Dark Pulse|p2a: Great Tusk
|-damage|p2a: Great Tusk|0 fnt
|faint|p2a: Great Tusk
|-end|p2a: Great Tusk|Protosynthesis|[silent]
|
|upkeep
|
|t:|1758980570
|switch|p2a: Raging Bolt|Raging Bolt|100/100
|turn|32
|
|t:|1758980577
|move|p2a: Raging Bolt|Thunderclap|p1a: Netero
|-damage|p1a: Netero|48/100
|move|p1a: Netero|Dark Pulse|p2a: Raging Bolt
|-damage|p2a: Raging Bolt|67/100
|
|upkeep
|turn|33
|
|t:|1758980585
|switch|p1a: Le BOL|Ting-Lu|17/100 brn
|-ability|p1a: Le BOL|Vessel of Ruin
|move|p2a: Raging Bolt|Thunderbolt|p1a: Le BOL
|-immune|p1a: Le BOL
|
|-damage|p1a: Le BOL|11/100 brn|[from] brn
|upkeep
|turn|34
|
|t:|1758980595
|-end|p2a: Raging Bolt|Protosynthesis|[silent]
|switch|p2a: Corviknight|Corviknight, F, shiny|100/100
|-ability|p2a: Corviknight|Pressure
|move|p1a: Le BOL|Ruination|p2a: Corviknight
|-damage|p2a: Corviknight|51/100
|
|-damage|p1a: Le BOL|5/100 brn|[from] brn
|upkeep
|turn|35
|
|t:|1758980609
|move|p2a: Corviknight|Roost|p2a: Corviknight
|-heal|p2a: Corviknight|100/100
|-singleturn|p2a: Corviknight|move: Roost
|move|p1a: Le BOL|Stealth Rock|p2a: Corviknight
|-sidestart|p2: koudaimiZo|move: Stealth Rock
|
|-damage|p1a: Le BOL|0 fnt|[from] brn
|faint|p1a: Le BOL
|upkeep
|
|t:|1758980617
|switch|p1a: Netero|Darkrai|48/100
|turn|36
|
|t:|1758980622
|move|p1a: Netero|Focus Blast|p2a: Corviknight
|-damage|p2a: Corviknight|61/100
|move|p2a: Corviknight|U-turn|p1a: Netero
|-supereffective|p1a: Netero
|-damage|p1a: Netero|9/100
|
|t:|1758980630
|switch|p2a: Raging Bolt|Raging Bolt|67/100|[from] U-turn
|-damage|p2a: Raging Bolt|54/100|[from] Stealth Rock
|
|upkeep
|turn|37
|
|t:|1758980635
|move|p2a: Raging Bolt|Thunderclap|p1a: Netero
|-damage|p1a: Netero|0 fnt
|faint|p1a: Netero
|
|upkeep
|
|t:|1758980639
|switch|p1a: Satoru Gojo|Ninetales-Alola, F|47/100 brn
|-weather|Snowscape|[from] ability: Snow Warning|[of] p1a: Satoru Gojo
|turn|38
|
|t:|1758980645
|-end|p2a: Raging Bolt|Protosynthesis|[silent]
|switch|p2a: Corviknight|Corviknight, F, shiny|61/100
|-damage|p2a: Corviknight|49/100|[from] Stealth Rock
|-ability|p2a: Corviknight|Pressure
|move|p1a: Satoru Gojo|Freeze-Dry|p2a: Corviknight
|-damage|p2a: Corviknight|30/100
|
|-weather|Snowscape|[upkeep]
|-damage|p1a: Satoru Gojo|41/100 brn|[from] brn
|upkeep
|turn|39
|
|t:|1758980661
|move|p1a: Satoru Gojo|Freeze-Dry|p2a: Corviknight
|-damage|p2a: Corviknight|10/100
|move|p2a: Corviknight|Roost|p2a: Corviknight
|-heal|p2a: Corviknight|60/100
|-singleturn|p2a: Corviknight|move: Roost
|
|-weather|Snowscape|[upkeep]
|-damage|p1a: Satoru Gojo|35/100 brn|[from] brn
|upkeep
|turn|40
|inactive|Battle timer is ON: inactive players will automatically lose when time's up. (requested by koudaimiZo)
|
|t:|1758980671
|move|p1a: Satoru Gojo|Freeze-Dry|p2a: Corviknight
|-damage|p2a: Corviknight|40/100
|move|p2a: Corviknight|Roost|p2a: Corviknight
|-heal|p2a: Corviknight|90/100
|-singleturn|p2a: Corviknight|move: Roost
|
|-weather|Snowscape|[upkeep]
|-damage|p1a: Satoru Gojo|29/100 brn|[from] brn
|upkeep
|turn|41
|-message|MalikLouber forfeited.
|
|win|koudaimiZo
|raw|MalikLouber's rating: 1130 &rarr; <strong>1108</strong><br />(-22 for losing)
|raw|koudaimiZo's rating: 1169 &rarr; <strong>1191</strong><br />(+22 for winning)
|l|☆MalikLouber
|player|p1|
