|badge|p2|silver|gen9uu|30-6
|uhtml|medal-msg|<div class="broadcast-blue">Curious what those medals under the avatar are? PS now has Ladder Seasons! For more information, check out the <a href="https://www.smogon.com/forums/threads/3740067/">thread on Smogon.</a></div>
|j|☆Obito 2001
|j|☆ulky
|t:|1758995963
|gametype|singles
|player|p1|Obito 2001|blue-gen3two|1707
|player|p2|ulky|rosa|1780
|gen|9
|tier|[Gen 9] OU
|rated|
|rule|HP Percentage Mod: HP is shown in percentages
|rule|Endless Battle Clause: Forcing endless battles is banned
|rule|Species Clause: Limit one of each Pokémon
|rule|OHKO Clause: OHKO moves are banned
|rule|Evasion Items Clause: Evasion items are banned
|rule|Evasion Moves Clause: Evasion moves are banned
|rule|Evasion Abilities Clause: Evasion abilities are banned
|rule|Sleep Moves Clause: Sleep-inducing moves are banned
|clearpoke
|poke|p1|Kingambit, M|
|poke|p1|Landorus-Therian, M|
|poke|p1|Raging Bolt|
|poke|p1|Glimmora, F|
|poke|p1|Dragapult, M|
|poke|p1|Cinderace, F|
|poke|p2|Kingambit, F|
|poke|p2|Deoxys-Speed|
|poke|p2|Great Tusk|
|poke|p2|Dragonite, F|
|poke|p2|Iron Moth|
|poke|p2|Primarina, F|
|teampreview
|inactive|Battle timer is ON: inactive players will automatically lose when time's up. (requested by Obito 2001)
|inactive|ulky has 120 seconds left.
|
|t:|1758995996
|teamsize|p1|6
|teamsize|p2|6
|start
|switch|p1a: BunnyGirlSenpai|Cinderace, F|100/100
|switch|p2a: Siren|Primarina, F|100/100
|turn|1
|
|t:|1758996012
|move|p1a: BunnyGirlSenpai|U-turn|p2a: Siren
|-resisted|p2a: Siren
|-damage|p2a: Siren|87/100
|
|t:|1758996020
|switch|p1a: DraGhost|Dragapult, M|100/100|[from] U-turn
|move|p2a: Siren|Surf|p1a: DraGhost
|-resisted|p1a: DraGhost
|-damage|p1a: DraGhost|64/100
|
|-heal|p1a: DraGhost|70/100|[from] item: Leftovers
|upkeep
|turn|2
|
|t:|1758996023
|switch|p1a: Toxica|Glimmora, F|100/100
|move|p2a: Siren|Moonblast|p1a: Toxica
|-resisted|p1a: Toxica
|-damage|p1a: Toxica|65/100
|
|upkeep
|turn|3
|
|t:|1758996029
|move|p1a: Toxica|Sludge Wave|p2a: Siren
|-supereffective|p2a: Siren
|-damage|p2a: Siren|28/100
|-status|p2a: Siren|psn
|move|p2a: Siren|Surf|p1a: Toxica
|-supereffective|p1a: Toxica
|-crit|p1a: Toxica
|-damage|p1a: Toxica|0 fnt
|faint|p1a: Toxica
|
|-damage|p2a: Siren|15/100 psn|[from] psn
|upkeep
|
|t:|1758996036
|switch|p1a: DraGhost|Dragapult, M|70/100
|turn|4
|inactive|ulky has 120 seconds left.
|
|t:|1758996067
|switch|p2a: Meruem|Kingambit, F|100/100
|move|p1a: DraGhost|Hex|p2a: Meruem
|-resisted|p2a: Meruem
|-damage|p2a: Meruem|86/100
|
|-heal|p1a: DraGhost|76/100|[from] item: Leftovers
|-heal|p2a: Meruem|92/100|[from] item: Leftovers
|upkeep
|turn|5
|
|t:|1758996071
|move|p1a: DraGhost|Will-O-Wisp|p2a: Meruem
|-status|p2a: Meruem|brn
|move|p2a: Meruem|Kowtow Cleave|p1a: DraGhost
|-supereffective|p1a: DraGhost
|-damage|p1a: DraGhost|9/100
|
|-heal|p1a: DraGhost|15/100|[from] item: Leftovers
|-heal|p2a: Meruem|98/100 brn|[from] item: Leftovers
|-damage|p2a: Meruem|92/100 brn|[from] brn
|upkeep
|turn|6
|
|t:|1758996077
|switch|p1a: Landorus|Landorus-Therian, M|100/100
|-ability|p1a: Landorus|Intimidate|boost
|-unboost|p2a: Meruem|atk|1
|move|p2a: Meruem|Kowtow Cleave|p1a: Landorus
|-damage|p1a: Landorus|85/100
|-damage|p2a: Meruem|75/100 brn|[from] item: Rocky Helmet|[of] p1a: Landorus
|
|-heal|p2a: Meruem|81/100 brn|[from] item: Leftovers
|-damage|p2a: Meruem|75/100 brn|[from] brn
|upkeep
|turn|7
|
|t:|1758996079
|-end|p2a: Meruem|fallenundefined|[silent]
|switch|p2a: Anomaly|Great Tusk|100/100
|-enditem|p2a: Anomaly|Booster Energy
|-activate|p2a: Anomaly|ability: Protosynthesis|[fromitem]
|-start|p2a: Anomaly|protosynthesisatk
|move|p1a: Landorus|Stealth Rock|p2a: Anomaly
|-sidestart|p2: ulky|move: Stealth Rock
|
|upkeep
|turn|8
|
|t:|1758996081
|move|p1a: Landorus|Grass Knot|p2a: Anomaly
|-supereffective|p2a: Anomaly
|-damage|p2a: Anomaly|15/100
|move|p2a: Anomaly|Ice Spinner|p1a: Landorus
|-supereffective|p1a: Landorus
|-damage|p1a: Landorus|0 fnt
|-damage|p2a: Anomaly|0 fnt|[from] item: Rocky Helmet|[of] p1a: Landorus
|faint|p1a: Landorus
|faint|p2a: Anomaly
|-end|p2a: Anomaly|Protosynthesis|[silent]
|
|upkeep
|
|t:|1758996091
|switch|p1a: DraGhost|Dragapult, M|15/100
|switch|p2a: Moebius|Deoxys-Speed|100/100
|-damage|p2a: Moebius|88/100|[from] Stealth Rock
|-ability|p2a: Moebius|Pressure
|turn|9
|
|t:|1758996098
|move|p2a: Moebius|Shadow Ball|p1a: DraGhost
|-supereffective|p1a: DraGhost
|-damage|p1a: DraGhost|0 fnt
|faint|p1a: DraGhost
|-damage|p2a: Moebius|78/100|[from] item: Life Orb
|
|upkeep
|
|t:|1758996122
|switch|p1a: Sosuke Aizen|Kingambit, M, shiny|100/100
|-activate|p1a: Sosuke Aizen|ability: Supreme Overlord
|-start|p1a: Sosuke Aizen|fallen3|[silent]
|turn|10
|j| tiochicodobos
|l| tiochicodobos
|inactive|ulky has 120 seconds left.
|
|t:|1758996155
|move|p1a: Sosuke Aizen|Sucker Punch|p2a: Moebius
|-supereffective|p2a: Moebius
|-crit|p2a: Moebius
|-damage|p2a: Moebius|0 fnt
|faint|p2a: Moebius
|
|upkeep
|inactive|ulky has 120 seconds left.
|
|t:|1758996165
|switch|p2a: Yoshi|Dragonite, F, shiny|100/100
|-damage|p2a: Yoshi|76/100|[from] Stealth Rock
|turn|11
|
|t:|1758996177
|-end|p1a: Sosuke Aizen|fallen3|[silent]
|switch|p1a: BunnyGirlSenpai|Cinderace, F|100/100
|move|p2a: Yoshi|Fire Punch|p1a: BunnyGirlSenpai
|-resisted|p1a: BunnyGirlSenpai
|-damage|p1a: BunnyGirlSenpai|76/100
|
|upkeep
|turn|12
|inactive|ulky has 120 seconds left.
|
|t:|1758996194
|move|p1a: BunnyGirlSenpai|Will-O-Wisp|p2a: Yoshi
|-status|p2a: Yoshi|brn
|move|p2a: Yoshi|Fire Punch|p1a: BunnyGirlSenpai
|-resisted|p1a: BunnyGirlSenpai
|-damage|p1a: BunnyGirlSenpai|63/100
|
|-damage|p2a: Yoshi|70/100 brn|[from] brn
|upkeep
|turn|13
|
|t:|1758996201
|switch|p2a: Siren|Primarina, F|15/100 psn
|-damage|p2a: Siren|3/100 psn|[from] Stealth Rock
|move|p1a: BunnyGirlSenpai|U-turn|p2a: Siren
|-resisted|p2a: Siren
|-damage|p2a: Siren|0 fnt
|faint|p2a: Siren
|
|t:|1758996205
|switch|p1a: Zenitsu|Raging Bolt|100/100|[from] U-turn
|
|upkeep
|-message|ulky forfeited.
|
|win|Obito 2001
|raw|Obito 2001's rating: 1707 &rarr; <strong>1731</strong><br />(+24 for winning)
|raw|ulky's rating: 1780 &rarr; <strong>1756</strong><br />(-24 for losing)
|l|☆ulky
|player|p2|
