|j|☆Kidday
|j|☆Zeke_Attention
|t:|1759077003
|gametype|singles
|player|p1|Kidday|1|1122
|player|p2|Zeke_Attention|102|1163
|gen|9
|tier|[Gen 9] OU
|rated|
|rule|HP Percentage Mod: HP is shown in percentages
|rule|Endless Battle Clause: Forcing endless battles is banned
|rule|Species Clause: Limit one of each Pokémon
|rule|OHKO Clause: OHKO moves are banned
|rule|Evasion Items Clause: Evasion items are banned
|rule|Evasion Moves Clause: Evasion moves are banned
|rule|Evasion Abilities Clause: Evasion abilities are banned
|rule|Sleep Moves Clause: Sleep-inducing moves are banned
|clearpoke
|poke|p1|Blastoise, M|
|poke|p1|Toxtricity-Low-Key, M|
|poke|p1|Golurk|
|poke|p1|Kingambit, M|
|poke|p1|Magmortar, M|
|poke|p1|Grimmsnarl, M|
|poke|p2|Greninja-*, M|
|poke|p2|Staraptor, F|
|poke|p2|Hydrapple, M|
|poke|p2|Diancie|
|poke|p2|Lycanroc-Dusk, M|
|poke|p2|Delphox, F|
|teampreview
|
|t:|1759077006
|teamsize|p1|6
|teamsize|p2|6
|start
|switch|p1a: Grimmi|Grimmsnarl, M, shiny|100/100
|switch|p2a: Lycanroc|Lycanroc-Dusk, M|100/100
|turn|1
|
|t:|1759077014
|move|p1a: Grimmi|Reflect|p1a: Grimmi
|-sidestart|p1: Kidday|Reflect
|move|p2a: Lycanroc|Stealth Rock|p1a: Grimmi
|-sidestart|p1: Kidday|move: Stealth Rock
|
|upkeep
|turn|2
|inactive|Battle timer is ON: inactive players will automatically lose when time's up. (requested by Zeke_Attention)
|
|t:|1759077027
|move|p1a: Grimmi|Parting Shot|p2a: Lycanroc
|-unboost|p2a: Lycanroc|atk|1
|-unboost|p2a: Lycanroc|spa|1
|
|t:|1759077030
|switch|p1a: Saitama|Golurk, shiny|100/100|[from] Parting Shot
|-damage|p1a: Saitama|94/100|[from] Stealth Rock
|move|p2a: Lycanroc|Rock Slide|p1a: Saitama
|-resisted|p1a: Saitama
|-damage|p1a: Saitama|88/100
|
|upkeep
|turn|3
|
|t:|1759077052
|switch|p2a: Hydrapple|Hydrapple, M|100/100
|move|p1a: Saitama|Dynamic Punch|p2a: Hydrapple
|-damage|p2a: Hydrapple|60/100
|-start|p2a: Hydrapple|confusion
|
|upkeep
|turn|4
|
|t:|1759077065
|switch|p1a: Grimmi|Grimmsnarl, M, shiny|100/100
|-damage|p1a: Grimmi|88/100|[from] Stealth Rock
|-activate|p2a: Hydrapple|confusion
|move|p2a: Hydrapple|Leaf Storm|p1a: Grimmi
|-crit|p1a: Grimmi
|-damage|p1a: Grimmi|0 fnt
|-unboost|p2a: Hydrapple|spa|2
|faint|p1a: Grimmi
|-enditem|p2a: Hydrapple|Eject Pack
|c|☆Kidday|What a critical hit
|inactive|Zeke_Attention has 120 seconds left.
|
|t:|1759077091
|switch|p2a: Staraptor|Staraptor, F|100/100
|
|upkeep
|c|☆Kidday|What a crit
|c|☆Kidday|🙄
|inactive|Kidday has 120 seconds left.
|
|t:|1759077129
|switch|p1a: BigBlue 💙|Blastoise, M, shiny|100/100
|-damage|p1a: BigBlue 💙|88/100|[from] Stealth Rock
|turn|5
|
|t:|1759077143
|move|p2a: Staraptor|Brave Bird|p1a: BigBlue 💙
|-damage|p1a: BigBlue 💙|49/100
|-damage|p2a: Staraptor|85/100|[from] Recoil
|move|p1a: BigBlue 💙|Shell Smash|p1a: BigBlue 💙
|-unboost|p1a: BigBlue 💙|def|1
|-unboost|p1a: BigBlue 💙|spd|1
|-boost|p1a: BigBlue 💙|atk|2
|-boost|p1a: BigBlue 💙|spa|2
|-boost|p1a: BigBlue 💙|spe|2
|-enditem|p1a: BigBlue 💙|White Herb
|-clearnegativeboost|p1a: BigBlue 💙|[silent]
|
|upkeep
|turn|6
|inactive|Kidday has 120 seconds left.
|
|t:|1759077156
|move|p2a: Staraptor|Brave Bird|p1a: BigBlue 💙
|-damage|p1a: BigBlue 💙|12/100
|-damage|p2a: Staraptor|72/100|[from] Recoil
|move|p1a: BigBlue 💙|Ice Beam|p2a: Staraptor
|-supereffective|p2a: Staraptor
|-damage|p2a: Staraptor|0 fnt
|faint|p2a: Staraptor
|
|upkeep
|inactive|Zeke_Attention has 120 seconds left.
|
|t:|1759077179
|switch|p2a: Greninja|Greninja, M|100/100
|turn|7
|
|t:|1759077184
|move|p1a: BigBlue 💙|Surf|p2a: Greninja
|-resisted|p2a: Greninja
|-crit|p2a: Greninja
|-damage|p2a: Greninja|0 fnt
|faint|p2a: Greninja
|
|upkeep
|c|☆Kidday|We are even
|
|t:|1759077194
|switch|p2a: Diancie|Diancie|100/100
|turn|8
|
|t:|1759077201
|-terastallize|p2a: Diancie|Water
|move|p1a: BigBlue 💙|Surf|p2a: Diancie
|-resisted|p2a: Diancie
|-damage|p2a: Diancie|59/100
|move|p2a: Diancie|Diamond Storm|p1a: BigBlue 💙
|-damage|p1a: BigBlue 💙|0 fnt
|-boost|p2a: Diancie|def|2
|faint|p1a: BigBlue 💙
|
|-heal|p2a: Diancie|65/100|[from] item: Leftovers
|-sideend|p1: Kidday|Reflect
|upkeep
|
|t:|1759077224
|switch|p1a: Toxic💜|Toxtricity-Low-Key, M|100/100
|-damage|p1a: Toxic💜|88/100|[from] Stealth Rock
|turn|9
|
|t:|1759077231
|move|p1a: Toxic💜|Overdrive|p2a: Diancie
|-supereffective|p2a: Diancie
|-damage|p2a: Diancie|0 fnt
|faint|p2a: Diancie
|-enditem|p1a: Toxic💜|Throat Spray
|-boost|p1a: Toxic💜|spa|1|[from] item: Throat Spray
|
|upkeep
|
|t:|1759077238
|switch|p2a: Hydrapple|Hydrapple, M|94/100
|turn|10
|
|t:|1759077243
|move|p1a: Toxic💜|Sludge Bomb|p2a: Hydrapple
|-supereffective|p2a: Hydrapple
|-damage|p2a: Hydrapple|0 fnt
|faint|p2a: Hydrapple
|
|upkeep
|
|t:|1759077248
|switch|p2a: Delphox|Delphox, F|100/100
|turn|11
|
|t:|1759077257
|move|p2a: Delphox|Psychic|p1a: Toxic💜
|-supereffective|p1a: Toxic💜
|-damage|p1a: Toxic💜|0 fnt
|faint|p1a: Toxic💜
|
|upkeep
|
|t:|1759077264
|switch|p1a: Ruby|Magmortar, M, shiny|100/100
|-damage|p1a: Ruby|76/100|[from] Stealth Rock
|turn|12
|
|t:|1759077269
|move|p2a: Delphox|Scorching Sands|p1a: Ruby
|-supereffective|p1a: Ruby
|-damage|p1a: Ruby|47/100
|move|p1a: Ruby|Scorching Sands|p2a: Delphox
|-supereffective|p2a: Delphox
|-damage|p2a: Delphox|41/100
|
|upkeep
|turn|13
|
|t:|1759077280
|move|p2a: Delphox|Scorching Sands|p1a: Ruby
|-supereffective|p1a: Ruby
|-damage|p1a: Ruby|14/100
|move|p1a: Ruby|Scorching Sands|p2a: Delphox
|-supereffective|p2a: Delphox
|-damage|p2a: Delphox|0 fnt
|faint|p2a: Delphox
|
|upkeep
|
|t:|1759077289
|switch|p2a: Lycanroc|Lycanroc-Dusk, M|100/100
|turn|14
|
|t:|1759077294
|move|p2a: Lycanroc|Rock Slide|p1a: Ruby
|-supereffective|p1a: Ruby
|-damage|p1a: Ruby|0 fnt
|faint|p1a: Ruby
|
|upkeep
|
|t:|1759077298
|switch|p1a: Saitama|Golurk, shiny|88/100
|-damage|p1a: Saitama|82/100|[from] Stealth Rock
|turn|15
|
|t:|1759077305
|move|p2a: Lycanroc|Rock Slide|p1a: Saitama
|-resisted|p1a: Saitama
|-damage|p1a: Saitama|64/100
|move|p1a: Saitama|Dynamic Punch|p2a: Lycanroc
|-supereffective|p2a: Lycanroc
|-enditem|p2a: Lycanroc|Focus Sash
|-damage|p2a: Lycanroc|1/100
|-start|p2a: Lycanroc|confusion
|
|upkeep
|turn|16
|-message|Zeke_Attention forfeited.
|
|win|Kidday
|raw|Kidday's rating: 1122 &rarr; <strong>1150</strong><br />(+28 for winning)
|raw|Zeke_Attention's rating: 1163 &rarr; <strong>1135</strong><br />(-28 for losing)
|l|☆Zeke_Attention
|player|p2|
|l|☆Kidday
|player|p1|
