|j|☆venjazanzhes123
|j|☆DonovanIsNotHere
|t:|1758922630
|gametype|singles
|player|p1|venjazanzhes123|blue|1486
|player|p2|DonovanIsNotHere|266|1461
|gen|9
|tier|[Gen 9] OU
|rated|
|rule|HP Percentage Mod: HP is shown in percentages
|rule|Endless Battle Clause: Forcing endless battles is banned
|rule|Species Clause: Limit one of each Pokémon
|rule|OHKO Clause: OHKO moves are banned
|rule|Evasion Items Clause: Evasion items are banned
|rule|Evasion Moves Clause: Evasion moves are banned
|rule|Evasion Abilities Clause: Evasion abilities are banned
|rule|Sleep Moves Clause: Sleep-inducing moves are banned
|clearpoke
|poke|p1|Goodra-Hisui, M|
|poke|p1|Dragapult, M|
|poke|p1|Dragonite, M|
|poke|p1|Slowking-Galar, M|
|poke|p1|Corviknight, M|
|poke|p1|Quagsire, M|
|poke|p2|Venusaur, M|
|poke|p2|Torkoal, M|
|poke|p2|Hatterene, F|
|poke|p2|Walking Wake|
|poke|p2|Ceruledge, F|
|poke|p2|Great Tusk|
|teampreview
|
|t:|1758922663
|teamsize|p1|6
|teamsize|p2|6
|start
|switch|p1a: Slowking|Slowking-Galar, M|100/100
|switch|p2a: Too Dark|Torkoal, M|100/100
|-weather|SunnyDay|[from] ability: Drought|[of] p2a: Too Dark
|turn|1
|
|t:|1758922669
|move|p1a: Slowking|Sludge Wave|p2a: Too Dark
|-damage|p2a: Too Dark|33/100
|move|p2a: Too Dark|Stealth Rock|p1a: Slowking
|-sidestart|p1: venjazanzhes123|move: Stealth Rock
|
|-weather|SunnyDay|[upkeep]
|upkeep
|turn|2
|
|t:|1758922683
|switch|p2a: Gyomei|Great Tusk|100/100
|-activate|p2a: Gyomei|ability: Protosynthesis
|-start|p2a: Gyomei|protosynthesisatk
|move|p1a: Slowking|Psyshock|p2a: Gyomei
|-supereffective|p2a: Gyomei
|-damage|p2a: Gyomei|39/100
|
|-weather|SunnyDay|[upkeep]
|upkeep
|turn|3
|
|t:|1758922694
|switch|p1a: Corviknight|Corviknight, M|100/100
|-damage|p1a: Corviknight|88/100|[from] Stealth Rock
|move|p2a: Gyomei|Knock Off|p1a: Corviknight
|-damage|p1a: Corviknight|61/100
|-damage|p2a: Gyomei|23/100|[from] item: Rocky Helmet|[of] p1a: Corviknight
|-enditem|p1a: Corviknight|Rocky Helmet|[from] move: Knock Off|[of] p2a: Gyomei
|
|-weather|SunnyDay|[upkeep]
|upkeep
|turn|4
|
|t:|1758922703
|-end|p2a: Gyomei|Protosynthesis|[silent]
|switch|p2a: Christopher|Walking Wake|100/100
|-activate|p2a: Christopher|ability: Protosynthesis
|-start|p2a: Christopher|protosynthesisspe
|move|p1a: Corviknight|Defog|p2a: Christopher
|-unboost|p2a: Christopher|evasion|1
|-sideend|p1: venjazanzhes123|Stealth Rock|[from] move: Defog|[of] p1a: Corviknight
|
|-weather|SunnyDay|[upkeep]
|upkeep
|turn|5
|
|t:|1758922713
|switch|p1a: Goodra|Goodra-Hisui, M|100/100
|move|p2a: Christopher|Flip Turn|p1a: Goodra
|-resisted|p1a: Goodra
|-damage|p1a: Goodra|96/100
|-ability|p1a: Goodra|Gooey
|-unboost|p2a: Christopher|spe|1
|
|t:|1758922717
|-end|p2a: Christopher|Protosynthesis|[silent]
|switch|p2a: Gyomei|Great Tusk|23/100|[from] Flip Turn
|-activate|p2a: Gyomei|ability: Protosynthesis
|-start|p2a: Gyomei|protosynthesisatk
|
|-weather|SunnyDay|[upkeep]
|upkeep
|turn|6
|inactive|Battle timer is ON: inactive players will automatically lose when time's up. (requested by DonovanIsNotHere)
|
|t:|1758922735
|move|p2a: Gyomei|Headlong Rush|p1a: Goodra
|-supereffective|p1a: Goodra
|-damage|p1a: Goodra|0 fnt
|-unboost|p2a: Gyomei|def|1
|-unboost|p2a: Gyomei|spd|1
|-ability|p1a: Goodra|Gooey
|-unboost|p2a: Gyomei|spe|1
|faint|p1a: Goodra
|
|-weather|SunnyDay|[upkeep]
|upkeep
|
|t:|1758922738
|switch|p1a: Dragapult|Dragapult, M|100/100
|turn|7
|
|t:|1758922754
|-end|p2a: Gyomei|Protosynthesis|[silent]
|switch|p2a: The Mad|Hatterene, F|100/100
|move|p1a: Dragapult|Dragon Dance|p1a: Dragapult
|-boost|p1a: Dragapult|atk|1
|-boost|p1a: Dragapult|spe|1
|
|-weather|SunnyDay|[upkeep]
|upkeep
|turn|8
|inactive|DonovanIsNotHere has 120 seconds left.
|inactive|DonovanIsNotHere has 90 seconds left.
|inactive|DonovanIsNotHere has 60 seconds left.
|
|t:|1758922845
|move|p1a: Dragapult|Phantom Force||[still]
|-prepare|p1a: Dragapult|Phantom Force
|move|p2a: The Mad|Dazzling Gleam|p1a: Dragapult|[miss]
|-miss|p2a: The Mad|p1a: Dragapult
|
|-weather|none
|upkeep
|turn|9
|inactive|DonovanIsNotHere has 60 seconds left.
|inactive|DonovanIsNotHere has 30 seconds left.
|inactive|DonovanIsNotHere has 20 seconds left.
|inactive|DonovanIsNotHere has 15 seconds left.
|
|t:|1758922898
|move|p1a: Dragapult|Phantom Force|p2a: The Mad|[from] lockedmove
|-supereffective|p2a: The Mad
|-damage|p2a: The Mad|0 fnt
|faint|p2a: The Mad
|-damage|p1a: Dragapult|91/100|[from] item: Life Orb
|
|upkeep
|inactive|DonovanIsNotHere has 20 seconds left this turn.
|
|t:|1758922900
|switch|p2a: Too Dark|Torkoal, M|33/100
|-weather|SunnyDay|[from] ability: Drought|[of] p2a: Too Dark
|turn|10
|inactive|DonovanIsNotHere has 30 seconds left this turn.
|inactive|DonovanIsNotHere has 20 seconds left.
|
|t:|1758922913
|move|p1a: Dragapult|Dragon Darts|p2a: Too Dark
|-damage|p2a: Too Dark|3/100
|-anim|p1a: Dragapult|Dragon Darts|p2a: Too Dark
|-damage|p2a: Too Dark|0 fnt
|faint|p2a: Too Dark
|-damage|p1a: Dragapult|81/100|[from] item: Life Orb
|
|-weather|SunnyDay|[upkeep]
|upkeep
|inactive|DonovanIsNotHere has 25 seconds left this turn.
|
|t:|1758922915
|switch|p2a: Christopher|Walking Wake|100/100
|-activate|p2a: Christopher|ability: Protosynthesis
|-start|p2a: Christopher|protosynthesisspe
|turn|11
|
|t:|1758922920
|-terastallize|p2a: Christopher|Fairy
|move|p1a: Dragapult|Dragon Darts|p2a: Christopher
|-immune|p2a: Christopher
|move|p2a: Christopher|Draco Meteor|p1a: Dragapult
|-supereffective|p1a: Dragapult
|-damage|p1a: Dragapult|0 fnt
|-unboost|p2a: Christopher|spa|2
|faint|p1a: Dragapult
|
|-weather|SunnyDay|[upkeep]
|upkeep
|
|t:|1758922925
|switch|p1a: Slowking|Slowking-Galar, M|100/100
|turn|12
|
|t:|1758922933
|move|p2a: Christopher|Flip Turn|p1a: Slowking
|-damage|p1a: Slowking|91/100
|
|t:|1758922935
|-end|p2a: Christopher|Protosynthesis|[silent]
|switch|p2a: Gyomei|Great Tusk|23/100|[from] Flip Turn
|-activate|p2a: Gyomei|ability: Protosynthesis
|-start|p2a: Gyomei|protosynthesisatk
|move|p1a: Slowking|Psyshock|p2a: Gyomei
|-supereffective|p2a: Gyomei
|-damage|p2a: Gyomei|0 fnt
|faint|p2a: Gyomei
|-end|p2a: Gyomei|Protosynthesis|[silent]
|
|-weather|SunnyDay|[upkeep]
|upkeep
|
|t:|1758922937
|switch|p2a: Inosuke|Ceruledge, F|100/100
|turn|13
|inactive|DonovanIsNotHere has 60 seconds left.
|inactive|venjazanzhes123 has 120 seconds left.
|
|t:|1758922967
|switch|p1a: Quagsire|Quagsire, M|100/100
|move|p2a: Inosuke|Poltergeist|p1a: Quagsire
|-activate|p1a: Quagsire|move: Poltergeist|Sitrus Berry
|-damage|p1a: Quagsire|61/100
|
|-weather|SunnyDay|[upkeep]
|upkeep
|turn|14
|inactive|venjazanzhes123 has 120 seconds left.
|inactive|DonovanIsNotHere has 60 seconds left.
|
|t:|1758922981
|switch|p2a: Too Small|Venusaur, M|100/100
|move|p1a: Quagsire|Toxic|p2a: Too Small
|-immune|p2a: Too Small
|
|-weather|SunnyDay|[upkeep]
|upkeep
|turn|15
|inactive|venjazanzhes123 has 120 seconds left.
|inactive|DonovanIsNotHere has 60 seconds left.
|
|t:|1758923003
|switch|p2a: Christopher|Walking Wake, tera:Fairy|100/100
|-activate|p2a: Christopher|ability: Protosynthesis
|-start|p2a: Christopher|protosynthesisspe
|move|p1a: Quagsire|Earthquake|p2a: Christopher
|-damage|p2a: Christopher|66/100
|
|-weather|SunnyDay|[upkeep]
|upkeep
|turn|16
|l|☆venjazanzhes123
|inactive|venjazanzhes123 disconnected and has a minute to reconnect!
|player|p1|
|inactive|DonovanIsNotHere has 60 seconds left.
|j|☆venjazanzhes123
|inactive|venjazanzhes123 reconnected and has 100 seconds left.
|player|p1|venjazanzhes123|blue|
|
|t:|1758923030
|move|p2a: Christopher|Hydro Steam|p1a: Quagsire
|-damage|p1a: Quagsire|0 fnt
|faint|p1a: Quagsire
|
|-weather|SunnyDay|[upkeep]
|upkeep
|inactive|venjazanzhes123 has 90 seconds left.
|
|t:|1758923041
|switch|p1a: Dragonite|Dragonite, M|100/100
|turn|17
|
|t:|1758923044
|move|p2a: Christopher|Draco Meteor|p1a: Dragonite
|-supereffective|p1a: Dragonite
|-damage|p1a: Dragonite|28/100
|-unboost|p2a: Christopher|spa|2
|move|p1a: Dragonite|Dragon Dance|p1a: Dragonite
|-boost|p1a: Dragonite|atk|1
|-boost|p1a: Dragonite|spe|1
|
|-weather|none
|-end|p2a: Christopher|Protosynthesis
|upkeep
|turn|18
|
|t:|1758923071
|move|p1a: Dragonite|Roost|p1a: Dragonite
|-heal|p1a: Dragonite|78/100
|-singleturn|p1a: Dragonite|move: Roost
|move|p2a: Christopher|Draco Meteor|p1a: Dragonite
|-supereffective|p1a: Dragonite
|-damage|p1a: Dragonite|15/100
|-unboost|p2a: Christopher|spa|2
|
|upkeep
|turn|19
|inactive|venjazanzhes123 has 90 seconds left.
|inactive|DonovanIsNotHere has 60 seconds left.
|inactive|venjazanzhes123 has 60 seconds left.
|
|t:|1758923141
|move|p1a: Dragonite|Roost|p1a: Dragonite
|-heal|p1a: Dragonite|65/100
|-singleturn|p1a: Dragonite|move: Roost
|move|p2a: Christopher|Flip Turn|p1a: Dragonite
|-resisted|p1a: Dragonite
|-damage|p1a: Dragonite|54/100
|
|t:|1758923154
|-end|p2a: Christopher|Protosynthesis|[silent]
|switch|p2a: Inosuke|Ceruledge, F|100/100|[from] Flip Turn
|
|upkeep
|turn|20
|
|t:|1758923177
|move|p1a: Dragonite|Earthquake|p2a: Inosuke
|-supereffective|p2a: Inosuke
|-enditem|p2a: Inosuke|Focus Sash
|-damage|p2a: Inosuke|1/100
|-ability|p2a: Inosuke|Weak Armor|boost
|-unboost|p2a: Inosuke|def|1
|-boost|p2a: Inosuke|spe|2
|move|p2a: Inosuke|Poltergeist|p1a: Dragonite
|-activate|p1a: Dragonite|move: Poltergeist|Heavy-Duty Boots
|-damage|p1a: Dragonite|0 fnt
|faint|p1a: Dragonite
|
|upkeep
|inactive|venjazanzhes123 has 30 seconds left.
|inactive|venjazanzhes123 has 20 seconds left.
|inactive|venjazanzhes123 has 15 seconds left.
|
|t:|1758923203
|switch|p1a: Corviknight|Corviknight, M|61/100
|turn|21
|inactive|venjazanzhes123 has 25 seconds left this turn.
|l|☆venjazanzhes123
|inactive|venjazanzhes123 disconnected and has a minute to reconnect!
|player|p1|
|inactive|venjazanzhes123 has 20 seconds left.
|inactive|DonovanIsNotHere has 60 seconds left.
|inactive|venjazanzhes123 has 15 seconds left.
|inactive|venjazanzhes123 has 10 seconds left.
|inactive|venjazanzhes123 has 5 seconds left.
|-message|venjazanzhes123 lost due to inactivity.
|
|win|DonovanIsNotHere
|raw|venjazanzhes123's rating: 1467 &rarr; <strong>1447</strong><br />(-20 for losing)
|raw|DonovanIsNotHere's rating: 1461 &rarr; <strong>1481</strong><br />(+20 for winning)
|c|☆DonovanIsNotHere|ggwp
