|j|☆bitter herbert
|j|☆darcy macdiaval
|t:|1758917700
|gametype|singles
|player|p1|bitter herbert|gentleman-gen4dp|1349
|player|p2|darcy macdiaval|cheryl|1311
|gen|9
|tier|[Gen 9] OU
|rated|
|rule|HP Percentage Mod: HP is shown in percentages
|rule|Endless Battle Clause: Forcing endless battles is banned
|rule|Species Clause: Limit one of each Pokémon
|rule|OHKO Clause: OHKO moves are banned
|rule|Evasion Items Clause: Evasion items are banned
|rule|Evasion Moves Clause: Evasion moves are banned
|rule|Evasion Abilities Clause: Evasion abilities are banned
|rule|Sleep Moves Clause: Sleep-inducing moves are banned
|clearpoke
|poke|p1|Torkoal, M|
|poke|p1|Dipplin, M|
|poke|p1|Great Tusk|
|poke|p1|Venusaur, F|
|poke|p1|Walking Wake|
|poke|p1|Ting-Lu|
|poke|p2|Primarina, M|
|poke|p2|Corviknight, M|
|poke|p2|Ursaluna, M|
|poke|p2|Weavile, M|
|poke|p2|Glimmora, M|
|poke|p2|Gastrodon, F|
|teampreview
|inactive|Battle timer is ON: inactive players will automatically lose when time's up. (requested by bitter herbert)
|inactive|bitter herbert has 120 seconds left.
|
|t:|1758917734
|teamsize|p1|6
|teamsize|p2|6
|start
|switch|p1a: Great Tusk|Great Tusk|100/100
|switch|p2a: Gastrodon|Gastrodon, F|100/100
|turn|1
|
|t:|1758917741
|-end|p1a: Great Tusk|Protosynthesis|[silent]
|switch|p1a: Dipplin|Dipplin, M|100/100
|move|p2a: Gastrodon|Whirlpool|p1a: Dipplin
|-resisted|p1a: Dipplin
|-damage|p1a: Dipplin|98/100
|-activate|p1a: Dipplin|move: Whirlpool|[of] p2a: Gastrodon
|
|-damage|p1a: Dipplin|85/100|[from] move: Whirlpool|[partiallytrapped]
|upkeep
|turn|2
|
|t:|1758917750
|move|p1a: Dipplin|Giga Drain|p2a: Gastrodon
|-supereffective|p2a: Gastrodon
|-damage|p2a: Gastrodon|35/100
|-heal|p1a: Dipplin|100/100|[from] drain|[of] p2a: Gastrodon
|move|p2a: Gastrodon|Ice Beam|p1a: Dipplin
|-supereffective|p1a: Dipplin
|-damage|p1a: Dipplin|17/100
|
|-damage|p1a: Dipplin|4/100|[from] move: Whirlpool|[partiallytrapped]
|upkeep
|turn|3
|
|t:|1758917761
|switch|p2a: Corviknight|Corviknight, M, shiny|100/100
|move|p1a: Dipplin|Giga Drain|p2a: Corviknight
|-resisted|p2a: Corviknight
|-damage|p2a: Corviknight|95/100
|-heal|p1a: Dipplin|7/100|[from] drain|[of] p2a: Corviknight
|
|-end|p1a: Dipplin|Whirlpool|[partiallytrapped]|[silent]
|upkeep
|turn|4
|
|t:|1758917769
|switch|p1a: Torkoal|Torkoal, M|100/100
|-weather|SunnyDay|[from] ability: Drought|[of] p1a: Torkoal
|move|p2a: Corviknight|U-turn|p1a: Torkoal
|-resisted|p1a: Torkoal
|-damage|p1a: Torkoal|97/100
|
|t:|1758917775
|switch|p2a: Glimmora|Glimmora, M|100/100|[from] U-turn
|
|-weather|SunnyDay|[upkeep]
|upkeep
|turn|5
|
|t:|1758917790
|switch|p1a: Great Tusk|Great Tusk|100/100
|-activate|p1a: Great Tusk|ability: Protosynthesis
|-start|p1a: Great Tusk|protosynthesisatk
|move|p2a: Glimmora|Meteor Beam||[still]
|-prepare|p2a: Glimmora|Meteor Beam
|-boost|p2a: Glimmora|spa|1
|-enditem|p2a: Glimmora|Power Herb
|-anim|p2a: Glimmora|Meteor Beam|p1a: Great Tusk|[miss]
|-miss|p2a: Glimmora|p1a: Great Tusk
|
|-weather|SunnyDay|[upkeep]
|upkeep
|turn|6
|
|t:|1758917801
|-terastallize|p2a: Glimmora|Grass
|move|p1a: Great Tusk|Headlong Rush|p2a: Glimmora
|-resisted|p2a: Glimmora
|-damage|p2a: Glimmora|49/100
|-unboost|p1a: Great Tusk|def|1
|-unboost|p1a: Great Tusk|spd|1
|-activate|p2a: Glimmora|ability: Toxic Debris
|-sidestart|p1: bitter herbert|move: Toxic Spikes
|move|p2a: Glimmora|Energy Ball|p1a: Great Tusk
|-supereffective|p1a: Great Tusk
|-damage|p1a: Great Tusk|0 fnt
|faint|p1a: Great Tusk
|-end|p1a: Great Tusk|Protosynthesis|[silent]
|
|-weather|SunnyDay|[upkeep]
|upkeep
|
|t:|1758917815
|switch|p1a: Venusaur|Venusaur, F|100/100
|-sideend|p1: bitter herbert|move: Toxic Spikes|[of] p1a: Venusaur
|turn|7
|
|t:|1758917825
|move|p1a: Venusaur|Weather Ball|p2a: Glimmora
|-supereffective|p2a: Glimmora
|-damage|p2a: Glimmora|0 fnt
|faint|p2a: Glimmora
|-damage|p1a: Venusaur|91/100|[from] item: Life Orb
|
|-weather|SunnyDay|[upkeep]
|upkeep
|-message|darcy macdiaval forfeited.
|
|win|bitter herbert
|raw|bitter herbert's rating: 1349 &rarr; <strong>1367</strong><br />(+18 for winning)
|raw|darcy macdiaval's rating: 1311 &rarr; <strong>1293</strong><br />(-18 for losing)
|l|☆darcy macdiaval
|player|p2|
|l|☆bitter herbert
|player|p1|
