|badge|p2|bronze|gen9ou|100-6
|html|<div class="broadcast-red"><strong>This battle is required to be public due to one or more player having a season medal.</strong><br />During the public phase, you can discuss the state of the ladder <a href="/seasondiscussion">in a special chatroom.</a></div>
|uhtml|medal-msg|<div class="broadcast-blue">Curious what those medals under the avatar are? PS now has Ladder Seasons! For more information, check out the <a href="https://www.smogon.com/forums/threads/3740067/">thread on Smogon.</a></div>
|raw|<div class="broadcast-blue"><strong>This battle is required to be public due to a player having a name starting with 'medal'.</div>
|j|☆deddd server
|j|‽ho3nconfirm3d
|t:|1759000489
|gametype|singles
|player|p1|deddd server|miku-flying|1761
|player|p2|ho3nconfirm3d|#scl5shoguns|1898
|gen|9
|tier|[Gen 9] OU
|rated|
|rule|HP Percentage Mod: HP is shown in percentages
|rule|Endless Battle Clause: Forcing endless battles is banned
|rule|Species Clause: Limit one of each Pokémon
|rule|OHKO Clause: OHKO moves are banned
|rule|Evasion Items Clause: Evasion items are banned
|rule|Evasion Moves Clause: Evasion moves are banned
|rule|Evasion Abilities Clause: Evasion abilities are banned
|rule|Sleep Moves Clause: Sleep-inducing moves are banned
|clearpoke
|poke|p1|Cinderace, M|
|poke|p1|Raging Bolt|
|poke|p1|Hatterene, F|
|poke|p1|Kingambit, M|
|poke|p1|Great Tusk|
|poke|p1|Pecharunt|
|poke|p2|Glimmora, M|
|poke|p2|Weavile, F|
|poke|p2|Zamazenta-*|
|poke|p2|Dragonite, F|
|poke|p2|Ogerpon-Wellspring, F|
|poke|p2|Gholdengo|
|teampreview
|inactive|Battle timer is ON: inactive players will automatically lose when time's up. (requested by deddd server)
|
|t:|1759000503
|teamsize|p1|6
|teamsize|p2|6
|start
|switch|p1a: Pecharunt|Pecharunt|100/100
|switch|p2a: Weavile|Weavile, F|100/100
|-ability|p2a: Weavile|Pressure
|-item|p1a: Pecharunt|Air Balloon
|turn|1
|
|t:|1759000510
|switch|p1a: Great Tusk|Great Tusk|100/100
|move|p2a: Weavile|Knock Off|p1a: Great Tusk
|-resisted|p1a: Great Tusk
|-crit|p1a: Great Tusk
|-damage|p1a: Great Tusk|64/100
|-enditem|p1a: Great Tusk|Heavy-Duty Boots|[from] move: Knock Off|[of] p2a: Weavile
|-damage|p2a: Weavile|91/100|[from] item: Life Orb
|
|upkeep
|turn|2
|j| yrmpa
|
|t:|1759000520
|-end|p1a: Great Tusk|Protosynthesis|[silent]
|switch|p1a: Cinderace|Cinderace, M|100/100
|move|p2a: Weavile|Triple Axel|p1a: Cinderace
|-resisted|p1a: Cinderace
|-damage|p1a: Cinderace|91/100
|-resisted|p1a: Cinderace
|-damage|p1a: Cinderace|73/100
|-resisted|p1a: Cinderace
|-damage|p1a: Cinderace|44/100
|-hitcount|p1a: Cinderace|3
|-damage|p2a: Weavile|81/100|[from] item: Life Orb
|
|upkeep
|turn|3
|l| yrmpa
|
|t:|1759000527
|switch|p2a: Glimmora|Glimmora, M|100/100
|switch|p1a: Kingambit|Kingambit, M|100/100
|
|upkeep
|turn|4
|
|t:|1759000533
|-end|p1a: Kingambit|fallenundefined|[silent]
|switch|p1a: Great Tusk|Great Tusk|64/100
|move|p2a: Glimmora|Stealth Rock|p1a: Great Tusk
|-sidestart|p1: deddd server|move: Stealth Rock
|
|upkeep
|turn|5
|
|t:|1759000539
|switch|p2a: Gholdengo|Gholdengo|100/100
|move|p1a: Great Tusk|Headlong Rush|p2a: Gholdengo
|-supereffective|p2a: Gholdengo
|-enditem|p2a: Gholdengo|Shuca Berry|[eat]
|-enditem|p2a: Gholdengo|Shuca Berry|[weaken]
|-damage|p2a: Gholdengo|44/100
|-unboost|p1a: Great Tusk|def|1
|-unboost|p1a: Great Tusk|spd|1
|
|upkeep
|turn|6
|
|t:|1759000545
|switch|p2a: Ogerpon|Ogerpon-Wellspring, F|100/100
|move|p1a: Great Tusk|Headlong Rush|p2a: Ogerpon
|-resisted|p2a: Ogerpon
|-damage|p2a: Ogerpon|59/100
|-unboost|p1a: Great Tusk|def|1
|-unboost|p1a: Great Tusk|spd|1
|
|upkeep
|turn|7
|
|t:|1759000550
|-end|p1a: Great Tusk|Protosynthesis|[silent]
|switch|p1a: Pecharunt|Pecharunt|100/100
|-damage|p1a: Pecharunt|88/100|[from] Stealth Rock
|-item|p1a: Pecharunt|Air Balloon
|move|p2a: Ogerpon|Ivy Cudgel|p1a: Pecharunt|[anim] Ivy Cudgel Water
|-damage|p1a: Pecharunt|62/100
|-enditem|p1a: Pecharunt|Air Balloon
|
|upkeep
|turn|8
|
|t:|1759000559
|switch|p2a: Gholdengo|Gholdengo|44/100
|move|p1a: Pecharunt|Shadow Ball|p2a: Gholdengo
|-supereffective|p2a: Gholdengo
|-damage|p2a: Gholdengo|0 fnt
|faint|p2a: Gholdengo
|
|upkeep
|
|t:|1759000563
|switch|p2a: Glimmora|Glimmora, M|100/100
|turn|9
|
|t:|1759000567
|move|p2a: Glimmora|Earth Power|p1a: Pecharunt
|-supereffective|p1a: Pecharunt
|-damage|p1a: Pecharunt|7/100
|move|p1a: Pecharunt|Parting Shot|p2a: Glimmora
|-unboost|p2a: Glimmora|atk|1
|-unboost|p2a: Glimmora|spa|1
|
|t:|1759000570
|switch|p1a: Great Tusk|Great Tusk|64/100|[from] Parting Shot
|-damage|p1a: Great Tusk|61/100|[from] Stealth Rock
|
|upkeep
|turn|10
|
|t:|1759000584
|-terastallize|p2a: Glimmora|Ghost
|move|p1a: Great Tusk|Rapid Spin|p2a: Glimmora
|-immune|p2a: Glimmora
|move|p2a: Glimmora|Mortal Spin|p1a: Great Tusk
|-resisted|p1a: Great Tusk
|-damage|p1a: Great Tusk|59/100
|-status|p1a: Great Tusk|psn
|
|-damage|p1a: Great Tusk|47/100 psn|[from] psn
|upkeep
|turn|11
|j| tiochicodobos
|
|t:|1759000593
|move|p1a: Great Tusk|Headlong Rush|p2a: Glimmora
|-damage|p2a: Glimmora|36/100
|-unboost|p1a: Great Tusk|def|1
|-unboost|p1a: Great Tusk|spd|1
|-activate|p2a: Glimmora|ability: Toxic Debris
|-sidestart|p1: deddd server|move: Toxic Spikes
|-enditem|p2a: Glimmora|Red Card|[of] p1a: Great Tusk
|-end|p1a: Great Tusk|Protosynthesis|[silent]
|drag|p1a: Hatterene|Hatterene, F|100/100
|-damage|p1a: Hatterene|88/100|[from] Stealth Rock
|-status|p1a: Hatterene|psn
|move|p2a: Glimmora|Earth Power|p1a: Hatterene
|-damage|p1a: Hatterene|78/100 psn
|
|-damage|p1a: Hatterene|65/100 psn|[from] psn
|upkeep
|turn|12
|
|t:|1759000605
|switch|p2a: Ogerpon|Ogerpon-Wellspring, F|59/100
|move|p1a: Hatterene|Psyshock|p2a: Ogerpon
|-damage|p2a: Ogerpon|0 fnt
|faint|p2a: Ogerpon
|
|-damage|p1a: Hatterene|53/100 psn|[from] psn
|upkeep
|
|t:|1759000610
|switch|p2a: Weavile|Weavile, F|81/100
|-ability|p2a: Weavile|Pressure
|turn|13
|j| Light SV
|
|t:|1759000612
|move|p2a: Weavile|Knock Off|p1a: Hatterene
|-damage|p1a: Hatterene|0 fnt
|-enditem|p1a: Hatterene|Assault Vest|[from] move: Knock Off|[of] p2a: Weavile
|faint|p1a: Hatterene
|-damage|p2a: Weavile|71/100|[from] item: Life Orb
|
|upkeep
|
|t:|1759000622
|switch|p1a: Kingambit|Kingambit, M|100/100
|-damage|p1a: Kingambit|94/100|[from] Stealth Rock
|-activate|p1a: Kingambit|ability: Supreme Overlord
|-start|p1a: Kingambit|fallen1|[silent]
|turn|14
|
|t:|1759000626
|-terastallize|p1a: Kingambit|Ghost
|move|p2a: Weavile|Low Kick|p1a: Kingambit
|-immune|p1a: Kingambit
|move|p1a: Kingambit|Iron Head|p2a: Weavile
|-supereffective|p2a: Weavile
|-damage|p2a: Weavile|0 fnt
|faint|p2a: Weavile
|
|-heal|p1a: Kingambit|100/100|[from] item: Leftovers
|upkeep
|
|t:|1759000632
|switch|p2a: Zamazenta|Zamazenta|100/100
|-ability|p2a: Zamazenta|Dauntless Shield|boost
|-boost|p2a: Zamazenta|def|1
|turn|15
|
|t:|1759000636
|-end|p1a: Kingambit|fallen1|[silent]
|switch|p1a: Pecharunt|Pecharunt|7/100
|-damage|p1a: Pecharunt|0 fnt|[from] Stealth Rock
|faint|p1a: Pecharunt
|move|p2a: Zamazenta|Iron Defense|p2a: Zamazenta
|-boost|p2a: Zamazenta|def|2
|
|upkeep
|
|t:|1759000639
|switch|p1a: Raging Bolt|Raging Bolt|100/100
|-damage|p1a: Raging Bolt|88/100|[from] Stealth Rock
|-status|p1a: Raging Bolt|psn
|turn|16
|
|t:|1759000643
|move|p2a: Zamazenta|Body Press|p1a: Raging Bolt
|-damage|p1a: Raging Bolt|13/100 psn
|move|p1a: Raging Bolt|Draco Meteor|p2a: Zamazenta
|-damage|p2a: Zamazenta|5/100
|-unboost|p1a: Raging Bolt|spa|2
|
|-heal|p2a: Zamazenta|12/100|[from] item: Leftovers
|-damage|p1a: Raging Bolt|1/100 psn|[from] psn
|upkeep
|turn|17
|
|t:|1759000651
|move|p2a: Zamazenta|Crunch|p1a: Raging Bolt
|-damage|p1a: Raging Bolt|0 fnt
|faint|p1a: Raging Bolt
|-end|p1a: Raging Bolt|Protosynthesis|[silent]
|
|-heal|p2a: Zamazenta|18/100|[from] item: Leftovers
|upkeep
|
|t:|1759000653
|switch|p1a: Kingambit|Kingambit, M, tera:Ghost|100/100
|-damage|p1a: Kingambit|88/100|[from] Stealth Rock
|-status|p1a: Kingambit|psn
|-activate|p1a: Kingambit|ability: Supreme Overlord
|-start|p1a: Kingambit|fallen3|[silent]
|turn|18
|
|t:|1759000662
|move|p2a: Zamazenta|Crunch|p1a: Kingambit
|-supereffective|p1a: Kingambit
|-damage|p1a: Kingambit|57/100 psn
|move|p1a: Kingambit|Iron Head|p2a: Zamazenta
|-damage|p2a: Zamazenta|0 fnt
|faint|p2a: Zamazenta
|
|-heal|p1a: Kingambit|63/100 psn|[from] item: Leftovers
|-damage|p1a: Kingambit|51/100 psn|[from] psn
|upkeep
|
|t:|1759000674
|switch|p2a: Glimmora|Glimmora, M, tera:Ghost|36/100
|turn|19
|
|t:|1759000678
|switch|p2a: Dragonite|Dragonite, F|100/100
|-end|p1a: Kingambit|fallen3|[silent]
|switch|p1a: Cinderace|Cinderace, M|44/100
|-damage|p1a: Cinderace|19/100|[from] Stealth Rock
|-status|p1a: Cinderace|psn
|
|-damage|p1a: Cinderace|7/100 psn|[from] psn
|upkeep
|turn|20
|
|t:|1759000683
|move|p2a: Dragonite|Extreme Speed|p1a: Cinderace
|-damage|p1a: Cinderace|0 fnt
|faint|p1a: Cinderace
|
|upkeep
|
|t:|1759000685
|switch|p1a: Great Tusk|Great Tusk|47/100 psn
|-damage|p1a: Great Tusk|44/100 psn|[from] Stealth Rock
|turn|21
|
|t:|1759000689
|switch|p2a: Glimmora|Glimmora, M, tera:Ghost|36/100
|move|p1a: Great Tusk|Ice Spinner|p2a: Glimmora
|-damage|p2a: Glimmora|5/100
|-activate|p2a: Glimmora|ability: Toxic Debris
|-sidestart|p1: deddd server|move: Toxic Spikes
|
|-damage|p1a: Great Tusk|31/100 psn|[from] psn
|upkeep
|turn|22
|
|t:|1759000696
|move|p1a: Great Tusk|Ice Spinner|p2a: Glimmora
|-damage|p2a: Glimmora|0 fnt
|faint|p2a: Glimmora
|
|-damage|p1a: Great Tusk|19/100 psn|[from] psn
|upkeep
|
|t:|1759000699
|switch|p2a: Dragonite|Dragonite, F|100/100
|turn|23
|
|t:|1759000712
|move|p2a: Dragonite|Extreme Speed|p1a: Great Tusk
|-damage|p1a: Great Tusk|0 fnt
|faint|p1a: Great Tusk
|-end|p1a: Great Tusk|Protosynthesis|[silent]
|
|upkeep
|
|t:|1759000715
|switch|p1a: Kingambit|Kingambit, M, tera:Ghost|51/100 psn
|-damage|p1a: Kingambit|38/100 psn|[from] Stealth Rock
|-activate|p1a: Kingambit|ability: Supreme Overlord
|-start|p1a: Kingambit|fallen5|[silent]
|turn|24
|
|t:|1759000718
|move|p2a: Dragonite|Earthquake|p1a: Kingambit
|-damage|p1a: Kingambit|7/100 psn
|move|p1a: Kingambit|Kowtow Cleave|p2a: Dragonite
|-damage|p2a: Dragonite|57/100
|
|-heal|p1a: Kingambit|13/100 psn|[from] item: Leftovers
|-damage|p1a: Kingambit|1/100 psn|[from] psn
|upkeep
|turn|25
|
|t:|1759000728
|move|p2a: Dragonite|Earthquake|p1a: Kingambit
|-damage|p1a: Kingambit|0 fnt
|faint|p1a: Kingambit
|-end|p1a: Kingambit|fallen5|[silent]
|
|win|ho3nconfirm3d
|raw|deddd server's rating: 1761 &rarr; <strong>1749</strong><br />(-12 for losing)
|raw|ho3nconfirm3d's rating: 1898 &rarr; <strong>1910</strong><br />(+12 for winning)
|l|☆deddd server
|player|p1|
|l|‽ho3nconfirm3d
|player|p2|
|j| ch0r0ng
|l| ch0r0ng
