|j|☆Shibuya Arc
|j|☆xrayinformation
|t:|1758919181
|gametype|singles
|player|p1|Shibuya Arc|265|1507
|player|p2|xrayinformation|dragontamer|1612
|gen|9
|tier|[Gen 9] OU
|rated|
|rule|HP Percentage Mod: HP is shown in percentages
|rule|Endless Battle Clause: Forcing endless battles is banned
|rule|Species Clause: Limit one of each Pokémon
|rule|OHKO Clause: OHKO moves are banned
|rule|Evasion Items Clause: Evasion items are banned
|rule|Evasion Moves Clause: Evasion moves are banned
|rule|Evasion Abilities Clause: Evasion abilities are banned
|rule|Sleep Moves Clause: Sleep-inducing moves are banned
|clearpoke
|poke|p1|Dragapult, F|
|poke|p1|Dragonite, F|
|poke|p1|Ting-Lu|
|poke|p1|Weezing-Galar, F|
|poke|p1|Iron Crown|
|poke|p1|Zapdos|
|poke|p2|Pelipper, F|
|poke|p2|Zapdos|
|poke|p2|Hatterene, F|
|poke|p2|Tornadus-Therian, M|
|poke|p2|Iron Treads|
|poke|p2|Basculegion, M|
|teampreview
|inactive|Battle timer is ON: inactive players will automatically lose when time's up. (requested by Shibuya Arc)
|
|t:|1758919208
|teamsize|p1|6
|teamsize|p2|6
|start
|switch|p1a: Zapdos|Zapdos|100/100
|switch|p2a: Pelipper|Pelipper, F|100/100
|-weather|RainDance|[from] ability: Drizzle|[of] p2a: Pelipper
|turn|1
|
|t:|1758919213
|switch|p2a: Iron Treads|Iron Treads|100/100
|move|p1a: Zapdos|Volt Switch|p2a: Iron Treads
|-immune|p2a: Iron Treads
|
|-weather|RainDance|[upkeep]
|upkeep
|turn|2
|
|t:|1758919219
|move|p1a: Zapdos|Hurricane|p2a: Iron Treads
|-resisted|p2a: Iron Treads
|-damage|p2a: Iron Treads|77/100
|-enditem|p2a: Iron Treads|Eject Button
|
|t:|1758919226
|-end|p2a: Iron Treads|Quark Drive|[silent]
|switch|p2a: Jaws|Basculegion, M, shiny|100/100
|
|-weather|RainDance|[upkeep]
|upkeep
|turn|3
|
|t:|1758919232
|move|p1a: Zapdos|Volt Switch|p2a: Jaws
|-supereffective|p2a: Jaws
|-damage|p2a: Jaws|25/100
|
|t:|1758919242
|switch|p1a: Weezing|Weezing-Galar, F|100/100|[from] Volt Switch
|-ability|p1a: Weezing|Neutralizing Gas
|move|p2a: Jaws|Wave Crash|p1a: Weezing
|-damage|p1a: Weezing|7/100
|-damage|p2a: Jaws|0 fnt|[from] Recoil
|faint|p2a: Jaws
|
|-weather|RainDance|[upkeep]
|upkeep
|
|t:|1758919259
|switch|p2a: Iron Treads|Iron Treads|77/100
|turn|4
|
|t:|1758919265
|-end|p1a: Weezing|ability: Neutralizing Gas
|switch|p1a: Ting-Lu|Ting-Lu|100/100
|-ability|p1a: Ting-Lu|Vessel of Ruin
|move|p2a: Iron Treads|Earthquake|p1a: Ting-Lu
|-damage|p1a: Ting-Lu|80/100
|
|-weather|RainDance|[upkeep]
|-heal|p1a: Ting-Lu|86/100|[from] item: Leftovers
|upkeep
|turn|5
|
|t:|1758919272
|-end|p2a: Iron Treads|Quark Drive|[silent]
|switch|p2a: Hatterene|Hatterene, F|100/100
|move|p1a: Ting-Lu|Ruination|p2a: Hatterene
|-damage|p2a: Hatterene|51/100
|-enditem|p2a: Hatterene|Eject Button
|
|t:|1758919281
|switch|p2a: Zapdos|Zapdos|100/100
|
|-weather|RainDance|[upkeep]
|-heal|p1a: Ting-Lu|93/100|[from] item: Leftovers
|upkeep
|turn|6
|
|t:|1758919287
|move|p2a: Zapdos|Weather Ball|p1a: Ting-Lu
|-supereffective|p1a: Ting-Lu
|-damage|p1a: Ting-Lu|24/100
|move|p1a: Ting-Lu|Ruination|p2a: Zapdos
|-damage|p2a: Zapdos|51/100
|
|-weather|RainDance|[upkeep]
|-heal|p1a: Ting-Lu|30/100|[from] item: Leftovers
|upkeep
|turn|7
|
|t:|1758919296
|switch|p1a: Dragonite|Dragonite, F|100/100
|move|p2a: Zapdos|Weather Ball|p1a: Dragonite
|-resisted|p1a: Dragonite
|-damage|p1a: Dragonite|81/100
|
|-weather|RainDance|[upkeep]
|upkeep
|turn|8
|
|t:|1758919302
|switch|p2a: Hatterene|Hatterene, F|51/100
|move|p1a: Dragonite|Dragon Dance|p1a: Dragonite
|-boost|p1a: Dragonite|atk|1
|-boost|p1a: Dragonite|spe|1
|
|-weather|none
|upkeep
|turn|9
|
|t:|1758919309
|-terastallize|p1a: Dragonite|Normal
|-terastallize|p2a: Hatterene|Ghost
|move|p1a: Dragonite|Extreme Speed|p2a: Hatterene
|-immune|p2a: Hatterene
|move|p2a: Hatterene|Draining Kiss|p1a: Dragonite
|-damage|p1a: Dragonite|59/100
|-heal|p2a: Hatterene|68/100|[from] drain|[of] p1a: Dragonite
|
|upkeep
|turn|10
|
|t:|1758919319
|move|p1a: Dragonite|Extreme Speed|p2a: Hatterene
|-immune|p2a: Hatterene
|move|p2a: Hatterene|Nuzzle|p1a: Dragonite
|-damage|p1a: Dragonite|55/100
|-status|p1a: Dragonite|par
|
|upkeep
|turn|11
|
|t:|1758919328
|move|p1a: Dragonite|Roost|p1a: Dragonite
|-heal|p1a: Dragonite|100/100 par
|move|p2a: Hatterene|Draining Kiss|p1a: Dragonite
|-damage|p1a: Dragonite|90/100 par
|-heal|p2a: Hatterene|77/100|[from] drain|[of] p1a: Dragonite
|
|upkeep
|turn|12
|
|t:|1758919336
|move|p1a: Dragonite|Extreme Speed|p2a: Hatterene
|-immune|p2a: Hatterene
|move|p2a: Hatterene|Psychic Noise|p1a: Dragonite
|-damage|p1a: Dragonite|58/100 par
|-start|p1a: Dragonite|move: Heal Block
|
|upkeep
|turn|13
|
|t:|1758919345
|move|p1a: Dragonite|Earthquake|p2a: Hatterene
|-damage|p2a: Hatterene|24/100
|move|p2a: Hatterene|Draining Kiss|p1a: Dragonite
|-damage|p1a: Dragonite|33/100 par
|-heal|p2a: Hatterene|44/100|[from] drain|[of] p1a: Dragonite
|
|-end|p1a: Dragonite|move: Heal Block
|upkeep
|turn|14
|
|t:|1758919355
|switch|p2a: Tornadus|Tornadus-Therian, M|100/100
|move|p1a: Dragonite|Roost|p1a: Dragonite
|-heal|p1a: Dragonite|84/100 par
|
|upkeep
|turn|15
|
|t:|1758919370
|switch|p2a: Hatterene|Hatterene, F, tera:Ghost|44/100
|move|p1a: Dragonite|Extreme Speed|p2a: Hatterene
|-immune|p2a: Hatterene
|
|upkeep
|turn|16
|
|t:|1758919381
|cant|p1a: Dragonite|par
|move|p2a: Hatterene|Draining Kiss|p1a: Dragonite
|-damage|p1a: Dragonite|61/100 par
|-heal|p2a: Hatterene|62/100|[from] drain|[of] p1a: Dragonite
|
|upkeep
|turn|17
|
|t:|1758919397
|switch|p2a: Tornadus|Tornadus-Therian, M|100/100
|move|p1a: Dragonite|Roost|p1a: Dragonite
|-heal|p1a: Dragonite|100/100 par
|
|upkeep
|turn|18
|
|t:|1758919403
|move|p1a: Dragonite|Extreme Speed|p2a: Tornadus
|-damage|p2a: Tornadus|0 fnt
|faint|p2a: Tornadus
|
|upkeep
|
|t:|1758919413
|switch|p2a: Hatterene|Hatterene, F, tera:Ghost|62/100
|turn|19
|
|t:|1758919419
|move|p1a: Dragonite|Earthquake|p2a: Hatterene
|-damage|p2a: Hatterene|8/100
|move|p2a: Hatterene|Psychic Noise|p1a: Dragonite
|-damage|p1a: Dragonite|83/100 par
|-start|p1a: Dragonite|move: Heal Block
|
|upkeep
|turn|20
|
|t:|1758919429
|move|p1a: Dragonite|Earthquake|p2a: Hatterene
|-damage|p2a: Hatterene|0 fnt
|faint|p2a: Hatterene
|
|-end|p1a: Dragonite|move: Heal Block
|upkeep
|
|t:|1758919432
|switch|p2a: Zapdos|Zapdos|51/100
|turn|21
|
|t:|1758919437
|move|p1a: Dragonite|Extreme Speed|p2a: Zapdos
|-damage|p2a: Zapdos|0 fnt
|faint|p2a: Zapdos
|
|upkeep
|-message|xrayinformation forfeited.
|
|win|Shibuya Arc
|raw|Shibuya Arc's rating: 1507 &rarr; <strong>1533</strong><br />(+26 for winning)
|raw|xrayinformation's rating: 1612 &rarr; <strong>1586</strong><br />(-26 for losing)
