|badge|p1|silver|gen9ou|30-6
|html|<div class="broadcast-red"><strong>This battle is required to be public due to one or more player having a season medal.</strong><br />During the public phase, you can discuss the state of the ladder <a href="/seasondiscussion">in a special chatroom.</a></div>
|uhtml|medal-msg|<div class="broadcast-blue">Curious what those medals under the avatar are? PS now has Ladder Seasons! For more information, check out the <a href="https://www.smogon.com/forums/threads/3740067/">thread on Smogon.</a></div>
|raw|<div class="broadcast-blue"><strong>This battle is required to be public due to a player having a name starting with 'medal'.</div>
|j|☆LT124YH Ghoul
|j|‽ho3nconfirm3d
|t:|1758996443
|gametype|singles
|player|p1|LT124YH Ghoul|#wcop2024asia|2002
|player|p2|ho3nconfirm3d|#scl5shoguns|1813
|gen|9
|tier|[Gen 9] OU
|rated|
|rule|HP Percentage Mod: HP is shown in percentages
|rule|Endless Battle Clause: Forcing endless battles is banned
|rule|Species Clause: Limit one of each Pokémon
|rule|OHKO Clause: OHKO moves are banned
|rule|Evasion Items Clause: Evasion items are banned
|rule|Evasion Moves Clause: Evasion moves are banned
|rule|Evasion Abilities Clause: Evasion abilities are banned
|rule|Sleep Moves Clause: Sleep-inducing moves are banned
|clearpoke
|poke|p1|Enamorus, F|
|poke|p1|Araquanid, M|
|poke|p1|Gholdengo|
|poke|p1|Iron Valiant|
|poke|p1|Kingambit, M|
|poke|p1|Great Tusk|
|poke|p2|Dondozo, F|
|poke|p2|Corviknight, M|
|poke|p2|Slowking-Galar, F|
|poke|p2|Great Tusk|
|poke|p2|Dragapult, M|
|poke|p2|Kingambit, M|
|teampreview
|inactive|Battle timer is ON: inactive players will automatically lose when time's up. (requested by LT124YH Ghoul)
|j| larp legion
|j| Rizzofreko
|inactive|LT124YH Ghoul has 120 seconds left.
|j| tiochicodobos
|inactive|LT124YH Ghoul has 90 seconds left.
|inactive|LT124YH Ghoul has 60 seconds left.
|j| 54 insane rats
|j| paternozzo
|
|t:|1758996562
|teamsize|p1|6
|teamsize|p2|6
|start
|switch|p1a: Doc Seismic|Araquanid, M, shiny|100/100
|switch|p2a: Corviknight|Corviknight, M|100/100
|-ability|p2a: Corviknight|Pressure
|turn|1
|inactive|LT124YH Ghoul has 90 seconds left.
|j| dsvdv
|
|t:|1758996582
|switch|p1a: Robot|Gholdengo|100/100
|move|p2a: Corviknight|Brave Bird|p1a: Robot
|-resisted|p1a: Robot
|-damage|p1a: Robot|84/100
|-damage|p2a: Corviknight|95/100|[from] Recoil
|
|upkeep
|turn|2
|j| Dr Greg H
|inactive|LT124YH Ghoul has 90 seconds left.
|
|t:|1758996602
|switch|p2a: Kingambit|Kingambit, M|100/100
|-item|p2a: Kingambit|Air Balloon
|move|p1a: Robot|Shadow Ball|p2a: Kingambit
|-resisted|p2a: Kingambit
|-crit|p2a: Kingambit
|-damage|p2a: Kingambit|66/100
|-enditem|p2a: Kingambit|Air Balloon
|
|upkeep
|turn|3
|j| cryyysneasel
|l| Dr Greg H
|
|t:|1758996628
|switch|p1a: Invincible|Great Tusk|100/100
|-enditem|p1a: Invincible|Booster Energy
|-activate|p1a: Invincible|ability: Protosynthesis|[fromitem]
|-start|p1a: Invincible|protosynthesisspe
|move|p2a: Kingambit|Kowtow Cleave|p1a: Invincible
|-resisted|p1a: Invincible
|-damage|p1a: Invincible|86/100
|
|upkeep
|turn|4
|
|t:|1758996642
|-end|p2a: Kingambit|fallenundefined|[silent]
|switch|p2a: Corviknight|Corviknight, M|95/100
|-ability|p2a: Corviknight|Pressure
|move|p1a: Invincible|Knock Off|p2a: Corviknight
|-damage|p2a: Corviknight|80/100
|-damage|p1a: Invincible|69/100|[from] item: Rocky Helmet|[of] p2a: Corviknight
|-enditem|p2a: Corviknight|Rocky Helmet|[from] move: Knock Off|[of] p1a: Invincible
|
|upkeep
|turn|5
|j| wgw2333
|inactive|LT124YH Ghoul has 60 seconds left.
|
|t:|1758996671
|-end|p1a: Invincible|Protosynthesis|[silent]
|switch|p1a: Robot|Gholdengo|84/100
|switch|p2a: Slowking|Slowking-Galar, F|100/100
|
|upkeep
|turn|6
|inactive|LT124YH Ghoul has 60 seconds left.
|
|t:|1758996697
|switch|p1a: Doc Seismic|Araquanid, M, shiny|100/100
|move|p2a: Slowking|Flamethrower|p1a: Doc Seismic
|-damage|p1a: Doc Seismic|89/100
|
|upkeep
|turn|7
|inactive|LT124YH Ghoul has 30 seconds left.
|inactive|ho3nconfirm3d has 120 seconds left.
|
|t:|1758996737
|move|p1a: Doc Seismic|Liquidation|p2a: Slowking
|-damage|p2a: Slowking|35/100
|move|p2a: Slowking|Sludge Bomb|p1a: Doc Seismic
|-damage|p1a: Doc Seismic|52/100
|
|upkeep
|turn|8
|inactive|LT124YH Ghoul has 30 seconds left.
|
|t:|1758996745
|switch|p2a: Corviknight|Corviknight, M|80/100
|-ability|p2a: Corviknight|Pressure
|move|p1a: Doc Seismic|Sticky Web|p2a: Corviknight
|-sidestart|p2: ho3nconfirm3d|move: Sticky Web
|
|upkeep
|turn|9
|
|t:|1758996749
|switch|p2a: Slowking|Slowking-Galar, F|68/100
|-activate|p2a: Slowking|move: Sticky Web
|-unboost|p2a: Slowking|spe|1
|switch|p1a: Robot|Gholdengo|84/100
|
|upkeep
|turn|10
|
|t:|1758996754
|switch|p1a: Doc Seismic|Araquanid, M, shiny|52/100
|move|p2a: Slowking|Flamethrower|p1a: Doc Seismic
|-damage|p1a: Doc Seismic|39/100
|
|upkeep
|turn|11
|
|t:|1758996757
|switch|p2a: Corviknight|Corviknight, M|80/100
|-ability|p2a: Corviknight|Pressure
|move|p1a: Doc Seismic|Liquidation|p2a: Corviknight
|-crit|p2a: Corviknight
|-damage|p2a: Corviknight|25/100
|
|upkeep
|turn|12
|
|t:|1758996760
|move|p2a: Corviknight|Roost|p2a: Corviknight
|-heal|p2a: Corviknight|75/100
|-singleturn|p2a: Corviknight|move: Roost
|move|p1a: Doc Seismic|Liquidation|p2a: Corviknight
|-damage|p2a: Corviknight|39/100
|
|upkeep
|turn|13
|j| FaronAan
|
|t:|1758996764
|switch|p1a: Robot|Gholdengo|84/100
|move|p2a: Corviknight|Roost|p2a: Corviknight
|-heal|p2a: Corviknight|89/100
|-singleturn|p2a: Corviknight|move: Roost
|
|upkeep
|turn|14
|j| Kira The Cleanser
|
|t:|1758996768
|switch|p2a: Dondozo|Dondozo, F|100/100
|-activate|p2a: Dondozo|move: Sticky Web
|-unboost|p2a: Dondozo|spe|1
|move|p1a: Robot|Shadow Ball|p2a: Dondozo
|-damage|p2a: Dondozo|75/100
|
|-heal|p2a: Dondozo|81/100|[from] item: Leftovers
|upkeep
|turn|15
|inactive|LT124YH Ghoul has 90 seconds left.
|c| Kira The Cleanser|is this a elo game?
|c| larp legion|yep
|c|☆LT124YH Ghoul|it does have elo
|c| Rizzofreko|Yes
|c| Rizzofreko|Lol
|inactive|LT124YH Ghoul has 60 seconds left.
|
|t:|1758996824
|switch|p1a: Doc Seismic|Araquanid, M, shiny|39/100
|move|p2a: Dondozo|Earthquake|p1a: Doc Seismic
|-resisted|p1a: Doc Seismic
|-damage|p1a: Doc Seismic|24/100
|
|-heal|p2a: Dondozo|88/100|[from] item: Leftovers
|upkeep
|turn|16
|l| wgw2333
|inactive|LT124YH Ghoul has 30 seconds left.
|inactive|ho3nconfirm3d has 120 seconds left.
|-enditem|p1a: Doc Seismic|Custap Berry|[eat]
|-activate|p1a: Doc Seismic|item: Custap Berry|[consumed]
|
|t:|1758996856
|move|p2a: Dondozo|Protect|p2a: Dondozo
|-singleturn|p2a: Dondozo|Protect
|move|p1a: Doc Seismic|Lunge|p2a: Dondozo
|-activate|p2a: Dondozo|move: Protect
|
|-heal|p2a: Dondozo|94/100|[from] item: Leftovers
|upkeep
|turn|17
|
|t:|1758996861
|switch|p2a: Corviknight|Corviknight, M|89/100
|-ability|p2a: Corviknight|Pressure
|move|p1a: Doc Seismic|Infestation|p2a: Corviknight
|-resisted|p2a: Corviknight
|-damage|p2a: Corviknight|88/100
|-activate|p2a: Corviknight|move: Infestation|[of] p1a: Doc Seismic
|
|-damage|p2a: Corviknight|76/100|[from] move: Infestation|[partiallytrapped]
|upkeep
|turn|18
|j| wgw2333
|
|t:|1758996872
|switch|p1a: Robot|Gholdengo|84/100
|move|p2a: Corviknight|Roost|p2a: Corviknight
|-heal|p2a: Corviknight|100/100
|-singleturn|p2a: Corviknight|move: Roost
|
|-end|p2a: Corviknight|Infestation|[partiallytrapped]|[silent]
|upkeep
|turn|19
|c| Kira The Cleanser|why isnt anyone rocking choice bnd first impresiion flygon
|l| wgw2333
|c| Kira The Cleanser|shi fire
|
|t:|1758996880
|switch|p2a: Kingambit|Kingambit, M|66/100
|-activate|p2a: Kingambit|move: Sticky Web
|-unboost|p2a: Kingambit|spe|1
|move|p1a: Robot|Shadow Ball|p2a: Kingambit
|-resisted|p2a: Kingambit
|-damage|p2a: Kingambit|41/100
|
|upkeep
|turn|20
|
|t:|1758996885
|switch|p1a: Invincible|Great Tusk|69/100
|-end|p2a: Kingambit|fallenundefined|[silent]
|switch|p2a: Dragapult|Dragapult, M|100/100
|-activate|p2a: Dragapult|move: Sticky Web
|-fail|p2a: Dragapult|unboost|[from] ability: Clear Body|[of] p2a: Dragapult
|
|upkeep
|turn|21
|inactive|LT124YH Ghoul has 60 seconds left.
|c| larp legion|the corvi knight in question
|
|t:|1758996914
|move|p2a: Dragapult|Draco Meteor|p1a: Invincible
|-crit|p1a: Invincible
|-damage|p1a: Invincible|0 fnt
|-unboost|p2a: Dragapult|spa|2
|faint|p1a: Invincible
|-end|p1a: Invincible|Protosynthesis|[silent]
|
|upkeep
|inactive|LT124YH Ghoul has 30 seconds left.
|c| FaronAan|it's also doing 5 to great tusk
|c| Kira The Cleanser|LT124YH Ghoul trust use my webs team
|inactive|LT124YH Ghoul has 20 seconds left.
|inactive|LT124YH Ghoul has 15 seconds left.
|inactive|LT124YH Ghoul has 10 seconds left.
|inactive|LT124YH Ghoul has 5 seconds left.
|
|t:|1758996955
|switch|p1a: Conquest|Enamorus, F|100/100
|turn|22
|inactive|LT124YH Ghoul has 15 seconds left this turn.
|c| Kira The Cleanser|timer g
|inactive|LT124YH Ghoul has 10 seconds left.
|
|t:|1758996964
|switch|p2a: Slowking|Slowking-Galar, F|100/100
|-activate|p2a: Slowking|move: Sticky Web
|-unboost|p2a: Slowking|spe|1
|move|p1a: Conquest|Superpower|p2a: Slowking
|-resisted|p2a: Slowking
|-damage|p2a: Slowking|89/100
|-boost|p1a: Conquest|atk|1
|-boost|p1a: Conquest|def|1
|
|upkeep
|turn|23
|inactive|LT124YH Ghoul has 20 seconds left this turn.
|inactive|LT124YH Ghoul has 15 seconds left.
|l| cryyysneasel
|inactive|LT124YH Ghoul has 10 seconds left.
|inactive|LT124YH Ghoul has 5 seconds left.
|j| AbrarS
|
|t:|1758996982
|switch|p2a: Dondozo|Dondozo, F|94/100
|-activate|p2a: Dondozo|move: Sticky Web
|-unboost|p2a: Dondozo|spe|1
|-terastallize|p1a: Conquest|Ghost
|move|p1a: Conquest|Tera Blast|p2a: Dondozo|[anim] Tera Blast Ghost
|-damage|p2a: Dondozo|70/100
|
|-heal|p2a: Dondozo|76/100|[from] item: Leftovers
|upkeep
|turn|24
|inactive|LT124YH Ghoul has 15 seconds left this turn.
|
|t:|1758996985
|move|p1a: Conquest|Moonblast|p2a: Dondozo
|-damage|p2a: Dondozo|49/100
|move|p2a: Dondozo|Wave Crash|p1a: Conquest
|-crit|p1a: Conquest
|-damage|p1a: Conquest|0 fnt
|faint|p1a: Conquest
|-damage|p2a: Dondozo|30/100|[from] Recoil
|
|-heal|p2a: Dondozo|36/100|[from] item: Leftovers
|upkeep
|inactive|LT124YH Ghoul has 20 seconds left this turn.
|inactive|LT124YH Ghoul has 15 seconds left.
|inactive|LT124YH Ghoul has 10 seconds left.
|
|t:|1758996999
|switch|p1a: Doc Seismic|Araquanid, M, shiny|24/100
|turn|25
|inactive|LT124YH Ghoul has 20 seconds left this turn.
|c| larp legion|ok
|
|t:|1758997001
|move|p2a: Dondozo|Protect|p2a: Dondozo
|-singleturn|p2a: Dondozo|Protect
|move|p1a: Doc Seismic|Infestation|p2a: Dondozo
|-activate|p2a: Dondozo|move: Protect
|
|-heal|p2a: Dondozo|42/100|[from] item: Leftovers
|upkeep
|turn|26
|inactive|LT124YH Ghoul has 30 seconds left this turn.
|
|t:|1758997008
|switch|p2a: Dragapult|Dragapult, M|100/100
|-activate|p2a: Dragapult|move: Sticky Web
|-fail|p2a: Dragapult|unboost|[from] ability: Clear Body|[of] p2a: Dragapult
|move|p1a: Doc Seismic|Infestation|p2a: Dragapult
|-resisted|p2a: Dragapult
|-damage|p2a: Dragapult|98/100
|-activate|p2a: Dragapult|move: Infestation|[of] p1a: Doc Seismic
|
|-damage|p2a: Dragapult|85/100|[from] move: Infestation|[partiallytrapped]
|upkeep
|turn|27
|
|t:|1758997012
|move|p2a: Dragapult|Dragon Darts|p1a: Doc Seismic
|-damage|p1a: Doc Seismic|0 fnt
|faint|p1a: Doc Seismic
|
|-end|p2a: Dragapult|Infestation|[partiallytrapped]|[silent]
|upkeep
|
|t:|1758997022
|switch|p1a: Atom Eve|Iron Valiant|100/100
|-enditem|p1a: Atom Eve|Booster Energy
|-activate|p1a: Atom Eve|ability: Quark Drive|[fromitem]
|-start|p1a: Atom Eve|quarkdrivespa
|turn|28
|c| Rizzofreko|Lol
|l| Kira The Cleanser
|inactive|LT124YH Ghoul has 30 seconds left.
|
|t:|1758997054
|move|p2a: Dragapult|Hex|p1a: Atom Eve
|-damage|p1a: Atom Eve|52/100
|move|p1a: Atom Eve|Calm Mind|p1a: Atom Eve
|-boost|p1a: Atom Eve|spa|1
|-boost|p1a: Atom Eve|spd|1
|
|upkeep
|turn|29
|inactive|LT124YH Ghoul has 30 seconds left.
|
|t:|1758997064
|move|p2a: Dragapult|Hex|p1a: Atom Eve
|-damage|p1a: Atom Eve|18/100
|move|p1a: Atom Eve|Moonblast|p2a: Dragapult
|-supereffective|p2a: Dragapult
|-damage|p2a: Dragapult|0 fnt
|faint|p2a: Dragapult
|
|upkeep
|
|t:|1758997069
|switch|p2a: Slowking|Slowking-Galar, F|100/100
|-activate|p2a: Slowking|move: Sticky Web
|-unboost|p2a: Slowking|spe|1
|turn|30
|
|t:|1758997075
|move|p1a: Atom Eve|Thunderbolt|p2a: Slowking
|-damage|p2a: Slowking|68/100
|-status|p2a: Slowking|par
|move|p2a: Slowking|Psychic Noise|p1a: Atom Eve
|-supereffective|p1a: Atom Eve
|-damage|p1a: Atom Eve|0 fnt
|faint|p1a: Atom Eve
|-end|p1a: Atom Eve|Quark Drive|[silent]
|
|upkeep
|l| Rizzofreko
|inactive|LT124YH Ghoul has 30 seconds left.
|inactive|LT124YH Ghoul has 20 seconds left.
|inactive|LT124YH Ghoul has 15 seconds left.
|
|t:|1758997109
|switch|p1a: Omni-Man|Kingambit, M|100/100
|-activate|p1a: Omni-Man|ability: Supreme Overlord
|-start|p1a: Omni-Man|fallen4|[silent]
|-item|p1a: Omni-Man|Air Balloon
|turn|31
|inactive|LT124YH Ghoul has 25 seconds left this turn.
|inactive|LT124YH Ghoul has 20 seconds left.
|
|t:|1758997117
|move|p1a: Omni-Man|Iron Head|p2a: Slowking
|-damage|p2a: Slowking|5/100 par
|move|p2a: Slowking|Flamethrower|p1a: Omni-Man
|-supereffective|p1a: Omni-Man
|-damage|p1a: Omni-Man|34/100
|-enditem|p1a: Omni-Man|Air Balloon
|
|upkeep
|turn|32
|inactive|LT124YH Ghoul has 30 seconds left this turn.
|
|t:|1758997121
|move|p1a: Omni-Man|Iron Head|p2a: Slowking
|-damage|p2a: Slowking|0 fnt
|faint|p2a: Slowking
|
|upkeep
|l| dsvdv
|
|t:|1758997125
|switch|p2a: Great Tusk|Great Tusk|100/100
|turn|33
|
|t:|1758997131
|move|p2a: Great Tusk|Headlong Rush|p1a: Omni-Man
|-supereffective|p1a: Omni-Man
|-damage|p1a: Omni-Man|0 fnt
|-unboost|p2a: Great Tusk|def|1
|-unboost|p2a: Great Tusk|spd|1
|faint|p1a: Omni-Man
|-end|p1a: Omni-Man|fallen4|[silent]
|
|upkeep
|
|t:|1758997132
|switch|p1a: Robot|Gholdengo|84/100
|turn|34
|c| larp legion|we just cteaming now
|c|☆LT124YH Ghoul|gg
|
|t:|1758997142
|-terastallize|p2a: Great Tusk|Dark
|move|p2a: Great Tusk|Knock Off|p1a: Robot
|-supereffective|p1a: Robot
|-damage|p1a: Robot|0 fnt
|-enditem|p1a: Robot|Covert Cloak|[from] move: Knock Off|[of] p2a: Great Tusk
|faint|p1a: Robot
|
|win|ho3nconfirm3d
|raw|LT124YH Ghoul's rating: 2002 &rarr; <strong>1972</strong><br />(-30 for losing)
|raw|ho3nconfirm3d's rating: 1813 &rarr; <strong>1843</strong><br />(+30 for winning)
|l|☆LT124YH Ghoul
|player|p1|
|l| AbrarS
|l|‽ho3nconfirm3d
|player|p2|
