|j|☆Yalper
|j|☆0TheRealAce0
|t:|1758975534
|gametype|singles
|player|p1|Yalper|265|1521
|player|p2|0TheRealAce0|2|1489
|gen|9
|tier|[Gen 9] OU
|rated|
|rule|HP Percentage Mod: HP is shown in percentages
|rule|Endless Battle Clause: Forcing endless battles is banned
|rule|Species Clause: Limit one of each Pokémon
|rule|OHKO Clause: OHKO moves are banned
|rule|Evasion Items Clause: Evasion items are banned
|rule|Evasion Moves Clause: Evasion moves are banned
|rule|Evasion Abilities Clause: Evasion abilities are banned
|rule|Sleep Moves Clause: Sleep-inducing moves are banned
|clearpoke
|poke|p1|Araquanid, M|
|poke|p1|Gholdengo|
|poke|p1|Hatterene, F|
|poke|p1|Iron Moth|
|poke|p1|Raging Bolt|
|poke|p1|Weavile, F|
|poke|p2|Ogerpon-Wellspring, F|
|poke|p2|Dragapult, F|
|poke|p2|Great Tusk|
|poke|p2|Zapdos|
|poke|p2|Kingambit, F|
|poke|p2|Cinderace, M|
|teampreview
|inactive|Battle timer is ON: inactive players will automatically lose when time's up. (requested by 0TheRealAce0)
|inactive|Yalper has 120 seconds left.
|
|t:|1758975570
|teamsize|p1|6
|teamsize|p2|6
|start
|switch|p1a: Weavile|Weavile, F|100/100
|switch|p2a: Zapdos|Zapdos|100/100
|-ability|p1a: Weavile|Pressure
|turn|1
|
|t:|1758975588
|move|p1a: Weavile|Triple Axel|p2a: Zapdos
|-supereffective|p2a: Zapdos
|-damage|p2a: Zapdos|82/100
|-hitcount|p2a: Zapdos|1
|-damage|p1a: Weavile|91/100|[from] item: Life Orb
|move|p2a: Zapdos|Thunder Wave|p1a: Weavile
|-status|p1a: Weavile|par
|
|upkeep
|turn|2
|c|☆Yalper|****************************************************************
|c|☆Yalper|fk this game
|
|t:|1758975612
|move|p2a: Zapdos|Volt Switch|p1a: Weavile
|-damage|p1a: Weavile|49/100 par
|inactive|0TheRealAce0 has 120 seconds left.
|l|☆0TheRealAce0
|inactive|0TheRealAce0 disconnected and has a minute to reconnect!
|player|p2|
|j|☆0TheRealAce0
|inactive|0TheRealAce0 reconnected and has 95 seconds left.
|player|p2|0TheRealAce0|2|
|inactive|0TheRealAce0 has 90 seconds left.
|
|t:|1758975674
|switch|p2a: Kingambit|Kingambit, F|100/100|[from] Volt Switch
|move|p1a: Weavile|Knock Off|p2a: Kingambit
|-resisted|p2a: Kingambit
|-damage|p2a: Kingambit|76/100
|-enditem|p2a: Kingambit|Leftovers|[from] move: Knock Off|[of] p1a: Weavile
|-damage|p1a: Weavile|39/100 par|[from] item: Life Orb
|
|upkeep
|turn|3
|inactive|0TheRealAce0 has 90 seconds left.
|
|t:|1758975688
|cant|p1a: Weavile|par
|move|p2a: Kingambit|Swords Dance|p2a: Kingambit
|-boost|p2a: Kingambit|atk|2
|
|upkeep
|turn|4
|
|t:|1758975692
|move|p2a: Kingambit|Sucker Punch|p1a: Weavile
|-resisted|p1a: Weavile
|-damage|p1a: Weavile|0 fnt
|faint|p1a: Weavile
|
|upkeep
|c|☆Yalper|*****************************************************************
|c|☆Yalper|rp dog
|c|☆0TheRealAce0|mb gang
|inactive|Yalper has 120 seconds left.
|
|t:|1758975750
|switch|p1a: Iron Moth|Iron Moth|100/100
|-enditem|p1a: Iron Moth|Booster Energy
|-activate|p1a: Iron Moth|ability: Quark Drive|[fromitem]
|-start|p1a: Iron Moth|quarkdrivespe
|turn|5
|
|t:|1758975757
|move|p2a: Kingambit|Sucker Punch||[still]
|-fail|p2a: Kingambit
|move|p1a: Iron Moth|Substitute|p1a: Iron Moth
|-start|p1a: Iron Moth|Substitute
|-damage|p1a: Iron Moth|76/100
|
|upkeep
|turn|6
|
|t:|1758975766
|-end|p2a: Kingambit|fallenundefined|[silent]
|switch|p2a: Dragapult|Dragapult, F|100/100
|move|p1a: Iron Moth|Fiery Dance|p2a: Dragapult
|-resisted|p2a: Dragapult
|-damage|p2a: Dragapult|75/100
|
|upkeep
|turn|7
|inactive|Yalper has 120 seconds left.
|
|t:|1758975786
|-terastallize|p2a: Dragapult|Ghost
|move|p1a: Iron Moth|Fiery Dance|p2a: Dragapult
|-damage|p2a: Dragapult|15/100
|-boost|p1a: Iron Moth|spa|1
|move|p2a: Dragapult|Shadow Ball|p1a: Iron Moth
|-damage|p1a: Iron Moth|5/100
|
|upkeep
|turn|8
|inactive|0TheRealAce0 has 120 seconds left.
|
|t:|1758975799
|switch|p2a: Ogerpon|Ogerpon-Wellspring, F|100/100
|move|p1a: Iron Moth|Fiery Dance|p2a: Ogerpon
|-damage|p2a: Ogerpon|27/100
|
|upkeep
|turn|9
|inactive|0TheRealAce0 has 120 seconds left.
|
|t:|1758975805
|move|p1a: Iron Moth|Fiery Dance|p2a: Ogerpon
|-damage|p2a: Ogerpon|0 fnt
|-boost|p1a: Iron Moth|spa|1
|faint|p2a: Ogerpon
|
|upkeep
|
|t:|1758975807
|switch|p2a: Cinderace|Cinderace, M|100/100
|turn|10
|inactive|Yalper has 120 seconds left.
|
|t:|1758975818
|-terastallize|p1a: Iron Moth|Ground
|move|p1a: Iron Moth|Tera Blast|p2a: Cinderace|[anim] Tera Blast Ground
|-supereffective|p2a: Cinderace
|-damage|p2a: Cinderace|0 fnt
|faint|p2a: Cinderace
|
|upkeep
|
|t:|1758975825
|switch|p2a: Zapdos|Zapdos|82/100
|turn|11
|
|t:|1758975829
|move|p1a: Iron Moth|Fiery Dance|p2a: Zapdos
|-damage|p2a: Zapdos|9/100
|move|p2a: Zapdos|Hurricane|p1a: Iron Moth
|-end|p1a: Iron Moth|Substitute
|
|upkeep
|turn|12
|
|t:|1758975840
|move|p1a: Iron Moth|Fiery Dance|p2a: Zapdos
|-damage|p2a: Zapdos|0 fnt
|-boost|p1a: Iron Moth|spa|1
|faint|p2a: Zapdos
|
|upkeep
|
|t:|1758975844
|switch|p2a: Kingambit|Kingambit, F|76/100
|-activate|p2a: Kingambit|ability: Supreme Overlord
|-start|p2a: Kingambit|fallen3|[silent]
|turn|13
|
|t:|1758975861
|move|p2a: Kingambit|Sucker Punch|p1a: Iron Moth
|-damage|p1a: Iron Moth|0 fnt
|faint|p1a: Iron Moth
|-end|p1a: Iron Moth|Quark Drive|[silent]
|
|upkeep
|
|t:|1758975863
|switch|p1a: Raging Bolt|Raging Bolt|100/100
|-enditem|p1a: Raging Bolt|Booster Energy
|-activate|p1a: Raging Bolt|ability: Protosynthesis|[fromitem]
|-start|p1a: Raging Bolt|protosynthesisspa
|turn|14
|
|t:|1758975872
|move|p1a: Raging Bolt|Thunderbolt|p2a: Kingambit
|-damage|p2a: Kingambit|17/100
|move|p2a: Kingambit|Swords Dance|p2a: Kingambit
|-boost|p2a: Kingambit|atk|2
|
|upkeep
|turn|15
|
|t:|1758975878
|move|p1a: Raging Bolt|Thunderclap|p2a: Kingambit
|-damage|p2a: Kingambit|0 fnt
|faint|p2a: Kingambit
|-end|p2a: Kingambit|fallen3|[silent]
|
|upkeep
|
|t:|1758975880
|switch|p2a: Great Tusk|Great Tusk|100/100
|turn|16
|
|t:|1758975886
|move|p1a: Raging Bolt|Draco Meteor|p2a: Great Tusk
|-crit|p2a: Great Tusk
|-damage|p2a: Great Tusk|0 fnt
|-unboost|p1a: Raging Bolt|spa|2
|faint|p2a: Great Tusk
|-end|p2a: Great Tusk|Protosynthesis|[silent]
|
|upkeep
|
|t:|1758975889
|switch|p2a: Dragapult|Dragapult, F, tera:Ghost|15/100
|turn|17
|
|t:|1758975894
|move|p1a: Raging Bolt|Thunderclap|p2a: Dragapult
|-damage|p2a: Dragapult|0 fnt
|faint|p2a: Dragapult
|
|win|Yalper
|raw|Yalper's rating: 1521 &rarr; <strong>1539</strong><br />(+18 for winning)
|raw|0TheRealAce0's rating: 1489 &rarr; <strong>1471</strong><br />(-18 for losing)
|l|☆0TheRealAce0
|player|p2|
