|j|☆Douglas_Evora
|j|☆doctor_feltersnach
|t:|1758925582
|gametype|singles
|player|p1|Douglas_Evora|benga|1391
|player|p2|doctor_feltersnach|koga|1411
|gen|9
|tier|[Gen 9] OU
|rated|
|rule|HP Percentage Mod: HP is shown in percentages
|rule|Endless Battle Clause: Forcing endless battles is banned
|rule|Species Clause: Limit one of each Pokémon
|rule|OHKO Clause: OHKO moves are banned
|rule|Evasion Items Clause: Evasion items are banned
|rule|Evasion Moves Clause: Evasion moves are banned
|rule|Evasion Abilities Clause: Evasion abilities are banned
|rule|Sleep Moves Clause: Sleep-inducing moves are banned
|clearpoke
|poke|p1|Jolteon, M|
|poke|p1|Slowking-Galar, F|
|poke|p1|Great Tusk|
|poke|p1|Moltres|
|poke|p1|Kingambit, F|
|poke|p1|Hydrapple, M|
|poke|p2|Pelipper, M|
|poke|p2|Floatzel, M|
|poke|p2|Ogerpon-Wellspring, F|
|poke|p2|Garchomp, F|
|poke|p2|Hatterene, F|
|poke|p2|Primarina, M|
|teampreview
|
|t:|1758925589
|teamsize|p1|6
|teamsize|p2|6
|start
|switch|p1a: Jolteon|Jolteon, M|100/100
|switch|p2a: Garchomp|Garchomp, F|100/100
|turn|1
|
|t:|1758925599
|switch|p2a: Pelipper|Pelipper, M|100/100
|-weather|RainDance|[from] ability: Drizzle|[of] p2a: Pelipper
|-terastallize|p1a: Jolteon|Fairy
|move|p1a: Jolteon|Tera Blast|p2a: Pelipper|[anim] Tera Blast Fairy
|-damage|p2a: Pelipper|51/100
|
|-weather|RainDance|[upkeep]
|upkeep
|turn|2
|
|t:|1758925611
|switch|p2a: Hatterene|Hatterene, F|100/100
|move|p1a: Jolteon|Calm Mind|p1a: Jolteon
|-boost|p1a: Jolteon|spa|1
|-boost|p1a: Jolteon|spd|1
|
|-weather|RainDance|[upkeep]
|upkeep
|turn|3
|
|t:|1758925617
|move|p1a: Jolteon|Volt Switch|p2a: Hatterene
|-damage|p2a: Hatterene|50/100
|
|t:|1758925621
|switch|p1a: Slowking|Slowking-Galar, F|100/100|[from] Volt Switch
|move|p2a: Hatterene|Nuzzle|p1a: Slowking
|-damage|p1a: Slowking|96/100
|-status|p1a: Slowking|par
|
|-weather|RainDance|[upkeep]
|upkeep
|turn|4
|
|t:|1758925633
|switch|p2a: Floatzel|Floatzel, M|100/100
|cant|p1a: Slowking|par
|
|-weather|RainDance|[upkeep]
|upkeep
|turn|5
|
|t:|1758925640
|switch|p1a: Hydrapple|Hydrapple, M|100/100
|move|p2a: Floatzel|Wave Crash|p1a: Hydrapple
|-resisted|p1a: Hydrapple
|-damage|p1a: Hydrapple|86/100
|-damage|p2a: Floatzel|94/100|[from] Recoil
|
|-weather|RainDance|[upkeep]
|upkeep
|turn|6
|
|t:|1758925648
|move|p2a: Floatzel|Ice Spinner|p1a: Hydrapple
|-supereffective|p1a: Hydrapple
|-crit|p1a: Hydrapple
|-damage|p1a: Hydrapple|0 fnt
|faint|p1a: Hydrapple
|
|-weather|RainDance|[upkeep]
|upkeep
|
|t:|1758925662
|switch|p1a: Great Tusk|Great Tusk|100/100
|turn|7
|
|t:|1758925666
|move|p2a: Floatzel|Wave Crash|p1a: Great Tusk
|-supereffective|p1a: Great Tusk
|-damage|p1a: Great Tusk|7/100
|-damage|p2a: Floatzel|78/100|[from] item: Rocky Helmet|[of] p1a: Great Tusk
|-damage|p2a: Floatzel|35/100|[from] Recoil
|move|p1a: Great Tusk|Body Press|p2a: Floatzel
|-damage|p2a: Floatzel|0 fnt
|faint|p2a: Floatzel
|
|-weather|RainDance|[upkeep]
|upkeep
|
|t:|1758925685
|switch|p2a: Ogerpon|Ogerpon-Wellspring, F|100/100
|turn|8
|
|t:|1758925693
|move|p2a: Ogerpon|Ivy Cudgel|p1a: Great Tusk|[anim] Ivy Cudgel Water
|-supereffective|p1a: Great Tusk
|-damage|p1a: Great Tusk|0 fnt
|faint|p1a: Great Tusk
|-end|p1a: Great Tusk|Protosynthesis|[silent]
|
|-weather|none
|upkeep
|
|t:|1758925698
|switch|p1a: Jolteon|Jolteon, M, tera:Fairy|100/100
|turn|9
|
|t:|1758925703
|switch|p2a: Pelipper|Pelipper, M|51/100
|-weather|RainDance|[from] ability: Drizzle|[of] p2a: Pelipper
|move|p1a: Jolteon|Volt Switch|p2a: Pelipper
|-supereffective|p2a: Pelipper
|-damage|p2a: Pelipper|0 fnt
|faint|p2a: Pelipper
|
|t:|1758925714
|switch|p1a: Moltres|Moltres|100/100|[from] Volt Switch
|
|-weather|RainDance|[upkeep]
|upkeep
|
|t:|1758925718
|switch|p2a: Ogerpon|Ogerpon-Wellspring, F|100/100
|turn|10
|
|t:|1758925723
|move|p2a: Ogerpon|Ivy Cudgel|p1a: Moltres|[anim] Ivy Cudgel Water
|-supereffective|p1a: Moltres
|-damage|p1a: Moltres|0 fnt
|faint|p1a: Moltres
|
|-weather|RainDance|[upkeep]
|upkeep
|
|t:|1758925729
|switch|p1a: Jolteon|Jolteon, M, tera:Fairy|100/100
|turn|11
|
|t:|1758925734
|move|p1a: Jolteon|Tera Blast|p2a: Ogerpon|[anim] Tera Blast Fairy
|-damage|p2a: Ogerpon|54/100
|move|p2a: Ogerpon|Ivy Cudgel|p1a: Jolteon|[anim] Ivy Cudgel Water
|-damage|p1a: Jolteon|0 fnt
|faint|p1a: Jolteon
|
|-weather|RainDance|[upkeep]
|upkeep
|-message|Douglas_Evora forfeited.
|
|win|doctor_feltersnach
|raw|Douglas_Evora's rating: 1391 &rarr; <strong>1372</strong><br />(-19 for losing)
|raw|doctor_feltersnach's rating: 1411 &rarr; <strong>1430</strong><br />(+19 for winning)
|l|☆Douglas_Evora
|player|p1|
|l|☆doctor_feltersnach
|player|p2|
