|j|☆Oattumblely
|j|☆kyoujic
|t:|1758993865
|gametype|singles
|player|p1|Oattumblely|rocketgruntf|1431
|player|p2|kyoujic|169|1435
|gen|9
|tier|[Gen 9] OU
|rated|
|rule|HP Percentage Mod: HP is shown in percentages
|rule|Endless Battle Clause: Forcing endless battles is banned
|rule|Species Clause: Limit one of each Pokémon
|rule|OHKO Clause: OHKO moves are banned
|rule|Evasion Items Clause: Evasion items are banned
|rule|Evasion Moves Clause: Evasion moves are banned
|rule|Evasion Abilities Clause: Evasion abilities are banned
|rule|Sleep Moves Clause: Sleep-inducing moves are banned
|clearpoke
|poke|p1|Araquanid, M|
|poke|p1|Ceruledge, F|
|poke|p1|Ting-Lu|
|poke|p1|Espeon, M|
|poke|p1|Clefable, M|
|poke|p1|Iron Boulder|
|poke|p2|Glimmora, F|
|poke|p2|Ogerpon-Wellspring, F|
|poke|p2|Hatterene, F|
|poke|p2|Iron Moth|
|poke|p2|Dragonite, F|
|poke|p2|Kingambit, F|
|teampreview
|inactive|Battle timer is ON: inactive players will automatically lose when time's up. (requested by Oattumblely)
|
|t:|1758993879
|teamsize|p1|6
|teamsize|p2|6
|start
|switch|p1a: Ting-Lu|Ting-Lu|100/100
|switch|p2a: Glimmora|Glimmora, F|100/100
|-ability|p1a: Ting-Lu|Vessel of Ruin
|turn|1
|
|t:|1758993884
|switch|p2a: The Witch|Hatterene, F|100/100
|switch|p1a: Espeon|Espeon, M|100/100
|
|upkeep
|turn|2
|
|t:|1758993888
|move|p1a: Espeon|Shadow Ball|p2a: The Witch
|-supereffective|p2a: The Witch
|-damage|p2a: The Witch|17/100
|move|p2a: The Witch|Calm Mind|p2a: The Witch
|-boost|p2a: The Witch|spa|1
|-boost|p2a: The Witch|spd|1
|
|-heal|p2a: The Witch|23/100|[from] item: Leftovers
|upkeep
|turn|3
|
|t:|1758993893
|switch|p2a: Kingambit|Kingambit, F|100/100
|move|p1a: Espeon|Shadow Ball|p2a: Kingambit
|-resisted|p2a: Kingambit
|-damage|p2a: Kingambit|75/100
|
|upkeep
|turn|4
|
|t:|1758993900
|switch|p1a: Ting-Lu|Ting-Lu|100/100
|-ability|p1a: Ting-Lu|Vessel of Ruin
|move|p2a: Kingambit|Iron Head|p1a: Ting-Lu
|-damage|p1a: Ting-Lu|72/100
|
|-heal|p1a: Ting-Lu|79/100|[from] item: Leftovers
|upkeep
|turn|5
|
|t:|1758993906
|-end|p2a: Kingambit|fallenundefined|[silent]
|switch|p2a: The Witch|Hatterene, F|23/100
|move|p1a: Ting-Lu|Earthquake|p2a: The Witch
|-damage|p2a: The Witch|0 fnt
|faint|p2a: The Witch
|
|-heal|p1a: Ting-Lu|85/100|[from] item: Leftovers
|upkeep
|
|t:|1758993909
|switch|p2a: Ogerpon|Ogerpon-Wellspring, F|100/100
|turn|6
|
|t:|1758993915
|switch|p1a: Araquanid|Araquanid, M|100/100
|move|p2a: Ogerpon|U-turn|p1a: Araquanid
|-damage|p1a: Araquanid|75/100
|
|t:|1758993918
|switch|p2a: Glimmora|Glimmora, F|100/100|[from] U-turn
|
|upkeep
|turn|7
|
|t:|1758993922
|switch|p1a: Espeon|Espeon, M|100/100
|move|p2a: Glimmora|Power Gem|p1a: Espeon
|-damage|p1a: Espeon|44/100
|
|upkeep
|turn|8
|
|t:|1758993929
|move|p1a: Espeon|Psychic Noise|p2a: Glimmora
|-supereffective|p2a: Glimmora
|-enditem|p2a: Glimmora|Focus Sash
|-damage|p2a: Glimmora|1/100
|-start|p2a: Glimmora|move: Heal Block
|move|p2a: Glimmora|Power Gem|p1a: Espeon
|-damage|p1a: Espeon|0 fnt
|faint|p1a: Espeon
|
|upkeep
|
|t:|1758993944
|switch|p1a: Ting-Lu|Ting-Lu|85/100
|-ability|p1a: Ting-Lu|Vessel of Ruin
|turn|9
|
|t:|1758993950
|move|p2a: Glimmora|Stealth Rock|p1a: Ting-Lu
|-sidestart|p1: Oattumblely|move: Stealth Rock
|move|p1a: Ting-Lu|Spikes|p2a: Glimmora
|-sidestart|p2: kyoujic|Spikes
|
|-heal|p1a: Ting-Lu|91/100|[from] item: Leftovers
|-end|p2a: Glimmora|move: Heal Block
|upkeep
|turn|10
|
|t:|1758993955
|switch|p1a: Clefable|Clefable, M|100/100
|move|p2a: Glimmora|Energy Ball|p1a: Clefable
|-damage|p1a: Clefable|65/100
|
|upkeep
|turn|11
|
|t:|1758993961
|move|p2a: Glimmora|Power Gem|p1a: Clefable
|-damage|p1a: Clefable|21/100
|move|p1a: Clefable|Moonblast|p2a: Glimmora
|-resisted|p2a: Glimmora
|-damage|p2a: Glimmora|0 fnt
|faint|p2a: Glimmora
|
|upkeep
|
|t:|1758993968
|switch|p2a: Ogerpon|Ogerpon-Wellspring, F|100/100
|-damage|p2a: Ogerpon|88/100|[from] Spikes
|turn|12
|
|t:|1758993973
|switch|p1a: Araquanid|Araquanid, M|75/100
|-damage|p1a: Araquanid|50/100|[from] Stealth Rock
|move|p2a: Ogerpon|U-turn|p1a: Araquanid
|-damage|p1a: Araquanid|23/100
|
|t:|1758993980
|switch|p2a: Dragonite|Dragonite, F|100/100|[from] U-turn
|
|upkeep
|turn|13
|-enditem|p1a: Araquanid|Custap Berry|[eat]
|-activate|p1a: Araquanid|item: Custap Berry|[consumed]
|
|t:|1758993985
|move|p1a: Araquanid|Endeavor|p2a: Dragonite
|-damage|p2a: Dragonite|25/100
|move|p2a: Dragonite|Dragon Dance|p2a: Dragonite
|-boost|p2a: Dragonite|atk|1
|-boost|p2a: Dragonite|spe|1
|
|upkeep
|turn|14
|
|t:|1758993991
|move|p2a: Dragonite|Encore|p1a: Araquanid
|-start|p1a: Araquanid|Encore
|move|p1a: Araquanid|Endeavor|p2a: Dragonite
|-immune|p2a: Dragonite
|
|upkeep
|turn|15
|
|t:|1758994000
|switch|p1a: Clefable|Clefable, M|21/100
|move|p2a: Dragonite|Dragon Dance|p2a: Dragonite
|-boost|p2a: Dragonite|atk|1
|-boost|p2a: Dragonite|spe|1
|
|upkeep
|turn|16
|
|t:|1758994007
|move|p2a: Dragonite|Earthquake|p1a: Clefable
|-damage|p1a: Clefable|0 fnt
|faint|p1a: Clefable
|
|upkeep
|
|t:|1758994011
|switch|p1a: Iron Boulder|Iron Boulder|100/100
|-damage|p1a: Iron Boulder|88/100|[from] Stealth Rock
|-enditem|p1a: Iron Boulder|Booster Energy
|-activate|p1a: Iron Boulder|ability: Quark Drive|[fromitem]
|-start|p1a: Iron Boulder|quarkdrivespe
|turn|17
|
|t:|1758994016
|-terastallize|p1a: Iron Boulder|Fighting
|move|p1a: Iron Boulder|Mighty Cleave|p2a: Dragonite
|-supereffective|p2a: Dragonite
|-damage|p2a: Dragonite|0 fnt
|faint|p2a: Dragonite
|
|upkeep
|
|t:|1758994021
|switch|p2a: Ogerpon|Ogerpon-Wellspring, F|88/100
|-damage|p2a: Ogerpon|76/100|[from] Spikes
|turn|18
|
|t:|1758994027
|-end|p1a: Iron Boulder|Quark Drive|[silent]
|switch|p1a: Araquanid|Araquanid, M|23/100
|-damage|p1a: Araquanid|0 fnt|[from] Stealth Rock
|faint|p1a: Araquanid
|-terastallize|p2a: Ogerpon|Water
|detailschange|p2a: Ogerpon|Ogerpon-Wellspring-Tera, F, tera:Water
|-ability|p2a: Ogerpon|Embody Aspect (Wellspring)|boost
|-boost|p2a: Ogerpon|spd|1
|move|p2a: Ogerpon|Ivy Cudgel|p1: Araquanid|[notarget]
|-fail|p2a: Ogerpon
|
|upkeep
|
|t:|1758994041
|switch|p1a: Ceruledge|Ceruledge, F|100/100
|-damage|p1a: Ceruledge|76/100|[from] Stealth Rock
|turn|19
|
|t:|1758994043
|move|p1a: Ceruledge|Shadow Sneak|p2a: Ogerpon
|-damage|p2a: Ogerpon|49/100
|move|p2a: Ogerpon|Ivy Cudgel|p1a: Ceruledge|[anim] Ivy Cudgel Water
|-supereffective|p1a: Ceruledge
|-damage|p1a: Ceruledge|0 fnt
|faint|p1a: Ceruledge
|
|upkeep
|
|t:|1758994046
|switch|p1a: Iron Boulder|Iron Boulder, tera:Fighting|88/100
|-damage|p1a: Iron Boulder|82/100|[from] Stealth Rock
|turn|20
|
|t:|1758994052
|move|p1a: Iron Boulder|Mighty Cleave|p2a: Ogerpon
|-crit|p2a: Ogerpon
|-damage|p2a: Ogerpon|0 fnt
|faint|p2a: Ogerpon
|detailschange|p2: Ogerpon|Ogerpon-Wellspring, F|[silent]
|
|upkeep
|
|t:|1758994055
|switch|p2a: Iron Moth|Iron Moth|100/100
|-damage|p2a: Iron Moth|88/100|[from] Spikes
|-enditem|p2a: Iron Moth|Booster Energy
|-activate|p2a: Iron Moth|ability: Quark Drive|[fromitem]
|-start|p2a: Iron Moth|quarkdrivespe
|turn|21
|
|t:|1758994057
|move|p2a: Iron Moth|Dazzling Gleam|p1a: Iron Boulder
|-supereffective|p1a: Iron Boulder
|-damage|p1a: Iron Boulder|23/100
|move|p1a: Iron Boulder|Zen Headbutt|p2a: Iron Moth
|-supereffective|p2a: Iron Moth
|-damage|p2a: Iron Moth|0 fnt
|faint|p2a: Iron Moth
|-end|p2a: Iron Moth|Quark Drive|[silent]
|
|upkeep
|
|t:|1758994059
|switch|p2a: Kingambit|Kingambit, F|75/100
|-damage|p2a: Kingambit|63/100|[from] Spikes
|-activate|p2a: Kingambit|ability: Supreme Overlord
|-start|p2a: Kingambit|fallen5|[silent]
|turn|22
|
|t:|1758994063
|move|p2a: Kingambit|Sucker Punch|p1a: Iron Boulder
|-resisted|p1a: Iron Boulder
|-damage|p1a: Iron Boulder|0 fnt
|faint|p1a: Iron Boulder
|-end|p1a: Iron Boulder|Quark Drive|[silent]
|
|upkeep
|
|t:|1758994065
|switch|p1a: Ting-Lu|Ting-Lu|91/100
|-damage|p1a: Ting-Lu|85/100|[from] Stealth Rock
|-ability|p1a: Ting-Lu|Vessel of Ruin
|turn|23
|
|t:|1758994068
|move|p2a: Kingambit|Iron Head|p1a: Ting-Lu
|-damage|p1a: Ting-Lu|48/100
|move|p1a: Ting-Lu|Earthquake|p2a: Kingambit
|-supereffective|p2a: Kingambit
|-damage|p2a: Kingambit|3/100
|
|-heal|p1a: Ting-Lu|54/100|[from] item: Leftovers
|upkeep
|turn|24
|
|t:|1758994074
|move|p2a: Kingambit|Kowtow Cleave|p1a: Ting-Lu
|-resisted|p1a: Ting-Lu
|-damage|p1a: Ting-Lu|29/100
|move|p1a: Ting-Lu|Earthquake|p2a: Kingambit
|-supereffective|p2a: Kingambit
|-damage|p2a: Kingambit|0 fnt
|faint|p2a: Kingambit
|-end|p2a: Kingambit|fallen5|[silent]
|
|win|Oattumblely
|raw|Oattumblely's rating: 1431 &rarr; <strong>1451</strong><br />(+20 for winning)
|raw|kyoujic's rating: 1435 &rarr; <strong>1415</strong><br />(-20 for losing)
|l|☆kyoujic
|player|p2|
|l|☆Oattumblely
|player|p1|
