|j|☆treeqil
|j|☆itspaoloooo
|t:|1759005901
|gametype|singles
|player|p1|treeqil|1|1205
|player|p2|itspaoloooo|hilbert-wonderlauncher|1207
|gen|9
|tier|[Gen 9] OU
|rated|
|rule|HP Percentage Mod: HP is shown in percentages
|rule|Endless Battle Clause: Forcing endless battles is banned
|rule|Species Clause: Limit one of each Pokémon
|rule|OHKO Clause: OHKO moves are banned
|rule|Evasion Items Clause: Evasion items are banned
|rule|Evasion Moves Clause: Evasion moves are banned
|rule|Evasion Abilities Clause: Evasion abilities are banned
|rule|Sleep Moves Clause: Sleep-inducing moves are banned
|clearpoke
|poke|p1|Magnezone|
|poke|p1|Glimmora, M|
|poke|p1|Cinderace, M|
|poke|p1|Iron Moth|
|poke|p1|Latios, M|
|poke|p1|Dragapult, M|
|poke|p2|Galvantula, M|
|poke|p2|Sneasel, F|
|poke|p2|Alomomola, F|
|poke|p2|Blaziken, M|
|poke|p2|Exeggutor, M|
|poke|p2|Skarmory, F|
|teampreview
|inactive|Battle timer is ON: inactive players will automatically lose when time's up. (requested by itspaoloooo)
|
|t:|1759005907
|teamsize|p1|6
|teamsize|p2|6
|start
|switch|p1a: Glimmora|Glimmora, M|100/100
|switch|p2a: Galvantula|Galvantula, M|100/100
|turn|1
|
|t:|1759005910
|move|p2a: Galvantula|Thunder Wave|p1a: Glimmora
|-status|p1a: Glimmora|par
|move|p1a: Glimmora|Mortal Spin|p2a: Galvantula
|-damage|p2a: Galvantula|88/100
|-status|p2a: Galvantula|psn
|
|-damage|p2a: Galvantula|76/100 psn|[from] psn
|upkeep
|turn|2
|
|t:|1759005920
|move|p2a: Galvantula|Thunder|p1a: Glimmora
|-damage|p1a: Glimmora|41/100 par
|cant|p1a: Glimmora|par
|
|-damage|p2a: Galvantula|64/100 psn|[from] psn
|upkeep
|turn|3
|
|t:|1759005929
|move|p2a: Galvantula|Sticky Web|p1a: Glimmora
|-sidestart|p1: treeqil|move: Sticky Web
|move|p1a: Glimmora|Mortal Spin|p2a: Galvantula
|-damage|p2a: Galvantula|51/100 psn
|-sideend|p1: treeqil|Sticky Web|[from] move: Mortal Spin|[of] p1a: Glimmora
|
|-damage|p2a: Galvantula|38/100 psn|[from] psn
|upkeep
|turn|4
|
|t:|1759005936
|move|p2a: Galvantula|Thunder|p1a: Glimmora
|-damage|p1a: Glimmora|0 fnt
|faint|p1a: Glimmora
|
|-damage|p2a: Galvantula|26/100 psn|[from] psn
|upkeep
|
|t:|1759005941
|switch|p1a: Cinderace|Cinderace, M|100/100
|turn|5
|
|t:|1759005946
|switch|p2a: Alomomola|Alomomola, F|100/100
|-terastallize|p1a: Cinderace|Fire
|move|p1a: Cinderace|Pyro Ball|p2a: Alomomola
|-resisted|p2a: Alomomola
|-damage|p2a: Alomomola|69/100
|
|-heal|p2a: Alomomola|75/100|[from] item: Leftovers
|upkeep
|turn|6
|
|t:|1759005953
|switch|p1a: Magnezone|Magnezone|100/100
|move|p2a: Alomomola|Wish|p2a: Alomomola
|
|-heal|p2a: Alomomola|81/100|[from] item: Leftovers
|upkeep
|turn|7
|
|t:|1759005960
|switch|p2a: Exeggutor|Exeggutor, M|100/100
|move|p1a: Magnezone|Thunderbolt|p2a: Exeggutor
|-resisted|p2a: Exeggutor
|-damage|p2a: Exeggutor|64/100
|
|-heal|p2a: Exeggutor|100/100|[from] move: Wish|[wisher] Alomomola
|upkeep
|turn|8
|
|t:|1759005969
|move|p1a: Magnezone|Volt Switch|p2a: Exeggutor
|-resisted|p2a: Exeggutor
|-damage|p2a: Exeggutor|79/100
|
|t:|1759005974
|switch|p1a: Cinderace|Cinderace, M, tera:Fire|100/100|[from] Volt Switch
|move|p2a: Exeggutor|Substitute|p2a: Exeggutor
|-start|p2a: Exeggutor|Substitute
|-damage|p2a: Exeggutor|54/100
|
|upkeep
|turn|9
|
|t:|1759005983
|move|p1a: Cinderace|U-turn|p2a: Exeggutor
|-supereffective|p2a: Exeggutor
|-end|p2a: Exeggutor|Substitute
|
|t:|1759005987
|switch|p1a: Iron Moth|Iron Moth|100/100|[from] U-turn
|-enditem|p1a: Iron Moth|Booster Energy
|-activate|p1a: Iron Moth|ability: Quark Drive|[fromitem]
|-start|p1a: Iron Moth|quarkdrivespa
|move|p2a: Exeggutor|Leech Seed|p1a: Iron Moth|[miss]
|-miss|p2a: Exeggutor|p1a: Iron Moth
|
|upkeep
|turn|10
|
|t:|1759005995
|switch|p2a: Alomomola|Alomomola, F|100/100
|move|p1a: Iron Moth|Venoshock|p2a: Alomomola
|-damage|p2a: Alomomola|47/100
|
|-heal|p2a: Alomomola|53/100|[from] item: Leftovers
|upkeep
|turn|11
|
|t:|1759006004
|move|p2a: Alomomola|Protect|p2a: Alomomola
|-singleturn|p2a: Alomomola|Protect
|move|p1a: Iron Moth|Venoshock|p2a: Alomomola
|-activate|p2a: Alomomola|move: Protect
|
|-heal|p2a: Alomomola|59/100|[from] item: Leftovers
|upkeep
|turn|12
|
|t:|1759006012
|move|p1a: Iron Moth|Venoshock|p2a: Alomomola
|-damage|p2a: Alomomola|3/100
|move|p2a: Alomomola|Flip Turn|p1a: Iron Moth
|-supereffective|p1a: Iron Moth
|-damage|p1a: Iron Moth|38/100
|
|t:|1759006030
|switch|p2a: Skarmory|Skarmory, F|100/100|[from] Flip Turn
|
|upkeep
|turn|13
|
|t:|1759006037
|switch|p2a: Alomomola|Alomomola, F|37/100
|move|p1a: Iron Moth|Flame Charge|p2a: Alomomola
|-resisted|p2a: Alomomola
|-damage|p2a: Alomomola|33/100
|-boost|p1a: Iron Moth|spe|1
|
|-heal|p2a: Alomomola|40/100|[from] item: Leftovers
|upkeep
|turn|14
|
|t:|1759006047
|move|p2a: Alomomola|Protect|p2a: Alomomola
|-singleturn|p2a: Alomomola|Protect
|move|p1a: Iron Moth|Flamethrower|p2a: Alomomola
|-activate|p2a: Alomomola|move: Protect
|
|-heal|p2a: Alomomola|46/100|[from] item: Leftovers
|upkeep
|turn|15
|
|t:|1759006060
|switch|p2a: Galvantula|Galvantula, M|26/100 psn
|move|p1a: Iron Moth|Venoshock|p2a: Galvantula
|-damage|p2a: Galvantula|0 fnt
|faint|p2a: Galvantula
|
|upkeep
|
|t:|1759006072
|switch|p2a: Blaziken|Blaziken, M|100/100
|turn|16
|
|t:|1759006075
|move|p1a: Iron Moth|Venoshock|p2a: Blaziken
|-damage|p2a: Blaziken|37/100
|move|p2a: Blaziken|Focus Energy|p2a: Blaziken
|-start|p2a: Blaziken|move: Focus Energy
|
|-ability|p2a: Blaziken|Speed Boost|boost
|-boost|p2a: Blaziken|spe|1
|upkeep
|turn|17
|
|t:|1759006086
|move|p1a: Iron Moth|Venoshock|p2a: Blaziken
|-damage|p2a: Blaziken|0 fnt
|faint|p2a: Blaziken
|
|upkeep
|
|t:|1759006091
|switch|p2a: Alomomola|Alomomola, F|79/100
|turn|18
|
|t:|1759006097
|move|p1a: Iron Moth|Venoshock|p2a: Alomomola
|-damage|p2a: Alomomola|19/100
|move|p2a: Alomomola|Flip Turn|p1a: Iron Moth
|-supereffective|p1a: Iron Moth
|-damage|p1a: Iron Moth|0 fnt
|faint|p1a: Iron Moth
|-end|p1a: Iron Moth|Quark Drive|[silent]
|
|t:|1759006103
|switch|p2a: Skarmory|Skarmory, F|100/100|[from] Flip Turn
|
|upkeep
|
|t:|1759006109
|switch|p1a: Magnezone|Magnezone|100/100
|turn|19
|
|t:|1759006125
|move|p2a: Skarmory|Body Press|p1a: Magnezone
|-supereffective|p1a: Magnezone
|-damage|p1a: Magnezone|54/100
|move|p1a: Magnezone|Thunderbolt|p2a: Skarmory
|-supereffective|p2a: Skarmory
|-damage|p2a: Skarmory|0 fnt
|faint|p2a: Skarmory
|
|upkeep
|
|t:|1759006135
|switch|p2a: Exeggutor|Exeggutor, M|54/100
|turn|20
|
|t:|1759006143
|switch|p1a: Latios|Latios, M|100/100
|move|p2a: Exeggutor|Substitute|p2a: Exeggutor
|-start|p2a: Exeggutor|Substitute
|-damage|p2a: Exeggutor|29/100
|-enditem|p2a: Exeggutor|Sitrus Berry|[eat]
|-heal|p2a: Exeggutor|54/100|[from] item: Sitrus Berry
|
|-item|p2a: Exeggutor|Sitrus Berry|[from] ability: Harvest
|upkeep
|turn|21
|
|t:|1759006152
|move|p1a: Latios|Ice Beam|p2a: Exeggutor
|-supereffective|p2a: Exeggutor
|-end|p2a: Exeggutor|Substitute
|move|p2a: Exeggutor|Leech Seed|p1a: Latios
|-start|p1a: Latios|move: Leech Seed
|
|-damage|p1a: Latios|88/100|[from] Leech Seed|[of] p2a: Exeggutor
|-heal|p2a: Exeggutor|64/100|[silent]
|upkeep
|turn|22
|
|t:|1759006160
|-terastallize|p2a: Exeggutor|Water
|move|p1a: Latios|Ice Beam|p2a: Exeggutor
|-resisted|p2a: Exeggutor
|-damage|p2a: Exeggutor|43/100
|-status|p2a: Exeggutor|frz
|-enditem|p2a: Exeggutor|Sitrus Berry|[eat]
|-heal|p2a: Exeggutor|68/100 frz|[from] item: Sitrus Berry
|cant|p2a: Exeggutor|frz
|
|-damage|p1a: Latios|76/100|[from] Leech Seed|[of] p2a: Exeggutor
|-heal|p2a: Exeggutor|78/100 frz|[silent]
|-item|p2a: Exeggutor|Sitrus Berry|[from] ability: Harvest
|upkeep
|turn|23
|
|t:|1759006171
|switch|p1a: Magnezone|Magnezone|54/100
|cant|p2a: Exeggutor|frz
|
|upkeep
|turn|24
|
|t:|1759006182
|move|p1a: Magnezone|Volt Switch|p2a: Exeggutor
|-supereffective|p2a: Exeggutor
|-damage|p2a: Exeggutor|0 fnt
|faint|p2a: Exeggutor
|
|t:|1759006190
|switch|p1a: Dragapult|Dragapult, M|100/100|[from] Volt Switch
|
|upkeep
|
|t:|1759006212
|switch|p2a: Sneasel|Sneasel, F, shiny|100/100
|turn|25
|
|t:|1759006224
|move|p1a: Dragapult|U-turn|p2a: Sneasel
|-supereffective|p2a: Sneasel
|-damage|p2a: Sneasel|10/100
|-damage|p1a: Dragapult|91/100|[from] item: Life Orb
|
|t:|1759006228
|switch|p1a: Latios|Latios, M|76/100|[from] U-turn
|move|p2a: Sneasel|Knock Off|p1a: Latios
|-supereffective|p1a: Latios
|-damage|p1a: Latios|0 fnt
|-enditem|p1a: Latios|Choice Scarf|[from] move: Knock Off|[of] p2a: Sneasel
|faint|p1a: Latios
|
|upkeep
|
|t:|1759006230
|switch|p1a: Dragapult|Dragapult, M|91/100
|turn|26
|
|t:|1759006238
|switch|p2a: Alomomola|Alomomola, F|52/100
|move|p1a: Dragapult|U-turn|p2a: Alomomola
|-damage|p2a: Alomomola|41/100
|-damage|p1a: Dragapult|81/100|[from] item: Life Orb
|
|t:|1759006241
|switch|p1a: Magnezone|Magnezone|54/100|[from] U-turn
|
|-heal|p2a: Alomomola|47/100|[from] item: Leftovers
|upkeep
|turn|27
|
|t:|1759006248
|move|p2a: Alomomola|Wish|p2a: Alomomola
|move|p1a: Magnezone|Volt Switch|p2a: Alomomola
|-supereffective|p2a: Alomomola
|-damage|p2a: Alomomola|0 fnt
|faint|p2a: Alomomola
|
|t:|1759006251
|switch|p1a: Cinderace|Cinderace, M, tera:Fire|100/100|[from] Volt Switch
|
|upkeep
|
|t:|1759006255
|switch|p2a: Sneasel|Sneasel, F, shiny|10/100
|turn|28
|
|t:|1759006260
|move|p1a: Cinderace|Sucker Punch|p2a: Sneasel
|-resisted|p2a: Sneasel
|-damage|p2a: Sneasel|0 fnt
|faint|p2a: Sneasel
|
|win|treeqil
|raw|treeqil's rating: 1205 &rarr; <strong>1230</strong><br />(+25 for winning)
|raw|itspaoloooo's rating: 1207 &rarr; <strong>1182</strong><br />(-25 for losing)
|l|☆itspaoloooo
|player|p2|
