|j|‽MyNameJeeeeff
|j|☆GhostDumbDumb
|t:|1759014242
|gametype|singles
|player|p1|MyNameJeeeeff|169|1397
|player|p2|GhostDumbDumb|unknown|1428
|gen|9
|tier|[Gen 9] OU
|rated|
|rule|HP Percentage Mod: HP is shown in percentages
|rule|Endless Battle Clause: Forcing endless battles is banned
|rule|Species Clause: Limit one of each Pokémon
|rule|OHKO Clause: OHKO moves are banned
|rule|Evasion Items Clause: Evasion items are banned
|rule|Evasion Moves Clause: Evasion moves are banned
|rule|Evasion Abilities Clause: Evasion abilities are banned
|rule|Sleep Moves Clause: Sleep-inducing moves are banned
|clearpoke
|poke|p1|Garganacl, F|
|poke|p1|Kyurem|
|poke|p1|Enamorus, F|
|poke|p1|Rillaboom, M|
|poke|p1|Talonflame, F|
|poke|p1|Excadrill, F|
|poke|p2|Gliscor, F|
|poke|p2|Reuniclus, M|
|poke|p2|Sceptile, F|
|poke|p2|Tinkaton, F|
|poke|p2|Glimmora, F|
|poke|p2|Appletun, M|
|teampreview
|inactive|Battle timer is ON: inactive players will automatically lose when time's up. (requested by MyNameJeeeeff)
|
|t:|1759014266
|teamsize|p1|6
|teamsize|p2|6
|start
|switch|p1a: Rillaboom|Rillaboom, M|100/100
|switch|p2a: Appletun|Appletun, M, shiny|100/100
|-fieldstart|move: Grassy Terrain|[from] ability: Grassy Surge|[of] p1a: Rillaboom
|turn|1
|
|t:|1759014276
|move|p1a: Rillaboom|Swords Dance|p1a: Rillaboom
|-boost|p1a: Rillaboom|atk|2
|move|p2a: Appletun|Iron Defense|p2a: Appletun
|-boost|p2a: Appletun|def|2
|
|upkeep
|turn|2
|
|t:|1759014284
|move|p1a: Rillaboom|Knock Off|p2a: Appletun
|-damage|p2a: Appletun|55/100
|-enditem|p2a: Appletun|Sitrus Berry|[from] move: Knock Off|[of] p1a: Rillaboom
|-damage|p1a: Rillaboom|91/100|[from] item: Life Orb
|move|p2a: Appletun|Iron Defense|p2a: Appletun
|-boost|p2a: Appletun|def|2
|
|-heal|p1a: Rillaboom|97/100|[from] Grassy Terrain
|-heal|p2a: Appletun|61/100|[from] Grassy Terrain
|upkeep
|turn|3
|
|t:|1759014295
|switch|p1a: Kyurem|Kyurem|100/100
|-ability|p1a: Kyurem|Pressure
|move|p2a: Appletun|Iron Defense|p2a: Appletun
|-boost|p2a: Appletun|def|2
|
|-heal|p2a: Appletun|67/100|[from] Grassy Terrain
|upkeep
|turn|4
|
|t:|1759014310
|-terastallize|p2a: Appletun|Steel
|move|p1a: Kyurem|Freeze-Dry|p2a: Appletun
|-resisted|p2a: Appletun
|-damage|p2a: Appletun|57/100
|move|p2a: Appletun|Amnesia|p2a: Appletun
|-boost|p2a: Appletun|spd|2
|
|-heal|p2a: Appletun|63/100|[from] Grassy Terrain
|upkeep
|turn|5
|
|t:|1759014321
|switch|p1a: Garganacl|Garganacl, F|100/100
|move|p2a: Appletun|Amnesia|p2a: Appletun
|-boost|p2a: Appletun|spd|2
|
|-heal|p2a: Appletun|69/100|[from] Grassy Terrain
|-fieldend|move: Grassy Terrain
|upkeep
|turn|6
|
|t:|1759014332
|move|p2a: Appletun|Giga Drain|p1a: Garganacl
|-supereffective|p1a: Garganacl
|-damage|p1a: Garganacl|64/100
|-heal|p2a: Appletun|86/100|[from] drain|[of] p1a: Garganacl
|move|p1a: Garganacl|Iron Defense|p1a: Garganacl
|-boost|p1a: Garganacl|def|2
|
|-heal|p1a: Garganacl|70/100|[from] item: Leftovers
|upkeep
|turn|7
|
|t:|1759014340
|move|p2a: Appletun|Substitute|p2a: Appletun
|-start|p2a: Appletun|Substitute
|-damage|p2a: Appletun|61/100
|move|p1a: Garganacl|Salt Cure|p2a: Appletun
|-resisted|p2a: Appletun
|-activate|p2a: Appletun|move: Substitute|[damage]
|
|-heal|p1a: Garganacl|77/100|[from] item: Leftovers
|upkeep
|turn|8
|
|t:|1759014349
|move|p2a: Appletun|Giga Drain|p1a: Garganacl
|-supereffective|p1a: Garganacl
|-damage|p1a: Garganacl|40/100
|-heal|p2a: Appletun|78/100|[from] drain|[of] p1a: Garganacl
|move|p1a: Garganacl|Salt Cure|p2a: Appletun
|-resisted|p2a: Appletun
|-activate|p2a: Appletun|move: Substitute|[damage]
|
|-heal|p1a: Garganacl|46/100|[from] item: Leftovers
|upkeep
|turn|9
|
|t:|1759014358
|switch|p1a: Talonflame|Talonflame, F|100/100
|move|p2a: Appletun|Giga Drain|p1a: Talonflame
|-resisted|p1a: Talonflame
|-damage|p1a: Talonflame|91/100
|-heal|p2a: Appletun|82/100|[from] drain|[of] p1a: Talonflame
|
|upkeep
|turn|10
|
|t:|1759014376
|switch|p2a: Typhlosions Lawyer|Sceptile, F, shiny|100/100
|move|p1a: Talonflame|Flare Blitz|p2a: Typhlosions Lawyer
|-supereffective|p2a: Typhlosions Lawyer
|-damage|p2a: Typhlosions Lawyer|0 fnt
|faint|p2a: Typhlosions Lawyer
|-damage|p1a: Talonflame|60/100|[from] Recoil
|
|upkeep
|
|t:|1759014389
|switch|p2a: PoopSmiff 2.09|Glimmora, F, shiny|100/100
|-item|p2a: PoopSmiff 2.09|Air Balloon
|turn|11
|
|t:|1759014403
|move|p1a: Talonflame|Flare Blitz|p2a: PoopSmiff 2.09
|-resisted|p2a: PoopSmiff 2.09
|-damage|p2a: PoopSmiff 2.09|72/100
|-activate|p2a: PoopSmiff 2.09|ability: Toxic Debris
|-sidestart|p1: MyNameJeeeeff|move: Toxic Spikes
|-enditem|p2a: PoopSmiff 2.09|Air Balloon
|-damage|p1a: Talonflame|50/100|[from] Recoil
|move|p2a: PoopSmiff 2.09|Earth Power|p1a: Talonflame
|-immune|p1a: Talonflame
|
|upkeep
|turn|12
|
|t:|1759014418
|move|p1a: Talonflame|Defog|p2a: PoopSmiff 2.09
|-unboost|p2a: PoopSmiff 2.09|evasion|1
|-sideend|p1: MyNameJeeeeff|Toxic Spikes|[from] move: Defog|[of] p1a: Talonflame
|move|p2a: PoopSmiff 2.09|Power Gem|p1a: Talonflame
|-supereffective|p1a: Talonflame
|-damage|p1a: Talonflame|0 fnt
|faint|p1a: Talonflame
|
|upkeep
|
|t:|1759014426
|switch|p1a: Garganacl|Garganacl, F|46/100
|turn|13
|
|t:|1759014432
|move|p2a: PoopSmiff 2.09|Energy Ball|p1a: Garganacl
|-supereffective|p1a: Garganacl
|-damage|p1a: Garganacl|8/100
|move|p1a: Garganacl|Salt Cure|p2a: PoopSmiff 2.09
|-damage|p2a: PoopSmiff 2.09|56/100
|-start|p2a: PoopSmiff 2.09|Salt Cure
|-activate|p2a: PoopSmiff 2.09|ability: Toxic Debris
|-sidestart|p1: MyNameJeeeeff|move: Toxic Spikes
|
|-heal|p1a: Garganacl|14/100|[from] item: Leftovers
|-damage|p2a: PoopSmiff 2.09|43/100|[from] Salt Cure
|upkeep
|turn|14
|
|t:|1759014444
|move|p1a: Garganacl|Protect|p1a: Garganacl
|-singleturn|p1a: Garganacl|Protect
|move|p2a: PoopSmiff 2.09|Energy Ball|p1a: Garganacl
|-activate|p1a: Garganacl|move: Protect
|
|-heal|p1a: Garganacl|20/100|[from] item: Leftovers
|-damage|p2a: PoopSmiff 2.09|31/100|[from] Salt Cure
|upkeep
|turn|15
|
|t:|1759014456
|move|p2a: PoopSmiff 2.09|Earth Power|p1a: Garganacl
|-supereffective|p1a: Garganacl
|-damage|p1a: Garganacl|0 fnt
|faint|p1a: Garganacl
|
|-damage|p2a: PoopSmiff 2.09|18/100|[from] Salt Cure
|upkeep
|
|t:|1759014462
|switch|p1a: Kyurem|Kyurem|100/100
|-status|p1a: Kyurem|psn
|-ability|p1a: Kyurem|Pressure
|turn|16
|
|t:|1759014476
|-terastallize|p1a: Kyurem|Ground
|move|p2a: PoopSmiff 2.09|Power Gem|p1a: Kyurem
|-resisted|p1a: Kyurem
|-damage|p1a: Kyurem|82/100 psn
|move|p1a: Kyurem|Dragon Dance|p1a: Kyurem
|-boost|p1a: Kyurem|atk|1
|-boost|p1a: Kyurem|spe|1
|
|-damage|p1a: Kyurem|70/100 psn|[from] psn
|-damage|p2a: PoopSmiff 2.09|6/100|[from] Salt Cure
|upkeep
|turn|17
|
|t:|1759014487
|move|p1a: Kyurem|Freeze-Dry|p2a: PoopSmiff 2.09
|-damage|p2a: PoopSmiff 2.09|0 fnt
|faint|p2a: PoopSmiff 2.09
|
|-damage|p1a: Kyurem|58/100 psn|[from] psn
|upkeep
|
|t:|1759014497
|switch|p2a: Mr Middle Finger|Gliscor, F, shiny|100/100
|turn|18
|
|t:|1759014500
|move|p2a: Mr Middle Finger|Protect|p2a: Mr Middle Finger
|-singleturn|p2a: Mr Middle Finger|Protect
|move|p1a: Kyurem|Icicle Spear|p2a: Mr Middle Finger
|-activate|p2a: Mr Middle Finger|move: Protect
|
|-damage|p1a: Kyurem|45/100 psn|[from] psn
|-status|p2a: Mr Middle Finger|tox|[from] item: Toxic Orb
|upkeep
|turn|19
|
|t:|1759014512
|switch|p2a: Tinkaton|Tinkaton, F, shiny|100/100
|move|p1a: Kyurem|Icicle Spear|p2a: Tinkaton
|-resisted|p2a: Tinkaton
|-damage|p2a: Tinkaton|90/100
|-resisted|p2a: Tinkaton
|-damage|p2a: Tinkaton|79/100
|-resisted|p2a: Tinkaton
|-damage|p2a: Tinkaton|67/100
|-resisted|p2a: Tinkaton
|-damage|p2a: Tinkaton|56/100
|-hitcount|p2a: Tinkaton|4
|
|-damage|p1a: Kyurem|33/100 psn|[from] psn
|upkeep
|turn|20
|
|t:|1759014530
|move|p1a: Kyurem|Tera Blast|p2a: Tinkaton|[anim] Tera Blast Ground
|-supereffective|p2a: Tinkaton
|-damage|p2a: Tinkaton|0 fnt
|faint|p2a: Tinkaton
|
|-damage|p1a: Kyurem|21/100 psn|[from] psn
|upkeep
|
|t:|1759014546
|switch|p2a: Appletun|Appletun, M, shiny, tera:Steel|82/100
|turn|21
|
|t:|1759014549
|switch|p2a: Mr Middle Finger|Gliscor, F, shiny|100/100 tox
|move|p1a: Kyurem|Tera Blast|p2a: Mr Middle Finger|[anim] Tera Blast Ground
|-immune|p2a: Mr Middle Finger
|
|-damage|p1a: Kyurem|8/100 psn|[from] psn
|upkeep
|turn|22
|
|t:|1759014557
|switch|p1a: Enamorus|Enamorus, F|100/100
|move|p2a: Mr Middle Finger|Protect||[still]
|-fail|p2a: Mr Middle Finger
|
|upkeep
|turn|23
|
|t:|1759014563
|move|p1a: Enamorus|Focus Blast|p2a: Mr Middle Finger|[miss]
|-miss|p1a: Enamorus|p2a: Mr Middle Finger
|move|p2a: Mr Middle Finger|Toxic|p1a: Enamorus
|-status|p1a: Enamorus|tox
|
|-damage|p1a: Enamorus|95/100 tox|[from] psn
|upkeep
|turn|24
|
|t:|1759014571
|move|p1a: Enamorus|Focus Blast|p2a: Mr Middle Finger|[miss]
|-miss|p1a: Enamorus|p2a: Mr Middle Finger
|move|p2a: Mr Middle Finger|Substitute|p2a: Mr Middle Finger
|-start|p2a: Mr Middle Finger|Substitute
|-damage|p2a: Mr Middle Finger|76/100 tox
|
|-damage|p1a: Enamorus|83/100 tox|[from] psn
|-heal|p2a: Mr Middle Finger|88/100 tox|[from] ability: Poison Heal
|upkeep
|turn|25
|
|t:|1759014580
|move|p2a: Mr Middle Finger|Protect|p2a: Mr Middle Finger
|-singleturn|p2a: Mr Middle Finger|Protect
|move|p1a: Enamorus|Focus Blast|p2a: Mr Middle Finger
|-activate|p2a: Mr Middle Finger|move: Protect
|
|-damage|p1a: Enamorus|65/100 tox|[from] psn
|-heal|p2a: Mr Middle Finger|100/100 tox|[from] ability: Poison Heal
|upkeep
|turn|26
|
|t:|1759014592
|move|p1a: Enamorus|Focus Blast|p2a: Mr Middle Finger
|-resisted|p2a: Mr Middle Finger
|-end|p2a: Mr Middle Finger|Substitute
|move|p2a: Mr Middle Finger|Substitute|p2a: Mr Middle Finger
|-start|p2a: Mr Middle Finger|Substitute
|-damage|p2a: Mr Middle Finger|76/100 tox
|
|-damage|p1a: Enamorus|41/100 tox|[from] psn
|-heal|p2a: Mr Middle Finger|88/100 tox|[from] ability: Poison Heal
|upkeep
|turn|27
|
|t:|1759014601
|move|p2a: Mr Middle Finger|Protect|p2a: Mr Middle Finger
|-singleturn|p2a: Mr Middle Finger|Protect
|move|p1a: Enamorus|Focus Blast|p2a: Mr Middle Finger
|-activate|p2a: Mr Middle Finger|move: Protect
|
|-damage|p1a: Enamorus|11/100 tox|[from] psn
|-heal|p2a: Mr Middle Finger|100/100 tox|[from] ability: Poison Heal
|upkeep
|turn|28
|
|t:|1759014609
|switch|p1a: Excadrill|Excadrill, F|100/100
|-ability|p1a: Excadrill|Mold Breaker
|move|p2a: Mr Middle Finger|Substitute|p2a: Mr Middle Finger
|-fail|p2a: Mr Middle Finger|move: Substitute
|
|upkeep
|turn|29
|
|t:|1759014616
|move|p1a: Excadrill|Stealth Rock|p2a: Mr Middle Finger
|-sidestart|p2: GhostDumbDumb|move: Stealth Rock
|move|p2a: Mr Middle Finger|Earthquake|p1a: Excadrill
|-supereffective|p1a: Excadrill
|-damage|p1a: Excadrill|5/100
|
|upkeep
|turn|30
|
|t:|1759014626
|move|p1a: Excadrill|Rock Slide|p2a: Mr Middle Finger
|-activate|p2a: Mr Middle Finger|move: Substitute|[damage]
|move|p2a: Mr Middle Finger|Earthquake|p1a: Excadrill
|-supereffective|p1a: Excadrill
|-damage|p1a: Excadrill|0 fnt
|faint|p1a: Excadrill
|
|upkeep
|
|t:|1759014632
|switch|p1a: Kyurem|Kyurem, tera:Ground|8/100 psn
|-ability|p1a: Kyurem|Pressure
|turn|31
|
|t:|1759014636
|move|p2a: Mr Middle Finger|Protect|p2a: Mr Middle Finger
|-singleturn|p2a: Mr Middle Finger|Protect
|move|p1a: Kyurem|Icicle Spear|p2a: Mr Middle Finger
|-activate|p2a: Mr Middle Finger|move: Protect
|
|-damage|p1a: Kyurem|0 fnt|[from] psn
|faint|p1a: Kyurem
|upkeep
|
|t:|1759014639
|switch|p1a: Rillaboom|Rillaboom, M|97/100
|-status|p1a: Rillaboom|psn
|-fieldstart|move: Grassy Terrain|[from] ability: Grassy Surge|[of] p1a: Rillaboom
|turn|32
|
|t:|1759014648
|move|p2a: Mr Middle Finger|Substitute|p2a: Mr Middle Finger
|-fail|p2a: Mr Middle Finger|move: Substitute
|move|p1a: Rillaboom|Swords Dance|p1a: Rillaboom
|-boost|p1a: Rillaboom|atk|2
|
|-heal|p1a: Rillaboom|100/100 psn|[from] Grassy Terrain
|-damage|p1a: Rillaboom|88/100 psn|[from] psn
|upkeep
|turn|33
|
|t:|1759014655
|move|p2a: Mr Middle Finger|Protect|p2a: Mr Middle Finger
|-singleturn|p2a: Mr Middle Finger|Protect
|move|p1a: Rillaboom|Grassy Glide|p2a: Mr Middle Finger
|-activate|p2a: Mr Middle Finger|move: Protect
|
|-heal|p1a: Rillaboom|94/100 psn|[from] Grassy Terrain
|-damage|p1a: Rillaboom|82/100 psn|[from] psn
|upkeep
|turn|34
|
|t:|1759014664
|move|p1a: Rillaboom|Grassy Glide|p2a: Mr Middle Finger
|-end|p2a: Mr Middle Finger|Substitute
|-damage|p1a: Rillaboom|72/100 psn|[from] item: Life Orb
|move|p2a: Mr Middle Finger|Earthquake|p1a: Rillaboom
|-resisted|p1a: Rillaboom
|-damage|p1a: Rillaboom|63/100 psn
|
|-heal|p1a: Rillaboom|70/100 psn|[from] Grassy Terrain
|-damage|p1a: Rillaboom|57/100 psn|[from] psn
|upkeep
|turn|35
|
|t:|1759014674
|move|p2a: Mr Middle Finger|Protect|p2a: Mr Middle Finger
|-singleturn|p2a: Mr Middle Finger|Protect
|move|p1a: Rillaboom|Grassy Glide|p2a: Mr Middle Finger
|-activate|p2a: Mr Middle Finger|move: Protect
|
|-heal|p1a: Rillaboom|63/100 psn|[from] Grassy Terrain
|-damage|p1a: Rillaboom|51/100 psn|[from] psn
|upkeep
|turn|36
|
|t:|1759014683
|move|p1a: Rillaboom|Grassy Glide|p2a: Mr Middle Finger
|-damage|p2a: Mr Middle Finger|42/100 tox
|-damage|p1a: Rillaboom|41/100 psn|[from] item: Life Orb
|move|p2a: Mr Middle Finger|Substitute|p2a: Mr Middle Finger
|-start|p2a: Mr Middle Finger|Substitute
|-damage|p2a: Mr Middle Finger|17/100 tox
|
|-heal|p1a: Rillaboom|47/100 psn|[from] Grassy Terrain
|-heal|p2a: Mr Middle Finger|30/100 tox|[from] ability: Poison Heal
|-damage|p1a: Rillaboom|35/100 psn|[from] psn
|-fieldend|move: Grassy Terrain
|upkeep
|turn|37
|
|t:|1759014694
|switch|p1a: Enamorus|Enamorus, F|11/100 tox
|move|p2a: Mr Middle Finger|Protect||[still]
|-fail|p2a: Mr Middle Finger
|
|-damage|p1a: Enamorus|5/100 tox|[from] psn
|-heal|p2a: Mr Middle Finger|42/100 tox|[from] ability: Poison Heal
|upkeep
|turn|38
|
|t:|1759014702
|move|p1a: Enamorus|Springtide Storm|p2a: Mr Middle Finger|[miss]
|-miss|p1a: Enamorus|p2a: Mr Middle Finger
|move|p2a: Mr Middle Finger|Substitute|p2a: Mr Middle Finger
|-fail|p2a: Mr Middle Finger|move: Substitute
|
|-damage|p1a: Enamorus|0 fnt|[from] psn
|faint|p1a: Enamorus
|-heal|p2a: Mr Middle Finger|54/100 tox|[from] ability: Poison Heal
|upkeep
|
|t:|1759014705
|switch|p1a: Rillaboom|Rillaboom, M|35/100 psn
|-fieldstart|move: Grassy Terrain|[from] ability: Grassy Surge|[of] p1a: Rillaboom
|turn|39
|
|t:|1759014715
|move|p2a: Mr Middle Finger|Toxic||[still]
|-fail|p2a: Mr Middle Finger
|move|p1a: Rillaboom|Swords Dance|p1a: Rillaboom
|-boost|p1a: Rillaboom|atk|2
|
|-heal|p1a: Rillaboom|41/100 psn|[from] Grassy Terrain
|-heal|p2a: Mr Middle Finger|67/100 tox|[from] ability: Poison Heal
|-damage|p1a: Rillaboom|28/100 psn|[from] psn
|upkeep
|turn|40
|
|t:|1759014723
|move|p1a: Rillaboom|Grassy Glide|p2a: Mr Middle Finger
|-end|p2a: Mr Middle Finger|Substitute
|-damage|p1a: Rillaboom|18/100 psn|[from] item: Life Orb
|move|p2a: Mr Middle Finger|Substitute|p2a: Mr Middle Finger
|-start|p2a: Mr Middle Finger|Substitute
|-damage|p2a: Mr Middle Finger|42/100 tox
|
|-heal|p1a: Rillaboom|24/100 psn|[from] Grassy Terrain
|-heal|p2a: Mr Middle Finger|54/100 tox|[from] ability: Poison Heal
|-damage|p1a: Rillaboom|12/100 psn|[from] psn
|upkeep
|turn|41
|
|t:|1759014734
|move|p2a: Mr Middle Finger|Protect|p2a: Mr Middle Finger
|-singleturn|p2a: Mr Middle Finger|Protect
|move|p1a: Rillaboom|Grassy Glide|p2a: Mr Middle Finger
|-activate|p2a: Mr Middle Finger|move: Protect
|
|-heal|p1a: Rillaboom|18/100 psn|[from] Grassy Terrain
|-heal|p2a: Mr Middle Finger|67/100 tox|[from] ability: Poison Heal
|-damage|p1a: Rillaboom|6/100 psn|[from] psn
|upkeep
|turn|42
|
|t:|1759014745
|switch|p2a: Wait...|Reuniclus, M, shiny|100/100
|move|p1a: Rillaboom|Grassy Glide|p2a: Wait...
|-damage|p2a: Wait...|11/100
|-damage|p1a: Rillaboom|0 fnt|[from] item: Life Orb
|faint|p1a: Rillaboom
|
|win|GhostDumbDumb
|raw|MyNameJeeeeff's rating: 1397 &rarr; <strong>1379</strong><br />(-18 for losing)
|raw|GhostDumbDumb's rating: 1428 &rarr; <strong>1446</strong><br />(+18 for winning)
|l|‽MyNameJeeeeff
|player|p1|
|l|☆GhostDumbDumb
|player|p2|
