|j|☆SmellyKebab12
|j|☆YuZu Aza
|t:|1758967498
|gametype|singles
|player|p1|SmellyKebab12|101|1246
|player|p2|YuZu Aza|janine|1228
|gen|9
|tier|[Gen 9] OU
|rated|
|rule|HP Percentage Mod: HP is shown in percentages
|rule|Endless Battle Clause: Forcing endless battles is banned
|rule|Species Clause: Limit one of each Pokémon
|rule|OHKO Clause: OHKO moves are banned
|rule|Evasion Items Clause: Evasion items are banned
|rule|Evasion Moves Clause: Evasion moves are banned
|rule|Evasion Abilities Clause: Evasion abilities are banned
|rule|Sleep Moves Clause: Sleep-inducing moves are banned
|clearpoke
|poke|p1|Politoed, M|
|poke|p1|Tentacruel, M|
|poke|p1|Corviknight, M|
|poke|p1|Jolteon, M|
|poke|p1|Lokix, M|
|poke|p1|Ludicolo, M|
|poke|p2|Breloom, M|
|poke|p2|Crawdaunt, F|
|poke|p2|Gholdengo|
|poke|p2|Excadrill, F|
|poke|p2|Pelipper, M|
|poke|p2|Gengar, M|
|teampreview
|
|t:|1758967526
|teamsize|p1|6
|teamsize|p2|6
|start
|switch|p1a: Jolteon|Jolteon, M|100/100
|switch|p2a: Pelipper|Pelipper, M|100/100
|-weather|RainDance|[from] ability: Drizzle|[of] p2a: Pelipper
|turn|1
|inactive|Battle timer is ON: inactive players will automatically lose when time's up. (requested by YuZu Aza)
|
|t:|1758967538
|switch|p1a: Ludicolo|Ludicolo, M|100/100
|switch|p2a: Excadrill|Excadrill, F|100/100
|-ability|p2a: Excadrill|Mold Breaker
|
|-weather|RainDance|[upkeep]
|upkeep
|turn|2
|
|t:|1758967561
|switch|p2a: Pelipper|Pelipper, M|100/100
|move|p1a: Ludicolo|Weather Ball|p2a: Pelipper
|-resisted|p2a: Pelipper
|-damage|p2a: Pelipper|35/100
|-damage|p1a: Ludicolo|91/100|[from] item: Life Orb
|
|-weather|RainDance|[upkeep]
|upkeep
|turn|3
|
|t:|1758967574
|move|p1a: Ludicolo|Weather Ball|p2a: Pelipper
|-resisted|p2a: Pelipper
|-damage|p2a: Pelipper|0 fnt
|faint|p2a: Pelipper
|-damage|p1a: Ludicolo|81/100|[from] item: Life Orb
|
|-weather|RainDance|[upkeep]
|upkeep
|
|t:|1758967584
|switch|p2a: Gengar|Gengar, M|100/100
|turn|4
|
|t:|1758967589
|move|p2a: Gengar|Sludge Bomb|p1a: Ludicolo
|-supereffective|p1a: Ludicolo
|-damage|p1a: Ludicolo|0 fnt
|faint|p1a: Ludicolo
|
|-weather|RainDance|[upkeep]
|upkeep
|
|t:|1758967598
|switch|p1a: Jolteon|Jolteon, M|100/100
|turn|5
|
|t:|1758967604
|switch|p2a: Excadrill|Excadrill, F|100/100
|-ability|p2a: Excadrill|Mold Breaker
|move|p1a: Jolteon|Shadow Ball|p2a: Excadrill
|-damage|p2a: Excadrill|71/100
|-unboost|p2a: Excadrill|spd|1
|
|-weather|none
|-heal|p2a: Excadrill|77/100|[from] item: Leftovers
|upkeep
|turn|6
|
|t:|1758967618
|switch|p1a: Corviknight|Corviknight, M, shiny|100/100
|-ability|p1a: Corviknight|Pressure
|move|p2a: Excadrill|Stealth Rock|p1a: Corviknight
|-sidestart|p1: SmellyKebab12|move: Stealth Rock
|
|-heal|p2a: Excadrill|84/100|[from] item: Leftovers
|upkeep
|turn|7
|
|t:|1758967627
|switch|p2a: Gholdengo|Gholdengo|100/100
|move|p1a: Corviknight|Iron Defense|p1a: Corviknight
|-boost|p1a: Corviknight|def|2
|
|upkeep
|turn|8
|
|t:|1758967638
|move|p2a: Gholdengo|Make It Rain|p1a: Corviknight
|-resisted|p1a: Corviknight
|-damage|p1a: Corviknight|58/100
|-unboost|p2a: Gholdengo|spa|1
|move|p1a: Corviknight|U-turn|p2a: Gholdengo
|-resisted|p2a: Gholdengo
|-damage|p2a: Gholdengo|97/100
|
|t:|1758967646
|switch|p1a: Tentacruel|Tentacruel, M|100/100|[from] U-turn
|-damage|p1a: Tentacruel|88/100|[from] Stealth Rock
|
|-heal|p1a: Tentacruel|94/100|[from] item: Leftovers
|upkeep
|turn|9
|
|t:|1758967655
|move|p2a: Gholdengo|Nasty Plot|p2a: Gholdengo
|-boost|p2a: Gholdengo|spa|2
|move|p1a: Tentacruel|Knock Off|p2a: Gholdengo
|-supereffective|p2a: Gholdengo
|-damage|p2a: Gholdengo|60/100
|-enditem|p2a: Gholdengo|Metal Coat|[from] move: Knock Off|[of] p1a: Tentacruel
|
|-heal|p1a: Tentacruel|99/100|[from] item: Leftovers
|upkeep
|turn|10
|
|t:|1758967668
|move|p2a: Gholdengo|Recover|p2a: Gholdengo
|-heal|p2a: Gholdengo|100/100
|move|p1a: Tentacruel|Flip Turn|p2a: Gholdengo
|-damage|p2a: Gholdengo|84/100
|
|t:|1758967675
|switch|p1a: Jolteon|Jolteon, M|100/100|[from] Flip Turn
|-damage|p1a: Jolteon|88/100|[from] Stealth Rock
|
|upkeep
|turn|11
|inactive|YuZu Aza has 120 seconds left.
|
|t:|1758967709
|-terastallize|p2a: Gholdengo|Steel
|move|p1a: Jolteon|Shadow Ball|p2a: Gholdengo
|-damage|p2a: Gholdengo|40/100
|move|p2a: Gholdengo|Make It Rain|p1a: Jolteon
|-resisted|p1a: Jolteon
|-damage|p1a: Jolteon|0 fnt
|-unboost|p2a: Gholdengo|spa|1
|faint|p1a: Jolteon
|
|upkeep
|-message|SmellyKebab12 forfeited.
|
|win|YuZu Aza
|raw|SmellyKebab12's rating: 1246 &rarr; <strong>1220</strong><br />(-26 for losing)
|raw|YuZu Aza's rating: 1228 &rarr; <strong>1254</strong><br />(+26 for winning)
|l|☆SmellyKebab12
|player|p1|
|l|☆YuZu Aza
|player|p2|
