|badge|p1|silver|gen9ou|30-6
|html|<div class="broadcast-red"><strong>This battle is required to be public due to one or more player having a season medal.</strong><br />During the public phase, you can discuss the state of the ladder <a href="/seasondiscussion">in a special chatroom.</a></div>
|uhtml|medal-msg|<div class="broadcast-blue">Curious what those medals under the avatar are? PS now has Ladder Seasons! For more information, check out the <a href="https://www.smogon.com/forums/threads/3740067/">thread on Smogon.</a></div>
|badge|p2|silver|gen9ou|30-6
|uhtml|medal-msg|<div class="broadcast-blue">Curious what those medals under the avatar are? PS now has Ladder Seasons! For more information, check out the <a href="https://www.smogon.com/forums/threads/3740067/">thread on Smogon.</a></div>
|raw|<div class="broadcast-blue"><strong>This battle is required to be public due to a player having a name starting with 'medal'.</div>
|j|‽ho3nconfirm3d
|j|☆Chaotic Crashout
|t:|1759003627
|gametype|singles
|player|p1|ho3nconfirm3d|#scl5shoguns|1988
|player|p2|Chaotic Crashout|lass-gen4dp|1971
|gen|9
|tier|[Gen 9] OU
|rated|
|rule|HP Percentage Mod: HP is shown in percentages
|rule|Endless Battle Clause: Forcing endless battles is banned
|rule|Species Clause: Limit one of each Pokémon
|rule|OHKO Clause: OHKO moves are banned
|rule|Evasion Items Clause: Evasion items are banned
|rule|Evasion Moves Clause: Evasion moves are banned
|rule|Evasion Abilities Clause: Evasion abilities are banned
|rule|Sleep Moves Clause: Sleep-inducing moves are banned
|clearpoke
|poke|p1|Garganacl, F|
|poke|p1|Gliscor, M|
|poke|p1|Heatran, F|
|poke|p1|Ogerpon-Wellspring, F|
|poke|p1|Weavile, M|
|poke|p1|Slither Wing|
|poke|p2|Ogerpon-Wellspring, F|
|poke|p2|Kingambit, F|
|poke|p2|Landorus-Therian, M|
|poke|p2|Glimmora, M|
|poke|p2|Dragapult, F|
|poke|p2|Iron Valiant|
|teampreview
|inactive|Battle timer is ON: inactive players will automatically lose when time's up. (requested by Chaotic Crashout)
|j| Light SV
|inactive|Chaotic Crashout has 120 seconds left.
|
|t:|1759003660
|teamsize|p1|6
|teamsize|p2|6
|start
|switch|p1a: Ogerpon|Ogerpon-Wellspring, F|100/100
|switch|p2a: Dragapult|Dragapult, F|100/100
|turn|1
|
|t:|1759003676
|move|p2a: Dragapult|Draco Meteor|p1a: Ogerpon
|-damage|p1a: Ogerpon|6/100
|-unboost|p2a: Dragapult|spa|2
|move|p1a: Ogerpon|Spikes|p2a: Dragapult
|-sidestart|p2: Chaotic Crashout|Spikes
|
|upkeep
|turn|2
|
|t:|1759003680
|switch|p2a: Landorus|Landorus-Therian, M|100/100
|-ability|p2a: Landorus|Intimidate|boost
|-unboost|p1a: Ogerpon|atk|1
|switch|p1a: Gliscor|Gliscor, M|100/100
|
|-status|p1a: Gliscor|tox|[from] item: Toxic Orb
|upkeep
|turn|3
|
|t:|1759003683
|switch|p1a: Ogerpon|Ogerpon-Wellspring, F|6/100
|move|p2a: Landorus|Stealth Rock|p1a: Ogerpon
|-sidestart|p1: ho3nconfirm3d|move: Stealth Rock
|
|upkeep
|turn|4
|
|t:|1759003691
|switch|p2a: Ogerpon|Ogerpon-Wellspring, F|100/100
|-damage|p2a: Ogerpon|88/100|[from] Spikes
|move|p1a: Ogerpon|U-turn|p2a: Ogerpon
|-supereffective|p2a: Ogerpon
|-damage|p2a: Ogerpon|11/100
|
|t:|1759003693
|switch|p1a: Weavile|Weavile, M|100/100|[from] U-turn
|-ability|p1a: Weavile|Pressure
|
|upkeep
|turn|5
|
|t:|1759003698
|move|p1a: Weavile|Knock Off|p2a: Ogerpon
|-damage|p2a: Ogerpon|0 fnt
|faint|p2a: Ogerpon
|
|upkeep
|
|t:|1759003701
|switch|p2a: Glimmora|Glimmora, M|100/100
|-damage|p2a: Glimmora|88/100|[from] Spikes
|turn|6
|
|t:|1759003709
|move|p1a: Weavile|Triple Axel|p2a: Glimmora
|-damage|p2a: Glimmora|76/100
|-activate|p2a: Glimmora|ability: Toxic Debris
|-sidestart|p1: ho3nconfirm3d|move: Toxic Spikes
|-crit|p2a: Glimmora
|-damage|p2a: Glimmora|41/100
|-activate|p2a: Glimmora|ability: Toxic Debris
|-sidestart|p1: ho3nconfirm3d|move: Toxic Spikes
|-hitcount|p2a: Glimmora|2
|move|p2a: Glimmora|Spikes|p1a: Weavile
|-sidestart|p1: ho3nconfirm3d|Spikes
|
|upkeep
|turn|7
|
|t:|1759003718
|switch|p2a: Kingambit|Kingambit, F|100/100
|-damage|p2a: Kingambit|88/100|[from] Spikes
|-activate|p2a: Kingambit|ability: Supreme Overlord
|-start|p2a: Kingambit|fallen1|[silent]
|move|p1a: Weavile|Triple Axel|p2a: Kingambit
|-resisted|p2a: Kingambit
|-damage|p2a: Kingambit|84/100
|-resisted|p2a: Kingambit
|-damage|p2a: Kingambit|78/100
|-resisted|p2a: Kingambit
|-damage|p2a: Kingambit|66/100
|-hitcount|p2a: Kingambit|3
|
|-heal|p2a: Kingambit|73/100|[from] item: Leftovers
|upkeep
|turn|8
|inactive|ho3nconfirm3d has 120 seconds left.
|l|‽ho3nconfirm3d
|inactive|ho3nconfirm3d disconnected and has a minute to reconnect!
|player|p1|
|inactive|ho3nconfirm3d has 30 seconds to reconnect!
|inactive|ho3nconfirm3d has 20 seconds to reconnect!
|inactive|ho3nconfirm3d has 15 seconds to reconnect!
|inactive|ho3nconfirm3d has 10 seconds to reconnect!
|inactive|ho3nconfirm3d has 5 seconds to reconnect!
|j|‽ho3nconfirm3d
|inactive|ho3nconfirm3d reconnected and has 65 seconds left.
|player|p1|ho3nconfirm3d|#scl5shoguns|
|n|‽ho3nconfirm3d|ho3nconfirm3d
|inactive|ho3nconfirm3d has 60 seconds left.
|
|t:|1759003810
|switch|p1a: Slither Wing|Slither Wing|100/100
|move|p2a: Kingambit|Swords Dance|p2a: Kingambit
|-boost|p2a: Kingambit|atk|2
|
|-heal|p2a: Kingambit|79/100|[from] item: Leftovers
|upkeep
|turn|9
|j| Sxvewxcgewx
|inactive|ho3nconfirm3d has 60 seconds left.
|
|t:|1759003826
|-end|p2a: Kingambit|fallen1|[silent]
|switch|p2a: Glimmora|Glimmora, M|41/100
|-damage|p2a: Glimmora|29/100|[from] Spikes
|move|p1a: Slither Wing|Will-O-Wisp|p2a: Glimmora
|-status|p2a: Glimmora|brn
|
|-damage|p2a: Glimmora|23/100 brn|[from] brn
|upkeep
|turn|10
|
|t:|1759003832
|-end|p1a: Slither Wing|Protosynthesis|[silent]
|switch|p1a: Heatran|Heatran, F|100/100
|-damage|p1a: Heatran|88/100|[from] Stealth Rock
|-damage|p1a: Heatran|76/100|[from] Spikes
|move|p2a: Glimmora|Meteor Beam||[still]
|-prepare|p2a: Glimmora|Meteor Beam
|-boost|p2a: Glimmora|spa|1
|-enditem|p2a: Glimmora|Power Herb
|-anim|p2a: Glimmora|Meteor Beam|p1a: Heatran
|-damage|p1a: Heatran|0 fnt
|faint|p1a: Heatran
|
|-damage|p2a: Glimmora|16/100 brn|[from] brn
|upkeep
|
|t:|1759003835
|switch|p1a: Weavile|Weavile, M|100/100
|-ability|p1a: Weavile|Pressure
|turn|11
|
|t:|1759003838
|move|p1a: Weavile|Knock Off|p2a: Glimmora
|-damage|p2a: Glimmora|0 fnt
|faint|p2a: Glimmora
|
|upkeep
|
|t:|1759003839
|switch|p2a: Kingambit|Kingambit, F|79/100
|-damage|p2a: Kingambit|66/100|[from] Spikes
|-activate|p2a: Kingambit|ability: Supreme Overlord
|-start|p2a: Kingambit|fallen2|[silent]
|turn|12
|inactive|ho3nconfirm3d has 90 seconds left.
|l| Sxvewxcgewx
|
|t:|1759003868
|switch|p1a: Slither Wing|Slither Wing|100/100
|move|p2a: Kingambit|Iron Head|p1a: Slither Wing
|-damage|p1a: Slither Wing|59/100
|
|-heal|p2a: Kingambit|73/100|[from] item: Leftovers
|upkeep
|turn|13
|
|t:|1759003871
|-end|p2a: Kingambit|fallen2|[silent]
|switch|p2a: Dragapult|Dragapult, F|100/100
|-damage|p2a: Dragapult|88/100|[from] Spikes
|move|p1a: Slither Wing|Morning Sun|p1a: Slither Wing
|-heal|p1a: Slither Wing|100/100
|
|upkeep
|turn|14
|j| Pa7riCK
|
|t:|1759003880
|-end|p1a: Slither Wing|Protosynthesis|[silent]
|switch|p1a: Ogerpon|Ogerpon-Wellspring, F|6/100
|-damage|p1a: Ogerpon|0 fnt|[from] Stealth Rock
|faint|p1a: Ogerpon
|move|p2a: Dragapult|Shadow Ball|p1: Ogerpon|[notarget]
|-fail|p2a: Dragapult
|
|upkeep
|
|t:|1759003883
|switch|p1a: Garganacl|Garganacl, F|100/100
|-damage|p1a: Garganacl|88/100|[from] Stealth Rock
|-damage|p1a: Garganacl|76/100|[from] Spikes
|turn|15
|
|t:|1759003885
|switch|p2a: Landorus|Landorus-Therian, M|100/100
|-ability|p2a: Landorus|Intimidate|boost
|-unboost|p1a: Garganacl|atk|1
|move|p1a: Garganacl|Stealth Rock|p2a: Landorus
|-sidestart|p2: Chaotic Crashout|move: Stealth Rock
|
|-heal|p1a: Garganacl|82/100|[from] item: Leftovers
|upkeep
|turn|16
|
|t:|1759003890
|move|p1a: Garganacl|Protect|p1a: Garganacl
|-singleturn|p1a: Garganacl|Protect
|move|p2a: Landorus|Earthquake|p1a: Garganacl
|-activate|p1a: Garganacl|move: Protect
|
|-heal|p1a: Garganacl|88/100|[from] item: Leftovers
|upkeep
|turn|17
|
|t:|1759003892
|switch|p1a: Gliscor|Gliscor, M|100/100 tox
|-damage|p1a: Gliscor|88/100 tox|[from] Stealth Rock
|move|p2a: Landorus|U-turn|p1a: Gliscor
|-resisted|p1a: Gliscor
|-damage|p1a: Gliscor|80/100 tox
|
|t:|1759003900
|switch|p2a: Dragapult|Dragapult, F|88/100|[from] U-turn
|-damage|p2a: Dragapult|76/100|[from] Spikes
|-damage|p2a: Dragapult|64/100|[from] Stealth Rock
|
|-heal|p1a: Gliscor|92/100 tox|[from] ability: Poison Heal
|upkeep
|turn|18
|j| Le Bouquetin
|inactive|ho3nconfirm3d has 120 seconds left.
|l|‽ho3nconfirm3d
|inactive|ho3nconfirm3d disconnected and has a minute to reconnect!
|player|p1|
|inactive|ho3nconfirm3d has 30 seconds to reconnect!
|j|‽ho3nconfirm3d
|inactive|ho3nconfirm3d reconnected and has 80 seconds left.
|player|p1|ho3nconfirm3d|#scl5shoguns|
|n|‽ho3nconfirm3d|ho3nconfirm3d
|
|t:|1759003962
|move|p1a: Gliscor|Protect|p1a: Gliscor
|-singleturn|p1a: Gliscor|Protect
|move|p2a: Dragapult|Draco Meteor|p1a: Gliscor
|-activate|p1a: Gliscor|move: Protect
|
|-heal|p1a: Gliscor|100/100 tox|[from] ability: Poison Heal
|upkeep
|turn|19
|
|t:|1759003969
|move|p2a: Dragapult|Draco Meteor|p1a: Gliscor
|-damage|p1a: Gliscor|25/100 tox
|-unboost|p2a: Dragapult|spa|2
|move|p1a: Gliscor|Earthquake|p2a: Dragapult
|-damage|p2a: Dragapult|18/100
|
|-heal|p1a: Gliscor|38/100 tox|[from] ability: Poison Heal
|upkeep
|turn|20
|
|t:|1759003974
|switch|p2a: Iron Valiant|Iron Valiant|100/100
|-damage|p2a: Iron Valiant|88/100|[from] Spikes
|-damage|p2a: Iron Valiant|82/100|[from] Stealth Rock
|-enditem|p2a: Iron Valiant|Booster Energy
|-activate|p2a: Iron Valiant|ability: Quark Drive|[fromitem]
|-start|p2a: Iron Valiant|quarkdrivespe
|move|p1a: Gliscor|Protect||[still]
|-fail|p1a: Gliscor
|
|-heal|p1a: Gliscor|50/100 tox|[from] ability: Poison Heal
|upkeep
|turn|21
|
|t:|1759003977
|move|p2a: Iron Valiant|Swords Dance|p2a: Iron Valiant
|-boost|p2a: Iron Valiant|atk|2
|move|p1a: Gliscor|Earthquake|p2a: Iron Valiant
|-damage|p2a: Iron Valiant|41/100
|
|-heal|p1a: Gliscor|63/100 tox|[from] ability: Poison Heal
|upkeep
|turn|22
|
|t:|1759003981
|move|p1a: Gliscor|Protect|p1a: Gliscor
|-singleturn|p1a: Gliscor|Protect
|move|p2a: Iron Valiant|Spirit Break|p1a: Gliscor
|-activate|p1a: Gliscor|move: Protect
|
|-heal|p1a: Gliscor|75/100 tox|[from] ability: Poison Heal
|upkeep
|turn|23
|
|t:|1759003984
|move|p2a: Iron Valiant|Encore|p1a: Gliscor
|-start|p1a: Gliscor|Encore
|move|p1a: Gliscor|Protect||[still]
|-fail|p1a: Gliscor
|
|-heal|p1a: Gliscor|88/100 tox|[from] ability: Poison Heal
|upkeep
|turn|24
|inactive|ho3nconfirm3d has 120 seconds left.
|j| Crobii
|inactive|ho3nconfirm3d has 90 seconds left.
|
|t:|1759004033
|switch|p1a: Garganacl|Garganacl, F|88/100
|-damage|p1a: Garganacl|76/100|[from] Stealth Rock
|-damage|p1a: Garganacl|63/100|[from] Spikes
|move|p2a: Iron Valiant|Swords Dance|p2a: Iron Valiant
|-boost|p2a: Iron Valiant|atk|2
|
|-heal|p1a: Garganacl|70/100|[from] item: Leftovers
|upkeep
|turn|25
|
|t:|1759004036
|move|p2a: Iron Valiant|Spirit Break|p1a: Garganacl
|-damage|p1a: Garganacl|0 fnt
|faint|p1a: Garganacl
|
|upkeep
|
|t:|1759004040
|switch|p1a: Weavile|Weavile, M|100/100
|-ability|p1a: Weavile|Pressure
|turn|26
|j| lvBreakfast
|
|t:|1759004043
|-terastallize|p1a: Weavile|Ice
|move|p1a: Weavile|Ice Shard|p2a: Iron Valiant
|-damage|p2a: Iron Valiant|5/100
|move|p2a: Iron Valiant|Spirit Break|p1a: Weavile
|-damage|p1a: Weavile|0 fnt
|faint|p1a: Weavile
|
|upkeep
|
|t:|1759004045
|switch|p1a: Slither Wing|Slither Wing|100/100
|turn|27
|
|t:|1759004050
|move|p1a: Slither Wing|First Impression|p2a: Iron Valiant
|-resisted|p2a: Iron Valiant
|-damage|p2a: Iron Valiant|0 fnt
|faint|p2a: Iron Valiant
|-end|p2a: Iron Valiant|Quark Drive|[silent]
|
|upkeep
|
|t:|1759004056
|switch|p2a: Landorus|Landorus-Therian, M|100/100
|-damage|p2a: Landorus|88/100|[from] Stealth Rock
|-ability|p2a: Landorus|Intimidate|boost
|-unboost|p1a: Slither Wing|atk|1
|turn|28
|inactive|ho3nconfirm3d has 120 seconds left.
|l|‽ho3nconfirm3d
|inactive|ho3nconfirm3d disconnected and has a minute to reconnect!
|player|p1|
|j| PalletTownNoob
|j|‽ho3nconfirm3d
|inactive|ho3nconfirm3d reconnected and has 100 seconds left.
|player|p1|ho3nconfirm3d|#scl5shoguns|
|n|‽ho3nconfirm3d|ho3nconfirm3d
|
|t:|1759004098
|-end|p1a: Slither Wing|Protosynthesis|[silent]
|switch|p1a: Gliscor|Gliscor, M|88/100 tox
|-damage|p1a: Gliscor|75/100 tox|[from] Stealth Rock
|move|p2a: Landorus|Taunt|p1a: Gliscor
|-start|p1a: Gliscor|move: Taunt
|
|-heal|p1a: Gliscor|88/100 tox|[from] ability: Poison Heal
|upkeep
|turn|29
|
|t:|1759004101
|move|p2a: Landorus|U-turn|p1a: Gliscor
|-resisted|p1a: Gliscor
|-crit|p1a: Gliscor
|-damage|p1a: Gliscor|76/100 tox
|
|t:|1759004103
|switch|p2a: Dragapult|Dragapult, F|18/100|[from] U-turn
|-damage|p2a: Dragapult|6/100|[from] Spikes
|-damage|p2a: Dragapult|0 fnt|[from] Stealth Rock
|faint|p2a: Dragapult
|move|p1a: Gliscor|Earthquake|p2: Dragapult|[notarget]
|-fail|p1a: Gliscor
|
|-heal|p1a: Gliscor|88/100 tox|[from] ability: Poison Heal
|upkeep
|
|t:|1759004104
|switch|p2a: Kingambit|Kingambit, F|73/100
|-damage|p2a: Kingambit|60/100|[from] Spikes
|-damage|p2a: Kingambit|54/100|[from] Stealth Rock
|-activate|p2a: Kingambit|ability: Supreme Overlord
|-start|p2a: Kingambit|fallen4|[silent]
|turn|30
|
|t:|1759004105
|-terastallize|p2a: Kingambit|Ghost
|move|p1a: Gliscor|Earthquake|p2a: Kingambit
|-damage|p2a: Kingambit|31/100
|move|p2a: Kingambit|Swords Dance|p2a: Kingambit
|-boost|p2a: Kingambit|atk|2
|
|-heal|p2a: Kingambit|37/100|[from] item: Leftovers
|-heal|p1a: Gliscor|100/100 tox|[from] ability: Poison Heal
|-end|p1a: Gliscor|move: Taunt
|upkeep
|turn|31
|
|t:|1759004114
|move|p1a: Gliscor|Earthquake|p2a: Kingambit
|-damage|p2a: Kingambit|15/100
|move|p2a: Kingambit|Iron Head|p1a: Gliscor
|-damage|p1a: Gliscor|2/100 tox
|
|-heal|p2a: Kingambit|21/100|[from] item: Leftovers
|-heal|p1a: Gliscor|15/100 tox|[from] ability: Poison Heal
|upkeep
|turn|32
|
|t:|1759004117
|switch|p1a: Slither Wing|Slither Wing|100/100
|move|p2a: Kingambit|Sucker Punch||[still]
|-fail|p2a: Kingambit
|
|-heal|p2a: Kingambit|27/100|[from] item: Leftovers
|upkeep
|turn|33
|
|t:|1759004119
|move|p1a: Slither Wing|Will-O-Wisp|p2a: Kingambit|[miss]
|-miss|p1a: Slither Wing|p2a: Kingambit
|move|p2a: Kingambit|Iron Head|p1a: Slither Wing
|-damage|p1a: Slither Wing|0 fnt
|faint|p1a: Slither Wing
|-end|p1a: Slither Wing|Protosynthesis|[silent]
|
|-heal|p2a: Kingambit|34/100|[from] item: Leftovers
|upkeep
|l|‽ho3nconfirm3d
|inactive|ho3nconfirm3d disconnected and has a minute to reconnect!
|player|p1|
|l| Light SV
|l| lvBreakfast
|inactive|ho3nconfirm3d has 30 seconds to reconnect!
|inactive|ho3nconfirm3d has 20 seconds to reconnect!
|l| Le Bouquetin
|inactive|ho3nconfirm3d has 15 seconds to reconnect!
|inactive|ho3nconfirm3d has 10 seconds to reconnect!
|inactive|ho3nconfirm3d has 5 seconds to reconnect!
|j| GilFaizon1000
|-message|ho3nconfirm3d lost due to inactivity.
|
|win|Chaotic Crashout
|raw|ho3nconfirm3d's rating: 1988 &rarr; <strong>1967</strong><br />(-21 for losing)
|raw|Chaotic Crashout's rating: 1971 &rarr; <strong>1992</strong><br />(+21 for winning)
|l| GilFaizon1000
|l|☆Chaotic Crashout
|player|p2|
|l| Crobii
|l| PalletTownNoob
