|j|☆Nikator98
|j|☆tokiwakano
|t:|1758924027
|gametype|singles
|player|p1|Nikator98|giovanni|1759
|player|p2|tokiwakano|acetrainerf|1762
|gen|9
|tier|[Gen 9] OU
|rated|
|rule|HP Percentage Mod: HP is shown in percentages
|rule|Endless Battle Clause: Forcing endless battles is banned
|rule|Species Clause: Limit one of each Pokémon
|rule|OHKO Clause: OHKO moves are banned
|rule|Evasion Items Clause: Evasion items are banned
|rule|Evasion Moves Clause: Evasion moves are banned
|rule|Evasion Abilities Clause: Evasion abilities are banned
|rule|Sleep Moves Clause: Sleep-inducing moves are banned
|clearpoke
|poke|p1|Metagross|
|poke|p1|Great Tusk|
|poke|p1|Haxorus, M|
|poke|p1|Iron Moth|
|poke|p1|Zoroark-Hisui, M|
|poke|p1|Ninetales-Alola, F|
|poke|p2|Primarina, F|
|poke|p2|Iron Crown|
|poke|p2|Glimmora, M|
|poke|p2|Gholdengo|
|poke|p2|Landorus-Therian, M|
|poke|p2|Kyurem|
|teampreview
|inactive|Battle timer is ON: inactive players will automatically lose when time's up. (requested by tokiwakano)
|
|t:|1758924041
|teamsize|p1|6
|teamsize|p2|6
|start
|switch|p1a: Arquillian Sentry|Metagross|100/100
|switch|p2a: Kyurem|Kyurem|100/100
|-ability|p2a: Kyurem|Pressure
|turn|1
|
|t:|1758924051
|move|p1a: Arquillian Sentry|Bitter Malice|p2a: Kyurem
|-damage|p2a: Kyurem|37/100
|-unboost|p2a: Kyurem|atk|1
|move|p2a: Kyurem|Icicle Spear|p1a: Arquillian Sentry
|-damage|p1a: Arquillian Sentry|84/100
|replace|p1a: Van Helsing|Zoroark-Hisui, M, shiny
|-end|p1a: Van Helsing|Illusion
|-damage|p1a: Van Helsing|66/100
|-damage|p1a: Van Helsing|50/100
|-damage|p1a: Van Helsing|32/100
|-hitcount|p1a: Van Helsing|4
|
|upkeep
|turn|2
|
|t:|1758924064
|switch|p2a: Primarina|Primarina, F|100/100
|move|p1a: Van Helsing|Bitter Malice|p2a: Primarina
|-damage|p2a: Primarina|67/100
|-unboost|p2a: Primarina|atk|1
|
|upkeep
|turn|3
|
|t:|1758924075
|switch|p1a: Arquillian Sentry|Metagross|100/100
|move|p2a: Primarina|Surf|p1a: Arquillian Sentry
|-damage|p1a: Arquillian Sentry|48/100
|
|upkeep
|turn|4
|
|t:|1758924089
|-terastallize|p1a: Arquillian Sentry|Water
|move|p2a: Primarina|Surf|p1a: Arquillian Sentry
|-resisted|p1a: Arquillian Sentry
|-damage|p1a: Arquillian Sentry|22/100
|move|p1a: Arquillian Sentry|Meteor Mash|p2a: Primarina
|-crit|p2a: Primarina
|-damage|p2a: Primarina|0 fnt
|faint|p2a: Primarina
|
|upkeep
|
|t:|1758924096
|switch|p2a: Landorus|Landorus-Therian, M|100/100
|-ability|p2a: Landorus|Intimidate|boost
|-fail|p1a: Arquillian Sentry|unboost|[from] ability: Clear Body|[of] p1a: Arquillian Sentry
|turn|5
|-enditem|p1a: Arquillian Sentry|Custap Berry|[eat]
|-activate|p1a: Arquillian Sentry|item: Custap Berry|[consumed]
|
|t:|1758924102
|move|p1a: Arquillian Sentry|Explosion|p2a: Landorus
|-damage|p2a: Landorus|9/100
|faint|p1a: Arquillian Sentry
|move|p2a: Landorus|Stealth Rock|p1: Arquillian Sentry
|-sidestart|p1: Nikator98|move: Stealth Rock
|
|upkeep
|
|t:|1758924110
|switch|p1a: Kumaryia|Great Tusk, shiny|100/100
|turn|6
|
|t:|1758924115
|move|p2a: Landorus|Taunt|p1a: Kumaryia
|-start|p1a: Kumaryia|move: Taunt
|move|p1a: Kumaryia|Knock Off|p2a: Landorus
|-damage|p2a: Landorus|0 fnt
|-damage|p1a: Kumaryia|84/100|[from] item: Rocky Helmet|[of] p2a: Landorus
|-enditem|p2a: Landorus|Rocky Helmet|[from] move: Knock Off|[of] p1a: Kumaryia
|faint|p2a: Landorus
|
|upkeep
|
|t:|1758924120
|switch|p2a: Kyurem|Kyurem|37/100
|-ability|p2a: Kyurem|Pressure
|turn|7
|
|t:|1758924127
|move|p2a: Kyurem|Icicle Spear|p1a: Kumaryia
|-supereffective|p1a: Kumaryia
|-damage|p1a: Kumaryia|65/100
|-supereffective|p1a: Kumaryia
|-damage|p1a: Kumaryia|45/100
|-supereffective|p1a: Kumaryia
|-damage|p1a: Kumaryia|25/100
|-supereffective|p1a: Kumaryia
|-damage|p1a: Kumaryia|6/100
|-supereffective|p1a: Kumaryia
|-damage|p1a: Kumaryia|0 fnt
|faint|p1a: Kumaryia
|-end|p1a: Kumaryia|Protosynthesis|[silent]
|-hitcount|p1: Kumaryia|5
|
|upkeep
|
|t:|1758924140
|switch|p1a: Asfaloth|Ninetales-Alola, F, shiny|100/100
|-damage|p1a: Asfaloth|76/100|[from] Stealth Rock
|-weather|Snowscape|[from] ability: Snow Warning|[of] p1a: Asfaloth
|turn|8
|
|t:|1758924147
|switch|p2a: Gholdengo|Gholdengo|100/100
|move|p1a: Asfaloth|Aurora Veil|p1a: Asfaloth
|-sidestart|p1: Nikator98|move: Aurora Veil
|
|-weather|Snowscape|[upkeep]
|upkeep
|turn|9
|
|t:|1758924154
|switch|p1a: Gothmog|Iron Moth|100/100
|-damage|p1a: Gothmog|76/100|[from] Stealth Rock
|-enditem|p1a: Gothmog|Booster Energy
|-activate|p1a: Gothmog|ability: Quark Drive|[fromitem]
|-start|p1a: Gothmog|quarkdrivespe
|move|p2a: Gholdengo|Trick|p1a: Gothmog
|-activate|p2a: Gholdengo|move: Trick|[of] p1a: Gothmog
|-item|p1a: Gothmog|Choice Scarf|[from] move: Trick
|-enditem|p2a: Gholdengo|Choice Scarf|[silent]|[from] move: Trick
|
|-weather|Snowscape|[upkeep]
|upkeep
|turn|10
|
|t:|1758924164
|switch|p2a: Glimmora|Glimmora, M|100/100
|move|p1a: Gothmog|Fiery Dance|p2a: Glimmora
|-resisted|p2a: Glimmora
|-damage|p2a: Glimmora|78/100
|-boost|p1a: Gothmog|spa|1
|-enditem|p2a: Glimmora|Red Card|[of] p1a: Gothmog
|-end|p1a: Gothmog|Quark Drive|[silent]
|drag|p1a: Lacelle|Haxorus, M|100/100
|-damage|p1a: Lacelle|88/100|[from] Stealth Rock
|-ability|p1a: Lacelle|Mold Breaker
|
|-weather|Snowscape|[upkeep]
|upkeep
|turn|11
|
|t:|1758924182
|move|p1a: Lacelle|Iron Head|p2a: Glimmora
|-supereffective|p2a: Glimmora
|-crit|p2a: Glimmora
|-damage|p2a: Glimmora|3/100
|-activate|p2a: Glimmora|ability: Toxic Debris
|-sidestart|p1: Nikator98|move: Toxic Spikes
|cant|p2a: Glimmora|flinch
|
|-weather|Snowscape|[upkeep]
|upkeep
|turn|12
|
|t:|1758924190
|move|p1a: Lacelle|Scale Shot|p2a: Glimmora
|-damage|p2a: Glimmora|0 fnt
|-activate|p2a: Glimmora|ability: Toxic Debris
|-sidestart|p1: Nikator98|move: Toxic Spikes
|faint|p2a: Glimmora
|-hitcount|p2: Glimmora|1
|-unboost|p1a: Lacelle|def|1
|-boost|p1a: Lacelle|spe|1
|
|-weather|none
|upkeep
|
|t:|1758924206
|switch|p2a: Gholdengo|Gholdengo|100/100
|turn|13
|
|t:|1758924215
|switch|p1a: Gothmog|Iron Moth|76/100
|-damage|p1a: Gothmog|51/100|[from] Stealth Rock
|-sideend|p1: Nikator98|move: Toxic Spikes|[of] p1a: Gothmog
|move|p2a: Gholdengo|Shadow Ball|p1a: Gothmog
|-damage|p1a: Gothmog|29/100
|-unboost|p1a: Gothmog|spd|1
|
|upkeep
|turn|14
|j| bhulsk
|
|t:|1758924226
|switch|p2a: Kyurem|Kyurem|37/100
|-ability|p2a: Kyurem|Pressure
|move|p1a: Gothmog|Fiery Dance|p2a: Kyurem
|-damage|p2a: Kyurem|0 fnt
|-boost|p1a: Gothmog|spa|1
|faint|p2a: Kyurem
|
|upkeep
|
|t:|1758924231
|switch|p2a: Iron Crown|Iron Crown|100/100
|-enditem|p2a: Iron Crown|Booster Energy
|-activate|p2a: Iron Crown|ability: Quark Drive|[fromitem]
|-start|p2a: Iron Crown|quarkdrivespe
|turn|15
|
|t:|1758924246
|-terastallize|p2a: Iron Crown|Fighting
|move|p1a: Gothmog|Fiery Dance|p2a: Iron Crown
|-damage|p2a: Iron Crown|44/100
|move|p2a: Iron Crown|Psyshock|p1a: Gothmog
|-supereffective|p1a: Gothmog
|-damage|p1a: Gothmog|0 fnt
|faint|p1a: Gothmog
|-end|p1a: Gothmog|Quark Drive|[silent]
|
|-sideend|p1: Nikator98|move: Aurora Veil
|upkeep
|j| Beto1769
|
|t:|1758924267
|switch|p1a: Lacelle|Haxorus, M|88/100
|-damage|p1a: Lacelle|76/100|[from] Stealth Rock
|-ability|p1a: Lacelle|Mold Breaker
|turn|16
|
|t:|1758924275
|move|p2a: Iron Crown|Focus Blast|p1a: Lacelle|[miss]
|-miss|p2a: Iron Crown|p1a: Lacelle
|move|p1a: Lacelle|Scale Shot|p2a: Iron Crown
|-damage|p2a: Iron Crown|30/100
|-damage|p2a: Iron Crown|16/100
|-damage|p2a: Iron Crown|2/100
|-damage|p2a: Iron Crown|0 fnt
|faint|p2a: Iron Crown
|-end|p2a: Iron Crown|Quark Drive|[silent]
|-hitcount|p2: Iron Crown|4
|-unboost|p1a: Lacelle|def|1
|-boost|p1a: Lacelle|spe|1
|
|upkeep
|-message|tokiwakano forfeited.
|
|win|Nikator98
|raw|Nikator98's rating: 1759 &rarr; <strong>1779</strong><br />(+20 for winning)
|raw|tokiwakano's rating: 1762 &rarr; <strong>1742</strong><br />(-20 for losing)
|l|☆tokiwakano
|player|p2|
|l|☆Nikator98
|player|p1|
|l| Beto1769
|l| bhulsk
