|badge|p1|bronze|gen9ou|100-6
|html|<div class="broadcast-red"><strong>This battle is required to be public due to one or more player having a season medal.</strong><br />During the public phase, you can discuss the state of the ladder <a href="/seasondiscussion">in a special chatroom.</a></div>
|uhtml|medal-msg|<div class="broadcast-blue">Curious what those medals under the avatar are? PS now has Ladder Seasons! For more information, check out the <a href="https://www.smogon.com/forums/threads/3740067/">thread on Smogon.</a></div>
|badge|p2|silver|gen9ou|30-6
|uhtml|medal-msg|<div class="broadcast-blue">Curious what those medals under the avatar are? PS now has Ladder Seasons! For more information, check out the <a href="https://www.smogon.com/forums/threads/3740067/">thread on Smogon.</a></div>
|raw|<div class="broadcast-blue"><strong>This battle is required to be public due to a player having a name starting with 'medal'.</div>
|j|☆Bopopolis
|j|☆send it to me
|t:|1758997786
|gametype|singles
|player|p1|Bopopolis|skyla|1836
|player|p2|send it to me|musician|2009
|gen|9
|tier|[Gen 9] OU
|rated|
|rule|HP Percentage Mod: HP is shown in percentages
|rule|Endless Battle Clause: Forcing endless battles is banned
|rule|Species Clause: Limit one of each Pokémon
|rule|OHKO Clause: OHKO moves are banned
|rule|Evasion Items Clause: Evasion items are banned
|rule|Evasion Moves Clause: Evasion moves are banned
|rule|Evasion Abilities Clause: Evasion abilities are banned
|rule|Sleep Moves Clause: Sleep-inducing moves are banned
|clearpoke
|poke|p1|Great Tusk|
|poke|p1|Volcanion|
|poke|p1|Corviknight, F|
|poke|p1|Iron Valiant|
|poke|p1|Dragapult, F|
|poke|p1|Hoopa-Unbound|
|poke|p2|Great Tusk|
|poke|p2|Kingambit, F|
|poke|p2|Slither Wing|
|poke|p2|Tornadus-Therian, M|
|poke|p2|Torkoal, F|
|poke|p2|Walking Wake|
|teampreview
|j| tiochicodobos
|j| cryyysneasel
|c|☆send it to me|cool team
|c|☆send it to me|hf
|j| Youressi
|c|☆Bopopolis|Likewise
|c|☆Bopopolis|Torn on sun is new lol
|c|☆send it to me|its quite good
|
|t:|1758997846
|teamsize|p1|6
|teamsize|p2|6
|start
|switch|p1a: Iron Valiant|Iron Valiant, shiny|100/100
|switch|p2a: Tornadus|Tornadus-Therian, M|100/100
|turn|1
|
|t:|1758997851
|-end|p1a: Iron Valiant|Quark Drive|[silent]
|switch|p1a: Corviknight|Corviknight, F, shiny|100/100
|-ability|p1a: Corviknight|Pressure
|move|p2a: Tornadus|Bleakwind Storm|p1a: Corviknight
|-resisted|p1a: Corviknight
|-damage|p1a: Corviknight|82/100
|
|upkeep
|turn|2
|
|t:|1758997866
|move|p2a: Tornadus|Heat Wave|p1a: Corviknight
|-supereffective|p1a: Corviknight
|-damage|p1a: Corviknight|38/100
|move|p1a: Corviknight|U-turn|p2a: Tornadus
|-resisted|p2a: Tornadus
|-damage|p2a: Tornadus|93/100
|j| larp legion
|l| Youressi
|
|t:|1758997873
|switch|p1a: Volcanion|Volcanion|100/100|[from] U-turn
|
|upkeep
|turn|3
|
|t:|1758997877
|move|p2a: Tornadus|Knock Off|p1a: Volcanion
|-damage|p1a: Volcanion|82/100
|-enditem|p1a: Volcanion|Assault Vest|[from] move: Knock Off|[of] p2a: Tornadus
|move|p1a: Volcanion|Steam Eruption|p2a: Tornadus
|-damage|p2a: Tornadus|64/100
|-status|p2a: Tornadus|brn
|
|-damage|p2a: Tornadus|58/100 brn|[from] brn
|upkeep
|turn|4
|
|t:|1758997883
|move|p2a: Tornadus|Bleakwind Storm|p1a: Volcanion
|-damage|p1a: Volcanion|38/100
|move|p1a: Volcanion|Steam Eruption|p2a: Tornadus
|-damage|p2a: Tornadus|31/100 brn
|
|-damage|p2a: Tornadus|25/100 brn|[from] brn
|upkeep
|turn|5
|
|t:|1758997890
|switch|p1a: Dragapult|Dragapult, F, shiny|100/100
|move|p2a: Tornadus|Bleakwind Storm|p1a: Dragapult
|-damage|p1a: Dragapult|47/100
|-unboost|p1a: Dragapult|spe|1
|
|-damage|p2a: Tornadus|19/100 brn|[from] brn
|upkeep
|turn|6
|
|t:|1758997895
|switch|p2a: Torkoal|Torkoal, F, shiny|100/100
|-weather|SunnyDay|[from] ability: Drought|[of] p2a: Torkoal
|move|p1a: Dragapult|Quick Attack|p2a: Torkoal
|-damage|p2a: Torkoal|89/100
|
|-weather|SunnyDay|[upkeep]
|upkeep
|turn|7
|
|t:|1758997917
|switch|p1a: Great Tusk|Great Tusk, shiny|100/100
|-activate|p1a: Great Tusk|ability: Protosynthesis
|-start|p1a: Great Tusk|protosynthesisatk
|move|p2a: Torkoal|Stealth Rock|p1a: Great Tusk
|-sidestart|p1: Bopopolis|move: Stealth Rock
|
|-weather|SunnyDay|[upkeep]
|upkeep
|turn|8
|
|t:|1758997930
|move|p1a: Great Tusk|Rapid Spin|p2a: Torkoal
|-damage|p2a: Torkoal|75/100
|-boost|p1a: Great Tusk|spe|1
|-sideend|p1: Bopopolis|Stealth Rock|[from] move: Rapid Spin|[of] p1a: Great Tusk
|move|p2a: Torkoal|Will-O-Wisp|p1a: Great Tusk
|-status|p1a: Great Tusk|brn
|
|-weather|SunnyDay|[upkeep]
|-damage|p1a: Great Tusk|94/100 brn|[from] brn
|upkeep
|turn|9
|
|t:|1758997939
|switch|p2a: Great Tusk|Great Tusk, shiny|100/100
|-activate|p2a: Great Tusk|ability: Protosynthesis
|-start|p2a: Great Tusk|protosynthesisatk
|move|p1a: Great Tusk|Headlong Rush|p2a: Great Tusk
|-damage|p2a: Great Tusk|70/100
|-unboost|p1a: Great Tusk|def|1
|-unboost|p1a: Great Tusk|spd|1
|
|-weather|SunnyDay|[upkeep]
|-damage|p1a: Great Tusk|88/100 brn|[from] brn
|upkeep
|turn|10
|
|t:|1758997950
|-end|p1a: Great Tusk|Protosynthesis|[silent]
|switch|p1a: Corviknight|Corviknight, F, shiny|38/100
|-ability|p1a: Corviknight|Pressure
|move|p2a: Great Tusk|Headlong Rush|p1a: Corviknight
|-immune|p1a: Corviknight
|
|-weather|SunnyDay|[upkeep]
|upkeep
|turn|11
|
|t:|1758997952
|switch|p1a: Volcanion|Volcanion|38/100
|move|p2a: Great Tusk|Temper Flare|p1a: Volcanion
|-resisted|p1a: Volcanion
|-damage|p1a: Volcanion|15/100
|
|-weather|SunnyDay|[upkeep]
|upkeep
|turn|12
|
|t:|1758997964
|switch|p1a: Corviknight|Corviknight, F, shiny|38/100
|-ability|p1a: Corviknight|Pressure
|move|p2a: Great Tusk|Rapid Spin|p1a: Corviknight
|-resisted|p1a: Corviknight
|-damage|p1a: Corviknight|31/100
|-boost|p2a: Great Tusk|spe|1
|-damage|p2a: Great Tusk|53/100|[from] item: Rocky Helmet|[of] p1a: Corviknight
|
|-weather|SunnyDay|[upkeep]
|upkeep
|turn|13
|
|t:|1758997969
|move|p2a: Great Tusk|Temper Flare|p1a: Corviknight
|-supereffective|p1a: Corviknight
|-damage|p1a: Corviknight|0 fnt
|-damage|p2a: Great Tusk|37/100|[from] item: Rocky Helmet|[of] p1a: Corviknight
|faint|p1a: Corviknight
|
|-weather|none
|-end|p2a: Great Tusk|Protosynthesis
|upkeep
|
|t:|1758997974
|switch|p1a: Hoopa|Hoopa-Unbound|100/100
|turn|14
|
|t:|1758997982
|move|p2a: Great Tusk|Headlong Rush|p1a: Hoopa
|-damage|p1a: Hoopa|35/100
|-unboost|p2a: Great Tusk|def|1
|-unboost|p2a: Great Tusk|spd|1
|move|p1a: Hoopa|Knock Off|p2a: Great Tusk
|-resisted|p2a: Great Tusk
|-damage|p2a: Great Tusk|9/100
|-enditem|p2a: Great Tusk|Assault Vest|[from] move: Knock Off|[of] p1a: Hoopa
|
|upkeep
|turn|15
|
|t:|1758997989
|switch|p1a: Iron Valiant|Iron Valiant, shiny|100/100
|move|p2a: Great Tusk|Headlong Rush|p1a: Iron Valiant
|-damage|p1a: Iron Valiant|17/100
|-unboost|p2a: Great Tusk|def|1
|-unboost|p2a: Great Tusk|spd|1
|
|upkeep
|turn|16
|
|t:|1758997993
|move|p1a: Iron Valiant|Vacuum Wave|p2a: Great Tusk
|-damage|p2a: Great Tusk|0 fnt
|faint|p2a: Great Tusk
|-end|p2a: Great Tusk|Protosynthesis|[silent]
|
|upkeep
|
|t:|1758997995
|switch|p2a: Tornadus|Tornadus-Therian, M|52/100 brn
|turn|17
|
|t:|1758998020
|-end|p1a: Iron Valiant|Quark Drive|[silent]
|switch|p1a: Great Tusk|Great Tusk, shiny|88/100 brn
|move|p2a: Tornadus|U-turn|p1a: Great Tusk
|-resisted|p1a: Great Tusk
|-damage|p1a: Great Tusk|85/100 brn
|
|t:|1758998025
|switch|p2a: Walking Wake|Walking Wake|100/100|[from] U-turn
|
|-damage|p1a: Great Tusk|79/100 brn|[from] brn
|upkeep
|turn|18
|
|t:|1758998033
|move|p2a: Walking Wake|Draco Meteor|p1a: Great Tusk|[miss]
|-miss|p2a: Walking Wake|p1a: Great Tusk
|move|p1a: Great Tusk|Stealth Rock|p2a: Walking Wake
|-sidestart|p2: send it to me|move: Stealth Rock
|
|-damage|p1a: Great Tusk|73/100 brn|[from] brn
|upkeep
|turn|19
|
|t:|1758998042
|move|p2a: Walking Wake|Draco Meteor|p1a: Great Tusk
|-damage|p1a: Great Tusk|0 fnt
|-unboost|p2a: Walking Wake|spa|2
|faint|p1a: Great Tusk
|-end|p1a: Great Tusk|Protosynthesis|[silent]
|
|upkeep
|
|t:|1758998049
|switch|p1a: Iron Valiant|Iron Valiant, shiny|17/100
|turn|20
|
|t:|1758998072
|-end|p2a: Walking Wake|Protosynthesis|[silent]
|switch|p2a: Torkoal|Torkoal, F, shiny|75/100
|-damage|p2a: Torkoal|50/100|[from] Stealth Rock
|-weather|SunnyDay|[from] ability: Drought|[of] p2a: Torkoal
|move|p1a: Iron Valiant|Thunderbolt|p2a: Torkoal
|-damage|p2a: Torkoal|9/100
|
|-weather|SunnyDay|[upkeep]
|upkeep
|turn|21
|
|t:|1758998089
|move|p1a: Iron Valiant|Thunderbolt|p2a: Torkoal
|-damage|p2a: Torkoal|0 fnt
|faint|p2a: Torkoal
|
|-weather|SunnyDay|[upkeep]
|upkeep
|
|t:|1758998104
|switch|p2a: Walking Wake|Walking Wake|100/100
|-damage|p2a: Walking Wake|88/100|[from] Stealth Rock
|-activate|p2a: Walking Wake|ability: Protosynthesis
|-start|p2a: Walking Wake|protosynthesisspa
|turn|22
|
|t:|1758998111
|-end|p1a: Iron Valiant|Quark Drive|[silent]
|switch|p1a: Volcanion|Volcanion|15/100
|move|p2a: Walking Wake|Weather Ball|p1a: Volcanion
|-resisted|p1a: Volcanion
|-damage|p1a: Volcanion|0 fnt
|faint|p1a: Volcanion
|
|-weather|SunnyDay|[upkeep]
|upkeep
|
|t:|1758998116
|switch|p1a: Dragapult|Dragapult, F, shiny|47/100
|turn|23
|
|t:|1758998122
|-terastallize|p2a: Walking Wake|Fire
|move|p2a: Walking Wake|Weather Ball|p1a: Dragapult
|-resisted|p1a: Dragapult
|-damage|p1a: Dragapult|0 fnt
|faint|p1a: Dragapult
|
|-weather|SunnyDay|[upkeep]
|upkeep
|c|☆Bopopolis|gg
|c|☆send it to me|gg
|-message|Bopopolis forfeited.
|
|win|send it to me
|raw|Bopopolis's rating: 1836 &rarr; <strong>1825</strong><br />(-11 for losing)
|raw|send it to me's rating: 2009 &rarr; <strong>2020</strong><br />(+11 for winning)
|l|☆send it to me
|player|p2|
|l| tiochicodobos
|l|☆Bopopolis
|player|p1|
|l| larp legion
