|j|☆dwaugh2
|j|☆Saito_21
|t:|1758933038
|gametype|singles
|player|p1|dwaugh2|266|1159
|player|p2|Saito_21|cheren-gen5bw2|1147
|gen|9
|tier|[Gen 9] OU
|rated|
|rule|HP Percentage Mod: HP is shown in percentages
|rule|Endless Battle Clause: Forcing endless battles is banned
|rule|Species Clause: Limit one of each Pokémon
|rule|OHKO Clause: OHKO moves are banned
|rule|Evasion Items Clause: Evasion items are banned
|rule|Evasion Moves Clause: Evasion moves are banned
|rule|Evasion Abilities Clause: Evasion abilities are banned
|rule|Sleep Moves Clause: Sleep-inducing moves are banned
|clearpoke
|poke|p1|Metagross|
|poke|p1|Cobalion|
|poke|p1|Mamoswine, F|
|poke|p1|Banette, M|
|poke|p1|Keldeo-Resolute|
|poke|p1|Porygon2|
|poke|p2|Blaziken, M|
|poke|p2|Hatterene, F|
|poke|p2|Great Tusk|
|poke|p2|Skarmory, F|
|poke|p2|Toxapex, F|
|poke|p2|Raging Bolt|
|teampreview
|inactive|Battle timer is ON: inactive players will automatically lose when time's up. (requested by dwaugh2)
|
|t:|1758933054
|teamsize|p1|6
|teamsize|p2|6
|start
|switch|p1a: Mamoswine|Mamoswine, F|100/100
|switch|p2a: Skarmory|Skarmory, F|100/100
|turn|1
|
|t:|1758933061
|switch|p2a: Hatterene|Hatterene, F|100/100
|move|p1a: Mamoswine|Icicle Spear|p2a: Hatterene
|-damage|p2a: Hatterene|85/100
|-damage|p2a: Hatterene|69/100
|-damage|p2a: Hatterene|53/100
|-damage|p2a: Hatterene|39/100
|-hitcount|p2a: Hatterene|4
|
|-heal|p2a: Hatterene|45/100|[from] item: Leftovers
|upkeep
|turn|2
|
|t:|1758933077
|move|p1a: Mamoswine|Icicle Spear|p2a: Hatterene
|-damage|p2a: Hatterene|29/100
|-damage|p2a: Hatterene|12/100
|-crit|p2a: Hatterene
|-damage|p2a: Hatterene|0 fnt
|faint|p2a: Hatterene
|-hitcount|p2: Hatterene|3
|
|upkeep
|
|t:|1758933085
|switch|p2a: Blaziken|Blaziken, M|100/100
|-item|p2a: Blaziken|Air Balloon
|turn|3
|
|t:|1758933103
|move|p2a: Blaziken|Swords Dance|p2a: Blaziken
|-boost|p2a: Blaziken|atk|2
|move|p1a: Mamoswine|Icicle Spear|p2a: Blaziken
|-resisted|p2a: Blaziken
|-damage|p2a: Blaziken|89/100
|-enditem|p2a: Blaziken|Air Balloon
|-resisted|p2a: Blaziken
|-damage|p2a: Blaziken|78/100
|-resisted|p2a: Blaziken
|-damage|p2a: Blaziken|66/100
|-resisted|p2a: Blaziken
|-damage|p2a: Blaziken|55/100
|-resisted|p2a: Blaziken
|-damage|p2a: Blaziken|44/100
|-hitcount|p2a: Blaziken|5
|
|-ability|p2a: Blaziken|Speed Boost|boost
|-boost|p2a: Blaziken|spe|1
|upkeep
|turn|4
|
|t:|1758933118
|move|p2a: Blaziken|Fire Punch|p1a: Mamoswine
|-supereffective|p1a: Mamoswine
|-damage|p1a: Mamoswine|18/100
|move|p1a: Mamoswine|Icicle Spear|p2a: Blaziken
|-resisted|p2a: Blaziken
|-damage|p2a: Blaziken|32/100
|-resisted|p2a: Blaziken
|-damage|p2a: Blaziken|21/100
|-resisted|p2a: Blaziken
|-damage|p2a: Blaziken|9/100
|-resisted|p2a: Blaziken
|-damage|p2a: Blaziken|0 fnt
|faint|p2a: Blaziken
|-hitcount|p2: Blaziken|4
|
|upkeep
|
|t:|1758933125
|switch|p2a: Great Tusk|Great Tusk|100/100
|-enditem|p2a: Great Tusk|Booster Energy
|-activate|p2a: Great Tusk|ability: Protosynthesis|[fromitem]
|-start|p2a: Great Tusk|protosynthesisspe
|turn|5
|
|t:|1758933128
|move|p1a: Mamoswine|Ice Shard|p2a: Great Tusk
|-supereffective|p2a: Great Tusk
|-damage|p2a: Great Tusk|73/100
|move|p2a: Great Tusk|Earthquake|p1a: Mamoswine
|-damage|p1a: Mamoswine|0 fnt
|faint|p1a: Mamoswine
|
|upkeep
|
|t:|1758933144
|switch|p1a: Keldeo|Keldeo-Resolute|100/100
|turn|6
|
|t:|1758933154
|-end|p2a: Great Tusk|Protosynthesis|[silent]
|switch|p2a: Raging Bolt|Raging Bolt|100/100
|-enditem|p2a: Raging Bolt|Booster Energy
|-activate|p2a: Raging Bolt|ability: Protosynthesis|[fromitem]
|-start|p2a: Raging Bolt|protosynthesisspa
|move|p1a: Keldeo|Hydro Pump|p2a: Raging Bolt
|-resisted|p2a: Raging Bolt
|-damage|p2a: Raging Bolt|67/100
|-damage|p1a: Keldeo|91/100|[from] item: Life Orb
|
|upkeep
|turn|7
|
|t:|1758933161
|switch|p1a: Metagross|Metagross|100/100
|move|p2a: Raging Bolt|Thunderbolt|p1a: Metagross
|-damage|p1a: Metagross|54/100
|-status|p1a: Metagross|par
|
|upkeep
|turn|8
|
|t:|1758933169
|move|p2a: Raging Bolt|Thunderbolt|p1a: Metagross
|-damage|p1a: Metagross|6/100 par
|move|p1a: Metagross|Ice Punch|p2a: Raging Bolt
|-supereffective|p2a: Raging Bolt
|-damage|p2a: Raging Bolt|16/100
|
|upkeep
|turn|9
|
|t:|1758933174
|cant|p1a: Metagross|par
|move|p2a: Raging Bolt|Thunderbolt|p1a: Metagross
|-damage|p1a: Metagross|0 fnt
|faint|p1a: Metagross
|
|upkeep
|
|t:|1758933181
|switch|p1a: Banette|Banette, M|100/100
|turn|10
|
|t:|1758933184
|move|p2a: Raging Bolt|Thunderclap|p1a: Banette
|-damage|p1a: Banette|0 fnt
|faint|p1a: Banette
|
|upkeep
|
|t:|1758933189
|switch|p1a: Porygon2|Porygon2|100/100
|turn|11
|
|t:|1758933193
|move|p2a: Raging Bolt|Dragon Pulse|p1a: Porygon2
|-damage|p1a: Porygon2|56/100
|move|p1a: Porygon2|Ice Beam|p2a: Raging Bolt
|-supereffective|p2a: Raging Bolt
|-damage|p2a: Raging Bolt|0 fnt
|faint|p2a: Raging Bolt
|-end|p2a: Raging Bolt|Protosynthesis|[silent]
|
|upkeep
|
|t:|1758933199
|switch|p2a: Great Tusk|Great Tusk|73/100
|turn|12
|
|t:|1758933209
|switch|p1a: Keldeo|Keldeo-Resolute|91/100
|move|p2a: Great Tusk|Earthquake|p1a: Keldeo
|-crit|p1a: Keldeo
|-damage|p1a: Keldeo|11/100
|
|upkeep
|turn|13
|
|t:|1758933236
|move|p1a: Keldeo|Hydro Pump|p2a: Great Tusk|[miss]
|-miss|p1a: Keldeo|p2a: Great Tusk
|move|p2a: Great Tusk|Earthquake|p1a: Keldeo
|-damage|p1a: Keldeo|0 fnt
|faint|p1a: Keldeo
|
|upkeep
|
|t:|1758933246
|switch|p1a: Porygon2|Porygon2|56/100
|turn|14
|
|t:|1758933259
|move|p2a: Great Tusk|Earthquake|p1a: Porygon2
|-damage|p1a: Porygon2|27/100
|move|p1a: Porygon2|Ice Beam|p2a: Great Tusk
|-supereffective|p2a: Great Tusk
|-crit|p2a: Great Tusk
|-damage|p2a: Great Tusk|0 fnt
|faint|p2a: Great Tusk
|-end|p2a: Great Tusk|Protosynthesis|[silent]
|
|upkeep
|
|t:|1758933265
|switch|p2a: Skarmory|Skarmory, F|100/100
|turn|15
|
|t:|1758933268
|move|p2a: Skarmory|Body Press|p1a: Porygon2
|-supereffective|p1a: Porygon2
|-damage|p1a: Porygon2|0 fnt
|faint|p1a: Porygon2
|
|upkeep
|
|t:|1758933270
|switch|p1a: Cobalion|Cobalion|100/100
|turn|16
|
|t:|1758933280
|move|p1a: Cobalion|Iron Defense|p1a: Cobalion
|-boost|p1a: Cobalion|def|2
|move|p2a: Skarmory|Body Press|p1a: Cobalion
|-supereffective|p1a: Cobalion
|-damage|p1a: Cobalion|79/100
|-damage|p2a: Skarmory|84/100|[from] item: Rocky Helmet|[of] p1a: Cobalion
|
|-heal|p2a: Skarmory|90/100|[from] item: Leftovers
|upkeep
|turn|17
|
|t:|1758933285
|move|p1a: Cobalion|Iron Defense|p1a: Cobalion
|-boost|p1a: Cobalion|def|2
|move|p2a: Skarmory|Iron Defense|p2a: Skarmory
|-boost|p2a: Skarmory|def|2
|
|-heal|p2a: Skarmory|96/100|[from] item: Leftovers
|upkeep
|turn|18
|
|t:|1758933291
|move|p1a: Cobalion|Iron Defense|p1a: Cobalion
|-boost|p1a: Cobalion|def|2
|move|p2a: Skarmory|Body Press|p1a: Cobalion
|-supereffective|p1a: Cobalion
|-damage|p1a: Cobalion|59/100
|-damage|p2a: Skarmory|80/100|[from] item: Rocky Helmet|[of] p1a: Cobalion
|
|-heal|p2a: Skarmory|86/100|[from] item: Leftovers
|upkeep
|turn|19
|
|t:|1758933294
|move|p1a: Cobalion|Taunt|p2a: Skarmory
|-start|p2a: Skarmory|move: Taunt
|move|p2a: Skarmory|Body Press|p1a: Cobalion
|-supereffective|p1a: Cobalion
|-damage|p1a: Cobalion|37/100
|-damage|p2a: Skarmory|69/100|[from] item: Rocky Helmet|[of] p1a: Cobalion
|
|-heal|p2a: Skarmory|75/100|[from] item: Leftovers
|upkeep
|turn|20
|
|t:|1758933299
|move|p1a: Cobalion|Body Press|p2a: Skarmory
|-damage|p2a: Skarmory|20/100
|move|p2a: Skarmory|Body Press|p1a: Cobalion
|-supereffective|p1a: Cobalion
|-damage|p1a: Cobalion|15/100
|-damage|p2a: Skarmory|4/100|[from] item: Rocky Helmet|[of] p1a: Cobalion
|
|-heal|p2a: Skarmory|10/100|[from] item: Leftovers
|upkeep
|turn|21
|
|t:|1758933304
|move|p1a: Cobalion|Body Press|p2a: Skarmory
|-damage|p2a: Skarmory|0 fnt
|faint|p2a: Skarmory
|
|upkeep
|
|t:|1758933307
|switch|p2a: Toxapex|Toxapex, F|100/100
|turn|22
|
|t:|1758933312
|-terastallize|p2a: Toxapex|Ghost
|move|p1a: Cobalion|Rest|p1a: Cobalion
|-status|p1a: Cobalion|slp|[from] move: Rest
|-heal|p1a: Cobalion|100/100 slp|[silent]
|move|p2a: Toxapex|Toxic||[still]
|-fail|p2a: Toxapex
|
|-damage|p2a: Toxapex|88/100|[from] item: Black Sludge
|upkeep
|turn|23
|
|t:|1758933321
|cant|p1a: Cobalion|slp
|move|p2a: Toxapex|Hex|p1a: Cobalion
|-damage|p1a: Cobalion|63/100 slp
|
|-damage|p2a: Toxapex|75/100|[from] item: Black Sludge
|upkeep
|turn|24
|
|t:|1758933325
|cant|p1a: Cobalion|slp
|move|p2a: Toxapex|Toxic||[still]
|-fail|p2a: Toxapex
|
|-damage|p2a: Toxapex|63/100|[from] item: Black Sludge
|upkeep
|turn|25
|
|t:|1758933329
|-curestatus|p1a: Cobalion|slp|[msg]
|move|p1a: Cobalion|Taunt|p2a: Toxapex
|-start|p2a: Toxapex|move: Taunt
|move|p2a: Toxapex|Hex|p1a: Cobalion
|-damage|p1a: Cobalion|44/100
|
|-damage|p2a: Toxapex|50/100|[from] item: Black Sludge
|upkeep
|turn|26
|
|t:|1758933340
|move|p1a: Cobalion|Taunt||[still]
|-fail|p1a: Cobalion
|move|p2a: Toxapex|Hex|p1a: Cobalion
|-damage|p1a: Cobalion|26/100
|
|-damage|p2a: Toxapex|38/100|[from] item: Black Sludge
|upkeep
|turn|27
|
|t:|1758933347
|move|p1a: Cobalion|Taunt||[still]
|-fail|p1a: Cobalion
|move|p2a: Toxapex|Hex|p1a: Cobalion
|-damage|p1a: Cobalion|8/100
|
|-damage|p2a: Toxapex|25/100|[from] item: Black Sludge
|-end|p2a: Toxapex|move: Taunt
|upkeep
|turn|28
|
|t:|1758933354
|move|p1a: Cobalion|Taunt|p2a: Toxapex
|-start|p2a: Toxapex|move: Taunt
|move|p2a: Toxapex|Hex|p1a: Cobalion
|-damage|p1a: Cobalion|0 fnt
|faint|p1a: Cobalion
|
|win|Saito_21
|raw|dwaugh2's rating: 1159 &rarr; <strong>1133</strong><br />(-26 for losing)
|raw|Saito_21's rating: 1147 &rarr; <strong>1173</strong><br />(+26 for winning)
