|j|☆witdflow
|j|☆compton crackhouse
|t:|1758948253
|gametype|singles
|player|p1|witdflow|norman|1231
|player|p2|compton crackhouse|cynthia-masters3|1247
|gen|9
|tier|[Gen 9] OU
|rated|
|rule|HP Percentage Mod: HP is shown in percentages
|rule|Endless Battle Clause: Forcing endless battles is banned
|rule|Species Clause: Limit one of each Pokémon
|rule|OHKO Clause: OHKO moves are banned
|rule|Evasion Items Clause: Evasion items are banned
|rule|Evasion Moves Clause: Evasion moves are banned
|rule|Evasion Abilities Clause: Evasion abilities are banned
|rule|Sleep Moves Clause: Sleep-inducing moves are banned
|clearpoke
|poke|p1|Clefable, F|
|poke|p1|Weezing-Galar, M|
|poke|p1|Alomomola, F|
|poke|p1|Ting-Lu|
|poke|p1|Ditto|
|poke|p1|Delphox, F|
|poke|p2|Lycanroc-Dusk, M|
|poke|p2|Zapdos|
|poke|p2|Latias, F|
|poke|p2|Primarina, M|
|poke|p2|Iron Treads|
|poke|p2|Pecharunt|
|teampreview
|
|t:|1758948262
|teamsize|p1|6
|teamsize|p2|6
|start
|switch|p1a: Ditto|Ditto, shiny|100/100
|switch|p2a: Pecharunt|Pecharunt|100/100
|-transform|p1a: Ditto|p2a: Pecharunt|[from] ability: Imposter
|turn|1
|
|t:|1758948279
|move|p1a: Ditto|Hex|p2a: Pecharunt
|-supereffective|p2a: Pecharunt
|-damage|p2a: Pecharunt|64/100
|move|p2a: Pecharunt|Parting Shot|p1a: Ditto
|-unboost|p1a: Ditto|atk|1
|-unboost|p1a: Ditto|spa|1
|
|t:|1758948288
|switch|p2a: Latias|Latias, F, shiny|100/100|[from] Parting Shot
|
|upkeep
|turn|2
|
|t:|1758948297
|switch|p1a: Ting-Lu|Ting-Lu, shiny|100/100
|-ability|p1a: Ting-Lu|Vessel of Ruin
|move|p2a: Latias|Agility|p2a: Latias
|-boost|p2a: Latias|spe|2
|
|upkeep
|turn|3
|
|t:|1758948300
|move|p2a: Latias|Calm Mind|p2a: Latias
|-boost|p2a: Latias|spa|1
|-boost|p2a: Latias|spd|1
|move|p1a: Ting-Lu|Ruination|p2a: Latias
|-damage|p2a: Latias|50/100
|
|upkeep
|turn|4
|
|t:|1758948309
|move|p2a: Latias|Calm Mind|p2a: Latias
|-boost|p2a: Latias|spa|1
|-boost|p2a: Latias|spd|1
|move|p1a: Ting-Lu|Ruination|p2a: Latias|[miss]
|-miss|p1a: Ting-Lu|p2a: Latias
|
|upkeep
|turn|5
|
|t:|1758948313
|move|p2a: Latias|Calm Mind|p2a: Latias
|-boost|p2a: Latias|spa|1
|-boost|p2a: Latias|spd|1
|move|p1a: Ting-Lu|Ruination|p2a: Latias
|-damage|p2a: Latias|25/100
|
|upkeep
|turn|6
|
|t:|1758948319
|move|p2a: Latias|Agility|p2a: Latias
|-boost|p2a: Latias|spe|2
|move|p1a: Ting-Lu|Sand Tomb|p2a: Latias
|-immune|p2a: Latias|[from] ability: Levitate
|
|upkeep
|turn|7
|
|t:|1758948326
|switch|p1a: Clefable|Clefable, F, shiny|100/100
|move|p2a: Latias|Draining Kiss|p1a: Clefable
|-damage|p1a: Clefable|92/100
|-heal|p2a: Latias|32/100|[from] drain|[of] p1a: Clefable
|
|-heal|p1a: Clefable|98/100|[from] item: Leftovers
|upkeep
|turn|8
|
|t:|1758948331
|move|p2a: Latias|Stored Power|p1a: Clefable
|-damage|p1a: Clefable|42/100
|move|p1a: Clefable|Wish|p1a: Clefable
|
|-heal|p1a: Clefable|48/100|[from] item: Leftovers
|upkeep
|turn|9
|
|t:|1758948346
|switch|p1a: Weezing|Weezing-Galar, M, shiny|100/100
|-ability|p1a: Weezing|Neutralizing Gas
|move|p2a: Latias|Stored Power|p1a: Weezing
|-supereffective|p1a: Weezing
|-damage|p1a: Weezing|0 fnt
|faint|p1a: Weezing
|-end|p1a: Weezing|ability: Neutralizing Gas
|
|upkeep
|
|t:|1758948348
|switch|p1a: Ditto|Ditto, shiny|100/100
|-transform|p1a: Ditto|p2a: Latias|[from] ability: Imposter
|turn|10
|
|t:|1758948355
|move|p1a: Ditto|Stored Power|p2a: Latias
|-resisted|p2a: Latias
|-damage|p2a: Latias|3/100
|move|p2a: Latias|Agility|p2a: Latias
|-boost|p2a: Latias|spe|2
|
|upkeep
|turn|11
|
|t:|1758948359
|move|p1a: Ditto|Stored Power|p2a: Latias
|-resisted|p2a: Latias
|-damage|p2a: Latias|0 fnt
|faint|p2a: Latias
|
|upkeep
|
|t:|1758948363
|switch|p2a: Lycanroc|Lycanroc-Dusk, M, shiny|100/100
|turn|12
|
|t:|1758948367
|move|p1a: Ditto|Stored Power|p2a: Lycanroc
|-enditem|p2a: Lycanroc|Focus Sash
|-damage|p2a: Lycanroc|1/100
|move|p2a: Lycanroc|Crunch|p1a: Ditto
|-supereffective|p1a: Ditto
|-damage|p1a: Ditto|35/100
|
|upkeep
|turn|13
|
|t:|1758948372
|-terastallize|p2a: Lycanroc|Rock
|move|p2a: Lycanroc|Accelerock|p1a: Ditto
|-damage|p1a: Ditto|0 fnt
|faint|p1a: Ditto
|
|upkeep
|
|t:|1758948387
|switch|p1a: Delphox|Delphox, F|100/100
|turn|14
|
|t:|1758948390
|switch|p1a: Alomomola|Alomomola, F, shiny|100/100
|move|p2a: Lycanroc|Accelerock|p1a: Alomomola
|-damage|p1a: Alomomola|83/100
|-damage|p2a: Lycanroc|0 fnt|[from] item: Rocky Helmet|[of] p1a: Alomomola
|faint|p2a: Lycanroc
|
|upkeep
|
|t:|1758948393
|switch|p2a: Zapdos|Zapdos, shiny|100/100
|turn|15
|
|t:|1758948399
|switch|p1a: Ting-Lu|Ting-Lu, shiny|100/100
|-ability|p1a: Ting-Lu|Vessel of Ruin
|move|p2a: Zapdos|U-turn|p1a: Ting-Lu
|-supereffective|p1a: Ting-Lu
|-damage|p1a: Ting-Lu|86/100
|
|t:|1758948402
|switch|p2a: Iron Treads|Iron Treads, shiny|100/100|[from] U-turn
|
|-heal|p1a: Ting-Lu|92/100|[from] item: Leftovers
|upkeep
|turn|16
|
|t:|1758948408
|switch|p1a: Alomomola|Alomomola, F, shiny|100/100
|move|p2a: Iron Treads|Knock Off|p1a: Alomomola
|-damage|p1a: Alomomola|87/100
|-damage|p2a: Iron Treads|84/100|[from] item: Rocky Helmet|[of] p1a: Alomomola
|-enditem|p1a: Alomomola|Rocky Helmet|[from] move: Knock Off|[of] p2a: Iron Treads
|
|upkeep
|turn|17
|
|t:|1758948421
|-end|p2a: Iron Treads|Quark Drive|[silent]
|switch|p2a: Pecharunt|Pecharunt|64/100
|move|p1a: Alomomola|Light Screen|p1a: Alomomola
|-sidestart|p1: witdflow|move: Light Screen
|
|-heal|p2a: Pecharunt|70/100|[from] item: Leftovers
|upkeep
|turn|18
|
|t:|1758948427
|switch|p1a: Ting-Lu|Ting-Lu, shiny|92/100
|-ability|p1a: Ting-Lu|Vessel of Ruin
|move|p2a: Pecharunt|Recover|p2a: Pecharunt
|-heal|p2a: Pecharunt|100/100
|
|-heal|p1a: Ting-Lu|99/100|[from] item: Leftovers
|upkeep
|turn|19
|
|t:|1758948432
|switch|p2a: Zapdos|Zapdos, shiny|100/100
|move|p1a: Ting-Lu|Ruination|p2a: Zapdos
|-damage|p2a: Zapdos|51/100
|
|-heal|p1a: Ting-Lu|100/100|[from] item: Leftovers
|upkeep
|turn|20
|
|t:|1758948438
|move|p2a: Zapdos|U-turn|p1a: Ting-Lu
|-supereffective|p1a: Ting-Lu
|-damage|p1a: Ting-Lu|86/100
|
|t:|1758948448
|switch|p2a: Pecharunt|Pecharunt|100/100|[from] U-turn
|move|p1a: Ting-Lu|Ruination|p2a: Pecharunt
|-damage|p2a: Pecharunt|50/100
|
|-heal|p2a: Pecharunt|57/100|[from] item: Leftovers
|-heal|p1a: Ting-Lu|93/100|[from] item: Leftovers
|upkeep
|turn|21
|
|t:|1758948469
|move|p2a: Pecharunt|Parting Shot|p1a: Ting-Lu
|-unboost|p1a: Ting-Lu|atk|1
|-unboost|p1a: Ting-Lu|spa|1
|
|t:|1758948471
|switch|p2a: Primarina|Primarina, M, shiny|100/100|[from] Parting Shot
|move|p1a: Ting-Lu|Sand Tomb|p2a: Primarina
|-damage|p2a: Primarina|89/100
|-activate|p2a: Primarina|move: Sand Tomb|[of] p1a: Ting-Lu
|
|-heal|p1a: Ting-Lu|99/100|[from] item: Leftovers
|-damage|p2a: Primarina|76/100|[from] move: Sand Tomb|[partiallytrapped]
|-sideend|p1: witdflow|move: Light Screen
|upkeep
|turn|22
|
|t:|1758948478
|move|p2a: Primarina|Moonblast|p1a: Ting-Lu
|-supereffective|p1a: Ting-Lu
|-damage|p1a: Ting-Lu|56/100
|move|p1a: Ting-Lu|Ruination|p2a: Primarina
|-damage|p2a: Primarina|38/100
|
|-heal|p1a: Ting-Lu|62/100|[from] item: Leftovers
|-damage|p2a: Primarina|26/100|[from] move: Sand Tomb|[partiallytrapped]
|upkeep
|turn|23
|
|t:|1758948488
|switch|p1a: Delphox|Delphox, F|100/100
|move|p2a: Primarina|Surf|p1a: Delphox
|-supereffective|p1a: Delphox
|-damage|p1a: Delphox|4/100
|
|-heal|p1a: Delphox|10/100|[from] item: Leftovers
|-end|p2a: Primarina|Sand Tomb|[partiallytrapped]|[silent]
|upkeep
|turn|24
|c|☆witdflow|ow
|
|t:|1758948494
|switch|p1a: Alomomola|Alomomola, F, shiny|100/100
|move|p2a: Primarina|Flip Turn|p1a: Alomomola
|-resisted|p1a: Alomomola
|-damage|p1a: Alomomola|95/100
|
|t:|1758948497
|switch|p2a: Zapdos|Zapdos, shiny|51/100|[from] Flip Turn
|
|upkeep
|turn|25
|
|t:|1758948500
|switch|p1a: Ting-Lu|Ting-Lu, shiny|62/100
|-ability|p1a: Ting-Lu|Vessel of Ruin
|move|p2a: Zapdos|Roost|p2a: Zapdos
|-heal|p2a: Zapdos|100/100
|-singleturn|p2a: Zapdos|move: Roost
|
|-heal|p1a: Ting-Lu|68/100|[from] item: Leftovers
|upkeep
|turn|26
|
|t:|1758948505
|move|p2a: Zapdos|U-turn|p1a: Ting-Lu
|-supereffective|p1a: Ting-Lu
|-damage|p1a: Ting-Lu|54/100
|c|☆compton crackhouse|i dont think i win this  lwk
|c|☆witdflow|no shame in that
|
|t:|1758948521
|switch|p2a: Primarina|Primarina, M, shiny|26/100|[from] U-turn
|move|p1a: Ting-Lu|Ruination|p2a: Primarina|[miss]
|-miss|p1a: Ting-Lu|p2a: Primarina
|
|-heal|p1a: Ting-Lu|60/100|[from] item: Leftovers
|upkeep
|turn|27
|c|☆witdflow|i made a tough team
|
|t:|1758948531
|switch|p1a: Alomomola|Alomomola, F, shiny|100/100
|move|p2a: Primarina|Moonblast|p1a: Alomomola
|-damage|p1a: Alomomola|40/100
|
|upkeep
|turn|28
|c|☆compton crackhouse|if u dont mind me asking what does delfox do in this team
|
|t:|1758948553
|switch|p1a: Delphox|Delphox, F|10/100
|move|p2a: Primarina|Moonblast|p1a: Delphox
|-resisted|p1a: Delphox
|-damage|p1a: Delphox|0 fnt
|faint|p1a: Delphox
|
|upkeep
|c|☆witdflow|not sure haha
|c|☆witdflow|it's the most recent addition
|c|☆compton crackhouse|damn lol\
|c|☆witdflow|i was tired of moonblast iroon valiant
|c|☆witdflow|it's max hp max spdef
|c|☆witdflow|lefties
|c|☆witdflow|calm mind, fire spin, rest, sleep talk
|c|☆compton crackhouse|damn
|c|☆witdflow|calm nature
|c|☆compton crackhouse|thats what my prim is for av tanks thunderbolts if the have coverasge
|c|☆compton crackhouse|+ max hp
|c|☆witdflow|i actually wanted primarina. it's so good with whirlpool and psy noise
|c|☆compton crackhouse|yeah
|c|☆witdflow|but i am afraid to have two waters
|c|☆witdflow|i might try it still though
|c|☆compton crackhouse|dw
|
|t:|1758948690
|switch|p1a: Ting-Lu|Ting-Lu, shiny|60/100
|-ability|p1a: Ting-Lu|Vessel of Ruin
|turn|29
|c|☆compton crackhouse|one time i didnt realize until the end but every member was dark
|
|t:|1758948710
|-terastallize|p1a: Ting-Lu|Steel
|move|p2a: Primarina|Moonblast|p1a: Ting-Lu
|-resisted|p1a: Ting-Lu
|-damage|p1a: Ting-Lu|50/100
|-unboost|p1a: Ting-Lu|spa|1
|move|p1a: Ting-Lu|Rest|p1a: Ting-Lu
|-status|p1a: Ting-Lu|slp|[from] move: Rest
|-heal|p1a: Ting-Lu|100/100 slp|[silent]
|
|upkeep
|turn|30
|
|t:|1758948721
|switch|p2a: Zapdos|Zapdos, shiny|100/100
|cant|p1a: Ting-Lu|slp
|move|p1a: Ting-Lu|Sleep Talk|p1a: Ting-Lu
|move|p1a: Ting-Lu|Rest||[from] move: Sleep Talk|[still]
|-fail|p1a: Ting-Lu
|
|upkeep
|turn|31
|
|t:|1758948728
|move|p2a: Zapdos|Thunderbolt|p1a: Ting-Lu
|-damage|p1a: Ting-Lu|78/100 slp
|cant|p1a: Ting-Lu|slp
|move|p1a: Ting-Lu|Sleep Talk|p1a: Ting-Lu
|move|p1a: Ting-Lu|Ruination|p2a: Zapdos|[from] move: Sleep Talk
|-damage|p2a: Zapdos|51/100
|
|-heal|p1a: Ting-Lu|84/100 slp|[from] item: Leftovers
|upkeep
|turn|32
|
|t:|1758948739
|move|p2a: Zapdos|Thunderbolt|p1a: Ting-Lu
|-damage|p1a: Ting-Lu|63/100 slp
|-curestatus|p1a: Ting-Lu|slp|[msg]
|move|p1a: Ting-Lu|Sand Tomb|p2a: Zapdos
|-immune|p2a: Zapdos
|
|-heal|p1a: Ting-Lu|69/100|[from] item: Leftovers
|upkeep
|turn|33
|
|t:|1758948742
|move|p2a: Zapdos|Thunderbolt|p1a: Ting-Lu
|-crit|p1a: Ting-Lu
|-damage|p1a: Ting-Lu|39/100
|move|p1a: Ting-Lu|Ruination|p2a: Zapdos|[miss]
|-miss|p1a: Ting-Lu|p2a: Zapdos
|
|-heal|p1a: Ting-Lu|45/100|[from] item: Leftovers
|upkeep
|turn|34
|
|t:|1758948744
|move|p2a: Zapdos|Thunderbolt|p1a: Ting-Lu
|-damage|p1a: Ting-Lu|25/100
|move|p1a: Ting-Lu|Rest|p1a: Ting-Lu
|-status|p1a: Ting-Lu|slp|[from] move: Rest
|-heal|p1a: Ting-Lu|100/100 slp|[silent]
|
|upkeep
|turn|35
|
|t:|1758948747
|move|p2a: Zapdos|Roost|p2a: Zapdos
|-heal|p2a: Zapdos|100/100
|-singleturn|p2a: Zapdos|move: Roost
|cant|p1a: Ting-Lu|slp
|move|p1a: Ting-Lu|Sleep Talk|p1a: Ting-Lu
|move|p1a: Ting-Lu|Ruination|p2a: Zapdos|[from] move: Sleep Talk
|-damage|p2a: Zapdos|51/100
|
|upkeep
|turn|36
|
|t:|1758948753
|move|p2a: Zapdos|Thunderbolt|p1a: Ting-Lu
|-damage|p1a: Ting-Lu|81/100 slp
|cant|p1a: Ting-Lu|slp
|move|p1a: Ting-Lu|Sleep Talk|p1a: Ting-Lu
|move|p1a: Ting-Lu|Ruination|p2a: Zapdos|[from] move: Sleep Talk
|-damage|p2a: Zapdos|26/100
|
|-heal|p1a: Ting-Lu|87/100 slp|[from] item: Leftovers
|upkeep
|turn|37
|
|t:|1758948760
|move|p2a: Zapdos|Thunderbolt|p1a: Ting-Lu
|-damage|p1a: Ting-Lu|66/100 slp
|-curestatus|p1a: Ting-Lu|slp|[msg]
|move|p1a: Ting-Lu|Sand Tomb|p2a: Zapdos
|-immune|p2a: Zapdos
|
|-heal|p1a: Ting-Lu|72/100|[from] item: Leftovers
|upkeep
|turn|38
|
|t:|1758948764
|move|p2a: Zapdos|Roost|p2a: Zapdos
|-heal|p2a: Zapdos|76/100
|-singleturn|p2a: Zapdos|move: Roost
|move|p1a: Ting-Lu|Sand Tomb|p2a: Zapdos|[miss]
|-miss|p1a: Ting-Lu|p2a: Zapdos
|
|-heal|p1a: Ting-Lu|79/100|[from] item: Leftovers
|upkeep
|turn|39
|c|☆witdflow|aw
|
|t:|1758948770
|move|p2a: Zapdos|Thunderbolt|p1a: Ting-Lu
|-damage|p1a: Ting-Lu|57/100
|move|p1a: Ting-Lu|Ruination|p2a: Zapdos
|-damage|p2a: Zapdos|38/100
|
|-heal|p1a: Ting-Lu|63/100|[from] item: Leftovers
|upkeep
|turn|40
|
|t:|1758948774
|move|p2a: Zapdos|Hurricane|p1a: Ting-Lu|[miss]
|-miss|p2a: Zapdos|p1a: Ting-Lu
|move|p1a: Ting-Lu|Ruination|p2a: Zapdos
|-damage|p2a: Zapdos|19/100
|
|-heal|p1a: Ting-Lu|69/100|[from] item: Leftovers
|upkeep
|turn|41
|
|t:|1758948776
|move|p2a: Zapdos|Hurricane|p1a: Ting-Lu
|-resisted|p1a: Ting-Lu
|-damage|p1a: Ting-Lu|58/100
|-start|p1a: Ting-Lu|confusion
|-activate|p1a: Ting-Lu|confusion
|-damage|p1a: Ting-Lu|52/100|[from] confusion
|
|-heal|p1a: Ting-Lu|58/100|[from] item: Leftovers
|upkeep
|turn|42
|
|t:|1758948781
|move|p2a: Zapdos|Roost|p2a: Zapdos
|-heal|p2a: Zapdos|69/100
|-singleturn|p2a: Zapdos|move: Roost
|-end|p1a: Ting-Lu|confusion
|move|p1a: Ting-Lu|Rest|p1a: Ting-Lu
|-status|p1a: Ting-Lu|slp|[from] move: Rest
|-heal|p1a: Ting-Lu|100/100 slp|[silent]
|
|upkeep
|turn|43
|
|t:|1758948784
|move|p2a: Zapdos|Thunderbolt|p1a: Ting-Lu
|-damage|p1a: Ting-Lu|79/100 slp
|cant|p1a: Ting-Lu|slp
|move|p1a: Ting-Lu|Sleep Talk|p1a: Ting-Lu
|move|p1a: Ting-Lu|Ruination|p2a: Zapdos|[from] move: Sleep Talk
|-damage|p2a: Zapdos|35/100
|
|-heal|p1a: Ting-Lu|85/100 slp|[from] item: Leftovers
|upkeep
|turn|44
|
|t:|1758948788
|move|p2a: Zapdos|Thunderbolt|p1a: Ting-Lu
|-crit|p1a: Ting-Lu
|-damage|p1a: Ting-Lu|56/100 slp
|cant|p1a: Ting-Lu|slp
|move|p1a: Ting-Lu|Sleep Talk|p1a: Ting-Lu
|move|p1a: Ting-Lu|Rest||[from] move: Sleep Talk|[still]
|-fail|p1a: Ting-Lu
|
|-heal|p1a: Ting-Lu|62/100 slp|[from] item: Leftovers
|upkeep
|turn|45
|
|t:|1758948794
|move|p2a: Zapdos|Thunderbolt|p1a: Ting-Lu
|-damage|p1a: Ting-Lu|43/100 slp
|-curestatus|p1a: Ting-Lu|slp|[msg]
|move|p1a: Ting-Lu|Ruination|p2a: Zapdos
|-damage|p2a: Zapdos|18/100
|
|-heal|p1a: Ting-Lu|49/100|[from] item: Leftovers
|upkeep
|turn|46
|
|t:|1758948799
|move|p2a: Zapdos|Thunderbolt|p1a: Ting-Lu
|-damage|p1a: Ting-Lu|27/100
|move|p1a: Ting-Lu|Sand Tomb|p2a: Zapdos
|-immune|p2a: Zapdos
|
|-heal|p1a: Ting-Lu|34/100|[from] item: Leftovers
|upkeep
|turn|47
|
|t:|1758948803
|move|p2a: Zapdos|Roost|p2a: Zapdos
|-heal|p2a: Zapdos|68/100
|-singleturn|p2a: Zapdos|move: Roost
|move|p1a: Ting-Lu|Rest|p1a: Ting-Lu
|-status|p1a: Ting-Lu|slp|[from] move: Rest
|-heal|p1a: Ting-Lu|100/100 slp|[silent]
|
|upkeep
|turn|48
|
|t:|1758948806
|move|p2a: Zapdos|Thunderbolt|p1a: Ting-Lu
|-damage|p1a: Ting-Lu|80/100 slp
|cant|p1a: Ting-Lu|slp
|move|p1a: Ting-Lu|Sleep Talk|p1a: Ting-Lu
|move|p1a: Ting-Lu|Rest||[from] move: Sleep Talk|[still]
|-fail|p1a: Ting-Lu
|
|-heal|p1a: Ting-Lu|87/100 slp|[from] item: Leftovers
|upkeep
|turn|49
|
|t:|1758948808
|move|p2a: Zapdos|Thunderbolt|p1a: Ting-Lu
|-damage|p1a: Ting-Lu|65/100 slp
|cant|p1a: Ting-Lu|slp
|move|p1a: Ting-Lu|Sleep Talk|p1a: Ting-Lu
|move|p1a: Ting-Lu|Ruination|p2a: Zapdos|[from] move: Sleep Talk
|-damage|p2a: Zapdos|34/100
|
|-heal|p1a: Ting-Lu|71/100 slp|[from] item: Leftovers
|upkeep
|turn|50
|
|t:|1758948814
|move|p2a: Zapdos|Thunderbolt|p1a: Ting-Lu
|-damage|p1a: Ting-Lu|51/100 slp
|-curestatus|p1a: Ting-Lu|slp|[msg]
|move|p1a: Ting-Lu|Sleep Talk||[still]
|-fail|p1a: Ting-Lu
|
|-heal|p1a: Ting-Lu|58/100|[from] item: Leftovers
|upkeep
|turn|51
|c|☆witdflow|lool
|
|t:|1758948823
|move|p2a: Zapdos|Thunderbolt|p1a: Ting-Lu
|-damage|p1a: Ting-Lu|38/100
|move|p1a: Ting-Lu|Sand Tomb|p2a: Zapdos
|-immune|p2a: Zapdos
|
|-heal|p1a: Ting-Lu|44/100|[from] item: Leftovers
|upkeep
|turn|52
|
|t:|1758948827
|move|p2a: Zapdos|Thunderbolt|p1a: Ting-Lu
|-damage|p1a: Ting-Lu|22/100
|move|p1a: Ting-Lu|Sand Tomb|p2a: Zapdos
|-immune|p2a: Zapdos
|
|-heal|p1a: Ting-Lu|28/100|[from] item: Leftovers
|upkeep
|turn|53
|
|t:|1758948830
|move|p2a: Zapdos|Hurricane|p1a: Ting-Lu|[miss]
|-miss|p2a: Zapdos|p1a: Ting-Lu
|move|p1a: Ting-Lu|Rest|p1a: Ting-Lu
|-status|p1a: Ting-Lu|slp|[from] move: Rest
|-heal|p1a: Ting-Lu|100/100 slp|[silent]
|
|upkeep
|turn|54
|
|t:|1758948832
|move|p2a: Zapdos|Hurricane|p1a: Ting-Lu
|-resisted|p1a: Ting-Lu
|-damage|p1a: Ting-Lu|87/100 slp
|-start|p1a: Ting-Lu|confusion
|cant|p1a: Ting-Lu|slp
|-activate|p1a: Ting-Lu|confusion
|move|p1a: Ting-Lu|Sleep Talk|p1a: Ting-Lu
|move|p1a: Ting-Lu|Sand Tomb|p2a: Zapdos|[from] move: Sleep Talk
|-immune|p2a: Zapdos
|
|-heal|p1a: Ting-Lu|93/100 slp|[from] item: Leftovers
|upkeep
|turn|55
|
|t:|1758948839
|move|p2a: Zapdos|Roost|p2a: Zapdos
|-heal|p2a: Zapdos|84/100
|-singleturn|p2a: Zapdos|move: Roost
|cant|p1a: Ting-Lu|slp
|-activate|p1a: Ting-Lu|confusion
|-damage|p1a: Ting-Lu|88/100 slp|[from] confusion
|
|-heal|p1a: Ting-Lu|94/100 slp|[from] item: Leftovers
|upkeep
|turn|56
|
|t:|1758948847
|move|p2a: Zapdos|U-turn|p1a: Ting-Lu
|-resisted|p1a: Ting-Lu
|-crit|p1a: Ting-Lu
|-damage|p1a: Ting-Lu|88/100 slp
|
|t:|1758948850
|switch|p2a: Iron Treads|Iron Treads, shiny|84/100|[from] U-turn
|-curestatus|p1a: Ting-Lu|slp|[msg]
|-activate|p1a: Ting-Lu|confusion
|move|p1a: Ting-Lu|Ruination|p2a: Iron Treads
|-damage|p2a: Iron Treads|42/100
|
|-heal|p1a: Ting-Lu|94/100|[from] item: Leftovers
|upkeep
|turn|57
|
|t:|1758948856
|switch|p1a: Alomomola|Alomomola, F, shiny|73/100
|move|p2a: Iron Treads|Earthquake|p1a: Alomomola
|-damage|p1a: Alomomola|52/100
|
|upkeep
|turn|58
|
|t:|1758948861
|-end|p2a: Iron Treads|Quark Drive|[silent]
|switch|p2a: Pecharunt|Pecharunt|57/100
|move|p1a: Alomomola|Wish|p1a: Alomomola
|
|-heal|p2a: Pecharunt|63/100|[from] item: Leftovers
|upkeep
|turn|59
|
|t:|1758948878
|move|p1a: Alomomola|Protect|p1a: Alomomola
|-singleturn|p1a: Alomomola|Protect
|move|p2a: Pecharunt|Recover|p2a: Pecharunt
|-heal|p2a: Pecharunt|100/100
|
|-heal|p1a: Alomomola|100/100|[from] move: Wish|[wisher] Alomomola
|upkeep
|turn|60
|
|t:|1758948883
|switch|p1a: Ting-Lu|Ting-Lu, shiny, tera:Steel|94/100
|-ability|p1a: Ting-Lu|Vessel of Ruin
|move|p2a: Pecharunt|Parting Shot|p1a: Ting-Lu
|-unboost|p1a: Ting-Lu|atk|1
|-unboost|p1a: Ting-Lu|spa|1
|
|t:|1758948891
|switch|p2a: Primarina|Primarina, M, shiny|26/100|[from] Parting Shot
|
|-heal|p1a: Ting-Lu|100/100|[from] item: Leftovers
|upkeep
|turn|61
|
|t:|1758948897
|move|p2a: Primarina|Surf|p1a: Ting-Lu
|-damage|p1a: Ting-Lu|71/100
|move|p1a: Ting-Lu|Sand Tomb|p2a: Primarina|[miss]
|-miss|p1a: Ting-Lu|p2a: Primarina
|
|-heal|p1a: Ting-Lu|78/100|[from] item: Leftovers
|upkeep
|turn|62
|c|☆witdflow|aw
|
|t:|1758948904
|move|p2a: Primarina|Psychic Noise|p1a: Ting-Lu
|-resisted|p1a: Ting-Lu
|-damage|p1a: Ting-Lu|72/100
|-start|p1a: Ting-Lu|move: Heal Block
|move|p1a: Ting-Lu|Sand Tomb|p2a: Primarina|[miss]
|-miss|p1a: Ting-Lu|p2a: Primarina
|
|upkeep
|turn|63
|c|☆compton crackhouse|damn
|c|☆witdflow|omg
|c|☆compton crackhouse|iis the acc 85?
|
|t:|1758948921
|move|p2a: Primarina|Flip Turn|p1a: Ting-Lu
|-crit|p1a: Ting-Lu
|-damage|p1a: Ting-Lu|53/100
|c|☆witdflow|yeah it's really bad
|
|t:|1758948923
|switch|p2a: Zapdos|Zapdos, shiny|84/100|[from] Flip Turn
|move|p1a: Ting-Lu|Sand Tomb|p2a: Zapdos
|-immune|p2a: Zapdos
|
|-end|p1a: Ting-Lu|move: Heal Block
|upkeep
|turn|64
|c|☆witdflow|if lefties weren't so good i would put wide lens
|c|☆witdflow|this thing misses more than it lands
|c|☆compton crackhouse|yeah
|c|☆witdflow|it only makes up for it with insane bulk
|
|t:|1758948969
|move|p2a: Zapdos|Hurricane|p1a: Ting-Lu|[miss]
|-miss|p2a: Zapdos|p1a: Ting-Lu
|move|p1a: Ting-Lu|Ruination|p2a: Zapdos
|-damage|p2a: Zapdos|43/100
|
|-heal|p1a: Ting-Lu|59/100|[from] item: Leftovers
|upkeep
|turn|65
|c|☆compton crackhouse|i have an aaa team w/ mew that has whirl+fire spin so it honestly just dies
|
|t:|1758948995
|move|p2a: Zapdos|U-turn|p1a: Ting-Lu
|-resisted|p1a: Ting-Lu
|-damage|p1a: Ting-Lu|55/100
|
|t:|1758949000
|switch|p2a: Primarina|Primarina, M, shiny|26/100|[from] U-turn
|move|p1a: Ting-Lu|Ruination|p2a: Primarina
|-damage|p2a: Primarina|13/100
|
|-heal|p1a: Ting-Lu|61/100|[from] item: Leftovers
|upkeep
|turn|66
|
|t:|1758949008
|move|p2a: Primarina|Surf|p1a: Ting-Lu
|-damage|p1a: Ting-Lu|31/100
|move|p1a: Ting-Lu|Sand Tomb|p2a: Primarina
|-damage|p2a: Primarina|2/100
|-activate|p2a: Primarina|move: Sand Tomb|[of] p1a: Ting-Lu
|
|-heal|p1a: Ting-Lu|37/100|[from] item: Leftovers
|-damage|p2a: Primarina|0 fnt|[from] move: Sand Tomb|[partiallytrapped]
|faint|p2a: Primarina
|upkeep
|
|t:|1758949010
|switch|p2a: Iron Treads|Iron Treads, shiny|42/100
|turn|67
|
|t:|1758949014
|switch|p1a: Alomomola|Alomomola, F, shiny|100/100
|move|p2a: Iron Treads|Earthquake|p1a: Alomomola
|-damage|p1a: Alomomola|80/100
|
|upkeep
|turn|68
|
|t:|1758949018
|-end|p2a: Iron Treads|Quark Drive|[silent]
|switch|p2a: Pecharunt|Pecharunt|100/100
|move|p1a: Alomomola|Wish|p1a: Alomomola
|
|upkeep
|turn|69
|
|t:|1758949023
|switch|p1a: Ting-Lu|Ting-Lu, shiny, tera:Steel|37/100
|-ability|p1a: Ting-Lu|Vessel of Ruin
|move|p2a: Pecharunt|Parting Shot|p1a: Ting-Lu
|-unboost|p1a: Ting-Lu|atk|1
|-unboost|p1a: Ting-Lu|spa|1
|
|t:|1758949026
|switch|p2a: Iron Treads|Iron Treads, shiny|42/100|[from] Parting Shot
|
|-heal|p1a: Ting-Lu|89/100|[from] move: Wish|[wisher] Alomomola
|-heal|p1a: Ting-Lu|95/100|[from] item: Leftovers
|upkeep
|turn|70
|
|t:|1758949034
|-end|p2a: Iron Treads|Quark Drive|[silent]
|switch|p2a: Zapdos|Zapdos, shiny|43/100
|switch|p1a: Alomomola|Alomomola, F, shiny|100/100
|
|upkeep
|turn|71
|
|t:|1758949041
|switch|p1a: Ting-Lu|Ting-Lu, shiny, tera:Steel|95/100
|-ability|p1a: Ting-Lu|Vessel of Ruin
|move|p2a: Zapdos|Thunderbolt|p1a: Ting-Lu
|-damage|p1a: Ting-Lu|75/100
|
|-heal|p1a: Ting-Lu|81/100|[from] item: Leftovers
|upkeep
|turn|72
|
|t:|1758949047
|move|p2a: Zapdos|U-turn|p1a: Ting-Lu
|-resisted|p1a: Ting-Lu
|-damage|p1a: Ting-Lu|78/100
|
|t:|1758949052
|switch|p2a: Iron Treads|Iron Treads, shiny|42/100|[from] U-turn
|move|p1a: Ting-Lu|Sand Tomb|p2a: Iron Treads
|-supereffective|p2a: Iron Treads
|-damage|p2a: Iron Treads|22/100
|-activate|p2a: Iron Treads|move: Sand Tomb|[of] p1a: Ting-Lu
|
|-heal|p1a: Ting-Lu|84/100|[from] item: Leftovers
|-damage|p2a: Iron Treads|9/100|[from] move: Sand Tomb|[partiallytrapped]
|upkeep
|turn|73
|
|t:|1758949060
|move|p2a: Iron Treads|Earthquake|p1a: Ting-Lu
|-supereffective|p1a: Ting-Lu
|-damage|p1a: Ting-Lu|43/100
|move|p1a: Ting-Lu|Rest|p1a: Ting-Lu
|-status|p1a: Ting-Lu|slp|[from] move: Rest
|-heal|p1a: Ting-Lu|100/100 slp|[silent]
|
|-damage|p2a: Iron Treads|0 fnt|[from] move: Sand Tomb|[partiallytrapped]
|faint|p2a: Iron Treads
|-end|p2a: Iron Treads|Quark Drive|[silent]
|upkeep
|
|t:|1758949064
|switch|p2a: Zapdos|Zapdos, shiny|43/100
|turn|74
|c|☆compton crackhouse|damn
|c|☆witdflow|i know
|c|☆compton crackhouse|i think im cooked
|c|☆witdflow|this thing is so underated
|c|☆witdflow|well. not really
|c|☆witdflow|but i mean nobody knows about this set
|c|☆compton crackhouse|prob should have knocked instead
|c|☆witdflow|and it just eats everyone
|
|t:|1758949102
|move|p2a: Zapdos|Hurricane|p1a: Ting-Lu
|-resisted|p1a: Ting-Lu
|-damage|p1a: Ting-Lu|89/100 slp
|-start|p1a: Ting-Lu|confusion
|cant|p1a: Ting-Lu|slp
|-activate|p1a: Ting-Lu|confusion
|move|p1a: Ting-Lu|Sleep Talk|p1a: Ting-Lu
|move|p1a: Ting-Lu|Sand Tomb|p2a: Zapdos|[from] move: Sleep Talk
|-immune|p2a: Zapdos
|
|-heal|p1a: Ting-Lu|95/100 slp|[from] item: Leftovers
|upkeep
|turn|75
|
|t:|1758949112
|move|p2a: Zapdos|U-turn|p1a: Ting-Lu
|-resisted|p1a: Ting-Lu
|-damage|p1a: Ting-Lu|91/100 slp
|
|t:|1758949114
|switch|p2a: Pecharunt|Pecharunt|100/100|[from] U-turn
|cant|p1a: Ting-Lu|slp
|-activate|p1a: Ting-Lu|confusion
|-damage|p1a: Ting-Lu|86/100 slp|[from] confusion
|
|-heal|p1a: Ting-Lu|92/100 slp|[from] item: Leftovers
|upkeep
|turn|76
|
|t:|1758949123
|move|p2a: Pecharunt|Hex|p1a: Ting-Lu
|-damage|p1a: Ting-Lu|72/100 slp
|-curestatus|p1a: Ting-Lu|slp|[msg]
|-activate|p1a: Ting-Lu|confusion
|move|p1a: Ting-Lu|Sand Tomb|p2a: Pecharunt
|-supereffective|p2a: Pecharunt
|-damage|p2a: Pecharunt|84/100
|-activate|p2a: Pecharunt|move: Sand Tomb|[of] p1a: Ting-Lu
|
|-heal|p2a: Pecharunt|90/100|[from] item: Leftovers
|-heal|p1a: Ting-Lu|79/100|[from] item: Leftovers
|-damage|p2a: Pecharunt|78/100|[from] move: Sand Tomb|[partiallytrapped]
|upkeep
|turn|77
|
|t:|1758949131
|move|p2a: Pecharunt|Parting Shot|p1a: Ting-Lu
|-unboost|p1a: Ting-Lu|atk|1
|-unboost|p1a: Ting-Lu|spa|1
|
|t:|1758949133
|switch|p2a: Zapdos|Zapdos, shiny|43/100|[from] Parting Shot
|-activate|p1a: Ting-Lu|confusion
|move|p1a: Ting-Lu|Ruination|p2a: Zapdos
|-damage|p2a: Zapdos|22/100
|
|-heal|p1a: Ting-Lu|85/100|[from] item: Leftovers
|upkeep
|turn|78
|
|t:|1758949145
|move|p2a: Zapdos|Thunderbolt|p1a: Ting-Lu
|-damage|p1a: Ting-Lu|63/100
|-end|p1a: Ting-Lu|confusion
|move|p1a: Ting-Lu|Sand Tomb|p2a: Zapdos
|-immune|p2a: Zapdos
|
|-heal|p1a: Ting-Lu|70/100|[from] item: Leftovers
|upkeep
|turn|79
|
|t:|1758949149
|move|p2a: Zapdos|Thunderbolt|p1a: Ting-Lu
|-damage|p1a: Ting-Lu|50/100
|move|p1a: Ting-Lu|Sand Tomb|p2a: Zapdos
|-immune|p2a: Zapdos
|
|-heal|p1a: Ting-Lu|56/100|[from] item: Leftovers
|upkeep
|turn|80
|c|☆compton crackhouse|damn
|c|☆compton crackhouse|still no para
|
|t:|1758949160
|move|p2a: Zapdos|Thunderbolt|p1a: Ting-Lu
|-damage|p1a: Ting-Lu|34/100
|move|p1a: Ting-Lu|Sand Tomb|p2a: Zapdos
|-immune|p2a: Zapdos
|
|-heal|p1a: Ting-Lu|40/100|[from] item: Leftovers
|upkeep
|turn|81
|
|t:|1758949164
|move|p2a: Zapdos|Hurricane|p1a: Ting-Lu
|-resisted|p1a: Ting-Lu
|-damage|p1a: Ting-Lu|26/100
|move|p1a: Ting-Lu|Rest|p1a: Ting-Lu
|-status|p1a: Ting-Lu|slp|[from] move: Rest
|-heal|p1a: Ting-Lu|100/100 slp|[silent]
|
|upkeep
|turn|82
|
|t:|1758949167
|move|p2a: Zapdos|Roost|p2a: Zapdos
|-heal|p2a: Zapdos|72/100
|-singleturn|p2a: Zapdos|move: Roost
|cant|p1a: Ting-Lu|slp
|move|p1a: Ting-Lu|Sleep Talk|p1a: Ting-Lu
|move|p1a: Ting-Lu|Ruination|p2a: Zapdos|[from] move: Sleep Talk
|-damage|p2a: Zapdos|36/100
|
|upkeep
|turn|83
|c|☆witdflow|do be fair, i would just rest next turn
|c|☆compton crackhouse|yeah
|c|☆witdflow|if anything perserving some pp would proba be good for me too lol
|
|t:|1758949202
|move|p2a: Zapdos|Thunderbolt|p1a: Ting-Lu
|-damage|p1a: Ting-Lu|81/100 slp
|cant|p1a: Ting-Lu|slp
|move|p1a: Ting-Lu|Sleep Talk|p1a: Ting-Lu
|move|p1a: Ting-Lu|Ruination|p2a: Zapdos|[from] move: Sleep Talk
|-damage|p2a: Zapdos|19/100
|
|-heal|p1a: Ting-Lu|87/100 slp|[from] item: Leftovers
|upkeep
|turn|84
|
|t:|1758949213
|move|p2a: Zapdos|Thunderbolt|p1a: Ting-Lu
|-damage|p1a: Ting-Lu|67/100 slp
|-curestatus|p1a: Ting-Lu|slp|[msg]
|move|p1a: Ting-Lu|Sand Tomb|p2a: Zapdos
|-immune|p2a: Zapdos
|
|-heal|p1a: Ting-Lu|73/100|[from] item: Leftovers
|upkeep
|turn|85
|
|t:|1758949217
|move|p2a: Zapdos|Thunderbolt|p1a: Ting-Lu
|-damage|p1a: Ting-Lu|52/100
|move|p1a: Ting-Lu|Sand Tomb|p2a: Zapdos
|-immune|p2a: Zapdos
|
|-heal|p1a: Ting-Lu|58/100|[from] item: Leftovers
|upkeep
|turn|86
|
|t:|1758949223
|move|p2a: Zapdos|Thunderbolt|p1a: Ting-Lu
|-crit|p1a: Ting-Lu
|-damage|p1a: Ting-Lu|26/100
|move|p1a: Ting-Lu|Sand Tomb|p2a: Zapdos
|-immune|p2a: Zapdos
|
|-heal|p1a: Ting-Lu|32/100|[from] item: Leftovers
|upkeep
|turn|87
|
|t:|1758949226
|move|p2a: Zapdos|Hurricane|p1a: Ting-Lu
|-resisted|p1a: Ting-Lu
|-damage|p1a: Ting-Lu|20/100
|move|p1a: Ting-Lu|Rest|p1a: Ting-Lu
|-status|p1a: Ting-Lu|slp|[from] move: Rest
|-heal|p1a: Ting-Lu|100/100 slp|[silent]
|
|upkeep
|turn|88
|
|t:|1758949230
|move|p2a: Zapdos|Roost|p2a: Zapdos
|-heal|p2a: Zapdos|69/100
|-singleturn|p2a: Zapdos|move: Roost
|cant|p1a: Ting-Lu|slp
|move|p1a: Ting-Lu|Sleep Talk|p1a: Ting-Lu
|move|p1a: Ting-Lu|Sand Tomb|p2a: Zapdos|[from] move: Sleep Talk|[miss]
|-miss|p1a: Ting-Lu|p2a: Zapdos
|
|upkeep
|turn|89
|c|☆witdflow|bruh haha
|c|☆witdflow|that's like the 3rd time
|
|t:|1758949246
|move|p2a: Zapdos|Hurricane|p1a: Ting-Lu
|-resisted|p1a: Ting-Lu
|-damage|p1a: Ting-Lu|87/100 slp
|-start|p1a: Ting-Lu|confusion
|cant|p1a: Ting-Lu|slp
|-activate|p1a: Ting-Lu|confusion
|move|p1a: Ting-Lu|Sleep Talk|p1a: Ting-Lu
|move|p1a: Ting-Lu|Rest||[from] move: Sleep Talk|[still]
|-fail|p1a: Ting-Lu
|
|-heal|p1a: Ting-Lu|93/100 slp|[from] item: Leftovers
|upkeep
|turn|90
|c|☆compton crackhouse|im going to struggle
|c|☆witdflow|why did i read that like someone saying "I'm bout to bust"
|c|☆compton crackhouse|lol
|
|t:|1758949276
|move|p2a: Zapdos|Hurricane|p1a: Ting-Lu
|-resisted|p1a: Ting-Lu
|-damage|p1a: Ting-Lu|80/100 slp
|-curestatus|p1a: Ting-Lu|slp|[msg]
|-activate|p1a: Ting-Lu|confusion
|move|p1a: Ting-Lu|Ruination|p2a: Zapdos
|-damage|p2a: Zapdos|35/100
|
|-heal|p1a: Ting-Lu|86/100|[from] item: Leftovers
|upkeep
|turn|91
|
|t:|1758949296
|switch|p1a: Alomomola|Alomomola, F, shiny|100/100
|move|p2a: Zapdos|Hurricane|p1a: Alomomola
|-damage|p1a: Alomomola|27/100
|-start|p1a: Alomomola|confusion
|
|upkeep
|turn|92
|
|t:|1758949320
|move|p2a: Zapdos|U-turn|p1a: Alomomola
|-damage|p1a: Alomomola|20/100
|
|t:|1758949322
|switch|p2a: Pecharunt|Pecharunt|78/100|[from] U-turn
|-activate|p1a: Alomomola|confusion
|move|p1a: Alomomola|Light Screen|p1a: Alomomola
|-sidestart|p1: witdflow|move: Light Screen
|
|-heal|p2a: Pecharunt|84/100|[from] item: Leftovers
|upkeep
|turn|93
|
|t:|1758949332
|switch|p1a: Clefable|Clefable, F, shiny|48/100
|move|p2a: Pecharunt|Hex|p1a: Clefable
|-damage|p1a: Clefable|40/100
|
|-heal|p2a: Pecharunt|90/100|[from] item: Leftovers
|-heal|p1a: Clefable|46/100|[from] item: Leftovers
|upkeep
|turn|94
|
|t:|1758949341
|move|p2a: Pecharunt|Malignant Chain|p1a: Clefable
|-supereffective|p1a: Clefable
|-damage|p1a: Clefable|24/100
|-status|p1a: Clefable|tox
|-start|p1a: Clefable|confusion|[from] ability: Poison Puppeteer|[of] p2a: Pecharunt
|-activate|p1a: Clefable|confusion
|move|p1a: Clefable|Wish|p1a: Clefable
|
|-heal|p2a: Pecharunt|96/100|[from] item: Leftovers
|-heal|p1a: Clefable|30/100 tox|[from] item: Leftovers
|-damage|p1a: Clefable|24/100 tox|[from] psn
|upkeep
|turn|95
|
|t:|1758949350
|move|p2a: Pecharunt|Hex|p1a: Clefable
|-damage|p1a: Clefable|10/100 tox
|-end|p1a: Clefable|confusion
|move|p1a: Clefable|Charge Beam|p2a: Pecharunt
|-damage|p2a: Pecharunt|87/100
|
|-heal|p1a: Clefable|60/100 tox|[from] move: Wish|[wisher] Clefable
|-heal|p2a: Pecharunt|93/100|[from] item: Leftovers
|-heal|p1a: Clefable|66/100 tox|[from] item: Leftovers
|-damage|p1a: Clefable|54/100 tox|[from] psn
|upkeep
|turn|96
|
|t:|1758949361
|switch|p1a: Ting-Lu|Ting-Lu, shiny, tera:Steel|86/100
|-ability|p1a: Ting-Lu|Vessel of Ruin
|move|p2a: Pecharunt|Malignant Chain|p1a: Ting-Lu
|-immune|p1a: Ting-Lu
|
|-heal|p2a: Pecharunt|99/100|[from] item: Leftovers
|-heal|p1a: Ting-Lu|93/100|[from] item: Leftovers
|-sideend|p1: witdflow|move: Light Screen
|upkeep
|turn|97
|
|t:|1758949367
|switch|p1a: Alomomola|Alomomola, F, shiny|53/100
|move|p2a: Pecharunt|Parting Shot|p1a: Alomomola
|-unboost|p1a: Alomomola|atk|1
|-unboost|p1a: Alomomola|spa|1
|c|☆compton crackhouse|i think i lose these so just to spare us both the time imma ff
|
|t:|1758949374
|switch|p2a: Zapdos|Zapdos, shiny|35/100|[from] Parting Shot
|
|upkeep
|turn|98
|
|t:|1758949378
|switch|p1a: Ting-Lu|Ting-Lu, shiny, tera:Steel|93/100
|-ability|p1a: Ting-Lu|Vessel of Ruin
|move|p2a: Zapdos|Hurricane|p1a: Ting-Lu
|-resisted|p1a: Ting-Lu
|-damage|p1a: Ting-Lu|80/100
|-start|p1a: Ting-Lu|confusion
|
|-heal|p1a: Ting-Lu|86/100|[from] item: Leftovers
|upkeep
|turn|99
|c|☆compton crackhouse|ggs
|c|☆witdflow|gg bro
|c|☆compton crackhouse|have a good one
|-message|compton crackhouse forfeited.
|
|win|witdflow
|raw|witdflow's rating: 1231 &rarr; <strong>1257</strong><br />(+26 for winning)
|raw|compton crackhouse's rating: 1247 &rarr; <strong>1221</strong><br />(-26 for losing)
|c|☆witdflow|i enjoyed this. thank you too
|c|☆compton crackhouse|me 2
|l|☆compton crackhouse
|player|p2|
