|j|☆barry1234zjy
|j|☆ArcadianSkies
|t:|1759051743
|gametype|singles
|player|p1|barry1234zjy|youngster-gen4dp|1458
|player|p2|ArcadianSkies|volkner|1511
|gen|9
|tier|[Gen 9] OU
|rated|
|rule|HP Percentage Mod: HP is shown in percentages
|rule|Endless Battle Clause: Forcing endless battles is banned
|rule|Species Clause: Limit one of each Pokémon
|rule|OHKO Clause: OHKO moves are banned
|rule|Evasion Items Clause: Evasion items are banned
|rule|Evasion Moves Clause: Evasion moves are banned
|rule|Evasion Abilities Clause: Evasion abilities are banned
|rule|Sleep Moves Clause: Sleep-inducing moves are banned
|clearpoke
|poke|p1|Jolteon, F|
|poke|p1|Slowking-Galar, M|
|poke|p1|Great Tusk|
|poke|p1|Moltres|
|poke|p1|Kingambit, F|
|poke|p1|Hydrapple, M|
|poke|p2|Rillaboom, F|
|poke|p2|Hawlucha, M|
|poke|p2|Kingambit, M|
|poke|p2|Gholdengo|
|poke|p2|Iron Valiant|
|poke|p2|Volcanion|
|teampreview
|inactive|Battle timer is ON: inactive players will automatically lose when time's up. (requested by ArcadianSkies)
|c|☆ArcadianSkies|Hf
|
|t:|1759051764
|teamsize|p1|6
|teamsize|p2|6
|start
|switch|p1a: Jolteon|Jolteon, F|100/100
|switch|p2a: The Domain|Rillaboom, F, shiny|100/100
|-fieldstart|move: Grassy Terrain|[from] ability: Grassy Surge|[of] p2a: The Domain
|turn|1
|
|t:|1759051773
|switch|p1a: Moltres|Moltres|100/100
|switch|p2a: The Gholden Shower|Gholdengo|100/100
|-enditem|p2a: The Gholden Shower|Grassy Seed
|-boost|p2a: The Gholden Shower|def|1|[from] item: Grassy Seed
|
|upkeep
|turn|2
|
|t:|1759051786
|move|p1a: Moltres|Scorching Sands|p2a: The Gholden Shower
|-supereffective|p2a: The Gholden Shower
|-damage|p2a: The Gholden Shower|66/100
|move|p2a: The Gholden Shower|Nasty Plot|p2a: The Gholden Shower
|-boost|p2a: The Gholden Shower|spa|2
|
|-heal|p2a: The Gholden Shower|72/100|[from] Grassy Terrain
|upkeep
|turn|3
|
|t:|1759051790
|move|p1a: Moltres|Flamethrower|p2a: The Gholden Shower
|-supereffective|p2a: The Gholden Shower
|-damage|p2a: The Gholden Shower|6/100
|move|p2a: The Gholden Shower|Shadow Ball|p1a: Moltres
|-damage|p1a: Moltres|14/100
|-unboost|p1a: Moltres|spd|1
|
|-heal|p2a: The Gholden Shower|12/100|[from] Grassy Terrain
|upkeep
|turn|4
|
|t:|1759051801
|move|p1a: Moltres|Flamethrower|p2a: The Gholden Shower
|-supereffective|p2a: The Gholden Shower
|-damage|p2a: The Gholden Shower|0 fnt
|faint|p2a: The Gholden Shower
|
|upkeep
|
|t:|1759051805
|switch|p2a: The Artillery|Volcanion|100/100
|turn|5
|
|t:|1759051813
|switch|p1a: Slowking|Slowking-Galar, M|100/100
|move|p2a: The Artillery|Fire Blast|p1a: Slowking
|-damage|p1a: Slowking|57/100
|
|-heal|p1a: Slowking|63/100|[from] Grassy Terrain
|upkeep
|turn|6
|inactive|barry1234zjy has 120 seconds left.
|
|t:|1759051844
|switch|p2a: The Heretic|Kingambit, M|100/100
|-activate|p2a: The Heretic|ability: Supreme Overlord
|-start|p2a: The Heretic|fallen1|[silent]
|move|p1a: Slowking|Sludge Bomb|p2a: The Heretic
|-immune|p2a: The Heretic
|
|-heal|p1a: Slowking|69/100|[from] Grassy Terrain
|upkeep
|turn|7
|
|t:|1759051866
|switch|p1a: Great Tusk|Great Tusk|100/100
|move|p2a: The Heretic|Swords Dance|p2a: The Heretic
|-boost|p2a: The Heretic|atk|2
|
|upkeep
|turn|8
|
|t:|1759051886
|-end|p2a: The Heretic|fallen1|[silent]
|switch|p2a: The Ascendant|Hawlucha, M, shiny|100/100
|-enditem|p2a: The Ascendant|Grassy Seed
|-boost|p2a: The Ascendant|def|1|[from] item: Grassy Seed
|move|p1a: Great Tusk|Body Press|p2a: The Ascendant
|-resisted|p2a: The Ascendant
|-damage|p2a: The Ascendant|80/100
|
|-fieldend|move: Grassy Terrain
|upkeep
|turn|9
|inactive|barry1234zjy has 120 seconds left.
|
|t:|1759051906
|-end|p1a: Great Tusk|Protosynthesis|[silent]
|switch|p1a: Moltres|Moltres|14/100
|move|p2a: The Ascendant|Swords Dance|p2a: The Ascendant
|-boost|p2a: The Ascendant|atk|2
|
|upkeep
|turn|10
|
|t:|1759051909
|move|p2a: The Ascendant|Acrobatics|p1a: Moltres
|-damage|p1a: Moltres|0 fnt
|faint|p1a: Moltres
|
|upkeep
|inactive|barry1234zjy has 120 seconds left.
|
|t:|1759051924
|switch|p1a: Great Tusk|Great Tusk|100/100
|turn|11
|
|t:|1759051931
|-terastallize|p1a: Great Tusk|Water
|move|p2a: The Ascendant|Swords Dance|p2a: The Ascendant
|-boost|p2a: The Ascendant|atk|2
|move|p1a: Great Tusk|Ice Spinner|p2a: The Ascendant
|-supereffective|p2a: The Ascendant
|-damage|p2a: The Ascendant|43/100
|
|upkeep
|turn|12
|
|t:|1759051942
|-terastallize|p2a: The Ascendant|Steel
|move|p2a: The Ascendant|Encore|p1a: Great Tusk
|-start|p1a: Great Tusk|Encore
|move|p1a: Great Tusk|Ice Spinner|p2a: The Ascendant
|-resisted|p2a: The Ascendant
|-damage|p2a: The Ascendant|33/100
|
|upkeep
|turn|13
|
|t:|1759051953
|-end|p1a: Great Tusk|Protosynthesis|[silent]
|switch|p1a: Slowking|Slowking-Galar, M|100/100
|move|p2a: The Ascendant|Acrobatics|p1a: Slowking
|-damage|p1a: Slowking|0 fnt
|faint|p1a: Slowking
|
|upkeep
|
|t:|1759051959
|switch|p1a: Great Tusk|Great Tusk, tera:Water|100/100
|turn|14
|
|t:|1759051965
|move|p2a: The Ascendant|Close Combat|p1a: Great Tusk
|-damage|p1a: Great Tusk|18/100
|-unboost|p2a: The Ascendant|def|1
|-unboost|p2a: The Ascendant|spd|1
|-damage|p2a: The Ascendant|16/100|[from] item: Rocky Helmet|[of] p1a: Great Tusk
|move|p1a: Great Tusk|Body Press|p2a: The Ascendant
|-supereffective|p2a: The Ascendant
|-damage|p2a: The Ascendant|0 fnt
|faint|p2a: The Ascendant
|
|upkeep
|
|t:|1759051968
|switch|p2a: The Domain|Rillaboom, F, shiny|100/100
|-fieldstart|move: Grassy Terrain|[from] ability: Grassy Surge|[of] p2a: The Domain
|turn|15
|
|t:|1759051980
|-end|p1a: Great Tusk|Protosynthesis|[silent]
|switch|p1a: Hydrapple|Hydrapple, M|100/100
|move|p2a: The Domain|Grassy Glide|p1a: Hydrapple
|-resisted|p1a: Hydrapple
|-damage|p1a: Hydrapple|96/100
|
|-heal|p1a: Hydrapple|100/100|[from] Grassy Terrain
|upkeep
|turn|16
|
|t:|1759051987
|switch|p2a: The Heretic|Kingambit, M|100/100
|-activate|p2a: The Heretic|ability: Supreme Overlord
|-start|p2a: The Heretic|fallen2|[silent]
|move|p1a: Hydrapple|Giga Drain|p2a: The Heretic
|-resisted|p2a: The Heretic
|-damage|p2a: The Heretic|81/100
|
|-heal|p2a: The Heretic|87/100|[from] Grassy Terrain
|upkeep
|turn|17
|
|t:|1759051991
|move|p2a: The Heretic|Swords Dance|p2a: The Heretic
|-boost|p2a: The Heretic|atk|2
|move|p1a: Hydrapple|Earth Power|p2a: The Heretic
|-supereffective|p2a: The Heretic
|-damage|p2a: The Heretic|39/100
|
|-heal|p2a: The Heretic|45/100|[from] Grassy Terrain
|upkeep
|turn|18
|
|t:|1759051998
|move|p2a: The Heretic|Kowtow Cleave|p1a: Hydrapple
|-damage|p1a: Hydrapple|15/100
|move|p1a: Hydrapple|Earth Power|p2a: The Heretic
|-supereffective|p2a: The Heretic
|-damage|p2a: The Heretic|0 fnt
|faint|p2a: The Heretic
|-end|p2a: The Heretic|fallen2|[silent]
|
|-heal|p1a: Hydrapple|22/100|[from] Grassy Terrain
|upkeep
|
|t:|1759052005
|switch|p2a: The Artillery|Volcanion|100/100
|turn|19
|
|t:|1759052014
|switch|p1a: Great Tusk|Great Tusk, tera:Water|18/100
|move|p2a: The Artillery|Sludge Wave|p1a: Great Tusk
|-damage|p1a: Great Tusk|0 fnt
|faint|p1a: Great Tusk
|-end|p1a: Great Tusk|Protosynthesis|[silent]
|
|upkeep
|
|t:|1759052016
|switch|p1a: Jolteon|Jolteon, F|100/100
|turn|20
|
|t:|1759052028
|switch|p2a: The Domain|Rillaboom, F, shiny|100/100
|move|p1a: Jolteon|Volt Switch|p2a: The Domain
|-resisted|p2a: The Domain
|-damage|p2a: The Domain|80/100
|
|t:|1759052030
|switch|p1a: Hydrapple|Hydrapple, M|55/100|[from] Volt Switch
|
|-heal|p2a: The Domain|86/100|[from] Grassy Terrain
|-heal|p1a: Hydrapple|61/100|[from] Grassy Terrain
|upkeep
|turn|21
|
|t:|1759052034
|move|p2a: The Domain|Swords Dance|p2a: The Domain
|-boost|p2a: The Domain|atk|2
|move|p1a: Hydrapple|Fickle Beam|p2a: The Domain
|-damage|p2a: The Domain|46/100
|
|-heal|p2a: The Domain|52/100|[from] Grassy Terrain
|-heal|p1a: Hydrapple|67/100|[from] Grassy Terrain
|upkeep
|turn|22
|
|t:|1759052044
|switch|p2a: The Avenger|Iron Valiant|100/100
|move|p1a: Hydrapple|Giga Drain|p2a: The Avenger
|-damage|p2a: The Avenger|20/100
|-heal|p1a: Hydrapple|95/100|[from] drain|[of] p2a: The Avenger
|
|-heal|p2a: The Avenger|26/100|[from] Grassy Terrain
|-heal|p1a: Hydrapple|100/100|[from] Grassy Terrain
|-fieldend|move: Grassy Terrain
|upkeep
|turn|23
|
|t:|1759052048
|switch|p1a: Kingambit|Kingambit, F|100/100
|-activate|p1a: Kingambit|ability: Supreme Overlord
|-start|p1a: Kingambit|fallen3|[silent]
|move|p2a: The Avenger|Moonblast|p1a: Kingambit
|-damage|p1a: Kingambit|39/100
|-damage|p2a: The Avenger|17/100|[from] item: Life Orb
|
|-heal|p1a: Kingambit|45/100|[from] item: Leftovers
|upkeep
|turn|24
|
|t:|1759052054
|-end|p2a: The Avenger|Quark Drive|[silent]
|switch|p2a: The Domain|Rillaboom, F, shiny|52/100
|-fieldstart|move: Grassy Terrain|[from] ability: Grassy Surge|[of] p2a: The Domain
|move|p1a: Kingambit|Sucker Punch||[still]
|-fail|p1a: Kingambit
|
|-heal|p2a: The Domain|58/100|[from] Grassy Terrain
|-heal|p1a: Kingambit|51/100|[from] Grassy Terrain
|-heal|p1a: Kingambit|57/100|[from] item: Leftovers
|upkeep
|turn|25
|
|t:|1759052058
|-end|p1a: Kingambit|fallen3|[silent]
|switch|p1a: Hydrapple|Hydrapple, M|100/100
|move|p2a: The Domain|Low Kick|p1a: Hydrapple
|-damage|p1a: Hydrapple|84/100
|
|-heal|p2a: The Domain|64/100|[from] Grassy Terrain
|-heal|p1a: Hydrapple|91/100|[from] Grassy Terrain
|upkeep
|turn|26
|
|t:|1759052063
|switch|p2a: The Artillery|Volcanion|100/100
|move|p1a: Hydrapple|Giga Drain|p2a: The Artillery
|-crit|p2a: The Artillery
|-damage|p2a: The Artillery|26/100
|-heal|p1a: Hydrapple|100/100|[from] drain|[of] p2a: The Artillery
|
|-heal|p2a: The Artillery|33/100|[from] Grassy Terrain
|upkeep
|turn|27
|
|t:|1759052070
|switch|p1a: Jolteon|Jolteon, F|100/100
|move|p2a: The Artillery|Fire Blast|p1a: Jolteon
|-damage|p1a: Jolteon|0 fnt
|faint|p1a: Jolteon
|
|-heal|p2a: The Artillery|39/100|[from] Grassy Terrain
|upkeep
|
|t:|1759052072
|switch|p1a: Kingambit|Kingambit, F|57/100
|-activate|p1a: Kingambit|ability: Supreme Overlord
|-start|p1a: Kingambit|fallen4|[silent]
|turn|28
|
|t:|1759052075
|move|p2a: The Artillery|Fire Blast|p1a: Kingambit
|-supereffective|p1a: Kingambit
|-damage|p1a: Kingambit|0 fnt
|faint|p1a: Kingambit
|-end|p1a: Kingambit|fallen4|[silent]
|
|-heal|p2a: The Artillery|45/100|[from] Grassy Terrain
|upkeep
|
|t:|1759052077
|switch|p1a: Hydrapple|Hydrapple, M|100/100
|turn|29
|-message|barry1234zjy forfeited.
|
|win|ArcadianSkies
|raw|barry1234zjy's rating: 1458 &rarr; <strong>1441</strong><br />(-17 for losing)
|raw|ArcadianSkies's rating: 1511 &rarr; <strong>1528</strong><br />(+17 for winning)
|l|☆barry1234zjy
|player|p1|
|l|☆ArcadianSkies
|player|p2|
