|j|☆Snowstorm brute
|j|☆tapu moxo
|t:|1758991439
|gametype|singles
|player|p1|Snowstorm brute|veteran|1632
|player|p2|tapu moxo|yellow|1645
|gen|9
|tier|[Gen 9] OU
|rated|
|rule|HP Percentage Mod: HP is shown in percentages
|rule|Endless Battle Clause: Forcing endless battles is banned
|rule|Species Clause: Limit one of each Pokémon
|rule|OHKO Clause: OHKO moves are banned
|rule|Evasion Items Clause: Evasion items are banned
|rule|Evasion Moves Clause: Evasion moves are banned
|rule|Evasion Abilities Clause: Evasion abilities are banned
|rule|Sleep Moves Clause: Sleep-inducing moves are banned
|clearpoke
|poke|p1|Ogerpon-Wellspring, F|
|poke|p1|Garganacl, F|
|poke|p1|Great Tusk|
|poke|p1|Dragonite, M|
|poke|p1|Moltres|
|poke|p1|Darkrai|
|poke|p2|Smeargle, F|
|poke|p2|Ceruledge, M|
|poke|p2|Kingambit, M|
|poke|p2|Serperior, F|
|poke|p2|Gyarados, F|
|poke|p2|Enamorus, F|
|teampreview
|
|t:|1758991454
|teamsize|p1|6
|teamsize|p2|6
|start
|switch|p1a: Darkrai|Darkrai|100/100
|switch|p2a: Smeargle|Smeargle, F|100/100
|turn|1
|
|t:|1758991458
|move|p1a: Darkrai|Trick|p2a: Smeargle
|-activate|p1a: Darkrai|move: Trick|[of] p2a: Smeargle
|-item|p2a: Smeargle|Choice Scarf|[from] move: Trick
|-item|p1a: Darkrai|Focus Sash|[from] move: Trick
|move|p2a: Smeargle|Glare|p1a: Darkrai
|-status|p1a: Darkrai|par
|
|upkeep
|turn|2
|
|t:|1758991468
|switch|p2a: Kingambit|Kingambit, M, shiny|100/100
|move|p1a: Darkrai|Trick|p2a: Kingambit
|-activate|p1a: Darkrai|move: Trick|[of] p2a: Kingambit
|-item|p2a: Kingambit|Focus Sash|[from] move: Trick
|-item|p1a: Darkrai|Leftovers|[from] move: Trick
|
|upkeep
|turn|3
|
|t:|1758991482
|switch|p2a: Ceruledge|Ceruledge, M|100/100
|switch|p1a: Moltres|Moltres|100/100
|
|upkeep
|turn|4
|
|t:|1758991486
|move|p2a: Ceruledge|Swords Dance|p2a: Ceruledge
|-boost|p2a: Ceruledge|atk|2
|move|p1a: Moltres|Brave Bird|p2a: Ceruledge
|-damage|p2a: Ceruledge|39/100
|-ability|p2a: Ceruledge|Weak Armor|boost
|-unboost|p2a: Ceruledge|def|1
|-boost|p2a: Ceruledge|spe|2
|-damage|p1a: Moltres|85/100|[from] Recoil
|
|upkeep
|turn|5
|
|t:|1758991493
|switch|p1a: Garganacl|Garganacl, F|100/100
|move|p2a: Ceruledge|Poltergeist|p1a: Garganacl
|-activate|p1a: Garganacl|move: Poltergeist|Leftovers
|-damage|p1a: Garganacl|61/100
|
|-heal|p1a: Garganacl|67/100|[from] item: Leftovers
|upkeep
|turn|6
|
|t:|1758991500
|switch|p2a: Smeargle|Smeargle, F|100/100
|move|p1a: Garganacl|Protect||[still]
|-fail|p1a: Garganacl
|
|-heal|p1a: Garganacl|74/100|[from] item: Leftovers
|upkeep
|turn|7
|
|t:|1758991506
|move|p2a: Smeargle|Sticky Web|p1a: Garganacl
|-sidestart|p1: Snowstorm brute|move: Sticky Web
|move|p1a: Garganacl|Salt Cure|p2a: Smeargle
|-damage|p2a: Smeargle|68/100
|-start|p2a: Smeargle|Salt Cure
|
|-heal|p1a: Garganacl|80/100|[from] item: Leftovers
|-damage|p2a: Smeargle|56/100|[from] Salt Cure
|upkeep
|turn|8
|
|t:|1758991512
|switch|p2a: Kingambit|Kingambit, M, shiny|100/100
|switch|p1a: Great Tusk|Great Tusk|100/100
|
|upkeep
|turn|9
|
|t:|1758991519
|switch|p2a: Ceruledge|Ceruledge, M|39/100
|move|p1a: Great Tusk|Rapid Spin|p2a: Ceruledge
|-immune|p2a: Ceruledge
|
|upkeep
|turn|10
|
|t:|1758991526
|switch|p2a: Serperior|Serperior, F, shiny|100/100
|move|p1a: Great Tusk|Knock Off|p2a: Serperior
|-damage|p2a: Serperior|62/100
|-enditem|p2a: Serperior|Leftovers|[from] move: Knock Off|[of] p1a: Great Tusk
|
|upkeep
|turn|11
|
|t:|1758991532
|-end|p1a: Great Tusk|Protosynthesis|[silent]
|switch|p1a: Dragonite|Dragonite, M|100/100
|move|p2a: Serperior|Leaf Storm|p1a: Dragonite
|-resisted|p1a: Dragonite
|-damage|p1a: Dragonite|95/100
|-boost|p2a: Serperior|spa|2
|
|upkeep
|turn|12
|
|t:|1758991536
|move|p2a: Serperior|Glare|p1a: Dragonite
|-status|p1a: Dragonite|par
|cant|p1a: Dragonite|par
|
|upkeep
|turn|13
|
|t:|1758991543
|switch|p2a: Smeargle|Smeargle, F|56/100
|move|p1a: Dragonite|Ice Spinner|p2a: Smeargle
|-damage|p2a: Smeargle|0 fnt
|faint|p2a: Smeargle
|
|upkeep
|
|t:|1758991550
|switch|p2a: Gyarados|Gyarados, F|100/100
|turn|14
|
|t:|1758991560
|switch|p1a: Garganacl|Garganacl, F|80/100
|-activate|p1a: Garganacl|move: Sticky Web
|-unboost|p1a: Garganacl|spe|1
|move|p2a: Gyarados|Dragon Dance|p2a: Gyarados
|-boost|p2a: Gyarados|atk|1
|-boost|p2a: Gyarados|spe|1
|
|-heal|p1a: Garganacl|86/100|[from] item: Leftovers
|upkeep
|turn|15
|
|t:|1758991566
|-terastallize|p1a: Garganacl|Fairy
|move|p2a: Gyarados|Waterfall|p1a: Garganacl
|-damage|p1a: Garganacl|44/100
|move|p1a: Garganacl|Salt Cure|p2a: Gyarados
|-supereffective|p2a: Gyarados
|-damage|p2a: Gyarados|65/100
|-start|p2a: Gyarados|Salt Cure
|
|-heal|p1a: Garganacl|50/100|[from] item: Leftovers
|-damage|p2a: Gyarados|41/100|[from] Salt Cure
|upkeep
|turn|16
|
|t:|1758991574
|switch|p2a: Serperior|Serperior, F, shiny|62/100
|move|p1a: Garganacl|Protect||[still]
|-fail|p1a: Garganacl
|
|-heal|p1a: Garganacl|56/100|[from] item: Leftovers
|upkeep
|turn|17
|
|t:|1758991579
|move|p2a: Serperior|Leaf Storm|p1a: Garganacl
|-damage|p1a: Garganacl|26/100
|-boost|p2a: Serperior|spa|2
|move|p1a: Garganacl|Salt Cure|p2a: Serperior
|-damage|p2a: Serperior|44/100
|-start|p2a: Serperior|Salt Cure
|
|-heal|p1a: Garganacl|32/100|[from] item: Leftovers
|-damage|p2a: Serperior|31/100|[from] Salt Cure
|upkeep
|turn|18
|
|t:|1758991594
|move|p1a: Garganacl|Protect|p1a: Garganacl
|-singleturn|p1a: Garganacl|Protect
|move|p2a: Serperior|Leaf Storm|p1a: Garganacl
|-activate|p1a: Garganacl|move: Protect
|
|-heal|p1a: Garganacl|38/100|[from] item: Leftovers
|-damage|p2a: Serperior|19/100|[from] Salt Cure
|upkeep
|turn|19
|
|t:|1758991600
|switch|p1a: Dragonite|Dragonite, M|95/100 par
|move|p2a: Serperior|Leaf Storm|p1a: Dragonite
|-resisted|p1a: Dragonite
|-damage|p1a: Dragonite|71/100 par
|-boost|p2a: Serperior|spa|2
|
|-damage|p2a: Serperior|7/100|[from] Salt Cure
|upkeep
|turn|20
|
|t:|1758991617
|move|p1a: Dragonite|Extreme Speed|p2a: Serperior
|-damage|p2a: Serperior|0 fnt
|faint|p2a: Serperior
|
|upkeep
|
|t:|1758991623
|switch|p2a: Gyarados|Gyarados, F|41/100
|turn|21
|
|t:|1758991627
|move|p1a: Dragonite|Extreme Speed|p2a: Gyarados
|-damage|p2a: Gyarados|0 fnt
|faint|p2a: Gyarados
|
|upkeep
|
|t:|1758991631
|switch|p2a: Ceruledge|Ceruledge, M|39/100
|turn|22
|
|t:|1758991634
|move|p2a: Ceruledge|Poltergeist|p1a: Dragonite
|-activate|p1a: Dragonite|move: Poltergeist|Heavy-Duty Boots
|-damage|p1a: Dragonite|6/100 par
|move|p1a: Dragonite|Earthquake|p2a: Ceruledge
|-supereffective|p2a: Ceruledge
|-damage|p2a: Ceruledge|0 fnt
|faint|p2a: Ceruledge
|
|upkeep
|
|t:|1758991658
|switch|p2a: Enamorus|Enamorus, F|100/100
|turn|23
|
|t:|1758991661
|move|p1a: Dragonite|Extreme Speed|p2a: Enamorus
|-damage|p2a: Enamorus|55/100
|move|p2a: Enamorus|Superpower|p1a: Dragonite
|-resisted|p1a: Dragonite
|-damage|p1a: Dragonite|0 fnt
|-boost|p2a: Enamorus|atk|1
|-boost|p2a: Enamorus|def|1
|faint|p1a: Dragonite
|
|-heal|p2a: Enamorus|61/100|[from] item: Leftovers
|upkeep
|
|t:|1758991670
|switch|p1a: Moltres|Moltres|85/100
|turn|24
|
|t:|1758991679
|move|p2a: Enamorus|Moonblast|p1a: Moltres
|-resisted|p1a: Moltres
|-damage|p1a: Moltres|58/100
|move|p1a: Moltres|Flamethrower|p2a: Enamorus
|-damage|p2a: Enamorus|11/100
|
|-heal|p2a: Enamorus|17/100|[from] item: Leftovers
|upkeep
|turn|25
|
|t:|1758991690
|move|p2a: Enamorus|Moonblast|p1a: Moltres
|-resisted|p1a: Moltres
|-damage|p1a: Moltres|32/100
|move|p1a: Moltres|Roost|p1a: Moltres
|-heal|p1a: Moltres|82/100
|-singleturn|p1a: Moltres|move: Roost
|
|-heal|p2a: Enamorus|23/100|[from] item: Leftovers
|upkeep
|turn|26
|
|t:|1758991701
|move|p2a: Enamorus|Moonblast|p1a: Moltres
|-resisted|p1a: Moltres
|-damage|p1a: Moltres|56/100
|move|p1a: Moltres|Roost|p1a: Moltres
|-heal|p1a: Moltres|100/100
|-singleturn|p1a: Moltres|move: Roost
|
|-heal|p2a: Enamorus|29/100|[from] item: Leftovers
|upkeep
|turn|27
|
|t:|1758991707
|move|p2a: Enamorus|Moonblast|p1a: Moltres
|-resisted|p1a: Moltres
|-damage|p1a: Moltres|75/100
|-unboost|p1a: Moltres|spa|1
|move|p1a: Moltres|Flamethrower|p2a: Enamorus
|-damage|p2a: Enamorus|0 fnt
|faint|p2a: Enamorus
|
|upkeep
|
|t:|1758991713
|switch|p2a: Kingambit|Kingambit, M, shiny|100/100
|turn|28
|
|t:|1758991715
|move|p1a: Moltres|Will-O-Wisp|p2a: Kingambit
|-status|p2a: Kingambit|brn
|move|p2a: Kingambit|Swords Dance|p2a: Kingambit
|-boost|p2a: Kingambit|atk|2
|
|-damage|p2a: Kingambit|94/100 brn|[from] brn
|upkeep
|turn|29
|
|t:|1758991720
|move|p1a: Moltres|Flamethrower|p2a: Kingambit
|-supereffective|p2a: Kingambit
|-damage|p2a: Kingambit|39/100 brn
|move|p2a: Kingambit|Swords Dance|p2a: Kingambit
|-boost|p2a: Kingambit|atk|2
|
|-damage|p2a: Kingambit|33/100 brn|[from] brn
|upkeep
|turn|30
|
|t:|1758991724
|-terastallize|p2a: Kingambit|Ghost
|move|p1a: Moltres|Flamethrower|p2a: Kingambit
|-damage|p2a: Kingambit|8/100 brn
|move|p2a: Kingambit|Kowtow Cleave|p1a: Moltres
|-damage|p1a: Moltres|17/100
|
|-damage|p2a: Kingambit|1/100 brn|[from] brn
|upkeep
|turn|31
|
|t:|1758991734
|move|p2a: Kingambit|Sucker Punch||[still]
|-fail|p2a: Kingambit
|move|p1a: Moltres|Roost|p1a: Moltres
|-heal|p1a: Moltres|67/100
|-singleturn|p1a: Moltres|move: Roost
|
|-damage|p2a: Kingambit|0 fnt|[from] brn
|faint|p2a: Kingambit
|
|win|Snowstorm brute
|raw|Snowstorm brute's rating: 1632 &rarr; <strong>1653</strong><br />(+21 for winning)
|raw|tapu moxo's rating: 1645 &rarr; <strong>1624</strong><br />(-21 for losing)
|l|☆Snowstorm brute
|player|p1|
|l|☆tapu moxo
|player|p2|
