|j|☆mansonabuluting
|j|☆Yelo_Galaxy
|t:|1759050001
|gametype|singles
|player|p1|mansonabuluting|bellelba|1698
|player|p2|Yelo_Galaxy|169|1657
|gen|9
|tier|[Gen 9] OU
|rated|
|rule|HP Percentage Mod: HP is shown in percentages
|rule|Endless Battle Clause: Forcing endless battles is banned
|rule|Species Clause: Limit one of each Pokémon
|rule|OHKO Clause: OHKO moves are banned
|rule|Evasion Items Clause: Evasion items are banned
|rule|Evasion Moves Clause: Evasion moves are banned
|rule|Evasion Abilities Clause: Evasion abilities are banned
|rule|Sleep Moves Clause: Sleep-inducing moves are banned
|clearpoke
|poke|p1|Rillaboom, F|
|poke|p1|Hawlucha, M|
|poke|p1|Thundurus-Therian, M|
|poke|p1|Great Tusk|
|poke|p1|Volcanion|
|poke|p1|Goodra-Hisui, M|
|poke|p2|Torkoal, F|
|poke|p2|Hatterene, F|
|poke|p2|Raging Bolt|
|poke|p2|Slither Wing|
|poke|p2|Venusaur, F|
|poke|p2|Walking Wake|
|teampreview
|inactive|Battle timer is ON: inactive players will automatically lose when time's up. (requested by mansonabuluting)
|
|t:|1759050015
|teamsize|p1|6
|teamsize|p2|6
|start
|switch|p1a: Volcanion|Volcanion|100/100
|switch|p2a: Slither Wing|Slither Wing|100/100
|turn|1
|
|t:|1759050023
|move|p2a: Slither Wing|Earthquake|p1a: Volcanion
|-supereffective|p1a: Volcanion
|-damage|p1a: Volcanion|34/100
|move|p1a: Volcanion|Steam Eruption|p2a: Slither Wing
|-damage|p2a: Slither Wing|32/100
|
|upkeep
|turn|2
|
|t:|1759050028
|switch|p1a: Great Tusk|Great Tusk|100/100
|move|p2a: Slither Wing|U-turn|p1a: Great Tusk
|-resisted|p1a: Great Tusk
|-damage|p1a: Great Tusk|91/100
|-damage|p2a: Slither Wing|16/100|[from] item: Rocky Helmet|[of] p1a: Great Tusk
|
|t:|1759050031
|-end|p2a: Slither Wing|Protosynthesis|[silent]
|switch|p2a: Walking Wake|Walking Wake|100/100|[from] U-turn
|
|upkeep
|turn|3
|
|t:|1759050038
|-end|p1a: Great Tusk|Protosynthesis|[silent]
|switch|p1a: Goodra|Goodra-Hisui, M|100/100
|move|p2a: Walking Wake|Draco Meteor|p1a: Goodra|[miss]
|-miss|p2a: Walking Wake|p1a: Goodra
|
|upkeep
|turn|4
|
|t:|1759050042
|-end|p2a: Walking Wake|Protosynthesis|[silent]
|switch|p2a: Torkoal|Torkoal, F|100/100
|-weather|SunnyDay|[from] ability: Drought|[of] p2a: Torkoal
|move|p1a: Goodra|Draco Meteor|p2a: Torkoal
|-damage|p2a: Torkoal|14/100
|-unboost|p1a: Goodra|spa|2
|
|-weather|SunnyDay|[upkeep]
|upkeep
|turn|5
|
|t:|1759050053
|switch|p2a: Raging Bolt|Raging Bolt|100/100
|-activate|p2a: Raging Bolt|ability: Protosynthesis
|-start|p2a: Raging Bolt|protosynthesisspa
|move|p1a: Goodra|Draco Meteor|p2a: Raging Bolt|[miss]
|-miss|p1a: Goodra|p2a: Raging Bolt
|
|-weather|SunnyDay|[upkeep]
|upkeep
|turn|6
|inactive|mansonabuluting has 120 seconds left.
|
|t:|1759050092
|switch|p1a: Rillaboom|Rillaboom, F|100/100
|-fieldstart|move: Grassy Terrain|[from] ability: Grassy Surge|[of] p1a: Rillaboom
|move|p2a: Raging Bolt|Weather Ball|p1a: Rillaboom
|-supereffective|p1a: Rillaboom
|-damage|p1a: Rillaboom|0 fnt
|faint|p1a: Rillaboom
|-damage|p2a: Raging Bolt|91/100|[from] item: Life Orb
|
|-weather|SunnyDay|[upkeep]
|-heal|p2a: Raging Bolt|97/100|[from] Grassy Terrain
|upkeep
|
|t:|1759050096
|switch|p1a: Goodra|Goodra-Hisui, M|100/100
|turn|7
|
|t:|1759050102
|move|p2a: Raging Bolt|Weather Ball|p1a: Goodra
|-damage|p1a: Goodra|53/100
|-damage|p2a: Raging Bolt|87/100|[from] item: Life Orb
|move|p1a: Goodra|Draco Meteor|p2a: Raging Bolt
|-supereffective|p2a: Raging Bolt
|-damage|p2a: Raging Bolt|0 fnt
|-unboost|p1a: Goodra|spa|2
|faint|p2a: Raging Bolt
|-end|p2a: Raging Bolt|Protosynthesis|[silent]
|
|-weather|SunnyDay|[upkeep]
|-heal|p1a: Goodra|59/100|[from] Grassy Terrain
|upkeep
|
|t:|1759050113
|switch|p2a: Walking Wake|Walking Wake|100/100
|-activate|p2a: Walking Wake|ability: Protosynthesis
|-start|p2a: Walking Wake|protosynthesisspe
|turn|8
|inactive|mansonabuluting has 120 seconds left.
|
|t:|1759050150
|move|p2a: Walking Wake|Weather Ball|p1a: Goodra
|-damage|p1a: Goodra|33/100
|move|p1a: Goodra|Draco Meteor|p2a: Walking Wake|[miss]
|-miss|p1a: Goodra|p2a: Walking Wake
|
|-weather|SunnyDay|[upkeep]
|-heal|p1a: Goodra|39/100|[from] Grassy Terrain
|upkeep
|turn|9
|
|t:|1759050158
|move|p2a: Walking Wake|Draco Meteor|p1a: Goodra
|-damage|p1a: Goodra|8/100
|-unboost|p2a: Walking Wake|spa|2
|move|p1a: Goodra|Draco Meteor|p2a: Walking Wake
|-supereffective|p2a: Walking Wake
|-damage|p2a: Walking Wake|22/100
|-unboost|p1a: Goodra|spa|2
|
|-weather|SunnyDay|[upkeep]
|-heal|p2a: Walking Wake|28/100|[from] Grassy Terrain
|-heal|p1a: Goodra|14/100|[from] Grassy Terrain
|upkeep
|turn|10
|
|t:|1759050162
|move|p2a: Walking Wake|Draco Meteor|p1a: Goodra
|-damage|p1a: Goodra|0 fnt
|-unboost|p2a: Walking Wake|spa|2
|faint|p1a: Goodra
|
|-weather|SunnyDay|[upkeep]
|-heal|p2a: Walking Wake|34/100|[from] Grassy Terrain
|-fieldend|move: Grassy Terrain
|upkeep
|
|t:|1759050167
|switch|p1a: Thundurus|Thundurus-Therian, M|100/100
|turn|11
|
|t:|1759050176
|-end|p2a: Walking Wake|Protosynthesis|[silent]
|switch|p2a: Slither Wing|Slither Wing|16/100
|-activate|p2a: Slither Wing|ability: Protosynthesis
|-start|p2a: Slither Wing|protosynthesisatk
|move|p1a: Thundurus|Volt Switch|p2a: Slither Wing
|-damage|p2a: Slither Wing|0 fnt
|faint|p2a: Slither Wing
|-end|p2a: Slither Wing|Protosynthesis|[silent]
|
|t:|1759050181
|switch|p1a: Hawlucha|Hawlucha, M|100/100|[from] Volt Switch
|
|-weather|none
|upkeep
|
|t:|1759050185
|switch|p2a: Torkoal|Torkoal, F|14/100
|-weather|SunnyDay|[from] ability: Drought|[of] p2a: Torkoal
|turn|12
|
|t:|1759050190
|move|p1a: Hawlucha|Acrobatics|p2a: Torkoal
|-damage|p2a: Torkoal|0 fnt
|faint|p2a: Torkoal
|
|-weather|SunnyDay|[upkeep]
|upkeep
|
|t:|1759050193
|switch|p2a: Venusaur|Venusaur, F|100/100
|turn|13
|
|t:|1759050227
|-terastallize|p2a: Venusaur|Fire
|move|p2a: Venusaur|Weather Ball|p1a: Hawlucha
|-damage|p1a: Hawlucha|0 fnt
|faint|p1a: Hawlucha
|-damage|p2a: Venusaur|91/100|[from] item: Life Orb
|
|-weather|SunnyDay|[upkeep]
|upkeep
|
|t:|1759050233
|switch|p1a: Thundurus|Thundurus-Therian, M|100/100
|turn|14
|
|t:|1759050236
|switch|p1a: Volcanion|Volcanion|34/100
|move|p2a: Venusaur|Weather Ball|p1a: Volcanion
|-resisted|p1a: Volcanion
|-damage|p1a: Volcanion|15/100
|-damage|p2a: Venusaur|81/100|[from] item: Life Orb
|
|-weather|SunnyDay|[upkeep]
|upkeep
|turn|15
|
|t:|1759050245
|switch|p1a: Great Tusk|Great Tusk|91/100
|-activate|p1a: Great Tusk|ability: Protosynthesis
|-start|p1a: Great Tusk|protosynthesisdef
|move|p2a: Venusaur|Giga Drain|p1a: Great Tusk
|-supereffective|p1a: Great Tusk
|-damage|p1a: Great Tusk|0 fnt
|-heal|p2a: Venusaur|100/100|[from] drain|[of] p1a: Great Tusk
|faint|p1a: Great Tusk
|-end|p1a: Great Tusk|Protosynthesis|[silent]
|-damage|p2a: Venusaur|91/100|[from] item: Life Orb
|
|-weather|SunnyDay|[upkeep]
|upkeep
|
|t:|1759050253
|switch|p1a: Thundurus|Thundurus-Therian, M|100/100
|turn|16
|
|t:|1759050256
|-terastallize|p1a: Thundurus|Flying
|move|p2a: Venusaur|Weather Ball|p1a: Thundurus
|-damage|p1a: Thundurus|0 fnt
|faint|p1a: Thundurus
|-damage|p2a: Venusaur|81/100|[from] item: Life Orb
|
|-weather|SunnyDay|[upkeep]
|upkeep
|
|t:|1759050261
|switch|p1a: Volcanion|Volcanion|15/100
|turn|17
|
|t:|1759050265
|move|p2a: Venusaur|Earthquake|p1a: Volcanion
|-supereffective|p1a: Volcanion
|-damage|p1a: Volcanion|0 fnt
|faint|p1a: Volcanion
|-damage|p2a: Venusaur|71/100|[from] item: Life Orb
|
|win|Yelo_Galaxy
|raw|mansonabuluting's rating: 1698 &rarr; <strong>1676</strong><br />(-22 for losing)
|raw|Yelo_Galaxy's rating: 1657 &rarr; <strong>1679</strong><br />(+22 for winning)
|c|☆Yelo_Galaxy|Gg
|l|☆mansonabuluting
|player|p1|
|l|☆Yelo_Galaxy
|player|p2|
