|j|☆zykke99
|j|☆cheeseguy43
|t:|1758963285
|gametype|singles
|player|p1|zykke99|2|1421
|player|p2|cheeseguy43|steven|1350
|gen|9
|tier|[Gen 9] OU
|rated|
|rule|HP Percentage Mod: HP is shown in percentages
|rule|Endless Battle Clause: Forcing endless battles is banned
|rule|Species Clause: Limit one of each Pokémon
|rule|OHKO Clause: OHKO moves are banned
|rule|Evasion Items Clause: Evasion items are banned
|rule|Evasion Moves Clause: Evasion moves are banned
|rule|Evasion Abilities Clause: Evasion abilities are banned
|rule|Sleep Moves Clause: Sleep-inducing moves are banned
|clearpoke
|poke|p1|Ninetales-Alola, M|
|poke|p1|Cetitan, M|
|poke|p1|Kyurem|
|poke|p1|Sandslash-Alola, M|
|poke|p1|Moltres|
|poke|p1|Zamazenta-*|
|poke|p2|Ninetales-Alola, M|
|poke|p2|Comfey, F|
|poke|p2|Ogerpon-Wellspring, F|
|poke|p2|Kyurem|
|poke|p2|Manaphy|
|poke|p2|Mamoswine, F|
|teampreview
|inactive|Battle timer is ON: inactive players will automatically lose when time's up. (requested by zykke99)
|inactive|cheeseguy43 has 120 seconds left.
|
|t:|1758963329
|teamsize|p1|6
|teamsize|p2|6
|start
|switch|p1a: ColdVision|Kyurem|100/100
|switch|p2a: Ninetales|Ninetales-Alola, M|100/100
|-weather|Snowscape|[from] ability: Snow Warning|[of] p2a: Ninetales
|-ability|p1a: ColdVision|Pressure
|turn|1
|
|t:|1758963346
|move|p2a: Ninetales|Aurora Veil|p2a: Ninetales
|-sidestart|p2: cheeseguy43|move: Aurora Veil
|move|p1a: ColdVision|Blizzard|p2a: Ninetales
|-resisted|p2a: Ninetales
|-damage|p2a: Ninetales|81/100
|
|-weather|Snowscape|[upkeep]
|upkeep
|turn|2
|inactive|cheeseguy43 has 120 seconds left.
|
|t:|1758963389
|switch|p1a: OneInAMilion|Sandslash-Alola, M|100/100
|move|p2a: Ninetales|Moonblast|p1a: OneInAMilion
|-resisted|p1a: OneInAMilion
|-damage|p1a: OneInAMilion|80/100
|
|-weather|Snowscape|[upkeep]
|upkeep
|turn|3
|
|t:|1758963404
|switch|p2a: Ogerpon|Ogerpon-Wellspring, F|100/100
|move|p1a: OneInAMilion|Stealth Rock|p2a: Ogerpon
|-sidestart|p2: cheeseguy43|move: Stealth Rock
|
|-weather|Snowscape|[upkeep]
|upkeep
|turn|4
|
|t:|1758963409
|move|p1a: OneInAMilion|Triple Axel|p2a: Ogerpon
|-damage|p2a: Ogerpon|94/100
|-damage|p2a: Ogerpon|81/100
|-hitcount|p2a: Ogerpon|2
|move|p2a: Ogerpon|Ivy Cudgel|p1a: OneInAMilion|[anim] Ivy Cudgel Water
|-damage|p1a: OneInAMilion|42/100
|
|-weather|Snowscape|[upkeep]
|upkeep
|turn|5
|inactive|cheeseguy43 has 120 seconds left.
|
|t:|1758963418
|move|p1a: OneInAMilion|Triple Axel|p2a: Ogerpon
|-damage|p2a: Ogerpon|75/100
|-damage|p2a: Ogerpon|61/100
|-damage|p2a: Ogerpon|42/100
|-hitcount|p2a: Ogerpon|3
|move|p2a: Ogerpon|Swords Dance|p2a: Ogerpon
|-boost|p2a: Ogerpon|atk|2
|
|-weather|none
|upkeep
|turn|6
|
|t:|1758963427
|move|p2a: Ogerpon|Ivy Cudgel|p1a: OneInAMilion|[anim] Ivy Cudgel Water
|-damage|p1a: OneInAMilion|0 fnt
|faint|p1a: OneInAMilion
|
|upkeep
|
|t:|1758963433
|switch|p1a: ColdVision|Kyurem|100/100
|-ability|p1a: ColdVision|Pressure
|turn|7
|
|t:|1758963441
|move|p2a: Ogerpon|Horn Leech|p1a: ColdVision
|-resisted|p1a: ColdVision
|-damage|p1a: ColdVision|61/100
|-heal|p2a: Ogerpon|68/100|[from] drain|[of] p1a: ColdVision
|move|p1a: ColdVision|Freeze-Dry|p2a: Ogerpon
|-supereffective|p2a: Ogerpon
|-damage|p2a: Ogerpon|0 fnt
|faint|p2a: Ogerpon
|
|upkeep
|
|t:|1758963465
|switch|p2a: Mamoswine|Mamoswine, F|100/100
|-damage|p2a: Mamoswine|88/100|[from] Stealth Rock
|turn|8
|
|t:|1758963480
|switch|p1a: Moltres|Moltres|100/100
|move|p2a: Mamoswine|Trailblaze|p1a: Moltres
|-resisted|p1a: Moltres
|-damage|p1a: Moltres|94/100
|-boost|p2a: Mamoswine|spe|1
|-damage|p2a: Mamoswine|78/100|[from] item: Life Orb
|
|-sideend|p2: cheeseguy43|move: Aurora Veil
|upkeep
|turn|9
|
|t:|1758963490
|move|p2a: Mamoswine|Icicle Crash|p1a: Moltres|[miss]
|-miss|p2a: Mamoswine|p1a: Moltres
|move|p1a: Moltres|Flamethrower|p2a: Mamoswine
|-supereffective|p2a: Mamoswine
|-damage|p2a: Mamoswine|1/100
|
|upkeep
|turn|10
|
|t:|1758963498
|move|p2a: Mamoswine|Icicle Crash|p1a: Moltres
|-damage|p1a: Moltres|25/100
|-damage|p2a: Mamoswine|0 fnt|[from] item: Life Orb
|faint|p2a: Mamoswine
|move|p1a: Moltres|U-turn|p2: Mamoswine|[notarget]
|-fail|p1a: Moltres
|
|upkeep
|
|t:|1758963507
|switch|p2a: Manaphy|Manaphy|100/100
|-damage|p2a: Manaphy|88/100|[from] Stealth Rock
|turn|11
|
|t:|1758963512
|switch|p1a: Ninetales|Ninetales-Alola, M|100/100
|-weather|Snowscape|[from] ability: Snow Warning|[of] p1a: Ninetales
|move|p2a: Manaphy|Tail Glow|p2a: Manaphy
|-boost|p2a: Manaphy|spa|3
|
|-weather|Snowscape|[upkeep]
|-heal|p2a: Manaphy|94/100|[from] item: Leftovers
|upkeep
|turn|12
|
|t:|1758963519
|move|p1a: Ninetales|Freeze-Dry|p2a: Manaphy
|-supereffective|p2a: Manaphy
|-damage|p2a: Manaphy|43/100
|move|p2a: Manaphy|Surf|p1a: Ninetales
|-damage|p1a: Ninetales|0 fnt
|faint|p1a: Ninetales
|
|-weather|Snowscape|[upkeep]
|-heal|p2a: Manaphy|49/100|[from] item: Leftovers
|upkeep
|
|t:|1758963527
|switch|p1a: ColdVision|Kyurem|61/100
|-ability|p1a: ColdVision|Pressure
|turn|13
|
|t:|1758963532
|move|p2a: Manaphy|Ice Beam|p1a: ColdVision
|-damage|p1a: ColdVision|0 fnt
|faint|p1a: ColdVision
|
|-weather|Snowscape|[upkeep]
|-heal|p2a: Manaphy|56/100|[from] item: Leftovers
|upkeep
|
|t:|1758963536
|switch|p1a: Cetitan|Cetitan, M|100/100
|turn|14
|
|t:|1758963550
|-terastallize|p1a: Cetitan|Water
|move|p1a: Cetitan|Play Rough|p2a: Manaphy
|-damage|p2a: Manaphy|25/100
|move|p2a: Manaphy|Surf|p1a: Cetitan
|-resisted|p1a: Cetitan
|-damage|p1a: Cetitan|44/100
|-enditem|p1a: Cetitan|Sitrus Berry|[eat]
|-heal|p1a: Cetitan|69/100|[from] item: Sitrus Berry
|
|-weather|Snowscape|[upkeep]
|-heal|p2a: Manaphy|31/100|[from] item: Leftovers
|upkeep
|turn|15
|
|t:|1758963565
|move|p1a: Cetitan|Play Rough|p2a: Manaphy
|-damage|p2a: Manaphy|3/100
|move|p2a: Manaphy|Stored Power|p1a: Cetitan
|-damage|p1a: Cetitan|5/100
|
|-weather|Snowscape|[upkeep]
|-heal|p2a: Manaphy|9/100|[from] item: Leftovers
|upkeep
|turn|16
|
|t:|1758963574
|move|p1a: Cetitan|Liquidation|p2a: Manaphy
|-resisted|p2a: Manaphy
|-damage|p2a: Manaphy|0 fnt
|faint|p2a: Manaphy
|
|-weather|Snowscape|[upkeep]
|upkeep
|inactive|cheeseguy43 has 120 seconds left.
|
|t:|1758963605
|switch|p2a: Comfey|Comfey, F, shiny|100/100
|-damage|p2a: Comfey|88/100|[from] Stealth Rock
|turn|17
|
|t:|1758963612
|move|p2a: Comfey|Draining Kiss|p1a: Cetitan
|-damage|p1a: Cetitan|0 fnt
|-heal|p2a: Comfey|94/100|[from] drain|[of] p1a: Cetitan
|faint|p1a: Cetitan
|
|-weather|Snowscape|[upkeep]
|-heal|p2a: Comfey|99/100|[from] item: Leftovers
|upkeep
|
|t:|1758963621
|switch|p1a: Moltres|Moltres|25/100
|turn|18
|
|t:|1758963632
|move|p1a: Moltres|Flamethrower|p2a: Comfey
|-damage|p2a: Comfey|46/100
|move|p2a: Comfey|Tera Blast|p1a: Moltres
|-damage|p1a: Moltres|0 fnt
|faint|p1a: Moltres
|
|-weather|none
|-heal|p2a: Comfey|52/100|[from] item: Leftovers
|upkeep
|
|t:|1758963637
|switch|p1a: Zamazenta|Zamazenta|100/100
|-ability|p1a: Zamazenta|Dauntless Shield|boost
|-boost|p1a: Zamazenta|def|1
|turn|19
|
|t:|1758963643
|move|p2a: Comfey|Draining Kiss|p1a: Zamazenta
|-supereffective|p1a: Zamazenta
|-damage|p1a: Zamazenta|65/100
|-heal|p2a: Comfey|86/100|[from] drain|[of] p1a: Zamazenta
|move|p1a: Zamazenta|Heavy Slam|p2a: Comfey
|-supereffective|p2a: Comfey
|-damage|p2a: Comfey|0 fnt
|faint|p2a: Comfey
|
|-heal|p1a: Zamazenta|71/100|[from] item: Leftovers
|upkeep
|
|t:|1758963653
|switch|p2a: Ninetales|Ninetales-Alola, M|81/100
|-damage|p2a: Ninetales|56/100|[from] Stealth Rock
|-weather|Snowscape|[from] ability: Snow Warning|[of] p2a: Ninetales
|turn|20
|
|t:|1758963665
|-terastallize|p2a: Ninetales|Water
|move|p1a: Zamazenta|Body Press|p2a: Ninetales
|-damage|p2a: Ninetales|1/100
|move|p2a: Ninetales|Moonblast|p1a: Zamazenta
|-supereffective|p1a: Zamazenta
|-damage|p1a: Zamazenta|27/100
|
|-weather|Snowscape|[upkeep]
|-heal|p1a: Zamazenta|33/100|[from] item: Leftovers
|upkeep
|turn|21
|
|t:|1758963678
|move|p1a: Zamazenta|Body Press|p2a: Ninetales
|-damage|p2a: Ninetales|0 fnt
|faint|p2a: Ninetales
|
|-weather|Snowscape|[upkeep]
|-heal|p1a: Zamazenta|40/100|[from] item: Leftovers
|upkeep
|
|t:|1758963680
|switch|p2a: Kyurem|Kyurem|100/100
|-damage|p2a: Kyurem|76/100|[from] Stealth Rock
|-ability|p2a: Kyurem|Pressure
|turn|22
|
|t:|1758963688
|move|p1a: Zamazenta|Body Press|p2a: Kyurem
|-supereffective|p2a: Kyurem
|-damage|p2a: Kyurem|10/100
|move|p2a: Kyurem|Dragon Dance|p2a: Kyurem
|-boost|p2a: Kyurem|atk|1
|-boost|p2a: Kyurem|spe|1
|
|-weather|Snowscape|[upkeep]
|-heal|p1a: Zamazenta|46/100|[from] item: Leftovers
|upkeep
|turn|23
|c|☆cheeseguy43|gg
|
|t:|1758963698
|move|p2a: Kyurem|Icicle Spear|p1a: Zamazenta
|-damage|p1a: Zamazenta|35/100
|-damage|p1a: Zamazenta|23/100
|-damage|p1a: Zamazenta|12/100
|-damage|p1a: Zamazenta|0 fnt
|faint|p1a: Zamazenta
|-hitcount|p1: Zamazenta|4
|
|win|cheeseguy43
|raw|zykke99's rating: 1421 &rarr; <strong>1397</strong><br />(-24 for losing)
|raw|cheeseguy43's rating: 1350 &rarr; <strong>1374</strong><br />(+24 for winning)
|l|☆zykke99
|player|p1|
|l|☆cheeseguy43
|player|p2|
