|badge|p2|silver|gen9ou|30-6
|html|<div class="broadcast-red"><strong>This battle is required to be public due to one or more player having a season medal.</strong><br />During the public phase, you can discuss the state of the ladder <a href="/seasondiscussion">in a special chatroom.</a></div>
|uhtml|medal-msg|<div class="broadcast-blue">Curious what those medals under the avatar are? PS now has Ladder Seasons! For more information, check out the <a href="https://www.smogon.com/forums/threads/3740067/">thread on Smogon.</a></div>
|raw|<div class="broadcast-blue"><strong>This battle is required to be public due to a player having a name starting with 'medal'.</div>
|j|☆TrentMercer
|j|☆shikuleo
|t:|1758961615
|gametype|singles
|player|p1|TrentMercer|n|1693
|player|p2|shikuleo|pokekid|1930
|gen|9
|tier|[Gen 9] OU
|rated|
|rule|HP Percentage Mod: HP is shown in percentages
|rule|Endless Battle Clause: Forcing endless battles is banned
|rule|Species Clause: Limit one of each Pokémon
|rule|OHKO Clause: OHKO moves are banned
|rule|Evasion Items Clause: Evasion items are banned
|rule|Evasion Moves Clause: Evasion moves are banned
|rule|Evasion Abilities Clause: Evasion abilities are banned
|rule|Sleep Moves Clause: Sleep-inducing moves are banned
|clearpoke
|poke|p1|Great Tusk|
|poke|p1|Slowking-Galar, F|
|poke|p1|Cinderace, M|
|poke|p1|Crawdaunt, F|
|poke|p1|Zapdos|
|poke|p1|Gholdengo|
|poke|p2|Dondozo, M|
|poke|p2|Slowking-Galar, M|
|poke|p2|Tinkaton, F|
|poke|p2|Dragapult, M|
|poke|p2|Ogerpon, F|
|poke|p2|Gliscor, M|
|teampreview
|j| locked in bro
|j| larp legion
|
|t:|1758961633
|teamsize|p1|6
|teamsize|p2|6
|start
|switch|p1a: Slowking|Slowking-Galar, F|100/100
|switch|p2a: Leviathan|Dragapult, M, shiny|100/100
|turn|1
|
|t:|1758961639
|move|p2a: Leviathan|U-turn|p1a: Slowking
|-damage|p1a: Slowking|79/100
|
|t:|1758961641
|switch|p2a: Smile.exe|Tinkaton, F, shiny|100/100|[from] U-turn
|-item|p2a: Smile.exe|Air Balloon
|move|p1a: Slowking|Ice Beam|p2a: Smile.exe
|-resisted|p2a: Smile.exe
|-damage|p2a: Smile.exe|85/100
|-enditem|p2a: Smile.exe|Air Balloon
|
|upkeep
|turn|2
|
|t:|1758961648
|move|p2a: Smile.exe|Gigaton Hammer|p1a: Slowking
|-damage|p1a: Slowking|20/100
|move|p1a: Slowking|Flamethrower|p2a: Smile.exe
|-supereffective|p2a: Smile.exe
|-damage|p2a: Smile.exe|24/100
|
|upkeep
|turn|3
|
|t:|1758961658
|switch|p1a: Zapdos|Zapdos|100/100
|move|p2a: Smile.exe|Stealth Rock|p1a: Zapdos
|-sidestart|p1: TrentMercer|move: Stealth Rock
|
|upkeep
|turn|4
|
|t:|1758961664
|switch|p2a: Mantra|Slowking-Galar, M, shiny|100/100
|move|p1a: Zapdos|Hurricane|p2a: Mantra|[miss]
|-miss|p1a: Zapdos|p2a: Mantra
|
|upkeep
|turn|5
|
|t:|1758961670
|move|p1a: Zapdos|Volt Switch|p2a: Mantra
|-damage|p2a: Mantra|82/100
|
|t:|1758961675
|switch|p1a: Crawdaunt|Crawdaunt, F|100/100|[from] Volt Switch
|-damage|p1a: Crawdaunt|88/100|[from] Stealth Rock
|move|p2a: Mantra|Future Sight|p1a: Crawdaunt
|-start|p2a: Mantra|move: Future Sight
|
|upkeep
|turn|6
|
|t:|1758961685
|switch|p2a: Smile.exe|Tinkaton, F, shiny|24/100
|move|p1a: Crawdaunt|Knock Off|p2a: Smile.exe
|-resisted|p2a: Smile.exe
|-damage|p2a: Smile.exe|0 fnt
|faint|p2a: Smile.exe
|
|upkeep
|
|t:|1758961687
|switch|p2a: Anonymous|Ogerpon, F|100/100
|turn|7
|
|t:|1758961693
|switch|p1a: Zapdos|Zapdos|100/100
|-terastallize|p2a: Anonymous|Grass
|detailschange|p2a: Anonymous|Ogerpon-Teal-Tera, F, tera:Grass
|-ability|p2a: Anonymous|Embody Aspect (Teal)|boost
|-boost|p2a: Anonymous|spe|1
|move|p2a: Anonymous|Knock Off|p1a: Zapdos
|-damage|p1a: Zapdos|77/100
|-enditem|p1a: Zapdos|Heavy-Duty Boots|[from] move: Knock Off|[of] p2a: Anonymous
|
|-end|p1a: Zapdos|move: Future Sight
|-damage|p1a: Zapdos|32/100
|upkeep
|turn|8
|
|t:|1758961705
|switch|p2a: Scorpiox|Gliscor, M, shiny|100/100
|move|p1a: Zapdos|Roost|p1a: Zapdos
|-heal|p1a: Zapdos|82/100
|-singleturn|p1a: Zapdos|move: Roost
|
|-status|p2a: Scorpiox|tox|[from] item: Toxic Orb
|upkeep
|turn|9
|
|t:|1758961710
|switch|p1a: Great Tusk|Great Tusk|100/100
|-damage|p1a: Great Tusk|98/100|[from] Stealth Rock
|-enditem|p1a: Great Tusk|Booster Energy
|-activate|p1a: Great Tusk|ability: Protosynthesis|[fromitem]
|-start|p1a: Great Tusk|protosynthesisatk
|move|p2a: Scorpiox|Swords Dance|p2a: Scorpiox
|-boost|p2a: Scorpiox|atk|2
|
|upkeep
|turn|10
|
|t:|1758961724
|switch|p2a: WRLD|Dondozo, M, shiny|100/100
|move|p1a: Great Tusk|Ice Spinner|p2a: WRLD
|-resisted|p2a: WRLD
|-damage|p2a: WRLD|93/100
|
|upkeep
|turn|11
|
|t:|1758961731
|-end|p1a: Great Tusk|Protosynthesis|[silent]
|switch|p1a: Zapdos|Zapdos|82/100
|-damage|p1a: Zapdos|57/100|[from] Stealth Rock
|move|p2a: WRLD|Wave Crash|p1a: Zapdos
|-damage|p1a: Zapdos|28/100
|-damage|p2a: WRLD|85/100|[from] Recoil
|
|upkeep
|turn|12
|
|t:|1758961739
|switch|p2a: Scorpiox|Gliscor, M, shiny|100/100 tox
|move|p1a: Zapdos|Roost|p1a: Zapdos
|-heal|p1a: Zapdos|78/100
|-singleturn|p1a: Zapdos|move: Roost
|
|upkeep
|turn|13
|
|t:|1758961742
|move|p2a: Scorpiox|Facade|p1a: Zapdos
|-damage|p1a: Zapdos|50/100
|move|p1a: Zapdos|Hurricane|p2a: Scorpiox|[miss]
|-miss|p1a: Zapdos|p2a: Scorpiox
|
|upkeep
|turn|14
|
|t:|1758961748
|move|p2a: Scorpiox|Swords Dance|p2a: Scorpiox
|-boost|p2a: Scorpiox|atk|2
|move|p1a: Zapdos|Roost|p1a: Zapdos
|-heal|p1a: Zapdos|99/100
|-singleturn|p1a: Zapdos|move: Roost
|
|upkeep
|turn|15
|
|t:|1758961752
|move|p2a: Scorpiox|Facade|p1a: Zapdos
|-crit|p1a: Zapdos
|-damage|p1a: Zapdos|9/100
|move|p1a: Zapdos|Hurricane|p2a: Scorpiox|[miss]
|-miss|p1a: Zapdos|p2a: Scorpiox
|
|upkeep
|turn|16
|
|t:|1758961763
|move|p2a: Scorpiox|Facade|p1a: Zapdos
|-damage|p1a: Zapdos|0 fnt
|faint|p1a: Zapdos
|
|upkeep
|
|t:|1758961777
|switch|p1a: Great Tusk|Great Tusk|98/100
|-damage|p1a: Great Tusk|95/100|[from] Stealth Rock
|turn|17
|
|t:|1758961780
|move|p2a: Scorpiox|Facade|p1a: Great Tusk
|-damage|p1a: Great Tusk|34/100
|move|p1a: Great Tusk|Ice Spinner|p2a: Scorpiox
|-supereffective|p2a: Scorpiox
|-damage|p2a: Scorpiox|0 fnt
|faint|p2a: Scorpiox
|
|upkeep
|
|t:|1758961784
|switch|p2a: Leviathan|Dragapult, M, shiny|100/100
|turn|18
|
|t:|1758961789
|move|p2a: Leviathan|Hex|p1a: Great Tusk
|-damage|p1a: Great Tusk|0 fnt
|faint|p1a: Great Tusk
|-end|p1a: Great Tusk|Protosynthesis|[silent]
|
|upkeep
|
|t:|1758961793
|switch|p1a: Gholdengo|Gholdengo|100/100
|-damage|p1a: Gholdengo|94/100|[from] Stealth Rock
|turn|19
|
|t:|1758961803
|switch|p2a: Mantra|Slowking-Galar, M, shiny|100/100
|move|p1a: Gholdengo|Shadow Ball|p2a: Mantra
|-supereffective|p2a: Mantra
|-damage|p2a: Mantra|53/100
|
|upkeep
|turn|20
|
|t:|1758961814
|move|p1a: Gholdengo|Shadow Ball|p2a: Mantra
|-supereffective|p2a: Mantra
|-damage|p2a: Mantra|3/100
|-unboost|p2a: Mantra|spd|1
|-prepare|p2a: Mantra|Chilly Reception|[premajor]
|move|p2a: Mantra|Chilly Reception|p2a: Mantra
|-weather|Snowscape
|
|t:|1758961817
|switch|p2a: Anonymous|Ogerpon-Teal-Tera, F, tera:Grass|100/100|[from] Chilly Reception
|-ability|p2a: Anonymous|Embody Aspect (Teal)|boost
|-boost|p2a: Anonymous|spe|1
|
|-weather|Snowscape|[upkeep]
|upkeep
|turn|21
|
|t:|1758961828
|move|p2a: Anonymous|Knock Off|p1a: Gholdengo
|-supereffective|p1a: Gholdengo
|-damage|p1a: Gholdengo|25/100
|-enditem|p1a: Gholdengo|Choice Scarf|[from] move: Knock Off|[of] p2a: Anonymous
|move|p1a: Gholdengo|Shadow Ball|p2a: Anonymous
|-damage|p2a: Anonymous|51/100
|
|-weather|Snowscape|[upkeep]
|upkeep
|turn|22
|
|t:|1758961837
|move|p2a: Anonymous|Ivy Cudgel|p1a: Gholdengo
|-resisted|p1a: Gholdengo
|-damage|p1a: Gholdengo|0 fnt
|faint|p1a: Gholdengo
|
|-weather|Snowscape|[upkeep]
|upkeep
|
|t:|1758961844
|switch|p1a: Cinderace|Cinderace, M|100/100
|turn|23
|
|t:|1758961852
|move|p2a: Anonymous|Knock Off|p1a: Cinderace
|-damage|p1a: Cinderace|58/100
|-enditem|p1a: Cinderace|Heavy-Duty Boots|[from] move: Knock Off|[of] p2a: Anonymous
|move|p1a: Cinderace|U-turn|p2a: Anonymous
|-start|p1a: Cinderace|typechange|Bug|[from] ability: Libero
|-supereffective|p2a: Anonymous
|-damage|p2a: Anonymous|0 fnt
|faint|p2a: Anonymous
|detailschange|p2: Anonymous|Ogerpon, F|[silent]
|
|t:|1758961857
|switch|p1a: Slowking|Slowking-Galar, F|54/100|[from] U-turn
|-damage|p1a: Slowking|41/100|[from] Stealth Rock
|
|-weather|Snowscape|[upkeep]
|upkeep
|
|t:|1758961860
|switch|p2a: Leviathan|Dragapult, M, shiny|100/100
|turn|24
|
|t:|1758961865
|switch|p1a: Cinderace|Cinderace, M|58/100
|-damage|p1a: Cinderace|33/100|[from] Stealth Rock
|move|p2a: Leviathan|Dragon Darts|p1a: Cinderace
|-damage|p1a: Cinderace|0 fnt
|faint|p1a: Cinderace
|
|-weather|none
|upkeep
|
|t:|1758961871
|switch|p1a: Slowking|Slowking-Galar, F|74/100
|-damage|p1a: Slowking|62/100|[from] Stealth Rock
|turn|25
|
|t:|1758961876
|move|p2a: Leviathan|U-turn|p1a: Slowking
|-damage|p1a: Slowking|39/100
|
|t:|1758961879
|switch|p2a: WRLD|Dondozo, M, shiny|85/100|[from] U-turn
|move|p1a: Slowking|Ice Beam|p2a: WRLD
|-resisted|p2a: WRLD
|-damage|p2a: WRLD|72/100
|
|upkeep
|turn|26
|
|t:|1758961887
|switch|p1a: Crawdaunt|Crawdaunt, F|88/100
|-damage|p1a: Crawdaunt|76/100|[from] Stealth Rock
|move|p2a: WRLD|Wave Crash|p1a: Crawdaunt
|-resisted|p1a: Crawdaunt
|-damage|p1a: Crawdaunt|48/100
|-damage|p2a: WRLD|68/100|[from] Recoil
|
|upkeep
|turn|27
|
|t:|1758961893
|move|p1a: Crawdaunt|Knock Off|p2a: WRLD
|-damage|p2a: WRLD|22/100
|-enditem|p2a: WRLD|Heavy-Duty Boots|[from] move: Knock Off|[of] p1a: Crawdaunt
|move|p2a: WRLD|Body Press|p1a: Crawdaunt
|-supereffective|p1a: Crawdaunt
|-damage|p1a: Crawdaunt|0 fnt
|faint|p1a: Crawdaunt
|
|upkeep
|
|t:|1758961900
|switch|p1a: Slowking|Slowking-Galar, F|73/100
|-damage|p1a: Slowking|60/100|[from] Stealth Rock
|turn|28
|
|t:|1758961903
|move|p2a: WRLD|Wave Crash|p1a: Slowking
|-damage|p1a: Slowking|19/100
|-damage|p2a: WRLD|11/100|[from] Recoil
|move|p1a: Slowking|Sludge Bomb|p2a: WRLD
|-damage|p2a: WRLD|0 fnt
|faint|p2a: WRLD
|
|upkeep
|
|t:|1758961906
|switch|p2a: Leviathan|Dragapult, M, shiny|100/100
|turn|29
|-message|TrentMercer forfeited.
|
|win|shikuleo
|raw|TrentMercer's rating: 1693 &rarr; <strong>1685</strong><br />(-8 for losing)
|raw|shikuleo's rating: 1930 &rarr; <strong>1938</strong><br />(+8 for winning)
|l|☆TrentMercer
|player|p1|
|l|☆shikuleo
|player|p2|
|l| larp legion
|l| locked in bro
