|j|☆emspottie
|j|☆CadenG18
|t:|1759033323
|gametype|singles
|player|p1|emspottie|cynthia|
|player|p2|CadenG18|hilbert|
|gen|9
|tier|[Gen 9] OU
|rule|HP Percentage Mod: HP is shown in percentages
|rule|Endless Battle Clause: Forcing endless battles is banned
|rule|Species Clause: Limit one of each Pokémon
|rule|OHKO Clause: OHKO moves are banned
|rule|Evasion Items Clause: Evasion items are banned
|rule|Evasion Moves Clause: Evasion moves are banned
|rule|Evasion Abilities Clause: Evasion abilities are banned
|rule|Sleep Moves Clause: Sleep-inducing moves are banned
|clearpoke
|poke|p1|Keldeo-Resolute|
|poke|p1|Raging Bolt|
|poke|p1|Great Tusk|
|poke|p1|Kommo-o, F|
|poke|p1|Iron Valiant|
|poke|p1|Darkrai|
|poke|p2|Greninja-*, M|
|poke|p2|Ceruledge, F|
|poke|p2|Armarouge, F|
|poke|p2|Hydreigon, F|
|poke|p2|Kommo-o, M|
|poke|p2|Tsareena, F|
|teampreview
|inactive|Battle timer is ON: inactive players will automatically lose when time's up. (requested by CadenG18)
|c|☆CadenG18|good luck
|c|☆emspottie|gl
|
|t:|1759033337
|teamsize|p1|6
|teamsize|p2|6
|start
|switch|p1a: mammoth|Great Tusk|100/100
|switch|p2a: Megumi|Greninja, M, shiny|100/100
|turn|1
|
|t:|1759033350
|move|p2a: Megumi|Hydro Pump|p1a: mammoth
|-start|p2a: Megumi|typechange|Water|[from] ability: Protean
|-supereffective|p1a: mammoth
|-enditem|p1a: mammoth|Focus Sash
|-damage|p1a: mammoth|1/100
|-damage|p2a: Megumi|91/100|[from] item: Life Orb
|move|p1a: mammoth|Stealth Rock|p2a: Megumi
|-sidestart|p2: CadenG18|move: Stealth Rock
|
|upkeep
|turn|2
|
|t:|1759033362
|move|p2a: Megumi|Sludge Wave|p1a: mammoth
|-resisted|p1a: mammoth
|-damage|p1a: mammoth|0 fnt
|faint|p1a: mammoth
|-end|p1a: mammoth|Protosynthesis|[silent]
|-damage|p2a: Megumi|81/100|[from] item: Life Orb
|
|upkeep
|
|t:|1759033365
|switch|p1a: Rаikou|Raging Bolt|100/100
|-enditem|p1a: Rаikou|Booster Energy
|-activate|p1a: Rаikou|ability: Protosynthesis|[fromitem]
|-start|p1a: Rаikou|protosynthesisspa
|turn|3
|
|t:|1759033382
|move|p2a: Megumi|Ice Beam|p1a: Rаikou
|-supereffective|p1a: Rаikou
|-damage|p1a: Rаikou|34/100
|-damage|p2a: Megumi|71/100|[from] item: Life Orb
|move|p1a: Rаikou|Thunderbolt|p2a: Megumi
|-supereffective|p2a: Megumi
|-damage|p2a: Megumi|0 fnt
|faint|p2a: Megumi
|
|upkeep
|
|t:|1759033390
|switch|p2a: Cybele|Tsareena, F|100/100
|turn|4
|
|t:|1759033406
|move|p1a: Rаikou|Thunderclap||[still]
|cant|p2a: Cybele|ability: Queenly Majesty|Thunderclap|[of] p1a: Rаikou
|move|p2a: Cybele|Rapid Spin|p1a: Rаikou
|-damage|p1a: Rаikou|16/100
|-boost|p2a: Cybele|spe|1
|-sideend|p2: CadenG18|Stealth Rock|[from] move: Rapid Spin|[of] p2a: Cybele
|
|upkeep
|turn|5
|
|t:|1759033423
|move|p2a: Cybele|Play Rough|p1a: Rаikou
|-supereffective|p1a: Rаikou
|-damage|p1a: Rаikou|0 fnt
|faint|p1a: Rаikou
|-end|p1a: Rаikou|Protosynthesis|[silent]
|
|upkeep
|
|t:|1759033431
|switch|p1a: dark ræ|Darkrai|100/100
|turn|6
|
|t:|1759033446
|-terastallize|p1a: dark ræ|Poison
|move|p1a: dark ræ|Ice Beam|p2a: Cybele
|-supereffective|p2a: Cybele
|-damage|p2a: Cybele|32/100
|move|p2a: Cybele|Play Rough|p1a: dark ræ
|-resisted|p1a: dark ræ
|-damage|p1a: dark ræ|79/100
|
|upkeep
|turn|7
|
|t:|1759033462
|move|p1a: dark ræ|Ice Beam|p2a: Cybele
|-supereffective|p2a: Cybele
|-damage|p2a: Cybele|0 fnt
|faint|p2a: Cybele
|
|upkeep
|
|t:|1759033473
|switch|p2a: Soleia|Armarouge, F, shiny|100/100
|turn|8
|
|t:|1759033479
|move|p1a: dark ræ|Dark Pulse|p2a: Soleia
|-supereffective|p2a: Soleia
|-enditem|p2a: Soleia|Focus Sash
|-damage|p2a: Soleia|1/100
|move|p2a: Soleia|Psychic|p1a: dark ræ
|-supereffective|p1a: dark ræ
|-damage|p1a: dark ræ|0 fnt
|faint|p1a: dark ræ
|
|upkeep
|
|t:|1759033487
|switch|p1a: narpony|Keldeo-Resolute|100/100
|turn|9
|
|t:|1759033492
|move|p1a: narpony|Vacuum Wave|p2a: Soleia
|-resisted|p2a: Soleia
|-damage|p2a: Soleia|0 fnt
|faint|p2a: Soleia
|
|upkeep
|
|t:|1759033513
|switch|p2a: Tsuyo-sa|Kommo-o, M|100/100
|turn|10
|
|t:|1759033522
|move|p1a: narpony|Flip Turn|p2a: Tsuyo-sa
|-resisted|p2a: Tsuyo-sa
|-damage|p2a: Tsuyo-sa|94/100
|
|t:|1759033526
|switch|p1a: schrödinger's|Iron Valiant|100/100|[from] Flip Turn
|-enditem|p1a: schrödinger's|Booster Energy
|-activate|p1a: schrödinger's|ability: Quark Drive|[fromitem]
|-start|p1a: schrödinger's|quarkdrivespe
|move|p2a: Tsuyo-sa|Clangorous Soul|p2a: Tsuyo-sa
|-boost|p2a: Tsuyo-sa|atk|1
|-boost|p2a: Tsuyo-sa|def|1
|-boost|p2a: Tsuyo-sa|spa|1
|-boost|p2a: Tsuyo-sa|spd|1
|-boost|p2a: Tsuyo-sa|spe|1
|-damage|p2a: Tsuyo-sa|61/100
|
|-heal|p2a: Tsuyo-sa|67/100|[from] item: Leftovers
|upkeep
|turn|11
|
|t:|1759033544
|-terastallize|p2a: Tsuyo-sa|Steel
|move|p1a: schrödinger's|Encore|p2a: Tsuyo-sa
|-start|p2a: Tsuyo-sa|Encore
|move|p2a: Tsuyo-sa|Clangorous Soul|p2a: Tsuyo-sa
|-boost|p2a: Tsuyo-sa|atk|1
|-boost|p2a: Tsuyo-sa|def|1
|-boost|p2a: Tsuyo-sa|spa|1
|-boost|p2a: Tsuyo-sa|spd|1
|-boost|p2a: Tsuyo-sa|spe|1
|-damage|p2a: Tsuyo-sa|34/100
|
|-heal|p2a: Tsuyo-sa|40/100|[from] item: Leftovers
|upkeep
|turn|12
|c|☆CadenG18|sigh
|c|☆emspottie|yeahhh
|c|☆emspottie|so is the power of iron valiant
|c|☆CadenG18|LMAO
|inactive|emspottie has 270 seconds left.
|
|t:|1759033571
|move|p2a: Tsuyo-sa|Clangorous Soul|p2a: Tsuyo-sa
|-boost|p2a: Tsuyo-sa|atk|1
|-boost|p2a: Tsuyo-sa|def|1
|-boost|p2a: Tsuyo-sa|spa|1
|-boost|p2a: Tsuyo-sa|spd|1
|-boost|p2a: Tsuyo-sa|spe|1
|-damage|p2a: Tsuyo-sa|7/100
|move|p1a: schrödinger's|Knock Off|p2a: Tsuyo-sa
|-damage|p2a: Tsuyo-sa|0 fnt
|-enditem|p2a: Tsuyo-sa|Leftovers|[from] move: Knock Off|[of] p1a: schrödinger's
|faint|p2a: Tsuyo-sa
|
|upkeep
|inactive|CadenG18 has 270 seconds left.
|
|t:|1759033601
|switch|p2a: Cieri|Ceruledge, F, shiny|100/100
|turn|13
|
|t:|1759033612
|move|p1a: schrödinger's|Knock Off|p2a: Cieri
|-supereffective|p2a: Cieri
|-damage|p2a: Cieri|16/100
|-enditem|p2a: Cieri|Focus Sash|[from] move: Knock Off|[of] p1a: schrödinger's
|move|p2a: Cieri|Swords Dance|p2a: Cieri
|-boost|p2a: Cieri|atk|2
|
|upkeep
|turn|14
|
|t:|1759033618
|move|p2a: Cieri|Shadow Sneak|p1a: schrödinger's
|-damage|p1a: schrödinger's|44/100
|move|p1a: schrödinger's|Knock Off|p2a: Cieri
|-supereffective|p2a: Cieri
|-damage|p2a: Cieri|0 fnt
|faint|p2a: Cieri
|
|upkeep
|
|t:|1759033625
|switch|p2a: Yamata|Hydreigon, F|100/100
|turn|15
|
|t:|1759033640
|move|p1a: schrödinger's|Close Combat|p2a: Yamata
|-supereffective|p2a: Yamata
|-damage|p2a: Yamata|0 fnt
|-unboost|p1a: schrödinger's|def|1
|-unboost|p1a: schrödinger's|spd|1
|faint|p2a: Yamata
|
|win|emspottie
|c|☆CadenG18|ggs
|c|☆emspottie|gg
