|j|☆TUMECENTZELL
|j|☆Hai_Dark
|t:|1758949212
|gametype|singles
|player|p1|TUMECENTZELL|170|1364
|player|p2|Hai_Dark|169|1356
|gen|9
|tier|[Gen 9] OU
|rated|
|rule|HP Percentage Mod: HP is shown in percentages
|rule|Endless Battle Clause: Forcing endless battles is banned
|rule|Species Clause: Limit one of each Pokémon
|rule|OHKO Clause: OHKO moves are banned
|rule|Evasion Items Clause: Evasion items are banned
|rule|Evasion Moves Clause: Evasion moves are banned
|rule|Evasion Abilities Clause: Evasion abilities are banned
|rule|Sleep Moves Clause: Sleep-inducing moves are banned
|clearpoke
|poke|p1|Lokix, F|
|poke|p1|Goodra-Hisui, F|
|poke|p1|Slowbro, F|
|poke|p1|Corviknight, F|
|poke|p1|Staraptor, F|
|poke|p1|Iron Moth|
|poke|p2|Cinderace, F|
|poke|p2|Corviknight, M|
|poke|p2|Greninja-*, M|
|poke|p2|Skeledirge, M|
|poke|p2|Blissey, F|
|poke|p2|Samurott-Hisui, M|
|teampreview
|inactive|Battle timer is ON: inactive players will automatically lose when time's up. (requested by TUMECENTZELL)
|
|t:|1758949223
|teamsize|p1|6
|teamsize|p2|6
|start
|switch|p1a: Staraptor|Staraptor, F|100/100
|switch|p2a: Samurott|Samurott-Hisui, M, shiny|100/100
|turn|1
|
|t:|1758949234
|-terastallize|p2a: Samurott|Fire
|move|p1a: Staraptor|Close Combat|p2a: Samurott
|-damage|p2a: Samurott|43/100
|-unboost|p1a: Staraptor|def|1
|-unboost|p1a: Staraptor|spd|1
|move|p2a: Samurott|Ceaseless Edge|p1a: Staraptor
|-damage|p1a: Staraptor|0 fnt
|-sidestart|p1: TUMECENTZELL|Spikes
|faint|p1a: Staraptor
|
|upkeep
|
|t:|1758949256
|switch|p1a: Slowbro|Slowbro, F|100/100
|-damage|p1a: Slowbro|88/100|[from] Spikes
|turn|2
|
|t:|1758949261
|move|p2a: Samurott|Ceaseless Edge|p1a: Slowbro
|-supereffective|p1a: Slowbro
|-damage|p1a: Slowbro|3/100
|-sidestart|p1: TUMECENTZELL|Spikes
|move|p1a: Slowbro|Scald|p2a: Samurott
|-supereffective|p2a: Samurott
|-damage|p2a: Samurott|0 fnt
|faint|p2a: Samurott
|
|-heal|p1a: Slowbro|9/100|[from] item: Leftovers
|upkeep
|
|t:|1758949272
|switch|p2a: Cinderace|Cinderace, F|100/100
|turn|3
|
|t:|1758949284
|switch|p1a: Corviknight|Corviknight, F|100/100
|-ability|p1a: Corviknight|Pressure
|move|p2a: Cinderace|U-turn|p1a: Corviknight
|-start|p2a: Cinderace|typechange|Bug|[from] ability: Libero
|-resisted|p1a: Corviknight
|-damage|p1a: Corviknight|95/100
|-damage|p2a: Cinderace|84/100|[from] item: Rocky Helmet|[of] p1a: Corviknight
|
|t:|1758949296
|switch|p2a: Skeledirge|Skeledirge, M|100/100|[from] U-turn
|
|upkeep
|turn|4
|
|t:|1758949301
|switch|p1a: Goodra|Goodra-Hisui, F|100/100
|-damage|p1a: Goodra|84/100|[from] Spikes
|move|p2a: Skeledirge|Torch Song|p1a: Goodra
|-damage|p1a: Goodra|71/100
|-boost|p2a: Skeledirge|spa|1
|
|upkeep
|turn|5
|
|t:|1758949311
|move|p2a: Skeledirge|Torch Song|p1a: Goodra
|-damage|p1a: Goodra|51/100
|-boost|p2a: Skeledirge|spa|1
|move|p1a: Goodra|Surf|p2a: Skeledirge
|-supereffective|p2a: Skeledirge
|-damage|p2a: Skeledirge|38/100
|-enditem|p2a: Skeledirge|Sitrus Berry|[eat]
|-heal|p2a: Skeledirge|63/100|[from] item: Sitrus Berry
|
|upkeep
|turn|6
|
|t:|1758949326
|switch|p2a: Blissey|Blissey, F|100/100
|move|p1a: Goodra|Surf|p2a: Blissey
|-damage|p2a: Blissey|92/100
|
|-heal|p2a: Blissey|98/100|[from] item: Leftovers
|upkeep
|turn|7
|
|t:|1758949335
|switch|p1a: Lokix|Lokix, F|100/100
|switch|p2a: Cinderace|Cinderace, F|84/100
|
|upkeep
|turn|8
|inactive|TUMECENTZELL has 120 seconds left.
|
|t:|1758949371
|switch|p1a: Corviknight|Corviknight, F|95/100
|-ability|p1a: Corviknight|Pressure
|move|p2a: Cinderace|Pyro Ball|p1a: Corviknight
|-supereffective|p1a: Corviknight
|-damage|p1a: Corviknight|21/100
|
|upkeep
|turn|9
|inactive|TUMECENTZELL has 120 seconds left.
|
|t:|1758949381
|move|p2a: Cinderace|Pyro Ball|p1a: Corviknight
|-supereffective|p1a: Corviknight
|-damage|p1a: Corviknight|0 fnt
|faint|p1a: Corviknight
|
|upkeep
|
|t:|1758949400
|switch|p1a: Iron Moth|Iron Moth|100/100
|-damage|p1a: Iron Moth|84/100|[from] Spikes
|-enditem|p1a: Iron Moth|Booster Energy
|-activate|p1a: Iron Moth|ability: Quark Drive|[fromitem]
|-start|p1a: Iron Moth|quarkdrivespa
|turn|10
|
|t:|1758949408
|switch|p2a: Blissey|Blissey, F|98/100
|-terastallize|p1a: Iron Moth|Water
|move|p1a: Iron Moth|Tera Blast|p2a: Blissey|[anim] Tera Blast Water
|-crit|p2a: Blissey
|-damage|p2a: Blissey|74/100
|
|-heal|p2a: Blissey|80/100|[from] item: Leftovers
|upkeep
|turn|11
|
|t:|1758949418
|move|p1a: Iron Moth|Fiery Dance|p2a: Blissey
|-damage|p2a: Blissey|64/100
|move|p2a: Blissey|Stealth Rock|p1a: Iron Moth
|-sidestart|p1: TUMECENTZELL|move: Stealth Rock
|
|-heal|p2a: Blissey|70/100|[from] item: Leftovers
|upkeep
|turn|12
|inactive|TUMECENTZELL has 120 seconds left.
|
|t:|1758949430
|move|p1a: Iron Moth|Fiery Dance|p2a: Blissey
|-damage|p2a: Blissey|55/100
|move|p2a: Blissey|Seismic Toss|p1a: Iron Moth
|-damage|p1a: Iron Moth|51/100
|
|-heal|p2a: Blissey|62/100|[from] item: Leftovers
|upkeep
|turn|13
|inactive|TUMECENTZELL has 120 seconds left.
|
|t:|1758949437
|move|p1a: Iron Moth|Fiery Dance|p2a: Blissey
|-damage|p2a: Blissey|44/100
|-boost|p1a: Iron Moth|spa|1
|move|p2a: Blissey|Soft-Boiled|p2a: Blissey
|-heal|p2a: Blissey|94/100
|
|-heal|p2a: Blissey|100/100|[from] item: Leftovers
|upkeep
|turn|14
|
|t:|1758949445
|move|p1a: Iron Moth|Sludge Wave|p2a: Blissey
|-damage|p2a: Blissey|71/100
|move|p2a: Blissey|Seismic Toss|p1a: Iron Moth
|-damage|p1a: Iron Moth|18/100
|
|-heal|p2a: Blissey|77/100|[from] item: Leftovers
|upkeep
|turn|15
|
|t:|1758949452
|move|p1a: Iron Moth|Sludge Wave|p2a: Blissey
|-damage|p2a: Blissey|48/100
|move|p2a: Blissey|Seismic Toss|p1a: Iron Moth
|-damage|p1a: Iron Moth|0 fnt
|faint|p1a: Iron Moth
|-end|p1a: Iron Moth|Quark Drive|[silent]
|
|-heal|p2a: Blissey|54/100|[from] item: Leftovers
|upkeep
|
|t:|1758949461
|switch|p1a: Lokix|Lokix, F|100/100
|turn|16
|
|t:|1758949466
|switch|p2a: Corviknight|Corviknight, M|100/100
|move|p1a: Lokix|Axe Kick|p2a: Corviknight
|-damage|p2a: Corviknight|79/100
|-damage|p1a: Lokix|84/100|[from] item: Rocky Helmet|[of] p2a: Corviknight
|
|upkeep
|turn|17
|
|t:|1758949475
|switch|p1a: Slowbro|Slowbro, F|42/100
|-damage|p1a: Slowbro|26/100|[from] Spikes
|-damage|p1a: Slowbro|13/100|[from] Stealth Rock
|move|p2a: Corviknight|U-turn|p1a: Slowbro
|-supereffective|p1a: Slowbro
|-damage|p1a: Slowbro|0 fnt
|faint|p1a: Slowbro
|
|t:|1758949483
|switch|p2a: Cinderace|Cinderace, F|84/100|[from] U-turn
|
|upkeep
|
|t:|1758949505
|switch|p1a: Lokix|Lokix, F|84/100
|turn|18
|
|t:|1758949509
|switch|p2a: Corviknight|Corviknight, M|79/100
|move|p1a: Lokix|First Impression|p2a: Corviknight
|-resisted|p2a: Corviknight
|-damage|p2a: Corviknight|67/100
|-damage|p1a: Lokix|67/100|[from] item: Rocky Helmet|[of] p2a: Corviknight
|
|upkeep
|turn|19
|
|t:|1758949518
|move|p1a: Lokix|Knock Off|p2a: Corviknight
|-damage|p2a: Corviknight|39/100
|-damage|p1a: Lokix|51/100|[from] item: Rocky Helmet|[of] p2a: Corviknight
|-enditem|p2a: Corviknight|Rocky Helmet|[from] move: Knock Off|[of] p1a: Lokix
|move|p2a: Corviknight|U-turn|p1a: Lokix
|-supereffective|p1a: Lokix
|-damage|p1a: Lokix|6/100
|
|t:|1758949526
|switch|p2a: Cinderace|Cinderace, F|84/100|[from] U-turn
|
|upkeep
|turn|20
|
|t:|1758949532
|move|p1a: Lokix|Sucker Punch|p2a: Cinderace
|-damage|p2a: Cinderace|33/100
|move|p2a: Cinderace|High Jump Kick|p1a: Lokix|[miss]
|-start|p2a: Cinderace|typechange|Fighting|[from] ability: Libero
|-miss|p2a: Cinderace|p1a: Lokix
|-damage|p2a: Cinderace|0 fnt|[from] highjumpkick
|faint|p2a: Cinderace
|
|upkeep
|
|t:|1758949536
|switch|p2a: Greninja|Greninja, M|100/100
|turn|21
|
|t:|1758949560
|move|p2a: Greninja|Water Shuriken|p1a: Lokix
|-damage|p1a: Lokix|0 fnt
|faint|p1a: Lokix
|-ability|p2a: Greninja|Battle Bond|boost
|-boost|p2a: Greninja|atk|1
|-boost|p2a: Greninja|spa|1
|-boost|p2a: Greninja|spe|1
|-activate|p2a: Greninja|ability: Battle Bond
|-hitcount|p1: Lokix|1
|
|upkeep
|
|t:|1758949568
|switch|p1a: Goodra|Goodra-Hisui, F|51/100
|-damage|p1a: Goodra|35/100|[from] Spikes
|-damage|p1a: Goodra|29/100|[from] Stealth Rock
|turn|22
|
|t:|1758949575
|move|p2a: Greninja|Ice Beam|p1a: Goodra
|-damage|p1a: Goodra|8/100
|move|p1a: Goodra|Thunderbolt|p2a: Greninja
|-supereffective|p2a: Greninja
|-damage|p2a: Greninja|4/100
|
|upkeep
|turn|23
|-message|TUMECENTZELL forfeited.
|
|win|Hai_Dark
|raw|TUMECENTZELL's rating: 1364 &rarr; <strong>1344</strong><br />(-20 for losing)
|raw|Hai_Dark's rating: 1356 &rarr; <strong>1376</strong><br />(+20 for winning)
|l|☆TUMECENTZELL
|player|p1|
|l|☆Hai_Dark
|player|p2|
