|j|☆hungrymane
|j|☆a calm mind
|t:|1758935828
|gametype|singles
|player|p1|hungrymane|169|1778
|player|p2|a calm mind|unknownf|1737
|gen|9
|tier|[Gen 9] OU
|rated|
|rule|HP Percentage Mod: HP is shown in percentages
|rule|Endless Battle Clause: Forcing endless battles is banned
|rule|Species Clause: Limit one of each Pokémon
|rule|OHKO Clause: OHKO moves are banned
|rule|Evasion Items Clause: Evasion items are banned
|rule|Evasion Moves Clause: Evasion moves are banned
|rule|Evasion Abilities Clause: Evasion abilities are banned
|rule|Sleep Moves Clause: Sleep-inducing moves are banned
|clearpoke
|poke|p1|Kommo-o, M|
|poke|p1|Gliscor, M|
|poke|p1|Cinderace, F|
|poke|p1|Araquanid, M|
|poke|p1|Great Tusk|
|poke|p1|Rillaboom, M|
|poke|p2|Iron Valiant|
|poke|p2|Squawkabilly, F|
|poke|p2|Zoroark, F|
|poke|p2|Great Tusk|
|poke|p2|Cinderace, F|
|poke|p2|Empoleon, F|
|teampreview
|c|☆a calm mind|ladder dead af
|
|t:|1758935861
|teamsize|p1|6
|teamsize|p2|6
|start
|switch|p1a: Great Tusk|Great Tusk|100/100
|switch|p2a: Empoleon|Empoleon, F|100/100
|turn|1
|
|t:|1758935866
|move|p2a: Empoleon|Grass Knot|p1a: Great Tusk
|-supereffective|p1a: Great Tusk
|-damage|p1a: Great Tusk|22/100
|-damage|p2a: Empoleon|84/100|[from] item: Rocky Helmet|[of] p1a: Great Tusk
|move|p1a: Great Tusk|Stealth Rock|p2a: Empoleon
|-sidestart|p2: a calm mind|move: Stealth Rock
|
|upkeep
|turn|2
|
|t:|1758935871
|-end|p1a: Great Tusk|Protosynthesis|[silent]
|switch|p1a: Araquanid|Araquanid, M|100/100
|move|p2a: Empoleon|Dark Pulse|p1a: Araquanid
|-damage|p1a: Araquanid|67/100
|-enditem|p1a: Araquanid|Red Card|[of] p2a: Empoleon
|drag|p2a: Great Tusk|Great Tusk|100/100
|-damage|p2a: Great Tusk|98/100|[from] Stealth Rock
|
|upkeep
|turn|3
|
|t:|1758935903
|-end|p2a: Great Tusk|Protosynthesis|[silent]
|switch|p2a: Empoleon|Empoleon, F|100/100
|-damage|p2a: Empoleon|94/100|[from] Stealth Rock
|move|p1a: Araquanid|Surf|p2a: Empoleon
|-resisted|p2a: Empoleon
|-damage|p2a: Empoleon|62/100
|
|upkeep
|turn|4
|
|t:|1758935909
|move|p2a: Empoleon|Surf|p1a: Araquanid
|-resisted|p1a: Araquanid
|-damage|p1a: Araquanid|47/100
|move|p1a: Araquanid|Surf|p2a: Empoleon
|-resisted|p2a: Empoleon
|-damage|p2a: Empoleon|32/100
|
|upkeep
|turn|5
|
|t:|1758935914
|move|p2a: Empoleon|Substitute|p2a: Empoleon
|-start|p2a: Empoleon|Substitute
|-damage|p2a: Empoleon|7/100
|-enditem|p2a: Empoleon|Petaya Berry|[eat]
|-boost|p2a: Empoleon|spa|1|[from] item: Petaya Berry
|move|p1a: Araquanid|Sticky Web|p2a: Empoleon
|-sidestart|p2: a calm mind|move: Sticky Web
|
|upkeep
|turn|6
|
|t:|1758935923
|move|p2a: Empoleon|Surf|p1a: Araquanid
|-resisted|p1a: Araquanid
|-damage|p1a: Araquanid|5/100
|move|p1a: Araquanid|Surf|p2a: Empoleon
|-resisted|p2a: Empoleon
|-end|p2a: Empoleon|Substitute
|
|upkeep
|turn|7
|
|t:|1758935928
|move|p2a: Empoleon|Ice Beam|p1a: Araquanid
|-resisted|p1a: Araquanid
|-damage|p1a: Araquanid|0 fnt
|faint|p1a: Araquanid
|
|upkeep
|
|t:|1758935974
|switch|p1a: Kommo-o|Kommo-o, M|100/100
|turn|8
|
|t:|1758935981
|move|p1a: Kommo-o|Drain Punch|p2a: Empoleon
|-supereffective|p2a: Empoleon
|-damage|p2a: Empoleon|0 fnt
|faint|p2a: Empoleon
|
|upkeep
|j| yosoydio3
|
|t:|1758936012
|switch|p2a: Great Tusk|Great Tusk|98/100
|-damage|p2a: Great Tusk|95/100|[from] Stealth Rock
|-activate|p2a: Great Tusk|move: Sticky Web
|-unboost|p2a: Great Tusk|spe|1
|turn|9
|
|t:|1758936017
|move|p1a: Kommo-o|Clangorous Soul|p1a: Kommo-o
|-boost|p1a: Kommo-o|atk|1
|-boost|p1a: Kommo-o|def|1
|-boost|p1a: Kommo-o|spa|1
|-boost|p1a: Kommo-o|spd|1
|-boost|p1a: Kommo-o|spe|1
|-damage|p1a: Kommo-o|68/100
|move|p2a: Great Tusk|Rapid Spin|p1a: Kommo-o
|-damage|p1a: Kommo-o|56/100
|-boost|p2a: Great Tusk|spe|1
|-sideend|p2: a calm mind|Stealth Rock|[from] move: Rapid Spin|[of] p2a: Great Tusk
|-sideend|p2: a calm mind|Sticky Web|[from] move: Rapid Spin|[of] p2a: Great Tusk
|
|upkeep
|turn|10
|
|t:|1758936032
|move|p1a: Kommo-o|Drain Punch|p2a: Great Tusk
|-damage|p2a: Great Tusk|57/100
|-heal|p1a: Kommo-o|80/100|[from] drain|[of] p2a: Great Tusk
|move|p2a: Great Tusk|Close Combat|p1a: Kommo-o
|-damage|p1a: Kommo-o|42/100
|-unboost|p2a: Great Tusk|def|1
|-unboost|p2a: Great Tusk|spd|1
|
|upkeep
|turn|11
|
|t:|1758936053
|move|p1a: Kommo-o|Drain Punch|p2a: Great Tusk
|-damage|p2a: Great Tusk|0 fnt
|-heal|p1a: Kommo-o|78/100|[from] drain|[of] p2a: Great Tusk
|faint|p2a: Great Tusk
|-end|p2a: Great Tusk|Protosynthesis|[silent]
|
|upkeep
|
|t:|1758936064
|switch|p2a: squawk tua|Squawkabilly, F|100/100
|-ability|p2a: squawk tua|Intimidate|boost
|-unboost|p1a: Kommo-o|atk|1
|turn|12
|
|t:|1758936074
|-terastallize|p1a: Kommo-o|Steel
|move|p2a: squawk tua|Final Gambit|p1a: Kommo-o
|-damage|p1a: Kommo-o|0 fnt
|faint|p2a: squawk tua
|faint|p1a: Kommo-o
|
|upkeep
|
|t:|1758936092
|switch|p2a: Cinderace|Cinderace, F|84/100
|switch|p1a: Rillaboom|Rillaboom, M|100/100
|-fieldstart|move: Grassy Terrain|[from] ability: Grassy Surge|[of] p1a: Rillaboom
|turn|13
|
|t:|1758936101
|move|p1a: Rillaboom|Grassy Glide|p2a: Cinderace
|-damage|p2a: Cinderace|4/100
|replace|p2a: Zoroark|Zoroark, F, shiny
|-end|p2a: Zoroark|Illusion
|move|p2a: Zoroark|Dark Pulse|p1a: Rillaboom
|-damage|p1a: Rillaboom|58/100
|
|-heal|p2a: Zoroark|10/100|[from] Grassy Terrain
|-heal|p1a: Rillaboom|64/100|[from] Grassy Terrain
|upkeep
|turn|14
|
|t:|1758936126
|move|p2a: Zoroark|Dark Pulse|p1a: Rillaboom
|-damage|p1a: Rillaboom|17/100
|cant|p1a: Rillaboom|flinch
|
|-heal|p2a: Zoroark|17/100|[from] Grassy Terrain
|-heal|p1a: Rillaboom|23/100|[from] Grassy Terrain
|upkeep
|turn|15
|
|t:|1758936137
|switch|p2a: Cinderace|Cinderace, F|100/100
|move|p1a: Rillaboom|Grassy Glide|p2a: Cinderace
|-resisted|p2a: Cinderace
|-damage|p2a: Cinderace|70/100
|
|-heal|p2a: Cinderace|76/100|[from] Grassy Terrain
|-heal|p1a: Rillaboom|29/100|[from] Grassy Terrain
|upkeep
|turn|16
|
|t:|1758936146
|switch|p1a: Great Tusk|Great Tusk|22/100
|move|p2a: Cinderace|Pyro Ball|p1a: Great Tusk
|-damage|p1a: Great Tusk|0 fnt
|faint|p1a: Great Tusk
|-end|p1a: Great Tusk|Protosynthesis|[silent]
|
|-heal|p2a: Cinderace|82/100|[from] Grassy Terrain
|upkeep
|
|t:|1758936148
|switch|p1a: Gliscor|Gliscor, M|100/100
|turn|17
|
|t:|1758936156
|switch|p2a: Cinderace|Cinderace, F|17/100
|move|p1a: Gliscor|Sand Tomb|p2a: Cinderace
|-damage|p2a: Cinderace|0 fnt
|replace|p2a: Zoroark|Zoroark, F, shiny
|-end|p2a: Zoroark|Illusion
|faint|p2a: Zoroark
|
|-fieldend|move: Grassy Terrain
|-status|p1a: Gliscor|tox|[from] item: Toxic Orb
|upkeep
|
|t:|1758936161
|switch|p2a: Iron Valiant|Iron Valiant|100/100
|-enditem|p2a: Iron Valiant|Booster Energy
|-activate|p2a: Iron Valiant|ability: Quark Drive|[fromitem]
|-start|p2a: Iron Valiant|quarkdrivespe
|turn|18
|
|t:|1758936165
|move|p2a: Iron Valiant|Moonblast|p1a: Gliscor
|-damage|p1a: Gliscor|54/100 tox
|move|p1a: Gliscor|Taunt|p2a: Iron Valiant
|-start|p2a: Iron Valiant|move: Taunt
|
|-heal|p1a: Gliscor|67/100 tox|[from] ability: Poison Heal
|upkeep
|turn|19
|
|t:|1758936173
|move|p2a: Iron Valiant|Moonblast|p1a: Gliscor
|-damage|p1a: Gliscor|21/100 tox
|-unboost|p1a: Gliscor|spa|1
|move|p1a: Gliscor|Sand Tomb|p2a: Iron Valiant
|-damage|p2a: Iron Valiant|86/100
|-activate|p2a: Iron Valiant|move: Sand Tomb|[of] p1a: Gliscor
|
|-heal|p1a: Gliscor|34/100 tox|[from] ability: Poison Heal
|-damage|p2a: Iron Valiant|74/100|[from] move: Sand Tomb|[partiallytrapped]
|upkeep
|turn|20
|j| Nikator98
|l| Nikator98
|
|t:|1758936184
|move|p2a: Iron Valiant|Moonblast|p1a: Gliscor
|-damage|p1a: Gliscor|0 fnt
|faint|p1a: Gliscor
|
|-end|p2a: Iron Valiant|Sand Tomb|[partiallytrapped]|[silent]
|upkeep
|
|t:|1758936185
|switch|p1a: Cinderace|Cinderace, F|100/100
|turn|21
|
|t:|1758936208
|move|p2a: Iron Valiant|Close Combat|p1a: Cinderace
|-damage|p1a: Cinderace|27/100
|-unboost|p2a: Iron Valiant|def|1
|-unboost|p2a: Iron Valiant|spd|1
|move|p1a: Cinderace|Flame Charge|p2a: Iron Valiant
|-damage|p2a: Iron Valiant|7/100
|-boost|p1a: Cinderace|spe|1
|
|-end|p2a: Iron Valiant|move: Taunt
|upkeep
|turn|22
|
|t:|1758936228
|move|p1a: Cinderace|Flame Charge|p2a: Iron Valiant
|-damage|p2a: Iron Valiant|0 fnt
|-boost|p1a: Cinderace|spe|1
|faint|p2a: Iron Valiant
|-end|p2a: Iron Valiant|Quark Drive|[silent]
|
|upkeep
|
|t:|1758936232
|switch|p2a: Cinderace|Cinderace, F|82/100
|turn|23
|
|t:|1758936255
|move|p1a: Cinderace|Swords Dance|p1a: Cinderace
|-boost|p1a: Cinderace|atk|2
|move|p2a: Cinderace|Pyro Ball|p1a: Cinderace
|-resisted|p1a: Cinderace
|-damage|p1a: Cinderace|0 fnt
|faint|p1a: Cinderace
|
|upkeep
|-message|hungrymane forfeited.
|
|win|a calm mind
|raw|hungrymane's rating: 1778 &rarr; <strong>1756</strong><br />(-22 for losing)
|raw|a calm mind's rating: 1737 &rarr; <strong>1759</strong><br />(+22 for winning)
|l|☆hungrymane
|player|p1|
|l|☆a calm mind
|player|p2|
|l| yosoydio3
