|j|☆pvughghi
|j|☆St. Saturn
|t:|1759038730
|gametype|singles
|player|p1|pvughghi|pokemonrangerf|1299
|player|p2|St. Saturn|veteran|1340
|gen|9
|tier|[Gen 9] OU
|rated|
|rule|HP Percentage Mod: HP is shown in percentages
|rule|Endless Battle Clause: Forcing endless battles is banned
|rule|Species Clause: Limit one of each Pokémon
|rule|OHKO Clause: OHKO moves are banned
|rule|Evasion Items Clause: Evasion items are banned
|rule|Evasion Moves Clause: Evasion moves are banned
|rule|Evasion Abilities Clause: Evasion abilities are banned
|rule|Sleep Moves Clause: Sleep-inducing moves are banned
|clearpoke
|poke|p1|Latios, M|
|poke|p1|Weezing-Galar, M|
|poke|p1|Corviknight, F|
|poke|p1|Landorus-Therian, M|
|poke|p1|Bronzong|
|poke|p1|Hydreigon, M|
|poke|p2|Great Tusk|
|poke|p2|Moltres|
|poke|p2|Dragapult, M|
|poke|p2|Slowking-Galar, F|
|poke|p2|Kyurem|
|poke|p2|Samurott-Hisui, M|
|teampreview
|inactive|Battle timer is ON: inactive players will automatically lose when time's up. (requested by St. Saturn)
|inactive|pvughghi also wants the timer to be on.
|inactive|St. Saturn has 120 seconds left.
|
|t:|1759038777
|teamsize|p1|6
|teamsize|p2|6
|start
|switch|p1a: Landorus|Landorus-Therian, M|100/100
|switch|p2a: Samurott|Samurott-Hisui, M|100/100
|-ability|p1a: Landorus|Intimidate|boost
|-unboost|p2a: Samurott|atk|1
|turn|1
|inactive|pvughghi has 120 seconds left.
|
|t:|1759038808
|switch|p1a: Hydreigon|Hydreigon, M|100/100
|move|p2a: Samurott|Razor Shell|p1a: Hydreigon
|-resisted|p1a: Hydreigon
|-damage|p1a: Hydreigon|81/100
|
|upkeep
|turn|2
|inactive|St. Saturn has 120 seconds left.
|inactive|St. Saturn has 90 seconds left.
|inactive|St. Saturn has 60 seconds left.
|
|t:|1759038901
|move|p1a: Hydreigon|Draco Meteor|p2a: Samurott
|-damage|p2a: Samurott|56/100
|-unboost|p1a: Hydreigon|spa|2
|move|p2a: Samurott|Flip Turn|p1a: Hydreigon
|-resisted|p1a: Hydreigon
|-damage|p1a: Hydreigon|70/100
|inactive|St. Saturn has 60 seconds left.
|
|t:|1759038916
|switch|p2a: Slowking|Slowking-Galar, F|100/100|[from] Flip Turn
|
|upkeep
|turn|3
|
|t:|1759038926
|switch|p1a: Bronzong|Bronzong|100/100
|move|p2a: Slowking|Thunder Wave|p1a: Bronzong
|-status|p1a: Bronzong|par
|
|upkeep
|turn|4
|
|t:|1759038937
|switch|p2a: Moltres|Moltres|100/100
|move|p1a: Bronzong|Stealth Rock|p2a: Moltres
|-sidestart|p2: St. Saturn|move: Stealth Rock
|
|upkeep
|turn|5
|inactive|pvughghi has 120 seconds left.
|
|t:|1759038988
|switch|p1a: Latios|Latios, M|100/100
|move|p2a: Moltres|U-turn|p1a: Latios
|-supereffective|p1a: Latios
|-damage|p1a: Latios|60/100
|
|t:|1759038995
|switch|p2a: Dragapult|Dragapult, M|100/100|[from] U-turn
|-damage|p2a: Dragapult|88/100|[from] Stealth Rock
|
|upkeep
|turn|6
|inactive|pvughghi has 90 seconds left.
|
|t:|1759039028
|switch|p1a: Bronzong|Bronzong|100/100 par
|move|p2a: Dragapult|Dragon Darts|p1a: Bronzong
|-resisted|p1a: Bronzong
|-damage|p1a: Bronzong|89/100 par
|-anim|p2a: Dragapult|Dragon Darts|p1a: Bronzong
|-resisted|p1a: Bronzong
|-damage|p1a: Bronzong|78/100 par
|-damage|p2a: Dragapult|78/100|[from] item: Life Orb
|
|-heal|p1a: Bronzong|84/100 par|[from] item: Leftovers
|upkeep
|turn|7
|inactive|pvughghi has 90 seconds left.
|
|t:|1759039044
|move|p2a: Dragapult|Fire Blast|p1a: Bronzong
|-supereffective|p1a: Bronzong
|-damage|p1a: Bronzong|24/100 par
|-damage|p2a: Dragapult|69/100|[from] item: Life Orb
|move|p1a: Bronzong|Psychic Noise|p2a: Dragapult
|-damage|p2a: Dragapult|33/100
|-start|p2a: Dragapult|move: Heal Block
|
|-heal|p1a: Bronzong|30/100 par|[from] item: Leftovers
|upkeep
|turn|8
|inactive|St. Saturn has 90 seconds left.
|
|t:|1759039051
|switch|p1a: Weezing|Weezing-Galar, M|100/100
|move|p2a: Dragapult|Fire Blast|p1a: Weezing
|-damage|p1a: Weezing|61/100
|-damage|p2a: Dragapult|24/100|[from] item: Life Orb
|
|-heal|p1a: Weezing|67/100|[from] item: Leftovers
|-end|p2a: Dragapult|move: Heal Block
|upkeep
|turn|9
|
|t:|1759039058
|move|p2a: Dragapult|Shadow Ball|p1a: Weezing
|-damage|p1a: Weezing|27/100
|-damage|p2a: Dragapult|14/100|[from] item: Life Orb
|move|p1a: Weezing|Strange Steam|p2a: Dragapult
|-supereffective|p2a: Dragapult
|-damage|p2a: Dragapult|0 fnt
|faint|p2a: Dragapult
|
|-heal|p1a: Weezing|33/100|[from] item: Leftovers
|upkeep
|inactive|St. Saturn has 90 seconds left.
|
|t:|1759039072
|switch|p2a: Great Tusk|Great Tusk|100/100
|-damage|p2a: Great Tusk|98/100|[from] Stealth Rock
|-enditem|p2a: Great Tusk|Booster Energy
|-activate|p2a: Great Tusk|ability: Protosynthesis|[fromitem]
|-start|p2a: Great Tusk|protosynthesisatk
|turn|10
|inactive|pvughghi has 90 seconds left.
|inactive|pvughghi has 60 seconds left.
|
|t:|1759039131
|move|p2a: Great Tusk|Knock Off|p1a: Weezing
|-resisted|p1a: Weezing
|-damage|p1a: Weezing|14/100
|-enditem|p1a: Weezing|Leftovers|[from] move: Knock Off|[of] p2a: Great Tusk
|move|p1a: Weezing|Strange Steam|p2a: Great Tusk
|-supereffective|p2a: Great Tusk
|-damage|p2a: Great Tusk|12/100
|-start|p2a: Great Tusk|confusion
|
|upkeep
|turn|11
|inactive|pvughghi has 60 seconds left.
|
|t:|1759039139
|switch|p1a: Corviknight|Corviknight, F|100/100
|-ability|p1a: Corviknight|Pressure
|-activate|p2a: Great Tusk|confusion
|move|p2a: Great Tusk|Knock Off|p1a: Corviknight
|-damage|p1a: Corviknight|73/100
|-damage|p2a: Great Tusk|0 fnt|[from] item: Rocky Helmet|[of] p1a: Corviknight
|faint|p2a: Great Tusk
|-end|p2a: Great Tusk|Protosynthesis|[silent]
|
|upkeep
|
|t:|1759039148
|switch|p2a: Moltres|Moltres|100/100
|turn|12
|inactive|pvughghi has 60 seconds left.
|inactive|pvughghi has 30 seconds left.
|inactive|pvughghi has 20 seconds left.
|inactive|pvughghi has 15 seconds left.
|inactive|pvughghi has 10 seconds left.
|
|t:|1759039213
|switch|p1a: Landorus|Landorus-Therian, M|100/100
|-ability|p1a: Landorus|Intimidate|boost
|-unboost|p2a: Moltres|atk|1
|move|p2a: Moltres|Flamethrower|p1a: Landorus
|-damage|p1a: Landorus|49/100
|-status|p1a: Landorus|brn
|
|-damage|p1a: Landorus|43/100 brn|[from] brn
|upkeep
|turn|13
|inactive|pvughghi has 20 seconds left this turn.
|
|t:|1759039222
|move|p1a: Landorus|Stone Edge|p2a: Moltres|[miss]
|-miss|p1a: Landorus|p2a: Moltres
|move|p2a: Moltres|Hurricane|p1a: Landorus
|-damage|p1a: Landorus|0 fnt
|faint|p1a: Landorus
|
|upkeep
|inactive|pvughghi has 25 seconds left this turn.
|
|t:|1759039226
|switch|p1a: Latios|Latios, M|60/100
|turn|14
|
|t:|1759039230
|move|p1a: Latios|Draco Meteor|p2a: Moltres
|-damage|p2a: Moltres|0 fnt
|-unboost|p1a: Latios|spa|2
|faint|p2a: Moltres
|
|upkeep
|
|t:|1759039236
|switch|p2a: Samurott|Samurott-Hisui, M|56/100
|-damage|p2a: Samurott|44/100|[from] Stealth Rock
|turn|15
|
|t:|1759039248
|-terastallize|p1a: Latios|Dragon
|move|p1a: Latios|Draco Meteor|p2a: Samurott
|-damage|p2a: Samurott|0 fnt
|-unboost|p1a: Latios|spa|2
|faint|p2a: Samurott
|
|upkeep
|
|t:|1759039256
|switch|p2a: Slowking|Slowking-Galar, F|100/100
|turn|16
|
|t:|1759039261
|switch|p1a: Hydreigon|Hydreigon, M|70/100
|-prepare|p2a: Slowking|Chilly Reception|[premajor]
|move|p2a: Slowking|Chilly Reception|p2a: Slowking
|-weather|Snowscape
|
|t:|1759039265
|switch|p2a: Kyurem|Kyurem|100/100|[from] Chilly Reception
|-damage|p2a: Kyurem|76/100|[from] Stealth Rock
|-ability|p2a: Kyurem|Pressure
|
|-weather|Snowscape|[upkeep]
|upkeep
|turn|17
|
|t:|1759039268
|move|p1a: Hydreigon|Draco Meteor|p2a: Kyurem
|-supereffective|p2a: Kyurem
|-damage|p2a: Kyurem|0 fnt
|-unboost|p1a: Hydreigon|spa|2
|faint|p2a: Kyurem
|
|-weather|Snowscape|[upkeep]
|upkeep
|
|t:|1759039273
|switch|p2a: Slowking|Slowking-Galar, F|100/100
|turn|18
|
|t:|1759039283
|switch|p1a: Bronzong|Bronzong|30/100 par
|move|p2a: Slowking|Thunder Wave|p1a: Bronzong
|-fail|p1a: Bronzong|par
|
|-weather|Snowscape|[upkeep]
|-heal|p1a: Bronzong|36/100 par|[from] item: Leftovers
|upkeep
|turn|19
|inactive|St. Saturn has 120 seconds left.
|inactive|St. Saturn has 90 seconds left.
|inactive|St. Saturn has 60 seconds left.
|inactive|St. Saturn has 30 seconds left.
|inactive|St. Saturn has 20 seconds left.
|inactive|St. Saturn has 15 seconds left.
|inactive|St. Saturn has 10 seconds left.
|inactive|St. Saturn has 5 seconds left.
|-message|St. Saturn lost due to inactivity.
|
|win|pvughghi
|raw|pvughghi's rating: 1299 &rarr; <strong>1327</strong><br />(+28 for winning)
|raw|St. Saturn's rating: 1340 &rarr; <strong>1318</strong><br />(-22 for losing)
|l|☆St. Saturn
|player|p2|
