|j|☆pepinoloko
|j|☆pikalyte3
|t:|1758914858
|gametype|singles
|player|p1|pepinoloko|palmer|1489
|player|p2|pikalyte3|dancer|1566
|gen|9
|tier|[Gen 9] OU
|rated|
|rule|HP Percentage Mod: HP is shown in percentages
|rule|Endless Battle Clause: Forcing endless battles is banned
|rule|Species Clause: Limit one of each Pokémon
|rule|OHKO Clause: OHKO moves are banned
|rule|Evasion Items Clause: Evasion items are banned
|rule|Evasion Moves Clause: Evasion moves are banned
|rule|Evasion Abilities Clause: Evasion abilities are banned
|rule|Sleep Moves Clause: Sleep-inducing moves are banned
|clearpoke
|poke|p1|Salazzle, F|
|poke|p1|Kyurem|
|poke|p1|Cinderace, M|
|poke|p1|Landorus-Therian, M|
|poke|p1|Corviknight, M|
|poke|p1|Conkeldurr, F|
|poke|p2|Ting-Lu|
|poke|p2|Weezing-Galar, M|
|poke|p2|Alomomola, F|
|poke|p2|Tornadus-Therian, M|
|poke|p2|Gholdengo|
|poke|p2|Zamazenta-*|
|teampreview
|inactive|Battle timer is ON: inactive players will automatically lose when time's up. (requested by pepinoloko)
|
|t:|1758914894
|teamsize|p1|6
|teamsize|p2|6
|start
|switch|p1a: God is always good|Landorus-Therian, M|100/100
|switch|p2a: Tornadus|Tornadus-Therian, M|100/100
|-ability|p1a: God is always good|Intimidate|boost
|-unboost|p2a: Tornadus|atk|1
|turn|1
|
|t:|1758914912
|move|p1a: God is always good|U-turn|p2a: Tornadus
|-resisted|p2a: Tornadus
|-damage|p2a: Tornadus|87/100
|
|t:|1758914916
|switch|p1a: I AM PRESSURE|Corviknight, M|100/100|[from] U-turn
|-ability|p1a: I AM PRESSURE|Pressure
|move|p2a: Tornadus|Bleakwind Storm|p1a: I AM PRESSURE
|-resisted|p1a: I AM PRESSURE
|-damage|p1a: I AM PRESSURE|84/100
|-unboost|p1a: I AM PRESSURE|spe|1
|
|upkeep
|turn|2
|
|t:|1758914920
|move|p2a: Tornadus|Heat Wave|p1a: I AM PRESSURE
|-supereffective|p1a: I AM PRESSURE
|-damage|p1a: I AM PRESSURE|44/100
|move|p1a: I AM PRESSURE|U-turn|p2a: Tornadus
|-resisted|p2a: Tornadus
|-damage|p2a: Tornadus|79/100
|
|t:|1758914923
|switch|p1a: God is always good|Landorus-Therian, M|100/100|[from] U-turn
|-ability|p1a: God is always good|Intimidate|boost
|-unboost|p2a: Tornadus|atk|1
|
|upkeep
|turn|3
|
|t:|1758914928
|switch|p2a: Alomomola|Alomomola, F|100/100
|move|p1a: God is always good|U-turn|p2a: Alomomola
|-damage|p2a: Alomomola|86/100
|-damage|p1a: God is always good|84/100|[from] item: Rocky Helmet|[of] p2a: Alomomola
|
|t:|1758914933
|switch|p1a: Kill'em|Kyurem, shiny|100/100|[from] U-turn
|-ability|p1a: Kill'em|Pressure
|
|upkeep
|turn|4
|
|t:|1758914953
|switch|p2a: Gholdengo|Gholdengo|100/100
|move|p1a: Kill'em|Freeze-Dry|p2a: Gholdengo
|-resisted|p2a: Gholdengo
|-damage|p2a: Gholdengo|70/100
|
|upkeep
|turn|5
|
|t:|1758914961
|switch|p1a: I U-turn on U|Cinderace, M|100/100
|move|p2a: Gholdengo|Trick|p1a: I U-turn on U
|-activate|p2a: Gholdengo|move: Trick|[of] p1a: I U-turn on U
|-item|p1a: I U-turn on U|Choice Scarf|[from] move: Trick
|-item|p2a: Gholdengo|Heavy-Duty Boots|[from] move: Trick
|
|upkeep
|turn|6
|
|t:|1758914967
|switch|p2a: Alomomola|Alomomola, F|100/100
|move|p1a: I U-turn on U|U-turn|p2a: Alomomola
|-start|p1a: I U-turn on U|typechange|Bug|[from] ability: Libero
|-damage|p2a: Alomomola|79/100
|-damage|p1a: I U-turn on U|84/100|[from] item: Rocky Helmet|[of] p2a: Alomomola
|
|t:|1758914969
|switch|p1a: Kill'em|Kyurem, shiny|100/100|[from] U-turn
|-ability|p1a: Kill'em|Pressure
|
|upkeep
|turn|7
|
|t:|1758914976
|move|p2a: Alomomola|Protect|p2a: Alomomola
|-singleturn|p2a: Alomomola|Protect
|move|p1a: Kill'em|Freeze-Dry|p2a: Alomomola
|-activate|p2a: Alomomola|move: Protect
|
|upkeep
|turn|8
|
|t:|1758914984
|switch|p1a: I U-turn on U|Cinderace, M|84/100
|switch|p2a: Gholdengo|Gholdengo|70/100
|
|upkeep
|turn|9
|
|t:|1758914995
|switch|p2a: Alomomola|Alomomola, F|100/100
|move|p1a: I U-turn on U|U-turn|p2a: Alomomola
|-start|p1a: I U-turn on U|typechange|Bug|[from] ability: Libero
|-damage|p2a: Alomomola|80/100
|-damage|p1a: I U-turn on U|67/100|[from] item: Rocky Helmet|[of] p2a: Alomomola
|
|t:|1758914997
|switch|p1a: Conkeldurr|Conkeldurr, F|100/100|[from] U-turn
|
|-status|p1a: Conkeldurr|brn|[from] item: Flame Orb
|upkeep
|turn|10
|inactive|pikalyte3 has 120 seconds left.
|
|t:|1758915057
|move|p1a: Conkeldurr|Facade|p2a: Alomomola
|-damage|p2a: Alomomola|26/100
|-damage|p1a: Conkeldurr|84/100 brn|[from] item: Rocky Helmet|[of] p2a: Alomomola
|move|p2a: Alomomola|Tickle|p1a: Conkeldurr
|-unboost|p1a: Conkeldurr|atk|1
|-unboost|p1a: Conkeldurr|def|1
|
|-damage|p1a: Conkeldurr|78/100 brn|[from] brn
|upkeep
|turn|11
|
|t:|1758915063
|switch|p2a: Weezing|Weezing-Galar, M|100/100
|-ability|p2a: Weezing|Neutralizing Gas
|move|p1a: Conkeldurr|Earthquake|p2a: Weezing
|-supereffective|p2a: Weezing
|-damage|p2a: Weezing|82/100
|
|-damage|p1a: Conkeldurr|72/100 brn|[from] brn
|upkeep
|turn|12
|
|t:|1758915077
|switch|p1a: Len'oir|Salazzle, F, shiny|100/100
|move|p2a: Weezing|Sludge Bomb|p1a: Len'oir
|-resisted|p1a: Len'oir
|-damage|p1a: Len'oir|77/100
|
|upkeep
|turn|13
|
|t:|1758915083
|-end|p2a: Weezing|ability: Neutralizing Gas
|switch|p2a: Ting-Lu|Ting-Lu|100/100
|-ability|p2a: Ting-Lu|Vessel of Ruin
|move|p1a: Len'oir|Sludge Wave|p2a: Ting-Lu
|-resisted|p2a: Ting-Lu
|-damage|p2a: Ting-Lu|91/100
|
|-heal|p2a: Ting-Lu|97/100|[from] item: Leftovers
|upkeep
|turn|14
|
|t:|1758915087
|switch|p1a: Kill'em|Kyurem, shiny|100/100
|-ability|p1a: Kill'em|Pressure
|move|p2a: Ting-Lu|Stealth Rock|p1a: Kill'em
|-sidestart|p1: pepinoloko|move: Stealth Rock
|
|-heal|p2a: Ting-Lu|100/100|[from] item: Leftovers
|upkeep
|turn|15
|inactive|pikalyte3 has 120 seconds left.
|
|t:|1758915096
|move|p1a: Kill'em|Ice Beam|p2a: Ting-Lu
|-supereffective|p2a: Ting-Lu
|-damage|p2a: Ting-Lu|46/100
|-status|p2a: Ting-Lu|frz
|cant|p2a: Ting-Lu|frz
|
|-heal|p2a: Ting-Lu|52/100 frz|[from] item: Leftovers
|upkeep
|turn|16
|
|t:|1758915102
|switch|p2a: Alomomola|Alomomola, F|59/100
|move|p1a: Kill'em|Ice Beam|p2a: Alomomola
|-resisted|p2a: Alomomola
|-damage|p2a: Alomomola|25/100
|
|upkeep
|turn|17
|
|t:|1758915108
|move|p2a: Alomomola|Protect|p2a: Alomomola
|-singleturn|p2a: Alomomola|Protect
|move|p1a: Kill'em|Ice Beam|p2a: Alomomola
|-activate|p2a: Alomomola|move: Protect
|
|upkeep
|turn|18
|
|t:|1758915114
|switch|p2a: Zamazenta|Zamazenta|100/100
|-ability|p2a: Zamazenta|Dauntless Shield|boost
|-boost|p2a: Zamazenta|def|1
|move|p1a: Kill'em|Ice Beam|p2a: Zamazenta
|-damage|p2a: Zamazenta|38/100
|
|upkeep
|turn|19
|
|t:|1758915118
|switch|p1a: I AM PRESSURE|Corviknight, M|44/100
|-damage|p1a: I AM PRESSURE|31/100|[from] Stealth Rock
|-ability|p1a: I AM PRESSURE|Pressure
|move|p2a: Zamazenta|Close Combat|p1a: I AM PRESSURE
|-damage|p1a: I AM PRESSURE|0 fnt
|-unboost|p2a: Zamazenta|def|1
|-unboost|p2a: Zamazenta|spd|1
|-damage|p2a: Zamazenta|22/100|[from] item: Rocky Helmet|[of] p1a: I AM PRESSURE
|faint|p1a: I AM PRESSURE
|
|upkeep
|
|t:|1758915121
|switch|p1a: Len'oir|Salazzle, F, shiny|77/100
|-damage|p1a: Len'oir|52/100|[from] Stealth Rock
|turn|20
|
|t:|1758915125
|move|p1a: Len'oir|Flamethrower|p2a: Zamazenta
|-damage|p2a: Zamazenta|0 fnt
|faint|p2a: Zamazenta
|
|upkeep
|
|t:|1758915129
|switch|p2a: Alomomola|Alomomola, F|58/100
|turn|21
|
|t:|1758915132
|switch|p1a: I U-turn on U|Cinderace, M|67/100
|-damage|p1a: I U-turn on U|42/100|[from] Stealth Rock
|move|p2a: Alomomola|Flip Turn|p1a: I U-turn on U
|-supereffective|p1a: I U-turn on U
|-damage|p1a: I U-turn on U|0 fnt
|faint|p1a: I U-turn on U
|
|t:|1758915157
|switch|p2a: Gholdengo|Gholdengo|70/100|[from] Flip Turn
|
|upkeep
|
|t:|1758915161
|switch|p1a: God is always good|Landorus-Therian, M|84/100
|-damage|p1a: God is always good|72/100|[from] Stealth Rock
|-ability|p1a: God is always good|Intimidate|boost
|-unboost|p2a: Gholdengo|atk|1
|turn|22
|
|t:|1758915167
|switch|p2a: Alomomola|Alomomola, F|91/100
|move|p1a: God is always good|U-turn|p2a: Alomomola
|-damage|p2a: Alomomola|75/100
|-damage|p1a: God is always good|55/100|[from] item: Rocky Helmet|[of] p2a: Alomomola
|
|t:|1758915169
|switch|p1a: Kill'em|Kyurem, shiny|100/100|[from] U-turn
|-damage|p1a: Kill'em|76/100|[from] Stealth Rock
|-ability|p1a: Kill'em|Pressure
|
|upkeep
|turn|23
|
|t:|1758915181
|-terastallize|p1a: Kill'em|Fairy
|move|p2a: Alomomola|Protect|p2a: Alomomola
|-singleturn|p2a: Alomomola|Protect
|move|p1a: Kill'em|Freeze-Dry|p2a: Alomomola
|-activate|p2a: Alomomola|move: Protect
|
|upkeep
|turn|24
|
|t:|1758915187
|-terastallize|p2a: Alomomola|Steel
|move|p1a: Kill'em|Freeze-Dry|p2a: Alomomola
|-resisted|p2a: Alomomola
|-damage|p2a: Alomomola|51/100
|move|p2a: Alomomola|Flip Turn|p1a: Kill'em
|-damage|p1a: Kill'em|61/100
|
|t:|1758915193
|switch|p2a: Gholdengo|Gholdengo|70/100|[from] Flip Turn
|
|upkeep
|turn|25
|-message|pepinoloko forfeited.
|
|win|pikalyte3
|raw|pepinoloko's rating: 1489 &rarr; <strong>1473</strong><br />(-16 for losing)
|raw|pikalyte3's rating: 1566 &rarr; <strong>1582</strong><br />(+16 for winning)
|l|☆pepinoloko
|player|p1|
