|j|☆firemike9910
|j|☆Chassori
|t:|1758957916
|gametype|singles
|player|p1|firemike9910|266|
|player|p2|Chassori|hugh|
|gen|9
|tier|[Gen 9] OU
|rule|HP Percentage Mod: HP is shown in percentages
|rule|Endless Battle Clause: Forcing endless battles is banned
|rule|Species Clause: Limit one of each Pokémon
|rule|OHKO Clause: OHKO moves are banned
|rule|Evasion Items Clause: Evasion items are banned
|rule|Evasion Moves Clause: Evasion moves are banned
|rule|Evasion Abilities Clause: Evasion abilities are banned
|rule|Sleep Moves Clause: Sleep-inducing moves are banned
|clearpoke
|poke|p1|Jolteon, F|
|poke|p1|Flareon, F|
|poke|p1|Vaporeon, M|
|poke|p1|Umbreon, F|
|poke|p1|Espeon, F|
|poke|p1|Sylveon, M|
|poke|p2|Cresselia, F|
|poke|p2|Sinistcha|
|poke|p2|Greninja-*, M|
|poke|p2|Froslass, F|
|poke|p2|Abomasnow, F|
|poke|p2|Kingambit, M|
|teampreview
|j| JcVash
|
|t:|1758957929
|teamsize|p1|6
|teamsize|p2|6
|start
|switch|p1a: Jolteon|Jolteon, F|100/100
|switch|p2a: Cresselia|Cresselia, F|100/100
|turn|1
|
|t:|1758957956
|-terastallize|p2a: Cresselia|Psychic
|move|p1a: Jolteon|Tera Blast|p2a: Cresselia
|-damage|p2a: Cresselia|75/100
|move|p2a: Cresselia|Trick Room|p2a: Cresselia
|-fieldstart|move: Trick Room|[of] p2a: Cresselia
|
|-heal|p2a: Cresselia|81/100|[from] item: Leftovers
|upkeep
|turn|2
|
|t:|1758957967
|-terastallize|p1a: Jolteon|Ground
|move|p2a: Cresselia|Future Sight|p1a: Jolteon
|-start|p2a: Cresselia|move: Future Sight
|move|p1a: Jolteon|Tera Blast|p2a: Cresselia|[anim] Tera Blast Ground
|-immune|p2a: Cresselia|[from] ability: Levitate
|
|-heal|p2a: Cresselia|87/100|[from] item: Leftovers
|upkeep
|turn|3
|
|t:|1758957981
|switch|p1a: Umbreon|Umbreon, F|100/100
|move|p2a: Cresselia|Rain Dance|p2a: Cresselia
|-weather|RainDance
|
|-weather|RainDance|[upkeep]
|-heal|p2a: Cresselia|94/100|[from] item: Leftovers
|upkeep
|turn|4
|
|t:|1758957996
|switch|p2a: Edge Lord|Greninja, M|100/100
|move|p1a: Umbreon|Foul Play|p2a: Edge Lord
|-resisted|p2a: Edge Lord
|-damage|p2a: Edge Lord|70/100
|
|-weather|RainDance|[upkeep]
|-end|p1a: Umbreon|move: Future Sight
|-immune|p1a: Umbreon
|upkeep
|turn|5
|
|t:|1758958009
|move|p1a: Umbreon|Protect|p1a: Umbreon
|-singleturn|p1a: Umbreon|Protect
|move|p2a: Edge Lord|Water Shuriken|p1a: Umbreon
|-activate|p1a: Umbreon|move: Protect
|
|-weather|RainDance|[upkeep]
|-fieldend|move: Trick Room
|upkeep
|turn|6
|
|t:|1758958025
|move|p2a: Edge Lord|Water Shuriken|p1a: Umbreon
|-damage|p1a: Umbreon|95/100
|-damage|p1a: Umbreon|89/100
|-damage|p1a: Umbreon|84/100
|-damage|p1a: Umbreon|79/100
|-damage|p1a: Umbreon|73/100
|-hitcount|p1a: Umbreon|5
|move|p1a: Umbreon|Toxic|p2a: Edge Lord
|-status|p2a: Edge Lord|tox
|
|-weather|RainDance|[upkeep]
|-heal|p1a: Umbreon|79/100|[from] item: Leftovers
|-damage|p2a: Edge Lord|64/100 tox|[from] psn
|upkeep
|turn|7
|
|t:|1758958041
|move|p2a: Edge Lord|U-turn|p1a: Umbreon
|-supereffective|p1a: Umbreon
|-damage|p1a: Umbreon|56/100
|
|t:|1758958048
|switch|p2a: Kingambit|Kingambit, M|100/100|[from] U-turn
|move|p1a: Umbreon|Foul Play|p2a: Kingambit
|-resisted|p2a: Kingambit
|-damage|p2a: Kingambit|86/100
|
|-weather|none
|-heal|p1a: Umbreon|62/100|[from] item: Leftovers
|-heal|p2a: Kingambit|92/100|[from] item: Leftovers
|upkeep
|turn|8
|
|t:|1758958068
|move|p1a: Umbreon|Protect|p1a: Umbreon
|-singleturn|p1a: Umbreon|Protect
|move|p2a: Kingambit|Stealth Rock|p1a: Umbreon
|-sidestart|p1: firemike9910|move: Stealth Rock
|
|-heal|p1a: Umbreon|68/100|[from] item: Leftovers
|-heal|p2a: Kingambit|98/100|[from] item: Leftovers
|upkeep
|turn|9
|
|t:|1758958082
|switch|p1a: Espeon|Espeon, F|100/100
|-damage|p1a: Espeon|88/100|[from] Stealth Rock
|move|p2a: Kingambit|Flash Cannon|p1a: Espeon
|-damage|p1a: Espeon|51/100
|
|-heal|p2a: Kingambit|100/100|[from] item: Leftovers
|upkeep
|turn|10
|
|t:|1758958098
|move|p1a: Espeon|Shadow Ball|p2a: Kingambit
|-resisted|p2a: Kingambit
|-crit|p2a: Kingambit
|-damage|p2a: Kingambit|79/100
|move|p2a: Kingambit|Dark Pulse|p1a: Espeon
|-supereffective|p1a: Espeon
|-damage|p1a: Espeon|0 fnt
|faint|p1a: Espeon
|
|-heal|p2a: Kingambit|85/100|[from] item: Leftovers
|upkeep
|
|t:|1758958116
|switch|p1a: Flareon|Flareon, F|100/100
|-damage|p1a: Flareon|76/100|[from] Stealth Rock
|turn|11
|
|t:|1758958129
|switch|p2a: Cresselia|Cresselia, F, tera:Psychic|94/100
|move|p1a: Flareon|Flame Charge|p2a: Cresselia
|-damage|p2a: Cresselia|73/100
|-boost|p1a: Flareon|spe|1
|
|-heal|p2a: Cresselia|79/100|[from] item: Leftovers
|-status|p1a: Flareon|tox|[from] item: Toxic Orb
|upkeep
|turn|12
|
|t:|1758958153
|move|p1a: Flareon|Substitute|p1a: Flareon
|-start|p1a: Flareon|Substitute
|-damage|p1a: Flareon|51/100 tox
|move|p2a: Cresselia|Trick Room|p2a: Cresselia
|-fieldstart|move: Trick Room|[of] p2a: Cresselia
|
|-heal|p2a: Cresselia|85/100|[from] item: Leftovers
|-damage|p1a: Flareon|45/100 tox|[from] psn
|upkeep
|turn|13
|
|t:|1758958170
|switch|p1a: Umbreon|Umbreon, F|68/100
|-damage|p1a: Umbreon|56/100|[from] Stealth Rock
|switch|p2a: Fodder|Abomasnow, F|100/100
|-weather|Snowscape|[from] ability: Snow Warning|[of] p2a: Fodder
|
|-weather|Snowscape|[upkeep]
|-heal|p1a: Umbreon|62/100|[from] item: Leftovers
|upkeep
|turn|14
|
|t:|1758958199
|move|p2a: Fodder|Blizzard|p1a: Umbreon
|-damage|p1a: Umbreon|43/100
|move|p1a: Umbreon|Foul Play|p2a: Fodder
|-damage|p2a: Fodder|75/100
|
|-weather|Snowscape|[upkeep]
|-heal|p2a: Fodder|81/100|[from] item: Leftovers
|-heal|p1a: Umbreon|49/100|[from] item: Leftovers
|upkeep
|turn|15
|
|t:|1758958218
|move|p2a: Fodder|Earthquake|p1a: Umbreon
|-damage|p1a: Umbreon|33/100
|move|p1a: Umbreon|Toxic|p2a: Fodder
|-status|p2a: Fodder|tox
|
|-weather|Snowscape|[upkeep]
|-heal|p2a: Fodder|87/100 tox|[from] item: Leftovers
|-heal|p1a: Umbreon|39/100|[from] item: Leftovers
|-damage|p2a: Fodder|81/100 tox|[from] psn
|upkeep
|turn|16
|
|t:|1758958235
|move|p1a: Umbreon|Protect|p1a: Umbreon
|-singleturn|p1a: Umbreon|Protect
|move|p2a: Fodder|Rock Slide|p1a: Umbreon
|-activate|p1a: Umbreon|move: Protect
|
|-weather|Snowscape|[upkeep]
|-heal|p2a: Fodder|87/100 tox|[from] item: Leftovers
|-heal|p1a: Umbreon|45/100|[from] item: Leftovers
|-damage|p2a: Fodder|75/100 tox|[from] psn
|-fieldend|move: Trick Room
|upkeep
|turn|17
|
|t:|1758958267
|switch|p2a: Cresselia|Cresselia, F, tera:Psychic|85/100
|move|p1a: Umbreon|Wish|p1a: Umbreon
|
|-weather|none
|-heal|p2a: Cresselia|91/100|[from] item: Leftovers
|-heal|p1a: Umbreon|52/100|[from] item: Leftovers
|upkeep
|turn|18
|
|t:|1758958276
|move|p2a: Cresselia|Calm Mind|p2a: Cresselia
|-boost|p2a: Cresselia|spa|1
|-boost|p2a: Cresselia|spd|1
|move|p1a: Umbreon|Toxic|p2a: Cresselia
|-status|p2a: Cresselia|tox
|
|-heal|p1a: Umbreon|100/100|[from] move: Wish|[wisher] Umbreon
|-heal|p2a: Cresselia|98/100 tox|[from] item: Leftovers
|-damage|p2a: Cresselia|91/100 tox|[from] psn
|upkeep
|turn|19
|
|t:|1758958289
|move|p1a: Umbreon|Protect|p1a: Umbreon
|-singleturn|p1a: Umbreon|Protect
|move|p2a: Cresselia|Trick Room|p2a: Cresselia
|-fieldstart|move: Trick Room|[of] p2a: Cresselia
|
|-heal|p2a: Cresselia|98/100 tox|[from] item: Leftovers
|-damage|p2a: Cresselia|85/100 tox|[from] psn
|upkeep
|turn|20
|
|t:|1758958297
|move|p1a: Umbreon|Foul Play|p2a: Cresselia
|-supereffective|p2a: Cresselia
|-damage|p2a: Cresselia|57/100 tox
|move|p2a: Cresselia|Rain Dance|p2a: Cresselia
|-weather|RainDance
|
|-weather|RainDance|[upkeep]
|-heal|p2a: Cresselia|63/100 tox|[from] item: Leftovers
|-damage|p2a: Cresselia|44/100 tox|[from] psn
|upkeep
|turn|21
|
|t:|1758958308
|switch|p2a: Edge Lord|Greninja, M|64/100 tox
|move|p1a: Umbreon|Protect||[still]
|-fail|p1a: Umbreon
|
|-weather|RainDance|[upkeep]
|-damage|p2a: Edge Lord|58/100 tox|[from] psn
|upkeep
|turn|22
|
|t:|1758958324
|move|p1a: Umbreon|Protect|p1a: Umbreon
|-singleturn|p1a: Umbreon|Protect
|move|p2a: Edge Lord|Liquidation|p1a: Umbreon
|-activate|p1a: Umbreon|move: Protect
|
|-weather|RainDance|[upkeep]
|-damage|p2a: Edge Lord|46/100 tox|[from] psn
|upkeep
|turn|23
|
|t:|1758958335
|move|p1a: Umbreon|Protect||[still]
|-fail|p1a: Umbreon
|move|p2a: Edge Lord|U-turn|p1a: Umbreon
|-supereffective|p1a: Umbreon
|-damage|p1a: Umbreon|75/100
|
|t:|1758958348
|switch|p2a: Kingambit|Kingambit, M|85/100|[from] U-turn
|
|-weather|RainDance|[upkeep]
|-heal|p2a: Kingambit|91/100|[from] item: Leftovers
|-heal|p1a: Umbreon|81/100|[from] item: Leftovers
|-fieldend|move: Trick Room
|upkeep
|turn|24
|
|t:|1758958356
|move|p1a: Umbreon|Toxic|p2a: Kingambit
|-immune|p2a: Kingambit
|move|p2a: Kingambit|Flash Cannon|p1a: Umbreon
|-damage|p1a: Umbreon|67/100
|
|-weather|none
|-heal|p1a: Umbreon|73/100|[from] item: Leftovers
|-heal|p2a: Kingambit|98/100|[from] item: Leftovers
|upkeep
|turn|25
|
|t:|1758958371
|move|p1a: Umbreon|Foul Play|p2a: Kingambit
|-resisted|p2a: Kingambit
|-damage|p2a: Kingambit|82/100
|move|p2a: Kingambit|Poison Jab|p1a: Umbreon
|-damage|p1a: Umbreon|53/100
|
|-heal|p1a: Umbreon|59/100|[from] item: Leftovers
|-heal|p2a: Kingambit|88/100|[from] item: Leftovers
|upkeep
|turn|26
|
|t:|1758958387
|switch|p1a: Flareon|Flareon, F|45/100 tox
|-damage|p1a: Flareon|20/100 tox|[from] Stealth Rock
|move|p2a: Kingambit|Poison Jab|p1a: Flareon
|-damage|p1a: Flareon|0 fnt
|faint|p1a: Flareon
|
|-heal|p2a: Kingambit|94/100|[from] item: Leftovers
|upkeep
|
|t:|1758958399
|switch|p1a: Sylveon|Sylveon, M|100/100
|-damage|p1a: Sylveon|88/100|[from] Stealth Rock
|turn|27
|
|t:|1758958407
|move|p1a: Sylveon|Hyper Voice|p2a: Kingambit
|-damage|p2a: Kingambit|55/100
|move|p2a: Kingambit|Flash Cannon|p1a: Sylveon
|-supereffective|p1a: Sylveon
|-damage|p1a: Sylveon|51/100
|
|-heal|p1a: Sylveon|57/100|[from] item: Leftovers
|-heal|p2a: Kingambit|61/100|[from] item: Leftovers
|upkeep
|turn|28
|
|t:|1758958419
|move|p1a: Sylveon|Wish|p1a: Sylveon
|move|p2a: Kingambit|Flash Cannon|p1a: Sylveon
|-supereffective|p1a: Sylveon
|-damage|p1a: Sylveon|20/100
|
|-heal|p1a: Sylveon|26/100|[from] item: Leftovers
|-heal|p2a: Kingambit|67/100|[from] item: Leftovers
|upkeep
|turn|29
|
|t:|1758958426
|move|p1a: Sylveon|Hyper Voice|p2a: Kingambit
|-damage|p2a: Kingambit|30/100
|move|p2a: Kingambit|Flash Cannon|p1a: Sylveon
|-supereffective|p1a: Sylveon
|-damage|p1a: Sylveon|0 fnt
|faint|p1a: Sylveon
|
|-heal|p2a: Kingambit|36/100|[from] item: Leftovers
|upkeep
|
|t:|1758958440
|switch|p1a: Vaporeon|Vaporeon, M|100/100
|-damage|p1a: Vaporeon|88/100|[from] Stealth Rock
|turn|30
|
|t:|1758958452
|switch|p2a: Cha Cha|Sinistcha|100/100
|move|p1a: Vaporeon|Ice Beam|p2a: Cha Cha
|-supereffective|p2a: Cha Cha
|-damage|p2a: Cha Cha|29/100
|
|-heal|p1a: Vaporeon|94/100|[from] item: Leftovers
|upkeep
|turn|31
|
|t:|1758958465
|move|p2a: Cha Cha|Matcha Gotcha|p1a: Vaporeon
|-supereffective|p1a: Vaporeon
|-damage|p1a: Vaporeon|17/100
|-heal|p2a: Cha Cha|93/100|[from] drain|[of] p1a: Vaporeon
|-damage|p2a: Cha Cha|83/100|[from] item: Life Orb
|move|p1a: Vaporeon|Ice Beam|p2a: Cha Cha
|-supereffective|p2a: Cha Cha
|-damage|p2a: Cha Cha|14/100
|
|-heal|p1a: Vaporeon|23/100|[from] item: Leftovers
|upkeep
|turn|32
|
|t:|1758958481
|move|p2a: Cha Cha|Matcha Gotcha|p1a: Vaporeon
|-supereffective|p1a: Vaporeon
|-damage|p1a: Vaporeon|0 fnt
|-heal|p2a: Cha Cha|32/100|[from] drain|[of] p1a: Vaporeon
|faint|p1a: Vaporeon
|-damage|p2a: Cha Cha|22/100|[from] item: Life Orb
|
|upkeep
|
|t:|1758958490
|switch|p1a: Jolteon|Jolteon, F, tera:Ground|100/100
|-damage|p1a: Jolteon|95/100|[from] Stealth Rock
|turn|33
|
|t:|1758958511
|move|p1a: Jolteon|Thunderbolt|p2a: Cha Cha
|-resisted|p2a: Cha Cha
|-damage|p2a: Cha Cha|0 fnt
|faint|p2a: Cha Cha
|
|upkeep
|
|t:|1758958517
|switch|p2a: Cresselia|Cresselia, F, tera:Psychic|44/100 tox
|turn|34
|
|t:|1758958521
|move|p1a: Jolteon|Thunderbolt|p2a: Cresselia
|-damage|p2a: Cresselia|4/100 tox
|move|p2a: Cresselia|Future Sight|p1a: Jolteon
|-start|p2a: Cresselia|move: Future Sight
|
|-heal|p2a: Cresselia|10/100 tox|[from] item: Leftovers
|-damage|p2a: Cresselia|4/100 tox|[from] psn
|upkeep
|turn|35
|
|t:|1758958530
|move|p1a: Jolteon|Thunderbolt|p2a: Cresselia
|-crit|p2a: Cresselia
|-damage|p2a: Cresselia|0 fnt
|faint|p2a: Cresselia
|
|upkeep
|
|t:|1758958537
|switch|p2a: Edge Lord|Greninja, M|46/100 tox
|turn|36
|
|t:|1758958541
|move|p2a: Edge Lord|Water Shuriken|p1a: Jolteon
|-supereffective|p1a: Jolteon
|-damage|p1a: Jolteon|77/100
|-supereffective|p1a: Jolteon
|-damage|p1a: Jolteon|61/100
|-supereffective|p1a: Jolteon
|-damage|p1a: Jolteon|43/100
|-supereffective|p1a: Jolteon
|-damage|p1a: Jolteon|24/100
|-hitcount|p1a: Jolteon|4
|move|p1a: Jolteon|Thunderbolt|p2a: Edge Lord
|-supereffective|p2a: Edge Lord
|-damage|p2a: Edge Lord|0 fnt
|faint|p2a: Edge Lord
|
|-end|p1a: Jolteon|move: Future Sight
|-damage|p1a: Jolteon|0 fnt
|faint|p1a: Jolteon
|upkeep
|
|t:|1758958559
|switch|p1a: Umbreon|Umbreon, F|59/100
|switch|p2a: Froslass|Froslass, F|100/100
|-damage|p1a: Umbreon|47/100|[from] Stealth Rock
|turn|37
|
|t:|1758958570
|move|p2a: Froslass|Snowscape|p2a: Froslass
|-weather|Snowscape
|move|p1a: Umbreon|Toxic|p2a: Froslass
|-status|p2a: Froslass|tox
|
|-weather|Snowscape|[upkeep]
|-heal|p1a: Umbreon|53/100|[from] item: Leftovers
|-damage|p2a: Froslass|94/100 tox|[from] psn
|upkeep
|turn|38
|
|t:|1758958578
|move|p1a: Umbreon|Protect|p1a: Umbreon
|-singleturn|p1a: Umbreon|Protect
|move|p2a: Froslass|Ice Beam|p1a: Umbreon
|-activate|p1a: Umbreon|move: Protect
|
|-weather|Snowscape|[upkeep]
|-heal|p1a: Umbreon|59/100|[from] item: Leftovers
|-damage|p2a: Froslass|82/100 tox|[from] psn
|upkeep
|turn|39
|
|t:|1758958591
|move|p2a: Froslass|Ice Beam|p1a: Umbreon
|-damage|p1a: Umbreon|41/100
|move|p1a: Umbreon|Wish|p1a: Umbreon
|
|-weather|Snowscape|[upkeep]
|-heal|p1a: Umbreon|47/100|[from] item: Leftovers
|-damage|p2a: Froslass|64/100 tox|[from] psn
|upkeep
|turn|40
|
|t:|1758958607
|move|p2a: Froslass|Thunderbolt|p1a: Umbreon
|-damage|p1a: Umbreon|35/100
|move|p1a: Umbreon|Foul Play|p2a: Froslass
|-supereffective|p2a: Froslass
|-damage|p2a: Froslass|19/100 tox
|
|-weather|Snowscape|[upkeep]
|-heal|p1a: Umbreon|85/100|[from] move: Wish|[wisher] Umbreon
|-heal|p1a: Umbreon|91/100|[from] item: Leftovers
|-damage|p2a: Froslass|0 fnt|[from] psn
|faint|p2a: Froslass
|upkeep
|
|t:|1758958621
|switch|p2a: Fodder|Abomasnow, F|75/100 tox
|turn|41
|
|t:|1758958627
|move|p1a: Umbreon|Protect|p1a: Umbreon
|-singleturn|p1a: Umbreon|Protect
|move|p2a: Fodder|Earthquake|p1a: Umbreon
|-activate|p1a: Umbreon|move: Protect
|
|-weather|none
|-heal|p1a: Umbreon|97/100|[from] item: Leftovers
|-heal|p2a: Fodder|81/100 tox|[from] item: Leftovers
|-damage|p2a: Fodder|75/100 tox|[from] psn
|upkeep
|turn|42
|
|t:|1758958644
|move|p1a: Umbreon|Wish|p1a: Umbreon
|move|p2a: Fodder|Earthquake|p1a: Umbreon
|-crit|p1a: Umbreon
|-damage|p1a: Umbreon|70/100
|
|-heal|p1a: Umbreon|76/100|[from] item: Leftovers
|-heal|p2a: Fodder|81/100 tox|[from] item: Leftovers
|-damage|p2a: Fodder|69/100 tox|[from] psn
|upkeep
|turn|43
|
|t:|1758958653
|switch|p2a: Kingambit|Kingambit, M|36/100
|move|p1a: Umbreon|Foul Play|p2a: Kingambit
|-resisted|p2a: Kingambit
|-damage|p2a: Kingambit|21/100
|
|-heal|p1a: Umbreon|100/100|[from] move: Wish|[wisher] Umbreon
|-heal|p2a: Kingambit|27/100|[from] item: Leftovers
|upkeep
|turn|44
|
|t:|1758958670
|move|p1a: Umbreon|Protect|p1a: Umbreon
|-singleturn|p1a: Umbreon|Protect
|move|p2a: Kingambit|Poison Jab|p1a: Umbreon
|-activate|p1a: Umbreon|move: Protect
|
|-heal|p2a: Kingambit|33/100|[from] item: Leftovers
|upkeep
|turn|45
|
|t:|1758958678
|move|p1a: Umbreon|Foul Play|p2a: Kingambit
|-resisted|p2a: Kingambit
|-damage|p2a: Kingambit|18/100
|move|p2a: Kingambit|Poison Jab|p1a: Umbreon
|-damage|p1a: Umbreon|80/100
|
|-heal|p1a: Umbreon|87/100|[from] item: Leftovers
|-heal|p2a: Kingambit|24/100|[from] item: Leftovers
|upkeep
|turn|46
|
|t:|1758958695
|move|p1a: Umbreon|Foul Play|p2a: Kingambit
|-resisted|p2a: Kingambit
|-damage|p2a: Kingambit|10/100
|move|p2a: Kingambit|Dark Pulse|p1a: Umbreon
|-resisted|p1a: Umbreon
|-crit|p1a: Umbreon
|-damage|p1a: Umbreon|75/100
|
|-heal|p1a: Umbreon|81/100|[from] item: Leftovers
|-heal|p2a: Kingambit|16/100|[from] item: Leftovers
|upkeep
|turn|47
|
|t:|1758958707
|move|p1a: Umbreon|Foul Play|p2a: Kingambit
|-resisted|p2a: Kingambit
|-damage|p2a: Kingambit|1/100
|move|p2a: Kingambit|Poison Jab|p1a: Umbreon
|-damage|p1a: Umbreon|60/100
|-status|p1a: Umbreon|psn
|-activate|p1a: Umbreon|ability: Synchronize
|-immune|p2a: Kingambit
|
|-heal|p1a: Umbreon|66/100 psn|[from] item: Leftovers
|-heal|p2a: Kingambit|8/100|[from] item: Leftovers
|-damage|p1a: Umbreon|54/100 psn|[from] psn
|upkeep
|turn|48
|
|t:|1758958721
|move|p1a: Umbreon|Foul Play|p2a: Kingambit
|-resisted|p2a: Kingambit
|-damage|p2a: Kingambit|0 fnt
|faint|p2a: Kingambit
|
|-heal|p1a: Umbreon|60/100 psn|[from] item: Leftovers
|-damage|p1a: Umbreon|48/100 psn|[from] psn
|upkeep
|
|t:|1758958729
|switch|p2a: Fodder|Abomasnow, F|69/100 tox
|-weather|Snowscape|[from] ability: Snow Warning|[of] p2a: Fodder
|turn|49
|
|t:|1758958734
|move|p1a: Umbreon|Wish|p1a: Umbreon
|move|p2a: Fodder|Blizzard|p1a: Umbreon
|-damage|p1a: Umbreon|31/100 psn
|
|-weather|Snowscape|[upkeep]
|-heal|p1a: Umbreon|37/100 psn|[from] item: Leftovers
|-heal|p2a: Fodder|75/100 tox|[from] item: Leftovers
|-damage|p1a: Umbreon|24/100 psn|[from] psn
|-damage|p2a: Fodder|69/100 tox|[from] psn
|upkeep
|turn|50
|
|t:|1758958744
|move|p1a: Umbreon|Protect|p1a: Umbreon
|-singleturn|p1a: Umbreon|Protect
|move|p2a: Fodder|Blizzard|p1a: Umbreon
|-activate|p1a: Umbreon|move: Protect
|
|-weather|Snowscape|[upkeep]
|-heal|p1a: Umbreon|74/100 psn|[from] move: Wish|[wisher] Umbreon
|-heal|p1a: Umbreon|80/100 psn|[from] item: Leftovers
|-heal|p2a: Fodder|75/100 tox|[from] item: Leftovers
|-damage|p1a: Umbreon|68/100 psn|[from] psn
|-damage|p2a: Fodder|63/100 tox|[from] psn
|upkeep
|turn|51
|
|t:|1758958756
|move|p1a: Umbreon|Foul Play|p2a: Fodder
|-damage|p2a: Fodder|39/100 tox
|move|p2a: Fodder|Blizzard|p1a: Umbreon
|-damage|p1a: Umbreon|49/100 psn
|
|-weather|Snowscape|[upkeep]
|-heal|p1a: Umbreon|55/100 psn|[from] item: Leftovers
|-heal|p2a: Fodder|45/100 tox|[from] item: Leftovers
|-damage|p1a: Umbreon|43/100 psn|[from] psn
|-damage|p2a: Fodder|27/100 tox|[from] psn
|upkeep
|turn|52
|
|t:|1758958770
|move|p1a: Umbreon|Wish|p1a: Umbreon
|move|p2a: Fodder|Blizzard|p1a: Umbreon
|-damage|p1a: Umbreon|24/100 psn
|
|-weather|Snowscape|[upkeep]
|-heal|p1a: Umbreon|30/100 psn|[from] item: Leftovers
|-heal|p2a: Fodder|33/100 tox|[from] item: Leftovers
|-damage|p1a: Umbreon|18/100 psn|[from] psn
|-damage|p2a: Fodder|9/100 tox|[from] psn
|upkeep
|turn|53
|
|t:|1758958784
|move|p1a: Umbreon|Protect|p1a: Umbreon
|-singleturn|p1a: Umbreon|Protect
|move|p2a: Fodder|Blizzard|p1a: Umbreon
|-activate|p1a: Umbreon|move: Protect
|
|-weather|none
|-heal|p1a: Umbreon|68/100 psn|[from] move: Wish|[wisher] Umbreon
|-heal|p1a: Umbreon|74/100 psn|[from] item: Leftovers
|-heal|p2a: Fodder|15/100 tox|[from] item: Leftovers
|-damage|p1a: Umbreon|62/100 psn|[from] psn
|-damage|p2a: Fodder|0 fnt|[from] psn
|faint|p2a: Fodder
|
|win|firemike9910
|l|☆Chassori
|player|p2|
