|j|☆Estreul
|j|☆monkeyooooooo
|t:|1758915532
|gametype|singles
|player|p1|Estreul|lucas|1490
|player|p2|monkeyooooooo|swimmerf-gen4|1531
|gen|9
|tier|[Gen 9] OU
|rated|
|rule|HP Percentage Mod: HP is shown in percentages
|rule|Endless Battle Clause: Forcing endless battles is banned
|rule|Species Clause: Limit one of each Pokémon
|rule|OHKO Clause: OHKO moves are banned
|rule|Evasion Items Clause: Evasion items are banned
|rule|Evasion Moves Clause: Evasion moves are banned
|rule|Evasion Abilities Clause: Evasion abilities are banned
|rule|Sleep Moves Clause: Sleep-inducing moves are banned
|clearpoke
|poke|p1|Gliscor, F|
|poke|p1|Ogerpon-Wellspring, F|
|poke|p1|Heatran, F|
|poke|p1|Hatterene, F|
|poke|p1|Raging Bolt|
|poke|p1|Darkrai|
|poke|p2|Maushold-Four|
|poke|p2|Ursaluna, M|
|poke|p2|Grimmsnarl, M|
|poke|p2|Alomomola, M|
|poke|p2|Iron Moth|
|poke|p2|Hatterene, F|
|teampreview
|inactive|Battle timer is ON: inactive players will automatically lose when time's up. (requested by Estreul)
|c|☆Estreul|glhf
|c|☆monkeyooooooo|U
|
|t:|1758915560
|teamsize|p1|6
|teamsize|p2|6
|start
|switch|p1a: Ogerpon|Ogerpon-Wellspring, F|100/100
|switch|p2a: Riddles Thrice|Grimmsnarl, M|100/100
|turn|1
|
|t:|1758915566
|move|p2a: Riddles Thrice|Reflect|p2a: Riddles Thrice
|-sidestart|p2: monkeyooooooo|Reflect
|move|p1a: Ogerpon|Ivy Cudgel|p2a: Riddles Thrice|[anim] Ivy Cudgel Water
|-damage|p2a: Riddles Thrice|75/100
|
|upkeep
|turn|2
|
|t:|1758915571
|move|p2a: Riddles Thrice|Thunder Wave|p1a: Ogerpon
|-status|p1a: Ogerpon|par
|move|p1a: Ogerpon|Spikes|p2a: Riddles Thrice
|-sidestart|p2: monkeyooooooo|Spikes
|
|upkeep
|turn|3
|
|t:|1758915579
|move|p2a: Riddles Thrice|Parting Shot|p1a: Ogerpon
|-unboost|p1a: Ogerpon|atk|1
|-unboost|p1a: Ogerpon|spa|1
|
|t:|1758915583
|switch|p2a: Nuclear Family|Maushold-Four|100/100|[from] Parting Shot
|-damage|p2a: Nuclear Family|88/100|[from] Spikes
|move|p1a: Ogerpon|Spikes|p2a: Nuclear Family
|-sidestart|p2: monkeyooooooo|Spikes
|
|upkeep
|turn|4
|
|t:|1758915593
|switch|p1a: Heatran|Heatran, F|100/100
|-item|p1a: Heatran|Air Balloon
|move|p2a: Nuclear Family|Tidy Up|p2a: Nuclear Family
|-sideend|p2: monkeyooooooo|Spikes
|-activate|p2a: Nuclear Family|move: Tidy Up
|-boost|p2a: Nuclear Family|atk|1
|-boost|p2a: Nuclear Family|spe|1
|
|upkeep
|turn|5
|
|t:|1758915601
|move|p2a: Nuclear Family|Population Bomb|p1a: Heatran
|-resisted|p1a: Heatran
|-damage|p1a: Heatran|94/100
|-enditem|p1a: Heatran|Air Balloon
|-resisted|p1a: Heatran
|-damage|p1a: Heatran|87/100
|-resisted|p1a: Heatran
|-damage|p1a: Heatran|81/100
|-resisted|p1a: Heatran
|-damage|p1a: Heatran|74/100
|-resisted|p1a: Heatran
|-damage|p1a: Heatran|68/100
|-resisted|p1a: Heatran
|-damage|p1a: Heatran|62/100
|-resisted|p1a: Heatran
|-damage|p1a: Heatran|55/100
|-resisted|p1a: Heatran
|-damage|p1a: Heatran|49/100
|-resisted|p1a: Heatran
|-damage|p1a: Heatran|42/100
|-resisted|p1a: Heatran
|-damage|p1a: Heatran|36/100
|-hitcount|p1a: Heatran|10
|move|p1a: Heatran|Magma Storm|p2a: Nuclear Family
|-damage|p2a: Nuclear Family|17/100
|-activate|p2a: Nuclear Family|move: Magma Storm|[of] p1a: Heatran
|
|-damage|p2a: Nuclear Family|5/100|[from] move: Magma Storm|[partiallytrapped]
|-sideend|p2: monkeyooooooo|Reflect
|upkeep
|turn|6
|inactive|Estreul has 120 seconds left.
|
|t:|1758915634
|switch|p1a: Hatterene|Hatterene, F|100/100
|move|p2a: Nuclear Family|Population Bomb|p1a: Hatterene
|-damage|p1a: Hatterene|82/100
|-damage|p1a: Hatterene|63/100
|-damage|p1a: Hatterene|44/100
|-damage|p1a: Hatterene|25/100
|-damage|p1a: Hatterene|8/100
|-damage|p1a: Hatterene|0 fnt
|faint|p1a: Hatterene
|-hitcount|p1: Hatterene|6
|
|-end|p2a: Nuclear Family|Magma Storm|[partiallytrapped]|[silent]
|upkeep
|inactive|Estreul has 120 seconds left.
|
|t:|1758915644
|switch|p1a: Raging Bolt|Raging Bolt|100/100
|turn|7
|inactive|Estreul has 120 seconds left.
|
|t:|1758915652
|move|p1a: Raging Bolt|Thunderclap||[still]
|-fail|p1a: Raging Bolt
|move|p2a: Nuclear Family|Tidy Up|p2a: Nuclear Family
|-boost|p2a: Nuclear Family|atk|1
|-boost|p2a: Nuclear Family|spe|1
|
|upkeep
|turn|8
|
|t:|1758915655
|move|p1a: Raging Bolt|Thunderclap||[still]
|-fail|p1a: Raging Bolt
|move|p2a: Nuclear Family|Encore|p1a: Raging Bolt
|-start|p1a: Raging Bolt|Encore
|
|upkeep
|turn|9
|
|t:|1758915665
|-end|p1a: Raging Bolt|Protosynthesis|[silent]
|switch|p1a: Gliscor|Gliscor, F|100/100
|move|p2a: Nuclear Family|Tidy Up|p2a: Nuclear Family
|-boost|p2a: Nuclear Family|atk|1
|-boost|p2a: Nuclear Family|spe|1
|
|-status|p1a: Gliscor|tox|[from] item: Toxic Orb
|upkeep
|turn|10
|
|t:|1758915667
|move|p1a: Gliscor|Protect|p1a: Gliscor
|-singleturn|p1a: Gliscor|Protect
|move|p2a: Nuclear Family|Population Bomb|p1a: Gliscor
|-activate|p1a: Gliscor|move: Protect
|
|upkeep
|turn|11
|
|t:|1758915679
|switch|p1a: Darkrai|Darkrai|100/100
|move|p2a: Nuclear Family|Population Bomb|p1a: Darkrai
|-damage|p1a: Darkrai|63/100
|-damage|p1a: Darkrai|25/100
|-damage|p1a: Darkrai|0 fnt
|faint|p1a: Darkrai
|-hitcount|p1: Darkrai|3
|
|upkeep
|
|t:|1758915682
|switch|p1a: Raging Bolt|Raging Bolt|100/100
|turn|12
|
|t:|1758915698
|move|p1a: Raging Bolt|Thunderclap|p2a: Nuclear Family
|-damage|p2a: Nuclear Family|0 fnt
|faint|p2a: Nuclear Family
|
|upkeep
|
|t:|1758915709
|switch|p2a: Riddles Thrice|Grimmsnarl, M|75/100
|turn|13
|
|t:|1758915717
|-end|p1a: Raging Bolt|Protosynthesis|[silent]
|switch|p1a: Gliscor|Gliscor, F|100/100 tox
|move|p2a: Riddles Thrice|Parting Shot|p1a: Gliscor
|-unboost|p1a: Gliscor|atk|1
|-unboost|p1a: Gliscor|spa|1
|
|t:|1758915719
|switch|p2a: Hot Potato|Ursaluna, M|100/100|[from] Parting Shot
|
|-status|p2a: Hot Potato|brn|[from] item: Flame Orb
|upkeep
|turn|14
|inactive|Estreul has 120 seconds left.
|
|t:|1758915753
|move|p1a: Gliscor|Facade|p2a: Hot Potato
|-damage|p2a: Hot Potato|87/100 brn
|move|p2a: Hot Potato|Swords Dance|p2a: Hot Potato
|-boost|p2a: Hot Potato|atk|2
|
|-damage|p2a: Hot Potato|81/100 brn|[from] brn
|upkeep
|turn|15
|inactive|Estreul has 120 seconds left.
|
|t:|1758915771
|move|p1a: Gliscor|Protect|p1a: Gliscor
|-singleturn|p1a: Gliscor|Protect
|move|p2a: Hot Potato|Facade|p1a: Gliscor
|-activate|p1a: Gliscor|move: Protect
|
|-damage|p2a: Hot Potato|75/100 brn|[from] brn
|upkeep
|turn|16
|inactive|Estreul has 120 seconds left.
|
|t:|1758915786
|move|p1a: Gliscor|Facade|p2a: Hot Potato
|-damage|p2a: Hot Potato|60/100 brn
|move|p2a: Hot Potato|Facade|p1a: Gliscor
|-damage|p1a: Gliscor|0 fnt
|faint|p1a: Gliscor
|
|-damage|p2a: Hot Potato|54/100 brn|[from] brn
|upkeep
|
|t:|1758915802
|switch|p1a: Raging Bolt|Raging Bolt|100/100
|turn|17
|inactive|Estreul has 90 seconds left.
|inactive|monkeyooooooo has 120 seconds left.
|
|t:|1758915834
|-terastallize|p2a: Hot Potato|Fairy
|move|p1a: Raging Bolt|Draco Meteor|p2a: Hot Potato
|-immune|p2a: Hot Potato
|move|p2a: Hot Potato|Facade|p1a: Raging Bolt
|-crit|p1a: Raging Bolt
|-damage|p1a: Raging Bolt|0 fnt
|faint|p1a: Raging Bolt
|-end|p1a: Raging Bolt|Protosynthesis|[silent]
|
|-damage|p2a: Hot Potato|48/100 brn|[from] brn
|upkeep
|inactive|Estreul has 90 seconds left.
|
|t:|1758915852
|switch|p1a: Ogerpon|Ogerpon-Wellspring, F|100/100 par
|turn|18
|
|t:|1758915856
|-terastallize|p1a: Ogerpon|Water
|detailschange|p1a: Ogerpon|Ogerpon-Wellspring-Tera, F, tera:Water
|-ability|p1a: Ogerpon|Embody Aspect (Wellspring)|boost
|-boost|p1a: Ogerpon|spd|1
|move|p1a: Ogerpon|Ivy Cudgel|p2a: Hot Potato|[anim] Ivy Cudgel Water
|-damage|p2a: Hot Potato|0 fnt
|faint|p2a: Hot Potato
|
|upkeep
|
|t:|1758915867
|switch|p2a: Riddles Thrice|Grimmsnarl, M|75/100
|turn|19
|inactive|Estreul has 90 seconds left.
|
|t:|1758915883
|move|p2a: Riddles Thrice|Reflect|p2a: Riddles Thrice
|-sidestart|p2: monkeyooooooo|Reflect
|cant|p1a: Ogerpon|par
|
|upkeep
|turn|20
|inactive|monkeyooooooo has 120 seconds left.
|
|t:|1758915919
|move|p2a: Riddles Thrice|Parting Shot|p1a: Ogerpon
|-unboost|p1a: Ogerpon|atk|1
|-unboost|p1a: Ogerpon|spa|1
|
|t:|1758915921
|switch|p2a: In words drown I.|Alomomola, M|100/100|[from] Parting Shot
|cant|p1a: Ogerpon|par
|
|upkeep
|turn|21
|
|t:|1758915928
|cant|p1a: Ogerpon|par
|move|p2a: In words drown I.|Flip Turn|p1a: Ogerpon
|-resisted|p1a: Ogerpon
|-damage|p1a: Ogerpon|90/100 par
|
|t:|1758915931
|switch|p2a: Riddles Thrice|Grimmsnarl, M|75/100|[from] Flip Turn
|
|upkeep
|turn|22
|
|t:|1758915935
|move|p2a: Riddles Thrice|Parting Shot|p1a: Ogerpon
|-unboost|p1a: Ogerpon|atk|1
|-unboost|p1a: Ogerpon|spa|1
|
|t:|1758915938
|switch|p2a: In words drown I.|Alomomola, M|100/100|[from] Parting Shot
|move|p1a: Ogerpon|Spikes|p2a: In words drown I.
|-sidestart|p2: monkeyooooooo|Spikes
|
|upkeep
|turn|23
|
|t:|1758915941
|move|p1a: Ogerpon|Spikes|p2a: In words drown I.
|-sidestart|p2: monkeyooooooo|Spikes
|move|p2a: In words drown I.|Flip Turn|p1a: Ogerpon
|-resisted|p1a: Ogerpon
|-damage|p1a: Ogerpon|80/100 par
|
|t:|1758915944
|switch|p2a: Bug Trap|Iron Moth|100/100|[from] Flip Turn
|-damage|p2a: Bug Trap|84/100|[from] Spikes
|
|-sideend|p2: monkeyooooooo|Reflect
|upkeep
|turn|24
|inactive|Estreul has 120 seconds left.
|
|t:|1758915979
|move|p2a: Bug Trap|Energy Ball|p1a: Ogerpon
|-supereffective|p1a: Ogerpon
|-damage|p1a: Ogerpon|1/100 par
|move|p1a: Ogerpon|Ivy Cudgel|p2a: Bug Trap|[anim] Ivy Cudgel Water
|-supereffective|p2a: Bug Trap
|-crit|p2a: Bug Trap
|-damage|p2a: Bug Trap|0 fnt
|faint|p2a: Bug Trap
|-end|p2a: Bug Trap|Quark Drive|[silent]
|
|upkeep
|
|t:|1758915984
|switch|p2a: In words drown I.|Alomomola, M|100/100
|-damage|p2a: In words drown I.|84/100|[from] Spikes
|turn|25
|
|t:|1758915988
|move|p1a: Ogerpon|Synthesis|p1a: Ogerpon
|-heal|p1a: Ogerpon|51/100 par
|move|p2a: In words drown I.|Flip Turn|p1a: Ogerpon
|-resisted|p1a: Ogerpon
|-damage|p1a: Ogerpon|40/100 par
|
|t:|1758915999
|switch|p2a: Riddles Thrice|Grimmsnarl, M|75/100|[from] Flip Turn
|-damage|p2a: Riddles Thrice|58/100|[from] Spikes
|
|upkeep
|turn|26
|
|t:|1758916003
|switch|p1a: Heatran|Heatran, F|36/100
|move|p2a: Riddles Thrice|Spirit Break|p1a: Heatran
|-resisted|p1a: Heatran
|-damage|p1a: Heatran|30/100
|-unboost|p1a: Heatran|spa|1
|
|upkeep
|turn|27
|
|t:|1758916012
|switch|p2a: In words drown I.|Alomomola, M|100/100
|-damage|p2a: In words drown I.|84/100|[from] Spikes
|move|p1a: Heatran|Magma Storm|p2a: In words drown I.
|-resisted|p2a: In words drown I.
|-damage|p2a: In words drown I.|76/100
|-activate|p2a: In words drown I.|move: Magma Storm|[of] p1a: Heatran
|
|-damage|p2a: In words drown I.|64/100|[from] move: Magma Storm|[partiallytrapped]
|upkeep
|turn|28
|inactive|Estreul has 120 seconds left.
|
|t:|1758916057
|move|p1a: Heatran|Stealth Rock|p2a: In words drown I.
|-sidestart|p2: monkeyooooooo|move: Stealth Rock
|move|p2a: In words drown I.|Flip Turn|p1a: Heatran
|-supereffective|p1a: Heatran
|-damage|p1a: Heatran|5/100
|
|t:|1758916065
|switch|p2a: Rubber|Hatterene, F|100/100|[from] Flip Turn
|-damage|p2a: Rubber|84/100|[from] Spikes
|-damage|p2a: Rubber|72/100|[from] Stealth Rock
|
|upkeep
|turn|29
|inactive|Estreul has 120 seconds left.
|
|t:|1758916091
|move|p1a: Heatran|Earth Power|p2a: Rubber
|-damage|p2a: Rubber|54/100
|-unboost|p2a: Rubber|spd|1
|-enditem|p2a: Rubber|Eject Button
|
|t:|1758916096
|switch|p2a: In words drown I.|Alomomola, M|97/100
|-damage|p2a: In words drown I.|80/100|[from] Spikes
|-damage|p2a: In words drown I.|68/100|[from] Stealth Rock
|
|upkeep
|turn|30
|
|t:|1758916102
|move|p1a: Heatran|Earth Power|p2a: In words drown I.
|-damage|p2a: In words drown I.|59/100
|move|p2a: In words drown I.|Flip Turn|p1a: Heatran
|-supereffective|p1a: Heatran
|-damage|p1a: Heatran|0 fnt
|faint|p1a: Heatran
|
|t:|1758916106
|switch|p2a: Riddles Thrice|Grimmsnarl, M|58/100|[from] Flip Turn
|-damage|p2a: Riddles Thrice|41/100|[from] Spikes
|-damage|p2a: Riddles Thrice|29/100|[from] Stealth Rock
|
|upkeep
|
|t:|1758916109
|switch|p1a: Ogerpon|Ogerpon-Wellspring-Tera, F, tera:Water|40/100 par
|-ability|p1a: Ogerpon|Embody Aspect (Wellspring)|boost
|-boost|p1a: Ogerpon|spd|1
|turn|31
|
|t:|1758916115
|move|p2a: Riddles Thrice|Reflect|p2a: Riddles Thrice
|-sidestart|p2: monkeyooooooo|Reflect
|move|p1a: Ogerpon|Ivy Cudgel|p2a: Riddles Thrice|[anim] Ivy Cudgel Water
|-damage|p2a: Riddles Thrice|0 fnt
|faint|p2a: Riddles Thrice
|
|upkeep
|
|t:|1758916123
|switch|p2a: Rubber|Hatterene, F|54/100
|-damage|p2a: Rubber|37/100|[from] Spikes
|-damage|p2a: Rubber|25/100|[from] Stealth Rock
|turn|32
|
|t:|1758916137
|cant|p1a: Ogerpon|par
|move|p2a: Rubber|Psychic Noise|p1a: Ogerpon
|-damage|p1a: Ogerpon|15/100 par
|-start|p1a: Ogerpon|move: Heal Block
|
|upkeep
|turn|33
|
|t:|1758916143
|move|p1a: Ogerpon|Ivy Cudgel|p2a: Rubber|[anim] Ivy Cudgel Water
|-damage|p2a: Rubber|0 fnt
|faint|p2a: Rubber
|
|-end|p1a: Ogerpon|move: Heal Block
|upkeep
|
|t:|1758916144
|switch|p2a: In words drown I.|Alomomola, M|93/100
|-damage|p2a: In words drown I.|76/100|[from] Spikes
|-damage|p2a: In words drown I.|64/100|[from] Stealth Rock
|turn|34
|
|t:|1758916147
|move|p1a: Ogerpon|Synthesis|p1a: Ogerpon
|-heal|p1a: Ogerpon|65/100 par
|move|p2a: In words drown I.|Play Rough|p1a: Ogerpon
|-damage|p1a: Ogerpon|43/100 par
|
|upkeep
|turn|35
|
|t:|1758916151
|cant|p1a: Ogerpon|par
|move|p2a: In words drown I.|Play Rough|p1a: Ogerpon
|-damage|p1a: Ogerpon|23/100 par
|
|-sideend|p2: monkeyooooooo|Reflect
|upkeep
|turn|36
|
|t:|1758916171
|move|p1a: Ogerpon|Synthesis|p1a: Ogerpon
|-heal|p1a: Ogerpon|73/100 par
|move|p2a: In words drown I.|Play Rough|p1a: Ogerpon
|-damage|p1a: Ogerpon|52/100 par
|
|upkeep
|turn|37
|
|t:|1758916183
|move|p1a: Ogerpon|Ivy Cudgel|p2a: In words drown I.|[anim] Ivy Cudgel Water
|-resisted|p2a: In words drown I.
|-damage|p2a: In words drown I.|34/100
|move|p2a: In words drown I.|Play Rough|p1a: Ogerpon
|-damage|p1a: Ogerpon|30/100 par
|
|upkeep
|turn|38
|
|t:|1758916189
|move|p1a: Ogerpon|Synthesis|p1a: Ogerpon
|-heal|p1a: Ogerpon|80/100 par
|move|p2a: In words drown I.|Play Rough|p1a: Ogerpon
|-damage|p1a: Ogerpon|60/100 par
|
|upkeep
|turn|39
|
|t:|1758916191
|move|p1a: Ogerpon|Ivy Cudgel|p2a: In words drown I.|[anim] Ivy Cudgel Water
|-resisted|p2a: In words drown I.
|-damage|p2a: In words drown I.|5/100
|move|p2a: In words drown I.|Play Rough|p1a: Ogerpon
|-damage|p1a: Ogerpon|38/100 par
|
|upkeep
|turn|40
|
|t:|1758916195
|cant|p1a: Ogerpon|par
|move|p2a: In words drown I.|Play Rough|p1a: Ogerpon
|-damage|p1a: Ogerpon|18/100 par
|
|upkeep
|turn|41
|
|t:|1758916197
|move|p1a: Ogerpon|Ivy Cudgel|p2a: In words drown I.|[anim] Ivy Cudgel Water
|-resisted|p2a: In words drown I.
|-damage|p2a: In words drown I.|0 fnt
|faint|p2a: In words drown I.
|
|win|Estreul
|raw|Estreul's rating: 1490 &rarr; <strong>1512</strong><br />(+22 for winning)
|raw|monkeyooooooo's rating: 1531 &rarr; <strong>1509</strong><br />(-22 for losing)
|l|☆monkeyooooooo
|player|p2|
|c|☆Estreul|gg close game
|l|☆Estreul
|player|p1|
|j|☆Estreul
|player|p1|Estreul|lucas|
