|j|☆ohjeebus
|j|☆bellaisokay
|t:|1758970620
|gametype|singles
|player|p1|ohjeebus|koga|1510
|player|p2|bellaisokay|sabrina|1654
|gen|9
|tier|[Gen 9] OU
|rated|
|rule|HP Percentage Mod: HP is shown in percentages
|rule|Endless Battle Clause: Forcing endless battles is banned
|rule|Species Clause: Limit one of each Pokémon
|rule|OHKO Clause: OHKO moves are banned
|rule|Evasion Items Clause: Evasion items are banned
|rule|Evasion Moves Clause: Evasion moves are banned
|rule|Evasion Abilities Clause: Evasion abilities are banned
|rule|Sleep Moves Clause: Sleep-inducing moves are banned
|clearpoke
|poke|p1|Skeledirge, M|
|poke|p1|Iron Boulder|
|poke|p1|Dragonite, F|
|poke|p1|Samurott-Hisui, F|
|poke|p1|Rillaboom, F|
|poke|p1|Gholdengo|
|poke|p2|Landorus-Therian, M|
|poke|p2|Serperior, M|
|poke|p2|Greninja-*, M|
|poke|p2|Hatterene, F|
|poke|p2|Kingambit, M|
|poke|p2|Zamazenta-*|
|teampreview
|inactive|Battle timer is ON: inactive players will automatically lose when time's up. (requested by ohjeebus)
|
|t:|1758970629
|teamsize|p1|6
|teamsize|p2|6
|start
|switch|p1a: Samurott|Samurott-Hisui, F|100/100
|switch|p2a: Landorus|Landorus-Therian, M|100/100
|-ability|p2a: Landorus|Intimidate|boost
|-unboost|p1a: Samurott|atk|1
|turn|1
|
|t:|1758970636
|move|p2a: Landorus|Stealth Rock|p1a: Samurott
|-sidestart|p1: ohjeebus|move: Stealth Rock
|move|p1a: Samurott|Aqua Cutter|p2a: Landorus
|-supereffective|p2a: Landorus
|-damage|p2a: Landorus|35/100
|
|upkeep
|turn|2
|
|t:|1758970642
|switch|p2a: Serperior|Serperior, M|100/100
|move|p1a: Samurott|Ceaseless Edge|p2a: Serperior
|-damage|p2a: Serperior|68/100
|-sidestart|p2: bellaisokay|Spikes
|
|upkeep
|turn|3
|
|t:|1758970645
|switch|p1a: Skeledirge|Skeledirge, M|100/100
|move|p2a: Serperior|Reflect|p2a: Serperior
|-sidestart|p2: bellaisokay|Reflect
|
|upkeep
|turn|4
|
|t:|1758970648
|move|p2a: Serperior|Glare|p1a: Skeledirge
|-status|p1a: Skeledirge|par
|move|p1a: Skeledirge|Torch Song|p2a: Serperior
|-supereffective|p2a: Serperior
|-damage|p2a: Serperior|5/100
|-boost|p1a: Skeledirge|spa|1
|
|upkeep
|turn|5
|
|t:|1758970656
|move|p2a: Serperior|Light Screen|p2a: Serperior
|-sidestart|p2: bellaisokay|move: Light Screen
|cant|p1a: Skeledirge|par
|
|upkeep
|turn|6
|
|t:|1758970666
|switch|p2a: Landorus|Landorus-Therian, M|35/100
|-ability|p2a: Landorus|Intimidate|boost
|-unboost|p1a: Skeledirge|atk|1
|cant|p1a: Skeledirge|par
|
|upkeep
|turn|7
|
|t:|1758970668
|move|p2a: Landorus|Earthquake|p1a: Skeledirge
|-supereffective|p1a: Skeledirge
|-damage|p1a: Skeledirge|19/100 par
|move|p1a: Skeledirge|Will-O-Wisp|p2a: Landorus|[miss]
|-miss|p1a: Skeledirge|p2a: Landorus
|
|upkeep
|turn|8
|
|t:|1758970672
|switch|p1a: Rillaboom|Rillaboom, F|100/100
|-damage|p1a: Rillaboom|88/100|[from] Stealth Rock
|-fieldstart|move: Grassy Terrain|[from] ability: Grassy Surge|[of] p1a: Rillaboom
|move|p2a: Landorus|Earthquake|p1a: Rillaboom
|-resisted|p1a: Rillaboom
|-damage|p1a: Rillaboom|76/100
|
|-heal|p1a: Rillaboom|82/100|[from] Grassy Terrain
|upkeep
|turn|9
|
|t:|1758970674
|move|p1a: Rillaboom|U-turn|p2a: Landorus
|-resisted|p2a: Landorus
|-damage|p2a: Landorus|28/100
|
|t:|1758970675
|switch|p1a: Samurott|Samurott-Hisui, F|100/100|[from] U-turn
|move|p2a: Landorus|Fling|p1a: Samurott
|-resisted|p1a: Samurott
|-damage|p1a: Samurott|95/100
|-status|p1a: Samurott|par
|-enditem|p2a: Landorus|Light Ball|[from] move: Fling
|
|-heal|p1a: Samurott|100/100 par|[from] Grassy Terrain
|upkeep
|turn|10
|
|t:|1758970678
|move|p2a: Landorus|U-turn|p1a: Samurott
|-supereffective|p1a: Samurott
|-damage|p1a: Samurott|48/100 par
|
|t:|1758970680
|switch|p2a: Serperior|Serperior, M|5/100|[from] U-turn
|-damage|p2a: Serperior|0 fnt|[from] Spikes
|faint|p2a: Serperior
|cant|p1a: Samurott|par
|
|-heal|p1a: Samurott|54/100 par|[from] Grassy Terrain
|-sideend|p2: bellaisokay|Reflect
|upkeep
|
|t:|1758970689
|switch|p2a: Zamazenta|Zamazenta|100/100
|-damage|p2a: Zamazenta|88/100|[from] Spikes
|-ability|p2a: Zamazenta|Dauntless Shield|boost
|-boost|p2a: Zamazenta|def|1
|turn|11
|
|t:|1758970696
|switch|p1a: Gholdengo|Gholdengo, shiny|100/100
|-damage|p1a: Gholdengo|94/100|[from] Stealth Rock
|move|p2a: Zamazenta|Iron Defense|p2a: Zamazenta
|-boost|p2a: Zamazenta|def|2
|
|-heal|p2a: Zamazenta|94/100|[from] Grassy Terrain
|-heal|p2a: Zamazenta|100/100|[from] item: Leftovers
|-heal|p1a: Gholdengo|100/100|[from] Grassy Terrain
|upkeep
|turn|12
|
|t:|1758970698
|move|p2a: Zamazenta|Substitute|p2a: Zamazenta
|-start|p2a: Zamazenta|Substitute
|-damage|p2a: Zamazenta|75/100
|move|p1a: Gholdengo|Nasty Plot|p1a: Gholdengo
|-boost|p1a: Gholdengo|spa|2
|
|-heal|p2a: Zamazenta|82/100|[from] Grassy Terrain
|-heal|p2a: Zamazenta|88/100|[from] item: Leftovers
|-sideend|p2: bellaisokay|move: Light Screen
|-fieldend|move: Grassy Terrain
|upkeep
|turn|13
|
|t:|1758970702
|move|p2a: Zamazenta|Crunch|p1a: Gholdengo
|-supereffective|p1a: Gholdengo
|-damage|p1a: Gholdengo|73/100
|move|p1a: Gholdengo|Shadow Ball|p2a: Zamazenta
|-end|p2a: Zamazenta|Substitute
|
|-heal|p2a: Zamazenta|94/100|[from] item: Leftovers
|upkeep
|turn|14
|
|t:|1758970706
|-terastallize|p2a: Zamazenta|Fire
|move|p2a: Zamazenta|Crunch|p1a: Gholdengo
|-supereffective|p1a: Gholdengo
|-damage|p1a: Gholdengo|44/100
|move|p1a: Gholdengo|Shadow Ball|p2a: Zamazenta
|-damage|p2a: Zamazenta|38/100
|
|-heal|p2a: Zamazenta|44/100|[from] item: Leftovers
|upkeep
|turn|15
|
|t:|1758970711
|move|p2a: Zamazenta|Substitute|p2a: Zamazenta
|-start|p2a: Zamazenta|Substitute
|-damage|p2a: Zamazenta|19/100
|move|p1a: Gholdengo|Shadow Ball|p2a: Zamazenta
|-end|p2a: Zamazenta|Substitute
|
|-heal|p2a: Zamazenta|25/100|[from] item: Leftovers
|upkeep
|turn|16
|
|t:|1758970713
|move|p2a: Zamazenta|Crunch|p1a: Gholdengo
|-supereffective|p1a: Gholdengo
|-damage|p1a: Gholdengo|16/100
|move|p1a: Gholdengo|Shadow Ball|p2a: Zamazenta
|-damage|p2a: Zamazenta|0 fnt
|faint|p2a: Zamazenta
|
|upkeep
|
|t:|1758970715
|switch|p2a: Greninja|Greninja, M|100/100
|-damage|p2a: Greninja|88/100|[from] Spikes
|turn|17
|
|t:|1758970720
|switch|p1a: Rillaboom|Rillaboom, F|82/100
|-damage|p1a: Rillaboom|70/100|[from] Stealth Rock
|-fieldstart|move: Grassy Terrain|[from] ability: Grassy Surge|[of] p1a: Rillaboom
|move|p2a: Greninja|Dark Pulse|p1a: Rillaboom
|-damage|p1a: Rillaboom|7/100
|-damage|p2a: Greninja|78/100|[from] item: Life Orb
|
|-heal|p1a: Rillaboom|13/100|[from] Grassy Terrain
|-heal|p2a: Greninja|84/100|[from] Grassy Terrain
|upkeep
|turn|18
|
|t:|1758970722
|move|p1a: Rillaboom|Grassy Glide|p2a: Greninja
|-supereffective|p2a: Greninja
|-damage|p2a: Greninja|0 fnt
|faint|p2a: Greninja
|
|-heal|p1a: Rillaboom|20/100|[from] Grassy Terrain
|upkeep
|
|t:|1758970730
|switch|p2a: Kingambit|Kingambit, M|100/100
|-damage|p2a: Kingambit|88/100|[from] Spikes
|-activate|p2a: Kingambit|ability: Supreme Overlord
|-start|p2a: Kingambit|fallen3|[silent]
|turn|19
|
|t:|1758970738
|switch|p1a: Gholdengo|Gholdengo, shiny|16/100
|-damage|p1a: Gholdengo|10/100|[from] Stealth Rock
|move|p2a: Kingambit|Swords Dance|p2a: Kingambit
|-boost|p2a: Kingambit|atk|2
|
|-heal|p1a: Gholdengo|16/100|[from] Grassy Terrain
|-heal|p2a: Kingambit|94/100|[from] Grassy Terrain
|-heal|p2a: Kingambit|99/100|[from] item: Leftovers
|upkeep
|turn|20
|
|t:|1758970742
|move|p1a: Gholdengo|Focus Blast|p2a: Kingambit
|-supereffective|p2a: Kingambit
|-damage|p2a: Kingambit|0 fnt
|faint|p2a: Kingambit
|-end|p2a: Kingambit|fallen3|[silent]
|
|-heal|p1a: Gholdengo|22/100|[from] Grassy Terrain
|upkeep
|
|t:|1758970744
|switch|p2a: Landorus|Landorus-Therian, M|28/100
|-ability|p2a: Landorus|Intimidate|boost
|-unboost|p1a: Gholdengo|atk|1
|turn|21
|
|t:|1758970747
|switch|p1a: Skeledirge|Skeledirge, M|19/100 par
|move|p2a: Landorus|Earthquake|p1a: Skeledirge
|-supereffective|p1a: Skeledirge
|-damage|p1a: Skeledirge|0 fnt
|faint|p1a: Skeledirge
|
|-fieldend|move: Grassy Terrain
|upkeep
|
|t:|1758970751
|switch|p1a: Iron Boulder|Iron Boulder|100/100
|-damage|p1a: Iron Boulder|88/100|[from] Stealth Rock
|-enditem|p1a: Iron Boulder|Booster Energy
|-activate|p1a: Iron Boulder|ability: Quark Drive|[fromitem]
|-start|p1a: Iron Boulder|quarkdrivespe
|turn|22
|
|t:|1758970752
|-terastallize|p1a: Iron Boulder|Fighting
|move|p1a: Iron Boulder|Swords Dance|p1a: Iron Boulder
|-boost|p1a: Iron Boulder|atk|2
|move|p2a: Landorus|Earthquake|p1a: Iron Boulder
|-damage|p1a: Iron Boulder|30/100
|
|upkeep
|turn|23
|
|t:|1758970755
|move|p1a: Iron Boulder|Mighty Cleave|p2a: Landorus
|-damage|p2a: Landorus|0 fnt
|faint|p2a: Landorus
|
|upkeep
|
|t:|1758970757
|switch|p2a: Hatterene|Hatterene, F|100/100
|-damage|p2a: Hatterene|88/100|[from] Spikes
|turn|24
|
|t:|1758970758
|move|p1a: Iron Boulder|Mighty Cleave|p2a: Hatterene
|-damage|p2a: Hatterene|10/100
|move|p2a: Hatterene|Draining Kiss|p1a: Iron Boulder
|-supereffective|p1a: Iron Boulder
|-damage|p1a: Iron Boulder|0 fnt
|-heal|p2a: Hatterene|32/100|[from] drain|[of] p1a: Iron Boulder
|faint|p1a: Iron Boulder
|-end|p1a: Iron Boulder|Quark Drive|[silent]
|
|-heal|p2a: Hatterene|38/100|[from] item: Leftovers
|upkeep
|
|t:|1758970762
|switch|p1a: Gholdengo|Gholdengo, shiny|22/100
|-damage|p1a: Gholdengo|16/100|[from] Stealth Rock
|turn|25
|
|t:|1758970764
|move|p1a: Gholdengo|Make It Rain|p2a: Hatterene
|-supereffective|p2a: Hatterene
|-damage|p2a: Hatterene|0 fnt
|-unboost|p1a: Gholdengo|spa|1
|faint|p2a: Hatterene
|
|win|ohjeebus
|raw|ohjeebus's rating: 1510 &rarr; <strong>1538</strong><br />(+28 for winning)
|raw|bellaisokay's rating: 1654 &rarr; <strong>1626</strong><br />(-28 for losing)
|l|☆bellaisokay
|player|p2|
