|j|☆kalyeotcho
|j|☆Ai Specialist 144
|t:|1759034512
|gametype|singles
|player|p1|kalyeotcho|doctor|1496
|player|p2|Ai Specialist 144|marley|1413
|gen|9
|tier|[Gen 9] OU
|rated|
|rule|HP Percentage Mod: HP is shown in percentages
|rule|Endless Battle Clause: Forcing endless battles is banned
|rule|Species Clause: Limit one of each Pokémon
|rule|OHKO Clause: OHKO moves are banned
|rule|Evasion Items Clause: Evasion items are banned
|rule|Evasion Moves Clause: Evasion moves are banned
|rule|Evasion Abilities Clause: Evasion abilities are banned
|rule|Sleep Moves Clause: Sleep-inducing moves are banned
|clearpoke
|poke|p1|Mimikyu, M|
|poke|p1|Cresselia, F|
|poke|p1|Enamorus-Therian, F|
|poke|p1|Tyranitar, F|
|poke|p1|Kingambit, M|
|poke|p1|Necrozma|
|poke|p2|Iron Valiant|
|poke|p2|Dragonite, M|
|poke|p2|Gholdengo|
|poke|p2|Darkrai|
|poke|p2|Excadrill, M|
|poke|p2|Ogerpon-Wellspring, F|
|teampreview
|
|t:|1759034550
|teamsize|p1|6
|teamsize|p2|6
|start
|switch|p1a: Grey|Mimikyu, M, shiny|100/100
|switch|p2a: 401 K 💵|Gholdengo, shiny|100/100
|-item|p2a: 401 K 💵|Air Balloon
|turn|1
|inactive|Battle timer is ON: inactive players will automatically lose when time's up. (requested by kalyeotcho)
|
|t:|1759034561
|move|p2a: 401 K 💵|Shadow Ball|p1a: Grey
|-activate|p1a: Grey|ability: Disguise
|-damage|p1a: Grey|100/100
|detailschange|p1a: Grey|Mimikyu-Busted, M, shiny
|-damage|p1a: Grey|88/100|[from] pokemon: Mimikyu-Busted
|-enditem|p1a: Grey|Red Card|[of] p2a: 401 K 💵
|drag|p2a: G047 🐑|Excadrill, M, shiny|100/100
|-ability|p2a: G047 🐑|Mold Breaker
|move|p1a: Grey|Trick Room|p1a: Grey
|-fieldstart|move: Trick Room|[of] p1a: Grey
|
|upkeep
|turn|2
|
|t:|1759034574
|move|p1a: Grey|Curse|p2a: G047 🐑
|-start|p2a: G047 🐑|Curse|[of] p1a: Grey
|-damage|p1a: Grey|38/100
|move|p2a: G047 🐑|Stealth Rock|p1a: Grey
|-sidestart|p1: kalyeotcho|move: Stealth Rock
|
|-damage|p2a: G047 🐑|76/100|[from] Curse
|upkeep
|turn|3
|
|t:|1759034597
|move|p1a: Grey|Play Rough|p2a: G047 🐑|[miss]
|-miss|p1a: Grey|p2a: G047 🐑
|move|p2a: G047 🐑|Earthquake|p1a: Grey
|-damage|p1a: Grey|0 fnt
|faint|p1a: Grey
|
|-damage|p2a: G047 🐑|51/100|[from] Curse
|upkeep
|
|t:|1759034618
|switch|p1a: Amunet|Tyranitar, F, shiny|100/100
|-damage|p1a: Amunet|88/100|[from] Stealth Rock
|-weather|Sandstorm|[from] ability: Sand Stream|[of] p1a: Amunet
|turn|4
|
|t:|1759034628
|move|p1a: Amunet|Knock Off|p2a: G047 🐑
|-damage|p2a: G047 🐑|0 fnt
|-enditem|p2a: G047 🐑|Focus Sash|[from] move: Knock Off|[of] p1a: Amunet
|faint|p2a: G047 🐑
|-damage|p1a: Amunet|78/100|[from] item: Life Orb
|
|-weather|Sandstorm|[upkeep]
|upkeep
|
|t:|1759034642
|switch|p2a: M47R1X|Ogerpon-Wellspring, F|100/100
|turn|5
|
|t:|1759034663
|move|p1a: Amunet|Knock Off|p2a: M47R1X
|-damage|p2a: M47R1X|45/100
|-damage|p1a: Amunet|68/100|[from] item: Life Orb
|move|p2a: M47R1X|Ivy Cudgel|p1a: Amunet|[anim] Ivy Cudgel Water
|-supereffective|p1a: Amunet
|-crit|p1a: Amunet
|-damage|p1a: Amunet|0 fnt
|faint|p1a: Amunet
|
|-weather|Sandstorm|[upkeep]
|-damage|p2a: M47R1X|39/100|[from] Sandstorm
|-fieldend|move: Trick Room
|upkeep
|
|t:|1759034670
|switch|p1a: Cresselia|Cresselia, F, shiny|100/100
|-damage|p1a: Cresselia|88/100|[from] Stealth Rock
|turn|6
|
|t:|1759034686
|move|p2a: M47R1X|Ivy Cudgel|p1a: Cresselia|[anim] Ivy Cudgel Water
|-damage|p1a: Cresselia|52/100
|move|p1a: Cresselia|Trick Room|p1a: Cresselia
|-fieldstart|move: Trick Room|[of] p1a: Cresselia
|
|-weather|Sandstorm|[upkeep]
|-damage|p1a: Cresselia|46/100|[from] Sandstorm
|-damage|p2a: M47R1X|33/100|[from] Sandstorm
|-heal|p1a: Cresselia|52/100|[from] item: Leftovers
|upkeep
|turn|7
|
|t:|1759034700
|switch|p2a: 401 K 💵|Gholdengo, shiny|100/100
|-item|p2a: 401 K 💵|Air Balloon
|move|p1a: Cresselia|Lunar Dance|p1a: Cresselia
|faint|p1a: Cresselia
|
|-weather|Sandstorm|[upkeep]
|upkeep
|
|t:|1759034712
|switch|p1a: Jin|Kingambit, M, shiny|100/100
|-damage|p1a: Jin|94/100|[from] Stealth Rock
|-activate|p1a: Jin|ability: Supreme Overlord
|-start|p1a: Jin|fallen3|[silent]
|-item|p1a: Jin|Air Balloon
|turn|8
|
|t:|1759034730
|move|p1a: Jin|Kowtow Cleave|p2a: 401 K 💵
|-supereffective|p2a: 401 K 💵
|-damage|p2a: 401 K 💵|0 fnt
|-enditem|p2a: 401 K 💵|Air Balloon
|faint|p2a: 401 K 💵
|
|-weather|none
|upkeep
|
|t:|1759034745
|switch|p2a: 0.G.👑|Dragonite, M, shiny|100/100
|turn|9
|
|t:|1759034768
|move|p1a: Jin|Swords Dance|p1a: Jin
|-boost|p1a: Jin|atk|2
|move|p2a: 0.G.👑|Earthquake|p1a: Jin
|-immune|p1a: Jin
|
|upkeep
|turn|10
|
|t:|1759034777
|move|p2a: 0.G.👑|Extreme Speed|p1a: Jin
|-resisted|p1a: Jin
|-damage|p1a: Jin|82/100
|-enditem|p1a: Jin|Air Balloon
|move|p1a: Jin|Kowtow Cleave|p2a: 0.G.👑
|-damage|p2a: 0.G.👑|34/100
|
|-fieldend|move: Trick Room
|upkeep
|turn|11
|inactive|kalyeotcho has 120 seconds left.
|
|t:|1759034803
|switch|p2a: M47R1X|Ogerpon-Wellspring, F|33/100
|move|p1a: Jin|Kowtow Cleave|p2a: M47R1X
|-damage|p2a: M47R1X|0 fnt
|faint|p2a: M47R1X
|
|upkeep
|
|t:|1759034817
|switch|p2a: 0.G.👑|Dragonite, M, shiny|34/100
|turn|12
|
|t:|1759034826
|move|p2a: 0.G.👑|Earthquake|p1a: Jin
|-supereffective|p1a: Jin
|-damage|p1a: Jin|28/100
|move|p1a: Jin|Kowtow Cleave|p2a: 0.G.👑
|-damage|p2a: 0.G.👑|0 fnt
|faint|p2a: 0.G.👑
|
|upkeep
|
|t:|1759034835
|switch|p2a: S4iL0R M0on 🌙|Iron Valiant, shiny|100/100
|-enditem|p2a: S4iL0R M0on 🌙|Booster Energy
|-activate|p2a: S4iL0R M0on 🌙|ability: Quark Drive|[fromitem]
|-start|p2a: S4iL0R M0on 🌙|quarkdrivespe
|turn|13
|
|t:|1759034844
|move|p2a: S4iL0R M0on 🌙|Moonblast|p1a: Jin
|-damage|p1a: Jin|0 fnt
|faint|p1a: Jin
|-end|p1a: Jin|fallen3|[silent]
|
|upkeep
|
|t:|1759034859
|switch|p1a: Necrozma|Necrozma|100/100
|-damage|p1a: Necrozma|88/100|[from] Stealth Rock
|turn|14
|
|t:|1759034872
|move|p2a: S4iL0R M0on 🌙|Calm Mind|p2a: S4iL0R M0on 🌙
|-boost|p2a: S4iL0R M0on 🌙|spa|1
|-boost|p2a: S4iL0R M0on 🌙|spd|1
|move|p1a: Necrozma|Trick Room|p1a: Necrozma
|-fieldstart|move: Trick Room|[of] p1a: Necrozma
|
|upkeep
|turn|15
|c|☆kalyeotcho|love the nicknames
|
|t:|1759034888
|-terastallize|p2a: S4iL0R M0on 🌙|Ghost
|move|p1a: Necrozma|Photon Geyser|p2a: S4iL0R M0on 🌙
|-damage|p2a: S4iL0R M0on 🌙|29/100
|move|p2a: S4iL0R M0on 🌙|Calm Mind|p2a: S4iL0R M0on 🌙
|-boost|p2a: S4iL0R M0on 🌙|spa|1
|-boost|p2a: S4iL0R M0on 🌙|spd|1
|
|upkeep
|turn|16
|
|t:|1759034902
|-end|p2a: S4iL0R M0on 🌙|Quark Drive|[silent]
|switch|p2a: HUN73R🩸|Darkrai, shiny|100/100
|move|p1a: Necrozma|Photon Geyser|p2a: HUN73R🩸
|-immune|p2a: HUN73R🩸
|
|upkeep
|turn|17
|
|t:|1759034920
|move|p1a: Necrozma|Meteor Beam||[still]
|-prepare|p1a: Necrozma|Meteor Beam
|-boost|p1a: Necrozma|spa|1
|-enditem|p1a: Necrozma|Power Herb
|-anim|p1a: Necrozma|Meteor Beam|p2a: HUN73R🩸|[miss]
|-miss|p1a: Necrozma|p2a: HUN73R🩸
|move|p2a: HUN73R🩸|Dark Pulse|p1a: Necrozma
|-supereffective|p1a: Necrozma
|-crit|p1a: Necrozma
|-damage|p1a: Necrozma|0 fnt
|faint|p1a: Necrozma
|-damage|p2a: HUN73R🩸|91/100|[from] item: Life Orb
|
|upkeep
|
|t:|1759034926
|switch|p1a: Enamorus|Enamorus-Therian, F|100/100
|-damage|p1a: Enamorus|75/100|[from] Stealth Rock
|turn|18
|
|t:|1759034935
|switch|p2a: S4iL0R M0on 🌙|Iron Valiant, shiny, tera:Ghost|29/100
|move|p1a: Enamorus|Moonblast|p2a: S4iL0R M0on 🌙
|-damage|p2a: S4iL0R M0on 🌙|0 fnt
|faint|p2a: S4iL0R M0on 🌙
|-end|p2a: S4iL0R M0on 🌙|Quark Drive|[silent]
|
|-fieldend|move: Trick Room
|upkeep
|
|t:|1759034944
|switch|p2a: HUN73R🩸|Darkrai, shiny|91/100
|turn|19
|
|t:|1759034952
|-terastallize|p1a: Enamorus|Ground
|move|p2a: HUN73R🩸|Sludge Bomb|p1a: Enamorus
|-resisted|p1a: Enamorus
|-damage|p1a: Enamorus|56/100
|-damage|p2a: HUN73R🩸|81/100|[from] item: Life Orb
|move|p1a: Enamorus|Moonblast|p2a: HUN73R🩸
|-supereffective|p2a: HUN73R🩸
|-damage|p2a: HUN73R🩸|0 fnt
|faint|p2a: HUN73R🩸
|
|win|kalyeotcho
|raw|kalyeotcho's rating: 1496 &rarr; <strong>1511</strong><br />(+15 for winning)
|raw|Ai Specialist 144's rating: 1413 &rarr; <strong>1398</strong><br />(-15 for losing)
|l|☆Ai Specialist 144
|player|p2|
|l|☆kalyeotcho
|player|p1|
