|j|☆Reginald Chaos
|j|☆exposed king
|t:|1758963975
|gametype|singles
|player|p1|Reginald Chaos|102|1230
|player|p2|exposed king|102|1263
|gen|9
|tier|[Gen 9] OU
|rated|
|rule|HP Percentage Mod: HP is shown in percentages
|rule|Endless Battle Clause: Forcing endless battles is banned
|rule|Species Clause: Limit one of each Pokémon
|rule|OHKO Clause: OHKO moves are banned
|rule|Evasion Items Clause: Evasion items are banned
|rule|Evasion Moves Clause: Evasion moves are banned
|rule|Evasion Abilities Clause: Evasion abilities are banned
|rule|Sleep Moves Clause: Sleep-inducing moves are banned
|clearpoke
|poke|p1|Pelipper, F|
|poke|p1|Beartic, F|
|poke|p1|Barraskewda, M|
|poke|p1|Ogerpon-Wellspring, F|
|poke|p1|Zapdos|
|poke|p1|Hatterene, F|
|poke|p2|Ribombee, F|
|poke|p2|Moltres|
|poke|p2|Cinderace, F|
|poke|p2|Porygon-Z|
|poke|p2|Primarina, F|
|poke|p2|Samurott-Hisui, F|
|teampreview
|inactive|Battle timer is ON: inactive players will automatically lose when time's up. (requested by exposed king)
|
|t:|1758964000
|teamsize|p1|6
|teamsize|p2|6
|start
|switch|p1a: Barraskewda|Barraskewda, M|100/100
|switch|p2a: Porygon-Z|Porygon-Z|100/100
|turn|1
|
|t:|1758964008
|switch|p1a: Zapdos|Zapdos|100/100
|-terastallize|p2a: Porygon-Z|Ghost
|move|p2a: Porygon-Z|Thunderbolt|p1a: Zapdos
|-damage|p1a: Zapdos|72/100
|
|upkeep
|turn|2
|
|t:|1758964015
|move|p1a: Zapdos|Volt Switch|p2a: Porygon-Z
|-damage|p2a: Porygon-Z|52/100
|
|t:|1758964027
|switch|p1a: Pelipper|Pelipper, F|100/100|[from] Volt Switch
|-weather|RainDance|[from] ability: Drizzle|[of] p1a: Pelipper
|move|p2a: Porygon-Z|Ice Beam|p1a: Pelipper
|-damage|p1a: Pelipper|55/100
|
|-weather|RainDance|[upkeep]
|upkeep
|turn|3
|
|t:|1758964052
|switch|p1a: Zapdos|Zapdos|72/100
|move|p2a: Porygon-Z|Shadow Ball|p1a: Zapdos
|-damage|p1a: Zapdos|28/100
|
|-weather|RainDance|[upkeep]
|upkeep
|turn|4
|
|t:|1758964059
|switch|p2a: Ribombee|Ribombee, F|100/100
|move|p1a: Zapdos|Thunder|p2a: Ribombee
|-enditem|p2a: Ribombee|Focus Sash
|-damage|p2a: Ribombee|1/100
|
|-weather|RainDance|[upkeep]
|upkeep
|turn|5
|
|t:|1758964064
|switch|p1a: Hatterene|Hatterene, F|100/100
|move|p2a: Ribombee|Sticky Web|p1a: Hatterene
|move|p1a: Hatterene|Sticky Web|p2a: Ribombee|[from] ability: Magic Bounce
|-sidestart|p2: exposed king|move: Sticky Web
|
|-weather|RainDance|[upkeep]
|upkeep
|turn|6
|
|t:|1758964069
|move|p2a: Ribombee|Stun Spore|p1a: Hatterene
|move|p1a: Hatterene|Stun Spore|p2a: Ribombee|[from] ability: Magic Bounce
|-status|p2a: Ribombee|par
|move|p1a: Hatterene|Draining Kiss|p2a: Ribombee
|-damage|p2a: Ribombee|0 fnt
|faint|p2a: Ribombee
|
|-weather|RainDance|[upkeep]
|upkeep
|
|t:|1758964075
|switch|p2a: Cinderace|Cinderace, F|100/100
|turn|7
|
|t:|1758964087
|switch|p1a: Barraskewda|Barraskewda, M|100/100
|move|p2a: Cinderace|Court Change|p2a: Cinderace
|-start|p2a: Cinderace|typechange|Normal|[from] ability: Libero
|-swapsideconditions
|-activate|p2a: Cinderace|move: Court Change
|
|-weather|RainDance|[upkeep]
|upkeep
|turn|8
|
|t:|1758964101
|move|p2a: Cinderace|Sucker Punch|p1a: Barraskewda
|-damage|p1a: Barraskewda|57/100
|move|p1a: Barraskewda|Close Combat|p2a: Cinderace
|-supereffective|p2a: Cinderace
|-crit|p2a: Cinderace
|-damage|p2a: Cinderace|0 fnt
|-unboost|p1a: Barraskewda|def|1
|-unboost|p1a: Barraskewda|spd|1
|faint|p2a: Cinderace
|
|-weather|RainDance|[upkeep]
|upkeep
|
|t:|1758964107
|switch|p2a: Moltres|Moltres|100/100
|turn|9
|
|t:|1758964113
|switch|p2a: Porygon-Z|Porygon-Z, tera:Ghost|52/100
|move|p1a: Barraskewda|Liquidation|p2a: Porygon-Z
|-damage|p2a: Porygon-Z|0 fnt
|faint|p2a: Porygon-Z
|
|-weather|none
|upkeep
|-message|exposed king forfeited.
|
|win|Reginald Chaos
|raw|Reginald Chaos's rating: 1230 &rarr; <strong>1257</strong><br />(+27 for winning)
|raw|exposed king's rating: 1263 &rarr; <strong>1236</strong><br />(-27 for losing)
|l|☆exposed king
|player|p2|
|l|☆Reginald Chaos
|player|p1|
