|j|☆TamaSakura
|j|☆missingyat
|t:|1759070286
|gametype|singles
|player|p1|TamaSakura|caitlin|1119
|player|p2|missingyat|clerk|1114
|gen|9
|tier|[Gen 9] OU
|rated|
|rule|HP Percentage Mod: HP is shown in percentages
|rule|Endless Battle Clause: Forcing endless battles is banned
|rule|Species Clause: Limit one of each Pokémon
|rule|OHKO Clause: OHKO moves are banned
|rule|Evasion Items Clause: Evasion items are banned
|rule|Evasion Moves Clause: Evasion moves are banned
|rule|Evasion Abilities Clause: Evasion abilities are banned
|rule|Sleep Moves Clause: Sleep-inducing moves are banned
|clearpoke
|poke|p1|Ninetales, F|
|poke|p1|Victreebel, F|
|poke|p1|Raging Bolt|
|poke|p1|Scyther, F|
|poke|p1|Ceruledge, F|
|poke|p1|Orthworm, F|
|poke|p2|Komala, F|
|poke|p2|Granbull, F|
|poke|p2|Oricorio-Sensu, M|
|poke|p2|Quaquaval, F|
|poke|p2|Galvantula, F|
|poke|p2|Heracross, F|
|teampreview
|
|t:|1759070298
|teamsize|p1|6
|teamsize|p2|6
|start
|switch|p1a: Ceruledge|Ceruledge, F|100/100
|switch|p2a: Galvantula|Galvantula, F|100/100
|turn|1
|
|t:|1759070303
|move|p2a: Galvantula|Volt Switch|p1a: Ceruledge
|-damage|p1a: Ceruledge|52/100
|
|t:|1759070309
|switch|p2a: Granbull|Granbull, F|100/100|[from] Volt Switch
|-ability|p2a: Granbull|Intimidate|boost
|-unboost|p1a: Ceruledge|atk|1
|move|p1a: Ceruledge|Swords Dance|p1a: Ceruledge
|-boost|p1a: Ceruledge|atk|2
|
|upkeep
|turn|2
|
|t:|1759070318
|move|p1a: Ceruledge|Bitter Blade|p2a: Granbull
|-damage|p2a: Granbull|32/100
|-heal|p1a: Ceruledge|90/100|[from] drain|[of] p2a: Granbull
|move|p2a: Granbull|Earthquake|p1a: Ceruledge
|-supereffective|p1a: Ceruledge
|-damage|p1a: Ceruledge|3/100
|-ability|p1a: Ceruledge|Weak Armor|boost
|-unboost|p1a: Ceruledge|def|1
|-boost|p1a: Ceruledge|spe|2
|
|upkeep
|turn|3
|
|t:|1759070328
|move|p1a: Ceruledge|Bitter Blade|p2a: Granbull
|-damage|p2a: Granbull|0 fnt
|-heal|p1a: Ceruledge|20/100|[from] drain|[of] p2a: Granbull
|faint|p2a: Granbull
|
|upkeep
|
|t:|1759070332
|switch|p2a: Slizzy|Komala, F, shiny|100/100
|-ability|p2a: Slizzy|Comatose
|turn|4
|
|t:|1759070339
|move|p2a: Slizzy|Sucker Punch|p1a: Ceruledge
|-supereffective|p1a: Ceruledge
|-damage|p1a: Ceruledge|0 fnt
|faint|p1a: Ceruledge
|
|upkeep
|
|t:|1759070345
|switch|p1a: Orthworm|Orthworm, F|100/100
|turn|5
|
|t:|1759070354
|move|p2a: Slizzy|Body Slam|p1a: Orthworm
|-resisted|p1a: Orthworm
|-damage|p1a: Orthworm|87/100
|move|p1a: Orthworm|Stealth Rock|p2a: Slizzy
|-sidestart|p2: missingyat|move: Stealth Rock
|
|-heal|p1a: Orthworm|93/100|[from] item: Leftovers
|upkeep
|turn|6
|
|t:|1759070362
|move|p2a: Slizzy|Rapid Spin|p1a: Orthworm
|-resisted|p1a: Orthworm
|-damage|p1a: Orthworm|84/100
|-boost|p2a: Slizzy|spe|1
|-sideend|p2: missingyat|Stealth Rock|[from] move: Rapid Spin|[of] p2a: Slizzy
|move|p1a: Orthworm|Spikes|p2a: Slizzy
|-sidestart|p2: missingyat|Spikes
|
|-heal|p1a: Orthworm|90/100|[from] item: Leftovers
|upkeep
|turn|7
|
|t:|1759070367
|move|p2a: Slizzy|Rapid Spin|p1a: Orthworm
|-resisted|p1a: Orthworm
|-damage|p1a: Orthworm|81/100
|-boost|p2a: Slizzy|spe|1
|-sideend|p2: missingyat|Spikes|[from] move: Rapid Spin|[of] p2a: Slizzy
|move|p1a: Orthworm|Iron Defense|p1a: Orthworm
|-boost|p1a: Orthworm|def|2
|
|-heal|p1a: Orthworm|87/100|[from] item: Leftovers
|upkeep
|turn|8
|
|t:|1759070377
|switch|p2a: Oricorio|Oricorio-Sensu, M, shiny|100/100
|move|p1a: Orthworm|Iron Defense|p1a: Orthworm
|-boost|p1a: Orthworm|def|2
|
|-heal|p1a: Orthworm|94/100|[from] item: Leftovers
|upkeep
|turn|9
|
|t:|1759070386
|switch|p1a: Ninetales|Ninetales, F|100/100
|-weather|SunnyDay|[from] ability: Drought|[of] p1a: Ninetales
|move|p2a: Oricorio|Quiver Dance|p2a: Oricorio
|-boost|p2a: Oricorio|spa|1
|-boost|p2a: Oricorio|spd|1
|-boost|p2a: Oricorio|spe|1
|
|-weather|SunnyDay|[upkeep]
|upkeep
|turn|10
|
|t:|1759070396
|move|p2a: Oricorio|Quiver Dance|p2a: Oricorio
|-boost|p2a: Oricorio|spa|1
|-boost|p2a: Oricorio|spd|1
|-boost|p2a: Oricorio|spe|1
|move|p1a: Ninetales|Fire Blast|p2a: Oricorio
|-damage|p2a: Oricorio|49/100
|
|-weather|SunnyDay|[upkeep]
|upkeep
|turn|11
|
|t:|1759070404
|move|p2a: Oricorio|Revelation Dance|p1a: Ninetales
|-damage|p1a: Ninetales|0 fnt
|faint|p1a: Ninetales
|
|-weather|SunnyDay|[upkeep]
|upkeep
|
|t:|1759070412
|switch|p1a: Victreebel|Victreebel, F|100/100
|turn|12
|
|t:|1759070415
|move|p2a: Oricorio|Revelation Dance|p1a: Victreebel
|-damage|p1a: Victreebel|0 fnt
|faint|p1a: Victreebel
|
|-weather|SunnyDay|[upkeep]
|upkeep
|-message|TamaSakura forfeited.
|
|win|missingyat
|raw|TamaSakura's rating: 1119 &rarr; <strong>1094</strong><br />(-25 for losing)
|raw|missingyat's rating: 1114 &rarr; <strong>1139</strong><br />(+25 for winning)
|l|☆TamaSakura
|player|p1|
|l|☆missingyat
|player|p2|
