|j|☆Onizukaa67
|j|☆roryta
|t:|1758969565
|gametype|singles
|player|p1|Onizukaa67|youngster-gen4dp|1088
|player|p2|roryta|hilbert|1130
|gen|9
|tier|[Gen 9] OU
|rated|
|rule|HP Percentage Mod: HP is shown in percentages
|rule|Endless Battle Clause: Forcing endless battles is banned
|rule|Species Clause: Limit one of each Pokémon
|rule|OHKO Clause: OHKO moves are banned
|rule|Evasion Items Clause: Evasion items are banned
|rule|Evasion Moves Clause: Evasion moves are banned
|rule|Evasion Abilities Clause: Evasion abilities are banned
|rule|Sleep Moves Clause: Sleep-inducing moves are banned
|clearpoke
|poke|p1|Garchomp, F|
|poke|p1|Clefable, F|
|poke|p1|Gholdengo|
|poke|p1|Gyarados, F|
|poke|p1|Zapdos|
|poke|p1|Cinderace, F|
|poke|p2|Kyurem|
|poke|p2|Corviknight, F|
|poke|p2|Iron Treads|
|poke|p2|Primarina, F|
|poke|p2|Whiscash, M|
|poke|p2|Slither Wing|
|teampreview
|inactive|Battle timer is ON: inactive players will automatically lose when time's up. (requested by roryta)
|
|t:|1758969578
|teamsize|p1|6
|teamsize|p2|6
|start
|switch|p1a: Garchomp|Garchomp, F|100/100
|switch|p2a: Whiscash|Whiscash, M|100/100
|turn|1
|
|t:|1758969585
|move|p1a: Garchomp|Swords Dance|p1a: Garchomp
|-boost|p1a: Garchomp|atk|2
|move|p2a: Whiscash|Curse|p2a: Whiscash
|-unboost|p2a: Whiscash|spe|1
|-boost|p2a: Whiscash|atk|1
|-boost|p2a: Whiscash|def|1
|
|upkeep
|turn|2
|
|t:|1758969596
|move|p1a: Garchomp|Swords Dance|p1a: Garchomp
|-boost|p1a: Garchomp|atk|2
|move|p2a: Whiscash|Curse|p2a: Whiscash
|-unboost|p2a: Whiscash|spe|1
|-boost|p2a: Whiscash|atk|1
|-boost|p2a: Whiscash|def|1
|
|upkeep
|turn|3
|
|t:|1758969605
|move|p1a: Garchomp|Scale Shot|p2a: Whiscash
|-damage|p2a: Whiscash|79/100
|-damage|p2a: Whiscash|57/100
|-damage|p2a: Whiscash|35/100
|-damage|p2a: Whiscash|16/100
|-hitcount|p2a: Whiscash|4
|-unboost|p1a: Garchomp|def|1
|-boost|p1a: Garchomp|spe|1
|move|p2a: Whiscash|Curse|p2a: Whiscash
|-unboost|p2a: Whiscash|spe|1
|-boost|p2a: Whiscash|atk|1
|-boost|p2a: Whiscash|def|1
|
|-heal|p2a: Whiscash|22/100|[from] item: Leftovers
|upkeep
|turn|4
|
|t:|1758969622
|move|p1a: Garchomp|Earthquake|p2a: Whiscash
|-damage|p2a: Whiscash|0 fnt
|faint|p2a: Whiscash
|
|upkeep
|
|t:|1758969629
|switch|p2a: Kyurem|Kyurem, shiny|100/100
|-ability|p2a: Kyurem|Pressure
|turn|5
|
|t:|1758969634
|-terastallize|p1a: Garchomp|Fire
|-terastallize|p2a: Kyurem|Fairy
|move|p1a: Garchomp|Scale Shot|p2a: Kyurem
|-immune|p2a: Kyurem
|move|p2a: Kyurem|Ice Beam|p1a: Garchomp
|-resisted|p1a: Garchomp
|-crit|p1a: Garchomp
|-damage|p1a: Garchomp|40/100
|
|upkeep
|turn|6
|
|t:|1758969647
|move|p1a: Garchomp|Earthquake|p2a: Kyurem
|-damage|p2a: Kyurem|0 fnt
|faint|p2a: Kyurem
|
|upkeep
|
|t:|1758969651
|switch|p2a: Primarina|Primarina, F, shiny|100/100
|turn|7
|
|t:|1758969656
|move|p1a: Garchomp|Earthquake|p2a: Primarina
|-damage|p2a: Primarina|0 fnt
|faint|p2a: Primarina
|
|upkeep
|
|t:|1758969660
|switch|p2a: Slither Wing|Slither Wing, shiny|100/100
|-enditem|p2a: Slither Wing|Booster Energy
|-activate|p2a: Slither Wing|ability: Protosynthesis|[fromitem]
|-start|p2a: Slither Wing|protosynthesisatk
|turn|8
|
|t:|1758969665
|switch|p1a: Zapdos|Zapdos|100/100
|move|p2a: Slither Wing|Close Combat|p1a: Zapdos
|-resisted|p1a: Zapdos
|-damage|p1a: Zapdos|49/100
|-unboost|p2a: Slither Wing|def|1
|-unboost|p2a: Slither Wing|spd|1
|-damage|p2a: Slither Wing|84/100|[from] item: Rocky Helmet|[of] p1a: Zapdos
|
|upkeep
|turn|9
|
|t:|1758969680
|move|p1a: Zapdos|Thunderbolt|p2a: Slither Wing
|-damage|p2a: Slither Wing|26/100
|move|p2a: Slither Wing|Close Combat|p1a: Zapdos
|-resisted|p1a: Zapdos
|-damage|p1a: Zapdos|0 fnt
|-unboost|p2a: Slither Wing|def|1
|-unboost|p2a: Slither Wing|spd|1
|-damage|p2a: Slither Wing|9/100|[from] item: Rocky Helmet|[of] p1a: Zapdos
|faint|p1a: Zapdos
|
|upkeep
|
|t:|1758969695
|switch|p1a: Gyarados|Gyarados, F|100/100
|turn|10
|
|t:|1758969699
|move|p1a: Gyarados|Dragon Dance|p1a: Gyarados
|-boost|p1a: Gyarados|atk|1
|-boost|p1a: Gyarados|spe|1
|move|p2a: Slither Wing|Leech Life|p1a: Gyarados
|-resisted|p1a: Gyarados
|-damage|p1a: Gyarados|62/100
|-heal|p2a: Slither Wing|30/100|[from] drain|[of] p1a: Gyarados
|
|upkeep
|turn|11
|
|t:|1758969709
|move|p1a: Gyarados|Earthquake|p2a: Slither Wing
|-resisted|p2a: Slither Wing
|-damage|p2a: Slither Wing|0 fnt
|faint|p2a: Slither Wing
|-end|p2a: Slither Wing|Protosynthesis|[silent]
|-ability|p1a: Gyarados|Moxie|boost
|-boost|p1a: Gyarados|atk|1
|
|upkeep
|
|t:|1758969715
|switch|p2a: Corviknight|Corviknight, F|100/100
|turn|12
|
|t:|1758969719
|move|p1a: Gyarados|Temper Flare|p2a: Corviknight
|-supereffective|p2a: Corviknight
|-damage|p2a: Corviknight|33/100
|-damage|p1a: Gyarados|45/100|[from] item: Rocky Helmet|[of] p2a: Corviknight
|move|p2a: Corviknight|Bulk Up|p2a: Corviknight
|-boost|p2a: Corviknight|atk|1
|-boost|p2a: Corviknight|def|1
|
|upkeep
|turn|13
|
|t:|1758969728
|move|p1a: Gyarados|Temper Flare|p2a: Corviknight
|-supereffective|p2a: Corviknight
|-damage|p2a: Corviknight|0 fnt
|-damage|p1a: Gyarados|29/100|[from] item: Rocky Helmet|[of] p2a: Corviknight
|faint|p2a: Corviknight
|-ability|p1a: Gyarados|Moxie|boost
|-boost|p1a: Gyarados|atk|1
|
|upkeep
|
|t:|1758969729
|switch|p2a: Iron Treads|Iron Treads, shiny|100/100
|turn|14
|
|t:|1758969738
|move|p1a: Gyarados|Earthquake|p2a: Iron Treads
|-supereffective|p2a: Iron Treads
|-damage|p2a: Iron Treads|0 fnt
|faint|p2a: Iron Treads
|-end|p2a: Iron Treads|Quark Drive|[silent]
|
|win|Onizukaa67
|raw|Onizukaa67's rating: 1088 &rarr; <strong>1118</strong><br />(+30 for winning)
|raw|roryta's rating: 1130 &rarr; <strong>1102</strong><br />(-28 for losing)
|l|☆roryta
|player|p2|
|l|☆Onizukaa67
|player|p1|
