|j|☆madaraamapau
|j|☆doctor coolress
|t:|1759077323
|gametype|singles
|player|p1|madaraamapau|cynthia|1330
|player|p2|doctor coolress|colress|1355
|gen|9
|tier|[Gen 9] OU
|rated|
|rule|HP Percentage Mod: HP is shown in percentages
|rule|Endless Battle Clause: Forcing endless battles is banned
|rule|Species Clause: Limit one of each Pokémon
|rule|OHKO Clause: OHKO moves are banned
|rule|Evasion Items Clause: Evasion items are banned
|rule|Evasion Moves Clause: Evasion moves are banned
|rule|Evasion Abilities Clause: Evasion abilities are banned
|rule|Sleep Moves Clause: Sleep-inducing moves are banned
|clearpoke
|poke|p1|Dragapult, M|
|poke|p1|Gliscor, M|
|poke|p1|Toxapex, M|
|poke|p1|Kingambit, M|
|poke|p1|Garganacl, M|
|poke|p1|Glimmora, F|
|poke|p2|Zarude|
|poke|p2|Kyurem|
|poke|p2|Iron Valiant|
|poke|p2|Greninja-*, M|
|poke|p2|Pecharunt|
|poke|p2|Hitmontop, M|
|teampreview
|inactive|Battle timer is ON: inactive players will automatically lose when time's up. (requested by doctor coolress)
|
|t:|1759077331
|teamsize|p1|6
|teamsize|p2|6
|start
|switch|p1a: Glimmora|Glimmora, F|100/100
|switch|p2a: Hitmontop|Hitmontop, M|100/100
|turn|1
|
|t:|1759077337
|move|p1a: Glimmora|Stealth Rock|p2a: Hitmontop
|-sidestart|p2: doctor coolress|move: Stealth Rock
|move|p2a: Hitmontop|Bulldoze|p1a: Glimmora
|-supereffective|p1a: Glimmora
|-enditem|p1a: Glimmora|Focus Sash
|-damage|p1a: Glimmora|1/100
|-unboost|p1a: Glimmora|spe|1
|-activate|p1a: Glimmora|ability: Toxic Debris
|-sidestart|p2: doctor coolress|move: Toxic Spikes
|
|upkeep
|turn|2
|
|t:|1759077344
|move|p1a: Glimmora|Spikes|p2a: Hitmontop
|-sidestart|p2: doctor coolress|Spikes
|move|p2a: Hitmontop|Rapid Spin|p1a: Glimmora
|-resisted|p1a: Glimmora
|-damage|p1a: Glimmora|0 fnt
|-boost|p2a: Hitmontop|spe|1
|-activate|p1a: Glimmora|ability: Toxic Debris
|-sidestart|p2: doctor coolress|move: Toxic Spikes
|-sideend|p2: doctor coolress|Spikes|[from] move: Rapid Spin|[of] p2a: Hitmontop
|-sideend|p2: doctor coolress|Toxic Spikes|[from] move: Rapid Spin|[of] p2a: Hitmontop
|-sideend|p2: doctor coolress|Stealth Rock|[from] move: Rapid Spin|[of] p2a: Hitmontop
|faint|p1a: Glimmora
|
|upkeep
|
|t:|1759077349
|switch|p1a: Garganacl|Garganacl, M|100/100
|turn|3
|
|t:|1759077355
|switch|p2a: Zarude|Zarude|100/100
|-terastallize|p1a: Garganacl|Fairy
|move|p1a: Garganacl|Salt Cure|p2a: Zarude
|-damage|p2a: Zarude|88/100
|-start|p2a: Zarude|Salt Cure
|
|-damage|p2a: Zarude|75/100|[from] Salt Cure
|upkeep
|turn|4
|
|t:|1759077363
|move|p2a: Zarude|Knock Off|p1a: Garganacl
|-resisted|p1a: Garganacl
|-damage|p1a: Garganacl|85/100
|-enditem|p1a: Garganacl|Leftovers|[from] move: Knock Off|[of] p2a: Zarude
|move|p1a: Garganacl|Stealth Rock|p2a: Zarude
|-sidestart|p2: doctor coolress|move: Stealth Rock
|
|-damage|p2a: Zarude|63/100|[from] Salt Cure
|upkeep
|turn|5
|
|t:|1759077369
|switch|p2a: Pecharunt|Pecharunt|100/100
|-damage|p2a: Pecharunt|88/100|[from] Stealth Rock
|move|p1a: Garganacl|Salt Cure|p2a: Pecharunt
|-crit|p2a: Pecharunt
|-damage|p2a: Pecharunt|78/100
|-start|p2a: Pecharunt|Salt Cure
|
|-heal|p2a: Pecharunt|84/100|[from] item: Leftovers
|-damage|p2a: Pecharunt|71/100|[from] Salt Cure
|upkeep
|turn|6
|
|t:|1759077379
|move|p1a: Garganacl|Protect|p1a: Garganacl
|-singleturn|p1a: Garganacl|Protect
|move|p2a: Pecharunt|Malignant Chain|p1a: Garganacl
|-activate|p1a: Garganacl|move: Protect
|
|-heal|p2a: Pecharunt|77/100|[from] item: Leftovers
|-damage|p2a: Pecharunt|65/100|[from] Salt Cure
|upkeep
|turn|7
|
|t:|1759077389
|switch|p1a: Toxapex|Toxapex, M|100/100
|move|p2a: Pecharunt|Recover|p2a: Pecharunt
|-heal|p2a: Pecharunt|100/100
|
|-damage|p2a: Pecharunt|88/100|[from] Salt Cure
|upkeep
|turn|8
|
|t:|1759077397
|switch|p2a: Zarude|Zarude|63/100
|-damage|p2a: Zarude|51/100|[from] Stealth Rock
|move|p1a: Toxapex|Ice Beam|p2a: Zarude
|-supereffective|p2a: Zarude
|-damage|p2a: Zarude|27/100
|
|upkeep
|turn|9
|
|t:|1759077403
|move|p2a: Zarude|Power Whip|p1a: Toxapex|[miss]
|-miss|p2a: Zarude|p1a: Toxapex
|move|p1a: Toxapex|Ice Beam|p2a: Zarude
|-supereffective|p2a: Zarude
|-damage|p2a: Zarude|2/100
|
|upkeep
|turn|10
|
|t:|1759077408
|move|p2a: Zarude|Power Whip|p1a: Toxapex
|-damage|p1a: Toxapex|55/100
|move|p1a: Toxapex|Ice Beam|p2a: Zarude
|-supereffective|p2a: Zarude
|-damage|p2a: Zarude|0 fnt
|faint|p2a: Zarude
|
|upkeep
|
|t:|1759077412
|switch|p2a: Hitmontop|Hitmontop, M|100/100
|-damage|p2a: Hitmontop|95/100|[from] Stealth Rock
|turn|11
|
|t:|1759077417
|move|p2a: Hitmontop|Bulldoze|p1a: Toxapex
|-supereffective|p1a: Toxapex
|-damage|p1a: Toxapex|24/100
|-unboost|p1a: Toxapex|spe|1
|move|p1a: Toxapex|Recover|p1a: Toxapex
|-heal|p1a: Toxapex|74/100
|
|upkeep
|turn|12
|
|t:|1759077423
|move|p2a: Hitmontop|Bulldoze|p1a: Toxapex
|-supereffective|p1a: Toxapex
|-damage|p1a: Toxapex|38/100
|-unboost|p1a: Toxapex|spe|1
|move|p1a: Toxapex|Toxic|p2a: Hitmontop
|-status|p2a: Hitmontop|tox
|
|-damage|p2a: Hitmontop|89/100 tox|[from] psn
|upkeep
|turn|13
|
|t:|1759077430
|switch|p1a: cleiton|Gliscor, M|100/100
|move|p2a: Hitmontop|Rapid Spin|p1a: cleiton
|-damage|p1a: cleiton|90/100
|-boost|p2a: Hitmontop|spe|1
|-sideend|p2: doctor coolress|Stealth Rock|[from] move: Rapid Spin|[of] p2a: Hitmontop
|
|-damage|p2a: Hitmontop|77/100 tox|[from] psn
|-status|p1a: cleiton|tox|[from] item: Toxic Orb
|upkeep
|turn|14
|
|t:|1759077436
|move|p2a: Hitmontop|Triple Axel|p1a: cleiton
|-supereffective|p1a: cleiton
|-damage|p1a: cleiton|73/100 tox
|-supereffective|p1a: cleiton
|-damage|p1a: cleiton|37/100 tox
|-supereffective|p1a: cleiton
|-damage|p1a: cleiton|0 fnt
|faint|p1a: cleiton
|-hitcount|p1: cleiton|3
|
|-damage|p2a: Hitmontop|59/100 tox|[from] psn
|upkeep
|
|t:|1759077445
|switch|p1a: Garganacl|Garganacl, M, tera:Fairy|85/100
|turn|15
|
|t:|1759077451
|move|p2a: Hitmontop|Bulldoze|p1a: Garganacl
|-damage|p1a: Garganacl|71/100
|-unboost|p1a: Garganacl|spe|1
|move|p1a: Garganacl|Salt Cure|p2a: Hitmontop
|-resisted|p2a: Hitmontop
|-damage|p2a: Hitmontop|51/100 tox
|-start|p2a: Hitmontop|Salt Cure
|
|-damage|p2a: Hitmontop|28/100 tox|[from] psn
|-damage|p2a: Hitmontop|15/100 tox|[from] Salt Cure
|upkeep
|turn|16
|
|t:|1759077455
|switch|p2a: Pecharunt|Pecharunt|88/100
|move|p1a: Garganacl|Recover|p1a: Garganacl
|-heal|p1a: Garganacl|100/100
|
|-heal|p2a: Pecharunt|94/100|[from] item: Leftovers
|upkeep
|turn|17
|
|t:|1759077463
|switch|p1a: Toxapex|Toxapex, M|72/100
|move|p2a: Pecharunt|Malignant Chain|p1a: Toxapex
|-resisted|p1a: Toxapex
|-damage|p1a: Toxapex|62/100
|
|-heal|p2a: Pecharunt|99/100|[from] item: Leftovers
|upkeep
|turn|18
|
|t:|1759077469
|move|p2a: Pecharunt|Parting Shot|p1a: Toxapex
|-unboost|p1a: Toxapex|atk|1
|-unboost|p1a: Toxapex|spa|1
|
|t:|1759077473
|switch|p2a: Kyurem|Kyurem|100/100|[from] Parting Shot
|-ability|p2a: Kyurem|Pressure
|move|p1a: Toxapex|Recover|p1a: Toxapex
|-heal|p1a: Toxapex|100/100
|
|upkeep
|turn|19
|
|t:|1759077482
|switch|p1a: Garganacl|Garganacl, M, tera:Fairy|100/100
|move|p2a: Kyurem|Scale Shot|p1a: Garganacl
|-immune|p1a: Garganacl
|
|upkeep
|turn|20
|
|t:|1759077487
|switch|p2a: Hitmontop|Hitmontop, M|15/100 tox
|move|p1a: Garganacl|Salt Cure|p2a: Hitmontop
|-resisted|p2a: Hitmontop
|-damage|p2a: Hitmontop|7/100 tox
|-start|p2a: Hitmontop|Salt Cure
|
|-damage|p2a: Hitmontop|1/100 tox|[from] psn
|-damage|p2a: Hitmontop|0 fnt|[from] Salt Cure
|faint|p2a: Hitmontop
|upkeep
|
|t:|1759077490
|switch|p2a: Pecharunt|Pecharunt|99/100
|turn|21
|
|t:|1759077500
|switch|p1a: Toxapex|Toxapex, M|100/100
|move|p2a: Pecharunt|Parting Shot|p1a: Toxapex
|-unboost|p1a: Toxapex|atk|1
|-unboost|p1a: Toxapex|spa|1
|
|t:|1759077512
|switch|p2a: Kyurem|Kyurem|100/100|[from] Parting Shot
|-ability|p2a: Kyurem|Pressure
|
|upkeep
|turn|22
|
|t:|1759077516
|move|p2a: Kyurem|Dragon Dance|p2a: Kyurem
|-boost|p2a: Kyurem|atk|1
|-boost|p2a: Kyurem|spe|1
|move|p1a: Toxapex|Toxic|p2a: Kyurem
|-status|p2a: Kyurem|tox
|
|-damage|p2a: Kyurem|94/100 tox|[from] psn
|upkeep
|turn|23
|
|t:|1759077522
|-terastallize|p2a: Kyurem|Ground
|move|p2a: Kyurem|Tera Blast|p1a: Toxapex|[anim] Tera Blast Ground
|-supereffective|p1a: Toxapex
|-damage|p1a: Toxapex|5/100
|move|p1a: Toxapex|Ice Beam|p2a: Kyurem
|-supereffective|p2a: Kyurem
|-damage|p2a: Kyurem|77/100 tox
|
|-damage|p2a: Kyurem|65/100 tox|[from] psn
|upkeep
|turn|24
|
|t:|1759077528
|move|p1a: Toxapex|Protect|p1a: Toxapex
|-singleturn|p1a: Toxapex|Protect
|move|p2a: Kyurem|Icicle Spear|p1a: Toxapex
|-activate|p1a: Toxapex|move: Protect
|
|-damage|p2a: Kyurem|47/100 tox|[from] psn
|upkeep
|turn|25
|
|t:|1759077540
|move|p2a: Kyurem|Icicle Spear|p1a: Toxapex
|-resisted|p1a: Toxapex
|-crit|p1a: Toxapex
|-damage|p1a: Toxapex|0 fnt
|faint|p1a: Toxapex
|-hitcount|p1: Toxapex|1
|
|-damage|p2a: Kyurem|22/100 tox|[from] psn
|upkeep
|
|t:|1759077543
|switch|p1a: Garganacl|Garganacl, M, tera:Fairy|100/100
|turn|26
|
|t:|1759077549
|switch|p2a: Pecharunt|Pecharunt|99/100
|move|p1a: Garganacl|Protect||[still]
|-fail|p1a: Garganacl
|
|-heal|p2a: Pecharunt|100/100|[from] item: Leftovers
|upkeep
|turn|27
|
|t:|1759077554
|switch|p1a: lagartixa|Dragapult, M|100/100
|move|p2a: Pecharunt|Parting Shot|p1a: lagartixa
|-unboost|p1a: lagartixa|atk|1
|-unboost|p1a: lagartixa|spa|1
|
|t:|1759077560
|switch|p2a: Iron Valiant|Iron Valiant|100/100|[from] Parting Shot
|-enditem|p2a: Iron Valiant|Booster Energy
|-activate|p2a: Iron Valiant|ability: Quark Drive|[fromitem]
|-start|p2a: Iron Valiant|quarkdrivespe
|
|upkeep
|turn|28
|
|t:|1759077571
|switch|p1a: Garganacl|Garganacl, M, tera:Fairy|100/100
|move|p2a: Iron Valiant|Calm Mind|p2a: Iron Valiant
|-boost|p2a: Iron Valiant|spa|1
|-boost|p2a: Iron Valiant|spd|1
|
|upkeep
|turn|29
|
|t:|1759077579
|move|p2a: Iron Valiant|Moonblast|p1a: Garganacl
|-damage|p1a: Garganacl|55/100
|move|p1a: Garganacl|Salt Cure|p2a: Iron Valiant
|-resisted|p2a: Iron Valiant
|-damage|p2a: Iron Valiant|91/100
|-start|p2a: Iron Valiant|Salt Cure
|
|-damage|p2a: Iron Valiant|79/100|[from] Salt Cure
|upkeep
|turn|30
|
|t:|1759077585
|move|p1a: Garganacl|Protect|p1a: Garganacl
|-singleturn|p1a: Garganacl|Protect
|move|p2a: Iron Valiant|Calm Mind|p2a: Iron Valiant
|-boost|p2a: Iron Valiant|spa|1
|-boost|p2a: Iron Valiant|spd|1
|
|-damage|p2a: Iron Valiant|66/100|[from] Salt Cure
|upkeep
|turn|31
|
|t:|1759077595
|move|p2a: Iron Valiant|Moonblast|p1a: Garganacl
|-crit|p1a: Garganacl
|-damage|p1a: Garganacl|0 fnt
|faint|p1a: Garganacl
|
|-damage|p2a: Iron Valiant|54/100|[from] Salt Cure
|upkeep
|
|t:|1759077609
|switch|p1a: Kingambit|Kingambit, M|100/100
|-activate|p1a: Kingambit|ability: Supreme Overlord
|-start|p1a: Kingambit|fallen4|[silent]
|turn|32
|
|t:|1759077613
|move|p1a: Kingambit|Sucker Punch|p2a: Iron Valiant
|-resisted|p2a: Iron Valiant
|-crit|p2a: Iron Valiant
|-damage|p2a: Iron Valiant|24/100
|move|p2a: Iron Valiant|Aura Sphere|p1a: Kingambit
|-supereffective|p1a: Kingambit
|-damage|p1a: Kingambit|0 fnt
|faint|p1a: Kingambit
|-end|p1a: Kingambit|fallen4|[silent]
|
|-damage|p2a: Iron Valiant|12/100|[from] Salt Cure
|upkeep
|
|t:|1759077617
|switch|p1a: lagartixa|Dragapult, M|100/100
|turn|33
|
|t:|1759077623
|move|p2a: Iron Valiant|Moonblast|p1a: lagartixa
|-supereffective|p1a: lagartixa
|-damage|p1a: lagartixa|0 fnt
|faint|p1a: lagartixa
|
|win|doctor coolress
|raw|madaraamapau's rating: 1330 &rarr; <strong>1312</strong><br />(-18 for losing)
|raw|doctor coolress's rating: 1371 &rarr; <strong>1389</strong><br />(+18 for winning)
|l|☆doctor coolress
|player|p2|
|l|☆madaraamapau
|player|p1|
