|j|☆PrincessGardevoir
|j|☆refind
|t:|1759035633
|gametype|singles
|player|p1|PrincessGardevoir|yancy|1698
|player|p2|refind|elesa|1636
|gen|9
|tier|[Gen 9] OU
|rated|
|rule|HP Percentage Mod: HP is shown in percentages
|rule|Endless Battle Clause: Forcing endless battles is banned
|rule|Species Clause: Limit one of each Pokémon
|rule|OHKO Clause: OHKO moves are banned
|rule|Evasion Items Clause: Evasion items are banned
|rule|Evasion Moves Clause: Evasion moves are banned
|rule|Evasion Abilities Clause: Evasion abilities are banned
|rule|Sleep Moves Clause: Sleep-inducing moves are banned
|clearpoke
|poke|p1|Pecharunt|
|poke|p1|Darkrai|
|poke|p1|Zapdos|
|poke|p1|Zamazenta-*|
|poke|p1|Gholdengo|
|poke|p1|Ceruledge, F|
|poke|p2|Darkrai|
|poke|p2|Raging Bolt|
|poke|p2|Tornadus-Therian, M|
|poke|p2|Weezing-Galar, M|
|poke|p2|Iron Treads|
|poke|p2|Meowscarada, M|
|teampreview
|c|☆PrincessGardevoir|hf
|inactive|Battle timer is ON: inactive players will automatically lose when time's up. (requested by refind)
|
|t:|1759035649
|teamsize|p1|6
|teamsize|p2|6
|start
|switch|p1a: Death|Darkrai, shiny|100/100
|switch|p2a: Darkrai|Darkrai|100/100
|turn|1
|
|t:|1759035657
|switch|p2a: Weezing|Weezing-Galar, M|100/100
|-ability|p2a: Weezing|Neutralizing Gas
|move|p1a: Death|Ice Beam|p2a: Weezing
|-damage|p2a: Weezing|56/100
|
|upkeep
|turn|2
|
|t:|1759035665
|move|p1a: Death|Ice Beam|p2a: Weezing
|-damage|p2a: Weezing|14/100
|move|p2a: Weezing|Will-O-Wisp|p1a: Death|[miss]
|-miss|p2a: Weezing|p1a: Death
|
|upkeep
|turn|3
|c|☆PrincessGardevoir|myb
|
|t:|1759035675
|-end|p2a: Weezing|ability: Neutralizing Gas
|switch|p2a: Iron Treads|Iron Treads|100/100
|move|p1a: Death|Ice Beam|p2a: Iron Treads
|-damage|p2a: Iron Treads|75/100
|
|-heal|p2a: Iron Treads|81/100|[from] item: Leftovers
|upkeep
|turn|4
|
|t:|1759035685
|move|p1a: Death|Will-O-Wisp|p2a: Iron Treads
|-status|p2a: Iron Treads|brn
|move|p2a: Iron Treads|Stealth Rock|p1a: Death
|-sidestart|p1: PrincessGardevoir|move: Stealth Rock
|
|-heal|p2a: Iron Treads|87/100 brn|[from] item: Leftovers
|-damage|p2a: Iron Treads|81/100 brn|[from] brn
|upkeep
|turn|5
|
|t:|1759035692
|move|p1a: Death|Dark Pulse|p2a: Iron Treads
|-damage|p2a: Iron Treads|47/100 brn
|move|p2a: Iron Treads|Volt Switch|p1a: Death
|-damage|p1a: Death|85/100
|
|t:|1759035696
|-end|p2a: Iron Treads|Quark Drive|[silent]
|switch|p2a: Meowscarada|Meowscarada, M|100/100|[from] Volt Switch
|
|upkeep
|turn|6
|
|t:|1759035722
|move|p2a: Meowscarada|U-turn|p1a: Death
|-start|p2a: Meowscarada|typechange|Bug|[from] ability: Protean
|-supereffective|p1a: Death
|-damage|p1a: Death|0 fnt
|faint|p1a: Death
|
|t:|1759035733
|switch|p2a: Weezing|Weezing-Galar, M|14/100|[from] U-turn
|-ability|p2a: Weezing|Neutralizing Gas
|
|upkeep
|inactive|PrincessGardevoir has 120 seconds left.
|
|t:|1759035774
|switch|p1a: Justice|Pecharunt|100/100
|turn|7
|
|t:|1759035782
|-end|p2a: Weezing|ability: Neutralizing Gas
|switch|p2a: Iron Treads|Iron Treads|47/100 brn
|move|p1a: Justice|Malignant Chain|p2a: Iron Treads
|-immune|p2a: Iron Treads
|
|-heal|p2a: Iron Treads|54/100 brn|[from] item: Leftovers
|-damage|p2a: Iron Treads|47/100 brn|[from] brn
|upkeep
|turn|8
|
|t:|1759035790
|move|p1a: Justice|Hex|p2a: Iron Treads
|-damage|p2a: Iron Treads|7/100 brn
|move|p2a: Iron Treads|Volt Switch|p1a: Justice
|-damage|p1a: Justice|86/100
|
|t:|1759035794
|-end|p2a: Iron Treads|Quark Drive|[silent]
|switch|p2a: Darkrai|Darkrai|100/100|[from] Volt Switch
|
|upkeep
|turn|9
|inactive|PrincessGardevoir has 120 seconds left.
|
|t:|1759035809
|switch|p1a: Judgement|Zamazenta|100/100
|-ability|p1a: Judgement|Dauntless Shield|boost
|-boost|p1a: Judgement|def|1
|move|p2a: Darkrai|Dark Pulse|p1a: Judgement
|-resisted|p1a: Judgement
|-damage|p1a: Judgement|79/100
|
|upkeep
|turn|10
|
|t:|1759035817
|switch|p2a: Tornadus|Tornadus-Therian, M|100/100
|move|p1a: Judgement|Heavy Slam|p2a: Tornadus
|-damage|p2a: Tornadus|71/100
|
|upkeep
|turn|11
|
|t:|1759035825
|switch|p2a: Iron Treads|Iron Treads|7/100 brn
|move|p1a: Judgement|Stone Edge|p2a: Iron Treads|[miss]
|-miss|p1a: Judgement|p2a: Iron Treads
|
|-heal|p2a: Iron Treads|13/100 brn|[from] item: Leftovers
|-damage|p2a: Iron Treads|7/100 brn|[from] brn
|upkeep
|turn|12
|
|t:|1759035830
|-end|p2a: Iron Treads|Quark Drive|[silent]
|switch|p2a: Weezing|Weezing-Galar, M|14/100
|-ability|p2a: Weezing|Neutralizing Gas
|move|p1a: Judgement|Heavy Slam|p2a: Weezing
|-supereffective|p2a: Weezing
|-damage|p2a: Weezing|0 fnt
|faint|p2a: Weezing
|-end|p2a: Weezing|ability: Neutralizing Gas
|
|upkeep
|
|t:|1759035838
|switch|p2a: Tornadus|Tornadus-Therian, M|100/100
|turn|13
|
|t:|1759035841
|switch|p1a: The Magician|Zapdos|100/100
|move|p2a: Tornadus|Bleakwind Storm|p1a: The Magician
|-resisted|p1a: The Magician
|-damage|p1a: The Magician|81/100
|
|upkeep
|turn|14
|
|t:|1759035847
|switch|p2a: Iron Treads|Iron Treads|7/100 brn
|move|p1a: The Magician|Volt Switch|p2a: Iron Treads
|-immune|p2a: Iron Treads
|
|-heal|p2a: Iron Treads|13/100 brn|[from] item: Leftovers
|-damage|p2a: Iron Treads|7/100 brn|[from] brn
|upkeep
|turn|15
|
|t:|1759035851
|move|p1a: The Magician|Roost|p1a: The Magician
|-heal|p1a: The Magician|100/100
|-singleturn|p1a: The Magician|move: Roost
|move|p2a: Iron Treads|Volt Switch|p1a: The Magician
|-resisted|p1a: The Magician
|-damage|p1a: The Magician|94/100
|
|t:|1759035855
|-end|p2a: Iron Treads|Quark Drive|[silent]
|switch|p2a: Raging Bolt|Raging Bolt|100/100|[from] Volt Switch
|
|upkeep
|turn|16
|
|t:|1759035858
|move|p1a: The Magician|Volt Switch|p2a: Raging Bolt
|-resisted|p2a: Raging Bolt
|-damage|p2a: Raging Bolt|95/100
|
|t:|1759035859
|switch|p1a: Justice|Pecharunt|86/100|[from] Volt Switch
|move|p2a: Raging Bolt|Calm Mind|p2a: Raging Bolt
|-boost|p2a: Raging Bolt|spa|1
|-boost|p2a: Raging Bolt|spd|1
|
|-heal|p2a: Raging Bolt|100/100|[from] item: Leftovers
|upkeep
|turn|17
|
|t:|1759035867
|move|p1a: Justice|Malignant Chain|p2a: Raging Bolt
|-damage|p2a: Raging Bolt|79/100
|move|p2a: Raging Bolt|Thunderbolt|p1a: Justice
|-damage|p1a: Justice|0 fnt
|faint|p1a: Justice
|
|-heal|p2a: Raging Bolt|86/100|[from] item: Leftovers
|upkeep
|
|t:|1759035879
|switch|p1a: Judgement|Zamazenta|79/100
|turn|18
|
|t:|1759035883
|move|p2a: Raging Bolt|Thunderclap|p1a: Judgement
|-damage|p1a: Judgement|20/100
|move|p1a: Judgement|Close Combat|p2a: Raging Bolt
|-damage|p2a: Raging Bolt|35/100
|-unboost|p1a: Judgement|def|1
|-unboost|p1a: Judgement|spd|1
|
|-heal|p2a: Raging Bolt|41/100|[from] item: Leftovers
|upkeep
|turn|19
|
|t:|1759035888
|move|p2a: Raging Bolt|Thunderclap|p1a: Judgement
|-damage|p1a: Judgement|0 fnt
|faint|p1a: Judgement
|
|-heal|p2a: Raging Bolt|47/100|[from] item: Leftovers
|upkeep
|
|t:|1759035891
|switch|p1a: The Empress|Ceruledge, F|100/100
|turn|20
|
|t:|1759035894
|move|p1a: The Empress|Bulk Up|p1a: The Empress
|-boost|p1a: The Empress|atk|1
|-boost|p1a: The Empress|def|1
|move|p2a: Raging Bolt|Thunderbolt|p1a: The Empress
|-damage|p1a: The Empress|23/100
|
|-heal|p2a: Raging Bolt|54/100|[from] item: Leftovers
|upkeep
|turn|21
|
|t:|1759035901
|move|p1a: The Empress|Shadow Sneak|p2a: Raging Bolt
|-crit|p2a: Raging Bolt
|-damage|p2a: Raging Bolt|14/100
|move|p2a: Raging Bolt|Thunderbolt|p1a: The Empress
|-damage|p1a: The Empress|0 fnt
|faint|p1a: The Empress
|
|-heal|p2a: Raging Bolt|20/100|[from] item: Leftovers
|upkeep
|
|t:|1759035913
|switch|p1a: The World|Gholdengo|100/100
|-damage|p1a: The World|94/100|[from] Stealth Rock
|-item|p1a: The World|Air Balloon
|turn|22
|
|t:|1759035918
|move|p2a: Raging Bolt|Thunderclap||[still]
|-fail|p2a: Raging Bolt
|move|p1a: The World|Nasty Plot|p1a: The World
|-boost|p1a: The World|spa|2
|
|-heal|p2a: Raging Bolt|26/100|[from] item: Leftovers
|upkeep
|turn|23
|
|t:|1759035921
|move|p2a: Raging Bolt|Thunderclap||[still]
|-fail|p2a: Raging Bolt
|move|p1a: The World|Nasty Plot|p1a: The World
|-boost|p1a: The World|spa|2
|
|-heal|p2a: Raging Bolt|32/100|[from] item: Leftovers
|upkeep
|turn|24
|
|t:|1759035924
|move|p2a: Raging Bolt|Thunderclap|p1a: The World
|-damage|p1a: The World|27/100
|-enditem|p1a: The World|Air Balloon
|move|p1a: The World|Shadow Ball|p2a: Raging Bolt
|-damage|p2a: Raging Bolt|0 fnt
|faint|p2a: Raging Bolt
|-end|p2a: Raging Bolt|Protosynthesis|[silent]
|
|upkeep
|
|t:|1759035928
|switch|p2a: Meowscarada|Meowscarada, M|100/100
|turn|25
|
|t:|1759035930
|-terastallize|p1a: The World|Fairy
|move|p2a: Meowscarada|Knock Off|p1a: The World
|-start|p2a: Meowscarada|typechange|Dark|[from] ability: Protean
|-resisted|p1a: The World
|-damage|p1a: The World|8/100
|move|p1a: The World|Recover|p1a: The World
|-heal|p1a: The World|59/100
|
|upkeep
|turn|26
|
|t:|1759035938
|switch|p2a: Iron Treads|Iron Treads|7/100 brn
|move|p1a: The World|Recover|p1a: The World
|-heal|p1a: The World|100/100
|
|-heal|p2a: Iron Treads|13/100 brn|[from] item: Leftovers
|-damage|p2a: Iron Treads|7/100 brn|[from] brn
|upkeep
|turn|27
|
|t:|1759035940
|move|p1a: The World|Shadow Ball|p2a: Iron Treads
|-damage|p2a: Iron Treads|0 fnt
|faint|p2a: Iron Treads
|-end|p2a: Iron Treads|Quark Drive|[silent]
|
|upkeep
|
|t:|1759035952
|switch|p2a: Meowscarada|Meowscarada, M|100/100
|turn|28
|
|t:|1759035954
|move|p2a: Meowscarada|Triple Axel|p1a: The World
|-start|p2a: Meowscarada|typechange|Ice|[from] ability: Protean
|-damage|p1a: The World|91/100
|-damage|p1a: The World|69/100
|-damage|p1a: The World|34/100
|-hitcount|p1a: The World|3
|move|p1a: The World|Make It Rain|p2a: Meowscarada
|-supereffective|p2a: Meowscarada
|-damage|p2a: Meowscarada|0 fnt
|-unboost|p1a: The World|spa|1
|faint|p2a: Meowscarada
|
|upkeep
|
|t:|1759035961
|switch|p2a: Darkrai|Darkrai|100/100
|turn|29
|
|t:|1759035964
|move|p2a: Darkrai|Ice Beam|p1a: The World
|-damage|p1a: The World|0 fnt
|faint|p1a: The World
|
|upkeep
|
|t:|1759035966
|switch|p1a: The Magician|Zapdos|94/100
|turn|30
|
|t:|1759035971
|move|p2a: Darkrai|Ice Beam|p1a: The Magician
|-supereffective|p1a: The Magician
|-damage|p1a: The Magician|25/100
|-status|p1a: The Magician|frz
|cant|p1a: The Magician|frz
|
|upkeep
|turn|31
|
|t:|1759035975
|move|p2a: Darkrai|Ice Beam|p1a: The Magician
|-supereffective|p1a: The Magician
|-damage|p1a: The Magician|0 fnt
|faint|p1a: The Magician
|
|win|refind
|raw|PrincessGardevoir's rating: 1698 &rarr; <strong>1674</strong><br />(-24 for losing)
|raw|refind's rating: 1636 &rarr; <strong>1660</strong><br />(+24 for winning)
|l|☆refind
|player|p2|
|l|☆PrincessGardevoir
|player|p1|
