|badge|p1|silver|gen9ou|30-6
|html|<div class="broadcast-red"><strong>This battle is required to be public due to one or more player having a season medal.</strong><br />During the public phase, you can discuss the state of the ladder <a href="/seasondiscussion">in a special chatroom.</a></div>
|uhtml|medal-msg|<div class="broadcast-blue">Curious what those medals under the avatar are? PS now has Ladder Seasons! For more information, check out the <a href="https://www.smogon.com/forums/threads/3740067/">thread on Smogon.</a></div>
|badge|p2|bronze|gen9ou|100-6
|uhtml|medal-msg|<div class="broadcast-blue">Curious what those medals under the avatar are? PS now has Ladder Seasons! For more information, check out the <a href="https://www.smogon.com/forums/threads/3740067/">thread on Smogon.</a></div>
|j|☆butts99999
|j|☆healorant
|t:|1759012148
|gametype|singles
|player|p1|butts99999|skierf|1942
|player|p2|healorant|alder|1926
|gen|9
|tier|[Gen 9] OU
|rated|
|rule|HP Percentage Mod: HP is shown in percentages
|rule|Endless Battle Clause: Forcing endless battles is banned
|rule|Species Clause: Limit one of each Pokémon
|rule|OHKO Clause: OHKO moves are banned
|rule|Evasion Items Clause: Evasion items are banned
|rule|Evasion Moves Clause: Evasion moves are banned
|rule|Evasion Abilities Clause: Evasion abilities are banned
|rule|Sleep Moves Clause: Sleep-inducing moves are banned
|clearpoke
|poke|p1|Kingambit, F|
|poke|p1|Cinderace, F|
|poke|p1|Landorus-Therian, M|
|poke|p1|Iron Valiant|
|poke|p1|Kyurem|
|poke|p1|Slowking-Galar, M|
|poke|p2|Tornadus-Therian, M|
|poke|p2|Rillaboom, M|
|poke|p2|Garganacl, F|
|poke|p2|Kingambit, F|
|poke|p2|Gholdengo|
|poke|p2|Great Tusk|
|teampreview
|inactive|Battle timer is ON: inactive players will automatically lose when time's up. (requested by butts99999)
|j| Lamp0821
|l| Lamp0821
|
|t:|1759012168
|teamsize|p1|6
|teamsize|p2|6
|start
|switch|p1a: Mr. Freeze|Kyurem, shiny|100/100
|switch|p2a: Garganacl|Garganacl, F|100/100
|-ability|p1a: Mr. Freeze|Pressure
|turn|1
|j| Nikator98
|
|t:|1759012177
|move|p1a: Mr. Freeze|Substitute|p1a: Mr. Freeze
|-start|p1a: Mr. Freeze|Substitute
|-damage|p1a: Mr. Freeze|76/100
|move|p2a: Garganacl|Salt Cure|p1a: Mr. Freeze
|-supereffective|p1a: Mr. Freeze
|-end|p1a: Mr. Freeze|Substitute
|
|-heal|p1a: Mr. Freeze|82/100|[from] item: Leftovers
|upkeep
|turn|2
|
|t:|1759012182
|move|p1a: Mr. Freeze|Protect|p1a: Mr. Freeze
|-singleturn|p1a: Mr. Freeze|Protect
|move|p2a: Garganacl|Stealth Rock|p1a: Mr. Freeze
|-sidestart|p1: butts99999|move: Stealth Rock
|
|-heal|p1a: Mr. Freeze|88/100|[from] item: Leftovers
|upkeep
|turn|3
|
|t:|1759012186
|switch|p1a: Chillionaire|Slowking-Galar, M, shiny|100/100
|move|p2a: Garganacl|Salt Cure|p1a: Chillionaire
|-damage|p1a: Chillionaire|86/100
|-start|p1a: Chillionaire|Salt Cure
|
|-damage|p1a: Chillionaire|73/100|[from] Salt Cure
|upkeep
|turn|4
|
|t:|1759012195
|switch|p2a: Kingambit|Kingambit, F|100/100
|-prepare|p1a: Chillionaire|Chilly Reception|[premajor]
|move|p1a: Chillionaire|Chilly Reception|p1a: Chillionaire
|-weather|Snowscape
|
|t:|1759012197
|switch|p1a: Kristine|Cinderace, F, shiny|100/100|[from] Chilly Reception
|
|-weather|Snowscape|[upkeep]
|upkeep
|turn|5
|j| amefurikoneko
|
|t:|1759012203
|-end|p2a: Kingambit|fallenundefined|[silent]
|switch|p2a: Garganacl|Garganacl, F|100/100
|move|p1a: Kristine|Court Change|p1a: Kristine
|-swapsideconditions
|-activate|p1a: Kristine|move: Court Change
|
|-weather|Snowscape|[upkeep]
|upkeep
|turn|6
|
|t:|1759012209
|move|p1a: Kristine|U-turn|p2a: Garganacl
|-damage|p2a: Garganacl|87/100
|
|t:|1759012211
|switch|p1a: Chillionaire|Slowking-Galar, M, shiny|100/100|[from] U-turn
|move|p2a: Garganacl|Salt Cure|p1a: Chillionaire
|-damage|p1a: Chillionaire|88/100
|-start|p1a: Chillionaire|Salt Cure
|
|-weather|Snowscape|[upkeep]
|-heal|p2a: Garganacl|94/100|[from] item: Leftovers
|-damage|p1a: Chillionaire|75/100|[from] Salt Cure
|upkeep
|turn|7
|
|t:|1759012213
|switch|p1a: Mr. Freeze|Kyurem, shiny|88/100
|-ability|p1a: Mr. Freeze|Pressure
|move|p2a: Garganacl|Stealth Rock|p1a: Mr. Freeze
|-sidestart|p1: butts99999|move: Stealth Rock
|
|-weather|Snowscape|[upkeep]
|-heal|p1a: Mr. Freeze|94/100|[from] item: Leftovers
|-heal|p2a: Garganacl|99/100|[from] item: Leftovers
|upkeep
|turn|8
|
|t:|1759012220
|move|p1a: Mr. Freeze|Substitute|p1a: Mr. Freeze
|-start|p1a: Mr. Freeze|Substitute
|-damage|p1a: Mr. Freeze|69/100
|move|p2a: Garganacl|Salt Cure|p1a: Mr. Freeze
|-supereffective|p1a: Mr. Freeze
|-activate|p1a: Mr. Freeze|move: Substitute|[damage]
|
|-weather|none
|-heal|p1a: Mr. Freeze|75/100|[from] item: Leftovers
|-heal|p2a: Garganacl|100/100|[from] item: Leftovers
|upkeep
|turn|9
|
|t:|1759012224
|move|p1a: Mr. Freeze|Protect|p1a: Mr. Freeze
|-singleturn|p1a: Mr. Freeze|Protect
|move|p2a: Garganacl|Salt Cure|p1a: Mr. Freeze
|-activate|p1a: Mr. Freeze|move: Protect
|
|-heal|p1a: Mr. Freeze|81/100|[from] item: Leftovers
|upkeep
|turn|10
|
|t:|1759012234
|-terastallize|p1a: Mr. Freeze|Ground
|move|p1a: Mr. Freeze|Earth Power|p2a: Garganacl
|-supereffective|p2a: Garganacl
|-damage|p2a: Garganacl|43/100
|move|p2a: Garganacl|Salt Cure|p1a: Mr. Freeze
|-resisted|p1a: Mr. Freeze
|-end|p1a: Mr. Freeze|Substitute
|
|-heal|p1a: Mr. Freeze|88/100|[from] item: Leftovers
|-heal|p2a: Garganacl|49/100|[from] item: Leftovers
|upkeep
|turn|11
|
|t:|1759012239
|switch|p2a: Gholdengo|Gholdengo|100/100
|-damage|p2a: Gholdengo|94/100|[from] Stealth Rock
|move|p1a: Mr. Freeze|Substitute|p1a: Mr. Freeze
|-start|p1a: Mr. Freeze|Substitute
|-damage|p1a: Mr. Freeze|63/100
|
|-heal|p1a: Mr. Freeze|69/100|[from] item: Leftovers
|upkeep
|turn|12
|
|t:|1759012244
|move|p1a: Mr. Freeze|Protect|p1a: Mr. Freeze
|-singleturn|p1a: Mr. Freeze|Protect
|move|p2a: Gholdengo|Shadow Ball|p1a: Mr. Freeze
|-activate|p1a: Mr. Freeze|move: Protect
|
|-heal|p1a: Mr. Freeze|75/100|[from] item: Leftovers
|upkeep
|turn|13
|j| Ctannn
|
|t:|1759012246
|move|p2a: Gholdengo|Shadow Ball|p1a: Mr. Freeze
|-end|p1a: Mr. Freeze|Substitute
|move|p1a: Mr. Freeze|Earth Power|p2a: Gholdengo
|-supereffective|p2a: Gholdengo
|-damage|p2a: Gholdengo|0 fnt
|faint|p2a: Gholdengo
|
|-heal|p1a: Mr. Freeze|81/100|[from] item: Leftovers
|upkeep
|
|t:|1759012251
|switch|p2a: Rillaboom|Rillaboom, M|100/100
|-damage|p2a: Rillaboom|88/100|[from] Stealth Rock
|-fieldstart|move: Grassy Terrain|[from] ability: Grassy Surge|[of] p2a: Rillaboom
|turn|14
|
|t:|1759012253
|switch|p1a: Kristine|Cinderace, F, shiny|100/100
|move|p2a: Rillaboom|Grassy Glide|p1a: Kristine
|-resisted|p1a: Kristine
|-damage|p1a: Kristine|63/100
|
|-heal|p1a: Kristine|69/100|[from] Grassy Terrain
|-heal|p2a: Rillaboom|94/100|[from] Grassy Terrain
|upkeep
|turn|15
|
|t:|1759012264
|switch|p2a: Tornadus|Tornadus-Therian, M|100/100
|move|p1a: Kristine|U-turn|p2a: Tornadus
|-resisted|p2a: Tornadus
|-damage|p2a: Tornadus|89/100
|
|t:|1759012273
|switch|p1a: Chillionaire|Slowking-Galar, M, shiny|100/100|[from] U-turn
|
|upkeep
|turn|16
|
|t:|1759012280
|move|p2a: Tornadus|Nasty Plot|p2a: Tornadus
|-boost|p2a: Tornadus|spa|2
|move|p1a: Chillionaire|Future Sight|p2a: Tornadus
|-start|p1a: Chillionaire|move: Future Sight
|
|upkeep
|turn|17
|
|t:|1759012284
|move|p2a: Tornadus|Bleakwind Storm|p1a: Chillionaire|[miss]
|-miss|p2a: Tornadus|p1a: Chillionaire
|move|p1a: Chillionaire|Thunder Wave|p2a: Tornadus
|-status|p2a: Tornadus|par
|
|upkeep
|turn|18
|
|t:|1759012287
|cant|p2a: Tornadus|par
|-prepare|p1a: Chillionaire|Chilly Reception|[premajor]
|move|p1a: Chillionaire|Chilly Reception|p1a: Chillionaire
|-weather|Snowscape
|
|t:|1759012289
|switch|p1a: Mr. Freeze|Kyurem, shiny, tera:Ground|81/100|[from] Chilly Reception
|-damage|p1a: Mr. Freeze|75/100|[from] Stealth Rock
|-ability|p1a: Mr. Freeze|Pressure
|
|-weather|Snowscape|[upkeep]
|-end|p2a: Tornadus|move: Future Sight
|-damage|p2a: Tornadus|31/100 par
|-heal|p1a: Mr. Freeze|81/100|[from] Grassy Terrain
|-heal|p1a: Mr. Freeze|87/100|[from] item: Leftovers
|-fieldend|move: Grassy Terrain
|upkeep
|turn|19
|
|t:|1759012293
|move|p1a: Mr. Freeze|Freeze-Dry|p2a: Tornadus
|-supereffective|p2a: Tornadus
|-damage|p2a: Tornadus|0 fnt
|faint|p2a: Tornadus
|
|-weather|Snowscape|[upkeep]
|-heal|p1a: Mr. Freeze|94/100|[from] item: Leftovers
|upkeep
|
|t:|1759012296
|switch|p2a: Rillaboom|Rillaboom, M|94/100
|-damage|p2a: Rillaboom|82/100|[from] Stealth Rock
|-fieldstart|move: Grassy Terrain|[from] ability: Grassy Surge|[of] p2a: Rillaboom
|turn|20
|
|t:|1759012302
|move|p1a: Mr. Freeze|Protect|p1a: Mr. Freeze
|-singleturn|p1a: Mr. Freeze|Protect
|move|p2a: Rillaboom|Knock Off|p1a: Mr. Freeze
|-activate|p1a: Mr. Freeze|move: Protect
|
|-weather|Snowscape|[upkeep]
|-heal|p1a: Mr. Freeze|99/100|[from] Grassy Terrain
|-heal|p1a: Mr. Freeze|100/100|[from] item: Leftovers
|-heal|p2a: Rillaboom|88/100|[from] Grassy Terrain
|upkeep
|turn|21
|c|☆healorant|fuck kyurem man
|c|☆healorant|ban this shit
|
|t:|1759012321
|move|p1a: Mr. Freeze|Substitute|p1a: Mr. Freeze
|-start|p1a: Mr. Freeze|Substitute
|-damage|p1a: Mr. Freeze|76/100
|move|p2a: Rillaboom|Knock Off|p1a: Mr. Freeze
|-end|p1a: Mr. Freeze|Substitute
|
|-weather|Snowscape|[upkeep]
|-heal|p1a: Mr. Freeze|82/100|[from] Grassy Terrain
|-heal|p1a: Mr. Freeze|88/100|[from] item: Leftovers
|-heal|p2a: Rillaboom|94/100|[from] Grassy Terrain
|upkeep
|turn|22
|
|t:|1759012326
|move|p1a: Mr. Freeze|Protect|p1a: Mr. Freeze
|-singleturn|p1a: Mr. Freeze|Protect
|move|p2a: Rillaboom|Knock Off|p1a: Mr. Freeze
|-activate|p1a: Mr. Freeze|move: Protect
|
|-weather|none
|-heal|p1a: Mr. Freeze|94/100|[from] Grassy Terrain
|-heal|p1a: Mr. Freeze|99/100|[from] item: Leftovers
|-heal|p2a: Rillaboom|100/100|[from] Grassy Terrain
|upkeep
|turn|23
|
|t:|1759012343
|switch|p1a: Homelandor|Landorus-Therian, M, shiny|100/100
|-damage|p1a: Homelandor|88/100|[from] Stealth Rock
|-ability|p1a: Homelandor|Intimidate|boost
|-unboost|p2a: Rillaboom|atk|1
|move|p2a: Rillaboom|Knock Off|p1a: Homelandor
|-damage|p1a: Homelandor|54/100
|-damage|p2a: Rillaboom|84/100|[from] item: Rocky Helmet|[of] p1a: Homelandor
|-enditem|p1a: Homelandor|Rocky Helmet|[from] move: Knock Off|[of] p2a: Rillaboom
|
|-heal|p2a: Rillaboom|90/100|[from] Grassy Terrain
|upkeep
|turn|24
|
|t:|1759012348
|switch|p2a: Garganacl|Garganacl, F|49/100
|-damage|p2a: Garganacl|36/100|[from] Stealth Rock
|move|p1a: Homelandor|U-turn|p2a: Garganacl
|-damage|p2a: Garganacl|22/100
|
|t:|1759012350
|switch|p1a: Mr. Freeze|Kyurem, shiny, tera:Ground|99/100|[from] U-turn
|-damage|p1a: Mr. Freeze|94/100|[from] Stealth Rock
|-ability|p1a: Mr. Freeze|Pressure
|
|-heal|p1a: Mr. Freeze|99/100|[from] Grassy Terrain
|-heal|p1a: Mr. Freeze|100/100|[from] item: Leftovers
|-heal|p2a: Garganacl|28/100|[from] Grassy Terrain
|-heal|p2a: Garganacl|34/100|[from] item: Leftovers
|-fieldend|move: Grassy Terrain
|upkeep
|turn|25
|
|t:|1759012354
|switch|p2a: Rillaboom|Rillaboom, M|90/100
|-damage|p2a: Rillaboom|78/100|[from] Stealth Rock
|-fieldstart|move: Grassy Terrain|[from] ability: Grassy Surge|[of] p2a: Rillaboom
|move|p1a: Mr. Freeze|Earth Power|p2a: Rillaboom
|-resisted|p2a: Rillaboom
|-damage|p2a: Rillaboom|45/100
|
|-heal|p2a: Rillaboom|52/100|[from] Grassy Terrain
|upkeep
|turn|26
|
|t:|1759012358
|move|p1a: Mr. Freeze|Protect|p1a: Mr. Freeze
|-singleturn|p1a: Mr. Freeze|Protect
|move|p2a: Rillaboom|Grassy Glide|p1a: Mr. Freeze
|-activate|p1a: Mr. Freeze|move: Protect
|
|-heal|p2a: Rillaboom|58/100|[from] Grassy Terrain
|upkeep
|turn|27
|
|t:|1759012363
|switch|p1a: Chillionaire|Slowking-Galar, M, shiny|100/100
|switch|p2a: Kingambit|Kingambit, F|100/100
|-damage|p2a: Kingambit|94/100|[from] Stealth Rock
|-activate|p2a: Kingambit|ability: Supreme Overlord
|-start|p2a: Kingambit|fallen2|[silent]
|
|-heal|p2a: Kingambit|100/100|[from] Grassy Terrain
|upkeep
|turn|28
|
|t:|1759012368
|move|p2a: Kingambit|Kowtow Cleave|p1a: Chillionaire
|-supereffective|p1a: Chillionaire
|-damage|p1a: Chillionaire|0 fnt
|faint|p1a: Chillionaire
|
|upkeep
|
|t:|1759012371
|switch|p1a: Mr. Freeze|Kyurem, shiny, tera:Ground|100/100
|-damage|p1a: Mr. Freeze|94/100|[from] Stealth Rock
|-ability|p1a: Mr. Freeze|Pressure
|turn|29
|j| Noir Z
|
|t:|1759012375
|move|p1a: Mr. Freeze|Earth Power|p2a: Kingambit
|-supereffective|p2a: Kingambit
|-damage|p2a: Kingambit|0 fnt
|faint|p2a: Kingambit
|-end|p2a: Kingambit|fallen2|[silent]
|
|-heal|p1a: Mr. Freeze|100/100|[from] Grassy Terrain
|-fieldend|move: Grassy Terrain
|upkeep
|
|t:|1759012379
|switch|p2a: Rillaboom|Rillaboom, M|58/100
|-damage|p2a: Rillaboom|45/100|[from] Stealth Rock
|-fieldstart|move: Grassy Terrain|[from] ability: Grassy Surge|[of] p2a: Rillaboom
|turn|30
|
|t:|1759012382
|move|p1a: Mr. Freeze|Protect|p1a: Mr. Freeze
|-singleturn|p1a: Mr. Freeze|Protect
|move|p2a: Rillaboom|Grassy Glide|p1a: Mr. Freeze
|-activate|p1a: Mr. Freeze|move: Protect
|
|-heal|p2a: Rillaboom|52/100|[from] Grassy Terrain
|upkeep
|turn|31
|
|t:|1759012384
|switch|p1a: Kristine|Cinderace, F, shiny|69/100
|move|p2a: Rillaboom|Grassy Glide|p1a: Kristine
|-resisted|p1a: Kristine
|-damage|p1a: Kristine|36/100
|
|-heal|p1a: Kristine|42/100|[from] Grassy Terrain
|-heal|p2a: Rillaboom|58/100|[from] Grassy Terrain
|upkeep
|turn|32
|
|t:|1759012397
|-terastallize|p2a: Rillaboom|Grass
|move|p2a: Rillaboom|Grassy Glide|p1a: Kristine
|-resisted|p1a: Kristine
|-damage|p1a: Kristine|0 fnt
|faint|p1a: Kristine
|
|-heal|p2a: Rillaboom|64/100|[from] Grassy Terrain
|upkeep
|
|t:|1759012403
|switch|p1a: Daenerys|Kingambit, F|100/100
|-damage|p1a: Daenerys|94/100|[from] Stealth Rock
|-activate|p1a: Daenerys|ability: Supreme Overlord
|-start|p1a: Daenerys|fallen2|[silent]
|turn|33
|
|t:|1759012409
|switch|p2a: Great Tusk|Great Tusk|100/100
|-damage|p2a: Great Tusk|98/100|[from] Stealth Rock
|-end|p1a: Daenerys|fallen2|[silent]
|switch|p1a: Mr. Freeze|Kyurem, shiny, tera:Ground|100/100
|-damage|p1a: Mr. Freeze|94/100|[from] Stealth Rock
|-ability|p1a: Mr. Freeze|Pressure
|
|-heal|p1a: Mr. Freeze|100/100|[from] Grassy Terrain
|-heal|p2a: Great Tusk|100/100|[from] Grassy Terrain
|upkeep
|turn|34
|
|t:|1759012414
|-end|p2a: Great Tusk|Protosynthesis|[silent]
|switch|p2a: Garganacl|Garganacl, F|34/100
|-damage|p2a: Garganacl|22/100|[from] Stealth Rock
|move|p1a: Mr. Freeze|Protect||[still]
|-fail|p1a: Mr. Freeze
|
|-heal|p2a: Garganacl|28/100|[from] Grassy Terrain
|-heal|p2a: Garganacl|34/100|[from] item: Leftovers
|-fieldend|move: Grassy Terrain
|upkeep
|turn|35
|
|t:|1759012419
|switch|p2a: Rillaboom|Rillaboom, M, tera:Grass|64/100
|-damage|p2a: Rillaboom|52/100|[from] Stealth Rock
|-fieldstart|move: Grassy Terrain|[from] ability: Grassy Surge|[of] p2a: Rillaboom
|move|p1a: Mr. Freeze|Substitute|p1a: Mr. Freeze
|-start|p1a: Mr. Freeze|Substitute
|-damage|p1a: Mr. Freeze|76/100
|
|-heal|p1a: Mr. Freeze|82/100|[from] Grassy Terrain
|-heal|p1a: Mr. Freeze|88/100|[from] item: Leftovers
|-heal|p2a: Rillaboom|58/100|[from] Grassy Terrain
|upkeep
|turn|36
|
|t:|1759012422
|move|p2a: Rillaboom|Grassy Glide|p1a: Mr. Freeze
|-supereffective|p1a: Mr. Freeze
|-crit|p1a: Mr. Freeze
|-end|p1a: Mr. Freeze|Substitute
|move|p1a: Mr. Freeze|Freeze-Dry|p2a: Rillaboom
|-supereffective|p2a: Rillaboom
|-damage|p2a: Rillaboom|0 fnt
|faint|p2a: Rillaboom
|
|-heal|p1a: Mr. Freeze|94/100|[from] Grassy Terrain
|-heal|p1a: Mr. Freeze|99/100|[from] item: Leftovers
|upkeep
|-message|healorant forfeited.
|
|win|butts99999
|raw|butts99999's rating: 1942 &rarr; <strong>1961</strong><br />(+19 for winning)
|raw|healorant's rating: 1926 &rarr; <strong>1907</strong><br />(-19 for losing)
|l|☆healorant
|player|p2|
|l|☆butts99999
|player|p1|
|l| Noir Z
|l| amefurikoneko
|l| Ctannn
|l| Nikator98
