|j|☆mala☆huju
|j|☆suhui_
|t:|1759033239
|gametype|singles
|player|p1|mala☆huju|#malahuju|1637
|player|p2|suhui_|170|1666
|gen|9
|tier|[Gen 9] OU
|rated|
|rule|HP Percentage Mod: HP is shown in percentages
|rule|Endless Battle Clause: Forcing endless battles is banned
|rule|Species Clause: Limit one of each Pokémon
|rule|OHKO Clause: OHKO moves are banned
|rule|Evasion Items Clause: Evasion items are banned
|rule|Evasion Moves Clause: Evasion moves are banned
|rule|Evasion Abilities Clause: Evasion abilities are banned
|rule|Sleep Moves Clause: Sleep-inducing moves are banned
|clearpoke
|poke|p1|Raging Bolt|
|poke|p1|Rillaboom, F|
|poke|p1|Gholdengo|
|poke|p1|Glimmora, F|
|poke|p1|Kingambit, M|
|poke|p1|Great Tusk|
|poke|p2|Glimmora, F|
|poke|p2|Darkrai|
|poke|p2|Raging Bolt|
|poke|p2|Kingambit, F|
|poke|p2|Primarina, F|
|poke|p2|Iron Valiant|
|teampreview
|c|☆mala☆huju|hf
|inactive|Battle timer is ON: inactive players will automatically lose when time's up. (requested by suhui_)
|inactive|mala☆huju has 120 seconds left.
|inactive|mala☆huju has 90 seconds left.
|
|t:|1759033316
|teamsize|p1|6
|teamsize|p2|6
|start
|switch|p1a: Glimmora|Glimmora, F|100/100
|switch|p2a: Primarina|Primarina, F|100/100
|turn|1
|
|t:|1759033321
|move|p1a: Glimmora|Meteor Beam||[still]
|-prepare|p1a: Glimmora|Meteor Beam
|-boost|p1a: Glimmora|spa|1
|-enditem|p1a: Glimmora|Power Herb
|-anim|p1a: Glimmora|Meteor Beam|p2a: Primarina
|-damage|p2a: Primarina|22/100
|move|p2a: Primarina|Surf|p1a: Glimmora
|-supereffective|p1a: Glimmora
|-damage|p1a: Glimmora|0 fnt
|faint|p1a: Glimmora
|
|upkeep
|
|t:|1759033343
|switch|p1a: Gholdengo|Gholdengo|100/100
|turn|2
|-enditem|p2a: Primarina|Custap Berry|[eat]
|-activate|p2a: Primarina|item: Custap Berry|[consumed]
|
|t:|1759033347
|move|p2a: Primarina|Surf|p1a: Gholdengo
|-damage|p1a: Gholdengo|17/100
|move|p1a: Gholdengo|Psyshock|p2a: Primarina
|-damage|p2a: Primarina|0 fnt
|faint|p2a: Primarina
|
|upkeep
|
|t:|1759033358
|switch|p2a: Darkrai|Darkrai|100/100
|turn|3
|
|t:|1759033363
|move|p2a: Darkrai|Dark Pulse|p1a: Gholdengo
|-supereffective|p1a: Gholdengo
|-damage|p1a: Gholdengo|0 fnt
|faint|p1a: Gholdengo
|-damage|p2a: Darkrai|91/100|[from] item: Life Orb
|
|upkeep
|
|t:|1759033378
|switch|p1a: Great Tusk|Great Tusk|100/100
|-enditem|p1a: Great Tusk|Booster Energy
|-activate|p1a: Great Tusk|ability: Protosynthesis|[fromitem]
|-start|p1a: Great Tusk|protosynthesisspe
|turn|4
|
|t:|1759033393
|move|p1a: Great Tusk|Close Combat|p2a: Darkrai
|-supereffective|p2a: Darkrai
|-damage|p2a: Darkrai|0 fnt
|-unboost|p1a: Great Tusk|def|1
|-unboost|p1a: Great Tusk|spd|1
|faint|p2a: Darkrai
|
|upkeep
|
|t:|1759033399
|switch|p2a: Iron Valiant|Iron Valiant|100/100
|-enditem|p2a: Iron Valiant|Booster Energy
|-activate|p2a: Iron Valiant|ability: Quark Drive|[fromitem]
|-start|p2a: Iron Valiant|quarkdrivespe
|turn|5
|
|t:|1759033404
|-end|p1a: Great Tusk|Protosynthesis|[silent]
|switch|p1a: Rillaboom|Rillaboom, F|100/100
|-fieldstart|move: Grassy Terrain|[from] ability: Grassy Surge|[of] p1a: Rillaboom
|move|p2a: Iron Valiant|Moonblast|p1a: Rillaboom
|-damage|p1a: Rillaboom|36/100
|
|-heal|p1a: Rillaboom|42/100|[from] Grassy Terrain
|upkeep
|turn|6
|
|t:|1759033412
|-end|p2a: Iron Valiant|Quark Drive|[silent]
|switch|p2a: Glimmora|Glimmora, F|100/100
|move|p1a: Rillaboom|Grassy Glide|p2a: Glimmora
|-damage|p2a: Glimmora|56/100
|-activate|p2a: Glimmora|ability: Toxic Debris
|-sidestart|p1: mala☆huju|move: Toxic Spikes
|-enditem|p2a: Glimmora|Red Card|[of] p1a: Rillaboom
|drag|p1a: Raging Bolt|Raging Bolt|100/100
|-status|p1a: Raging Bolt|psn
|
|-heal|p2a: Glimmora|62/100|[from] Grassy Terrain
|-damage|p1a: Raging Bolt|88/100 psn|[from] psn
|upkeep
|turn|7
|
|t:|1759033421
|move|p2a: Glimmora|Earth Power|p1a: Raging Bolt
|-supereffective|p1a: Raging Bolt
|-damage|p1a: Raging Bolt|33/100 psn
|move|p1a: Raging Bolt|Thunderbolt|p2a: Glimmora
|-damage|p2a: Glimmora|3/100
|-status|p2a: Glimmora|par
|
|-heal|p1a: Raging Bolt|39/100 psn|[from] Grassy Terrain
|-heal|p1a: Raging Bolt|45/100 psn|[from] item: Leftovers
|-heal|p2a: Glimmora|10/100 par|[from] Grassy Terrain
|-damage|p1a: Raging Bolt|33/100 psn|[from] psn
|upkeep
|turn|8
|
|t:|1759033428
|move|p1a: Raging Bolt|Thunderbolt|p2a: Glimmora
|-damage|p2a: Glimmora|0 fnt
|faint|p2a: Glimmora
|
|-heal|p1a: Raging Bolt|39/100 psn|[from] Grassy Terrain
|-heal|p1a: Raging Bolt|45/100 psn|[from] item: Leftovers
|-damage|p1a: Raging Bolt|33/100 psn|[from] psn
|upkeep
|
|t:|1759033446
|switch|p2a: Iron Valiant|Iron Valiant|100/100
|turn|9
|
|t:|1759033454
|move|p1a: Raging Bolt|Thunderclap|p2a: Iron Valiant
|-damage|p2a: Iron Valiant|38/100
|move|p2a: Iron Valiant|Moonblast|p1a: Raging Bolt
|-supereffective|p1a: Raging Bolt
|-damage|p1a: Raging Bolt|0 fnt
|faint|p1a: Raging Bolt
|-end|p1a: Raging Bolt|Protosynthesis|[silent]
|
|-heal|p2a: Iron Valiant|44/100|[from] Grassy Terrain
|upkeep
|
|t:|1759033462
|switch|p1a: Rillaboom|Rillaboom, F|42/100
|-status|p1a: Rillaboom|psn
|turn|10
|
|t:|1759033465
|move|p1a: Rillaboom|Grassy Glide|p2a: Iron Valiant
|-damage|p2a: Iron Valiant|0 fnt
|faint|p2a: Iron Valiant
|-end|p2a: Iron Valiant|Quark Drive|[silent]
|
|-heal|p1a: Rillaboom|49/100 psn|[from] Grassy Terrain
|-damage|p1a: Rillaboom|36/100 psn|[from] psn
|upkeep
|
|t:|1759033471
|switch|p2a: Kingambit|Kingambit, F|100/100
|-activate|p2a: Kingambit|ability: Supreme Overlord
|-start|p2a: Kingambit|fallen4|[silent]
|turn|11
|
|t:|1759033483
|move|p1a: Rillaboom|Knock Off|p2a: Kingambit
|-resisted|p2a: Kingambit
|-damage|p2a: Kingambit|85/100
|-enditem|p2a: Kingambit|Black Glasses|[from] move: Knock Off|[of] p1a: Rillaboom
|move|p2a: Kingambit|Swords Dance|p2a: Kingambit
|-boost|p2a: Kingambit|atk|2
|
|-heal|p1a: Rillaboom|42/100 psn|[from] Grassy Terrain
|-heal|p2a: Kingambit|91/100|[from] Grassy Terrain
|-damage|p1a: Rillaboom|30/100 psn|[from] psn
|upkeep
|turn|12
|
|t:|1759033488
|move|p1a: Rillaboom|Wood Hammer|p2a: Kingambit
|-resisted|p2a: Kingambit
|-damage|p2a: Kingambit|54/100
|-damage|p1a: Rillaboom|18/100 psn|[from] Recoil
|move|p2a: Kingambit|Kowtow Cleave|p1a: Rillaboom
|-damage|p1a: Rillaboom|0 fnt
|faint|p1a: Rillaboom
|
|-heal|p2a: Kingambit|60/100|[from] Grassy Terrain
|-fieldend|move: Grassy Terrain
|upkeep
|
|t:|1759033501
|switch|p1a: Great Tusk|Great Tusk|100/100
|-status|p1a: Great Tusk|psn
|turn|13
|
|t:|1759033508
|move|p1a: Great Tusk|Bulk Up|p1a: Great Tusk
|-boost|p1a: Great Tusk|atk|1
|-boost|p1a: Great Tusk|def|1
|move|p2a: Kingambit|Low Kick|p1a: Great Tusk
|-damage|p1a: Great Tusk|41/100 psn
|
|-damage|p1a: Great Tusk|29/100 psn|[from] psn
|upkeep
|turn|14
|
|t:|1759033516
|move|p2a: Kingambit|Sucker Punch|p1a: Great Tusk
|-resisted|p1a: Great Tusk
|-crit|p1a: Great Tusk
|-damage|p1a: Great Tusk|0 fnt
|faint|p1a: Great Tusk
|-end|p1a: Great Tusk|Protosynthesis|[silent]
|
|upkeep
|
|t:|1759033519
|switch|p1a: Kingambit|Kingambit, M|100/100
|-activate|p1a: Kingambit|ability: Supreme Overlord
|-start|p1a: Kingambit|fallen5|[silent]
|turn|15
|
|t:|1759033524
|-terastallize|p1a: Kingambit|Ghost
|move|p2a: Kingambit|Low Kick|p1a: Kingambit
|-immune|p1a: Kingambit
|move|p1a: Kingambit|Kowtow Cleave|p2a: Kingambit
|-resisted|p2a: Kingambit
|-damage|p2a: Kingambit|29/100
|
|upkeep
|turn|16
|
|t:|1759033530
|move|p1a: Kingambit|Sucker Punch|p2a: Kingambit
|-resisted|p2a: Kingambit
|-damage|p2a: Kingambit|2/100
|move|p2a: Kingambit|Kowtow Cleave|p1a: Kingambit
|-supereffective|p1a: Kingambit
|-damage|p1a: Kingambit|0 fnt
|faint|p1a: Kingambit
|-end|p1a: Kingambit|fallen5|[silent]
|
|win|suhui_
|raw|mala☆huju's rating: 1637 &rarr; <strong>1619</strong><br />(-18 for losing)
|raw|suhui_'s rating: 1666 &rarr; <strong>1684</strong><br />(+18 for winning)
|l|☆mala☆huju
|player|p1|
|l|☆suhui_
|player|p2|
|j|☆mala☆huju
|player|p1|mala☆huju|#malahuju|
|j|+Disorient@!
|l|+Disorient
