|j|☆serginsurge
|j|☆Brailleleld
|t:|1758939297
|gametype|singles
|player|p1|serginsurge|170|1280
|player|p2|Brailleleld|fairytalegirl|1262
|gen|9
|tier|[Gen 9] OU
|rated|
|rule|HP Percentage Mod: HP is shown in percentages
|rule|Endless Battle Clause: Forcing endless battles is banned
|rule|Species Clause: Limit one of each Pokémon
|rule|OHKO Clause: OHKO moves are banned
|rule|Evasion Items Clause: Evasion items are banned
|rule|Evasion Moves Clause: Evasion moves are banned
|rule|Evasion Abilities Clause: Evasion abilities are banned
|rule|Sleep Moves Clause: Sleep-inducing moves are banned
|clearpoke
|poke|p1|Dragapult, M|
|poke|p1|Grimmsnarl, M|
|poke|p1|Jirachi|
|poke|p1|Amoonguss, F|
|poke|p1|Great Tusk|
|poke|p1|Walking Wake|
|poke|p2|Sableye, M|
|poke|p2|Empoleon, M|
|poke|p2|Dragonite, M|
|poke|p2|Gliscor, M|
|poke|p2|Serperior, M|
|poke|p2|Kingambit, M|
|teampreview
|
|t:|1758939300
|teamsize|p1|6
|teamsize|p2|6
|start
|switch|p1a: Grimmsnarl|Grimmsnarl, M|100/100
|switch|p2a: Pied Piper|Sableye, M, shiny|100/100
|turn|1
|inactive|Battle timer is ON: inactive players will automatically lose when time's up. (requested by serginsurge)
|inactive|Brailleleld also wants the timer to be on.
|
|t:|1758939307
|move|p2a: Pied Piper|Reflect|p2a: Pied Piper
|-sidestart|p2: Brailleleld|Reflect
|move|p1a: Grimmsnarl|Spirit Break|p2a: Pied Piper
|-supereffective|p2a: Pied Piper
|-damage|p2a: Pied Piper|74/100
|-unboost|p2a: Pied Piper|spa|1
|
|upkeep
|turn|2
|
|t:|1758939337
|move|p2a: Pied Piper|Light Screen|p2a: Pied Piper
|-sidestart|p2: Brailleleld|move: Light Screen
|move|p1a: Grimmsnarl|Spirit Break|p2a: Pied Piper
|-supereffective|p2a: Pied Piper
|-damage|p2a: Pied Piper|42/100
|-unboost|p2a: Pied Piper|spa|1
|
|upkeep
|turn|3
|
|t:|1758939344
|switch|p2a: Aptenodytes|Empoleon, M, shiny|100/100
|move|p1a: Grimmsnarl|Spirit Break|p2a: Aptenodytes
|-resisted|p2a: Aptenodytes
|-damage|p2a: Aptenodytes|93/100
|-unboost|p2a: Aptenodytes|spa|1
|-ability|p2a: Aptenodytes|Competitive|boost
|-boost|p2a: Aptenodytes|spa|2
|
|-heal|p2a: Aptenodytes|99/100|[from] item: Leftovers
|upkeep
|turn|4
|inactive|Brailleleld has 120 seconds left.
|
|t:|1758939371
|move|p1a: Grimmsnarl|Thunder Wave|p2a: Aptenodytes
|-status|p2a: Aptenodytes|par
|move|p2a: Aptenodytes|Surf|p1a: Grimmsnarl
|-damage|p1a: Grimmsnarl|62/100
|
|-heal|p2a: Aptenodytes|100/100 par|[from] item: Leftovers
|upkeep
|turn|5
|
|t:|1758939380
|move|p1a: Grimmsnarl|Parting Shot|p2a: Aptenodytes
|-unboost|p2a: Aptenodytes|atk|1
|-ability|p2a: Aptenodytes|Competitive|boost
|-boost|p2a: Aptenodytes|spa|2
|-unboost|p2a: Aptenodytes|spa|1
|-ability|p2a: Aptenodytes|Competitive|boost
|-boost|p2a: Aptenodytes|spa|2
|
|t:|1758939388
|switch|p1a: Amoonguss|Amoonguss, F, shiny|100/100|[from] Parting Shot
|move|p2a: Aptenodytes|Stealth Rock|p1a: Amoonguss
|-sidestart|p1: serginsurge|move: Stealth Rock
|
|upkeep
|turn|6
|
|t:|1758939396
|move|p1a: Amoonguss|Giga Drain|p2a: Aptenodytes
|-damage|p2a: Aptenodytes|93/100 par
|cant|p2a: Aptenodytes|par
|
|-heal|p2a: Aptenodytes|99/100 par|[from] item: Leftovers
|upkeep
|turn|7
|
|t:|1758939405
|move|p1a: Amoonguss|Giga Drain|p2a: Aptenodytes
|-damage|p2a: Aptenodytes|92/100 par
|move|p2a: Aptenodytes|Ice Beam|p1a: Amoonguss
|-supereffective|p1a: Amoonguss
|-damage|p1a: Amoonguss|0 fnt
|faint|p1a: Amoonguss
|
|-heal|p2a: Aptenodytes|98/100 par|[from] item: Leftovers
|upkeep
|
|t:|1758939416
|switch|p1a: Walking Wake|Walking Wake|100/100
|turn|8
|
|t:|1758939421
|move|p1a: Walking Wake|Sunny Day|p1a: Walking Wake
|-weather|SunnyDay
|-activate|p1a: Walking Wake|ability: Protosynthesis
|-start|p1a: Walking Wake|protosynthesisspa
|cant|p2a: Aptenodytes|par
|
|-weather|SunnyDay|[upkeep]
|-heal|p2a: Aptenodytes|100/100 par|[from] item: Leftovers
|-sideend|p2: Brailleleld|Reflect
|upkeep
|turn|9
|
|t:|1758939429
|move|p1a: Walking Wake|Flamethrower|p2a: Aptenodytes
|-damage|p2a: Aptenodytes|80/100 par
|move|p2a: Aptenodytes|Ice Beam|p1a: Walking Wake
|-damage|p1a: Walking Wake|28/100
|
|-weather|SunnyDay|[upkeep]
|-heal|p2a: Aptenodytes|86/100 par|[from] item: Leftovers
|-sideend|p2: Brailleleld|move: Light Screen
|upkeep
|turn|10
|
|t:|1758939440
|move|p1a: Walking Wake|Hydro Steam|p2a: Aptenodytes
|-resisted|p2a: Aptenodytes
|-damage|p2a: Aptenodytes|60/100 par
|cant|p2a: Aptenodytes|par
|
|-weather|SunnyDay|[upkeep]
|-heal|p2a: Aptenodytes|67/100 par|[from] item: Leftovers
|upkeep
|turn|11
|
|t:|1758939456
|-end|p1a: Walking Wake|Protosynthesis|[silent]
|switch|p1a: Jirachi|Jirachi|100/100
|-damage|p1a: Jirachi|94/100|[from] Stealth Rock
|move|p2a: Aptenodytes|Ice Beam|p1a: Jirachi
|-resisted|p1a: Jirachi
|-damage|p1a: Jirachi|74/100
|
|-weather|SunnyDay|[upkeep]
|-heal|p1a: Jirachi|80/100|[from] item: Leftovers
|-heal|p2a: Aptenodytes|73/100 par|[from] item: Leftovers
|upkeep
|turn|12
|
|t:|1758939472
|move|p1a: Jirachi|Psychic|p2a: Aptenodytes
|-resisted|p2a: Aptenodytes
|-damage|p2a: Aptenodytes|64/100 par
|move|p2a: Aptenodytes|Surf|p1a: Jirachi
|-damage|p1a: Jirachi|51/100
|
|-weather|none
|-heal|p1a: Jirachi|57/100|[from] item: Leftovers
|-heal|p2a: Aptenodytes|70/100 par|[from] item: Leftovers
|upkeep
|turn|13
|
|t:|1758939489
|move|p1a: Jirachi|Iron Head|p2a: Aptenodytes
|-resisted|p2a: Aptenodytes
|-damage|p2a: Aptenodytes|63/100 par
|cant|p2a: Aptenodytes|flinch
|
|-heal|p1a: Jirachi|64/100|[from] item: Leftovers
|-heal|p2a: Aptenodytes|69/100 par|[from] item: Leftovers
|upkeep
|turn|14
|
|t:|1758939499
|move|p1a: Jirachi|Psychic|p2a: Aptenodytes
|-resisted|p2a: Aptenodytes
|-damage|p2a: Aptenodytes|60/100 par
|move|p2a: Aptenodytes|Surf|p1a: Jirachi
|-damage|p1a: Jirachi|6/100
|
|-heal|p1a: Jirachi|12/100|[from] item: Leftovers
|-heal|p2a: Aptenodytes|66/100 par|[from] item: Leftovers
|upkeep
|turn|15
|
|t:|1758939509
|move|p1a: Jirachi|Wish|p1a: Jirachi
|move|p2a: Aptenodytes|Surf|p1a: Jirachi
|-damage|p1a: Jirachi|0 fnt
|faint|p1a: Jirachi
|
|-heal|p2a: Aptenodytes|72/100 par|[from] item: Leftovers
|upkeep
|inactive|serginsurge has 120 seconds left.
|
|t:|1758939540
|switch|p1a: Great Tusk|Great Tusk|100/100
|-damage|p1a: Great Tusk|98/100|[from] Stealth Rock
|turn|16
|
|t:|1758939546
|-terastallize|p2a: Aptenodytes|Flying
|move|p1a: Great Tusk|Close Combat|p2a: Aptenodytes
|-resisted|p2a: Aptenodytes
|-damage|p2a: Aptenodytes|44/100 par
|-unboost|p1a: Great Tusk|def|1
|-unboost|p1a: Great Tusk|spd|1
|move|p2a: Aptenodytes|Surf|p1a: Great Tusk
|-supereffective|p1a: Great Tusk
|-damage|p1a: Great Tusk|0 fnt
|faint|p1a: Great Tusk
|-end|p1a: Great Tusk|Protosynthesis|[silent]
|
|-heal|p2a: Aptenodytes|50/100 par|[from] item: Leftovers
|upkeep
|
|t:|1758939574
|switch|p1a: Dragapult|Dragapult, M|100/100
|-damage|p1a: Dragapult|88/100|[from] Stealth Rock
|turn|17
|
|t:|1758939583
|move|p1a: Dragapult|Draco Meteor|p2a: Aptenodytes
|-damage|p2a: Aptenodytes|11/100 par
|-unboost|p1a: Dragapult|spa|2
|move|p2a: Aptenodytes|Ice Beam|p1a: Dragapult
|-supereffective|p1a: Dragapult
|-crit|p1a: Dragapult
|-damage|p1a: Dragapult|0 fnt
|faint|p1a: Dragapult
|
|-heal|p2a: Aptenodytes|17/100 par|[from] item: Leftovers
|upkeep
|
|t:|1758939594
|switch|p1a: Walking Wake|Walking Wake|28/100
|turn|18
|
|t:|1758939607
|move|p1a: Walking Wake|Hydro Steam|p2a: Aptenodytes
|-damage|p2a: Aptenodytes|0 fnt
|faint|p2a: Aptenodytes
|
|upkeep
|
|t:|1758939612
|switch|p2a: Pied Piper|Sableye, M, shiny|42/100
|turn|19
|
|t:|1758939623
|move|p2a: Pied Piper|Light Screen|p2a: Pied Piper
|-sidestart|p2: Brailleleld|move: Light Screen
|move|p1a: Walking Wake|Sunny Day|p1a: Walking Wake
|-weather|SunnyDay
|-activate|p1a: Walking Wake|ability: Protosynthesis
|-start|p1a: Walking Wake|protosynthesisspa
|
|-weather|SunnyDay|[upkeep]
|upkeep
|turn|20
|
|t:|1758939630
|move|p2a: Pied Piper|Encore|p1a: Walking Wake
|-start|p1a: Walking Wake|Encore
|move|p1a: Walking Wake|Sunny Day||[still]
|-fail|p1a: Walking Wake
|
|-weather|SunnyDay|[upkeep]
|upkeep
|turn|21
|
|t:|1758939637
|-end|p1a: Walking Wake|Protosynthesis|[silent]
|switch|p1a: Grimmsnarl|Grimmsnarl, M|62/100
|-damage|p1a: Grimmsnarl|50/100|[from] Stealth Rock
|move|p2a: Pied Piper|Reflect|p2a: Pied Piper
|-sidestart|p2: Brailleleld|Reflect
|
|-weather|SunnyDay|[upkeep]
|upkeep
|turn|22
|inactive|Brailleleld has 120 seconds left.
|
|t:|1758939683
|move|p2a: Pied Piper|Recover|p2a: Pied Piper
|-heal|p2a: Pied Piper|92/100
|move|p1a: Grimmsnarl|Spirit Break|p2a: Pied Piper
|-supereffective|p2a: Pied Piper
|-damage|p2a: Pied Piper|64/100
|-unboost|p2a: Pied Piper|spa|1
|
|-weather|SunnyDay|[upkeep]
|upkeep
|turn|23
|
|t:|1758939705
|switch|p2a: Chiroptera|Gliscor, M, shiny|100/100
|move|p1a: Grimmsnarl|Spirit Break|p2a: Chiroptera
|-damage|p2a: Chiroptera|92/100
|-unboost|p2a: Chiroptera|spa|1
|
|-weather|none
|-status|p2a: Chiroptera|tox|[from] item: Toxic Orb
|upkeep
|turn|24
|inactive|Brailleleld has 90 seconds left.
|
|t:|1758939735
|switch|p1a: Walking Wake|Walking Wake|28/100
|move|p2a: Chiroptera|Earthquake|p1a: Walking Wake
|-damage|p1a: Walking Wake|0 fnt
|faint|p1a: Walking Wake
|-end|p1a: Walking Wake|Protosynthesis|[silent]
|
|-heal|p2a: Chiroptera|100/100 tox|[from] ability: Poison Heal
|upkeep
|-message|serginsurge forfeited.
|
|win|Brailleleld
|raw|serginsurge's rating: 1280 &rarr; <strong>1254</strong><br />(-26 for losing)
|raw|Brailleleld's rating: 1262 &rarr; <strong>1288</strong><br />(+26 for winning)
|l|☆serginsurge
|player|p1|
