|j|☆JBLspeakerfetty
|j|☆call me mander
|t:|1759042383
|gametype|singles
|player|p1|JBLspeakerfetty|red|1432
|player|p2|call me mander|266|1344
|gen|9
|tier|[Gen 9] OU
|rated|
|rule|HP Percentage Mod: HP is shown in percentages
|rule|Endless Battle Clause: Forcing endless battles is banned
|rule|Species Clause: Limit one of each Pokémon
|rule|OHKO Clause: OHKO moves are banned
|rule|Evasion Items Clause: Evasion items are banned
|rule|Evasion Moves Clause: Evasion moves are banned
|rule|Evasion Abilities Clause: Evasion abilities are banned
|rule|Sleep Moves Clause: Sleep-inducing moves are banned
|clearpoke
|poke|p1|Quaquaval, M|
|poke|p1|Iron Moth|
|poke|p1|Ting-Lu|
|poke|p1|Iron Leaves|
|poke|p1|Thundurus, M|
|poke|p1|Iron Valiant|
|poke|p2|Garganacl, F|
|poke|p2|Dragapult, F|
|poke|p2|Ogerpon-Wellspring, F|
|poke|p2|Moltres|
|poke|p2|Zamazenta-*|
|poke|p2|Iron Treads|
|teampreview
|
|t:|1759042409
|teamsize|p1|6
|teamsize|p2|6
|start
|switch|p1a: Iron Moth|Iron Moth|100/100
|switch|p2a: Iron Treads|Iron Treads|100/100
|turn|1
|
|t:|1759042412
|move|p1a: Iron Moth|Fiery Dance|p2a: Iron Treads
|-supereffective|p2a: Iron Treads
|-damage|p2a: Iron Treads|33/100
|move|p2a: Iron Treads|Earthquake|p1a: Iron Moth
|-supereffective|p1a: Iron Moth
|-damage|p1a: Iron Moth|0 fnt
|faint|p1a: Iron Moth
|-end|p1a: Iron Moth|Quark Drive|[silent]
|
|-heal|p2a: Iron Treads|39/100|[from] item: Leftovers
|upkeep
|
|t:|1759042422
|switch|p1a: Iron Valiant|Iron Valiant|100/100
|-enditem|p1a: Iron Valiant|Booster Energy
|-activate|p1a: Iron Valiant|ability: Quark Drive|[fromitem]
|-start|p1a: Iron Valiant|quarkdrivespe
|turn|2
|
|t:|1759042427
|-end|p2a: Iron Treads|Quark Drive|[silent]
|switch|p2a: Moltres|Moltres|100/100
|move|p1a: Iron Valiant|Vacuum Wave|p2a: Moltres
|-resisted|p2a: Moltres
|-damage|p2a: Moltres|92/100
|
|upkeep
|turn|3
|
|t:|1759042433
|move|p1a: Iron Valiant|Thunderbolt|p2a: Moltres
|-supereffective|p2a: Moltres
|-damage|p2a: Moltres|39/100
|move|p2a: Moltres|Will-O-Wisp|p1a: Iron Valiant
|-status|p1a: Iron Valiant|brn
|
|-damage|p1a: Iron Valiant|94/100 brn|[from] brn
|upkeep
|turn|4
|
|t:|1759042440
|switch|p2a: Garganacl|Garganacl, F|100/100
|move|p1a: Iron Valiant|Thunderbolt|p2a: Garganacl
|-damage|p2a: Garganacl|83/100
|
|-heal|p2a: Garganacl|89/100|[from] item: Leftovers
|-damage|p1a: Iron Valiant|88/100 brn|[from] brn
|upkeep
|turn|5
|j| T1CKLEWISH
|
|t:|1759042445
|move|p1a: Iron Valiant|Knock Off|p2a: Garganacl
|-crit|p2a: Garganacl
|-damage|p2a: Garganacl|74/100
|-enditem|p2a: Garganacl|Leftovers|[from] move: Knock Off|[of] p1a: Iron Valiant
|move|p2a: Garganacl|Salt Cure|p1a: Iron Valiant
|-resisted|p1a: Iron Valiant
|-damage|p1a: Iron Valiant|79/100 brn
|-start|p1a: Iron Valiant|Salt Cure
|
|-damage|p1a: Iron Valiant|72/100 brn|[from] brn
|-damage|p1a: Iron Valiant|60/100 brn|[from] Salt Cure
|upkeep
|turn|6
|
|t:|1759042484
|-end|p1a: Iron Valiant|Quark Drive|[silent]
|switch|p1a: Quaquaval|Quaquaval, M|100/100
|move|p2a: Garganacl|Salt Cure|p1a: Quaquaval
|-resisted|p1a: Quaquaval
|-damage|p1a: Quaquaval|95/100
|-start|p1a: Quaquaval|Salt Cure
|
|-damage|p1a: Quaquaval|70/100|[from] Salt Cure
|upkeep
|turn|7
|
|t:|1759042500
|switch|p2a: Dragapult|Dragapult, F|100/100
|move|p1a: Quaquaval|Roost|p1a: Quaquaval
|-heal|p1a: Quaquaval|100/100
|-singleturn|p1a: Quaquaval|move: Roost
|
|-damage|p1a: Quaquaval|76/100|[from] Salt Cure
|upkeep
|turn|8
|
|t:|1759042509
|switch|p1a: Ting-Lu|Ting-Lu|100/100
|-ability|p1a: Ting-Lu|Vessel of Ruin
|move|p2a: Dragapult|Draco Meteor|p1a: Ting-Lu
|-damage|p1a: Ting-Lu|78/100
|-unboost|p2a: Dragapult|spa|2
|
|-heal|p1a: Ting-Lu|84/100|[from] item: Leftovers
|upkeep
|turn|9
|
|t:|1759042519
|move|p2a: Dragapult|Will-O-Wisp|p1a: Ting-Lu|[miss]
|-miss|p2a: Dragapult|p1a: Ting-Lu
|move|p1a: Ting-Lu|Spikes|p2a: Dragapult
|-sidestart|p2: call me mander|Spikes
|
|-heal|p1a: Ting-Lu|90/100|[from] item: Leftovers
|upkeep
|turn|10
|
|t:|1759042535
|move|p2a: Dragapult|Will-O-Wisp|p1a: Ting-Lu
|-status|p1a: Ting-Lu|brn
|move|p1a: Ting-Lu|Ruination|p2a: Dragapult
|-damage|p2a: Dragapult|51/100
|
|-heal|p1a: Ting-Lu|96/100 brn|[from] item: Leftovers
|-damage|p1a: Ting-Lu|90/100 brn|[from] brn
|upkeep
|turn|11
|
|t:|1759042539
|move|p2a: Dragapult|U-turn|p1a: Ting-Lu
|-supereffective|p1a: Ting-Lu
|-damage|p1a: Ting-Lu|73/100 brn
|
|t:|1759042546
|switch|p2a: Moltres|Moltres|39/100|[from] U-turn
|move|p1a: Ting-Lu|Spikes|p2a: Moltres
|-sidestart|p2: call me mander|Spikes
|
|-heal|p1a: Ting-Lu|79/100 brn|[from] item: Leftovers
|-damage|p1a: Ting-Lu|73/100 brn|[from] brn
|upkeep
|turn|12
|
|t:|1759042549
|switch|p1a: Thundurus|Thundurus, M|100/100
|move|p2a: Moltres|Roost|p2a: Moltres
|-heal|p2a: Moltres|89/100
|-singleturn|p2a: Moltres|move: Roost
|
|upkeep
|turn|13
|
|t:|1759042559
|switch|p2a: Iron Treads|Iron Treads|39/100
|-damage|p2a: Iron Treads|23/100|[from] Spikes
|move|p1a: Thundurus|Thunderbolt|p2a: Iron Treads
|-immune|p2a: Iron Treads
|
|-heal|p2a: Iron Treads|29/100|[from] item: Leftovers
|upkeep
|turn|14
|
|t:|1759042567
|move|p1a: Thundurus|Grass Knot|p2a: Iron Treads
|-damage|p2a: Iron Treads|0 fnt
|faint|p2a: Iron Treads
|-end|p2a: Iron Treads|Quark Drive|[silent]
|
|upkeep
|
|t:|1759042586
|switch|p2a: Ogerpon|Ogerpon-Wellspring, F|100/100
|-damage|p2a: Ogerpon|84/100|[from] Spikes
|turn|15
|
|t:|1759042603
|switch|p1a: Quaquaval|Quaquaval, M|76/100
|move|p2a: Ogerpon|Trailblaze|p1a: Quaquaval
|-supereffective|p1a: Quaquaval
|-damage|p1a: Quaquaval|32/100
|-boost|p2a: Ogerpon|spe|1
|
|upkeep
|turn|16
|
|t:|1759042610
|move|p2a: Ogerpon|Trailblaze|p1a: Quaquaval
|-supereffective|p1a: Quaquaval
|-damage|p1a: Quaquaval|0 fnt
|-boost|p2a: Ogerpon|spe|1
|faint|p1a: Quaquaval
|
|upkeep
|
|t:|1759042616
|switch|p1a: Iron Leaves|Iron Leaves|100/100
|turn|17
|
|t:|1759042622
|switch|p2a: Moltres|Moltres|89/100
|move|p1a: Iron Leaves|Close Combat|p2a: Moltres
|-resisted|p2a: Moltres
|-damage|p2a: Moltres|72/100
|-unboost|p1a: Iron Leaves|def|1
|-unboost|p1a: Iron Leaves|spd|1
|
|upkeep
|turn|18
|
|t:|1759042633
|-end|p1a: Iron Leaves|Quark Drive|[silent]
|switch|p1a: Ting-Lu|Ting-Lu|73/100 brn
|-ability|p1a: Ting-Lu|Vessel of Ruin
|move|p2a: Moltres|Will-O-Wisp|p1a: Ting-Lu
|-fail|p1a: Ting-Lu|brn
|
|-heal|p1a: Ting-Lu|79/100 brn|[from] item: Leftovers
|-damage|p1a: Ting-Lu|73/100 brn|[from] brn
|upkeep
|turn|19
|
|t:|1759042643
|move|p1a: Ting-Lu|Spikes|p2a: Moltres
|-sidestart|p2: call me mander|Spikes
|move|p2a: Moltres|Roar|p1a: Ting-Lu
|drag|p1a: Iron Valiant|Iron Valiant|60/100 brn
|
|-damage|p1a: Iron Valiant|54/100 brn|[from] brn
|upkeep
|turn|20
|
|t:|1759042646
|move|p1a: Iron Valiant|Thunderbolt|p2a: Moltres
|-supereffective|p2a: Moltres
|-damage|p2a: Moltres|16/100
|move|p2a: Moltres|Flamethrower|p1a: Iron Valiant
|-damage|p1a: Iron Valiant|0 fnt
|faint|p1a: Iron Valiant
|-end|p1a: Iron Valiant|Quark Drive|[silent]
|
|upkeep
|
|t:|1759042655
|switch|p1a: Thundurus|Thundurus, M|100/100
|turn|21
|
|t:|1759042665
|switch|p2a: Dragapult|Dragapult, F|51/100
|move|p1a: Thundurus|Thunderbolt|p2a: Dragapult
|-resisted|p2a: Dragapult
|-damage|p2a: Dragapult|19/100
|
|upkeep
|turn|22
|
|t:|1759042678
|switch|p1a: Ting-Lu|Ting-Lu|73/100 brn
|-ability|p1a: Ting-Lu|Vessel of Ruin
|-terastallize|p2a: Dragapult|Dragon
|move|p2a: Dragapult|Draco Meteor|p1a: Ting-Lu
|-damage|p1a: Ting-Lu|42/100 brn
|-unboost|p2a: Dragapult|spa|2
|
|-heal|p1a: Ting-Lu|48/100 brn|[from] item: Leftovers
|-damage|p1a: Ting-Lu|42/100 brn|[from] brn
|upkeep
|turn|23
|
|t:|1759042688
|move|p2a: Dragapult|U-turn|p1a: Ting-Lu
|-supereffective|p1a: Ting-Lu
|-damage|p1a: Ting-Lu|24/100 brn
|
|t:|1759042691
|switch|p2a: Moltres|Moltres|16/100|[from] U-turn
|move|p1a: Ting-Lu|Whirlwind|p2a: Moltres
|drag|p2a: Garganacl|Garganacl, F|74/100
|-damage|p2a: Garganacl|49/100|[from] Spikes
|
|-heal|p1a: Ting-Lu|30/100 brn|[from] item: Leftovers
|-damage|p1a: Ting-Lu|24/100 brn|[from] brn
|upkeep
|turn|24
|
|t:|1759042709
|move|p2a: Garganacl|Recover|p2a: Garganacl
|-heal|p2a: Garganacl|99/100
|move|p1a: Ting-Lu|Whirlwind|p2a: Garganacl
|drag|p2a: Dragapult|Dragapult, F, tera:Dragon|19/100
|
|-heal|p1a: Ting-Lu|30/100 brn|[from] item: Leftovers
|-damage|p1a: Ting-Lu|24/100 brn|[from] brn
|upkeep
|turn|25
|
|t:|1759042715
|move|p2a: Dragapult|Draco Meteor|p1a: Ting-Lu
|-damage|p1a: Ting-Lu|0 fnt
|-unboost|p2a: Dragapult|spa|2
|faint|p1a: Ting-Lu
|
|upkeep
|
|t:|1759042728
|switch|p1a: Thundurus|Thundurus, M|100/100
|turn|26
|
|t:|1759042732
|move|p1a: Thundurus|Electric Terrain|p1a: Thundurus
|-fieldstart|move: Electric Terrain
|move|p2a: Dragapult|U-turn|p1a: Thundurus
|-resisted|p1a: Thundurus
|-damage|p1a: Thundurus|87/100
|
|t:|1759042737
|switch|p2a: Garganacl|Garganacl, F|99/100|[from] U-turn
|-damage|p2a: Garganacl|74/100|[from] Spikes
|
|upkeep
|turn|27
|
|t:|1759042740
|move|p1a: Thundurus|Grass Knot|p2a: Garganacl
|-supereffective|p2a: Garganacl
|-damage|p2a: Garganacl|25/100
|move|p2a: Garganacl|Salt Cure|p1a: Thundurus
|-supereffective|p1a: Thundurus
|-damage|p1a: Thundurus|43/100
|-start|p1a: Thundurus|Salt Cure
|
|-damage|p1a: Thundurus|30/100|[from] Salt Cure
|upkeep
|turn|28
|
|t:|1759042756
|move|p1a: Thundurus|Thunderbolt|p2a: Garganacl
|-damage|p2a: Garganacl|0 fnt
|faint|p2a: Garganacl
|
|-damage|p1a: Thundurus|18/100|[from] Salt Cure
|upkeep
|
|t:|1759042770
|switch|p2a: Dragapult|Dragapult, F, tera:Dragon|19/100
|turn|29
|
|t:|1759042776
|move|p2a: Dragapult|Hex|p1a: Thundurus
|-damage|p1a: Thundurus|0 fnt
|faint|p1a: Thundurus
|
|upkeep
|
|t:|1759042778
|switch|p1a: Iron Leaves|Iron Leaves|100/100
|-activate|p1a: Iron Leaves|ability: Quark Drive
|-start|p1a: Iron Leaves|quarkdriveatk
|turn|30
|
|t:|1759042789
|-terastallize|p1a: Iron Leaves|Dark
|move|p2a: Dragapult|U-turn|p1a: Iron Leaves
|-supereffective|p1a: Iron Leaves
|-damage|p1a: Iron Leaves|62/100
|l| t1cklewish
|
|t:|1759042793
|switch|p2a: Moltres|Moltres|16/100|[from] U-turn
|move|p1a: Iron Leaves|Trailblaze|p2a: Moltres
|-resisted|p2a: Moltres
|-damage|p2a: Moltres|10/100
|-boost|p1a: Iron Leaves|spe|1
|
|upkeep
|turn|31
|
|t:|1759042805
|move|p1a: Iron Leaves|Trailblaze|p2a: Moltres
|-resisted|p2a: Moltres
|-damage|p2a: Moltres|3/100
|-boost|p1a: Iron Leaves|spe|1
|move|p2a: Moltres|Roost|p2a: Moltres
|-heal|p2a: Moltres|53/100
|-singleturn|p2a: Moltres|move: Roost
|
|upkeep
|turn|32
|
|t:|1759042814
|move|p1a: Iron Leaves|Psyblade|p2a: Moltres
|-damage|p2a: Moltres|0 fnt
|-status|p1a: Iron Leaves|brn|[from] ability: Flame Body|[of] p2a: Moltres
|-enditem|p1a: Iron Leaves|Lum Berry|[eat]
|-curestatus|p1a: Iron Leaves|brn|[msg]
|faint|p2a: Moltres
|
|upkeep
|
|t:|1759042824
|switch|p2a: Dragapult|Dragapult, F, tera:Dragon|19/100
|turn|33
|
|t:|1759042838
|switch|p2a: Ogerpon|Ogerpon-Wellspring, F|84/100
|-damage|p2a: Ogerpon|59/100|[from] Spikes
|move|p1a: Iron Leaves|Psyblade|p2a: Ogerpon
|-damage|p2a: Ogerpon|0 fnt
|faint|p2a: Ogerpon
|
|-fieldend|move: Electric Terrain
|-end|p1a: Iron Leaves|Quark Drive
|upkeep
|
|t:|1759042844
|switch|p2a: Zamazenta|Zamazenta|100/100
|-damage|p2a: Zamazenta|76/100|[from] Spikes
|-ability|p2a: Zamazenta|Dauntless Shield|boost
|-boost|p2a: Zamazenta|def|1
|turn|34
|
|t:|1759042847
|move|p1a: Iron Leaves|Psyblade|p2a: Zamazenta
|-supereffective|p2a: Zamazenta
|-damage|p2a: Zamazenta|22/100
|move|p2a: Zamazenta|Close Combat|p1a: Iron Leaves
|-supereffective|p1a: Iron Leaves
|-damage|p1a: Iron Leaves|0 fnt
|-unboost|p2a: Zamazenta|def|1
|-unboost|p2a: Zamazenta|spd|1
|faint|p1a: Iron Leaves
|-end|p1a: Iron Leaves|Quark Drive|[silent]
|
|win|call me mander
|raw|JBLspeakerfetty's rating: 1432 &rarr; <strong>1407</strong><br />(-25 for losing)
|raw|call me mander's rating: 1344 &rarr; <strong>1369</strong><br />(+25 for winning)
|l|☆call me mander
|player|p2|
