|j|☆seethemalldie
|j|‽Meaty and Doritos
|t:|1758972182
|gametype|singles
|player|p1|seethemalldie|unknown|1364
|player|p2|Meaty and Doritos|101|1411
|gen|9
|tier|[Gen 9] OU
|rated|
|rule|HP Percentage Mod: HP is shown in percentages
|rule|Endless Battle Clause: Forcing endless battles is banned
|rule|Species Clause: Limit one of each Pokémon
|rule|OHKO Clause: OHKO moves are banned
|rule|Evasion Items Clause: Evasion items are banned
|rule|Evasion Moves Clause: Evasion moves are banned
|rule|Evasion Abilities Clause: Evasion abilities are banned
|rule|Sleep Moves Clause: Sleep-inducing moves are banned
|clearpoke
|poke|p1|Scizor, F|
|poke|p1|Toxtricity-Low-Key, F|
|poke|p1|Hydreigon, M|
|poke|p1|Iron Valiant|
|poke|p1|Ogerpon-Wellspring, F|
|poke|p1|Arcanine-Hisui, M|
|poke|p2|Alomomola, M|
|poke|p2|Slowking-Galar, M|
|poke|p2|Great Tusk|
|poke|p2|Hoopa-Unbound|
|poke|p2|Kingambit, M|
|poke|p2|Raging Bolt|
|teampreview
|inactive|Battle timer is ON: inactive players will automatically lose when time's up. (requested by seethemalldie)
|inactive|seethemalldie has 120 seconds left.
|
|t:|1758972225
|teamsize|p1|6
|teamsize|p2|6
|start
|switch|p1a: Trip|Hydreigon, M, shiny|100/100
|switch|p2a: Hoopa|Hoopa-Unbound|100/100
|turn|1
|
|t:|1758972236
|move|p1a: Trip|Tailwind|p1a: Trip
|-sidestart|p1: seethemalldie|move: Tailwind
|move|p2a: Hoopa|Drain Punch|p1a: Trip
|-supereffective|p1a: Trip
|-damage|p1a: Trip|2/100
|
|upkeep
|turn|2
|
|t:|1758972243
|move|p1a: Trip|Draco Meteor|p2a: Hoopa
|-damage|p2a: Hoopa|41/100
|-unboost|p1a: Trip|spa|2
|-enditem|p1a: Trip|Eject Pack
|
|t:|1758972248
|switch|p1a: Chili|Toxtricity-Low-Key, F|100/100
|move|p2a: Hoopa|Drain Punch|p1a: Chili
|-resisted|p1a: Chili
|-damage|p1a: Chili|66/100
|-heal|p2a: Hoopa|58/100|[from] drain|[of] p1a: Chili
|
|upkeep
|turn|3
|
|t:|1758972266
|switch|p2a: Slowking|Slowking-Galar, M, shiny|100/100
|-terastallize|p1a: Chili|Normal
|move|p1a: Chili|Boomburst|p2a: Slowking
|-damage|p2a: Slowking|17/100
|
|upkeep
|turn|4
|
|t:|1758972274
|move|p1a: Chili|Boomburst|p2a: Slowking
|-damage|p2a: Slowking|0 fnt
|faint|p2a: Slowking
|
|-sideend|p1: seethemalldie|move: Tailwind
|upkeep
|
|t:|1758972280
|switch|p2a: Raging Bolt|Raging Bolt|100/100
|-enditem|p2a: Raging Bolt|Booster Energy
|-activate|p2a: Raging Bolt|ability: Protosynthesis|[fromitem]
|-start|p2a: Raging Bolt|protosynthesisspa
|turn|5
|
|t:|1758972288
|switch|p1a: Trip|Hydreigon, M, shiny|2/100
|move|p2a: Raging Bolt|Thunderclap||[still]
|-fail|p2a: Raging Bolt
|
|upkeep
|turn|6
|
|t:|1758972295
|-terastallize|p2a: Raging Bolt|Fairy
|move|p1a: Trip|Tailwind|p1a: Trip
|-sidestart|p1: seethemalldie|move: Tailwind
|move|p2a: Raging Bolt|Calm Mind|p2a: Raging Bolt
|-boost|p2a: Raging Bolt|spa|1
|-boost|p2a: Raging Bolt|spd|1
|
|upkeep
|turn|7
|
|t:|1758972303
|move|p1a: Trip|Taunt|p2a: Raging Bolt
|-start|p2a: Raging Bolt|move: Taunt
|cant|p2a: Raging Bolt|move: Taunt|Calm Mind
|
|upkeep
|turn|8
|
|t:|1758972308
|move|p2a: Raging Bolt|Thunderclap|p1a: Trip
|-resisted|p1a: Trip
|-damage|p1a: Trip|0 fnt
|faint|p1a: Trip
|
|upkeep
|
|t:|1758972329
|switch|p1a: Solid|Scizor, F|100/100
|turn|9
|
|t:|1758972336
|-end|p2a: Raging Bolt|Protosynthesis|[silent]
|switch|p2a: Alomomola|Alomomola, M, shiny|100/100
|move|p1a: Solid|Bullet Punch|p2a: Alomomola
|-resisted|p2a: Alomomola
|-damage|p2a: Alomomola|92/100
|-damage|p1a: Solid|84/100|[from] item: Rocky Helmet|[of] p2a: Alomomola
|
|-sideend|p1: seethemalldie|move: Tailwind
|upkeep
|turn|10
|
|t:|1758972346
|move|p1a: Solid|Knock Off|p2a: Alomomola
|-damage|p2a: Alomomola|73/100
|-damage|p1a: Solid|67/100|[from] item: Rocky Helmet|[of] p2a: Alomomola
|-enditem|p2a: Alomomola|Rocky Helmet|[from] move: Knock Off|[of] p1a: Solid
|move|p2a: Alomomola|Flip Turn|p1a: Solid
|-damage|p1a: Solid|53/100
|
|t:|1758972350
|switch|p2a: Great Tusk|Great Tusk|100/100|[from] Flip Turn
|
|upkeep
|turn|11
|
|t:|1758972368
|switch|p1a: Berry|Ogerpon-Wellspring, F|100/100
|move|p2a: Great Tusk|Close Combat|p1a: Berry
|-damage|p1a: Berry|38/100
|-unboost|p2a: Great Tusk|def|1
|-unboost|p2a: Great Tusk|spd|1
|
|upkeep
|turn|12
|inactive|seethemalldie has 120 seconds left.
|
|t:|1758972397
|-end|p2a: Great Tusk|Protosynthesis|[silent]
|switch|p2a: Raging Bolt|Raging Bolt, tera:Fairy|100/100
|move|p1a: Berry|Ivy Cudgel|p2a: Raging Bolt|[anim] Ivy Cudgel Water
|-damage|p2a: Raging Bolt|50/100
|
|upkeep
|turn|13
|inactive|seethemalldie has 120 seconds left.
|
|t:|1758972408
|switch|p1a: Solid|Scizor, F|53/100
|move|p2a: Raging Bolt|Thunderbolt|p1a: Solid
|-damage|p1a: Solid|0 fnt
|faint|p1a: Solid
|
|upkeep
|inactive|seethemalldie has 120 seconds left.
|
|t:|1758972414
|switch|p1a: Archie|Arcanine-Hisui, M|100/100
|turn|14
|inactive|seethemalldie has 120 seconds left.
|
|t:|1758972443
|-end|p2a: Raging Bolt|Protosynthesis|[silent]
|switch|p2a: Great Tusk|Great Tusk|100/100
|move|p1a: Archie|Flare Blitz|p2a: Great Tusk
|-damage|p2a: Great Tusk|63/100
|
|upkeep
|turn|15
|inactive|seethemalldie has 90 seconds left.
|
|t:|1758972479
|move|p1a: Archie|Flare Blitz|p2a: Great Tusk
|-damage|p2a: Great Tusk|19/100
|move|p2a: Great Tusk|Close Combat|p1a: Archie
|-supereffective|p1a: Archie
|-damage|p1a: Archie|0 fnt
|-unboost|p2a: Great Tusk|def|1
|-unboost|p2a: Great Tusk|spd|1
|faint|p1a: Archie
|
|upkeep
|
|t:|1758972495
|switch|p1a: Nite|Iron Valiant, shiny|100/100
|turn|16
|l|☆seethemalldie
|inactive|seethemalldie disconnected and has a minute to reconnect!
|player|p1|
|j|☆seethemalldie
|inactive|seethemalldie reconnected and has 55 seconds left.
|player|p1|seethemalldie|unknown|
|
|t:|1758972526
|move|p1a: Nite|Moonblast|p2a: Great Tusk
|-supereffective|p2a: Great Tusk
|-damage|p2a: Great Tusk|0 fnt
|faint|p2a: Great Tusk
|-end|p2a: Great Tusk|Protosynthesis|[silent]
|
|upkeep
|
|t:|1758972531
|switch|p2a: Alomomola|Alomomola, M, shiny|100/100
|turn|17
|inactive|seethemalldie has 60 seconds left.
|
|t:|1758972541
|-end|p1a: Nite|Quark Drive|[silent]
|switch|p1a: Berry|Ogerpon-Wellspring, F|38/100
|move|p2a: Alomomola|Flip Turn|p1a: Berry
|-heal|p1a: Berry|63/100|[from] ability: Water Absorb|[of] p2a: Alomomola
|
|upkeep
|turn|18
|inactive|seethemalldie has 60 seconds left.
|
|t:|1758972569
|move|p1a: Berry|Ivy Cudgel|p2a: Alomomola|[anim] Ivy Cudgel Water
|-resisted|p2a: Alomomola
|-damage|p2a: Alomomola|85/100
|move|p2a: Alomomola|Acrobatics|p1a: Berry
|-supereffective|p1a: Berry
|-damage|p1a: Berry|13/100
|
|upkeep
|turn|19
|
|t:|1758972583
|switch|p1a: Chili|Toxtricity-Low-Key, F, tera:Normal|66/100
|switch|p2a: Hoopa|Hoopa-Unbound|58/100
|
|upkeep
|turn|20
|inactive|seethemalldie has 30 seconds left.
|
|t:|1758972606
|move|p2a: Hoopa|Knock Off|p1a: Chili
|-damage|p1a: Chili|0 fnt
|-enditem|p1a: Chili|Choice Specs|[from] move: Knock Off|[of] p2a: Hoopa
|faint|p1a: Chili
|
|upkeep
|inactive|seethemalldie has 30 seconds left.
|
|t:|1758972614
|switch|p1a: Nite|Iron Valiant, shiny|100/100
|turn|21
|
|t:|1758972617
|move|p1a: Nite|Moonblast|p2a: Hoopa
|-supereffective|p2a: Hoopa
|-damage|p2a: Hoopa|0 fnt
|faint|p2a: Hoopa
|
|upkeep
|
|t:|1758972622
|switch|p2a: Alomomola|Alomomola, M, shiny|100/100
|turn|22
|
|t:|1758972647
|move|p1a: Nite|Moonblast|p2a: Alomomola
|-damage|p2a: Alomomola|18/100
|-unboost|p2a: Alomomola|spa|1
|move|p2a: Alomomola|Acrobatics|p1a: Nite
|-supereffective|p1a: Nite
|-damage|p1a: Nite|53/100
|
|upkeep
|turn|23
|
|t:|1758972658
|move|p2a: Alomomola|Protect|p2a: Alomomola
|-singleturn|p2a: Alomomola|Protect
|move|p1a: Nite|Moonblast|p2a: Alomomola
|-activate|p2a: Alomomola|move: Protect
|
|upkeep
|turn|24
|
|t:|1758972665
|move|p1a: Nite|Moonblast|p2a: Alomomola
|-crit|p2a: Alomomola
|-damage|p2a: Alomomola|0 fnt
|faint|p2a: Alomomola
|
|upkeep
|
|t:|1758972669
|switch|p2a: Kingambit|Kingambit, M, shiny|100/100
|-activate|p2a: Kingambit|ability: Supreme Overlord
|-start|p2a: Kingambit|fallen4|[silent]
|turn|25
|inactive|seethemalldie has 30 seconds left.
|inactive|seethemalldie has 20 seconds left.
|
|t:|1758972710
|move|p2a: Kingambit|Sucker Punch|p1a: Nite
|-resisted|p1a: Nite
|-damage|p1a: Nite|33/100
|move|p1a: Nite|Moonblast|p2a: Kingambit
|-damage|p2a: Kingambit|38/100
|-unboost|p2a: Kingambit|spa|1
|
|-heal|p2a: Kingambit|44/100|[from] item: Leftovers
|upkeep
|turn|26
|inactive|seethemalldie has 30 seconds left this turn.
|
|t:|1758972719
|move|p2a: Kingambit|Sucker Punch|p1a: Nite
|-resisted|p1a: Nite
|-damage|p1a: Nite|14/100
|move|p1a: Nite|Moonblast|p2a: Kingambit
|-damage|p2a: Kingambit|0 fnt
|faint|p2a: Kingambit
|-end|p2a: Kingambit|fallen4|[silent]
|
|upkeep
|
|t:|1758972721
|switch|p2a: Raging Bolt|Raging Bolt, tera:Fairy|50/100
|turn|27
|inactive|seethemalldie has 30 seconds left.
|inactive|seethemalldie has 20 seconds left.
|inactive|seethemalldie has 15 seconds left.
|
|t:|1758972747
|-end|p1a: Nite|Quark Drive|[silent]
|switch|p1a: Berry|Ogerpon-Wellspring, F|13/100
|move|p2a: Raging Bolt|Thunderclap||[still]
|-fail|p2a: Raging Bolt
|
|upkeep
|turn|28
|inactive|seethemalldie has 25 seconds left this turn.
|inactive|seethemalldie has 20 seconds left.
|inactive|seethemalldie has 15 seconds left.
|
|t:|1758972757
|move|p2a: Raging Bolt|Thunderclap||[still]
|-fail|p2a: Raging Bolt
|move|p1a: Berry|Swords Dance|p1a: Berry
|-boost|p1a: Berry|atk|2
|
|upkeep
|turn|29
|inactive|seethemalldie has 25 seconds left this turn.
|inactive|seethemalldie has 20 seconds left.
|inactive|seethemalldie has 15 seconds left.
|
|t:|1758972772
|move|p2a: Raging Bolt|Thunderclap||[still]
|-fail|p2a: Raging Bolt
|move|p1a: Berry|Swords Dance|p1a: Berry
|-boost|p1a: Berry|atk|2
|
|upkeep
|turn|30
|inactive|seethemalldie has 25 seconds left this turn.
|inactive|seethemalldie has 20 seconds left.
|
|t:|1758972781
|move|p1a: Berry|Ivy Cudgel|p2a: Raging Bolt|[anim] Ivy Cudgel Water
|-damage|p2a: Raging Bolt|0 fnt
|faint|p2a: Raging Bolt
|-end|p2a: Raging Bolt|Protosynthesis|[silent]
|
|win|seethemalldie
|raw|seethemalldie's rating: 1364 &rarr; <strong>1387</strong><br />(+23 for winning)
|raw|Meaty and Doritos's rating: 1411 &rarr; <strong>1388</strong><br />(-23 for losing)
|c|☆seethemalldie|GG
|l|‽Meaty and Doritos
|player|p2|
