|j|☆apotato135
|j|☆GummyDeino
|t:|1759014331
|gametype|singles
|player|p1|apotato135|swimmer-gen4dp|1645
|player|p2|GummyDeino|2|1640
|gen|9
|tier|[Gen 9] OU
|rated|
|rule|HP Percentage Mod: HP is shown in percentages
|rule|Endless Battle Clause: Forcing endless battles is banned
|rule|Species Clause: Limit one of each Pokémon
|rule|OHKO Clause: OHKO moves are banned
|rule|Evasion Items Clause: Evasion items are banned
|rule|Evasion Moves Clause: Evasion moves are banned
|rule|Evasion Abilities Clause: Evasion abilities are banned
|rule|Sleep Moves Clause: Sleep-inducing moves are banned
|clearpoke
|poke|p1|Ninetales-Alola, M|
|poke|p1|Kyurem|
|poke|p1|Primeape, M|
|poke|p1|Enamorus, F|
|poke|p1|Moltres-Galar|
|poke|p1|Iron Treads|
|poke|p2|Indeedee, M|
|poke|p2|Hatterene, F|
|poke|p2|Ursaluna, F|
|poke|p2|Iron Hands|
|poke|p2|Hoopa-Unbound|
|poke|p2|Mimikyu, F|
|teampreview
|inactive|Battle timer is ON: inactive players will automatically lose when time's up. (requested by GummyDeino)
|
|t:|1759014352
|teamsize|p1|6
|teamsize|p2|6
|start
|switch|p1a: Iron Treads|Iron Treads|100/100
|switch|p2a: Catch These Hands|Iron Hands, shiny|100/100
|-enditem|p1a: Iron Treads|Booster Energy
|-activate|p1a: Iron Treads|ability: Quark Drive|[fromitem]
|-start|p1a: Iron Treads|quarkdrivespe
|-enditem|p2a: Catch These Hands|Booster Energy
|-activate|p2a: Catch These Hands|ability: Quark Drive|[fromitem]
|-start|p2a: Catch These Hands|quarkdriveatk
|turn|1
|
|t:|1759014364
|-terastallize|p1a: Iron Treads|Ghost
|move|p1a: Iron Treads|Stealth Rock|p2a: Catch These Hands
|-sidestart|p2: GummyDeino|move: Stealth Rock
|move|p2a: Catch These Hands|Close Combat|p1a: Iron Treads
|-immune|p1a: Iron Treads
|
|upkeep
|turn|2
|
|t:|1759014371
|move|p1a: Iron Treads|Earth Power|p2a: Catch These Hands
|-supereffective|p2a: Catch These Hands
|-damage|p2a: Catch These Hands|48/100
|-unboost|p2a: Catch These Hands|spd|1
|move|p2a: Catch These Hands|Supercell Slam|p1a: Iron Treads
|-damage|p1a: Iron Treads|32/100
|
|upkeep
|turn|3
|
|t:|1759014382
|-end|p2a: Catch These Hands|Quark Drive|[silent]
|switch|p2a: Ayo Doc Heal Me|Indeedee, M, shiny|100/100
|-damage|p2a: Ayo Doc Heal Me|88/100|[from] Stealth Rock
|-fieldstart|move: Psychic Terrain|[from] ability: Psychic Surge|[of] p2a: Ayo Doc Heal Me
|move|p1a: Iron Treads|Earth Power|p2a: Ayo Doc Heal Me
|-crit|p2a: Ayo Doc Heal Me
|-damage|p2a: Ayo Doc Heal Me|37/100
|
|upkeep
|turn|4
|
|t:|1759014391
|move|p1a: Iron Treads|Earth Power|p2a: Ayo Doc Heal Me
|-damage|p2a: Ayo Doc Heal Me|5/100
|move|p2a: Ayo Doc Heal Me|Expanding Force|p1a: Iron Treads
|-damage|p1a: Iron Treads|0 fnt
|faint|p1a: Iron Treads
|-end|p1a: Iron Treads|Quark Drive|[silent]
|
|upkeep
|
|t:|1759014406
|switch|p1a: Moltres|Moltres-Galar|100/100
|turn|5
|
|t:|1759014413
|move|p1a: Moltres|Nasty Plot|p1a: Moltres
|-boost|p1a: Moltres|spa|2
|move|p2a: Ayo Doc Heal Me|Trick Room|p2a: Ayo Doc Heal Me
|-fieldstart|move: Trick Room|[of] p2a: Ayo Doc Heal Me
|
|upkeep
|turn|6
|
|t:|1759014420
|move|p2a: Ayo Doc Heal Me|Encore|p1a: Moltres
|-start|p1a: Moltres|Encore
|move|p1a: Moltres|Nasty Plot|p1a: Moltres
|-boost|p1a: Moltres|spa|2
|
|upkeep
|turn|7
|
|t:|1759014426
|switch|p2a: Hattsune Miku|Hatterene, F, shiny|100/100
|-damage|p2a: Hattsune Miku|88/100|[from] Stealth Rock
|switch|p1a: Ninetales|Ninetales-Alola, M|100/100
|-weather|Snowscape|[from] ability: Snow Warning|[of] p1a: Ninetales
|
|-weather|Snowscape|[upkeep]
|upkeep
|turn|8
|
|t:|1759014434
|move|p2a: Hattsune Miku|Expanding Force|p1a: Ninetales
|-damage|p1a: Ninetales|0 fnt
|faint|p1a: Ninetales
|-damage|p2a: Hattsune Miku|78/100|[from] item: Life Orb
|
|-weather|Snowscape|[upkeep]
|upkeep
|
|t:|1759014444
|switch|p1a: Enamorus|Enamorus, F|100/100
|turn|9
|
|t:|1759014447
|switch|p1a: Moltres|Moltres-Galar|100/100
|move|p2a: Hattsune Miku|Expanding Force|p1a: Moltres
|-immune|p1a: Moltres
|
|-weather|Snowscape|[upkeep]
|-fieldend|move: Trick Room
|upkeep
|turn|10
|
|t:|1759014459
|move|p1a: Moltres|Nasty Plot|p1a: Moltres
|-boost|p1a: Moltres|spa|2
|move|p2a: Hattsune Miku|Trick Room|p2a: Hattsune Miku
|-fieldstart|move: Trick Room|[of] p2a: Hattsune Miku
|
|-weather|Snowscape|[upkeep]
|-fieldend|move: Psychic Terrain
|upkeep
|turn|11
|
|t:|1759014465
|-terastallize|p2a: Hattsune Miku|Stellar
|move|p2a: Hattsune Miku|Draining Kiss|p1a: Moltres
|-supereffective|p1a: Moltres
|-damage|p1a: Moltres|0 fnt
|-heal|p2a: Hattsune Miku|100/100|[from] drain|[of] p1a: Moltres
|faint|p1a: Moltres
|-damage|p2a: Hattsune Miku|91/100|[from] item: Life Orb
|
|-weather|none
|upkeep
|
|t:|1759014473
|switch|p1a: Primeape|Primeape, M|100/100
|turn|12
|
|t:|1759014476
|move|p2a: Hattsune Miku|Draining Kiss|p1a: Primeape
|-supereffective|p1a: Primeape
|-damage|p1a: Primeape|53/100
|-heal|p2a: Hattsune Miku|100/100|[from] drain|[of] p1a: Primeape
|-damage|p2a: Hattsune Miku|91/100|[from] item: Life Orb
|move|p1a: Primeape|Rage Fist|p2a: Hattsune Miku
|-supereffective|p2a: Hattsune Miku
|-damage|p2a: Hattsune Miku|38/100
|
|upkeep
|turn|13
|
|t:|1759014488
|switch|p2a: Mimi :3|Mimikyu, F, shiny|100/100
|-damage|p2a: Mimi :3|88/100|[from] Stealth Rock
|move|p1a: Primeape|Rage Fist|p2a: Mimi :3
|-activate|p2a: Mimi :3|ability: Disguise
|-damage|p2a: Mimi :3|88/100
|detailschange|p2a: Mimi :3|Mimikyu-Busted, F, shiny
|-damage|p2a: Mimi :3|76/100|[from] pokemon: Mimikyu-Busted
|-enditem|p2a: Mimi :3|Red Card|[of] p1a: Primeape
|drag|p1a: Enamorus|Enamorus, F|100/100
|
|upkeep
|turn|14
|
|t:|1759014502
|move|p2a: Mimi :3|Curse|p1a: Enamorus
|-start|p1a: Enamorus|Curse|[of] p2a: Mimi :3
|-damage|p2a: Mimi :3|26/100
|move|p1a: Enamorus|Moonblast|p2a: Mimi :3
|-damage|p2a: Mimi :3|0 fnt
|faint|p2a: Mimi :3
|
|-damage|p1a: Enamorus|76/100|[from] Curse
|-fieldend|move: Trick Room
|upkeep
|
|t:|1759014511
|switch|p2a: 5 Nights In TR|Ursaluna, F, shiny|100/100
|-damage|p2a: 5 Nights In TR|94/100|[from] Stealth Rock
|turn|15
|
|t:|1759014514
|move|p1a: Enamorus|Moonblast|p2a: 5 Nights In TR
|-damage|p2a: 5 Nights In TR|43/100
|move|p2a: 5 Nights In TR|Supercell Slam|p1a: Enamorus
|-supereffective|p1a: Enamorus
|-damage|p1a: Enamorus|0 fnt
|faint|p1a: Enamorus
|
|-status|p2a: 5 Nights In TR|brn|[from] item: Flame Orb
|upkeep
|
|t:|1759014518
|switch|p1a: Kyurem|Kyurem|100/100
|-ability|p1a: Kyurem|Pressure
|turn|16
|
|t:|1759014525
|move|p1a: Kyurem|Icicle Spear|p2a: 5 Nights In TR
|-supereffective|p2a: 5 Nights In TR
|-damage|p2a: 5 Nights In TR|22/100 brn
|-supereffective|p2a: 5 Nights In TR
|-damage|p2a: 5 Nights In TR|2/100 brn
|-supereffective|p2a: 5 Nights In TR
|-damage|p2a: 5 Nights In TR|0 fnt
|faint|p2a: 5 Nights In TR
|-hitcount|p2: 5 Nights In TR|3
|
|upkeep
|
|t:|1759014533
|switch|p2a: Sukuna|Hoopa-Unbound|100/100
|-damage|p2a: Sukuna|88/100|[from] Stealth Rock
|turn|17
|
|t:|1759014537
|move|p1a: Kyurem|Icicle Spear|p2a: Sukuna
|-damage|p2a: Sukuna|72/100
|-damage|p2a: Sukuna|57/100
|-damage|p2a: Sukuna|40/100
|-damage|p2a: Sukuna|22/100
|-damage|p2a: Sukuna|5/100
|-hitcount|p2a: Sukuna|5
|move|p2a: Sukuna|Trick Room|p2a: Sukuna
|-fieldstart|move: Trick Room|[of] p2a: Sukuna
|
|upkeep
|turn|18
|
|t:|1759014546
|move|p2a: Sukuna|Focus Blast|p1a: Kyurem
|-supereffective|p1a: Kyurem
|-damage|p1a: Kyurem|13/100
|move|p1a: Kyurem|Icicle Spear|p2a: Sukuna
|-damage|p2a: Sukuna|0 fnt
|faint|p2a: Sukuna
|-hitcount|p2: Sukuna|1
|
|upkeep
|
|t:|1759014554
|switch|p2a: Hattsune Miku|Hatterene, F, shiny, tera:Stellar|38/100
|-damage|p2a: Hattsune Miku|26/100|[from] Stealth Rock
|turn|19
|
|t:|1759014558
|move|p2a: Hattsune Miku|Draining Kiss|p1a: Kyurem
|-supereffective|p1a: Kyurem
|-damage|p1a: Kyurem|0 fnt
|-heal|p2a: Hattsune Miku|38/100|[from] drain|[of] p1a: Kyurem
|faint|p1a: Kyurem
|-damage|p2a: Hattsune Miku|28/100|[from] item: Life Orb
|
|upkeep
|
|t:|1759014560
|switch|p1a: Primeape|Primeape, M|53/100
|turn|20
|
|t:|1759014566
|move|p2a: Hattsune Miku|Expanding Force|p1a: Primeape
|-supereffective|p1a: Primeape
|-damage|p1a: Primeape|0 fnt
|faint|p1a: Primeape
|-damage|p2a: Hattsune Miku|18/100|[from] item: Life Orb
|
|win|GummyDeino
|raw|apotato135's rating: 1645 &rarr; <strong>1625</strong><br />(-20 for losing)
|raw|GummyDeino's rating: 1640 &rarr; <strong>1660</strong><br />(+20 for winning)
|l|☆apotato135
|player|p1|
|l|☆GummyDeino
|player|p2|
