|j|☆LocalMetagross
|j|☆KabangVGC
|t:|1758942034
|gametype|singles
|player|p1|LocalMetagross|akari|1145
|player|p2|KabangVGC|1|1161
|gen|9
|tier|[Gen 9] OU
|rated|
|rule|HP Percentage Mod: HP is shown in percentages
|rule|Endless Battle Clause: Forcing endless battles is banned
|rule|Species Clause: Limit one of each Pokémon
|rule|OHKO Clause: OHKO moves are banned
|rule|Evasion Items Clause: Evasion items are banned
|rule|Evasion Moves Clause: Evasion moves are banned
|rule|Evasion Abilities Clause: Evasion abilities are banned
|rule|Sleep Moves Clause: Sleep-inducing moves are banned
|clearpoke
|poke|p1|Kyurem|
|poke|p1|Slowking-Galar, F|
|poke|p1|Great Tusk|
|poke|p1|Kingambit, M|
|poke|p1|Rillaboom, M|
|poke|p1|Tornadus-Therian, M|
|poke|p2|Hatterene, F|
|poke|p2|Alomomola, M|
|poke|p2|Corviknight, F|
|poke|p2|Dragapult, F|
|poke|p2|Meowscarada, M|
|poke|p2|Clodsire, F|
|teampreview
|inactive|Battle timer is ON: inactive players will automatically lose when time's up. (requested by LocalMetagross)
|
|t:|1758942044
|teamsize|p1|6
|teamsize|p2|6
|start
|switch|p1a: Kyurem|Kyurem|100/100
|switch|p2a: Clodsire|Clodsire, F|100/100
|-ability|p1a: Kyurem|Pressure
|turn|1
|
|t:|1758942053
|move|p1a: Kyurem|Blizzard|p2a: Clodsire|[miss]
|-miss|p1a: Kyurem|p2a: Clodsire
|move|p2a: Clodsire|Toxic Spikes|p1a: Kyurem
|-sidestart|p1: LocalMetagross|move: Toxic Spikes
|
|upkeep
|turn|2
|inactive|KabangVGC has 120 seconds left.
|
|t:|1758942084
|switch|p2a: Alomomola|Alomomola, M, shiny|100/100
|move|p1a: Kyurem|Blizzard|p2a: Alomomola|[miss]
|-miss|p1a: Kyurem|p2a: Alomomola
|
|upkeep
|turn|3
|
|t:|1758942090
|move|p1a: Kyurem|Blizzard|p2a: Alomomola
|-resisted|p2a: Alomomola
|-crit|p2a: Alomomola
|-damage|p2a: Alomomola|24/100
|-status|p2a: Alomomola|frz
|-curestatus|p2a: Alomomola|frz|[from] move: Scald
|move|p2a: Alomomola|Scald|p1a: Kyurem
|-resisted|p1a: Kyurem
|-crit|p1a: Kyurem
|-damage|p1a: Kyurem|91/100
|-status|p1a: Kyurem|brn
|
|-heal|p2a: Alomomola|30/100|[from] item: Leftovers
|-damage|p1a: Kyurem|85/100 brn|[from] brn
|upkeep
|turn|4
|
|t:|1758942097
|move|p2a: Alomomola|Protect|p2a: Alomomola
|-singleturn|p2a: Alomomola|Protect
|move|p1a: Kyurem|Blizzard|p2a: Alomomola
|-activate|p2a: Alomomola|move: Protect
|
|-heal|p2a: Alomomola|36/100|[from] item: Leftovers
|-damage|p1a: Kyurem|79/100 brn|[from] brn
|upkeep
|turn|5
|
|t:|1758942115
|switch|p2a: Clodsire|Clodsire, F|100/100
|move|p1a: Kyurem|Blizzard|p2a: Clodsire
|-supereffective|p2a: Clodsire
|-damage|p2a: Clodsire|7/100
|
|-heal|p2a: Clodsire|14/100|[from] item: Leftovers
|-damage|p1a: Kyurem|73/100 brn|[from] brn
|upkeep
|turn|6
|
|t:|1758942121
|switch|p2a: Alomomola|Alomomola, M, shiny|69/100
|move|p1a: Kyurem|Blizzard|p2a: Alomomola
|-resisted|p2a: Alomomola
|-damage|p2a: Alomomola|9/100
|
|-heal|p2a: Alomomola|16/100|[from] item: Leftovers
|-damage|p1a: Kyurem|67/100 brn|[from] brn
|upkeep
|turn|7
|
|t:|1758942125
|move|p2a: Alomomola|Protect|p2a: Alomomola
|-singleturn|p2a: Alomomola|Protect
|move|p1a: Kyurem|Blizzard|p2a: Alomomola
|-activate|p2a: Alomomola|move: Protect
|
|-heal|p2a: Alomomola|22/100|[from] item: Leftovers
|-damage|p1a: Kyurem|61/100 brn|[from] brn
|upkeep
|turn|8
|
|t:|1758942135
|switch|p2a: Clodsire|Clodsire, F|14/100
|move|p1a: Kyurem|Blizzard|p2a: Clodsire
|-supereffective|p2a: Clodsire
|-damage|p2a: Clodsire|0 fnt
|faint|p2a: Clodsire
|
|-damage|p1a: Kyurem|54/100 brn|[from] brn
|upkeep
|
|t:|1758942139
|switch|p2a: Dragapult|Dragapult, F|100/100
|turn|9
|
|t:|1758942144
|switch|p1a: Tornadus|Tornadus-Therian, M|100/100
|move|p2a: Dragapult|Draco Meteor|p1a: Tornadus
|-damage|p1a: Tornadus|30/100
|-unboost|p2a: Dragapult|spa|2
|-damage|p2a: Dragapult|91/100|[from] item: Life Orb
|
|upkeep
|turn|10
|
|t:|1758942169
|switch|p1a: Kingambit|Kingambit, M|100/100
|move|p2a: Dragapult|Thunderbolt|p1a: Kingambit
|-damage|p1a: Kingambit|82/100
|-damage|p2a: Dragapult|81/100|[from] item: Life Orb
|
|-heal|p1a: Kingambit|89/100|[from] item: Leftovers
|upkeep
|turn|11
|
|t:|1758942178
|switch|p2a: Alomomola|Alomomola, M, shiny|55/100
|move|p1a: Kingambit|Swords Dance|p1a: Kingambit
|-boost|p1a: Kingambit|atk|2
|
|-heal|p2a: Alomomola|61/100|[from] item: Leftovers
|-heal|p1a: Kingambit|95/100|[from] item: Leftovers
|upkeep
|turn|12
|
|t:|1758942182
|move|p2a: Alomomola|Scald|p1a: Kingambit
|-damage|p1a: Kingambit|82/100
|move|p1a: Kingambit|Kowtow Cleave|p2a: Alomomola
|-damage|p2a: Alomomola|11/100
|
|-heal|p2a: Alomomola|18/100|[from] item: Leftovers
|-heal|p1a: Kingambit|88/100|[from] item: Leftovers
|upkeep
|turn|13
|
|t:|1758942196
|move|p2a: Alomomola|Protect|p2a: Alomomola
|-singleturn|p2a: Alomomola|Protect
|move|p1a: Kingambit|Iron Head|p2a: Alomomola
|-activate|p2a: Alomomola|move: Protect
|
|-heal|p2a: Alomomola|24/100|[from] item: Leftovers
|-heal|p1a: Kingambit|95/100|[from] item: Leftovers
|upkeep
|turn|14
|
|t:|1758942201
|move|p2a: Alomomola|Scald|p1a: Kingambit
|-damage|p1a: Kingambit|82/100
|move|p1a: Kingambit|Iron Head|p2a: Alomomola
|-resisted|p2a: Alomomola
|-crit|p2a: Alomomola
|-damage|p2a: Alomomola|0 fnt
|faint|p2a: Alomomola
|
|-heal|p1a: Kingambit|88/100|[from] item: Leftovers
|upkeep
|
|t:|1758942204
|switch|p2a: Corviknight|Corviknight, F, shiny|100/100
|turn|15
|
|t:|1758942208
|-terastallize|p1a: Kingambit|Flying
|move|p2a: Corviknight|Body Press|p1a: Kingambit
|-resisted|p1a: Kingambit
|-damage|p1a: Kingambit|78/100
|move|p1a: Kingambit|Kowtow Cleave|p2a: Corviknight
|-damage|p2a: Corviknight|46/100
|-damage|p1a: Kingambit|62/100|[from] item: Rocky Helmet|[of] p2a: Corviknight
|
|-heal|p1a: Kingambit|68/100|[from] item: Leftovers
|upkeep
|turn|16
|l|☆KabangVGC
|inactive|KabangVGC disconnected and has a minute to reconnect!
|player|p2|
|inactive|KabangVGC has 30 seconds to reconnect!
|j|☆KabangVGC
|inactive|KabangVGC reconnected and has 90 seconds left.
|player|p2|KabangVGC|1|
|
|t:|1758942275
|move|p2a: Corviknight|Body Press|p1a: Kingambit
|-resisted|p1a: Kingambit
|-damage|p1a: Kingambit|59/100
|move|p1a: Kingambit|Swords Dance|p1a: Kingambit
|-boost|p1a: Kingambit|atk|2
|
|-heal|p1a: Kingambit|65/100|[from] item: Leftovers
|upkeep
|turn|17
|
|t:|1758942279
|move|p2a: Corviknight|Brave Bird|p1a: Kingambit
|-damage|p1a: Kingambit|36/100
|-damage|p2a: Corviknight|36/100|[from] Recoil
|move|p1a: Kingambit|Swords Dance|p1a: Kingambit
|-boost|p1a: Kingambit|atk|2
|
|-heal|p1a: Kingambit|42/100|[from] item: Leftovers
|upkeep
|turn|18
|
|t:|1758942288
|move|p1a: Kingambit|Sucker Punch||[still]
|-fail|p1a: Kingambit
|move|p2a: Corviknight|Roost|p2a: Corviknight
|-heal|p2a: Corviknight|86/100
|-singleturn|p2a: Corviknight|move: Roost
|
|-heal|p1a: Kingambit|49/100|[from] item: Leftovers
|upkeep
|turn|19
|
|t:|1758942292
|move|p1a: Kingambit|Sucker Punch|p2a: Corviknight
|-damage|p2a: Corviknight|0 fnt
|-damage|p1a: Kingambit|32/100|[from] item: Rocky Helmet|[of] p2a: Corviknight
|faint|p2a: Corviknight
|
|-heal|p1a: Kingambit|38/100|[from] item: Leftovers
|upkeep
|
|t:|1758942309
|switch|p2a: Meowscarada|Meowscarada, M|100/100
|turn|20
|
|t:|1758942315
|move|p1a: Kingambit|Sucker Punch|p2a: Meowscarada
|-resisted|p2a: Meowscarada
|-damage|p2a: Meowscarada|0 fnt
|faint|p2a: Meowscarada
|
|-heal|p1a: Kingambit|44/100|[from] item: Leftovers
|upkeep
|
|t:|1758942325
|switch|p2a: Dragapult|Dragapult, F|81/100
|turn|21
|
|t:|1758942333
|-terastallize|p2a: Dragapult|Dragon
|move|p1a: Kingambit|Sucker Punch|p2a: Dragapult
|-damage|p2a: Dragapult|0 fnt
|faint|p2a: Dragapult
|
|-heal|p1a: Kingambit|51/100|[from] item: Leftovers
|upkeep
|
|t:|1758942337
|switch|p2a: Hatterene|Hatterene, F|100/100
|turn|22
|
|t:|1758942342
|move|p1a: Kingambit|Iron Head|p2a: Hatterene
|-supereffective|p2a: Hatterene
|-damage|p2a: Hatterene|0 fnt
|faint|p2a: Hatterene
|
|win|LocalMetagross
|raw|LocalMetagross's rating: 1145 &rarr; <strong>1171</strong><br />(+26 for winning)
|raw|KabangVGC's rating: 1161 &rarr; <strong>1135</strong><br />(-26 for losing)
