|j|☆ToyotaRizzuki
|j|☆DaddyBlox
|t:|1758963003
|gametype|singles
|player|p1|ToyotaRizzuki|policeman-gen4|1304
|player|p2|DaddyBlox|gentleman-gen4|1245
|gen|9
|tier|[Gen 9] OU
|rated|
|rule|HP Percentage Mod: HP is shown in percentages
|rule|Endless Battle Clause: Forcing endless battles is banned
|rule|Species Clause: Limit one of each Pokémon
|rule|OHKO Clause: OHKO moves are banned
|rule|Evasion Items Clause: Evasion items are banned
|rule|Evasion Moves Clause: Evasion moves are banned
|rule|Evasion Abilities Clause: Evasion abilities are banned
|rule|Sleep Moves Clause: Sleep-inducing moves are banned
|clearpoke
|poke|p1|Indeedee, M|
|poke|p1|Hatterene, F|
|poke|p1|Ursaluna, F|
|poke|p1|Mimikyu, M|
|poke|p1|Hoopa-Unbound|
|poke|p1|Iron Hands|
|poke|p2|Maushold|
|poke|p2|Hydreigon, M|
|poke|p2|Rotom-Heat|
|poke|p2|Gholdengo|
|poke|p2|Gliscor, M|
|poke|p2|Kyurem|
|teampreview
|inactive|Battle timer is ON: inactive players will automatically lose when time's up. (requested by DaddyBlox)
|
|t:|1758963018
|teamsize|p1|6
|teamsize|p2|6
|start
|switch|p1a: Iron Hands|Iron Hands|100/100
|switch|p2a: Gliscor|Gliscor, M, shiny|100/100
|-enditem|p1a: Iron Hands|Booster Energy
|-activate|p1a: Iron Hands|ability: Quark Drive|[fromitem]
|-start|p1a: Iron Hands|quarkdriveatk
|turn|1
|
|t:|1758963025
|move|p2a: Gliscor|Toxic|p1a: Iron Hands|[miss]
|-miss|p2a: Gliscor|p1a: Iron Hands
|move|p1a: Iron Hands|Ice Punch|p2a: Gliscor
|-supereffective|p2a: Gliscor
|-damage|p2a: Gliscor|0 fnt
|faint|p2a: Gliscor
|
|upkeep
|
|t:|1758963038
|switch|p2a: Gholdengo|Gholdengo, shiny|100/100
|turn|2
|
|t:|1758963047
|-end|p1a: Iron Hands|Quark Drive|[silent]
|switch|p1a: Indeedee|Indeedee, M, shiny|100/100
|-fieldstart|move: Psychic Terrain|[from] ability: Psychic Surge|[of] p1a: Indeedee
|move|p2a: Gholdengo|Nasty Plot|p2a: Gholdengo
|-boost|p2a: Gholdengo|spa|2
|
|upkeep
|turn|3
|
|t:|1758963055
|move|p2a: Gholdengo|Shadow Ball|p1a: Indeedee
|-immune|p1a: Indeedee
|move|p1a: Indeedee|Trick Room|p1a: Indeedee
|-fieldstart|move: Trick Room|[of] p1a: Indeedee
|
|upkeep
|turn|4
|
|t:|1758963064
|move|p2a: Gholdengo|Make It Rain|p1a: Indeedee
|-damage|p1a: Indeedee|0 fnt
|-unboost|p2a: Gholdengo|spa|1
|faint|p1a: Indeedee
|
|upkeep
|
|t:|1758963071
|switch|p1a: Ursaluna|Ursaluna, F, shiny|100/100
|turn|5
|
|t:|1758963079
|switch|p2a: Rotom|Rotom-Heat, shiny|100/100
|move|p1a: Ursaluna|Headlong Rush|p2a: Rotom
|-immune|p2a: Rotom|[from] ability: Levitate
|
|-status|p1a: Ursaluna|brn|[from] item: Flame Orb
|upkeep
|turn|6
|
|t:|1758963089
|move|p1a: Ursaluna|Facade|p2a: Rotom
|-damage|p2a: Rotom|0 fnt
|faint|p2a: Rotom
|
|-damage|p1a: Ursaluna|94/100 brn|[from] brn
|upkeep
|
|t:|1758963094
|switch|p2a: Maushold|Maushold, shiny|100/100
|turn|7
|
|t:|1758963099
|-terastallize|p2a: Maushold|Ghost
|move|p1a: Ursaluna|Facade|p2a: Maushold
|-immune|p2a: Maushold
|move|p2a: Maushold|Tidy Up|p2a: Maushold
|-boost|p2a: Maushold|atk|1
|-boost|p2a: Maushold|spe|1
|
|-damage|p1a: Ursaluna|88/100 brn|[from] brn
|-fieldend|move: Trick Room
|upkeep
|turn|8
|
|t:|1758963108
|move|p2a: Maushold|Population Bomb|p1a: Ursaluna
|-damage|p1a: Ursaluna|77/100 brn
|-damage|p1a: Ursaluna|66/100 brn
|-damage|p1a: Ursaluna|53/100 brn
|-damage|p1a: Ursaluna|41/100 brn
|-damage|p1a: Ursaluna|29/100 brn
|-crit|p1a: Ursaluna
|-damage|p1a: Ursaluna|12/100 brn
|-damage|p1a: Ursaluna|0 fnt
|faint|p1a: Ursaluna
|-hitcount|p1: Ursaluna|7
|
|upkeep
|
|t:|1758963111
|switch|p1a: Mimikyu|Mimikyu, M, shiny|100/100
|turn|9
|
|t:|1758963117
|switch|p2a: Gholdengo|Gholdengo, shiny|100/100
|move|p1a: Mimikyu|Trick Room|p1a: Mimikyu
|-fieldstart|move: Trick Room|[of] p1a: Mimikyu
|
|-fieldend|move: Psychic Terrain
|upkeep
|turn|10
|
|t:|1758963121
|switch|p1a: Hoopa|Hoopa-Unbound|100/100
|move|p2a: Gholdengo|Make It Rain|p1a: Hoopa
|-damage|p1a: Hoopa|50/100
|-unboost|p2a: Gholdengo|spa|1
|
|upkeep
|turn|11
|
|t:|1758963127
|move|p1a: Hoopa|Focus Blast|p2a: Gholdengo
|-immune|p2a: Gholdengo
|move|p2a: Gholdengo|Make It Rain|p1a: Hoopa
|-damage|p1a: Hoopa|15/100
|-unboost|p2a: Gholdengo|spa|1
|
|upkeep
|turn|12
|
|t:|1758963135
|move|p1a: Hoopa|Hyperspace Fury|p2a: Gholdengo
|-supereffective|p2a: Gholdengo
|-crit|p2a: Gholdengo
|-damage|p2a: Gholdengo|0 fnt
|-unboost|p1a: Hoopa|def|1
|faint|p2a: Gholdengo
|
|upkeep
|
|t:|1758963142
|switch|p2a: Maushold|Maushold, shiny, tera:Ghost|100/100
|turn|13
|
|t:|1758963145
|move|p1a: Hoopa|Hyperspace Fury|p2a: Maushold
|-supereffective|p2a: Maushold
|-damage|p2a: Maushold|0 fnt
|-unboost|p1a: Hoopa|def|1
|faint|p2a: Maushold
|
|-fieldend|move: Trick Room
|upkeep
|-message|DaddyBlox forfeited.
|
|win|ToyotaRizzuki
|raw|ToyotaRizzuki's rating: 1304 &rarr; <strong>1321</strong><br />(+17 for winning)
|raw|DaddyBlox's rating: 1245 &rarr; <strong>1224</strong><br />(-21 for losing)
|l|☆DaddyBlox
|player|p2|
|l|☆ToyotaRizzuki
|player|p1|
