|j|☆Lhermee999
|j|☆klane middleton
|t:|1758920501
|gametype|singles
|player|p1|Lhermee999|acetrainerf-gen6xy|1050
|player|p2|klane middleton|hiker-gen4|1093
|gen|9
|tier|[Gen 9] OU
|rated|
|rule|HP Percentage Mod: HP is shown in percentages
|rule|Endless Battle Clause: Forcing endless battles is banned
|rule|Species Clause: Limit one of each Pokémon
|rule|OHKO Clause: OHKO moves are banned
|rule|Evasion Items Clause: Evasion items are banned
|rule|Evasion Moves Clause: Evasion moves are banned
|rule|Evasion Abilities Clause: Evasion abilities are banned
|rule|Sleep Moves Clause: Sleep-inducing moves are banned
|clearpoke
|poke|p1|Slowbro-Galar, M|
|poke|p1|Mamoswine, M|
|poke|p1|Hawlucha, M|
|poke|p1|Raichu, F|
|poke|p1|Sawsbuck-Winter, F|
|poke|p1|Illumise, F|
|poke|p2|Tyranitar, M|
|poke|p2|Excadrill, F|
|poke|p2|Primarina, M|
|poke|p2|Skarmory, M|
|teampreview
|
|t:|1758920504
|teamsize|p1|6
|teamsize|p2|4
|start
|switch|p1a: Slowbro|Slowbro-Galar, M|100/100
|switch|p2a: Tyranitar|Tyranitar, M|100/100
|-weather|Sandstorm|[from] ability: Sand Stream|[of] p2a: Tyranitar
|turn|1
|
|t:|1758920512
|move|p2a: Tyranitar|Stealth Rock|p1a: Slowbro
|-sidestart|p1: Lhermee999|move: Stealth Rock
|move|p1a: Slowbro|Nasty Plot|p1a: Slowbro
|-boost|p1a: Slowbro|spa|2
|
|-weather|Sandstorm|[upkeep]
|-damage|p1a: Slowbro|94/100|[from] Sandstorm
|upkeep
|turn|2
|
|t:|1758920520
|move|p2a: Tyranitar|Knock Off|p1a: Slowbro
|-supereffective|p1a: Slowbro
|-damage|p1a: Slowbro|15/100
|-enditem|p1a: Slowbro|Quick Claw|[from] move: Knock Off|[of] p2a: Tyranitar
|move|p1a: Slowbro|Flamethrower|p2a: Tyranitar
|-resisted|p2a: Tyranitar
|-damage|p2a: Tyranitar|88/100
|
|-weather|Sandstorm|[upkeep]
|-damage|p1a: Slowbro|9/100|[from] Sandstorm
|upkeep
|turn|3
|
|t:|1758920529
|move|p2a: Tyranitar|Knock Off|p1a: Slowbro
|-supereffective|p1a: Slowbro
|-damage|p1a: Slowbro|0 fnt
|faint|p1a: Slowbro
|
|-weather|Sandstorm|[upkeep]
|upkeep
|
|t:|1758920536
|switch|p1a: Mamoswine|Mamoswine, M|100/100
|-damage|p1a: Mamoswine|88/100|[from] Stealth Rock
|turn|4
|
|t:|1758920539
|switch|p2a: Skarmory|Skarmory, M|100/100
|move|p1a: Mamoswine|Earthquake|p2a: Skarmory
|-immune|p2a: Skarmory
|
|-weather|Sandstorm|[upkeep]
|upkeep
|turn|5
|
|t:|1758920544
|switch|p1a: Raichu|Raichu, F|100/100
|-damage|p1a: Raichu|88/100|[from] Stealth Rock
|move|p2a: Skarmory|Spikes|p1a: Raichu
|-sidestart|p1: Lhermee999|Spikes
|
|-weather|Sandstorm|[upkeep]
|-damage|p1a: Raichu|82/100|[from] Sandstorm
|upkeep
|turn|6
|
|t:|1758920550
|switch|p2a: Excadrill|Excadrill, F|100/100
|move|p1a: Raichu|Nasty Plot|p1a: Raichu
|-boost|p1a: Raichu|spa|2
|
|-weather|Sandstorm|[upkeep]
|-damage|p1a: Raichu|76/100|[from] Sandstorm
|upkeep
|turn|7
|
|t:|1758920558
|move|p2a: Excadrill|Earthquake|p1a: Raichu
|-supereffective|p1a: Raichu
|-damage|p1a: Raichu|0 fnt
|faint|p1a: Raichu
|-damage|p2a: Excadrill|91/100|[from] item: Life Orb
|
|-weather|Sandstorm|[upkeep]
|upkeep
|
|t:|1758920563
|switch|p1a: Sawsbuck|Sawsbuck-Winter, F|100/100
|-damage|p1a: Sawsbuck|88/100|[from] Stealth Rock
|-damage|p1a: Sawsbuck|76/100|[from] Spikes
|turn|8
|
|t:|1758920570
|switch|p2a: Skarmory|Skarmory, M|100/100
|move|p1a: Sawsbuck|Horn Leech|p2a: Skarmory
|-resisted|p2a: Skarmory
|-damage|p2a: Skarmory|92/100
|-heal|p1a: Sawsbuck|81/100|[from] drain|[of] p2a: Skarmory
|-damage|p1a: Sawsbuck|71/100|[from] item: Life Orb
|
|-weather|none
|-heal|p2a: Skarmory|98/100|[from] item: Leftovers
|upkeep
|turn|9
|
|t:|1758920575
|move|p1a: Sawsbuck|Double-Edge|p2a: Skarmory
|-resisted|p2a: Skarmory
|-damage|p2a: Skarmory|68/100
|-damage|p1a: Sawsbuck|60/100|[from] Recoil
|-damage|p1a: Sawsbuck|50/100|[from] item: Life Orb
|move|p2a: Skarmory|Spikes|p1a: Sawsbuck
|-sidestart|p1: Lhermee999|Spikes
|
|-heal|p2a: Skarmory|74/100|[from] item: Leftovers
|upkeep
|turn|10
|
|t:|1758920582
|move|p1a: Sawsbuck|Swords Dance|p1a: Sawsbuck
|-boost|p1a: Sawsbuck|atk|2
|move|p2a: Skarmory|Spikes|p1a: Sawsbuck
|-sidestart|p1: Lhermee999|Spikes
|
|-heal|p2a: Skarmory|80/100|[from] item: Leftovers
|upkeep
|turn|11
|
|t:|1758920587
|move|p1a: Sawsbuck|Double-Edge|p2a: Skarmory
|-resisted|p2a: Skarmory
|-damage|p2a: Skarmory|22/100
|-damage|p1a: Sawsbuck|29/100|[from] Recoil
|-damage|p1a: Sawsbuck|19/100|[from] item: Life Orb
|move|p2a: Skarmory|Iron Defense|p2a: Skarmory
|-boost|p2a: Skarmory|def|2
|
|-heal|p2a: Skarmory|28/100|[from] item: Leftovers
|upkeep
|turn|12
|
|t:|1758920596
|move|p1a: Sawsbuck|Double-Edge|p2a: Skarmory
|-resisted|p2a: Skarmory
|-damage|p2a: Skarmory|2/100
|-damage|p1a: Sawsbuck|9/100|[from] Recoil
|-damage|p1a: Sawsbuck|0 fnt|[from] item: Life Orb
|faint|p1a: Sawsbuck
|move|p2a: Skarmory|Roost|p2a: Skarmory
|-heal|p2a: Skarmory|52/100
|-singleturn|p2a: Skarmory|move: Roost
|
|-heal|p2a: Skarmory|58/100|[from] item: Leftovers
|upkeep
|
|t:|1758920601
|switch|p1a: Mamoswine|Mamoswine, M|88/100
|-damage|p1a: Mamoswine|76/100|[from] Stealth Rock
|-damage|p1a: Mamoswine|51/100|[from] Spikes
|turn|13
|
|t:|1758920614
|move|p1a: Mamoswine|Icicle Crash|p2a: Skarmory
|-damage|p2a: Skarmory|30/100
|move|p2a: Skarmory|Body Press|p1a: Mamoswine
|-supereffective|p1a: Mamoswine
|-damage|p1a: Mamoswine|0 fnt
|faint|p1a: Mamoswine
|
|-heal|p2a: Skarmory|36/100|[from] item: Leftovers
|upkeep
|
|t:|1758920617
|switch|p1a: Illumise|Illumise, F|100/100
|-damage|p1a: Illumise|76/100|[from] Stealth Rock
|-damage|p1a: Illumise|51/100|[from] Spikes
|turn|14
|
|t:|1758920626
|switch|p2a: Tyranitar|Tyranitar, M|88/100
|-weather|Sandstorm|[from] ability: Sand Stream|[of] p2a: Tyranitar
|move|p1a: Illumise|Rain Dance|p1a: Illumise
|-weather|RainDance
|
|-weather|RainDance|[upkeep]
|upkeep
|turn|15
|
|t:|1758920636
|move|p1a: Illumise|U-turn|p2a: Tyranitar
|-supereffective|p2a: Tyranitar
|-damage|p2a: Tyranitar|68/100
|
|t:|1758920638
|switch|p1a: Hawlucha|Hawlucha, M|100/100|[from] U-turn
|-damage|p1a: Hawlucha|88/100|[from] Stealth Rock
|move|p2a: Tyranitar|Thunder Wave|p1a: Hawlucha
|-status|p1a: Hawlucha|par
|
|-weather|RainDance|[upkeep]
|upkeep
|turn|16
|
|t:|1758920649
|switch|p2a: Skarmory|Skarmory, M|36/100
|move|p1a: Hawlucha|Close Combat|p2a: Skarmory
|-damage|p2a: Skarmory|0 fnt
|-unboost|p1a: Hawlucha|def|1
|-unboost|p1a: Hawlucha|spd|1
|faint|p2a: Skarmory
|-enditem|p1a: Hawlucha|White Herb
|-clearnegativeboost|p1a: Hawlucha|[silent]
|
|-weather|RainDance|[upkeep]
|upkeep
|
|t:|1758920654
|switch|p2a: Tyranitar|Tyranitar, M|68/100
|-weather|Sandstorm|[from] ability: Sand Stream|[of] p2a: Tyranitar
|turn|17
|
|t:|1758920661
|switch|p2a: Primarina|Primarina, M|100/100
|-terastallize|p1a: Hawlucha|Fighting
|move|p1a: Hawlucha|Close Combat|p2a: Primarina
|-resisted|p2a: Primarina
|-damage|p2a: Primarina|53/100
|-unboost|p1a: Hawlucha|def|1
|-unboost|p1a: Hawlucha|spd|1
|
|-weather|Sandstorm|[upkeep]
|-damage|p1a: Hawlucha|82/100 par|[from] Sandstorm
|-damage|p2a: Primarina|47/100|[from] Sandstorm
|upkeep
|turn|18
|
|t:|1758920672
|move|p1a: Hawlucha|Thunder Punch|p2a: Primarina
|-supereffective|p2a: Primarina
|-damage|p2a: Primarina|0 fnt
|faint|p2a: Primarina
|
|-weather|Sandstorm|[upkeep]
|-damage|p1a: Hawlucha|76/100 par|[from] Sandstorm
|upkeep
|
|t:|1758920675
|switch|p2a: Excadrill|Excadrill, F|91/100
|turn|19
|
|t:|1758920682
|-terastallize|p2a: Excadrill|Ground
|move|p2a: Excadrill|Earthquake|p1a: Hawlucha
|-damage|p1a: Hawlucha|0 fnt
|faint|p1a: Hawlucha
|-damage|p2a: Excadrill|81/100|[from] item: Life Orb
|
|-weather|Sandstorm|[upkeep]
|upkeep
|
|t:|1758920686
|switch|p1a: Illumise|Illumise, F|51/100
|-damage|p1a: Illumise|26/100|[from] Stealth Rock
|-damage|p1a: Illumise|1/100|[from] Spikes
|turn|20
|
|t:|1758920688
|move|p2a: Excadrill|Rapid Spin|p1a: Illumise
|-damage|p1a: Illumise|0 fnt
|-boost|p2a: Excadrill|spe|1
|faint|p1a: Illumise
|-damage|p2a: Excadrill|71/100|[from] item: Life Orb
|
|win|klane middleton
|raw|Lhermee999's rating: 1050 &rarr; <strong>1035</strong><br />(-15 for losing)
|raw|klane middleton's rating: 1093 &rarr; <strong>1116</strong><br />(+23 for winning)
|l|☆Lhermee999
|player|p1|
|l|☆klane middleton
|player|p2|
