|j|☆Rabzzz
|j|☆vivek1245s
|t:|1758945795
|gametype|singles
|player|p1|Rabzzz|#mwpvimurkrows|1607
|player|p2|vivek1245s|aromalady|1554
|gen|9
|tier|[Gen 9] OU
|rated|
|rule|HP Percentage Mod: HP is shown in percentages
|rule|Endless Battle Clause: Forcing endless battles is banned
|rule|Species Clause: Limit one of each Pokémon
|rule|OHKO Clause: OHKO moves are banned
|rule|Evasion Items Clause: Evasion items are banned
|rule|Evasion Moves Clause: Evasion moves are banned
|rule|Evasion Abilities Clause: Evasion abilities are banned
|rule|Sleep Moves Clause: Sleep-inducing moves are banned
|clearpoke
|poke|p1|Alomomola, M|
|poke|p1|Hoopa-Unbound|
|poke|p1|Pecharunt|
|poke|p1|Iron Treads|
|poke|p1|Zapdos|
|poke|p1|Ogerpon, F|
|poke|p2|Rillaboom, F|
|poke|p2|Ursaluna, F|
|poke|p2|Raging Bolt|
|poke|p2|Enamorus, F|
|poke|p2|Great Tusk|
|poke|p2|Iron Crown|
|teampreview
|
|t:|1758945820
|teamsize|p1|6
|teamsize|p2|6
|start
|switch|p1a: Zapdos|Zapdos|100/100
|switch|p2a: Rillaboom|Rillaboom, F|100/100
|-fieldstart|move: Grassy Terrain|[from] ability: Grassy Surge|[of] p2a: Rillaboom
|turn|1
|
|t:|1758945833
|switch|p2a: Ursaluna|Ursaluna, F|100/100
|move|p1a: Zapdos|Heat Wave|p2a: Ursaluna
|-damage|p2a: Ursaluna|83/100
|
|-heal|p2a: Ursaluna|89/100|[from] Grassy Terrain
|-heal|p2a: Ursaluna|95/100|[from] item: Leftovers
|upkeep
|turn|2
|
|t:|1758945860
|move|p1a: Zapdos|Hurricane|p2a: Ursaluna
|-damage|p2a: Ursaluna|65/100
|move|p2a: Ursaluna|Bulk Up|p2a: Ursaluna
|-boost|p2a: Ursaluna|atk|1
|-boost|p2a: Ursaluna|def|1
|
|-heal|p2a: Ursaluna|71/100|[from] Grassy Terrain
|-heal|p2a: Ursaluna|77/100|[from] item: Leftovers
|upkeep
|turn|3
|
|t:|1758945877
|switch|p1a: Alomomola|Alomomola, M|100/100
|move|p2a: Ursaluna|Protect||[still]
|-fail|p2a: Ursaluna
|
|-heal|p2a: Ursaluna|83/100|[from] Grassy Terrain
|-heal|p2a: Ursaluna|89/100|[from] item: Leftovers
|upkeep
|turn|4
|
|t:|1758945895
|move|p2a: Ursaluna|Protect|p2a: Ursaluna
|-singleturn|p2a: Ursaluna|Protect
|move|p1a: Alomomola|Flip Turn|p2a: Ursaluna
|-activate|p2a: Ursaluna|move: Protect
|
|-heal|p2a: Ursaluna|95/100|[from] Grassy Terrain
|-heal|p2a: Ursaluna|100/100|[from] item: Leftovers
|upkeep
|turn|5
|
|t:|1758945907
|move|p2a: Ursaluna|Bulk Up|p2a: Ursaluna
|-boost|p2a: Ursaluna|atk|1
|-boost|p2a: Ursaluna|def|1
|move|p1a: Alomomola|Flip Turn|p2a: Ursaluna
|-supereffective|p2a: Ursaluna
|-damage|p2a: Ursaluna|88/100
|
|t:|1758945925
|switch|p1a: Ogerpon|Ogerpon, F|100/100|[from] Flip Turn
|
|-heal|p2a: Ursaluna|94/100|[from] Grassy Terrain
|-heal|p2a: Ursaluna|100/100|[from] item: Leftovers
|-fieldend|move: Grassy Terrain
|upkeep
|turn|6
|
|t:|1758945938
|-terastallize|p2a: Ursaluna|Poison
|move|p1a: Ogerpon|Encore|p2a: Ursaluna
|-start|p2a: Ursaluna|Encore
|move|p2a: Ursaluna|Bulk Up|p2a: Ursaluna
|-boost|p2a: Ursaluna|atk|1
|-boost|p2a: Ursaluna|def|1
|
|upkeep
|turn|7
|
|t:|1758945947
|move|p1a: Ogerpon|Swords Dance|p1a: Ogerpon
|-boost|p1a: Ogerpon|atk|2
|move|p2a: Ursaluna|Bulk Up|p2a: Ursaluna
|-boost|p2a: Ursaluna|atk|1
|-boost|p2a: Ursaluna|def|1
|
|upkeep
|turn|8
|
|t:|1758945955
|switch|p2a: Enamorus|Enamorus, F|100/100
|move|p1a: Ogerpon|Swords Dance|p1a: Ogerpon
|-boost|p1a: Ogerpon|atk|2
|
|upkeep
|turn|9
|
|t:|1758945980
|-terastallize|p1a: Ogerpon|Grass
|detailschange|p1a: Ogerpon|Ogerpon-Teal-Tera, F, tera:Grass
|-ability|p1a: Ogerpon|Embody Aspect (Teal)|boost
|-boost|p1a: Ogerpon|spe|1
|move|p1a: Ogerpon|Ivy Cudgel|p2a: Enamorus
|-resisted|p2a: Enamorus
|-damage|p2a: Enamorus|0 fnt
|faint|p2a: Enamorus
|
|upkeep
|-message|vivek1245s forfeited.
|
|win|Rabzzz
|raw|Rabzzz's rating: 1607 &rarr; <strong>1624</strong><br />(+17 for winning)
|raw|vivek1245s's rating: 1554 &rarr; <strong>1537</strong><br />(-17 for losing)
|c|☆Rabzzz|gg
|l|☆Rabzzz
|player|p1|
