|j|☆birbirb
|j|☆nicolandria12
|t:|1759035423
|gametype|singles
|player|p1|birbirb|pokemaniac|1563
|player|p2|nicolandria12|266|1535
|gen|9
|tier|[Gen 9] OU
|rated|
|rule|HP Percentage Mod: HP is shown in percentages
|rule|Endless Battle Clause: Forcing endless battles is banned
|rule|Species Clause: Limit one of each Pokémon
|rule|OHKO Clause: OHKO moves are banned
|rule|Evasion Items Clause: Evasion items are banned
|rule|Evasion Moves Clause: Evasion moves are banned
|rule|Evasion Abilities Clause: Evasion abilities are banned
|rule|Sleep Moves Clause: Sleep-inducing moves are banned
|clearpoke
|poke|p1|Landorus-Therian, M|
|poke|p1|Zamazenta-*|
|poke|p1|Pecharunt|
|poke|p1|Samurott-Hisui, M|
|poke|p1|Latios, M|
|poke|p1|Scizor, M|
|poke|p2|Moltres|
|poke|p2|Ogerpon-Wellspring, F|
|poke|p2|Iron Treads|
|poke|p2|Slowking-Galar, M|
|poke|p2|Zamazenta-*|
|poke|p2|Clefable, M|
|teampreview
|inactive|Battle timer is ON: inactive players will automatically lose when time's up. (requested by nicolandria12)
|
|t:|1759035435
|teamsize|p1|6
|teamsize|p2|6
|start
|switch|p1a: Landorus|Landorus-Therian, M|100/100
|switch|p2a: Clefable|Clefable, M|100/100
|-ability|p1a: Landorus|Intimidate|boost
|-unboost|p2a: Clefable|atk|1
|turn|1
|
|t:|1759035444
|move|p1a: Landorus|Stealth Rock|p2a: Clefable
|-sidestart|p2: nicolandria12|move: Stealth Rock
|move|p2a: Clefable|Stealth Rock|p1a: Landorus
|-sidestart|p1: birbirb|move: Stealth Rock
|
|upkeep
|turn|2
|
|t:|1759035451
|move|p1a: Landorus|Earthquake|p2a: Clefable
|-damage|p2a: Clefable|45/100
|move|p2a: Clefable|Moonblast|p1a: Landorus
|-damage|p1a: Landorus|53/100
|
|upkeep
|turn|3
|
|t:|1759035461
|switch|p2a: Moltres|Moltres|100/100
|move|p1a: Landorus|Smack Down|p2a: Moltres
|-supereffective|p2a: Moltres
|-damage|p2a: Moltres|59/100
|-start|p2a: Moltres|Smack Down
|
|upkeep
|turn|4
|
|t:|1759035482
|switch|p2a: Zamazenta|Zamazenta|100/100
|-damage|p2a: Zamazenta|94/100|[from] Stealth Rock
|-ability|p2a: Zamazenta|Dauntless Shield|boost
|-boost|p2a: Zamazenta|def|1
|move|p1a: Landorus|Earthquake|p2a: Zamazenta
|-damage|p2a: Zamazenta|73/100
|
|-heal|p2a: Zamazenta|79/100|[from] item: Leftovers
|upkeep
|turn|5
|
|t:|1759035495
|move|p2a: Zamazenta|Iron Defense|p2a: Zamazenta
|-boost|p2a: Zamazenta|def|2
|move|p1a: Landorus|U-turn|p2a: Zamazenta
|-resisted|p2a: Zamazenta
|-damage|p2a: Zamazenta|75/100
|
|t:|1759035497
|switch|p1a: Pecharunt|Pecharunt|100/100|[from] U-turn
|
|-heal|p2a: Zamazenta|82/100|[from] item: Leftovers
|upkeep
|turn|6
|
|t:|1759035510
|switch|p2a: Slowking|Slowking-Galar, M|100/100
|-damage|p2a: Slowking|88/100|[from] Stealth Rock
|move|p1a: Pecharunt|Malignant Chain|p2a: Slowking
|-resisted|p2a: Slowking
|-damage|p2a: Slowking|79/100
|
|-heal|p2a: Slowking|85/100|[from] item: Leftovers
|upkeep
|turn|7
|
|t:|1759035525
|move|p1a: Pecharunt|Shadow Ball|p2a: Slowking
|-supereffective|p2a: Slowking
|-damage|p2a: Slowking|54/100
|move|p2a: Slowking|Psychic Noise|p1a: Pecharunt
|-supereffective|p1a: Pecharunt
|-damage|p1a: Pecharunt|45/100
|-start|p1a: Pecharunt|move: Heal Block
|
|-heal|p2a: Slowking|60/100|[from] item: Leftovers
|upkeep
|turn|8
|
|t:|1759035536
|move|p1a: Pecharunt|Parting Shot|p2a: Slowking
|-unboost|p2a: Slowking|atk|1
|-unboost|p2a: Slowking|spa|1
|
|t:|1759035548
|switch|p1a: Samurott|Samurott-Hisui, M|100/100|[from] Parting Shot
|-damage|p1a: Samurott|88/100|[from] Stealth Rock
|move|p2a: Slowking|Psychic Noise|p1a: Samurott
|-immune|p1a: Samurott
|
|-heal|p2a: Slowking|66/100|[from] item: Leftovers
|upkeep
|turn|9
|
|t:|1759035571
|switch|p2a: Ogerpon|Ogerpon-Wellspring, F|100/100
|-damage|p2a: Ogerpon|88/100|[from] Stealth Rock
|move|p1a: Samurott|Ceaseless Edge|p2a: Ogerpon
|-damage|p2a: Ogerpon|20/100
|-sidestart|p2: nicolandria12|Spikes
|
|upkeep
|turn|10
|
|t:|1759035594
|switch|p1a: Scizor|Scizor, M|100/100
|move|p2a: Ogerpon|Horn Leech|p1a: Scizor
|-resisted|p1a: Scizor
|-damage|p1a: Scizor|88/100
|-heal|p2a: Ogerpon|26/100|[from] drain|[of] p1a: Scizor
|
|upkeep
|turn|11
|inactive|nicolandria12 has 120 seconds left.
|
|t:|1759035613
|switch|p2a: Iron Treads|Iron Treads|100/100
|-damage|p2a: Iron Treads|97/100|[from] Stealth Rock
|-damage|p2a: Iron Treads|85/100|[from] Spikes
|move|p1a: Scizor|Knock Off|p2a: Iron Treads
|-damage|p2a: Iron Treads|50/100
|-enditem|p2a: Iron Treads|Assault Vest|[from] move: Knock Off|[of] p1a: Scizor
|
|upkeep
|turn|12
|inactive|nicolandria12 has 120 seconds left.
|
|t:|1759035624
|switch|p1a: Pecharunt|Pecharunt|45/100
|move|p2a: Iron Treads|Earthquake|p1a: Pecharunt
|-supereffective|p1a: Pecharunt
|-damage|p1a: Pecharunt|0 fnt
|faint|p1a: Pecharunt
|
|upkeep
|
|t:|1759035637
|switch|p1a: Landorus|Landorus-Therian, M|53/100
|-damage|p1a: Landorus|41/100|[from] Stealth Rock
|-ability|p1a: Landorus|Intimidate|boost
|-unboost|p2a: Iron Treads|atk|1
|turn|13
|
|t:|1759035648
|-terastallize|p2a: Iron Treads|Flying
|-terastallize|p1a: Landorus|Ghost
|move|p2a: Iron Treads|Rapid Spin|p1a: Landorus
|-immune|p1a: Landorus
|move|p1a: Landorus|Earthquake|p2a: Iron Treads
|-immune|p2a: Iron Treads
|
|upkeep
|turn|14
|inactive|nicolandria12 has 120 seconds left.
|
|t:|1759035669
|-end|p2a: Iron Treads|Quark Drive|[silent]
|switch|p2a: Zamazenta|Zamazenta|82/100
|-damage|p2a: Zamazenta|75/100|[from] Stealth Rock
|-damage|p2a: Zamazenta|63/100|[from] Spikes
|move|p1a: Landorus|Smack Down|p2a: Zamazenta
|-resisted|p2a: Zamazenta
|-damage|p2a: Zamazenta|57/100
|
|-heal|p2a: Zamazenta|63/100|[from] item: Leftovers
|upkeep
|turn|15
|inactive|nicolandria12 has 120 seconds left.
|
|t:|1759035681
|switch|p1a: Zamazenta|Zamazenta|100/100
|-damage|p1a: Zamazenta|94/100|[from] Stealth Rock
|-ability|p1a: Zamazenta|Dauntless Shield|boost
|-boost|p1a: Zamazenta|def|1
|move|p2a: Zamazenta|Iron Defense|p2a: Zamazenta
|-boost|p2a: Zamazenta|def|2
|
|-heal|p1a: Zamazenta|100/100|[from] item: Leftovers
|-heal|p2a: Zamazenta|70/100|[from] item: Leftovers
|upkeep
|turn|16
|inactive|nicolandria12 has 120 seconds left.
|
|t:|1759035691
|move|p1a: Zamazenta|Iron Defense|p1a: Zamazenta
|-boost|p1a: Zamazenta|def|2
|move|p2a: Zamazenta|Iron Defense|p2a: Zamazenta
|-boost|p2a: Zamazenta|def|2
|
|-heal|p2a: Zamazenta|76/100|[from] item: Leftovers
|upkeep
|turn|17
|inactive|nicolandria12 has 120 seconds left.
|
|t:|1759035699
|move|p2a: Zamazenta|Body Press|p1a: Zamazenta
|-damage|p1a: Zamazenta|69/100
|move|p1a: Zamazenta|Roar|p2a: Zamazenta
|drag|p2a: Moltres|Moltres|59/100
|
|-heal|p1a: Zamazenta|75/100|[from] item: Leftovers
|upkeep
|turn|18
|
|t:|1759035708
|switch|p1a: Latios|Latios, M|100/100
|-damage|p1a: Latios|88/100|[from] Stealth Rock
|move|p2a: Moltres|Will-O-Wisp|p1a: Latios
|-status|p1a: Latios|brn
|
|-damage|p1a: Latios|82/100 brn|[from] brn
|upkeep
|turn|19
|inactive|nicolandria12 has 120 seconds left.
|
|t:|1759035733
|switch|p2a: Slowking|Slowking-Galar, M|99/100
|-damage|p2a: Slowking|87/100|[from] Stealth Rock
|-damage|p2a: Slowking|75/100|[from] Spikes
|move|p1a: Latios|Calm Mind|p1a: Latios
|-boost|p1a: Latios|spa|1
|-boost|p1a: Latios|spd|1
|
|-heal|p2a: Slowking|81/100|[from] item: Leftovers
|-damage|p1a: Latios|76/100 brn|[from] brn
|upkeep
|turn|20
|inactive|nicolandria12 has 120 seconds left.
|
|t:|1759035752
|move|p1a: Latios|Psychic Noise|p2a: Slowking
|-damage|p2a: Slowking|36/100
|-start|p2a: Slowking|move: Heal Block
|move|p2a: Slowking|Sludge Wave|p1a: Latios
|-damage|p1a: Latios|53/100 brn
|
|-damage|p1a: Latios|47/100 brn|[from] brn
|upkeep
|turn|21
|
|t:|1759035778
|switch|p2a: Clefable|Clefable, M|45/100
|move|p1a: Latios|Psychic Noise|p2a: Clefable
|-damage|p2a: Clefable|0 fnt
|faint|p2a: Clefable
|
|-damage|p1a: Latios|41/100 brn|[from] brn
|upkeep
|inactive|nicolandria12 has 90 seconds left.
|
|t:|1759035798
|switch|p2a: Ogerpon|Ogerpon-Wellspring, F|26/100
|-damage|p2a: Ogerpon|14/100|[from] Stealth Rock
|-damage|p2a: Ogerpon|1/100|[from] Spikes
|turn|22
|inactive|nicolandria12 has 90 seconds left.
|
|t:|1759035811
|move|p1a: Latios|Psychic Noise|p2a: Ogerpon
|-damage|p2a: Ogerpon|0 fnt
|faint|p2a: Ogerpon
|
|-damage|p1a: Latios|35/100 brn|[from] brn
|upkeep
|inactive|nicolandria12 has 90 seconds left.
|
|t:|1759035824
|switch|p2a: Slowking|Slowking-Galar, M|69/100
|-damage|p2a: Slowking|57/100|[from] Stealth Rock
|-damage|p2a: Slowking|44/100|[from] Spikes
|turn|23
|inactive|nicolandria12 has 90 seconds left.
|
|t:|1759035835
|move|p1a: Latios|Recover|p1a: Latios
|-heal|p1a: Latios|85/100 brn
|move|p2a: Slowking|Sludge Wave|p1a: Latios
|-damage|p1a: Latios|62/100 brn
|
|-heal|p2a: Slowking|50/100|[from] item: Leftovers
|-damage|p1a: Latios|56/100 brn|[from] brn
|upkeep
|turn|24
|inactive|nicolandria12 has 90 seconds left.
|
|t:|1759035843
|move|p1a: Latios|Psychic Noise|p2a: Slowking
|-damage|p2a: Slowking|7/100
|-start|p2a: Slowking|move: Heal Block
|move|p2a: Slowking|Psychic Noise|p1a: Latios
|-resisted|p1a: Latios
|-damage|p1a: Latios|47/100 brn
|-start|p1a: Latios|move: Heal Block
|
|-damage|p1a: Latios|41/100 brn|[from] brn
|upkeep
|turn|25
|inactive|nicolandria12 has 90 seconds left.
|
|t:|1759035865
|move|p1a: Latios|Psychic Noise|p2a: Slowking
|-damage|p2a: Slowking|0 fnt
|faint|p2a: Slowking
|
|-damage|p1a: Latios|35/100 brn|[from] brn
|-end|p1a: Latios|move: Heal Block
|upkeep
|
|t:|1759035874
|switch|p2a: Moltres|Moltres|59/100
|turn|26
|
|t:|1759035881
|move|p1a: Latios|Psychic Noise|p2a: Moltres
|-damage|p2a: Moltres|0 fnt
|faint|p2a: Moltres
|
|-damage|p1a: Latios|29/100 brn|[from] brn
|upkeep
|inactive|nicolandria12 has 60 seconds left.
|inactive|nicolandria12 has 30 seconds left.
|inactive|nicolandria12 has 20 seconds left.
|inactive|nicolandria12 has 15 seconds left.
|inactive|nicolandria12 has 10 seconds left.
|inactive|nicolandria12 has 5 seconds left.
|-message|nicolandria12 lost due to inactivity.
|
|win|birbirb
|raw|birbirb's rating: 1563 &rarr; <strong>1581</strong><br />(+18 for winning)
|raw|nicolandria12's rating: 1535 &rarr; <strong>1517</strong><br />(-18 for losing)
|l|☆birbirb
|player|p1|
|l|☆nicolandria12
|player|p2|
