|j|☆SmallKuza1888
|j|☆james2341
|t:|1759043052
|gametype|singles
|player|p1|SmallKuza1888|cyclist-gen4|1632
|player|p2|james2341|1|1561
|gen|9
|tier|[Gen 9] OU
|rated|
|rule|HP Percentage Mod: HP is shown in percentages
|rule|Endless Battle Clause: Forcing endless battles is banned
|rule|Species Clause: Limit one of each Pokémon
|rule|OHKO Clause: OHKO moves are banned
|rule|Evasion Items Clause: Evasion items are banned
|rule|Evasion Moves Clause: Evasion moves are banned
|rule|Evasion Abilities Clause: Evasion abilities are banned
|rule|Sleep Moves Clause: Sleep-inducing moves are banned
|clearpoke
|poke|p1|Weavile, M|
|poke|p1|Iron Treads|
|poke|p1|Keldeo-Resolute|
|poke|p1|Hatterene, F|
|poke|p1|Ting-Lu|
|poke|p1|Dragonite, F|
|poke|p2|Blaziken, F|
|poke|p2|Indeedee, M|
|poke|p2|Landorus-Therian, M|
|poke|p2|Great Tusk|
|poke|p2|Slowking-Galar, F|
|poke|p2|Dragapult, M|
|teampreview
|inactive|Battle timer is ON: inactive players will automatically lose when time's up. (requested by SmallKuza1888)
|
|t:|1759043063
|teamsize|p1|6
|teamsize|p2|6
|start
|switch|p1a: Weavile|Weavile, M|100/100
|switch|p2a: Dragapult|Dragapult, M|100/100
|-ability|p1a: Weavile|Pressure
|turn|1
|
|t:|1759043065
|-terastallize|p1a: Weavile|Ice
|move|p1a: Weavile|Ice Shard|p2a: Dragapult
|-supereffective|p2a: Dragapult
|-damage|p2a: Dragapult|0 fnt
|faint|p2a: Dragapult
|
|upkeep
|
|t:|1759043072
|switch|p2a: Indeedee|Indeedee, M, shiny|100/100
|-fieldstart|move: Psychic Terrain|[from] ability: Psychic Surge|[of] p2a: Indeedee
|turn|2
|
|t:|1759043077
|switch|p2a: Landorus|Landorus-Therian, M, shiny|100/100
|-ability|p2a: Landorus|Intimidate|boost
|-unboost|p1a: Weavile|atk|1
|switch|p1a: Iron Treads|Iron Treads|100/100
|
|upkeep
|turn|3
|
|t:|1759043086
|-end|p1a: Iron Treads|Quark Drive|[silent]
|switch|p1a: Ting-Lu|Ting-Lu|100/100
|-ability|p1a: Ting-Lu|Vessel of Ruin
|move|p2a: Landorus|Scorching Sands|p1a: Ting-Lu
|-damage|p1a: Ting-Lu|85/100
|
|upkeep
|turn|4
|
|t:|1759043090
|move|p2a: Landorus|Taunt|p1a: Ting-Lu
|-start|p1a: Ting-Lu|move: Taunt
|cant|p1a: Ting-Lu|move: Taunt|Stealth Rock
|
|upkeep
|turn|5
|
|t:|1759043095
|move|p2a: Landorus|U-turn|p1a: Ting-Lu
|-supereffective|p1a: Ting-Lu
|-damage|p1a: Ting-Lu|68/100
|-damage|p2a: Landorus|84/100|[from] item: Rocky Helmet|[of] p1a: Ting-Lu
|
|t:|1759043099
|switch|p2a: Great Tusk|Great Tusk|100/100|[from] U-turn
|move|p1a: Ting-Lu|Ruination|p2a: Great Tusk
|-damage|p2a: Great Tusk|51/100
|
|-heal|p2a: Great Tusk|57/100|[from] item: Leftovers
|upkeep
|turn|6
|
|t:|1759043102
|move|p2a: Great Tusk|Knock Off|p1a: Ting-Lu
|-resisted|p1a: Ting-Lu
|-damage|p1a: Ting-Lu|61/100
|-damage|p2a: Great Tusk|40/100|[from] item: Rocky Helmet|[of] p1a: Ting-Lu
|-enditem|p1a: Ting-Lu|Rocky Helmet|[from] move: Knock Off|[of] p2a: Great Tusk
|move|p1a: Ting-Lu|Ruination|p2a: Great Tusk
|-damage|p2a: Great Tusk|20/100
|
|-heal|p2a: Great Tusk|27/100|[from] item: Leftovers
|-end|p1a: Ting-Lu|move: Taunt
|-fieldend|move: Psychic Terrain
|upkeep
|turn|7
|
|t:|1759043105
|move|p2a: Great Tusk|Headlong Rush|p1a: Ting-Lu
|-damage|p1a: Ting-Lu|36/100
|-unboost|p2a: Great Tusk|def|1
|-unboost|p2a: Great Tusk|spd|1
|move|p1a: Ting-Lu|Earthquake|p2a: Great Tusk
|-damage|p2a: Great Tusk|0 fnt
|faint|p2a: Great Tusk
|-end|p2a: Great Tusk|Protosynthesis|[silent]
|
|upkeep
|
|t:|1759043108
|switch|p2a: Landorus|Landorus-Therian, M, shiny|84/100
|-ability|p2a: Landorus|Intimidate|boost
|-unboost|p1a: Ting-Lu|atk|1
|turn|8
|
|t:|1759043112
|move|p2a: Landorus|Stealth Rock|p1a: Ting-Lu
|-sidestart|p1: SmallKuza1888|move: Stealth Rock
|move|p1a: Ting-Lu|Ruination|p2a: Landorus
|-damage|p2a: Landorus|42/100
|
|upkeep
|turn|9
|
|t:|1759043116
|move|p2a: Landorus|Taunt|p1a: Ting-Lu
|-start|p1a: Ting-Lu|move: Taunt
|move|p1a: Ting-Lu|Ruination|p2a: Landorus
|-damage|p2a: Landorus|21/100
|
|upkeep
|turn|10
|
|t:|1759043119
|move|p2a: Landorus|Scorching Sands|p1a: Ting-Lu
|-damage|p1a: Ting-Lu|21/100
|move|p1a: Ting-Lu|Ruination|p2a: Landorus|[miss]
|-miss|p1a: Ting-Lu|p2a: Landorus
|
|upkeep
|turn|11
|
|t:|1759043122
|move|p2a: Landorus|U-turn|p1a: Ting-Lu
|-supereffective|p1a: Ting-Lu
|-damage|p1a: Ting-Lu|5/100
|
|t:|1759043126
|switch|p2a: Indeedee|Indeedee, M, shiny|100/100|[from] U-turn
|-fieldstart|move: Psychic Terrain|[from] ability: Psychic Surge|[of] p2a: Indeedee
|move|p1a: Ting-Lu|Ruination|p2a: Indeedee
|-damage|p2a: Indeedee|51/100
|
|-end|p1a: Ting-Lu|move: Taunt
|upkeep
|turn|12
|
|t:|1759043130
|move|p2a: Indeedee|Hyper Voice|p1a: Ting-Lu
|-damage|p1a: Ting-Lu|0 fnt
|faint|p1a: Ting-Lu
|
|upkeep
|
|t:|1759043134
|switch|p1a: Iron Treads|Iron Treads|100/100
|-damage|p1a: Iron Treads|97/100|[from] Stealth Rock
|turn|13
|
|t:|1759043137
|switch|p2a: Landorus|Landorus-Therian, M, shiny|21/100
|-ability|p2a: Landorus|Intimidate|boost
|-unboost|p1a: Iron Treads|atk|1
|move|p1a: Iron Treads|Rapid Spin|p2a: Landorus
|-damage|p2a: Landorus|12/100
|-boost|p1a: Iron Treads|spe|1
|-damage|p1a: Iron Treads|81/100|[from] item: Rocky Helmet|[of] p2a: Landorus
|-sideend|p1: SmallKuza1888|Stealth Rock|[from] move: Rapid Spin|[of] p1a: Iron Treads
|
|-heal|p1a: Iron Treads|87/100|[from] item: Leftovers
|upkeep
|turn|14
|
|t:|1759043145
|switch|p2a: Slowking|Slowking-Galar, F|100/100
|move|p1a: Iron Treads|Ice Spinner|p2a: Slowking
|-damage|p2a: Slowking|82/100
|-fieldend|move: Psychic Terrain
|
|-heal|p1a: Iron Treads|93/100|[from] item: Leftovers
|upkeep
|turn|15
|
|t:|1759043149
|switch|p2a: Landorus|Landorus-Therian, M, shiny|12/100
|-ability|p2a: Landorus|Intimidate|boost
|-unboost|p1a: Iron Treads|atk|1
|move|p1a: Iron Treads|Knock Off|p2a: Landorus
|-damage|p2a: Landorus|0 fnt
|-damage|p1a: Iron Treads|77/100|[from] item: Rocky Helmet|[of] p2a: Landorus
|-enditem|p2a: Landorus|Rocky Helmet|[from] move: Knock Off|[of] p1a: Iron Treads
|faint|p2a: Landorus
|
|-heal|p1a: Iron Treads|83/100|[from] item: Leftovers
|upkeep
|
|t:|1759043163
|switch|p2a: Slowking|Slowking-Galar, F|100/100
|turn|16
|
|t:|1759043168
|-end|p1a: Iron Treads|Quark Drive|[silent]
|switch|p1a: Weavile|Weavile, M, tera:Ice|100/100
|-ability|p1a: Weavile|Pressure
|move|p2a: Slowking|Fire Blast|p1a: Weavile
|-supereffective|p1a: Weavile
|-damage|p1a: Weavile|0 fnt
|faint|p1a: Weavile
|
|upkeep
|
|t:|1759043174
|switch|p1a: Iron Treads|Iron Treads|83/100
|turn|17
|
|t:|1759043180
|-terastallize|p2a: Slowking|Fairy
|move|p1a: Iron Treads|Earthquake|p2a: Slowking
|-damage|p2a: Slowking|52/100
|move|p2a: Slowking|Fire Blast|p1a: Iron Treads
|-supereffective|p1a: Iron Treads
|-damage|p1a: Iron Treads|0 fnt
|faint|p1a: Iron Treads
|-end|p1a: Iron Treads|Quark Drive|[silent]
|
|upkeep
|
|t:|1759043187
|switch|p1a: Hatterene|Hatterene, F|100/100
|turn|18
|
|t:|1759043189
|move|p1a: Hatterene|Psyshock|p2a: Slowking
|-damage|p2a: Slowking|5/100
|move|p2a: Slowking|Sludge Bomb|p1a: Hatterene
|-supereffective|p1a: Hatterene
|-damage|p1a: Hatterene|40/100
|
|upkeep
|turn|19
|
|t:|1759043195
|move|p1a: Hatterene|Draining Kiss|p2a: Slowking
|-damage|p2a: Slowking|0 fnt
|-heal|p1a: Hatterene|45/100|[from] drain|[of] p2a: Slowking
|faint|p2a: Slowking
|
|upkeep
|
|t:|1759043196
|switch|p2a: Blaziken|Blaziken, F, shiny|100/100
|turn|20
|
|t:|1759043202
|switch|p1a: Dragonite|Dragonite, F|100/100
|move|p2a: Blaziken|Overheat|p1a: Dragonite|[miss]
|-miss|p2a: Blaziken|p1a: Dragonite
|
|-ability|p2a: Blaziken|Speed Boost|boost
|-boost|p2a: Blaziken|spe|1
|upkeep
|turn|21
|
|t:|1759043208
|move|p2a: Blaziken|Focus Energy|p2a: Blaziken
|-start|p2a: Blaziken|move: Focus Energy
|move|p1a: Dragonite|Earthquake|p2a: Blaziken
|-supereffective|p2a: Blaziken
|-damage|p2a: Blaziken|0 fnt
|faint|p2a: Blaziken
|
|upkeep
|
|t:|1759043210
|switch|p2a: Indeedee|Indeedee, M, shiny|51/100
|-fieldstart|move: Psychic Terrain|[from] ability: Psychic Surge|[of] p2a: Indeedee
|turn|22
|
|t:|1759043212
|move|p2a: Indeedee|Expanding Force|p1a: Dragonite
|-damage|p1a: Dragonite|69/100
|move|p1a: Dragonite|Earthquake|p2a: Indeedee
|-damage|p2a: Indeedee|0 fnt
|faint|p2a: Indeedee
|
|win|SmallKuza1888
|raw|SmallKuza1888's rating: 1632 &rarr; <strong>1648</strong><br />(+16 for winning)
|raw|james2341's rating: 1561 &rarr; <strong>1545</strong><br />(-16 for losing)
|l|☆james2341
|player|p2|
