|j|☆vampirekuo
|j|☆iRainbo_ots
|t:|1758998338
|gametype|singles
|player|p1|vampirekuo|rocketgrunt|1101
|player|p2|iRainbo_ots|iris|1101
|gen|9
|tier|[Gen 9] OU
|rated|
|rule|HP Percentage Mod: HP is shown in percentages
|rule|Endless Battle Clause: Forcing endless battles is banned
|rule|Species Clause: Limit one of each Pokémon
|rule|OHKO Clause: OHKO moves are banned
|rule|Evasion Items Clause: Evasion items are banned
|rule|Evasion Moves Clause: Evasion moves are banned
|rule|Evasion Abilities Clause: Evasion abilities are banned
|rule|Sleep Moves Clause: Sleep-inducing moves are banned
|clearpoke
|poke|p1|Zangoose, F|
|poke|p1|Quaquaval, M|
|poke|p1|Pelipper, F|
|poke|p1|Conkeldurr, F|
|poke|p1|Empoleon, F|
|poke|p1|Garchomp, F|
|poke|p2|Alcremie-Matcha-Cream, F|
|poke|p2|Appletun, M|
|poke|p2|Exeggcute, M|
|poke|p2|Scovillain, M|
|poke|p2|Dachsbun, M|
|poke|p2|Tatsugiri-Stretchy, F|
|teampreview
|
|t:|1758998363
|teamsize|p1|6
|teamsize|p2|6
|start
|switch|p1a: Zangoose|Zangoose, F|100/100
|switch|p2a: Pie|Appletun, M|100/100
|turn|1
|
|t:|1758998372
|-terastallize|p2a: Pie|Steel
|move|p1a: Zangoose|Belly Drum|p1a: Zangoose
|-damage|p1a: Zangoose|50/100
|-setboost|p1a: Zangoose|atk|6|[from] move: Belly Drum
|move|p2a: Pie|Iron Defense|p2a: Pie
|-boost|p2a: Pie|def|2
|
|-status|p1a: Zangoose|tox|[from] item: Toxic Orb
|upkeep
|turn|2
|
|t:|1758998394
|move|p1a: Zangoose|Facade|p2a: Pie
|-resisted|p2a: Pie
|-damage|p2a: Pie|23/100
|move|p2a: Pie|Body Press|p1a: Zangoose
|-supereffective|p1a: Zangoose
|-damage|p1a: Zangoose|0 fnt
|faint|p1a: Zangoose
|
|-heal|p2a: Pie|30/100|[from] item: Leftovers
|upkeep
|
|t:|1758998406
|switch|p1a: Garchomp|Garchomp, F|100/100
|turn|3
|c|☆iRainbo_ots|idk what that strategy was but I hate it already
|
|t:|1758998413
|move|p1a: Garchomp|Stealth Rock|p2a: Pie
|-sidestart|p2: iRainbo_ots|move: Stealth Rock
|move|p2a: Pie|Recover|p2a: Pie
|-heal|p2a: Pie|80/100
|
|-heal|p2a: Pie|86/100|[from] item: Leftovers
|upkeep
|turn|4
|
|t:|1758998423
|move|p1a: Garchomp|Swords Dance|p1a: Garchomp
|-boost|p1a: Garchomp|atk|2
|move|p2a: Pie|Apple Acid|p1a: Garchomp
|-damage|p1a: Garchomp|68/100
|-unboost|p1a: Garchomp|spd|1
|
|-heal|p2a: Pie|92/100|[from] item: Leftovers
|upkeep
|turn|5
|
|t:|1758998431
|move|p1a: Garchomp|Swords Dance|p1a: Garchomp
|-boost|p1a: Garchomp|atk|2
|move|p2a: Pie|Apple Acid|p1a: Garchomp
|-damage|p1a: Garchomp|20/100
|-unboost|p1a: Garchomp|spd|1
|
|-heal|p2a: Pie|98/100|[from] item: Leftovers
|upkeep
|turn|6
|
|t:|1758998439
|move|p1a: Garchomp|Dragon Claw|p2a: Pie
|-resisted|p2a: Pie
|-damage|p2a: Pie|76/100
|move|p2a: Pie|Apple Acid|p1a: Garchomp
|-damage|p1a: Garchomp|0 fnt
|faint|p1a: Garchomp
|
|-heal|p2a: Pie|82/100|[from] item: Leftovers
|upkeep
|
|t:|1758998449
|switch|p1a: Conkeldurr|Conkeldurr, F|100/100
|turn|7
|
|t:|1758998456
|move|p1a: Conkeldurr|Dynamic Punch|p2a: Pie
|-supereffective|p2a: Pie
|-damage|p2a: Pie|37/100
|-start|p2a: Pie|confusion
|-activate|p2a: Pie|confusion
|move|p2a: Pie|Apple Acid|p1a: Conkeldurr
|-damage|p1a: Conkeldurr|60/100
|-unboost|p1a: Conkeldurr|spd|1
|
|-heal|p2a: Pie|43/100|[from] item: Leftovers
|upkeep
|turn|8
|
|t:|1758998475
|move|p1a: Conkeldurr|Dynamic Punch|p2a: Pie|[miss]
|-miss|p1a: Conkeldurr|p2a: Pie
|-enditem|p1a: Conkeldurr|Blunder Policy
|-boost|p1a: Conkeldurr|spe|2
|-activate|p2a: Pie|confusion
|-damage|p2a: Pie|41/100|[from] confusion
|
|-heal|p2a: Pie|47/100|[from] item: Leftovers
|upkeep
|turn|9
|
|t:|1758998483
|move|p1a: Conkeldurr|Stomping Tantrum|p2a: Pie
|-supereffective|p2a: Pie
|-damage|p2a: Pie|7/100
|-end|p2a: Pie|confusion
|move|p2a: Pie|Apple Acid|p1a: Conkeldurr
|-damage|p1a: Conkeldurr|0 fnt
|faint|p1a: Conkeldurr
|
|-heal|p2a: Pie|13/100|[from] item: Leftovers
|upkeep
|
|t:|1758998488
|switch|p1a: Pelipper|Pelipper, F|100/100
|-weather|RainDance|[from] ability: Drizzle|[of] p1a: Pelipper
|turn|10
|
|t:|1758998496
|move|p1a: Pelipper|U-turn|p2a: Pie
|-resisted|p2a: Pie
|-damage|p2a: Pie|12/100
|
|t:|1758998499
|switch|p1a: Quaquaval|Quaquaval, M|100/100|[from] U-turn
|move|p2a: Pie|Apple Acid|p1a: Quaquaval
|-supereffective|p1a: Quaquaval
|-damage|p1a: Quaquaval|17/100
|-unboost|p1a: Quaquaval|spd|1
|
|-weather|RainDance|[upkeep]
|-heal|p2a: Pie|18/100|[from] item: Leftovers
|upkeep
|turn|11
|
|t:|1758998508
|move|p1a: Quaquaval|Aqua Step|p2a: Pie
|-damage|p2a: Pie|0 fnt
|-boost|p1a: Quaquaval|spe|1
|faint|p2a: Pie
|-ability|p1a: Quaquaval|Moxie|boost
|-boost|p1a: Quaquaval|atk|1
|-damage|p1a: Quaquaval|7/100|[from] item: Life Orb
|
|-weather|RainDance|[upkeep]
|upkeep
|
|t:|1758998518
|switch|p2a: Yolks|Exeggcute, M|100/100
|-damage|p2a: Yolks|88/100|[from] Stealth Rock
|turn|12
|
|t:|1758998532
|move|p1a: Quaquaval|Brick Break|p2a: Yolks
|-resisted|p2a: Yolks
|-damage|p2a: Yolks|23/100
|-damage|p1a: Quaquaval|0 fnt|[from] item: Life Orb
|faint|p1a: Quaquaval
|move|p2a: Yolks|Psychic|p1: Quaquaval|[notarget]
|-fail|p2a: Yolks
|
|-weather|RainDance|[upkeep]
|upkeep
|
|t:|1758998536
|switch|p1a: Empoleon|Empoleon, F|100/100
|turn|13
|
|t:|1758998543
|move|p1a: Empoleon|Agility|p1a: Empoleon
|-boost|p1a: Empoleon|spe|2
|move|p2a: Yolks|Stun Spore|p1a: Empoleon
|-status|p1a: Empoleon|par
|
|-weather|RainDance|[upkeep]
|upkeep
|turn|14
|-message|vampirekuo forfeited.
|
|win|iRainbo_ots
|raw|vampirekuo's rating: 1101 &rarr; <strong>1076</strong><br />(-25 for losing)
|raw|iRainbo_ots's rating: 1101 &rarr; <strong>1126</strong><br />(+25 for winning)
|l|☆vampirekuo
|player|p1|
|c|☆iRainbo_ots|gg
|l|☆iRainbo_ots
|player|p2|
