|j|☆Sauronikov
|j|☆skymort
|t:|1758989193
|gametype|singles
|player|p1|Sauronikov|101|1200
|player|p2|skymort|266|1225
|gen|9
|tier|[Gen 9] OU
|rated|
|rule|HP Percentage Mod: HP is shown in percentages
|rule|Endless Battle Clause: Forcing endless battles is banned
|rule|Species Clause: Limit one of each Pokémon
|rule|OHKO Clause: OHKO moves are banned
|rule|Evasion Items Clause: Evasion items are banned
|rule|Evasion Moves Clause: Evasion moves are banned
|rule|Evasion Abilities Clause: Evasion abilities are banned
|rule|Sleep Moves Clause: Sleep-inducing moves are banned
|clearpoke
|poke|p1|Grimmsnarl, M|
|poke|p1|Rhyperior, F|
|poke|p1|Revavroom, M|
|poke|p1|Kommo-o, M|
|poke|p1|Torterra, M|
|poke|p1|Blaziken, F|
|poke|p2|Sandslash-Alola, M|
|poke|p2|Ninetales-Alola, M|
|poke|p2|Kyurem|
|poke|p2|Great Tusk|
|poke|p2|Manaphy|
|poke|p2|Iron Moth|
|teampreview
|
|t:|1758989201
|teamsize|p1|6
|teamsize|p2|6
|start
|switch|p1a: Rhyperior|Rhyperior, F, shiny|100/100
|switch|p2a: Ninetales|Ninetales-Alola, M|100/100
|-weather|Snowscape|[from] ability: Snow Warning|[of] p2a: Ninetales
|turn|1
|
|t:|1758989225
|-terastallize|p1a: Rhyperior|Fire
|move|p2a: Ninetales|Aurora Veil|p2a: Ninetales
|-sidestart|p2: skymort|move: Aurora Veil
|move|p1a: Rhyperior|Rock Polish|p1a: Rhyperior
|-boost|p1a: Rhyperior|spe|2
|
|-weather|Snowscape|[upkeep]
|upkeep
|turn|2
|
|t:|1758989235
|move|p1a: Rhyperior|Heat Crash|p2a: Ninetales
|-supereffective|p2a: Ninetales
|-damage|p2a: Ninetales|44/100
|move|p2a: Ninetales|Encore|p1a: Rhyperior
|-start|p1a: Rhyperior|Encore
|
|-weather|Snowscape|[upkeep]
|upkeep
|turn|3
|
|t:|1758989244
|switch|p2a: Manaphy|Manaphy|100/100
|move|p1a: Rhyperior|Heat Crash|p2a: Manaphy
|-resisted|p2a: Manaphy
|-damage|p2a: Manaphy|84/100
|
|-weather|Snowscape|[upkeep]
|-heal|p2a: Manaphy|90/100|[from] item: Leftovers
|upkeep
|turn|4
|
|t:|1758989251
|switch|p1a: Grimmsnarl|Grimmsnarl, M, shiny|100/100
|move|p2a: Manaphy|Substitute|p2a: Manaphy
|-start|p2a: Manaphy|Substitute
|-damage|p2a: Manaphy|65/100
|
|-weather|Snowscape|[upkeep]
|-heal|p2a: Manaphy|71/100|[from] item: Leftovers
|upkeep
|turn|5
|
|t:|1758989259
|move|p1a: Grimmsnarl|Taunt|p2a: Manaphy
|-start|p2a: Manaphy|move: Taunt
|cant|p2a: Manaphy|move: Taunt|Tail Glow
|
|-weather|none
|-heal|p2a: Manaphy|77/100|[from] item: Leftovers
|upkeep
|turn|6
|
|t:|1758989268
|move|p1a: Grimmsnarl|Light Screen|p1a: Grimmsnarl
|-sidestart|p1: Sauronikov|move: Light Screen
|move|p2a: Manaphy|Alluring Voice|p1a: Grimmsnarl
|-supereffective|p1a: Grimmsnarl
|-damage|p1a: Grimmsnarl|79/100
|
|-heal|p2a: Manaphy|83/100|[from] item: Leftovers
|upkeep
|turn|7
|
|t:|1758989300
|switch|p2a: Ninetales|Ninetales-Alola, M|44/100
|-weather|Snowscape|[from] ability: Snow Warning|[of] p2a: Ninetales
|move|p1a: Grimmsnarl|Reflect|p1a: Grimmsnarl
|-sidestart|p1: Sauronikov|Reflect
|
|-weather|Snowscape|[upkeep]
|upkeep
|turn|8
|
|t:|1758989314
|switch|p2a: Sandslash|Sandslash-Alola, M|100/100
|move|p1a: Grimmsnarl|Taunt|p2a: Sandslash
|-start|p2a: Sandslash|move: Taunt
|
|-weather|Snowscape|[upkeep]
|-sideend|p2: skymort|move: Aurora Veil
|upkeep
|turn|9
|
|t:|1758989323
|move|p1a: Grimmsnarl|Parting Shot|p2a: Sandslash
|-unboost|p2a: Sandslash|atk|1
|-unboost|p2a: Sandslash|spa|1
|
|t:|1758989327
|switch|p1a: Rhyperior|Rhyperior, F, shiny, tera:Fire|100/100|[from] Parting Shot
|move|p2a: Sandslash|Triple Axel|p1a: Rhyperior
|-resisted|p1a: Rhyperior
|-damage|p1a: Rhyperior|99/100
|-resisted|p1a: Rhyperior
|-damage|p1a: Rhyperior|96/100
|-resisted|p1a: Rhyperior
|-damage|p1a: Rhyperior|92/100
|-hitcount|p1a: Rhyperior|3
|-damage|p2a: Sandslash|91/100|[from] item: Life Orb
|
|-weather|Snowscape|[upkeep]
|upkeep
|turn|10
|
|t:|1758989343
|switch|p2a: Manaphy|Manaphy|83/100
|move|p1a: Rhyperior|Rock Polish|p1a: Rhyperior
|-boost|p1a: Rhyperior|spe|2
|
|-weather|Snowscape|[upkeep]
|-heal|p2a: Manaphy|90/100|[from] item: Leftovers
|upkeep
|turn|11
|
|t:|1758989354
|move|p1a: Rhyperior|Earthquake|p2a: Manaphy
|-damage|p2a: Manaphy|35/100
|move|p2a: Manaphy|Tail Glow|p2a: Manaphy
|-boost|p2a: Manaphy|spa|3
|
|-weather|none
|-heal|p2a: Manaphy|41/100|[from] item: Leftovers
|upkeep
|turn|12
|
|t:|1758989388
|move|p1a: Rhyperior|Earthquake|p2a: Manaphy
|-damage|p2a: Manaphy|0 fnt
|faint|p2a: Manaphy
|
|upkeep
|
|t:|1758989391
|switch|p2a: Ninetales|Ninetales-Alola, M|44/100
|-weather|Snowscape|[from] ability: Snow Warning|[of] p2a: Ninetales
|turn|13
|
|t:|1758989403
|move|p1a: Rhyperior|Heat Crash|p2a: Ninetales
|-supereffective|p2a: Ninetales
|-damage|p2a: Ninetales|0 fnt
|faint|p2a: Ninetales
|
|-weather|Snowscape|[upkeep]
|-sideend|p1: Sauronikov|move: Light Screen
|upkeep
|
|t:|1758989414
|switch|p2a: Kyurem|Kyurem|100/100
|-ability|p2a: Kyurem|Pressure
|turn|14
|
|t:|1758989453
|move|p1a: Rhyperior|Heat Crash|p2a: Kyurem
|-damage|p2a: Kyurem|84/100
|move|p2a: Kyurem|Earth Power|p1a: Rhyperior
|-supereffective|p1a: Rhyperior
|-damage|p1a: Rhyperior|31/100
|-enditem|p1a: Rhyperior|Weakness Policy
|-boost|p1a: Rhyperior|atk|2|[from] item: Weakness Policy
|-boost|p1a: Rhyperior|spa|2|[from] item: Weakness Policy
|
|-weather|Snowscape|[upkeep]
|-sideend|p1: Sauronikov|Reflect
|upkeep
|turn|15
|
|t:|1758989466
|move|p1a: Rhyperior|Earthquake|p2a: Kyurem
|-damage|p2a: Kyurem|8/100
|move|p2a: Kyurem|Earth Power|p1a: Rhyperior
|-supereffective|p1a: Rhyperior
|-damage|p1a: Rhyperior|0 fnt
|faint|p1a: Rhyperior
|
|-weather|Snowscape|[upkeep]
|upkeep
|
|t:|1758989470
|switch|p1a: Grimmsnarl|Grimmsnarl, M, shiny|79/100
|turn|16
|
|t:|1758989484
|move|p1a: Grimmsnarl|Light Screen|p1a: Grimmsnarl
|-sidestart|p1: Sauronikov|move: Light Screen
|move|p2a: Kyurem|Icicle Spear|p1a: Grimmsnarl
|-damage|p1a: Grimmsnarl|63/100
|-damage|p1a: Grimmsnarl|48/100
|-hitcount|p1a: Grimmsnarl|2
|
|-weather|Snowscape|[upkeep]
|upkeep
|turn|17
|
|t:|1758989490
|move|p1a: Grimmsnarl|Reflect|p1a: Grimmsnarl
|-sidestart|p1: Sauronikov|Reflect
|move|p2a: Kyurem|Icicle Spear|p1a: Grimmsnarl
|-damage|p1a: Grimmsnarl|40/100
|-damage|p1a: Grimmsnarl|32/100
|-damage|p1a: Grimmsnarl|26/100
|-hitcount|p1a: Grimmsnarl|3
|
|-weather|none
|upkeep
|turn|18
|
|t:|1758989502
|move|p1a: Grimmsnarl|Parting Shot|p2a: Kyurem
|-unboost|p2a: Kyurem|atk|1
|-unboost|p2a: Kyurem|spa|1
|
|t:|1758989503
|switch|p1a: Revavroom|Revavroom, M, shiny|100/100|[from] Parting Shot
|move|p2a: Kyurem|Earth Power|p1a: Revavroom
|-supereffective|p1a: Revavroom
|-damage|p1a: Revavroom|63/100
|-enditem|p1a: Revavroom|Weakness Policy
|-boost|p1a: Revavroom|atk|2|[from] item: Weakness Policy
|-boost|p1a: Revavroom|spa|2|[from] item: Weakness Policy
|
|upkeep
|turn|19
|
|t:|1758989520
|move|p2a: Kyurem|Earth Power|p1a: Revavroom
|-supereffective|p1a: Revavroom
|-damage|p1a: Revavroom|27/100
|move|p1a: Revavroom|Shift Gear|p1a: Revavroom
|-boost|p1a: Revavroom|spe|2
|-boost|p1a: Revavroom|atk|1
|
|upkeep
|turn|20
|
|t:|1758989528
|move|p1a: Revavroom|Temper Flare|p2a: Kyurem
|-damage|p2a: Kyurem|0 fnt
|faint|p2a: Kyurem
|
|upkeep
|
|t:|1758989553
|switch|p2a: Iron Moth|Iron Moth|100/100
|-enditem|p2a: Iron Moth|Booster Energy
|-activate|p2a: Iron Moth|ability: Quark Drive|[fromitem]
|-start|p2a: Iron Moth|quarkdrivespe
|turn|21
|
|t:|1758989588
|move|p2a: Iron Moth|Fiery Dance|p1a: Revavroom
|-supereffective|p1a: Revavroom
|-damage|p1a: Revavroom|0 fnt
|faint|p1a: Revavroom
|
|upkeep
|
|t:|1758989594
|switch|p1a: Kommo-o|Kommo-o, M, shiny|100/100
|turn|22
|
|t:|1758989609
|move|p2a: Iron Moth|Substitute|p2a: Iron Moth
|-start|p2a: Iron Moth|Substitute
|-damage|p2a: Iron Moth|76/100
|move|p1a: Kommo-o|Scale Shot|p2a: Iron Moth
|-activate|p2a: Iron Moth|move: Substitute|[damage]
|-crit|p2a: Iron Moth
|-end|p2a: Iron Moth|Substitute
|-damage|p2a: Iron Moth|60/100
|-damage|p2a: Iron Moth|42/100
|-hitcount|p2a: Iron Moth|4
|-unboost|p1a: Kommo-o|def|1
|-boost|p1a: Kommo-o|spe|1
|
|upkeep
|turn|23
|
|t:|1758989626
|move|p2a: Iron Moth|Dazzling Gleam|p1a: Kommo-o
|-supereffective|p1a: Kommo-o
|-damage|p1a: Kommo-o|36/100
|move|p1a: Kommo-o|Scale Shot|p2a: Iron Moth
|-damage|p2a: Iron Moth|25/100
|-damage|p2a: Iron Moth|8/100
|-damage|p2a: Iron Moth|0 fnt
|faint|p2a: Iron Moth
|-end|p2a: Iron Moth|Quark Drive|[silent]
|-hitcount|p2: Iron Moth|3
|-unboost|p1a: Kommo-o|def|1
|-boost|p1a: Kommo-o|spe|1
|
|-sideend|p1: Sauronikov|move: Light Screen
|upkeep
|
|t:|1758989643
|switch|p2a: Great Tusk|Great Tusk|100/100
|-enditem|p2a: Great Tusk|Booster Energy
|-activate|p2a: Great Tusk|ability: Protosynthesis|[fromitem]
|-start|p2a: Great Tusk|protosynthesisspe
|turn|24
|
|t:|1758989652
|move|p1a: Kommo-o|Close Combat|p2a: Great Tusk
|-damage|p2a: Great Tusk|68/100
|-unboost|p1a: Kommo-o|def|1
|-unboost|p1a: Kommo-o|spd|1
|move|p2a: Great Tusk|Ice Spinner|p1a: Kommo-o
|-supereffective|p1a: Kommo-o
|-damage|p1a: Kommo-o|0 fnt
|faint|p1a: Kommo-o
|
|-sideend|p1: Sauronikov|Reflect
|upkeep
|
|t:|1758989663
|switch|p1a: Grimmsnarl|Grimmsnarl, M, shiny|26/100
|turn|25
|
|t:|1758989672
|move|p1a: Grimmsnarl|Reflect|p1a: Grimmsnarl
|-sidestart|p1: Sauronikov|Reflect
|move|p2a: Great Tusk|Ice Spinner|p1a: Grimmsnarl
|-damage|p1a: Grimmsnarl|14/100
|
|upkeep
|turn|26
|
|t:|1758989704
|move|p1a: Grimmsnarl|Light Screen|p1a: Grimmsnarl
|-sidestart|p1: Sauronikov|move: Light Screen
|move|p2a: Great Tusk|Bulk Up|p2a: Great Tusk
|-boost|p2a: Great Tusk|atk|1
|-boost|p2a: Great Tusk|def|1
|
|upkeep
|turn|27
|
|t:|1758989712
|move|p1a: Grimmsnarl|Taunt|p2a: Great Tusk
|-start|p2a: Great Tusk|move: Taunt
|cant|p2a: Great Tusk|move: Taunt|Bulk Up
|
|upkeep
|turn|28
|
|t:|1758989733
|move|p1a: Grimmsnarl|Light Screen||[still]
|-fail|p1a: Grimmsnarl
|move|p2a: Great Tusk|Rapid Spin|p1a: Grimmsnarl
|-damage|p1a: Grimmsnarl|3/100
|-boost|p2a: Great Tusk|spe|1
|
|upkeep
|turn|29
|
|t:|1758989740
|move|p1a: Grimmsnarl|Light Screen||[still]
|-fail|p1a: Grimmsnarl
|move|p2a: Great Tusk|Rapid Spin|p1a: Grimmsnarl
|-damage|p1a: Grimmsnarl|0 fnt
|-boost|p2a: Great Tusk|spe|1
|faint|p1a: Grimmsnarl
|
|-end|p2a: Great Tusk|move: Taunt
|upkeep
|
|t:|1758989742
|switch|p1a: Torterra|Torterra, M|100/100
|turn|30
|
|t:|1758989758
|move|p2a: Great Tusk|Ice Spinner|p1a: Torterra
|-supereffective|p1a: Torterra
|-damage|p1a: Torterra|31/100
|move|p1a: Torterra|Seed Bomb|p2a: Great Tusk
|-supereffective|p2a: Great Tusk
|-damage|p2a: Great Tusk|15/100
|
|upkeep
|turn|31
|-message|Sauronikov forfeited.
|
|win|skymort
|raw|Sauronikov's rating: 1200 &rarr; <strong>1177</strong><br />(-23 for losing)
|raw|skymort's rating: 1225 &rarr; <strong>1248</strong><br />(+23 for winning)
|l|☆Sauronikov
|player|p1|
|l|☆skymort
|player|p2|
