|j|☆UltraGodGreninja
|j|☆polo4569
|t:|1759041580
|gametype|singles
|player|p1|UltraGodGreninja|skyla|1371
|player|p2|polo4569|170|1341
|gen|9
|tier|[Gen 9] OU
|rated|
|rule|HP Percentage Mod: HP is shown in percentages
|rule|Endless Battle Clause: Forcing endless battles is banned
|rule|Species Clause: Limit one of each Pokémon
|rule|OHKO Clause: OHKO moves are banned
|rule|Evasion Items Clause: Evasion items are banned
|rule|Evasion Moves Clause: Evasion moves are banned
|rule|Evasion Abilities Clause: Evasion abilities are banned
|rule|Sleep Moves Clause: Sleep-inducing moves are banned
|clearpoke
|poke|p1|Greninja-*, M|
|poke|p1|Great Tusk|
|poke|p1|Heatran, F|
|poke|p1|Lokix, M|
|poke|p1|Zapdos|
|poke|p1|Alomomola, F|
|poke|p2|Latias, F|
|poke|p2|Cinderace, M|
|poke|p2|Hitmonlee, M|
|poke|p2|Iron Treads|
|poke|p2|Rotom-Wash|
|poke|p2|Garganacl, M|
|teampreview
|inactive|Battle timer is ON: inactive players will automatically lose when time's up. (requested by polo4569)
|
|t:|1759041606
|teamsize|p1|6
|teamsize|p2|6
|start
|switch|p1a: Greninja|Greninja, M|100/100
|switch|p2a: Hitmonlee|Hitmonlee, M|100/100
|turn|1
|
|t:|1759041611
|move|p2a: Hitmonlee|Fake Out|p1a: Greninja
|-damage|p1a: Greninja|80/100
|cant|p1a: Greninja|flinch
|
|upkeep
|turn|2
|
|t:|1759041618
|move|p1a: Greninja|Extrasensory|p2a: Hitmonlee
|-start|p1a: Greninja|typechange|Psychic|[from] ability: Protean
|-supereffective|p2a: Hitmonlee
|-enditem|p2a: Hitmonlee|Focus Sash
|-damage|p2a: Hitmonlee|1/100
|move|p2a: Hitmonlee|Swords Dance|p2a: Hitmonlee
|-boost|p2a: Hitmonlee|atk|2
|
|upkeep
|turn|3
|
|t:|1759041629
|switch|p1a: Great Tusk|Great Tusk|100/100
|move|p2a: Hitmonlee|Knock Off|p1a: Great Tusk
|-resisted|p1a: Great Tusk
|-damage|p1a: Great Tusk|74/100
|-enditem|p1a: Great Tusk|Heavy-Duty Boots|[from] move: Knock Off|[of] p2a: Hitmonlee
|
|upkeep
|turn|4
|
|t:|1759041637
|move|p2a: Hitmonlee|Close Combat|p1a: Great Tusk
|-damage|p1a: Great Tusk|0 fnt
|-unboost|p2a: Hitmonlee|def|1
|-unboost|p2a: Hitmonlee|spd|1
|faint|p1a: Great Tusk
|-end|p1a: Great Tusk|Protosynthesis|[silent]
|
|upkeep
|
|t:|1759041646
|switch|p1a: Greninja|Greninja, M|80/100
|turn|5
|
|t:|1759041649
|move|p2a: Hitmonlee|Close Combat|p1a: Greninja
|-supereffective|p1a: Greninja
|-damage|p1a: Greninja|0 fnt
|-unboost|p2a: Hitmonlee|def|1
|-unboost|p2a: Hitmonlee|spd|1
|faint|p1a: Greninja
|
|upkeep
|
|t:|1759041654
|switch|p1a: Alomomola|Alomomola, F|100/100
|turn|6
|
|t:|1759041656
|move|p2a: Hitmonlee|Knock Off|p1a: Alomomola
|-damage|p1a: Alomomola|52/100
|-enditem|p1a: Alomomola|Assault Vest|[from] move: Knock Off|[of] p2a: Hitmonlee
|move|p1a: Alomomola|Flip Turn|p2a: Hitmonlee
|-damage|p2a: Hitmonlee|0 fnt
|faint|p2a: Hitmonlee
|
|t:|1759041660
|switch|p1a: Zapdos|Zapdos|100/100|[from] Flip Turn
|
|upkeep
|
|t:|1759041681
|switch|p2a: Iron Treads|Iron Treads|100/100
|-enditem|p2a: Iron Treads|Booster Energy
|-activate|p2a: Iron Treads|ability: Quark Drive|[fromitem]
|-start|p2a: Iron Treads|quarkdriveatk
|turn|7
|
|t:|1759041683
|move|p2a: Iron Treads|Rapid Spin|p1a: Zapdos
|-damage|p1a: Zapdos|85/100
|-boost|p2a: Iron Treads|spe|1
|move|p1a: Zapdos|U-turn|p2a: Iron Treads
|-resisted|p2a: Iron Treads
|-damage|p2a: Iron Treads|95/100
|
|t:|1759041685
|switch|p1a: Alomomola|Alomomola, F|85/100|[from] U-turn
|
|upkeep
|turn|8
|
|t:|1759041694
|move|p2a: Iron Treads|Earthquake|p1a: Alomomola
|-damage|p1a: Alomomola|43/100
|move|p1a: Alomomola|Scald|p2a: Iron Treads
|-supereffective|p2a: Iron Treads
|-damage|p2a: Iron Treads|63/100
|
|upkeep
|turn|9
|
|t:|1759041703
|move|p2a: Iron Treads|Earthquake|p1a: Alomomola
|-damage|p1a: Alomomola|4/100
|move|p1a: Alomomola|Scald|p2a: Iron Treads
|-supereffective|p2a: Iron Treads
|-damage|p2a: Iron Treads|34/100
|-status|p2a: Iron Treads|brn
|
|-damage|p2a: Iron Treads|28/100 brn|[from] brn
|upkeep
|turn|10
|
|t:|1759041711
|switch|p1a: Zapdos|Zapdos|85/100
|move|p2a: Iron Treads|Knock Off|p1a: Zapdos
|-damage|p1a: Zapdos|70/100
|-enditem|p1a: Zapdos|Heavy-Duty Boots|[from] move: Knock Off|[of] p2a: Iron Treads
|
|-damage|p2a: Iron Treads|22/100 brn|[from] brn
|upkeep
|turn|11
|
|t:|1759041734
|move|p2a: Iron Treads|Ice Spinner|p1a: Zapdos
|-supereffective|p1a: Zapdos
|-damage|p1a: Zapdos|45/100
|move|p1a: Zapdos|Roost|p1a: Zapdos
|-heal|p1a: Zapdos|95/100
|-singleturn|p1a: Zapdos|move: Roost
|
|-damage|p2a: Iron Treads|16/100 brn|[from] brn
|upkeep
|turn|12
|
|t:|1759041746
|move|p2a: Iron Treads|Ice Spinner|p1a: Zapdos
|-supereffective|p1a: Zapdos
|-damage|p1a: Zapdos|73/100
|move|p1a: Zapdos|Roost|p1a: Zapdos
|-heal|p1a: Zapdos|100/100
|-singleturn|p1a: Zapdos|move: Roost
|
|-damage|p2a: Iron Treads|10/100 brn|[from] brn
|upkeep
|turn|13
|
|t:|1759041758
|move|p2a: Iron Treads|Ice Spinner|p1a: Zapdos
|-supereffective|p1a: Zapdos
|-damage|p1a: Zapdos|77/100
|move|p1a: Zapdos|Hurricane|p2a: Iron Treads
|-resisted|p2a: Iron Treads
|-damage|p2a: Iron Treads|0 fnt
|faint|p2a: Iron Treads
|-end|p2a: Iron Treads|Quark Drive|[silent]
|
|upkeep
|
|t:|1759041767
|switch|p2a: Garganacl|Garganacl, M|100/100
|turn|14
|
|t:|1759041777
|move|p1a: Zapdos|U-turn|p2a: Garganacl
|-damage|p2a: Garganacl|93/100
|
|t:|1759041782
|switch|p1a: Alomomola|Alomomola, F|37/100|[from] U-turn
|move|p2a: Garganacl|Salt Cure|p1a: Alomomola
|-damage|p1a: Alomomola|27/100
|-start|p1a: Alomomola|Salt Cure
|
|-heal|p2a: Garganacl|99/100|[from] item: Leftovers
|-damage|p1a: Alomomola|2/100|[from] Salt Cure
|upkeep
|turn|15
|-message|UltraGodGreninja forfeited.
|
|win|polo4569
|raw|UltraGodGreninja's rating: 1349 &rarr; <strong>1329</strong><br />(-20 for losing)
|raw|polo4569's rating: 1341 &rarr; <strong>1361</strong><br />(+20 for winning)
|l|☆UltraGodGreninja
|player|p1|
|l|☆polo4569
|player|p2|
