|j|☆BabyGronkel
|j|☆Tobijora
|t:|1759026868
|gametype|singles
|player|p1|BabyGronkel|juan|1131
|player|p2|Tobijora|gambler|1100
|gen|9
|tier|[Gen 9] OU
|rated|
|rule|HP Percentage Mod: HP is shown in percentages
|rule|Endless Battle Clause: Forcing endless battles is banned
|rule|Species Clause: Limit one of each Pokémon
|rule|OHKO Clause: OHKO moves are banned
|rule|Evasion Items Clause: Evasion items are banned
|rule|Evasion Moves Clause: Evasion moves are banned
|rule|Evasion Abilities Clause: Evasion abilities are banned
|rule|Sleep Moves Clause: Sleep-inducing moves are banned
|clearpoke
|poke|p1|Electrode-Hisui|
|poke|p1|Cinderace, F|
|poke|p1|Forretress, M|
|poke|p1|Rabsca, M|
|poke|p1|Magneton|
|poke|p1|Glalie, F|
|poke|p2|Hydreigon, M|
|poke|p2|Duraludon, M|
|poke|p2|Chandelure, F|
|poke|p2|Samurott-Hisui, M|
|poke|p2|Galvantula, F|
|poke|p2|Sinistcha-Masterpiece|
|teampreview
|
|t:|1759026888
|teamsize|p1|6
|teamsize|p2|6
|start
|switch|p1a: Ballin|Cinderace, F|100/100
|switch|p2a: Chandelure|Chandelure, F|100/100
|turn|1
|
|t:|1759026896
|move|p1a: Ballin|Shadow Ball|p2a: Chandelure
|-supereffective|p2a: Chandelure
|-damage|p2a: Chandelure|51/100
|move|p2a: Chandelure|Calm Mind|p2a: Chandelure
|-boost|p2a: Chandelure|spa|1
|-boost|p2a: Chandelure|spd|1
|
|-heal|p2a: Chandelure|57/100|[from] item: Leftovers
|upkeep
|turn|2
|
|t:|1759026902
|move|p1a: Ballin|Shadow Ball|p2a: Chandelure
|-supereffective|p2a: Chandelure
|-damage|p2a: Chandelure|28/100
|move|p2a: Chandelure|Shadow Ball|p1a: Ballin
|-damage|p1a: Ballin|2/100
|
|-heal|p2a: Chandelure|34/100|[from] item: Leftovers
|upkeep
|turn|3
|
|t:|1759026913
|move|p1a: Ballin|Shadow Ball|p2a: Chandelure
|-supereffective|p2a: Chandelure
|-damage|p2a: Chandelure|5/100
|-unboost|p2a: Chandelure|spd|1
|move|p2a: Chandelure|Shadow Ball|p1a: Ballin
|-damage|p1a: Ballin|0 fnt
|faint|p1a: Ballin
|
|-heal|p2a: Chandelure|11/100|[from] item: Leftovers
|upkeep
|
|t:|1759026920
|switch|p1a: angry ball|Electrode-Hisui|100/100
|turn|4
|
|t:|1759026925
|move|p1a: angry ball|Volt Switch|p2a: Chandelure
|-damage|p2a: Chandelure|0 fnt
|faint|p2a: Chandelure
|
|t:|1759026930
|switch|p1a: ice ball|Glalie, F|100/100|[from] Volt Switch
|
|upkeep
|
|t:|1759026944
|switch|p2a: Samurott|Samurott-Hisui, M|100/100
|turn|5
|
|t:|1759026968
|move|p1a: ice ball|Switcheroo|p2a: Samurott
|-activate|p1a: ice ball|move: Trick|[of] p2a: Samurott
|-item|p2a: Samurott|Choice Scarf|[from] move: Switcheroo
|-item|p1a: ice ball|Focus Sash|[from] move: Switcheroo
|move|p2a: Samurott|Swords Dance|p2a: Samurott
|-boost|p2a: Samurott|atk|2
|
|upkeep
|turn|6
|
|t:|1759026977
|switch|p2a: Duraludon|Duraludon, M|100/100
|move|p1a: ice ball|Snowscape|p1a: ice ball
|-weather|Snowscape
|
|-weather|Snowscape|[upkeep]
|upkeep
|turn|7
|
|t:|1759026983
|move|p1a: ice ball|Weather Ball|p2a: Duraludon
|-damage|p2a: Duraludon|48/100
|move|p2a: Duraludon|Iron Defense|p2a: Duraludon
|-boost|p2a: Duraludon|def|2
|
|-weather|Snowscape|[upkeep]
|upkeep
|turn|8
|
|t:|1759026990
|move|p1a: ice ball|Weather Ball|p2a: Duraludon
|-damage|p2a: Duraludon|0 fnt
|faint|p2a: Duraludon
|
|-weather|Snowscape|[upkeep]
|upkeep
|
|t:|1759026996
|switch|p2a: Samurott|Samurott-Hisui, M|100/100
|turn|9
|
|t:|1759027002
|move|p2a: Samurott|Sacred Sword|p1a: ice ball
|-supereffective|p1a: ice ball
|-damage|p1a: ice ball|31/100
|move|p1a: ice ball|Weather Ball|p2a: Samurott
|-resisted|p2a: Samurott
|-damage|p2a: Samurott|76/100
|
|-weather|Snowscape|[upkeep]
|-heal|p1a: ice ball|37/100|[from] ability: Ice Body
|upkeep
|turn|10
|
|t:|1759027008
|switch|p1a: Ball worshipper|Rabsca, M|100/100
|move|p2a: Samurott|Sacred Sword|p1a: Ball worshipper
|-resisted|p1a: Ball worshipper
|-damage|p1a: Ball worshipper|91/100
|
|-weather|none
|upkeep
|turn|11
|
|t:|1759027023
|switch|p2a: Galvantula|Galvantula, F|100/100
|move|p1a: Ball worshipper|Calm Mind|p1a: Ball worshipper
|-boost|p1a: Ball worshipper|spa|1
|-boost|p1a: Ball worshipper|spd|1
|
|upkeep
|turn|12
|
|t:|1759027035
|move|p2a: Galvantula|Sticky Web|p1a: Ball worshipper
|-sidestart|p1: BabyGronkel|move: Sticky Web
|move|p1a: Ball worshipper|Calm Mind|p1a: Ball worshipper
|-boost|p1a: Ball worshipper|spa|1
|-boost|p1a: Ball worshipper|spd|1
|
|upkeep
|turn|13
|
|t:|1759027043
|move|p2a: Galvantula|Thunder|p1a: Ball worshipper
|-damage|p1a: Ball worshipper|69/100
|move|p1a: Ball worshipper|Iron Defense|p1a: Ball worshipper
|-boost|p1a: Ball worshipper|def|2
|
|upkeep
|turn|14
|
|t:|1759027049
|move|p2a: Galvantula|Thunder|p1a: Ball worshipper
|-damage|p1a: Ball worshipper|45/100
|move|p1a: Ball worshipper|Stored Power|p2a: Galvantula
|-enditem|p2a: Galvantula|Focus Sash
|-damage|p2a: Galvantula|1/100
|
|upkeep
|turn|15
|
|t:|1759027057
|move|p2a: Galvantula|Thunder|p1a: Ball worshipper|[miss]
|-miss|p2a: Galvantula|p1a: Ball worshipper
|move|p1a: Ball worshipper|Stored Power|p2a: Galvantula
|-damage|p2a: Galvantula|0 fnt
|faint|p2a: Galvantula
|
|upkeep
|
|t:|1759027068
|switch|p2a: Samurott|Samurott-Hisui, M|76/100
|turn|16
|
|t:|1759027077
|move|p2a: Samurott|Ceaseless Edge|p1a: Ball worshipper|[miss]
|-miss|p2a: Samurott|p1a: Ball worshipper
|move|p1a: Ball worshipper|Shadow Ball|p2a: Samurott
|-resisted|p2a: Samurott
|-damage|p2a: Samurott|33/100
|
|upkeep
|turn|17
|
|t:|1759027083
|move|p2a: Samurott|Ceaseless Edge|p1a: Ball worshipper
|-supereffective|p1a: Ball worshipper
|-damage|p1a: Ball worshipper|2/100
|-sidestart|p1: BabyGronkel|Spikes
|move|p1a: Ball worshipper|Shadow Ball|p2a: Samurott
|-resisted|p2a: Samurott
|-damage|p2a: Samurott|0 fnt
|faint|p2a: Samurott
|
|upkeep
|
|t:|1759027090
|switch|p2a: Hydreigon|Hydreigon, M|100/100
|turn|18
|
|t:|1759027095
|move|p2a: Hydreigon|Dark Pulse|p1a: Ball worshipper
|-supereffective|p1a: Ball worshipper
|-damage|p1a: Ball worshipper|0 fnt
|faint|p1a: Ball worshipper
|
|upkeep
|
|t:|1759027100
|switch|p1a: gun ball|Forretress, M|100/100
|turn|19
|
|t:|1759027107
|move|p2a: Hydreigon|Dragon Pulse|p1a: gun ball
|-resisted|p1a: gun ball
|-damage|p1a: gun ball|74/100
|move|p1a: gun ball|Rapid Spin|p2a: Hydreigon
|-damage|p2a: Hydreigon|85/100
|-boost|p1a: gun ball|spe|1
|-sideend|p1: BabyGronkel|Spikes|[from] move: Rapid Spin|[of] p1a: gun ball
|-sideend|p1: BabyGronkel|Sticky Web|[from] move: Rapid Spin|[of] p1a: gun ball
|
|-heal|p2a: Hydreigon|91/100|[from] item: Leftovers
|upkeep
|turn|20
|
|t:|1759027117
|move|p2a: Hydreigon|Nasty Plot|p2a: Hydreigon
|-boost|p2a: Hydreigon|spa|2
|move|p1a: gun ball|Gyro Ball|p2a: Hydreigon
|-damage|p2a: Hydreigon|61/100
|
|-heal|p2a: Hydreigon|67/100|[from] item: Leftovers
|upkeep
|turn|21
|
|t:|1759027131
|switch|p1a: 3 balls|Magneton|100/100
|move|p2a: Hydreigon|Dragon Pulse|p1a: 3 balls
|-resisted|p1a: 3 balls
|-damage|p1a: 3 balls|50/100
|
|-heal|p2a: Hydreigon|73/100|[from] item: Leftovers
|upkeep
|turn|22
|
|t:|1759027142
|move|p2a: Hydreigon|Dark Pulse|p1a: 3 balls
|-damage|p1a: 3 balls|0 fnt
|faint|p1a: 3 balls
|
|-heal|p2a: Hydreigon|79/100|[from] item: Leftovers
|upkeep
|
|t:|1759027146
|switch|p1a: angry ball|Electrode-Hisui|100/100
|turn|23
|
|t:|1759027172
|-terastallize|p1a: angry ball|Electric
|move|p1a: angry ball|Volt Switch|p2a: Hydreigon
|-resisted|p2a: Hydreigon
|-damage|p2a: Hydreigon|63/100
|
|t:|1759027178
|switch|p1a: gun ball|Forretress, M|74/100|[from] Volt Switch
|move|p2a: Hydreigon|Dark Pulse|p1a: gun ball
|-damage|p1a: gun ball|0 fnt
|faint|p1a: gun ball
|
|-heal|p2a: Hydreigon|69/100|[from] item: Leftovers
|upkeep
|
|t:|1759027183
|switch|p1a: angry ball|Electrode-Hisui, tera:Electric|100/100
|turn|24
|
|t:|1759027191
|move|p1a: angry ball|Electro Ball|p2a: Hydreigon
|-resisted|p2a: Hydreigon
|-damage|p2a: Hydreigon|54/100
|move|p2a: Hydreigon|Dark Pulse|p1a: angry ball
|-damage|p1a: angry ball|0 fnt
|faint|p1a: angry ball
|
|-heal|p2a: Hydreigon|60/100|[from] item: Leftovers
|upkeep
|
|t:|1759027195
|switch|p1a: ice ball|Glalie, F|37/100
|turn|25
|
|t:|1759027203
|move|p2a: Hydreigon|Flash Cannon|p1a: ice ball
|-supereffective|p1a: ice ball
|-damage|p1a: ice ball|0 fnt
|faint|p1a: ice ball
|
|win|Tobijora
|raw|BabyGronkel's rating: 1131 &rarr; <strong>1104</strong><br />(-27 for losing)
|raw|Tobijora's rating: 1100 &rarr; <strong>1127</strong><br />(+27 for winning)
|l|☆BabyGronkel
|player|p1|
|c|☆Tobijora|gg
|l|☆Tobijora
|player|p2|
