|j|☆SmallKuza1888
|j|☆Trainer #39
|t:|1759040759
|gametype|singles
|player|p1|SmallKuza1888|cyclist-gen4|1721
|player|p2|Trainer #39|bugsy|1805
|gen|9
|tier|[Gen 9] OU
|rated|
|rule|HP Percentage Mod: HP is shown in percentages
|rule|Endless Battle Clause: Forcing endless battles is banned
|rule|Species Clause: Limit one of each Pokémon
|rule|OHKO Clause: OHKO moves are banned
|rule|Evasion Items Clause: Evasion items are banned
|rule|Evasion Moves Clause: Evasion moves are banned
|rule|Evasion Abilities Clause: Evasion abilities are banned
|rule|Sleep Moves Clause: Sleep-inducing moves are banned
|clearpoke
|poke|p1|Weavile, M|
|poke|p1|Iron Treads|
|poke|p1|Keldeo-Resolute|
|poke|p1|Hatterene, F|
|poke|p1|Ting-Lu|
|poke|p1|Dragonite, M|
|poke|p2|Blissey, F|
|poke|p2|Corviknight, M|
|poke|p2|Dondozo, M|
|poke|p2|Gliscor, M|
|poke|p2|Clefable, M|
|poke|p2|Slowking-Galar, M|
|teampreview
|
|t:|1759040770
|teamsize|p1|6
|teamsize|p2|6
|start
|switch|p1a: Keldeo|Keldeo-Resolute|100/100
|switch|p2a: 🇮🇱=terrorists|Gliscor, M|100/100
|turn|1
|
|t:|1759040785
|move|p2a: 🇮🇱=terrorists|Protect|p2a: 🇮🇱=terrorists
|-singleturn|p2a: 🇮🇱=terrorists|Protect
|move|p1a: Keldeo|Surf|p2a: 🇮🇱=terrorists
|-activate|p2a: 🇮🇱=terrorists|move: Protect
|
|-status|p2a: 🇮🇱=terrorists|tox|[from] item: Toxic Orb
|upkeep
|turn|2
|
|t:|1759040789
|switch|p2a: LeJ/ovni/la lettre|Slowking-Galar, M|100/100
|move|p1a: Keldeo|Secret Sword|p2a: LeJ/ovni/la lettre
|-resisted|p2a: LeJ/ovni/la lettre
|-damage|p2a: LeJ/ovni/la lettre|86/100
|
|upkeep
|turn|3
|
|t:|1759040792
|move|p1a: Keldeo|Flip Turn|p2a: LeJ/ovni/la lettre
|-damage|p2a: LeJ/ovni/la lettre|70/100
|
|t:|1759040794
|switch|p1a: Iron Treads|Iron Treads|100/100|[from] Flip Turn
|move|p2a: LeJ/ovni/la lettre|Sludge Bomb|p1a: Iron Treads
|-immune|p1a: Iron Treads
|
|upkeep
|turn|4
|
|t:|1759040800
|switch|p2a: C.Kirk:not missed|Corviknight, M|100/100
|-ability|p2a: C.Kirk:not missed|Pressure
|move|p1a: Iron Treads|Knock Off|p2a: C.Kirk:not missed
|-damage|p2a: C.Kirk:not missed|81/100
|-damage|p1a: Iron Treads|84/100|[from] item: Rocky Helmet|[of] p2a: C.Kirk:not missed
|-enditem|p2a: C.Kirk:not missed|Rocky Helmet|[from] move: Knock Off|[of] p1a: Iron Treads
|
|-heal|p1a: Iron Treads|90/100|[from] item: Leftovers
|upkeep
|turn|5
|
|t:|1759040806
|-end|p1a: Iron Treads|Quark Drive|[silent]
|switch|p1a: Keldeo|Keldeo-Resolute|100/100
|move|p2a: C.Kirk:not missed|Brave Bird|p1a: Keldeo
|-supereffective|p1a: Keldeo
|-damage|p1a: Keldeo|11/100
|-damage|p2a: C.Kirk:not missed|57/100|[from] Recoil
|
|upkeep
|turn|6
|
|t:|1759040809
|switch|p2a: LeJ/ovni/la lettre|Slowking-Galar, M|100/100
|-terastallize|p1a: Keldeo|Water
|move|p1a: Keldeo|Surf|p2a: LeJ/ovni/la lettre
|-damage|p2a: LeJ/ovni/la lettre|54/100
|
|upkeep
|turn|7
|
|t:|1759040812
|move|p1a: Keldeo|Flip Turn|p2a: LeJ/ovni/la lettre
|-damage|p2a: LeJ/ovni/la lettre|30/100
|
|t:|1759040815
|switch|p1a: Iron Treads|Iron Treads|90/100|[from] Flip Turn
|move|p2a: LeJ/ovni/la lettre|Sludge Bomb|p1a: Iron Treads
|-immune|p1a: Iron Treads
|
|-heal|p1a: Iron Treads|96/100|[from] item: Leftovers
|upkeep
|turn|8
|
|t:|1759040820
|-end|p1a: Iron Treads|Quark Drive|[silent]
|switch|p1a: Keldeo|Keldeo-Resolute, tera:Water|11/100
|switch|p2a: C.Kirk:not missed|Corviknight, M|57/100
|-ability|p2a: C.Kirk:not missed|Pressure
|
|upkeep
|turn|9
|
|t:|1759040823
|switch|p2a: brat|Blissey, F|100/100
|move|p1a: Keldeo|Surf|p2a: brat
|-damage|p2a: brat|78/100
|
|upkeep
|turn|10
|
|t:|1759040825
|move|p1a: Keldeo|Secret Sword|p2a: brat
|-supereffective|p2a: brat
|-damage|p2a: brat|0 fnt
|faint|p2a: brat
|
|upkeep
|
|t:|1759040829
|switch|p2a: Charli xcx|Clefable, M|100/100
|turn|11
|
|t:|1759040834
|switch|p1a: Hatterene|Hatterene, F|100/100
|move|p2a: Charli xcx|Knock Off|p1a: Hatterene
|-damage|p1a: Hatterene|82/100
|-enditem|p1a: Hatterene|Assault Vest|[from] move: Knock Off|[of] p2a: Charli xcx
|
|upkeep
|turn|12
|
|t:|1759040838
|switch|p2a: LeJ/ovni/la lettre|Slowking-Galar, M|63/100
|move|p1a: Hatterene|Mystical Fire|p2a: LeJ/ovni/la lettre
|-damage|p2a: LeJ/ovni/la lettre|41/100
|-unboost|p2a: LeJ/ovni/la lettre|spa|1
|
|upkeep
|turn|13
|
|t:|1759040843
|move|p2a: LeJ/ovni/la lettre|Sludge Bomb|p1a: Hatterene
|-supereffective|p1a: Hatterene
|-damage|p1a: Hatterene|38/100
|move|p1a: Hatterene|Psyshock|p2a: LeJ/ovni/la lettre
|-damage|p2a: LeJ/ovni/la lettre|0 fnt
|faint|p2a: LeJ/ovni/la lettre
|
|upkeep
|
|t:|1759040846
|switch|p2a: 🇮🇱=terrorists|Gliscor, M|100/100 tox
|turn|14
|
|t:|1759040852
|switch|p1a: Ting-Lu|Ting-Lu|100/100
|-ability|p1a: Ting-Lu|Vessel of Ruin
|move|p2a: 🇮🇱=terrorists|Substitute|p2a: 🇮🇱=terrorists
|-start|p2a: 🇮🇱=terrorists|Substitute
|-damage|p2a: 🇮🇱=terrorists|76/100 tox
|
|-heal|p2a: 🇮🇱=terrorists|88/100 tox|[from] ability: Poison Heal
|upkeep
|turn|15
|
|t:|1759040856
|move|p2a: 🇮🇱=terrorists|Toxic|p1a: Ting-Lu
|-status|p1a: Ting-Lu|tox
|move|p1a: Ting-Lu|Stealth Rock|p2a: 🇮🇱=terrorists
|-sidestart|p2: Trainer #39|move: Stealth Rock
|
|-heal|p2a: 🇮🇱=terrorists|100/100 tox|[from] ability: Poison Heal
|-damage|p1a: Ting-Lu|94/100 tox|[from] psn
|upkeep
|turn|16
|
|t:|1759040859
|move|p2a: 🇮🇱=terrorists|Earthquake|p1a: Ting-Lu
|-damage|p1a: Ting-Lu|82/100 tox
|move|p1a: Ting-Lu|Whirlwind|p2a: 🇮🇱=terrorists
|drag|p2a: 808 and curses|Dondozo, M|100/100
|-damage|p2a: 808 and curses|88/100|[from] Stealth Rock
|
|-heal|p2a: 808 and curses|94/100|[from] item: Leftovers
|-damage|p1a: Ting-Lu|70/100 tox|[from] psn
|upkeep
|turn|17
|
|t:|1759040862
|switch|p2a: C.Kirk:not missed|Corviknight, M|57/100
|-damage|p2a: C.Kirk:not missed|45/100|[from] Stealth Rock
|-ability|p2a: C.Kirk:not missed|Pressure
|move|p1a: Ting-Lu|Ruination|p2a: C.Kirk:not missed
|-damage|p2a: C.Kirk:not missed|23/100
|
|-damage|p1a: Ting-Lu|51/100 tox|[from] psn
|upkeep
|turn|18
|
|t:|1759040865
|move|p2a: C.Kirk:not missed|Defog|p1a: Ting-Lu
|-unboost|p1a: Ting-Lu|evasion|1
|-sideend|p2: Trainer #39|Stealth Rock|[from] move: Defog|[of] p2a: C.Kirk:not missed
|move|p1a: Ting-Lu|Earthquake|p2a: C.Kirk:not missed
|-immune|p2a: C.Kirk:not missed
|
|-damage|p1a: Ting-Lu|26/100 tox|[from] psn
|upkeep
|turn|19
|
|t:|1759040868
|move|p2a: C.Kirk:not missed|Roost|p2a: C.Kirk:not missed
|-heal|p2a: C.Kirk:not missed|73/100
|-singleturn|p2a: C.Kirk:not missed|move: Roost
|move|p1a: Ting-Lu|Stealth Rock|p2a: C.Kirk:not missed
|-sidestart|p2: Trainer #39|move: Stealth Rock
|
|-damage|p1a: Ting-Lu|0 fnt|[from] psn
|faint|p1a: Ting-Lu
|upkeep
|j| frit
|
|t:|1759040871
|switch|p1a: Keldeo|Keldeo-Resolute, tera:Water|11/100
|turn|20
|j| Nitro611
|
|t:|1759040874
|move|p1a: Keldeo|Surf|p2a: C.Kirk:not missed
|-damage|p2a: C.Kirk:not missed|8/100
|move|p2a: C.Kirk:not missed|U-turn|p1a: Keldeo
|-damage|p1a: Keldeo|0 fnt
|faint|p1a: Keldeo
|
|t:|1759040879
|switch|p2a: 🇮🇱=terrorists|Gliscor, M|100/100 tox|[from] U-turn
|-damage|p2a: 🇮🇱=terrorists|88/100 tox|[from] Stealth Rock
|
|-heal|p2a: 🇮🇱=terrorists|100/100 tox|[from] ability: Poison Heal
|upkeep
|
|t:|1759040881
|switch|p1a: Weavile|Weavile, M|100/100
|-ability|p1a: Weavile|Pressure
|turn|21
|
|t:|1759040884
|move|p2a: 🇮🇱=terrorists|Protect|p2a: 🇮🇱=terrorists
|-singleturn|p2a: 🇮🇱=terrorists|Protect
|move|p1a: Weavile|Icicle Crash|p2a: 🇮🇱=terrorists
|-activate|p2a: 🇮🇱=terrorists|move: Protect
|
|upkeep
|turn|22
|
|t:|1759040888
|switch|p1a: Dragonite|Dragonite, M|100/100
|-terastallize|p2a: 🇮🇱=terrorists|Water
|move|p2a: 🇮🇱=terrorists|Toxic|p1a: Dragonite
|-status|p1a: Dragonite|tox
|
|-damage|p1a: Dragonite|94/100 tox|[from] psn
|upkeep
|turn|23
|
|t:|1759040897
|switch|p1a: Hatterene|Hatterene, F|38/100
|move|p2a: 🇮🇱=terrorists|Substitute|p2a: 🇮🇱=terrorists
|-start|p2a: 🇮🇱=terrorists|Substitute
|-damage|p2a: 🇮🇱=terrorists|76/100 tox
|
|-heal|p2a: 🇮🇱=terrorists|88/100 tox|[from] ability: Poison Heal
|upkeep
|turn|24
|
|t:|1759040901
|move|p2a: 🇮🇱=terrorists|Earthquake|p1a: Hatterene
|-damage|p1a: Hatterene|3/100
|move|p1a: Hatterene|Draining Kiss|p2a: 🇮🇱=terrorists
|-end|p2a: 🇮🇱=terrorists|Substitute
|-heal|p1a: Hatterene|24/100|[from] drain|[of] p2a: 🇮🇱=terrorists
|
|-heal|p2a: 🇮🇱=terrorists|100/100 tox|[from] ability: Poison Heal
|upkeep
|turn|25
|
|t:|1759040906
|switch|p1a: Weavile|Weavile, M|100/100
|-ability|p1a: Weavile|Pressure
|move|p2a: 🇮🇱=terrorists|Earthquake|p1a: Weavile
|-damage|p1a: Weavile|49/100
|
|upkeep
|turn|26
|
|t:|1759040909
|move|p1a: Weavile|Knock Off|p2a: 🇮🇱=terrorists
|-damage|p2a: 🇮🇱=terrorists|58/100 tox
|-enditem|p2a: 🇮🇱=terrorists|Toxic Orb|[from] move: Knock Off|[of] p1a: Weavile
|move|p2a: 🇮🇱=terrorists|Earthquake|p1a: Weavile
|-damage|p1a: Weavile|0 fnt
|faint|p1a: Weavile
|
|-heal|p2a: 🇮🇱=terrorists|70/100 tox|[from] ability: Poison Heal
|upkeep
|j| alligator1673
|-message|SmallKuza1888 forfeited.
|
|win|Trainer #39
|raw|SmallKuza1888's rating: 1721 &rarr; <strong>1706</strong><br />(-15 for losing)
|raw|Trainer #39's rating: 1805 &rarr; <strong>1820</strong><br />(+15 for winning)
|l|☆SmallKuza1888
|player|p1|
|l|☆Trainer #39
|player|p2|
|l| frit
|l| alligator1673
