|j|☆uber-mom
|j|☆Parker757
|t:|1758938192
|gametype|singles
|player|p1|uber-mom|lucas|1650
|player|p2|Parker757|pokemonranger-gen4|1741
|gen|9
|tier|[Gen 9] OU
|rated|
|rule|HP Percentage Mod: HP is shown in percentages
|rule|Endless Battle Clause: Forcing endless battles is banned
|rule|Species Clause: Limit one of each Pokémon
|rule|OHKO Clause: OHKO moves are banned
|rule|Evasion Items Clause: Evasion items are banned
|rule|Evasion Moves Clause: Evasion moves are banned
|rule|Evasion Abilities Clause: Evasion abilities are banned
|rule|Sleep Moves Clause: Sleep-inducing moves are banned
|clearpoke
|poke|p1|Ogerpon-Wellspring, F|
|poke|p1|Moltres|
|poke|p1|Ting-Lu|
|poke|p1|Gholdengo|
|poke|p1|Gliscor, F|
|poke|p1|Hydreigon, F|
|poke|p2|Gliscor, M|
|poke|p2|Iron Valiant|
|poke|p2|Hydrapple, M|
|poke|p2|Ting-Lu|
|poke|p2|Gholdengo|
|poke|p2|Zamazenta-*|
|teampreview
|inactive|Battle timer is ON: inactive players will automatically lose when time's up. (requested by Parker757)
|inactive|uber-mom also wants the timer to be on.
|
|t:|1758938210
|teamsize|p1|6
|teamsize|p2|6
|start
|switch|p1a: Hydreigon|Hydreigon, F|100/100
|switch|p2a: Iron Valiant|Iron Valiant|100/100
|turn|1
|
|t:|1758938216
|switch|p1a: Moltres|Moltres|100/100
|move|p2a: Iron Valiant|Moonblast|p1a: Moltres
|-resisted|p1a: Moltres
|-damage|p1a: Moltres|67/100
|
|upkeep
|turn|2
|
|t:|1758938223
|-terastallize|p2a: Iron Valiant|Fairy
|move|p2a: Iron Valiant|Moonblast|p1a: Moltres
|-resisted|p1a: Moltres
|-damage|p1a: Moltres|19/100
|-unboost|p1a: Moltres|spa|1
|move|p1a: Moltres|Roost|p1a: Moltres
|-heal|p1a: Moltres|69/100
|-singleturn|p1a: Moltres|move: Roost
|
|upkeep
|turn|3
|
|t:|1758938232
|move|p2a: Iron Valiant|Moonblast|p1a: Moltres
|-resisted|p1a: Moltres
|-damage|p1a: Moltres|17/100
|-unboost|p1a: Moltres|spa|1
|move|p1a: Moltres|Roost|p1a: Moltres
|-heal|p1a: Moltres|67/100
|-singleturn|p1a: Moltres|move: Roost
|
|upkeep
|turn|4
|
|t:|1758938237
|switch|p1a: Gholdengo|Gholdengo|100/100
|move|p2a: Iron Valiant|Moonblast|p1a: Gholdengo
|-resisted|p1a: Gholdengo
|-damage|p1a: Gholdengo|50/100
|
|upkeep
|turn|5
|
|t:|1758938240
|-end|p2a: Iron Valiant|Quark Drive|[silent]
|switch|p2a: Ting-Lu|Ting-Lu|100/100
|-ability|p2a: Ting-Lu|Vessel of Ruin
|move|p1a: Gholdengo|Make It Rain|p2a: Ting-Lu
|-damage|p2a: Ting-Lu|74/100
|-unboost|p1a: Gholdengo|spa|1
|
|-heal|p2a: Ting-Lu|80/100|[from] item: Leftovers
|upkeep
|turn|6
|
|t:|1758938244
|switch|p1a: Gliscor|Gliscor, F, shiny|100/100
|move|p2a: Ting-Lu|Stealth Rock|p1a: Gliscor
|-sidestart|p1: uber-mom|move: Stealth Rock
|
|-heal|p2a: Ting-Lu|86/100|[from] item: Leftovers
|-status|p1a: Gliscor|tox|[from] item: Toxic Orb
|upkeep
|turn|7
|
|t:|1758938248
|move|p1a: Gliscor|Stealth Rock|p2a: Ting-Lu
|-sidestart|p2: Parker757|move: Stealth Rock
|move|p2a: Ting-Lu|Ruination|p1a: Gliscor
|-damage|p1a: Gliscor|50/100 tox
|
|-heal|p2a: Ting-Lu|92/100|[from] item: Leftovers
|-heal|p1a: Gliscor|63/100 tox|[from] ability: Poison Heal
|upkeep
|turn|8
|
|t:|1758938251
|switch|p2a: Hydrapple|Hydrapple, M|100/100
|move|p1a: Gliscor|Toxic|p2a: Hydrapple
|-status|p2a: Hydrapple|tox
|
|-heal|p1a: Gliscor|75/100 tox|[from] ability: Poison Heal
|-damage|p2a: Hydrapple|94/100 tox|[from] psn
|upkeep
|turn|9
|
|t:|1758938254
|move|p1a: Gliscor|Knock Off|p2a: Hydrapple
|-damage|p2a: Hydrapple|82/100 tox
|-enditem|p2a: Hydrapple|Heavy-Duty Boots|[from] move: Knock Off|[of] p1a: Gliscor
|move|p2a: Hydrapple|Nasty Plot|p2a: Hydrapple
|-boost|p2a: Hydrapple|spa|2
|
|-heal|p1a: Gliscor|88/100 tox|[from] ability: Poison Heal
|-damage|p2a: Hydrapple|70/100 tox|[from] psn
|upkeep
|turn|10
|
|t:|1758938261
|move|p1a: Gliscor|Protect|p1a: Gliscor
|-singleturn|p1a: Gliscor|Protect
|move|p2a: Hydrapple|Fickle Beam|p1a: Gliscor
|-activate|p1a: Gliscor|move: Protect
|
|-heal|p1a: Gliscor|100/100 tox|[from] ability: Poison Heal
|-damage|p2a: Hydrapple|52/100 tox|[from] psn
|upkeep
|turn|11
|
|t:|1758938265
|move|p1a: Gliscor|Knock Off|p2a: Hydrapple
|-damage|p2a: Hydrapple|44/100 tox
|move|p2a: Hydrapple|Fickle Beam|p1a: Gliscor
|-damage|p1a: Gliscor|48/100 tox
|
|-heal|p1a: Gliscor|60/100 tox|[from] ability: Poison Heal
|-damage|p2a: Hydrapple|20/100 tox|[from] psn
|upkeep
|turn|12
|
|t:|1758938276
|switch|p2a: Iron Valiant|Iron Valiant, tera:Fairy|100/100
|-damage|p2a: Iron Valiant|88/100|[from] Stealth Rock
|move|p1a: Gliscor|Knock Off|p2a: Iron Valiant
|-resisted|p2a: Iron Valiant
|-damage|p2a: Iron Valiant|74/100
|-enditem|p2a: Iron Valiant|Choice Specs|[from] move: Knock Off|[of] p1a: Gliscor
|
|-heal|p1a: Gliscor|73/100 tox|[from] ability: Poison Heal
|upkeep
|turn|13
|
|t:|1758938286
|move|p2a: Iron Valiant|Moonblast|p1a: Gliscor
|-damage|p1a: Gliscor|23/100 tox
|move|p1a: Gliscor|Toxic|p2a: Iron Valiant
|-status|p2a: Iron Valiant|tox
|
|-damage|p2a: Iron Valiant|68/100 tox|[from] psn
|-heal|p1a: Gliscor|36/100 tox|[from] ability: Poison Heal
|upkeep
|turn|14
|
|t:|1758938291
|move|p1a: Gliscor|Protect|p1a: Gliscor
|-singleturn|p1a: Gliscor|Protect
|move|p2a: Iron Valiant|Moonblast|p1a: Gliscor
|-activate|p1a: Gliscor|move: Protect
|
|-damage|p2a: Iron Valiant|56/100 tox|[from] psn
|-heal|p1a: Gliscor|48/100 tox|[from] ability: Poison Heal
|upkeep
|turn|15
|
|t:|1758938295
|switch|p1a: Moltres|Moltres|67/100
|move|p2a: Iron Valiant|Thunderbolt|p1a: Moltres
|-supereffective|p1a: Moltres
|-damage|p1a: Moltres|1/100
|
|-damage|p2a: Iron Valiant|37/100 tox|[from] psn
|upkeep
|turn|16
|
|t:|1758938315
|switch|p1a: Ting-Lu|Ting-Lu|100/100
|-damage|p1a: Ting-Lu|94/100|[from] Stealth Rock
|-ability|p1a: Ting-Lu|Vessel of Ruin
|move|p2a: Iron Valiant|Shadow Ball|p1a: Ting-Lu
|-resisted|p1a: Ting-Lu
|-damage|p1a: Ting-Lu|89/100
|
|-heal|p1a: Ting-Lu|95/100|[from] item: Leftovers
|-damage|p2a: Iron Valiant|12/100 tox|[from] psn
|upkeep
|turn|17
|
|t:|1758938324
|move|p2a: Iron Valiant|Moonblast|p1a: Ting-Lu
|-supereffective|p1a: Ting-Lu
|-damage|p1a: Ting-Lu|39/100
|-unboost|p1a: Ting-Lu|spa|1
|move|p1a: Ting-Lu|Earthquake|p2a: Iron Valiant
|-damage|p2a: Iron Valiant|0 fnt
|faint|p2a: Iron Valiant
|-end|p2a: Iron Valiant|Quark Drive|[silent]
|
|-heal|p1a: Ting-Lu|45/100|[from] item: Leftovers
|upkeep
|
|t:|1758938330
|switch|p2a: Zamazenta|Zamazenta|100/100
|-ability|p2a: Zamazenta|Dauntless Shield|boost
|-boost|p2a: Zamazenta|def|1
|turn|18
|
|t:|1758938334
|switch|p1a: Moltres|Moltres|1/100
|move|p2a: Zamazenta|Close Combat|p1a: Moltres
|-resisted|p1a: Moltres
|-damage|p1a: Moltres|0 fnt
|-unboost|p2a: Zamazenta|def|1
|-unboost|p2a: Zamazenta|spd|1
|-status|p2a: Zamazenta|brn|[from] ability: Flame Body|[of] p1a: Moltres
|faint|p1a: Moltres
|
|-damage|p2a: Zamazenta|94/100 brn|[from] brn
|upkeep
|
|t:|1758938340
|switch|p1a: Gholdengo|Gholdengo|50/100
|-damage|p1a: Gholdengo|44/100|[from] Stealth Rock
|turn|19
|
|t:|1758938344
|switch|p2a: Ting-Lu|Ting-Lu|92/100
|-damage|p2a: Ting-Lu|86/100|[from] Stealth Rock
|-ability|p2a: Ting-Lu|Vessel of Ruin
|move|p1a: Gholdengo|Trick|p2a: Ting-Lu
|-activate|p1a: Gholdengo|move: Trick|[of] p2a: Ting-Lu
|-item|p2a: Ting-Lu|Choice Scarf|[from] move: Trick
|-item|p1a: Gholdengo|Leftovers|[from] move: Trick
|
|-heal|p1a: Gholdengo|50/100|[from] item: Leftovers
|upkeep
|turn|20
|
|t:|1758938373
|switch|p1a: Gliscor|Gliscor, F, shiny|48/100 tox
|-damage|p1a: Gliscor|36/100 tox|[from] Stealth Rock
|move|p2a: Ting-Lu|Whirlwind|p1a: Gliscor
|drag|p1a: Ting-Lu|Ting-Lu|45/100
|-damage|p1a: Ting-Lu|39/100|[from] Stealth Rock
|-ability|p1a: Ting-Lu|Vessel of Ruin
|
|-heal|p1a: Ting-Lu|45/100|[from] item: Leftovers
|upkeep
|turn|21
|
|t:|1758938376
|move|p1a: Ting-Lu|Rest|p1a: Ting-Lu
|-status|p1a: Ting-Lu|slp|[from] move: Rest
|-heal|p1a: Ting-Lu|100/100 slp|[silent]
|move|p2a: Ting-Lu|Whirlwind|p1a: Ting-Lu
|drag|p1a: Gliscor|Gliscor, F, shiny|36/100 tox
|-damage|p1a: Gliscor|23/100 tox|[from] Stealth Rock
|
|-heal|p1a: Gliscor|36/100 tox|[from] ability: Poison Heal
|upkeep
|turn|22
|
|t:|1758938383
|switch|p2a: Gliscor|Gliscor, M|100/100
|-damage|p2a: Gliscor|88/100|[from] Stealth Rock
|move|p1a: Gliscor|Toxic|p2a: Gliscor
|-status|p2a: Gliscor|tox
|
|-heal|p2a: Gliscor|100/100 tox|[from] ability: Poison Heal
|-heal|p1a: Gliscor|48/100 tox|[from] ability: Poison Heal
|upkeep
|turn|23
|
|t:|1758938393
|switch|p1a: Ogerpon|Ogerpon-Wellspring, F|100/100
|-damage|p1a: Ogerpon|88/100|[from] Stealth Rock
|move|p2a: Gliscor|Swords Dance|p2a: Gliscor
|-boost|p2a: Gliscor|atk|2
|
|upkeep
|turn|24
|
|t:|1758938395
|move|p1a: Ogerpon|Encore|p2a: Gliscor
|-start|p2a: Gliscor|Encore
|move|p2a: Gliscor|Swords Dance|p2a: Gliscor
|-boost|p2a: Gliscor|atk|2
|
|upkeep
|turn|25
|
|t:|1758938397
|switch|p2a: Hydrapple|Hydrapple, M|53/100 tox
|-damage|p2a: Hydrapple|41/100 tox|[from] Stealth Rock
|move|p1a: Ogerpon|Spikes|p2a: Hydrapple
|-sidestart|p2: Parker757|Spikes
|
|-damage|p2a: Hydrapple|35/100 tox|[from] psn
|upkeep
|turn|26
|
|t:|1758938406
|switch|p1a: Ting-Lu|Ting-Lu|100/100 slp
|-damage|p1a: Ting-Lu|94/100 slp|[from] Stealth Rock
|-ability|p1a: Ting-Lu|Vessel of Ruin
|move|p2a: Hydrapple|Fickle Beam|p1a: Ting-Lu|[anim] Fickle Beam All Out
|-activate|p2a: Hydrapple|move: Fickle Beam
|-damage|p1a: Ting-Lu|67/100 slp
|
|-heal|p1a: Ting-Lu|74/100 slp|[from] item: Leftovers
|-damage|p2a: Hydrapple|22/100 tox|[from] psn
|upkeep
|turn|27
|
|t:|1758938410
|move|p2a: Hydrapple|Giga Drain|p1a: Ting-Lu
|-supereffective|p1a: Ting-Lu
|-damage|p1a: Ting-Lu|47/100 slp
|-heal|p2a: Hydrapple|39/100 tox|[from] drain|[of] p1a: Ting-Lu
|cant|p1a: Ting-Lu|slp
|move|p1a: Ting-Lu|Sleep Talk|p1a: Ting-Lu
|move|p1a: Ting-Lu|Rest||[from] move: Sleep Talk|[still]
|-fail|p1a: Ting-Lu
|
|-heal|p1a: Ting-Lu|53/100 slp|[from] item: Leftovers
|-damage|p2a: Hydrapple|21/100 tox|[from] psn
|upkeep
|turn|28
|
|t:|1758938413
|move|p2a: Hydrapple|Giga Drain|p1a: Ting-Lu
|-supereffective|p1a: Ting-Lu
|-damage|p1a: Ting-Lu|30/100 slp
|-heal|p2a: Hydrapple|35/100 tox|[from] drain|[of] p1a: Ting-Lu
|cant|p1a: Ting-Lu|slp
|move|p1a: Ting-Lu|Sleep Talk|p1a: Ting-Lu
|move|p1a: Ting-Lu|Rest||[from] move: Sleep Talk|[still]
|-fail|p1a: Ting-Lu
|
|-heal|p1a: Ting-Lu|37/100 slp|[from] item: Leftovers
|-damage|p2a: Hydrapple|11/100 tox|[from] psn
|upkeep
|turn|29
|
|t:|1758938417
|switch|p2a: Zamazenta|Zamazenta|94/100 brn
|-curestatus|p1a: Ting-Lu|slp|[msg]
|move|p1a: Ting-Lu|Rest|p1a: Ting-Lu
|-status|p1a: Ting-Lu|slp|[from] move: Rest
|-heal|p1a: Ting-Lu|100/100 slp|[silent]
|
|-damage|p2a: Zamazenta|88/100 brn|[from] brn
|upkeep
|turn|30
|
|t:|1758938422
|switch|p1a: Gliscor|Gliscor, F, shiny|48/100 tox
|-damage|p1a: Gliscor|36/100 tox|[from] Stealth Rock
|move|p2a: Zamazenta|Ice Fang|p1a: Gliscor
|-supereffective|p1a: Gliscor
|-damage|p1a: Gliscor|4/100 tox
|
|-heal|p1a: Gliscor|16/100 tox|[from] ability: Poison Heal
|-damage|p2a: Zamazenta|82/100 brn|[from] brn
|upkeep
|turn|31
|
|t:|1758938425
|move|p1a: Gliscor|Protect|p1a: Gliscor
|-singleturn|p1a: Gliscor|Protect
|move|p2a: Zamazenta|Ice Fang|p1a: Gliscor
|-activate|p1a: Gliscor|move: Protect
|
|-heal|p1a: Gliscor|29/100 tox|[from] ability: Poison Heal
|-damage|p2a: Zamazenta|76/100 brn|[from] brn
|upkeep
|turn|32
|
|t:|1758938435
|switch|p1a: Ogerpon|Ogerpon-Wellspring, F|88/100
|-damage|p1a: Ogerpon|76/100|[from] Stealth Rock
|move|p2a: Zamazenta|Ice Fang|p1a: Ogerpon
|-damage|p1a: Ogerpon|62/100
|-status|p1a: Ogerpon|frz
|
|-damage|p2a: Zamazenta|70/100 brn|[from] brn
|upkeep
|turn|33
|
|t:|1758938437
|move|p2a: Zamazenta|Close Combat|p1a: Ogerpon
|-damage|p1a: Ogerpon|21/100 frz
|-unboost|p2a: Zamazenta|def|1
|-unboost|p2a: Zamazenta|spd|1
|cant|p1a: Ogerpon|frz
|
|-damage|p2a: Zamazenta|64/100 brn|[from] brn
|upkeep
|turn|34
|
|t:|1758938442
|move|p2a: Zamazenta|Close Combat|p1a: Ogerpon
|-damage|p1a: Ogerpon|0 fnt
|-unboost|p2a: Zamazenta|def|1
|-unboost|p2a: Zamazenta|spd|1
|faint|p1a: Ogerpon
|
|-damage|p2a: Zamazenta|57/100 brn|[from] brn
|upkeep
|
|t:|1758938453
|switch|p1a: Ting-Lu|Ting-Lu|100/100 slp
|-damage|p1a: Ting-Lu|94/100 slp|[from] Stealth Rock
|-ability|p1a: Ting-Lu|Vessel of Ruin
|turn|35
|
|t:|1758938457
|move|p2a: Zamazenta|Close Combat|p1a: Ting-Lu
|-supereffective|p1a: Ting-Lu
|-damage|p1a: Ting-Lu|64/100 slp
|-unboost|p2a: Zamazenta|def|1
|-unboost|p2a: Zamazenta|spd|1
|cant|p1a: Ting-Lu|slp
|move|p1a: Ting-Lu|Sleep Talk|p1a: Ting-Lu
|move|p1a: Ting-Lu|Earthquake|p2a: Zamazenta|[from] move: Sleep Talk
|-damage|p2a: Zamazenta|0 fnt
|faint|p2a: Zamazenta
|
|-heal|p1a: Ting-Lu|70/100 slp|[from] item: Leftovers
|upkeep
|
|t:|1758938468
|switch|p2a: Hydrapple|Hydrapple, M|44/100 tox
|-damage|p2a: Hydrapple|32/100 tox|[from] Stealth Rock
|-damage|p2a: Hydrapple|20/100 tox|[from] Spikes
|turn|36
|
|t:|1758938472
|move|p2a: Hydrapple|Giga Drain|p1a: Ting-Lu
|-supereffective|p1a: Ting-Lu
|-damage|p1a: Ting-Lu|43/100 slp
|-heal|p2a: Hydrapple|36/100 tox|[from] drain|[of] p1a: Ting-Lu
|cant|p1a: Ting-Lu|slp
|move|p1a: Ting-Lu|Sleep Talk|p1a: Ting-Lu
|move|p1a: Ting-Lu|Earthquake|p2a: Hydrapple|[from] move: Sleep Talk
|-resisted|p2a: Hydrapple
|-damage|p2a: Hydrapple|26/100 tox
|
|-heal|p1a: Ting-Lu|50/100 slp|[from] item: Leftovers
|-damage|p2a: Hydrapple|20/100 tox|[from] psn
|upkeep
|turn|37
|
|t:|1758938476
|move|p2a: Hydrapple|Giga Drain|p1a: Ting-Lu
|-supereffective|p1a: Ting-Lu
|-damage|p1a: Ting-Lu|24/100 slp
|-heal|p2a: Hydrapple|36/100 tox|[from] drain|[of] p1a: Ting-Lu
|-curestatus|p1a: Ting-Lu|slp|[msg]
|move|p1a: Ting-Lu|Rest|p1a: Ting-Lu
|-status|p1a: Ting-Lu|slp|[from] move: Rest
|-heal|p1a: Ting-Lu|100/100 slp|[silent]
|
|-damage|p2a: Hydrapple|24/100 tox|[from] psn
|upkeep
|turn|38
|
|t:|1758938481
|switch|p2a: Gliscor|Gliscor, M|100/100 tox
|-damage|p2a: Gliscor|88/100 tox|[from] Stealth Rock
|cant|p1a: Ting-Lu|slp
|move|p1a: Ting-Lu|Sleep Talk|p1a: Ting-Lu
|move|p1a: Ting-Lu|Earthquake|p2a: Gliscor|[from] move: Sleep Talk
|-immune|p2a: Gliscor
|
|-heal|p2a: Gliscor|100/100 tox|[from] ability: Poison Heal
|upkeep
|turn|39
|
|t:|1758938486
|switch|p1a: Gliscor|Gliscor, F, shiny|29/100 tox
|-damage|p1a: Gliscor|16/100 tox|[from] Stealth Rock
|move|p2a: Gliscor|Swords Dance|p2a: Gliscor
|-boost|p2a: Gliscor|atk|2
|
|-heal|p1a: Gliscor|29/100 tox|[from] ability: Poison Heal
|upkeep
|turn|40
|
|t:|1758938493
|move|p2a: Gliscor|Facade|p1a: Gliscor
|-damage|p1a: Gliscor|0 fnt
|faint|p1a: Gliscor
|
|upkeep
|
|t:|1758938496
|switch|p1a: Hydreigon|Hydreigon, F|100/100
|-damage|p1a: Hydreigon|88/100|[from] Stealth Rock
|turn|41
|
|t:|1758938501
|-terastallize|p1a: Hydreigon|Steel
|move|p1a: Hydreigon|Substitute|p1a: Hydreigon
|-start|p1a: Hydreigon|Substitute
|-damage|p1a: Hydreigon|63/100
|move|p2a: Gliscor|Knock Off|p1a: Hydreigon
|-end|p1a: Hydreigon|Substitute
|
|-heal|p1a: Hydreigon|69/100|[from] item: Leftovers
|upkeep
|turn|42
|
|t:|1758938506
|move|p1a: Hydreigon|Nasty Plot|p1a: Hydreigon
|-boost|p1a: Hydreigon|spa|2
|move|p2a: Gliscor|Knock Off|p1a: Hydreigon
|-damage|p1a: Hydreigon|20/100
|-enditem|p1a: Hydreigon|Leftovers|[from] move: Knock Off|[of] p2a: Gliscor
|
|upkeep
|turn|43
|
|t:|1758938521
|switch|p2a: Ting-Lu|Ting-Lu|86/100
|-damage|p2a: Ting-Lu|80/100|[from] Stealth Rock
|-damage|p2a: Ting-Lu|67/100|[from] Spikes
|-ability|p2a: Ting-Lu|Vessel of Ruin
|move|p1a: Hydreigon|Draco Meteor|p2a: Ting-Lu
|-damage|p2a: Ting-Lu|3/100
|-unboost|p1a: Hydreigon|spa|2
|
|upkeep
|turn|44
|
|t:|1758938526
|move|p1a: Hydreigon|Flash Cannon|p2a: Ting-Lu
|-damage|p2a: Ting-Lu|0 fnt
|faint|p2a: Ting-Lu
|
|upkeep
|
|t:|1758938528
|switch|p2a: Gholdengo|Gholdengo|100/100
|-damage|p2a: Gholdengo|95/100|[from] Stealth Rock
|-damage|p2a: Gholdengo|82/100|[from] Spikes
|turn|45
|
|t:|1758938531
|switch|p1a: Gholdengo|Gholdengo|50/100
|-damage|p1a: Gholdengo|44/100|[from] Stealth Rock
|move|p2a: Gholdengo|Shadow Ball|p1a: Gholdengo
|-supereffective|p1a: Gholdengo
|-damage|p1a: Gholdengo|0 fnt
|faint|p1a: Gholdengo
|
|upkeep
|
|t:|1758938534
|switch|p1a: Ting-Lu|Ting-Lu|100/100 slp
|-damage|p1a: Ting-Lu|94/100 slp|[from] Stealth Rock
|-ability|p1a: Ting-Lu|Vessel of Ruin
|turn|46
|
|t:|1758938537
|switch|p2a: Gliscor|Gliscor, M|100/100 tox
|-damage|p2a: Gliscor|88/100 tox|[from] Stealth Rock
|cant|p1a: Ting-Lu|slp
|move|p1a: Ting-Lu|Sleep Talk|p1a: Ting-Lu
|move|p1a: Ting-Lu|Payback|p2a: Gliscor|[from] move: Sleep Talk
|-damage|p2a: Gliscor|73/100 tox
|
|-heal|p1a: Ting-Lu|100/100 slp|[from] item: Leftovers
|-heal|p2a: Gliscor|85/100 tox|[from] ability: Poison Heal
|upkeep
|turn|47
|
|t:|1758938542
|move|p2a: Gliscor|Swords Dance|p2a: Gliscor
|-boost|p2a: Gliscor|atk|2
|-curestatus|p1a: Ting-Lu|slp|[msg]
|move|p1a: Ting-Lu|Payback|p2a: Gliscor
|-damage|p2a: Gliscor|54/100 tox
|
|-heal|p2a: Gliscor|66/100 tox|[from] ability: Poison Heal
|upkeep
|turn|48
|
|t:|1758938545
|move|p2a: Gliscor|Protect|p2a: Gliscor
|-singleturn|p2a: Gliscor|Protect
|move|p1a: Ting-Lu|Payback|p2a: Gliscor
|-activate|p2a: Gliscor|move: Protect
|
|-heal|p2a: Gliscor|79/100 tox|[from] ability: Poison Heal
|upkeep
|turn|49
|
|t:|1758938548
|move|p2a: Gliscor|Knock Off|p1a: Ting-Lu
|-resisted|p1a: Ting-Lu
|-damage|p1a: Ting-Lu|89/100
|-enditem|p1a: Ting-Lu|Leftovers|[from] move: Knock Off|[of] p2a: Gliscor
|move|p1a: Ting-Lu|Payback|p2a: Gliscor
|-damage|p2a: Gliscor|48/100 tox
|
|-heal|p2a: Gliscor|60/100 tox|[from] ability: Poison Heal
|upkeep
|turn|50
|
|t:|1758938554
|move|p2a: Gliscor|Protect|p2a: Gliscor
|-singleturn|p2a: Gliscor|Protect
|move|p1a: Ting-Lu|Payback|p2a: Gliscor
|-activate|p2a: Gliscor|move: Protect
|
|-heal|p2a: Gliscor|73/100 tox|[from] ability: Poison Heal
|upkeep
|turn|51
|
|t:|1758938558
|move|p2a: Gliscor|Facade|p1a: Ting-Lu
|-damage|p1a: Ting-Lu|56/100
|move|p1a: Ting-Lu|Payback|p2a: Gliscor
|-damage|p2a: Gliscor|45/100 tox
|
|-heal|p2a: Gliscor|58/100 tox|[from] ability: Poison Heal
|upkeep
|turn|52
|
|t:|1758938561
|move|p2a: Gliscor|Protect|p2a: Gliscor
|-singleturn|p2a: Gliscor|Protect
|move|p1a: Ting-Lu|Payback|p2a: Gliscor
|-activate|p2a: Gliscor|move: Protect
|
|-heal|p2a: Gliscor|70/100 tox|[from] ability: Poison Heal
|upkeep
|turn|53
|j| chengzun
|l| chengzun
|
|t:|1758938567
|move|p2a: Gliscor|Facade|p1a: Ting-Lu
|-damage|p1a: Ting-Lu|21/100
|move|p1a: Ting-Lu|Payback|p2a: Gliscor
|-damage|p2a: Gliscor|41/100 tox
|
|-heal|p2a: Gliscor|54/100 tox|[from] ability: Poison Heal
|upkeep
|turn|54
|
|t:|1758938570
|move|p2a: Gliscor|Protect|p2a: Gliscor
|-singleturn|p2a: Gliscor|Protect
|move|p1a: Ting-Lu|Payback|p2a: Gliscor
|-activate|p2a: Gliscor|move: Protect
|
|-heal|p2a: Gliscor|66/100 tox|[from] ability: Poison Heal
|upkeep
|turn|55
|
|t:|1758938572
|move|p2a: Gliscor|Facade|p1a: Ting-Lu
|-damage|p1a: Ting-Lu|0 fnt
|faint|p1a: Ting-Lu
|
|-heal|p2a: Gliscor|79/100 tox|[from] ability: Poison Heal
|upkeep
|
|t:|1758938573
|switch|p1a: Hydreigon|Hydreigon, F, tera:Steel|20/100
|-damage|p1a: Hydreigon|14/100|[from] Stealth Rock
|turn|56
|
|t:|1758938575
|move|p1a: Hydreigon|Draco Meteor|p2a: Gliscor
|-damage|p2a: Gliscor|22/100 tox
|-unboost|p1a: Hydreigon|spa|2
|move|p2a: Gliscor|Knock Off|p1a: Hydreigon
|-damage|p1a: Hydreigon|0 fnt
|faint|p1a: Hydreigon
|
|win|Parker757
|raw|uber-mom's rating: 1650 &rarr; <strong>1635</strong><br />(-15 for losing)
|raw|Parker757's rating: 1741 &rarr; <strong>1756</strong><br />(+15 for winning)
|l|☆Parker757
|player|p2|
