|badge|p1|silver|gen9ou|30-6
|html|<div class="broadcast-red"><strong>This battle is required to be public due to one or more player having a season medal.</strong><br />During the public phase, you can discuss the state of the ladder <a href="/seasondiscussion">in a special chatroom.</a></div>
|uhtml|medal-msg|<div class="broadcast-blue">Curious what those medals under the avatar are? PS now has Ladder Seasons! For more information, check out the <a href="https://www.smogon.com/forums/threads/3740067/">thread on Smogon.</a></div>
|badge|p2|bronze|gen9ou|100-6
|uhtml|medal-msg|<div class="broadcast-blue">Curious what those medals under the avatar are? PS now has Ladder Seasons! For more information, check out the <a href="https://www.smogon.com/forums/threads/3740067/">thread on Smogon.</a></div>
|raw|<div class="broadcast-blue"><strong>This battle is required to be public due to a player having a name starting with 'medal'.</div>
|j|☆Light SV
|j|‽ho3nconfirm3d
|t:|1759001439
|gametype|singles
|player|p1|Light SV|blue-gen7|1862
|player|p2|ho3nconfirm3d|#scl5shoguns|1902
|gen|9
|tier|[Gen 9] OU
|rated|
|rule|HP Percentage Mod: HP is shown in percentages
|rule|Endless Battle Clause: Forcing endless battles is banned
|rule|Species Clause: Limit one of each Pokémon
|rule|OHKO Clause: OHKO moves are banned
|rule|Evasion Items Clause: Evasion items are banned
|rule|Evasion Moves Clause: Evasion moves are banned
|rule|Evasion Abilities Clause: Evasion abilities are banned
|rule|Sleep Moves Clause: Sleep-inducing moves are banned
|clearpoke
|poke|p1|Primarina, F|
|poke|p1|Ogerpon-Wellspring, F|
|poke|p1|Dragapult, M|
|poke|p1|Maushold|
|poke|p1|Kingambit, F|
|poke|p1|Kyurem|
|poke|p2|Glimmora, F|
|poke|p2|Weavile, F|
|poke|p2|Zamazenta-*|
|poke|p2|Dragonite, M|
|poke|p2|Ogerpon-Wellspring, F|
|poke|p2|Gholdengo|
|teampreview
|inactive|Battle timer is ON: inactive players will automatically lose when time's up. (requested by Light SV)
|l|‽ho3nconfirm3d
|inactive|ho3nconfirm3d disconnected and has a minute to reconnect!
|player|p2|
|inactive|ho3nconfirm3d has 30 seconds to reconnect!
|inactive|ho3nconfirm3d has 20 seconds to reconnect!
|inactive|ho3nconfirm3d has 15 seconds to reconnect!
|j|‽ho3nconfirm3d
|inactive|ho3nconfirm3d reconnected and has 95 seconds left.
|player|p2|ho3nconfirm3d|#scl5shoguns|
|n|‽ho3nconfirm3d|ho3nconfirm3d
|inactive|ho3nconfirm3d has 90 seconds left.
|l|☆Light SV
|inactive|Light SV disconnected and has a minute to reconnect!
|player|p1|
|
|t:|1759001506
|teamsize|p1|6
|teamsize|p2|6
|start
|switch|p1a: Dragapult|Dragapult, M|100/100
|switch|p2a: Weavile|Weavile, F|100/100
|-ability|p2a: Weavile|Pressure
|turn|1
|j|☆Light SV
|inactive|Light SV reconnected and has 150 seconds left.
|player|p1|Light SV|blue-gen7|
|
|t:|1759001521
|switch|p1a: Primarina|Primarina, F|100/100
|move|p2a: Weavile|Ice Shard|p1a: Primarina
|-resisted|p1a: Primarina
|-damage|p1a: Primarina|89/100
|-damage|p2a: Weavile|91/100|[from] item: Life Orb
|
|-heal|p1a: Primarina|95/100|[from] item: Leftovers
|upkeep
|turn|2
|
|t:|1759001526
|move|p2a: Weavile|Knock Off|p1a: Primarina
|-resisted|p1a: Primarina
|-damage|p1a: Primarina|70/100
|-enditem|p1a: Primarina|Leftovers|[from] move: Knock Off|[of] p2a: Weavile
|-damage|p2a: Weavile|81/100|[from] item: Life Orb
|move|p1a: Primarina|Draining Kiss|p2a: Weavile
|-supereffective|p2a: Weavile
|-damage|p2a: Weavile|25/100
|-heal|p1a: Primarina|100/100|[from] drain|[of] p2a: Weavile
|
|upkeep
|turn|3
|
|t:|1759001529
|switch|p2a: Gholdengo|Gholdengo|100/100
|move|p1a: Primarina|Psychic Noise|p2a: Gholdengo
|-damage|p2a: Gholdengo|70/100
|-start|p2a: Gholdengo|move: Heal Block
|
|upkeep
|turn|4
|
|t:|1759001533
|switch|p1a: Ogerpon|Ogerpon-Wellspring, F|100/100
|move|p2a: Gholdengo|Nasty Plot|p2a: Gholdengo
|-boost|p2a: Gholdengo|spa|2
|
|-end|p2a: Gholdengo|move: Heal Block
|upkeep
|turn|5
|
|t:|1759001541
|move|p1a: Ogerpon|Ivy Cudgel|p2a: Gholdengo|[anim] Ivy Cudgel Water
|-damage|p2a: Gholdengo|16/100
|move|p2a: Gholdengo|Make It Rain|p1a: Ogerpon
|-resisted|p1a: Ogerpon
|-damage|p1a: Ogerpon|23/100
|-unboost|p2a: Gholdengo|spa|1
|
|upkeep
|turn|6
|
|t:|1759001550
|switch|p2a: Ogerpon|Ogerpon-Wellspring, F|100/100
|move|p1a: Ogerpon|Ivy Cudgel|p2a: Ogerpon|[anim] Ivy Cudgel Water
|-immune|p2a: Ogerpon|[from] ability: Water Absorb
|
|upkeep
|turn|7
|
|t:|1759001553
|move|p2a: Ogerpon|Play Rough|p1a: Ogerpon
|-damage|p1a: Ogerpon|0 fnt
|faint|p1a: Ogerpon
|
|upkeep
|
|t:|1759001555
|switch|p1a: Dragapult|Dragapult, M|100/100
|turn|8
|
|t:|1759001561
|move|p1a: Dragapult|Will-O-Wisp|p2a: Ogerpon
|-status|p2a: Ogerpon|brn
|move|p2a: Ogerpon|Play Rough|p1a: Dragapult
|-supereffective|p1a: Dragapult
|-damage|p1a: Dragapult|53/100
|
|-damage|p2a: Ogerpon|95/100 brn|[from] brn
|upkeep
|turn|9
|
|t:|1759001564
|move|p1a: Dragapult|Hex|p2a: Ogerpon
|-damage|p2a: Ogerpon|24/100 brn
|move|p2a: Ogerpon|Play Rough|p1a: Dragapult
|-supereffective|p1a: Dragapult
|-damage|p1a: Dragapult|1/100
|
|-damage|p2a: Ogerpon|18/100 brn|[from] brn
|upkeep
|turn|10
|
|t:|1759001569
|switch|p2a: Gholdengo|Gholdengo|16/100
|move|p1a: Dragapult|Dragon Darts|p2a: Gholdengo
|-resisted|p2a: Gholdengo
|-damage|p2a: Gholdengo|6/100
|-anim|p1a: Dragapult|Dragon Darts|p2a: Gholdengo
|-resisted|p2a: Gholdengo
|-damage|p2a: Gholdengo|0 fnt
|faint|p2a: Gholdengo
|
|upkeep
|
|t:|1759001571
|switch|p2a: Weavile|Weavile, F|25/100
|-ability|p2a: Weavile|Pressure
|turn|11
|
|t:|1759001573
|switch|p1a: Primarina|Primarina, F|100/100
|switch|p2a: Ogerpon|Ogerpon-Wellspring, F|18/100 brn
|
|-damage|p2a: Ogerpon|12/100 brn|[from] brn
|upkeep
|turn|12
|
|t:|1759001581
|switch|p2a: Glimmora|Glimmora, F|100/100
|switch|p1a: Kyurem|Kyurem|100/100
|-ability|p1a: Kyurem|Pressure
|
|upkeep
|turn|13
|
|t:|1759001590
|switch|p1a: Dragapult|Dragapult, M|1/100
|move|p2a: Glimmora|Stealth Rock|p1a: Dragapult
|-sidestart|p1: Light SV|move: Stealth Rock
|
|upkeep
|turn|14
|
|t:|1759001599
|switch|p2a: Ogerpon|Ogerpon-Wellspring, F|12/100 brn
|move|p1a: Dragapult|Thunder Wave||[still]
|-fail|p1a: Dragapult
|
|-damage|p2a: Ogerpon|6/100 brn|[from] brn
|upkeep
|turn|15
|
|t:|1759001602
|move|p1a: Dragapult|Hex|p2a: Ogerpon
|-damage|p2a: Ogerpon|0 fnt
|faint|p2a: Ogerpon
|
|upkeep
|
|t:|1759001603
|switch|p2a: Weavile|Weavile, F|25/100
|-ability|p2a: Weavile|Pressure
|turn|16
|
|t:|1759001606
|switch|p1a: Primarina|Primarina, F|100/100
|-damage|p1a: Primarina|88/100|[from] Stealth Rock
|move|p2a: Weavile|Triple Axel|p1a: Primarina
|-resisted|p1a: Primarina
|-damage|p1a: Primarina|82/100
|-resisted|p1a: Primarina
|-damage|p1a: Primarina|71/100
|-resisted|p1a: Primarina
|-crit|p1a: Primarina
|-damage|p1a: Primarina|46/100
|-hitcount|p1a: Primarina|3
|-damage|p2a: Weavile|15/100|[from] item: Life Orb
|
|upkeep
|turn|17
|
|t:|1759001614
|move|p2a: Weavile|Triple Axel|p1a: Primarina
|-resisted|p1a: Primarina
|-damage|p1a: Primarina|41/100
|-resisted|p1a: Primarina
|-damage|p1a: Primarina|31/100
|-resisted|p1a: Primarina
|-damage|p1a: Primarina|15/100
|-hitcount|p1a: Primarina|3
|-damage|p2a: Weavile|5/100|[from] item: Life Orb
|move|p1a: Primarina|Draining Kiss|p2a: Weavile
|-supereffective|p2a: Weavile
|-damage|p2a: Weavile|0 fnt
|-heal|p1a: Primarina|18/100|[from] drain|[of] p2a: Weavile
|faint|p2a: Weavile
|
|upkeep
|
|t:|1759001625
|switch|p2a: Dragonite|Dragonite, M|100/100
|turn|18
|
|t:|1759001628
|-terastallize|p2a: Dragonite|Normal
|move|p2a: Dragonite|Dragon Dance|p2a: Dragonite
|-boost|p2a: Dragonite|atk|1
|-boost|p2a: Dragonite|spe|1
|move|p1a: Primarina|Draining Kiss|p2a: Dragonite
|-damage|p2a: Dragonite|89/100
|-heal|p1a: Primarina|25/100|[from] drain|[of] p2a: Dragonite
|
|upkeep
|turn|19
|j| dsvdv
|
|t:|1759001631
|move|p2a: Dragonite|Dragon Dance|p2a: Dragonite
|-boost|p2a: Dragonite|atk|1
|-boost|p2a: Dragonite|spe|1
|move|p1a: Primarina|Draining Kiss|p2a: Dragonite
|-damage|p2a: Dragonite|69/100
|-heal|p1a: Primarina|39/100|[from] drain|[of] p2a: Dragonite
|
|upkeep
|turn|20
|
|t:|1759001641
|move|p2a: Dragonite|Earthquake|p1a: Primarina
|-damage|p1a: Primarina|0 fnt
|faint|p1a: Primarina
|
|upkeep
|
|t:|1759001645
|switch|p1a: Kingambit|Kingambit, F|100/100
|-damage|p1a: Kingambit|94/100|[from] Stealth Rock
|-activate|p1a: Kingambit|ability: Supreme Overlord
|-start|p1a: Kingambit|fallen2|[silent]
|turn|21
|
|t:|1759001650
|-terastallize|p1a: Kingambit|Fighting
|move|p2a: Dragonite|Extreme Speed|p1a: Kingambit
|-crit|p1a: Kingambit
|-damage|p1a: Kingambit|0 fnt
|faint|p1a: Kingambit
|-end|p1a: Kingambit|fallen2|[silent]
|
|upkeep
|c|☆Light SV|lol
|-message|Light SV forfeited.
|
|win|ho3nconfirm3d
|raw|Light SV's rating: 1862 &rarr; <strong>1844</strong><br />(-18 for losing)
|raw|ho3nconfirm3d's rating: 1902 &rarr; <strong>1920</strong><br />(+18 for winning)
|l|☆Light SV
|player|p1|
|l|‽ho3nconfirm3d
|player|p2|
