|j|☆CozyClown
|j|☆Brmo1031
|t:|1758934993
|gametype|singles
|player|p1|CozyClown|red|
|player|p2|Brmo1031|hiker-gen4|
|gen|9
|tier|[Gen 9] OU
|rule|HP Percentage Mod: HP is shown in percentages
|rule|Endless Battle Clause: Forcing endless battles is banned
|rule|Species Clause: Limit one of each Pokémon
|rule|OHKO Clause: OHKO moves are banned
|rule|Evasion Items Clause: Evasion items are banned
|rule|Evasion Moves Clause: Evasion moves are banned
|rule|Evasion Abilities Clause: Evasion abilities are banned
|rule|Sleep Moves Clause: Sleep-inducing moves are banned
|clearpoke
|poke|p1|Latios, M|
|poke|p1|Garchomp, M|
|poke|p1|Quagsire, M|
|poke|p1|Corviknight, M|
|poke|p1|Zapdos|
|poke|p1|Dragapult, M|
|poke|p2|Zapdos|
|poke|p2|Hydrapple, M|
|poke|p2|Zamazenta-*|
|poke|p2|Slowking-Galar, M|
|poke|p2|Tinkaton, F|
|poke|p2|Ting-Lu|
|teampreview
|inactive|Battle timer is ON: inactive players will automatically lose when time's up. (requested by Brmo1031)
|
|t:|1758935007
|teamsize|p1|6
|teamsize|p2|6
|start
|switch|p1a: Garchomp|Garchomp, M, shiny|100/100
|switch|p2a: Ting-Lu|Ting-Lu|100/100
|-ability|p2a: Ting-Lu|Vessel of Ruin
|turn|1
|inactive|CozyClown has 270 seconds left.
|
|t:|1758935042
|switch|p1a: Quagsire|Quagsire, M|100/100
|move|p2a: Ting-Lu|Ruination|p1a: Quagsire
|-damage|p1a: Quagsire|50/100
|
|upkeep
|turn|2
|inactive|CozyClown has 270 seconds left.
|
|t:|1758935056
|move|p2a: Ting-Lu|Body Press|p1a: Quagsire
|-damage|p1a: Quagsire|29/100
|-damage|p2a: Ting-Lu|84/100|[from] item: Rocky Helmet|[of] p1a: Quagsire
|move|p1a: Quagsire|Blizzard|p2a: Ting-Lu|[miss]
|-miss|p1a: Quagsire|p2a: Ting-Lu
|
|-heal|p2a: Ting-Lu|90/100|[from] item: Leftovers
|upkeep
|turn|3
|inactive|CozyClown has 270 seconds left.
|inactive|CozyClown has 240 seconds left.
|
|t:|1758935107
|switch|p1a: Garchomp|Garchomp, M, shiny|100/100
|move|p2a: Ting-Lu|Earthquake|p1a: Garchomp
|-damage|p1a: Garchomp|62/100
|
|-heal|p2a: Ting-Lu|96/100|[from] item: Leftovers
|upkeep
|turn|4
|inactive|CozyClown has 210 seconds left.
|
|t:|1758935147
|switch|p1a: Latios|Latios, M, shiny|100/100
|move|p2a: Ting-Lu|Earthquake|p1a: Latios
|-immune|p1a: Latios|[from] ability: Levitate
|
|-heal|p2a: Ting-Lu|100/100|[from] item: Leftovers
|upkeep
|turn|5
|inactive|CozyClown has 210 seconds left.
|
|t:|1758935159
|-terastallize|p1a: Latios|Fairy
|move|p1a: Latios|Ice Beam|p2a: Ting-Lu
|-supereffective|p2a: Ting-Lu
|-damage|p2a: Ting-Lu|50/100
|-damage|p1a: Latios|91/100|[from] item: Life Orb
|move|p2a: Ting-Lu|Ruination|p1a: Latios
|-damage|p1a: Latios|46/100
|
|-heal|p2a: Ting-Lu|57/100|[from] item: Leftovers
|upkeep
|turn|6
|inactive|CozyClown has 210 seconds left.
|
|t:|1758935174
|switch|p2a: Zamazenta|Zamazenta|100/100
|-ability|p2a: Zamazenta|Dauntless Shield|boost
|-boost|p2a: Zamazenta|def|1
|move|p1a: Latios|Ice Beam|p2a: Zamazenta
|-damage|p2a: Zamazenta|61/100
|-damage|p1a: Latios|36/100|[from] item: Life Orb
|
|upkeep
|turn|7
|inactive|CozyClown has 210 seconds left.
|
|t:|1758935185
|switch|p1a: Quagsire|Quagsire, M|29/100
|move|p2a: Zamazenta|Heavy Slam|p1a: Quagsire
|-resisted|p1a: Quagsire
|-damage|p1a: Quagsire|22/100
|-damage|p2a: Zamazenta|44/100|[from] item: Rocky Helmet|[of] p1a: Quagsire
|
|upkeep
|turn|8
|inactive|CozyClown has 210 seconds left.
|
|t:|1758935203
|move|p2a: Zamazenta|Close Combat|p1a: Quagsire
|-damage|p1a: Quagsire|0 fnt
|-unboost|p2a: Zamazenta|def|1
|-unboost|p2a: Zamazenta|spd|1
|-damage|p2a: Zamazenta|28/100|[from] item: Rocky Helmet|[of] p1a: Quagsire
|faint|p1a: Quagsire
|
|upkeep
|inactive|CozyClown has 210 seconds left.
|
|t:|1758935215
|switch|p1a: Latios|Latios, M, shiny, tera:Fairy|36/100
|turn|9
|
|t:|1758935219
|move|p2a: Zamazenta|Heavy Slam|p1a: Latios
|-supereffective|p1a: Latios
|-damage|p1a: Latios|0 fnt
|faint|p1a: Latios
|
|upkeep
|
|t:|1758935227
|switch|p1a: Corviknight|Corviknight, M, shiny|100/100
|-ability|p1a: Corviknight|Pressure
|turn|10
|
|t:|1758935235
|switch|p2a: Slowking|Slowking-Galar, M|100/100
|move|p1a: Corviknight|U-turn|p2a: Slowking
|-damage|p2a: Slowking|86/100
|
|t:|1758935249
|switch|p1a: Zapdos|Zapdos, shiny|100/100|[from] U-turn
|
|upkeep
|turn|11
|
|t:|1758935262
|move|p1a: Zapdos|Heat Wave|p2a: Slowking
|-damage|p2a: Slowking|70/100
|-prepare|p2a: Slowking|Chilly Reception|[premajor]
|move|p2a: Slowking|Chilly Reception|p2a: Slowking
|-weather|Snowscape
|
|t:|1758935271
|switch|p2a: Zamazenta|Zamazenta|28/100|[from] Chilly Reception
|
|-weather|Snowscape|[upkeep]
|upkeep
|turn|12
|
|t:|1758935278
|move|p2a: Zamazenta|Stone Edge|p1a: Zapdos
|-supereffective|p1a: Zapdos
|-damage|p1a: Zapdos|34/100
|move|p1a: Zapdos|Volt Switch|p2a: Zamazenta
|-damage|p2a: Zamazenta|0 fnt
|faint|p2a: Zamazenta
|
|t:|1758935287
|switch|p1a: Dragapult|Dragapult, M, shiny|100/100|[from] Volt Switch
|
|-weather|Snowscape|[upkeep]
|upkeep
|
|t:|1758935290
|switch|p2a: Zapdos|Zapdos|100/100
|turn|13
|
|t:|1758935295
|move|p1a: Dragapult|Draco Meteor|p2a: Zapdos
|-damage|p2a: Zapdos|46/100
|-unboost|p1a: Dragapult|spa|2
|move|p2a: Zapdos|Weather Ball|p1a: Dragapult
|-supereffective|p1a: Dragapult
|-damage|p1a: Dragapult|29/100
|
|-weather|Snowscape|[upkeep]
|upkeep
|turn|14
|inactive|CozyClown has 240 seconds left.
|
|t:|1758935305
|move|p1a: Dragapult|Draco Meteor|p2a: Zapdos
|-damage|p2a: Zapdos|20/100
|-unboost|p1a: Dragapult|spa|2
|move|p2a: Zapdos|Weather Ball|p1a: Dragapult
|-supereffective|p1a: Dragapult
|-crit|p1a: Dragapult
|-damage|p1a: Dragapult|0 fnt
|faint|p1a: Dragapult
|
|-weather|Snowscape|[upkeep]
|upkeep
|
|t:|1758935318
|switch|p1a: Garchomp|Garchomp, M, shiny|62/100
|turn|15
|
|t:|1758935324
|move|p2a: Zapdos|Weather Ball|p1a: Garchomp
|-supereffective|p1a: Garchomp
|-enditem|p1a: Garchomp|Yache Berry|[eat]
|-enditem|p1a: Garchomp|Yache Berry|[weaken]
|-damage|p1a: Garchomp|0 fnt
|faint|p1a: Garchomp
|
|-weather|none
|upkeep
|
|t:|1758935334
|switch|p1a: Corviknight|Corviknight, M, shiny|100/100
|-ability|p1a: Corviknight|Pressure
|turn|16
|inactive|CozyClown has 240 seconds left.
|
|t:|1758935343
|switch|p2a: Slowking|Slowking-Galar, M|100/100
|move|p1a: Corviknight|Brave Bird|p2a: Slowking
|-damage|p2a: Slowking|62/100
|-damage|p1a: Corviknight|88/100|[from] Recoil
|
|-heal|p1a: Corviknight|94/100|[from] item: Leftovers
|upkeep
|turn|17
|inactive|CozyClown has 240 seconds left.
|
|t:|1758935356
|move|p1a: Corviknight|Brave Bird|p2a: Slowking
|-damage|p2a: Slowking|23/100
|-damage|p1a: Corviknight|82/100|[from] Recoil
|-prepare|p2a: Slowking|Chilly Reception|[premajor]
|move|p2a: Slowking|Chilly Reception|p2a: Slowking
|-weather|Snowscape
|
|t:|1758935359
|switch|p2a: Zapdos|Zapdos|20/100|[from] Chilly Reception
|
|-weather|Snowscape|[upkeep]
|-heal|p1a: Corviknight|88/100|[from] item: Leftovers
|upkeep
|turn|18
|
|t:|1758935368
|move|p2a: Zapdos|Volt Switch|p1a: Corviknight
|-supereffective|p1a: Corviknight
|-damage|p1a: Corviknight|34/100
|
|t:|1758935372
|switch|p2a: Ting-Lu|Ting-Lu|57/100|[from] Volt Switch
|-ability|p2a: Ting-Lu|Vessel of Ruin
|move|p1a: Corviknight|Brave Bird|p2a: Ting-Lu
|-damage|p2a: Ting-Lu|40/100
|-damage|p1a: Corviknight|27/100|[from] Recoil
|
|-weather|Snowscape|[upkeep]
|-heal|p1a: Corviknight|33/100|[from] item: Leftovers
|-heal|p2a: Ting-Lu|46/100|[from] item: Leftovers
|upkeep
|turn|19
|inactive|CozyClown has 240 seconds left.
|
|t:|1758935403
|move|p1a: Corviknight|Roost|p1a: Corviknight
|-heal|p1a: Corviknight|83/100
|-singleturn|p1a: Corviknight|move: Roost
|move|p2a: Ting-Lu|Whirlwind|p1a: Corviknight
|drag|p1a: Zapdos|Zapdos, shiny|34/100
|
|-weather|Snowscape|[upkeep]
|-heal|p2a: Ting-Lu|53/100|[from] item: Leftovers
|upkeep
|turn|20
|inactive|CozyClown has 240 seconds left.
|
|t:|1758935426
|switch|p2a: Slowking|Slowking-Galar, M|56/100
|move|p1a: Zapdos|Heat Wave|p2a: Slowking
|-damage|p2a: Slowking|39/100
|
|-weather|Snowscape|[upkeep]
|upkeep
|turn|21
|
|t:|1758935434
|move|p1a: Zapdos|Discharge|p2a: Slowking
|-damage|p2a: Slowking|19/100
|move|p2a: Slowking|Flamethrower|p1a: Zapdos
|-damage|p1a: Zapdos|19/100
|
|-weather|none
|upkeep
|turn|22
|
|t:|1758935442
|switch|p2a: Hydrapple|Hydrapple, M|100/100
|move|p1a: Zapdos|Discharge|p2a: Hydrapple
|-resisted|p2a: Hydrapple
|-damage|p2a: Hydrapple|92/100
|
|upkeep
|turn|23
|inactive|CozyClown has 240 seconds left.
|
|t:|1758935455
|switch|p2a: Slowking|Slowking-Galar, M|53/100
|move|p1a: Zapdos|Volt Switch|p2a: Slowking
|-damage|p2a: Slowking|36/100
|
|t:|1758935460
|switch|p1a: Corviknight|Corviknight, M, shiny|83/100|[from] Volt Switch
|-ability|p1a: Corviknight|Pressure
|
|-heal|p1a: Corviknight|89/100|[from] item: Leftovers
|upkeep
|turn|24
|inactive|CozyClown has 240 seconds left.
|
|t:|1758935469
|switch|p2a: Zapdos|Zapdos|20/100
|move|p1a: Corviknight|Brave Bird|p2a: Zapdos
|-resisted|p2a: Zapdos
|-damage|p2a: Zapdos|3/100
|-status|p1a: Corviknight|par|[from] ability: Static|[of] p2a: Zapdos
|-damage|p1a: Corviknight|84/100 par|[from] Recoil
|
|-heal|p1a: Corviknight|91/100 par|[from] item: Leftovers
|upkeep
|turn|25
|inactive|CozyClown has 240 seconds left.
|
|t:|1758935484
|move|p2a: Zapdos|Volt Switch|p1a: Corviknight
|-supereffective|p1a: Corviknight
|-damage|p1a: Corviknight|40/100 par
|
|t:|1758935488
|switch|p2a: Slowking|Slowking-Galar, M|69/100|[from] Volt Switch
|move|p1a: Corviknight|U-turn|p2a: Slowking
|-damage|p2a: Slowking|55/100
|inactive|CozyClown has 240 seconds left.
|
|t:|1758935495
|switch|p1a: Zapdos|Zapdos, shiny|19/100|[from] U-turn
|
|upkeep
|turn|26
|
|t:|1758935502
|move|p1a: Zapdos|Roost|p1a: Zapdos
|-heal|p1a: Zapdos|69/100
|-singleturn|p1a: Zapdos|move: Roost
|-prepare|p2a: Slowking|Chilly Reception|[premajor]
|move|p2a: Slowking|Chilly Reception|p2a: Slowking
|-weather|Snowscape
|
|t:|1758935511
|switch|p2a: Zapdos|Zapdos|3/100|[from] Chilly Reception
|
|-weather|Snowscape|[upkeep]
|upkeep
|turn|27
|
|t:|1758935531
|move|p2a: Zapdos|Roost|p2a: Zapdos
|-heal|p2a: Zapdos|54/100
|-singleturn|p2a: Zapdos|move: Roost
|move|p1a: Zapdos|Heat Wave|p2a: Zapdos
|-damage|p2a: Zapdos|29/100
|
|-weather|Snowscape|[upkeep]
|upkeep
|turn|28
|
|t:|1758935544
|move|p2a: Zapdos|Roost|p2a: Zapdos
|-heal|p2a: Zapdos|80/100
|-singleturn|p2a: Zapdos|move: Roost
|move|p1a: Zapdos|Heat Wave|p2a: Zapdos
|-damage|p2a: Zapdos|54/100
|
|-weather|Snowscape|[upkeep]
|upkeep
|turn|29
|
|t:|1758935556
|switch|p2a: Slowking|Slowking-Galar, M|89/100
|move|p1a: Zapdos|Discharge|p2a: Slowking
|-damage|p2a: Slowking|70/100
|-status|p2a: Slowking|par
|
|-weather|Snowscape|[upkeep]
|upkeep
|turn|30
|
|t:|1758935566
|move|p1a: Zapdos|Volt Switch|p2a: Slowking
|-damage|p2a: Slowking|52/100 par
|
|t:|1758935570
|switch|p1a: Corviknight|Corviknight, M, shiny|40/100 par|[from] Volt Switch
|-ability|p1a: Corviknight|Pressure
|cant|p2a: Slowking|par
|
|-weather|none
|-heal|p1a: Corviknight|46/100 par|[from] item: Leftovers
|upkeep
|turn|31
|
|t:|1758935579
|move|p1a: Corviknight|Roost|p1a: Corviknight
|-heal|p1a: Corviknight|96/100 par
|-singleturn|p1a: Corviknight|move: Roost
|move|p2a: Slowking|Flamethrower|p1a: Corviknight
|-supereffective|p1a: Corviknight
|-damage|p1a: Corviknight|55/100 par
|
|-heal|p1a: Corviknight|61/100 par|[from] item: Leftovers
|upkeep
|turn|32
|
|t:|1758935590
|move|p1a: Corviknight|Brave Bird|p2a: Slowking
|-damage|p2a: Slowking|16/100 par
|-damage|p1a: Corviknight|49/100 par|[from] Recoil
|-prepare|p2a: Slowking|Chilly Reception|[premajor]
|cant|p2a: Slowking|par
|
|-heal|p1a: Corviknight|56/100 par|[from] item: Leftovers
|upkeep
|turn|33
|
|t:|1758935599
|move|p1a: Corviknight|Brave Bird|p2a: Slowking
|-damage|p2a: Slowking|0 fnt
|faint|p2a: Slowking
|-damage|p1a: Corviknight|51/100 par|[from] Recoil
|
|-heal|p1a: Corviknight|57/100 par|[from] item: Leftovers
|upkeep
|
|t:|1758935608
|switch|p2a: Tinkaton|Tinkaton, F|100/100
|-ability|p2a: Tinkaton|Mold Breaker
|-item|p2a: Tinkaton|Air Balloon
|turn|34
|inactive|CozyClown has 270 seconds left.
|
|t:|1758935632
|switch|p1a: Zapdos|Zapdos, shiny|69/100
|move|p2a: Tinkaton|Stealth Rock|p1a: Zapdos
|-sidestart|p1: CozyClown|move: Stealth Rock
|
|upkeep
|turn|35
|
|t:|1758935639
|switch|p2a: Hydrapple|Hydrapple, M|100/100
|move|p1a: Zapdos|Heat Wave|p2a: Hydrapple
|-damage|p2a: Hydrapple|74/100
|-status|p2a: Hydrapple|brn
|
|-damage|p2a: Hydrapple|68/100 brn|[from] brn
|upkeep
|turn|36
|
|t:|1758935654
|move|p1a: Zapdos|Heat Wave|p2a: Hydrapple
|-damage|p2a: Hydrapple|42/100 brn
|move|p2a: Hydrapple|Nasty Plot|p2a: Hydrapple
|-boost|p2a: Hydrapple|spa|2
|
|-damage|p2a: Hydrapple|36/100 brn|[from] brn
|upkeep
|turn|37
|
|t:|1758935663
|move|p1a: Zapdos|Heat Wave|p2a: Hydrapple
|-damage|p2a: Hydrapple|12/100 brn
|move|p2a: Hydrapple|Draco Meteor|p1a: Zapdos
|-damage|p1a: Zapdos|0 fnt
|-unboost|p2a: Hydrapple|spa|2
|faint|p1a: Zapdos
|
|-damage|p2a: Hydrapple|6/100 brn|[from] brn
|upkeep
|
|t:|1758935674
|switch|p1a: Corviknight|Corviknight, M, shiny|57/100 par
|-damage|p1a: Corviknight|45/100 par|[from] Stealth Rock
|-ability|p1a: Corviknight|Pressure
|turn|38
|
|t:|1758935683
|move|p2a: Hydrapple|Earth Power|p1a: Corviknight
|-immune|p1a: Corviknight
|cant|p1a: Corviknight|par
|
|-heal|p1a: Corviknight|51/100 par|[from] item: Leftovers
|-damage|p2a: Hydrapple|0 fnt|[from] brn
|faint|p2a: Hydrapple
|upkeep
|
|t:|1758935688
|switch|p2a: Zapdos|Zapdos|54/100
|turn|39
|inactive|CozyClown has 270 seconds left.
|
|t:|1758935695
|move|p2a: Zapdos|Volt Switch|p1a: Corviknight
|-supereffective|p1a: Corviknight
|-damage|p1a: Corviknight|0 fnt
|faint|p1a: Corviknight
|
|win|Brmo1031
