|j|☆aqlek
|j|☆PoisonGengarX
|t:|1759044149
|gametype|singles
|player|p1|aqlek|266|1189
|player|p2|PoisonGengarX|crasherwake|1137
|gen|9
|tier|[Gen 9] OU
|rated|
|rule|HP Percentage Mod: HP is shown in percentages
|rule|Endless Battle Clause: Forcing endless battles is banned
|rule|Species Clause: Limit one of each Pokémon
|rule|OHKO Clause: OHKO moves are banned
|rule|Evasion Items Clause: Evasion items are banned
|rule|Evasion Moves Clause: Evasion moves are banned
|rule|Evasion Abilities Clause: Evasion abilities are banned
|rule|Sleep Moves Clause: Sleep-inducing moves are banned
|clearpoke
|poke|p1|Moltres|
|poke|p1|Pelipper, M|
|poke|p1|Kilowattrel, F|
|poke|p1|Barraskewda, F|
|poke|p1|Goodra-Hisui, F|
|poke|p1|Ogerpon-Wellspring, F|
|poke|p2|Quagsire, M|
|poke|p2|Dragapult, M|
|poke|p2|Ogerpon-Cornerstone, F|
|poke|p2|Gholdengo|
|poke|p2|Iron Treads|
|poke|p2|Pecharunt|
|teampreview
|c|☆PoisonGengarX|moltres
|c|☆PoisonGengarX|hi
|
|t:|1759044169
|teamsize|p1|6
|teamsize|p2|6
|start
|switch|p1a: Barraskewda|Barraskewda, F|100/100
|switch|p2a: Dragapult|Dragapult, M|100/100
|turn|1
|
|t:|1759044177
|move|p2a: Dragapult|U-turn|p1a: Barraskewda
|-damage|p1a: Barraskewda|57/100
|
|t:|1759044185
|switch|p2a: Pecharunt|Pecharunt|100/100|[from] U-turn
|move|p1a: Barraskewda|Flip Turn|p2a: Pecharunt
|-damage|p2a: Pecharunt|70/100
|
|t:|1759044193
|switch|p1a: Pelipper|Pelipper, M|100/100|[from] Flip Turn
|-weather|RainDance|[from] ability: Drizzle|[of] p1a: Pelipper
|
|-weather|RainDance|[upkeep]
|-heal|p2a: Pecharunt|76/100|[from] item: Leftovers
|upkeep
|turn|2
|
|t:|1759044204
|switch|p1a: Goodra|Goodra-Hisui, F|100/100
|move|p2a: Pecharunt|Malignant Chain|p1a: Goodra
|-immune|p1a: Goodra
|
|-weather|RainDance|[upkeep]
|-heal|p2a: Pecharunt|82/100|[from] item: Leftovers
|upkeep
|turn|3
|
|t:|1759044211
|move|p2a: Pecharunt|Parting Shot|p1a: Goodra
|-unboost|p1a: Goodra|atk|1
|-unboost|p1a: Goodra|spa|1
|
|t:|1759044218
|switch|p2a: Iron Treads|Iron Treads|100/100|[from] Parting Shot
|move|p1a: Goodra|Acid Spray|p2a: Iron Treads
|-immune|p2a: Iron Treads
|
|-weather|RainDance|[upkeep]
|upkeep
|turn|4
|
|t:|1759044223
|move|p2a: Iron Treads|Iron Defense|p2a: Iron Treads
|-boost|p2a: Iron Treads|def|2
|move|p1a: Goodra|Acid Armor|p1a: Goodra
|-boost|p1a: Goodra|def|2
|
|-weather|RainDance|[upkeep]
|upkeep
|turn|5
|
|t:|1759044227
|move|p2a: Iron Treads|Iron Defense|p2a: Iron Treads
|-boost|p2a: Iron Treads|def|2
|move|p1a: Goodra|Acid Armor|p1a: Goodra
|-boost|p1a: Goodra|def|2
|
|-weather|RainDance|[upkeep]
|upkeep
|turn|6
|
|t:|1759044233
|move|p2a: Iron Treads|Iron Defense|p2a: Iron Treads
|-boost|p2a: Iron Treads|def|2
|move|p1a: Goodra|Acid Armor|p1a: Goodra
|-boost|p1a: Goodra|def|2
|
|-weather|RainDance|[upkeep]
|upkeep
|turn|7
|
|t:|1759044237
|move|p2a: Iron Treads|Body Press|p1a: Goodra
|-supereffective|p1a: Goodra
|-damage|p1a: Goodra|74/100
|move|p1a: Goodra|Body Press|p2a: Iron Treads
|-supereffective|p2a: Iron Treads
|-damage|p2a: Iron Treads|64/100
|
|-weather|RainDance|[upkeep]
|-heal|p2a: Iron Treads|70/100|[from] item: Leftovers
|-heal|p1a: Goodra|80/100|[from] item: Leftovers
|upkeep
|turn|8
|
|t:|1759044244
|move|p2a: Iron Treads|Body Press|p1a: Goodra
|-supereffective|p1a: Goodra
|-damage|p1a: Goodra|52/100
|move|p1a: Goodra|Body Press|p2a: Iron Treads
|-supereffective|p2a: Iron Treads
|-damage|p2a: Iron Treads|32/100
|
|-weather|none
|-heal|p2a: Iron Treads|38/100|[from] item: Leftovers
|-heal|p1a: Goodra|58/100|[from] item: Leftovers
|upkeep
|turn|9
|
|t:|1759044251
|move|p2a: Iron Treads|Body Press|p1a: Goodra
|-supereffective|p1a: Goodra
|-damage|p1a: Goodra|31/100
|move|p1a: Goodra|Body Press|p2a: Iron Treads
|-supereffective|p2a: Iron Treads
|-damage|p2a: Iron Treads|0 fnt
|faint|p2a: Iron Treads
|-end|p2a: Iron Treads|Quark Drive|[silent]
|
|-heal|p1a: Goodra|37/100|[from] item: Leftovers
|upkeep
|
|t:|1759044261
|switch|p2a: Gholdengo|Gholdengo|100/100
|-item|p2a: Gholdengo|Air Balloon
|turn|10
|
|t:|1759044273
|move|p2a: Gholdengo|Nasty Plot|p2a: Gholdengo
|-boost|p2a: Gholdengo|spa|2
|move|p1a: Goodra|Flash Cannon|p2a: Gholdengo
|-resisted|p2a: Gholdengo
|-damage|p2a: Gholdengo|89/100
|-enditem|p2a: Gholdengo|Air Balloon
|
|-heal|p1a: Goodra|43/100|[from] item: Leftovers
|upkeep
|turn|11
|
|t:|1759044292
|move|p2a: Gholdengo|Shadow Ball|p1a: Goodra
|-damage|p1a: Goodra|0 fnt
|faint|p1a: Goodra
|
|upkeep
|
|t:|1759044305
|switch|p1a: Barraskewda|Barraskewda, F|57/100
|turn|12
|
|t:|1759044329
|move|p1a: Barraskewda|Liquidation|p2a: Gholdengo
|-damage|p2a: Gholdengo|14/100
|-unboost|p2a: Gholdengo|def|1
|move|p2a: Gholdengo|Shadow Ball|p1a: Barraskewda
|-damage|p1a: Barraskewda|0 fnt
|faint|p1a: Barraskewda
|
|upkeep
|
|t:|1759044334
|switch|p1a: Ogerpon|Ogerpon-Wellspring, F|100/100
|turn|13
|
|t:|1759044351
|switch|p2a: Dragapult|Dragapult, M|100/100
|move|p1a: Ogerpon|Ivy Cudgel|p2a: Dragapult|[anim] Ivy Cudgel Water
|-resisted|p2a: Dragapult
|-crit|p2a: Dragapult
|-damage|p2a: Dragapult|51/100
|
|upkeep
|turn|14
|
|t:|1759044357
|switch|p1a: Pelipper|Pelipper, M|100/100
|-weather|RainDance|[from] ability: Drizzle|[of] p1a: Pelipper
|move|p2a: Dragapult|U-turn|p1a: Pelipper
|-resisted|p1a: Pelipper
|-damage|p1a: Pelipper|92/100
|
|t:|1759044363
|switch|p2a: Gholdengo|Gholdengo|14/100|[from] U-turn
|
|-weather|RainDance|[upkeep]
|upkeep
|turn|15
|
|t:|1759044374
|move|p2a: Gholdengo|Thunderbolt|p1a: Pelipper
|-supereffective|p1a: Pelipper
|-damage|p1a: Pelipper|0 fnt
|faint|p1a: Pelipper
|
|-weather|RainDance|[upkeep]
|upkeep
|
|t:|1759044394
|switch|p1a: Ogerpon|Ogerpon-Wellspring, F|100/100
|turn|16
|
|t:|1759044398
|move|p1a: Ogerpon|Ivy Cudgel|p2a: Gholdengo|[anim] Ivy Cudgel Water
|-damage|p2a: Gholdengo|0 fnt
|faint|p2a: Gholdengo
|
|-weather|RainDance|[upkeep]
|upkeep
|
|t:|1759044407
|switch|p2a: Dragapult|Dragapult, M|51/100
|turn|17
|
|t:|1759044420
|-terastallize|p1a: Ogerpon|Water
|detailschange|p1a: Ogerpon|Ogerpon-Wellspring-Tera, F, tera:Water
|-ability|p1a: Ogerpon|Embody Aspect (Wellspring)|boost
|-boost|p1a: Ogerpon|spd|1
|move|p2a: Dragapult|Thunder Wave|p1a: Ogerpon
|-status|p1a: Ogerpon|par
|cant|p1a: Ogerpon|par
|
|-weather|RainDance|[upkeep]
|upkeep
|turn|18
|
|t:|1759044429
|move|p2a: Dragapult|U-turn|p1a: Ogerpon
|-damage|p1a: Ogerpon|73/100 par
|
|t:|1759044435
|switch|p2a: Quagsire|Quagsire, M|100/100|[from] U-turn
|cant|p1a: Ogerpon|par
|
|-weather|RainDance|[upkeep]
|upkeep
|turn|19
|
|t:|1759044440
|move|p1a: Ogerpon|Horn Leech|p2a: Quagsire
|-supereffective|p2a: Quagsire
|-damage|p2a: Quagsire|0 fnt
|-heal|p1a: Ogerpon|100/100 par|[from] drain|[of] p2a: Quagsire
|faint|p2a: Quagsire
|
|-weather|RainDance|[upkeep]
|upkeep
|
|t:|1759044444
|switch|p2a: Pecharunt|Pecharunt|82/100
|turn|20
|
|t:|1759044450
|move|p2a: Pecharunt|Parting Shot|p1a: Ogerpon
|-unboost|p1a: Ogerpon|atk|1
|-unboost|p1a: Ogerpon|spa|1
|
|t:|1759044454
|switch|p2a: Dragapult|Dragapult, M|51/100|[from] Parting Shot
|cant|p1a: Ogerpon|par
|
|-weather|RainDance|[upkeep]
|upkeep
|turn|21
|
|t:|1759044462
|move|p2a: Dragapult|Dragon Darts|p1a: Ogerpon
|-damage|p1a: Ogerpon|73/100 par
|-anim|p2a: Dragapult|Dragon Darts|p1a: Ogerpon
|-damage|p1a: Ogerpon|46/100 par
|move|p1a: Ogerpon|Swords Dance|p1a: Ogerpon
|-boost|p1a: Ogerpon|atk|2
|
|-weather|none
|upkeep
|turn|22
|
|t:|1759044469
|move|p2a: Dragapult|Dragon Darts|p1a: Ogerpon
|-damage|p1a: Ogerpon|18/100 par
|-anim|p2a: Dragapult|Dragon Darts|p1a: Ogerpon
|-damage|p1a: Ogerpon|0 fnt
|faint|p1a: Ogerpon
|detailschange|p1: Ogerpon|Ogerpon-Wellspring, F|[silent]
|
|upkeep
|
|t:|1759044480
|switch|p1a: Kilowattrel|Kilowattrel, F|100/100
|turn|23
|
|t:|1759044486
|move|p2a: Dragapult|U-turn|p1a: Kilowattrel
|-resisted|p1a: Kilowattrel
|-crit|p1a: Kilowattrel
|-damage|p1a: Kilowattrel|72/100
|
|t:|1759044491
|switch|p2a: Ogerpon|Ogerpon-Cornerstone, F|100/100|[from] U-turn
|move|p1a: Kilowattrel|Hurricane|p2a: Ogerpon|[miss]
|-miss|p1a: Kilowattrel|p2a: Ogerpon
|
|upkeep
|turn|24
|
|t:|1759044497
|-terastallize|p2a: Ogerpon|Rock
|detailschange|p2a: Ogerpon|Ogerpon-Cornerstone-Tera, F, tera:Rock
|-ability|p2a: Ogerpon|Embody Aspect (Cornerstone)|boost
|-boost|p2a: Ogerpon|def|1
|move|p1a: Kilowattrel|Hurricane|p2a: Ogerpon
|-resisted|p2a: Ogerpon
|-damage|p2a: Ogerpon|61/100
|-start|p2a: Ogerpon|confusion
|-damage|p1a: Kilowattrel|62/100|[from] item: Life Orb
|-activate|p2a: Ogerpon|confusion
|move|p2a: Ogerpon|Ivy Cudgel|p1a: Kilowattrel|[anim] Ivy Cudgel Rock
|-supereffective|p1a: Kilowattrel
|-damage|p1a: Kilowattrel|0 fnt
|faint|p1a: Kilowattrel
|
|upkeep
|
|t:|1759044508
|switch|p1a: Moltres|Moltres|100/100
|turn|25
|
|t:|1759044513
|-activate|p2a: Ogerpon|confusion
|-damage|p2a: Ogerpon|48/100|[from] confusion
|move|p1a: Moltres|Flamethrower|p2a: Ogerpon
|-resisted|p2a: Ogerpon
|-damage|p2a: Ogerpon|23/100
|
|upkeep
|turn|26
|
|t:|1759044519
|-end|p2a: Ogerpon|confusion
|move|p2a: Ogerpon|Ivy Cudgel|p1a: Moltres|[anim] Ivy Cudgel Rock
|-supereffective|p1a: Moltres
|-damage|p1a: Moltres|0 fnt
|faint|p1a: Moltres
|
|win|PoisonGengarX
|raw|aqlek's rating: 1189 &rarr; <strong>1160</strong><br />(-29 for losing)
|raw|PoisonGengarX's rating: 1137 &rarr; <strong>1166</strong><br />(+29 for winning)
|l|☆aqlek
|player|p1|
