|j|☆Yourragez
|j|☆YumeKasumi76
|t:|1758999535
|gametype|singles
|player|p1|Yourragez|169|1423
|player|p2|YumeKasumi76|170|1406
|gen|9
|tier|[Gen 9] OU
|rated|
|rule|HP Percentage Mod: HP is shown in percentages
|rule|Endless Battle Clause: Forcing endless battles is banned
|rule|Species Clause: Limit one of each Pokémon
|rule|OHKO Clause: OHKO moves are banned
|rule|Evasion Items Clause: Evasion items are banned
|rule|Evasion Moves Clause: Evasion moves are banned
|rule|Evasion Abilities Clause: Evasion abilities are banned
|rule|Sleep Moves Clause: Sleep-inducing moves are banned
|clearpoke
|poke|p1|Slowking-Galar, M|
|poke|p1|Scizor, F|
|poke|p1|Moltres|
|poke|p1|Meowscarada, M|
|poke|p1|Raging Bolt|
|poke|p1|Great Tusk|
|poke|p2|Cobalion|
|poke|p2|Weezing-Galar, M|
|poke|p2|Lokix, F|
|poke|p2|Arboliva, M|
|poke|p2|Ceruledge, F|
|poke|p2|Latios, M|
|teampreview
|inactive|Battle timer is ON: inactive players will automatically lose when time's up. (requested by YumeKasumi76)
|inactive|Yourragez has 120 seconds left.
|
|t:|1758999591
|teamsize|p1|6
|teamsize|p2|6
|start
|switch|p1a: Moltres|Moltres|100/100
|switch|p2a: Satsuki|Lokix, F, shiny|100/100
|turn|1
|
|t:|1758999614
|switch|p2a: Jalter|Ceruledge, F|100/100
|move|p1a: Moltres|Flamethrower|p2a: Jalter
|-start|p2a: Jalter|ability: Flash Fire
|
|upkeep
|turn|2
|
|t:|1758999617
|move|p2a: Jalter|Bulk Up|p2a: Jalter
|-boost|p2a: Jalter|atk|1
|-boost|p2a: Jalter|def|1
|move|p1a: Moltres|U-turn|p2a: Jalter
|-resisted|p2a: Jalter
|-damage|p2a: Jalter|98/100
|
|t:|1758999629
|switch|p1a: Raging Bolt|Raging Bolt|100/100|[from] U-turn
|
|-heal|p2a: Jalter|100/100|[from] item: Leftovers
|upkeep
|turn|3
|
|t:|1758999639
|move|p1a: Raging Bolt|Draco Meteor|p2a: Jalter
|-damage|p2a: Jalter|17/100
|-unboost|p1a: Raging Bolt|spa|2
|move|p2a: Jalter|Poltergeist|p1a: Raging Bolt
|-activate|p1a: Raging Bolt|move: Poltergeist|Choice Specs
|-damage|p1a: Raging Bolt|31/100
|
|-heal|p2a: Jalter|23/100|[from] item: Leftovers
|upkeep
|turn|4
|
|t:|1758999652
|-end|p1a: Raging Bolt|Protosynthesis|[silent]
|switch|p1a: Great Tusk|Great Tusk|100/100
|move|p2a: Jalter|Bitter Blade|p1a: Great Tusk
|-damage|p1a: Great Tusk|37/100
|-heal|p2a: Jalter|57/100|[from] drain|[of] p1a: Great Tusk
|
|-heal|p2a: Jalter|63/100|[from] item: Leftovers
|upkeep
|turn|5
|
|t:|1758999662
|-terastallize|p2a: Jalter|Grass
|move|p1a: Great Tusk|Headlong Rush|p2a: Jalter
|-resisted|p2a: Jalter
|-damage|p2a: Jalter|39/100
|-unboost|p1a: Great Tusk|def|1
|-unboost|p1a: Great Tusk|spd|1
|move|p2a: Jalter|Bitter Blade|p1a: Great Tusk
|-damage|p1a: Great Tusk|0 fnt
|-heal|p2a: Jalter|59/100|[from] drain|[of] p1a: Great Tusk
|faint|p1a: Great Tusk
|-end|p1a: Great Tusk|Protosynthesis|[silent]
|
|-heal|p2a: Jalter|65/100|[from] item: Leftovers
|upkeep
|
|t:|1758999673
|switch|p1a: Raging Bolt|Raging Bolt|31/100
|turn|6
|
|t:|1758999678
|move|p2a: Jalter|Shadow Sneak|p1a: Raging Bolt
|-damage|p1a: Raging Bolt|5/100
|move|p1a: Raging Bolt|Draco Meteor|p2a: Jalter|[miss]
|-miss|p1a: Raging Bolt|p2a: Jalter
|
|-heal|p2a: Jalter|71/100|[from] item: Leftovers
|upkeep
|turn|7
|
|t:|1758999685
|-end|p1a: Raging Bolt|Protosynthesis|[silent]
|switch|p1a: Moltres|Moltres|100/100
|move|p2a: Jalter|Shadow Sneak|p1a: Moltres
|-damage|p1a: Moltres|83/100
|
|-heal|p2a: Jalter|77/100|[from] item: Leftovers
|upkeep
|turn|8
|
|t:|1758999689
|move|p2a: Jalter|Bulk Up|p2a: Jalter
|-boost|p2a: Jalter|atk|1
|-boost|p2a: Jalter|def|1
|move|p1a: Moltres|U-turn|p2a: Jalter
|-supereffective|p2a: Jalter
|-damage|p2a: Jalter|58/100
|
|t:|1758999698
|switch|p1a: Meowscarada|Meowscarada, M|100/100|[from] U-turn
|
|-heal|p2a: Jalter|64/100|[from] item: Leftovers
|upkeep
|turn|9
|
|t:|1758999703
|move|p1a: Meowscarada|Triple Axel|p2a: Jalter
|-start|p1a: Meowscarada|typechange|Ice|[from] ability: Protean
|-supereffective|p2a: Jalter
|-damage|p2a: Jalter|53/100
|-supereffective|p2a: Jalter
|-damage|p2a: Jalter|32/100
|-supereffective|p2a: Jalter
|-damage|p2a: Jalter|0 fnt
|faint|p2a: Jalter
|-hitcount|p2: Jalter|3
|
|upkeep
|
|t:|1758999706
|switch|p2a: Satsuki|Lokix, F, shiny|100/100
|turn|10
|
|t:|1758999712
|switch|p1a: Moltres|Moltres|83/100
|move|p2a: Satsuki|Knock Off|p1a: Moltres
|-damage|p1a: Moltres|34/100
|-enditem|p1a: Moltres|Heavy-Duty Boots|[from] move: Knock Off|[of] p2a: Satsuki
|
|upkeep
|turn|11
|
|t:|1758999716
|switch|p2a: Iverson|Latios, M|100/100
|move|p1a: Moltres|Roost|p1a: Moltres
|-heal|p1a: Moltres|85/100
|-singleturn|p1a: Moltres|move: Roost
|
|upkeep
|turn|12
|
|t:|1758999720
|move|p2a: Iverson|Draco Meteor|p1a: Moltres
|-damage|p1a: Moltres|13/100
|-unboost|p2a: Iverson|spa|2
|move|p1a: Moltres|U-turn|p2a: Iverson
|-supereffective|p2a: Iverson
|-damage|p2a: Iverson|62/100
|
|t:|1758999727
|switch|p1a: Scizor|Scizor, F, shiny|100/100|[from] U-turn
|
|upkeep
|turn|13
|
|t:|1758999730
|switch|p2a: Ironhyde|Cobalion|100/100
|move|p1a: Scizor|U-turn|p2a: Ironhyde
|-resisted|p2a: Ironhyde
|-damage|p2a: Ironhyde|90/100
|-damage|p1a: Scizor|84/100|[from] item: Rocky Helmet|[of] p2a: Ironhyde
|
|t:|1758999741
|switch|p1a: Moltres|Moltres|13/100|[from] U-turn
|
|upkeep
|turn|14
|
|t:|1758999744
|move|p2a: Ironhyde|Volt Switch|p1a: Moltres
|-supereffective|p1a: Moltres
|-damage|p1a: Moltres|0 fnt
|faint|p1a: Moltres
|
|t:|1758999747
|switch|p2a: Iverson|Latios, M|62/100|[from] Volt Switch
|
|upkeep
|
|t:|1758999750
|switch|p1a: Meowscarada|Meowscarada, M|100/100
|turn|15
|
|t:|1758999753
|switch|p2a: Ironhyde|Cobalion|90/100
|move|p1a: Meowscarada|U-turn|p2a: Ironhyde
|-start|p1a: Meowscarada|typechange|Bug|[from] ability: Protean
|-resisted|p2a: Ironhyde
|-damage|p2a: Ironhyde|85/100
|-damage|p1a: Meowscarada|84/100|[from] item: Rocky Helmet|[of] p2a: Ironhyde
|
|t:|1758999767
|switch|p1a: Slowking|Slowking-Galar, M|100/100|[from] U-turn
|
|upkeep
|turn|16
|
|t:|1758999770
|move|p2a: Ironhyde|Stealth Rock|p1a: Slowking
|-sidestart|p1: Yourragez|move: Stealth Rock
|move|p1a: Slowking|Future Sight|p2a: Ironhyde
|-start|p1a: Slowking|move: Future Sight
|
|upkeep
|turn|17
|
|t:|1758999779
|move|p2a: Ironhyde|Volt Switch|p1a: Slowking
|-damage|p1a: Slowking|91/100
|
|t:|1758999783
|switch|p2a: Pantheon|Arboliva, M|100/100|[from] Volt Switch
|-prepare|p1a: Slowking|Chilly Reception|[premajor]
|move|p1a: Slowking|Chilly Reception|p1a: Slowking
|-weather|Snowscape
|
|t:|1758999788
|switch|p1a: Scizor|Scizor, F, shiny|84/100|[from] Chilly Reception
|-damage|p1a: Scizor|71/100|[from] Stealth Rock
|
|-weather|Snowscape|[upkeep]
|upkeep
|turn|18
|
|t:|1758999798
|switch|p2a: Ironhyde|Cobalion|85/100
|move|p1a: Scizor|U-turn|p2a: Ironhyde
|-resisted|p2a: Ironhyde
|-damage|p2a: Ironhyde|75/100
|-damage|p1a: Scizor|55/100|[from] item: Rocky Helmet|[of] p2a: Ironhyde
|
|t:|1758999806
|switch|p1a: Slowking|Slowking-Galar, M|100/100|[from] U-turn
|
|-weather|Snowscape|[upkeep]
|-end|p2a: Ironhyde|move: Future Sight
|-damage|p2a: Ironhyde|22/100
|upkeep
|turn|19
|
|t:|1758999810
|move|p2a: Ironhyde|Steel Beam|p1a: Slowking
|-damage|p1a: Slowking|74/100
|-damage|p2a: Ironhyde|0 fnt|[from] steelbeam
|faint|p2a: Ironhyde
|move|p1a: Slowking|Future Sight|p2: Ironhyde
|-start|p1a: Slowking|move: Future Sight
|
|-weather|Snowscape|[upkeep]
|upkeep
|
|t:|1758999816
|switch|p2a: Satsuki|Lokix, F, shiny|100/100
|turn|20
|
|t:|1758999820
|move|p2a: Satsuki|Knock Off|p1a: Slowking
|-supereffective|p1a: Slowking
|-damage|p1a: Slowking|0 fnt
|-enditem|p1a: Slowking|Heavy-Duty Boots|[from] move: Knock Off|[of] p2a: Satsuki
|faint|p1a: Slowking
|
|-weather|Snowscape|[upkeep]
|upkeep
|
|t:|1758999828
|switch|p1a: Scizor|Scizor, F, shiny|55/100
|-damage|p1a: Scizor|42/100|[from] Stealth Rock
|turn|21
|
|t:|1758999836
|-terastallize|p1a: Scizor|Steel
|move|p1a: Scizor|Bullet Punch|p2a: Satsuki
|-damage|p2a: Satsuki|6/100
|move|p2a: Satsuki|Knock Off|p1a: Scizor
|-damage|p1a: Scizor|0 fnt
|-enditem|p1a: Scizor|Choice Band|[from] move: Knock Off|[of] p2a: Satsuki
|faint|p1a: Scizor
|
|-weather|none
|-end|p2a: Satsuki|move: Future Sight
|-immune|p2a: Satsuki
|upkeep
|
|t:|1758999843
|switch|p1a: Meowscarada|Meowscarada, M|84/100
|-damage|p1a: Meowscarada|72/100|[from] Stealth Rock
|turn|22
|
|t:|1758999849
|switch|p2a: M'affald|Weezing-Galar, M|100/100
|-ability|p2a: M'affald|Neutralizing Gas
|move|p1a: Meowscarada|Triple Axel|p2a: M'affald
|-damage|p2a: M'affald|96/100
|-damage|p2a: M'affald|88/100
|-crit|p2a: M'affald
|-damage|p2a: M'affald|70/100
|-hitcount|p2a: M'affald|3
|
|upkeep
|turn|23
|
|t:|1758999874
|move|p1a: Meowscarada|Triple Axel|p2a: M'affald
|-damage|p2a: M'affald|66/100
|-damage|p2a: M'affald|57/100
|-crit|p2a: M'affald
|-damage|p2a: M'affald|39/100
|-hitcount|p2a: M'affald|3
|move|p2a: M'affald|Sludge Bomb|p1a: Meowscarada
|-supereffective|p1a: Meowscarada
|-damage|p1a: Meowscarada|0 fnt
|faint|p1a: Meowscarada
|
|upkeep
|
|t:|1758999883
|switch|p1a: Raging Bolt|Raging Bolt|5/100
|-damage|p1a: Raging Bolt|0 fnt|[from] Stealth Rock
|faint|p1a: Raging Bolt
|-end|p1a: Raging Bolt|Protosynthesis|[silent]
|
|win|YumeKasumi76
|raw|Yourragez's rating: 1423 &rarr; <strong>1402</strong><br />(-21 for losing)
|raw|YumeKasumi76's rating: 1406 &rarr; <strong>1427</strong><br />(+21 for winning)
|l|☆YumeKasumi76
|player|p2|
|l|☆Yourragez
|player|p1|
