|j|☆bbmint4L
|j|☆Jefejayy
|t:|1758957614
|gametype|singles
|player|p1|bbmint4L|n|1075
|player|p2|Jefejayy|red|1058
|gen|9
|tier|[Gen 9] OU
|rated|
|rule|HP Percentage Mod: HP is shown in percentages
|rule|Endless Battle Clause: Forcing endless battles is banned
|rule|Species Clause: Limit one of each Pokémon
|rule|OHKO Clause: OHKO moves are banned
|rule|Evasion Items Clause: Evasion items are banned
|rule|Evasion Moves Clause: Evasion moves are banned
|rule|Evasion Abilities Clause: Evasion abilities are banned
|rule|Sleep Moves Clause: Sleep-inducing moves are banned
|clearpoke
|poke|p1|Malamar, M|
|poke|p1|Chandelure, F|
|poke|p1|Iron Valiant|
|poke|p1|Rotom-Wash|
|poke|p1|Scizor, M|
|poke|p1|Serperior, M|
|poke|p2|Ceruledge, F|
|poke|p2|Arbok, F|
|poke|p2|Luxray, F|
|poke|p2|Corviknight, M|
|poke|p2|Decidueye-Hisui, F|
|poke|p2|Hydreigon, F|
|teampreview
|
|t:|1758957632
|teamsize|p1|6
|teamsize|p2|6
|start
|switch|p1a: Rotom|Rotom-Wash, shiny|100/100
|switch|p2a: Decidueye|Decidueye-Hisui, F, shiny|100/100
|turn|1
|
|t:|1758957651
|move|p1a: Rotom|Nasty Plot|p1a: Rotom
|-boost|p1a: Rotom|spa|2
|move|p2a: Decidueye|Knock Off|p1a: Rotom
|-damage|p1a: Rotom|66/100
|-enditem|p1a: Rotom|Leftovers|[from] move: Knock Off|[of] p2a: Decidueye
|
|upkeep
|turn|2
|
|t:|1758957661
|move|p1a: Rotom|Volt Switch|p2a: Decidueye
|-resisted|p2a: Decidueye
|-damage|p2a: Decidueye|75/100
|
|t:|1758957677
|switch|p1a: Chandelure|Chandelure, F, shiny|100/100|[from] Volt Switch
|move|p2a: Decidueye|Triple Arrows|p1a: Chandelure
|-damage|p1a: Chandelure|48/100
|
|upkeep
|turn|3
|
|t:|1758957689
|move|p1a: Chandelure|Flamethrower|p2a: Decidueye
|-supereffective|p2a: Decidueye
|-damage|p2a: Decidueye|0 fnt
|faint|p2a: Decidueye
|
|upkeep
|
|t:|1758957702
|switch|p2a: Arbok|Arbok, F|100/100
|-ability|p2a: Arbok|Intimidate|boost
|-unboost|p1a: Chandelure|atk|1
|turn|4
|
|t:|1758957723
|move|p1a: Chandelure|Calm Mind|p1a: Chandelure
|-boost|p1a: Chandelure|spa|1
|-boost|p1a: Chandelure|spd|1
|move|p2a: Arbok|Earthquake|p1a: Chandelure
|-supereffective|p1a: Chandelure
|-damage|p1a: Chandelure|0 fnt
|faint|p1a: Chandelure
|
|upkeep
|
|t:|1758957734
|switch|p1a: Malamar|Malamar, M, shiny|100/100
|turn|5
|
|t:|1758957743
|-terastallize|p2a: Arbok|Ground
|move|p2a: Arbok|Glare|p1a: Malamar
|-status|p1a: Malamar|par
|move|p1a: Malamar|Superpower|p2a: Arbok
|-damage|p2a: Arbok|32/100
|-boost|p1a: Malamar|atk|1
|-boost|p1a: Malamar|def|1
|
|-heal|p2a: Arbok|38/100|[from] item: Leftovers
|upkeep
|turn|6
|
|t:|1758957757
|move|p2a: Arbok|Earthquake|p1a: Malamar
|-damage|p1a: Malamar|68/100 par
|move|p1a: Malamar|Psycho Cut|p2a: Arbok
|-damage|p2a: Arbok|0 fnt
|faint|p2a: Arbok
|
|upkeep
|
|t:|1758957764
|switch|p2a: Hydreigon|Hydreigon, F|100/100
|turn|7
|
|t:|1758957771
|move|p2a: Hydreigon|U-turn|p1a: Malamar
|-supereffective|p1a: Malamar
|-damage|p1a: Malamar|29/100 par
|
|t:|1758957776
|switch|p2a: Corviknight|Corviknight, M, shiny|100/100|[from] U-turn
|cant|p1a: Malamar|par
|
|upkeep
|turn|8
|
|t:|1758957784
|move|p2a: Corviknight|Iron Defense|p2a: Corviknight
|-boost|p2a: Corviknight|def|2
|move|p1a: Malamar|Superpower|p2a: Corviknight
|-damage|p2a: Corviknight|78/100
|-boost|p1a: Malamar|atk|1
|-boost|p1a: Malamar|def|1
|
|-heal|p2a: Corviknight|84/100|[from] item: Leftovers
|upkeep
|turn|9
|
|t:|1758957795
|move|p2a: Corviknight|Iron Defense|p2a: Corviknight
|-boost|p2a: Corviknight|def|2
|move|p1a: Malamar|Knock Off|p2a: Corviknight
|-damage|p2a: Corviknight|60/100
|-enditem|p2a: Corviknight|Leftovers|[from] move: Knock Off|[of] p1a: Malamar
|
|upkeep
|turn|10
|
|t:|1758957808
|move|p2a: Corviknight|Body Press|p1a: Malamar
|-damage|p1a: Malamar|0 fnt
|faint|p1a: Malamar
|
|upkeep
|
|t:|1758957820
|switch|p1a: Rotom|Rotom-Wash, shiny|66/100
|turn|11
|
|t:|1758957829
|switch|p2a: Luxray|Luxray, F|100/100
|move|p1a: Rotom|Volt Switch|p2a: Luxray
|-resisted|p2a: Luxray
|-damage|p2a: Luxray|78/100
|
|t:|1758957836
|switch|p1a: Iron Valiant|Iron Valiant, shiny|100/100|[from] Volt Switch
|-enditem|p1a: Iron Valiant|Booster Energy
|-activate|p1a: Iron Valiant|ability: Quark Drive|[fromitem]
|-start|p1a: Iron Valiant|quarkdrivespe
|
|-status|p2a: Luxray|brn|[from] item: Flame Orb
|upkeep
|turn|12
|
|t:|1758957845
|move|p1a: Iron Valiant|Swords Dance|p1a: Iron Valiant
|-boost|p1a: Iron Valiant|atk|2
|move|p2a: Luxray|Thunder Wave|p1a: Iron Valiant
|-status|p1a: Iron Valiant|par
|
|-damage|p2a: Luxray|72/100 brn|[from] brn
|upkeep
|turn|13
|
|t:|1758957861
|move|p1a: Iron Valiant|Spirit Break|p2a: Luxray
|-damage|p2a: Luxray|0 fnt
|faint|p2a: Luxray
|
|upkeep
|
|t:|1758957872
|switch|p2a: Corviknight|Corviknight, M, shiny|60/100
|turn|14
|
|t:|1758957890
|move|p1a: Iron Valiant|Ice Punch|p2a: Corviknight
|-damage|p2a: Corviknight|20/100
|move|p2a: Corviknight|Brave Bird|p1a: Iron Valiant
|-supereffective|p1a: Iron Valiant
|-damage|p1a: Iron Valiant|0 fnt
|faint|p1a: Iron Valiant
|-end|p1a: Iron Valiant|Quark Drive|[silent]
|-damage|p2a: Corviknight|0 fnt|[from] Recoil
|faint|p2a: Corviknight
|
|upkeep
|
|t:|1758957910
|switch|p1a: Rotom|Rotom-Wash, shiny|66/100
|switch|p2a: Ceruledge|Ceruledge, F|100/100
|turn|15
|
|t:|1758957916
|move|p1a: Rotom|Hydro Pump|p2a: Ceruledge
|-supereffective|p2a: Ceruledge
|-damage|p2a: Ceruledge|0 fnt
|faint|p2a: Ceruledge
|
|upkeep
|
|t:|1758957922
|switch|p2a: Hydreigon|Hydreigon, F|100/100
|turn|16
|
|t:|1758957931
|move|p2a: Hydreigon|Dark Pulse|p1a: Rotom
|-damage|p1a: Rotom|0 fnt
|faint|p1a: Rotom
|
|upkeep
|
|t:|1758957937
|switch|p1a: Serperior|Serperior, M, shiny|100/100
|turn|17
|
|t:|1758957948
|move|p1a: Serperior|Leaf Storm|p2a: Hydreigon
|-resisted|p2a: Hydreigon
|-damage|p2a: Hydreigon|73/100
|-boost|p1a: Serperior|spa|2
|move|p2a: Hydreigon|Dark Pulse|p1a: Serperior
|-damage|p1a: Serperior|24/100
|
|-heal|p1a: Serperior|30/100|[from] item: Leftovers
|upkeep
|turn|18
|
|t:|1758957958
|-terastallize|p1a: Serperior|Dragon
|move|p1a: Serperior|Dragon Pulse|p2a: Hydreigon
|-supereffective|p2a: Hydreigon
|-damage|p2a: Hydreigon|0 fnt
|faint|p2a: Hydreigon
|
|win|bbmint4L
|raw|bbmint4L's rating: 1075 &rarr; <strong>1102</strong><br />(+27 for winning)
|raw|Jefejayy's rating: 1058 &rarr; <strong>1040</strong><br />(-18 for losing)
|l|☆Jefejayy
|player|p2|
|l|☆bbmint4L
|player|p1|
