|badge|p2|bronze|gen9ou|100-6
|html|<div class="broadcast-red"><strong>This battle is required to be public due to one or more player having a season medal.</strong><br />During the public phase, you can discuss the state of the ladder <a href="/seasondiscussion">in a special chatroom.</a></div>
|uhtml|medal-msg|<div class="broadcast-blue">Curious what those medals under the avatar are? PS now has Ladder Seasons! For more information, check out the <a href="https://www.smogon.com/forums/threads/3740067/">thread on Smogon.</a></div>
|raw|<div class="broadcast-blue"><strong>This battle is required to be public due to a player having a name starting with 'medal'.</div>
|j|☆ADM02
|j|☆Javi
|t:|1759075468
|gametype|singles
|player|p1|ADM02|1|1823
|player|p2|Javi|#wcop2023spain|1853
|gen|9
|tier|[Gen 9] OU
|rated|
|rule|HP Percentage Mod: HP is shown in percentages
|rule|Endless Battle Clause: Forcing endless battles is banned
|rule|Species Clause: Limit one of each Pokémon
|rule|OHKO Clause: OHKO moves are banned
|rule|Evasion Items Clause: Evasion items are banned
|rule|Evasion Moves Clause: Evasion moves are banned
|rule|Evasion Abilities Clause: Evasion abilities are banned
|rule|Sleep Moves Clause: Sleep-inducing moves are banned
|clearpoke
|poke|p1|Cinderace, M|
|poke|p1|Clefable, M|
|poke|p1|Salamence, M|
|poke|p1|Dragonite, F|
|poke|p1|Hoopa-Unbound|
|poke|p1|Clodsire, F|
|poke|p2|Kyurem|
|poke|p2|Tornadus-Therian, M|
|poke|p2|Gholdengo|
|poke|p2|Great Tusk|
|poke|p2|Samurott-Hisui, M|
|poke|p2|Zamazenta-*|
|teampreview
|
|t:|1759075478
|teamsize|p1|6
|teamsize|p2|6
|start
|switch|p1a: Clefable|Clefable, M|100/100
|switch|p2a: Tornadus|Tornadus-Therian, M|100/100
|turn|1
|
|t:|1759075482
|switch|p1a: Clodsire|Clodsire, F|100/100
|move|p2a: Tornadus|Knock Off|p1a: Clodsire
|-damage|p1a: Clodsire|85/100
|-damage|p2a: Tornadus|84/100|[from] item: Rocky Helmet|[of] p1a: Clodsire
|-enditem|p1a: Clodsire|Rocky Helmet|[from] move: Knock Off|[of] p2a: Tornadus
|
|upkeep
|turn|2
|
|t:|1759075487
|move|p2a: Tornadus|U-turn|p1a: Clodsire
|-resisted|p1a: Clodsire
|-damage|p1a: Clodsire|80/100
|
|t:|1759075490
|switch|p2a: Samurott|Samurott-Hisui, M|100/100|[from] U-turn
|move|p1a: Clodsire|Stealth Rock|p2a: Samurott
|-sidestart|p2: Javi|move: Stealth Rock
|
|upkeep
|turn|3
|inactive|Battle timer is ON: inactive players will automatically lose when time's up. (requested by ADM02)
|
|t:|1759075498
|move|p2a: Samurott|Ceaseless Edge|p1a: Clodsire
|-damage|p1a: Clodsire|48/100
|-sidestart|p1: ADM02|Spikes
|move|p1a: Clodsire|Toxic|p2a: Samurott
|-status|p2a: Samurott|tox
|
|-damage|p2a: Samurott|94/100 tox|[from] psn
|upkeep
|turn|4
|
|t:|1759075501
|move|p2a: Samurott|Ceaseless Edge|p1a: Clodsire
|-damage|p1a: Clodsire|15/100
|-sidestart|p1: ADM02|Spikes
|move|p1a: Clodsire|Recover|p1a: Clodsire
|-heal|p1a: Clodsire|65/100
|
|-damage|p2a: Samurott|82/100 tox|[from] psn
|upkeep
|turn|5
|
|t:|1759075505
|move|p2a: Samurott|Flip Turn|p1a: Clodsire
|-heal|p1a: Clodsire|90/100|[from] ability: Water Absorb|[of] p2a: Samurott
|move|p1a: Clodsire|Recover|p1a: Clodsire
|-heal|p1a: Clodsire|100/100
|
|-damage|p2a: Samurott|64/100 tox|[from] psn
|upkeep
|turn|6
|
|t:|1759075510
|switch|p2a: Gholdengo|Gholdengo|100/100
|-damage|p2a: Gholdengo|94/100|[from] Stealth Rock
|-item|p2a: Gholdengo|Air Balloon
|move|p1a: Clodsire|Toxic|p2a: Gholdengo
|-immune|p2a: Gholdengo|[from] ability: Good as Gold
|
|upkeep
|turn|7
|
|t:|1759075527
|switch|p1a: Cinderace|Cinderace, M|100/100
|move|p2a: Gholdengo|Thunder Wave|p1a: Cinderace
|-status|p1a: Cinderace|par
|
|upkeep
|turn|8
|
|t:|1759075533
|move|p2a: Gholdengo|Hex|p1a: Cinderace
|-damage|p1a: Cinderace|21/100 par
|move|p1a: Cinderace|Pyro Ball|p2a: Gholdengo
|-supereffective|p2a: Gholdengo
|-damage|p2a: Gholdengo|0 fnt
|-enditem|p2a: Gholdengo|Air Balloon
|faint|p2a: Gholdengo
|
|upkeep
|
|t:|1759075539
|switch|p2a: Great Tusk|Great Tusk|100/100
|turn|9
|
|t:|1759075550
|move|p2a: Great Tusk|Rapid Spin|p1a: Cinderace
|-damage|p1a: Cinderace|0 fnt
|-boost|p2a: Great Tusk|spe|1
|-sideend|p2: Javi|Stealth Rock|[from] move: Rapid Spin|[of] p2a: Great Tusk
|faint|p1a: Cinderace
|
|upkeep
|inactive|ADM02 has 120 seconds left.
|
|t:|1759075578
|switch|p1a: Salamence|Salamence, M|100/100
|-ability|p1a: Salamence|Intimidate|boost
|-unboost|p2a: Great Tusk|atk|1
|turn|10
|
|t:|1759075584
|move|p2a: Great Tusk|Ice Spinner|p1a: Salamence
|-supereffective|p1a: Salamence
|-damage|p1a: Salamence|42/100
|move|p1a: Salamence|Air Slash|p2a: Great Tusk
|-supereffective|p2a: Great Tusk
|-damage|p2a: Great Tusk|10/100
|
|upkeep
|turn|11
|j| tiochicodobos
|
|t:|1759075591
|switch|p1a: Clefable|Clefable, M|100/100
|move|p2a: Great Tusk|Ice Spinner|p1a: Clefable
|-damage|p1a: Clefable|86/100
|
|-heal|p1a: Clefable|92/100|[from] item: Leftovers
|upkeep
|turn|12
|
|t:|1759075596
|move|p2a: Great Tusk|Stealth Rock|p1a: Clefable
|-sidestart|p1: ADM02|move: Stealth Rock
|move|p1a: Clefable|Calm Mind|p1a: Clefable
|-boost|p1a: Clefable|spa|1
|-boost|p1a: Clefable|spd|1
|
|-heal|p1a: Clefable|98/100|[from] item: Leftovers
|upkeep
|turn|13
|
|t:|1759075601
|move|p2a: Great Tusk|Headlong Rush|p1a: Clefable
|-damage|p1a: Clefable|64/100
|-unboost|p2a: Great Tusk|def|1
|-unboost|p2a: Great Tusk|spd|1
|move|p1a: Clefable|Calm Mind|p1a: Clefable
|-boost|p1a: Clefable|spa|1
|-boost|p1a: Clefable|spd|1
|
|-heal|p1a: Clefable|70/100|[from] item: Leftovers
|upkeep
|turn|14
|
|t:|1759075603
|move|p2a: Great Tusk|Headlong Rush|p1a: Clefable
|-damage|p1a: Clefable|40/100
|-unboost|p2a: Great Tusk|def|1
|-unboost|p2a: Great Tusk|spd|1
|move|p1a: Clefable|Wish|p1a: Clefable
|
|-heal|p1a: Clefable|46/100|[from] item: Leftovers
|upkeep
|turn|15
|
|t:|1759075607
|move|p2a: Great Tusk|Headlong Rush|p1a: Clefable
|-damage|p1a: Clefable|15/100
|-unboost|p2a: Great Tusk|def|1
|-unboost|p2a: Great Tusk|spd|1
|move|p1a: Clefable|Calm Mind|p1a: Clefable
|-boost|p1a: Clefable|spa|1
|-boost|p1a: Clefable|spd|1
|
|-heal|p1a: Clefable|65/100|[from] move: Wish|[wisher] Clefable
|-heal|p1a: Clefable|71/100|[from] item: Leftovers
|upkeep
|turn|16
|
|t:|1759075611
|move|p2a: Great Tusk|Headlong Rush|p1a: Clefable
|-damage|p1a: Clefable|40/100
|-unboost|p2a: Great Tusk|def|1
|-unboost|p2a: Great Tusk|spd|1
|move|p1a: Clefable|Wish|p1a: Clefable
|
|-heal|p1a: Clefable|46/100|[from] item: Leftovers
|upkeep
|turn|17
|
|t:|1759075614
|move|p1a: Clefable|Protect|p1a: Clefable
|-singleturn|p1a: Clefable|Protect
|move|p2a: Great Tusk|Headlong Rush|p1a: Clefable
|-activate|p1a: Clefable|move: Protect
|
|-heal|p1a: Clefable|96/100|[from] move: Wish|[wisher] Clefable
|-heal|p1a: Clefable|100/100|[from] item: Leftovers
|upkeep
|turn|18
|
|t:|1759075617
|-end|p2a: Great Tusk|Protosynthesis|[silent]
|switch|p2a: Zamazenta|Zamazenta|100/100
|-ability|p2a: Zamazenta|Dauntless Shield|boost
|-boost|p2a: Zamazenta|def|1
|move|p1a: Clefable|Wish|p1a: Clefable
|
|upkeep
|turn|19
|
|t:|1759075621
|-terastallize|p2a: Zamazenta|Fire
|move|p1a: Clefable|Moonblast|p2a: Zamazenta
|-resisted|p2a: Zamazenta
|-damage|p2a: Zamazenta|70/100
|move|p2a: Zamazenta|Roar|p1a: Clefable
|drag|p1a: Salamence|Salamence, M|42/100
|-ability|p1a: Salamence|Intimidate|boost
|-unboost|p2a: Zamazenta|atk|1
|
|-heal|p1a: Salamence|91/100|[from] move: Wish|[wisher] Clefable
|-heal|p2a: Zamazenta|76/100|[from] item: Leftovers
|upkeep
|turn|20
|
|t:|1759075632
|switch|p2a: Tornadus|Tornadus-Therian, M|100/100
|move|p1a: Salamence|Air Slash|p2a: Tornadus
|-damage|p2a: Tornadus|70/100
|
|upkeep
|turn|21
|
|t:|1759075639
|switch|p1a: Clodsire|Clodsire, F|100/100
|-damage|p1a: Clodsire|84/100|[from] Spikes
|-damage|p1a: Clodsire|78/100|[from] Stealth Rock
|move|p2a: Tornadus|Knock Off|p1a: Clodsire
|-damage|p1a: Clodsire|68/100
|
|upkeep
|turn|22
|
|t:|1759075643
|move|p2a: Tornadus|U-turn|p1a: Clodsire
|-resisted|p1a: Clodsire
|-damage|p1a: Clodsire|62/100
|
|t:|1759075644
|switch|p2a: Samurott|Samurott-Hisui, M|64/100 tox|[from] U-turn
|move|p1a: Clodsire|Stealth Rock|p2a: Samurott
|-sidestart|p2: Javi|move: Stealth Rock
|
|-damage|p2a: Samurott|58/100 tox|[from] psn
|upkeep
|turn|23
|j| GraphLegion
|
|t:|1759075653
|move|p2a: Samurott|Ceaseless Edge|p1a: Clodsire
|-damage|p1a: Clodsire|34/100
|-sidestart|p1: ADM02|Spikes
|move|p1a: Clodsire|Recover|p1a: Clodsire
|-heal|p1a: Clodsire|84/100
|
|-damage|p2a: Samurott|46/100 tox|[from] psn
|upkeep
|turn|24
|
|t:|1759075661
|switch|p2a: Great Tusk|Great Tusk|10/100
|move|p1a: Clodsire|Toxic|p2a: Great Tusk
|-status|p2a: Great Tusk|tox
|
|-damage|p2a: Great Tusk|4/100 tox|[from] psn
|upkeep
|turn|25
|
|t:|1759075665
|move|p2a: Great Tusk|Rapid Spin|p1a: Clodsire
|-damage|p1a: Clodsire|71/100
|-boost|p2a: Great Tusk|spe|1
|-sideend|p2: Javi|Stealth Rock|[from] move: Rapid Spin|[of] p2a: Great Tusk
|move|p1a: Clodsire|Stealth Rock|p2a: Great Tusk
|-sidestart|p2: Javi|move: Stealth Rock
|
|-damage|p2a: Great Tusk|0 fnt|[from] psn
|faint|p2a: Great Tusk
|-end|p2a: Great Tusk|Protosynthesis|[silent]
|upkeep
|
|t:|1759075670
|switch|p2a: Kyurem|Kyurem|100/100
|-damage|p2a: Kyurem|76/100|[from] Stealth Rock
|-ability|p2a: Kyurem|Pressure
|turn|26
|
|t:|1759075676
|move|p2a: Kyurem|Ice Beam|p1a: Clodsire
|-supereffective|p1a: Clodsire
|-damage|p1a: Clodsire|0 fnt
|faint|p1a: Clodsire
|
|upkeep
|
|t:|1759075693
|switch|p1a: Hoopa|Hoopa-Unbound|100/100
|-damage|p1a: Hoopa|76/100|[from] Spikes
|-damage|p1a: Hoopa|63/100|[from] Stealth Rock
|turn|27
|
|t:|1759075699
|switch|p2a: Tornadus|Tornadus-Therian, M|100/100
|move|p1a: Hoopa|Knock Off|p2a: Tornadus
|-damage|p2a: Tornadus|45/100
|-enditem|p2a: Tornadus|Heavy-Duty Boots|[from] move: Knock Off|[of] p1a: Hoopa
|
|upkeep
|turn|28
|
|t:|1759075719
|switch|p1a: Clefable|Clefable, M|100/100
|move|p2a: Tornadus|U-turn|p1a: Clefable
|-resisted|p1a: Clefable
|-damage|p1a: Clefable|95/100
|
|t:|1759075723
|switch|p2a: Kyurem|Kyurem|76/100|[from] U-turn
|-damage|p2a: Kyurem|51/100|[from] Stealth Rock
|-ability|p2a: Kyurem|Pressure
|
|-heal|p1a: Clefable|100/100|[from] item: Leftovers
|upkeep
|turn|29
|
|t:|1759075725
|move|p1a: Clefable|Protect|p1a: Clefable
|-singleturn|p1a: Clefable|Protect
|move|p2a: Kyurem|Ice Beam|p1a: Clefable
|-activate|p1a: Clefable|move: Protect
|
|upkeep
|turn|30
|
|t:|1759075748
|switch|p1a: Hoopa|Hoopa-Unbound|63/100
|-damage|p1a: Hoopa|39/100|[from] Spikes
|-damage|p1a: Hoopa|26/100|[from] Stealth Rock
|move|p2a: Kyurem|Ice Beam|p1a: Hoopa
|-damage|p1a: Hoopa|0 fnt
|faint|p1a: Hoopa
|
|upkeep
|
|t:|1759075755
|switch|p1a: Dragonite|Dragonite, F|100/100
|turn|31
|
|t:|1759075758
|-terastallize|p1a: Dragonite|Normal
|move|p2a: Kyurem|Ice Beam|p1a: Dragonite
|-damage|p1a: Dragonite|64/100
|move|p1a: Dragonite|Dragon Dance|p1a: Dragonite
|-boost|p1a: Dragonite|atk|1
|-boost|p1a: Dragonite|spe|1
|
|upkeep
|turn|32
|
|t:|1759075765
|switch|p2a: Samurott|Samurott-Hisui, M|46/100 tox
|-damage|p2a: Samurott|34/100 tox|[from] Stealth Rock
|move|p1a: Dragonite|Extreme Speed|p2a: Samurott
|-damage|p2a: Samurott|0 fnt
|faint|p2a: Samurott
|
|upkeep
|
|t:|1759075768
|switch|p2a: Zamazenta|Zamazenta, tera:Fire|76/100
|-damage|p2a: Zamazenta|51/100|[from] Stealth Rock
|turn|33
|
|t:|1759075780
|switch|p1a: Salamence|Salamence, M|91/100
|-ability|p1a: Salamence|Intimidate|boost
|-unboost|p2a: Zamazenta|atk|1
|move|p2a: Zamazenta|Body Press|p1a: Salamence
|-resisted|p1a: Salamence
|-damage|p1a: Salamence|79/100
|
|-heal|p2a: Zamazenta|57/100|[from] item: Leftovers
|upkeep
|turn|34
|
|t:|1759075791
|switch|p2a: Tornadus|Tornadus-Therian, M|78/100
|-damage|p2a: Tornadus|53/100|[from] Stealth Rock
|move|p1a: Salamence|Dragon Tail|p2a: Tornadus
|-damage|p2a: Tornadus|25/100
|drag|p2a: Kyurem|Kyurem|51/100
|-damage|p2a: Kyurem|26/100|[from] Stealth Rock
|-ability|p2a: Kyurem|Pressure
|
|upkeep
|turn|35
|
|t:|1759075810
|move|p2a: Kyurem|Ice Beam|p1a: Salamence
|-supereffective|p1a: Salamence
|-damage|p1a: Salamence|0 fnt
|faint|p1a: Salamence
|
|upkeep
|
|t:|1759075812
|switch|p1a: Dragonite|Dragonite, F, tera:Normal|64/100
|turn|36
|
|t:|1759075819
|switch|p2a: Tornadus|Tornadus-Therian, M|58/100
|-damage|p2a: Tornadus|33/100|[from] Stealth Rock
|move|p1a: Dragonite|Extreme Speed|p2a: Tornadus
|-damage|p2a: Tornadus|0 fnt
|faint|p2a: Tornadus
|
|upkeep
|
|t:|1759075824
|switch|p2a: Zamazenta|Zamazenta, tera:Fire|57/100
|-damage|p2a: Zamazenta|32/100|[from] Stealth Rock
|turn|37
|
|t:|1759075828
|move|p1a: Dragonite|Extreme Speed|p2a: Zamazenta
|-damage|p2a: Zamazenta|1/100
|move|p2a: Zamazenta|Body Press|p1a: Dragonite
|-supereffective|p1a: Dragonite
|-damage|p1a: Dragonite|0 fnt
|faint|p1a: Dragonite
|
|-heal|p2a: Zamazenta|7/100|[from] item: Leftovers
|upkeep
|
|t:|1759075834
|switch|p1a: Clefable|Clefable, M|100/100
|turn|38
|
|t:|1759075836
|switch|p2a: Kyurem|Kyurem|26/100
|-damage|p2a: Kyurem|1/100|[from] Stealth Rock
|-ability|p2a: Kyurem|Pressure
|move|p1a: Clefable|Calm Mind|p1a: Clefable
|-boost|p1a: Clefable|spa|1
|-boost|p1a: Clefable|spd|1
|
|upkeep
|turn|39
|
|t:|1759075839
|move|p1a: Clefable|Protect|p1a: Clefable
|-singleturn|p1a: Clefable|Protect
|move|p2a: Kyurem|Ice Beam|p1a: Clefable
|-activate|p1a: Clefable|move: Protect
|
|upkeep
|turn|40
|
|t:|1759075844
|move|p2a: Kyurem|Ice Beam|p1a: Clefable
|-damage|p1a: Clefable|52/100
|move|p1a: Clefable|Moonblast|p2a: Kyurem
|-supereffective|p2a: Kyurem
|-damage|p2a: Kyurem|0 fnt
|faint|p2a: Kyurem
|
|-heal|p1a: Clefable|58/100|[from] item: Leftovers
|upkeep
|-message|Javi forfeited.
|
|win|ADM02
|raw|ADM02's rating: 1823 &rarr; <strong>1845</strong><br />(+22 for winning)
|raw|Javi's rating: 1853 &rarr; <strong>1831</strong><br />(-22 for losing)
|l|☆Javi
|player|p2|
|l|☆ADM02
|player|p1|
|l| GraphLegion
|l| tiochicodobos
