|j|☆Shampoogini
|j|☆new zu
|t:|1759073139
|gametype|singles
|player|p1|Shampoogini|265|1300
|player|p2|new zu|unknown|1327
|gen|9
|tier|[Gen 9] OU
|rated|
|rule|HP Percentage Mod: HP is shown in percentages
|rule|Endless Battle Clause: Forcing endless battles is banned
|rule|Species Clause: Limit one of each Pokémon
|rule|OHKO Clause: OHKO moves are banned
|rule|Evasion Items Clause: Evasion items are banned
|rule|Evasion Moves Clause: Evasion moves are banned
|rule|Evasion Abilities Clause: Evasion abilities are banned
|rule|Sleep Moves Clause: Sleep-inducing moves are banned
|clearpoke
|poke|p1|Skeledirge, M|
|poke|p1|Clodsire, F|
|poke|p1|Dondozo, F|
|poke|p1|Serperior, M|
|poke|p1|Corviknight, F|
|poke|p1|Grimmsnarl, M|
|poke|p2|Suicune|
|poke|p2|Cresselia, F|
|poke|p2|Clefable, M|
|poke|p2|Corviknight, M|
|poke|p2|Cinderace, M|
|poke|p2|Clodsire, M|
|teampreview
|inactive|Battle timer is ON: inactive players will automatically lose when time's up. (requested by Shampoogini)
|
|t:|1759073154
|teamsize|p1|6
|teamsize|p2|6
|start
|switch|p1a: Snek|Serperior, M|100/100
|switch|p2a: Clodsire|Clodsire, M|100/100
|turn|1
|
|t:|1759073161
|-terastallize|p2a: Clodsire|Dark
|move|p1a: Snek|Glare|p2a: Clodsire
|-status|p2a: Clodsire|par
|move|p2a: Clodsire|Poison Jab|p1a: Snek
|-supereffective|p1a: Snek
|-damage|p1a: Snek|60/100
|
|-heal|p1a: Snek|66/100|[from] item: Leftovers
|upkeep
|turn|2
|
|t:|1759073174
|switch|p1a: Clodsire|Clodsire, F|100/100
|move|p2a: Clodsire|Poison Jab|p1a: Clodsire
|-resisted|p1a: Clodsire
|-damage|p1a: Clodsire|96/100
|
|-heal|p1a: Clodsire|100/100|[from] item: Leftovers
|upkeep
|turn|3
|
|t:|1759073179
|move|p1a: Clodsire|Spikes|p2a: Clodsire
|-sidestart|p2: new zu|Spikes
|move|p2a: Clodsire|Spikes|p1a: Clodsire
|-sidestart|p1: Shampoogini|Spikes
|
|upkeep
|turn|4
|
|t:|1759073187
|switch|p2a: Cresselia|Cresselia, F|100/100
|move|p1a: Clodsire|Spikes|p2a: Cresselia
|-sidestart|p2: new zu|Spikes
|
|upkeep
|turn|5
|
|t:|1759073190
|move|p2a: Cresselia|Trick|p1a: Clodsire
|-activate|p2a: Cresselia|move: Trick|[of] p1a: Clodsire
|-item|p1a: Clodsire|Choice Scarf|[from] move: Trick
|-item|p2a: Cresselia|Leftovers|[from] move: Trick
|move|p1a: Clodsire|Toxic|p2a: Cresselia
|-status|p2a: Cresselia|tox
|
|-damage|p2a: Cresselia|94/100 tox|[from] psn
|upkeep
|turn|6
|
|t:|1759073198
|switch|p2a: Clodsire|Clodsire, M, tera:Dark|100/100 par
|-damage|p2a: Clodsire|84/100 par|[from] Spikes
|switch|p1a: Grimmsnarl|Grimmsnarl, M|100/100
|-damage|p1a: Grimmsnarl|88/100|[from] Spikes
|
|-heal|p2a: Clodsire|90/100 par|[from] item: Leftovers
|upkeep
|turn|7
|
|t:|1759073202
|move|p1a: Grimmsnarl|Reflect|p1a: Grimmsnarl
|-sidestart|p1: Shampoogini|Reflect
|move|p2a: Clodsire|Poison Jab|p1a: Grimmsnarl
|-supereffective|p1a: Grimmsnarl
|-damage|p1a: Grimmsnarl|67/100
|
|-heal|p2a: Clodsire|96/100 par|[from] item: Leftovers
|upkeep
|turn|8
|
|t:|1759073207
|move|p1a: Grimmsnarl|Light Screen|p1a: Grimmsnarl
|-sidestart|p1: Shampoogini|move: Light Screen
|cant|p2a: Clodsire|par
|
|-heal|p2a: Clodsire|100/100 par|[from] item: Leftovers
|upkeep
|turn|9
|
|t:|1759073214
|switch|p1a: Skeledirge|Skeledirge, M|100/100
|-damage|p1a: Skeledirge|88/100|[from] Spikes
|move|p2a: Clodsire|Poison Jab|p1a: Skeledirge
|-resisted|p1a: Skeledirge
|-damage|p1a: Skeledirge|84/100
|
|-heal|p1a: Skeledirge|90/100|[from] item: Leftovers
|upkeep
|turn|10
|
|t:|1759073218
|move|p1a: Skeledirge|Torch Song|p2a: Clodsire
|-damage|p2a: Clodsire|84/100 par
|-boost|p1a: Skeledirge|spa|1
|move|p2a: Clodsire|Poison Jab|p1a: Skeledirge
|-resisted|p1a: Skeledirge
|-damage|p1a: Skeledirge|86/100
|
|-heal|p1a: Skeledirge|92/100|[from] item: Leftovers
|-heal|p2a: Clodsire|90/100 par|[from] item: Leftovers
|upkeep
|turn|11
|
|t:|1759073221
|move|p1a: Skeledirge|Torch Song|p2a: Clodsire
|-damage|p2a: Clodsire|73/100 par
|-boost|p1a: Skeledirge|spa|1
|cant|p2a: Clodsire|par
|
|-heal|p1a: Skeledirge|98/100|[from] item: Leftovers
|-heal|p2a: Clodsire|80/100 par|[from] item: Leftovers
|upkeep
|turn|12
|
|t:|1759073227
|move|p2a: Clodsire|Poison Jab|p1a: Skeledirge
|-resisted|p1a: Skeledirge
|-damage|p1a: Skeledirge|93/100
|move|p1a: Skeledirge|Roar|p2a: Clodsire
|drag|p2a: Suicune|Suicune|100/100
|-damage|p2a: Suicune|84/100|[from] Spikes
|-ability|p2a: Suicune|Pressure
|
|-heal|p2a: Suicune|90/100|[from] item: Leftovers
|-heal|p1a: Skeledirge|99/100|[from] item: Leftovers
|upkeep
|turn|13
|
|t:|1759073238
|-terastallize|p1a: Skeledirge|Flying
|move|p2a: Suicune|Substitute|p2a: Suicune
|-start|p2a: Suicune|Substitute
|-damage|p2a: Suicune|65/100
|move|p1a: Skeledirge|Shadow Ball|p2a: Suicune
|-end|p2a: Suicune|Substitute
|
|-heal|p2a: Suicune|71/100|[from] item: Leftovers
|-heal|p1a: Skeledirge|100/100|[from] item: Leftovers
|upkeep
|turn|14
|
|t:|1759073247
|move|p2a: Suicune|Protect|p2a: Suicune
|-singleturn|p2a: Suicune|Protect
|move|p1a: Skeledirge|Torch Song|p2a: Suicune
|-activate|p2a: Suicune|move: Protect
|
|-heal|p2a: Suicune|77/100|[from] item: Leftovers
|-sideend|p1: Shampoogini|Reflect
|upkeep
|turn|15
|
|t:|1759073250
|move|p2a: Suicune|Calm Mind|p2a: Suicune
|-boost|p2a: Suicune|spa|1
|-boost|p2a: Suicune|spd|1
|move|p1a: Skeledirge|Shadow Ball|p2a: Suicune
|-damage|p2a: Suicune|31/100
|
|-heal|p2a: Suicune|37/100|[from] item: Leftovers
|-sideend|p1: Shampoogini|move: Light Screen
|upkeep
|turn|16
|
|t:|1759073256
|move|p2a: Suicune|Protect|p2a: Suicune
|-singleturn|p2a: Suicune|Protect
|move|p1a: Skeledirge|Shadow Ball|p2a: Suicune
|-activate|p2a: Suicune|move: Protect
|
|-heal|p2a: Suicune|44/100|[from] item: Leftovers
|upkeep
|turn|17
|
|t:|1759073260
|move|p2a: Suicune|Calm Mind|p2a: Suicune
|-boost|p2a: Suicune|spa|1
|-boost|p2a: Suicune|spd|1
|move|p1a: Skeledirge|Roar|p2a: Suicune
|drag|p2a: Clefable|Clefable, M|100/100
|
|upkeep
|turn|18
|
|t:|1759073272
|move|p1a: Skeledirge|Torch Song|p2a: Clefable
|-damage|p2a: Clefable|48/100
|-boost|p1a: Skeledirge|spa|1
|move|p2a: Clefable|Thunder Wave|p1a: Skeledirge
|-status|p1a: Skeledirge|par
|
|-heal|p2a: Clefable|54/100|[from] item: Leftovers
|upkeep
|turn|19
|
|t:|1759073277
|switch|p2a: Clodsire|Clodsire, M, tera:Dark|80/100 par
|-damage|p2a: Clodsire|63/100 par|[from] Spikes
|move|p1a: Skeledirge|Torch Song|p2a: Clodsire
|-damage|p2a: Clodsire|47/100 par
|-boost|p1a: Skeledirge|spa|1
|
|-heal|p2a: Clodsire|54/100 par|[from] item: Leftovers
|upkeep
|turn|20
|
|t:|1759073280
|move|p1a: Skeledirge|Torch Song|p2a: Clodsire
|-damage|p2a: Clodsire|39/100 par
|-boost|p1a: Skeledirge|spa|1
|move|p2a: Clodsire|Recover|p2a: Clodsire
|-heal|p2a: Clodsire|89/100 par
|
|-heal|p2a: Clodsire|95/100 par|[from] item: Leftovers
|upkeep
|turn|21
|
|t:|1759073286
|move|p2a: Clodsire|Spikes|p1a: Skeledirge
|-sidestart|p1: Shampoogini|Spikes
|cant|p1a: Skeledirge|par
|
|-heal|p2a: Clodsire|100/100 par|[from] item: Leftovers
|upkeep
|turn|22
|
|t:|1759073290
|move|p2a: Clodsire|Spikes|p1a: Skeledirge
|-sidestart|p1: Shampoogini|Spikes
|cant|p1a: Skeledirge|par
|
|upkeep
|turn|23
|
|t:|1759073297
|move|p2a: Clodsire|Poison Jab|p1a: Skeledirge
|-damage|p1a: Skeledirge|82/100 par
|move|p1a: Skeledirge|Roar|p2a: Clodsire
|drag|p2a: Suicune|Suicune|44/100
|-damage|p2a: Suicune|27/100|[from] Spikes
|-ability|p2a: Suicune|Pressure
|
|-heal|p2a: Suicune|33/100|[from] item: Leftovers
|-heal|p1a: Skeledirge|88/100 par|[from] item: Leftovers
|upkeep
|turn|24
|
|t:|1759073301
|switch|p2a: Clodsire|Clodsire, M, tera:Dark|100/100 par
|-damage|p2a: Clodsire|84/100 par|[from] Spikes
|move|p1a: Skeledirge|Shadow Ball|p2a: Clodsire
|-resisted|p2a: Clodsire
|-damage|p2a: Clodsire|77/100 par
|
|-heal|p1a: Skeledirge|94/100 par|[from] item: Leftovers
|-heal|p2a: Clodsire|83/100 par|[from] item: Leftovers
|upkeep
|turn|25
|
|t:|1759073308
|cant|p1a: Skeledirge|par
|move|p2a: Clodsire|Poison Jab|p1a: Skeledirge
|-damage|p1a: Skeledirge|75/100 par
|
|-heal|p1a: Skeledirge|81/100 par|[from] item: Leftovers
|-heal|p2a: Clodsire|89/100 par|[from] item: Leftovers
|upkeep
|turn|26
|
|t:|1759073313
|move|p1a: Skeledirge|Shadow Ball|p2a: Clodsire
|-resisted|p2a: Clodsire
|-damage|p2a: Clodsire|81/100 par
|-unboost|p2a: Clodsire|spd|1
|move|p2a: Clodsire|Poison Jab|p1a: Skeledirge
|-damage|p1a: Skeledirge|62/100 par
|
|-heal|p1a: Skeledirge|68/100 par|[from] item: Leftovers
|-heal|p2a: Clodsire|87/100 par|[from] item: Leftovers
|upkeep
|turn|27
|
|t:|1759073318
|move|p1a: Skeledirge|Shadow Ball|p2a: Clodsire
|-resisted|p2a: Clodsire
|-damage|p2a: Clodsire|80/100 par
|-unboost|p2a: Clodsire|spd|1
|move|p2a: Clodsire|Poison Jab|p1a: Skeledirge
|-damage|p1a: Skeledirge|51/100 par
|
|-heal|p1a: Skeledirge|58/100 par|[from] item: Leftovers
|-heal|p2a: Clodsire|86/100 par|[from] item: Leftovers
|upkeep
|turn|28
|
|t:|1759073322
|move|p1a: Skeledirge|Slack Off|p1a: Skeledirge
|-heal|p1a: Skeledirge|100/100 par
|cant|p2a: Clodsire|par
|
|-heal|p2a: Clodsire|92/100 par|[from] item: Leftovers
|upkeep
|turn|29
|
|t:|1759073326
|move|p1a: Skeledirge|Torch Song|p2a: Clodsire
|-damage|p2a: Clodsire|77/100 par
|-boost|p1a: Skeledirge|spa|1
|cant|p2a: Clodsire|par
|
|-heal|p2a: Clodsire|83/100 par|[from] item: Leftovers
|upkeep
|turn|30
|
|t:|1759073333
|cant|p1a: Skeledirge|par
|move|p2a: Clodsire|Poison Jab|p1a: Skeledirge
|-damage|p1a: Skeledirge|84/100 par
|
|-heal|p1a: Skeledirge|90/100 par|[from] item: Leftovers
|-heal|p2a: Clodsire|89/100 par|[from] item: Leftovers
|upkeep
|turn|31
|
|t:|1759073341
|cant|p1a: Skeledirge|par
|cant|p2a: Clodsire|par
|
|-heal|p1a: Skeledirge|96/100 par|[from] item: Leftovers
|-heal|p2a: Clodsire|95/100 par|[from] item: Leftovers
|upkeep
|turn|32
|
|t:|1759073344
|switch|p1a: Corviknight|Corviknight, F|100/100
|move|p2a: Clodsire|Poison Jab|p1a: Corviknight
|-immune|p1a: Corviknight
|
|-heal|p2a: Clodsire|100/100 par|[from] item: Leftovers
|upkeep
|turn|33
|
|t:|1759073354
|switch|p2a: Clefable|Clefable, M|54/100
|move|p1a: Corviknight|Defog|p2a: Clefable
|-unboost|p2a: Clefable|evasion|1
|-sideend|p2: new zu|Spikes|[from] move: Defog|[of] p1a: Corviknight
|-sideend|p1: Shampoogini|Spikes|[from] move: Defog|[of] p1a: Corviknight
|
|-heal|p2a: Clefable|60/100|[from] item: Leftovers
|upkeep
|turn|34
|
|t:|1759073362
|switch|p1a: Clodsire|Clodsire, F|100/100
|move|p2a: Clefable|Wish|p2a: Clefable
|
|-heal|p2a: Clefable|66/100|[from] item: Leftovers
|upkeep
|turn|35
|
|t:|1759073366
|move|p2a: Clefable|Protect|p2a: Clefable
|-singleturn|p2a: Clefable|Protect
|move|p1a: Clodsire|Toxic|p2a: Clefable
|-activate|p2a: Clefable|move: Protect
|
|-heal|p2a: Clefable|100/100|[from] move: Wish|[wisher] Clefable
|upkeep
|turn|36
|
|t:|1759073387
|switch|p1a: Snek|Serperior, M|66/100
|move|p2a: Clefable|Wish|p2a: Clefable
|
|-heal|p1a: Snek|72/100|[from] item: Leftovers
|upkeep
|turn|37
|
|t:|1759073392
|switch|p1a: Clodsire|Clodsire, F|100/100
|move|p2a: Clefable|Thunder Wave|p1a: Clodsire
|-immune|p1a: Clodsire
|
|upkeep
|turn|38
|
|t:|1759073400
|switch|p2a: Clodsire|Clodsire, M, tera:Dark|100/100 par
|switch|p1a: Dondozo|Dondozo, F|100/100
|
|upkeep
|turn|39
|
|t:|1759073403
|move|p1a: Dondozo|Curse|p1a: Dondozo
|-unboost|p1a: Dondozo|spe|1
|-boost|p1a: Dondozo|atk|1
|-boost|p1a: Dondozo|def|1
|move|p2a: Clodsire|Poison Jab|p1a: Dondozo
|-damage|p1a: Dondozo|87/100
|-status|p1a: Dondozo|psn
|
|-heal|p1a: Dondozo|93/100 psn|[from] item: Leftovers
|-damage|p1a: Dondozo|80/100 psn|[from] psn
|upkeep
|turn|40
|
|t:|1759073415
|switch|p2a: Corviknight|Corviknight, M|100/100
|-ability|p2a: Corviknight|Pressure
|move|p1a: Dondozo|Curse|p1a: Dondozo
|-unboost|p1a: Dondozo|spe|1
|-boost|p1a: Dondozo|atk|1
|-boost|p1a: Dondozo|def|1
|
|-heal|p1a: Dondozo|87/100 psn|[from] item: Leftovers
|-damage|p1a: Dondozo|74/100 psn|[from] psn
|upkeep
|turn|41
|
|t:|1759073419
|move|p2a: Corviknight|Iron Defense|p2a: Corviknight
|-boost|p2a: Corviknight|def|2
|move|p1a: Dondozo|Curse|p1a: Dondozo
|-unboost|p1a: Dondozo|spe|1
|-boost|p1a: Dondozo|atk|1
|-boost|p1a: Dondozo|def|1
|
|-heal|p1a: Dondozo|80/100 psn|[from] item: Leftovers
|-damage|p1a: Dondozo|68/100 psn|[from] psn
|upkeep
|turn|42
|
|t:|1759073423
|move|p2a: Corviknight|Iron Defense|p2a: Corviknight
|-boost|p2a: Corviknight|def|2
|move|p1a: Dondozo|Curse|p1a: Dondozo
|-unboost|p1a: Dondozo|spe|1
|-boost|p1a: Dondozo|atk|1
|-boost|p1a: Dondozo|def|1
|
|-heal|p1a: Dondozo|74/100 psn|[from] item: Leftovers
|-damage|p1a: Dondozo|61/100 psn|[from] psn
|upkeep
|turn|43
|
|t:|1759073426
|move|p2a: Corviknight|Iron Defense|p2a: Corviknight
|-boost|p2a: Corviknight|def|2
|move|p1a: Dondozo|Rest|p1a: Dondozo
|-status|p1a: Dondozo|slp|[from] move: Rest
|-heal|p1a: Dondozo|100/100 slp|[silent]
|
|upkeep
|turn|44
|
|t:|1759073432
|move|p2a: Corviknight|Body Press|p1a: Dondozo
|-damage|p1a: Dondozo|96/100 slp
|cant|p1a: Dondozo|slp
|
|-heal|p1a: Dondozo|100/100 slp|[from] item: Leftovers
|upkeep
|turn|45
|
|t:|1759073436
|move|p2a: Corviknight|Defog|p1a: Dondozo
|-unboost|p1a: Dondozo|evasion|1
|cant|p1a: Dondozo|slp
|
|upkeep
|turn|46
|
|t:|1759073442
|move|p2a: Corviknight|Defog|p1a: Dondozo
|-unboost|p1a: Dondozo|evasion|1
|-curestatus|p1a: Dondozo|slp|[msg]
|move|p1a: Dondozo|Waterfall|p2a: Corviknight
|-damage|p2a: Corviknight|47/100
|-damage|p1a: Dondozo|84/100|[from] item: Rocky Helmet|[of] p2a: Corviknight
|
|-heal|p1a: Dondozo|90/100|[from] item: Leftovers
|upkeep
|turn|47
|
|t:|1759073451
|move|p2a: Corviknight|Roost|p2a: Corviknight
|-heal|p2a: Corviknight|97/100
|-singleturn|p2a: Corviknight|move: Roost
|move|p1a: Dondozo|Waterfall|p2a: Corviknight
|-damage|p2a: Corviknight|40/100
|-damage|p1a: Dondozo|73/100|[from] item: Rocky Helmet|[of] p2a: Corviknight
|
|-heal|p1a: Dondozo|79/100|[from] item: Leftovers
|upkeep
|turn|48
|
|t:|1759073455
|move|p2a: Corviknight|Roost|p2a: Corviknight
|-heal|p2a: Corviknight|90/100
|-singleturn|p2a: Corviknight|move: Roost
|move|p1a: Dondozo|Curse|p1a: Dondozo
|-unboost|p1a: Dondozo|spe|1
|-boost|p1a: Dondozo|atk|1
|-boost|p1a: Dondozo|def|1
|
|-heal|p1a: Dondozo|86/100|[from] item: Leftovers
|upkeep
|turn|49
|
|t:|1759073471
|move|p2a: Corviknight|Body Press|p1a: Dondozo
|-damage|p1a: Dondozo|81/100
|move|p1a: Dondozo|Curse|p1a: Dondozo
|-unboost|p1a: Dondozo|spe|1
|-boost|p1a: Dondozo|atk|1
|-boost|p1a: Dondozo|def|1
|
|-heal|p1a: Dondozo|87/100|[from] item: Leftovers
|upkeep
|turn|50
|
|t:|1759073482
|switch|p2a: Clefable|Clefable, M|100/100
|move|p1a: Dondozo|Waterfall|p2a: Clefable
|-damage|p2a: Clefable|22/100
|
|-heal|p2a: Clefable|28/100|[from] item: Leftovers
|-heal|p1a: Dondozo|94/100|[from] item: Leftovers
|upkeep
|turn|51
|
|t:|1759073487
|move|p2a: Clefable|Protect|p2a: Clefable
|-singleturn|p2a: Clefable|Protect
|move|p1a: Dondozo|Waterfall|p2a: Clefable
|-activate|p2a: Clefable|move: Protect
|
|-heal|p2a: Clefable|34/100|[from] item: Leftovers
|-heal|p1a: Dondozo|99/100|[from] item: Leftovers
|upkeep
|turn|52
|
|t:|1759073492
|move|p2a: Clefable|Moonblast|p1a: Dondozo
|-damage|p1a: Dondozo|81/100
|-unboost|p1a: Dondozo|spa|1
|move|p1a: Dondozo|Waterfall|p2a: Clefable
|-damage|p2a: Clefable|0 fnt
|faint|p2a: Clefable
|
|-heal|p1a: Dondozo|87/100|[from] item: Leftovers
|upkeep
|
|t:|1759073498
|switch|p2a: Cinderace|Cinderace, M|100/100
|turn|53
|
|t:|1759073500
|move|p2a: Cinderace|Will-O-Wisp|p1a: Dondozo
|-status|p1a: Dondozo|brn
|move|p1a: Dondozo|Waterfall|p2a: Cinderace
|-supereffective|p2a: Cinderace
|-damage|p2a: Cinderace|0 fnt
|faint|p2a: Cinderace
|
|-heal|p1a: Dondozo|94/100 brn|[from] item: Leftovers
|-damage|p1a: Dondozo|87/100 brn|[from] brn
|upkeep
|
|t:|1759073506
|switch|p2a: Cresselia|Cresselia, F|94/100 tox
|turn|54
|
|t:|1759073511
|move|p2a: Cresselia|Lunar Dance|p2a: Cresselia
|faint|p2a: Cresselia
|move|p1a: Dondozo|Waterfall|p2: Cresselia|[notarget]
|-fail|p1a: Dondozo
|
|-heal|p1a: Dondozo|94/100 brn|[from] item: Leftovers
|-damage|p1a: Dondozo|87/100 brn|[from] brn
|upkeep
|
|t:|1759073515
|switch|p2a: Suicune|Suicune|33/100
|-heal|p2a: Suicune|100/100|[from] move: Lunar Dance
|-ability|p2a: Suicune|Pressure
|turn|55
|
|t:|1759073522
|move|p2a: Suicune|Calm Mind|p2a: Suicune
|-boost|p2a: Suicune|spa|1
|-boost|p2a: Suicune|spd|1
|move|p1a: Dondozo|Rest|p1a: Dondozo
|-status|p1a: Dondozo|slp|[from] move: Rest
|-heal|p1a: Dondozo|100/100 slp|[silent]
|
|upkeep
|turn|56
|
|t:|1759073530
|switch|p1a: Skeledirge|Skeledirge, M, tera:Flying|96/100 par
|move|p2a: Suicune|Calm Mind|p2a: Suicune
|-boost|p2a: Suicune|spa|1
|-boost|p2a: Suicune|spd|1
|
|-heal|p1a: Skeledirge|100/100 par|[from] item: Leftovers
|upkeep
|turn|57
|
|t:|1759073533
|move|p2a: Suicune|Substitute|p2a: Suicune
|-start|p2a: Suicune|Substitute
|-damage|p2a: Suicune|75/100
|move|p1a: Skeledirge|Roar|p2a: Suicune
|drag|p2a: Corviknight|Corviknight, M|90/100
|-ability|p2a: Corviknight|Pressure
|
|upkeep
|turn|58
|
|t:|1759073537
|switch|p2a: Suicune|Suicune|75/100
|-ability|p2a: Suicune|Pressure
|cant|p1a: Skeledirge|par
|
|-heal|p2a: Suicune|82/100|[from] item: Leftovers
|upkeep
|turn|59
|
|t:|1759073543
|move|p2a: Suicune|Calm Mind|p2a: Suicune
|-boost|p2a: Suicune|spa|1
|-boost|p2a: Suicune|spd|1
|move|p1a: Skeledirge|Shadow Ball|p2a: Suicune
|-damage|p2a: Suicune|61/100
|
|-heal|p2a: Suicune|67/100|[from] item: Leftovers
|upkeep
|turn|60
|
|t:|1759073548
|move|p2a: Suicune|Scald|p1a: Skeledirge
|-damage|p1a: Skeledirge|81/100 par
|move|p1a: Skeledirge|Roar|p2a: Suicune
|drag|p2a: Clodsire|Clodsire, M, tera:Dark|100/100 par
|
|-heal|p1a: Skeledirge|87/100 par|[from] item: Leftovers
|upkeep
|turn|61
|
|t:|1759073552
|switch|p1a: Clodsire|Clodsire, F|100/100
|switch|p2a: Suicune|Suicune|67/100
|-ability|p2a: Suicune|Pressure
|
|-heal|p2a: Suicune|73/100|[from] item: Leftovers
|upkeep
|turn|62
|
|t:|1759073556
|move|p2a: Suicune|Substitute|p2a: Suicune
|-start|p2a: Suicune|Substitute
|-damage|p2a: Suicune|48/100
|move|p1a: Clodsire|Spikes|p2a: Suicune
|-sidestart|p2: new zu|Spikes
|
|-heal|p2a: Suicune|54/100|[from] item: Leftovers
|upkeep
|turn|63
|
|t:|1759073558
|move|p2a: Suicune|Calm Mind|p2a: Suicune
|-boost|p2a: Suicune|spa|1
|-boost|p2a: Suicune|spd|1
|move|p1a: Clodsire|Spikes|p2a: Suicune
|-sidestart|p2: new zu|Spikes
|
|-heal|p2a: Suicune|61/100|[from] item: Leftovers
|upkeep
|turn|64
|
|t:|1759073561
|move|p2a: Suicune|Calm Mind|p2a: Suicune
|-boost|p2a: Suicune|spa|1
|-boost|p2a: Suicune|spd|1
|move|p1a: Clodsire|Spikes|p2a: Suicune
|-sidestart|p2: new zu|Spikes
|
|-heal|p2a: Suicune|67/100|[from] item: Leftovers
|upkeep
|turn|65
|
|t:|1759073566
|switch|p1a: Skeledirge|Skeledirge, M, tera:Flying|87/100 par
|move|p2a: Suicune|Scald|p1a: Skeledirge
|-damage|p1a: Skeledirge|67/100 par
|
|-heal|p2a: Suicune|73/100|[from] item: Leftovers
|-heal|p1a: Skeledirge|73/100 par|[from] item: Leftovers
|upkeep
|turn|66
|
|t:|1759073570
|move|p2a: Suicune|Protect|p2a: Suicune
|-singleturn|p2a: Suicune|Protect
|move|p1a: Skeledirge|Roar|p2a: Suicune
|drag|p2a: Clodsire|Clodsire, M, tera:Dark|100/100 par
|-damage|p2a: Clodsire|75/100 par|[from] Spikes
|
|-heal|p1a: Skeledirge|79/100 par|[from] item: Leftovers
|-heal|p2a: Clodsire|82/100 par|[from] item: Leftovers
|upkeep
|turn|67
|
|t:|1759073580
|switch|p2a: Suicune|Suicune|73/100
|-damage|p2a: Suicune|48/100|[from] Spikes
|-ability|p2a: Suicune|Pressure
|move|p1a: Skeledirge|Roar|p2a: Suicune
|drag|p2a: Corviknight|Corviknight, M|90/100
|-ability|p2a: Corviknight|Pressure
|
|-heal|p1a: Skeledirge|85/100 par|[from] item: Leftovers
|upkeep
|turn|68
|
|t:|1759073586
|switch|p1a: Snek|Serperior, M|72/100
|move|p2a: Corviknight|Defog|p1a: Snek
|-boost|p1a: Snek|evasion|1
|-sideend|p2: new zu|Spikes|[from] move: Defog|[of] p2a: Corviknight
|
|-heal|p1a: Snek|78/100|[from] item: Leftovers
|upkeep
|turn|69
|
|t:|1759073592
|switch|p2a: Clodsire|Clodsire, M, tera:Dark|82/100 par
|move|p1a: Snek|Leaf Storm|p2a: Clodsire
|-damage|p2a: Clodsire|62/100 par
|-boost|p1a: Snek|spa|2
|
|-heal|p1a: Snek|85/100|[from] item: Leftovers
|-heal|p2a: Clodsire|68/100 par|[from] item: Leftovers
|upkeep
|turn|70
|
|t:|1759073596
|move|p1a: Snek|Leaf Storm|p2a: Clodsire
|-damage|p2a: Clodsire|48/100 par
|-boost|p1a: Snek|spa|2
|move|p2a: Clodsire|Recover|p2a: Clodsire
|-heal|p2a: Clodsire|98/100 par
|
|-heal|p1a: Snek|91/100|[from] item: Leftovers
|-heal|p2a: Clodsire|100/100 par|[from] item: Leftovers
|upkeep
|turn|71
|
|t:|1759073603
|switch|p1a: Clodsire|Clodsire, F|100/100
|move|p2a: Clodsire|Poison Jab|p1a: Clodsire
|-resisted|p1a: Clodsire
|-damage|p1a: Clodsire|96/100
|
|upkeep
|turn|72
|
|t:|1759073607
|switch|p2a: Suicune|Suicune|48/100
|-ability|p2a: Suicune|Pressure
|move|p1a: Clodsire|Spikes|p2a: Suicune
|-sidestart|p2: new zu|Spikes
|
|-heal|p2a: Suicune|54/100|[from] item: Leftovers
|upkeep
|turn|73
|
|t:|1759073609
|move|p2a: Suicune|Protect|p2a: Suicune
|-singleturn|p2a: Suicune|Protect
|move|p1a: Clodsire|Spikes|p2a: Suicune
|-sidestart|p2: new zu|Spikes
|
|-heal|p2a: Suicune|60/100|[from] item: Leftovers
|upkeep
|turn|74
|
|t:|1759073615
|switch|p1a: Skeledirge|Skeledirge, M, tera:Flying|85/100 par
|move|p2a: Suicune|Scald|p1a: Skeledirge
|-damage|p1a: Skeledirge|66/100 par
|
|-heal|p2a: Suicune|67/100|[from] item: Leftovers
|-heal|p1a: Skeledirge|72/100 par|[from] item: Leftovers
|upkeep
|turn|75
|
|t:|1759073620
|move|p2a: Suicune|Scald|p1a: Skeledirge
|-damage|p1a: Skeledirge|54/100 par
|cant|p1a: Skeledirge|par
|
|-heal|p2a: Suicune|73/100|[from] item: Leftovers
|-heal|p1a: Skeledirge|60/100 par|[from] item: Leftovers
|upkeep
|turn|76
|
|t:|1759073626
|move|p2a: Suicune|Scald|p1a: Skeledirge
|-damage|p1a: Skeledirge|40/100 par
|move|p1a: Skeledirge|Slack Off|p1a: Skeledirge
|-heal|p1a: Skeledirge|90/100 par
|
|-heal|p2a: Suicune|79/100|[from] item: Leftovers
|-heal|p1a: Skeledirge|96/100 par|[from] item: Leftovers
|upkeep
|turn|77
|
|t:|1759073635
|move|p2a: Suicune|Scald|p1a: Skeledirge
|-damage|p1a: Skeledirge|77/100 par
|move|p1a: Skeledirge|Roar|p2a: Suicune
|drag|p2a: Clodsire|Clodsire, M, tera:Dark|100/100 par
|-damage|p2a: Clodsire|84/100 par|[from] Spikes
|
|-heal|p1a: Skeledirge|83/100 par|[from] item: Leftovers
|-heal|p2a: Clodsire|90/100 par|[from] item: Leftovers
|upkeep
|turn|78
|
|t:|1759073647
|switch|p1a: Corviknight|Corviknight, F|100/100
|switch|p2a: Suicune|Suicune|79/100
|-damage|p2a: Suicune|62/100|[from] Spikes
|-ability|p2a: Suicune|Pressure
|
|-heal|p2a: Suicune|69/100|[from] item: Leftovers
|upkeep
|turn|79
|
|t:|1759073656
|switch|p1a: Snek|Serperior, M|91/100
|move|p2a: Suicune|Protect||[still]
|-fail|p2a: Suicune
|
|-heal|p1a: Snek|97/100|[from] item: Leftovers
|-heal|p2a: Suicune|75/100|[from] item: Leftovers
|upkeep
|turn|80
|
|t:|1759073659
|switch|p2a: Clodsire|Clodsire, M, tera:Dark|90/100 par
|-damage|p2a: Clodsire|74/100 par|[from] Spikes
|move|p1a: Snek|Glare|p2a: Clodsire
|-fail|p2a: Clodsire|par
|
|-heal|p1a: Snek|100/100|[from] item: Leftovers
|-heal|p2a: Clodsire|80/100 par|[from] item: Leftovers
|upkeep
|turn|81
|
|t:|1759073673
|switch|p1a: Clodsire|Clodsire, F|96/100
|move|p2a: Clodsire|Spikes|p1a: Clodsire
|-sidestart|p1: Shampoogini|Spikes
|
|-heal|p2a: Clodsire|86/100 par|[from] item: Leftovers
|upkeep
|turn|82
|
|t:|1759073676
|move|p1a: Clodsire|Spikes|p2a: Clodsire
|-sidestart|p2: new zu|Spikes
|move|p2a: Clodsire|Spikes|p1a: Clodsire
|-sidestart|p1: Shampoogini|Spikes
|
|-heal|p2a: Clodsire|92/100 par|[from] item: Leftovers
|upkeep
|turn|83
|
|t:|1759073679
|switch|p1a: Corviknight|Corviknight, F|100/100
|move|p2a: Clodsire|Spikes|p1a: Corviknight
|-sidestart|p1: Shampoogini|Spikes
|
|-heal|p2a: Clodsire|99/100 par|[from] item: Leftovers
|upkeep
|turn|84
|
|t:|1759073684
|move|p1a: Corviknight|Defog|p2a: Clodsire
|-unboost|p2a: Clodsire|evasion|1
|-sideend|p2: new zu|Spikes|[from] move: Defog|[of] p1a: Corviknight
|-sideend|p1: Shampoogini|Spikes|[from] move: Defog|[of] p1a: Corviknight
|move|p2a: Clodsire|Earthquake|p1a: Corviknight
|-immune|p1a: Corviknight
|
|-heal|p2a: Clodsire|100/100 par|[from] item: Leftovers
|upkeep
|turn|85
|
|t:|1759073686
|move|p1a: Corviknight|Bulk Up|p1a: Corviknight
|-boost|p1a: Corviknight|atk|1
|-boost|p1a: Corviknight|def|1
|cant|p2a: Clodsire|par
|
|upkeep
|turn|86
|
|t:|1759073690
|move|p1a: Corviknight|Bulk Up|p1a: Corviknight
|-boost|p1a: Corviknight|atk|1
|-boost|p1a: Corviknight|def|1
|move|p2a: Clodsire|Spikes|p1a: Corviknight
|-sidestart|p1: Shampoogini|Spikes
|
|upkeep
|turn|87
|
|t:|1759073694
|move|p1a: Corviknight|Bulk Up|p1a: Corviknight
|-boost|p1a: Corviknight|atk|1
|-boost|p1a: Corviknight|def|1
|move|p2a: Clodsire|Spikes|p1a: Corviknight
|-sidestart|p1: Shampoogini|Spikes
|
|upkeep
|turn|88
|
|t:|1759073700
|move|p1a: Corviknight|Bulk Up|p1a: Corviknight
|-boost|p1a: Corviknight|atk|1
|-boost|p1a: Corviknight|def|1
|move|p2a: Clodsire|Spikes|p1a: Corviknight
|-sidestart|p1: Shampoogini|Spikes
|
|upkeep
|turn|89
|
|t:|1759073702
|switch|p2a: Corviknight|Corviknight, M|90/100
|-ability|p2a: Corviknight|Pressure
|move|p1a: Corviknight|Bulk Up|p1a: Corviknight
|-boost|p1a: Corviknight|atk|1
|-boost|p1a: Corviknight|def|1
|
|upkeep
|turn|90
|
|t:|1759073705
|move|p2a: Corviknight|Iron Defense|p2a: Corviknight
|-boost|p2a: Corviknight|def|2
|move|p1a: Corviknight|Defog|p2a: Corviknight
|-unboost|p2a: Corviknight|evasion|1
|-sideend|p1: Shampoogini|Spikes|[from] move: Defog|[of] p1a: Corviknight
|
|upkeep
|turn|91
|
|t:|1759073708
|move|p2a: Corviknight|Iron Defense|p2a: Corviknight
|-boost|p2a: Corviknight|def|2
|move|p1a: Corviknight|Power Trip|p2a: Corviknight
|-damage|p2a: Corviknight|54/100
|-damage|p1a: Corviknight|84/100|[from] item: Rocky Helmet|[of] p2a: Corviknight
|
|upkeep
|turn|92
|
|t:|1759073714
|move|p2a: Corviknight|Iron Defense|p2a: Corviknight
|-boost|p2a: Corviknight|def|2
|move|p1a: Corviknight|Power Trip|p2a: Corviknight
|-damage|p2a: Corviknight|27/100
|-damage|p1a: Corviknight|67/100|[from] item: Rocky Helmet|[of] p2a: Corviknight
|
|upkeep
|turn|93
|
|t:|1759073717
|move|p2a: Corviknight|Roost|p2a: Corviknight
|-heal|p2a: Corviknight|77/100
|-singleturn|p2a: Corviknight|move: Roost
|move|p1a: Corviknight|Power Trip|p2a: Corviknight
|-damage|p2a: Corviknight|51/100
|-damage|p1a: Corviknight|51/100|[from] item: Rocky Helmet|[of] p2a: Corviknight
|
|upkeep
|turn|94
|
|t:|1759073721
|move|p2a: Corviknight|Roost|p2a: Corviknight
|-heal|p2a: Corviknight|100/100
|-singleturn|p2a: Corviknight|move: Roost
|move|p1a: Corviknight|Roost|p1a: Corviknight
|-heal|p1a: Corviknight|100/100
|-singleturn|p1a: Corviknight|move: Roost
|
|upkeep
|turn|95
|
|t:|1759073724
|move|p2a: Corviknight|Body Press|p1a: Corviknight
|-damage|p1a: Corviknight|81/100
|-damage|p2a: Corviknight|84/100|[from] item: Rocky Helmet|[of] p1a: Corviknight
|move|p1a: Corviknight|Bulk Up|p1a: Corviknight
|-boost|p1a: Corviknight|atk|1
|-boost|p1a: Corviknight|def|1
|
|upkeep
|turn|96
|
|t:|1759073729
|move|p2a: Corviknight|Body Press|p1a: Corviknight
|-damage|p1a: Corviknight|62/100
|-damage|p2a: Corviknight|67/100|[from] item: Rocky Helmet|[of] p1a: Corviknight
|move|p1a: Corviknight|Power Trip|p2a: Corviknight
|-damage|p2a: Corviknight|34/100
|-damage|p1a: Corviknight|46/100|[from] item: Rocky Helmet|[of] p2a: Corviknight
|
|upkeep
|turn|97
|
|t:|1759073732
|move|p2a: Corviknight|Roost|p2a: Corviknight
|-heal|p2a: Corviknight|84/100
|-singleturn|p2a: Corviknight|move: Roost
|move|p1a: Corviknight|Roost|p1a: Corviknight
|-heal|p1a: Corviknight|96/100
|-singleturn|p1a: Corviknight|move: Roost
|
|upkeep
|turn|98
|
|t:|1759073739
|switch|p2a: Clodsire|Clodsire, M, tera:Dark|100/100 par
|move|p1a: Corviknight|Bulk Up|p1a: Corviknight
|-boost|p1a: Corviknight|atk|0
|-boost|p1a: Corviknight|def|0
|
|upkeep
|turn|99
|
|t:|1759073744
|move|p1a: Corviknight|Power Trip|p2a: Clodsire
|-resisted|p2a: Clodsire
|-damage|p2a: Clodsire|72/100 par
|move|p2a: Clodsire|Spikes|p1a: Corviknight
|-sidestart|p1: Shampoogini|Spikes
|
|-heal|p2a: Clodsire|79/100 par|[from] item: Leftovers
|upkeep
|turn|100
|
|t:|1759073751
|move|p1a: Corviknight|Defog|p2a: Clodsire
|-unboost|p2a: Clodsire|evasion|1
|-sideend|p1: Shampoogini|Spikes|[from] move: Defog|[of] p1a: Corviknight
|move|p2a: Clodsire|Spikes|p1a: Corviknight
|-sidestart|p1: Shampoogini|Spikes
|
|-heal|p2a: Clodsire|85/100 par|[from] item: Leftovers
|upkeep
|turn|101
|
|t:|1759073755
|move|p1a: Corviknight|Defog|p2a: Clodsire
|-unboost|p2a: Clodsire|evasion|1
|-sideend|p1: Shampoogini|Spikes|[from] move: Defog|[of] p1a: Corviknight
|cant|p2a: Clodsire|par
|
|-heal|p2a: Clodsire|91/100 par|[from] item: Leftovers
|upkeep
|turn|102
|
|t:|1759073759
|switch|p1a: Dondozo|Dondozo, F|100/100 slp
|cant|p2a: Clodsire|par
|
|-heal|p2a: Clodsire|97/100 par|[from] item: Leftovers
|upkeep
|turn|103
|
|t:|1759073764
|switch|p2a: Suicune|Suicune|75/100
|-ability|p2a: Suicune|Pressure
|cant|p1a: Dondozo|slp
|
|-heal|p2a: Suicune|81/100|[from] item: Leftovers
|upkeep
|turn|104
|
|t:|1759073768
|move|p2a: Suicune|Calm Mind|p2a: Suicune
|-boost|p2a: Suicune|spa|1
|-boost|p2a: Suicune|spd|1
|cant|p1a: Dondozo|slp
|
|-heal|p2a: Suicune|87/100|[from] item: Leftovers
|upkeep
|turn|105
|
|t:|1759073772
|move|p2a: Suicune|Calm Mind|p2a: Suicune
|-boost|p2a: Suicune|spa|1
|-boost|p2a: Suicune|spd|1
|-curestatus|p1a: Dondozo|slp|[msg]
|move|p1a: Dondozo|Curse|p1a: Dondozo
|-unboost|p1a: Dondozo|spe|1
|-boost|p1a: Dondozo|atk|1
|-boost|p1a: Dondozo|def|1
|
|-heal|p2a: Suicune|93/100|[from] item: Leftovers
|upkeep
|turn|106
|
|t:|1759073776
|move|p2a: Suicune|Scald|p1a: Dondozo
|-resisted|p1a: Dondozo
|-damage|p1a: Dondozo|93/100
|move|p1a: Dondozo|Body Press|p2a: Suicune
|-damage|p2a: Suicune|71/100
|
|-heal|p2a: Suicune|77/100|[from] item: Leftovers
|-heal|p1a: Dondozo|99/100|[from] item: Leftovers
|upkeep
|turn|107
|
|t:|1759073779
|move|p2a: Suicune|Scald|p1a: Dondozo
|-resisted|p1a: Dondozo
|-damage|p1a: Dondozo|91/100
|-status|p1a: Dondozo|brn
|move|p1a: Dondozo|Body Press|p2a: Suicune
|-damage|p2a: Suicune|66/100
|
|-heal|p2a: Suicune|72/100|[from] item: Leftovers
|-heal|p1a: Dondozo|97/100 brn|[from] item: Leftovers
|-damage|p1a: Dondozo|91/100 brn|[from] brn
|upkeep
|turn|108
|
|t:|1759073784
|move|p2a: Suicune|Scald|p1a: Dondozo
|-resisted|p1a: Dondozo
|-damage|p1a: Dondozo|82/100 brn
|move|p1a: Dondozo|Rest|p1a: Dondozo
|-status|p1a: Dondozo|slp|[from] move: Rest
|-heal|p1a: Dondozo|100/100 slp|[silent]
|
|-heal|p2a: Suicune|78/100|[from] item: Leftovers
|upkeep
|turn|109
|
|t:|1759073796
|switch|p1a: Snek|Serperior, M|100/100
|move|p2a: Suicune|Substitute|p2a: Suicune
|-start|p2a: Suicune|Substitute
|-damage|p2a: Suicune|53/100
|
|-heal|p2a: Suicune|60/100|[from] item: Leftovers
|upkeep
|turn|110
|
|t:|1759073801
|move|p2a: Suicune|Protect|p2a: Suicune
|-singleturn|p2a: Suicune|Protect
|move|p1a: Snek|Leaf Storm|p2a: Suicune
|-activate|p2a: Suicune|move: Protect
|
|-heal|p2a: Suicune|66/100|[from] item: Leftovers
|upkeep
|turn|111
|
|t:|1759073829
|switch|p1a: Skeledirge|Skeledirge, M, tera:Flying|83/100 par
|move|p2a: Suicune|Scald|p1a: Skeledirge
|-damage|p1a: Skeledirge|63/100 par
|
|-heal|p2a: Suicune|72/100|[from] item: Leftovers
|-heal|p1a: Skeledirge|69/100 par|[from] item: Leftovers
|upkeep
|turn|112
|
|t:|1759073837
|move|p2a: Suicune|Calm Mind|p2a: Suicune
|-boost|p2a: Suicune|spa|1
|-boost|p2a: Suicune|spd|1
|move|p1a: Skeledirge|Roar|p2a: Suicune
|drag|p2a: Clodsire|Clodsire, M, tera:Dark|97/100 par
|
|-heal|p1a: Skeledirge|75/100 par|[from] item: Leftovers
|-heal|p2a: Clodsire|100/100 par|[from] item: Leftovers
|upkeep
|turn|113
|inactive|new zu has 120 seconds left.
|
|t:|1759073854
|switch|p1a: Dondozo|Dondozo, F|100/100 slp
|cant|p2a: Clodsire|par
|
|upkeep
|turn|114
|inactive|new zu has 120 seconds left.
|
|t:|1759073859
|switch|p2a: Suicune|Suicune|72/100
|-ability|p2a: Suicune|Pressure
|cant|p1a: Dondozo|slp
|
|-heal|p2a: Suicune|78/100|[from] item: Leftovers
|upkeep
|turn|115
|
|t:|1759073864
|move|p2a: Suicune|Substitute|p2a: Suicune
|-start|p2a: Suicune|Substitute
|-damage|p2a: Suicune|53/100
|cant|p1a: Dondozo|slp
|
|-heal|p2a: Suicune|59/100|[from] item: Leftovers
|upkeep
|turn|116
|
|t:|1759073870
|move|p2a: Suicune|Scald|p1a: Dondozo
|-resisted|p1a: Dondozo
|-damage|p1a: Dondozo|93/100 slp
|-curestatus|p1a: Dondozo|slp|[msg]
|move|p1a: Dondozo|Body Press|p2a: Suicune
|-activate|p2a: Suicune|move: Substitute|[damage]
|
|-heal|p2a: Suicune|66/100|[from] item: Leftovers
|-heal|p1a: Dondozo|99/100|[from] item: Leftovers
|upkeep
|turn|117
|
|t:|1759073874
|switch|p1a: Skeledirge|Skeledirge, M, tera:Flying|75/100 par
|move|p2a: Suicune|Scald|p1a: Skeledirge
|-damage|p1a: Skeledirge|56/100 par
|
|-heal|p2a: Suicune|72/100|[from] item: Leftovers
|-heal|p1a: Skeledirge|62/100 par|[from] item: Leftovers
|upkeep
|turn|118
|
|t:|1759073885
|move|p2a: Suicune|Calm Mind|p2a: Suicune
|-boost|p2a: Suicune|spa|1
|-boost|p2a: Suicune|spd|1
|move|p1a: Skeledirge|Roar|p2a: Suicune
|drag|p2a: Corviknight|Corviknight, M|84/100
|-ability|p2a: Corviknight|Pressure
|
|-heal|p1a: Skeledirge|68/100 par|[from] item: Leftovers
|upkeep
|turn|119
|
|t:|1759073893
|switch|p2a: Clodsire|Clodsire, M, tera:Dark|100/100 par
|switch|p1a: Dondozo|Dondozo, F|99/100
|
|-heal|p1a: Dondozo|100/100|[from] item: Leftovers
|upkeep
|turn|120
|
|t:|1759073896
|switch|p2a: Suicune|Suicune|72/100
|-ability|p2a: Suicune|Pressure
|move|p1a: Dondozo|Curse|p1a: Dondozo
|-unboost|p1a: Dondozo|spe|1
|-boost|p1a: Dondozo|atk|1
|-boost|p1a: Dondozo|def|1
|
|-heal|p2a: Suicune|78/100|[from] item: Leftovers
|upkeep
|turn|121
|
|t:|1759073899
|move|p2a: Suicune|Scald|p1a: Dondozo
|-resisted|p1a: Dondozo
|-damage|p1a: Dondozo|93/100
|move|p1a: Dondozo|Body Press|p2a: Suicune
|-damage|p2a: Suicune|56/100
|
|-heal|p2a: Suicune|62/100|[from] item: Leftovers
|-heal|p1a: Dondozo|99/100|[from] item: Leftovers
|upkeep
|turn|122
|
|t:|1759073903
|move|p2a: Suicune|Scald|p1a: Dondozo
|-resisted|p1a: Dondozo
|-damage|p1a: Dondozo|90/100
|move|p1a: Dondozo|Body Press|p2a: Suicune
|-damage|p2a: Suicune|40/100
|
|-heal|p2a: Suicune|46/100|[from] item: Leftovers
|-heal|p1a: Dondozo|97/100|[from] item: Leftovers
|upkeep
|turn|123
|
|t:|1759073910
|move|p2a: Suicune|Protect|p2a: Suicune
|-singleturn|p2a: Suicune|Protect
|move|p1a: Dondozo|Body Press|p2a: Suicune
|-activate|p2a: Suicune|move: Protect
|
|-heal|p2a: Suicune|52/100|[from] item: Leftovers
|-heal|p1a: Dondozo|100/100|[from] item: Leftovers
|upkeep
|turn|124
|
|t:|1759073918
|move|p2a: Suicune|Calm Mind|p2a: Suicune
|-boost|p2a: Suicune|spa|1
|-boost|p2a: Suicune|spd|1
|move|p1a: Dondozo|Body Press|p2a: Suicune
|-damage|p2a: Suicune|30/100
|
|-heal|p2a: Suicune|36/100|[from] item: Leftovers
|upkeep
|turn|125
|
|t:|1759073923
|switch|p1a: Snek|Serperior, M|100/100
|move|p2a: Suicune|Protect||[still]
|-fail|p2a: Suicune
|
|-heal|p2a: Suicune|43/100|[from] item: Leftovers
|upkeep
|turn|126
|
|t:|1759073930
|switch|p2a: Clodsire|Clodsire, M, tera:Dark|100/100 par
|move|p1a: Snek|Glare|p2a: Clodsire
|-fail|p2a: Clodsire|par
|
|upkeep
|turn|127
|
|t:|1759073933
|switch|p1a: Clodsire|Clodsire, F|96/100
|move|p2a: Clodsire|Poison Jab|p1a: Clodsire
|-resisted|p1a: Clodsire
|-damage|p1a: Clodsire|91/100
|
|upkeep
|turn|128
|
|t:|1759073937
|switch|p2a: Suicune|Suicune|43/100
|-ability|p2a: Suicune|Pressure
|move|p1a: Clodsire|Spikes|p2a: Suicune
|-sidestart|p2: new zu|Spikes
|
|-heal|p2a: Suicune|49/100|[from] item: Leftovers
|upkeep
|turn|129
|
|t:|1759073941
|move|p2a: Suicune|Protect|p2a: Suicune
|-singleturn|p2a: Suicune|Protect
|move|p1a: Clodsire|Spikes|p2a: Suicune
|-sidestart|p2: new zu|Spikes
|
|-heal|p2a: Suicune|55/100|[from] item: Leftovers
|upkeep
|turn|130
|
|t:|1759073946
|switch|p2a: Corviknight|Corviknight, M|84/100
|-ability|p2a: Corviknight|Pressure
|switch|p1a: Skeledirge|Skeledirge, M, tera:Flying|68/100 par
|
|-heal|p1a: Skeledirge|74/100 par|[from] item: Leftovers
|upkeep
|turn|131
|
|t:|1759073952
|switch|p2a: Clodsire|Clodsire, M, tera:Dark|100/100 par
|-damage|p2a: Clodsire|84/100 par|[from] Spikes
|move|p1a: Skeledirge|Torch Song|p2a: Clodsire
|-damage|p2a: Clodsire|68/100 par
|-boost|p1a: Skeledirge|spa|1
|
|-heal|p1a: Skeledirge|80/100 par|[from] item: Leftovers
|-heal|p2a: Clodsire|74/100 par|[from] item: Leftovers
|upkeep
|turn|132
|
|t:|1759073956
|move|p2a: Clodsire|Spikes|p1a: Skeledirge
|-sidestart|p1: Shampoogini|Spikes
|move|p1a: Skeledirge|Roar|p2a: Clodsire
|drag|p2a: Corviknight|Corviknight, M|84/100
|-ability|p2a: Corviknight|Pressure
|
|-heal|p1a: Skeledirge|86/100 par|[from] item: Leftovers
|upkeep
|turn|133
|
|t:|1759073960
|switch|p2a: Clodsire|Clodsire, M, tera:Dark|74/100 par
|-damage|p2a: Clodsire|57/100 par|[from] Spikes
|move|p1a: Skeledirge|Torch Song|p2a: Clodsire
|-damage|p2a: Clodsire|41/100 par
|-boost|p1a: Skeledirge|spa|1
|
|-heal|p1a: Skeledirge|92/100 par|[from] item: Leftovers
|-heal|p2a: Clodsire|47/100 par|[from] item: Leftovers
|upkeep
|turn|134
|
|t:|1759073963
|move|p2a: Clodsire|Spikes|p1a: Skeledirge
|-sidestart|p1: Shampoogini|Spikes
|cant|p1a: Skeledirge|par
|
|-heal|p1a: Skeledirge|98/100 par|[from] item: Leftovers
|-heal|p2a: Clodsire|54/100 par|[from] item: Leftovers
|upkeep
|turn|135
|
|t:|1759073965
|move|p2a: Clodsire|Recover|p2a: Clodsire
|-heal|p2a: Clodsire|100/100 par
|move|p1a: Skeledirge|Roar|p2a: Clodsire
|drag|p2a: Suicune|Suicune|55/100
|-damage|p2a: Suicune|38/100|[from] Spikes
|-ability|p2a: Suicune|Pressure
|
|-heal|p2a: Suicune|45/100|[from] item: Leftovers
|-heal|p1a: Skeledirge|100/100 par|[from] item: Leftovers
|upkeep
|turn|136
|
|t:|1759073969
|move|p2a: Suicune|Protect|p2a: Suicune
|-singleturn|p2a: Suicune|Protect
|cant|p1a: Skeledirge|par
|
|-heal|p2a: Suicune|51/100|[from] item: Leftovers
|upkeep
|turn|137
|
|t:|1759073984
|switch|p2a: Clodsire|Clodsire, M, tera:Dark|100/100 par
|-damage|p2a: Clodsire|84/100 par|[from] Spikes
|move|p1a: Skeledirge|Roar|p2a: Clodsire
|drag|p2a: Corviknight|Corviknight, M|84/100
|-ability|p2a: Corviknight|Pressure
|
|upkeep
|turn|138
|
|t:|1759073988
|switch|p2a: Clodsire|Clodsire, M, tera:Dark|84/100 par
|-damage|p2a: Clodsire|67/100 par|[from] Spikes
|cant|p1a: Skeledirge|par
|
|-heal|p2a: Clodsire|74/100 par|[from] item: Leftovers
|upkeep
|turn|139
|
|t:|1759073994
|move|p2a: Clodsire|Spikes|p1a: Skeledirge
|-sidestart|p1: Shampoogini|Spikes
|move|p1a: Skeledirge|Roar|p2a: Clodsire
|drag|p2a: Suicune|Suicune|51/100
|-damage|p2a: Suicune|34/100|[from] Spikes
|-ability|p2a: Suicune|Pressure
|
|-heal|p2a: Suicune|40/100|[from] item: Leftovers
|upkeep
|turn|140
|
|t:|1759074007
|move|p2a: Suicune|Scald|p1a: Skeledirge
|-damage|p1a: Skeledirge|82/100 par
|cant|p1a: Skeledirge|par
|
|-heal|p2a: Suicune|47/100|[from] item: Leftovers
|-heal|p1a: Skeledirge|88/100 par|[from] item: Leftovers
|upkeep
|turn|141
|
|t:|1759074022
|switch|p2a: Clodsire|Clodsire, M, tera:Dark|74/100 par
|-damage|p2a: Clodsire|57/100 par|[from] Spikes
|move|p1a: Skeledirge|Shadow Ball|p2a: Clodsire
|-resisted|p2a: Clodsire
|-damage|p2a: Clodsire|50/100 par
|-unboost|p2a: Clodsire|spd|1
|
|-heal|p1a: Skeledirge|94/100 par|[from] item: Leftovers
|-heal|p2a: Clodsire|56/100 par|[from] item: Leftovers
|upkeep
|turn|142
|
|t:|1759074028
|move|p2a: Clodsire|Recover|p2a: Clodsire
|-heal|p2a: Clodsire|100/100 par
|move|p1a: Skeledirge|Roar|p2a: Clodsire
|drag|p2a: Suicune|Suicune|47/100
|-damage|p2a: Suicune|30/100|[from] Spikes
|-ability|p2a: Suicune|Pressure
|
|-heal|p2a: Suicune|36/100|[from] item: Leftovers
|-heal|p1a: Skeledirge|99/100 par|[from] item: Leftovers
|upkeep
|turn|143
|
|t:|1759074038
|move|p2a: Suicune|Protect|p2a: Suicune
|-singleturn|p2a: Suicune|Protect
|move|p1a: Skeledirge|Shadow Ball|p2a: Suicune
|-activate|p2a: Suicune|move: Protect
|
|-heal|p2a: Suicune|42/100|[from] item: Leftovers
|-heal|p1a: Skeledirge|100/100 par|[from] item: Leftovers
|upkeep
|turn|144
|inactive|new zu has 120 seconds left.
|
|t:|1759074055
|switch|p2a: Clodsire|Clodsire, M, tera:Dark|100/100 par
|-damage|p2a: Clodsire|84/100 par|[from] Spikes
|move|p1a: Skeledirge|Roar|p2a: Clodsire
|drag|p2a: Suicune|Suicune|42/100
|-damage|p2a: Suicune|26/100|[from] Spikes
|-ability|p2a: Suicune|Pressure
|
|-heal|p2a: Suicune|32/100|[from] item: Leftovers
|upkeep
|turn|145
|
|t:|1759074063
|move|p2a: Suicune|Protect|p2a: Suicune
|-singleturn|p2a: Suicune|Protect
|move|p1a: Skeledirge|Roar|p2a: Suicune
|drag|p2a: Clodsire|Clodsire, M, tera:Dark|84/100 par
|-damage|p2a: Clodsire|67/100 par|[from] Spikes
|
|-heal|p2a: Clodsire|74/100 par|[from] item: Leftovers
|upkeep
|turn|146
|inactive|new zu has 120 seconds left.
|
|t:|1759074073
|switch|p2a: Corviknight|Corviknight, M|84/100
|-ability|p2a: Corviknight|Pressure
|move|p1a: Skeledirge|Roar|p2a: Corviknight
|drag|p2a: Suicune|Suicune|32/100
|-damage|p2a: Suicune|15/100|[from] Spikes
|-ability|p2a: Suicune|Pressure
|
|-heal|p2a: Suicune|22/100|[from] item: Leftovers
|upkeep
|turn|147
|
|t:|1759074081
|move|p2a: Suicune|Protect|p2a: Suicune
|-singleturn|p2a: Suicune|Protect
|move|p1a: Skeledirge|Roar|p2a: Suicune
|drag|p2a: Clodsire|Clodsire, M, tera:Dark|74/100 par
|-damage|p2a: Clodsire|57/100 par|[from] Spikes
|
|-heal|p2a: Clodsire|63/100 par|[from] item: Leftovers
|upkeep
|turn|148
|
|t:|1759074091
|cant|p2a: Clodsire|par
|move|p1a: Skeledirge|Roar|p2a: Clodsire
|drag|p2a: Suicune|Suicune|22/100
|-damage|p2a: Suicune|5/100|[from] Spikes
|-ability|p2a: Suicune|Pressure
|
|-heal|p2a: Suicune|11/100|[from] item: Leftovers
|upkeep
|turn|149
|
|t:|1759074098
|move|p2a: Suicune|Protect|p2a: Suicune
|-singleturn|p2a: Suicune|Protect
|move|p1a: Skeledirge|Roar|p2a: Suicune
|drag|p2a: Corviknight|Corviknight, M|84/100
|-ability|p2a: Corviknight|Pressure
|
|upkeep
|turn|150
|
|t:|1759074107
|switch|p2a: Clodsire|Clodsire, M, tera:Dark|63/100 par
|-damage|p2a: Clodsire|47/100 par|[from] Spikes
|move|p1a: Skeledirge|Torch Song|p2a: Clodsire
|-damage|p2a: Clodsire|30/100 par
|-boost|p1a: Skeledirge|spa|1
|
|-heal|p2a: Clodsire|36/100 par|[from] item: Leftovers
|upkeep
|turn|151
|
|t:|1759074114
|move|p1a: Skeledirge|Torch Song|p2a: Clodsire
|-damage|p2a: Clodsire|20/100 par
|-boost|p1a: Skeledirge|spa|1
|move|p2a: Clodsire|Recover|p2a: Clodsire
|-heal|p2a: Clodsire|70/100 par
|
|-heal|p2a: Clodsire|77/100 par|[from] item: Leftovers
|upkeep
|turn|152
|inactive|new zu has 120 seconds left.
|
|t:|1759074141
|switch|p1a: Dondozo|Dondozo, F|100/100
|-damage|p1a: Dondozo|75/100|[from] Spikes
|move|p2a: Clodsire|Poison Jab|p1a: Dondozo
|-damage|p1a: Dondozo|62/100
|-status|p1a: Dondozo|psn
|
|-heal|p1a: Dondozo|68/100 psn|[from] item: Leftovers
|-heal|p2a: Clodsire|83/100 par|[from] item: Leftovers
|-damage|p1a: Dondozo|55/100 psn|[from] psn
|upkeep
|turn|153
|
|t:|1759074145
|switch|p2a: Corviknight|Corviknight, M|84/100
|-ability|p2a: Corviknight|Pressure
|move|p1a: Dondozo|Rest|p1a: Dondozo
|-status|p1a: Dondozo|slp|[from] move: Rest
|-heal|p1a: Dondozo|100/100 slp|[silent]
|
|upkeep
|turn|154
|
|t:|1759074148
|switch|p1a: Snek|Serperior, M|100/100
|-damage|p1a: Snek|76/100|[from] Spikes
|move|p2a: Corviknight|Defog|p1a: Snek
|-boost|p1a: Snek|evasion|1
|-sideend|p1: Shampoogini|Spikes|[from] move: Defog|[of] p2a: Corviknight
|-sideend|p2: new zu|Spikes|[from] move: Defog|[of] p2a: Corviknight
|
|-heal|p1a: Snek|82/100|[from] item: Leftovers
|upkeep
|turn|155
|
|t:|1759074152
|switch|p2a: Clodsire|Clodsire, M, tera:Dark|83/100 par
|move|p1a: Snek|Glare|p2a: Clodsire
|-fail|p2a: Clodsire|par
|
|-heal|p1a: Snek|88/100|[from] item: Leftovers
|-heal|p2a: Clodsire|89/100 par|[from] item: Leftovers
|upkeep
|turn|156
|
|t:|1759074157
|move|p1a: Snek|Tera Blast|p2a: Clodsire
|-damage|p2a: Clodsire|80/100 par
|move|p2a: Clodsire|Poison Jab|p1a: Snek
|-supereffective|p1a: Snek
|-damage|p1a: Snek|42/100
|
|-heal|p1a: Snek|48/100|[from] item: Leftovers
|-heal|p2a: Clodsire|87/100 par|[from] item: Leftovers
|upkeep
|turn|157
|
|t:|1759074161
|move|p1a: Snek|Tera Blast|p2a: Clodsire
|-damage|p2a: Clodsire|79/100 par
|move|p2a: Clodsire|Poison Jab|p1a: Snek
|-supereffective|p1a: Snek
|-damage|p1a: Snek|2/100
|-status|p1a: Snek|psn
|
|-heal|p1a: Snek|8/100 psn|[from] item: Leftovers
|-heal|p2a: Clodsire|85/100 par|[from] item: Leftovers
|-damage|p1a: Snek|0 fnt|[from] psn
|faint|p1a: Snek
|upkeep
|
|t:|1759074170
|switch|p1a: Clodsire|Clodsire, F|91/100
|turn|158
|
|t:|1759074173
|move|p1a: Clodsire|Spikes|p2a: Clodsire
|-sidestart|p2: new zu|Spikes
|move|p2a: Clodsire|Earthquake|p1a: Clodsire
|-supereffective|p1a: Clodsire
|-damage|p1a: Clodsire|44/100
|
|-heal|p2a: Clodsire|91/100 par|[from] item: Leftovers
|upkeep
|turn|159
|
|t:|1759074176
|move|p1a: Clodsire|Spikes|p2a: Clodsire
|-sidestart|p2: new zu|Spikes
|move|p2a: Clodsire|Earthquake|p1a: Clodsire
|-supereffective|p1a: Clodsire
|-damage|p1a: Clodsire|0 fnt
|faint|p1a: Clodsire
|
|-heal|p2a: Clodsire|98/100 par|[from] item: Leftovers
|upkeep
|
|t:|1759074192
|switch|p1a: Grimmsnarl|Grimmsnarl, M|67/100
|turn|160
|
|t:|1759074205
|switch|p2a: Corviknight|Corviknight, M|84/100
|-ability|p2a: Corviknight|Pressure
|move|p1a: Grimmsnarl|Reflect|p1a: Grimmsnarl
|-sidestart|p1: Shampoogini|Reflect
|
|upkeep
|turn|161
|
|t:|1759074210
|switch|p1a: Dondozo|Dondozo, F|100/100 slp
|move|p2a: Corviknight|Defog|p1a: Dondozo
|-unboost|p1a: Dondozo|evasion|1
|-sideend|p1: Shampoogini|Reflect
|-sideend|p2: new zu|Spikes|[from] move: Defog|[of] p2a: Corviknight
|
|upkeep
|turn|162
|
|t:|1759074217
|switch|p2a: Suicune|Suicune|11/100
|-ability|p2a: Suicune|Pressure
|cant|p1a: Dondozo|slp
|
|-heal|p2a: Suicune|17/100|[from] item: Leftovers
|upkeep
|turn|163
|
|t:|1759074229
|switch|p1a: Skeledirge|Skeledirge, M, tera:Flying|100/100 par
|move|p2a: Suicune|Calm Mind|p2a: Suicune
|-boost|p2a: Suicune|spa|1
|-boost|p2a: Suicune|spd|1
|
|-heal|p2a: Suicune|24/100|[from] item: Leftovers
|upkeep
|turn|164
|
|t:|1759074234
|move|p2a: Suicune|Protect|p2a: Suicune
|-singleturn|p2a: Suicune|Protect
|cant|p1a: Skeledirge|par
|
|-heal|p2a: Suicune|30/100|[from] item: Leftovers
|upkeep
|turn|165
|
|t:|1759074241
|move|p2a: Suicune|Calm Mind|p2a: Suicune
|-boost|p2a: Suicune|spa|1
|-boost|p2a: Suicune|spd|1
|move|p1a: Skeledirge|Shadow Ball|p2a: Suicune
|-damage|p2a: Suicune|8/100
|
|-heal|p2a: Suicune|14/100|[from] item: Leftovers
|upkeep
|turn|166
|
|t:|1759074250
|switch|p1a: Grimmsnarl|Grimmsnarl, M|67/100
|move|p2a: Suicune|Protect||[still]
|-fail|p2a: Suicune
|
|-heal|p2a: Suicune|21/100|[from] item: Leftovers
|upkeep
|turn|167
|
|t:|1759074257
|move|p2a: Suicune|Scald|p1a: Grimmsnarl
|-damage|p1a: Grimmsnarl|20/100
|move|p1a: Grimmsnarl|Play Rough|p2a: Suicune
|-damage|p2a: Suicune|0 fnt
|faint|p2a: Suicune
|
|upkeep
|
|t:|1759074266
|switch|p2a: Clodsire|Clodsire, M, tera:Dark|98/100 par
|turn|168
|
|t:|1759074271
|move|p1a: Grimmsnarl|Reflect|p1a: Grimmsnarl
|-sidestart|p1: Shampoogini|Reflect
|cant|p2a: Clodsire|par
|
|-heal|p2a: Clodsire|100/100 par|[from] item: Leftovers
|upkeep
|turn|169
|
|t:|1759074274
|move|p1a: Grimmsnarl|Light Screen|p1a: Grimmsnarl
|-sidestart|p1: Shampoogini|move: Light Screen
|move|p2a: Clodsire|Spikes|p1a: Grimmsnarl
|-sidestart|p1: Shampoogini|Spikes
|
|upkeep
|turn|170
|
|t:|1759074280
|switch|p1a: Dondozo|Dondozo, F|100/100 slp
|-damage|p1a: Dondozo|88/100 slp|[from] Spikes
|cant|p2a: Clodsire|par
|
|-heal|p1a: Dondozo|94/100 slp|[from] item: Leftovers
|upkeep
|turn|171
|
|t:|1759074292
|cant|p1a: Dondozo|slp
|move|p2a: Clodsire|Spikes|p1a: Dondozo
|-sidestart|p1: Shampoogini|Spikes
|
|-heal|p1a: Dondozo|99/100 slp|[from] item: Leftovers
|upkeep
|turn|172
|
|t:|1759074294
|-curestatus|p1a: Dondozo|slp|[msg]
|move|p1a: Dondozo|Curse|p1a: Dondozo
|-unboost|p1a: Dondozo|spe|1
|-boost|p1a: Dondozo|atk|1
|-boost|p1a: Dondozo|def|1
|cant|p2a: Clodsire|par
|
|-heal|p1a: Dondozo|100/100|[from] item: Leftovers
|upkeep
|turn|173
|
|t:|1759074297
|move|p1a: Dondozo|Curse|p1a: Dondozo
|-unboost|p1a: Dondozo|spe|1
|-boost|p1a: Dondozo|atk|1
|-boost|p1a: Dondozo|def|1
|move|p2a: Clodsire|Spikes|p1a: Dondozo
|-sidestart|p1: Shampoogini|Spikes
|
|upkeep
|turn|174
|
|t:|1759074303
|switch|p2a: Corviknight|Corviknight, M|84/100
|-ability|p2a: Corviknight|Pressure
|move|p1a: Dondozo|Curse|p1a: Dondozo
|-unboost|p1a: Dondozo|spe|1
|-boost|p1a: Dondozo|atk|1
|-boost|p1a: Dondozo|def|1
|
|upkeep
|turn|175
|
|t:|1759074308
|move|p2a: Corviknight|Iron Defense|p2a: Corviknight
|-boost|p2a: Corviknight|def|2
|move|p1a: Dondozo|Waterfall|p2a: Corviknight
|-damage|p2a: Corviknight|34/100
|-damage|p1a: Dondozo|84/100|[from] item: Rocky Helmet|[of] p2a: Corviknight
|
|-heal|p1a: Dondozo|90/100|[from] item: Leftovers
|-sideend|p1: Shampoogini|Reflect
|upkeep
|turn|176
|
|t:|1759074315
|move|p2a: Corviknight|Roost|p2a: Corviknight
|-heal|p2a: Corviknight|84/100
|-singleturn|p2a: Corviknight|move: Roost
|move|p1a: Dondozo|Waterfall|p2a: Corviknight
|-damage|p2a: Corviknight|39/100
|-damage|p1a: Dondozo|73/100|[from] item: Rocky Helmet|[of] p2a: Corviknight
|
|-heal|p1a: Dondozo|79/100|[from] item: Leftovers
|-sideend|p1: Shampoogini|move: Light Screen
|upkeep
|turn|177
|
|t:|1759074321
|move|p2a: Corviknight|Roost|p2a: Corviknight
|-heal|p2a: Corviknight|89/100
|-singleturn|p2a: Corviknight|move: Roost
|move|p1a: Dondozo|Curse|p1a: Dondozo
|-unboost|p1a: Dondozo|spe|1
|-boost|p1a: Dondozo|atk|1
|-boost|p1a: Dondozo|def|1
|
|-heal|p1a: Dondozo|86/100|[from] item: Leftovers
|upkeep
|turn|178
|
|t:|1759074330
|move|p2a: Corviknight|Body Press|p1a: Dondozo
|-damage|p1a: Dondozo|80/100
|move|p1a: Dondozo|Curse|p1a: Dondozo
|-unboost|p1a: Dondozo|spe|1
|-boost|p1a: Dondozo|atk|1
|-boost|p1a: Dondozo|def|1
|
|-heal|p1a: Dondozo|87/100|[from] item: Leftovers
|upkeep
|turn|179
|
|t:|1759074334
|move|p2a: Corviknight|Body Press|p1a: Dondozo
|-damage|p1a: Dondozo|82/100
|move|p1a: Dondozo|Waterfall|p2a: Corviknight
|-crit|p2a: Corviknight
|-damage|p2a: Corviknight|0 fnt
|-damage|p1a: Dondozo|66/100|[from] item: Rocky Helmet|[of] p2a: Corviknight
|faint|p2a: Corviknight
|
|-heal|p1a: Dondozo|72/100|[from] item: Leftovers
|upkeep
|
|t:|1759074339
|switch|p2a: Clodsire|Clodsire, M, tera:Dark|100/100 par
|turn|180
|
|t:|1759074345
|cant|p2a: Clodsire|par
|move|p1a: Dondozo|Body Press|p2a: Clodsire
|-supereffective|p2a: Clodsire
|-damage|p2a: Clodsire|52/100 par
|
|-heal|p2a: Clodsire|58/100 par|[from] item: Leftovers
|-heal|p1a: Dondozo|78/100|[from] item: Leftovers
|upkeep
|turn|181
|
|t:|1759074353
|move|p2a: Clodsire|Recover|p2a: Clodsire
|-heal|p2a: Clodsire|100/100 par
|move|p1a: Dondozo|Body Press|p2a: Clodsire
|-supereffective|p2a: Clodsire
|-damage|p2a: Clodsire|54/100 par
|
|-heal|p2a: Clodsire|60/100 par|[from] item: Leftovers
|-heal|p1a: Dondozo|84/100|[from] item: Leftovers
|upkeep
|turn|182
|
|t:|1759074358
|move|p2a: Clodsire|Poison Jab|p1a: Dondozo
|-damage|p1a: Dondozo|71/100
|-status|p1a: Dondozo|psn
|move|p1a: Dondozo|Waterfall|p2a: Clodsire
|-damage|p2a: Clodsire|27/100 par
|
|-heal|p2a: Clodsire|34/100 par|[from] item: Leftovers
|-heal|p1a: Dondozo|77/100 psn|[from] item: Leftovers
|-damage|p1a: Dondozo|65/100 psn|[from] psn
|upkeep
|turn|183
|
|t:|1759074362
|move|p2a: Clodsire|Recover|p2a: Clodsire
|-heal|p2a: Clodsire|84/100 par
|move|p1a: Dondozo|Waterfall|p2a: Clodsire
|-damage|p2a: Clodsire|52/100 par
|
|-heal|p2a: Clodsire|58/100 par|[from] item: Leftovers
|-heal|p1a: Dondozo|71/100 psn|[from] item: Leftovers
|-damage|p1a: Dondozo|58/100 psn|[from] psn
|upkeep
|turn|184
|j| heatraniac
|
|t:|1759074370
|move|p2a: Clodsire|Earthquake|p1a: Dondozo
|-damage|p1a: Dondozo|41/100 psn
|move|p1a: Dondozo|Waterfall|p2a: Clodsire
|-crit|p2a: Clodsire
|-damage|p2a: Clodsire|11/100 par
|
|-heal|p2a: Clodsire|18/100 par|[from] item: Leftovers
|-heal|p1a: Dondozo|47/100 psn|[from] item: Leftovers
|-damage|p1a: Dondozo|34/100 psn|[from] psn
|upkeep
|turn|185
|
|t:|1759074373
|cant|p2a: Clodsire|par
|move|p1a: Dondozo|Rest|p1a: Dondozo
|-status|p1a: Dondozo|slp|[from] move: Rest
|-heal|p1a: Dondozo|100/100 slp|[silent]
|
|-heal|p2a: Clodsire|24/100 par|[from] item: Leftovers
|upkeep
|turn|186
|
|t:|1759074378
|move|p2a: Clodsire|Recover|p2a: Clodsire
|-heal|p2a: Clodsire|74/100 par
|cant|p1a: Dondozo|slp
|
|-heal|p2a: Clodsire|80/100 par|[from] item: Leftovers
|upkeep
|turn|187
|
|t:|1759074387
|cant|p2a: Clodsire|par
|cant|p1a: Dondozo|slp
|
|-heal|p2a: Clodsire|86/100 par|[from] item: Leftovers
|upkeep
|turn|188
|l| heatraniac
|
|t:|1759074392
|cant|p2a: Clodsire|par
|-curestatus|p1a: Dondozo|slp|[msg]
|move|p1a: Dondozo|Waterfall|p2a: Clodsire
|-damage|p2a: Clodsire|56/100 par
|
|-heal|p2a: Clodsire|62/100 par|[from] item: Leftovers
|upkeep
|turn|189
|
|t:|1759074394
|move|p2a: Clodsire|Poison Jab|p1a: Dondozo
|-damage|p1a: Dondozo|87/100
|move|p1a: Dondozo|Waterfall|p2a: Clodsire
|-damage|p2a: Clodsire|32/100 par
|
|-heal|p2a: Clodsire|39/100 par|[from] item: Leftovers
|-heal|p1a: Dondozo|94/100|[from] item: Leftovers
|upkeep
|turn|190
|
|t:|1759074399
|cant|p2a: Clodsire|par
|move|p1a: Dondozo|Waterfall|p2a: Clodsire
|-damage|p2a: Clodsire|9/100 par
|
|-heal|p2a: Clodsire|15/100 par|[from] item: Leftovers
|-heal|p1a: Dondozo|99/100|[from] item: Leftovers
|upkeep
|turn|191
|
|t:|1759074401
|cant|p2a: Clodsire|par
|move|p1a: Dondozo|Waterfall|p2a: Clodsire
|-damage|p2a: Clodsire|0 fnt
|faint|p2a: Clodsire
|
|win|Shampoogini
|raw|Shampoogini's rating: 1300 &rarr; <strong>1327</strong><br />(+27 for winning)
|raw|new zu's rating: 1327 &rarr; <strong>1305</strong><br />(-22 for losing)
|l|☆new zu
|player|p2|
|c|☆Shampoogini|Gg
