|j|☆staiul28
|j|☆Pol3mik
|t:|1758970541
|gametype|singles
|player|p1|staiul28|elesa|1273
|player|p2|Pol3mik|101|1224
|gen|9
|tier|[Gen 9] OU
|rated|
|rule|HP Percentage Mod: HP is shown in percentages
|rule|Endless Battle Clause: Forcing endless battles is banned
|rule|Species Clause: Limit one of each Pokémon
|rule|OHKO Clause: OHKO moves are banned
|rule|Evasion Items Clause: Evasion items are banned
|rule|Evasion Moves Clause: Evasion moves are banned
|rule|Evasion Abilities Clause: Evasion abilities are banned
|rule|Sleep Moves Clause: Sleep-inducing moves are banned
|clearpoke
|poke|p1|Primeape, F|
|poke|p1|Masquerain, M|
|poke|p1|Arcanine-Hisui, F|
|poke|p1|Enamorus, F|
|poke|p1|Forretress, F|
|poke|p1|Latias, F|
|poke|p2|Zamazenta-*|
|poke|p2|Ogerpon-Wellspring, F|
|poke|p2|Raging Bolt|
|poke|p2|Hatterene, F|
|poke|p2|Ceruledge, M|
|poke|p2|Glimmora, M|
|teampreview
|inactive|Battle timer is ON: inactive players will automatically lose when time's up. (requested by staiul28)
|
|t:|1758970551
|teamsize|p1|6
|teamsize|p2|6
|start
|switch|p1a: Masquerain|Masquerain, M|100/100
|switch|p2a: Glimmora|Glimmora, M|100/100
|-ability|p1a: Masquerain|Intimidate|boost
|-unboost|p2a: Glimmora|atk|1
|turn|1
|
|t:|1758970562
|move|p2a: Glimmora|Mortal Spin|p1a: Masquerain
|-damage|p1a: Masquerain|94/100
|-status|p1a: Masquerain|psn
|move|p1a: Masquerain|Sticky Web|p2a: Glimmora
|-sidestart|p2: Pol3mik|move: Sticky Web
|
|-damage|p1a: Masquerain|82/100 psn|[from] psn
|upkeep
|turn|2
|
|t:|1758970572
|switch|p1a: Forretress|Forretress, F|100/100
|move|p2a: Glimmora|Stealth Rock|p1a: Forretress
|-sidestart|p1: staiul28|move: Stealth Rock
|
|upkeep
|turn|3
|
|t:|1758970586
|move|p2a: Glimmora|Earth Power|p1a: Forretress
|-damage|p1a: Forretress|57/100
|-enditem|p1a: Forretress|Red Card|[of] p2a: Glimmora
|drag|p2a: Ceruledge|Ceruledge, M|100/100
|-activate|p2a: Ceruledge|move: Sticky Web
|-unboost|p2a: Ceruledge|spe|1
|move|p1a: Forretress|Gyro Ball|p2a: Ceruledge
|-resisted|p2a: Ceruledge
|-damage|p2a: Ceruledge|86/100
|-ability|p2a: Ceruledge|Weak Armor|boost
|-unboost|p2a: Ceruledge|def|1
|-boost|p2a: Ceruledge|spe|2
|
|upkeep
|turn|4
|
|t:|1758970599
|move|p2a: Ceruledge|Bitter Blade|p1a: Forretress
|-supereffective|p1a: Forretress
|-damage|p1a: Forretress|0 fnt
|-heal|p2a: Ceruledge|100/100|[from] drain|[of] p1a: Forretress
|faint|p1a: Forretress
|
|upkeep
|
|t:|1758970611
|switch|p1a: Masquerain|Masquerain, M|82/100 psn
|-damage|p1a: Masquerain|32/100 psn|[from] Stealth Rock
|-ability|p1a: Masquerain|Intimidate|boost
|-unboost|p2a: Ceruledge|atk|1
|turn|5
|
|t:|1758970636
|move|p2a: Ceruledge|Bitter Blade|p1a: Masquerain
|-supereffective|p1a: Masquerain
|-damage|p1a: Masquerain|0 fnt
|faint|p1a: Masquerain
|
|upkeep
|
|t:|1758970644
|switch|p1a: Primeape|Primeape, F|100/100
|-damage|p1a: Primeape|95/100|[from] Stealth Rock
|turn|6
|
|t:|1758970663
|move|p2a: Ceruledge|Bitter Blade|p1a: Primeape
|-damage|p1a: Primeape|61/100
|move|p1a: Primeape|Bulk Up|p1a: Primeape
|-boost|p1a: Primeape|atk|1
|-boost|p1a: Primeape|def|1
|
|upkeep
|turn|7
|
|t:|1758970672
|move|p2a: Ceruledge|Poltergeist|p1a: Primeape
|-activate|p1a: Primeape|move: Poltergeist|Eviolite
|-damage|p1a: Primeape|34/100
|move|p1a: Primeape|Rage Fist|p2a: Ceruledge
|-supereffective|p2a: Ceruledge
|-enditem|p2a: Ceruledge|Focus Sash
|-damage|p2a: Ceruledge|1/100
|-ability|p2a: Ceruledge|Weak Armor|boost
|-unboost|p2a: Ceruledge|def|1
|-boost|p2a: Ceruledge|spe|2
|
|upkeep
|turn|8
|
|t:|1758970685
|switch|p2a: Glimmora|Glimmora, M|100/100
|-activate|p2a: Glimmora|move: Sticky Web
|-unboost|p2a: Glimmora|spe|1
|move|p1a: Primeape|Rage Fist|p2a: Glimmora
|-damage|p2a: Glimmora|39/100
|-activate|p2a: Glimmora|ability: Toxic Debris
|-sidestart|p1: staiul28|move: Toxic Spikes
|-enditem|p2a: Glimmora|Red Card|[of] p1a: Primeape
|drag|p1a: Latias|Latias, F|100/100
|-damage|p1a: Latias|88/100|[from] Stealth Rock
|
|-heal|p1a: Latias|94/100|[from] item: Leftovers
|upkeep
|turn|9
|inactive|Pol3mik has 120 seconds left.
|inactive|Pol3mik has 90 seconds left.
|
|t:|1758970743
|move|p1a: Latias|Dragon Pulse|p2a: Glimmora
|-damage|p2a: Glimmora|0 fnt
|faint|p2a: Glimmora
|
|-heal|p1a: Latias|99/100|[from] item: Leftovers
|upkeep
|inactive|Pol3mik has 90 seconds left.
|
|t:|1758970762
|switch|p2a: Raging Bolt|Raging Bolt|100/100
|-activate|p2a: Raging Bolt|move: Sticky Web
|-unboost|p2a: Raging Bolt|spe|1
|-enditem|p2a: Raging Bolt|Booster Energy
|-activate|p2a: Raging Bolt|ability: Protosynthesis|[fromitem]
|-start|p2a: Raging Bolt|protosynthesisspa
|turn|10
|
|t:|1758970783
|-terastallize|p1a: Latias|Fairy
|-terastallize|p2a: Raging Bolt|Fairy
|move|p1a: Latias|Calm Mind|p1a: Latias
|-boost|p1a: Latias|spa|1
|-boost|p1a: Latias|spd|1
|move|p2a: Raging Bolt|Dragon Pulse|p1a: Latias
|-immune|p1a: Latias
|
|-heal|p1a: Latias|100/100|[from] item: Leftovers
|upkeep
|turn|11
|
|t:|1758970797
|move|p1a: Latias|Calm Mind|p1a: Latias
|-boost|p1a: Latias|spa|1
|-boost|p1a: Latias|spd|1
|move|p2a: Raging Bolt|Thunderbolt|p1a: Latias
|-damage|p1a: Latias|72/100
|
|-heal|p1a: Latias|78/100|[from] item: Leftovers
|upkeep
|turn|12
|
|t:|1758970805
|move|p1a: Latias|Agility|p1a: Latias
|-boost|p1a: Latias|spe|2
|move|p2a: Raging Bolt|Thunderbolt|p1a: Latias
|-damage|p1a: Latias|54/100
|
|-heal|p1a: Latias|60/100|[from] item: Leftovers
|upkeep
|turn|13
|
|t:|1758970826
|move|p1a: Latias|Calm Mind|p1a: Latias
|-boost|p1a: Latias|spa|1
|-boost|p1a: Latias|spd|1
|move|p2a: Raging Bolt|Calm Mind|p2a: Raging Bolt
|-boost|p2a: Raging Bolt|spa|1
|-boost|p2a: Raging Bolt|spd|1
|
|-heal|p1a: Latias|66/100|[from] item: Leftovers
|upkeep
|turn|14
|
|t:|1758970835
|move|p1a: Latias|Stored Power|p2a: Raging Bolt
|-damage|p2a: Raging Bolt|1/100
|move|p2a: Raging Bolt|Thunderbolt|p1a: Latias
|-damage|p1a: Latias|32/100
|
|-heal|p1a: Latias|38/100|[from] item: Leftovers
|upkeep
|turn|15
|
|t:|1758970844
|move|p2a: Raging Bolt|Thunderclap||[still]
|-fail|p2a: Raging Bolt
|move|p1a: Latias|Calm Mind|p1a: Latias
|-boost|p1a: Latias|spa|1
|-boost|p1a: Latias|spd|1
|
|-heal|p1a: Latias|44/100|[from] item: Leftovers
|upkeep
|turn|16
|
|t:|1758970853
|move|p2a: Raging Bolt|Thunderclap|p1a: Latias
|-damage|p1a: Latias|25/100
|move|p1a: Latias|Stored Power|p2a: Raging Bolt
|-damage|p2a: Raging Bolt|0 fnt
|faint|p2a: Raging Bolt
|-end|p2a: Raging Bolt|Protosynthesis|[silent]
|
|-heal|p1a: Latias|31/100|[from] item: Leftovers
|upkeep
|
|t:|1758970864
|switch|p2a: Hatterene|Hatterene, F|100/100
|-activate|p2a: Hatterene|move: Sticky Web
|-unboost|p2a: Hatterene|spe|1
|turn|17
|
|t:|1758970876
|move|p1a: Latias|Stored Power|p2a: Hatterene
|-resisted|p2a: Hatterene
|-damage|p2a: Hatterene|14/100
|move|p2a: Hatterene|Psyshock|p1a: Latias
|-damage|p1a: Latias|0 fnt
|faint|p1a: Latias
|
|upkeep
|
|t:|1758970893
|switch|p1a: Enamorus|Enamorus, F|100/100
|-damage|p1a: Enamorus|75/100|[from] Stealth Rock
|turn|18
|
|t:|1758970904
|move|p1a: Enamorus|Superpower|p2a: Hatterene
|-resisted|p2a: Hatterene
|-damage|p2a: Hatterene|5/100
|-boost|p1a: Enamorus|atk|1
|-boost|p1a: Enamorus|def|1
|move|p2a: Hatterene|Draining Kiss|p1a: Enamorus
|-damage|p1a: Enamorus|54/100
|-heal|p2a: Hatterene|23/100|[from] drain|[of] p1a: Enamorus
|
|upkeep
|turn|19
|inactive|Pol3mik has 60 seconds left.
|
|t:|1758970943
|switch|p2a: Ogerpon|Ogerpon-Wellspring, F|100/100
|-activate|p2a: Ogerpon|move: Sticky Web
|-unboost|p2a: Ogerpon|spe|1
|move|p1a: Enamorus|Play Rough|p2a: Ogerpon
|-damage|p2a: Ogerpon|30/100
|
|upkeep
|turn|20
|inactive|Pol3mik has 60 seconds left.
|
|t:|1758970958
|move|p1a: Enamorus|Superpower|p2a: Ogerpon
|-damage|p2a: Ogerpon|0 fnt
|-boost|p1a: Enamorus|atk|1
|-boost|p1a: Enamorus|def|1
|faint|p2a: Ogerpon
|
|upkeep
|-message|Pol3mik forfeited.
|
|win|staiul28
|raw|staiul28's rating: 1273 &rarr; <strong>1294</strong><br />(+21 for winning)
|raw|Pol3mik's rating: 1224 &rarr; <strong>1203</strong><br />(-21 for losing)
|l|☆Pol3mik
|player|p2|
|l|☆staiul28
|player|p1|
