|j|☆Slendy3214
|j|☆satasfactor
|t:|1758919850
|gametype|singles
|player|p1|Slendy3214|pokemaniac|1269
|player|p2|satasfactor|lacey|1303
|gen|9
|tier|[Gen 9] OU
|rated|
|rule|HP Percentage Mod: HP is shown in percentages
|rule|Endless Battle Clause: Forcing endless battles is banned
|rule|Species Clause: Limit one of each Pokémon
|rule|OHKO Clause: OHKO moves are banned
|rule|Evasion Items Clause: Evasion items are banned
|rule|Evasion Moves Clause: Evasion moves are banned
|rule|Evasion Abilities Clause: Evasion abilities are banned
|rule|Sleep Moves Clause: Sleep-inducing moves are banned
|clearpoke
|poke|p1|Skeledirge, M|
|poke|p1|Ursaluna, M|
|poke|p1|Braviary, M|
|poke|p1|Zamazenta-*|
|poke|p1|Samurott-Hisui, M|
|poke|p1|Goodra-Hisui, F|
|poke|p2|Dragonite, M|
|poke|p2|Ceruledge, F|
|poke|p2|Primarina, F|
|poke|p2|Great Tusk|
|poke|p2|Glimmora, M|
|poke|p2|Serperior, F|
|teampreview
|
|t:|1758919861
|teamsize|p1|6
|teamsize|p2|6
|start
|switch|p1a: Ursaluna|Ursaluna, M, shiny|100/100
|switch|p2a: Serperior|Serperior, F|100/100
|turn|1
|
|t:|1758919876
|move|p1a: Ursaluna|Protect|p1a: Ursaluna
|-singleturn|p1a: Ursaluna|Protect
|move|p2a: Serperior|Leaf Storm|p1a: Ursaluna
|-activate|p1a: Ursaluna|move: Protect
|
|-status|p1a: Ursaluna|brn|[from] item: Flame Orb
|upkeep
|turn|2
|
|t:|1758919892
|switch|p2a: Ceruledge|Ceruledge, F|100/100
|-terastallize|p1a: Ursaluna|Flying
|move|p1a: Ursaluna|Tera Blast|p2a: Ceruledge|[anim] Tera Blast Flying
|-damage|p2a: Ceruledge|4/100
|-ability|p2a: Ceruledge|Weak Armor|boost
|-unboost|p2a: Ceruledge|def|1
|-boost|p2a: Ceruledge|spe|2
|
|-damage|p1a: Ursaluna|94/100 brn|[from] brn
|upkeep
|turn|3
|
|t:|1758919903
|move|p2a: Ceruledge|Poltergeist|p1a: Ursaluna
|-activate|p1a: Ursaluna|move: Poltergeist|Flame Orb
|-damage|p1a: Ursaluna|52/100 brn
|move|p1a: Ursaluna|Earthquake|p2a: Ceruledge
|-supereffective|p2a: Ceruledge
|-damage|p2a: Ceruledge|0 fnt
|faint|p2a: Ceruledge
|
|-damage|p1a: Ursaluna|46/100 brn|[from] brn
|upkeep
|
|t:|1758919914
|switch|p2a: Glimmora|Glimmora, M, shiny|100/100
|turn|4
|
|t:|1758919918
|move|p2a: Glimmora|Power Gem|p1a: Ursaluna
|-supereffective|p1a: Ursaluna
|-damage|p1a: Ursaluna|0 fnt
|faint|p1a: Ursaluna
|
|upkeep
|
|t:|1758919933
|switch|p1a: Goodra|Goodra-Hisui, F|100/100
|turn|5
|
|t:|1758919940
|switch|p2a: Great Tusk|Great Tusk|100/100
|move|p1a: Goodra|Flash Cannon|p2a: Great Tusk
|-damage|p2a: Great Tusk|48/100
|
|upkeep
|turn|6
|
|t:|1758919947
|switch|p1a: Braviary|Braviary, M|100/100
|move|p2a: Great Tusk|Headlong Rush|p1a: Braviary
|-immune|p1a: Braviary
|
|upkeep
|turn|7
|
|t:|1758919957
|move|p2a: Great Tusk|Ice Spinner|p1a: Braviary
|-supereffective|p1a: Braviary
|-damage|p1a: Braviary|52/100
|move|p1a: Braviary|Agility|p1a: Braviary
|-boost|p1a: Braviary|spe|2
|
|upkeep
|turn|8
|
|t:|1758919965
|move|p1a: Braviary|Roost|p1a: Braviary
|-heal|p1a: Braviary|100/100
|-singleturn|p1a: Braviary|move: Roost
|move|p2a: Great Tusk|Ice Spinner|p1a: Braviary
|-damage|p1a: Braviary|78/100
|
|upkeep
|turn|9
|
|t:|1758919972
|move|p1a: Braviary|Body Slam|p2a: Great Tusk
|-crit|p2a: Great Tusk
|-damage|p2a: Great Tusk|0 fnt
|-damage|p1a: Braviary|61/100|[from] item: Rocky Helmet|[of] p2a: Great Tusk
|faint|p2a: Great Tusk
|-end|p2a: Great Tusk|Protosynthesis|[silent]
|
|upkeep
|
|t:|1758919975
|switch|p2a: Glimmora|Glimmora, M, shiny|100/100
|turn|10
|
|t:|1758919981
|move|p1a: Braviary|Roost|p1a: Braviary
|-heal|p1a: Braviary|100/100
|-singleturn|p1a: Braviary|move: Roost
|move|p2a: Glimmora|Power Gem|p1a: Braviary
|-damage|p1a: Braviary|59/100
|
|upkeep
|turn|11
|
|t:|1758919990
|move|p1a: Braviary|Body Slam|p2a: Glimmora
|-resisted|p2a: Glimmora
|-damage|p2a: Glimmora|56/100
|-activate|p2a: Glimmora|ability: Toxic Debris
|-sidestart|p1: Slendy3214|move: Toxic Spikes
|move|p2a: Glimmora|Mortal Spin|p1a: Braviary
|-damage|p1a: Braviary|54/100
|-status|p1a: Braviary|psn
|
|-damage|p1a: Braviary|41/100 psn|[from] psn
|upkeep
|turn|12
|
|t:|1758920001
|move|p1a: Braviary|Body Slam|p2a: Glimmora
|-resisted|p2a: Glimmora
|-damage|p2a: Glimmora|12/100
|-activate|p2a: Glimmora|ability: Toxic Debris
|-sidestart|p1: Slendy3214|move: Toxic Spikes
|move|p2a: Glimmora|Venoshock|p1a: Braviary
|-damage|p1a: Braviary|0 fnt
|faint|p1a: Braviary
|
|upkeep
|
|t:|1758920009
|switch|p1a: Samurott|Samurott-Hisui, M|100/100
|turn|13
|
|t:|1758920018
|switch|p2a: Serperior|Serperior, F|100/100
|move|p1a: Samurott|Aqua Jet|p2a: Serperior
|-resisted|p2a: Serperior
|-damage|p2a: Serperior|89/100
|
|-heal|p2a: Serperior|95/100|[from] item: Leftovers
|upkeep
|turn|14
|
|t:|1758920032
|switch|p1a: Goodra|Goodra-Hisui, F|100/100
|move|p2a: Serperior|Leaf Storm|p1a: Goodra
|-ability|p1a: Goodra|Sap Sipper|boost
|-boost|p1a: Goodra|atk|1
|
|-heal|p2a: Serperior|100/100|[from] item: Leftovers
|upkeep
|turn|15
|
|t:|1758920048
|-terastallize|p2a: Serperior|Ground
|move|p2a: Serperior|Tera Blast|p1a: Goodra|[anim] Tera Blast Ground
|-supereffective|p1a: Goodra
|-damage|p1a: Goodra|74/100
|move|p1a: Goodra|Flash Cannon|p2a: Serperior
|-damage|p2a: Serperior|54/100
|
|-heal|p2a: Serperior|60/100|[from] item: Leftovers
|upkeep
|turn|16
|
|t:|1758920055
|move|p2a: Serperior|Glare|p1a: Goodra
|-status|p1a: Goodra|par
|move|p1a: Goodra|Surf|p2a: Serperior
|-supereffective|p2a: Serperior
|-damage|p2a: Serperior|0 fnt
|faint|p2a: Serperior
|
|upkeep
|
|t:|1758920062
|switch|p2a: Dragonite|Dragonite, M|100/100
|turn|17
|
|t:|1758920068
|move|p2a: Dragonite|Dragon Dance|p2a: Dragonite
|-boost|p2a: Dragonite|atk|1
|-boost|p2a: Dragonite|spe|1
|move|p1a: Goodra|Flash Cannon|p2a: Dragonite
|-damage|p2a: Dragonite|80/100
|-unboost|p2a: Dragonite|spd|1
|
|upkeep
|turn|18
|
|t:|1758920084
|move|p2a: Dragonite|Outrage|p1a: Goodra
|-damage|p1a: Goodra|0 fnt
|faint|p1a: Goodra
|
|upkeep
|
|t:|1758920097
|switch|p1a: Zamazenta|Zamazenta, shiny|100/100
|-status|p1a: Zamazenta|tox
|-ability|p1a: Zamazenta|Dauntless Shield|boost
|-boost|p1a: Zamazenta|def|1
|turn|19
|
|t:|1758920143
|move|p1a: Zamazenta|Iron Defense|p1a: Zamazenta
|-boost|p1a: Zamazenta|def|2
|move|p2a: Dragonite|Outrage|p1a: Zamazenta|[from] lockedmove
|-damage|p1a: Zamazenta|71/100 tox
|-start|p2a: Dragonite|confusion|[fatigue]
|
|-heal|p1a: Zamazenta|77/100 tox|[from] item: Leftovers
|-damage|p1a: Zamazenta|71/100 tox|[from] psn
|upkeep
|turn|20
|
|t:|1758920153
|switch|p2a: Primarina|Primarina, F|100/100
|move|p1a: Zamazenta|Iron Defense|p1a: Zamazenta
|-boost|p1a: Zamazenta|def|2
|
|-heal|p1a: Zamazenta|77/100 tox|[from] item: Leftovers
|-damage|p1a: Zamazenta|65/100 tox|[from] psn
|upkeep
|turn|21
|
|t:|1758920163
|move|p1a: Zamazenta|Body Press|p2a: Primarina
|-resisted|p2a: Primarina
|-damage|p2a: Primarina|34/100
|move|p2a: Primarina|Surf|p1a: Zamazenta
|-damage|p1a: Zamazenta|25/100 tox
|
|-heal|p1a: Zamazenta|31/100 tox|[from] item: Leftovers
|-damage|p1a: Zamazenta|13/100 tox|[from] psn
|upkeep
|turn|22
|
|t:|1758920172
|move|p1a: Zamazenta|Body Press|p2a: Primarina
|-resisted|p2a: Primarina
|-damage|p2a: Primarina|0 fnt
|faint|p2a: Primarina
|
|-heal|p1a: Zamazenta|19/100 tox|[from] item: Leftovers
|-damage|p1a: Zamazenta|0 fnt|[from] psn
|faint|p1a: Zamazenta
|upkeep
|
|t:|1758920183
|switch|p1a: Skeledirge|Skeledirge, M, shiny|100/100
|switch|p2a: Dragonite|Dragonite, M|80/100
|turn|23
|
|t:|1758920191
|move|p2a: Dragonite|Waterfall|p1a: Skeledirge
|-supereffective|p1a: Skeledirge
|-damage|p1a: Skeledirge|51/100
|move|p1a: Skeledirge|Will-O-Wisp|p2a: Dragonite
|-status|p2a: Dragonite|brn
|
|-damage|p2a: Dragonite|74/100 brn|[from] brn
|upkeep
|turn|24
|
|t:|1758920198
|move|p2a: Dragonite|Waterfall|p1a: Skeledirge
|-supereffective|p1a: Skeledirge
|-damage|p1a: Skeledirge|23/100
|cant|p1a: Skeledirge|flinch
|
|-damage|p2a: Dragonite|67/100 brn|[from] brn
|upkeep
|turn|25
|
|t:|1758920204
|move|p2a: Dragonite|Waterfall|p1a: Skeledirge
|-supereffective|p1a: Skeledirge
|-damage|p1a: Skeledirge|0 fnt
|faint|p1a: Skeledirge
|
|-damage|p2a: Dragonite|61/100 brn|[from] brn
|upkeep
|
|t:|1758920207
|switch|p1a: Samurott|Samurott-Hisui, M|100/100
|turn|26
|
|t:|1758920214
|move|p1a: Samurott|Ceaseless Edge|p2a: Dragonite
|-damage|p2a: Dragonite|8/100 brn
|-sidestart|p2: satasfactor|Spikes
|move|p2a: Dragonite|Outrage|p1a: Samurott
|-damage|p1a: Samurott|57/100
|
|-damage|p2a: Dragonite|2/100 brn|[from] brn
|upkeep
|turn|27
|
|t:|1758920221
|move|p1a: Samurott|Ceaseless Edge|p2a: Dragonite
|-damage|p2a: Dragonite|0 fnt
|-sidestart|p2: satasfactor|Spikes
|faint|p2a: Dragonite
|
|upkeep
|
|t:|1758920223
|switch|p2a: Glimmora|Glimmora, M, shiny|12/100
|-damage|p2a: Glimmora|0 fnt|[from] Spikes
|faint|p2a: Glimmora
|
|win|Slendy3214
|raw|Slendy3214's rating: 1269 &rarr; <strong>1296</strong><br />(+27 for winning)
|raw|satasfactor's rating: 1303 &rarr; <strong>1281</strong><br />(-22 for losing)
|l|☆satasfactor
|player|p2|
|l|☆Slendy3214
|player|p1|
