|badge|p2|silver|gen9ou|30-6
|html|<div class="broadcast-red"><strong>This battle is required to be public due to one or more player having a season medal.</strong><br />During the public phase, you can discuss the state of the ladder <a href="/seasondiscussion">in a special chatroom.</a></div>
|uhtml|medal-msg|<div class="broadcast-blue">Curious what those medals under the avatar are? PS now has Ladder Seasons! For more information, check out the <a href="https://www.smogon.com/forums/threads/3740067/">thread on Smogon.</a></div>
|raw|<div class="broadcast-blue"><strong>This battle is required to be public due to a player having a name starting with 'medal'.</div>
|j|☆Obito 2001
|j|☆OUWW Miguel o Hara
|t:|1759003074
|gametype|singles
|player|p1|Obito 2001|blue-gen3two|1843
|player|p2|OUWW Miguel o Hara|giovanni|1993
|gen|9
|tier|[Gen 9] OU
|rated|
|rule|HP Percentage Mod: HP is shown in percentages
|rule|Endless Battle Clause: Forcing endless battles is banned
|rule|Species Clause: Limit one of each Pokémon
|rule|OHKO Clause: OHKO moves are banned
|rule|Evasion Items Clause: Evasion items are banned
|rule|Evasion Moves Clause: Evasion moves are banned
|rule|Evasion Abilities Clause: Evasion abilities are banned
|rule|Sleep Moves Clause: Sleep-inducing moves are banned
|clearpoke
|poke|p1|Kingambit, M|
|poke|p1|Landorus-Therian, M|
|poke|p1|Raging Bolt|
|poke|p1|Glimmora, F|
|poke|p1|Dragapult, F|
|poke|p1|Cinderace, F|
|poke|p2|Clefable, M|
|poke|p2|Iron Moth|
|poke|p2|Gliscor, M|
|poke|p2|Blissey, F|
|poke|p2|Zamazenta-*|
|poke|p2|Dragapult, F|
|teampreview
|inactive|Battle timer is ON: inactive players will automatically lose when time's up. (requested by Obito 2001)
|c|☆OUWW Miguel o Hara|Hf
|
|t:|1759003102
|teamsize|p1|6
|teamsize|p2|6
|start
|switch|p1a: Landorus|Landorus-Therian, M|100/100
|switch|p2a: Blissey|Blissey, F|100/100
|-ability|p1a: Landorus|Intimidate|boost
|-unboost|p2a: Blissey|atk|1
|turn|1
|
|t:|1759003109
|move|p1a: Landorus|U-turn|p2a: Blissey
|-damage|p2a: Blissey|83/100
|
|t:|1759003112
|switch|p1a: BunnyGirlSenpai|Cinderace, F|100/100|[from] U-turn
|move|p2a: Blissey|Ice Beam|p1a: BunnyGirlSenpai
|-resisted|p1a: BunnyGirlSenpai
|-damage|p1a: BunnyGirlSenpai|91/100
|
|upkeep
|turn|2
|
|t:|1759003116
|switch|p2a: Zamazenta|Zamazenta|100/100
|-ability|p2a: Zamazenta|Dauntless Shield|boost
|-boost|p2a: Zamazenta|def|1
|move|p1a: BunnyGirlSenpai|Pyro Ball|p2a: Zamazenta
|-damage|p2a: Zamazenta|80/100
|
|-heal|p2a: Zamazenta|86/100|[from] item: Leftovers
|upkeep
|turn|3
|
|t:|1759003120
|switch|p2a: Gliscor|Gliscor, M|100/100
|move|p1a: BunnyGirlSenpai|Will-O-Wisp|p2a: Gliscor
|-status|p2a: Gliscor|brn
|
|-damage|p2a: Gliscor|94/100 brn|[from] brn
|upkeep
|turn|4
|
|t:|1759003124
|switch|p1a: Landorus|Landorus-Therian, M|100/100
|-ability|p1a: Landorus|Intimidate|boost
|-unboost|p2a: Gliscor|atk|1
|move|p2a: Gliscor|Knock Off|p1a: Landorus
|-damage|p1a: Landorus|94/100
|-damage|p2a: Gliscor|78/100 brn|[from] item: Rocky Helmet|[of] p1a: Landorus
|-enditem|p1a: Landorus|Rocky Helmet|[from] move: Knock Off|[of] p2a: Gliscor
|
|-damage|p2a: Gliscor|71/100 brn|[from] brn
|upkeep
|turn|5
|
|t:|1759003128
|switch|p2a: Blissey|Blissey, F|83/100
|move|p1a: Landorus|U-turn|p2a: Blissey
|-damage|p2a: Blissey|65/100
|
|t:|1759003132
|switch|p1a: DraGhost|Dragapult, F|100/100|[from] U-turn
|
|upkeep
|turn|6
|
|t:|1759003137
|switch|p2a: Clefable|Clefable, M|100/100
|move|p1a: DraGhost|Substitute|p1a: DraGhost
|-start|p1a: DraGhost|Substitute
|-damage|p1a: DraGhost|76/100
|
|-heal|p1a: DraGhost|82/100|[from] item: Leftovers
|upkeep
|turn|7
|
|t:|1759003145
|move|p1a: DraGhost|Thunder Wave|p2a: Clefable|[miss]
|-miss|p1a: DraGhost|p2a: Clefable
|move|p2a: Clefable|Moonblast|p1a: DraGhost
|-supereffective|p1a: DraGhost
|-end|p1a: DraGhost|Substitute
|
|-heal|p1a: DraGhost|88/100|[from] item: Leftovers
|upkeep
|turn|8
|
|t:|1759003151
|switch|p1a: BunnyGirlSenpai|Cinderace, F|91/100
|move|p2a: Clefable|Moonblast|p1a: BunnyGirlSenpai
|-resisted|p1a: BunnyGirlSenpai
|-damage|p1a: BunnyGirlSenpai|73/100
|
|upkeep
|turn|9
|
|t:|1759003155
|switch|p2a: Zamazenta|Zamazenta|86/100
|move|p1a: BunnyGirlSenpai|Pyro Ball|p2a: Zamazenta
|-damage|p2a: Zamazenta|56/100
|
|-heal|p2a: Zamazenta|62/100|[from] item: Leftovers
|upkeep
|turn|10
|
|t:|1759003165
|switch|p1a: Landorus|Landorus-Therian, M|94/100
|-ability|p1a: Landorus|Intimidate|boost
|-unboost|p2a: Zamazenta|atk|1
|move|p2a: Zamazenta|Crunch|p1a: Landorus
|-damage|p1a: Landorus|79/100
|
|-heal|p2a: Zamazenta|68/100|[from] item: Leftovers
|upkeep
|turn|11
|
|t:|1759003171
|move|p2a: Zamazenta|Iron Defense|p2a: Zamazenta
|-boost|p2a: Zamazenta|def|2
|move|p1a: Landorus|Stealth Rock|p2a: Zamazenta
|-sidestart|p2: OUWW Miguel o Hara|move: Stealth Rock
|
|-heal|p2a: Zamazenta|74/100|[from] item: Leftovers
|upkeep
|turn|12
|
|t:|1759003175
|switch|p1a: DraGhost|Dragapult, F|88/100
|move|p2a: Zamazenta|Crunch|p1a: DraGhost
|-supereffective|p1a: DraGhost
|-damage|p1a: DraGhost|50/100
|-unboost|p1a: DraGhost|def|1
|
|-heal|p1a: DraGhost|56/100|[from] item: Leftovers
|-heal|p2a: Zamazenta|80/100|[from] item: Leftovers
|upkeep
|turn|13
|
|t:|1759003179
|move|p1a: DraGhost|Will-O-Wisp|p2a: Zamazenta
|-status|p2a: Zamazenta|brn
|move|p2a: Zamazenta|Crunch|p1a: DraGhost
|-supereffective|p1a: DraGhost
|-damage|p1a: DraGhost|28/100
|-unboost|p1a: DraGhost|def|1
|
|-heal|p1a: DraGhost|34/100|[from] item: Leftovers
|-heal|p2a: Zamazenta|86/100 brn|[from] item: Leftovers
|-damage|p2a: Zamazenta|80/100 brn|[from] brn
|upkeep
|turn|14
|
|t:|1759003190
|switch|p1a: Landorus|Landorus-Therian, M|79/100
|-ability|p1a: Landorus|Intimidate|boost
|-unboost|p2a: Zamazenta|atk|1
|move|p2a: Zamazenta|Body Press|p1a: Landorus
|-resisted|p1a: Landorus
|-damage|p1a: Landorus|58/100
|
|-heal|p2a: Zamazenta|86/100 brn|[from] item: Leftovers
|-damage|p2a: Zamazenta|80/100 brn|[from] brn
|upkeep
|turn|15
|
|t:|1759003195
|move|p2a: Zamazenta|Body Press|p1a: Landorus
|-resisted|p1a: Landorus
|-damage|p1a: Landorus|36/100
|move|p1a: Landorus|Earth Power|p2a: Zamazenta
|-damage|p2a: Zamazenta|49/100 brn
|
|-heal|p2a: Zamazenta|55/100 brn|[from] item: Leftovers
|-damage|p2a: Zamazenta|49/100 brn|[from] brn
|upkeep
|turn|16
|
|t:|1759003203
|move|p2a: Zamazenta|Rest|p2a: Zamazenta
|-status|p2a: Zamazenta|slp|[from] move: Rest
|-heal|p2a: Zamazenta|100/100 slp|[silent]
|move|p1a: Landorus|Earth Power|p2a: Zamazenta
|-damage|p2a: Zamazenta|70/100 slp
|
|-heal|p2a: Zamazenta|76/100 slp|[from] item: Leftovers
|upkeep
|turn|17
|
|t:|1759003209
|switch|p1a: DraGhost|Dragapult, F|34/100
|cant|p2a: Zamazenta|slp
|
|-heal|p1a: DraGhost|40/100|[from] item: Leftovers
|-heal|p2a: Zamazenta|82/100 slp|[from] item: Leftovers
|upkeep
|turn|18
|
|t:|1759003217
|switch|p2a: Dragapult|Dragapult, F|100/100
|move|p1a: DraGhost|Hex|p2a: Dragapult
|-supereffective|p2a: Dragapult
|-damage|p2a: Dragapult|19/100
|
|-heal|p1a: DraGhost|46/100|[from] item: Leftovers
|upkeep
|turn|19
|j| Lamp0821
|
|t:|1759003223
|switch|p1a: Landorus|Landorus-Therian, M|36/100
|-ability|p1a: Landorus|Intimidate|boost
|-unboost|p2a: Dragapult|atk|1
|move|p2a: Dragapult|Dragon Darts|p1a: Landorus
|-damage|p1a: Landorus|23/100
|-anim|p2a: Dragapult|Dragon Darts|p1a: Landorus
|-damage|p1a: Landorus|10/100
|
|upkeep
|turn|20
|
|t:|1759003226
|switch|p1a: BunnyGirlSenpai|Cinderace, F|73/100
|move|p2a: Dragapult|Dragon Darts|p1a: BunnyGirlSenpai
|-damage|p1a: BunnyGirlSenpai|56/100
|-anim|p2a: Dragapult|Dragon Darts|p1a: BunnyGirlSenpai
|-damage|p1a: BunnyGirlSenpai|40/100
|
|upkeep
|turn|21
|l| Lamp0821
|
|t:|1759003237
|move|p2a: Dragapult|Hex|p1a: BunnyGirlSenpai
|-damage|p1a: BunnyGirlSenpai|6/100
|move|p1a: BunnyGirlSenpai|Pyro Ball|p2a: Dragapult
|-resisted|p2a: Dragapult
|-crit|p2a: Dragapult
|-damage|p2a: Dragapult|0 fnt
|faint|p2a: Dragapult
|
|upkeep
|
|t:|1759003241
|switch|p2a: Iron Moth|Iron Moth|100/100
|turn|22
|
|t:|1759003246
|move|p1a: BunnyGirlSenpai|Pyro Ball|p2a: Iron Moth
|-resisted|p2a: Iron Moth
|-damage|p2a: Iron Moth|38/100
|move|p2a: Iron Moth|Fiery Dance|p1a: BunnyGirlSenpai
|-resisted|p1a: BunnyGirlSenpai
|-damage|p1a: BunnyGirlSenpai|0 fnt
|faint|p1a: BunnyGirlSenpai
|
|upkeep
|
|t:|1759003262
|switch|p1a: Toxica|Glimmora, F|100/100
|turn|23
|
|t:|1759003270
|-end|p2a: Iron Moth|Quark Drive|[silent]
|switch|p2a: Gliscor|Gliscor, M|71/100 brn
|-damage|p2a: Gliscor|59/100 brn|[from] Stealth Rock
|move|p1a: Toxica|Earth Power|p2a: Gliscor
|-immune|p2a: Gliscor
|
|-damage|p2a: Gliscor|53/100 brn|[from] brn
|upkeep
|turn|24
|
|t:|1759003276
|switch|p1a: Landorus|Landorus-Therian, M|10/100
|-ability|p1a: Landorus|Intimidate|boost
|-unboost|p2a: Gliscor|atk|1
|move|p2a: Gliscor|Earthquake|p1a: Landorus
|-immune|p1a: Landorus
|
|-damage|p2a: Gliscor|47/100 brn|[from] brn
|upkeep
|turn|25
|
|t:|1759003281
|move|p1a: Landorus|U-turn|p2a: Gliscor
|-resisted|p2a: Gliscor
|-damage|p2a: Gliscor|39/100 brn
|
|t:|1759003290
|switch|p1a: Zenitsu|Raging Bolt|100/100|[from] U-turn
|move|p2a: Gliscor|Knock Off|p1a: Zenitsu
|-damage|p1a: Zenitsu|94/100
|-enditem|p1a: Zenitsu|Leftovers|[from] move: Knock Off|[of] p2a: Gliscor
|
|-damage|p2a: Gliscor|33/100 brn|[from] brn
|upkeep
|turn|26
|
|t:|1759003296
|move|p1a: Zenitsu|Dragon Pulse|p2a: Gliscor
|-damage|p2a: Gliscor|0 fnt
|faint|p2a: Gliscor
|
|upkeep
|
|t:|1759003298
|switch|p2a: Blissey|Blissey, F|65/100
|turn|27
|
|t:|1759003305
|-end|p1a: Zenitsu|Protosynthesis|[silent]
|switch|p1a: Sosuke Aizen|Kingambit, M, shiny|100/100
|-activate|p1a: Sosuke Aizen|ability: Supreme Overlord
|-start|p1a: Sosuke Aizen|fallen1|[silent]
|move|p2a: Blissey|Stealth Rock|p1a: Sosuke Aizen
|-sidestart|p1: Obito 2001|move: Stealth Rock
|
|upkeep
|turn|28
|
|t:|1759003311
|move|p1a: Sosuke Aizen|Iron Head|p2a: Blissey
|-damage|p2a: Blissey|17/100
|cant|p2a: Blissey|flinch
|
|upkeep
|turn|29
|
|t:|1759003314
|move|p1a: Sosuke Aizen|Iron Head|p2a: Blissey
|-damage|p2a: Blissey|0 fnt
|faint|p2a: Blissey
|
|upkeep
|
|t:|1759003317
|switch|p2a: Zamazenta|Zamazenta|82/100 slp
|-damage|p2a: Zamazenta|76/100 slp|[from] Stealth Rock
|turn|30
|
|t:|1759003321
|cant|p2a: Zamazenta|slp
|move|p1a: Sosuke Aizen|Iron Head|p2a: Zamazenta
|-damage|p2a: Zamazenta|40/100 slp
|
|-heal|p2a: Zamazenta|46/100 slp|[from] item: Leftovers
|upkeep
|turn|31
|
|t:|1759003324
|-end|p1a: Sosuke Aizen|fallen1|[silent]
|switch|p1a: Landorus|Landorus-Therian, M|10/100
|-damage|p1a: Landorus|0 fnt|[from] Stealth Rock
|faint|p1a: Landorus
|-curestatus|p2a: Zamazenta|slp|[msg]
|move|p2a: Zamazenta|Iron Defense|p2a: Zamazenta
|-boost|p2a: Zamazenta|def|2
|
|-heal|p2a: Zamazenta|52/100|[from] item: Leftovers
|upkeep
|
|t:|1759003326
|switch|p1a: DraGhost|Dragapult, F|46/100
|-damage|p1a: DraGhost|34/100|[from] Stealth Rock
|turn|32
|j| jejejekejej
|
|t:|1759003347
|move|p1a: DraGhost|Will-O-Wisp|p2a: Zamazenta
|-status|p2a: Zamazenta|brn
|move|p2a: Zamazenta|Crunch|p1a: DraGhost
|-supereffective|p1a: DraGhost
|-damage|p1a: DraGhost|2/100
|
|-heal|p1a: DraGhost|8/100|[from] item: Leftovers
|-heal|p2a: Zamazenta|58/100 brn|[from] item: Leftovers
|-damage|p2a: Zamazenta|52/100 brn|[from] brn
|upkeep
|turn|33
|
|t:|1759003353
|move|p1a: DraGhost|Hex|p2a: Zamazenta
|-damage|p2a: Zamazenta|2/100 brn
|move|p2a: Zamazenta|Crunch|p1a: DraGhost
|-supereffective|p1a: DraGhost
|-damage|p1a: DraGhost|0 fnt
|faint|p1a: DraGhost
|
|-heal|p2a: Zamazenta|8/100 brn|[from] item: Leftovers
|-damage|p2a: Zamazenta|2/100 brn|[from] brn
|upkeep
|
|t:|1759003358
|switch|p1a: Toxica|Glimmora, F|100/100
|-damage|p1a: Toxica|88/100|[from] Stealth Rock
|turn|34
|
|t:|1759003363
|move|p2a: Zamazenta|Rest|p2a: Zamazenta
|-status|p2a: Zamazenta|slp|[from] move: Rest
|-heal|p2a: Zamazenta|100/100 slp|[silent]
|move|p1a: Toxica|Meteor Beam||[still]
|-prepare|p1a: Toxica|Meteor Beam
|-boost|p1a: Toxica|spa|1
|-enditem|p1a: Toxica|Power Herb
|-anim|p1a: Toxica|Meteor Beam|p2a: Zamazenta
|-resisted|p2a: Zamazenta
|-damage|p2a: Zamazenta|57/100 slp
|
|-heal|p2a: Zamazenta|63/100 slp|[from] item: Leftovers
|upkeep
|turn|35
|
|t:|1759003383
|cant|p2a: Zamazenta|slp
|move|p1a: Toxica|Dazzling Gleam|p2a: Zamazenta
|-supereffective|p2a: Zamazenta
|-damage|p2a: Zamazenta|0 fnt
|faint|p2a: Zamazenta
|
|upkeep
|inactive|OUWW Miguel o Hara has 120 seconds left.
|
|t:|1759003415
|switch|p2a: Clefable|Clefable, M|100/100
|turn|36
|
|t:|1759003419
|-terastallize|p2a: Clefable|Steel
|move|p1a: Toxica|Sludge Wave|p2a: Clefable
|-immune|p2a: Clefable
|move|p2a: Clefable|Cosmic Power|p2a: Clefable
|-boost|p2a: Clefable|def|1
|-boost|p2a: Clefable|spd|1
|
|upkeep
|turn|37
|
|t:|1759003428
|move|p1a: Toxica|Earth Power|p2a: Clefable
|-supereffective|p2a: Clefable
|-damage|p2a: Clefable|59/100
|move|p2a: Clefable|Cosmic Power|p2a: Clefable
|-boost|p2a: Clefable|def|1
|-boost|p2a: Clefable|spd|1
|
|upkeep
|turn|38
|
|t:|1759003433
|move|p1a: Toxica|Earth Power|p2a: Clefable
|-supereffective|p2a: Clefable
|-damage|p2a: Clefable|31/100
|move|p2a: Clefable|Moonlight|p2a: Clefable
|-heal|p2a: Clefable|81/100
|
|upkeep
|turn|39
|
|t:|1759003439
|move|p1a: Toxica|Earth Power|p2a: Clefable
|-supereffective|p2a: Clefable
|-damage|p2a: Clefable|53/100
|move|p2a: Clefable|Cosmic Power|p2a: Clefable
|-boost|p2a: Clefable|def|1
|-boost|p2a: Clefable|spd|1
|
|upkeep
|turn|40
|
|t:|1759003444
|move|p1a: Toxica|Earth Power|p2a: Clefable
|-supereffective|p2a: Clefable
|-damage|p2a: Clefable|28/100
|move|p2a: Clefable|Moonlight|p2a: Clefable
|-heal|p2a: Clefable|78/100
|
|upkeep
|turn|41
|
|t:|1759003447
|move|p1a: Toxica|Earth Power|p2a: Clefable
|-supereffective|p2a: Clefable
|-crit|p2a: Clefable
|-damage|p2a: Clefable|0 fnt
|faint|p2a: Clefable
|
|upkeep
|-message|OUWW Miguel o Hara forfeited.
|
|win|Obito 2001
|raw|Obito 2001's rating: 1843 &rarr; <strong>1871</strong><br />(+28 for winning)
|raw|OUWW Miguel o Hara's rating: 1993 &rarr; <strong>1965</strong><br />(-28 for losing)
|l|☆OUWW Miguel o Hara
|player|p2|
