|badge|p1|silver|gen9ou|30-6
|html|<div class="broadcast-red"><strong>This battle is required to be public due to one or more player having a season medal.</strong><br />During the public phase, you can discuss the state of the ladder <a href="/seasondiscussion">in a special chatroom.</a></div>
|uhtml|medal-msg|<div class="broadcast-blue">Curious what those medals under the avatar are? PS now has Ladder Seasons! For more information, check out the <a href="https://www.smogon.com/forums/threads/3740067/">thread on Smogon.</a></div>
|badge|p2|silver|gen9ou|30-6
|uhtml|medal-msg|<div class="broadcast-blue">Curious what those medals under the avatar are? PS now has Ladder Seasons! For more information, check out the <a href="https://www.smogon.com/forums/threads/3740067/">thread on Smogon.</a></div>
|raw|<div class="broadcast-blue"><strong>This battle is required to be public due to a player having a name starting with 'medal'.</div>
|j|☆ho3nconfirm3d
|j|☆LT124YH Ghoul
|t:|1759077270
|gametype|singles
|player|p1|ho3nconfirm3d|#scl5shoguns|1993
|player|p2|LT124YH Ghoul|#wcop2024asia|1974
|gen|9
|tier|[Gen 9] OU
|rated|
|rule|HP Percentage Mod: HP is shown in percentages
|rule|Endless Battle Clause: Forcing endless battles is banned
|rule|Species Clause: Limit one of each Pokémon
|rule|OHKO Clause: OHKO moves are banned
|rule|Evasion Items Clause: Evasion items are banned
|rule|Evasion Moves Clause: Evasion moves are banned
|rule|Evasion Abilities Clause: Evasion abilities are banned
|rule|Sleep Moves Clause: Sleep-inducing moves are banned
|clearpoke
|poke|p1|Dondozo, M|
|poke|p1|Corviknight, F|
|poke|p1|Slowking-Galar, M|
|poke|p1|Great Tusk|
|poke|p1|Dragapult, F|
|poke|p1|Kingambit, M|
|poke|p2|Veluza, M|
|poke|p2|Hatterene, F|
|poke|p2|Deoxys-Speed|
|poke|p2|Iron Valiant|
|poke|p2|Glimmora, F|
|poke|p2|Gliscor, M|
|teampreview
|inactive|Battle timer is ON: inactive players will automatically lose when time's up. (requested by LT124YH Ghoul)
|j| 54 insane rats
|j| cryyysneasel
|j| tiochicodobos
|j| waffle04
|j| LT121GU 300
|inactive|ho3nconfirm3d has 120 seconds left.
|inactive|LT124YH Ghoul has 120 seconds left.
|inactive|ho3nconfirm3d has 90 seconds left.
|inactive|LT124YH Ghoul has 90 seconds left.
|c|☆ho3nconfirm3d|did u forget the indeedee? xD
|c|☆LT124YH Ghoul|no indeedee required
|c| LT121GU 300|he sets it up manually
|c|☆ho3nconfirm3d|gambo
|inactive|LT124YH Ghoul has 60 seconds left.
|c|☆ho3nconfirm3d|begs to differ
|
|t:|1759077368
|teamsize|p1|6
|teamsize|p2|6
|start
|switch|p1a: Slowking|Slowking-Galar, M|100/100
|switch|p2a: Deoxys|Deoxys-Speed|100/100
|-ability|p2a: Deoxys|Pressure
|turn|1
|inactive|LT124YH Ghoul has 120 seconds left.
|
|t:|1759077399
|move|p2a: Deoxys|Light Screen|p2a: Deoxys
|-sidestart|p2: LT124YH Ghoul|move: Light Screen
|move|p1a: Slowking|Sludge Bomb|p2a: Deoxys
|-damage|p2a: Deoxys|75/100
|
|upkeep
|turn|2
|
|t:|1759077417
|move|p2a: Deoxys|Reflect|p2a: Deoxys
|-sidestart|p2: LT124YH Ghoul|Reflect
|move|p1a: Slowking|Sludge Bomb|p2a: Deoxys
|-damage|p2a: Deoxys|46/100
|
|upkeep
|turn|3
|
|t:|1759077422
|switch|p2a: Gliscor|Gliscor, M|100/100
|switch|p1a: Corviknight|Corviknight, F|100/100
|-ability|p1a: Corviknight|Pressure
|
|-status|p2a: Gliscor|tox|[from] item: Toxic Orb
|upkeep
|turn|4
|
|t:|1759077431
|switch|p2a: Glimmora|Glimmora, F|100/100
|move|p1a: Corviknight|Defog|p2a: Glimmora
|-unboost|p2a: Glimmora|evasion|1
|-sideend|p2: LT124YH Ghoul|Reflect
|-sideend|p2: LT124YH Ghoul|move: Light Screen
|
|upkeep
|turn|5
|
|t:|1759077436
|switch|p1a: Slowking|Slowking-Galar, M|100/100
|move|p2a: Glimmora|Stealth Rock|p1a: Slowking
|-sidestart|p1: ho3nconfirm3d|move: Stealth Rock
|
|upkeep
|turn|6
|
|t:|1759077442
|switch|p2a: Gliscor|Gliscor, M|100/100 tox
|move|p1a: Slowking|Psychic Noise|p2a: Gliscor
|-damage|p2a: Gliscor|57/100 tox
|-start|p2a: Gliscor|move: Heal Block
|
|upkeep
|turn|7
|
|t:|1759077447
|switch|p1a: Corviknight|Corviknight, F|100/100
|-damage|p1a: Corviknight|88/100|[from] Stealth Rock
|-ability|p1a: Corviknight|Pressure
|move|p2a: Gliscor|Earthquake|p1a: Corviknight
|-immune|p1a: Corviknight
|
|-end|p2a: Gliscor|move: Heal Block
|upkeep
|turn|8
|
|t:|1759077451
|move|p2a: Gliscor|Protect|p2a: Gliscor
|-singleturn|p2a: Gliscor|Protect
|move|p1a: Corviknight|Defog|p2a: Gliscor
|-activate|p2a: Gliscor|move: Protect
|
|-heal|p2a: Gliscor|69/100 tox|[from] ability: Poison Heal
|upkeep
|turn|9
|
|t:|1759077456
|switch|p2a: Glimmora|Glimmora, F|100/100
|move|p1a: Corviknight|Defog|p2a: Glimmora
|-unboost|p2a: Glimmora|evasion|1
|-sideend|p1: ho3nconfirm3d|Stealth Rock|[from] move: Defog|[of] p1a: Corviknight
|
|upkeep
|turn|10
|
|t:|1759077460
|move|p2a: Glimmora|Power Gem|p1a: Corviknight
|-damage|p1a: Corviknight|55/100
|move|p1a: Corviknight|Body Press|p2a: Glimmora
|-damage|p2a: Glimmora|80/100
|-activate|p2a: Glimmora|ability: Toxic Debris
|-sidestart|p1: ho3nconfirm3d|move: Toxic Spikes
|-enditem|p2a: Glimmora|Red Card|[of] p1a: Corviknight
|drag|p1a: Dragapult|Dragapult, F|100/100
|-status|p1a: Dragapult|psn
|
|-damage|p1a: Dragapult|88/100 psn|[from] psn
|upkeep
|turn|11
|
|t:|1759077465
|switch|p1a: Slowking|Slowking-Galar, M|100/100
|-sideend|p1: ho3nconfirm3d|move: Toxic Spikes|[of] p1a: Slowking
|move|p2a: Glimmora|Stealth Rock|p1a: Slowking
|-sidestart|p1: ho3nconfirm3d|move: Stealth Rock
|
|upkeep
|turn|12
|
|t:|1759077469
|move|p2a: Glimmora|Earth Power|p1a: Slowking
|-supereffective|p1a: Slowking
|-damage|p1a: Slowking|76/100
|move|p1a: Slowking|Ice Beam|p2a: Glimmora
|-damage|p2a: Glimmora|52/100
|
|upkeep
|turn|13
|
|t:|1759077471
|move|p2a: Glimmora|Earth Power|p1a: Slowking
|-supereffective|p1a: Slowking
|-damage|p1a: Slowking|49/100
|move|p1a: Slowking|Psychic Noise|p2a: Glimmora
|-supereffective|p2a: Glimmora
|-damage|p2a: Glimmora|0 fnt
|faint|p2a: Glimmora
|
|upkeep
|
|t:|1759077473
|switch|p2a: Deoxys|Deoxys-Speed|46/100
|-ability|p2a: Deoxys|Pressure
|turn|14
|
|t:|1759077476
|switch|p1a: Corviknight|Corviknight, F|55/100
|-damage|p1a: Corviknight|43/100|[from] Stealth Rock
|-ability|p1a: Corviknight|Pressure
|move|p2a: Deoxys|Light Screen|p2a: Deoxys
|-sidestart|p2: LT124YH Ghoul|move: Light Screen
|
|upkeep
|turn|15
|
|t:|1759077480
|switch|p2a: Hatterene|Hatterene, F|100/100
|move|p1a: Corviknight|Brave Bird|p2a: Hatterene
|-damage|p2a: Hatterene|59/100
|-damage|p1a: Corviknight|33/100|[from] Recoil
|
|-heal|p2a: Hatterene|65/100|[from] item: Leftovers
|upkeep
|turn|16
|
|t:|1759077492
|switch|p2a: Gliscor|Gliscor, M|69/100 tox
|move|p1a: Corviknight|Defog|p2a: Gliscor
|-unboost|p2a: Gliscor|evasion|1
|-sideend|p2: LT124YH Ghoul|move: Light Screen
|-sideend|p1: ho3nconfirm3d|Stealth Rock|[from] move: Defog|[of] p1a: Corviknight
|
|-heal|p2a: Gliscor|82/100 tox|[from] ability: Poison Heal
|upkeep
|turn|17
|
|t:|1759077501
|switch|p2a: Deoxys|Deoxys-Speed|46/100
|-ability|p2a: Deoxys|Pressure
|move|p1a: Corviknight|Roost|p1a: Corviknight
|-heal|p1a: Corviknight|83/100
|-singleturn|p1a: Corviknight|move: Roost
|
|upkeep
|turn|18
|
|t:|1759077504
|move|p2a: Deoxys|Reflect|p2a: Deoxys
|-sidestart|p2: LT124YH Ghoul|Reflect
|move|p1a: Corviknight|Brave Bird|p2a: Deoxys
|-crit|p2a: Deoxys
|-damage|p2a: Deoxys|0 fnt
|faint|p2a: Deoxys
|-damage|p1a: Corviknight|71/100|[from] Recoil
|
|upkeep
|j| tapu moxo
|j| IsThisRoblox?
|
|t:|1759077526
|switch|p2a: Hatterene|Hatterene, F|65/100
|turn|19
|j| cynasaurus
|
|t:|1759077532
|move|p1a: Corviknight|Defog|p2a: Hatterene
|move|p2a: Hatterene|Defog|p1a: Corviknight|[from] ability: Magic Bounce
|-unboost|p1a: Corviknight|evasion|1
|move|p2a: Hatterene|Calm Mind|p2a: Hatterene
|-boost|p2a: Hatterene|spa|1
|-boost|p2a: Hatterene|spd|1
|
|-heal|p2a: Hatterene|71/100|[from] item: Leftovers
|upkeep
|turn|20
|
|t:|1759077541
|switch|p1a: Slowking|Slowking-Galar, M|82/100
|move|p2a: Hatterene|Calm Mind|p2a: Hatterene
|-boost|p2a: Hatterene|spa|1
|-boost|p2a: Hatterene|spd|1
|
|-heal|p2a: Hatterene|77/100|[from] item: Leftovers
|upkeep
|turn|21
|
|t:|1759077570
|-terastallize|p2a: Hatterene|Water
|move|p2a: Hatterene|Stored Power|p1a: Slowking
|-damage|p1a: Slowking|29/100
|move|p1a: Slowking|Sludge Bomb|p2a: Hatterene
|-damage|p2a: Hatterene|52/100
|
|-heal|p2a: Hatterene|58/100|[from] item: Leftovers
|upkeep
|turn|22
|
|t:|1759077585
|switch|p1a: Corviknight|Corviknight, F|71/100
|-ability|p1a: Corviknight|Pressure
|move|p2a: Hatterene|Agility|p2a: Hatterene
|-boost|p2a: Hatterene|spe|2
|
|-heal|p2a: Hatterene|64/100|[from] item: Leftovers
|upkeep
|turn|23
|
|t:|1759077597
|move|p2a: Hatterene|Agility|p2a: Hatterene
|-boost|p2a: Hatterene|spe|2
|move|p1a: Corviknight|Brave Bird|p2a: Hatterene
|-damage|p2a: Hatterene|43/100
|-damage|p1a: Corviknight|66/100|[from] Recoil
|
|-heal|p2a: Hatterene|49/100|[from] item: Leftovers
|upkeep
|turn|24
|
|t:|1759077602
|move|p2a: Hatterene|Stored Power|p1a: Corviknight
|-resisted|p1a: Corviknight
|-damage|p1a: Corviknight|0 fnt
|faint|p1a: Corviknight
|
|-heal|p2a: Hatterene|55/100|[from] item: Leftovers
|upkeep
|
|t:|1759077606
|switch|p1a: Slowking|Slowking-Galar, M|63/100
|turn|25
|
|t:|1759077618
|move|p2a: Hatterene|Stored Power|p1a: Slowking
|-damage|p1a: Slowking|0 fnt
|faint|p1a: Slowking
|
|-heal|p2a: Hatterene|61/100|[from] item: Leftovers
|-sideend|p2: LT124YH Ghoul|Reflect
|upkeep
|
|t:|1759077620
|switch|p1a: Dondozo|Dondozo, M|100/100
|turn|26
|
|t:|1759077626
|move|p2a: Hatterene|Stored Power|p1a: Dondozo
|-damage|p1a: Dondozo|29/100
|move|p1a: Dondozo|Earthquake|p2a: Hatterene
|-damage|p2a: Hatterene|32/100
|
|-heal|p2a: Hatterene|38/100|[from] item: Leftovers
|-heal|p1a: Dondozo|36/100|[from] item: Leftovers
|upkeep
|turn|27
|
|t:|1759077639
|move|p2a: Hatterene|Stored Power|p1a: Dondozo
|-damage|p1a: Dondozo|0 fnt
|faint|p1a: Dondozo
|
|-heal|p2a: Hatterene|44/100|[from] item: Leftovers
|upkeep
|
|t:|1759077641
|switch|p1a: Kingambit|Kingambit, M|100/100
|-activate|p1a: Kingambit|ability: Supreme Overlord
|-start|p1a: Kingambit|fallen3|[silent]
|-item|p1a: Kingambit|Air Balloon
|turn|28
|
|t:|1759077651
|move|p1a: Kingambit|Sucker Punch||[still]
|-fail|p1a: Kingambit
|move|p2a: Hatterene|Calm Mind|p2a: Hatterene
|-boost|p2a: Hatterene|spa|1
|-boost|p2a: Hatterene|spd|1
|
|-heal|p2a: Hatterene|50/100|[from] item: Leftovers
|upkeep
|turn|29
|c| waffle04|Oh nah
|
|t:|1759077680
|move|p2a: Hatterene|Calm Mind|p2a: Hatterene
|-boost|p2a: Hatterene|spa|1
|-boost|p2a: Hatterene|spd|1
|move|p1a: Kingambit|Kowtow Cleave|p2a: Hatterene
|-damage|p2a: Hatterene|0 fnt
|faint|p2a: Hatterene
|
|upkeep
|
|t:|1759077687
|switch|p2a: Gliscor|Gliscor, M|82/100 tox
|turn|30
|j| ertyplm
|
|t:|1759077710
|-end|p1a: Kingambit|fallen3|[silent]
|switch|p1a: Great Tusk|Great Tusk|100/100
|move|p2a: Gliscor|Tera Blast|p1a: Great Tusk
|-damage|p1a: Great Tusk|86/100
|
|-heal|p2a: Gliscor|94/100 tox|[from] ability: Poison Heal
|upkeep
|turn|31
|
|t:|1759077716
|move|p2a: Gliscor|Earthquake|p1a: Great Tusk
|-damage|p1a: Great Tusk|60/100
|move|p1a: Great Tusk|Stealth Rock|p2a: Gliscor
|-sidestart|p2: LT124YH Ghoul|move: Stealth Rock
|
|-heal|p2a: Gliscor|100/100 tox|[from] ability: Poison Heal
|upkeep
|turn|32
|
|t:|1759077734
|switch|p2a: Iron Valiant|Iron Valiant|100/100
|-damage|p2a: Iron Valiant|94/100|[from] Stealth Rock
|-enditem|p2a: Iron Valiant|Booster Energy
|-activate|p2a: Iron Valiant|ability: Quark Drive|[fromitem]
|-start|p2a: Iron Valiant|quarkdrivespe
|move|p1a: Great Tusk|Rapid Spin|p2a: Iron Valiant
|-damage|p2a: Iron Valiant|71/100
|-boost|p1a: Great Tusk|spe|1
|
|upkeep
|turn|33
|
|t:|1759077737
|move|p2a: Iron Valiant|Moonblast|p1a: Great Tusk
|-supereffective|p1a: Great Tusk
|-damage|p1a: Great Tusk|0 fnt
|faint|p1a: Great Tusk
|-end|p1a: Great Tusk|Protosynthesis|[silent]
|
|upkeep
|
|t:|1759077740
|switch|p1a: Kingambit|Kingambit, M|100/100
|-activate|p1a: Kingambit|ability: Supreme Overlord
|-start|p1a: Kingambit|fallen4|[silent]
|-item|p1a: Kingambit|Air Balloon
|turn|34
|
|t:|1759077767
|move|p2a: Iron Valiant|Destiny Bond|p2a: Iron Valiant
|-singlemove|p2a: Iron Valiant|Destiny Bond
|move|p1a: Kingambit|Iron Head|p2a: Iron Valiant
|-supereffective|p2a: Iron Valiant
|-damage|p2a: Iron Valiant|0 fnt
|faint|p2a: Iron Valiant
|-activate|p2a: Iron Valiant|move: Destiny Bond
|-end|p2a: Iron Valiant|Quark Drive|[silent]
|faint|p1a: Kingambit
|-end|p1a: Kingambit|fallen4|[silent]
|
|upkeep
|
|t:|1759077773
|switch|p2a: Gliscor|Gliscor, M|100/100 tox
|switch|p1a: Dragapult|Dragapult, F|88/100 psn
|-damage|p2a: Gliscor|88/100 tox|[from] Stealth Rock
|turn|35
|
|t:|1759077776
|move|p2a: Gliscor|Protect|p2a: Gliscor
|-singleturn|p2a: Gliscor|Protect
|move|p1a: Dragapult|Dragon Darts|p2a: Gliscor
|-activate|p2a: Gliscor|move: Protect
|
|-damage|p1a: Dragapult|76/100 psn|[from] psn
|-heal|p2a: Gliscor|100/100 tox|[from] ability: Poison Heal
|upkeep
|turn|36
|inactive|LT124YH Ghoul has 120 seconds left.
|
|t:|1759077827
|move|p1a: Dragapult|Hex|p2a: Gliscor
|-damage|p2a: Gliscor|32/100 tox
|move|p2a: Gliscor|Earthquake|p1a: Dragapult
|-damage|p1a: Dragapult|30/100 psn
|
|-damage|p1a: Dragapult|17/100 psn|[from] psn
|-heal|p2a: Gliscor|45/100 tox|[from] ability: Poison Heal
|upkeep
|turn|37
|j| AbrarS
|
|t:|1759077833
|-terastallize|p1a: Dragapult|Dragon
|move|p2a: Gliscor|Protect|p2a: Gliscor
|-singleturn|p2a: Gliscor|Protect
|move|p1a: Dragapult|Draco Meteor|p2a: Gliscor
|-activate|p2a: Gliscor|move: Protect
|
|-damage|p1a: Dragapult|5/100 psn|[from] psn
|-heal|p2a: Gliscor|57/100 tox|[from] ability: Poison Heal
|upkeep
|turn|38
|
|t:|1759077835
|switch|p2a: Triple Lobotomy|Veluza, M|100/100
|-damage|p2a: Triple Lobotomy|88/100|[from] Stealth Rock
|move|p1a: Dragapult|Draco Meteor|p2a: Triple Lobotomy
|-damage|p2a: Triple Lobotomy|0 fnt
|-unboost|p1a: Dragapult|spa|2
|faint|p2a: Triple Lobotomy
|
|-damage|p1a: Dragapult|0 fnt|[from] psn
|faint|p1a: Dragapult
|
|win|LT124YH Ghoul
|raw|ho3nconfirm3d's rating: 1993 &rarr; <strong>1972</strong><br />(-21 for losing)
|raw|LT124YH Ghoul's rating: 1974 &rarr; <strong>1995</strong><br />(+21 for winning)
|c|☆LT124YH Ghoul|gg
|c|☆ho3nconfirm3d|gg
|l| 54 insane rats
|l| cryyysneasel
|l|☆ho3nconfirm3d
|player|p1|
|l|☆LT124YH Ghoul
|player|p2|
|j|☆ho3nconfirm3d
|player|p1|ho3nconfirm3d|#scl5shoguns|
|l| tiochicodobos
|l| cynasaurus
|l| AbrarS
|l|☆ho3nconfirm3d
|player|p1|
|l| LT121GU 300
|l| IsThisRoblox?
|j| IsThisRoblox?
|l| ertyplm
