|j|☆U_Quokka
|j|☆mucino
|t:|1759038205
|gametype|singles
|player|p1|U_Quokka|waiter-gen4dp|1378
|player|p2|mucino|265|1366
|gen|9
|tier|[Gen 9] OU
|rated|
|rule|HP Percentage Mod: HP is shown in percentages
|rule|Endless Battle Clause: Forcing endless battles is banned
|rule|Species Clause: Limit one of each Pokémon
|rule|OHKO Clause: OHKO moves are banned
|rule|Evasion Items Clause: Evasion items are banned
|rule|Evasion Moves Clause: Evasion moves are banned
|rule|Evasion Abilities Clause: Evasion abilities are banned
|rule|Sleep Moves Clause: Sleep-inducing moves are banned
|clearpoke
|poke|p1|Ogerpon-Cornerstone, F|
|poke|p1|Dragapult, M|
|poke|p1|Scizor, F|
|poke|p1|Ting-Lu|
|poke|p1|Zamazenta-*|
|poke|p1|Primarina, F|
|poke|p2|Clodsire, F|
|poke|p2|Kingambit, F|
|poke|p2|Porygon-Z|
|poke|p2|Chandelure, F|
|poke|p2|Primarina, M|
|poke|p2|Grimmsnarl, M|
|teampreview
|
|t:|1759038216
|teamsize|p1|6
|teamsize|p2|6
|start
|switch|p1a: Ting-Lu|Ting-Lu|100/100
|switch|p2a: Grimmsnarl|Grimmsnarl, M|100/100
|-ability|p1a: Ting-Lu|Vessel of Ruin
|turn|1
|inactive|Battle timer is ON: inactive players will automatically lose when time's up. (requested by mucino)
|
|t:|1759038222
|switch|p1a: Scizor|Scizor, F|100/100
|move|p2a: Grimmsnarl|Spirit Break|p1a: Scizor
|-resisted|p1a: Scizor
|-damage|p1a: Scizor|77/100
|-unboost|p1a: Scizor|spa|1
|
|upkeep
|turn|2
|inactive|U_Quokka has 120 seconds left.
|inactive|U_Quokka has 90 seconds left.
|
|t:|1759038287
|move|p2a: Grimmsnarl|Reflect|p2a: Grimmsnarl
|-sidestart|p2: mucino|Reflect
|move|p1a: Scizor|U-turn|p2a: Grimmsnarl
|-damage|p2a: Grimmsnarl|66/100
|inactive|U_Quokka has 60 seconds left.
|
|t:|1759038328
|switch|p1a: Ting-Lu|Ting-Lu|100/100|[from] U-turn
|-ability|p1a: Ting-Lu|Vessel of Ruin
|
|upkeep
|turn|3
|
|t:|1759038335
|move|p2a: Grimmsnarl|Spirit Break|p1a: Ting-Lu
|-supereffective|p1a: Ting-Lu
|-damage|p1a: Ting-Lu|54/100
|-unboost|p1a: Ting-Lu|spa|1
|move|p1a: Ting-Lu|Stealth Rock|p2a: Grimmsnarl
|-sidestart|p2: mucino|move: Stealth Rock
|
|-heal|p1a: Ting-Lu|60/100|[from] item: Leftovers
|upkeep
|turn|4
|
|t:|1759038345
|switch|p1a: Primarina|Primarina, F|100/100
|move|p2a: Grimmsnarl|Spirit Break|p1a: Primarina
|-damage|p1a: Primarina|67/100
|-unboost|p1a: Primarina|spa|1
|
|-heal|p1a: Primarina|73/100|[from] item: Leftovers
|upkeep
|turn|5
|
|t:|1759038350
|move|p2a: Grimmsnarl|Light Screen|p2a: Grimmsnarl
|-sidestart|p2: mucino|move: Light Screen
|move|p1a: Primarina|Substitute|p1a: Primarina
|-start|p1a: Primarina|Substitute
|-damage|p1a: Primarina|48/100
|
|-heal|p1a: Primarina|54/100|[from] item: Leftovers
|upkeep
|turn|6
|
|t:|1759038353
|move|p1a: Primarina|Calm Mind|p1a: Primarina
|-boost|p1a: Primarina|spa|1
|-boost|p1a: Primarina|spd|1
|move|p2a: Grimmsnarl|Spirit Break|p1a: Primarina
|-end|p1a: Primarina|Substitute
|
|-heal|p1a: Primarina|60/100|[from] item: Leftovers
|upkeep
|turn|7
|inactive|U_Quokka has 90 seconds left.
|
|t:|1759038358
|move|p2a: Grimmsnarl|Taunt|p1a: Primarina
|-start|p1a: Primarina|move: Taunt
|move|p1a: Primarina|Draining Kiss|p2a: Grimmsnarl
|-supereffective|p2a: Grimmsnarl
|-damage|p2a: Grimmsnarl|44/100
|-heal|p1a: Primarina|78/100|[from] drain|[of] p2a: Grimmsnarl
|
|-heal|p1a: Primarina|84/100|[from] item: Leftovers
|upkeep
|turn|8
|
|t:|1759038363
|switch|p1a: Scizor|Scizor, F|77/100
|move|p2a: Grimmsnarl|Spirit Break|p1a: Scizor
|-resisted|p1a: Scizor
|-damage|p1a: Scizor|55/100
|-unboost|p1a: Scizor|spa|1
|
|upkeep
|turn|9
|
|t:|1759038368
|move|p1a: Scizor|Bullet Punch|p2a: Grimmsnarl
|-supereffective|p2a: Grimmsnarl
|-damage|p2a: Grimmsnarl|0 fnt
|faint|p2a: Grimmsnarl
|
|-sideend|p2: mucino|Reflect
|upkeep
|
|t:|1759038371
|switch|p2a: Chandelure|Chandelure, F|100/100
|-damage|p2a: Chandelure|76/100|[from] Stealth Rock
|turn|10
|
|t:|1759038377
|switch|p1a: Ting-Lu|Ting-Lu|60/100
|-ability|p1a: Ting-Lu|Vessel of Ruin
|move|p2a: Chandelure|Trick|p1a: Ting-Lu
|-activate|p2a: Chandelure|move: Trick|[of] p1a: Ting-Lu
|-item|p1a: Ting-Lu|Choice Scarf|[from] move: Trick
|-item|p2a: Chandelure|Leftovers|[from] move: Trick
|
|-heal|p2a: Chandelure|82/100|[from] item: Leftovers
|upkeep
|turn|11
|
|t:|1759038383
|-terastallize|p2a: Chandelure|Grass
|move|p2a: Chandelure|Energy Ball|p1a: Ting-Lu
|-supereffective|p1a: Ting-Lu
|-damage|p1a: Ting-Lu|15/100
|-unboost|p1a: Ting-Lu|spd|1
|move|p1a: Ting-Lu|Earthquake|p2a: Chandelure
|-resisted|p2a: Chandelure
|-damage|p2a: Chandelure|55/100
|
|-heal|p2a: Chandelure|61/100|[from] item: Leftovers
|upkeep
|turn|12
|
|t:|1759038389
|move|p2a: Chandelure|Flamethrower|p1a: Ting-Lu
|-damage|p1a: Ting-Lu|0 fnt
|faint|p1a: Ting-Lu
|
|-heal|p2a: Chandelure|67/100|[from] item: Leftovers
|-sideend|p2: mucino|move: Light Screen
|upkeep
|inactive|U_Quokka has 120 seconds left.
|
|t:|1759038399
|switch|p1a: Scizor|Scizor, F|55/100
|turn|13
|inactive|U_Quokka has 120 seconds left.
|
|t:|1759038415
|-terastallize|p1a: Scizor|Steel
|move|p1a: Scizor|Bullet Punch|p2a: Chandelure
|-damage|p2a: Chandelure|0 fnt
|faint|p2a: Chandelure
|
|upkeep
|
|t:|1759038430
|switch|p2a: Kingambit|Kingambit, F|100/100
|-damage|p2a: Kingambit|94/100|[from] Stealth Rock
|-activate|p2a: Kingambit|ability: Supreme Overlord
|-start|p2a: Kingambit|fallen2|[silent]
|turn|14
|
|t:|1759038434
|switch|p1a: Zamazenta|Zamazenta|100/100
|-ability|p1a: Zamazenta|Dauntless Shield|boost
|-boost|p1a: Zamazenta|def|1
|move|p2a: Kingambit|Brick Break|p1a: Zamazenta
|-damage|p1a: Zamazenta|84/100
|
|-heal|p1a: Zamazenta|90/100|[from] item: Leftovers
|upkeep
|turn|15
|
|t:|1759038441
|switch|p1a: Ogerpon|Ogerpon-Cornerstone, F|100/100
|-end|p2a: Kingambit|fallen2|[silent]
|switch|p2a: Clodsire|Clodsire, F|100/100
|-damage|p2a: Clodsire|94/100|[from] Stealth Rock
|
|-heal|p2a: Clodsire|100/100|[from] item: Leftovers
|upkeep
|turn|16
|
|t:|1759038447
|move|p1a: Ogerpon|Power Whip|p2a: Clodsire
|-damage|p2a: Clodsire|53/100
|move|p2a: Clodsire|Toxic|p1a: Ogerpon
|-status|p1a: Ogerpon|tox
|
|-heal|p2a: Clodsire|59/100|[from] item: Leftovers
|-damage|p1a: Ogerpon|95/100 tox|[from] psn
|upkeep
|turn|17
|
|t:|1759038458
|switch|p1a: Dragapult|Dragapult, M|100/100
|move|p2a: Clodsire|Recover|p2a: Clodsire
|-heal|p2a: Clodsire|100/100
|
|upkeep
|turn|18
|
|t:|1759038461
|move|p1a: Dragapult|Shadow Ball|p2a: Clodsire
|-damage|p2a: Clodsire|60/100
|move|p2a: Clodsire|Toxic|p1a: Dragapult
|-status|p1a: Dragapult|tox
|
|-heal|p2a: Clodsire|66/100|[from] item: Leftovers
|-damage|p1a: Dragapult|95/100 tox|[from] psn
|upkeep
|turn|19
|
|t:|1759038465
|move|p1a: Dragapult|Shadow Ball|p2a: Clodsire
|-damage|p2a: Clodsire|27/100
|move|p2a: Clodsire|Stealth Rock|p1a: Dragapult
|-sidestart|p1: U_Quokka|move: Stealth Rock
|
|-heal|p2a: Clodsire|33/100|[from] item: Leftovers
|-damage|p1a: Dragapult|83/100 tox|[from] psn
|upkeep
|turn|20
|
|t:|1759038469
|switch|p2a: Primarina|Primarina, M|100/100
|-damage|p2a: Primarina|88/100|[from] Stealth Rock
|move|p1a: Dragapult|Shadow Ball|p2a: Primarina
|-damage|p2a: Primarina|61/100
|
|-damage|p1a: Dragapult|65/100 tox|[from] psn
|upkeep
|turn|21
|
|t:|1759038472
|move|p1a: Dragapult|Shadow Ball|p2a: Primarina
|-damage|p2a: Primarina|34/100
|move|p2a: Primarina|Hyper Voice|p1a: Dragapult
|-resisted|p1a: Dragapult
|-damage|p1a: Dragapult|31/100 tox
|
|-damage|p1a: Dragapult|7/100 tox|[from] psn
|upkeep
|turn|22
|
|t:|1759038475
|move|p1a: Dragapult|Shadow Ball|p2a: Primarina
|-damage|p2a: Primarina|7/100
|move|p2a: Primarina|Moonblast|p1a: Dragapult
|-supereffective|p1a: Dragapult
|-damage|p1a: Dragapult|0 fnt
|faint|p1a: Dragapult
|
|upkeep
|
|t:|1759038488
|switch|p1a: Ogerpon|Ogerpon-Cornerstone, F|95/100 tox
|-damage|p1a: Ogerpon|82/100 tox|[from] Stealth Rock
|turn|23
|
|t:|1759038492
|move|p1a: Ogerpon|Ivy Cudgel|p2a: Primarina|[anim] Ivy Cudgel Rock
|-crit|p2a: Primarina
|-damage|p2a: Primarina|0 fnt
|faint|p2a: Primarina
|
|-damage|p1a: Ogerpon|76/100 tox|[from] psn
|upkeep
|
|t:|1759038495
|switch|p2a: Clodsire|Clodsire, F|33/100
|-damage|p2a: Clodsire|27/100|[from] Stealth Rock
|turn|24
|
|t:|1759038500
|move|p1a: Ogerpon|Knock Off|p2a: Clodsire
|-damage|p2a: Clodsire|1/100
|-enditem|p2a: Clodsire|Leftovers|[from] move: Knock Off|[of] p1a: Ogerpon
|move|p2a: Clodsire|Recover|p2a: Clodsire
|-heal|p2a: Clodsire|51/100
|
|-damage|p1a: Ogerpon|64/100 tox|[from] psn
|upkeep
|turn|25
|
|t:|1759038504
|move|p1a: Ogerpon|Power Whip|p2a: Clodsire
|-damage|p2a: Clodsire|0 fnt
|faint|p2a: Clodsire
|
|-damage|p1a: Ogerpon|46/100 tox|[from] psn
|upkeep
|
|t:|1759038510
|switch|p2a: Kingambit|Kingambit, F|94/100
|-damage|p2a: Kingambit|88/100|[from] Stealth Rock
|-activate|p2a: Kingambit|ability: Supreme Overlord
|-start|p2a: Kingambit|fallen4|[silent]
|turn|26
|
|t:|1759038514
|move|p1a: Ogerpon|Knock Off|p2a: Kingambit
|-resisted|p2a: Kingambit
|-damage|p2a: Kingambit|74/100
|-enditem|p2a: Kingambit|Black Glasses|[from] move: Knock Off|[of] p1a: Ogerpon
|move|p2a: Kingambit|Swords Dance|p2a: Kingambit
|-boost|p2a: Kingambit|atk|2
|
|-damage|p1a: Ogerpon|22/100 tox|[from] psn
|upkeep
|turn|27
|
|t:|1759038516
|move|p1a: Ogerpon|Ivy Cudgel|p2a: Kingambit|[anim] Ivy Cudgel Rock
|-resisted|p2a: Kingambit
|-damage|p2a: Kingambit|53/100
|move|p2a: Kingambit|Swords Dance|p2a: Kingambit
|-boost|p2a: Kingambit|atk|2
|
|-damage|p1a: Ogerpon|0 fnt|[from] psn
|faint|p1a: Ogerpon
|upkeep
|
|t:|1759038520
|switch|p1a: Zamazenta|Zamazenta|90/100
|-damage|p1a: Zamazenta|84/100|[from] Stealth Rock
|turn|28
|
|t:|1759038524
|move|p2a: Kingambit|Sucker Punch|p1a: Zamazenta
|-resisted|p1a: Zamazenta
|-damage|p1a: Zamazenta|27/100
|move|p1a: Zamazenta|Body Press|p2a: Kingambit
|-supereffective|p2a: Kingambit
|-damage|p2a: Kingambit|0 fnt
|faint|p2a: Kingambit
|-end|p2a: Kingambit|fallen4|[silent]
|
|-heal|p1a: Zamazenta|33/100|[from] item: Leftovers
|upkeep
|
|t:|1759038526
|switch|p2a: Porygon-Z|Porygon-Z|100/100
|-damage|p2a: Porygon-Z|88/100|[from] Stealth Rock
|turn|29
|
|t:|1759038537
|move|p1a: Zamazenta|Body Press|p2a: Porygon-Z
|-supereffective|p2a: Porygon-Z
|-damage|p2a: Porygon-Z|0 fnt
|faint|p2a: Porygon-Z
|
|win|U_Quokka
|raw|U_Quokka's rating: 1378 &rarr; <strong>1397</strong><br />(+19 for winning)
|raw|mucino's rating: 1366 &rarr; <strong>1347</strong><br />(-19 for losing)
|l|☆mucino
|player|p2|
|l|☆U_Quokka
|player|p1|
