|j|☆alfredh
|j|☆Jerelmy
|t:|1759006593
|gametype|singles
|player|p1|alfredh|102|1243
|player|p2|Jerelmy|red|1240
|gen|9
|tier|[Gen 9] OU
|rated|
|rule|HP Percentage Mod: HP is shown in percentages
|rule|Endless Battle Clause: Forcing endless battles is banned
|rule|Species Clause: Limit one of each Pokémon
|rule|OHKO Clause: OHKO moves are banned
|rule|Evasion Items Clause: Evasion items are banned
|rule|Evasion Moves Clause: Evasion moves are banned
|rule|Evasion Abilities Clause: Evasion abilities are banned
|rule|Sleep Moves Clause: Sleep-inducing moves are banned
|clearpoke
|poke|p1|Tornadus, M|
|poke|p1|Toxtricity, M|
|poke|p1|Iron Valiant|
|poke|p1|Arcanine-Hisui, M|
|poke|p1|Brambleghast, M|
|poke|p1|Hydreigon, M|
|poke|p2|Delphox, F|
|poke|p2|Greninja-*, M|
|poke|p2|Scizor, M|
|poke|p2|Umbreon, F|
|poke|p2|Conkeldurr, M|
|poke|p2|Goodra, F|
|teampreview
|inactive|Battle timer is ON: inactive players will automatically lose when time's up. (requested by alfredh)
|
|t:|1759006610
|teamsize|p1|6
|teamsize|p2|6
|start
|switch|p1a: Tornadus|Tornadus, M, shiny|100/100
|switch|p2a: Hermione|Delphox, F|100/100
|turn|1
|
|t:|1759006617
|move|p1a: Tornadus|Tailwind|p1a: Tornadus
|-sidestart|p1: alfredh|move: Tailwind
|move|p2a: Hermione|Flamethrower|p1a: Tornadus
|-damage|p1a: Tornadus|38/100
|-enditem|p1a: Tornadus|Eject Button
|
|t:|1759006623
|switch|p1a: Hydreigon|Hydreigon, M, shiny|100/100
|
|upkeep
|turn|2
|
|t:|1759006630
|switch|p2a: Play-Doh|Goodra, F|100/100
|move|p1a: Hydreigon|Stealth Rock|p2a: Play-Doh
|-sidestart|p2: Jerelmy|move: Stealth Rock
|
|upkeep
|turn|3
|
|t:|1759006637
|move|p1a: Hydreigon|Draco Meteor|p2a: Play-Doh
|-supereffective|p2a: Play-Doh
|-damage|p2a: Play-Doh|20/100
|-unboost|p1a: Hydreigon|spa|2
|-enditem|p1a: Hydreigon|Eject Pack
|
|t:|1759006643
|switch|p1a: Iron Valiant|Iron Valiant, shiny|100/100
|move|p2a: Play-Doh|Sludge Bomb|p1a: Iron Valiant
|-supereffective|p1a: Iron Valiant
|-damage|p1a: Iron Valiant|2/100
|
|-heal|p2a: Play-Doh|26/100|[from] item: Leftovers
|upkeep
|turn|4
|
|t:|1759006650
|move|p1a: Iron Valiant|Moonblast|p2a: Play-Doh
|-supereffective|p2a: Play-Doh
|-damage|p2a: Play-Doh|0 fnt
|faint|p2a: Play-Doh
|
|-sideend|p1: alfredh|move: Tailwind
|upkeep
|
|t:|1759006657
|switch|p2a: Shadow|Greninja, M|100/100
|-damage|p2a: Shadow|88/100|[from] Stealth Rock
|turn|5
|
|t:|1759006664
|-end|p1a: Iron Valiant|Quark Drive|[silent]
|switch|p1a: Hydreigon|Hydreigon, M, shiny|100/100
|move|p2a: Shadow|Water Shuriken|p1a: Hydreigon
|-resisted|p1a: Hydreigon
|-damage|p1a: Hydreigon|97/100
|-resisted|p1a: Hydreigon
|-damage|p1a: Hydreigon|93/100
|-resisted|p1a: Hydreigon
|-damage|p1a: Hydreigon|89/100
|-resisted|p1a: Hydreigon
|-damage|p1a: Hydreigon|85/100
|-resisted|p1a: Hydreigon
|-damage|p1a: Hydreigon|81/100
|-hitcount|p1a: Hydreigon|5
|
|upkeep
|turn|6
|
|t:|1759006669
|move|p2a: Shadow|Ice Beam|p1a: Hydreigon
|-supereffective|p1a: Hydreigon
|-damage|p1a: Hydreigon|16/100
|move|p1a: Hydreigon|Tailwind|p1a: Hydreigon
|-sidestart|p1: alfredh|move: Tailwind
|
|upkeep
|turn|7
|
|t:|1759006680
|move|p2a: Shadow|Water Shuriken|p1a: Hydreigon
|-resisted|p1a: Hydreigon
|-damage|p1a: Hydreigon|12/100
|-resisted|p1a: Hydreigon
|-damage|p1a: Hydreigon|9/100
|-resisted|p1a: Hydreigon
|-damage|p1a: Hydreigon|5/100
|-resisted|p1a: Hydreigon
|-damage|p1a: Hydreigon|1/100
|-hitcount|p1a: Hydreigon|4
|move|p1a: Hydreigon|Draco Meteor|p2a: Shadow
|-damage|p2a: Shadow|0 fnt
|-unboost|p1a: Hydreigon|spa|2
|faint|p2a: Shadow
|
|upkeep
|c|☆Jerelmy|Bruh
|
|t:|1759006698
|switch|p2a: Robin|Scizor, M|100/100
|-damage|p2a: Robin|88/100|[from] Stealth Rock
|turn|8
|
|t:|1759006708
|move|p2a: Robin|Bullet Punch|p1a: Hydreigon
|-damage|p1a: Hydreigon|0 fnt
|faint|p1a: Hydreigon
|
|upkeep
|
|t:|1759006711
|switch|p1a: Arcanine|Arcanine-Hisui, M, shiny|100/100
|turn|9
|
|t:|1759006716
|move|p1a: Arcanine|Head Smash|p2a: Robin|[miss]
|-miss|p1a: Arcanine|p2a: Robin
|move|p2a: Robin|Close Combat|p1a: Arcanine
|-supereffective|p1a: Arcanine
|-damage|p1a: Arcanine|0 fnt
|-unboost|p2a: Robin|def|1
|-unboost|p2a: Robin|spd|1
|faint|p1a: Arcanine
|
|-sideend|p1: alfredh|move: Tailwind
|upkeep
|
|t:|1759006727
|switch|p1a: Toxtricity|Toxtricity, M, shiny|100/100
|turn|10
|
|t:|1759006732
|move|p1a: Toxtricity|Overdrive|p2a: Robin
|-damage|p2a: Robin|0 fnt
|faint|p2a: Robin
|
|upkeep
|
|t:|1759006734
|switch|p2a: Unc|Conkeldurr, M|100/100
|-damage|p2a: Unc|94/100|[from] Stealth Rock
|turn|11
|
|t:|1759006739
|switch|p1a: Brambleghast|Brambleghast, M, shiny|100/100
|move|p2a: Unc|Earthquake|p1a: Brambleghast
|-resisted|p1a: Brambleghast
|-damage|p1a: Brambleghast|66/100
|
|-status|p2a: Unc|brn|[from] item: Flame Orb
|upkeep
|turn|12
|
|t:|1759006749
|move|p1a: Brambleghast|Power Whip|p2a: Unc
|-damage|p2a: Unc|25/100 brn
|-damage|p1a: Brambleghast|56/100|[from] item: Life Orb
|move|p2a: Unc|Ice Punch|p1a: Brambleghast
|-supereffective|p1a: Brambleghast
|-crit|p1a: Brambleghast
|-damage|p1a: Brambleghast|0 fnt
|faint|p1a: Brambleghast
|
|-damage|p2a: Unc|19/100 brn|[from] brn
|upkeep
|
|t:|1759006756
|switch|p1a: Tornadus|Tornadus, M, shiny|38/100
|turn|13
|
|t:|1759006761
|switch|p2a: Luna|Umbreon, F|100/100
|-damage|p2a: Luna|88/100|[from] Stealth Rock
|move|p1a: Tornadus|Hurricane|p2a: Luna
|-damage|p2a: Luna|50/100
|
|-heal|p2a: Luna|56/100|[from] item: Leftovers
|upkeep
|turn|14
|
|t:|1759006768
|move|p1a: Tornadus|Tailwind|p1a: Tornadus
|-sidestart|p1: alfredh|move: Tailwind
|move|p2a: Luna|Foul Play|p1a: Tornadus
|-damage|p1a: Tornadus|0 fnt
|faint|p1a: Tornadus
|
|-heal|p2a: Luna|62/100|[from] item: Leftovers
|upkeep
|
|t:|1759006773
|switch|p1a: Iron Valiant|Iron Valiant, shiny|2/100
|turn|15
|
|t:|1759006778
|-end|p1a: Iron Valiant|Quark Drive|[silent]
|switch|p1a: Toxtricity|Toxtricity, M, shiny|100/100
|move|p2a: Luna|Foul Play|p1a: Toxtricity
|-damage|p1a: Toxtricity|58/100
|
|-heal|p2a: Luna|68/100|[from] item: Leftovers
|upkeep
|turn|16
|
|t:|1759006783
|-terastallize|p1a: Toxtricity|Normal
|move|p1a: Toxtricity|Boomburst|p2a: Luna
|-damage|p2a: Luna|0 fnt
|faint|p2a: Luna
|
|upkeep
|
|t:|1759006787
|switch|p2a: Unc|Conkeldurr, M|19/100 brn
|-damage|p2a: Unc|13/100 brn|[from] Stealth Rock
|turn|17
|
|t:|1759006790
|move|p2a: Unc|Mach Punch|p1a: Toxtricity
|-supereffective|p1a: Toxtricity
|-damage|p1a: Toxtricity|0 fnt
|faint|p1a: Toxtricity
|
|-damage|p2a: Unc|7/100 brn|[from] brn
|-sideend|p1: alfredh|move: Tailwind
|upkeep
|
|t:|1759006793
|switch|p1a: Iron Valiant|Iron Valiant, shiny|2/100
|turn|18
|
|t:|1759006796
|move|p1a: Iron Valiant|Vacuum Wave|p2a: Unc
|-damage|p2a: Unc|0 fnt
|faint|p2a: Unc
|
|upkeep
|
|t:|1759006798
|switch|p2a: Hermione|Delphox, F|100/100
|-damage|p2a: Hermione|76/100|[from] Stealth Rock
|turn|19
|
|t:|1759006803
|-terastallize|p2a: Hermione|Fairy
|move|p1a: Iron Valiant|Vacuum Wave|p2a: Hermione
|-resisted|p2a: Hermione
|-damage|p2a: Hermione|58/100
|move|p2a: Hermione|Flamethrower|p1a: Iron Valiant
|-damage|p1a: Iron Valiant|0 fnt
|faint|p1a: Iron Valiant
|-end|p1a: Iron Valiant|Quark Drive|[silent]
|
|win|Jerelmy
|raw|alfredh's rating: 1243 &rarr; <strong>1218</strong><br />(-25 for losing)
|raw|Jerelmy's rating: 1240 &rarr; <strong>1265</strong><br />(+25 for winning)
|l|☆alfredh
|player|p1|
|l|☆Jerelmy
|player|p2|
