|j|‽Dryosaurus
|j|☆dr. drake6782
|t:|1759029883
|gametype|singles
|player|p1|Dryosaurus|koga|1489
|player|p2|dr. drake6782|265|1474
|gen|9
|tier|[Gen 9] OU
|rated|
|rule|HP Percentage Mod: HP is shown in percentages
|rule|Endless Battle Clause: Forcing endless battles is banned
|rule|Species Clause: Limit one of each Pokémon
|rule|OHKO Clause: OHKO moves are banned
|rule|Evasion Items Clause: Evasion items are banned
|rule|Evasion Moves Clause: Evasion moves are banned
|rule|Evasion Abilities Clause: Evasion abilities are banned
|rule|Sleep Moves Clause: Sleep-inducing moves are banned
|clearpoke
|poke|p1|Dragonite, M|
|poke|p1|Scizor, M|
|poke|p1|Pecharunt|
|poke|p1|Alomomola, F|
|poke|p1|Ting-Lu|
|poke|p1|Iron Valiant|
|poke|p2|Gholdengo|
|poke|p2|Ceruledge, F|
|poke|p2|Enamorus, F|
|poke|p2|Ribombee, F|
|poke|p2|Quaquaval, F|
|poke|p2|Iron Treads|
|teampreview
|inactive|Battle timer is ON: inactive players will automatically lose when time's up. (requested by dr. drake6782)
|
|t:|1759029901
|teamsize|p1|6
|teamsize|p2|6
|start
|switch|p1a: Scizor|Scizor, M|100/100
|switch|p2a: Ribombee|Ribombee, F, shiny|100/100
|turn|1
|
|t:|1759029923
|move|p1a: Scizor|Bullet Punch|p2a: Ribombee
|-supereffective|p2a: Ribombee
|-enditem|p2a: Ribombee|Focus Sash
|-damage|p2a: Ribombee|1/100
|move|p2a: Ribombee|Sticky Web|p1a: Scizor
|-sidestart|p1: Dryosaurus|move: Sticky Web
|
|upkeep
|turn|2
|
|t:|1759029934
|switch|p2a: Ceruledge|Ceruledge, F|100/100
|move|p1a: Scizor|Knock Off|p2a: Ceruledge
|-supereffective|p2a: Ceruledge
|-enditem|p2a: Ceruledge|Focus Sash
|-damage|p2a: Ceruledge|1/100
|-ability|p2a: Ceruledge|Weak Armor|boost
|-unboost|p2a: Ceruledge|def|1
|-boost|p2a: Ceruledge|spe|2
|
|upkeep
|turn|3
|
|t:|1759029943
|move|p2a: Ceruledge|Shadow Sneak|p1a: Scizor
|-damage|p1a: Scizor|80/100
|move|p1a: Scizor|Bullet Punch|p2a: Ceruledge
|-resisted|p2a: Ceruledge
|-damage|p2a: Ceruledge|0 fnt
|faint|p2a: Ceruledge
|
|upkeep
|
|t:|1759029957
|switch|p2a: Iron Treads|Iron Treads|100/100
|-enditem|p2a: Iron Treads|Booster Energy
|-activate|p2a: Iron Treads|ability: Quark Drive|[fromitem]
|-start|p2a: Iron Treads|quarkdriveatk
|turn|4
|
|t:|1759029962
|move|p2a: Iron Treads|Earthquake|p1a: Scizor
|-damage|p1a: Scizor|11/100
|-enditem|p1a: Scizor|Sitrus Berry|[eat]
|-heal|p1a: Scizor|36/100|[from] item: Sitrus Berry
|move|p1a: Scizor|Defog|p2a: Iron Treads
|-unboost|p2a: Iron Treads|evasion|1
|-sideend|p1: Dryosaurus|Sticky Web|[from] move: Defog|[of] p1a: Scizor
|
|upkeep
|turn|5
|
|t:|1759029972
|switch|p1a: Alomomola|Alomomola, F|100/100
|move|p2a: Iron Treads|Earthquake|p1a: Alomomola
|-damage|p1a: Alomomola|57/100
|
|upkeep
|turn|6
|
|t:|1759029988
|move|p2a: Iron Treads|Supercell Slam|p1a: Alomomola
|-supereffective|p1a: Alomomola
|-damage|p1a: Alomomola|0 fnt
|faint|p1a: Alomomola
|
|upkeep
|
|t:|1759029993
|switch|p1a: Dragonite|Dragonite, M|100/100
|turn|7
|
|t:|1759030006
|-terastallize|p1a: Dragonite|Ground
|move|p1a: Dragonite|Dragon Dance|p1a: Dragonite
|-boost|p1a: Dragonite|atk|1
|-boost|p1a: Dragonite|spe|1
|move|p2a: Iron Treads|Ice Spinner|p1a: Dragonite
|-supereffective|p1a: Dragonite
|-damage|p1a: Dragonite|58/100
|
|upkeep
|turn|8
|
|t:|1759030017
|-terastallize|p2a: Iron Treads|Fairy
|move|p1a: Dragonite|Earthquake|p2a: Iron Treads
|-damage|p2a: Iron Treads|33/100
|move|p2a: Iron Treads|Ice Spinner|p1a: Dragonite
|-supereffective|p1a: Dragonite
|-damage|p1a: Dragonite|0 fnt
|faint|p1a: Dragonite
|
|upkeep
|
|t:|1759030024
|switch|p1a: Scizor|Scizor, M|36/100
|turn|9
|
|t:|1759030046
|-end|p2a: Iron Treads|Quark Drive|[silent]
|switch|p2a: Quaquaval|Quaquaval, F|100/100
|move|p1a: Scizor|Knock Off|p2a: Quaquaval
|-resisted|p2a: Quaquaval
|-damage|p2a: Quaquaval|74/100
|-enditem|p2a: Quaquaval|Assault Vest|[from] move: Knock Off|[of] p1a: Scizor
|
|upkeep
|turn|10
|
|t:|1759030057
|switch|p1a: Pecharunt|Pecharunt|100/100
|move|p2a: Quaquaval|Aqua Step|p1a: Pecharunt
|-damage|p1a: Pecharunt|82/100
|-boost|p2a: Quaquaval|spe|1
|
|upkeep
|turn|11
|
|t:|1759030070
|move|p2a: Quaquaval|Knock Off|p1a: Pecharunt
|-supereffective|p1a: Pecharunt
|-damage|p1a: Pecharunt|52/100
|-enditem|p1a: Pecharunt|Heavy-Duty Boots|[from] move: Knock Off|[of] p2a: Quaquaval
|move|p1a: Pecharunt|Shadow Ball|p2a: Quaquaval
|-damage|p2a: Quaquaval|41/100
|
|upkeep
|turn|12
|
|t:|1759030078
|move|p2a: Quaquaval|Aqua Step|p1a: Pecharunt
|-damage|p1a: Pecharunt|32/100
|-boost|p2a: Quaquaval|spe|1
|move|p1a: Pecharunt|Recover|p1a: Pecharunt
|-heal|p1a: Pecharunt|82/100
|
|upkeep
|turn|13
|
|t:|1759030085
|move|p2a: Quaquaval|Knock Off|p1a: Pecharunt
|-supereffective|p1a: Pecharunt
|-damage|p1a: Pecharunt|64/100
|move|p1a: Pecharunt|Malignant Chain|p2a: Quaquaval
|-damage|p2a: Quaquaval|0 fnt
|faint|p2a: Quaquaval
|
|upkeep
|
|t:|1759030095
|switch|p2a: Ribombee|Ribombee, F, shiny|1/100
|turn|14
|
|t:|1759030100
|switch|p1a: Scizor|Scizor, M|36/100
|move|p2a: Ribombee|Sticky Web|p1a: Scizor
|-sidestart|p1: Dryosaurus|move: Sticky Web
|
|upkeep
|turn|15
|
|t:|1759030105
|move|p2a: Ribombee|Moonblast|p1a: Scizor
|-resisted|p1a: Scizor
|-damage|p1a: Scizor|14/100
|move|p1a: Scizor|Defog|p2a: Ribombee
|-unboost|p2a: Ribombee|evasion|1
|-sideend|p1: Dryosaurus|Sticky Web|[from] move: Defog|[of] p1a: Scizor
|
|upkeep
|turn|16
|
|t:|1759030111
|switch|p2a: Gholdengo|Gholdengo|100/100
|-item|p2a: Gholdengo|Air Balloon
|move|p1a: Scizor|Bullet Punch|p2a: Gholdengo
|-resisted|p2a: Gholdengo
|-damage|p2a: Gholdengo|81/100
|-enditem|p2a: Gholdengo|Air Balloon
|
|upkeep
|turn|17
|
|t:|1759030119
|move|p2a: Gholdengo|Shadow Ball|p1a: Scizor
|-damage|p1a: Scizor|0 fnt
|faint|p1a: Scizor
|
|upkeep
|
|t:|1759030138
|switch|p1a: Ting-Lu|Ting-Lu|100/100
|-ability|p1a: Ting-Lu|Vessel of Ruin
|turn|18
|
|t:|1759030143
|switch|p2a: Ribombee|Ribombee, F, shiny|1/100
|move|p1a: Ting-Lu|Earthquake|p2a: Ribombee
|-resisted|p2a: Ribombee
|-damage|p2a: Ribombee|0 fnt
|faint|p2a: Ribombee
|
|upkeep
|
|t:|1759030147
|switch|p2a: Enamorus|Enamorus, F|100/100
|turn|19
|
|t:|1759030155
|move|p2a: Enamorus|Moonblast|p1a: Ting-Lu
|-supereffective|p1a: Ting-Lu
|-damage|p1a: Ting-Lu|49/100
|move|p1a: Ting-Lu|Ruination|p2a: Enamorus
|-damage|p2a: Enamorus|51/100
|
|-heal|p1a: Ting-Lu|55/100|[from] item: Leftovers
|upkeep
|turn|20
|
|t:|1759030177
|move|p2a: Enamorus|Moonblast|p1a: Ting-Lu
|-supereffective|p1a: Ting-Lu
|-damage|p1a: Ting-Lu|0 fnt
|faint|p1a: Ting-Lu
|
|upkeep
|
|t:|1759030181
|switch|p1a: Pecharunt|Pecharunt|64/100
|turn|21
|
|t:|1759030195
|move|p2a: Enamorus|Earth Power|p1a: Pecharunt
|-supereffective|p1a: Pecharunt
|-damage|p1a: Pecharunt|0 fnt
|faint|p1a: Pecharunt
|
|upkeep
|
|t:|1759030207
|switch|p1a: Iron Valiant|Iron Valiant|100/100
|turn|22
|
|t:|1759030211
|move|p1a: Iron Valiant|Shadow Ball|p2a: Enamorus
|-damage|p2a: Enamorus|0 fnt
|faint|p2a: Enamorus
|
|upkeep
|
|t:|1759030214
|switch|p2a: Iron Treads|Iron Treads, tera:Fairy|33/100
|turn|23
|
|t:|1759030217
|move|p1a: Iron Valiant|Shadow Ball|p2a: Iron Treads
|-damage|p2a: Iron Treads|0 fnt
|faint|p2a: Iron Treads
|-end|p2a: Iron Treads|Quark Drive|[silent]
|
|upkeep
|
|t:|1759030219
|switch|p2a: Gholdengo|Gholdengo|81/100
|turn|24
|
|t:|1759030223
|move|p1a: Iron Valiant|Shadow Ball|p2a: Gholdengo
|-supereffective|p2a: Gholdengo
|-damage|p2a: Gholdengo|0 fnt
|faint|p2a: Gholdengo
|
|win|Dryosaurus
|raw|Dryosaurus's rating: 1489 &rarr; <strong>1508</strong><br />(+19 for winning)
|raw|dr. drake6782's rating: 1474 &rarr; <strong>1455</strong><br />(-19 for losing)
|l|☆dr. drake6782
|player|p2|
