|j|☆Juniper xx
|j|☆lerendezvous
|t:|1758991043
|gametype|singles
|player|p1|Juniper xx|lady-gen4|1665
|player|p2|lerendezvous|101|1734
|gen|9
|tier|[Gen 9] OU
|rated|
|rule|HP Percentage Mod: HP is shown in percentages
|rule|Endless Battle Clause: Forcing endless battles is banned
|rule|Species Clause: Limit one of each Pokémon
|rule|OHKO Clause: OHKO moves are banned
|rule|Evasion Items Clause: Evasion items are banned
|rule|Evasion Moves Clause: Evasion moves are banned
|rule|Evasion Abilities Clause: Evasion abilities are banned
|rule|Sleep Moves Clause: Sleep-inducing moves are banned
|clearpoke
|poke|p1|Iron Moth|
|poke|p1|Slowking-Galar, M|
|poke|p1|Corviknight, F|
|poke|p1|Cinderace, F|
|poke|p1|Landorus-Therian, M|
|poke|p1|Kyurem|
|poke|p2|Ogerpon-Wellspring, F|
|poke|p2|Slowking-Galar, F|
|poke|p2|Great Tusk|
|poke|p2|Moltres|
|poke|p2|Dragapult, F|
|poke|p2|Kingambit, M|
|teampreview
|inactive|Battle timer is ON: inactive players will automatically lose when time's up. (requested by lerendezvous)
|
|t:|1758991055
|teamsize|p1|6
|teamsize|p2|6
|start
|switch|p1a: Landorus|Landorus-Therian, M|100/100
|switch|p2a: Slowking|Slowking-Galar, F|100/100
|-ability|p1a: Landorus|Intimidate|boost
|-unboost|p2a: Slowking|atk|1
|turn|1
|
|t:|1758991068
|move|p1a: Landorus|U-turn|p2a: Slowking
|-damage|p2a: Slowking|73/100
|
|t:|1758991075
|switch|p1a: Slowking|Slowking-Galar, M|100/100|[from] U-turn
|move|p2a: Slowking|Psyshock|p1a: Slowking
|-damage|p1a: Slowking|62/100
|
|-heal|p1a: Slowking|68/100|[from] item: Black Sludge
|upkeep
|turn|2
|
|t:|1758991084
|move|p2a: Slowking|Psyshock|p1a: Slowking
|-damage|p1a: Slowking|29/100
|-prepare|p1a: Slowking|Chilly Reception|[premajor]
|move|p1a: Slowking|Chilly Reception|p1a: Slowking
|-weather|Snowscape
|
|t:|1758991092
|switch|p1a: Cinderace|Cinderace, F|100/100|[from] Chilly Reception
|
|-weather|Snowscape|[upkeep]
|upkeep
|turn|3
|
|t:|1758991098
|switch|p2a: Moltres|Moltres|100/100
|move|p1a: Cinderace|Pyro Ball|p2a: Moltres
|-resisted|p2a: Moltres
|-damage|p2a: Moltres|79/100
|
|-weather|Snowscape|[upkeep]
|upkeep
|turn|4
|
|t:|1758991105
|switch|p1a: Slowking|Slowking-Galar, M|62/100
|move|p2a: Moltres|U-turn|p1a: Slowking
|-damage|p1a: Slowking|47/100
|
|t:|1758991112
|switch|p2a: Slowking|Slowking-Galar, F|100/100|[from] U-turn
|
|-weather|Snowscape|[upkeep]
|-heal|p1a: Slowking|53/100|[from] item: Black Sludge
|upkeep
|turn|5
|
|t:|1758991123
|move|p2a: Slowking|Psyshock|p1a: Slowking
|-damage|p1a: Slowking|11/100
|move|p1a: Slowking|Thunder Wave|p2a: Slowking
|-status|p2a: Slowking|par
|
|-weather|Snowscape|[upkeep]
|-heal|p1a: Slowking|18/100|[from] item: Black Sludge
|upkeep
|turn|6
|
|t:|1758991144
|switch|p1a: Landorus|Landorus-Therian, M|100/100
|-ability|p1a: Landorus|Intimidate|boost
|-unboost|p2a: Slowking|atk|1
|move|p2a: Slowking|Ice Beam|p1a: Landorus
|-supereffective|p1a: Landorus
|-damage|p1a: Landorus|0 fnt
|faint|p1a: Landorus
|
|-weather|none
|upkeep
|inactive|Juniper xx has 120 seconds left.
|
|t:|1758991160
|switch|p1a: Cinderace|Cinderace, F|100/100
|turn|7
|
|t:|1758991165
|move|p1a: Cinderace|Pyro Ball|p2a: Slowking
|-damage|p2a: Slowking|43/100 par
|move|p2a: Slowking|Psyshock|p1a: Cinderace
|-damage|p1a: Cinderace|45/100
|
|upkeep
|turn|8
|
|t:|1758991172
|switch|p2a: Moltres|Moltres|79/100
|move|p1a: Cinderace|U-turn|p2a: Moltres
|-start|p1a: Cinderace|typechange|Bug|[from] ability: Libero
|-resisted|p2a: Moltres
|-damage|p2a: Moltres|74/100
|-status|p1a: Cinderace|brn|[from] ability: Flame Body|[of] p2a: Moltres
|
|t:|1758991186
|switch|p1a: Slowking|Slowking-Galar, M|51/100|[from] U-turn
|
|-heal|p1a: Slowking|57/100|[from] item: Black Sludge
|upkeep
|turn|9
|
|t:|1758991191
|move|p2a: Moltres|U-turn|p1a: Slowking
|-damage|p1a: Slowking|42/100
|
|t:|1758991198
|switch|p2a: Slowking|Slowking-Galar, F|76/100 par|[from] U-turn
|move|p1a: Slowking|Future Sight|p2a: Slowking
|-start|p1a: Slowking|move: Future Sight
|
|-heal|p1a: Slowking|48/100|[from] item: Black Sludge
|upkeep
|turn|10
|
|t:|1758991204
|-prepare|p1a: Slowking|Chilly Reception|[premajor]
|move|p1a: Slowking|Chilly Reception|p1a: Slowking
|-weather|Snowscape
|
|t:|1758991208
|switch|p1a: Kyurem|Kyurem|100/100|[from] Chilly Reception
|-ability|p1a: Kyurem|Pressure
|cant|p2a: Slowking|par
|
|-weather|Snowscape|[upkeep]
|upkeep
|turn|11
|
|t:|1758991217
|move|p1a: Kyurem|Earth Power|p2a: Slowking
|-supereffective|p2a: Slowking
|-damage|p2a: Slowking|40/100 par
|cant|p2a: Slowking|par
|
|-weather|Snowscape|[upkeep]
|-end|p2a: Slowking|move: Future Sight
|-damage|p2a: Slowking|17/100 par
|upkeep
|turn|12
|
|t:|1758991226
|switch|p2a: Kingambit|Kingambit, M|100/100
|move|p1a: Kyurem|Earth Power|p2a: Kingambit
|-supereffective|p2a: Kingambit
|-damage|p2a: Kingambit|28/100
|
|-weather|Snowscape|[upkeep]
|-heal|p2a: Kingambit|34/100|[from] item: Leftovers
|upkeep
|turn|13
|
|t:|1758991234
|switch|p1a: Corviknight|Corviknight, F|100/100
|-ability|p1a: Corviknight|Pressure
|-end|p2a: Kingambit|fallenundefined|[silent]
|switch|p2a: Moltres|Moltres|74/100
|
|-weather|Snowscape|[upkeep]
|upkeep
|turn|14
|
|t:|1758991248
|switch|p1a: Slowking|Slowking-Galar, M|81/100
|move|p2a: Moltres|Flamethrower|p1a: Slowking
|-crit|p1a: Slowking
|-damage|p1a: Slowking|49/100
|-status|p1a: Slowking|brn
|
|-weather|none
|-heal|p1a: Slowking|55/100 brn|[from] item: Black Sludge
|-damage|p1a: Slowking|49/100 brn|[from] brn
|upkeep
|turn|15
|
|t:|1758991259
|move|p2a: Moltres|Flamethrower|p1a: Slowking
|-damage|p1a: Slowking|29/100 brn
|move|p1a: Slowking|Thunder Wave|p2a: Moltres
|-status|p2a: Moltres|par
|
|-heal|p1a: Slowking|35/100 brn|[from] item: Black Sludge
|-damage|p1a: Slowking|29/100 brn|[from] brn
|upkeep
|turn|16
|
|t:|1758991267
|switch|p2a: Slowking|Slowking-Galar, F|50/100 par
|-prepare|p1a: Slowking|Chilly Reception|[premajor]
|move|p1a: Slowking|Chilly Reception|p1a: Slowking
|-weather|Snowscape
|
|t:|1758991274
|switch|p1a: Kyurem|Kyurem|100/100|[from] Chilly Reception
|-ability|p1a: Kyurem|Pressure
|
|-weather|Snowscape|[upkeep]
|upkeep
|turn|17
|
|t:|1758991279
|move|p1a: Kyurem|Blizzard|p2a: Slowking
|-damage|p2a: Slowking|18/100 par
|move|p2a: Slowking|Sludge Bomb|p1a: Kyurem
|-damage|p1a: Kyurem|63/100
|
|-weather|Snowscape|[upkeep]
|upkeep
|turn|18
|
|t:|1758991285
|switch|p2a: Kingambit|Kingambit, M|34/100
|move|p1a: Kyurem|Blizzard|p2a: Kingambit
|-resisted|p2a: Kingambit
|-damage|p2a: Kingambit|0 fnt
|faint|p2a: Kingambit
|-end|p2a: Kingambit|fallenundefined|[silent]
|
|-weather|Snowscape|[upkeep]
|upkeep
|
|t:|1758991290
|switch|p2a: Slowking|Slowking-Galar, F|51/100 par
|turn|19
|
|t:|1758991295
|move|p1a: Kyurem|Blizzard|p2a: Slowking
|-damage|p2a: Slowking|17/100 par
|move|p2a: Slowking|Sludge Bomb|p1a: Kyurem
|-damage|p1a: Kyurem|22/100
|
|-weather|Snowscape|[upkeep]
|upkeep
|turn|20
|
|t:|1758991301
|move|p1a: Kyurem|Blizzard|p2a: Slowking
|-damage|p2a: Slowking|0 fnt
|faint|p2a: Slowking
|
|-weather|none
|upkeep
|
|t:|1758991306
|switch|p2a: Dragapult|Dragapult, F|100/100
|turn|21
|
|t:|1758991311
|move|p1a: Kyurem|Blizzard|p2a: Dragapult
|-supereffective|p2a: Dragapult
|-damage|p2a: Dragapult|0 fnt
|faint|p2a: Dragapult
|
|upkeep
|
|t:|1758991315
|switch|p2a: Ogerpon|Ogerpon-Wellspring, F|100/100
|turn|22
|
|t:|1758991321
|switch|p1a: Corviknight|Corviknight, F|100/100
|-ability|p1a: Corviknight|Pressure
|-terastallize|p2a: Ogerpon|Water
|detailschange|p2a: Ogerpon|Ogerpon-Wellspring-Tera, F, tera:Water
|-ability|p2a: Ogerpon|Embody Aspect (Wellspring)|boost
|-boost|p2a: Ogerpon|spd|1
|move|p2a: Ogerpon|Ivy Cudgel|p1a: Corviknight|[anim] Ivy Cudgel Water
|-damage|p1a: Corviknight|55/100
|
|upkeep
|turn|23
|
|t:|1758991332
|switch|p2a: Moltres|Moltres|74/100 par
|move|p1a: Corviknight|U-turn|p2a: Moltres
|-resisted|p2a: Moltres
|-damage|p2a: Moltres|71/100 par
|
|t:|1758991340
|switch|p1a: Slowking|Slowking-Galar, M|62/100 brn|[from] U-turn
|
|-heal|p1a: Slowking|68/100 brn|[from] item: Black Sludge
|-damage|p1a: Slowking|62/100 brn|[from] brn
|upkeep
|turn|24
|
|t:|1758991347
|move|p2a: Moltres|Flamethrower|p1a: Slowking
|-damage|p1a: Slowking|42/100 brn
|move|p1a: Slowking|Future Sight|p2a: Moltres
|-start|p1a: Slowking|move: Future Sight
|
|-heal|p1a: Slowking|48/100 brn|[from] item: Black Sludge
|-damage|p1a: Slowking|42/100 brn|[from] brn
|upkeep
|turn|25
|
|t:|1758991353
|move|p2a: Moltres|Flamethrower|p1a: Slowking
|-damage|p1a: Slowking|18/100 brn
|-prepare|p1a: Slowking|Chilly Reception|[premajor]
|move|p1a: Slowking|Chilly Reception|p1a: Slowking
|-weather|Snowscape
|
|t:|1758991360
|switch|p1a: Kyurem|Kyurem|22/100|[from] Chilly Reception
|-ability|p1a: Kyurem|Pressure
|
|-weather|Snowscape|[upkeep]
|upkeep
|turn|26
|
|t:|1758991368
|move|p1a: Kyurem|Draco Meteor|p2a: Moltres
|-damage|p2a: Moltres|0 fnt
|-unboost|p1a: Kyurem|spa|2
|faint|p2a: Moltres
|
|-weather|Snowscape|[upkeep]
|-hint|Future Sight did not hit because the target is fainted.
|upkeep
|
|t:|1758991372
|switch|p2a: Ogerpon|Ogerpon-Wellspring-Tera, F, tera:Water|100/100
|-ability|p2a: Ogerpon|Embody Aspect (Wellspring)|boost
|-boost|p2a: Ogerpon|spd|1
|turn|27
|
|t:|1758991378
|switch|p1a: Cinderace|Cinderace, F|45/100 brn
|move|p2a: Ogerpon|Power Whip|p1a: Cinderace
|-resisted|p1a: Cinderace
|-damage|p1a: Cinderace|0 fnt
|faint|p1a: Cinderace
|
|-weather|Snowscape|[upkeep]
|upkeep
|
|t:|1758991388
|switch|p1a: Corviknight|Corviknight, F|55/100
|-ability|p1a: Corviknight|Pressure
|turn|28
|
|t:|1758991394
|switch|p2a: Great Tusk|Great Tusk|100/100
|move|p1a: Corviknight|Roost|p1a: Corviknight
|-heal|p1a: Corviknight|100/100
|-singleturn|p1a: Corviknight|move: Roost
|
|-weather|Snowscape|[upkeep]
|upkeep
|turn|29
|
|t:|1758991402
|move|p2a: Great Tusk|Stealth Rock|p1a: Corviknight
|-sidestart|p1: Juniper xx|move: Stealth Rock
|move|p1a: Corviknight|Iron Defense|p1a: Corviknight
|-boost|p1a: Corviknight|def|2
|
|-weather|none
|upkeep
|turn|30
|
|t:|1758991423
|move|p2a: Great Tusk|Stealth Rock||[still]
|-fail|p2a: Great Tusk
|move|p1a: Corviknight|Body Press|p2a: Great Tusk
|-damage|p2a: Great Tusk|64/100
|-damage|p1a: Corviknight|84/100|[from] item: Rocky Helmet|[of] p2a: Great Tusk
|
|upkeep
|turn|31
|inactive|Juniper xx has 120 seconds left.
|
|t:|1758991448
|-end|p2a: Great Tusk|Protosynthesis|[silent]
|switch|p2a: Ogerpon|Ogerpon-Wellspring-Tera, F, tera:Water|100/100
|-ability|p2a: Ogerpon|Embody Aspect (Wellspring)|boost
|-boost|p2a: Ogerpon|spd|1
|move|p1a: Corviknight|Iron Defense|p1a: Corviknight
|-boost|p1a: Corviknight|def|2
|
|upkeep
|turn|32
|
|t:|1758991454
|move|p2a: Ogerpon|Ivy Cudgel|p1a: Corviknight|[anim] Ivy Cudgel Water
|-damage|p1a: Corviknight|66/100
|move|p1a: Corviknight|Body Press|p2a: Ogerpon
|-damage|p2a: Ogerpon|1/100
|
|upkeep
|turn|33
|
|t:|1758991461
|move|p2a: Ogerpon|Ivy Cudgel|p1a: Corviknight|[anim] Ivy Cudgel Water
|-damage|p1a: Corviknight|50/100
|move|p1a: Corviknight|Body Press|p2a: Ogerpon
|-damage|p2a: Ogerpon|0 fnt
|faint|p2a: Ogerpon
|detailschange|p2: Ogerpon|Ogerpon-Wellspring, F|[silent]
|
|upkeep
|
|t:|1758991468
|switch|p2a: Great Tusk|Great Tusk|64/100
|turn|34
|
|t:|1758991472
|move|p2a: Great Tusk|Stealth Rock||[still]
|-fail|p2a: Great Tusk
|move|p1a: Corviknight|Roost|p1a: Corviknight
|-heal|p1a: Corviknight|100/100
|-singleturn|p1a: Corviknight|move: Roost
|
|upkeep
|turn|35
|
|t:|1758991478
|move|p2a: Great Tusk|Stealth Rock||[still]
|-fail|p2a: Great Tusk
|move|p1a: Corviknight|Body Press|p2a: Great Tusk
|-damage|p2a: Great Tusk|4/100
|-damage|p1a: Corviknight|84/100|[from] item: Rocky Helmet|[of] p2a: Great Tusk
|
|upkeep
|turn|36
|
|t:|1758991484
|move|p2a: Great Tusk|Stealth Rock||[still]
|-fail|p2a: Great Tusk
|move|p1a: Corviknight|Body Press|p2a: Great Tusk
|-damage|p2a: Great Tusk|0 fnt
|-damage|p1a: Corviknight|67/100|[from] item: Rocky Helmet|[of] p2a: Great Tusk
|faint|p2a: Great Tusk
|-end|p2a: Great Tusk|Protosynthesis|[silent]
|
|win|Juniper xx
|raw|Juniper xx's rating: 1665 &rarr; <strong>1689</strong><br />(+24 for winning)
|raw|lerendezvous's rating: 1734 &rarr; <strong>1710</strong><br />(-24 for losing)
