|j|☆Palm X
|j|☆jxrx
|t:|1759003465
|gametype|singles
|player|p1|Palm X|caitlin|1536
|player|p2|jxrx|norman|1596
|gen|9
|tier|[Gen 9] OU
|rated|
|rule|HP Percentage Mod: HP is shown in percentages
|rule|Endless Battle Clause: Forcing endless battles is banned
|rule|Species Clause: Limit one of each Pokémon
|rule|OHKO Clause: OHKO moves are banned
|rule|Evasion Items Clause: Evasion items are banned
|rule|Evasion Moves Clause: Evasion moves are banned
|rule|Evasion Abilities Clause: Evasion abilities are banned
|rule|Sleep Moves Clause: Sleep-inducing moves are banned
|clearpoke
|poke|p1|Dragapult, F|
|poke|p1|Raging Bolt|
|poke|p1|Ting-Lu|
|poke|p1|Slowking-Galar, M|
|poke|p1|Cinderace, F|
|poke|p1|Great Tusk|
|poke|p2|Garganacl, F|
|poke|p2|Hoopa-Unbound|
|poke|p2|Dragapult, M|
|poke|p2|Vileplume, M|
|poke|p2|Scizor, M|
|poke|p2|Zoroark-Hisui, M|
|teampreview
|inactive|Battle timer is ON: inactive players will automatically lose when time's up. (requested by Palm X)
|inactive|jxrx has 120 seconds left.
|inactive|jxrx has 90 seconds left.
|
|t:|1759003535
|teamsize|p1|6
|teamsize|p2|6
|start
|switch|p1a: Dragoonette|Dragapult, F, shiny|100/100
|switch|p2a: Garganacl|Garganacl, F|100/100
|turn|1
|
|t:|1759003540
|switch|p2a: Vileplume|Vileplume, M|100/100
|move|p1a: Dragoonette|U-turn|p2a: Vileplume
|-damage|p2a: Vileplume|72/100
|-damage|p1a: Dragoonette|84/100|[from] item: Rocky Helmet|[of] p2a: Vileplume
|
|t:|1759003548
|switch|p1a: Drank Man Please|Slowking-Galar, M|100/100|[from] U-turn
|
|upkeep
|turn|2
|
|t:|1759003569
|switch|p2a: Hoopa|Hoopa-Unbound|100/100
|move|p1a: Drank Man Please|Future Sight|p2a: Hoopa
|-start|p1a: Drank Man Please|move: Future Sight
|
|upkeep
|turn|3
|
|t:|1759003574
|switch|p1a: Lu'sLu's Situation|Ting-Lu|100/100
|-ability|p1a: Lu'sLu's Situation|Vessel of Ruin
|move|p2a: Hoopa|Knock Off|p1a: Lu'sLu's Situation
|-resisted|p1a: Lu'sLu's Situation
|-damage|p1a: Lu'sLu's Situation|88/100
|-enditem|p1a: Lu'sLu's Situation|Leftovers|[from] move: Knock Off|[of] p2a: Hoopa
|
|upkeep
|turn|4
|
|t:|1759003579
|move|p2a: Hoopa|Drain Punch|p1a: Lu'sLu's Situation
|-supereffective|p1a: Lu'sLu's Situation
|-damage|p1a: Lu'sLu's Situation|58/100
|move|p1a: Lu'sLu's Situation|Whirlwind|p2a: Hoopa
|drag|p2a: Garganacl|Garganacl, F|100/100
|
|-end|p2a: Garganacl|move: Future Sight
|-damage|p2a: Garganacl|28/100
|replace|p2a: Zoroark|Zoroark-Hisui, M
|-end|p2a: Zoroark|Illusion
|upkeep
|turn|5
|
|t:|1759003587
|move|p2a: Zoroark|Trick|p1a: Lu'sLu's Situation
|-activate|p2a: Zoroark|move: Trick|[of] p1a: Lu'sLu's Situation
|-item|p1a: Lu'sLu's Situation|Choice Specs|[from] move: Trick
|-enditem|p2a: Zoroark|Choice Specs|[silent]|[from] move: Trick
|move|p1a: Lu'sLu's Situation|Stealth Rock|p2a: Zoroark
|-sidestart|p2: jxrx|move: Stealth Rock
|
|upkeep
|turn|6
|
|t:|1759003593
|switch|p1a: Percules|Cinderace, F|100/100
|move|p2a: Zoroark|Icy Wind|p1a: Percules
|-resisted|p1a: Percules
|-damage|p1a: Percules|88/100
|-unboost|p1a: Percules|spe|1
|
|upkeep
|turn|7
|
|t:|1759003598
|move|p2a: Zoroark|Hyper Voice|p1a: Percules
|-damage|p1a: Percules|28/100
|move|p1a: Percules|U-turn|p2a: Zoroark
|-start|p1a: Percules|typechange|Bug|[from] ability: Libero
|-resisted|p2a: Zoroark
|-damage|p2a: Zoroark|0 fnt
|faint|p2a: Zoroark
|
|t:|1759003602
|switch|p1a: Dragoonette|Dragapult, F, shiny|84/100|[from] U-turn
|
|upkeep
|
|t:|1759003606
|switch|p2a: Garganacl|Garganacl, F|100/100
|-damage|p2a: Garganacl|88/100|[from] Stealth Rock
|turn|8
|
|t:|1759003611
|move|p2a: Garganacl|Protect|p2a: Garganacl
|-singleturn|p2a: Garganacl|Protect
|move|p1a: Dragoonette|Dragon Darts|p2a: Garganacl
|-activate|p2a: Garganacl|move: Protect
|
|-heal|p2a: Garganacl|94/100|[from] item: Leftovers
|upkeep
|turn|9
|
|t:|1759003614
|switch|p1a: Drank Man Please|Slowking-Galar, M|100/100
|move|p2a: Garganacl|Salt Cure|p1a: Drank Man Please
|-damage|p1a: Drank Man Please|85/100
|-start|p1a: Drank Man Please|Salt Cure
|
|-heal|p2a: Garganacl|100/100|[from] item: Leftovers
|-damage|p1a: Drank Man Please|73/100|[from] Salt Cure
|upkeep
|turn|10
|
|t:|1759003617
|move|p2a: Garganacl|Stealth Rock|p1a: Drank Man Please
|-sidestart|p1: Palm X|move: Stealth Rock
|move|p1a: Drank Man Please|Future Sight|p2a: Garganacl
|-start|p1a: Drank Man Please|move: Future Sight
|
|-damage|p1a: Drank Man Please|60/100|[from] Salt Cure
|upkeep
|turn|11
|
|t:|1759003620
|switch|p2a: Hoopa|Hoopa-Unbound|100/100
|-damage|p2a: Hoopa|88/100|[from] Stealth Rock
|-prepare|p1a: Drank Man Please|Chilly Reception|[premajor]
|move|p1a: Drank Man Please|Chilly Reception|p1a: Drank Man Please
|-weather|Snowscape
|
|t:|1759003626
|switch|p1a: Dragoonette|Dragapult, F, shiny|84/100|[from] Chilly Reception
|-damage|p1a: Dragoonette|72/100|[from] Stealth Rock
|
|-weather|Snowscape|[upkeep]
|upkeep
|turn|12
|
|t:|1759003639
|move|p1a: Dragoonette|U-turn|p2a: Hoopa
|-supereffective|p2a: Hoopa
|-damage|p2a: Hoopa|0 fnt
|faint|p2a: Hoopa
|
|t:|1759003653
|switch|p1a: Lu'sLu's Situation|Ting-Lu|58/100|[from] U-turn
|-damage|p1a: Lu'sLu's Situation|52/100|[from] Stealth Rock
|-ability|p1a: Lu'sLu's Situation|Vessel of Ruin
|
|-weather|Snowscape|[upkeep]
|-hint|Future Sight did not hit because the target is fainted.
|upkeep
|
|t:|1759003663
|switch|p2a: Scizor|Scizor, M|100/100
|-damage|p2a: Scizor|88/100|[from] Stealth Rock
|turn|13
|
|t:|1759003669
|move|p2a: Scizor|U-turn|p1a: Lu'sLu's Situation
|-supereffective|p1a: Lu'sLu's Situation
|-damage|p1a: Lu'sLu's Situation|0 fnt
|faint|p1a: Lu'sLu's Situation
|
|t:|1759003674
|switch|p2a: Vileplume|Vileplume, M|72/100|[from] U-turn
|-damage|p2a: Vileplume|60/100|[from] Stealth Rock
|
|-weather|Snowscape|[upkeep]
|upkeep
|
|t:|1759003677
|switch|p1a: Percules|Cinderace, F|28/100
|turn|14
|
|t:|1759003678
|move|p1a: Percules|Pyro Ball|p2a: Vileplume
|-supereffective|p2a: Vileplume
|-damage|p2a: Vileplume|0 fnt
|faint|p2a: Vileplume
|
|-weather|Snowscape|[upkeep]
|upkeep
|
|t:|1759003682
|switch|p2a: Dragapult|Dragapult, M|100/100
|-damage|p2a: Dragapult|88/100|[from] Stealth Rock
|turn|15
|
|t:|1759003687
|move|p2a: Dragapult|Substitute|p2a: Dragapult
|-start|p2a: Dragapult|Substitute
|-damage|p2a: Dragapult|63/100
|move|p1a: Percules|U-turn|p2a: Dragapult
|-start|p1a: Percules|typechange|Bug|[from] ability: Libero
|-resisted|p2a: Dragapult
|-activate|p2a: Dragapult|move: Substitute|[damage]
|
|t:|1759003696
|switch|p1a: Dragoonette|Dragapult, F, shiny|72/100|[from] U-turn
|-damage|p1a: Dragoonette|59/100|[from] Stealth Rock
|
|-weather|none
|-heal|p2a: Dragapult|69/100|[from] item: Leftovers
|upkeep
|turn|16
|inactive|jxrx has 120 seconds left.
|
|t:|1759003741
|move|p1a: Dragoonette|Sucker Punch|p2a: Dragapult
|-supereffective|p2a: Dragapult
|-damage|p2a: Dragapult|0 fnt
|faint|p2a: Dragapult
|
|upkeep
|
|t:|1759003745
|switch|p2a: Scizor|Scizor, M|88/100
|-damage|p2a: Scizor|76/100|[from] Stealth Rock
|turn|17
|inactive|jxrx has 120 seconds left.
|
|t:|1759003752
|switch|p1a: Percules|Cinderace, F|28/100
|-terastallize|p2a: Scizor|Steel
|move|p2a: Scizor|Bullet Punch|p1a: Percules
|-resisted|p1a: Percules
|-damage|p1a: Percules|0 fnt
|faint|p1a: Percules
|
|upkeep
|
|t:|1759003754
|switch|p1a: SlimeGetEm'|Great Tusk|100/100
|-damage|p1a: SlimeGetEm'|98/100|[from] Stealth Rock
|turn|18
|
|t:|1759003758
|switch|p2a: Garganacl|Garganacl, F|100/100
|-damage|p2a: Garganacl|88/100|[from] Stealth Rock
|move|p1a: SlimeGetEm'|Knock Off|p2a: Garganacl
|-damage|p2a: Garganacl|69/100
|-enditem|p2a: Garganacl|Leftovers|[from] move: Knock Off|[of] p1a: SlimeGetEm'
|
|-heal|p1a: SlimeGetEm'|100/100|[from] item: Leftovers
|upkeep
|turn|19
|
|t:|1759003762
|move|p1a: SlimeGetEm'|Rapid Spin|p2a: Garganacl
|-resisted|p2a: Garganacl
|-damage|p2a: Garganacl|64/100
|-boost|p1a: SlimeGetEm'|spe|1
|-sideend|p1: Palm X|Stealth Rock|[from] move: Rapid Spin|[of] p1a: SlimeGetEm'
|move|p2a: Garganacl|Salt Cure|p1a: SlimeGetEm'
|-resisted|p1a: SlimeGetEm'
|-damage|p1a: SlimeGetEm'|99/100
|-start|p1a: SlimeGetEm'|Salt Cure
|
|-heal|p1a: SlimeGetEm'|100/100|[from] item: Leftovers
|-damage|p1a: SlimeGetEm'|88/100|[from] Salt Cure
|upkeep
|turn|20
|
|t:|1759003765
|move|p2a: Garganacl|Protect|p2a: Garganacl
|-singleturn|p2a: Garganacl|Protect
|move|p1a: SlimeGetEm'|Headlong Rush|p2a: Garganacl
|-activate|p2a: Garganacl|move: Protect
|
|-heal|p1a: SlimeGetEm'|94/100|[from] item: Leftovers
|-damage|p1a: SlimeGetEm'|82/100|[from] Salt Cure
|upkeep
|turn|21
|
|t:|1759003770
|move|p1a: SlimeGetEm'|Headlong Rush|p2a: Garganacl
|-supereffective|p2a: Garganacl
|-damage|p2a: Garganacl|0 fnt
|-unboost|p1a: SlimeGetEm'|def|1
|-unboost|p1a: SlimeGetEm'|spd|1
|faint|p2a: Garganacl
|
|-heal|p1a: SlimeGetEm'|88/100|[from] item: Leftovers
|-damage|p1a: SlimeGetEm'|76/100|[from] Salt Cure
|upkeep
|
|t:|1759003773
|switch|p2a: Scizor|Scizor, M, tera:Steel|76/100
|-damage|p2a: Scizor|70/100|[from] Stealth Rock
|turn|22
|
|t:|1759003776
|move|p2a: Scizor|Bullet Punch|p1a: SlimeGetEm'
|-damage|p1a: SlimeGetEm'|22/100
|move|p1a: SlimeGetEm'|Headlong Rush|p2a: Scizor
|-supereffective|p2a: Scizor
|-damage|p2a: Scizor|0 fnt
|-unboost|p1a: SlimeGetEm'|def|1
|-unboost|p1a: SlimeGetEm'|spd|1
|faint|p2a: Scizor
|
|win|Palm X
|raw|Palm X's rating: 1536 &rarr; <strong>1559</strong><br />(+23 for winning)
|raw|jxrx's rating: 1596 &rarr; <strong>1573</strong><br />(-23 for losing)
|l|☆jxrx
|player|p2|
|l|☆Palm X
|player|p1|
