|j|☆Gible808
|j|☆lerendezvous
|t:|1758920111
|gametype|singles
|player|p1|Gible808|2|1575
|player|p2|lerendezvous|101|1686
|gen|9
|tier|[Gen 9] OU
|rated|
|rule|HP Percentage Mod: HP is shown in percentages
|rule|Endless Battle Clause: Forcing endless battles is banned
|rule|Species Clause: Limit one of each Pokémon
|rule|OHKO Clause: OHKO moves are banned
|rule|Evasion Items Clause: Evasion items are banned
|rule|Evasion Moves Clause: Evasion moves are banned
|rule|Evasion Abilities Clause: Evasion abilities are banned
|rule|Sleep Moves Clause: Sleep-inducing moves are banned
|clearpoke
|poke|p1|Cinderace, M|
|poke|p1|Tinkaton, F|
|poke|p1|Great Tusk|
|poke|p1|Dragapult, F|
|poke|p1|Muk-Alola, F|
|poke|p1|Alomomola, F|
|poke|p2|Ogerpon-Wellspring, F|
|poke|p2|Slowking-Galar, M|
|poke|p2|Great Tusk|
|poke|p2|Moltres|
|poke|p2|Dragapult, M|
|poke|p2|Kingambit, M|
|teampreview
|
|t:|1758920120
|teamsize|p1|6
|teamsize|p2|6
|start
|switch|p1a: Tinkaton|Tinkaton, F|100/100
|switch|p2a: Kingambit|Kingambit, M|100/100
|-item|p1a: Tinkaton|Air Balloon
|turn|1
|inactive|Battle timer is ON: inactive players will automatically lose when time's up. (requested by lerendezvous)
|
|t:|1758920126
|move|p1a: Tinkaton|Stealth Rock|p2a: Kingambit
|-sidestart|p2: lerendezvous|move: Stealth Rock
|move|p2a: Kingambit|Iron Head|p1a: Tinkaton
|-damage|p1a: Tinkaton|46/100
|-enditem|p1a: Tinkaton|Air Balloon
|-enditem|p2a: Kingambit|Leftovers|[silent]|[from] ability: Pickpocket|[of] p2a: Kingambit
|-item|p1a: Tinkaton|Leftovers|[from] ability: Pickpocket|[of] p2a: Kingambit
|
|-heal|p1a: Tinkaton|52/100|[from] item: Leftovers
|upkeep
|turn|2
|
|t:|1758920137
|switch|p1a: Alomomola|Alomomola, F|100/100
|move|p2a: Kingambit|Iron Head|p1a: Alomomola
|-resisted|p1a: Alomomola
|-damage|p1a: Alomomola|88/100
|-damage|p2a: Kingambit|84/100|[from] item: Rocky Helmet|[of] p1a: Alomomola
|
|upkeep
|turn|3
|
|t:|1758920149
|move|p2a: Kingambit|Swords Dance|p2a: Kingambit
|-boost|p2a: Kingambit|atk|2
|move|p1a: Alomomola|Body Slam|p2a: Kingambit
|-resisted|p2a: Kingambit
|-damage|p2a: Kingambit|78/100
|
|upkeep
|turn|4
|
|t:|1758920158
|-end|p2a: Kingambit|fallenundefined|[silent]
|switch|p2a: Ogerpon|Ogerpon-Wellspring, F|100/100
|-damage|p2a: Ogerpon|88/100|[from] Stealth Rock
|move|p1a: Alomomola|Flip Turn|p2a: Ogerpon
|-heal|p2a: Ogerpon|100/100|[from] ability: Water Absorb|[of] p1a: Alomomola
|
|upkeep
|turn|5
|
|t:|1758920163
|move|p2a: Ogerpon|Power Whip|p1a: Alomomola
|-supereffective|p1a: Alomomola
|-damage|p1a: Alomomola|19/100
|-damage|p2a: Ogerpon|84/100|[from] item: Rocky Helmet|[of] p1a: Alomomola
|move|p1a: Alomomola|Body Slam|p2a: Ogerpon
|-damage|p2a: Ogerpon|62/100
|
|upkeep
|turn|6
|
|t:|1758920173
|switch|p1a: Dragapult|Dragapult, F|100/100
|move|p2a: Ogerpon|Knock Off|p1a: Dragapult
|-supereffective|p1a: Dragapult
|-damage|p1a: Dragapult|0 fnt
|-enditem|p1a: Dragapult|Choice Specs|[from] move: Knock Off|[of] p2a: Ogerpon
|faint|p1a: Dragapult
|
|upkeep
|
|t:|1758920178
|switch|p1a: Cinderace|Cinderace, M|100/100
|turn|7
|
|t:|1758920184
|switch|p1a: Alomomola|Alomomola, F|52/100
|switch|p2a: Moltres|Moltres|100/100
|
|upkeep
|turn|8
|
|t:|1758920192
|move|p2a: Moltres|Flamethrower|p1a: Alomomola
|-resisted|p1a: Alomomola
|-damage|p1a: Alomomola|30/100
|move|p1a: Alomomola|Wish|p1a: Alomomola
|
|upkeep
|turn|9
|
|t:|1758920198
|switch|p2a: Great Tusk|Great Tusk|100/100
|-damage|p2a: Great Tusk|98/100|[from] Stealth Rock
|move|p1a: Alomomola|Body Slam|p2a: Great Tusk
|-damage|p2a: Great Tusk|86/100
|-damage|p1a: Alomomola|13/100|[from] item: Rocky Helmet|[of] p2a: Great Tusk
|
|-heal|p1a: Alomomola|63/100|[from] move: Wish|[wisher] Alomomola
|upkeep
|turn|10
|
|t:|1758920205
|move|p2a: Great Tusk|Rapid Spin|p1a: Alomomola
|-damage|p1a: Alomomola|54/100
|-boost|p2a: Great Tusk|spe|1
|-damage|p2a: Great Tusk|70/100|[from] item: Rocky Helmet|[of] p1a: Alomomola
|-sideend|p2: lerendezvous|Stealth Rock|[from] move: Rapid Spin|[of] p2a: Great Tusk
|move|p1a: Alomomola|Wish|p1a: Alomomola
|
|upkeep
|turn|11
|
|t:|1758920211
|move|p2a: Great Tusk|Stealth Rock|p1a: Alomomola
|-sidestart|p1: Gible808|move: Stealth Rock
|move|p1a: Alomomola|Body Slam|p2a: Great Tusk
|-damage|p2a: Great Tusk|57/100
|-status|p2a: Great Tusk|par
|-damage|p1a: Alomomola|37/100|[from] item: Rocky Helmet|[of] p2a: Great Tusk
|
|-heal|p1a: Alomomola|87/100|[from] move: Wish|[wisher] Alomomola
|upkeep
|turn|12
|
|t:|1758920217
|-end|p2a: Great Tusk|Protosynthesis|[silent]
|switch|p2a: Ogerpon|Ogerpon-Wellspring, F|62/100
|move|p1a: Alomomola|Wish|p1a: Alomomola
|
|upkeep
|turn|13
|
|t:|1758920223
|move|p2a: Ogerpon|Power Whip|p1a: Alomomola|[miss]
|-miss|p2a: Ogerpon|p1a: Alomomola
|move|p1a: Alomomola|Tickle|p2a: Ogerpon
|-unboost|p2a: Ogerpon|atk|1
|-unboost|p2a: Ogerpon|def|1
|
|-heal|p1a: Alomomola|100/100|[from] move: Wish|[wisher] Alomomola
|upkeep
|turn|14
|
|t:|1758920229
|switch|p2a: Slowking|Slowking-Galar, M|100/100
|move|p1a: Alomomola|Flip Turn|p2a: Slowking
|-damage|p2a: Slowking|85/100
|
|t:|1758920240
|switch|p1a: Muk|Muk-Alola, F|100/100|[from] Flip Turn
|-damage|p1a: Muk|88/100|[from] Stealth Rock
|
|upkeep
|turn|15
|
|t:|1758920245
|switch|p2a: Great Tusk|Great Tusk|57/100 par
|move|p1a: Muk|Knock Off|p2a: Great Tusk
|-resisted|p2a: Great Tusk
|-damage|p2a: Great Tusk|42/100 par
|-damage|p1a: Muk|71/100|[from] item: Rocky Helmet|[of] p2a: Great Tusk
|-enditem|p2a: Great Tusk|Rocky Helmet|[from] move: Knock Off|[of] p1a: Muk
|
|upkeep
|turn|16
|
|t:|1758920257
|switch|p1a: Alomomola|Alomomola, F|100/100
|-damage|p1a: Alomomola|88/100|[from] Stealth Rock
|move|p2a: Great Tusk|Headlong Rush|p1a: Alomomola
|-damage|p1a: Alomomola|55/100
|-unboost|p2a: Great Tusk|def|1
|-unboost|p2a: Great Tusk|spd|1
|-damage|p2a: Great Tusk|26/100 par|[from] item: Rocky Helmet|[of] p1a: Alomomola
|
|upkeep
|turn|17
|
|t:|1758920264
|cant|p2a: Great Tusk|par
|move|p1a: Alomomola|Wish|p1a: Alomomola
|
|upkeep
|turn|18
|
|t:|1758920270
|move|p2a: Great Tusk|Headlong Rush|p1a: Alomomola
|-damage|p1a: Alomomola|21/100
|-unboost|p2a: Great Tusk|def|1
|-unboost|p2a: Great Tusk|spd|1
|-damage|p2a: Great Tusk|9/100 par|[from] item: Rocky Helmet|[of] p1a: Alomomola
|move|p1a: Alomomola|Tickle|p2a: Great Tusk
|-unboost|p2a: Great Tusk|atk|1
|-unboost|p2a: Great Tusk|def|1
|
|-heal|p1a: Alomomola|71/100|[from] move: Wish|[wisher] Alomomola
|upkeep
|turn|19
|
|t:|1758920276
|move|p2a: Great Tusk|Headlong Rush|p1a: Alomomola
|-damage|p1a: Alomomola|48/100
|-unboost|p2a: Great Tusk|def|1
|-unboost|p2a: Great Tusk|spd|1
|-damage|p2a: Great Tusk|0 fnt|[from] item: Rocky Helmet|[of] p1a: Alomomola
|faint|p2a: Great Tusk
|-end|p2a: Great Tusk|Protosynthesis|[silent]
|move|p1a: Alomomola|Wish|p1a: Alomomola
|
|upkeep
|
|t:|1758920283
|switch|p2a: Ogerpon|Ogerpon-Wellspring, F|62/100
|turn|20
|
|t:|1758920288
|switch|p1a: Cinderace|Cinderace, M|100/100
|move|p2a: Ogerpon|Power Whip|p1a: Cinderace
|-resisted|p1a: Cinderace
|-damage|p1a: Cinderace|46/100
|
|-heal|p1a: Cinderace|100/100|[from] move: Wish|[wisher] Alomomola
|upkeep
|turn|21
|
|t:|1758920298
|switch|p2a: Moltres|Moltres|100/100
|move|p1a: Cinderace|U-turn|p2a: Moltres
|-start|p1a: Cinderace|typechange|Bug|[from] ability: Libero
|-resisted|p2a: Moltres
|-damage|p2a: Moltres|94/100
|-status|p1a: Cinderace|brn|[from] ability: Flame Body|[of] p2a: Moltres
|
|t:|1758920306
|switch|p1a: Alomomola|Alomomola, F|81/100|[from] U-turn
|-damage|p1a: Alomomola|69/100|[from] Stealth Rock
|
|upkeep
|turn|22
|
|t:|1758920312
|move|p1a: Alomomola|Body Slam|p2a: Moltres
|-damage|p2a: Moltres|83/100
|-status|p2a: Moltres|par
|move|p2a: Moltres|Roar|p1a: Alomomola
|drag|p1a: Tinkaton|Tinkaton, F|52/100
|-damage|p1a: Tinkaton|46/100|[from] Stealth Rock
|
|-heal|p1a: Tinkaton|52/100|[from] item: Leftovers
|upkeep
|turn|23
|
|t:|1758920319
|move|p1a: Tinkaton|Stealth Rock|p2a: Moltres
|-sidestart|p2: lerendezvous|move: Stealth Rock
|move|p2a: Moltres|Roar|p1a: Tinkaton
|drag|p1a: Cinderace|Cinderace, M|100/100 brn
|
|-damage|p1a: Cinderace|95/100 brn|[from] brn
|upkeep
|turn|24
|
|t:|1758920324
|move|p1a: Cinderace|Pyro Ball|p2a: Moltres
|-resisted|p2a: Moltres
|-damage|p2a: Moltres|73/100 par
|move|p2a: Moltres|Flamethrower|p1a: Cinderace
|-resisted|p1a: Cinderace
|-damage|p1a: Cinderace|67/100 brn
|
|-damage|p1a: Cinderace|61/100 brn|[from] brn
|upkeep
|turn|25
|
|t:|1758920334
|move|p1a: Cinderace|U-turn|p2a: Moltres
|-start|p1a: Cinderace|typechange|Bug|[from] ability: Libero
|-resisted|p2a: Moltres
|-damage|p2a: Moltres|70/100 par
|
|t:|1758920338
|switch|p1a: Alomomola|Alomomola, F|100/100|[from] U-turn
|-damage|p1a: Alomomola|88/100|[from] Stealth Rock
|cant|p2a: Moltres|par
|
|upkeep
|turn|26
|
|t:|1758920343
|move|p1a: Alomomola|Wish|p1a: Alomomola
|move|p2a: Moltres|Roost|p2a: Moltres
|-heal|p2a: Moltres|100/100 par
|-singleturn|p2a: Moltres|move: Roost
|
|upkeep
|turn|27
|
|t:|1758920349
|move|p1a: Alomomola|Flip Turn|p2a: Moltres
|-supereffective|p2a: Moltres
|-damage|p2a: Moltres|77/100 par
|-status|p1a: Alomomola|brn|[from] ability: Flame Body|[of] p2a: Moltres
|
|t:|1758920352
|switch|p1a: Cinderace|Cinderace, M|61/100 brn|[from] Flip Turn
|move|p2a: Moltres|Flamethrower|p1a: Cinderace
|-resisted|p1a: Cinderace
|-damage|p1a: Cinderace|33/100 brn
|
|-heal|p1a: Cinderace|100/100 brn|[from] move: Wish|[wisher] Alomomola
|-damage|p1a: Cinderace|95/100 brn|[from] brn
|upkeep
|turn|28
|
|t:|1758920359
|move|p1a: Cinderace|Pyro Ball|p2a: Moltres
|-resisted|p2a: Moltres
|-damage|p2a: Moltres|67/100 par
|cant|p2a: Moltres|par
|
|-damage|p1a: Cinderace|89/100 brn|[from] brn
|upkeep
|turn|29
|
|t:|1758920367
|move|p1a: Cinderace|U-turn|p2a: Moltres
|-start|p1a: Cinderace|typechange|Bug|[from] ability: Libero
|-resisted|p2a: Moltres
|-damage|p2a: Moltres|64/100 par
|
|t:|1758920370
|switch|p1a: Muk|Muk-Alola, F|71/100|[from] U-turn
|-damage|p1a: Muk|59/100|[from] Stealth Rock
|cant|p2a: Moltres|par
|
|upkeep
|turn|30
|
|t:|1758920376
|move|p1a: Muk|Knock Off|p2a: Moltres
|-damage|p2a: Moltres|37/100 par
|-enditem|p2a: Moltres|Heavy-Duty Boots|[from] move: Knock Off|[of] p1a: Muk
|move|p2a: Moltres|Roost|p2a: Moltres
|-heal|p2a: Moltres|87/100 par
|-singleturn|p2a: Moltres|move: Roost
|
|upkeep
|turn|31
|
|t:|1758920388
|switch|p1a: Alomomola|Alomomola, F|100/100 brn
|-damage|p1a: Alomomola|88/100 brn|[from] Stealth Rock
|move|p2a: Moltres|Roost|p2a: Moltres
|-heal|p2a: Moltres|100/100 par
|-singleturn|p2a: Moltres|move: Roost
|
|-damage|p1a: Alomomola|82/100 brn|[from] brn
|upkeep
|turn|32
|
|t:|1758920394
|move|p1a: Alomomola|Wish|p1a: Alomomola
|move|p2a: Moltres|Flamethrower|p1a: Alomomola
|-resisted|p1a: Alomomola
|-damage|p1a: Alomomola|61/100 brn
|
|-damage|p1a: Alomomola|55/100 brn|[from] brn
|upkeep
|turn|33
|
|t:|1758920401
|move|p1a: Alomomola|Flip Turn|p2a: Moltres
|-supereffective|p2a: Moltres
|-damage|p2a: Moltres|90/100 par
|
|t:|1758920403
|switch|p1a: Muk|Muk-Alola, F|59/100|[from] Flip Turn
|-damage|p1a: Muk|46/100|[from] Stealth Rock
|cant|p2a: Moltres|par
|
|-heal|p1a: Muk|100/100|[from] move: Wish|[wisher] Alomomola
|upkeep
|turn|34
|
|t:|1758920408
|move|p1a: Muk|Poison Jab|p2a: Moltres
|-damage|p2a: Moltres|63/100 par
|move|p2a: Moltres|Flamethrower|p1a: Muk
|-damage|p1a: Muk|83/100
|-status|p1a: Muk|brn
|
|-damage|p1a: Muk|77/100 brn|[from] brn
|upkeep
|turn|35
|
|t:|1758920420
|move|p1a: Muk|Knock Off|p2a: Moltres
|-damage|p2a: Moltres|54/100 par
|move|p2a: Moltres|Roost|p2a: Moltres
|-heal|p2a: Moltres|100/100 par
|-singleturn|p2a: Moltres|move: Roost
|
|-damage|p1a: Muk|71/100 brn|[from] brn
|upkeep
|turn|36
|
|t:|1758920430
|switch|p1a: Alomomola|Alomomola, F|89/100 brn
|-damage|p1a: Alomomola|76/100 brn|[from] Stealth Rock
|cant|p2a: Moltres|par
|
|-damage|p1a: Alomomola|70/100 brn|[from] brn
|upkeep
|turn|37
|
|t:|1758920435
|move|p1a: Alomomola|Wish|p1a: Alomomola
|cant|p2a: Moltres|par
|
|-damage|p1a: Alomomola|64/100 brn|[from] brn
|upkeep
|turn|38
|
|t:|1758920441
|move|p1a: Alomomola|Flip Turn|p2a: Moltres
|-supereffective|p2a: Moltres
|-damage|p2a: Moltres|88/100 par
|
|t:|1758920445
|switch|p1a: Muk|Muk-Alola, F|71/100 brn|[from] Flip Turn
|-damage|p1a: Muk|58/100 brn|[from] Stealth Rock
|move|p2a: Moltres|Flamethrower|p1a: Muk
|-damage|p1a: Muk|40/100 brn
|
|-heal|p1a: Muk|100/100 brn|[from] move: Wish|[wisher] Alomomola
|-damage|p1a: Muk|94/100 brn|[from] brn
|upkeep
|turn|39
|
|t:|1758920451
|switch|p1a: Cinderace|Cinderace, M|89/100 brn
|move|p2a: Moltres|Roost|p2a: Moltres
|-heal|p2a: Moltres|100/100 par
|-singleturn|p2a: Moltres|move: Roost
|
|-damage|p1a: Cinderace|83/100 brn|[from] brn
|upkeep
|turn|40
|
|t:|1758920457
|move|p1a: Cinderace|U-turn|p2a: Moltres
|-start|p1a: Cinderace|typechange|Bug|[from] ability: Libero
|-resisted|p2a: Moltres
|-damage|p2a: Moltres|98/100 par
|
|t:|1758920460
|switch|p1a: Alomomola|Alomomola, F|97/100 brn|[from] U-turn
|-damage|p1a: Alomomola|85/100 brn|[from] Stealth Rock
|move|p2a: Moltres|Flamethrower|p1a: Alomomola
|-resisted|p1a: Alomomola
|-damage|p1a: Alomomola|63/100 brn
|
|-damage|p1a: Alomomola|57/100 brn|[from] brn
|upkeep
|turn|41
|
|t:|1758920467
|move|p1a: Alomomola|Flip Turn|p2a: Moltres
|-supereffective|p2a: Moltres
|-damage|p2a: Moltres|87/100 par
|
|t:|1758920473
|switch|p1a: Cinderace|Cinderace, M|83/100 brn|[from] Flip Turn
|move|p2a: Moltres|Flamethrower|p1a: Cinderace
|-resisted|p1a: Cinderace
|-damage|p1a: Cinderace|58/100 brn
|
|-damage|p1a: Cinderace|52/100 brn|[from] brn
|upkeep
|turn|42
|
|t:|1758920480
|move|p1a: Cinderace|U-turn|p2a: Moltres
|-start|p1a: Cinderace|typechange|Bug|[from] ability: Libero
|-resisted|p2a: Moltres
|-damage|p2a: Moltres|84/100 par
|
|t:|1758920483
|switch|p1a: Alomomola|Alomomola, F|90/100 brn|[from] U-turn
|-damage|p1a: Alomomola|78/100 brn|[from] Stealth Rock
|move|p2a: Moltres|Roost|p2a: Moltres
|-heal|p2a: Moltres|100/100 par
|-singleturn|p2a: Moltres|move: Roost
|
|-damage|p1a: Alomomola|72/100 brn|[from] brn
|upkeep
|turn|43
|
|t:|1758920488
|move|p1a: Alomomola|Flip Turn|p2a: Moltres
|-supereffective|p2a: Moltres
|-crit|p2a: Moltres
|-damage|p2a: Moltres|85/100 par
|
|t:|1758920493
|switch|p1a: Cinderace|Cinderace, M|52/100 brn|[from] Flip Turn
|move|p2a: Moltres|Flamethrower|p1a: Cinderace
|-resisted|p1a: Cinderace
|-crit|p1a: Cinderace
|-damage|p1a: Cinderace|14/100 brn
|
|-damage|p1a: Cinderace|8/100 brn|[from] brn
|upkeep
|turn|44
|
|t:|1758920500
|move|p1a: Cinderace|Pyro Ball|p2a: Moltres
|-resisted|p2a: Moltres
|-damage|p2a: Moltres|74/100 par
|cant|p2a: Moltres|par
|
|-damage|p1a: Cinderace|2/100 brn|[from] brn
|upkeep
|turn|45
|
|t:|1758920507
|move|p1a: Cinderace|Pyro Ball|p2a: Moltres
|-resisted|p2a: Moltres
|-damage|p2a: Moltres|65/100 par
|move|p2a: Moltres|Roost|p2a: Moltres
|-heal|p2a: Moltres|100/100 par
|-singleturn|p2a: Moltres|move: Roost
|
|-damage|p1a: Cinderace|0 fnt|[from] brn
|faint|p1a: Cinderace
|upkeep
|
|t:|1758920510
|switch|p1a: Tinkaton|Tinkaton, F|52/100
|-damage|p1a: Tinkaton|46/100|[from] Stealth Rock
|turn|46
|
|t:|1758920515
|switch|p2a: Ogerpon|Ogerpon-Wellspring, F|62/100
|-damage|p2a: Ogerpon|50/100|[from] Stealth Rock
|move|p1a: Tinkaton|Encore||[still]
|-fail|p1a: Tinkaton
|
|-heal|p1a: Tinkaton|52/100|[from] item: Leftovers
|upkeep
|turn|47
|
|t:|1758920526
|move|p2a: Ogerpon|Ivy Cudgel|p1a: Tinkaton|[anim] Ivy Cudgel Water
|-damage|p1a: Tinkaton|0 fnt
|faint|p1a: Tinkaton
|
|upkeep
|
|t:|1758920528
|switch|p1a: Alomomola|Alomomola, F|100/100 brn
|-damage|p1a: Alomomola|88/100 brn|[from] Stealth Rock
|turn|48
|
|t:|1758920534
|move|p2a: Ogerpon|Power Whip|p1a: Alomomola
|-supereffective|p1a: Alomomola
|-damage|p1a: Alomomola|16/100 brn
|-damage|p2a: Ogerpon|33/100|[from] item: Rocky Helmet|[of] p1a: Alomomola
|move|p1a: Alomomola|Tickle|p2a: Ogerpon
|-unboost|p2a: Ogerpon|atk|1
|-unboost|p2a: Ogerpon|def|1
|
|-damage|p1a: Alomomola|10/100 brn|[from] brn
|upkeep
|turn|49
|
|t:|1758920540
|switch|p2a: Slowking|Slowking-Galar, M|100/100
|-damage|p2a: Slowking|88/100|[from] Stealth Rock
|switch|p1a: Muk|Muk-Alola, F|94/100 brn
|-damage|p1a: Muk|82/100 brn|[from] Stealth Rock
|
|-damage|p1a: Muk|75/100 brn|[from] brn
|upkeep
|turn|50
|
|t:|1758920546
|switch|p2a: Kingambit|Kingambit, M|78/100
|-damage|p2a: Kingambit|72/100|[from] Stealth Rock
|-activate|p2a: Kingambit|ability: Supreme Overlord
|-start|p2a: Kingambit|fallen1|[silent]
|move|p1a: Muk|Knock Off|p2a: Kingambit
|-resisted|p2a: Kingambit
|-damage|p2a: Kingambit|66/100
|
|-damage|p1a: Muk|69/100 brn|[from] brn
|upkeep
|turn|51
|
|t:|1758920551
|-end|p2a: Kingambit|fallen1|[silent]
|switch|p2a: Dragapult|Dragapult, M|100/100
|move|p1a: Muk|Drain Punch|p2a: Dragapult
|-immune|p2a: Dragapult
|
|-damage|p1a: Muk|63/100 brn|[from] brn
|upkeep
|turn|52
|
|t:|1758920557
|move|p2a: Dragapult|U-turn|p1a: Muk
|-damage|p1a: Muk|41/100 brn
|
|t:|1758920563
|switch|p2a: Kingambit|Kingambit, M|66/100|[from] U-turn
|-damage|p2a: Kingambit|60/100|[from] Stealth Rock
|-activate|p2a: Kingambit|ability: Supreme Overlord
|-start|p2a: Kingambit|fallen1|[silent]
|move|p1a: Muk|Knock Off|p2a: Kingambit
|-resisted|p2a: Kingambit
|-damage|p2a: Kingambit|54/100
|
|-damage|p1a: Muk|35/100 brn|[from] brn
|upkeep
|turn|53
|
|t:|1758920569
|-end|p2a: Kingambit|fallen1|[silent]
|switch|p2a: Slowking|Slowking-Galar, M|100/100
|-damage|p2a: Slowking|88/100|[from] Stealth Rock
|move|p1a: Muk|Drain Punch|p2a: Slowking
|-resisted|p2a: Slowking
|-damage|p2a: Slowking|85/100
|-heal|p1a: Muk|36/100 brn|[from] drain|[of] p2a: Slowking
|
|-damage|p1a: Muk|30/100 brn|[from] brn
|upkeep
|turn|54
|
|t:|1758920574
|switch|p2a: Kingambit|Kingambit, M|54/100
|-damage|p2a: Kingambit|48/100|[from] Stealth Rock
|-activate|p2a: Kingambit|ability: Supreme Overlord
|-start|p2a: Kingambit|fallen1|[silent]
|move|p1a: Muk|Knock Off|p2a: Kingambit
|-resisted|p2a: Kingambit
|-damage|p2a: Kingambit|43/100
|
|-damage|p1a: Muk|24/100 brn|[from] brn
|upkeep
|turn|55
|
|t:|1758920584
|-end|p2a: Kingambit|fallen1|[silent]
|switch|p2a: Dragapult|Dragapult, M|100/100
|move|p1a: Muk|Drain Punch|p2a: Dragapult
|-immune|p2a: Dragapult
|
|-damage|p1a: Muk|17/100 brn|[from] brn
|upkeep
|turn|56
|
|t:|1758920590
|move|p2a: Dragapult|U-turn|p1a: Muk
|-damage|p1a: Muk|0 fnt
|faint|p1a: Muk
|
|t:|1758920596
|switch|p2a: Slowking|Slowking-Galar, M|100/100|[from] U-turn
|-damage|p2a: Slowking|88/100|[from] Stealth Rock
|
|upkeep
|
|t:|1758920598
|switch|p1a: Great Tusk|Great Tusk|100/100
|turn|57
|
|t:|1758920604
|switch|p2a: Moltres|Moltres|100/100 par
|-damage|p2a: Moltres|51/100 par|[from] Stealth Rock
|move|p1a: Great Tusk|Bulk Up|p1a: Great Tusk
|-boost|p1a: Great Tusk|atk|1
|-boost|p1a: Great Tusk|def|1
|
|upkeep
|turn|58
|
|t:|1758920620
|move|p1a: Great Tusk|Bulk Up|p1a: Great Tusk
|-boost|p1a: Great Tusk|atk|1
|-boost|p1a: Great Tusk|def|1
|cant|p2a: Moltres|par
|
|upkeep
|turn|59
|
|t:|1758920629
|move|p1a: Great Tusk|Ice Spinner|p2a: Moltres
|-damage|p2a: Moltres|12/100 par
|move|p2a: Moltres|Roost|p2a: Moltres
|-heal|p2a: Moltres|62/100 par
|-singleturn|p2a: Moltres|move: Roost
|
|upkeep
|turn|60
|
|t:|1758920637
|move|p1a: Great Tusk|Rapid Spin|p2a: Moltres
|-damage|p2a: Moltres|37/100 par
|-boost|p1a: Great Tusk|spe|1
|-sideend|p1: Gible808|Stealth Rock|[from] move: Rapid Spin|[of] p1a: Great Tusk
|move|p2a: Moltres|Roar|p1a: Great Tusk
|-end|p1a: Great Tusk|Protosynthesis|[silent]
|drag|p1a: Alomomola|Alomomola, F|43/100 brn
|
|-damage|p1a: Alomomola|37/100 brn|[from] brn
|upkeep
|turn|61
|
|t:|1758920644
|move|p1a: Alomomola|Wish|p1a: Alomomola
|move|p2a: Moltres|Flamethrower|p1a: Alomomola
|-resisted|p1a: Alomomola
|-crit|p1a: Alomomola
|-damage|p1a: Alomomola|3/100 brn
|
|-damage|p1a: Alomomola|0 fnt|[from] brn
|faint|p1a: Alomomola
|upkeep
|
|t:|1758920648
|switch|p1a: Great Tusk|Great Tusk|100/100
|turn|62
|
|t:|1758920654
|-terastallize|p1a: Great Tusk|Water
|move|p1a: Great Tusk|Bulk Up|p1a: Great Tusk
|-boost|p1a: Great Tusk|atk|1
|-boost|p1a: Great Tusk|def|1
|cant|p2a: Moltres|par
|
|upkeep
|turn|63
|
|t:|1758920661
|move|p1a: Great Tusk|Rapid Spin|p2a: Moltres
|-damage|p2a: Moltres|19/100 par
|-boost|p1a: Great Tusk|spe|1
|move|p2a: Moltres|Flamethrower|p1a: Great Tusk
|-resisted|p1a: Great Tusk
|-damage|p1a: Great Tusk|74/100
|
|upkeep
|turn|64
|
|t:|1758920668
|move|p1a: Great Tusk|Ice Spinner|p2a: Moltres
|-damage|p2a: Moltres|0 fnt
|faint|p2a: Moltres
|
|upkeep
|
|t:|1758920675
|switch|p2a: Slowking|Slowking-Galar, M|100/100
|-damage|p2a: Slowking|88/100|[from] Stealth Rock
|turn|65
|
|t:|1758920680
|-terastallize|p2a: Slowking|Water
|move|p1a: Great Tusk|Bulk Up|p1a: Great Tusk
|-boost|p1a: Great Tusk|atk|1
|-boost|p1a: Great Tusk|def|1
|move|p2a: Slowking|Flamethrower|p1a: Great Tusk
|-resisted|p1a: Great Tusk
|-crit|p1a: Great Tusk
|-damage|p1a: Great Tusk|41/100
|
|upkeep
|turn|66
|
|t:|1758920687
|switch|p2a: Ogerpon|Ogerpon-Wellspring, F|33/100
|-damage|p2a: Ogerpon|21/100|[from] Stealth Rock
|move|p1a: Great Tusk|Headlong Rush|p2a: Ogerpon
|-resisted|p2a: Ogerpon
|-damage|p2a: Ogerpon|0 fnt
|-unboost|p1a: Great Tusk|def|1
|-unboost|p1a: Great Tusk|spd|1
|faint|p2a: Ogerpon
|
|upkeep
|
|t:|1758920693
|switch|p2a: Slowking|Slowking-Galar, M, tera:Water|100/100
|-damage|p2a: Slowking|88/100|[from] Stealth Rock
|turn|67
|
|t:|1758920698
|switch|p2a: Dragapult|Dragapult, M|100/100
|move|p1a: Great Tusk|Headlong Rush|p2a: Dragapult
|-damage|p2a: Dragapult|0 fnt
|-unboost|p1a: Great Tusk|def|1
|-unboost|p1a: Great Tusk|spd|1
|faint|p2a: Dragapult
|
|upkeep
|
|t:|1758920705
|switch|p2a: Slowking|Slowking-Galar, M, tera:Water|100/100
|-damage|p2a: Slowking|88/100|[from] Stealth Rock
|turn|68
|
|t:|1758920710
|move|p1a: Great Tusk|Headlong Rush|p2a: Slowking
|-damage|p2a: Slowking|0 fnt
|-unboost|p1a: Great Tusk|def|1
|-unboost|p1a: Great Tusk|spd|1
|faint|p2a: Slowking
|
|upkeep
|
|t:|1758920716
|switch|p2a: Kingambit|Kingambit, M|43/100
|-damage|p2a: Kingambit|36/100|[from] Stealth Rock
|-activate|p2a: Kingambit|ability: Supreme Overlord
|-start|p2a: Kingambit|fallen5|[silent]
|turn|69
|
|t:|1758920719
|move|p2a: Kingambit|Sucker Punch||[still]
|-fail|p2a: Kingambit
|move|p1a: Great Tusk|Bulk Up|p1a: Great Tusk
|-boost|p1a: Great Tusk|atk|1
|-boost|p1a: Great Tusk|def|1
|
|upkeep
|turn|70
|
|t:|1758920723
|move|p2a: Kingambit|Sucker Punch|p1a: Great Tusk
|-crit|p1a: Great Tusk
|-damage|p1a: Great Tusk|0 fnt
|faint|p1a: Great Tusk
|-end|p1a: Great Tusk|Protosynthesis|[silent]
|
|win|lerendezvous
|raw|Gible808's rating: 1575 &rarr; <strong>1561</strong><br />(-14 for losing)
|raw|lerendezvous's rating: 1686 &rarr; <strong>1700</strong><br />(+14 for winning)
