|j|☆TUMECENTZELL
|j|☆lxyz098
|t:|1759035046
|gametype|singles
|player|p1|TUMECENTZELL|1|1412
|player|p2|lxyz098|cynthia|1401
|gen|9
|tier|[Gen 9] OU
|rated|
|rule|HP Percentage Mod: HP is shown in percentages
|rule|Endless Battle Clause: Forcing endless battles is banned
|rule|Species Clause: Limit one of each Pokémon
|rule|OHKO Clause: OHKO moves are banned
|rule|Evasion Items Clause: Evasion items are banned
|rule|Evasion Moves Clause: Evasion moves are banned
|rule|Evasion Abilities Clause: Evasion abilities are banned
|rule|Sleep Moves Clause: Sleep-inducing moves are banned
|clearpoke
|poke|p1|Lokix, M|
|poke|p1|Goodra-Hisui, F|
|poke|p1|Slowbro, F|
|poke|p1|Corviknight, F|
|poke|p1|Staraptor, M|
|poke|p1|Iron Moth|
|poke|p2|Primarina, M|
|poke|p2|Garchomp, F|
|poke|p2|Gardevoir, F|
|poke|p2|Corviknight, M|
|poke|p2|Ogerpon-Wellspring, F|
|poke|p2|Scizor, M|
|teampreview
|inactive|Battle timer is ON: inactive players will automatically lose when time's up. (requested by TUMECENTZELL)
|
|t:|1759035079
|teamsize|p1|6
|teamsize|p2|6
|start
|switch|p1a: Staraptor|Staraptor, M|100/100
|switch|p2a: Garchomp|Garchomp, F, shiny|100/100
|turn|1
|
|t:|1759035090
|move|p1a: Staraptor|U-turn|p2a: Garchomp
|-damage|p2a: Garchomp|77/100
|-damage|p1a: Staraptor|88/100|[from] ability: Rough Skin|[of] p2a: Garchomp
|
|t:|1759035094
|switch|p1a: Corviknight|Corviknight, F|100/100|[from] U-turn
|-ability|p1a: Corviknight|Pressure
|move|p2a: Garchomp|Dragon Claw|p1a: Corviknight
|-resisted|p1a: Corviknight
|-damage|p1a: Corviknight|83/100
|-damage|p2a: Garchomp|60/100|[from] item: Rocky Helmet|[of] p1a: Corviknight
|-damage|p2a: Garchomp|51/100|[from] item: Life Orb
|
|upkeep
|turn|2
|
|t:|1759035110
|-terastallize|p2a: Garchomp|Fire
|move|p2a: Garchomp|Tera Blast|p1a: Corviknight|[anim] Tera Blast Fire
|-supereffective|p1a: Corviknight
|-damage|p1a: Corviknight|3/100
|-damage|p2a: Garchomp|41/100|[from] item: Life Orb
|move|p1a: Corviknight|Roost|p1a: Corviknight
|-heal|p1a: Corviknight|53/100
|-singleturn|p1a: Corviknight|move: Roost
|
|upkeep
|turn|3
|
|t:|1759035121
|switch|p1a: Slowbro|Slowbro, F|100/100
|move|p2a: Garchomp|Stealth Rock|p1a: Slowbro
|-sidestart|p1: TUMECENTZELL|move: Stealth Rock
|
|upkeep
|turn|4
|
|t:|1759035136
|switch|p2a: Ogerpon|Ogerpon-Wellspring, F|100/100
|move|p1a: Slowbro|Future Sight|p2a: Ogerpon
|-start|p1a: Slowbro|move: Future Sight
|
|upkeep
|turn|5
|
|t:|1759035147
|move|p2a: Ogerpon|Knock Off|p1a: Slowbro
|-supereffective|p1a: Slowbro
|-damage|p1a: Slowbro|55/100
|-enditem|p1a: Slowbro|Leftovers|[from] move: Knock Off|[of] p2a: Ogerpon
|move|p1a: Slowbro|Psychic|p2a: Ogerpon
|-damage|p2a: Ogerpon|61/100
|
|upkeep
|turn|6
|
|t:|1759035156
|switch|p1a: Corviknight|Corviknight, F|53/100
|-damage|p1a: Corviknight|41/100|[from] Stealth Rock
|-ability|p1a: Corviknight|Pressure
|move|p2a: Ogerpon|Horn Leech|p1a: Corviknight
|-resisted|p1a: Corviknight
|-damage|p1a: Corviknight|33/100
|-heal|p2a: Ogerpon|66/100|[from] drain|[of] p1a: Corviknight
|-damage|p2a: Ogerpon|49/100|[from] item: Rocky Helmet|[of] p1a: Corviknight
|
|-end|p2a: Ogerpon|move: Future Sight
|-damage|p2a: Ogerpon|1/100
|upkeep
|turn|7
|
|t:|1759035171
|move|p2a: Ogerpon|Ivy Cudgel|p1a: Corviknight|[anim] Ivy Cudgel Water
|-damage|p1a: Corviknight|0 fnt
|faint|p1a: Corviknight
|
|upkeep
|
|t:|1759035175
|switch|p1a: Lokix|Lokix, M|100/100
|turn|8
|
|t:|1759035180
|switch|p2a: Scizor|Scizor, M|100/100
|move|p1a: Lokix|First Impression|p2a: Scizor
|-resisted|p2a: Scizor
|-damage|p2a: Scizor|58/100
|
|upkeep
|turn|9
|
|t:|1759035190
|move|p1a: Lokix|Knock Off|p2a: Scizor
|-damage|p2a: Scizor|10/100
|-enditem|p2a: Scizor|Life Orb|[from] move: Knock Off|[of] p1a: Lokix
|move|p2a: Scizor|Dual Wingbeat|p1a: Lokix
|-supereffective|p1a: Lokix
|-damage|p1a: Lokix|33/100
|-supereffective|p1a: Lokix
|-damage|p1a: Lokix|0 fnt
|faint|p1a: Lokix
|-hitcount|p1: Lokix|2
|
|upkeep
|
|t:|1759035211
|switch|p1a: Staraptor|Staraptor, M|88/100
|-damage|p1a: Staraptor|63/100|[from] Stealth Rock
|turn|10
|
|t:|1759035217
|move|p2a: Scizor|Bullet Punch|p1a: Staraptor
|-damage|p1a: Staraptor|8/100
|move|p1a: Staraptor|U-turn|p2a: Scizor
|-resisted|p2a: Scizor
|-damage|p2a: Scizor|0 fnt
|faint|p2a: Scizor
|
|t:|1759035231
|switch|p1a: Iron Moth|Iron Moth|100/100|[from] U-turn
|-damage|p1a: Iron Moth|76/100|[from] Stealth Rock
|-enditem|p1a: Iron Moth|Booster Energy
|-activate|p1a: Iron Moth|ability: Quark Drive|[fromitem]
|-start|p1a: Iron Moth|quarkdrivespa
|
|upkeep
|
|t:|1759035238
|switch|p2a: Gardevoir|Gardevoir, F, shiny|100/100
|turn|11
|
|t:|1759035245
|move|p2a: Gardevoir|Psyshock|p1a: Iron Moth
|-supereffective|p1a: Iron Moth
|-damage|p1a: Iron Moth|0 fnt
|faint|p1a: Iron Moth
|-end|p1a: Iron Moth|Quark Drive|[silent]
|
|upkeep
|
|t:|1759035250
|switch|p1a: Goodra|Goodra-Hisui, F|100/100
|-ability|p2a: Gardevoir|Sap Sipper|Trace|[from] ability: Trace|[of] p1a: Goodra
|-damage|p1a: Goodra|94/100|[from] Stealth Rock
|turn|12
|
|t:|1759035261
|switch|p2a: Corviknight|Corviknight, M, shiny|100/100
|-ability|p2a: Corviknight|Pressure
|move|p1a: Goodra|Sludge Bomb|p2a: Corviknight
|-immune|p2a: Corviknight
|
|upkeep
|turn|13
|
|t:|1759035279
|move|p2a: Corviknight|Body Press|p1a: Goodra
|-supereffective|p1a: Goodra
|-damage|p1a: Goodra|46/100
|move|p1a: Goodra|Thunderbolt|p2a: Corviknight
|-supereffective|p2a: Corviknight
|-damage|p2a: Corviknight|37/100
|
|upkeep
|turn|14
|
|t:|1759035293
|switch|p1a: Slowbro|Slowbro, F|88/100
|-damage|p1a: Slowbro|76/100|[from] Stealth Rock
|move|p2a: Corviknight|Roost|p2a: Corviknight
|-heal|p2a: Corviknight|87/100
|-singleturn|p2a: Corviknight|move: Roost
|
|upkeep
|turn|15
|
|t:|1759035301
|switch|p2a: Ogerpon|Ogerpon-Wellspring, F|1/100
|move|p1a: Slowbro|Scald|p2a: Ogerpon
|-heal|p2a: Ogerpon|26/100|[from] ability: Water Absorb|[of] p1a: Slowbro
|
|upkeep
|turn|16
|
|t:|1759035309
|move|p2a: Ogerpon|Horn Leech|p1a: Slowbro
|-supereffective|p1a: Slowbro
|-damage|p1a: Slowbro|26/100
|-heal|p2a: Ogerpon|58/100|[from] drain|[of] p1a: Slowbro
|move|p1a: Slowbro|Psychic|p2a: Ogerpon
|-damage|p2a: Ogerpon|20/100
|
|upkeep
|turn|17
|
|t:|1759035319
|move|p2a: Ogerpon|Knock Off|p1a: Slowbro
|-supereffective|p1a: Slowbro
|-damage|p1a: Slowbro|0 fnt
|faint|p1a: Slowbro
|
|upkeep
|
|t:|1759035325
|switch|p1a: Staraptor|Staraptor, M|8/100
|-damage|p1a: Staraptor|0 fnt|[from] Stealth Rock
|faint|p1a: Staraptor
|-message|TUMECENTZELL forfeited.
|
|win|lxyz098
|raw|TUMECENTZELL's rating: 1412 &rarr; <strong>1391</strong><br />(-21 for losing)
|raw|lxyz098's rating: 1401 &rarr; <strong>1422</strong><br />(+21 for winning)
|l|☆TUMECENTZELL
|player|p1|
|l|☆lxyz098
|player|p2|
