|j|☆Leggomyeggo24
|j|☆WonderGuardWill
|t:|1759066979
|gametype|singles
|player|p1|Leggomyeggo24|richboy-gen4|1432
|player|p2|WonderGuardWill|dancer|1363
|gen|9
|tier|[Gen 9] OU
|rated|
|rule|HP Percentage Mod: HP is shown in percentages
|rule|Endless Battle Clause: Forcing endless battles is banned
|rule|Species Clause: Limit one of each Pokémon
|rule|OHKO Clause: OHKO moves are banned
|rule|Evasion Items Clause: Evasion items are banned
|rule|Evasion Moves Clause: Evasion moves are banned
|rule|Evasion Abilities Clause: Evasion abilities are banned
|rule|Sleep Moves Clause: Sleep-inducing moves are banned
|clearpoke
|poke|p1|Rillaboom, M|
|poke|p1|Deoxys-Speed|
|poke|p1|Hydrapple, M|
|poke|p1|Samurott-Hisui, M|
|poke|p1|Heatran, M|
|poke|p1|Weavile, M|
|poke|p2|Darkrai|
|poke|p2|Garganacl, F|
|poke|p2|Espeon, F|
|poke|p2|Clodsire, F|
|poke|p2|Heatran, M|
|poke|p2|Gholdengo|
|teampreview
|
|t:|1759066992
|teamsize|p1|6
|teamsize|p2|6
|start
|switch|p1a: Hydrapple|Hydrapple, M|100/100
|switch|p2a: Garganacl|Garganacl, F|100/100
|turn|1
|
|t:|1759067001
|switch|p2a: Espeon|Espeon, F|100/100
|move|p1a: Hydrapple|Giga Drain|p2a: Espeon
|-damage|p2a: Espeon|18/100
|
|upkeep
|turn|2
|
|t:|1759067007
|move|p2a: Espeon|Trick|p1a: Hydrapple
|-activate|p2a: Espeon|move: Trick|[of] p1a: Hydrapple
|-item|p1a: Hydrapple|Choice Scarf|[from] move: Trick
|-item|p2a: Espeon|Choice Specs|[from] move: Trick
|move|p1a: Hydrapple|Giga Drain|p2a: Espeon
|-damage|p2a: Espeon|0 fnt
|faint|p2a: Espeon
|
|upkeep
|
|t:|1759067018
|switch|p2a: Heatran|Heatran, M|100/100
|-item|p2a: Heatran|Air Balloon
|turn|3
|
|t:|1759067021
|move|p2a: Heatran|Stealth Rock|p1a: Hydrapple
|-sidestart|p1: Leggomyeggo24|move: Stealth Rock
|move|p1a: Hydrapple|Giga Drain|p2a: Heatran
|-resisted|p2a: Heatran
|-damage|p2a: Heatran|92/100
|-enditem|p2a: Heatran|Air Balloon
|
|upkeep
|turn|4
|
|t:|1759067030
|switch|p2a: Darkrai|Darkrai|100/100
|switch|p1a: Heatran|Heatran, M|100/100
|-damage|p1a: Heatran|88/100|[from] Stealth Rock
|-item|p1a: Heatran|Air Balloon
|
|upkeep
|turn|5
|
|t:|1759067032
|move|p2a: Darkrai|Trick|p1a: Heatran
|-activate|p2a: Darkrai|move: Trick|[of] p1a: Heatran
|-item|p1a: Heatran|Choice Scarf|[from] move: Trick
|-item|p2a: Darkrai|Air Balloon
|-item|p2a: Darkrai|Air Balloon|[from] move: Trick
|move|p1a: Heatran|Magma Storm|p2a: Darkrai
|-damage|p2a: Darkrai|48/100
|-activate|p2a: Darkrai|move: Magma Storm|[of] p1a: Heatran
|-enditem|p2a: Darkrai|Air Balloon
|
|-damage|p2a: Darkrai|35/100|[from] move: Magma Storm|[partiallytrapped]
|upkeep
|turn|6
|
|t:|1759067040
|move|p2a: Darkrai|Dark Pulse|p1a: Heatran
|-damage|p1a: Heatran|61/100
|move|p1a: Heatran|Magma Storm|p2a: Darkrai|[miss]
|-miss|p1a: Heatran|p2a: Darkrai
|
|-damage|p2a: Darkrai|23/100|[from] move: Magma Storm|[partiallytrapped]
|upkeep
|turn|7
|
|t:|1759067058
|move|p2a: Darkrai|Dark Pulse|p1a: Heatran
|-damage|p1a: Heatran|35/100
|cant|p1a: Heatran|flinch
|
|-damage|p2a: Darkrai|10/100|[from] move: Magma Storm|[partiallytrapped]
|upkeep
|turn|8
|
|t:|1759067064
|move|p2a: Darkrai|Dark Pulse|p1a: Heatran
|-damage|p1a: Heatran|7/100
|move|p1a: Heatran|Magma Storm|p2a: Darkrai
|-damage|p2a: Darkrai|0 fnt
|faint|p2a: Darkrai
|
|upkeep
|
|t:|1759067074
|switch|p2a: Clodsire|Clodsire, F|100/100
|turn|9
|
|t:|1759067076
|move|p1a: Heatran|Magma Storm|p2a: Clodsire
|-damage|p2a: Clodsire|79/100
|-activate|p2a: Clodsire|move: Magma Storm|[of] p1a: Heatran
|move|p2a: Clodsire|Toxic Spikes|p1a: Heatran
|-sidestart|p1: Leggomyeggo24|move: Toxic Spikes
|
|-heal|p2a: Clodsire|85/100|[from] item: Leftovers
|-damage|p2a: Clodsire|73/100|[from] move: Magma Storm|[partiallytrapped]
|upkeep
|turn|10
|
|t:|1759067085
|switch|p1a: Weavile|Weavile, M|100/100
|-ability|p1a: Weavile|Pressure
|move|p2a: Clodsire|Toxic Spikes|p1a: Weavile
|-sidestart|p1: Leggomyeggo24|move: Toxic Spikes
|
|-heal|p2a: Clodsire|79/100|[from] item: Leftovers
|-end|p2a: Clodsire|Magma Storm|[partiallytrapped]|[silent]
|upkeep
|turn|11
|
|t:|1759067089
|switch|p2a: Garganacl|Garganacl, F|100/100
|move|p1a: Weavile|Swords Dance|p1a: Weavile
|-boost|p1a: Weavile|atk|2
|
|upkeep
|turn|12
|
|t:|1759067094
|-terastallize|p1a: Weavile|Ice
|-terastallize|p2a: Garganacl|Flying
|move|p1a: Weavile|Triple Axel|p2a: Garganacl
|-supereffective|p2a: Garganacl
|-damage|p2a: Garganacl|74/100
|-supereffective|p2a: Garganacl
|-damage|p2a: Garganacl|19/100
|-supereffective|p2a: Garganacl
|-damage|p2a: Garganacl|0 fnt
|faint|p2a: Garganacl
|-hitcount|p2: Garganacl|3
|
|upkeep
|
|t:|1759067098
|switch|p2a: Gholdengo|Gholdengo|100/100
|turn|13
|
|t:|1759067103
|move|p2a: Gholdengo|Make It Rain|p1a: Weavile
|-supereffective|p1a: Weavile
|-damage|p1a: Weavile|0 fnt
|-unboost|p2a: Gholdengo|spa|1
|faint|p1a: Weavile
|
|upkeep
|
|t:|1759067114
|switch|p1a: Samurott|Samurott-Hisui, M|100/100
|-damage|p1a: Samurott|88/100|[from] Stealth Rock
|-status|p1a: Samurott|tox
|turn|14
|
|t:|1759067117
|switch|p2a: Clodsire|Clodsire, F|79/100
|move|p1a: Samurott|Ceaseless Edge|p2a: Clodsire
|-damage|p2a: Clodsire|35/100
|-sidestart|p2: WonderGuardWill|Spikes
|
|-heal|p2a: Clodsire|41/100|[from] item: Leftovers
|-damage|p1a: Samurott|82/100 tox|[from] psn
|upkeep
|turn|15
|
|t:|1759067123
|move|p1a: Samurott|Ceaseless Edge|p2a: Clodsire
|-damage|p2a: Clodsire|0 fnt
|-sidestart|p2: WonderGuardWill|Spikes
|faint|p2a: Clodsire
|
|-damage|p1a: Samurott|70/100 tox|[from] psn
|upkeep
|-message|WonderGuardWill forfeited.
|
|win|Leggomyeggo24
|raw|Leggomyeggo24's rating: 1432 &rarr; <strong>1448</strong><br />(+16 for winning)
|raw|WonderGuardWill's rating: 1363 &rarr; <strong>1347</strong><br />(-16 for losing)
|l|☆WonderGuardWill
|player|p2|
|l|☆Leggomyeggo24
|player|p1|
