|j|☆Femb0yserperior<3
|j|☆linjiajun
|t:|1759068500
|gametype|singles
|player|p1|Femb0yserperior<3|elesa|1108
|player|p2|linjiajun|red|1090
|gen|9
|tier|[Gen 9] OU
|rated|
|rule|HP Percentage Mod: HP is shown in percentages
|rule|Endless Battle Clause: Forcing endless battles is banned
|rule|Species Clause: Limit one of each Pokémon
|rule|OHKO Clause: OHKO moves are banned
|rule|Evasion Items Clause: Evasion items are banned
|rule|Evasion Moves Clause: Evasion moves are banned
|rule|Evasion Abilities Clause: Evasion abilities are banned
|rule|Sleep Moves Clause: Sleep-inducing moves are banned
|clearpoke
|poke|p1|Raikou|
|poke|p1|Gogoat, F|
|poke|p1|Samurott-Hisui, M|
|poke|p1|Iron Boulder|
|poke|p1|Iron Moth|
|poke|p1|Ting-Lu|
|poke|p2|Lokix, F|
|poke|p2|Gyarados, F|
|poke|p2|Garchomp, M|
|poke|p2|Lucario, F|
|poke|p2|Infernape, M|
|poke|p2|Raikou|
|teampreview
|inactive|Battle timer is ON: inactive players will automatically lose when time's up. (requested by Femb0yserperior<3)
|
|t:|1759068525
|teamsize|p1|6
|teamsize|p2|6
|start
|switch|p1a: Ting-Lu|Ting-Lu, shiny|100/100
|switch|p2a: Raikou|Raikou|100/100
|-ability|p1a: Ting-Lu|Vessel of Ruin
|turn|1
|
|t:|1759068538
|move|p2a: Raikou|Calm Mind|p2a: Raikou
|-boost|p2a: Raikou|spa|1
|-boost|p2a: Raikou|spd|1
|move|p1a: Ting-Lu|Stealth Rock|p2a: Raikou
|-sidestart|p2: linjiajun|move: Stealth Rock
|
|upkeep
|turn|2
|
|t:|1759068544
|move|p2a: Raikou|Scald|p1a: Ting-Lu
|-supereffective|p1a: Ting-Lu
|-damage|p1a: Ting-Lu|56/100
|move|p1a: Ting-Lu|Earthquake|p2a: Raikou
|-supereffective|p2a: Raikou
|-damage|p2a: Raikou|0 fnt
|faint|p2a: Raikou
|
|-heal|p1a: Ting-Lu|62/100|[from] item: Leftovers
|upkeep
|
|t:|1759068558
|switch|p2a: Gyarados|Gyarados, F|100/100
|-damage|p2a: Gyarados|76/100|[from] Stealth Rock
|-ability|p2a: Gyarados|Intimidate|boost
|-unboost|p1a: Ting-Lu|atk|1
|turn|3
|
|t:|1759068566
|move|p2a: Gyarados|Dragon Dance|p2a: Gyarados
|-boost|p2a: Gyarados|atk|1
|-boost|p2a: Gyarados|spe|1
|move|p1a: Ting-Lu|Throat Chop|p2a: Gyarados
|-damage|p2a: Gyarados|41/100
|-start|p2a: Gyarados|Throat Chop|[silent]
|
|-heal|p1a: Ting-Lu|68/100|[from] item: Leftovers
|upkeep
|turn|4
|
|t:|1759068583
|move|p2a: Gyarados|Dragon Dance|p2a: Gyarados
|-boost|p2a: Gyarados|atk|1
|-boost|p2a: Gyarados|spe|1
|move|p1a: Ting-Lu|Throat Chop|p2a: Gyarados
|-damage|p2a: Gyarados|9/100
|
|-heal|p1a: Ting-Lu|74/100|[from] item: Leftovers
|-end|p2a: Gyarados|Throat Chop|[silent]
|upkeep
|turn|5
|
|t:|1759068596
|move|p2a: Gyarados|Aqua Tail|p1a: Ting-Lu
|-supereffective|p1a: Ting-Lu
|-damage|p1a: Ting-Lu|0 fnt
|faint|p1a: Ting-Lu
|-heal|p2a: Gyarados|23/100|[from] item: Shell Bell|[of] p1: Ting-Lu
|
|upkeep
|
|t:|1759068602
|switch|p1a: Samurott|Samurott-Hisui, M, shiny|100/100
|turn|6
|
|t:|1759068610
|move|p2a: Gyarados|Aqua Tail|p1a: Samurott
|-resisted|p1a: Samurott
|-damage|p1a: Samurott|40/100
|-heal|p2a: Gyarados|30/100|[from] item: Shell Bell|[of] p1a: Samurott
|move|p1a: Samurott|Ceaseless Edge|p2a: Gyarados
|-damage|p2a: Gyarados|0 fnt
|-sidestart|p2: linjiajun|Spikes
|faint|p2a: Gyarados
|
|-heal|p1a: Samurott|46/100|[from] item: Leftovers
|upkeep
|inactive|linjiajun has 120 seconds left.
|
|t:|1759068641
|switch|p2a: Lokix|Lokix, F, shiny|100/100
|-damage|p2a: Lokix|75/100|[from] Stealth Rock
|-damage|p2a: Lokix|63/100|[from] Spikes
|turn|7
|
|t:|1759068647
|switch|p1a: Iron Moth|Iron Moth|100/100
|-enditem|p1a: Iron Moth|Booster Energy
|-activate|p1a: Iron Moth|ability: Quark Drive|[fromitem]
|-start|p1a: Iron Moth|quarkdrivespa
|move|p2a: Lokix|Brick Break|p1a: Iron Moth
|-resisted|p1a: Iron Moth
|-damage|p1a: Iron Moth|44/100
|
|upkeep
|turn|8
|inactive|linjiajun has 120 seconds left.
|
|t:|1759068664
|move|p1a: Iron Moth|Fiery Dance|p2a: Lokix
|-supereffective|p2a: Lokix
|-damage|p2a: Lokix|0 fnt
|-boost|p1a: Iron Moth|spa|1
|faint|p2a: Lokix
|
|upkeep
|inactive|linjiajun has 120 seconds left.
|
|t:|1759068671
|switch|p2a: Garchomp|Garchomp, M, shiny|100/100
|-damage|p2a: Garchomp|94/100|[from] Stealth Rock
|-damage|p2a: Garchomp|82/100|[from] Spikes
|turn|9
|inactive|linjiajun has 120 seconds left.
|
|t:|1759068686
|move|p1a: Iron Moth|Energy Ball|p2a: Garchomp
|-damage|p2a: Garchomp|46/100
|move|p2a: Garchomp|Earthquake|p1a: Iron Moth
|-supereffective|p1a: Iron Moth
|-damage|p1a: Iron Moth|0 fnt
|faint|p1a: Iron Moth
|-end|p1a: Iron Moth|Quark Drive|[silent]
|
|upkeep
|
|t:|1759068692
|switch|p1a: Gogoat|Gogoat, F, shiny|100/100
|turn|10
|
|t:|1759068700
|switch|p2a: Infernape|Infernape, M, shiny|100/100
|-damage|p2a: Infernape|88/100|[from] Stealth Rock
|-damage|p2a: Infernape|76/100|[from] Spikes
|move|p1a: Gogoat|Leech Seed|p2a: Infernape
|-start|p2a: Infernape|move: Leech Seed
|
|-damage|p2a: Infernape|64/100|[from] Leech Seed|[of] p1a: Gogoat
|upkeep
|turn|11
|
|t:|1759068716
|move|p2a: Infernape|Drain Punch|p1a: Gogoat
|-damage|p1a: Gogoat|58/100
|-heal|p2a: Infernape|96/100|[from] drain|[of] p1a: Gogoat
|move|p1a: Gogoat|Earthquake|p2a: Infernape
|-supereffective|p2a: Infernape
|-damage|p2a: Infernape|0 fnt
|faint|p2a: Infernape
|-damage|p1a: Gogoat|48/100|[from] item: Life Orb
|
|upkeep
|inactive|linjiajun has 120 seconds left.
|
|t:|1759068729
|switch|p2a: Garchomp|Garchomp, M, shiny|46/100
|-damage|p2a: Garchomp|39/100|[from] Stealth Rock
|-damage|p2a: Garchomp|27/100|[from] Spikes
|turn|12
|
|t:|1759068738
|move|p2a: Garchomp|Earthquake|p1a: Gogoat
|-resisted|p1a: Gogoat
|-damage|p1a: Gogoat|26/100
|move|p1a: Gogoat|Leech Seed|p2a: Garchomp
|-start|p2a: Garchomp|move: Leech Seed
|
|-damage|p2a: Garchomp|15/100|[from] Leech Seed|[of] p1a: Gogoat
|-heal|p1a: Gogoat|35/100|[silent]
|upkeep
|turn|13
|
|t:|1759068749
|move|p1a: Gogoat|Horn Leech|p2a: Garchomp
|-damage|p2a: Garchomp|0 fnt
|-heal|p1a: Gogoat|41/100|[from] drain|[of] p2a: Garchomp
|-damage|p1a: Gogoat|29/100|[from] ability: Rough Skin|[of] p2a: Garchomp
|faint|p2a: Garchomp
|-damage|p1a: Gogoat|19/100|[from] item: Life Orb
|
|upkeep
|
|t:|1759068757
|switch|p2a: Lucario|Lucario, F|100/100
|-damage|p2a: Lucario|98/100|[from] Stealth Rock
|-damage|p2a: Lucario|85/100|[from] Spikes
|turn|14
|inactive|linjiajun has 120 seconds left.
|
|t:|1759068795
|move|p2a: Lucario|Extreme Speed|p1a: Gogoat
|-damage|p1a: Gogoat|0 fnt
|faint|p1a: Gogoat
|
|upkeep
|
|t:|1759068800
|switch|p1a: Iron Boulder|Iron Boulder|100/100
|-enditem|p1a: Iron Boulder|Booster Energy
|-activate|p1a: Iron Boulder|ability: Quark Drive|[fromitem]
|-start|p1a: Iron Boulder|quarkdriveatk
|turn|15
|
|t:|1759068807
|move|p2a: Lucario|Extreme Speed|p1a: Iron Boulder
|-resisted|p1a: Iron Boulder
|-damage|p1a: Iron Boulder|78/100
|move|p1a: Iron Boulder|Close Combat|p2a: Lucario
|-supereffective|p2a: Lucario
|-damage|p2a: Lucario|0 fnt
|-unboost|p1a: Iron Boulder|def|1
|-unboost|p1a: Iron Boulder|spd|1
|faint|p2a: Lucario
|
|win|Femb0yserperior<3
|raw|Femb0yserperior&lt;3's rating: 1108 &rarr; <strong>1132</strong><br />(+24 for winning)
|raw|linjiajun's rating: 1090 &rarr; <strong>1068</strong><br />(-22 for losing)
|l|☆Femb0yserperior<3
|player|p1|
|l|☆linjiajun
|player|p2|
