|j|☆jignesh432
|j|☆Dwembox
|t:|1759075280
|gametype|singles
|player|p1|jignesh432|266|1085
|player|p2|Dwembox|265|1093
|gen|9
|tier|[Gen 9] OU
|rated|
|rule|HP Percentage Mod: HP is shown in percentages
|rule|Endless Battle Clause: Forcing endless battles is banned
|rule|Species Clause: Limit one of each Pokémon
|rule|OHKO Clause: OHKO moves are banned
|rule|Evasion Items Clause: Evasion items are banned
|rule|Evasion Moves Clause: Evasion moves are banned
|rule|Evasion Abilities Clause: Evasion abilities are banned
|rule|Sleep Moves Clause: Sleep-inducing moves are banned
|clearpoke
|poke|p1|Arcanine-Hisui, F|
|poke|p1|Gholdengo|
|poke|p1|Honchkrow, M|
|poke|p1|Florges, F|
|poke|p1|Necrozma|
|poke|p1|Iron Hands|
|poke|p2|Avalugg, F|
|poke|p2|Gliscor, F|
|poke|p2|Alomomola, F|
|poke|p2|Cetitan, F|
|poke|p2|Abomasnow, F|
|poke|p2|Slowking-Galar, F|
|teampreview
|
|t:|1759075296
|teamsize|p1|6
|teamsize|p2|6
|start
|switch|p1a: Arcanine|Arcanine-Hisui, F, shiny|100/100
|switch|p2a: Abomasnow|Abomasnow, F|100/100
|-ability|p1a: Arcanine|Intimidate|boost
|-unboost|p2a: Abomasnow|atk|1
|-item|p1a: Arcanine|Air Balloon
|-weather|Snowscape|[from] ability: Snow Warning|[of] p2a: Abomasnow
|turn|1
|
|t:|1759075308
|switch|p2a: Alomomola|Alomomola, F|100/100
|move|p1a: Arcanine|Raging Fury|p2a: Alomomola
|-resisted|p2a: Alomomola
|-damage|p2a: Alomomola|85/100
|
|-weather|Snowscape|[upkeep]
|upkeep
|turn|2
|
|t:|1759075318
|move|p1a: Arcanine|Raging Fury|p2a: Alomomola|[from] lockedmove
|-resisted|p2a: Alomomola
|-damage|p2a: Alomomola|69/100
|-start|p1a: Arcanine|confusion|[fatigue]
|move|p2a: Alomomola|Flip Turn|p1a: Arcanine
|-supereffective|p1a: Arcanine
|-damage|p1a: Arcanine|27/100
|-enditem|p1a: Arcanine|Air Balloon
|
|t:|1759075331
|switch|p2a: Cetitan|Cetitan, F|100/100|[from] Flip Turn
|
|-weather|Snowscape|[upkeep]
|upkeep
|turn|3
|
|t:|1759075342
|move|p2a: Cetitan|Earthquake|p1a: Arcanine
|-supereffective|p1a: Arcanine
|-damage|p1a: Arcanine|0 fnt
|faint|p1a: Arcanine
|
|-weather|Snowscape|[upkeep]
|upkeep
|
|t:|1759075363
|switch|p1a: Iron Hands|Iron Hands, shiny|100/100
|turn|4
|
|t:|1759075369
|-terastallize|p1a: Iron Hands|Grass
|move|p2a: Cetitan|Earthquake|p1a: Iron Hands
|-resisted|p1a: Iron Hands
|-damage|p1a: Iron Hands|91/100
|move|p1a: Iron Hands|Close Combat|p2a: Cetitan
|-supereffective|p2a: Cetitan
|-damage|p2a: Cetitan|1/100
|-unboost|p1a: Iron Hands|def|1
|-unboost|p1a: Iron Hands|spd|1
|-enditem|p2a: Cetitan|Sitrus Berry|[eat]
|-heal|p2a: Cetitan|26/100|[from] item: Sitrus Berry
|
|-weather|Snowscape|[upkeep]
|upkeep
|turn|5
|
|t:|1759075385
|move|p2a: Cetitan|Icicle Crash|p1a: Iron Hands
|-supereffective|p1a: Iron Hands
|-damage|p1a: Iron Hands|20/100
|cant|p1a: Iron Hands|flinch
|
|-weather|Snowscape|[upkeep]
|upkeep
|turn|6
|
|t:|1759075393
|move|p1a: Iron Hands|Fake Out||[still]
|-hint|Fake Out only works on your first turn out.
|-fail|p1a: Iron Hands
|move|p2a: Cetitan|Ice Shard|p1a: Iron Hands
|-supereffective|p1a: Iron Hands
|-damage|p1a: Iron Hands|0 fnt
|faint|p1a: Iron Hands
|-end|p1a: Iron Hands|Quark Drive|[silent]
|
|-weather|Snowscape|[upkeep]
|upkeep
|
|t:|1759075407
|switch|p1a: Necrozma|Necrozma|100/100
|turn|7
|
|t:|1759075416
|move|p2a: Cetitan|Icicle Crash|p1a: Necrozma
|-damage|p1a: Necrozma|53/100
|move|p1a: Necrozma|Photon Geyser|p2a: Cetitan
|-damage|p2a: Cetitan|0 fnt
|faint|p2a: Cetitan
|
|-weather|Snowscape|[upkeep]
|upkeep
|
|t:|1759075428
|switch|p2a: Slowking|Slowking-Galar, F|100/100
|turn|8
|
|t:|1759075439
|move|p1a: Necrozma|Photon Geyser|p2a: Slowking
|-damage|p2a: Slowking|60/100
|move|p2a: Slowking|Thunder Wave|p1a: Necrozma
|-status|p1a: Necrozma|par
|
|-weather|none
|upkeep
|turn|9
|
|t:|1759075454
|cant|p1a: Necrozma|par
|-prepare|p2a: Slowking|Chilly Reception|[premajor]
|move|p2a: Slowking|Chilly Reception|p2a: Slowking
|-weather|Snowscape
|
|t:|1759075468
|switch|p2a: Gliscor|Gliscor, F|100/100|[from] Chilly Reception
|
|-weather|Snowscape|[upkeep]
|-status|p2a: Gliscor|tox|[from] item: Toxic Orb
|upkeep
|turn|10
|
|t:|1759075480
|move|p2a: Gliscor|Knock Off|p1a: Necrozma
|-supereffective|p1a: Necrozma
|-damage|p1a: Necrozma|20/100 par
|-enditem|p1a: Necrozma|Heavy-Duty Boots|[from] move: Knock Off|[of] p2a: Gliscor
|move|p1a: Necrozma|Photon Geyser|p2a: Gliscor
|-damage|p2a: Gliscor|51/100 tox
|
|-weather|Snowscape|[upkeep]
|-heal|p2a: Gliscor|64/100 tox|[from] ability: Poison Heal
|upkeep
|turn|11
|
|t:|1759075494
|move|p2a: Gliscor|Knock Off|p1a: Necrozma
|-supereffective|p1a: Necrozma
|-damage|p1a: Necrozma|0 fnt
|faint|p1a: Necrozma
|
|-weather|Snowscape|[upkeep]
|-heal|p2a: Gliscor|76/100 tox|[from] ability: Poison Heal
|upkeep
|
|t:|1759075508
|switch|p1a: Honchkrow|Honchkrow, M|100/100
|turn|12
|
|t:|1759075515
|move|p1a: Honchkrow|Night Slash|p2a: Gliscor
|-crit|p2a: Gliscor
|-damage|p2a: Gliscor|21/100 tox
|move|p2a: Gliscor|Toxic|p1a: Honchkrow
|-status|p1a: Honchkrow|tox
|
|-weather|Snowscape|[upkeep]
|-damage|p1a: Honchkrow|94/100 tox|[from] psn
|-heal|p2a: Gliscor|34/100 tox|[from] ability: Poison Heal
|upkeep
|turn|13
|
|t:|1759075526
|switch|p2a: Avalugg|Avalugg, F|100/100
|move|p1a: Honchkrow|Night Slash|p2a: Avalugg
|-crit|p2a: Avalugg
|-damage|p2a: Avalugg|81/100
|
|-weather|none
|-damage|p1a: Honchkrow|82/100 tox|[from] psn
|upkeep
|turn|14
|
|t:|1759075537
|move|p1a: Honchkrow|Night Slash|p2a: Avalugg
|-damage|p2a: Avalugg|63/100
|move|p2a: Avalugg|Iron Defense|p2a: Avalugg
|-boost|p2a: Avalugg|def|2
|
|-damage|p1a: Honchkrow|64/100 tox|[from] psn
|upkeep
|turn|15
|
|t:|1759075559
|switch|p1a: Florges|Florges, F, shiny|100/100
|move|p2a: Avalugg|Recover|p2a: Avalugg
|-heal|p2a: Avalugg|100/100
|
|upkeep
|turn|16
|
|t:|1759075570
|switch|p2a: Abomasnow|Abomasnow, F|100/100
|-weather|Snowscape|[from] ability: Snow Warning|[of] p2a: Abomasnow
|move|p1a: Florges|Grass Knot|p2a: Abomasnow
|-resisted|p2a: Abomasnow
|-damage|p2a: Abomasnow|88/100
|
|-weather|Snowscape|[upkeep]
|upkeep
|turn|17
|
|t:|1759075581
|move|p1a: Florges|Alluring Voice|p2a: Abomasnow
|-damage|p2a: Abomasnow|56/100
|move|p2a: Abomasnow|Leech Seed|p1a: Florges
|-start|p1a: Florges|move: Leech Seed
|
|-weather|Snowscape|[upkeep]
|-damage|p1a: Florges|88/100|[from] Leech Seed|[of] p2a: Abomasnow
|-heal|p2a: Abomasnow|68/100|[silent]
|upkeep
|turn|18
|
|t:|1759075590
|move|p1a: Florges|Alluring Voice|p2a: Abomasnow
|-crit|p2a: Abomasnow
|-damage|p2a: Abomasnow|20/100
|move|p2a: Abomasnow|Aurora Veil|p2a: Abomasnow
|-sidestart|p2: Dwembox|move: Aurora Veil
|
|-weather|Snowscape|[upkeep]
|-damage|p1a: Florges|75/100|[from] Leech Seed|[of] p2a: Abomasnow
|-heal|p2a: Abomasnow|31/100|[silent]
|upkeep
|turn|19
|
|t:|1759075600
|switch|p2a: Gliscor|Gliscor, F|34/100 tox
|move|p1a: Florges|Draining Kiss|p2a: Gliscor
|-damage|p2a: Gliscor|25/100 tox
|-heal|p1a: Florges|82/100|[from] drain|[of] p2a: Gliscor
|
|-weather|Snowscape|[upkeep]
|-damage|p1a: Florges|69/100|[from] Leech Seed|[of] p2a: Gliscor
|-heal|p2a: Gliscor|38/100 tox|[silent]
|-heal|p2a: Gliscor|50/100 tox|[from] ability: Poison Heal
|upkeep
|turn|20
|
|t:|1759075615
|move|p1a: Florges|Energy Ball|p2a: Gliscor
|-damage|p2a: Gliscor|41/100 tox
|move|p2a: Gliscor|Knock Off|p1a: Florges
|-resisted|p1a: Florges
|-damage|p1a: Florges|56/100
|-enditem|p1a: Florges|Assault Vest|[from] move: Knock Off|[of] p2a: Gliscor
|
|-weather|Snowscape|[upkeep]
|-damage|p1a: Florges|44/100|[from] Leech Seed|[of] p2a: Gliscor
|-heal|p2a: Gliscor|54/100 tox|[silent]
|-heal|p2a: Gliscor|66/100 tox|[from] ability: Poison Heal
|upkeep
|turn|21
|
|t:|1759075633
|switch|p1a: Honchkrow|Honchkrow, M|64/100 tox
|move|p2a: Gliscor|Toxic|p1a: Honchkrow
|-fail|p1a: Honchkrow|tox
|
|-weather|Snowscape|[upkeep]
|-damage|p1a: Honchkrow|57/100 tox|[from] psn
|-heal|p2a: Gliscor|79/100 tox|[from] ability: Poison Heal
|upkeep
|turn|22
|
|t:|1759075643
|move|p1a: Honchkrow|Night Slash|p2a: Gliscor
|-damage|p2a: Gliscor|61/100 tox
|move|p2a: Gliscor|U-turn|p1a: Honchkrow
|-damage|p1a: Honchkrow|27/100 tox
|
|t:|1759075660
|switch|p2a: Avalugg|Avalugg, F|100/100|[from] U-turn
|
|-weather|Snowscape|[upkeep]
|-damage|p1a: Honchkrow|14/100 tox|[from] psn
|-sideend|p2: Dwembox|move: Aurora Veil
|upkeep
|turn|23
|
|t:|1759075668
|move|p1a: Honchkrow|Night Slash|p2a: Avalugg
|-damage|p2a: Avalugg|87/100
|move|p2a: Avalugg|Body Press|p1a: Honchkrow
|-damage|p1a: Honchkrow|0 fnt
|faint|p1a: Honchkrow
|
|-weather|none
|upkeep
|
|t:|1759075678
|switch|p1a: Gholdengo|Gholdengo|100/100
|turn|24
|
|t:|1759075708
|switch|p2a: Gliscor|Gliscor, F|61/100 tox
|move|p1a: Gholdengo|Make It Rain|p2a: Gliscor
|-damage|p2a: Gliscor|9/100 tox
|-unboost|p1a: Gholdengo|spa|1
|
|-heal|p2a: Gliscor|21/100 tox|[from] ability: Poison Heal
|upkeep
|turn|25
|
|t:|1759075720
|move|p1a: Gholdengo|Shadow Ball|p2a: Gliscor
|-damage|p2a: Gliscor|0 fnt
|faint|p2a: Gliscor
|
|upkeep
|
|t:|1759075726
|switch|p2a: Abomasnow|Abomasnow, F|31/100
|-weather|Snowscape|[from] ability: Snow Warning|[of] p2a: Abomasnow
|turn|26
|
|t:|1759075734
|-terastallize|p2a: Abomasnow|Water
|move|p1a: Gholdengo|Iron Head|p2a: Abomasnow
|-resisted|p2a: Abomasnow
|-damage|p2a: Abomasnow|22/100
|cant|p2a: Abomasnow|flinch
|
|-weather|Snowscape|[upkeep]
|upkeep
|turn|27
|
|t:|1759075749
|switch|p1a: Florges|Florges, F, shiny|44/100
|move|p2a: Abomasnow|Leech Seed|p1a: Florges
|-start|p1a: Florges|move: Leech Seed
|
|-weather|Snowscape|[upkeep]
|-damage|p1a: Florges|31/100|[from] Leech Seed|[of] p2a: Abomasnow
|-heal|p2a: Abomasnow|34/100|[silent]
|upkeep
|turn|28
|
|t:|1759075759
|switch|p2a: Slowking|Slowking-Galar, F|93/100
|move|p1a: Florges|Alluring Voice|p2a: Slowking
|-resisted|p2a: Slowking
|-damage|p2a: Slowking|80/100
|
|-weather|Snowscape|[upkeep]
|-damage|p1a: Florges|19/100|[from] Leech Seed|[of] p2a: Slowking
|-heal|p2a: Slowking|92/100|[silent]
|upkeep
|turn|29
|
|t:|1759075769
|move|p1a: Florges|Energy Ball|p2a: Slowking
|-resisted|p2a: Slowking
|-damage|p2a: Slowking|83/100
|move|p2a: Slowking|Future Sight|p1a: Florges
|-start|p2a: Slowking|move: Future Sight
|
|-weather|Snowscape|[upkeep]
|-damage|p1a: Florges|6/100|[from] Leech Seed|[of] p2a: Slowking
|-heal|p2a: Slowking|94/100|[silent]
|upkeep
|turn|30
|
|t:|1759075778
|move|p1a: Florges|Draining Kiss|p2a: Slowking
|-resisted|p2a: Slowking
|-damage|p2a: Slowking|87/100
|-heal|p1a: Florges|12/100|[from] drain|[of] p2a: Slowking
|-prepare|p2a: Slowking|Chilly Reception|[premajor]
|move|p2a: Slowking|Chilly Reception|p2a: Slowking
|
|t:|1759075784
|switch|p2a: Abomasnow|Abomasnow, F, tera:Water|34/100|[from] Chilly Reception
|
|-weather|Snowscape|[upkeep]
|-damage|p1a: Florges|0 fnt|[from] Leech Seed|[of] p2a: Abomasnow
|-heal|p2a: Abomasnow|45/100|[silent]
|faint|p1a: Florges
|upkeep
|
|t:|1759075792
|switch|p1a: Gholdengo|Gholdengo|100/100
|turn|31
|inactive|Battle timer is ON: inactive players will automatically lose when time's up. (requested by Dwembox)
|
|t:|1759075799
|move|p1a: Gholdengo|Shadow Ball|p2a: Abomasnow
|-damage|p2a: Abomasnow|6/100
|move|p2a: Abomasnow|Leech Seed|p1a: Gholdengo
|-immune|p1a: Gholdengo|[from] ability: Good as Gold
|
|-weather|Snowscape|[upkeep]
|-end|p1a: Gholdengo|move: Future Sight
|-resisted|p1a: Gholdengo
|-damage|p1a: Gholdengo|69/100
|upkeep
|turn|32
|
|t:|1759075809
|move|p1a: Gholdengo|Shadow Ball|p2a: Abomasnow
|-damage|p2a: Abomasnow|0 fnt
|faint|p2a: Abomasnow
|
|-weather|Snowscape|[upkeep]
|upkeep
|
|t:|1759075825
|switch|p2a: Slowking|Slowking-Galar, F|100/100
|turn|33
|
|t:|1759075832
|move|p1a: Gholdengo|Shadow Ball|p2a: Slowking
|-supereffective|p2a: Slowking
|-damage|p2a: Slowking|40/100
|move|p2a: Slowking|Future Sight|p1a: Gholdengo
|-start|p2a: Slowking|move: Future Sight
|
|-weather|none
|upkeep
|turn|34
|
|t:|1759075839
|switch|p2a: Alomomola|Alomomola, F|100/100
|move|p1a: Gholdengo|Shadow Ball|p2a: Alomomola
|-damage|p2a: Alomomola|52/100
|
|upkeep
|turn|35
|
|t:|1759075847
|switch|p2a: Avalugg|Avalugg, F|87/100
|move|p1a: Gholdengo|Shadow Ball|p2a: Avalugg
|-damage|p2a: Avalugg|18/100
|
|-end|p1a: Gholdengo|move: Future Sight
|-resisted|p1a: Gholdengo
|-damage|p1a: Gholdengo|40/100
|upkeep
|turn|36
|-activate|p1a: Gholdengo|item: Quick Claw
|
|t:|1759075862
|move|p1a: Gholdengo|Shadow Ball|p2a: Avalugg
|-damage|p2a: Avalugg|0 fnt
|faint|p2a: Avalugg
|
|upkeep
|
|t:|1759075865
|switch|p2a: Slowking|Slowking-Galar, F|73/100
|turn|37
|
|t:|1759075873
|move|p1a: Gholdengo|Shadow Ball|p2a: Slowking
|-supereffective|p2a: Slowking
|-damage|p2a: Slowking|5/100
|-unboost|p2a: Slowking|spd|1
|move|p2a: Slowking|Future Sight|p1a: Gholdengo
|-start|p2a: Slowking|move: Future Sight
|
|upkeep
|turn|38
|-activate|p1a: Gholdengo|item: Quick Claw
|
|t:|1759075881
|switch|p2a: Alomomola|Alomomola, F|86/100
|move|p1a: Gholdengo|Shadow Ball|p2a: Alomomola
|-damage|p2a: Alomomola|38/100
|
|upkeep
|turn|39
|
|t:|1759075889
|move|p2a: Alomomola|Protect|p2a: Alomomola
|-singleturn|p2a: Alomomola|Protect
|move|p1a: Gholdengo|Shadow Ball|p2a: Alomomola
|-activate|p2a: Alomomola|move: Protect
|
|-end|p1a: Gholdengo|move: Future Sight
|-resisted|p1a: Gholdengo
|-damage|p1a: Gholdengo|11/100
|upkeep
|turn|40
|-activate|p1a: Gholdengo|item: Quick Claw
|
|t:|1759075900
|switch|p2a: Slowking|Slowking-Galar, F|39/100
|move|p1a: Gholdengo|Shadow Ball|p2a: Slowking
|-supereffective|p2a: Slowking
|-damage|p2a: Slowking|0 fnt
|faint|p2a: Slowking
|
|upkeep
|
|t:|1759075905
|switch|p2a: Alomomola|Alomomola, F|71/100
|turn|41
|
|t:|1759075912
|move|p1a: Gholdengo|Shadow Ball|p2a: Alomomola
|-damage|p2a: Alomomola|23/100
|move|p2a: Alomomola|Flip Turn|p1a: Gholdengo
|-damage|p1a: Gholdengo|0 fnt
|faint|p1a: Gholdengo
|
|win|Dwembox
|raw|jignesh432's rating: 1085 &rarr; <strong>1063</strong><br />(-22 for losing)
|raw|Dwembox's rating: 1093 &rarr; <strong>1118</strong><br />(+25 for winning)
|l|☆Dwembox
|player|p2|
|l|☆jignesh432
|player|p1|
