|badge|p1|bronze|gen9ou|100-6
|html|<div class="broadcast-red"><strong>This battle is required to be public due to one or more player having a season medal.</strong><br />During the public phase, you can discuss the state of the ladder <a href="/seasondiscussion">in a special chatroom.</a></div>
|uhtml|medal-msg|<div class="broadcast-blue">Curious what those medals under the avatar are? PS now has Ladder Seasons! For more information, check out the <a href="https://www.smogon.com/forums/threads/3740067/">thread on Smogon.</a></div>
|badge|p2|bronze|gen9ou|100-6
|uhtml|medal-msg|<div class="broadcast-blue">Curious what those medals under the avatar are? PS now has Ladder Seasons! For more information, check out the <a href="https://www.smogon.com/forums/threads/3740067/">thread on Smogon.</a></div>
|raw|<div class="broadcast-blue"><strong>This battle is required to be public due to a player having a name starting with 'medal'.</div>
|j|☆Smokin dat zaza fr
|j|☆WogerHater
|t:|1758935875
|gametype|singles
|player|p1|Smokin dat zaza fr|saguaro|1833
|player|p2|WogerHater|dawn-gen4pt|1791
|gen|9
|tier|[Gen 9] OU
|rated|
|rule|HP Percentage Mod: HP is shown in percentages
|rule|Endless Battle Clause: Forcing endless battles is banned
|rule|Species Clause: Limit one of each Pokémon
|rule|OHKO Clause: OHKO moves are banned
|rule|Evasion Items Clause: Evasion items are banned
|rule|Evasion Moves Clause: Evasion moves are banned
|rule|Evasion Abilities Clause: Evasion abilities are banned
|rule|Sleep Moves Clause: Sleep-inducing moves are banned
|clearpoke
|poke|p1|Entei|
|poke|p1|Samurott-Hisui, M|
|poke|p1|Corviknight, F|
|poke|p1|Sinistcha|
|poke|p1|Garganacl, F|
|poke|p1|Iron Hands|
|poke|p2|Weezing-Galar, M|
|poke|p2|Ting-Lu|
|poke|p2|Corviknight, M|
|poke|p2|Skeledirge, M|
|poke|p2|Dragapult, M|
|poke|p2|Ogerpon-Wellspring, F|
|teampreview
|inactive|Battle timer is ON: inactive players will automatically lose when time's up. (requested by WogerHater)
|c|☆Smokin dat zaza fr|hf
|inactive|Smokin dat zaza fr has 120 seconds left.
|j| locked in bro
|
|t:|1758935913
|teamsize|p1|6
|teamsize|p2|6
|start
|switch|p1a: Samurott|Samurott-Hisui, M|100/100
|switch|p2a: Ogerpon|Ogerpon-Wellspring, F|100/100
|turn|1
|
|t:|1758935918
|switch|p1a: Corviknight|Corviknight, F|100/100
|-ability|p1a: Corviknight|Pressure
|move|p2a: Ogerpon|Spikes|p1a: Corviknight
|-sidestart|p1: Smokin dat zaza fr|Spikes
|
|upkeep
|turn|2
|
|t:|1758935925
|move|p2a: Ogerpon|Knock Off|p1a: Corviknight
|-damage|p1a: Corviknight|81/100
|-damage|p2a: Ogerpon|84/100|[from] item: Rocky Helmet|[of] p1a: Corviknight
|-enditem|p1a: Corviknight|Rocky Helmet|[from] move: Knock Off|[of] p2a: Ogerpon
|move|p1a: Corviknight|Defog|p2a: Ogerpon
|-unboost|p2a: Ogerpon|evasion|1
|-sideend|p1: Smokin dat zaza fr|Spikes|[from] move: Defog|[of] p1a: Corviknight
|
|upkeep
|turn|3
|j| seiko leich
|
|t:|1758935929
|switch|p2a: Corviknight|Corviknight, M|100/100
|-ability|p2a: Corviknight|Pressure
|move|p1a: Corviknight|Brave Bird|p2a: Corviknight
|-resisted|p2a: Corviknight
|-damage|p2a: Corviknight|89/100
|-damage|p1a: Corviknight|65/100|[from] item: Rocky Helmet|[of] p2a: Corviknight
|-damage|p1a: Corviknight|61/100|[from] Recoil
|
|upkeep
|turn|4
|
|t:|1758935938
|move|p2a: Corviknight|U-turn|p1a: Corviknight
|-resisted|p1a: Corviknight
|-damage|p1a: Corviknight|59/100
|
|t:|1758935940
|switch|p2a: Dragapult|Dragapult, M|100/100|[from] U-turn
|move|p1a: Corviknight|Roost|p1a: Corviknight
|-heal|p1a: Corviknight|100/100
|-singleturn|p1a: Corviknight|move: Roost
|
|upkeep
|turn|5
|
|t:|1758935949
|switch|p1a: Garganacl|Garganacl, F|100/100
|move|p2a: Dragapult|Shadow Ball|p1a: Garganacl
|-damage|p1a: Garganacl|84/100
|-unboost|p1a: Garganacl|spd|1
|
|-heal|p1a: Garganacl|90/100|[from] item: Leftovers
|upkeep
|turn|6
|
|t:|1758935955
|switch|p2a: Ting-Lu|Ting-Lu, shiny|100/100
|-ability|p2a: Ting-Lu|Vessel of Ruin
|move|p1a: Garganacl|Salt Cure|p2a: Ting-Lu
|-resisted|p2a: Ting-Lu
|-damage|p2a: Ting-Lu|97/100
|-start|p2a: Ting-Lu|Salt Cure
|
|-heal|p2a: Ting-Lu|100/100|[from] item: Leftovers
|-heal|p1a: Garganacl|96/100|[from] item: Leftovers
|-damage|p2a: Ting-Lu|88/100|[from] Salt Cure
|upkeep
|turn|7
|
|t:|1758935959
|switch|p1a: Samurott|Samurott-Hisui, M|100/100
|move|p2a: Ting-Lu|Stealth Rock|p1a: Samurott
|-sidestart|p1: Smokin dat zaza fr|move: Stealth Rock
|
|-heal|p2a: Ting-Lu|94/100|[from] item: Leftovers
|-damage|p2a: Ting-Lu|82/100|[from] Salt Cure
|upkeep
|turn|8
|
|t:|1758935964
|switch|p2a: GAS.|Weezing-Galar, M|100/100
|-ability|p2a: GAS.|Neutralizing Gas
|move|p1a: Samurott|Knock Off|p2a: GAS.
|-resisted|p2a: GAS.
|-damage|p2a: GAS.|86/100
|-enditem|p2a: GAS.|Heavy-Duty Boots|[from] move: Knock Off|[of] p1a: Samurott
|
|upkeep
|turn|9
|
|t:|1758935971
|move|p1a: Samurott|Flip Turn|p2a: GAS.
|-damage|p2a: GAS.|66/100
|
|t:|1758935975
|switch|p1a: Entei|Entei, shiny|100/100|[from] Flip Turn
|-damage|p1a: Entei|76/100|[from] Stealth Rock
|move|p2a: GAS.|Sludge Bomb|p1a: Entei
|-damage|p1a: Entei|45/100
|
|upkeep
|turn|10
|
|t:|1758935982
|-end|p2a: GAS.|ability: Neutralizing Gas
|switch|p2a: Skeledirge|Skeledirge, M|100/100
|move|p1a: Entei|Sacred Fire|p2a: Skeledirge
|-resisted|p2a: Skeledirge
|-damage|p2a: Skeledirge|71/100
|
|upkeep
|turn|11
|
|t:|1758935987
|switch|p1a: Garganacl|Garganacl, F|96/100
|-damage|p1a: Garganacl|84/100|[from] Stealth Rock
|move|p2a: Skeledirge|Earth Power|p1a: Garganacl
|-supereffective|p1a: Garganacl
|-damage|p1a: Garganacl|54/100
|
|-heal|p1a: Garganacl|60/100|[from] item: Leftovers
|upkeep
|turn|12
|
|t:|1758935991
|move|p2a: Skeledirge|Earth Power|p1a: Garganacl
|-supereffective|p1a: Garganacl
|-damage|p1a: Garganacl|33/100
|move|p1a: Garganacl|Recover|p1a: Garganacl
|-heal|p1a: Garganacl|83/100
|
|-heal|p1a: Garganacl|89/100|[from] item: Leftovers
|upkeep
|turn|13
|
|t:|1758935996
|move|p2a: Skeledirge|Torch Song|p1a: Garganacl
|-resisted|p1a: Garganacl
|-damage|p1a: Garganacl|80/100
|-boost|p2a: Skeledirge|spa|1
|move|p1a: Garganacl|Stealth Rock|p2a: Skeledirge
|-sidestart|p2: WogerHater|move: Stealth Rock
|
|-heal|p1a: Garganacl|87/100|[from] item: Leftovers
|upkeep
|turn|14
|
|t:|1758935999
|switch|p1a: Samurott|Samurott-Hisui, M|100/100
|-damage|p1a: Samurott|88/100|[from] Stealth Rock
|move|p2a: Skeledirge|Earth Power|p1a: Samurott
|-damage|p1a: Samurott|54/100
|
|upkeep
|turn|15
|
|t:|1758936005
|switch|p2a: Corviknight|Corviknight, M|89/100
|-damage|p2a: Corviknight|76/100|[from] Stealth Rock
|-ability|p2a: Corviknight|Pressure
|move|p1a: Samurott|Ceaseless Edge|p2a: Corviknight
|-damage|p2a: Corviknight|45/100
|-damage|p1a: Samurott|38/100|[from] item: Rocky Helmet|[of] p2a: Corviknight
|-sidestart|p2: WogerHater|Spikes
|
|upkeep
|turn|16
|
|t:|1758936011
|move|p1a: Samurott|Knock Off|p2a: Corviknight
|-damage|p2a: Corviknight|14/100
|-damage|p1a: Samurott|21/100|[from] item: Rocky Helmet|[of] p2a: Corviknight
|-enditem|p2a: Corviknight|Rocky Helmet|[from] move: Knock Off|[of] p1a: Samurott
|move|p2a: Corviknight|Roost|p2a: Corviknight
|-heal|p2a: Corviknight|64/100
|-singleturn|p2a: Corviknight|move: Roost
|
|upkeep
|turn|17
|
|t:|1758936014
|move|p1a: Samurott|Aqua Cutter|p2a: Corviknight
|-damage|p2a: Corviknight|30/100
|move|p2a: Corviknight|U-turn|p1a: Samurott
|-supereffective|p1a: Samurott
|-damage|p1a: Samurott|0 fnt
|faint|p1a: Samurott
|
|t:|1758936024
|switch|p2a: Dragapult|Dragapult, M|100/100|[from] U-turn
|-damage|p2a: Dragapult|88/100|[from] Stealth Rock
|-damage|p2a: Dragapult|76/100|[from] Spikes
|
|upkeep
|
|t:|1758936029
|switch|p1a: Garganacl|Garganacl, F|87/100
|-damage|p1a: Garganacl|74/100|[from] Stealth Rock
|turn|18
|
|t:|1758936043
|move|p1a: Garganacl|Protect|p1a: Garganacl
|-singleturn|p1a: Garganacl|Protect
|move|p2a: Dragapult|Draco Meteor|p1a: Garganacl
|-activate|p1a: Garganacl|move: Protect
|
|-heal|p1a: Garganacl|80/100|[from] item: Leftovers
|upkeep
|turn|19
|
|t:|1758936049
|move|p2a: Dragapult|Draco Meteor|p1a: Garganacl
|-damage|p1a: Garganacl|28/100
|-unboost|p2a: Dragapult|spa|2
|move|p1a: Garganacl|Salt Cure|p2a: Dragapult
|-damage|p2a: Dragapult|57/100
|-start|p2a: Dragapult|Salt Cure
|
|-heal|p1a: Garganacl|34/100|[from] item: Leftovers
|-damage|p2a: Dragapult|45/100|[from] Salt Cure
|upkeep
|turn|20
|
|t:|1758936054
|switch|p2a: GAS.|Weezing-Galar, M|66/100
|-ability|p2a: GAS.|Neutralizing Gas
|-damage|p2a: GAS.|53/100|[from] Stealth Rock
|-damage|p2a: GAS.|41/100|[from] Spikes
|move|p1a: Garganacl|Recover|p1a: Garganacl
|-heal|p1a: Garganacl|84/100
|
|-heal|p1a: Garganacl|91/100|[from] item: Leftovers
|upkeep
|turn|21
|
|t:|1758936059
|switch|p1a: Iron Hands|Iron Hands|100/100
|-damage|p1a: Iron Hands|94/100|[from] Stealth Rock
|move|p2a: GAS.|Defog|p1a: Iron Hands
|-unboost|p1a: Iron Hands|evasion|1
|-sideend|p1: Smokin dat zaza fr|Stealth Rock|[from] move: Defog|[of] p2a: GAS.
|-sideend|p2: WogerHater|Spikes|[from] move: Defog|[of] p2a: GAS.
|-sideend|p2: WogerHater|Stealth Rock|[from] move: Defog|[of] p2a: GAS.
|
|upkeep
|turn|22
|
|t:|1758936068
|move|p1a: Iron Hands|Heavy Slam|p2a: GAS.
|-supereffective|p2a: GAS.
|-damage|p2a: GAS.|0 fnt
|faint|p2a: GAS.
|-end|p2a: GAS.|ability: Neutralizing Gas
|
|upkeep
|
|t:|1758936073
|switch|p2a: Skeledirge|Skeledirge, M|71/100
|turn|23
|inactive|Smokin dat zaza fr has 120 seconds left.
|
|t:|1758936116
|-end|p1a: Iron Hands|Quark Drive|[silent]
|switch|p1a: Entei|Entei, shiny|45/100
|move|p2a: Skeledirge|Slack Off|p2a: Skeledirge
|-heal|p2a: Skeledirge|100/100
|
|upkeep
|turn|24
|
|t:|1758936124
|switch|p2a: Ting-Lu|Ting-Lu, shiny|82/100
|-ability|p2a: Ting-Lu|Vessel of Ruin
|move|p1a: Entei|Stone Edge|p2a: Ting-Lu
|-resisted|p2a: Ting-Lu
|-damage|p2a: Ting-Lu|69/100
|
|-heal|p2a: Ting-Lu|75/100|[from] item: Leftovers
|upkeep
|turn|25
|j| Bobaba
|
|t:|1758936136
|switch|p1a: Sinistcha|Sinistcha|100/100
|move|p2a: Ting-Lu|Stealth Rock|p1a: Sinistcha
|-sidestart|p1: Smokin dat zaza fr|move: Stealth Rock
|
|-heal|p2a: Ting-Lu|81/100|[from] item: Leftovers
|upkeep
|turn|26
|
|t:|1758936144
|switch|p2a: Ogerpon|Ogerpon-Wellspring, F|84/100
|move|p1a: Sinistcha|Matcha Gotcha|p2a: Ogerpon
|-damage|p2a: Ogerpon|55/100
|-status|p2a: Ogerpon|brn
|
|-damage|p2a: Ogerpon|49/100 brn|[from] brn
|upkeep
|turn|27
|
|t:|1758936153
|switch|p1a: Corviknight|Corviknight, F|100/100
|-damage|p1a: Corviknight|88/100|[from] Stealth Rock
|-ability|p1a: Corviknight|Pressure
|move|p2a: Ogerpon|Knock Off|p1a: Corviknight
|-damage|p1a: Corviknight|81/100
|
|-damage|p2a: Ogerpon|43/100 brn|[from] brn
|upkeep
|turn|28
|
|t:|1758936161
|switch|p2a: Dragapult|Dragapult, M|45/100
|move|p1a: Corviknight|U-turn|p2a: Dragapult
|-resisted|p2a: Dragapult
|-damage|p2a: Dragapult|35/100
|
|t:|1758936163
|switch|p1a: Garganacl|Garganacl, F|91/100|[from] U-turn
|-damage|p1a: Garganacl|78/100|[from] Stealth Rock
|
|-heal|p1a: Garganacl|84/100|[from] item: Leftovers
|upkeep
|turn|29
|
|t:|1758936171
|move|p2a: Dragapult|Draco Meteor|p1a: Garganacl
|-damage|p1a: Garganacl|34/100
|-unboost|p2a: Dragapult|spa|2
|move|p1a: Garganacl|Stealth Rock|p2a: Dragapult
|-sidestart|p2: WogerHater|move: Stealth Rock
|
|-heal|p1a: Garganacl|40/100|[from] item: Leftovers
|upkeep
|turn|30
|
|t:|1758936176
|switch|p2a: Ogerpon|Ogerpon-Wellspring, F|43/100 brn
|-damage|p2a: Ogerpon|31/100 brn|[from] Stealth Rock
|move|p1a: Garganacl|Recover|p1a: Garganacl
|-heal|p1a: Garganacl|90/100
|
|-heal|p1a: Garganacl|96/100|[from] item: Leftovers
|-damage|p2a: Ogerpon|25/100 brn|[from] brn
|upkeep
|turn|31
|
|t:|1758936184
|switch|p1a: Corviknight|Corviknight, F|81/100
|-damage|p1a: Corviknight|69/100|[from] Stealth Rock
|-ability|p1a: Corviknight|Pressure
|move|p2a: Ogerpon|Spikes|p1a: Corviknight
|-sidestart|p1: Smokin dat zaza fr|Spikes
|
|-damage|p2a: Ogerpon|19/100 brn|[from] brn
|upkeep
|turn|32
|
|t:|1758936189
|move|p2a: Ogerpon|Synthesis|p2a: Ogerpon
|-heal|p2a: Ogerpon|69/100 brn
|move|p1a: Corviknight|Defog|p2a: Ogerpon
|-unboost|p2a: Ogerpon|evasion|1
|-sideend|p2: WogerHater|Stealth Rock|[from] move: Defog|[of] p1a: Corviknight
|-sideend|p1: Smokin dat zaza fr|Spikes|[from] move: Defog|[of] p1a: Corviknight
|-sideend|p1: Smokin dat zaza fr|Stealth Rock|[from] move: Defog|[of] p1a: Corviknight
|
|-damage|p2a: Ogerpon|63/100 brn|[from] brn
|upkeep
|turn|33
|
|t:|1758936193
|move|p2a: Ogerpon|Spikes|p1a: Corviknight
|-sidestart|p1: Smokin dat zaza fr|Spikes
|move|p1a: Corviknight|Brave Bird|p2a: Ogerpon
|-supereffective|p2a: Ogerpon
|-damage|p2a: Ogerpon|0 fnt
|faint|p2a: Ogerpon
|-damage|p1a: Corviknight|50/100|[from] Recoil
|
|upkeep
|
|t:|1758936196
|switch|p2a: Skeledirge|Skeledirge, M|100/100
|turn|34
|inactive|Smokin dat zaza fr has 120 seconds left.
|
|t:|1758936231
|switch|p1a: Sinistcha|Sinistcha|100/100
|move|p2a: Skeledirge|Torch Song|p1a: Sinistcha
|-supereffective|p1a: Sinistcha
|-damage|p1a: Sinistcha|66/100
|-boost|p2a: Skeledirge|spa|1
|
|upkeep
|turn|35
|inactive|Smokin dat zaza fr has 120 seconds left.
|
|t:|1758936238
|move|p1a: Sinistcha|Shadow Ball|p2a: Skeledirge
|-supereffective|p2a: Skeledirge
|-damage|p2a: Skeledirge|55/100
|move|p2a: Skeledirge|Torch Song|p1a: Sinistcha
|-supereffective|p1a: Sinistcha
|-damage|p1a: Sinistcha|8/100
|-boost|p2a: Skeledirge|spa|1
|
|upkeep
|turn|36
|
|t:|1758936243
|move|p1a: Sinistcha|Shadow Ball|p2a: Skeledirge
|-supereffective|p2a: Skeledirge
|-damage|p2a: Skeledirge|4/100
|move|p2a: Skeledirge|Slack Off|p2a: Skeledirge
|-heal|p2a: Skeledirge|54/100
|
|upkeep
|turn|37
|
|t:|1758936247
|switch|p2a: Corviknight|Corviknight, M|30/100
|-ability|p2a: Corviknight|Pressure
|move|p1a: Sinistcha|Shadow Ball|p2a: Corviknight
|-damage|p2a: Corviknight|0 fnt
|faint|p2a: Corviknight
|
|upkeep
|
|t:|1758936251
|switch|p2a: Dragapult|Dragapult, M|35/100
|turn|38
|
|t:|1758936258
|switch|p1a: Corviknight|Corviknight, F|50/100
|-ability|p1a: Corviknight|Pressure
|move|p2a: Dragapult|U-turn|p1a: Corviknight
|-resisted|p1a: Corviknight
|-damage|p1a: Corviknight|48/100
|
|t:|1758936261
|switch|p2a: Skeledirge|Skeledirge, M|54/100|[from] U-turn
|
|upkeep
|turn|39
|
|t:|1758936272
|move|p2a: Skeledirge|Slack Off|p2a: Skeledirge
|-heal|p2a: Skeledirge|100/100
|move|p1a: Corviknight|U-turn|p2a: Skeledirge
|-resisted|p2a: Skeledirge
|-damage|p2a: Skeledirge|98/100
|
|t:|1758936274
|switch|p1a: Sinistcha|Sinistcha|8/100|[from] U-turn
|
|upkeep
|turn|40
|
|t:|1758936276
|move|p1a: Sinistcha|Shadow Ball|p2a: Skeledirge
|-supereffective|p2a: Skeledirge
|-damage|p2a: Skeledirge|55/100
|move|p2a: Skeledirge|Torch Song|p1a: Sinistcha
|-supereffective|p1a: Sinistcha
|-damage|p1a: Sinistcha|0 fnt
|-boost|p2a: Skeledirge|spa|1
|faint|p1a: Sinistcha
|
|upkeep
|
|t:|1758936286
|switch|p1a: Entei|Entei, shiny|45/100
|-damage|p1a: Entei|33/100|[from] Spikes
|turn|41
|
|t:|1758936294
|move|p1a: Entei|Sacred Fire|p2a: Skeledirge
|-resisted|p2a: Skeledirge
|-damage|p2a: Skeledirge|26/100
|move|p2a: Skeledirge|Slack Off|p2a: Skeledirge
|-heal|p2a: Skeledirge|76/100
|
|upkeep
|turn|42
|
|t:|1758936303
|switch|p1a: Corviknight|Corviknight, F|48/100
|-ability|p1a: Corviknight|Pressure
|move|p2a: Skeledirge|Earth Power|p1a: Corviknight
|-immune|p1a: Corviknight
|
|upkeep
|turn|43
|
|t:|1758936315
|switch|p1a: Iron Hands|Iron Hands|94/100
|-damage|p1a: Iron Hands|82/100|[from] Spikes
|move|p2a: Skeledirge|Torch Song|p1a: Iron Hands
|-damage|p1a: Iron Hands|56/100
|-boost|p2a: Skeledirge|spa|1
|
|upkeep
|turn|44
|
|t:|1758936323
|move|p2a: Skeledirge|Will-O-Wisp|p1a: Iron Hands
|-status|p1a: Iron Hands|brn
|move|p1a: Iron Hands|Earthquake|p2a: Skeledirge
|-supereffective|p2a: Skeledirge
|-damage|p2a: Skeledirge|41/100
|
|-damage|p1a: Iron Hands|50/100 brn|[from] brn
|upkeep
|turn|45
|
|t:|1758936328
|move|p2a: Skeledirge|Slack Off|p2a: Skeledirge
|-heal|p2a: Skeledirge|91/100
|move|p1a: Iron Hands|Earthquake|p2a: Skeledirge
|-supereffective|p2a: Skeledirge
|-damage|p2a: Skeledirge|56/100
|
|-damage|p1a: Iron Hands|44/100 brn|[from] brn
|upkeep
|turn|46
|
|t:|1758936330
|move|p2a: Skeledirge|Slack Off|p2a: Skeledirge
|-heal|p2a: Skeledirge|100/100
|move|p1a: Iron Hands|Earthquake|p2a: Skeledirge
|-supereffective|p2a: Skeledirge
|-crit|p2a: Skeledirge
|-damage|p2a: Skeledirge|55/100
|
|-damage|p1a: Iron Hands|38/100 brn|[from] brn
|upkeep
|turn|47
|
|t:|1758936333
|move|p2a: Skeledirge|Earth Power|p1a: Iron Hands
|-supereffective|p1a: Iron Hands
|-damage|p1a: Iron Hands|0 fnt
|faint|p1a: Iron Hands
|-end|p1a: Iron Hands|Quark Drive|[silent]
|
|upkeep
|
|t:|1758936337
|switch|p1a: Entei|Entei, shiny|33/100
|-damage|p1a: Entei|20/100|[from] Spikes
|turn|48
|
|t:|1758936348
|switch|p2a: Ting-Lu|Ting-Lu, shiny|81/100
|-ability|p2a: Ting-Lu|Vessel of Ruin
|move|p1a: Entei|Sacred Fire|p2a: Ting-Lu
|-damage|p2a: Ting-Lu|44/100
|-status|p2a: Ting-Lu|brn
|
|-heal|p2a: Ting-Lu|51/100 brn|[from] item: Leftovers
|-damage|p2a: Ting-Lu|44/100 brn|[from] brn
|upkeep
|turn|49
|
|t:|1758936352
|switch|p1a: Corviknight|Corviknight, F|48/100
|-ability|p1a: Corviknight|Pressure
|move|p2a: Ting-Lu|Stealth Rock|p1a: Corviknight
|-sidestart|p1: Smokin dat zaza fr|move: Stealth Rock
|
|-heal|p2a: Ting-Lu|51/100 brn|[from] item: Leftovers
|-damage|p2a: Ting-Lu|44/100 brn|[from] brn
|upkeep
|turn|50
|
|t:|1758936355
|move|p2a: Ting-Lu|Stealth Rock||[still]
|-fail|p2a: Ting-Lu
|move|p1a: Corviknight|Defog|p2a: Ting-Lu
|-unboost|p2a: Ting-Lu|evasion|1
|-sideend|p1: Smokin dat zaza fr|Spikes|[from] move: Defog|[of] p1a: Corviknight
|-sideend|p1: Smokin dat zaza fr|Stealth Rock|[from] move: Defog|[of] p1a: Corviknight
|
|-heal|p2a: Ting-Lu|51/100 brn|[from] item: Leftovers
|-damage|p2a: Ting-Lu|44/100 brn|[from] brn
|upkeep
|turn|51
|
|t:|1758936360
|move|p2a: Ting-Lu|Stealth Rock|p1a: Corviknight
|-sidestart|p1: Smokin dat zaza fr|move: Stealth Rock
|move|p1a: Corviknight|Brave Bird|p2a: Ting-Lu
|-damage|p2a: Ting-Lu|26/100 brn
|-damage|p1a: Corviknight|40/100|[from] Recoil
|
|-heal|p2a: Ting-Lu|32/100 brn|[from] item: Leftovers
|-damage|p2a: Ting-Lu|26/100 brn|[from] brn
|upkeep
|turn|52
|
|t:|1758936363
|switch|p2a: Skeledirge|Skeledirge, M|55/100
|move|p1a: Corviknight|Defog|p2a: Skeledirge
|-unboost|p2a: Skeledirge|evasion|1
|-sideend|p1: Smokin dat zaza fr|Stealth Rock|[from] move: Defog|[of] p1a: Corviknight
|
|upkeep
|turn|53
|
|t:|1758936367
|move|p2a: Skeledirge|Slack Off|p2a: Skeledirge
|-heal|p2a: Skeledirge|100/100
|move|p1a: Corviknight|U-turn|p2a: Skeledirge
|-resisted|p2a: Skeledirge
|-damage|p2a: Skeledirge|98/100
|
|t:|1758936368
|switch|p1a: Entei|Entei, shiny|20/100|[from] U-turn
|
|upkeep
|turn|54
|
|t:|1758936376
|switch|p2a: Dragapult|Dragapult, M|35/100
|move|p1a: Entei|Stone Edge|p2a: Dragapult|[miss]
|-miss|p1a: Entei|p2a: Dragapult
|
|upkeep
|turn|55
|
|t:|1758936382
|switch|p1a: Garganacl|Garganacl, F|96/100
|move|p2a: Dragapult|U-turn|p1a: Garganacl
|-crit|p1a: Garganacl
|-damage|p1a: Garganacl|78/100
|
|t:|1758936386
|switch|p2a: Ting-Lu|Ting-Lu, shiny|26/100 brn|[from] U-turn
|-ability|p2a: Ting-Lu|Vessel of Ruin
|
|-heal|p2a: Ting-Lu|32/100 brn|[from] item: Leftovers
|-heal|p1a: Garganacl|84/100|[from] item: Leftovers
|-damage|p2a: Ting-Lu|26/100 brn|[from] brn
|upkeep
|turn|56
|
|t:|1758936394
|switch|p1a: Corviknight|Corviknight, F|40/100
|-ability|p1a: Corviknight|Pressure
|move|p2a: Ting-Lu|Stealth Rock|p1a: Corviknight
|-sidestart|p1: Smokin dat zaza fr|move: Stealth Rock
|
|-heal|p2a: Ting-Lu|32/100 brn|[from] item: Leftovers
|-damage|p2a: Ting-Lu|26/100 brn|[from] brn
|upkeep
|turn|57
|
|t:|1758936397
|move|p2a: Ting-Lu|Rest|p2a: Ting-Lu
|-status|p2a: Ting-Lu|slp|[from] move: Rest
|-heal|p2a: Ting-Lu|100/100 slp|[silent]
|move|p1a: Corviknight|Defog|p2a: Ting-Lu
|-unboost|p2a: Ting-Lu|evasion|1
|-sideend|p1: Smokin dat zaza fr|Stealth Rock|[from] move: Defog|[of] p1a: Corviknight
|
|upkeep
|turn|58
|
|t:|1758936402
|cant|p2a: Ting-Lu|slp
|move|p1a: Corviknight|U-turn|p2a: Ting-Lu
|-supereffective|p2a: Ting-Lu
|-damage|p2a: Ting-Lu|85/100 slp
|
|t:|1758936405
|switch|p1a: Garganacl|Garganacl, F|84/100|[from] U-turn
|
|-heal|p2a: Ting-Lu|92/100 slp|[from] item: Leftovers
|-heal|p1a: Garganacl|90/100|[from] item: Leftovers
|upkeep
|turn|59
|
|t:|1758936414
|cant|p2a: Ting-Lu|slp
|move|p1a: Garganacl|Salt Cure|p2a: Ting-Lu
|-resisted|p2a: Ting-Lu
|-damage|p2a: Ting-Lu|88/100 slp
|-start|p2a: Ting-Lu|Salt Cure
|
|-heal|p2a: Ting-Lu|94/100 slp|[from] item: Leftovers
|-heal|p1a: Garganacl|97/100|[from] item: Leftovers
|-damage|p2a: Ting-Lu|82/100 slp|[from] Salt Cure
|upkeep
|turn|60
|
|t:|1758936420
|switch|p1a: Corviknight|Corviknight, F|40/100
|-ability|p1a: Corviknight|Pressure
|-curestatus|p2a: Ting-Lu|slp|[msg]
|move|p2a: Ting-Lu|Earthquake|p1a: Corviknight
|-immune|p1a: Corviknight
|
|-heal|p2a: Ting-Lu|88/100|[from] item: Leftovers
|-damage|p2a: Ting-Lu|75/100|[from] Salt Cure
|upkeep
|turn|61
|
|t:|1758936426
|move|p2a: Ting-Lu|Stealth Rock|p1a: Corviknight
|-sidestart|p1: Smokin dat zaza fr|move: Stealth Rock
|move|p1a: Corviknight|Roost|p1a: Corviknight
|-heal|p1a: Corviknight|90/100
|-singleturn|p1a: Corviknight|move: Roost
|
|-heal|p2a: Ting-Lu|82/100|[from] item: Leftovers
|-damage|p2a: Ting-Lu|69/100|[from] Salt Cure
|upkeep
|turn|62
|
|t:|1758936428
|switch|p2a: Skeledirge|Skeledirge, M|98/100
|move|p1a: Corviknight|Defog|p2a: Skeledirge
|-unboost|p2a: Skeledirge|evasion|1
|-sideend|p1: Smokin dat zaza fr|Stealth Rock|[from] move: Defog|[of] p1a: Corviknight
|
|upkeep
|turn|63
|
|t:|1758936434
|move|p2a: Skeledirge|Torch Song|p1a: Corviknight
|-supereffective|p1a: Corviknight
|-damage|p1a: Corviknight|34/100
|-boost|p2a: Skeledirge|spa|1
|move|p1a: Corviknight|U-turn|p2a: Skeledirge
|-resisted|p2a: Skeledirge
|-damage|p2a: Skeledirge|95/100
|
|t:|1758936436
|switch|p1a: Entei|Entei, shiny|20/100|[from] U-turn
|
|upkeep
|turn|64
|
|t:|1758936448
|move|p1a: Entei|Stone Edge|p2a: Skeledirge
|-supereffective|p2a: Skeledirge
|-damage|p2a: Skeledirge|20/100
|move|p2a: Skeledirge|Torch Song|p1a: Entei
|-resisted|p1a: Entei
|-damage|p1a: Entei|0 fnt
|-boost|p2a: Skeledirge|spa|1
|faint|p1a: Entei
|
|upkeep
|
|t:|1758936452
|switch|p1a: Corviknight|Corviknight, F|34/100
|-ability|p1a: Corviknight|Pressure
|turn|65
|j| back kartana
|
|t:|1758936461
|move|p2a: Skeledirge|Torch Song|p1a: Corviknight
|-supereffective|p1a: Corviknight
|-damage|p1a: Corviknight|0 fnt
|-boost|p2a: Skeledirge|spa|1
|faint|p1a: Corviknight
|
|upkeep
|c|☆Smokin dat zaza fr|gg
|-message|Smokin dat zaza fr forfeited.
|
|win|WogerHater
|raw|Smokin dat zaza fr's rating: 1833 &rarr; <strong>1811</strong><br />(-22 for losing)
|raw|WogerHater's rating: 1791 &rarr; <strong>1813</strong><br />(+22 for winning)
|l|☆Smokin dat zaza fr
|player|p1|
|l|☆WogerHater
|player|p2|
|l| back kartana
|l| locked in bro
