|j|☆rickky
|j|☆Imurdadwithmilk
|t:|1758946505
|gametype|singles
|player|p1|rickky|nate|1197
|player|p2|Imurdadwithmilk|blackbelt-gen4|1191
|gen|9
|tier|[Gen 9] OU
|rated|
|rule|HP Percentage Mod: HP is shown in percentages
|rule|Endless Battle Clause: Forcing endless battles is banned
|rule|Species Clause: Limit one of each Pokémon
|rule|OHKO Clause: OHKO moves are banned
|rule|Evasion Items Clause: Evasion items are banned
|rule|Evasion Moves Clause: Evasion moves are banned
|rule|Evasion Abilities Clause: Evasion abilities are banned
|rule|Sleep Moves Clause: Sleep-inducing moves are banned
|clearpoke
|poke|p1|Charizard, M|
|poke|p1|Torkoal, M|
|poke|p1|Slither Wing|
|poke|p1|Ursaluna, M|
|poke|p1|Rotom-Wash|
|poke|p1|Corviknight, F|
|poke|p2|Mamoswine, F|
|poke|p2|Ceruledge, F|
|poke|p2|Great Tusk|
|poke|p2|Clodsire, M|
|poke|p2|Gliscor, F|
|poke|p2|Kingambit, M|
|teampreview
|inactive|Battle timer is ON: inactive players will automatically lose when time's up. (requested by Imurdadwithmilk)
|
|t:|1758946514
|teamsize|p1|6
|teamsize|p2|6
|start
|switch|p1a: Rotom|Rotom-Wash|100/100
|switch|p2a: Mammoth|Mamoswine, F|100/100
|turn|1
|
|t:|1758946520
|move|p2a: Mammoth|Knock Off|p1a: Rotom
|-damage|p1a: Rotom|58/100
|-enditem|p1a: Rotom|Leftovers|[from] move: Knock Off|[of] p2a: Mammoth
|move|p1a: Rotom|Will-O-Wisp|p2a: Mammoth
|-status|p2a: Mammoth|brn
|
|-damage|p2a: Mammoth|94/100 brn|[from] brn
|upkeep
|turn|2
|
|t:|1758946530
|switch|p2a: Blades|Ceruledge, F, shiny|100/100
|move|p1a: Rotom|Pain Split|p2a: Blades
|-sethp|p2a: Blades|78/100|[from] move: Pain Split|[silent]
|-sethp|p1a: Rotom|81/100|[from] move: Pain Split
|
|upkeep
|turn|3
|
|t:|1758946537
|move|p2a: Blades|Solar Blade||[still]
|-prepare|p2a: Blades|Solar Blade
|-enditem|p2a: Blades|Power Herb
|-anim|p2a: Blades|Solar Blade|p1a: Rotom
|-supereffective|p1a: Rotom
|-damage|p1a: Rotom|0 fnt
|faint|p1a: Rotom
|
|upkeep
|
|t:|1758946546
|switch|p1a: Ursaluna|Ursaluna, M|100/100
|turn|4
|
|t:|1758946550
|switch|p2a: Mammoth|Mamoswine, F|94/100 brn
|move|p1a: Ursaluna|Headlong Rush|p2a: Mammoth
|-damage|p2a: Mammoth|14/100 brn
|-unboost|p1a: Ursaluna|def|1
|-unboost|p1a: Ursaluna|spd|1
|-enditem|p2a: Mammoth|Salac Berry|[eat]
|-boost|p2a: Mammoth|spe|1|[from] item: Salac Berry
|
|-damage|p2a: Mammoth|8/100 brn|[from] brn
|-status|p1a: Ursaluna|brn|[from] item: Flame Orb
|upkeep
|turn|5
|
|t:|1758946566
|move|p2a: Mammoth|Icicle Crash|p1a: Ursaluna
|-supereffective|p1a: Ursaluna
|-damage|p1a: Ursaluna|51/100 brn
|cant|p1a: Ursaluna|flinch
|
|-damage|p2a: Mammoth|2/100 brn|[from] brn
|-damage|p1a: Ursaluna|45/100 brn|[from] brn
|upkeep
|turn|6
|
|t:|1758946575
|switch|p1a: Corviknight|Corviknight, F|100/100
|-ability|p1a: Corviknight|Pressure
|move|p2a: Mammoth|Icicle Crash|p1a: Corviknight
|-damage|p1a: Corviknight|86/100
|
|-damage|p2a: Mammoth|0 fnt|[from] brn
|faint|p2a: Mammoth
|upkeep
|
|t:|1758946580
|switch|p2a: Blades|Ceruledge, F, shiny|78/100
|turn|7
|
|t:|1758946604
|switch|p1a: Torkoal|Torkoal, M|100/100
|-weather|SunnyDay|[from] ability: Drought|[of] p1a: Torkoal
|move|p2a: Blades|Swords Dance|p2a: Blades
|-boost|p2a: Blades|atk|2
|
|-weather|SunnyDay|[upkeep]
|upkeep
|turn|8
|
|t:|1758946616
|move|p2a: Blades|Bitter Blade|p1a: Torkoal
|-resisted|p1a: Torkoal
|-damage|p1a: Torkoal|62/100
|-heal|p2a: Blades|99/100|[from] drain|[of] p1a: Torkoal
|move|p1a: Torkoal|Stealth Rock|p2a: Blades
|-sidestart|p2: Imurdadwithmilk|move: Stealth Rock
|
|-weather|SunnyDay|[upkeep]
|upkeep
|turn|9
|
|t:|1758946626
|switch|p1a: Corviknight|Corviknight, F|86/100
|-ability|p1a: Corviknight|Pressure
|move|p2a: Blades|Swords Dance|p2a: Blades
|-boost|p2a: Blades|atk|2
|
|-weather|SunnyDay|[upkeep]
|upkeep
|turn|10
|
|t:|1758946636
|move|p2a: Blades|Bitter Blade|p1a: Corviknight
|-supereffective|p1a: Corviknight
|-damage|p1a: Corviknight|0 fnt
|-heal|p2a: Blades|100/100|[from] drain|[of] p1a: Corviknight
|-damage|p2a: Blades|84/100|[from] item: Rocky Helmet|[of] p1a: Corviknight
|faint|p1a: Corviknight
|
|-weather|SunnyDay|[upkeep]
|upkeep
|
|t:|1758946646
|switch|p1a: Charizard|Charizard, M, shiny|100/100
|turn|11
|
|t:|1758946653
|move|p1a: Charizard|Scorching Sands|p2a: Blades
|-supereffective|p2a: Blades
|-damage|p2a: Blades|11/100
|move|p2a: Blades|Bitter Blade|p1a: Charizard
|-resisted|p1a: Charizard
|-damage|p1a: Charizard|0 fnt
|-heal|p2a: Blades|59/100|[from] drain|[of] p1a: Charizard
|faint|p1a: Charizard
|
|-weather|SunnyDay|[upkeep]
|upkeep
|-message|rickky forfeited.
|
|win|Imurdadwithmilk
|raw|rickky's rating: 1197 &rarr; <strong>1172</strong><br />(-25 for losing)
|raw|Imurdadwithmilk's rating: 1191 &rarr; <strong>1216</strong><br />(+25 for winning)
|l|☆rickky
|player|p1|
|l|☆Imurdadwithmilk
|player|p2|
