|j|☆ronaldo117414
|j|☆oxlerd11
|t:|1759042750
|gametype|singles
|player|p1|ronaldo117414|cynthia-gen4|1301
|player|p2|oxlerd11|ingo|1267
|gen|9
|tier|[Gen 9] OU
|rated|
|rule|HP Percentage Mod: HP is shown in percentages
|rule|Endless Battle Clause: Forcing endless battles is banned
|rule|Species Clause: Limit one of each Pokémon
|rule|OHKO Clause: OHKO moves are banned
|rule|Evasion Items Clause: Evasion items are banned
|rule|Evasion Moves Clause: Evasion moves are banned
|rule|Evasion Abilities Clause: Evasion abilities are banned
|rule|Sleep Moves Clause: Sleep-inducing moves are banned
|clearpoke
|poke|p1|Ursaluna, M|
|poke|p1|Cresselia, F|
|poke|p1|Iron Valiant|
|poke|p1|Hatterene, F|
|poke|p1|Keldeo-Resolute|
|poke|p1|Ogerpon, F|
|poke|p2|Skeledirge, M|
|poke|p2|Clefable, M|
|poke|p2|Gliscor, M|
|poke|p2|Pecharunt|
|poke|p2|Chansey, F|
|poke|p2|Alomomola, F|
|teampreview
|inactive|Battle timer is ON: inactive players will automatically lose when time's up. (requested by ronaldo117414)
|
|t:|1759042768
|teamsize|p1|6
|teamsize|p2|6
|start
|switch|p1a: Keldeo|Keldeo-Resolute|100/100
|switch|p2a: Gliscor|Gliscor, M|100/100
|turn|1
|
|t:|1759042779
|move|p1a: Keldeo|Surf|p2a: Gliscor
|-supereffective|p2a: Gliscor
|-damage|p2a: Gliscor|0 fnt
|faint|p2a: Gliscor
|
|upkeep
|
|t:|1759042785
|switch|p2a: Chansey|Chansey, F|100/100
|turn|2
|
|t:|1759042793
|switch|p1a: Hatterene|Hatterene, F, shiny|100/100
|move|p2a: Chansey|Thunder Wave|p1a: Hatterene
|move|p1a: Hatterene|Thunder Wave|p2a: Chansey|[from] ability: Magic Bounce
|-status|p2a: Chansey|par
|
|upkeep
|turn|3
|
|t:|1759042808
|-curestatus|p2a: Chansey|par|[from] ability: Natural Cure
|switch|p2a: Skeledirge|Skeledirge, M|100/100
|move|p1a: Hatterene|Dazzling Gleam|p2a: Skeledirge
|-resisted|p2a: Skeledirge
|-damage|p2a: Skeledirge|77/100
|
|-heal|p2a: Skeledirge|83/100|[from] item: Leftovers
|upkeep
|turn|4
|
|t:|1759042830
|switch|p1a: Keldeo|Keldeo-Resolute|100/100
|move|p2a: Skeledirge|Will-O-Wisp|p1a: Keldeo
|-status|p1a: Keldeo|brn
|
|-heal|p2a: Skeledirge|89/100|[from] item: Leftovers
|-damage|p1a: Keldeo|94/100 brn|[from] brn
|upkeep
|turn|5
|
|t:|1759042843
|switch|p2a: Chansey|Chansey, F|100/100
|move|p1a: Keldeo|Surf|p2a: Chansey
|-damage|p2a: Chansey|81/100
|
|-damage|p1a: Keldeo|88/100 brn|[from] brn
|upkeep
|turn|6
|
|t:|1759042857
|switch|p1a: Hatterene|Hatterene, F, shiny|100/100
|move|p2a: Chansey|Seismic Toss|p1a: Hatterene
|-damage|p1a: Hatterene|69/100
|
|upkeep
|turn|7
|
|t:|1759042865
|move|p2a: Chansey|Seismic Toss|p1a: Hatterene
|-damage|p1a: Hatterene|37/100
|move|p1a: Hatterene|Psychic Noise|p2a: Chansey
|-damage|p2a: Chansey|70/100
|-start|p2a: Chansey|move: Heal Block
|
|upkeep
|turn|8
|
|t:|1759042880
|switch|p1a: Ogerpon|Ogerpon, F|100/100
|move|p2a: Chansey|Seismic Toss|p1a: Ogerpon
|-damage|p1a: Ogerpon|67/100
|
|-end|p2a: Chansey|move: Heal Block
|upkeep
|turn|9
|
|t:|1759042890
|switch|p1a: Hatterene|Hatterene, F, shiny|37/100
|move|p2a: Chansey|Seismic Toss|p1a: Hatterene
|-damage|p1a: Hatterene|6/100
|
|upkeep
|turn|10
|
|t:|1759042903
|switch|p1a: Keldeo|Keldeo-Resolute|88/100 brn
|move|p2a: Chansey|Soft-Boiled|p2a: Chansey
|-heal|p2a: Chansey|100/100
|
|-damage|p1a: Keldeo|82/100 brn|[from] brn
|upkeep
|turn|11
|
|t:|1759042914
|move|p1a: Keldeo|Flip Turn|p2a: Chansey
|-damage|p2a: Chansey|90/100
|
|t:|1759042917
|switch|p1a: Hatterene|Hatterene, F, shiny|6/100|[from] Flip Turn
|move|p2a: Chansey|Seismic Toss|p1a: Hatterene
|-damage|p1a: Hatterene|0 fnt
|faint|p1a: Hatterene
|
|upkeep
|c|☆ronaldo117414|Arey lawde kuch aur toh kar
|
|t:|1759042936
|switch|p1a: Keldeo|Keldeo-Resolute|82/100 brn
|turn|12
|
|t:|1759042943
|move|p1a: Keldeo|Secret Sword|p2a: Chansey
|-supereffective|p2a: Chansey
|-damage|p2a: Chansey|0 fnt
|faint|p2a: Chansey
|
|-damage|p1a: Keldeo|76/100 brn|[from] brn
|upkeep
|
|t:|1759042952
|switch|p2a: Pecharunt|Pecharunt|100/100
|turn|13
|
|t:|1759042969
|switch|p1a: Cresselia|Cresselia, F, shiny|100/100
|move|p2a: Pecharunt|Substitute|p2a: Pecharunt
|-start|p2a: Pecharunt|Substitute
|-damage|p2a: Pecharunt|75/100
|
|-heal|p2a: Pecharunt|82/100|[from] item: Leftovers
|upkeep
|turn|14
|
|t:|1759042984
|-terastallize|p1a: Cresselia|Poison
|move|p2a: Pecharunt|Toxic|p1a: Cresselia
|-immune|p1a: Cresselia
|move|p1a: Cresselia|Psychic|p2a: Pecharunt
|-supereffective|p2a: Pecharunt
|-crit|p2a: Pecharunt
|-end|p2a: Pecharunt|Substitute
|
|-heal|p2a: Pecharunt|88/100|[from] item: Leftovers
|upkeep
|turn|15
|
|t:|1759042999
|-terastallize|p2a: Pecharunt|Grass
|move|p2a: Pecharunt|Substitute|p2a: Pecharunt
|-start|p2a: Pecharunt|Substitute
|-damage|p2a: Pecharunt|63/100
|move|p1a: Cresselia|Psychic|p2a: Pecharunt
|-end|p2a: Pecharunt|Substitute
|
|-heal|p2a: Pecharunt|69/100|[from] item: Leftovers
|upkeep
|turn|16
|
|t:|1759043008
|move|p2a: Pecharunt|Night Shade|p1a: Cresselia
|-damage|p1a: Cresselia|78/100
|move|p1a: Cresselia|Trick Room|p1a: Cresselia
|-fieldstart|move: Trick Room|[of] p1a: Cresselia
|
|-heal|p2a: Pecharunt|75/100|[from] item: Leftovers
|upkeep
|turn|17
|
|t:|1759043018
|move|p1a: Cresselia|Ice Beam|p2a: Pecharunt
|-supereffective|p2a: Pecharunt
|-damage|p2a: Pecharunt|40/100
|move|p2a: Pecharunt|Night Shade|p1a: Cresselia
|-damage|p1a: Cresselia|55/100
|
|-heal|p2a: Pecharunt|47/100|[from] item: Leftovers
|upkeep
|turn|18
|
|t:|1759043033
|move|p1a: Cresselia|Psychic|p2a: Pecharunt
|-damage|p2a: Pecharunt|24/100
|move|p2a: Pecharunt|Recover|p2a: Pecharunt
|-heal|p2a: Pecharunt|74/100
|
|-heal|p2a: Pecharunt|80/100|[from] item: Leftovers
|upkeep
|turn|19
|
|t:|1759043055
|switch|p1a: Ogerpon|Ogerpon, F|67/100
|move|p2a: Pecharunt|Night Shade|p1a: Ogerpon
|-damage|p1a: Ogerpon|34/100
|
|-heal|p2a: Pecharunt|86/100|[from] item: Leftovers
|upkeep
|turn|20
|
|t:|1759043066
|switch|p2a: Skeledirge|Skeledirge, M|89/100
|move|p1a: Ogerpon|U-turn|p2a: Skeledirge
|-resisted|p2a: Skeledirge
|-damage|p2a: Skeledirge|84/100
|
|t:|1759043071
|switch|p1a: Keldeo|Keldeo-Resolute|76/100 brn|[from] U-turn
|
|-heal|p2a: Skeledirge|90/100|[from] item: Leftovers
|-damage|p1a: Keldeo|70/100 brn|[from] brn
|-fieldend|move: Trick Room
|upkeep
|turn|21
|
|t:|1759043085
|switch|p2a: Clefable|Clefable, M|100/100
|move|p1a: Keldeo|Surf|p2a: Clefable
|-damage|p2a: Clefable|40/100
|
|-heal|p2a: Clefable|46/100|[from] item: Leftovers
|-damage|p1a: Keldeo|63/100 brn|[from] brn
|upkeep
|turn|22
|
|t:|1759043115
|move|p1a: Keldeo|Surf|p2a: Clefable
|-damage|p2a: Clefable|0 fnt
|faint|p2a: Clefable
|
|-damage|p1a: Keldeo|57/100 brn|[from] brn
|upkeep
|c|☆ronaldo117414|Khel a lawde
|inactive|oxlerd11 has 120 seconds left.
|
|t:|1759043125
|switch|p2a: Pecharunt|Pecharunt, tera:Grass|86/100
|turn|23
|
|t:|1759043133
|switch|p1a: Cresselia|Cresselia, F, shiny, tera:Poison|55/100
|move|p2a: Pecharunt|Substitute|p2a: Pecharunt
|-start|p2a: Pecharunt|Substitute
|-damage|p2a: Pecharunt|61/100
|
|-heal|p2a: Pecharunt|67/100|[from] item: Leftovers
|upkeep
|turn|24
|inactive|oxlerd11 has 120 seconds left.
|
|t:|1759043149
|move|p2a: Pecharunt|Night Shade|p1a: Cresselia
|-damage|p1a: Cresselia|33/100
|move|p1a: Cresselia|Ice Beam|p2a: Pecharunt
|-supereffective|p2a: Pecharunt
|-end|p2a: Pecharunt|Substitute
|
|-heal|p2a: Pecharunt|73/100|[from] item: Leftovers
|upkeep
|turn|25
|
|t:|1759043157
|move|p2a: Pecharunt|Night Shade|p1a: Cresselia
|-damage|p1a: Cresselia|10/100
|move|p1a: Cresselia|Trick Room|p1a: Cresselia
|-fieldstart|move: Trick Room|[of] p1a: Cresselia
|
|-heal|p2a: Pecharunt|79/100|[from] item: Leftovers
|upkeep
|turn|26
|
|t:|1759043167
|switch|p1a: Ursaluna|Ursaluna, M, shiny|100/100
|move|p2a: Pecharunt|Night Shade|p1a: Ursaluna
|-immune|p1a: Ursaluna
|
|-heal|p2a: Pecharunt|85/100|[from] item: Leftovers
|-status|p1a: Ursaluna|brn|[from] item: Flame Orb
|upkeep
|turn|27
|j| Yojimbro
|
|t:|1759043177
|move|p1a: Ursaluna|Facade|p2a: Pecharunt
|-damage|p2a: Pecharunt|31/100
|move|p2a: Pecharunt|Substitute|p2a: Pecharunt
|-start|p2a: Pecharunt|Substitute
|-damage|p2a: Pecharunt|6/100
|
|-heal|p2a: Pecharunt|12/100|[from] item: Leftovers
|-damage|p1a: Ursaluna|94/100 brn|[from] brn
|upkeep
|turn|28
|
|t:|1759043188
|move|p1a: Ursaluna|Facade|p2a: Pecharunt
|-crit|p2a: Pecharunt
|-end|p2a: Pecharunt|Substitute
|move|p2a: Pecharunt|Recover|p2a: Pecharunt
|-heal|p2a: Pecharunt|62/100
|
|-heal|p2a: Pecharunt|68/100|[from] item: Leftovers
|-damage|p1a: Ursaluna|88/100 brn|[from] brn
|upkeep
|turn|29
|
|t:|1759043204
|move|p1a: Ursaluna|Fire Punch|p2a: Pecharunt
|-supereffective|p2a: Pecharunt
|-damage|p2a: Pecharunt|24/100
|move|p2a: Pecharunt|Recover|p2a: Pecharunt
|-heal|p2a: Pecharunt|74/100
|
|-heal|p2a: Pecharunt|80/100|[from] item: Leftovers
|-damage|p1a: Ursaluna|82/100 brn|[from] brn
|-fieldend|move: Trick Room
|upkeep
|turn|30
|
|t:|1759043218
|switch|p1a: Ogerpon|Ogerpon, F|34/100
|move|p2a: Pecharunt|Substitute|p2a: Pecharunt
|-start|p2a: Pecharunt|Substitute
|-damage|p2a: Pecharunt|55/100
|
|-heal|p2a: Pecharunt|61/100|[from] item: Leftovers
|upkeep
|turn|31
|
|t:|1759043232
|move|p1a: Ogerpon|Knock Off|p2a: Pecharunt
|-activate|p2a: Pecharunt|move: Substitute|[damage]
|move|p2a: Pecharunt|Recover|p2a: Pecharunt
|-heal|p2a: Pecharunt|100/100
|
|upkeep
|turn|32
|
|t:|1759043241
|switch|p1a: Ursaluna|Ursaluna, M, shiny|82/100 brn
|move|p2a: Pecharunt|Toxic||[still]
|-fail|p2a: Pecharunt
|
|-damage|p1a: Ursaluna|76/100 brn|[from] brn
|upkeep
|turn|33
|
|t:|1759043254
|move|p2a: Pecharunt|Substitute|p2a: Pecharunt
|-fail|p2a: Pecharunt|move: Substitute
|move|p1a: Ursaluna|Fire Punch|p2a: Pecharunt
|-supereffective|p2a: Pecharunt
|-end|p2a: Pecharunt|Substitute
|
|-damage|p1a: Ursaluna|70/100 brn|[from] brn
|upkeep
|turn|34
|
|t:|1759043263
|move|p2a: Pecharunt|Substitute|p2a: Pecharunt
|-start|p2a: Pecharunt|Substitute
|-damage|p2a: Pecharunt|75/100
|move|p1a: Ursaluna|Facade|p2a: Pecharunt
|-end|p2a: Pecharunt|Substitute
|
|-heal|p2a: Pecharunt|82/100|[from] item: Leftovers
|-damage|p1a: Ursaluna|64/100 brn|[from] brn
|upkeep
|turn|35
|
|t:|1759043279
|move|p2a: Pecharunt|Substitute|p2a: Pecharunt
|-start|p2a: Pecharunt|Substitute
|-damage|p2a: Pecharunt|57/100
|move|p1a: Ursaluna|Facade|p2a: Pecharunt
|-end|p2a: Pecharunt|Substitute
|
|-heal|p2a: Pecharunt|63/100|[from] item: Leftovers
|-damage|p1a: Ursaluna|58/100 brn|[from] brn
|upkeep
|turn|36
|
|t:|1759043302
|switch|p2a: Alomomola|Alomomola, F|100/100
|switch|p1a: Ogerpon|Ogerpon, F|34/100
|
|upkeep
|turn|37
|
|t:|1759043311
|move|p1a: Ogerpon|Ivy Cudgel|p2a: Alomomola
|-supereffective|p2a: Alomomola
|-damage|p2a: Alomomola|19/100
|-enditem|p2a: Alomomola|Sitrus Berry|[eat]
|-heal|p2a: Alomomola|44/100|[from] item: Sitrus Berry
|move|p2a: Alomomola|Wish|p2a: Alomomola
|
|upkeep
|turn|38
|
|t:|1759043339
|switch|p2a: Pecharunt|Pecharunt, tera:Grass|63/100
|move|p1a: Ogerpon|Ivy Cudgel|p2a: Pecharunt
|-resisted|p2a: Pecharunt
|-damage|p2a: Pecharunt|45/100
|
|-heal|p2a: Pecharunt|100/100|[from] move: Wish|[wisher] Alomomola
|upkeep
|turn|39
|
|t:|1759043354
|switch|p1a: Ursaluna|Ursaluna, M, shiny|58/100 brn
|move|p2a: Pecharunt|Substitute|p2a: Pecharunt
|-start|p2a: Pecharunt|Substitute
|-damage|p2a: Pecharunt|75/100
|
|-heal|p2a: Pecharunt|82/100|[from] item: Leftovers
|-damage|p1a: Ursaluna|52/100 brn|[from] brn
|upkeep
|turn|40
|inactive|oxlerd11 has 120 seconds left.
|c|☆ronaldo117414|Khelna bc
|
|t:|1759043395
|switch|p2a: Skeledirge|Skeledirge, M|90/100
|move|p1a: Ursaluna|Facade|p2a: Skeledirge
|-immune|p2a: Skeledirge
|
|-heal|p2a: Skeledirge|96/100|[from] item: Leftovers
|-damage|p1a: Ursaluna|46/100 brn|[from] brn
|upkeep
|turn|41
|c|☆ronaldo117414|Stall khelra h upar se time waste
|inactive|ronaldo117414 has 120 seconds left.
|
|t:|1759043419
|switch|p1a: Iron Valiant|Iron Valiant|100/100
|-enditem|p1a: Iron Valiant|Booster Energy
|-activate|p1a: Iron Valiant|ability: Quark Drive|[fromitem]
|-start|p1a: Iron Valiant|quarkdrivespe
|move|p2a: Skeledirge|Substitute|p2a: Skeledirge
|-start|p2a: Skeledirge|Substitute
|-damage|p2a: Skeledirge|71/100
|
|-heal|p2a: Skeledirge|77/100|[from] item: Leftovers
|upkeep
|turn|42
|inactive|ronaldo117414 has 120 seconds left.
|
|t:|1759043431
|move|p1a: Iron Valiant|Encore|p2a: Skeledirge
|-start|p2a: Skeledirge|Encore
|move|p2a: Skeledirge|Substitute|p2a: Skeledirge
|-fail|p2a: Skeledirge|move: Substitute
|
|-heal|p2a: Skeledirge|83/100|[from] item: Leftovers
|upkeep
|turn|43
|
|t:|1759043439
|move|p1a: Iron Valiant|Moonblast|p2a: Skeledirge
|-resisted|p2a: Skeledirge
|-activate|p2a: Skeledirge|move: Substitute|[damage]
|move|p2a: Skeledirge|Substitute|p2a: Skeledirge
|-fail|p2a: Skeledirge|move: Substitute
|
|-heal|p2a: Skeledirge|89/100|[from] item: Leftovers
|upkeep
|turn|44
|inactive|ronaldo117414 has 120 seconds left.
|
|t:|1759043462
|move|p1a: Iron Valiant|Moonblast|p2a: Skeledirge
|-resisted|p2a: Skeledirge
|-end|p2a: Skeledirge|Substitute
|move|p2a: Skeledirge|Substitute|p2a: Skeledirge
|-start|p2a: Skeledirge|Substitute
|-damage|p2a: Skeledirge|64/100
|
|-heal|p2a: Skeledirge|70/100|[from] item: Leftovers
|-end|p2a: Skeledirge|Encore
|upkeep
|turn|45
|inactive|ronaldo117414 has 120 seconds left.
|
|t:|1759043474
|move|p1a: Iron Valiant|Encore|p2a: Skeledirge
|-start|p2a: Skeledirge|Encore
|move|p2a: Skeledirge|Substitute|p2a: Skeledirge
|-fail|p2a: Skeledirge|move: Substitute
|
|-heal|p2a: Skeledirge|76/100|[from] item: Leftovers
|upkeep
|turn|46
|
|t:|1759043484
|-end|p1a: Iron Valiant|Quark Drive|[silent]
|switch|p1a: Ogerpon|Ogerpon, F|34/100
|move|p2a: Skeledirge|Substitute|p2a: Skeledirge
|-fail|p2a: Skeledirge|move: Substitute
|
|-heal|p2a: Skeledirge|83/100|[from] item: Leftovers
|upkeep
|turn|47
|inactive|oxlerd11 has 120 seconds left.
|
|t:|1759043491
|move|p1a: Ogerpon|Knock Off|p2a: Skeledirge
|-supereffective|p2a: Skeledirge
|-end|p2a: Skeledirge|Substitute
|move|p2a: Skeledirge|Substitute|p2a: Skeledirge
|-start|p2a: Skeledirge|Substitute
|-damage|p2a: Skeledirge|58/100
|
|-heal|p2a: Skeledirge|64/100|[from] item: Leftovers
|-end|p2a: Skeledirge|Encore
|upkeep
|turn|48
|
|t:|1759043500
|switch|p1a: Iron Valiant|Iron Valiant|100/100
|move|p2a: Skeledirge|Slack Off|p2a: Skeledirge
|-heal|p2a: Skeledirge|100/100
|
|upkeep
|turn|49
|
|t:|1759043507
|switch|p2a: Alomomola|Alomomola, F|77/100
|move|p1a: Iron Valiant|Encore||[still]
|-fail|p1a: Iron Valiant
|
|upkeep
|turn|50
|
|t:|1759043517
|switch|p2a: Skeledirge|Skeledirge, M|100/100
|move|p1a: Iron Valiant|Moonblast|p2a: Skeledirge
|-resisted|p2a: Skeledirge
|-damage|p2a: Skeledirge|78/100
|
|-heal|p2a: Skeledirge|84/100|[from] item: Leftovers
|upkeep
|turn|51
|
|t:|1759043530
|-end|p1a: Iron Valiant|Quark Drive|[silent]
|switch|p1a: Ursaluna|Ursaluna, M, shiny|46/100 brn
|move|p2a: Skeledirge|Will-O-Wisp|p1a: Ursaluna
|-fail|p1a: Ursaluna|brn
|
|-heal|p2a: Skeledirge|90/100|[from] item: Leftovers
|-damage|p1a: Ursaluna|40/100 brn|[from] brn
|upkeep
|turn|52
|
|t:|1759043541
|switch|p2a: Pecharunt|Pecharunt, tera:Grass|82/100
|move|p1a: Ursaluna|Headlong Rush|p2a: Pecharunt
|-resisted|p2a: Pecharunt
|-damage|p2a: Pecharunt|56/100
|-unboost|p1a: Ursaluna|def|1
|-unboost|p1a: Ursaluna|spd|1
|
|-heal|p2a: Pecharunt|62/100|[from] item: Leftovers
|-damage|p1a: Ursaluna|34/100 brn|[from] brn
|upkeep
|turn|53
|
|t:|1759043559
|switch|p1a: Cresselia|Cresselia, F, shiny, tera:Poison|10/100
|move|p2a: Pecharunt|Substitute|p2a: Pecharunt
|-start|p2a: Pecharunt|Substitute
|-damage|p2a: Pecharunt|37/100
|
|-heal|p2a: Pecharunt|43/100|[from] item: Leftovers
|upkeep
|turn|54
|
|t:|1759043570
|move|p2a: Pecharunt|Recover|p2a: Pecharunt
|-heal|p2a: Pecharunt|93/100
|move|p1a: Cresselia|Lunar Dance|p1a: Cresselia
|faint|p1a: Cresselia
|
|-heal|p2a: Pecharunt|99/100|[from] item: Leftovers
|upkeep
|
|t:|1759043587
|switch|p1a: Ursaluna|Ursaluna, M, shiny|34/100 brn
|-heal|p1a: Ursaluna|100/100|[from] move: Lunar Dance
|turn|55
|
|t:|1759043607
|switch|p1a: Keldeo|Keldeo-Resolute|57/100 brn
|move|p2a: Pecharunt|Toxic||[still]
|-fail|p2a: Pecharunt
|
|-heal|p2a: Pecharunt|100/100|[from] item: Leftovers
|-damage|p1a: Keldeo|51/100 brn|[from] brn
|upkeep
|turn|56
|
|t:|1759043616
|move|p1a: Keldeo|Flip Turn|p2a: Pecharunt
|-resisted|p2a: Pecharunt
|-activate|p2a: Pecharunt|move: Substitute|[damage]
|
|t:|1759043621
|switch|p1a: Ursaluna|Ursaluna, M, shiny|100/100|[from] Flip Turn
|move|p2a: Pecharunt|Night Shade|p1a: Ursaluna
|-immune|p1a: Ursaluna
|
|-status|p1a: Ursaluna|brn|[from] item: Flame Orb
|upkeep
|turn|57
|
|t:|1759043636
|move|p2a: Pecharunt|Night Shade|p1a: Ursaluna
|-immune|p1a: Ursaluna
|move|p1a: Ursaluna|Facade|p2a: Pecharunt
|-end|p2a: Pecharunt|Substitute
|
|-damage|p1a: Ursaluna|94/100 brn|[from] brn
|upkeep
|turn|58
|
|t:|1759043657
|move|p2a: Pecharunt|Substitute|p2a: Pecharunt
|-start|p2a: Pecharunt|Substitute
|-damage|p2a: Pecharunt|75/100
|move|p1a: Ursaluna|Fire Punch|p2a: Pecharunt
|-supereffective|p2a: Pecharunt
|-end|p2a: Pecharunt|Substitute
|
|-heal|p2a: Pecharunt|82/100|[from] item: Leftovers
|-damage|p1a: Ursaluna|88/100 brn|[from] brn
|upkeep
|turn|59
|
|t:|1759043670
|switch|p2a: Skeledirge|Skeledirge, M|90/100
|move|p1a: Ursaluna|Fire Punch|p2a: Skeledirge
|-resisted|p2a: Skeledirge
|-damage|p2a: Skeledirge|77/100
|
|-heal|p2a: Skeledirge|83/100|[from] item: Leftovers
|-damage|p1a: Ursaluna|82/100 brn|[from] brn
|upkeep
|turn|60
|
|t:|1759043687
|switch|p1a: Iron Valiant|Iron Valiant|100/100
|move|p2a: Skeledirge|Substitute|p2a: Skeledirge
|-start|p2a: Skeledirge|Substitute
|-damage|p2a: Skeledirge|58/100
|
|-heal|p2a: Skeledirge|64/100|[from] item: Leftovers
|upkeep
|turn|61
|
|t:|1759043695
|switch|p2a: Alomomola|Alomomola, F|100/100
|move|p1a: Iron Valiant|Encore||[still]
|-fail|p1a: Iron Valiant
|
|upkeep
|turn|62
|
|t:|1759043701
|move|p1a: Iron Valiant|Moonblast|p2a: Alomomola
|-damage|p2a: Alomomola|40/100
|move|p2a: Alomomola|Wish|p2a: Alomomola
|
|upkeep
|turn|63
|
|t:|1759043712
|switch|p2a: Skeledirge|Skeledirge, M|64/100
|move|p1a: Iron Valiant|Moonblast|p2a: Skeledirge
|-resisted|p2a: Skeledirge
|-damage|p2a: Skeledirge|42/100
|
|-heal|p2a: Skeledirge|100/100|[from] move: Wish|[wisher] Alomomola
|upkeep
|turn|64
|
|t:|1759043725
|-end|p1a: Iron Valiant|Quark Drive|[silent]
|switch|p1a: Keldeo|Keldeo-Resolute|51/100 brn
|move|p2a: Skeledirge|Will-O-Wisp|p1a: Keldeo
|-fail|p1a: Keldeo|brn
|
|-damage|p1a: Keldeo|45/100 brn|[from] brn
|upkeep
|turn|65
|
|t:|1759043737
|switch|p2a: Pecharunt|Pecharunt, tera:Grass|82/100
|move|p1a: Keldeo|Flip Turn|p2a: Pecharunt
|-resisted|p2a: Pecharunt
|-damage|p2a: Pecharunt|80/100
|
|t:|1759043752
|switch|p1a: Ursaluna|Ursaluna, M, shiny|82/100 brn|[from] Flip Turn
|
|-heal|p2a: Pecharunt|86/100|[from] item: Leftovers
|-damage|p1a: Ursaluna|76/100 brn|[from] brn
|upkeep
|turn|66
|
|t:|1759043763
|move|p2a: Pecharunt|Substitute|p2a: Pecharunt
|-start|p2a: Pecharunt|Substitute
|-damage|p2a: Pecharunt|61/100
|move|p1a: Ursaluna|Facade|p2a: Pecharunt
|-end|p2a: Pecharunt|Substitute
|
|-heal|p2a: Pecharunt|67/100|[from] item: Leftovers
|-damage|p1a: Ursaluna|70/100 brn|[from] brn
|upkeep
|turn|67
|
|t:|1759043774
|switch|p2a: Skeledirge|Skeledirge, M|100/100
|move|p1a: Ursaluna|Facade|p2a: Skeledirge
|-immune|p2a: Skeledirge
|
|-damage|p1a: Ursaluna|64/100 brn|[from] brn
|upkeep
|turn|68
|
|t:|1759043782
|move|p2a: Skeledirge|Substitute|p2a: Skeledirge
|-start|p2a: Skeledirge|Substitute
|-damage|p2a: Skeledirge|75/100
|move|p1a: Ursaluna|Headlong Rush|p2a: Skeledirge
|-supereffective|p2a: Skeledirge
|-end|p2a: Skeledirge|Substitute
|-unboost|p1a: Ursaluna|def|1
|-unboost|p1a: Ursaluna|spd|1
|
|-heal|p2a: Skeledirge|82/100|[from] item: Leftovers
|-damage|p1a: Ursaluna|58/100 brn|[from] brn
|upkeep
|turn|69
|
|t:|1759043799
|switch|p2a: Pecharunt|Pecharunt, tera:Grass|67/100
|switch|p1a: Ogerpon|Ogerpon, F|34/100
|
|-heal|p2a: Pecharunt|73/100|[from] item: Leftovers
|upkeep
|turn|70
|
|t:|1759043815
|move|p1a: Ogerpon|Knock Off|p2a: Pecharunt
|-damage|p2a: Pecharunt|52/100
|-enditem|p2a: Pecharunt|Leftovers|[from] move: Knock Off|[of] p1a: Ogerpon
|move|p2a: Pecharunt|Night Shade|p1a: Ogerpon
|-damage|p1a: Ogerpon|1/100
|
|upkeep
|turn|71
|
|t:|1759043827
|switch|p1a: Keldeo|Keldeo-Resolute|45/100 brn
|move|p2a: Pecharunt|Recover|p2a: Pecharunt
|-heal|p2a: Pecharunt|100/100
|
|-damage|p1a: Keldeo|39/100 brn|[from] brn
|upkeep
|turn|72
|
|t:|1759043839
|switch|p2a: Skeledirge|Skeledirge, M|82/100
|move|p1a: Keldeo|Flip Turn|p2a: Skeledirge
|-supereffective|p2a: Skeledirge
|-damage|p2a: Skeledirge|73/100
|
|t:|1759043850
|switch|p1a: Ogerpon|Ogerpon, F|1/100|[from] Flip Turn
|
|-heal|p2a: Skeledirge|79/100|[from] item: Leftovers
|upkeep
|turn|73
|
|t:|1759043860
|move|p1a: Ogerpon|Knock Off|p2a: Skeledirge
|-supereffective|p2a: Skeledirge
|-damage|p2a: Skeledirge|20/100
|-enditem|p2a: Skeledirge|Leftovers|[from] move: Knock Off|[of] p1a: Ogerpon
|move|p2a: Skeledirge|Will-O-Wisp|p1a: Ogerpon
|-status|p1a: Ogerpon|brn
|
|-damage|p1a: Ogerpon|0 fnt|[from] brn
|faint|p1a: Ogerpon
|upkeep
|
|t:|1759043878
|switch|p1a: Keldeo|Keldeo-Resolute|39/100 brn
|turn|74
|
|t:|1759043888
|switch|p2a: Alomomola|Alomomola, F|74/100
|move|p1a: Keldeo|Flip Turn|p2a: Alomomola
|-resisted|p2a: Alomomola
|-damage|p2a: Alomomola|72/100
|
|t:|1759043896
|switch|p1a: Iron Valiant|Iron Valiant|100/100|[from] Flip Turn
|
|upkeep
|turn|75
|
|t:|1759043905
|move|p1a: Iron Valiant|Moonblast|p2a: Alomomola
|-damage|p2a: Alomomola|14/100
|move|p2a: Alomomola|Wish|p2a: Alomomola
|
|upkeep
|turn|76
|
|t:|1759043919
|switch|p2a: Skeledirge|Skeledirge, M|20/100
|move|p1a: Iron Valiant|Moonblast|p2a: Skeledirge
|-resisted|p2a: Skeledirge
|-damage|p2a: Skeledirge|0 fnt
|faint|p2a: Skeledirge
|
|upkeep
|c|☆ronaldo117414|Hahahahahahaha
|c|☆ronaldo117414|Hahahahahaha
|
|t:|1759043931
|switch|p2a: Pecharunt|Pecharunt, tera:Grass|100/100
|turn|77
|
|t:|1759043937
|move|p1a: Iron Valiant|Moonblast|p2a: Pecharunt
|-damage|p2a: Pecharunt|58/100
|-unboost|p2a: Pecharunt|spa|1
|move|p2a: Pecharunt|Night Shade|p1a: Iron Valiant
|-damage|p1a: Iron Valiant|66/100
|
|upkeep
|turn|78
|
|t:|1759043948
|move|p1a: Iron Valiant|Moonblast|p2a: Pecharunt
|-damage|p2a: Pecharunt|9/100
|move|p2a: Pecharunt|Toxic|p1a: Iron Valiant
|-status|p1a: Iron Valiant|tox
|-start|p1a: Iron Valiant|confusion|[from] ability: Poison Puppeteer|[of] p2a: Pecharunt
|
|-damage|p1a: Iron Valiant|60/100 tox|[from] psn
|upkeep
|turn|79
|c|☆ronaldo117414|Hahahahahaha
|
|t:|1759043960
|-activate|p1a: Iron Valiant|confusion
|move|p1a: Iron Valiant|Moonblast|p2a: Pecharunt
|-damage|p2a: Pecharunt|0 fnt
|faint|p2a: Pecharunt
|
|-damage|p1a: Iron Valiant|47/100 tox|[from] psn
|upkeep
|c|☆ronaldo117414|Hahahahahahaha
|c|☆ronaldo117414|Loser
|c|☆oxlerd11|gg
|c|☆ronaldo117414|Loser
|c|☆ronaldo117414|Loser
|c|☆ronaldo117414|Playing stall huh
|c|☆oxlerd11|Hey man
|c|☆ronaldo117414|Still lost
|c|☆ronaldo117414|Shut up
|inactive|oxlerd11 has 120 seconds left.
|c| Yojimbro|At least he'll never be a hindi
|c|☆oxlerd11|why you judging
|
|t:|1759043989
|switch|p2a: Alomomola|Alomomola, F|47/100
|turn|80
|c|☆ronaldo117414|And player last card
|c|☆ronaldo117414|Ohh u have a spectator as an ell
|c|☆ronaldo117414|So u have an adviser and still lost lamo
|c|☆ronaldo117414|Lmaooooooo
|inactive|ronaldo117414 has 120 seconds left.
|
|t:|1759044019
|-activate|p1a: Iron Valiant|confusion
|-damage|p1a: Iron Valiant|31/100 tox|[from] confusion
|move|p2a: Alomomola|Light Screen|p2a: Alomomola
|-sidestart|p2: oxlerd11|move: Light Screen
|
|-damage|p1a: Iron Valiant|13/100 tox|[from] psn
|upkeep
|turn|81
|
|t:|1759044026
|-activate|p1a: Iron Valiant|confusion
|move|p1a: Iron Valiant|Encore|p2a: Alomomola
|-start|p2a: Alomomola|Encore
|move|p2a: Alomomola|Light Screen||[still]
|-fail|p2a: Alomomola
|
|-damage|p1a: Iron Valiant|0 fnt|[from] psn
|faint|p1a: Iron Valiant
|-end|p1a: Iron Valiant|Quark Drive|[silent]
|upkeep
|c| Yojimbro|Just here to see what makes you so good after you cried when I beat you
|inactive|ronaldo117414 has 120 seconds left.
|
|t:|1759044040
|switch|p1a: Keldeo|Keldeo-Resolute|39/100 brn
|turn|82
|
|t:|1759044043
|move|p1a: Keldeo|Secret Sword|p2a: Alomomola
|-damage|p2a: Alomomola|27/100
|move|p2a: Alomomola|Light Screen||[still]
|-fail|p2a: Alomomola
|
|-damage|p1a: Keldeo|32/100 brn|[from] brn
|upkeep
|turn|83
|
|t:|1759044051
|move|p1a: Keldeo|Secret Sword|p2a: Alomomola
|-damage|p2a: Alomomola|7/100
|move|p2a: Alomomola|Light Screen||[still]
|-fail|p2a: Alomomola
|
|-damage|p1a: Keldeo|26/100 brn|[from] brn
|-end|p2a: Alomomola|Encore
|upkeep
|turn|84
|c|☆ronaldo117414|Gahahahahqhahah
|
|t:|1759044063
|move|p2a: Alomomola|Protect|p2a: Alomomola
|-singleturn|p2a: Alomomola|Protect
|move|p1a: Keldeo|Secret Sword|p2a: Alomomola
|-activate|p2a: Alomomola|move: Protect
|
|-damage|p1a: Keldeo|20/100 brn|[from] brn
|-sideend|p2: oxlerd11|move: Light Screen
|upkeep
|turn|85
|c|☆ronaldo117414|Lmaooooooo
|
|t:|1759044072
|move|p1a: Keldeo|Secret Sword|p2a: Alomomola
|-damage|p2a: Alomomola|0 fnt
|faint|p2a: Alomomola
|
|win|ronaldo117414
