|j|‽cacao1
|j|☆caltech13
|t:|1758958118
|gametype|singles
|player|p1|cacao1|102|1314
|player|p2|caltech13|170|1262
|gen|9
|tier|[Gen 9] OU
|rated|
|rule|HP Percentage Mod: HP is shown in percentages
|rule|Endless Battle Clause: Forcing endless battles is banned
|rule|Species Clause: Limit one of each Pokémon
|rule|OHKO Clause: OHKO moves are banned
|rule|Evasion Items Clause: Evasion items are banned
|rule|Evasion Moves Clause: Evasion moves are banned
|rule|Evasion Abilities Clause: Evasion abilities are banned
|rule|Sleep Moves Clause: Sleep-inducing moves are banned
|clearpoke
|poke|p1|Cinderace, F|
|poke|p1|Rillaboom, F|
|poke|p1|Greninja-*, M|
|poke|p1|Meowscarada, F|
|poke|p1|Primarina, M|
|poke|p1|Infernape, F|
|poke|p2|Gliscor, F|
|poke|p2|Alomomola, F|
|poke|p2|Pecharunt|
|poke|p2|Great Tusk|
|poke|p2|Iron Crown|
|poke|p2|Kyurem|
|teampreview
|inactive|Battle timer is ON: inactive players will automatically lose when time's up. (requested by cacao1)
|
|t:|1758958136
|teamsize|p1|6
|teamsize|p2|6
|start
|switch|p1a: Primarina|Primarina, M|100/100
|switch|p2a: Kyurem|Kyurem|100/100
|-ability|p2a: Kyurem|Pressure
|turn|1
|
|t:|1758958142
|move|p2a: Kyurem|Protect|p2a: Kyurem
|-singleturn|p2a: Kyurem|Protect
|move|p1a: Primarina|Moonblast|p2a: Kyurem
|-activate|p2a: Kyurem|move: Protect
|
|upkeep
|turn|2
|
|t:|1758958150
|-terastallize|p2a: Kyurem|Electric
|move|p2a: Kyurem|Dragon Dance|p2a: Kyurem
|-boost|p2a: Kyurem|atk|1
|-boost|p2a: Kyurem|spe|1
|move|p1a: Primarina|Moonblast|p2a: Kyurem
|-crit|p2a: Kyurem
|-damage|p2a: Kyurem|33/100
|
|-heal|p2a: Kyurem|39/100|[from] item: Leftovers
|upkeep
|turn|3
|
|t:|1758958178
|move|p2a: Kyurem|Protect|p2a: Kyurem
|-singleturn|p2a: Kyurem|Protect
|move|p1a: Primarina|Moonblast|p2a: Kyurem
|-activate|p2a: Kyurem|move: Protect
|
|-heal|p2a: Kyurem|45/100|[from] item: Leftovers
|upkeep
|turn|4
|
|t:|1758958189
|move|p2a: Kyurem|Tera Blast|p1a: Primarina|[anim] Tera Blast Electric
|-supereffective|p1a: Primarina
|-damage|p1a: Primarina|0 fnt
|faint|p1a: Primarina
|
|-heal|p2a: Kyurem|51/100|[from] item: Leftovers
|upkeep
|
|t:|1758958195
|switch|p1a: Rillaboom|Rillaboom, F|100/100
|-fieldstart|move: Grassy Terrain|[from] ability: Grassy Surge|[of] p1a: Rillaboom
|turn|5
|
|t:|1758958209
|move|p2a: Kyurem|Protect|p2a: Kyurem
|-singleturn|p2a: Kyurem|Protect
|move|p1a: Rillaboom|Grassy Glide|p2a: Kyurem
|-activate|p2a: Kyurem|move: Protect
|
|-heal|p2a: Kyurem|58/100|[from] Grassy Terrain
|-heal|p2a: Kyurem|64/100|[from] item: Leftovers
|upkeep
|turn|6
|
|t:|1758958215
|-terastallize|p1a: Rillaboom|Grass
|move|p1a: Rillaboom|Grassy Glide|p2a: Kyurem
|-damage|p2a: Kyurem|0 fnt
|faint|p2a: Kyurem
|
|upkeep
|
|t:|1758958222
|switch|p2a: Pecharunt|Pecharunt|100/100
|turn|7
|
|t:|1758958228
|switch|p1a: Cinderace|Cinderace, F|100/100
|move|p2a: Pecharunt|Malignant Chain|p1a: Cinderace
|-damage|p1a: Cinderace|55/100
|
|-heal|p1a: Cinderace|61/100|[from] Grassy Terrain
|upkeep
|turn|8
|
|t:|1758958239
|move|p1a: Cinderace|Pyro Ball|p2a: Pecharunt
|-damage|p2a: Pecharunt|69/100
|move|p2a: Pecharunt|Malignant Chain|p1a: Cinderace
|-damage|p1a: Cinderace|20/100
|
|-heal|p1a: Cinderace|26/100|[from] Grassy Terrain
|-heal|p2a: Pecharunt|75/100|[from] Grassy Terrain
|upkeep
|turn|9
|
|t:|1758958244
|move|p1a: Cinderace|Pyro Ball|p2a: Pecharunt
|-damage|p2a: Pecharunt|48/100
|move|p2a: Pecharunt|Malignant Chain|p1a: Cinderace
|-damage|p1a: Cinderace|0 fnt
|faint|p1a: Cinderace
|
|-heal|p2a: Pecharunt|54/100|[from] Grassy Terrain
|-fieldend|move: Grassy Terrain
|upkeep
|
|t:|1758958252
|switch|p1a: Greninja|Greninja, M|100/100
|turn|10
|
|t:|1758958259
|switch|p2a: Alomomola|Alomomola, F|100/100
|move|p1a: Greninja|Dark Pulse|p2a: Alomomola
|-damage|p2a: Alomomola|76/100
|
|upkeep
|turn|11
|
|t:|1758958265
|move|p1a: Greninja|Dark Pulse|p2a: Alomomola
|-damage|p2a: Alomomola|51/100
|move|p2a: Alomomola|Flip Turn|p1a: Greninja
|-resisted|p1a: Greninja
|-damage|p1a: Greninja|85/100
|
|t:|1758958270
|switch|p2a: Great Tusk|Great Tusk|100/100|[from] Flip Turn
|
|upkeep
|turn|12
|
|t:|1758958275
|switch|p1a: Meowscarada|Meowscarada, F|100/100
|move|p2a: Great Tusk|Rapid Spin|p1a: Meowscarada
|-damage|p1a: Meowscarada|76/100
|-boost|p2a: Great Tusk|spe|1
|
|upkeep
|turn|13
|
|t:|1758958284
|move|p1a: Meowscarada|Flower Trick|p2a: Great Tusk
|-start|p1a: Meowscarada|typechange|Grass|[from] ability: Protean
|-supereffective|p2a: Great Tusk
|-crit|p2a: Great Tusk
|-damage|p2a: Great Tusk|34/100
|move|p2a: Great Tusk|Ice Spinner|p1a: Meowscarada
|-supereffective|p1a: Meowscarada
|-damage|p1a: Meowscarada|0 fnt
|faint|p1a: Meowscarada
|
|upkeep
|
|t:|1758958294
|switch|p1a: Rillaboom|Rillaboom, F, tera:Grass|100/100
|-fieldstart|move: Grassy Terrain|[from] ability: Grassy Surge|[of] p1a: Rillaboom
|turn|14
|
|t:|1758958317
|-end|p2a: Great Tusk|Protosynthesis|[silent]
|switch|p2a: Pecharunt|Pecharunt|54/100
|move|p1a: Rillaboom|Knock Off|p2a: Pecharunt
|-supereffective|p2a: Pecharunt
|-damage|p2a: Pecharunt|2/100
|-enditem|p2a: Pecharunt|Heavy-Duty Boots|[from] move: Knock Off|[of] p1a: Rillaboom
|
|-heal|p2a: Pecharunt|8/100|[from] Grassy Terrain
|upkeep
|turn|15
|
|t:|1758958323
|move|p1a: Rillaboom|Knock Off|p2a: Pecharunt
|-supereffective|p2a: Pecharunt
|-damage|p2a: Pecharunt|0 fnt
|faint|p2a: Pecharunt
|
|upkeep
|
|t:|1758958334
|switch|p2a: Great Tusk|Great Tusk|34/100
|turn|16
|
|t:|1758958338
|switch|p1a: Infernape|Infernape, F|100/100
|move|p2a: Great Tusk|Headlong Rush|p1a: Infernape
|-supereffective|p1a: Infernape
|-damage|p1a: Infernape|0 fnt
|-unboost|p2a: Great Tusk|def|1
|-unboost|p2a: Great Tusk|spd|1
|faint|p1a: Infernape
|
|-heal|p2a: Great Tusk|40/100|[from] Grassy Terrain
|upkeep
|
|t:|1758958344
|switch|p1a: Greninja|Greninja, M|85/100
|turn|17
|
|t:|1758958351
|switch|p1a: Rillaboom|Rillaboom, F, tera:Grass|100/100
|-end|p2a: Great Tusk|Protosynthesis|[silent]
|switch|p2a: Alomomola|Alomomola, F|84/100
|
|-heal|p2a: Alomomola|90/100|[from] Grassy Terrain
|upkeep
|turn|18
|
|t:|1758958355
|move|p1a: Rillaboom|Wood Hammer|p2a: Alomomola
|-supereffective|p2a: Alomomola
|-crit|p2a: Alomomola
|-damage|p2a: Alomomola|0 fnt
|faint|p2a: Alomomola
|-damage|p1a: Rillaboom|55/100|[from] Recoil
|
|-heal|p1a: Rillaboom|61/100|[from] Grassy Terrain
|-fieldend|move: Grassy Terrain
|upkeep
|
|t:|1758958359
|switch|p2a: Gliscor|Gliscor, F|100/100
|turn|19
|
|t:|1758958362
|switch|p1a: Greninja|Greninja, M|85/100
|move|p2a: Gliscor|Toxic|p1a: Greninja
|-status|p1a: Greninja|tox
|
|-damage|p1a: Greninja|79/100 tox|[from] psn
|-status|p2a: Gliscor|tox|[from] item: Toxic Orb
|upkeep
|turn|20
|
|t:|1758958373
|move|p2a: Gliscor|Protect|p2a: Gliscor
|-singleturn|p2a: Gliscor|Protect
|move|p1a: Greninja|Hydro Pump|p2a: Gliscor
|-activate|p2a: Gliscor|move: Protect
|
|-damage|p1a: Greninja|68/100 tox|[from] psn
|upkeep
|turn|21
|
|t:|1758958377
|switch|p2a: Great Tusk|Great Tusk|40/100
|move|p1a: Greninja|Hydro Pump|p2a: Great Tusk
|-supereffective|p2a: Great Tusk
|-damage|p2a: Great Tusk|0 fnt
|faint|p2a: Great Tusk
|-end|p2a: Great Tusk|Protosynthesis|[silent]
|-ability|p1a: Greninja|Battle Bond|boost
|-boost|p1a: Greninja|atk|1
|-boost|p1a: Greninja|spa|1
|-boost|p1a: Greninja|spe|1
|-activate|p1a: Greninja|ability: Battle Bond
|
|-damage|p1a: Greninja|50/100 tox|[from] psn
|upkeep
|
|t:|1758958379
|switch|p2a: Iron Crown|Iron Crown|100/100
|turn|22
|
|t:|1758958383
|move|p1a: Greninja|Hydro Pump|p2a: Iron Crown|[miss]
|-miss|p1a: Greninja|p2a: Iron Crown
|move|p2a: Iron Crown|Tachyon Cutter|p1a: Greninja
|-resisted|p1a: Greninja
|-damage|p1a: Greninja|23/100 tox
|-resisted|p1a: Greninja
|-damage|p1a: Greninja|0 fnt
|faint|p1a: Greninja
|-hitcount|p1: Greninja|2
|
|upkeep
|
|t:|1758958385
|switch|p1a: Rillaboom|Rillaboom, F, tera:Grass|61/100
|-fieldstart|move: Grassy Terrain|[from] ability: Grassy Surge|[of] p1a: Rillaboom
|turn|23
|
|t:|1758958395
|move|p2a: Iron Crown|Tachyon Cutter|p1a: Rillaboom
|-damage|p1a: Rillaboom|13/100
|-crit|p1a: Rillaboom
|-damage|p1a: Rillaboom|0 fnt
|faint|p1a: Rillaboom
|-hitcount|p1: Rillaboom|2
|
|win|caltech13
|raw|cacao1's rating: 1314 &rarr; <strong>1290</strong><br />(-24 for losing)
|raw|caltech13's rating: 1239 &rarr; <strong>1269</strong><br />(+30 for winning)
|l|☆caltech13
|player|p2|
|l|‽cacao1
|player|p1|
