|j|☆Mky27
|j|☆Blank_Playe_pract
|t:|1758956461
|gametype|singles
|player|p1|Mky27|ltsurge|1470
|player|p2|Blank_Playe_pract|265|1497
|gen|9
|tier|[Gen 9] OU
|rated|
|rule|HP Percentage Mod: HP is shown in percentages
|rule|Endless Battle Clause: Forcing endless battles is banned
|rule|Species Clause: Limit one of each Pokémon
|rule|OHKO Clause: OHKO moves are banned
|rule|Evasion Items Clause: Evasion items are banned
|rule|Evasion Moves Clause: Evasion moves are banned
|rule|Evasion Abilities Clause: Evasion abilities are banned
|rule|Sleep Moves Clause: Sleep-inducing moves are banned
|clearpoke
|poke|p1|Walking Wake|
|poke|p1|Great Tusk|
|poke|p1|Torkoal, F|
|poke|p1|Indeedee, M|
|poke|p1|Exeggutor, M|
|poke|p1|Kingambit, M|
|poke|p2|Iron Valiant|
|poke|p2|Keldeo-Resolute|
|poke|p2|Iron Treads|
|poke|p2|Moltres|
|poke|p2|Sinistcha|
|poke|p2|Slowking-Galar, M|
|teampreview
|inactive|Battle timer is ON: inactive players will automatically lose when time's up. (requested by Blank_Playe_pract)
|inactive|Mky27 also wants the timer to be on.
|
|t:|1758956468
|teamsize|p1|6
|teamsize|p2|6
|start
|switch|p1a: Indimacho|Indeedee, M|100/100
|switch|p2a: Slowking|Slowking-Galar, M|100/100
|-fieldstart|move: Psychic Terrain|[from] ability: Psychic Surge|[of] p1a: Indimacho
|turn|1
|
|t:|1758956483
|move|p1a: Indimacho|Expanding Force|p2a: Slowking
|-damage|p2a: Slowking|58/100
|move|p2a: Slowking|Sludge Bomb|p1a: Indimacho
|-damage|p1a: Indimacho|54/100
|
|upkeep
|turn|2
|
|t:|1758956492
|move|p1a: Indimacho|Expanding Force|p2a: Slowking
|-damage|p2a: Slowking|15/100
|move|p2a: Slowking|Future Sight|p1a: Indimacho
|-start|p2a: Slowking|move: Future Sight
|
|upkeep
|turn|3
|
|t:|1758956497
|switch|p2a: Iron Treads|Iron Treads|100/100
|move|p1a: Indimacho|Expanding Force|p2a: Iron Treads
|-resisted|p2a: Iron Treads
|-damage|p2a: Iron Treads|70/100
|
|-heal|p2a: Iron Treads|77/100|[from] item: Leftovers
|upkeep
|turn|4
|
|t:|1758956506
|switch|p1a: Kingsharp|Kingambit, M|100/100
|move|p2a: Iron Treads|Knock Off|p1a: Kingsharp
|-resisted|p1a: Kingsharp
|-damage|p1a: Kingsharp|92/100
|-enditem|p1a: Kingsharp|Assault Vest|[from] move: Knock Off|[of] p2a: Iron Treads
|
|-end|p1a: Kingsharp|move: Future Sight
|-immune|p1a: Kingsharp
|-heal|p2a: Iron Treads|83/100|[from] item: Leftovers
|upkeep
|turn|5
|
|t:|1758956517
|switch|p1a: Paleomut|Great Tusk, shiny|100/100
|move|p2a: Iron Treads|Stealth Rock|p1a: Paleomut
|-sidestart|p1: Mky27|move: Stealth Rock
|
|-heal|p2a: Iron Treads|89/100|[from] item: Leftovers
|-fieldend|move: Psychic Terrain
|upkeep
|turn|6
|
|t:|1758956532
|-end|p1a: Paleomut|Protosynthesis|[silent]
|switch|p1a: Trollkoal|Torkoal, F, shiny|100/100
|-damage|p1a: Trollkoal|76/100|[from] Stealth Rock
|-weather|SunnyDay|[from] ability: Drought|[of] p1a: Trollkoal
|-end|p2a: Iron Treads|Quark Drive|[silent]
|switch|p2a: Sinistcha|Sinistcha|100/100
|
|-weather|SunnyDay|[upkeep]
|upkeep
|turn|7
|
|t:|1758956547
|switch|p2a: Slowking|Slowking-Galar, M|48/100
|move|p1a: Trollkoal|Stealth Rock|p2a: Slowking
|-sidestart|p2: Blank_Playe_pract|move: Stealth Rock
|
|-weather|SunnyDay|[upkeep]
|upkeep
|turn|8
|
|t:|1758956554
|-prepare|p2a: Slowking|Chilly Reception|[premajor]
|move|p2a: Slowking|Chilly Reception|p2a: Slowking
|-weather|Snowscape
|
|t:|1758956557
|switch|p2a: Keldeo|Keldeo-Resolute|100/100|[from] Chilly Reception
|-damage|p2a: Keldeo|94/100|[from] Stealth Rock
|move|p1a: Trollkoal|Rapid Spin|p2a: Keldeo
|-damage|p2a: Keldeo|83/100
|-boost|p1a: Trollkoal|spe|1
|-sideend|p1: Mky27|Stealth Rock|[from] move: Rapid Spin|[of] p1a: Trollkoal
|
|-weather|Snowscape|[upkeep]
|upkeep
|turn|9
|
|t:|1758956568
|switch|p1a: Exxegcutor|Exeggutor, M, shiny|100/100
|move|p2a: Keldeo|Flip Turn|p1a: Exxegcutor
|-resisted|p1a: Exxegcutor
|-damage|p1a: Exxegcutor|92/100
|
|t:|1758956578
|switch|p2a: Slowking|Slowking-Galar, M|82/100|[from] Flip Turn
|
|-weather|Snowscape|[upkeep]
|upkeep
|turn|10
|
|t:|1758956584
|switch|p1a: Kingsharp|Kingambit, M|92/100
|move|p2a: Slowking|Future Sight|p1a: Kingsharp
|-start|p2a: Slowking|move: Future Sight
|
|-weather|Snowscape|[upkeep]
|upkeep
|turn|11
|
|t:|1758956597
|switch|p2a: Moltres|Moltres|100/100
|move|p1a: Kingsharp|Brick Break|p2a: Moltres
|-resisted|p2a: Moltres
|-damage|p2a: Moltres|93/100
|
|-weather|Snowscape|[upkeep]
|upkeep
|turn|12
|
|t:|1758956611
|move|p1a: Kingsharp|Sucker Punch|p2a: Moltres
|-damage|p2a: Moltres|71/100
|move|p2a: Moltres|Flamethrower|p1a: Kingsharp
|-supereffective|p1a: Kingsharp
|-damage|p1a: Kingsharp|43/100
|
|-weather|none
|-end|p1a: Kingsharp|move: Future Sight
|-immune|p1a: Kingsharp
|upkeep
|turn|13
|
|t:|1758956624
|switch|p1a: PaleoRaptor|Walking Wake|100/100
|move|p2a: Moltres|U-turn|p1a: PaleoRaptor
|-damage|p1a: PaleoRaptor|84/100
|
|t:|1758956628
|switch|p2a: Iron Valiant|Iron Valiant|100/100|[from] U-turn
|-damage|p2a: Iron Valiant|94/100|[from] Stealth Rock
|-enditem|p2a: Iron Valiant|Booster Energy
|-activate|p2a: Iron Valiant|ability: Quark Drive|[fromitem]
|-start|p2a: Iron Valiant|quarkdrivespe
|
|upkeep
|turn|14
|
|t:|1758956637
|-end|p1a: PaleoRaptor|Protosynthesis|[silent]
|switch|p1a: Trollkoal|Torkoal, F, shiny|76/100
|-weather|SunnyDay|[from] ability: Drought|[of] p1a: Trollkoal
|move|p2a: Iron Valiant|Moonblast|p1a: Trollkoal
|-resisted|p1a: Trollkoal
|-damage|p1a: Trollkoal|48/100
|
|-weather|SunnyDay|[upkeep]
|upkeep
|turn|15
|
|t:|1758956667
|-end|p2a: Iron Valiant|Quark Drive|[silent]
|switch|p2a: Slowking|Slowking-Galar, M|100/100
|switch|p1a: Indimacho|Indeedee, M|54/100
|-fieldstart|move: Psychic Terrain|[from] ability: Psychic Surge|[of] p1a: Indimacho
|
|-weather|SunnyDay|[upkeep]
|upkeep
|turn|16
|
|t:|1758956676
|move|p1a: Indimacho|Trick|p2a: Slowking
|-activate|p1a: Indimacho|move: Trick|[of] p2a: Slowking
|-item|p2a: Slowking|Choice Scarf|[from] move: Trick
|-item|p1a: Indimacho|Heavy-Duty Boots|[from] move: Trick
|move|p2a: Slowking|Future Sight|p1a: Indimacho
|-start|p2a: Slowking|move: Future Sight
|
|-weather|SunnyDay|[upkeep]
|upkeep
|turn|17
|inactive|Mky27 has 120 seconds left.
|
|t:|1758956701
|switch|p2a: Iron Treads|Iron Treads|89/100
|-damage|p2a: Iron Treads|86/100|[from] Stealth Rock
|-terastallize|p1a: Indimacho|Fighting
|move|p1a: Indimacho|Tera Blast|p2a: Iron Treads|[anim] Tera Blast Fighting
|-supereffective|p2a: Iron Treads
|-damage|p2a: Iron Treads|28/100
|
|-weather|SunnyDay|[upkeep]
|-heal|p2a: Iron Treads|34/100|[from] item: Leftovers
|upkeep
|turn|18
|inactive|Mky27 has 120 seconds left.
|
|t:|1758956718
|switch|p1a: Kingsharp|Kingambit, M|43/100
|-terastallize|p2a: Iron Treads|Ghost
|move|p2a: Iron Treads|Rapid Spin|p1a: Kingsharp
|-resisted|p1a: Kingsharp
|-damage|p1a: Kingsharp|38/100
|-boost|p2a: Iron Treads|spe|1
|-sideend|p2: Blank_Playe_pract|Stealth Rock|[from] move: Rapid Spin|[of] p2a: Iron Treads
|
|-weather|SunnyDay|[upkeep]
|-end|p1a: Kingsharp|move: Future Sight
|-immune|p1a: Kingsharp
|-heal|p2a: Iron Treads|41/100|[from] item: Leftovers
|upkeep
|turn|19
|inactive|Mky27 has 120 seconds left.
|
|t:|1758956732
|switch|p1a: Paleomut|Great Tusk, shiny|100/100
|-activate|p1a: Paleomut|ability: Protosynthesis
|-start|p1a: Paleomut|protosynthesisspe
|move|p2a: Iron Treads|Stealth Rock|p1a: Paleomut
|-sidestart|p1: Mky27|move: Stealth Rock
|
|-weather|SunnyDay|[upkeep]
|-heal|p2a: Iron Treads|47/100|[from] item: Leftovers
|-fieldend|move: Psychic Terrain
|upkeep
|turn|20
|inactive|Mky27 has 120 seconds left.
|
|t:|1758956753
|move|p1a: Paleomut|Rapid Spin|p2a: Iron Treads
|-immune|p2a: Iron Treads
|move|p2a: Iron Treads|Knock Off|p1a: Paleomut
|-resisted|p1a: Paleomut
|-damage|p1a: Paleomut|94/100
|-enditem|p1a: Paleomut|Leftovers|[from] move: Knock Off|[of] p2a: Iron Treads
|
|-weather|SunnyDay|[upkeep]
|-heal|p2a: Iron Treads|53/100|[from] item: Leftovers
|upkeep
|turn|21
|
|t:|1758956765
|-end|p2a: Iron Treads|Quark Drive|[silent]
|switch|p2a: Sinistcha|Sinistcha|100/100
|move|p1a: Paleomut|Bulk Up|p1a: Paleomut
|-boost|p1a: Paleomut|atk|1
|-boost|p1a: Paleomut|def|1
|
|-weather|none
|-end|p1a: Paleomut|Protosynthesis
|upkeep
|turn|22
|
|t:|1758956777
|-end|p1a: Paleomut|Protosynthesis|[silent]
|switch|p1a: Kingsharp|Kingambit, M|38/100
|-damage|p1a: Kingsharp|32/100|[from] Stealth Rock
|move|p2a: Sinistcha|Matcha Gotcha|p1a: Kingsharp
|-resisted|p1a: Kingsharp
|-damage|p1a: Kingsharp|21/100
|
|upkeep
|turn|23
|inactive|Mky27 has 120 seconds left.
|
|t:|1758956796
|switch|p2a: Moltres|Moltres|71/100
|switch|p1a: PaleoRaptor|Walking Wake|84/100
|-damage|p1a: PaleoRaptor|72/100|[from] Stealth Rock
|
|upkeep
|turn|24
|
|t:|1758956807
|switch|p2a: Slowking|Slowking-Galar, M|100/100
|move|p1a: PaleoRaptor|Hydro Steam|p2a: Slowking
|-damage|p2a: Slowking|71/100
|
|upkeep
|turn|25
|
|t:|1758956814
|move|p1a: PaleoRaptor|Draco Meteor|p2a: Slowking|[miss]
|-miss|p1a: PaleoRaptor|p2a: Slowking
|-prepare|p2a: Slowking|Chilly Reception|[premajor]
|move|p2a: Slowking|Chilly Reception|p2a: Slowking
|-weather|Snowscape
|
|t:|1758956821
|switch|p2a: Iron Valiant|Iron Valiant|94/100|[from] Chilly Reception
|
|-weather|Snowscape|[upkeep]
|upkeep
|turn|26
|inactive|Mky27 has 120 seconds left.
|
|t:|1758956844
|-end|p1a: PaleoRaptor|Protosynthesis|[silent]
|switch|p1a: Kingsharp|Kingambit, M|21/100
|-damage|p1a: Kingsharp|15/100|[from] Stealth Rock
|move|p2a: Iron Valiant|Moonblast|p1a: Kingsharp
|-damage|p1a: Kingsharp|0 fnt
|faint|p1a: Kingsharp
|
|-weather|Snowscape|[upkeep]
|upkeep
|
|t:|1758956862
|switch|p1a: Trollkoal|Torkoal, F, shiny|48/100
|-damage|p1a: Trollkoal|23/100|[from] Stealth Rock
|-weather|SunnyDay|[from] ability: Drought|[of] p1a: Trollkoal
|turn|27
|
|t:|1758956881
|move|p2a: Iron Valiant|Moonblast|p1a: Trollkoal
|-resisted|p1a: Trollkoal
|-damage|p1a: Trollkoal|0 fnt
|faint|p1a: Trollkoal
|
|-weather|SunnyDay|[upkeep]
|upkeep
|
|t:|1758956888
|switch|p1a: PaleoRaptor|Walking Wake|72/100
|-damage|p1a: PaleoRaptor|59/100|[from] Stealth Rock
|-activate|p1a: PaleoRaptor|ability: Protosynthesis
|-start|p1a: PaleoRaptor|protosynthesisspe
|turn|28
|
|t:|1758956899
|-end|p2a: Iron Valiant|Quark Drive|[silent]
|switch|p2a: Slowking|Slowking-Galar, M|100/100
|move|p1a: PaleoRaptor|Hydro Steam|p2a: Slowking
|-damage|p2a: Slowking|55/100
|
|-weather|SunnyDay|[upkeep]
|upkeep
|turn|29
|
|t:|1758956907
|move|p1a: PaleoRaptor|Hydro Steam|p2a: Slowking
|-damage|p2a: Slowking|15/100
|-prepare|p2a: Slowking|Chilly Reception|[premajor]
|move|p2a: Slowking|Chilly Reception|p2a: Slowking
|-weather|Snowscape
|-end|p1a: PaleoRaptor|Protosynthesis
|
|t:|1758956910
|switch|p2a: Iron Valiant|Iron Valiant|94/100|[from] Chilly Reception
|
|-weather|Snowscape|[upkeep]
|upkeep
|turn|30
|
|t:|1758956923
|-end|p1a: PaleoRaptor|Protosynthesis|[silent]
|switch|p1a: Indimacho|Indeedee, M, tera:Fighting|54/100
|-fieldstart|move: Psychic Terrain|[from] ability: Psychic Surge|[of] p1a: Indimacho
|move|p2a: Iron Valiant|Moonblast|p1a: Indimacho
|-supereffective|p1a: Indimacho
|-crit|p1a: Indimacho
|-damage|p1a: Indimacho|0 fnt
|faint|p1a: Indimacho
|
|-weather|Snowscape|[upkeep]
|upkeep
|
|t:|1758956935
|switch|p1a: Exxegcutor|Exeggutor, M, shiny|92/100
|-damage|p1a: Exxegcutor|80/100|[from] Stealth Rock
|turn|31
|
|t:|1758956939
|-end|p2a: Iron Valiant|Quark Drive|[silent]
|switch|p2a: Iron Treads|Iron Treads, tera:Ghost|53/100
|move|p1a: Exxegcutor|Expanding Force|p2a: Iron Treads
|-damage|p2a: Iron Treads|0 fnt
|faint|p2a: Iron Treads
|-end|p2a: Iron Treads|Quark Drive|[silent]
|
|-weather|Snowscape|[upkeep]
|upkeep
|
|t:|1758956949
|switch|p2a: Moltres|Moltres|71/100
|turn|32
|
|t:|1758956952
|move|p2a: Moltres|Flamethrower|p1a: Exxegcutor
|-supereffective|p1a: Exxegcutor
|-damage|p1a: Exxegcutor|0 fnt
|faint|p1a: Exxegcutor
|
|-weather|Snowscape|[upkeep]
|upkeep
|-message|Mky27 forfeited.
|
|win|Blank_Playe_pract
|raw|Mky27's rating: 1470 &rarr; <strong>1452</strong><br />(-18 for losing)
|raw|Blank_Playe_pract's rating: 1497 &rarr; <strong>1515</strong><br />(+18 for winning)
|l|☆Mky27
|player|p1|
|l|☆Blank_Playe_pract
|player|p2|
