|j|☆Nitropig
|j|☆Fan Letter
|t:|1759019735
|gametype|singles
|player|p1|Nitropig|miku-ghost|1392
|player|p2|Fan Letter|riley|1369
|gen|9
|tier|[Gen 9] OU
|rated|
|rule|HP Percentage Mod: HP is shown in percentages
|rule|Endless Battle Clause: Forcing endless battles is banned
|rule|Species Clause: Limit one of each Pokémon
|rule|OHKO Clause: OHKO moves are banned
|rule|Evasion Items Clause: Evasion items are banned
|rule|Evasion Moves Clause: Evasion moves are banned
|rule|Evasion Abilities Clause: Evasion abilities are banned
|rule|Sleep Moves Clause: Sleep-inducing moves are banned
|clearpoke
|poke|p1|Heatran, M|
|poke|p1|Pecharunt|
|poke|p1|Cacturne, M|
|poke|p1|Alomomola, M|
|poke|p1|Moltres|
|poke|p1|Corviknight, F|
|poke|p2|Ninetales, F|
|poke|p2|Ceruledge, F|
|poke|p2|Walking Wake|
|poke|p2|Hatterene, F|
|poke|p2|Great Tusk|
|poke|p2|Slither Wing|
|teampreview
|inactive|Battle timer is ON: inactive players will automatically lose when time's up. (requested by Nitropig)
|
|t:|1759019750
|teamsize|p1|6
|teamsize|p2|6
|start
|switch|p1a: Moltres|Moltres|100/100
|switch|p2a: Ninetales|Ninetales, F|100/100
|-weather|SunnyDay|[from] ability: Drought|[of] p2a: Ninetales
|turn|1
|
|t:|1759019756
|switch|p2a: Walking Wake|Walking Wake|100/100
|-activate|p2a: Walking Wake|ability: Protosynthesis
|-start|p2a: Walking Wake|protosynthesisspe
|move|p1a: Moltres|Scorching Sands|p2a: Walking Wake
|-damage|p2a: Walking Wake|60/100
|-status|p2a: Walking Wake|brn
|
|-weather|SunnyDay|[upkeep]
|-damage|p2a: Walking Wake|54/100 brn|[from] brn
|upkeep
|turn|2
|
|t:|1759019769
|switch|p1a: Cacturne|Cacturne, M|100/100
|move|p2a: Walking Wake|Weather Ball|p1a: Cacturne
|-supereffective|p1a: Cacturne
|-damage|p1a: Cacturne|0 fnt
|faint|p1a: Cacturne
|
|-weather|SunnyDay|[upkeep]
|-damage|p2a: Walking Wake|48/100 brn|[from] brn
|upkeep
|
|t:|1759019778
|switch|p1a: Heatran|Heatran, M|100/100
|turn|3
|c|☆Fan Letter|I cooked with Water Absorb Cacturne before LMAO
|
|t:|1759019797
|-end|p2a: Walking Wake|Protosynthesis|[silent]
|switch|p2a: Hatterene|Hatterene, F|100/100
|move|p1a: Heatran|Earth Power|p2a: Hatterene
|-damage|p2a: Hatterene|73/100
|-enditem|p2a: Hatterene|Eject Button
|
|t:|1759019800
|switch|p2a: Walking Wake|Walking Wake|48/100 brn
|-activate|p2a: Walking Wake|ability: Protosynthesis
|-start|p2a: Walking Wake|protosynthesisspe
|
|-weather|SunnyDay|[upkeep]
|-damage|p2a: Walking Wake|42/100 brn|[from] brn
|upkeep
|turn|4
|
|t:|1759019806
|move|p1a: Heatran|Protect|p1a: Heatran
|-singleturn|p1a: Heatran|Protect
|move|p2a: Walking Wake|Flip Turn|p1a: Heatran
|-activate|p1a: Heatran|move: Protect
|
|-weather|SunnyDay|[upkeep]
|-damage|p2a: Walking Wake|36/100 brn|[from] brn
|upkeep
|turn|5
|
|t:|1759019817
|move|p2a: Walking Wake|Flip Turn|p1a: Heatran
|-supereffective|p1a: Heatran
|-damage|p1a: Heatran|96/100
|
|t:|1759019825
|-end|p2a: Walking Wake|Protosynthesis|[silent]
|switch|p2a: Slither Wing|Slither Wing|100/100|[from] Flip Turn
|-activate|p2a: Slither Wing|ability: Protosynthesis
|-start|p2a: Slither Wing|protosynthesisatk
|move|p1a: Heatran|Earth Power|p2a: Slither Wing
|-resisted|p2a: Slither Wing
|-damage|p2a: Slither Wing|93/100
|
|-weather|SunnyDay|[upkeep]
|-heal|p1a: Heatran|100/100|[from] item: Leftovers
|upkeep
|turn|6
|
|t:|1759019833
|move|p1a: Heatran|Protect|p1a: Heatran
|-singleturn|p1a: Heatran|Protect
|move|p2a: Slither Wing|Close Combat|p1a: Heatran
|-activate|p1a: Heatran|move: Protect
|
|-weather|SunnyDay|[upkeep]
|upkeep
|turn|7
|
|t:|1759019846
|move|p2a: Slither Wing|U-turn|p1a: Heatran
|-resisted|p1a: Heatran
|-damage|p1a: Heatran|92/100
|
|t:|1759019851
|-end|p2a: Slither Wing|Protosynthesis|[silent]
|switch|p2a: Hatterene|Hatterene, F|73/100|[from] U-turn
|move|p1a: Heatran|Magma Storm|p2a: Hatterene
|-damage|p2a: Hatterene|8/100
|-activate|p2a: Hatterene|move: Magma Storm|[of] p1a: Heatran
|
|-weather|SunnyDay|[upkeep]
|-heal|p1a: Heatran|99/100|[from] item: Leftovers
|-damage|p2a: Hatterene|0 fnt|[from] move: Magma Storm|[partiallytrapped]
|faint|p2a: Hatterene
|upkeep
|
|t:|1759019863
|switch|p2a: Walking Wake|Walking Wake|36/100 brn
|-activate|p2a: Walking Wake|ability: Protosynthesis
|-start|p2a: Walking Wake|protosynthesisspe
|turn|8
|
|t:|1759019868
|move|p1a: Heatran|Protect|p1a: Heatran
|-singleturn|p1a: Heatran|Protect
|move|p2a: Walking Wake|Hydro Steam|p1a: Heatran
|-activate|p1a: Heatran|move: Protect
|
|-weather|none
|-end|p2a: Walking Wake|Protosynthesis
|-heal|p1a: Heatran|100/100|[from] item: Leftovers
|-damage|p2a: Walking Wake|30/100 brn|[from] brn
|upkeep
|turn|9
|
|t:|1759019881
|-end|p2a: Walking Wake|Protosynthesis|[silent]
|switch|p2a: Ninetales|Ninetales, F|100/100
|-weather|SunnyDay|[from] ability: Drought|[of] p2a: Ninetales
|switch|p1a: Alomomola|Alomomola, M|100/100
|
|-weather|SunnyDay|[upkeep]
|upkeep
|turn|10
|
|t:|1759019892
|switch|p1a: Moltres|Moltres|100/100
|move|p2a: Ninetales|Will-O-Wisp|p1a: Moltres
|-immune|p1a: Moltres
|
|-weather|SunnyDay|[upkeep]
|upkeep
|turn|11
|
|t:|1759019901
|move|p2a: Ninetales|Weather Ball|p1a: Moltres
|-resisted|p1a: Moltres
|-damage|p1a: Moltres|73/100
|move|p1a: Moltres|Flamethrower|p2a: Ninetales
|-resisted|p2a: Ninetales
|-damage|p2a: Ninetales|53/100
|
|-weather|SunnyDay|[upkeep]
|upkeep
|turn|12
|
|t:|1759019918
|switch|p2a: Slither Wing|Slither Wing|93/100
|-activate|p2a: Slither Wing|ability: Protosynthesis
|-start|p2a: Slither Wing|protosynthesisatk
|switch|p1a: Heatran|Heatran, M|100/100
|
|-weather|SunnyDay|[upkeep]
|upkeep
|turn|13
|
|t:|1759019930
|move|p1a: Heatran|Protect|p1a: Heatran
|-singleturn|p1a: Heatran|Protect
|move|p2a: Slither Wing|U-turn|p1a: Heatran
|-activate|p1a: Heatran|move: Protect
|
|-weather|SunnyDay|[upkeep]
|upkeep
|turn|14
|
|t:|1759019936
|switch|p1a: Pecharunt|Pecharunt|100/100
|move|p2a: Slither Wing|Close Combat|p1a: Pecharunt
|-immune|p1a: Pecharunt
|
|-weather|SunnyDay|[upkeep]
|upkeep
|turn|15
|
|t:|1759019943
|move|p1a: Pecharunt|Malignant Chain|p2a: Slither Wing
|-crit|p2a: Slither Wing
|-damage|p2a: Slither Wing|57/100
|move|p2a: Slither Wing|U-turn|p1a: Pecharunt
|-resisted|p1a: Pecharunt
|-damage|p1a: Pecharunt|92/100
|
|t:|1759019953
|-end|p2a: Slither Wing|Protosynthesis|[silent]
|switch|p2a: Walking Wake|Walking Wake|30/100 brn|[from] U-turn
|-activate|p2a: Walking Wake|ability: Protosynthesis
|-start|p2a: Walking Wake|protosynthesisspe
|
|-weather|SunnyDay|[upkeep]
|-damage|p2a: Walking Wake|24/100 brn|[from] brn
|upkeep
|turn|16
|
|t:|1759019964
|switch|p1a: Corviknight|Corviknight, F|100/100
|move|p2a: Walking Wake|Draco Meteor|p1a: Corviknight
|-resisted|p1a: Corviknight
|-damage|p1a: Corviknight|53/100
|-unboost|p2a: Walking Wake|spa|2
|
|-weather|none
|-end|p2a: Walking Wake|Protosynthesis
|-damage|p2a: Walking Wake|17/100 brn|[from] brn
|upkeep
|turn|17
|
|t:|1759019972
|-end|p2a: Walking Wake|Protosynthesis|[silent]
|switch|p2a: Ninetales|Ninetales, F|53/100
|-weather|SunnyDay|[from] ability: Drought|[of] p2a: Ninetales
|switch|p1a: Heatran|Heatran, M|100/100
|
|-weather|SunnyDay|[upkeep]
|upkeep
|turn|18
|
|t:|1759019981
|move|p2a: Ninetales|Healing Wish|p2a: Ninetales
|faint|p2a: Ninetales
|move|p1a: Heatran|Taunt|p2: Ninetales|[notarget]
|-fail|p1a: Heatran
|
|-weather|SunnyDay|[upkeep]
|upkeep
|
|t:|1759019984
|switch|p2a: Walking Wake|Walking Wake|17/100 brn
|-heal|p2a: Walking Wake|100/100|[from] move: Healing Wish
|-activate|p2a: Walking Wake|ability: Protosynthesis
|-start|p2a: Walking Wake|protosynthesisspe
|turn|19
|
|t:|1759019995
|move|p1a: Heatran|Protect|p1a: Heatran
|-singleturn|p1a: Heatran|Protect
|move|p2a: Walking Wake|Draco Meteor|p1a: Heatran
|-activate|p1a: Heatran|move: Protect
|
|-weather|SunnyDay|[upkeep]
|upkeep
|turn|20
|
|t:|1759020003
|-end|p2a: Walking Wake|Protosynthesis|[silent]
|switch|p2a: Slither Wing|Slither Wing|57/100
|-activate|p2a: Slither Wing|ability: Protosynthesis
|-start|p2a: Slither Wing|protosynthesisatk
|move|p1a: Heatran|Magma Storm|p2a: Slither Wing
|-supereffective|p2a: Slither Wing
|-damage|p2a: Slither Wing|0 fnt
|faint|p2a: Slither Wing
|-end|p2a: Slither Wing|Protosynthesis|[silent]
|
|-weather|SunnyDay|[upkeep]
|upkeep
|
|t:|1759020009
|switch|p2a: Ceruledge|Ceruledge, F|100/100
|turn|21
|
|t:|1759020011
|move|p2a: Ceruledge|Swords Dance|p2a: Ceruledge
|-boost|p2a: Ceruledge|atk|2
|move|p1a: Heatran|Earth Power|p2a: Ceruledge
|-supereffective|p2a: Ceruledge
|-crit|p2a: Ceruledge
|-damage|p2a: Ceruledge|13/100
|
|-weather|SunnyDay|[upkeep]
|upkeep
|turn|22
|
|t:|1759020016
|-terastallize|p2a: Ceruledge|Ghost
|move|p2a: Ceruledge|Poltergeist|p1a: Heatran
|-activate|p1a: Heatran|move: Poltergeist|Leftovers
|-damage|p1a: Heatran|12/100
|move|p1a: Heatran|Earth Power|p2a: Ceruledge
|-damage|p2a: Ceruledge|0 fnt
|faint|p2a: Ceruledge
|
|-weather|SunnyDay|[upkeep]
|-heal|p1a: Heatran|18/100|[from] item: Leftovers
|upkeep
|
|t:|1759020025
|switch|p2a: Walking Wake|Walking Wake|100/100
|-activate|p2a: Walking Wake|ability: Protosynthesis
|-start|p2a: Walking Wake|protosynthesisspe
|turn|23
|
|t:|1759020032
|move|p1a: Heatran|Protect|p1a: Heatran
|-singleturn|p1a: Heatran|Protect
|move|p2a: Walking Wake|Hydro Steam|p1a: Heatran
|-activate|p1a: Heatran|move: Protect
|
|-weather|SunnyDay|[upkeep]
|-heal|p1a: Heatran|24/100|[from] item: Leftovers
|upkeep
|turn|24
|
|t:|1759020040
|-end|p2a: Walking Wake|Protosynthesis|[silent]
|switch|p2a: Great Tusk|Great Tusk|100/100
|-activate|p2a: Great Tusk|ability: Protosynthesis
|-start|p2a: Great Tusk|protosynthesisatk
|switch|p1a: Alomomola|Alomomola, M|100/100
|
|-weather|none
|-end|p2a: Great Tusk|Protosynthesis
|upkeep
|turn|25
|-message|Fan Letter forfeited.
|
|win|Nitropig
|raw|Nitropig's rating: 1392 &rarr; <strong>1411</strong><br />(+19 for winning)
|raw|Fan Letter's rating: 1369 &rarr; <strong>1350</strong><br />(-19 for losing)
|l|☆Fan Letter
|player|p2|
|l|☆Nitropig
|player|p1|
