|j|☆Shir4i
|j|☆Griffin_MX
|t:|1758948458
|gametype|singles
|player|p1|Shir4i|1|1073
|player|p2|Griffin_MX|iris-gen5bw2|1109
|gen|9
|tier|[Gen 9] OU
|rated|
|rule|HP Percentage Mod: HP is shown in percentages
|rule|Endless Battle Clause: Forcing endless battles is banned
|rule|Species Clause: Limit one of each Pokémon
|rule|OHKO Clause: OHKO moves are banned
|rule|Evasion Items Clause: Evasion items are banned
|rule|Evasion Moves Clause: Evasion moves are banned
|rule|Evasion Abilities Clause: Evasion abilities are banned
|rule|Sleep Moves Clause: Sleep-inducing moves are banned
|clearpoke
|poke|p1|Salamence, F|
|poke|p1|Garchomp, M|
|poke|p1|Latios, M|
|poke|p1|Dragapult, M|
|poke|p1|Goodra-Hisui, F|
|poke|p1|Kommo-o, F|
|poke|p2|Mimikyu, F|
|poke|p2|Ambipom, M|
|poke|p2|Serperior, F|
|poke|p2|Moltres|
|poke|p2|Great Tusk|
|poke|p2|Goodra-Hisui, F|
|teampreview
|inactive|Battle timer is ON: inactive players will automatically lose when time's up. (requested by Griffin_MX)
|
|t:|1758948472
|teamsize|p1|6
|teamsize|p2|6
|start
|switch|p1a: Garchomp|Garchomp, M|100/100
|switch|p2a: Mimikyu|Mimikyu, F, shiny|100/100
|turn|1
|
|t:|1758948480
|move|p2a: Mimikyu|Swords Dance|p2a: Mimikyu
|-boost|p2a: Mimikyu|atk|2
|move|p1a: Garchomp|Stealth Rock|p2a: Mimikyu
|-sidestart|p2: Griffin_MX|move: Stealth Rock
|
|upkeep
|turn|2
|
|t:|1758948486
|move|p2a: Mimikyu|Swords Dance|p2a: Mimikyu
|-boost|p2a: Mimikyu|atk|2
|move|p1a: Garchomp|Spikes|p2a: Mimikyu
|-sidestart|p2: Griffin_MX|Spikes
|
|upkeep
|turn|3
|
|t:|1758948492
|move|p2a: Mimikyu|Play Rough|p1a: Garchomp|[miss]
|-miss|p2a: Mimikyu|p1a: Garchomp
|move|p1a: Garchomp|Earthquake|p2a: Mimikyu
|-activate|p2a: Mimikyu|ability: Disguise
|-damage|p2a: Mimikyu|100/100
|detailschange|p2a: Mimikyu|Mimikyu-Busted, F, shiny
|-damage|p2a: Mimikyu|88/100|[from] pokemon: Mimikyu-Busted
|-enditem|p2a: Mimikyu|Red Card|[of] p1a: Garchomp
|drag|p1a: Salamence|Salamence, F|100/100
|-ability|p1a: Salamence|Intimidate|boost
|-unboost|p2a: Mimikyu|atk|1
|
|upkeep
|turn|4
|
|t:|1758948513
|-terastallize|p1a: Salamence|Fairy
|move|p2a: Mimikyu|Play Rough|p1a: Salamence
|-damage|p1a: Salamence|0 fnt
|faint|p1a: Salamence
|
|upkeep
|
|t:|1758948523
|switch|p1a: Goodra|Goodra-Hisui, F|100/100
|turn|5
|
|t:|1758948531
|-terastallize|p2a: Mimikyu|Fighting
|move|p2a: Mimikyu|Drain Punch|p1a: Goodra
|-supereffective|p1a: Goodra
|-damage|p1a: Goodra|0 fnt
|-heal|p2a: Mimikyu|100/100|[from] drain|[of] p1a: Goodra
|-ability|p1a: Goodra|Gooey
|-unboost|p2a: Mimikyu|spe|1
|faint|p1a: Goodra
|
|upkeep
|c|☆Shir4i|dayum bro
|
|t:|1758948544
|switch|p1a: Latios|Latios, M|100/100
|turn|6
|
|t:|1758948549
|move|p2a: Mimikyu|Shadow Sneak|p1a: Latios
|-supereffective|p1a: Latios
|-damage|p1a: Latios|0 fnt
|faint|p1a: Latios
|
|upkeep
|c|☆Shir4i|that boy fast
|
|t:|1758948566
|switch|p1a: Garchomp|Garchomp, M|100/100
|turn|7
|
|t:|1758948578
|move|p2a: Mimikyu|Play Rough|p1a: Garchomp
|-supereffective|p1a: Garchomp
|-damage|p1a: Garchomp|0 fnt
|-damage|p2a: Mimikyu|88/100|[from] ability: Rough Skin|[of] p1a: Garchomp
|-damage|p2a: Mimikyu|72/100|[from] item: Rocky Helmet|[of] p1a: Garchomp
|faint|p1a: Garchomp
|
|upkeep
|
|t:|1758948586
|switch|p1a: Dragapult|Dragapult, M|100/100
|turn|8
|
|t:|1758948599
|move|p2a: Mimikyu|Shadow Sneak|p1a: Dragapult
|-supereffective|p1a: Dragapult
|-damage|p1a: Dragapult|0 fnt
|faint|p1a: Dragapult
|
|upkeep
|
|t:|1758948603
|switch|p1a: Kommo-o|Kommo-o, F|100/100
|turn|9
|
|t:|1758948609
|move|p2a: Mimikyu|Play Rough|p1a: Kommo-o
|-supereffective|p1a: Kommo-o
|-damage|p1a: Kommo-o|0 fnt
|faint|p1a: Kommo-o
|
|win|Griffin_MX
