|j|☆Jikm4n
|j|☆Caidenn
|t:|1759024086
|gametype|singles
|player|p1|Jikm4n|li|1127
|player|p2|Caidenn|scientist-gen4|1113
|gen|9
|tier|[Gen 9] OU
|rated|
|rule|HP Percentage Mod: HP is shown in percentages
|rule|Endless Battle Clause: Forcing endless battles is banned
|rule|Species Clause: Limit one of each Pokémon
|rule|OHKO Clause: OHKO moves are banned
|rule|Evasion Items Clause: Evasion items are banned
|rule|Evasion Moves Clause: Evasion moves are banned
|rule|Evasion Abilities Clause: Evasion abilities are banned
|rule|Sleep Moves Clause: Sleep-inducing moves are banned
|clearpoke
|poke|p1|Grimmsnarl, M|
|poke|p1|Furret, M|
|poke|p1|Coalossal, F|
|poke|p1|Dragalge, F|
|poke|p1|Sandaconda, F|
|poke|p1|Flamigo, F|
|poke|p2|Iron Valiant|
|poke|p2|Excadrill, M|
|poke|p2|Gholdengo|
|poke|p2|Dragonite, F|
|poke|p2|Toxapex, M|
|poke|p2|Thundurus-Therian, M|
|teampreview
|inactive|Battle timer is ON: inactive players will automatically lose when time's up. (requested by Caidenn)
|
|t:|1759024101
|teamsize|p1|6
|teamsize|p2|6
|start
|switch|p1a: Dragalge|Dragalge, F|100/100
|switch|p2a: Excadrill|Excadrill, M, shiny|100/100
|turn|1
|
|t:|1759024109
|move|p2a: Excadrill|Stealth Rock|p1a: Dragalge
|-sidestart|p1: Jikm4n|move: Stealth Rock
|move|p1a: Dragalge|Focus Blast|p2a: Excadrill
|-supereffective|p2a: Excadrill
|-enditem|p2a: Excadrill|Focus Sash
|-damage|p2a: Excadrill|1/100
|
|upkeep
|turn|2
|
|t:|1759024119
|switch|p1a: Flamigo|Flamigo, F|100/100
|-damage|p1a: Flamigo|88/100|[from] Stealth Rock
|move|p2a: Excadrill|Earthquake|p1a: Flamigo
|-immune|p1a: Flamigo
|
|upkeep
|turn|3
|
|t:|1759024128
|move|p1a: Flamigo|U-turn|p2a: Excadrill
|-resisted|p2a: Excadrill
|-damage|p2a: Excadrill|0 fnt
|faint|p2a: Excadrill
|
|t:|1759024135
|switch|p1a: Coalossal|Coalossal, F|100/100|[from] U-turn
|-damage|p1a: Coalossal|76/100|[from] Stealth Rock
|
|upkeep
|
|t:|1759024162
|switch|p2a: Iron Valiant|Iron Valiant, shiny|100/100
|-enditem|p2a: Iron Valiant|Booster Energy
|-activate|p2a: Iron Valiant|ability: Quark Drive|[fromitem]
|-start|p2a: Iron Valiant|quarkdrivespe
|turn|4
|
|t:|1759024167
|move|p2a: Iron Valiant|Close Combat|p1a: Coalossal
|-supereffective|p1a: Coalossal
|-damage|p1a: Coalossal|0 fnt
|-unboost|p2a: Iron Valiant|def|1
|-unboost|p2a: Iron Valiant|spd|1
|faint|p1a: Coalossal
|
|upkeep
|
|t:|1759024173
|switch|p1a: Dragalge|Dragalge, F|100/100
|-damage|p1a: Dragalge|88/100|[from] Stealth Rock
|turn|5
|inactive|Caidenn has 120 seconds left.
|inactive|Jikm4n has 120 seconds left.
|inactive|Caidenn has 90 seconds left.
|inactive|Jikm4n has 90 seconds left.
|
|t:|1759024250
|-end|p2a: Iron Valiant|Quark Drive|[silent]
|switch|p2a: Gholdengo|Gholdengo|100/100
|move|p1a: Dragalge|Sludge Wave|p2a: Gholdengo
|-immune|p2a: Gholdengo
|
|upkeep
|turn|6
|inactive|Jikm4n has 90 seconds left.
|inactive|Caidenn has 90 seconds left.
|
|t:|1759024270
|switch|p1a: Sandaconda|Sandaconda, F|100/100
|-damage|p1a: Sandaconda|94/100|[from] Stealth Rock
|move|p2a: Gholdengo|Make It Rain|p1a: Sandaconda
|-crit|p1a: Sandaconda
|-damage|p1a: Sandaconda|0 fnt
|-unboost|p2a: Gholdengo|spa|1
|faint|p1a: Sandaconda
|
|upkeep
|
|t:|1759024281
|switch|p1a: Grimmsnarl|Grimmsnarl, M|100/100
|-damage|p1a: Grimmsnarl|88/100|[from] Stealth Rock
|turn|7
|inactive|Caidenn has 90 seconds left.
|
|t:|1759024289
|move|p1a: Grimmsnarl|Sucker Punch|p2a: Gholdengo
|-supereffective|p2a: Gholdengo
|-damage|p2a: Gholdengo|0 fnt
|faint|p2a: Gholdengo
|
|upkeep
|inactive|Caidenn has 90 seconds left.
|
|t:|1759024299
|switch|p2a: Dragonite|Dragonite, F, shiny|100/100
|turn|8
|
|t:|1759024303
|move|p1a: Grimmsnarl|Thunder Wave|p2a: Dragonite
|-status|p2a: Dragonite|par
|move|p2a: Dragonite|Dragon Dance|p2a: Dragonite
|-boost|p2a: Dragonite|atk|1
|-boost|p2a: Dragonite|spe|1
|
|upkeep
|turn|9
|
|t:|1759024307
|move|p2a: Dragonite|Dragon Dance|p2a: Dragonite
|-boost|p2a: Dragonite|atk|1
|-boost|p2a: Dragonite|spe|1
|move|p1a: Grimmsnarl|Spirit Break|p2a: Dragonite
|-supereffective|p2a: Dragonite
|-damage|p2a: Dragonite|54/100 par
|-unboost|p2a: Dragonite|spa|1
|
|upkeep
|turn|10
|
|t:|1759024327
|-terastallize|p2a: Dragonite|Ice
|-terastallize|p1a: Grimmsnarl|Dark
|move|p1a: Grimmsnarl|Sucker Punch|p2a: Dragonite
|-damage|p2a: Dragonite|0 fnt
|faint|p2a: Dragonite
|
|upkeep
|
|t:|1759024338
|switch|p2a: Iron Valiant|Iron Valiant, shiny|100/100
|turn|11
|
|t:|1759024343
|move|p1a: Grimmsnarl|Thunder Wave|p2a: Iron Valiant
|-status|p2a: Iron Valiant|par
|move|p2a: Iron Valiant|Swords Dance|p2a: Iron Valiant
|-boost|p2a: Iron Valiant|atk|2
|
|upkeep
|turn|12
|
|t:|1759024349
|move|p2a: Iron Valiant|Close Combat|p1a: Grimmsnarl
|-supereffective|p1a: Grimmsnarl
|-damage|p1a: Grimmsnarl|0 fnt
|-unboost|p2a: Iron Valiant|def|1
|-unboost|p2a: Iron Valiant|spd|1
|faint|p1a: Grimmsnarl
|
|upkeep
|
|t:|1759024356
|switch|p1a: Flamigo|Flamigo, F|88/100
|-damage|p1a: Flamigo|76/100|[from] Stealth Rock
|turn|13
|
|t:|1759024361
|-end|p2a: Iron Valiant|Quark Drive|[silent]
|switch|p2a: Thundurus|Thundurus-Therian, M, shiny|100/100
|move|p1a: Flamigo|Brave Bird|p2a: Thundurus
|-resisted|p2a: Thundurus
|-damage|p2a: Thundurus|53/100
|-damage|p1a: Flamigo|60/100|[from] Recoil
|
|upkeep
|turn|14
|
|t:|1759024372
|switch|p1a: Dragalge|Dragalge, F|88/100
|-damage|p1a: Dragalge|76/100|[from] Stealth Rock
|move|p2a: Thundurus|Volt Switch|p1a: Dragalge
|-resisted|p1a: Dragalge
|-damage|p1a: Dragalge|55/100
|
|t:|1759024382
|switch|p2a: Iron Valiant|Iron Valiant, shiny|100/100 par|[from] Volt Switch
|
|upkeep
|turn|15
|
|t:|1759024389
|move|p1a: Dragalge|Sludge Wave|p2a: Iron Valiant
|-supereffective|p2a: Iron Valiant
|-damage|p2a: Iron Valiant|0 fnt
|faint|p2a: Iron Valiant
|-end|p2a: Iron Valiant|Quark Drive|[silent]
|
|upkeep
|
|t:|1759024394
|switch|p2a: Thundurus|Thundurus-Therian, M, shiny|53/100
|turn|16
|
|t:|1759024405
|move|p2a: Thundurus|Focus Blast|p1a: Dragalge
|-resisted|p1a: Dragalge
|-damage|p1a: Dragalge|30/100
|move|p1a: Dragalge|Sludge Wave|p2a: Thundurus
|-damage|p2a: Thundurus|0 fnt
|faint|p2a: Thundurus
|
|upkeep
|
|t:|1759024410
|switch|p2a: Toxapex|Toxapex, M, shiny|100/100
|turn|17
|
|t:|1759024415
|switch|p1a: Furret|Furret, M|100/100
|-damage|p1a: Furret|88/100|[from] Stealth Rock
|-item|p2a: Toxapex|Black Sludge|[from] ability: Frisk|[of] p1a: Furret
|move|p2a: Toxapex|Hydro Pump|p1a: Furret
|-damage|p1a: Furret|46/100
|
|upkeep
|turn|18
|
|t:|1759024428
|move|p1a: Furret|Tidy Up|p1a: Furret
|-sideend|p1: Jikm4n|Stealth Rock
|-activate|p1a: Furret|move: Tidy Up
|-boost|p1a: Furret|atk|1
|-boost|p1a: Furret|spe|1
|move|p2a: Toxapex|Hydro Pump|p1a: Furret
|-damage|p1a: Furret|9/100
|
|upkeep
|turn|19
|
|t:|1759024442
|move|p1a: Furret|Last Resort|p2a: Toxapex
|-damage|p2a: Toxapex|46/100
|move|p2a: Toxapex|Haze|p2a: Toxapex
|-clearallboost
|
|-heal|p2a: Toxapex|52/100|[from] item: Black Sludge
|upkeep
|turn|20
|
|t:|1759024451
|move|p2a: Toxapex|Baneful Bunker|p2a: Toxapex
|-singleturn|p2a: Toxapex|move: Protect
|move|p1a: Furret|Last Resort|p2a: Toxapex
|-activate|p2a: Toxapex|move: Protect
|-status|p1a: Furret|psn
|
|-heal|p2a: Toxapex|59/100|[from] item: Black Sludge
|-damage|p1a: Furret|0 fnt|[from] psn
|faint|p1a: Furret
|upkeep
|
|t:|1759024454
|switch|p1a: Dragalge|Dragalge, F|30/100
|turn|21
|
|t:|1759024461
|move|p1a: Dragalge|Draco Meteor|p2a: Toxapex
|-damage|p2a: Toxapex|0 fnt
|-unboost|p1a: Dragalge|spa|2
|faint|p2a: Toxapex
|
|win|Jikm4n
|raw|Jikm4n's rating: 1127 &rarr; <strong>1151</strong><br />(+24 for winning)
|raw|Caidenn's rating: 1113 &rarr; <strong>1089</strong><br />(-24 for losing)
|l|☆Caidenn
|player|p2|
|l|☆Jikm4n
|player|p1|
