|j|☆doctor coolress
|j|☆dr. drake6782
|t:|1759076132
|gametype|singles
|player|p1|doctor coolress|colress|1392
|player|p2|dr. drake6782|170|1424
|gen|9
|tier|[Gen 9] OU
|rated|
|rule|HP Percentage Mod: HP is shown in percentages
|rule|Endless Battle Clause: Forcing endless battles is banned
|rule|Species Clause: Limit one of each Pokémon
|rule|OHKO Clause: OHKO moves are banned
|rule|Evasion Items Clause: Evasion items are banned
|rule|Evasion Moves Clause: Evasion moves are banned
|rule|Evasion Abilities Clause: Evasion abilities are banned
|rule|Sleep Moves Clause: Sleep-inducing moves are banned
|clearpoke
|poke|p1|Darkrai|
|poke|p1|Slowking-Galar, F|
|poke|p1|Maushold-Four|
|poke|p1|Alomomola, F|
|poke|p1|Sinistcha-Masterpiece|
|poke|p1|Weavile, F|
|poke|p2|Tyranitar, F|
|poke|p2|Excadrill, F|
|poke|p2|Kingambit, M|
|poke|p2|Garchomp, M|
|poke|p2|Pecharunt|
|poke|p2|Rotom-Wash|
|teampreview
|inactive|Battle timer is ON: inactive players will automatically lose when time's up. (requested by dr. drake6782)
|inactive|doctor coolress also wants the timer to be on.
|j| venomania
|
|t:|1759076151
|teamsize|p1|6
|teamsize|p2|6
|start
|switch|p1a: Alomomola|Alomomola, F|100/100
|switch|p2a: Tyranitar|Tyranitar, F|100/100
|-weather|Sandstorm|[from] ability: Sand Stream|[of] p2a: Tyranitar
|turn|1
|inactive|dr. drake6782 has 120 seconds left.
|inactive|dr. drake6782 has 90 seconds left.
|
|t:|1759076228
|move|p1a: Alomomola|Scald|p2a: Tyranitar
|-supereffective|p2a: Tyranitar
|-damage|p2a: Tyranitar|88/100
|move|p2a: Tyranitar|Stealth Rock|p1a: Alomomola
|-sidestart|p1: doctor coolress|move: Stealth Rock
|
|-weather|Sandstorm|[upkeep]
|-damage|p1a: Alomomola|94/100|[from] Sandstorm
|upkeep
|turn|2
|
|t:|1759076252
|move|p1a: Alomomola|Scald|p2a: Tyranitar
|-supereffective|p2a: Tyranitar
|-damage|p2a: Tyranitar|77/100
|move|p2a: Tyranitar|Thunder Wave|p1a: Alomomola
|-status|p1a: Alomomola|par
|
|-weather|Sandstorm|[upkeep]
|-damage|p1a: Alomomola|88/100 par|[from] Sandstorm
|upkeep
|turn|3
|
|t:|1759076258
|move|p2a: Tyranitar|Knock Off|p1a: Alomomola
|-damage|p1a: Alomomola|63/100 par
|-damage|p2a: Tyranitar|61/100|[from] item: Rocky Helmet|[of] p1a: Alomomola
|-enditem|p1a: Alomomola|Rocky Helmet|[from] move: Knock Off|[of] p2a: Tyranitar
|cant|p1a: Alomomola|par
|
|-weather|Sandstorm|[upkeep]
|-damage|p1a: Alomomola|57/100 par|[from] Sandstorm
|upkeep
|turn|4
|
|t:|1759076270
|switch|p2a: Pecharunt|Pecharunt|100/100
|-item|p2a: Pecharunt|Air Balloon
|move|p1a: Alomomola|Wish|p1a: Alomomola
|
|-weather|Sandstorm|[upkeep]
|-damage|p2a: Pecharunt|94/100|[from] Sandstorm
|-damage|p1a: Alomomola|51/100 par|[from] Sandstorm
|upkeep
|turn|5
|
|t:|1759076279
|switch|p1a: Slowking|Slowking-Galar, F|100/100
|-damage|p1a: Slowking|88/100|[from] Stealth Rock
|move|p2a: Pecharunt|Malignant Chain|p1a: Slowking
|-resisted|p1a: Slowking
|-damage|p1a: Slowking|79/100
|
|-weather|Sandstorm|[upkeep]
|-damage|p2a: Pecharunt|88/100|[from] Sandstorm
|-damage|p1a: Slowking|73/100|[from] Sandstorm
|-heal|p1a: Slowking|100/100|[from] move: Wish|[wisher] Alomomola
|upkeep
|turn|6
|
|t:|1759076287
|move|p2a: Pecharunt|Shadow Ball|p1a: Slowking
|-supereffective|p1a: Slowking
|-damage|p1a: Slowking|70/100
|-prepare|p1a: Slowking|Chilly Reception|[premajor]
|move|p1a: Slowking|Chilly Reception|p1a: Slowking
|-weather|Snowscape
|
|t:|1759076292
|switch|p1a: Darkrai|Darkrai|100/100|[from] Chilly Reception
|-damage|p1a: Darkrai|88/100|[from] Stealth Rock
|
|-weather|Snowscape|[upkeep]
|upkeep
|turn|7
|
|t:|1759076305
|switch|p1a: Alomomola|Alomomola, F|84/100 par
|-damage|p1a: Alomomola|72/100 par|[from] Stealth Rock
|switch|p2a: Tyranitar|Tyranitar, F|61/100
|-weather|Sandstorm|[from] ability: Sand Stream|[of] p2a: Tyranitar
|
|-weather|Sandstorm|[upkeep]
|-damage|p1a: Alomomola|66/100 par|[from] Sandstorm
|upkeep
|turn|8
|inactive|dr. drake6782 has 90 seconds left.
|
|t:|1759076331
|move|p2a: Tyranitar|Knock Off|p1a: Alomomola
|-damage|p1a: Alomomola|49/100 par
|move|p1a: Alomomola|Flip Turn|p2a: Tyranitar
|-supereffective|p2a: Tyranitar
|-damage|p2a: Tyranitar|37/100
|
|t:|1759076347
|switch|p1a: Weavile|Weavile, F|100/100|[from] Flip Turn
|-damage|p1a: Weavile|76/100|[from] Stealth Rock
|-ability|p1a: Weavile|Pressure
|
|-weather|Sandstorm|[upkeep]
|-damage|p1a: Weavile|70/100|[from] Sandstorm
|upkeep
|turn|9
|inactive|dr. drake6782 has 90 seconds left.
|
|t:|1759076376
|switch|p2a: Pecharunt|Pecharunt|88/100
|-item|p2a: Pecharunt|Air Balloon
|move|p1a: Weavile|Triple Axel|p2a: Pecharunt|[miss]
|-miss|p1a: Weavile|p2a: Pecharunt
|
|-weather|Sandstorm|[upkeep]
|-damage|p1a: Weavile|63/100|[from] Sandstorm
|-damage|p2a: Pecharunt|82/100|[from] Sandstorm
|upkeep
|turn|10
|
|t:|1759076384
|switch|p1a: Slowking|Slowking-Galar, F|100/100
|-damage|p1a: Slowking|88/100|[from] Stealth Rock
|move|p2a: Pecharunt|Malignant Chain|p1a: Slowking
|-resisted|p1a: Slowking
|-damage|p1a: Slowking|79/100
|
|-weather|Sandstorm|[upkeep]
|-damage|p2a: Pecharunt|76/100|[from] Sandstorm
|-damage|p1a: Slowking|73/100|[from] Sandstorm
|-heal|p1a: Slowking|79/100|[from] item: Leftovers
|upkeep
|turn|11
|
|t:|1759076386
|move|p2a: Pecharunt|Shadow Ball|p1a: Slowking
|-supereffective|p1a: Slowking
|-damage|p1a: Slowking|49/100
|-unboost|p1a: Slowking|spd|1
|move|p1a: Slowking|Flamethrower|p2a: Pecharunt
|-damage|p2a: Pecharunt|52/100
|-enditem|p2a: Pecharunt|Air Balloon
|
|-weather|Sandstorm|[upkeep]
|-damage|p2a: Pecharunt|46/100|[from] Sandstorm
|-damage|p1a: Slowking|43/100|[from] Sandstorm
|-heal|p1a: Slowking|49/100|[from] item: Leftovers
|upkeep
|turn|12
|
|t:|1759076394
|switch|p1a: Maushold|Maushold-Four|100/100
|-damage|p1a: Maushold|88/100|[from] Stealth Rock
|move|p2a: Pecharunt|Shadow Ball|p1a: Maushold
|-immune|p1a: Maushold
|
|-weather|Sandstorm|[upkeep]
|-damage|p1a: Maushold|82/100|[from] Sandstorm
|-damage|p2a: Pecharunt|40/100|[from] Sandstorm
|upkeep
|turn|13
|
|t:|1759076396
|switch|p1a: Slowking|Slowking-Galar, F|83/100
|-damage|p1a: Slowking|70/100|[from] Stealth Rock
|move|p2a: Pecharunt|Malignant Chain|p1a: Slowking
|-resisted|p1a: Slowking
|-damage|p1a: Slowking|61/100
|
|-weather|Sandstorm|[upkeep]
|-damage|p2a: Pecharunt|34/100|[from] Sandstorm
|-damage|p1a: Slowking|55/100|[from] Sandstorm
|-heal|p1a: Slowking|61/100|[from] item: Leftovers
|upkeep
|turn|14
|
|t:|1759076401
|move|p2a: Pecharunt|Recover|p2a: Pecharunt
|-heal|p2a: Pecharunt|84/100
|-prepare|p1a: Slowking|Chilly Reception|[premajor]
|move|p1a: Slowking|Chilly Reception|p1a: Slowking
|-weather|Snowscape
|
|t:|1759076404
|switch|p1a: Darkrai|Darkrai|88/100|[from] Chilly Reception
|-damage|p1a: Darkrai|76/100|[from] Stealth Rock
|
|-weather|Snowscape|[upkeep]
|upkeep
|turn|15
|
|t:|1759076410
|switch|p1a: Alomomola|Alomomola, F|83/100 par
|-damage|p1a: Alomomola|70/100 par|[from] Stealth Rock
|-terastallize|p2a: Pecharunt|Grass
|move|p2a: Pecharunt|Malignant Chain|p1a: Alomomola
|-damage|p1a: Alomomola|33/100 par
|
|-weather|Snowscape|[upkeep]
|upkeep
|turn|16
|
|t:|1759076417
|switch|p1a: Slowking|Slowking-Galar, F|94/100
|-damage|p1a: Slowking|82/100|[from] Stealth Rock
|move|p2a: Pecharunt|Shadow Ball|p1a: Slowking
|-supereffective|p1a: Slowking
|-damage|p1a: Slowking|53/100
|
|-weather|Snowscape|[upkeep]
|-heal|p1a: Slowking|59/100|[from] item: Leftovers
|upkeep
|turn|17
|
|t:|1759076419
|move|p2a: Pecharunt|Shadow Ball|p1a: Slowking
|-supereffective|p1a: Slowking
|-damage|p1a: Slowking|31/100
|move|p1a: Slowking|Sludge Wave|p2a: Pecharunt
|-supereffective|p2a: Pecharunt
|-damage|p2a: Pecharunt|8/100
|
|-weather|Snowscape|[upkeep]
|-heal|p1a: Slowking|37/100|[from] item: Leftovers
|upkeep
|turn|18
|
|t:|1759076428
|switch|p1a: Alomomola|Alomomola, F|66/100 par
|-damage|p1a: Alomomola|54/100 par|[from] Stealth Rock
|move|p2a: Pecharunt|Parting Shot|p1a: Alomomola
|-unboost|p1a: Alomomola|atk|1
|-unboost|p1a: Alomomola|spa|1
|
|t:|1759076443
|switch|p2a: Rotom|Rotom-Wash|100/100|[from] Parting Shot
|
|-weather|none
|upkeep
|turn|19
|
|t:|1759076451
|switch|p1a: Sinistcha|Sinistcha-Masterpiece|100/100
|-damage|p1a: Sinistcha|88/100|[from] Stealth Rock
|move|p2a: Rotom|Volt Switch|p1a: Sinistcha
|-resisted|p1a: Sinistcha
|-damage|p1a: Sinistcha|74/100
|
|t:|1759076455
|switch|p2a: Kingambit|Kingambit, M|100/100|[from] Volt Switch
|
|-heal|p1a: Sinistcha|80/100|[from] item: Leftovers
|upkeep
|turn|20
|
|t:|1759076459
|-terastallize|p1a: Sinistcha|Steel
|move|p2a: Kingambit|Kowtow Cleave|p1a: Sinistcha
|-damage|p1a: Sinistcha|40/100
|move|p1a: Sinistcha|Strength Sap|p2a: Kingambit
|-unboost|p2a: Kingambit|atk|1
|-heal|p1a: Sinistcha|100/100
|
|upkeep
|turn|21
|
|t:|1759076464
|-end|p2a: Kingambit|fallenundefined|[silent]
|switch|p2a: Tyranitar|Tyranitar, F|37/100
|-weather|Sandstorm|[from] ability: Sand Stream|[of] p2a: Tyranitar
|move|p1a: Sinistcha|Calm Mind|p1a: Sinistcha
|-boost|p1a: Sinistcha|spa|1
|-boost|p1a: Sinistcha|spd|1
|
|-weather|Sandstorm|[upkeep]
|upkeep
|turn|22
|
|t:|1759076470
|switch|p1a: Alomomola|Alomomola, F|87/100 par
|-damage|p1a: Alomomola|75/100 par|[from] Stealth Rock
|move|p2a: Tyranitar|Thunder Wave|p1a: Alomomola
|-fail|p1a: Alomomola|par
|
|-weather|Sandstorm|[upkeep]
|-damage|p1a: Alomomola|69/100 par|[from] Sandstorm
|upkeep
|turn|23
|
|t:|1759076473
|switch|p2a: Pecharunt|Pecharunt, tera:Grass|8/100
|move|p1a: Alomomola|Flip Turn|p2a: Pecharunt
|-resisted|p2a: Pecharunt
|-damage|p2a: Pecharunt|4/100
|
|t:|1759076479
|switch|p1a: Slowking|Slowking-Galar, F|70/100|[from] Flip Turn
|-damage|p1a: Slowking|58/100|[from] Stealth Rock
|
|-weather|Sandstorm|[upkeep]
|-damage|p2a: Pecharunt|0 fnt|[from] Sandstorm
|-damage|p1a: Slowking|52/100|[from] Sandstorm
|faint|p2a: Pecharunt
|-heal|p1a: Slowking|58/100|[from] item: Leftovers
|upkeep
|
|t:|1759076482
|switch|p2a: Excadrill|Excadrill, F|100/100
|turn|24
|
|t:|1759076491
|move|p2a: Excadrill|Earthquake|p1a: Slowking
|-supereffective|p1a: Slowking
|-damage|p1a: Slowking|0 fnt
|faint|p1a: Slowking
|-damage|p2a: Excadrill|91/100|[from] item: Life Orb
|
|-weather|Sandstorm|[upkeep]
|upkeep
|
|t:|1759076493
|switch|p1a: Alomomola|Alomomola, F|100/100 par
|-damage|p1a: Alomomola|88/100 par|[from] Stealth Rock
|turn|25
|
|t:|1759076497
|switch|p2a: Rotom|Rotom-Wash|100/100
|cant|p1a: Alomomola|par
|
|-weather|Sandstorm|[upkeep]
|-damage|p2a: Rotom|94/100|[from] Sandstorm
|-damage|p1a: Alomomola|82/100 par|[from] Sandstorm
|-heal|p2a: Rotom|100/100|[from] item: Leftovers
|upkeep
|turn|26
|
|t:|1759076501
|switch|p1a: Sinistcha|Sinistcha-Masterpiece, tera:Steel|100/100
|-damage|p1a: Sinistcha|94/100|[from] Stealth Rock
|move|p2a: Rotom|Volt Switch|p1a: Sinistcha
|-damage|p1a: Sinistcha|63/100
|
|t:|1759076502
|switch|p2a: Excadrill|Excadrill, F|91/100|[from] Volt Switch
|
|-weather|Sandstorm|[upkeep]
|-heal|p1a: Sinistcha|69/100|[from] item: Leftovers
|upkeep
|turn|27
|-message|doctor coolress forfeited.
|
|win|dr. drake6782
|raw|doctor coolress's rating: 1392 &rarr; <strong>1374</strong><br />(-18 for losing)
|raw|dr. drake6782's rating: 1424 &rarr; <strong>1442</strong><br />(+18 for winning)
|l|☆doctor coolress
|player|p1|
