|j|☆birbirb
|j|☆jaious
|t:|1759022071
|gametype|singles
|player|p1|birbirb|pokemaniac|1546
|player|p2|jaious|swimmer|1497
|gen|9
|tier|[Gen 9] OU
|rated|
|rule|HP Percentage Mod: HP is shown in percentages
|rule|Endless Battle Clause: Forcing endless battles is banned
|rule|Species Clause: Limit one of each Pokémon
|rule|OHKO Clause: OHKO moves are banned
|rule|Evasion Items Clause: Evasion items are banned
|rule|Evasion Moves Clause: Evasion moves are banned
|rule|Evasion Abilities Clause: Evasion abilities are banned
|rule|Sleep Moves Clause: Sleep-inducing moves are banned
|clearpoke
|poke|p1|Landorus-Therian, M|
|poke|p1|Zamazenta-*|
|poke|p1|Pecharunt|
|poke|p1|Samurott-Hisui, M|
|poke|p1|Latios, M|
|poke|p1|Scizor, M|
|poke|p2|Ampharos, M|
|poke|p2|Dragonite, M|
|poke|p2|Corviknight, F|
|poke|p2|Alomomola, M|
|poke|p2|Iron Moth|
|poke|p2|Great Tusk|
|teampreview
|
|t:|1759022103
|teamsize|p1|6
|teamsize|p2|6
|start
|switch|p1a: Landorus|Landorus-Therian, M|100/100
|switch|p2a: I LUV ZAM|Corviknight, F|100/100
|-ability|p1a: Landorus|Intimidate|boost
|-unboost|p2a: I LUV ZAM|atk|1
|-ability|p2a: I LUV ZAM|Pressure
|turn|1
|
|t:|1759022106
|move|p1a: Landorus|Stealth Rock|p2a: I LUV ZAM
|-sidestart|p2: jaious|move: Stealth Rock
|move|p2a: I LUV ZAM|Defog|p1a: Landorus
|-unboost|p1a: Landorus|evasion|1
|-sideend|p2: jaious|Stealth Rock|[from] move: Defog|[of] p2a: I LUV ZAM
|
|upkeep
|turn|2
|
|t:|1759022116
|move|p1a: Landorus|Stealth Rock|p2a: I LUV ZAM
|-sidestart|p2: jaious|move: Stealth Rock
|move|p2a: I LUV ZAM|Defog|p1a: Landorus
|-unboost|p1a: Landorus|evasion|1
|-sideend|p2: jaious|Stealth Rock|[from] move: Defog|[of] p2a: I LUV ZAM
|
|upkeep
|turn|3
|
|t:|1759022120
|move|p1a: Landorus|Stealth Rock|p2a: I LUV ZAM
|-sidestart|p2: jaious|move: Stealth Rock
|move|p2a: I LUV ZAM|Defog|p1a: Landorus
|-unboost|p1a: Landorus|evasion|1
|-sideend|p2: jaious|Stealth Rock|[from] move: Defog|[of] p2a: I LUV ZAM
|
|upkeep
|turn|4
|c|☆jaious|yo
|c|☆jaious|no rocks
|
|t:|1759022127
|move|p1a: Landorus|Smack Down|p2a: I LUV ZAM
|-damage|p2a: I LUV ZAM|90/100
|-start|p2a: I LUV ZAM|Smack Down
|move|p2a: I LUV ZAM|Defog|p1a: Landorus
|-unboost|p1a: Landorus|evasion|1
|
|-heal|p2a: I LUV ZAM|96/100|[from] item: Leftovers
|upkeep
|turn|5
|c|☆birbirb|no fly
|c|☆jaious|AYO
|c|☆jaious|WATTTT
|
|t:|1759022153
|switch|p2a: CUCKED|Great Tusk|100/100
|-enditem|p2a: CUCKED|Booster Energy
|-activate|p2a: CUCKED|ability: Protosynthesis|[fromitem]
|-start|p2a: CUCKED|protosynthesisatk
|move|p1a: Landorus|Stealth Rock|p2a: CUCKED
|-sidestart|p2: jaious|move: Stealth Rock
|
|upkeep
|turn|6
|
|t:|1759022156
|move|p1a: Landorus|U-turn|p2a: CUCKED
|-resisted|p2a: CUCKED
|-damage|p2a: CUCKED|92/100
|
|t:|1759022159
|switch|p1a: Pecharunt|Pecharunt|100/100|[from] U-turn
|move|p2a: CUCKED|Rapid Spin|p1a: Pecharunt
|-immune|p1a: Pecharunt
|
|upkeep
|turn|7
|
|t:|1759022163
|move|p1a: Pecharunt|Parting Shot|p2a: CUCKED
|-unboost|p2a: CUCKED|atk|1
|-unboost|p2a: CUCKED|spa|1
|
|t:|1759022164
|switch|p1a: Landorus|Landorus-Therian, M|100/100|[from] Parting Shot
|-ability|p1a: Landorus|Intimidate|boost
|-unboost|p2a: CUCKED|atk|1
|move|p2a: CUCKED|Headlong Rush|p1a: Landorus
|-immune|p1a: Landorus
|
|upkeep
|turn|8
|
|t:|1759022169
|-end|p2a: CUCKED|Protosynthesis|[silent]
|switch|p2a: I LUV ZAM|Corviknight, F|96/100
|-damage|p2a: I LUV ZAM|84/100|[from] Stealth Rock
|-ability|p2a: I LUV ZAM|Pressure
|move|p1a: Landorus|U-turn|p2a: I LUV ZAM
|-resisted|p2a: I LUV ZAM
|-damage|p2a: I LUV ZAM|81/100
|
|t:|1759022172
|switch|p1a: Scizor|Scizor, M|100/100|[from] U-turn
|
|-heal|p2a: I LUV ZAM|87/100|[from] item: Leftovers
|upkeep
|turn|9
|
|t:|1759022177
|move|p1a: Scizor|Swords Dance|p1a: Scizor
|-boost|p1a: Scizor|atk|2
|move|p2a: I LUV ZAM|Defog|p1a: Scizor
|-unboost|p1a: Scizor|evasion|1
|-sideend|p2: jaious|Stealth Rock|[from] move: Defog|[of] p2a: I LUV ZAM
|
|-heal|p2a: I LUV ZAM|93/100|[from] item: Leftovers
|upkeep
|turn|10
|
|t:|1759022180
|-terastallize|p1a: Scizor|Electric
|move|p1a: Scizor|Tera Blast|p2a: I LUV ZAM|[anim] Tera Blast Electric
|-supereffective|p2a: I LUV ZAM
|-damage|p2a: I LUV ZAM|0 fnt
|faint|p2a: I LUV ZAM
|
|upkeep
|c|☆jaious|WUTT3T
|c|☆jaious|TERA ELECTIC SIZCOR A THING
|
|t:|1759022198
|switch|p2a: CUCKED|Great Tusk|92/100
|turn|11
|
|t:|1759022205
|switch|p1a: Landorus|Landorus-Therian, M|100/100
|-ability|p1a: Landorus|Intimidate|boost
|-unboost|p2a: CUCKED|atk|1
|move|p2a: CUCKED|Rapid Spin|p1a: Landorus
|-damage|p1a: Landorus|89/100
|-boost|p2a: CUCKED|spe|1
|-damage|p2a: CUCKED|76/100|[from] item: Rocky Helmet|[of] p1a: Landorus
|
|upkeep
|turn|12
|
|t:|1759022210
|move|p2a: CUCKED|Ice Spinner|p1a: Landorus
|-supereffective|p1a: Landorus
|-crit|p1a: Landorus
|-damage|p1a: Landorus|0 fnt
|-damage|p2a: CUCKED|60/100|[from] item: Rocky Helmet|[of] p1a: Landorus
|faint|p1a: Landorus
|
|upkeep
|
|t:|1759022217
|switch|p1a: Pecharunt|Pecharunt|100/100
|turn|13
|c|☆jaious|sexy landerous death
|
|t:|1759022232
|-end|p2a: CUCKED|Protosynthesis|[silent]
|switch|p2a: Y Volcarona Uber|Iron Moth|100/100
|-enditem|p2a: Y Volcarona Uber|Booster Energy
|-activate|p2a: Y Volcarona Uber|ability: Quark Drive|[fromitem]
|-start|p2a: Y Volcarona Uber|quarkdrivespa
|move|p1a: Pecharunt|Parting Shot|p2a: Y Volcarona Uber
|-unboost|p2a: Y Volcarona Uber|atk|1
|-unboost|p2a: Y Volcarona Uber|spa|1
|
|t:|1759022235
|switch|p1a: Samurott|Samurott-Hisui, M|100/100|[from] Parting Shot
|
|upkeep
|turn|14
|
|t:|1759022244
|-end|p2a: Y Volcarona Uber|Quark Drive|[silent]
|switch|p2a: tickle monster|Alomomola, M|100/100
|move|p1a: Samurott|Aqua Cutter|p2a: tickle monster
|-resisted|p2a: tickle monster
|-damage|p2a: tickle monster|86/100
|
|upkeep
|turn|15
|
|t:|1759022249
|move|p1a: Samurott|Ceaseless Edge|p2a: tickle monster
|-damage|p2a: tickle monster|61/100
|-damage|p1a: Samurott|84/100|[from] item: Rocky Helmet|[of] p2a: tickle monster
|-sidestart|p2: jaious|Spikes
|move|p2a: tickle monster|Tickle|p1a: Samurott
|-unboost|p1a: Samurott|atk|1
|-unboost|p1a: Samurott|def|1
|
|upkeep
|turn|16
|
|t:|1759022252
|move|p1a: Samurott|Ceaseless Edge|p2a: tickle monster|[miss]
|-miss|p1a: Samurott|p2a: tickle monster
|move|p2a: tickle monster|Tickle|p1a: Samurott
|-unboost|p1a: Samurott|atk|1
|-unboost|p1a: Samurott|def|1
|
|upkeep
|turn|17
|
|t:|1759022256
|move|p1a: Samurott|Ceaseless Edge|p2a: tickle monster
|-damage|p2a: tickle monster|46/100
|-damage|p1a: Samurott|67/100|[from] item: Rocky Helmet|[of] p2a: tickle monster
|-sidestart|p2: jaious|Spikes
|move|p2a: tickle monster|Wish|p2a: tickle monster
|
|upkeep
|turn|18
|
|t:|1759022260
|move|p1a: Samurott|Knock Off|p2a: tickle monster
|-damage|p2a: tickle monster|33/100
|-damage|p1a: Samurott|51/100|[from] item: Rocky Helmet|[of] p2a: tickle monster
|-enditem|p2a: tickle monster|Rocky Helmet|[from] move: Knock Off|[of] p1a: Samurott
|move|p2a: tickle monster|Flip Turn|p1a: Samurott
|-resisted|p1a: Samurott
|-damage|p1a: Samurott|30/100
|
|t:|1759022272
|switch|p2a: CUCKED|Great Tusk|60/100|[from] Flip Turn
|-damage|p2a: CUCKED|43/100|[from] Spikes
|
|-heal|p2a: CUCKED|100/100|[from] move: Wish|[wisher] tickle monster
|upkeep
|turn|19
|
|t:|1759022276
|switch|p1a: Pecharunt|Pecharunt|100/100
|move|p2a: CUCKED|Headlong Rush|p1a: Pecharunt
|-supereffective|p1a: Pecharunt
|-damage|p1a: Pecharunt|29/100
|-unboost|p2a: CUCKED|def|1
|-unboost|p2a: CUCKED|spd|1
|
|upkeep
|turn|20
|
|t:|1759022282
|move|p1a: Pecharunt|Recover|p1a: Pecharunt
|-heal|p1a: Pecharunt|79/100
|move|p2a: CUCKED|Headlong Rush|p1a: Pecharunt
|-supereffective|p1a: Pecharunt
|-crit|p1a: Pecharunt
|-damage|p1a: Pecharunt|0 fnt
|-unboost|p2a: CUCKED|def|1
|-unboost|p2a: CUCKED|spd|1
|faint|p1a: Pecharunt
|
|upkeep
|
|t:|1759022288
|switch|p1a: Latios|Latios, M|100/100
|turn|21
|
|t:|1759022292
|-end|p2a: CUCKED|Protosynthesis|[silent]
|switch|p2a: BETTER ZAPDOS|Ampharos, M|100/100
|-damage|p2a: BETTER ZAPDOS|84/100|[from] Spikes
|move|p1a: Latios|Psychic Noise|p2a: BETTER ZAPDOS
|-damage|p2a: BETTER ZAPDOS|62/100
|-start|p2a: BETTER ZAPDOS|move: Heal Block
|
|upkeep
|turn|22
|
|t:|1759022297
|move|p1a: Latios|Draco Meteor|p2a: BETTER ZAPDOS
|-damage|p2a: BETTER ZAPDOS|23/100
|-unboost|p1a: Latios|spa|2
|move|p2a: BETTER ZAPDOS|Dragon Tail|p1a: Latios
|-supereffective|p1a: Latios
|-damage|p1a: Latios|75/100
|drag|p1a: Scizor|Scizor, M, tera:Electric|100/100
|
|-end|p2a: BETTER ZAPDOS|move: Heal Block
|upkeep
|turn|23
|
|t:|1759022309
|move|p1a: Scizor|Knock Off|p2a: BETTER ZAPDOS
|-damage|p2a: BETTER ZAPDOS|0 fnt
|-enditem|p2a: BETTER ZAPDOS|Assault Vest|[from] move: Knock Off|[of] p1a: Scizor
|faint|p2a: BETTER ZAPDOS
|
|upkeep
|
|t:|1759022312
|switch|p2a: CUCKED|Great Tusk|100/100
|-damage|p2a: CUCKED|84/100|[from] Spikes
|turn|24
|
|t:|1759022319
|switch|p1a: Zamazenta|Zamazenta|100/100
|-ability|p1a: Zamazenta|Dauntless Shield|boost
|-boost|p1a: Zamazenta|def|1
|move|p2a: CUCKED|Rapid Spin|p1a: Zamazenta
|-damage|p1a: Zamazenta|91/100
|-boost|p2a: CUCKED|spe|1
|-sideend|p2: jaious|Spikes|[from] move: Rapid Spin|[of] p2a: CUCKED
|
|-heal|p1a: Zamazenta|98/100|[from] item: Leftovers
|upkeep
|turn|25
|
|t:|1759022364
|-end|p2a: CUCKED|Protosynthesis|[silent]
|switch|p2a: tickle monster|Alomomola, M|66/100
|move|p1a: Zamazenta|Iron Defense|p1a: Zamazenta
|-boost|p1a: Zamazenta|def|2
|
|-heal|p1a: Zamazenta|100/100|[from] item: Leftovers
|upkeep
|turn|26
|
|t:|1759022382
|move|p1a: Zamazenta|Body Press|p2a: tickle monster
|-damage|p2a: tickle monster|16/100
|move|p2a: tickle monster|Flip Turn|p1a: Zamazenta
|-damage|p1a: Zamazenta|96/100
|
|t:|1759022388
|switch|p2a: I Luv Mola tickles|Dragonite, M|100/100|[from] Flip Turn
|
|-heal|p1a: Zamazenta|100/100|[from] item: Leftovers
|upkeep
|turn|27
|
|t:|1759022401
|-terastallize|p2a: I Luv Mola tickles|Fairy
|move|p1a: Zamazenta|Body Press|p2a: I Luv Mola tickles
|-resisted|p2a: I Luv Mola tickles
|-damage|p2a: I Luv Mola tickles|75/100
|move|p2a: I Luv Mola tickles|Dragon Dance|p2a: I Luv Mola tickles
|-boost|p2a: I Luv Mola tickles|atk|1
|-boost|p2a: I Luv Mola tickles|spe|1
|
|upkeep
|turn|28
|
|t:|1759022412
|move|p1a: Zamazenta|Body Press|p2a: I Luv Mola tickles
|-resisted|p2a: I Luv Mola tickles
|-damage|p2a: I Luv Mola tickles|25/100
|move|p2a: I Luv Mola tickles|Tera Blast|p1a: Zamazenta|[anim] Tera Blast Fairy
|-supereffective|p1a: Zamazenta
|-damage|p1a: Zamazenta|63/100
|
|-heal|p1a: Zamazenta|69/100|[from] item: Leftovers
|upkeep
|turn|29
|
|t:|1759022422
|move|p1a: Zamazenta|Body Press|p2a: I Luv Mola tickles
|-resisted|p2a: I Luv Mola tickles
|-damage|p2a: I Luv Mola tickles|0 fnt
|faint|p2a: I Luv Mola tickles
|
|-heal|p1a: Zamazenta|75/100|[from] item: Leftovers
|upkeep
|
|t:|1759022431
|switch|p2a: Y Volcarona Uber|Iron Moth|100/100
|turn|30
|c|☆jaious|dude
|c|☆jaious|I dont outspeed zam after d dancew
|
|t:|1759022445
|move|p1a: Zamazenta|Body Press|p2a: Y Volcarona Uber
|-resisted|p2a: Y Volcarona Uber
|-damage|p2a: Y Volcarona Uber|20/100
|move|p2a: Y Volcarona Uber|Sludge Wave|p1a: Zamazenta
|-damage|p1a: Zamazenta|33/100
|
|-heal|p1a: Zamazenta|39/100|[from] item: Leftovers
|upkeep
|turn|31
|
|t:|1759022451
|move|p1a: Zamazenta|Body Press|p2a: Y Volcarona Uber
|-resisted|p2a: Y Volcarona Uber
|-damage|p2a: Y Volcarona Uber|0 fnt
|faint|p2a: Y Volcarona Uber
|-end|p2a: Y Volcarona Uber|Quark Drive|[silent]
|
|-heal|p1a: Zamazenta|46/100|[from] item: Leftovers
|upkeep
|
|t:|1759022459
|switch|p2a: CUCKED|Great Tusk|84/100
|turn|32
|
|t:|1759022462
|move|p1a: Zamazenta|Body Press|p2a: CUCKED
|-damage|p2a: CUCKED|20/100
|move|p2a: CUCKED|Rapid Spin|p1a: Zamazenta
|-crit|p1a: Zamazenta
|-damage|p1a: Zamazenta|28/100
|-boost|p2a: CUCKED|spe|1
|
|-heal|p1a: Zamazenta|34/100|[from] item: Leftovers
|upkeep
|turn|33
|
|t:|1759022467
|move|p2a: CUCKED|Headlong Rush|p1a: Zamazenta
|-damage|p1a: Zamazenta|15/100
|-unboost|p2a: CUCKED|def|1
|-unboost|p2a: CUCKED|spd|1
|move|p1a: Zamazenta|Body Press|p2a: CUCKED
|-damage|p2a: CUCKED|0 fnt
|faint|p2a: CUCKED
|-end|p2a: CUCKED|Protosynthesis|[silent]
|
|-heal|p1a: Zamazenta|21/100|[from] item: Leftovers
|upkeep
|-message|jaious forfeited.
|
|win|birbirb
|raw|birbirb's rating: 1546 &rarr; <strong>1563</strong><br />(+17 for winning)
|raw|jaious's rating: 1497 &rarr; <strong>1480</strong><br />(-17 for losing)
|l|☆jaious
|player|p2|
|l|☆birbirb
|player|p1|
