|j|☆chessontop
|j|☆qwolff
|t:|1759026066
|gametype|singles
|player|p1|chessontop|unknownf|1427
|player|p2|qwolff|102|1446
|gen|9
|tier|[Gen 9] OU
|rated|
|rule|HP Percentage Mod: HP is shown in percentages
|rule|Endless Battle Clause: Forcing endless battles is banned
|rule|Species Clause: Limit one of each Pokémon
|rule|OHKO Clause: OHKO moves are banned
|rule|Evasion Items Clause: Evasion items are banned
|rule|Evasion Moves Clause: Evasion moves are banned
|rule|Evasion Abilities Clause: Evasion abilities are banned
|rule|Sleep Moves Clause: Sleep-inducing moves are banned
|clearpoke
|poke|p1|Gliscor, M|
|poke|p1|Garganacl, F|
|poke|p1|Great Tusk|
|poke|p1|Kingambit, F|
|poke|p1|Gholdengo|
|poke|p1|Kyurem|
|poke|p2|Hippowdon, F|
|poke|p2|Tyranitar, M|
|poke|p2|Excadrill, F|
|poke|p2|Landorus-Therian, M|
|poke|p2|Gastrodon, F|
|poke|p2|Orthworm, M|
|teampreview
|inactive|Battle timer is ON: inactive players will automatically lose when time's up. (requested by chessontop)
|
|t:|1759026084
|teamsize|p1|6
|teamsize|p2|6
|start
|switch|p1a: Gliscor|Gliscor, M|100/100
|switch|p2a: Gastrodon|Gastrodon, F|100/100
|turn|1
|
|t:|1759026092
|move|p1a: Gliscor|Spikes|p2a: Gastrodon
|-sidestart|p2: qwolff|Spikes
|move|p2a: Gastrodon|Chilling Water|p1a: Gliscor
|-supereffective|p1a: Gliscor
|-damage|p1a: Gliscor|74/100
|-unboost|p1a: Gliscor|atk|1
|
|-status|p1a: Gliscor|tox|[from] item: Toxic Orb
|upkeep
|turn|2
|
|t:|1759026100
|move|p1a: Gliscor|Knock Off|p2a: Gastrodon
|-damage|p2a: Gastrodon|85/100
|-enditem|p2a: Gastrodon|Leftovers|[from] move: Knock Off|[of] p1a: Gliscor
|move|p2a: Gastrodon|Ice Beam|p1a: Gliscor
|-supereffective|p1a: Gliscor
|-damage|p1a: Gliscor|4/100 tox
|
|-heal|p1a: Gliscor|16/100 tox|[from] ability: Poison Heal
|upkeep
|turn|3
|
|t:|1759026110
|move|p1a: Gliscor|Protect|p1a: Gliscor
|-singleturn|p1a: Gliscor|Protect
|move|p2a: Gastrodon|Chilling Water|p1a: Gliscor
|-activate|p1a: Gliscor|move: Protect
|
|-heal|p1a: Gliscor|29/100 tox|[from] ability: Poison Heal
|upkeep
|turn|4
|
|t:|1759026118
|switch|p1a: Kyurem|Kyurem|100/100
|-ability|p1a: Kyurem|Pressure
|move|p2a: Gastrodon|Ice Beam|p1a: Kyurem
|-damage|p1a: Kyurem|83/100
|
|upkeep
|turn|5
|
|t:|1759026129
|switch|p2a: Orthworm|Orthworm, M, shiny|100/100
|-damage|p2a: Orthworm|88/100|[from] Spikes
|move|p1a: Kyurem|Freeze-Dry|p2a: Orthworm
|-resisted|p2a: Orthworm
|-damage|p2a: Orthworm|60/100
|
|-heal|p2a: Orthworm|66/100|[from] item: Leftovers
|upkeep
|turn|6
|
|t:|1759026140
|switch|p1a: Gliscor|Gliscor, M|29/100 tox
|move|p2a: Orthworm|Spikes|p1a: Gliscor
|-sidestart|p1: chessontop|Spikes
|
|-heal|p2a: Orthworm|72/100|[from] item: Leftovers
|-heal|p1a: Gliscor|41/100 tox|[from] ability: Poison Heal
|upkeep
|turn|7
|
|t:|1759026149
|move|p1a: Gliscor|Spikes|p2a: Orthworm
|-sidestart|p2: qwolff|Spikes
|move|p2a: Orthworm|Coil|p2a: Orthworm
|-boost|p2a: Orthworm|atk|1
|-boost|p2a: Orthworm|def|1
|-boost|p2a: Orthworm|accuracy|1
|
|-heal|p2a: Orthworm|78/100|[from] item: Leftovers
|-heal|p1a: Gliscor|54/100 tox|[from] ability: Poison Heal
|upkeep
|turn|8
|
|t:|1759026158
|move|p1a: Gliscor|Knock Off|p2a: Orthworm
|-damage|p2a: Orthworm|68/100
|-enditem|p2a: Orthworm|Leftovers|[from] move: Knock Off|[of] p1a: Gliscor
|move|p2a: Orthworm|Coil|p2a: Orthworm
|-boost|p2a: Orthworm|atk|1
|-boost|p2a: Orthworm|def|1
|-boost|p2a: Orthworm|accuracy|1
|
|-heal|p1a: Gliscor|66/100 tox|[from] ability: Poison Heal
|upkeep
|turn|9
|
|t:|1759026168
|move|p1a: Gliscor|Spikes|p2a: Orthworm
|-sidestart|p2: qwolff|Spikes
|move|p2a: Orthworm|Spikes|p1a: Gliscor
|-sidestart|p1: chessontop|Spikes
|
|-heal|p1a: Gliscor|79/100 tox|[from] ability: Poison Heal
|upkeep
|turn|10
|
|t:|1759026175
|switch|p1a: Gholdengo|Gholdengo|100/100
|-item|p1a: Gholdengo|Air Balloon
|move|p2a: Orthworm|Coil|p2a: Orthworm
|-boost|p2a: Orthworm|atk|1
|-boost|p2a: Orthworm|def|1
|-boost|p2a: Orthworm|accuracy|1
|
|upkeep
|turn|11
|
|t:|1759026184
|move|p1a: Gholdengo|Shadow Ball|p2a: Orthworm
|-damage|p2a: Orthworm|14/100
|move|p2a: Orthworm|Heavy Slam|p1a: Gholdengo
|-resisted|p1a: Gholdengo
|-damage|p1a: Gholdengo|55/100
|-enditem|p1a: Gholdengo|Air Balloon
|
|upkeep
|turn|12
|
|t:|1759026193
|switch|p2a: Tyranitar|Tyranitar, M|100/100
|-damage|p2a: Tyranitar|75/100|[from] Spikes
|-weather|Sandstorm|[from] ability: Sand Stream|[of] p2a: Tyranitar
|move|p1a: Gholdengo|Make It Rain|p2a: Tyranitar
|-supereffective|p2a: Tyranitar
|-damage|p2a: Tyranitar|38/100
|-unboost|p1a: Gholdengo|spa|1
|
|-weather|Sandstorm|[upkeep]
|upkeep
|turn|13
|
|t:|1759026206
|switch|p1a: Gliscor|Gliscor, M|79/100 tox
|switch|p2a: Orthworm|Orthworm, M, shiny|14/100
|-damage|p2a: Orthworm|0 fnt|[from] Spikes
|faint|p2a: Orthworm
|
|-weather|Sandstorm|[upkeep]
|-heal|p1a: Gliscor|91/100 tox|[from] ability: Poison Heal
|upkeep
|
|t:|1759026209
|switch|p2a: Excadrill|Excadrill, F, shiny|100/100
|-damage|p2a: Excadrill|76/100|[from] Spikes
|turn|14
|
|t:|1759026221
|switch|p1a: Gholdengo|Gholdengo|55/100
|-damage|p1a: Gholdengo|38/100|[from] Spikes
|-terastallize|p2a: Excadrill|Flying
|move|p2a: Excadrill|Swords Dance|p2a: Excadrill
|-boost|p2a: Excadrill|atk|2
|
|-weather|Sandstorm|[upkeep]
|upkeep
|turn|15
|
|t:|1759026231
|move|p2a: Excadrill|Earthquake|p1a: Gholdengo
|-supereffective|p1a: Gholdengo
|-damage|p1a: Gholdengo|0 fnt
|faint|p1a: Gholdengo
|-damage|p2a: Excadrill|66/100|[from] item: Life Orb
|
|-weather|Sandstorm|[upkeep]
|upkeep
|
|t:|1759026240
|switch|p1a: Gliscor|Gliscor, M|91/100 tox
|turn|16
|
|t:|1759026246
|-terastallize|p1a: Gliscor|Water
|move|p2a: Excadrill|Rapid Spin|p1a: Gliscor
|-damage|p1a: Gliscor|49/100 tox
|-boost|p2a: Excadrill|spe|1
|-sideend|p2: qwolff|Spikes|[from] move: Rapid Spin|[of] p2a: Excadrill
|-damage|p2a: Excadrill|56/100|[from] item: Life Orb
|move|p1a: Gliscor|Toxic|p2a: Excadrill
|-status|p2a: Excadrill|tox
|
|-weather|none
|-damage|p2a: Excadrill|50/100 tox|[from] psn
|-heal|p1a: Gliscor|62/100 tox|[from] ability: Poison Heal
|upkeep
|turn|17
|
|t:|1759026259
|move|p1a: Gliscor|Protect|p1a: Gliscor
|-singleturn|p1a: Gliscor|Protect
|move|p2a: Excadrill|Swords Dance|p2a: Excadrill
|-boost|p2a: Excadrill|atk|2
|
|-damage|p2a: Excadrill|37/100 tox|[from] psn
|-heal|p1a: Gliscor|74/100 tox|[from] ability: Poison Heal
|upkeep
|turn|18
|
|t:|1759026268
|move|p1a: Gliscor|Protect||[still]
|-fail|p1a: Gliscor
|move|p2a: Excadrill|Earthquake|p1a: Gliscor
|-damage|p1a: Gliscor|0 fnt
|faint|p1a: Gliscor
|-damage|p2a: Excadrill|27/100 tox|[from] item: Life Orb
|
|-damage|p2a: Excadrill|9/100 tox|[from] psn
|upkeep
|
|t:|1759026281
|switch|p1a: Kingambit|Kingambit, F|100/100
|-damage|p1a: Kingambit|84/100|[from] Spikes
|-activate|p1a: Kingambit|ability: Supreme Overlord
|-start|p1a: Kingambit|fallen2|[silent]
|turn|19
|
|t:|1759026287
|switch|p2a: Hippowdon|Hippowdon, F|100/100
|-weather|Sandstorm|[from] ability: Sand Stream|[of] p2a: Hippowdon
|move|p1a: Kingambit|Sucker Punch||[still]
|-fail|p1a: Kingambit
|
|-weather|Sandstorm|[upkeep]
|-heal|p1a: Kingambit|90/100|[from] item: Leftovers
|upkeep
|turn|20
|
|t:|1759026298
|-end|p1a: Kingambit|fallen2|[silent]
|switch|p1a: Great Tusk|Great Tusk|100/100
|move|p2a: Hippowdon|Stealth Rock|p1a: Great Tusk
|-sidestart|p1: chessontop|move: Stealth Rock
|
|-weather|Sandstorm|[upkeep]
|upkeep
|turn|21
|
|t:|1759026306
|move|p1a: Great Tusk|Rapid Spin|p2a: Hippowdon
|-damage|p2a: Hippowdon|93/100
|-boost|p1a: Great Tusk|spe|1
|-sideend|p1: chessontop|Spikes|[from] move: Rapid Spin|[of] p1a: Great Tusk
|-sideend|p1: chessontop|Stealth Rock|[from] move: Rapid Spin|[of] p1a: Great Tusk
|move|p2a: Hippowdon|Whirlwind|p1a: Great Tusk
|-end|p1a: Great Tusk|Protosynthesis|[silent]
|drag|p1a: Kingambit|Kingambit, F|90/100
|-activate|p1a: Kingambit|ability: Supreme Overlord
|-start|p1a: Kingambit|fallen2|[silent]
|
|-weather|Sandstorm|[upkeep]
|-heal|p1a: Kingambit|96/100|[from] item: Leftovers
|upkeep
|turn|22
|
|t:|1759026319
|-end|p1a: Kingambit|fallen2|[silent]
|switch|p1a: Great Tusk|Great Tusk|100/100
|move|p2a: Hippowdon|Stealth Rock|p1a: Great Tusk
|-sidestart|p1: chessontop|move: Stealth Rock
|
|-weather|Sandstorm|[upkeep]
|upkeep
|turn|23
|
|t:|1759026327
|move|p1a: Great Tusk|Stealth Rock|p2a: Hippowdon
|-sidestart|p2: qwolff|move: Stealth Rock
|move|p2a: Hippowdon|Earthquake|p1a: Great Tusk
|-damage|p1a: Great Tusk|77/100
|
|-weather|Sandstorm|[upkeep]
|upkeep
|turn|24
|
|t:|1759026332
|move|p1a: Great Tusk|Rapid Spin|p2a: Hippowdon
|-damage|p2a: Hippowdon|84/100
|-boost|p1a: Great Tusk|spe|1
|-sideend|p1: chessontop|Stealth Rock|[from] move: Rapid Spin|[of] p1a: Great Tusk
|move|p2a: Hippowdon|Whirlwind|p1a: Great Tusk
|-end|p1a: Great Tusk|Protosynthesis|[silent]
|drag|p1a: Kyurem|Kyurem|83/100
|-ability|p1a: Kyurem|Pressure
|
|-weather|Sandstorm|[upkeep]
|-damage|p1a: Kyurem|77/100|[from] Sandstorm
|upkeep
|turn|25
|
|t:|1759026344
|switch|p2a: Tyranitar|Tyranitar, M|38/100
|-damage|p2a: Tyranitar|26/100|[from] Stealth Rock
|move|p1a: Kyurem|Ice Beam|p2a: Tyranitar
|-damage|p2a: Tyranitar|9/100
|
|-weather|Sandstorm|[upkeep]
|-damage|p1a: Kyurem|71/100|[from] Sandstorm
|upkeep
|turn|26
|
|t:|1759026354
|move|p1a: Kyurem|Ice Beam|p2a: Tyranitar
|-damage|p2a: Tyranitar|0 fnt
|faint|p2a: Tyranitar
|
|-weather|none
|upkeep
|
|t:|1759026363
|switch|p2a: Landorus|Landorus-Therian, M|100/100
|-damage|p2a: Landorus|88/100|[from] Stealth Rock
|-ability|p2a: Landorus|Intimidate|boost
|-unboost|p1a: Kyurem|atk|1
|turn|27
|
|t:|1759026369
|move|p1a: Kyurem|Ice Beam|p2a: Landorus
|-supereffective|p2a: Landorus
|-damage|p2a: Landorus|0 fnt
|faint|p2a: Landorus
|
|upkeep
|
|t:|1759026374
|switch|p2a: Gastrodon|Gastrodon, F|85/100
|-damage|p2a: Gastrodon|79/100|[from] Stealth Rock
|turn|28
|
|t:|1759026380
|move|p1a: Kyurem|Freeze-Dry|p2a: Gastrodon
|-supereffective|p2a: Gastrodon
|-damage|p2a: Gastrodon|0 fnt
|faint|p2a: Gastrodon
|
|upkeep
|-message|qwolff forfeited.
|
|win|chessontop
|raw|chessontop's rating: 1427 &rarr; <strong>1448</strong><br />(+21 for winning)
|raw|qwolff's rating: 1446 &rarr; <strong>1425</strong><br />(-21 for losing)
|l|☆qwolff
|player|p2|
