|j|☆salty pepperer
|j|☆Yori_uzui
|t:|1758989762
|gametype|singles
|player|p1|salty pepperer|169|1624
|player|p2|Yori_uzui|clair|1572
|gen|9
|tier|[Gen 9] OU
|rated|
|rule|HP Percentage Mod: HP is shown in percentages
|rule|Endless Battle Clause: Forcing endless battles is banned
|rule|Species Clause: Limit one of each Pokémon
|rule|OHKO Clause: OHKO moves are banned
|rule|Evasion Items Clause: Evasion items are banned
|rule|Evasion Moves Clause: Evasion moves are banned
|rule|Evasion Abilities Clause: Evasion abilities are banned
|rule|Sleep Moves Clause: Sleep-inducing moves are banned
|clearpoke
|poke|p1|Latios, M|
|poke|p1|Tinkaton, F|
|poke|p1|Great Tusk|
|poke|p1|Ogerpon-Wellspring, F|
|poke|p1|Samurott-Hisui, M|
|poke|p1|Sinistcha|
|poke|p2|Hatterene, F|
|poke|p2|Cresselia, F|
|poke|p2|Mimikyu, M|
|poke|p2|Ursaluna, F|
|poke|p2|Sudowoodo, F|
|poke|p2|Slowking-Galar, F|
|teampreview
|inactive|Battle timer is ON: inactive players will automatically lose when time's up. (requested by Yori_uzui)
|
|t:|1758989771
|teamsize|p1|6
|teamsize|p2|6
|start
|switch|p1a: Tinkaton|Tinkaton, F|100/100
|switch|p2a: Hatterene|Hatterene, F|100/100
|-ability|p1a: Tinkaton|Mold Breaker
|turn|1
|
|t:|1758989777
|move|p1a: Tinkaton|Gigaton Hammer|p2a: Hatterene
|-supereffective|p2a: Hatterene
|-damage|p2a: Hatterene|8/100
|move|p2a: Hatterene|Trick Room|p2a: Hatterene
|-fieldstart|move: Trick Room|[of] p2a: Hatterene
|
|upkeep
|turn|2
|
|t:|1758989782
|move|p2a: Hatterene|Healing Wish|p2a: Hatterene
|faint|p2a: Hatterene
|move|p1a: Tinkaton|Stealth Rock|p2: Hatterene
|-sidestart|p2: Yori_uzui|move: Stealth Rock
|
|upkeep
|
|t:|1758989787
|switch|p2a: Ursaluna|Ursaluna, F|100/100
|-damage|p2a: Ursaluna|94/100|[from] Stealth Rock
|turn|3
|
|t:|1758989796
|switch|p2a: Slowking|Slowking-Galar, F|100/100
|-damage|p2a: Slowking|88/100|[from] Stealth Rock
|switch|p1a: Sinistcha|Sinistcha|100/100
|
|upkeep
|turn|4
|
|t:|1758989804
|switch|p1a: Tinkaton|Tinkaton, F|100/100
|-ability|p1a: Tinkaton|Mold Breaker
|move|p2a: Slowking|Sludge Bomb|p1a: Tinkaton
|-immune|p1a: Tinkaton
|
|upkeep
|turn|5
|
|t:|1758989812
|move|p2a: Slowking|Flamethrower|p1a: Tinkaton
|-supereffective|p1a: Tinkaton
|-damage|p1a: Tinkaton|32/100
|-damage|p2a: Slowking|78/100|[from] item: Life Orb
|move|p1a: Tinkaton|Knock Off|p2a: Slowking
|-supereffective|p2a: Slowking
|-damage|p2a: Slowking|42/100
|-enditem|p2a: Slowking|Life Orb|[from] move: Knock Off|[of] p1a: Tinkaton
|
|-heal|p1a: Tinkaton|38/100|[from] item: Leftovers
|-fieldend|move: Trick Room
|upkeep
|turn|6
|
|t:|1758989823
|switch|p2a: Cresselia|Cresselia, F|100/100
|-damage|p2a: Cresselia|88/100|[from] Stealth Rock
|move|p1a: Tinkaton|Gigaton Hammer|p2a: Cresselia
|-damage|p2a: Cresselia|66/100
|
|-heal|p1a: Tinkaton|45/100|[from] item: Leftovers
|upkeep
|turn|7
|
|t:|1758989832
|move|p1a: Tinkaton|Knock Off|p2a: Cresselia
|-supereffective|p2a: Cresselia
|-damage|p2a: Cresselia|46/100
|-enditem|p2a: Cresselia|Mental Herb|[from] move: Knock Off|[of] p1a: Tinkaton
|move|p2a: Cresselia|Moonlight|p2a: Cresselia
|-heal|p2a: Cresselia|96/100
|
|-heal|p1a: Tinkaton|51/100|[from] item: Leftovers
|upkeep
|turn|8
|
|t:|1758989840
|move|p1a: Tinkaton|Encore|p2a: Cresselia
|-start|p2a: Cresselia|Encore
|move|p2a: Cresselia|Moonlight|p2a: Cresselia
|-heal|p2a: Cresselia|100/100
|
|-heal|p1a: Tinkaton|57/100|[from] item: Leftovers
|upkeep
|turn|9
|
|t:|1758989847
|switch|p1a: Samurott|Samurott-Hisui, M|100/100
|switch|p2a: Slowking|Slowking-Galar, F|75/100
|-heal|p2a: Slowking|100/100|[from] move: Healing Wish
|-damage|p2a: Slowking|88/100|[from] Stealth Rock
|
|upkeep
|turn|10
|
|t:|1758989857
|-terastallize|p2a: Slowking|Fairy
|move|p1a: Samurott|Ceaseless Edge|p2a: Slowking
|-resisted|p2a: Slowking
|-damage|p2a: Slowking|63/100
|-sidestart|p2: Yori_uzui|Spikes
|move|p2a: Slowking|Trick Room|p2a: Slowking
|-fieldstart|move: Trick Room|[of] p2a: Slowking
|
|upkeep
|turn|11
|
|t:|1758989881
|move|p2a: Slowking|Sludge Bomb|p1a: Samurott
|-damage|p1a: Samurott|64/100
|-status|p1a: Samurott|psn
|move|p1a: Samurott|Aqua Cutter|p2a: Slowking
|-damage|p2a: Slowking|6/100
|
|-damage|p1a: Samurott|51/100 psn|[from] psn
|upkeep
|turn|12
|
|t:|1758989889
|move|p1a: Samurott|Aqua Jet|p2a: Slowking
|-damage|p2a: Slowking|0 fnt
|faint|p2a: Slowking
|
|-damage|p1a: Samurott|39/100 psn|[from] psn
|upkeep
|
|t:|1758989892
|switch|p2a: Ursaluna|Ursaluna, F|94/100
|-damage|p2a: Ursaluna|88/100|[from] Stealth Rock
|-damage|p2a: Ursaluna|75/100|[from] Spikes
|turn|13
|
|t:|1758989897
|switch|p1a: Sinistcha|Sinistcha|100/100
|move|p2a: Ursaluna|Headlong Rush|p1a: Sinistcha
|-resisted|p1a: Sinistcha
|-damage|p1a: Sinistcha|76/100
|-unboost|p2a: Ursaluna|def|1
|-unboost|p2a: Ursaluna|spd|1
|-damage|p2a: Ursaluna|59/100|[from] item: Rocky Helmet|[of] p1a: Sinistcha
|
|-status|p2a: Ursaluna|brn|[from] item: Flame Orb
|upkeep
|turn|14
|
|t:|1758989907
|move|p2a: Ursaluna|Headlong Rush|p1a: Sinistcha
|-resisted|p1a: Sinistcha
|-damage|p1a: Sinistcha|39/100
|-unboost|p2a: Ursaluna|def|1
|-unboost|p2a: Ursaluna|spd|1
|-damage|p2a: Ursaluna|42/100 brn|[from] item: Rocky Helmet|[of] p1a: Sinistcha
|move|p1a: Sinistcha|Strength Sap|p2a: Ursaluna
|-unboost|p2a: Ursaluna|atk|1
|-heal|p1a: Sinistcha|100/100
|
|-damage|p2a: Ursaluna|36/100 brn|[from] brn
|-fieldend|move: Trick Room
|upkeep
|turn|15
|
|t:|1758989918
|switch|p2a: Mimikyu|Mimikyu, M|100/100
|-damage|p2a: Mimikyu|88/100|[from] Stealth Rock
|-damage|p2a: Mimikyu|76/100|[from] Spikes
|move|p1a: Sinistcha|Calm Mind|p1a: Sinistcha
|-boost|p1a: Sinistcha|spa|1
|-boost|p1a: Sinistcha|spd|1
|
|upkeep
|turn|16
|
|t:|1758989928
|switch|p1a: Tinkaton|Tinkaton, F|57/100
|-ability|p1a: Tinkaton|Mold Breaker
|move|p2a: Mimikyu|Trick Room|p2a: Mimikyu
|-fieldstart|move: Trick Room|[of] p2a: Mimikyu
|
|-heal|p1a: Tinkaton|63/100|[from] item: Leftovers
|upkeep
|turn|17
|
|t:|1758989936
|switch|p2a: Ursaluna|Ursaluna, F|36/100 brn
|-damage|p2a: Ursaluna|30/100 brn|[from] Stealth Rock
|-damage|p2a: Ursaluna|17/100 brn|[from] Spikes
|move|p1a: Tinkaton|Gigaton Hammer|p2a: Ursaluna
|-damage|p2a: Ursaluna|0 fnt
|faint|p2a: Ursaluna
|
|-heal|p1a: Tinkaton|69/100|[from] item: Leftovers
|upkeep
|
|t:|1758989938
|switch|p2a: Sudowoodo|Sudowoodo, F|100/100
|-damage|p2a: Sudowoodo|88/100|[from] Stealth Rock
|-damage|p2a: Sudowoodo|76/100|[from] Spikes
|turn|18
|
|t:|1758989949
|switch|p1a: Great Tusk|Great Tusk|100/100
|move|p2a: Sudowoodo|Earthquake|p1a: Great Tusk
|-damage|p1a: Great Tusk|71/100
|-damage|p2a: Sudowoodo|66/100|[from] item: Life Orb
|
|upkeep
|turn|19
|
|t:|1758989959
|move|p2a: Sudowoodo|Wood Hammer|p1a: Great Tusk
|-supereffective|p1a: Great Tusk
|-damage|p1a: Great Tusk|0 fnt
|faint|p1a: Great Tusk
|-end|p1a: Great Tusk|Protosynthesis|[silent]
|-damage|p2a: Sudowoodo|56/100|[from] item: Life Orb
|
|upkeep
|
|t:|1758989974
|switch|p1a: Ogerpon|Ogerpon-Wellspring, F|100/100
|turn|20
|
|t:|1758989977
|move|p2a: Sudowoodo|Head Smash|p1a: Ogerpon|[miss]
|-miss|p2a: Sudowoodo|p1a: Ogerpon
|move|p1a: Ogerpon|Ivy Cudgel|p2a: Sudowoodo|[anim] Ivy Cudgel Water
|-supereffective|p2a: Sudowoodo
|-damage|p2a: Sudowoodo|0 fnt
|faint|p2a: Sudowoodo
|
|-fieldend|move: Trick Room
|upkeep
|c|☆Yori_uzui|NOOOOOOOOO
|c|☆Yori_uzui|HE WAS GON COOK VROO
|c|☆Yori_uzui|TRUST
|-message|Yori_uzui forfeited.
|
|win|salty pepperer
|raw|salty pepperer's rating: 1624 &rarr; <strong>1641</strong><br />(+17 for winning)
|raw|Yori_uzui's rating: 1572 &rarr; <strong>1555</strong><br />(-17 for losing)
|l|☆Yori_uzui
|player|p2|
|c|☆salty pepperer|Lol I trust
|l|☆salty pepperer
|player|p1|
