|j|☆Sauronikov
|j|☆person_134
|t:|1758991709
|gametype|singles
|player|p1|Sauronikov|101|1173
|player|p2|person_134|archer|1130
|gen|9
|tier|[Gen 9] OU
|rated|
|rule|HP Percentage Mod: HP is shown in percentages
|rule|Endless Battle Clause: Forcing endless battles is banned
|rule|Species Clause: Limit one of each Pokémon
|rule|OHKO Clause: OHKO moves are banned
|rule|Evasion Items Clause: Evasion items are banned
|rule|Evasion Moves Clause: Evasion moves are banned
|rule|Evasion Abilities Clause: Evasion abilities are banned
|rule|Sleep Moves Clause: Sleep-inducing moves are banned
|clearpoke
|poke|p1|Grimmsnarl, M|
|poke|p1|Rhyperior, M|
|poke|p1|Revavroom, F|
|poke|p1|Torterra, F|
|poke|p1|Feraligatr, F|
|poke|p1|Falinks|
|poke|p2|Kommo-o, F|
|poke|p2|Florges, F|
|poke|p2|Porygon-Z|
|poke|p2|Muk-Alola, M|
|poke|p2|Mudsdale, F|
|poke|p2|Magmortar, F|
|teampreview
|l|☆Sauronikov
|player|p1|
|j|☆Sauronikov
|player|p1|Sauronikov|101|
|
|t:|1758991728
|teamsize|p1|6
|teamsize|p2|6
|start
|switch|p1a: Grimmsnarl|Grimmsnarl, M, shiny|100/100
|switch|p2a: Kommo-o|Kommo-o, F|100/100
|turn|1
|
|t:|1758991737
|switch|p2a: Muk|Muk-Alola, M|100/100
|move|p1a: Grimmsnarl|Taunt|p2a: Muk
|-hint|Since gen 7, Dark is immune to Prankster moves.
|-immune|p2a: Muk
|
|upkeep
|turn|2
|
|t:|1758991745
|move|p1a: Grimmsnarl|Reflect|p1a: Grimmsnarl
|-sidestart|p1: Sauronikov|Reflect
|move|p2a: Muk|Poison Jab|p1a: Grimmsnarl
|-supereffective|p1a: Grimmsnarl
|-damage|p1a: Grimmsnarl|61/100
|-status|p1a: Grimmsnarl|psn|[from] ability: Poison Touch|[of] p2a: Muk
|
|-damage|p1a: Grimmsnarl|48/100 psn|[from] psn
|upkeep
|turn|3
|
|t:|1758991756
|move|p1a: Grimmsnarl|Light Screen|p1a: Grimmsnarl
|-sidestart|p1: Sauronikov|move: Light Screen
|move|p2a: Muk|Poison Jab|p1a: Grimmsnarl
|-supereffective|p1a: Grimmsnarl
|-damage|p1a: Grimmsnarl|11/100 psn
|
|-damage|p1a: Grimmsnarl|0 fnt|[from] psn
|faint|p1a: Grimmsnarl
|upkeep
|
|t:|1758991760
|switch|p1a: Falinks|Falinks|100/100
|turn|4
|
|t:|1758991770
|switch|p2a: Porygon-Z|Porygon-Z|100/100
|-ability|p2a: Porygon-Z|Download|boost
|-boost|p2a: Porygon-Z|spa|1
|move|p1a: Falinks|No Retreat|p1a: Falinks
|-boost|p1a: Falinks|atk|1
|-boost|p1a: Falinks|def|1
|-boost|p1a: Falinks|spa|1
|-boost|p1a: Falinks|spd|1
|-boost|p1a: Falinks|spe|1
|-start|p1a: Falinks|move: No Retreat
|
|upkeep
|turn|5
|l|☆person_134
|player|p2|
|j|☆person_134
|player|p2|person_134|archer|
|
|t:|1758991786
|-terastallize|p1a: Falinks|Fighting
|-terastallize|p2a: Porygon-Z|Ghost
|move|p1a: Falinks|Close Combat|p2a: Porygon-Z
|-immune|p2a: Porygon-Z
|move|p2a: Porygon-Z|Psychic|p1a: Falinks
|-supereffective|p1a: Falinks
|-damage|p1a: Falinks|20/100
|-enditem|p1a: Falinks|Weakness Policy
|-boost|p1a: Falinks|atk|2|[from] item: Weakness Policy
|-boost|p1a: Falinks|spa|2|[from] item: Weakness Policy
|-damage|p2a: Porygon-Z|91/100|[from] item: Life Orb
|
|upkeep
|turn|6
|
|t:|1758991803
|move|p1a: Falinks|Iron Head|p2a: Porygon-Z
|-damage|p2a: Porygon-Z|14/100
|move|p2a: Porygon-Z|Psychic|p1a: Falinks
|-supereffective|p1a: Falinks
|-damage|p1a: Falinks|0 fnt
|faint|p1a: Falinks
|-damage|p2a: Porygon-Z|4/100|[from] item: Life Orb
|
|upkeep
|
|t:|1758991809
|switch|p1a: Feraligatr|Feraligatr, F|100/100
|turn|7
|
|t:|1758991814
|move|p1a: Feraligatr|Dragon Dance|p1a: Feraligatr
|-boost|p1a: Feraligatr|atk|1
|-boost|p1a: Feraligatr|spe|1
|move|p2a: Porygon-Z|Tri Attack|p1a: Feraligatr
|-damage|p1a: Feraligatr|40/100
|-damage|p2a: Porygon-Z|0 fnt|[from] item: Life Orb
|faint|p2a: Porygon-Z
|
|upkeep
|
|t:|1758991826
|switch|p2a: Florges|Florges, F|100/100
|turn|8
|
|t:|1758991832
|move|p1a: Feraligatr|Liquidation|p2a: Florges
|-damage|p2a: Florges|19/100
|move|p2a: Florges|Draining Kiss|p1a: Feraligatr
|-damage|p1a: Feraligatr|23/100
|-heal|p2a: Florges|31/100|[from] drain|[of] p1a: Feraligatr
|
|upkeep
|turn|9
|
|t:|1758991841
|move|p1a: Feraligatr|Liquidation|p2a: Florges
|-damage|p2a: Florges|0 fnt
|faint|p2a: Florges
|
|-sideend|p1: Sauronikov|Reflect
|upkeep
|
|t:|1758991848
|switch|p2a: Kommo-o|Kommo-o, F|100/100
|turn|10
|
|t:|1758991854
|move|p1a: Feraligatr|Psychic Fangs|p2a: Kommo-o
|-supereffective|p2a: Kommo-o
|-damage|p2a: Kommo-o|24/100
|move|p2a: Kommo-o|Drain Punch|p1a: Feraligatr
|-damage|p1a: Feraligatr|0 fnt
|-heal|p2a: Kommo-o|36/100|[from] drain|[of] p1a: Feraligatr
|faint|p1a: Feraligatr
|
|-heal|p2a: Kommo-o|43/100|[from] item: Leftovers
|-sideend|p1: Sauronikov|move: Light Screen
|upkeep
|
|t:|1758991861
|switch|p1a: Rhyperior|Rhyperior, M, shiny|100/100
|turn|11
|
|t:|1758991867
|move|p2a: Kommo-o|Drain Punch|p1a: Rhyperior
|-supereffective|p1a: Rhyperior
|-damage|p1a: Rhyperior|62/100
|-heal|p2a: Kommo-o|67/100|[from] drain|[of] p1a: Rhyperior
|-enditem|p1a: Rhyperior|Weakness Policy
|-boost|p1a: Rhyperior|atk|2|[from] item: Weakness Policy
|-boost|p1a: Rhyperior|spa|2|[from] item: Weakness Policy
|move|p1a: Rhyperior|Rock Polish|p1a: Rhyperior
|-boost|p1a: Rhyperior|spe|2
|
|-heal|p2a: Kommo-o|73/100|[from] item: Leftovers
|upkeep
|turn|12
|
|t:|1758991880
|move|p1a: Rhyperior|Ice Punch|p2a: Kommo-o
|-supereffective|p2a: Kommo-o
|-damage|p2a: Kommo-o|0 fnt
|faint|p2a: Kommo-o
|
|upkeep
|
|t:|1758991885
|switch|p2a: Mudsdale|Mudsdale, F|100/100
|turn|13
|
|t:|1758991892
|move|p1a: Rhyperior|Ice Punch|p2a: Mudsdale
|-supereffective|p2a: Mudsdale
|-crit|p2a: Mudsdale
|-damage|p2a: Mudsdale|0 fnt
|faint|p2a: Mudsdale
|
|upkeep
|
|t:|1758991898
|switch|p2a: Muk|Muk-Alola, M|100/100
|turn|14
|
|t:|1758991901
|move|p1a: Rhyperior|Earthquake|p2a: Muk
|-supereffective|p2a: Muk
|-damage|p2a: Muk|0 fnt
|faint|p2a: Muk
|
|upkeep
|
|t:|1758991906
|switch|p2a: Magmortar|Magmortar, F|100/100
|turn|15
|
|t:|1758991910
|move|p1a: Rhyperior|Earthquake|p2a: Magmortar
|-supereffective|p2a: Magmortar
|-crit|p2a: Magmortar
|-damage|p2a: Magmortar|0 fnt
|faint|p2a: Magmortar
|
|win|Sauronikov
|raw|Sauronikov's rating: 1173 &rarr; <strong>1195</strong><br />(+22 for winning)
|raw|person_134's rating: 1130 &rarr; <strong>1108</strong><br />(-22 for losing)
|l|☆person_134
|player|p2|
|l|☆Sauronikov
|player|p1|
