|j|☆waterdrinker48
|j|☆cp collective
|t:|1758999015
|gametype|singles
|player|p1|waterdrinker48|miku-ghost|1304
|player|p2|cp collective|eusine|1349
|gen|9
|tier|[Gen 9] OU
|rated|
|rule|HP Percentage Mod: HP is shown in percentages
|rule|Endless Battle Clause: Forcing endless battles is banned
|rule|Species Clause: Limit one of each Pokémon
|rule|OHKO Clause: OHKO moves are banned
|rule|Evasion Items Clause: Evasion items are banned
|rule|Evasion Moves Clause: Evasion moves are banned
|rule|Evasion Abilities Clause: Evasion abilities are banned
|rule|Sleep Moves Clause: Sleep-inducing moves are banned
|clearpoke
|poke|p1|Hydreigon, F|
|poke|p1|Slowking-Galar, M|
|poke|p1|Alomomola, F|
|poke|p1|Landorus-Therian, M|
|poke|p1|Quaquaval, M|
|poke|p1|Scizor, M|
|poke|p2|Ninetales, F|
|poke|p2|Lilligant-Hisui, F|
|poke|p2|Great Tusk|
|poke|p2|Walking Wake|
|poke|p2|Comfey, F|
|poke|p2|Iron Moth|
|teampreview
|inactive|Battle timer is ON: inactive players will automatically lose when time's up. (requested by waterdrinker48)
|
|t:|1758999041
|teamsize|p1|6
|teamsize|p2|6
|start
|switch|p1a: Landorus|Landorus-Therian, M|100/100
|switch|p2a: Lilligant|Lilligant-Hisui, F|100/100
|-ability|p1a: Landorus|Intimidate|boost
|-unboost|p2a: Lilligant|atk|1
|turn|1
|
|t:|1758999048
|move|p1a: Landorus|Stealth Rock|p2a: Lilligant
|-sidestart|p2: cp collective|move: Stealth Rock
|move|p2a: Lilligant|Triple Axel|p1a: Landorus
|-supereffective|p1a: Landorus
|-damage|p1a: Landorus|84/100
|-damage|p2a: Lilligant|84/100|[from] item: Rocky Helmet|[of] p1a: Landorus
|-supereffective|p1a: Landorus
|-damage|p1a: Landorus|46/100
|-damage|p2a: Lilligant|68/100|[from] item: Rocky Helmet|[of] p1a: Landorus
|-supereffective|p1a: Landorus
|-damage|p1a: Landorus|0 fnt
|-damage|p2a: Lilligant|51/100|[from] item: Rocky Helmet|[of] p1a: Landorus
|faint|p1a: Landorus
|-hitcount|p1: Landorus|3
|
|upkeep
|
|t:|1758999054
|switch|p1a: Scizor|Scizor, M|100/100
|turn|2
|
|t:|1758999079
|switch|p2a: Great Tusk|Great Tusk|100/100
|-damage|p2a: Great Tusk|98/100|[from] Stealth Rock
|move|p1a: Scizor|Knock Off|p2a: Great Tusk
|-resisted|p2a: Great Tusk
|-damage|p2a: Great Tusk|86/100
|-damage|p1a: Scizor|84/100|[from] item: Rocky Helmet|[of] p2a: Great Tusk
|-enditem|p2a: Great Tusk|Rocky Helmet|[from] move: Knock Off|[of] p1a: Scizor
|
|-heal|p1a: Scizor|90/100|[from] item: Leftovers
|upkeep
|turn|3
|
|t:|1758999089
|move|p2a: Great Tusk|Rapid Spin|p1a: Scizor
|-resisted|p1a: Scizor
|-damage|p1a: Scizor|83/100
|-boost|p2a: Great Tusk|spe|1
|-sideend|p2: cp collective|Stealth Rock|[from] move: Rapid Spin|[of] p2a: Great Tusk
|move|p1a: Scizor|Swords Dance|p1a: Scizor
|-boost|p1a: Scizor|atk|2
|
|-heal|p1a: Scizor|89/100|[from] item: Leftovers
|upkeep
|turn|4
|inactive|cp collective has 120 seconds left.
|
|t:|1758999109
|-end|p2a: Great Tusk|Protosynthesis|[silent]
|switch|p2a: Ninetales|Ninetales, F|100/100
|-weather|SunnyDay|[from] ability: Drought|[of] p2a: Ninetales
|move|p1a: Scizor|Bullet Punch|p2a: Ninetales
|-resisted|p2a: Ninetales
|-damage|p2a: Ninetales|58/100
|
|-weather|SunnyDay|[upkeep]
|-heal|p1a: Scizor|95/100|[from] item: Leftovers
|upkeep
|turn|5
|
|t:|1758999117
|switch|p1a: Slowking|Slowking-Galar, M|100/100
|move|p2a: Ninetales|Will-O-Wisp|p1a: Slowking|[miss]
|-miss|p2a: Ninetales|p1a: Slowking
|
|-weather|SunnyDay|[upkeep]
|upkeep
|turn|6
|
|t:|1758999122
|switch|p2a: Iron Moth|Iron Moth|100/100
|-enditem|p2a: Iron Moth|Booster Energy
|-activate|p2a: Iron Moth|ability: Quark Drive|[fromitem]
|-start|p2a: Iron Moth|quarkdrivespa
|move|p1a: Slowking|Future Sight|p2a: Iron Moth
|-start|p1a: Slowking|move: Future Sight
|
|-weather|SunnyDay|[upkeep]
|upkeep
|turn|7
|
|t:|1758999129
|move|p2a: Iron Moth|Fiery Dance|p1a: Slowking
|-damage|p1a: Slowking|54/100
|-prepare|p1a: Slowking|Chilly Reception|[premajor]
|move|p1a: Slowking|Chilly Reception|p1a: Slowking
|-weather|Snowscape
|
|t:|1758999137
|switch|p1a: Hydreigon|Hydreigon, F|100/100|[from] Chilly Reception
|
|-weather|Snowscape|[upkeep]
|upkeep
|turn|8
|
|t:|1758999150
|-end|p2a: Iron Moth|Quark Drive|[silent]
|switch|p2a: Comfey|Comfey, F|100/100
|move|p1a: Hydreigon|Draco Meteor|p2a: Comfey
|-immune|p2a: Comfey
|
|-weather|Snowscape|[upkeep]
|-end|p2a: Comfey|move: Future Sight
|-damage|p2a: Comfey|56/100
|upkeep
|turn|9
|
|t:|1758999155
|switch|p1a: Scizor|Scizor, M|95/100
|move|p2a: Comfey|Draining Kiss|p1a: Scizor
|-resisted|p1a: Scizor
|-damage|p1a: Scizor|79/100
|-heal|p2a: Comfey|70/100|[from] drain|[of] p1a: Scizor
|-damage|p2a: Comfey|60/100|[from] item: Life Orb
|
|-weather|Snowscape|[upkeep]
|-heal|p1a: Scizor|85/100|[from] item: Leftovers
|upkeep
|turn|10
|
|t:|1758999160
|switch|p2a: Ninetales|Ninetales, F|58/100
|-weather|SunnyDay|[from] ability: Drought|[of] p2a: Ninetales
|move|p1a: Scizor|Swords Dance|p1a: Scizor
|-boost|p1a: Scizor|atk|2
|
|-weather|SunnyDay|[upkeep]
|-heal|p1a: Scizor|91/100|[from] item: Leftovers
|upkeep
|turn|11
|
|t:|1758999170
|-terastallize|p1a: Scizor|Fire
|move|p2a: Ninetales|Will-O-Wisp|p1a: Scizor
|-immune|p1a: Scizor
|move|p1a: Scizor|Knock Off|p2a: Ninetales
|-damage|p2a: Ninetales|0 fnt
|-enditem|p2a: Ninetales|Heat Rock|[from] move: Knock Off|[of] p1a: Scizor
|faint|p2a: Ninetales
|
|-weather|SunnyDay|[upkeep]
|-heal|p1a: Scizor|97/100|[from] item: Leftovers
|upkeep
|
|t:|1758999187
|switch|p2a: Great Tusk|Great Tusk|86/100
|-activate|p2a: Great Tusk|ability: Protosynthesis
|-start|p2a: Great Tusk|protosynthesisspe
|turn|12
|
|t:|1758999194
|move|p1a: Scizor|Bullet Punch|p2a: Great Tusk
|-damage|p2a: Great Tusk|46/100
|move|p2a: Great Tusk|Headlong Rush|p1a: Scizor
|-supereffective|p1a: Scizor
|-damage|p1a: Scizor|0 fnt
|-unboost|p2a: Great Tusk|def|1
|-unboost|p2a: Great Tusk|spd|1
|faint|p1a: Scizor
|
|-weather|SunnyDay|[upkeep]
|upkeep
|
|t:|1758999198
|switch|p1a: Quaquaval|Quaquaval, M|100/100
|turn|13
|
|t:|1758999219
|-end|p2a: Great Tusk|Protosynthesis|[silent]
|switch|p2a: Comfey|Comfey, F|60/100
|move|p1a: Quaquaval|Aqua Step|p2a: Comfey
|-damage|p2a: Comfey|35/100
|-boost|p1a: Quaquaval|spe|1
|
|-weather|SunnyDay|[upkeep]
|upkeep
|turn|14
|
|t:|1758999228
|switch|p1a: Slowking|Slowking-Galar, M|87/100
|move|p2a: Comfey|Growth|p2a: Comfey
|-boost|p2a: Comfey|atk|2
|-boost|p2a: Comfey|spa|2
|
|-weather|SunnyDay|[upkeep]
|upkeep
|turn|15
|
|t:|1758999236
|move|p2a: Comfey|Stored Power|p1a: Slowking
|-damage|p1a: Slowking|48/100
|-damage|p2a: Comfey|25/100|[from] item: Life Orb
|move|p1a: Slowking|Toxic|p2a: Comfey
|-status|p2a: Comfey|tox
|
|-weather|SunnyDay|[upkeep]
|-damage|p2a: Comfey|19/100 tox|[from] psn
|upkeep
|turn|16
|
|t:|1758999249
|move|p2a: Comfey|Synthesis|p2a: Comfey
|-heal|p2a: Comfey|86/100 tox
|-prepare|p1a: Slowking|Chilly Reception|[premajor]
|move|p1a: Slowking|Chilly Reception|p1a: Slowking
|-weather|Snowscape
|
|t:|1758999256
|switch|p1a: Alomomola|Alomomola, F|100/100|[from] Chilly Reception
|
|-weather|Snowscape|[upkeep]
|-damage|p2a: Comfey|73/100 tox|[from] psn
|upkeep
|turn|17
|
|t:|1758999262
|move|p1a: Alomomola|Protect|p1a: Alomomola
|-singleturn|p1a: Alomomola|Protect
|move|p2a: Comfey|Growth|p2a: Comfey
|-boost|p2a: Comfey|atk|1
|-boost|p2a: Comfey|spa|1
|
|-weather|Snowscape|[upkeep]
|-damage|p2a: Comfey|55/100 tox|[from] psn
|upkeep
|turn|18
|
|t:|1758999271
|switch|p1a: Slowking|Slowking-Galar, M|81/100
|move|p2a: Comfey|Draining Kiss|p1a: Slowking
|-resisted|p1a: Slowking
|-crit|p1a: Slowking
|-damage|p1a: Slowking|54/100
|-heal|p2a: Comfey|81/100 tox|[from] drain|[of] p1a: Slowking
|-damage|p2a: Comfey|72/100 tox|[from] item: Life Orb
|
|-weather|Snowscape|[upkeep]
|-damage|p2a: Comfey|47/100 tox|[from] psn
|upkeep
|turn|19
|
|t:|1758999274
|move|p2a: Comfey|Stored Power|p1a: Slowking
|-damage|p1a: Slowking|0 fnt
|faint|p1a: Slowking
|-damage|p2a: Comfey|37/100 tox|[from] item: Life Orb
|
|-weather|Snowscape|[upkeep]
|-damage|p2a: Comfey|6/100 tox|[from] psn
|upkeep
|
|t:|1758999287
|switch|p1a: Quaquaval|Quaquaval, M|100/100
|turn|20
|
|t:|1758999290
|move|p2a: Comfey|Draining Kiss|p1a: Quaquaval
|-supereffective|p1a: Quaquaval
|-damage|p1a: Quaquaval|0 fnt
|-heal|p2a: Comfey|82/100 tox|[from] drain|[of] p1a: Quaquaval
|faint|p1a: Quaquaval
|-damage|p2a: Comfey|72/100 tox|[from] item: Life Orb
|
|-weather|none
|-damage|p2a: Comfey|35/100 tox|[from] psn
|upkeep
|
|t:|1758999293
|switch|p1a: Alomomola|Alomomola, F|100/100
|turn|21
|
|t:|1758999313
|switch|p2a: Walking Wake|Walking Wake|100/100
|move|p1a: Alomomola|Flip Turn|p2a: Walking Wake
|-resisted|p2a: Walking Wake
|-damage|p2a: Walking Wake|97/100
|
|t:|1758999315
|switch|p1a: Hydreigon|Hydreigon, F|100/100|[from] Flip Turn
|
|upkeep
|turn|22
|
|t:|1758999324
|-terastallize|p2a: Walking Wake|Steel
|move|p1a: Hydreigon|Draco Meteor|p2a: Walking Wake|[miss]
|-miss|p1a: Hydreigon|p2a: Walking Wake
|move|p2a: Walking Wake|Draco Meteor|p1a: Hydreigon
|-supereffective|p1a: Hydreigon
|-damage|p1a: Hydreigon|0 fnt
|-unboost|p2a: Walking Wake|spa|2
|faint|p1a: Hydreigon
|
|upkeep
|l|☆waterdrinker48
|inactive|waterdrinker48 disconnected and has a minute to reconnect!
|player|p1|
|inactive|waterdrinker48 has 30 seconds to reconnect!
|inactive|waterdrinker48 has 20 seconds to reconnect!
|inactive|waterdrinker48 has 15 seconds to reconnect!
|inactive|waterdrinker48 has 10 seconds to reconnect!
|inactive|waterdrinker48 has 5 seconds to reconnect!
|-message|waterdrinker48 lost due to inactivity.
|
|win|cp collective
|raw|waterdrinker48's rating: 1304 &rarr; <strong>1287</strong><br />(-17 for losing)
|raw|cp collective's rating: 1349 &rarr; <strong>1366</strong><br />(+17 for winning)
