|j|☆evemeria
|j|☆supreme tortellini
|t:|1759011420
|gametype|singles
|player|p1|evemeria|pokemaniac|1333
|player|p2|supreme tortellini|lance|1333
|gen|9
|tier|[Gen 9] OU
|rated|
|rule|HP Percentage Mod: HP is shown in percentages
|rule|Endless Battle Clause: Forcing endless battles is banned
|rule|Species Clause: Limit one of each Pokémon
|rule|OHKO Clause: OHKO moves are banned
|rule|Evasion Items Clause: Evasion items are banned
|rule|Evasion Moves Clause: Evasion moves are banned
|rule|Evasion Abilities Clause: Evasion abilities are banned
|rule|Sleep Moves Clause: Sleep-inducing moves are banned
|clearpoke
|poke|p1|Ceruledge, F|
|poke|p1|Hatterene, F|
|poke|p1|Landorus-Therian, M|
|poke|p1|Darkrai|
|poke|p1|Ogerpon-Wellspring, F|
|poke|p1|Goodra-Hisui, M|
|poke|p2|Slowking-Galar, M|
|poke|p2|Scizor, F|
|poke|p2|Moltres|
|poke|p2|Meowscarada, M|
|poke|p2|Raging Bolt|
|poke|p2|Great Tusk|
|teampreview
|inactive|Battle timer is ON: inactive players will automatically lose when time's up. (requested by supreme tortellini)
|inactive|evemeria also wants the timer to be on.
|inactive|supreme tortellini has 120 seconds left.
|
|t:|1759011478
|teamsize|p1|6
|teamsize|p2|6
|start
|switch|p1a: Ogerpon|Ogerpon-Wellspring, F|100/100
|switch|p2a: Meowscarada|Meowscarada, M|100/100
|turn|1
|
|t:|1759011489
|switch|p1a: Landorus|Landorus-Therian, M|100/100
|-ability|p1a: Landorus|Intimidate|boost
|-unboost|p2a: Meowscarada|atk|1
|move|p2a: Meowscarada|U-turn|p1a: Landorus
|-start|p2a: Meowscarada|typechange|Bug|[from] ability: Protean
|-resisted|p1a: Landorus
|-damage|p1a: Landorus|90/100
|-damage|p2a: Meowscarada|84/100|[from] item: Rocky Helmet|[of] p1a: Landorus
|
|t:|1759011501
|switch|p2a: Great Tusk|Great Tusk|100/100|[from] U-turn
|
|upkeep
|turn|2
|
|t:|1759011517
|move|p1a: Landorus|Stealth Rock|p2a: Great Tusk
|-sidestart|p2: supreme tortellini|move: Stealth Rock
|move|p2a: Great Tusk|Ice Spinner|p1a: Landorus
|-supereffective|p1a: Landorus
|-damage|p1a: Landorus|0 fnt
|-damage|p2a: Great Tusk|84/100|[from] item: Rocky Helmet|[of] p1a: Landorus
|faint|p1a: Landorus
|
|upkeep
|
|t:|1759011529
|switch|p1a: Ogerpon|Ogerpon-Wellspring, F|100/100
|turn|3
|
|t:|1759011540
|-end|p2a: Great Tusk|Protosynthesis|[silent]
|switch|p2a: Raging Bolt|Raging Bolt|100/100
|-damage|p2a: Raging Bolt|88/100|[from] Stealth Rock
|move|p1a: Ogerpon|Ivy Cudgel|p2a: Raging Bolt|[anim] Ivy Cudgel Water
|-resisted|p2a: Raging Bolt
|-damage|p2a: Raging Bolt|59/100
|
|upkeep
|turn|4
|
|t:|1759011544
|move|p1a: Ogerpon|U-turn|p2a: Raging Bolt
|-damage|p2a: Raging Bolt|32/100
|
|t:|1759011547
|switch|p1a: Hatterene|Hatterene, F|100/100|[from] U-turn
|move|p2a: Raging Bolt|Volt Switch|p1a: Hatterene
|-damage|p1a: Hatterene|35/100
|
|t:|1759011555
|-end|p2a: Raging Bolt|Protosynthesis|[silent]
|switch|p2a: Scizor|Scizor, F, shiny|100/100|[from] Volt Switch
|-damage|p2a: Scizor|88/100|[from] Stealth Rock
|
|-heal|p1a: Hatterene|41/100|[from] item: Leftovers
|upkeep
|turn|5
|
|t:|1759011560
|move|p2a: Scizor|U-turn|p1a: Hatterene
|-damage|p1a: Hatterene|0 fnt
|faint|p1a: Hatterene
|
|t:|1759011567
|switch|p2a: Moltres|Moltres|100/100|[from] U-turn
|
|upkeep
|
|t:|1759011573
|switch|p1a: Darkrai|Darkrai, shiny|100/100
|turn|6
|
|t:|1759011593
|switch|p2a: Raging Bolt|Raging Bolt|32/100
|-damage|p2a: Raging Bolt|20/100|[from] Stealth Rock
|move|p1a: Darkrai|Nasty Plot|p1a: Darkrai
|-boost|p1a: Darkrai|spa|2
|
|upkeep
|turn|7
|
|t:|1759011601
|move|p2a: Raging Bolt|Thunderclap|p1a: Darkrai
|-damage|p1a: Darkrai|24/100
|move|p1a: Darkrai|Dark Pulse|p2a: Raging Bolt
|-damage|p2a: Raging Bolt|0 fnt
|faint|p2a: Raging Bolt
|-end|p2a: Raging Bolt|Protosynthesis|[silent]
|
|upkeep
|
|t:|1759011621
|switch|p2a: Meowscarada|Meowscarada, M|84/100
|-damage|p2a: Meowscarada|72/100|[from] Stealth Rock
|turn|8
|
|t:|1759011626
|move|p2a: Meowscarada|U-turn|p1a: Darkrai
|-start|p2a: Meowscarada|typechange|Bug|[from] ability: Protean
|-supereffective|p1a: Darkrai
|-damage|p1a: Darkrai|0 fnt
|faint|p1a: Darkrai
|
|t:|1759011632
|switch|p2a: Moltres|Moltres|100/100|[from] U-turn
|
|upkeep
|
|t:|1759011636
|switch|p1a: Ogerpon|Ogerpon-Wellspring, F|100/100
|turn|9
|
|t:|1759011653
|-terastallize|p2a: Moltres|Grass
|move|p1a: Ogerpon|U-turn|p2a: Moltres
|-supereffective|p2a: Moltres
|-damage|p2a: Moltres|62/100
|
|t:|1759011657
|switch|p1a: Goodra|Goodra-Hisui, M|100/100|[from] U-turn
|move|p2a: Moltres|Will-O-Wisp|p1a: Goodra|[miss]
|-miss|p2a: Moltres|p1a: Goodra
|
|upkeep
|turn|10
|
|t:|1759011671
|switch|p2a: Slowking|Slowking-Galar, M|100/100
|move|p1a: Goodra|Draco Meteor|p2a: Slowking
|-damage|p2a: Slowking|59/100
|-unboost|p1a: Goodra|spa|2
|
|upkeep
|turn|11
|
|t:|1759011678
|switch|p1a: Ceruledge|Ceruledge, F|100/100
|move|p2a: Slowking|Future Sight|p1a: Ceruledge
|-start|p2a: Slowking|move: Future Sight
|
|upkeep
|turn|12
|inactive|supreme tortellini has 120 seconds left.
|
|t:|1759011709
|switch|p2a: Great Tusk|Great Tusk|84/100
|move|p1a: Ceruledge|Poltergeist|p2a: Great Tusk
|-activate|p2a: Great Tusk|move: Poltergeist|Heavy-Duty Boots
|-damage|p2a: Great Tusk|13/100
|
|upkeep
|turn|13
|inactive|supreme tortellini has 120 seconds left.
|inactive|supreme tortellini has 90 seconds left.
|
|t:|1759011753
|-end|p2a: Great Tusk|Protosynthesis|[silent]
|switch|p2a: Meowscarada|Meowscarada, M|72/100
|-damage|p2a: Meowscarada|60/100|[from] Stealth Rock
|switch|p1a: Ogerpon|Ogerpon-Wellspring, F|100/100
|
|-end|p1a: Ogerpon|move: Future Sight
|-damage|p1a: Ogerpon|47/100
|upkeep
|turn|14
|inactive|supreme tortellini has 90 seconds left.
|
|t:|1759011764
|switch|p1a: Goodra|Goodra-Hisui, M|100/100
|move|p2a: Meowscarada|U-turn|p1a: Goodra
|-start|p2a: Meowscarada|typechange|Bug|[from] ability: Protean
|-resisted|p1a: Goodra
|-damage|p1a: Goodra|85/100
|inactive|supreme tortellini has 90 seconds left.
|
|t:|1759011769
|switch|p2a: Great Tusk|Great Tusk|13/100|[from] U-turn
|
|upkeep
|turn|15
|
|t:|1759011774
|move|p2a: Great Tusk|Headlong Rush|p1a: Goodra
|-supereffective|p1a: Goodra
|-damage|p1a: Goodra|0 fnt
|-unboost|p2a: Great Tusk|def|1
|-unboost|p2a: Great Tusk|spd|1
|faint|p1a: Goodra
|
|upkeep
|
|t:|1759011778
|switch|p1a: Ogerpon|Ogerpon-Wellspring, F|47/100
|turn|16
|
|t:|1759011782
|-end|p2a: Great Tusk|Protosynthesis|[silent]
|switch|p2a: Moltres|Moltres, tera:Grass|62/100
|move|p1a: Ogerpon|U-turn|p2a: Moltres
|-supereffective|p2a: Moltres
|-crit|p2a: Moltres
|-damage|p2a: Moltres|9/100
|-status|p1a: Ogerpon|brn|[from] ability: Flame Body|[of] p2a: Moltres
|
|t:|1759011787
|switch|p1a: Ceruledge|Ceruledge, F|100/100|[from] U-turn
|
|upkeep
|turn|17
|inactive|supreme tortellini has 120 seconds left.
|
|t:|1759011803
|move|p1a: Ceruledge|Bitter Blade|p2a: Moltres
|-supereffective|p2a: Moltres
|-damage|p2a: Moltres|0 fnt
|faint|p2a: Moltres
|
|upkeep
|inactive|supreme tortellini has 90 seconds left.
|
|t:|1759011840
|switch|p2a: Meowscarada|Meowscarada, M|60/100
|-damage|p2a: Meowscarada|47/100|[from] Stealth Rock
|turn|18
|
|t:|1759011844
|-terastallize|p1a: Ceruledge|Normal
|move|p2a: Meowscarada|Knock Off|p1a: Ceruledge
|-start|p2a: Meowscarada|typechange|Dark|[from] ability: Protean
|-damage|p1a: Ceruledge|42/100
|-enditem|p1a: Ceruledge|Choice Band|[from] move: Knock Off|[of] p2a: Meowscarada
|move|p1a: Ceruledge|Bitter Blade|p2a: Meowscarada
|-damage|p2a: Meowscarada|0 fnt
|-heal|p1a: Ceruledge|65/100|[from] drain|[of] p2a: Meowscarada
|faint|p2a: Meowscarada
|
|upkeep
|inactive|supreme tortellini has 90 seconds left.
|
|t:|1759011865
|switch|p2a: Great Tusk|Great Tusk|13/100
|turn|19
|
|t:|1759011871
|move|p1a: Ceruledge|Shadow Sneak|p2a: Great Tusk
|-damage|p2a: Great Tusk|0 fnt
|faint|p2a: Great Tusk
|-end|p2a: Great Tusk|Protosynthesis|[silent]
|
|upkeep
|
|t:|1759011884
|switch|p2a: Scizor|Scizor, F, shiny|88/100
|-damage|p2a: Scizor|76/100|[from] Stealth Rock
|turn|20
|
|t:|1759011887
|move|p2a: Scizor|Bullet Punch|p1a: Ceruledge
|-damage|p1a: Ceruledge|0 fnt
|faint|p1a: Ceruledge
|
|upkeep
|
|t:|1759011889
|switch|p1a: Ogerpon|Ogerpon-Wellspring, F|47/100 brn
|turn|21
|
|t:|1759011894
|move|p2a: Scizor|Bullet Punch|p1a: Ogerpon
|-resisted|p1a: Ogerpon
|-damage|p1a: Ogerpon|11/100 brn
|move|p1a: Ogerpon|Ivy Cudgel|p2a: Scizor|[anim] Ivy Cudgel Water
|-damage|p2a: Scizor|38/100
|
|-damage|p1a: Ogerpon|5/100 brn|[from] brn
|upkeep
|turn|22
|-message|evemeria forfeited.
|
|win|supreme tortellini
|raw|evemeria's rating: 1333 &rarr; <strong>1313</strong><br />(-20 for losing)
|raw|supreme tortellini's rating: 1333 &rarr; <strong>1353</strong><br />(+20 for winning)
|l|☆evemeria
|player|p1|
