|j|☆constant sorrow
|j|☆Kidday
|t:|1758940748
|gametype|singles
|player|p1|constant sorrow|iris-gen5bw2|1194
|player|p2|Kidday|102|1178
|gen|9
|tier|[Gen 9] OU
|rated|
|rule|HP Percentage Mod: HP is shown in percentages
|rule|Endless Battle Clause: Forcing endless battles is banned
|rule|Species Clause: Limit one of each Pokémon
|rule|OHKO Clause: OHKO moves are banned
|rule|Evasion Items Clause: Evasion items are banned
|rule|Evasion Moves Clause: Evasion moves are banned
|rule|Evasion Abilities Clause: Evasion abilities are banned
|rule|Sleep Moves Clause: Sleep-inducing moves are banned
|clearpoke
|poke|p1|Mimikyu, F|
|poke|p1|Moltres-Galar|
|poke|p1|Mamoswine, M|
|poke|p1|Magnezone|
|poke|p1|Primeape, M|
|poke|p1|Gengar, M|
|poke|p2|Blastoise, M|
|poke|p2|Toxtricity-Low-Key, M|
|poke|p2|Golurk|
|poke|p2|Kingambit, M|
|poke|p2|Magmortar, M|
|poke|p2|Grimmsnarl, M|
|teampreview
|
|t:|1758940763
|teamsize|p1|6
|teamsize|p2|6
|start
|switch|p1a: Moltres|Moltres-Galar|100/100
|switch|p2a: Grimmi|Grimmsnarl, M, shiny|100/100
|turn|1
|
|t:|1758940772
|move|p2a: Grimmi|Light Screen|p2a: Grimmi
|-sidestart|p2: Kidday|move: Light Screen
|move|p1a: Moltres|Agility|p1a: Moltres
|-boost|p1a: Moltres|spe|2
|
|upkeep
|turn|2
|
|t:|1758940792
|move|p1a: Moltres|Air Slash|p2a: Grimmi
|-damage|p2a: Grimmi|82/100
|move|p2a: Grimmi|Spirit Break|p1a: Moltres
|-supereffective|p1a: Moltres
|-damage|p1a: Moltres|42/100
|-unboost|p1a: Moltres|spa|1
|-ability|p1a: Moltres|Berserk|boost
|-boost|p1a: Moltres|spa|1
|
|upkeep
|turn|3
|
|t:|1758940807
|move|p1a: Moltres|Air Slash|p2a: Grimmi
|-damage|p2a: Grimmi|65/100
|cant|p2a: Grimmi|flinch
|
|upkeep
|turn|4
|
|t:|1758940811
|move|p1a: Moltres|Air Slash|p2a: Grimmi
|-damage|p2a: Grimmi|47/100
|move|p2a: Grimmi|Spirit Break|p1a: Moltres
|-supereffective|p1a: Moltres
|-damage|p1a: Moltres|0 fnt
|faint|p1a: Moltres
|
|upkeep
|
|t:|1758940813
|switch|p1a: Primeape|Primeape, M|100/100
|turn|5
|
|t:|1758940832
|move|p2a: Grimmi|Reflect|p2a: Grimmi
|-sidestart|p2: Kidday|Reflect
|move|p1a: Primeape|Drain Punch|p2a: Grimmi
|-damage|p2a: Grimmi|31/100
|
|upkeep
|turn|6
|
|t:|1758940840
|move|p1a: Primeape|Bulk Up|p1a: Primeape
|-boost|p1a: Primeape|atk|1
|-boost|p1a: Primeape|def|1
|move|p2a: Grimmi|Spirit Break|p1a: Primeape
|-supereffective|p1a: Primeape
|-damage|p1a: Primeape|57/100
|-unboost|p1a: Primeape|spa|1
|-ability|p1a: Primeape|Defiant|boost
|-boost|p1a: Primeape|atk|2
|
|upkeep
|turn|7
|
|t:|1758940851
|move|p1a: Primeape|Drain Punch|p2a: Grimmi
|-crit|p2a: Grimmi
|-damage|p2a: Grimmi|0 fnt
|-heal|p1a: Primeape|76/100|[from] drain|[of] p2a: Grimmi
|faint|p2a: Grimmi
|
|upkeep
|
|t:|1758940856
|switch|p2a: Saitama|Golurk, shiny|100/100
|turn|8
|
|t:|1758940882
|move|p1a: Primeape|Rage Fist|p2a: Saitama
|-supereffective|p2a: Saitama
|-damage|p2a: Saitama|19/100
|move|p2a: Saitama|Poltergeist|p1a: Primeape
|-activate|p1a: Primeape|move: Poltergeist|Eviolite
|-damage|p1a: Primeape|16/100
|
|-sideend|p2: Kidday|move: Light Screen
|upkeep
|turn|9
|
|t:|1758940897
|move|p1a: Primeape|Rage Fist|p2a: Saitama
|-supereffective|p2a: Saitama
|-damage|p2a: Saitama|0 fnt
|faint|p2a: Saitama
|
|upkeep
|
|t:|1758940923
|switch|p2a: Ruby|Magmortar, M, shiny|100/100
|turn|10
|
|t:|1758940927
|move|p1a: Primeape|Rage Fist|p2a: Ruby
|-damage|p2a: Ruby|17/100
|move|p2a: Ruby|Psychic|p1a: Primeape
|-supereffective|p1a: Primeape
|-damage|p1a: Primeape|0 fnt
|faint|p1a: Primeape
|
|upkeep
|
|t:|1758940935
|switch|p1a: Gengar|Gengar, M|100/100
|turn|11
|
|t:|1758940957
|move|p1a: Gengar|Shadow Ball|p2a: Ruby
|-damage|p2a: Ruby|0 fnt
|faint|p2a: Ruby
|
|upkeep
|
|t:|1758940963
|switch|p2a: Toxic💜|Toxtricity-Low-Key, M|100/100
|turn|12
|
|t:|1758940983
|-terastallize|p2a: Toxic💜|Normal
|move|p1a: Gengar|Shadow Ball|p2a: Toxic💜
|-immune|p2a: Toxic💜
|move|p2a: Toxic💜|Overdrive|p1a: Gengar
|-damage|p1a: Gengar|14/100
|-enditem|p2a: Toxic💜|Throat Spray
|-boost|p2a: Toxic💜|spa|1|[from] item: Throat Spray
|
|-heal|p1a: Gengar|20/100|[from] item: Leftovers
|-sideend|p2: Kidday|Reflect
|upkeep
|turn|13
|
|t:|1758940999
|-terastallize|p1a: Gengar|Fighting
|move|p1a: Gengar|Tera Blast|p2a: Toxic💜|[anim] Tera Blast Fighting
|-supereffective|p2a: Toxic💜
|-damage|p2a: Toxic💜|0 fnt
|faint|p2a: Toxic💜
|
|-heal|p1a: Gengar|27/100|[from] item: Leftovers
|upkeep
|
|t:|1758941025
|switch|p2a: DisBiSharp|Kingambit, M, shiny|100/100
|-activate|p2a: DisBiSharp|ability: Supreme Overlord
|-start|p2a: DisBiSharp|fallen4|[silent]
|turn|14
|
|t:|1758941030
|move|p2a: DisBiSharp|Sucker Punch||[still]
|-fail|p2a: DisBiSharp
|move|p1a: Gengar|Substitute|p1a: Gengar
|-start|p1a: Gengar|Substitute
|-damage|p1a: Gengar|2/100
|
|-heal|p1a: Gengar|8/100|[from] item: Leftovers
|upkeep
|turn|15
|
|t:|1758941033
|move|p1a: Gengar|Tera Blast|p2a: DisBiSharp|[anim] Tera Blast Fighting
|-supereffective|p2a: DisBiSharp
|-damage|p2a: DisBiSharp|0 fnt
|faint|p2a: DisBiSharp
|-end|p2a: DisBiSharp|fallen4|[silent]
|
|-heal|p1a: Gengar|14/100|[from] item: Leftovers
|upkeep
|
|t:|1758941037
|switch|p2a: BigBlue 💙|Blastoise, M, shiny|100/100
|turn|16
|
|t:|1758941044
|move|p1a: Gengar|Nasty Plot|p1a: Gengar
|-boost|p1a: Gengar|spa|2
|move|p2a: BigBlue 💙|Shell Smash|p2a: BigBlue 💙
|-unboost|p2a: BigBlue 💙|def|1
|-unboost|p2a: BigBlue 💙|spd|1
|-boost|p2a: BigBlue 💙|atk|2
|-boost|p2a: BigBlue 💙|spa|2
|-boost|p2a: BigBlue 💙|spe|2
|-enditem|p2a: BigBlue 💙|White Herb
|-clearnegativeboost|p2a: BigBlue 💙|[silent]
|
|-heal|p1a: Gengar|20/100|[from] item: Leftovers
|upkeep
|turn|17
|
|t:|1758941048
|move|p2a: BigBlue 💙|Surf|p1a: Gengar
|-end|p1a: Gengar|Substitute
|move|p1a: Gengar|Shadow Ball|p2a: BigBlue 💙
|-damage|p2a: BigBlue 💙|29/100
|
|-heal|p1a: Gengar|26/100|[from] item: Leftovers
|upkeep
|turn|18
|
|t:|1758941054
|move|p2a: BigBlue 💙|Surf|p1a: Gengar
|-damage|p1a: Gengar|0 fnt
|faint|p1a: Gengar
|
|upkeep
|
|t:|1758941057
|switch|p1a: Magnezone|Magnezone|100/100
|turn|19
|
|t:|1758941070
|move|p2a: BigBlue 💙|Surf|p1a: Magnezone
|-damage|p1a: Magnezone|21/100
|move|p1a: Magnezone|Thunderbolt|p2a: BigBlue 💙
|-supereffective|p2a: BigBlue 💙
|-damage|p2a: BigBlue 💙|0 fnt
|faint|p2a: BigBlue 💙
|
|win|constant sorrow
|raw|constant sorrow's rating: 1194 &rarr; <strong>1218</strong><br />(+24 for winning)
|raw|Kidday's rating: 1178 &rarr; <strong>1154</strong><br />(-24 for losing)
|l|☆constant sorrow
|player|p1|
|l|☆Kidday
|player|p2|
