|j|☆Dylan1234
|j|☆diegoluquechaves
|t:|1758931468
|gametype|singles
|player|p1|Dylan1234|swimmer|1496
|player|p2|diegoluquechaves|1|1445
|gen|9
|tier|[Gen 9] OU
|rated|
|rule|HP Percentage Mod: HP is shown in percentages
|rule|Endless Battle Clause: Forcing endless battles is banned
|rule|Species Clause: Limit one of each Pokémon
|rule|OHKO Clause: OHKO moves are banned
|rule|Evasion Items Clause: Evasion items are banned
|rule|Evasion Moves Clause: Evasion moves are banned
|rule|Evasion Abilities Clause: Evasion abilities are banned
|rule|Sleep Moves Clause: Sleep-inducing moves are banned
|clearpoke
|poke|p1|Hoopa-Unbound|
|poke|p1|Kyurem|
|poke|p1|Dragapult, M|
|poke|p1|Great Tusk|
|poke|p1|Slowking-Galar, M|
|poke|p1|Alomomola, F|
|poke|p2|Typhlosion-Hisui, M|
|poke|p2|Corviknight, F|
|poke|p2|Glimmora, M|
|poke|p2|Great Tusk|
|poke|p2|Araquanid, F|
|poke|p2|Ogerpon, F|
|teampreview
|inactive|Battle timer is ON: inactive players will automatically lose when time's up. (requested by Dylan1234)
|
|t:|1758931483
|teamsize|p1|6
|teamsize|p2|6
|start
|switch|p1a: Great Tusk|Great Tusk|100/100
|switch|p2a: Araquanid|Araquanid, F|100/100
|turn|1
|
|t:|1758931495
|move|p1a: Great Tusk|Ice Spinner|p2a: Araquanid
|-resisted|p2a: Araquanid
|-damage|p2a: Araquanid|85/100
|move|p2a: Araquanid|Liquidation|p1a: Great Tusk
|-supereffective|p1a: Great Tusk
|-damage|p1a: Great Tusk|37/100
|
|-heal|p2a: Araquanid|92/100|[from] item: Leftovers
|upkeep
|turn|2
|
|t:|1758931505
|-end|p1a: Great Tusk|Protosynthesis|[silent]
|switch|p1a: Slowking|Slowking-Galar, M|100/100
|move|p2a: Araquanid|Sticky Web|p1a: Slowking
|-sidestart|p1: Dylan1234|move: Sticky Web
|
|-heal|p2a: Araquanid|98/100|[from] item: Leftovers
|upkeep
|turn|3
|
|t:|1758931523
|switch|p2a: Glimmora|Glimmora, M|100/100
|move|p1a: Slowking|Sludge Bomb|p2a: Glimmora
|-resisted|p2a: Glimmora
|-damage|p2a: Glimmora|90/100
|
|upkeep
|turn|4
|
|t:|1758931537
|switch|p2a: Corviknight|Corviknight, F|100/100
|move|p1a: Slowking|Future Sight|p2a: Corviknight
|-start|p1a: Slowking|move: Future Sight
|
|upkeep
|turn|5
|
|t:|1758931544
|move|p2a: Corviknight|Body Press|p1a: Slowking
|-resisted|p1a: Slowking
|-damage|p1a: Slowking|94/100
|-prepare|p1a: Slowking|Chilly Reception|[premajor]
|move|p1a: Slowking|Chilly Reception|p1a: Slowking
|-weather|Snowscape
|
|t:|1758931551
|switch|p1a: Dragapult|Dragapult, M|100/100|[from] Chilly Reception
|
|-weather|Snowscape|[upkeep]
|upkeep
|turn|6
|
|t:|1758931558
|move|p1a: Dragapult|Will-O-Wisp|p2a: Corviknight
|-status|p2a: Corviknight|brn
|move|p2a: Corviknight|Roost||[still]
|-fail|p2a: Corviknight|heal
|
|-weather|Snowscape|[upkeep]
|-end|p2a: Corviknight|move: Future Sight
|-resisted|p2a: Corviknight
|-damage|p2a: Corviknight|79/100 brn
|-damage|p2a: Corviknight|72/100 brn|[from] brn
|upkeep
|turn|7
|
|t:|1758931569
|move|p1a: Dragapult|Hex|p2a: Corviknight
|-damage|p2a: Corviknight|22/100 brn
|move|p2a: Corviknight|U-turn|p1a: Dragapult
|-resisted|p1a: Dragapult
|-damage|p1a: Dragapult|95/100
|
|t:|1758931579
|switch|p2a: Typhlosion|Typhlosion-Hisui, M|100/100|[from] U-turn
|-item|p1a: Dragapult|Heavy-Duty Boots|[from] ability: Frisk|[of] p2a: Typhlosion
|
|-weather|Snowscape|[upkeep]
|upkeep
|turn|8
|
|t:|1758931586
|switch|p1a: Slowking|Slowking-Galar, M|100/100
|move|p2a: Typhlosion|Infernal Parade|p1a: Slowking
|-supereffective|p1a: Slowking
|-damage|p1a: Slowking|61/100
|
|-weather|Snowscape|[upkeep]
|upkeep
|turn|9
|
|t:|1758931594
|move|p2a: Typhlosion|Infernal Parade|p1a: Slowking
|-supereffective|p1a: Slowking
|-crit|p1a: Slowking
|-damage|p1a: Slowking|6/100
|move|p1a: Slowking|Future Sight|p2a: Typhlosion
|-start|p1a: Slowking|move: Future Sight
|
|-weather|none
|upkeep
|turn|10
|
|t:|1758931602
|switch|p1a: Alomomola|Alomomola, F|100/100
|move|p2a: Typhlosion|Infernal Parade|p1a: Alomomola
|-damage|p1a: Alomomola|60/100
|
|upkeep
|turn|11
|
|t:|1758931609
|switch|p2a: Corviknight|Corviknight, F|22/100 brn
|move|p1a: Alomomola|Flip Turn|p2a: Corviknight
|-damage|p2a: Corviknight|12/100 brn
|-damage|p1a: Alomomola|44/100|[from] item: Rocky Helmet|[of] p2a: Corviknight
|
|t:|1758931615
|switch|p1a: Great Tusk|Great Tusk|37/100|[from] Flip Turn
|
|-end|p2a: Corviknight|move: Future Sight
|-resisted|p2a: Corviknight
|-damage|p2a: Corviknight|0 fnt
|faint|p2a: Corviknight
|upkeep
|
|t:|1758931623
|switch|p2a: Typhlosion|Typhlosion-Hisui, M|100/100
|-item|p1a: Great Tusk|Heavy-Duty Boots|[from] ability: Frisk|[of] p2a: Typhlosion
|turn|12
|
|t:|1758931632
|-end|p1a: Great Tusk|Protosynthesis|[silent]
|switch|p1a: Hoopa|Hoopa-Unbound|100/100
|-activate|p1a: Hoopa|move: Sticky Web
|-unboost|p1a: Hoopa|spe|1
|move|p2a: Typhlosion|Infernal Parade|p1a: Hoopa
|-damage|p1a: Hoopa|72/100
|-status|p1a: Hoopa|brn
|
|-damage|p1a: Hoopa|66/100 brn|[from] brn
|upkeep
|turn|13
|
|t:|1758931644
|switch|p2a: Araquanid|Araquanid, F|98/100
|move|p1a: Hoopa|Knock Off|p2a: Araquanid
|-damage|p2a: Araquanid|45/100
|-enditem|p2a: Araquanid|Leftovers|[from] move: Knock Off|[of] p1a: Hoopa
|
|-damage|p1a: Hoopa|60/100 brn|[from] brn
|upkeep
|turn|14
|
|t:|1758931657
|switch|p1a: Slowking|Slowking-Galar, M|39/100
|move|p2a: Araquanid|Leech Life|p1a: Slowking
|-crit|p1a: Slowking
|-damage|p1a: Slowking|7/100
|-heal|p2a: Araquanid|64/100|[from] drain|[of] p1a: Slowking
|
|upkeep
|turn|15
|
|t:|1758931676
|switch|p1a: Alomomola|Alomomola, F|77/100
|move|p2a: Araquanid|Leech Life|p1a: Alomomola
|-damage|p1a: Alomomola|66/100
|-heal|p2a: Araquanid|74/100|[from] drain|[of] p1a: Alomomola
|
|upkeep
|turn|16
|
|t:|1758931686
|switch|p2a: Ogerpon|Ogerpon, F|100/100
|move|p1a: Alomomola|Wish|p1a: Alomomola
|
|upkeep
|turn|17
|
|t:|1758931698
|switch|p1a: Dragapult|Dragapult, M|95/100
|move|p2a: Ogerpon|Swords Dance|p2a: Ogerpon
|-boost|p2a: Ogerpon|atk|2
|
|-heal|p1a: Dragapult|100/100|[from] move: Wish|[wisher] Alomomola
|upkeep
|turn|18
|
|t:|1758931710
|-terastallize|p2a: Ogerpon|Grass
|detailschange|p2a: Ogerpon|Ogerpon-Teal-Tera, F, tera:Grass
|-ability|p2a: Ogerpon|Embody Aspect (Teal)|boost
|-boost|p2a: Ogerpon|spe|1
|move|p2a: Ogerpon|Knock Off|p1a: Dragapult
|-supereffective|p1a: Dragapult
|-damage|p1a: Dragapult|0 fnt
|-enditem|p1a: Dragapult|Heavy-Duty Boots|[from] move: Knock Off|[of] p2a: Ogerpon
|faint|p1a: Dragapult
|
|upkeep
|
|t:|1758931727
|switch|p1a: Kyurem|Kyurem|100/100
|-activate|p1a: Kyurem|move: Sticky Web
|-unboost|p1a: Kyurem|spe|1
|-ability|p1a: Kyurem|Pressure
|turn|19
|
|t:|1758931738
|move|p2a: Ogerpon|U-turn|p1a: Kyurem
|-damage|p1a: Kyurem|53/100
|
|t:|1758931742
|switch|p2a: Typhlosion|Typhlosion-Hisui, M|100/100|[from] U-turn
|-item|p1a: Kyurem|Choice Specs|[from] ability: Frisk|[of] p2a: Typhlosion
|move|p1a: Kyurem|Ice Beam|p2a: Typhlosion
|-resisted|p2a: Typhlosion
|-damage|p2a: Typhlosion|56/100
|
|upkeep
|turn|20
|
|t:|1758931754
|switch|p1a: Hoopa|Hoopa-Unbound|60/100 brn
|-activate|p1a: Hoopa|move: Sticky Web
|-unboost|p1a: Hoopa|spe|1
|move|p2a: Typhlosion|Infernal Parade|p1a: Hoopa
|-damage|p1a: Hoopa|0 fnt
|faint|p1a: Hoopa
|
|upkeep
|
|t:|1758931769
|switch|p1a: Alomomola|Alomomola, F|99/100
|turn|21
|
|t:|1758931778
|switch|p2a: Ogerpon|Ogerpon-Teal-Tera, F, tera:Grass|100/100
|-ability|p2a: Ogerpon|Embody Aspect (Teal)|boost
|-boost|p2a: Ogerpon|spe|1
|move|p1a: Alomomola|Flip Turn|p2a: Ogerpon
|-resisted|p2a: Ogerpon
|-damage|p2a: Ogerpon|91/100
|
|t:|1758931785
|switch|p1a: Kyurem|Kyurem|53/100|[from] Flip Turn
|-activate|p1a: Kyurem|move: Sticky Web
|-unboost|p1a: Kyurem|spe|1
|-ability|p1a: Kyurem|Pressure
|
|upkeep
|turn|22
|
|t:|1758931798
|move|p2a: Ogerpon|U-turn|p1a: Kyurem
|-damage|p1a: Kyurem|32/100
|
|t:|1758931801
|switch|p2a: Araquanid|Araquanid, F|74/100|[from] U-turn
|move|p1a: Kyurem|Ice Beam|p2a: Araquanid
|-resisted|p2a: Araquanid
|-damage|p2a: Araquanid|53/100
|
|upkeep
|turn|23
|-message|Dylan1234 forfeited.
|
|win|diegoluquechaves
|raw|Dylan1234's rating: 1496 &rarr; <strong>1473</strong><br />(-23 for losing)
|raw|diegoluquechaves's rating: 1445 &rarr; <strong>1468</strong><br />(+23 for winning)
|l|☆Dylan1234
|player|p1|
|l|☆diegoluquechaves
|player|p2|
