|j|☆isochrysis
|j|☆gabelly
|t:|1758960623
|gametype|singles
|player|p1|isochrysis|psychic-gen4|1142
|player|p2|gabelly|1|1206
|gen|9
|tier|[Gen 9] OU
|rated|
|rule|HP Percentage Mod: HP is shown in percentages
|rule|Endless Battle Clause: Forcing endless battles is banned
|rule|Species Clause: Limit one of each Pokémon
|rule|OHKO Clause: OHKO moves are banned
|rule|Evasion Items Clause: Evasion items are banned
|rule|Evasion Moves Clause: Evasion moves are banned
|rule|Evasion Abilities Clause: Evasion abilities are banned
|rule|Sleep Moves Clause: Sleep-inducing moves are banned
|clearpoke
|poke|p1|Thundurus, M|
|poke|p1|Weavile, F|
|poke|p1|Gyarados, M|
|poke|p1|Jirachi|
|poke|p1|Dragalge, F|
|poke|p1|Garchomp, F|
|poke|p2|Ursaluna, M|
|poke|p2|Cresselia, F|
|poke|p2|Iron Valiant|
|poke|p2|Hatterene, F|
|poke|p2|Keldeo-Resolute|
|poke|p2|Ogerpon, F|
|teampreview
|
|t:|1758960636
|teamsize|p1|6
|teamsize|p2|6
|start
|switch|p1a: Dragalge|Dragalge, F|100/100
|switch|p2a: Ursaluna|Ursaluna, M, shiny|100/100
|turn|1
|
|t:|1758960655
|switch|p2a: Hatterene|Hatterene, F, shiny|100/100
|move|p1a: Dragalge|Toxic Spikes|p2a: Hatterene
|move|p2a: Hatterene|Toxic Spikes|p1a: Dragalge|[from] ability: Magic Bounce
|-sidestart|p1: isochrysis|move: Toxic Spikes
|
|upkeep
|turn|2
|
|t:|1758960668
|move|p1a: Dragalge|Sludge Wave|p2a: Hatterene
|-supereffective|p2a: Hatterene
|-damage|p2a: Hatterene|3/100
|move|p2a: Hatterene|Psychic Noise|p1a: Dragalge
|-supereffective|p1a: Dragalge
|-damage|p1a: Dragalge|25/100
|-start|p1a: Dragalge|move: Heal Block
|
|upkeep
|turn|3
|
|t:|1758960676
|move|p1a: Dragalge|Sludge Wave|p2a: Hatterene
|-supereffective|p2a: Hatterene
|-crit|p2a: Hatterene
|-damage|p2a: Hatterene|0 fnt
|faint|p2a: Hatterene
|
|-end|p1a: Dragalge|move: Heal Block
|upkeep
|
|t:|1758960686
|switch|p2a: Ogerpon|Ogerpon, F|100/100
|turn|4
|
|t:|1758960696
|move|p2a: Ogerpon|Knock Off|p1a: Dragalge
|-damage|p1a: Dragalge|0 fnt
|-enditem|p1a: Dragalge|Black Sludge|[from] move: Knock Off|[of] p2a: Ogerpon
|faint|p1a: Dragalge
|
|upkeep
|
|t:|1758960715
|switch|p1a: Thundurus|Thundurus, M|100/100
|turn|5
|
|t:|1758960724
|switch|p2a: Ursaluna|Ursaluna, M, shiny|100/100
|move|p1a: Thundurus|Thunder Wave|p2a: Ursaluna
|-immune|p2a: Ursaluna
|
|-status|p2a: Ursaluna|brn|[from] item: Flame Orb
|upkeep
|turn|6
|
|t:|1758960743
|-terastallize|p1a: Thundurus|Ice
|move|p1a: Thundurus|Tera Blast|p2a: Ursaluna|[anim] Tera Blast Ice
|-supereffective|p2a: Ursaluna
|-damage|p2a: Ursaluna|41/100 brn
|-damage|p1a: Thundurus|91/100|[from] item: Life Orb
|move|p2a: Ursaluna|Facade|p1a: Thundurus
|-damage|p1a: Thundurus|0 fnt
|faint|p1a: Thundurus
|
|-damage|p2a: Ursaluna|35/100 brn|[from] brn
|upkeep
|
|t:|1758960754
|switch|p1a: Weavile|Weavile, F|100/100
|-status|p1a: Weavile|psn
|turn|7
|
|t:|1758960760
|switch|p2a: Cresselia|Cresselia, F, shiny|100/100
|move|p1a: Weavile|Icicle Crash|p2a: Cresselia
|-damage|p2a: Cresselia|75/100
|
|-damage|p1a: Weavile|88/100 psn|[from] psn
|upkeep
|turn|8
|
|t:|1758960767
|move|p1a: Weavile|Knock Off|p2a: Cresselia
|-supereffective|p2a: Cresselia
|-damage|p2a: Cresselia|23/100
|-damage|p1a: Weavile|72/100 psn|[from] item: Rocky Helmet|[of] p2a: Cresselia
|-enditem|p2a: Cresselia|Rocky Helmet|[from] move: Knock Off|[of] p1a: Weavile
|move|p2a: Cresselia|Trick Room|p2a: Cresselia
|-fieldstart|move: Trick Room|[of] p2a: Cresselia
|
|-damage|p1a: Weavile|59/100 psn|[from] psn
|upkeep
|turn|9
|
|t:|1758960789
|move|p2a: Cresselia|Lunar Dance|p2a: Cresselia
|faint|p2a: Cresselia
|move|p1a: Weavile|Knock Off|p2: Cresselia|[notarget]
|-fail|p1a: Weavile
|
|-damage|p1a: Weavile|47/100 psn|[from] psn
|upkeep
|
|t:|1758960820
|switch|p2a: Ursaluna|Ursaluna, M, shiny|35/100 brn
|-heal|p2a: Ursaluna|100/100|[from] move: Lunar Dance
|turn|10
|
|t:|1758960827
|switch|p1a: Garchomp|Garchomp, F|100/100
|-status|p1a: Garchomp|psn
|move|p2a: Ursaluna|Facade|p1a: Garchomp
|-damage|p1a: Garchomp|56/100 psn
|-damage|p2a: Ursaluna|88/100|[from] ability: Rough Skin|[of] p1a: Garchomp
|-damage|p2a: Ursaluna|72/100|[from] item: Rocky Helmet|[of] p1a: Garchomp
|
|-damage|p1a: Garchomp|44/100 psn|[from] psn
|-status|p2a: Ursaluna|brn|[from] item: Flame Orb
|upkeep
|turn|11
|
|t:|1758960840
|move|p2a: Ursaluna|Facade|p1a: Garchomp
|-damage|p1a: Garchomp|0 fnt
|-damage|p2a: Ursaluna|59/100 brn|[from] ability: Rough Skin|[of] p1a: Garchomp
|-damage|p2a: Ursaluna|43/100 brn|[from] item: Rocky Helmet|[of] p1a: Garchomp
|faint|p1a: Garchomp
|
|-damage|p2a: Ursaluna|37/100 brn|[from] brn
|upkeep
|
|t:|1758960845
|switch|p1a: Gyarados|Gyarados, M|100/100
|-ability|p1a: Gyarados|Intimidate|boost
|-unboost|p2a: Ursaluna|atk|1
|turn|12
|
|t:|1758960850
|move|p2a: Ursaluna|Facade|p1a: Gyarados
|-damage|p1a: Gyarados|2/100
|-damage|p2a: Ursaluna|20/100 brn|[from] item: Rocky Helmet|[of] p1a: Gyarados
|move|p1a: Gyarados|Dragon Dance|p1a: Gyarados
|-boost|p1a: Gyarados|atk|1
|-boost|p1a: Gyarados|spe|1
|
|-damage|p2a: Ursaluna|14/100 brn|[from] brn
|-fieldend|move: Trick Room
|upkeep
|turn|13
|
|t:|1758960854
|move|p1a: Gyarados|Waterfall|p2a: Ursaluna
|-supereffective|p2a: Ursaluna
|-damage|p2a: Ursaluna|0 fnt
|faint|p2a: Ursaluna
|
|upkeep
|
|t:|1758960856
|switch|p2a: Iron Valiant|Iron Valiant|100/100
|-enditem|p2a: Iron Valiant|Booster Energy
|-activate|p2a: Iron Valiant|ability: Quark Drive|[fromitem]
|-start|p2a: Iron Valiant|quarkdrivespe
|turn|14
|
|t:|1758960864
|move|p2a: Iron Valiant|Moonblast|p1a: Gyarados
|-damage|p1a: Gyarados|0 fnt
|faint|p1a: Gyarados
|
|upkeep
|
|t:|1758960869
|switch|p1a: Jirachi|Jirachi|100/100
|turn|15
|
|t:|1758960874
|move|p2a: Iron Valiant|Destiny Bond|p2a: Iron Valiant
|-singlemove|p2a: Iron Valiant|Destiny Bond
|move|p1a: Jirachi|Zen Headbutt|p2a: Iron Valiant
|-supereffective|p2a: Iron Valiant
|-damage|p2a: Iron Valiant|11/100
|
|upkeep
|turn|16
|
|t:|1758960882
|move|p2a: Iron Valiant|Close Combat|p1a: Jirachi
|-damage|p1a: Jirachi|51/100
|-unboost|p2a: Iron Valiant|def|1
|-unboost|p2a: Iron Valiant|spd|1
|move|p1a: Jirachi|Zen Headbutt|p2a: Iron Valiant
|-supereffective|p2a: Iron Valiant
|-damage|p2a: Iron Valiant|0 fnt
|faint|p2a: Iron Valiant
|-end|p2a: Iron Valiant|Quark Drive|[silent]
|
|upkeep
|
|t:|1758960887
|switch|p2a: Ogerpon|Ogerpon, F|100/100
|turn|17
|
|t:|1758960900
|move|p1a: Jirachi|Zen Headbutt|p2a: Ogerpon
|-damage|p2a: Ogerpon|56/100
|cant|p2a: Ogerpon|flinch
|
|upkeep
|turn|18
|
|t:|1758960904
|move|p1a: Jirachi|Zen Headbutt|p2a: Ogerpon
|-damage|p2a: Ogerpon|10/100
|cant|p2a: Ogerpon|flinch
|
|upkeep
|turn|19
|
|t:|1758960909
|move|p1a: Jirachi|Zen Headbutt|p2a: Ogerpon
|-damage|p2a: Ogerpon|0 fnt
|faint|p2a: Ogerpon
|
|upkeep
|
|t:|1758960911
|switch|p2a: Keldeo|Keldeo-Resolute|100/100
|turn|20
|
|t:|1758960931
|-terastallize|p2a: Keldeo|Water
|move|p1a: Jirachi|Zen Headbutt|p2a: Keldeo
|-crit|p2a: Keldeo
|-damage|p2a: Keldeo|38/100
|move|p2a: Keldeo|Secret Sword|p1a: Jirachi
|-damage|p1a: Jirachi|0 fnt
|faint|p1a: Jirachi
|
|upkeep
|
|t:|1758960940
|switch|p1a: Weavile|Weavile, F|47/100 psn
|turn|21
|
|t:|1758960943
|move|p1a: Weavile|Fake Out|p2a: Keldeo
|-damage|p2a: Keldeo|22/100
|cant|p2a: Keldeo|flinch
|
|-damage|p1a: Weavile|34/100 psn|[from] psn
|upkeep
|turn|22
|
|t:|1758960949
|move|p1a: Weavile|Knock Off|p2a: Keldeo
|-damage|p2a: Keldeo|0 fnt
|-enditem|p2a: Keldeo|Choice Specs|[from] move: Knock Off|[of] p1a: Weavile
|faint|p2a: Keldeo
|
|win|isochrysis
|raw|isochrysis's rating: 1142 &rarr; <strong>1174</strong><br />(+32 for winning)
|raw|gabelly's rating: 1235 &rarr; <strong>1203</strong><br />(-32 for losing)
|l|☆gabelly
|player|p2|
|l|☆isochrysis
|player|p1|
