|j|☆thefourdolf
|j|‽Neonaruto
|t:|1758996984
|gametype|singles
|player|p1|thefourdolf|blaine|1468
|player|p2|Neonaruto|265|1502
|gen|9
|tier|[Gen 9] OU
|rated|
|rule|HP Percentage Mod: HP is shown in percentages
|rule|Endless Battle Clause: Forcing endless battles is banned
|rule|Species Clause: Limit one of each Pokémon
|rule|OHKO Clause: OHKO moves are banned
|rule|Evasion Items Clause: Evasion items are banned
|rule|Evasion Moves Clause: Evasion moves are banned
|rule|Evasion Abilities Clause: Evasion abilities are banned
|rule|Sleep Moves Clause: Sleep-inducing moves are banned
|clearpoke
|poke|p1|Rillaboom, M|
|poke|p1|Iron Crown|
|poke|p1|Slowking-Galar, F|
|poke|p1|Ogerpon-Wellspring, F|
|poke|p1|Cinderace, M|
|poke|p1|Garganacl, F|
|poke|p2|Tyranitar, F|
|poke|p2|Iron Moth|
|poke|p2|Staraptor, M|
|poke|p2|Garchomp, M|
|poke|p2|Torkoal, M|
|poke|p2|Dragonite, M|
|teampreview
|inactive|Battle timer is ON: inactive players will automatically lose when time's up. (requested by thefourdolf)
|
|t:|1758996997
|teamsize|p1|6
|teamsize|p2|6
|start
|switch|p1a: Rillaboom|Rillaboom, M|100/100
|switch|p2a: Tyranitar|Tyranitar, F, shiny|100/100
|-fieldstart|move: Grassy Terrain|[from] ability: Grassy Surge|[of] p1a: Rillaboom
|-weather|Sandstorm|[from] ability: Sand Stream|[of] p2a: Tyranitar
|turn|1
|
|t:|1758997003
|switch|p2a: Garchomp|Garchomp, M|100/100
|move|p1a: Rillaboom|U-turn|p2a: Garchomp
|-damage|p2a: Garchomp|86/100
|-damage|p1a: Rillaboom|88/100|[from] ability: Rough Skin|[of] p2a: Garchomp
|-damage|p1a: Rillaboom|72/100|[from] item: Rocky Helmet|[of] p2a: Garchomp
|
|t:|1758997021
|switch|p1a: Cinderace|Cinderace, M|100/100|[from] U-turn
|
|-weather|Sandstorm|[upkeep]
|-damage|p1a: Cinderace|95/100|[from] Sandstorm
|-heal|p1a: Cinderace|100/100|[from] Grassy Terrain
|-heal|p2a: Garchomp|92/100|[from] Grassy Terrain
|upkeep
|turn|2
|
|t:|1758997028
|move|p1a: Cinderace|Will-O-Wisp|p2a: Garchomp
|-status|p2a: Garchomp|brn
|move|p2a: Garchomp|Breaking Swipe|p1a: Cinderace
|-damage|p1a: Cinderace|80/100
|-unboost|p1a: Cinderace|atk|1
|
|-weather|Sandstorm|[upkeep]
|-damage|p1a: Cinderace|74/100|[from] Sandstorm
|-heal|p1a: Cinderace|80/100|[from] Grassy Terrain
|-heal|p2a: Garchomp|98/100 brn|[from] Grassy Terrain
|-damage|p2a: Garchomp|92/100 brn|[from] brn
|upkeep
|turn|3
|
|t:|1758997035
|switch|p1a: Ogerpon|Ogerpon-Wellspring, F|100/100
|move|p2a: Garchomp|Spikes|p1a: Ogerpon
|-sidestart|p1: thefourdolf|Spikes
|
|-weather|Sandstorm|[upkeep]
|-damage|p1a: Ogerpon|95/100|[from] Sandstorm
|-heal|p1a: Ogerpon|100/100|[from] Grassy Terrain
|-heal|p2a: Garchomp|98/100 brn|[from] Grassy Terrain
|-damage|p2a: Garchomp|92/100 brn|[from] brn
|upkeep
|turn|4
|
|t:|1758997041
|switch|p2a: Torkoal|Torkoal, M, shiny|100/100
|-weather|SunnyDay|[from] ability: Drought|[of] p2a: Torkoal
|move|p1a: Ogerpon|Swords Dance|p1a: Ogerpon
|-boost|p1a: Ogerpon|atk|2
|
|-weather|SunnyDay|[upkeep]
|upkeep
|turn|5
|
|t:|1758997045
|move|p1a: Ogerpon|Ivy Cudgel|p2a: Torkoal|[anim] Ivy Cudgel Water
|-supereffective|p2a: Torkoal
|-damage|p2a: Torkoal|38/100
|move|p2a: Torkoal|Will-O-Wisp|p1a: Ogerpon
|-status|p1a: Ogerpon|brn
|
|-weather|SunnyDay|[upkeep]
|-heal|p2a: Torkoal|44/100|[from] Grassy Terrain
|-damage|p1a: Ogerpon|95/100 brn|[from] brn
|upkeep
|turn|6
|
|t:|1758997050
|move|p1a: Ogerpon|Swords Dance|p1a: Ogerpon
|-boost|p1a: Ogerpon|atk|2
|move|p2a: Torkoal|Clear Smog|p1a: Ogerpon
|-supereffective|p1a: Ogerpon
|-damage|p1a: Ogerpon|70/100 brn
|-clearboost|p1a: Ogerpon
|
|-weather|SunnyDay|[upkeep]
|-heal|p1a: Ogerpon|76/100 brn|[from] Grassy Terrain
|-heal|p2a: Torkoal|50/100|[from] Grassy Terrain
|-damage|p1a: Ogerpon|70/100 brn|[from] brn
|upkeep
|turn|7
|
|t:|1758997052
|switch|p2a: Garchomp|Garchomp, M|92/100 brn
|move|p1a: Ogerpon|Ivy Cudgel|p2a: Garchomp|[anim] Ivy Cudgel Water
|-damage|p2a: Garchomp|83/100 brn
|
|-weather|SunnyDay|[upkeep]
|-heal|p1a: Ogerpon|76/100 brn|[from] Grassy Terrain
|-heal|p2a: Garchomp|89/100 brn|[from] Grassy Terrain
|-damage|p1a: Ogerpon|70/100 brn|[from] brn
|-damage|p2a: Garchomp|83/100 brn|[from] brn
|upkeep
|turn|8
|
|t:|1758997054
|move|p1a: Ogerpon|Play Rough|p2a: Garchomp
|-supereffective|p2a: Garchomp
|-damage|p2a: Garchomp|63/100 brn
|-damage|p1a: Ogerpon|58/100 brn|[from] ability: Rough Skin|[of] p2a: Garchomp
|-damage|p1a: Ogerpon|41/100 brn|[from] item: Rocky Helmet|[of] p2a: Garchomp
|move|p2a: Garchomp|Breaking Swipe|p1a: Ogerpon
|-damage|p1a: Ogerpon|22/100 brn
|-unboost|p1a: Ogerpon|atk|1
|
|-weather|none
|-heal|p1a: Ogerpon|28/100 brn|[from] Grassy Terrain
|-heal|p2a: Garchomp|69/100 brn|[from] Grassy Terrain
|-damage|p1a: Ogerpon|22/100 brn|[from] brn
|-damage|p2a: Garchomp|63/100 brn|[from] brn
|-fieldend|move: Grassy Terrain
|upkeep
|turn|9
|
|t:|1758997059
|move|p1a: Ogerpon|Play Rough|p2a: Garchomp
|-supereffective|p2a: Garchomp
|-damage|p2a: Garchomp|47/100 brn
|-damage|p1a: Ogerpon|10/100 brn|[from] ability: Rough Skin|[of] p2a: Garchomp
|-damage|p1a: Ogerpon|0 fnt|[from] item: Rocky Helmet|[of] p2a: Garchomp
|faint|p1a: Ogerpon
|move|p2a: Garchomp|Breaking Swipe|p1: Ogerpon|[notarget]
|-fail|p2a: Garchomp
|
|-damage|p2a: Garchomp|41/100 brn|[from] brn
|upkeep
|
|t:|1758997065
|switch|p1a: Rillaboom|Rillaboom, M|72/100
|-damage|p1a: Rillaboom|59/100|[from] Spikes
|-fieldstart|move: Grassy Terrain|[from] ability: Grassy Surge|[of] p1a: Rillaboom
|turn|10
|
|t:|1758997069
|move|p1a: Rillaboom|Wood Hammer|p2a: Garchomp
|-damage|p2a: Garchomp|0 fnt
|-damage|p1a: Rillaboom|47/100|[from] ability: Rough Skin|[of] p2a: Garchomp
|-damage|p1a: Rillaboom|31/100|[from] item: Rocky Helmet|[of] p2a: Garchomp
|faint|p2a: Garchomp
|-damage|p1a: Rillaboom|15/100|[from] Recoil
|
|-heal|p1a: Rillaboom|21/100|[from] Grassy Terrain
|upkeep
|
|t:|1758997073
|switch|p2a: Staraptor|Staraptor, M|100/100
|turn|11
|
|t:|1758997088
|move|p1a: Rillaboom|Grassy Glide|p2a: Staraptor
|-resisted|p2a: Staraptor
|-damage|p2a: Staraptor|70/100
|move|p2a: Staraptor|Close Combat|p1a: Rillaboom
|-damage|p1a: Rillaboom|0 fnt
|-unboost|p2a: Staraptor|def|1
|-unboost|p2a: Staraptor|spd|1
|faint|p1a: Rillaboom
|
|upkeep
|inactive|thefourdolf has 120 seconds left.
|
|t:|1758997110
|switch|p1a: Cinderace|Cinderace, M|80/100
|turn|12
|
|t:|1758997114
|switch|p2a: Torkoal|Torkoal, M, shiny|50/100
|-weather|SunnyDay|[from] ability: Drought|[of] p2a: Torkoal
|move|p1a: Cinderace|Pyro Ball|p2a: Torkoal
|-resisted|p2a: Torkoal
|-damage|p2a: Torkoal|23/100
|
|-weather|SunnyDay|[upkeep]
|-heal|p1a: Cinderace|86/100|[from] Grassy Terrain
|-heal|p2a: Torkoal|29/100|[from] Grassy Terrain
|upkeep
|turn|13
|
|t:|1758997117
|move|p1a: Cinderace|Pyro Ball|p2a: Torkoal
|-resisted|p2a: Torkoal
|-damage|p2a: Torkoal|6/100
|move|p2a: Torkoal|Rapid Spin|p1a: Cinderace
|-damage|p1a: Cinderace|71/100
|-boost|p2a: Torkoal|spe|1
|
|-weather|SunnyDay|[upkeep]
|-heal|p1a: Cinderace|77/100|[from] Grassy Terrain
|-heal|p2a: Torkoal|12/100|[from] Grassy Terrain
|upkeep
|turn|14
|
|t:|1758997122
|move|p1a: Cinderace|Pyro Ball|p2a: Torkoal
|-resisted|p2a: Torkoal
|-damage|p2a: Torkoal|0 fnt
|faint|p2a: Torkoal
|
|-weather|SunnyDay|[upkeep]
|-heal|p1a: Cinderace|83/100|[from] Grassy Terrain
|upkeep
|
|t:|1758997123
|switch|p2a: Iron Moth|Iron Moth|100/100
|turn|15
|
|t:|1758997125
|move|p1a: Cinderace|Pyro Ball|p2a: Iron Moth
|-resisted|p2a: Iron Moth
|-damage|p2a: Iron Moth|30/100
|move|p2a: Iron Moth|Overheat|p1a: Cinderace
|-resisted|p1a: Cinderace
|-damage|p1a: Cinderace|0 fnt
|-unboost|p2a: Iron Moth|spa|2
|faint|p1a: Cinderace
|
|-weather|SunnyDay|[upkeep]
|-heal|p2a: Iron Moth|36/100|[from] Grassy Terrain
|upkeep
|
|t:|1758997144
|switch|p1a: Slowking|Slowking-Galar, F|100/100
|turn|16
|
|t:|1758997149
|-end|p2a: Iron Moth|Quark Drive|[silent]
|switch|p2a: Tyranitar|Tyranitar, F, shiny|100/100
|-weather|Sandstorm|[from] ability: Sand Stream|[of] p2a: Tyranitar
|-prepare|p1a: Slowking|Chilly Reception|[premajor]
|move|p1a: Slowking|Chilly Reception|p1a: Slowking
|-weather|Snowscape
|
|t:|1758997154
|switch|p1a: Iron Crown|Iron Crown|100/100|[from] Chilly Reception
|-damage|p1a: Iron Crown|88/100|[from] Spikes
|-enditem|p1a: Iron Crown|Grassy Seed
|-boost|p1a: Iron Crown|def|1|[from] item: Grassy Seed
|
|-weather|Snowscape|[upkeep]
|-heal|p1a: Iron Crown|94/100|[from] Grassy Terrain
|upkeep
|turn|17
|
|t:|1758997158
|-terastallize|p1a: Iron Crown|Fighting
|move|p1a: Iron Crown|Agility|p1a: Iron Crown
|-boost|p1a: Iron Crown|spe|2
|move|p2a: Tyranitar|Dragon Tail|p1a: Iron Crown|[miss]
|-miss|p2a: Tyranitar|p1a: Iron Crown
|
|-weather|Snowscape|[upkeep]
|-heal|p1a: Iron Crown|100/100|[from] Grassy Terrain
|-fieldend|move: Grassy Terrain
|upkeep
|turn|18
|
|t:|1758997167
|-terastallize|p2a: Tyranitar|Ghost
|move|p1a: Iron Crown|Focus Blast|p2a: Tyranitar
|-immune|p2a: Tyranitar
|move|p2a: Tyranitar|Dragon Tail|p1a: Iron Crown
|-damage|p1a: Iron Crown|93/100
|-end|p1a: Iron Crown|Quark Drive|[silent]
|drag|p1a: Slowking|Slowking-Galar, F|100/100
|
|-weather|Snowscape|[upkeep]
|upkeep
|turn|19
|
|t:|1758997175
|move|p2a: Tyranitar|Knock Off|p1a: Slowking
|-supereffective|p1a: Slowking
|-damage|p1a: Slowking|19/100
|-enditem|p1a: Slowking|Heavy-Duty Boots|[from] move: Knock Off|[of] p2a: Tyranitar
|move|p1a: Slowking|Future Sight|p2a: Tyranitar
|-start|p1a: Slowking|move: Future Sight
|
|-weather|Snowscape|[upkeep]
|upkeep
|turn|20
|
|t:|1758997187
|move|p2a: Tyranitar|Knock Off|p1a: Slowking
|-supereffective|p1a: Slowking
|-damage|p1a: Slowking|0 fnt
|faint|p1a: Slowking
|
|-weather|none
|upkeep
|
|t:|1758997195
|switch|p1a: Iron Crown|Iron Crown, tera:Fighting|93/100
|-damage|p1a: Iron Crown|81/100|[from] Spikes
|turn|21
|
|t:|1758997206
|move|p1a: Iron Crown|Calm Mind|p1a: Iron Crown
|-boost|p1a: Iron Crown|spa|1
|-boost|p1a: Iron Crown|spd|1
|move|p2a: Tyranitar|Dragon Tail|p1a: Iron Crown
|-damage|p1a: Iron Crown|68/100
|-end|p1a: Iron Crown|Quark Drive|[silent]
|drag|p1a: Garganacl|Garganacl, F|100/100
|-damage|p1a: Garganacl|88/100|[from] Spikes
|
|-end|p2a: Tyranitar|move: Future Sight
|-damage|p2a: Tyranitar|83/100
|-heal|p1a: Garganacl|94/100|[from] item: Leftovers
|upkeep
|turn|22
|
|t:|1758997209
|switch|p1a: Iron Crown|Iron Crown, tera:Fighting|68/100
|-damage|p1a: Iron Crown|56/100|[from] Spikes
|move|p2a: Tyranitar|Knock Off|p1a: Iron Crown
|-resisted|p1a: Iron Crown
|-damage|p1a: Iron Crown|46/100
|
|upkeep
|turn|23
|
|t:|1758997213
|move|p1a: Iron Crown|Calm Mind|p1a: Iron Crown
|-boost|p1a: Iron Crown|spa|1
|-boost|p1a: Iron Crown|spd|1
|move|p2a: Tyranitar|Dragon Tail|p1a: Iron Crown
|-crit|p1a: Iron Crown
|-damage|p1a: Iron Crown|28/100
|-end|p1a: Iron Crown|Quark Drive|[silent]
|drag|p1a: Garganacl|Garganacl, F|94/100
|-damage|p1a: Garganacl|82/100|[from] Spikes
|
|-heal|p1a: Garganacl|88/100|[from] item: Leftovers
|upkeep
|turn|24
|
|t:|1758997216
|switch|p1a: Iron Crown|Iron Crown, tera:Fighting|28/100
|-damage|p1a: Iron Crown|15/100|[from] Spikes
|move|p2a: Tyranitar|Dragon Tail|p1a: Iron Crown
|-damage|p1a: Iron Crown|4/100
|-end|p1a: Iron Crown|Quark Drive|[silent]
|drag|p1a: Garganacl|Garganacl, F|88/100
|-damage|p1a: Garganacl|76/100|[from] Spikes
|
|-heal|p1a: Garganacl|82/100|[from] item: Leftovers
|upkeep
|turn|25
|
|t:|1758997220
|switch|p1a: Iron Crown|Iron Crown, tera:Fighting|4/100
|-damage|p1a: Iron Crown|0 fnt|[from] Spikes
|faint|p1a: Iron Crown
|-end|p1a: Iron Crown|Quark Drive|[silent]
|move|p2a: Tyranitar|Dragon Tail|p1: Iron Crown|[notarget]
|-fail|p2a: Tyranitar
|
|upkeep
|
|t:|1758997222
|switch|p1a: Garganacl|Garganacl, F|82/100
|-damage|p1a: Garganacl|70/100|[from] Spikes
|turn|26
|
|t:|1758997224
|move|p2a: Tyranitar|Knock Off|p1a: Garganacl
|-damage|p1a: Garganacl|41/100
|-enditem|p1a: Garganacl|Leftovers|[from] move: Knock Off|[of] p2a: Tyranitar
|move|p1a: Garganacl|Curse|p1a: Garganacl
|-unboost|p1a: Garganacl|spe|1
|-boost|p1a: Garganacl|atk|1
|-boost|p1a: Garganacl|def|1
|
|upkeep
|turn|27
|
|t:|1758997231
|switch|p2a: Staraptor|Staraptor, M|70/100
|move|p1a: Garganacl|Recover|p1a: Garganacl
|-heal|p1a: Garganacl|91/100
|
|upkeep
|turn|28
|
|t:|1758997236
|move|p2a: Staraptor|Close Combat|p1a: Garganacl
|-supereffective|p1a: Garganacl
|-damage|p1a: Garganacl|31/100
|-unboost|p2a: Staraptor|def|1
|-unboost|p2a: Staraptor|spd|1
|move|p1a: Garganacl|Recover|p1a: Garganacl
|-heal|p1a: Garganacl|81/100
|
|upkeep
|turn|29
|
|t:|1758997239
|move|p2a: Staraptor|Close Combat|p1a: Garganacl
|-supereffective|p1a: Garganacl
|-damage|p1a: Garganacl|27/100
|-unboost|p2a: Staraptor|def|1
|-unboost|p2a: Staraptor|spd|1
|move|p1a: Garganacl|Salt Cure|p2a: Staraptor
|-supereffective|p2a: Staraptor
|-damage|p2a: Staraptor|0 fnt
|faint|p2a: Staraptor
|
|upkeep
|
|t:|1758997242
|switch|p2a: Iron Moth|Iron Moth|36/100
|turn|30
|
|t:|1758997243
|move|p2a: Iron Moth|Energy Ball|p1a: Garganacl
|-supereffective|p1a: Garganacl
|-damage|p1a: Garganacl|0 fnt
|faint|p1a: Garganacl
|
|win|Neonaruto
|raw|thefourdolf's rating: 1468 &rarr; <strong>1450</strong><br />(-18 for losing)
|raw|Neonaruto's rating: 1502 &rarr; <strong>1520</strong><br />(+18 for winning)
|l|☆thefourdolf
|player|p1|
|l|‽Neonaruto
|player|p2|
