|j|☆philbob101
|j|☆TheLegendaryAries
|t:|1758953090
|gametype|singles
|player|p1|philbob101|ghetsis|1188
|player|p2|TheLegendaryAries|2|1211
|gen|9
|tier|[Gen 9] OU
|rated|
|rule|HP Percentage Mod: HP is shown in percentages
|rule|Endless Battle Clause: Forcing endless battles is banned
|rule|Species Clause: Limit one of each Pokémon
|rule|OHKO Clause: OHKO moves are banned
|rule|Evasion Items Clause: Evasion items are banned
|rule|Evasion Moves Clause: Evasion moves are banned
|rule|Evasion Abilities Clause: Evasion abilities are banned
|rule|Sleep Moves Clause: Sleep-inducing moves are banned
|clearpoke
|poke|p1|Cloyster, F|
|poke|p1|Kleavor, M|
|poke|p1|Pincurchin, F|
|poke|p1|Raichu-Alola, F|
|poke|p1|Zapdos-Galar|
|poke|p1|Magmortar, F|
|poke|p2|Iron Hands|
|poke|p2|Lokix, F|
|poke|p2|Corviknight, F|
|poke|p2|Slowking-Galar, F|
|poke|p2|Dragapult, M|
|poke|p2|Primarina, F|
|teampreview
|
|t:|1758953105
|teamsize|p1|6
|teamsize|p2|6
|start
|switch|p1a: Magmortar|Magmortar, F, shiny|100/100
|switch|p2a: Lokix|Lokix, F|100/100
|turn|1
|
|t:|1758953135
|move|p2a: Lokix|First Impression|p1a: Magmortar
|-resisted|p1a: Magmortar
|-damage|p1a: Magmortar|0 fnt
|faint|p1a: Magmortar
|
|upkeep
|
|t:|1758953140
|switch|p1a: Cloyster|Cloyster, F|100/100
|turn|2
|
|t:|1758953146
|switch|p2a: Corviknight|Corviknight, F|100/100
|-ability|p2a: Corviknight|Pressure
|move|p1a: Cloyster|Shell Smash|p1a: Cloyster
|-unboost|p1a: Cloyster|def|1
|-unboost|p1a: Cloyster|spd|1
|-boost|p1a: Cloyster|atk|2
|-boost|p1a: Cloyster|spa|2
|-boost|p1a: Cloyster|spe|2
|-enditem|p1a: Cloyster|White Herb
|-clearnegativeboost|p1a: Cloyster|[silent]
|
|upkeep
|turn|3
|
|t:|1758953163
|move|p1a: Cloyster|Icicle Spear|p2a: Corviknight
|-damage|p2a: Corviknight|87/100
|-damage|p2a: Corviknight|73/100
|-damage|p2a: Corviknight|59/100
|-damage|p2a: Corviknight|46/100
|-damage|p2a: Corviknight|31/100
|-hitcount|p2a: Corviknight|5
|move|p2a: Corviknight|Roost|p2a: Corviknight
|-heal|p2a: Corviknight|81/100
|-singleturn|p2a: Corviknight|move: Roost
|
|upkeep
|turn|4
|
|t:|1758953176
|move|p1a: Cloyster|Icicle Spear|p2a: Corviknight
|-damage|p2a: Corviknight|66/100
|-damage|p2a: Corviknight|51/100
|-damage|p2a: Corviknight|38/100
|-damage|p2a: Corviknight|24/100
|-damage|p2a: Corviknight|10/100
|-hitcount|p2a: Corviknight|5
|move|p2a: Corviknight|U-turn|p1a: Cloyster
|-damage|p1a: Cloyster|89/100
|
|t:|1758953194
|switch|p2a: Primarina|Primarina, F|100/100|[from] U-turn
|
|upkeep
|turn|5
|
|t:|1758953200
|move|p1a: Cloyster|Icicle Spear|p2a: Primarina
|-resisted|p2a: Primarina
|-damage|p2a: Primarina|86/100
|-resisted|p2a: Primarina
|-crit|p2a: Primarina
|-damage|p2a: Primarina|66/100
|-resisted|p2a: Primarina
|-damage|p2a: Primarina|53/100
|-resisted|p2a: Primarina
|-damage|p2a: Primarina|39/100
|-resisted|p2a: Primarina
|-damage|p2a: Primarina|24/100
|-hitcount|p2a: Primarina|5
|move|p2a: Primarina|Moonblast|p1a: Cloyster
|-damage|p1a: Cloyster|0 fnt
|faint|p1a: Cloyster
|
|upkeep
|
|t:|1758953204
|switch|p1a: Kleavor|Kleavor, M, shiny|100/100
|turn|6
|
|t:|1758953215
|move|p1a: Kleavor|Stone Axe|p2a: Primarina
|-damage|p2a: Primarina|0 fnt
|-sidestart|p2: TheLegendaryAries|move: Stealth Rock
|faint|p2a: Primarina
|
|upkeep
|
|t:|1758953228
|switch|p2a: Corviknight|Corviknight, F|10/100
|-damage|p2a: Corviknight|0 fnt|[from] Stealth Rock
|faint|p2a: Corviknight
|
|t:|1758953234
|switch|p2a: Dragapult|Dragapult, M|100/100
|-damage|p2a: Dragapult|88/100|[from] Stealth Rock
|turn|7
|
|t:|1758953245
|move|p2a: Dragapult|Draco Meteor|p1a: Kleavor
|-enditem|p1a: Kleavor|Focus Sash
|-damage|p1a: Kleavor|1/100
|-unboost|p2a: Dragapult|spa|2
|move|p1a: Kleavor|U-turn|p2a: Dragapult
|-resisted|p2a: Dragapult
|-damage|p2a: Dragapult|64/100
|
|t:|1758953251
|switch|p1a: Pincurchin|Pincurchin, F, shiny|100/100|[from] U-turn
|-fieldstart|move: Electric Terrain|[from] ability: Electric Surge|[of] p1a: Pincurchin
|
|upkeep
|turn|8
|
|t:|1758953260
|switch|p2a: Slowking|Slowking-Galar, F|100/100
|-damage|p2a: Slowking|88/100|[from] Stealth Rock
|move|p1a: Pincurchin|Toxic Spikes|p2a: Slowking
|-sidestart|p2: TheLegendaryAries|move: Toxic Spikes
|
|upkeep
|turn|9
|
|t:|1758953271
|move|p2a: Slowking|Sludge Bomb|p1a: Pincurchin
|-damage|p1a: Pincurchin|66/100
|move|p1a: Pincurchin|Toxic Spikes|p2a: Slowking
|-sidestart|p2: TheLegendaryAries|move: Toxic Spikes
|
|upkeep
|turn|10
|
|t:|1758953276
|move|p2a: Slowking|Sludge Bomb|p1a: Pincurchin
|-damage|p1a: Pincurchin|35/100
|move|p1a: Pincurchin|Thunder Wave|p2a: Slowking
|-status|p2a: Slowking|par
|
|upkeep
|turn|11
|
|t:|1758953282
|switch|p1a: Kleavor|Kleavor, M, shiny|1/100
|cant|p2a: Slowking|par
|
|upkeep
|turn|12
|
|t:|1758953289
|move|p1a: Kleavor|Stone Axe|p2a: Slowking
|-crit|p2a: Slowking
|-damage|p2a: Slowking|15/100 par
|move|p2a: Slowking|Sludge Bomb|p1a: Kleavor
|-resisted|p1a: Kleavor
|-damage|p1a: Kleavor|0 fnt
|faint|p1a: Kleavor
|
|upkeep
|
|t:|1758953293
|switch|p1a: Zapdos|Zapdos-Galar|100/100
|turn|13
|
|t:|1758953298
|move|p1a: Zapdos|Knock Off|p2a: Slowking
|-supereffective|p2a: Slowking
|-damage|p2a: Slowking|0 fnt
|-enditem|p2a: Slowking|Assault Vest|[from] move: Knock Off|[of] p1a: Zapdos
|faint|p2a: Slowking
|
|upkeep
|
|t:|1758953307
|switch|p2a: Dragapult|Dragapult, M|64/100
|-damage|p2a: Dragapult|52/100|[from] Stealth Rock
|-status|p2a: Dragapult|tox
|turn|14
|
|t:|1758953312
|move|p1a: Zapdos|Knock Off|p2a: Dragapult
|-supereffective|p2a: Dragapult
|-damage|p2a: Dragapult|0 fnt
|-enditem|p2a: Dragapult|Choice Specs|[from] move: Knock Off|[of] p1a: Zapdos
|faint|p2a: Dragapult
|
|-fieldend|move: Electric Terrain
|upkeep
|
|t:|1758953320
|switch|p2a: Iron Hands|Iron Hands|100/100
|-damage|p2a: Iron Hands|94/100|[from] Stealth Rock
|-status|p2a: Iron Hands|tox
|-enditem|p2a: Iron Hands|Booster Energy
|-activate|p2a: Iron Hands|ability: Quark Drive|[fromitem]
|-start|p2a: Iron Hands|quarkdrivedef
|turn|15
|
|t:|1758953339
|move|p1a: Zapdos|Knock Off|p2a: Iron Hands
|-resisted|p2a: Iron Hands
|-damage|p2a: Iron Hands|90/100 tox
|move|p2a: Iron Hands|Play Rough|p1a: Zapdos
|-supereffective|p1a: Zapdos
|-damage|p1a: Zapdos|28/100
|
|-damage|p2a: Iron Hands|84/100 tox|[from] psn
|upkeep
|turn|16
|
|t:|1758953348
|switch|p1a: Pincurchin|Pincurchin, F, shiny|35/100
|-fieldstart|move: Electric Terrain|[from] ability: Electric Surge|[of] p1a: Pincurchin
|move|p2a: Iron Hands|Body Press|p1a: Pincurchin
|-damage|p1a: Pincurchin|0 fnt
|faint|p1a: Pincurchin
|
|-damage|p2a: Iron Hands|72/100 tox|[from] psn
|upkeep
|
|t:|1758953350
|switch|p1a: Raichu|Raichu-Alola, F|100/100
|turn|17
|
|t:|1758953365
|-terastallize|p1a: Raichu|Grass
|move|p1a: Raichu|Psyshock|p2a: Iron Hands
|-supereffective|p2a: Iron Hands
|-damage|p2a: Iron Hands|47/100 tox
|move|p2a: Iron Hands|Earthquake|p1a: Raichu
|-resisted|p1a: Raichu
|-damage|p1a: Raichu|62/100
|
|-damage|p2a: Iron Hands|29/100 tox|[from] psn
|upkeep
|turn|18
|
|t:|1758953378
|move|p1a: Raichu|Thunderbolt|p2a: Iron Hands
|-resisted|p2a: Iron Hands
|-damage|p2a: Iron Hands|5/100 tox
|move|p2a: Iron Hands|Body Press|p1a: Raichu
|-damage|p1a: Raichu|0 fnt
|faint|p1a: Raichu
|
|-damage|p2a: Iron Hands|0 fnt|[from] psn
|faint|p2a: Iron Hands
|-end|p2a: Iron Hands|Quark Drive|[silent]
|upkeep
|l|☆philbob101
|player|p1|
|
|t:|1758953387
|switch|p1a: Zapdos|Zapdos-Galar|28/100
|switch|p2a: Lokix|Lokix, F|100/100
|-damage|p2a: Lokix|75/100|[from] Stealth Rock
|-status|p2a: Lokix|tox
|turn|19
|inactive|Battle timer is ON: inactive players will automatically lose when time's up. (requested by TheLegendaryAries)
|inactive|philbob101 has 30 seconds to reconnect!
|inactive|philbob101 has 20 seconds to reconnect!
|inactive|philbob101 has 15 seconds to reconnect!
|inactive|philbob101 has 10 seconds to reconnect!
|inactive|philbob101 has 5 seconds to reconnect!
|-message|philbob101 lost due to inactivity.
|
|win|TheLegendaryAries
|raw|philbob101's rating: 1188 &rarr; <strong>1165</strong><br />(-23 for losing)
|raw|TheLegendaryAries's rating: 1211 &rarr; <strong>1234</strong><br />(+23 for winning)
|l|☆TheLegendaryAries
|player|p2|
