|j|☆kingCR0C
|j|☆thenameofafish
|t:|1759072527
|gametype|singles
|player|p1|kingCR0C|101|1320
|player|p2|thenameofafish|policeman-gen4|1330
|gen|9
|tier|[Gen 9] OU
|rated|
|rule|HP Percentage Mod: HP is shown in percentages
|rule|Endless Battle Clause: Forcing endless battles is banned
|rule|Species Clause: Limit one of each Pokémon
|rule|OHKO Clause: OHKO moves are banned
|rule|Evasion Items Clause: Evasion items are banned
|rule|Evasion Moves Clause: Evasion moves are banned
|rule|Evasion Abilities Clause: Evasion abilities are banned
|rule|Sleep Moves Clause: Sleep-inducing moves are banned
|clearpoke
|poke|p1|Quaquaval, F|
|poke|p1|Hoopa-Unbound|
|poke|p1|Houndstone, F|
|poke|p1|Kommo-o, F|
|poke|p1|Deoxys-Speed|
|poke|p1|Mandibuzz, F|
|poke|p2|Hatterene, F|
|poke|p2|Torkoal, M|
|poke|p2|Corviknight, M|
|poke|p2|Ursaluna, M|
|poke|p2|Deoxys-Defense|
|poke|p2|Reuniclus, F|
|teampreview
|
|t:|1759072537
|teamsize|p1|6
|teamsize|p2|6
|start
|switch|p1a: Go to sleeEEeEep|Houndstone, F|100/100
|switch|p2a: Deoxys|Deoxys-Defense|100/100
|-ability|p2a: Deoxys|Pressure
|turn|1
|
|t:|1759072543
|move|p1a: Go to sleeEEeEep|Poltergeist|p2a: Deoxys
|-activate|p2a: Deoxys|move: Poltergeist|Leftovers
|-supereffective|p2a: Deoxys
|-damage|p2a: Deoxys|19/100
|move|p2a: Deoxys|Trick Room|p2a: Deoxys
|-fieldstart|move: Trick Room|[of] p2a: Deoxys
|
|-heal|p2a: Deoxys|25/100|[from] item: Leftovers
|upkeep
|turn|2
|inactive|Battle timer is ON: inactive players will automatically lose when time's up. (requested by kingCR0C)
|
|t:|1759072549
|move|p1a: Go to sleeEEeEep|Shadow Sneak|p2a: Deoxys
|-supereffective|p2a: Deoxys
|-damage|p2a: Deoxys|0 fnt
|faint|p2a: Deoxys
|
|upkeep
|
|t:|1759072558
|switch|p2a: no rocks|Torkoal, M|100/100
|-weather|SunnyDay|[from] ability: Drought|[of] p2a: no rocks
|turn|3
|
|t:|1759072567
|switch|p1a: Mandibuzz|Mandibuzz, F|100/100
|-terastallize|p2a: no rocks|Fire
|move|p2a: no rocks|Eruption|p1a: Mandibuzz
|-damage|p1a: Mandibuzz|0 fnt
|faint|p1a: Mandibuzz
|
|-weather|SunnyDay|[upkeep]
|upkeep
|
|t:|1759072573
|switch|p1a: Bombardinigosini|Quaquaval, F|100/100
|turn|4
|
|t:|1759072574
|move|p2a: no rocks|Eruption|p1a: Bombardinigosini
|-resisted|p1a: Bombardinigosini
|-damage|p1a: Bombardinigosini|12/100
|move|p1a: Bombardinigosini|Aqua Step|p2a: no rocks
|-supereffective|p2a: no rocks
|-damage|p2a: no rocks|69/100
|-boost|p1a: Bombardinigosini|spe|1
|
|-weather|SunnyDay|[upkeep]
|upkeep
|turn|5
|
|t:|1759072579
|move|p2a: no rocks|Eruption|p1a: Bombardinigosini
|-resisted|p1a: Bombardinigosini
|-damage|p1a: Bombardinigosini|0 fnt
|faint|p1a: Bombardinigosini
|
|-weather|SunnyDay|[upkeep]
|-fieldend|move: Trick Room
|upkeep
|
|t:|1759072583
|switch|p1a: Invincible|Kommo-o, F|100/100
|turn|6
|
|t:|1759072585
|switch|p2a: Hatterene|Hatterene, F|100/100
|move|p1a: Invincible|Clangorous Soul|p1a: Invincible
|-boost|p1a: Invincible|atk|1
|-boost|p1a: Invincible|def|1
|-boost|p1a: Invincible|spa|1
|-boost|p1a: Invincible|spd|1
|-boost|p1a: Invincible|spe|1
|-damage|p1a: Invincible|68/100
|
|-weather|SunnyDay|[upkeep]
|-heal|p1a: Invincible|74/100|[from] item: Leftovers
|upkeep
|turn|7
|
|t:|1759072588
|-terastallize|p1a: Invincible|Steel
|move|p1a: Invincible|Iron Head|p2a: Hatterene
|-supereffective|p2a: Hatterene
|-damage|p2a: Hatterene|0 fnt
|faint|p2a: Hatterene
|
|-weather|none
|-heal|p1a: Invincible|80/100|[from] item: Leftovers
|upkeep
|
|t:|1759072591
|switch|p2a: Reuniclus|Reuniclus, F|100/100
|turn|8
|
|t:|1759072594
|move|p1a: Invincible|Iron Head|p2a: Reuniclus
|-damage|p2a: Reuniclus|35/100
|move|p2a: Reuniclus|Trick Room|p2a: Reuniclus
|-fieldstart|move: Trick Room|[of] p2a: Reuniclus
|
|-heal|p1a: Invincible|86/100|[from] item: Leftovers
|upkeep
|turn|9
|
|t:|1759072602
|switch|p2a: nuclear bear|Ursaluna, M|100/100
|move|p1a: Invincible|Iron Head|p2a: nuclear bear
|-damage|p2a: nuclear bear|58/100
|
|-heal|p1a: Invincible|92/100|[from] item: Leftovers
|-status|p2a: nuclear bear|brn|[from] item: Flame Orb
|upkeep
|turn|10
|
|t:|1759072606
|move|p2a: nuclear bear|Headlong Rush|p1a: Invincible
|-supereffective|p1a: Invincible
|-damage|p1a: Invincible|0 fnt
|-unboost|p2a: nuclear bear|def|1
|-unboost|p2a: nuclear bear|spd|1
|faint|p1a: Invincible
|
|-damage|p2a: nuclear bear|52/100 brn|[from] brn
|upkeep
|
|t:|1759072609
|switch|p1a: Go to sleeEEeEep|Houndstone, F|100/100
|turn|11
|
|t:|1759072611
|move|p2a: nuclear bear|Throat Chop|p1a: Go to sleeEEeEep
|-supereffective|p1a: Go to sleeEEeEep
|-damage|p1a: Go to sleeEEeEep|52/100
|-start|p1a: Go to sleeEEeEep|Throat Chop|[silent]
|cant|p1a: Go to sleeEEeEep|move: Throat Chop
|
|-heal|p1a: Go to sleeEEeEep|58/100|[from] item: Leftovers
|-damage|p2a: nuclear bear|46/100 brn|[from] brn
|upkeep
|turn|12
|
|t:|1759072617
|switch|p2a: no rocks|Torkoal, M, tera:Fire|69/100
|-weather|SunnyDay|[from] ability: Drought|[of] p2a: no rocks
|move|p1a: Go to sleeEEeEep|Play Rough|p2a: no rocks
|-resisted|p2a: no rocks
|-damage|p2a: no rocks|58/100
|
|-weather|SunnyDay|[upkeep]
|-heal|p1a: Go to sleeEEeEep|64/100|[from] item: Leftovers
|-end|p1a: Go to sleeEEeEep|Throat Chop|[silent]
|-fieldend|move: Trick Room
|upkeep
|turn|13
|
|t:|1759072626
|move|p1a: Go to sleeEEeEep|Shadow Sneak|p2a: no rocks
|-damage|p2a: no rocks|43/100
|move|p2a: no rocks|Overheat|p1a: Go to sleeEEeEep
|-damage|p1a: Go to sleeEEeEep|0 fnt
|-unboost|p2a: no rocks|spa|2
|faint|p1a: Go to sleeEEeEep
|
|-weather|SunnyDay|[upkeep]
|upkeep
|
|t:|1759072630
|switch|p1a: Deoxys cringe|Deoxys-Speed|100/100
|-ability|p1a: Deoxys cringe|Pressure
|turn|14
|
|t:|1759072633
|switch|p2a: Corviknight|Corviknight, M|100/100
|-ability|p2a: Corviknight|Pressure
|move|p1a: Deoxys cringe|Thunderbolt|p2a: Corviknight
|-supereffective|p2a: Corviknight
|-damage|p2a: Corviknight|20/100
|
|-weather|SunnyDay|[upkeep]
|upkeep
|turn|15
|
|t:|1759072636
|move|p1a: Deoxys cringe|Thunderbolt|p2a: Corviknight
|-supereffective|p2a: Corviknight
|-damage|p2a: Corviknight|0 fnt
|faint|p2a: Corviknight
|
|-weather|SunnyDay|[upkeep]
|upkeep
|
|t:|1759072637
|switch|p2a: nuclear bear|Ursaluna, M|46/100 brn
|turn|16
|
|t:|1759072640
|switch|p2a: Reuniclus|Reuniclus, F|35/100
|move|p1a: Deoxys cringe|Thunderbolt|p2a: Reuniclus
|-damage|p2a: Reuniclus|0 fnt
|faint|p2a: Reuniclus
|
|-weather|none
|upkeep
|
|t:|1759072645
|switch|p2a: nuclear bear|Ursaluna, M|46/100 brn
|turn|17
|
|t:|1759072648
|move|p1a: Deoxys cringe|Thunderbolt|p2a: nuclear bear
|-immune|p2a: nuclear bear
|move|p2a: nuclear bear|Facade|p1a: Deoxys cringe
|-damage|p1a: Deoxys cringe|0 fnt
|faint|p1a: Deoxys cringe
|
|-damage|p2a: nuclear bear|40/100 brn|[from] brn
|upkeep
|
|t:|1759072649
|switch|p1a: Frank lebœuf|Hoopa-Unbound|100/100
|turn|18
|
|t:|1759072652
|move|p1a: Frank lebœuf|Drain Punch|p2a: nuclear bear
|-supereffective|p2a: nuclear bear
|-damage|p2a: nuclear bear|6/100 brn
|move|p2a: nuclear bear|Facade|p1a: Frank lebœuf
|-damage|p1a: Frank lebœuf|0 fnt
|faint|p1a: Frank lebœuf
|
|win|thenameofafish
|raw|kingCR0C's rating: 1320 &rarr; <strong>1301</strong><br />(-19 for losing)
|raw|thenameofafish's rating: 1330 &rarr; <strong>1349</strong><br />(+19 for winning)
|l|☆kingCR0C
|player|p1|
|l|☆thenameofafish
|player|p2|
