|badge|p2|silver|gen9ou|30-6
|html|<div class="broadcast-red"><strong>This battle is required to be public due to one or more player having a season medal.</strong><br />During the public phase, you can discuss the state of the ladder <a href="/seasondiscussion">in a special chatroom.</a></div>
|uhtml|medal-msg|<div class="broadcast-blue">Curious what those medals under the avatar are? PS now has Ladder Seasons! For more information, check out the <a href="https://www.smogon.com/forums/threads/3740067/">thread on Smogon.</a></div>
|raw|<div class="broadcast-blue"><strong>This battle is required to be public due to a player having a name starting with 'medal'.</div>
|j|☆sidechicked
|j|☆Almighty Sa'
|t:|1759046329
|gametype|singles
|player|p1|sidechicked|nate|1763
|player|p2|Almighty Sa'|ethan|1925
|gen|9
|tier|[Gen 9] OU
|rated|
|rule|HP Percentage Mod: HP is shown in percentages
|rule|Endless Battle Clause: Forcing endless battles is banned
|rule|Species Clause: Limit one of each Pokémon
|rule|OHKO Clause: OHKO moves are banned
|rule|Evasion Items Clause: Evasion items are banned
|rule|Evasion Moves Clause: Evasion moves are banned
|rule|Evasion Abilities Clause: Evasion abilities are banned
|rule|Sleep Moves Clause: Sleep-inducing moves are banned
|clearpoke
|poke|p1|Great Tusk|
|poke|p1|Kingambit, M|
|poke|p1|Raging Bolt|
|poke|p1|Walking Wake|
|poke|p1|Ninetales, F|
|poke|p1|Ceruledge, F|
|poke|p2|Hoopa-Unbound|
|poke|p2|Zamazenta-*|
|poke|p2|Iron Moth|
|poke|p2|Hatterene, F|
|poke|p2|Iron Treads|
|poke|p2|Dragonite, M|
|teampreview
|inactive|Battle timer is ON: inactive players will automatically lose when time's up. (requested by sidechicked)
|inactive|Almighty Sa' has 120 seconds left.
|inactive|sidechicked has 120 seconds left.
|j| amimec
|j| Samurajen
|
|t:|1759046385
|teamsize|p1|6
|teamsize|p2|6
|start
|switch|p1a: Ninetales|Ninetales, F|100/100
|switch|p2a: Hoopa|Hoopa-Unbound|100/100
|-weather|SunnyDay|[from] ability: Drought|[of] p1a: Ninetales
|turn|1
|j| alligator1673
|
|t:|1759046397
|switch|p1a: Great Tusk|Great Tusk|100/100
|-activate|p1a: Great Tusk|ability: Protosynthesis
|-start|p1a: Great Tusk|protosynthesisatk
|move|p2a: Hoopa|Knock Off|p1a: Great Tusk
|-resisted|p1a: Great Tusk
|-damage|p1a: Great Tusk|81/100
|-enditem|p1a: Great Tusk|Assault Vest|[from] move: Knock Off|[of] p2a: Hoopa
|
|-weather|SunnyDay|[upkeep]
|upkeep
|turn|2
|
|t:|1759046403
|switch|p2a: Dragonite|Dragonite, M|100/100
|move|p1a: Great Tusk|Headlong Rush|p2a: Dragonite
|-immune|p2a: Dragonite
|
|-weather|SunnyDay|[upkeep]
|upkeep
|turn|3
|
|t:|1759046407
|switch|p2a: Hatterene|Hatterene, F|100/100
|move|p1a: Great Tusk|Ice Spinner|p2a: Hatterene
|-damage|p2a: Hatterene|65/100
|-damage|p1a: Great Tusk|64/100|[from] item: Rocky Helmet|[of] p2a: Hatterene
|
|-weather|SunnyDay|[upkeep]
|upkeep
|turn|4
|
|t:|1759046417
|switch|p2a: Dragonite|Dragonite, M|100/100
|move|p1a: Great Tusk|Headlong Rush|p2a: Dragonite
|-immune|p2a: Dragonite
|
|-weather|SunnyDay|[upkeep]
|upkeep
|turn|5
|
|t:|1759046427
|switch|p2a: Hatterene|Hatterene, F|65/100
|-end|p1a: Great Tusk|Protosynthesis|[silent]
|switch|p1a: Walking Wake|Walking Wake|100/100
|-activate|p1a: Walking Wake|ability: Protosynthesis
|-start|p1a: Walking Wake|protosynthesisspe
|
|-weather|SunnyDay|[upkeep]
|upkeep
|turn|6
|j| heatraniac
|
|t:|1759046454
|move|p1a: Walking Wake|Hydro Steam|p2a: Hatterene
|-damage|p2a: Hatterene|0 fnt
|faint|p2a: Hatterene
|
|-weather|SunnyDay|[upkeep]
|upkeep
|
|t:|1759046463
|switch|p2a: Iron Moth|Iron Moth|100/100
|-enditem|p2a: Iron Moth|Booster Energy
|-activate|p2a: Iron Moth|ability: Quark Drive|[fromitem]
|-start|p2a: Iron Moth|quarkdrivespe
|turn|7
|
|t:|1759046466
|move|p2a: Iron Moth|Toxic Spikes|p1a: Walking Wake
|-sidestart|p1: sidechicked|move: Toxic Spikes
|move|p1a: Walking Wake|Hydro Steam|p2a: Iron Moth
|-supereffective|p2a: Iron Moth
|-damage|p2a: Iron Moth|0 fnt
|faint|p2a: Iron Moth
|-end|p2a: Iron Moth|Quark Drive|[silent]
|
|-weather|SunnyDay|[upkeep]
|upkeep
|
|t:|1759046481
|switch|p2a: Dragonite|Dragonite, M|100/100
|turn|8
|l| alligator1673
|inactive|sidechicked has 120 seconds left.
|inactive|sidechicked has 90 seconds left.
|
|t:|1759046547
|-end|p1a: Walking Wake|Protosynthesis|[silent]
|switch|p1a: Kingambit|Kingambit, M|100/100
|-item|p1a: Kingambit|Air Balloon
|move|p2a: Dragonite|Dragon Dance|p2a: Dragonite
|-boost|p2a: Dragonite|atk|1
|-boost|p2a: Dragonite|spe|1
|
|-weather|none
|upkeep
|turn|9
|inactive|sidechicked has 90 seconds left.
|j| Crogenius2
|
|t:|1759046556
|-end|p1a: Kingambit|fallenundefined|[silent]
|switch|p1a: Ninetales|Ninetales, F|100/100
|-status|p1a: Ninetales|psn
|-weather|SunnyDay|[from] ability: Drought|[of] p1a: Ninetales
|move|p2a: Dragonite|Dragon Claw|p1a: Ninetales
|-damage|p1a: Ninetales|0 fnt
|faint|p1a: Ninetales
|
|-weather|SunnyDay|[upkeep]
|upkeep
|inactive|sidechicked has 90 seconds left.
|
|t:|1759046572
|switch|p1a: Great Tusk|Great Tusk|64/100
|-status|p1a: Great Tusk|psn
|-activate|p1a: Great Tusk|ability: Protosynthesis
|-start|p1a: Great Tusk|protosynthesisatk
|turn|10
|j| tapu moxo
|
|t:|1759046578
|-terastallize|p2a: Dragonite|Normal
|move|p2a: Dragonite|Extreme Speed|p1a: Great Tusk
|-damage|p1a: Great Tusk|7/100 psn
|move|p1a: Great Tusk|Rapid Spin|p2a: Dragonite
|-damage|p2a: Dragonite|86/100
|-boost|p1a: Great Tusk|spe|1
|-sideend|p1: sidechicked|Toxic Spikes|[from] move: Rapid Spin|[of] p1a: Great Tusk
|
|-weather|SunnyDay|[upkeep]
|-damage|p1a: Great Tusk|0 fnt|[from] psn
|faint|p1a: Great Tusk
|-end|p1a: Great Tusk|Protosynthesis|[silent]
|upkeep
|inactive|sidechicked has 90 seconds left.
|c|☆Almighty Sa'|hm
|
|t:|1759046609
|switch|p1a: Kingambit|Kingambit, M|100/100
|-activate|p1a: Kingambit|ability: Supreme Overlord
|-start|p1a: Kingambit|fallen2|[silent]
|-item|p1a: Kingambit|Air Balloon
|turn|11
|
|t:|1759046616
|move|p2a: Dragonite|Extreme Speed|p1a: Kingambit
|-resisted|p1a: Kingambit
|-damage|p1a: Kingambit|67/100
|-enditem|p1a: Kingambit|Air Balloon
|move|p1a: Kingambit|Low Kick|p2a: Dragonite
|-supereffective|p2a: Dragonite
|-damage|p2a: Dragonite|0 fnt
|faint|p2a: Dragonite
|
|-weather|SunnyDay|[upkeep]
|upkeep
|
|t:|1759046625
|switch|p2a: Iron Treads|Iron Treads|100/100
|turn|12
|
|t:|1759046630
|-end|p1a: Kingambit|fallen2|[silent]
|switch|p1a: Walking Wake|Walking Wake|100/100
|-activate|p1a: Walking Wake|ability: Protosynthesis
|-start|p1a: Walking Wake|protosynthesisspe
|move|p2a: Iron Treads|Stealth Rock|p1a: Walking Wake
|-sidestart|p1: sidechicked|move: Stealth Rock
|
|-weather|SunnyDay|[upkeep]
|upkeep
|turn|13
|inactive|sidechicked has 90 seconds left.
|
|t:|1759046655
|move|p1a: Walking Wake|Flip Turn|p2a: Iron Treads
|-supereffective|p2a: Iron Treads
|-damage|p2a: Iron Treads|86/100
|inactive|sidechicked has 90 seconds left.
|
|t:|1759046662
|-end|p1a: Walking Wake|Protosynthesis|[silent]
|switch|p1a: Raging Bolt|Raging Bolt|100/100|[from] Flip Turn
|-damage|p1a: Raging Bolt|88/100|[from] Stealth Rock
|-activate|p1a: Raging Bolt|ability: Protosynthesis
|-start|p1a: Raging Bolt|protosynthesisspa
|move|p2a: Iron Treads|Earthquake|p1a: Raging Bolt
|-supereffective|p1a: Raging Bolt
|-damage|p1a: Raging Bolt|2/100
|
|-weather|SunnyDay|[upkeep]
|-heal|p2a: Iron Treads|92/100|[from] item: Leftovers
|upkeep
|turn|14
|
|t:|1759046666
|move|p2a: Iron Treads|Rapid Spin|p1a: Raging Bolt
|-damage|p1a: Raging Bolt|0 fnt
|-boost|p2a: Iron Treads|spe|1
|faint|p1a: Raging Bolt
|-end|p1a: Raging Bolt|Protosynthesis|[silent]
|
|-weather|SunnyDay|[upkeep]
|-heal|p2a: Iron Treads|98/100|[from] item: Leftovers
|upkeep
|
|t:|1759046669
|switch|p1a: Walking Wake|Walking Wake|100/100
|-damage|p1a: Walking Wake|88/100|[from] Stealth Rock
|-activate|p1a: Walking Wake|ability: Protosynthesis
|-start|p1a: Walking Wake|protosynthesisspe
|turn|15
|j| astolfo cesar
|l| astolfo cesar
|inactive|Almighty Sa' has 120 seconds left.
|
|t:|1759046722
|-end|p2a: Iron Treads|Quark Drive|[silent]
|switch|p2a: Hoopa|Hoopa-Unbound|100/100
|move|p1a: Walking Wake|Hydro Steam|p2a: Hoopa
|-damage|p2a: Hoopa|38/100
|
|-weather|SunnyDay|[upkeep]
|upkeep
|turn|16
|inactive|sidechicked has 120 seconds left.
|
|t:|1759046735
|switch|p2a: Iron Treads|Iron Treads|98/100
|move|p1a: Walking Wake|Hydro Steam|p2a: Iron Treads
|-supereffective|p2a: Iron Treads
|-damage|p2a: Iron Treads|0 fnt
|faint|p2a: Iron Treads
|-end|p2a: Iron Treads|Quark Drive|[silent]
|
|-weather|none
|-end|p1a: Walking Wake|Protosynthesis
|upkeep
|
|t:|1759046736
|switch|p2a: Hoopa|Hoopa-Unbound|38/100
|turn|17
|
|t:|1759046745
|move|p2a: Hoopa|Knock Off|p1a: Walking Wake
|-damage|p1a: Walking Wake|21/100
|-enditem|p1a: Walking Wake|Wise Glasses|[from] move: Knock Off|[of] p2a: Hoopa
|move|p1a: Walking Wake|Draco Meteor|p2a: Hoopa|[miss]
|-miss|p1a: Walking Wake|p2a: Hoopa
|
|upkeep
|turn|18
|inactive|Almighty Sa' has 120 seconds left.
|
|t:|1759046753
|move|p2a: Hoopa|Knock Off|p1a: Walking Wake
|-damage|p1a: Walking Wake|0 fnt
|faint|p1a: Walking Wake
|-end|p1a: Walking Wake|Protosynthesis|[silent]
|
|upkeep
|
|t:|1759046763
|switch|p1a: Kingambit|Kingambit, M|67/100
|-damage|p1a: Kingambit|61/100|[from] Stealth Rock
|-activate|p1a: Kingambit|ability: Supreme Overlord
|-start|p1a: Kingambit|fallen4|[silent]
|turn|19
|
|t:|1759046776
|switch|p2a: Zamasu|Zamazenta|100/100
|-ability|p2a: Zamasu|Dauntless Shield|boost
|-boost|p2a: Zamasu|def|1
|move|p1a: Kingambit|Swords Dance|p1a: Kingambit
|-boost|p1a: Kingambit|atk|2
|
|upkeep
|turn|20
|l| heatraniac
|inactive|sidechicked has 120 seconds left.
|
|t:|1759046800
|switch|p2a: Hoopa|Hoopa-Unbound|38/100
|-terastallize|p1a: Kingambit|Ghost
|move|p1a: Kingambit|Low Kick|p2a: Hoopa
|-damage|p2a: Hoopa|0 fnt
|faint|p2a: Hoopa
|
|upkeep
|
|t:|1759046803
|switch|p2a: Zamasu|Zamazenta|100/100
|turn|21
|
|t:|1759046806
|move|p2a: Zamasu|Crunch|p1a: Kingambit
|-supereffective|p1a: Kingambit
|-damage|p1a: Kingambit|14/100
|move|p1a: Kingambit|Low Kick|p2a: Zamasu
|-damage|p2a: Zamasu|0 fnt
|faint|p2a: Zamasu
|
|win|sidechicked
|raw|sidechicked's rating: 1763 &rarr; <strong>1792</strong><br />(+29 for winning)
|raw|Almighty Sa&apos;'s rating: 1925 &rarr; <strong>1896</strong><br />(-29 for losing)
|l|☆Almighty Sa'
|player|p2|
|l| Crogenius2
|c|☆sidechicked|gg
