|j|☆blow trees
|j|☆AnonymousJon
|t:|1759012051
|gametype|singles
|player|p1|blow trees|unknownf|1615
|player|p2|AnonymousJon|workerice|1684
|gen|9
|tier|[Gen 9] OU
|rated|
|rule|HP Percentage Mod: HP is shown in percentages
|rule|Endless Battle Clause: Forcing endless battles is banned
|rule|Species Clause: Limit one of each Pokémon
|rule|OHKO Clause: OHKO moves are banned
|rule|Evasion Items Clause: Evasion items are banned
|rule|Evasion Moves Clause: Evasion moves are banned
|rule|Evasion Abilities Clause: Evasion abilities are banned
|rule|Sleep Moves Clause: Sleep-inducing moves are banned
|clearpoke
|poke|p1|Enamorus, F|
|poke|p1|Great Tusk|
|poke|p1|Raging Bolt|
|poke|p1|Samurott-Hisui, M|
|poke|p1|Scizor, M|
|poke|p1|Slowking-Galar, M|
|poke|p2|Great Tusk|
|poke|p2|Ogerpon-Cornerstone, F|
|poke|p2|Rillaboom, F|
|poke|p2|Tyranitar, M|
|poke|p2|Corviknight, M|
|poke|p2|Dragapult, F|
|teampreview
|inactive|Battle timer is ON: inactive players will automatically lose when time's up. (requested by AnonymousJon)
|
|t:|1759012068
|teamsize|p1|6
|teamsize|p2|6
|start
|switch|p1a: Scizor|Scizor, M, shiny|100/100
|switch|p2a: Dragapult|Dragapult, F|100/100
|turn|1
|
|t:|1759012090
|switch|p1a: Slowking|Slowking-Galar, M|100/100
|move|p2a: Dragapult|Will-O-Wisp|p1a: Slowking
|-status|p1a: Slowking|brn
|
|-damage|p1a: Slowking|94/100 brn|[from] brn
|upkeep
|turn|2
|
|t:|1759012100
|move|p2a: Dragapult|Substitute|p2a: Dragapult
|-start|p2a: Dragapult|Substitute
|-damage|p2a: Dragapult|76/100
|move|p1a: Slowking|Ice Beam|p2a: Dragapult
|-supereffective|p2a: Dragapult
|-end|p2a: Dragapult|Substitute
|
|-heal|p2a: Dragapult|82/100|[from] item: Leftovers
|-damage|p1a: Slowking|88/100 brn|[from] brn
|upkeep
|turn|3
|
|t:|1759012107
|switch|p1a: Enamorus|Enamorus, F|100/100
|move|p2a: Dragapult|Substitute|p2a: Dragapult
|-start|p2a: Dragapult|Substitute
|-damage|p2a: Dragapult|57/100
|
|-heal|p2a: Dragapult|63/100|[from] item: Leftovers
|upkeep
|turn|4
|
|t:|1759012115
|move|p1a: Enamorus|Moonblast|p2a: Dragapult
|-supereffective|p2a: Dragapult
|-end|p2a: Dragapult|Substitute
|move|p2a: Dragapult|Will-O-Wisp|p1a: Enamorus
|-status|p1a: Enamorus|brn
|
|-heal|p2a: Dragapult|69/100|[from] item: Leftovers
|-damage|p1a: Enamorus|94/100 brn|[from] brn
|upkeep
|turn|5
|
|t:|1759012121
|switch|p1a: Raging Bolt|Raging Bolt|100/100
|switch|p2a: Corviknight|Corviknight, M|100/100
|-ability|p2a: Corviknight|Pressure
|
|upkeep
|turn|6
|
|t:|1759012128
|switch|p2a: Great Tusk|Great Tusk|100/100
|move|p1a: Raging Bolt|Draco Meteor|p2a: Great Tusk
|-damage|p2a: Great Tusk|26/100
|-unboost|p1a: Raging Bolt|spa|2
|
|upkeep
|turn|7
|inactive|blow trees has 120 seconds left.
|c|☆blow trees|bruh
|c|☆blow trees|74
|j| Nikator98
|
|t:|1759012186
|-end|p2a: Great Tusk|Protosynthesis|[silent]
|switch|p2a: Tyranitar|Tyranitar, M|100/100
|-weather|Sandstorm|[from] ability: Sand Stream|[of] p2a: Tyranitar
|-end|p1a: Raging Bolt|Protosynthesis|[silent]
|switch|p1a: Great Tusk|Great Tusk, shiny|100/100
|
|-weather|Sandstorm|[upkeep]
|upkeep
|turn|8
|l| Nikator98
|
|t:|1759012195
|switch|p2a: Corviknight|Corviknight, M|100/100
|-ability|p2a: Corviknight|Pressure
|move|p1a: Great Tusk|Headlong Rush|p2a: Corviknight
|-immune|p2a: Corviknight
|
|-weather|Sandstorm|[upkeep]
|upkeep
|turn|9
|
|t:|1759012204
|move|p1a: Great Tusk|Stealth Rock|p2a: Corviknight
|-sidestart|p2: AnonymousJon|move: Stealth Rock
|move|p2a: Corviknight|Brave Bird|p1a: Great Tusk
|-supereffective|p1a: Great Tusk
|-damage|p1a: Great Tusk|46/100
|-damage|p2a: Corviknight|84/100|[from] item: Rocky Helmet|[of] p1a: Great Tusk
|-damage|p2a: Corviknight|67/100|[from] Recoil
|
|-weather|Sandstorm|[upkeep]
|upkeep
|turn|10
|
|t:|1759012218
|-end|p1a: Great Tusk|Protosynthesis|[silent]
|switch|p1a: Enamorus|Enamorus, F|94/100 brn
|move|p2a: Corviknight|U-turn|p1a: Enamorus
|-resisted|p1a: Enamorus
|-crit|p1a: Enamorus
|-damage|p1a: Enamorus|86/100 brn
|
|t:|1759012223
|switch|p2a: Ogerpon|Ogerpon-Cornerstone, F|100/100|[from] U-turn
|-damage|p2a: Ogerpon|88/100|[from] Stealth Rock
|
|-weather|Sandstorm|[upkeep]
|-damage|p1a: Enamorus|79/100 brn|[from] Sandstorm
|-damage|p1a: Enamorus|73/100 brn|[from] brn
|upkeep
|turn|11
|inactive|blow trees has 120 seconds left.
|j| Lamp0821
|
|t:|1759012244
|switch|p1a: Scizor|Scizor, M, shiny|100/100
|move|p2a: Ogerpon|Ivy Cudgel|p1a: Scizor|[anim] Ivy Cudgel Rock
|-damage|p1a: Scizor|37/100
|
|-weather|none
|upkeep
|turn|12
|l| Lamp0821
|
|t:|1759012252
|switch|p2a: Corviknight|Corviknight, M|67/100
|-damage|p2a: Corviknight|55/100|[from] Stealth Rock
|-ability|p2a: Corviknight|Pressure
|move|p1a: Scizor|Knock Off|p2a: Corviknight
|-damage|p2a: Corviknight|20/100
|-damage|p1a: Scizor|21/100|[from] item: Rocky Helmet|[of] p2a: Corviknight
|-enditem|p2a: Corviknight|Rocky Helmet|[from] move: Knock Off|[of] p1a: Scizor
|
|upkeep
|turn|13
|
|t:|1759012255
|move|p1a: Scizor|Knock Off|p2a: Corviknight
|-damage|p2a: Corviknight|0 fnt
|faint|p2a: Corviknight
|
|upkeep
|
|t:|1759012262
|switch|p2a: Tyranitar|Tyranitar, M|100/100
|-damage|p2a: Tyranitar|88/100|[from] Stealth Rock
|-weather|Sandstorm|[from] ability: Sand Stream|[of] p2a: Tyranitar
|turn|14
|inactive|blow trees has 120 seconds left.
|
|t:|1759012277
|switch|p1a: Great Tusk|Great Tusk, shiny|46/100
|move|p2a: Tyranitar|Stealth Rock|p1a: Great Tusk
|-sidestart|p1: blow trees|move: Stealth Rock
|
|-weather|Sandstorm|[upkeep]
|-heal|p2a: Tyranitar|94/100|[from] item: Leftovers
|upkeep
|turn|15
|
|t:|1759012280
|switch|p2a: Dragapult|Dragapult, F|69/100
|-damage|p2a: Dragapult|57/100|[from] Stealth Rock
|move|p1a: Great Tusk|Ice Spinner|p2a: Dragapult
|-supereffective|p2a: Dragapult
|-damage|p2a: Dragapult|0 fnt
|faint|p2a: Dragapult
|
|-weather|Sandstorm|[upkeep]
|upkeep
|
|t:|1759012285
|switch|p2a: Rillaboom|Rillaboom, F|100/100
|-damage|p2a: Rillaboom|88/100|[from] Stealth Rock
|-fieldstart|move: Grassy Terrain|[from] ability: Grassy Surge|[of] p2a: Rillaboom
|turn|16
|inactive|blow trees has 120 seconds left.
|inactive|blow trees has 90 seconds left.
|
|t:|1759012343
|-terastallize|p1a: Great Tusk|Ice
|move|p1a: Great Tusk|Ice Spinner|p2a: Rillaboom
|-supereffective|p2a: Rillaboom
|-damage|p2a: Rillaboom|0 fnt
|-fieldend|move: Grassy Terrain
|faint|p2a: Rillaboom
|
|-weather|Sandstorm|[upkeep]
|-damage|p1a: Great Tusk|39/100|[from] Sandstorm
|upkeep
|
|t:|1759012360
|switch|p2a: Ogerpon|Ogerpon-Cornerstone, F|88/100
|-damage|p2a: Ogerpon|75/100|[from] Stealth Rock
|turn|17
|inactive|blow trees has 90 seconds left.
|
|t:|1759012377
|move|p2a: Ogerpon|Ivy Cudgel|p1a: Great Tusk|[anim] Ivy Cudgel Rock
|-supereffective|p1a: Great Tusk
|-damage|p1a: Great Tusk|0 fnt
|faint|p1a: Great Tusk
|-end|p1a: Great Tusk|Protosynthesis|[silent]
|
|-weather|Sandstorm|[upkeep]
|upkeep
|
|t:|1759012380
|switch|p1a: Scizor|Scizor, M, shiny|21/100
|-damage|p1a: Scizor|9/100|[from] Stealth Rock
|turn|18
|
|t:|1759012400
|switch|p2a: Great Tusk|Great Tusk|26/100
|-damage|p2a: Great Tusk|23/100|[from] Stealth Rock
|move|p1a: Scizor|Bullet Punch|p2a: Great Tusk
|-damage|p2a: Great Tusk|0 fnt
|faint|p2a: Great Tusk
|-end|p2a: Great Tusk|Protosynthesis|[silent]
|
|-weather|none
|upkeep
|
|t:|1759012401
|switch|p2a: Tyranitar|Tyranitar, M|94/100
|-damage|p2a: Tyranitar|82/100|[from] Stealth Rock
|-weather|Sandstorm|[from] ability: Sand Stream|[of] p2a: Tyranitar
|turn|19
|
|t:|1759012406
|-terastallize|p2a: Tyranitar|Ghost
|move|p1a: Scizor|Bullet Punch|p2a: Tyranitar
|-damage|p2a: Tyranitar|43/100
|move|p2a: Tyranitar|Knock Off|p1a: Scizor
|-damage|p1a: Scizor|0 fnt
|-enditem|p1a: Scizor|Choice Band|[from] move: Knock Off|[of] p2a: Tyranitar
|faint|p1a: Scizor
|
|-weather|Sandstorm|[upkeep]
|-damage|p2a: Tyranitar|37/100|[from] Sandstorm
|-heal|p2a: Tyranitar|43/100|[from] item: Leftovers
|upkeep
|inactive|blow trees has 120 seconds left.
|
|t:|1759012412
|switch|p1a: Samurott|Samurott-Hisui, M, shiny|100/100
|-damage|p1a: Samurott|88/100|[from] Stealth Rock
|turn|20
|
|t:|1759012415
|move|p1a: Samurott|Ceaseless Edge|p2a: Tyranitar
|-supereffective|p2a: Tyranitar
|-damage|p2a: Tyranitar|0 fnt
|-sidestart|p2: AnonymousJon|Spikes
|faint|p2a: Tyranitar
|
|-weather|Sandstorm|[upkeep]
|-damage|p1a: Samurott|82/100|[from] Sandstorm
|upkeep
|
|t:|1759012417
|switch|p2a: Ogerpon|Ogerpon-Cornerstone, F|75/100
|-damage|p2a: Ogerpon|63/100|[from] Stealth Rock
|-damage|p2a: Ogerpon|50/100|[from] Spikes
|turn|21
|
|t:|1759012425
|move|p1a: Samurott|Sucker Punch|p2a: Ogerpon
|-damage|p2a: Ogerpon|0 fnt
|faint|p2a: Ogerpon
|
|win|blow trees
|raw|blow trees's rating: 1615 &rarr; <strong>1639</strong><br />(+24 for winning)
|raw|AnonymousJon's rating: 1684 &rarr; <strong>1660</strong><br />(-24 for losing)
|l|☆AnonymousJon
|player|p2|
