|j|☆SeannyE
|j|☆Evannnnnn
|t:|1758995635
|gametype|singles
|player|p1|SeannyE|101|1437
|player|p2|Evannnnnn|veteran|1473
|gen|9
|tier|[Gen 9] OU
|rated|
|rule|HP Percentage Mod: HP is shown in percentages
|rule|Endless Battle Clause: Forcing endless battles is banned
|rule|Species Clause: Limit one of each Pokémon
|rule|OHKO Clause: OHKO moves are banned
|rule|Evasion Items Clause: Evasion items are banned
|rule|Evasion Moves Clause: Evasion moves are banned
|rule|Evasion Abilities Clause: Evasion abilities are banned
|rule|Sleep Moves Clause: Sleep-inducing moves are banned
|clearpoke
|poke|p1|Cinderace, F|
|poke|p1|Keldeo-Resolute|
|poke|p1|Zapdos|
|poke|p1|Krookodile, F|
|poke|p1|Garganacl, M|
|poke|p1|Alomomola, M|
|poke|p2|Iron Crown|
|poke|p2|Samurott-Hisui, M|
|poke|p2|Zapdos|
|poke|p2|Dragapult, F|
|poke|p2|Great Tusk|
|poke|p2|Iron Boulder|
|teampreview
|j| kevinco3931P1
|
|t:|1758995664
|teamsize|p1|6
|teamsize|p2|6
|start
|switch|p1a: Zapdos|Zapdos|100/100
|switch|p2a: Parasite|Dragapult, F|100/100
|turn|1
|
|t:|1758995669
|switch|p2a: Hurikan|Zapdos|100/100
|move|p1a: Zapdos|Hurricane|p2a: Hurikan
|-resisted|p2a: Hurikan
|-damage|p2a: Hurikan|68/100
|
|upkeep
|turn|2
|
|t:|1758995675
|move|p1a: Zapdos|Hurricane|p2a: Hurikan
|-resisted|p2a: Hurikan
|-damage|p2a: Hurikan|38/100
|-start|p2a: Hurikan|confusion
|-activate|p2a: Hurikan|confusion
|move|p2a: Hurikan|U-turn|p1a: Zapdos
|-resisted|p1a: Zapdos
|-damage|p1a: Zapdos|92/100
|
|t:|1758995686
|switch|p2a: Mindreader|Iron Crown|100/100|[from] U-turn
|
|upkeep
|turn|3
|
|t:|1758995696
|switch|p1a: Krookodile|Krookodile, F|100/100
|move|p2a: Mindreader|Psyshock|p1a: Krookodile
|-immune|p1a: Krookodile
|
|upkeep
|turn|4
|
|t:|1758995705
|switch|p1a: Zapdos|Zapdos|92/100
|-end|p2a: Mindreader|Quark Drive|[silent]
|switch|p2a: Pump It|Great Tusk|100/100
|
|upkeep
|turn|5
|
|t:|1758995726
|-end|p2a: Pump It|Protosynthesis|[silent]
|switch|p2a: Everytime We Touch|Samurott-Hisui, M|100/100
|move|p1a: Zapdos|Hurricane|p2a: Everytime We Touch
|-damage|p2a: Everytime We Touch|13/100
|
|upkeep
|turn|6
|
|t:|1758995731
|move|p1a: Zapdos|Hurricane|p2a: Everytime We Touch|[miss]
|-miss|p1a: Zapdos|p2a: Everytime We Touch
|move|p2a: Everytime We Touch|Ceaseless Edge|p1a: Zapdos
|-damage|p1a: Zapdos|41/100
|-sidestart|p1: SeannyE|Spikes
|
|upkeep
|turn|7
|
|t:|1758995739
|move|p1a: Zapdos|Hurricane|p2a: Everytime We Touch
|-damage|p2a: Everytime We Touch|0 fnt
|faint|p2a: Everytime We Touch
|
|upkeep
|
|t:|1758995744
|switch|p2a: Mindreader|Iron Crown|100/100
|turn|8
|
|t:|1758995747
|switch|p1a: Cinderace|Cinderace, F|100/100
|move|p2a: Mindreader|Tachyon Cutter|p1a: Cinderace
|-resisted|p1a: Cinderace
|-damage|p1a: Cinderace|74/100
|-resisted|p1a: Cinderace
|-damage|p1a: Cinderace|46/100
|-hitcount|p1a: Cinderace|2
|
|upkeep
|turn|9
|
|t:|1758995756
|-end|p2a: Mindreader|Quark Drive|[silent]
|switch|p2a: Pump It|Great Tusk|100/100
|move|p1a: Cinderace|Pyro Ball|p2a: Pump It
|-damage|p2a: Pump It|57/100
|-status|p2a: Pump It|brn
|
|-damage|p2a: Pump It|51/100 brn|[from] brn
|upkeep
|turn|10
|
|t:|1758995762
|-end|p2a: Pump It|Protosynthesis|[silent]
|switch|p2a: Parasite|Dragapult, F|100/100
|move|p1a: Cinderace|U-turn|p2a: Parasite
|-resisted|p2a: Parasite
|-damage|p2a: Parasite|84/100
|
|t:|1758995775
|switch|p1a: Zapdos|Zapdos|41/100|[from] U-turn
|
|upkeep
|turn|11
|
|t:|1758995794
|switch|p2a: Mindreader|Iron Crown|100/100
|move|p1a: Zapdos|Hurricane|p2a: Mindreader|[miss]
|-miss|p1a: Zapdos|p2a: Mindreader
|
|upkeep
|turn|12
|
|t:|1758995802
|switch|p1a: Alomomola|Alomomola, M|100/100
|-damage|p1a: Alomomola|88/100|[from] Spikes
|move|p2a: Mindreader|Tachyon Cutter|p1a: Alomomola
|-resisted|p1a: Alomomola
|-damage|p1a: Alomomola|80/100
|-resisted|p1a: Alomomola
|-damage|p1a: Alomomola|71/100
|-hitcount|p1a: Alomomola|2
|
|upkeep
|turn|13
|
|t:|1758995811
|-end|p2a: Mindreader|Quark Drive|[silent]
|switch|p2a: Hurikan|Zapdos|38/100
|move|p1a: Alomomola|Flip Turn|p2a: Hurikan
|-damage|p2a: Hurikan|25/100
|-status|p1a: Alomomola|par|[from] ability: Static|[of] p2a: Hurikan
|
|t:|1758995823
|switch|p1a: Cinderace|Cinderace, F|46/100|[from] Flip Turn
|
|upkeep
|turn|14
|
|t:|1758995854
|move|p1a: Cinderace|Pyro Ball|p2a: Hurikan
|-damage|p2a: Hurikan|0 fnt
|faint|p2a: Hurikan
|
|upkeep
|
|t:|1758995857
|switch|p2a: Parasite|Dragapult, F|84/100
|turn|15
|
|t:|1758995864
|switch|p1a: Garganacl|Garganacl, M|100/100
|-damage|p1a: Garganacl|88/100|[from] Spikes
|-terastallize|p2a: Parasite|Ghost
|move|p2a: Parasite|Tera Blast|p1a: Garganacl|[anim] Tera Blast Ghost
|-damage|p1a: Garganacl|65/100
|
|upkeep
|turn|16
|
|t:|1758995873
|switch|p2a: Revery|Iron Boulder|100/100
|-enditem|p2a: Revery|Booster Energy
|-activate|p2a: Revery|ability: Quark Drive|[fromitem]
|-start|p2a: Revery|quarkdrivespe
|move|p1a: Garganacl|Salt Cure|p2a: Revery
|-damage|p2a: Revery|82/100
|-start|p2a: Revery|Salt Cure
|
|-damage|p2a: Revery|69/100|[from] Salt Cure
|upkeep
|turn|17
|
|t:|1758995887
|-end|p2a: Revery|Quark Drive|[silent]
|switch|p2a: Mindreader|Iron Crown|100/100
|move|p1a: Garganacl|Ice Punch|p2a: Mindreader
|-resisted|p2a: Mindreader
|-damage|p2a: Mindreader|91/100
|
|upkeep
|turn|18
|
|t:|1758995891
|-terastallize|p1a: Garganacl|Ghost
|move|p2a: Mindreader|Volt Switch|p1a: Garganacl
|-damage|p1a: Garganacl|35/100
|
|t:|1758995896
|-end|p2a: Mindreader|Quark Drive|[silent]
|switch|p2a: Parasite|Dragapult, F, tera:Ghost|84/100|[from] Volt Switch
|move|p1a: Garganacl|Salt Cure|p2a: Parasite
|-damage|p2a: Parasite|66/100
|-start|p2a: Parasite|Salt Cure
|
|-damage|p2a: Parasite|53/100|[from] Salt Cure
|upkeep
|turn|19
|
|t:|1758995901
|switch|p1a: Krookodile|Krookodile, F|100/100
|-damage|p1a: Krookodile|88/100|[from] Spikes
|move|p2a: Parasite|U-turn|p1a: Krookodile
|-supereffective|p1a: Krookodile
|-damage|p1a: Krookodile|4/100
|
|t:|1758995906
|switch|p2a: Revery|Iron Boulder|69/100|[from] U-turn
|
|upkeep
|turn|20
|
|t:|1758995912
|move|p1a: Krookodile|Earthquake|p2a: Revery
|-supereffective|p2a: Revery
|-damage|p2a: Revery|0 fnt
|faint|p2a: Revery
|-end|p2a: Revery|Quark Drive|[silent]
|-ability|p1a: Krookodile|Moxie|boost
|-boost|p1a: Krookodile|atk|1
|
|upkeep
|
|t:|1758995917
|switch|p2a: Parasite|Dragapult, F, tera:Ghost|53/100
|turn|21
|
|t:|1758995919
|move|p2a: Parasite|Sucker Punch|p1a: Krookodile
|-resisted|p1a: Krookodile
|-damage|p1a: Krookodile|0 fnt
|faint|p1a: Krookodile
|
|upkeep
|
|t:|1758995926
|switch|p1a: Zapdos|Zapdos|41/100
|turn|22
|
|t:|1758995930
|move|p2a: Parasite|Sucker Punch|p1a: Zapdos
|-damage|p1a: Zapdos|1/100
|-status|p2a: Parasite|par|[from] ability: Static|[of] p1a: Zapdos
|move|p1a: Zapdos|Hurricane|p2a: Parasite
|-damage|p2a: Parasite|0 fnt
|faint|p2a: Parasite
|
|upkeep
|-message|Evannnnnn forfeited.
|
|win|SeannyE
|raw|SeannyE's rating: 1437 &rarr; <strong>1459</strong><br />(+22 for winning)
|raw|Evannnnnn's rating: 1473 &rarr; <strong>1451</strong><br />(-22 for losing)
|l|☆Evannnnnn
|player|p2|
|l|☆SeannyE
|player|p1|
