|badge|p2|bronze|gen9ou|100-6
|html|<div class="broadcast-red"><strong>This battle is required to be public due to one or more player having a season medal.</strong><br />During the public phase, you can discuss the state of the ladder <a href="/seasondiscussion">in a special chatroom.</a></div>
|uhtml|medal-msg|<div class="broadcast-blue">Curious what those medals under the avatar are? PS now has Ladder Seasons! For more information, check out the <a href="https://www.smogon.com/forums/threads/3740067/">thread on Smogon.</a></div>
|raw|<div class="broadcast-blue"><strong>This battle is required to be public due to a player having a name starting with 'medal'.</div>
|j|☆iedereen weg
|j|☆DontMissMantine
|t:|1758974869
|gametype|singles
|player|p1|iedereen weg|policeman-gen4|1800
|player|p2|DontMissMantine|lucas|1867
|gen|9
|tier|[Gen 9] OU
|rated|
|rule|HP Percentage Mod: HP is shown in percentages
|rule|Endless Battle Clause: Forcing endless battles is banned
|rule|Species Clause: Limit one of each Pokémon
|rule|OHKO Clause: OHKO moves are banned
|rule|Evasion Items Clause: Evasion items are banned
|rule|Evasion Moves Clause: Evasion moves are banned
|rule|Evasion Abilities Clause: Evasion abilities are banned
|rule|Sleep Moves Clause: Sleep-inducing moves are banned
|clearpoke
|poke|p1|Ogerpon-Cornerstone, F|
|poke|p1|Cinderace, F|
|poke|p1|Rillaboom, F|
|poke|p1|Mandibuzz, F|
|poke|p1|Slowking-Galar, F|
|poke|p1|Enamorus, F|
|poke|p2|Pelipper, M|
|poke|p2|Beartic, M|
|poke|p2|Barraskewda, F|
|poke|p2|Ogerpon-Wellspring, F|
|poke|p2|Zapdos|
|poke|p2|Hatterene, F|
|teampreview
|inactive|Battle timer is ON: inactive players will automatically lose when time's up. (requested by iedereen weg)
|
|t:|1758974885
|teamsize|p1|6
|teamsize|p2|6
|start
|switch|p1a: Slowking|Slowking-Galar, F|100/100
|switch|p2a: Pelipper|Pelipper, M|100/100
|-weather|RainDance|[from] ability: Drizzle|[of] p2a: Pelipper
|turn|1
|
|t:|1758974893
|move|p2a: Pelipper|U-turn|p1a: Slowking
|-damage|p1a: Slowking|91/100
|
|t:|1758974898
|switch|p2a: Ogerpon|Ogerpon-Wellspring, F|100/100|[from] U-turn
|move|p1a: Slowking|Future Sight|p2a: Ogerpon
|-start|p1a: Slowking|move: Future Sight
|
|-weather|RainDance|[upkeep]
|upkeep
|turn|2
|
|t:|1758974908
|switch|p1a: Rillaboom|Rillaboom, F|100/100
|-fieldstart|move: Grassy Terrain|[from] ability: Grassy Surge|[of] p1a: Rillaboom
|move|p2a: Ogerpon|Ivy Cudgel|p1a: Rillaboom|[anim] Ivy Cudgel Water
|-resisted|p1a: Rillaboom
|-damage|p1a: Rillaboom|50/100
|
|-weather|RainDance|[upkeep]
|-heal|p1a: Rillaboom|57/100|[from] Grassy Terrain
|upkeep
|turn|3
|j| amefurikoneko
|
|t:|1758974933
|move|p1a: Rillaboom|Wood Hammer|p2a: Ogerpon
|-damage|p2a: Ogerpon|0 fnt
|faint|p2a: Ogerpon
|-damage|p1a: Rillaboom|27/100|[from] Recoil
|
|-weather|RainDance|[upkeep]
|-hint|Future Sight did not hit because the target is fainted.
|-heal|p1a: Rillaboom|34/100|[from] Grassy Terrain
|upkeep
|inactive|DontMissMantine has 120 seconds left.
|
|t:|1758974946
|switch|p2a: Barraskewda|Barraskewda, F|100/100
|turn|4
|j| locked in bro
|j| Distance rectangle
|j| Dionysos
|l| Dionysos
|
|t:|1758974975
|switch|p1a: Cinderace|Cinderace, F|100/100
|move|p2a: Barraskewda|Liquidation|p1a: Cinderace
|-supereffective|p1a: Cinderace
|-damage|p1a: Cinderace|0 fnt
|faint|p1a: Cinderace
|
|-weather|RainDance|[upkeep]
|upkeep
|
|t:|1758974979
|switch|p1a: Ogerpon|Ogerpon-Cornerstone, F|100/100
|turn|5
|
|t:|1758974990
|move|p2a: Barraskewda|Flip Turn|p1a: Ogerpon
|-damage|p1a: Ogerpon|21/100
|
|t:|1758974993
|switch|p2a: Hatterene|Hatterene, F|100/100|[from] Flip Turn
|move|p1a: Ogerpon|Ivy Cudgel|p2a: Hatterene|[anim] Ivy Cudgel Rock
|-damage|p2a: Hatterene|50/100
|-enditem|p2a: Hatterene|Eject Button
|
|t:|1758975000
|switch|p2a: Barraskewda|Barraskewda, F|100/100
|
|-weather|RainDance|[upkeep]
|-heal|p1a: Ogerpon|27/100|[from] Grassy Terrain
|upkeep
|turn|6
|
|t:|1758975011
|move|p2a: Barraskewda|Liquidation|p1a: Ogerpon
|-damage|p1a: Ogerpon|0 fnt
|faint|p1a: Ogerpon
|
|-weather|RainDance|[upkeep]
|-fieldend|move: Grassy Terrain
|upkeep
|
|t:|1758975014
|switch|p1a: Rillaboom|Rillaboom, F|34/100
|-fieldstart|move: Grassy Terrain|[from] ability: Grassy Surge|[of] p1a: Rillaboom
|turn|7
|
|t:|1758975023
|switch|p2a: Hatterene|Hatterene, F|50/100
|move|p1a: Rillaboom|U-turn|p2a: Hatterene
|-damage|p2a: Hatterene|29/100
|
|t:|1758975025
|switch|p1a: Enamorus|Enamorus, F|100/100|[from] U-turn
|
|-weather|RainDance|[upkeep]
|-heal|p2a: Hatterene|35/100|[from] Grassy Terrain
|upkeep
|turn|8
|
|t:|1758975034
|move|p1a: Enamorus|Moonblast|p2a: Hatterene
|-damage|p2a: Hatterene|0 fnt
|faint|p2a: Hatterene
|
|-weather|none
|upkeep
|
|t:|1758975040
|switch|p2a: Pelipper|Pelipper, M|100/100
|-weather|RainDance|[from] ability: Drizzle|[of] p2a: Pelipper
|turn|9
|l| locked in bro
|
|t:|1758975048
|move|p1a: Enamorus|Substitute|p1a: Enamorus
|-start|p1a: Enamorus|Substitute
|-damage|p1a: Enamorus|76/100
|move|p2a: Pelipper|U-turn|p1a: Enamorus
|-resisted|p1a: Enamorus
|-activate|p1a: Enamorus|move: Substitute|[damage]
|
|t:|1758975058
|switch|p2a: Beartic|Beartic, M|100/100|[from] U-turn
|
|-weather|RainDance|[upkeep]
|upkeep
|turn|10
|
|t:|1758975085
|move|p2a: Beartic|Icicle Spear|p1a: Enamorus
|-supereffective|p1a: Enamorus
|-end|p1a: Enamorus|Substitute
|-supereffective|p1a: Enamorus
|-damage|p1a: Enamorus|33/100
|-supereffective|p1a: Enamorus
|-damage|p1a: Enamorus|0 fnt
|faint|p1a: Enamorus
|-hitcount|p1: Enamorus|3
|
|-weather|RainDance|[upkeep]
|upkeep
|
|t:|1758975093
|switch|p1a: Mandibuzz|Mandibuzz, F|100/100
|turn|11
|
|t:|1758975100
|-terastallize|p1a: Mandibuzz|Ghost
|move|p2a: Beartic|Icicle Spear|p1a: Mandibuzz
|-damage|p1a: Mandibuzz|92/100
|-damage|p1a: Mandibuzz|83/100
|-damage|p1a: Mandibuzz|75/100
|-damage|p1a: Mandibuzz|67/100
|-damage|p1a: Mandibuzz|59/100
|-hitcount|p1a: Mandibuzz|5
|move|p1a: Mandibuzz|Foul Play|p2a: Beartic
|-damage|p2a: Beartic|39/100
|
|-weather|RainDance|[upkeep]
|-heal|p2a: Beartic|45/100|[from] Grassy Terrain
|-heal|p1a: Mandibuzz|65/100|[from] Grassy Terrain
|-fieldend|move: Grassy Terrain
|upkeep
|turn|12
|
|t:|1758975115
|move|p2a: Beartic|Icicle Spear|p1a: Mandibuzz
|-damage|p1a: Mandibuzz|57/100
|-damage|p1a: Mandibuzz|49/100
|-damage|p1a: Mandibuzz|41/100
|-damage|p1a: Mandibuzz|32/100
|-hitcount|p1a: Mandibuzz|4
|move|p1a: Mandibuzz|Roost|p1a: Mandibuzz
|-heal|p1a: Mandibuzz|82/100
|
|-weather|RainDance|[upkeep]
|upkeep
|turn|13
|
|t:|1758975126
|move|p2a: Beartic|Icicle Spear|p1a: Mandibuzz
|-damage|p1a: Mandibuzz|74/100
|-damage|p1a: Mandibuzz|66/100
|-damage|p1a: Mandibuzz|57/100
|-damage|p1a: Mandibuzz|48/100
|-hitcount|p1a: Mandibuzz|4
|move|p1a: Mandibuzz|Foul Play|p2a: Beartic
|-damage|p2a: Beartic|0 fnt
|faint|p2a: Beartic
|
|-weather|RainDance|[upkeep]
|upkeep
|
|t:|1758975138
|switch|p2a: Barraskewda|Barraskewda, F|100/100
|turn|14
|
|t:|1758975143
|-terastallize|p2a: Barraskewda|Water
|move|p2a: Barraskewda|Liquidation|p1a: Mandibuzz
|-damage|p1a: Mandibuzz|0 fnt
|faint|p1a: Mandibuzz
|
|-weather|RainDance|[upkeep]
|upkeep
|
|t:|1758975146
|switch|p1a: Rillaboom|Rillaboom, F|34/100
|-fieldstart|move: Grassy Terrain|[from] ability: Grassy Surge|[of] p1a: Rillaboom
|turn|15
|
|t:|1758975156
|switch|p2a: Zapdos|Zapdos|100/100
|move|p1a: Rillaboom|Grassy Glide|p2a: Zapdos
|-resisted|p2a: Zapdos
|-damage|p2a: Zapdos|78/100
|
|-weather|RainDance|[upkeep]
|-heal|p1a: Rillaboom|40/100|[from] Grassy Terrain
|upkeep
|turn|16
|
|t:|1758975165
|switch|p1a: Slowking|Slowking-Galar, F|100/100
|move|p2a: Zapdos|Volt Switch|p1a: Slowking
|-damage|p1a: Slowking|86/100
|
|t:|1758975170
|switch|p2a: Barraskewda|Barraskewda, F, tera:Water|100/100|[from] Volt Switch
|
|-weather|none
|-heal|p1a: Slowking|92/100|[from] Grassy Terrain
|upkeep
|turn|17
|
|t:|1758975179
|move|p2a: Barraskewda|Flip Turn|p1a: Slowking
|-damage|p1a: Slowking|38/100
|
|t:|1758975182
|switch|p2a: Pelipper|Pelipper, M|100/100|[from] Flip Turn
|-weather|RainDance|[from] ability: Drizzle|[of] p2a: Pelipper
|move|p1a: Slowking|Sludge Bomb|p2a: Pelipper
|-damage|p2a: Pelipper|45/100
|
|-weather|RainDance|[upkeep]
|-heal|p1a: Slowking|44/100|[from] Grassy Terrain
|upkeep
|turn|18
|-message|iedereen weg forfeited.
|
|win|DontMissMantine
|raw|iedereen weg's rating: 1800 &rarr; <strong>1784</strong><br />(-16 for losing)
|raw|DontMissMantine's rating: 1867 &rarr; <strong>1883</strong><br />(+16 for winning)
|l|☆iedereen weg
|player|p1|
|j| wgw2333
|l|☆DontMissMantine
|player|p2|
|j|☆DontMissMantine
|player|p2|DontMissMantine|lucas|
|l|☆DontMissMantine
|player|p2|
