|j|☆beccastane
|j|☆DragonLordEXMaster
|t:|1759021338
|gametype|singles
|player|p1|beccastane|elesa|1575
|player|p2|DragonLordEXMaster|liko|1578
|gen|9
|tier|[Gen 9] OU
|rated|
|rule|HP Percentage Mod: HP is shown in percentages
|rule|Endless Battle Clause: Forcing endless battles is banned
|rule|Species Clause: Limit one of each Pokémon
|rule|OHKO Clause: OHKO moves are banned
|rule|Evasion Items Clause: Evasion items are banned
|rule|Evasion Moves Clause: Evasion moves are banned
|rule|Evasion Abilities Clause: Evasion abilities are banned
|rule|Sleep Moves Clause: Sleep-inducing moves are banned
|clearpoke
|poke|p1|Gholdengo|
|poke|p1|Ceruledge, F|
|poke|p1|Enamorus, F|
|poke|p1|Ribombee, M|
|poke|p1|Quaquaval, F|
|poke|p1|Iron Treads|
|poke|p2|Cloyster, F|
|poke|p2|Ninetales-Alola, F|
|poke|p2|Ogerpon-Wellspring, F|
|poke|p2|Polteageist|
|poke|p2|Dragonite, F|
|poke|p2|Iron Treads|
|teampreview
|inactive|Battle timer is ON: inactive players will automatically lose when time's up. (requested by DragonLordEXMaster)
|
|t:|1759021356
|teamsize|p1|6
|teamsize|p2|6
|start
|switch|p1a: Quaquaval|Quaquaval, F|100/100
|switch|p2a: Iron Treads|Iron Treads|100/100
|-enditem|p2a: Iron Treads|Booster Energy
|-activate|p2a: Iron Treads|ability: Quark Drive|[fromitem]
|-start|p2a: Iron Treads|quarkdrivespe
|turn|1
|
|t:|1759021373
|move|p2a: Iron Treads|Stealth Rock|p1a: Quaquaval
|-sidestart|p1: beccastane|move: Stealth Rock
|move|p1a: Quaquaval|Close Combat|p2a: Iron Treads
|-supereffective|p2a: Iron Treads
|-damage|p2a: Iron Treads|0 fnt
|-unboost|p1a: Quaquaval|def|1
|-unboost|p1a: Quaquaval|spd|1
|faint|p2a: Iron Treads
|-end|p2a: Iron Treads|Quark Drive|[silent]
|-ability|p1a: Quaquaval|Moxie|boost
|-boost|p1a: Quaquaval|atk|1
|
|upkeep
|
|t:|1759021378
|switch|p2a: Ninetales|Ninetales-Alola, F, shiny|100/100
|-weather|Snowscape|[from] ability: Snow Warning|[of] p2a: Ninetales
|turn|2
|
|t:|1759021383
|move|p2a: Ninetales|Aurora Veil|p2a: Ninetales
|-sidestart|p2: DragonLordEXMaster|move: Aurora Veil
|move|p1a: Quaquaval|Rapid Spin|p2a: Ninetales
|-crit|p2a: Ninetales
|-damage|p2a: Ninetales|71/100
|-boost|p1a: Quaquaval|spe|1
|-sideend|p1: beccastane|Stealth Rock|[from] move: Rapid Spin|[of] p1a: Quaquaval
|
|-weather|Snowscape|[upkeep]
|upkeep
|turn|3
|
|t:|1759021404
|switch|p1a: Ribombee|Ribombee, M, shiny|100/100
|move|p2a: Ninetales|Moonblast|p1a: Ribombee
|-damage|p1a: Ribombee|50/100
|
|-weather|Snowscape|[upkeep]
|upkeep
|turn|4
|
|t:|1759021409
|switch|p2a: Cloyster|Cloyster, F, shiny|100/100
|move|p1a: Ribombee|Sticky Web|p2a: Cloyster
|-sidestart|p2: DragonLordEXMaster|move: Sticky Web
|
|-weather|Snowscape|[upkeep]
|upkeep
|turn|5
|
|t:|1759021416
|move|p1a: Ribombee|Stun Spore|p2a: Cloyster
|-status|p2a: Cloyster|par
|move|p2a: Cloyster|Shell Smash|p2a: Cloyster
|-unboost|p2a: Cloyster|def|1
|-unboost|p2a: Cloyster|spd|1
|-boost|p2a: Cloyster|atk|2
|-boost|p2a: Cloyster|spa|2
|-boost|p2a: Cloyster|spe|2
|
|-weather|Snowscape|[upkeep]
|upkeep
|turn|6
|
|t:|1759021420
|move|p2a: Cloyster|Ice Shard|p1a: Ribombee
|-damage|p1a: Ribombee|0 fnt
|faint|p1a: Ribombee
|
|-weather|none
|upkeep
|
|t:|1759021434
|switch|p1a: Gholdengo|Gholdengo|100/100
|-item|p1a: Gholdengo|Air Balloon
|turn|7
|
|t:|1759021437
|move|p1a: Gholdengo|Make It Rain|p2a: Cloyster
|-damage|p2a: Cloyster|0 fnt
|-unboost|p1a: Gholdengo|spa|1
|faint|p2a: Cloyster
|
|upkeep
|
|t:|1759021441
|switch|p2a: Polteageist|Polteageist, shiny|100/100
|-activate|p2a: Polteageist|move: Sticky Web
|-unboost|p2a: Polteageist|spe|1
|turn|8
|
|t:|1759021450
|switch|p1a: Quaquaval|Quaquaval, F|100/100
|move|p2a: Polteageist|Shell Smash|p2a: Polteageist
|-unboost|p2a: Polteageist|def|1
|-unboost|p2a: Polteageist|spd|1
|-boost|p2a: Polteageist|atk|2
|-boost|p2a: Polteageist|spa|2
|-boost|p2a: Polteageist|spe|2
|
|upkeep
|turn|9
|
|t:|1759021458
|move|p2a: Polteageist|Shadow Ball|p1a: Quaquaval
|-damage|p1a: Quaquaval|16/100
|move|p1a: Quaquaval|Knock Off|p2a: Polteageist
|-supereffective|p2a: Polteageist
|-damage|p2a: Polteageist|12/100
|-start|p1a: Quaquaval|Disable|Knock Off|[from] ability: Cursed Body|[of] p2a: Polteageist
|-enditem|p2a: Polteageist|Focus Sash|[from] move: Knock Off|[of] p1a: Quaquaval
|
|-sideend|p2: DragonLordEXMaster|move: Aurora Veil
|upkeep
|turn|10
|
|t:|1759021465
|move|p2a: Polteageist|Strength Sap|p1a: Quaquaval
|-unboost|p1a: Quaquaval|atk|1
|-heal|p2a: Polteageist|100/100
|move|p1a: Quaquaval|Aqua Step|p2a: Polteageist
|-damage|p2a: Polteageist|26/100
|-boost|p1a: Quaquaval|spe|1
|
|upkeep
|turn|11
|
|t:|1759021468
|move|p1a: Quaquaval|Aqua Step|p2a: Polteageist
|-damage|p2a: Polteageist|0 fnt
|-boost|p1a: Quaquaval|spe|1
|faint|p2a: Polteageist
|-ability|p1a: Quaquaval|Moxie|boost
|-boost|p1a: Quaquaval|atk|1
|
|upkeep
|
|t:|1759021471
|switch|p2a: Dragonite|Dragonite, F|100/100
|turn|12
|
|t:|1759021479
|move|p2a: Dragonite|Extreme Speed|p1a: Quaquaval
|-damage|p1a: Quaquaval|0 fnt
|faint|p1a: Quaquaval
|
|upkeep
|
|t:|1759021494
|switch|p1a: Enamorus|Enamorus, F|100/100
|turn|13
|
|t:|1759021498
|move|p1a: Enamorus|Moonblast|p2a: Dragonite
|-supereffective|p2a: Dragonite
|-crit|p2a: Dragonite
|-damage|p2a: Dragonite|0 fnt
|faint|p2a: Dragonite
|
|upkeep
|-message|DragonLordEXMaster forfeited.
|
|win|beccastane
|raw|beccastane's rating: 1575 &rarr; <strong>1595</strong><br />(+20 for winning)
|raw|DragonLordEXMaster's rating: 1578 &rarr; <strong>1558</strong><br />(-20 for losing)
|l|☆DragonLordEXMaster
|player|p2|
|l|☆beccastane
|player|p1|
