|j|☆Branden Kim Dokjaa
|j|☆suaiaj
|t:|1759032216
|gametype|singles
|player|p1|Branden Kim Dokjaa|cynthia-masters3|1338
|player|p2|suaiaj|wallace|1372
|gen|9
|tier|[Gen 9] OU
|rated|
|rule|HP Percentage Mod: HP is shown in percentages
|rule|Endless Battle Clause: Forcing endless battles is banned
|rule|Species Clause: Limit one of each Pokémon
|rule|OHKO Clause: OHKO moves are banned
|rule|Evasion Items Clause: Evasion items are banned
|rule|Evasion Moves Clause: Evasion moves are banned
|rule|Evasion Abilities Clause: Evasion abilities are banned
|rule|Sleep Moves Clause: Sleep-inducing moves are banned
|clearpoke
|poke|p1|Lycanroc-Dusk, F|
|poke|p1|Iron Crown|
|poke|p1|Great Tusk|
|poke|p1|Scizor, M|
|poke|p1|Dragonite, M|
|poke|p1|Iron Valiant|
|poke|p2|Araquanid, M|
|poke|p2|Cinderace, F|
|poke|p2|Kingambit, F|
|poke|p2|Serperior, M|
|poke|p2|Malamar, M|
|poke|p2|Scizor, F|
|teampreview
|inactive|Battle timer is ON: inactive players will automatically lose when time's up. (requested by Branden Kim Dokjaa)
|
|t:|1759032242
|teamsize|p1|6
|teamsize|p2|6
|start
|switch|p1a: Scizor|Scizor, M|100/100
|switch|p2a: Araquanid|Araquanid, M|100/100
|turn|1
|
|t:|1759032250
|move|p1a: Scizor|U-turn|p2a: Araquanid
|-damage|p2a: Araquanid|40/100
|
|t:|1759032267
|switch|p1a: Lycanroc|Lycanroc-Dusk, F|100/100|[from] U-turn
|move|p2a: Araquanid|Sticky Web|p1a: Lycanroc
|-sidestart|p1: Branden Kim Dokjaa|move: Sticky Web
|
|upkeep
|turn|2
|
|t:|1759032276
|move|p2a: Araquanid|Endure|p2a: Araquanid
|-singleturn|p2a: Araquanid|move: Endure
|move|p1a: Lycanroc|Accelerock|p2a: Araquanid
|-supereffective|p2a: Araquanid
|-activate|p2a: Araquanid|move: Endure
|-damage|p2a: Araquanid|1/100
|
|upkeep
|turn|3
|
|t:|1759032287
|switch|p2a: Scizor|Scizor, F|100/100
|move|p1a: Lycanroc|Accelerock|p2a: Scizor
|-damage|p2a: Scizor|63/100
|
|upkeep
|turn|4
|
|t:|1759032294
|switch|p1a: Great Tusk|Great Tusk|100/100
|move|p2a: Scizor|Bullet Punch|p1a: Great Tusk
|-damage|p1a: Great Tusk|76/100
|
|upkeep
|turn|5
|
|t:|1759032304
|move|p1a: Great Tusk|Rapid Spin|p2a: Scizor
|-resisted|p2a: Scizor
|-damage|p2a: Scizor|57/100
|-boost|p1a: Great Tusk|spe|1
|-sideend|p1: Branden Kim Dokjaa|Sticky Web|[from] move: Rapid Spin|[of] p1a: Great Tusk
|move|p2a: Scizor|Lunge|p1a: Great Tusk
|-resisted|p1a: Great Tusk
|-damage|p1a: Great Tusk|63/100
|-unboost|p1a: Great Tusk|atk|1
|
|upkeep
|turn|6
|
|t:|1759032314
|move|p1a: Great Tusk|Knock Off|p2a: Scizor
|-damage|p2a: Scizor|38/100
|-enditem|p2a: Scizor|Metal Coat|[from] move: Knock Off|[of] p1a: Great Tusk
|move|p2a: Scizor|Swords Dance|p2a: Scizor
|-boost|p2a: Scizor|atk|2
|
|upkeep
|turn|7
|
|t:|1759032324
|move|p1a: Great Tusk|Headlong Rush|p2a: Scizor
|-damage|p2a: Scizor|4/100
|-unboost|p1a: Great Tusk|def|1
|-unboost|p1a: Great Tusk|spd|1
|move|p2a: Scizor|Lunge|p1a: Great Tusk
|-resisted|p1a: Great Tusk
|-damage|p1a: Great Tusk|20/100
|-unboost|p1a: Great Tusk|atk|1
|
|upkeep
|turn|8
|
|t:|1759032334
|-end|p1a: Great Tusk|Protosynthesis|[silent]
|switch|p1a: Iron Crown|Iron Crown|100/100
|move|p2a: Scizor|Bullet Punch|p1a: Iron Crown
|-resisted|p1a: Iron Crown
|-damage|p1a: Iron Crown|67/100
|
|upkeep
|turn|9
|
|t:|1759032340
|move|p2a: Scizor|Bullet Punch|p1a: Iron Crown
|-resisted|p1a: Iron Crown
|-damage|p1a: Iron Crown|34/100
|move|p1a: Iron Crown|Volt Switch|p2a: Scizor
|-damage|p2a: Scizor|0 fnt
|faint|p2a: Scizor
|
|t:|1759032362
|-end|p1a: Iron Crown|Quark Drive|[silent]
|switch|p1a: Lycanroc|Lycanroc-Dusk, F|100/100|[from] Volt Switch
|
|upkeep
|
|t:|1759032375
|switch|p2a: Kingambit|Kingambit, F|100/100
|turn|10
|
|t:|1759032388
|move|p1a: Lycanroc|Close Combat|p2a: Kingambit
|-supereffective|p2a: Kingambit
|-damage|p2a: Kingambit|0 fnt
|-unboost|p1a: Lycanroc|def|1
|-unboost|p1a: Lycanroc|spd|1
|faint|p2a: Kingambit
|
|upkeep
|
|t:|1759032398
|switch|p2a: Serperior|Serperior, M, shiny|100/100
|turn|11
|
|t:|1759032420
|switch|p1a: Scizor|Scizor, M|100/100
|move|p2a: Serperior|Leaf Storm|p1a: Scizor
|-resisted|p1a: Scizor
|-damage|p1a: Scizor|84/100
|-boost|p2a: Serperior|spa|2
|
|upkeep
|turn|12
|
|t:|1759032429
|switch|p2a: Cinderace|Cinderace, F|100/100
|move|p1a: Scizor|U-turn|p2a: Cinderace
|-resisted|p2a: Cinderace
|-damage|p2a: Cinderace|55/100
|inactive|Branden Kim Dokjaa has 120 seconds left.
|
|t:|1759032470
|switch|p1a: Lycanroc|Lycanroc-Dusk, F|100/100|[from] U-turn
|
|upkeep
|turn|13
|
|t:|1759032482
|move|p1a: Lycanroc|Accelerock|p2a: Cinderace
|-supereffective|p2a: Cinderace
|-damage|p2a: Cinderace|0 fnt
|faint|p2a: Cinderace
|
|upkeep
|
|t:|1759032492
|switch|p2a: Serperior|Serperior, M, shiny|100/100
|turn|14
|
|t:|1759032504
|switch|p1a: Scizor|Scizor, M|84/100
|move|p2a: Serperior|Leaf Storm|p1a: Scizor
|-resisted|p1a: Scizor
|-damage|p1a: Scizor|69/100
|-boost|p2a: Serperior|spa|2
|
|upkeep
|turn|15
|inactive|Branden Kim Dokjaa has 120 seconds left.
|
|t:|1759032525
|-terastallize|p2a: Serperior|Water
|move|p2a: Serperior|Leaf Storm|p1a: Scizor
|-resisted|p1a: Scizor
|-damage|p1a: Scizor|40/100
|-boost|p2a: Serperior|spa|2
|move|p1a: Scizor|U-turn|p2a: Serperior
|-damage|p2a: Serperior|31/100
|
|t:|1759032531
|switch|p1a: Iron Valiant|Iron Valiant|100/100|[from] U-turn
|-enditem|p1a: Iron Valiant|Booster Energy
|-activate|p1a: Iron Valiant|ability: Quark Drive|[fromitem]
|-start|p1a: Iron Valiant|quarkdrivespe
|
|upkeep
|turn|16
|
|t:|1759032540
|move|p1a: Iron Valiant|Moonblast|p2a: Serperior
|-damage|p2a: Serperior|0 fnt
|faint|p2a: Serperior
|
|upkeep
|
|t:|1759032545
|switch|p2a: Araquanid|Araquanid, M|1/100
|turn|17
|-enditem|p2a: Araquanid|Custap Berry|[eat]
|-activate|p2a: Araquanid|item: Custap Berry|[consumed]
|
|t:|1759032557
|move|p1a: Iron Valiant|Vacuum Wave|p2a: Araquanid
|-resisted|p2a: Araquanid
|-damage|p2a: Araquanid|0 fnt
|faint|p2a: Araquanid
|
|upkeep
|
|t:|1759032563
|switch|p2a: Malamar|Malamar, M, shiny|100/100
|turn|18
|
|t:|1759032569
|move|p1a: Iron Valiant|Moonblast|p2a: Malamar
|-supereffective|p2a: Malamar
|-damage|p2a: Malamar|0 fnt
|faint|p2a: Malamar
|
|win|Branden Kim Dokjaa
|raw|Branden Kim Dokjaa's rating: 1352 &rarr; <strong>1373</strong><br />(+21 for winning)
|raw|suaiaj's rating: 1372 &rarr; <strong>1351</strong><br />(-21 for losing)
|l|☆suaiaj
|player|p2|
|l|☆Branden Kim Dokjaa
|player|p1|
