|j|☆Cameron 2007
|j|☆flounderbasket
|t:|1759036250
|gametype|singles
|player|p1|Cameron 2007|saturn|1181
|player|p2|flounderbasket|hilda|1141
|gen|9
|tier|[Gen 9] OU
|rated|
|rule|HP Percentage Mod: HP is shown in percentages
|rule|Endless Battle Clause: Forcing endless battles is banned
|rule|Species Clause: Limit one of each Pokémon
|rule|OHKO Clause: OHKO moves are banned
|rule|Evasion Items Clause: Evasion items are banned
|rule|Evasion Moves Clause: Evasion moves are banned
|rule|Evasion Abilities Clause: Evasion abilities are banned
|rule|Sleep Moves Clause: Sleep-inducing moves are banned
|clearpoke
|poke|p1|Lokix, M|
|poke|p1|Cinderace, F|
|poke|p1|Great Tusk|
|poke|p1|Alomomola, F|
|poke|p1|Enamorus, F|
|poke|p1|Slowking-Galar, F|
|poke|p2|Scizor, M|
|poke|p2|Metagross|
|poke|p2|Dragonite, M|
|poke|p2|Gyarados, M|
|poke|p2|Glaceon, F|
|poke|p2|Espeon, F|
|teampreview
|
|t:|1759036259
|teamsize|p1|6
|teamsize|p2|6
|start
|switch|p1a: Lokix|Lokix, M, shiny|100/100
|switch|p2a: Espeon|Espeon, F|100/100
|turn|1
|
|t:|1759036270
|-terastallize|p2a: Espeon|Rock
|move|p1a: Lokix|First Impression|p2a: Espeon
|-damage|p2a: Espeon|0 fnt
|faint|p2a: Espeon
|
|upkeep
|
|t:|1759036291
|switch|p2a: Metagross|Metagross, shiny|100/100
|turn|2
|
|t:|1759036303
|switch|p1a: Slowking|Slowking-Galar, F|100/100
|move|p2a: Metagross|Iron Defense|p2a: Metagross
|-boost|p2a: Metagross|def|2
|
|upkeep
|turn|3
|
|t:|1759036331
|move|p2a: Metagross|Iron Head|p1a: Slowking
|-damage|p1a: Slowking|69/100
|-prepare|p1a: Slowking|Chilly Reception|[premajor]
|move|p1a: Slowking|Chilly Reception|p1a: Slowking
|-weather|Snowscape
|
|t:|1759036335
|switch|p1a: Enamorus|Enamorus, F|100/100|[from] Chilly Reception
|
|-weather|Snowscape|[upkeep]
|upkeep
|turn|4
|
|t:|1759036355
|-terastallize|p1a: Enamorus|Stellar
|move|p1a: Enamorus|Tera Blast|p2a: Metagross|[anim] Tera Blast Stellar
|-damage|p2a: Metagross|49/100
|-boost|p1a: Enamorus|atk|1
|-boost|p1a: Enamorus|spa|1
|move|p2a: Metagross|Psychic Fangs|p1a: Enamorus
|-damage|p1a: Enamorus|17/100
|
|-weather|Snowscape|[upkeep]
|upkeep
|turn|5
|
|t:|1759036381
|move|p1a: Enamorus|Tera Blast|p2a: Metagross|[anim] Tera Blast Stellar
|-damage|p2a: Metagross|0 fnt
|-boost|p1a: Enamorus|atk|1
|-boost|p1a: Enamorus|spa|1
|faint|p2a: Metagross
|
|-weather|Snowscape|[upkeep]
|upkeep
|
|t:|1759036395
|switch|p2a: Glaceon|Glaceon, F|100/100
|turn|6
|
|t:|1759036398
|move|p1a: Enamorus|Tera Blast|p2a: Glaceon|[anim] Tera Blast Stellar
|-damage|p2a: Glaceon|0 fnt
|-boost|p1a: Enamorus|atk|1
|-boost|p1a: Enamorus|spa|1
|faint|p2a: Glaceon
|
|-weather|Snowscape|[upkeep]
|upkeep
|
|t:|1759036425
|switch|p2a: Scizor|Scizor, M|100/100
|turn|7
|
|t:|1759036437
|switch|p1a: Cinderace|Cinderace, F|100/100
|move|p2a: Scizor|Bullet Punch|p1a: Cinderace
|-resisted|p1a: Cinderace
|-damage|p1a: Cinderace|82/100
|
|-weather|none
|upkeep
|turn|8
|
|t:|1759036457
|switch|p2a: Gyarados|Gyarados, M, shiny|100/100
|move|p1a: Cinderace|Will-O-Wisp|p2a: Gyarados|[miss]
|-miss|p1a: Cinderace|p2a: Gyarados
|
|upkeep
|turn|9
|
|t:|1759036466
|switch|p1a: Alomomola|Alomomola, F|100/100
|move|p2a: Gyarados|Substitute|p2a: Gyarados
|-start|p2a: Gyarados|Substitute
|-damage|p2a: Gyarados|75/100
|
|-heal|p2a: Gyarados|82/100|[from] item: Leftovers
|upkeep
|turn|10
|
|t:|1759036473
|move|p2a: Gyarados|Dragon Dance|p2a: Gyarados
|-boost|p2a: Gyarados|atk|1
|-boost|p2a: Gyarados|spe|1
|move|p1a: Alomomola|Body Slam|p2a: Gyarados
|-activate|p2a: Gyarados|move: Substitute|[damage]
|
|-heal|p2a: Gyarados|88/100|[from] item: Leftovers
|upkeep
|turn|11
|
|t:|1759036482
|move|p2a: Gyarados|Dragon Dance|p2a: Gyarados
|-boost|p2a: Gyarados|atk|1
|-boost|p2a: Gyarados|spe|1
|move|p1a: Alomomola|Body Slam|p2a: Gyarados
|-end|p2a: Gyarados|Substitute
|
|-heal|p2a: Gyarados|94/100|[from] item: Leftovers
|upkeep
|turn|12
|
|t:|1759036498
|move|p2a: Gyarados|Substitute|p2a: Gyarados
|-start|p2a: Gyarados|Substitute
|-damage|p2a: Gyarados|69/100
|move|p1a: Alomomola|Body Slam|p2a: Gyarados
|-activate|p2a: Gyarados|move: Substitute|[damage]
|
|-heal|p2a: Gyarados|75/100|[from] item: Leftovers
|upkeep
|turn|13
|
|t:|1759036506
|move|p2a: Gyarados|Dragon Dance|p2a: Gyarados
|-boost|p2a: Gyarados|atk|1
|-boost|p2a: Gyarados|spe|1
|move|p1a: Alomomola|Body Slam|p2a: Gyarados
|-end|p2a: Gyarados|Substitute
|
|-heal|p2a: Gyarados|82/100|[from] item: Leftovers
|upkeep
|turn|14
|
|t:|1759036514
|move|p2a: Gyarados|Substitute|p2a: Gyarados
|-start|p2a: Gyarados|Substitute
|-damage|p2a: Gyarados|57/100
|move|p1a: Alomomola|Body Slam|p2a: Gyarados
|-activate|p2a: Gyarados|move: Substitute|[damage]
|
|-heal|p2a: Gyarados|63/100|[from] item: Leftovers
|upkeep
|turn|15
|
|t:|1759036523
|move|p2a: Gyarados|Body Slam|p1a: Alomomola
|-damage|p1a: Alomomola|52/100
|move|p1a: Alomomola|Body Slam|p2a: Gyarados
|-end|p2a: Gyarados|Substitute
|
|-heal|p2a: Gyarados|69/100|[from] item: Leftovers
|upkeep
|turn|16
|
|t:|1759036532
|move|p2a: Gyarados|Body Slam|p1a: Alomomola
|-damage|p1a: Alomomola|0 fnt
|faint|p1a: Alomomola
|-ability|p2a: Gyarados|Moxie|boost
|-boost|p2a: Gyarados|atk|1
|
|-heal|p2a: Gyarados|75/100|[from] item: Leftovers
|upkeep
|
|t:|1759036535
|switch|p1a: Lokix|Lokix, M, shiny|100/100
|turn|17
|
|t:|1759036541
|move|p1a: Lokix|First Impression|p2a: Gyarados
|-resisted|p2a: Gyarados
|-damage|p2a: Gyarados|0 fnt
|faint|p2a: Gyarados
|
|upkeep
|
|t:|1759036584
|switch|p2a: Dragonite|Dragonite, M|100/100
|turn|18
|
|t:|1759036635
|switch|p1a: Enamorus|Enamorus, F, tera:Stellar|17/100
|move|p2a: Dragonite|Extreme Speed|p1a: Enamorus
|-damage|p1a: Enamorus|0 fnt
|faint|p1a: Enamorus
|-damage|p2a: Dragonite|91/100|[from] item: Life Orb
|
|upkeep
|
|t:|1759036643
|switch|p1a: Slowking|Slowking-Galar, F|100/100
|turn|19
|
|t:|1759036652
|move|p2a: Dragonite|Earthquake|p1a: Slowking
|-supereffective|p1a: Slowking
|-enditem|p1a: Slowking|Shuca Berry|[eat]
|-enditem|p1a: Slowking|Shuca Berry|[weaken]
|-damage|p1a: Slowking|66/100
|-damage|p2a: Dragonite|81/100|[from] item: Life Orb
|move|p1a: Slowking|Future Sight|p2a: Dragonite
|-start|p1a: Slowking|move: Future Sight
|
|upkeep
|turn|20
|
|t:|1759036659
|move|p2a: Dragonite|Earthquake|p1a: Slowking
|-supereffective|p1a: Slowking
|-damage|p1a: Slowking|0 fnt
|faint|p1a: Slowking
|-damage|p2a: Dragonite|71/100|[from] item: Life Orb
|
|upkeep
|
|t:|1759036666
|switch|p1a: Great Tusk|Great Tusk|100/100
|turn|21
|
|t:|1759036675
|switch|p2a: Scizor|Scizor, M|100/100
|move|p1a: Great Tusk|Ice Spinner|p2a: Scizor
|-resisted|p2a: Scizor
|-crit|p2a: Scizor
|-damage|p2a: Scizor|75/100
|
|-end|p2a: Scizor|move: Future Sight
|-resisted|p2a: Scizor
|-damage|p2a: Scizor|40/100
|upkeep
|turn|22
|
|t:|1759036702
|move|p2a: Scizor|Bullet Punch|p1a: Great Tusk
|-damage|p1a: Great Tusk|79/100
|move|p1a: Great Tusk|Ice Spinner|p2a: Scizor
|-resisted|p2a: Scizor
|-damage|p2a: Scizor|23/100
|
|upkeep
|turn|23
|
|t:|1759036712
|move|p2a: Scizor|Bullet Punch|p1a: Great Tusk
|-damage|p1a: Great Tusk|55/100
|move|p1a: Great Tusk|Ice Spinner|p2a: Scizor
|-resisted|p2a: Scizor
|-damage|p2a: Scizor|5/100
|
|upkeep
|turn|24
|
|t:|1759036727
|move|p1a: Great Tusk|Rapid Spin|p2a: Scizor
|-resisted|p2a: Scizor
|-damage|p2a: Scizor|0 fnt
|-boost|p1a: Great Tusk|spe|1
|faint|p2a: Scizor
|
|upkeep
|
|t:|1759036738
|switch|p2a: Dragonite|Dragonite, M|71/100
|turn|25
|
|t:|1759036748
|move|p1a: Great Tusk|Ice Spinner|p2a: Dragonite
|-supereffective|p2a: Dragonite
|-damage|p2a: Dragonite|0 fnt
|faint|p2a: Dragonite
|
|win|Cameron 2007
|raw|Cameron 2007's rating: 1181 &rarr; <strong>1203</strong><br />(+22 for winning)
|raw|flounderbasket's rating: 1141 &rarr; <strong>1119</strong><br />(-22 for losing)
|l|☆Cameron 2007
|player|p1|
|c|☆flounderbasket|gg\
|l|☆flounderbasket
|player|p2|
