|j|☆diginyobutttwin
|j|☆Srgtcobra
|t:|1758926926
|gametype|singles
|player|p1|diginyobutttwin|alder|1265
|player|p2|Srgtcobra|2|1231
|gen|9
|tier|[Gen 9] OU
|rated|
|rule|HP Percentage Mod: HP is shown in percentages
|rule|Endless Battle Clause: Forcing endless battles is banned
|rule|Species Clause: Limit one of each Pokémon
|rule|OHKO Clause: OHKO moves are banned
|rule|Evasion Items Clause: Evasion items are banned
|rule|Evasion Moves Clause: Evasion moves are banned
|rule|Evasion Abilities Clause: Evasion abilities are banned
|rule|Sleep Moves Clause: Sleep-inducing moves are banned
|clearpoke
|poke|p1|Garganacl, F|
|poke|p1|Pelipper, M|
|poke|p1|Cinderace, M|
|poke|p1|Ogerpon-Cornerstone, F|
|poke|p1|Deoxys-Speed|
|poke|p1|Zapdos|
|poke|p2|Noivern, F|
|poke|p2|Gholdengo|
|poke|p2|Kingambit, F|
|poke|p2|Golduck, M|
|poke|p2|Scizor, F|
|poke|p2|Articuno-Galar|
|teampreview
|inactive|Battle timer is ON: inactive players will automatically lose when time's up. (requested by diginyobutttwin)
|
|t:|1758926955
|teamsize|p1|6
|teamsize|p2|6
|start
|switch|p1a: Ogerpon|Ogerpon-Cornerstone, F|100/100
|switch|p2a: Noivern|Noivern, F|100/100
|-item|p1a: Ogerpon|Cornerstone Mask|[from] ability: Frisk|[of] p2a: Noivern
|turn|1
|
|t:|1758926967
|move|p2a: Noivern|U-turn|p1a: Ogerpon
|-supereffective|p1a: Ogerpon
|-damage|p1a: Ogerpon|74/100
|
|t:|1758926969
|switch|p2a: Golduck|Golduck, M|100/100|[from] U-turn
|-ability|p2a: Golduck|Cloud Nine
|move|p1a: Ogerpon|Ivy Cudgel|p2a: Golduck|[anim] Ivy Cudgel Rock
|-damage|p2a: Golduck|21/100
|
|upkeep
|turn|2
|
|t:|1758926978
|move|p2a: Golduck|Ice Beam|p1a: Ogerpon
|-supereffective|p1a: Ogerpon
|-damage|p1a: Ogerpon|14/100
|move|p1a: Ogerpon|Horn Leech|p2a: Golduck
|-supereffective|p2a: Golduck
|-damage|p2a: Golduck|0 fnt
|-heal|p1a: Ogerpon|25/100|[from] drain|[of] p2a: Golduck
|faint|p2a: Golduck
|
|upkeep
|
|t:|1758926984
|switch|p2a: Noivern|Noivern, F|100/100
|-item|p1a: Ogerpon|Cornerstone Mask|[from] ability: Frisk|[of] p2a: Noivern
|turn|3
|
|t:|1758926994
|switch|p1a: Cinderace|Cinderace, M|100/100
|move|p2a: Noivern|Boomburst|p1a: Cinderace
|-damage|p1a: Cinderace|42/100
|-enditem|p2a: Noivern|Throat Spray
|-boost|p2a: Noivern|spa|1|[from] item: Throat Spray
|
|upkeep
|turn|4
|
|t:|1758927010
|move|p2a: Noivern|Boomburst|p1a: Cinderace
|-damage|p1a: Cinderace|0 fnt
|faint|p1a: Cinderace
|
|upkeep
|
|t:|1758927014
|switch|p1a: Pelipper|Pelipper, M, shiny|100/100
|-weather|RainDance|[from] ability: Drizzle|[of] p1a: Pelipper
|turn|5
|
|t:|1758927023
|-terastallize|p2a: Noivern|Normal
|move|p2a: Noivern|Boomburst|p1a: Pelipper
|-damage|p1a: Pelipper|0 fnt
|faint|p1a: Pelipper
|
|-weather|RainDance|[upkeep]
|upkeep
|
|t:|1758927032
|switch|p1a: Daddy|Deoxys-Speed|100/100
|-ability|p1a: Daddy|Pressure
|turn|6
|
|t:|1758927041
|move|p1a: Daddy|Superpower|p2a: Noivern
|-supereffective|p2a: Noivern
|-damage|p2a: Noivern|12/100
|-unboost|p1a: Daddy|atk|1
|-unboost|p1a: Daddy|def|1
|-enditem|p1a: Daddy|Eject Pack
|
|t:|1758927048
|switch|p1a: Garganacl|Garganacl, F|100/100
|move|p2a: Noivern|Boomburst|p1a: Garganacl
|-resisted|p1a: Garganacl
|-damage|p1a: Garganacl|72/100
|
|-weather|RainDance|[upkeep]
|-heal|p1a: Garganacl|78/100|[from] item: Leftovers
|upkeep
|turn|7
|
|t:|1758927057
|move|p2a: Noivern|Draco Meteor|p1a: Garganacl
|-damage|p1a: Garganacl|25/100
|-unboost|p2a: Noivern|spa|2
|move|p1a: Garganacl|Salt Cure|p2a: Noivern
|-damage|p2a: Noivern|0 fnt
|faint|p2a: Noivern
|
|-weather|RainDance|[upkeep]
|-heal|p1a: Garganacl|31/100|[from] item: Leftovers
|upkeep
|
|t:|1758927063
|switch|p2a: Articuno|Articuno-Galar|100/100
|turn|8
|
|t:|1758927093
|move|p1a: Garganacl|Protect|p1a: Garganacl
|-singleturn|p1a: Garganacl|Protect
|move|p2a: Articuno|Agility|p2a: Articuno
|-boost|p2a: Articuno|spe|2
|
|-weather|RainDance|[upkeep]
|-heal|p1a: Garganacl|37/100|[from] item: Leftovers
|upkeep
|turn|9
|
|t:|1758927100
|move|p2a: Articuno|Freezing Glare|p1a: Garganacl
|-damage|p1a: Garganacl|12/100
|move|p1a: Garganacl|Salt Cure|p2a: Articuno
|-supereffective|p2a: Articuno
|-damage|p2a: Articuno|72/100
|-start|p2a: Articuno|Salt Cure
|-enditem|p2a: Articuno|Weakness Policy
|-boost|p2a: Articuno|atk|2|[from] item: Weakness Policy
|-boost|p2a: Articuno|spa|2|[from] item: Weakness Policy
|
|-weather|RainDance|[upkeep]
|-heal|p1a: Garganacl|18/100|[from] item: Leftovers
|-damage|p2a: Articuno|60/100|[from] Salt Cure
|upkeep
|turn|10
|
|t:|1758927113
|move|p2a: Articuno|Freezing Glare|p1a: Garganacl
|-damage|p1a: Garganacl|0 fnt
|faint|p1a: Garganacl
|
|-weather|RainDance|[upkeep]
|-damage|p2a: Articuno|47/100|[from] Salt Cure
|upkeep
|
|t:|1758927127
|switch|p1a: Daddy|Deoxys-Speed|100/100
|-ability|p1a: Daddy|Pressure
|turn|11
|
|t:|1758927134
|move|p2a: Articuno|Shadow Ball|p1a: Daddy
|-supereffective|p1a: Daddy
|-damage|p1a: Daddy|0 fnt
|faint|p1a: Daddy
|
|-weather|RainDance|[upkeep]
|-damage|p2a: Articuno|35/100|[from] Salt Cure
|upkeep
|
|t:|1758927140
|switch|p1a: Zapdos|Zapdos|100/100
|turn|12
|
|t:|1758927151
|move|p2a: Articuno|Freezing Glare|p1a: Zapdos
|-damage|p1a: Zapdos|29/100
|move|p1a: Zapdos|Thunder|p2a: Articuno
|-supereffective|p2a: Articuno
|-damage|p2a: Articuno|0 fnt
|faint|p2a: Articuno
|
|-weather|none
|upkeep
|
|t:|1758927155
|switch|p2a: Kingambit|Kingambit, F|100/100
|-activate|p2a: Kingambit|ability: Supreme Overlord
|-start|p2a: Kingambit|fallen3|[silent]
|turn|13
|
|t:|1758927164
|-terastallize|p1a: Zapdos|Electric
|move|p1a: Zapdos|Thunder|p2a: Kingambit
|-damage|p2a: Kingambit|17/100
|move|p2a: Kingambit|Kowtow Cleave|p1a: Zapdos
|-damage|p1a: Zapdos|0 fnt
|-status|p2a: Kingambit|par|[from] ability: Static|[of] p1a: Zapdos
|faint|p1a: Zapdos
|
|-heal|p2a: Kingambit|23/100 par|[from] item: Leftovers
|upkeep
|
|t:|1758927174
|switch|p1a: Ogerpon|Ogerpon-Cornerstone, F|25/100
|turn|14
|
|t:|1758927177
|move|p2a: Kingambit|Sucker Punch||[still]
|-fail|p2a: Kingambit
|move|p1a: Ogerpon|Swords Dance|p1a: Ogerpon
|-boost|p1a: Ogerpon|atk|2
|
|-heal|p2a: Kingambit|29/100 par|[from] item: Leftovers
|upkeep
|turn|15
|inactive|diginyobutttwin has 120 seconds left.
|
|t:|1758927210
|move|p2a: Kingambit|Sucker Punch||[still]
|-fail|p2a: Kingambit
|move|p1a: Ogerpon|Swords Dance|p1a: Ogerpon
|-boost|p1a: Ogerpon|atk|2
|
|-heal|p2a: Kingambit|35/100 par|[from] item: Leftovers
|upkeep
|turn|16
|inactive|diginyobutttwin has 120 seconds left.
|
|t:|1758927222
|move|p2a: Kingambit|Sucker Punch||[still]
|-fail|p2a: Kingambit
|move|p1a: Ogerpon|Swords Dance|p1a: Ogerpon
|-boost|p1a: Ogerpon|atk|2
|
|-heal|p2a: Kingambit|41/100 par|[from] item: Leftovers
|upkeep
|turn|17
|inactive|diginyobutttwin has 120 seconds left.
|
|t:|1758927238
|move|p2a: Kingambit|Sucker Punch||[still]
|-fail|p2a: Kingambit
|move|p1a: Ogerpon|Swords Dance|p1a: Ogerpon
|-boost|p1a: Ogerpon|atk|0
|
|-heal|p2a: Kingambit|47/100 par|[from] item: Leftovers
|upkeep
|turn|18
|inactive|diginyobutttwin has 120 seconds left.
|
|t:|1758927246
|cant|p2a: Kingambit|par
|move|p1a: Ogerpon|Low Kick|p2a: Kingambit
|-supereffective|p2a: Kingambit
|-damage|p2a: Kingambit|0 fnt
|faint|p2a: Kingambit
|-end|p2a: Kingambit|fallen3|[silent]
|
|upkeep
|
|t:|1758927255
|switch|p2a: Scizor|Scizor, F|100/100
|turn|19
|
|t:|1758927261
|move|p2a: Scizor|Bullet Punch|p1a: Ogerpon
|-supereffective|p1a: Ogerpon
|-damage|p1a: Ogerpon|0 fnt
|faint|p1a: Ogerpon
|
|win|Srgtcobra
|raw|diginyobutttwin's rating: 1265 &rarr; <strong>1238</strong><br />(-27 for losing)
|raw|Srgtcobra's rating: 1231 &rarr; <strong>1258</strong><br />(+27 for winning)
|l|☆Srgtcobra
|player|p2|
|l|☆diginyobutttwin
|player|p1|
