|j|☆CarrotStix
|j|☆arsen rupin
|t:|1759011879
|gametype|singles
|player|p1|CarrotStix|plasmagruntf-gen5bw|1339
|player|p2|arsen rupin|pilot|1469
|gen|9
|tier|[Gen 9] OU
|rated|
|rule|HP Percentage Mod: HP is shown in percentages
|rule|Endless Battle Clause: Forcing endless battles is banned
|rule|Species Clause: Limit one of each Pokémon
|rule|OHKO Clause: OHKO moves are banned
|rule|Evasion Items Clause: Evasion items are banned
|rule|Evasion Moves Clause: Evasion moves are banned
|rule|Evasion Abilities Clause: Evasion abilities are banned
|rule|Sleep Moves Clause: Sleep-inducing moves are banned
|clearpoke
|poke|p1|Rillaboom, F|
|poke|p1|Meowscarada, F|
|poke|p1|Slowking-Galar, F|
|poke|p1|Glastrier|
|poke|p1|Tentacruel, M|
|poke|p1|Minior|
|poke|p2|Dragapult, F|
|poke|p2|Walking Wake|
|poke|p2|Gholdengo|
|poke|p2|Zamazenta-*|
|poke|p2|Landorus-Therian, M|
|poke|p2|Iron Moth|
|teampreview
|inactive|Battle timer is ON: inactive players will automatically lose when time's up. (requested by arsen rupin)
|
|t:|1759011921
|teamsize|p1|6
|teamsize|p2|6
|start
|switch|p1a: GreenBack|Rillaboom, F|100/100
|switch|p2a: Zamazenta|Zamazenta|100/100
|-ability|p2a: Zamazenta|Dauntless Shield|boost
|-boost|p2a: Zamazenta|def|1
|-fieldstart|move: Grassy Terrain|[from] ability: Grassy Surge|[of] p1a: GreenBack
|turn|1
|
|t:|1759011931
|switch|p2a: Landorus|Landorus-Therian, M|100/100
|-ability|p2a: Landorus|Intimidate|boost
|-unboost|p1a: GreenBack|atk|1
|move|p1a: GreenBack|Wood Hammer|p2a: Landorus
|-damage|p2a: Landorus|43/100
|-damage|p1a: GreenBack|84/100|[from] item: Rocky Helmet|[of] p2a: Landorus
|-damage|p1a: GreenBack|66/100|[from] Recoil
|
|-heal|p1a: GreenBack|72/100|[from] Grassy Terrain
|upkeep
|turn|2
|
|t:|1759011943
|move|p2a: Landorus|Stealth Rock|p1a: GreenBack
|-sidestart|p1: CarrotStix|move: Stealth Rock
|move|p1a: GreenBack|U-turn|p2a: Landorus
|-resisted|p2a: Landorus
|-damage|p2a: Landorus|35/100
|-damage|p1a: GreenBack|55/100|[from] item: Rocky Helmet|[of] p2a: Landorus
|
|t:|1759011951
|switch|p1a: TenToesDown|Tentacruel, M|100/100|[from] U-turn
|-damage|p1a: TenToesDown|88/100|[from] Stealth Rock
|
|-heal|p1a: TenToesDown|94/100|[from] Grassy Terrain
|-heal|p1a: TenToesDown|100/100|[from] item: Leftovers
|upkeep
|turn|3
|
|t:|1759011956
|move|p2a: Landorus|U-turn|p1a: TenToesDown
|-resisted|p1a: TenToesDown
|-damage|p1a: TenToesDown|87/100
|
|t:|1759011958
|switch|p2a: Gholdengo|Gholdengo|100/100|[from] U-turn
|-item|p2a: Gholdengo|Air Balloon
|move|p1a: TenToesDown|Rapid Spin|p2a: Gholdengo
|-immune|p2a: Gholdengo
|
|-heal|p1a: TenToesDown|93/100|[from] Grassy Terrain
|-heal|p1a: TenToesDown|99/100|[from] item: Leftovers
|upkeep
|turn|4
|inactive|CarrotStix has 120 seconds left.
|
|t:|1759011996
|move|p2a: Gholdengo|Psyshock|p1a: TenToesDown
|-supereffective|p1a: TenToesDown
|-damage|p1a: TenToesDown|19/100
|move|p1a: TenToesDown|Whirlpool|p2a: Gholdengo
|-damage|p2a: Gholdengo|88/100
|-activate|p2a: Gholdengo|move: Whirlpool|[of] p1a: TenToesDown
|-enditem|p2a: Gholdengo|Air Balloon
|
|-heal|p2a: Gholdengo|94/100|[from] Grassy Terrain
|-heal|p1a: TenToesDown|25/100|[from] Grassy Terrain
|-heal|p1a: TenToesDown|31/100|[from] item: Leftovers
|-damage|p2a: Gholdengo|81/100|[from] move: Whirlpool|[partiallytrapped]
|upkeep
|turn|5
|inactive|CarrotStix has 120 seconds left.
|
|t:|1759012014
|switch|p1a: Lucille Beehive|Slowking-Galar, F|100/100
|-damage|p1a: Lucille Beehive|88/100|[from] Stealth Rock
|move|p2a: Gholdengo|Make It Rain|p1a: Lucille Beehive
|-damage|p1a: Lucille Beehive|34/100
|-unboost|p2a: Gholdengo|spa|1
|
|-heal|p2a: Gholdengo|87/100|[from] Grassy Terrain
|-heal|p1a: Lucille Beehive|40/100|[from] Grassy Terrain
|-heal|p1a: Lucille Beehive|46/100|[from] item: Leftovers
|-end|p2a: Gholdengo|Whirlpool|[partiallytrapped]|[silent]
|upkeep
|turn|6
|
|t:|1759012023
|move|p2a: Gholdengo|Shadow Ball|p1a: Lucille Beehive
|-supereffective|p1a: Lucille Beehive
|-damage|p1a: Lucille Beehive|0 fnt
|faint|p1a: Lucille Beehive
|
|-heal|p2a: Gholdengo|94/100|[from] Grassy Terrain
|upkeep
|inactive|CarrotStix has 90 seconds left.
|
|t:|1759012056
|switch|p1a: Mini-Moo|Minior, shiny|100/100
|-damage|p1a: Mini-Moo|76/100|[from] Stealth Rock
|-formechange|p1a: Mini-Moo|Minior-Meteor||[from] ability: Shields Down
|turn|7
|
|t:|1759012063
|-terastallize|p1a: Mini-Moo|Fire
|move|p2a: Gholdengo|Nasty Plot|p2a: Gholdengo
|-boost|p2a: Gholdengo|spa|2
|move|p1a: Mini-Moo|Shell Smash|p1a: Mini-Moo
|-unboost|p1a: Mini-Moo|def|1
|-unboost|p1a: Mini-Moo|spd|1
|-boost|p1a: Mini-Moo|atk|2
|-boost|p1a: Mini-Moo|spa|2
|-boost|p1a: Mini-Moo|spe|2
|
|-heal|p1a: Mini-Moo|82/100|[from] Grassy Terrain
|-heal|p2a: Gholdengo|99/100|[from] Grassy Terrain
|upkeep
|turn|8
|
|t:|1759012074
|move|p1a: Mini-Moo|Tera Blast|p2a: Gholdengo|[anim] Tera Blast Fire
|-supereffective|p2a: Gholdengo
|-damage|p2a: Gholdengo|0 fnt
|faint|p2a: Gholdengo
|
|-heal|p1a: Mini-Moo|88/100|[from] Grassy Terrain
|-fieldend|move: Grassy Terrain
|upkeep
|
|t:|1759012086
|switch|p2a: Walking Wake|Walking Wake|100/100
|turn|9
|
|t:|1759012106
|move|p2a: Walking Wake|Surf|p1a: Mini-Moo
|-supereffective|p1a: Mini-Moo
|-damage|p1a: Mini-Moo|0 fnt
|faint|p1a: Mini-Moo
|
|upkeep
|
|t:|1759012112
|switch|p1a: TenToesDown|Tentacruel, M|31/100
|-damage|p1a: TenToesDown|19/100|[from] Stealth Rock
|turn|10
|
|t:|1759012126
|-end|p2a: Walking Wake|Protosynthesis|[silent]
|switch|p2a: Dragapult|Dragapult, F|100/100
|move|p1a: TenToesDown|Toxic|p2a: Dragapult
|-status|p2a: Dragapult|tox
|-enditem|p2a: Dragapult|Lum Berry|[eat]
|-curestatus|p2a: Dragapult|tox|[msg]
|
|-heal|p1a: TenToesDown|25/100|[from] item: Leftovers
|upkeep
|turn|11
|
|t:|1759012137
|switch|p1a: GreenBack|Rillaboom, F|55/100
|-damage|p1a: GreenBack|43/100|[from] Stealth Rock
|-fieldstart|move: Grassy Terrain|[from] ability: Grassy Surge|[of] p1a: GreenBack
|move|p2a: Dragapult|Dragon Darts|p1a: GreenBack
|-damage|p1a: GreenBack|19/100
|-anim|p2a: Dragapult|Dragon Darts|p1a: GreenBack
|-damage|p1a: GreenBack|0 fnt
|faint|p1a: GreenBack
|
|upkeep
|
|t:|1759012143
|switch|p1a: War Horse|Glastrier|100/100
|-damage|p1a: War Horse|76/100|[from] Stealth Rock
|turn|12
|
|t:|1759012156
|-terastallize|p2a: Dragapult|Fire
|move|p2a: Dragapult|Dragon Dance|p2a: Dragapult
|-boost|p2a: Dragapult|atk|1
|-boost|p2a: Dragapult|spe|1
|move|p1a: War Horse|Avalanche|p2a: Dragapult
|-resisted|p2a: Dragapult
|-damage|p2a: Dragapult|75/100
|
|-heal|p2a: Dragapult|81/100|[from] Grassy Terrain
|-heal|p1a: War Horse|82/100|[from] Grassy Terrain
|upkeep
|turn|13
|
|t:|1759012165
|move|p2a: Dragapult|Tera Blast|p1a: War Horse|[anim] Tera Blast Fire
|-supereffective|p1a: War Horse
|-damage|p1a: War Horse|0 fnt
|faint|p1a: War Horse
|
|-heal|p2a: Dragapult|87/100|[from] Grassy Terrain
|upkeep
|
|t:|1759012174
|switch|p1a: TenToesDown|Tentacruel, M|25/100
|-damage|p1a: TenToesDown|13/100|[from] Stealth Rock
|turn|14
|
|t:|1759012177
|move|p2a: Dragapult|Dragon Darts|p1a: TenToesDown
|-damage|p1a: TenToesDown|0 fnt
|faint|p1a: TenToesDown
|
|-heal|p2a: Dragapult|93/100|[from] Grassy Terrain
|upkeep
|inactive|CarrotStix has 120 seconds left.
|
|t:|1759012185
|switch|p1a: Tybalt|Meowscarada, F|100/100
|-damage|p1a: Tybalt|88/100|[from] Stealth Rock
|turn|15
|
|t:|1759012190
|move|p2a: Dragapult|Dragon Darts|p1a: Tybalt
|-damage|p1a: Tybalt|27/100
|-anim|p2a: Dragapult|Dragon Darts|p1a: Tybalt
|-damage|p1a: Tybalt|0 fnt
|faint|p1a: Tybalt
|
|win|arsen rupin
|raw|CarrotStix's rating: 1339 &rarr; <strong>1326</strong><br />(-13 for losing)
|raw|arsen rupin's rating: 1469 &rarr; <strong>1482</strong><br />(+13 for winning)
|l|☆CarrotStix
|player|p1|
|l|☆arsen rupin
|player|p2|
