|badge|p2|bronze|gen9uu|100-6
|uhtml|medal-msg|<div class="broadcast-blue">Curious what those medals under the avatar are? PS now has Ladder Seasons! For more information, check out the <a href="https://www.smogon.com/forums/threads/3740067/">thread on Smogon.</a></div>
|j|☆jojosworld
|j|☆mooch99
|t:|1758933818
|gametype|singles
|player|p1|jojosworld|cynthia|1650
|player|p2|mooch99|unknown|1683
|gen|9
|tier|[Gen 9] OU
|rated|
|rule|HP Percentage Mod: HP is shown in percentages
|rule|Endless Battle Clause: Forcing endless battles is banned
|rule|Species Clause: Limit one of each Pokémon
|rule|OHKO Clause: OHKO moves are banned
|rule|Evasion Items Clause: Evasion items are banned
|rule|Evasion Moves Clause: Evasion moves are banned
|rule|Evasion Abilities Clause: Evasion abilities are banned
|rule|Sleep Moves Clause: Sleep-inducing moves are banned
|clearpoke
|poke|p1|Alomomola, F|
|poke|p1|Amoonguss, F|
|poke|p1|Gholdengo|
|poke|p1|Great Tusk|
|poke|p1|Goodra-Hisui, F|
|poke|p1|Clefable, F|
|poke|p2|Toucannon, F|
|poke|p2|Dragonite, F|
|poke|p2|Zamazenta-*|
|poke|p2|Iron Treads|
|poke|p2|Zapdos|
|poke|p2|Primarina, F|
|teampreview
|inactive|Battle timer is ON: inactive players will automatically lose when time's up. (requested by mooch99)
|inactive|jojosworld also wants the timer to be on.
|
|t:|1758933830
|teamsize|p1|6
|teamsize|p2|6
|start
|switch|p1a: Great Tusk|Great Tusk, shiny|100/100
|switch|p2a: Toucannon|Toucannon, F|100/100
|turn|1
|
|t:|1758933834
|-end|p1a: Great Tusk|Protosynthesis|[silent]
|switch|p1a: Gholdengo|Gholdengo, shiny|100/100
|-singleturn|p2a: Toucannon|move: Beak Blast
|move|p2a: Toucannon|Beak Blast|p1a: Gholdengo
|-resisted|p1a: Gholdengo
|-damage|p1a: Gholdengo|84/100
|
|upkeep
|turn|2
|
|t:|1758933841
|move|p1a: Gholdengo|Hex|p2a: Toucannon
|-immune|p2a: Toucannon
|move|p2a: Toucannon|Knock Off|p1a: Gholdengo
|-supereffective|p1a: Gholdengo
|-damage|p1a: Gholdengo|34/100
|-damage|p2a: Toucannon|84/100|[from] item: Rocky Helmet|[of] p1a: Gholdengo
|-enditem|p1a: Gholdengo|Rocky Helmet|[from] move: Knock Off|[of] p2a: Toucannon
|
|upkeep
|turn|3
|
|t:|1758933865
|switch|p2a: Zapdos|Zapdos|100/100
|move|p1a: Gholdengo|Recover|p1a: Gholdengo
|-heal|p1a: Gholdengo|84/100
|
|upkeep
|turn|4
|
|t:|1758933875
|switch|p1a: Goodra|Goodra-Hisui, F, shiny|100/100
|move|p2a: Zapdos|Heat Wave|p1a: Goodra
|-damage|p1a: Goodra|85/100
|
|upkeep
|turn|5
|
|t:|1758933884
|switch|p2a: Primarina|Primarina, F|100/100
|move|p1a: Goodra|Knock Off|p2a: Primarina
|-resisted|p2a: Primarina
|-damage|p2a: Primarina|86/100
|-enditem|p2a: Primarina|Assault Vest|[from] move: Knock Off|[of] p1a: Goodra
|
|upkeep
|turn|6
|
|t:|1758933890
|switch|p1a: Alomomola|Alomomola, F, shiny|100/100
|move|p2a: Primarina|Moonblast|p1a: Alomomola
|-damage|p1a: Alomomola|34/100
|
|upkeep
|turn|7
|
|t:|1758933895
|switch|p1a: Amoonguss|Amoonguss, F, shiny|100/100
|move|p2a: Primarina|Moonblast|p1a: Amoonguss
|-resisted|p1a: Amoonguss
|-damage|p1a: Amoonguss|75/100
|-unboost|p1a: Amoonguss|spa|1
|
|upkeep
|turn|8
|
|t:|1758933903
|switch|p2a: Zapdos|Zapdos|100/100
|move|p1a: Amoonguss|Foul Play|p2a: Zapdos
|-damage|p2a: Zapdos|83/100
|
|upkeep
|turn|9
|
|t:|1758933915
|switch|p1a: Goodra|Goodra-Hisui, F, shiny|85/100
|move|p2a: Zapdos|Hurricane|p1a: Goodra
|-resisted|p1a: Goodra
|-damage|p1a: Goodra|71/100
|-start|p1a: Goodra|confusion
|
|upkeep
|turn|10
|
|t:|1758933924
|switch|p2a: Toucannon|Toucannon, F|84/100
|-activate|p1a: Goodra|confusion
|move|p1a: Goodra|Draco Meteor|p2a: Toucannon
|-damage|p2a: Toucannon|48/100
|-unboost|p1a: Goodra|spa|2
|
|upkeep
|turn|11
|
|t:|1758933930
|switch|p1a: Gholdengo|Gholdengo, shiny|84/100
|move|p2a: Toucannon|Knock Off|p1a: Gholdengo
|-supereffective|p1a: Gholdengo
|-damage|p1a: Gholdengo|54/100
|
|upkeep
|turn|12
|
|t:|1758933938
|switch|p2a: Zapdos|Zapdos|83/100
|move|p1a: Gholdengo|Recover|p1a: Gholdengo
|-heal|p1a: Gholdengo|100/100
|
|upkeep
|turn|13
|
|t:|1758933944
|switch|p1a: Goodra|Goodra-Hisui, F, shiny|71/100
|move|p2a: Zapdos|Volt Switch|p1a: Goodra
|-resisted|p1a: Goodra
|-damage|p1a: Goodra|61/100
|
|t:|1758933960
|switch|p2a: Toucannon|Toucannon, F|48/100|[from] Volt Switch
|
|upkeep
|turn|14
|
|t:|1758933965
|switch|p1a: Clefable|Clefable, F, shiny|100/100
|-terastallize|p2a: Toucannon|Dark
|move|p2a: Toucannon|Knock Off|p1a: Clefable
|-resisted|p1a: Clefable
|-damage|p1a: Clefable|81/100
|-enditem|p1a: Clefable|Leftovers|[from] move: Knock Off|[of] p2a: Toucannon
|
|upkeep
|turn|15
|
|t:|1758933976
|switch|p2a: Primarina|Primarina, F|86/100
|move|p1a: Clefable|Stealth Rock|p2a: Primarina
|-sidestart|p2: mooch99|move: Stealth Rock
|
|upkeep
|turn|16
|
|t:|1758933985
|move|p2a: Primarina|Moonblast|p1a: Clefable
|-damage|p1a: Clefable|34/100
|move|p1a: Clefable|Thunder Wave|p2a: Primarina
|-status|p2a: Primarina|par
|
|upkeep
|turn|17
|
|t:|1758933991
|move|p1a: Clefable|Moonlight|p1a: Clefable
|-heal|p1a: Clefable|84/100
|move|p2a: Primarina|Moonblast|p1a: Clefable
|-damage|p1a: Clefable|32/100
|
|upkeep
|turn|18
|
|t:|1758933997
|move|p1a: Clefable|Moonlight|p1a: Clefable
|-heal|p1a: Clefable|82/100
|cant|p2a: Primarina|par
|
|upkeep
|turn|19
|
|t:|1758934006
|switch|p1a: Amoonguss|Amoonguss, F, shiny|100/100
|move|p2a: Primarina|Flip Turn|p1a: Amoonguss
|-resisted|p1a: Amoonguss
|-damage|p1a: Amoonguss|95/100
|
|t:|1758934024
|switch|p2a: Zapdos|Zapdos|83/100|[from] Flip Turn
|-damage|p2a: Zapdos|58/100|[from] Stealth Rock
|
|upkeep
|turn|20
|
|t:|1758934028
|move|p2a: Zapdos|Hurricane|p1a: Amoonguss|[miss]
|-miss|p2a: Zapdos|p1a: Amoonguss
|move|p1a: Amoonguss|Toxic|p2a: Zapdos
|-status|p2a: Zapdos|tox
|
|-damage|p2a: Zapdos|52/100 tox|[from] psn
|upkeep
|turn|21
|
|t:|1758934031
|switch|p1a: Gholdengo|Gholdengo, shiny|100/100
|move|p2a: Zapdos|Hurricane|p1a: Gholdengo
|-resisted|p1a: Gholdengo
|-damage|p1a: Gholdengo|63/100
|
|-damage|p2a: Zapdos|39/100 tox|[from] psn
|upkeep
|turn|22
|
|t:|1758934037
|switch|p2a: Iron Treads|Iron Treads|100/100
|-damage|p2a: Iron Treads|98/100|[from] Stealth Rock
|-item|p2a: Iron Treads|Air Balloon
|move|p1a: Gholdengo|Recover|p1a: Gholdengo
|-heal|p1a: Gholdengo|100/100
|
|upkeep
|turn|23
|
|t:|1758934042
|switch|p1a: Alomomola|Alomomola, F, shiny|68/100
|move|p2a: Iron Treads|Earthquake|p1a: Alomomola
|-damage|p1a: Alomomola|44/100
|
|upkeep
|turn|24
|
|t:|1758934046
|move|p2a: Iron Treads|Rapid Spin|p1a: Alomomola
|-damage|p1a: Alomomola|36/100
|-boost|p2a: Iron Treads|spe|1
|-sideend|p2: mooch99|Stealth Rock|[from] move: Rapid Spin|[of] p2a: Iron Treads
|move|p1a: Alomomola|Flip Turn|p2a: Iron Treads
|-supereffective|p2a: Iron Treads
|-damage|p2a: Iron Treads|71/100
|-enditem|p2a: Iron Treads|Air Balloon
|
|t:|1758934048
|switch|p1a: Clefable|Clefable, F, shiny|82/100|[from] Flip Turn
|
|upkeep
|turn|25
|
|t:|1758934055
|switch|p1a: Alomomola|Alomomola, F, shiny|70/100
|move|p2a: Iron Treads|Earthquake|p1a: Alomomola
|-damage|p1a: Alomomola|47/100
|
|upkeep
|turn|26
|
|t:|1758934076
|move|p2a: Iron Treads|Earthquake|p1a: Alomomola
|-damage|p1a: Alomomola|26/100
|move|p1a: Alomomola|Wish|p1a: Alomomola
|
|upkeep
|turn|27
|
|t:|1758934085
|-end|p2a: Iron Treads|Quark Drive|[silent]
|switch|p2a: Toucannon|Toucannon, F, tera:Dark|48/100
|move|p1a: Alomomola|Protect||[still]
|-fail|p1a: Alomomola
|
|-heal|p1a: Alomomola|76/100|[from] move: Wish|[wisher] Alomomola
|upkeep
|turn|28
|
|t:|1758934092
|switch|p1a: Clefable|Clefable, F, shiny|82/100
|-singleturn|p2a: Toucannon|move: Beak Blast
|move|p2a: Toucannon|Beak Blast|p1a: Clefable
|-damage|p1a: Clefable|38/100
|
|upkeep
|turn|29
|
|t:|1758934098
|-singleturn|p2a: Toucannon|move: Beak Blast
|move|p1a: Clefable|Moonlight|p1a: Clefable
|-heal|p1a: Clefable|88/100
|move|p2a: Toucannon|Beak Blast|p1a: Clefable
|-damage|p1a: Clefable|47/100
|
|upkeep
|turn|30
|
|t:|1758934103
|-singleturn|p2a: Toucannon|move: Beak Blast
|move|p1a: Clefable|Moonlight|p1a: Clefable
|-heal|p1a: Clefable|97/100
|move|p2a: Toucannon|Beak Blast|p1a: Clefable
|-damage|p1a: Clefable|53/100
|
|upkeep
|turn|31
|
|t:|1758934106
|-singleturn|p2a: Toucannon|move: Beak Blast
|move|p1a: Clefable|Moonblast|p2a: Toucannon
|-supereffective|p2a: Toucannon
|-damage|p2a: Toucannon|0 fnt
|faint|p2a: Toucannon
|
|upkeep
|
|t:|1758934113
|switch|p2a: Zapdos|Zapdos|39/100 tox
|turn|32
|
|t:|1758934116
|switch|p1a: Goodra|Goodra-Hisui, F, shiny|61/100
|move|p2a: Zapdos|Heat Wave|p1a: Goodra
|-damage|p1a: Goodra|44/100
|
|-damage|p2a: Zapdos|33/100 tox|[from] psn
|upkeep
|turn|33
|
|t:|1758934125
|switch|p2a: Primarina|Primarina, F|86/100 par
|switch|p1a: Alomomola|Alomomola, F, shiny|100/100
|
|upkeep
|turn|34
|
|t:|1758934130
|move|p1a: Alomomola|Wish|p1a: Alomomola
|cant|p2a: Primarina|par
|
|upkeep
|turn|35
|
|t:|1758934135
|move|p1a: Alomomola|Flip Turn|p2a: Primarina
|-resisted|p2a: Primarina
|-damage|p2a: Primarina|77/100 par
|
|t:|1758934137
|switch|p1a: Goodra|Goodra-Hisui, F, shiny|44/100|[from] Flip Turn
|cant|p2a: Primarina|par
|
|-heal|p1a: Goodra|100/100|[from] move: Wish|[wisher] Alomomola
|upkeep
|turn|36
|
|t:|1758934152
|move|p1a: Goodra|Knock Off|p2a: Primarina
|-resisted|p2a: Primarina
|-damage|p2a: Primarina|68/100 par
|move|p2a: Primarina|Moonblast|p1a: Goodra
|-damage|p1a: Goodra|82/100
|
|upkeep
|turn|37
|
|t:|1758934163
|move|p1a: Goodra|Ice Beam|p2a: Primarina
|-resisted|p2a: Primarina
|-damage|p2a: Primarina|58/100 par
|move|p2a: Primarina|Moonblast|p1a: Goodra
|-damage|p1a: Goodra|62/100
|-unboost|p1a: Goodra|spa|1
|
|upkeep
|turn|38
|
|t:|1758934185
|switch|p1a: Amoonguss|Amoonguss, F, shiny|100/100
|move|p2a: Primarina|Flip Turn|p1a: Amoonguss
|-resisted|p1a: Amoonguss
|-damage|p1a: Amoonguss|96/100
|inactive|mooch99 has 120 seconds left.
|inactive|mooch99 has 90 seconds left.
|
|t:|1758934231
|switch|p2a: Zapdos|Zapdos|33/100 tox|[from] Flip Turn
|
|-damage|p2a: Zapdos|27/100 tox|[from] psn
|upkeep
|turn|39
|inactive|mooch99 has 90 seconds left.
|
|t:|1758934259
|switch|p1a: Goodra|Goodra-Hisui, F, shiny|62/100
|move|p2a: Zapdos|Volt Switch|p1a: Goodra
|-resisted|p1a: Goodra
|-damage|p1a: Goodra|52/100
|
|t:|1758934263
|switch|p2a: Zamazenta|Zamazenta|100/100|[from] Volt Switch
|-ability|p2a: Zamazenta|Dauntless Shield|boost
|-boost|p2a: Zamazenta|def|1
|
|upkeep
|turn|40
|inactive|mooch99 has 90 seconds left.
|
|t:|1758934283
|switch|p1a: Alomomola|Alomomola, F, shiny|100/100
|move|p2a: Zamazenta|Crunch|p1a: Alomomola
|-damage|p1a: Alomomola|79/100
|
|upkeep
|turn|41
|inactive|mooch99 has 90 seconds left.
|
|t:|1758934291
|switch|p2a: Primarina|Primarina, F|58/100 par
|move|p1a: Alomomola|Wish|p1a: Alomomola
|
|upkeep
|turn|42
|
|t:|1758934311
|move|p1a: Alomomola|Flip Turn|p2a: Primarina
|-resisted|p2a: Primarina
|-damage|p2a: Primarina|49/100 par
|
|t:|1758934312
|switch|p1a: Goodra|Goodra-Hisui, F, shiny|52/100|[from] Flip Turn
|move|p2a: Primarina|Psychic Noise|p1a: Goodra
|-resisted|p1a: Goodra
|-damage|p1a: Goodra|44/100
|-start|p1a: Goodra|move: Heal Block
|
|upkeep
|turn|43
|
|t:|1758934322
|move|p1a: Goodra|Knock Off|p2a: Primarina
|-resisted|p2a: Primarina
|-damage|p2a: Primarina|39/100 par
|move|p2a: Primarina|Moonblast|p1a: Goodra
|-damage|p1a: Goodra|26/100
|
|-end|p1a: Goodra|move: Heal Block
|upkeep
|turn|44
|
|t:|1758934337
|switch|p1a: Gholdengo|Gholdengo, shiny|100/100
|switch|p2a: Iron Treads|Iron Treads|71/100
|
|upkeep
|turn|45
|
|t:|1758934345
|switch|p1a: Alomomola|Alomomola, F, shiny|100/100
|move|p2a: Iron Treads|Earthquake|p1a: Alomomola
|-damage|p1a: Alomomola|76/100
|
|upkeep
|turn|46
|inactive|mooch99 has 120 seconds left.
|
|t:|1758934360
|move|p2a: Iron Treads|Earthquake|p1a: Alomomola
|-damage|p1a: Alomomola|51/100
|move|p1a: Alomomola|Wish|p1a: Alomomola
|
|upkeep
|turn|47
|inactive|mooch99 has 120 seconds left.
|inactive|mooch99 has 90 seconds left.
|
|t:|1758934397
|move|p2a: Iron Treads|Earthquake|p1a: Alomomola
|-damage|p1a: Alomomola|29/100
|move|p1a: Alomomola|Flip Turn|p2a: Iron Treads
|-supereffective|p2a: Iron Treads
|-damage|p2a: Iron Treads|42/100
|
|t:|1758934401
|switch|p1a: Goodra|Goodra-Hisui, F, shiny|26/100|[from] Flip Turn
|
|-heal|p1a: Goodra|99/100|[from] move: Wish|[wisher] Alomomola
|upkeep
|turn|48
|
|t:|1758934407
|switch|p1a: Alomomola|Alomomola, F, shiny|62/100
|move|p2a: Iron Treads|Earthquake|p1a: Alomomola
|-damage|p1a: Alomomola|37/100
|
|upkeep
|turn|49
|
|t:|1758934411
|switch|p1a: Amoonguss|Amoonguss, F, shiny|100/100
|move|p2a: Iron Treads|Earthquake|p1a: Amoonguss
|-crit|p1a: Amoonguss
|-damage|p1a: Amoonguss|53/100
|
|upkeep
|turn|50
|
|t:|1758934415
|switch|p1a: Alomomola|Alomomola, F, shiny|71/100
|move|p2a: Iron Treads|Ice Spinner|p1a: Alomomola
|-resisted|p1a: Alomomola
|-damage|p1a: Alomomola|65/100
|
|upkeep
|turn|51
|
|t:|1758934417
|move|p2a: Iron Treads|Earthquake|p1a: Alomomola
|-damage|p1a: Alomomola|40/100
|move|p1a: Alomomola|Wish|p1a: Alomomola
|
|upkeep
|turn|52
|
|t:|1758934425
|move|p1a: Alomomola|Protect|p1a: Alomomola
|-singleturn|p1a: Alomomola|Protect
|move|p2a: Iron Treads|Earthquake|p1a: Alomomola
|-activate|p1a: Alomomola|move: Protect
|
|-heal|p1a: Alomomola|90/100|[from] move: Wish|[wisher] Alomomola
|upkeep
|turn|53
|
|t:|1758934436
|move|p2a: Iron Treads|Earthquake|p1a: Alomomola
|-damage|p1a: Alomomola|65/100
|move|p1a: Alomomola|Wish|p1a: Alomomola
|
|upkeep
|turn|54
|
|t:|1758934443
|move|p2a: Iron Treads|Earthquake|p1a: Alomomola
|-damage|p1a: Alomomola|41/100
|move|p1a: Alomomola|Flip Turn|p2a: Iron Treads
|-supereffective|p2a: Iron Treads
|-damage|p2a: Iron Treads|13/100
|
|t:|1758934448
|switch|p1a: Clefable|Clefable, F, shiny|53/100|[from] Flip Turn
|
|-heal|p1a: Clefable|100/100|[from] move: Wish|[wisher] Alomomola
|upkeep
|turn|55
|
|t:|1758934458
|switch|p1a: Alomomola|Alomomola, F, shiny|74/100
|move|p2a: Iron Treads|Earthquake|p1a: Alomomola
|-damage|p1a: Alomomola|51/100
|
|upkeep
|turn|56
|
|t:|1758934470
|-end|p2a: Iron Treads|Quark Drive|[silent]
|switch|p2a: Primarina|Primarina, F|39/100 par
|move|p1a: Alomomola|Flip Turn|p2a: Primarina
|-resisted|p2a: Primarina
|-damage|p2a: Primarina|30/100 par
|
|t:|1758934475
|switch|p1a: Gholdengo|Gholdengo, shiny|100/100|[from] Flip Turn
|
|upkeep
|turn|57
|
|t:|1758934484
|move|p1a: Gholdengo|Hex|p2a: Primarina
|-damage|p2a: Primarina|0 fnt
|faint|p2a: Primarina
|
|upkeep
|
|t:|1758934491
|switch|p2a: Iron Treads|Iron Treads|13/100
|turn|58
|
|t:|1758934494
|switch|p1a: Alomomola|Alomomola, F, shiny|85/100
|move|p2a: Iron Treads|Earthquake|p1a: Alomomola
|-damage|p1a: Alomomola|63/100
|
|upkeep
|turn|59
|
|t:|1758934497
|move|p2a: Iron Treads|Earthquake|p1a: Alomomola
|-damage|p1a: Alomomola|39/100
|move|p1a: Alomomola|Flip Turn|p2a: Iron Treads
|-supereffective|p2a: Iron Treads
|-damage|p2a: Iron Treads|0 fnt
|faint|p2a: Iron Treads
|-end|p2a: Iron Treads|Quark Drive|[silent]
|
|t:|1758934499
|switch|p1a: Amoonguss|Amoonguss, F, shiny|86/100|[from] Flip Turn
|
|upkeep
|
|t:|1758934505
|switch|p2a: Zapdos|Zapdos|27/100 tox
|turn|60
|
|t:|1758934510
|switch|p1a: Goodra|Goodra-Hisui, F, shiny|99/100
|move|p2a: Zapdos|Hurricane|p1a: Goodra|[miss]
|-miss|p2a: Zapdos|p1a: Goodra
|
|-damage|p2a: Zapdos|21/100 tox|[from] psn
|upkeep
|turn|61
|
|t:|1758934516
|switch|p2a: Zamazenta|Zamazenta|100/100
|move|p1a: Goodra|Ice Beam|p2a: Zamazenta
|-damage|p2a: Zamazenta|80/100
|
|upkeep
|turn|62
|
|t:|1758934522
|switch|p1a: Alomomola|Alomomola, F, shiny|73/100
|move|p2a: Zamazenta|Close Combat|p1a: Alomomola
|-damage|p1a: Alomomola|29/100
|-unboost|p2a: Zamazenta|def|1
|-unboost|p2a: Zamazenta|spd|1
|
|upkeep
|turn|63
|
|t:|1758934528
|switch|p2a: Zapdos|Zapdos|21/100 tox
|switch|p1a: Clefable|Clefable, F, shiny|100/100
|
|-damage|p2a: Zapdos|15/100 tox|[from] psn
|upkeep
|turn|64
|
|t:|1758934533
|switch|p1a: Goodra|Goodra-Hisui, F, shiny|99/100
|move|p2a: Zapdos|Thunderbolt|p1a: Goodra
|-resisted|p1a: Goodra
|-damage|p1a: Goodra|89/100
|-status|p1a: Goodra|par
|
|-damage|p2a: Zapdos|2/100 tox|[from] psn
|upkeep
|turn|65
|
|t:|1758934539
|switch|p1a: Great Tusk|Great Tusk, shiny|100/100
|move|p2a: Zapdos|Thunderbolt|p1a: Great Tusk
|-immune|p1a: Great Tusk
|
|-damage|p2a: Zapdos|0 fnt|[from] psn
|faint|p2a: Zapdos
|upkeep
|c|☆jojosworld|what tier is that medal for
|inactive|mooch99 has 120 seconds left.
|
|t:|1758934583
|switch|p2a: Zamazenta|Zamazenta|80/100
|turn|66
|inactive|mooch99 has 120 seconds left.
|
|t:|1758934598
|-end|p1a: Great Tusk|Protosynthesis|[silent]
|switch|p1a: Gholdengo|Gholdengo, shiny|100/100
|move|p2a: Zamazenta|Close Combat|p1a: Gholdengo
|-immune|p1a: Gholdengo
|
|upkeep
|turn|67
|
|t:|1758934605
|move|p2a: Zamazenta|Close Combat|p1a: Gholdengo
|-immune|p1a: Gholdengo
|move|p1a: Gholdengo|Thunder Wave|p2a: Zamazenta
|-status|p2a: Zamazenta|par
|
|upkeep
|turn|68
|
|t:|1758934610
|move|p1a: Gholdengo|Hex|p2a: Zamazenta
|-damage|p2a: Zamazenta|27/100 par
|move|p2a: Zamazenta|Close Combat|p1a: Gholdengo
|-immune|p1a: Gholdengo
|
|upkeep
|turn|69
|
|t:|1758934612
|move|p1a: Gholdengo|Hex|p2a: Zamazenta
|-damage|p2a: Zamazenta|0 fnt
|faint|p2a: Zamazenta
|
|upkeep
|
|t:|1758934614
|switch|p2a: Dragonite|Dragonite, F|100/100
|turn|70
|-message|mooch99 forfeited.
|
|win|jojosworld
|raw|jojosworld's rating: 1650 &rarr; <strong>1672</strong><br />(+22 for winning)
|raw|mooch99's rating: 1683 &rarr; <strong>1661</strong><br />(-22 for losing)
|l|☆mooch99
|player|p2|
