|j|☆will-i-am2
|j|☆AnonymousJon
|t:|1759019886
|gametype|singles
|player|p1|will-i-am2|266|1671
|player|p2|AnonymousJon|workerice|1647
|gen|9
|tier|[Gen 9] OU
|rated|
|rule|HP Percentage Mod: HP is shown in percentages
|rule|Endless Battle Clause: Forcing endless battles is banned
|rule|Species Clause: Limit one of each Pokémon
|rule|OHKO Clause: OHKO moves are banned
|rule|Evasion Items Clause: Evasion items are banned
|rule|Evasion Moves Clause: Evasion moves are banned
|rule|Evasion Abilities Clause: Evasion abilities are banned
|rule|Sleep Moves Clause: Sleep-inducing moves are banned
|clearpoke
|poke|p1|Registeel|
|poke|p1|Mamoswine, F|
|poke|p1|Mimikyu, F|
|poke|p1|Hydreigon, F|
|poke|p1|Slowbro, M|
|poke|p1|Mandibuzz, F|
|poke|p2|Great Tusk|
|poke|p2|Ogerpon-Cornerstone, F|
|poke|p2|Rillaboom, F|
|poke|p2|Tyranitar, M|
|poke|p2|Corviknight, M|
|poke|p2|Dragapult, M|
|teampreview
|inactive|Battle timer is ON: inactive players will automatically lose when time's up. (requested by AnonymousJon)
|c|☆will-i-am2|gl hf
|
|t:|1759019895
|teamsize|p1|6
|teamsize|p2|6
|start
|switch|p1a: Mamoswine|Mamoswine, F|100/100
|switch|p2a: Dragapult|Dragapult, M|100/100
|turn|1
|
|t:|1759019900
|switch|p1a: Registeel|Registeel|100/100
|move|p2a: Dragapult|Will-O-Wisp|p1a: Registeel
|-status|p1a: Registeel|brn
|
|-damage|p1a: Registeel|94/100 brn|[from] brn
|upkeep
|turn|2
|
|t:|1759019907
|move|p2a: Dragapult|Hex|p1a: Registeel
|-damage|p1a: Registeel|66/100 brn
|move|p1a: Registeel|Stealth Rock|p2a: Dragapult
|-sidestart|p2: AnonymousJon|move: Stealth Rock
|
|-heal|p1a: Registeel|72/100 brn|[from] item: Leftovers
|-damage|p1a: Registeel|66/100 brn|[from] brn
|upkeep
|turn|3
|
|t:|1759019911
|move|p2a: Dragapult|Substitute|p2a: Dragapult
|-start|p2a: Dragapult|Substitute
|-damage|p2a: Dragapult|76/100
|move|p1a: Registeel|Thunder Wave||[still]
|-fail|p1a: Registeel
|
|-heal|p2a: Dragapult|82/100|[from] item: Leftovers
|-heal|p1a: Registeel|72/100 brn|[from] item: Leftovers
|-damage|p1a: Registeel|66/100 brn|[from] brn
|upkeep
|turn|4
|
|t:|1759019914
|switch|p1a: Mandibuzz|Mandibuzz, F|100/100
|move|p2a: Dragapult|Hex|p1a: Mandibuzz
|-resisted|p1a: Mandibuzz
|-damage|p1a: Mandibuzz|89/100
|
|-heal|p2a: Dragapult|88/100|[from] item: Leftovers
|upkeep
|turn|5
|c|☆AnonymousJon|you too!
|
|t:|1759019921
|move|p2a: Dragapult|Will-O-Wisp|p1a: Mandibuzz
|-status|p1a: Mandibuzz|brn
|move|p1a: Mandibuzz|Foul Play|p2a: Dragapult
|-supereffective|p2a: Dragapult
|-end|p2a: Dragapult|Substitute
|
|-heal|p2a: Dragapult|94/100|[from] item: Leftovers
|-damage|p1a: Mandibuzz|83/100 brn|[from] brn
|upkeep
|turn|6
|c|☆will-i-am2|thanks
|
|t:|1759019927
|switch|p2a: Tyranitar|Tyranitar, M|100/100
|-damage|p2a: Tyranitar|88/100|[from] Stealth Rock
|-weather|Sandstorm|[from] ability: Sand Stream|[of] p2a: Tyranitar
|move|p1a: Mandibuzz|Foul Play|p2a: Tyranitar
|-resisted|p2a: Tyranitar
|-damage|p2a: Tyranitar|79/100
|
|-weather|Sandstorm|[upkeep]
|-heal|p2a: Tyranitar|86/100|[from] item: Leftovers
|-damage|p1a: Mandibuzz|76/100 brn|[from] brn
|upkeep
|turn|7
|
|t:|1759019930
|move|p1a: Mandibuzz|Taunt|p2a: Tyranitar
|-start|p2a: Tyranitar|move: Taunt
|cant|p2a: Tyranitar|move: Taunt|Stealth Rock
|
|-weather|Sandstorm|[upkeep]
|-heal|p2a: Tyranitar|92/100|[from] item: Leftovers
|-damage|p1a: Mandibuzz|70/100 brn|[from] brn
|upkeep
|turn|8
|
|t:|1759019938
|switch|p1a: Registeel|Registeel|66/100 brn
|move|p2a: Tyranitar|Knock Off|p1a: Registeel
|-damage|p1a: Registeel|37/100 brn
|-enditem|p1a: Registeel|Leftovers|[from] move: Knock Off|[of] p2a: Tyranitar
|
|-weather|Sandstorm|[upkeep]
|-heal|p2a: Tyranitar|98/100|[from] item: Leftovers
|-damage|p1a: Registeel|31/100 brn|[from] brn
|upkeep
|turn|9
|
|t:|1759019952
|switch|p2a: Corviknight|Corviknight, M|100/100
|-damage|p2a: Corviknight|88/100|[from] Stealth Rock
|-ability|p2a: Corviknight|Pressure
|switch|p1a: Slowbro|Slowbro, M|100/100
|
|-weather|Sandstorm|[upkeep]
|-damage|p1a: Slowbro|94/100|[from] Sandstorm
|-heal|p1a: Slowbro|100/100|[from] item: Leftovers
|upkeep
|turn|10
|
|t:|1759019955
|move|p2a: Corviknight|U-turn|p1a: Slowbro
|-supereffective|p1a: Slowbro
|-damage|p1a: Slowbro|77/100
|
|t:|1759019957
|switch|p2a: Rillaboom|Rillaboom, F|100/100|[from] U-turn
|-damage|p2a: Rillaboom|88/100|[from] Stealth Rock
|-fieldstart|move: Grassy Terrain|[from] ability: Grassy Surge|[of] p2a: Rillaboom
|move|p1a: Slowbro|Scald|p2a: Rillaboom
|-resisted|p2a: Rillaboom
|-damage|p2a: Rillaboom|61/100
|-status|p2a: Rillaboom|brn
|
|-weather|none
|-heal|p2a: Rillaboom|67/100 brn|[from] Grassy Terrain
|-heal|p1a: Slowbro|83/100|[from] Grassy Terrain
|-heal|p1a: Slowbro|89/100|[from] item: Leftovers
|-damage|p2a: Rillaboom|61/100 brn|[from] brn
|upkeep
|turn|11
|
|t:|1759019968
|move|p2a: Rillaboom|U-turn|p1a: Slowbro
|-supereffective|p1a: Slowbro
|-damage|p1a: Slowbro|56/100
|
|t:|1759019976
|switch|p2a: Tyranitar|Tyranitar, M|98/100|[from] U-turn
|-damage|p2a: Tyranitar|86/100|[from] Stealth Rock
|-weather|Sandstorm|[from] ability: Sand Stream|[of] p2a: Tyranitar
|move|p1a: Slowbro|Scald|p2a: Tyranitar
|-supereffective|p2a: Tyranitar
|-damage|p2a: Tyranitar|56/100
|
|-weather|Sandstorm|[upkeep]
|-damage|p1a: Slowbro|49/100|[from] Sandstorm
|-heal|p2a: Tyranitar|62/100|[from] Grassy Terrain
|-heal|p2a: Tyranitar|68/100|[from] item: Leftovers
|-heal|p1a: Slowbro|56/100|[from] Grassy Terrain
|-heal|p1a: Slowbro|62/100|[from] item: Leftovers
|upkeep
|turn|12
|
|t:|1759019984
|switch|p1a: Registeel|Registeel|31/100 brn
|move|p2a: Tyranitar|Stealth Rock|p1a: Registeel
|-sidestart|p1: will-i-am2|move: Stealth Rock
|
|-weather|Sandstorm|[upkeep]
|-heal|p2a: Tyranitar|74/100|[from] Grassy Terrain
|-heal|p2a: Tyranitar|81/100|[from] item: Leftovers
|-heal|p1a: Registeel|37/100 brn|[from] Grassy Terrain
|-damage|p1a: Registeel|31/100 brn|[from] brn
|upkeep
|turn|13
|
|t:|1759019997
|switch|p2a: Great Tusk|Great Tusk|100/100
|-damage|p2a: Great Tusk|98/100|[from] Stealth Rock
|move|p1a: Registeel|Body Press|p2a: Great Tusk
|-damage|p2a: Great Tusk|89/100
|
|-weather|Sandstorm|[upkeep]
|-heal|p2a: Great Tusk|95/100|[from] Grassy Terrain
|-heal|p1a: Registeel|37/100 brn|[from] Grassy Terrain
|-damage|p1a: Registeel|31/100 brn|[from] brn
|upkeep
|turn|14
|
|t:|1759020004
|switch|p1a: Slowbro|Slowbro, M|95/100
|-damage|p1a: Slowbro|83/100|[from] Stealth Rock
|move|p2a: Great Tusk|Headlong Rush|p1a: Slowbro
|-damage|p1a: Slowbro|34/100
|-unboost|p2a: Great Tusk|def|1
|-unboost|p2a: Great Tusk|spd|1
|
|-weather|Sandstorm|[upkeep]
|-damage|p1a: Slowbro|28/100|[from] Sandstorm
|-heal|p2a: Great Tusk|100/100|[from] Grassy Terrain
|-heal|p1a: Slowbro|34/100|[from] Grassy Terrain
|-heal|p1a: Slowbro|41/100|[from] item: Leftovers
|-fieldend|move: Grassy Terrain
|upkeep
|turn|15
|
|t:|1759020009
|switch|p1a: Mandibuzz|Mandibuzz, F|70/100 brn
|-damage|p1a: Mandibuzz|45/100 brn|[from] Stealth Rock
|move|p2a: Great Tusk|Headlong Rush|p1a: Mandibuzz
|-immune|p1a: Mandibuzz
|
|-weather|none
|-damage|p1a: Mandibuzz|39/100 brn|[from] brn
|upkeep
|turn|16
|
|t:|1759020015
|move|p2a: Great Tusk|Ice Spinner|p1a: Mandibuzz
|-supereffective|p1a: Mandibuzz
|-damage|p1a: Mandibuzz|9/100 brn
|-damage|p2a: Great Tusk|84/100|[from] item: Rocky Helmet|[of] p1a: Mandibuzz
|move|p1a: Mandibuzz|Roost|p1a: Mandibuzz
|-heal|p1a: Mandibuzz|59/100 brn
|-singleturn|p1a: Mandibuzz|move: Roost
|
|-damage|p1a: Mandibuzz|53/100 brn|[from] brn
|upkeep
|turn|17
|
|t:|1759020018
|move|p2a: Great Tusk|Rapid Spin|p1a: Mandibuzz
|-damage|p1a: Mandibuzz|44/100 brn
|-boost|p2a: Great Tusk|spe|1
|-damage|p2a: Great Tusk|68/100|[from] item: Rocky Helmet|[of] p1a: Mandibuzz
|-sideend|p2: AnonymousJon|Stealth Rock|[from] move: Rapid Spin|[of] p2a: Great Tusk
|move|p1a: Mandibuzz|Roost|p1a: Mandibuzz
|-heal|p1a: Mandibuzz|94/100 brn
|-singleturn|p1a: Mandibuzz|move: Roost
|
|-damage|p1a: Mandibuzz|87/100 brn|[from] brn
|upkeep
|turn|18
|
|t:|1759020034
|-end|p2a: Great Tusk|Protosynthesis|[silent]
|switch|p2a: Corviknight|Corviknight, M|88/100
|-ability|p2a: Corviknight|Pressure
|move|p1a: Mandibuzz|Defog|p2a: Corviknight
|-unboost|p2a: Corviknight|evasion|1
|-sideend|p1: will-i-am2|Stealth Rock|[from] move: Defog|[of] p1a: Mandibuzz
|
|-damage|p1a: Mandibuzz|81/100 brn|[from] brn
|upkeep
|turn|19
|
|t:|1759020040
|move|p1a: Mandibuzz|Roost|p1a: Mandibuzz
|-heal|p1a: Mandibuzz|100/100 brn
|-singleturn|p1a: Mandibuzz|move: Roost
|move|p2a: Corviknight|U-turn|p1a: Mandibuzz
|-supereffective|p1a: Mandibuzz
|-damage|p1a: Mandibuzz|83/100 brn
|-damage|p2a: Corviknight|72/100|[from] item: Rocky Helmet|[of] p1a: Mandibuzz
|
|t:|1759020043
|switch|p2a: Ogerpon|Ogerpon-Cornerstone, F|100/100|[from] U-turn
|
|-damage|p1a: Mandibuzz|77/100 brn|[from] brn
|upkeep
|turn|20
|
|t:|1759020058
|switch|p1a: Registeel|Registeel|31/100 brn
|move|p2a: Ogerpon|Swords Dance|p2a: Ogerpon
|-boost|p2a: Ogerpon|atk|2
|
|-damage|p1a: Registeel|25/100 brn|[from] brn
|upkeep
|turn|21
|
|t:|1759020063
|move|p2a: Ogerpon|Low Kick|p1a: Registeel
|-supereffective|p1a: Registeel
|-damage|p1a: Registeel|0 fnt
|faint|p1a: Registeel
|
|upkeep
|
|t:|1759020069
|switch|p1a: Mamoswine|Mamoswine, F|100/100
|turn|22
|
|t:|1759020079
|switch|p2a: Corviknight|Corviknight, M|72/100
|-ability|p2a: Corviknight|Pressure
|-terastallize|p1a: Mamoswine|Ghost
|move|p1a: Mamoswine|Icicle Crash|p2a: Corviknight
|-damage|p2a: Corviknight|29/100
|
|upkeep
|turn|23
|
|t:|1759020090
|move|p1a: Mamoswine|Icicle Crash|p2a: Corviknight
|-damage|p2a: Corviknight|0 fnt
|faint|p2a: Corviknight
|
|upkeep
|
|t:|1759020091
|switch|p2a: Tyranitar|Tyranitar, M|81/100
|-weather|Sandstorm|[from] ability: Sand Stream|[of] p2a: Tyranitar
|turn|24
|
|t:|1759020101
|switch|p1a: Mandibuzz|Mandibuzz, F|77/100 brn
|move|p2a: Tyranitar|Stealth Rock|p1a: Mandibuzz
|-sidestart|p1: will-i-am2|move: Stealth Rock
|
|-weather|Sandstorm|[upkeep]
|-heal|p2a: Tyranitar|87/100|[from] item: Leftovers
|-damage|p1a: Mandibuzz|71/100 brn|[from] brn
|upkeep
|turn|25
|
|t:|1759020105
|switch|p2a: Ogerpon|Ogerpon-Cornerstone, F|100/100
|move|p1a: Mandibuzz|Defog|p2a: Ogerpon
|-unboost|p2a: Ogerpon|evasion|1
|-sideend|p1: will-i-am2|Stealth Rock|[from] move: Defog|[of] p1a: Mandibuzz
|
|-weather|Sandstorm|[upkeep]
|-damage|p1a: Mandibuzz|65/100 brn|[from] brn
|upkeep
|turn|26
|
|t:|1759020115
|move|p2a: Ogerpon|Ivy Cudgel|p1a: Mandibuzz|[anim] Ivy Cudgel Rock
|-supereffective|p1a: Mandibuzz
|-damage|p1a: Mandibuzz|1/100 brn
|move|p1a: Mandibuzz|Foul Play|p2a: Ogerpon
|-damage|p2a: Ogerpon|70/100
|
|-weather|Sandstorm|[upkeep]
|-damage|p1a: Mandibuzz|0 fnt|[from] brn
|faint|p1a: Mandibuzz
|upkeep
|
|t:|1759020120
|switch|p1a: Mamoswine|Mamoswine, F, tera:Ghost|100/100
|turn|27
|
|t:|1759020133
|-terastallize|p2a: Ogerpon|Rock
|detailschange|p2a: Ogerpon|Ogerpon-Cornerstone-Tera, F, tera:Rock
|-ability|p2a: Ogerpon|Embody Aspect (Cornerstone)|boost
|-boost|p2a: Ogerpon|def|1
|move|p2a: Ogerpon|Ivy Cudgel|p1a: Mamoswine|[anim] Ivy Cudgel Rock
|-damage|p1a: Mamoswine|17/100
|move|p1a: Mamoswine|Icicle Crash|p2a: Ogerpon
|-damage|p2a: Ogerpon|9/100
|
|-weather|Sandstorm|[upkeep]
|-damage|p1a: Mamoswine|11/100|[from] Sandstorm
|upkeep
|turn|28
|
|t:|1759020149
|switch|p1a: Mimikyu|Mimikyu, F|100/100
|move|p2a: Ogerpon|Horn Leech|p1a: Mimikyu
|-activate|p1a: Mimikyu|ability: Disguise
|-damage|p1a: Mimikyu|100/100
|detailschange|p1a: Mimikyu|Mimikyu-Busted, F
|-damage|p1a: Mimikyu|88/100|[from] pokemon: Mimikyu-Busted
|
|-weather|none
|upkeep
|turn|29
|
|t:|1759020159
|switch|p2a: Tyranitar|Tyranitar, M|87/100
|-weather|Sandstorm|[from] ability: Sand Stream|[of] p2a: Tyranitar
|move|p1a: Mimikyu|Play Rough|p2a: Tyranitar
|-supereffective|p2a: Tyranitar
|-damage|p2a: Tyranitar|3/100
|-damage|p1a: Mimikyu|78/100|[from] item: Life Orb
|
|-weather|Sandstorm|[upkeep]
|-damage|p1a: Mimikyu|72/100|[from] Sandstorm
|-heal|p2a: Tyranitar|9/100|[from] item: Leftovers
|upkeep
|turn|30
|
|t:|1759020168
|move|p1a: Mimikyu|Drain Punch|p2a: Tyranitar
|-supereffective|p2a: Tyranitar
|-damage|p2a: Tyranitar|0 fnt
|-heal|p1a: Mimikyu|79/100|[from] drain|[of] p2a: Tyranitar
|faint|p2a: Tyranitar
|-damage|p1a: Mimikyu|69/100|[from] item: Life Orb
|
|-weather|Sandstorm|[upkeep]
|-damage|p1a: Mimikyu|63/100|[from] Sandstorm
|upkeep
|
|t:|1759020173
|switch|p2a: Dragapult|Dragapult, M|94/100
|turn|31
|
|t:|1759020190
|move|p1a: Mimikyu|Shadow Sneak|p2a: Dragapult
|-supereffective|p2a: Dragapult
|-damage|p2a: Dragapult|23/100
|-damage|p1a: Mimikyu|53/100|[from] item: Life Orb
|move|p2a: Dragapult|Hex|p1a: Mimikyu
|-supereffective|p1a: Mimikyu
|-damage|p1a: Mimikyu|0 fnt
|faint|p1a: Mimikyu
|
|-weather|Sandstorm|[upkeep]
|-damage|p2a: Dragapult|17/100|[from] Sandstorm
|-heal|p2a: Dragapult|23/100|[from] item: Leftovers
|upkeep
|
|t:|1759020196
|switch|p1a: Mamoswine|Mamoswine, F, tera:Ghost|11/100
|turn|32
|c|☆will-i-am2|you'reee gooodd
|
|t:|1759020214
|switch|p2a: Great Tusk|Great Tusk|68/100
|move|p1a: Mamoswine|Ice Shard|p2a: Great Tusk
|-supereffective|p2a: Great Tusk
|-damage|p2a: Great Tusk|17/100
|
|-weather|Sandstorm|[upkeep]
|-damage|p1a: Mamoswine|5/100|[from] Sandstorm
|upkeep
|turn|33
|
|t:|1759020226
|move|p1a: Mamoswine|Ice Shard|p2a: Great Tusk
|-supereffective|p2a: Great Tusk
|-damage|p2a: Great Tusk|0 fnt
|faint|p2a: Great Tusk
|-end|p2a: Great Tusk|Protosynthesis|[silent]
|
|-weather|none
|upkeep
|
|t:|1759020230
|switch|p2a: Rillaboom|Rillaboom, F|61/100 brn
|-fieldstart|move: Grassy Terrain|[from] ability: Grassy Surge|[of] p2a: Rillaboom
|turn|34
|
|t:|1759020235
|switch|p1a: Hydreigon|Hydreigon, F|100/100
|move|p2a: Rillaboom|Grassy Glide|p1a: Hydreigon
|-resisted|p1a: Hydreigon
|-damage|p1a: Hydreigon|84/100
|
|-heal|p2a: Rillaboom|67/100 brn|[from] Grassy Terrain
|-damage|p2a: Rillaboom|61/100 brn|[from] brn
|upkeep
|turn|35
|
|t:|1759020240
|move|p2a: Rillaboom|Grassy Glide|p1a: Hydreigon
|-resisted|p1a: Hydreigon
|-damage|p1a: Hydreigon|68/100
|move|p1a: Hydreigon|Dark Pulse|p2a: Rillaboom
|-damage|p2a: Rillaboom|3/100 brn
|
|-heal|p2a: Rillaboom|9/100 brn|[from] Grassy Terrain
|-damage|p2a: Rillaboom|3/100 brn|[from] brn
|upkeep
|turn|36
|
|t:|1759020247
|move|p2a: Rillaboom|Grassy Glide|p1a: Hydreigon
|-resisted|p1a: Hydreigon
|-damage|p1a: Hydreigon|50/100
|move|p1a: Hydreigon|Dark Pulse|p2a: Rillaboom
|-damage|p2a: Rillaboom|0 fnt
|faint|p2a: Rillaboom
|
|upkeep
|
|t:|1759020261
|switch|p2a: Ogerpon|Ogerpon-Cornerstone-Tera, F, tera:Rock|9/100
|-ability|p2a: Ogerpon|Embody Aspect (Cornerstone)|boost
|-boost|p2a: Ogerpon|def|1
|turn|37
|
|t:|1759020270
|move|p2a: Ogerpon|Ivy Cudgel|p1a: Hydreigon|[anim] Ivy Cudgel Rock
|-damage|p1a: Hydreigon|0 fnt
|faint|p1a: Hydreigon
|
|-heal|p2a: Ogerpon|15/100|[from] Grassy Terrain
|upkeep
|
|t:|1759020274
|switch|p1a: Mamoswine|Mamoswine, F, tera:Ghost|5/100
|turn|38
|c|☆AnonymousJon|gg
|c|☆will-i-am2|gg
|
|t:|1759020280
|move|p1a: Mamoswine|Ice Shard|p2a: Ogerpon
|-damage|p2a: Ogerpon|0 fnt
|faint|p2a: Ogerpon
|detailschange|p2: Ogerpon|Ogerpon-Cornerstone, F|[silent]
|
|-heal|p1a: Mamoswine|11/100|[from] Grassy Terrain
|-fieldend|move: Grassy Terrain
|upkeep
|c|☆will-i-am2|w/p
|
|t:|1759020282
|switch|p2a: Dragapult|Dragapult, M|23/100
|turn|39
|
|t:|1759020285
|move|p1a: Mamoswine|Ice Shard|p2a: Dragapult
|-supereffective|p2a: Dragapult
|-damage|p2a: Dragapult|0 fnt
|faint|p2a: Dragapult
|
|win|will-i-am2
|raw|will-i-am2's rating: 1671 &rarr; <strong>1690</strong><br />(+19 for winning)
|raw|AnonymousJon's rating: 1647 &rarr; <strong>1628</strong><br />(-19 for losing)
|c|☆AnonymousJon|you too
|c|☆will-i-am2|thanks
|l|☆AnonymousJon
|player|p2|
|c|☆will-i-am2|g
