|j|☆Qazxcdewsf
|j|☆skypiaisland
|t:|1759006140
|gametype|singles
|player|p1|Qazxcdewsf|265|1523
|player|p2|skypiaisland|1|1476
|gen|9
|tier|[Gen 9] OU
|rated|
|rule|HP Percentage Mod: HP is shown in percentages
|rule|Endless Battle Clause: Forcing endless battles is banned
|rule|Species Clause: Limit one of each Pokémon
|rule|OHKO Clause: OHKO moves are banned
|rule|Evasion Items Clause: Evasion items are banned
|rule|Evasion Moves Clause: Evasion moves are banned
|rule|Evasion Abilities Clause: Evasion abilities are banned
|rule|Sleep Moves Clause: Sleep-inducing moves are banned
|clearpoke
|poke|p1|Gliscor, F|
|poke|p1|Moltres|
|poke|p1|Scizor, M|
|poke|p1|Darkrai|
|poke|p1|Slowking, F|
|poke|p1|Latios, M|
|poke|p2|Samurott-Hisui, M|
|poke|p2|Deoxys-Speed|
|poke|p2|Gholdengo|
|poke|p2|Rillaboom, M|
|poke|p2|Moltres|
|poke|p2|Great Tusk|
|teampreview
|inactive|Battle timer is ON: inactive players will automatically lose when time's up. (requested by Qazxcdewsf)
|
|t:|1759006160
|teamsize|p1|6
|teamsize|p2|6
|start
|switch|p1a: Scizor|Scizor, M|100/100
|switch|p2a: Samurott|Samurott-Hisui, M|100/100
|turn|1
|
|t:|1759006163
|move|p2a: Samurott|Flip Turn|p1a: Scizor
|-damage|p1a: Scizor|74/100
|
|t:|1759006166
|switch|p2a: Moltres|Moltres|100/100|[from] Flip Turn
|move|p1a: Scizor|U-turn|p2a: Moltres
|-resisted|p2a: Moltres
|-damage|p2a: Moltres|90/100
|
|t:|1759006185
|switch|p1a: Latios|Latios, M|100/100|[from] U-turn
|
|upkeep
|turn|2
|
|t:|1759006202
|switch|p2a: Gholdengo|Gholdengo|100/100
|move|p1a: Latios|Calm Mind|p1a: Latios
|-boost|p1a: Latios|spa|1
|-boost|p1a: Latios|spd|1
|
|upkeep
|turn|3
|
|t:|1759006209
|-terastallize|p1a: Latios|Steel
|move|p2a: Gholdengo|Nasty Plot|p2a: Gholdengo
|-boost|p2a: Gholdengo|spa|2
|move|p1a: Latios|Calm Mind|p1a: Latios
|-boost|p1a: Latios|spa|1
|-boost|p1a: Latios|spd|1
|
|upkeep
|turn|4
|
|t:|1759006214
|move|p2a: Gholdengo|Shadow Ball|p1a: Latios
|-damage|p1a: Latios|69/100
|move|p1a: Latios|Stored Power|p2a: Gholdengo
|-resisted|p2a: Gholdengo
|-damage|p2a: Gholdengo|59/100
|
|-heal|p1a: Latios|75/100|[from] item: Leftovers
|upkeep
|turn|5
|
|t:|1759006223
|move|p2a: Gholdengo|Nasty Plot|p2a: Gholdengo
|-boost|p2a: Gholdengo|spa|2
|move|p1a: Latios|Calm Mind|p1a: Latios
|-boost|p1a: Latios|spa|1
|-boost|p1a: Latios|spd|1
|
|-heal|p1a: Latios|81/100|[from] item: Leftovers
|upkeep
|turn|6
|
|t:|1759006229
|move|p2a: Gholdengo|Shadow Ball|p1a: Latios
|-damage|p1a: Latios|44/100
|move|p1a: Latios|Stored Power|p2a: Gholdengo
|-resisted|p2a: Gholdengo
|-damage|p2a: Gholdengo|0 fnt
|faint|p2a: Gholdengo
|
|-heal|p1a: Latios|50/100|[from] item: Leftovers
|upkeep
|
|t:|1759006233
|switch|p2a: Samurott|Samurott-Hisui, M|100/100
|turn|7
|
|t:|1759006238
|-terastallize|p2a: Samurott|Water
|move|p2a: Samurott|Razor Shell|p1a: Latios
|-damage|p1a: Latios|0 fnt
|faint|p1a: Latios
|
|upkeep
|
|t:|1759006247
|switch|p1a: Slowking|Slowking, F|100/100
|turn|8
|
|t:|1759006253
|switch|p2a: Rillaboom|Rillaboom, M|100/100
|-fieldstart|move: Grassy Terrain|[from] ability: Grassy Surge|[of] p2a: Rillaboom
|move|p1a: Slowking|Scald|p2a: Rillaboom
|-resisted|p2a: Rillaboom
|-damage|p2a: Rillaboom|79/100
|
|-heal|p2a: Rillaboom|86/100|[from] Grassy Terrain
|upkeep
|turn|9
|
|t:|1759006257
|switch|p1a: Moltres|Moltres|100/100
|move|p2a: Rillaboom|U-turn|p1a: Moltres
|-resisted|p1a: Moltres
|-damage|p1a: Moltres|91/100
|-status|p2a: Rillaboom|brn|[from] ability: Flame Body|[of] p1a: Moltres
|
|t:|1759006259
|switch|p2a: Samurott|Samurott-Hisui, M, tera:Water|100/100|[from] U-turn
|
|upkeep
|turn|10
|
|t:|1759006270
|move|p2a: Samurott|Razor Shell|p1a: Moltres
|-supereffective|p1a: Moltres
|-damage|p1a: Moltres|0 fnt
|faint|p1a: Moltres
|
|upkeep
|
|t:|1759006278
|switch|p1a: Darkrai|Darkrai|100/100
|turn|11
|
|t:|1759006280
|move|p2a: Samurott|Razor Shell|p1a: Darkrai
|-damage|p1a: Darkrai|3/100
|move|p1a: Darkrai|Dark Pulse|p2a: Samurott
|-damage|p2a: Samurott|32/100
|
|-heal|p2a: Samurott|39/100|[from] Grassy Terrain
|-heal|p1a: Darkrai|9/100|[from] Grassy Terrain
|upkeep
|turn|12
|
|t:|1759006284
|move|p1a: Darkrai|Sucker Punch|p2a: Samurott
|-damage|p2a: Samurott|11/100
|move|p2a: Samurott|Razor Shell|p1a: Darkrai
|-damage|p1a: Darkrai|0 fnt
|faint|p1a: Darkrai
|
|-heal|p2a: Samurott|17/100|[from] Grassy Terrain
|-fieldend|move: Grassy Terrain
|upkeep
|-message|Qazxcdewsf forfeited.
|
|win|skypiaisland
|raw|Qazxcdewsf's rating: 1523 &rarr; <strong>1500</strong><br />(-23 for losing)
|raw|skypiaisland's rating: 1476 &rarr; <strong>1499</strong><br />(+23 for winning)
|l|☆Qazxcdewsf
|player|p1|
