|j|☆ay cheu
|j|☆jojosworld
|t:|1758946493
|gametype|singles
|player|p1|ay cheu|riley|1668
|player|p2|jojosworld|cynthia|1741
|gen|9
|tier|[Gen 9] OU
|rated|
|rule|HP Percentage Mod: HP is shown in percentages
|rule|Endless Battle Clause: Forcing endless battles is banned
|rule|Species Clause: Limit one of each Pokémon
|rule|OHKO Clause: OHKO moves are banned
|rule|Evasion Items Clause: Evasion items are banned
|rule|Evasion Moves Clause: Evasion moves are banned
|rule|Evasion Abilities Clause: Evasion abilities are banned
|rule|Sleep Moves Clause: Sleep-inducing moves are banned
|clearpoke
|poke|p1|Arcanine-Hisui, M|
|poke|p1|Metagross|
|poke|p1|Sandy Shocks|
|poke|p1|Zapdos-Galar|
|poke|p1|Suicune|
|poke|p1|Frosmoth, F|
|poke|p2|Alomomola, F|
|poke|p2|Amoonguss, F|
|poke|p2|Gholdengo|
|poke|p2|Great Tusk|
|poke|p2|Goodra-Hisui, F|
|poke|p2|Clefable, M|
|teampreview
|inactive|Battle timer is ON: inactive players will automatically lose when time's up. (requested by jojosworld)
|inactive|jojosworld has 120 seconds left.
|
|t:|1758946530
|teamsize|p1|6
|teamsize|p2|6
|start
|switch|p1a: 隼|Zapdos-Galar|100/100
|switch|p2a: Clefable|Clefable, M, shiny|100/100
|turn|1
|
|t:|1758946534
|move|p1a: 隼|U-turn|p2a: Clefable
|-resisted|p2a: Clefable
|-damage|p2a: Clefable|92/100
|
|t:|1758946538
|switch|p1a: 力拔山兮|Metagross, shiny|100/100|[from] U-turn
|move|p2a: Clefable|Stealth Rock|p1a: 力拔山兮
|-sidestart|p1: ay cheu|move: Stealth Rock
|
|-heal|p2a: Clefable|98/100|[from] item: Leftovers
|upkeep
|turn|2
|
|t:|1758946541
|switch|p2a: Alomomola|Alomomola, F, shiny|100/100
|move|p1a: 力拔山兮|Stealth Rock|p2a: Alomomola
|-sidestart|p2: jojosworld|move: Stealth Rock
|
|upkeep
|turn|3
|
|t:|1758946543
|move|p1a: 力拔山兮|Psychic Noise|p2a: Alomomola
|-damage|p2a: Alomomola|70/100
|-start|p2a: Alomomola|move: Heal Block
|move|p2a: Alomomola|Scald|p1a: 力拔山兮
|-damage|p1a: 力拔山兮|86/100
|-status|p1a: 力拔山兮|brn
|
|-damage|p1a: 力拔山兮|80/100 brn|[from] brn
|upkeep
|turn|4
|
|t:|1758946550
|move|p1a: 力拔山兮|Psychic Noise|p2a: Alomomola
|-damage|p2a: Alomomola|39/100
|move|p2a: Alomomola|Flip Turn|p1a: 力拔山兮
|-damage|p1a: 力拔山兮|70/100 brn
|-damage|p2a: Alomomola|23/100|[from] item: Rocky Helmet|[of] p1a: 力拔山兮
|
|t:|1758946558
|switch|p2a: Amoonguss|Amoonguss, F, shiny|100/100|[from] Flip Turn
|
|-damage|p1a: 力拔山兮|64/100 brn|[from] brn
|upkeep
|turn|5
|
|t:|1758946561
|switch|p2a: Alomomola|Alomomola, F, shiny|56/100
|move|p1a: 力拔山兮|Psychic Noise|p2a: Alomomola
|-damage|p2a: Alomomola|26/100
|-start|p2a: Alomomola|move: Heal Block
|
|-damage|p1a: 力拔山兮|58/100 brn|[from] brn
|upkeep
|turn|6
|
|t:|1758946568
|move|p2a: Alomomola|Protect|p2a: Alomomola
|-singleturn|p2a: Alomomola|Protect
|move|p1a: 力拔山兮|Psychic Noise|p2a: Alomomola
|-activate|p2a: Alomomola|move: Protect
|
|-damage|p1a: 力拔山兮|52/100 brn|[from] brn
|-end|p2a: Alomomola|move: Heal Block
|upkeep
|turn|7
|
|t:|1758946574
|switch|p1a: Sandy Shocks|Sandy Shocks|100/100
|-damage|p1a: Sandy Shocks|94/100|[from] Stealth Rock
|switch|p2a: Gholdengo|Gholdengo, shiny|100/100
|-damage|p2a: Gholdengo|94/100|[from] Stealth Rock
|
|upkeep
|turn|8
|
|t:|1758946577
|switch|p2a: Amoonguss|Amoonguss, F, shiny|100/100
|move|p1a: Sandy Shocks|Earth Power|p2a: Amoonguss
|-damage|p2a: Amoonguss|46/100
|-damage|p1a: Sandy Shocks|84/100|[from] item: Life Orb
|
|upkeep
|turn|9
|
|t:|1758946586
|switch|p2a: Goodra|Goodra-Hisui, F, shiny|100/100
|-damage|p2a: Goodra|94/100|[from] Stealth Rock
|move|p1a: Sandy Shocks|Earth Power|p2a: Goodra
|-supereffective|p2a: Goodra
|-damage|p2a: Goodra|58/100
|-damage|p1a: Sandy Shocks|75/100|[from] item: Life Orb
|
|upkeep
|turn|10
|
|t:|1758946593
|move|p1a: Sandy Shocks|Volt Switch|p2a: Goodra
|-resisted|p2a: Goodra
|-damage|p2a: Goodra|50/100
|-damage|p1a: Sandy Shocks|65/100|[from] item: Life Orb
|
|t:|1758946599
|-end|p1a: Sandy Shocks|Protosynthesis|[silent]
|switch|p1a: 扑火|Frosmoth, F, shiny|100/100|[from] Volt Switch
|move|p2a: Goodra|Draco Meteor|p1a: 扑火
|-damage|p1a: 扑火|81/100
|-unboost|p2a: Goodra|spa|2
|
|upkeep
|turn|11
|inactive|jojosworld has 120 seconds left.
|
|t:|1758946647
|move|p1a: 扑火|U-turn|p2a: Goodra
|-resisted|p2a: Goodra
|-damage|p2a: Goodra|43/100
|
|t:|1758946655
|switch|p1a: 力拔山兮|Metagross, shiny|52/100 brn|[from] U-turn
|-damage|p1a: 力拔山兮|46/100 brn|[from] Stealth Rock
|move|p2a: Goodra|Heavy Slam|p1a: 力拔山兮
|-resisted|p1a: 力拔山兮
|-damage|p1a: 力拔山兮|42/100 brn
|-damage|p2a: Goodra|26/100|[from] item: Rocky Helmet|[of] p1a: 力拔山兮
|
|-damage|p1a: 力拔山兮|36/100 brn|[from] brn
|upkeep
|turn|12
|
|t:|1758946669
|switch|p2a: Alomomola|Alomomola, F, shiny|59/100
|move|p1a: 力拔山兮|Psychic Noise|p2a: Alomomola
|-damage|p2a: Alomomola|29/100
|-start|p2a: Alomomola|move: Heal Block
|
|-damage|p1a: 力拔山兮|30/100 brn|[from] brn
|upkeep
|turn|13
|
|t:|1758946677
|switch|p1a: Sandy Shocks|Sandy Shocks|65/100
|-damage|p1a: Sandy Shocks|59/100|[from] Stealth Rock
|switch|p2a: Gholdengo|Gholdengo, shiny|94/100
|-damage|p2a: Gholdengo|88/100|[from] Stealth Rock
|
|upkeep
|turn|14
|
|t:|1758946681
|switch|p2a: Amoonguss|Amoonguss, F, shiny|80/100
|move|p1a: Sandy Shocks|Earth Power|p2a: Amoonguss
|-damage|p2a: Amoonguss|29/100
|-damage|p1a: Sandy Shocks|49/100|[from] item: Life Orb
|
|upkeep
|turn|15
|
|t:|1758946685
|switch|p2a: Clefable|Clefable, M, shiny|98/100
|move|p1a: Sandy Shocks|Earth Power|p2a: Clefable
|-damage|p2a: Clefable|45/100
|-damage|p1a: Sandy Shocks|39/100|[from] item: Life Orb
|
|-heal|p2a: Clefable|51/100|[from] item: Leftovers
|upkeep
|turn|16
|-message|jojosworld forfeited.
|
|win|ay cheu
|raw|ay cheu's rating: 1668 &rarr; <strong>1692</strong><br />(+24 for winning)
|raw|jojosworld's rating: 1741 &rarr; <strong>1717</strong><br />(-24 for losing)
|l|☆ay cheu
|player|p1|
