|j|☆Herris456
|j|☆Inder-House
|t:|1759073088
|gametype|singles
|player|p1|Herris456|pryce|
|player|p2|Inder-House|170|
|gen|9
|tier|[Gen 9] OU
|rule|HP Percentage Mod: HP is shown in percentages
|rule|Endless Battle Clause: Forcing endless battles is banned
|rule|Species Clause: Limit one of each Pokémon
|rule|OHKO Clause: OHKO moves are banned
|rule|Evasion Items Clause: Evasion items are banned
|rule|Evasion Moves Clause: Evasion moves are banned
|rule|Evasion Abilities Clause: Evasion abilities are banned
|rule|Sleep Moves Clause: Sleep-inducing moves are banned
|clearpoke
|poke|p1|Kyurem|
|poke|p1|Slowking-Galar, F|
|poke|p1|Cinderace, M|
|poke|p1|Ting-Lu|
|poke|p1|Corviknight, F|
|poke|p1|Dragapult, M|
|poke|p2|Dondozo, M|
|poke|p2|Ting-Lu|
|poke|p2|Rotom-Wash|
|poke|p2|Iron Valiant|
|poke|p2|Heatran, F|
|poke|p2|Pecharunt|
|teampreview
|c|☆Inder-House|GLHF!
|c|☆Inder-House|Oh of course you have a Kyurem haha, I hate that thing
|
|t:|1759073115
|teamsize|p1|6
|teamsize|p2|6
|start
|switch|p1a: Slowking|Slowking-Galar, F, shiny|100/100
|switch|p2a: Rotom|Rotom-Wash|100/100
|turn|1
|
|t:|1759073131
|move|p2a: Rotom|Trick|p1a: Slowking
|-activate|p2a: Rotom|move: Trick|[of] p1a: Slowking
|-item|p1a: Slowking|Choice Scarf|[from] move: Trick
|-item|p2a: Rotom|Heavy-Duty Boots|[from] move: Trick
|-prepare|p1a: Slowking|Chilly Reception|[premajor]
|move|p1a: Slowking|Chilly Reception|p1a: Slowking
|-weather|Snowscape
|
|t:|1759073137
|switch|p1a: Kyurem|Kyurem|100/100|[from] Chilly Reception
|-ability|p1a: Kyurem|Pressure
|
|-weather|Snowscape|[upkeep]
|upkeep
|turn|2
|
|t:|1759073165
|switch|p2a: Pecharunt|Pecharunt|100/100
|move|p1a: Kyurem|Blizzard|p2a: Pecharunt
|-damage|p2a: Pecharunt|9/100
|-status|p2a: Pecharunt|frz
|
|-weather|Snowscape|[upkeep]
|-heal|p2a: Pecharunt|15/100 frz|[from] item: Leftovers
|upkeep
|turn|3
|c|☆Inder-House|yikes haha
|
|t:|1759073202
|move|p1a: Kyurem|Blizzard|p2a: Pecharunt
|-damage|p2a: Pecharunt|0 fnt
|faint|p2a: Pecharunt
|
|-weather|Snowscape|[upkeep]
|upkeep
|c|☆Inder-House|absolute last thing I was expecting was a snow team lol
|
|t:|1759073226
|switch|p2a: Heatran|Heatran, F|100/100
|turn|4
|
|t:|1759073246
|switch|p1a: Slowking|Slowking-Galar, F, shiny|100/100
|move|p2a: Heatran|Stealth Rock|p1a: Slowking
|-sidestart|p1: Herris456|move: Stealth Rock
|
|-weather|Snowscape|[upkeep]
|upkeep
|turn|5
|
|t:|1759073254
|switch|p2a: Ting-Lu|Ting-Lu|100/100
|-ability|p2a: Ting-Lu|Vessel of Ruin
|move|p1a: Slowking|Thunder Wave|p2a: Ting-Lu
|-immune|p2a: Ting-Lu
|
|-weather|none
|upkeep
|turn|6
|
|t:|1759073273
|switch|p1a: Corviknight|Corviknight, F|100/100
|-damage|p1a: Corviknight|88/100|[from] Stealth Rock
|-ability|p1a: Corviknight|Pressure
|move|p2a: Ting-Lu|Earthquake|p1a: Corviknight
|-immune|p1a: Corviknight
|
|upkeep
|turn|7
|c|☆Herris456|Yeah kyurem is disgusting
|c|☆Inder-House|the ice/ground coverage is too good
|
|t:|1759073289
|switch|p2a: Heatran|Heatran, F|100/100
|move|p1a: Corviknight|Body Press|p2a: Heatran
|-supereffective|p2a: Heatran
|-damage|p2a: Heatran|55/100
|
|-heal|p2a: Heatran|61/100|[from] item: Leftovers
|upkeep
|turn|8
|
|t:|1759073296
|switch|p1a: Slowking|Slowking-Galar, F, shiny|100/100
|-damage|p1a: Slowking|88/100|[from] Stealth Rock
|move|p2a: Heatran|Magma Storm|p1a: Slowking
|-damage|p1a: Slowking|63/100
|-activate|p1a: Slowking|move: Magma Storm|[of] p2a: Heatran
|
|-heal|p2a: Heatran|67/100|[from] item: Leftovers
|-damage|p1a: Slowking|50/100|[from] move: Magma Storm|[partiallytrapped]
|upkeep
|turn|9
|
|t:|1759073328
|move|p2a: Heatran|Magma Storm|p1a: Slowking|[miss]
|-miss|p2a: Heatran|p1a: Slowking
|-prepare|p1a: Slowking|Chilly Reception|[premajor]
|move|p1a: Slowking|Chilly Reception|p1a: Slowking
|-weather|Snowscape
|
|t:|1759073337
|switch|p1a: Ting-Lu|Ting-Lu|100/100|[from] Chilly Reception
|-damage|p1a: Ting-Lu|94/100|[from] Stealth Rock
|-ability|p1a: Ting-Lu|Vessel of Ruin
|
|-weather|Snowscape|[upkeep]
|-heal|p2a: Heatran|74/100|[from] item: Leftovers
|-heal|p1a: Ting-Lu|100/100|[from] item: Leftovers
|upkeep
|turn|10
|
|t:|1759073343
|switch|p2a: Dondozo|Dondozo, M|100/100
|move|p1a: Ting-Lu|Ruination|p2a: Dondozo
|-damage|p2a: Dondozo|51/100
|
|-weather|Snowscape|[upkeep]
|-heal|p2a: Dondozo|57/100|[from] item: Leftovers
|upkeep
|turn|11
|
|t:|1759073365
|move|p1a: Ting-Lu|Ruination|p2a: Dondozo
|-damage|p2a: Dondozo|29/100
|move|p2a: Dondozo|Avalanche|p1a: Ting-Lu
|-supereffective|p1a: Ting-Lu
|-damage|p1a: Ting-Lu|75/100
|
|-weather|Snowscape|[upkeep]
|-heal|p1a: Ting-Lu|81/100|[from] item: Leftovers
|-heal|p2a: Dondozo|35/100|[from] item: Leftovers
|upkeep
|turn|12
|
|t:|1759073378
|move|p1a: Ting-Lu|Ruination|p2a: Dondozo
|-damage|p2a: Dondozo|18/100
|move|p2a: Dondozo|Rest|p2a: Dondozo
|-status|p2a: Dondozo|slp|[from] move: Rest
|-heal|p2a: Dondozo|100/100 slp|[silent]
|
|-weather|Snowscape|[upkeep]
|-heal|p1a: Ting-Lu|87/100|[from] item: Leftovers
|upkeep
|turn|13
|
|t:|1759073391
|switch|p1a: Kyurem|Kyurem|100/100
|-damage|p1a: Kyurem|76/100|[from] Stealth Rock
|-ability|p1a: Kyurem|Pressure
|cant|p2a: Dondozo|slp
|move|p2a: Dondozo|Sleep Talk|p2a: Dondozo
|move|p2a: Dondozo|Avalanche|p1a: Kyurem|[from] move: Sleep Talk
|-damage|p1a: Kyurem|67/100
|
|-weather|none
|upkeep
|turn|14
|
|t:|1759073421
|switch|p2a: Ting-Lu|Ting-Lu|100/100
|-ability|p2a: Ting-Lu|Vessel of Ruin
|move|p1a: Kyurem|Freeze-Dry|p2a: Ting-Lu
|-supereffective|p2a: Ting-Lu
|-damage|p2a: Ting-Lu|46/100
|
|-heal|p2a: Ting-Lu|53/100|[from] item: Leftovers
|upkeep
|turn|15
|
|t:|1759073429
|switch|p1a: Cinderace|Cinderace, M|100/100
|switch|p2a: Heatran|Heatran, F|74/100
|
|-heal|p2a: Heatran|80/100|[from] item: Leftovers
|upkeep
|turn|16
|
|t:|1759073436
|switch|p2a: Dondozo|Dondozo, M|100/100 slp
|move|p1a: Cinderace|Court Change|p1a: Cinderace
|-swapsideconditions
|-activate|p1a: Cinderace|move: Court Change
|
|upkeep
|turn|17
|
|t:|1759073442
|move|p1a: Cinderace|U-turn|p2a: Dondozo
|-damage|p2a: Dondozo|92/100 slp
|
|t:|1759073446
|switch|p1a: Slowking|Slowking-Galar, F, shiny|83/100|[from] U-turn
|cant|p2a: Dondozo|slp
|move|p2a: Dondozo|Sleep Talk|p2a: Dondozo
|move|p2a: Dondozo|Avalanche|p1a: Slowking|[from] move: Sleep Talk
|-damage|p1a: Slowking|69/100
|
|-heal|p2a: Dondozo|98/100 slp|[from] item: Leftovers
|upkeep
|turn|18
|
|t:|1759073467
|-curestatus|p2a: Dondozo|slp|[msg]
|move|p2a: Dondozo|Wave Crash|p1a: Slowking
|-damage|p1a: Slowking|24/100
|-damage|p2a: Dondozo|86/100|[from] Recoil
|move|p1a: Slowking|Future Sight|p2a: Dondozo
|-start|p1a: Slowking|move: Future Sight
|
|-heal|p2a: Dondozo|93/100|[from] item: Leftovers
|upkeep
|turn|19
|
|t:|1759073477
|switch|p1a: Corviknight|Corviknight, F|88/100
|-ability|p1a: Corviknight|Pressure
|move|p2a: Dondozo|Wave Crash|p1a: Corviknight
|-damage|p1a: Corviknight|64/100
|-damage|p2a: Dondozo|76/100|[from] item: Rocky Helmet|[of] p1a: Corviknight
|-damage|p2a: Dondozo|70/100|[from] Recoil
|
|-heal|p2a: Dondozo|76/100|[from] item: Leftovers
|upkeep
|turn|20
|
|t:|1759073496
|switch|p2a: Rotom|Rotom-Wash|100/100
|move|p1a: Corviknight|U-turn|p2a: Rotom
|-damage|p2a: Rotom|81/100
|
|t:|1759073511
|switch|p1a: Dragapult|Dragapult, M|100/100|[from] U-turn
|
|-end|p2a: Rotom|move: Future Sight
|-damage|p2a: Rotom|21/100
|upkeep
|turn|21
|
|t:|1759073531
|move|p1a: Dragapult|Shadow Ball|p2a: Rotom
|-damage|p2a: Rotom|0 fnt
|faint|p2a: Rotom
|-damage|p1a: Dragapult|91/100|[from] item: Life Orb
|
|upkeep
|
|t:|1759073535
|switch|p2a: Ting-Lu|Ting-Lu|53/100
|-damage|p2a: Ting-Lu|46/100|[from] Stealth Rock
|-ability|p2a: Ting-Lu|Vessel of Ruin
|turn|22
|
|t:|1759073543
|-terastallize|p1a: Dragapult|Dragon
|move|p1a: Dragapult|Draco Meteor|p2a: Ting-Lu
|-damage|p2a: Ting-Lu|3/100
|-unboost|p1a: Dragapult|spa|2
|-damage|p1a: Dragapult|81/100|[from] item: Life Orb
|move|p2a: Ting-Lu|Rest|p2a: Ting-Lu
|-status|p2a: Ting-Lu|slp|[from] move: Rest
|-heal|p2a: Ting-Lu|100/100 slp|[silent]
|
|upkeep
|turn|23
|
|t:|1759073554
|switch|p1a: Slowking|Slowking-Galar, F, shiny|57/100
|cant|p2a: Ting-Lu|slp
|move|p2a: Ting-Lu|Sleep Talk|p2a: Ting-Lu
|move|p2a: Ting-Lu|Earthquake|p1a: Slowking|[from] move: Sleep Talk
|-supereffective|p1a: Slowking
|-damage|p1a: Slowking|0 fnt
|faint|p1a: Slowking
|
|upkeep
|
|t:|1759073561
|switch|p1a: Kyurem|Kyurem|67/100
|-ability|p1a: Kyurem|Pressure
|turn|24
|c|☆Inder-House|oh thank goodness
|
|t:|1759073574
|move|p1a: Kyurem|Freeze-Dry|p2a: Ting-Lu
|-supereffective|p2a: Ting-Lu
|-damage|p2a: Ting-Lu|48/100 slp
|cant|p2a: Ting-Lu|slp
|move|p2a: Ting-Lu|Sleep Talk|p2a: Ting-Lu
|move|p2a: Ting-Lu|Rest||[from] move: Sleep Talk|[still]
|-fail|p2a: Ting-Lu
|
|-heal|p2a: Ting-Lu|54/100 slp|[from] item: Leftovers
|upkeep
|turn|25
|
|t:|1759073580
|switch|p2a: Heatran|Heatran, F|80/100
|-damage|p2a: Heatran|67/100|[from] Stealth Rock
|move|p1a: Kyurem|Freeze-Dry|p2a: Heatran
|-resisted|p2a: Heatran
|-damage|p2a: Heatran|58/100
|
|-heal|p2a: Heatran|64/100|[from] item: Leftovers
|upkeep
|turn|26
|
|t:|1759073590
|switch|p1a: Ting-Lu|Ting-Lu|87/100
|-ability|p1a: Ting-Lu|Vessel of Ruin
|move|p2a: Heatran|Stealth Rock|p1a: Ting-Lu
|-sidestart|p1: Herris456|move: Stealth Rock
|
|-heal|p2a: Heatran|70/100|[from] item: Leftovers
|-heal|p1a: Ting-Lu|93/100|[from] item: Leftovers
|upkeep
|turn|27
|
|t:|1759073595
|move|p2a: Heatran|Protect|p2a: Heatran
|-singleturn|p2a: Heatran|Protect
|move|p1a: Ting-Lu|Ruination|p2a: Heatran
|-activate|p2a: Heatran|move: Protect
|
|-heal|p2a: Heatran|76/100|[from] item: Leftovers
|-heal|p1a: Ting-Lu|99/100|[from] item: Leftovers
|upkeep
|turn|28
|
|t:|1759073609
|move|p2a: Heatran|Magma Storm|p1a: Ting-Lu
|-damage|p1a: Ting-Lu|76/100
|-activate|p1a: Ting-Lu|move: Magma Storm|[of] p2a: Heatran
|move|p1a: Ting-Lu|Earthquake|p2a: Heatran
|-supereffective|p2a: Heatran
|-damage|p2a: Heatran|0 fnt
|faint|p2a: Heatran
|
|-heal|p1a: Ting-Lu|82/100|[from] item: Leftovers
|-end|p1a: Ting-Lu|Magma Storm|[partiallytrapped]|[silent]
|upkeep
|c|☆Inder-House|ah shoot hahaha
|
|t:|1759073616
|switch|p2a: Dondozo|Dondozo, M|76/100
|-damage|p2a: Dondozo|64/100|[from] Stealth Rock
|turn|29
|c|☆Herris456|Haha
|c|☆Herris456|yeah
|c|☆Herris456|Well it’s 2/3 so can’t do it again
|c|☆Inder-House|it's always a 50-50 like that hey
|c|☆Inder-House|lmao
|
|t:|1759073641
|switch|p1a: Corviknight|Corviknight, F|64/100
|-damage|p1a: Corviknight|52/100|[from] Stealth Rock
|-ability|p1a: Corviknight|Pressure
|move|p2a: Dondozo|Wave Crash|p1a: Corviknight
|-damage|p1a: Corviknight|27/100
|-damage|p2a: Dondozo|47/100|[from] item: Rocky Helmet|[of] p1a: Corviknight
|-damage|p2a: Dondozo|40/100|[from] Recoil
|
|-heal|p2a: Dondozo|47/100|[from] item: Leftovers
|upkeep
|turn|30
|c|☆Inder-House|i knew you were considering it
|
|t:|1759073649
|move|p1a: Corviknight|Roost|p1a: Corviknight
|-heal|p1a: Corviknight|77/100
|-singleturn|p1a: Corviknight|move: Roost
|move|p2a: Dondozo|Wave Crash|p1a: Corviknight
|-damage|p1a: Corviknight|53/100
|-damage|p2a: Dondozo|30/100|[from] item: Rocky Helmet|[of] p1a: Corviknight
|-damage|p2a: Dondozo|24/100|[from] Recoil
|
|-heal|p2a: Dondozo|30/100|[from] item: Leftovers
|upkeep
|turn|31
|
|t:|1759073670
|move|p1a: Corviknight|Defog|p2a: Dondozo
|-unboost|p2a: Dondozo|evasion|1
|-sideend|p2: Inder-House|Stealth Rock|[from] move: Defog|[of] p1a: Corviknight
|-sideend|p1: Herris456|Stealth Rock|[from] move: Defog|[of] p1a: Corviknight
|move|p2a: Dondozo|Rest|p2a: Dondozo
|-status|p2a: Dondozo|slp|[from] move: Rest
|-heal|p2a: Dondozo|100/100 slp|[silent]
|
|upkeep
|turn|32
|
|t:|1759073674
|move|p1a: Corviknight|Roost|p1a: Corviknight
|-heal|p1a: Corviknight|100/100
|-singleturn|p1a: Corviknight|move: Roost
|cant|p2a: Dondozo|slp
|move|p2a: Dondozo|Sleep Talk|p2a: Dondozo
|move|p2a: Dondozo|Wave Crash|p1a: Corviknight|[from] move: Sleep Talk
|-damage|p1a: Corviknight|78/100
|-damage|p2a: Dondozo|84/100 slp|[from] item: Rocky Helmet|[of] p1a: Corviknight
|-damage|p2a: Dondozo|78/100 slp|[from] Recoil
|
|-heal|p2a: Dondozo|84/100 slp|[from] item: Leftovers
|upkeep
|turn|33
|
|t:|1759073682
|move|p1a: Corviknight|Body Press|p2a: Dondozo
|-damage|p2a: Dondozo|71/100 slp
|cant|p2a: Dondozo|slp
|move|p2a: Dondozo|Sleep Talk|p2a: Dondozo
|move|p2a: Dondozo|Rest||[from] move: Sleep Talk|[still]
|-fail|p2a: Dondozo
|
|-heal|p2a: Dondozo|78/100 slp|[from] item: Leftovers
|upkeep
|turn|34
|
|t:|1759073698
|move|p1a: Corviknight|Body Press|p2a: Dondozo
|-damage|p2a: Dondozo|66/100 slp
|-curestatus|p2a: Dondozo|slp|[msg]
|move|p2a: Dondozo|Wave Crash|p1a: Corviknight
|-damage|p1a: Corviknight|54/100
|-damage|p2a: Dondozo|49/100|[from] item: Rocky Helmet|[of] p1a: Corviknight
|-damage|p2a: Dondozo|43/100|[from] Recoil
|
|-heal|p2a: Dondozo|49/100|[from] item: Leftovers
|upkeep
|turn|35
|
|t:|1759073717
|move|p1a: Corviknight|Body Press|p2a: Dondozo
|-damage|p2a: Dondozo|38/100
|move|p2a: Dondozo|Avalanche|p1a: Corviknight
|-damage|p1a: Corviknight|38/100
|-damage|p2a: Dondozo|21/100|[from] item: Rocky Helmet|[of] p1a: Corviknight
|
|-heal|p2a: Dondozo|27/100|[from] item: Leftovers
|upkeep
|turn|36
|
|t:|1759073728
|move|p1a: Corviknight|U-turn|p2a: Dondozo
|-damage|p2a: Dondozo|21/100
|
|t:|1759073734
|switch|p1a: Kyurem|Kyurem|67/100|[from] U-turn
|-ability|p1a: Kyurem|Pressure
|move|p2a: Dondozo|Rest|p2a: Dondozo
|-status|p2a: Dondozo|slp|[from] move: Rest
|-heal|p2a: Dondozo|100/100 slp|[silent]
|
|upkeep
|turn|37
|
|t:|1759073770
|-terastallize|p2a: Dondozo|Steel
|move|p1a: Kyurem|Freeze-Dry|p2a: Dondozo
|-resisted|p2a: Dondozo
|-damage|p2a: Dondozo|69/100 slp
|cant|p2a: Dondozo|slp
|move|p2a: Dondozo|Sleep Talk|p2a: Dondozo
|move|p2a: Dondozo|Rest||[from] move: Sleep Talk|[still]
|-fail|p2a: Dondozo
|
|-heal|p2a: Dondozo|76/100 slp|[from] item: Leftovers
|upkeep
|turn|38
|
|t:|1759073777
|switch|p1a: Corviknight|Corviknight, F|38/100
|-ability|p1a: Corviknight|Pressure
|cant|p2a: Dondozo|slp
|move|p2a: Dondozo|Sleep Talk|p2a: Dondozo
|move|p2a: Dondozo|Wave Crash|p1a: Corviknight|[from] move: Sleep Talk
|-crit|p1a: Corviknight
|-damage|p1a: Corviknight|2/100
|-damage|p2a: Dondozo|59/100 slp|[from] item: Rocky Helmet|[of] p1a: Corviknight
|-damage|p2a: Dondozo|50/100 slp|[from] Recoil
|
|-heal|p2a: Dondozo|56/100 slp|[from] item: Leftovers
|upkeep
|turn|39
|
|t:|1759073782
|move|p1a: Corviknight|Roost|p1a: Corviknight
|-heal|p1a: Corviknight|52/100
|-singleturn|p1a: Corviknight|move: Roost
|-curestatus|p2a: Dondozo|slp|[msg]
|move|p2a: Dondozo|Wave Crash|p1a: Corviknight
|-damage|p1a: Corviknight|28/100
|-damage|p2a: Dondozo|39/100|[from] item: Rocky Helmet|[of] p1a: Corviknight
|-damage|p2a: Dondozo|33/100|[from] Recoil
|
|-heal|p2a: Dondozo|39/100|[from] item: Leftovers
|upkeep
|turn|40
|
|t:|1759073789
|switch|p2a: Iron Valiant|Iron Valiant|100/100
|-enditem|p2a: Iron Valiant|Booster Energy
|-activate|p2a: Iron Valiant|ability: Quark Drive|[fromitem]
|-start|p2a: Iron Valiant|quarkdrivespe
|move|p1a: Corviknight|Body Press|p2a: Iron Valiant
|-resisted|p2a: Iron Valiant
|-crit|p2a: Iron Valiant
|-damage|p2a: Iron Valiant|77/100
|
|upkeep
|turn|41
|
|t:|1759073800
|move|p2a: Iron Valiant|Aura Sphere|p1a: Corviknight
|-damage|p1a: Corviknight|0 fnt
|faint|p1a: Corviknight
|
|upkeep
|
|t:|1759073805
|switch|p1a: Cinderace|Cinderace, M|100/100
|turn|42
|
|t:|1759073829
|move|p2a: Iron Valiant|Aura Sphere|p1a: Cinderace
|-damage|p1a: Cinderace|54/100
|move|p1a: Cinderace|Pyro Ball|p2a: Iron Valiant
|-damage|p2a: Iron Valiant|18/100
|
|upkeep
|turn|43
|
|t:|1759073845
|move|p2a: Iron Valiant|Aura Sphere|p1a: Cinderace
|-damage|p1a: Cinderace|2/100
|move|p1a: Cinderace|Pyro Ball|p2a: Iron Valiant
|-damage|p2a: Iron Valiant|0 fnt
|faint|p2a: Iron Valiant
|-end|p2a: Iron Valiant|Quark Drive|[silent]
|
|upkeep
|c|☆Inder-House|yeah you got me this time, gg
|
|t:|1759073855
|switch|p2a: Ting-Lu|Ting-Lu|54/100 slp
|-ability|p2a: Ting-Lu|Vessel of Ruin
|turn|44
|c|☆Herris456|Ggs man
|c|☆Herris456|close tho
|
|t:|1759073879
|move|p1a: Cinderace|Pyro Ball|p2a: Ting-Lu
|-damage|p2a: Ting-Lu|20/100 slp
|-curestatus|p2a: Ting-Lu|slp|[msg]
|move|p2a: Ting-Lu|Earthquake|p1a: Cinderace
|-supereffective|p1a: Cinderace
|-damage|p1a: Cinderace|0 fnt
|faint|p1a: Cinderace
|
|-heal|p2a: Ting-Lu|27/100|[from] item: Leftovers
|upkeep
|c|☆Inder-House|yeah
|
|t:|1759073893
|switch|p1a: Dragapult|Dragapult, M, tera:Dragon|81/100
|turn|45
|c|☆Inder-House|this wasn't the team I used most recently either, this was an older one I preferred as I still wasn't happy with my current one
|
|t:|1759073913
|move|p1a: Dragapult|Dragon Darts|p2a: Ting-Lu
|-damage|p2a: Ting-Lu|7/100
|-anim|p1a: Dragapult|Dragon Darts|p2a: Ting-Lu
|-damage|p2a: Ting-Lu|0 fnt
|faint|p2a: Ting-Lu
|-damage|p1a: Dragapult|71/100|[from] item: Life Orb
|
|upkeep
|
|t:|1759073915
|switch|p2a: Dondozo|Dondozo, M, tera:Steel|39/100
|turn|46
|
|t:|1759073920
|move|p1a: Dragapult|Fire Blast|p2a: Dondozo
|-supereffective|p2a: Dondozo
|-damage|p2a: Dondozo|0 fnt
|faint|p2a: Dondozo
|-damage|p1a: Dragapult|61/100|[from] item: Life Orb
|
|win|Herris456
|c|☆Inder-House|mixed attacker, cool
