|j|☆Charle_phate
|j|☆karrumi
|t:|1759033447
|gametype|singles
|player|p1|Charle_phate|blue|1391
|player|p2|karrumi|janitor|1335
|gen|9
|tier|[Gen 9] OU
|rated|
|rule|HP Percentage Mod: HP is shown in percentages
|rule|Endless Battle Clause: Forcing endless battles is banned
|rule|Species Clause: Limit one of each Pokémon
|rule|OHKO Clause: OHKO moves are banned
|rule|Evasion Items Clause: Evasion items are banned
|rule|Evasion Moves Clause: Evasion moves are banned
|rule|Evasion Abilities Clause: Evasion abilities are banned
|rule|Sleep Moves Clause: Sleep-inducing moves are banned
|clearpoke
|poke|p1|Serperior, M|
|poke|p1|Rotom-Wash|
|poke|p1|Zapdos|
|poke|p1|Heatran, M|
|poke|p1|Clefable, M|
|poke|p1|Landorus-Therian, M|
|poke|p2|Araquanid, F|
|poke|p2|Great Tusk|
|poke|p2|Chansey, F|
|poke|p2|Pecharunt|
|poke|p2|Corviknight, F|
|poke|p2|Raging Bolt|
|teampreview
|inactive|Battle timer is ON: inactive players will automatically lose when time's up. (requested by karrumi)
|
|t:|1759033452
|teamsize|p1|6
|teamsize|p2|6
|start
|switch|p1a: Rotom|Rotom-Wash|100/100
|switch|p2a: Araquanid|Araquanid, F, shiny|100/100
|turn|1
|
|t:|1759033459
|move|p1a: Rotom|Thunder Wave|p2a: Araquanid
|-status|p2a: Araquanid|par
|move|p2a: Araquanid|Liquidation|p1a: Rotom
|-resisted|p1a: Rotom
|-damage|p1a: Rotom|68/100
|
|-heal|p1a: Rotom|74/100|[from] item: Leftovers
|upkeep
|turn|2
|
|t:|1759033469
|move|p1a: Rotom|Charge Beam|p2a: Araquanid|[miss]
|-miss|p1a: Rotom|p2a: Araquanid
|move|p2a: Araquanid|Liquidation|p1a: Rotom
|-resisted|p1a: Rotom
|-damage|p1a: Rotom|41/100
|-unboost|p1a: Rotom|def|1
|
|-heal|p1a: Rotom|47/100|[from] item: Leftovers
|upkeep
|turn|3
|
|t:|1759033483
|switch|p1a: Zapdos|Zapdos|100/100
|move|p2a: Araquanid|Liquidation|p1a: Zapdos
|-damage|p1a: Zapdos|41/100
|
|-heal|p1a: Zapdos|48/100|[from] item: Leftovers
|upkeep
|turn|4
|
|t:|1759033493
|move|p1a: Zapdos|Roost|p1a: Zapdos
|-heal|p1a: Zapdos|98/100
|-singleturn|p1a: Zapdos|move: Roost
|move|p2a: Araquanid|Liquidation|p1a: Zapdos
|-damage|p1a: Zapdos|32/100
|
|-heal|p1a: Zapdos|38/100|[from] item: Leftovers
|upkeep
|turn|5
|
|t:|1759033504
|move|p1a: Zapdos|Roost|p1a: Zapdos
|-heal|p1a: Zapdos|88/100
|-singleturn|p1a: Zapdos|move: Roost
|move|p2a: Araquanid|Liquidation|p1a: Zapdos
|-damage|p1a: Zapdos|29/100
|
|-heal|p1a: Zapdos|35/100|[from] item: Leftovers
|upkeep
|turn|6
|
|t:|1759033514
|move|p1a: Zapdos|Roost|p1a: Zapdos
|-heal|p1a: Zapdos|85/100
|-singleturn|p1a: Zapdos|move: Roost
|move|p2a: Araquanid|Liquidation|p1a: Zapdos
|-damage|p1a: Zapdos|21/100
|-unboost|p1a: Zapdos|def|1
|
|-heal|p1a: Zapdos|27/100|[from] item: Leftovers
|upkeep
|turn|7
|
|t:|1759033529
|move|p1a: Zapdos|Ancient Power|p2a: Araquanid
|-supereffective|p2a: Araquanid
|-damage|p2a: Araquanid|82/100 par
|move|p2a: Araquanid|Liquidation|p1a: Zapdos
|-damage|p1a: Zapdos|0 fnt
|faint|p1a: Zapdos
|
|upkeep
|
|t:|1759033538
|switch|p1a: Rotom|Rotom-Wash|47/100
|turn|8
|
|t:|1759033541
|move|p1a: Rotom|Pain Split|p2a: Araquanid
|-sethp|p2a: Araquanid|64/100 par|[from] move: Pain Split|[silent]
|-sethp|p1a: Rotom|64/100|[from] move: Pain Split
|move|p2a: Araquanid|Liquidation|p1a: Rotom
|-resisted|p1a: Rotom
|-damage|p1a: Rotom|28/100
|
|-heal|p1a: Rotom|34/100|[from] item: Leftovers
|upkeep
|turn|9
|
|t:|1759033552
|move|p1a: Rotom|Charge Beam|p2a: Araquanid
|-supereffective|p2a: Araquanid
|-damage|p2a: Araquanid|38/100 par
|-boost|p1a: Rotom|spa|1
|move|p2a: Araquanid|Liquidation|p1a: Rotom
|-resisted|p1a: Rotom
|-damage|p1a: Rotom|0 fnt
|faint|p1a: Rotom
|
|upkeep
|
|t:|1759033568
|switch|p1a: Serperior|Serperior, M|100/100
|turn|10
|
|t:|1759033575
|move|p1a: Serperior|Substitute|p1a: Serperior
|-start|p1a: Serperior|Substitute
|-damage|p1a: Serperior|75/100
|move|p2a: Araquanid|Poison Jab|p1a: Serperior
|-supereffective|p1a: Serperior
|-end|p1a: Serperior|Substitute
|
|-heal|p1a: Serperior|82/100|[from] item: Leftovers
|upkeep
|turn|11
|
|t:|1759033592
|move|p1a: Serperior|Substitute|p1a: Serperior
|-start|p1a: Serperior|Substitute
|-damage|p1a: Serperior|57/100
|cant|p2a: Araquanid|par
|
|-heal|p1a: Serperior|63/100|[from] item: Leftovers
|upkeep
|turn|12
|
|t:|1759033601
|move|p1a: Serperior|Leaf Storm|p2a: Araquanid
|-damage|p2a: Araquanid|15/100 par
|-boost|p1a: Serperior|spa|2
|cant|p2a: Araquanid|par
|
|-heal|p1a: Serperior|69/100|[from] item: Leftovers
|upkeep
|turn|13
|
|t:|1759033612
|switch|p2a: Chansey|Chansey, F|100/100
|move|p1a: Serperior|Leaf Storm|p2a: Chansey
|-damage|p2a: Chansey|80/100
|-boost|p1a: Serperior|spa|2
|
|-heal|p1a: Serperior|75/100|[from] item: Leftovers
|upkeep
|turn|14
|
|t:|1759033625
|move|p1a: Serperior|Glare|p2a: Chansey
|-status|p2a: Chansey|par
|move|p2a: Chansey|Seismic Toss|p1a: Serperior
|-end|p1a: Serperior|Substitute
|
|-heal|p1a: Serperior|81/100|[from] item: Leftovers
|upkeep
|turn|15
|
|t:|1759033635
|move|p1a: Serperior|Substitute|p1a: Serperior
|-start|p1a: Serperior|Substitute
|-damage|p1a: Serperior|56/100
|move|p2a: Chansey|Seismic Toss|p1a: Serperior
|-end|p1a: Serperior|Substitute
|
|-heal|p1a: Serperior|62/100|[from] item: Leftovers
|upkeep
|turn|16
|
|t:|1759033645
|move|p1a: Serperior|Leech Seed|p2a: Chansey
|-start|p2a: Chansey|move: Leech Seed
|move|p2a: Chansey|Seismic Toss|p1a: Serperior
|-damage|p1a: Serperior|28/100
|
|-heal|p1a: Serperior|34/100|[from] item: Leftovers
|-damage|p2a: Chansey|67/100 par|[from] Leech Seed|[of] p1a: Serperior
|-heal|p1a: Serperior|64/100|[silent]
|upkeep
|turn|17
|
|t:|1759033655
|-curestatus|p2a: Chansey|par|[from] ability: Natural Cure
|switch|p2a: Corviknight|Corviknight, F|100/100
|move|p1a: Serperior|Substitute|p1a: Serperior
|-start|p1a: Serperior|Substitute
|-damage|p1a: Serperior|39/100
|
|-heal|p1a: Serperior|45/100|[from] item: Leftovers
|upkeep
|turn|18
|
|t:|1759033666
|switch|p2a: Chansey|Chansey, F|67/100
|move|p1a: Serperior|Glare|p2a: Chansey
|-status|p2a: Chansey|par
|
|-heal|p1a: Serperior|52/100|[from] item: Leftovers
|upkeep
|turn|19
|
|t:|1759033676
|move|p1a: Serperior|Leech Seed|p2a: Chansey
|-start|p2a: Chansey|move: Leech Seed
|cant|p2a: Chansey|par
|
|-heal|p1a: Serperior|58/100|[from] item: Leftovers
|-damage|p2a: Chansey|55/100 par|[from] Leech Seed|[of] p1a: Serperior
|-heal|p1a: Serperior|87/100|[silent]
|upkeep
|turn|20
|
|t:|1759033686
|move|p1a: Serperior|Leaf Storm|p2a: Chansey
|-damage|p2a: Chansey|22/100 par
|-boost|p1a: Serperior|spa|2
|move|p2a: Chansey|Seismic Toss|p1a: Serperior
|-end|p1a: Serperior|Substitute
|
|-heal|p1a: Serperior|94/100|[from] item: Leftovers
|-damage|p2a: Chansey|9/100 par|[from] Leech Seed|[of] p1a: Serperior
|-heal|p1a: Serperior|100/100|[silent]
|upkeep
|turn|21
|
|t:|1759033702
|-curestatus|p2a: Chansey|par|[from] ability: Natural Cure
|switch|p2a: Corviknight|Corviknight, F|100/100
|move|p1a: Serperior|Substitute|p1a: Serperior
|-start|p1a: Serperior|Substitute
|-damage|p1a: Serperior|75/100
|
|-heal|p1a: Serperior|82/100|[from] item: Leftovers
|upkeep
|turn|22
|
|t:|1759033721
|move|p1a: Serperior|Glare|p2a: Corviknight
|-status|p2a: Corviknight|par
|move|p2a: Corviknight|Body Press|p1a: Serperior
|-activate|p1a: Serperior|move: Substitute|[damage]
|
|-heal|p1a: Serperior|88/100|[from] item: Leftovers
|upkeep
|turn|23
|
|t:|1759033731
|move|p1a: Serperior|Leech Seed|p2a: Corviknight|[miss]
|-miss|p1a: Serperior|p2a: Corviknight
|move|p2a: Corviknight|Body Press|p1a: Serperior
|-end|p1a: Serperior|Substitute
|
|-heal|p1a: Serperior|94/100|[from] item: Leftovers
|upkeep
|turn|24
|
|t:|1759033743
|switch|p2a: Pecharunt|Pecharunt|100/100
|move|p1a: Serperior|Substitute|p1a: Serperior
|-start|p1a: Serperior|Substitute
|-damage|p1a: Serperior|69/100
|
|-heal|p1a: Serperior|75/100|[from] item: Leftovers
|upkeep
|turn|25
|
|t:|1759033752
|move|p1a: Serperior|Glare|p2a: Pecharunt
|-status|p2a: Pecharunt|par
|move|p2a: Pecharunt|Curse|p1a: Serperior
|-start|p1a: Serperior|Curse|[of] p2a: Pecharunt
|-damage|p2a: Pecharunt|50/100 par
|
|-heal|p1a: Serperior|81/100|[from] item: Leftovers
|-heal|p2a: Pecharunt|57/100 par|[from] item: Leftovers
|-damage|p1a: Serperior|56/100|[from] Curse
|upkeep
|turn|26
|
|t:|1759033766
|switch|p2a: Corviknight|Corviknight, F|100/100 par
|move|p1a: Serperior|Leaf Storm|p2a: Corviknight
|-resisted|p2a: Corviknight
|-damage|p2a: Corviknight|68/100 par
|
|-heal|p1a: Serperior|62/100|[from] item: Leftovers
|-damage|p1a: Serperior|37/100|[from] Curse
|upkeep
|turn|27
|
|t:|1759033780
|move|p1a: Serperior|Leech Seed|p2a: Corviknight
|-start|p2a: Corviknight|move: Leech Seed
|move|p2a: Corviknight|Roost|p2a: Corviknight
|-heal|p2a: Corviknight|100/100 par
|-singleturn|p2a: Corviknight|move: Roost
|
|-heal|p1a: Serperior|44/100|[from] item: Leftovers
|-damage|p2a: Corviknight|88/100 par|[from] Leech Seed|[of] p1a: Serperior
|-heal|p1a: Serperior|60/100|[silent]
|-damage|p1a: Serperior|35/100|[from] Curse
|upkeep
|turn|28
|
|t:|1759033810
|switch|p1a: Heatran|Heatran, M|100/100
|move|p2a: Corviknight|Bulk Up|p2a: Corviknight
|-boost|p2a: Corviknight|atk|1
|-boost|p2a: Corviknight|def|1
|
|-damage|p2a: Corviknight|76/100 par|[from] Leech Seed|[of] p1a: Heatran
|upkeep
|turn|29
|
|t:|1759033821
|switch|p2a: Araquanid|Araquanid, F, shiny|15/100 par
|move|p1a: Heatran|Substitute|p1a: Heatran
|-start|p1a: Heatran|Substitute
|-damage|p1a: Heatran|76/100
|
|-heal|p1a: Heatran|82/100|[from] item: Leftovers
|upkeep
|turn|30
|
|t:|1759033831
|move|p1a: Heatran|Ancient Power|p2a: Araquanid
|-supereffective|p2a: Araquanid
|-damage|p2a: Araquanid|0 fnt
|faint|p2a: Araquanid
|
|-heal|p1a: Heatran|88/100|[from] item: Leftovers
|upkeep
|
|t:|1759033839
|switch|p2a: Chansey|Chansey, F|9/100
|turn|31
|
|t:|1759033843
|move|p1a: Heatran|Lava Plume|p2a: Chansey
|-damage|p2a: Chansey|1/100
|move|p2a: Chansey|Heal Bell|p2a: Chansey
|-activate|p2a: Chansey|move: Heal Bell
|-curestatus|p2: Corviknight|par|[msg]
|-curestatus|p2: Pecharunt|par|[msg]
|
|-heal|p1a: Heatran|94/100|[from] item: Leftovers
|upkeep
|turn|32
|
|t:|1759033856
|move|p1a: Heatran|Ancient Power|p2a: Chansey
|-damage|p2a: Chansey|0 fnt
|faint|p2a: Chansey
|
|-heal|p1a: Heatran|100/100|[from] item: Leftovers
|upkeep
|
|t:|1759033873
|switch|p2a: Great Tusk|Great Tusk|100/100
|-enditem|p2a: Great Tusk|Booster Energy
|-activate|p2a: Great Tusk|ability: Protosynthesis|[fromitem]
|-start|p2a: Great Tusk|protosynthesisatk
|turn|33
|
|t:|1759033883
|move|p2a: Great Tusk|Bulk Up|p2a: Great Tusk
|-boost|p2a: Great Tusk|atk|1
|-boost|p2a: Great Tusk|def|1
|move|p1a: Heatran|Lava Plume|p2a: Great Tusk
|-damage|p2a: Great Tusk|44/100
|-status|p2a: Great Tusk|brn
|
|-damage|p2a: Great Tusk|37/100 brn|[from] brn
|upkeep
|turn|34
|
|t:|1759033894
|move|p2a: Great Tusk|Headlong Rush|p1a: Heatran
|-supereffective|p1a: Heatran
|-end|p1a: Heatran|Substitute
|-unboost|p2a: Great Tusk|def|1
|-unboost|p2a: Great Tusk|spd|1
|move|p1a: Heatran|Ancient Power|p2a: Great Tusk
|-resisted|p2a: Great Tusk
|-damage|p2a: Great Tusk|28/100 brn
|
|-damage|p2a: Great Tusk|22/100 brn|[from] brn
|upkeep
|turn|35
|
|t:|1759033906
|-terastallize|p1a: Heatran|Flying
|move|p2a: Great Tusk|Headlong Rush|p1a: Heatran
|-immune|p1a: Heatran
|move|p1a: Heatran|Substitute|p1a: Heatran
|-start|p1a: Heatran|Substitute
|-damage|p1a: Heatran|76/100
|
|-heal|p1a: Heatran|82/100|[from] item: Leftovers
|-damage|p2a: Great Tusk|15/100 brn|[from] brn
|upkeep
|turn|36
|
|t:|1759033919
|move|p2a: Great Tusk|Ice Spinner|p1a: Heatran
|-supereffective|p1a: Heatran
|-end|p1a: Heatran|Substitute
|move|p1a: Heatran|Ancient Power|p2a: Great Tusk
|-resisted|p2a: Great Tusk
|-damage|p2a: Great Tusk|5/100 brn
|-boost|p1a: Heatran|atk|1
|-boost|p1a: Heatran|def|1
|-boost|p1a: Heatran|spa|1
|-boost|p1a: Heatran|spd|1
|-boost|p1a: Heatran|spe|1
|
|-heal|p1a: Heatran|88/100|[from] item: Leftovers
|-damage|p2a: Great Tusk|0 fnt|[from] brn
|faint|p2a: Great Tusk
|-end|p2a: Great Tusk|Protosynthesis|[silent]
|upkeep
|
|t:|1759033931
|switch|p2a: Pecharunt|Pecharunt|57/100
|turn|37
|
|t:|1759033952
|move|p1a: Heatran|Earth Power|p2a: Pecharunt
|-supereffective|p2a: Pecharunt
|-damage|p2a: Pecharunt|0 fnt
|faint|p2a: Pecharunt
|
|-heal|p1a: Heatran|94/100|[from] item: Leftovers
|upkeep
|
|t:|1759033958
|switch|p2a: Raging Bolt|Raging Bolt|100/100
|-enditem|p2a: Raging Bolt|Booster Energy
|-activate|p2a: Raging Bolt|ability: Protosynthesis|[fromitem]
|-start|p2a: Raging Bolt|protosynthesisspa
|turn|38
|inactive|Charle_phate has 120 seconds left.
|
|t:|1759034005
|move|p1a: Heatran|Earth Power|p2a: Raging Bolt
|-supereffective|p2a: Raging Bolt
|-damage|p2a: Raging Bolt|35/100
|move|p2a: Raging Bolt|Calm Mind|p2a: Raging Bolt
|-boost|p2a: Raging Bolt|spa|1
|-boost|p2a: Raging Bolt|spd|1
|
|-heal|p1a: Heatran|100/100|[from] item: Leftovers
|upkeep
|turn|39
|
|t:|1759034013
|move|p2a: Raging Bolt|Thunderclap|p1a: Heatran
|-supereffective|p1a: Heatran
|-damage|p1a: Heatran|32/100
|move|p1a: Heatran|Earth Power|p2a: Raging Bolt
|-supereffective|p2a: Raging Bolt
|-damage|p2a: Raging Bolt|0 fnt
|faint|p2a: Raging Bolt
|-end|p2a: Raging Bolt|Protosynthesis|[silent]
|
|-heal|p1a: Heatran|38/100|[from] item: Leftovers
|upkeep
|-message|karrumi forfeited.
|
|win|Charle_phate
|raw|Charle_phate's rating: 1391 &rarr; <strong>1408</strong><br />(+17 for winning)
|raw|karrumi's rating: 1335 &rarr; <strong>1318</strong><br />(-17 for losing)
|l|☆karrumi
|player|p2|
|l|☆Charle_phate
|player|p1|
