|j|☆jirujiru
|j|☆Shibuya Arc
|t:|1758996847
|gametype|singles
|player|p1|jirujiru|170|1769
|player|p2|Shibuya Arc|169|1774
|gen|9
|tier|[Gen 9] OU
|rated|
|rule|HP Percentage Mod: HP is shown in percentages
|rule|Endless Battle Clause: Forcing endless battles is banned
|rule|Species Clause: Limit one of each Pokémon
|rule|OHKO Clause: OHKO moves are banned
|rule|Evasion Items Clause: Evasion items are banned
|rule|Evasion Moves Clause: Evasion moves are banned
|rule|Evasion Abilities Clause: Evasion abilities are banned
|rule|Sleep Moves Clause: Sleep-inducing moves are banned
|clearpoke
|poke|p1|Ting-Lu|
|poke|p1|Zapdos|
|poke|p1|Alomomola, F|
|poke|p1|Kyurem|
|poke|p1|Weezing-Galar, M|
|poke|p1|Zamazenta-*|
|poke|p2|Dragapult, M|
|poke|p2|Dragonite, F|
|poke|p2|Ting-Lu|
|poke|p2|Weezing-Galar, F|
|poke|p2|Iron Crown|
|poke|p2|Zapdos|
|teampreview
|inactive|Battle timer is ON: inactive players will automatically lose when time's up. (requested by Shibuya Arc)
|j| wgw2333
|inactive|jirujiru has 120 seconds left.
|
|t:|1758996899
|teamsize|p1|6
|teamsize|p2|6
|start
|switch|p1a: Ting-Lu|Ting-Lu|100/100
|switch|p2a: Iron Crown|Iron Crown|100/100
|-ability|p1a: Ting-Lu|Vessel of Ruin
|turn|1
|
|t:|1758996909
|-end|p2a: Iron Crown|Quark Drive|[silent]
|switch|p2a: Ting-Lu|Ting-Lu|100/100
|-ability|p2a: Ting-Lu|Vessel of Ruin
|move|p1a: Ting-Lu|Earthquake|p2a: Ting-Lu
|-damage|p2a: Ting-Lu|73/100
|
|-heal|p2a: Ting-Lu|79/100|[from] item: Leftovers
|upkeep
|turn|2
|
|t:|1758996917
|switch|p1a: Kyurem|Kyurem|100/100
|-ability|p1a: Kyurem|Pressure
|move|p2a: Ting-Lu|Stealth Rock|p1a: Kyurem
|-sidestart|p1: jirujiru|move: Stealth Rock
|
|-heal|p2a: Ting-Lu|85/100|[from] item: Leftovers
|upkeep
|turn|3
|
|t:|1758996922
|move|p1a: Kyurem|Ice Beam|p2a: Ting-Lu
|-supereffective|p2a: Ting-Lu
|-damage|p2a: Ting-Lu|41/100
|move|p2a: Ting-Lu|Ruination|p1a: Kyurem|[miss]
|-miss|p2a: Ting-Lu|p1a: Kyurem
|
|-heal|p2a: Ting-Lu|47/100|[from] item: Leftovers
|upkeep
|turn|4
|
|t:|1758996933
|move|p1a: Kyurem|Earth Power|p2a: Ting-Lu
|-damage|p2a: Ting-Lu|32/100
|move|p2a: Ting-Lu|Ruination|p1a: Kyurem
|-damage|p1a: Kyurem|51/100
|
|-heal|p2a: Ting-Lu|38/100|[from] item: Leftovers
|upkeep
|turn|5
|
|t:|1758996939
|move|p1a: Kyurem|Ice Beam|p2a: Ting-Lu
|-supereffective|p2a: Ting-Lu
|-damage|p2a: Ting-Lu|0 fnt
|faint|p2a: Ting-Lu
|
|upkeep
|
|t:|1758996945
|switch|p2a: Iron Crown|Iron Crown|100/100
|turn|6
|
|t:|1758996951
|switch|p1a: Alomomola|Alomomola, F|100/100
|-damage|p1a: Alomomola|88/100|[from] Stealth Rock
|-terastallize|p2a: Iron Crown|Steel
|move|p2a: Iron Crown|Tachyon Cutter|p1a: Alomomola
|-resisted|p1a: Alomomola
|-damage|p1a: Alomomola|66/100
|-resisted|p1a: Alomomola
|-damage|p1a: Alomomola|42/100
|-hitcount|p1a: Alomomola|2
|-enditem|p1a: Alomomola|Eject Button
|l| wgw2333
|
|t:|1758996971
|switch|p1a: Ting-Lu|Ting-Lu|100/100
|-damage|p1a: Ting-Lu|94/100|[from] Stealth Rock
|-ability|p1a: Ting-Lu|Vessel of Ruin
|
|upkeep
|turn|7
|
|t:|1758996987
|-end|p2a: Iron Crown|Quark Drive|[silent]
|switch|p2a: Zapdos|Zapdos|100/100
|move|p1a: Ting-Lu|Rock Tomb|p2a: Zapdos
|-supereffective|p2a: Zapdos
|-damage|p2a: Zapdos|54/100
|-unboost|p2a: Zapdos|spe|1
|
|upkeep
|turn|8
|
|t:|1758996993
|move|p2a: Zapdos|Hurricane|p1a: Ting-Lu
|-damage|p1a: Ting-Lu|71/100
|move|p1a: Ting-Lu|Payback|p2a: Zapdos
|-crit|p2a: Zapdos
|-damage|p2a: Zapdos|0 fnt
|faint|p2a: Zapdos
|
|upkeep
|
|t:|1758996999
|switch|p2a: Weezing|Weezing-Galar, F|100/100
|-ability|p2a: Weezing|Neutralizing Gas
|turn|9
|
|t:|1758997005
|switch|p1a: Weezing|Weezing-Galar, M|100/100
|-ability|p1a: Weezing|Neutralizing Gas
|move|p2a: Weezing|Will-O-Wisp|p1a: Weezing
|-status|p1a: Weezing|brn
|
|-damage|p1a: Weezing|94/100 brn|[from] brn
|upkeep
|turn|10
|
|t:|1758997011
|move|p2a: Weezing|Toxic Spikes|p1a: Weezing
|-sidestart|p1: jirujiru|move: Toxic Spikes
|move|p1a: Weezing|Defog|p2a: Weezing
|-unboost|p2a: Weezing|evasion|1
|-sideend|p1: jirujiru|Toxic Spikes|[from] move: Defog|[of] p1a: Weezing
|-sideend|p1: jirujiru|Stealth Rock|[from] move: Defog|[of] p1a: Weezing
|
|-damage|p1a: Weezing|88/100 brn|[from] brn
|upkeep
|turn|11
|
|t:|1758997016
|switch|p2a: Iron Crown|Iron Crown, tera:Steel|100/100
|move|p1a: Weezing|Sludge Bomb|p2a: Iron Crown
|-immune|p2a: Iron Crown
|
|-damage|p1a: Weezing|82/100 brn|[from] brn
|upkeep
|turn|12
|
|t:|1758997033
|-end|p1a: Weezing|ability: Neutralizing Gas
|switch|p1a: Zapdos|Zapdos|100/100
|move|p2a: Iron Crown|Volt Switch|p1a: Zapdos
|-damage|p1a: Zapdos|71/100
|
|t:|1758997041
|-end|p2a: Iron Crown|Quark Drive|[silent]
|switch|p2a: Dragonite|Dragonite, F|100/100|[from] Volt Switch
|
|upkeep
|turn|13
|
|t:|1758997051
|move|p1a: Zapdos|Volt Switch|p2a: Dragonite
|-damage|p2a: Dragonite|82/100
|
|t:|1758997055
|switch|p1a: Weezing|Weezing-Galar, M|82/100 brn|[from] Volt Switch
|-ability|p1a: Weezing|Neutralizing Gas
|move|p2a: Dragonite|Dragon Dance|p2a: Dragonite
|-boost|p2a: Dragonite|atk|1
|-boost|p2a: Dragonite|spe|1
|
|-damage|p1a: Weezing|76/100 brn|[from] brn
|upkeep
|turn|14
|
|t:|1758997066
|move|p2a: Dragonite|Earthquake|p1a: Weezing
|-supereffective|p1a: Weezing
|-damage|p1a: Weezing|4/100 brn
|move|p1a: Weezing|Sludge Bomb|p2a: Dragonite
|-damage|p2a: Dragonite|55/100
|
|-damage|p1a: Weezing|0 fnt|[from] brn
|faint|p1a: Weezing
|-end|p1a: Weezing|ability: Neutralizing Gas
|upkeep
|
|t:|1758997073
|switch|p1a: Zamazenta|Zamazenta|100/100
|-ability|p1a: Zamazenta|Dauntless Shield|boost
|-boost|p1a: Zamazenta|def|1
|turn|15
|
|t:|1758997078
|move|p1a: Zamazenta|Ice Fang|p2a: Dragonite
|-supereffective|p2a: Dragonite
|-damage|p2a: Dragonite|0 fnt
|faint|p2a: Dragonite
|-damage|p1a: Zamazenta|91/100|[from] item: Life Orb
|
|upkeep
|
|t:|1758997085
|switch|p2a: Dragapult|Dragapult, M|100/100
|turn|16
|
|t:|1758997095
|switch|p1a: Alomomola|Alomomola, F|76/100
|move|p2a: Dragapult|Will-O-Wisp|p1a: Alomomola
|-status|p1a: Alomomola|brn
|
|-damage|p1a: Alomomola|70/100 brn|[from] brn
|upkeep
|turn|17
|
|t:|1758997103
|move|p2a: Dragapult|Hex|p1a: Alomomola
|-damage|p1a: Alomomola|19/100 brn
|move|p1a: Alomomola|Flip Turn|p2a: Dragapult
|-resisted|p2a: Dragapult
|-damage|p2a: Dragapult|95/100
|-start|p1a: Alomomola|Disable|Flip Turn|[from] ability: Cursed Body|[of] p2a: Dragapult
|
|t:|1758997131
|switch|p1a: Zapdos|Zapdos|71/100|[from] Flip Turn
|
|upkeep
|turn|18
|
|t:|1758997137
|-terastallize|p1a: Zapdos|Fairy
|move|p2a: Dragapult|Dragon Darts|p1a: Zapdos
|-immune|p1a: Zapdos
|move|p1a: Zapdos|Tera Blast|p2a: Dragapult|[anim] Tera Blast Fairy
|-supereffective|p2a: Dragapult
|-damage|p2a: Dragapult|0 fnt
|faint|p2a: Dragapult
|
|upkeep
|
|t:|1758997143
|switch|p2a: Iron Crown|Iron Crown, tera:Steel|100/100
|turn|19
|
|t:|1758997148
|move|p1a: Zapdos|Volt Switch|p2a: Iron Crown
|-damage|p2a: Iron Crown|67/100
|
|t:|1758997155
|switch|p1a: Alomomola|Alomomola, F|52/100 brn|[from] Volt Switch
|move|p2a: Iron Crown|Volt Switch|p1a: Alomomola
|-supereffective|p1a: Alomomola
|-crit|p1a: Alomomola
|-damage|p1a: Alomomola|0 fnt
|faint|p1a: Alomomola
|
|t:|1758997165
|-end|p2a: Iron Crown|Quark Drive|[silent]
|switch|p2a: Weezing|Weezing-Galar, F|100/100|[from] Volt Switch
|-ability|p2a: Weezing|Neutralizing Gas
|
|upkeep
|
|t:|1758997167
|switch|p1a: Kyurem|Kyurem|51/100
|turn|20
|
|t:|1758997173
|move|p1a: Kyurem|Earth Power|p2a: Weezing
|-supereffective|p2a: Weezing
|-damage|p2a: Weezing|6/100
|-unboost|p2a: Weezing|spd|1
|move|p2a: Weezing|Will-O-Wisp|p1a: Kyurem
|-status|p1a: Kyurem|brn
|
|-damage|p1a: Kyurem|44/100 brn|[from] brn
|upkeep
|turn|21
|
|t:|1758997178
|-end|p2a: Weezing|ability: Neutralizing Gas
|-ability|p1a: Kyurem|Pressure
|switch|p2a: Iron Crown|Iron Crown, tera:Steel|67/100
|move|p1a: Kyurem|Earth Power|p2a: Iron Crown
|-supereffective|p2a: Iron Crown
|-damage|p2a: Iron Crown|0 fnt
|faint|p2a: Iron Crown
|-end|p2a: Iron Crown|Quark Drive|[silent]
|
|-damage|p1a: Kyurem|38/100 brn|[from] brn
|upkeep
|
|t:|1758997183
|switch|p2a: Weezing|Weezing-Galar, F|6/100
|-ability|p2a: Weezing|Neutralizing Gas
|turn|22
|
|t:|1758997186
|move|p1a: Kyurem|Earth Power|p2a: Weezing
|-supereffective|p2a: Weezing
|-damage|p2a: Weezing|0 fnt
|faint|p2a: Weezing
|-end|p2a: Weezing|ability: Neutralizing Gas
|-ability|p1a: Kyurem|Pressure
|
|win|jirujiru
|raw|jirujiru's rating: 1769 &rarr; <strong>1789</strong><br />(+20 for winning)
|raw|Shibuya Arc's rating: 1774 &rarr; <strong>1754</strong><br />(-20 for losing)
