|j|☆FurretFan13
|j|☆noon tide pearl
|t:|1759057505
|gametype|singles
|player|p1|FurretFan13|dawn-gen4pt|1354
|player|p2|noon tide pearl|shadowtriad|1363
|gen|9
|tier|[Gen 9] OU
|rated|
|rule|HP Percentage Mod: HP is shown in percentages
|rule|Endless Battle Clause: Forcing endless battles is banned
|rule|Species Clause: Limit one of each Pokémon
|rule|OHKO Clause: OHKO moves are banned
|rule|Evasion Items Clause: Evasion items are banned
|rule|Evasion Moves Clause: Evasion moves are banned
|rule|Evasion Abilities Clause: Evasion abilities are banned
|rule|Sleep Moves Clause: Sleep-inducing moves are banned
|clearpoke
|poke|p1|Toxicroak, F|
|poke|p1|Pelipper, M|
|poke|p1|Iron Treads|
|poke|p1|Hatterene, F|
|poke|p1|Barraskewda, F|
|poke|p1|Zapdos|
|poke|p2|Deoxys-Speed|
|poke|p2|Moltres-Galar|
|poke|p2|Scream Tail|
|poke|p2|Zamazenta-*|
|poke|p2|Gholdengo|
|poke|p2|Dragonite, F|
|teampreview
|inactive|Battle timer is ON: inactive players will automatically lose when time's up. (requested by FurretFan13)
|
|t:|1759057516
|teamsize|p1|6
|teamsize|p2|6
|start
|switch|p1a: Pelican't|Pelipper, M, shiny|100/100
|switch|p2a: EATER|Deoxys-Speed|100/100
|-ability|p2a: EATER|Pressure
|-weather|RainDance|[from] ability: Drizzle|[of] p1a: Pelican't
|turn|1
|
|t:|1759057520
|move|p2a: EATER|Stealth Rock|p1a: Pelican't
|-sidestart|p1: FurretFan13|move: Stealth Rock
|move|p1a: Pelican't|U-turn|p2a: EATER
|-supereffective|p2a: EATER
|-crit|p2a: EATER
|-damage|p2a: EATER|62/100
|-damage|p1a: Pelican't|84/100|[from] item: Rocky Helmet|[of] p2a: EATER
|
|t:|1759057525
|switch|p1a: Sharkbait|Barraskewda, F, shiny|100/100|[from] U-turn
|-damage|p1a: Sharkbait|88/100|[from] Stealth Rock
|
|-weather|RainDance|[upkeep]
|upkeep
|turn|2
|
|t:|1759057532
|move|p1a: Sharkbait|Flip Turn|p2a: EATER
|-damage|p2a: EATER|0 fnt
|-damage|p1a: Sharkbait|72/100|[from] item: Rocky Helmet|[of] p2a: EATER
|faint|p2a: EATER
|
|t:|1759057539
|switch|p1a: Tronphan|Iron Treads, shiny|100/100|[from] Flip Turn
|-damage|p1a: Tronphan|98/100|[from] Stealth Rock
|
|-weather|RainDance|[upkeep]
|-heal|p1a: Tronphan|100/100|[from] item: Leftovers
|upkeep
|
|t:|1759057546
|switch|p2a: MetalGarurumon|Zamazenta|100/100
|-ability|p2a: MetalGarurumon|Dauntless Shield|boost
|-boost|p2a: MetalGarurumon|def|1
|turn|3
|
|t:|1759057556
|move|p2a: MetalGarurumon|Body Press|p1a: Tronphan
|-supereffective|p1a: Tronphan
|-damage|p1a: Tronphan|25/100
|move|p1a: Tronphan|Rapid Spin|p2a: MetalGarurumon
|-damage|p2a: MetalGarurumon|94/100
|-boost|p1a: Tronphan|spe|1
|-sideend|p1: FurretFan13|Stealth Rock|[from] move: Rapid Spin|[of] p1a: Tronphan
|
|-weather|RainDance|[upkeep]
|-heal|p2a: MetalGarurumon|99/100|[from] item: Leftovers
|-heal|p1a: Tronphan|31/100|[from] item: Leftovers
|upkeep
|turn|4
|
|t:|1759057563
|switch|p2a: Saberdramon|Moltres-Galar|100/100
|-end|p1a: Tronphan|Quark Drive|[silent]
|switch|p1a: Mrs Frog|Toxicroak, F, shiny|100/100
|
|-weather|RainDance|[upkeep]
|upkeep
|turn|5
|
|t:|1759057570
|switch|p1a: Tronphan|Iron Treads, shiny|31/100
|move|p2a: Saberdramon|Fiery Wrath|p1a: Tronphan
|-damage|p1a: Tronphan|0 fnt
|faint|p1a: Tronphan
|-end|p1a: Tronphan|Quark Drive|[silent]
|
|-weather|RainDance|[upkeep]
|upkeep
|
|t:|1759057574
|switch|p1a: Sharkbait|Barraskewda, F, shiny|72/100
|turn|6
|
|t:|1759057579
|move|p1a: Sharkbait|Liquidation|p2a: Saberdramon
|-damage|p2a: Saberdramon|0 fnt
|faint|p2a: Saberdramon
|
|-weather|RainDance|[upkeep]
|upkeep
|
|t:|1759057599
|switch|p2a: Dinomon|Dragonite, F|100/100
|turn|7
|
|t:|1759057608
|switch|p1a: Mrs Frog|Toxicroak, F, shiny|100/100
|move|p2a: Dinomon|Dragon Dance|p2a: Dinomon
|-boost|p2a: Dinomon|atk|1
|-boost|p2a: Dinomon|spe|1
|
|-weather|RainDance|[upkeep]
|upkeep
|turn|8
|
|t:|1759057622
|move|p1a: Mrs Frog|Encore|p2a: Dinomon
|-start|p2a: Dinomon|Encore
|move|p2a: Dinomon|Dragon Dance|p2a: Dinomon
|-boost|p2a: Dinomon|atk|1
|-boost|p2a: Dinomon|spe|1
|
|-weather|none
|upkeep
|turn|9
|
|t:|1759057635
|switch|p2a: GoldNumemon|Gholdengo|100/100
|move|p1a: Mrs Frog|Toxic|p2a: GoldNumemon
|-immune|p2a: GoldNumemon|[from] ability: Good as Gold
|
|upkeep
|turn|10
|
|t:|1759057648
|switch|p1a: Pelican't|Pelipper, M, shiny|84/100
|-weather|RainDance|[from] ability: Drizzle|[of] p1a: Pelican't
|move|p2a: GoldNumemon|Psyshock|p1a: Pelican't
|-crit|p1a: Pelican't
|-damage|p1a: Pelican't|42/100
|
|-weather|RainDance|[upkeep]
|upkeep
|turn|11
|
|t:|1759057657
|switch|p1a: Zapington|Zapdos|100/100
|move|p2a: GoldNumemon|Psyshock|p1a: Zapington
|-damage|p1a: Zapington|70/100
|
|-weather|RainDance|[upkeep]
|upkeep
|turn|12
|
|t:|1759057663
|move|p2a: GoldNumemon|Psyshock|p1a: Zapington
|-damage|p1a: Zapington|39/100
|move|p1a: Zapington|Volt Switch|p2a: GoldNumemon
|-damage|p2a: GoldNumemon|44/100
|
|t:|1759057667
|switch|p1a: Sharkbait|Barraskewda, F, shiny|72/100|[from] Volt Switch
|
|-weather|RainDance|[upkeep]
|upkeep
|turn|13
|
|t:|1759057673
|switch|p2a: MetalGarurumon|Zamazenta|99/100
|move|p1a: Sharkbait|Flip Turn|p2a: MetalGarurumon
|-damage|p2a: MetalGarurumon|45/100
|
|t:|1759057678
|switch|p1a: Hattervoir|Hatterene, F, shiny|100/100|[from] Flip Turn
|
|-weather|RainDance|[upkeep]
|-heal|p2a: MetalGarurumon|51/100|[from] item: Leftovers
|upkeep
|turn|14
|
|t:|1759057682
|move|p2a: MetalGarurumon|Heavy Slam|p1a: Hattervoir
|-supereffective|p1a: Hattervoir
|-damage|p1a: Hattervoir|38/100
|-enditem|p1a: Hattervoir|Eject Button
|
|t:|1759057686
|switch|p1a: Sharkbait|Barraskewda, F, shiny|72/100
|
|-weather|RainDance|[upkeep]
|-heal|p2a: MetalGarurumon|57/100|[from] item: Leftovers
|upkeep
|turn|15
|
|t:|1759057701
|switch|p2a: GoldNumemon|Gholdengo|44/100
|move|p1a: Sharkbait|Liquidation|p2a: GoldNumemon
|-damage|p2a: GoldNumemon|0 fnt
|faint|p2a: GoldNumemon
|
|-weather|RainDance|[upkeep]
|upkeep
|
|t:|1759057712
|switch|p2a: Dinomon|Dragonite, F|100/100
|turn|16
|
|t:|1759057716
|switch|p1a: Mrs Frog|Toxicroak, F, shiny|100/100
|move|p2a: Dinomon|Dragon Tail|p1a: Mrs Frog
|-damage|p1a: Mrs Frog|67/100
|-damage|p2a: Dinomon|84/100|[from] item: Rocky Helmet|[of] p1a: Mrs Frog
|drag|p1a: Zapington|Zapdos|39/100
|
|-weather|RainDance|[upkeep]
|upkeep
|turn|17
|
|t:|1759057723
|move|p1a: Zapington|Hurricane|p2a: Dinomon
|-damage|p2a: Dinomon|0 fnt
|faint|p2a: Dinomon
|
|-weather|none
|upkeep
|
|t:|1759057737
|switch|p2a: BigMamemon|Scream Tail|100/100
|-enditem|p2a: BigMamemon|Booster Energy
|-activate|p2a: BigMamemon|ability: Protosynthesis|[fromitem]
|-start|p2a: BigMamemon|protosynthesisspe
|turn|18
|
|t:|1759057740
|move|p2a: BigMamemon|Calm Mind|p2a: BigMamemon
|-boost|p2a: BigMamemon|spa|1
|-boost|p2a: BigMamemon|spd|1
|move|p1a: Zapington|Hurricane|p2a: BigMamemon
|-damage|p2a: BigMamemon|54/100
|
|upkeep
|turn|19
|
|t:|1759057744
|move|p2a: BigMamemon|Boomburst|p1a: Zapington
|-crit|p1a: Zapington
|-damage|p1a: Zapington|0 fnt
|faint|p1a: Zapington
|
|upkeep
|
|t:|1759057749
|switch|p1a: Pelican't|Pelipper, M, shiny|42/100
|-weather|RainDance|[from] ability: Drizzle|[of] p1a: Pelican't
|turn|20
|
|t:|1759057753
|move|p2a: BigMamemon|Boomburst|p1a: Pelican't
|-damage|p1a: Pelican't|0 fnt
|faint|p1a: Pelican't
|
|-weather|RainDance|[upkeep]
|upkeep
|
|t:|1759057757
|switch|p1a: Sharkbait|Barraskewda, F, shiny|72/100
|turn|21
|
|t:|1759057765
|-terastallize|p1a: Sharkbait|Water
|move|p1a: Sharkbait|Liquidation|p2a: BigMamemon
|-damage|p2a: BigMamemon|0 fnt
|faint|p2a: BigMamemon
|-end|p2a: BigMamemon|Protosynthesis|[silent]
|
|-weather|RainDance|[upkeep]
|upkeep
|
|t:|1759057769
|switch|p2a: MetalGarurumon|Zamazenta|57/100
|turn|22
|
|t:|1759057774
|move|p1a: Sharkbait|Liquidation|p2a: MetalGarurumon
|-damage|p2a: MetalGarurumon|0 fnt
|faint|p2a: MetalGarurumon
|
|win|FurretFan13
|raw|FurretFan13's rating: 1354 &rarr; <strong>1375</strong><br />(+21 for winning)
|raw|noon tide pearl's rating: 1363 &rarr; <strong>1342</strong><br />(-21 for losing)
|l|☆FurretFan13
|player|p1|
|l|☆noon tide pearl
|player|p2|
