|j|☆chupingolis
|j|☆abdkkgja
|t:|1758941156
|gametype|singles
|player|p1|chupingolis|265|1700
|player|p2|abdkkgja|lacey|1781
|gen|9
|tier|[Gen 9] OU
|rated|
|rule|HP Percentage Mod: HP is shown in percentages
|rule|Endless Battle Clause: Forcing endless battles is banned
|rule|Species Clause: Limit one of each Pokémon
|rule|OHKO Clause: OHKO moves are banned
|rule|Evasion Items Clause: Evasion items are banned
|rule|Evasion Moves Clause: Evasion moves are banned
|rule|Evasion Abilities Clause: Evasion abilities are banned
|rule|Sleep Moves Clause: Sleep-inducing moves are banned
|clearpoke
|poke|p1|Kingambit, F|
|poke|p1|Zamazenta-*|
|poke|p1|Raging Bolt|
|poke|p1|Corviknight, F|
|poke|p1|Dragapult, M|
|poke|p1|Iron Crown|
|poke|p2|Keldeo-Resolute|
|poke|p2|Kingambit, F|
|poke|p2|Slowking-Galar, M|
|poke|p2|Meowscarada, F|
|poke|p2|Landorus-Therian, M|
|poke|p2|Cinderace, F|
|teampreview
|inactive|Battle timer is ON: inactive players will automatically lose when time's up. (requested by chupingolis)
|c|☆abdkkgja|gl
|
|t:|1758941170
|teamsize|p1|6
|teamsize|p2|6
|start
|switch|p1a: Dragapult|Dragapult, M|100/100
|switch|p2a: Kingambit|Kingambit, F|100/100
|turn|1
|
|t:|1758941175
|switch|p1a: Corviknight|Corviknight, F|100/100
|-ability|p1a: Corviknight|Pressure
|move|p2a: Kingambit|Kowtow Cleave|p1a: Corviknight
|-damage|p1a: Corviknight|70/100
|-damage|p2a: Kingambit|84/100|[from] item: Rocky Helmet|[of] p1a: Corviknight
|
|upkeep
|turn|2
|
|t:|1758941179
|-end|p2a: Kingambit|fallenundefined|[silent]
|switch|p2a: Landorus|Landorus-Therian, M|100/100
|-ability|p2a: Landorus|Intimidate|boost
|-unboost|p1a: Corviknight|atk|1
|move|p1a: Corviknight|U-turn|p2a: Landorus
|-resisted|p2a: Landorus
|-damage|p2a: Landorus|96/100
|-damage|p1a: Corviknight|53/100|[from] item: Rocky Helmet|[of] p2a: Landorus
|
|t:|1758941185
|switch|p1a: Dragapult|Dragapult, M|100/100|[from] U-turn
|
|upkeep
|turn|3
|
|t:|1758941189
|switch|p2a: Kami’s Vision|Slowking-Galar, M|100/100
|move|p1a: Dragapult|Draco Meteor|p2a: Kami’s Vision|[miss]
|-miss|p1a: Dragapult|p2a: Kami’s Vision
|
|upkeep
|turn|4
|
|t:|1758941194
|switch|p1a: Raging Bolt|Raging Bolt|100/100
|move|p2a: Kami’s Vision|Trick|p1a: Raging Bolt
|-activate|p2a: Kami’s Vision|move: Trick|[of] p1a: Raging Bolt
|-item|p1a: Raging Bolt|Black Sludge|[from] move: Trick
|-item|p2a: Kami’s Vision|Leftovers|[from] move: Trick
|
|-damage|p1a: Raging Bolt|88/100|[from] item: Black Sludge
|upkeep
|turn|5
|
|t:|1758941208
|-end|p1a: Raging Bolt|Protosynthesis|[silent]
|switch|p1a: Dragapult|Dragapult, M|100/100
|-prepare|p2a: Kami’s Vision|Chilly Reception|[premajor]
|move|p2a: Kami’s Vision|Chilly Reception|p2a: Kami’s Vision
|-weather|Snowscape
|
|t:|1758941225
|switch|p2a: Meowscarada|Meowscarada, F|100/100|[from] Chilly Reception
|
|-weather|Snowscape|[upkeep]
|upkeep
|turn|6
|
|t:|1758941234
|switch|p1a: Corviknight|Corviknight, F|53/100
|-ability|p1a: Corviknight|Pressure
|switch|p2a: Cinderace|Cinderace, F|100/100
|
|-weather|Snowscape|[upkeep]
|upkeep
|turn|7
|
|t:|1758941241
|switch|p1a: Raging Bolt|Raging Bolt|88/100
|move|p2a: Cinderace|Pyro Ball|p1a: Raging Bolt
|-resisted|p1a: Raging Bolt
|-damage|p1a: Raging Bolt|66/100
|
|-weather|Snowscape|[upkeep]
|-damage|p1a: Raging Bolt|54/100|[from] item: Black Sludge
|upkeep
|turn|8
|
|t:|1758941250
|switch|p2a: Kami’s Vision|Slowking-Galar, M|100/100
|move|p1a: Raging Bolt|Draco Meteor|p2a: Kami’s Vision
|-damage|p2a: Kami’s Vision|58/100
|-unboost|p1a: Raging Bolt|spa|2
|
|-weather|Snowscape|[upkeep]
|-damage|p1a: Raging Bolt|41/100|[from] item: Black Sludge
|-heal|p2a: Kami’s Vision|64/100|[from] item: Leftovers
|upkeep
|turn|9
|
|t:|1758941256
|move|p1a: Raging Bolt|Draco Meteor|p2a: Kami’s Vision
|-damage|p2a: Kami’s Vision|42/100
|-unboost|p1a: Raging Bolt|spa|2
|-prepare|p2a: Kami’s Vision|Chilly Reception|[premajor]
|move|p2a: Kami’s Vision|Chilly Reception|p2a: Kami’s Vision
|
|t:|1758941267
|switch|p2a: Meowscarada|Meowscarada, F|100/100|[from] Chilly Reception
|
|-weather|none
|-damage|p1a: Raging Bolt|29/100|[from] item: Black Sludge
|upkeep
|turn|10
|
|t:|1758941276
|-end|p1a: Raging Bolt|Protosynthesis|[silent]
|switch|p1a: Corviknight|Corviknight, F|53/100
|-ability|p1a: Corviknight|Pressure
|move|p2a: Meowscarada|Knock Off|p1a: Corviknight
|-start|p2a: Meowscarada|typechange|Dark|[from] ability: Protean
|-damage|p1a: Corviknight|26/100
|-enditem|p1a: Corviknight|Rocky Helmet|[from] move: Knock Off|[of] p2a: Meowscarada
|
|upkeep
|turn|11
|
|t:|1758941285
|move|p2a: Meowscarada|U-turn|p1a: Corviknight
|-resisted|p1a: Corviknight
|-damage|p1a: Corviknight|23/100
|
|t:|1758941288
|switch|p2a: Cinderace|Cinderace, F|100/100|[from] U-turn
|move|p1a: Corviknight|Roost|p1a: Corviknight
|-heal|p1a: Corviknight|73/100
|-singleturn|p1a: Corviknight|move: Roost
|
|upkeep
|turn|12
|
|t:|1758941293
|switch|p1a: Dragapult|Dragapult, M|100/100
|move|p2a: Cinderace|U-turn|p1a: Dragapult
|-start|p2a: Cinderace|typechange|Bug|[from] ability: Libero
|-resisted|p1a: Dragapult
|-damage|p1a: Dragapult|78/100
|
|t:|1758941310
|switch|p2a: Kingambit|Kingambit, F|84/100|[from] U-turn
|
|upkeep
|turn|13
|
|t:|1758941313
|switch|p1a: Corviknight|Corviknight, F|73/100
|-ability|p1a: Corviknight|Pressure
|-end|p2a: Kingambit|fallenundefined|[silent]
|switch|p2a: Kami’s Vision|Slowking-Galar, M|75/100
|
|-heal|p2a: Kami’s Vision|81/100|[from] item: Leftovers
|upkeep
|turn|14
|
|t:|1758941318
|move|p1a: Corviknight|Brave Bird|p2a: Kami’s Vision
|-damage|p2a: Kami’s Vision|40/100
|-damage|p1a: Corviknight|60/100|[from] Recoil
|-prepare|p2a: Kami’s Vision|Chilly Reception|[premajor]
|move|p2a: Kami’s Vision|Chilly Reception|p2a: Kami’s Vision
|-weather|Snowscape
|
|t:|1758941321
|switch|p2a: Landorus|Landorus-Therian, M|96/100|[from] Chilly Reception
|-ability|p2a: Landorus|Intimidate|boost
|-unboost|p1a: Corviknight|atk|1
|
|-weather|Snowscape|[upkeep]
|upkeep
|turn|15
|
|t:|1758941329
|move|p2a: Landorus|Stealth Rock|p1a: Corviknight
|-sidestart|p1: chupingolis|move: Stealth Rock
|move|p1a: Corviknight|Roost|p1a: Corviknight
|-heal|p1a: Corviknight|100/100
|-singleturn|p1a: Corviknight|move: Roost
|
|-weather|Snowscape|[upkeep]
|upkeep
|turn|16
|
|t:|1758941331
|move|p2a: Landorus|Taunt|p1a: Corviknight
|-start|p1a: Corviknight|move: Taunt
|cant|p1a: Corviknight|move: Taunt|Defog
|
|-weather|Snowscape|[upkeep]
|upkeep
|turn|17
|
|t:|1758941340
|switch|p2a: Kami’s Vision|Slowking-Galar, M|73/100
|move|p1a: Corviknight|U-turn|p2a: Kami’s Vision
|-damage|p2a: Kami’s Vision|62/100
|
|t:|1758941348
|switch|p1a: Dragapult|Dragapult, M|78/100|[from] U-turn
|-damage|p1a: Dragapult|65/100|[from] Stealth Rock
|
|-weather|Snowscape|[upkeep]
|-heal|p2a: Kami’s Vision|69/100|[from] item: Leftovers
|upkeep
|turn|18
|
|t:|1758941358
|switch|p2a: Cinderace|Cinderace, F|100/100
|-terastallize|p1a: Dragapult|Dragon
|move|p1a: Dragapult|Draco Meteor|p2a: Cinderace|[miss]
|-miss|p1a: Dragapult|p2a: Cinderace
|
|-weather|none
|upkeep
|turn|19
|c|☆abdkkgja|ok
|c|☆abdkkgja|my b
|
|t:|1758941368
|-terastallize|p2a: Cinderace|Fairy
|move|p1a: Dragapult|Draco Meteor|p2a: Cinderace
|-immune|p2a: Cinderace
|move|p2a: Cinderace|High Jump Kick|p1a: Dragapult
|-damage|p1a: Dragapult|10/100
|
|upkeep
|turn|20
|-message|chupingolis forfeited.
|
|win|abdkkgja
|raw|chupingolis's rating: 1700 &rarr; <strong>1685</strong><br />(-15 for losing)
|raw|abdkkgja's rating: 1781 &rarr; <strong>1796</strong><br />(+15 for winning)
|l|☆chupingolis
|player|p1|
