|j|☆fuh-ridge-boy
|j|☆rztizotzoydyod
|t:|1758969206
|gametype|singles
|player|p1|fuh-ridge-boy|clown|1059
|player|p2|rztizotzoydyod|1|1051
|gen|9
|tier|[Gen 9] OU
|rated|
|rule|HP Percentage Mod: HP is shown in percentages
|rule|Endless Battle Clause: Forcing endless battles is banned
|rule|Species Clause: Limit one of each Pokémon
|rule|OHKO Clause: OHKO moves are banned
|rule|Evasion Items Clause: Evasion items are banned
|rule|Evasion Moves Clause: Evasion moves are banned
|rule|Evasion Abilities Clause: Evasion abilities are banned
|rule|Sleep Moves Clause: Sleep-inducing moves are banned
|clearpoke
|poke|p1|Pikachu, F|
|poke|p1|Darkrai|
|poke|p1|Gliscor, F|
|poke|p1|Typhlosion, M|
|poke|p1|Infernape, F|
|poke|p1|Glalie, F|
|poke|p2|Clefable, M|
|poke|p2|Dondozo, F|
|poke|p2|Blissey, F|
|poke|p2|Clodsire, M|
|poke|p2|Corviknight, M|
|poke|p2|Gliscor, M|
|teampreview
|
|t:|1758969214
|teamsize|p1|6
|teamsize|p2|6
|start
|switch|p1a: veeno-mouss|Gliscor, F|100/100
|switch|p2a: Corviknight|Corviknight, M|100/100
|-ability|p2a: Corviknight|Pressure
|turn|1
|
|t:|1758969243
|move|p1a: veeno-mouss|Protect|p1a: veeno-mouss
|-singleturn|p1a: veeno-mouss|Protect
|move|p2a: Corviknight|Iron Defense|p2a: Corviknight
|-boost|p2a: Corviknight|def|2
|
|-status|p1a: veeno-mouss|tox|[from] item: Toxic Orb
|upkeep
|turn|2
|
|t:|1758969252
|switch|p1a: floating snow-ball|Glalie, F|100/100
|move|p2a: Corviknight|Iron Defense|p2a: Corviknight
|-boost|p2a: Corviknight|def|2
|
|upkeep
|turn|3
|inactive|Battle timer is ON: inactive players will automatically lose when time's up. (requested by rztizotzoydyod)
|
|t:|1758969271
|move|p1a: floating snow-ball|Blizzard|p2a: Corviknight|[miss]
|-miss|p1a: floating snow-ball|p2a: Corviknight
|move|p2a: Corviknight|Body Press|p1a: floating snow-ball
|-supereffective|p1a: floating snow-ball
|-damage|p1a: floating snow-ball|0 fnt
|faint|p1a: floating snow-ball
|
|upkeep
|
|t:|1758969280
|switch|p1a: snoop dogg|Typhlosion, M|100/100
|turn|4
|
|t:|1758969290
|-terastallize|p2a: Corviknight|Dragon
|move|p1a: snoop dogg|Eruption|p2a: Corviknight
|-resisted|p2a: Corviknight
|-damage|p2a: Corviknight|71/100
|move|p2a: Corviknight|Body Press|p1a: snoop dogg
|-damage|p1a: snoop dogg|0 fnt
|faint|p1a: snoop dogg
|
|upkeep
|
|t:|1758969301
|switch|p1a: veeno-mouss|Gliscor, F|100/100 tox
|turn|5
|
|t:|1758969310
|move|p1a: veeno-mouss|Toxic|p2a: Corviknight
|-status|p2a: Corviknight|tox
|move|p2a: Corviknight|Body Press|p1a: veeno-mouss
|-resisted|p1a: veeno-mouss
|-damage|p1a: veeno-mouss|72/100 tox
|
|-heal|p1a: veeno-mouss|85/100 tox|[from] ability: Poison Heal
|-damage|p2a: Corviknight|64/100 tox|[from] psn
|upkeep
|turn|6
|
|t:|1758969320
|move|p1a: veeno-mouss|Substitute|p1a: veeno-mouss
|-start|p1a: veeno-mouss|Substitute
|-damage|p1a: veeno-mouss|60/100 tox
|move|p2a: Corviknight|Brave Bird|p1a: veeno-mouss
|-end|p1a: veeno-mouss|Substitute
|-damage|p2a: Corviknight|58/100 tox|[from] Recoil|[of] p1a: veeno-mouss
|
|-heal|p1a: veeno-mouss|72/100 tox|[from] ability: Poison Heal
|-damage|p2a: Corviknight|45/100 tox|[from] psn
|upkeep
|turn|7
|
|t:|1758969331
|move|p1a: veeno-mouss|Protect|p1a: veeno-mouss
|-singleturn|p1a: veeno-mouss|Protect
|move|p2a: Corviknight|Brave Bird|p1a: veeno-mouss
|-activate|p1a: veeno-mouss|move: Protect
|
|-heal|p1a: veeno-mouss|85/100 tox|[from] ability: Poison Heal
|-damage|p2a: Corviknight|27/100 tox|[from] psn
|upkeep
|turn|8
|
|t:|1758969341
|move|p1a: veeno-mouss|Substitute|p1a: veeno-mouss
|-start|p1a: veeno-mouss|Substitute
|-damage|p1a: veeno-mouss|60/100 tox
|move|p2a: Corviknight|Brave Bird|p1a: veeno-mouss
|-end|p1a: veeno-mouss|Substitute
|-damage|p2a: Corviknight|20/100 tox|[from] Recoil|[of] p1a: veeno-mouss
|
|-heal|p1a: veeno-mouss|72/100 tox|[from] ability: Poison Heal
|-damage|p2a: Corviknight|0 fnt|[from] psn
|faint|p2a: Corviknight
|upkeep
|
|t:|1758969358
|switch|p2a: Clefable|Clefable, M|100/100
|turn|9
|
|t:|1758969370
|move|p1a: veeno-mouss|Toxic|p2a: Clefable
|-status|p2a: Clefable|tox
|move|p2a: Clefable|Stealth Rock|p1a: veeno-mouss
|-sidestart|p1: fuh-ridge-boy|move: Stealth Rock
|
|-heal|p1a: veeno-mouss|85/100 tox|[from] ability: Poison Heal
|upkeep
|turn|10
|
|t:|1758969378
|move|p1a: veeno-mouss|Substitute|p1a: veeno-mouss
|-start|p1a: veeno-mouss|Substitute
|-damage|p1a: veeno-mouss|60/100 tox
|move|p2a: Clefable|Moonblast|p1a: veeno-mouss
|-end|p1a: veeno-mouss|Substitute
|
|-heal|p1a: veeno-mouss|72/100 tox|[from] ability: Poison Heal
|upkeep
|turn|11
|
|t:|1758969391
|move|p1a: veeno-mouss|Protect|p1a: veeno-mouss
|-singleturn|p1a: veeno-mouss|Protect
|move|p2a: Clefable|Moonblast|p1a: veeno-mouss
|-activate|p1a: veeno-mouss|move: Protect
|
|-heal|p1a: veeno-mouss|85/100 tox|[from] ability: Poison Heal
|upkeep
|turn|12
|
|t:|1758969416
|move|p1a: veeno-mouss|Facade|p2a: Clefable
|-damage|p2a: Clefable|76/100 tox
|move|p2a: Clefable|Moonblast|p1a: veeno-mouss
|-damage|p1a: veeno-mouss|47/100 tox
|
|-heal|p2a: Clefable|82/100 tox|[from] item: Leftovers
|-heal|p1a: veeno-mouss|60/100 tox|[from] ability: Poison Heal
|upkeep
|turn|13
|
|t:|1758969426
|move|p1a: veeno-mouss|Protect|p1a: veeno-mouss
|-singleturn|p1a: veeno-mouss|Protect
|move|p2a: Clefable|Moonblast|p1a: veeno-mouss
|-activate|p1a: veeno-mouss|move: Protect
|
|-heal|p2a: Clefable|89/100 tox|[from] item: Leftovers
|-heal|p1a: veeno-mouss|72/100 tox|[from] ability: Poison Heal
|upkeep
|turn|14
|
|t:|1758969438
|switch|p1a: anger-monkey|Infernape, F|100/100
|-damage|p1a: anger-monkey|88/100|[from] Stealth Rock
|move|p2a: Clefable|Moonblast|p1a: anger-monkey
|-damage|p1a: anger-monkey|54/100
|-unboost|p1a: anger-monkey|spa|1
|
|-heal|p2a: Clefable|95/100 tox|[from] item: Leftovers
|upkeep
|turn|15
|
|t:|1758969451
|move|p1a: anger-monkey|Fake Out|p2a: Clefable
|-damage|p2a: Clefable|86/100 tox
|cant|p2a: Clefable|flinch
|
|-heal|p2a: Clefable|92/100 tox|[from] item: Leftovers
|upkeep
|turn|16
|
|t:|1758969465
|move|p1a: anger-monkey|Flare Blitz|p2a: Clefable
|-damage|p2a: Clefable|52/100 tox
|-damage|p1a: anger-monkey|37/100|[from] Recoil
|move|p2a: Clefable|Moonblast|p1a: anger-monkey
|-damage|p1a: anger-monkey|4/100
|
|-heal|p2a: Clefable|58/100 tox|[from] item: Leftovers
|upkeep
|turn|17
|
|t:|1758969476
|move|p1a: anger-monkey|Flare Blitz|p2a: Clefable
|-damage|p2a: Clefable|0 fnt
|faint|p2a: Clefable
|-damage|p1a: anger-monkey|0 fnt|[from] Recoil
|faint|p1a: anger-monkey
|
|upkeep
|
|t:|1758969498
|switch|p1a: veeno-mouss|Gliscor, F|72/100 tox
|switch|p2a: Blissey|Blissey, F|100/100
|-damage|p1a: veeno-mouss|60/100 tox|[from] Stealth Rock
|turn|18
|
|t:|1758969510
|move|p1a: veeno-mouss|Protect|p1a: veeno-mouss
|-singleturn|p1a: veeno-mouss|Protect
|move|p2a: Blissey|Seismic Toss|p1a: veeno-mouss
|-activate|p1a: veeno-mouss|move: Protect
|
|-heal|p1a: veeno-mouss|72/100 tox|[from] ability: Poison Heal
|upkeep
|turn|19
|
|t:|1758969521
|switch|p2a: Gliscor|Gliscor, M|100/100
|move|p1a: veeno-mouss|Toxic|p2a: Gliscor
|-status|p2a: Gliscor|tox
|
|-heal|p1a: veeno-mouss|84/100 tox|[from] ability: Poison Heal
|upkeep
|turn|20
|
|t:|1758969531
|move|p1a: veeno-mouss|Substitute|p1a: veeno-mouss
|-start|p1a: veeno-mouss|Substitute
|-damage|p1a: veeno-mouss|60/100 tox
|move|p2a: Gliscor|Spikes|p1a: veeno-mouss
|-sidestart|p1: fuh-ridge-boy|Spikes
|
|-heal|p1a: veeno-mouss|72/100 tox|[from] ability: Poison Heal
|upkeep
|turn|21
|
|t:|1758969540
|move|p1a: veeno-mouss|Facade|p2a: Gliscor
|-damage|p2a: Gliscor|81/100 tox
|move|p2a: Gliscor|Spikes|p1a: veeno-mouss
|-sidestart|p1: fuh-ridge-boy|Spikes
|
|-heal|p1a: veeno-mouss|84/100 tox|[from] ability: Poison Heal
|-heal|p2a: Gliscor|94/100 tox|[from] ability: Poison Heal
|upkeep
|turn|22
|
|t:|1758969550
|move|p1a: veeno-mouss|Facade|p2a: Gliscor
|-damage|p2a: Gliscor|75/100 tox
|move|p2a: Gliscor|Spikes|p1a: veeno-mouss
|-sidestart|p1: fuh-ridge-boy|Spikes
|
|-heal|p1a: veeno-mouss|97/100 tox|[from] ability: Poison Heal
|-heal|p2a: Gliscor|87/100 tox|[from] ability: Poison Heal
|upkeep
|turn|23
|
|t:|1758969564
|move|p2a: Gliscor|Protect|p2a: Gliscor
|-singleturn|p2a: Gliscor|Protect
|move|p1a: veeno-mouss|Facade|p2a: Gliscor
|-activate|p2a: Gliscor|move: Protect
|
|-heal|p1a: veeno-mouss|100/100 tox|[from] ability: Poison Heal
|-heal|p2a: Gliscor|99/100 tox|[from] ability: Poison Heal
|upkeep
|turn|24
|
|t:|1758969584
|move|p1a: veeno-mouss|Facade|p2a: Gliscor
|-damage|p2a: Gliscor|83/100 tox
|move|p2a: Gliscor|Spikes||[still]
|-fail|p2a: Gliscor
|
|-heal|p2a: Gliscor|95/100 tox|[from] ability: Poison Heal
|upkeep
|turn|25
|inactive|rztizotzoydyod has 120 seconds left.
|
|t:|1758969610
|switch|p2a: Blissey|Blissey, F|100/100
|move|p1a: veeno-mouss|Facade|p2a: Blissey
|-damage|p2a: Blissey|70/100
|
|upkeep
|turn|26
|inactive|rztizotzoydyod has 120 seconds left.
|
|t:|1758969624
|move|p1a: veeno-mouss|Facade|p2a: Blissey
|-damage|p2a: Blissey|38/100
|move|p2a: Blissey|Soft-Boiled|p2a: Blissey
|-heal|p2a: Blissey|88/100
|
|upkeep
|turn|27
|
|t:|1758969631
|move|p1a: veeno-mouss|Toxic|p2a: Blissey
|-status|p2a: Blissey|tox
|move|p2a: Blissey|Calm Mind|p2a: Blissey
|-boost|p2a: Blissey|spa|1
|-boost|p2a: Blissey|spd|1
|
|-damage|p2a: Blissey|82/100 tox|[from] psn
|upkeep
|turn|28
|
|t:|1758969643
|move|p1a: veeno-mouss|Facade|p2a: Blissey
|-damage|p2a: Blissey|49/100 tox
|move|p2a: Blissey|Shadow Ball|p1a: veeno-mouss
|-crit|p1a: veeno-mouss
|-end|p1a: veeno-mouss|Substitute
|
|-damage|p2a: Blissey|36/100 tox|[from] psn
|upkeep
|turn|29
|
|t:|1758969653
|move|p1a: veeno-mouss|Substitute|p1a: veeno-mouss
|-start|p1a: veeno-mouss|Substitute
|-damage|p1a: veeno-mouss|76/100 tox
|move|p2a: Blissey|Soft-Boiled|p2a: Blissey
|-heal|p2a: Blissey|86/100 tox
|
|-heal|p1a: veeno-mouss|88/100 tox|[from] ability: Poison Heal
|-damage|p2a: Blissey|68/100 tox|[from] psn
|upkeep
|turn|30
|
|t:|1758969668
|-curestatus|p2a: Blissey|tox|[from] ability: Natural Cure
|switch|p2a: Gliscor|Gliscor, M|95/100 tox
|move|p1a: veeno-mouss|Facade|p2a: Gliscor
|-damage|p2a: Gliscor|77/100 tox
|
|-heal|p1a: veeno-mouss|100/100 tox|[from] ability: Poison Heal
|-heal|p2a: Gliscor|90/100 tox|[from] ability: Poison Heal
|upkeep
|turn|31
|
|t:|1758969681
|move|p2a: Gliscor|Protect|p2a: Gliscor
|-singleturn|p2a: Gliscor|Protect
|move|p1a: veeno-mouss|Facade|p2a: Gliscor
|-activate|p2a: Gliscor|move: Protect
|
|-heal|p2a: Gliscor|100/100 tox|[from] ability: Poison Heal
|upkeep
|turn|32
|
|t:|1758969697
|switch|p1a: not a real guy|Darkrai|100/100
|-damage|p1a: not a real guy|88/100|[from] Stealth Rock
|-damage|p1a: not a real guy|63/100|[from] Spikes
|move|p2a: Gliscor|Spikes||[still]
|-fail|p2a: Gliscor
|
|-heal|p1a: not a real guy|69/100|[from] item: Leftovers
|upkeep
|turn|33
|
|t:|1758969709
|move|p1a: not a real guy|Protect|p1a: not a real guy
|-singleturn|p1a: not a real guy|Protect
|move|p2a: Gliscor|Toxic|p1a: not a real guy
|-activate|p1a: not a real guy|move: Protect
|
|-heal|p1a: not a real guy|75/100|[from] item: Leftovers
|upkeep
|turn|34
|
|t:|1758969721
|move|p1a: not a real guy|Dark Pulse|p2a: Gliscor
|-damage|p2a: Gliscor|58/100 tox
|move|p2a: Gliscor|Toxic|p1a: not a real guy
|-status|p1a: not a real guy|tox
|
|-heal|p1a: not a real guy|82/100 tox|[from] item: Leftovers
|-damage|p1a: not a real guy|75/100 tox|[from] psn
|-heal|p2a: Gliscor|70/100 tox|[from] ability: Poison Heal
|upkeep
|turn|35
|
|t:|1758969732
|move|p2a: Gliscor|Protect|p2a: Gliscor
|-singleturn|p2a: Gliscor|Protect
|move|p1a: not a real guy|Dark Pulse|p2a: Gliscor
|-activate|p2a: Gliscor|move: Protect
|
|-heal|p1a: not a real guy|82/100 tox|[from] item: Leftovers
|-damage|p1a: not a real guy|69/100 tox|[from] psn
|-heal|p2a: Gliscor|83/100 tox|[from] ability: Poison Heal
|upkeep
|turn|36
|
|t:|1758969743
|move|p1a: not a real guy|Dark Pulse|p2a: Gliscor
|-damage|p2a: Gliscor|43/100 tox
|move|p2a: Gliscor|Earthquake|p1a: not a real guy
|-damage|p1a: not a real guy|33/100 tox
|
|-heal|p1a: not a real guy|39/100 tox|[from] item: Leftovers
|-damage|p1a: not a real guy|21/100 tox|[from] psn
|-heal|p2a: Gliscor|55/100 tox|[from] ability: Poison Heal
|upkeep
|turn|37
|
|t:|1758969755
|move|p2a: Gliscor|Protect|p2a: Gliscor
|-singleturn|p2a: Gliscor|Protect
|move|p1a: not a real guy|Calm Mind|p1a: not a real guy
|-boost|p1a: not a real guy|spa|1
|-boost|p1a: not a real guy|spd|1
|
|-heal|p1a: not a real guy|27/100 tox|[from] item: Leftovers
|-damage|p1a: not a real guy|2/100 tox|[from] psn
|-heal|p2a: Gliscor|68/100 tox|[from] ability: Poison Heal
|upkeep
|turn|38
|
|t:|1758969768
|switch|p2a: Blissey|Blissey, F|68/100
|move|p1a: not a real guy|Psychic|p2a: Blissey
|-damage|p2a: Blissey|56/100
|
|-heal|p1a: not a real guy|8/100 tox|[from] item: Leftovers
|-damage|p1a: not a real guy|0 fnt|[from] psn
|faint|p1a: not a real guy
|upkeep
|
|t:|1758969777
|switch|p1a: veeno-mouss|Gliscor, F|100/100 tox
|-damage|p1a: veeno-mouss|88/100 tox|[from] Stealth Rock
|turn|39
|
|t:|1758969784
|switch|p2a: Gliscor|Gliscor, M|68/100 tox
|move|p1a: veeno-mouss|Toxic|p2a: Gliscor
|-fail|p2a: Gliscor|tox
|
|-heal|p1a: veeno-mouss|100/100 tox|[from] ability: Poison Heal
|-heal|p2a: Gliscor|80/100 tox|[from] ability: Poison Heal
|upkeep
|turn|40
|
|t:|1758969796
|move|p1a: veeno-mouss|Facade|p2a: Gliscor
|-damage|p2a: Gliscor|62/100 tox
|move|p2a: Gliscor|Spikes||[still]
|-fail|p2a: Gliscor
|
|-heal|p2a: Gliscor|74/100 tox|[from] ability: Poison Heal
|upkeep
|turn|41
|
|t:|1758969806
|switch|p1a: Chester|Pikachu, F|100/100
|-damage|p1a: Chester|88/100|[from] Stealth Rock
|-damage|p1a: Chester|64/100|[from] Spikes
|move|p2a: Gliscor|Spikes||[still]
|-fail|p2a: Gliscor
|
|-heal|p2a: Gliscor|87/100 tox|[from] ability: Poison Heal
|upkeep
|turn|42
|
|t:|1758969816
|move|p1a: Chester|Surf|p2a: Gliscor
|-supereffective|p2a: Gliscor
|-damage|p2a: Gliscor|46/100 tox
|move|p2a: Gliscor|Earthquake|p1a: Chester
|-supereffective|p1a: Chester
|-damage|p1a: Chester|0 fnt
|faint|p1a: Chester
|
|-heal|p2a: Gliscor|58/100 tox|[from] ability: Poison Heal
|upkeep
|
|t:|1758969824
|switch|p1a: veeno-mouss|Gliscor, F|100/100 tox
|-damage|p1a: veeno-mouss|88/100 tox|[from] Stealth Rock
|turn|43
|
|t:|1758969832
|move|p2a: Gliscor|Protect|p2a: Gliscor
|-singleturn|p2a: Gliscor|Protect
|move|p1a: veeno-mouss|Facade|p2a: Gliscor
|-activate|p2a: Gliscor|move: Protect
|
|-heal|p1a: veeno-mouss|100/100 tox|[from] ability: Poison Heal
|-heal|p2a: Gliscor|71/100 tox|[from] ability: Poison Heal
|upkeep
|turn|44
|
|t:|1758969856
|switch|p2a: Dondozo|Dondozo, F|100/100
|move|p1a: veeno-mouss|Facade|p2a: Dondozo
|-damage|p2a: Dondozo|86/100
|
|upkeep
|turn|45
|
|t:|1758969866
|move|p1a: veeno-mouss|Substitute|p1a: veeno-mouss
|-start|p1a: veeno-mouss|Substitute
|-damage|p1a: veeno-mouss|76/100 tox
|move|p2a: Dondozo|Curse|p2a: Dondozo
|-unboost|p2a: Dondozo|spe|1
|-boost|p2a: Dondozo|atk|1
|-boost|p2a: Dondozo|def|1
|
|-heal|p1a: veeno-mouss|88/100 tox|[from] ability: Poison Heal
|upkeep
|turn|46
|
|t:|1758969877
|move|p1a: veeno-mouss|Toxic|p2a: Dondozo
|-status|p2a: Dondozo|tox
|move|p2a: Dondozo|Curse|p2a: Dondozo
|-unboost|p2a: Dondozo|spe|1
|-boost|p2a: Dondozo|atk|1
|-boost|p2a: Dondozo|def|1
|
|-heal|p1a: veeno-mouss|100/100 tox|[from] ability: Poison Heal
|-damage|p2a: Dondozo|80/100 tox|[from] psn
|upkeep
|turn|47
|
|t:|1758969888
|move|p1a: veeno-mouss|Protect|p1a: veeno-mouss
|-singleturn|p1a: veeno-mouss|Protect
|move|p2a: Dondozo|Curse|p2a: Dondozo
|-unboost|p2a: Dondozo|spe|1
|-boost|p2a: Dondozo|atk|1
|-boost|p2a: Dondozo|def|1
|
|-damage|p2a: Dondozo|68/100 tox|[from] psn
|upkeep
|turn|48
|
|t:|1758969901
|move|p1a: veeno-mouss|Facade|p2a: Dondozo
|-damage|p2a: Dondozo|63/100 tox
|move|p2a: Dondozo|Rest|p2a: Dondozo
|-status|p2a: Dondozo|slp|[from] move: Rest
|-heal|p2a: Dondozo|100/100 slp|[silent]
|
|upkeep
|turn|49
|
|t:|1758969912
|move|p1a: veeno-mouss|Toxic||[still]
|-fail|p1a: veeno-mouss
|cant|p2a: Dondozo|slp
|move|p2a: Dondozo|Sleep Talk|p2a: Dondozo
|move|p2a: Dondozo|Rest||[from] move: Sleep Talk|[still]
|-fail|p2a: Dondozo
|
|upkeep
|turn|50
|
|t:|1758969921
|move|p1a: veeno-mouss|Facade|p2a: Dondozo
|-damage|p2a: Dondozo|95/100 slp
|cant|p2a: Dondozo|slp
|move|p2a: Dondozo|Sleep Talk|p2a: Dondozo
|move|p2a: Dondozo|Waterfall|p1a: veeno-mouss|[from] move: Sleep Talk
|-supereffective|p1a: veeno-mouss
|-end|p1a: veeno-mouss|Substitute
|
|upkeep
|turn|51
|
|t:|1758969932
|move|p1a: veeno-mouss|Substitute|p1a: veeno-mouss
|-start|p1a: veeno-mouss|Substitute
|-damage|p1a: veeno-mouss|76/100 tox
|-curestatus|p2a: Dondozo|slp|[msg]
|move|p2a: Dondozo|Waterfall|p1a: veeno-mouss
|-supereffective|p1a: veeno-mouss
|-end|p1a: veeno-mouss|Substitute
|
|-heal|p1a: veeno-mouss|88/100 tox|[from] ability: Poison Heal
|upkeep
|turn|52
|
|t:|1758969942
|move|p1a: veeno-mouss|Substitute|p1a: veeno-mouss
|-start|p1a: veeno-mouss|Substitute
|-damage|p1a: veeno-mouss|63/100 tox
|move|p2a: Dondozo|Waterfall|p1a: veeno-mouss
|-supereffective|p1a: veeno-mouss
|-crit|p1a: veeno-mouss
|-end|p1a: veeno-mouss|Substitute
|
|-heal|p1a: veeno-mouss|76/100 tox|[from] ability: Poison Heal
|upkeep
|turn|53
|
|t:|1758969952
|move|p1a: veeno-mouss|Protect|p1a: veeno-mouss
|-singleturn|p1a: veeno-mouss|Protect
|move|p2a: Dondozo|Waterfall|p1a: veeno-mouss
|-activate|p1a: veeno-mouss|move: Protect
|
|-heal|p1a: veeno-mouss|88/100 tox|[from] ability: Poison Heal
|upkeep
|turn|54
|
|t:|1758969963
|move|p1a: veeno-mouss|Substitute|p1a: veeno-mouss
|-start|p1a: veeno-mouss|Substitute
|-damage|p1a: veeno-mouss|63/100 tox
|move|p2a: Dondozo|Curse|p2a: Dondozo
|-unboost|p2a: Dondozo|spe|1
|-boost|p2a: Dondozo|atk|1
|-boost|p2a: Dondozo|def|1
|
|-heal|p1a: veeno-mouss|76/100 tox|[from] ability: Poison Heal
|upkeep
|turn|55
|
|t:|1758969973
|move|p1a: veeno-mouss|Toxic|p2a: Dondozo|[miss]
|-miss|p1a: veeno-mouss|p2a: Dondozo
|move|p2a: Dondozo|Curse|p2a: Dondozo
|-unboost|p2a: Dondozo|spe|1
|-boost|p2a: Dondozo|atk|1
|-boost|p2a: Dondozo|def|1
|
|-heal|p1a: veeno-mouss|88/100 tox|[from] ability: Poison Heal
|upkeep
|turn|56
|
|t:|1758969983
|move|p1a: veeno-mouss|Toxic|p2a: Dondozo
|-status|p2a: Dondozo|tox
|move|p2a: Dondozo|Curse|p2a: Dondozo
|-unboost|p2a: Dondozo|spe|1
|-boost|p2a: Dondozo|atk|1
|-boost|p2a: Dondozo|def|1
|
|-heal|p1a: veeno-mouss|100/100 tox|[from] ability: Poison Heal
|-damage|p2a: Dondozo|89/100 tox|[from] psn
|upkeep
|turn|57
|
|t:|1758969995
|move|p1a: veeno-mouss|Facade|p2a: Dondozo
|-damage|p2a: Dondozo|86/100 tox
|move|p2a: Dondozo|Rest|p2a: Dondozo
|-status|p2a: Dondozo|slp|[from] move: Rest
|-heal|p2a: Dondozo|100/100 slp|[silent]
|
|upkeep
|turn|58
|
|t:|1758970004
|move|p1a: veeno-mouss|Protect|p1a: veeno-mouss
|-singleturn|p1a: veeno-mouss|Protect
|cant|p2a: Dondozo|slp
|move|p2a: Dondozo|Sleep Talk|p2a: Dondozo
|move|p2a: Dondozo|Rest||[from] move: Sleep Talk|[still]
|-fail|p2a: Dondozo
|
|upkeep
|turn|59
|
|t:|1758970015
|move|p1a: veeno-mouss|Facade|p2a: Dondozo
|-damage|p2a: Dondozo|97/100 slp
|cant|p2a: Dondozo|slp
|move|p2a: Dondozo|Sleep Talk|p2a: Dondozo
|move|p2a: Dondozo|Rest||[from] move: Sleep Talk|[still]
|-fail|p2a: Dondozo
|
|upkeep
|turn|60
|
|t:|1758970025
|move|p1a: veeno-mouss|Facade|p2a: Dondozo
|-damage|p2a: Dondozo|94/100 slp
|-curestatus|p2a: Dondozo|slp|[msg]
|move|p2a: Dondozo|Waterfall|p1a: veeno-mouss
|-supereffective|p1a: veeno-mouss
|-end|p1a: veeno-mouss|Substitute
|
|upkeep
|turn|61
|
|t:|1758970034
|move|p1a: veeno-mouss|Toxic|p2a: Dondozo|[miss]
|-miss|p1a: veeno-mouss|p2a: Dondozo
|move|p2a: Dondozo|Waterfall|p1a: veeno-mouss
|-supereffective|p1a: veeno-mouss
|-damage|p1a: veeno-mouss|0 fnt
|faint|p1a: veeno-mouss
|
|win|rztizotzoydyod
|raw|fuh-ridge-boy's rating: 1059 &rarr; <strong>1040</strong><br />(-19 for losing)
|raw|rztizotzoydyod's rating: 1051 &rarr; <strong>1084</strong><br />(+33 for winning)
|l|☆fuh-ridge-boy
|player|p1|
|l|☆rztizotzoydyod
|player|p2|
