|j|☆Swagataka
|j|☆Obito 2001
|t:|1758966469
|gametype|singles
|player|p1|Swagataka|byron|1664
|player|p2|Obito 2001|blue-gen3two|1657
|gen|9
|tier|[Gen 9] OU
|rated|
|rule|HP Percentage Mod: HP is shown in percentages
|rule|Endless Battle Clause: Forcing endless battles is banned
|rule|Species Clause: Limit one of each Pokémon
|rule|OHKO Clause: OHKO moves are banned
|rule|Evasion Items Clause: Evasion items are banned
|rule|Evasion Moves Clause: Evasion moves are banned
|rule|Evasion Abilities Clause: Evasion abilities are banned
|rule|Sleep Moves Clause: Sleep-inducing moves are banned
|clearpoke
|poke|p1|Quaquaval, F|
|poke|p1|Pecharunt|
|poke|p1|Great Tusk|
|poke|p1|Iron Crown|
|poke|p1|Lokix, F|
|poke|p1|Kingambit, F|
|poke|p2|Darkrai|
|poke|p2|Slowking-Galar, F|
|poke|p2|Raging Bolt|
|poke|p2|Dragonite, M|
|poke|p2|Kingambit, F|
|poke|p2|Garchomp, M|
|teampreview
|inactive|Battle timer is ON: inactive players will automatically lose when time's up. (requested by Obito 2001)
|
|t:|1758966495
|teamsize|p1|6
|teamsize|p2|6
|start
|switch|p1a: Steely Don|Great Tusk|100/100
|switch|p2a: Garchomp|Garchomp, M, shiny|100/100
|turn|1
|
|t:|1758966510
|move|p1a: Steely Don|Ice Spinner|p2a: Garchomp
|-supereffective|p2a: Garchomp
|-damage|p2a: Garchomp|13/100
|-damage|p1a: Steely Don|88/100|[from] ability: Rough Skin|[of] p2a: Garchomp
|-damage|p1a: Steely Don|72/100|[from] item: Rocky Helmet|[of] p2a: Garchomp
|move|p2a: Garchomp|Stealth Rock|p1a: Steely Don
|-sidestart|p1: Swagataka|move: Stealth Rock
|
|upkeep
|turn|2
|
|t:|1758966518
|move|p1a: Steely Don|Rapid Spin|p2a: Garchomp
|-damage|p2a: Garchomp|1/100
|-boost|p1a: Steely Don|spe|1
|-damage|p1a: Steely Don|59/100|[from] ability: Rough Skin|[of] p2a: Garchomp
|-damage|p1a: Steely Don|43/100|[from] item: Rocky Helmet|[of] p2a: Garchomp
|-sideend|p1: Swagataka|Stealth Rock|[from] move: Rapid Spin|[of] p1a: Steely Don
|move|p2a: Garchomp|Earthquake|p1a: Steely Don
|-damage|p1a: Steely Don|12/100
|
|upkeep
|turn|3
|
|t:|1758966531
|move|p1a: Steely Don|Headlong Rush|p2a: Garchomp
|-damage|p2a: Garchomp|0 fnt
|-unboost|p1a: Steely Don|def|1
|-unboost|p1a: Steely Don|spd|1
|-damage|p1a: Steely Don|0 fnt|[from] ability: Rough Skin|[of] p2a: Garchomp
|faint|p2a: Garchomp
|faint|p1a: Steely Don
|-end|p1a: Steely Don|Protosynthesis|[silent]
|
|upkeep
|inactive|Obito 2001 has 120 seconds left.
|
|t:|1758966565
|switch|p1a: Irönhead|Kingambit, F|100/100
|switch|p2a: Ban me|Darkrai|100/100
|-item|p1a: Irönhead|Air Balloon
|turn|4
|
|t:|1758966576
|switch|p2a: Ban me ASAP|Dragonite, M|100/100
|move|p1a: Irönhead|Iron Head|p2a: Ban me ASAP
|-damage|p2a: Ban me ASAP|73/100
|
|upkeep
|turn|5
|
|t:|1758966580
|switch|p1a: Apacherunt|Pecharunt|100/100
|move|p2a: Ban me ASAP|Extreme Speed|p1a: Apacherunt
|-immune|p1a: Apacherunt
|
|upkeep
|turn|6
|
|t:|1758966585
|switch|p2a: Ban Zamazenta|Kingambit, F, shiny|100/100
|-activate|p2a: Ban Zamazenta|ability: Supreme Overlord
|-start|p2a: Ban Zamazenta|fallen1|[silent]
|move|p1a: Apacherunt|Parting Shot|p2a: Ban Zamazenta
|-unboost|p2a: Ban Zamazenta|atk|1
|-unboost|p2a: Ban Zamazenta|spa|1
|
|t:|1758966589
|switch|p1a: Quack Sabbath|Quaquaval, F|100/100|[from] Parting Shot
|
|upkeep
|turn|7
|
|t:|1758966596
|switch|p1a: Knoc Party|Lokix, F|100/100
|-end|p2a: Ban Zamazenta|fallen1|[silent]
|switch|p2a: Slowking|Slowking-Galar, F|100/100
|
|upkeep
|turn|8
|
|t:|1758966601
|move|p1a: Knoc Party|Knock Off|p2a: Slowking
|-supereffective|p2a: Slowking
|-damage|p2a: Slowking|0 fnt
|-enditem|p2a: Slowking|Assault Vest|[from] move: Knock Off|[of] p1a: Knoc Party
|faint|p2a: Slowking
|-damage|p1a: Knoc Party|91/100|[from] item: Life Orb
|
|upkeep
|
|t:|1758966610
|switch|p2a: Ban me ASAP|Dragonite, M|73/100
|turn|9
|
|t:|1758966616
|switch|p1a: System Of A Crown|Iron Crown|100/100
|move|p2a: Ban me ASAP|Roost|p2a: Ban me ASAP
|-heal|p2a: Ban me ASAP|100/100
|-singleturn|p2a: Ban me ASAP|move: Roost
|
|upkeep
|turn|10
|j| Tidk
|l| Tidk
|
|t:|1758966623
|move|p1a: System Of A Crown|Volt Switch|p2a: Ban me ASAP
|-damage|p2a: Ban me ASAP|81/100
|
|t:|1758966624
|-end|p1a: System Of A Crown|Quark Drive|[silent]
|switch|p1a: Apacherunt|Pecharunt|100/100|[from] Volt Switch
|move|p2a: Ban me ASAP|Dragon Dance|p2a: Ban me ASAP
|-boost|p2a: Ban me ASAP|atk|1
|-boost|p2a: Ban me ASAP|spe|1
|
|upkeep
|turn|11
|
|t:|1758966635
|-terastallize|p2a: Ban me ASAP|Ground
|move|p2a: Ban me ASAP|Earthquake|p1a: Apacherunt
|-supereffective|p1a: Apacherunt
|-damage|p1a: Apacherunt|22/100
|move|p1a: Apacherunt|Toxic|p2a: Ban me ASAP
|-status|p2a: Ban me ASAP|tox
|-start|p2a: Ban me ASAP|confusion|[from] ability: Poison Puppeteer|[of] p1a: Apacherunt
|
|-damage|p2a: Ban me ASAP|75/100 tox|[from] psn
|upkeep
|turn|12
|
|t:|1758966643
|-activate|p2a: Ban me ASAP|confusion
|move|p2a: Ban me ASAP|Earthquake|p1a: Apacherunt
|-supereffective|p1a: Apacherunt
|-damage|p1a: Apacherunt|0 fnt
|faint|p1a: Apacherunt
|
|-damage|p2a: Ban me ASAP|63/100 tox|[from] psn
|upkeep
|
|t:|1758966645
|switch|p1a: Irönhead|Kingambit, F|100/100
|-item|p1a: Irönhead|Air Balloon
|turn|13
|
|t:|1758966651
|-activate|p2a: Ban me ASAP|confusion
|move|p2a: Ban me ASAP|Extreme Speed|p1a: Irönhead
|-resisted|p1a: Irönhead
|-damage|p1a: Irönhead|83/100
|-enditem|p1a: Irönhead|Air Balloon
|move|p1a: Irönhead|Stealth Rock|p2a: Ban me ASAP
|-sidestart|p2: Obito 2001|move: Stealth Rock
|
|-damage|p2a: Ban me ASAP|44/100 tox|[from] psn
|upkeep
|turn|14
|
|t:|1758966657
|move|p1a: Irönhead|Sucker Punch||[still]
|-fail|p1a: Irönhead
|-end|p2a: Ban me ASAP|confusion
|move|p2a: Ban me ASAP|Roost|p2a: Ban me ASAP
|-heal|p2a: Ban me ASAP|94/100 tox
|
|-damage|p2a: Ban me ASAP|70/100 tox|[from] psn
|upkeep
|turn|15
|
|t:|1758966659
|move|p1a: Irönhead|Sucker Punch|p2a: Ban me ASAP
|-damage|p2a: Ban me ASAP|25/100 tox
|move|p2a: Ban me ASAP|Earthquake|p1a: Irönhead
|-supereffective|p1a: Irönhead
|-damage|p1a: Irönhead|0 fnt
|faint|p1a: Irönhead
|
|-damage|p2a: Ban me ASAP|0 fnt|[from] psn
|faint|p2a: Ban me ASAP
|upkeep
|
|t:|1758966676
|switch|p2a: Ban Gliscor|Raging Bolt|100/100
|switch|p1a: System Of A Crown|Iron Crown|100/100
|-damage|p2a: Ban Gliscor|88/100|[from] Stealth Rock
|turn|16
|
|t:|1758966681
|move|p1a: System Of A Crown|Psychic Noise|p2a: Ban Gliscor
|-damage|p2a: Ban Gliscor|37/100
|-start|p2a: Ban Gliscor|move: Heal Block
|move|p2a: Ban Gliscor|Calm Mind|p2a: Ban Gliscor
|-boost|p2a: Ban Gliscor|spa|1
|-boost|p2a: Ban Gliscor|spd|1
|
|upkeep
|turn|17
|
|t:|1758966686
|move|p2a: Ban Gliscor|Thunderclap|p1a: System Of A Crown
|-damage|p1a: System Of A Crown|38/100
|move|p1a: System Of A Crown|Psychic Noise|p2a: Ban Gliscor
|-damage|p2a: Ban Gliscor|1/100
|
|-end|p2a: Ban Gliscor|move: Heal Block
|upkeep
|turn|18
|
|t:|1758966693
|move|p2a: Ban Gliscor|Thunderclap|p1a: System Of A Crown
|-damage|p1a: System Of A Crown|0 fnt
|faint|p1a: System Of A Crown
|-end|p1a: System Of A Crown|Quark Drive|[silent]
|
|-heal|p2a: Ban Gliscor|7/100|[from] item: Leftovers
|upkeep
|
|t:|1758966700
|switch|p1a: Quack Sabbath|Quaquaval, F|100/100
|turn|19
|
|t:|1758966702
|move|p2a: Ban Gliscor|Thunderclap||[still]
|-fail|p2a: Ban Gliscor
|move|p1a: Quack Sabbath|Encore|p2a: Ban Gliscor
|-start|p2a: Ban Gliscor|Encore
|
|-heal|p2a: Ban Gliscor|14/100|[from] item: Leftovers
|upkeep
|turn|20
|
|t:|1758966707
|move|p2a: Ban Gliscor|Thunderclap||[still]
|-fail|p2a: Ban Gliscor
|move|p1a: Quack Sabbath|Bulk Up|p1a: Quack Sabbath
|-boost|p1a: Quack Sabbath|atk|1
|-boost|p1a: Quack Sabbath|def|1
|
|-heal|p2a: Ban Gliscor|20/100|[from] item: Leftovers
|upkeep
|turn|21
|
|t:|1758966708
|move|p2a: Ban Gliscor|Thunderclap||[still]
|-fail|p2a: Ban Gliscor
|move|p1a: Quack Sabbath|Bulk Up|p1a: Quack Sabbath
|-boost|p1a: Quack Sabbath|atk|1
|-boost|p1a: Quack Sabbath|def|1
|
|-heal|p2a: Ban Gliscor|26/100|[from] item: Leftovers
|upkeep
|turn|22
|
|t:|1758966713
|move|p2a: Ban Gliscor|Thunderclap||[still]
|-fail|p2a: Ban Gliscor
|move|p1a: Quack Sabbath|Bulk Up|p1a: Quack Sabbath
|-boost|p1a: Quack Sabbath|atk|1
|-boost|p1a: Quack Sabbath|def|1
|
|-heal|p2a: Ban Gliscor|32/100|[from] item: Leftovers
|-end|p2a: Ban Gliscor|Encore
|upkeep
|turn|23
|
|t:|1758966716
|move|p2a: Ban Gliscor|Thunderclap||[still]
|-fail|p2a: Ban Gliscor
|move|p1a: Quack Sabbath|Encore|p2a: Ban Gliscor
|-start|p2a: Ban Gliscor|Encore
|
|-heal|p2a: Ban Gliscor|38/100|[from] item: Leftovers
|upkeep
|turn|24
|
|t:|1758966722
|move|p2a: Ban Gliscor|Thunderclap||[still]
|-fail|p2a: Ban Gliscor
|move|p1a: Quack Sabbath|Bulk Up|p1a: Quack Sabbath
|-boost|p1a: Quack Sabbath|atk|1
|-boost|p1a: Quack Sabbath|def|1
|
|-heal|p2a: Ban Gliscor|44/100|[from] item: Leftovers
|-end|p2a: Ban Gliscor|Encore
|upkeep
|turn|25
|
|t:|1758966726
|move|p1a: Quack Sabbath|Close Combat|p2a: Ban Gliscor
|-damage|p2a: Ban Gliscor|0 fnt
|-unboost|p1a: Quack Sabbath|def|1
|-unboost|p1a: Quack Sabbath|spd|1
|faint|p2a: Ban Gliscor
|-end|p2a: Ban Gliscor|Protosynthesis|[silent]
|-ability|p1a: Quack Sabbath|Moxie|boost
|-boost|p1a: Quack Sabbath|atk|1
|
|upkeep
|
|t:|1758966732
|switch|p2a: Ban me|Darkrai|100/100
|-damage|p2a: Ban me|88/100|[from] Stealth Rock
|turn|26
|
|t:|1758966735
|move|p2a: Ban me|Psyshock|p1a: Quack Sabbath
|-supereffective|p1a: Quack Sabbath
|-damage|p1a: Quack Sabbath|70/100
|-damage|p2a: Ban me|78/100|[from] item: Life Orb
|move|p1a: Quack Sabbath|Aqua Step|p2a: Ban me
|-damage|p2a: Ban me|0 fnt
|-boost|p1a: Quack Sabbath|spe|1
|faint|p2a: Ban me
|-ability|p1a: Quack Sabbath|Moxie|boost
|-boost|p1a: Quack Sabbath|atk|1
|
|-heal|p1a: Quack Sabbath|77/100|[from] item: Leftovers
|upkeep
|-message|Obito 2001 forfeited.
|
|win|Swagataka
|raw|Swagataka's rating: 1664 &rarr; <strong>1684</strong><br />(+20 for winning)
|raw|Obito 2001's rating: 1657 &rarr; <strong>1637</strong><br />(-20 for losing)
|l|☆Obito 2001
|player|p2|
|l|☆Swagataka
|player|p1|
