|j|☆TUMECENTZELL
|j|☆zatrox11
|t:|1758948353
|gametype|singles
|player|p1|TUMECENTZELL|170|1372
|player|p2|zatrox11|170|1275
|gen|9
|tier|[Gen 9] OU
|rated|
|rule|HP Percentage Mod: HP is shown in percentages
|rule|Endless Battle Clause: Forcing endless battles is banned
|rule|Species Clause: Limit one of each Pokémon
|rule|OHKO Clause: OHKO moves are banned
|rule|Evasion Items Clause: Evasion items are banned
|rule|Evasion Moves Clause: Evasion moves are banned
|rule|Evasion Abilities Clause: Evasion abilities are banned
|rule|Sleep Moves Clause: Sleep-inducing moves are banned
|clearpoke
|poke|p1|Lokix, F|
|poke|p1|Goodra-Hisui, F|
|poke|p1|Slowbro, F|
|poke|p1|Corviknight, F|
|poke|p1|Staraptor, F|
|poke|p1|Iron Moth|
|poke|p2|Garchomp, M|
|poke|p2|Enamorus, F|
|poke|p2|Great Tusk|
|poke|p2|Goodra-Hisui, M|
|poke|p2|Ceruledge, F|
|poke|p2|Pecharunt|
|teampreview
|inactive|Battle timer is ON: inactive players will automatically lose when time's up. (requested by TUMECENTZELL)
|
|t:|1758948382
|teamsize|p1|6
|teamsize|p2|6
|start
|switch|p1a: Staraptor|Staraptor, F|100/100
|switch|p2a: Pecharunt|Pecharunt|100/100
|turn|1
|
|t:|1758948395
|switch|p1a: Iron Moth|Iron Moth|100/100
|-enditem|p1a: Iron Moth|Booster Energy
|-activate|p1a: Iron Moth|ability: Quark Drive|[fromitem]
|-start|p1a: Iron Moth|quarkdrivespa
|move|p2a: Pecharunt|Parting Shot|p1a: Iron Moth
|-unboost|p1a: Iron Moth|atk|1
|-unboost|p1a: Iron Moth|spa|1
|
|t:|1758948408
|switch|p2a: Goodra|Goodra-Hisui, M|100/100|[from] Parting Shot
|
|upkeep
|turn|2
|
|t:|1758948428
|-end|p1a: Iron Moth|Quark Drive|[silent]
|switch|p1a: Goodra|Goodra-Hisui, F|100/100
|move|p2a: Goodra|Draco Meteor|p1a: Goodra
|-damage|p1a: Goodra|73/100
|-unboost|p2a: Goodra|spa|2
|
|upkeep
|turn|3
|c|☆zatrox11|I'm buzz light year
|inactive|zatrox11 has 120 seconds left.
|
|t:|1758948466
|switch|p2a: Enamorus|Enamorus, F|100/100
|move|p1a: Goodra|Thunderbolt|p2a: Enamorus
|-supereffective|p2a: Enamorus
|-damage|p2a: Enamorus|15/100
|
|upkeep
|turn|4
|inactive|zatrox11 has 120 seconds left.
|
|t:|1758948478
|move|p2a: Enamorus|Earth Power|p1a: Goodra
|-supereffective|p1a: Goodra
|-damage|p1a: Goodra|40/100
|move|p1a: Goodra|Surf|p2a: Enamorus
|-damage|p2a: Enamorus|0 fnt
|faint|p2a: Enamorus
|
|upkeep
|inactive|zatrox11 has 120 seconds left.
|
|t:|1758948491
|switch|p2a: Garchomp|Garchomp, M|100/100
|turn|5
|
|t:|1758948500
|switch|p1a: Slowbro|Slowbro, F|100/100
|move|p2a: Garchomp|Swords Dance|p2a: Garchomp
|-boost|p2a: Garchomp|atk|2
|
|upkeep
|turn|6
|inactive|zatrox11 has 120 seconds left.
|
|t:|1758948531
|move|p2a: Garchomp|Swords Dance|p2a: Garchomp
|-boost|p2a: Garchomp|atk|2
|move|p1a: Slowbro|Scald|p2a: Garchomp
|-damage|p2a: Garchomp|69/100
|
|upkeep
|turn|7
|inactive|zatrox11 has 90 seconds left.
|
|t:|1758948565
|switch|p1a: Corviknight|Corviknight, F|100/100
|-ability|p1a: Corviknight|Pressure
|move|p2a: Garchomp|Scale Shot|p1a: Corviknight
|-resisted|p1a: Corviknight
|-damage|p1a: Corviknight|88/100
|-resisted|p1a: Corviknight
|-damage|p1a: Corviknight|75/100
|-resisted|p1a: Corviknight
|-damage|p1a: Corviknight|61/100
|-resisted|p1a: Corviknight
|-damage|p1a: Corviknight|48/100
|-hitcount|p1a: Corviknight|4
|-unboost|p2a: Garchomp|def|1
|-boost|p2a: Garchomp|spe|1
|
|upkeep
|turn|8
|inactive|zatrox11 has 90 seconds left.
|
|t:|1758948580
|move|p2a: Garchomp|Fire Fang|p1a: Corviknight
|-supereffective|p1a: Corviknight
|-damage|p1a: Corviknight|0 fnt
|-damage|p2a: Garchomp|53/100|[from] item: Rocky Helmet|[of] p1a: Corviknight
|faint|p1a: Corviknight
|
|upkeep
|
|t:|1758948604
|switch|p1a: Slowbro|Slowbro, F|100/100
|turn|9
|inactive|zatrox11 has 90 seconds left.
|
|t:|1758948625
|move|p2a: Garchomp|Scale Shot|p1a: Slowbro|[miss]
|-miss|p2a: Garchomp|p1a: Slowbro
|move|p1a: Slowbro|Scald|p2a: Garchomp
|-damage|p2a: Garchomp|20/100
|
|upkeep
|turn|10
|c|☆zatrox11|GOKUUUUUUU
|
|t:|1758948638
|switch|p1a: Goodra|Goodra-Hisui, F|40/100
|move|p2a: Garchomp|Scale Shot|p1a: Goodra
|-damage|p1a: Goodra|2/100
|-damage|p1a: Goodra|0 fnt
|faint|p1a: Goodra
|-hitcount|p1: Goodra|2
|-unboost|p2a: Garchomp|def|1
|-boost|p2a: Garchomp|spe|1
|
|upkeep
|
|t:|1758948648
|switch|p1a: Lokix|Lokix, F|100/100
|turn|11
|
|t:|1758948658
|switch|p2a: Pecharunt|Pecharunt|100/100
|move|p1a: Lokix|First Impression|p2a: Pecharunt
|-resisted|p2a: Pecharunt
|-damage|p2a: Pecharunt|89/100
|
|-heal|p2a: Pecharunt|95/100|[from] item: Leftovers
|upkeep
|turn|12
|
|t:|1758948669
|switch|p1a: Iron Moth|Iron Moth|100/100
|move|p2a: Pecharunt|Parting Shot|p1a: Iron Moth
|-unboost|p1a: Iron Moth|atk|1
|-unboost|p1a: Iron Moth|spa|1
|
|t:|1758948674
|switch|p2a: Goodra|Goodra-Hisui, M|100/100|[from] Parting Shot
|
|upkeep
|turn|13
|
|t:|1758948696
|move|p1a: Iron Moth|Fiery Dance|p2a: Goodra
|-crit|p2a: Goodra
|-damage|p2a: Goodra|70/100
|-boost|p1a: Iron Moth|spa|1
|move|p2a: Goodra|Draco Meteor|p1a: Iron Moth|[miss]
|-miss|p2a: Goodra|p1a: Iron Moth
|
|upkeep
|turn|14
|
|t:|1758948712
|move|p1a: Iron Moth|Fiery Dance|p2a: Goodra
|-damage|p2a: Goodra|51/100
|move|p2a: Goodra|Draco Meteor|p1a: Iron Moth|[miss]
|-miss|p2a: Goodra|p1a: Iron Moth
|
|upkeep
|turn|15
|c|☆zatrox11|.-.
|
|t:|1758948719
|move|p1a: Iron Moth|Fiery Dance|p2a: Goodra
|-damage|p2a: Goodra|31/100
|move|p2a: Goodra|Draco Meteor|p1a: Iron Moth
|-damage|p1a: Iron Moth|35/100
|-unboost|p2a: Goodra|spa|2
|
|upkeep
|turn|16
|
|t:|1758948726
|move|p1a: Iron Moth|Fiery Dance|p2a: Goodra
|-damage|p2a: Goodra|10/100
|move|p2a: Goodra|Draco Meteor|p1a: Iron Moth
|-damage|p1a: Iron Moth|2/100
|-unboost|p2a: Goodra|spa|2
|
|upkeep
|turn|17
|inactive|zatrox11 has 120 seconds left.
|
|t:|1758948741
|move|p1a: Iron Moth|Fiery Dance|p2a: Goodra
|-damage|p2a: Goodra|0 fnt
|-boost|p1a: Iron Moth|spa|1
|faint|p2a: Goodra
|
|upkeep
|
|t:|1758948747
|switch|p2a: Ceruledge|Ceruledge, F|100/100
|turn|18
|
|t:|1758948759
|move|p2a: Ceruledge|Shadow Sneak|p1a: Iron Moth
|-crit|p1a: Iron Moth
|-damage|p1a: Iron Moth|0 fnt
|faint|p1a: Iron Moth
|-end|p1a: Iron Moth|Quark Drive|[silent]
|
|upkeep
|
|t:|1758948773
|switch|p1a: Slowbro|Slowbro, F|100/100
|turn|19
|inactive|zatrox11 has 120 seconds left.
|
|t:|1758948797
|switch|p2a: Garchomp|Garchomp, M|20/100
|-terastallize|p1a: Slowbro|Ground
|move|p1a: Slowbro|Scald|p2a: Garchomp
|-damage|p2a: Garchomp|0 fnt
|faint|p2a: Garchomp
|
|upkeep
|inactive|zatrox11 has 120 seconds left.
|
|t:|1758948817
|switch|p2a: Pecharunt|Pecharunt|95/100
|turn|20
|
|t:|1758948823
|move|p2a: Pecharunt|Malignant Chain|p1a: Slowbro
|-resisted|p1a: Slowbro
|-damage|p1a: Slowbro|83/100
|-status|p1a: Slowbro|tox
|-start|p1a: Slowbro|confusion|[from] ability: Poison Puppeteer|[of] p2a: Pecharunt
|-activate|p1a: Slowbro|confusion
|-damage|p1a: Slowbro|80/100 tox|[from] confusion
|
|-heal|p2a: Pecharunt|100/100|[from] item: Leftovers
|-heal|p1a: Slowbro|87/100 tox|[from] item: Leftovers
|-damage|p1a: Slowbro|80/100 tox|[from] psn
|upkeep
|turn|21
|inactive|zatrox11 has 120 seconds left.
|
|t:|1758948841
|move|p2a: Pecharunt|Parting Shot|p1a: Slowbro
|-unboost|p1a: Slowbro|atk|1
|-unboost|p1a: Slowbro|spa|1
|
|t:|1758948845
|switch|p2a: Great Tusk|Great Tusk|100/100|[from] Parting Shot
|-end|p1a: Slowbro|confusion
|move|p1a: Slowbro|Psychic|p2a: Great Tusk
|-supereffective|p2a: Great Tusk
|-damage|p2a: Great Tusk|48/100
|
|-heal|p1a: Slowbro|87/100 tox|[from] item: Leftovers
|-damage|p1a: Slowbro|74/100 tox|[from] psn
|upkeep
|turn|22
|inactive|zatrox11 has 120 seconds left.
|
|t:|1758948858
|move|p2a: Great Tusk|Stealth Rock|p1a: Slowbro
|-sidestart|p1: TUMECENTZELL|move: Stealth Rock
|move|p1a: Slowbro|Psychic|p2a: Great Tusk
|-supereffective|p2a: Great Tusk
|-damage|p2a: Great Tusk|0 fnt
|faint|p2a: Great Tusk
|-end|p2a: Great Tusk|Protosynthesis|[silent]
|
|-heal|p1a: Slowbro|80/100 tox|[from] item: Leftovers
|-damage|p1a: Slowbro|62/100 tox|[from] psn
|upkeep
|inactive|zatrox11 has 120 seconds left.
|
|t:|1758948873
|switch|p2a: Ceruledge|Ceruledge, F|100/100
|turn|23
|
|t:|1758948891
|move|p2a: Ceruledge|Swords Dance|p2a: Ceruledge
|-boost|p2a: Ceruledge|atk|2
|move|p1a: Slowbro|Scald|p2a: Ceruledge
|-supereffective|p2a: Ceruledge
|-damage|p2a: Ceruledge|55/100
|
|-heal|p1a: Slowbro|68/100 tox|[from] item: Leftovers
|-damage|p1a: Slowbro|44/100 tox|[from] psn
|upkeep
|turn|24
|inactive|zatrox11 has 120 seconds left.
|
|t:|1758948916
|move|p2a: Ceruledge|Bitter Blade|p1a: Slowbro
|-damage|p1a: Slowbro|0 fnt
|-heal|p2a: Ceruledge|85/100|[from] drain|[of] p1a: Slowbro
|faint|p1a: Slowbro
|
|upkeep
|
|t:|1758948932
|switch|p1a: Staraptor|Staraptor, F|100/100
|-damage|p1a: Staraptor|75/100|[from] Stealth Rock
|turn|25
|
|t:|1758948948
|switch|p2a: Pecharunt|Pecharunt|100/100
|move|p1a: Staraptor|Brave Bird|p2a: Pecharunt
|-damage|p2a: Pecharunt|61/100
|-damage|p1a: Staraptor|59/100|[from] Recoil
|
|-heal|p2a: Pecharunt|67/100|[from] item: Leftovers
|upkeep
|turn|26
|
|t:|1758948962
|move|p1a: Staraptor|Brave Bird|p2a: Pecharunt
|-damage|p2a: Pecharunt|33/100
|-damage|p1a: Staraptor|46/100|[from] Recoil
|move|p2a: Pecharunt|Recover|p2a: Pecharunt
|-heal|p2a: Pecharunt|83/100
|
|-heal|p2a: Pecharunt|89/100|[from] item: Leftovers
|upkeep
|turn|27
|
|t:|1758948973
|switch|p1a: Lokix|Lokix, F|100/100
|move|p2a: Pecharunt|Recover|p2a: Pecharunt
|-heal|p2a: Pecharunt|100/100
|
|upkeep
|turn|28
|inactive|zatrox11 has 90 seconds left.
|
|t:|1758949004
|-terastallize|p2a: Pecharunt|Fairy
|move|p1a: Lokix|Knock Off|p2a: Pecharunt
|-resisted|p2a: Pecharunt
|-damage|p2a: Pecharunt|79/100
|-enditem|p2a: Pecharunt|Leftovers|[from] move: Knock Off|[of] p1a: Lokix
|move|p2a: Pecharunt|Malignant Chain|p1a: Lokix
|-damage|p1a: Lokix|38/100
|-status|p1a: Lokix|tox
|-start|p1a: Lokix|confusion|[from] ability: Poison Puppeteer|[of] p2a: Pecharunt
|
|-damage|p1a: Lokix|32/100 tox|[from] psn
|upkeep
|turn|29
|inactive|zatrox11 has 90 seconds left.
|inactive|TUMECENTZELL has 120 seconds left.
|
|t:|1758949035
|-activate|p1a: Lokix|confusion
|-damage|p1a: Lokix|11/100 tox|[from] confusion
|move|p2a: Pecharunt|Malignant Chain|p1a: Lokix
|-damage|p1a: Lokix|0 fnt
|faint|p1a: Lokix
|
|upkeep
|inactive|TUMECENTZELL has 120 seconds left.
|
|t:|1758949041
|switch|p1a: Staraptor|Staraptor, F|46/100
|-damage|p1a: Staraptor|21/100|[from] Stealth Rock
|turn|30
|
|t:|1758949045
|move|p1a: Staraptor|Brave Bird|p2a: Pecharunt
|-damage|p2a: Pecharunt|45/100
|-damage|p1a: Staraptor|7/100|[from] Recoil
|move|p2a: Pecharunt|Malignant Chain|p1a: Staraptor
|-damage|p1a: Staraptor|0 fnt
|faint|p1a: Staraptor
|
|win|zatrox11
|raw|TUMECENTZELL's rating: 1372 &rarr; <strong>1347</strong><br />(-25 for losing)
|raw|zatrox11's rating: 1275 &rarr; <strong>1307</strong><br />(+32 for winning)
|c|☆zatrox11|gg
|l|☆TUMECENTZELL
|player|p1|
