|j|☆BigBadGuzmaIsHere
|j|☆Azumeme
|t:|1759059751
|gametype|singles
|player|p1|BigBadGuzmaIsHere|guzma|1232
|player|p2|Azumeme|miku-ghost|1262
|gen|9
|tier|[Gen 9] OU
|rated|
|rule|HP Percentage Mod: HP is shown in percentages
|rule|Endless Battle Clause: Forcing endless battles is banned
|rule|Species Clause: Limit one of each Pokémon
|rule|OHKO Clause: OHKO moves are banned
|rule|Evasion Items Clause: Evasion items are banned
|rule|Evasion Moves Clause: Evasion moves are banned
|rule|Evasion Abilities Clause: Evasion abilities are banned
|rule|Sleep Moves Clause: Sleep-inducing moves are banned
|clearpoke
|poke|p1|Scizor, F|
|poke|p1|Araquanid, F|
|poke|p1|Frosmoth, M|
|poke|p1|Slither Wing|
|poke|p1|Forretress, M|
|poke|p1|Vikavolt, M|
|poke|p2|Regidrago|
|poke|p2|Kingambit, M|
|poke|p2|Great Tusk|
|poke|p2|Samurott-Hisui, M|
|poke|p2|Iron Moth|
|poke|p2|Iron Valiant|
|teampreview
|
|t:|1759059760
|teamsize|p1|6
|teamsize|p2|6
|start
|switch|p1a: Vikavolt|Vikavolt, M|100/100
|switch|p2a: Samurott|Samurott-Hisui, M|100/100
|turn|1
|
|t:|1759059766
|move|p2a: Samurott|Ceaseless Edge|p1a: Vikavolt
|-damage|p1a: Vikavolt|51/100
|-sidestart|p1: BigBadGuzmaIsHere|Spikes
|move|p1a: Vikavolt|Bug Buzz|p2a: Samurott
|-supereffective|p2a: Samurott
|-enditem|p2a: Samurott|Focus Sash
|-damage|p2a: Samurott|1/100
|
|upkeep
|turn|2
|
|t:|1759059782
|move|p2a: Samurott|Ceaseless Edge|p1a: Vikavolt
|-damage|p1a: Vikavolt|2/100
|-sidestart|p1: BigBadGuzmaIsHere|Spikes
|move|p1a: Vikavolt|Bug Buzz|p2a: Samurott
|-supereffective|p2a: Samurott
|-damage|p2a: Samurott|0 fnt
|faint|p2a: Samurott
|
|upkeep
|
|t:|1759059791
|switch|p2a: Iron Moth|Iron Moth|100/100
|-enditem|p2a: Iron Moth|Booster Energy
|-activate|p2a: Iron Moth|ability: Quark Drive|[fromitem]
|-start|p2a: Iron Moth|quarkdrivespa
|turn|3
|
|t:|1759059797
|move|p2a: Iron Moth|Fiery Dance|p1a: Vikavolt
|-supereffective|p1a: Vikavolt
|-damage|p1a: Vikavolt|0 fnt
|-boost|p2a: Iron Moth|spa|1
|faint|p1a: Vikavolt
|
|upkeep
|
|t:|1759059803
|switch|p1a: Araquanid|Araquanid, F|100/100
|-damage|p1a: Araquanid|84/100|[from] Spikes
|turn|4
|
|t:|1759059814
|move|p2a: Iron Moth|Sludge Wave|p1a: Araquanid
|-damage|p1a: Araquanid|6/100
|move|p1a: Araquanid|Liquidation|p2a: Iron Moth
|-supereffective|p2a: Iron Moth
|-damage|p2a: Iron Moth|0 fnt
|faint|p2a: Iron Moth
|-end|p2a: Iron Moth|Quark Drive|[silent]
|
|upkeep
|
|t:|1759059831
|switch|p2a: Kingambit|Kingambit, M|100/100
|-activate|p2a: Kingambit|ability: Supreme Overlord
|-start|p2a: Kingambit|fallen2|[silent]
|turn|5
|
|t:|1759059839
|move|p2a: Kingambit|Sucker Punch|p1a: Araquanid
|-damage|p1a: Araquanid|0 fnt
|faint|p1a: Araquanid
|
|upkeep
|
|t:|1759059842
|switch|p1a: Golisopod 3|Slither Wing, shiny|100/100
|-damage|p1a: Golisopod 3|84/100|[from] Spikes
|-enditem|p1a: Golisopod 3|Booster Energy
|-activate|p1a: Golisopod 3|ability: Protosynthesis|[fromitem]
|-start|p1a: Golisopod 3|protosynthesisatk
|turn|6
|
|t:|1759059866
|-end|p2a: Kingambit|fallen2|[silent]
|switch|p2a: Iron Valiant|Iron Valiant, shiny|100/100
|-enditem|p2a: Iron Valiant|Booster Energy
|-activate|p2a: Iron Valiant|ability: Quark Drive|[fromitem]
|-start|p2a: Iron Valiant|quarkdrivespe
|move|p1a: Golisopod 3|Close Combat|p2a: Iron Valiant
|-resisted|p2a: Iron Valiant
|-damage|p2a: Iron Valiant|49/100
|-unboost|p1a: Golisopod 3|def|1
|-unboost|p1a: Golisopod 3|spd|1
|
|upkeep
|turn|7
|
|t:|1759059878
|-end|p1a: Golisopod 3|Protosynthesis|[silent]
|switch|p1a: Scizor|Scizor, F|100/100
|-damage|p1a: Scizor|84/100|[from] Spikes
|move|p2a: Iron Valiant|Moonblast|p1a: Scizor
|-resisted|p1a: Scizor
|-damage|p1a: Scizor|55/100
|
|-heal|p1a: Scizor|61/100|[from] item: Leftovers
|upkeep
|turn|8
|
|t:|1759059911
|-end|p2a: Iron Valiant|Quark Drive|[silent]
|switch|p2a: Great Tusk|Great Tusk|100/100
|-enditem|p2a: Great Tusk|Booster Energy
|-activate|p2a: Great Tusk|ability: Protosynthesis|[fromitem]
|-start|p2a: Great Tusk|protosynthesisatk
|move|p1a: Scizor|Bullet Punch|p2a: Great Tusk
|-damage|p2a: Great Tusk|74/100
|
|-heal|p1a: Scizor|68/100|[from] item: Leftovers
|upkeep
|turn|9
|
|t:|1759059935
|move|p2a: Great Tusk|Headlong Rush|p1a: Scizor
|-damage|p1a: Scizor|0 fnt
|-unboost|p2a: Great Tusk|def|1
|-unboost|p2a: Great Tusk|spd|1
|faint|p1a: Scizor
|
|upkeep
|
|t:|1759059941
|switch|p1a: Frosmoth|Frosmoth, M|100/100
|turn|10
|
|t:|1759059947
|move|p2a: Great Tusk|Close Combat|p1a: Frosmoth
|-damage|p1a: Frosmoth|0 fnt
|-unboost|p2a: Great Tusk|def|1
|-unboost|p2a: Great Tusk|spd|1
|faint|p1a: Frosmoth
|
|upkeep
|
|t:|1759059953
|switch|p1a: Golisopod 3|Slither Wing, shiny|84/100
|-damage|p1a: Golisopod 3|68/100|[from] Spikes
|turn|11
|
|t:|1759059961
|-end|p2a: Great Tusk|Protosynthesis|[silent]
|switch|p2a: Iron Valiant|Iron Valiant, shiny|49/100
|move|p1a: Golisopod 3|Close Combat|p2a: Iron Valiant
|-resisted|p2a: Iron Valiant
|-damage|p2a: Iron Valiant|11/100
|-unboost|p1a: Golisopod 3|def|1
|-unboost|p1a: Golisopod 3|spd|1
|
|upkeep
|turn|12
|
|t:|1759059970
|move|p2a: Iron Valiant|Moonblast|p1a: Golisopod 3
|-supereffective|p1a: Golisopod 3
|-damage|p1a: Golisopod 3|0 fnt
|faint|p1a: Golisopod 3
|-end|p1a: Golisopod 3|Protosynthesis|[silent]
|
|upkeep
|-message|BigBadGuzmaIsHere forfeited.
|
|win|Azumeme
|raw|BigBadGuzmaIsHere's rating: 1232 &rarr; <strong>1209</strong><br />(-23 for losing)
|raw|Azumeme's rating: 1262 &rarr; <strong>1285</strong><br />(+23 for winning)
|l|☆BigBadGuzmaIsHere
|player|p1|
