|j|☆PV_09
|j|☆Crocodile E
|t:|1758939676
|gametype|singles
|player|p1|PV_09|hexmaniac-gen3jp|1467
|player|p2|Crocodile E|depotagent|1521
|gen|9
|tier|[Gen 9] OU
|rated|
|rule|HP Percentage Mod: HP is shown in percentages
|rule|Endless Battle Clause: Forcing endless battles is banned
|rule|Species Clause: Limit one of each Pokémon
|rule|OHKO Clause: OHKO moves are banned
|rule|Evasion Items Clause: Evasion items are banned
|rule|Evasion Moves Clause: Evasion moves are banned
|rule|Evasion Abilities Clause: Evasion abilities are banned
|rule|Sleep Moves Clause: Sleep-inducing moves are banned
|clearpoke
|poke|p1|Hatterene, F|
|poke|p1|Bronzong|
|poke|p1|Primarina, F|
|poke|p1|Iron Hands|
|poke|p1|Ursaluna, F|
|poke|p1|Gholdengo|
|poke|p2|Darkrai|
|poke|p2|Glimmora, M|
|poke|p2|Dragapult, F|
|poke|p2|Gholdengo|
|poke|p2|Iron Boulder|
|poke|p2|Ogerpon-Wellspring, F|
|teampreview
|j| ComeBackRicher
|inactive|Battle timer is ON: inactive players will automatically lose when time's up. (requested by Crocodile E)
|
|t:|1758939706
|teamsize|p1|6
|teamsize|p2|6
|start
|switch|p1a: Bronzong|Bronzong|100/100
|switch|p2a: Dragapult|Dragapult, F|100/100
|turn|1
|
|t:|1758939713
|switch|p1a: Ursaluna|Ursaluna, F|100/100
|move|p2a: Dragapult|Dragon Dance|p2a: Dragapult
|-boost|p2a: Dragapult|atk|1
|-boost|p2a: Dragapult|spe|1
|
|-status|p1a: Ursaluna|brn|[from] item: Flame Orb
|upkeep
|turn|2
|
|t:|1758939727
|-terastallize|p2a: Dragapult|Fighting
|move|p2a: Dragapult|Tera Blast|p1a: Ursaluna|[anim] Tera Blast Fighting
|-supereffective|p1a: Ursaluna
|-damage|p1a: Ursaluna|15/100 brn
|move|p1a: Ursaluna|Throat Chop|p2a: Dragapult
|-resisted|p2a: Dragapult
|-damage|p2a: Dragapult|64/100
|-start|p2a: Dragapult|Throat Chop|[silent]
|
|-damage|p1a: Ursaluna|9/100 brn|[from] brn
|upkeep
|turn|3
|
|t:|1758939742
|switch|p1a: raingurl|Gholdengo|100/100
|move|p2a: Dragapult|Dragon Darts|p1a: raingurl
|-resisted|p1a: raingurl
|-damage|p1a: raingurl|81/100
|-anim|p2a: Dragapult|Dragon Darts|p1a: raingurl
|-resisted|p1a: raingurl
|-damage|p1a: raingurl|63/100
|
|-end|p2a: Dragapult|Throat Chop|[silent]
|upkeep
|turn|4
|
|t:|1758939760
|move|p2a: Dragapult|Phantom Force||[still]
|-prepare|p2a: Dragapult|Phantom Force
|-enditem|p2a: Dragapult|Power Herb
|-anim|p2a: Dragapult|Phantom Force|p1a: raingurl
|-supereffective|p1a: raingurl
|-damage|p1a: raingurl|0 fnt
|faint|p1a: raingurl
|
|upkeep
|
|t:|1758939770
|switch|p1a: primadonna|Primarina, F|100/100
|turn|5
|
|t:|1758939778
|move|p2a: Dragapult|Phantom Force||[still]
|-prepare|p2a: Dragapult|Phantom Force
|move|p1a: primadonna|Sparkling Aria|p2a: Dragapult|[miss]
|-miss|p1a: primadonna|p2a: Dragapult
|
|upkeep
|turn|6
|
|t:|1758939793
|move|p2a: Dragapult|Phantom Force|p1a: primadonna|[from] lockedmove
|-damage|p1a: primadonna|18/100
|move|p1a: primadonna|Moonblast|p2a: Dragapult
|-supereffective|p2a: Dragapult
|-damage|p2a: Dragapult|0 fnt
|faint|p2a: Dragapult
|-damage|p1a: primadonna|8/100|[from] item: Life Orb
|
|upkeep
|
|t:|1758939799
|switch|p2a: Glimmora|Glimmora, M|100/100
|turn|7
|
|t:|1758939805
|switch|p1a: Bronzong|Bronzong|100/100
|move|p2a: Glimmora|Stealth Rock|p1a: Bronzong
|-sidestart|p1: PV_09|move: Stealth Rock
|
|upkeep
|turn|8
|
|t:|1758939810
|move|p2a: Glimmora|Earth Power|p1a: Bronzong
|-immune|p1a: Bronzong|[from] ability: Levitate
|move|p1a: Bronzong|Trick Room|p1a: Bronzong
|-fieldstart|move: Trick Room|[of] p1a: Bronzong
|
|upkeep
|turn|9
|
|t:|1758939815
|move|p1a: Bronzong|Psychic|p2a: Glimmora
|-supereffective|p2a: Glimmora
|-damage|p2a: Glimmora|47/100
|-enditem|p2a: Glimmora|Red Card|[of] p1a: Bronzong
|drag|p1a: primadonna|Primarina, F|8/100
|-damage|p1a: primadonna|0 fnt|[from] Stealth Rock
|faint|p1a: primadonna
|move|p2a: Glimmora|Power Gem|p1: primadonna|[notarget]
|-fail|p2a: Glimmora
|
|upkeep
|inactive|PV_09 has 120 seconds left.
|
|t:|1758939847
|switch|p1a: Iron Hands|Iron Hands|100/100
|-damage|p1a: Iron Hands|94/100|[from] Stealth Rock
|turn|10
|inactive|PV_09 has 120 seconds left.
|
|t:|1758939857
|move|p1a: Iron Hands|Earthquake|p2a: Glimmora
|-supereffective|p2a: Glimmora
|-damage|p2a: Glimmora|0 fnt
|-activate|p2a: Glimmora|ability: Toxic Debris
|-sidestart|p1: PV_09|move: Toxic Spikes
|faint|p2a: Glimmora
|
|upkeep
|
|t:|1758939862
|switch|p2a: Ogerpon|Ogerpon-Wellspring, F|100/100
|turn|11
|
|t:|1758939870
|-end|p1a: Iron Hands|Quark Drive|[silent]
|switch|p1a: Bronzong|Bronzong|100/100
|-damage|p1a: Bronzong|94/100|[from] Stealth Rock
|move|p2a: Ogerpon|Spikes|p1a: Bronzong
|-sidestart|p1: PV_09|Spikes
|
|-heal|p1a: Bronzong|100/100|[from] item: Leftovers
|upkeep
|turn|12
|
|t:|1758939880
|move|p1a: Bronzong|Iron Defense|p1a: Bronzong
|-boost|p1a: Bronzong|def|2
|move|p2a: Ogerpon|U-turn|p1a: Bronzong
|-damage|p1a: Bronzong|89/100
|
|t:|1758939883
|switch|p2a: Darkrai|Darkrai|100/100|[from] U-turn
|
|-heal|p1a: Bronzong|95/100|[from] item: Leftovers
|-fieldend|move: Trick Room
|upkeep
|turn|13
|
|t:|1758939893
|-terastallize|p1a: Bronzong|Fighting
|move|p2a: Darkrai|Dark Pulse|p1a: Bronzong
|-resisted|p1a: Bronzong
|-damage|p1a: Bronzong|81/100
|move|p1a: Bronzong|Body Press|p2a: Darkrai
|-supereffective|p2a: Darkrai
|-damage|p2a: Darkrai|0 fnt
|faint|p2a: Darkrai
|
|-heal|p1a: Bronzong|87/100|[from] item: Leftovers
|upkeep
|
|t:|1758939901
|switch|p2a: Gholdengo|Gholdengo|100/100
|-item|p2a: Gholdengo|Air Balloon
|turn|14
|
|t:|1758939918
|move|p2a: Gholdengo|Dazzling Gleam|p1a: Bronzong
|-supereffective|p1a: Bronzong
|-damage|p1a: Bronzong|44/100
|move|p1a: Bronzong|Trick Room|p1a: Bronzong
|-fieldstart|move: Trick Room|[of] p1a: Bronzong
|
|-heal|p1a: Bronzong|50/100|[from] item: Leftovers
|upkeep
|turn|15
|
|t:|1758939938
|move|p1a: Bronzong|Psychic|p2a: Gholdengo
|-resisted|p2a: Gholdengo
|-damage|p2a: Gholdengo|87/100
|-enditem|p2a: Gholdengo|Air Balloon
|move|p2a: Gholdengo|Dazzling Gleam|p1a: Bronzong
|-supereffective|p1a: Bronzong
|-damage|p1a: Bronzong|11/100
|
|-heal|p1a: Bronzong|17/100|[from] item: Leftovers
|upkeep
|turn|16
|
|t:|1758939951
|move|p1a: Bronzong|Psychic|p2a: Gholdengo
|-resisted|p2a: Gholdengo
|-damage|p2a: Gholdengo|73/100
|-unboost|p2a: Gholdengo|spd|1
|move|p2a: Gholdengo|Dazzling Gleam|p1a: Bronzong
|-supereffective|p1a: Bronzong
|-crit|p1a: Bronzong
|-damage|p1a: Bronzong|0 fnt
|faint|p1a: Bronzong
|
|upkeep
|inactive|PV_09 has 120 seconds left.
|l| ComeBackRicher
|
|t:|1758939985
|switch|p1a: Iron Hands|Iron Hands|94/100
|-damage|p1a: Iron Hands|88/100|[from] Stealth Rock
|-status|p1a: Iron Hands|psn
|-damage|p1a: Iron Hands|75/100 psn|[from] Spikes
|turn|17
|
|t:|1758939994
|move|p1a: Iron Hands|Wild Charge|p2a: Gholdengo
|-damage|p2a: Gholdengo|0 fnt
|faint|p2a: Gholdengo
|-damage|p1a: Iron Hands|64/100 psn|[from] Recoil
|
|-damage|p1a: Iron Hands|52/100 psn|[from] psn
|upkeep
|
|t:|1758939999
|switch|p2a: Ogerpon|Ogerpon-Wellspring, F|100/100
|turn|18
|inactive|PV_09 has 120 seconds left.
|
|t:|1758940005
|move|p1a: Iron Hands|Wild Charge|p2a: Ogerpon
|-damage|p2a: Ogerpon|0 fnt
|faint|p2a: Ogerpon
|-damage|p1a: Iron Hands|37/100 psn|[from] Recoil
|
|-damage|p1a: Iron Hands|25/100 psn|[from] psn
|-fieldend|move: Trick Room
|upkeep
|
|t:|1758940008
|switch|p2a: Iron Boulder|Iron Boulder|100/100
|-enditem|p2a: Iron Boulder|Booster Energy
|-activate|p2a: Iron Boulder|ability: Quark Drive|[fromitem]
|-start|p2a: Iron Boulder|quarkdrivespe
|turn|19
|
|t:|1758940018
|move|p2a: Iron Boulder|Earthquake|p1a: Iron Hands
|-supereffective|p1a: Iron Hands
|-damage|p1a: Iron Hands|0 fnt
|faint|p1a: Iron Hands
|-end|p1a: Iron Hands|Quark Drive|[silent]
|
|upkeep
|
|t:|1758940020
|switch|p1a: cereza|Hatterene, F|100/100
|-damage|p1a: cereza|88/100|[from] Stealth Rock
|-status|p1a: cereza|psn
|-damage|p1a: cereza|76/100 psn|[from] Spikes
|turn|20
|
|t:|1758940023
|move|p2a: Iron Boulder|Swords Dance|p2a: Iron Boulder
|-boost|p2a: Iron Boulder|atk|2
|move|p1a: cereza|Trick Room|p1a: cereza
|-fieldstart|move: Trick Room|[of] p1a: cereza
|
|-heal|p1a: cereza|82/100 psn|[from] item: Leftovers
|-damage|p1a: cereza|70/100 psn|[from] psn
|upkeep
|turn|21
|
|t:|1758940026
|move|p1a: cereza|Healing Wish|p1a: cereza
|faint|p1a: cereza
|move|p2a: Iron Boulder|Mighty Cleave|p1: cereza|[notarget]
|-fail|p2a: Iron Boulder
|
|upkeep
|
|t:|1758940031
|switch|p1a: Ursaluna|Ursaluna, F|9/100 brn
|-heal|p1a: Ursaluna|100/100|[from] move: Healing Wish
|-damage|p1a: Ursaluna|94/100|[from] Stealth Rock
|-status|p1a: Ursaluna|psn
|-damage|p1a: Ursaluna|82/100 psn|[from] Spikes
|turn|22
|
|t:|1758940042
|move|p1a: Ursaluna|Earthquake|p2a: Iron Boulder
|-supereffective|p2a: Iron Boulder
|-damage|p2a: Iron Boulder|0 fnt
|faint|p2a: Iron Boulder
|-end|p2a: Iron Boulder|Quark Drive|[silent]
|
|win|PV_09
|raw|PV_09's rating: 1467 &rarr; <strong>1490</strong><br />(+23 for winning)
|raw|Crocodile E's rating: 1521 &rarr; <strong>1498</strong><br />(-23 for losing)
|l|☆Crocodile E
|player|p2|
