|j|☆Luisao
|j|☆ravi007rs
|t:|1759064763
|gametype|singles
|player|p1|Luisao|2|1395
|player|p2|ravi007rs|cynthia|1366
|gen|9
|tier|[Gen 9] OU
|rated|
|rule|HP Percentage Mod: HP is shown in percentages
|rule|Endless Battle Clause: Forcing endless battles is banned
|rule|Species Clause: Limit one of each Pokémon
|rule|OHKO Clause: OHKO moves are banned
|rule|Evasion Items Clause: Evasion items are banned
|rule|Evasion Moves Clause: Evasion moves are banned
|rule|Evasion Abilities Clause: Evasion abilities are banned
|rule|Sleep Moves Clause: Sleep-inducing moves are banned
|clearpoke
|poke|p1|Dragonite, M|
|poke|p1|Serperior, F|
|poke|p1|Donphan, M|
|poke|p1|Medicham, M|
|poke|p1|Scizor, M|
|poke|p1|Gengar, M|
|poke|p2|Kingambit, F|
|poke|p2|Darkrai|
|poke|p2|Mandibuzz, F|
|poke|p2|Raging Bolt|
|poke|p2|Iron Valiant|
|poke|p2|Quaquaval, M|
|teampreview
|inactive|Battle timer is ON: inactive players will automatically lose when time's up. (requested by Luisao)
|
|t:|1759064780
|teamsize|p1|6
|teamsize|p2|6
|start
|switch|p1a: Medicham|Medicham, M, shiny|100/100
|switch|p2a: Quaquaval|Quaquaval, M|100/100
|turn|1
|
|t:|1759064788
|move|p1a: Medicham|Fake Out|p2a: Quaquaval
|-damage|p2a: Quaquaval|70/100
|-damage|p1a: Medicham|91/100|[from] item: Life Orb
|cant|p2a: Quaquaval|flinch
|
|upkeep
|turn|2
|
|t:|1759064795
|move|p2a: Quaquaval|Brave Bird|p1a: Medicham
|-supereffective|p1a: Medicham
|-damage|p1a: Medicham|0 fnt
|faint|p1a: Medicham
|-ability|p2a: Quaquaval|Moxie|boost
|-boost|p2a: Quaquaval|atk|1
|-damage|p2a: Quaquaval|45/100|[from] Recoil
|
|upkeep
|
|t:|1759064804
|switch|p1a: Dragonite|Dragonite, M|100/100
|turn|3
|
|t:|1759064813
|move|p2a: Quaquaval|Brave Bird|p1a: Dragonite
|-damage|p1a: Dragonite|70/100
|-damage|p2a: Quaquaval|34/100|[from] Recoil
|move|p1a: Dragonite|Dragon Dance|p1a: Dragonite
|-boost|p1a: Dragonite|atk|1
|-boost|p1a: Dragonite|spe|1
|
|-heal|p1a: Dragonite|76/100|[from] item: Leftovers
|upkeep
|turn|4
|
|t:|1759064823
|move|p1a: Dragonite|Extreme Speed|p2a: Quaquaval
|-damage|p2a: Quaquaval|0 fnt
|faint|p2a: Quaquaval
|
|-heal|p1a: Dragonite|83/100|[from] item: Leftovers
|upkeep
|
|t:|1759064835
|switch|p2a: ur prince|Iron Valiant|100/100
|-enditem|p2a: ur prince|Booster Energy
|-activate|p2a: ur prince|ability: Quark Drive|[fromitem]
|-start|p2a: ur prince|quarkdrivespe
|turn|5
|
|t:|1759064842
|-terastallize|p2a: ur prince|Steel
|-terastallize|p1a: Dragonite|Normal
|move|p1a: Dragonite|Extreme Speed|p2a: ur prince
|-resisted|p2a: ur prince
|-damage|p2a: ur prince|58/100
|move|p2a: ur prince|Moonblast|p1a: Dragonite
|-damage|p1a: Dragonite|34/100
|-unboost|p1a: Dragonite|spa|1
|
|-heal|p1a: Dragonite|41/100|[from] item: Leftovers
|upkeep
|turn|6
|
|t:|1759064858
|move|p2a: ur prince|Moonblast|p1a: Dragonite
|-damage|p1a: Dragonite|0 fnt
|faint|p1a: Dragonite
|
|upkeep
|
|t:|1759064864
|switch|p1a: Donphan|Donphan, M|100/100
|turn|7
|
|t:|1759064869
|move|p2a: ur prince|Destiny Bond|p2a: ur prince
|-singlemove|p2a: ur prince|Destiny Bond
|move|p1a: Donphan|Earthquake|p2a: ur prince
|-supereffective|p2a: ur prince
|-damage|p2a: ur prince|0 fnt
|faint|p2a: ur prince
|-activate|p2a: ur prince|move: Destiny Bond
|-end|p2a: ur prince|Quark Drive|[silent]
|faint|p1a: Donphan
|
|upkeep
|
|t:|1759064885
|switch|p2a: let him cook|Darkrai, shiny|100/100
|switch|p1a: Serperior|Serperior, F, shiny|100/100
|turn|8
|
|t:|1759064890
|move|p1a: Serperior|Leaf Storm|p2a: let him cook
|-damage|p2a: let him cook|37/100
|-boost|p1a: Serperior|spa|2
|move|p2a: let him cook|Ice Beam|p1a: Serperior
|-supereffective|p1a: Serperior
|-damage|p1a: Serperior|4/100
|
|upkeep
|turn|9
|
|t:|1759064898
|move|p1a: Serperior|Leaf Storm|p2a: let him cook
|-damage|p2a: let him cook|0 fnt
|-boost|p1a: Serperior|spa|2
|faint|p2a: let him cook
|
|upkeep
|
|t:|1759064901
|switch|p2a: cooler girafarig|Raging Bolt|100/100
|turn|10
|
|t:|1759064921
|switch|p1a: Scizor|Scizor, M|100/100
|move|p2a: cooler girafarig|Thunderclap||[still]
|-fail|p2a: cooler girafarig
|
|upkeep
|turn|11
|
|t:|1759064928
|-end|p2a: cooler girafarig|Protosynthesis|[silent]
|switch|p2a: can't kill?|Mandibuzz, F, shiny|100/100
|move|p1a: Scizor|Swords Dance|p1a: Scizor
|-boost|p1a: Scizor|atk|2
|
|upkeep
|turn|12
|
|t:|1759064934
|move|p2a: can't kill?|Foul Play|p1a: Scizor
|-damage|p1a: Scizor|0 fnt
|faint|p1a: Scizor
|
|upkeep
|
|t:|1759064940
|switch|p1a: Gengar|Gengar, M, shiny|100/100
|turn|13
|
|t:|1759064943
|move|p1a: Gengar|Sludge Wave|p2a: can't kill?
|-damage|p2a: can't kill?|62/100
|move|p2a: can't kill?|Foul Play|p1a: Gengar
|-supereffective|p1a: Gengar
|-damage|p1a: Gengar|30/100
|-start|p2a: can't kill?|Disable|Foul Play|[from] ability: Cursed Body|[of] p1a: Gengar
|
|-heal|p2a: can't kill?|68/100|[from] item: Leftovers
|upkeep
|turn|14
|
|t:|1759064953
|switch|p2a: nah i'd win|Kingambit, F, shiny|100/100
|-activate|p2a: nah i'd win|ability: Supreme Overlord
|-start|p2a: nah i'd win|fallen3|[silent]
|move|p1a: Gengar|Sludge Wave|p2a: nah i'd win
|-immune|p2a: nah i'd win
|
|upkeep
|turn|15
|
|t:|1759064961
|switch|p1a: Serperior|Serperior, F, shiny|4/100
|move|p2a: nah i'd win|Kowtow Cleave|p1a: Serperior
|-damage|p1a: Serperior|0 fnt
|faint|p1a: Serperior
|
|upkeep
|
|t:|1759064968
|switch|p1a: Gengar|Gengar, M, shiny|30/100
|turn|16
|
|t:|1759064975
|move|p2a: nah i'd win|Sucker Punch|p1a: Gengar
|-supereffective|p1a: Gengar
|-damage|p1a: Gengar|0 fnt
|-start|p2a: nah i'd win|Disable|Sucker Punch|[from] ability: Cursed Body|[of] p1a: Gengar
|faint|p1a: Gengar
|
|win|ravi007rs
|raw|Luisao's rating: 1395 &rarr; <strong>1373</strong><br />(-22 for losing)
|raw|ravi007rs's rating: 1366 &rarr; <strong>1388</strong><br />(+22 for winning)
|l|☆ravi007rs
|player|p2|
|l|☆Luisao
|player|p1|
