|j|☆OmegaXC
|j|☆KuroNoTamashi
|t:|1758975841
|gametype|singles
|player|p1|OmegaXC|mars|1546
|player|p2|KuroNoTamashi|170|1583
|gen|9
|tier|[Gen 9] OU
|rated|
|rule|HP Percentage Mod: HP is shown in percentages
|rule|Endless Battle Clause: Forcing endless battles is banned
|rule|Species Clause: Limit one of each Pokémon
|rule|OHKO Clause: OHKO moves are banned
|rule|Evasion Items Clause: Evasion items are banned
|rule|Evasion Moves Clause: Evasion moves are banned
|rule|Evasion Abilities Clause: Evasion abilities are banned
|rule|Sleep Moves Clause: Sleep-inducing moves are banned
|clearpoke
|poke|p1|Samurott-Hisui, M|
|poke|p1|Dragonite, M|
|poke|p1|Iron Treads|
|poke|p1|Scizor, M|
|poke|p1|Pecharunt|
|poke|p1|Iron Valiant|
|poke|p2|Iron Crown|
|poke|p2|Pincurchin, F|
|poke|p2|Iron Valiant|
|poke|p2|Pelipper, M|
|poke|p2|Barraskewda, F|
|poke|p2|Landorus-Therian, M|
|teampreview
|inactive|Battle timer is ON: inactive players will automatically lose when time's up. (requested by OmegaXC)
|
|t:|1758975849
|teamsize|p1|6
|teamsize|p2|6
|start
|switch|p1a: Samurott|Samurott-Hisui, M|100/100
|switch|p2a: Pelipper|Pelipper, M|100/100
|-weather|RainDance|[from] ability: Drizzle|[of] p2a: Pelipper
|turn|1
|
|t:|1758975851
|move|p1a: Samurott|Knock Off|p2a: Pelipper
|-damage|p2a: Pelipper|58/100
|-enditem|p2a: Pelipper|Damp Rock|[from] move: Knock Off|[of] p1a: Samurott
|move|p2a: Pelipper|U-turn|p1a: Samurott
|-supereffective|p1a: Samurott
|-damage|p1a: Samurott|81/100
|
|t:|1758975856
|switch|p2a: Landorus|Landorus-Therian, M|100/100|[from] U-turn
|-ability|p2a: Landorus|Intimidate|boost
|-unboost|p1a: Samurott|atk|1
|
|-weather|RainDance|[upkeep]
|upkeep
|turn|2
|
|t:|1758975864
|switch|p1a: Iron Treads|Iron Treads|100/100
|move|p2a: Landorus|Substitute|p2a: Landorus
|-start|p2a: Landorus|Substitute
|-damage|p2a: Landorus|76/100
|
|-weather|RainDance|[upkeep]
|-heal|p2a: Landorus|82/100|[from] item: Leftovers
|upkeep
|turn|3
|
|t:|1758975867
|move|p1a: Iron Treads|Ice Spinner|p2a: Landorus
|-supereffective|p2a: Landorus
|-end|p2a: Landorus|Substitute
|move|p2a: Landorus|Sandsear Storm|p1a: Iron Treads
|-supereffective|p1a: Iron Treads
|-damage|p1a: Iron Treads|0 fnt
|faint|p1a: Iron Treads
|-end|p1a: Iron Treads|Quark Drive|[silent]
|
|-weather|RainDance|[upkeep]
|-heal|p2a: Landorus|88/100|[from] item: Leftovers
|upkeep
|
|t:|1758975871
|switch|p1a: Samurott|Samurott-Hisui, M|81/100
|turn|4
|
|t:|1758975878
|move|p2a: Landorus|Sandsear Storm|p1a: Samurott
|-damage|p1a: Samurott|51/100
|move|p1a: Samurott|Ceaseless Edge|p2a: Landorus
|-damage|p2a: Landorus|37/100
|-sidestart|p2: KuroNoTamashi|Spikes
|
|-weather|RainDance|[upkeep]
|-heal|p2a: Landorus|43/100|[from] item: Leftovers
|upkeep
|turn|5
|
|t:|1758975885
|move|p2a: Landorus|Sandsear Storm|p1a: Samurott
|-damage|p1a: Samurott|17/100
|move|p1a: Samurott|Ceaseless Edge|p2a: Landorus
|-damage|p2a: Landorus|0 fnt
|-sidestart|p2: KuroNoTamashi|Spikes
|faint|p2a: Landorus
|
|-weather|RainDance|[upkeep]
|upkeep
|
|t:|1758975891
|switch|p2a: Barraskewda|Barraskewda, F|100/100
|-damage|p2a: Barraskewda|84/100|[from] Spikes
|turn|6
|
|t:|1758975896
|move|p1a: Samurott|Sucker Punch|p2a: Barraskewda
|-damage|p2a: Barraskewda|24/100
|move|p2a: Barraskewda|Flip Turn|p1a: Samurott
|-resisted|p1a: Samurott
|-damage|p1a: Samurott|0 fnt
|faint|p1a: Samurott
|
|t:|1758975901
|switch|p2a: Pelipper|Pelipper, M|58/100|[from] Flip Turn
|
|-weather|RainDance|[upkeep]
|upkeep
|
|t:|1758975906
|switch|p1a: Pecharunt|Pecharunt|100/100
|turn|7
|l|☆KuroNoTamashi
|inactive|KuroNoTamashi disconnected and has a minute to reconnect!
|player|p2|
|inactive|KuroNoTamashi has 30 seconds to reconnect!
|j|☆KuroNoTamashi
|inactive|KuroNoTamashi reconnected and has 115 seconds left.
|player|p2|KuroNoTamashi|170|
|
|t:|1758975948
|move|p1a: Pecharunt|Malignant Chain|p2a: Pelipper
|-damage|p2a: Pelipper|7/100
|move|p2a: Pelipper|Weather Ball|p1a: Pecharunt
|-damage|p1a: Pecharunt|29/100
|
|-weather|RainDance|[upkeep]
|upkeep
|turn|8
|
|t:|1758975955
|move|p1a: Pecharunt|Parting Shot|p2a: Pelipper
|-unboost|p2a: Pelipper|atk|1
|-unboost|p2a: Pelipper|spa|1
|
|t:|1758975972
|switch|p1a: Iron Valiant|Iron Valiant|100/100|[from] Parting Shot
|-enditem|p1a: Iron Valiant|Booster Energy
|-activate|p1a: Iron Valiant|ability: Quark Drive|[fromitem]
|-start|p1a: Iron Valiant|quarkdrivespe
|move|p2a: Pelipper|Weather Ball|p1a: Iron Valiant
|-crit|p1a: Iron Valiant
|-damage|p1a: Iron Valiant|0 fnt
|faint|p1a: Iron Valiant
|-end|p1a: Iron Valiant|Quark Drive|[silent]
|
|-weather|none
|upkeep
|
|t:|1758975986
|switch|p1a: Pecharunt|Pecharunt|29/100
|turn|9
|
|t:|1758975989
|switch|p2a: Barraskewda|Barraskewda, F|24/100
|-damage|p2a: Barraskewda|8/100|[from] Spikes
|move|p1a: Pecharunt|Recover|p1a: Pecharunt
|-heal|p1a: Pecharunt|79/100
|
|upkeep
|turn|10
|
|t:|1758975992
|move|p2a: Barraskewda|Flip Turn|p1a: Pecharunt
|-damage|p1a: Pecharunt|56/100
|-damage|p2a: Barraskewda|0 fnt|[from] item: Rocky Helmet|[of] p1a: Pecharunt
|faint|p2a: Barraskewda
|move|p1a: Pecharunt|Recover|p1a: Pecharunt
|-heal|p1a: Pecharunt|100/100
|
|upkeep
|
|t:|1758975995
|switch|p2a: Pelipper|Pelipper, M|7/100
|-weather|RainDance|[from] ability: Drizzle|[of] p2a: Pelipper
|turn|11
|
|t:|1758975998
|move|p1a: Pecharunt|Shadow Ball|p2a: Pelipper
|-damage|p2a: Pelipper|0 fnt
|faint|p2a: Pelipper
|
|-weather|RainDance|[upkeep]
|upkeep
|
|t:|1758976000
|switch|p2a: Pincurchin|Pincurchin, F, shiny|100/100
|-damage|p2a: Pincurchin|84/100|[from] Spikes
|-fieldstart|move: Electric Terrain|[from] ability: Electric Surge|[of] p2a: Pincurchin
|turn|12
|
|t:|1758976005
|move|p1a: Pecharunt|Malignant Chain|p2a: Pincurchin
|-damage|p2a: Pincurchin|36/100
|move|p2a: Pincurchin|Thunderbolt|p1a: Pecharunt
|-damage|p1a: Pecharunt|62/100
|
|-weather|RainDance|[upkeep]
|upkeep
|turn|13
|
|t:|1758976010
|move|p1a: Pecharunt|Malignant Chain|p2a: Pincurchin
|-damage|p2a: Pincurchin|0 fnt
|faint|p2a: Pincurchin
|
|-weather|RainDance|[upkeep]
|upkeep
|
|t:|1758976013
|switch|p2a: Iron Crown|Iron Crown|100/100
|-damage|p2a: Iron Crown|84/100|[from] Spikes
|-activate|p2a: Iron Crown|ability: Quark Drive
|-start|p2a: Iron Crown|quarkdrivespa
|turn|14
|
|t:|1758976017
|move|p2a: Iron Crown|Tachyon Cutter|p1a: Pecharunt
|-damage|p1a: Pecharunt|12/100
|-damage|p1a: Pecharunt|0 fnt
|faint|p1a: Pecharunt
|-hitcount|p1: Pecharunt|2
|
|-weather|RainDance|[upkeep]
|upkeep
|
|t:|1758976021
|switch|p1a: Dragonite|Dragonite, M|100/100
|turn|15
|
|t:|1758976026
|-terastallize|p2a: Iron Crown|Steel
|move|p2a: Iron Crown|Tachyon Cutter|p1a: Dragonite
|-damage|p1a: Dragonite|66/100
|-crit|p1a: Dragonite
|-damage|p1a: Dragonite|0 fnt
|faint|p1a: Dragonite
|-hitcount|p1: Dragonite|2
|
|-weather|none
|upkeep
|
|t:|1758976031
|switch|p1a: Scizor|Scizor, M, shiny|100/100
|turn|16
|
|t:|1758976036
|-terastallize|p1a: Scizor|Steel
|move|p1a: Scizor|Bullet Punch|p2a: Iron Crown
|-resisted|p2a: Iron Crown
|-damage|p2a: Iron Crown|47/100
|move|p2a: Iron Crown|Tachyon Cutter|p1a: Scizor
|-resisted|p1a: Scizor
|-damage|p1a: Scizor|51/100
|-resisted|p1a: Scizor
|-damage|p1a: Scizor|5/100
|-hitcount|p1a: Scizor|2
|
|upkeep
|turn|17
|
|t:|1758976043
|move|p1a: Scizor|Bullet Punch|p2a: Iron Crown
|-resisted|p2a: Iron Crown
|-damage|p2a: Iron Crown|8/100
|move|p2a: Iron Crown|Tachyon Cutter|p1a: Scizor
|-resisted|p1a: Scizor
|-damage|p1a: Scizor|0 fnt
|faint|p1a: Scizor
|-hitcount|p1: Scizor|1
|
|win|KuroNoTamashi
|raw|OmegaXC's rating: 1546 &rarr; <strong>1528</strong><br />(-18 for losing)
|raw|KuroNoTamashi's rating: 1583 &rarr; <strong>1601</strong><br />(+18 for winning)
|l|☆OmegaXC
|player|p1|
|l|☆KuroNoTamashi
|player|p2|
