|j|☆Wurdsner
|j|☆sakuya 2hu
|t:|1759032297
|gametype|singles
|player|p1|Wurdsner|102|1125
|player|p2|sakuya 2hu|rocketgruntf|1183
|gen|9
|tier|[Gen 9] OU
|rated|
|rule|HP Percentage Mod: HP is shown in percentages
|rule|Endless Battle Clause: Forcing endless battles is banned
|rule|Species Clause: Limit one of each Pokémon
|rule|OHKO Clause: OHKO moves are banned
|rule|Evasion Items Clause: Evasion items are banned
|rule|Evasion Moves Clause: Evasion moves are banned
|rule|Evasion Abilities Clause: Evasion abilities are banned
|rule|Sleep Moves Clause: Sleep-inducing moves are banned
|clearpoke
|poke|p1|Dondozo, F|
|poke|p1|Clodsire, M|
|poke|p1|Toxapex, M|
|poke|p1|Blissey, F|
|poke|p1|Great Tusk|
|poke|p1|Garganacl, F|
|poke|p2|Tornadus-Therian, M|
|poke|p2|Gliscor, M|
|poke|p2|Rillaboom, F|
|poke|p2|Basculegion-F, F|
|poke|p2|Darkrai|
|poke|p2|Pelipper, F|
|teampreview
|
|t:|1759032312
|teamsize|p1|6
|teamsize|p2|6
|start
|switch|p1a: Toxapex|Toxapex, M|100/100
|switch|p2a: AE86 Panda Trueno|Pelipper, F|100/100
|-weather|RainDance|[from] ability: Drizzle|[of] p2a: AE86 Panda Trueno
|turn|1
|
|t:|1759032322
|move|p2a: AE86 Panda Trueno|U-turn|p1a: Toxapex
|-resisted|p1a: Toxapex
|-damage|p1a: Toxapex|98/100
|inactive|Battle timer is ON: inactive players will automatically lose when time's up. (requested by Wurdsner)
|
|t:|1759032342
|switch|p2a: Zerschlaggen|Darkrai|100/100|[from] U-turn
|move|p1a: Toxapex|Infestation|p2a: Zerschlaggen
|-supereffective|p2a: Zerschlaggen
|-damage|p2a: Zerschlaggen|93/100
|-activate|p2a: Zerschlaggen|move: Infestation|[of] p1a: Toxapex
|
|-weather|RainDance|[upkeep]
|-heal|p1a: Toxapex|100/100|[from] item: Leftovers
|-damage|p2a: Zerschlaggen|81/100|[from] move: Infestation|[partiallytrapped]
|upkeep
|turn|2
|
|t:|1759032356
|switch|p1a: Clodsire|Clodsire, M|100/100
|-terastallize|p2a: Zerschlaggen|Electric
|move|p2a: Zerschlaggen|Thunder|p1a: Clodsire
|-immune|p1a: Clodsire
|
|-weather|RainDance|[upkeep]
|-end|p2a: Zerschlaggen|Infestation|[partiallytrapped]|[silent]
|upkeep
|turn|3
|c|☆sakuya 2hu|next level read
|c|☆sakuya 2hu|on god
|
|t:|1759032379
|switch|p2a: Birra Moretti|Gliscor, M|100/100
|move|p1a: Clodsire|Toxic|p2a: Birra Moretti
|-status|p2a: Birra Moretti|tox
|
|-weather|RainDance|[upkeep]
|upkeep
|turn|4
|
|t:|1759032387
|move|p1a: Clodsire|Protect|p1a: Clodsire
|-singleturn|p1a: Clodsire|Protect
|move|p2a: Birra Moretti|Substitute|p2a: Birra Moretti
|-start|p2a: Birra Moretti|Substitute
|-damage|p2a: Birra Moretti|75/100 tox
|
|-weather|RainDance|[upkeep]
|-heal|p2a: Birra Moretti|88/100 tox|[from] ability: Poison Heal
|upkeep
|turn|5
|
|t:|1759032406
|switch|p1a: Garganacl|Garganacl, F|100/100
|move|p2a: Birra Moretti|Swords Dance|p2a: Birra Moretti
|-boost|p2a: Birra Moretti|atk|2
|
|-weather|RainDance|[upkeep]
|-heal|p2a: Birra Moretti|100/100 tox|[from] ability: Poison Heal
|upkeep
|turn|6
|
|t:|1759032431
|switch|p1a: Dondozo|Dondozo, F|100/100
|move|p2a: Birra Moretti|Earthquake|p1a: Dondozo
|-damage|p1a: Dondozo|86/100
|
|-weather|RainDance|[upkeep]
|upkeep
|turn|7
|
|t:|1759032444
|move|p2a: Birra Moretti|Facade|p1a: Dondozo
|-damage|p1a: Dondozo|73/100
|-damage|p2a: Birra Moretti|84/100 tox|[from] item: Rocky Helmet|[of] p1a: Dondozo
|move|p1a: Dondozo|Curse|p1a: Dondozo
|-unboost|p1a: Dondozo|spe|1
|-boost|p1a: Dondozo|atk|1
|-boost|p1a: Dondozo|def|1
|
|-weather|RainDance|[upkeep]
|-heal|p2a: Birra Moretti|97/100 tox|[from] ability: Poison Heal
|upkeep
|turn|8
|
|t:|1759032460
|switch|p2a: Zerschlaggen|Darkrai, tera:Electric|81/100
|move|p1a: Dondozo|Curse|p1a: Dondozo
|-unboost|p1a: Dondozo|spe|1
|-boost|p1a: Dondozo|atk|1
|-boost|p1a: Dondozo|def|1
|
|-weather|none
|upkeep
|turn|9
|
|t:|1759032468
|switch|p1a: Clodsire|Clodsire, M|100/100
|move|p2a: Zerschlaggen|Thunder|p1a: Clodsire
|-immune|p1a: Clodsire
|
|upkeep
|turn|10
|
|t:|1759032478
|switch|p2a: Birra Moretti|Gliscor, M|97/100 tox
|move|p1a: Clodsire|Trailblaze|p2a: Birra Moretti
|-damage|p2a: Birra Moretti|89/100 tox
|-boost|p1a: Clodsire|spe|1
|
|-heal|p2a: Birra Moretti|100/100 tox|[from] ability: Poison Heal
|upkeep
|turn|11
|
|t:|1759032488
|switch|p1a: Dondozo|Dondozo, F|73/100
|move|p2a: Birra Moretti|Earthquake|p1a: Dondozo
|-damage|p1a: Dondozo|59/100
|
|upkeep
|turn|12
|
|t:|1759032498
|switch|p2a: Zerschlaggen|Darkrai, tera:Electric|81/100
|move|p1a: Dondozo|Body Press|p2a: Zerschlaggen
|-damage|p2a: Zerschlaggen|42/100
|
|upkeep
|turn|13
|
|t:|1759032507
|switch|p1a: Clodsire|Clodsire, M|100/100
|move|p2a: Zerschlaggen|Psychic|p1a: Clodsire
|-supereffective|p1a: Clodsire
|-damage|p1a: Clodsire|54/100
|-damage|p2a: Zerschlaggen|33/100|[from] item: Life Orb
|
|-heal|p1a: Clodsire|60/100|[from] item: Leftovers
|upkeep
|turn|14
|
|t:|1759032520
|move|p2a: Zerschlaggen|Ice Beam|p1a: Clodsire
|-supereffective|p1a: Clodsire
|-damage|p1a: Clodsire|15/100
|-damage|p2a: Zerschlaggen|23/100|[from] item: Life Orb
|move|p1a: Clodsire|Toxic|p2a: Zerschlaggen
|-status|p2a: Zerschlaggen|tox
|
|-heal|p1a: Clodsire|21/100|[from] item: Leftovers
|-damage|p2a: Zerschlaggen|17/100 tox|[from] psn
|upkeep
|turn|15
|
|t:|1759032532
|switch|p2a: AE86 Panda Trueno|Pelipper, F|100/100
|-weather|RainDance|[from] ability: Drizzle|[of] p2a: AE86 Panda Trueno
|move|p1a: Clodsire|Protect||[still]
|-fail|p1a: Clodsire
|
|-weather|RainDance|[upkeep]
|-heal|p1a: Clodsire|27/100|[from] item: Leftovers
|upkeep
|turn|16
|
|t:|1759032545
|move|p2a: AE86 Panda Trueno|Hurricane|p1a: Clodsire
|-damage|p1a: Clodsire|0 fnt
|faint|p1a: Clodsire
|
|-weather|RainDance|[upkeep]
|upkeep
|
|t:|1759032549
|switch|p1a: Blissey|Blissey, F|100/100
|turn|17
|
|t:|1759032556
|move|p2a: AE86 Panda Trueno|U-turn|p1a: Blissey
|-damage|p1a: Blissey|93/100
|
|t:|1759032566
|switch|p2a: Milky way|Rillaboom, F|100/100|[from] U-turn
|-fieldstart|move: Grassy Terrain|[from] ability: Grassy Surge|[of] p2a: Milky way
|move|p1a: Blissey|Stealth Rock|p2a: Milky way
|-sidestart|p2: sakuya 2hu|move: Stealth Rock
|
|-weather|RainDance|[upkeep]
|-heal|p1a: Blissey|99/100|[from] Grassy Terrain
|upkeep
|turn|18
|
|t:|1759032581
|move|p2a: Milky way|Knock Off|p1a: Blissey
|-damage|p1a: Blissey|53/100
|-enditem|p1a: Blissey|Heavy-Duty Boots|[from] move: Knock Off|[of] p2a: Milky way
|move|p1a: Blissey|Body Slam|p2a: Milky way
|-damage|p2a: Milky way|93/100
|
|-weather|RainDance|[upkeep]
|-heal|p2a: Milky way|99/100|[from] Grassy Terrain
|-heal|p1a: Blissey|59/100|[from] Grassy Terrain
|upkeep
|turn|19
|
|t:|1759032602
|switch|p2a: Daytona Sky High|Tornadus-Therian, M|100/100
|move|p1a: Blissey|Soft-Boiled|p1a: Blissey
|-heal|p1a: Blissey|100/100
|
|-weather|RainDance|[upkeep]
|upkeep
|turn|20
|
|t:|1759032617
|switch|p1a: Toxapex|Toxapex, M|100/100
|move|p2a: Daytona Sky High|U-turn|p1a: Toxapex
|-resisted|p1a: Toxapex
|-damage|p1a: Toxapex|95/100
|inactive|sakuya 2hu has 120 seconds left.
|
|t:|1759032637
|switch|p2a: Bass Boost|Basculegion-F, F|100/100|[from] U-turn
|-damage|p2a: Bass Boost|88/100|[from] Stealth Rock
|
|-weather|RainDance|[upkeep]
|-heal|p2a: Bass Boost|94/100|[from] Grassy Terrain
|-heal|p1a: Toxapex|100/100|[from] Grassy Terrain
|upkeep
|turn|21
|inactive|sakuya 2hu has 120 seconds left.
|
|t:|1759032646
|move|p1a: Toxapex|Baneful Bunker|p1a: Toxapex
|-singleturn|p1a: Toxapex|move: Protect
|move|p2a: Bass Boost|Shadow Ball|p1a: Toxapex
|-activate|p1a: Toxapex|move: Protect
|
|-weather|RainDance|[upkeep]
|-heal|p2a: Bass Boost|99/100|[from] Grassy Terrain
|-fieldend|move: Grassy Terrain
|upkeep
|turn|22
|
|t:|1759032656
|switch|p1a: Blissey|Blissey, F|100/100
|move|p2a: Bass Boost|Shadow Ball|p1a: Blissey
|-immune|p1a: Blissey
|
|-weather|none
|upkeep
|turn|23
|
|t:|1759032665
|move|p2a: Bass Boost|Flip Turn|p1a: Blissey
|-damage|p1a: Blissey|81/100
|-damage|p2a: Bass Boost|90/100|[from] item: Life Orb
|
|t:|1759032670
|switch|p2a: Milky way|Rillaboom, F|99/100|[from] Flip Turn
|-damage|p2a: Milky way|86/100|[from] Stealth Rock
|-fieldstart|move: Grassy Terrain|[from] ability: Grassy Surge|[of] p2a: Milky way
|move|p1a: Blissey|Body Slam|p2a: Milky way
|-damage|p2a: Milky way|78/100
|-status|p2a: Milky way|par
|
|-heal|p1a: Blissey|87/100|[from] Grassy Terrain
|-heal|p2a: Milky way|84/100 par|[from] Grassy Terrain
|upkeep
|turn|24
|
|t:|1759032690
|switch|p1a: Garganacl|Garganacl, F|100/100
|move|p2a: Milky way|Grassy Glide|p1a: Garganacl
|-supereffective|p1a: Garganacl
|-damage|p1a: Garganacl|38/100
|
|-heal|p2a: Milky way|91/100 par|[from] Grassy Terrain
|-heal|p1a: Garganacl|44/100|[from] Grassy Terrain
|-heal|p1a: Garganacl|50/100|[from] item: Leftovers
|upkeep
|turn|25
|
|t:|1759032712
|switch|p1a: Blissey|Blissey, F|87/100
|move|p2a: Milky way|Grassy Glide|p1a: Blissey
|-damage|p1a: Blissey|35/100
|
|-heal|p1a: Blissey|41/100|[from] Grassy Terrain
|-heal|p2a: Milky way|97/100 par|[from] Grassy Terrain
|upkeep
|turn|26
|
|t:|1759032722
|switch|p1a: Great Tusk|Great Tusk|100/100
|move|p2a: Milky way|Grassy Glide|p1a: Great Tusk
|-supereffective|p1a: Great Tusk
|-damage|p1a: Great Tusk|39/100
|
|-heal|p1a: Great Tusk|45/100|[from] Grassy Terrain
|-heal|p1a: Great Tusk|52/100|[from] item: Leftovers
|-heal|p2a: Milky way|100/100 par|[from] Grassy Terrain
|upkeep
|turn|27
|
|t:|1759032733
|move|p2a: Milky way|Grassy Glide|p1a: Great Tusk
|-supereffective|p1a: Great Tusk
|-damage|p1a: Great Tusk|0 fnt
|faint|p1a: Great Tusk
|-end|p1a: Great Tusk|Protosynthesis|[silent]
|
|-fieldend|move: Grassy Terrain
|upkeep
|-message|Wurdsner forfeited.
|
|win|sakuya 2hu
|raw|Wurdsner's rating: 1125 &rarr; <strong>1104</strong><br />(-21 for losing)
|raw|sakuya 2hu's rating: 1183 &rarr; <strong>1204</strong><br />(+21 for winning)
|l|☆Wurdsner
|player|p1|
|c|☆sakuya 2hu|dirty stall
|c|☆sakuya 2hu|agency
