|j|☆vghhjg
|j|☆apotato135
|t:|1759006152
|gametype|singles
|player|p1|vghhjg|2|1585
|player|p2|apotato135|swimmer-gen4dp|1548
|gen|9
|tier|[Gen 9] OU
|rated|
|rule|HP Percentage Mod: HP is shown in percentages
|rule|Endless Battle Clause: Forcing endless battles is banned
|rule|Species Clause: Limit one of each Pokémon
|rule|OHKO Clause: OHKO moves are banned
|rule|Evasion Items Clause: Evasion items are banned
|rule|Evasion Moves Clause: Evasion moves are banned
|rule|Evasion Abilities Clause: Evasion abilities are banned
|rule|Sleep Moves Clause: Sleep-inducing moves are banned
|clearpoke
|poke|p1|Gholdengo|
|poke|p1|Ribombee, M|
|poke|p1|Dragonite, F|
|poke|p1|Comfey, F|
|poke|p1|Landorus-Therian, M|
|poke|p1|Quaquaval, F|
|poke|p2|Ninetales-Alola, M|
|poke|p2|Kyurem|
|poke|p2|Primeape, F|
|poke|p2|Enamorus, F|
|poke|p2|Moltres-Galar|
|poke|p2|Iron Treads|
|teampreview
|inactive|Battle timer is ON: inactive players will automatically lose when time's up. (requested by apotato135)
|
|t:|1759006168
|teamsize|p1|6
|teamsize|p2|6
|start
|switch|p1a: Ribombee|Ribombee, M|100/100
|switch|p2a: Iron Treads|Iron Treads|100/100
|-enditem|p2a: Iron Treads|Booster Energy
|-activate|p2a: Iron Treads|ability: Quark Drive|[fromitem]
|-start|p2a: Iron Treads|quarkdrivespe
|turn|1
|
|t:|1759006183
|move|p2a: Iron Treads|Rapid Spin|p1a: Ribombee
|-damage|p1a: Ribombee|76/100
|-boost|p2a: Iron Treads|spe|1
|move|p1a: Ribombee|Stun Spore|p2a: Iron Treads
|-status|p2a: Iron Treads|par
|
|upkeep
|turn|2
|inactive|vghhjg has 120 seconds left.
|
|t:|1759006222
|move|p2a: Iron Treads|Rapid Spin|p1a: Ribombee
|-damage|p1a: Ribombee|53/100
|-boost|p2a: Iron Treads|spe|1
|move|p1a: Ribombee|Sticky Web|p2a: Iron Treads
|-sidestart|p2: apotato135|move: Sticky Web
|
|upkeep
|turn|3
|inactive|vghhjg has 120 seconds left.
|
|t:|1759006231
|switch|p1a: Gholdengo|Gholdengo|100/100
|-item|p1a: Gholdengo|Air Balloon
|move|p2a: Iron Treads|Stealth Rock|p1a: Gholdengo
|-sidestart|p1: vghhjg|move: Stealth Rock
|
|upkeep
|turn|4
|
|t:|1759006238
|-end|p2a: Iron Treads|Quark Drive|[silent]
|switch|p2a: Ninetales|Ninetales-Alola, M|100/100
|-activate|p2a: Ninetales|move: Sticky Web
|-unboost|p2a: Ninetales|spe|1
|-weather|Snowscape|[from] ability: Snow Warning|[of] p2a: Ninetales
|move|p1a: Gholdengo|Shadow Ball|p2a: Ninetales
|-damage|p2a: Ninetales|62/100
|
|-weather|Snowscape|[upkeep]
|upkeep
|turn|5
|
|t:|1759006249
|-terastallize|p2a: Ninetales|Water
|move|p1a: Gholdengo|Nasty Plot|p1a: Gholdengo
|-boost|p1a: Gholdengo|spa|2
|move|p2a: Ninetales|Aurora Veil|p2a: Ninetales
|-sidestart|p2: apotato135|move: Aurora Veil
|
|-weather|Snowscape|[upkeep]
|upkeep
|turn|6
|
|t:|1759006260
|switch|p2a: Moltres|Moltres-Galar|100/100
|move|p1a: Gholdengo|Shadow Ball|p2a: Moltres
|-resisted|p2a: Moltres
|-damage|p2a: Moltres|81/100
|
|-weather|Snowscape|[upkeep]
|upkeep
|turn|7
|
|t:|1759006282
|-terastallize|p1a: Gholdengo|Fairy
|move|p2a: Moltres|Nasty Plot|p2a: Moltres
|-boost|p2a: Moltres|spa|2
|move|p1a: Gholdengo|Dazzling Gleam|p2a: Moltres
|-supereffective|p2a: Moltres
|-damage|p2a: Moltres|8/100
|-ability|p2a: Moltres|Berserk|boost
|-boost|p2a: Moltres|spa|1
|-enditem|p2a: Moltres|Sitrus Berry|[eat]
|-heal|p2a: Moltres|32/100|[from] item: Sitrus Berry
|
|-weather|Snowscape|[upkeep]
|upkeep
|turn|8
|
|t:|1759006293
|switch|p1a: Ribombee|Ribombee, M|53/100
|-damage|p1a: Ribombee|28/100|[from] Stealth Rock
|move|p2a: Moltres|Hurricane|p1a: Ribombee|[miss]
|-miss|p2a: Moltres|p1a: Ribombee
|
|-weather|none
|upkeep
|turn|9
|
|t:|1759006301
|move|p1a: Ribombee|Stun Spore|p2a: Moltres|[miss]
|-miss|p1a: Ribombee|p2a: Moltres
|move|p2a: Moltres|Fiery Wrath|p1a: Ribombee
|-resisted|p1a: Ribombee
|-damage|p1a: Ribombee|0 fnt
|faint|p1a: Ribombee
|
|upkeep
|
|t:|1759006311
|switch|p1a: Dragonite|Dragonite, F|100/100
|turn|10
|
|t:|1759006315
|move|p2a: Moltres|Fiery Wrath|p1a: Dragonite
|-damage|p1a: Dragonite|54/100
|move|p1a: Dragonite|Dragon Dance|p1a: Dragonite
|-boost|p1a: Dragonite|atk|1
|-boost|p1a: Dragonite|spe|1
|
|upkeep
|turn|11
|
|t:|1759006319
|move|p1a: Dragonite|Extreme Speed|p2a: Moltres
|-damage|p2a: Moltres|5/100
|move|p2a: Moltres|Fiery Wrath|p1a: Dragonite
|-damage|p1a: Dragonite|0 fnt
|faint|p1a: Dragonite
|
|upkeep
|
|t:|1759006325
|switch|p1a: Comfey|Comfey, F|100/100
|-damage|p1a: Comfey|88/100|[from] Stealth Rock
|turn|12
|
|t:|1759006327
|move|p1a: Comfey|Draining Kiss|p2a: Moltres
|-supereffective|p2a: Moltres
|-damage|p2a: Moltres|0 fnt
|-heal|p1a: Comfey|92/100|[from] drain|[of] p2a: Moltres
|faint|p2a: Moltres
|-damage|p1a: Comfey|82/100|[from] item: Life Orb
|
|-sideend|p2: apotato135|move: Aurora Veil
|upkeep
|
|t:|1759006337
|switch|p2a: Primeape|Primeape, F|100/100
|-activate|p2a: Primeape|move: Sticky Web
|-unboost|p2a: Primeape|spe|1
|-ability|p2a: Primeape|Defiant|boost
|-boost|p2a: Primeape|atk|2
|turn|13
|
|t:|1759006345
|move|p1a: Comfey|Draining Kiss|p2a: Primeape
|-supereffective|p2a: Primeape
|-damage|p2a: Primeape|64/100
|-heal|p1a: Comfey|100/100|[from] drain|[of] p2a: Primeape
|-damage|p1a: Comfey|91/100|[from] item: Life Orb
|move|p2a: Primeape|Rage Fist|p1a: Comfey
|-damage|p1a: Comfey|36/100
|
|upkeep
|turn|14
|
|t:|1759006358
|move|p1a: Comfey|Encore|p2a: Primeape
|-start|p2a: Primeape|Encore
|move|p2a: Primeape|Rage Fist|p1a: Comfey
|-damage|p1a: Comfey|0 fnt
|faint|p1a: Comfey
|
|upkeep
|
|t:|1759006373
|switch|p1a: Gholdengo|Gholdengo, tera:Fairy|100/100
|-damage|p1a: Gholdengo|88/100|[from] Stealth Rock
|-item|p1a: Gholdengo|Air Balloon
|turn|15
|
|t:|1759006378
|move|p1a: Gholdengo|Dazzling Gleam|p2a: Primeape
|-supereffective|p2a: Primeape
|-damage|p2a: Primeape|12/100
|move|p2a: Primeape|Rage Fist|p1a: Gholdengo
|-damage|p1a: Gholdengo|6/100
|-enditem|p1a: Gholdengo|Air Balloon
|
|upkeep
|turn|16
|
|t:|1759006385
|move|p1a: Gholdengo|Shadow Ball|p2a: Primeape
|-damage|p2a: Primeape|0 fnt
|faint|p2a: Primeape
|
|upkeep
|
|t:|1759006387
|switch|p2a: Iron Treads|Iron Treads|100/100 par
|-activate|p2a: Iron Treads|move: Sticky Web
|-unboost|p2a: Iron Treads|spe|1
|turn|17
|
|t:|1759006394
|move|p1a: Gholdengo|Shadow Ball|p2a: Iron Treads
|-damage|p2a: Iron Treads|37/100 par
|move|p2a: Iron Treads|Rapid Spin|p1a: Gholdengo
|-damage|p1a: Gholdengo|0 fnt
|-boost|p2a: Iron Treads|spe|1
|-sideend|p2: apotato135|Sticky Web|[from] move: Rapid Spin|[of] p2a: Iron Treads
|faint|p1a: Gholdengo
|
|upkeep
|
|t:|1759006398
|switch|p1a: Quaquaval|Quaquaval, F|100/100
|-damage|p1a: Quaquaval|94/100|[from] Stealth Rock
|turn|18
|
|t:|1759006408
|-end|p2a: Iron Treads|Quark Drive|[silent]
|switch|p2a: Enamorus|Enamorus, F|100/100
|move|p1a: Quaquaval|Aqua Step|p2a: Enamorus
|-damage|p2a: Enamorus|35/100
|-boost|p1a: Quaquaval|spe|1
|
|upkeep
|turn|19
|
|t:|1759006415
|move|p2a: Enamorus|Moonblast|p1a: Quaquaval
|-supereffective|p1a: Quaquaval
|-damage|p1a: Quaquaval|0 fnt
|faint|p1a: Quaquaval
|
|upkeep
|-message|vghhjg forfeited.
|
|win|apotato135
|raw|vghhjg's rating: 1585 &rarr; <strong>1563</strong><br />(-22 for losing)
|raw|apotato135's rating: 1548 &rarr; <strong>1570</strong><br />(+22 for winning)
|l|☆vghhjg
|player|p1|
|l|☆apotato135
|player|p2|
