|j|☆Bandersnatch34
|j|☆meowstiicc
|t:|1758924649
|gametype|singles
|player|p1|Bandersnatch34|gardenia|1210
|player|p2|meowstiicc|roxanne|1231
|gen|9
|tier|[Gen 9] OU
|rated|
|rule|HP Percentage Mod: HP is shown in percentages
|rule|Endless Battle Clause: Forcing endless battles is banned
|rule|Species Clause: Limit one of each Pokémon
|rule|OHKO Clause: OHKO moves are banned
|rule|Evasion Items Clause: Evasion items are banned
|rule|Evasion Moves Clause: Evasion moves are banned
|rule|Evasion Abilities Clause: Evasion abilities are banned
|rule|Sleep Moves Clause: Sleep-inducing moves are banned
|clearpoke
|poke|p1|Heatran, M|
|poke|p1|Great Tusk|
|poke|p1|Primarina, M|
|poke|p1|Gliscor, M|
|poke|p1|Alomomola, M|
|poke|p1|Munkidori, M|
|poke|p2|Meowscarada, M|
|poke|p2|Heatran, F|
|poke|p2|Rotom-Wash|
|poke|p2|Iron Moth|
|poke|p2|Quaquaval, F|
|poke|p2|Iron Valiant|
|teampreview
|
|t:|1758924671
|teamsize|p1|6
|teamsize|p2|6
|start
|switch|p1a: Munkidori|Munkidori, M|100/100
|switch|p2a: Meowscarada|Meowscarada, M|100/100
|turn|1
|
|t:|1758924677
|move|p1a: Munkidori|U-turn|p2a: Meowscarada
|-supereffective|p2a: Meowscarada
|-damage|p2a: Meowscarada|31/100
|-status|p2a: Meowscarada|tox|[from] ability: Toxic Chain|[of] p1a: Munkidori
|
|t:|1758924685
|switch|p1a: Great Tusk|Great Tusk|100/100|[from] U-turn
|move|p2a: Meowscarada|U-turn|p1a: Great Tusk
|-start|p2a: Meowscarada|typechange|Bug|[from] ability: Protean
|-resisted|p1a: Great Tusk
|-damage|p1a: Great Tusk|90/100
|
|t:|1758924697
|switch|p2a: Quaquaval|Quaquaval, F|100/100|[from] U-turn
|
|upkeep
|turn|2
|
|t:|1758924704
|-end|p1a: Great Tusk|Protosynthesis|[silent]
|switch|p1a: Alomomola|Alomomola, M, shiny|100/100
|move|p2a: Quaquaval|Aqua Step|p1a: Alomomola
|-resisted|p1a: Alomomola
|-damage|p1a: Alomomola|87/100
|-boost|p2a: Quaquaval|spe|1
|
|upkeep
|turn|3
|
|t:|1758924720
|move|p2a: Quaquaval|Aqua Step|p1a: Alomomola
|-resisted|p1a: Alomomola
|-damage|p1a: Alomomola|74/100
|-boost|p2a: Quaquaval|spe|1
|move|p1a: Alomomola|Flip Turn|p2a: Quaquaval
|-resisted|p2a: Quaquaval
|-damage|p2a: Quaquaval|91/100
|
|t:|1758924727
|switch|p1a: Primarina|Primarina, M|100/100|[from] Flip Turn
|
|upkeep
|turn|4
|
|t:|1758924735
|move|p2a: Quaquaval|Rapid Spin|p1a: Primarina
|-damage|p1a: Primarina|79/100
|-boost|p2a: Quaquaval|spe|1
|move|p1a: Primarina|Draining Kiss|p2a: Quaquaval
|-supereffective|p2a: Quaquaval
|-damage|p2a: Quaquaval|38/100
|-heal|p1a: Primarina|100/100|[from] drain|[of] p2a: Quaquaval
|
|upkeep
|turn|5
|
|t:|1758924745
|move|p2a: Quaquaval|Close Combat|p1a: Primarina
|-resisted|p1a: Primarina
|-damage|p1a: Primarina|68/100
|-unboost|p2a: Quaquaval|def|1
|-unboost|p2a: Quaquaval|spd|1
|move|p1a: Primarina|Draining Kiss|p2a: Quaquaval
|-supereffective|p2a: Quaquaval
|-damage|p2a: Quaquaval|0 fnt
|-heal|p1a: Primarina|93/100|[from] drain|[of] p2a: Quaquaval
|faint|p2a: Quaquaval
|
|upkeep
|
|t:|1758924755
|switch|p2a: Iron Moth|Iron Moth|100/100
|-enditem|p2a: Iron Moth|Booster Energy
|-activate|p2a: Iron Moth|ability: Quark Drive|[fromitem]
|-start|p2a: Iron Moth|quarkdrivespe
|turn|6
|
|t:|1758924767
|-end|p2a: Iron Moth|Quark Drive|[silent]
|switch|p2a: Rotom|Rotom-Wash|100/100
|switch|p1a: Heatran|Heatran, M|100/100
|
|upkeep
|turn|7
|
|t:|1758924778
|move|p2a: Rotom|Trick|p1a: Heatran
|-activate|p2a: Rotom|move: Trick|[of] p1a: Heatran
|-item|p1a: Heatran|Choice Scarf|[from] move: Trick
|-item|p2a: Rotom|Leftovers|[from] move: Trick
|move|p1a: Heatran|Stealth Rock|p2a: Rotom
|-sidestart|p2: meowstiicc|move: Stealth Rock
|
|upkeep
|turn|8
|
|t:|1758924789
|switch|p1a: Alomomola|Alomomola, M, shiny|100/100
|move|p2a: Rotom|Hydro Pump|p1a: Alomomola
|-resisted|p1a: Alomomola
|-damage|p1a: Alomomola|78/100
|
|upkeep
|turn|9
|
|t:|1758924796
|move|p2a: Rotom|Volt Switch|p1a: Alomomola
|-supereffective|p1a: Alomomola
|-damage|p1a: Alomomola|25/100
|l|☆meowstiicc
|player|p2|
|j|☆meowstiicc
|player|p2|meowstiicc|roxanne|
|
|t:|1758924838
|switch|p2a: Iron Valiant|Iron Valiant|100/100|[from] Volt Switch
|-damage|p2a: Iron Valiant|94/100|[from] Stealth Rock
|move|p1a: Alomomola|Flip Turn|p2a: Iron Valiant
|-damage|p2a: Iron Valiant|74/100
|
|t:|1758924852
|switch|p1a: Gliscor|Gliscor, M|100/100|[from] Flip Turn
|
|-status|p1a: Gliscor|tox|[from] item: Toxic Orb
|upkeep
|turn|10
|
|t:|1758924865
|move|p2a: Iron Valiant|Moonblast|p1a: Gliscor
|-damage|p1a: Gliscor|50/100 tox
|-damage|p2a: Iron Valiant|65/100|[from] item: Life Orb
|move|p1a: Gliscor|Spikes|p2a: Iron Valiant
|-sidestart|p2: meowstiicc|Spikes
|
|-heal|p1a: Gliscor|63/100 tox|[from] ability: Poison Heal
|upkeep
|turn|11
|
|t:|1758924877
|-end|p2a: Iron Valiant|Quark Drive|[silent]
|switch|p2a: Heatran|Heatran, F|100/100
|-damage|p2a: Heatran|88/100|[from] Stealth Rock
|-item|p2a: Heatran|Air Balloon
|switch|p1a: Heatran|Heatran, M|100/100
|
|upkeep
|turn|12
|
|t:|1758924891
|switch|p1a: Primarina|Primarina, M|93/100
|move|p2a: Heatran|Stealth Rock|p1a: Primarina
|-sidestart|p1: Bandersnatch34|move: Stealth Rock
|
|upkeep
|turn|13
|
|t:|1758924898
|move|p2a: Heatran|Earth Power|p1a: Primarina
|-damage|p1a: Primarina|79/100
|move|p1a: Primarina|Surf|p2a: Heatran
|-supereffective|p2a: Heatran
|-damage|p2a: Heatran|16/100
|-enditem|p2a: Heatran|Air Balloon
|
|upkeep
|turn|14
|
|t:|1758924905
|move|p2a: Heatran|Will-O-Wisp|p1a: Primarina
|-status|p1a: Primarina|brn
|move|p1a: Primarina|Flip Turn|p2a: Heatran
|-supereffective|p2a: Heatran
|-damage|p2a: Heatran|6/100
|
|t:|1758924914
|switch|p1a: Great Tusk|Great Tusk|90/100|[from] Flip Turn
|
|upkeep
|turn|15
|
|t:|1758924926
|switch|p2a: Rotom|Rotom-Wash|100/100
|-damage|p2a: Rotom|88/100|[from] Stealth Rock
|move|p1a: Great Tusk|Rapid Spin|p2a: Rotom
|-damage|p2a: Rotom|65/100
|-boost|p1a: Great Tusk|spe|1
|-sideend|p1: Bandersnatch34|Stealth Rock|[from] move: Rapid Spin|[of] p1a: Great Tusk
|
|-heal|p2a: Rotom|71/100|[from] item: Leftovers
|upkeep
|turn|16
|
|t:|1758924940
|move|p1a: Great Tusk|Knock Off|p2a: Rotom
|-damage|p2a: Rotom|29/100
|-enditem|p2a: Rotom|Leftovers|[from] move: Knock Off|[of] p1a: Great Tusk
|move|p2a: Rotom|Hydro Pump|p1a: Great Tusk
|-supereffective|p1a: Great Tusk
|-damage|p1a: Great Tusk|0 fnt
|faint|p1a: Great Tusk
|-end|p1a: Great Tusk|Protosynthesis|[silent]
|
|upkeep
|
|t:|1758924953
|switch|p1a: Munkidori|Munkidori, M|100/100
|turn|17
|
|t:|1758924959
|move|p1a: Munkidori|Psychic Noise|p2a: Rotom
|-damage|p2a: Rotom|0 fnt
|faint|p2a: Rotom
|
|upkeep
|
|t:|1758924963
|switch|p2a: Meowscarada|Meowscarada, M|31/100 tox
|turn|18
|
|t:|1758924978
|switch|p1a: Heatran|Heatran, M|100/100
|move|p2a: Meowscarada|Knock Off|p1a: Heatran
|-start|p2a: Meowscarada|typechange|Dark|[from] ability: Protean
|-damage|p1a: Heatran|60/100
|-enditem|p1a: Heatran|Choice Scarf|[from] move: Knock Off|[of] p2a: Meowscarada
|
|-damage|p2a: Meowscarada|25/100 tox|[from] psn
|upkeep
|turn|19
|
|t:|1758924989
|move|p2a: Meowscarada|Knock Off|p1a: Heatran
|-damage|p1a: Heatran|33/100
|move|p1a: Heatran|Earth Power|p2a: Meowscarada
|-damage|p2a: Meowscarada|0 fnt
|faint|p2a: Meowscarada
|
|upkeep
|
|t:|1758924997
|switch|p2a: Iron Valiant|Iron Valiant|65/100
|-damage|p2a: Iron Valiant|58/100|[from] Stealth Rock
|-damage|p2a: Iron Valiant|46/100|[from] Spikes
|turn|20
|
|t:|1758925011
|move|p2a: Iron Valiant|Close Combat|p1a: Heatran
|-supereffective|p1a: Heatran
|-damage|p1a: Heatran|0 fnt
|-unboost|p2a: Iron Valiant|def|1
|-unboost|p2a: Iron Valiant|spd|1
|faint|p1a: Heatran
|-damage|p2a: Iron Valiant|36/100|[from] item: Life Orb
|
|upkeep
|
|t:|1758925018
|switch|p1a: Munkidori|Munkidori, M|100/100
|turn|21
|
|t:|1758925028
|-end|p2a: Iron Valiant|Quark Drive|[silent]
|switch|p2a: Heatran|Heatran, F|6/100
|-damage|p2a: Heatran|0 fnt|[from] Stealth Rock
|faint|p2a: Heatran
|move|p1a: Munkidori|Psychic Noise|p2: Heatran|[notarget]
|-fail|p1a: Munkidori
|
|upkeep
|
|t:|1758925036
|switch|p2a: Iron Moth|Iron Moth|100/100
|-damage|p2a: Iron Moth|75/100|[from] Stealth Rock
|-damage|p2a: Iron Moth|63/100|[from] Spikes
|turn|22
|
|t:|1758925046
|-terastallize|p2a: Iron Moth|Grass
|move|p1a: Munkidori|Psychic Noise|p2a: Iron Moth
|-damage|p2a: Iron Moth|24/100
|-start|p2a: Iron Moth|move: Heal Block
|move|p2a: Iron Moth|Fiery Dance|p1a: Munkidori
|-damage|p1a: Munkidori|56/100
|
|upkeep
|turn|23
|-message|meowstiicc forfeited.
|
|win|Bandersnatch34
|raw|Bandersnatch34's rating: 1210 &rarr; <strong>1237</strong><br />(+27 for winning)
|raw|meowstiicc's rating: 1231 &rarr; <strong>1204</strong><br />(-27 for losing)
|l|☆meowstiicc
|player|p2|
