|j|☆Danxsh17
|j|☆Mky27
|t:|1759051500
|gametype|singles
|player|p1|Danxsh17|blue|1628
|player|p2|Mky27|ltsurge|1633
|gen|9
|tier|[Gen 9] OU
|rated|
|rule|HP Percentage Mod: HP is shown in percentages
|rule|Endless Battle Clause: Forcing endless battles is banned
|rule|Species Clause: Limit one of each Pokémon
|rule|OHKO Clause: OHKO moves are banned
|rule|Evasion Items Clause: Evasion items are banned
|rule|Evasion Moves Clause: Evasion moves are banned
|rule|Evasion Abilities Clause: Evasion abilities are banned
|rule|Sleep Moves Clause: Sleep-inducing moves are banned
|clearpoke
|poke|p1|Glimmora, M|
|poke|p1|Ogerpon-Wellspring, F|
|poke|p1|Dragapult, M|
|poke|p1|Kingambit, M|
|poke|p1|Landorus-Therian, M|
|poke|p1|Greninja-*, M|
|poke|p2|Walking Wake|
|poke|p2|Great Tusk|
|poke|p2|Torkoal, F|
|poke|p2|Indeedee, M|
|poke|p2|Exeggutor, M|
|poke|p2|Kingambit, M|
|teampreview
|inactive|Battle timer is ON: inactive players will automatically lose when time's up. (requested by Danxsh17)
|inactive|Mky27 also wants the timer to be on.
|
|t:|1759051511
|teamsize|p1|6
|teamsize|p2|6
|start
|switch|p1a: Glimmora|Glimmora, M|100/100
|switch|p2a: Indimacho|Indeedee, M|100/100
|-fieldstart|move: Psychic Terrain|[from] ability: Psychic Surge|[of] p2a: Indimacho
|turn|1
|j| bigbenjen
|
|t:|1759051529
|switch|p1a: Kingambit|Kingambit, M|100/100
|move|p2a: Indimacho|Expanding Force|p1a: Kingambit
|-immune|p1a: Kingambit
|
|upkeep
|turn|2
|
|t:|1759051540
|switch|p2a: Paleomut|Great Tusk, shiny|100/100
|-end|p1a: Kingambit|fallenundefined|[silent]
|switch|p1a: Dragapult|Dragapult, M|100/100
|
|upkeep
|turn|3
|
|t:|1759051547
|-end|p2a: Paleomut|Protosynthesis|[silent]
|switch|p2a: Kingsharp|Kingambit, M|100/100
|move|p1a: Dragapult|Draco Meteor|p2a: Kingsharp
|-resisted|p2a: Kingsharp
|-damage|p2a: Kingsharp|81/100
|-unboost|p1a: Dragapult|spa|2
|
|upkeep
|turn|4
|l| bigbenjen
|
|t:|1759051571
|switch|p1a: Landorus|Landorus-Therian, M|100/100
|-ability|p1a: Landorus|Intimidate|boost
|-unboost|p2a: Kingsharp|atk|1
|-ability|p2a: Kingsharp|Defiant|boost
|-boost|p2a: Kingsharp|atk|2
|move|p2a: Kingsharp|Zen Headbutt|p1a: Landorus
|-damage|p1a: Landorus|50/100
|-damage|p2a: Kingsharp|64/100|[from] item: Rocky Helmet|[of] p1a: Landorus
|
|upkeep
|turn|5
|c|☆Danxsh17|wow
|
|t:|1759051590
|switch|p2a: Paleomut|Great Tusk, shiny|100/100
|move|p1a: Landorus|Earthquake|p2a: Paleomut
|-damage|p2a: Paleomut|73/100
|
|-heal|p2a: Paleomut|79/100|[from] item: Leftovers
|-fieldend|move: Psychic Terrain
|upkeep
|turn|6
|
|t:|1759051600
|move|p1a: Landorus|Stealth Rock|p2a: Paleomut
|-sidestart|p2: Mky27|move: Stealth Rock
|move|p2a: Paleomut|Ice Spinner|p1a: Landorus
|-supereffective|p1a: Landorus
|-damage|p1a: Landorus|0 fnt
|-damage|p2a: Paleomut|62/100|[from] item: Rocky Helmet|[of] p1a: Landorus
|faint|p1a: Landorus
|
|-heal|p2a: Paleomut|69/100|[from] item: Leftovers
|upkeep
|
|t:|1759051604
|switch|p1a: Dragapult|Dragapult, M|100/100
|turn|7
|inactive|Mky27 has 120 seconds left.
|
|t:|1759051630
|-end|p2a: Paleomut|Protosynthesis|[silent]
|switch|p2a: Trollkoal|Torkoal, F, shiny|100/100
|-damage|p2a: Trollkoal|76/100|[from] Stealth Rock
|-weather|SunnyDay|[from] ability: Drought|[of] p2a: Trollkoal
|move|p1a: Dragapult|Draco Meteor|p2a: Trollkoal
|-damage|p2a: Trollkoal|0 fnt
|-unboost|p1a: Dragapult|spa|2
|faint|p2a: Trollkoal
|
|-weather|SunnyDay|[upkeep]
|upkeep
|inactive|Mky27 has 120 seconds left.
|
|t:|1759051647
|switch|p2a: Indimacho|Indeedee, M|100/100
|-damage|p2a: Indimacho|88/100|[from] Stealth Rock
|-fieldstart|move: Psychic Terrain|[from] ability: Psychic Surge|[of] p2a: Indimacho
|turn|8
|
|t:|1759051653
|switch|p2a: PaleoRaptor|Walking Wake|100/100
|-damage|p2a: PaleoRaptor|88/100|[from] Stealth Rock
|-activate|p2a: PaleoRaptor|ability: Protosynthesis
|-start|p2a: PaleoRaptor|protosynthesisspe
|switch|p1a: Kingambit|Kingambit, M|100/100
|-activate|p1a: Kingambit|ability: Supreme Overlord
|-start|p1a: Kingambit|fallen1|[silent]
|
|-weather|SunnyDay|[upkeep]
|upkeep
|turn|9
|inactive|Mky27 has 120 seconds left.
|
|t:|1759051665
|-end|p1a: Kingambit|fallen1|[silent]
|switch|p1a: Ogerpon|Ogerpon-Wellspring, F|100/100
|move|p2a: PaleoRaptor|Flamethrower|p1a: Ogerpon
|-damage|p1a: Ogerpon|50/100
|-status|p1a: Ogerpon|brn
|
|-weather|SunnyDay|[upkeep]
|-damage|p1a: Ogerpon|44/100 brn|[from] brn
|upkeep
|turn|10
|inactive|Mky27 has 120 seconds left.
|
|t:|1759051674
|switch|p1a: Glimmora|Glimmora, M|100/100
|move|p2a: PaleoRaptor|Flamethrower|p1a: Glimmora
|-resisted|p1a: Glimmora
|-damage|p1a: Glimmora|68/100
|
|-weather|SunnyDay|[upkeep]
|upkeep
|turn|11
|
|t:|1759051683
|move|p2a: PaleoRaptor|Hydro Steam|p1a: Glimmora
|-supereffective|p1a: Glimmora
|-damage|p1a: Glimmora|0 fnt
|faint|p1a: Glimmora
|
|-weather|SunnyDay|[upkeep]
|upkeep
|
|t:|1759051691
|switch|p1a: Greninja|Greninja, M|100/100
|turn|12
|
|t:|1759051695
|switch|p1a: Kingambit|Kingambit, M|100/100
|-activate|p1a: Kingambit|ability: Supreme Overlord
|-start|p1a: Kingambit|fallen2|[silent]
|move|p2a: PaleoRaptor|Draco Meteor|p1a: Kingambit
|-resisted|p1a: Kingambit
|-damage|p1a: Kingambit|71/100
|-unboost|p2a: PaleoRaptor|spa|2
|
|-weather|SunnyDay|[upkeep]
|-heal|p1a: Kingambit|77/100|[from] item: Leftovers
|-fieldend|move: Psychic Terrain
|upkeep
|turn|13
|
|t:|1759051708
|-end|p2a: PaleoRaptor|Protosynthesis|[silent]
|switch|p2a: Paleomut|Great Tusk, shiny|69/100
|-damage|p2a: Paleomut|66/100|[from] Stealth Rock
|-activate|p2a: Paleomut|ability: Protosynthesis
|-start|p2a: Paleomut|protosynthesisspe
|-end|p1a: Kingambit|fallen2|[silent]
|switch|p1a: Ogerpon|Ogerpon-Wellspring, F|44/100 brn
|
|-weather|SunnyDay|[upkeep]
|-heal|p2a: Paleomut|72/100|[from] item: Leftovers
|-damage|p1a: Ogerpon|38/100 brn|[from] brn
|upkeep
|turn|14
|
|t:|1759051720
|move|p2a: Paleomut|Rapid Spin|p1a: Ogerpon
|-damage|p1a: Ogerpon|19/100 brn
|-boost|p2a: Paleomut|spe|1
|-sideend|p2: Mky27|Stealth Rock|[from] move: Rapid Spin|[of] p2a: Paleomut
|move|p1a: Ogerpon|Horn Leech|p2a: Paleomut
|-supereffective|p2a: Paleomut
|-damage|p2a: Paleomut|42/100
|-heal|p1a: Ogerpon|40/100 brn|[from] drain|[of] p2a: Paleomut
|
|-weather|none
|-end|p2a: Paleomut|Protosynthesis
|-heal|p2a: Paleomut|49/100|[from] item: Leftovers
|-damage|p1a: Ogerpon|34/100 brn|[from] brn
|upkeep
|turn|15
|
|t:|1759051741
|move|p2a: Paleomut|Bulk Up|p2a: Paleomut
|-boost|p2a: Paleomut|atk|1
|-boost|p2a: Paleomut|def|1
|move|p1a: Ogerpon|Horn Leech|p2a: Paleomut
|-supereffective|p2a: Paleomut
|-damage|p2a: Paleomut|29/100
|-heal|p1a: Ogerpon|48/100 brn|[from] drain|[of] p2a: Paleomut
|
|-heal|p2a: Paleomut|35/100|[from] item: Leftovers
|-damage|p1a: Ogerpon|42/100 brn|[from] brn
|upkeep
|turn|16
|
|t:|1759051753
|move|p2a: Paleomut|Rapid Spin|p1a: Ogerpon
|-damage|p1a: Ogerpon|11/100 brn
|-boost|p2a: Paleomut|spe|1
|move|p1a: Ogerpon|Taunt|p2a: Paleomut
|-start|p2a: Paleomut|move: Taunt
|
|-heal|p2a: Paleomut|42/100|[from] item: Leftovers
|-damage|p1a: Ogerpon|5/100 brn|[from] brn
|upkeep
|turn|17
|
|t:|1759051771
|move|p2a: Paleomut|Ice Spinner|p1a: Ogerpon
|-damage|p1a: Ogerpon|0 fnt
|faint|p1a: Ogerpon
|
|-heal|p2a: Paleomut|48/100|[from] item: Leftovers
|upkeep
|
|t:|1759051774
|switch|p1a: Greninja|Greninja, M|100/100
|turn|18
|
|t:|1759051785
|move|p1a: Greninja|Water Shuriken|p2a: Paleomut
|-supereffective|p2a: Paleomut
|-damage|p2a: Paleomut|24/100
|-supereffective|p2a: Paleomut
|-damage|p2a: Paleomut|2/100
|-supereffective|p2a: Paleomut
|-crit|p2a: Paleomut
|-damage|p2a: Paleomut|0 fnt
|faint|p2a: Paleomut
|-end|p2a: Paleomut|Protosynthesis|[silent]
|-ability|p1a: Greninja|Battle Bond|boost
|-boost|p1a: Greninja|atk|1
|-boost|p1a: Greninja|spa|1
|-boost|p1a: Greninja|spe|1
|-activate|p1a: Greninja|ability: Battle Bond
|-hitcount|p2: Paleomut|3
|
|upkeep
|
|t:|1759051799
|switch|p2a: Kingsharp|Kingambit, M|64/100
|turn|19
|
|t:|1759051804
|move|p1a: Greninja|Hydro Pump|p2a: Kingsharp
|-damage|p2a: Kingsharp|23/100
|move|p2a: Kingsharp|Brick Break|p1a: Greninja
|-supereffective|p1a: Greninja
|-damage|p1a: Greninja|20/100
|
|upkeep
|turn|20
|inactive|Mky27 has 120 seconds left.
|
|t:|1759051836
|move|p1a: Greninja|Water Shuriken|p2a: Kingsharp
|-damage|p2a: Kingsharp|17/100
|-damage|p2a: Kingsharp|11/100
|-damage|p2a: Kingsharp|6/100
|-damage|p2a: Kingsharp|0 fnt
|faint|p2a: Kingsharp
|-hitcount|p2: Kingsharp|4
|
|upkeep
|
|t:|1759051850
|switch|p2a: Indimacho|Indeedee, M|88/100
|-fieldstart|move: Psychic Terrain|[from] ability: Psychic Surge|[of] p2a: Indimacho
|turn|21
|
|t:|1759051863
|switch|p2a: PaleoRaptor|Walking Wake|88/100
|move|p1a: Greninja|Dark Pulse|p2a: PaleoRaptor
|-damage|p2a: PaleoRaptor|28/100
|
|upkeep
|turn|22
|c|☆Danxsh17|gg
|
|t:|1759051871
|move|p1a: Greninja|Dark Pulse|p2a: PaleoRaptor
|-damage|p2a: PaleoRaptor|0 fnt
|faint|p2a: PaleoRaptor
|-end|p2a: PaleoRaptor|Protosynthesis|[silent]
|
|upkeep
|
|t:|1759051876
|switch|p2a: Exxegcutor|Exeggutor, M, shiny|100/100
|turn|23
|
|t:|1759051880
|move|p2a: Exxegcutor|Endure|p2a: Exxegcutor
|-singleturn|p2a: Exxegcutor|move: Endure
|move|p1a: Greninja|Ice Beam|p2a: Exxegcutor
|-supereffective|p2a: Exxegcutor
|-activate|p2a: Exxegcutor|move: Endure
|-damage|p2a: Exxegcutor|1/100
|
|upkeep
|turn|24
|-enditem|p2a: Exxegcutor|Custap Berry|[eat]
|-activate|p2a: Exxegcutor|item: Custap Berry|[consumed]
|
|t:|1759051892
|switch|p1a: Kingambit|Kingambit, M|77/100
|-activate|p1a: Kingambit|ability: Supreme Overlord
|-start|p1a: Kingambit|fallen3|[silent]
|move|p2a: Exxegcutor|Energy Ball|p1a: Kingambit
|-resisted|p1a: Kingambit
|-damage|p1a: Kingambit|52/100
|
|-heal|p1a: Kingambit|58/100|[from] item: Leftovers
|upkeep
|turn|25
|
|t:|1759051905
|-terastallize|p2a: Exxegcutor|Fire
|move|p2a: Exxegcutor|Tera Blast|p1a: Kingambit|[anim] Tera Blast Fire
|-supereffective|p1a: Kingambit
|-damage|p1a: Kingambit|0 fnt
|faint|p1a: Kingambit
|-end|p1a: Kingambit|fallen3|[silent]
|
|-fieldend|move: Psychic Terrain
|-item|p2a: Exxegcutor|Custap Berry|[from] ability: Harvest
|upkeep
|
|t:|1759051909
|switch|p1a: Dragapult|Dragapult, M|100/100
|turn|26
|
|t:|1759051917
|switch|p2a: Indimacho|Indeedee, M|88/100
|-fieldstart|move: Psychic Terrain|[from] ability: Psychic Surge|[of] p2a: Indimacho
|move|p1a: Dragapult|U-turn|p2a: Indimacho
|-supereffective|p2a: Indimacho
|-damage|p2a: Indimacho|21/100
|
|t:|1759051919
|switch|p1a: Greninja|Greninja, M|20/100|[from] U-turn
|
|upkeep
|turn|27
|
|t:|1759051927
|move|p2a: Indimacho|Dazzling Gleam|p1a: Greninja
|-supereffective|p1a: Greninja
|-damage|p1a: Greninja|0 fnt
|faint|p1a: Greninja
|
|upkeep
|
|t:|1759051931
|switch|p1a: Dragapult|Dragapult, M|100/100
|turn|28
|
|t:|1759051937
|move|p2a: Indimacho|Dazzling Gleam|p1a: Dragapult
|-supereffective|p1a: Dragapult
|-damage|p1a: Dragapult|28/100
|move|p1a: Dragapult|U-turn|p2a: Indimacho
|-supereffective|p2a: Indimacho
|-damage|p2a: Indimacho|0 fnt
|faint|p2a: Indimacho
|
|upkeep
|
|t:|1759051945
|switch|p2a: Exxegcutor|Exeggutor, M, shiny, tera:Fire|1/100
|turn|29
|c|☆Danxsh17|rip me
|-enditem|p2a: Exxegcutor|Custap Berry|[eat]
|-activate|p2a: Exxegcutor|item: Custap Berry|[consumed]
|
|t:|1759051951
|move|p2a: Exxegcutor|Expanding Force|p1a: Dragapult
|-damage|p1a: Dragapult|0 fnt
|faint|p1a: Dragapult
|
|win|Mky27
|raw|Danxsh17's rating: 1628 &rarr; <strong>1608</strong><br />(-20 for losing)
|raw|Mky27's rating: 1633 &rarr; <strong>1653</strong><br />(+20 for winning)
|l|☆Danxsh17
|player|p1|
