|badge|p2|bronze|gen9ou|100-6
|html|<div class="broadcast-red"><strong>This battle is required to be public due to one or more player having a season medal.</strong><br />During the public phase, you can discuss the state of the ladder <a href="/seasondiscussion">in a special chatroom.</a></div>
|uhtml|medal-msg|<div class="broadcast-blue">Curious what those medals under the avatar are? PS now has Ladder Seasons! For more information, check out the <a href="https://www.smogon.com/forums/threads/3740067/">thread on Smogon.</a></div>
|raw|<div class="broadcast-blue"><strong>This battle is required to be public due to a player having a name starting with 'medal'.</div>
|j|☆light ladd v3
|j|☆chusei20
|t:|1759072043
|gametype|singles
|player|p1|light ladd v3|blue-gen7|1711
|player|p2|chusei20|265|1908
|gen|9
|tier|[Gen 9] OU
|rated|
|rule|HP Percentage Mod: HP is shown in percentages
|rule|Endless Battle Clause: Forcing endless battles is banned
|rule|Species Clause: Limit one of each Pokémon
|rule|OHKO Clause: OHKO moves are banned
|rule|Evasion Items Clause: Evasion items are banned
|rule|Evasion Moves Clause: Evasion moves are banned
|rule|Evasion Abilities Clause: Evasion abilities are banned
|rule|Sleep Moves Clause: Sleep-inducing moves are banned
|clearpoke
|poke|p1|Darkrai|
|poke|p1|Hydrapple, F|
|poke|p1|Great Tusk|
|poke|p1|Primarina, M|
|poke|p1|Iron Crown|
|poke|p1|Moltres|
|poke|p2|Kyurem|
|poke|p2|Ting-Lu|
|poke|p2|Iron Valiant|
|poke|p2|Glimmora, F|
|poke|p2|Moltres|
|poke|p2|Raging Bolt|
|teampreview
|inactive|Battle timer is ON: inactive players will automatically lose when time's up. (requested by light ladd v3)
|
|t:|1759072074
|teamsize|p1|6
|teamsize|p2|6
|start
|switch|p1a: Iron Crown|Iron Crown|100/100
|switch|p2a: Iron Valiant|Iron Valiant|100/100
|-enditem|p2a: Iron Valiant|Booster Energy
|-activate|p2a: Iron Valiant|ability: Quark Drive|[fromitem]
|-start|p2a: Iron Valiant|quarkdrivespe
|turn|1
|
|t:|1759072077
|move|p2a: Iron Valiant|Knock Off|p1a: Iron Crown
|-supereffective|p1a: Iron Crown
|-damage|p1a: Iron Crown|34/100
|-enditem|p1a: Iron Crown|Choice Specs|[from] move: Knock Off|[of] p2a: Iron Valiant
|move|p1a: Iron Crown|Tachyon Cutter|p2a: Iron Valiant
|-supereffective|p2a: Iron Valiant
|-damage|p2a: Iron Valiant|0 fnt
|faint|p2a: Iron Valiant
|-end|p2a: Iron Valiant|Quark Drive|[silent]
|-hitcount|p2: Iron Valiant|1
|
|upkeep
|
|t:|1759072079
|switch|p2a: Moltres|Moltres|100/100
|turn|2
|
|t:|1759072082
|move|p1a: Iron Crown|Volt Switch|p2a: Moltres
|-supereffective|p2a: Moltres
|-damage|p2a: Moltres|52/100
|
|t:|1759072088
|-end|p1a: Iron Crown|Quark Drive|[silent]
|switch|p1a: Moltres|Moltres|100/100|[from] Volt Switch
|move|p2a: Moltres|U-turn|p1a: Moltres
|-resisted|p1a: Moltres
|-damage|p1a: Moltres|97/100
|
|t:|1759072090
|switch|p2a: Glimmora|Glimmora, F|100/100|[from] U-turn
|
|upkeep
|turn|3
|
|t:|1759072094
|switch|p1a: Iron Crown|Iron Crown|34/100
|move|p2a: Glimmora|Earth Power|p1a: Iron Crown
|-supereffective|p1a: Iron Crown
|-damage|p1a: Iron Crown|0 fnt
|faint|p1a: Iron Crown
|-end|p1a: Iron Crown|Quark Drive|[silent]
|
|upkeep
|j| jigenb
|
|t:|1759072108
|switch|p1a: Hydrapple|Hydrapple, F|100/100
|turn|4
|j| Nikator98
|l| Nikator98
|
|t:|1759072111
|move|p2a: Glimmora|Sludge Wave|p1a: Hydrapple
|-supereffective|p1a: Hydrapple
|-damage|p1a: Hydrapple|0 fnt
|faint|p1a: Hydrapple
|
|upkeep
|
|t:|1759072123
|switch|p1a: Darkrai|Darkrai|100/100
|turn|5
|
|t:|1759072126
|switch|p2a: Ting-Lu|Ting-Lu|100/100
|-ability|p2a: Ting-Lu|Vessel of Ruin
|move|p1a: Darkrai|Dark Pulse|p2a: Ting-Lu
|-resisted|p2a: Ting-Lu
|-damage|p2a: Ting-Lu|91/100
|
|-heal|p2a: Ting-Lu|98/100|[from] item: Leftovers
|upkeep
|turn|6
|
|t:|1759072132
|switch|p1a: Moltres|Moltres|97/100
|move|p2a: Ting-Lu|Earthquake|p1a: Moltres
|-immune|p1a: Moltres
|
|-heal|p2a: Ting-Lu|100/100|[from] item: Leftovers
|upkeep
|turn|7
|
|t:|1759072139
|switch|p2a: Moltres|Moltres|52/100
|move|p1a: Moltres|U-turn|p2a: Moltres
|-resisted|p2a: Moltres
|-damage|p2a: Moltres|49/100
|
|t:|1759072142
|switch|p1a: Primarina|Primarina, M|100/100|[from] U-turn
|
|upkeep
|turn|8
|
|t:|1759072144
|move|p2a: Moltres|U-turn|p1a: Primarina
|-resisted|p1a: Primarina
|-crit|p1a: Primarina
|-damage|p1a: Primarina|87/100
|
|t:|1759072149
|switch|p2a: Glimmora|Glimmora, F|100/100|[from] U-turn
|move|p1a: Primarina|Surf|p2a: Glimmora
|-supereffective|p2a: Glimmora
|-enditem|p2a: Glimmora|Focus Sash
|-damage|p2a: Glimmora|1/100
|
|upkeep
|turn|9
|
|t:|1759072155
|switch|p1a: Darkrai|Darkrai|100/100
|move|p2a: Glimmora|Sludge Wave|p1a: Darkrai
|-damage|p1a: Darkrai|34/100
|
|-heal|p1a: Darkrai|40/100|[from] item: Leftovers
|upkeep
|turn|10
|
|t:|1759072159
|switch|p2a: Ting-Lu|Ting-Lu|100/100
|-ability|p2a: Ting-Lu|Vessel of Ruin
|move|p1a: Darkrai|Ice Beam|p2a: Ting-Lu
|-supereffective|p2a: Ting-Lu
|-damage|p2a: Ting-Lu|72/100
|
|-heal|p1a: Darkrai|46/100|[from] item: Leftovers
|-heal|p2a: Ting-Lu|78/100|[from] item: Leftovers
|upkeep
|turn|11
|j| FaronAan
|inactive|light ladd v3 has 120 seconds left.
|
|t:|1759072210
|switch|p1a: Great Tusk|Great Tusk|100/100
|move|p2a: Ting-Lu|Stealth Rock|p1a: Great Tusk
|-sidestart|p1: light ladd v3|move: Stealth Rock
|
|-heal|p2a: Ting-Lu|84/100|[from] item: Leftovers
|upkeep
|turn|12
|
|t:|1759072213
|switch|p2a: Moltres|Moltres|49/100
|move|p1a: Great Tusk|Stealth Rock|p2a: Moltres
|-sidestart|p2: chusei20|move: Stealth Rock
|
|upkeep
|turn|13
|
|t:|1759072216
|move|p1a: Great Tusk|Knock Off|p2a: Moltres
|-damage|p2a: Moltres|25/100
|-enditem|p2a: Moltres|Heavy-Duty Boots|[from] move: Knock Off|[of] p1a: Great Tusk
|move|p2a: Moltres|Flamethrower|p1a: Great Tusk
|-damage|p1a: Great Tusk|41/100
|
|upkeep
|turn|14
|
|t:|1759072223
|-end|p1a: Great Tusk|Protosynthesis|[silent]
|switch|p1a: Moltres|Moltres|97/100
|move|p2a: Moltres|Flamethrower|p1a: Moltres
|-resisted|p1a: Moltres
|-damage|p1a: Moltres|82/100
|
|upkeep
|turn|15
|
|t:|1759072228
|move|p1a: Moltres|U-turn|p2a: Moltres
|-resisted|p2a: Moltres
|-damage|p2a: Moltres|23/100
|
|t:|1759072232
|switch|p1a: Primarina|Primarina, M|87/100|[from] U-turn
|-damage|p1a: Primarina|74/100|[from] Stealth Rock
|move|p2a: Moltres|Roar|p1a: Primarina
|drag|p1a: Great Tusk|Great Tusk|41/100
|
|upkeep
|turn|16
|
|t:|1759072238
|-end|p1a: Great Tusk|Protosynthesis|[silent]
|switch|p1a: Moltres|Moltres|82/100
|move|p2a: Moltres|Roost|p2a: Moltres
|-heal|p2a: Moltres|73/100
|-singleturn|p2a: Moltres|move: Roost
|
|upkeep
|turn|17
|
|t:|1759072243
|move|p1a: Moltres|Tailwind|p1a: Moltres
|-sidestart|p1: light ladd v3|move: Tailwind
|move|p2a: Moltres|Flamethrower|p1a: Moltres
|-resisted|p1a: Moltres
|-damage|p1a: Moltres|68/100
|
|upkeep
|turn|18
|
|t:|1759072246
|move|p1a: Moltres|Flamethrower|p2a: Moltres
|-resisted|p2a: Moltres
|-damage|p2a: Moltres|53/100
|move|p2a: Moltres|Roar|p1a: Moltres
|drag|p1a: Great Tusk|Great Tusk|41/100
|
|upkeep
|turn|19
|
|t:|1759072250
|-end|p1a: Great Tusk|Protosynthesis|[silent]
|switch|p1a: Primarina|Primarina, M|74/100
|-damage|p1a: Primarina|62/100|[from] Stealth Rock
|move|p2a: Moltres|Flamethrower|p1a: Primarina
|-resisted|p1a: Primarina
|-damage|p1a: Primarina|52/100
|
|upkeep
|turn|20
|
|t:|1759072253
|move|p1a: Primarina|Surf|p2a: Moltres
|-supereffective|p2a: Moltres
|-damage|p2a: Moltres|0 fnt
|faint|p2a: Moltres
|
|-sideend|p1: light ladd v3|move: Tailwind
|upkeep
|
|t:|1759072255
|switch|p2a: Kyurem|Kyurem|100/100
|-damage|p2a: Kyurem|76/100|[from] Stealth Rock
|-ability|p2a: Kyurem|Pressure
|turn|21
|inactive|light ladd v3 has 120 seconds left.
|
|t:|1759072286
|-terastallize|p1a: Primarina|Steel
|move|p2a: Kyurem|Freeze-Dry|p1a: Primarina
|-resisted|p1a: Primarina
|-damage|p1a: Primarina|41/100
|move|p1a: Primarina|Moonblast|p2a: Kyurem
|-supereffective|p2a: Kyurem
|-damage|p2a: Kyurem|0 fnt
|faint|p2a: Kyurem
|
|upkeep
|
|t:|1759072289
|switch|p2a: Ting-Lu|Ting-Lu|84/100
|-damage|p2a: Ting-Lu|78/100|[from] Stealth Rock
|-ability|p2a: Ting-Lu|Vessel of Ruin
|turn|22
|
|t:|1759072297
|switch|p1a: Moltres|Moltres|68/100
|move|p2a: Ting-Lu|Spikes|p1a: Moltres
|-sidestart|p1: light ladd v3|Spikes
|
|-heal|p2a: Ting-Lu|84/100|[from] item: Leftovers
|upkeep
|turn|23
|
|t:|1759072301
|move|p1a: Moltres|Flamethrower|p2a: Ting-Lu
|-damage|p2a: Ting-Lu|70/100
|move|p2a: Ting-Lu|Whirlwind|p1a: Moltres
|drag|p1a: Darkrai|Darkrai|46/100
|-damage|p1a: Darkrai|34/100|[from] Stealth Rock
|-damage|p1a: Darkrai|21/100|[from] Spikes
|
|-heal|p1a: Darkrai|28/100|[from] item: Leftovers
|-heal|p2a: Ting-Lu|76/100|[from] item: Leftovers
|upkeep
|turn|24
|
|t:|1759072307
|move|p1a: Darkrai|Ice Beam|p2a: Ting-Lu
|-supereffective|p2a: Ting-Lu
|-damage|p2a: Ting-Lu|47/100
|-status|p2a: Ting-Lu|frz
|cant|p2a: Ting-Lu|frz
|
|-heal|p1a: Darkrai|34/100|[from] item: Leftovers
|-heal|p2a: Ting-Lu|54/100 frz|[from] item: Leftovers
|upkeep
|turn|25
|
|t:|1759072311
|move|p1a: Darkrai|Nasty Plot|p1a: Darkrai
|-boost|p1a: Darkrai|spa|2
|cant|p2a: Ting-Lu|frz
|
|-heal|p1a: Darkrai|40/100|[from] item: Leftovers
|-heal|p2a: Ting-Lu|60/100 frz|[from] item: Leftovers
|upkeep
|turn|26
|
|t:|1759072313
|move|p1a: Darkrai|Ice Beam|p2a: Ting-Lu
|-supereffective|p2a: Ting-Lu
|-damage|p2a: Ting-Lu|7/100 frz
|cant|p2a: Ting-Lu|frz
|
|-heal|p1a: Darkrai|46/100|[from] item: Leftovers
|-heal|p2a: Ting-Lu|13/100 frz|[from] item: Leftovers
|upkeep
|turn|27
|
|t:|1759072331
|move|p1a: Darkrai|Nasty Plot|p1a: Darkrai
|-boost|p1a: Darkrai|spa|2
|cant|p2a: Ting-Lu|frz
|
|-heal|p1a: Darkrai|52/100|[from] item: Leftovers
|-heal|p2a: Ting-Lu|19/100 frz|[from] item: Leftovers
|upkeep
|turn|28
|
|t:|1759072334
|move|p1a: Darkrai|Ice Beam|p2a: Ting-Lu
|-supereffective|p2a: Ting-Lu
|-damage|p2a: Ting-Lu|0 fnt
|faint|p2a: Ting-Lu
|
|-heal|p1a: Darkrai|58/100|[from] item: Leftovers
|upkeep
|
|t:|1759072336
|switch|p2a: Raging Bolt|Raging Bolt|100/100
|-damage|p2a: Raging Bolt|88/100|[from] Stealth Rock
|-enditem|p2a: Raging Bolt|Booster Energy
|-activate|p2a: Raging Bolt|ability: Protosynthesis|[fromitem]
|-start|p2a: Raging Bolt|protosynthesisspa
|turn|29
|
|t:|1759072343
|move|p2a: Raging Bolt|Thunderclap|p1a: Darkrai
|-damage|p1a: Darkrai|0 fnt
|faint|p1a: Darkrai
|
|upkeep
|
|t:|1759072349
|switch|p1a: Great Tusk|Great Tusk|41/100
|turn|30
|
|t:|1759072352
|-terastallize|p2a: Raging Bolt|Flying
|move|p1a: Great Tusk|Headlong Rush|p2a: Raging Bolt
|-immune|p2a: Raging Bolt
|move|p2a: Raging Bolt|Dragon Pulse|p1a: Great Tusk
|-damage|p1a: Great Tusk|0 fnt
|faint|p1a: Great Tusk
|-end|p1a: Great Tusk|Protosynthesis|[silent]
|
|upkeep
|c|☆chusei20|gg
|
|t:|1759072356
|switch|p1a: Moltres|Moltres|68/100
|turn|31
|
|t:|1759072361
|move|p2a: Raging Bolt|Thunderbolt|p1a: Moltres
|-supereffective|p1a: Moltres
|-damage|p1a: Moltres|0 fnt
|faint|p1a: Moltres
|
|upkeep
|
|t:|1759072363
|switch|p1a: Primarina|Primarina, M, tera:Steel|41/100
|-damage|p1a: Primarina|34/100|[from] Stealth Rock
|-damage|p1a: Primarina|22/100|[from] Spikes
|turn|32
|
|t:|1759072366
|move|p2a: Raging Bolt|Thunderbolt|p1a: Primarina
|-damage|p1a: Primarina|0 fnt
|faint|p1a: Primarina
|
|win|chusei20
|raw|light ladd v3's rating: 1711 &rarr; <strong>1701</strong><br />(-10 for losing)
|raw|chusei20's rating: 1908 &rarr; <strong>1918</strong><br />(+10 for winning)
|l|☆light ladd v3
|player|p1|
|l| FaronAan
|l|☆chusei20
|player|p2|
|j| cryyysneasel
