|j|☆WonderGuardWill
|j|☆ingunar3
|t:|1758917125
|gametype|singles
|player|p1|WonderGuardWill|dancer|1365
|player|p2|ingunar3|266|1384
|gen|9
|tier|[Gen 9] OU
|rated|
|rule|HP Percentage Mod: HP is shown in percentages
|rule|Endless Battle Clause: Forcing endless battles is banned
|rule|Species Clause: Limit one of each Pokémon
|rule|OHKO Clause: OHKO moves are banned
|rule|Evasion Items Clause: Evasion items are banned
|rule|Evasion Moves Clause: Evasion moves are banned
|rule|Evasion Abilities Clause: Evasion abilities are banned
|rule|Sleep Moves Clause: Sleep-inducing moves are banned
|clearpoke
|poke|p1|Darkrai|
|poke|p1|Garganacl, M|
|poke|p1|Espeon, F|
|poke|p1|Clodsire, F|
|poke|p1|Heatran, F|
|poke|p1|Gholdengo|
|poke|p2|Pecharunt|
|poke|p2|Ogerpon-Wellspring, F|
|poke|p2|Dragapult, F|
|poke|p2|Garganacl, M|
|poke|p2|Slither Wing|
|poke|p2|Great Tusk|
|teampreview
|
|t:|1758917136
|teamsize|p1|6
|teamsize|p2|6
|start
|switch|p1a: Darkrai|Darkrai|100/100
|switch|p2a: Garganacl|Garganacl, M|100/100
|turn|1
|
|t:|1758917140
|move|p1a: Darkrai|Trick|p2a: Garganacl
|-activate|p1a: Darkrai|move: Trick|[of] p2a: Garganacl
|-item|p2a: Garganacl|Choice Scarf|[from] move: Trick
|-item|p1a: Darkrai|Leftovers|[from] move: Trick
|move|p2a: Garganacl|Salt Cure|p1a: Darkrai
|-damage|p1a: Darkrai|82/100
|-start|p1a: Darkrai|Salt Cure
|
|-heal|p1a: Darkrai|88/100|[from] item: Leftovers
|-damage|p1a: Darkrai|76/100|[from] Salt Cure
|upkeep
|turn|2
|
|t:|1758917151
|switch|p2a: Ogerpon|Ogerpon-Wellspring, F|100/100
|move|p1a: Darkrai|Nasty Plot|p1a: Darkrai
|-boost|p1a: Darkrai|spa|2
|
|-heal|p1a: Darkrai|82/100|[from] item: Leftovers
|-damage|p1a: Darkrai|69/100|[from] Salt Cure
|upkeep
|turn|3
|
|t:|1758917160
|move|p1a: Darkrai|Dark Pulse|p2a: Ogerpon
|-damage|p2a: Ogerpon|1/100
|move|p2a: Ogerpon|Ivy Cudgel|p1a: Darkrai|[anim] Ivy Cudgel Water
|-damage|p1a: Darkrai|0 fnt
|faint|p1a: Darkrai
|
|upkeep
|
|t:|1758917167
|switch|p1a: Gholdengo|Gholdengo|100/100
|turn|4
|
|t:|1758917173
|move|p1a: Gholdengo|Shadow Ball|p2a: Ogerpon
|-damage|p2a: Ogerpon|0 fnt
|faint|p2a: Ogerpon
|
|upkeep
|
|t:|1758917185
|switch|p2a: Garganacl|Garganacl, M|100/100
|turn|5
|
|t:|1758917189
|switch|p1a: Espeon|Espeon, F|100/100
|move|p2a: Garganacl|Salt Cure|p1a: Espeon
|-damage|p1a: Espeon|74/100
|-start|p1a: Espeon|Salt Cure
|
|-damage|p1a: Espeon|61/100|[from] Salt Cure
|upkeep
|turn|6
|
|t:|1758917197
|switch|p2a: Slither Wing|Slither Wing|100/100
|move|p1a: Espeon|Future Sight|p2a: Slither Wing
|-start|p1a: Espeon|move: Future Sight
|
|-damage|p1a: Espeon|49/100|[from] Salt Cure
|upkeep
|turn|7
|
|t:|1758917202
|switch|p1a: Garganacl|Garganacl, M|100/100
|move|p2a: Slither Wing|First Impression|p1a: Garganacl
|-damage|p1a: Garganacl|78/100
|
|-heal|p1a: Garganacl|84/100|[from] item: Leftovers
|upkeep
|turn|8
|
|t:|1758917216
|move|p1a: Garganacl|Protect|p1a: Garganacl
|-singleturn|p1a: Garganacl|Protect
|move|p2a: Slither Wing|U-turn|p1a: Garganacl
|-activate|p1a: Garganacl|move: Protect
|
|-end|p2a: Slither Wing|move: Future Sight
|-supereffective|p2a: Slither Wing
|-damage|p2a: Slither Wing|0 fnt
|faint|p2a: Slither Wing
|-end|p2a: Slither Wing|Protosynthesis|[silent]
|-heal|p1a: Garganacl|91/100|[from] item: Leftovers
|upkeep
|
|t:|1758917262
|switch|p2a: Great Tusk|Great Tusk|100/100
|turn|9
|
|t:|1758917267
|-terastallize|p1a: Garganacl|Flying
|move|p2a: Great Tusk|Knock Off|p1a: Garganacl
|-damage|p1a: Garganacl|76/100
|-enditem|p1a: Garganacl|Leftovers|[from] move: Knock Off|[of] p2a: Great Tusk
|move|p1a: Garganacl|Salt Cure|p2a: Great Tusk
|-resisted|p2a: Great Tusk
|-damage|p2a: Great Tusk|98/100
|-start|p2a: Great Tusk|Salt Cure
|
|-damage|p2a: Great Tusk|86/100|[from] Salt Cure
|upkeep
|turn|10
|
|t:|1758917278
|-end|p2a: Great Tusk|Protosynthesis|[silent]
|switch|p2a: Garganacl|Garganacl, M|100/100
|switch|p1a: Espeon|Espeon, F|49/100
|
|upkeep
|turn|11
|
|t:|1758917283
|move|p1a: Espeon|Future Sight|p2a: Garganacl
|-start|p1a: Espeon|move: Future Sight
|move|p2a: Garganacl|Salt Cure|p1a: Espeon
|-damage|p1a: Espeon|22/100
|-start|p1a: Espeon|Salt Cure
|
|-damage|p1a: Espeon|10/100|[from] Salt Cure
|upkeep
|turn|12
|
|t:|1758917294
|switch|p1a: Clodsire|Clodsire, F|100/100
|move|p2a: Garganacl|Salt Cure|p1a: Clodsire
|-resisted|p1a: Clodsire
|-damage|p1a: Clodsire|93/100
|-start|p1a: Clodsire|Salt Cure
|
|-heal|p1a: Clodsire|99/100|[from] item: Leftovers
|-damage|p1a: Clodsire|87/100|[from] Salt Cure
|upkeep
|turn|13
|
|t:|1758917309
|move|p2a: Garganacl|Salt Cure|p1a: Clodsire
|-resisted|p1a: Clodsire
|-damage|p1a: Clodsire|79/100
|move|p1a: Clodsire|Toxic|p2a: Garganacl
|-immune|p2a: Garganacl|[from] ability: Purifying Salt
|
|-end|p2a: Garganacl|move: Future Sight
|-damage|p2a: Garganacl|59/100
|-heal|p1a: Clodsire|85/100|[from] item: Leftovers
|-damage|p1a: Clodsire|73/100|[from] Salt Cure
|upkeep
|turn|14
|
|t:|1758917324
|switch|p2a: Great Tusk|Great Tusk|86/100
|move|p1a: Clodsire|Toxic Spikes|p2a: Great Tusk
|-sidestart|p2: ingunar3|move: Toxic Spikes
|
|-heal|p1a: Clodsire|79/100|[from] item: Leftovers
|-damage|p1a: Clodsire|67/100|[from] Salt Cure
|upkeep
|turn|15
|
|t:|1758917328
|switch|p1a: Garganacl|Garganacl, M, tera:Flying|76/100
|move|p2a: Great Tusk|Headlong Rush|p1a: Garganacl
|-immune|p1a: Garganacl
|
|upkeep
|turn|16
|
|t:|1758917342
|-end|p2a: Great Tusk|Protosynthesis|[silent]
|switch|p2a: Pecharunt|Pecharunt|100/100
|-sideend|p2: ingunar3|move: Toxic Spikes|[of] p2a: Pecharunt
|move|p1a: Garganacl|Salt Cure|p2a: Pecharunt
|-damage|p2a: Pecharunt|94/100
|-start|p2a: Pecharunt|Salt Cure
|
|-damage|p2a: Pecharunt|82/100|[from] Salt Cure
|upkeep
|turn|17
|
|t:|1758917346
|move|p1a: Garganacl|Protect|p1a: Garganacl
|-singleturn|p1a: Garganacl|Protect
|move|p2a: Pecharunt|Malignant Chain|p1a: Garganacl
|-activate|p1a: Garganacl|move: Protect
|
|-damage|p2a: Pecharunt|69/100|[from] Salt Cure
|upkeep
|turn|18
|
|t:|1758917351
|move|p2a: Pecharunt|Malignant Chain|p1a: Garganacl
|-crit|p1a: Garganacl
|-damage|p1a: Garganacl|32/100
|move|p1a: Garganacl|Salt Cure|p2a: Pecharunt
|-damage|p2a: Pecharunt|62/100
|
|-damage|p2a: Pecharunt|50/100|[from] Salt Cure
|upkeep
|turn|19
|
|t:|1758917359
|move|p2a: Pecharunt|Parting Shot|p1a: Garganacl
|-unboost|p1a: Garganacl|atk|1
|-unboost|p1a: Garganacl|spa|1
|
|t:|1758917363
|switch|p2a: Garganacl|Garganacl, M|59/100|[from] Parting Shot
|move|p1a: Garganacl|Recover|p1a: Garganacl
|-heal|p1a: Garganacl|82/100
|
|upkeep
|turn|20
|
|t:|1758917369
|switch|p1a: Clodsire|Clodsire, F|67/100
|move|p2a: Garganacl|Salt Cure|p1a: Clodsire
|-resisted|p1a: Clodsire
|-damage|p1a: Clodsire|58/100
|-start|p1a: Clodsire|Salt Cure
|
|-heal|p1a: Clodsire|65/100|[from] item: Leftovers
|-damage|p1a: Clodsire|52/100|[from] Salt Cure
|upkeep
|turn|21
|
|t:|1758917375
|switch|p2a: Great Tusk|Great Tusk|86/100
|move|p1a: Clodsire|Earthquake|p2a: Great Tusk
|-damage|p2a: Great Tusk|70/100
|
|-heal|p1a: Clodsire|58/100|[from] item: Leftovers
|-damage|p1a: Clodsire|46/100|[from] Salt Cure
|upkeep
|turn|22
|
|t:|1758917384
|switch|p1a: Espeon|Espeon, F|10/100
|move|p2a: Great Tusk|Headlong Rush|p1a: Espeon
|-damage|p1a: Espeon|0 fnt
|-unboost|p2a: Great Tusk|def|1
|-unboost|p2a: Great Tusk|spd|1
|faint|p1a: Espeon
|
|upkeep
|
|t:|1758917387
|switch|p1a: Gholdengo|Gholdengo|100/100
|turn|23
|
|t:|1758917392
|-end|p2a: Great Tusk|Protosynthesis|[silent]
|switch|p2a: Garganacl|Garganacl, M|59/100
|move|p1a: Gholdengo|Trick|p2a: Garganacl
|-activate|p1a: Gholdengo|move: Trick|[of] p2a: Garganacl
|-item|p2a: Garganacl|Choice Scarf|[from] move: Trick
|-item|p1a: Gholdengo|Choice Scarf|[from] move: Trick
|
|upkeep
|turn|24
|
|t:|1758917399
|move|p1a: Gholdengo|Make It Rain|p2a: Garganacl
|-supereffective|p2a: Garganacl
|-damage|p2a: Garganacl|0 fnt
|-unboost|p1a: Gholdengo|spa|1
|faint|p2a: Garganacl
|
|upkeep
|c|☆ingunar3|w8 thats how trick on a choice item works
|c|☆ingunar3|damn
|
|t:|1758917419
|switch|p2a: Great Tusk|Great Tusk|70/100
|turn|25
|
|t:|1758917422
|switch|p1a: Garganacl|Garganacl, M, tera:Flying|82/100
|move|p2a: Great Tusk|Headlong Rush|p1a: Garganacl
|-immune|p1a: Garganacl
|
|upkeep
|turn|26
|
|t:|1758917429
|move|p2a: Great Tusk|Knock Off|p1a: Garganacl
|-damage|p1a: Garganacl|73/100
|move|p1a: Garganacl|Salt Cure|p2a: Great Tusk
|-resisted|p2a: Great Tusk
|-damage|p2a: Great Tusk|68/100
|-start|p2a: Great Tusk|Salt Cure
|
|-damage|p2a: Great Tusk|55/100|[from] Salt Cure
|upkeep
|turn|27
|
|t:|1758917435
|move|p2a: Great Tusk|Ice Spinner|p1a: Garganacl
|-supereffective|p1a: Garganacl
|-damage|p1a: Garganacl|48/100
|move|p1a: Garganacl|Salt Cure|p2a: Great Tusk
|-resisted|p2a: Great Tusk
|-damage|p2a: Great Tusk|53/100
|
|-damage|p2a: Great Tusk|41/100|[from] Salt Cure
|upkeep
|turn|28
|
|t:|1758917441
|move|p2a: Great Tusk|Ice Spinner|p1a: Garganacl
|-supereffective|p1a: Garganacl
|-damage|p1a: Garganacl|25/100
|move|p1a: Garganacl|Recover|p1a: Garganacl
|-heal|p1a: Garganacl|75/100
|
|-damage|p2a: Great Tusk|28/100|[from] Salt Cure
|upkeep
|turn|29
|
|t:|1758917446
|-end|p2a: Great Tusk|Protosynthesis|[silent]
|switch|p2a: Dragapult|Dragapult, F|100/100
|move|p1a: Garganacl|Protect||[still]
|-fail|p1a: Garganacl
|
|upkeep
|turn|30
|
|t:|1758917452
|move|p1a: Garganacl|Protect|p1a: Garganacl
|-singleturn|p1a: Garganacl|Protect
|move|p2a: Dragapult|Dragon Darts|p1a: Garganacl
|-activate|p1a: Garganacl|move: Protect
|
|upkeep
|turn|31
|
|t:|1758917456
|move|p2a: Dragapult|Dragon Darts|p1a: Garganacl
|-damage|p1a: Garganacl|65/100
|-anim|p2a: Dragapult|Dragon Darts|p1a: Garganacl
|-damage|p1a: Garganacl|53/100
|move|p1a: Garganacl|Salt Cure|p2a: Dragapult
|-damage|p2a: Dragapult|80/100
|-start|p2a: Dragapult|Salt Cure
|
|-damage|p2a: Dragapult|67/100|[from] Salt Cure
|upkeep
|turn|32
|
|t:|1758917464
|move|p2a: Dragapult|U-turn|p1a: Garganacl
|-resisted|p1a: Garganacl
|-damage|p1a: Garganacl|48/100
|
|t:|1758917466
|switch|p2a: Great Tusk|Great Tusk|28/100|[from] U-turn
|move|p1a: Garganacl|Recover|p1a: Garganacl
|-heal|p1a: Garganacl|98/100
|
|upkeep
|turn|33
|
|t:|1758917474
|move|p2a: Great Tusk|Ice Spinner|p1a: Garganacl
|-supereffective|p1a: Garganacl
|-damage|p1a: Garganacl|75/100
|move|p1a: Garganacl|Salt Cure|p2a: Great Tusk
|-resisted|p2a: Great Tusk
|-damage|p2a: Great Tusk|26/100
|-start|p2a: Great Tusk|Salt Cure
|
|-damage|p2a: Great Tusk|14/100|[from] Salt Cure
|upkeep
|turn|34
|
|t:|1758917484
|-end|p2a: Great Tusk|Protosynthesis|[silent]
|switch|p2a: Pecharunt|Pecharunt|50/100
|move|p1a: Garganacl|Salt Cure|p2a: Pecharunt
|-damage|p2a: Pecharunt|43/100
|-start|p2a: Pecharunt|Salt Cure
|
|-damage|p2a: Pecharunt|31/100|[from] Salt Cure
|upkeep
|turn|35
|
|t:|1758917494
|switch|p1a: Gholdengo|Gholdengo|100/100
|move|p2a: Pecharunt|Recover|p2a: Pecharunt
|-heal|p2a: Pecharunt|81/100
|
|-damage|p2a: Pecharunt|68/100|[from] Salt Cure
|upkeep
|turn|36
|
|t:|1758917521
|-terastallize|p2a: Pecharunt|Dark
|move|p1a: Gholdengo|Shadow Ball|p2a: Pecharunt
|-resisted|p2a: Pecharunt
|-damage|p2a: Pecharunt|46/100
|-unboost|p2a: Pecharunt|spd|1
|move|p2a: Pecharunt|Parting Shot|p1a: Gholdengo
|-immune|p1a: Gholdengo|[from] ability: Good as Gold
|
|-damage|p2a: Pecharunt|34/100|[from] Salt Cure
|upkeep
|turn|37
|-message|ingunar3 forfeited.
|
|win|WonderGuardWill
|raw|WonderGuardWill's rating: 1365 &rarr; <strong>1386</strong><br />(+21 for winning)
|raw|ingunar3's rating: 1384 &rarr; <strong>1363</strong><br />(-21 for losing)
|l|☆ingunar3
|player|p2|
