|j|☆moldono
|j|☆AintDummy
|t:|1758969798
|gametype|singles
|player|p1|moldono|crasherwake|1147
|player|p2|AintDummy|1|1112
|gen|9
|tier|[Gen 9] OU
|rated|
|rule|HP Percentage Mod: HP is shown in percentages
|rule|Endless Battle Clause: Forcing endless battles is banned
|rule|Species Clause: Limit one of each Pokémon
|rule|OHKO Clause: OHKO moves are banned
|rule|Evasion Items Clause: Evasion items are banned
|rule|Evasion Moves Clause: Evasion moves are banned
|rule|Evasion Abilities Clause: Evasion abilities are banned
|rule|Sleep Moves Clause: Sleep-inducing moves are banned
|clearpoke
|poke|p1|Garganacl, M|
|poke|p1|Iron Valiant|
|poke|p1|Dragapult, M|
|poke|p1|Cinderace, M|
|poke|p1|Gholdengo|
|poke|p1|Landorus-Therian, M|
|poke|p2|Lucario, F|
|poke|p2|Darkrai|
|poke|p2|Kricketune, M|
|poke|p2|Mismagius, F|
|poke|p2|Garchomp, F|
|poke|p2|Heatran, M|
|teampreview
|inactive|Battle timer is ON: inactive players will automatically lose when time's up. (requested by moldono)
|
|t:|1758969808
|teamsize|p1|6
|teamsize|p2|6
|start
|switch|p1a: Garganacl|Garganacl, M|100/100
|switch|p2a: Mismagius|Mismagius, F|100/100
|turn|1
|
|t:|1758969818
|switch|p2a: Lucario|Lucario, F|100/100
|move|p1a: Garganacl|Curse|p1a: Garganacl
|-unboost|p1a: Garganacl|spe|1
|-boost|p1a: Garganacl|atk|1
|-boost|p1a: Garganacl|def|1
|
|upkeep
|turn|2
|
|t:|1758969827
|move|p2a: Lucario|Nasty Plot|p2a: Lucario
|-boost|p2a: Lucario|spa|2
|move|p1a: Garganacl|Salt Cure|p2a: Lucario
|-resisted|p2a: Lucario
|-damage|p2a: Lucario|93/100
|
|upkeep
|turn|3
|
|t:|1758969855
|switch|p1a: Iron Valiant|Iron Valiant|100/100
|-enditem|p1a: Iron Valiant|Booster Energy
|-activate|p1a: Iron Valiant|ability: Quark Drive|[fromitem]
|-start|p1a: Iron Valiant|quarkdrivespe
|move|p2a: Lucario|Flash Cannon|p1a: Iron Valiant
|-supereffective|p1a: Iron Valiant
|-crit|p1a: Iron Valiant
|-damage|p1a: Iron Valiant|0 fnt
|faint|p1a: Iron Valiant
|-end|p1a: Iron Valiant|Quark Drive|[silent]
|
|upkeep
|inactive|moldono has 120 seconds left.
|
|t:|1758969890
|switch|p1a: Cinderace|Cinderace, M|100/100
|turn|4
|
|t:|1758969901
|switch|p2a: Heatran|Heatran, M|100/100
|move|p1a: Cinderace|Pyro Ball|p2a: Heatran
|-start|p2a: Heatran|ability: Flash Fire
|
|upkeep
|turn|5
|
|t:|1758969912
|move|p2a: Heatran|Protect|p2a: Heatran
|-singleturn|p2a: Heatran|Protect
|move|p1a: Cinderace|U-turn|p2a: Heatran
|-start|p1a: Cinderace|typechange|Bug|[from] ability: Libero
|-activate|p2a: Heatran|move: Protect
|
|upkeep
|turn|6
|
|t:|1758969924
|move|p1a: Cinderace|U-turn|p2a: Heatran
|-resisted|p2a: Heatran
|-damage|p2a: Heatran|94/100
|
|t:|1758969929
|switch|p1a: Landorus|Landorus-Therian, M|100/100|[from] U-turn
|-ability|p1a: Landorus|Intimidate|boost
|-unboost|p2a: Heatran|atk|1
|move|p2a: Heatran|Magma Storm|p1a: Landorus|[miss]
|-miss|p2a: Heatran|p1a: Landorus
|
|-heal|p2a: Heatran|99/100|[from] item: Leftovers
|upkeep
|turn|7
|
|t:|1758969938
|-end|p2a: Heatran|ability: Flash Fire|[silent]
|switch|p2a: Mismagius|Mismagius, F|100/100
|move|p1a: Landorus|Earthquake|p2a: Mismagius
|-immune|p2a: Mismagius|[from] ability: Levitate
|
|upkeep
|turn|8
|inactive|moldono has 120 seconds left.
|
|t:|1758969952
|move|p2a: Mismagius|Will-O-Wisp|p1a: Landorus
|-status|p1a: Landorus|brn
|move|p1a: Landorus|Stealth Rock|p2a: Mismagius
|-sidestart|p2: AintDummy|move: Stealth Rock
|
|-damage|p1a: Landorus|94/100 brn|[from] brn
|upkeep
|turn|9
|inactive|moldono has 120 seconds left.
|
|t:|1758969962
|move|p2a: Mismagius|Hex|p1a: Landorus
|-damage|p1a: Landorus|46/100 brn
|move|p1a: Landorus|U-turn|p2a: Mismagius
|-resisted|p2a: Mismagius
|-damage|p2a: Mismagius|92/100
|inactive|moldono has 120 seconds left.
|
|t:|1758969971
|switch|p1a: Cinderace|Cinderace, M|100/100|[from] U-turn
|
|-heal|p2a: Mismagius|99/100|[from] item: Leftovers
|upkeep
|turn|10
|inactive|moldono has 120 seconds left.
|
|t:|1758969987
|switch|p2a: Heatran|Heatran, M|99/100
|-damage|p2a: Heatran|88/100|[from] Stealth Rock
|move|p1a: Cinderace|Sucker Punch||[still]
|-fail|p1a: Cinderace
|
|-heal|p2a: Heatran|94/100|[from] item: Leftovers
|upkeep
|turn|11
|inactive|moldono has 120 seconds left.
|
|t:|1758970000
|move|p1a: Cinderace|U-turn|p2a: Heatran
|-start|p1a: Cinderace|typechange|Bug|[from] ability: Libero
|-resisted|p2a: Heatran
|-damage|p2a: Heatran|87/100
|
|t:|1758970011
|switch|p1a: Garganacl|Garganacl, M|100/100|[from] U-turn
|move|p2a: Heatran|Magma Storm|p1a: Garganacl
|-resisted|p1a: Garganacl
|-damage|p1a: Garganacl|86/100
|-activate|p1a: Garganacl|move: Magma Storm|[of] p2a: Heatran
|
|-heal|p2a: Heatran|93/100|[from] item: Leftovers
|-heal|p1a: Garganacl|92/100|[from] item: Leftovers
|-damage|p1a: Garganacl|80/100|[from] move: Magma Storm|[partiallytrapped]
|upkeep
|turn|12
|
|t:|1758970017
|move|p2a: Heatran|Taunt|p1a: Garganacl
|-start|p1a: Garganacl|move: Taunt
|cant|p1a: Garganacl|move: Taunt|Curse
|
|-heal|p2a: Heatran|99/100|[from] item: Leftovers
|-heal|p1a: Garganacl|86/100|[from] item: Leftovers
|-damage|p1a: Garganacl|74/100|[from] move: Magma Storm|[partiallytrapped]
|upkeep
|turn|13
|inactive|moldono has 120 seconds left.
|
|t:|1758970027
|move|p2a: Heatran|Flash Cannon|p1a: Garganacl
|-supereffective|p1a: Garganacl
|-damage|p1a: Garganacl|25/100
|move|p1a: Garganacl|Earthquake|p2a: Heatran
|-supereffective|p2a: Heatran
|-damage|p2a: Heatran|27/100
|
|-heal|p2a: Heatran|33/100|[from] item: Leftovers
|-heal|p1a: Garganacl|32/100|[from] item: Leftovers
|-damage|p1a: Garganacl|19/100|[from] move: Magma Storm|[partiallytrapped]
|upkeep
|turn|14
|inactive|moldono has 120 seconds left.
|
|t:|1758970042
|-terastallize|p1a: Garganacl|Water
|move|p2a: Heatran|Protect|p2a: Heatran
|-singleturn|p2a: Heatran|Protect
|move|p1a: Garganacl|Salt Cure|p2a: Heatran
|-activate|p2a: Heatran|move: Protect
|
|-heal|p2a: Heatran|39/100|[from] item: Leftovers
|-heal|p1a: Garganacl|25/100|[from] item: Leftovers
|-damage|p1a: Garganacl|13/100|[from] move: Magma Storm|[partiallytrapped]
|-end|p1a: Garganacl|move: Taunt
|upkeep
|turn|15
|inactive|moldono has 120 seconds left.
|
|t:|1758970054
|move|p2a: Heatran|Flash Cannon|p1a: Garganacl
|-resisted|p1a: Garganacl
|-damage|p1a: Garganacl|2/100
|move|p1a: Garganacl|Salt Cure|p2a: Heatran
|-damage|p2a: Heatran|27/100
|-start|p2a: Heatran|Salt Cure
|
|-heal|p2a: Heatran|33/100|[from] item: Leftovers
|-heal|p1a: Garganacl|8/100|[from] item: Leftovers
|-damage|p2a: Heatran|9/100|[from] Salt Cure
|-end|p1a: Garganacl|Magma Storm|[partiallytrapped]
|upkeep
|turn|16
|inactive|moldono has 120 seconds left.
|
|t:|1758970064
|move|p2a: Heatran|Flash Cannon|p1a: Garganacl
|-resisted|p1a: Garganacl
|-damage|p1a: Garganacl|0 fnt
|faint|p1a: Garganacl
|
|-heal|p2a: Heatran|15/100|[from] item: Leftovers
|-damage|p2a: Heatran|0 fnt|[from] Salt Cure
|faint|p2a: Heatran
|upkeep
|
|t:|1758970094
|switch|p2a: Garchomp|Garchomp, F|100/100
|switch|p1a: Landorus|Landorus-Therian, M|46/100 brn
|-damage|p2a: Garchomp|94/100|[from] Stealth Rock
|-ability|p1a: Landorus|Intimidate|boost
|-unboost|p2a: Garchomp|atk|1
|turn|17
|inactive|moldono has 90 seconds left.
|
|t:|1758970119
|move|p2a: Garchomp|Stealth Rock|p1a: Landorus
|-sidestart|p1: moldono|move: Stealth Rock
|move|p1a: Landorus|Stone Edge|p2a: Garchomp
|-resisted|p2a: Garchomp
|-damage|p2a: Garchomp|87/100
|
|-damage|p1a: Landorus|40/100 brn|[from] brn
|upkeep
|turn|18
|
|t:|1758970126
|switch|p1a: Dragapult|Dragapult, M|100/100
|-damage|p1a: Dragapult|88/100|[from] Stealth Rock
|move|p2a: Garchomp|Spikes|p1a: Dragapult
|-sidestart|p1: moldono|Spikes
|
|upkeep
|turn|19
|inactive|moldono has 90 seconds left.
|
|t:|1758970133
|move|p1a: Dragapult|Draco Meteor|p2a: Garchomp
|-supereffective|p2a: Garchomp
|-damage|p2a: Garchomp|0 fnt
|-unboost|p1a: Dragapult|spa|2
|faint|p2a: Garchomp
|
|upkeep
|
|t:|1758970140
|switch|p2a: Kricketune|Kricketune, M|100/100
|-damage|p2a: Kricketune|76/100|[from] Stealth Rock
|turn|20
|inactive|moldono has 90 seconds left.
|
|t:|1758970161
|switch|p1a: Cinderace|Cinderace, M|100/100
|move|p2a: Kricketune|Sticky Web|p1a: Cinderace
|-sidestart|p1: moldono|move: Sticky Web
|
|upkeep
|turn|21
|inactive|moldono has 90 seconds left.
|
|t:|1758970169
|switch|p2a: Darkrai|Darkrai|100/100
|-damage|p2a: Darkrai|88/100|[from] Stealth Rock
|move|p1a: Cinderace|Court Change|p1a: Cinderace
|-start|p1a: Cinderace|typechange|Normal|[from] ability: Libero
|-swapsideconditions
|-activate|p1a: Cinderace|move: Court Change
|
|upkeep
|turn|22
|inactive|moldono has 90 seconds left.
|
|t:|1758970190
|-terastallize|p2a: Darkrai|Dark
|move|p2a: Darkrai|Dark Pulse|p1a: Cinderace
|-damage|p1a: Cinderace|0 fnt
|faint|p1a: Cinderace
|
|upkeep
|
|t:|1758970198
|switch|p1a: Gholdengo|Gholdengo|100/100
|-damage|p1a: Gholdengo|94/100|[from] Stealth Rock
|turn|23
|
|t:|1758970202
|move|p1a: Gholdengo|Focus Blast|p2a: Darkrai
|-supereffective|p2a: Darkrai
|-damage|p2a: Darkrai|0 fnt
|faint|p2a: Darkrai
|
|upkeep
|
|t:|1758970206
|switch|p2a: Mismagius|Mismagius, F|99/100
|-damage|p2a: Mismagius|86/100|[from] Stealth Rock
|turn|24
|inactive|moldono has 90 seconds left.
|
|t:|1758970222
|switch|p1a: Landorus|Landorus-Therian, M|40/100 brn
|-damage|p1a: Landorus|28/100 brn|[from] Stealth Rock
|-ability|p1a: Landorus|Intimidate|boost
|-unboost|p2a: Mismagius|atk|1
|move|p2a: Mismagius|Mystical Fire|p1a: Landorus
|-damage|p1a: Landorus|7/100 brn
|-unboost|p1a: Landorus|spa|1
|
|-heal|p2a: Mismagius|92/100|[from] item: Leftovers
|-damage|p1a: Landorus|1/100 brn|[from] brn
|upkeep
|turn|25
|inactive|moldono has 90 seconds left.
|
|t:|1758970236
|move|p2a: Mismagius|Mystical Fire|p1a: Landorus
|-damage|p1a: Landorus|0 fnt
|faint|p1a: Landorus
|
|-heal|p2a: Mismagius|99/100|[from] item: Leftovers
|upkeep
|inactive|moldono has 90 seconds left.
|
|t:|1758970247
|switch|p1a: Dragapult|Dragapult, M|88/100
|-damage|p1a: Dragapult|76/100|[from] Stealth Rock
|turn|26
|inactive|moldono has 90 seconds left.
|
|t:|1758970260
|move|p1a: Dragapult|Shadow Ball|p2a: Mismagius
|-supereffective|p2a: Mismagius
|-damage|p2a: Mismagius|0 fnt
|faint|p2a: Mismagius
|
|upkeep
|
|t:|1758970272
|switch|p2a: Lucario|Lucario, F|93/100
|-damage|p2a: Lucario|91/100|[from] Stealth Rock
|-damage|p2a: Lucario|78/100|[from] Spikes
|-activate|p2a: Lucario|move: Sticky Web
|-unboost|p2a: Lucario|spe|1
|turn|27
|inactive|moldono has 90 seconds left.
|
|t:|1758970302
|move|p1a: Dragapult|Shadow Ball|p2a: Lucario
|-damage|p2a: Lucario|0 fnt
|faint|p2a: Lucario
|
|upkeep
|
|t:|1758970305
|switch|p2a: Kricketune|Kricketune, M|76/100
|-damage|p2a: Kricketune|51/100|[from] Stealth Rock
|-damage|p2a: Kricketune|38/100|[from] Spikes
|-activate|p2a: Kricketune|move: Sticky Web
|-unboost|p2a: Kricketune|spe|1
|turn|28
|inactive|moldono has 90 seconds left.
|
|t:|1758970312
|move|p1a: Dragapult|Shadow Ball|p2a: Kricketune
|-damage|p2a: Kricketune|0 fnt
|faint|p2a: Kricketune
|
|win|moldono
|raw|moldono's rating: 1147 &rarr; <strong>1169</strong><br />(+22 for winning)
|raw|AintDummy's rating: 1112 &rarr; <strong>1090</strong><br />(-22 for losing)
|l|☆moldono
|player|p1|
|l|☆AintDummy
|player|p2|
