|j|☆G-lolo-69
|j|☆baicaott
|t:|1759076868
|gametype|singles
|player|p1|G-lolo-69|swimmerf-gen4|1181
|player|p2|baicaott|steven|1128
|gen|9
|tier|[Gen 9] OU
|rated|
|rule|HP Percentage Mod: HP is shown in percentages
|rule|Endless Battle Clause: Forcing endless battles is banned
|rule|Species Clause: Limit one of each Pokémon
|rule|OHKO Clause: OHKO moves are banned
|rule|Evasion Items Clause: Evasion items are banned
|rule|Evasion Moves Clause: Evasion moves are banned
|rule|Evasion Abilities Clause: Evasion abilities are banned
|rule|Sleep Moves Clause: Sleep-inducing moves are banned
|clearpoke
|poke|p1|Pelipper, M|
|poke|p1|Zapdos|
|poke|p1|Basculegion-F, F|
|poke|p1|Overqwil, M|
|poke|p1|Kingambit, F|
|poke|p1|Landorus-Therian, M|
|poke|p2|Gholdengo|
|poke|p2|Conkeldurr, F|
|poke|p2|Zamazenta-*|
|poke|p2|Mew|
|poke|p2|Zoroark-Hisui, F|
|poke|p2|Dragonite, F|
|teampreview
|
|t:|1759076876
|teamsize|p1|6
|teamsize|p2|6
|start
|switch|p1a: Pelipper|Pelipper, M|100/100
|switch|p2a: 我偷盗了100入🤓|Gholdengo|100/100
|-weather|RainDance|[from] ability: Drizzle|[of] p1a: Pelipper
|turn|1
|
|t:|1759076888
|move|p2a: 我偷盗了100入🤓|Nasty Plot|p2a: 我偷盗了100入🤓
|-boost|p2a: 我偷盗了100入🤓|spa|2
|move|p1a: Pelipper|Hurricane|p2a: 我偷盗了100入🤓
|-resisted|p2a: 我偷盗了100入🤓
|-damage|p2a: 我偷盗了100入🤓|79/100
|
|-weather|RainDance|[upkeep]
|upkeep
|turn|2
|
|t:|1759076897
|move|p2a: 我偷盗了100入🤓|Shadow Ball|p1a: Pelipper
|-damage|p1a: Pelipper|0 fnt
|faint|p1a: Pelipper
|
|-weather|RainDance|[upkeep]
|upkeep
|
|t:|1759076904
|switch|p1a: Basculegion|Basculegion-F, F|100/100
|turn|3
|
|t:|1759076914
|-terastallize|p2a: 我偷盗了100入🤓|Steel
|move|p1a: Basculegion|Shadow Ball|p2a: 我偷盗了100入🤓
|-damage|p2a: 我偷盗了100入🤓|11/100
|move|p2a: 我偷盗了100入🤓|Shadow Ball|p1a: Basculegion
|-supereffective|p1a: Basculegion
|-damage|p1a: Basculegion|0 fnt
|faint|p1a: Basculegion
|
|-weather|RainDance|[upkeep]
|upkeep
|
|t:|1759076925
|switch|p1a: Kingambit|Kingambit, F|100/100
|-activate|p1a: Kingambit|ability: Supreme Overlord
|-start|p1a: Kingambit|fallen2|[silent]
|turn|4
|
|t:|1759076930
|move|p2a: 我偷盗了100入🤓|Nasty Plot|p2a: 我偷盗了100入🤓
|-boost|p2a: 我偷盗了100入🤓|spa|2
|move|p1a: Kingambit|Kowtow Cleave|p2a: 我偷盗了100入🤓
|-damage|p2a: 我偷盗了100入🤓|0 fnt
|faint|p2a: 我偷盗了100入🤓
|
|-weather|RainDance|[upkeep]
|upkeep
|
|t:|1759076940
|switch|p2a: 牢酱😱|Conkeldurr, F|100/100
|turn|5
|
|t:|1759076947
|-end|p1a: Kingambit|fallen2|[silent]
|switch|p1a: Overqwil|Overqwil, M|100/100
|move|p2a: 牢酱😱|Ice Punch|p1a: Overqwil
|-damage|p1a: Overqwil|58/100
|
|-weather|RainDance|[upkeep]
|upkeep
|turn|6
|
|t:|1759076958
|move|p1a: Overqwil|Liquidation|p2a: 牢酱😱
|-damage|p2a: 牢酱😱|58/100
|-unboost|p2a: 牢酱😱|def|1
|-damage|p1a: Overqwil|48/100|[from] item: Life Orb
|move|p2a: 牢酱😱|Thunder Punch|p1a: Overqwil
|-damage|p1a: Overqwil|8/100
|
|-weather|RainDance|[upkeep]
|upkeep
|turn|7
|
|t:|1759076968
|move|p2a: 牢酱😱|Mach Punch|p1a: Overqwil
|-damage|p1a: Overqwil|0 fnt
|faint|p1a: Overqwil
|
|-weather|RainDance|[upkeep]
|upkeep
|
|t:|1759076977
|switch|p1a: Zapdos|Zapdos|100/100
|turn|8
|
|t:|1759076982
|move|p1a: Zapdos|Hurricane|p2a: 牢酱😱
|-supereffective|p2a: 牢酱😱
|-crit|p2a: 牢酱😱
|-damage|p2a: 牢酱😱|0 fnt
|faint|p2a: 牢酱😱
|
|-weather|none
|upkeep
|
|t:|1759076990
|switch|p2a: 米米🌞|Mew|100/100
|turn|9
|
|t:|1759077004
|move|p1a: Zapdos|Thunder|p2a: 米米🌞|[miss]
|-miss|p1a: Zapdos|p2a: 米米🌞
|move|p2a: 米米🌞|Imprison|p2a: 米米🌞
|-start|p2a: 米米🌞|move: Imprison
|
|upkeep
|turn|10
|
|t:|1759077011
|move|p1a: Zapdos|Thunder|p2a: 米米🌞|[miss]
|-miss|p1a: Zapdos|p2a: 米米🌞
|move|p2a: 米米🌞|Transform|p1a: Zapdos
|-transform|p2a: 米米🌞|p1a: Zapdos
|
|upkeep
|turn|11
|
|t:|1759077022
|switch|p1a: Landorus|Landorus-Therian, M|100/100
|-ability|p1a: Landorus|Intimidate|boost
|-unboost|p2a: 米米🌞|atk|1
|move|p2a: 米米🌞|Hurricane|p1a: Landorus
|-damage|p1a: Landorus|32/100
|
|upkeep
|turn|12
|
|t:|1759077031
|move|p1a: Landorus|Stone Edge|p2a: 米米🌞
|-supereffective|p2a: 米米🌞
|-damage|p2a: 米米🌞|42/100
|move|p2a: 米米🌞|Hurricane|p1a: Landorus
|-damage|p1a: Landorus|0 fnt
|faint|p1a: Landorus
|
|upkeep
|
|t:|1759077040
|switch|p1a: Kingambit|Kingambit, F|100/100
|-activate|p1a: Kingambit|ability: Supreme Overlord
|-start|p1a: Kingambit|fallen4|[silent]
|turn|13
|
|t:|1759077045
|move|p2a: 米米🌞|Roost|p2a: 米米🌞
|-heal|p2a: 米米🌞|92/100
|-singleturn|p2a: 米米🌞|move: Roost
|move|p1a: Kingambit|Kowtow Cleave|p2a: 米米🌞
|-damage|p2a: 米米🌞|38/100
|-status|p1a: Kingambit|par|[from] ability: Static|[of] p2a: 米米🌞
|
|upkeep
|turn|14
|
|t:|1759077057
|cant|p1a: Kingambit|par
|move|p2a: 米米🌞|Roost|p2a: 米米🌞
|-heal|p2a: 米米🌞|88/100
|-singleturn|p2a: 米米🌞|move: Roost
|
|upkeep
|turn|15
|
|t:|1759077065
|move|p2a: 米米🌞|Thunder|p1a: Kingambit
|-damage|p1a: Kingambit|48/100 par
|cant|p1a: Kingambit|par
|
|-heal|p1a: Kingambit|54/100 par|[from] item: Leftovers
|upkeep
|turn|16
|
|t:|1759077074
|move|p2a: 米米🌞|Thunder|p1a: Kingambit
|-crit|p1a: Kingambit
|-damage|p1a: Kingambit|0 fnt
|faint|p1a: Kingambit
|-end|p1a: Kingambit|fallen4|[silent]
|
|upkeep
|c|☆G-lolo-69|3x para +crit. Wp
|inactive|Battle timer is ON: inactive players will automatically lose when time's up. (requested by baicaott)
|
|t:|1759077103
|switch|p1a: Zapdos|Zapdos|100/100
|turn|17
|
|t:|1759077108
|-activate|p1a: Zapdos|move: Struggle
|move|p1a: Zapdos|Struggle|p2a: 米米🌞
|-damage|p2a: 米米🌞|82/100
|-damage|p1a: Zapdos|76/100|[from] recoil
|move|p2a: 米米🌞|Hurricane|p1a: Zapdos|[miss]
|-miss|p2a: 米米🌞|p1a: Zapdos
|
|upkeep
|turn|18
|-message|G-lolo-69 forfeited.
|
|win|baicaott
|raw|G-lolo-69's rating: 1181 &rarr; <strong>1152</strong><br />(-29 for losing)
|raw|baicaott's rating: 1128 &rarr; <strong>1157</strong><br />(+29 for winning)
|l|☆G-lolo-69
|player|p1|
