|j|☆Dryosaurus
|j|☆Shiny_kairyu
|t:|1759035681
|gametype|singles
|player|p1|Dryosaurus|koga|1578
|player|p2|Shiny_kairyu|burglar|1655
|gen|9
|tier|[Gen 9] OU
|rated|
|rule|HP Percentage Mod: HP is shown in percentages
|rule|Endless Battle Clause: Forcing endless battles is banned
|rule|Species Clause: Limit one of each Pokémon
|rule|OHKO Clause: OHKO moves are banned
|rule|Evasion Items Clause: Evasion items are banned
|rule|Evasion Moves Clause: Evasion moves are banned
|rule|Evasion Abilities Clause: Evasion abilities are banned
|rule|Sleep Moves Clause: Sleep-inducing moves are banned
|clearpoke
|poke|p1|Ninetales, F|
|poke|p1|Venusaur, F|
|poke|p1|Great Tusk|
|poke|p1|Walking Wake|
|poke|p1|Hatterene, F|
|poke|p1|Muk, M|
|poke|p2|Iron Valiant|
|poke|p2|Glimmora, F|
|poke|p2|Araquanid, F|
|poke|p2|Dragapult, F|
|poke|p2|Kingambit, M|
|poke|p2|Landorus-Therian, M|
|teampreview
|
|t:|1759035693
|teamsize|p1|6
|teamsize|p2|6
|start
|switch|p1a: Hatterene|Hatterene, F|100/100
|switch|p2a: Araquanid|Araquanid, F|100/100
|turn|1
|
|t:|1759035699
|switch|p1a: Walking Wake|Walking Wake|100/100
|move|p2a: Araquanid|Liquidation|p1a: Walking Wake
|-resisted|p1a: Walking Wake
|-damage|p1a: Walking Wake|74/100
|
|upkeep
|turn|2
|
|t:|1759035709
|move|p1a: Walking Wake|Hydro Steam|p2a: Araquanid
|-resisted|p2a: Araquanid
|-damage|p2a: Araquanid|78/100
|move|p2a: Araquanid|Liquidation|p1a: Walking Wake
|-resisted|p1a: Walking Wake
|-damage|p1a: Walking Wake|48/100
|
|upkeep
|turn|3
|
|t:|1759035727
|move|p1a: Walking Wake|Hydro Steam|p2a: Araquanid
|-resisted|p2a: Araquanid
|-crit|p2a: Araquanid
|-damage|p2a: Araquanid|43/100
|move|p2a: Araquanid|Liquidation|p1a: Walking Wake
|-resisted|p1a: Walking Wake
|-damage|p1a: Walking Wake|23/100
|
|upkeep
|turn|4
|
|t:|1759035734
|move|p1a: Walking Wake|Hydro Steam|p2a: Araquanid
|-resisted|p2a: Araquanid
|-damage|p2a: Araquanid|19/100
|move|p2a: Araquanid|Liquidation|p1a: Walking Wake
|-resisted|p1a: Walking Wake
|-damage|p1a: Walking Wake|0 fnt
|faint|p1a: Walking Wake
|-end|p1a: Walking Wake|Protosynthesis|[silent]
|
|upkeep
|
|t:|1759035742
|switch|p1a: Ninetales|Ninetales, F, shiny|100/100
|-weather|SunnyDay|[from] ability: Drought|[of] p1a: Ninetales
|turn|5
|
|t:|1759035746
|switch|p2a: Glimmora|Glimmora, F|100/100
|move|p1a: Ninetales|Weather Ball|p2a: Glimmora
|-resisted|p2a: Glimmora
|-damage|p2a: Glimmora|74/100
|
|-weather|SunnyDay|[upkeep]
|upkeep
|turn|6
|
|t:|1759035753
|switch|p1a: Hatterene|Hatterene, F|100/100
|move|p2a: Glimmora|Meteor Beam||[still]
|-prepare|p2a: Glimmora|Meteor Beam
|-boost|p2a: Glimmora|spa|1
|-enditem|p2a: Glimmora|Power Herb
|-anim|p2a: Glimmora|Meteor Beam|p1a: Hatterene
|-damage|p1a: Hatterene|5/100
|-enditem|p1a: Hatterene|Eject Button
|
|t:|1759035765
|switch|p1a: Great Tusk|Great Tusk|100/100
|-activate|p1a: Great Tusk|ability: Protosynthesis
|-start|p1a: Great Tusk|protosynthesisspe
|
|-weather|SunnyDay|[upkeep]
|upkeep
|turn|7
|
|t:|1759035771
|move|p1a: Great Tusk|Bulk Up|p1a: Great Tusk
|-boost|p1a: Great Tusk|atk|1
|-boost|p1a: Great Tusk|def|1
|move|p2a: Glimmora|Mortal Spin|p1a: Great Tusk
|-resisted|p1a: Great Tusk
|-damage|p1a: Great Tusk|99/100
|-status|p1a: Great Tusk|psn
|
|-weather|SunnyDay|[upkeep]
|-heal|p1a: Great Tusk|100/100 psn|[from] item: Leftovers
|-damage|p1a: Great Tusk|88/100 psn|[from] psn
|upkeep
|turn|8
|
|t:|1759035781
|move|p1a: Great Tusk|Ice Spinner|p2a: Glimmora
|-damage|p2a: Glimmora|33/100
|-activate|p2a: Glimmora|ability: Toxic Debris
|-sidestart|p1: Dryosaurus|move: Toxic Spikes
|move|p2a: Glimmora|Earth Power|p1a: Great Tusk
|-damage|p1a: Great Tusk|23/100 psn
|
|-weather|SunnyDay|[upkeep]
|-heal|p1a: Great Tusk|29/100 psn|[from] item: Leftovers
|-damage|p1a: Great Tusk|17/100 psn|[from] psn
|upkeep
|turn|9
|
|t:|1759035790
|move|p1a: Great Tusk|Ice Spinner|p2a: Glimmora
|-damage|p2a: Glimmora|0 fnt
|-activate|p2a: Glimmora|ability: Toxic Debris
|-sidestart|p1: Dryosaurus|move: Toxic Spikes
|faint|p2a: Glimmora
|
|-weather|SunnyDay|[upkeep]
|-heal|p1a: Great Tusk|23/100 psn|[from] item: Leftovers
|-damage|p1a: Great Tusk|11/100 psn|[from] psn
|upkeep
|
|t:|1759035793
|switch|p2a: Landorus|Landorus-Therian, M|100/100
|-ability|p2a: Landorus|Intimidate|boost
|-unboost|p1a: Great Tusk|atk|1
|turn|10
|
|t:|1759035804
|switch|p2a: Araquanid|Araquanid, F|19/100
|move|p1a: Great Tusk|Headlong Rush|p2a: Araquanid
|-resisted|p2a: Araquanid
|-damage|p2a: Araquanid|0 fnt
|-unboost|p1a: Great Tusk|def|1
|-unboost|p1a: Great Tusk|spd|1
|faint|p2a: Araquanid
|
|-weather|SunnyDay|[upkeep]
|-heal|p1a: Great Tusk|17/100 psn|[from] item: Leftovers
|-damage|p1a: Great Tusk|4/100 psn|[from] psn
|upkeep
|
|t:|1759035814
|switch|p2a: Iron Valiant|Iron Valiant|100/100
|-enditem|p2a: Iron Valiant|Booster Energy
|-activate|p2a: Iron Valiant|ability: Quark Drive|[fromitem]
|-start|p2a: Iron Valiant|quarkdrivespe
|turn|11
|
|t:|1759035818
|-end|p1a: Great Tusk|Protosynthesis|[silent]
|switch|p1a: The Sludge|Muk, M|100/100
|-sideend|p1: Dryosaurus|move: Toxic Spikes|[of] p1a: The Sludge
|move|p2a: Iron Valiant|Moonblast|p1a: The Sludge
|-resisted|p1a: The Sludge
|-damage|p1a: The Sludge|91/100
|
|-weather|SunnyDay|[upkeep]
|upkeep
|turn|12
|
|t:|1759035825
|-end|p2a: Iron Valiant|Quark Drive|[silent]
|switch|p2a: Landorus|Landorus-Therian, M|100/100
|-ability|p2a: Landorus|Intimidate|boost
|-unboost|p1a: The Sludge|atk|1
|move|p1a: The Sludge|Ice Punch|p2a: Landorus
|-supereffective|p2a: Landorus
|-crit|p2a: Landorus
|-damage|p2a: Landorus|0 fnt
|-damage|p1a: The Sludge|74/100|[from] item: Rocky Helmet|[of] p2a: Landorus
|faint|p2a: Landorus
|
|-weather|none
|upkeep
|
|t:|1759035830
|switch|p2a: Kingambit|Kingambit, M|100/100
|-activate|p2a: Kingambit|ability: Supreme Overlord
|-start|p2a: Kingambit|fallen3|[silent]
|turn|13
|
|t:|1759035839
|move|p2a: Kingambit|Kowtow Cleave|p1a: The Sludge
|-damage|p1a: The Sludge|0 fnt
|faint|p1a: The Sludge
|
|upkeep
|
|t:|1759035844
|switch|p1a: Ninetales|Ninetales, F, shiny|100/100
|-weather|SunnyDay|[from] ability: Drought|[of] p1a: Ninetales
|turn|14
|
|t:|1759035848
|-terastallize|p2a: Kingambit|Fire
|move|p1a: Ninetales|Weather Ball|p2a: Kingambit
|-resisted|p2a: Kingambit
|-damage|p2a: Kingambit|80/100
|move|p2a: Kingambit|Kowtow Cleave|p1a: Ninetales
|-damage|p1a: Ninetales|1/100
|
|-weather|SunnyDay|[upkeep]
|upkeep
|turn|15
|
|t:|1759035857
|move|p1a: Ninetales|Healing Wish|p1a: Ninetales
|faint|p1a: Ninetales
|move|p2a: Kingambit|Kowtow Cleave|p1: Ninetales|[notarget]
|-fail|p2a: Kingambit
|
|-weather|SunnyDay|[upkeep]
|upkeep
|
|t:|1759035862
|switch|p1a: Great Tusk|Great Tusk|4/100 psn
|-heal|p1a: Great Tusk|100/100|[from] move: Healing Wish
|-activate|p1a: Great Tusk|ability: Protosynthesis
|-start|p1a: Great Tusk|protosynthesisspe
|turn|16
|
|t:|1759035869
|move|p1a: Great Tusk|Bulk Up|p1a: Great Tusk
|-boost|p1a: Great Tusk|atk|1
|-boost|p1a: Great Tusk|def|1
|move|p2a: Kingambit|Low Kick|p1a: Great Tusk
|-damage|p1a: Great Tusk|75/100
|
|-weather|SunnyDay|[upkeep]
|-heal|p1a: Great Tusk|81/100|[from] item: Leftovers
|upkeep
|turn|17
|
|t:|1759035877
|move|p1a: Great Tusk|Bulk Up|p1a: Great Tusk
|-boost|p1a: Great Tusk|atk|1
|-boost|p1a: Great Tusk|def|1
|move|p2a: Kingambit|Low Kick|p1a: Great Tusk
|-damage|p1a: Great Tusk|63/100
|
|-weather|SunnyDay|[upkeep]
|-heal|p1a: Great Tusk|69/100|[from] item: Leftovers
|upkeep
|turn|18
|
|t:|1759035884
|-end|p2a: Kingambit|fallen3|[silent]
|switch|p2a: Iron Valiant|Iron Valiant|100/100
|move|p1a: Great Tusk|Headlong Rush|p2a: Iron Valiant
|-damage|p2a: Iron Valiant|0 fnt
|-unboost|p1a: Great Tusk|def|1
|-unboost|p1a: Great Tusk|spd|1
|faint|p2a: Iron Valiant
|-end|p2a: Iron Valiant|Quark Drive|[silent]
|
|-weather|SunnyDay|[upkeep]
|-heal|p1a: Great Tusk|75/100|[from] item: Leftovers
|upkeep
|-message|Shiny_kairyu forfeited.
|
|win|Dryosaurus
|raw|Dryosaurus's rating: 1578 &rarr; <strong>1602</strong><br />(+24 for winning)
|raw|Shiny_kairyu's rating: 1655 &rarr; <strong>1631</strong><br />(-24 for losing)
|l|☆Shiny_kairyu
|player|p2|
|l|☆Dryosaurus
|player|p1|
