|j|☆haocai99
|j|☆kabuto3
|t:|1758955103
|gametype|singles
|player|p1|haocai99|170|1057
|player|p2|kabuto3|mallow|1082
|gen|9
|tier|[Gen 9] OU
|rated|
|rule|HP Percentage Mod: HP is shown in percentages
|rule|Endless Battle Clause: Forcing endless battles is banned
|rule|Species Clause: Limit one of each Pokémon
|rule|OHKO Clause: OHKO moves are banned
|rule|Evasion Items Clause: Evasion items are banned
|rule|Evasion Moves Clause: Evasion moves are banned
|rule|Evasion Abilities Clause: Evasion abilities are banned
|rule|Sleep Moves Clause: Sleep-inducing moves are banned
|clearpoke
|poke|p1|Kleavor, M|
|poke|p1|Dragonite, M|
|poke|p1|Blaziken, M|
|poke|p1|Quaquaval, M|
|poke|p1|Krookodile, F|
|poke|p1|Garchomp, M|
|poke|p2|Typhlosion-Hisui, M|
|poke|p2|Cinderace, F|
|poke|p2|Torkoal, F|
|poke|p2|Volcanion|
|poke|p2|Infernape, M|
|poke|p2|Lilligant-Hisui, F|
|teampreview
|
|t:|1758955112
|teamsize|p1|6
|teamsize|p2|6
|start
|switch|p1a: Kleavor|Kleavor, M, shiny|100/100
|switch|p2a: Cinderace|Cinderace, F|100/100
|turn|1
|inactive|Battle timer is ON: inactive players will automatically lose when time's up. (requested by kabuto3)
|
|t:|1758955122
|move|p2a: Cinderace|High Jump Kick|p1a: Kleavor
|-start|p2a: Cinderace|typechange|Fighting|[from] ability: Libero
|-damage|p1a: Kleavor|32/100
|move|p1a: Kleavor|Stone Axe|p2a: Cinderace
|-resisted|p2a: Cinderace
|-damage|p2a: Cinderace|59/100
|-sidestart|p2: kabuto3|move: Stealth Rock
|
|upkeep
|turn|2
|
|t:|1758955139
|move|p2a: Cinderace|Pyro Ball|p1a: Kleavor
|-damage|p1a: Kleavor|0 fnt
|faint|p1a: Kleavor
|
|upkeep
|
|t:|1758955145
|switch|p1a: Quaquaval|Quaquaval, M, shiny|100/100
|turn|3
|
|t:|1758955148
|move|p2a: Cinderace|Trailblaze|p1a: Quaquaval
|-supereffective|p1a: Quaquaval
|-damage|p1a: Quaquaval|51/100
|-boost|p2a: Cinderace|spe|1
|move|p1a: Quaquaval|Aqua Step|p2a: Cinderace
|-damage|p2a: Cinderace|2/100
|-boost|p1a: Quaquaval|spe|1
|
|upkeep
|turn|4
|
|t:|1758955159
|move|p2a: Cinderace|Trailblaze|p1a: Quaquaval
|-supereffective|p1a: Quaquaval
|-damage|p1a: Quaquaval|2/100
|-boost|p2a: Cinderace|spe|1
|move|p1a: Quaquaval|Aqua Step|p2a: Cinderace
|-damage|p2a: Cinderace|0 fnt
|-boost|p1a: Quaquaval|spe|1
|faint|p2a: Cinderace
|-ability|p1a: Quaquaval|Moxie|boost
|-boost|p1a: Quaquaval|atk|1
|
|upkeep
|
|t:|1758955172
|switch|p2a: Volcanion|Volcanion|100/100
|turn|5
|
|t:|1758955181
|move|p1a: Quaquaval|Aqua Step|p2a: Volcanion
|-immune|p2a: Volcanion|[from] ability: Water Absorb
|move|p2a: Volcanion|Steam Eruption|p1a: Quaquaval
|-resisted|p1a: Quaquaval
|-damage|p1a: Quaquaval|0 fnt
|faint|p1a: Quaquaval
|
|upkeep
|
|t:|1758955198
|switch|p1a: Dragonite|Dragonite, M, shiny|100/100
|turn|6
|
|t:|1758955203
|switch|p2a: Torkoal|Torkoal, F|100/100
|-damage|p2a: Torkoal|76/100|[from] Stealth Rock
|-weather|SunnyDay|[from] ability: Drought|[of] p2a: Torkoal
|move|p1a: Dragonite|Thunder Punch|p2a: Torkoal
|-crit|p2a: Torkoal
|-damage|p2a: Torkoal|34/100
|
|-weather|SunnyDay|[upkeep]
|-heal|p2a: Torkoal|40/100|[from] item: Leftovers
|upkeep
|turn|7
|
|t:|1758955220
|switch|p2a: Volcanion|Volcanion|100/100
|move|p1a: Dragonite|Earthquake|p2a: Volcanion
|-supereffective|p2a: Volcanion
|-crit|p2a: Volcanion
|-damage|p2a: Volcanion|11/100
|
|-weather|SunnyDay|[upkeep]
|upkeep
|turn|8
|
|t:|1758955229
|move|p1a: Dragonite|Extreme Speed|p2a: Volcanion
|-damage|p2a: Volcanion|0 fnt
|faint|p2a: Volcanion
|
|-weather|SunnyDay|[upkeep]
|upkeep
|
|t:|1758955235
|switch|p2a: Lilligant|Lilligant-Hisui, F|100/100
|-damage|p2a: Lilligant|94/100|[from] Stealth Rock
|turn|9
|
|t:|1758955245
|move|p2a: Lilligant|Victory Dance|p2a: Lilligant
|-boost|p2a: Lilligant|atk|1
|-boost|p2a: Lilligant|def|1
|-boost|p2a: Lilligant|spe|1
|move|p1a: Dragonite|Earthquake|p2a: Lilligant
|-resisted|p2a: Lilligant
|-damage|p2a: Lilligant|80/100
|
|-weather|SunnyDay|[upkeep]
|upkeep
|turn|10
|
|t:|1758955255
|switch|p1a: Blaziken|Blaziken, M, shiny|100/100
|-terastallize|p2a: Lilligant|Grass
|move|p2a: Lilligant|Triple Axel|p1a: Blaziken
|-resisted|p1a: Blaziken
|-damage|p1a: Blaziken|93/100
|-hitcount|p1a: Blaziken|1
|
|-weather|none
|upkeep
|turn|11
|
|t:|1758955266
|move|p2a: Lilligant|Close Combat|p1a: Blaziken
|-damage|p1a: Blaziken|0 fnt
|-unboost|p2a: Lilligant|def|1
|-unboost|p2a: Lilligant|spd|1
|faint|p1a: Blaziken
|
|upkeep
|
|t:|1758955275
|switch|p1a: Krookodile|Krookodile, F, shiny|100/100
|turn|12
|
|t:|1758955279
|move|p2a: Lilligant|Triple Axel|p1a: Krookodile
|-supereffective|p1a: Krookodile
|-damage|p1a: Krookodile|74/100
|-damage|p2a: Lilligant|64/100|[from] item: Rocky Helmet|[of] p1a: Krookodile
|-supereffective|p1a: Krookodile
|-damage|p1a: Krookodile|28/100
|-damage|p2a: Lilligant|47/100|[from] item: Rocky Helmet|[of] p1a: Krookodile
|-supereffective|p1a: Krookodile
|-damage|p1a: Krookodile|0 fnt
|-damage|p2a: Lilligant|31/100|[from] item: Rocky Helmet|[of] p1a: Krookodile
|faint|p1a: Krookodile
|-hitcount|p1: Krookodile|3
|
|upkeep
|
|t:|1758955292
|switch|p1a: Garchomp|Garchomp, M, shiny|100/100
|turn|13
|
|t:|1758955300
|move|p2a: Lilligant|Triple Axel|p1a: Garchomp
|-supereffective|p1a: Garchomp
|-damage|p1a: Garchomp|59/100
|-damage|p2a: Lilligant|19/100|[from] ability: Rough Skin|[of] p1a: Garchomp
|-damage|p2a: Lilligant|2/100|[from] item: Rocky Helmet|[of] p1a: Garchomp
|-supereffective|p1a: Garchomp
|-damage|p1a: Garchomp|0 fnt
|-damage|p2a: Lilligant|0 fnt|[from] ability: Rough Skin|[of] p1a: Garchomp
|faint|p1a: Garchomp
|faint|p2a: Lilligant
|-hitcount|p1: Garchomp|2
|
|upkeep
|
|t:|1758955313
|switch|p1a: Dragonite|Dragonite, M, shiny|100/100
|switch|p2a: Torkoal|Torkoal, F|40/100
|-damage|p2a: Torkoal|15/100|[from] Stealth Rock
|-weather|SunnyDay|[from] ability: Drought|[of] p2a: Torkoal
|turn|14
|
|t:|1758955321
|move|p1a: Dragonite|Extreme Speed|p2a: Torkoal
|-damage|p2a: Torkoal|0 fnt
|faint|p2a: Torkoal
|
|-weather|SunnyDay|[upkeep]
|upkeep
|
|t:|1758955329
|switch|p2a: Typhlosion|Typhlosion-Hisui, M|100/100
|-damage|p2a: Typhlosion|75/100|[from] Stealth Rock
|turn|15
|
|t:|1758955336
|move|p2a: Typhlosion|Will-O-Wisp|p1a: Dragonite
|-status|p1a: Dragonite|brn
|move|p1a: Dragonite|Earthquake|p2a: Typhlosion
|-supereffective|p2a: Typhlosion
|-damage|p2a: Typhlosion|22/100
|
|-weather|SunnyDay|[upkeep]
|-damage|p1a: Dragonite|94/100 brn|[from] brn
|upkeep
|turn|16
|
|t:|1758955347
|move|p2a: Typhlosion|Will-O-Wisp|p1a: Dragonite
|-fail|p1a: Dragonite|brn
|move|p1a: Dragonite|Earthquake|p2a: Typhlosion
|-supereffective|p2a: Typhlosion
|-damage|p2a: Typhlosion|0 fnt
|faint|p2a: Typhlosion
|
|-weather|SunnyDay|[upkeep]
|-damage|p1a: Dragonite|88/100 brn|[from] brn
|upkeep
|
|t:|1758955356
|switch|p2a: Infernape|Infernape, M|100/100
|-damage|p2a: Infernape|88/100|[from] Stealth Rock
|turn|17
|
|t:|1758955362
|move|p2a: Infernape|Blast Burn|p1a: Dragonite|[miss]
|-miss|p2a: Infernape|p1a: Dragonite
|-enditem|p2a: Infernape|Blunder Policy
|-boost|p2a: Infernape|spe|2
|move|p1a: Dragonite|Earthquake|p2a: Infernape
|-supereffective|p2a: Infernape
|-damage|p2a: Infernape|32/100
|
|-weather|SunnyDay|[upkeep]
|-damage|p1a: Dragonite|82/100 brn|[from] brn
|upkeep
|turn|18
|
|t:|1758955382
|-terastallize|p1a: Dragonite|Dragon
|move|p2a: Infernape|Blast Burn|p1a: Dragonite
|-resisted|p1a: Dragonite
|-damage|p1a: Dragonite|23/100 brn
|-mustrecharge|p2a: Infernape
|move|p1a: Dragonite|Earthquake|p2a: Infernape
|-supereffective|p2a: Infernape
|-damage|p2a: Infernape|0 fnt
|faint|p2a: Infernape
|
|win|haocai99
|raw|haocai99's rating: 1057 &rarr; <strong>1091</strong><br />(+34 for winning)
|raw|kabuto3's rating: 1082 &rarr; <strong>1058</strong><br />(-24 for losing)
|l|☆kabuto3
|player|p2|
|l|☆haocai99
|player|p1|
