|badge|p1|bronze|gen9ou|100-6
|html|<div class="broadcast-red"><strong>This battle is required to be public due to one or more player having a season medal.</strong><br />During the public phase, you can discuss the state of the ladder <a href="/seasondiscussion">in a special chatroom.</a></div>
|uhtml|medal-msg|<div class="broadcast-blue">Curious what those medals under the avatar are? PS now has Ladder Seasons! For more information, check out the <a href="https://www.smogon.com/forums/threads/3740067/">thread on Smogon.</a></div>
|raw|<div class="broadcast-blue"><strong>This battle is required to be public due to a player having a name starting with 'medal'.</div>
|j|☆WogerHater
|j|☆AmphibiansRiseUp
|t:|1758932484
|gametype|singles
|player|p1|WogerHater|dawn-gen4pt|1893
|player|p2|AmphibiansRiseUp|ltsurge|1751
|gen|9
|tier|[Gen 9] OU
|rated|
|rule|HP Percentage Mod: HP is shown in percentages
|rule|Endless Battle Clause: Forcing endless battles is banned
|rule|Species Clause: Limit one of each Pokémon
|rule|OHKO Clause: OHKO moves are banned
|rule|Evasion Items Clause: Evasion items are banned
|rule|Evasion Moves Clause: Evasion moves are banned
|rule|Evasion Abilities Clause: Evasion abilities are banned
|rule|Sleep Moves Clause: Sleep-inducing moves are banned
|clearpoke
|poke|p1|Weezing-Galar, F|
|poke|p1|Ting-Lu|
|poke|p1|Corviknight, M|
|poke|p1|Skeledirge, M|
|poke|p1|Dragapult, F|
|poke|p1|Ogerpon-Wellspring, F|
|poke|p2|Gholdengo|
|poke|p2|Ceruledge, F|
|poke|p2|Enamorus, F|
|poke|p2|Ribombee, M|
|poke|p2|Quaquaval, F|
|poke|p2|Iron Treads|
|teampreview
|inactive|Battle timer is ON: inactive players will automatically lose when time's up. (requested by WogerHater)
|c|☆AmphibiansRiseUp|no more kyu haz
|c|☆AmphibiansRiseUp|*hax
|c|☆WogerHater|thank god lmao
|c|☆WogerHater|sorry for getting tilted but that mon is pure cancer
|inactive|WogerHater has 120 seconds left.
|
|t:|1758932528
|teamsize|p1|6
|teamsize|p2|6
|start
|switch|p1a: Ogerpon|Ogerpon-Wellspring, F|100/100
|switch|p2a: Ribombee|Ribombee, M, shiny|100/100
|turn|1
|c|☆AmphibiansRiseUp|fair enough
|
|t:|1758932539
|move|p2a: Ribombee|Sticky Web|p1a: Ogerpon
|-sidestart|p1: WogerHater|move: Sticky Web
|move|p1a: Ogerpon|Ivy Cudgel|p2a: Ribombee|[anim] Ivy Cudgel Water
|-crit|p2a: Ribombee
|-enditem|p2a: Ribombee|Focus Sash
|-damage|p2a: Ribombee|1/100
|
|upkeep
|turn|2
|
|t:|1758932544
|switch|p2a: Quaquaval|Quaquaval, F|100/100
|move|p1a: Ogerpon|Spikes|p2a: Quaquaval
|-sidestart|p2: AmphibiansRiseUp|Spikes
|
|upkeep
|turn|3
|
|t:|1758932552
|switch|p1a: Corviknight|Corviknight, M|100/100
|-ability|p1a: Corviknight|Pressure
|move|p2a: Quaquaval|Knock Off|p1a: Corviknight
|-damage|p1a: Corviknight|78/100
|-damage|p2a: Quaquaval|84/100|[from] item: Rocky Helmet|[of] p1a: Corviknight
|-enditem|p1a: Corviknight|Rocky Helmet|[from] move: Knock Off|[of] p2a: Quaquaval
|
|upkeep
|turn|4
|
|t:|1758932558
|move|p2a: Quaquaval|Rapid Spin|p1a: Corviknight
|-resisted|p1a: Corviknight
|-damage|p1a: Corviknight|72/100
|-boost|p2a: Quaquaval|spe|1
|-sideend|p2: AmphibiansRiseUp|Spikes|[from] move: Rapid Spin|[of] p2a: Quaquaval
|move|p1a: Corviknight|U-turn|p2a: Quaquaval
|-resisted|p2a: Quaquaval
|-crit|p2a: Quaquaval
|-damage|p2a: Quaquaval|71/100
|
|t:|1758932560
|switch|p1a: GAS.|Weezing-Galar, F|100/100|[from] U-turn
|-ability|p1a: GAS.|Neutralizing Gas
|
|upkeep
|turn|5
|
|t:|1758932568
|switch|p2a: Ceruledge|Ceruledge, F|100/100
|-end|p1a: GAS.|ability: Neutralizing Gas
|switch|p1a: Dragapult|Dragapult, F|100/100
|-activate|p1a: Dragapult|move: Sticky Web
|-fail|p1a: Dragapult|unboost|[from] ability: Clear Body|[of] p1a: Dragapult
|
|upkeep
|turn|6
|
|t:|1758932576
|switch|p2a: Quaquaval|Quaquaval, F|71/100
|move|p1a: Dragapult|U-turn|p2a: Quaquaval
|-resisted|p2a: Quaquaval
|-crit|p2a: Quaquaval
|-damage|p2a: Quaquaval|55/100
|
|t:|1758932581
|switch|p1a: GAS.|Weezing-Galar, F|100/100|[from] U-turn
|-ability|p1a: GAS.|Neutralizing Gas
|
|upkeep
|turn|7
|
|t:|1758932584
|switch|p2a: Ceruledge|Ceruledge, F|100/100
|move|p1a: GAS.|Defog|p2a: Ceruledge
|-unboost|p2a: Ceruledge|evasion|1
|-sideend|p1: WogerHater|Sticky Web|[from] move: Defog|[of] p1a: GAS.
|
|upkeep
|turn|8
|
|t:|1758932590
|-end|p1a: GAS.|ability: Neutralizing Gas
|switch|p1a: Ogerpon|Ogerpon-Wellspring, F|100/100
|move|p2a: Ceruledge|Swords Dance|p2a: Ceruledge
|-boost|p2a: Ceruledge|atk|2
|
|upkeep
|turn|9
|
|t:|1758932606
|switch|p1a: GAS.|Weezing-Galar, F|100/100
|-ability|p1a: GAS.|Neutralizing Gas
|move|p2a: Ceruledge|Shadow Sneak|p1a: GAS.
|-damage|p1a: GAS.|73/100
|
|upkeep
|turn|10
|
|t:|1758932608
|move|p2a: Ceruledge|Poltergeist|p1a: GAS.
|-activate|p1a: GAS.|move: Poltergeist|Heavy-Duty Boots
|-damage|p1a: GAS.|0 fnt
|faint|p1a: GAS.
|-end|p1a: GAS.|ability: Neutralizing Gas
|
|upkeep
|
|t:|1758932615
|switch|p1a: Ogerpon|Ogerpon-Wellspring, F|100/100
|turn|11
|
|t:|1758932618
|move|p1a: Ogerpon|Ivy Cudgel|p2a: Ceruledge|[anim] Ivy Cudgel Water
|-supereffective|p2a: Ceruledge
|-enditem|p2a: Ceruledge|Focus Sash
|-damage|p2a: Ceruledge|1/100
|-ability|p2a: Ceruledge|Weak Armor|boost
|-unboost|p2a: Ceruledge|def|1
|-boost|p2a: Ceruledge|spe|2
|move|p2a: Ceruledge|Bitter Blade|p1a: Ogerpon
|-damage|p1a: Ogerpon|0 fnt
|-heal|p2a: Ceruledge|63/100|[from] drain|[of] p1a: Ogerpon
|faint|p1a: Ogerpon
|
|upkeep
|
|t:|1758932622
|switch|p1a: Ting-Lu|Ting-Lu, shiny|100/100
|-ability|p1a: Ting-Lu|Vessel of Ruin
|turn|12
|
|t:|1758932626
|switch|p2a: Enamorus|Enamorus, F|100/100
|move|p1a: Ting-Lu|Earthquake|p2a: Enamorus
|-immune|p2a: Enamorus
|
|upkeep
|turn|13
|
|t:|1758932630
|switch|p2a: Ribombee|Ribombee, M, shiny|1/100
|move|p1a: Ting-Lu|Stealth Rock|p2a: Ribombee
|-sidestart|p2: AmphibiansRiseUp|move: Stealth Rock
|
|upkeep
|turn|14
|
|t:|1758932633
|move|p2a: Ribombee|Sticky Web|p1a: Ting-Lu
|-sidestart|p1: WogerHater|move: Sticky Web
|move|p1a: Ting-Lu|Heavy Slam|p2a: Ribombee
|-supereffective|p2a: Ribombee
|-damage|p2a: Ribombee|0 fnt
|faint|p2a: Ribombee
|
|upkeep
|
|t:|1758932635
|switch|p2a: Quaquaval|Quaquaval, F|55/100
|-damage|p2a: Quaquaval|48/100|[from] Stealth Rock
|turn|15
|
|t:|1758932638
|switch|p1a: Dragapult|Dragapult, F|100/100
|-activate|p1a: Dragapult|move: Sticky Web
|-fail|p1a: Dragapult|unboost|[from] ability: Clear Body|[of] p1a: Dragapult
|move|p2a: Quaquaval|Knock Off|p1a: Dragapult
|-supereffective|p1a: Dragapult
|-damage|p1a: Dragapult|6/100
|-enditem|p1a: Dragapult|Choice Specs|[from] move: Knock Off|[of] p2a: Quaquaval
|
|upkeep
|turn|16
|
|t:|1758932642
|move|p1a: Dragapult|Shadow Ball|p2a: Quaquaval
|-damage|p2a: Quaquaval|15/100
|move|p2a: Quaquaval|Knock Off|p1a: Dragapult
|-supereffective|p1a: Dragapult
|-damage|p1a: Dragapult|0 fnt
|faint|p1a: Dragapult
|-ability|p2a: Quaquaval|Moxie|boost
|-boost|p2a: Quaquaval|atk|1
|
|upkeep
|
|t:|1758932649
|switch|p1a: Corviknight|Corviknight, M|72/100
|-ability|p1a: Corviknight|Pressure
|turn|17
|
|t:|1758932652
|move|p2a: Quaquaval|Rapid Spin|p1a: Corviknight
|-resisted|p1a: Corviknight
|-damage|p1a: Corviknight|63/100
|-boost|p2a: Quaquaval|spe|1
|-sideend|p2: AmphibiansRiseUp|Stealth Rock|[from] move: Rapid Spin|[of] p2a: Quaquaval
|move|p1a: Corviknight|Body Press|p2a: Quaquaval
|-damage|p2a: Quaquaval|0 fnt
|faint|p2a: Quaquaval
|
|upkeep
|
|t:|1758932655
|switch|p2a: Ceruledge|Ceruledge, F|63/100
|turn|18
|
|t:|1758932658
|move|p2a: Ceruledge|Bitter Blade|p1a: Corviknight
|-supereffective|p1a: Corviknight
|-damage|p1a: Corviknight|0 fnt
|-heal|p2a: Ceruledge|100/100|[from] drain|[of] p1a: Corviknight
|faint|p1a: Corviknight
|
|upkeep
|
|t:|1758932660
|switch|p1a: Ting-Lu|Ting-Lu, shiny|100/100
|-activate|p1a: Ting-Lu|move: Sticky Web
|-unboost|p1a: Ting-Lu|spe|1
|-ability|p1a: Ting-Lu|Vessel of Ruin
|turn|19
|
|t:|1758932668
|switch|p2a: Enamorus|Enamorus, F|100/100
|move|p1a: Ting-Lu|Heavy Slam|p2a: Enamorus
|-supereffective|p2a: Enamorus
|-damage|p2a: Enamorus|12/100
|
|upkeep
|turn|20
|
|t:|1758932674
|move|p2a: Enamorus|Moonblast|p1a: Ting-Lu
|-supereffective|p1a: Ting-Lu
|-damage|p1a: Ting-Lu|49/100
|-unboost|p1a: Ting-Lu|spa|1
|move|p1a: Ting-Lu|Heavy Slam|p2a: Enamorus
|-supereffective|p2a: Enamorus
|-damage|p2a: Enamorus|0 fnt
|faint|p2a: Enamorus
|
|-heal|p1a: Ting-Lu|55/100|[from] item: Leftovers
|upkeep
|
|t:|1758932679
|switch|p2a: Iron Treads|Iron Treads|100/100
|-enditem|p2a: Iron Treads|Booster Energy
|-activate|p2a: Iron Treads|ability: Quark Drive|[fromitem]
|-start|p2a: Iron Treads|quarkdriveatk
|turn|21
|
|t:|1758932682
|move|p2a: Iron Treads|Ice Spinner|p1a: Ting-Lu
|-supereffective|p1a: Ting-Lu
|-damage|p1a: Ting-Lu|19/100
|move|p1a: Ting-Lu|Earthquake|p2a: Iron Treads
|-supereffective|p2a: Iron Treads
|-damage|p2a: Iron Treads|41/100
|
|-heal|p1a: Ting-Lu|25/100|[from] item: Leftovers
|upkeep
|turn|22
|
|t:|1758932684
|move|p2a: Iron Treads|Earthquake|p1a: Ting-Lu
|-damage|p1a: Ting-Lu|0 fnt
|faint|p1a: Ting-Lu
|
|upkeep
|
|t:|1758932686
|switch|p1a: Skeledirge|Skeledirge, M|100/100
|turn|23
|
|t:|1758932688
|-terastallize|p1a: Skeledirge|Water
|move|p2a: Iron Treads|Earthquake|p1a: Skeledirge
|-damage|p1a: Skeledirge|44/100
|move|p1a: Skeledirge|Will-O-Wisp|p2a: Iron Treads
|-status|p2a: Iron Treads|brn
|
|-damage|p2a: Iron Treads|35/100 brn|[from] brn
|upkeep
|turn|24
|
|t:|1758932690
|move|p2a: Iron Treads|Earthquake|p1a: Skeledirge
|-damage|p1a: Skeledirge|18/100
|move|p1a: Skeledirge|Slack Off|p1a: Skeledirge
|-heal|p1a: Skeledirge|68/100
|
|-damage|p2a: Iron Treads|29/100 brn|[from] brn
|upkeep
|turn|25
|
|t:|1758932693
|move|p2a: Iron Treads|Earthquake|p1a: Skeledirge
|-damage|p1a: Skeledirge|40/100
|move|p1a: Skeledirge|Slack Off|p1a: Skeledirge
|-heal|p1a: Skeledirge|90/100
|
|-damage|p2a: Iron Treads|23/100 brn|[from] brn
|upkeep
|turn|26
|
|t:|1758932695
|move|p2a: Iron Treads|Supercell Slam|p1a: Skeledirge
|-supereffective|p1a: Skeledirge
|-damage|p1a: Skeledirge|55/100
|move|p1a: Skeledirge|Slack Off|p1a: Skeledirge
|-heal|p1a: Skeledirge|100/100
|
|-damage|p2a: Iron Treads|17/100 brn|[from] brn
|upkeep
|turn|27
|
|t:|1758932698
|move|p2a: Iron Treads|Supercell Slam|p1a: Skeledirge
|-supereffective|p1a: Skeledirge
|-damage|p1a: Skeledirge|66/100
|move|p1a: Skeledirge|Torch Song|p2a: Iron Treads
|-supereffective|p2a: Iron Treads
|-damage|p2a: Iron Treads|0 fnt
|-boost|p1a: Skeledirge|spa|1
|faint|p2a: Iron Treads
|-end|p2a: Iron Treads|Quark Drive|[silent]
|
|upkeep
|
|t:|1758932706
|switch|p2a: Ceruledge|Ceruledge, F|100/100
|turn|28
|
|t:|1758932714
|move|p2a: Ceruledge|Poltergeist|p1a: Skeledirge
|-activate|p1a: Skeledirge|move: Poltergeist|Heavy-Duty Boots
|-damage|p1a: Skeledirge|12/100
|move|p1a: Skeledirge|Slack Off|p1a: Skeledirge
|-heal|p1a: Skeledirge|62/100
|
|upkeep
|turn|29
|
|t:|1758932717
|move|p2a: Ceruledge|Poltergeist|p1a: Skeledirge
|-activate|p1a: Skeledirge|move: Poltergeist|Heavy-Duty Boots
|-damage|p1a: Skeledirge|12/100
|move|p1a: Skeledirge|Slack Off|p1a: Skeledirge
|-heal|p1a: Skeledirge|62/100
|
|upkeep
|turn|30
|
|t:|1758932720
|move|p2a: Ceruledge|Poltergeist|p1a: Skeledirge|[miss]
|-miss|p2a: Ceruledge|p1a: Skeledirge
|move|p1a: Skeledirge|Slack Off|p1a: Skeledirge
|-heal|p1a: Skeledirge|100/100
|
|upkeep
|turn|31
|
|t:|1758932723
|move|p2a: Ceruledge|Poltergeist|p1a: Skeledirge
|-activate|p1a: Skeledirge|move: Poltergeist|Heavy-Duty Boots
|-damage|p1a: Skeledirge|46/100
|move|p1a: Skeledirge|Earth Power|p2a: Ceruledge
|-supereffective|p2a: Ceruledge
|-damage|p2a: Ceruledge|20/100
|
|upkeep
|turn|32
|
|t:|1758932727
|move|p2a: Ceruledge|Poltergeist|p1a: Skeledirge|[miss]
|-miss|p2a: Ceruledge|p1a: Skeledirge
|move|p1a: Skeledirge|Torch Song|p2a: Ceruledge
|-resisted|p2a: Ceruledge
|-damage|p2a: Ceruledge|0 fnt
|-boost|p1a: Skeledirge|spa|1
|faint|p2a: Ceruledge
|
|upkeep
|
|t:|1758932732
|switch|p2a: Gholdengo|Gholdengo|100/100
|-item|p2a: Gholdengo|Air Balloon
|turn|33
|
|t:|1758932738
|-terastallize|p2a: Gholdengo|Fairy
|move|p2a: Gholdengo|Shadow Ball|p1a: Skeledirge
|-damage|p1a: Skeledirge|12/100
|move|p1a: Skeledirge|Slack Off|p1a: Skeledirge
|-heal|p1a: Skeledirge|62/100
|
|upkeep
|turn|34
|
|t:|1758932741
|move|p2a: Gholdengo|Shadow Ball|p1a: Skeledirge
|-damage|p1a: Skeledirge|31/100
|move|p1a: Skeledirge|Torch Song|p2a: Gholdengo
|-damage|p2a: Gholdengo|28/100
|-boost|p1a: Skeledirge|spa|1
|-enditem|p2a: Gholdengo|Air Balloon
|
|upkeep
|turn|35
|
|t:|1758932743
|move|p2a: Gholdengo|Shadow Ball|p1a: Skeledirge
|-damage|p1a: Skeledirge|0 fnt
|faint|p1a: Skeledirge
|
|win|AmphibiansRiseUp
|raw|WogerHater's rating: 1893 &rarr; <strong>1865</strong><br />(-28 for losing)
|raw|AmphibiansRiseUp's rating: 1751 &rarr; <strong>1779</strong><br />(+28 for winning)
|l|☆WogerHater
|player|p1|
|c|☆AmphibiansRiseUp|gg
|j| volcaronavgc (≧▽≦)
|l|☆AmphibiansRiseUp
|player|p2|
|l| volcaronavgc (≧▽≦)
