|j|☆barrman1313
|j|☆freakoffweeb
|t:|1758995447
|gametype|singles
|player|p1|barrman1313|brycenman|1528
|player|p2|freakoffweeb|170|1483
|gen|9
|tier|[Gen 9] OU
|rated|
|rule|HP Percentage Mod: HP is shown in percentages
|rule|Endless Battle Clause: Forcing endless battles is banned
|rule|Species Clause: Limit one of each Pokémon
|rule|OHKO Clause: OHKO moves are banned
|rule|Evasion Items Clause: Evasion items are banned
|rule|Evasion Moves Clause: Evasion moves are banned
|rule|Evasion Abilities Clause: Evasion abilities are banned
|rule|Sleep Moves Clause: Sleep-inducing moves are banned
|clearpoke
|poke|p1|Diancie|
|poke|p1|Kyurem|
|poke|p1|Necrozma|
|poke|p1|Hatterene, F|
|poke|p1|Iron Hands|
|poke|p1|Landorus-Therian, M|
|poke|p2|Rillaboom, F|
|poke|p2|Dragapult, M|
|poke|p2|Tyranitar, M|
|poke|p2|Moltres|
|poke|p2|Great Tusk|
|poke|p2|Slowking-Galar, F|
|teampreview
|inactive|Battle timer is ON: inactive players will automatically lose when time's up. (requested by freakoffweeb)
|
|t:|1758995473
|teamsize|p1|6
|teamsize|p2|6
|start
|switch|p1a: Necrozma|Necrozma|100/100
|switch|p2a: Great Tusk|Great Tusk|100/100
|turn|1
|
|t:|1758995479
|-end|p2a: Great Tusk|Protosynthesis|[silent]
|switch|p2a: Slowking|Slowking-Galar, F|100/100
|move|p1a: Necrozma|Trick Room|p1a: Necrozma
|-fieldstart|move: Trick Room|[of] p1a: Necrozma
|
|upkeep
|turn|2
|
|t:|1758995484
|move|p2a: Slowking|Future Sight|p1a: Necrozma
|-start|p2a: Slowking|move: Future Sight
|move|p1a: Necrozma|Photon Geyser|p2a: Slowking
|-damage|p2a: Slowking|68/100
|
|upkeep
|turn|3
|
|t:|1758995491
|move|p2a: Slowking|Toxic Spikes|p1a: Necrozma
|-sidestart|p1: barrman1313|move: Toxic Spikes
|move|p1a: Necrozma|Meteor Beam||[still]
|-prepare|p1a: Necrozma|Meteor Beam
|-boost|p1a: Necrozma|spa|1
|-enditem|p1a: Necrozma|Power Herb
|-anim|p1a: Necrozma|Meteor Beam|p2a: Slowking
|-damage|p2a: Slowking|30/100
|
|upkeep
|turn|4
|
|t:|1758995501
|-prepare|p2a: Slowking|Chilly Reception|[premajor]
|move|p2a: Slowking|Chilly Reception|p2a: Slowking
|-weather|Snowscape
|
|t:|1758995503
|switch|p2a: SHIN|Tyranitar, M, shiny|100/100|[from] Chilly Reception
|-weather|Sandstorm|[from] ability: Sand Stream|[of] p2a: SHIN
|move|p1a: Necrozma|Photon Geyser|p2a: SHIN
|-immune|p2a: SHIN
|
|-weather|Sandstorm|[upkeep]
|-damage|p1a: Necrozma|94/100|[from] Sandstorm
|-end|p1a: Necrozma|move: Future Sight
|-resisted|p1a: Necrozma
|-damage|p1a: Necrozma|75/100
|upkeep
|turn|5
|
|t:|1758995506
|move|p1a: Necrozma|Heat Wave|p2a: SHIN
|-resisted|p2a: SHIN
|-damage|p2a: SHIN|82/100
|move|p2a: SHIN|Knock Off|p1a: Necrozma
|-supereffective|p1a: Necrozma
|-damage|p1a: Necrozma|0 fnt
|faint|p1a: Necrozma
|
|-weather|Sandstorm|[upkeep]
|-fieldend|move: Trick Room
|upkeep
|
|t:|1758995513
|switch|p1a: Landorus|Landorus-Therian, M|100/100
|-ability|p1a: Landorus|Intimidate|boost
|-unboost|p2a: SHIN|atk|1
|turn|6
|inactive|freakoffweeb has 120 seconds left.
|
|t:|1758995547
|switch|p2a: Dragapult|Dragapult, M, shiny|100/100
|move|p1a: Landorus|Stealth Rock|p2a: Dragapult
|-sidestart|p2: freakoffweeb|move: Stealth Rock
|
|-weather|Sandstorm|[upkeep]
|-damage|p2a: Dragapult|95/100|[from] Sandstorm
|upkeep
|turn|7
|inactive|freakoffweeb has 120 seconds left.
|
|t:|1758995570
|move|p2a: Dragapult|Dragon Darts|p1a: Landorus
|-damage|p1a: Landorus|78/100
|-anim|p2a: Dragapult|Dragon Darts|p1a: Landorus
|-damage|p1a: Landorus|58/100
|move|p1a: Landorus|U-turn|p2a: Dragapult
|-resisted|p2a: Dragapult
|-damage|p2a: Dragapult|79/100
|
|t:|1758995582
|switch|p1a: Hatterene|Hatterene, F|100/100|[from] U-turn
|-status|p1a: Hatterene|psn
|
|-weather|Sandstorm|[upkeep]
|-damage|p2a: Dragapult|73/100|[from] Sandstorm
|-damage|p1a: Hatterene|95/100 psn|[from] Sandstorm
|-damage|p1a: Hatterene|82/100 psn|[from] psn
|upkeep
|turn|8
|inactive|freakoffweeb has 120 seconds left.
|
|t:|1758995613
|move|p2a: Dragapult|U-turn|p1a: Hatterene
|-damage|p1a: Hatterene|60/100 psn
|
|t:|1758995617
|switch|p2a: Slowking|Slowking-Galar, F|63/100|[from] U-turn
|move|p1a: Hatterene|Trick Room|p1a: Hatterene
|-fieldstart|move: Trick Room|[of] p1a: Hatterene
|
|-weather|none
|-damage|p1a: Hatterene|48/100 psn|[from] psn
|upkeep
|turn|9
|inactive|freakoffweeb has 90 seconds left.
|
|t:|1758995654
|move|p1a: Hatterene|Psyshock|p2a: Slowking
|-damage|p2a: Slowking|4/100
|-damage|p1a: Hatterene|38/100 psn|[from] item: Life Orb
|move|p2a: Slowking|Sludge Bomb|p1a: Hatterene
|-supereffective|p1a: Hatterene
|-damage|p1a: Hatterene|0 fnt
|faint|p1a: Hatterene
|
|upkeep
|
|t:|1758995675
|switch|p1a: Diancie|Diancie|100/100
|-status|p1a: Diancie|psn
|turn|10
|inactive|freakoffweeb has 60 seconds left.
|inactive|freakoffweeb has 30 seconds left.
|inactive|freakoffweeb has 20 seconds left.
|inactive|freakoffweeb has 15 seconds left.
|
|t:|1758995753
|-prepare|p2a: Slowking|Chilly Reception|[premajor]
|move|p2a: Slowking|Chilly Reception|p2a: Slowking
|-weather|Snowscape
|inactive|freakoffweeb has 20 seconds left this turn.
|
|t:|1758995758
|switch|p2a: Rillaboom|Rillaboom, F|100/100|[from] Chilly Reception
|-damage|p2a: Rillaboom|88/100|[from] Stealth Rock
|-fieldstart|move: Grassy Terrain|[from] ability: Grassy Surge|[of] p2a: Rillaboom
|move|p1a: Diancie|Moonblast|p2a: Rillaboom
|-damage|p2a: Rillaboom|38/100
|-unboost|p2a: Rillaboom|spa|1
|
|-weather|Snowscape|[upkeep]
|-heal|p2a: Rillaboom|44/100|[from] Grassy Terrain
|-heal|p2a: Rillaboom|50/100|[from] item: Leftovers
|-damage|p1a: Diancie|88/100 psn|[from] psn
|upkeep
|turn|11
|inactive|freakoffweeb has 30 seconds left this turn.
|inactive|barrman1313 has 120 seconds left.
|
|t:|1758995784
|move|p2a: Rillaboom|Grassy Glide|p1a: Diancie
|-supereffective|p1a: Diancie
|-damage|p1a: Diancie|24/100 psn
|move|p1a: Diancie|Moonblast|p2a: Rillaboom
|-damage|p2a: Rillaboom|0 fnt
|faint|p2a: Rillaboom
|
|-weather|Snowscape|[upkeep]
|-heal|p1a: Diancie|30/100 psn|[from] Grassy Terrain
|-damage|p1a: Diancie|18/100 psn|[from] psn
|upkeep
|inactive|freakoffweeb has 30 seconds left.
|inactive|freakoffweeb has 20 seconds left.
|
|t:|1758995801
|switch|p2a: SHIN|Tyranitar, M, shiny|82/100
|-damage|p2a: SHIN|69/100|[from] Stealth Rock
|-weather|Sandstorm|[from] ability: Sand Stream|[of] p2a: SHIN
|turn|12
|inactive|freakoffweeb has 30 seconds left this turn.
|inactive|barrman1313 has 120 seconds left.
|
|t:|1758995816
|move|p1a: Diancie|Meteor Beam||[still]
|-prepare|p1a: Diancie|Meteor Beam
|-boost|p1a: Diancie|spa|1
|-enditem|p1a: Diancie|Power Herb
|-anim|p1a: Diancie|Meteor Beam|p2a: SHIN
|-damage|p2a: SHIN|14/100
|move|p2a: SHIN|Knock Off|p1a: Diancie
|-resisted|p1a: Diancie
|-damage|p1a: Diancie|0 fnt
|faint|p1a: Diancie
|
|-weather|Sandstorm|[upkeep]
|-heal|p2a: SHIN|20/100|[from] Grassy Terrain
|-fieldend|move: Trick Room
|upkeep
|inactive|barrman1313 has 120 seconds left.
|
|t:|1758995842
|switch|p1a: Kyurem|Kyurem|100/100
|-status|p1a: Kyurem|psn
|-ability|p1a: Kyurem|Pressure
|turn|13
|inactive|freakoffweeb has 30 seconds left.
|inactive|freakoffweeb has 20 seconds left.
|inactive|freakoffweeb has 15 seconds left.
|inactive|freakoffweeb has 10 seconds left.
|inactive|freakoffweeb has 5 seconds left.
|-message|freakoffweeb lost due to inactivity.
|
|win|barrman1313
|raw|barrman1313's rating: 1528 &rarr; <strong>1544</strong><br />(+16 for winning)
|raw|freakoffweeb's rating: 1459 &rarr; <strong>1443</strong><br />(-16 for losing)
|l|☆freakoffweeb
|player|p2|
|l|☆barrman1313
|player|p1|
