|j|☆kebab.ixx
|j|☆benjiibruh
|t:|1759034940
|gametype|singles
|player|p1|kebab.ixx|101|1606
|player|p2|benjiibruh|102|1636
|gen|9
|tier|[Gen 9] OU
|rated|
|rule|HP Percentage Mod: HP is shown in percentages
|rule|Endless Battle Clause: Forcing endless battles is banned
|rule|Species Clause: Limit one of each Pokémon
|rule|OHKO Clause: OHKO moves are banned
|rule|Evasion Items Clause: Evasion items are banned
|rule|Evasion Moves Clause: Evasion moves are banned
|rule|Evasion Abilities Clause: Evasion abilities are banned
|rule|Sleep Moves Clause: Sleep-inducing moves are banned
|clearpoke
|poke|p1|Kleavor, F|
|poke|p1|Iron Crown|
|poke|p1|Cinderace, F|
|poke|p1|Pecharunt|
|poke|p1|Dragonite, F|
|poke|p1|Garchomp, F|
|poke|p2|Torkoal, F|
|poke|p2|Walking Wake|
|poke|p2|Hatterene, F|
|poke|p2|Lilligant-Hisui, F|
|poke|p2|Iron Moth|
|poke|p2|Raging Bolt|
|teampreview
|j| Rizzofreko
|
|t:|1759034951
|teamsize|p1|6
|teamsize|p2|6
|start
|switch|p1a: Kleavor|Kleavor, F|100/100
|switch|p2a: Torkoal|Torkoal, F|100/100
|-weather|SunnyDay|[from] ability: Drought|[of] p2a: Torkoal
|turn|1
|
|t:|1759034960
|move|p1a: Kleavor|Stone Axe|p2a: Torkoal
|-supereffective|p2a: Torkoal
|-damage|p2a: Torkoal|19/100
|-sidestart|p2: benjiibruh|move: Stealth Rock
|move|p2a: Torkoal|Stealth Rock|p1a: Kleavor
|-sidestart|p1: kebab.ixx|move: Stealth Rock
|
|-weather|SunnyDay|[upkeep]
|upkeep
|turn|2
|
|t:|1759034968
|switch|p2a: Hatterene|Hatterene, F|100/100
|-damage|p2a: Hatterene|88/100|[from] Stealth Rock
|move|p1a: Kleavor|Stone Axe|p2a: Hatterene
|-damage|p2a: Hatterene|45/100
|-enditem|p2a: Hatterene|Eject Button
|
|t:|1759034975
|switch|p2a: Walking Wake|Walking Wake|100/100
|-damage|p2a: Walking Wake|88/100|[from] Stealth Rock
|-activate|p2a: Walking Wake|ability: Protosynthesis
|-start|p2a: Walking Wake|protosynthesisspa
|
|-weather|SunnyDay|[upkeep]
|upkeep
|turn|3
|
|t:|1759034984
|move|p2a: Walking Wake|Hydro Steam|p1a: Kleavor
|-supereffective|p1a: Kleavor
|-enditem|p1a: Kleavor|Focus Sash
|-damage|p1a: Kleavor|1/100
|move|p1a: Kleavor|X-Scissor|p2a: Walking Wake
|-damage|p2a: Walking Wake|16/100
|
|-weather|SunnyDay|[upkeep]
|upkeep
|turn|4
|l| Rizzofreko
|
|t:|1759034994
|move|p2a: Walking Wake|Hydro Steam|p1a: Kleavor
|-supereffective|p1a: Kleavor
|-damage|p1a: Kleavor|0 fnt
|faint|p1a: Kleavor
|
|-weather|SunnyDay|[upkeep]
|upkeep
|
|t:|1759035003
|switch|p1a: Cinderace|Cinderace, F|100/100
|turn|5
|
|t:|1759035012
|move|p1a: Cinderace|Sucker Punch|p2a: Walking Wake
|-damage|p2a: Walking Wake|0 fnt
|faint|p2a: Walking Wake
|-end|p2a: Walking Wake|Protosynthesis|[silent]
|
|-weather|SunnyDay|[upkeep]
|upkeep
|
|t:|1759035019
|switch|p2a: Raging Bolt|Raging Bolt|100/100
|-damage|p2a: Raging Bolt|88/100|[from] Stealth Rock
|-activate|p2a: Raging Bolt|ability: Protosynthesis
|-start|p2a: Raging Bolt|protosynthesisspa
|turn|6
|
|t:|1759035034
|move|p1a: Cinderace|Pyro Ball|p2a: Raging Bolt
|-resisted|p2a: Raging Bolt
|-damage|p2a: Raging Bolt|54/100
|move|p2a: Raging Bolt|Dragon Pulse|p1a: Cinderace
|-damage|p1a: Cinderace|1/100
|
|-weather|SunnyDay|[upkeep]
|upkeep
|turn|7
|j| frit
|l| frit
|
|t:|1759035043
|move|p2a: Raging Bolt|Thunderclap|p1a: Cinderace
|-damage|p1a: Cinderace|0 fnt
|faint|p1a: Cinderace
|
|-weather|SunnyDay|[upkeep]
|upkeep
|
|t:|1759035046
|switch|p1a: Garchomp|Garchomp, F|100/100
|-damage|p1a: Garchomp|94/100|[from] Stealth Rock
|turn|8
|
|t:|1759035058
|-end|p2a: Raging Bolt|Protosynthesis|[silent]
|switch|p2a: Hatterene|Hatterene, F|45/100
|-damage|p2a: Hatterene|33/100|[from] Stealth Rock
|move|p1a: Garchomp|Earthquake|p2a: Hatterene
|-damage|p2a: Hatterene|0 fnt
|faint|p2a: Hatterene
|
|-weather|none
|upkeep
|
|t:|1759035068
|switch|p2a: Torkoal|Torkoal, F|19/100
|-damage|p2a: Torkoal|0 fnt|[from] Stealth Rock
|faint|p2a: Torkoal
|
|t:|1759035076
|switch|p2a: Lilligant|Lilligant-Hisui, F|100/100
|-damage|p2a: Lilligant|94/100|[from] Stealth Rock
|turn|9
|
|t:|1759035085
|switch|p1a: Iron Crown|Iron Crown|100/100
|-damage|p1a: Iron Crown|94/100|[from] Stealth Rock
|move|p2a: Lilligant|Triple Axel|p1a: Iron Crown
|-resisted|p1a: Iron Crown
|-damage|p1a: Iron Crown|89/100
|-resisted|p1a: Iron Crown
|-damage|p1a: Iron Crown|80/100
|-resisted|p1a: Iron Crown
|-damage|p1a: Iron Crown|68/100
|-hitcount|p1a: Iron Crown|3
|-damage|p2a: Lilligant|84/100|[from] item: Life Orb
|
|upkeep
|turn|10
|
|t:|1759035099
|-terastallize|p2a: Lilligant|Dark
|move|p1a: Iron Crown|Psychic Noise|p2a: Lilligant
|-immune|p2a: Lilligant
|move|p2a: Lilligant|Tera Blast|p1a: Iron Crown|[anim] Tera Blast Dark
|-supereffective|p1a: Iron Crown
|-damage|p1a: Iron Crown|0 fnt
|faint|p1a: Iron Crown
|-end|p1a: Iron Crown|Quark Drive|[silent]
|-damage|p2a: Lilligant|75/100|[from] item: Life Orb
|
|upkeep
|
|t:|1759035106
|switch|p1a: Dragonite|Dragonite, F|100/100
|turn|11
|
|t:|1759035113
|-terastallize|p1a: Dragonite|Normal
|move|p2a: Lilligant|Triple Axel|p1a: Dragonite
|-damage|p1a: Dragonite|96/100
|-damage|p1a: Dragonite|78/100
|-damage|p1a: Dragonite|51/100
|-hitcount|p1a: Dragonite|3
|-damage|p2a: Lilligant|65/100|[from] item: Life Orb
|move|p1a: Dragonite|Dragon Dance|p1a: Dragonite
|-boost|p1a: Dragonite|atk|1
|-boost|p1a: Dragonite|spe|1
|
|upkeep
|turn|12
|
|t:|1759035126
|move|p1a: Dragonite|Extreme Speed|p2a: Lilligant
|-crit|p2a: Lilligant
|-damage|p2a: Lilligant|0 fnt
|faint|p2a: Lilligant
|
|upkeep
|
|t:|1759035135
|switch|p2a: Raging Bolt|Raging Bolt|54/100
|-damage|p2a: Raging Bolt|41/100|[from] Stealth Rock
|-enditem|p2a: Raging Bolt|Booster Energy
|-activate|p2a: Raging Bolt|ability: Protosynthesis|[fromitem]
|-start|p2a: Raging Bolt|protosynthesisspa
|turn|13
|
|t:|1759035145
|move|p1a: Dragonite|Extreme Speed|p2a: Raging Bolt
|-damage|p2a: Raging Bolt|0 fnt
|faint|p2a: Raging Bolt
|-end|p2a: Raging Bolt|Protosynthesis|[silent]
|
|upkeep
|
|t:|1759035150
|switch|p2a: Iron Moth|Iron Moth|100/100
|-damage|p2a: Iron Moth|76/100|[from] Stealth Rock
|-enditem|p2a: Iron Moth|Booster Energy
|-activate|p2a: Iron Moth|ability: Quark Drive|[fromitem]
|-start|p2a: Iron Moth|quarkdrivespa
|turn|14
|j| Liminal Crow
|
|t:|1759035158
|move|p1a: Dragonite|Extreme Speed|p2a: Iron Moth
|-damage|p2a: Iron Moth|0 fnt
|faint|p2a: Iron Moth
|-end|p2a: Iron Moth|Quark Drive|[silent]
|
|win|kebab.ixx
|raw|kebab.ixx's rating: 1606 &rarr; <strong>1628</strong><br />(+22 for winning)
|raw|benjiibruh's rating: 1636 &rarr; <strong>1614</strong><br />(-22 for losing)
|l|☆benjiibruh
|player|p2|
|l|☆kebab.ixx
|player|p1|
|l| Liminal Crow
