|j|☆alfvaz
|j|☆ssss umeno
|t:|1759047391
|gametype|singles
|player|p1|alfvaz|hiker-gen4|1171
|player|p2|ssss umeno|101|1174
|gen|9
|tier|[Gen 9] OU
|rated|
|rule|HP Percentage Mod: HP is shown in percentages
|rule|Endless Battle Clause: Forcing endless battles is banned
|rule|Species Clause: Limit one of each Pokémon
|rule|OHKO Clause: OHKO moves are banned
|rule|Evasion Items Clause: Evasion items are banned
|rule|Evasion Moves Clause: Evasion moves are banned
|rule|Evasion Abilities Clause: Evasion abilities are banned
|rule|Sleep Moves Clause: Sleep-inducing moves are banned
|clearpoke
|poke|p1|Emboar, F|
|poke|p1|Deoxys-Speed|
|poke|p1|Electivire, F|
|poke|p1|Araquanid, F|
|poke|p1|Iron Treads|
|poke|p1|Gardevoir, M|
|poke|p2|Pelipper, M|
|poke|p2|Greninja-*, M|
|poke|p2|Basculegion, M|
|poke|p2|Zapdos|
|poke|p2|Sandy Shocks|
|poke|p2|Scizor, F|
|teampreview
|inactive|Battle timer is ON: inactive players will automatically lose when time's up. (requested by ssss umeno)
|
|t:|1759047407
|teamsize|p1|6
|teamsize|p2|6
|start
|switch|p1a: Electivire|Electivire, F|100/100
|switch|p2a: Sandy Shocks|Sandy Shocks|100/100
|-enditem|p2a: Sandy Shocks|Booster Energy
|-activate|p2a: Sandy Shocks|ability: Protosynthesis|[fromitem]
|-start|p2a: Sandy Shocks|protosynthesisspe
|turn|1
|
|t:|1759047427
|-terastallize|p1a: Electivire|Flying
|move|p2a: Sandy Shocks|Stealth Rock|p1a: Electivire
|-sidestart|p1: alfvaz|move: Stealth Rock
|move|p1a: Electivire|Earthquake|p2a: Sandy Shocks
|-supereffective|p2a: Sandy Shocks
|-damage|p2a: Sandy Shocks|35/100
|
|upkeep
|turn|2
|
|t:|1759047444
|move|p2a: Sandy Shocks|Thunderbolt|p1a: Electivire
|-ability|p1a: Electivire|Motor Drive|boost
|-boost|p1a: Electivire|spe|1
|move|p1a: Electivire|Ice Punch|p2a: Sandy Shocks
|-supereffective|p2a: Sandy Shocks
|-damage|p2a: Sandy Shocks|0 fnt
|faint|p2a: Sandy Shocks
|-end|p2a: Sandy Shocks|Protosynthesis|[silent]
|
|upkeep
|inactive|ssss umeno has 120 seconds left.
|
|t:|1759047494
|switch|p2a: Pelipper|Pelipper, M|100/100
|-weather|RainDance|[from] ability: Drizzle|[of] p2a: Pelipper
|turn|3
|
|t:|1759047502
|-terastallize|p2a: Pelipper|Ground
|move|p1a: Electivire|Volt Switch|p2a: Pelipper
|-immune|p2a: Pelipper
|move|p2a: Pelipper|Surf|p1a: Electivire
|-damage|p1a: Electivire|49/100
|
|-weather|RainDance|[upkeep]
|upkeep
|turn|4
|
|t:|1759047513
|switch|p1a: Araquanid|Araquanid, F, shiny|100/100
|-damage|p1a: Araquanid|75/100|[from] Stealth Rock
|move|p2a: Pelipper|Surf|p1a: Araquanid
|-resisted|p1a: Araquanid
|-damage|p1a: Araquanid|51/100
|
|-weather|RainDance|[upkeep]
|upkeep
|turn|5
|
|t:|1759047523
|move|p2a: Pelipper|U-turn|p1a: Araquanid
|-damage|p1a: Araquanid|41/100
|-enditem|p1a: Araquanid|Sitrus Berry|[eat]
|-heal|p1a: Araquanid|66/100|[from] item: Sitrus Berry
|
|t:|1759047530
|switch|p2a: Zapdos|Zapdos|100/100|[from] U-turn
|move|p1a: Araquanid|Sticky Web|p2a: Zapdos
|-sidestart|p2: ssss umeno|move: Sticky Web
|
|-weather|RainDance|[upkeep]
|upkeep
|turn|6
|inactive|ssss umeno has 90 seconds left.
|
|t:|1759047564
|switch|p1a: Electivire|Electivire, F, tera:Flying|49/100
|-damage|p1a: Electivire|24/100|[from] Stealth Rock
|move|p2a: Zapdos|Thunder|p1a: Electivire
|-ability|p1a: Electivire|Motor Drive|boost
|-boost|p1a: Electivire|spe|1
|
|-weather|RainDance|[upkeep]
|upkeep
|turn|7
|
|t:|1759047577
|move|p1a: Electivire|Ice Punch|p2a: Zapdos
|-supereffective|p2a: Zapdos
|-crit|p2a: Zapdos
|-damage|p2a: Zapdos|38/100
|-status|p2a: Zapdos|frz
|-status|p1a: Electivire|par|[from] ability: Static|[of] p2a: Zapdos
|cant|p2a: Zapdos|frz
|
|-weather|RainDance|[upkeep]
|upkeep
|turn|8
|
|t:|1759047595
|cant|p2a: Zapdos|frz
|move|p1a: Electivire|Ice Punch|p2a: Zapdos
|-supereffective|p2a: Zapdos
|-damage|p2a: Zapdos|2/100 frz
|
|-weather|RainDance|[upkeep]
|upkeep
|turn|9
|inactive|ssss umeno has 90 seconds left.
|l|☆ssss umeno
|inactive|ssss umeno disconnected and has a minute to reconnect!
|player|p2|
|inactive|ssss umeno has 30 seconds to reconnect!
|j|☆ssss umeno
|inactive|ssss umeno reconnected and has 30 seconds left.
|player|p2|ssss umeno|101|
|
|t:|1759047664
|cant|p2a: Zapdos|frz
|cant|p1a: Electivire|par
|
|-weather|RainDance|[upkeep]
|upkeep
|turn|10
|
|t:|1759047670
|cant|p2a: Zapdos|frz
|move|p1a: Electivire|Ice Punch|p2a: Zapdos
|-supereffective|p2a: Zapdos
|-damage|p2a: Zapdos|0 fnt
|faint|p2a: Zapdos
|
|-weather|none
|upkeep
|
|t:|1759047677
|switch|p2a: Scizor|Scizor, F|100/100
|-activate|p2a: Scizor|move: Sticky Web
|-unboost|p2a: Scizor|spe|1
|turn|11
|
|t:|1759047682
|move|p2a: Scizor|Bullet Punch|p1a: Electivire
|-damage|p1a: Electivire|0 fnt
|faint|p1a: Electivire
|
|upkeep
|
|t:|1759047686
|switch|p1a: Iron Treads|Iron Treads|100/100
|-damage|p1a: Iron Treads|97/100|[from] Stealth Rock
|turn|12
|inactive|ssss umeno has 60 seconds left.
|inactive|ssss umeno has 30 seconds left.
|
|t:|1759047724
|move|p1a: Iron Treads|Stealth Rock|p2a: Scizor
|-sidestart|p2: ssss umeno|move: Stealth Rock
|move|p2a: Scizor|Close Combat|p1a: Iron Treads
|-supereffective|p1a: Iron Treads
|-damage|p1a: Iron Treads|38/100
|-unboost|p2a: Scizor|def|1
|-unboost|p2a: Scizor|spd|1
|
|-heal|p1a: Iron Treads|44/100|[from] item: Leftovers
|upkeep
|turn|13
|inactive|ssss umeno has 30 seconds left.
|
|t:|1759047735
|move|p1a: Iron Treads|Rapid Spin|p2a: Scizor
|-resisted|p2a: Scizor
|-damage|p2a: Scizor|91/100
|-boost|p1a: Iron Treads|spe|1
|-sideend|p1: alfvaz|Stealth Rock|[from] move: Rapid Spin|[of] p1a: Iron Treads
|move|p2a: Scizor|Close Combat|p1a: Iron Treads
|-supereffective|p1a: Iron Treads
|-damage|p1a: Iron Treads|0 fnt
|-unboost|p2a: Scizor|def|1
|-unboost|p2a: Scizor|spd|1
|faint|p1a: Iron Treads
|-end|p1a: Iron Treads|Quark Drive|[silent]
|
|upkeep
|
|t:|1759047746
|switch|p1a: Emboar|Emboar, F, shiny|100/100
|turn|14
|
|t:|1759047754
|switch|p2a: Pelipper|Pelipper, M, tera:Ground|100/100
|-activate|p2a: Pelipper|move: Sticky Web
|-unboost|p2a: Pelipper|spe|1
|-damage|p2a: Pelipper|95/100|[from] Stealth Rock
|-weather|RainDance|[from] ability: Drizzle|[of] p2a: Pelipper
|move|p1a: Emboar|Flare Blitz|p2a: Pelipper
|-damage|p2a: Pelipper|34/100
|-damage|p1a: Emboar|83/100|[from] Recoil
|
|-weather|RainDance|[upkeep]
|upkeep
|turn|15
|
|t:|1759047766
|move|p1a: Emboar|Flare Blitz|p2a: Pelipper
|-damage|p2a: Pelipper|0 fnt
|faint|p2a: Pelipper
|-damage|p1a: Emboar|73/100|[from] Recoil
|
|-weather|RainDance|[upkeep]
|upkeep
|
|t:|1759047773
|switch|p2a: Basculegion|Basculegion, M|100/100
|-activate|p2a: Basculegion|move: Sticky Web
|-unboost|p2a: Basculegion|spe|1
|-damage|p2a: Basculegion|88/100|[from] Stealth Rock
|turn|16
|
|t:|1759047786
|switch|p1a: Araquanid|Araquanid, F, shiny|66/100
|move|p2a: Basculegion|Aqua Jet|p1a: Araquanid
|-resisted|p1a: Araquanid
|-damage|p1a: Araquanid|43/100
|
|-weather|RainDance|[upkeep]
|upkeep
|turn|17
|l|☆ssss umeno
|inactive|ssss umeno disconnected and has a minute to reconnect!
|player|p2|
|inactive|ssss umeno has 30 seconds left.
|inactive|ssss umeno has 20 seconds left.
|inactive|ssss umeno has 15 seconds left.
|inactive|ssss umeno has 10 seconds left.
|inactive|ssss umeno has 5 seconds left.
|-message|ssss umeno lost due to inactivity.
|
|win|alfvaz
|raw|alfvaz's rating: 1171 &rarr; <strong>1196</strong><br />(+25 for winning)
|raw|ssss umeno's rating: 1174 &rarr; <strong>1149</strong><br />(-25 for losing)
|l|☆alfvaz
|player|p1|
|j|☆ssss umeno
|player|p2|ssss umeno|101|
|l|☆ssss umeno
|player|p2|
