|j|☆maziati
|j|☆stario10
|t:|1758940171
|gametype|singles
|player|p1|maziati|leaf-gen3|1091
|player|p2|stario10|1|1097
|gen|9
|tier|[Gen 9] OU
|rated|
|rule|HP Percentage Mod: HP is shown in percentages
|rule|Endless Battle Clause: Forcing endless battles is banned
|rule|Species Clause: Limit one of each Pokémon
|rule|OHKO Clause: OHKO moves are banned
|rule|Evasion Items Clause: Evasion items are banned
|rule|Evasion Moves Clause: Evasion moves are banned
|rule|Evasion Abilities Clause: Evasion abilities are banned
|rule|Sleep Moves Clause: Sleep-inducing moves are banned
|clearpoke
|poke|p1|Arcanine-Hisui, F|
|poke|p1|Flareon, F|
|poke|p1|Weavile, F|
|poke|p1|Espeon, F|
|poke|p1|Torkoal, M|
|poke|p1|Lilligant-Hisui, F|
|poke|p2|Araquanid, F|
|poke|p2|Gholdengo|
|poke|p2|Garganacl, F|
|poke|p2|Meowscarada, M|
|poke|p2|Iron Moth|
|poke|p2|Dragapult, M|
|teampreview
|
|t:|1758940192
|teamsize|p1|6
|teamsize|p2|6
|start
|switch|p1a: Torkoal|Torkoal, M|100/100
|switch|p2a: Sniper|Dragapult, M|100/100
|-weather|SunnyDay|[from] ability: Drought|[of] p1a: Torkoal
|turn|1
|
|t:|1758940221
|move|p2a: Sniper|Dragon Darts|p1a: Torkoal
|-damage|p1a: Torkoal|77/100
|-anim|p2a: Sniper|Dragon Darts|p1a: Torkoal
|-damage|p1a: Torkoal|54/100
|-damage|p2a: Sniper|91/100|[from] item: Life Orb
|move|p1a: Torkoal|Stealth Rock|p2a: Sniper
|-sidestart|p2: stario10|move: Stealth Rock
|
|-weather|SunnyDay|[upkeep]
|upkeep
|turn|2
|
|t:|1758940251
|move|p2a: Sniper|Dragon Darts|p1a: Torkoal
|-damage|p1a: Torkoal|30/100
|-anim|p2a: Sniper|Dragon Darts|p1a: Torkoal
|-damage|p1a: Torkoal|8/100
|-damage|p2a: Sniper|81/100|[from] item: Life Orb
|move|p1a: Torkoal|Lava Plume|p2a: Sniper
|-resisted|p2a: Sniper
|-damage|p2a: Sniper|56/100
|-status|p2a: Sniper|brn
|
|-weather|SunnyDay|[upkeep]
|-damage|p2a: Sniper|50/100 brn|[from] brn
|upkeep
|turn|3
|
|t:|1758940274
|move|p2a: Sniper|Dragon Darts|p1a: Torkoal
|-damage|p1a: Torkoal|0 fnt
|faint|p1a: Torkoal
|-damage|p2a: Sniper|40/100 brn|[from] item: Life Orb
|
|-weather|SunnyDay|[upkeep]
|-damage|p2a: Sniper|34/100 brn|[from] brn
|upkeep
|
|t:|1758940296
|switch|p1a: Weavile|Weavile, F|100/100
|-ability|p1a: Weavile|Pressure
|turn|4
|
|t:|1758940308
|move|p2a: Sniper|U-turn|p1a: Weavile
|-supereffective|p1a: Weavile
|-damage|p1a: Weavile|49/100
|-damage|p2a: Sniper|24/100 brn|[from] item: Life Orb
|
|t:|1758940318
|switch|p2a: Rocky|Garganacl, F|100/100|[from] U-turn
|-damage|p2a: Rocky|88/100|[from] Stealth Rock
|move|p1a: Weavile|Knock Off|p2a: Rocky
|-damage|p2a: Rocky|64/100
|-damage|p1a: Weavile|32/100|[from] item: Rocky Helmet|[of] p2a: Rocky
|-enditem|p2a: Rocky|Rocky Helmet|[from] move: Knock Off|[of] p1a: Weavile
|
|-weather|SunnyDay|[upkeep]
|upkeep
|turn|5
|
|t:|1758940334
|move|p1a: Weavile|Triple Axel|p2a: Rocky
|-damage|p2a: Rocky|59/100
|-damage|p2a: Rocky|49/100
|-damage|p2a: Rocky|33/100
|-hitcount|p2a: Rocky|3
|move|p2a: Rocky|Salt Cure|p1a: Weavile
|-supereffective|p1a: Weavile
|-damage|p1a: Weavile|0 fnt
|faint|p1a: Weavile
|
|-weather|SunnyDay|[upkeep]
|upkeep
|
|t:|1758940345
|switch|p1a: Lilligant|Lilligant-Hisui, F|100/100
|turn|6
|inactive|Battle timer is ON: inactive players will automatically lose when time's up. (requested by maziati)
|
|t:|1758940375
|switch|p2a: NASA|Iron Moth|100/100
|-damage|p2a: NASA|76/100|[from] Stealth Rock
|-enditem|p2a: NASA|Booster Energy
|-activate|p2a: NASA|ability: Quark Drive|[fromitem]
|-start|p2a: NASA|quarkdrivespa
|move|p1a: Lilligant|Solar Blade||[still]
|-prepare|p1a: Lilligant|Solar Blade
|-anim|p1a: Lilligant|Solar Blade|p2a: NASA
|-resisted|p2a: NASA
|-damage|p2a: NASA|43/100
|-damage|p1a: Lilligant|91/100|[from] item: Life Orb
|
|-weather|SunnyDay|[upkeep]
|upkeep
|turn|7
|
|t:|1758940396
|switch|p1a: Flareon|Flareon, F|100/100
|move|p2a: NASA|Acid Spray|p1a: Flareon
|-damage|p1a: Flareon|68/100
|-unboost|p1a: Flareon|spd|2
|
|-weather|SunnyDay|[upkeep]
|-heal|p1a: Flareon|74/100|[from] item: Leftovers
|upkeep
|turn|8
|inactive|maziati has 120 seconds left.
|
|t:|1758940424
|move|p2a: NASA|Acid Spray|p1a: Flareon
|-damage|p1a: Flareon|6/100
|-unboost|p1a: Flareon|spd|2
|move|p1a: Flareon|Flare Blitz|p2a: NASA
|-resisted|p2a: NASA
|-damage|p2a: NASA|0 fnt
|faint|p2a: NASA
|-end|p2a: NASA|Quark Drive|[silent]
|-damage|p1a: Flareon|0 fnt|[from] Recoil
|faint|p1a: Flareon
|
|-weather|none
|upkeep
|inactive|stario10 has 120 seconds left.
|
|t:|1758940446
|switch|p2a: Yoylecake|Araquanid, F|100/100
|switch|p1a: Espeon|Espeon, F|100/100
|-damage|p2a: Yoylecake|75/100|[from] Stealth Rock
|turn|9
|
|t:|1758940455
|-terastallize|p1a: Espeon|Fairy
|move|p1a: Espeon|Calm Mind|p1a: Espeon
|-boost|p1a: Espeon|spa|1
|-boost|p1a: Espeon|spd|1
|move|p2a: Yoylecake|Leech Life|p1a: Espeon
|-resisted|p1a: Espeon
|-damage|p1a: Espeon|71/100
|-heal|p2a: Yoylecake|87/100|[from] drain|[of] p1a: Espeon
|
|-heal|p1a: Espeon|77/100|[from] item: Leftovers
|-heal|p2a: Yoylecake|93/100|[from] item: Leftovers
|upkeep
|turn|10
|inactive|maziati has 90 seconds left.
|
|t:|1758940496
|move|p1a: Espeon|Draining Kiss|p2a: Yoylecake
|-damage|p2a: Yoylecake|58/100
|-heal|p1a: Espeon|100/100|[from] drain|[of] p2a: Yoylecake
|move|p2a: Yoylecake|Waterfall|p1a: Espeon
|-damage|p1a: Espeon|0 fnt
|faint|p1a: Espeon
|
|-heal|p2a: Yoylecake|64/100|[from] item: Leftovers
|upkeep
|
|t:|1758940511
|switch|p1a: Lilligant|Lilligant-Hisui, F|91/100
|turn|11
|
|t:|1758940517
|move|p1a: Lilligant|Close Combat|p2a: Yoylecake
|-resisted|p2a: Yoylecake
|-damage|p2a: Yoylecake|21/100
|-unboost|p1a: Lilligant|def|1
|-unboost|p1a: Lilligant|spd|1
|-damage|p1a: Lilligant|81/100|[from] item: Life Orb
|move|p2a: Yoylecake|Leech Life|p1a: Lilligant
|-damage|p1a: Lilligant|16/100
|-heal|p2a: Yoylecake|48/100|[from] drain|[of] p1a: Lilligant
|
|-heal|p2a: Yoylecake|54/100|[from] item: Leftovers
|upkeep
|turn|12
|
|t:|1758940536
|move|p1a: Lilligant|Close Combat|p2a: Yoylecake
|-resisted|p2a: Yoylecake
|-damage|p2a: Yoylecake|14/100
|-unboost|p1a: Lilligant|def|1
|-unboost|p1a: Lilligant|spd|1
|-damage|p1a: Lilligant|6/100|[from] item: Life Orb
|move|p2a: Yoylecake|Waterfall|p1a: Lilligant
|-resisted|p1a: Lilligant
|-damage|p1a: Lilligant|0 fnt
|faint|p1a: Lilligant
|
|-heal|p2a: Yoylecake|20/100|[from] item: Leftovers
|upkeep
|
|t:|1758940549
|switch|p1a: Arcanine|Arcanine-Hisui, F|100/100
|turn|13
|
|t:|1758940568
|move|p1a: Arcanine|Head Smash|p2a: Yoylecake
|-supereffective|p2a: Yoylecake
|-damage|p2a: Yoylecake|0 fnt
|faint|p2a: Yoylecake
|
|upkeep
|
|t:|1758940577
|switch|p2a: Mr Rich|Gholdengo|100/100
|-damage|p2a: Mr Rich|94/100|[from] Stealth Rock
|turn|14
|inactive|maziati has 90 seconds left.
|
|t:|1758940586
|move|p1a: Arcanine|Flare Blitz|p2a: Mr Rich
|-supereffective|p2a: Mr Rich
|-damage|p2a: Mr Rich|0 fnt
|faint|p2a: Mr Rich
|
|upkeep
|
|t:|1758940593
|switch|p2a: Sniper|Dragapult, M|24/100 brn
|-damage|p2a: Sniper|12/100 brn|[from] Stealth Rock
|turn|15
|inactive|maziati has 90 seconds left.
|
|t:|1758940614
|move|p2a: Sniper|Dragon Darts|p1a: Arcanine
|-crit|p1a: Arcanine
|-damage|p1a: Arcanine|70/100
|-anim|p2a: Sniper|Dragon Darts|p1a: Arcanine
|-damage|p1a: Arcanine|49/100
|-damage|p2a: Sniper|2/100 brn|[from] item: Life Orb
|move|p1a: Arcanine|Head Smash|p2a: Sniper
|-damage|p2a: Sniper|0 fnt
|faint|p2a: Sniper
|
|upkeep
|
|t:|1758940627
|switch|p2a: Rocky|Garganacl, F|33/100
|-damage|p2a: Rocky|20/100|[from] Stealth Rock
|turn|16
|inactive|maziati has 90 seconds left.
|
|t:|1758940653
|move|p2a: Rocky|Protect|p2a: Rocky
|-singleturn|p2a: Rocky|Protect
|move|p1a: Arcanine|Head Smash|p2a: Rocky
|-activate|p2a: Rocky|move: Protect
|
|upkeep
|turn|17
|
|t:|1758940662
|-terastallize|p2a: Rocky|Steel
|move|p1a: Arcanine|Head Smash|p2a: Rocky
|-resisted|p2a: Rocky
|-damage|p2a: Rocky|3/100
|move|p2a: Rocky|Recover|p2a: Rocky
|-heal|p2a: Rocky|53/100
|
|upkeep
|turn|18
|
|t:|1758940677
|move|p2a: Rocky|Protect|p2a: Rocky
|-singleturn|p2a: Rocky|Protect
|move|p1a: Arcanine|Flare Blitz|p2a: Rocky
|-activate|p2a: Rocky|move: Protect
|
|upkeep
|turn|19
|inactive|maziati has 90 seconds left.
|
|t:|1758940688
|move|p1a: Arcanine|Flare Blitz|p2a: Rocky
|-supereffective|p2a: Rocky
|-damage|p2a: Rocky|0 fnt
|faint|p2a: Rocky
|
|upkeep
|
|t:|1758940693
|switch|p2a: Lance|Meowscarada, M|100/100
|-damage|p2a: Lance|88/100|[from] Stealth Rock
|turn|20
|inactive|maziati has 90 seconds left.
|
|t:|1758940713
|move|p2a: Lance|Knock Off|p1a: Arcanine
|-start|p2a: Lance|typechange|Dark|[from] ability: Protean
|-damage|p1a: Arcanine|0 fnt
|-enditem|p1a: Arcanine|Heavy-Duty Boots|[from] move: Knock Off|[of] p2a: Lance
|faint|p1a: Arcanine
|
|win|stario10
|raw|maziati's rating: 1091 &rarr; <strong>1068</strong><br />(-23 for losing)
|raw|stario10's rating: 1097 &rarr; <strong>1122</strong><br />(+25 for winning)
