|j|☆polo4569
|j|☆zonix14
|t:|1758952594
|gametype|singles
|player|p1|polo4569|169|1328
|player|p2|zonix14|266|1337
|gen|9
|tier|[Gen 9] OU
|rated|
|rule|HP Percentage Mod: HP is shown in percentages
|rule|Endless Battle Clause: Forcing endless battles is banned
|rule|Species Clause: Limit one of each Pokémon
|rule|OHKO Clause: OHKO moves are banned
|rule|Evasion Items Clause: Evasion items are banned
|rule|Evasion Moves Clause: Evasion moves are banned
|rule|Evasion Abilities Clause: Evasion abilities are banned
|rule|Sleep Moves Clause: Sleep-inducing moves are banned
|clearpoke
|poke|p1|Garchomp, M|
|poke|p1|Revavroom, M|
|poke|p1|Samurott-Hisui, M|
|poke|p1|Zapdos|
|poke|p1|Sinistcha-Masterpiece|
|poke|p1|Arcanine-Hisui, F|
|poke|p2|Masquerain, F|
|poke|p2|Cinderace, M|
|poke|p2|Serperior, M|
|poke|p2|Gholdengo|
|poke|p2|Iron Moth|
|poke|p2|Hawlucha, F|
|teampreview
|inactive|Battle timer is ON: inactive players will automatically lose when time's up. (requested by zonix14)
|
|t:|1758952611
|teamsize|p1|6
|teamsize|p2|6
|start
|switch|p1a: Samurott|Samurott-Hisui, M|100/100
|switch|p2a: Masquerain|Masquerain, F|100/100
|-ability|p2a: Masquerain|Intimidate|boost
|-unboost|p1a: Samurott|atk|1
|turn|1
|
|t:|1758952616
|move|p1a: Samurott|Flip Turn|p2a: Masquerain
|-damage|p2a: Masquerain|70/100
|
|t:|1758952626
|switch|p1a: Arcanine|Arcanine-Hisui, F|100/100|[from] Flip Turn
|move|p2a: Masquerain|Sticky Web|p1a: Arcanine
|-sidestart|p1: polo4569|move: Sticky Web
|
|upkeep
|turn|2
|
|t:|1758952637
|move|p1a: Arcanine|Head Smash|p2a: Masquerain
|-supereffective|p2a: Masquerain
|-damage|p2a: Masquerain|0 fnt
|faint|p2a: Masquerain
|-damage|p1a: Arcanine|91/100|[from] item: Life Orb
|
|upkeep
|
|t:|1758952640
|switch|p2a: Cinderace|Cinderace, M|100/100
|turn|3
|
|t:|1758952658
|-terastallize|p1a: Arcanine|Psychic
|move|p2a: Cinderace|High Jump Kick|p1a: Arcanine
|-resisted|p1a: Arcanine
|-damage|p1a: Arcanine|67/100
|move|p1a: Arcanine|Head Smash|p2a: Cinderace
|-supereffective|p2a: Cinderace
|-enditem|p2a: Cinderace|Focus Sash
|-damage|p2a: Cinderace|1/100
|-damage|p1a: Arcanine|57/100|[from] item: Life Orb
|
|upkeep
|turn|4
|
|t:|1758952665
|move|p1a: Arcanine|Extreme Speed|p2a: Cinderace
|-damage|p2a: Cinderace|0 fnt
|faint|p2a: Cinderace
|-damage|p1a: Arcanine|47/100|[from] item: Life Orb
|
|upkeep
|
|t:|1758952693
|switch|p2a: Serperior|Serperior, M|100/100
|turn|5
|
|t:|1758952704
|-terastallize|p2a: Serperior|Ghost
|move|p2a: Serperior|Substitute|p2a: Serperior
|-start|p2a: Serperior|Substitute
|-damage|p2a: Serperior|75/100
|move|p1a: Arcanine|Flare Blitz|p2a: Serperior
|-end|p2a: Serperior|Substitute
|-damage|p1a: Arcanine|37/100|[from] item: Life Orb
|
|upkeep
|turn|6
|
|t:|1758952709
|move|p2a: Serperior|Leaf Storm|p1a: Arcanine
|-damage|p1a: Arcanine|0 fnt
|-boost|p2a: Serperior|spa|2
|faint|p1a: Arcanine
|
|upkeep
|
|t:|1758952722
|switch|p1a: Revavroom|Revavroom, M|100/100
|-activate|p1a: Revavroom|move: Sticky Web
|-unboost|p1a: Revavroom|spe|1
|turn|7
|
|t:|1758952727
|move|p2a: Serperior|Leaf Storm|p1a: Revavroom
|-resisted|p1a: Revavroom
|-damage|p1a: Revavroom|66/100
|-boost|p2a: Serperior|spa|2
|move|p1a: Revavroom|Shift Gear|p1a: Revavroom
|-boost|p1a: Revavroom|spe|2
|-boost|p1a: Revavroom|atk|1
|
|-heal|p1a: Revavroom|72/100|[from] item: Black Sludge
|upkeep
|turn|8
|
|t:|1758952733
|move|p1a: Revavroom|Iron Head|p2a: Serperior
|-damage|p2a: Serperior|0 fnt
|faint|p2a: Serperior
|
|-heal|p1a: Revavroom|78/100|[from] item: Black Sludge
|upkeep
|-message|zonix14 forfeited.
|
|win|polo4569
|raw|polo4569's rating: 1328 &rarr; <strong>1349</strong><br />(+21 for winning)
|raw|zonix14's rating: 1337 &rarr; <strong>1316</strong><br />(-21 for losing)
|l|☆zonix14
|player|p2|
|l|☆polo4569
|player|p1|
