|j|☆quhairuru
|j|☆Memergg
|inactive|Battle timer is ON: inactive players will automatically lose when time's up.
|t:|1758981232
|gametype|singles
|j|*Lady Monita ☀
|player|p1|quhairuru|blackbelt|
|player|p2|Memergg|colress|
|gen|9
|tier|[Gen 9] OU
|rated|Tournament battle
|rule|HP Percentage Mod: HP is shown in percentages
|rule|Endless Battle Clause: Forcing endless battles is banned
|rule|Species Clause: Limit one of each Pokémon
|rule|OHKO Clause: OHKO moves are banned
|rule|Evasion Items Clause: Evasion items are banned
|rule|Evasion Moves Clause: Evasion moves are banned
|rule|Evasion Abilities Clause: Evasion abilities are banned
|rule|Sleep Moves Clause: Sleep-inducing moves are banned
|rule|Blitz: Super-fast timer
|rule|Inverse Mod: Weaknesses become resistances, while resistances and immunities become weaknesses.
|raw|<div class="infobox"><details class="readmore" open><summary><strong>2 custom rules:</strong></summary> Blitz, Inverse Mod</details></div>
|clearpoke
|poke|p1|Ceruledge, M|
|poke|p1|Venusaur, F|
|poke|p1|Hatterene, F|
|poke|p1|Great Tusk|
|poke|p1|Ninetales, M|
|poke|p1|Walking Wake|
|poke|p2|Kingambit, M|
|poke|p2|Great Tusk|
|poke|p2|Ogerpon-Wellspring, F|
|poke|p2|Glimmora, M|
|poke|p2|Iron Moth|
|poke|p2|Zamazenta-*|
|teampreview
|inactive|Memergg also wants the timer to be on.
|inactive|quhairuru has 30 seconds left.
|
|t:|1758981243
|teamsize|p1|6
|teamsize|p2|6
|start
|switch|p1a: Kurama Chakra Mode|Ninetales, M|100/100
|switch|p2a: Iron Moth|Iron Moth|100/100
|-weather|SunnyDay|[from] ability: Drought|[of] p1a: Kurama Chakra Mode
|-enditem|p2a: Iron Moth|Booster Energy
|-activate|p2a: Iron Moth|ability: Quark Drive|[fromitem]
|-start|p2a: Iron Moth|quarkdrivespe
|turn|1
|inactive|quhairuru has 10 seconds left.
|inactive|Memergg has 10 seconds left.
|
|t:|1758981251
|move|p2a: Iron Moth|Fiery Dance|p1a: Kurama Chakra Mode
|-supereffective|p1a: Kurama Chakra Mode
|-damage|p1a: Kurama Chakra Mode|0 fnt
|faint|p1a: Kurama Chakra Mode
|
|-weather|SunnyDay|[upkeep]
|upkeep
|inactive|quhairuru has 10 seconds left.
|
|t:|1758981257
|switch|p1a: Venu Vidi Vici|Venusaur, F|100/100
|turn|2
|
|t:|1758981261
|move|p2a: Iron Moth|Substitute|p2a: Iron Moth
|-start|p2a: Iron Moth|Substitute
|-damage|p2a: Iron Moth|76/100
|move|p1a: Venu Vidi Vici|Giga Drain|p2a: Iron Moth
|-supereffective|p2a: Iron Moth
|-end|p2a: Iron Moth|Substitute
|-damage|p1a: Venu Vidi Vici|91/100|[from] item: Life Orb
|
|-weather|SunnyDay|[upkeep]
|upkeep
|turn|3
|inactive|quhairuru has 10 seconds left.
|inactive|Memergg has 10 seconds left.
|
|t:|1758981267
|move|p2a: Iron Moth|Sludge Wave|p1a: Venu Vidi Vici
|-damage|p1a: Venu Vidi Vici|33/100
|move|p1a: Venu Vidi Vici|Giga Drain|p2a: Iron Moth
|-supereffective|p2a: Iron Moth
|-damage|p2a: Iron Moth|0 fnt
|-heal|p1a: Venu Vidi Vici|70/100|[from] drain|[of] p2a: Iron Moth
|faint|p2a: Iron Moth
|-end|p2a: Iron Moth|Quark Drive|[silent]
|-damage|p1a: Venu Vidi Vici|60/100|[from] item: Life Orb
|
|-weather|SunnyDay|[upkeep]
|upkeep
|inactive|Memergg has 10 seconds left.
|
|t:|1758981273
|switch|p2a: Ogerpon|Ogerpon-Wellspring, F|100/100
|turn|4
|
|t:|1758981277
|move|p1a: Venu Vidi Vici|Giga Drain|p2a: Ogerpon
|-damage|p2a: Ogerpon|49/100
|-heal|p1a: Venu Vidi Vici|86/100|[from] drain|[of] p2a: Ogerpon
|-damage|p1a: Venu Vidi Vici|76/100|[from] item: Life Orb
|move|p2a: Ogerpon|Ivy Cudgel|p1a: Venu Vidi Vici|[anim] Ivy Cudgel Water
|-supereffective|p1a: Venu Vidi Vici
|-crit|p1a: Venu Vidi Vici
|-damage|p1a: Venu Vidi Vici|0 fnt
|faint|p1a: Venu Vidi Vici
|
|-weather|SunnyDay|[upkeep]
|upkeep
|inactive|quhairuru has 10 seconds left.
|
|t:|1758981283
|switch|p1a: Slayboi Carti|Ceruledge, M|100/100
|turn|5
|inactive|Memergg has 10 seconds left.
|
|t:|1758981291
|move|p2a: Ogerpon|Knock Off|p1a: Slayboi Carti
|-resisted|p1a: Slayboi Carti
|-damage|p1a: Slayboi Carti|72/100
|-ability|p1a: Slayboi Carti|Weak Armor|boost
|-unboost|p1a: Slayboi Carti|def|1
|-boost|p1a: Slayboi Carti|spe|2
|-enditem|p1a: Slayboi Carti|Focus Sash|[from] move: Knock Off|[of] p2a: Ogerpon
|move|p1a: Slayboi Carti|Solar Blade||[still]
|-prepare|p1a: Slayboi Carti|Solar Blade
|-anim|p1a: Slayboi Carti|Solar Blade|p2a: Ogerpon
|-damage|p2a: Ogerpon|0 fnt
|faint|p2a: Ogerpon
|
|-weather|SunnyDay|[upkeep]
|upkeep
|inactive|Memergg has 10 seconds left.
|
|t:|1758981300
|switch|p2a: Great Tusk|Great Tusk|100/100
|-activate|p2a: Great Tusk|ability: Protosynthesis
|-start|p2a: Great Tusk|protosynthesisspe
|turn|6
|inactive|quhairuru has 10 seconds left.
|inactive|Memergg has 10 seconds left.
|
|t:|1758981306
|move|p1a: Slayboi Carti|Bitter Blade|p2a: Great Tusk
|-damage|p2a: Great Tusk|55/100
|-heal|p1a: Slayboi Carti|100/100|[from] drain|[of] p2a: Great Tusk
|move|p2a: Great Tusk|Bulk Up|p2a: Great Tusk
|-boost|p2a: Great Tusk|atk|1
|-boost|p2a: Great Tusk|def|1
|
|-weather|SunnyDay|[upkeep]
|upkeep
|turn|7
|inactive|quhairuru has 10 seconds left.
|inactive|Memergg has 10 seconds left.
|
|t:|1758981315
|-terastallize|p2a: Great Tusk|Ice
|move|p1a: Slayboi Carti|Swords Dance|p1a: Slayboi Carti
|-boost|p1a: Slayboi Carti|atk|2
|move|p2a: Great Tusk|Bulk Up|p2a: Great Tusk
|-boost|p2a: Great Tusk|atk|1
|-boost|p2a: Great Tusk|def|1
|
|-weather|SunnyDay|[upkeep]
|upkeep
|turn|8
|
|t:|1758981320
|move|p1a: Slayboi Carti|Bitter Blade|p2a: Great Tusk
|-resisted|p2a: Great Tusk
|-damage|p2a: Great Tusk|34/100
|move|p2a: Great Tusk|Rapid Spin|p1a: Slayboi Carti
|-supereffective|p1a: Slayboi Carti
|-damage|p1a: Slayboi Carti|0 fnt
|-boost|p2a: Great Tusk|spe|1
|faint|p1a: Slayboi Carti
|
|-weather|none
|-end|p2a: Great Tusk|Protosynthesis
|upkeep
|-enditem|p2a: Great Tusk|Booster Energy
|-activate|p2a: Great Tusk|ability: Protosynthesis|[fromitem]
|-start|p2a: Great Tusk|protosynthesisatk
|
|t:|1758981324
|switch|p1a: Lynrd Spynrd|Great Tusk|100/100
|turn|9
|inactive|Memergg has 10 seconds left.
|
|t:|1758981330
|move|p2a: Great Tusk|Headlong Rush|p1a: Lynrd Spynrd
|-damage|p1a: Lynrd Spynrd|14/100
|-unboost|p2a: Great Tusk|def|1
|-unboost|p2a: Great Tusk|spd|1
|-damage|p2a: Great Tusk|18/100|[from] item: Rocky Helmet|[of] p1a: Lynrd Spynrd
|move|p1a: Lynrd Spynrd|Ice Spinner|p2a: Great Tusk
|-supereffective|p2a: Great Tusk
|-damage|p2a: Great Tusk|0 fnt
|faint|p2a: Great Tusk
|-end|p2a: Great Tusk|Protosynthesis|[silent]
|
|upkeep
|inactive|Memergg has 10 seconds left.
|
|t:|1758981337
|switch|p2a: Kingambit|Kingambit, M|100/100
|-activate|p2a: Kingambit|ability: Supreme Overlord
|-start|p2a: Kingambit|fallen3|[silent]
|turn|10
|inactive|quhairuru has 10 seconds left.
|
|t:|1758981345
|-end|p1a: Lynrd Spynrd|Protosynthesis|[silent]
|switch|p1a: Die w A Smile|Hatterene, F|100/100
|move|p2a: Kingambit|Sucker Punch||[still]
|-fail|p2a: Kingambit
|
|upkeep
|turn|11
|inactive|Memergg has 10 seconds left.
|
|t:|1758981350
|-end|p2a: Kingambit|fallen3|[silent]
|switch|p2a: Glimmora|Glimmora, M|100/100
|move|p1a: Die w A Smile|Nuzzle|p2a: Glimmora
|-crit|p2a: Glimmora
|-damage|p2a: Glimmora|93/100
|-status|p2a: Glimmora|par
|-activate|p2a: Glimmora|ability: Toxic Debris
|-sidestart|p1: quhairuru|move: Toxic Spikes
|
|upkeep
|turn|12
|inactive|Memergg has 10 seconds left.
|
|t:|1758981359
|move|p2a: Glimmora|Power Gem|p1a: Die w A Smile
|-damage|p1a: Die w A Smile|58/100
|-enditem|p1a: Die w A Smile|Eject Button
|
|t:|1758981364
|switch|p1a: Dubya|Walking Wake|100/100
|-status|p1a: Dubya|psn
|
|-damage|p1a: Dubya|88/100 psn|[from] psn
|upkeep
|turn|13
|inactive|Memergg has 10 seconds left.
|
|t:|1758981370
|move|p1a: Dubya|Dragon Pulse|p2a: Glimmora
|-damage|p2a: Glimmora|6/100 par
|move|p2a: Glimmora|Stealth Rock|p1a: Dubya
|-sidestart|p1: quhairuru|move: Stealth Rock
|
|-damage|p1a: Dubya|76/100 psn|[from] psn
|upkeep
|turn|14
|
|t:|1758981374
|move|p1a: Dubya|Dragon Pulse|p2a: Glimmora
|-damage|p2a: Glimmora|0 fnt
|faint|p2a: Glimmora
|
|-damage|p1a: Dubya|63/100 psn|[from] psn
|upkeep
|inactive|Memergg has 10 seconds left.
|
|t:|1758981379
|switch|p2a: Kingambit|Kingambit, M|100/100
|-activate|p2a: Kingambit|ability: Supreme Overlord
|-start|p2a: Kingambit|fallen4|[silent]
|turn|15
|
|t:|1758981382
|move|p1a: Dubya|Dragon Pulse|p2a: Kingambit
|-supereffective|p2a: Kingambit
|-damage|p2a: Kingambit|0 fnt
|faint|p2a: Kingambit
|-end|p2a: Kingambit|fallen4|[silent]
|
|-damage|p1a: Dubya|51/100 psn|[from] psn
|upkeep
|
|t:|1758981384
|switch|p2a: Zamazenta|Zamazenta|100/100
|-ability|p2a: Zamazenta|Dauntless Shield|boost
|-boost|p2a: Zamazenta|def|1
|turn|16
|inactive|quhairuru has 10 seconds left.
|
|t:|1758981390
|move|p2a: Zamazenta|Iron Defense|p2a: Zamazenta
|-boost|p2a: Zamazenta|def|2
|move|p1a: Dubya|Dragon Pulse|p2a: Zamazenta
|-damage|p2a: Zamazenta|45/100
|
|-heal|p2a: Zamazenta|52/100|[from] item: Leftovers
|-damage|p1a: Dubya|39/100 psn|[from] psn
|upkeep
|turn|17
|inactive|Memergg has 10 seconds left.
|
|t:|1758981399
|move|p2a: Zamazenta|Body Press|p1a: Dubya
|-damage|p1a: Dubya|0 fnt
|faint|p1a: Dubya
|-end|p1a: Dubya|Protosynthesis|[silent]
|
|-heal|p2a: Zamazenta|58/100|[from] item: Leftovers
|upkeep
|
|t:|1758981402
|switch|p1a: Die w A Smile|Hatterene, F|58/100
|-status|p1a: Die w A Smile|psn
|-damage|p1a: Die w A Smile|46/100 psn|[from] Stealth Rock
|turn|18
|inactive|Memergg has 10 seconds left.
|inactive|Memergg has 5 seconds left.
|
|t:|1758981416
|move|p2a: Zamazenta|Body Press|p1a: Die w A Smile
|-supereffective|p1a: Die w A Smile
|-damage|p1a: Die w A Smile|0 fnt
|faint|p1a: Die w A Smile
|
|-heal|p2a: Zamazenta|64/100|[from] item: Leftovers
|upkeep
|
|t:|1758981419
|switch|p1a: Lynrd Spynrd|Great Tusk|14/100
|-status|p1a: Lynrd Spynrd|psn
|-damage|p1a: Lynrd Spynrd|0 fnt|[from] Stealth Rock
|faint|p1a: Lynrd Spynrd
|-end|p1a: Lynrd Spynrd|Protosynthesis|[silent]
|
|win|Memergg
|n|☆quhairuru|quhairuru
|n|☆Memergg|memergg
|n|*Lady Monita ☀|ladymonita
|l|*Lady Monita ☀
|l|☆quhairuru
|player|p1|
