|j|☆Douglas Viana
|j|☆Nuxlo871
|t:|1758947942
|gametype|singles
|player|p1|Douglas Viana|eusine|1144
|player|p2|Nuxlo871|riley|1099
|gen|9
|tier|[Gen 9] OU
|rated|
|rule|HP Percentage Mod: HP is shown in percentages
|rule|Endless Battle Clause: Forcing endless battles is banned
|rule|Species Clause: Limit one of each Pokémon
|rule|OHKO Clause: OHKO moves are banned
|rule|Evasion Items Clause: Evasion items are banned
|rule|Evasion Moves Clause: Evasion moves are banned
|rule|Evasion Abilities Clause: Evasion abilities are banned
|rule|Sleep Moves Clause: Sleep-inducing moves are banned
|clearpoke
|poke|p1|Garchomp, F|
|poke|p1|Alomomola, F|
|poke|p1|Clefable, F|
|poke|p1|Gholdengo|
|poke|p1|Glimmora, F|
|poke|p1|Blaziken, F|
|poke|p2|Haxorus, M|
|poke|p2|Ceruledge, F|
|poke|p2|Kingambit, F|
|poke|p2|Gyarados, F|
|poke|p2|Ursaluna, M|
|poke|p2|Breloom, M|
|teampreview
|
|t:|1758947952
|teamsize|p1|6
|teamsize|p2|6
|start
|switch|p1a: Glimmora|Glimmora, F|100/100
|switch|p2a: Gyarados|Gyarados, F|100/100
|turn|1
|
|t:|1758947960
|move|p2a: Gyarados|Waterfall|p1a: Glimmora
|-supereffective|p1a: Glimmora
|-crit|p1a: Glimmora
|-enditem|p1a: Glimmora|Focus Sash
|-damage|p1a: Glimmora|1/100
|-activate|p1a: Glimmora|ability: Toxic Debris
|-sidestart|p2: Nuxlo871|move: Toxic Spikes
|cant|p1a: Glimmora|flinch
|
|upkeep
|turn|2
|
|t:|1758947970
|move|p2a: Gyarados|Waterfall|p1a: Glimmora
|-supereffective|p1a: Glimmora
|-damage|p1a: Glimmora|0 fnt
|-activate|p1a: Glimmora|ability: Toxic Debris
|-sidestart|p2: Nuxlo871|move: Toxic Spikes
|faint|p1a: Glimmora
|-ability|p2a: Gyarados|Moxie|boost
|-boost|p2a: Gyarados|atk|1
|
|upkeep
|
|t:|1758947983
|switch|p1a: Clefable|Clefable, F|100/100
|turn|3
|
|t:|1758947986
|move|p2a: Gyarados|Waterfall|p1a: Clefable
|-damage|p1a: Clefable|50/100
|move|p1a: Clefable|Thunderbolt|p2a: Gyarados
|-supereffective|p2a: Gyarados
|-damage|p2a: Gyarados|5/100
|
|-heal|p1a: Clefable|56/100|[from] item: Leftovers
|upkeep
|turn|4
|
|t:|1758947999
|-terastallize|p2a: Gyarados|Water
|move|p2a: Gyarados|Waterfall|p1a: Clefable
|-damage|p1a: Clefable|0 fnt
|faint|p1a: Clefable
|-ability|p2a: Gyarados|Moxie|boost
|-boost|p2a: Gyarados|atk|1
|
|upkeep
|
|t:|1758948010
|switch|p1a: Alomomola|Alomomola, F|100/100
|turn|5
|
|t:|1758948015
|move|p2a: Gyarados|Waterfall|p1a: Alomomola
|-resisted|p1a: Alomomola
|-damage|p1a: Alomomola|63/100
|-damage|p2a: Gyarados|0 fnt|[from] item: Rocky Helmet|[of] p1a: Alomomola
|faint|p2a: Gyarados
|move|p1a: Alomomola|Flip Turn|p2: Gyarados|[notarget]
|-fail|p1a: Alomomola
|
|upkeep
|
|t:|1758948025
|switch|p2a: Breloom|Breloom, M|100/100
|-status|p2a: Breloom|tox
|turn|6
|l|☆Nuxlo871
|player|p2|
|j|☆Nuxlo871
|player|p2|Nuxlo871|riley|
|
|t:|1758948055
|move|p1a: Alomomola|Protect|p1a: Alomomola
|-singleturn|p1a: Alomomola|Protect
|move|p2a: Breloom|Swords Dance|p2a: Breloom
|-boost|p2a: Breloom|atk|2
|
|-damage|p2a: Breloom|94/100 tox|[from] psn
|upkeep
|turn|7
|
|t:|1758948064
|move|p2a: Breloom|Seed Bomb|p1a: Alomomola
|-supereffective|p1a: Alomomola
|-damage|p1a: Alomomola|0 fnt
|faint|p1a: Alomomola
|
|-damage|p2a: Breloom|82/100 tox|[from] psn
|upkeep
|
|t:|1758948072
|switch|p1a: Blaziken|Blaziken, F|100/100
|turn|8
|
|t:|1758948080
|move|p1a: Blaziken|Protect|p1a: Blaziken
|-singleturn|p1a: Blaziken|Protect
|move|p2a: Breloom|Poison Jab|p1a: Blaziken
|-activate|p1a: Blaziken|move: Protect
|
|-damage|p2a: Breloom|64/100 tox|[from] psn
|-ability|p1a: Blaziken|Speed Boost|boost
|-boost|p1a: Blaziken|spe|1
|upkeep
|turn|9
|
|t:|1758948090
|move|p1a: Blaziken|Flare Blitz|p2a: Breloom
|-supereffective|p2a: Breloom
|-damage|p2a: Breloom|0 fnt
|-status|p1a: Blaziken|psn|[from] ability: Effect Spore|[of] p2a: Breloom
|faint|p2a: Breloom
|-damage|p1a: Blaziken|82/100 psn|[from] Recoil
|-damage|p1a: Blaziken|72/100 psn|[from] item: Life Orb
|
|-damage|p1a: Blaziken|60/100 psn|[from] psn
|-ability|p1a: Blaziken|Speed Boost|boost
|-boost|p1a: Blaziken|spe|1
|upkeep
|
|t:|1758948101
|switch|p2a: Ursaluna|Ursaluna, M|100/100
|-status|p2a: Ursaluna|tox
|turn|10
|
|t:|1758948106
|move|p1a: Blaziken|Close Combat|p2a: Ursaluna
|-supereffective|p2a: Ursaluna
|-damage|p2a: Ursaluna|0 fnt
|-unboost|p1a: Blaziken|def|1
|-unboost|p1a: Blaziken|spd|1
|faint|p2a: Ursaluna
|-damage|p1a: Blaziken|50/100 psn|[from] item: Life Orb
|
|-damage|p1a: Blaziken|38/100 psn|[from] psn
|-ability|p1a: Blaziken|Speed Boost|boost
|-boost|p1a: Blaziken|spe|1
|upkeep
|
|t:|1758948117
|switch|p2a: Kingambit|Kingambit, F|100/100
|-activate|p2a: Kingambit|ability: Supreme Overlord
|-start|p2a: Kingambit|fallen3|[silent]
|turn|11
|
|t:|1758948123
|move|p2a: Kingambit|Sucker Punch|p1a: Blaziken
|-resisted|p1a: Blaziken
|-damage|p1a: Blaziken|0 fnt
|faint|p1a: Blaziken
|
|upkeep
|
|t:|1758948131
|switch|p1a: Garchomp|Garchomp, F, shiny|100/100
|turn|12
|
|t:|1758948142
|-terastallize|p1a: Garchomp|Fire
|move|p2a: Kingambit|Sucker Punch|p1a: Garchomp
|-damage|p1a: Garchomp|15/100
|-damage|p2a: Kingambit|88/100|[from] ability: Rough Skin|[of] p1a: Garchomp
|move|p1a: Garchomp|Fire Fang|p2a: Kingambit
|-supereffective|p2a: Kingambit
|-damage|p2a: Kingambit|36/100
|
|upkeep
|turn|13
|l|☆Nuxlo871
|player|p2|
|j|☆Nuxlo871
|player|p2|Nuxlo871|riley|
|
|t:|1758948170
|move|p2a: Kingambit|Sucker Punch|p1a: Garchomp
|-damage|p1a: Garchomp|0 fnt
|-damage|p2a: Kingambit|24/100|[from] ability: Rough Skin|[of] p1a: Garchomp
|faint|p1a: Garchomp
|
|upkeep
|
|t:|1758948176
|switch|p1a: Gholdengo|Gholdengo|100/100
|turn|14
|
|t:|1758948181
|move|p2a: Kingambit|Sucker Punch||[still]
|-fail|p2a: Kingambit
|move|p1a: Gholdengo|Trick|p2a: Kingambit
|-activate|p1a: Gholdengo|move: Trick|[of] p2a: Kingambit
|-item|p2a: Kingambit|Choice Specs|[from] move: Trick
|-item|p1a: Gholdengo|Choice Band|[from] move: Trick
|
|upkeep
|turn|15
|
|t:|1758948195
|move|p1a: Gholdengo|Trick|p2a: Kingambit
|-activate|p1a: Gholdengo|move: Trick|[of] p2a: Kingambit
|-item|p2a: Kingambit|Choice Band|[from] move: Trick
|-item|p1a: Gholdengo|Choice Specs|[from] move: Trick
|move|p2a: Kingambit|Foul Play|p1a: Gholdengo
|-supereffective|p1a: Gholdengo
|-damage|p1a: Gholdengo|34/100
|
|upkeep
|turn|16
|
|t:|1758948202
|move|p1a: Gholdengo|Shadow Ball|p2a: Kingambit
|-resisted|p2a: Kingambit
|-damage|p2a: Kingambit|0 fnt
|faint|p2a: Kingambit
|-end|p2a: Kingambit|fallen3|[silent]
|
|upkeep
|
|t:|1758948209
|switch|p2a: Haxorus|Haxorus, M, shiny|100/100
|-status|p2a: Haxorus|tox
|-ability|p2a: Haxorus|Mold Breaker
|turn|17
|
|t:|1758948215
|move|p2a: Haxorus|Outrage|p1a: Gholdengo
|-resisted|p1a: Gholdengo
|-damage|p1a: Gholdengo|0 fnt
|faint|p1a: Gholdengo
|
|win|Nuxlo871
|raw|Douglas Viana's rating: 1144 &rarr; <strong>1116</strong><br />(-28 for losing)
|raw|Nuxlo871's rating: 1099 &rarr; <strong>1127</strong><br />(+28 for winning)
|l|☆Nuxlo871
|player|p2|
|l|☆Douglas Viana
|player|p1|
