|j|☆harc
|j|☆karrumi
|t:|1758945867
|gametype|singles
|player|p1|harc|waitress-gen4|1305
|player|p2|karrumi|janitor|1292
|gen|9
|tier|[Gen 9] OU
|rated|
|rule|HP Percentage Mod: HP is shown in percentages
|rule|Endless Battle Clause: Forcing endless battles is banned
|rule|Species Clause: Limit one of each Pokémon
|rule|OHKO Clause: OHKO moves are banned
|rule|Evasion Items Clause: Evasion items are banned
|rule|Evasion Moves Clause: Evasion moves are banned
|rule|Evasion Abilities Clause: Evasion abilities are banned
|rule|Sleep Moves Clause: Sleep-inducing moves are banned
|clearpoke
|poke|p1|Corviknight, M|
|poke|p1|Clefable, F|
|poke|p1|Tyranitar, M|
|poke|p1|Hippowdon, F|
|poke|p1|Excadrill, M|
|poke|p1|Reuniclus, M|
|poke|p2|Araquanid, F|
|poke|p2|Great Tusk|
|poke|p2|Chansey, F|
|poke|p2|Pecharunt|
|poke|p2|Corviknight, F|
|poke|p2|Raging Bolt|
|teampreview
|inactive|Battle timer is ON: inactive players will automatically lose when time's up. (requested by karrumi)
|inactive|harc has 120 seconds left.
|
|t:|1758945906
|teamsize|p1|6
|teamsize|p2|6
|start
|switch|p1a: Hippowdon|Hippowdon, F|100/100
|switch|p2a: Araquanid|Araquanid, F, shiny|100/100
|-weather|Sandstorm|[from] ability: Sand Stream|[of] p1a: Hippowdon
|turn|1
|
|t:|1758945913
|move|p1a: Hippowdon|Stealth Rock|p2a: Araquanid
|-sidestart|p2: karrumi|move: Stealth Rock
|move|p2a: Araquanid|Liquidation|p1a: Hippowdon
|-supereffective|p1a: Hippowdon
|-damage|p1a: Hippowdon|32/100
|
|-weather|Sandstorm|[upkeep]
|-damage|p2a: Araquanid|94/100|[from] Sandstorm
|upkeep
|turn|2
|
|t:|1758945931
|-terastallize|p1a: Hippowdon|Steel
|move|p1a: Hippowdon|Slack Off|p1a: Hippowdon
|-heal|p1a: Hippowdon|82/100
|move|p2a: Araquanid|Liquidation|p1a: Hippowdon
|-damage|p1a: Hippowdon|51/100
|
|-weather|Sandstorm|[upkeep]
|-damage|p2a: Araquanid|88/100|[from] Sandstorm
|upkeep
|turn|3
|
|t:|1758945943
|move|p1a: Hippowdon|Slack Off|p1a: Hippowdon
|-heal|p1a: Hippowdon|100/100
|move|p2a: Araquanid|Liquidation|p1a: Hippowdon
|-damage|p1a: Hippowdon|67/100
|-unboost|p1a: Hippowdon|def|1
|
|-weather|Sandstorm|[upkeep]
|-damage|p2a: Araquanid|82/100|[from] Sandstorm
|upkeep
|turn|4
|
|t:|1758945954
|move|p2a: Araquanid|Liquidation|p1a: Hippowdon
|-damage|p1a: Hippowdon|19/100
|-unboost|p1a: Hippowdon|def|1
|move|p1a: Hippowdon|Roar|p2a: Araquanid
|drag|p2a: Great Tusk|Great Tusk|100/100
|-damage|p2a: Great Tusk|98/100|[from] Stealth Rock
|-enditem|p2a: Great Tusk|Booster Energy
|-activate|p2a: Great Tusk|ability: Protosynthesis|[fromitem]
|-start|p2a: Great Tusk|protosynthesisatk
|
|-weather|Sandstorm|[upkeep]
|upkeep
|turn|5
|inactive|harc has 120 seconds left.
|inactive|harc has 90 seconds left.
|inactive|harc has 60 seconds left.
|c|☆karrumi|helooo
|c|☆karrumi|\?
|
|t:|1758946056
|switch|p1a: Clefable|Clefable, F|100/100
|move|p2a: Great Tusk|Rapid Spin|p1a: Clefable
|-damage|p1a: Clefable|84/100
|-boost|p2a: Great Tusk|spe|1
|-sideend|p2: karrumi|Stealth Rock|[from] move: Rapid Spin|[of] p2a: Great Tusk
|
|-weather|Sandstorm|[upkeep]
|-damage|p1a: Clefable|78/100|[from] Sandstorm
|-heal|p1a: Clefable|84/100|[from] item: Leftovers
|upkeep
|turn|6
|c|☆harc|sorry am streeaming on chatyrvate
|
|t:|1758946069
|move|p2a: Great Tusk|Headlong Rush|p1a: Clefable
|-damage|p1a: Clefable|25/100
|-unboost|p2a: Great Tusk|def|1
|-unboost|p2a: Great Tusk|spd|1
|move|p1a: Clefable|Moonblast|p2a: Great Tusk
|-supereffective|p2a: Great Tusk
|-damage|p2a: Great Tusk|0 fnt
|faint|p2a: Great Tusk
|-end|p2a: Great Tusk|Protosynthesis|[silent]
|
|-weather|Sandstorm|[upkeep]
|-damage|p1a: Clefable|19/100|[from] Sandstorm
|-heal|p1a: Clefable|25/100|[from] item: Leftovers
|upkeep
|
|t:|1758946081
|switch|p2a: Araquanid|Araquanid, F, shiny|82/100
|turn|7
|
|t:|1758946085
|move|p1a: Clefable|Protect|p1a: Clefable
|-singleturn|p1a: Clefable|Protect
|move|p2a: Araquanid|Liquidation|p1a: Clefable
|-activate|p1a: Clefable|move: Protect
|
|-weather|Sandstorm|[upkeep]
|-damage|p1a: Clefable|19/100|[from] Sandstorm
|-damage|p2a: Araquanid|76/100|[from] Sandstorm
|-heal|p1a: Clefable|25/100|[from] item: Leftovers
|upkeep
|turn|8
|inactive|harc has 60 seconds left.
|
|t:|1758946106
|move|p1a: Clefable|Wish|p1a: Clefable
|move|p2a: Araquanid|Liquidation|p1a: Clefable
|-damage|p1a: Clefable|0 fnt
|faint|p1a: Clefable
|
|-weather|none
|upkeep
|c|☆karrumi|lol
|
|t:|1758946116
|switch|p1a: Corviknight|Corviknight, M|100/100
|turn|9
|
|t:|1758946120
|move|p1a: Corviknight|Bulk Up|p1a: Corviknight
|-boost|p1a: Corviknight|atk|1
|-boost|p1a: Corviknight|def|1
|move|p2a: Araquanid|Liquidation|p1a: Corviknight
|-damage|p1a: Corviknight|65/100
|
|-heal|p1a: Corviknight|100/100|[from] move: Wish|[wisher] Clefable
|upkeep
|turn|10
|inactive|harc has 60 seconds left.
|
|t:|1758946130
|move|p1a: Corviknight|Bulk Up|p1a: Corviknight
|-boost|p1a: Corviknight|atk|1
|-boost|p1a: Corviknight|def|1
|move|p2a: Araquanid|Liquidation|p1a: Corviknight
|-damage|p1a: Corviknight|75/100
|
|upkeep
|turn|11
|
|t:|1758946137
|move|p1a: Corviknight|Bulk Up|p1a: Corviknight
|-boost|p1a: Corviknight|atk|1
|-boost|p1a: Corviknight|def|1
|move|p2a: Araquanid|Liquidation|p1a: Corviknight
|-damage|p1a: Corviknight|55/100
|
|upkeep
|turn|12
|
|t:|1758946145
|move|p1a: Corviknight|Roost|p1a: Corviknight
|-heal|p1a: Corviknight|100/100
|-singleturn|p1a: Corviknight|move: Roost
|move|p2a: Araquanid|Liquidation|p1a: Corviknight
|-damage|p1a: Corviknight|78/100
|
|upkeep
|turn|13
|
|t:|1758946156
|move|p1a: Corviknight|Bulk Up|p1a: Corviknight
|-boost|p1a: Corviknight|atk|1
|-boost|p1a: Corviknight|def|1
|move|p2a: Araquanid|Liquidation|p1a: Corviknight
|-damage|p1a: Corviknight|60/100
|-ability|p1a: Corviknight|Mirror Armor
|-unboost|p2a: Araquanid|def|1
|
|upkeep
|turn|14
|
|t:|1758946166
|switch|p2a: Raging Bolt|Raging Bolt|100/100
|-enditem|p2a: Raging Bolt|Booster Energy
|-activate|p2a: Raging Bolt|ability: Protosynthesis|[fromitem]
|-start|p2a: Raging Bolt|protosynthesisspa
|move|p1a: Corviknight|Roost|p1a: Corviknight
|-heal|p1a: Corviknight|100/100
|-singleturn|p1a: Corviknight|move: Roost
|
|upkeep
|turn|15
|
|t:|1758946182
|switch|p1a: Tyranitar|Tyranitar, M|100/100
|-weather|Sandstorm|[from] ability: Sand Stream|[of] p1a: Tyranitar
|move|p2a: Raging Bolt|Thunderbolt|p1a: Tyranitar
|-damage|p1a: Tyranitar|83/100
|
|-weather|Sandstorm|[upkeep]
|-damage|p2a: Raging Bolt|94/100|[from] Sandstorm
|upkeep
|turn|16
|
|t:|1758946196
|-end|p2a: Raging Bolt|Protosynthesis|[silent]
|switch|p2a: Corviknight|Corviknight, F|100/100
|move|p1a: Tyranitar|Stone Edge|p2a: Corviknight
|-damage|p2a: Corviknight|62/100
|
|-weather|Sandstorm|[upkeep]
|upkeep
|turn|17
|
|t:|1758946205
|switch|p1a: Reuniclus|Reuniclus, M|100/100
|move|p2a: Corviknight|Body Press|p1a: Reuniclus
|-resisted|p1a: Reuniclus
|-crit|p1a: Reuniclus
|-damage|p1a: Reuniclus|91/100
|
|-weather|Sandstorm|[upkeep]
|upkeep
|turn|18
|
|t:|1758946217
|switch|p2a: Pecharunt|Pecharunt|100/100
|move|p1a: Reuniclus|Calm Mind|p1a: Reuniclus
|-boost|p1a: Reuniclus|spa|1
|-boost|p1a: Reuniclus|spd|1
|
|-weather|Sandstorm|[upkeep]
|-damage|p2a: Pecharunt|94/100|[from] Sandstorm
|-heal|p2a: Pecharunt|100/100|[from] item: Leftovers
|upkeep
|turn|19
|
|t:|1758946228
|move|p2a: Pecharunt|Toxic|p1a: Reuniclus
|-status|p1a: Reuniclus|tox
|-start|p1a: Reuniclus|confusion|[from] ability: Poison Puppeteer|[of] p2a: Pecharunt
|-activate|p1a: Reuniclus|confusion
|move|p1a: Reuniclus|Psychic Noise|p2a: Pecharunt
|-supereffective|p2a: Pecharunt
|-damage|p2a: Pecharunt|0 fnt
|faint|p2a: Pecharunt
|
|-weather|none
|upkeep
|
|t:|1758946238
|switch|p2a: Raging Bolt|Raging Bolt|94/100
|turn|20
|
|t:|1758946243
|move|p2a: Raging Bolt|Calm Mind|p2a: Raging Bolt
|-boost|p2a: Raging Bolt|spa|1
|-boost|p2a: Raging Bolt|spd|1
|-end|p1a: Reuniclus|confusion
|move|p1a: Reuniclus|Psychic Noise|p2a: Raging Bolt
|-damage|p2a: Raging Bolt|54/100
|-start|p2a: Raging Bolt|move: Heal Block
|
|upkeep
|turn|21
|inactive|harc has 90 seconds left.
|
|t:|1758946255
|move|p2a: Raging Bolt|Thunderbolt|p1a: Reuniclus
|-damage|p1a: Reuniclus|44/100 tox
|move|p1a: Reuniclus|Psychic Noise|p2a: Raging Bolt
|-damage|p2a: Raging Bolt|15/100
|
|-end|p2a: Raging Bolt|move: Heal Block
|upkeep
|turn|22
|
|t:|1758946264
|move|p2a: Raging Bolt|Thunderbolt|p1a: Reuniclus
|-damage|p1a: Reuniclus|0 fnt
|faint|p1a: Reuniclus
|
|upkeep
|inactive|harc has 90 seconds left.
|
|t:|1758946275
|switch|p1a: Tyranitar|Tyranitar, M|83/100
|-weather|Sandstorm|[from] ability: Sand Stream|[of] p1a: Tyranitar
|turn|23
|
|t:|1758946281
|-end|p2a: Raging Bolt|Protosynthesis|[silent]
|switch|p2a: Corviknight|Corviknight, F|62/100
|move|p1a: Tyranitar|Dragon Tail|p2a: Corviknight
|-resisted|p2a: Corviknight
|-damage|p2a: Corviknight|55/100
|-damage|p1a: Tyranitar|67/100|[from] item: Rocky Helmet|[of] p2a: Corviknight
|drag|p2a: Raging Bolt|Raging Bolt|15/100
|
|-weather|Sandstorm|[upkeep]
|-damage|p2a: Raging Bolt|9/100|[from] Sandstorm
|upkeep
|turn|24
|
|t:|1758946293
|move|p2a: Raging Bolt|Draco Meteor|p1a: Tyranitar
|-damage|p1a: Tyranitar|49/100
|-unboost|p2a: Raging Bolt|spa|2
|move|p1a: Tyranitar|Dragon Tail|p2a: Raging Bolt
|-supereffective|p2a: Raging Bolt
|-damage|p2a: Raging Bolt|0 fnt
|faint|p2a: Raging Bolt
|-end|p2a: Raging Bolt|Protosynthesis|[silent]
|
|-weather|Sandstorm|[upkeep]
|upkeep
|
|t:|1758946301
|switch|p2a: Corviknight|Corviknight, F|55/100
|turn|25
|
|t:|1758946305
|move|p2a: Corviknight|Roost|p2a: Corviknight
|-heal|p2a: Corviknight|100/100
|-singleturn|p2a: Corviknight|move: Roost
|move|p1a: Tyranitar|Knock Off|p2a: Corviknight
|-damage|p2a: Corviknight|67/100
|-damage|p1a: Tyranitar|32/100|[from] item: Rocky Helmet|[of] p2a: Corviknight
|-enditem|p2a: Corviknight|Rocky Helmet|[from] move: Knock Off|[of] p1a: Tyranitar
|
|-weather|Sandstorm|[upkeep]
|upkeep
|turn|26
|
|t:|1758946317
|move|p2a: Corviknight|Body Press|p1a: Tyranitar
|-supereffective|p1a: Tyranitar
|-damage|p1a: Tyranitar|0 fnt
|faint|p1a: Tyranitar
|
|-weather|Sandstorm|[upkeep]
|upkeep
|
|t:|1758946338
|switch|p1a: Corviknight|Corviknight, M|100/100
|turn|27
|
|t:|1758946348
|move|p1a: Corviknight|Bulk Up|p1a: Corviknight
|-boost|p1a: Corviknight|atk|1
|-boost|p1a: Corviknight|def|1
|move|p2a: Corviknight|Bulk Up|p2a: Corviknight
|-boost|p2a: Corviknight|atk|1
|-boost|p2a: Corviknight|def|1
|
|-weather|none
|upkeep
|turn|28
|
|t:|1758946358
|move|p2a: Corviknight|Bulk Up|p2a: Corviknight
|-boost|p2a: Corviknight|atk|1
|-boost|p2a: Corviknight|def|1
|move|p1a: Corviknight|Bulk Up|p1a: Corviknight
|-boost|p1a: Corviknight|atk|1
|-boost|p1a: Corviknight|def|1
|
|upkeep
|turn|29
|
|t:|1758946366
|move|p1a: Corviknight|Bulk Up|p1a: Corviknight
|-boost|p1a: Corviknight|atk|1
|-boost|p1a: Corviknight|def|1
|move|p2a: Corviknight|Bulk Up|p2a: Corviknight
|-boost|p2a: Corviknight|atk|1
|-boost|p2a: Corviknight|def|1
|
|upkeep
|turn|30
|inactive|harc has 120 seconds left.
|
|t:|1758946374
|move|p2a: Corviknight|Bulk Up|p2a: Corviknight
|-boost|p2a: Corviknight|atk|1
|-boost|p2a: Corviknight|def|1
|move|p1a: Corviknight|Bulk Up|p1a: Corviknight
|-boost|p1a: Corviknight|atk|1
|-boost|p1a: Corviknight|def|1
|
|upkeep
|turn|31
|inactive|harc has 120 seconds left.
|
|t:|1758946395
|move|p2a: Corviknight|Bulk Up|p2a: Corviknight
|-boost|p2a: Corviknight|atk|1
|-boost|p2a: Corviknight|def|1
|move|p1a: Corviknight|Bulk Up|p1a: Corviknight
|-boost|p1a: Corviknight|atk|1
|-boost|p1a: Corviknight|def|1
|
|upkeep
|turn|32
|
|t:|1758946412
|move|p1a: Corviknight|Bulk Up|p1a: Corviknight
|-boost|p1a: Corviknight|atk|1
|-boost|p1a: Corviknight|def|1
|move|p2a: Corviknight|Bulk Up|p2a: Corviknight
|-boost|p2a: Corviknight|atk|1
|-boost|p2a: Corviknight|def|1
|
|upkeep
|turn|33
|inactive|harc has 120 seconds left.
|
|t:|1758946421
|move|p1a: Corviknight|Power Trip|p2a: Corviknight
|-damage|p2a: Corviknight|20/100
|move|p2a: Corviknight|Body Press|p1a: Corviknight
|-crit|p1a: Corviknight
|-damage|p1a: Corviknight|5/100
|
|upkeep
|turn|34
|
|t:|1758946428
|move|p1a: Corviknight|Power Trip|p2a: Corviknight
|-damage|p2a: Corviknight|0 fnt
|faint|p2a: Corviknight
|
|upkeep
|
|t:|1758946435
|switch|p2a: Araquanid|Araquanid, F, shiny|76/100
|turn|35
|
|t:|1758946440
|move|p1a: Corviknight|Roost|p1a: Corviknight
|-heal|p1a: Corviknight|55/100
|-singleturn|p1a: Corviknight|move: Roost
|move|p2a: Araquanid|Liquidation|p1a: Corviknight
|-damage|p1a: Corviknight|42/100
|-ability|p1a: Corviknight|Mirror Armor
|-unboost|p2a: Araquanid|def|1
|
|upkeep
|turn|36
|
|t:|1758946449
|move|p1a: Corviknight|Power Trip|p2a: Araquanid
|-damage|p2a: Araquanid|0 fnt
|faint|p2a: Araquanid
|
|upkeep
|
|t:|1758946454
|switch|p2a: Chansey|Chansey, F|100/100
|turn|37
|
|t:|1758946457
|move|p1a: Corviknight|Body Press|p2a: Chansey
|-supereffective|p2a: Chansey
|-damage|p2a: Chansey|0 fnt
|faint|p2a: Chansey
|
|win|harc
|raw|harc's rating: 1305 &rarr; <strong>1324</strong><br />(+19 for winning)
|raw|karrumi's rating: 1292 &rarr; <strong>1268</strong><br />(-24 for losing)
|c|☆karrumi|gg
|l|☆harc
|player|p1|
|n|!karrumi|karrumi
|l|!karrumi
|player|p2|
