|j|☆Red Icigool
|j|☆aboda
|t:|1758969610
|gametype|singles
|player|p1|Red Icigool|swimmerf-gen4|1161
|player|p2|aboda|pokemonranger-gen4|1113
|gen|9
|tier|[Gen 9] OU
|rated|
|rule|HP Percentage Mod: HP is shown in percentages
|rule|Endless Battle Clause: Forcing endless battles is banned
|rule|Species Clause: Limit one of each Pokémon
|rule|OHKO Clause: OHKO moves are banned
|rule|Evasion Items Clause: Evasion items are banned
|rule|Evasion Moves Clause: Evasion moves are banned
|rule|Evasion Abilities Clause: Evasion abilities are banned
|rule|Sleep Moves Clause: Sleep-inducing moves are banned
|clearpoke
|poke|p1|Meowscarada, F|
|poke|p1|Landorus-Therian, M|
|poke|p1|Slowbro-Galar, F|
|poke|p1|Cinderace, M|
|poke|p1|Primarina, M|
|poke|p1|Pawmot, F|
|poke|p2|Charizard, M|
|poke|p2|Torkoal, F|
|poke|p2|Venusaur, M|
|poke|p2|Corviknight, F|
|poke|p2|Chansey, F|
|poke|p2|Great Tusk|
|teampreview
|inactive|Battle timer is ON: inactive players will automatically lose when time's up. (requested by aboda)
|inactive|aboda has 120 seconds left.
|
|t:|1758969660
|teamsize|p1|6
|teamsize|p2|6
|start
|switch|p1a: Daddy|Landorus-Therian, M|100/100
|switch|p2a: Torkoal|Torkoal, F|100/100
|-ability|p1a: Daddy|Intimidate|boost
|-unboost|p2a: Torkoal|atk|1
|-weather|SunnyDay|[from] ability: Drought|[of] p2a: Torkoal
|turn|1
|
|t:|1758969669
|move|p1a: Daddy|Earthquake|p2a: Torkoal
|-supereffective|p2a: Torkoal
|-damage|p2a: Torkoal|12/100
|-enditem|p2a: Torkoal|Eject Button
|
|t:|1758969676
|switch|p2a: Great Tusk|Great Tusk|100/100
|-activate|p2a: Great Tusk|ability: Protosynthesis
|-start|p2a: Great Tusk|protosynthesisatk
|
|-weather|SunnyDay|[upkeep]
|upkeep
|turn|2
|inactive|Red Icigool has 120 seconds left.
|
|t:|1758969731
|move|p2a: Great Tusk|Ice Spinner|p1a: Daddy
|-supereffective|p1a: Daddy
|-damage|p1a: Daddy|0 fnt
|-damage|p2a: Great Tusk|84/100|[from] item: Rocky Helmet|[of] p1a: Daddy
|faint|p1a: Daddy
|
|-weather|SunnyDay|[upkeep]
|-heal|p2a: Great Tusk|90/100|[from] item: Leftovers
|upkeep
|
|t:|1758969739
|switch|p1a: Furry Bait|Meowscarada, F, shiny|100/100
|turn|3
|
|t:|1758969744
|-end|p2a: Great Tusk|Protosynthesis|[silent]
|switch|p2a: Corviknight|Corviknight, F|100/100
|-ability|p2a: Corviknight|Pressure
|move|p1a: Furry Bait|Flower Trick|p2a: Corviknight
|-start|p1a: Furry Bait|typechange|Grass|[from] ability: Protean
|-resisted|p2a: Corviknight
|-crit|p2a: Corviknight
|-damage|p2a: Corviknight|89/100
|
|-weather|SunnyDay|[upkeep]
|upkeep
|turn|4
|
|t:|1758969761
|switch|p1a: Court Ace|Cinderace, M|100/100
|move|p2a: Corviknight|Brave Bird|p1a: Court Ace
|-damage|p1a: Court Ace|50/100
|-damage|p2a: Corviknight|76/100|[from] Recoil
|
|-weather|SunnyDay|[upkeep]
|upkeep
|turn|5
|
|t:|1758969778
|switch|p2a: Great Tusk|Great Tusk|90/100
|-activate|p2a: Great Tusk|ability: Protosynthesis
|-start|p2a: Great Tusk|protosynthesisatk
|move|p1a: Court Ace|Pyro Ball|p2a: Great Tusk
|-damage|p2a: Great Tusk|39/100
|-status|p2a: Great Tusk|brn
|
|-weather|none
|-end|p2a: Great Tusk|Protosynthesis
|-heal|p2a: Great Tusk|45/100 brn|[from] item: Leftovers
|-damage|p2a: Great Tusk|39/100 brn|[from] brn
|upkeep
|turn|6
|
|t:|1758969789
|-end|p2a: Great Tusk|Protosynthesis|[silent]
|switch|p2a: Torkoal|Torkoal, F|12/100
|-weather|SunnyDay|[from] ability: Drought|[of] p2a: Torkoal
|move|p1a: Court Ace|U-turn|p2a: Torkoal
|-start|p1a: Court Ace|typechange|Bug|[from] ability: Libero
|-resisted|p2a: Torkoal
|-damage|p2a: Torkoal|0 fnt
|faint|p2a: Torkoal
|
|t:|1758969794
|switch|p1a: Pawmot|Pawmot, F|100/100|[from] U-turn
|
|-weather|SunnyDay|[upkeep]
|upkeep
|
|t:|1758969799
|switch|p2a: Venusaur|Venusaur, M|100/100
|turn|7
|inactive|Red Icigool has 120 seconds left.
|
|t:|1758969809
|move|p2a: Venusaur|Sludge Bomb|p1a: Pawmot
|-damage|p1a: Pawmot|0 fnt
|faint|p1a: Pawmot
|-damage|p2a: Venusaur|91/100|[from] item: Life Orb
|
|-weather|SunnyDay|[upkeep]
|upkeep
|
|t:|1758969817
|switch|p1a: GlockBro|Slowbro-Galar, F, shiny|100/100
|turn|8
|-activate|p1a: GlockBro|ability: Quick Draw
|
|t:|1758969821
|switch|p2a: Chansey|Chansey, F|100/100
|move|p1a: GlockBro|Psyshock|p2a: Chansey
|-damage|p2a: Chansey|40/100
|
|-weather|SunnyDay|[upkeep]
|upkeep
|turn|9
|-activate|p1a: GlockBro|item: Quick Claw
|
|t:|1758969834
|move|p1a: GlockBro|Nasty Plot|p1a: GlockBro
|-boost|p1a: GlockBro|spa|2
|move|p2a: Chansey|Thunder Wave|p1a: GlockBro
|-status|p1a: GlockBro|par
|
|-weather|SunnyDay|[upkeep]
|upkeep
|turn|10
|
|t:|1758969842
|move|p2a: Chansey|Seismic Toss|p1a: GlockBro
|-damage|p1a: GlockBro|75/100 par
|move|p1a: GlockBro|Psyshock|p2a: Chansey
|-damage|p2a: Chansey|0 fnt
|faint|p2a: Chansey
|
|-weather|none
|upkeep
|
|t:|1758969864
|switch|p2a: Great Tusk|Great Tusk|39/100 brn
|turn|11
|-activate|p1a: GlockBro|ability: Quick Draw
|
|t:|1758969870
|-terastallize|p1a: GlockBro|Ground
|move|p1a: GlockBro|Psyshock|p2a: Great Tusk
|-supereffective|p2a: Great Tusk
|-damage|p2a: Great Tusk|0 fnt
|faint|p2a: Great Tusk
|-end|p2a: Great Tusk|Protosynthesis|[silent]
|
|upkeep
|
|t:|1758969876
|switch|p2a: Venusaur|Venusaur, M|91/100
|turn|12
|-activate|p1a: GlockBro|item: Quick Claw
|
|t:|1758969881
|-terastallize|p2a: Venusaur|Grass
|move|p1a: GlockBro|Psyshock|p2a: Venusaur
|-damage|p2a: Venusaur|0 fnt
|faint|p2a: Venusaur
|
|upkeep
|c|☆Red Icigool|o-0
|c|☆Red Icigool|GLOCK BRO
|-message|aboda forfeited.
|
|win|Red Icigool
|raw|Red Icigool's rating: 1161 &rarr; <strong>1183</strong><br />(+22 for winning)
|raw|aboda's rating: 1113 &rarr; <strong>1091</strong><br />(-22 for losing)
|l|☆aboda
|player|p2|
|l|☆Red Icigool
|player|p1|
