|j|☆Af Lele.Tomas
|j|☆Evannnnnn
|t:|1758979200
|gametype|singles
|player|p1|Af Lele.Tomas|nate|1465
|player|p2|Evannnnnn|veteran|1503
|gen|9
|tier|[Gen 9] OU
|rated|
|rule|HP Percentage Mod: HP is shown in percentages
|rule|Endless Battle Clause: Forcing endless battles is banned
|rule|Species Clause: Limit one of each Pokémon
|rule|OHKO Clause: OHKO moves are banned
|rule|Evasion Items Clause: Evasion items are banned
|rule|Evasion Moves Clause: Evasion moves are banned
|rule|Evasion Abilities Clause: Evasion abilities are banned
|rule|Sleep Moves Clause: Sleep-inducing moves are banned
|clearpoke
|poke|p1|Indeedee, M|
|poke|p1|Armarouge, M|
|poke|p1|Iron Treads|
|poke|p1|Polteageist|
|poke|p1|Hatterene, F|
|poke|p1|Kyurem|
|poke|p2|Iron Crown|
|poke|p2|Samurott-Hisui, M|
|poke|p2|Zapdos|
|poke|p2|Dragapult, F|
|poke|p2|Great Tusk|
|poke|p2|Iron Boulder|
|teampreview
|inactive|Battle timer is ON: inactive players will automatically lose when time's up. (requested by Af Lele.Tomas)
|
|t:|1758979226
|teamsize|p1|6
|teamsize|p2|6
|start
|switch|p1a: Kyurem|Kyurem|100/100
|switch|p2a: Everytime We Touch|Samurott-Hisui, M|100/100
|-ability|p1a: Kyurem|Pressure
|turn|1
|
|t:|1758979242
|move|p2a: Everytime We Touch|Sacred Sword|p1a: Kyurem
|-supereffective|p1a: Kyurem
|-damage|p1a: Kyurem|21/100
|move|p1a: Kyurem|Scale Shot|p2a: Everytime We Touch
|-damage|p2a: Everytime We Touch|84/100
|-damage|p2a: Everytime We Touch|66/100
|-damage|p2a: Everytime We Touch|48/100
|-damage|p2a: Everytime We Touch|30/100
|-hitcount|p2a: Everytime We Touch|4
|-unboost|p1a: Kyurem|def|1
|-boost|p1a: Kyurem|spe|1
|
|upkeep
|turn|2
|
|t:|1758979259
|switch|p2a: Pump It|Great Tusk|100/100
|move|p1a: Kyurem|Scale Shot|p2a: Pump It
|-damage|p2a: Pump It|91/100
|-damage|p2a: Pump It|80/100
|-damage|p2a: Pump It|70/100
|-damage|p2a: Pump It|61/100
|-damage|p2a: Pump It|51/100
|-hitcount|p2a: Pump It|5
|-unboost|p1a: Kyurem|def|1
|-boost|p1a: Kyurem|spe|1
|
|upkeep
|turn|3
|
|t:|1758979274
|-terastallize|p2a: Pump It|Fire
|move|p1a: Kyurem|Icicle Spear|p2a: Pump It
|-resisted|p2a: Pump It
|-damage|p2a: Pump It|47/100
|-resisted|p2a: Pump It
|-damage|p2a: Pump It|42/100
|-resisted|p2a: Pump It
|-damage|p2a: Pump It|37/100
|-resisted|p2a: Pump It
|-damage|p2a: Pump It|32/100
|-hitcount|p2a: Pump It|4
|move|p2a: Pump It|Headlong Rush|p1a: Kyurem
|-damage|p1a: Kyurem|0 fnt
|-unboost|p2a: Pump It|def|1
|-unboost|p2a: Pump It|spd|1
|faint|p1a: Kyurem
|
|upkeep
|
|t:|1758979298
|switch|p1a: Indeedee|Indeedee, M|100/100
|-fieldstart|move: Psychic Terrain|[from] ability: Psychic Surge|[of] p1a: Indeedee
|turn|4
|
|t:|1758979320
|switch|p1a: Hatterene|Hatterene, F|100/100
|move|p2a: Pump It|Stealth Rock|p1a: Hatterene
|move|p1a: Hatterene|Stealth Rock|p2a: Pump It|[from] ability: Magic Bounce
|-sidestart|p2: Evannnnnn|move: Stealth Rock
|
|upkeep
|turn|5
|
|t:|1758979328
|-end|p2a: Pump It|Protosynthesis|[silent]
|switch|p2a: Parasite|Dragapult, F|100/100
|-damage|p2a: Parasite|88/100|[from] Stealth Rock
|switch|p1a: Polteageist|Polteageist|100/100
|
|upkeep
|turn|6
|
|t:|1758979331
|-terastallize|p1a: Polteageist|Fairy
|move|p2a: Parasite|Dragon Darts|p1a: Polteageist
|-immune|p1a: Polteageist
|move|p1a: Polteageist|Shell Smash|p1a: Polteageist
|-unboost|p1a: Polteageist|def|1
|-unboost|p1a: Polteageist|spd|1
|-boost|p1a: Polteageist|atk|2
|-boost|p1a: Polteageist|spa|2
|-boost|p1a: Polteageist|spe|2
|
|upkeep
|turn|7
|
|t:|1758979357
|switch|p2a: Hurikan|Zapdos|100/100
|move|p1a: Polteageist|Shell Smash|p1a: Polteageist
|-unboost|p1a: Polteageist|def|1
|-unboost|p1a: Polteageist|spd|1
|-boost|p1a: Polteageist|atk|2
|-boost|p1a: Polteageist|spa|2
|-boost|p1a: Polteageist|spe|2
|
|upkeep
|turn|8
|inactive|Evannnnnn has 120 seconds left.
|
|t:|1758979393
|move|p1a: Polteageist|Shadow Ball|p2a: Hurikan
|-damage|p2a: Hurikan|0 fnt
|faint|p2a: Hurikan
|
|upkeep
|-message|Evannnnnn forfeited.
|
|win|Af Lele.Tomas
|raw|Af Lele.Tomas's rating: 1465 &rarr; <strong>1487</strong><br />(+22 for winning)
|raw|Evannnnnn's rating: 1503 &rarr; <strong>1481</strong><br />(-22 for losing)
|l|☆Evannnnnn
|player|p2|
|l|☆Af Lele.Tomas
|player|p1|
