|j|☆FOX lRL
|j|☆The Burger
|t:|1759010056
|gametype|singles
|player|p1|FOX lRL|266|1424
|player|p2|The Burger|palmer|1419
|gen|9
|tier|[Gen 9] OU
|rated|
|rule|HP Percentage Mod: HP is shown in percentages
|rule|Endless Battle Clause: Forcing endless battles is banned
|rule|Species Clause: Limit one of each Pokémon
|rule|OHKO Clause: OHKO moves are banned
|rule|Evasion Items Clause: Evasion items are banned
|rule|Evasion Moves Clause: Evasion moves are banned
|rule|Evasion Abilities Clause: Evasion abilities are banned
|rule|Sleep Moves Clause: Sleep-inducing moves are banned
|clearpoke
|poke|p1|Cresselia, F|
|poke|p1|Glastrier|
|poke|p1|Ursaluna, F|
|poke|p1|Hatterene, F|
|poke|p1|Kingambit, F|
|poke|p1|Torkoal, F|
|poke|p2|Ninetales, M|
|poke|p2|Iron Moth|
|poke|p2|Raging Bolt|
|poke|p2|Cinderace, M|
|poke|p2|Exeggutor-Alola, M|
|poke|p2|Great Tusk|
|teampreview
|inactive|Battle timer is ON: inactive players will automatically lose when time's up. (requested by The Burger)
|
|t:|1759010078
|teamsize|p1|6
|teamsize|p2|6
|start
|switch|p1a: Kingambit|Kingambit, F|100/100
|switch|p2a: Ninetales|Ninetales, M|100/100
|-weather|SunnyDay|[from] ability: Drought|[of] p2a: Ninetales
|turn|1
|
|t:|1759010095
|-end|p1a: Kingambit|fallenundefined|[silent]
|switch|p1a: Ursaluna|Ursaluna, F|100/100
|move|p2a: Ninetales|Weather Ball|p1a: Ursaluna
|-damage|p1a: Ursaluna|63/100
|
|-weather|SunnyDay|[upkeep]
|-status|p1a: Ursaluna|brn|[from] item: Flame Orb
|upkeep
|turn|2
|
|t:|1759010104
|switch|p2a: Great Tusk|Great Tusk|100/100
|-activate|p2a: Great Tusk|ability: Protosynthesis
|-start|p2a: Great Tusk|protosynthesisatk
|move|p1a: Ursaluna|Facade|p2a: Great Tusk
|-damage|p2a: Great Tusk|16/100
|
|-weather|SunnyDay|[upkeep]
|-heal|p2a: Great Tusk|22/100|[from] item: Leftovers
|-damage|p1a: Ursaluna|57/100 brn|[from] brn
|upkeep
|turn|3
|
|t:|1759010118
|-end|p2a: Great Tusk|Protosynthesis|[silent]
|switch|p2a: Raging Bolt|Raging Bolt|100/100
|-activate|p2a: Raging Bolt|ability: Protosynthesis
|-start|p2a: Raging Bolt|protosynthesisspa
|switch|p1a: Cresselia|Cresselia, F|100/100
|
|-weather|SunnyDay|[upkeep]
|upkeep
|turn|4
|
|t:|1759010136
|move|p2a: Raging Bolt|Weather Ball|p1a: Cresselia
|-damage|p1a: Cresselia|40/100
|-damage|p2a: Raging Bolt|91/100|[from] item: Life Orb
|move|p1a: Cresselia|Trick Room|p1a: Cresselia
|-fieldstart|move: Trick Room|[of] p1a: Cresselia
|
|-weather|SunnyDay|[upkeep]
|upkeep
|turn|5
|
|t:|1759010147
|move|p1a: Cresselia|Light Screen|p1a: Cresselia
|-sidestart|p1: FOX lRL|move: Light Screen
|move|p2a: Raging Bolt|Weather Ball|p1a: Cresselia
|-damage|p1a: Cresselia|6/100
|-damage|p2a: Raging Bolt|81/100|[from] item: Life Orb
|
|-weather|SunnyDay|[upkeep]
|upkeep
|turn|6
|
|t:|1759010153
|move|p1a: Cresselia|Lunar Dance|p1a: Cresselia
|faint|p1a: Cresselia
|move|p2a: Raging Bolt|Volt Switch|p1: Cresselia|[notarget]
|-fail|p2a: Raging Bolt
|
|-weather|SunnyDay|[upkeep]
|upkeep
|
|t:|1759010156
|switch|p1a: Ursaluna|Ursaluna, F|57/100 brn
|-heal|p1a: Ursaluna|100/100|[from] move: Lunar Dance
|turn|7
|
|t:|1759010178
|-end|p2a: Raging Bolt|Protosynthesis|[silent]
|switch|p2a: Great Tusk|Great Tusk|22/100
|-activate|p2a: Great Tusk|ability: Protosynthesis
|-start|p2a: Great Tusk|protosynthesisatk
|move|p1a: Ursaluna|Substitute|p1a: Ursaluna
|-start|p1a: Ursaluna|Substitute
|-damage|p1a: Ursaluna|76/100
|
|-weather|SunnyDay|[upkeep]
|-heal|p2a: Great Tusk|28/100|[from] item: Leftovers
|-status|p1a: Ursaluna|brn|[from] item: Flame Orb
|upkeep
|turn|8
|inactive|The Burger has 120 seconds left.
|
|t:|1759010214
|move|p1a: Ursaluna|Facade|p2a: Great Tusk
|-damage|p2a: Great Tusk|0 fnt
|faint|p2a: Great Tusk
|-end|p2a: Great Tusk|Protosynthesis|[silent]
|
|-weather|none
|-damage|p1a: Ursaluna|70/100 brn|[from] brn
|-fieldend|move: Trick Room
|upkeep
|
|t:|1759010228
|switch|p2a: Ninetales|Ninetales, M|100/100
|-weather|SunnyDay|[from] ability: Drought|[of] p2a: Ninetales
|turn|9
|
|t:|1759010236
|switch|p2a: Cinderace|Cinderace, M|100/100
|move|p1a: Ursaluna|Earthquake|p2a: Cinderace
|-supereffective|p2a: Cinderace
|-damage|p2a: Cinderace|0 fnt
|faint|p2a: Cinderace
|
|-weather|SunnyDay|[upkeep]
|-damage|p1a: Ursaluna|64/100 brn|[from] brn
|upkeep
|inactive|The Burger has 90 seconds left.
|
|t:|1759010271
|switch|p2a: Exeggutor|Exeggutor-Alola, M|100/100
|turn|10
|c|☆FOX lRL|what was your though behind that? :)
|c|☆FOX lRL|not trying to be toxic, generally curious
|c|☆The Burger|this matchup isnt great my man
|inactive|FOX lRL has 120 seconds left.
|c|☆FOX lRL|but why not attack with ninetails to break sb
|c|☆FOX lRL|sub
|c|☆The Burger|cant really stall turns without giving mons
|inactive|FOX lRL has 90 seconds left.
|c|☆FOX lRL|if you sac cinderace, just go in it imediatly and press atack move. now my sub is gone and cinderace is dead. same outcome buut no sub for me
|
|t:|1759010359
|move|p2a: Exeggutor|Solar Beam||[still]
|-prepare|p2a: Exeggutor|Solar Beam
|-anim|p2a: Exeggutor|Solar Beam|p1a: Ursaluna
|-supereffective|p1a: Ursaluna
|-end|p1a: Ursaluna|Substitute
|move|p1a: Ursaluna|Facade|p2a: Exeggutor
|-crit|p2a: Exeggutor
|-damage|p2a: Exeggutor|0 fnt
|faint|p2a: Exeggutor
|
|-weather|SunnyDay|[upkeep]
|-damage|p1a: Ursaluna|58/100 brn|[from] brn
|upkeep
|inactive|The Burger has 90 seconds left.
|
|t:|1759010365
|switch|p2a: Iron Moth|Iron Moth|100/100
|-enditem|p2a: Iron Moth|Booster Energy
|-activate|p2a: Iron Moth|ability: Quark Drive|[fromitem]
|-start|p2a: Iron Moth|quarkdrivespe
|turn|11
|inactive|The Burger has 90 seconds left.
|
|t:|1759010378
|-terastallize|p2a: Iron Moth|Grass
|move|p2a: Iron Moth|Energy Ball|p1a: Ursaluna
|-supereffective|p1a: Ursaluna
|-damage|p1a: Ursaluna|21/100 brn
|move|p1a: Ursaluna|Facade|p2a: Iron Moth
|-damage|p2a: Iron Moth|0 fnt
|faint|p2a: Iron Moth
|-end|p2a: Iron Moth|Quark Drive|[silent]
|
|-weather|SunnyDay|[upkeep]
|-damage|p1a: Ursaluna|15/100 brn|[from] brn
|upkeep
|inactive|The Burger has 90 seconds left.
|
|t:|1759010390
|switch|p2a: Raging Bolt|Raging Bolt|81/100
|-activate|p2a: Raging Bolt|ability: Protosynthesis
|-start|p2a: Raging Bolt|protosynthesisspa
|turn|12
|inactive|The Burger has 90 seconds left.
|c|☆FOX lRL|but yeah. that matchup is horrendous for you
|inactive|FOX lRL has 60 seconds left.
|
|t:|1759010416
|switch|p1a: BOMBA|Torkoal, F|100/100
|move|p2a: Raging Bolt|Weather Ball|p1a: BOMBA
|-resisted|p1a: BOMBA
|-damage|p1a: BOMBA|66/100
|-damage|p2a: Raging Bolt|71/100|[from] item: Life Orb
|
|-weather|SunnyDay|[upkeep]
|-sideend|p1: FOX lRL|move: Light Screen
|upkeep
|turn|13
|
|t:|1759010425
|move|p2a: Raging Bolt|Dragon Pulse|p1a: BOMBA
|-damage|p1a: BOMBA|0 fnt
|faint|p1a: BOMBA
|-damage|p2a: Raging Bolt|61/100|[from] item: Life Orb
|
|-weather|SunnyDay|[upkeep]
|upkeep
|
|t:|1759010428
|switch|p1a: Hatterene|Hatterene, F|100/100
|turn|14
|
|t:|1759010433
|move|p2a: Raging Bolt|Weather Ball|p1a: Hatterene
|-damage|p1a: Hatterene|1/100
|-damage|p2a: Raging Bolt|51/100|[from] item: Life Orb
|move|p1a: Hatterene|Trick Room|p1a: Hatterene
|-fieldstart|move: Trick Room|[of] p1a: Hatterene
|
|-weather|SunnyDay|[upkeep]
|upkeep
|turn|15
|inactive|FOX lRL has 90 seconds left.
|
|t:|1759010450
|move|p1a: Hatterene|Healing Wish|p1a: Hatterene
|faint|p1a: Hatterene
|move|p2a: Raging Bolt|Weather Ball|p1: Hatterene|[notarget]
|-fail|p2a: Raging Bolt
|
|-weather|SunnyDay|[upkeep]
|upkeep
|inactive|FOX lRL has 90 seconds left.
|c|☆FOX lRL|it gets worse when u need to be ursaluna 3 times xd
|
|t:|1759010464
|switch|p1a: Ursaluna|Ursaluna, F|15/100 brn
|-heal|p1a: Ursaluna|100/100|[from] move: Healing Wish
|turn|16
|c|☆FOX lRL|beat
|c|☆The Burger|2 times if hat died
|
|t:|1759010479
|move|p1a: Ursaluna|Substitute|p1a: Ursaluna
|-start|p1a: Ursaluna|Substitute
|-damage|p1a: Ursaluna|76/100
|move|p2a: Raging Bolt|Weather Ball|p1a: Ursaluna
|-end|p1a: Ursaluna|Substitute
|-damage|p2a: Raging Bolt|41/100|[from] item: Life Orb
|
|-weather|none
|-end|p2a: Raging Bolt|Protosynthesis
|-status|p1a: Ursaluna|brn|[from] item: Flame Orb
|upkeep
|turn|17
|c|☆FOX lRL|it had sash
|
|t:|1759010491
|-end|p2a: Raging Bolt|Protosynthesis|[silent]
|switch|p2a: Ninetales|Ninetales, M|100/100
|-weather|SunnyDay|[from] ability: Drought|[of] p2a: Ninetales
|move|p1a: Ursaluna|Earthquake|p2a: Ninetales
|-supereffective|p2a: Ninetales
|-damage|p2a: Ninetales|0 fnt
|faint|p2a: Ninetales
|
|-weather|SunnyDay|[upkeep]
|-damage|p1a: Ursaluna|70/100 brn|[from] brn
|upkeep
|
|t:|1759010502
|switch|p2a: Raging Bolt|Raging Bolt|41/100
|-activate|p2a: Raging Bolt|ability: Protosynthesis
|-start|p2a: Raging Bolt|protosynthesisspa
|turn|18
|c|☆FOX lRL|he opposing Raging Bolt used Weather Ball!
|c|☆FOX lRL|(Hatterene lost 99.4% of its health!)
|c|☆FOX lRL|The opposing Raging Bolt lost some of its HP!
|c|☆FOX lRL|lol didnt see
|-message|The Burger forfeited.
|
|win|FOX lRL
|raw|FOX lRL's rating: 1424 &rarr; <strong>1444</strong><br />(+20 for winning)
|raw|The Burger's rating: 1419 &rarr; <strong>1399</strong><br />(-20 for losing)
|l|☆The Burger
|player|p2|
|l|☆FOX lRL
|player|p1|
