|j|☆lolcano46
|j|☆zxcj1221
|t:|1758979113
|gametype|singles
|player|p1|lolcano46|fisherman-gen4|1648
|player|p2|zxcj1221|169|1717
|gen|9
|tier|[Gen 9] OU
|rated|
|rule|HP Percentage Mod: HP is shown in percentages
|rule|Endless Battle Clause: Forcing endless battles is banned
|rule|Species Clause: Limit one of each Pokémon
|rule|OHKO Clause: OHKO moves are banned
|rule|Evasion Items Clause: Evasion items are banned
|rule|Evasion Moves Clause: Evasion moves are banned
|rule|Evasion Abilities Clause: Evasion abilities are banned
|rule|Sleep Moves Clause: Sleep-inducing moves are banned
|clearpoke
|poke|p1|Azelf|
|poke|p1|Ogerpon-Wellspring, F|
|poke|p1|Scizor, M|
|poke|p1|Gengar, M|
|poke|p1|Raging Bolt|
|poke|p1|Cinderace, F|
|poke|p2|Pelipper, M|
|poke|p2|Greninja-*, M|
|poke|p2|Basculegion, M|
|poke|p2|Sandy Shocks|
|poke|p2|Manaphy|
|poke|p2|Araquanid, F|
|teampreview
|inactive|Battle timer is ON: inactive players will automatically lose when time's up. (requested by lolcano46)
|
|t:|1758979132
|teamsize|p1|6
|teamsize|p2|6
|start
|switch|p1a: Azelf|Azelf|100/100
|switch|p2a: Araquanid|Araquanid, F|100/100
|turn|1
|
|t:|1758979143
|move|p1a: Azelf|Thunderbolt|p2a: Araquanid
|-supereffective|p2a: Araquanid
|-damage|p2a: Araquanid|54/100
|move|p2a: Araquanid|Sticky Web|p1a: Azelf
|-sidestart|p1: lolcano46|move: Sticky Web
|
|upkeep
|turn|2
|
|t:|1758979149
|switch|p1a: Cinderace|Cinderace, F|100/100
|move|p2a: Araquanid|Liquidation|p1a: Cinderace
|-supereffective|p1a: Cinderace
|-damage|p1a: Cinderace|0 fnt
|faint|p1a: Cinderace
|
|upkeep
|
|t:|1758979155
|switch|p1a: Azelf|Azelf|100/100
|turn|3
|
|t:|1758979159
|move|p1a: Azelf|Thunderbolt|p2a: Araquanid
|-supereffective|p2a: Araquanid
|-damage|p2a: Araquanid|12/100
|move|p2a: Araquanid|Endeavor|p1a: Azelf
|-damage|p1a: Azelf|14/100
|
|upkeep
|turn|4
|-enditem|p2a: Araquanid|Custap Berry|[eat]
|-activate|p2a: Araquanid|item: Custap Berry|[consumed]
|
|t:|1758979165
|switch|p1a: Gengar|Gengar, M|100/100
|-activate|p1a: Gengar|move: Sticky Web
|-unboost|p1a: Gengar|spe|1
|move|p2a: Araquanid|Liquidation|p1a: Gengar
|-damage|p1a: Gengar|9/100
|
|upkeep
|turn|5
|
|t:|1758979172
|move|p1a: Gengar|Sludge Bomb|p2a: Araquanid
|-damage|p2a: Araquanid|0 fnt
|faint|p2a: Araquanid
|
|upkeep
|
|t:|1758979176
|switch|p2a: Sandy Shocks|Sandy Shocks|100/100
|-enditem|p2a: Sandy Shocks|Booster Energy
|-activate|p2a: Sandy Shocks|ability: Protosynthesis|[fromitem]
|-start|p2a: Sandy Shocks|protosynthesisspe
|turn|6
|
|t:|1758979180
|move|p2a: Sandy Shocks|Thunderbolt|p1a: Gengar
|-damage|p1a: Gengar|0 fnt
|faint|p1a: Gengar
|
|upkeep
|
|t:|1758979183
|switch|p1a: Ogerpon|Ogerpon-Wellspring, F|100/100
|-activate|p1a: Ogerpon|move: Sticky Web
|-unboost|p1a: Ogerpon|spe|1
|turn|7
|
|t:|1758979186
|move|p2a: Sandy Shocks|Thunderbolt|p1a: Ogerpon
|-damage|p1a: Ogerpon|52/100
|move|p1a: Ogerpon|Ivy Cudgel|p2a: Sandy Shocks|[anim] Ivy Cudgel Water
|-supereffective|p2a: Sandy Shocks
|-damage|p2a: Sandy Shocks|0 fnt
|faint|p2a: Sandy Shocks
|-end|p2a: Sandy Shocks|Protosynthesis|[silent]
|
|upkeep
|
|t:|1758979189
|switch|p2a: Pelipper|Pelipper, M|100/100
|-weather|RainDance|[from] ability: Drizzle|[of] p2a: Pelipper
|turn|8
|
|t:|1758979195
|move|p1a: Ogerpon|Horn Leech|p2a: Pelipper
|-damage|p2a: Pelipper|51/100
|-heal|p1a: Ogerpon|78/100|[from] drain|[of] p2a: Pelipper
|move|p2a: Pelipper|Hurricane|p1a: Ogerpon
|-supereffective|p1a: Ogerpon
|-damage|p1a: Ogerpon|0 fnt
|faint|p1a: Ogerpon
|
|-weather|RainDance|[upkeep]
|upkeep
|
|t:|1758979201
|switch|p1a: Azelf|Azelf|14/100
|turn|9
|
|t:|1758979205
|move|p1a: Azelf|Thunderbolt|p2a: Pelipper
|-supereffective|p2a: Pelipper
|-damage|p2a: Pelipper|0 fnt
|faint|p2a: Pelipper
|
|-weather|RainDance|[upkeep]
|upkeep
|
|t:|1758979206
|switch|p2a: Manaphy|Manaphy|100/100
|turn|10
|
|t:|1758979211
|-terastallize|p2a: Manaphy|Grass
|move|p1a: Azelf|Thunderbolt|p2a: Manaphy
|-resisted|p2a: Manaphy
|-crit|p2a: Manaphy
|-damage|p2a: Manaphy|80/100
|-status|p2a: Manaphy|par
|cant|p2a: Manaphy|par
|
|-weather|RainDance|[upkeep]
|-activate|p2a: Manaphy|ability: Hydration
|-curestatus|p2a: Manaphy|par|[msg]
|upkeep
|turn|11
|
|t:|1758979218
|move|p1a: Azelf|Flamethrower|p2a: Manaphy
|-supereffective|p2a: Manaphy
|-damage|p2a: Manaphy|50/100
|move|p2a: Manaphy|Tail Glow|p2a: Manaphy
|-boost|p2a: Manaphy|spa|3
|
|-weather|RainDance|[upkeep]
|upkeep
|turn|12
|
|t:|1758979224
|move|p1a: Azelf|Flamethrower|p2a: Manaphy
|-supereffective|p2a: Manaphy
|-damage|p2a: Manaphy|23/100
|move|p2a: Manaphy|Tail Glow|p2a: Manaphy
|-boost|p2a: Manaphy|spa|3
|
|-weather|RainDance|[upkeep]
|upkeep
|turn|13
|
|t:|1758979230
|move|p1a: Azelf|Flamethrower|p2a: Manaphy
|-supereffective|p2a: Manaphy
|-damage|p2a: Manaphy|0 fnt
|faint|p2a: Manaphy
|
|-weather|RainDance|[upkeep]
|upkeep
|
|t:|1758979239
|switch|p2a: Greninja|Greninja, M|100/100
|turn|14
|
|t:|1758979243
|move|p2a: Greninja|Dark Pulse|p1a: Azelf
|-supereffective|p1a: Azelf
|-damage|p1a: Azelf|0 fnt
|faint|p1a: Azelf
|-ability|p2a: Greninja|Battle Bond|boost
|-boost|p2a: Greninja|atk|1
|-boost|p2a: Greninja|spa|1
|-boost|p2a: Greninja|spe|1
|-activate|p2a: Greninja|ability: Battle Bond
|-damage|p2a: Greninja|91/100|[from] item: Life Orb
|
|-weather|RainDance|[upkeep]
|upkeep
|
|t:|1758979250
|switch|p1a: Raging Bolt|Raging Bolt|100/100
|-activate|p1a: Raging Bolt|move: Sticky Web
|-unboost|p1a: Raging Bolt|spe|1
|-enditem|p1a: Raging Bolt|Booster Energy
|-activate|p1a: Raging Bolt|ability: Protosynthesis|[fromitem]
|-start|p1a: Raging Bolt|protosynthesisspa
|turn|15
|
|t:|1758979255
|-terastallize|p1a: Raging Bolt|Fairy
|move|p2a: Greninja|Water Shuriken|p1a: Raging Bolt
|-damage|p1a: Raging Bolt|81/100
|-damage|p1a: Raging Bolt|62/100
|-hitcount|p1a: Raging Bolt|2
|-damage|p2a: Greninja|81/100|[from] item: Life Orb
|move|p1a: Raging Bolt|Thunderbolt|p2a: Greninja
|-supereffective|p2a: Greninja
|-damage|p2a: Greninja|0 fnt
|faint|p2a: Greninja
|
|-weather|none
|upkeep
|
|t:|1758979261
|switch|p2a: Basculegion|Basculegion, M|100/100
|turn|16
|
|t:|1758979268
|move|p2a: Basculegion|Aqua Jet|p1a: Raging Bolt
|-damage|p1a: Raging Bolt|30/100
|move|p1a: Raging Bolt|Thunderbolt|p2a: Basculegion
|-supereffective|p2a: Basculegion
|-damage|p2a: Basculegion|0 fnt
|faint|p2a: Basculegion
|
|win|lolcano46
|raw|lolcano46's rating: 1648 &rarr; <strong>1672</strong><br />(+24 for winning)
|raw|zxcj1221's rating: 1717 &rarr; <strong>1693</strong><br />(-24 for losing)
|l|☆zxcj1221
|player|p2|
|l|☆lolcano46
|player|p1|
