|j|☆yoke tv
|j|☆Azunail
|t:|1759052305
|gametype|singles
|player|p1|yoke tv|1|1427
|player|p2|Azunail|yellow|1481
|gen|9
|tier|[Gen 9] OU
|rated|
|rule|HP Percentage Mod: HP is shown in percentages
|rule|Endless Battle Clause: Forcing endless battles is banned
|rule|Species Clause: Limit one of each Pokémon
|rule|OHKO Clause: OHKO moves are banned
|rule|Evasion Items Clause: Evasion items are banned
|rule|Evasion Moves Clause: Evasion moves are banned
|rule|Evasion Abilities Clause: Evasion abilities are banned
|rule|Sleep Moves Clause: Sleep-inducing moves are banned
|clearpoke
|poke|p1|Walking Wake|
|poke|p1|Ninetales, M|
|poke|p1|Raging Bolt|
|poke|p1|Great Tusk|
|poke|p1|Hatterene, F|
|poke|p1|Venusaur, M|
|poke|p2|Ribombee, M|
|poke|p2|Cinderace, F|
|poke|p2|Serperior, F|
|poke|p2|Mimikyu, F|
|poke|p2|Dragapult, M|
|poke|p2|Bisharp, F|
|teampreview
|
|t:|1759052312
|teamsize|p1|6
|teamsize|p2|6
|start
|switch|p1a: Raging Bolt|Raging Bolt|100/100
|switch|p2a: Ribombee|Ribombee, M|100/100
|turn|1
|
|t:|1759052319
|move|p2a: Ribombee|Moonblast|p1a: Raging Bolt
|-supereffective|p1a: Raging Bolt
|-damage|p1a: Raging Bolt|51/100
|move|p1a: Raging Bolt|Thunderbolt|p2a: Ribombee
|-crit|p2a: Ribombee
|-enditem|p2a: Ribombee|Focus Sash
|-damage|p2a: Ribombee|1/100
|
|upkeep
|turn|2
|
|t:|1759052327
|-end|p1a: Raging Bolt|Protosynthesis|[silent]
|switch|p1a: Hatterene|Hatterene, F|100/100
|move|p2a: Ribombee|Sticky Web|p1a: Hatterene
|move|p1a: Hatterene|Sticky Web|p2a: Ribombee|[from] ability: Magic Bounce
|-sidestart|p2: Azunail|move: Sticky Web
|
|upkeep
|turn|3
|
|t:|1759052335
|move|p2a: Ribombee|Moonblast|p1a: Hatterene
|-damage|p1a: Hatterene|58/100
|-unboost|p1a: Hatterene|spa|1
|move|p1a: Hatterene|Draining Kiss|p2a: Ribombee
|-damage|p2a: Ribombee|0 fnt
|-heal|p1a: Hatterene|58/100|[from] drain|[of] p2a: Ribombee
|faint|p2a: Ribombee
|
|-heal|p1a: Hatterene|64/100|[from] item: Leftovers
|upkeep
|
|t:|1759052343
|switch|p2a: Serperior|Serperior, F|100/100
|-activate|p2a: Serperior|move: Sticky Web
|-boost|p2a: Serperior|spe|1
|turn|4
|
|t:|1759052353
|switch|p1a: Ninetales|Ninetales, M|100/100
|-weather|SunnyDay|[from] ability: Drought|[of] p1a: Ninetales
|move|p2a: Serperior|Substitute|p2a: Serperior
|-start|p2a: Serperior|Substitute
|-damage|p2a: Serperior|76/100
|
|-weather|SunnyDay|[upkeep]
|-heal|p2a: Serperior|82/100|[from] item: Leftovers
|upkeep
|turn|5
|
|t:|1759052365
|move|p2a: Serperior|Leaf Storm|p1a: Ninetales
|-resisted|p1a: Ninetales
|-damage|p1a: Ninetales|76/100
|-boost|p2a: Serperior|spa|2
|move|p1a: Ninetales|Flamethrower|p2a: Serperior
|-supereffective|p2a: Serperior
|-end|p2a: Serperior|Substitute
|
|-weather|SunnyDay|[upkeep]
|-heal|p2a: Serperior|88/100|[from] item: Leftovers
|upkeep
|turn|6
|
|t:|1759052390
|switch|p1a: Hatterene|Hatterene, F|64/100
|-terastallize|p2a: Serperior|Fire
|move|p2a: Serperior|Leaf Storm|p1a: Hatterene
|-damage|p1a: Hatterene|0 fnt
|-boost|p2a: Serperior|spa|2
|faint|p1a: Hatterene
|
|-weather|SunnyDay|[upkeep]
|-heal|p2a: Serperior|94/100|[from] item: Leftovers
|upkeep
|
|t:|1759052392
|switch|p1a: Venusaur|Venusaur, M|100/100
|turn|7
|
|t:|1759052404
|-terastallize|p1a: Venusaur|Ground
|move|p1a: Venusaur|Earth Power|p2a: Serperior
|-supereffective|p2a: Serperior
|-damage|p2a: Serperior|0 fnt
|faint|p2a: Serperior
|-damage|p1a: Venusaur|91/100|[from] item: Life Orb
|
|-weather|SunnyDay|[upkeep]
|upkeep
|
|t:|1759052416
|switch|p2a: Mimikyu|Mimikyu, F|100/100
|-activate|p2a: Mimikyu|move: Sticky Web
|-unboost|p2a: Mimikyu|spe|1
|turn|8
|
|t:|1759052425
|move|p1a: Venusaur|Giga Drain|p2a: Mimikyu
|-activate|p2a: Mimikyu|ability: Disguise
|-damage|p2a: Mimikyu|100/100
|detailschange|p2a: Mimikyu|Mimikyu-Busted, F
|-damage|p2a: Mimikyu|88/100|[from] pokemon: Mimikyu-Busted
|-enditem|p2a: Mimikyu|Red Card|[of] p1a: Venusaur
|drag|p1a: Ninetales|Ninetales, M|76/100
|move|p2a: Mimikyu|Shadow Claw|p1a: Ninetales
|-damage|p1a: Ninetales|39/100
|
|-weather|SunnyDay|[upkeep]
|upkeep
|turn|9
|
|t:|1759052439
|move|p1a: Ninetales|Will-O-Wisp|p2a: Mimikyu
|-status|p2a: Mimikyu|brn
|move|p2a: Mimikyu|Shadow Claw|p1a: Ninetales
|-crit|p1a: Ninetales
|-damage|p1a: Ninetales|10/100
|
|-weather|SunnyDay|[upkeep]
|-damage|p2a: Mimikyu|82/100 brn|[from] brn
|upkeep
|turn|10
|
|t:|1759052446
|switch|p1a: Venusaur|Venusaur, M, tera:Ground|91/100
|move|p2a: Mimikyu|Destiny Bond|p2a: Mimikyu
|-singlemove|p2a: Mimikyu|Destiny Bond
|
|-weather|SunnyDay|[upkeep]
|-damage|p2a: Mimikyu|76/100 brn|[from] brn
|upkeep
|turn|11
|
|t:|1759052453
|move|p1a: Venusaur|Growth|p1a: Venusaur
|-boost|p1a: Venusaur|atk|2
|-boost|p1a: Venusaur|spa|2
|move|p2a: Mimikyu|Shadow Claw|p1a: Venusaur
|-damage|p1a: Venusaur|71/100
|
|-weather|none
|-damage|p2a: Mimikyu|70/100 brn|[from] brn
|upkeep
|turn|12
|
|t:|1759052460
|move|p1a: Venusaur|Giga Drain|p2a: Mimikyu
|-damage|p2a: Mimikyu|0 fnt
|-heal|p1a: Venusaur|100/100|[from] drain|[of] p2a: Mimikyu
|faint|p2a: Mimikyu
|-damage|p1a: Venusaur|91/100|[from] item: Life Orb
|
|upkeep
|
|t:|1759052465
|switch|p2a: Bisharp|Bisharp, F|100/100
|-activate|p2a: Bisharp|move: Sticky Web
|-unboost|p2a: Bisharp|spe|1
|-ability|p2a: Bisharp|Defiant|boost
|-boost|p2a: Bisharp|atk|2
|turn|13
|
|t:|1759052472
|move|p1a: Venusaur|Earth Power|p2a: Bisharp
|-supereffective|p2a: Bisharp
|-damage|p2a: Bisharp|0 fnt
|faint|p2a: Bisharp
|-damage|p1a: Venusaur|81/100|[from] item: Life Orb
|
|upkeep
|
|t:|1759052475
|switch|p2a: Cinderace|Cinderace, F|100/100
|turn|14
|
|t:|1759052483
|move|p2a: Cinderace|Pyro Ball|p1a: Venusaur|[miss]
|-miss|p2a: Cinderace|p1a: Venusaur
|move|p1a: Venusaur|Earth Power|p2a: Cinderace
|-supereffective|p2a: Cinderace
|-damage|p2a: Cinderace|0 fnt
|faint|p2a: Cinderace
|-damage|p1a: Venusaur|71/100|[from] item: Life Orb
|
|upkeep
|
|t:|1759052486
|switch|p2a: Dragapult|Dragapult, M|100/100
|-activate|p2a: Dragapult|move: Sticky Web
|-fail|p2a: Dragapult|unboost|[from] ability: Clear Body|[of] p2a: Dragapult
|turn|15
|
|t:|1759052493
|switch|p1a: Ninetales|Ninetales, M|10/100
|-weather|SunnyDay|[from] ability: Drought|[of] p1a: Ninetales
|move|p2a: Dragapult|Hydro Pump|p1a: Ninetales
|-supereffective|p1a: Ninetales
|-damage|p1a: Ninetales|0 fnt
|faint|p1a: Ninetales
|-damage|p2a: Dragapult|91/100|[from] item: Life Orb
|
|-weather|SunnyDay|[upkeep]
|upkeep
|-message|Azunail forfeited.
|
|win|yoke tv
|raw|yoke tv's rating: 1444 &rarr; <strong>1466</strong><br />(+22 for winning)
|raw|Azunail's rating: 1481 &rarr; <strong>1459</strong><br />(-22 for losing)
|l|☆Azunail
|player|p2|
|l|☆yoke tv
|player|p1|
