|j|☆Ostenberg
|j|☆Satanel7
|t:|1758951051
|gametype|singles
|player|p1|Ostenberg|266|1179
|player|p2|Satanel7|silver|1234
|gen|9
|tier|[Gen 9] OU
|rated|
|rule|HP Percentage Mod: HP is shown in percentages
|rule|Endless Battle Clause: Forcing endless battles is banned
|rule|Species Clause: Limit one of each Pokémon
|rule|OHKO Clause: OHKO moves are banned
|rule|Evasion Items Clause: Evasion items are banned
|rule|Evasion Moves Clause: Evasion moves are banned
|rule|Evasion Abilities Clause: Evasion abilities are banned
|rule|Sleep Moves Clause: Sleep-inducing moves are banned
|clearpoke
|poke|p1|Dragonite, M|
|poke|p1|Metagross|
|poke|p1|Landorus-Therian, M|
|poke|p1|Ceruledge, F|
|poke|p1|Meowscarada, M|
|poke|p1|Forretress, M|
|poke|p2|Gliscor, M|
|poke|p2|Hatterene, F|
|poke|p2|Iron Crown|
|poke|p2|Moltres|
|poke|p2|Alomomola, F|
|poke|p2|Darkrai|
|teampreview
|inactive|Battle timer is ON: inactive players will automatically lose when time's up. (requested by Satanel7)
|
|t:|1758951064
|teamsize|p1|6
|teamsize|p2|6
|start
|switch|p1a: Metagross|Metagross|100/100
|switch|p2a: Gliscor|Gliscor, M|100/100
|turn|1
|
|t:|1758951071
|move|p2a: Gliscor|Protect|p2a: Gliscor
|-singleturn|p2a: Gliscor|Protect
|move|p1a: Metagross|Knock Off|p2a: Gliscor
|-activate|p2a: Gliscor|move: Protect
|
|-status|p2a: Gliscor|tox|[from] item: Toxic Orb
|upkeep
|turn|2
|
|t:|1758951081
|switch|p1a: Meowscarada|Meowscarada, M|100/100
|move|p2a: Gliscor|Knock Off|p1a: Meowscarada
|-resisted|p1a: Meowscarada
|-crit|p1a: Meowscarada
|-damage|p1a: Meowscarada|76/100
|-enditem|p1a: Meowscarada|Life Orb|[from] move: Knock Off|[of] p2a: Gliscor
|
|upkeep
|turn|3
|
|t:|1758951090
|switch|p2a: Moltres|Moltres|100/100
|move|p1a: Meowscarada|Triple Axel|p2a: Moltres
|-start|p1a: Meowscarada|typechange|Ice|[from] ability: Protean
|-damage|p2a: Moltres|94/100
|-damage|p2a: Moltres|81/100
|-damage|p2a: Moltres|61/100
|-status|p1a: Meowscarada|brn|[from] ability: Flame Body|[of] p2a: Moltres
|-hitcount|p2a: Moltres|3
|
|-damage|p1a: Meowscarada|69/100 brn|[from] brn
|upkeep
|turn|4
|c|☆Satanel7|tuff
|
|t:|1758951116
|move|p1a: Meowscarada|Thunder Punch|p2a: Moltres
|-supereffective|p2a: Moltres
|-crit|p2a: Moltres
|-damage|p2a: Moltres|35/100
|move|p2a: Moltres|Roost|p2a: Moltres
|-heal|p2a: Moltres|85/100
|-singleturn|p2a: Moltres|move: Roost
|
|-damage|p1a: Meowscarada|63/100 brn|[from] brn
|upkeep
|turn|5
|c|☆Satanel7|i had a couple bad games tho so hey it happens to all us
|
|t:|1758951130
|switch|p1a: Landorus|Landorus-Therian, M|100/100
|-ability|p1a: Landorus|Intimidate|boost
|-unboost|p2a: Moltres|atk|1
|move|p2a: Moltres|Flamethrower|p1a: Landorus
|-damage|p1a: Landorus|60/100
|-status|p1a: Landorus|brn
|
|-damage|p1a: Landorus|54/100 brn|[from] brn
|upkeep
|turn|6
|c|☆Satanel7|my god
|-message|Ostenberg forfeited.
|
|win|Satanel7
|raw|Ostenberg's rating: 1179 &rarr; <strong>1158</strong><br />(-21 for losing)
|raw|Satanel7's rating: 1234 &rarr; <strong>1255</strong><br />(+21 for winning)
|l|☆Ostenberg
|player|p1|
|l|☆Satanel7
|player|p2|
