|j|☆Yomoma’sash
|j|☆kingjot
|t:|1758998842
|gametype|singles
|player|p1|Yomoma’sash|169|1540
|player|p2|kingjot|caitlin|1501
|gen|9
|tier|[Gen 9] OU
|rated|
|rule|HP Percentage Mod: HP is shown in percentages
|rule|Endless Battle Clause: Forcing endless battles is banned
|rule|Species Clause: Limit one of each Pokémon
|rule|OHKO Clause: OHKO moves are banned
|rule|Evasion Items Clause: Evasion items are banned
|rule|Evasion Moves Clause: Evasion moves are banned
|rule|Evasion Abilities Clause: Evasion abilities are banned
|rule|Sleep Moves Clause: Sleep-inducing moves are banned
|clearpoke
|poke|p1|Charizard, F|
|poke|p1|Venusaur, M|
|poke|p1|Lapras, F|
|poke|p1|Blastoise, F|
|poke|p1|Snorlax, M|
|poke|p1|Clefable, F|
|poke|p2|Dragapult, F|
|poke|p2|Thundurus-Therian, M|
|poke|p2|Zamazenta-*|
|poke|p2|Great Tusk|
|poke|p2|Corviknight, F|
|poke|p2|Slowking-Galar, M|
|teampreview
|inactive|Battle timer is ON: inactive players will automatically lose when time's up. (requested by Yomoma’sash)
|
|t:|1758998865
|teamsize|p1|6
|teamsize|p2|6
|start
|switch|p1a: Snorlax|Snorlax, M|100/100
|switch|p2a: Dragapult|Dragapult, F|100/100
|turn|1
|
|t:|1758998875
|move|p2a: Dragapult|Dragon Darts|p1a: Snorlax
|-damage|p1a: Snorlax|64/100
|-anim|p2a: Dragapult|Dragon Darts|p1a: Snorlax
|-damage|p1a: Snorlax|27/100
|move|p1a: Snorlax|Earthquake|p2a: Dragapult
|-damage|p2a: Dragapult|55/100
|
|upkeep
|turn|2
|-enditem|p1a: Snorlax|Custap Berry|[eat]
|-activate|p1a: Snorlax|item: Custap Berry|[consumed]
|
|t:|1758998878
|move|p1a: Snorlax|Outrage|p2a: Dragapult
|-supereffective|p2a: Dragapult
|-damage|p2a: Dragapult|0 fnt
|faint|p2a: Dragapult
|
|upkeep
|
|t:|1758998884
|switch|p2a: Corviknight|Corviknight, F|100/100
|-ability|p2a: Corviknight|Pressure
|turn|3
|
|t:|1758998887
|move|p2a: Corviknight|Brave Bird|p1a: Snorlax
|-damage|p1a: Snorlax|0 fnt
|faint|p1a: Snorlax
|-damage|p2a: Corviknight|89/100|[from] Recoil
|
|upkeep
|j| Troodon_Jesus
|
|t:|1758998894
|switch|p1a: Blastoise|Blastoise, F|100/100
|turn|4
|l| Troodon_Jesus
|
|t:|1758998920
|move|p1a: Blastoise|Shell Smash|p1a: Blastoise
|-unboost|p1a: Blastoise|def|1
|-unboost|p1a: Blastoise|spd|1
|-boost|p1a: Blastoise|atk|2
|-boost|p1a: Blastoise|spa|2
|-boost|p1a: Blastoise|spe|2
|-enditem|p1a: Blastoise|White Herb
|-clearnegativeboost|p1a: Blastoise|[silent]
|move|p2a: Corviknight|Brave Bird|p1a: Blastoise
|-damage|p1a: Blastoise|55/100
|-damage|p2a: Corviknight|78/100|[from] Recoil
|
|upkeep
|turn|5
|
|t:|1758998931
|move|p1a: Blastoise|Surf|p2a: Corviknight
|-damage|p2a: Corviknight|8/100
|move|p2a: Corviknight|U-turn|p1a: Blastoise
|-damage|p1a: Blastoise|39/100
|inactive|kingjot has 120 seconds left.
|
|t:|1758998947
|switch|p2a: Slowking|Slowking-Galar, M|100/100|[from] U-turn
|
|upkeep
|turn|6
|
|t:|1758998951
|move|p1a: Blastoise|Dark Pulse|p2a: Slowking
|-supereffective|p2a: Slowking
|-damage|p2a: Slowking|45/100
|move|p2a: Slowking|Thunder Wave|p1a: Blastoise
|-status|p1a: Blastoise|par
|
|upkeep
|turn|7
|
|t:|1758998957
|move|p1a: Blastoise|Dark Pulse|p2a: Slowking
|-supereffective|p2a: Slowking
|-damage|p2a: Slowking|0 fnt
|faint|p2a: Slowking
|
|upkeep
|
|t:|1758998960
|switch|p2a: Zamazenta|Zamazenta|100/100
|-ability|p2a: Zamazenta|Dauntless Shield|boost
|-boost|p2a: Zamazenta|def|1
|turn|8
|
|t:|1758998963
|move|p2a: Zamazenta|Iron Defense|p2a: Zamazenta
|-boost|p2a: Zamazenta|def|2
|move|p1a: Blastoise|Surf|p2a: Zamazenta
|-damage|p2a: Zamazenta|39/100
|
|-heal|p2a: Zamazenta|46/100|[from] item: Leftovers
|upkeep
|turn|9
|
|t:|1758998966
|move|p2a: Zamazenta|Body Press|p1a: Blastoise
|-damage|p1a: Blastoise|0 fnt
|faint|p1a: Blastoise
|
|-heal|p2a: Zamazenta|52/100|[from] item: Leftovers
|upkeep
|
|t:|1758998969
|switch|p1a: Venusaur|Venusaur, M|100/100
|turn|10
|
|t:|1758998972
|move|p2a: Zamazenta|Body Press|p1a: Venusaur
|-resisted|p1a: Venusaur
|-damage|p1a: Venusaur|42/100
|move|p1a: Venusaur|Sunny Day|p1a: Venusaur
|-weather|SunnyDay
|
|-weather|SunnyDay|[upkeep]
|-heal|p2a: Zamazenta|58/100|[from] item: Leftovers
|upkeep
|turn|11
|
|t:|1758998976
|move|p1a: Venusaur|Giga Drain|p2a: Zamazenta
|-damage|p2a: Zamazenta|32/100
|-heal|p1a: Venusaur|59/100|[from] drain|[of] p2a: Zamazenta
|move|p2a: Zamazenta|Body Press|p1a: Venusaur
|-resisted|p1a: Venusaur
|-damage|p1a: Venusaur|8/100
|
|-weather|SunnyDay|[upkeep]
|-heal|p2a: Zamazenta|38/100|[from] item: Leftovers
|upkeep
|turn|12
|
|t:|1758998980
|-terastallize|p2a: Zamazenta|Fire
|move|p1a: Venusaur|Weather Ball|p2a: Zamazenta
|-resisted|p2a: Zamazenta
|-damage|p2a: Zamazenta|20/100
|move|p2a: Zamazenta|Body Press|p1a: Venusaur
|-resisted|p1a: Venusaur
|-damage|p1a: Venusaur|0 fnt
|faint|p1a: Venusaur
|
|-weather|SunnyDay|[upkeep]
|-heal|p2a: Zamazenta|26/100|[from] item: Leftovers
|upkeep
|
|t:|1758998983
|switch|p1a: Charizard|Charizard, F|100/100
|turn|13
|
|t:|1758998986
|move|p1a: Charizard|Flamethrower|p2a: Zamazenta
|-resisted|p2a: Zamazenta
|-damage|p2a: Zamazenta|0 fnt
|faint|p2a: Zamazenta
|
|-weather|SunnyDay|[upkeep]
|-damage|p1a: Charizard|88/100|[from] ability: Solar Power|[of] p1a: Charizard
|upkeep
|
|t:|1758998997
|switch|p2a: Great Tusk|Great Tusk|100/100
|-activate|p2a: Great Tusk|ability: Protosynthesis
|-start|p2a: Great Tusk|protosynthesisatk
|turn|14
|
|t:|1758999000
|move|p1a: Charizard|Flamethrower|p2a: Great Tusk
|-damage|p2a: Great Tusk|14/100
|move|p2a: Great Tusk|Knock Off|p1a: Charizard
|-damage|p1a: Charizard|34/100
|-enditem|p1a: Charizard|Choice Scarf|[from] move: Knock Off|[of] p2a: Great Tusk
|
|-weather|SunnyDay|[upkeep]
|-damage|p1a: Charizard|22/100|[from] ability: Solar Power|[of] p1a: Charizard
|-heal|p2a: Great Tusk|20/100|[from] item: Leftovers
|upkeep
|turn|15
|
|t:|1758999007
|move|p1a: Charizard|Flamethrower|p2a: Great Tusk
|-crit|p2a: Great Tusk
|-damage|p2a: Great Tusk|0 fnt
|faint|p2a: Great Tusk
|-end|p2a: Great Tusk|Protosynthesis|[silent]
|
|-weather|SunnyDay|[upkeep]
|-damage|p1a: Charizard|9/100|[from] ability: Solar Power|[of] p1a: Charizard
|upkeep
|
|t:|1758999009
|switch|p2a: Corviknight|Corviknight, F|8/100
|-ability|p2a: Corviknight|Pressure
|turn|16
|
|t:|1758999013
|move|p1a: Charizard|Flamethrower|p2a: Corviknight
|-supereffective|p2a: Corviknight
|-damage|p2a: Corviknight|0 fnt
|faint|p2a: Corviknight
|
|-weather|SunnyDay|[upkeep]
|-damage|p1a: Charizard|0 fnt|[from] ability: Solar Power|[of] p1a: Charizard
|faint|p1a: Charizard
|upkeep
|
|t:|1758999017
|switch|p1a: Lapras|Lapras, F|100/100
|switch|p2a: Thundurus|Thundurus-Therian, M|100/100
|turn|17
|
|t:|1758999024
|-terastallize|p1a: Lapras|Ghost
|move|p2a: Thundurus|Volt Switch|p1a: Lapras
|-damage|p1a: Lapras|52/100
|move|p1a: Lapras|Ice Beam|p2a: Thundurus
|-supereffective|p2a: Thundurus
|-damage|p2a: Thundurus|0 fnt
|faint|p2a: Thundurus
|
|win|Yomoma’sash
|raw|Yomoma’sash's rating: 1540 &rarr; <strong>1558</strong><br />(+18 for winning)
|raw|kingjot's rating: 1501 &rarr; <strong>1483</strong><br />(-18 for losing)
|l|☆kingjot
|player|p2|
|l|☆Yomoma’sash
|player|p1|
|j|☆Yomoma’sash
|player|p1|Yomoma’sash|169|
