|badge|p1|bronze|gen9ou|100-6
|html|<div class="broadcast-red"><strong>This battle is required to be public due to one or more player having a season medal.</strong><br />During the public phase, you can discuss the state of the ladder <a href="/seasondiscussion">in a special chatroom.</a></div>
|uhtml|medal-msg|<div class="broadcast-blue">Curious what those medals under the avatar are? PS now has Ladder Seasons! For more information, check out the <a href="https://www.smogon.com/forums/threads/3740067/">thread on Smogon.</a></div>
|raw|<div class="broadcast-blue"><strong>This battle is required to be public due to a player having a name starting with 'medal'.</div>
|j|☆Obito 2001
|j|☆mrbrazy
|t:|1759014251
|gametype|singles
|player|p1|Obito 2001|blue-gen3two|1845
|player|p2|mrbrazy|pokemonbreederf-gen4|1838
|gen|9
|tier|[Gen 9] OU
|rated|
|rule|HP Percentage Mod: HP is shown in percentages
|rule|Endless Battle Clause: Forcing endless battles is banned
|rule|Species Clause: Limit one of each Pokémon
|rule|OHKO Clause: OHKO moves are banned
|rule|Evasion Items Clause: Evasion items are banned
|rule|Evasion Moves Clause: Evasion moves are banned
|rule|Evasion Abilities Clause: Evasion abilities are banned
|rule|Sleep Moves Clause: Sleep-inducing moves are banned
|clearpoke
|poke|p1|Kingambit, M|
|poke|p1|Landorus-Therian, M|
|poke|p1|Raging Bolt|
|poke|p1|Glimmora, F|
|poke|p1|Dragapult, M|
|poke|p1|Cinderace, F|
|poke|p2|Kyurem|
|poke|p2|Slowking-Galar, F|
|poke|p2|Landorus-Therian, M|
|poke|p2|Great Tusk|
|poke|p2|Samurott-Hisui, F|
|poke|p2|Kingambit, F|
|teampreview
|inactive|Battle timer is ON: inactive players will automatically lose when time's up. (requested by Obito 2001)
|
|t:|1759014279
|teamsize|p1|6
|teamsize|p2|6
|start
|switch|p1a: BunnyGirlSenpai|Cinderace, F|100/100
|switch|p2a: Landorus|Landorus-Therian, M|100/100
|-ability|p2a: Landorus|Intimidate|boost
|-unboost|p1a: BunnyGirlSenpai|atk|1
|turn|1
|j| amefurikoneko
|
|t:|1759014284
|move|p2a: Landorus|Earthquake|p1a: BunnyGirlSenpai
|-supereffective|p1a: BunnyGirlSenpai
|-damage|p1a: BunnyGirlSenpai|0 fnt
|faint|p1a: BunnyGirlSenpai
|
|upkeep
|
|t:|1759014289
|switch|p1a: Landorus|Landorus-Therian, M|100/100
|-ability|p1a: Landorus|Intimidate|boost
|-unboost|p2a: Landorus|atk|1
|turn|2
|
|t:|1759014311
|switch|p2a: Great Tusk|Great Tusk, shiny|100/100
|move|p1a: Landorus|Stealth Rock|p2a: Great Tusk
|-sidestart|p2: mrbrazy|move: Stealth Rock
|
|upkeep
|turn|3
|
|t:|1759014314
|move|p1a: Landorus|Grass Knot|p2a: Great Tusk
|-supereffective|p2a: Great Tusk
|-damage|p2a: Great Tusk|5/100
|-damage|p1a: Landorus|84/100|[from] item: Rocky Helmet|[of] p2a: Great Tusk
|move|p2a: Great Tusk|Ice Spinner|p1a: Landorus
|-supereffective|p1a: Landorus
|-damage|p1a: Landorus|0 fnt
|-damage|p2a: Great Tusk|0 fnt|[from] item: Rocky Helmet|[of] p1a: Landorus
|faint|p1a: Landorus
|faint|p2a: Great Tusk
|-end|p2a: Great Tusk|Protosynthesis|[silent]
|
|upkeep
|
|t:|1759014323
|switch|p1a: DraGhost|Dragapult, M|100/100
|switch|p2a: Landorus|Landorus-Therian, M|100/100
|-damage|p2a: Landorus|88/100|[from] Stealth Rock
|-ability|p2a: Landorus|Intimidate|boost
|-unboost|p1a: DraGhost|atk|1
|turn|4
|
|t:|1759014333
|move|p2a: Landorus|U-turn|p1a: DraGhost
|-resisted|p1a: DraGhost
|-damage|p1a: DraGhost|83/100
|
|t:|1759014334
|switch|p2a: Samurott|Samurott-Hisui, F, shiny|100/100|[from] U-turn
|-damage|p2a: Samurott|88/100|[from] Stealth Rock
|move|p1a: DraGhost|Will-O-Wisp|p2a: Samurott
|-status|p2a: Samurott|brn
|
|-heal|p1a: DraGhost|89/100|[from] item: Leftovers
|-damage|p2a: Samurott|82/100 brn|[from] brn
|upkeep
|turn|5
|
|t:|1759014353
|switch|p1a: Toxica|Glimmora, F|100/100
|move|p2a: Samurott|Ceaseless Edge|p1a: Toxica|[miss]
|-miss|p2a: Samurott|p1a: Toxica
|
|-damage|p2a: Samurott|75/100 brn|[from] brn
|upkeep
|turn|6
|
|t:|1759014363
|move|p1a: Toxica|Meteor Beam||[still]
|-prepare|p1a: Toxica|Meteor Beam
|-boost|p1a: Toxica|spa|1
|-enditem|p1a: Toxica|Power Herb
|-anim|p1a: Toxica|Meteor Beam|p2a: Samurott
|-damage|p2a: Samurott|15/100 brn
|move|p2a: Samurott|Ceaseless Edge|p1a: Toxica
|-damage|p1a: Toxica|78/100
|-activate|p1a: Toxica|ability: Toxic Debris
|-sidestart|p2: mrbrazy|move: Toxic Spikes
|-sidestart|p1: Obito 2001|Spikes
|
|-damage|p2a: Samurott|9/100 brn|[from] brn
|upkeep
|turn|7
|
|t:|1759014371
|move|p2a: Samurott|Sucker Punch|p1a: Toxica
|-damage|p1a: Toxica|61/100
|-activate|p1a: Toxica|ability: Toxic Debris
|-sidestart|p2: mrbrazy|move: Toxic Spikes
|move|p1a: Toxica|Dazzling Gleam|p2a: Samurott
|-supereffective|p2a: Samurott
|-damage|p2a: Samurott|0 fnt
|faint|p2a: Samurott
|
|upkeep
|
|t:|1759014374
|switch|p2a: Slowking|Slowking-Galar, F|100/100
|-damage|p2a: Slowking|88/100|[from] Stealth Rock
|-sideend|p2: mrbrazy|move: Toxic Spikes|[of] p2a: Slowking
|turn|8
|
|t:|1759014376
|move|p1a: Toxica|Earth Power|p2a: Slowking
|-supereffective|p2a: Slowking
|-damage|p2a: Slowking|31/100
|move|p2a: Slowking|Psychic Noise|p1a: Toxica
|-supereffective|p1a: Toxica
|-damage|p1a: Toxica|0 fnt
|faint|p1a: Toxica
|
|-heal|p2a: Slowking|37/100|[from] item: Black Sludge
|upkeep
|
|t:|1759014384
|switch|p1a: Sosuke Aizen|Kingambit, M, shiny|100/100
|-damage|p1a: Sosuke Aizen|88/100|[from] Spikes
|-activate|p1a: Sosuke Aizen|ability: Supreme Overlord
|-start|p1a: Sosuke Aizen|fallen3|[silent]
|turn|9
|
|t:|1759014388
|move|p1a: Sosuke Aizen|Swords Dance|p1a: Sosuke Aizen
|-boost|p1a: Sosuke Aizen|atk|2
|move|p2a: Slowking|Trick|p1a: Sosuke Aizen
|-activate|p2a: Slowking|move: Trick|[of] p1a: Sosuke Aizen
|-item|p1a: Sosuke Aizen|Black Sludge|[from] move: Trick
|-item|p2a: Slowking|Leftovers|[from] move: Trick
|
|-damage|p1a: Sosuke Aizen|76/100|[from] item: Black Sludge
|-heal|p2a: Slowking|43/100|[from] item: Leftovers
|upkeep
|turn|10
|
|t:|1759014398
|move|p1a: Sosuke Aizen|Iron Head|p2a: Slowking
|-damage|p2a: Slowking|0 fnt
|faint|p2a: Slowking
|
|-damage|p1a: Sosuke Aizen|64/100|[from] item: Black Sludge
|upkeep
|inactive|mrbrazy has 120 seconds left.
|
|t:|1759014446
|switch|p2a: Kingambit|Kingambit, F, shiny|100/100
|-damage|p2a: Kingambit|94/100|[from] Stealth Rock
|-activate|p2a: Kingambit|ability: Supreme Overlord
|-start|p2a: Kingambit|fallen3|[silent]
|turn|11
|j| Nikator98
|
|t:|1759014452
|move|p2a: Kingambit|Kowtow Cleave|p1a: Sosuke Aizen
|-resisted|p1a: Sosuke Aizen
|-damage|p1a: Sosuke Aizen|40/100
|move|p1a: Sosuke Aizen|Low Kick|p2a: Kingambit
|-supereffective|p2a: Kingambit
|-damage|p2a: Kingambit|0 fnt
|faint|p2a: Kingambit
|-end|p2a: Kingambit|fallen3|[silent]
|
|-damage|p1a: Sosuke Aizen|28/100|[from] item: Black Sludge
|upkeep
|l| Nikator98
|
|t:|1759014462
|switch|p2a: Landorus|Landorus-Therian, M|88/100
|-damage|p2a: Landorus|76/100|[from] Stealth Rock
|-ability|p2a: Landorus|Intimidate|boost
|-unboost|p1a: Sosuke Aizen|atk|1
|turn|12
|
|t:|1759014468
|switch|p2a: Kyurem|Kyurem, shiny|100/100
|-damage|p2a: Kyurem|76/100|[from] Stealth Rock
|-ability|p2a: Kyurem|Pressure
|move|p1a: Sosuke Aizen|Sucker Punch||[still]
|-fail|p1a: Sosuke Aizen
|
|-damage|p1a: Sosuke Aizen|16/100|[from] item: Black Sludge
|upkeep
|turn|13
|
|t:|1759014472
|move|p2a: Kyurem|Earth Power|p1a: Sosuke Aizen
|-supereffective|p1a: Sosuke Aizen
|-damage|p1a: Sosuke Aizen|0 fnt
|faint|p1a: Sosuke Aizen
|-end|p1a: Sosuke Aizen|fallen3|[silent]
|
|upkeep
|
|t:|1759014474
|switch|p1a: DraGhost|Dragapult, M|89/100
|-damage|p1a: DraGhost|76/100|[from] Spikes
|turn|14
|
|t:|1759014478
|move|p1a: DraGhost|Thunder Wave|p2a: Kyurem
|-status|p2a: Kyurem|par
|cant|p2a: Kyurem|par
|
|-heal|p1a: DraGhost|82/100|[from] item: Leftovers
|upkeep
|turn|15
|
|t:|1759014484
|move|p1a: DraGhost|Hex|p2a: Kyurem
|-damage|p2a: Kyurem|26/100 par
|cant|p2a: Kyurem|par
|
|-heal|p1a: DraGhost|88/100|[from] item: Leftovers
|upkeep
|turn|16
|
|t:|1759014486
|move|p1a: DraGhost|Hex|p2a: Kyurem
|-damage|p2a: Kyurem|0 fnt
|faint|p2a: Kyurem
|
|-heal|p1a: DraGhost|94/100|[from] item: Leftovers
|upkeep
|
|t:|1759014488
|switch|p2a: Landorus|Landorus-Therian, M|76/100
|-damage|p2a: Landorus|64/100|[from] Stealth Rock
|-ability|p2a: Landorus|Intimidate|boost
|-unboost|p1a: DraGhost|atk|1
|turn|17
|
|t:|1759014490
|-terastallize|p2a: Landorus|Ground
|move|p2a: Landorus|Earthquake|p1a: DraGhost
|-damage|p1a: DraGhost|0 fnt
|faint|p1a: DraGhost
|
|upkeep
|
|t:|1759014492
|switch|p1a: Zenitsu|Raging Bolt|100/100
|-damage|p1a: Zenitsu|88/100|[from] Spikes
|turn|18
|
|t:|1759014495
|-terastallize|p1a: Zenitsu|Bug
|move|p2a: Landorus|Earthquake|p1a: Zenitsu
|-resisted|p1a: Zenitsu
|-damage|p1a: Zenitsu|54/100
|move|p1a: Zenitsu|Dragon Pulse|p2a: Landorus
|-damage|p2a: Landorus|0 fnt
|faint|p2a: Landorus
|
|win|Obito 2001
|raw|Obito 2001's rating: 1845 &rarr; <strong>1865</strong><br />(+20 for winning)
|raw|mrbrazy's rating: 1838 &rarr; <strong>1818</strong><br />(-20 for losing)
|l|☆mrbrazy
|player|p2|
|l|☆Obito 2001
|player|p1|
