|j|☆Azunail
|j|☆GialloN
|t:|1759056427
|gametype|singles
|player|p1|Azunail|yellow|1444
|player|p2|GialloN|n|1371
|gen|9
|tier|[Gen 9] OU
|rated|
|rule|HP Percentage Mod: HP is shown in percentages
|rule|Endless Battle Clause: Forcing endless battles is banned
|rule|Species Clause: Limit one of each Pokémon
|rule|OHKO Clause: OHKO moves are banned
|rule|Evasion Items Clause: Evasion items are banned
|rule|Evasion Moves Clause: Evasion moves are banned
|rule|Evasion Abilities Clause: Evasion abilities are banned
|rule|Sleep Moves Clause: Sleep-inducing moves are banned
|clearpoke
|poke|p1|Ribombee, M|
|poke|p1|Cinderace, M|
|poke|p1|Serperior, M|
|poke|p1|Mimikyu, M|
|poke|p1|Dragapult, F|
|poke|p1|Bisharp, F|
|poke|p2|Torkoal, F|
|poke|p2|Lilligant-Hisui, F|
|poke|p2|Gholdengo|
|poke|p2|Walking Wake|
|poke|p2|Zapdos|
|poke|p2|Garchomp, F|
|teampreview
|inactive|Battle timer is ON: inactive players will automatically lose when time's up. (requested by GialloN)
|
|t:|1759056443
|teamsize|p1|6
|teamsize|p2|6
|start
|switch|p1a: Ribombee|Ribombee, M|100/100
|switch|p2a: In a cargo box?|Torkoal, F, shiny|100/100
|-weather|SunnyDay|[from] ability: Drought|[of] p2a: In a cargo box?
|turn|1
|
|t:|1759056453
|move|p1a: Ribombee|Sticky Web|p2a: In a cargo box?
|-sidestart|p2: GialloN|move: Sticky Web
|move|p2a: In a cargo box?|Rapid Spin|p1a: Ribombee
|-damage|p1a: Ribombee|82/100
|-boost|p2a: In a cargo box?|spe|1
|-sideend|p2: GialloN|Sticky Web|[from] move: Rapid Spin|[of] p2a: In a cargo box?
|
|-weather|SunnyDay|[upkeep]
|upkeep
|turn|2
|
|t:|1759056459
|move|p1a: Ribombee|Sticky Web|p2a: In a cargo box?
|-sidestart|p2: GialloN|move: Sticky Web
|move|p2a: In a cargo box?|Stealth Rock|p1a: Ribombee
|-sidestart|p1: Azunail|move: Stealth Rock
|
|-weather|SunnyDay|[upkeep]
|upkeep
|turn|3
|
|t:|1759056465
|switch|p1a: Mimikyu|Mimikyu, M|100/100
|-damage|p1a: Mimikyu|88/100|[from] Stealth Rock
|switch|p2a: King of ZapZap|Zapdos, shiny|100/100
|
|-weather|SunnyDay|[upkeep]
|upkeep
|turn|4
|
|t:|1759056474
|move|p1a: Mimikyu|Play Rough|p2a: King of ZapZap
|-damage|p2a: King of ZapZap|63/100
|move|p2a: King of ZapZap|Volt Switch|p1a: Mimikyu
|-activate|p1a: Mimikyu|ability: Disguise
|-damage|p1a: Mimikyu|88/100
|detailschange|p1a: Mimikyu|Mimikyu-Busted, M
|-damage|p1a: Mimikyu|76/100|[from] pokemon: Mimikyu-Busted
|-enditem|p1a: Mimikyu|Red Card|[of] p2a: King of ZapZap
|drag|p2a: Skincare pls|Garchomp, F, shiny|100/100
|-activate|p2a: Skincare pls|move: Sticky Web
|-unboost|p2a: Skincare pls|spe|1
|
|-weather|SunnyDay|[upkeep]
|upkeep
|turn|5
|
|t:|1759056483
|switch|p2a: Asac Schrader|Gholdengo, shiny|100/100
|-item|p2a: Asac Schrader|Air Balloon
|move|p1a: Mimikyu|Will-O-Wisp|p2a: Asac Schrader
|-immune|p2a: Asac Schrader|[from] ability: Good as Gold
|
|-weather|SunnyDay|[upkeep]
|upkeep
|turn|6
|
|t:|1759056503
|move|p1a: Mimikyu|Destiny Bond|p1a: Mimikyu
|-singlemove|p1a: Mimikyu|Destiny Bond
|move|p2a: Asac Schrader|Make It Rain|p1a: Mimikyu
|-supereffective|p1a: Mimikyu
|-damage|p1a: Mimikyu|0 fnt
|-unboost|p2a: Asac Schrader|spa|1
|faint|p1a: Mimikyu
|-activate|p1a: Mimikyu|move: Destiny Bond
|faint|p2a: Asac Schrader
|
|-weather|SunnyDay|[upkeep]
|upkeep
|
|t:|1759056511
|switch|p1a: Cinderace|Cinderace, M|100/100
|switch|p2a: Skincare pls|Garchomp, F, shiny|100/100
|-activate|p2a: Skincare pls|move: Sticky Web
|-unboost|p2a: Skincare pls|spe|1
|turn|7
|
|t:|1759056519
|move|p1a: Cinderace|Court Change|p1a: Cinderace
|-swapsideconditions
|-activate|p1a: Cinderace|move: Court Change
|move|p2a: Skincare pls|Spikes|p1a: Cinderace
|-sidestart|p1: Azunail|Spikes
|
|-weather|SunnyDay|[upkeep]
|upkeep
|turn|8
|
|t:|1759056526
|move|p1a: Cinderace|Will-O-Wisp|p2a: Skincare pls
|-status|p2a: Skincare pls|brn
|move|p2a: Skincare pls|Stealth Rock|p1a: Cinderace
|-sidestart|p1: Azunail|move: Stealth Rock
|
|-weather|none
|-damage|p2a: Skincare pls|94/100 brn|[from] brn
|upkeep
|turn|9
|
|t:|1759056532
|move|p1a: Cinderace|U-turn|p2a: Skincare pls
|-damage|p2a: Skincare pls|80/100 brn
|-damage|p1a: Cinderace|88/100|[from] ability: Rough Skin|[of] p2a: Skincare pls
|-damage|p1a: Cinderace|72/100|[from] item: Rocky Helmet|[of] p2a: Skincare pls
|
|t:|1759056538
|switch|p1a: Serperior|Serperior, M|100/100|[from] U-turn
|-activate|p1a: Serperior|move: Sticky Web
|-boost|p1a: Serperior|spe|1
|-damage|p1a: Serperior|88/100|[from] Spikes
|-damage|p1a: Serperior|76/100|[from] Stealth Rock
|move|p2a: Skincare pls|Dragon Tail|p1a: Serperior
|-damage|p1a: Serperior|60/100
|drag|p1a: Cinderace|Cinderace, M|72/100
|
|-damage|p2a: Skincare pls|74/100 brn|[from] brn
|upkeep
|turn|10
|
|t:|1759056552
|move|p1a: Cinderace|Pyro Ball|p2a: Skincare pls
|-resisted|p2a: Skincare pls
|-damage|p2a: Skincare pls|54/100 brn
|move|p2a: Skincare pls|Earthquake|p1a: Cinderace
|-supereffective|p1a: Cinderace
|-damage|p1a: Cinderace|15/100
|
|-damage|p2a: Skincare pls|48/100 brn|[from] brn
|upkeep
|turn|11
|
|t:|1759056564
|move|p1a: Cinderace|Pyro Ball|p2a: Skincare pls
|-resisted|p2a: Skincare pls
|-damage|p2a: Skincare pls|19/100 brn
|move|p2a: Skincare pls|Dragon Tail|p1a: Cinderace
|-damage|p1a: Cinderace|0 fnt
|faint|p1a: Cinderace
|
|-damage|p2a: Skincare pls|13/100 brn|[from] brn
|upkeep
|
|t:|1759056569
|switch|p1a: Serperior|Serperior, M|60/100
|-activate|p1a: Serperior|move: Sticky Web
|-boost|p1a: Serperior|spe|1
|-damage|p1a: Serperior|47/100|[from] Spikes
|-damage|p1a: Serperior|35/100|[from] Stealth Rock
|turn|12
|
|t:|1759056573
|move|p1a: Serperior|Leaf Storm|p2a: Skincare pls
|-damage|p2a: Skincare pls|0 fnt
|-boost|p1a: Serperior|spa|2
|faint|p2a: Skincare pls
|
|-heal|p1a: Serperior|41/100|[from] item: Leftovers
|upkeep
|
|t:|1759056577
|switch|p2a: In a cargo box?|Torkoal, F, shiny|100/100
|-damage|p2a: In a cargo box?|76/100|[from] Stealth Rock
|-weather|SunnyDay|[from] ability: Drought|[of] p2a: In a cargo box?
|turn|13
|
|t:|1759056586
|-terastallize|p1a: Serperior|Fire
|move|p1a: Serperior|Leaf Storm|p2a: In a cargo box?|[miss]
|-miss|p1a: Serperior|p2a: In a cargo box?
|move|p2a: In a cargo box?|Rapid Spin|p1a: Serperior
|-damage|p1a: Serperior|29/100
|-boost|p2a: In a cargo box?|spe|1
|-sideend|p2: GialloN|Stealth Rock|[from] move: Rapid Spin|[of] p2a: In a cargo box?
|
|-weather|SunnyDay|[upkeep]
|-heal|p1a: Serperior|36/100|[from] item: Leftovers
|upkeep
|turn|14
|
|t:|1759056596
|move|p1a: Serperior|Leaf Storm|p2a: In a cargo box?
|-resisted|p2a: In a cargo box?
|-damage|p2a: In a cargo box?|12/100
|-boost|p1a: Serperior|spa|2
|move|p2a: In a cargo box?|Clear Smog|p1a: Serperior
|-damage|p1a: Serperior|24/100
|-clearboost|p1a: Serperior
|
|-weather|SunnyDay|[upkeep]
|-heal|p1a: Serperior|30/100|[from] item: Leftovers
|upkeep
|turn|15
|
|t:|1759056608
|switch|p2a: King of ZapZap|Zapdos, shiny|63/100
|move|p1a: Serperior|Leaf Storm|p2a: King of ZapZap
|-resisted|p2a: King of ZapZap
|-damage|p2a: King of ZapZap|40/100
|-boost|p1a: Serperior|spa|2
|
|-weather|SunnyDay|[upkeep]
|-heal|p1a: Serperior|36/100|[from] item: Leftovers
|upkeep
|turn|16
|
|t:|1759056619
|move|p1a: Serperior|Tera Blast|p2a: King of ZapZap|[anim] Tera Blast Fire
|-damage|p2a: King of ZapZap|0 fnt
|faint|p2a: King of ZapZap
|
|-weather|SunnyDay|[upkeep]
|-heal|p1a: Serperior|42/100|[from] item: Leftovers
|upkeep
|
|t:|1759056621
|switch|p2a: Bay Harbor Sweeper|Lilligant-Hisui, F, shiny|100/100
|turn|17
|
|t:|1759056628
|move|p2a: Bay Harbor Sweeper|Close Combat|p1a: Serperior
|-damage|p1a: Serperior|0 fnt
|-unboost|p2a: Bay Harbor Sweeper|def|1
|-unboost|p2a: Bay Harbor Sweeper|spd|1
|faint|p1a: Serperior
|-damage|p2a: Bay Harbor Sweeper|91/100|[from] item: Life Orb
|
|-weather|SunnyDay|[upkeep]
|upkeep
|
|t:|1759056638
|switch|p1a: Ribombee|Ribombee, M|82/100
|-activate|p1a: Ribombee|move: Sticky Web
|-unboost|p1a: Ribombee|spe|1
|-damage|p1a: Ribombee|70/100|[from] Spikes
|-damage|p1a: Ribombee|45/100|[from] Stealth Rock
|turn|18
|
|t:|1759056643
|move|p2a: Bay Harbor Sweeper|Triple Axel|p1a: Ribombee
|-damage|p1a: Ribombee|27/100
|-damage|p1a: Ribombee|0 fnt
|faint|p1a: Ribombee
|-hitcount|p1: Ribombee|2
|-damage|p2a: Bay Harbor Sweeper|81/100|[from] item: Life Orb
|
|-weather|SunnyDay|[upkeep]
|upkeep
|
|t:|1759056649
|switch|p1a: Bisharp|Bisharp, F|100/100
|-activate|p1a: Bisharp|move: Sticky Web
|-unboost|p1a: Bisharp|spe|1
|-ability|p1a: Bisharp|Defiant|boost
|-boost|p1a: Bisharp|atk|2
|-damage|p1a: Bisharp|88/100|[from] Spikes
|-damage|p1a: Bisharp|82/100|[from] Stealth Rock
|turn|19
|
|t:|1759056665
|move|p1a: Bisharp|Sucker Punch||[still]
|-fail|p1a: Bisharp
|move|p2a: Bay Harbor Sweeper|Victory Dance|p2a: Bay Harbor Sweeper
|-boost|p2a: Bay Harbor Sweeper|atk|1
|-boost|p2a: Bay Harbor Sweeper|def|1
|-boost|p2a: Bay Harbor Sweeper|spe|1
|
|-weather|SunnyDay|[upkeep]
|upkeep
|turn|20
|
|t:|1759056680
|move|p2a: Bay Harbor Sweeper|Victory Dance|p2a: Bay Harbor Sweeper
|-boost|p2a: Bay Harbor Sweeper|atk|1
|-boost|p2a: Bay Harbor Sweeper|def|1
|-boost|p2a: Bay Harbor Sweeper|spe|1
|move|p1a: Bisharp|Throat Chop|p2a: Bay Harbor Sweeper
|-resisted|p2a: Bay Harbor Sweeper
|-damage|p2a: Bay Harbor Sweeper|31/100
|-start|p2a: Bay Harbor Sweeper|Throat Chop|[silent]
|
|-weather|none
|upkeep
|turn|21
|
|t:|1759056686
|move|p1a: Bisharp|Sucker Punch|p2a: Bay Harbor Sweeper
|-resisted|p2a: Bay Harbor Sweeper
|-damage|p2a: Bay Harbor Sweeper|0 fnt
|faint|p2a: Bay Harbor Sweeper
|
|upkeep
|
|t:|1759056688
|switch|p2a: In a cargo box?|Torkoal, F, shiny|12/100
|-weather|SunnyDay|[from] ability: Drought|[of] p2a: In a cargo box?
|turn|22
|
|t:|1759056693
|move|p1a: Bisharp|Throat Chop|p2a: In a cargo box?
|-damage|p2a: In a cargo box?|0 fnt
|faint|p2a: In a cargo box?
|
|-weather|SunnyDay|[upkeep]
|upkeep
|
|t:|1759056695
|switch|p2a: Walking WaaW|Walking Wake|100/100
|-activate|p2a: Walking WaaW|ability: Protosynthesis
|-start|p2a: Walking WaaW|protosynthesisspe
|turn|23
|
|t:|1759056702
|-terastallize|p2a: Walking WaaW|Dragon
|move|p1a: Bisharp|Sucker Punch|p2a: Walking WaaW
|-damage|p2a: Walking WaaW|29/100
|move|p2a: Walking WaaW|Dragon Pulse|p1a: Bisharp
|-resisted|p1a: Bisharp
|-damage|p1a: Bisharp|45/100
|
|-weather|SunnyDay|[upkeep]
|upkeep
|turn|24
|c|☆GialloN|Gg
|
|t:|1759056709
|move|p1a: Bisharp|Sucker Punch|p2a: Walking WaaW
|-crit|p2a: Walking WaaW
|-damage|p2a: Walking WaaW|0 fnt
|faint|p2a: Walking WaaW
|-end|p2a: Walking WaaW|Protosynthesis|[silent]
|
|win|Azunail
|raw|Azunail's rating: 1444 &rarr; <strong>1460</strong><br />(+16 for winning)
|raw|GialloN's rating: 1371 &rarr; <strong>1355</strong><br />(-16 for losing)
|l|☆GialloN
|player|p2|
|c|☆Azunail|gg
|l|☆Azunail
|player|p1|
