|j|☆K1raaWasTaken
|j|☆RK Earth 9000
|t:|1758923553
|gametype|singles
|player|p1|K1raaWasTaken|ghetsis|1042
|player|p2|RK Earth 9000|volkner|1025
|gen|9
|tier|[Gen 9] OU
|rated|
|rule|HP Percentage Mod: HP is shown in percentages
|rule|Endless Battle Clause: Forcing endless battles is banned
|rule|Species Clause: Limit one of each Pokémon
|rule|OHKO Clause: OHKO moves are banned
|rule|Evasion Items Clause: Evasion items are banned
|rule|Evasion Moves Clause: Evasion moves are banned
|rule|Evasion Abilities Clause: Evasion abilities are banned
|rule|Sleep Moves Clause: Sleep-inducing moves are banned
|clearpoke
|poke|p1|Bastiodon, M|
|poke|p1|Ninetales-Alola, F|
|poke|p1|Talonflame, M|
|poke|p1|Hatterene, F|
|poke|p1|Grafaiai, M|
|poke|p1|Cobalion|
|poke|p2|Primeape, M|
|poke|p2|Ribombee, F|
|poke|p2|Tentacruel, F|
|poke|p2|Landorus-Therian, M|
|poke|p2|Incineroar, F|
|poke|p2|Meowscarada, F|
|teampreview
|
|t:|1758923564
|teamsize|p1|6
|teamsize|p2|6
|start
|switch|p1a: Grafaiai|Grafaiai, M, shiny|100/100
|switch|p2a: Tentacruel|Tentacruel, F|100/100
|turn|1
|
|t:|1758923575
|move|p1a: Grafaiai|Switcheroo|p2a: Tentacruel
|-activate|p1a: Grafaiai|move: Trick|[of] p2a: Tentacruel
|-item|p2a: Tentacruel|Ring Target|[from] move: Switcheroo
|-item|p1a: Grafaiai|Leftovers|[from] move: Switcheroo
|move|p2a: Tentacruel|Knock Off|p1a: Grafaiai
|-damage|p1a: Grafaiai|71/100
|-enditem|p1a: Grafaiai|Leftovers|[from] move: Knock Off|[of] p2a: Tentacruel
|
|upkeep
|turn|2
|
|t:|1758923591
|move|p1a: Grafaiai|Parting Shot|p2a: Tentacruel
|-unboost|p2a: Tentacruel|atk|1
|-unboost|p2a: Tentacruel|spa|1
|
|t:|1758923598
|switch|p1a: Cobalion|Cobalion|100/100|[from] Parting Shot
|move|p2a: Tentacruel|Knock Off|p1a: Cobalion
|-resisted|p1a: Cobalion
|-damage|p1a: Cobalion|97/100
|-ability|p1a: Cobalion|Justified|boost
|-boost|p1a: Cobalion|atk|1
|-enditem|p1a: Cobalion|Leftovers|[from] move: Knock Off|[of] p2a: Tentacruel
|
|upkeep
|turn|3
|
|t:|1758923611
|move|p1a: Cobalion|Stealth Rock|p2a: Tentacruel
|-sidestart|p2: RK Earth 9000|move: Stealth Rock
|move|p2a: Tentacruel|Toxic|p1a: Cobalion
|-immune|p1a: Cobalion
|
|upkeep
|turn|4
|
|t:|1758923617
|move|p1a: Cobalion|Swords Dance|p1a: Cobalion
|-boost|p1a: Cobalion|atk|2
|move|p2a: Tentacruel|Rapid Spin|p1a: Cobalion
|-resisted|p1a: Cobalion
|-damage|p1a: Cobalion|96/100
|-boost|p2a: Tentacruel|spe|1
|-sideend|p2: RK Earth 9000|Stealth Rock|[from] move: Rapid Spin|[of] p2a: Tentacruel
|
|upkeep
|turn|5
|
|t:|1758923627
|switch|p2a: Landorus|Landorus-Therian, M, shiny|100/100
|-ability|p2a: Landorus|Intimidate|boost
|-unboost|p1a: Cobalion|atk|1
|move|p1a: Cobalion|Sacred Sword|p2a: Landorus
|-resisted|p2a: Landorus
|-damage|p2a: Landorus|60/100
|
|upkeep
|turn|6
|
|t:|1758923645
|switch|p1a: Hatterene|Hatterene, F, shiny|100/100
|move|p2a: Landorus|Earth Power|p1a: Hatterene
|-damage|p1a: Hatterene|39/100
|
|-heal|p1a: Hatterene|45/100|[from] item: Leftovers
|upkeep
|turn|7
|
|t:|1758923656
|move|p1a: Hatterene|Protect|p1a: Hatterene
|-singleturn|p1a: Hatterene|Protect
|move|p2a: Landorus|Earth Power|p1a: Hatterene
|-activate|p1a: Hatterene|move: Protect
|
|-heal|p1a: Hatterene|51/100|[from] item: Leftovers
|upkeep
|turn|8
|
|t:|1758923666
|switch|p1a: Talonflame|Talonflame, M, shiny|100/100
|move|p2a: Landorus|Earth Power|p1a: Talonflame
|-immune|p1a: Talonflame
|
|upkeep
|turn|9
|
|t:|1758923674
|switch|p2a: Tentacruel|Tentacruel, F|100/100
|move|p1a: Talonflame|Bulk Up|p1a: Talonflame
|-boost|p1a: Talonflame|atk|1
|-boost|p1a: Talonflame|def|1
|
|upkeep
|turn|10
|
|t:|1758923687
|move|p1a: Talonflame|Dual Wingbeat|p2a: Tentacruel
|-damage|p2a: Tentacruel|70/100
|-damage|p2a: Tentacruel|39/100
|-hitcount|p2a: Tentacruel|2
|move|p2a: Tentacruel|Toxic|p1a: Talonflame
|-status|p1a: Talonflame|tox
|
|-damage|p1a: Talonflame|94/100 tox|[from] psn
|upkeep
|turn|11
|
|t:|1758923698
|switch|p2a: Incineroar|Incineroar, F, shiny|100/100
|-ability|p2a: Incineroar|Intimidate|boost
|-unboost|p1a: Talonflame|atk|1
|move|p1a: Talonflame|Dual Wingbeat|p2a: Incineroar|[miss]
|-miss|p1a: Talonflame|p2a: Incineroar
|
|-damage|p1a: Talonflame|82/100 tox|[from] psn
|upkeep
|turn|12
|
|t:|1758923738
|move|p1a: Talonflame|Dual Wingbeat|p2a: Incineroar
|-damage|p2a: Incineroar|82/100
|-damage|p2a: Incineroar|65/100
|-hitcount|p2a: Incineroar|2
|move|p2a: Incineroar|Parting Shot|p1a: Talonflame
|-unboost|p1a: Talonflame|atk|1
|-unboost|p1a: Talonflame|spa|1
|
|t:|1758923747
|switch|p2a: Tentacruel|Tentacruel, F|39/100|[from] Parting Shot
|
|-damage|p1a: Talonflame|64/100 tox|[from] psn
|upkeep
|turn|13
|
|t:|1758923770
|switch|p1a: Cobalion|Cobalion|96/100
|switch|p2a: Incineroar|Incineroar, F, shiny|65/100
|-ability|p2a: Incineroar|Intimidate|boost
|-unboost|p1a: Cobalion|atk|1
|
|upkeep
|turn|14
|
|t:|1758923785
|move|p2a: Incineroar|Fake Out|p1a: Cobalion
|-resisted|p1a: Cobalion
|-damage|p1a: Cobalion|92/100
|cant|p1a: Cobalion|flinch
|
|upkeep
|turn|15
|
|t:|1758923817
|move|p1a: Cobalion|Stealth Rock|p2a: Incineroar
|-sidestart|p2: RK Earth 9000|move: Stealth Rock
|move|p2a: Incineroar|Parting Shot|p1a: Cobalion
|-unboost|p1a: Cobalion|atk|1
|-unboost|p1a: Cobalion|spa|1
|
|t:|1758923822
|switch|p2a: Landorus|Landorus-Therian, M, shiny|60/100|[from] Parting Shot
|-damage|p2a: Landorus|48/100|[from] Stealth Rock
|-ability|p2a: Landorus|Intimidate|boost
|-unboost|p1a: Cobalion|atk|1
|
|upkeep
|turn|16
|
|t:|1758923856
|switch|p1a: Hatterene|Hatterene, F, shiny|51/100
|move|p2a: Landorus|Psychic|p1a: Hatterene
|-resisted|p1a: Hatterene
|-damage|p1a: Hatterene|32/100
|
|-heal|p1a: Hatterene|38/100|[from] item: Leftovers
|upkeep
|turn|17
|
|t:|1758923873
|switch|p2a: Tentacruel|Tentacruel, F|39/100
|-damage|p2a: Tentacruel|27/100|[from] Stealth Rock
|move|p1a: Hatterene|Draining Kiss|p2a: Tentacruel
|-resisted|p2a: Tentacruel
|-damage|p2a: Tentacruel|15/100
|-damage|p1a: Hatterene|28/100|[from] ability: Liquid Ooze|[of] p2a: Tentacruel
|
|-heal|p1a: Hatterene|33/100|[from] item: Leftovers
|upkeep
|turn|18
|
|t:|1758923886
|move|p1a: Hatterene|Protect|p1a: Hatterene
|-singleturn|p1a: Hatterene|Protect
|move|p2a: Tentacruel|Rapid Spin|p1a: Hatterene
|-activate|p1a: Hatterene|move: Protect
|
|-heal|p1a: Hatterene|39/100|[from] item: Leftovers
|upkeep
|turn|19
|
|t:|1758923899
|move|p2a: Tentacruel|Rapid Spin|p1a: Hatterene
|-damage|p1a: Hatterene|28/100
|-boost|p2a: Tentacruel|spe|1
|-sideend|p2: RK Earth 9000|Stealth Rock|[from] move: Rapid Spin|[of] p2a: Tentacruel
|move|p1a: Hatterene|Draining Kiss|p2a: Tentacruel
|-resisted|p2a: Tentacruel
|-damage|p2a: Tentacruel|4/100
|-damage|p1a: Hatterene|18/100|[from] ability: Liquid Ooze|[of] p2a: Tentacruel
|
|-heal|p1a: Hatterene|24/100|[from] item: Leftovers
|upkeep
|turn|20
|
|t:|1758923915
|move|p2a: Tentacruel|Knock Off|p1a: Hatterene
|-damage|p1a: Hatterene|1/100
|-enditem|p1a: Hatterene|Leftovers|[from] move: Knock Off|[of] p2a: Tentacruel
|move|p1a: Hatterene|Draining Kiss|p2a: Tentacruel
|-resisted|p2a: Tentacruel
|-damage|p2a: Tentacruel|0 fnt
|-damage|p1a: Hatterene|0 fnt|[from] ability: Liquid Ooze|[of] p2a: Tentacruel
|faint|p2a: Tentacruel
|faint|p1a: Hatterene
|
|upkeep
|
|t:|1758923938
|switch|p2a: Landorus|Landorus-Therian, M, shiny|48/100
|switch|p1a: Grafaiai|Grafaiai, M, shiny|71/100
|-ability|p2a: Landorus|Intimidate|boost
|-unboost|p1a: Grafaiai|atk|1
|turn|21
|
|t:|1758923951
|move|p1a: Grafaiai|Parting Shot|p2a: Landorus
|-unboost|p2a: Landorus|atk|1
|-unboost|p2a: Landorus|spa|1
|
|t:|1758923957
|switch|p1a: Talonflame|Talonflame, M, shiny|64/100 tox|[from] Parting Shot
|move|p2a: Landorus|Psychic|p1a: Talonflame
|-damage|p1a: Talonflame|21/100 tox
|
|-damage|p1a: Talonflame|15/100 tox|[from] psn
|upkeep
|turn|22
|
|t:|1758923968
|switch|p2a: Incineroar|Incineroar, F, shiny|65/100
|-ability|p2a: Incineroar|Intimidate|boost
|-unboost|p1a: Talonflame|atk|1
|move|p1a: Talonflame|Dual Wingbeat|p2a: Incineroar
|-damage|p2a: Incineroar|54/100
|-crit|p2a: Incineroar
|-damage|p2a: Incineroar|26/100
|-enditem|p2a: Incineroar|Sitrus Berry|[eat]
|-heal|p2a: Incineroar|51/100|[from] item: Sitrus Berry
|-hitcount|p2a: Incineroar|2
|
|-damage|p1a: Talonflame|3/100 tox|[from] psn
|upkeep
|turn|23
|
|t:|1758923981
|move|p2a: Incineroar|Fake Out|p1a: Talonflame
|-damage|p1a: Talonflame|0 fnt
|faint|p1a: Talonflame
|
|upkeep
|
|t:|1758923992
|switch|p1a: Ninetales|Ninetales-Alola, F, shiny|100/100
|-weather|Snowscape|[from] ability: Snow Warning|[of] p1a: Ninetales
|turn|24
|
|t:|1758924001
|move|p1a: Ninetales|Encore|p2a: Incineroar
|-start|p2a: Incineroar|Encore
|move|p2a: Incineroar|Fake Out||[still]
|-hint|Fake Out only works on your first turn out.
|-fail|p2a: Incineroar
|
|-weather|Snowscape|[upkeep]
|upkeep
|turn|25
|
|t:|1758924009
|switch|p2a: Ribombee|Ribombee, F|100/100
|move|p1a: Ninetales|Aurora Veil|p1a: Ninetales
|-sidestart|p1: K1raaWasTaken|move: Aurora Veil
|
|-weather|Snowscape|[upkeep]
|upkeep
|turn|26
|
|t:|1758924019
|switch|p2a: Incineroar|Incineroar, F, shiny|51/100
|-ability|p2a: Incineroar|Intimidate|boost
|-unboost|p1a: Ninetales|atk|1
|move|p1a: Ninetales|Encore||[still]
|-fail|p1a: Ninetales
|
|-weather|Snowscape|[upkeep]
|upkeep
|turn|27
|
|t:|1758924031
|switch|p1a: Bastiodon|Bastiodon, M, shiny|100/100
|-item|p1a: Bastiodon|Air Balloon
|move|p2a: Incineroar|Knock Off|p1a: Bastiodon
|-damage|p1a: Bastiodon|87/100
|-enditem|p1a: Bastiodon|Air Balloon
|
|-weather|Snowscape|[upkeep]
|upkeep
|turn|28
|
|t:|1758924043
|move|p2a: Incineroar|Parting Shot|p1a: Bastiodon
|-unboost|p1a: Bastiodon|atk|1
|-unboost|p1a: Bastiodon|spa|1
|
|t:|1758924049
|switch|p2a: Primeape|Primeape, M, shiny|100/100|[from] Parting Shot
|move|p1a: Bastiodon|Power Gem|p2a: Primeape
|-resisted|p2a: Primeape
|-damage|p2a: Primeape|95/100
|
|-weather|none
|upkeep
|turn|29
|
|t:|1758924066
|-terastallize|p1a: Bastiodon|Ghost
|move|p2a: Primeape|Bulk Up|p2a: Primeape
|-boost|p2a: Primeape|atk|1
|-boost|p2a: Primeape|def|1
|move|p1a: Bastiodon|Flash Cannon|p2a: Primeape
|-damage|p2a: Primeape|83/100
|-unboost|p2a: Primeape|spd|1
|-ability|p2a: Primeape|Defiant|boost
|-boost|p2a: Primeape|atk|2
|
|-sideend|p1: K1raaWasTaken|move: Aurora Veil
|upkeep
|turn|30
|
|t:|1758924093
|move|p2a: Primeape|Bulk Up|p2a: Primeape
|-boost|p2a: Primeape|atk|1
|-boost|p2a: Primeape|def|1
|move|p1a: Bastiodon|Flash Cannon|p2a: Primeape
|-damage|p2a: Primeape|65/100
|
|upkeep
|turn|31
|
|t:|1758924106
|-terastallize|p2a: Primeape|Ghost
|move|p2a: Primeape|Rage Fist|p1a: Bastiodon
|-supereffective|p1a: Bastiodon
|-damage|p1a: Bastiodon|0 fnt
|faint|p1a: Bastiodon
|
|upkeep
|
|t:|1758924116
|switch|p1a: Cobalion|Cobalion|92/100
|turn|32
|
|t:|1758924124
|move|p1a: Cobalion|Swords Dance|p1a: Cobalion
|-boost|p1a: Cobalion|atk|2
|move|p2a: Primeape|Drain Punch|p1a: Cobalion
|-supereffective|p1a: Cobalion
|-damage|p1a: Cobalion|0 fnt
|-heal|p2a: Primeape|100/100|[from] drain|[of] p1a: Cobalion
|faint|p1a: Cobalion
|
|upkeep
|
|t:|1758924133
|switch|p1a: Ninetales|Ninetales-Alola, F, shiny|100/100
|-weather|Snowscape|[from] ability: Snow Warning|[of] p1a: Ninetales
|turn|33
|
|t:|1758924154
|move|p1a: Ninetales|Draining Kiss|p2a: Primeape
|-damage|p2a: Primeape|82/100
|move|p2a: Primeape|Rage Fist|p1a: Ninetales
|-crit|p1a: Ninetales
|-damage|p1a: Ninetales|0 fnt
|faint|p1a: Ninetales
|
|-weather|Snowscape|[upkeep]
|upkeep
|
|t:|1758924164
|switch|p1a: Grafaiai|Grafaiai, M, shiny|71/100
|turn|34
|
|t:|1758924170
|move|p1a: Grafaiai|Knock Off|p2a: Primeape
|-supereffective|p2a: Primeape
|-damage|p2a: Primeape|50/100
|-enditem|p2a: Primeape|Eviolite|[from] move: Knock Off|[of] p1a: Grafaiai
|move|p2a: Primeape|Drain Punch|p1a: Grafaiai
|-crit|p1a: Grafaiai
|-damage|p1a: Grafaiai|0 fnt
|-heal|p2a: Primeape|78/100|[from] drain|[of] p1a: Grafaiai
|faint|p1a: Grafaiai
|
|win|RK Earth 9000
|raw|K1raaWasTaken's rating: 1042 &rarr; <strong>1025</strong><br />(-17 for losing)
|raw|RK Earth 9000's rating: 1025 &rarr; <strong>1063</strong><br />(+38 for winning)
|c|☆RK Earth 9000|Gg
|l|☆K1raaWasTaken
|player|p1|
