|j|☆Segahay
|j|☆LaBaleada
|t:|1759005129
|gametype|singles
|player|p1|Segahay|265|1735
|player|p2|LaBaleada|101|1779
|gen|9
|tier|[Gen 9] OU
|rated|
|rule|HP Percentage Mod: HP is shown in percentages
|rule|Endless Battle Clause: Forcing endless battles is banned
|rule|Species Clause: Limit one of each Pokémon
|rule|OHKO Clause: OHKO moves are banned
|rule|Evasion Items Clause: Evasion items are banned
|rule|Evasion Moves Clause: Evasion moves are banned
|rule|Evasion Abilities Clause: Evasion abilities are banned
|rule|Sleep Moves Clause: Sleep-inducing moves are banned
|clearpoke
|poke|p1|Rillaboom, M|
|poke|p1|Hawlucha, F|
|poke|p1|Feraligatr, F|
|poke|p1|Slowbro-Galar, M|
|poke|p1|Glimmora, M|
|poke|p1|Mew|
|poke|p2|Pelipper, F|
|poke|p2|Ogerpon-Wellspring, F|
|poke|p2|Raging Bolt|
|poke|p2|Rillaboom, F|
|poke|p2|Iron Treads|
|poke|p2|Tornadus-Therian, M|
|teampreview
|inactive|Battle timer is ON: inactive players will automatically lose when time's up. (requested by LaBaleada)
|inactive|Segahay also wants the timer to be on.
|
|t:|1759005143
|teamsize|p1|6
|teamsize|p2|6
|start
|switch|p1a: Glimmora|Glimmora, M|100/100
|switch|p2a: Iron Treads|Iron Treads|100/100
|turn|1
|
|t:|1759005150
|-terastallize|p1a: Glimmora|Grass
|move|p2a: Iron Treads|Earth Power|p1a: Glimmora
|-resisted|p1a: Glimmora
|-damage|p1a: Glimmora|82/100
|move|p1a: Glimmora|Earth Power|p2a: Iron Treads
|-supereffective|p2a: Iron Treads
|-damage|p2a: Iron Treads|28/100
|
|upkeep
|turn|2
|
|t:|1759005157
|move|p2a: Iron Treads|Stealth Rock|p1a: Glimmora
|-sidestart|p1: Segahay|move: Stealth Rock
|move|p1a: Glimmora|Energy Ball|p2a: Iron Treads
|-damage|p2a: Iron Treads|0 fnt
|faint|p2a: Iron Treads
|-end|p2a: Iron Treads|Quark Drive|[silent]
|
|upkeep
|
|t:|1759005159
|switch|p2a: Tornadus|Tornadus-Therian, M|100/100
|turn|3
|
|t:|1759005162
|move|p2a: Tornadus|Hurricane|p1a: Glimmora
|-supereffective|p1a: Glimmora
|-damage|p1a: Glimmora|0 fnt
|faint|p1a: Glimmora
|
|upkeep
|
|t:|1759005165
|switch|p1a: Mew|Mew|100/100
|-damage|p1a: Mew|88/100|[from] Stealth Rock
|turn|4
|
|t:|1759005169
|move|p2a: Tornadus|U-turn|p1a: Mew
|-supereffective|p1a: Mew
|-damage|p1a: Mew|67/100
|-enditem|p1a: Mew|Weakness Policy
|-boost|p1a: Mew|atk|2|[from] item: Weakness Policy
|-boost|p1a: Mew|spa|2|[from] item: Weakness Policy
|
|t:|1759005172
|switch|p2a: Rillaboom|Rillaboom, F|100/100|[from] U-turn
|-fieldstart|move: Grassy Terrain|[from] ability: Grassy Surge|[of] p2a: Rillaboom
|move|p1a: Mew|Agility|p1a: Mew
|-boost|p1a: Mew|spe|2
|
|-heal|p1a: Mew|73/100|[from] Grassy Terrain
|upkeep
|turn|5
|
|t:|1759005178
|move|p2a: Rillaboom|Grassy Glide|p1a: Mew
|-damage|p1a: Mew|23/100
|move|p1a: Mew|Stored Power|p2a: Rillaboom
|-damage|p2a: Rillaboom|0 fnt
|faint|p2a: Rillaboom
|
|-heal|p1a: Mew|29/100|[from] Grassy Terrain
|upkeep
|
|t:|1759005181
|switch|p2a: Raging Bolt|Raging Bolt|100/100
|turn|6
|
|t:|1759005187
|move|p2a: Raging Bolt|Thunderclap|p1a: Mew
|-damage|p1a: Mew|0 fnt
|faint|p1a: Mew
|
|upkeep
|
|t:|1759005190
|switch|p1a: Hawlucha|Hawlucha, F|100/100
|-damage|p1a: Hawlucha|88/100|[from] Stealth Rock
|-enditem|p1a: Hawlucha|Grassy Seed
|-boost|p1a: Hawlucha|def|1|[from] item: Grassy Seed
|turn|7
|
|t:|1759005193
|-end|p2a: Raging Bolt|Protosynthesis|[silent]
|switch|p2a: Pelipper|Pelipper, F|100/100
|-weather|RainDance|[from] ability: Drizzle|[of] p2a: Pelipper
|move|p1a: Hawlucha|Substitute|p1a: Hawlucha
|-start|p1a: Hawlucha|Substitute
|-damage|p1a: Hawlucha|63/100
|
|-weather|RainDance|[upkeep]
|upkeep
|turn|8
|
|t:|1759005204
|move|p1a: Hawlucha|Swords Dance|p1a: Hawlucha
|-boost|p1a: Hawlucha|atk|2
|move|p2a: Pelipper|Weather Ball|p1a: Hawlucha
|-end|p1a: Hawlucha|Substitute
|
|-weather|RainDance|[upkeep]
|-fieldend|move: Grassy Terrain
|upkeep
|turn|9
|
|t:|1759005207
|switch|p2a: Raging Bolt|Raging Bolt|100/100
|move|p1a: Hawlucha|Acrobatics|p2a: Raging Bolt
|-resisted|p2a: Raging Bolt
|-damage|p2a: Raging Bolt|58/100
|
|-weather|RainDance|[upkeep]
|upkeep
|turn|10
|
|t:|1759005215
|-terastallize|p2a: Raging Bolt|Fairy
|move|p1a: Hawlucha|Substitute|p1a: Hawlucha
|-start|p1a: Hawlucha|Substitute
|-damage|p1a: Hawlucha|38/100
|move|p2a: Raging Bolt|Thunderbolt|p1a: Hawlucha
|-supereffective|p1a: Hawlucha
|-end|p1a: Hawlucha|Substitute
|
|-weather|RainDance|[upkeep]
|upkeep
|turn|11
|
|t:|1759005219
|move|p2a: Raging Bolt|Thunderclap||[still]
|-fail|p2a: Raging Bolt
|move|p1a: Hawlucha|Substitute|p1a: Hawlucha
|-start|p1a: Hawlucha|Substitute
|-damage|p1a: Hawlucha|14/100
|
|-weather|none
|upkeep
|turn|12
|
|t:|1759005223
|move|p2a: Raging Bolt|Thunderclap|p1a: Hawlucha
|-supereffective|p1a: Hawlucha
|-end|p1a: Hawlucha|Substitute
|move|p1a: Hawlucha|Acrobatics|p2a: Raging Bolt
|-damage|p2a: Raging Bolt|0 fnt
|faint|p2a: Raging Bolt
|-end|p2a: Raging Bolt|Protosynthesis|[silent]
|
|upkeep
|
|t:|1759005225
|switch|p2a: Pelipper|Pelipper, F|100/100
|-weather|RainDance|[from] ability: Drizzle|[of] p2a: Pelipper
|turn|13
|j| Le Bouquetin
|
|t:|1759005227
|move|p1a: Hawlucha|Acrobatics|p2a: Pelipper
|-damage|p2a: Pelipper|0 fnt
|faint|p2a: Pelipper
|
|-weather|RainDance|[upkeep]
|upkeep
|
|t:|1759005229
|switch|p2a: Tornadus|Tornadus-Therian, M|100/100
|turn|14
|
|t:|1759005231
|move|p1a: Hawlucha|Acrobatics|p2a: Tornadus
|-damage|p2a: Tornadus|0 fnt
|faint|p2a: Tornadus
|
|-weather|RainDance|[upkeep]
|upkeep
|-message|LaBaleada forfeited.
|
|win|Segahay
|raw|Segahay's rating: 1735 &rarr; <strong>1758</strong><br />(+23 for winning)
|raw|LaBaleada's rating: 1779 &rarr; <strong>1756</strong><br />(-23 for losing)
|l|☆LaBaleada
|player|p2|
|l|☆Segahay
|player|p1|
