|j|‽Sd200024
|j|☆BearFirst
|t:|1759038985
|gametype|singles
|player|p1|Sd200024|2|1205
|player|p2|BearFirst|lucas|1270
|gen|9
|tier|[Gen 9] OU
|rated|
|rule|HP Percentage Mod: HP is shown in percentages
|rule|Endless Battle Clause: Forcing endless battles is banned
|rule|Species Clause: Limit one of each Pokémon
|rule|OHKO Clause: OHKO moves are banned
|rule|Evasion Items Clause: Evasion items are banned
|rule|Evasion Moves Clause: Evasion moves are banned
|rule|Evasion Abilities Clause: Evasion abilities are banned
|rule|Sleep Moves Clause: Sleep-inducing moves are banned
|clearpoke
|poke|p1|Tornadus-Therian, M|
|poke|p1|Ceruledge, M|
|poke|p1|Krookodile, M|
|poke|p1|Ribombee, F|
|poke|p1|Hatterene, F|
|poke|p1|Iron Boulder|
|poke|p2|Samurott-Hisui, M|
|poke|p2|Mamoswine, F|
|poke|p2|Volcanion|
|poke|p2|Hydrapple, F|
|poke|p2|Gholdengo|
|poke|p2|Landorus-Therian, M|
|teampreview
|inactive|Battle timer is ON: inactive players will automatically lose when time's up. (requested by BearFirst)
|inactive|BearFirst has 120 seconds left.
|
|t:|1759039021
|teamsize|p1|6
|teamsize|p2|6
|start
|switch|p1a: Ribombee|Ribombee, F|100/100
|switch|p2a: Gholdengo|Gholdengo|100/100
|-item|p2a: Gholdengo|Air Balloon
|turn|1
|
|t:|1759039039
|move|p1a: Ribombee|Moonblast|p2a: Gholdengo
|-resisted|p2a: Gholdengo
|-damage|p2a: Gholdengo|90/100
|-enditem|p2a: Gholdengo|Air Balloon
|move|p2a: Gholdengo|Thunder Wave|p1a: Ribombee
|-status|p1a: Ribombee|par
|
|upkeep
|turn|2
|
|t:|1759039049
|move|p2a: Gholdengo|Hex|p1a: Ribombee
|-damage|p1a: Ribombee|23/100 par
|cant|p1a: Ribombee|par
|
|upkeep
|turn|3
|
|t:|1759039069
|move|p2a: Gholdengo|Hex|p1a: Ribombee
|-damage|p1a: Ribombee|0 fnt
|faint|p1a: Ribombee
|
|upkeep
|
|t:|1759039072
|switch|p1a: Krookodile|Krookodile, M|100/100
|turn|4
|
|t:|1759039082
|switch|p2a: Ground Cat|Landorus-Therian, M|100/100
|-ability|p2a: Ground Cat|Intimidate|boost
|-unboost|p1a: Krookodile|atk|1
|move|p1a: Krookodile|Knock Off|p2a: Ground Cat
|-damage|p2a: Ground Cat|63/100
|-enditem|p2a: Ground Cat|Choice Scarf|[from] move: Knock Off|[of] p1a: Krookodile
|
|upkeep
|turn|5
|
|t:|1759039089
|switch|p1a: Tornadus|Tornadus-Therian, M|100/100
|move|p2a: Ground Cat|U-turn|p1a: Tornadus
|-resisted|p1a: Tornadus
|-damage|p1a: Tornadus|83/100
|
|t:|1759039094
|switch|p2a: Great Pig|Mamoswine, F|100/100|[from] U-turn
|
|-heal|p1a: Tornadus|89/100|[from] item: Leftovers
|upkeep
|turn|6
|
|t:|1759039100
|move|p1a: Tornadus|Heat Wave|p2a: Great Pig
|-supereffective|p2a: Great Pig
|-damage|p2a: Great Pig|9/100
|move|p2a: Great Pig|Icicle Crash|p1a: Tornadus
|-supereffective|p1a: Tornadus
|-damage|p1a: Tornadus|0 fnt
|faint|p1a: Tornadus
|-damage|p2a: Great Pig|0 fnt|[from] item: Life Orb
|faint|p2a: Great Pig
|
|upkeep
|
|t:|1759039112
|switch|p1a: Krookodile|Krookodile, M|100/100
|switch|p2a: Water-Fire|Volcanion|100/100
|turn|7
|
|t:|1759039124
|switch|p2a: Ground Cat|Landorus-Therian, M|63/100
|-ability|p2a: Ground Cat|Intimidate|boost
|-unboost|p1a: Krookodile|atk|1
|-terastallize|p1a: Krookodile|Dragon
|move|p1a: Krookodile|Bulk Up|p1a: Krookodile
|-boost|p1a: Krookodile|atk|1
|-boost|p1a: Krookodile|def|1
|
|upkeep
|turn|8
|
|t:|1759039137
|move|p1a: Krookodile|Scale Shot|p2a: Ground Cat
|-damage|p2a: Ground Cat|48/100
|-damage|p2a: Ground Cat|34/100
|-crit|p2a: Ground Cat
|-damage|p2a: Ground Cat|12/100
|-damage|p2a: Ground Cat|0 fnt
|faint|p2a: Ground Cat
|-ability|p1a: Krookodile|Moxie|boost
|-boost|p1a: Krookodile|atk|1
|-hitcount|p2: Ground Cat|4
|-unboost|p1a: Krookodile|def|1
|-boost|p1a: Krookodile|spe|1
|
|upkeep
|
|t:|1759039140
|switch|p2a: Hydrapple|Hydrapple, F|100/100
|turn|9
|
|t:|1759039145
|-terastallize|p2a: Hydrapple|Fairy
|move|p1a: Krookodile|Scale Shot|p2a: Hydrapple
|-immune|p2a: Hydrapple
|move|p2a: Hydrapple|Fickle Beam|p1a: Krookodile
|-supereffective|p1a: Krookodile
|-damage|p1a: Krookodile|13/100
|
|upkeep
|turn|10
|
|t:|1759039154
|move|p1a: Krookodile|Earthquake|p2a: Hydrapple
|-damage|p2a: Hydrapple|61/100
|move|p2a: Hydrapple|Fickle Beam|p1a: Krookodile|[anim] Fickle Beam All Out
|-activate|p2a: Hydrapple|move: Fickle Beam
|-supereffective|p1a: Krookodile
|-damage|p1a: Krookodile|0 fnt
|faint|p1a: Krookodile
|
|upkeep
|
|t:|1759039158
|switch|p1a: Ceruledge|Ceruledge, M|100/100
|turn|11
|
|t:|1759039162
|switch|p2a: Water-Fire|Volcanion|100/100
|move|p1a: Ceruledge|Swords Dance|p1a: Ceruledge
|-boost|p1a: Ceruledge|atk|2
|
|upkeep
|turn|12
|
|t:|1759039165
|move|p1a: Ceruledge|Swords Dance|p1a: Ceruledge
|-boost|p1a: Ceruledge|atk|2
|move|p2a: Water-Fire|Steam Eruption|p1a: Ceruledge
|-supereffective|p1a: Ceruledge
|-enditem|p1a: Ceruledge|Focus Sash
|-damage|p1a: Ceruledge|1/100
|
|upkeep
|turn|13
|
|t:|1759039172
|move|p1a: Ceruledge|Poltergeist|p2a: Water-Fire
|-activate|p2a: Water-Fire|move: Poltergeist|Heavy-Duty Boots
|-damage|p2a: Water-Fire|0 fnt
|faint|p2a: Water-Fire
|
|upkeep
|
|t:|1759039177
|switch|p2a: Samurott|Samurott-Hisui, M|100/100
|turn|14
|
|t:|1759039183
|move|p1a: Ceruledge|Shadow Sneak|p2a: Samurott
|-resisted|p2a: Samurott
|-damage|p2a: Samurott|67/100
|move|p2a: Samurott|Aqua Jet|p1a: Ceruledge
|-supereffective|p1a: Ceruledge
|-damage|p1a: Ceruledge|0 fnt
|faint|p1a: Ceruledge
|
|upkeep
|
|t:|1759039188
|switch|p1a: Hatterene|Hatterene, F|100/100
|turn|15
|
|t:|1759039191
|switch|p2a: Gholdengo|Gholdengo|90/100
|move|p1a: Hatterene|Nuzzle|p2a: Gholdengo
|-damage|p2a: Gholdengo|85/100
|-status|p2a: Gholdengo|par
|
|upkeep
|turn|16
|
|t:|1759039197
|move|p2a: Gholdengo|Make It Rain|p1a: Hatterene
|-supereffective|p1a: Hatterene
|-damage|p1a: Hatterene|26/100
|-unboost|p2a: Gholdengo|spa|1
|move|p1a: Hatterene|Mystical Fire|p2a: Gholdengo
|-supereffective|p2a: Gholdengo
|-damage|p2a: Gholdengo|44/100 par
|-unboost|p2a: Gholdengo|spa|1
|
|upkeep
|turn|17
|
|t:|1759039201
|move|p2a: Gholdengo|Make It Rain|p1a: Hatterene
|-supereffective|p1a: Hatterene
|-damage|p1a: Hatterene|0 fnt
|-unboost|p2a: Gholdengo|spa|1
|faint|p1a: Hatterene
|
|upkeep
|
|t:|1759039203
|switch|p1a: Iron Boulder|Iron Boulder|100/100
|-enditem|p1a: Iron Boulder|Booster Energy
|-activate|p1a: Iron Boulder|ability: Quark Drive|[fromitem]
|-start|p1a: Iron Boulder|quarkdrivespe
|turn|18
|
|t:|1759039209
|move|p1a: Iron Boulder|Swords Dance|p1a: Iron Boulder
|-boost|p1a: Iron Boulder|atk|2
|move|p2a: Gholdengo|Make It Rain|p1a: Iron Boulder
|-supereffective|p1a: Iron Boulder
|-damage|p1a: Iron Boulder|61/100
|-unboost|p2a: Gholdengo|spa|1
|
|upkeep
|turn|19
|l|☆BearFirst
|inactive|BearFirst disconnected and has a minute to reconnect!
|player|p2|
|inactive|BearFirst has 30 seconds to reconnect!
|j|☆BearFirst
|inactive|BearFirst reconnected and has 105 seconds left.
|player|p2|BearFirst|lucas|
|
|t:|1759039259
|move|p1a: Iron Boulder|Mighty Cleave|p2a: Gholdengo
|-resisted|p2a: Gholdengo
|-crit|p2a: Gholdengo
|-damage|p2a: Gholdengo|0 fnt
|faint|p2a: Gholdengo
|
|upkeep
|
|t:|1759039261
|switch|p2a: Samurott|Samurott-Hisui, M|67/100
|turn|20
|
|t:|1759039277
|move|p2a: Samurott|Aqua Jet|p1a: Iron Boulder
|-supereffective|p1a: Iron Boulder
|-damage|p1a: Iron Boulder|5/100
|move|p1a: Iron Boulder|Sacred Sword|p2a: Samurott
|-supereffective|p2a: Samurott
|-damage|p2a: Samurott|0 fnt
|faint|p2a: Samurott
|
|upkeep
|
|t:|1759039280
|switch|p2a: Hydrapple|Hydrapple, F, tera:Fairy|94/100
|turn|21
|
|t:|1759039285
|move|p1a: Iron Boulder|Mighty Cleave|p2a: Hydrapple
|-crit|p2a: Hydrapple
|-damage|p2a: Hydrapple|16/100
|-damage|p1a: Iron Boulder|0 fnt|[from] item: Rocky Helmet|[of] p2a: Hydrapple
|faint|p1a: Iron Boulder
|-end|p1a: Iron Boulder|Quark Drive|[silent]
|
|win|BearFirst
|raw|Sd200024's rating: 1205 &rarr; <strong>1185</strong><br />(-20 for losing)
|raw|BearFirst's rating: 1270 &rarr; <strong>1290</strong><br />(+20 for winning)
|l|‽Sd200024
|player|p1|
|l|☆BearFirst
|player|p2|
