|j|☆Inspector 47
|j|☆mbsbfwq
|t:|1759046948
|gametype|singles
|player|p1|Inspector 47|lucas|1126
|player|p2|mbsbfwq|266|1090
|gen|9
|tier|[Gen 9] OU
|rated|
|rule|HP Percentage Mod: HP is shown in percentages
|rule|Endless Battle Clause: Forcing endless battles is banned
|rule|Species Clause: Limit one of each Pokémon
|rule|OHKO Clause: OHKO moves are banned
|rule|Evasion Items Clause: Evasion items are banned
|rule|Evasion Moves Clause: Evasion moves are banned
|rule|Evasion Abilities Clause: Evasion abilities are banned
|rule|Sleep Moves Clause: Sleep-inducing moves are banned
|clearpoke
|poke|p1|Glaceon, M|
|poke|p1|Ninetales-Alola, M|
|poke|p1|Slowking-Galar, M|
|poke|p1|Blissey, F|
|poke|p1|Weavile, M|
|poke|p1|Clefable, M|
|poke|p2|Torkoal, M|
|poke|p2|Gliscor, M|
|poke|p2|Walking Wake|
|poke|p2|Mimikyu, M|
|poke|p2|Raging Bolt|
|poke|p2|Toxapex, M|
|teampreview
|l|☆mbsbfwq
|player|p2|
|inactive|Battle timer is ON: inactive players will automatically lose when time's up. (requested by Inspector 47)
|inactive|mbsbfwq has 30 seconds to reconnect!
|j|☆mbsbfwq
|inactive|mbsbfwq reconnected and has 120 seconds left.
|player|p2|mbsbfwq|266|
|
|t:|1759047007
|teamsize|p1|6
|teamsize|p2|6
|start
|switch|p1a: Weavile|Weavile, M|100/100
|switch|p2a: Torkoal|Torkoal, M|100/100
|-ability|p1a: Weavile|Pressure
|-weather|SunnyDay|[from] ability: Drought|[of] p2a: Torkoal
|turn|1
|
|t:|1759047018
|move|p1a: Weavile|Fake Out|p2a: Torkoal
|-damage|p2a: Torkoal|90/100
|-damage|p1a: Weavile|91/100|[from] item: Life Orb
|cant|p2a: Torkoal|flinch
|
|-weather|SunnyDay|[upkeep]
|upkeep
|turn|2
|
|t:|1759047026
|move|p1a: Weavile|Knock Off|p2a: Torkoal
|-damage|p2a: Torkoal|53/100
|-enditem|p2a: Torkoal|Heat Rock|[from] move: Knock Off|[of] p1a: Weavile
|-damage|p1a: Weavile|81/100|[from] item: Life Orb
|move|p2a: Torkoal|Overheat|p1a: Weavile
|-supereffective|p1a: Weavile
|-damage|p1a: Weavile|0 fnt
|-unboost|p2a: Torkoal|spa|2
|faint|p1a: Weavile
|
|-weather|SunnyDay|[upkeep]
|upkeep
|
|t:|1759047036
|switch|p1a: Ninetales|Ninetales-Alola, M|100/100
|-weather|Snowscape|[from] ability: Snow Warning|[of] p1a: Ninetales
|turn|3
|
|t:|1759047048
|move|p1a: Ninetales|Aurora Veil|p1a: Ninetales
|-sidestart|p1: Inspector 47|move: Aurora Veil
|move|p2a: Torkoal|Stealth Rock|p1a: Ninetales
|-sidestart|p1: Inspector 47|move: Stealth Rock
|
|-weather|Snowscape|[upkeep]
|upkeep
|turn|4
|
|t:|1759047058
|switch|p1a: Glaceon|Glaceon, M|100/100
|-damage|p1a: Glaceon|75/100|[from] Stealth Rock
|switch|p2a: Toxapex|Toxapex, M|100/100
|
|-weather|Snowscape|[upkeep]
|-heal|p1a: Glaceon|82/100|[from] ability: Ice Body
|-heal|p1a: Glaceon|88/100|[from] item: Leftovers
|upkeep
|turn|5
|
|t:|1759047071
|move|p2a: Toxapex|Baneful Bunker|p2a: Toxapex
|-singleturn|p2a: Toxapex|move: Protect
|move|p1a: Glaceon|Calm Mind|p1a: Glaceon
|-boost|p1a: Glaceon|spa|1
|-boost|p1a: Glaceon|spd|1
|
|-weather|Snowscape|[upkeep]
|-heal|p1a: Glaceon|94/100|[from] ability: Ice Body
|-heal|p1a: Glaceon|100/100|[from] item: Leftovers
|upkeep
|turn|6
|
|t:|1759047082
|move|p1a: Glaceon|Calm Mind|p1a: Glaceon
|-boost|p1a: Glaceon|spa|1
|-boost|p1a: Glaceon|spd|1
|move|p2a: Toxapex|Poison Jab|p1a: Glaceon
|-damage|p1a: Glaceon|95/100
|-status|p1a: Glaceon|psn
|
|-weather|Snowscape|[upkeep]
|-heal|p1a: Glaceon|100/100 psn|[from] ability: Ice Body
|-damage|p1a: Glaceon|88/100 psn|[from] psn
|upkeep
|turn|7
|
|t:|1759047095
|move|p2a: Toxapex|Baneful Bunker|p2a: Toxapex
|-singleturn|p2a: Toxapex|move: Protect
|move|p1a: Glaceon|Calm Mind|p1a: Glaceon
|-boost|p1a: Glaceon|spa|1
|-boost|p1a: Glaceon|spd|1
|
|-weather|none
|-heal|p1a: Glaceon|94/100 psn|[from] item: Leftovers
|-damage|p1a: Glaceon|82/100 psn|[from] psn
|upkeep
|turn|8
|
|t:|1759047118
|move|p1a: Glaceon|Calm Mind|p1a: Glaceon
|-boost|p1a: Glaceon|spa|1
|-boost|p1a: Glaceon|spd|1
|move|p2a: Toxapex|Recover||[still]
|-fail|p2a: Toxapex|heal
|
|-heal|p1a: Glaceon|88/100 psn|[from] item: Leftovers
|-damage|p1a: Glaceon|75/100 psn|[from] psn
|upkeep
|turn|9
|
|t:|1759047131
|move|p2a: Toxapex|Baneful Bunker|p2a: Toxapex
|-singleturn|p2a: Toxapex|move: Protect
|move|p1a: Glaceon|Calm Mind|p1a: Glaceon
|-boost|p1a: Glaceon|spa|1
|-boost|p1a: Glaceon|spd|1
|
|-heal|p1a: Glaceon|82/100 psn|[from] item: Leftovers
|-damage|p1a: Glaceon|69/100 psn|[from] psn
|upkeep
|turn|10
|l|☆mbsbfwq
|inactive|mbsbfwq disconnected and has a minute to reconnect!
|player|p2|
|j|☆mbsbfwq
|inactive|mbsbfwq reconnected and has 105 seconds left.
|player|p2|mbsbfwq|266|
|
|t:|1759047177
|switch|p2a: Raging Bolt|Raging Bolt|100/100
|move|p1a: Glaceon|Calm Mind|p1a: Glaceon
|-boost|p1a: Glaceon|spa|1
|-boost|p1a: Glaceon|spd|1
|
|-heal|p1a: Glaceon|75/100 psn|[from] item: Leftovers
|-damage|p1a: Glaceon|63/100 psn|[from] psn
|-sideend|p1: Inspector 47|move: Aurora Veil
|upkeep
|turn|11
|inactive|mbsbfwq has 90 seconds left.
|l|☆mbsbfwq
|inactive|mbsbfwq disconnected and has a minute to reconnect!
|player|p2|
|inactive|mbsbfwq has 30 seconds to reconnect!
|j|☆mbsbfwq
|inactive|mbsbfwq reconnected and has 60 seconds left.
|player|p2|mbsbfwq|266|
|
|t:|1759047228
|move|p1a: Glaceon|Protect|p1a: Glaceon
|-singleturn|p1a: Glaceon|Protect
|move|p2a: Raging Bolt|Volt Switch|p1a: Glaceon
|-activate|p1a: Glaceon|move: Protect
|
|-heal|p1a: Glaceon|69/100 psn|[from] item: Leftovers
|-damage|p1a: Glaceon|57/100 psn|[from] psn
|upkeep
|turn|12
|inactive|mbsbfwq has 60 seconds left.
|
|t:|1759047238
|move|p2a: Raging Bolt|Volt Switch|p1a: Glaceon
|-damage|p1a: Glaceon|46/100 psn
|
|t:|1759047249
|-end|p2a: Raging Bolt|Protosynthesis|[silent]
|switch|p2a: Toxapex|Toxapex, M|100/100|[from] Volt Switch
|move|p1a: Glaceon|Wish|p1a: Glaceon
|
|-heal|p1a: Glaceon|53/100 psn|[from] item: Leftovers
|-damage|p1a: Glaceon|40/100 psn|[from] psn
|upkeep
|turn|13
|
|t:|1759047261
|move|p1a: Glaceon|Freeze-Dry|p2a: Toxapex
|-supereffective|p2a: Toxapex
|-damage|p2a: Toxapex|0 fnt
|faint|p2a: Toxapex
|
|-heal|p1a: Glaceon|90/100 psn|[from] move: Wish|[wisher] Glaceon
|-heal|p1a: Glaceon|96/100 psn|[from] item: Leftovers
|-damage|p1a: Glaceon|84/100 psn|[from] psn
|upkeep
|
|t:|1759047281
|switch|p2a: Torkoal|Torkoal, M|53/100
|-weather|SunnyDay|[from] ability: Drought|[of] p2a: Torkoal
|turn|14
|
|t:|1759047295
|move|p1a: Glaceon|Freeze-Dry|p2a: Torkoal
|-resisted|p2a: Torkoal
|-damage|p2a: Torkoal|0 fnt
|faint|p2a: Torkoal
|
|-weather|SunnyDay|[upkeep]
|-heal|p1a: Glaceon|90/100 psn|[from] item: Leftovers
|-damage|p1a: Glaceon|78/100 psn|[from] psn
|upkeep
|
|t:|1759047306
|switch|p2a: Mimikyu|Mimikyu, M|100/100
|turn|15
|
|t:|1759047315
|-terastallize|p2a: Mimikyu|Fairy
|move|p2a: Mimikyu|Play Rough|p1a: Glaceon
|-damage|p1a: Glaceon|19/100 psn
|-damage|p2a: Mimikyu|91/100|[from] item: Life Orb
|move|p1a: Glaceon|Freeze-Dry|p2a: Mimikyu
|-activate|p2a: Mimikyu|ability: Disguise
|-damage|p2a: Mimikyu|91/100
|detailschange|p2a: Mimikyu|Mimikyu-Busted, M, tera:Fairy
|-damage|p2a: Mimikyu|78/100|[from] pokemon: Mimikyu-Busted
|
|-weather|SunnyDay|[upkeep]
|-heal|p1a: Glaceon|25/100 psn|[from] item: Leftovers
|-damage|p1a: Glaceon|12/100 psn|[from] psn
|upkeep
|turn|16
|
|t:|1759047334
|move|p2a: Mimikyu|Play Rough|p1a: Glaceon
|-damage|p1a: Glaceon|0 fnt
|faint|p1a: Glaceon
|-damage|p2a: Mimikyu|68/100|[from] item: Life Orb
|
|-weather|SunnyDay|[upkeep]
|upkeep
|
|t:|1759047340
|switch|p1a: Ninetales|Ninetales-Alola, M|100/100
|-damage|p1a: Ninetales|75/100|[from] Stealth Rock
|-weather|Snowscape|[from] ability: Snow Warning|[of] p1a: Ninetales
|turn|17
|
|t:|1759047348
|move|p1a: Ninetales|Aurora Veil|p1a: Ninetales
|-sidestart|p1: Inspector 47|move: Aurora Veil
|move|p2a: Mimikyu|Play Rough|p1a: Ninetales
|-damage|p1a: Ninetales|43/100
|-damage|p2a: Mimikyu|58/100|[from] item: Life Orb
|
|-weather|Snowscape|[upkeep]
|upkeep
|turn|18
|
|t:|1759047361
|move|p1a: Ninetales|Blizzard|p2a: Mimikyu
|-damage|p2a: Mimikyu|2/100
|move|p2a: Mimikyu|Play Rough|p1a: Ninetales
|-damage|p1a: Ninetales|9/100
|-damage|p2a: Mimikyu|0 fnt|[from] item: Life Orb
|faint|p2a: Mimikyu
|
|-weather|Snowscape|[upkeep]
|upkeep
|
|t:|1759047374
|switch|p2a: Raging Bolt|Raging Bolt|100/100
|turn|19
|
|t:|1759047380
|move|p1a: Ninetales|Ice Shard|p2a: Raging Bolt
|-supereffective|p2a: Raging Bolt
|-damage|p2a: Raging Bolt|84/100
|move|p2a: Raging Bolt|Thunderclap||[still]
|-fail|p2a: Raging Bolt
|
|-weather|Snowscape|[upkeep]
|upkeep
|turn|20
|
|t:|1759047389
|move|p1a: Ninetales|Ice Shard|p2a: Raging Bolt
|-supereffective|p2a: Raging Bolt
|-damage|p2a: Raging Bolt|70/100
|move|p2a: Raging Bolt|Volt Switch|p1a: Ninetales
|-damage|p1a: Ninetales|0 fnt
|faint|p1a: Ninetales
|
|t:|1759047398
|-end|p2a: Raging Bolt|Protosynthesis|[silent]
|switch|p2a: Gliscor|Gliscor, M|100/100|[from] Volt Switch
|
|-weather|Snowscape|[upkeep]
|-status|p2a: Gliscor|tox|[from] item: Toxic Orb
|upkeep
|
|t:|1759047405
|switch|p1a: Clefable|Clefable, M|100/100
|turn|21
|inactive|mbsbfwq has 60 seconds left.
|
|t:|1759047416
|move|p2a: Gliscor|Earthquake|p1a: Clefable
|-damage|p1a: Clefable|85/100
|move|p1a: Clefable|Blizzard|p2a: Gliscor
|-supereffective|p2a: Gliscor
|-damage|p2a: Gliscor|0 fnt
|faint|p2a: Gliscor
|
|-weather|none
|-heal|p1a: Clefable|91/100|[from] item: Leftovers
|upkeep
|
|t:|1759047428
|switch|p2a: Walking Wake|Walking Wake|100/100
|turn|22
|
|t:|1759047438
|switch|p1a: Blissey|Blissey, F|100/100
|-damage|p1a: Blissey|88/100|[from] Stealth Rock
|move|p2a: Walking Wake|Hydro Steam|p1a: Blissey
|-damage|p1a: Blissey|80/100
|
|-heal|p1a: Blissey|86/100|[from] item: Leftovers
|upkeep
|turn|23
|
|t:|1759047449
|-end|p2a: Walking Wake|Protosynthesis|[silent]
|switch|p2a: Raging Bolt|Raging Bolt|70/100
|move|p1a: Blissey|Seismic Toss|p2a: Raging Bolt
|-damage|p2a: Raging Bolt|48/100
|
|-heal|p1a: Blissey|92/100|[from] item: Leftovers
|upkeep
|turn|24
|
|t:|1759047463
|move|p2a: Raging Bolt|Draco Meteor|p1a: Blissey
|-damage|p1a: Blissey|81/100
|-unboost|p2a: Raging Bolt|spa|2
|move|p1a: Blissey|Seismic Toss|p2a: Raging Bolt
|-damage|p2a: Raging Bolt|26/100
|
|-heal|p1a: Blissey|87/100|[from] item: Leftovers
|-sideend|p1: Inspector 47|move: Aurora Veil
|upkeep
|turn|25
|
|t:|1759047475
|-end|p2a: Raging Bolt|Protosynthesis|[silent]
|switch|p2a: Walking Wake|Walking Wake|100/100
|move|p1a: Blissey|Seismic Toss|p2a: Walking Wake
|-damage|p2a: Walking Wake|71/100
|
|-heal|p1a: Blissey|93/100|[from] item: Leftovers
|upkeep
|turn|26
|
|t:|1759047485
|move|p1a: Blissey|Seismic Toss|p2a: Walking Wake
|-damage|p2a: Walking Wake|42/100
|move|p2a: Walking Wake|Roar|p1a: Blissey
|drag|p1a: Clefable|Clefable, M|91/100
|
|-heal|p1a: Clefable|97/100|[from] item: Leftovers
|upkeep
|turn|27
|
|t:|1759047496
|-end|p2a: Walking Wake|Protosynthesis|[silent]
|switch|p2a: Raging Bolt|Raging Bolt|26/100
|move|p1a: Clefable|Moonblast|p2a: Raging Bolt
|-supereffective|p2a: Raging Bolt
|-damage|p2a: Raging Bolt|0 fnt
|faint|p2a: Raging Bolt
|-end|p2a: Raging Bolt|Protosynthesis|[silent]
|
|-heal|p1a: Clefable|100/100|[from] item: Leftovers
|upkeep
|-message|mbsbfwq forfeited.
|
|win|Inspector 47
|raw|Inspector 47's rating: 1126 &rarr; <strong>1148</strong><br />(+22 for winning)
|raw|mbsbfwq's rating: 1090 &rarr; <strong>1069</strong><br />(-21 for losing)
|l|☆mbsbfwq
|player|p2|
|l|☆Inspector 47
|player|p1|
