|j|☆frellyia
|j|☆ArcadianSkies
|t:|1758978208
|gametype|singles
|player|p1|frellyia|dawn|1377
|player|p2|ArcadianSkies|volkner|1427
|gen|9
|tier|[Gen 9] OU
|rated|
|rule|HP Percentage Mod: HP is shown in percentages
|rule|Endless Battle Clause: Forcing endless battles is banned
|rule|Species Clause: Limit one of each Pokémon
|rule|OHKO Clause: OHKO moves are banned
|rule|Evasion Items Clause: Evasion items are banned
|rule|Evasion Moves Clause: Evasion moves are banned
|rule|Evasion Abilities Clause: Evasion abilities are banned
|rule|Sleep Moves Clause: Sleep-inducing moves are banned
|clearpoke
|poke|p1|Toxapex, F|
|poke|p1|Kingambit, F|
|poke|p1|Iron Treads|
|poke|p1|Scizor, F|
|poke|p1|Serperior, F|
|poke|p1|Alomomola, F|
|poke|p2|Pelipper, F|
|poke|p2|Barraskewda, M|
|poke|p2|Raging Bolt|
|poke|p2|Overqwil, M|
|poke|p2|Iron Treads|
|poke|p2|Samurott-Hisui, F|
|teampreview
|inactive|Battle timer is ON: inactive players will automatically lose when time's up. (requested by ArcadianSkies)
|
|t:|1758978219
|teamsize|p1|6
|teamsize|p2|6
|start
|switch|p1a: Serperior|Serperior, F|100/100
|switch|p2a: Peeko|Pelipper, F|100/100
|-weather|RainDance|[from] ability: Drizzle|[of] p2a: Peeko
|turn|1
|
|t:|1758978225
|move|p1a: Serperior|Leaf Storm|p2a: Peeko
|-damage|p2a: Peeko|35/100
|-boost|p1a: Serperior|spa|2
|move|p2a: Peeko|Hurricane|p1a: Serperior
|-supereffective|p1a: Serperior
|-damage|p1a: Serperior|24/100
|-start|p1a: Serperior|confusion
|
|-weather|RainDance|[upkeep]
|upkeep
|turn|2
|
|t:|1758978235
|switch|p2a: Spin2Win|Iron Treads|100/100
|-activate|p1a: Serperior|confusion
|move|p1a: Serperior|Leaf Storm|p2a: Spin2Win
|-damage|p2a: Spin2Win|52/100
|-boost|p1a: Serperior|spa|2
|
|-weather|RainDance|[upkeep]
|upkeep
|turn|3
|
|t:|1758978244
|-activate|p1a: Serperior|confusion
|-damage|p1a: Serperior|17/100|[from] confusion
|move|p2a: Spin2Win|Ice Spinner|p1a: Serperior
|-supereffective|p1a: Serperior
|-damage|p1a: Serperior|0 fnt
|faint|p1a: Serperior
|
|-weather|RainDance|[upkeep]
|upkeep
|
|t:|1758978260
|switch|p1a: Scizor|Scizor, F|100/100
|turn|4
|
|t:|1758978270
|-terastallize|p1a: Scizor|Flying
|move|p2a: Spin2Win|Volt Switch|p1a: Scizor
|-supereffective|p1a: Scizor
|-damage|p1a: Scizor|69/100
|
|t:|1758978274
|-end|p2a: Spin2Win|Quark Drive|[silent]
|switch|p2a: Throat Goat|Raging Bolt|100/100|[from] Volt Switch
|move|p1a: Scizor|Swords Dance|p1a: Scizor
|-boost|p1a: Scizor|atk|2
|
|-weather|RainDance|[upkeep]
|upkeep
|turn|5
|
|t:|1758978280
|move|p1a: Scizor|Bullet Punch|p2a: Throat Goat
|-resisted|p2a: Throat Goat
|-damage|p2a: Throat Goat|65/100
|-damage|p1a: Scizor|59/100|[from] item: Life Orb
|move|p2a: Throat Goat|Weather Ball|p1a: Scizor
|-damage|p1a: Scizor|0 fnt
|faint|p1a: Scizor
|
|-weather|RainDance|[upkeep]
|upkeep
|
|t:|1758978286
|switch|p1a: Iron Treads|Iron Treads|100/100
|-item|p1a: Iron Treads|Air Balloon
|turn|6
|
|t:|1758978290
|-terastallize|p2a: Throat Goat|Water
|move|p1a: Iron Treads|Rapid Spin|p2a: Throat Goat
|-damage|p2a: Throat Goat|53/100
|-boost|p1a: Iron Treads|spe|1
|move|p2a: Throat Goat|Weather Ball|p1a: Iron Treads
|-supereffective|p1a: Iron Treads
|-damage|p1a: Iron Treads|0 fnt
|-enditem|p1a: Iron Treads|Air Balloon
|faint|p1a: Iron Treads
|-end|p1a: Iron Treads|Quark Drive|[silent]
|
|-weather|RainDance|[upkeep]
|upkeep
|
|t:|1758978298
|switch|p1a: Toxapex|Toxapex, F|100/100
|turn|7
|
|t:|1758978300
|move|p2a: Throat Goat|Thunder|p1a: Toxapex
|-supereffective|p1a: Toxapex
|-damage|p1a: Toxapex|22/100
|move|p1a: Toxapex|Toxic|p2a: Throat Goat
|-status|p2a: Throat Goat|tox
|
|-weather|RainDance|[upkeep]
|-heal|p1a: Toxapex|28/100|[from] item: Leftovers
|-damage|p2a: Throat Goat|47/100 tox|[from] psn
|upkeep
|turn|8
|
|t:|1758978306
|move|p1a: Toxapex|Baneful Bunker|p1a: Toxapex
|-singleturn|p1a: Toxapex|move: Protect
|move|p2a: Throat Goat|Volt Switch|p1a: Toxapex
|-activate|p1a: Toxapex|move: Protect
|
|-weather|none
|-heal|p1a: Toxapex|34/100|[from] item: Leftovers
|-damage|p2a: Throat Goat|34/100 tox|[from] psn
|upkeep
|turn|9
|
|t:|1758978309
|move|p2a: Throat Goat|Volt Switch|p1a: Toxapex
|-supereffective|p1a: Toxapex
|-damage|p1a: Toxapex|0 fnt
|faint|p1a: Toxapex
|
|t:|1758978311
|-end|p2a: Throat Goat|Protosynthesis|[silent]
|switch|p2a: Peeko|Pelipper, F|35/100|[from] Volt Switch
|-weather|RainDance|[from] ability: Drizzle|[of] p2a: Peeko
|
|-weather|RainDance|[upkeep]
|upkeep
|
|t:|1758978314
|switch|p1a: Kingambit|Kingambit, F|100/100
|-activate|p1a: Kingambit|ability: Supreme Overlord
|-start|p1a: Kingambit|fallen4|[silent]
|turn|10
|
|t:|1758978316
|switch|p2a: Samurott|Samurott-Hisui, F|100/100
|move|p1a: Kingambit|Swords Dance|p1a: Kingambit
|-boost|p1a: Kingambit|atk|2
|
|-weather|RainDance|[upkeep]
|upkeep
|turn|11
|
|t:|1758978320
|move|p1a: Kingambit|Sucker Punch|p2a: Samurott
|-resisted|p2a: Samurott
|-damage|p2a: Samurott|21/100
|move|p2a: Samurott|Sacred Sword|p1a: Kingambit
|-supereffective|p1a: Kingambit
|-damage|p1a: Kingambit|0 fnt
|faint|p1a: Kingambit
|-end|p1a: Kingambit|fallen4|[silent]
|
|-weather|RainDance|[upkeep]
|upkeep
|
|t:|1758978323
|switch|p1a: Alomomola|Alomomola, F|100/100
|turn|12
|-message|frellyia forfeited.
|
|win|ArcadianSkies
|raw|frellyia's rating: 1377 &rarr; <strong>1360</strong><br />(-17 for losing)
|raw|ArcadianSkies's rating: 1427 &rarr; <strong>1444</strong><br />(+17 for winning)
|l|☆frellyia
|player|p1|
