|j|☆dunkeykim
|j|☆xc03
|t:|1758951894
|gametype|singles
|player|p1|dunkeykim|hilda|1495
|player|p2|xc03|170|1455
|gen|9
|tier|[Gen 9] OU
|rated|
|rule|HP Percentage Mod: HP is shown in percentages
|rule|Endless Battle Clause: Forcing endless battles is banned
|rule|Species Clause: Limit one of each Pokémon
|rule|OHKO Clause: OHKO moves are banned
|rule|Evasion Items Clause: Evasion items are banned
|rule|Evasion Moves Clause: Evasion moves are banned
|rule|Evasion Abilities Clause: Evasion abilities are banned
|rule|Sleep Moves Clause: Sleep-inducing moves are banned
|clearpoke
|poke|p1|Dragapult, F|
|poke|p1|Weavile, F|
|poke|p1|Primarina, M|
|poke|p1|Serperior, M|
|poke|p1|Slowking-Galar, F|
|poke|p1|Corviknight, M|
|poke|p2|Scizor, M|
|poke|p2|Corviknight, M|
|poke|p2|Kommo-o, F|
|poke|p2|Darkrai|
|poke|p2|Iron Valiant|
|poke|p2|Landorus-Therian, M|
|teampreview
|inactive|Battle timer is ON: inactive players will automatically lose when time's up. (requested by dunkeykim)
|
|t:|1758951903
|teamsize|p1|6
|teamsize|p2|6
|start
|switch|p1a: Weavile|Weavile, F|100/100
|switch|p2a: Darkrai|Darkrai|100/100
|turn|1
|
|t:|1758951911
|switch|p2a: Corviknight|Corviknight, M|100/100
|-ability|p2a: Corviknight|Pressure
|move|p1a: Weavile|Knock Off|p2a: Corviknight
|-crit|p2a: Corviknight
|-damage|p2a: Corviknight|60/100
|-damage|p1a: Weavile|84/100|[from] item: Rocky Helmet|[of] p2a: Corviknight
|-enditem|p2a: Corviknight|Rocky Helmet|[from] move: Knock Off|[of] p1a: Weavile
|
|upkeep
|turn|2
|
|t:|1758951922
|switch|p1a: Corviknight|Corviknight, M|100/100
|-ability|p1a: Corviknight|Pressure
|move|p2a: Corviknight|U-turn|p1a: Corviknight
|-resisted|p1a: Corviknight
|-damage|p1a: Corviknight|98/100
|
|t:|1758951930
|switch|p2a: Kommo-o|Kommo-o, F|100/100|[from] U-turn
|
|-heal|p1a: Corviknight|100/100|[from] item: Leftovers
|upkeep
|turn|3
|
|t:|1758951937
|move|p2a: Kommo-o|Stealth Rock|p1a: Corviknight
|-sidestart|p1: dunkeykim|move: Stealth Rock
|move|p1a: Corviknight|Bulk Up|p1a: Corviknight
|-boost|p1a: Corviknight|atk|1
|-boost|p1a: Corviknight|def|1
|
|upkeep
|turn|4
|
|t:|1758951946
|switch|p2a: Darkrai|Darkrai|100/100
|move|p1a: Corviknight|Bulk Up|p1a: Corviknight
|-boost|p1a: Corviknight|atk|1
|-boost|p1a: Corviknight|def|1
|
|upkeep
|turn|5
|
|t:|1758951957
|move|p2a: Darkrai|Trick|p1a: Corviknight
|-activate|p2a: Darkrai|move: Trick|[of] p1a: Corviknight
|-item|p1a: Corviknight|Choice Scarf|[from] move: Trick
|-item|p2a: Darkrai|Leftovers|[from] move: Trick
|move|p1a: Corviknight|Body Press|p2a: Darkrai
|-supereffective|p2a: Darkrai
|-damage|p2a: Darkrai|2/100
|
|-heal|p2a: Darkrai|8/100|[from] item: Leftovers
|upkeep
|turn|6
|
|t:|1758951971
|switch|p2a: Corviknight|Corviknight, M|60/100
|-ability|p2a: Corviknight|Pressure
|move|p1a: Corviknight|Body Press|p2a: Corviknight
|-damage|p2a: Corviknight|36/100
|
|upkeep
|turn|7
|
|t:|1758951979
|move|p1a: Corviknight|Body Press|p2a: Corviknight
|-damage|p2a: Corviknight|11/100
|move|p2a: Corviknight|Roost|p2a: Corviknight
|-heal|p2a: Corviknight|61/100
|-singleturn|p2a: Corviknight|move: Roost
|
|upkeep
|turn|8
|
|t:|1758951988
|switch|p1a: Slowking|Slowking-Galar, F|100/100
|-damage|p1a: Slowking|88/100|[from] Stealth Rock
|move|p2a: Corviknight|Roost|p2a: Corviknight
|-heal|p2a: Corviknight|100/100
|-singleturn|p2a: Corviknight|move: Roost
|
|upkeep
|turn|9
|
|t:|1758951997
|move|p2a: Corviknight|U-turn|p1a: Slowking
|-damage|p1a: Slowking|72/100
|
|t:|1758951999
|switch|p2a: Landorus|Landorus-Therian, M|100/100|[from] U-turn
|-ability|p2a: Landorus|Intimidate|boost
|-unboost|p1a: Slowking|atk|1
|move|p1a: Slowking|Ice Beam|p2a: Landorus
|-supereffective|p2a: Landorus
|-damage|p2a: Landorus|0 fnt
|faint|p2a: Landorus
|
|upkeep
|
|t:|1758952010
|switch|p2a: Scizor|Scizor, M|100/100
|turn|10
|
|t:|1758952013
|switch|p1a: Corviknight|Corviknight, M|100/100
|-damage|p1a: Corviknight|88/100|[from] Stealth Rock
|-ability|p1a: Corviknight|Pressure
|move|p2a: Scizor|U-turn|p1a: Corviknight
|-resisted|p1a: Corviknight
|-damage|p1a: Corviknight|75/100
|
|t:|1758952022
|switch|p2a: Corviknight|Corviknight, M|100/100|[from] U-turn
|-ability|p2a: Corviknight|Pressure
|
|upkeep
|turn|11
|
|t:|1758952029
|move|p1a: Corviknight|Roost|p1a: Corviknight
|-heal|p1a: Corviknight|100/100
|-singleturn|p1a: Corviknight|move: Roost
|move|p2a: Corviknight|U-turn|p1a: Corviknight
|-resisted|p1a: Corviknight
|-damage|p1a: Corviknight|94/100
|
|t:|1758952039
|switch|p2a: Scizor|Scizor, M|100/100|[from] U-turn
|
|upkeep
|turn|12
|
|t:|1758952050
|switch|p1a: Slowking|Slowking-Galar, F|100/100
|-damage|p1a: Slowking|88/100|[from] Stealth Rock
|move|p2a: Scizor|U-turn|p1a: Slowking
|-damage|p1a: Slowking|26/100
|
|t:|1758952060
|switch|p2a: Iron Valiant|Iron Valiant|100/100|[from] U-turn
|
|upkeep
|turn|13
|
|t:|1758952067
|move|p2a: Iron Valiant|Psyshock|p1a: Slowking
|-damage|p1a: Slowking|0 fnt
|faint|p1a: Slowking
|-damage|p2a: Iron Valiant|91/100|[from] item: Life Orb
|
|upkeep
|
|t:|1758952081
|switch|p1a: Weavile|Weavile, F|84/100
|turn|14
|
|t:|1758952085
|move|p1a: Weavile|Icicle Crash|p2a: Iron Valiant
|-damage|p2a: Iron Valiant|35/100
|move|p2a: Iron Valiant|Moonblast|p1a: Weavile
|-supereffective|p1a: Weavile
|-damage|p1a: Weavile|0 fnt
|faint|p1a: Weavile
|-damage|p2a: Iron Valiant|25/100|[from] item: Life Orb
|
|upkeep
|
|t:|1758952092
|switch|p1a: Dragapult|Dragapult, F|100/100
|turn|15
|
|t:|1758952100
|-end|p2a: Iron Valiant|Quark Drive|[silent]
|switch|p2a: Kommo-o|Kommo-o, F|100/100
|move|p1a: Dragapult|Phantom Force||[still]
|-prepare|p1a: Dragapult|Phantom Force
|
|upkeep
|turn|16
|
|t:|1758952107
|move|p1a: Dragapult|Phantom Force|p2a: Kommo-o|[from] lockedmove
|-damage|p2a: Kommo-o|67/100
|move|p2a: Kommo-o|Earthquake|p1a: Dragapult
|-damage|p1a: Dragapult|62/100
|
|-heal|p2a: Kommo-o|73/100|[from] item: Leftovers
|upkeep
|turn|17
|
|t:|1758952118
|switch|p1a: Serperior|Serperior, M|100/100
|-damage|p1a: Serperior|88/100|[from] Stealth Rock
|switch|p2a: Corviknight|Corviknight, M|100/100
|-ability|p2a: Corviknight|Pressure
|
|-heal|p1a: Serperior|94/100|[from] item: Leftovers
|upkeep
|turn|18
|
|t:|1758952129
|-terastallize|p1a: Serperior|Fire
|move|p1a: Serperior|Substitute|p1a: Serperior
|-start|p1a: Serperior|Substitute
|-damage|p1a: Serperior|70/100
|move|p2a: Corviknight|U-turn|p1a: Serperior
|-resisted|p1a: Serperior
|-activate|p1a: Serperior|move: Substitute|[damage]
|
|t:|1758952137
|switch|p2a: Kommo-o|Kommo-o, F|73/100|[from] U-turn
|
|-heal|p1a: Serperior|76/100|[from] item: Leftovers
|-heal|p2a: Kommo-o|80/100|[from] item: Leftovers
|upkeep
|turn|19
|
|t:|1758952146
|move|p1a: Serperior|Leaf Storm|p2a: Kommo-o
|-resisted|p2a: Kommo-o
|-damage|p2a: Kommo-o|61/100
|-boost|p1a: Serperior|spa|2
|move|p2a: Kommo-o|Drain Punch|p1a: Serperior
|-end|p1a: Serperior|Substitute
|-heal|p2a: Kommo-o|68/100|[from] drain|[of] p1a: Serperior
|
|-heal|p1a: Serperior|82/100|[from] item: Leftovers
|-heal|p2a: Kommo-o|74/100|[from] item: Leftovers
|upkeep
|turn|20
|
|t:|1758952158
|move|p1a: Serperior|Leaf Storm|p2a: Kommo-o
|-resisted|p2a: Kommo-o
|-damage|p2a: Kommo-o|39/100
|-boost|p1a: Serperior|spa|2
|move|p2a: Kommo-o|Earthquake|p1a: Serperior
|-supereffective|p1a: Serperior
|-damage|p1a: Serperior|19/100
|
|-heal|p1a: Serperior|25/100|[from] item: Leftovers
|-heal|p2a: Kommo-o|45/100|[from] item: Leftovers
|upkeep
|turn|21
|
|t:|1758952169
|move|p1a: Serperior|Leaf Storm|p2a: Kommo-o|[miss]
|-miss|p1a: Serperior|p2a: Kommo-o
|move|p2a: Kommo-o|Earthquake|p1a: Serperior
|-supereffective|p1a: Serperior
|-damage|p1a: Serperior|0 fnt
|faint|p1a: Serperior
|
|-heal|p2a: Kommo-o|51/100|[from] item: Leftovers
|upkeep
|
|t:|1758952172
|switch|p1a: Primarina|Primarina, M|100/100
|-damage|p1a: Primarina|88/100|[from] Stealth Rock
|turn|22
|
|t:|1758952185
|move|p2a: Kommo-o|Earthquake|p1a: Primarina
|-damage|p1a: Primarina|60/100
|move|p1a: Primarina|Draining Kiss|p2a: Kommo-o
|-supereffective|p2a: Kommo-o
|-damage|p2a: Kommo-o|0 fnt
|-heal|p1a: Primarina|97/100|[from] drain|[of] p2a: Kommo-o
|faint|p2a: Kommo-o
|
|-heal|p1a: Primarina|100/100|[from] item: Leftovers
|upkeep
|
|t:|1758952197
|switch|p2a: Iron Valiant|Iron Valiant|25/100
|turn|23
|
|t:|1758952200
|move|p2a: Iron Valiant|Destiny Bond|p2a: Iron Valiant
|-singlemove|p2a: Iron Valiant|Destiny Bond
|move|p1a: Primarina|Draining Kiss|p2a: Iron Valiant
|-supereffective|p2a: Iron Valiant
|-damage|p2a: Iron Valiant|0 fnt
|faint|p2a: Iron Valiant
|-activate|p2a: Iron Valiant|move: Destiny Bond
|-end|p2a: Iron Valiant|Quark Drive|[silent]
|faint|p1a: Primarina
|
|upkeep
|
|t:|1758952210
|switch|p2a: Scizor|Scizor, M|100/100
|switch|p1a: Corviknight|Corviknight, M|94/100
|-damage|p1a: Corviknight|82/100|[from] Stealth Rock
|-ability|p1a: Corviknight|Pressure
|turn|24
|
|t:|1758952219
|move|p1a: Corviknight|Brave Bird|p2a: Scizor
|-damage|p2a: Scizor|59/100
|-damage|p1a: Corviknight|71/100|[from] Recoil
|move|p2a: Scizor|U-turn|p1a: Corviknight
|-resisted|p1a: Corviknight
|-damage|p1a: Corviknight|60/100
|
|t:|1758952226
|switch|p2a: Darkrai|Darkrai|8/100|[from] U-turn
|
|-heal|p2a: Darkrai|14/100|[from] item: Leftovers
|upkeep
|turn|25
|
|t:|1758952233
|move|p2a: Darkrai|Dark Pulse|p1a: Corviknight
|-damage|p1a: Corviknight|32/100
|cant|p1a: Corviknight|flinch
|
|-heal|p2a: Darkrai|20/100|[from] item: Leftovers
|upkeep
|turn|26
|
|t:|1758952242
|move|p2a: Darkrai|Dark Pulse|p1a: Corviknight
|-damage|p1a: Corviknight|2/100
|cant|p1a: Corviknight|flinch
|
|-heal|p2a: Darkrai|26/100|[from] item: Leftovers
|upkeep
|turn|27
|
|t:|1758952250
|move|p2a: Darkrai|Dark Pulse|p1a: Corviknight
|-damage|p1a: Corviknight|0 fnt
|faint|p1a: Corviknight
|
|-heal|p2a: Darkrai|32/100|[from] item: Leftovers
|upkeep
|
|t:|1758952252
|switch|p1a: Dragapult|Dragapult, F|62/100
|turn|28
|
|t:|1758952259
|move|p1a: Dragapult|Dragon Darts|p2a: Darkrai
|-damage|p2a: Darkrai|0 fnt
|faint|p2a: Darkrai
|
|upkeep
|
|t:|1758952264
|switch|p2a: Scizor|Scizor, M|59/100
|turn|29
|
|t:|1758952268
|-terastallize|p2a: Scizor|Steel
|move|p2a: Scizor|Bullet Punch|p1a: Dragapult
|-damage|p1a: Dragapult|0 fnt
|faint|p1a: Dragapult
|
|win|xc03
|raw|dunkeykim's rating: 1495 &rarr; <strong>1473</strong><br />(-22 for losing)
|raw|xc03's rating: 1455 &rarr; <strong>1477</strong><br />(+22 for winning)
|l|☆dunkeykim
|player|p1|
|l|☆xc03
|player|p2|
