|j|☆jonklerxd
|j|☆surprise blissey
|t:|1758993628
|gametype|singles
|player|p1|jonklerxd|ninjaboy|1555
|player|p2|surprise blissey|lucian|1534
|gen|9
|tier|[Gen 9] OU
|rated|
|rule|HP Percentage Mod: HP is shown in percentages
|rule|Endless Battle Clause: Forcing endless battles is banned
|rule|Species Clause: Limit one of each Pokémon
|rule|OHKO Clause: OHKO moves are banned
|rule|Evasion Items Clause: Evasion items are banned
|rule|Evasion Moves Clause: Evasion moves are banned
|rule|Evasion Abilities Clause: Evasion abilities are banned
|rule|Sleep Moves Clause: Sleep-inducing moves are banned
|clearpoke
|poke|p1|Darkrai|
|poke|p1|Cinderace, F|
|poke|p1|Serperior, F|
|poke|p1|Excadrill, F|
|poke|p1|Primarina, M|
|poke|p1|Blaziken, F|
|poke|p2|Gliscor, F|
|poke|p2|Moltres|
|poke|p2|Alomomola, M|
|poke|p2|Rillaboom, F|
|poke|p2|Gholdengo|
|poke|p2|Great Tusk|
|teampreview
|inactive|Battle timer is ON: inactive players will automatically lose when time's up. (requested by surprise blissey)
|inactive|jonklerxd has 120 seconds left.
|
|t:|1758993669
|teamsize|p1|6
|teamsize|p2|6
|start
|switch|p1a: Darkrai|Darkrai|100/100
|switch|p2a: Tactical Move|Alomomola, M, shiny|100/100
|turn|1
|
|t:|1758993674
|move|p1a: Darkrai|Knock Off|p2a: Tactical Move
|-damage|p2a: Tactical Move|82/100
|-enditem|p2a: Tactical Move|Assault Vest|[from] move: Knock Off|[of] p1a: Darkrai
|move|p2a: Tactical Move|Flip Turn|p1a: Darkrai
|-damage|p1a: Darkrai|79/100
|
|t:|1758993679
|switch|p2a: The Dirty Work|Gliscor, F, shiny|100/100|[from] Flip Turn
|
|-status|p2a: The Dirty Work|tox|[from] item: Toxic Orb
|upkeep
|turn|2
|
|t:|1758993684
|switch|p2a: Tactical Move|Alomomola, M, shiny|100/100
|move|p1a: Darkrai|Taunt|p2a: Tactical Move
|-start|p2a: Tactical Move|move: Taunt
|
|upkeep
|turn|3
|
|t:|1758993690
|move|p1a: Darkrai|Will-O-Wisp|p2a: Tactical Move
|-status|p2a: Tactical Move|brn
|move|p2a: Tactical Move|Flip Turn|p1a: Darkrai
|-damage|p1a: Darkrai|68/100
|
|t:|1758993697
|switch|p2a: Fair and Square|Gholdengo, shiny|100/100|[from] Flip Turn
|
|upkeep
|turn|4
|
|t:|1758993706
|move|p2a: Fair and Square|Make It Rain|p1a: Darkrai
|-damage|p1a: Darkrai|0 fnt
|-unboost|p2a: Fair and Square|spa|1
|faint|p1a: Darkrai
|
|upkeep
|
|t:|1758993712
|switch|p1a: Blaziken|Blaziken, F|100/100
|-item|p1a: Blaziken|Air Balloon
|turn|5
|
|t:|1758993715
|switch|p2a: Honest Abe|Moltres, shiny|100/100
|move|p1a: Blaziken|Swords Dance|p1a: Blaziken
|-boost|p1a: Blaziken|atk|2
|
|-ability|p1a: Blaziken|Speed Boost|boost
|-boost|p1a: Blaziken|spe|1
|upkeep
|turn|6
|
|t:|1758993722
|move|p1a: Blaziken|Knock Off|p2a: Honest Abe
|-damage|p2a: Honest Abe|58/100
|-enditem|p2a: Honest Abe|Heavy-Duty Boots|[from] move: Knock Off|[of] p1a: Blaziken
|move|p2a: Honest Abe|Roar|p1a: Blaziken
|drag|p1a: Cinderace|Cinderace, F|100/100
|
|upkeep
|turn|7
|
|t:|1758993731
|switch|p1a: Blaziken|Blaziken, F|100/100
|-item|p1a: Blaziken|Air Balloon
|move|p2a: Honest Abe|Roost|p2a: Honest Abe
|-heal|p2a: Honest Abe|100/100
|-singleturn|p2a: Honest Abe|move: Roost
|
|upkeep
|turn|8
|
|t:|1758993741
|move|p1a: Blaziken|Swords Dance|p1a: Blaziken
|-boost|p1a: Blaziken|atk|2
|move|p2a: Honest Abe|U-turn|p1a: Blaziken
|-resisted|p1a: Blaziken
|-damage|p1a: Blaziken|95/100
|-enditem|p1a: Blaziken|Air Balloon
|
|t:|1758993750
|switch|p2a: 9-5 Spinner|Great Tusk, shiny|100/100|[from] U-turn
|
|-ability|p1a: Blaziken|Speed Boost|boost
|-boost|p1a: Blaziken|spe|1
|upkeep
|turn|9
|
|t:|1758993754
|move|p1a: Blaziken|Swords Dance|p1a: Blaziken
|-boost|p1a: Blaziken|atk|2
|move|p2a: 9-5 Spinner|Headlong Rush|p1a: Blaziken
|-supereffective|p1a: Blaziken
|-damage|p1a: Blaziken|0 fnt
|-unboost|p2a: 9-5 Spinner|def|1
|-unboost|p2a: 9-5 Spinner|spd|1
|faint|p1a: Blaziken
|
|upkeep
|
|t:|1758993763
|switch|p1a: Primarina|Primarina, M|100/100
|turn|10
|
|t:|1758993770
|-end|p2a: 9-5 Spinner|Protosynthesis|[silent]
|switch|p2a: Tactical Move|Alomomola, M, shiny|100/100 brn
|move|p1a: Primarina|Moonblast|p2a: Tactical Move
|-damage|p2a: Tactical Move|63/100 brn
|
|-damage|p2a: Tactical Move|57/100 brn|[from] brn
|upkeep
|turn|11
|
|t:|1758993787
|move|p1a: Primarina|Moonblast|p2a: Tactical Move
|-damage|p2a: Tactical Move|18/100 brn
|move|p2a: Tactical Move|Flip Turn|p1a: Primarina
|-resisted|p1a: Primarina
|-damage|p1a: Primarina|95/100
|
|t:|1758993790
|switch|p2a: Gets it Done|Rillaboom, F, shiny|100/100|[from] Flip Turn
|-fieldstart|move: Grassy Terrain|[from] ability: Grassy Surge|[of] p2a: Gets it Done
|
|-heal|p1a: Primarina|100/100|[from] Grassy Terrain
|upkeep
|turn|12
|
|t:|1758993798
|move|p2a: Gets it Done|Wood Hammer|p1a: Primarina
|-supereffective|p1a: Primarina
|-damage|p1a: Primarina|0 fnt
|faint|p1a: Primarina
|-damage|p2a: Gets it Done|71/100|[from] Recoil
|
|-heal|p2a: Gets it Done|78/100|[from] Grassy Terrain
|upkeep
|
|t:|1758993804
|switch|p1a: Excadrill|Excadrill, F|100/100
|-ability|p1a: Excadrill|Mold Breaker
|turn|13
|
|t:|1758993809
|move|p1a: Excadrill|Stealth Rock|p2a: Gets it Done
|-sidestart|p2: surprise blissey|move: Stealth Rock
|move|p2a: Gets it Done|Wood Hammer|p1a: Excadrill
|-enditem|p1a: Excadrill|Focus Sash
|-damage|p1a: Excadrill|1/100
|-damage|p2a: Gets it Done|43/100|[from] Recoil
|
|-heal|p1a: Excadrill|7/100|[from] Grassy Terrain
|-heal|p2a: Gets it Done|49/100|[from] Grassy Terrain
|upkeep
|turn|14
|
|t:|1758993817
|switch|p2a: 9-5 Spinner|Great Tusk, shiny|100/100
|move|p1a: Excadrill|Rock Slide|p2a: 9-5 Spinner|[miss]
|-miss|p1a: Excadrill|p2a: 9-5 Spinner
|
|-heal|p1a: Excadrill|13/100|[from] Grassy Terrain
|upkeep
|turn|15
|
|t:|1758993825
|move|p2a: 9-5 Spinner|Rapid Spin|p1a: Excadrill
|-resisted|p1a: Excadrill
|-damage|p1a: Excadrill|1/100
|-boost|p2a: 9-5 Spinner|spe|1
|-sideend|p2: surprise blissey|Stealth Rock|[from] move: Rapid Spin|[of] p2a: 9-5 Spinner
|move|p1a: Excadrill|Rapid Spin|p2a: 9-5 Spinner
|-damage|p2a: 9-5 Spinner|87/100
|-boost|p1a: Excadrill|spe|1
|
|-heal|p2a: 9-5 Spinner|93/100|[from] Grassy Terrain
|-heal|p1a: Excadrill|7/100|[from] Grassy Terrain
|-fieldend|move: Grassy Terrain
|upkeep
|turn|16
|
|t:|1758993836
|move|p2a: 9-5 Spinner|Rapid Spin|p1a: Excadrill
|-resisted|p1a: Excadrill
|-damage|p1a: Excadrill|0 fnt
|-boost|p2a: 9-5 Spinner|spe|1
|faint|p1a: Excadrill
|
|upkeep
|
|t:|1758993841
|switch|p1a: Serperior|Serperior, F|100/100
|turn|17
|
|t:|1758993844
|-terastallize|p2a: 9-5 Spinner|Fire
|move|p2a: 9-5 Spinner|Temper Flare|p1a: Serperior
|-supereffective|p1a: Serperior
|-damage|p1a: Serperior|15/100
|move|p1a: Serperior|Leaf Storm|p2a: 9-5 Spinner
|-resisted|p2a: 9-5 Spinner
|-damage|p2a: 9-5 Spinner|60/100
|-boost|p1a: Serperior|spa|2
|
|-heal|p1a: Serperior|21/100|[from] item: Leftovers
|upkeep
|turn|18
|-message|jonklerxd forfeited.
|
|win|surprise blissey
|raw|jonklerxd's rating: 1555 &rarr; <strong>1534</strong><br />(-21 for losing)
|raw|surprise blissey's rating: 1534 &rarr; <strong>1555</strong><br />(+21 for winning)
|l|☆jonklerxd
|player|p1|
