|j|☆Shulkou
|j|☆jean-neymar jr. XD
|t:|1759070445
|gametype|singles
|player|p1|Shulkou|volkner|1165
|player|p2|jean-neymar jr. XD|170|1162
|gen|9
|tier|[Gen 9] OU
|rated|
|rule|HP Percentage Mod: HP is shown in percentages
|rule|Endless Battle Clause: Forcing endless battles is banned
|rule|Species Clause: Limit one of each Pokémon
|rule|OHKO Clause: OHKO moves are banned
|rule|Evasion Items Clause: Evasion items are banned
|rule|Evasion Moves Clause: Evasion moves are banned
|rule|Evasion Abilities Clause: Evasion abilities are banned
|rule|Sleep Moves Clause: Sleep-inducing moves are banned
|clearpoke
|poke|p1|Great Tusk|
|poke|p1|Corviknight, M|
|poke|p1|Ninetales-Alola, F|
|poke|p1|Toxtricity-Low-Key, F|
|poke|p1|Meowscarada, F|
|poke|p1|Arcanine-Hisui, M|
|poke|p2|Scizor, M|
|poke|p2|Dragapult, M|
|poke|p2|Raging Bolt|
|poke|p2|Primarina, M|
|poke|p2|Ogerpon-Wellspring, F|
|poke|p2|Meowscarada, F|
|teampreview
|
|t:|1759070473
|teamsize|p1|6
|teamsize|p2|6
|start
|switch|p1a: Makyo|Meowscarada, F|100/100
|switch|p2a: Primarina|Primarina, M|100/100
|turn|1
|inactive|Battle timer is ON: inactive players will automatically lose when time's up. (requested by Shulkou)
|
|t:|1759070482
|move|p1a: Makyo|Flower Trick|p2a: Primarina
|-start|p1a: Makyo|typechange|Grass|[from] ability: Protean
|-supereffective|p2a: Primarina
|-crit|p2a: Primarina
|-damage|p2a: Primarina|0 fnt
|faint|p2a: Primarina
|
|upkeep
|
|t:|1759070491
|switch|p2a: Scizor|Scizor, M|100/100
|turn|2
|
|t:|1759070496
|move|p1a: Makyo|U-turn|p2a: Scizor
|-resisted|p2a: Scizor
|-damage|p2a: Scizor|89/100
|
|t:|1759070499
|switch|p1a: Dark Bird|Corviknight, M, shiny|100/100|[from] U-turn
|move|p2a: Scizor|U-turn|p1a: Dark Bird
|-resisted|p1a: Dark Bird
|-damage|p1a: Dark Bird|89/100
|-damage|p2a: Scizor|72/100|[from] item: Rocky Helmet|[of] p1a: Dark Bird
|
|t:|1759070507
|switch|p2a: Raging Bolt|Raging Bolt|100/100|[from] U-turn
|
|upkeep
|turn|3
|
|t:|1759070521
|switch|p1a: Spin Ike|Great Tusk|100/100
|-enditem|p1a: Spin Ike|Booster Energy
|-activate|p1a: Spin Ike|ability: Protosynthesis|[fromitem]
|-start|p1a: Spin Ike|protosynthesisatk
|-terastallize|p2a: Raging Bolt|Ice
|move|p2a: Raging Bolt|Tera Blast|p1a: Spin Ike|[anim] Tera Blast Ice
|-supereffective|p1a: Spin Ike
|-damage|p1a: Spin Ike|0 fnt
|faint|p1a: Spin Ike
|-end|p1a: Spin Ike|Protosynthesis|[silent]
|
|upkeep
|
|t:|1759070535
|switch|p1a: Shikiko|Arcanine-Hisui, M, shiny|100/100
|turn|4
|
|t:|1759070540
|-end|p2a: Raging Bolt|Protosynthesis|[silent]
|switch|p2a: Ogerpon|Ogerpon-Wellspring, F|100/100
|move|p1a: Shikiko|Substitute|p1a: Shikiko
|-start|p1a: Shikiko|Substitute
|-damage|p1a: Shikiko|76/100
|
|upkeep
|turn|5
|
|t:|1759070547
|move|p2a: Ogerpon|Ivy Cudgel|p1a: Shikiko|[anim] Ivy Cudgel Water
|-supereffective|p1a: Shikiko
|-end|p1a: Shikiko|Substitute
|move|p1a: Shikiko|Flare Blitz|p2a: Ogerpon
|-damage|p2a: Ogerpon|19/100
|
|upkeep
|turn|6
|
|t:|1759070559
|switch|p1a: Dark Bird|Corviknight, M, shiny|89/100
|move|p2a: Ogerpon|Ivy Cudgel|p1a: Dark Bird|[anim] Ivy Cudgel Water
|-crit|p1a: Dark Bird
|-damage|p1a: Dark Bird|17/100
|
|upkeep
|turn|7
|
|t:|1759070579
|move|p2a: Ogerpon|Ivy Cudgel|p1a: Dark Bird|[anim] Ivy Cudgel Water
|-damage|p1a: Dark Bird|0 fnt
|faint|p1a: Dark Bird
|
|upkeep
|
|t:|1759070584
|switch|p1a: Kyumei|Ninetales-Alola, F, shiny|100/100
|-weather|Snowscape|[from] ability: Snow Warning|[of] p1a: Kyumei
|turn|8
|
|t:|1759070590
|move|p2a: Ogerpon|U-turn|p1a: Kyumei
|-resisted|p1a: Kyumei
|-damage|p1a: Kyumei|90/100
|
|t:|1759070594
|switch|p2a: Scizor|Scizor, M|72/100|[from] U-turn
|move|p1a: Kyumei|Aurora Veil|p1a: Kyumei
|-sidestart|p1: Shulkou|move: Aurora Veil
|
|-weather|Snowscape|[upkeep]
|upkeep
|turn|9
|
|t:|1759070611
|switch|p1a: Shikiko|Arcanine-Hisui, M, shiny|76/100
|move|p2a: Scizor|Bullet Punch|p1a: Shikiko
|-damage|p1a: Shikiko|43/100
|
|-weather|Snowscape|[upkeep]
|upkeep
|turn|10
|
|t:|1759070628
|move|p2a: Scizor|Bullet Punch|p1a: Shikiko
|-damage|p1a: Shikiko|11/100
|move|p1a: Shikiko|Substitute|p1a: Shikiko
|-fail|p1a: Shikiko|move: Substitute|[weak]
|
|-weather|Snowscape|[upkeep]
|upkeep
|turn|11
|
|t:|1759070638
|move|p2a: Scizor|Bullet Punch|p1a: Shikiko
|-damage|p1a: Shikiko|0 fnt
|faint|p1a: Shikiko
|
|-weather|Snowscape|[upkeep]
|upkeep
|
|t:|1759070643
|switch|p1a: Raisena|Toxtricity-Low-Key, F|100/100
|turn|12
|
|t:|1759070647
|move|p2a: Scizor|Bullet Punch|p1a: Raisena
|-resisted|p1a: Raisena
|-damage|p1a: Raisena|86/100
|move|p1a: Raisena|Nuzzle|p2a: Scizor
|-damage|p2a: Scizor|66/100
|-status|p2a: Scizor|par
|
|-weather|none
|upkeep
|turn|13
|
|t:|1759070660
|switch|p2a: Meowscarada|Meowscarada, F|100/100
|move|p1a: Raisena|Overdrive|p2a: Meowscarada
|-resisted|p2a: Meowscarada
|-damage|p2a: Meowscarada|64/100
|-enditem|p1a: Raisena|Throat Spray
|-boost|p1a: Raisena|spa|1|[from] item: Throat Spray
|
|upkeep
|turn|14
|
|t:|1759070676
|move|p2a: Meowscarada|Knock Off|p1a: Raisena
|-start|p2a: Meowscarada|typechange|Dark|[from] ability: Protean
|-damage|p1a: Raisena|61/100
|move|p1a: Raisena|Nuzzle|p2a: Meowscarada
|-damage|p2a: Meowscarada|55/100
|-status|p2a: Meowscarada|par
|
|upkeep
|turn|15
|
|t:|1759070687
|move|p1a: Raisena|Overdrive|p2a: Meowscarada
|-damage|p2a: Meowscarada|0 fnt
|faint|p2a: Meowscarada
|
|-sideend|p1: Shulkou|move: Aurora Veil
|upkeep
|
|t:|1759070700
|switch|p2a: Raging Bolt|Raging Bolt, tera:Ice|100/100
|turn|16
|
|t:|1759070711
|move|p2a: Raging Bolt|Draco Meteor|p1a: Raisena|[miss]
|-miss|p2a: Raging Bolt|p1a: Raisena
|move|p1a: Raisena|Nuzzle|p2a: Raging Bolt
|-damage|p2a: Raging Bolt|94/100
|-status|p2a: Raging Bolt|par
|
|upkeep
|turn|17
|
|t:|1759070723
|-end|p2a: Raging Bolt|Protosynthesis|[silent]
|switch|p2a: Ogerpon|Ogerpon-Wellspring, F|19/100
|move|p1a: Raisena|Overdrive|p2a: Ogerpon
|-damage|p2a: Ogerpon|0 fnt
|faint|p2a: Ogerpon
|
|upkeep
|
|t:|1759070731
|switch|p2a: Raging Bolt|Raging Bolt, tera:Ice|94/100 par
|turn|18
|
|t:|1759070735
|switch|p1a: Kyumei|Ninetales-Alola, F, shiny|90/100
|-weather|Snowscape|[from] ability: Snow Warning|[of] p1a: Kyumei
|move|p2a: Raging Bolt|Tera Blast|p1a: Kyumei|[anim] Tera Blast Ice
|-resisted|p1a: Kyumei
|-damage|p1a: Kyumei|66/100
|
|-weather|Snowscape|[upkeep]
|upkeep
|turn|19
|
|t:|1759070745
|move|p1a: Kyumei|Aurora Veil|p1a: Kyumei
|-sidestart|p1: Shulkou|move: Aurora Veil
|cant|p2a: Raging Bolt|par
|
|-weather|Snowscape|[upkeep]
|upkeep
|turn|20
|
|t:|1759070752
|move|p1a: Kyumei|Blizzard|p2a: Raging Bolt
|-resisted|p2a: Raging Bolt
|-crit|p2a: Raging Bolt
|-damage|p2a: Raging Bolt|62/100 par
|cant|p2a: Raging Bolt|par
|
|-weather|Snowscape|[upkeep]
|upkeep
|turn|21
|
|t:|1759070759
|move|p1a: Kyumei|Moonblast|p2a: Raging Bolt
|-damage|p2a: Raging Bolt|24/100 par
|-unboost|p2a: Raging Bolt|spa|1
|cant|p2a: Raging Bolt|par
|
|-weather|Snowscape|[upkeep]
|upkeep
|turn|22
|
|t:|1759070766
|move|p1a: Kyumei|Moonblast|p2a: Raging Bolt
|-damage|p2a: Raging Bolt|0 fnt
|faint|p2a: Raging Bolt
|-end|p2a: Raging Bolt|Protosynthesis|[silent]
|
|-weather|none
|upkeep
|
|t:|1759070772
|switch|p2a: Scizor|Scizor, M|66/100 par
|turn|23
|
|t:|1759070780
|switch|p1a: Raisena|Toxtricity-Low-Key, F|61/100
|cant|p2a: Scizor|par
|
|upkeep
|turn|24
|
|t:|1759070786
|move|p1a: Raisena|Overdrive|p2a: Scizor
|-damage|p2a: Scizor|17/100 par
|cant|p2a: Scizor|par
|
|upkeep
|turn|25
|
|t:|1759070792
|cant|p2a: Scizor|par
|move|p1a: Raisena|Overdrive|p2a: Scizor
|-damage|p2a: Scizor|0 fnt
|faint|p2a: Scizor
|
|upkeep
|
|t:|1759070799
|switch|p2a: Dragapult|Dragapult, M|100/100
|turn|26
|
|t:|1759070807
|move|p2a: Dragapult|Psychic Fangs|p1a: Raisena
|-sideend|p1: Shulkou|move: Aurora Veil
|-supereffective|p1a: Raisena
|-damage|p1a: Raisena|0 fnt
|faint|p1a: Raisena
|
|upkeep
|
|t:|1759070812
|switch|p1a: Kyumei|Ninetales-Alola, F, shiny|66/100
|-weather|Snowscape|[from] ability: Snow Warning|[of] p1a: Kyumei
|turn|27
|
|t:|1759070816
|move|p2a: Dragapult|Psychic Fangs|p1a: Kyumei
|-damage|p1a: Kyumei|33/100
|move|p1a: Kyumei|Blizzard|p2a: Dragapult
|-supereffective|p2a: Dragapult
|-damage|p2a: Dragapult|0 fnt
|faint|p2a: Dragapult
|
|win|Shulkou
|raw|Shulkou's rating: 1165 &rarr; <strong>1190</strong><br />(+25 for winning)
|raw|jean-neymar jr. XD's rating: 1162 &rarr; <strong>1137</strong><br />(-25 for losing)
|l|☆jean-neymar jr. XD
|player|p2|
|l|☆Shulkou
|player|p1|
