|j|‽mantikarp2.0
|j|☆sommeliersam
|t:|1759040503
|gametype|singles
|player|p1|mantikarp2.0|medium|1580
|player|p2|sommeliersam|169|1607
|gen|9
|tier|[Gen 9] OU
|rated|
|rule|HP Percentage Mod: HP is shown in percentages
|rule|Endless Battle Clause: Forcing endless battles is banned
|rule|Species Clause: Limit one of each Pokémon
|rule|OHKO Clause: OHKO moves are banned
|rule|Evasion Items Clause: Evasion items are banned
|rule|Evasion Moves Clause: Evasion moves are banned
|rule|Evasion Abilities Clause: Evasion abilities are banned
|rule|Sleep Moves Clause: Sleep-inducing moves are banned
|clearpoke
|poke|p1|Ribombee, F|
|poke|p1|Gholdengo|
|poke|p1|Great Tusk|
|poke|p1|Raging Bolt|
|poke|p1|Ogerpon-Cornerstone, F|
|poke|p1|Ceruledge, M|
|poke|p2|Pecharunt|
|poke|p2|Great Tusk|
|poke|p2|Ogerpon-Wellspring, F|
|poke|p2|Iron Crown|
|poke|p2|Landorus-Therian, M|
|poke|p2|Samurott-Hisui, F|
|teampreview
|inactive|Battle timer is ON: inactive players will automatically lose when time's up. (requested by mantikarp2.0)
|
|t:|1759040524
|teamsize|p1|6
|teamsize|p2|6
|start
|switch|p1a: Ribombee|Ribombee, F, shiny|100/100
|switch|p2a: Iron Crown|Iron Crown|100/100
|turn|1
|
|t:|1759040526
|move|p1a: Ribombee|Sticky Web|p2a: Iron Crown
|-sidestart|p2: sommeliersam|move: Sticky Web
|move|p2a: Iron Crown|Tachyon Cutter|p1a: Ribombee
|-supereffective|p1a: Ribombee
|-enditem|p1a: Ribombee|Focus Sash
|-damage|p1a: Ribombee|1/100
|-supereffective|p1a: Ribombee
|-damage|p1a: Ribombee|0 fnt
|faint|p1a: Ribombee
|-hitcount|p1: Ribombee|2
|
|upkeep
|
|t:|1759040531
|switch|p1a: Raging Bolt|Raging Bolt|100/100
|-enditem|p1a: Raging Bolt|Booster Energy
|-activate|p1a: Raging Bolt|ability: Protosynthesis|[fromitem]
|-start|p1a: Raging Bolt|protosynthesisspa
|turn|2
|
|t:|1759040544
|move|p2a: Iron Crown|Tachyon Cutter|p1a: Raging Bolt
|-resisted|p1a: Raging Bolt
|-damage|p1a: Raging Bolt|84/100
|-resisted|p1a: Raging Bolt
|-damage|p1a: Raging Bolt|64/100
|-hitcount|p1a: Raging Bolt|2
|move|p1a: Raging Bolt|Thunderbolt|p2a: Iron Crown
|-damage|p2a: Iron Crown|37/100
|
|upkeep
|turn|3
|
|t:|1759040550
|move|p2a: Iron Crown|Tachyon Cutter|p1a: Raging Bolt
|-resisted|p1a: Raging Bolt
|-damage|p1a: Raging Bolt|46/100
|-resisted|p1a: Raging Bolt
|-damage|p1a: Raging Bolt|28/100
|-hitcount|p1a: Raging Bolt|2
|move|p1a: Raging Bolt|Dragon Pulse|p2a: Iron Crown
|-resisted|p2a: Iron Crown
|-damage|p2a: Iron Crown|2/100
|
|upkeep
|turn|4
|
|t:|1759040555
|move|p2a: Iron Crown|Tachyon Cutter|p1a: Raging Bolt
|-resisted|p1a: Raging Bolt
|-damage|p1a: Raging Bolt|11/100
|-resisted|p1a: Raging Bolt
|-damage|p1a: Raging Bolt|0 fnt
|faint|p1a: Raging Bolt
|-end|p1a: Raging Bolt|Protosynthesis|[silent]
|-hitcount|p1: Raging Bolt|2
|
|upkeep
|
|t:|1759040558
|switch|p1a: Ceruledge|Ceruledge, M, shiny|100/100
|turn|5
|
|t:|1759040560
|move|p1a: Ceruledge|Shadow Sneak|p2a: Iron Crown
|-supereffective|p2a: Iron Crown
|-damage|p2a: Iron Crown|0 fnt
|faint|p2a: Iron Crown
|-end|p2a: Iron Crown|Quark Drive|[silent]
|
|upkeep
|
|t:|1759040564
|switch|p2a: Landorus|Landorus-Therian, M|100/100
|-ability|p2a: Landorus|Intimidate|boost
|-unboost|p1a: Ceruledge|atk|1
|turn|6
|inactive|mantikarp2.0 has 120 seconds left.
|
|t:|1759040609
|switch|p1a: Gholdengo|Gholdengo, shiny|100/100
|-item|p1a: Gholdengo|Air Balloon
|move|p2a: Landorus|U-turn|p1a: Gholdengo
|-resisted|p1a: Gholdengo
|-damage|p1a: Gholdengo|94/100
|-enditem|p1a: Gholdengo|Air Balloon
|
|t:|1759040619
|switch|p2a: Samurott|Samurott-Hisui, F|100/100|[from] U-turn
|-activate|p2a: Samurott|move: Sticky Web
|-unboost|p2a: Samurott|spe|1
|
|upkeep
|turn|7
|
|t:|1759040622
|move|p1a: Gholdengo|Focus Blast|p2a: Samurott
|-supereffective|p2a: Samurott
|-damage|p2a: Samurott|20/100
|move|p2a: Samurott|Ceaseless Edge|p1a: Gholdengo
|-supereffective|p1a: Gholdengo
|-damage|p1a: Gholdengo|0 fnt
|-sidestart|p1: mantikarp2.0|Spikes
|faint|p1a: Gholdengo
|
|upkeep
|
|t:|1759040625
|switch|p1a: Great Tusk|Great Tusk, shiny|100/100
|-damage|p1a: Great Tusk|88/100|[from] Spikes
|-enditem|p1a: Great Tusk|Booster Energy
|-activate|p1a: Great Tusk|ability: Protosynthesis|[fromitem]
|-start|p1a: Great Tusk|protosynthesisatk
|turn|8
|
|t:|1759040650
|switch|p2a: Pecharunt|Pecharunt|100/100
|-activate|p2a: Pecharunt|move: Sticky Web
|-unboost|p2a: Pecharunt|spe|1
|move|p1a: Great Tusk|Headlong Rush|p2a: Pecharunt
|-supereffective|p2a: Pecharunt
|-damage|p2a: Pecharunt|25/100
|-unboost|p1a: Great Tusk|def|1
|-unboost|p1a: Great Tusk|spd|1
|-damage|p1a: Great Tusk|72/100|[from] item: Rocky Helmet|[of] p2a: Pecharunt
|
|upkeep
|turn|9
|inactive|mantikarp2.0 has 120 seconds left.
|
|t:|1759040679
|move|p1a: Great Tusk|Rapid Spin|p2a: Pecharunt
|-immune|p2a: Pecharunt
|move|p2a: Pecharunt|Recover|p2a: Pecharunt
|-heal|p2a: Pecharunt|75/100
|
|upkeep
|turn|10
|
|t:|1759040691
|switch|p2a: Samurott|Samurott-Hisui, F|20/100
|-activate|p2a: Samurott|move: Sticky Web
|-unboost|p2a: Samurott|spe|1
|move|p1a: Great Tusk|Rapid Spin|p2a: Samurott
|-damage|p2a: Samurott|0 fnt
|-boost|p1a: Great Tusk|spe|1
|-sideend|p1: mantikarp2.0|Spikes|[from] move: Rapid Spin|[of] p1a: Great Tusk
|faint|p2a: Samurott
|
|upkeep
|
|t:|1759040705
|switch|p2a: Landorus|Landorus-Therian, M|100/100
|-ability|p2a: Landorus|Intimidate|boost
|-unboost|p1a: Great Tusk|atk|1
|turn|11
|
|t:|1759040710
|-terastallize|p2a: Landorus|Flying
|move|p2a: Landorus|Tera Blast|p1a: Great Tusk|[anim] Tera Blast Flying
|-supereffective|p1a: Great Tusk
|-damage|p1a: Great Tusk|0 fnt
|faint|p1a: Great Tusk
|-end|p1a: Great Tusk|Protosynthesis|[silent]
|
|upkeep
|
|t:|1759040718
|switch|p1a: Ceruledge|Ceruledge, M, shiny|100/100
|turn|12
|
|t:|1759040727
|switch|p2a: Pecharunt|Pecharunt|75/100
|-activate|p2a: Pecharunt|move: Sticky Web
|-unboost|p2a: Pecharunt|spe|1
|move|p1a: Ceruledge|Swords Dance|p1a: Ceruledge
|-boost|p1a: Ceruledge|atk|2
|
|upkeep
|turn|13
|
|t:|1759040739
|move|p1a: Ceruledge|Swords Dance|p1a: Ceruledge
|-boost|p1a: Ceruledge|atk|2
|move|p2a: Pecharunt|Foul Play|p1a: Ceruledge
|-supereffective|p1a: Ceruledge
|-enditem|p1a: Ceruledge|Focus Sash
|-damage|p1a: Ceruledge|1/100
|-ability|p1a: Ceruledge|Weak Armor|boost
|-unboost|p1a: Ceruledge|def|1
|-boost|p1a: Ceruledge|spe|2
|
|upkeep
|turn|14
|
|t:|1759040752
|move|p1a: Ceruledge|Bitter Blade|p2a: Pecharunt
|-damage|p2a: Pecharunt|6/100
|-heal|p1a: Ceruledge|46/100|[from] drain|[of] p2a: Pecharunt
|-damage|p1a: Ceruledge|29/100|[from] item: Rocky Helmet|[of] p2a: Pecharunt
|move|p2a: Pecharunt|Malignant Chain|p1a: Ceruledge
|-resisted|p1a: Ceruledge
|-damage|p1a: Ceruledge|13/100
|
|upkeep
|turn|15
|
|t:|1759040763
|move|p1a: Ceruledge|Bitter Blade|p2a: Pecharunt
|-damage|p2a: Pecharunt|0 fnt
|-heal|p1a: Ceruledge|16/100|[from] drain|[of] p2a: Pecharunt
|-damage|p1a: Ceruledge|0 fnt|[from] item: Rocky Helmet|[of] p2a: Pecharunt
|faint|p2a: Pecharunt
|faint|p1a: Ceruledge
|
|upkeep
|
|t:|1759040770
|switch|p1a: Ogerpon|Ogerpon-Cornerstone, F|100/100
|switch|p2a: Landorus|Landorus-Therian, M, tera:Flying|100/100
|-ability|p2a: Landorus|Intimidate|boost
|-unboost|p1a: Ogerpon|atk|1
|turn|16
|
|t:|1759040773
|move|p2a: Landorus|U-turn|p1a: Ogerpon
|-supereffective|p1a: Ogerpon
|-damage|p1a: Ogerpon|37/100
|
|t:|1759040776
|switch|p2a: Ogerpon|Ogerpon-Wellspring, F|100/100|[from] U-turn
|-activate|p2a: Ogerpon|move: Sticky Web
|-unboost|p2a: Ogerpon|spe|1
|move|p1a: Ogerpon|Ivy Cudgel|p2a: Ogerpon|[anim] Ivy Cudgel Rock
|-damage|p2a: Ogerpon|59/100
|
|upkeep
|turn|17
|-message|mantikarp2.0 forfeited.
|
|win|sommeliersam
|raw|mantikarp2.0's rating: 1580 &rarr; <strong>1562</strong><br />(-18 for losing)
|raw|sommeliersam's rating: 1607 &rarr; <strong>1625</strong><br />(+18 for winning)
|l|‽mantikarp2.0
|player|p1|
|l|☆sommeliersam
|player|p2|
