|j|☆sly_sunflower
|j|☆ch764
|t:|1758989274
|gametype|singles
|player|p1|sly_sunflower|cilan|1084
|player|p2|ch764|169|1077
|gen|9
|tier|[Gen 9] OU
|rated|
|rule|HP Percentage Mod: HP is shown in percentages
|rule|Endless Battle Clause: Forcing endless battles is banned
|rule|Species Clause: Limit one of each Pokémon
|rule|OHKO Clause: OHKO moves are banned
|rule|Evasion Items Clause: Evasion items are banned
|rule|Evasion Moves Clause: Evasion moves are banned
|rule|Evasion Abilities Clause: Evasion abilities are banned
|rule|Sleep Moves Clause: Sleep-inducing moves are banned
|clearpoke
|poke|p1|Revavroom, M|
|poke|p1|Misdreavus, M|
|poke|p1|Greedent, M|
|poke|p1|Hariyama, F|
|poke|p1|Cryogonal|
|poke|p1|Articuno-Galar|
|poke|p2|Feraligatr, F|
|poke|p2|Gengar, F|
|poke|p2|Excadrill, F|
|poke|p2|Iron Valiant|
|poke|p2|Dragonite, M|
|poke|p2|Cinderace, F|
|teampreview
|inactive|Battle timer is ON: inactive players will automatically lose when time's up. (requested by sly_sunflower)
|
|t:|1758989298
|teamsize|p1|6
|teamsize|p2|6
|start
|switch|p1a: Hariyama|Hariyama, F|100/100
|switch|p2a: Excadrill|Excadrill, F|100/100
|-ability|p2a: Excadrill|Mold Breaker
|turn|1
|
|t:|1758989312
|switch|p2a: Gengar|Gengar, F|100/100
|move|p1a: Hariyama|Knock Off|p2a: Gengar
|-supereffective|p2a: Gengar
|-damage|p2a: Gengar|0 fnt
|-enditem|p2a: Gengar|Heavy-Duty Boots|[from] move: Knock Off|[of] p1a: Hariyama
|faint|p2a: Gengar
|
|upkeep
|
|t:|1758989322
|switch|p2a: Iron Valiant|Iron Valiant|100/100
|-enditem|p2a: Iron Valiant|Booster Energy
|-activate|p2a: Iron Valiant|ability: Quark Drive|[fromitem]
|-start|p2a: Iron Valiant|quarkdriveatk
|turn|2
|
|t:|1758989336
|move|p2a: Iron Valiant|Poison Jab|p1a: Hariyama
|-damage|p1a: Hariyama|62/100
|move|p1a: Hariyama|Drain Punch|p2a: Iron Valiant
|-resisted|p2a: Iron Valiant
|-damage|p2a: Iron Valiant|72/100
|-heal|p1a: Hariyama|71/100|[from] drain|[of] p2a: Iron Valiant
|
|-heal|p1a: Hariyama|77/100|[from] item: Leftovers
|upkeep
|turn|3
|
|t:|1758989348
|move|p2a: Iron Valiant|Drain Punch|p1a: Hariyama
|-damage|p1a: Hariyama|19/100
|-heal|p2a: Iron Valiant|100/100|[from] drain|[of] p1a: Hariyama
|move|p1a: Hariyama|Bulk Up|p1a: Hariyama
|-boost|p1a: Hariyama|atk|1
|-boost|p1a: Hariyama|def|1
|
|-heal|p1a: Hariyama|25/100|[from] item: Leftovers
|upkeep
|turn|4
|
|t:|1758989357
|move|p2a: Iron Valiant|Drain Punch|p1a: Hariyama
|-damage|p1a: Hariyama|0 fnt
|faint|p1a: Hariyama
|
|upkeep
|
|t:|1758989368
|switch|p1a: Revavroom|Revavroom, M|100/100
|-item|p1a: Revavroom|Air Balloon
|turn|5
|
|t:|1758989375
|move|p2a: Iron Valiant|Fire Punch|p1a: Revavroom
|-supereffective|p1a: Revavroom
|-damage|p1a: Revavroom|29/100
|-enditem|p1a: Revavroom|Air Balloon
|move|p1a: Revavroom|Shift Gear|p1a: Revavroom
|-boost|p1a: Revavroom|spe|2
|-boost|p1a: Revavroom|atk|1
|
|upkeep
|turn|6
|
|t:|1758989382
|move|p2a: Iron Valiant|Shadow Sneak|p1a: Revavroom
|-damage|p1a: Revavroom|3/100
|move|p1a: Revavroom|Iron Head|p2a: Iron Valiant
|-supereffective|p2a: Iron Valiant
|-damage|p2a: Iron Valiant|0 fnt
|faint|p2a: Iron Valiant
|-end|p2a: Iron Valiant|Quark Drive|[silent]
|
|upkeep
|
|t:|1758989388
|switch|p2a: Dragonite|Dragonite, M|100/100
|turn|7
|
|t:|1758989394
|switch|p1a: Misdreavus|Misdreavus, M|100/100
|move|p2a: Dragonite|Extreme Speed|p1a: Misdreavus
|-immune|p1a: Misdreavus
|
|upkeep
|turn|8
|
|t:|1758989404
|move|p1a: Misdreavus|Will-O-Wisp|p2a: Dragonite
|-status|p2a: Dragonite|brn
|move|p2a: Dragonite|Dragon Dance|p2a: Dragonite
|-boost|p2a: Dragonite|atk|1
|-boost|p2a: Dragonite|spe|1
|
|-damage|p2a: Dragonite|94/100 brn|[from] brn
|upkeep
|turn|9
|
|t:|1758989412
|move|p2a: Dragonite|Dragon Dance|p2a: Dragonite
|-boost|p2a: Dragonite|atk|1
|-boost|p2a: Dragonite|spe|1
|move|p1a: Misdreavus|Calm Mind|p1a: Misdreavus
|-boost|p1a: Misdreavus|spa|1
|-boost|p1a: Misdreavus|spd|1
|
|-damage|p2a: Dragonite|88/100 brn|[from] brn
|upkeep
|turn|10
|
|t:|1758989421
|move|p2a: Dragonite|Dragon Dance|p2a: Dragonite
|-boost|p2a: Dragonite|atk|1
|-boost|p2a: Dragonite|spe|1
|move|p1a: Misdreavus|Calm Mind|p1a: Misdreavus
|-boost|p1a: Misdreavus|spa|1
|-boost|p1a: Misdreavus|spd|1
|
|-damage|p2a: Dragonite|82/100 brn|[from] brn
|upkeep
|turn|11
|
|t:|1758989428
|move|p2a: Dragonite|Outrage|p1a: Misdreavus
|-damage|p1a: Misdreavus|5/100
|move|p1a: Misdreavus|Draining Kiss|p2a: Dragonite
|-supereffective|p2a: Dragonite
|-damage|p2a: Dragonite|25/100 brn
|-heal|p1a: Misdreavus|48/100|[from] drain|[of] p2a: Dragonite
|-damage|p1a: Misdreavus|31/100|[from] item: Rocky Helmet|[of] p2a: Dragonite
|
|-damage|p2a: Dragonite|19/100 brn|[from] brn
|upkeep
|turn|12
|
|t:|1758989438
|-terastallize|p1a: Misdreavus|Fairy
|move|p2a: Dragonite|Outrage|p1a: Misdreavus|[from] lockedmove
|-immune|p1a: Misdreavus
|-start|p2a: Dragonite|confusion|[fatigue]
|move|p1a: Misdreavus|Draining Kiss|p2a: Dragonite
|-supereffective|p2a: Dragonite
|-damage|p2a: Dragonite|0 fnt
|-heal|p1a: Misdreavus|45/100|[from] drain|[of] p2a: Dragonite
|-damage|p1a: Misdreavus|28/100|[from] item: Rocky Helmet|[of] p2a: Dragonite
|faint|p2a: Dragonite
|
|upkeep
|
|t:|1758989451
|switch|p2a: Cinderace|Cinderace, F|100/100
|turn|13
|
|t:|1758989456
|move|p2a: Cinderace|Iron Head|p1a: Misdreavus
|-start|p2a: Cinderace|typechange|Steel|[from] ability: Libero
|-supereffective|p1a: Misdreavus
|-damage|p1a: Misdreavus|0 fnt
|faint|p1a: Misdreavus
|
|upkeep
|
|t:|1758989467
|switch|p1a: Greedent|Greedent, M|100/100
|turn|14
|
|t:|1758989473
|move|p2a: Cinderace|High Jump Kick|p1a: Greedent|[miss]
|-miss|p2a: Cinderace|p1a: Greedent
|-damage|p2a: Cinderace|50/100|[from] highjumpkick
|move|p1a: Greedent|Curse|p1a: Greedent
|-unboost|p1a: Greedent|spe|1
|-boost|p1a: Greedent|atk|1
|-boost|p1a: Greedent|def|1
|
|upkeep
|turn|15
|
|t:|1758989491
|move|p2a: Cinderace|Iron Head|p1a: Greedent
|-damage|p1a: Greedent|78/100
|cant|p1a: Greedent|flinch
|
|upkeep
|turn|16
|
|t:|1758989506
|move|p2a: Cinderace|Iron Head|p1a: Greedent
|-damage|p1a: Greedent|56/100
|cant|p1a: Greedent|flinch
|
|upkeep
|turn|17
|
|t:|1758989514
|move|p2a: Cinderace|Iron Head|p1a: Greedent
|-damage|p1a: Greedent|37/100
|-enditem|p1a: Greedent|Sitrus Berry|[eat]
|-heal|p1a: Greedent|62/100|[from] item: Sitrus Berry
|-heal|p1a: Greedent|96/100|[from] ability: Cheek Pouch
|move|p1a: Greedent|Body Press|p2a: Cinderace
|-supereffective|p2a: Cinderace
|-damage|p2a: Cinderace|0 fnt
|faint|p2a: Cinderace
|
|upkeep
|
|t:|1758989534
|switch|p2a: Feraligatr|Feraligatr, F|100/100
|turn|18
|
|t:|1758989549
|-terastallize|p2a: Feraligatr|Water
|move|p2a: Feraligatr|Liquidation|p1a: Greedent
|-damage|p1a: Greedent|44/100
|move|p1a: Greedent|Knock Off|p2a: Feraligatr
|-damage|p2a: Feraligatr|47/100
|-enditem|p2a: Feraligatr|Life Orb|[from] move: Knock Off|[of] p1a: Greedent
|
|upkeep
|turn|19
|inactive|ch764 has 120 seconds left.
|l|☆ch764
|inactive|ch764 disconnected and has a minute to reconnect!
|player|p2|
|j|☆ch764
|inactive|ch764 reconnected and has 100 seconds left.
|player|p2|ch764|169|
|
|t:|1758989589
|move|p2a: Feraligatr|Liquidation|p1a: Greedent
|-crit|p1a: Greedent
|-damage|p1a: Greedent|0 fnt
|faint|p1a: Greedent
|
|upkeep
|
|t:|1758989606
|switch|p1a: Articuno|Articuno-Galar|100/100
|turn|20
|
|t:|1758989619
|move|p1a: Articuno|Air Slash|p2a: Feraligatr
|-damage|p2a: Feraligatr|0 fnt
|faint|p2a: Feraligatr
|
|upkeep
|
|t:|1758989622
|switch|p2a: Excadrill|Excadrill, F|100/100
|-ability|p2a: Excadrill|Mold Breaker
|turn|21
|
|t:|1758989627
|move|p1a: Articuno|Agility|p1a: Articuno
|-boost|p1a: Articuno|spe|2
|move|p2a: Excadrill|Iron Head|p1a: Articuno
|-damage|p1a: Articuno|53/100
|
|upkeep
|turn|22
|
|t:|1758989636
|move|p1a: Articuno|Air Slash|p2a: Excadrill
|-resisted|p2a: Excadrill
|-crit|p2a: Excadrill
|-damage|p2a: Excadrill|57/100
|move|p2a: Excadrill|Iron Head|p1a: Articuno
|-damage|p1a: Articuno|2/100
|
|upkeep
|turn|23
|
|t:|1758989644
|move|p1a: Articuno|Air Slash|p2a: Excadrill
|-resisted|p2a: Excadrill
|-damage|p2a: Excadrill|28/100
|cant|p2a: Excadrill|flinch
|
|upkeep
|turn|24
|
|t:|1758989648
|move|p1a: Articuno|Air Slash|p2a: Excadrill
|-resisted|p2a: Excadrill
|-damage|p2a: Excadrill|0 fnt
|faint|p2a: Excadrill
|
|win|sly_sunflower
|raw|sly_sunflower's rating: 1084 &rarr; <strong>1111</strong><br />(+27 for winning)
|raw|ch764's rating: 1077 &rarr; <strong>1056</strong><br />(-21 for losing)
|l|☆ch764
|player|p2|
|l|☆sly_sunflower
|player|p1|
