|j|☆Saito_21
|j|☆gigajinx
|t:|1759025305
|gametype|singles
|player|p1|Saito_21|cheren-gen5bw2|1151
|player|p2|gigajinx|169|1246
|gen|9
|tier|[Gen 9] OU
|rated|
|rule|HP Percentage Mod: HP is shown in percentages
|rule|Endless Battle Clause: Forcing endless battles is banned
|rule|Species Clause: Limit one of each Pokémon
|rule|OHKO Clause: OHKO moves are banned
|rule|Evasion Items Clause: Evasion items are banned
|rule|Evasion Moves Clause: Evasion moves are banned
|rule|Evasion Abilities Clause: Evasion abilities are banned
|rule|Sleep Moves Clause: Sleep-inducing moves are banned
|clearpoke
|poke|p1|Ceruledge, M|
|poke|p1|Porygon2|
|poke|p1|Gliscor, M|
|poke|p1|Greninja-*, M|
|poke|p1|Corviknight, M|
|poke|p1|Conkeldurr, F|
|poke|p2|Gardevoir, M|
|poke|p2|Great Tusk|
|poke|p2|Deoxys-Speed|
|poke|p2|Gholdengo|
|poke|p2|Zamazenta-*|
|poke|p2|Ceruledge, M|
|teampreview
|
|t:|1759025308
|teamsize|p1|6
|teamsize|p2|6
|start
|switch|p1a: Conkeldurr|Conkeldurr, F|100/100
|switch|p2a: Deoxys|Deoxys-Speed|100/100
|-ability|p2a: Deoxys|Pressure
|turn|1
|inactive|Battle timer is ON: inactive players will automatically lose when time's up. (requested by Saito_21)
|
|t:|1759025315
|switch|p1a: Porygon2|Porygon2|100/100
|move|p2a: Deoxys|Thunder Wave|p1a: Porygon2
|-status|p1a: Porygon2|par
|
|upkeep
|turn|2
|
|t:|1759025320
|move|p2a: Deoxys|Stealth Rock|p1a: Porygon2
|-sidestart|p1: Saito_21|move: Stealth Rock
|cant|p1a: Porygon2|par
|
|upkeep
|turn|3
|
|t:|1759025333
|move|p2a: Deoxys|Spikes|p1a: Porygon2
|-sidestart|p1: Saito_21|Spikes
|cant|p1a: Porygon2|par
|
|upkeep
|turn|4
|
|t:|1759025337
|move|p2a: Deoxys|Spikes|p1a: Porygon2
|-sidestart|p1: Saito_21|Spikes
|move|p1a: Porygon2|Ice Beam|p2a: Deoxys
|-damage|p2a: Deoxys|38/100
|
|upkeep
|turn|5
|
|t:|1759025341
|move|p2a: Deoxys|Spikes|p1a: Porygon2
|-sidestart|p1: Saito_21|Spikes
|move|p1a: Porygon2|Ice Beam|p2a: Deoxys
|-damage|p2a: Deoxys|0 fnt
|faint|p2a: Deoxys
|
|upkeep
|
|t:|1759025346
|switch|p2a: Gardevoir|Gardevoir, M|100/100
|-ability|p2a: Gardevoir|Analytic|Trace|[from] ability: Trace|[of] p1a: Porygon2
|turn|6
|
|t:|1759025349
|move|p2a: Gardevoir|Aura Sphere|p1a: Porygon2
|-supereffective|p1a: Porygon2
|-damage|p1a: Porygon2|68/100 par
|cant|p1a: Porygon2|par
|
|upkeep
|turn|7
|
|t:|1759025354
|move|p2a: Gardevoir|Aura Sphere|p1a: Porygon2
|-supereffective|p1a: Porygon2
|-damage|p1a: Porygon2|33/100 par
|move|p1a: Porygon2|Discharge|p2a: Gardevoir
|-damage|p2a: Gardevoir|75/100
|
|upkeep
|turn|8
|
|t:|1759025377
|move|p2a: Gardevoir|Draining Kiss|p1a: Porygon2
|-damage|p1a: Porygon2|15/100 par
|-heal|p2a: Gardevoir|92/100|[from] drain|[of] p1a: Porygon2
|cant|p1a: Porygon2|par
|
|upkeep
|turn|9
|
|t:|1759025382
|move|p2a: Gardevoir|Draining Kiss|p1a: Porygon2
|-damage|p1a: Porygon2|0 fnt
|-heal|p2a: Gardevoir|100/100|[from] drain|[of] p1a: Porygon2
|faint|p1a: Porygon2
|
|upkeep
|
|t:|1759025387
|switch|p1a: Corviknight|Corviknight, M|100/100
|-damage|p1a: Corviknight|88/100|[from] Stealth Rock
|turn|10
|
|t:|1759025396
|-terastallize|p2a: Gardevoir|Fighting
|move|p2a: Gardevoir|Mystical Fire|p1a: Corviknight
|-supereffective|p1a: Corviknight
|-damage|p1a: Corviknight|34/100
|-ability|p1a: Corviknight|Mirror Armor
|-unboost|p2a: Gardevoir|spa|1
|move|p1a: Corviknight|Defog|p2a: Gardevoir
|-unboost|p2a: Gardevoir|evasion|1
|-sideend|p1: Saito_21|Spikes|[from] move: Defog|[of] p1a: Corviknight
|-sideend|p1: Saito_21|Stealth Rock|[from] move: Defog|[of] p1a: Corviknight
|
|-heal|p1a: Corviknight|40/100|[from] item: Leftovers
|upkeep
|turn|11
|
|t:|1759025405
|switch|p1a: Greninja|Greninja, M|100/100
|move|p2a: Gardevoir|Mystical Fire|p1a: Greninja
|-resisted|p1a: Greninja
|-damage|p1a: Greninja|88/100
|-unboost|p1a: Greninja|spa|1
|
|upkeep
|turn|12
|
|t:|1759025414
|switch|p2a: Gholdengo|Gholdengo|100/100
|move|p1a: Greninja|Surf|p2a: Gholdengo
|-damage|p2a: Gholdengo|71/100
|
|upkeep
|turn|13
|
|t:|1759025423
|switch|p1a: Gliscor|Gliscor, M|100/100
|move|p2a: Gholdengo|Make It Rain|p1a: Gliscor
|-damage|p1a: Gliscor|6/100
|-unboost|p2a: Gholdengo|spa|1
|-damage|p2a: Gholdengo|61/100|[from] item: Life Orb
|
|-status|p1a: Gliscor|tox|[from] item: Toxic Orb
|upkeep
|turn|14
|
|t:|1759025430
|move|p2a: Gholdengo|Shadow Ball|p1a: Gliscor
|-damage|p1a: Gliscor|0 fnt
|faint|p1a: Gliscor
|-damage|p2a: Gholdengo|51/100|[from] item: Life Orb
|
|upkeep
|
|t:|1759025433
|switch|p1a: Greninja|Greninja, M|88/100
|turn|15
|
|t:|1759025440
|switch|p2a: Zamazenta|Zamazenta|100/100
|-ability|p2a: Zamazenta|Dauntless Shield|boost
|-boost|p2a: Zamazenta|def|1
|move|p1a: Greninja|Dark Pulse|p2a: Zamazenta
|-resisted|p2a: Zamazenta
|-damage|p2a: Zamazenta|87/100
|
|-heal|p2a: Zamazenta|93/100|[from] item: Leftovers
|upkeep
|turn|16
|
|t:|1759025454
|move|p2a: Zamazenta|Substitute|p2a: Zamazenta
|-start|p2a: Zamazenta|Substitute
|-damage|p2a: Zamazenta|68/100
|move|p1a: Greninja|Ice Beam|p2a: Zamazenta
|-activate|p2a: Zamazenta|move: Substitute|[damage]
|
|-heal|p2a: Zamazenta|74/100|[from] item: Leftovers
|upkeep
|turn|17
|
|t:|1759025463
|move|p2a: Zamazenta|Light Screen|p2a: Zamazenta
|-sidestart|p2: gigajinx|move: Light Screen
|move|p1a: Greninja|Ice Beam|p2a: Zamazenta
|-end|p2a: Zamazenta|Substitute
|
|-heal|p2a: Zamazenta|80/100|[from] item: Leftovers
|upkeep
|turn|18
|
|t:|1759025467
|move|p2a: Zamazenta|Substitute|p2a: Zamazenta
|-start|p2a: Zamazenta|Substitute
|-damage|p2a: Zamazenta|56/100
|move|p1a: Greninja|Sludge Wave|p2a: Zamazenta
|-activate|p2a: Zamazenta|move: Substitute|[damage]
|
|-heal|p2a: Zamazenta|62/100|[from] item: Leftovers
|upkeep
|turn|19
|
|t:|1759025471
|move|p2a: Zamazenta|Body Press|p1a: Greninja
|-supereffective|p1a: Greninja
|-damage|p1a: Greninja|0 fnt
|faint|p1a: Greninja
|
|-heal|p2a: Zamazenta|68/100|[from] item: Leftovers
|upkeep
|
|t:|1759025480
|switch|p1a: Corviknight|Corviknight, M|40/100
|turn|20
|
|t:|1759025483
|move|p2a: Zamazenta|Body Press|p1a: Corviknight
|-damage|p1a: Corviknight|12/100
|move|p1a: Corviknight|Body Press|p2a: Zamazenta
|-end|p2a: Zamazenta|Substitute
|
|-heal|p2a: Zamazenta|74/100|[from] item: Leftovers
|-heal|p1a: Corviknight|19/100|[from] item: Leftovers
|upkeep
|turn|21
|
|t:|1759025491
|move|p2a: Zamazenta|Body Press|p1a: Corviknight
|-damage|p1a: Corviknight|0 fnt
|faint|p1a: Corviknight
|
|-heal|p2a: Zamazenta|80/100|[from] item: Leftovers
|-sideend|p2: gigajinx|move: Light Screen
|upkeep
|
|t:|1759025494
|switch|p1a: Conkeldurr|Conkeldurr, F|100/100
|turn|22
|
|t:|1759025500
|move|p2a: Zamazenta|Body Press|p1a: Conkeldurr
|-damage|p1a: Conkeldurr|51/100
|move|p1a: Conkeldurr|Dynamic Punch|p2a: Zamazenta|[miss]
|-miss|p1a: Conkeldurr|p2a: Zamazenta
|-enditem|p1a: Conkeldurr|Blunder Policy
|-boost|p1a: Conkeldurr|spe|2
|
|-heal|p2a: Zamazenta|87/100|[from] item: Leftovers
|upkeep
|turn|23
|
|t:|1759025506
|move|p1a: Conkeldurr|Drain Punch|p2a: Zamazenta
|-damage|p2a: Zamazenta|62/100
|-heal|p1a: Conkeldurr|65/100|[from] drain|[of] p2a: Zamazenta
|move|p2a: Zamazenta|Body Press|p1a: Conkeldurr
|-damage|p1a: Conkeldurr|14/100
|
|-heal|p2a: Zamazenta|68/100|[from] item: Leftovers
|upkeep
|turn|24
|
|t:|1759025514
|move|p1a: Conkeldurr|Drain Punch|p2a: Zamazenta
|-damage|p2a: Zamazenta|40/100
|-heal|p1a: Conkeldurr|30/100|[from] drain|[of] p2a: Zamazenta
|move|p2a: Zamazenta|Body Press|p1a: Conkeldurr
|-damage|p1a: Conkeldurr|0 fnt
|faint|p1a: Conkeldurr
|
|-heal|p2a: Zamazenta|46/100|[from] item: Leftovers
|upkeep
|
|t:|1759025517
|switch|p1a: Ceruledge|Ceruledge, M|100/100
|turn|25
|
|t:|1759025525
|move|p2a: Zamazenta|Heavy Slam|p1a: Ceruledge
|-resisted|p1a: Ceruledge
|-damage|p1a: Ceruledge|88/100
|-ability|p1a: Ceruledge|Weak Armor|boost
|-unboost|p1a: Ceruledge|def|1
|-boost|p1a: Ceruledge|spe|2
|move|p1a: Ceruledge|Bitter Blade|p2a: Zamazenta
|-damage|p2a: Zamazenta|20/100
|-heal|p1a: Ceruledge|100/100|[from] drain|[of] p2a: Zamazenta
|
|-heal|p2a: Zamazenta|26/100|[from] item: Leftovers
|upkeep
|turn|26
|
|t:|1759025538
|move|p1a: Ceruledge|Swords Dance|p1a: Ceruledge
|-boost|p1a: Ceruledge|atk|2
|move|p2a: Zamazenta|Heavy Slam|p1a: Ceruledge
|-resisted|p1a: Ceruledge
|-damage|p1a: Ceruledge|81/100
|-ability|p1a: Ceruledge|Weak Armor|boost
|-unboost|p1a: Ceruledge|def|1
|-boost|p1a: Ceruledge|spe|2
|
|-heal|p2a: Zamazenta|33/100|[from] item: Leftovers
|upkeep
|turn|27
|
|t:|1759025546
|switch|p2a: Gholdengo|Gholdengo|51/100
|move|p1a: Ceruledge|Bitter Blade|p2a: Gholdengo
|-supereffective|p2a: Gholdengo
|-damage|p2a: Gholdengo|0 fnt
|-heal|p1a: Ceruledge|100/100|[from] drain|[of] p2a: Gholdengo
|faint|p2a: Gholdengo
|
|upkeep
|
|t:|1759025554
|switch|p2a: Gardevoir|Gardevoir, M, tera:Fighting|100/100
|-ability|p2a: Gardevoir|Weak Armor|Trace|[from] ability: Trace|[of] p1a: Ceruledge
|turn|28
|
|t:|1759025562
|move|p1a: Ceruledge|Poltergeist|p2a: Gardevoir
|-activate|p2a: Gardevoir|move: Poltergeist|Assault Vest
|-damage|p2a: Gardevoir|0 fnt
|faint|p2a: Gardevoir
|
|upkeep
|
|t:|1759025566
|switch|p2a: Great Tusk|Great Tusk|100/100
|-enditem|p2a: Great Tusk|Booster Energy
|-activate|p2a: Great Tusk|ability: Protosynthesis|[fromitem]
|-start|p2a: Great Tusk|protosynthesisatk
|turn|29
|
|t:|1759025573
|move|p1a: Ceruledge|Bitter Blade|p2a: Great Tusk
|-damage|p2a: Great Tusk|39/100
|move|p2a: Great Tusk|Earthquake|p1a: Ceruledge
|-supereffective|p1a: Ceruledge
|-enditem|p1a: Ceruledge|Focus Sash
|-damage|p1a: Ceruledge|1/100
|-ability|p1a: Ceruledge|Weak Armor|boost
|-unboost|p1a: Ceruledge|def|1
|-boost|p1a: Ceruledge|spe|2
|
|upkeep
|turn|30
|
|t:|1759025582
|move|p1a: Ceruledge|Bitter Blade|p2a: Great Tusk
|-damage|p2a: Great Tusk|0 fnt
|-heal|p1a: Ceruledge|26/100|[from] drain|[of] p2a: Great Tusk
|faint|p2a: Great Tusk
|-end|p2a: Great Tusk|Protosynthesis|[silent]
|
|upkeep
|
|t:|1759025585
|switch|p2a: Ceruledge|Ceruledge, M|100/100
|turn|31
|
|t:|1759025591
|move|p1a: Ceruledge|Poltergeist|p2a: Ceruledge
|-activate|p2a: Ceruledge|move: Poltergeist|Choice Scarf
|-supereffective|p2a: Ceruledge
|-damage|p2a: Ceruledge|0 fnt
|faint|p2a: Ceruledge
|
|upkeep
|
|t:|1759025596
|switch|p2a: Zamazenta|Zamazenta|33/100
|turn|32
|
|t:|1759025600
|move|p1a: Ceruledge|Bitter Blade|p2a: Zamazenta
|-damage|p2a: Zamazenta|0 fnt
|-heal|p1a: Ceruledge|47/100|[from] drain|[of] p2a: Zamazenta
|faint|p2a: Zamazenta
|
|win|Saito_21
|raw|Saito_21's rating: 1151 &rarr; <strong>1183</strong><br />(+32 for winning)
|raw|gigajinx's rating: 1246 &rarr; <strong>1214</strong><br />(-32 for losing)
