|j|☆jxrx
|j|☆uber-mom
|t:|1759003785
|gametype|singles
|player|p1|jxrx|norman|1573
|player|p2|uber-mom|lucas|1638
|gen|9
|tier|[Gen 9] OU
|rated|
|rule|HP Percentage Mod: HP is shown in percentages
|rule|Endless Battle Clause: Forcing endless battles is banned
|rule|Species Clause: Limit one of each Pokémon
|rule|OHKO Clause: OHKO moves are banned
|rule|Evasion Items Clause: Evasion items are banned
|rule|Evasion Moves Clause: Evasion moves are banned
|rule|Evasion Abilities Clause: Evasion abilities are banned
|rule|Sleep Moves Clause: Sleep-inducing moves are banned
|clearpoke
|poke|p1|Garganacl, F|
|poke|p1|Hoopa-Unbound|
|poke|p1|Dragapult, M|
|poke|p1|Vileplume, M|
|poke|p1|Scizor, M|
|poke|p1|Zoroark-Hisui, M|
|poke|p2|Kyurem|
|poke|p2|Dragonite, M|
|poke|p2|Hatterene, F|
|poke|p2|Ceruledge, M|
|poke|p2|Ninetales-Alola, F|
|poke|p2|Scizor, F|
|teampreview
|inactive|Battle timer is ON: inactive players will automatically lose when time's up. (requested by uber-mom)
|inactive|jxrx has 120 seconds left.
|inactive|jxrx has 90 seconds left.
|
|t:|1759003862
|teamsize|p1|6
|teamsize|p2|6
|start
|switch|p1a: Scizor|Scizor, M|100/100
|switch|p2a: Ninetales|Ninetales-Alola, F|100/100
|-weather|Snowscape|[from] ability: Snow Warning|[of] p2a: Ninetales
|turn|1
|inactive|uber-mom has 120 seconds left.
|
|t:|1759003902
|switch|p2a: Ceruledge|Ceruledge, M|100/100
|move|p1a: Scizor|Bullet Punch|p2a: Ceruledge
|-resisted|p2a: Ceruledge
|-damage|p2a: Ceruledge|65/100
|-ability|p2a: Ceruledge|Weak Armor|boost
|-unboost|p2a: Ceruledge|def|1
|-boost|p2a: Ceruledge|spe|2
|
|-weather|Snowscape|[upkeep]
|upkeep
|turn|2
|
|t:|1759003924
|-terastallize|p1a: Scizor|Steel
|move|p1a: Scizor|Bullet Punch|p2a: Ceruledge
|-resisted|p2a: Ceruledge
|-damage|p2a: Ceruledge|0 fnt
|faint|p2a: Ceruledge
|
|-weather|Snowscape|[upkeep]
|upkeep
|
|t:|1759003941
|switch|p2a: Dragonite|Dragonite, M|100/100
|turn|3
|
|t:|1759003946
|switch|p1a: Vileplume|Vileplume, M|100/100
|move|p2a: Dragonite|Dragon Dance|p2a: Dragonite
|-boost|p2a: Dragonite|atk|1
|-boost|p2a: Dragonite|spe|1
|
|-weather|Snowscape|[upkeep]
|upkeep
|turn|4
|
|t:|1759003952
|move|p2a: Dragonite|Dragon Dance|p2a: Dragonite
|-boost|p2a: Dragonite|atk|1
|-boost|p2a: Dragonite|spe|1
|move|p1a: Vileplume|Strength Sap|p2a: Dragonite
|-unboost|p2a: Dragonite|atk|1
|
|-weather|Snowscape|[upkeep]
|upkeep
|turn|5
|
|t:|1759003954
|move|p2a: Dragonite|Dragon Dance|p2a: Dragonite
|-boost|p2a: Dragonite|atk|1
|-boost|p2a: Dragonite|spe|1
|move|p1a: Vileplume|Leech Seed|p2a: Dragonite
|-start|p2a: Dragonite|move: Leech Seed
|
|-weather|none
|-damage|p2a: Dragonite|88/100|[from] Leech Seed|[of] p1a: Vileplume
|upkeep
|turn|6
|
|t:|1759003958
|move|p2a: Dragonite|Earthquake|p1a: Vileplume
|-damage|p1a: Vileplume|45/100
|move|p1a: Vileplume|Strength Sap|p2a: Dragonite
|-unboost|p2a: Dragonite|atk|1
|-heal|p1a: Vileplume|100/100
|
|-heal|p2a: Dragonite|94/100|[from] item: Leftovers
|-damage|p2a: Dragonite|82/100|[from] Leech Seed|[of] p1a: Vileplume
|upkeep
|turn|7
|
|t:|1759003984
|move|p2a: Dragonite|Dragon Dance|p2a: Dragonite
|-boost|p2a: Dragonite|atk|1
|-boost|p2a: Dragonite|spe|1
|move|p1a: Vileplume|Strength Sap|p2a: Dragonite
|-unboost|p2a: Dragonite|atk|1
|
|-heal|p2a: Dragonite|88/100|[from] item: Leftovers
|-damage|p2a: Dragonite|76/100|[from] Leech Seed|[of] p1a: Vileplume
|upkeep
|turn|8
|
|t:|1759003990
|move|p2a: Dragonite|Dragon Dance|p2a: Dragonite
|-boost|p2a: Dragonite|atk|1
|-boost|p2a: Dragonite|spe|1
|move|p1a: Vileplume|Sludge Wave|p2a: Dragonite
|-damage|p2a: Dragonite|43/100
|
|-heal|p2a: Dragonite|49/100|[from] item: Leftovers
|-damage|p2a: Dragonite|36/100|[from] Leech Seed|[of] p1a: Vileplume
|upkeep
|turn|9
|
|t:|1759003994
|move|p2a: Dragonite|Dragon Dance|p2a: Dragonite
|-boost|p2a: Dragonite|atk|1
|-boost|p2a: Dragonite|spe|1
|move|p1a: Vileplume|Strength Sap|p2a: Dragonite
|-unboost|p2a: Dragonite|atk|1
|
|-heal|p2a: Dragonite|43/100|[from] item: Leftovers
|-damage|p2a: Dragonite|30/100|[from] Leech Seed|[of] p1a: Vileplume
|upkeep
|turn|10
|
|t:|1759004001
|move|p2a: Dragonite|Roost|p2a: Dragonite
|-heal|p2a: Dragonite|80/100
|-singleturn|p2a: Dragonite|move: Roost
|move|p1a: Vileplume|Strength Sap|p2a: Dragonite
|-unboost|p2a: Dragonite|atk|1
|
|-heal|p2a: Dragonite|86/100|[from] item: Leftovers
|-damage|p2a: Dragonite|74/100|[from] Leech Seed|[of] p1a: Vileplume
|upkeep
|turn|11
|
|t:|1759004007
|move|p2a: Dragonite|Dragon Dance|p2a: Dragonite
|-boost|p2a: Dragonite|atk|1
|-boost|p2a: Dragonite|spe|0
|move|p1a: Vileplume|Sludge Wave|p2a: Dragonite
|-damage|p2a: Dragonite|39/100
|
|-heal|p2a: Dragonite|45/100|[from] item: Leftovers
|-damage|p2a: Dragonite|33/100|[from] Leech Seed|[of] p1a: Vileplume
|upkeep
|turn|12
|
|t:|1759004018
|move|p2a: Dragonite|Roost|p2a: Dragonite
|-heal|p2a: Dragonite|83/100
|-singleturn|p2a: Dragonite|move: Roost
|move|p1a: Vileplume|Sludge Wave|p2a: Dragonite
|-damage|p2a: Dragonite|50/100
|-status|p2a: Dragonite|psn
|
|-heal|p2a: Dragonite|56/100 psn|[from] item: Leftovers
|-damage|p2a: Dragonite|44/100 psn|[from] Leech Seed|[of] p1a: Vileplume
|-damage|p2a: Dragonite|31/100 psn|[from] psn
|upkeep
|turn|13
|
|t:|1759004029
|move|p2a: Dragonite|Earthquake|p1a: Vileplume
|-damage|p1a: Vileplume|40/100
|move|p1a: Vileplume|Strength Sap|p2a: Dragonite
|-unboost|p2a: Dragonite|atk|1
|-heal|p1a: Vileplume|100/100
|
|-heal|p2a: Dragonite|38/100 psn|[from] item: Leftovers
|-damage|p2a: Dragonite|25/100 psn|[from] Leech Seed|[of] p1a: Vileplume
|-damage|p2a: Dragonite|13/100 psn|[from] psn
|upkeep
|turn|14
|
|t:|1759004034
|move|p2a: Dragonite|Roost|p2a: Dragonite
|-heal|p2a: Dragonite|63/100 psn
|-singleturn|p2a: Dragonite|move: Roost
|move|p1a: Vileplume|Sludge Wave|p2a: Dragonite
|-damage|p2a: Dragonite|29/100 psn
|
|-heal|p2a: Dragonite|35/100 psn|[from] item: Leftovers
|-damage|p2a: Dragonite|23/100 psn|[from] Leech Seed|[of] p1a: Vileplume
|-damage|p2a: Dragonite|11/100 psn|[from] psn
|upkeep
|turn|15
|
|t:|1759004048
|move|p2a: Dragonite|Earthquake|p1a: Vileplume
|-damage|p1a: Vileplume|58/100
|move|p1a: Vileplume|Sludge Wave|p2a: Dragonite
|-damage|p2a: Dragonite|0 fnt
|faint|p2a: Dragonite
|
|upkeep
|
|t:|1759004054
|switch|p2a: Ninetales|Ninetales-Alola, F|100/100
|-weather|Snowscape|[from] ability: Snow Warning|[of] p2a: Ninetales
|turn|16
|
|t:|1759004068
|move|p2a: Ninetales|Aurora Veil|p2a: Ninetales
|-sidestart|p2: uber-mom|move: Aurora Veil
|move|p1a: Vileplume|Sludge Wave|p2a: Ninetales
|-supereffective|p2a: Ninetales
|-damage|p2a: Ninetales|68/100
|
|-weather|Snowscape|[upkeep]
|upkeep
|turn|17
|
|t:|1759004076
|switch|p1a: Garganacl|Garganacl, F|100/100
|move|p2a: Ninetales|Encore||[still]
|-fail|p2a: Ninetales
|
|-weather|Snowscape|[upkeep]
|upkeep
|turn|18
|inactive|jxrx has 120 seconds left.
|inactive|jxrx has 90 seconds left.
|
|t:|1759004146
|switch|p2a: Kyurem|Kyurem, shiny|100/100
|-ability|p2a: Kyurem|Pressure
|move|p1a: Garganacl|Salt Cure|p2a: Kyurem
|-supereffective|p2a: Kyurem
|-damage|p2a: Kyurem|91/100
|-start|p2a: Kyurem|Salt Cure
|
|-weather|Snowscape|[upkeep]
|-damage|p2a: Kyurem|79/100|[from] Salt Cure
|upkeep
|turn|19
|inactive|jxrx has 90 seconds left.
|
|t:|1759004163
|move|p1a: Garganacl|Protect|p1a: Garganacl
|-singleturn|p1a: Garganacl|Protect
|move|p2a: Kyurem|Dragon Dance|p2a: Kyurem
|-boost|p2a: Kyurem|atk|1
|-boost|p2a: Kyurem|spe|1
|
|-weather|Snowscape|[upkeep]
|-damage|p2a: Kyurem|67/100|[from] Salt Cure
|upkeep
|turn|20
|
|t:|1759004166
|move|p2a: Kyurem|Dragon Dance|p2a: Kyurem
|-boost|p2a: Kyurem|atk|1
|-boost|p2a: Kyurem|spe|1
|move|p1a: Garganacl|Stealth Rock|p2a: Kyurem
|-sidestart|p2: uber-mom|move: Stealth Rock
|
|-weather|none
|-damage|p2a: Kyurem|54/100|[from] Salt Cure
|upkeep
|turn|21
|
|t:|1759004173
|move|p2a: Kyurem|Dragon Dance|p2a: Kyurem
|-boost|p2a: Kyurem|atk|1
|-boost|p2a: Kyurem|spe|1
|move|p1a: Garganacl|Salt Cure|p2a: Kyurem
|-supereffective|p2a: Kyurem
|-damage|p2a: Kyurem|42/100
|
|-damage|p2a: Kyurem|30/100|[from] Salt Cure
|upkeep
|turn|22
|
|t:|1759004177
|move|p2a: Kyurem|Scale Shot|p1a: Garganacl
|-damage|p1a: Garganacl|80/100
|-damage|p1a: Garganacl|58/100
|-damage|p1a: Garganacl|37/100
|-damage|p1a: Garganacl|17/100
|-damage|p1a: Garganacl|0 fnt
|faint|p1a: Garganacl
|-hitcount|p1: Garganacl|5
|-unboost|p2a: Kyurem|def|1
|-boost|p2a: Kyurem|spe|1
|
|-damage|p2a: Kyurem|18/100|[from] Salt Cure
|upkeep
|
|t:|1759004187
|switch|p1a: Scizor|Scizor, M, tera:Steel|100/100
|turn|23
|
|t:|1759004192
|switch|p2a: Scizor|Scizor, F|100/100
|move|p1a: Scizor|Bullet Punch|p2a: Scizor
|-resisted|p2a: Scizor
|-damage|p2a: Scizor|84/100
|
|-sideend|p2: uber-mom|move: Aurora Veil
|upkeep
|turn|24
|
|t:|1759004214
|switch|p1a: Vileplume|Vileplume, M|58/100
|move|p2a: Scizor|Defog|p1a: Vileplume
|-unboost|p1a: Vileplume|evasion|1
|-sideend|p2: uber-mom|Stealth Rock|[from] move: Defog|[of] p2a: Scizor
|
|upkeep
|turn|25
|
|t:|1759004229
|move|p2a: Scizor|U-turn|p1a: Vileplume
|-crit|p1a: Vileplume
|-damage|p1a: Vileplume|11/100
|-damage|p2a: Scizor|68/100|[from] item: Rocky Helmet|[of] p1a: Vileplume
|
|t:|1759004230
|switch|p2a: Ninetales|Ninetales-Alola, F|68/100|[from] U-turn
|-weather|Snowscape|[from] ability: Snow Warning|[of] p2a: Ninetales
|move|p1a: Vileplume|Strength Sap|p2a: Ninetales
|-unboost|p2a: Ninetales|atk|1
|-heal|p1a: Vileplume|46/100
|
|-weather|Snowscape|[upkeep]
|upkeep
|turn|26
|
|t:|1759004243
|move|p2a: Ninetales|Aurora Veil|p2a: Ninetales
|-sidestart|p2: uber-mom|move: Aurora Veil
|move|p1a: Vileplume|Sludge Wave|p2a: Ninetales
|-supereffective|p2a: Ninetales
|-damage|p2a: Ninetales|30/100
|
|-weather|Snowscape|[upkeep]
|upkeep
|turn|27
|
|t:|1759004251
|switch|p2a: Scizor|Scizor, F|68/100
|move|p1a: Vileplume|Leech Seed|p2a: Scizor
|-start|p2a: Scizor|move: Leech Seed
|
|-weather|Snowscape|[upkeep]
|-damage|p2a: Scizor|55/100|[from] Leech Seed|[of] p1a: Vileplume
|-heal|p1a: Vileplume|58/100|[silent]
|upkeep
|turn|28
|
|t:|1759004253
|move|p2a: Scizor|U-turn|p1a: Vileplume
|-damage|p1a: Vileplume|27/100
|-damage|p2a: Scizor|39/100|[from] item: Rocky Helmet|[of] p1a: Vileplume
|
|t:|1759004256
|switch|p2a: Hatterene|Hatterene, F, shiny|100/100|[from] U-turn
|move|p1a: Vileplume|Strength Sap|p2a: Hatterene
|move|p2a: Hatterene|Strength Sap|p1a: Vileplume|[from] ability: Magic Bounce
|-unboost|p1a: Vileplume|atk|1
|
|-weather|Snowscape|[upkeep]
|upkeep
|turn|29
|
|t:|1759004261
|move|p1a: Vileplume|Sludge Wave|p2a: Hatterene
|-supereffective|p2a: Hatterene
|-damage|p2a: Hatterene|63/100
|move|p2a: Hatterene|Psychic Noise|p1a: Vileplume
|-supereffective|p1a: Vileplume
|-damage|p1a: Vileplume|0 fnt
|faint|p1a: Vileplume
|
|-weather|none
|-heal|p2a: Hatterene|69/100|[from] item: Leftovers
|upkeep
|
|t:|1759004265
|switch|p1a: Hoopa|Hoopa-Unbound|100/100
|turn|30
|
|t:|1759004271
|-terastallize|p2a: Hatterene|Water
|move|p1a: Hoopa|Knock Off|p2a: Hatterene
|-damage|p2a: Hatterene|50/100
|-enditem|p2a: Hatterene|Leftovers|[from] move: Knock Off|[of] p1a: Hoopa
|move|p2a: Hatterene|Calm Mind|p2a: Hatterene
|-boost|p2a: Hatterene|spa|1
|-boost|p2a: Hatterene|spd|1
|
|upkeep
|turn|31
|
|t:|1759004277
|move|p1a: Hoopa|Psychic Noise|p2a: Hatterene
|-damage|p2a: Hatterene|32/100
|-start|p2a: Hatterene|move: Heal Block
|cant|p2a: Hatterene|move: Heal Block|Draining Kiss
|
|upkeep
|turn|32
|
|t:|1759004286
|switch|p2a: Ninetales|Ninetales-Alola, F|30/100
|-weather|Snowscape|[from] ability: Snow Warning|[of] p2a: Ninetales
|move|p1a: Hoopa|Thunderbolt|p2a: Ninetales
|-damage|p2a: Ninetales|12/100
|
|-weather|Snowscape|[upkeep]
|upkeep
|turn|33
|
|t:|1759004291
|move|p2a: Ninetales|Freeze-Dry|p1a: Hoopa
|-damage|p1a: Hoopa|91/100
|move|p1a: Hoopa|Psychic Noise|p2a: Ninetales
|-damage|p2a: Ninetales|0 fnt
|faint|p2a: Ninetales
|
|-weather|Snowscape|[upkeep]
|-sideend|p2: uber-mom|move: Aurora Veil
|upkeep
|
|t:|1759004293
|switch|p2a: Scizor|Scizor, F|39/100
|turn|34
|inactive|jxrx has 120 seconds left.
|
|t:|1759004334
|switch|p1a: Scizor|Scizor, M, tera:Steel|100/100
|move|p2a: Scizor|U-turn|p1a: Scizor
|-resisted|p1a: Scizor
|-damage|p1a: Scizor|80/100
|
|t:|1759004338
|switch|p2a: Kyurem|Kyurem, shiny|18/100|[from] U-turn
|-ability|p2a: Kyurem|Pressure
|
|-weather|Snowscape|[upkeep]
|upkeep
|turn|35
|
|t:|1759004342
|move|p1a: Scizor|Bullet Punch|p2a: Kyurem
|-supereffective|p2a: Kyurem
|-damage|p2a: Kyurem|0 fnt
|faint|p2a: Kyurem
|
|-weather|Snowscape|[upkeep]
|upkeep
|
|t:|1759004344
|switch|p2a: Scizor|Scizor, F|39/100
|turn|36
|inactive|jxrx has 120 seconds left.
|
|t:|1759004370
|switch|p1a: Hoopa|Hoopa-Unbound|100/100
|move|p2a: Scizor|Close Combat|p1a: Hoopa
|-immune|p1a: Hoopa
|
|-weather|none
|upkeep
|turn|37
|inactive|jxrx has 120 seconds left.
|
|t:|1759004382
|move|p2a: Scizor|Bullet Punch|p1a: Hoopa
|-damage|p1a: Hoopa|36/100
|replace|p1a: Zoroark|Zoroark-Hisui, M
|-end|p1a: Zoroark|Illusion
|move|p1a: Zoroark|Hyper Voice|p2a: Scizor
|-resisted|p2a: Scizor
|-damage|p2a: Scizor|0 fnt
|faint|p2a: Scizor
|
|upkeep
|
|t:|1759004386
|switch|p2a: Hatterene|Hatterene, F, shiny, tera:Water|32/100
|turn|38
|
|t:|1759004389
|move|p1a: Zoroark|Hyper Voice|p2a: Hatterene
|-damage|p2a: Hatterene|0 fnt
|faint|p2a: Hatterene
|
|win|jxrx
|raw|jxrx's rating: 1573 &rarr; <strong>1597</strong><br />(+24 for winning)
|raw|uber-mom's rating: 1638 &rarr; <strong>1614</strong><br />(-24 for losing)
|l|☆jxrx
|player|p1|
|l|☆uber-mom
|player|p2|
