|j|☆yoke tv
|j|☆satoshi4life
|t:|1759050764
|gametype|singles
|player|p1|yoke tv|1|1465
|player|p2|satoshi4life|265|1549
|gen|9
|tier|[Gen 9] OU
|rated|
|rule|HP Percentage Mod: HP is shown in percentages
|rule|Endless Battle Clause: Forcing endless battles is banned
|rule|Species Clause: Limit one of each Pokémon
|rule|OHKO Clause: OHKO moves are banned
|rule|Evasion Items Clause: Evasion items are banned
|rule|Evasion Moves Clause: Evasion moves are banned
|rule|Evasion Abilities Clause: Evasion abilities are banned
|rule|Sleep Moves Clause: Sleep-inducing moves are banned
|clearpoke
|poke|p1|Ogerpon, F|
|poke|p1|Okidogi, M|
|poke|p1|Ting-Lu|
|poke|p1|Iron Treads|
|poke|p1|Raging Bolt|
|poke|p1|Pecharunt|
|poke|p2|Gholdengo|
|poke|p2|Iron Treads|
|poke|p2|Moltres|
|poke|p2|Samurott-Hisui, F|
|poke|p2|Sinistcha|
|poke|p2|Ting-Lu|
|teampreview
|
|t:|1759050831
|teamsize|p1|6
|teamsize|p2|6
|start
|switch|p1a: Ogerpon|Ogerpon, F|100/100
|switch|p2a: Moltres|Moltres|100/100
|turn|1
|inactive|Battle timer is ON: inactive players will automatically lose when time's up. (requested by satoshi4life)
|
|t:|1759050849
|switch|p1a: Raging Bolt|Raging Bolt|100/100
|move|p2a: Moltres|Will-O-Wisp|p1a: Raging Bolt
|-status|p1a: Raging Bolt|brn
|
|-damage|p1a: Raging Bolt|94/100 brn|[from] brn
|upkeep
|turn|2
|
|t:|1759050860
|switch|p2a: Ting-Lu|Ting-Lu|100/100
|-ability|p2a: Ting-Lu|Vessel of Ruin
|move|p1a: Raging Bolt|Taunt|p2a: Ting-Lu
|-start|p2a: Ting-Lu|move: Taunt
|
|-damage|p1a: Raging Bolt|88/100 brn|[from] brn
|upkeep
|turn|3
|
|t:|1759050866
|-end|p1a: Raging Bolt|Protosynthesis|[silent]
|switch|p1a: Ogerpon|Ogerpon, F|100/100
|move|p2a: Ting-Lu|Ruination|p1a: Ogerpon
|-damage|p1a: Ogerpon|51/100
|
|upkeep
|turn|4
|
|t:|1759050869
|switch|p2a: Moltres|Moltres|100/100
|move|p1a: Ogerpon|Knock Off|p2a: Moltres
|-damage|p2a: Moltres|78/100
|-status|p1a: Ogerpon|brn|[from] ability: Flame Body|[of] p2a: Moltres
|-enditem|p2a: Moltres|Heavy-Duty Boots|[from] move: Knock Off|[of] p1a: Ogerpon
|
|-damage|p1a: Ogerpon|45/100 brn|[from] brn
|upkeep
|turn|5
|
|t:|1759050873
|move|p1a: Ogerpon|U-turn|p2a: Moltres
|-resisted|p2a: Moltres
|-damage|p2a: Moltres|76/100
|
|t:|1759050880
|switch|p1a: Pecharunt|Pecharunt|100/100|[from] U-turn
|move|p2a: Moltres|U-turn|p1a: Pecharunt
|-resisted|p1a: Pecharunt
|-damage|p1a: Pecharunt|99/100
|
|t:|1759050907
|switch|p2a: Gholdengo|Gholdengo|100/100|[from] U-turn
|
|upkeep
|turn|6
|
|t:|1759050911
|switch|p1a: Ting-Lu|Ting-Lu|100/100
|-ability|p1a: Ting-Lu|Vessel of Ruin
|move|p2a: Gholdengo|Make It Rain|p1a: Ting-Lu
|-damage|p1a: Ting-Lu|62/100
|-unboost|p2a: Gholdengo|spa|1
|
|-heal|p1a: Ting-Lu|69/100|[from] item: Leftovers
|upkeep
|turn|7
|
|t:|1759050920
|switch|p2a: Moltres|Moltres|76/100
|move|p1a: Ting-Lu|Ruination|p2a: Moltres
|-damage|p2a: Moltres|38/100
|
|-heal|p1a: Ting-Lu|75/100|[from] item: Leftovers
|upkeep
|turn|8
|
|t:|1759050922
|switch|p1a: Raging Bolt|Raging Bolt|88/100 brn
|move|p2a: Moltres|Will-O-Wisp|p1a: Raging Bolt
|-fail|p1a: Raging Bolt|brn
|
|-damage|p1a: Raging Bolt|82/100 brn|[from] brn
|upkeep
|turn|9
|
|t:|1759050928
|switch|p2a: Ting-Lu|Ting-Lu|100/100
|-ability|p2a: Ting-Lu|Vessel of Ruin
|move|p1a: Raging Bolt|Taunt|p2a: Ting-Lu
|-start|p2a: Ting-Lu|move: Taunt
|
|-damage|p1a: Raging Bolt|76/100 brn|[from] brn
|upkeep
|turn|10
|
|t:|1759050935
|-end|p1a: Raging Bolt|Protosynthesis|[silent]
|switch|p1a: Ting-Lu|Ting-Lu|75/100
|-ability|p1a: Ting-Lu|Vessel of Ruin
|switch|p2a: Moltres|Moltres|38/100
|
|-heal|p1a: Ting-Lu|81/100|[from] item: Leftovers
|upkeep
|turn|11
|
|t:|1759050957
|switch|p1a: Raging Bolt|Raging Bolt|76/100 brn
|move|p2a: Moltres|Roost|p2a: Moltres
|-heal|p2a: Moltres|88/100
|-singleturn|p2a: Moltres|move: Roost
|
|-damage|p1a: Raging Bolt|70/100 brn|[from] brn
|upkeep
|turn|12
|
|t:|1759050961
|move|p1a: Raging Bolt|Taunt|p2a: Moltres
|-start|p2a: Moltres|move: Taunt
|move|p2a: Moltres|U-turn|p1a: Raging Bolt
|-damage|p1a: Raging Bolt|57/100 brn
|
|t:|1759050964
|switch|p2a: Ting-Lu|Ting-Lu|100/100|[from] U-turn
|-ability|p2a: Ting-Lu|Vessel of Ruin
|
|-damage|p1a: Raging Bolt|51/100 brn|[from] brn
|upkeep
|turn|13
|
|t:|1759050979
|-end|p1a: Raging Bolt|Protosynthesis|[silent]
|switch|p1a: Ting-Lu|Ting-Lu|81/100
|-ability|p1a: Ting-Lu|Vessel of Ruin
|move|p2a: Ting-Lu|Stealth Rock|p1a: Ting-Lu
|-sidestart|p1: yoke tv|move: Stealth Rock
|
|-heal|p1a: Ting-Lu|87/100|[from] item: Leftovers
|upkeep
|turn|14
|
|t:|1759050986
|switch|p2a: Moltres|Moltres|88/100
|move|p1a: Ting-Lu|Spikes|p2a: Moltres
|-sidestart|p2: satoshi4life|Spikes
|
|-heal|p1a: Ting-Lu|93/100|[from] item: Leftovers
|upkeep
|turn|15
|
|t:|1759050990
|switch|p1a: Raging Bolt|Raging Bolt|51/100 brn
|move|p2a: Moltres|Will-O-Wisp|p1a: Raging Bolt
|-fail|p1a: Raging Bolt|brn
|
|-damage|p1a: Raging Bolt|44/100 brn|[from] brn
|upkeep
|turn|16
|
|t:|1759050994
|switch|p2a: Iron Treads|Iron Treads|100/100
|-damage|p2a: Iron Treads|88/100|[from] Spikes
|move|p1a: Raging Bolt|Volt Switch|p2a: Iron Treads
|-immune|p2a: Iron Treads
|
|-damage|p1a: Raging Bolt|38/100 brn|[from] brn
|upkeep
|turn|17
|
|t:|1759051003
|move|p2a: Iron Treads|Earthquake|p1a: Raging Bolt
|-supereffective|p1a: Raging Bolt
|-damage|p1a: Raging Bolt|0 fnt
|faint|p1a: Raging Bolt
|-end|p1a: Raging Bolt|Protosynthesis|[silent]
|
|upkeep
|
|t:|1759051006
|switch|p1a: Iron Treads|Iron Treads|100/100
|-damage|p1a: Iron Treads|97/100|[from] Stealth Rock
|-item|p1a: Iron Treads|Air Balloon
|turn|18
|
|t:|1759051011
|move|p1a: Iron Treads|Earthquake|p2a: Iron Treads
|-supereffective|p2a: Iron Treads
|-damage|p2a: Iron Treads|22/100
|move|p2a: Iron Treads|Rapid Spin|p1a: Iron Treads
|-resisted|p1a: Iron Treads
|-damage|p1a: Iron Treads|92/100
|-boost|p2a: Iron Treads|spe|1
|-enditem|p1a: Iron Treads|Air Balloon
|-sideend|p2: satoshi4life|Spikes|[from] move: Rapid Spin|[of] p2a: Iron Treads
|
|upkeep
|turn|19
|
|t:|1759051017
|move|p2a: Iron Treads|Earthquake|p1a: Iron Treads
|-supereffective|p1a: Iron Treads
|-damage|p1a: Iron Treads|24/100
|move|p1a: Iron Treads|Rapid Spin|p2a: Iron Treads
|-resisted|p2a: Iron Treads
|-damage|p2a: Iron Treads|16/100
|-boost|p1a: Iron Treads|spe|1
|-sideend|p1: yoke tv|Stealth Rock|[from] move: Rapid Spin|[of] p1a: Iron Treads
|
|upkeep
|turn|20
|
|t:|1759051031
|-end|p2a: Iron Treads|Quark Drive|[silent]
|switch|p2a: Moltres|Moltres|88/100
|move|p1a: Iron Treads|Earthquake|p2a: Moltres
|-immune|p2a: Moltres
|
|upkeep
|turn|21
|
|t:|1759051061
|move|p1a: Iron Treads|Stealth Rock|p2a: Moltres
|-sidestart|p2: satoshi4life|move: Stealth Rock
|move|p2a: Moltres|Flamethrower|p1a: Iron Treads
|-supereffective|p1a: Iron Treads
|-damage|p1a: Iron Treads|0 fnt
|faint|p1a: Iron Treads
|-end|p1a: Iron Treads|Quark Drive|[silent]
|
|upkeep
|
|t:|1759051066
|switch|p1a: Pecharunt|Pecharunt|99/100
|turn|22
|
|t:|1759051070
|move|p1a: Pecharunt|Parting Shot|p2a: Moltres
|-unboost|p2a: Moltres|atk|1
|-unboost|p2a: Moltres|spa|1
|
|t:|1759051087
|switch|p1a: Ogerpon|Ogerpon, F|45/100 brn|[from] Parting Shot
|move|p2a: Moltres|Will-O-Wisp|p1a: Ogerpon
|-fail|p1a: Ogerpon|brn
|
|-damage|p1a: Ogerpon|39/100 brn|[from] brn
|upkeep
|turn|23
|
|t:|1759051098
|move|p1a: Ogerpon|Encore|p2a: Moltres
|-start|p2a: Moltres|Encore
|move|p2a: Moltres|Will-O-Wisp|p1a: Ogerpon
|-fail|p1a: Ogerpon|brn
|
|-damage|p1a: Ogerpon|33/100 brn|[from] brn
|upkeep
|turn|24
|
|t:|1759051114
|move|p1a: Ogerpon|Knock Off|p2a: Moltres
|-damage|p2a: Moltres|81/100
|move|p2a: Moltres|Will-O-Wisp|p1a: Ogerpon
|-fail|p1a: Ogerpon|brn
|
|-damage|p1a: Ogerpon|27/100 brn|[from] brn
|upkeep
|turn|25
|
|t:|1759051128
|move|p1a: Ogerpon|Knock Off|p2a: Moltres
|-damage|p2a: Moltres|74/100
|move|p2a: Moltres|Will-O-Wisp|p1a: Ogerpon
|-fail|p1a: Ogerpon|brn
|
|-damage|p1a: Ogerpon|21/100 brn|[from] brn
|-end|p2a: Moltres|Encore
|upkeep
|turn|26
|
|t:|1759051151
|move|p1a: Ogerpon|Encore|p2a: Moltres
|-start|p2a: Moltres|Encore
|move|p2a: Moltres|Will-O-Wisp|p1a: Ogerpon
|-fail|p1a: Ogerpon|brn
|
|-damage|p1a: Ogerpon|15/100 brn|[from] brn
|upkeep
|turn|27
|
|t:|1759051178
|move|p1a: Ogerpon|U-turn|p2a: Moltres
|-resisted|p2a: Moltres
|-damage|p2a: Moltres|72/100
|
|t:|1759051187
|switch|p1a: Pecharunt|Pecharunt|99/100|[from] U-turn
|move|p2a: Moltres|Will-O-Wisp|p1a: Pecharunt
|-status|p1a: Pecharunt|brn
|
|-damage|p1a: Pecharunt|93/100 brn|[from] brn
|upkeep
|turn|28
|
|t:|1759051203
|move|p1a: Pecharunt|Malignant Chain|p2a: Moltres
|-damage|p2a: Moltres|38/100
|move|p2a: Moltres|Will-O-Wisp|p1a: Pecharunt
|-fail|p1a: Pecharunt|brn
|
|-damage|p1a: Pecharunt|87/100 brn|[from] brn
|-end|p2a: Moltres|Encore
|upkeep
|turn|29
|
|t:|1759051210
|move|p1a: Pecharunt|Parting Shot|p2a: Moltres
|-unboost|p2a: Moltres|atk|1
|-unboost|p2a: Moltres|spa|1
|
|t:|1759051213
|switch|p1a: Ogerpon|Ogerpon, F|15/100 brn|[from] Parting Shot
|move|p2a: Moltres|Roost|p2a: Moltres
|-heal|p2a: Moltres|88/100
|-singleturn|p2a: Moltres|move: Roost
|
|-damage|p1a: Ogerpon|9/100 brn|[from] brn
|upkeep
|turn|30
|inactive|satoshi4life has 120 seconds left.
|
|t:|1759051242
|move|p1a: Ogerpon|Encore|p2a: Moltres
|-start|p2a: Moltres|Encore
|move|p2a: Moltres|Roost|p2a: Moltres
|-heal|p2a: Moltres|100/100
|-singleturn|p2a: Moltres|move: Roost
|
|-damage|p1a: Ogerpon|3/100 brn|[from] brn
|upkeep
|turn|31
|
|t:|1759051251
|move|p1a: Ogerpon|U-turn|p2a: Moltres
|-resisted|p2a: Moltres
|-damage|p2a: Moltres|99/100
|
|t:|1759051253
|switch|p1a: Pecharunt|Pecharunt|87/100 brn|[from] U-turn
|move|p2a: Moltres|Roost|p2a: Moltres
|-heal|p2a: Moltres|100/100
|-singleturn|p2a: Moltres|move: Roost
|
|-damage|p1a: Pecharunt|81/100 brn|[from] brn
|upkeep
|turn|32
|inactive|satoshi4life has 120 seconds left.
|
|t:|1759051274
|move|p1a: Pecharunt|Malignant Chain|p2a: Moltres
|-damage|p2a: Moltres|71/100
|-status|p2a: Moltres|tox
|-start|p2a: Moltres|confusion|[from] ability: Poison Puppeteer|[of] p1a: Pecharunt
|-activate|p2a: Moltres|confusion
|move|p2a: Moltres|Roost|p2a: Moltres
|-heal|p2a: Moltres|100/100 tox
|-singleturn|p2a: Moltres|move: Roost
|
|-damage|p2a: Moltres|94/100 tox|[from] psn
|-damage|p1a: Pecharunt|75/100 brn|[from] brn
|-end|p2a: Moltres|Encore
|upkeep
|turn|33
|
|t:|1759051290
|move|p1a: Pecharunt|Malignant Chain|p2a: Moltres
|-damage|p2a: Moltres|65/100 tox
|-activate|p2a: Moltres|confusion
|-damage|p2a: Moltres|62/100 tox|[from] confusion
|
|-damage|p2a: Moltres|50/100 tox|[from] psn
|-damage|p1a: Pecharunt|69/100 brn|[from] brn
|upkeep
|turn|34
|inactive|satoshi4life has 120 seconds left.
|
|t:|1759051327
|move|p1a: Pecharunt|Recover|p1a: Pecharunt
|-heal|p1a: Pecharunt|100/100 brn
|-end|p2a: Moltres|confusion
|move|p2a: Moltres|U-turn|p1a: Pecharunt
|-resisted|p1a: Pecharunt
|-damage|p1a: Pecharunt|99/100 brn
|
|t:|1759051333
|switch|p2a: Samurott|Samurott-Hisui, F|100/100|[from] U-turn
|-damage|p2a: Samurott|88/100|[from] Stealth Rock
|
|-damage|p1a: Pecharunt|94/100 brn|[from] brn
|upkeep
|turn|35
|
|t:|1759051338
|move|p2a: Samurott|Ceaseless Edge|p1a: Pecharunt|[miss]
|-miss|p2a: Samurott|p1a: Pecharunt
|move|p1a: Pecharunt|Malignant Chain|p2a: Samurott
|-damage|p2a: Samurott|44/100
|-status|p2a: Samurott|tox
|-start|p2a: Samurott|confusion|[from] ability: Poison Puppeteer|[of] p1a: Pecharunt
|
|-damage|p2a: Samurott|38/100 tox|[from] psn
|-damage|p1a: Pecharunt|88/100 brn|[from] brn
|upkeep
|turn|36
|
|t:|1759051342
|-activate|p2a: Samurott|confusion
|move|p2a: Samurott|Ceaseless Edge|p1a: Pecharunt
|-supereffective|p1a: Pecharunt
|-damage|p1a: Pecharunt|46/100 brn
|-sidestart|p1: yoke tv|Spikes
|move|p1a: Pecharunt|Malignant Chain|p2a: Samurott
|-damage|p2a: Samurott|0 fnt
|faint|p2a: Samurott
|
|-damage|p1a: Pecharunt|40/100 brn|[from] brn
|upkeep
|inactive|satoshi4life has 120 seconds left.
|
|t:|1759051370
|switch|p2a: Gholdengo|Gholdengo|100/100
|-damage|p2a: Gholdengo|94/100|[from] Stealth Rock
|turn|37
|
|t:|1759051378
|switch|p1a: Ting-Lu|Ting-Lu|93/100
|-damage|p1a: Ting-Lu|81/100|[from] Spikes
|-ability|p1a: Ting-Lu|Vessel of Ruin
|move|p2a: Gholdengo|Make It Rain|p1a: Ting-Lu
|-damage|p1a: Ting-Lu|47/100
|-unboost|p2a: Gholdengo|spa|1
|
|-heal|p1a: Ting-Lu|53/100|[from] item: Leftovers
|upkeep
|turn|38
|
|t:|1759051394
|switch|p2a: Iron Treads|Iron Treads|16/100
|-damage|p2a: Iron Treads|13/100|[from] Stealth Rock
|move|p1a: Ting-Lu|Ruination|p2a: Iron Treads
|-damage|p2a: Iron Treads|7/100
|
|-heal|p1a: Ting-Lu|60/100|[from] item: Leftovers
|upkeep
|turn|39
|
|t:|1759051415
|move|p2a: Iron Treads|Rapid Spin|p1a: Ting-Lu
|-damage|p1a: Ting-Lu|53/100
|-boost|p2a: Iron Treads|spe|1
|-sideend|p2: satoshi4life|Stealth Rock|[from] move: Rapid Spin|[of] p2a: Iron Treads
|move|p1a: Ting-Lu|Earthquake|p2a: Iron Treads
|-supereffective|p2a: Iron Treads
|-damage|p2a: Iron Treads|0 fnt
|faint|p2a: Iron Treads
|-end|p2a: Iron Treads|Quark Drive|[silent]
|
|-heal|p1a: Ting-Lu|59/100|[from] item: Leftovers
|upkeep
|inactive|satoshi4life has 90 seconds left.
|
|t:|1759051443
|switch|p2a: Sinistcha|Sinistcha|100/100
|turn|40
|
|t:|1759051452
|move|p2a: Sinistcha|Calm Mind|p2a: Sinistcha
|-boost|p2a: Sinistcha|spa|1
|-boost|p2a: Sinistcha|spd|1
|move|p1a: Ting-Lu|Whirlwind|p2a: Sinistcha
|drag|p2a: Ting-Lu|Ting-Lu|100/100
|-ability|p2a: Ting-Lu|Vessel of Ruin
|
|-heal|p1a: Ting-Lu|66/100|[from] item: Leftovers
|upkeep
|turn|41
|
|t:|1759051468
|move|p2a: Ting-Lu|Stealth Rock|p1a: Ting-Lu
|-sidestart|p1: yoke tv|move: Stealth Rock
|move|p1a: Ting-Lu|Ruination|p2a: Ting-Lu
|-damage|p2a: Ting-Lu|50/100
|
|-heal|p1a: Ting-Lu|72/100|[from] item: Leftovers
|-heal|p2a: Ting-Lu|57/100|[from] item: Leftovers
|upkeep
|turn|42
|
|t:|1759051488
|move|p2a: Ting-Lu|Ruination|p1a: Ting-Lu
|-damage|p1a: Ting-Lu|36/100
|move|p1a: Ting-Lu|Spikes|p2a: Ting-Lu
|-sidestart|p2: satoshi4life|Spikes
|
|-heal|p1a: Ting-Lu|43/100|[from] item: Leftovers
|-heal|p2a: Ting-Lu|63/100|[from] item: Leftovers
|upkeep
|turn|43
|inactive|satoshi4life has 90 seconds left.
|
|t:|1759051518
|move|p2a: Ting-Lu|Earthquake|p1a: Ting-Lu
|-damage|p1a: Ting-Lu|22/100
|move|p1a: Ting-Lu|Ruination|p2a: Ting-Lu
|-damage|p2a: Ting-Lu|32/100
|
|-heal|p1a: Ting-Lu|29/100|[from] item: Leftovers
|-heal|p2a: Ting-Lu|38/100|[from] item: Leftovers
|upkeep
|turn|44
|
|t:|1759051535
|switch|p1a: Ogerpon|Ogerpon, F|3/100 brn
|move|p2a: Ting-Lu|Earthquake|p1a: Ogerpon
|-resisted|p1a: Ogerpon
|-damage|p1a: Ogerpon|0 fnt
|faint|p1a: Ogerpon
|
|-heal|p2a: Ting-Lu|44/100|[from] item: Leftovers
|upkeep
|
|t:|1759051537
|switch|p1a: Okidogi|Okidogi, M|100/100
|-damage|p1a: Okidogi|88/100|[from] Spikes
|-damage|p1a: Okidogi|82/100|[from] Stealth Rock
|turn|45
|
|t:|1759051542
|move|p1a: Okidogi|Bulk Up|p1a: Okidogi
|-boost|p1a: Okidogi|atk|1
|-boost|p1a: Okidogi|def|1
|move|p2a: Ting-Lu|Whirlwind|p1a: Okidogi
|-activate|p1a: Okidogi|ability: Guard Dog
|
|-heal|p1a: Okidogi|88/100|[from] item: Leftovers
|-heal|p2a: Ting-Lu|50/100|[from] item: Leftovers
|upkeep
|turn|46
|
|t:|1759051555
|switch|p2a: Moltres|Moltres|50/100 tox
|move|p1a: Okidogi|Drain Punch|p2a: Moltres
|-resisted|p2a: Moltres
|-damage|p2a: Moltres|32/100 tox
|-heal|p1a: Okidogi|97/100|[from] drain|[of] p2a: Moltres
|
|-heal|p1a: Okidogi|100/100|[from] item: Leftovers
|-damage|p2a: Moltres|26/100 tox|[from] psn
|upkeep
|turn|47
|
|t:|1759051559
|move|p1a: Okidogi|Knock Off|p2a: Moltres
|-damage|p2a: Moltres|8/100 tox
|move|p2a: Moltres|Will-O-Wisp|p1a: Okidogi|[miss]
|-miss|p2a: Moltres|p1a: Okidogi
|
|-damage|p2a: Moltres|0 fnt|[from] psn
|faint|p2a: Moltres
|upkeep
|inactive|satoshi4life has 120 seconds left.
|
|t:|1759051579
|switch|p2a: Gholdengo|Gholdengo|94/100
|-damage|p2a: Gholdengo|82/100|[from] Spikes
|turn|48
|
|t:|1759051584
|-terastallize|p2a: Gholdengo|Steel
|move|p2a: Gholdengo|Make It Rain|p1a: Okidogi
|-damage|p1a: Okidogi|19/100
|-unboost|p2a: Gholdengo|spa|1
|move|p1a: Okidogi|Knock Off|p2a: Gholdengo
|-damage|p2a: Gholdengo|34/100
|-enditem|p2a: Gholdengo|Metal Coat|[from] move: Knock Off|[of] p1a: Okidogi
|
|-heal|p1a: Okidogi|25/100|[from] item: Leftovers
|upkeep
|turn|49
|inactive|satoshi4life has 120 seconds left.
|
|t:|1759051600
|switch|p1a: Ting-Lu|Ting-Lu|29/100
|-damage|p1a: Ting-Lu|16/100|[from] Spikes
|-damage|p1a: Ting-Lu|10/100|[from] Stealth Rock
|-ability|p1a: Ting-Lu|Vessel of Ruin
|move|p2a: Gholdengo|Make It Rain|p1a: Ting-Lu
|-damage|p1a: Ting-Lu|0 fnt
|-unboost|p2a: Gholdengo|spa|1
|faint|p1a: Ting-Lu
|
|upkeep
|
|t:|1759051603
|switch|p1a: Pecharunt|Pecharunt|40/100 brn
|turn|50
|inactive|satoshi4life has 120 seconds left.
|
|t:|1759051625
|move|p2a: Gholdengo|Make It Rain|p1a: Pecharunt
|-damage|p1a: Pecharunt|0 fnt
|-unboost|p2a: Gholdengo|spa|1
|faint|p1a: Pecharunt
|
|upkeep
|-message|yoke tv forfeited.
|
|win|satoshi4life
|raw|yoke tv's rating: 1462 &rarr; <strong>1447</strong><br />(-15 for losing)
|raw|satoshi4life's rating: 1549 &rarr; <strong>1564</strong><br />(+15 for winning)
|l|☆yoke tv
|player|p1|
|l|☆satoshi4life
|player|p2|
