|j|☆h3avenss
|j|☆Kidday
|t:|1759077900
|gametype|singles
|player|p1|h3avenss|richboy|1163
|player|p2|Kidday|1|1220
|gen|9
|tier|[Gen 9] OU
|rated|
|rule|HP Percentage Mod: HP is shown in percentages
|rule|Endless Battle Clause: Forcing endless battles is banned
|rule|Species Clause: Limit one of each Pokémon
|rule|OHKO Clause: OHKO moves are banned
|rule|Evasion Items Clause: Evasion items are banned
|rule|Evasion Moves Clause: Evasion moves are banned
|rule|Evasion Abilities Clause: Evasion abilities are banned
|rule|Sleep Moves Clause: Sleep-inducing moves are banned
|clearpoke
|poke|p1|Walking Wake|
|poke|p1|Samurott-Hisui, M|
|poke|p1|Great Tusk|
|poke|p1|Ninetales, F|
|poke|p1|Venusaur, F|
|poke|p1|Moltres|
|poke|p2|Blastoise, M|
|poke|p2|Toxtricity-Low-Key, M|
|poke|p2|Golurk|
|poke|p2|Kingambit, M|
|poke|p2|Magmortar, M|
|poke|p2|Grimmsnarl, M|
|teampreview
|
|t:|1759077909
|teamsize|p1|6
|teamsize|p2|6
|start
|switch|p1a: Samurott|Samurott-Hisui, M, shiny|100/100
|switch|p2a: Grimmi|Grimmsnarl, M, shiny|100/100
|turn|1
|
|t:|1759077921
|move|p2a: Grimmi|Reflect|p2a: Grimmi
|-sidestart|p2: Kidday|Reflect
|move|p1a: Samurott|Flip Turn|p2a: Grimmi
|-damage|p2a: Grimmi|88/100
|
|t:|1759077927
|switch|p1a: Venusaur|Venusaur, F|100/100|[from] Flip Turn
|
|upkeep
|turn|2
|
|t:|1759077938
|move|p2a: Grimmi|Light Screen|p2a: Grimmi
|-sidestart|p2: Kidday|move: Light Screen
|move|p1a: Venusaur|Toxic|p2a: Grimmi
|-status|p2a: Grimmi|tox
|
|-damage|p2a: Grimmi|82/100 tox|[from] psn
|upkeep
|turn|3
|
|t:|1759077945
|switch|p1a: Moltres|Moltres|100/100
|move|p2a: Grimmi|Parting Shot|p1a: Moltres
|-unboost|p1a: Moltres|atk|1
|-unboost|p1a: Moltres|spa|1
|
|t:|1759077959
|switch|p2a: Ruby|Magmortar, M, shiny|100/100|[from] Parting Shot
|
|upkeep
|turn|4
|
|t:|1759077966
|switch|p1a: Walking Wake|Walking Wake|100/100
|move|p2a: Ruby|Thunderbolt|p1a: Walking Wake
|-damage|p1a: Walking Wake|60/100
|
|upkeep
|turn|5
|
|t:|1759077976
|move|p1a: Walking Wake|Hydro Steam|p2a: Ruby
|-supereffective|p2a: Ruby
|-damage|p2a: Ruby|60/100
|move|p2a: Ruby|Scorching Sands|p1a: Walking Wake
|-damage|p1a: Walking Wake|31/100
|-status|p1a: Walking Wake|brn
|
|-damage|p1a: Walking Wake|25/100 brn|[from] brn
|upkeep
|turn|6
|
|t:|1759077986
|-end|p1a: Walking Wake|Protosynthesis|[silent]
|switch|p1a: Moltres|Moltres|100/100
|move|p2a: Ruby|Psychic|p1a: Moltres
|-damage|p1a: Moltres|67/100
|
|upkeep
|turn|7
|
|t:|1759078000
|switch|p1a: Great Tusk|Great Tusk, shiny|100/100
|move|p2a: Ruby|Thunderbolt|p1a: Great Tusk
|-immune|p1a: Great Tusk
|
|upkeep
|turn|8
|
|t:|1759078010
|move|p1a: Great Tusk|Headlong Rush|p2a: Ruby
|-supereffective|p2a: Ruby
|-damage|p2a: Ruby|0 fnt
|-unboost|p1a: Great Tusk|def|1
|-unboost|p1a: Great Tusk|spd|1
|faint|p2a: Ruby
|
|-sideend|p2: Kidday|Reflect
|upkeep
|
|t:|1759078018
|switch|p2a: Grimmi|Grimmsnarl, M, shiny|82/100 tox
|turn|9
|
|t:|1759078022
|move|p2a: Grimmi|Reflect|p2a: Grimmi
|-sidestart|p2: Kidday|Reflect
|move|p1a: Great Tusk|Knock Off|p2a: Grimmi
|-resisted|p2a: Grimmi
|-damage|p2a: Grimmi|78/100 tox
|-enditem|p2a: Grimmi|Light Clay|[from] move: Knock Off|[of] p1a: Great Tusk
|
|-damage|p2a: Grimmi|72/100 tox|[from] psn
|-sideend|p2: Kidday|move: Light Screen
|upkeep
|turn|10
|
|t:|1759078030
|-end|p1a: Great Tusk|Protosynthesis|[silent]
|switch|p1a: Moltres|Moltres|67/100
|move|p2a: Grimmi|Spirit Break|p1a: Moltres
|-resisted|p1a: Moltres
|-damage|p1a: Moltres|53/100
|-unboost|p1a: Moltres|spa|1
|
|-damage|p2a: Grimmi|60/100 tox|[from] psn
|upkeep
|turn|11
|
|t:|1759078036
|move|p2a: Grimmi|Light Screen|p2a: Grimmi
|-sidestart|p2: Kidday|move: Light Screen
|move|p1a: Moltres|Roost|p1a: Moltres
|-heal|p1a: Moltres|100/100
|-singleturn|p1a: Moltres|move: Roost
|
|-damage|p2a: Grimmi|42/100 tox|[from] psn
|upkeep
|turn|12
|
|t:|1759078040
|move|p2a: Grimmi|Parting Shot|p1a: Moltres
|-unboost|p1a: Moltres|atk|1
|-unboost|p1a: Moltres|spa|1
|
|t:|1759078056
|switch|p2a: Saitama|Golurk, shiny|100/100|[from] Parting Shot
|move|p1a: Moltres|Air Slash|p2a: Saitama
|-damage|p2a: Saitama|92/100
|
|upkeep
|turn|13
|
|t:|1759078062
|move|p1a: Moltres|Will-O-Wisp|p2a: Saitama
|-status|p2a: Saitama|brn
|move|p2a: Saitama|Poltergeist|p1a: Moltres
|-activate|p1a: Moltres|move: Poltergeist|Heavy-Duty Boots
|-crit|p1a: Moltres
|-damage|p1a: Moltres|37/100
|
|-damage|p2a: Saitama|86/100 brn|[from] brn
|upkeep
|turn|14
|
|t:|1759078068
|move|p1a: Moltres|Roost|p1a: Moltres
|-heal|p1a: Moltres|87/100
|-singleturn|p1a: Moltres|move: Roost
|move|p2a: Saitama|Poltergeist|p1a: Moltres
|-activate|p1a: Moltres|move: Poltergeist|Heavy-Duty Boots
|-damage|p1a: Moltres|44/100
|
|-damage|p2a: Saitama|80/100 brn|[from] brn
|upkeep
|turn|15
|
|t:|1759078080
|move|p1a: Moltres|Roost|p1a: Moltres
|-heal|p1a: Moltres|94/100
|-singleturn|p1a: Moltres|move: Roost
|move|p2a: Saitama|Poltergeist|p1a: Moltres
|-activate|p1a: Moltres|move: Poltergeist|Heavy-Duty Boots
|-damage|p1a: Moltres|55/100
|
|-damage|p2a: Saitama|74/100 brn|[from] brn
|-sideend|p2: Kidday|move: Light Screen
|upkeep
|turn|16
|
|t:|1759078091
|switch|p1a: Great Tusk|Great Tusk, shiny|100/100
|move|p2a: Saitama|Poltergeist|p1a: Great Tusk
|-activate|p1a: Great Tusk|move: Poltergeist|Heavy-Duty Boots
|-damage|p1a: Great Tusk|73/100
|
|-damage|p2a: Saitama|68/100 brn|[from] brn
|-sideend|p2: Kidday|Reflect
|upkeep
|turn|17
|
|t:|1759078099
|move|p1a: Great Tusk|Knock Off|p2a: Saitama
|-supereffective|p2a: Saitama
|-damage|p2a: Saitama|0 fnt
|-enditem|p2a: Saitama|Choice Band|[from] move: Knock Off|[of] p1a: Great Tusk
|faint|p2a: Saitama
|
|upkeep
|
|t:|1759078104
|switch|p2a: Grimmi|Grimmsnarl, M, shiny|42/100 tox
|turn|18
|
|t:|1759078111
|-end|p1a: Great Tusk|Protosynthesis|[silent]
|switch|p1a: Ninetales|Ninetales, F, shiny|100/100
|-weather|SunnyDay|[from] ability: Drought|[of] p1a: Ninetales
|move|p2a: Grimmi|Reflect|p2a: Grimmi
|-sidestart|p2: Kidday|Reflect
|
|-weather|SunnyDay|[upkeep]
|-damage|p2a: Grimmi|36/100 tox|[from] psn
|upkeep
|turn|19
|
|t:|1759078120
|move|p2a: Grimmi|Light Screen|p2a: Grimmi
|-sidestart|p2: Kidday|move: Light Screen
|move|p1a: Ninetales|Encore|p2a: Grimmi
|-start|p2a: Grimmi|Encore
|
|-weather|SunnyDay|[upkeep]
|-damage|p2a: Grimmi|23/100 tox|[from] psn
|upkeep
|turn|20
|
|t:|1759078127
|switch|p1a: Samurott|Samurott-Hisui, M, shiny|100/100
|move|p2a: Grimmi|Light Screen||[still]
|-fail|p2a: Grimmi
|
|-weather|SunnyDay|[upkeep]
|-damage|p2a: Grimmi|5/100 tox|[from] psn
|upkeep
|turn|21
|
|t:|1759078132
|move|p2a: Grimmi|Light Screen||[still]
|-fail|p2a: Grimmi
|move|p1a: Samurott|Ceaseless Edge|p2a: Grimmi|[miss]
|-miss|p1a: Samurott|p2a: Grimmi
|
|-weather|SunnyDay|[upkeep]
|-damage|p2a: Grimmi|0 fnt|[from] psn
|faint|p2a: Grimmi
|upkeep
|
|t:|1759078142
|switch|p2a: Toxic💜|Toxtricity-Low-Key, M|100/100
|turn|22
|
|t:|1759078154
|switch|p1a: Venusaur|Venusaur, F|100/100
|move|p2a: Toxic💜|Boomburst|p1a: Venusaur
|-damage|p1a: Venusaur|30/100
|-enditem|p2a: Toxic💜|Throat Spray
|-boost|p2a: Toxic💜|spa|1|[from] item: Throat Spray
|
|-weather|SunnyDay|[upkeep]
|-sideend|p2: Kidday|Reflect
|upkeep
|turn|23
|
|t:|1759078164
|move|p1a: Venusaur|Earth Power|p2a: Toxic💜
|-supereffective|p2a: Toxic💜
|-damage|p2a: Toxic💜|33/100
|move|p2a: Toxic💜|Boomburst|p1a: Venusaur
|-damage|p1a: Venusaur|0 fnt
|faint|p1a: Venusaur
|
|-weather|SunnyDay|[upkeep]
|-sideend|p2: Kidday|move: Light Screen
|upkeep
|
|t:|1759078181
|switch|p1a: Ninetales|Ninetales, F, shiny|100/100
|turn|24
|
|t:|1759078188
|move|p1a: Ninetales|Weather Ball|p2a: Toxic💜
|-damage|p2a: Toxic💜|0 fnt
|faint|p2a: Toxic💜
|
|-weather|SunnyDay|[upkeep]
|upkeep
|
|t:|1759078193
|switch|p2a: BigBlue 💙|Blastoise, M, shiny|100/100
|turn|25
|
|t:|1759078202
|switch|p1a: Moltres|Moltres|55/100
|move|p2a: BigBlue 💙|Shell Smash|p2a: BigBlue 💙
|-unboost|p2a: BigBlue 💙|def|1
|-unboost|p2a: BigBlue 💙|spd|1
|-boost|p2a: BigBlue 💙|atk|2
|-boost|p2a: BigBlue 💙|spa|2
|-boost|p2a: BigBlue 💙|spe|2
|-enditem|p2a: BigBlue 💙|White Herb
|-clearnegativeboost|p2a: BigBlue 💙|[silent]
|
|-weather|none
|upkeep
|turn|26
|
|t:|1759078206
|move|p2a: BigBlue 💙|Surf|p1a: Moltres
|-supereffective|p1a: Moltres
|-damage|p1a: Moltres|0 fnt
|faint|p1a: Moltres
|
|upkeep
|
|t:|1759078210
|switch|p1a: Ninetales|Ninetales, F, shiny|100/100
|-weather|SunnyDay|[from] ability: Drought|[of] p1a: Ninetales
|turn|27
|
|t:|1759078224
|-terastallize|p2a: BigBlue 💙|Water
|move|p2a: BigBlue 💙|Surf|p1a: Ninetales
|-supereffective|p1a: Ninetales
|-damage|p1a: Ninetales|4/100
|move|p1a: Ninetales|Will-O-Wisp|p2a: BigBlue 💙|[miss]
|-miss|p1a: Ninetales|p2a: BigBlue 💙
|
|-weather|SunnyDay|[upkeep]
|upkeep
|turn|28
|
|t:|1759078233
|move|p2a: BigBlue 💙|Surf|p1a: Ninetales
|-supereffective|p1a: Ninetales
|-damage|p1a: Ninetales|0 fnt
|faint|p1a: Ninetales
|
|-weather|SunnyDay|[upkeep]
|upkeep
|
|t:|1759078241
|switch|p1a: Walking Wake|Walking Wake|25/100 brn
|-activate|p1a: Walking Wake|ability: Protosynthesis
|-start|p1a: Walking Wake|protosynthesisspa
|turn|29
|
|t:|1759078246
|move|p2a: BigBlue 💙|Surf|p1a: Walking Wake
|-resisted|p1a: Walking Wake
|-damage|p1a: Walking Wake|11/100 brn
|move|p1a: Walking Wake|Draco Meteor|p2a: BigBlue 💙
|-damage|p2a: BigBlue 💙|0 fnt
|-unboost|p1a: Walking Wake|spa|2
|faint|p2a: BigBlue 💙
|
|-weather|SunnyDay|[upkeep]
|-damage|p1a: Walking Wake|5/100 brn|[from] brn
|upkeep
|
|t:|1759078259
|switch|p2a: DisBiSharp|Kingambit, M, shiny|100/100
|-activate|p2a: DisBiSharp|ability: Supreme Overlord
|-start|p2a: DisBiSharp|fallen5|[silent]
|turn|30
|
|t:|1759078263
|move|p1a: Walking Wake|Draco Meteor|p2a: DisBiSharp|[miss]
|-miss|p1a: Walking Wake|p2a: DisBiSharp
|move|p2a: DisBiSharp|Iron Head|p1a: Walking Wake
|-resisted|p1a: Walking Wake
|-crit|p1a: Walking Wake
|-damage|p1a: Walking Wake|0 fnt
|faint|p1a: Walking Wake
|-end|p1a: Walking Wake|Protosynthesis|[silent]
|
|-weather|SunnyDay|[upkeep]
|upkeep
|
|t:|1759078268
|switch|p1a: Great Tusk|Great Tusk, shiny|73/100
|-activate|p1a: Great Tusk|ability: Protosynthesis
|-start|p1a: Great Tusk|protosynthesisatk
|turn|31
|
|t:|1759078275
|move|p1a: Great Tusk|Close Combat|p2a: DisBiSharp
|-supereffective|p2a: DisBiSharp
|-damage|p2a: DisBiSharp|0 fnt
|-unboost|p1a: Great Tusk|def|1
|-unboost|p1a: Great Tusk|spd|1
|faint|p2a: DisBiSharp
|-end|p2a: DisBiSharp|fallen5|[silent]
|
|win|h3avenss
|raw|h3avenss's rating: 1163 &rarr; <strong>1192</strong><br />(+29 for winning)
|raw|Kidday's rating: 1220 &rarr; <strong>1191</strong><br />(-29 for losing)
|l|☆h3avenss
|player|p1|
|l|☆Kidday
|player|p2|
