|j|☆Craniax
|j|☆purple272717
|t:|1758988840
|gametype|singles
|player|p1|Craniax|volkner|1052
|player|p2|purple272717|2|1104
|gen|9
|tier|[Gen 9] OU
|rated|
|rule|HP Percentage Mod: HP is shown in percentages
|rule|Endless Battle Clause: Forcing endless battles is banned
|rule|Species Clause: Limit one of each Pokémon
|rule|OHKO Clause: OHKO moves are banned
|rule|Evasion Items Clause: Evasion items are banned
|rule|Evasion Moves Clause: Evasion moves are banned
|rule|Evasion Abilities Clause: Evasion abilities are banned
|rule|Sleep Moves Clause: Sleep-inducing moves are banned
|clearpoke
|poke|p1|Torkoal, M|
|poke|p1|Galvantula, M|
|poke|p1|Excadrill, M|
|poke|p1|Darkrai|
|poke|p1|Rampardos, M|
|poke|p1|Tornadus-Therian, M|
|poke|p2|Torkoal, F|
|poke|p2|Hatterene, F|
|poke|p2|Kingambit, F|
|poke|p2|Lilligant-Hisui, F|
|poke|p2|Walking Wake|
|poke|p2|Clodsire, F|
|teampreview
|inactive|Battle timer is ON: inactive players will automatically lose when time's up. (requested by purple272717)
|
|t:|1758988850
|teamsize|p1|6
|teamsize|p2|6
|start
|switch|p1a: Galvantula|Galvantula, M|100/100
|switch|p2a: Clodsire|Clodsire, F, shiny|100/100
|turn|1
|
|t:|1758988855
|move|p1a: Galvantula|Sticky Web|p2a: Clodsire
|-sidestart|p2: purple272717|move: Sticky Web
|move|p2a: Clodsire|Earthquake|p1a: Galvantula
|-damage|p1a: Galvantula|51/100
|
|upkeep
|turn|2
|
|t:|1758988860
|switch|p1a: Tornadus|Tornadus-Therian, M, shiny|100/100
|move|p2a: Clodsire|Earthquake|p1a: Tornadus
|-immune|p1a: Tornadus
|
|upkeep
|turn|3
|
|t:|1758988865
|move|p1a: Tornadus|Knock Off|p2a: Clodsire
|-damage|p2a: Clodsire|81/100
|-enditem|p2a: Clodsire|Black Sludge|[from] move: Knock Off|[of] p1a: Tornadus
|move|p2a: Clodsire|Poison Jab|p1a: Tornadus
|-damage|p1a: Tornadus|77/100
|
|upkeep
|turn|4
|
|t:|1758988872
|move|p1a: Tornadus|U-turn|p2a: Clodsire
|-resisted|p2a: Clodsire
|-damage|p2a: Clodsire|74/100
|
|t:|1758988876
|switch|p1a: Excadrill|Excadrill, M, shiny|100/100|[from] U-turn
|-ability|p1a: Excadrill|Mold Breaker
|move|p2a: Clodsire|Poison Jab|p1a: Excadrill
|-immune|p1a: Excadrill
|
|upkeep
|turn|5
|
|t:|1758988885
|move|p1a: Excadrill|Earthquake|p2a: Clodsire
|-supereffective|p2a: Clodsire
|-damage|p2a: Clodsire|0 fnt
|faint|p2a: Clodsire
|
|upkeep
|
|t:|1758988887
|switch|p2a: Kingambit|Kingambit, F, shiny|100/100
|-activate|p2a: Kingambit|ability: Supreme Overlord
|-start|p2a: Kingambit|fallen1|[silent]
|-item|p2a: Kingambit|Air Balloon
|turn|6
|
|t:|1758988897
|move|p1a: Excadrill|Brick Break|p2a: Kingambit
|-supereffective|p2a: Kingambit
|-damage|p2a: Kingambit|16/100
|-enditem|p2a: Kingambit|Air Balloon
|move|p2a: Kingambit|Kowtow Cleave|p1a: Excadrill
|-damage|p1a: Excadrill|16/100
|
|upkeep
|turn|7
|
|t:|1758988906
|switch|p1a: Torkoal|Torkoal, M, shiny|100/100
|-weather|SunnyDay|[from] ability: Drought|[of] p1a: Torkoal
|move|p2a: Kingambit|Sucker Punch||[still]
|-fail|p2a: Kingambit
|
|-weather|SunnyDay|[upkeep]
|upkeep
|turn|8
|
|t:|1758988913
|move|p2a: Kingambit|Iron Head|p1a: Torkoal
|-resisted|p1a: Torkoal
|-damage|p1a: Torkoal|80/100
|cant|p1a: Torkoal|flinch
|
|-weather|SunnyDay|[upkeep]
|upkeep
|turn|9
|
|t:|1758988920
|move|p2a: Kingambit|Kowtow Cleave|p1a: Torkoal
|-damage|p1a: Torkoal|41/100
|move|p1a: Torkoal|Lava Plume|p2a: Kingambit
|-supereffective|p2a: Kingambit
|-damage|p2a: Kingambit|0 fnt
|faint|p2a: Kingambit
|-end|p2a: Kingambit|fallen1|[silent]
|
|-weather|SunnyDay|[upkeep]
|upkeep
|
|t:|1758988927
|switch|p2a: Torkoal|Torkoal, F, shiny|100/100
|-activate|p2a: Torkoal|move: Sticky Web
|-unboost|p2a: Torkoal|spe|1
|turn|10
|
|t:|1758988934
|move|p1a: Torkoal|Rest|p1a: Torkoal
|-status|p1a: Torkoal|slp|[from] move: Rest
|-heal|p1a: Torkoal|100/100 slp|[silent]
|move|p2a: Torkoal|Rapid Spin|p1a: Torkoal
|-damage|p1a: Torkoal|93/100 slp
|-boost|p2a: Torkoal|spe|1
|-sideend|p2: purple272717|Sticky Web|[from] move: Rapid Spin|[of] p2a: Torkoal
|
|-weather|SunnyDay|[upkeep]
|upkeep
|turn|11
|
|t:|1758988947
|cant|p1a: Torkoal|slp
|move|p1a: Torkoal|Sleep Talk|p1a: Torkoal
|move|p1a: Torkoal|Rest||[from] move: Sleep Talk|[still]
|-fail|p1a: Torkoal
|move|p2a: Torkoal|Lava Plume|p1a: Torkoal
|-resisted|p1a: Torkoal
|-damage|p1a: Torkoal|68/100 slp
|
|-weather|SunnyDay|[upkeep]
|upkeep
|turn|12
|
|t:|1758988955
|switch|p2a: Walking Wake|Walking Wake|100/100
|-activate|p2a: Walking Wake|ability: Protosynthesis
|-start|p2a: Walking Wake|protosynthesisspe
|cant|p1a: Torkoal|slp
|move|p1a: Torkoal|Sleep Talk|p1a: Torkoal
|move|p1a: Torkoal|Earth Power|p2a: Walking Wake|[from] move: Sleep Talk
|-damage|p2a: Walking Wake|69/100
|
|-weather|SunnyDay|[upkeep]
|upkeep
|turn|13
|
|t:|1758988973
|switch|p1a: Excadrill|Excadrill, M, shiny|16/100
|-ability|p1a: Excadrill|Mold Breaker
|move|p2a: Walking Wake|Hydro Steam|p1a: Excadrill
|-supereffective|p1a: Excadrill
|-damage|p1a: Excadrill|0 fnt
|faint|p1a: Excadrill
|
|-weather|SunnyDay|[upkeep]
|upkeep
|
|t:|1758988989
|switch|p1a: Tornadus|Tornadus-Therian, M, shiny|100/100
|turn|14
|
|t:|1758988996
|move|p2a: Walking Wake|Hydro Steam|p1a: Tornadus
|-damage|p1a: Tornadus|10/100
|move|p1a: Tornadus|Knock Off|p2a: Walking Wake
|-damage|p2a: Walking Wake|47/100
|-enditem|p2a: Walking Wake|Choice Specs|[from] move: Knock Off|[of] p1a: Tornadus
|
|-weather|none
|-end|p2a: Walking Wake|Protosynthesis
|upkeep
|turn|15
|inactive|Craniax has 120 seconds left.
|
|t:|1758989019
|-end|p2a: Walking Wake|Protosynthesis|[silent]
|switch|p2a: Torkoal|Torkoal, F, shiny|100/100
|-weather|SunnyDay|[from] ability: Drought|[of] p2a: Torkoal
|move|p1a: Tornadus|U-turn|p2a: Torkoal
|-resisted|p2a: Torkoal
|-damage|p2a: Torkoal|96/100
|inactive|Craniax has 120 seconds left.
|
|t:|1758989028
|switch|p1a: Darkrai|Darkrai|100/100|[from] U-turn
|
|-weather|SunnyDay|[upkeep]
|upkeep
|turn|16
|
|t:|1758989034
|move|p1a: Darkrai|Dark Pulse|p2a: Torkoal
|-crit|p2a: Torkoal
|-damage|p2a: Torkoal|0 fnt
|faint|p2a: Torkoal
|
|-weather|SunnyDay|[upkeep]
|upkeep
|
|t:|1758989037
|switch|p2a: Walking Wake|Walking Wake|47/100
|-activate|p2a: Walking Wake|ability: Protosynthesis
|-start|p2a: Walking Wake|protosynthesisspe
|turn|17
|
|t:|1758989044
|-terastallize|p2a: Walking Wake|Water
|move|p2a: Walking Wake|Hydro Steam|p1a: Darkrai
|-damage|p1a: Darkrai|0 fnt
|faint|p1a: Darkrai
|
|-weather|SunnyDay|[upkeep]
|upkeep
|
|t:|1758989055
|switch|p1a: Rampardos|Rampardos, M, shiny|100/100
|turn|18
|
|t:|1758989060
|-terastallize|p1a: Rampardos|Grass
|move|p2a: Walking Wake|Hydro Steam|p1a: Rampardos
|-resisted|p1a: Rampardos
|-damage|p1a: Rampardos|35/100
|move|p1a: Rampardos|Supercell Slam|p2a: Walking Wake
|-supereffective|p2a: Walking Wake
|-damage|p2a: Walking Wake|0 fnt
|faint|p2a: Walking Wake
|-end|p2a: Walking Wake|Protosynthesis|[silent]
|
|-weather|SunnyDay|[upkeep]
|upkeep
|
|t:|1758989068
|switch|p2a: Lilligant|Lilligant-Hisui, F, shiny|100/100
|turn|19
|
|t:|1758989075
|switch|p1a: Torkoal|Torkoal, M, shiny|68/100 slp
|move|p2a: Lilligant|Triple Axel|p1a: Torkoal|[miss]
|-miss|p2a: Lilligant|p1a: Torkoal
|
|-weather|SunnyDay|[upkeep]
|upkeep
|turn|20
|
|t:|1758989082
|move|p2a: Lilligant|Close Combat|p1a: Torkoal
|-damage|p1a: Torkoal|14/100 slp
|-unboost|p2a: Lilligant|def|1
|-unboost|p2a: Lilligant|spd|1
|-damage|p2a: Lilligant|91/100|[from] item: Life Orb
|-curestatus|p1a: Torkoal|slp|[msg]
|move|p1a: Torkoal|Lava Plume|p2a: Lilligant
|-supereffective|p2a: Lilligant
|-damage|p2a: Lilligant|0 fnt
|faint|p2a: Lilligant
|
|-weather|SunnyDay|[upkeep]
|upkeep
|
|t:|1758989091
|switch|p2a: Hatterene|Hatterene, F, shiny|100/100
|turn|21
|
|t:|1758989102
|move|p2a: Hatterene|Draining Kiss|p1a: Torkoal
|-resisted|p1a: Torkoal
|-damage|p1a: Torkoal|0 fnt
|faint|p1a: Torkoal
|
|-weather|SunnyDay|[upkeep]
|upkeep
|
|t:|1758989105
|switch|p1a: Tornadus|Tornadus-Therian, M, shiny|43/100
|turn|22
|
|t:|1758989111
|move|p1a: Tornadus|Knock Off|p2a: Hatterene
|-damage|p2a: Hatterene|85/100
|-enditem|p2a: Hatterene|Leftovers|[from] move: Knock Off|[of] p1a: Tornadus
|move|p2a: Hatterene|Psyshock|p1a: Tornadus
|-damage|p1a: Tornadus|4/100
|
|-weather|none
|upkeep
|turn|23
|
|t:|1758989117
|move|p1a: Tornadus|U-turn|p2a: Hatterene
|-damage|p2a: Hatterene|73/100
|
|t:|1758989120
|switch|p1a: Galvantula|Galvantula, M|51/100|[from] U-turn
|move|p2a: Hatterene|Draining Kiss|p1a: Galvantula
|-damage|p1a: Galvantula|8/100
|-heal|p2a: Hatterene|100/100|[from] drain|[of] p1a: Galvantula
|
|upkeep
|turn|24
|
|t:|1758989129
|move|p1a: Galvantula|Thunder|p2a: Hatterene
|-damage|p2a: Hatterene|52/100
|move|p2a: Hatterene|Psyshock|p1a: Galvantula
|-damage|p1a: Galvantula|0 fnt
|faint|p1a: Galvantula
|
|upkeep
|
|t:|1758989134
|switch|p1a: Rampardos|Rampardos, M, shiny, tera:Grass|35/100
|turn|25
|
|t:|1758989140
|move|p1a: Rampardos|Fire Punch|p2a: Hatterene
|-damage|p2a: Hatterene|20/100
|move|p2a: Hatterene|Mystical Fire|p1a: Rampardos
|-supereffective|p1a: Rampardos
|-damage|p1a: Rampardos|0 fnt
|faint|p1a: Rampardos
|
|upkeep
|
|t:|1758989143
|switch|p1a: Tornadus|Tornadus-Therian, M, shiny|37/100
|turn|26
|
|t:|1758989150
|move|p1a: Tornadus|Bleakwind Storm|p2a: Hatterene
|-damage|p2a: Hatterene|0 fnt
|faint|p2a: Hatterene
|
|win|Craniax
|raw|Craniax's rating: 1052 &rarr; <strong>1089</strong><br />(+37 for winning)
|raw|purple272717's rating: 1104 &rarr; <strong>1075</strong><br />(-29 for losing)
|l|☆purple272717
|player|p2|
|l|☆Craniax
|player|p1|
