|j|☆Crooksieee
|j|☆leezee-yy
|t:|1759015371
|gametype|singles
|player|p1|Crooksieee|101|1657
|player|p2|leezee-yy|steven|1659
|gen|9
|tier|[Gen 9] OU
|rated|
|rule|HP Percentage Mod: HP is shown in percentages
|rule|Endless Battle Clause: Forcing endless battles is banned
|rule|Species Clause: Limit one of each Pokémon
|rule|OHKO Clause: OHKO moves are banned
|rule|Evasion Items Clause: Evasion items are banned
|rule|Evasion Moves Clause: Evasion moves are banned
|rule|Evasion Abilities Clause: Evasion abilities are banned
|rule|Sleep Moves Clause: Sleep-inducing moves are banned
|clearpoke
|poke|p1|Scizor, M|
|poke|p1|Glimmora, F|
|poke|p1|Samurott-Hisui, F|
|poke|p1|Great Tusk|
|poke|p1|Gholdengo|
|poke|p1|Ogerpon-Wellspring, F|
|poke|p2|Gengar, M|
|poke|p2|Conkeldurr, M|
|poke|p2|Metagross|
|poke|p2|Zapdos|
|poke|p2|Meowscarada, F|
|poke|p2|Iron Moth|
|teampreview
|inactive|Battle timer is ON: inactive players will automatically lose when time's up. (requested by leezee-yy)
|
|t:|1759015378
|teamsize|p1|6
|teamsize|p2|6
|start
|switch|p1a: Samurott|Samurott-Hisui, F|100/100
|switch|p2a: Meowscarada|Meowscarada, F|100/100
|turn|1
|
|t:|1759015387
|switch|p1a: Scizor|Scizor, M|100/100
|move|p2a: Meowscarada|U-turn|p1a: Scizor
|-start|p2a: Meowscarada|typechange|Bug|[from] ability: Protean
|-resisted|p1a: Scizor
|-damage|p1a: Scizor|75/100
|
|t:|1759015393
|switch|p2a: Iron Moth|Iron Moth|100/100|[from] U-turn
|
|upkeep
|turn|2
|
|t:|1759015398
|switch|p1a: Glimmora|Glimmora, F|100/100
|move|p2a: Iron Moth|Fiery Dance|p1a: Glimmora
|-resisted|p1a: Glimmora
|-damage|p1a: Glimmora|82/100
|-boost|p2a: Iron Moth|spa|1
|
|upkeep
|turn|3
|
|t:|1759015406
|move|p2a: Iron Moth|Psychic|p1a: Glimmora
|-supereffective|p1a: Glimmora
|-damage|p1a: Glimmora|0 fnt
|faint|p1a: Glimmora
|
|upkeep
|
|t:|1759015416
|switch|p1a: Samurott|Samurott-Hisui, F|100/100
|turn|4
|
|t:|1759015424
|move|p2a: Iron Moth|Energy Ball|p1a: Samurott
|-supereffective|p1a: Samurott
|-damage|p1a: Samurott|14/100
|-unboost|p1a: Samurott|spd|1
|move|p1a: Samurott|Aqua Cutter|p2a: Iron Moth
|-supereffective|p2a: Iron Moth
|-crit|p2a: Iron Moth
|-damage|p2a: Iron Moth|0 fnt
|faint|p2a: Iron Moth
|-end|p2a: Iron Moth|Quark Drive|[silent]
|
|upkeep
|
|t:|1759015429
|switch|p2a: Meowscarada|Meowscarada, F|100/100
|turn|5
|
|t:|1759015452
|move|p1a: Samurott|Sucker Punch|p2a: Meowscarada
|-resisted|p2a: Meowscarada
|-damage|p2a: Meowscarada|72/100
|move|p2a: Meowscarada|U-turn|p1a: Samurott
|-start|p2a: Meowscarada|typechange|Bug|[from] ability: Protean
|-supereffective|p1a: Samurott
|-damage|p1a: Samurott|0 fnt
|faint|p1a: Samurott
|
|t:|1759015463
|switch|p2a: Zapdos|Zapdos|100/100|[from] U-turn
|
|upkeep
|
|t:|1759015470
|switch|p1a: Gholdengo|Gholdengo|100/100
|turn|6
|
|t:|1759015476
|move|p1a: Gholdengo|Shadow Ball|p2a: Zapdos
|-damage|p2a: Zapdos|60/100
|move|p2a: Zapdos|Heat Wave|p1a: Gholdengo
|-supereffective|p1a: Gholdengo
|-damage|p1a: Gholdengo|38/100
|
|upkeep
|turn|7
|
|t:|1759015499
|switch|p2a: Meowscarada|Meowscarada, F|72/100
|-terastallize|p1a: Gholdengo|Fairy
|move|p1a: Gholdengo|Shadow Ball|p2a: Meowscarada
|-resisted|p2a: Meowscarada
|-damage|p2a: Meowscarada|41/100
|
|upkeep
|turn|8
|
|t:|1759015513
|switch|p1a: Great Tusk|Great Tusk|100/100
|move|p2a: Meowscarada|Flower Trick|p1a: Great Tusk
|-start|p2a: Meowscarada|typechange|Grass|[from] ability: Protean
|-supereffective|p1a: Great Tusk
|-crit|p1a: Great Tusk
|-damage|p1a: Great Tusk|0 fnt
|faint|p1a: Great Tusk
|-end|p1a: Great Tusk|Protosynthesis|[silent]
|
|upkeep
|
|t:|1759015526
|switch|p1a: Gholdengo|Gholdengo, tera:Fairy|38/100
|turn|9
|
|t:|1759015531
|switch|p2a: Metagross|Metagross, shiny|100/100
|move|p1a: Gholdengo|Make It Rain|p2a: Metagross
|-resisted|p2a: Metagross
|-damage|p2a: Metagross|67/100
|-unboost|p1a: Gholdengo|spa|1
|
|-heal|p2a: Metagross|73/100|[from] item: Leftovers
|upkeep
|turn|10
|
|t:|1759015544
|switch|p1a: Ogerpon|Ogerpon-Wellspring, F|100/100
|move|p2a: Metagross|Knock Off|p1a: Ogerpon
|-damage|p1a: Ogerpon|64/100
|
|-heal|p2a: Metagross|79/100|[from] item: Leftovers
|upkeep
|turn|11
|
|t:|1759015557
|move|p1a: Ogerpon|Knock Off|p2a: Metagross
|-supereffective|p2a: Metagross
|-damage|p2a: Metagross|23/100
|-enditem|p2a: Metagross|Leftovers|[from] move: Knock Off|[of] p1a: Ogerpon
|move|p2a: Metagross|Psychic Fangs|p1a: Ogerpon
|-damage|p1a: Ogerpon|0 fnt
|faint|p1a: Ogerpon
|
|upkeep
|inactive|Crooksieee has 120 seconds left.
|
|t:|1759015588
|switch|p1a: Scizor|Scizor, M|75/100
|turn|12
|
|t:|1759015595
|switch|p2a: Zapdos|Zapdos|60/100
|move|p1a: Scizor|Swords Dance|p1a: Scizor
|-boost|p1a: Scizor|atk|2
|
|upkeep
|turn|13
|inactive|Crooksieee has 120 seconds left.
|
|t:|1759015617
|move|p1a: Scizor|Bullet Punch|p2a: Zapdos
|-resisted|p2a: Zapdos
|-damage|p2a: Zapdos|41/100
|-damage|p1a: Scizor|59/100|[from] item: Rocky Helmet|[of] p2a: Zapdos
|-status|p1a: Scizor|par|[from] ability: Static|[of] p2a: Zapdos
|move|p2a: Zapdos|Roost|p2a: Zapdos
|-heal|p2a: Zapdos|91/100
|-singleturn|p2a: Zapdos|move: Roost
|
|upkeep
|turn|14
|
|t:|1759015627
|switch|p1a: Gholdengo|Gholdengo, tera:Fairy|38/100
|move|p2a: Zapdos|Heat Wave|p1a: Gholdengo
|-damage|p1a: Gholdengo|7/100
|
|upkeep
|turn|15
|
|t:|1759015643
|switch|p2a: Conkeldurr|Conkeldurr, M|100/100
|move|p1a: Gholdengo|Dazzling Gleam|p2a: Conkeldurr
|-supereffective|p2a: Conkeldurr
|-damage|p2a: Conkeldurr|0 fnt
|faint|p2a: Conkeldurr
|
|upkeep
|
|t:|1759015651
|switch|p2a: Metagross|Metagross, shiny|23/100
|turn|16
|
|t:|1759015655
|move|p2a: Metagross|Bullet Punch|p1a: Gholdengo
|-supereffective|p1a: Gholdengo
|-damage|p1a: Gholdengo|0 fnt
|faint|p1a: Gholdengo
|
|upkeep
|
|t:|1759015660
|switch|p1a: Scizor|Scizor, M|59/100 par
|turn|17
|inactive|Crooksieee has 120 seconds left.
|
|t:|1759015668
|move|p2a: Metagross|Knock Off|p1a: Scizor
|-damage|p1a: Scizor|18/100 par
|-enditem|p1a: Scizor|Metal Coat|[from] move: Knock Off|[of] p2a: Metagross
|move|p1a: Scizor|Knock Off|p2a: Metagross
|-supereffective|p2a: Metagross
|-damage|p2a: Metagross|0 fnt
|faint|p2a: Metagross
|
|upkeep
|c|☆leezee-yy|gg
|
|t:|1759015674
|switch|p2a: Gengar|Gengar, M|100/100
|turn|18
|
|t:|1759015682
|move|p1a: Scizor|Bullet Punch|p2a: Gengar
|-damage|p2a: Gengar|58/100
|move|p2a: Gengar|Shadow Ball|p1a: Scizor
|-damage|p1a: Scizor|0 fnt
|faint|p1a: Scizor
|
|win|leezee-yy
|raw|Crooksieee's rating: 1657 &rarr; <strong>1637</strong><br />(-20 for losing)
|raw|leezee-yy's rating: 1659 &rarr; <strong>1679</strong><br />(+20 for winning)
|l|☆leezee-yy
|player|p2|
|l|☆Crooksieee
|player|p1|
