|j|☆Bogatyum
|j|☆dencos
|t:|1759062819
|gametype|singles
|player|p1|Bogatyum|lucas|1000
|player|p2|dencos|101|1000
|gen|9
|tier|[Gen 9] OU
|rated|
|rule|HP Percentage Mod: HP is shown in percentages
|rule|Endless Battle Clause: Forcing endless battles is banned
|rule|Species Clause: Limit one of each Pokémon
|rule|OHKO Clause: OHKO moves are banned
|rule|Evasion Items Clause: Evasion items are banned
|rule|Evasion Moves Clause: Evasion moves are banned
|rule|Evasion Abilities Clause: Evasion abilities are banned
|rule|Sleep Moves Clause: Sleep-inducing moves are banned
|clearpoke
|poke|p1|Tinkaton, F|
|poke|p1|Scream Tail|
|poke|p1|Blastoise, M|
|poke|p1|Gengar, M|
|poke|p1|Primeape, M|
|poke|p1|Reuniclus, M|
|poke|p2|Slowbro-Galar, M|
|poke|p2|Blastoise, M|
|poke|p2|Pelipper, M|
|poke|p2|Hatterene, F|
|poke|p2|Exeggutor-Alola, M|
|poke|p2|Snorlax, F|
|teampreview
|inactive|Battle timer is ON: inactive players will automatically lose when time's up. (requested by Bogatyum)
|
|t:|1759062829
|teamsize|p1|6
|teamsize|p2|6
|start
|switch|p1a: Страх Фей|Tinkaton, F|100/100
|switch|p2a: Slowbro|Slowbro-Galar, M|100/100
|-ability|p1a: Страх Фей|Mold Breaker
|-item|p2a: Slowbro|Air Balloon
|turn|1
|
|t:|1759062841
|move|p1a: Страх Фей|Swords Dance|p1a: Страх Фей
|-boost|p1a: Страх Фей|atk|2
|move|p2a: Slowbro|Trick Room|p2a: Slowbro
|-fieldstart|move: Trick Room|[of] p2a: Slowbro
|
|upkeep
|turn|2
|
|t:|1759062849
|move|p2a: Slowbro|Focus Blast|p1a: Страх Фей|[miss]
|-miss|p2a: Slowbro|p1a: Страх Фей
|move|p1a: Страх Фей|Swords Dance|p1a: Страх Фей
|-boost|p1a: Страх Фей|atk|2
|
|upkeep
|turn|3
|
|t:|1759062863
|-terastallize|p1a: Страх Фей|Fire
|move|p2a: Slowbro|Hydro Pump|p1a: Страх Фей
|-supereffective|p1a: Страх Фей
|-damage|p1a: Страх Фей|32/100
|move|p1a: Страх Фей|Gigaton Hammer|p2a: Slowbro
|-crit|p2a: Slowbro
|-damage|p2a: Slowbro|0 fnt
|-enditem|p2a: Slowbro|Air Balloon
|faint|p2a: Slowbro
|
|upkeep
|
|t:|1759062881
|switch|p2a: Exeggutor|Exeggutor-Alola, M|100/100
|turn|4
|
|t:|1759062889
|move|p1a: Страх Фей|Protect|p1a: Страх Фей
|-singleturn|p1a: Страх Фей|Protect
|move|p2a: Exeggutor|Dragon Tail|p1a: Страх Фей
|-activate|p1a: Страх Фей|move: Protect
|
|upkeep
|turn|5
|
|t:|1759062899
|move|p1a: Страх Фей|Gigaton Hammer|p2a: Exeggutor
|-damage|p2a: Exeggutor|0 fnt
|faint|p2a: Exeggutor
|
|-fieldend|move: Trick Room
|upkeep
|
|t:|1759062912
|switch|p2a: Pelipper|Pelipper, M|100/100
|-weather|RainDance|[from] ability: Drizzle|[of] p2a: Pelipper
|turn|6
|
|t:|1759062918
|move|p1a: Страх Фей|Protect|p1a: Страх Фей
|-singleturn|p1a: Страх Фей|Protect
|move|p2a: Pelipper|Protect||[still]
|-fail|p2a: Pelipper
|
|-weather|RainDance|[upkeep]
|upkeep
|turn|7
|
|t:|1759062941
|move|p1a: Страх Фей|Gigaton Hammer|p2a: Pelipper
|-resisted|p2a: Pelipper
|-damage|p2a: Pelipper|0 fnt
|faint|p2a: Pelipper
|
|-weather|RainDance|[upkeep]
|upkeep
|
|t:|1759062948
|switch|p2a: Blastoise|Blastoise, M|100/100
|turn|8
|
|t:|1759062956
|move|p1a: Страх Фей|Protect|p1a: Страх Фей
|-singleturn|p1a: Страх Фей|Protect
|move|p2a: Blastoise|Body Slam|p1a: Страх Фей
|-activate|p1a: Страх Фей|move: Protect
|
|-weather|RainDance|[upkeep]
|upkeep
|turn|9
|
|t:|1759062968
|switch|p2a: Snorlax|Snorlax, F|100/100
|move|p1a: Страх Фей|Gigaton Hammer|p2a: Snorlax
|-damage|p2a: Snorlax|0 fnt
|faint|p2a: Snorlax
|
|-weather|RainDance|[upkeep]
|upkeep
|
|t:|1759062979
|switch|p2a: Hatterene|Hatterene, F|100/100
|turn|10
|
|t:|1759062984
|move|p1a: Страх Фей|Protect|p1a: Страх Фей
|-singleturn|p1a: Страх Фей|Protect
|move|p2a: Hatterene|Mystical Fire|p1a: Страх Фей
|-activate|p1a: Страх Фей|move: Protect
|
|-weather|none
|upkeep
|turn|11
|-activate|p2a: Hatterene|item: Quick Claw
|
|t:|1759063000
|move|p2a: Hatterene|Pain Split|p1a: Страх Фей
|-sethp|p1a: Страх Фей|57/100|[from] move: Pain Split|[silent]
|-sethp|p2a: Hatterene|70/100|[from] move: Pain Split
|move|p1a: Страх Фей|Gigaton Hammer|p2a: Hatterene
|-supereffective|p2a: Hatterene
|-damage|p2a: Hatterene|0 fnt
|faint|p2a: Hatterene
|
|upkeep
|
|t:|1759063010
|switch|p2a: Blastoise|Blastoise, M|100/100
|turn|12
|
|t:|1759063015
|move|p1a: Страх Фей|Protect|p1a: Страх Фей
|-singleturn|p1a: Страх Фей|Protect
|move|p2a: Blastoise|Body Slam|p1a: Страх Фей
|-activate|p1a: Страх Фей|move: Protect
|
|upkeep
|turn|13
|
|t:|1759063024
|move|p1a: Страх Фей|Gigaton Hammer|p2a: Blastoise
|-resisted|p2a: Blastoise
|-damage|p2a: Blastoise|0 fnt
|faint|p2a: Blastoise
|
|win|Bogatyum
|raw|Bogatyum's rating: 1000 &rarr; <strong>1040</strong><br />(+40 for winning)
|raw|dencos's rating: 1000 &rarr; <strong>1000</strong><br />(+0 for losing)
