|badge|p2|bronze|gen9ou|100-6
|html|<div class="broadcast-red"><strong>This battle is required to be public due to one or more player having a season medal.</strong><br />During the public phase, you can discuss the state of the ladder <a href="/seasondiscussion">in a special chatroom.</a></div>
|uhtml|medal-msg|<div class="broadcast-blue">Curious what those medals under the avatar are? PS now has Ladder Seasons! For more information, check out the <a href="https://www.smogon.com/forums/threads/3740067/">thread on Smogon.</a></div>
|raw|<div class="broadcast-blue"><strong>This battle is required to be public due to a player having a name starting with 'medal'.</div>
|j|☆Ladder Historian
|j|☆LK Ka’ena 21
|t:|1759045663
|gametype|singles
|player|p1|Ladder Historian|102|1820
|player|p2|LK Ka’ena 21|clerkf|1817
|gen|9
|tier|[Gen 9] OU
|rated|
|rule|HP Percentage Mod: HP is shown in percentages
|rule|Endless Battle Clause: Forcing endless battles is banned
|rule|Species Clause: Limit one of each Pokémon
|rule|OHKO Clause: OHKO moves are banned
|rule|Evasion Items Clause: Evasion items are banned
|rule|Evasion Moves Clause: Evasion moves are banned
|rule|Evasion Abilities Clause: Evasion abilities are banned
|rule|Sleep Moves Clause: Sleep-inducing moves are banned
|clearpoke
|poke|p1|Dragonite, F|
|poke|p1|Zamazenta-*|
|poke|p1|Iron Valiant|
|poke|p1|Raging Bolt|
|poke|p1|Great Tusk|
|poke|p1|Deoxys-Speed|
|poke|p2|Diancie|
|poke|p2|Samurott-Hisui, M|
|poke|p2|Mimikyu, M|
|poke|p2|Ninetales-Alola, M|
|poke|p2|Hatterene, F|
|poke|p2|Kingambit, F|
|teampreview
|inactive|Battle timer is ON: inactive players will automatically lose when time's up. (requested by LK Ka’ena 21)
|
|t:|1759045667
|teamsize|p1|6
|teamsize|p2|6
|start
|switch|p1a: Deoxys|Deoxys-Speed|100/100
|switch|p2a: The Samurott|Samurott-Hisui, M, shiny|100/100
|-ability|p1a: Deoxys|Pressure
|turn|1
|j| amimec
|
|t:|1759045675
|move|p1a: Deoxys|Stealth Rock|p2a: The Samurott
|-sidestart|p2: LK Ka’ena 21|move: Stealth Rock
|move|p2a: The Samurott|Flip Turn|p1a: Deoxys
|-damage|p1a: Deoxys|59/100
|
|t:|1759045678
|switch|p2a: The Hatterene|Hatterene, F|100/100|[from] Flip Turn
|-damage|p2a: The Hatterene|88/100|[from] Stealth Rock
|
|-heal|p2a: The Hatterene|94/100|[from] item: Leftovers
|upkeep
|turn|2
|
|t:|1759045680
|move|p1a: Deoxys|Shadow Ball|p2a: The Hatterene
|-supereffective|p2a: The Hatterene
|-damage|p2a: The Hatterene|27/100
|-unboost|p2a: The Hatterene|spd|1
|-damage|p1a: Deoxys|49/100|[from] item: Life Orb
|move|p2a: The Hatterene|Trick Room|p2a: The Hatterene
|-fieldstart|move: Trick Room|[of] p2a: The Hatterene
|
|-heal|p2a: The Hatterene|33/100|[from] item: Leftovers
|upkeep
|turn|3
|
|t:|1759045683
|move|p2a: The Hatterene|Dark Pulse|p1a: Deoxys
|-supereffective|p1a: Deoxys
|-damage|p1a: Deoxys|0 fnt
|faint|p1a: Deoxys
|
|-heal|p2a: The Hatterene|39/100|[from] item: Leftovers
|upkeep
|
|t:|1759045692
|switch|p1a: Raging Bolt|Raging Bolt|100/100
|turn|4
|
|t:|1759045698
|move|p2a: The Hatterene|Draining Kiss|p1a: Raging Bolt
|-supereffective|p1a: Raging Bolt
|-damage|p1a: Raging Bolt|55/100
|-heal|p2a: The Hatterene|84/100|[from] drain|[of] p1a: Raging Bolt
|move|p1a: Raging Bolt|Calm Mind|p1a: Raging Bolt
|-boost|p1a: Raging Bolt|spa|1
|-boost|p1a: Raging Bolt|spd|1
|
|-heal|p2a: The Hatterene|89/100|[from] item: Leftovers
|-heal|p1a: Raging Bolt|61/100|[from] item: Leftovers
|upkeep
|turn|5
|
|t:|1759045705
|switch|p2a: The Mimikyu|Mimikyu, M, shiny|100/100
|-damage|p2a: The Mimikyu|88/100|[from] Stealth Rock
|move|p1a: Raging Bolt|Discharge|p2a: The Mimikyu
|-activate|p2a: The Mimikyu|ability: Disguise
|-damage|p2a: The Mimikyu|88/100
|detailschange|p2a: The Mimikyu|Mimikyu-Busted, M, shiny
|-damage|p2a: The Mimikyu|76/100|[from] pokemon: Mimikyu-Busted
|-enditem|p2a: The Mimikyu|Red Card|[of] p1a: Raging Bolt
|-end|p1a: Raging Bolt|Protosynthesis|[silent]
|drag|p1a: Zamazenta|Zamazenta|100/100
|-ability|p1a: Zamazenta|Dauntless Shield|boost
|-boost|p1a: Zamazenta|def|1
|
|upkeep
|turn|6
|
|t:|1759045711
|move|p2a: The Mimikyu|Swords Dance|p2a: The Mimikyu
|-boost|p2a: The Mimikyu|atk|2
|move|p1a: Zamazenta|Heavy Slam|p2a: The Mimikyu
|-supereffective|p2a: The Mimikyu
|-damage|p2a: The Mimikyu|0 fnt
|faint|p2a: The Mimikyu
|-damage|p1a: Zamazenta|91/100|[from] item: Life Orb
|
|-fieldend|move: Trick Room
|upkeep
|
|t:|1759045718
|switch|p2a: The Samurott|Samurott-Hisui, M, shiny|100/100
|-damage|p2a: The Samurott|88/100|[from] Stealth Rock
|turn|7
|
|t:|1759045724
|move|p2a: The Samurott|Ceaseless Edge|p1a: Zamazenta
|-resisted|p1a: Zamazenta
|-damage|p1a: Zamazenta|77/100
|-sidestart|p1: Ladder Historian|Spikes
|move|p1a: Zamazenta|Close Combat|p2a: The Samurott
|-supereffective|p2a: The Samurott
|-damage|p2a: The Samurott|0 fnt
|-unboost|p1a: Zamazenta|def|1
|-unboost|p1a: Zamazenta|spd|1
|faint|p2a: The Samurott
|-damage|p1a: Zamazenta|67/100|[from] item: Life Orb
|
|upkeep
|
|t:|1759045739
|switch|p2a: The Diancie|Diancie|100/100
|-damage|p2a: The Diancie|88/100|[from] Stealth Rock
|turn|8
|
|t:|1759045743
|-terastallize|p2a: The Diancie|Fighting
|move|p1a: Zamazenta|Close Combat|p2a: The Diancie
|-damage|p2a: The Diancie|35/100
|-unboost|p1a: Zamazenta|def|1
|-unboost|p1a: Zamazenta|spd|1
|-damage|p1a: Zamazenta|57/100|[from] item: Life Orb
|move|p2a: The Diancie|Trick Room|p2a: The Diancie
|-fieldstart|move: Trick Room|[of] p2a: The Diancie
|
|-heal|p2a: The Diancie|41/100|[from] item: Leftovers
|upkeep
|turn|9
|
|t:|1759045748
|switch|p1a: Raging Bolt|Raging Bolt|61/100
|-damage|p1a: Raging Bolt|49/100|[from] Spikes
|move|p2a: The Diancie|Diamond Storm|p1a: Raging Bolt
|-damage|p1a: Raging Bolt|18/100
|
|-heal|p2a: The Diancie|47/100|[from] item: Leftovers
|-heal|p1a: Raging Bolt|24/100|[from] item: Leftovers
|upkeep
|turn|10
|
|t:|1759045750
|move|p2a: The Diancie|Diamond Storm|p1a: Raging Bolt
|-damage|p1a: Raging Bolt|0 fnt
|faint|p1a: Raging Bolt
|-end|p1a: Raging Bolt|Protosynthesis|[silent]
|
|-heal|p2a: The Diancie|53/100|[from] item: Leftovers
|upkeep
|
|t:|1759045760
|switch|p1a: Dragonite|Dragonite, F|100/100
|turn|11
|
|t:|1759045766
|-terastallize|p1a: Dragonite|Ground
|move|p2a: The Diancie|Diamond Storm|p1a: Dragonite
|-resisted|p1a: Dragonite
|-damage|p1a: Dragonite|92/100
|-boost|p2a: The Diancie|def|2
|move|p1a: Dragonite|Dragon Dance|p1a: Dragonite
|-boost|p1a: Dragonite|atk|1
|-boost|p1a: Dragonite|spe|1
|
|-heal|p2a: The Diancie|59/100|[from] item: Leftovers
|-heal|p1a: Dragonite|99/100|[from] item: Leftovers
|upkeep
|turn|12
|j| locked in bro
|
|t:|1759045772
|move|p2a: The Diancie|Encore|p1a: Dragonite
|-start|p1a: Dragonite|Encore
|move|p1a: Dragonite|Dragon Dance|p1a: Dragonite
|-boost|p1a: Dragonite|atk|1
|-boost|p1a: Dragonite|spe|1
|
|-heal|p2a: The Diancie|65/100|[from] item: Leftovers
|-heal|p1a: Dragonite|100/100|[from] item: Leftovers
|-fieldend|move: Trick Room
|upkeep
|turn|13
|
|t:|1759045778
|move|p1a: Dragonite|Dragon Dance|p1a: Dragonite
|-boost|p1a: Dragonite|atk|1
|-boost|p1a: Dragonite|spe|1
|move|p2a: The Diancie|Trick Room|p2a: The Diancie
|-fieldstart|move: Trick Room|[of] p2a: The Diancie
|
|-heal|p2a: The Diancie|71/100|[from] item: Leftovers
|upkeep
|turn|14
|
|t:|1759045784
|move|p2a: The Diancie|Diamond Storm|p1a: Dragonite
|-resisted|p1a: Dragonite
|-damage|p1a: Dragonite|93/100
|move|p1a: Dragonite|Dragon Dance|p1a: Dragonite
|-boost|p1a: Dragonite|atk|1
|-boost|p1a: Dragonite|spe|1
|
|-heal|p2a: The Diancie|77/100|[from] item: Leftovers
|-heal|p1a: Dragonite|99/100|[from] item: Leftovers
|-end|p1a: Dragonite|Encore
|upkeep
|turn|15
|
|t:|1759045788
|move|p2a: The Diancie|Body Press|p1a: Dragonite
|-damage|p1a: Dragonite|8/100
|move|p1a: Dragonite|Earthquake|p2a: The Diancie
|-damage|p2a: The Diancie|31/100
|
|-heal|p2a: The Diancie|37/100|[from] item: Leftovers
|-heal|p1a: Dragonite|14/100|[from] item: Leftovers
|upkeep
|turn|16
|
|t:|1759045792
|move|p2a: The Diancie|Body Press|p1a: Dragonite
|-damage|p1a: Dragonite|0 fnt
|faint|p1a: Dragonite
|
|-heal|p2a: The Diancie|43/100|[from] item: Leftovers
|upkeep
|
|t:|1759045798
|switch|p1a: Great Tusk|Great Tusk|100/100
|-damage|p1a: Great Tusk|88/100|[from] Spikes
|-enditem|p1a: Great Tusk|Booster Energy
|-activate|p1a: Great Tusk|ability: Protosynthesis|[fromitem]
|-start|p1a: Great Tusk|protosynthesisspe
|turn|17
|
|t:|1759045803
|move|p2a: The Diancie|Diamond Storm|p1a: Great Tusk
|-resisted|p1a: Great Tusk
|-damage|p1a: Great Tusk|83/100
|move|p1a: Great Tusk|Headlong Rush|p2a: The Diancie
|-damage|p2a: The Diancie|26/100
|-unboost|p1a: Great Tusk|def|1
|-unboost|p1a: Great Tusk|spd|1
|
|-heal|p2a: The Diancie|32/100|[from] item: Leftovers
|-fieldend|move: Trick Room
|upkeep
|turn|18
|
|t:|1759045807
|move|p1a: Great Tusk|Taunt|p2a: The Diancie
|-start|p2a: The Diancie|move: Taunt
|cant|p2a: The Diancie|move: Taunt|Trick Room
|
|-heal|p2a: The Diancie|38/100|[from] item: Leftovers
|upkeep
|turn|19
|
|t:|1759045823
|move|p1a: Great Tusk|Headlong Rush|p2a: The Diancie
|-damage|p2a: The Diancie|21/100
|-unboost|p1a: Great Tusk|def|1
|-unboost|p1a: Great Tusk|spd|1
|move|p2a: The Diancie|Diamond Storm|p1a: Great Tusk
|-resisted|p1a: Great Tusk
|-damage|p1a: Great Tusk|71/100
|
|-heal|p2a: The Diancie|27/100|[from] item: Leftovers
|upkeep
|turn|20
|
|t:|1759045830
|move|p1a: Great Tusk|Headlong Rush|p2a: The Diancie
|-damage|p2a: The Diancie|10/100
|-unboost|p1a: Great Tusk|def|1
|-unboost|p1a: Great Tusk|spd|1
|move|p2a: The Diancie|Body Press|p1a: Great Tusk
|-damage|p1a: Great Tusk|0 fnt
|faint|p1a: Great Tusk
|-end|p1a: Great Tusk|Protosynthesis|[silent]
|
|-heal|p2a: The Diancie|16/100|[from] item: Leftovers
|-end|p2a: The Diancie|move: Taunt
|upkeep
|
|t:|1759045832
|switch|p1a: Iron Valiant|Iron Valiant|100/100
|-damage|p1a: Iron Valiant|88/100|[from] Spikes
|-enditem|p1a: Iron Valiant|Booster Energy
|-activate|p1a: Iron Valiant|ability: Quark Drive|[fromitem]
|-start|p1a: Iron Valiant|quarkdrivespe
|turn|21
|
|t:|1759045834
|move|p1a: Iron Valiant|Moonblast|p2a: The Diancie
|-supereffective|p2a: The Diancie
|-damage|p2a: The Diancie|0 fnt
|faint|p2a: The Diancie
|
|upkeep
|
|t:|1759045839
|switch|p2a: The A9|Ninetales-Alola, M|100/100
|-damage|p2a: The A9|76/100|[from] Stealth Rock
|-weather|Snowscape|[from] ability: Snow Warning|[of] p2a: The A9
|turn|22
|
|t:|1759045843
|move|p1a: Iron Valiant|Moonblast|p2a: The A9
|-crit|p2a: The A9
|-damage|p2a: The A9|0 fnt
|faint|p2a: The A9
|
|-weather|Snowscape|[upkeep]
|upkeep
|
|t:|1759045848
|switch|p2a: The Hatterene|Hatterene, F|89/100
|-damage|p2a: The Hatterene|77/100|[from] Stealth Rock
|turn|23
|
|t:|1759045851
|move|p1a: Iron Valiant|Moonblast|p2a: The Hatterene
|-damage|p2a: The Hatterene|25/100
|-unboost|p2a: The Hatterene|spa|1
|move|p2a: The Hatterene|Trick Room|p2a: The Hatterene
|-fieldstart|move: Trick Room|[of] p2a: The Hatterene
|
|-weather|Snowscape|[upkeep]
|-heal|p2a: The Hatterene|31/100|[from] item: Leftovers
|upkeep
|turn|24
|
|t:|1759045860
|move|p2a: The Hatterene|Draining Kiss|p1a: Iron Valiant
|-supereffective|p1a: Iron Valiant
|-damage|p1a: Iron Valiant|24/100
|-heal|p2a: The Hatterene|75/100|[from] drain|[of] p1a: Iron Valiant
|move|p1a: Iron Valiant|Moonblast|p2a: The Hatterene
|-damage|p2a: The Hatterene|25/100
|-unboost|p2a: The Hatterene|spa|1
|
|-weather|Snowscape|[upkeep]
|-heal|p2a: The Hatterene|31/100|[from] item: Leftovers
|upkeep
|turn|25
|
|t:|1759045864
|move|p2a: The Hatterene|Draining Kiss|p1a: Iron Valiant
|-supereffective|p1a: Iron Valiant
|-damage|p1a: Iron Valiant|0 fnt
|-heal|p2a: The Hatterene|47/100|[from] drain|[of] p1a: Iron Valiant
|faint|p1a: Iron Valiant
|-end|p1a: Iron Valiant|Quark Drive|[silent]
|
|-weather|Snowscape|[upkeep]
|-heal|p2a: The Hatterene|53/100|[from] item: Leftovers
|upkeep
|
|t:|1759045867
|switch|p1a: Zamazenta|Zamazenta|57/100
|-damage|p1a: Zamazenta|45/100|[from] Spikes
|turn|26
|
|t:|1759045869
|move|p2a: The Hatterene|Calm Mind|p2a: The Hatterene
|-boost|p2a: The Hatterene|spa|1
|-boost|p2a: The Hatterene|spd|1
|move|p1a: Zamazenta|Heavy Slam|p2a: The Hatterene
|-supereffective|p2a: The Hatterene
|-damage|p2a: The Hatterene|0 fnt
|faint|p2a: The Hatterene
|-damage|p1a: Zamazenta|35/100|[from] item: Life Orb
|
|-weather|none
|upkeep
|
|t:|1759045871
|switch|p2a: The Kingambit|Kingambit, F|100/100
|-damage|p2a: The Kingambit|94/100|[from] Stealth Rock
|-activate|p2a: The Kingambit|ability: Supreme Overlord
|-start|p2a: The Kingambit|fallen5|[silent]
|turn|27
|
|t:|1759045873
|move|p2a: The Kingambit|Iron Head|p1a: Zamazenta
|-damage|p1a: Zamazenta|0 fnt
|faint|p1a: Zamazenta
|
|win|LK Ka’ena 21
|raw|Ladder Historian's rating: 1820 &rarr; <strong>1800</strong><br />(-20 for losing)
|raw|LK Ka’ena 21's rating: 1817 &rarr; <strong>1837</strong><br />(+20 for winning)
|l|☆LK Ka’ena 21
|player|p2|
|l| amimec
