|j|☆Attackthegoat
|j|☆preppy dude
|t:|1759032440
|gametype|singles
|player|p1|Attackthegoat|170|1267
|player|p2|preppy dude|169|1276
|gen|9
|tier|[Gen 9] OU
|rated|
|rule|HP Percentage Mod: HP is shown in percentages
|rule|Endless Battle Clause: Forcing endless battles is banned
|rule|Species Clause: Limit one of each Pokémon
|rule|OHKO Clause: OHKO moves are banned
|rule|Evasion Items Clause: Evasion items are banned
|rule|Evasion Moves Clause: Evasion moves are banned
|rule|Evasion Abilities Clause: Evasion abilities are banned
|rule|Sleep Moves Clause: Sleep-inducing moves are banned
|clearpoke
|poke|p1|Dragonite, M|
|poke|p1|Great Tusk|
|poke|p1|Latios, M|
|poke|p1|Gardevoir, F|
|poke|p1|Quaquaval, M|
|poke|p1|Galvantula, M|
|poke|p2|Zapdos|
|poke|p2|Golem, M|
|poke|p2|Arbok, F|
|poke|p2|Rhydon, F|
|poke|p2|Magneton|
|poke|p2|Dodrio, M|
|teampreview
|l|☆preppy dude
|player|p2|
|
|t:|1759032478
|teamsize|p1|6
|teamsize|p2|6
|start
|switch|p1a: Galvantula|Galvantula, M|100/100
|switch|p2a: Golem|Golem, M|100/100
|turn|1
|j|☆preppy dude
|player|p2|preppy dude|169|
|
|t:|1759032485
|move|p1a: Galvantula|Energy Ball|p2a: Golem
|-supereffective|p2a: Golem
|-ability|p2a: Golem|Sturdy
|-damage|p2a: Golem|1/100
|move|p2a: Golem|Rock Blast|p1a: Galvantula
|-supereffective|p1a: Galvantula
|-damage|p1a: Galvantula|53/100
|-supereffective|p1a: Galvantula
|-damage|p1a: Galvantula|2/100
|-supereffective|p1a: Galvantula
|-damage|p1a: Galvantula|0 fnt
|faint|p1a: Galvantula
|-hitcount|p1: Galvantula|3
|
|upkeep
|inactive|Battle timer is ON: inactive players will automatically lose when time's up. (requested by preppy dude)
|
|t:|1759032495
|switch|p1a: Quaquaval|Quaquaval, M|100/100
|turn|2
|
|t:|1759032501
|switch|p2a: Arbok|Arbok, F|100/100
|-ability|p2a: Arbok|Intimidate|boost
|-unboost|p1a: Quaquaval|atk|1
|move|p1a: Quaquaval|Aqua Step|p2a: Arbok
|-damage|p2a: Arbok|40/100
|-boost|p1a: Quaquaval|spe|1
|
|upkeep
|turn|3
|
|t:|1759032510
|switch|p2a: Zapdos|Zapdos|100/100
|move|p1a: Quaquaval|Aqua Step|p2a: Zapdos
|-damage|p2a: Zapdos|64/100
|-boost|p1a: Quaquaval|spe|1
|
|-heal|p2a: Zapdos|71/100|[from] item: Leftovers
|upkeep
|turn|4
|
|t:|1759032519
|switch|p1a: Great Tusk|Great Tusk|100/100
|-enditem|p1a: Great Tusk|Booster Energy
|-activate|p1a: Great Tusk|ability: Protosynthesis|[fromitem]
|-start|p1a: Great Tusk|protosynthesisatk
|move|p2a: Zapdos|Air Cutter|p1a: Great Tusk
|-supereffective|p1a: Great Tusk
|-damage|p1a: Great Tusk|23/100
|
|-heal|p2a: Zapdos|77/100|[from] item: Leftovers
|upkeep
|turn|5
|
|t:|1759032528
|move|p2a: Zapdos|Air Cutter|p1a: Great Tusk|[miss]
|-miss|p2a: Zapdos|p1a: Great Tusk
|move|p1a: Great Tusk|Rapid Spin|p2a: Zapdos
|-damage|p2a: Zapdos|55/100
|-boost|p1a: Great Tusk|spe|1
|
|-heal|p2a: Zapdos|61/100|[from] item: Leftovers
|upkeep
|turn|6
|
|t:|1759032537
|move|p1a: Great Tusk|Ice Spinner|p2a: Zapdos
|-supereffective|p2a: Zapdos
|-damage|p2a: Zapdos|0 fnt
|faint|p2a: Zapdos
|
|upkeep
|
|t:|1759032544
|switch|p2a: Rhydon|Rhydon, F|100/100
|turn|7
|
|t:|1759032549
|-terastallize|p2a: Rhydon|Ghost
|move|p1a: Great Tusk|Close Combat|p2a: Rhydon
|-immune|p2a: Rhydon
|move|p2a: Rhydon|Earthquake|p1a: Great Tusk
|-damage|p1a: Great Tusk|0 fnt
|faint|p1a: Great Tusk
|-end|p1a: Great Tusk|Protosynthesis|[silent]
|
|upkeep
|
|t:|1759032560
|switch|p1a: Quaquaval|Quaquaval, M|100/100
|turn|8
|
|t:|1759032564
|move|p1a: Quaquaval|Aqua Step|p2a: Rhydon
|-damage|p2a: Rhydon|73/100
|-boost|p1a: Quaquaval|spe|1
|move|p2a: Rhydon|Earthquake|p1a: Quaquaval
|-damage|p1a: Quaquaval|26/100
|
|upkeep
|turn|9
|
|t:|1759032571
|switch|p1a: Latios|Latios, M|100/100
|move|p2a: Rhydon|Earthquake|p1a: Latios
|-immune|p1a: Latios|[from] ability: Levitate
|
|upkeep
|turn|10
|
|t:|1759032580
|move|p1a: Latios|Dragon Pulse|p2a: Rhydon
|-damage|p2a: Rhydon|21/100
|move|p2a: Rhydon|Avalanche|p1a: Latios
|-supereffective|p1a: Latios
|-damage|p1a: Latios|0 fnt
|faint|p1a: Latios
|
|upkeep
|
|t:|1759032591
|switch|p1a: Quaquaval|Quaquaval, M|26/100
|turn|11
|
|t:|1759032596
|switch|p2a: Arbok|Arbok, F|40/100
|-ability|p2a: Arbok|Intimidate|boost
|-unboost|p1a: Quaquaval|atk|1
|move|p1a: Quaquaval|Aqua Step|p2a: Arbok
|-damage|p2a: Arbok|0 fnt
|-boost|p1a: Quaquaval|spe|1
|faint|p2a: Arbok
|-ability|p1a: Quaquaval|Moxie|boost
|-boost|p1a: Quaquaval|atk|1
|
|upkeep
|
|t:|1759032607
|switch|p2a: Golem|Golem, M|1/100
|turn|12
|-enditem|p2a: Golem|Custap Berry|[eat]
|-activate|p2a: Golem|item: Custap Berry|[consumed]
|
|t:|1759032614
|move|p2a: Golem|Explosion|p1a: Quaquaval
|-damage|p1a: Quaquaval|0 fnt
|faint|p2a: Golem
|faint|p1a: Quaquaval
|
|upkeep
|
|t:|1759032624
|switch|p1a: Gardevoir|Gardevoir, F|100/100
|switch|p2a: Magneton|Magneton|100/100
|-ability|p1a: Gardevoir|Magnet Pull|Trace|[from] ability: Trace|[of] p2a: Magneton
|turn|13
|
|t:|1759032633
|-terastallize|p1a: Gardevoir|Fire
|move|p2a: Magneton|Steel Beam|p1a: Gardevoir
|-resisted|p1a: Gardevoir
|-damage|p1a: Gardevoir|75/100
|-damage|p2a: Magneton|50/100|[from] steelbeam
|move|p1a: Gardevoir|Mystical Fire|p2a: Magneton
|-supereffective|p2a: Magneton
|-damage|p2a: Magneton|0 fnt
|faint|p2a: Magneton
|
|-heal|p1a: Gardevoir|81/100|[from] item: Leftovers
|upkeep
|
|t:|1759032646
|switch|p2a: Dodrio|Dodrio, M|100/100
|turn|14
|
|t:|1759032650
|move|p2a: Dodrio|Thrash|p1a: Gardevoir
|-damage|p1a: Gardevoir|0 fnt
|faint|p1a: Gardevoir
|
|upkeep
|
|t:|1759032654
|switch|p1a: Dragonite|Dragonite, M|100/100
|turn|15
|
|t:|1759032658
|move|p2a: Dodrio|Thrash|p1a: Dragonite|[from] lockedmove
|-damage|p1a: Dragonite|72/100
|move|p1a: Dragonite|Dragon Claw|p2a: Dodrio
|-damage|p2a: Dodrio|20/100
|
|upkeep
|turn|16
|
|t:|1759032665
|move|p1a: Dragonite|Extreme Speed|p2a: Dodrio
|-damage|p2a: Dodrio|0 fnt
|faint|p2a: Dodrio
|
|upkeep
|
|t:|1759032670
|switch|p2a: Rhydon|Rhydon, F, tera:Ghost|21/100
|turn|17
|
|t:|1759032675
|move|p1a: Dragonite|Dragon Claw|p2a: Rhydon
|-damage|p2a: Rhydon|0 fnt
|faint|p2a: Rhydon
|
|win|Attackthegoat
|raw|Attackthegoat's rating: 1267 &rarr; <strong>1293</strong><br />(+26 for winning)
|raw|preppy dude's rating: 1276 &rarr; <strong>1250</strong><br />(-26 for losing)
|l|☆Attackthegoat
|player|p1|
|l|☆preppy dude
|player|p2|
