|j|☆KuroNoTamashi
|j|‽tasty sardine 408
|t:|1759004978
|gametype|singles
|player|p1|KuroNoTamashi|265|1612
|player|p2|tasty sardine 408|harlequin|1573
|gen|9
|tier|[Gen 9] OU
|rated|
|rule|HP Percentage Mod: HP is shown in percentages
|rule|Endless Battle Clause: Forcing endless battles is banned
|rule|Species Clause: Limit one of each Pokémon
|rule|OHKO Clause: OHKO moves are banned
|rule|Evasion Items Clause: Evasion items are banned
|rule|Evasion Moves Clause: Evasion moves are banned
|rule|Evasion Abilities Clause: Evasion abilities are banned
|rule|Sleep Moves Clause: Sleep-inducing moves are banned
|clearpoke
|poke|p1|Iron Crown|
|poke|p1|Pincurchin, M|
|poke|p1|Iron Valiant|
|poke|p1|Pelipper, F|
|poke|p1|Barraskewda, F|
|poke|p1|Landorus-Therian, M|
|poke|p2|Umbreon, F|
|poke|p2|Serperior, F|
|poke|p2|Cresselia, F|
|poke|p2|Revavroom, F|
|poke|p2|Skeledirge, F|
|poke|p2|Manaphy|
|teampreview
|inactive|Battle timer is ON: inactive players will automatically lose when time's up. (requested by tasty sardine 408)
|
|t:|1759004986
|teamsize|p1|6
|teamsize|p2|6
|start
|switch|p1a: Pelipper|Pelipper, F|100/100
|switch|p2a: Serperior|Serperior, F, shiny|100/100
|-weather|RainDance|[from] ability: Drizzle|[of] p1a: Pelipper
|turn|1
|
|t:|1759004988
|move|p2a: Serperior|Glare|p1a: Pelipper
|-status|p1a: Pelipper|par
|move|p1a: Pelipper|U-turn|p2a: Serperior
|-supereffective|p2a: Serperior
|-damage|p2a: Serperior|84/100
|
|t:|1759004996
|switch|p1a: Barraskewda|Barraskewda, F|100/100|[from] U-turn
|
|-weather|RainDance|[upkeep]
|-heal|p2a: Serperior|90/100|[from] item: Leftovers
|upkeep
|turn|2
|
|t:|1759005003
|move|p1a: Barraskewda|Flip Turn|p2a: Serperior
|-resisted|p2a: Serperior
|-damage|p2a: Serperior|52/100
|
|t:|1759005006
|switch|p1a: Pelipper|Pelipper, F|100/100 par|[from] Flip Turn
|move|p2a: Serperior|Glare|p1a: Pelipper
|-fail|p1a: Pelipper|par
|
|-weather|RainDance|[upkeep]
|-heal|p2a: Serperior|58/100|[from] item: Leftovers
|upkeep
|turn|3
|
|t:|1759005008
|move|p2a: Serperior|Synthesis|p2a: Serperior
|-heal|p2a: Serperior|83/100
|move|p1a: Pelipper|U-turn|p2a: Serperior
|-supereffective|p2a: Serperior
|-damage|p2a: Serperior|67/100
|
|t:|1759005014
|switch|p1a: Barraskewda|Barraskewda, F|100/100|[from] U-turn
|
|-weather|RainDance|[upkeep]
|-heal|p2a: Serperior|73/100|[from] item: Leftovers
|upkeep
|turn|4
|j| Sleepy Guthix
|
|t:|1759005015
|-terastallize|p1a: Barraskewda|Water
|move|p1a: Barraskewda|Waterfall|p2a: Serperior
|-resisted|p2a: Serperior
|-damage|p2a: Serperior|3/100
|move|p2a: Serperior|Synthesis|p2a: Serperior
|-heal|p2a: Serperior|28/100
|
|-weather|RainDance|[upkeep]
|-heal|p2a: Serperior|34/100|[from] item: Leftovers
|upkeep
|turn|5
|
|t:|1759005022
|move|p1a: Barraskewda|Waterfall|p2a: Serperior
|-resisted|p2a: Serperior
|-damage|p2a: Serperior|0 fnt
|faint|p2a: Serperior
|
|-weather|RainDance|[upkeep]
|upkeep
|
|t:|1759005024
|switch|p2a: Manaphy|Manaphy, shiny|100/100
|turn|6
|
|t:|1759005027
|move|p1a: Barraskewda|Waterfall|p2a: Manaphy
|-resisted|p2a: Manaphy
|-damage|p2a: Manaphy|49/100
|move|p2a: Manaphy|Acid Armor|p2a: Manaphy
|-boost|p2a: Manaphy|def|2
|
|-weather|RainDance|[upkeep]
|-heal|p2a: Manaphy|55/100|[from] item: Leftovers
|upkeep
|turn|7
|
|t:|1759005030
|move|p1a: Barraskewda|Waterfall|p2a: Manaphy
|-resisted|p2a: Manaphy
|-damage|p2a: Manaphy|28/100
|cant|p2a: Manaphy|flinch
|
|-weather|RainDance|[upkeep]
|-heal|p2a: Manaphy|35/100|[from] item: Leftovers
|upkeep
|turn|8
|
|t:|1759005034
|move|p1a: Barraskewda|Waterfall|p2a: Manaphy
|-resisted|p2a: Manaphy
|-damage|p2a: Manaphy|6/100
|move|p2a: Manaphy|Scald|p1a: Barraskewda
|-resisted|p1a: Barraskewda
|-damage|p1a: Barraskewda|58/100
|-status|p1a: Barraskewda|brn
|
|-weather|none
|-heal|p2a: Manaphy|12/100|[from] item: Leftovers
|-damage|p1a: Barraskewda|52/100 brn|[from] brn
|upkeep
|turn|9
|l| Sleepy Guthix
|
|t:|1759005041
|move|p1a: Barraskewda|Waterfall|p2a: Manaphy
|-resisted|p2a: Manaphy
|-damage|p2a: Manaphy|3/100
|move|p2a: Manaphy|Scald|p1a: Barraskewda
|-resisted|p1a: Barraskewda
|-damage|p1a: Barraskewda|21/100 brn
|
|-heal|p2a: Manaphy|9/100|[from] item: Leftovers
|-damage|p1a: Barraskewda|15/100 brn|[from] brn
|upkeep
|turn|10
|
|t:|1759005049
|move|p1a: Barraskewda|Waterfall|p2a: Manaphy
|-resisted|p2a: Manaphy
|-damage|p2a: Manaphy|1/100
|cant|p2a: Manaphy|flinch
|
|-heal|p2a: Manaphy|7/100|[from] item: Leftovers
|-damage|p1a: Barraskewda|8/100 brn|[from] brn
|upkeep
|turn|11
|
|t:|1759005053
|move|p1a: Barraskewda|Waterfall|p2a: Manaphy
|-resisted|p2a: Manaphy
|-damage|p2a: Manaphy|0 fnt
|faint|p2a: Manaphy
|
|-damage|p1a: Barraskewda|2/100 brn|[from] brn
|upkeep
|
|t:|1759005056
|switch|p2a: Umbreon|Umbreon, F, shiny|100/100
|turn|12
|
|t:|1759005059
|switch|p1a: Pelipper|Pelipper, F|100/100 par
|-weather|RainDance|[from] ability: Drizzle|[of] p1a: Pelipper
|move|p2a: Umbreon|Protect||[still]
|-fail|p2a: Umbreon
|
|-weather|RainDance|[upkeep]
|upkeep
|turn|13
|
|t:|1759005063
|move|p2a: Umbreon|Wish|p2a: Umbreon
|move|p1a: Pelipper|U-turn|p2a: Umbreon
|-supereffective|p2a: Umbreon
|-damage|p2a: Umbreon|89/100
|
|t:|1759005066
|switch|p1a: Pincurchin|Pincurchin, M, shiny|100/100|[from] U-turn
|-fieldstart|move: Electric Terrain|[from] ability: Electric Surge|[of] p1a: Pincurchin
|
|-weather|RainDance|[upkeep]
|-heal|p2a: Umbreon|95/100|[from] item: Leftovers
|upkeep
|turn|14
|
|t:|1759005068
|move|p2a: Umbreon|Toxic|p1a: Pincurchin
|-status|p1a: Pincurchin|tox
|move|p1a: Pincurchin|Spikes|p2a: Umbreon
|-sidestart|p2: tasty sardine 408|Spikes
|
|-weather|RainDance|[upkeep]
|-heal|p2a: Umbreon|100/100|[from] move: Wish|[wisher] Umbreon
|-damage|p1a: Pincurchin|94/100 tox|[from] psn
|upkeep
|turn|15
|
|t:|1759005070
|move|p2a: Umbreon|Foul Play|p1a: Pincurchin
|-damage|p1a: Pincurchin|72/100 tox
|move|p1a: Pincurchin|Spikes|p2a: Umbreon
|-sidestart|p2: tasty sardine 408|Spikes
|
|-weather|RainDance|[upkeep]
|-damage|p1a: Pincurchin|60/100 tox|[from] psn
|upkeep
|turn|16
|
|t:|1759005072
|move|p2a: Umbreon|Foul Play|p1a: Pincurchin
|-damage|p1a: Pincurchin|38/100 tox
|move|p1a: Pincurchin|Spikes|p2a: Umbreon
|-sidestart|p2: tasty sardine 408|Spikes
|
|-weather|RainDance|[upkeep]
|-damage|p1a: Pincurchin|20/100 tox|[from] psn
|upkeep
|turn|17
|
|t:|1759005074
|switch|p1a: Barraskewda|Barraskewda, F, tera:Water|2/100 brn
|move|p2a: Umbreon|Foul Play|p1a: Barraskewda
|-damage|p1a: Barraskewda|0 fnt
|faint|p1a: Barraskewda
|
|-weather|RainDance|[upkeep]
|upkeep
|
|t:|1759005076
|switch|p1a: Iron Crown|Iron Crown|100/100
|-activate|p1a: Iron Crown|ability: Quark Drive
|-start|p1a: Iron Crown|quarkdrivespa
|turn|18
|
|t:|1759005081
|move|p1a: Iron Crown|Tachyon Cutter|p2a: Umbreon
|-damage|p2a: Umbreon|74/100
|-damage|p2a: Umbreon|45/100
|-hitcount|p2a: Umbreon|2
|move|p2a: Umbreon|Foul Play|p1a: Iron Crown
|-supereffective|p1a: Iron Crown
|-damage|p1a: Iron Crown|54/100
|
|-weather|RainDance|[upkeep]
|-heal|p2a: Umbreon|52/100|[from] item: Leftovers
|upkeep
|turn|19
|
|t:|1759005086
|move|p2a: Umbreon|Protect|p2a: Umbreon
|-singleturn|p2a: Umbreon|Protect
|move|p1a: Iron Crown|Tachyon Cutter|p2a: Umbreon
|-activate|p2a: Umbreon|move: Protect
|
|-weather|none
|-heal|p2a: Umbreon|58/100|[from] item: Leftovers
|upkeep
|turn|20
|
|t:|1759005087
|move|p1a: Iron Crown|Tachyon Cutter|p2a: Umbreon
|-damage|p2a: Umbreon|27/100
|-damage|p2a: Umbreon|0 fnt
|faint|p2a: Umbreon
|-hitcount|p2: Umbreon|2
|
|-fieldend|move: Electric Terrain
|-end|p1a: Iron Crown|Quark Drive
|upkeep
|
|t:|1759005090
|switch|p2a: Skeledirge|Skeledirge, F, shiny|100/100
|turn|21
|
|t:|1759005093
|-end|p1a: Iron Crown|Quark Drive|[silent]
|switch|p1a: Pincurchin|Pincurchin, M, shiny|20/100 tox
|-fieldstart|move: Electric Terrain|[from] ability: Electric Surge|[of] p1a: Pincurchin
|move|p2a: Skeledirge|Torch Song|p1a: Pincurchin
|-damage|p1a: Pincurchin|0 fnt
|-boost|p2a: Skeledirge|spa|1
|faint|p1a: Pincurchin
|
|upkeep
|
|t:|1759005099
|switch|p1a: Pelipper|Pelipper, F|100/100 par
|-weather|RainDance|[from] ability: Drizzle|[of] p1a: Pelipper
|turn|22
|
|t:|1759005101
|move|p2a: Skeledirge|Hex|p1a: Pelipper
|-damage|p1a: Pelipper|0 fnt
|faint|p1a: Pelipper
|
|-weather|RainDance|[upkeep]
|upkeep
|
|t:|1759005104
|switch|p1a: Landorus|Landorus-Therian, M|100/100
|-ability|p1a: Landorus|Intimidate|boost
|-unboost|p2a: Skeledirge|atk|1
|turn|23
|
|t:|1759005107
|move|p1a: Landorus|Sandsear Storm|p2a: Skeledirge
|-supereffective|p2a: Skeledirge
|-crit|p2a: Skeledirge
|-damage|p2a: Skeledirge|0 fnt
|faint|p2a: Skeledirge
|
|-weather|RainDance|[upkeep]
|upkeep
|
|t:|1759005111
|switch|p2a: Cresselia|Cresselia, F, shiny|100/100
|turn|24
|
|t:|1759005118
|switch|p1a: Iron Valiant|Iron Valiant, shiny|100/100
|-activate|p1a: Iron Valiant|ability: Quark Drive
|-start|p1a: Iron Valiant|quarkdrivespe
|move|p2a: Cresselia|Calm Mind|p2a: Cresselia
|-boost|p2a: Cresselia|spa|1
|-boost|p2a: Cresselia|spd|1
|
|-weather|RainDance|[upkeep]
|upkeep
|turn|25
|
|t:|1759005121
|switch|p2a: Revavroom|Revavroom, F, shiny|100/100
|-item|p2a: Revavroom|Air Balloon
|move|p1a: Iron Valiant|Trick|p2a: Revavroom
|-activate|p1a: Iron Valiant|move: Trick|[of] p2a: Revavroom
|-item|p2a: Revavroom|Choice Band|[from] move: Trick
|-item|p1a: Iron Valiant|Air Balloon
|-item|p1a: Iron Valiant|Air Balloon|[from] move: Trick
|
|-weather|RainDance|[upkeep]
|upkeep
|turn|26
|
|t:|1759005127
|-end|p1a: Iron Valiant|Quark Drive|[silent]
|switch|p1a: Landorus|Landorus-Therian, M|100/100
|-ability|p1a: Landorus|Intimidate|boost
|-unboost|p2a: Revavroom|atk|1
|move|p2a: Revavroom|Iron Head|p1a: Landorus
|-damage|p1a: Landorus|56/100
|
|-weather|RainDance|[upkeep]
|-heal|p1a: Landorus|62/100|[from] item: Leftovers
|upkeep
|turn|27
|
|t:|1759005131
|move|p1a: Landorus|Weather Ball|p2a: Revavroom
|-damage|p2a: Revavroom|47/100
|move|p2a: Revavroom|Iron Head|p1a: Landorus
|-damage|p1a: Landorus|15/100
|
|-weather|RainDance|[upkeep]
|-heal|p1a: Landorus|21/100|[from] item: Leftovers
|upkeep
|turn|28
|
|t:|1759005134
|move|p1a: Landorus|Weather Ball|p2a: Revavroom
|-damage|p2a: Revavroom|0 fnt
|faint|p2a: Revavroom
|
|-weather|RainDance|[upkeep]
|-heal|p1a: Landorus|27/100|[from] item: Leftovers
|-fieldend|move: Electric Terrain
|upkeep
|
|t:|1759005136
|switch|p2a: Cresselia|Cresselia, F, shiny|100/100
|turn|29
|
|t:|1759005142
|switch|p1a: Iron Valiant|Iron Valiant, shiny|100/100
|-item|p1a: Iron Valiant|Air Balloon
|move|p2a: Cresselia|Moonblast|p1a: Iron Valiant
|-supereffective|p1a: Iron Valiant
|-damage|p1a: Iron Valiant|35/100
|-unboost|p1a: Iron Valiant|spa|1
|-enditem|p1a: Iron Valiant|Air Balloon
|
|-weather|none
|upkeep
|turn|30
|
|t:|1759005147
|move|p1a: Iron Valiant|Knock Off|p2a: Cresselia
|-supereffective|p2a: Cresselia
|-damage|p2a: Cresselia|64/100
|-enditem|p2a: Cresselia|Leftovers|[from] move: Knock Off|[of] p1a: Iron Valiant
|move|p2a: Cresselia|Moonblast|p1a: Iron Valiant
|-supereffective|p1a: Iron Valiant
|-damage|p1a: Iron Valiant|0 fnt
|faint|p1a: Iron Valiant
|-end|p1a: Iron Valiant|Quark Drive|[silent]
|
|upkeep
|
|t:|1759005150
|switch|p1a: Landorus|Landorus-Therian, M|27/100
|-ability|p1a: Landorus|Intimidate|boost
|-unboost|p2a: Cresselia|atk|1
|turn|31
|
|t:|1759005154
|switch|p1a: Iron Crown|Iron Crown|54/100
|move|p2a: Cresselia|Moonlight|p2a: Cresselia
|-heal|p2a: Cresselia|100/100
|
|upkeep
|turn|32
|
|t:|1759005156
|move|p1a: Iron Crown|Tachyon Cutter|p2a: Cresselia
|-damage|p2a: Cresselia|77/100
|-crit|p2a: Cresselia
|-damage|p2a: Cresselia|41/100
|-hitcount|p2a: Cresselia|2
|move|p2a: Cresselia|Calm Mind|p2a: Cresselia
|-boost|p2a: Cresselia|spa|1
|-boost|p2a: Cresselia|spd|1
|
|upkeep
|turn|33
|
|t:|1759005159
|move|p1a: Iron Crown|Tachyon Cutter|p2a: Cresselia
|-damage|p2a: Cresselia|24/100
|-damage|p2a: Cresselia|6/100
|-hitcount|p2a: Cresselia|2
|move|p2a: Cresselia|Moonlight|p2a: Cresselia
|-heal|p2a: Cresselia|56/100
|
|upkeep
|turn|34
|
|t:|1759005161
|move|p1a: Iron Crown|Tachyon Cutter|p2a: Cresselia
|-damage|p2a: Cresselia|38/100
|-damage|p2a: Cresselia|21/100
|-hitcount|p2a: Cresselia|2
|move|p2a: Cresselia|Moonlight|p2a: Cresselia
|-heal|p2a: Cresselia|71/100
|
|upkeep
|turn|35
|
|t:|1759005163
|move|p1a: Iron Crown|Tachyon Cutter|p2a: Cresselia
|-damage|p2a: Cresselia|55/100
|-damage|p2a: Cresselia|38/100
|-hitcount|p2a: Cresselia|2
|move|p2a: Cresselia|Moonlight|p2a: Cresselia
|-heal|p2a: Cresselia|88/100
|
|upkeep
|turn|36
|
|t:|1759005165
|move|p1a: Iron Crown|Tachyon Cutter|p2a: Cresselia
|-damage|p2a: Cresselia|71/100
|-damage|p2a: Cresselia|54/100
|-hitcount|p2a: Cresselia|2
|move|p2a: Cresselia|Calm Mind|p2a: Cresselia
|-boost|p2a: Cresselia|spa|1
|-boost|p2a: Cresselia|spd|1
|
|upkeep
|turn|37
|
|t:|1759005167
|move|p1a: Iron Crown|Tachyon Cutter|p2a: Cresselia
|-damage|p2a: Cresselia|42/100
|-damage|p2a: Cresselia|30/100
|-hitcount|p2a: Cresselia|2
|move|p2a: Cresselia|Moonlight|p2a: Cresselia
|-heal|p2a: Cresselia|80/100
|
|upkeep
|turn|38
|
|t:|1759005171
|move|p1a: Iron Crown|Tachyon Cutter|p2a: Cresselia
|-damage|p2a: Cresselia|69/100
|-damage|p2a: Cresselia|57/100
|-hitcount|p2a: Cresselia|2
|move|p2a: Cresselia|Calm Mind|p2a: Cresselia
|-boost|p2a: Cresselia|spa|1
|-boost|p2a: Cresselia|spd|1
|
|upkeep
|turn|39
|
|t:|1759005178
|move|p1a: Iron Crown|Tachyon Cutter|p2a: Cresselia
|-damage|p2a: Cresselia|47/100
|-damage|p2a: Cresselia|37/100
|-hitcount|p2a: Cresselia|2
|move|p2a: Cresselia|Moonlight|p2a: Cresselia
|-heal|p2a: Cresselia|87/100
|
|upkeep
|turn|40
|
|t:|1759005183
|move|p1a: Iron Crown|Tachyon Cutter|p2a: Cresselia
|-damage|p2a: Cresselia|78/100
|-damage|p2a: Cresselia|68/100
|-hitcount|p2a: Cresselia|2
|move|p2a: Cresselia|Calm Mind|p2a: Cresselia
|-boost|p2a: Cresselia|spa|1
|-boost|p2a: Cresselia|spd|1
|
|upkeep
|turn|41
|
|t:|1759005184
|move|p1a: Iron Crown|Tachyon Cutter|p2a: Cresselia
|-damage|p2a: Cresselia|59/100
|-damage|p2a: Cresselia|52/100
|-hitcount|p2a: Cresselia|2
|move|p2a: Cresselia|Moonlight|p2a: Cresselia
|-heal|p2a: Cresselia|100/100
|
|upkeep
|turn|42
|
|t:|1759005188
|-end|p1a: Iron Crown|Quark Drive|[silent]
|switch|p1a: Landorus|Landorus-Therian, M|27/100
|-ability|p1a: Landorus|Intimidate|boost
|-unboost|p2a: Cresselia|atk|1
|move|p2a: Cresselia|Stored Power|p1a: Landorus
|-damage|p1a: Landorus|0 fnt
|faint|p1a: Landorus
|
|upkeep
|
|t:|1759005190
|switch|p1a: Iron Crown|Iron Crown|54/100
|turn|43
|
|t:|1759005192
|move|p1a: Iron Crown|Psyshock|p2a: Cresselia
|-resisted|p2a: Cresselia
|-damage|p2a: Cresselia|86/100
|move|p2a: Cresselia|Stored Power|p1a: Iron Crown
|-resisted|p1a: Iron Crown
|-damage|p1a: Iron Crown|19/100
|
|upkeep
|turn|44
|
|t:|1759005195
|move|p1a: Iron Crown|Psyshock|p2a: Cresselia
|-resisted|p2a: Cresselia
|-crit|p2a: Cresselia
|-damage|p2a: Cresselia|63/100
|move|p2a: Cresselia|Stored Power|p1a: Iron Crown
|-resisted|p1a: Iron Crown
|-damage|p1a: Iron Crown|0 fnt
|faint|p1a: Iron Crown
|-end|p1a: Iron Crown|Quark Drive|[silent]
|
|win|tasty sardine 408
|raw|KuroNoTamashi's rating: 1612 &rarr; <strong>1590</strong><br />(-22 for losing)
|raw|tasty sardine 408's rating: 1573 &rarr; <strong>1595</strong><br />(+22 for winning)
|l|‽tasty sardine 408
|player|p2|
|l|☆KuroNoTamashi
|player|p1|
