|j|☆klefki_did_it
|j|☆Nemaides
|t:|1759065653
|gametype|singles
|player|p1|klefki_did_it|pokemonbreeder-gen4|1435
|player|p2|Nemaides|265|1415
|gen|9
|tier|[Gen 9] OU
|rated|
|rule|HP Percentage Mod: HP is shown in percentages
|rule|Endless Battle Clause: Forcing endless battles is banned
|rule|Species Clause: Limit one of each Pokémon
|rule|OHKO Clause: OHKO moves are banned
|rule|Evasion Items Clause: Evasion items are banned
|rule|Evasion Moves Clause: Evasion moves are banned
|rule|Evasion Abilities Clause: Evasion abilities are banned
|rule|Sleep Moves Clause: Sleep-inducing moves are banned
|clearpoke
|poke|p1|Staraptor, F|
|poke|p1|Kingambit, F|
|poke|p1|Emboar, M|
|poke|p1|Thundurus, M|
|poke|p1|Mandibuzz, F|
|poke|p1|Gardevoir, F|
|poke|p2|Pelipper, F|
|poke|p2|Hatterene, F|
|poke|p2|Iron Treads|
|poke|p2|Toxicroak, F|
|poke|p2|Barraskewda, F|
|poke|p2|Zapdos|
|teampreview
|inactive|Battle timer is ON: inactive players will automatically lose when time's up. (requested by klefki_did_it)
|inactive|klefki_did_it has 120 seconds left.
|
|t:|1759065688
|teamsize|p1|6
|teamsize|p2|6
|start
|switch|p1a: Thundurus|Thundurus, M|100/100
|switch|p2a: Pelipper|Pelipper, F|100/100
|-weather|RainDance|[from] ability: Drizzle|[of] p2a: Pelipper
|turn|1
|
|t:|1759065696
|switch|p2a: Hatterene|Hatterene, F|100/100
|move|p1a: Thundurus|Knock Off|p2a: Hatterene
|-damage|p2a: Hatterene|62/100
|-enditem|p2a: Hatterene|Eject Button|[from] move: Knock Off|[of] p1a: Thundurus
|-damage|p1a: Thundurus|91/100|[from] item: Life Orb
|
|-weather|RainDance|[upkeep]
|upkeep
|turn|2
|
|t:|1759065707
|move|p1a: Thundurus|Wild Charge|p2a: Hatterene
|-damage|p2a: Hatterene|14/100
|-damage|p1a: Thundurus|78/100|[from] Recoil
|-damage|p1a: Thundurus|68/100|[from] item: Life Orb
|move|p2a: Hatterene|Healing Wish|p2a: Hatterene
|faint|p2a: Hatterene
|
|-weather|RainDance|[upkeep]
|upkeep
|
|t:|1759065717
|switch|p2a: Barraskewda|Barraskewda, F|100/100
|turn|3
|
|t:|1759065725
|switch|p1a: Mandibuzz|Mandibuzz, F|100/100
|-terastallize|p2a: Barraskewda|Water
|move|p2a: Barraskewda|Liquidation|p1a: Mandibuzz
|-damage|p1a: Mandibuzz|24/100
|
|-weather|RainDance|[upkeep]
|upkeep
|turn|4
|
|t:|1759065734
|move|p2a: Barraskewda|Liquidation|p1a: Mandibuzz
|-damage|p1a: Mandibuzz|0 fnt
|faint|p1a: Mandibuzz
|
|-weather|RainDance|[upkeep]
|upkeep
|
|t:|1759065736
|switch|p1a: Gardevoir|Gardevoir, F|100/100
|-ability|p1a: Gardevoir|Swift Swim|Trace|[from] ability: Trace|[of] p2a: Barraskewda
|turn|5
|
|t:|1759065745
|-terastallize|p1a: Gardevoir|Electric
|move|p1a: Gardevoir|Thunderbolt|p2a: Barraskewda
|-supereffective|p2a: Barraskewda
|-damage|p2a: Barraskewda|0 fnt
|faint|p2a: Barraskewda
|
|-weather|RainDance|[upkeep]
|upkeep
|
|t:|1759065757
|switch|p2a: Iron Treads|Iron Treads|100/100
|turn|6
|
|t:|1759065766
|switch|p1a: Staraptor|Staraptor, F|100/100
|move|p2a: Iron Treads|Stealth Rock|p1a: Staraptor
|-sidestart|p1: klefki_did_it|move: Stealth Rock
|
|-weather|RainDance|[upkeep]
|upkeep
|turn|7
|
|t:|1759065778
|move|p1a: Staraptor|Final Gambit|p2a: Iron Treads
|-damage|p2a: Iron Treads|3/100
|faint|p1a: Staraptor
|move|p2a: Iron Treads|Volt Switch|p1: Staraptor|[notarget]
|-fail|p2a: Iron Treads
|
|-weather|RainDance|[upkeep]
|-heal|p2a: Iron Treads|9/100|[from] item: Leftovers
|upkeep
|-message|klefki_did_it forfeited.
|
|win|Nemaides
|raw|klefki_did_it's rating: 1435 &rarr; <strong>1414</strong><br />(-21 for losing)
|raw|Nemaides's rating: 1415 &rarr; <strong>1436</strong><br />(+21 for winning)
|l|☆klefki_did_it
|player|p1|
|l|☆Nemaides
|player|p2|
