|j|☆smash___bro1
|j|☆kingsnni
|t:|1758978153
|gametype|singles
|player|p1|smash___bro1|steven|1083
|player|p2|kingsnni|1|1066
|gen|9
|tier|[Gen 9] OU
|rated|
|rule|HP Percentage Mod: HP is shown in percentages
|rule|Endless Battle Clause: Forcing endless battles is banned
|rule|Species Clause: Limit one of each Pokémon
|rule|OHKO Clause: OHKO moves are banned
|rule|Evasion Items Clause: Evasion items are banned
|rule|Evasion Moves Clause: Evasion moves are banned
|rule|Evasion Abilities Clause: Evasion abilities are banned
|rule|Sleep Moves Clause: Sleep-inducing moves are banned
|clearpoke
|poke|p1|Sneasel-Hisui, F|
|poke|p1|Latios, M|
|poke|p1|Enamorus, F|
|poke|p1|Kyurem|
|poke|p1|Salamence, M|
|poke|p1|Araquanid, F|
|poke|p2|Shaymin|
|poke|p2|Kyurem|
|poke|p2|Tornadus, M|
|poke|p2|Chandelure, M|
|poke|p2|Zapdos-Galar|
|poke|p2|Gengar, F|
|teampreview
|inactive|Battle timer is ON: inactive players will automatically lose when time's up. (requested by smash___bro1)
|
|t:|1758978159
|teamsize|p1|6
|teamsize|p2|6
|start
|switch|p1a: Araquanid|Araquanid, F|100/100
|switch|p2a: Kyurem|Kyurem, shiny|100/100
|-ability|p2a: Kyurem|Pressure
|turn|1
|
|t:|1758978167
|move|p2a: Kyurem|Draco Meteor|p1a: Araquanid
|-damage|p1a: Araquanid|53/100
|-unboost|p2a: Kyurem|spa|2
|move|p1a: Araquanid|Sticky Web|p2a: Kyurem
|-sidestart|p2: kingsnni|move: Sticky Web
|
|upkeep
|turn|2
|
|t:|1758978173
|move|p2a: Kyurem|Draco Meteor|p1a: Araquanid
|-damage|p1a: Araquanid|29/100
|-unboost|p2a: Kyurem|spa|2
|move|p1a: Araquanid|Lunge|p2a: Kyurem
|-damage|p2a: Kyurem|72/100
|-unboost|p2a: Kyurem|atk|1
|
|upkeep
|turn|3
|
|t:|1758978181
|move|p2a: Kyurem|Draco Meteor|p1a: Araquanid
|-damage|p1a: Araquanid|12/100
|-unboost|p2a: Kyurem|spa|2
|move|p1a: Araquanid|Leech Life|p2a: Kyurem
|-damage|p2a: Kyurem|46/100
|-heal|p1a: Araquanid|28/100|[from] drain|[of] p2a: Kyurem
|
|upkeep
|turn|4
|
|t:|1758978197
|move|p2a: Kyurem|Draco Meteor|p1a: Araquanid
|-damage|p1a: Araquanid|16/100
|move|p1a: Araquanid|Liquidation|p2a: Kyurem
|-resisted|p2a: Kyurem
|-damage|p2a: Kyurem|18/100
|
|upkeep
|turn|5
|
|t:|1758978205
|move|p2a: Kyurem|Draco Meteor|p1a: Araquanid
|-damage|p1a: Araquanid|2/100
|move|p1a: Araquanid|Liquidation|p2a: Kyurem
|-resisted|p2a: Kyurem
|-damage|p2a: Kyurem|0 fnt
|faint|p2a: Kyurem
|
|upkeep
|
|t:|1758978218
|switch|p2a: Zapdos|Zapdos-Galar, shiny|100/100
|turn|6
|
|t:|1758978226
|move|p2a: Zapdos|Brave Bird|p1a: Araquanid
|-supereffective|p1a: Araquanid
|-damage|p1a: Araquanid|0 fnt
|faint|p1a: Araquanid
|-damage|p2a: Zapdos|99/100|[from] Recoil
|
|upkeep
|
|t:|1758978231
|switch|p1a: Sneasel|Sneasel-Hisui, F|100/100
|turn|7
|
|t:|1758978239
|move|p1a: Sneasel|Gunk Shot|p2a: Zapdos
|-damage|p2a: Zapdos|32/100
|-damage|p1a: Sneasel|91/100|[from] item: Life Orb
|move|p2a: Zapdos|Knock Off|p1a: Sneasel
|-resisted|p1a: Sneasel
|-damage|p1a: Sneasel|62/100
|-enditem|p1a: Sneasel|Life Orb|[from] move: Knock Off|[of] p2a: Zapdos
|
|upkeep
|turn|8
|
|t:|1758978247
|move|p1a: Sneasel|Gunk Shot|p2a: Zapdos
|-damage|p2a: Zapdos|0 fnt
|faint|p2a: Zapdos
|
|upkeep
|
|t:|1758978256
|switch|p2a: Tornadus|Tornadus, M, shiny|100/100
|turn|9
|
|t:|1758978269
|move|p1a: Sneasel|Gunk Shot|p2a: Tornadus|[miss]
|-miss|p1a: Sneasel|p2a: Tornadus
|move|p2a: Tornadus|Hurricane|p1a: Sneasel|[miss]
|-miss|p2a: Tornadus|p1a: Sneasel
|
|upkeep
|turn|10
|
|t:|1758978274
|move|p1a: Sneasel|Gunk Shot|p2a: Tornadus
|-damage|p2a: Tornadus|32/100
|-status|p2a: Tornadus|psn
|move|p2a: Tornadus|Knock Off|p1a: Sneasel
|-resisted|p1a: Sneasel
|-damage|p1a: Sneasel|41/100
|-damage|p2a: Tornadus|22/100 psn|[from] item: Life Orb
|
|-damage|p2a: Tornadus|9/100 psn|[from] psn
|upkeep
|turn|11
|
|t:|1758978285
|move|p1a: Sneasel|Throat Chop|p2a: Tornadus
|-damage|p2a: Tornadus|0 fnt
|faint|p2a: Tornadus
|
|upkeep
|
|t:|1758978294
|switch|p2a: Shaymin|Shaymin, shiny|100/100
|-activate|p2a: Shaymin|move: Sticky Web
|-unboost|p2a: Shaymin|spe|1
|turn|12
|
|t:|1758978308
|move|p1a: Sneasel|Close Combat|p2a: Shaymin
|-crit|p2a: Shaymin
|-damage|p2a: Shaymin|26/100
|-unboost|p1a: Sneasel|def|1
|-unboost|p1a: Sneasel|spd|1
|move|p2a: Shaymin|Healing Wish|p2a: Shaymin
|faint|p2a: Shaymin
|
|upkeep
|
|t:|1758978316
|switch|p2a: Chandelure|Chandelure, M, shiny|100/100
|-activate|p2a: Chandelure|move: Sticky Web
|-unboost|p2a: Chandelure|spe|1
|turn|13
|
|t:|1758978328
|move|p1a: Sneasel|Throat Chop|p2a: Chandelure
|-supereffective|p2a: Chandelure
|-damage|p2a: Chandelure|37/100
|-start|p2a: Chandelure|Throat Chop|[silent]
|move|p2a: Chandelure|Flamethrower|p1a: Sneasel
|-damage|p1a: Sneasel|0 fnt
|faint|p1a: Sneasel
|
|upkeep
|
|t:|1758978336
|switch|p1a: Latios|Latios, M|100/100
|turn|14
|
|t:|1758978340
|move|p1a: Latios|Luster Purge|p2a: Chandelure
|-damage|p2a: Chandelure|0 fnt
|faint|p2a: Chandelure
|
|upkeep
|
|t:|1758978346
|switch|p2a: Gengar|Gengar, F, shiny|100/100
|-activate|p2a: Gengar|move: Sticky Web
|-unboost|p2a: Gengar|spe|1
|turn|15
|
|t:|1758978358
|-terastallize|p2a: Gengar|Ghost
|move|p1a: Latios|Luster Purge|p2a: Gengar
|-enditem|p2a: Gengar|Focus Sash
|-damage|p2a: Gengar|1/100
|-unboost|p2a: Gengar|spd|1
|move|p2a: Gengar|Shadow Ball|p1a: Latios
|-supereffective|p1a: Latios
|-damage|p1a: Latios|0 fnt
|faint|p1a: Latios
|
|upkeep
|
|t:|1758978370
|switch|p1a: Salamence|Salamence, M|100/100
|turn|16
|
|t:|1758978375
|move|p1a: Salamence|Crunch|p2a: Gengar
|-supereffective|p2a: Gengar
|-damage|p2a: Gengar|0 fnt
|-start|p1a: Salamence|Disable|Crunch|[from] ability: Cursed Body|[of] p2a: Gengar
|faint|p2a: Gengar
|
|win|smash___bro1
|raw|smash___bro1's rating: 1083 &rarr; <strong>1109</strong><br />(+26 for winning)
|raw|kingsnni's rating: 1066 &rarr; <strong>1047</strong><br />(-19 for losing)
|l|☆smash___bro1
|player|p1|
