|j|☆ReishiramX
|j|☆Mr.Lamahr
|t:|1759036650
|gametype|singles
|player|p1|ReishiramX|falkner|1186
|player|p2|Mr.Lamahr|169|1190
|gen|9
|tier|[Gen 9] OU
|rated|
|rule|HP Percentage Mod: HP is shown in percentages
|rule|Endless Battle Clause: Forcing endless battles is banned
|rule|Species Clause: Limit one of each Pokémon
|rule|OHKO Clause: OHKO moves are banned
|rule|Evasion Items Clause: Evasion items are banned
|rule|Evasion Moves Clause: Evasion moves are banned
|rule|Evasion Abilities Clause: Evasion abilities are banned
|rule|Sleep Moves Clause: Sleep-inducing moves are banned
|clearpoke
|poke|p1|Gyarados, F|
|poke|p1|Gholdengo|
|poke|p1|Hitmontop, M|
|poke|p1|Toxapex, M|
|poke|p1|Gliscor, M|
|poke|p1|Hawlucha, M|
|poke|p2|Ditto|
|poke|p2|Walking Wake|
|poke|p2|Great Tusk|
|poke|p2|Raging Bolt|
|poke|p2|Torkoal, M|
|poke|p2|Corviknight, M|
|teampreview
|inactive|Battle timer is ON: inactive players will automatically lose when time's up. (requested by Mr.Lamahr)
|
|t:|1759036672
|teamsize|p1|6
|teamsize|p2|6
|start
|switch|p1a: Gliscor|Gliscor, M|100/100
|switch|p2a: Torkoal|Torkoal, M|100/100
|-weather|SunnyDay|[from] ability: Drought|[of] p2a: Torkoal
|turn|1
|
|t:|1759036681
|move|p1a: Gliscor|Toxic|p2a: Torkoal
|-status|p2a: Torkoal|tox
|move|p2a: Torkoal|Will-O-Wisp|p1a: Gliscor
|-status|p1a: Gliscor|brn
|
|-weather|SunnyDay|[upkeep]
|-damage|p2a: Torkoal|94/100 tox|[from] psn
|-damage|p1a: Gliscor|94/100 brn|[from] brn
|upkeep
|turn|2
|
|t:|1759036696
|switch|p1a: Gyarados|Gyarados, F|100/100
|move|p2a: Torkoal|Stealth Rock|p1a: Gyarados
|-sidestart|p1: ReishiramX|move: Stealth Rock
|
|-weather|SunnyDay|[upkeep]
|-damage|p2a: Torkoal|82/100 tox|[from] psn
|upkeep
|turn|3
|
|t:|1759036703
|switch|p2a: Corviknight|Corviknight, M, shiny|100/100
|-ability|p2a: Corviknight|Pressure
|move|p1a: Gyarados|Dragon Dance|p1a: Gyarados
|-boost|p1a: Gyarados|atk|1
|-boost|p1a: Gyarados|spe|1
|
|-weather|SunnyDay|[upkeep]
|upkeep
|turn|4
|
|t:|1759036711
|move|p1a: Gyarados|Dragon Dance|p1a: Gyarados
|-boost|p1a: Gyarados|atk|1
|-boost|p1a: Gyarados|spe|1
|move|p2a: Corviknight|Iron Defense|p2a: Corviknight
|-boost|p2a: Corviknight|def|2
|
|-weather|SunnyDay|[upkeep]
|upkeep
|turn|5
|
|t:|1759036716
|move|p1a: Gyarados|Temper Flare|p2a: Corviknight
|-supereffective|p2a: Corviknight
|-damage|p2a: Corviknight|51/100
|move|p2a: Corviknight|Iron Defense|p2a: Corviknight
|-boost|p2a: Corviknight|def|2
|
|-weather|SunnyDay|[upkeep]
|-heal|p2a: Corviknight|57/100|[from] item: Leftovers
|upkeep
|turn|6
|
|t:|1759036724
|move|p1a: Gyarados|Temper Flare|p2a: Corviknight
|-supereffective|p2a: Corviknight
|-damage|p2a: Corviknight|22/100
|move|p2a: Corviknight|Roost|p2a: Corviknight
|-heal|p2a: Corviknight|72/100
|-singleturn|p2a: Corviknight|move: Roost
|
|-weather|SunnyDay|[upkeep]
|-heal|p2a: Corviknight|78/100|[from] item: Leftovers
|upkeep
|turn|7
|
|t:|1759036745
|move|p1a: Gyarados|Temper Flare|p2a: Corviknight
|-supereffective|p2a: Corviknight
|-damage|p2a: Corviknight|43/100
|move|p2a: Corviknight|Roost|p2a: Corviknight
|-heal|p2a: Corviknight|93/100
|-singleturn|p2a: Corviknight|move: Roost
|
|-weather|SunnyDay|[upkeep]
|-heal|p2a: Corviknight|99/100|[from] item: Leftovers
|upkeep
|turn|8
|
|t:|1759036759
|move|p1a: Gyarados|Temper Flare|p2a: Corviknight
|-supereffective|p2a: Corviknight
|-damage|p2a: Corviknight|68/100
|move|p2a: Corviknight|Iron Defense|p2a: Corviknight
|-boost|p2a: Corviknight|def|2
|
|-weather|none
|-heal|p2a: Corviknight|74/100|[from] item: Leftovers
|upkeep
|turn|9
|
|t:|1759036767
|move|p1a: Gyarados|Temper Flare|p2a: Corviknight
|-supereffective|p2a: Corviknight
|-damage|p2a: Corviknight|58/100
|move|p2a: Corviknight|Body Press|p1a: Gyarados
|-resisted|p1a: Gyarados
|-damage|p1a: Gyarados|32/100
|
|-heal|p1a: Gyarados|38/100|[from] item: Leftovers
|-heal|p2a: Corviknight|64/100|[from] item: Leftovers
|upkeep
|turn|10
|
|t:|1759036779
|move|p1a: Gyarados|Temper Flare|p2a: Corviknight
|-supereffective|p2a: Corviknight
|-damage|p2a: Corviknight|48/100
|move|p2a: Corviknight|U-turn|p1a: Gyarados
|-resisted|p1a: Gyarados
|-damage|p1a: Gyarados|30/100
|
|t:|1759036784
|switch|p2a: Ditto|Ditto, shiny|100/100|[from] U-turn
|-transform|p2a: Ditto|p1a: Gyarados|[from] ability: Imposter
|
|-heal|p1a: Gyarados|36/100|[from] item: Leftovers
|upkeep
|turn|11
|
|t:|1759036806
|move|p2a: Ditto|Waterfall|p1a: Gyarados
|-resisted|p1a: Gyarados
|-damage|p1a: Gyarados|0 fnt
|faint|p1a: Gyarados
|-ability|p2a: Ditto|Moxie|boost
|-boost|p2a: Ditto|atk|1
|
|upkeep
|
|t:|1759036812
|switch|p1a: Hitmontop|Hitmontop, M|100/100
|-damage|p1a: Hitmontop|94/100|[from] Stealth Rock
|-ability|p1a: Hitmontop|Intimidate|boost
|-unboost|p2a: Ditto|atk|1
|turn|12
|
|t:|1759036821
|move|p1a: Hitmontop|Fake Out|p2a: Ditto
|-damage|p2a: Ditto|89/100
|cant|p2a: Ditto|flinch
|
|-heal|p1a: Hitmontop|100/100|[from] item: Leftovers
|upkeep
|turn|13
|
|t:|1759036828
|move|p1a: Hitmontop|Protect|p1a: Hitmontop
|-singleturn|p1a: Hitmontop|Protect
|move|p2a: Ditto|Waterfall|p1a: Hitmontop
|-activate|p1a: Hitmontop|move: Protect
|
|upkeep
|turn|14
|
|t:|1759036835
|switch|p1a: Toxapex|Toxapex, M|100/100
|-damage|p1a: Toxapex|88/100|[from] Stealth Rock
|move|p2a: Ditto|Waterfall|p1a: Toxapex
|-resisted|p1a: Toxapex
|-damage|p1a: Toxapex|60/100
|
|-heal|p1a: Toxapex|67/100|[from] item: Black Sludge
|upkeep
|turn|15
|
|t:|1759036845
|switch|p2a: Torkoal|Torkoal, M|82/100 tox
|-weather|SunnyDay|[from] ability: Drought|[of] p2a: Torkoal
|move|p1a: Toxapex|Baneful Bunker||[still]
|-fail|p1a: Toxapex
|
|-weather|SunnyDay|[upkeep]
|-heal|p1a: Toxapex|73/100|[from] item: Black Sludge
|-damage|p2a: Torkoal|76/100 tox|[from] psn
|upkeep
|turn|16
|
|t:|1759036855
|switch|p2a: Raging Bolt|Raging Bolt|100/100
|-item|p2a: Raging Bolt|Air Balloon
|-activate|p2a: Raging Bolt|ability: Protosynthesis
|-start|p2a: Raging Bolt|protosynthesisspa
|move|p1a: Toxapex|Toxic Spikes|p2a: Raging Bolt
|-sidestart|p2: Mr.Lamahr|move: Toxic Spikes
|
|-weather|SunnyDay|[upkeep]
|-heal|p1a: Toxapex|79/100|[from] item: Black Sludge
|upkeep
|turn|17
|
|t:|1759036875
|-end|p2a: Raging Bolt|Protosynthesis|[silent]
|switch|p2a: Great Tusk|Great Tusk|100/100
|-activate|p2a: Great Tusk|ability: Protosynthesis
|-start|p2a: Great Tusk|protosynthesisatk
|move|p1a: Toxapex|Baneful Bunker||[still]
|-fail|p1a: Toxapex
|
|-weather|SunnyDay|[upkeep]
|-heal|p1a: Toxapex|85/100|[from] item: Black Sludge
|upkeep
|turn|18
|
|t:|1759036884
|move|p2a: Great Tusk|Rapid Spin|p1a: Toxapex
|-damage|p1a: Toxapex|71/100
|-boost|p2a: Great Tusk|spe|1
|-sideend|p2: Mr.Lamahr|Toxic Spikes|[from] move: Rapid Spin|[of] p2a: Great Tusk
|move|p1a: Toxapex|Toxic Spikes|p2a: Great Tusk
|-sidestart|p2: Mr.Lamahr|move: Toxic Spikes
|
|-weather|SunnyDay|[upkeep]
|-heal|p1a: Toxapex|77/100|[from] item: Black Sludge
|upkeep
|turn|19
|
|t:|1759036892
|move|p1a: Toxapex|Baneful Bunker|p1a: Toxapex
|-singleturn|p1a: Toxapex|move: Protect
|move|p2a: Great Tusk|Headlong Rush|p1a: Toxapex
|-activate|p1a: Toxapex|move: Protect
|-status|p2a: Great Tusk|psn
|
|-weather|SunnyDay|[upkeep]
|-heal|p1a: Toxapex|84/100|[from] item: Black Sludge
|-damage|p2a: Great Tusk|88/100 psn|[from] psn
|upkeep
|turn|20
|
|t:|1759036901
|move|p2a: Great Tusk|Headlong Rush|p1a: Toxapex
|-supereffective|p1a: Toxapex
|-damage|p1a: Toxapex|0 fnt
|-unboost|p2a: Great Tusk|def|1
|-unboost|p2a: Great Tusk|spd|1
|faint|p1a: Toxapex
|
|-weather|SunnyDay|[upkeep]
|-damage|p2a: Great Tusk|76/100 psn|[from] psn
|upkeep
|
|t:|1759036910
|switch|p1a: Hitmontop|Hitmontop, M|100/100
|-damage|p1a: Hitmontop|94/100|[from] Stealth Rock
|-ability|p1a: Hitmontop|Intimidate|boost
|-unboost|p2a: Great Tusk|atk|1
|turn|21
|
|t:|1759036915
|move|p2a: Great Tusk|Rapid Spin|p1a: Hitmontop
|-damage|p1a: Hitmontop|75/100
|-boost|p2a: Great Tusk|spe|1
|-sideend|p2: Mr.Lamahr|Toxic Spikes|[from] move: Rapid Spin|[of] p2a: Great Tusk
|move|p1a: Hitmontop|Rapid Spin|p2a: Great Tusk
|-damage|p2a: Great Tusk|62/100 psn
|-boost|p1a: Hitmontop|spe|1
|-sideend|p1: ReishiramX|Stealth Rock|[from] move: Rapid Spin|[of] p1a: Hitmontop
|
|-weather|SunnyDay|[upkeep]
|-heal|p1a: Hitmontop|82/100|[from] item: Leftovers
|-damage|p2a: Great Tusk|50/100 psn|[from] psn
|upkeep
|turn|22
|
|t:|1759036928
|move|p1a: Hitmontop|Protect|p1a: Hitmontop
|-singleturn|p1a: Hitmontop|Protect
|move|p2a: Great Tusk|Headlong Rush|p1a: Hitmontop
|-activate|p1a: Hitmontop|move: Protect
|
|-weather|none
|-end|p2a: Great Tusk|Protosynthesis
|-heal|p1a: Hitmontop|88/100|[from] item: Leftovers
|-damage|p2a: Great Tusk|38/100 psn|[from] psn
|upkeep
|turn|23
|
|t:|1759036938
|move|p1a: Hitmontop|Mach Punch|p2a: Great Tusk
|-damage|p2a: Great Tusk|22/100 psn
|move|p2a: Great Tusk|Headlong Rush|p1a: Hitmontop
|-damage|p1a: Hitmontop|36/100
|-unboost|p2a: Great Tusk|def|1
|-unboost|p2a: Great Tusk|spd|1
|
|-heal|p1a: Hitmontop|43/100|[from] item: Leftovers
|-damage|p2a: Great Tusk|10/100 psn|[from] psn
|upkeep
|turn|24
|
|t:|1759036951
|move|p1a: Hitmontop|Mach Punch|p2a: Great Tusk
|-damage|p2a: Great Tusk|0 fnt
|faint|p2a: Great Tusk
|-end|p2a: Great Tusk|Protosynthesis|[silent]
|
|-heal|p1a: Hitmontop|49/100|[from] item: Leftovers
|upkeep
|
|t:|1759036954
|switch|p2a: Torkoal|Torkoal, M|76/100 tox
|-weather|SunnyDay|[from] ability: Drought|[of] p2a: Torkoal
|turn|25
|
|t:|1759036960
|switch|p1a: Gholdengo|Gholdengo|100/100
|move|p2a: Torkoal|Will-O-Wisp|p1a: Gholdengo
|-immune|p1a: Gholdengo|[from] ability: Good as Gold
|
|-weather|SunnyDay|[upkeep]
|-damage|p2a: Torkoal|70/100 tox|[from] psn
|upkeep
|turn|26
|
|t:|1759036970
|-terastallize|p1a: Gholdengo|Electric
|move|p1a: Gholdengo|Nasty Plot|p1a: Gholdengo
|-boost|p1a: Gholdengo|spa|2
|move|p2a: Torkoal|Stealth Rock|p1a: Gholdengo
|-sidestart|p1: ReishiramX|move: Stealth Rock
|
|-weather|SunnyDay|[upkeep]
|-damage|p2a: Torkoal|58/100 tox|[from] psn
|upkeep
|turn|27
|
|t:|1759036979
|move|p1a: Gholdengo|Shadow Ball|p2a: Torkoal
|-damage|p2a: Torkoal|0 fnt
|faint|p2a: Torkoal
|
|-weather|SunnyDay|[upkeep]
|upkeep
|
|t:|1759036990
|switch|p2a: Ditto|Ditto, shiny|89/100
|-transform|p2a: Ditto|p1a: Gholdengo|[from] ability: Imposter
|-start|p2a: Ditto|typechange|Steel/Ghost|[silent]
|turn|28
|
|t:|1759036999
|move|p2a: Ditto|Shadow Ball|p1a: Gholdengo
|-damage|p1a: Gholdengo|0 fnt
|faint|p1a: Gholdengo
|
|-weather|SunnyDay|[upkeep]
|upkeep
|
|t:|1759037008
|switch|p1a: Hawlucha|Hawlucha, M|100/100
|-damage|p1a: Hawlucha|88/100|[from] Stealth Rock
|turn|29
|
|t:|1759037014
|move|p2a: Ditto|Shadow Ball|p1a: Hawlucha
|-damage|p1a: Hawlucha|0 fnt
|faint|p1a: Hawlucha
|
|-weather|SunnyDay|[upkeep]
|upkeep
|-message|ReishiramX forfeited.
|
|win|Mr.Lamahr
|raw|ReishiramX's rating: 1186 &rarr; <strong>1161</strong><br />(-25 for losing)
|raw|Mr.Lamahr's rating: 1190 &rarr; <strong>1215</strong><br />(+25 for winning)
|l|☆ReishiramX
|player|p1|
|l|☆Mr.Lamahr
|player|p2|
