|j|☆StreetBoom
|j|☆Sunshinne
|inactive|Battle timer is ON: inactive players will automatically lose when time's up.
|t:|1759067111
|gametype|singles
|player|p1|StreetBoom|#psstaff1|
|player|p2|Sunshinne|lacey|
|gen|9
|tier|[Gen 9] OU
|rated|Tournament battle
|rule|HP Percentage Mod: HP is shown in percentages
|rule|Endless Battle Clause: Forcing endless battles is banned
|rule|Species Clause: Limit one of each Pokémon
|rule|OHKO Clause: OHKO moves are banned
|rule|Evasion Items Clause: Evasion items are banned
|rule|Evasion Moves Clause: Evasion moves are banned
|rule|Evasion Abilities Clause: Evasion abilities are banned
|rule|Sleep Moves Clause: Sleep-inducing moves are banned
|clearpoke
|poke|p1|Ninetales, F|
|poke|p1|Raging Bolt|
|poke|p1|Hatterene, F|
|poke|p1|Walking Wake|
|poke|p1|Great Tusk|
|poke|p1|Scizor, M|
|poke|p2|Ribombee, F|
|poke|p2|Glimmora, M|
|poke|p2|Manaphy|
|poke|p2|Zamazenta-*|
|poke|p2|Gholdengo|
|poke|p2|Kingambit, M|
|teampreview
|j|*Lady Monita ☀
|inactive|Sunshinne also wants the timer to be on.
|inactive|StreetBoom also wants the timer to be on.
|j| Albrtix
|j| TrafficConeGuy
|j| ghostlyplanets
|c| TrafficConeGuy|thats my ehero
|c| TrafficConeGuy|go street
|raw|<div class="broadcast-red"><strong>Moderated chat was set to ☆!</strong><br />Only users of rank ☆ and higher can talk.</div>
|inactive|StreetBoom has 120 seconds left.
|
|t:|1759067143
|teamsize|p1|6
|teamsize|p2|6
|start
|switch|p1a: Ninetales|Ninetales, F, shiny|100/100
|switch|p2a: Glimmora|Glimmora, M|100/100
|-weather|SunnyDay|[from] ability: Drought|[of] p1a: Ninetales
|turn|1
|
|t:|1759067148
|switch|p1a: Scizor|Scizor, M|100/100
|move|p2a: Glimmora|Meteor Beam||[still]
|-prepare|p2a: Glimmora|Meteor Beam
|-boost|p2a: Glimmora|spa|1
|-enditem|p2a: Glimmora|Power Herb
|-anim|p2a: Glimmora|Meteor Beam|p1a: Scizor
|-damage|p1a: Scizor|0 fnt
|faint|p1a: Scizor
|
|-weather|SunnyDay|[upkeep]
|upkeep
|
|t:|1759067157
|switch|p1a: Walking Wake|Walking Wake|100/100
|-activate|p1a: Walking Wake|ability: Protosynthesis
|-start|p1a: Walking Wake|protosynthesisspe
|turn|2
|
|t:|1759067166
|switch|p2a: Manaphy|Manaphy|100/100
|move|p1a: Walking Wake|Hydro Steam|p2a: Manaphy
|-resisted|p2a: Manaphy
|-damage|p2a: Manaphy|61/100
|
|-weather|SunnyDay|[upkeep]
|-heal|p2a: Manaphy|67/100|[from] item: Leftovers
|upkeep
|turn|3
|
|t:|1759067176
|-end|p1a: Walking Wake|Protosynthesis|[silent]
|switch|p1a: Hatterene|Hatterene, F|100/100
|move|p2a: Manaphy|Tail Glow|p2a: Manaphy
|-boost|p2a: Manaphy|spa|3
|
|-weather|SunnyDay|[upkeep]
|-heal|p2a: Manaphy|73/100|[from] item: Leftovers
|upkeep
|turn|4
|
|t:|1759067180
|move|p2a: Manaphy|Surf|p1a: Hatterene
|-damage|p1a: Hatterene|50/100
|move|p1a: Hatterene|Psyshock|p2a: Manaphy
|-damage|p2a: Manaphy|41/100
|
|-weather|SunnyDay|[upkeep]
|-heal|p2a: Manaphy|47/100|[from] item: Leftovers
|upkeep
|turn|5
|
|t:|1759067185
|move|p2a: Manaphy|Surf|p1a: Hatterene
|-damage|p1a: Hatterene|0 fnt
|faint|p1a: Hatterene
|
|-weather|SunnyDay|[upkeep]
|-heal|p2a: Manaphy|53/100|[from] item: Leftovers
|upkeep
|
|t:|1759067188
|switch|p1a: Walking Wake|Walking Wake|100/100
|-activate|p1a: Walking Wake|ability: Protosynthesis
|-start|p1a: Walking Wake|protosynthesisspe
|turn|6
|
|t:|1759067192
|move|p1a: Walking Wake|Hydro Steam|p2a: Manaphy
|-resisted|p2a: Manaphy
|-damage|p2a: Manaphy|8/100
|move|p2a: Manaphy|Surf|p1a: Walking Wake
|-resisted|p1a: Walking Wake
|-damage|p1a: Walking Wake|85/100
|
|-weather|SunnyDay|[upkeep]
|-heal|p2a: Manaphy|14/100|[from] item: Leftovers
|upkeep
|turn|7
|
|t:|1759067195
|move|p1a: Walking Wake|Hydro Steam|p2a: Manaphy
|-resisted|p2a: Manaphy
|-damage|p2a: Manaphy|0 fnt
|faint|p2a: Manaphy
|
|-weather|SunnyDay|[upkeep]
|upkeep
|
|t:|1759067198
|switch|p2a: Ribombee|Ribombee, F|100/100
|turn|8
|
|t:|1759067207
|move|p1a: Walking Wake|Hydro Steam|p2a: Ribombee
|-enditem|p2a: Ribombee|Focus Sash
|-damage|p2a: Ribombee|1/100
|move|p2a: Ribombee|Stun Spore|p1a: Walking Wake
|-status|p1a: Walking Wake|par
|
|-weather|none
|-end|p1a: Walking Wake|Protosynthesis
|upkeep
|turn|9
|
|t:|1759067218
|-end|p1a: Walking Wake|Protosynthesis|[silent]
|switch|p1a: Ninetales|Ninetales, F, shiny|100/100
|-weather|SunnyDay|[from] ability: Drought|[of] p1a: Ninetales
|move|p2a: Ribombee|Sticky Web|p1a: Ninetales
|-sidestart|p1: StreetBoom|move: Sticky Web
|
|-weather|SunnyDay|[upkeep]
|upkeep
|turn|10
|
|t:|1759067230
|move|p2a: Ribombee|Stun Spore|p1a: Ninetales
|-status|p1a: Ninetales|par
|move|p1a: Ninetales|Encore|p2a: Ribombee
|-start|p2a: Ribombee|Encore
|
|-weather|SunnyDay|[upkeep]
|upkeep
|turn|11
|
|t:|1759067237
|move|p2a: Ribombee|Stun Spore|p1a: Ninetales
|-fail|p1a: Ninetales|par
|move|p1a: Ninetales|Healing Wish|p1a: Ninetales
|faint|p1a: Ninetales
|
|-weather|SunnyDay|[upkeep]
|upkeep
|
|t:|1759067243
|switch|p1a: Raging Bolt|Raging Bolt|100/100
|-activate|p1a: Raging Bolt|move: Sticky Web
|-unboost|p1a: Raging Bolt|spe|1
|-activate|p1a: Raging Bolt|ability: Protosynthesis
|-start|p1a: Raging Bolt|protosynthesisspa
|turn|12
|
|t:|1759067252
|switch|p2a: Glimmora|Glimmora, M|100/100
|move|p1a: Raging Bolt|Calm Mind|p1a: Raging Bolt
|-boost|p1a: Raging Bolt|spa|1
|-boost|p1a: Raging Bolt|spd|1
|
|-weather|SunnyDay|[upkeep]
|upkeep
|turn|13
|
|t:|1759067258
|move|p1a: Raging Bolt|Thunderclap|p2a: Glimmora
|-damage|p2a: Glimmora|0 fnt
|faint|p2a: Glimmora
|
|-weather|SunnyDay|[upkeep]
|upkeep
|
|t:|1759067263
|switch|p2a: Ribombee|Ribombee, F|1/100
|turn|14
|
|t:|1759067271
|-terastallize|p1a: Raging Bolt|Fairy
|move|p2a: Ribombee|Stun Spore|p1a: Raging Bolt
|-status|p1a: Raging Bolt|par
|move|p1a: Raging Bolt|Thunderbolt|p2a: Ribombee
|-damage|p2a: Ribombee|0 fnt
|faint|p2a: Ribombee
|
|-weather|SunnyDay|[upkeep]
|upkeep
|
|t:|1759067279
|switch|p2a: Gholdengo|Gholdengo|100/100
|-item|p2a: Gholdengo|Air Balloon
|turn|15
|
|t:|1759067283
|move|p2a: Gholdengo|Hex|p1a: Raging Bolt
|-damage|p1a: Raging Bolt|55/100 par
|move|p1a: Raging Bolt|Thunderbolt|p2a: Gholdengo
|-damage|p2a: Gholdengo|0 fnt
|-enditem|p2a: Gholdengo|Air Balloon
|faint|p2a: Gholdengo
|
|-weather|SunnyDay|[upkeep]
|upkeep
|
|t:|1759067286
|switch|p2a: Zamazenta|Zamazenta|100/100
|-ability|p2a: Zamazenta|Dauntless Shield|boost
|-boost|p2a: Zamazenta|def|1
|turn|16
|
|t:|1759067289
|move|p1a: Raging Bolt|Thunderclap|p2a: Zamazenta
|-damage|p2a: Zamazenta|19/100
|move|p2a: Zamazenta|Iron Head|p1a: Raging Bolt
|-supereffective|p1a: Raging Bolt
|-damage|p1a: Raging Bolt|15/100 par
|
|-weather|none
|-end|p1a: Raging Bolt|Protosynthesis
|upkeep
|-enditem|p1a: Raging Bolt|Booster Energy
|-activate|p1a: Raging Bolt|ability: Protosynthesis|[fromitem]
|-start|p1a: Raging Bolt|protosynthesisspa
|turn|17
|
|t:|1759067294
|-end|p1a: Raging Bolt|Protosynthesis|[silent]
|switch|p1a: Great Tusk|Great Tusk, shiny|100/100
|-activate|p1a: Great Tusk|move: Sticky Web
|-unboost|p1a: Great Tusk|spe|1
|move|p2a: Zamazenta|Iron Defense|p2a: Zamazenta
|-boost|p2a: Zamazenta|def|2
|
|upkeep
|turn|18
|
|t:|1759067297
|move|p2a: Zamazenta|Body Press|p1a: Great Tusk
|-damage|p1a: Great Tusk|34/100
|-damage|p2a: Zamazenta|2/100|[from] item: Rocky Helmet|[of] p1a: Great Tusk
|move|p1a: Great Tusk|Rapid Spin|p2a: Zamazenta
|-damage|p2a: Zamazenta|0 fnt
|-boost|p1a: Great Tusk|spe|1
|-sideend|p1: StreetBoom|Sticky Web|[from] move: Rapid Spin|[of] p1a: Great Tusk
|faint|p2a: Zamazenta
|
|upkeep
|
|t:|1759067302
|switch|p2a: Kingambit|Kingambit, M|100/100
|-activate|p2a: Kingambit|ability: Supreme Overlord
|-start|p2a: Kingambit|fallen5|[silent]
|turn|19
|
|t:|1759067312
|-terastallize|p2a: Kingambit|Fairy
|move|p1a: Great Tusk|Headlong Rush|p2a: Kingambit
|-damage|p2a: Kingambit|49/100
|-unboost|p1a: Great Tusk|def|1
|-unboost|p1a: Great Tusk|spd|1
|move|p2a: Kingambit|Tera Blast|p1a: Great Tusk|[anim] Tera Blast Fairy
|-supereffective|p1a: Great Tusk
|-damage|p1a: Great Tusk|0 fnt
|faint|p1a: Great Tusk
|-end|p1a: Great Tusk|Protosynthesis|[silent]
|
|-heal|p2a: Kingambit|55/100|[from] item: Leftovers
|upkeep
|
|t:|1759067316
|switch|p1a: Walking Wake|Walking Wake|85/100 par
|-heal|p1a: Walking Wake|100/100|[from] move: Healing Wish
|turn|20
|
|t:|1759067320
|move|p1a: Walking Wake|Hydro Steam|p2a: Kingambit
|-damage|p2a: Kingambit|0 fnt
|faint|p2a: Kingambit
|-end|p2a: Kingambit|fallen5|[silent]
|
|win|StreetBoom
|n|☆StreetBoom|streetboom
|n|☆Sunshinne|sunshinne
|n|*Lady Monita ☀|ladymonita
|l|*Lady Monita ☀
|c|☆StreetBoom|gg
|c|☆Sunshinne|Gf
|l|☆StreetBoom
|player|p1|
|c|☆Sunshinne|*gg
|l|☆Sunshinne
|player|p2|
