|j|☆Carpio0315
|j|☆Happy_Joe
|inactive|Battle timer is ON: inactive players will automatically lose when time's up.
|j|*Lady Monita ☀
|t:|1759072406
|gametype|singles
|player|p1|Carpio0315|elesa|
|player|p2|Happy_Joe|tate|
|gen|9
|tier|[Gen 9] OU
|rated|Tournament battle
|rule|HP Percentage Mod: HP is shown in percentages
|rule|Endless Battle Clause: Forcing endless battles is banned
|rule|Species Clause: Limit one of each Pokémon
|rule|OHKO Clause: OHKO moves are banned
|rule|Evasion Items Clause: Evasion items are banned
|rule|Evasion Moves Clause: Evasion moves are banned
|rule|Evasion Abilities Clause: Evasion abilities are banned
|rule|Sleep Moves Clause: Sleep-inducing moves are banned
|raw|<div class="infobox"><details class="readmore" open><summary><strong>1 custom rule:</strong></summary> -wobbuffet</details></div>
|clearpoke
|poke|p1|Grafaiai, M|
|poke|p1|Malamar, F|
|poke|p1|Mudbray, F|
|poke|p2|Lokix, F|
|poke|p2|Trumbeak, M|
|poke|p2|Azumarill, M|
|teampreview
|
|t:|1759072410
|teamsize|p1|3
|teamsize|p2|3
|start
|switch|p1a: Mudbray|Mudbray, F|100/100
|switch|p2a: Trumbeak|Trumbeak, M|100/100
|turn|1
|
|t:|1759072414
|move|p2a: Trumbeak|Knock Off|p1a: Mudbray
|-damage|p1a: Mudbray|80/100
|-ability|p1a: Mudbray|Stamina|boost
|-boost|p1a: Mudbray|def|1
|-enditem|p1a: Mudbray|Leftovers|[from] move: Knock Off|[of] p2a: Trumbeak
|move|p1a: Mudbray|Body Slam|p2a: Trumbeak
|-damage|p2a: Trumbeak|82/100
|-status|p2a: Trumbeak|par
|
|upkeep
|turn|2
|
|t:|1759072423
|move|p1a: Mudbray|Body Slam|p2a: Trumbeak
|-damage|p2a: Trumbeak|65/100 par
|move|p2a: Trumbeak|Tailwind|p2a: Trumbeak
|-sidestart|p2: Happy_Joe|move: Tailwind
|
|upkeep
|turn|3
|
|t:|1759072431
|switch|p2a: Azumarill|Azumarill, M|100/100
|move|p1a: Mudbray|Body Slam|p2a: Azumarill
|-damage|p2a: Azumarill|77/100
|
|upkeep
|turn|4
|
|t:|1759072441
|move|p2a: Azumarill|Liquidation|p1a: Mudbray
|-supereffective|p1a: Mudbray
|-damage|p1a: Mudbray|0 fnt
|faint|p1a: Mudbray
|
|upkeep
|
|t:|1759072450
|switch|p1a: Malamar|Malamar, F|100/100
|turn|5
|
|t:|1759072461
|move|p2a: Azumarill|Belly Drum|p2a: Azumarill
|-damage|p2a: Azumarill|27/100
|-setboost|p2a: Azumarill|atk|6|[from] move: Belly Drum
|-enditem|p2a: Azumarill|Sitrus Berry|[eat]
|-heal|p2a: Azumarill|52/100|[from] item: Sitrus Berry
|move|p1a: Malamar|Superpower|p2a: Azumarill
|-resisted|p2a: Azumarill
|-damage|p2a: Azumarill|36/100
|-boost|p1a: Malamar|atk|1
|-boost|p1a: Malamar|def|1
|
|-sideend|p2: Happy_Joe|move: Tailwind
|upkeep
|turn|6
|
|t:|1759072475
|-terastallize|p2a: Azumarill|Water
|move|p2a: Azumarill|Aqua Jet|p1a: Malamar
|-damage|p1a: Malamar|4/100
|move|p1a: Malamar|Superpower|p2a: Azumarill
|-damage|p2a: Azumarill|0 fnt
|-boost|p1a: Malamar|atk|1
|-boost|p1a: Malamar|def|1
|faint|p2a: Azumarill
|
|-heal|p1a: Malamar|10/100|[from] item: Leftovers
|upkeep
|
|t:|1759072481
|switch|p2a: Lokix|Lokix, F|100/100
|turn|7
|
|t:|1759072486
|move|p2a: Lokix|U-turn|p1a: Malamar
|-supereffective|p1a: Malamar
|-damage|p1a: Malamar|0 fnt
|faint|p1a: Malamar
|
|t:|1759072487
|switch|p2a: Trumbeak|Trumbeak, M|65/100 par|[from] U-turn
|
|upkeep
|
|t:|1759072490
|switch|p1a: Grafaiai|Grafaiai, M|100/100
|turn|8
|
|t:|1759072494
|cant|p2a: Trumbeak|par
|move|p1a: Grafaiai|Foul Play|p2a: Trumbeak
|-damage|p2a: Trumbeak|47/100 par
|
|upkeep
|turn|9
|
|t:|1759072499
|move|p2a: Trumbeak|Roost|p2a: Trumbeak
|-heal|p2a: Trumbeak|97/100 par
|-singleturn|p2a: Trumbeak|move: Roost
|move|p1a: Grafaiai|Foul Play|p2a: Trumbeak
|-damage|p2a: Trumbeak|80/100 par
|
|upkeep
|turn|10
|
|t:|1759072506
|move|p2a: Trumbeak|Tailwind|p2a: Trumbeak
|-sidestart|p2: Happy_Joe|move: Tailwind
|move|p1a: Grafaiai|Foul Play|p2a: Trumbeak
|-damage|p2a: Trumbeak|64/100 par
|
|upkeep
|turn|11
|
|t:|1759072511
|move|p2a: Trumbeak|U-turn|p1a: Grafaiai
|-resisted|p1a: Grafaiai
|-damage|p1a: Grafaiai|91/100
|
|t:|1759072513
|switch|p2a: Lokix|Lokix, F|100/100|[from] U-turn
|move|p1a: Grafaiai|Foul Play|p2a: Lokix
|-resisted|p2a: Lokix
|-damage|p2a: Lokix|77/100
|
|upkeep
|turn|12
|
|t:|1759072518
|move|p2a: Lokix|Knock Off|p1a: Grafaiai
|-damage|p1a: Grafaiai|20/100
|-enditem|p1a: Grafaiai|Lagging Tail|[from] move: Knock Off|[of] p2a: Lokix
|move|p1a: Grafaiai|Dig||[still]
|-prepare|p1a: Grafaiai|Dig
|
|upkeep
|turn|13
|
|t:|1759072524
|switch|p2a: Trumbeak|Trumbeak, M|64/100 par
|move|p1a: Grafaiai|Dig|p2a: Trumbeak|[from] lockedmove
|-immune|p2a: Trumbeak
|
|-sideend|p2: Happy_Joe|move: Tailwind
|upkeep
|turn|14
|
|t:|1759072528
|move|p1a: Grafaiai|Copycat|p1a: Grafaiai
|move|p1a: Grafaiai|Dig||[from] move: Copycat|[still]
|-prepare|p1a: Grafaiai|Dig
|cant|p2a: Trumbeak|par
|
|upkeep
|turn|15
|
|t:|1759072531
|move|p1a: Grafaiai|Dig|p2a: Trumbeak|[from] lockedmove
|-immune|p2a: Trumbeak
|cant|p2a: Trumbeak|par
|
|upkeep
|turn|16
|
|t:|1759072534
|move|p1a: Grafaiai|Copycat|p1a: Grafaiai
|move|p1a: Grafaiai|Dig||[from] move: Copycat|[still]
|-prepare|p1a: Grafaiai|Dig
|move|p2a: Trumbeak|Knock Off|p1a: Grafaiai|[miss]
|-miss|p2a: Trumbeak|p1a: Grafaiai
|
|upkeep
|turn|17
|
|t:|1759072539
|move|p1a: Grafaiai|Dig|p2a: Trumbeak|[from] lockedmove
|-immune|p2a: Trumbeak
|cant|p2a: Trumbeak|par
|
|upkeep
|turn|18
|
|t:|1759072543
|move|p1a: Grafaiai|Copycat|p1a: Grafaiai
|move|p1a: Grafaiai|Dig||[from] move: Copycat|[still]
|-prepare|p1a: Grafaiai|Dig
|move|p2a: Trumbeak|Knock Off|p1a: Grafaiai|[miss]
|-miss|p2a: Trumbeak|p1a: Grafaiai
|
|upkeep
|turn|19
|
|t:|1759072547
|move|p1a: Grafaiai|Dig|p2a: Trumbeak|[from] lockedmove
|-immune|p2a: Trumbeak
|move|p2a: Trumbeak|Roost|p2a: Trumbeak
|-heal|p2a: Trumbeak|100/100 par
|-singleturn|p2a: Trumbeak|move: Roost
|
|upkeep
|turn|20
|
|t:|1759072553
|move|p1a: Grafaiai|Copycat|p1a: Grafaiai
|move|p1a: Grafaiai|Roost|p1a: Grafaiai|[from] move: Copycat
|-heal|p1a: Grafaiai|70/100
|-singleturn|p1a: Grafaiai|move: Roost
|move|p2a: Trumbeak|Knock Off|p1a: Grafaiai
|-damage|p1a: Grafaiai|53/100
|
|upkeep
|turn|21
|
|t:|1759072566
|move|p1a: Grafaiai|Copycat|p1a: Grafaiai
|move|p1a: Grafaiai|Knock Off|p2a: Trumbeak|[from] move: Copycat
|-damage|p2a: Trumbeak|75/100 par
|-enditem|p2a: Trumbeak|Eviolite|[from] move: Knock Off|[of] p1a: Grafaiai
|move|p2a: Trumbeak|Knock Off|p1a: Grafaiai
|-damage|p1a: Grafaiai|35/100
|
|upkeep
|turn|22
|
|t:|1759072574
|move|p1a: Grafaiai|Dig||[still]
|-prepare|p1a: Grafaiai|Dig
|move|p2a: Trumbeak|U-turn|p1a: Grafaiai|[miss]
|-miss|p2a: Trumbeak|p1a: Grafaiai
|
|upkeep
|turn|23
|
|t:|1759072581
|switch|p2a: Lokix|Lokix, F|77/100
|move|p1a: Grafaiai|Dig|p2a: Lokix|[from] lockedmove
|-resisted|p2a: Lokix
|-damage|p2a: Lokix|59/100
|
|upkeep
|turn|24
|
|t:|1759072591
|move|p2a: Lokix|First Impression|p1a: Grafaiai
|-resisted|p1a: Grafaiai
|-crit|p1a: Grafaiai
|-damage|p1a: Grafaiai|0 fnt
|faint|p1a: Grafaiai
|
|win|Happy_Joe
|n|☆Carpio0315|carpio0315
|n|☆Happy_Joe|happyjoe
|n|*Lady Monita ☀|ladymonita
|l|*Lady Monita ☀
|l|☆Carpio0315
|player|p1|
|j| Albrtix
