|j|‽Dominicano 55
|j|☆NotaThisBack
|t:|1759012890
|gametype|singles
|player|p1|Dominicano 55|170|1281
|player|p2|NotaThisBack|adaman|1273
|gen|9
|tier|[Gen 9] OU
|rated|
|rule|HP Percentage Mod: HP is shown in percentages
|rule|Endless Battle Clause: Forcing endless battles is banned
|rule|Species Clause: Limit one of each Pokémon
|rule|OHKO Clause: OHKO moves are banned
|rule|Evasion Items Clause: Evasion items are banned
|rule|Evasion Moves Clause: Evasion moves are banned
|rule|Evasion Abilities Clause: Evasion abilities are banned
|rule|Sleep Moves Clause: Sleep-inducing moves are banned
|clearpoke
|poke|p1|Lokix, M|
|poke|p1|Dragapult, F|
|poke|p1|Toedscruel, M|
|poke|p1|Gyarados, M|
|poke|p1|Rotom-Heat|
|poke|p1|Revavroom, F|
|poke|p2|Iron Moth|
|poke|p2|Ting-Lu|
|poke|p2|Torkoal, F|
|poke|p2|Walking Wake|
|poke|p2|Great Tusk|
|poke|p2|Slither Wing|
|teampreview
|inactive|Battle timer is ON: inactive players will automatically lose when time's up. (requested by NotaThisBack)
|
|t:|1759012908
|teamsize|p1|6
|teamsize|p2|6
|start
|switch|p1a: Gyarados|Gyarados, M|100/100
|switch|p2a: Iron Moth|Iron Moth|100/100
|turn|1
|
|t:|1759012913
|-end|p2a: Iron Moth|Quark Drive|[silent]
|switch|p2a: Torkoal|Torkoal, F|100/100
|-weather|SunnyDay|[from] ability: Drought|[of] p2a: Torkoal
|move|p1a: Gyarados|Dragon Dance|p1a: Gyarados
|-boost|p1a: Gyarados|atk|1
|-boost|p1a: Gyarados|spe|1
|
|-weather|SunnyDay|[upkeep]
|upkeep
|turn|2
|
|t:|1759012920
|move|p1a: Gyarados|Taunt|p2a: Torkoal
|-start|p2a: Torkoal|move: Taunt
|cant|p2a: Torkoal|move: Taunt|Will-O-Wisp
|
|-weather|SunnyDay|[upkeep]
|upkeep
|turn|3
|
|t:|1759012925
|move|p1a: Gyarados|Dragon Dance|p1a: Gyarados
|-boost|p1a: Gyarados|atk|1
|-boost|p1a: Gyarados|spe|1
|move|p2a: Torkoal|Lava Plume|p1a: Gyarados
|-resisted|p1a: Gyarados
|-damage|p1a: Gyarados|81/100
|
|-weather|SunnyDay|[upkeep]
|-heal|p1a: Gyarados|87/100|[from] item: Leftovers
|upkeep
|turn|4
|
|t:|1759012933
|-terastallize|p1a: Gyarados|Ground
|-terastallize|p2a: Torkoal|Ghost
|move|p1a: Gyarados|Earthquake|p2a: Torkoal
|-damage|p2a: Torkoal|41/100
|move|p2a: Torkoal|Lava Plume|p1a: Gyarados
|-damage|p1a: Gyarados|47/100
|
|-weather|SunnyDay|[upkeep]
|-heal|p1a: Gyarados|53/100|[from] item: Leftovers
|-end|p2a: Torkoal|move: Taunt
|upkeep
|turn|5
|
|t:|1759012944
|switch|p2a: Slither Wing|Slither Wing|100/100
|-activate|p2a: Slither Wing|ability: Protosynthesis
|-start|p2a: Slither Wing|protosynthesisatk
|move|p1a: Gyarados|Earthquake|p2a: Slither Wing
|-resisted|p2a: Slither Wing
|-damage|p2a: Slither Wing|35/100
|
|-weather|SunnyDay|[upkeep]
|-heal|p1a: Gyarados|59/100|[from] item: Leftovers
|upkeep
|turn|6
|
|t:|1759012956
|move|p2a: Slither Wing|First Impression|p1a: Gyarados
|-damage|p1a: Gyarados|0 fnt
|faint|p1a: Gyarados
|
|-weather|SunnyDay|[upkeep]
|upkeep
|
|t:|1759012961
|switch|p1a: Lokix|Lokix, M|100/100
|turn|7
|
|t:|1759012965
|-end|p2a: Slither Wing|Protosynthesis|[silent]
|switch|p2a: Great Tusk|Great Tusk|100/100
|-activate|p2a: Great Tusk|ability: Protosynthesis
|-start|p2a: Great Tusk|protosynthesisspe
|move|p1a: Lokix|U-turn|p2a: Great Tusk
|-resisted|p2a: Great Tusk
|-damage|p2a: Great Tusk|74/100
|
|t:|1759012971
|switch|p1a: Rotom|Rotom-Heat|100/100|[from] U-turn
|
|-weather|SunnyDay|[upkeep]
|upkeep
|turn|8
|
|t:|1759012981
|-end|p2a: Great Tusk|Protosynthesis|[silent]
|switch|p2a: Iron Moth|Iron Moth|100/100
|move|p1a: Rotom|Nasty Plot|p1a: Rotom
|-boost|p1a: Rotom|spa|2
|
|-weather|none
|upkeep
|turn|9
|
|t:|1759012993
|move|p2a: Iron Moth|Sludge Wave|p1a: Rotom
|-damage|p1a: Rotom|38/100
|move|p1a: Rotom|Thunderbolt|p2a: Iron Moth
|-damage|p2a: Iron Moth|39/100
|
|-heal|p1a: Rotom|45/100|[from] item: Leftovers
|upkeep
|turn|10
|
|t:|1759013005
|-end|p2a: Iron Moth|Quark Drive|[silent]
|switch|p2a: Torkoal|Torkoal, F, tera:Ghost|41/100
|-weather|SunnyDay|[from] ability: Drought|[of] p2a: Torkoal
|switch|p1a: Revavroom|Revavroom, F|100/100
|
|-weather|SunnyDay|[upkeep]
|upkeep
|turn|11
|
|t:|1759013013
|move|p1a: Revavroom|Shift Gear|p1a: Revavroom
|-boost|p1a: Revavroom|spe|2
|-boost|p1a: Revavroom|atk|1
|move|p2a: Torkoal|Lava Plume|p1a: Revavroom
|-supereffective|p1a: Revavroom
|-damage|p1a: Revavroom|15/100
|-status|p1a: Revavroom|brn
|-enditem|p1a: Revavroom|Lum Berry|[eat]
|-curestatus|p1a: Revavroom|brn|[msg]
|
|-weather|SunnyDay|[upkeep]
|upkeep
|turn|12
|
|t:|1759013026
|switch|p2a: Iron Moth|Iron Moth|39/100
|move|p1a: Revavroom|Temper Flare|p2a: Iron Moth
|-resisted|p2a: Iron Moth
|-damage|p2a: Iron Moth|0 fnt
|faint|p2a: Iron Moth
|-end|p2a: Iron Moth|Quark Drive|[silent]
|
|-weather|SunnyDay|[upkeep]
|upkeep
|
|t:|1759013028
|switch|p2a: Slither Wing|Slither Wing|35/100
|-activate|p2a: Slither Wing|ability: Protosynthesis
|-start|p2a: Slither Wing|protosynthesisatk
|turn|13
|
|t:|1759013037
|move|p2a: Slither Wing|First Impression|p1a: Revavroom
|-resisted|p1a: Revavroom
|-damage|p1a: Revavroom|0 fnt
|faint|p1a: Revavroom
|
|-weather|SunnyDay|[upkeep]
|upkeep
|
|t:|1759013045
|switch|p1a: Lokix|Lokix, M|100/100
|turn|14
|
|t:|1759013051
|-end|p2a: Slither Wing|Protosynthesis|[silent]
|switch|p2a: Great Tusk|Great Tusk|74/100
|-activate|p2a: Great Tusk|ability: Protosynthesis
|-start|p2a: Great Tusk|protosynthesisspe
|move|p1a: Lokix|Knock Off|p2a: Great Tusk
|-resisted|p2a: Great Tusk
|-crit|p2a: Great Tusk
|-damage|p2a: Great Tusk|10/100
|-enditem|p2a: Great Tusk|Heavy-Duty Boots|[from] move: Knock Off|[of] p1a: Lokix
|
|-weather|SunnyDay|[upkeep]
|upkeep
|turn|15
|
|t:|1759013062
|move|p2a: Great Tusk|Ice Spinner|p1a: Lokix
|-damage|p1a: Lokix|66/100
|move|p1a: Lokix|Knock Off|p2a: Great Tusk
|-resisted|p2a: Great Tusk
|-damage|p2a: Great Tusk|0 fnt
|faint|p2a: Great Tusk
|-end|p2a: Great Tusk|Protosynthesis|[silent]
|
|-weather|SunnyDay|[upkeep]
|upkeep
|
|t:|1759013072
|switch|p2a: Walking Wake|Walking Wake|100/100
|-activate|p2a: Walking Wake|ability: Protosynthesis
|-start|p2a: Walking Wake|protosynthesisspe
|turn|16
|
|t:|1759013077
|switch|p1a: Toedscruel|Toedscruel, M|100/100
|move|p2a: Walking Wake|Dragon Pulse|p1a: Toedscruel
|-damage|p1a: Toedscruel|63/100
|
|-weather|SunnyDay|[upkeep]
|upkeep
|turn|17
|
|t:|1759013084
|move|p2a: Walking Wake|Dragon Pulse|p1a: Toedscruel
|-damage|p1a: Toedscruel|25/100
|move|p1a: Toedscruel|Leech Seed|p2a: Walking Wake|[miss]
|-miss|p1a: Toedscruel|p2a: Walking Wake
|
|-weather|none
|-end|p2a: Walking Wake|Protosynthesis
|upkeep
|turn|18
|
|t:|1759013091
|move|p2a: Walking Wake|Dragon Pulse|p1a: Toedscruel
|-damage|p1a: Toedscruel|0 fnt
|faint|p1a: Toedscruel
|
|upkeep
|
|t:|1759013096
|switch|p1a: Lokix|Lokix, M|66/100
|turn|19
|
|t:|1759013100
|-end|p2a: Walking Wake|Protosynthesis|[silent]
|switch|p2a: Torkoal|Torkoal, F, tera:Ghost|41/100
|-weather|SunnyDay|[from] ability: Drought|[of] p2a: Torkoal
|move|p1a: Lokix|U-turn|p2a: Torkoal
|-resisted|p2a: Torkoal
|-damage|p2a: Torkoal|13/100
|
|t:|1759013108
|switch|p1a: Rotom|Rotom-Heat|45/100|[from] U-turn
|
|-weather|SunnyDay|[upkeep]
|-heal|p1a: Rotom|51/100|[from] item: Leftovers
|upkeep
|turn|20
|
|t:|1759013113
|switch|p2a: Slither Wing|Slither Wing|35/100
|-activate|p2a: Slither Wing|ability: Protosynthesis
|-start|p2a: Slither Wing|protosynthesisatk
|move|p1a: Rotom|Overheat|p2a: Slither Wing
|-supereffective|p2a: Slither Wing
|-damage|p2a: Slither Wing|0 fnt
|-unboost|p1a: Rotom|spa|2
|faint|p2a: Slither Wing
|-end|p2a: Slither Wing|Protosynthesis|[silent]
|
|-weather|SunnyDay|[upkeep]
|-heal|p1a: Rotom|57/100|[from] item: Leftovers
|upkeep
|
|t:|1759013116
|switch|p2a: Walking Wake|Walking Wake|100/100
|-activate|p2a: Walking Wake|ability: Protosynthesis
|-start|p2a: Walking Wake|protosynthesisspe
|turn|21
|
|t:|1759013131
|move|p2a: Walking Wake|Hydro Steam|p1a: Rotom
|-supereffective|p1a: Rotom
|-damage|p1a: Rotom|0 fnt
|faint|p1a: Rotom
|
|-weather|SunnyDay|[upkeep]
|upkeep
|
|t:|1759013137
|switch|p1a: Dragapult|Dragapult, F|100/100
|turn|22
|
|t:|1759013140
|-end|p2a: Walking Wake|Protosynthesis|[silent]
|switch|p2a: Ting-Lu|Ting-Lu|100/100
|-ability|p2a: Ting-Lu|Vessel of Ruin
|move|p1a: Dragapult|Flamethrower|p2a: Ting-Lu
|-damage|p2a: Ting-Lu|83/100
|
|-weather|SunnyDay|[upkeep]
|upkeep
|turn|23
|
|t:|1759013147
|switch|p1a: Lokix|Lokix, M|66/100
|move|p2a: Ting-Lu|Whirlwind|p1a: Lokix
|drag|p1a: Dragapult|Dragapult, F|100/100
|
|-weather|SunnyDay|[upkeep]
|upkeep
|turn|24
|
|t:|1759013153
|switch|p1a: Lokix|Lokix, M|66/100
|move|p2a: Ting-Lu|Earthquake|p1a: Lokix
|-resisted|p1a: Lokix
|-damage|p1a: Lokix|39/100
|
|-weather|SunnyDay|[upkeep]
|upkeep
|turn|25
|
|t:|1759013160
|move|p1a: Lokix|Leech Life|p2a: Ting-Lu
|-supereffective|p2a: Ting-Lu
|-damage|p2a: Ting-Lu|23/100
|-heal|p1a: Lokix|94/100|[from] drain|[of] p2a: Ting-Lu
|-damage|p1a: Lokix|77/100|[from] item: Rocky Helmet|[of] p2a: Ting-Lu
|move|p2a: Ting-Lu|Earthquake|p1a: Lokix
|-resisted|p1a: Lokix
|-damage|p1a: Lokix|49/100
|
|-weather|SunnyDay|[upkeep]
|upkeep
|turn|26
|
|t:|1759013169
|switch|p2a: Walking Wake|Walking Wake|100/100
|-activate|p2a: Walking Wake|ability: Protosynthesis
|-start|p2a: Walking Wake|protosynthesisspe
|move|p1a: Lokix|Leech Life|p2a: Walking Wake
|-damage|p2a: Walking Wake|42/100
|-heal|p1a: Lokix|84/100|[from] drain|[of] p2a: Walking Wake
|
|-weather|none
|-end|p2a: Walking Wake|Protosynthesis
|upkeep
|turn|27
|
|t:|1759013178
|move|p2a: Walking Wake|Draco Meteor|p1a: Lokix
|-damage|p1a: Lokix|0 fnt
|-unboost|p2a: Walking Wake|spa|2
|faint|p1a: Lokix
|
|upkeep
|
|t:|1759013183
|switch|p1a: Dragapult|Dragapult, F|100/100
|turn|28
|
|t:|1759013194
|-end|p2a: Walking Wake|Protosynthesis|[silent]
|switch|p2a: Torkoal|Torkoal, F, tera:Ghost|13/100
|-weather|SunnyDay|[from] ability: Drought|[of] p2a: Torkoal
|move|p1a: Dragapult|Shadow Ball|p2a: Torkoal
|-supereffective|p2a: Torkoal
|-damage|p2a: Torkoal|0 fnt
|faint|p2a: Torkoal
|
|-weather|SunnyDay|[upkeep]
|upkeep
|
|t:|1759013196
|switch|p2a: Walking Wake|Walking Wake|42/100
|-activate|p2a: Walking Wake|ability: Protosynthesis
|-start|p2a: Walking Wake|protosynthesisspe
|turn|29
|
|t:|1759013205
|-end|p2a: Walking Wake|Protosynthesis|[silent]
|switch|p2a: Ting-Lu|Ting-Lu|23/100
|-ability|p2a: Ting-Lu|Vessel of Ruin
|move|p1a: Dragapult|Shadow Ball|p2a: Ting-Lu
|-resisted|p2a: Ting-Lu
|-damage|p2a: Ting-Lu|15/100
|
|-weather|SunnyDay|[upkeep]
|upkeep
|turn|30
|
|t:|1759013212
|move|p1a: Dragapult|Shadow Ball|p2a: Ting-Lu
|-resisted|p2a: Ting-Lu
|-damage|p2a: Ting-Lu|7/100
|move|p2a: Ting-Lu|Earthquake|p1a: Dragapult
|-damage|p1a: Dragapult|51/100
|
|-weather|SunnyDay|[upkeep]
|upkeep
|turn|31
|
|t:|1759013219
|move|p1a: Dragapult|Shadow Ball|p2a: Ting-Lu
|-resisted|p2a: Ting-Lu
|-damage|p2a: Ting-Lu|0 fnt
|faint|p2a: Ting-Lu
|
|-weather|SunnyDay|[upkeep]
|upkeep
|
|t:|1759013220
|switch|p2a: Walking Wake|Walking Wake|42/100
|-activate|p2a: Walking Wake|ability: Protosynthesis
|-start|p2a: Walking Wake|protosynthesisspe
|turn|32
|
|t:|1759013227
|move|p1a: Dragapult|Shadow Ball|p2a: Walking Wake
|-damage|p2a: Walking Wake|0 fnt
|faint|p2a: Walking Wake
|-end|p2a: Walking Wake|Protosynthesis|[silent]
|
|win|Dominicano 55
|raw|Dominicano 55's rating: 1281 &rarr; <strong>1305</strong><br />(+24 for winning)
|raw|NotaThisBack's rating: 1273 &rarr; <strong>1249</strong><br />(-24 for losing)
|l|☆NotaThisBack
|player|p2|
|l|‽Dominicano 55
|player|p1|
