|j|☆manjoumethunder69
|j|☆lzweax
|t:|1758975122
|gametype|singles
|player|p1|manjoumethunder69|1|1294
|player|p2|lzweax|170|1257
|gen|9
|tier|[Gen 9] OU
|rated|
|rule|HP Percentage Mod: HP is shown in percentages
|rule|Endless Battle Clause: Forcing endless battles is banned
|rule|Species Clause: Limit one of each Pokémon
|rule|OHKO Clause: OHKO moves are banned
|rule|Evasion Items Clause: Evasion items are banned
|rule|Evasion Moves Clause: Evasion moves are banned
|rule|Evasion Abilities Clause: Evasion abilities are banned
|rule|Sleep Moves Clause: Sleep-inducing moves are banned
|clearpoke
|poke|p1|Torkoal, M|
|poke|p1|Walking Wake|
|poke|p1|Venusaur, M|
|poke|p1|Ceruledge, F|
|poke|p1|Lilligant-Hisui, F|
|poke|p1|Hatterene, F|
|poke|p2|Volcanion|
|poke|p2|Trevenant, F|
|poke|p2|Corviknight, F|
|poke|p2|Gholdengo|
|poke|p2|Garganacl, M|
|poke|p2|Kyurem|
|teampreview
|inactive|Battle timer is ON: inactive players will automatically lose when time's up. (requested by manjoumethunder69)
|
|t:|1758975127
|teamsize|p1|6
|teamsize|p2|6
|start
|switch|p1a: Torkoal|Torkoal, M|100/100
|switch|p2a: Garganacl|Garganacl, M, shiny|100/100
|-weather|SunnyDay|[from] ability: Drought|[of] p1a: Torkoal
|turn|1
|
|t:|1758975137
|move|p2a: Garganacl|Salt Cure|p1a: Torkoal
|-supereffective|p1a: Torkoal
|-damage|p1a: Torkoal|82/100
|-start|p1a: Torkoal|Salt Cure
|move|p1a: Torkoal|Stealth Rock|p2a: Garganacl
|-sidestart|p2: lzweax|move: Stealth Rock
|
|-weather|SunnyDay|[upkeep]
|-damage|p1a: Torkoal|70/100|[from] Salt Cure
|upkeep
|turn|2
|
|t:|1758975153
|switch|p1a: Hatterene|Hatterene, F|100/100
|move|p2a: Garganacl|Stealth Rock|p1a: Hatterene
|move|p1a: Hatterene|Stealth Rock||[from] ability: Magic Bounce|[still]
|-fail|p1a: Hatterene
|
|-weather|SunnyDay|[upkeep]
|upkeep
|turn|3
|
|t:|1758975164
|move|p2a: Garganacl|Salt Cure|p1a: Hatterene
|-damage|p1a: Hatterene|85/100
|-start|p1a: Hatterene|Salt Cure
|-enditem|p1a: Hatterene|Eject Button
|
|t:|1758975173
|switch|p1a: Lilligant|Lilligant-Hisui, F|100/100
|
|-weather|SunnyDay|[upkeep]
|upkeep
|turn|4
|
|t:|1758975183
|move|p1a: Lilligant|Solar Blade||[still]
|-prepare|p1a: Lilligant|Solar Blade
|-anim|p1a: Lilligant|Solar Blade|p2a: Garganacl
|-supereffective|p2a: Garganacl
|-damage|p2a: Garganacl|35/100
|move|p2a: Garganacl|Salt Cure|p1a: Lilligant
|-resisted|p1a: Lilligant
|-damage|p1a: Lilligant|90/100
|-start|p1a: Lilligant|Salt Cure
|
|-weather|SunnyDay|[upkeep]
|-heal|p2a: Garganacl|41/100|[from] item: Leftovers
|-damage|p1a: Lilligant|78/100|[from] Salt Cure
|upkeep
|turn|5
|
|t:|1758975198
|switch|p2a: Corviknight|Corviknight, F, shiny|100/100
|-damage|p2a: Corviknight|88/100|[from] Stealth Rock
|-ability|p2a: Corviknight|Pressure
|move|p1a: Lilligant|Victory Dance|p1a: Lilligant
|-boost|p1a: Lilligant|atk|1
|-boost|p1a: Lilligant|def|1
|-boost|p1a: Lilligant|spe|1
|
|-weather|SunnyDay|[upkeep]
|-damage|p1a: Lilligant|65/100|[from] Salt Cure
|upkeep
|turn|6
|
|t:|1758975212
|move|p1a: Lilligant|Close Combat|p2a: Corviknight
|-damage|p2a: Corviknight|33/100
|-unboost|p1a: Lilligant|def|1
|-unboost|p1a: Lilligant|spd|1
|-damage|p1a: Lilligant|49/100|[from] item: Rocky Helmet|[of] p2a: Corviknight
|move|p2a: Corviknight|Defog|p1a: Lilligant
|-unboost|p1a: Lilligant|evasion|1
|-sideend|p2: lzweax|Stealth Rock|[from] move: Defog|[of] p2a: Corviknight
|
|-weather|SunnyDay|[upkeep]
|-damage|p1a: Lilligant|36/100|[from] Salt Cure
|upkeep
|turn|7
|
|t:|1758975225
|switch|p2a: Trevenant|Trevenant, F, shiny|100/100
|move|p1a: Lilligant|Close Combat|p2a: Trevenant
|-immune|p2a: Trevenant
|
|-weather|SunnyDay|[upkeep]
|-damage|p1a: Lilligant|24/100|[from] Salt Cure
|upkeep
|turn|8
|
|t:|1758975234
|move|p2a: Trevenant|Protect|p2a: Trevenant
|-singleturn|p2a: Trevenant|Protect
|move|p1a: Lilligant|Ice Spinner|p2a: Trevenant
|-activate|p2a: Trevenant|move: Protect
|
|-weather|none
|-damage|p1a: Lilligant|11/100|[from] Salt Cure
|upkeep
|turn|9
|
|t:|1758975246
|switch|p2a: Gholdengo|Gholdengo|100/100
|-item|p2a: Gholdengo|Air Balloon
|move|p1a: Lilligant|Ice Spinner|p2a: Gholdengo
|-resisted|p2a: Gholdengo
|-damage|p2a: Gholdengo|82/100
|-enditem|p2a: Gholdengo|Air Balloon
|
|-damage|p1a: Lilligant|0 fnt|[from] Salt Cure
|faint|p1a: Lilligant
|upkeep
|
|t:|1758975269
|switch|p1a: Ceruledge|Ceruledge, F|100/100
|turn|10
|
|t:|1758975277
|switch|p2a: Garganacl|Garganacl, M, shiny|41/100
|move|p1a: Ceruledge|Bitter Blade|p2a: Garganacl
|-resisted|p2a: Garganacl
|-damage|p2a: Garganacl|28/100
|
|-heal|p2a: Garganacl|35/100|[from] item: Leftovers
|upkeep
|turn|11
|
|t:|1758975287
|switch|p1a: Torkoal|Torkoal, M|70/100
|-weather|SunnyDay|[from] ability: Drought|[of] p1a: Torkoal
|move|p2a: Garganacl|Recover|p2a: Garganacl
|-heal|p2a: Garganacl|85/100
|
|-weather|SunnyDay|[upkeep]
|-heal|p2a: Garganacl|91/100|[from] item: Leftovers
|upkeep
|turn|12
|
|t:|1758975302
|switch|p1a: Hatterene|Hatterene, F|85/100
|move|p2a: Garganacl|Stealth Rock|p1a: Hatterene
|move|p1a: Hatterene|Stealth Rock|p2a: Garganacl|[from] ability: Magic Bounce
|-sidestart|p2: lzweax|move: Stealth Rock
|
|-weather|SunnyDay|[upkeep]
|-heal|p2a: Garganacl|97/100|[from] item: Leftovers
|upkeep
|turn|13
|
|t:|1758975320
|move|p2a: Garganacl|Salt Cure|p1a: Hatterene
|-damage|p1a: Hatterene|69/100
|-start|p1a: Hatterene|Salt Cure
|move|p1a: Hatterene|Psychic|p2a: Garganacl
|-crit|p2a: Garganacl
|-damage|p2a: Garganacl|37/100
|
|-weather|SunnyDay|[upkeep]
|-heal|p2a: Garganacl|44/100|[from] item: Leftovers
|-damage|p1a: Hatterene|57/100|[from] Salt Cure
|upkeep
|turn|14
|
|t:|1758975332
|move|p2a: Garganacl|Recover|p2a: Garganacl
|-heal|p2a: Garganacl|94/100
|move|p1a: Hatterene|Healing Wish|p1a: Hatterene
|faint|p1a: Hatterene
|
|-weather|SunnyDay|[upkeep]
|-heal|p2a: Garganacl|99/100|[from] item: Leftovers
|upkeep
|
|t:|1758975341
|switch|p1a: Torkoal|Torkoal, M|70/100
|-heal|p1a: Torkoal|100/100|[from] move: Healing Wish
|turn|15
|
|t:|1758975347
|switch|p1a: Walking Wake|Walking Wake|100/100
|-activate|p1a: Walking Wake|ability: Protosynthesis
|-start|p1a: Walking Wake|protosynthesisspe
|move|p2a: Garganacl|Salt Cure|p1a: Walking Wake
|-damage|p1a: Walking Wake|85/100
|-start|p1a: Walking Wake|Salt Cure
|
|-weather|SunnyDay|[upkeep]
|-heal|p2a: Garganacl|100/100|[from] item: Leftovers
|-damage|p1a: Walking Wake|60/100|[from] Salt Cure
|upkeep
|turn|16
|
|t:|1758975363
|switch|p2a: Volcanion|Volcanion|100/100
|-damage|p2a: Volcanion|76/100|[from] Stealth Rock
|move|p1a: Walking Wake|Hydro Steam|p2a: Volcanion
|-heal|p2a: Volcanion|100/100|[from] ability: Water Absorb|[of] p1a: Walking Wake
|
|-weather|SunnyDay|[upkeep]
|-damage|p1a: Walking Wake|35/100|[from] Salt Cure
|upkeep
|turn|17
|-message|manjoumethunder69 forfeited.
|
|win|lzweax
|raw|manjoumethunder69's rating: 1294 &rarr; <strong>1266</strong><br />(-28 for losing)
|raw|lzweax's rating: 1257 &rarr; <strong>1285</strong><br />(+28 for winning)
|l|☆manjoumethunder69
|player|p1|
|l|☆lzweax
|player|p2|
