|badge|p2|bronze|gen9ou|100-6
|html|<div class="broadcast-red"><strong>This battle is required to be public due to one or more player having a season medal.</strong><br />During the public phase, you can discuss the state of the ladder <a href="/seasondiscussion">in a special chatroom.</a></div>
|uhtml|medal-msg|<div class="broadcast-blue">Curious what those medals under the avatar are? PS now has Ladder Seasons! For more information, check out the <a href="https://www.smogon.com/forums/threads/3740067/">thread on Smogon.</a></div>
|j|☆zxcj1221
|j|☆JackRG1
|t:|1759075534
|gametype|singles
|player|p1|zxcj1221|170|1815
|player|p2|JackRG1|dawn-gen4pt|1855
|gen|9
|tier|[Gen 9] OU
|rated|
|rule|HP Percentage Mod: HP is shown in percentages
|rule|Endless Battle Clause: Forcing endless battles is banned
|rule|Species Clause: Limit one of each Pokémon
|rule|OHKO Clause: OHKO moves are banned
|rule|Evasion Items Clause: Evasion items are banned
|rule|Evasion Moves Clause: Evasion moves are banned
|rule|Evasion Abilities Clause: Evasion abilities are banned
|rule|Sleep Moves Clause: Sleep-inducing moves are banned
|clearpoke
|poke|p1|Pelipper, M|
|poke|p1|Greninja-*, M|
|poke|p1|Basculegion, M|
|poke|p1|Sandy Shocks|
|poke|p1|Manaphy|
|poke|p1|Araquanid, M|
|poke|p2|Weezing-Galar, M|
|poke|p2|Ting-Lu|
|poke|p2|Corviknight, M|
|poke|p2|Skeledirge, F|
|poke|p2|Dragapult, F|
|poke|p2|Ogerpon-Wellspring, F|
|teampreview
|inactive|Battle timer is ON: inactive players will automatically lose when time's up. (requested by JackRG1)
|
|t:|1759075544
|teamsize|p1|6
|teamsize|p2|6
|start
|switch|p1a: Araquanid|Araquanid, M|100/100
|switch|p2a: Dragapult|Dragapult, F|100/100
|turn|1
|
|t:|1759075553
|move|p2a: Dragapult|Shadow Ball|p1a: Araquanid
|-damage|p1a: Araquanid|70/100
|move|p1a: Araquanid|Sticky Web|p2a: Dragapult
|-sidestart|p2: JackRG1|move: Sticky Web
|
|upkeep
|turn|2
|
|t:|1759075559
|move|p2a: Dragapult|Shadow Ball|p1a: Araquanid
|-damage|p1a: Araquanid|41/100
|move|p1a: Araquanid|Liquidation|p2a: Dragapult
|-resisted|p2a: Dragapult
|-damage|p2a: Dragapult|69/100
|
|upkeep
|turn|3
|
|t:|1759075563
|move|p2a: Dragapult|Shadow Ball|p1a: Araquanid
|-crit|p1a: Araquanid
|-damage|p1a: Araquanid|0 fnt
|faint|p1a: Araquanid
|
|upkeep
|
|t:|1759075565
|switch|p1a: Pelipper|Pelipper, M|100/100
|-weather|RainDance|[from] ability: Drizzle|[of] p1a: Pelipper
|turn|4
|
|t:|1759075576
|switch|p2a: Ting-Lu|Ting-Lu, shiny|100/100
|-activate|p2a: Ting-Lu|move: Sticky Web
|-unboost|p2a: Ting-Lu|spe|1
|-ability|p2a: Ting-Lu|Vessel of Ruin
|move|p1a: Pelipper|U-turn|p2a: Ting-Lu
|-supereffective|p2a: Ting-Lu
|-damage|p2a: Ting-Lu|91/100
|
|t:|1759075581
|switch|p1a: Basculegion|Basculegion, M|100/100|[from] U-turn
|
|-weather|RainDance|[upkeep]
|-heal|p2a: Ting-Lu|97/100|[from] item: Leftovers
|upkeep
|turn|5
|
|t:|1759075585
|switch|p2a: Ogerpon|Ogerpon-Wellspring, F|100/100
|-activate|p2a: Ogerpon|move: Sticky Web
|-unboost|p2a: Ogerpon|spe|1
|move|p1a: Basculegion|Head Smash|p2a: Ogerpon
|-damage|p2a: Ogerpon|22/100
|-damage|p1a: Basculegion|63/100|[from] Recoil
|
|-weather|RainDance|[upkeep]
|upkeep
|turn|6
|
|t:|1759075588
|switch|p2a: Ting-Lu|Ting-Lu, shiny|97/100
|-activate|p2a: Ting-Lu|move: Sticky Web
|-unboost|p2a: Ting-Lu|spe|1
|-ability|p2a: Ting-Lu|Vessel of Ruin
|move|p1a: Basculegion|Head Smash|p2a: Ting-Lu
|-resisted|p2a: Ting-Lu
|-damage|p2a: Ting-Lu|75/100
|-damage|p1a: Basculegion|48/100|[from] Recoil
|
|-weather|RainDance|[upkeep]
|-heal|p2a: Ting-Lu|82/100|[from] item: Leftovers
|upkeep
|turn|7
|j| tiochicodobos
|j| catarina valentine
|
|t:|1759075593
|switch|p1a: Manaphy|Manaphy|100/100
|move|p2a: Ting-Lu|Stealth Rock|p1a: Manaphy
|-sidestart|p1: zxcj1221|move: Stealth Rock
|
|-weather|RainDance|[upkeep]
|-heal|p2a: Ting-Lu|88/100|[from] item: Leftovers
|upkeep
|turn|8
|
|t:|1759075600
|move|p1a: Manaphy|Surf|p2a: Ting-Lu
|-supereffective|p2a: Ting-Lu
|-damage|p2a: Ting-Lu|36/100
|move|p2a: Ting-Lu|Earthquake|p1a: Manaphy
|-damage|p1a: Manaphy|71/100
|
|-weather|RainDance|[upkeep]
|-heal|p2a: Ting-Lu|42/100|[from] item: Leftovers
|upkeep
|turn|9
|
|t:|1759075604
|move|p1a: Manaphy|Tail Glow|p1a: Manaphy
|-boost|p1a: Manaphy|spa|3
|move|p2a: Ting-Lu|Earthquake|p1a: Manaphy
|-damage|p1a: Manaphy|38/100
|
|-weather|RainDance|[upkeep]
|-heal|p2a: Ting-Lu|48/100|[from] item: Leftovers
|upkeep
|turn|10
|
|t:|1759075612
|switch|p2a: GAS.|Weezing-Galar, M|100/100
|-ability|p2a: GAS.|Neutralizing Gas
|move|p1a: Manaphy|Rest|p1a: Manaphy
|-status|p1a: Manaphy|slp|[from] move: Rest
|-heal|p1a: Manaphy|100/100 slp|[silent]
|
|-weather|RainDance|[upkeep]
|upkeep
|turn|11
|
|t:|1759075618
|switch|p1a: Sandy Shocks|Sandy Shocks|100/100
|-damage|p1a: Sandy Shocks|94/100|[from] Stealth Rock
|move|p2a: GAS.|Sludge Bomb|p1a: Sandy Shocks
|-resisted|p1a: Sandy Shocks
|-damage|p1a: Sandy Shocks|77/100
|
|-weather|none
|upkeep
|turn|12
|
|t:|1759075623
|-end|p2a: GAS.|ability: Neutralizing Gas
|switch|p2a: Ting-Lu|Ting-Lu, shiny|48/100
|-enditem|p1a: Sandy Shocks|Booster Energy
|-activate|p1a: Sandy Shocks|ability: Protosynthesis|[fromitem]
|-start|p1a: Sandy Shocks|protosynthesisspe
|-activate|p2a: Ting-Lu|move: Sticky Web
|-unboost|p2a: Ting-Lu|spe|1
|-ability|p2a: Ting-Lu|Vessel of Ruin
|move|p1a: Sandy Shocks|Stealth Rock|p2a: Ting-Lu
|-sidestart|p2: JackRG1|move: Stealth Rock
|
|-heal|p2a: Ting-Lu|55/100|[from] item: Leftovers
|upkeep
|turn|13
|
|t:|1759075628
|move|p1a: Sandy Shocks|Earth Power|p2a: Ting-Lu
|-damage|p2a: Ting-Lu|35/100
|-unboost|p2a: Ting-Lu|spd|1
|move|p2a: Ting-Lu|Earthquake|p1a: Sandy Shocks
|-supereffective|p1a: Sandy Shocks
|-damage|p1a: Sandy Shocks|0 fnt
|faint|p1a: Sandy Shocks
|-end|p1a: Sandy Shocks|Protosynthesis|[silent]
|
|-heal|p2a: Ting-Lu|41/100|[from] item: Leftovers
|upkeep
|
|t:|1759075631
|switch|p1a: Pelipper|Pelipper, M|100/100
|-damage|p1a: Pelipper|76/100|[from] Stealth Rock
|-weather|RainDance|[from] ability: Drizzle|[of] p1a: Pelipper
|turn|14
|
|t:|1759075635
|switch|p2a: Corviknight|Corviknight, M|100/100
|-damage|p2a: Corviknight|88/100|[from] Stealth Rock
|-ability|p2a: Corviknight|Pressure
|move|p1a: Pelipper|Surf|p2a: Corviknight
|-damage|p2a: Corviknight|32/100
|
|-weather|RainDance|[upkeep]
|upkeep
|turn|15
|l| catarina valentine
|
|t:|1759075638
|move|p2a: Corviknight|U-turn|p1a: Pelipper
|-resisted|p1a: Pelipper
|-damage|p1a: Pelipper|68/100
|
|t:|1759075641
|switch|p2a: GAS.|Weezing-Galar, M|100/100|[from] U-turn
|-ability|p2a: GAS.|Neutralizing Gas
|move|p1a: Pelipper|Hurricane|p2a: GAS.
|-crit|p2a: GAS.
|-damage|p2a: GAS.|0 fnt
|faint|p2a: GAS.
|-end|p2a: GAS.|ability: Neutralizing Gas
|
|-weather|RainDance|[upkeep]
|upkeep
|
|t:|1759075643
|switch|p2a: Dragapult|Dragapult, F|69/100
|-activate|p2a: Dragapult|move: Sticky Web
|-fail|p2a: Dragapult|unboost|[from] ability: Clear Body|[of] p2a: Dragapult
|-damage|p2a: Dragapult|57/100|[from] Stealth Rock
|turn|16
|
|t:|1759075651
|move|p2a: Dragapult|Shadow Ball|p1a: Pelipper
|-damage|p1a: Pelipper|0 fnt
|faint|p1a: Pelipper
|
|-weather|RainDance|[upkeep]
|upkeep
|
|t:|1759075659
|switch|p1a: Manaphy|Manaphy|100/100 slp
|turn|17
|
|t:|1759075666
|move|p2a: Dragapult|Shadow Ball|p1a: Manaphy
|-damage|p1a: Manaphy|60/100 slp
|cant|p1a: Manaphy|slp
|
|-weather|RainDance|[upkeep]
|-activate|p1a: Manaphy|ability: Hydration
|-curestatus|p1a: Manaphy|slp|[msg]
|upkeep
|turn|18
|
|t:|1759075670
|move|p2a: Dragapult|Shadow Ball|p1a: Manaphy
|-damage|p1a: Manaphy|16/100
|-unboost|p1a: Manaphy|spd|1
|move|p1a: Manaphy|Rest|p1a: Manaphy
|-status|p1a: Manaphy|slp|[from] move: Rest
|-heal|p1a: Manaphy|100/100 slp|[silent]
|
|-weather|RainDance|[upkeep]
|-activate|p1a: Manaphy|ability: Hydration
|-curestatus|p1a: Manaphy|slp|[msg]
|upkeep
|turn|19
|
|t:|1759075677
|move|p2a: Dragapult|Shadow Ball|p1a: Manaphy
|-damage|p1a: Manaphy|39/100
|move|p1a: Manaphy|Surf|p2a: Dragapult
|-resisted|p2a: Dragapult
|-damage|p2a: Dragapult|12/100
|
|-weather|RainDance|[upkeep]
|upkeep
|turn|20
|
|t:|1759075683
|move|p2a: Dragapult|Shadow Ball|p1a: Manaphy
|-damage|p1a: Manaphy|0 fnt
|faint|p1a: Manaphy
|
|-weather|RainDance|[upkeep]
|upkeep
|
|t:|1759075686
|switch|p1a: Greninja|Greninja, M|100/100
|-damage|p1a: Greninja|88/100|[from] Stealth Rock
|turn|21
|
|t:|1759075690
|move|p1a: Greninja|Water Shuriken|p2a: Dragapult
|-resisted|p2a: Dragapult
|-damage|p2a: Dragapult|3/100
|-resisted|p2a: Dragapult
|-damage|p2a: Dragapult|0 fnt
|faint|p2a: Dragapult
|-ability|p1a: Greninja|Battle Bond|boost
|-boost|p1a: Greninja|atk|1
|-boost|p1a: Greninja|spa|1
|-boost|p1a: Greninja|spe|1
|-activate|p1a: Greninja|ability: Battle Bond
|-hitcount|p2: Dragapult|2
|-damage|p1a: Greninja|78/100|[from] item: Life Orb
|
|-weather|none
|upkeep
|
|t:|1759075693
|switch|p2a: Skeledirge|Skeledirge, F|100/100
|turn|22
|
|t:|1759075703
|-terastallize|p1a: Greninja|Ghost
|-terastallize|p2a: Skeledirge|Dark
|move|p1a: Greninja|Surf|p2a: Skeledirge
|-damage|p2a: Skeledirge|62/100
|-damage|p1a: Greninja|69/100|[from] item: Life Orb
|move|p2a: Skeledirge|Earth Power|p1a: Greninja
|-damage|p1a: Greninja|32/100
|
|upkeep
|turn|23
|
|t:|1759075715
|move|p1a: Greninja|Surf|p2a: Skeledirge
|-damage|p2a: Skeledirge|25/100
|-damage|p1a: Greninja|22/100|[from] item: Life Orb
|move|p2a: Skeledirge|Earth Power|p1a: Greninja
|-damage|p1a: Greninja|0 fnt
|faint|p1a: Greninja
|
|upkeep
|
|t:|1759075717
|switch|p1a: Basculegion|Basculegion, M|48/100
|-damage|p1a: Basculegion|36/100|[from] Stealth Rock
|turn|24
|
|t:|1759075739
|move|p1a: Basculegion|Wave Crash|p2a: Skeledirge
|-damage|p2a: Skeledirge|0 fnt
|faint|p2a: Skeledirge
|-damage|p1a: Basculegion|27/100|[from] Recoil
|
|upkeep
|
|t:|1759075745
|switch|p2a: Ogerpon|Ogerpon-Wellspring, F|22/100
|-activate|p2a: Ogerpon|move: Sticky Web
|-unboost|p2a: Ogerpon|spe|1
|-damage|p2a: Ogerpon|9/100|[from] Stealth Rock
|turn|25
|-message|zxcj1221 forfeited.
|
|win|JackRG1
|raw|zxcj1221's rating: 1815 &rarr; <strong>1797</strong><br />(-18 for losing)
|raw|JackRG1's rating: 1855 &rarr; <strong>1873</strong><br />(+18 for winning)
|l|☆zxcj1221
|player|p1|
|j| amefurikoneko
|l| amefurikoneko
|l|☆JackRG1
|player|p2|
