|j|☆pokemongen4444
|j|☆Pluvio02
|t:|1758990565
|gametype|singles
|player|p1|pokemongen4444|shadowtriad|1206
|player|p2|Pluvio02|alder|1200
|gen|9
|tier|[Gen 9] OU
|rated|
|rule|HP Percentage Mod: HP is shown in percentages
|rule|Endless Battle Clause: Forcing endless battles is banned
|rule|Species Clause: Limit one of each Pokémon
|rule|OHKO Clause: OHKO moves are banned
|rule|Evasion Items Clause: Evasion items are banned
|rule|Evasion Moves Clause: Evasion moves are banned
|rule|Evasion Abilities Clause: Evasion abilities are banned
|rule|Sleep Moves Clause: Sleep-inducing moves are banned
|clearpoke
|poke|p1|Malamar, F|
|poke|p1|Glimmora, F|
|poke|p1|Alomomola, F|
|poke|p1|Incineroar, F|
|poke|p1|Dragapult, M|
|poke|p1|Morpeko, F|
|poke|p2|Ceruledge, M|
|poke|p2|Ursaluna, M|
|poke|p2|Dragapult, M|
|poke|p2|Kingambit, M|
|poke|p2|Araquanid, M|
|poke|p2|Glimmora, F|
|teampreview
|inactive|Battle timer is ON: inactive players will automatically lose when time's up. (requested by Pluvio02)
|inactive|pokemongen4444 also wants the timer to be on.
|
|t:|1758990571
|teamsize|p1|6
|teamsize|p2|6
|start
|switch|p1a: Malamar|Malamar, F, shiny|100/100
|switch|p2a: Arachne|Araquanid, M, shiny|100/100
|turn|1
|
|t:|1758990581
|-terastallize|p1a: Malamar|Fighting
|move|p1a: Malamar|Superpower|p2a: Arachne
|-resisted|p2a: Arachne
|-damage|p2a: Arachne|73/100
|-boost|p1a: Malamar|atk|1
|-boost|p1a: Malamar|def|1
|move|p2a: Arachne|Sticky Web|p1a: Malamar
|-sidestart|p1: pokemongen4444|move: Sticky Web
|
|upkeep
|turn|2
|
|t:|1758990590
|move|p1a: Malamar|Superpower|p2a: Arachne
|-resisted|p2a: Arachne
|-damage|p2a: Arachne|30/100
|-boost|p1a: Malamar|atk|1
|-boost|p1a: Malamar|def|1
|move|p2a: Arachne|Surf|p1a: Malamar
|-damage|p1a: Malamar|61/100
|
|upkeep
|turn|3
|
|t:|1758990602
|move|p2a: Arachne|Endure|p2a: Arachne
|-singleturn|p2a: Arachne|move: Endure
|move|p1a: Malamar|Superpower|p2a: Arachne
|-resisted|p2a: Arachne
|-activate|p2a: Arachne|move: Endure
|-damage|p2a: Arachne|1/100
|-boost|p1a: Malamar|atk|1
|-boost|p1a: Malamar|def|1
|
|upkeep
|turn|4
|-enditem|p2a: Arachne|Custap Berry|[eat]
|-activate|p2a: Arachne|item: Custap Berry|[consumed]
|
|t:|1758990616
|move|p2a: Arachne|Endeavor|p1a: Malamar
|-damage|p1a: Malamar|1/100
|move|p1a: Malamar|Superpower|p2a: Arachne
|-resisted|p2a: Arachne
|-damage|p2a: Arachne|0 fnt
|-boost|p1a: Malamar|atk|1
|-boost|p1a: Malamar|def|1
|faint|p2a: Arachne
|
|upkeep
|inactive|Pluvio02 has 120 seconds left.
|
|t:|1758990653
|switch|p2a: Leon|Ceruledge, M, shiny|100/100
|turn|5
|
|t:|1758990657
|move|p2a: Leon|Swords Dance|p2a: Leon
|-boost|p2a: Leon|atk|2
|move|p1a: Malamar|Knock Off|p2a: Leon
|-supereffective|p2a: Leon
|-enditem|p2a: Leon|Focus Sash
|-damage|p2a: Leon|1/100
|-ability|p2a: Leon|Weak Armor|boost
|-unboost|p2a: Leon|def|1
|-boost|p2a: Leon|spe|2
|
|upkeep
|turn|6
|
|t:|1758990675
|move|p2a: Leon|Bitter Blade|p1a: Malamar
|-damage|p1a: Malamar|0 fnt
|-heal|p2a: Leon|1/100|[from] drain|[of] p1a: Malamar
|faint|p1a: Malamar
|
|upkeep
|inactive|pokemongen4444 has 120 seconds left.
|
|t:|1758990697
|switch|p1a: Alomomola|Alomomola, F|100/100
|-activate|p1a: Alomomola|move: Sticky Web
|-unboost|p1a: Alomomola|spe|1
|turn|7
|
|t:|1758990706
|move|p2a: Leon|Bitter Blade|p1a: Alomomola
|-resisted|p1a: Alomomola
|-damage|p1a: Alomomola|76/100
|-heal|p2a: Leon|24/100|[from] drain|[of] p1a: Alomomola
|move|p1a: Alomomola|Liquidation|p2a: Leon
|-supereffective|p2a: Leon
|-damage|p2a: Leon|0 fnt
|faint|p2a: Leon
|
|-heal|p1a: Alomomola|82/100|[from] item: Leftovers
|upkeep
|
|t:|1758990715
|switch|p2a: Lilith|Glimmora, F, shiny|100/100
|turn|8
|
|t:|1758990724
|move|p2a: Lilith|Stealth Rock|p1a: Alomomola
|-sidestart|p1: pokemongen4444|move: Stealth Rock
|move|p1a: Alomomola|Liquidation|p2a: Lilith
|-supereffective|p2a: Lilith
|-damage|p2a: Lilith|44/100
|-activate|p2a: Lilith|ability: Toxic Debris
|-sidestart|p1: pokemongen4444|move: Toxic Spikes
|
|-heal|p1a: Alomomola|88/100|[from] item: Leftovers
|upkeep
|turn|9
|
|t:|1758990734
|move|p2a: Lilith|Mortal Spin|p1a: Alomomola
|-damage|p1a: Alomomola|85/100
|-status|p1a: Alomomola|psn
|move|p1a: Alomomola|Liquidation|p2a: Lilith
|-supereffective|p2a: Lilith
|-damage|p2a: Lilith|0 fnt
|-activate|p2a: Lilith|ability: Toxic Debris
|-sidestart|p1: pokemongen4444|move: Toxic Spikes
|faint|p2a: Lilith
|
|-heal|p1a: Alomomola|91/100 psn|[from] item: Leftovers
|-damage|p1a: Alomomola|79/100 psn|[from] psn
|upkeep
|
|t:|1758990748
|switch|p2a: Fenris|Ursaluna, M, shiny|100/100
|turn|10
|
|t:|1758990754
|move|p2a: Fenris|Protect|p2a: Fenris
|-singleturn|p2a: Fenris|Protect
|move|p1a: Alomomola|Wish|p1a: Alomomola
|
|-heal|p1a: Alomomola|85/100 psn|[from] item: Leftovers
|-damage|p1a: Alomomola|73/100 psn|[from] psn
|-status|p2a: Fenris|brn|[from] item: Flame Orb
|upkeep
|turn|11
|
|t:|1758990773
|-terastallize|p2a: Fenris|Normal
|move|p2a: Fenris|Facade|p1a: Alomomola
|-damage|p1a: Alomomola|0 fnt
|faint|p1a: Alomomola
|
|-damage|p2a: Fenris|94/100 brn|[from] brn
|upkeep
|
|t:|1758990782
|switch|p1a: Morpeko|Morpeko, F|100/100
|turn|12
|
|t:|1758990788
|move|p1a: Morpeko|Rapid Spin|p2a: Fenris
|-damage|p2a: Fenris|85/100 brn
|-boost|p1a: Morpeko|spe|1
|-sideend|p1: pokemongen4444|Toxic Spikes|[from] move: Rapid Spin|[of] p1a: Morpeko
|-sideend|p1: pokemongen4444|Stealth Rock|[from] move: Rapid Spin|[of] p1a: Morpeko
|-sideend|p1: pokemongen4444|Sticky Web|[from] move: Rapid Spin|[of] p1a: Morpeko
|move|p2a: Fenris|Facade|p1a: Morpeko
|-damage|p1a: Morpeko|0 fnt
|faint|p1a: Morpeko
|
|-damage|p2a: Fenris|79/100 brn|[from] brn
|upkeep
|
|t:|1758990799
|switch|p1a: Dragapult|Dragapult, M|100/100
|turn|13
|
|t:|1758990807
|move|p1a: Dragapult|Dragon Darts|p2a: Fenris
|-damage|p2a: Fenris|52/100 brn
|-anim|p1a: Dragapult|Dragon Darts|p2a: Fenris
|-damage|p2a: Fenris|27/100 brn
|move|p2a: Fenris|Ice Punch|p1a: Dragapult
|-supereffective|p1a: Dragapult
|-damage|p1a: Dragapult|0 fnt
|faint|p1a: Dragapult
|
|-damage|p2a: Fenris|21/100 brn|[from] brn
|upkeep
|
|t:|1758990823
|switch|p1a: Glimmora|Glimmora, F|100/100
|turn|14
|
|t:|1758990834
|move|p1a: Glimmora|Meteor Beam||[still]
|-prepare|p1a: Glimmora|Meteor Beam
|-boost|p1a: Glimmora|spa|1
|-enditem|p1a: Glimmora|Power Herb
|-anim|p1a: Glimmora|Meteor Beam|p2a: Fenris
|-damage|p2a: Fenris|0 fnt
|faint|p2a: Fenris
|
|upkeep
|
|t:|1758990845
|switch|p2a: Aether|Dragapult, M, shiny|100/100
|turn|15
|
|t:|1758990851
|move|p2a: Aether|Dragon Darts|p1a: Glimmora
|-damage|p1a: Glimmora|77/100
|-activate|p1a: Glimmora|ability: Toxic Debris
|-sidestart|p2: Pluvio02|move: Toxic Spikes
|-anim|p2a: Aether|Dragon Darts|p1a: Glimmora
|-damage|p1a: Glimmora|56/100
|-activate|p1a: Glimmora|ability: Toxic Debris
|-sidestart|p2: Pluvio02|move: Toxic Spikes
|move|p1a: Glimmora|Power Gem|p2a: Aether
|-damage|p2a: Aether|14/100
|
|upkeep
|turn|16
|
|t:|1758990864
|move|p2a: Aether|Dragon Darts|p1a: Glimmora
|-damage|p1a: Glimmora|33/100
|-anim|p2a: Aether|Dragon Darts|p1a: Glimmora
|-damage|p1a: Glimmora|13/100
|move|p1a: Glimmora|Power Gem|p2a: Aether
|-damage|p2a: Aether|0 fnt
|faint|p2a: Aether
|
|upkeep
|
|t:|1758990871
|switch|p2a: Wolf|Kingambit, M, shiny|100/100
|-activate|p2a: Wolf|ability: Supreme Overlord
|-start|p2a: Wolf|fallen5|[silent]
|turn|17
|
|t:|1758990877
|move|p2a: Wolf|Sucker Punch|p1a: Glimmora
|-damage|p1a: Glimmora|0 fnt
|faint|p1a: Glimmora
|
|upkeep
|
|t:|1758990882
|switch|p1a: Incineroar|Incineroar, F|100/100
|-ability|p1a: Incineroar|Intimidate|boost
|-unboost|p2a: Wolf|atk|1
|turn|18
|
|t:|1758990892
|move|p1a: Incineroar|Fake Out|p2a: Wolf
|-resisted|p2a: Wolf
|-damage|p2a: Wolf|94/100
|-damage|p1a: Incineroar|91/100|[from] item: Life Orb
|cant|p2a: Wolf|flinch
|
|upkeep
|turn|19
|
|t:|1758990902
|move|p1a: Incineroar|Close Combat|p2a: Wolf
|-supereffective|p2a: Wolf
|-damage|p2a: Wolf|0 fnt
|-unboost|p1a: Incineroar|def|1
|-unboost|p1a: Incineroar|spd|1
|faint|p2a: Wolf
|-end|p2a: Wolf|fallen5|[silent]
|-damage|p1a: Incineroar|81/100|[from] item: Life Orb
|
|win|pokemongen4444
|raw|pokemongen4444's rating: 1206 &rarr; <strong>1231</strong><br />(+25 for winning)
|raw|Pluvio02's rating: 1200 &rarr; <strong>1175</strong><br />(-25 for losing)
|c|☆pokemongen4444|Gg
|c|☆Pluvio02|gg
|l|☆pokemongen4444
|player|p1|
