|j|☆pheonixfirebird
|j|☆philbob101
|t:|1759009434
|gametype|singles
|player|p1|pheonixfirebird|169|1162
|player|p2|philbob101|ghetsis|1165
|gen|9
|tier|[Gen 9] OU
|rated|
|rule|HP Percentage Mod: HP is shown in percentages
|rule|Endless Battle Clause: Forcing endless battles is banned
|rule|Species Clause: Limit one of each Pokémon
|rule|OHKO Clause: OHKO moves are banned
|rule|Evasion Items Clause: Evasion items are banned
|rule|Evasion Moves Clause: Evasion moves are banned
|rule|Evasion Abilities Clause: Evasion abilities are banned
|rule|Sleep Moves Clause: Sleep-inducing moves are banned
|clearpoke
|poke|p1|Dragonite, F|
|poke|p1|Zamazenta-*|
|poke|p1|Landorus-Therian, M|
|poke|p1|Gholdengo|
|poke|p1|Darkrai|
|poke|p1|Hatterene, F|
|poke|p2|Vikavolt, F|
|poke|p2|Keldeo|
|poke|p2|Golurk|
|poke|p2|Kingdra, M|
|poke|p2|Skarmory, F|
|poke|p2|Arcanine-Hisui, M|
|teampreview
|inactive|Battle timer is ON: inactive players will automatically lose when time's up. (requested by pheonixfirebird)
|
|t:|1759009439
|teamsize|p1|6
|teamsize|p2|6
|start
|switch|p1a: Landorus|Landorus-Therian, M|100/100
|switch|p2a: Keldeo|Keldeo, shiny|100/100
|-ability|p1a: Landorus|Intimidate|boost
|-unboost|p2a: Keldeo|atk|1
|turn|1
|
|t:|1759009446
|move|p2a: Keldeo|Swords Dance|p2a: Keldeo
|-boost|p2a: Keldeo|atk|2
|move|p1a: Landorus|Stealth Rock|p2a: Keldeo
|-sidestart|p2: philbob101|move: Stealth Rock
|
|upkeep
|turn|2
|
|t:|1759009452
|move|p2a: Keldeo|Swords Dance|p2a: Keldeo
|-boost|p2a: Keldeo|atk|2
|move|p1a: Landorus|U-turn|p2a: Keldeo
|-resisted|p2a: Keldeo
|-damage|p2a: Keldeo|88/100
|
|t:|1759009456
|switch|p1a: Zamazenta|Zamazenta|100/100|[from] U-turn
|-ability|p1a: Zamazenta|Dauntless Shield|boost
|-boost|p1a: Zamazenta|def|1
|
|upkeep
|turn|3
|
|t:|1759009462
|move|p2a: Keldeo|Trailblaze|p1a: Zamazenta
|-damage|p1a: Zamazenta|86/100
|-boost|p2a: Keldeo|spe|1
|move|p1a: Zamazenta|Roar|p2a: Keldeo
|drag|p2a: xXSniper-LifeXx|Kingdra, M, shiny|100/100
|-damage|p2a: xXSniper-LifeXx|88/100|[from] Stealth Rock
|
|-heal|p1a: Zamazenta|92/100|[from] item: Leftovers
|upkeep
|turn|4
|
|t:|1759009472
|move|p1a: Zamazenta|Iron Defense|p1a: Zamazenta
|-boost|p1a: Zamazenta|def|2
|move|p2a: xXSniper-LifeXx|Draco Meteor|p1a: Zamazenta
|-damage|p1a: Zamazenta|33/100
|-unboost|p2a: xXSniper-LifeXx|spa|2
|
|-heal|p1a: Zamazenta|39/100|[from] item: Leftovers
|upkeep
|turn|5
|
|t:|1759009484
|move|p1a: Zamazenta|Body Press|p2a: xXSniper-LifeXx
|-damage|p2a: xXSniper-LifeXx|0 fnt
|faint|p2a: xXSniper-LifeXx
|
|-heal|p1a: Zamazenta|45/100|[from] item: Leftovers
|upkeep
|
|t:|1759009487
|switch|p2a: Steven|Skarmory, F, shiny|100/100
|-damage|p2a: Steven|88/100|[from] Stealth Rock
|turn|6
|
|t:|1759009494
|move|p1a: Zamazenta|Body Press|p2a: Steven
|-damage|p2a: Steven|13/100
|-damage|p1a: Zamazenta|29/100|[from] item: Rocky Helmet|[of] p2a: Steven
|move|p2a: Steven|Stealth Rock|p1a: Zamazenta
|-sidestart|p1: pheonixfirebird|move: Stealth Rock
|
|-heal|p1a: Zamazenta|35/100|[from] item: Leftovers
|upkeep
|turn|7
|
|t:|1759009502
|move|p1a: Zamazenta|Body Press|p2a: Steven
|-damage|p2a: Steven|0 fnt
|-damage|p1a: Zamazenta|18/100|[from] item: Rocky Helmet|[of] p2a: Steven
|faint|p2a: Steven
|
|-heal|p1a: Zamazenta|24/100|[from] item: Leftovers
|upkeep
|
|t:|1759009504
|switch|p2a: The One|Golurk, shiny|100/100
|-damage|p2a: The One|94/100|[from] Stealth Rock
|turn|8
|
|t:|1759009511
|-terastallize|p2a: The One|Fighting
|move|p1a: Zamazenta|Crunch|p2a: The One
|-resisted|p2a: The One
|-damage|p2a: The One|83/100
|-unboost|p2a: The One|def|1
|move|p2a: The One|Trick|p1a: Zamazenta
|-activate|p2a: The One|move: Trick|[of] p1a: Zamazenta
|-item|p1a: Zamazenta|Choice Band|[from] move: Trick
|-item|p2a: The One|Leftovers|[from] move: Trick
|
|-heal|p2a: The One|89/100|[from] item: Leftovers
|upkeep
|turn|9
|
|t:|1759009521
|move|p1a: Zamazenta|Body Press|p2a: The One
|-damage|p2a: The One|0 fnt
|faint|p2a: The One
|
|upkeep
|-message|philbob101 forfeited.
|
|win|pheonixfirebird
|raw|pheonixfirebird's rating: 1162 &rarr; <strong>1187</strong><br />(+25 for winning)
|raw|philbob101's rating: 1165 &rarr; <strong>1140</strong><br />(-25 for losing)
|l|☆philbob101
|player|p2|
