|j|☆igorcda
|j|☆ybg mihan
|t:|1758914323
|gametype|singles
|player|p1|igorcda|richboy-gen4|1545
|player|p2|ybg mihan|170|1563
|gen|9
|tier|[Gen 9] OU
|rated|
|rule|HP Percentage Mod: HP is shown in percentages
|rule|Endless Battle Clause: Forcing endless battles is banned
|rule|Species Clause: Limit one of each Pokémon
|rule|OHKO Clause: OHKO moves are banned
|rule|Evasion Items Clause: Evasion items are banned
|rule|Evasion Moves Clause: Evasion moves are banned
|rule|Evasion Abilities Clause: Evasion abilities are banned
|rule|Sleep Moves Clause: Sleep-inducing moves are banned
|clearpoke
|poke|p1|Cinccino, F|
|poke|p1|Porygon-Z|
|poke|p1|Ursaluna, M|
|poke|p1|Iron Boulder|
|poke|p1|Ninetales-Alola, F|
|poke|p1|Rotom-Heat|
|poke|p2|Scizor, M|
|poke|p2|Slowking-Galar, F|
|poke|p2|Great Tusk|
|poke|p2|Dragonite, F|
|poke|p2|Zamazenta-*|
|poke|p2|Kyurem|
|teampreview
|inactive|Battle timer is ON: inactive players will automatically lose when time's up. (requested by ybg mihan)
|inactive|igorcda also wants the timer to be on.
|j| lonriri
|
|t:|1758914329
|teamsize|p1|6
|teamsize|p2|6
|start
|switch|p1a: Rotom|Rotom-Heat|100/100
|switch|p2a: Scizor|Scizor, M|100/100
|turn|1
|
|t:|1758914334
|switch|p2a: Slowking|Slowking-Galar, F|100/100
|move|p1a: Rotom|Thunder Wave|p2a: Slowking
|-status|p2a: Slowking|par
|
|upkeep
|turn|2
|
|t:|1758914337
|switch|p1a: Ursaluna|Ursaluna, M, shiny|100/100
|cant|p2a: Slowking|par
|
|-status|p1a: Ursaluna|brn|[from] item: Flame Orb
|upkeep
|turn|3
|
|t:|1758914346
|switch|p2a: Dragonite|Dragonite, F|100/100
|move|p1a: Ursaluna|Facade|p2a: Dragonite
|-damage|p2a: Dragonite|31/100
|
|-damage|p1a: Ursaluna|94/100 brn|[from] brn
|upkeep
|turn|4
|
|t:|1758914352
|move|p2a: Dragonite|Outrage|p1a: Ursaluna
|-damage|p1a: Ursaluna|13/100 brn
|move|p1a: Ursaluna|Facade|p2a: Dragonite
|-damage|p2a: Dragonite|0 fnt
|faint|p2a: Dragonite
|
|-damage|p1a: Ursaluna|6/100 brn|[from] brn
|upkeep
|
|t:|1758914355
|switch|p2a: Kyurem|Kyurem|100/100
|-ability|p2a: Kyurem|Pressure
|turn|5
|
|t:|1758914359
|move|p2a: Kyurem|Freeze-Dry|p1a: Ursaluna
|-supereffective|p1a: Ursaluna
|-damage|p1a: Ursaluna|0 fnt
|faint|p1a: Ursaluna
|
|upkeep
|
|t:|1758914361
|switch|p1a: Ninetales|Ninetales-Alola, F, shiny|100/100
|-weather|Snowscape|[from] ability: Snow Warning|[of] p1a: Ninetales
|turn|6
|
|t:|1758914364
|switch|p2a: Slowking|Slowking-Galar, F|100/100 par
|move|p1a: Ninetales|Aurora Veil|p1a: Ninetales
|-sidestart|p1: igorcda|move: Aurora Veil
|
|-weather|Snowscape|[upkeep]
|upkeep
|turn|7
|
|t:|1758914371
|switch|p1a: Porygon-Z|Porygon-Z, shiny|100/100
|move|p2a: Slowking|Toxic|p1a: Porygon-Z
|-status|p1a: Porygon-Z|tox
|
|-weather|Snowscape|[upkeep]
|-damage|p1a: Porygon-Z|94/100 tox|[from] psn
|upkeep
|turn|8
|
|t:|1758914376
|move|p1a: Porygon-Z|Nasty Plot|p1a: Porygon-Z
|-boost|p1a: Porygon-Z|spa|2
|-prepare|p2a: Slowking|Chilly Reception|[premajor]
|cant|p2a: Slowking|par
|
|-weather|Snowscape|[upkeep]
|-damage|p1a: Porygon-Z|82/100 tox|[from] psn
|upkeep
|turn|9
|
|t:|1758914383
|move|p1a: Porygon-Z|Shadow Ball|p2a: Slowking
|-supereffective|p2a: Slowking
|-damage|p2a: Slowking|32/100 par
|-prepare|p2a: Slowking|Chilly Reception|[premajor]
|move|p2a: Slowking|Chilly Reception|p2a: Slowking
|l| lonriri
|
|t:|1758914389
|switch|p2a: Kyurem|Kyurem|100/100|[from] Chilly Reception
|-ability|p2a: Kyurem|Pressure
|
|-weather|Snowscape|[upkeep]
|-damage|p1a: Porygon-Z|63/100 tox|[from] psn
|upkeep
|turn|10
|
|t:|1758914391
|move|p2a: Kyurem|Blizzard|p1a: Porygon-Z
|-damage|p1a: Porygon-Z|3/100 tox
|-enditem|p1a: Porygon-Z|Sitrus Berry|[eat]
|-heal|p1a: Porygon-Z|28/100 tox|[from] item: Sitrus Berry
|move|p1a: Porygon-Z|Tri Attack|p2a: Kyurem
|-damage|p2a: Kyurem|0 fnt
|faint|p2a: Kyurem
|
|-weather|none
|-damage|p1a: Porygon-Z|3/100 tox|[from] psn
|upkeep
|
|t:|1758914395
|switch|p2a: Slowking|Slowking-Galar, F|65/100 par
|turn|11
|
|t:|1758914401
|move|p1a: Porygon-Z|Shadow Ball|p2a: Slowking
|-supereffective|p2a: Slowking
|-damage|p2a: Slowking|0 fnt
|faint|p2a: Slowking
|
|-damage|p1a: Porygon-Z|0 fnt|[from] psn
|faint|p1a: Porygon-Z
|upkeep
|
|t:|1758914407
|switch|p1a: Rotom|Rotom-Heat|100/100
|switch|p2a: Great Tusk|Great Tusk|100/100
|turn|12
|
|t:|1758914413
|move|p2a: Great Tusk|Stealth Rock|p1a: Rotom
|-sidestart|p1: igorcda|move: Stealth Rock
|move|p1a: Rotom|Will-O-Wisp|p2a: Great Tusk
|-status|p2a: Great Tusk|brn
|
|-damage|p2a: Great Tusk|94/100 brn|[from] brn
|upkeep
|turn|13
|
|t:|1758914420
|switch|p1a: Ninetales|Ninetales-Alola, F, shiny|100/100
|-damage|p1a: Ninetales|75/100|[from] Stealth Rock
|-weather|Snowscape|[from] ability: Snow Warning|[of] p1a: Ninetales
|move|p2a: Great Tusk|Rapid Spin|p1a: Ninetales
|-damage|p1a: Ninetales|72/100
|-boost|p2a: Great Tusk|spe|1
|
|-weather|Snowscape|[upkeep]
|-damage|p2a: Great Tusk|88/100 brn|[from] brn
|-sideend|p1: igorcda|move: Aurora Veil
|upkeep
|turn|14
|
|t:|1758914423
|move|p2a: Great Tusk|Headlong Rush|p1a: Ninetales
|-damage|p1a: Ninetales|43/100
|-unboost|p2a: Great Tusk|def|1
|-unboost|p2a: Great Tusk|spd|1
|move|p1a: Ninetales|Aurora Veil|p1a: Ninetales
|-sidestart|p1: igorcda|move: Aurora Veil
|
|-weather|Snowscape|[upkeep]
|-damage|p2a: Great Tusk|82/100 brn|[from] brn
|upkeep
|turn|15
|
|t:|1758914426
|move|p2a: Great Tusk|Headlong Rush|p1a: Ninetales
|-damage|p1a: Ninetales|28/100
|-unboost|p2a: Great Tusk|def|1
|-unboost|p2a: Great Tusk|spd|1
|move|p1a: Ninetales|Freeze-Dry|p2a: Great Tusk
|-supereffective|p2a: Great Tusk
|-damage|p2a: Great Tusk|0 fnt
|faint|p2a: Great Tusk
|-end|p2a: Great Tusk|Protosynthesis|[silent]
|
|-weather|Snowscape|[upkeep]
|upkeep
|
|t:|1758914432
|switch|p2a: Scizor|Scizor, M|100/100
|turn|16
|
|t:|1758914436
|switch|p1a: Rotom|Rotom-Heat|100/100
|move|p2a: Scizor|U-turn|p1a: Rotom
|-resisted|p1a: Rotom
|-damage|p1a: Rotom|84/100
|
|t:|1758914438
|switch|p2a: Zamazenta|Zamazenta|100/100|[from] U-turn
|-ability|p2a: Zamazenta|Dauntless Shield|boost
|-boost|p2a: Zamazenta|def|1
|
|-weather|Snowscape|[upkeep]
|upkeep
|turn|17
|
|t:|1758914442
|move|p2a: Zamazenta|Substitute|p2a: Zamazenta
|-start|p2a: Zamazenta|Substitute
|-damage|p2a: Zamazenta|75/100
|move|p1a: Rotom|Thunder Wave||[still]
|-fail|p1a: Rotom
|
|-weather|none
|-heal|p2a: Zamazenta|82/100|[from] item: Leftovers
|upkeep
|turn|18
|
|t:|1758914450
|move|p2a: Zamazenta|Iron Defense|p2a: Zamazenta
|-boost|p2a: Zamazenta|def|2
|move|p1a: Rotom|Overheat|p2a: Zamazenta
|-end|p2a: Zamazenta|Substitute
|-unboost|p1a: Rotom|spa|2
|
|-heal|p2a: Zamazenta|88/100|[from] item: Leftovers
|upkeep
|turn|19
|
|t:|1758914459
|move|p2a: Zamazenta|Substitute|p2a: Zamazenta
|-start|p2a: Zamazenta|Substitute
|-damage|p2a: Zamazenta|63/100
|move|p1a: Rotom|Volt Switch|p2a: Zamazenta
|-activate|p2a: Zamazenta|move: Substitute|[damage]
|
|t:|1758914461
|switch|p1a: Ninetales|Ninetales-Alola, F, shiny|28/100|[from] Volt Switch
|-damage|p1a: Ninetales|3/100|[from] Stealth Rock
|-weather|Snowscape|[from] ability: Snow Warning|[of] p1a: Ninetales
|
|-weather|Snowscape|[upkeep]
|-heal|p2a: Zamazenta|69/100|[from] item: Leftovers
|upkeep
|turn|20
|
|t:|1758914466
|move|p2a: Zamazenta|Crunch|p1a: Ninetales
|-resisted|p1a: Ninetales
|-damage|p1a: Ninetales|0 fnt
|faint|p1a: Ninetales
|
|-weather|Snowscape|[upkeep]
|-heal|p2a: Zamazenta|75/100|[from] item: Leftovers
|upkeep
|
|t:|1758914474
|switch|p1a: Iron Boulder|Iron Boulder|100/100
|-damage|p1a: Iron Boulder|88/100|[from] Stealth Rock
|-enditem|p1a: Iron Boulder|Booster Energy
|-activate|p1a: Iron Boulder|ability: Quark Drive|[fromitem]
|-start|p1a: Iron Boulder|quarkdrivespe
|turn|21
|
|t:|1758914481
|-terastallize|p1a: Iron Boulder|Fighting
|move|p1a: Iron Boulder|Swords Dance|p1a: Iron Boulder
|-boost|p1a: Iron Boulder|atk|2
|move|p2a: Zamazenta|Body Press|p1a: Iron Boulder
|-damage|p1a: Iron Boulder|38/100
|
|-weather|Snowscape|[upkeep]
|-heal|p2a: Zamazenta|81/100|[from] item: Leftovers
|-sideend|p1: igorcda|move: Aurora Veil
|upkeep
|turn|22
|
|t:|1758914484
|move|p1a: Iron Boulder|Sacred Sword|p2a: Zamazenta
|-end|p2a: Zamazenta|Substitute
|move|p2a: Zamazenta|Body Press|p1a: Iron Boulder
|-damage|p1a: Iron Boulder|0 fnt
|faint|p1a: Iron Boulder
|-end|p1a: Iron Boulder|Quark Drive|[silent]
|
|-weather|Snowscape|[upkeep]
|-heal|p2a: Zamazenta|88/100|[from] item: Leftovers
|upkeep
|
|t:|1758914487
|switch|p1a: Cinccino|Cinccino, F, shiny|100/100
|-damage|p1a: Cinccino|88/100|[from] Stealth Rock
|turn|23
|-message|igorcda forfeited.
|
|win|ybg mihan
|raw|igorcda's rating: 1545 &rarr; <strong>1526</strong><br />(-19 for losing)
|raw|ybg mihan's rating: 1563 &rarr; <strong>1582</strong><br />(+19 for winning)
|l|☆igorcda
|player|p1|
|l|☆ybg mihan
|player|p2|
