|j|☆dia90吧主甲的女粉
|j|☆jamel1
|t:|1759063521
|gametype|singles
|player|p1|dia90吧主甲的女粉|170|1674
|player|p2|jamel1|102|1758
|gen|9
|tier|[Gen 9] OU
|rated|
|rule|HP Percentage Mod: HP is shown in percentages
|rule|Endless Battle Clause: Forcing endless battles is banned
|rule|Species Clause: Limit one of each Pokémon
|rule|OHKO Clause: OHKO moves are banned
|rule|Evasion Items Clause: Evasion items are banned
|rule|Evasion Moves Clause: Evasion moves are banned
|rule|Evasion Abilities Clause: Evasion abilities are banned
|rule|Sleep Moves Clause: Sleep-inducing moves are banned
|clearpoke
|poke|p1|Slowbro-Galar, F|
|poke|p1|Quaquaval, F|
|poke|p1|Torterra, F|
|poke|p1|Rillaboom, M|
|poke|p1|Zapdos|
|poke|p1|Kingambit, M|
|poke|p2|Gyarados, M|
|poke|p2|Maushold|
|poke|p2|Deoxys-Defense|
|poke|p2|Sandaconda, F|
|poke|p2|Serperior, F|
|poke|p2|Kommo-o, M|
|teampreview
|
|t:|1759063536
|teamsize|p1|6
|teamsize|p2|6
|start
|switch|p1a: Kingambit|Kingambit, M|100/100
|switch|p2a: Sandaconda|Sandaconda, F|100/100
|turn|1
|
|t:|1759063550
|move|p2a: Sandaconda|Glare|p1a: Kingambit
|-status|p1a: Kingambit|par
|move|p1a: Kingambit|Kowtow Cleave|p2a: Sandaconda
|-damage|p2a: Sandaconda|27/100
|
|upkeep
|turn|2
|
|t:|1759063557
|move|p2a: Sandaconda|Stealth Rock|p1a: Kingambit
|-sidestart|p1: dia90吧主甲的女粉|move: Stealth Rock
|move|p1a: Kingambit|Kowtow Cleave|p2a: Sandaconda
|-damage|p2a: Sandaconda|0 fnt
|faint|p2a: Sandaconda
|
|upkeep
|
|t:|1759063561
|switch|p2a: Kommo-o|Kommo-o, M|100/100
|turn|3
|
|t:|1759063575
|switch|p1a: Zapdos|Zapdos|100/100
|move|p2a: Kommo-o|Substitute|p2a: Kommo-o
|-start|p2a: Kommo-o|Substitute
|-damage|p2a: Kommo-o|75/100
|
|upkeep
|turn|4
|
|t:|1759063582
|-terastallize|p2a: Kommo-o|Steel
|move|p2a: Kommo-o|Belly Drum|p2a: Kommo-o
|-damage|p2a: Kommo-o|25/100
|-setboost|p2a: Kommo-o|atk|6|[from] move: Belly Drum
|-enditem|p2a: Kommo-o|Salac Berry|[eat]
|-boost|p2a: Kommo-o|spe|1|[from] item: Salac Berry
|move|p1a: Zapdos|Hurricane|p2a: Kommo-o|[miss]
|-miss|p1a: Zapdos|p2a: Kommo-o
|
|upkeep
|turn|5
|
|t:|1759063603
|move|p2a: Kommo-o|Drain Punch|p1a: Zapdos
|-resisted|p1a: Zapdos
|-damage|p1a: Zapdos|51/100
|-heal|p2a: Kommo-o|57/100|[from] drain|[of] p1a: Zapdos
|move|p1a: Zapdos|Tailwind|p1a: Zapdos
|-sidestart|p1: dia90吧主甲的女粉|move: Tailwind
|
|upkeep
|turn|6
|
|t:|1759063612
|move|p1a: Zapdos|Volt Switch|p2a: Kommo-o
|-end|p2a: Kommo-o|Substitute
|
|t:|1759063623
|switch|p1a: Slowbro|Slowbro-Galar, F|100/100|[from] Volt Switch
|-damage|p1a: Slowbro|88/100|[from] Stealth Rock
|move|p2a: Kommo-o|Shadow Claw|p1a: Slowbro
|-supereffective|p1a: Slowbro
|-damage|p1a: Slowbro|0 fnt
|faint|p1a: Slowbro
|
|upkeep
|
|t:|1759063633
|switch|p1a: Quaquaval|Quaquaval, F|100/100
|-damage|p1a: Quaquaval|94/100|[from] Stealth Rock
|turn|7
|
|t:|1759063645
|move|p1a: Quaquaval|Close Combat|p2a: Kommo-o
|-supereffective|p2a: Kommo-o
|-damage|p2a: Kommo-o|0 fnt
|-unboost|p1a: Quaquaval|def|1
|-unboost|p1a: Quaquaval|spd|1
|faint|p2a: Kommo-o
|-ability|p1a: Quaquaval|Moxie|boost
|-boost|p1a: Quaquaval|atk|1
|
|upkeep
|
|t:|1759063648
|switch|p2a: Serperior|Serperior, F|100/100
|turn|8
|
|t:|1759063656
|move|p1a: Quaquaval|Close Combat|p2a: Serperior
|-damage|p2a: Serperior|0 fnt
|-unboost|p1a: Quaquaval|def|1
|-unboost|p1a: Quaquaval|spd|1
|faint|p2a: Serperior
|-ability|p1a: Quaquaval|Moxie|boost
|-boost|p1a: Quaquaval|atk|1
|
|-sideend|p1: dia90吧主甲的女粉|move: Tailwind
|upkeep
|
|t:|1759063660
|switch|p2a: Gyarados|Gyarados, M|100/100
|turn|9
|
|t:|1759063667
|move|p2a: Gyarados|Dragon Dance|p2a: Gyarados
|-boost|p2a: Gyarados|atk|1
|-boost|p2a: Gyarados|spe|1
|move|p1a: Quaquaval|Close Combat|p2a: Gyarados
|-resisted|p2a: Gyarados
|-damage|p2a: Gyarados|0 fnt
|-unboost|p1a: Quaquaval|def|1
|-unboost|p1a: Quaquaval|spd|1
|faint|p2a: Gyarados
|-ability|p1a: Quaquaval|Moxie|boost
|-boost|p1a: Quaquaval|atk|1
|
|upkeep
|
|t:|1759063672
|switch|p2a: Deoxys|Deoxys-Defense|100/100
|-ability|p2a: Deoxys|Pressure
|turn|10
|
|t:|1759063681
|move|p1a: Quaquaval|Close Combat|p2a: Deoxys
|-resisted|p2a: Deoxys
|-damage|p2a: Deoxys|39/100
|-unboost|p1a: Quaquaval|def|1
|-unboost|p1a: Quaquaval|spd|1
|-enditem|p2a: Deoxys|Kee Berry|[eat]
|-boost|p2a: Deoxys|def|1|[from] item: Kee Berry
|move|p2a: Deoxys|Calm Mind|p2a: Deoxys
|-boost|p2a: Deoxys|spa|1
|-boost|p2a: Deoxys|spd|1
|
|upkeep
|turn|11
|
|t:|1759063692
|move|p1a: Quaquaval|Close Combat|p2a: Deoxys
|-resisted|p2a: Deoxys
|-crit|p2a: Deoxys
|-damage|p2a: Deoxys|0 fnt
|-unboost|p1a: Quaquaval|def|1
|-unboost|p1a: Quaquaval|spd|1
|faint|p2a: Deoxys
|-ability|p1a: Quaquaval|Moxie|boost
|-boost|p1a: Quaquaval|atk|1
|
|upkeep
|
|t:|1759063695
|switch|p2a: Maushold|Maushold|100/100
|turn|12
|-message|jamel1 forfeited.
|
|win|dia90吧主甲的女粉
|raw|dia90吧主甲的女粉's rating: 1674 &rarr; <strong>1699</strong><br />(+25 for winning)
|raw|jamel1's rating: 1758 &rarr; <strong>1733</strong><br />(-25 for losing)
|l|☆jamel1
|player|p2|
|l|☆dia90吧主甲的女粉
|player|p1|
