|j|☆RoaringMoonlight2
|j|☆jamel1
|t:|1759065877
|gametype|singles
|player|p1|RoaringMoonlight2|hiker-gen4|1696
|player|p2|jamel1|102|1773
|gen|9
|tier|[Gen 9] OU
|rated|
|rule|HP Percentage Mod: HP is shown in percentages
|rule|Endless Battle Clause: Forcing endless battles is banned
|rule|Species Clause: Limit one of each Pokémon
|rule|OHKO Clause: OHKO moves are banned
|rule|Evasion Items Clause: Evasion items are banned
|rule|Evasion Moves Clause: Evasion moves are banned
|rule|Evasion Abilities Clause: Evasion abilities are banned
|rule|Sleep Moves Clause: Sleep-inducing moves are banned
|clearpoke
|poke|p1|Glimmora, M|
|poke|p1|Iron Valiant|
|poke|p1|Raging Bolt|
|poke|p1|Ogerpon-Wellspring, F|
|poke|p1|Kingambit, F|
|poke|p1|Ceruledge, M|
|poke|p2|Gyarados, M|
|poke|p2|Maushold|
|poke|p2|Deoxys-Defense|
|poke|p2|Sandaconda, F|
|poke|p2|Serperior, M|
|poke|p2|Kommo-o, F|
|teampreview
|inactive|Battle timer is ON: inactive players will automatically lose when time's up. (requested by RoaringMoonlight2)
|inactive|RoaringMoonlight2 has 120 seconds left.
|inactive|jamel1 has 120 seconds left.
|inactive|RoaringMoonlight2 has 90 seconds left.
|
|t:|1759065964
|teamsize|p1|6
|teamsize|p2|6
|start
|switch|p1a: Fleur de Cuivre|Glimmora, M|100/100
|switch|p2a: Sandaconda|Sandaconda, F|100/100
|turn|1
|
|t:|1759065966
|move|p1a: Fleur de Cuivre|Stealth Rock|p2a: Sandaconda
|-sidestart|p2: jamel1|move: Stealth Rock
|move|p2a: Sandaconda|Glare|p1a: Fleur de Cuivre
|-status|p1a: Fleur de Cuivre|par
|
|upkeep
|turn|2
|
|t:|1759065971
|move|p2a: Sandaconda|Stealth Rock|p1a: Fleur de Cuivre
|-sidestart|p1: RoaringMoonlight2|move: Stealth Rock
|cant|p1a: Fleur de Cuivre|par
|
|upkeep
|turn|3
|
|t:|1759065975
|switch|p1a: Masqurécage|Ogerpon-Wellspring, F|100/100
|-damage|p1a: Masqurécage|88/100|[from] Stealth Rock
|move|p2a: Sandaconda|Iron Head|p1a: Masqurécage
|-resisted|p1a: Masqurécage
|-damage|p1a: Masqurécage|73/100
|
|upkeep
|turn|4
|
|t:|1759065978
|move|p1a: Masqurécage|Encore|p2a: Sandaconda
|-start|p2a: Sandaconda|Encore
|move|p2a: Sandaconda|Iron Head|p1a: Masqurécage
|-resisted|p1a: Masqurécage
|-damage|p1a: Masqurécage|56/100
|
|upkeep
|turn|5
|
|t:|1759065994
|move|p1a: Masqurécage|Power Whip|p2a: Sandaconda|[miss]
|-miss|p1a: Masqurécage|p2a: Sandaconda
|move|p2a: Sandaconda|Iron Head|p1a: Masqurécage
|-resisted|p1a: Masqurécage
|-damage|p1a: Masqurécage|39/100
|
|upkeep
|turn|6
|
|t:|1759065998
|move|p1a: Masqurécage|Ivy Cudgel|p2a: Sandaconda|[anim] Ivy Cudgel Water
|-supereffective|p2a: Sandaconda
|-enditem|p2a: Sandaconda|Focus Sash
|-damage|p2a: Sandaconda|1/100
|move|p2a: Sandaconda|Iron Head|p1a: Masqurécage
|-resisted|p1a: Masqurécage
|-damage|p1a: Masqurécage|23/100
|
|-end|p2a: Sandaconda|Encore
|upkeep
|turn|7
|
|t:|1759066001
|move|p1a: Masqurécage|Ivy Cudgel|p2a: Sandaconda|[anim] Ivy Cudgel Water
|-supereffective|p2a: Sandaconda
|-damage|p2a: Sandaconda|0 fnt
|faint|p2a: Sandaconda
|
|upkeep
|
|t:|1759066003
|switch|p2a: Serperior|Serperior, M|100/100
|-damage|p2a: Serperior|88/100|[from] Stealth Rock
|turn|8
|
|t:|1759066006
|move|p2a: Serperior|Leaf Storm|p1a: Masqurécage
|-crit|p1a: Masqurécage
|-damage|p1a: Masqurécage|0 fnt
|-boost|p2a: Serperior|spa|2
|faint|p1a: Masqurécage
|
|upkeep
|
|t:|1759066009
|switch|p1a: Général 50/50|Kingambit, F|100/100
|-damage|p1a: Général 50/50|94/100|[from] Stealth Rock
|-activate|p1a: Général 50/50|ability: Supreme Overlord
|-start|p1a: Général 50/50|fallen1|[silent]
|turn|9
|
|t:|1759066013
|move|p2a: Serperior|Reflect|p2a: Serperior
|-sidestart|p2: jamel1|Reflect
|move|p1a: Général 50/50|Kowtow Cleave|p2a: Serperior
|-crit|p2a: Serperior
|-damage|p2a: Serperior|0 fnt
|faint|p2a: Serperior
|
|upkeep
|
|t:|1759066020
|switch|p2a: Kommo-o|Kommo-o, F|100/100
|-damage|p2a: Kommo-o|94/100|[from] Stealth Rock
|turn|10
|
|t:|1759066032
|-end|p1a: Général 50/50|fallen1|[silent]
|switch|p1a: Terminator|Iron Valiant|100/100
|-damage|p1a: Terminator|94/100|[from] Stealth Rock
|-enditem|p1a: Terminator|Booster Energy
|-activate|p1a: Terminator|ability: Quark Drive|[fromitem]
|-start|p1a: Terminator|quarkdrivespe
|move|p2a: Kommo-o|Substitute|p2a: Kommo-o
|-start|p2a: Kommo-o|Substitute
|-damage|p2a: Kommo-o|69/100
|
|upkeep
|turn|11
|
|t:|1759066035
|move|p1a: Terminator|Moonblast|p2a: Kommo-o
|-supereffective|p2a: Kommo-o
|-end|p2a: Kommo-o|Substitute
|move|p2a: Kommo-o|Shadow Claw|p1a: Terminator
|-damage|p1a: Terminator|65/100
|
|upkeep
|turn|12
|
|t:|1759066041
|switch|p2a: Gyarados|Gyarados, M|100/100
|-damage|p2a: Gyarados|76/100|[from] Stealth Rock
|move|p1a: Terminator|Moonblast|p2a: Gyarados
|-damage|p2a: Gyarados|27/100
|
|-heal|p2a: Gyarados|33/100|[from] item: Leftovers
|upkeep
|turn|13
|
|t:|1759066045
|move|p1a: Terminator|Moonblast|p2a: Gyarados
|-damage|p2a: Gyarados|0 fnt
|faint|p2a: Gyarados
|
|upkeep
|
|t:|1759066048
|switch|p2a: Maushold|Maushold|100/100
|-damage|p2a: Maushold|88/100|[from] Stealth Rock
|turn|14
|
|t:|1759066051
|move|p1a: Terminator|Focus Blast|p2a: Maushold|[miss]
|-miss|p1a: Terminator|p2a: Maushold
|move|p2a: Maushold|Thunder Wave|p1a: Terminator
|-status|p1a: Terminator|par
|
|upkeep
|turn|15
|
|t:|1759066054
|move|p2a: Maushold|Tidy Up|p2a: Maushold
|-sideend|p2: jamel1|Stealth Rock
|-sideend|p1: RoaringMoonlight2|Stealth Rock
|-activate|p2a: Maushold|move: Tidy Up
|-boost|p2a: Maushold|atk|1
|-boost|p2a: Maushold|spe|1
|cant|p1a: Terminator|par
|
|upkeep
|turn|16
|
|t:|1759066060
|move|p2a: Maushold|Population Bomb|p1a: Terminator
|-damage|p1a: Terminator|42/100 par
|-damage|p1a: Terminator|17/100 par
|-damage|p1a: Terminator|0 fnt
|faint|p1a: Terminator
|-end|p1a: Terminator|Quark Drive|[silent]
|-hitcount|p1: Terminator|3
|
|-sideend|p2: jamel1|Reflect
|upkeep
|
|t:|1759066063
|switch|p1a: Escrameur|Ceruledge, M|100/100
|turn|17
|
|t:|1759066065
|move|p2a: Maushold|Thunder Wave|p1a: Escrameur
|-status|p1a: Escrameur|par
|move|p1a: Escrameur|Bitter Blade|p2a: Maushold
|-damage|p2a: Maushold|26/100
|
|upkeep
|turn|18
|
|t:|1759066069
|move|p2a: Maushold|Bite|p1a: Escrameur
|-supereffective|p1a: Escrameur
|-damage|p1a: Escrameur|2/100 par
|-ability|p1a: Escrameur|Weak Armor|boost
|-unboost|p1a: Escrameur|def|1
|-boost|p1a: Escrameur|spe|2
|cant|p1a: Escrameur|par
|
|upkeep
|turn|19
|
|t:|1759066075
|move|p2a: Maushold|Bite|p1a: Escrameur
|-supereffective|p1a: Escrameur
|-damage|p1a: Escrameur|0 fnt
|faint|p1a: Escrameur
|
|upkeep
|
|t:|1759066077
|switch|p1a: Raille-Cou|Raging Bolt|100/100
|turn|20
|
|t:|1759066082
|move|p1a: Raille-Cou|Thunderclap|p2a: Maushold
|-damage|p2a: Maushold|0 fnt
|faint|p2a: Maushold
|
|upkeep
|
|t:|1759066085
|switch|p2a: Deoxys|Deoxys-Defense|100/100
|-ability|p2a: Deoxys|Pressure
|turn|21
|j| Ctannn
|
|t:|1759066086
|move|p1a: Raille-Cou|Calm Mind|p1a: Raille-Cou
|-boost|p1a: Raille-Cou|spa|1
|-boost|p1a: Raille-Cou|spd|1
|move|p2a: Deoxys|Calm Mind|p2a: Deoxys
|-boost|p2a: Deoxys|spa|1
|-boost|p2a: Deoxys|spd|1
|
|upkeep
|turn|22
|
|t:|1759066090
|-end|p1a: Raille-Cou|Protosynthesis|[silent]
|switch|p1a: Général 50/50|Kingambit, F|94/100
|-activate|p1a: Général 50/50|ability: Supreme Overlord
|-start|p1a: Général 50/50|fallen3|[silent]
|move|p2a: Deoxys|Calm Mind|p2a: Deoxys
|-boost|p2a: Deoxys|spa|1
|-boost|p2a: Deoxys|spd|1
|
|upkeep
|turn|23
|
|t:|1759066096
|-terastallize|p2a: Deoxys|Steel
|move|p1a: Général 50/50|Kowtow Cleave|p2a: Deoxys
|-damage|p2a: Deoxys|63/100
|-enditem|p2a: Deoxys|Kee Berry|[eat]
|-boost|p2a: Deoxys|def|1|[from] item: Kee Berry
|move|p2a: Deoxys|Calm Mind|p2a: Deoxys
|-boost|p2a: Deoxys|spa|1
|-boost|p2a: Deoxys|spd|1
|
|upkeep
|turn|24
|
|t:|1759066102
|move|p1a: Général 50/50|Swords Dance|p1a: Général 50/50
|-boost|p1a: Général 50/50|atk|2
|move|p2a: Deoxys|Focus Blast|p1a: Général 50/50
|-supereffective|p1a: Général 50/50
|-damage|p1a: Général 50/50|0 fnt
|faint|p1a: Général 50/50
|-end|p1a: Général 50/50|fallen3|[silent]
|
|upkeep
|
|t:|1759066106
|switch|p1a: Raille-Cou|Raging Bolt|100/100
|turn|25
|
|t:|1759066108
|move|p1a: Raille-Cou|Calm Mind|p1a: Raille-Cou
|-boost|p1a: Raille-Cou|spa|1
|-boost|p1a: Raille-Cou|spd|1
|move|p2a: Deoxys|Recover|p2a: Deoxys
|-heal|p2a: Deoxys|100/100
|
|upkeep
|turn|26
|
|t:|1759066110
|move|p1a: Raille-Cou|Calm Mind|p1a: Raille-Cou
|-boost|p1a: Raille-Cou|spa|1
|-boost|p1a: Raille-Cou|spd|1
|move|p2a: Deoxys|Stored Power|p1a: Raille-Cou
|-damage|p1a: Raille-Cou|50/100
|
|-heal|p1a: Raille-Cou|56/100|[from] item: Leftovers
|upkeep
|turn|27
|
|t:|1759066113
|move|p1a: Raille-Cou|Thunderbolt|p2a: Deoxys
|-damage|p2a: Deoxys|70/100
|move|p2a: Deoxys|Stored Power|p1a: Raille-Cou
|-damage|p1a: Raille-Cou|6/100
|
|-heal|p1a: Raille-Cou|13/100|[from] item: Leftovers
|upkeep
|turn|28
|
|t:|1759066115
|move|p1a: Raille-Cou|Thunderbolt|p2a: Deoxys
|-damage|p2a: Deoxys|40/100
|move|p2a: Deoxys|Stored Power|p1a: Raille-Cou
|-crit|p1a: Raille-Cou
|-damage|p1a: Raille-Cou|0 fnt
|faint|p1a: Raille-Cou
|-end|p1a: Raille-Cou|Protosynthesis|[silent]
|
|upkeep
|
|t:|1759066118
|switch|p1a: Fleur de Cuivre|Glimmora, M|100/100 par
|turn|29
|
|t:|1759066120
|move|p2a: Deoxys|Stored Power|p1a: Fleur de Cuivre
|-supereffective|p1a: Fleur de Cuivre
|-damage|p1a: Fleur de Cuivre|0 fnt
|faint|p1a: Fleur de Cuivre
|
|win|jamel1
|raw|RoaringMoonlight2's rating: 1696 &rarr; <strong>1680</strong><br />(-16 for losing)
|raw|jamel1's rating: 1773 &rarr; <strong>1789</strong><br />(+16 for winning)
|l|☆RoaringMoonlight2
|player|p1|
|l|☆jamel1
|player|p2|
|l| Ctannn
