|j|☆yoAbyss
|j|☆xiaochoubushiwo
|t:|1758997127
|gametype|singles
|player|p1|yoAbyss|koga|1185
|player|p2|xiaochoubushiwo|pokemaniac|1165
|gen|9
|tier|[Gen 9] OU
|rated|
|rule|HP Percentage Mod: HP is shown in percentages
|rule|Endless Battle Clause: Forcing endless battles is banned
|rule|Species Clause: Limit one of each Pokémon
|rule|OHKO Clause: OHKO moves are banned
|rule|Evasion Items Clause: Evasion items are banned
|rule|Evasion Moves Clause: Evasion moves are banned
|rule|Evasion Abilities Clause: Evasion abilities are banned
|rule|Sleep Moves Clause: Sleep-inducing moves are banned
|clearpoke
|poke|p1|Goodra-Hisui, M|
|poke|p1|Samurott-Hisui, M|
|poke|p1|Articuno-Galar|
|poke|p1|Weezing-Galar, M|
|poke|p1|Iron Valiant|
|poke|p1|Sinistcha-Masterpiece|
|poke|p2|Moltres|
|poke|p2|Iron Treads|
|poke|p2|Samurott-Hisui, M|
|poke|p2|Serperior, F|
|poke|p2|Gholdengo|
|poke|p2|Dragapult, M|
|teampreview
|inactive|Battle timer is ON: inactive players will automatically lose when time's up. (requested by yoAbyss)
|
|t:|1758997139
|teamsize|p1|6
|teamsize|p2|6
|start
|switch|p1a: Weezing|Weezing-Galar, M|100/100
|switch|p2a: Samurott|Samurott-Hisui, M, shiny|100/100
|turn|1
|inactive|yoAbyss has 120 seconds left.
|
|t:|1758997194
|move|p2a: Samurott|Ceaseless Edge|p1a: Weezing
|-resisted|p1a: Weezing
|-damage|p1a: Weezing|74/100
|-sidestart|p1: yoAbyss|Spikes
|move|p1a: Weezing|Toxic|p2a: Samurott
|-status|p2a: Samurott|tox
|
|-heal|p1a: Weezing|80/100|[from] item: Black Sludge
|-damage|p2a: Samurott|94/100 tox|[from] psn
|upkeep
|turn|2
|
|t:|1758997201
|move|p2a: Samurott|Ceaseless Edge|p1a: Weezing
|-resisted|p1a: Weezing
|-damage|p1a: Weezing|55/100
|-sidestart|p1: yoAbyss|Spikes
|move|p1a: Weezing|Dazzling Gleam|p2a: Samurott
|-supereffective|p2a: Samurott
|-damage|p2a: Samurott|0 fnt
|faint|p2a: Samurott
|
|-heal|p1a: Weezing|61/100|[from] item: Black Sludge
|upkeep
|
|t:|1758997211
|switch|p2a: Iron Treads|Iron Treads, shiny|100/100
|-item|p2a: Iron Treads|Air Balloon
|turn|3
|
|t:|1758997223
|move|p2a: Iron Treads|Stealth Rock|p1a: Weezing
|-sidestart|p1: yoAbyss|move: Stealth Rock
|move|p1a: Weezing|Defog|p2a: Iron Treads
|-unboost|p2a: Iron Treads|evasion|1
|-sideend|p1: yoAbyss|Spikes|[from] move: Defog|[of] p1a: Weezing
|-sideend|p1: yoAbyss|Stealth Rock|[from] move: Defog|[of] p1a: Weezing
|
|-heal|p1a: Weezing|67/100|[from] item: Black Sludge
|upkeep
|turn|4
|
|t:|1758997232
|switch|p1a: Samurott|Samurott-Hisui, M|100/100
|move|p2a: Iron Treads|Stealth Rock|p1a: Samurott
|-sidestart|p1: yoAbyss|move: Stealth Rock
|
|upkeep
|turn|5
|inactive|yoAbyss has 120 seconds left.
|
|t:|1758997248
|-end|p2a: Iron Treads|Quark Drive|[silent]
|switch|p2a: Serperior|Serperior, F, shiny|100/100
|move|p1a: Samurott|Aqua Cutter|p2a: Serperior
|-resisted|p2a: Serperior
|-crit|p2a: Serperior
|-damage|p2a: Serperior|61/100
|
|-heal|p2a: Serperior|67/100|[from] item: Leftovers
|upkeep
|turn|6
|inactive|yoAbyss has 120 seconds left.
|
|t:|1758997254
|switch|p1a: Goodra|Goodra-Hisui, M|100/100
|-damage|p1a: Goodra|95/100|[from] Stealth Rock
|move|p2a: Serperior|Leaf Storm|p1a: Goodra
|-resisted|p1a: Goodra
|-damage|p1a: Goodra|87/100
|-boost|p2a: Serperior|spa|2
|
|-heal|p2a: Serperior|74/100|[from] item: Leftovers
|-heal|p1a: Goodra|93/100|[from] item: Leftovers
|upkeep
|turn|7
|inactive|yoAbyss has 120 seconds left.
|
|t:|1758997266
|move|p2a: Serperior|Leech Seed|p1a: Goodra
|-start|p1a: Goodra|move: Leech Seed
|move|p1a: Goodra|Ice Beam|p2a: Serperior
|-supereffective|p2a: Serperior
|-damage|p2a: Serperior|9/100
|
|-heal|p2a: Serperior|15/100|[from] item: Leftovers
|-heal|p1a: Goodra|99/100|[from] item: Leftovers
|-damage|p1a: Goodra|86/100|[from] Leech Seed|[of] p2a: Serperior
|-heal|p2a: Serperior|27/100|[silent]
|upkeep
|turn|8
|
|t:|1758997277
|switch|p2a: Iron Treads|Iron Treads, shiny|100/100
|-item|p2a: Iron Treads|Air Balloon
|move|p1a: Goodra|Ice Beam|p2a: Iron Treads
|-damage|p2a: Iron Treads|61/100
|-enditem|p2a: Iron Treads|Air Balloon
|
|-heal|p1a: Goodra|92/100|[from] item: Leftovers
|-damage|p1a: Goodra|80/100|[from] Leech Seed|[of] p2a: Iron Treads
|-heal|p2a: Iron Treads|72/100|[silent]
|upkeep
|turn|9
|
|t:|1758997282
|switch|p1a: Weezing|Weezing-Galar, M|67/100
|-damage|p1a: Weezing|55/100|[from] Stealth Rock
|move|p2a: Iron Treads|Earthquake|p1a: Weezing
|-immune|p1a: Weezing|[from] ability: Levitate
|
|-heal|p1a: Weezing|61/100|[from] item: Black Sludge
|upkeep
|turn|10
|
|t:|1758997290
|-end|p2a: Iron Treads|Quark Drive|[silent]
|switch|p2a: Gholdengo|Gholdengo, shiny|100/100
|-item|p2a: Gholdengo|Air Balloon
|move|p1a: Weezing|Defog|p2a: Gholdengo
|-immune|p2a: Gholdengo|[from] ability: Good as Gold
|
|-heal|p1a: Weezing|67/100|[from] item: Black Sludge
|upkeep
|turn|11
|
|t:|1758997299
|switch|p1a: Samurott|Samurott-Hisui, M|100/100
|-damage|p1a: Samurott|88/100|[from] Stealth Rock
|move|p2a: Gholdengo|Thunder Wave|p1a: Samurott
|-status|p1a: Samurott|par
|
|upkeep
|turn|12
|
|t:|1758997315
|switch|p2a: Dragapult|Dragapult, M, shiny|100/100
|move|p1a: Samurott|Ceaseless Edge|p2a: Dragapult|[miss]
|-miss|p1a: Samurott|p2a: Dragapult
|
|upkeep
|turn|13
|
|t:|1758997320
|move|p2a: Dragapult|Dragon Darts|p1a: Samurott
|-damage|p1a: Samurott|41/100 par
|-anim|p2a: Dragapult|Dragon Darts|p1a: Samurott
|-damage|p1a: Samurott|0 fnt
|faint|p1a: Samurott
|
|upkeep
|
|t:|1758997324
|switch|p1a: Weezing|Weezing-Galar, M|67/100
|-damage|p1a: Weezing|54/100|[from] Stealth Rock
|turn|14
|
|t:|1758997330
|switch|p2a: Gholdengo|Gholdengo, shiny|100/100
|-item|p2a: Gholdengo|Air Balloon
|move|p1a: Weezing|Defog|p2a: Gholdengo
|-immune|p2a: Gholdengo|[from] ability: Good as Gold
|
|-heal|p1a: Weezing|60/100|[from] item: Black Sludge
|upkeep
|turn|15
|
|t:|1758997338
|switch|p1a: Goodra|Goodra-Hisui, M|80/100
|-damage|p1a: Goodra|74/100|[from] Stealth Rock
|move|p2a: Gholdengo|Thunder Wave|p1a: Goodra
|-status|p1a: Goodra|par
|
|-heal|p1a: Goodra|80/100 par|[from] item: Leftovers
|upkeep
|turn|16
|
|t:|1758997348
|switch|p2a: Iron Treads|Iron Treads, shiny|72/100
|cant|p1a: Goodra|par
|
|-heal|p1a: Goodra|86/100 par|[from] item: Leftovers
|upkeep
|turn|17
|
|t:|1758997356
|switch|p1a: Weezing|Weezing-Galar, M|60/100
|-damage|p1a: Weezing|48/100|[from] Stealth Rock
|move|p2a: Iron Treads|Ice Spinner|p1a: Weezing
|-damage|p1a: Weezing|23/100
|
|-heal|p1a: Weezing|29/100|[from] item: Black Sludge
|upkeep
|turn|18
|
|t:|1758997364
|-end|p2a: Iron Treads|Quark Drive|[silent]
|switch|p2a: Gholdengo|Gholdengo, shiny|100/100
|-item|p2a: Gholdengo|Air Balloon
|switch|p1a: Goodra|Goodra-Hisui, M|86/100 par
|-damage|p1a: Goodra|80/100 par|[from] Stealth Rock
|
|-heal|p1a: Goodra|86/100 par|[from] item: Leftovers
|upkeep
|turn|19
|
|t:|1758997372
|switch|p2a: Iron Treads|Iron Treads, shiny|72/100
|cant|p1a: Goodra|par
|
|-heal|p1a: Goodra|92/100 par|[from] item: Leftovers
|upkeep
|turn|20
|
|t:|1758997379
|move|p2a: Iron Treads|Ice Spinner|p1a: Goodra
|-damage|p1a: Goodra|68/100 par
|-ability|p1a: Goodra|Gooey
|-unboost|p2a: Iron Treads|spe|1
|move|p1a: Goodra|Flamethrower|p2a: Iron Treads
|-supereffective|p2a: Iron Treads
|-damage|p2a: Iron Treads|0 fnt
|faint|p2a: Iron Treads
|-end|p2a: Iron Treads|Quark Drive|[silent]
|
|-heal|p1a: Goodra|74/100 par|[from] item: Leftovers
|upkeep
|
|t:|1758997392
|switch|p2a: Dragapult|Dragapult, M, shiny|100/100
|turn|21
|
|t:|1758997397
|move|p2a: Dragapult|U-turn|p1a: Goodra
|-resisted|p1a: Goodra
|-damage|p1a: Goodra|57/100 par
|-ability|p1a: Goodra|Gooey
|-unboost|p2a: Dragapult|spe|1
|
|t:|1758997400
|switch|p2a: Moltres|Moltres, shiny|100/100|[from] U-turn
|move|p1a: Goodra|Ice Beam|p2a: Moltres
|-damage|p2a: Moltres|72/100
|
|-heal|p1a: Goodra|63/100 par|[from] item: Leftovers
|upkeep
|turn|22
|
|t:|1758997415
|switch|p1a: Weezing|Weezing-Galar, M|29/100
|-damage|p1a: Weezing|17/100|[from] Stealth Rock
|move|p2a: Moltres|Flamethrower|p1a: Weezing
|-damage|p1a: Weezing|0 fnt
|faint|p1a: Weezing
|
|upkeep
|
|t:|1758997422
|switch|p1a: Iron Valiant|Iron Valiant|100/100
|-damage|p1a: Iron Valiant|94/100|[from] Stealth Rock
|turn|23
|
|t:|1758997426
|move|p1a: Iron Valiant|Thunder Punch|p2a: Moltres
|-supereffective|p2a: Moltres
|-damage|p2a: Moltres|31/100
|move|p2a: Moltres|Hurricane|p1a: Iron Valiant|[miss]
|-miss|p2a: Moltres|p1a: Iron Valiant
|
|upkeep
|turn|24
|
|t:|1758997449
|-terastallize|p2a: Moltres|Grass
|move|p1a: Iron Valiant|Thunder Punch|p2a: Moltres
|-resisted|p2a: Moltres
|-damage|p2a: Moltres|21/100
|-status|p1a: Iron Valiant|brn|[from] ability: Flame Body|[of] p2a: Moltres
|move|p2a: Moltres|Will-O-Wisp|p1a: Iron Valiant
|-fail|p1a: Iron Valiant|brn
|
|-damage|p1a: Iron Valiant|88/100 brn|[from] brn
|upkeep
|turn|25
|
|t:|1758997458
|move|p1a: Iron Valiant|Close Combat|p2a: Moltres
|-damage|p2a: Moltres|0 fnt
|-unboost|p1a: Iron Valiant|def|1
|-unboost|p1a: Iron Valiant|spd|1
|faint|p2a: Moltres
|
|-damage|p1a: Iron Valiant|82/100 brn|[from] brn
|upkeep
|
|t:|1758997472
|switch|p2a: Dragapult|Dragapult, M, shiny|100/100
|turn|26
|
|t:|1758997483
|-end|p1a: Iron Valiant|Quark Drive|[silent]
|switch|p1a: Goodra|Goodra-Hisui, M|63/100 par
|-damage|p1a: Goodra|57/100 par|[from] Stealth Rock
|move|p2a: Dragapult|U-turn|p1a: Goodra
|-resisted|p1a: Goodra
|-damage|p1a: Goodra|41/100 par
|-ability|p1a: Goodra|Gooey
|-unboost|p2a: Dragapult|spe|1
|
|t:|1758997486
|switch|p2a: Serperior|Serperior, F, shiny|27/100|[from] U-turn
|
|-heal|p2a: Serperior|33/100|[from] item: Leftovers
|-heal|p1a: Goodra|47/100 par|[from] item: Leftovers
|upkeep
|turn|27
|
|t:|1758997494
|move|p2a: Serperior|Leech Seed|p1a: Goodra
|-start|p1a: Goodra|move: Leech Seed
|cant|p1a: Goodra|par
|
|-heal|p2a: Serperior|39/100|[from] item: Leftovers
|-heal|p1a: Goodra|53/100 par|[from] item: Leftovers
|-damage|p1a: Goodra|41/100 par|[from] Leech Seed|[of] p2a: Serperior
|-heal|p2a: Serperior|51/100|[silent]
|upkeep
|turn|28
|
|t:|1758997508
|move|p2a: Serperior|Substitute|p2a: Serperior
|-start|p2a: Serperior|Substitute
|-damage|p2a: Serperior|26/100
|move|p1a: Goodra|Flamethrower|p2a: Serperior
|-supereffective|p2a: Serperior
|-end|p2a: Serperior|Substitute
|
|-heal|p2a: Serperior|32/100|[from] item: Leftovers
|-heal|p1a: Goodra|47/100 par|[from] item: Leftovers
|-damage|p1a: Goodra|34/100 par|[from] Leech Seed|[of] p2a: Serperior
|-heal|p2a: Serperior|43/100|[silent]
|upkeep
|turn|29
|
|t:|1758997516
|move|p2a: Serperior|Substitute|p2a: Serperior
|-start|p2a: Serperior|Substitute
|-damage|p2a: Serperior|19/100
|move|p1a: Goodra|Flamethrower|p2a: Serperior
|-supereffective|p2a: Serperior
|-end|p2a: Serperior|Substitute
|
|-heal|p2a: Serperior|25/100|[from] item: Leftovers
|-heal|p1a: Goodra|40/100 par|[from] item: Leftovers
|-damage|p1a: Goodra|28/100 par|[from] Leech Seed|[of] p2a: Serperior
|-heal|p2a: Serperior|36/100|[silent]
|upkeep
|turn|30
|
|t:|1758997524
|switch|p2a: Dragapult|Dragapult, M, shiny|100/100
|switch|p1a: Articuno|Articuno-Galar|100/100
|-damage|p1a: Articuno|76/100|[from] Stealth Rock
|
|upkeep
|turn|31
|
|t:|1758997533
|switch|p1a: Goodra|Goodra-Hisui, M|28/100 par
|-damage|p1a: Goodra|22/100 par|[from] Stealth Rock
|move|p2a: Dragapult|Phantom Force||[still]
|-prepare|p2a: Dragapult|Phantom Force
|
|-heal|p1a: Goodra|28/100 par|[from] item: Leftovers
|upkeep
|turn|32
|
|t:|1758997541
|move|p2a: Dragapult|Phantom Force|p1a: Goodra|[from] lockedmove
|-damage|p1a: Goodra|0 fnt
|-ability|p1a: Goodra|Gooey
|-unboost|p2a: Dragapult|spe|1
|faint|p1a: Goodra
|
|upkeep
|
|t:|1758997553
|switch|p1a: Articuno|Articuno-Galar|76/100
|-damage|p1a: Articuno|51/100|[from] Stealth Rock
|turn|33
|
|t:|1758997558
|switch|p2a: Gholdengo|Gholdengo, shiny|100/100
|-item|p2a: Gholdengo|Air Balloon
|move|p1a: Articuno|Shadow Ball|p2a: Gholdengo
|-supereffective|p2a: Gholdengo
|-damage|p2a: Gholdengo|46/100
|-enditem|p2a: Gholdengo|Air Balloon
|
|upkeep
|turn|34
|
|t:|1758997570
|move|p1a: Articuno|Shadow Ball|p2a: Gholdengo
|-supereffective|p2a: Gholdengo
|-damage|p2a: Gholdengo|0 fnt
|faint|p2a: Gholdengo
|
|upkeep
|
|t:|1758997588
|switch|p2a: Serperior|Serperior, F, shiny|36/100
|turn|35
|
|t:|1758997592
|move|p2a: Serperior|Leech Seed|p1a: Articuno
|-start|p1a: Articuno|move: Leech Seed
|move|p1a: Articuno|Hurricane|p2a: Serperior
|-supereffective|p2a: Serperior
|-damage|p2a: Serperior|0 fnt
|faint|p2a: Serperior
|
|upkeep
|
|t:|1758997596
|switch|p2a: Dragapult|Dragapult, M, shiny|100/100
|turn|36
|
|t:|1758997601
|move|p2a: Dragapult|Phantom Force||[still]
|-prepare|p2a: Dragapult|Phantom Force
|move|p1a: Articuno|Shadow Ball|p2a: Dragapult|[miss]
|-miss|p1a: Articuno|p2a: Dragapult
|
|-damage|p1a: Articuno|38/100|[from] Leech Seed|[of] p2a: Dragapult
|upkeep
|turn|37
|
|t:|1758997613
|move|p2a: Dragapult|Phantom Force|p1a: Articuno|[from] lockedmove
|-supereffective|p1a: Articuno
|-damage|p1a: Articuno|0 fnt
|faint|p1a: Articuno
|
|upkeep
|
|t:|1758997616
|switch|p1a: Sinistcha|Sinistcha-Masterpiece|100/100
|-damage|p1a: Sinistcha|88/100|[from] Stealth Rock
|turn|38
|
|t:|1758997620
|-terastallize|p1a: Sinistcha|Steel
|move|p2a: Dragapult|Phantom Force||[still]
|-prepare|p2a: Dragapult|Phantom Force
|move|p1a: Sinistcha|Calm Mind|p1a: Sinistcha
|-boost|p1a: Sinistcha|spa|1
|-boost|p1a: Sinistcha|spd|1
|
|-heal|p1a: Sinistcha|94/100|[from] item: Leftovers
|upkeep
|turn|39
|
|t:|1758997626
|move|p2a: Dragapult|Phantom Force|p1a: Sinistcha|[from] lockedmove
|-damage|p1a: Sinistcha|21/100
|move|p1a: Sinistcha|Shadow Ball|p2a: Dragapult
|-supereffective|p2a: Dragapult
|-damage|p2a: Dragapult|0 fnt
|faint|p2a: Dragapult
|
|win|yoAbyss
|raw|yoAbyss's rating: 1185 &rarr; <strong>1209</strong><br />(+24 for winning)
|raw|xiaochoubushiwo's rating: 1165 &rarr; <strong>1141</strong><br />(-24 for losing)
|l|☆xiaochoubushiwo
|player|p2|
|l|☆yoAbyss
|player|p1|
