|j|☆cloudeon18
|j|☆victory 4 u
|t:|1759006156
|gametype|singles
|player|p1|cloudeon18|plasmagrunt|1153
|player|p2|victory 4 u|266|1169
|gen|9
|tier|[Gen 9] OU
|rated|
|rule|HP Percentage Mod: HP is shown in percentages
|rule|Endless Battle Clause: Forcing endless battles is banned
|rule|Species Clause: Limit one of each Pokémon
|rule|OHKO Clause: OHKO moves are banned
|rule|Evasion Items Clause: Evasion items are banned
|rule|Evasion Moves Clause: Evasion moves are banned
|rule|Evasion Abilities Clause: Evasion abilities are banned
|rule|Sleep Moves Clause: Sleep-inducing moves are banned
|clearpoke
|poke|p1|Heatran, M|
|poke|p1|Great Tusk|
|poke|p1|Ogerpon-Wellspring, F|
|poke|p1|Pecharunt|
|poke|p1|Weavile, M|
|poke|p1|Enamorus, F|
|poke|p2|Typhlosion, M|
|poke|p2|Lumineon, M|
|poke|p2|Meowstic, M|
|poke|p2|Tentacruel, F|
|poke|p2|Ting-Lu|
|poke|p2|Ogerpon, F|
|teampreview
|inactive|Battle timer is ON: inactive players will automatically lose when time's up. (requested by cloudeon18)
|j| Reflectzn
|
|t:|1759006170
|teamsize|p1|6
|teamsize|p2|6
|start
|switch|p1a: Ogerpon|Ogerpon-Wellspring, F|100/100
|switch|p2a: Lostelle II|Typhlosion, M|100/100
|turn|1
|
|t:|1759006180
|switch|p2a: Help|Meowstic, M|100/100
|move|p1a: Ogerpon|Ivy Cudgel|p2a: Help|[anim] Ivy Cudgel Water
|-damage|p2a: Help|27/100
|
|upkeep
|turn|2
|
|t:|1759006186
|move|p2a: Help|Trick||[still]
|-fail|p2a: Help
|move|p1a: Ogerpon|U-turn|p2a: Help
|-supereffective|p2a: Help
|-damage|p2a: Help|0 fnt
|faint|p2a: Help
|
|t:|1759006192
|switch|p1a: Heatran|Heatran, M|100/100|[from] U-turn
|
|upkeep
|
|t:|1759006211
|switch|p2a: Lostelle II|Typhlosion, M|100/100
|turn|3
|
|t:|1759006219
|move|p2a: Lostelle II|Focus Blast|p1a: Heatran|[miss]
|-miss|p2a: Lostelle II|p1a: Heatran
|move|p1a: Heatran|Magma Storm|p2a: Lostelle II
|-start|p2a: Lostelle II|ability: Flash Fire
|
|upkeep
|turn|4
|
|t:|1759006231
|-end|p2a: Lostelle II|ability: Flash Fire|[silent]
|switch|p2a: Hero|Tentacruel, F|100/100
|move|p1a: Heatran|Protect||[still]
|-fail|p1a: Heatran
|
|upkeep
|turn|5
|
|t:|1759006236
|-terastallize|p1a: Heatran|Grass
|move|p1a: Heatran|Magma Storm|p2a: Hero
|-resisted|p2a: Hero
|-damage|p2a: Hero|86/100
|-activate|p2a: Hero|move: Magma Storm|[of] p1a: Heatran
|move|p2a: Hero|Toxic Spikes|p1a: Heatran
|-sidestart|p1: cloudeon18|move: Toxic Spikes
|
|-heal|p2a: Hero|93/100|[from] item: Leftovers
|-damage|p2a: Hero|80/100|[from] move: Magma Storm|[partiallytrapped]
|upkeep
|turn|6
|inactive|cloudeon18 has 120 seconds left.
|
|t:|1759006273
|move|p1a: Heatran|Will-O-Wisp|p2a: Hero
|-status|p2a: Hero|brn
|move|p2a: Hero|Knock Off|p1a: Heatran
|-crit|p1a: Heatran
|-damage|p1a: Heatran|92/100
|-enditem|p1a: Heatran|Zoom Lens|[from] move: Knock Off|[of] p2a: Hero
|
|-heal|p2a: Hero|86/100 brn|[from] item: Leftovers
|-damage|p2a: Hero|80/100 brn|[from] brn
|-damage|p2a: Hero|68/100 brn|[from] move: Magma Storm|[partiallytrapped]
|upkeep
|turn|7
|inactive|cloudeon18 has 120 seconds left.
|
|t:|1759006285
|move|p1a: Heatran|Protect|p1a: Heatran
|-singleturn|p1a: Heatran|Protect
|move|p2a: Hero|Rapid Spin|p1a: Heatran
|-activate|p1a: Heatran|move: Protect
|
|-heal|p2a: Hero|74/100 brn|[from] item: Leftovers
|-damage|p2a: Hero|68/100 brn|[from] brn
|-damage|p2a: Hero|55/100 brn|[from] move: Magma Storm|[partiallytrapped]
|upkeep
|turn|8
|inactive|cloudeon18 has 120 seconds left.
|
|t:|1759006297
|move|p1a: Heatran|Magma Storm|p2a: Hero
|-resisted|p2a: Hero
|-damage|p2a: Hero|41/100 brn
|move|p2a: Hero|Rapid Spin|p1a: Heatran
|-damage|p1a: Heatran|88/100
|-boost|p2a: Hero|spe|1
|-end|p2a: Hero|Magma Storm|[partiallytrapped]
|
|-heal|p2a: Hero|47/100 brn|[from] item: Leftovers
|-damage|p2a: Hero|41/100 brn|[from] brn
|upkeep
|turn|9
|
|t:|1759006306
|move|p2a: Hero|Knock Off|p1a: Heatran
|-damage|p1a: Heatran|84/100
|move|p1a: Heatran|Magma Storm|p2a: Hero
|-resisted|p2a: Hero
|-damage|p2a: Hero|27/100 brn
|-activate|p2a: Hero|move: Magma Storm|[of] p1a: Heatran
|
|-heal|p2a: Hero|33/100 brn|[from] item: Leftovers
|-damage|p2a: Hero|27/100 brn|[from] brn
|-damage|p2a: Hero|15/100 brn|[from] move: Magma Storm|[partiallytrapped]
|upkeep
|turn|10
|inactive|cloudeon18 has 120 seconds left.
|
|t:|1759006324
|move|p1a: Heatran|Protect|p1a: Heatran
|-singleturn|p1a: Heatran|Protect
|move|p2a: Hero|Knock Off|p1a: Heatran
|-activate|p1a: Heatran|move: Protect
|
|-heal|p2a: Hero|21/100 brn|[from] item: Leftovers
|-damage|p2a: Hero|15/100 brn|[from] brn
|-damage|p2a: Hero|2/100 brn|[from] move: Magma Storm|[partiallytrapped]
|upkeep
|turn|11
|
|t:|1759006334
|move|p2a: Hero|Knock Off|p1a: Heatran
|-damage|p1a: Heatran|80/100
|move|p1a: Heatran|Flash Cannon|p2a: Hero
|-resisted|p2a: Hero
|-damage|p2a: Hero|0 fnt
|faint|p2a: Hero
|
|upkeep
|
|t:|1759006341
|switch|p2a: Ok|Lumineon, M|100/100
|turn|12
|inactive|cloudeon18 has 120 seconds left.
|
|t:|1759006368
|move|p1a: Heatran|Magma Storm|p2a: Ok|[miss]
|-miss|p1a: Heatran|p2a: Ok
|move|p2a: Ok|Ice Beam|p1a: Heatran
|-supereffective|p1a: Heatran
|-damage|p1a: Heatran|23/100
|
|upkeep
|turn|13
|inactive|cloudeon18 has 120 seconds left.
|
|t:|1759006375
|switch|p1a: Ogerpon|Ogerpon-Wellspring, F|100/100
|-status|p1a: Ogerpon|psn
|move|p2a: Ok|Ice Beam|p1a: Ogerpon
|-damage|p1a: Ogerpon|63/100 psn
|
|-damage|p1a: Ogerpon|51/100 psn|[from] psn
|upkeep
|turn|14
|inactive|cloudeon18 has 120 seconds left.
|
|t:|1759006390
|switch|p2a: Lostelle|Ogerpon, F|100/100
|move|p1a: Ogerpon|Knock Off|p2a: Lostelle
|-damage|p2a: Lostelle|57/100
|-enditem|p2a: Lostelle|Choice Band|[from] move: Knock Off|[of] p1a: Ogerpon
|
|-damage|p1a: Ogerpon|38/100 psn|[from] psn
|upkeep
|turn|15
|
|t:|1759006400
|move|p2a: Lostelle|U-turn|p1a: Ogerpon
|-supereffective|p1a: Ogerpon
|-damage|p1a: Ogerpon|0 fnt
|faint|p1a: Ogerpon
|
|t:|1759006404
|switch|p2a: Pls|Ting-Lu|100/100|[from] U-turn
|-ability|p2a: Pls|Vessel of Ruin
|
|upkeep
|
|t:|1759006410
|switch|p1a: Weavile|Weavile, M|100/100
|-status|p1a: Weavile|psn
|turn|16
|
|t:|1759006423
|move|p1a: Weavile|Icicle Crash|p2a: Pls|[miss]
|-miss|p1a: Weavile|p2a: Pls
|move|p2a: Pls|Stone Edge|p1a: Weavile
|-supereffective|p1a: Weavile
|-enditem|p1a: Weavile|Focus Sash
|-damage|p1a: Weavile|1/100 psn
|
|-damage|p1a: Weavile|0 fnt|[from] psn
|faint|p1a: Weavile
|upkeep
|
|t:|1759006427
|switch|p1a: Pecharunt|Pecharunt|100/100
|-sideend|p1: cloudeon18|move: Toxic Spikes|[of] p1a: Pecharunt
|turn|17
|
|t:|1759006449
|switch|p2a: Ok|Lumineon, M|100/100
|move|p1a: Pecharunt|Malignant Chain|p2a: Ok
|-damage|p2a: Ok|53/100
|
|upkeep
|turn|18
|inactive|cloudeon18 has 120 seconds left.
|
|t:|1759006483
|move|p1a: Pecharunt|Malignant Chain|p2a: Ok
|-damage|p2a: Ok|5/100
|-status|p2a: Ok|tox
|-start|p2a: Ok|confusion|[from] ability: Poison Puppeteer|[of] p1a: Pecharunt
|-activate|p2a: Ok|confusion
|-damage|p2a: Ok|0 fnt|[from] confusion
|faint|p2a: Ok
|
|upkeep
|
|t:|1759006497
|switch|p2a: Lostelle|Ogerpon, F|57/100
|turn|19
|
|t:|1759006512
|move|p2a: Lostelle|Knock Off|p1a: Pecharunt
|-supereffective|p1a: Pecharunt
|-damage|p1a: Pecharunt|56/100
|-enditem|p1a: Pecharunt|Heavy-Duty Boots|[from] move: Knock Off|[of] p2a: Lostelle
|move|p1a: Pecharunt|Malignant Chain|p2a: Lostelle
|-supereffective|p2a: Lostelle
|-damage|p2a: Lostelle|0 fnt
|faint|p2a: Lostelle
|
|upkeep
|inactive|victory 4 u has 120 seconds left.
|
|t:|1759006523
|switch|p2a: Lostelle II|Typhlosion, M|100/100
|turn|20
|
|t:|1759006531
|move|p2a: Lostelle II|Focus Blast|p1a: Pecharunt
|-immune|p1a: Pecharunt
|move|p1a: Pecharunt|Recover|p1a: Pecharunt
|-heal|p1a: Pecharunt|100/100
|
|upkeep
|turn|21
|
|t:|1759006537
|switch|p2a: Pls|Ting-Lu|100/100
|-ability|p2a: Pls|Vessel of Ruin
|move|p1a: Pecharunt|Malignant Chain|p2a: Pls
|-resisted|p2a: Pls
|-damage|p2a: Pls|91/100
|-status|p2a: Pls|tox
|-start|p2a: Pls|confusion|[from] ability: Poison Puppeteer|[of] p1a: Pecharunt
|
|-damage|p2a: Pls|84/100 tox|[from] psn
|upkeep
|turn|22
|
|t:|1759006550
|move|p1a: Pecharunt|Parting Shot|p2a: Pls
|-unboost|p2a: Pls|atk|1
|-unboost|p2a: Pls|spa|1
|
|t:|1759006558
|switch|p1a: Great Tusk|Great Tusk|100/100|[from] Parting Shot
|-activate|p2a: Pls|confusion
|-damage|p2a: Pls|81/100 tox|[from] confusion
|
|-damage|p2a: Pls|69/100 tox|[from] psn
|upkeep
|turn|23
|
|t:|1759006568
|move|p1a: Great Tusk|Close Combat|p2a: Pls
|-supereffective|p2a: Pls
|-damage|p2a: Pls|11/100 tox
|-unboost|p1a: Great Tusk|def|1
|-unboost|p1a: Great Tusk|spd|1
|-activate|p2a: Pls|confusion
|move|p2a: Pls|Stealth Rock|p1a: Great Tusk
|-sidestart|p1: cloudeon18|move: Stealth Rock
|
|-damage|p2a: Pls|0 fnt|[from] psn
|faint|p2a: Pls
|upkeep
|c|☆victory 4 u|gg
|
|t:|1759006577
|switch|p2a: Lostelle II|Typhlosion, M|100/100
|turn|24
|c|☆cloudeon18|same
|
|t:|1759006586
|-end|p1a: Great Tusk|Protosynthesis|[silent]
|switch|p1a: Heatran|Heatran, M, tera:Grass|23/100
|-damage|p1a: Heatran|11/100|[from] Stealth Rock
|-terastallize|p2a: Lostelle II|Fire
|move|p2a: Lostelle II|Eruption|p1a: Heatran
|-start|p1a: Heatran|ability: Flash Fire
|
|upkeep
|turn|25
|
|t:|1759006599
|move|p1a: Heatran|Protect|p1a: Heatran
|-singleturn|p1a: Heatran|Protect
|move|p2a: Lostelle II|Eruption|p1a: Heatran
|-activate|p1a: Heatran|move: Protect
|
|upkeep
|turn|26
|
|t:|1759006605
|move|p2a: Lostelle II|Eruption|p1a: Heatran
|-immune|p1a: Heatran|[from] ability: Flash Fire
|move|p1a: Heatran|Flash Cannon|p2a: Lostelle II
|-resisted|p2a: Lostelle II
|-damage|p2a: Lostelle II|77/100
|
|upkeep
|turn|27
|
|t:|1759006612
|move|p2a: Lostelle II|Eruption|p1a: Heatran
|-immune|p1a: Heatran|[from] ability: Flash Fire
|move|p1a: Heatran|Flash Cannon|p2a: Lostelle II
|-resisted|p2a: Lostelle II
|-damage|p2a: Lostelle II|56/100
|
|upkeep
|turn|28
|
|t:|1759006618
|move|p2a: Lostelle II|Eruption|p1a: Heatran
|-immune|p1a: Heatran|[from] ability: Flash Fire
|move|p1a: Heatran|Flash Cannon|p2a: Lostelle II
|-resisted|p2a: Lostelle II
|-damage|p2a: Lostelle II|33/100
|
|upkeep
|turn|29
|
|t:|1759006624
|move|p2a: Lostelle II|Eruption|p1a: Heatran
|-immune|p1a: Heatran|[from] ability: Flash Fire
|move|p1a: Heatran|Flash Cannon|p2a: Lostelle II
|-resisted|p2a: Lostelle II
|-damage|p2a: Lostelle II|10/100
|
|upkeep
|turn|30
|
|t:|1759006631
|move|p2a: Lostelle II|Eruption|p1a: Heatran
|-immune|p1a: Heatran|[from] ability: Flash Fire
|move|p1a: Heatran|Flash Cannon|p2a: Lostelle II
|-resisted|p2a: Lostelle II
|-damage|p2a: Lostelle II|0 fnt
|faint|p2a: Lostelle II
|
|win|cloudeon18
|raw|cloudeon18's rating: 1153 &rarr; <strong>1179</strong><br />(+26 for winning)
|raw|victory 4 u's rating: 1169 &rarr; <strong>1143</strong><br />(-26 for losing)
|l|☆victory 4 u
|player|p2|
|l|☆cloudeon18
|player|p1|
|l| Reflectzn
