|j|☆redactedquirk
|j|☆samuelillo09
|t:|1759065782
|gametype|singles
|player|p1|redactedquirk|morty|1121
|player|p2|samuelillo09|harlequin|1078
|gen|9
|tier|[Gen 9] OU
|rated|
|rule|HP Percentage Mod: HP is shown in percentages
|rule|Endless Battle Clause: Forcing endless battles is banned
|rule|Species Clause: Limit one of each Pokémon
|rule|OHKO Clause: OHKO moves are banned
|rule|Evasion Items Clause: Evasion items are banned
|rule|Evasion Moves Clause: Evasion moves are banned
|rule|Evasion Abilities Clause: Evasion abilities are banned
|rule|Sleep Moves Clause: Sleep-inducing moves are banned
|clearpoke
|poke|p1|Manaphy|
|poke|p1|Hatterene, F|
|poke|p1|Dragapult, M|
|poke|p1|Rotom-Heat|
|poke|p1|Victreebel, F|
|poke|p1|Probopass, M|
|poke|p2|Cinderace, F|
|poke|p2|Primarina, M|
|poke|p2|Kommo-o, M|
|poke|p2|Toxapex, F|
|poke|p2|Klefki, F|
|poke|p2|Weezing-Galar, F|
|teampreview
|
|t:|1759065786
|teamsize|p1|6
|teamsize|p2|6
|start
|switch|p1a: Probopass|Probopass, M|100/100
|switch|p2a: Weezing|Weezing-Galar, F|100/100
|-item|p1a: Probopass|Air Balloon
|turn|1
|
|t:|1759065797
|move|p2a: Weezing|Toxic Spikes|p1a: Probopass
|-sidestart|p1: redactedquirk|move: Toxic Spikes
|move|p1a: Probopass|Flash Cannon|p2a: Weezing
|-supereffective|p2a: Weezing
|-damage|p2a: Weezing|41/100
|
|-heal|p2a: Weezing|47/100|[from] item: Leftovers
|upkeep
|turn|2
|inactive|Battle timer is ON: inactive players will automatically lose when time's up. (requested by redactedquirk)
|
|t:|1759065809
|move|p2a: Weezing|Body Slam|p1a: Probopass
|-resisted|p1a: Probopass
|-damage|p1a: Probopass|98/100
|-enditem|p1a: Probopass|Air Balloon
|move|p1a: Probopass|Flash Cannon|p2a: Weezing
|-supereffective|p2a: Weezing
|-damage|p2a: Weezing|0 fnt
|faint|p2a: Weezing
|
|upkeep
|
|t:|1759065819
|switch|p2a: Primarina|Primarina, M|100/100
|turn|3
|
|t:|1759065825
|switch|p1a: Victreebel|Victreebel, F|100/100
|-sideend|p1: redactedquirk|move: Toxic Spikes|[of] p1a: Victreebel
|move|p2a: Primarina|Surf|p1a: Victreebel
|-resisted|p1a: Victreebel
|-damage|p1a: Victreebel|68/100
|
|upkeep
|turn|4
|
|t:|1759065831
|move|p1a: Victreebel|Leaf Blade|p2a: Primarina
|-supereffective|p2a: Primarina
|-damage|p2a: Primarina|2/100
|move|p2a: Primarina|Ice Beam|p1a: Victreebel
|-supereffective|p1a: Victreebel
|-damage|p1a: Victreebel|0 fnt
|faint|p1a: Victreebel
|
|upkeep
|
|t:|1759065840
|switch|p1a: Dragapult|Dragapult, M|100/100
|turn|5
|
|t:|1759065855
|move|p1a: Dragapult|Sucker Punch|p2a: Primarina
|-resisted|p2a: Primarina
|-damage|p2a: Primarina|0 fnt
|faint|p2a: Primarina
|
|upkeep
|
|t:|1759065869
|switch|p2a: Klefki|Klefki, F|100/100
|turn|6
|
|t:|1759065879
|switch|p1a: Probopass|Probopass, M|98/100
|move|p2a: Klefki|Reflect|p2a: Klefki
|-sidestart|p2: samuelillo09|Reflect
|
|upkeep
|turn|7
|
|t:|1759065890
|move|p2a: Klefki|Light Screen|p2a: Klefki
|-sidestart|p2: samuelillo09|move: Light Screen
|move|p1a: Probopass|Earth Power|p2a: Klefki
|-supereffective|p2a: Klefki
|-damage|p2a: Klefki|80/100
|
|upkeep
|turn|8
|
|t:|1759065898
|move|p2a: Klefki|Thunder Wave|p1a: Probopass
|-status|p1a: Probopass|par
|move|p1a: Probopass|Stealth Rock|p2a: Klefki
|-sidestart|p2: samuelillo09|move: Stealth Rock
|
|upkeep
|turn|9
|
|t:|1759065906
|move|p2a: Klefki|Foul Play|p1a: Probopass
|-damage|p1a: Probopass|90/100 par
|move|p1a: Probopass|Earth Power|p2a: Klefki
|-supereffective|p2a: Klefki
|-damage|p2a: Klefki|61/100
|
|upkeep
|turn|10
|
|t:|1759065915
|move|p2a: Klefki|Reflect||[still]
|-fail|p2a: Klefki
|move|p1a: Probopass|Earth Power|p2a: Klefki
|-supereffective|p2a: Klefki
|-crit|p2a: Klefki
|-damage|p2a: Klefki|0 fnt
|faint|p2a: Klefki
|
|-sideend|p2: samuelillo09|Reflect
|upkeep
|
|t:|1759065924
|switch|p2a: Kommo-o|Kommo-o, M|100/100
|-damage|p2a: Kommo-o|94/100|[from] Stealth Rock
|turn|11
|
|t:|1759065932
|move|p2a: Kommo-o|Earthquake|p1a: Probopass
|-supereffective|p1a: Probopass
|-damage|p1a: Probopass|0 fnt
|faint|p1a: Probopass
|
|-sideend|p2: samuelillo09|move: Light Screen
|upkeep
|
|t:|1759065945
|switch|p1a: Hatterene|Hatterene, F, shiny|100/100
|turn|12
|
|t:|1759065960
|switch|p2a: Toxapex|Toxapex, F|100/100
|-damage|p2a: Toxapex|88/100|[from] Stealth Rock
|move|p1a: Hatterene|Dazzling Gleam|p2a: Toxapex
|-resisted|p2a: Toxapex
|-damage|p2a: Toxapex|68/100
|
|upkeep
|turn|13
|
|t:|1759065970
|move|p2a: Toxapex|Toxic Spikes|p1a: Hatterene
|move|p1a: Hatterene|Toxic Spikes|p2a: Toxapex|[from] ability: Magic Bounce
|-sidestart|p2: samuelillo09|move: Toxic Spikes
|move|p1a: Hatterene|Psychic|p2a: Toxapex
|-supereffective|p2a: Toxapex
|-damage|p2a: Toxapex|0 fnt
|faint|p2a: Toxapex
|
|upkeep
|
|t:|1759065983
|switch|p2a: Cinderace|Cinderace, F|100/100
|-damage|p2a: Cinderace|76/100|[from] Stealth Rock
|-status|p2a: Cinderace|psn
|turn|14
|
|t:|1759065990
|move|p2a: Cinderace|Pyro Ball|p1a: Hatterene
|-damage|p1a: Hatterene|21/100
|move|p1a: Hatterene|Trick Room|p1a: Hatterene
|-fieldstart|move: Trick Room|[of] p1a: Hatterene
|
|-damage|p2a: Cinderace|63/100 psn|[from] psn
|upkeep
|turn|15
|
|t:|1759065997
|move|p2a: Cinderace|Protect|p2a: Cinderace
|-singleturn|p2a: Cinderace|Protect
|move|p1a: Hatterene|Psychic|p2a: Cinderace
|-activate|p2a: Cinderace|move: Protect
|
|-damage|p2a: Cinderace|51/100 psn|[from] psn
|upkeep
|turn|16
|
|t:|1759066006
|move|p1a: Hatterene|Psychic|p2a: Cinderace
|-damage|p2a: Cinderace|0 fnt
|faint|p2a: Cinderace
|
|upkeep
|
|t:|1759066011
|switch|p2a: Kommo-o|Kommo-o, M|94/100
|-damage|p2a: Kommo-o|88/100|[from] Stealth Rock
|-status|p2a: Kommo-o|psn
|turn|17
|
|t:|1759066018
|move|p1a: Hatterene|Dazzling Gleam|p2a: Kommo-o
|-supereffective|p2a: Kommo-o
|-damage|p2a: Kommo-o|0 fnt
|faint|p2a: Kommo-o
|
|win|redactedquirk
|raw|redactedquirk's rating: 1121 &rarr; <strong>1143</strong><br />(+22 for winning)
|raw|samuelillo09's rating: 1078 &rarr; <strong>1059</strong><br />(-19 for losing)
|l|☆samuelillo09
|player|p2|
|c|☆redactedquirk|gg
|l|☆redactedquirk
|player|p1|
