|j|☆heinss
|j|☆TTHHY
|t:|1759068236
|gametype|singles
|player|p1|heinss|ethan|1063
|player|p2|TTHHY|red|1066
|gen|9
|tier|[Gen 9] OU
|rated|
|rule|HP Percentage Mod: HP is shown in percentages
|rule|Endless Battle Clause: Forcing endless battles is banned
|rule|Species Clause: Limit one of each Pokémon
|rule|OHKO Clause: OHKO moves are banned
|rule|Evasion Items Clause: Evasion items are banned
|rule|Evasion Moves Clause: Evasion moves are banned
|rule|Evasion Abilities Clause: Evasion abilities are banned
|rule|Sleep Moves Clause: Sleep-inducing moves are banned
|clearpoke
|poke|p1|Raikou|
|poke|p1|Typhlosion, M|
|poke|p1|Blastoise, M|
|poke|p1|Rhydon, M|
|poke|p1|Zapdos|
|poke|p1|Gyarados, M|
|poke|p2|Dugtrio-Alola, F|
|poke|p2|Wugtrio, F|
|poke|p2|Shiftry, F|
|poke|p2|Comfey, F|
|poke|p2|Slowking-Galar, F|
|poke|p2|Garchomp, F|
|teampreview
|inactive|Battle timer is ON: inactive players will automatically lose when time's up. (requested by TTHHY)
|
|t:|1759068248
|teamsize|p1|6
|teamsize|p2|6
|start
|switch|p1a: Raikou|Raikou|100/100
|switch|p2a: Shiftry|Shiftry, F, shiny|100/100
|-ability|p1a: Raikou|Pressure
|turn|1
|
|t:|1759068262
|switch|p1a: Pedro|Typhlosion, M|100/100
|move|p2a: Shiftry|Tailwind|p2a: Shiftry
|-sidestart|p2: TTHHY|move: Tailwind
|-ability|p2a: Shiftry|Wind Rider|boost
|-boost|p2a: Shiftry|atk|1
|
|upkeep
|turn|2
|
|t:|1759068269
|move|p2a: Shiftry|Knock Off|p1a: Pedro
|-damage|p1a: Pedro|18/100
|-enditem|p1a: Pedro|Choice Scarf|[from] move: Knock Off|[of] p2a: Shiftry
|move|p1a: Pedro|Eruption|p2a: Shiftry
|-supereffective|p2a: Shiftry
|-damage|p2a: Shiftry|40/100
|
|upkeep
|turn|3
|
|t:|1759068278
|move|p2a: Shiftry|Knock Off|p1a: Pedro
|-damage|p1a: Pedro|0 fnt
|faint|p1a: Pedro
|
|upkeep
|
|t:|1759068284
|switch|p1a: Rhydon|Rhydon, M|100/100
|turn|4
|
|t:|1759068287
|move|p2a: Shiftry|Leaf Blade|p1a: Rhydon
|-supereffective|p1a: Rhydon
|-damage|p1a: Rhydon|0 fnt
|faint|p1a: Rhydon
|
|-sideend|p2: TTHHY|move: Tailwind
|upkeep
|
|t:|1759068297
|switch|p1a: Raikou|Raikou|100/100
|-ability|p1a: Raikou|Pressure
|turn|5
|
|t:|1759068302
|move|p1a: Raikou|Aura Sphere|p2a: Shiftry
|-supereffective|p2a: Shiftry
|-damage|p2a: Shiftry|0 fnt
|faint|p2a: Shiftry
|
|upkeep
|
|t:|1759068309
|switch|p2a: Garchomp|Garchomp, F|100/100
|turn|6
|
|t:|1759068313
|move|p2a: Garchomp|Draco Meteor|p1a: Raikou
|-damage|p1a: Raikou|49/100
|-unboost|p2a: Garchomp|spa|2
|move|p1a: Raikou|Thunderbolt|p2a: Garchomp
|-immune|p2a: Garchomp
|
|-heal|p1a: Raikou|55/100|[from] item: Leftovers
|upkeep
|turn|7
|
|t:|1759068324
|switch|p2a: Dugtrio|Dugtrio-Alola, F|100/100
|move|p1a: Raikou|Aura Sphere|p2a: Dugtrio
|-supereffective|p2a: Dugtrio
|-damage|p2a: Dugtrio|0 fnt
|faint|p2a: Dugtrio
|
|-heal|p1a: Raikou|61/100|[from] item: Leftovers
|upkeep
|
|t:|1759068328
|switch|p2a: Garchomp|Garchomp, F|100/100
|turn|8
|
|t:|1759068336
|move|p2a: Garchomp|Earth Power|p1a: Raikou
|-supereffective|p1a: Raikou
|-damage|p1a: Raikou|0 fnt
|faint|p1a: Raikou
|
|upkeep
|
|t:|1759068343
|switch|p1a: Gyarados|Gyarados, M, shiny|100/100
|-ability|p1a: Gyarados|Intimidate|boost
|-unboost|p2a: Garchomp|atk|1
|turn|9
|
|t:|1759068348
|move|p2a: Garchomp|Draco Meteor|p1a: Gyarados|[miss]
|-miss|p2a: Garchomp|p1a: Gyarados
|move|p1a: Gyarados|Dragon Dance|p1a: Gyarados
|-boost|p1a: Gyarados|atk|1
|-boost|p1a: Gyarados|spe|1
|
|upkeep
|turn|10
|
|t:|1759068355
|move|p1a: Gyarados|Waterfall|p2a: Garchomp
|-damage|p2a: Garchomp|39/100
|-damage|p1a: Gyarados|88/100|[from] ability: Rough Skin|[of] p2a: Garchomp
|-damage|p1a: Gyarados|71/100|[from] item: Rocky Helmet|[of] p2a: Garchomp
|cant|p2a: Garchomp|flinch
|
|upkeep
|turn|11
|
|t:|1759068364
|move|p1a: Gyarados|Waterfall|p2a: Garchomp
|-damage|p2a: Garchomp|0 fnt
|-damage|p1a: Gyarados|59/100|[from] ability: Rough Skin|[of] p2a: Garchomp
|-damage|p1a: Gyarados|42/100|[from] item: Rocky Helmet|[of] p2a: Garchomp
|faint|p2a: Garchomp
|
|upkeep
|
|t:|1759068372
|switch|p2a: Slowking|Slowking-Galar, F|100/100
|turn|12
|
|t:|1759068379
|move|p1a: Gyarados|Earthquake|p2a: Slowking
|-supereffective|p2a: Slowking
|-damage|p2a: Slowking|1/100
|move|p2a: Slowking|Sludge Bomb|p1a: Gyarados
|-damage|p1a: Gyarados|0 fnt
|faint|p1a: Gyarados
|
|-heal|p2a: Slowking|7/100|[from] item: Leftovers
|upkeep
|
|t:|1759068389
|switch|p1a: Zapdos|Zapdos|100/100
|-ability|p1a: Zapdos|Pressure
|turn|13
|
|t:|1759068394
|move|p1a: Zapdos|Volt Switch|p2a: Slowking
|-damage|p2a: Slowking|0 fnt
|faint|p2a: Slowking
|
|t:|1759068399
|switch|p1a: Rodrigo|Blastoise, M|100/100|[from] Volt Switch
|
|upkeep
|
|t:|1759068401
|switch|p2a: Comfey|Comfey, F, shiny|100/100
|turn|14
|
|t:|1759068408
|-terastallize|p1a: Rodrigo|Water
|move|p2a: Comfey|Calm Mind|p2a: Comfey
|-boost|p2a: Comfey|spa|1
|-boost|p2a: Comfey|spd|1
|move|p1a: Rodrigo|Hydro Pump|p2a: Comfey
|-damage|p2a: Comfey|49/100
|
|-heal|p2a: Comfey|56/100|[from] item: Leftovers
|upkeep
|turn|15
|
|t:|1759068420
|move|p2a: Comfey|Calm Mind|p2a: Comfey
|-boost|p2a: Comfey|spa|1
|-boost|p2a: Comfey|spd|1
|move|p1a: Rodrigo|Aura Sphere|p2a: Comfey
|-resisted|p2a: Comfey
|-damage|p2a: Comfey|48/100
|
|-heal|p2a: Comfey|54/100|[from] item: Leftovers
|upkeep
|turn|16
|
|t:|1759068429
|move|p2a: Comfey|Calm Mind|p2a: Comfey
|-boost|p2a: Comfey|spa|1
|-boost|p2a: Comfey|spd|1
|move|p1a: Rodrigo|Hydro Pump|p2a: Comfey
|-damage|p2a: Comfey|25/100
|
|-heal|p2a: Comfey|31/100|[from] item: Leftovers
|upkeep
|turn|17
|
|t:|1759068438
|move|p2a: Comfey|Giga Drain|p1a: Rodrigo
|-supereffective|p1a: Rodrigo
|-damage|p1a: Rodrigo|10/100
|-heal|p2a: Comfey|98/100|[from] drain|[of] p1a: Rodrigo
|move|p1a: Rodrigo|Hydro Pump|p2a: Comfey|[miss]
|-miss|p1a: Rodrigo|p2a: Comfey
|
|-heal|p2a: Comfey|100/100|[from] item: Leftovers
|upkeep
|turn|18
|
|t:|1759068450
|move|p2a: Comfey|Calm Mind|p2a: Comfey
|-boost|p2a: Comfey|spa|1
|-boost|p2a: Comfey|spd|1
|move|p1a: Rodrigo|Ice Beam|p2a: Comfey
|-damage|p2a: Comfey|91/100
|
|-heal|p2a: Comfey|97/100|[from] item: Leftovers
|upkeep
|turn|19
|
|t:|1759068459
|move|p2a: Comfey|Calm Mind|p2a: Comfey
|-boost|p2a: Comfey|spa|1
|-boost|p2a: Comfey|spd|1
|move|p1a: Rodrigo|Hydro Pump|p2a: Comfey
|-damage|p2a: Comfey|64/100
|
|-heal|p2a: Comfey|70/100|[from] item: Leftovers
|upkeep
|turn|20
|
|t:|1759068467
|move|p2a: Comfey|Calm Mind|p2a: Comfey
|-boost|p2a: Comfey|spa|1
|-boost|p2a: Comfey|spd|1
|move|p1a: Rodrigo|Hydro Pump|p2a: Comfey|[miss]
|-miss|p1a: Rodrigo|p2a: Comfey
|
|-heal|p2a: Comfey|77/100|[from] item: Leftovers
|upkeep
|turn|21
|
|t:|1759068477
|move|p2a: Comfey|Giga Drain|p1a: Rodrigo
|-supereffective|p1a: Rodrigo
|-damage|p1a: Rodrigo|0 fnt
|-heal|p2a: Comfey|84/100|[from] drain|[of] p1a: Rodrigo
|faint|p1a: Rodrigo
|
|-heal|p2a: Comfey|90/100|[from] item: Leftovers
|upkeep
|
|t:|1759068485
|switch|p1a: Zapdos|Zapdos|100/100
|-ability|p1a: Zapdos|Pressure
|turn|22
|
|t:|1759068491
|move|p2a: Comfey|Draining Kiss|p1a: Zapdos
|-damage|p1a: Zapdos|33/100
|-heal|p2a: Comfey|100/100|[from] drain|[of] p1a: Zapdos
|move|p1a: Zapdos|Hurricane|p2a: Comfey|[miss]
|-miss|p1a: Zapdos|p2a: Comfey
|
|upkeep
|turn|23
|
|t:|1759068499
|move|p2a: Comfey|Draining Kiss|p1a: Zapdos
|-damage|p1a: Zapdos|0 fnt
|faint|p1a: Zapdos
|
|win|TTHHY
|raw|heinss's rating: 1063 &rarr; <strong>1044</strong><br />(-19 for losing)
|raw|TTHHY's rating: 1066 &rarr; <strong>1096</strong><br />(+30 for winning)
|l|☆heinss
|player|p1|
|l|☆TTHHY
|player|p2|
