|j|☆xw haha
|j|☆Stotochi
|t:|1758949501
|gametype|singles
|player|p1|xw haha|volkner|1208
|player|p2|Stotochi|2|1242
|gen|9
|tier|[Gen 9] OU
|rated|
|rule|HP Percentage Mod: HP is shown in percentages
|rule|Endless Battle Clause: Forcing endless battles is banned
|rule|Species Clause: Limit one of each Pokémon
|rule|OHKO Clause: OHKO moves are banned
|rule|Evasion Items Clause: Evasion items are banned
|rule|Evasion Moves Clause: Evasion moves are banned
|rule|Evasion Abilities Clause: Evasion abilities are banned
|rule|Sleep Moves Clause: Sleep-inducing moves are banned
|clearpoke
|poke|p1|Slither Wing|
|poke|p1|Alomomola, M|
|poke|p1|Corviknight, F|
|poke|p1|Clodsire, M|
|poke|p1|Gholdengo|
|poke|p1|Iron Moth|
|poke|p2|Delphox, F|
|poke|p2|Corviknight, F|
|poke|p2|Dondozo, M|
|poke|p2|Ting-Lu|
|poke|p2|Scizor, M|
|poke|p2|Slowking-Galar, F|
|teampreview
|inactive|Battle timer is ON: inactive players will automatically lose when time's up. (requested by Stotochi)
|
|t:|1758949533
|teamsize|p1|6
|teamsize|p2|6
|start
|switch|p1a: Slither Wing|Slither Wing|100/100
|switch|p2a: Ting-Lu|Ting-Lu|100/100
|-ability|p2a: Ting-Lu|Vessel of Ruin
|turn|1
|
|t:|1758949544
|switch|p2a: Dondozo|Dondozo, M|100/100
|move|p1a: Slither Wing|Close Combat|p2a: Dondozo
|-damage|p2a: Dondozo|55/100
|-unboost|p1a: Slither Wing|def|1
|-unboost|p1a: Slither Wing|spd|1
|
|upkeep
|turn|2
|
|t:|1758949554
|-end|p1a: Slither Wing|Protosynthesis|[silent]
|switch|p1a: Clodsire|Clodsire, M|100/100
|move|p2a: Dondozo|Rest|p2a: Dondozo
|-status|p2a: Dondozo|slp|[from] move: Rest
|-heal|p2a: Dondozo|100/100 slp|[silent]
|
|upkeep
|turn|3
|
|t:|1758949562
|cant|p2a: Dondozo|slp
|move|p2a: Dondozo|Sleep Talk|p2a: Dondozo
|move|p2a: Dondozo|Rest||[from] move: Sleep Talk|[still]
|-fail|p2a: Dondozo
|move|p1a: Clodsire|Stealth Rock|p2a: Dondozo
|-sidestart|p2: Stotochi|move: Stealth Rock
|
|upkeep
|turn|4
|
|t:|1758949573
|cant|p2a: Dondozo|slp
|move|p2a: Dondozo|Sleep Talk|p2a: Dondozo
|move|p2a: Dondozo|Rest||[from] move: Sleep Talk|[still]
|-fail|p2a: Dondozo
|move|p1a: Clodsire|Earth Power|p2a: Dondozo
|-damage|p2a: Dondozo|85/100 slp
|
|upkeep
|turn|5
|
|t:|1758949586
|-curestatus|p2a: Dondozo|slp|[msg]
|move|p2a: Dondozo|Liquidation|p1a: Clodsire
|-immune|p1a: Clodsire|[from] ability: Water Absorb
|move|p1a: Clodsire|Toxic|p2a: Dondozo
|-status|p2a: Dondozo|tox
|
|-damage|p2a: Dondozo|79/100 tox|[from] psn
|upkeep
|turn|6
|
|t:|1758949606
|switch|p2a: Corviknight|Corviknight, F|100/100
|-damage|p2a: Corviknight|88/100|[from] Stealth Rock
|-ability|p2a: Corviknight|Pressure
|move|p1a: Clodsire|Earth Power|p2a: Corviknight
|-immune|p2a: Corviknight
|
|upkeep
|turn|7
|
|t:|1758949615
|switch|p1a: Gholdengo|Gholdengo|100/100
|-item|p1a: Gholdengo|Air Balloon
|move|p2a: Corviknight|Defog|p1a: Gholdengo
|-immune|p1a: Gholdengo|[from] ability: Good as Gold
|
|upkeep
|turn|8
|
|t:|1758949631
|switch|p2a: Ting-Lu|Ting-Lu|100/100
|-damage|p2a: Ting-Lu|94/100|[from] Stealth Rock
|-ability|p2a: Ting-Lu|Vessel of Ruin
|move|p1a: Gholdengo|Shadow Ball|p2a: Ting-Lu
|-resisted|p2a: Ting-Lu
|-damage|p2a: Ting-Lu|84/100
|
|-heal|p2a: Ting-Lu|90/100|[from] item: Leftovers
|upkeep
|turn|9
|
|t:|1758949644
|switch|p1a: Slither Wing|Slither Wing|100/100
|move|p2a: Ting-Lu|Stealth Rock|p1a: Slither Wing
|-sidestart|p1: xw haha|move: Stealth Rock
|
|-heal|p2a: Ting-Lu|96/100|[from] item: Leftovers
|upkeep
|turn|10
|
|t:|1758949654
|switch|p2a: Dondozo|Dondozo, M|79/100 tox
|move|p1a: Slither Wing|Close Combat|p2a: Dondozo
|-damage|p2a: Dondozo|33/100 tox
|-unboost|p1a: Slither Wing|def|1
|-unboost|p1a: Slither Wing|spd|1
|
|-damage|p2a: Dondozo|27/100 tox|[from] psn
|upkeep
|turn|11
|
|t:|1758949664
|move|p1a: Slither Wing|Close Combat|p2a: Dondozo
|-damage|p2a: Dondozo|0 fnt
|-unboost|p1a: Slither Wing|def|1
|-unboost|p1a: Slither Wing|spd|1
|faint|p2a: Dondozo
|
|upkeep
|
|t:|1758949675
|switch|p2a: Slowking|Slowking-Galar, F|100/100
|-damage|p2a: Slowking|88/100|[from] Stealth Rock
|turn|12
|
|t:|1758949680
|-end|p1a: Slither Wing|Protosynthesis|[silent]
|switch|p1a: Clodsire|Clodsire, M|100/100
|-damage|p1a: Clodsire|94/100|[from] Stealth Rock
|move|p2a: Slowking|Future Sight|p1a: Clodsire
|-start|p2a: Slowking|move: Future Sight
|
|-heal|p1a: Clodsire|100/100|[from] item: Black Sludge
|upkeep
|turn|13
|
|t:|1758949690
|switch|p2a: Corviknight|Corviknight, F|88/100
|-damage|p2a: Corviknight|76/100|[from] Stealth Rock
|-ability|p2a: Corviknight|Pressure
|move|p1a: Clodsire|Earth Power|p2a: Corviknight
|-immune|p2a: Corviknight
|
|upkeep
|turn|14
|
|t:|1758949700
|switch|p1a: Gholdengo|Gholdengo|100/100
|-damage|p1a: Gholdengo|94/100|[from] Stealth Rock
|-item|p1a: Gholdengo|Air Balloon
|move|p2a: Corviknight|Brave Bird|p1a: Gholdengo
|-resisted|p1a: Gholdengo
|-damage|p1a: Gholdengo|77/100
|-enditem|p1a: Gholdengo|Air Balloon
|-damage|p2a: Corviknight|71/100|[from] Recoil
|
|-end|p1a: Gholdengo|move: Future Sight
|-resisted|p1a: Gholdengo
|-damage|p1a: Gholdengo|46/100
|upkeep
|turn|15
|
|t:|1758949714
|switch|p2a: Ting-Lu|Ting-Lu|96/100
|-damage|p2a: Ting-Lu|90/100|[from] Stealth Rock
|-ability|p2a: Ting-Lu|Vessel of Ruin
|move|p1a: Gholdengo|Recover|p1a: Gholdengo
|-heal|p1a: Gholdengo|96/100
|
|-heal|p2a: Ting-Lu|96/100|[from] item: Leftovers
|upkeep
|turn|16
|
|t:|1758949725
|switch|p1a: Corviknight|Corviknight, F|100/100
|-damage|p1a: Corviknight|88/100|[from] Stealth Rock
|move|p2a: Ting-Lu|Whirlwind|p1a: Corviknight
|drag|p1a: Slither Wing|Slither Wing|100/100
|-damage|p1a: Slither Wing|88/100|[from] Stealth Rock
|
|-heal|p2a: Ting-Lu|100/100|[from] item: Leftovers
|upkeep
|turn|17
|
|t:|1758949736
|switch|p2a: Corviknight|Corviknight, F|71/100
|-damage|p2a: Corviknight|58/100|[from] Stealth Rock
|-ability|p2a: Corviknight|Pressure
|move|p1a: Slither Wing|Close Combat|p2a: Corviknight
|-damage|p2a: Corviknight|0 fnt
|-unboost|p1a: Slither Wing|def|1
|-unboost|p1a: Slither Wing|spd|1
|-damage|p1a: Slither Wing|71/100|[from] item: Rocky Helmet|[of] p2a: Corviknight
|faint|p2a: Corviknight
|
|upkeep
|
|t:|1758949740
|switch|p2a: Delphine|Delphox, F, shiny|100/100
|-damage|p2a: Delphine|76/100|[from] Stealth Rock
|turn|18
|
|t:|1758949762
|-end|p1a: Slither Wing|Protosynthesis|[silent]
|switch|p1a: Alomomola|Alomomola, M|100/100
|-damage|p1a: Alomomola|88/100|[from] Stealth Rock
|move|p2a: Delphine|Substitute|p2a: Delphine
|-start|p2a: Delphine|Substitute
|-damage|p2a: Delphine|51/100
|
|upkeep
|turn|19
|
|t:|1758949771
|move|p2a: Delphine|Psychic Noise|p1a: Alomomola
|-damage|p1a: Alomomola|50/100
|-start|p1a: Alomomola|move: Heal Block
|move|p1a: Alomomola|Scald|p2a: Delphine
|-supereffective|p2a: Delphine
|-end|p2a: Delphine|Substitute
|
|upkeep
|turn|20
|
|t:|1758949787
|move|p2a: Delphine|Psychic Noise|p1a: Alomomola
|-damage|p1a: Alomomola|12/100
|move|p1a: Alomomola|Flip Turn|p2a: Delphine
|-supereffective|p2a: Delphine
|-damage|p2a: Delphine|7/100
|-enditem|p2a: Delphine|Sitrus Berry|[eat]
|-heal|p2a: Delphine|31/100|[from] item: Sitrus Berry
|
|t:|1758949797
|switch|p1a: Slither Wing|Slither Wing|71/100|[from] Flip Turn
|-damage|p1a: Slither Wing|59/100|[from] Stealth Rock
|
|upkeep
|turn|21
|
|t:|1758949803
|move|p1a: Slither Wing|First Impression|p2a: Delphine
|-damage|p2a: Delphine|0 fnt
|faint|p2a: Delphine
|
|upkeep
|
|t:|1758949806
|switch|p2a: Scizor|Scizor, M|100/100
|-damage|p2a: Scizor|88/100|[from] Stealth Rock
|turn|22
|
|t:|1758949818
|-end|p1a: Slither Wing|Protosynthesis|[silent]
|switch|p1a: Alomomola|Alomomola, M|45/100
|-damage|p1a: Alomomola|33/100|[from] Stealth Rock
|move|p2a: Scizor|Swords Dance|p2a: Scizor
|-boost|p2a: Scizor|atk|2
|
|upkeep
|turn|23
|
|t:|1758949828
|switch|p1a: Corviknight|Corviknight, F|88/100
|-damage|p1a: Corviknight|75/100|[from] Stealth Rock
|move|p2a: Scizor|Fury Cutter|p1a: Corviknight
|-resisted|p1a: Corviknight
|-damage|p1a: Corviknight|66/100
|
|-heal|p1a: Corviknight|72/100|[from] item: Leftovers
|upkeep
|turn|24
|
|t:|1758949841
|move|p2a: Scizor|Swords Dance|p2a: Scizor
|-boost|p2a: Scizor|atk|2
|move|p1a: Corviknight|Brave Bird|p2a: Scizor
|-damage|p2a: Scizor|42/100
|-damage|p1a: Corviknight|62/100|[from] Recoil
|
|-heal|p1a: Corviknight|68/100|[from] item: Leftovers
|upkeep
|turn|25
|
|t:|1758949862
|move|p2a: Scizor|Knock Off|p1a: Corviknight
|-damage|p1a: Corviknight|6/100
|-enditem|p1a: Corviknight|Leftovers|[from] move: Knock Off|[of] p2a: Scizor
|move|p1a: Corviknight|Brave Bird|p2a: Scizor
|-damage|p2a: Scizor|0 fnt
|faint|p2a: Scizor
|-damage|p1a: Corviknight|0 fnt|[from] Recoil
|faint|p1a: Corviknight
|
|upkeep
|-message|Stotochi forfeited.
|
|win|xw haha
|raw|xw haha's rating: 1208 &rarr; <strong>1235</strong><br />(+27 for winning)
|raw|Stotochi's rating: 1242 &rarr; <strong>1215</strong><br />(-27 for losing)
|l|☆Stotochi
|player|p2|
|l|☆xw haha
|player|p1|
