|j|☆Lordstrat
|j|☆Denvertzzz
|t:|1758975024
|gametype|singles
|player|p1|Lordstrat|red|1136
|player|p2|Denvertzzz|265|1094
|gen|9
|tier|[Gen 9] OU
|rated|
|rule|HP Percentage Mod: HP is shown in percentages
|rule|Endless Battle Clause: Forcing endless battles is banned
|rule|Species Clause: Limit one of each Pokémon
|rule|OHKO Clause: OHKO moves are banned
|rule|Evasion Items Clause: Evasion items are banned
|rule|Evasion Moves Clause: Evasion moves are banned
|rule|Evasion Abilities Clause: Evasion abilities are banned
|rule|Sleep Moves Clause: Sleep-inducing moves are banned
|clearpoke
|poke|p1|Crawdaunt, M|
|poke|p1|Hatterene, F|
|poke|p1|Iron Hands|
|poke|p1|Ursaluna, F|
|poke|p1|Scrafty, F|
|poke|p1|Hoopa-Unbound|
|poke|p2|Rillaboom, F|
|poke|p2|Ogerpon-Cornerstone, F|
|poke|p2|Sceptile, F|
|poke|p2|Stonjourner, F|
|poke|p2|Amoonguss, F|
|poke|p2|Enamorus, F|
|teampreview
|inactive|Battle timer is ON: inactive players will automatically lose when time's up. (requested by Denvertzzz)
|inactive|Lordstrat also wants the timer to be on.
|
|t:|1758975037
|teamsize|p1|6
|teamsize|p2|6
|start
|switch|p1a: Scrafty|Scrafty, F|100/100
|switch|p2a: Anya Neeze|Enamorus, F, shiny|100/100
|-ability|p1a: Scrafty|Intimidate|boost
|-boost|p2a: Anya Neeze|atk|1
|turn|1
|
|t:|1758975047
|-terastallize|p2a: Anya Neeze|Stellar
|move|p2a: Anya Neeze|Tera Blast|p1a: Scrafty|[anim] Tera Blast Stellar
|-damage|p1a: Scrafty|57/100
|-boost|p2a: Anya Neeze|atk|1
|-boost|p2a: Anya Neeze|spa|1
|move|p1a: Scrafty|Poison Jab|p2a: Anya Neeze
|-supereffective|p2a: Anya Neeze
|-damage|p2a: Anya Neeze|21/100
|
|-heal|p1a: Scrafty|63/100|[from] item: Leftovers
|upkeep
|turn|2
|
|t:|1758975059
|move|p2a: Anya Neeze|Tera Blast|p1a: Scrafty|[anim] Tera Blast Stellar
|-damage|p1a: Scrafty|9/100
|-boost|p2a: Anya Neeze|atk|1
|-boost|p2a: Anya Neeze|spa|1
|move|p1a: Scrafty|Poison Jab|p2a: Anya Neeze
|-supereffective|p2a: Anya Neeze
|-damage|p2a: Anya Neeze|0 fnt
|faint|p2a: Anya Neeze
|
|-heal|p1a: Scrafty|15/100|[from] item: Leftovers
|upkeep
|
|t:|1758975073
|switch|p2a: Ben Derhover|Rillaboom, F|100/100
|-fieldstart|move: Grassy Terrain|[from] ability: Grassy Surge|[of] p2a: Ben Derhover
|turn|3
|
|t:|1758975083
|switch|p1a: Iron Hands|Iron Hands|100/100
|-enditem|p1a: Iron Hands|Booster Energy
|-activate|p1a: Iron Hands|ability: Quark Drive|[fromitem]
|-start|p1a: Iron Hands|quarkdriveatk
|move|p2a: Ben Derhover|Grassy Glide|p1a: Iron Hands
|-damage|p1a: Iron Hands|72/100
|
|-heal|p1a: Iron Hands|78/100|[from] Grassy Terrain
|upkeep
|turn|4
|
|t:|1758975094
|move|p2a: Ben Derhover|High Horsepower|p1a: Iron Hands
|-supereffective|p1a: Iron Hands
|-damage|p1a: Iron Hands|26/100
|move|p1a: Iron Hands|Drain Punch|p2a: Ben Derhover
|-damage|p2a: Ben Derhover|49/100
|-heal|p1a: Iron Hands|46/100|[from] drain|[of] p2a: Ben Derhover
|
|-heal|p2a: Ben Derhover|55/100|[from] Grassy Terrain
|-heal|p1a: Iron Hands|52/100|[from] Grassy Terrain
|upkeep
|turn|5
|
|t:|1758975111
|move|p2a: Ben Derhover|High Horsepower|p1a: Iron Hands
|-supereffective|p1a: Iron Hands
|-damage|p1a: Iron Hands|0 fnt
|faint|p1a: Iron Hands
|-end|p1a: Iron Hands|Quark Drive|[silent]
|
|-heal|p2a: Ben Derhover|62/100|[from] Grassy Terrain
|upkeep
|
|t:|1758975118
|switch|p1a: Hatterene|Hatterene, F|100/100
|turn|6
|
|t:|1758975124
|switch|p2a: Connie Lingus|Amoonguss, F, shiny|100/100
|move|p1a: Hatterene|Mystical Fire|p2a: Connie Lingus
|-supereffective|p2a: Connie Lingus
|-damage|p2a: Connie Lingus|61/100
|-unboost|p2a: Connie Lingus|spa|1
|
|-heal|p2a: Connie Lingus|67/100|[from] Grassy Terrain
|-heal|p2a: Connie Lingus|74/100|[from] item: Black Sludge
|upkeep
|turn|7
|
|t:|1758975135
|move|p2a: Connie Lingus|Sludge Bomb|p1a: Hatterene
|-supereffective|p1a: Hatterene
|-damage|p1a: Hatterene|41/100
|move|p1a: Hatterene|Trick Room|p1a: Hatterene
|-fieldstart|move: Trick Room|[of] p1a: Hatterene
|
|-heal|p1a: Hatterene|47/100|[from] Grassy Terrain
|-heal|p1a: Hatterene|53/100|[from] item: Leftovers
|-heal|p2a: Connie Lingus|80/100|[from] Grassy Terrain
|-heal|p2a: Connie Lingus|86/100|[from] item: Black Sludge
|upkeep
|turn|8
|
|t:|1758975152
|switch|p1a: Ursaluna|Ursaluna, F|100/100
|move|p2a: Connie Lingus|Sludge Bomb|p1a: Ursaluna
|-resisted|p1a: Ursaluna
|-damage|p1a: Ursaluna|88/100
|-status|p1a: Ursaluna|psn
|
|-heal|p2a: Connie Lingus|92/100|[from] Grassy Terrain
|-heal|p2a: Connie Lingus|99/100|[from] item: Black Sludge
|-heal|p1a: Ursaluna|94/100 psn|[from] Grassy Terrain
|-damage|p1a: Ursaluna|82/100 psn|[from] psn
|upkeep
|turn|9
|
|t:|1758975168
|move|p2a: Connie Lingus|Giga Drain|p1a: Ursaluna
|-supereffective|p1a: Ursaluna
|-crit|p1a: Ursaluna
|-damage|p1a: Ursaluna|0 fnt
|-heal|p2a: Connie Lingus|100/100|[from] drain|[of] p1a: Ursaluna
|faint|p1a: Ursaluna
|
|upkeep
|
|t:|1758975178
|switch|p1a: Hoopa|Hoopa-Unbound|100/100
|turn|10
|
|t:|1758975184
|move|p2a: Connie Lingus|Giga Drain|p1a: Hoopa
|-damage|p1a: Hoopa|78/100
|move|p1a: Hoopa|Psychic|p2a: Connie Lingus
|-supereffective|p2a: Connie Lingus
|-damage|p2a: Connie Lingus|0 fnt
|faint|p2a: Connie Lingus
|
|-heal|p1a: Hoopa|84/100|[from] Grassy Terrain
|-heal|p1a: Hoopa|90/100|[from] item: Leftovers
|-fieldend|move: Grassy Terrain
|upkeep
|
|t:|1758975198
|switch|p2a: Master Bates|Stonjourner, F, shiny|100/100
|turn|11
|
|t:|1758975216
|move|p2a: Master Bates|Body Press|p1a: Hoopa
|-damage|p1a: Hoopa|49/100
|move|p1a: Hoopa|Focus Blast|p2a: Master Bates|[miss]
|-miss|p1a: Hoopa|p2a: Master Bates
|
|-heal|p1a: Hoopa|55/100|[from] item: Leftovers
|-fieldend|move: Trick Room
|upkeep
|turn|12
|
|t:|1758975236
|move|p1a: Hoopa|Focus Blast|p2a: Master Bates
|-supereffective|p2a: Master Bates
|-damage|p2a: Master Bates|0 fnt
|faint|p2a: Master Bates
|
|-heal|p1a: Hoopa|61/100|[from] item: Leftovers
|upkeep
|
|t:|1758975244
|switch|p2a: Ben Derhover|Rillaboom, F|62/100
|-fieldstart|move: Grassy Terrain|[from] ability: Grassy Surge|[of] p2a: Ben Derhover
|turn|13
|
|t:|1758975250
|move|p2a: Ben Derhover|Grassy Glide|p1a: Hoopa
|-damage|p1a: Hoopa|5/100
|move|p1a: Hoopa|Psychic|p2a: Ben Derhover
|-damage|p2a: Ben Derhover|0 fnt
|faint|p2a: Ben Derhover
|
|-heal|p1a: Hoopa|11/100|[from] Grassy Terrain
|-heal|p1a: Hoopa|17/100|[from] item: Leftovers
|upkeep
|
|t:|1758975263
|switch|p2a: Yuri Nator|Sceptile, F|100/100
|turn|14
|
|t:|1758975270
|move|p2a: Yuri Nator|Giga Drain|p1a: Hoopa
|-damage|p1a: Hoopa|0 fnt
|faint|p1a: Hoopa
|
|upkeep
|
|t:|1758975277
|switch|p1a: Hatterene|Hatterene, F|53/100
|turn|15
|
|t:|1758975281
|move|p2a: Yuri Nator|Giga Drain|p1a: Hatterene
|-damage|p1a: Hatterene|3/100
|move|p1a: Hatterene|Trick Room|p1a: Hatterene
|-fieldstart|move: Trick Room|[of] p1a: Hatterene
|
|-heal|p1a: Hatterene|9/100|[from] Grassy Terrain
|-heal|p1a: Hatterene|15/100|[from] item: Leftovers
|upkeep
|turn|16
|
|t:|1758975291
|move|p2a: Yuri Nator|Vacuum Wave|p1a: Hatterene
|-resisted|p1a: Hatterene
|-damage|p1a: Hatterene|12/100
|move|p1a: Hatterene|Mystical Fire|p2a: Yuri Nator
|-supereffective|p2a: Yuri Nator
|-damage|p2a: Yuri Nator|51/100
|-unboost|p2a: Yuri Nator|spa|1
|
|-heal|p1a: Hatterene|17/100|[from] Grassy Terrain
|-heal|p1a: Hatterene|23/100|[from] item: Leftovers
|-heal|p2a: Yuri Nator|57/100|[from] Grassy Terrain
|upkeep
|turn|17
|
|t:|1758975304
|move|p1a: Hatterene|Draining Kiss|p2a: Yuri Nator
|-damage|p2a: Yuri Nator|28/100
|-heal|p1a: Hatterene|43/100|[from] drain|[of] p2a: Yuri Nator
|move|p2a: Yuri Nator|Giga Drain|p1a: Hatterene
|-damage|p1a: Hatterene|8/100
|-heal|p2a: Yuri Nator|48/100|[from] drain|[of] p1a: Hatterene
|
|-heal|p1a: Hatterene|14/100|[from] Grassy Terrain
|-heal|p1a: Hatterene|20/100|[from] item: Leftovers
|-heal|p2a: Yuri Nator|54/100|[from] Grassy Terrain
|upkeep
|turn|18
|
|t:|1758975326
|move|p1a: Hatterene|Psychic Noise|p2a: Yuri Nator
|-damage|p2a: Yuri Nator|16/100
|-start|p2a: Yuri Nator|move: Heal Block
|cant|p2a: Yuri Nator|move: Heal Block|Giga Drain
|
|-heal|p1a: Hatterene|26/100|[from] Grassy Terrain
|-heal|p1a: Hatterene|32/100|[from] item: Leftovers
|upkeep
|turn|19
|
|t:|1758975336
|move|p1a: Hatterene|Draining Kiss|p2a: Yuri Nator
|-damage|p2a: Yuri Nator|0 fnt
|-heal|p1a: Hatterene|42/100|[from] drain|[of] p2a: Yuri Nator
|faint|p2a: Yuri Nator
|
|-heal|p1a: Hatterene|48/100|[from] Grassy Terrain
|-heal|p1a: Hatterene|54/100|[from] item: Leftovers
|-fieldend|move: Trick Room
|upkeep
|
|t:|1758975346
|switch|p2a: Gabe Utsecks|Ogerpon-Cornerstone, F|100/100
|turn|20
|
|t:|1758975355
|move|p2a: Gabe Utsecks|Ivy Cudgel|p1a: Hatterene|[anim] Ivy Cudgel Rock
|-crit|p1a: Hatterene
|-damage|p1a: Hatterene|0 fnt
|faint|p1a: Hatterene
|
|-fieldend|move: Grassy Terrain
|upkeep
|
|t:|1758975361
|switch|p1a: Scrafty|Scrafty, F|15/100
|-ability|p1a: Scrafty|Intimidate|boost
|-unboost|p2a: Gabe Utsecks|atk|1
|turn|21
|
|t:|1758975368
|move|p2a: Gabe Utsecks|Ivy Cudgel|p1a: Scrafty|[anim] Ivy Cudgel Rock
|-resisted|p1a: Scrafty
|-damage|p1a: Scrafty|0 fnt
|faint|p1a: Scrafty
|
|upkeep
|
|t:|1758975373
|switch|p1a: Crawdaunt|Crawdaunt, M|100/100
|turn|22
|
|t:|1758975385
|-terastallize|p1a: Crawdaunt|Water
|move|p2a: Gabe Utsecks|Grassy Glide|p1a: Crawdaunt
|-supereffective|p1a: Crawdaunt
|-damage|p1a: Crawdaunt|47/100
|move|p1a: Crawdaunt|Crabhammer|p2a: Gabe Utsecks
|-crit|p2a: Gabe Utsecks
|-ability|p2a: Gabe Utsecks|Sturdy
|-damage|p2a: Gabe Utsecks|1/100
|-damage|p1a: Crawdaunt|37/100|[from] item: Life Orb
|
|upkeep
|turn|23
|
|t:|1758975397
|move|p1a: Crawdaunt|Aqua Jet|p2a: Gabe Utsecks
|-damage|p2a: Gabe Utsecks|0 fnt
|faint|p2a: Gabe Utsecks
|-damage|p1a: Crawdaunt|27/100|[from] item: Life Orb
|
|win|Lordstrat
|raw|Lordstrat's rating: 1136 &rarr; <strong>1158</strong><br />(+22 for winning)
|raw|Denvertzzz's rating: 1094 &rarr; <strong>1073</strong><br />(-21 for losing)
|l|☆Lordstrat
|player|p1|
|l|☆Denvertzzz
|player|p2|
