|j|☆N_Alder
|j|☆Shibuya Arc
|t:|1758995340
|gametype|singles
|player|p1|N_Alder|shadowtriad|1605
|player|p2|Shibuya Arc|169|1726
|gen|9
|tier|[Gen 9] OU
|rated|
|rule|HP Percentage Mod: HP is shown in percentages
|rule|Endless Battle Clause: Forcing endless battles is banned
|rule|Species Clause: Limit one of each Pokémon
|rule|OHKO Clause: OHKO moves are banned
|rule|Evasion Items Clause: Evasion items are banned
|rule|Evasion Moves Clause: Evasion moves are banned
|rule|Evasion Abilities Clause: Evasion abilities are banned
|rule|Sleep Moves Clause: Sleep-inducing moves are banned
|clearpoke
|poke|p1|Ting-Lu|
|poke|p1|Dragapult, F|
|poke|p1|Zamazenta-*|
|poke|p1|Ogerpon-Wellspring, F|
|poke|p1|Slowking-Galar, F|
|poke|p1|Tinkaton, F|
|poke|p2|Dragapult, F|
|poke|p2|Dragonite, F|
|poke|p2|Ting-Lu|
|poke|p2|Weezing-Galar, F|
|poke|p2|Iron Crown|
|poke|p2|Zapdos|
|teampreview
|inactive|Battle timer is ON: inactive players will automatically lose when time's up. (requested by N_Alder)
|j| picocrazy
|inactive|Shibuya Arc also wants the timer to be on.
|
|t:|1758995366
|teamsize|p1|6
|teamsize|p2|6
|start
|switch|p1a: Tinkaton|Tinkaton, F, shiny|100/100
|switch|p2a: Dragapult|Dragapult, F|100/100
|-ability|p1a: Tinkaton|Mold Breaker
|-item|p1a: Tinkaton|Air Balloon
|turn|1
|
|t:|1758995373
|switch|p1a: Slowking|Slowking-Galar, F, shiny|100/100
|move|p2a: Dragapult|U-turn|p1a: Slowking
|-damage|p1a: Slowking|80/100
|
|t:|1758995384
|switch|p2a: Weezing|Weezing-Galar, F|100/100|[from] U-turn
|-ability|p2a: Weezing|Neutralizing Gas
|
|upkeep
|turn|2
|
|t:|1758995390
|move|p2a: Weezing|Toxic Spikes|p1a: Slowking
|-sidestart|p1: N_Alder|move: Toxic Spikes
|move|p1a: Slowking|Psychic|p2a: Weezing
|-supereffective|p2a: Weezing
|-damage|p2a: Weezing|7/100
|
|upkeep
|turn|3
|
|t:|1758995399
|move|p2a: Weezing|Pain Split|p1a: Slowking
|-sethp|p1a: Slowking|43/100|[from] move: Pain Split|[silent]
|-sethp|p2a: Weezing|51/100|[from] move: Pain Split
|-prepare|p1a: Slowking|Chilly Reception|[premajor]
|move|p1a: Slowking|Chilly Reception|p1a: Slowking
|-weather|Snowscape
|
|t:|1758995404
|switch|p1a: Tinkaton|Tinkaton, F, shiny|100/100|[from] Chilly Reception
|-item|p1a: Tinkaton|Air Balloon
|
|-weather|Snowscape|[upkeep]
|upkeep
|turn|4
|
|t:|1758995410
|-end|p2a: Weezing|ability: Neutralizing Gas
|-ability|p1a: Tinkaton|Mold Breaker
|switch|p2a: Iron Crown|Iron Crown|100/100
|move|p1a: Tinkaton|Gigaton Hammer|p2a: Iron Crown
|-resisted|p2a: Iron Crown
|-damage|p2a: Iron Crown|70/100
|
|-weather|Snowscape|[upkeep]
|upkeep
|turn|5
|
|t:|1758995421
|move|p2a: Iron Crown|Tachyon Cutter|p1a: Tinkaton
|-damage|p1a: Tinkaton|64/100
|-enditem|p1a: Tinkaton|Air Balloon
|-damage|p1a: Tinkaton|27/100
|-hitcount|p1a: Tinkaton|2
|move|p1a: Tinkaton|Thunder Wave|p2a: Iron Crown
|-status|p2a: Iron Crown|par
|
|-weather|Snowscape|[upkeep]
|upkeep
|turn|6
|
|t:|1758995430
|switch|p1a: Slowking|Slowking-Galar, F, shiny|43/100
|-sideend|p1: N_Alder|move: Toxic Spikes|[of] p1a: Slowking
|move|p2a: Iron Crown|Tachyon Cutter|p1a: Slowking
|-damage|p1a: Slowking|22/100
|-damage|p1a: Slowking|0 fnt
|faint|p1a: Slowking
|-hitcount|p1: Slowking|2
|
|-weather|Snowscape|[upkeep]
|upkeep
|
|t:|1758995438
|switch|p1a: Dragapult|Dragapult, F, shiny|100/100
|turn|7
|
|t:|1758995444
|move|p1a: Dragapult|U-turn|p2a: Iron Crown
|-damage|p2a: Iron Crown|52/100 par
|
|t:|1758995446
|switch|p1a: Ogerpon|Ogerpon-Wellspring, F|100/100|[from] U-turn
|cant|p2a: Iron Crown|par
|
|-weather|none
|upkeep
|turn|8
|
|t:|1758995452
|move|p1a: Ogerpon|Ivy Cudgel|p2a: Iron Crown|[anim] Ivy Cudgel Water
|-damage|p2a: Iron Crown|0 fnt
|faint|p2a: Iron Crown
|-end|p2a: Iron Crown|Quark Drive|[silent]
|
|upkeep
|
|t:|1758995458
|switch|p2a: Dragapult|Dragapult, F|100/100
|turn|9
|
|t:|1758995463
|move|p1a: Ogerpon|Spiky Shield|p1a: Ogerpon
|-singleturn|p1a: Ogerpon|move: Protect
|move|p2a: Dragapult|Will-O-Wisp|p1a: Ogerpon
|-activate|p1a: Ogerpon|move: Protect
|
|upkeep
|turn|10
|
|t:|1758995471
|switch|p1a: Ting-Lu|Ting-Lu|100/100
|-ability|p1a: Ting-Lu|Vessel of Ruin
|move|p2a: Dragapult|Will-O-Wisp|p1a: Ting-Lu
|-status|p1a: Ting-Lu|brn
|
|-damage|p1a: Ting-Lu|94/100 brn|[from] brn
|upkeep
|turn|11
|
|t:|1758995478
|move|p2a: Dragapult|U-turn|p1a: Ting-Lu
|-supereffective|p1a: Ting-Lu
|-crit|p1a: Ting-Lu
|-damage|p1a: Ting-Lu|70/100 brn
|
|t:|1758995486
|switch|p2a: Zapdos|Zapdos|100/100|[from] U-turn
|move|p1a: Ting-Lu|Ruination|p2a: Zapdos
|-damage|p2a: Zapdos|51/100
|
|-heal|p1a: Ting-Lu|76/100 brn|[from] item: Leftovers
|-damage|p1a: Ting-Lu|70/100 brn|[from] brn
|upkeep
|turn|12
|
|t:|1758995492
|switch|p1a: Dragapult|Dragapult, F, shiny|100/100
|move|p2a: Zapdos|Hurricane|p1a: Dragapult
|-crit|p1a: Dragapult
|-damage|p1a: Dragapult|0 fnt
|faint|p1a: Dragapult
|
|upkeep
|
|t:|1758995498
|switch|p1a: Ogerpon|Ogerpon-Wellspring, F|100/100
|turn|13
|
|t:|1758995503
|switch|p2a: Dragonite|Dragonite, F|100/100
|move|p1a: Ogerpon|Ivy Cudgel|p2a: Dragonite|[anim] Ivy Cudgel Water
|-resisted|p2a: Dragonite
|-crit|p2a: Dragonite
|-damage|p2a: Dragonite|80/100
|
|upkeep
|turn|14
|
|t:|1758995509
|move|p2a: Dragonite|Extreme Speed|p1a: Ogerpon
|-damage|p1a: Ogerpon|56/100
|move|p1a: Ogerpon|U-turn|p2a: Dragonite
|-resisted|p2a: Dragonite
|-damage|p2a: Dragonite|65/100
|
|t:|1758995515
|switch|p1a: Ting-Lu|Ting-Lu|70/100 brn|[from] U-turn
|-ability|p1a: Ting-Lu|Vessel of Ruin
|
|-heal|p1a: Ting-Lu|76/100 brn|[from] item: Leftovers
|-damage|p1a: Ting-Lu|70/100 brn|[from] brn
|upkeep
|turn|15
|
|t:|1758995522
|move|p2a: Dragonite|Roost|p2a: Dragonite
|-heal|p2a: Dragonite|100/100
|-singleturn|p2a: Dragonite|move: Roost
|move|p1a: Ting-Lu|Whirlwind|p2a: Dragonite
|drag|p2a: Zapdos|Zapdos|51/100
|
|-heal|p1a: Ting-Lu|76/100 brn|[from] item: Leftovers
|-damage|p1a: Ting-Lu|70/100 brn|[from] brn
|upkeep
|turn|16
|
|t:|1758995528
|move|p2a: Zapdos|Hurricane|p1a: Ting-Lu
|-damage|p1a: Ting-Lu|39/100 brn
|-start|p1a: Ting-Lu|confusion
|-activate|p1a: Ting-Lu|confusion
|move|p1a: Ting-Lu|Stealth Rock|p2a: Zapdos
|-sidestart|p2: Shibuya Arc|move: Stealth Rock
|
|-heal|p1a: Ting-Lu|45/100 brn|[from] item: Leftovers
|-damage|p1a: Ting-Lu|39/100 brn|[from] brn
|upkeep
|turn|17
|
|t:|1758995547
|move|p2a: Zapdos|Roost|p2a: Zapdos
|-heal|p2a: Zapdos|100/100
|-singleturn|p2a: Zapdos|move: Roost
|-activate|p1a: Ting-Lu|confusion
|move|p1a: Ting-Lu|Ruination|p2a: Zapdos
|-damage|p2a: Zapdos|51/100
|
|-heal|p1a: Ting-Lu|45/100 brn|[from] item: Leftovers
|-damage|p1a: Ting-Lu|39/100 brn|[from] brn
|upkeep
|turn|18
|
|t:|1758995556
|switch|p1a: Tinkaton|Tinkaton, F, shiny|27/100
|-ability|p1a: Tinkaton|Mold Breaker
|move|p2a: Zapdos|Roost|p2a: Zapdos
|-heal|p2a: Zapdos|100/100
|-singleturn|p2a: Zapdos|move: Roost
|
|upkeep
|turn|19
|
|t:|1758995564
|move|p2a: Zapdos|Hurricane|p1a: Tinkaton
|-resisted|p1a: Tinkaton
|-damage|p1a: Tinkaton|0 fnt
|faint|p1a: Tinkaton
|
|upkeep
|-message|N_Alder forfeited.
|
|win|Shibuya Arc
|raw|N_Alder's rating: 1605 &rarr; <strong>1592</strong><br />(-13 for losing)
|raw|Shibuya Arc's rating: 1726 &rarr; <strong>1739</strong><br />(+13 for winning)
|l|☆N_Alder
|player|p1|
|l|☆Shibuya Arc
|player|p2|
|l| picocrazy
