|j|☆liriove
|j|☆Gruff Scrimms
|t:|1758949859
|gametype|singles
|player|p1|liriove|1|1308
|player|p2|Gruff Scrimms|bugcatcher-gen4dp|1254
|gen|9
|tier|[Gen 9] OU
|rated|
|rule|HP Percentage Mod: HP is shown in percentages
|rule|Endless Battle Clause: Forcing endless battles is banned
|rule|Species Clause: Limit one of each Pokémon
|rule|OHKO Clause: OHKO moves are banned
|rule|Evasion Items Clause: Evasion items are banned
|rule|Evasion Moves Clause: Evasion moves are banned
|rule|Evasion Abilities Clause: Evasion abilities are banned
|rule|Sleep Moves Clause: Sleep-inducing moves are banned
|clearpoke
|poke|p1|Iron Crown|
|poke|p1|Samurott-Hisui, M|
|poke|p1|Zapdos|
|poke|p1|Dragapult, F|
|poke|p1|Great Tusk|
|poke|p1|Iron Boulder|
|poke|p2|Weezing-Galar, M|
|poke|p2|Carbink, L1|
|poke|p2|Glimmora, F|
|poke|p2|Tyranitar, M|
|poke|p2|Rillaboom, F|
|poke|p2|Gliscor, F|
|teampreview
|inactive|Battle timer is ON: inactive players will automatically lose when time's up. (requested by liriove)
|
|t:|1758949878
|teamsize|p1|6
|teamsize|p2|6
|start
|switch|p1a: Pump It|Great Tusk|100/100
|switch|p2a: Carbink|Carbink, L1, shiny|100/100
|turn|1
|
|t:|1758949885
|move|p1a: Pump It|Stealth Rock|p2a: Carbink
|-sidestart|p2: Gruff Scrimms|move: Stealth Rock
|move|p2a: Carbink|Endeavor|p1a: Pump It
|-damage|p1a: Pump It|4/100
|
|upkeep
|turn|2
|
|t:|1758949902
|switch|p2a: Gliscor|Gliscor, F|100/100
|-damage|p2a: Gliscor|88/100|[from] Stealth Rock
|move|p1a: Pump It|Rapid Spin|p2a: Gliscor
|-damage|p2a: Gliscor|76/100
|-boost|p1a: Pump It|spe|1
|
|-status|p2a: Gliscor|tox|[from] item: Toxic Orb
|upkeep
|turn|3
|
|t:|1758949913
|move|p1a: Pump It|Ice Spinner|p2a: Gliscor
|-supereffective|p2a: Gliscor
|-damage|p2a: Gliscor|0 fnt
|faint|p2a: Gliscor
|
|upkeep
|
|t:|1758949916
|switch|p2a: Rillaboom|Rillaboom, F|100/100
|-damage|p2a: Rillaboom|88/100|[from] Stealth Rock
|-fieldstart|move: Grassy Terrain|[from] ability: Grassy Surge|[of] p2a: Rillaboom
|turn|4
|
|t:|1758949919
|-end|p1a: Pump It|Protosynthesis|[silent]
|switch|p1a: Hurikan|Zapdos|100/100
|move|p2a: Rillaboom|Grassy Glide|p1a: Hurikan
|-resisted|p1a: Hurikan
|-damage|p1a: Hurikan|82/100
|-status|p2a: Rillaboom|par|[from] ability: Static|[of] p1a: Hurikan
|
|-heal|p2a: Rillaboom|94/100 par|[from] Grassy Terrain
|upkeep
|turn|5
|
|t:|1758949925
|switch|p2a: Tyranitar|Tyranitar, M|100/100
|-damage|p2a: Tyranitar|88/100|[from] Stealth Rock
|-weather|Sandstorm|[from] ability: Sand Stream|[of] p2a: Tyranitar
|move|p1a: Hurikan|U-turn|p2a: Tyranitar
|-supereffective|p2a: Tyranitar
|-damage|p2a: Tyranitar|67/100
|
|t:|1758949934
|switch|p1a: Everytime We Touch|Samurott-Hisui, M|100/100|[from] U-turn
|
|-weather|Sandstorm|[upkeep]
|-damage|p1a: Everytime We Touch|94/100|[from] Sandstorm
|-heal|p1a: Everytime We Touch|100/100|[from] Grassy Terrain
|-heal|p2a: Tyranitar|74/100|[from] Grassy Terrain
|upkeep
|turn|6
|
|t:|1758949950
|switch|p2a: Rillaboom|Rillaboom, F|94/100 par
|-damage|p2a: Rillaboom|82/100 par|[from] Stealth Rock
|move|p1a: Everytime We Touch|Sacred Sword|p2a: Rillaboom
|-damage|p2a: Rillaboom|35/100 par
|
|-weather|Sandstorm|[upkeep]
|-damage|p1a: Everytime We Touch|94/100|[from] Sandstorm
|-damage|p2a: Rillaboom|29/100 par|[from] Sandstorm
|-heal|p1a: Everytime We Touch|100/100|[from] Grassy Terrain
|-heal|p2a: Rillaboom|35/100 par|[from] Grassy Terrain
|upkeep
|turn|7
|
|t:|1758949962
|switch|p1a: Pump It|Great Tusk|4/100
|move|p2a: Rillaboom|Grassy Glide|p1a: Pump It
|-supereffective|p1a: Pump It
|-damage|p1a: Pump It|0 fnt
|faint|p1a: Pump It
|-end|p1a: Pump It|Protosynthesis|[silent]
|
|-weather|Sandstorm|[upkeep]
|-damage|p2a: Rillaboom|29/100 par|[from] Sandstorm
|-heal|p2a: Rillaboom|35/100 par|[from] Grassy Terrain
|upkeep
|
|t:|1758949966
|switch|p1a: Hurikan|Zapdos|82/100
|turn|8
|
|t:|1758949971
|switch|p2a: Tyranitar|Tyranitar, M|74/100
|-damage|p2a: Tyranitar|61/100|[from] Stealth Rock
|move|p1a: Hurikan|U-turn|p2a: Tyranitar
|-supereffective|p2a: Tyranitar
|-damage|p2a: Tyranitar|41/100
|
|t:|1758949973
|switch|p1a: Everytime We Touch|Samurott-Hisui, M|100/100|[from] U-turn
|
|-weather|Sandstorm|[upkeep]
|-damage|p1a: Everytime We Touch|94/100|[from] Sandstorm
|-heal|p1a: Everytime We Touch|100/100|[from] Grassy Terrain
|-heal|p2a: Tyranitar|48/100|[from] Grassy Terrain
|-fieldend|move: Grassy Terrain
|upkeep
|turn|9
|
|t:|1758949992
|switch|p2a: Glimmora|Glimmora, F|100/100
|-damage|p2a: Glimmora|88/100|[from] Stealth Rock
|move|p1a: Everytime We Touch|Razor Shell|p2a: Glimmora
|-supereffective|p2a: Glimmora
|-damage|p2a: Glimmora|0 fnt
|-activate|p2a: Glimmora|ability: Toxic Debris
|-sidestart|p1: liriove|move: Toxic Spikes
|faint|p2a: Glimmora
|
|-weather|none
|upkeep
|
|t:|1758950000
|switch|p2a: Rillaboom|Rillaboom, F|35/100 par
|-damage|p2a: Rillaboom|23/100 par|[from] Stealth Rock
|-fieldstart|move: Grassy Terrain|[from] ability: Grassy Surge|[of] p2a: Rillaboom
|turn|10
|
|t:|1758950004
|switch|p1a: Hurikan|Zapdos|82/100
|cant|p2a: Rillaboom|par
|
|-heal|p2a: Rillaboom|29/100 par|[from] Grassy Terrain
|upkeep
|turn|11
|
|t:|1758950010
|switch|p2a: Tyranitar|Tyranitar, M|48/100
|-damage|p2a: Tyranitar|35/100|[from] Stealth Rock
|-weather|Sandstorm|[from] ability: Sand Stream|[of] p2a: Tyranitar
|move|p1a: Hurikan|U-turn|p2a: Tyranitar
|-supereffective|p2a: Tyranitar
|-damage|p2a: Tyranitar|13/100
|
|t:|1758950016
|switch|p1a: Mindreader|Iron Crown|100/100|[from] U-turn
|
|-weather|Sandstorm|[upkeep]
|-heal|p2a: Tyranitar|19/100|[from] Grassy Terrain
|upkeep
|turn|12
|
|t:|1758950022
|move|p1a: Mindreader|Tachyon Cutter|p2a: Tyranitar
|-supereffective|p2a: Tyranitar
|-damage|p2a: Tyranitar|0 fnt
|faint|p2a: Tyranitar
|-hitcount|p2: Tyranitar|1
|
|-weather|Sandstorm|[upkeep]
|upkeep
|-message|Gruff Scrimms forfeited.
|
|win|liriove
|raw|liriove's rating: 1308 &rarr; <strong>1325</strong><br />(+17 for winning)
|raw|Gruff Scrimms's rating: 1254 &rarr; <strong>1233</strong><br />(-21 for losing)
|l|☆Gruff Scrimms
|player|p2|
|l|☆liriove
|player|p1|
