|j|☆Carpio0315
|j|☆20PaHeMo02
|inactive|Battle timer is ON: inactive players will automatically lose when time's up.
|t:|1759072061
|gametype|singles
|player|p1|Carpio0315|elesa|
|player|p2|20PaHeMo02|dancer|
|gen|9
|tier|[Gen 9] OU
|rated|Tournament battle
|rule|HP Percentage Mod: HP is shown in percentages
|rule|Endless Battle Clause: Forcing endless battles is banned
|rule|Species Clause: Limit one of each Pokémon
|rule|OHKO Clause: OHKO moves are banned
|rule|Evasion Items Clause: Evasion items are banned
|rule|Evasion Moves Clause: Evasion moves are banned
|rule|Evasion Abilities Clause: Evasion abilities are banned
|rule|Sleep Moves Clause: Sleep-inducing moves are banned
|raw|<div class="infobox"><details class="readmore" open><summary><strong>1 custom rule:</strong></summary> -wobbuffet</details></div>
|clearpoke
|poke|p1|Spidops, F|
|poke|p1|Grafaiai, M|
|poke|p1|Malamar, F|
|poke|p2|Gogoat, M|
|poke|p2|Mudsdale, M|
|poke|p2|Conkeldurr, M|
|teampreview
|j|*Lady Monita ☀
|
|t:|1759072074
|teamsize|p1|3
|teamsize|p2|3
|start
|switch|p1a: Spidops|Spidops, F|100/100
|switch|p2a: Mudsdale|Mudsdale, M|100/100
|turn|1
|
|t:|1759072085
|move|p1a: Spidops|Sticky Web|p2a: Mudsdale
|-sidestart|p2: 20PaHeMo02|move: Sticky Web
|move|p2a: Mudsdale|Earthquake|p1a: Spidops
|-resisted|p1a: Spidops
|-damage|p1a: Spidops|71/100
|
|-heal|p1a: Spidops|77/100|[from] item: Leftovers
|upkeep
|turn|2
|
|t:|1759072091
|move|p2a: Mudsdale|Earthquake|p1a: Spidops
|-resisted|p1a: Spidops
|-damage|p1a: Spidops|49/100
|move|p1a: Spidops|Knock Off|p2a: Mudsdale
|-damage|p2a: Mudsdale|85/100
|-ability|p2a: Mudsdale|Stamina|boost
|-boost|p2a: Mudsdale|def|1
|-enditem|p2a: Mudsdale|Assault Vest|[from] move: Knock Off|[of] p1a: Spidops
|
|-heal|p1a: Spidops|55/100|[from] item: Leftovers
|upkeep
|turn|3
|
|t:|1759072102
|move|p2a: Mudsdale|Earthquake|p1a: Spidops
|-resisted|p1a: Spidops
|-damage|p1a: Spidops|29/100
|move|p1a: Spidops|Memento|p2a: Mudsdale
|-unboost|p2a: Mudsdale|atk|2
|-unboost|p2a: Mudsdale|spa|2
|faint|p1a: Spidops
|
|upkeep
|
|t:|1759072104
|switch|p1a: Malamar|Malamar, F|100/100
|turn|4
|
|t:|1759072111
|move|p1a: Malamar|Superpower|p2a: Mudsdale
|-damage|p2a: Mudsdale|69/100
|-boost|p1a: Malamar|atk|1
|-boost|p1a: Malamar|def|1
|-ability|p2a: Mudsdale|Stamina|boost
|-boost|p2a: Mudsdale|def|1
|move|p2a: Mudsdale|Body Press|p1a: Malamar
|-damage|p1a: Malamar|74/100
|
|-heal|p1a: Malamar|81/100|[from] item: Leftovers
|upkeep
|turn|5
|
|t:|1759072120
|move|p1a: Malamar|Superpower|p2a: Mudsdale
|-damage|p2a: Mudsdale|52/100
|-boost|p1a: Malamar|atk|1
|-boost|p1a: Malamar|def|1
|-ability|p2a: Mudsdale|Stamina|boost
|-boost|p2a: Mudsdale|def|1
|move|p2a: Mudsdale|Body Press|p1a: Malamar
|-damage|p1a: Malamar|53/100
|
|-heal|p1a: Malamar|59/100|[from] item: Leftovers
|upkeep
|turn|6
|
|t:|1759072128
|move|p1a: Malamar|Superpower|p2a: Mudsdale
|-damage|p2a: Mudsdale|33/100
|-boost|p1a: Malamar|atk|1
|-boost|p1a: Malamar|def|1
|-ability|p2a: Mudsdale|Stamina|boost
|-boost|p2a: Mudsdale|def|1
|move|p2a: Mudsdale|Body Press|p1a: Malamar
|-damage|p1a: Malamar|34/100
|
|-heal|p1a: Malamar|40/100|[from] item: Leftovers
|upkeep
|turn|7
|j| Albrtix
|
|t:|1759072138
|move|p1a: Malamar|Superpower|p2a: Mudsdale
|-damage|p2a: Mudsdale|13/100
|-boost|p1a: Malamar|atk|1
|-boost|p1a: Malamar|def|1
|-ability|p2a: Mudsdale|Stamina|boost
|-boost|p2a: Mudsdale|def|1
|move|p2a: Mudsdale|Rest|p2a: Mudsdale
|-status|p2a: Mudsdale|slp|[from] move: Rest
|-heal|p2a: Mudsdale|100/100 slp|[silent]
|
|-heal|p1a: Malamar|46/100|[from] item: Leftovers
|upkeep
|turn|8
|
|t:|1759072149
|move|p1a: Malamar|Superpower|p2a: Mudsdale
|-damage|p2a: Mudsdale|82/100 slp
|-boost|p1a: Malamar|atk|1
|-boost|p1a: Malamar|def|1
|-ability|p2a: Mudsdale|Stamina|boost
|-boost|p2a: Mudsdale|def|1
|cant|p2a: Mudsdale|slp
|move|p2a: Mudsdale|Sleep Talk|p2a: Mudsdale
|move|p2a: Mudsdale|Earthquake|p1a: Malamar|[from] move: Sleep Talk
|-damage|p1a: Malamar|38/100
|
|-heal|p1a: Malamar|44/100|[from] item: Leftovers
|upkeep
|turn|9
|
|t:|1759072161
|move|p1a: Malamar|Superpower|p2a: Mudsdale
|-damage|p2a: Mudsdale|64/100 slp
|-boost|p1a: Malamar|atk|1
|-boost|p1a: Malamar|def|1
|cant|p2a: Mudsdale|slp
|move|p2a: Mudsdale|Sleep Talk|p2a: Mudsdale
|move|p2a: Mudsdale|Body Press|p1a: Malamar|[from] move: Sleep Talk
|-damage|p1a: Malamar|23/100
|
|-heal|p1a: Malamar|29/100|[from] item: Leftovers
|upkeep
|turn|10
|
|t:|1759072173
|move|p1a: Malamar|Superpower|p2a: Mudsdale
|-damage|p2a: Mudsdale|42/100 slp
|-curestatus|p2a: Mudsdale|slp|[msg]
|move|p2a: Mudsdale|Body Press|p1a: Malamar
|-damage|p1a: Malamar|7/100
|
|-heal|p1a: Malamar|14/100|[from] item: Leftovers
|upkeep
|turn|11
|
|t:|1759072181
|move|p1a: Malamar|Rest|p1a: Malamar
|-status|p1a: Malamar|slp|[from] move: Rest
|-heal|p1a: Malamar|100/100 slp|[silent]
|move|p2a: Mudsdale|Body Press|p1a: Malamar
|-damage|p1a: Malamar|80/100 slp
|
|-heal|p1a: Malamar|86/100 slp|[from] item: Leftovers
|upkeep
|turn|12
|
|t:|1759072191
|cant|p1a: Malamar|slp
|move|p1a: Malamar|Sleep Talk|p1a: Malamar
|move|p1a: Malamar|Superpower|p2a: Mudsdale|[from] move: Sleep Talk
|-damage|p2a: Mudsdale|21/100
|move|p2a: Mudsdale|Rest|p2a: Mudsdale
|-status|p2a: Mudsdale|slp|[from] move: Rest
|-heal|p2a: Mudsdale|100/100 slp|[silent]
|
|-heal|p1a: Malamar|92/100 slp|[from] item: Leftovers
|upkeep
|turn|13
|
|t:|1759072200
|cant|p1a: Malamar|slp
|move|p1a: Malamar|Sleep Talk|p1a: Malamar
|move|p1a: Malamar|Knock Off|p2a: Mudsdale|[from] move: Sleep Talk
|-damage|p2a: Mudsdale|82/100 slp
|cant|p2a: Mudsdale|slp
|move|p2a: Mudsdale|Sleep Talk|p2a: Mudsdale
|move|p2a: Mudsdale|Earthquake|p1a: Malamar|[from] move: Sleep Talk
|-damage|p1a: Malamar|85/100 slp
|
|-heal|p1a: Malamar|91/100 slp|[from] item: Leftovers
|upkeep
|turn|14
|
|t:|1759072210
|-curestatus|p1a: Malamar|slp|[msg]
|move|p1a: Malamar|Superpower|p2a: Mudsdale
|-damage|p2a: Mudsdale|60/100 slp
|cant|p2a: Mudsdale|slp
|move|p2a: Mudsdale|Sleep Talk|p2a: Mudsdale
|move|p2a: Mudsdale|Rest||[from] move: Sleep Talk|[still]
|-fail|p2a: Mudsdale
|
|-heal|p1a: Malamar|97/100|[from] item: Leftovers
|upkeep
|turn|15
|
|t:|1759072228
|move|p1a: Malamar|Knock Off|p2a: Mudsdale
|-damage|p2a: Mudsdale|42/100 slp
|-curestatus|p2a: Mudsdale|slp|[msg]
|move|p2a: Mudsdale|Earthquake|p1a: Malamar
|-damage|p1a: Malamar|90/100
|
|-heal|p1a: Malamar|96/100|[from] item: Leftovers
|upkeep
|turn|16
|
|t:|1759072238
|move|p1a: Malamar|Knock Off|p2a: Mudsdale
|-damage|p2a: Mudsdale|23/100
|move|p2a: Mudsdale|Rest|p2a: Mudsdale
|-status|p2a: Mudsdale|slp|[from] move: Rest
|-heal|p2a: Mudsdale|100/100 slp|[silent]
|
|-heal|p1a: Malamar|100/100|[from] item: Leftovers
|upkeep
|turn|17
|
|t:|1759072245
|move|p1a: Malamar|Knock Off|p2a: Mudsdale
|-damage|p2a: Mudsdale|81/100 slp
|cant|p2a: Mudsdale|slp
|move|p2a: Mudsdale|Sleep Talk|p2a: Mudsdale
|move|p2a: Mudsdale|Rest||[from] move: Sleep Talk|[still]
|-fail|p2a: Mudsdale
|
|upkeep
|turn|18
|
|t:|1759072253
|move|p1a: Malamar|Knock Off|p2a: Mudsdale
|-damage|p2a: Mudsdale|63/100 slp
|cant|p2a: Mudsdale|slp
|move|p2a: Mudsdale|Sleep Talk|p2a: Mudsdale
|move|p2a: Mudsdale|Rest||[from] move: Sleep Talk|[still]
|-fail|p2a: Mudsdale
|
|upkeep
|turn|19
|
|t:|1759072260
|move|p1a: Malamar|Knock Off|p2a: Mudsdale
|-crit|p2a: Mudsdale
|-damage|p2a: Mudsdale|0 fnt
|faint|p2a: Mudsdale
|
|upkeep
|c|☆Carpio0315|gg
|
|t:|1759072274
|switch|p2a: Gogoat|Gogoat, M|100/100
|-activate|p2a: Gogoat|move: Sticky Web
|-unboost|p2a: Gogoat|spe|1
|turn|20
|
|t:|1759072282
|-terastallize|p2a: Gogoat|Fairy
|move|p1a: Malamar|Knock Off|p2a: Gogoat
|-resisted|p2a: Gogoat
|-damage|p2a: Gogoat|16/100
|-enditem|p2a: Gogoat|Leftovers|[from] move: Knock Off|[of] p1a: Malamar
|move|p2a: Gogoat|Play Rough|p1a: Malamar
|-supereffective|p1a: Malamar
|-damage|p1a: Malamar|80/100
|
|-heal|p1a: Malamar|86/100|[from] item: Leftovers
|upkeep
|turn|21
|-message|20PaHeMo02 forfeited.
|
|win|Carpio0315
|n|☆Carpio0315|carpio0315
|n|☆20PaHeMo02|20pahemo02
|n|*Lady Monita ☀|ladymonita
|n| Albrtix|albrtix
|l|*Lady Monita ☀
|l|☆20PaHeMo02
|player|p2|
|l|☆Carpio0315
|player|p1|
|l| Albrtix
|j| Albrtix
