|j|☆Bee103
|j|☆yiling10111
|t:|1758931287
|gametype|singles
|player|p1|Bee103|doctor|1209
|player|p2|yiling10111|cynthia-gen4|1167
|gen|9
|tier|[Gen 9] OU
|rated|
|rule|HP Percentage Mod: HP is shown in percentages
|rule|Endless Battle Clause: Forcing endless battles is banned
|rule|Species Clause: Limit one of each Pokémon
|rule|OHKO Clause: OHKO moves are banned
|rule|Evasion Items Clause: Evasion items are banned
|rule|Evasion Moves Clause: Evasion moves are banned
|rule|Evasion Abilities Clause: Evasion abilities are banned
|rule|Sleep Moves Clause: Sleep-inducing moves are banned
|clearpoke
|poke|p1|Bayleef, F|
|poke|p1|Arcanine, M|
|poke|p1|Torkoal, F|
|poke|p1|Weezing-Galar, M|
|poke|p1|Great Tusk|
|poke|p1|Raging Bolt|
|poke|p2|Dragapult, M|
|poke|p2|Garganacl, M|
|poke|p2|Samurott-Hisui, M|
|poke|p2|Gholdengo|
|poke|p2|Moltres|
|poke|p2|Great Tusk|
|teampreview
|
|t:|1758931296
|teamsize|p1|6
|teamsize|p2|6
|start
|switch|p1a: Torkoal|Torkoal, F|100/100
|switch|p2a: Samurott|Samurott-Hisui, M|100/100
|-weather|SunnyDay|[from] ability: Drought|[of] p1a: Torkoal
|turn|1
|
|t:|1758931304
|move|p2a: Samurott|Ceaseless Edge|p1a: Torkoal
|-damage|p1a: Torkoal|73/100
|-sidestart|p1: Bee103|Spikes
|move|p1a: Torkoal|Stealth Rock|p2a: Samurott
|-sidestart|p2: yiling10111|move: Stealth Rock
|
|-weather|SunnyDay|[upkeep]
|upkeep
|turn|2
|
|t:|1758931323
|switch|p1a: Great Tusk|Great Tusk|100/100
|-damage|p1a: Great Tusk|88/100|[from] Spikes
|-activate|p1a: Great Tusk|ability: Protosynthesis
|-start|p1a: Great Tusk|protosynthesisatk
|move|p2a: Samurott|Ceaseless Edge|p1a: Great Tusk
|-resisted|p1a: Great Tusk
|-damage|p1a: Great Tusk|72/100
|-sidestart|p1: Bee103|Spikes
|
|-weather|SunnyDay|[upkeep]
|upkeep
|turn|3
|
|t:|1758931348
|switch|p2a: Great Tusk|Great Tusk|100/100
|-activate|p2a: Great Tusk|ability: Protosynthesis
|-start|p2a: Great Tusk|protosynthesisdef
|-terastallize|p1a: Great Tusk|Ground
|move|p1a: Great Tusk|Close Combat|p2a: Great Tusk
|-crit|p2a: Great Tusk
|-damage|p2a: Great Tusk|41/100
|-unboost|p1a: Great Tusk|def|1
|-unboost|p1a: Great Tusk|spd|1
|
|-weather|SunnyDay|[upkeep]
|upkeep
|turn|4
|
|t:|1758931371
|-terastallize|p2a: Great Tusk|Water
|move|p1a: Great Tusk|Rapid Spin|p2a: Great Tusk
|-damage|p2a: Great Tusk|30/100
|-boost|p1a: Great Tusk|spe|1
|-sideend|p1: Bee103|Spikes|[from] move: Rapid Spin|[of] p1a: Great Tusk
|move|p2a: Great Tusk|Ice Spinner|p1a: Great Tusk
|-supereffective|p1a: Great Tusk
|-damage|p1a: Great Tusk|20/100
|
|-weather|SunnyDay|[upkeep]
|upkeep
|turn|5
|
|t:|1758931382
|move|p1a: Great Tusk|Close Combat|p2a: Great Tusk
|-damage|p2a: Great Tusk|0 fnt
|-unboost|p1a: Great Tusk|def|1
|-unboost|p1a: Great Tusk|spd|1
|faint|p2a: Great Tusk
|-end|p2a: Great Tusk|Protosynthesis|[silent]
|
|-weather|SunnyDay|[upkeep]
|upkeep
|
|t:|1758931400
|switch|p2a: Dragapult|Dragapult, M, shiny|100/100
|-damage|p2a: Dragapult|88/100|[from] Stealth Rock
|turn|6
|
|t:|1758931405
|-end|p1a: Great Tusk|Protosynthesis|[silent]
|switch|p1a: Weezing|Weezing-Galar, M|100/100
|move|p2a: Dragapult|Sucker Punch||[still]
|-fail|p2a: Dragapult
|
|-weather|SunnyDay|[upkeep]
|upkeep
|turn|7
|
|t:|1758931424
|switch|p2a: Samurott|Samurott-Hisui, M|100/100
|move|p1a: Weezing|Flamethrower|p2a: Samurott
|-resisted|p2a: Samurott
|-damage|p2a: Samurott|66/100
|-damage|p1a: Weezing|91/100|[from] item: Life Orb
|
|-weather|SunnyDay|[upkeep]
|upkeep
|turn|8
|
|t:|1758931435
|move|p2a: Samurott|Ceaseless Edge|p1a: Weezing
|-resisted|p1a: Weezing
|-damage|p1a: Weezing|70/100
|-sidestart|p1: Bee103|Spikes
|move|p1a: Weezing|Strange Steam|p2a: Samurott
|-supereffective|p2a: Samurott
|-damage|p2a: Samurott|0 fnt
|faint|p2a: Samurott
|-damage|p1a: Weezing|60/100|[from] item: Life Orb
|
|-weather|none
|upkeep
|
|t:|1758931447
|switch|p2a: Dragapult|Dragapult, M, shiny|88/100
|-damage|p2a: Dragapult|76/100|[from] Stealth Rock
|turn|9
|
|t:|1758931451
|move|p2a: Dragapult|Sucker Punch|p1a: Weezing
|-resisted|p1a: Weezing
|-damage|p1a: Weezing|49/100
|move|p1a: Weezing|Strange Steam|p2a: Dragapult
|-supereffective|p2a: Dragapult
|-damage|p2a: Dragapult|0 fnt
|faint|p2a: Dragapult
|-damage|p1a: Weezing|39/100|[from] item: Life Orb
|
|upkeep
|
|t:|1758931461
|switch|p2a: 盐王爷|Garganacl, M|100/100
|-damage|p2a: 盐王爷|88/100|[from] Stealth Rock
|turn|10
|
|t:|1758931468
|move|p1a: Weezing|Toxic|p2a: 盐王爷
|-immune|p2a: 盐王爷|[from] ability: Purifying Salt
|move|p2a: 盐王爷|Salt Cure|p1a: Weezing
|-damage|p1a: Weezing|27/100
|-start|p1a: Weezing|Salt Cure
|
|-heal|p2a: 盐王爷|94/100|[from] item: Leftovers
|-damage|p1a: Weezing|15/100|[from] Salt Cure
|upkeep
|turn|11
|
|t:|1758931479
|move|p1a: Weezing|Strange Steam|p2a: 盐王爷
|-damage|p2a: 盐王爷|60/100
|-damage|p1a: Weezing|5/100|[from] item: Life Orb
|move|p2a: 盐王爷|Salt Cure|p1a: Weezing
|-damage|p1a: Weezing|0 fnt
|faint|p1a: Weezing
|
|-heal|p2a: 盐王爷|66/100|[from] item: Leftovers
|upkeep
|
|t:|1758931491
|switch|p1a: Great Tusk|Great Tusk, tera:Ground|20/100
|-damage|p1a: Great Tusk|7/100|[from] Spikes
|turn|12
|
|t:|1758931500
|move|p2a: 盐王爷|Protect|p2a: 盐王爷
|-singleturn|p2a: 盐王爷|Protect
|move|p1a: Great Tusk|Earthquake|p2a: 盐王爷
|-activate|p2a: 盐王爷|move: Protect
|
|-heal|p2a: 盐王爷|73/100|[from] item: Leftovers
|upkeep
|turn|13
|
|t:|1758931510
|move|p1a: Great Tusk|Rapid Spin|p2a: 盐王爷
|-resisted|p2a: 盐王爷
|-damage|p2a: 盐王爷|66/100
|-boost|p1a: Great Tusk|spe|1
|-sideend|p1: Bee103|Spikes|[from] move: Rapid Spin|[of] p1a: Great Tusk
|move|p2a: 盐王爷|Salt Cure|p1a: Great Tusk
|-resisted|p1a: Great Tusk
|-damage|p1a: Great Tusk|2/100
|-start|p1a: Great Tusk|Salt Cure
|
|-heal|p2a: 盐王爷|72/100|[from] item: Leftovers
|-damage|p1a: Great Tusk|0 fnt|[from] Salt Cure
|faint|p1a: Great Tusk
|-end|p1a: Great Tusk|Protosynthesis|[silent]
|upkeep
|
|t:|1758931523
|switch|p1a: Arcanine|Arcanine, M|100/100
|turn|14
|
|t:|1758931531
|move|p1a: Arcanine|Close Combat|p2a: 盐王爷
|-supereffective|p2a: 盐王爷
|-damage|p2a: 盐王爷|20/100
|-unboost|p1a: Arcanine|def|1
|-unboost|p1a: Arcanine|spd|1
|move|p2a: 盐王爷|Recover|p2a: 盐王爷
|-heal|p2a: 盐王爷|70/100
|
|-heal|p2a: 盐王爷|76/100|[from] item: Leftovers
|upkeep
|turn|15
|
|t:|1758931543
|switch|p1a: Torkoal|Torkoal, F|73/100
|-weather|SunnyDay|[from] ability: Drought|[of] p1a: Torkoal
|move|p2a: 盐王爷|Protect||[still]
|-fail|p2a: 盐王爷
|
|-weather|SunnyDay|[upkeep]
|-heal|p2a: 盐王爷|82/100|[from] item: Leftovers
|upkeep
|turn|16
|
|t:|1758931547
|move|p2a: 盐王爷|Salt Cure|p1a: Torkoal
|-supereffective|p1a: Torkoal
|-damage|p1a: Torkoal|56/100
|-start|p1a: Torkoal|Salt Cure
|move|p1a: Torkoal|Lava Plume|p2a: 盐王爷
|-resisted|p2a: 盐王爷
|-damage|p2a: 盐王爷|70/100
|
|-weather|SunnyDay|[upkeep]
|-heal|p2a: 盐王爷|76/100|[from] item: Leftovers
|-damage|p1a: Torkoal|44/100|[from] Salt Cure
|upkeep
|turn|17
|
|t:|1758931558
|switch|p1a: Bayleef|Bayleef, F|100/100
|move|p2a: 盐王爷|Stealth Rock|p1a: Bayleef
|-sidestart|p1: Bee103|move: Stealth Rock
|
|-weather|SunnyDay|[upkeep]
|-heal|p2a: 盐王爷|83/100|[from] item: Leftovers
|upkeep
|turn|18
|
|t:|1758931567
|move|p1a: Bayleef|Leech Seed|p2a: 盐王爷
|-start|p2a: 盐王爷|move: Leech Seed
|move|p2a: 盐王爷|Salt Cure|p1a: Bayleef
|-damage|p1a: Bayleef|88/100
|-start|p1a: Bayleef|Salt Cure
|
|-weather|SunnyDay|[upkeep]
|-heal|p2a: 盐王爷|89/100|[from] item: Leftovers
|-damage|p2a: 盐王爷|76/100|[from] Leech Seed|[of] p1a: Bayleef
|-heal|p1a: Bayleef|100/100|[silent]
|-damage|p1a: Bayleef|88/100|[from] Salt Cure
|upkeep
|turn|19
|
|t:|1758931579
|switch|p2a: Moltres|Moltres|100/100
|move|p1a: Bayleef|Curse|p1a: Bayleef
|-unboost|p1a: Bayleef|spe|1
|-boost|p1a: Bayleef|atk|1
|-boost|p1a: Bayleef|def|1
|
|-weather|SunnyDay|[upkeep]
|-damage|p1a: Bayleef|76/100|[from] Salt Cure
|upkeep
|turn|20
|
|t:|1758931592
|move|p2a: Moltres|Flamethrower|p1a: Bayleef
|-supereffective|p1a: Bayleef
|-damage|p1a: Bayleef|0 fnt
|faint|p1a: Bayleef
|
|-weather|SunnyDay|[upkeep]
|upkeep
|
|t:|1758931595
|switch|p1a: Raging Bolt|Raging Bolt|100/100
|-damage|p1a: Raging Bolt|88/100|[from] Stealth Rock
|-activate|p1a: Raging Bolt|ability: Protosynthesis
|-start|p1a: Raging Bolt|protosynthesisspa
|turn|21
|
|t:|1758931610
|switch|p2a: 盐王爷|Garganacl, M|76/100
|-damage|p2a: 盐王爷|64/100|[from] Stealth Rock
|move|p1a: Raging Bolt|Volt Switch|p2a: 盐王爷
|-damage|p2a: 盐王爷|22/100
|-damage|p1a: Raging Bolt|78/100|[from] item: Life Orb
|
|t:|1758931613
|-end|p1a: Raging Bolt|Protosynthesis|[silent]
|switch|p1a: Arcanine|Arcanine, M|100/100|[from] Volt Switch
|-damage|p1a: Arcanine|76/100|[from] Stealth Rock
|
|-weather|SunnyDay|[upkeep]
|-heal|p1a: Arcanine|82/100|[from] item: Leftovers
|-heal|p2a: 盐王爷|28/100|[from] item: Leftovers
|upkeep
|turn|22
|
|t:|1758931625
|move|p2a: 盐王爷|Protect|p2a: 盐王爷
|-singleturn|p2a: 盐王爷|Protect
|move|p1a: Arcanine|Flare Blitz|p2a: 盐王爷
|-activate|p2a: 盐王爷|move: Protect
|
|-weather|none
|-heal|p1a: Arcanine|88/100|[from] item: Leftovers
|-heal|p2a: 盐王爷|34/100|[from] item: Leftovers
|upkeep
|turn|23
|
|t:|1758931637
|switch|p2a: Moltres|Moltres|100/100
|move|p1a: Arcanine|Close Combat|p2a: Moltres
|-resisted|p2a: Moltres
|-damage|p2a: Moltres|83/100
|-unboost|p1a: Arcanine|def|1
|-unboost|p1a: Arcanine|spd|1
|
|-heal|p1a: Arcanine|94/100|[from] item: Leftovers
|upkeep
|turn|24
|
|t:|1758931649
|move|p1a: Arcanine|Wild Charge|p2a: Moltres
|-supereffective|p2a: Moltres
|-damage|p2a: Moltres|27/100
|-damage|p1a: Arcanine|77/100|[from] Recoil
|move|p2a: Moltres|Hurricane|p1a: Arcanine
|-damage|p1a: Arcanine|0 fnt
|faint|p1a: Arcanine
|
|upkeep
|
|t:|1758931653
|switch|p1a: Raging Bolt|Raging Bolt|78/100
|-damage|p1a: Raging Bolt|66/100|[from] Stealth Rock
|turn|25
|
|t:|1758931671
|switch|p2a: 盐王爷|Garganacl, M|34/100
|-damage|p2a: 盐王爷|22/100|[from] Stealth Rock
|move|p1a: Raging Bolt|Thunderclap||[still]
|-fail|p1a: Raging Bolt
|
|-heal|p2a: 盐王爷|28/100|[from] item: Leftovers
|upkeep
|turn|26
|
|t:|1758931682
|move|p2a: 盐王爷|Protect|p2a: 盐王爷
|-singleturn|p2a: 盐王爷|Protect
|move|p1a: Raging Bolt|Volt Switch|p2a: 盐王爷
|-activate|p2a: 盐王爷|move: Protect
|
|-heal|p2a: 盐王爷|34/100|[from] item: Leftovers
|upkeep
|turn|27
|
|t:|1758931690
|move|p1a: Raging Bolt|Volt Switch|p2a: 盐王爷
|-damage|p2a: 盐王爷|0 fnt
|faint|p2a: 盐王爷
|-damage|p1a: Raging Bolt|56/100|[from] item: Life Orb
|
|t:|1758931692
|-end|p1a: Raging Bolt|Protosynthesis|[silent]
|switch|p1a: Torkoal|Torkoal, F|44/100|[from] Volt Switch
|-damage|p1a: Torkoal|19/100|[from] Stealth Rock
|-weather|SunnyDay|[from] ability: Drought|[of] p1a: Torkoal
|
|-weather|SunnyDay|[upkeep]
|upkeep
|
|t:|1758931703
|switch|p2a: Moltres|Moltres|27/100
|turn|28
|
|t:|1758931706
|move|p2a: Moltres|Roost|p2a: Moltres
|-heal|p2a: Moltres|77/100
|-singleturn|p2a: Moltres|move: Roost
|move|p1a: Torkoal|Rapid Spin|p2a: Moltres
|-damage|p2a: Moltres|67/100
|-boost|p1a: Torkoal|spe|1
|-sideend|p1: Bee103|Stealth Rock|[from] move: Rapid Spin|[of] p1a: Torkoal
|
|-weather|SunnyDay|[upkeep]
|upkeep
|turn|29
|
|t:|1758931716
|move|p2a: Moltres|Roost|p2a: Moltres
|-heal|p2a: Moltres|100/100
|-singleturn|p2a: Moltres|move: Roost
|move|p1a: Torkoal|Clear Smog|p2a: Moltres
|-crit|p2a: Moltres
|-damage|p2a: Moltres|85/100
|-clearboost|p2a: Moltres
|
|-weather|SunnyDay|[upkeep]
|upkeep
|turn|30
|
|t:|1758931727
|move|p2a: Moltres|Flamethrower|p1a: Torkoal
|-resisted|p1a: Torkoal
|-damage|p1a: Torkoal|0 fnt
|faint|p1a: Torkoal
|
|-weather|SunnyDay|[upkeep]
|upkeep
|
|t:|1758931729
|switch|p1a: Raging Bolt|Raging Bolt|56/100
|-activate|p1a: Raging Bolt|ability: Protosynthesis
|-start|p1a: Raging Bolt|protosynthesisspa
|turn|31
|
|t:|1758931737
|move|p1a: Raging Bolt|Thunderclap||[still]
|-fail|p1a: Raging Bolt
|move|p2a: Moltres|Will-O-Wisp|p1a: Raging Bolt
|-status|p1a: Raging Bolt|brn
|
|-weather|SunnyDay|[upkeep]
|-damage|p1a: Raging Bolt|50/100 brn|[from] brn
|upkeep
|turn|32
|
|t:|1758931746
|move|p1a: Raging Bolt|Thunderclap||[still]
|-fail|p1a: Raging Bolt
|move|p2a: Moltres|Roost|p2a: Moltres
|-heal|p2a: Moltres|100/100
|-singleturn|p2a: Moltres|move: Roost
|
|-weather|SunnyDay|[upkeep]
|-damage|p1a: Raging Bolt|44/100 brn|[from] brn
|upkeep
|turn|33
|
|t:|1758931761
|move|p2a: Moltres|Hurricane|p1a: Raging Bolt|[miss]
|-miss|p2a: Moltres|p1a: Raging Bolt
|move|p1a: Raging Bolt|Volt Switch|p2a: Moltres
|-supereffective|p2a: Moltres
|-damage|p2a: Moltres|0 fnt
|faint|p2a: Moltres
|-damage|p1a: Raging Bolt|34/100 brn|[from] item: Life Orb
|
|-weather|SunnyDay|[upkeep]
|-damage|p1a: Raging Bolt|28/100 brn|[from] brn
|upkeep
|c|☆Bee103|ggwp
|
|t:|1758931773
|switch|p2a: Gholdengo|Gholdengo, shiny|100/100
|-damage|p2a: Gholdengo|94/100|[from] Stealth Rock
|-item|p2a: Gholdengo|Air Balloon
|turn|34
|
|t:|1758931781
|move|p2a: Gholdengo|Recover|p2a: Gholdengo
|-heal|p2a: Gholdengo|100/100
|move|p1a: Raging Bolt|Volt Switch|p2a: Gholdengo
|-crit|p2a: Gholdengo
|-damage|p2a: Gholdengo|0 fnt
|-enditem|p2a: Gholdengo|Air Balloon
|faint|p2a: Gholdengo
|-damage|p1a: Raging Bolt|18/100 brn|[from] item: Life Orb
|
|win|Bee103
|raw|Bee103's rating: 1209 &rarr; <strong>1231</strong><br />(+22 for winning)
|raw|yiling10111's rating: 1167 &rarr; <strong>1145</strong><br />(-22 for losing)
|l|☆yiling10111
|player|p2|
|l|☆Bee103
|player|p1|
