|j|☆bdpsaturday
|j|☆Final boss11
|t:|1758992607
|gametype|singles
|player|p1|bdpsaturday|blaine|1229
|player|p2|Final boss11|cynthia-gen4|1202
|gen|9
|tier|[Gen 9] OU
|rated|
|rule|HP Percentage Mod: HP is shown in percentages
|rule|Endless Battle Clause: Forcing endless battles is banned
|rule|Species Clause: Limit one of each Pokémon
|rule|OHKO Clause: OHKO moves are banned
|rule|Evasion Items Clause: Evasion items are banned
|rule|Evasion Moves Clause: Evasion moves are banned
|rule|Evasion Abilities Clause: Evasion abilities are banned
|rule|Sleep Moves Clause: Sleep-inducing moves are banned
|clearpoke
|poke|p1|Gholdengo|
|poke|p1|Iron Treads|
|poke|p1|Moltres|
|poke|p1|Samurott-Hisui, M|
|poke|p1|Sinistcha|
|poke|p1|Ting-Lu|
|poke|p2|Clefable, F|
|poke|p2|Landorus-Therian, M|
|poke|p2|Kyurem|
|poke|p2|Cinderace, M|
|poke|p2|Garganacl, F|
|poke|p2|Ogerpon-Wellspring, F|
|teampreview
|inactive|Battle timer is ON: inactive players will automatically lose when time's up. (requested by Final boss11)
|
|t:|1758992637
|teamsize|p1|6
|teamsize|p2|6
|start
|switch|p1a: Ting-Lu|Ting-Lu|100/100
|switch|p2a: Buu|Clefable, F|100/100
|-ability|p1a: Ting-Lu|Vessel of Ruin
|turn|1
|
|t:|1758992649
|move|p2a: Buu|Knock Off|p1a: Ting-Lu
|-resisted|p1a: Ting-Lu
|-damage|p1a: Ting-Lu|96/100
|-enditem|p1a: Ting-Lu|Leftovers|[from] move: Knock Off|[of] p2a: Buu
|move|p1a: Ting-Lu|Stealth Rock|p2a: Buu
|-sidestart|p2: Final boss11|move: Stealth Rock
|
|upkeep
|turn|2
|
|t:|1758992655
|move|p2a: Buu|Alluring Voice|p1a: Ting-Lu
|-supereffective|p1a: Ting-Lu
|-damage|p1a: Ting-Lu|67/100
|move|p1a: Ting-Lu|Whirlwind|p2a: Buu
|drag|p2a: Vegito|Cinderace, M|100/100
|
|upkeep
|turn|3
|c|☆Final boss11|67
|c|☆Final boss11|Lol
|inactive|bdpsaturday has 120 seconds left.
|inactive|bdpsaturday has 90 seconds left.
|
|t:|1758992736
|move|p2a: Vegito|U-turn|p1a: Ting-Lu
|-start|p2a: Vegito|typechange|Bug|[from] ability: Libero
|-supereffective|p1a: Ting-Lu
|-damage|p1a: Ting-Lu|32/100
|
|t:|1758992746
|switch|p2a: Buu|Clefable, F|100/100|[from] U-turn
|move|p1a: Ting-Lu|Whirlwind|p2a: Buu
|drag|p2a: Great Ape|Garganacl, F|100/100
|-damage|p2a: Great Ape|88/100|[from] Stealth Rock
|
|-heal|p2a: Great Ape|94/100|[from] item: Leftovers
|upkeep
|turn|4
|c|☆Final boss11|?
|
|t:|1758992762
|switch|p2a: Buu|Clefable, F|100/100
|move|p1a: Ting-Lu|Ruination|p2a: Buu
|-damage|p2a: Buu|50/100
|
|upkeep
|turn|5
|
|t:|1758992773
|move|p2a: Buu|Alluring Voice|p1a: Ting-Lu
|-supereffective|p1a: Ting-Lu
|-damage|p1a: Ting-Lu|1/100
|move|p1a: Ting-Lu|Earthquake|p2a: Buu
|-damage|p2a: Buu|8/100
|
|upkeep
|turn|6
|
|t:|1758992779
|move|p2a: Buu|Alluring Voice|p1a: Ting-Lu
|-supereffective|p1a: Ting-Lu
|-crit|p1a: Ting-Lu
|-damage|p1a: Ting-Lu|0 fnt
|faint|p1a: Ting-Lu
|
|upkeep
|inactive|bdpsaturday has 90 seconds left.
|
|t:|1758992787
|switch|p1a: Samurott|Samurott-Hisui, M|100/100
|turn|7
|
|t:|1758992791
|move|p1a: Samurott|Flip Turn|p2a: Buu
|-damage|p2a: Buu|0 fnt
|faint|p2a: Buu
|
|t:|1758992795
|switch|p1a: Moltres|Moltres|100/100|[from] Flip Turn
|
|upkeep
|
|t:|1758992802
|switch|p2a: Great Ape|Garganacl, F|94/100
|-damage|p2a: Great Ape|82/100|[from] Stealth Rock
|turn|8
|inactive|bdpsaturday has 90 seconds left.
|inactive|bdpsaturday has 60 seconds left.
|
|t:|1758992882
|move|p1a: Moltres|Will-O-Wisp|p2a: Great Ape
|-immune|p2a: Great Ape|[from] ability: Purifying Salt
|move|p2a: Great Ape|Salt Cure|p1a: Moltres
|-supereffective|p1a: Moltres
|-damage|p1a: Moltres|60/100
|-start|p1a: Moltres|Salt Cure
|
|-heal|p2a: Great Ape|88/100|[from] item: Leftovers
|-damage|p1a: Moltres|47/100|[from] Salt Cure
|upkeep
|turn|9
|c|☆Final boss11|Lol
|
|t:|1758992895
|move|p1a: Moltres|U-turn|p2a: Great Ape
|-damage|p2a: Great Ape|81/100
|
|t:|1758992911
|switch|p1a: Sinistcha|Sinistcha|100/100|[from] U-turn
|move|p2a: Great Ape|Salt Cure|p1a: Sinistcha
|-damage|p1a: Sinistcha|91/100
|-start|p1a: Sinistcha|Salt Cure
|
|-heal|p2a: Great Ape|87/100|[from] item: Leftovers
|-damage|p1a: Sinistcha|78/100|[from] Salt Cure
|upkeep
|turn|10
|
|t:|1758992926
|switch|p2a: Vegito|Cinderace, M|100/100
|move|p1a: Sinistcha|Strength Sap|p2a: Vegito
|-unboost|p2a: Vegito|atk|1
|-heal|p1a: Sinistcha|100/100
|
|-damage|p1a: Sinistcha|88/100|[from] Salt Cure
|upkeep
|turn|11
|inactive|bdpsaturday has 30 seconds left.
|inactive|bdpsaturday has 20 seconds left.
|inactive|bdpsaturday has 15 seconds left.
|
|t:|1758992974
|switch|p1a: Moltres|Moltres|47/100
|move|p2a: Vegito|Court Change|p2a: Vegito
|-start|p2a: Vegito|typechange|Normal|[from] ability: Libero
|-swapsideconditions
|-activate|p2a: Vegito|move: Court Change
|
|upkeep
|turn|12
|inactive|bdpsaturday has 25 seconds left this turn.
|
|t:|1758992983
|switch|p2a: Orange piccolo|Landorus-Therian, M|100/100
|-ability|p2a: Orange piccolo|Intimidate|boost
|-unboost|p1a: Moltres|atk|1
|move|p1a: Moltres|Roost|p1a: Moltres
|-heal|p1a: Moltres|98/100
|-singleturn|p1a: Moltres|move: Roost
|
|upkeep
|turn|13
|
|t:|1758993000
|switch|p2a: Great Ape|Garganacl, F|87/100
|move|p1a: Moltres|Will-O-Wisp|p2a: Great Ape|[miss]
|-miss|p1a: Moltres|p2a: Great Ape
|
|-heal|p2a: Great Ape|93/100|[from] item: Leftovers
|upkeep
|turn|14
|
|t:|1758993014
|move|p1a: Moltres|U-turn|p2a: Great Ape
|-damage|p2a: Great Ape|88/100
|
|t:|1758993018
|switch|p1a: Samurott|Samurott-Hisui, M|100/100|[from] U-turn
|-damage|p1a: Samurott|88/100|[from] Stealth Rock
|move|p2a: Great Ape|Salt Cure|p1a: Samurott
|-damage|p1a: Samurott|70/100
|-start|p1a: Samurott|Salt Cure
|
|-heal|p2a: Great Ape|94/100|[from] item: Leftovers
|-damage|p1a: Samurott|45/100|[from] Salt Cure
|upkeep
|turn|15
|
|t:|1758993032
|switch|p2a: Trunks|Ogerpon-Wellspring, F|100/100
|move|p1a: Samurott|Flip Turn|p2a: Trunks
|-immune|p2a: Trunks|[from] ability: Water Absorb
|
|-damage|p1a: Samurott|20/100|[from] Salt Cure
|upkeep
|turn|16
|inactive|bdpsaturday has 30 seconds left.
|
|t:|1758993063
|switch|p1a: Iron Treads|Iron Treads|100/100
|-damage|p1a: Iron Treads|98/100|[from] Stealth Rock
|move|p2a: Trunks|Swords Dance|p2a: Trunks
|-boost|p2a: Trunks|atk|2
|
|upkeep
|turn|17
|
|t:|1758993069
|move|p2a: Trunks|Ivy Cudgel|p1a: Iron Treads|[anim] Ivy Cudgel Water
|-supereffective|p1a: Iron Treads
|-damage|p1a: Iron Treads|0 fnt
|faint|p1a: Iron Treads
|-end|p1a: Iron Treads|Quark Drive|[silent]
|
|upkeep
|
|t:|1758993075
|switch|p1a: Samurott|Samurott-Hisui, M|20/100
|-damage|p1a: Samurott|8/100|[from] Stealth Rock
|turn|18
|
|t:|1758993081
|move|p1a: Samurott|Ceaseless Edge|p2a: Trunks
|-damage|p2a: Trunks|47/100
|-sidestart|p2: Final boss11|Spikes
|move|p2a: Trunks|Horn Leech|p1a: Samurott
|-supereffective|p1a: Samurott
|-damage|p1a: Samurott|0 fnt
|-heal|p2a: Trunks|51/100|[from] drain|[of] p1a: Samurott
|faint|p1a: Samurott
|
|upkeep
|
|t:|1758993092
|switch|p1a: Gholdengo|Gholdengo|100/100
|-damage|p1a: Gholdengo|94/100|[from] Stealth Rock
|turn|19
|
|t:|1758993097
|move|p2a: Trunks|Ivy Cudgel|p1a: Gholdengo|[anim] Ivy Cudgel Water
|-damage|p1a: Gholdengo|0 fnt
|faint|p1a: Gholdengo
|
|upkeep
|
|t:|1758993099
|switch|p1a: Sinistcha|Sinistcha|88/100
|turn|20
|c|☆Final boss11|Nice job
|
|t:|1758993114
|-terastallize|p2a: Trunks|Water
|detailschange|p2a: Trunks|Ogerpon-Wellspring-Tera, F, tera:Water
|-ability|p2a: Trunks|Embody Aspect (Wellspring)|boost
|-boost|p2a: Trunks|spd|1
|move|p2a: Trunks|Ivy Cudgel|p1a: Sinistcha|[anim] Ivy Cudgel Water
|-resisted|p1a: Sinistcha
|-damage|p1a: Sinistcha|35/100
|move|p1a: Sinistcha|Matcha Gotcha|p2a: Trunks
|-supereffective|p2a: Trunks
|-damage|p2a: Trunks|3/100
|-heal|p1a: Sinistcha|56/100|[from] drain|[of] p2a: Trunks
|
|upkeep
|turn|21
|inactive|bdpsaturday has 60 seconds left.
|
|t:|1758993132
|move|p2a: Trunks|Ivy Cudgel|p1a: Sinistcha|[anim] Ivy Cudgel Water
|-resisted|p1a: Sinistcha
|-crit|p1a: Sinistcha
|-damage|p1a: Sinistcha|0 fnt
|faint|p1a: Sinistcha
|
|upkeep
|
|t:|1758993134
|switch|p1a: Moltres|Moltres|98/100
|turn|22
|c|☆Final boss11|Lol
|
|t:|1758993140
|-terastallize|p1a: Moltres|Fairy
|move|p2a: Trunks|Ivy Cudgel|p1a: Moltres|[anim] Ivy Cudgel Water
|-damage|p1a: Moltres|0 fnt
|faint|p1a: Moltres
|
|win|Final boss11
|raw|bdpsaturday's rating: 1229 &rarr; <strong>1202</strong><br />(-27 for losing)
|raw|Final boss11's rating: 1202 &rarr; <strong>1229</strong><br />(+27 for winning)
|l|☆bdpsaturday
|player|p1|
