|j|☆Chris466
|j|☆jardison
|t:|1758939619
|gametype|singles
|player|p1|Chris466|red|1371
|player|p2|jardison|li|1355
|gen|9
|tier|[Gen 9] OU
|rated|
|rule|HP Percentage Mod: HP is shown in percentages
|rule|Endless Battle Clause: Forcing endless battles is banned
|rule|Species Clause: Limit one of each Pokémon
|rule|OHKO Clause: OHKO moves are banned
|rule|Evasion Items Clause: Evasion items are banned
|rule|Evasion Moves Clause: Evasion moves are banned
|rule|Evasion Abilities Clause: Evasion abilities are banned
|rule|Sleep Moves Clause: Sleep-inducing moves are banned
|clearpoke
|poke|p1|Iron Valiant|
|poke|p1|Iron Treads|
|poke|p1|Araquanid, M|
|poke|p1|Garganacl, F|
|poke|p1|Gliscor, F|
|poke|p1|Hatterene, F|
|poke|p2|Iron Moth|
|poke|p2|Samurott-Hisui, F|
|poke|p2|Ogerpon-Wellspring, F|
|poke|p2|Iron Valiant|
|poke|p2|Kingambit, F|
|poke|p2|Raging Bolt|
|teampreview
|inactive|Battle timer is ON: inactive players will automatically lose when time's up. (requested by jardison)
|
|t:|1758939627
|teamsize|p1|6
|teamsize|p2|6
|start
|switch|p1a: Gliscor|Gliscor, F|100/100
|switch|p2a: Samurott|Samurott-Hisui, F|100/100
|turn|1
|
|t:|1758939633
|move|p1a: Gliscor|Protect|p1a: Gliscor
|-singleturn|p1a: Gliscor|Protect
|move|p2a: Samurott|Aqua Cutter|p1a: Gliscor
|-activate|p1a: Gliscor|move: Protect
|
|-status|p1a: Gliscor|tox|[from] item: Toxic Orb
|upkeep
|turn|2
|
|t:|1758939640
|switch|p1a: Araquanid|Araquanid, M|100/100
|move|p2a: Samurott|Taunt|p1a: Araquanid
|-start|p1a: Araquanid|move: Taunt
|
|upkeep
|turn|3
|
|t:|1758939647
|move|p2a: Samurott|Ceaseless Edge|p1a: Araquanid
|-damage|p1a: Araquanid|64/100
|-sidestart|p1: Chris466|Spikes
|move|p1a: Araquanid|Leech Life|p2a: Samurott
|-supereffective|p2a: Samurott
|-damage|p2a: Samurott|44/100
|-heal|p1a: Araquanid|90/100|[from] drain|[of] p2a: Samurott
|
|upkeep
|turn|4
|
|t:|1758939654
|move|p2a: Samurott|Ceaseless Edge|p1a: Araquanid
|-damage|p1a: Araquanid|49/100
|-sidestart|p1: Chris466|Spikes
|move|p1a: Araquanid|Leech Life|p2a: Samurott
|-supereffective|p2a: Samurott
|-damage|p2a: Samurott|0 fnt
|-heal|p1a: Araquanid|70/100|[from] drain|[of] p2a: Samurott
|faint|p2a: Samurott
|
|-end|p1a: Araquanid|move: Taunt
|upkeep
|
|t:|1758939666
|switch|p2a: Raging Bolt|Raging Bolt|100/100
|-enditem|p2a: Raging Bolt|Booster Energy
|-activate|p2a: Raging Bolt|ability: Protosynthesis|[fromitem]
|-start|p2a: Raging Bolt|protosynthesisspa
|turn|5
|
|t:|1758939671
|switch|p1a: Iron Treads|Iron Treads|100/100
|-damage|p1a: Iron Treads|84/100|[from] Spikes
|-enditem|p1a: Iron Treads|Booster Energy
|-activate|p1a: Iron Treads|ability: Quark Drive|[fromitem]
|-start|p1a: Iron Treads|quarkdrivedef
|move|p2a: Raging Bolt|Calm Mind|p2a: Raging Bolt
|-boost|p2a: Raging Bolt|spa|1
|-boost|p2a: Raging Bolt|spd|1
|
|upkeep
|turn|6
|
|t:|1758939687
|-terastallize|p2a: Raging Bolt|Fairy
|move|p1a: Iron Treads|Rapid Spin|p2a: Raging Bolt
|-damage|p2a: Raging Bolt|88/100
|-boost|p1a: Iron Treads|spe|1
|-sideend|p1: Chris466|Spikes|[from] move: Rapid Spin|[of] p1a: Iron Treads
|move|p2a: Raging Bolt|Draco Meteor|p1a: Iron Treads|[miss]
|-miss|p2a: Raging Bolt|p1a: Iron Treads
|
|upkeep
|turn|7
|
|t:|1758939695
|move|p1a: Iron Treads|Stealth Rock|p2a: Raging Bolt
|-sidestart|p2: jardison|move: Stealth Rock
|move|p2a: Raging Bolt|Draco Meteor|p1a: Iron Treads
|-resisted|p1a: Iron Treads
|-damage|p1a: Iron Treads|0 fnt
|-unboost|p2a: Raging Bolt|spa|2
|faint|p1a: Iron Treads
|-end|p1a: Iron Treads|Quark Drive|[silent]
|
|upkeep
|
|t:|1758939700
|switch|p1a: Hatterene|Hatterene, F|100/100
|turn|8
|
|t:|1758939707
|-end|p2a: Raging Bolt|Protosynthesis|[silent]
|switch|p2a: Iron Moth|Iron Moth|100/100
|-damage|p2a: Iron Moth|76/100|[from] Stealth Rock
|-enditem|p2a: Iron Moth|Booster Energy
|-activate|p2a: Iron Moth|ability: Quark Drive|[fromitem]
|-start|p2a: Iron Moth|quarkdrivespe
|move|p1a: Hatterene|Nuzzle|p2a: Iron Moth
|-damage|p2a: Iron Moth|70/100
|-status|p2a: Iron Moth|par
|
|upkeep
|turn|9
|
|t:|1758939718
|switch|p1a: Garganacl|Garganacl, F|100/100
|cant|p2a: Iron Moth|par
|
|upkeep
|turn|10
|
|t:|1758939725
|-end|p2a: Iron Moth|Quark Drive|[silent]
|switch|p2a: Kingambit|Kingambit, F|100/100
|-damage|p2a: Kingambit|94/100|[from] Stealth Rock
|-activate|p2a: Kingambit|ability: Supreme Overlord
|-start|p2a: Kingambit|fallen1|[silent]
|-item|p2a: Kingambit|Air Balloon
|move|p1a: Garganacl|Curse|p1a: Garganacl
|-unboost|p1a: Garganacl|spe|1
|-boost|p1a: Garganacl|atk|1
|-boost|p1a: Garganacl|def|1
|
|upkeep
|turn|11
|
|t:|1758939737
|move|p2a: Kingambit|Swords Dance|p2a: Kingambit
|-boost|p2a: Kingambit|atk|2
|move|p1a: Garganacl|Salt Cure|p2a: Kingambit
|-resisted|p2a: Kingambit
|-damage|p2a: Kingambit|86/100
|-start|p2a: Kingambit|Salt Cure
|-enditem|p2a: Kingambit|Air Balloon
|
|-damage|p2a: Kingambit|61/100|[from] Salt Cure
|upkeep
|turn|12
|
|t:|1758939745
|switch|p1a: Gliscor|Gliscor, F|100/100 tox
|move|p2a: Kingambit|Iron Head|p1a: Gliscor
|-damage|p1a: Gliscor|34/100 tox
|
|-heal|p1a: Gliscor|46/100 tox|[from] ability: Poison Heal
|-damage|p2a: Kingambit|36/100|[from] Salt Cure
|upkeep
|turn|13
|
|t:|1758939753
|move|p1a: Gliscor|Spikes|p2a: Kingambit
|-sidestart|p2: jardison|Spikes
|move|p2a: Kingambit|Swords Dance|p2a: Kingambit
|-boost|p2a: Kingambit|atk|2
|
|-heal|p1a: Gliscor|58/100 tox|[from] ability: Poison Heal
|-damage|p2a: Kingambit|11/100|[from] Salt Cure
|upkeep
|turn|14
|c|☆jardison|gg
|-message|jardison forfeited.
|
|win|Chris466
|raw|Chris466's rating: 1371 &rarr; <strong>1390</strong><br />(+19 for winning)
|raw|jardison's rating: 1355 &rarr; <strong>1336</strong><br />(-19 for losing)
|l|☆jardison
|player|p2|
