|j|☆pasif
|j|☆shaw0-0wsp
|t:|1759066252
|gametype|singles
|player|p1|pasif|pokekidf-gen8|1104
|player|p2|shaw0-0wsp|ghetsis|1085
|gen|9
|tier|[Gen 9] OU
|rated|
|rule|HP Percentage Mod: HP is shown in percentages
|rule|Endless Battle Clause: Forcing endless battles is banned
|rule|Species Clause: Limit one of each Pokémon
|rule|OHKO Clause: OHKO moves are banned
|rule|Evasion Items Clause: Evasion items are banned
|rule|Evasion Moves Clause: Evasion moves are banned
|rule|Evasion Abilities Clause: Evasion abilities are banned
|rule|Sleep Moves Clause: Sleep-inducing moves are banned
|clearpoke
|poke|p1|Gliscor, F|
|poke|p1|Kingambit, M|
|poke|p1|Hoopa-Unbound|
|poke|p1|Azumarill, F|
|poke|p1|Alomomola, M|
|poke|p1|Garganacl, M|
|poke|p2|Kingambit, M|
|poke|p2|Dedenne, M|
|poke|p2|Dondozo, M|
|poke|p2|Metagross|
|poke|p2|Scizor, M|
|poke|p2|Gengar, M|
|teampreview
|
|t:|1759066266
|teamsize|p1|6
|teamsize|p2|6
|start
|switch|p1a: Gliscor|Gliscor, F|100/100
|switch|p2a: Dedenne|Dedenne, M, shiny|100/100
|turn|1
|
|t:|1759066278
|move|p2a: Dedenne|Nuzzle|p1a: Gliscor
|-immune|p1a: Gliscor
|move|p1a: Gliscor|Spikes|p2a: Dedenne
|-sidestart|p2: shaw0-0wsp|Spikes
|
|-status|p1a: Gliscor|tox|[from] item: Toxic Orb
|upkeep
|turn|2
|
|t:|1759066285
|move|p2a: Dedenne|U-turn|p1a: Gliscor
|-resisted|p1a: Gliscor
|-damage|p1a: Gliscor|97/100 tox
|
|t:|1759066289
|switch|p2a: Dondozo|Dondozo, M, shiny|100/100|[from] U-turn
|-damage|p2a: Dondozo|88/100|[from] Spikes
|move|p1a: Gliscor|Spikes|p2a: Dondozo
|-sidestart|p2: shaw0-0wsp|Spikes
|
|-heal|p2a: Dondozo|94/100|[from] item: Leftovers
|-heal|p1a: Gliscor|100/100 tox|[from] ability: Poison Heal
|upkeep
|turn|3
|
|t:|1759066310
|move|p1a: Gliscor|Protect|p1a: Gliscor
|-singleturn|p1a: Gliscor|Protect
|move|p2a: Dondozo|Liquidation|p1a: Gliscor
|-activate|p1a: Gliscor|move: Protect
|
|-heal|p2a: Dondozo|99/100|[from] item: Leftovers
|upkeep
|turn|4
|
|t:|1759066320
|move|p1a: Gliscor|Substitute|p1a: Gliscor
|-start|p1a: Gliscor|Substitute
|-damage|p1a: Gliscor|76/100 tox
|move|p2a: Dondozo|Liquidation|p1a: Gliscor
|-supereffective|p1a: Gliscor
|-end|p1a: Gliscor|Substitute
|
|-heal|p2a: Dondozo|100/100|[from] item: Leftovers
|-heal|p1a: Gliscor|88/100 tox|[from] ability: Poison Heal
|upkeep
|turn|5
|
|t:|1759066333
|move|p1a: Gliscor|Protect|p1a: Gliscor
|-singleturn|p1a: Gliscor|Protect
|move|p2a: Dondozo|Liquidation|p1a: Gliscor
|-activate|p1a: Gliscor|move: Protect
|
|-heal|p1a: Gliscor|99/100 tox|[from] ability: Poison Heal
|upkeep
|turn|6
|
|t:|1759066340
|move|p1a: Gliscor|Sludge Bomb|p2a: Dondozo
|-damage|p2a: Dondozo|89/100
|-status|p2a: Dondozo|psn
|move|p2a: Dondozo|Liquidation|p1a: Gliscor
|-supereffective|p1a: Gliscor
|-damage|p1a: Gliscor|51/100 tox
|-unboost|p1a: Gliscor|def|1
|
|-heal|p2a: Dondozo|95/100 psn|[from] item: Leftovers
|-heal|p1a: Gliscor|63/100 tox|[from] ability: Poison Heal
|-damage|p2a: Dondozo|83/100 psn|[from] psn
|upkeep
|turn|7
|
|t:|1759066358
|move|p1a: Gliscor|Protect|p1a: Gliscor
|-singleturn|p1a: Gliscor|Protect
|move|p2a: Dondozo|Liquidation|p1a: Gliscor
|-activate|p1a: Gliscor|move: Protect
|
|-heal|p2a: Dondozo|89/100 psn|[from] item: Leftovers
|-heal|p1a: Gliscor|75/100 tox|[from] ability: Poison Heal
|-damage|p2a: Dondozo|76/100 psn|[from] psn
|upkeep
|turn|8
|c|☆shaw0-0wsp|bro stop being so annoying
|
|t:|1759066378
|move|p1a: Gliscor|Substitute|p1a: Gliscor
|-start|p1a: Gliscor|Substitute
|-damage|p1a: Gliscor|50/100 tox
|move|p2a: Dondozo|Liquidation|p1a: Gliscor
|-supereffective|p1a: Gliscor
|-end|p1a: Gliscor|Substitute
|
|-heal|p2a: Dondozo|82/100 psn|[from] item: Leftovers
|-heal|p1a: Gliscor|63/100 tox|[from] ability: Poison Heal
|-damage|p2a: Dondozo|70/100 psn|[from] psn
|upkeep
|turn|9
|
|t:|1759066398
|move|p1a: Gliscor|Protect|p1a: Gliscor
|-singleturn|p1a: Gliscor|Protect
|move|p2a: Dondozo|Liquidation|p1a: Gliscor
|-activate|p1a: Gliscor|move: Protect
|
|-heal|p2a: Dondozo|76/100 psn|[from] item: Leftovers
|-heal|p1a: Gliscor|75/100 tox|[from] ability: Poison Heal
|-damage|p2a: Dondozo|64/100 psn|[from] psn
|upkeep
|turn|10
|
|t:|1759066415
|move|p1a: Gliscor|Substitute|p1a: Gliscor
|-start|p1a: Gliscor|Substitute
|-damage|p1a: Gliscor|50/100 tox
|move|p2a: Dondozo|Liquidation|p1a: Gliscor
|-supereffective|p1a: Gliscor
|-end|p1a: Gliscor|Substitute
|
|-heal|p2a: Dondozo|70/100 psn|[from] item: Leftovers
|-heal|p1a: Gliscor|62/100 tox|[from] ability: Poison Heal
|-damage|p2a: Dondozo|57/100 psn|[from] psn
|upkeep
|turn|11
|
|t:|1759066426
|move|p1a: Gliscor|Protect|p1a: Gliscor
|-singleturn|p1a: Gliscor|Protect
|move|p2a: Dondozo|Liquidation|p1a: Gliscor
|-activate|p1a: Gliscor|move: Protect
|
|-heal|p2a: Dondozo|63/100 psn|[from] item: Leftovers
|-heal|p1a: Gliscor|75/100 tox|[from] ability: Poison Heal
|-damage|p2a: Dondozo|51/100 psn|[from] psn
|upkeep
|turn|12
|c|☆shaw0-0wsp|on god thus guy so annoying bro
|
|t:|1759066439
|move|p1a: Gliscor|Substitute|p1a: Gliscor
|-start|p1a: Gliscor|Substitute
|-damage|p1a: Gliscor|50/100 tox
|move|p2a: Dondozo|Rest|p2a: Dondozo
|-status|p2a: Dondozo|slp|[from] move: Rest
|-heal|p2a: Dondozo|100/100 slp|[silent]
|
|-heal|p1a: Gliscor|62/100 tox|[from] ability: Poison Heal
|upkeep
|turn|13
|
|t:|1759066454
|move|p1a: Gliscor|Spikes|p2a: Dondozo
|-sidestart|p2: shaw0-0wsp|Spikes
|cant|p2a: Dondozo|slp
|move|p2a: Dondozo|Sleep Talk|p2a: Dondozo
|move|p2a: Dondozo|Earthquake|p1a: Gliscor|[from] move: Sleep Talk
|-immune|p1a: Gliscor
|
|-heal|p1a: Gliscor|74/100 tox|[from] ability: Poison Heal
|upkeep
|turn|14
|
|t:|1759066464
|move|p1a: Gliscor|Sludge Bomb|p2a: Dondozo
|-damage|p2a: Dondozo|89/100 slp
|cant|p2a: Dondozo|slp
|move|p2a: Dondozo|Sleep Talk|p2a: Dondozo
|move|p2a: Dondozo|Liquidation|p1a: Gliscor|[from] move: Sleep Talk
|-supereffective|p1a: Gliscor
|-end|p1a: Gliscor|Substitute
|
|-heal|p2a: Dondozo|96/100 slp|[from] item: Leftovers
|-heal|p1a: Gliscor|87/100 tox|[from] ability: Poison Heal
|upkeep
|turn|15
|
|t:|1759066485
|move|p1a: Gliscor|Protect|p1a: Gliscor
|-singleturn|p1a: Gliscor|Protect
|-curestatus|p2a: Dondozo|slp|[msg]
|move|p2a: Dondozo|Sleep Talk||[still]
|-fail|p2a: Dondozo
|
|-heal|p2a: Dondozo|100/100|[from] item: Leftovers
|-heal|p1a: Gliscor|99/100 tox|[from] ability: Poison Heal
|upkeep
|turn|16
|c|☆shaw0-0wsp|you know this will go on forever like this /
|
|t:|1759066511
|move|p1a: Gliscor|Sludge Bomb|p2a: Dondozo
|-damage|p2a: Dondozo|90/100
|move|p2a: Dondozo|Liquidation|p1a: Gliscor
|-supereffective|p1a: Gliscor
|-damage|p1a: Gliscor|48/100 tox
|-unboost|p1a: Gliscor|def|1
|
|-heal|p2a: Dondozo|96/100|[from] item: Leftovers
|-heal|p1a: Gliscor|60/100 tox|[from] ability: Poison Heal
|upkeep
|turn|17
|l|☆shaw0-0wsp
|player|p2|
|inactive|Battle timer is ON: inactive players will automatically lose when time's up. (requested by pasif)
|inactive|shaw0-0wsp has 30 seconds to reconnect!
|inactive|shaw0-0wsp has 20 seconds to reconnect!
|inactive|shaw0-0wsp has 15 seconds to reconnect!
|inactive|shaw0-0wsp has 10 seconds to reconnect!
|inactive|shaw0-0wsp has 5 seconds to reconnect!
|-message|shaw0-0wsp lost due to inactivity.
|
|win|pasif
|raw|pasif's rating: 1104 &rarr; <strong>1128</strong><br />(+24 for winning)
|raw|shaw0-0wsp's rating: 1085 &rarr; <strong>1063</strong><br />(-22 for losing)
|l|☆pasif
|player|p1|
