|j|☆razer534
|j|☆burnt_out_guy
|t:|1759049656
|gametype|singles
|player|p1|razer534|169|1084
|player|p2|burnt_out_guy|cheren-gen5bw2|1203
|gen|9
|tier|[Gen 9] OU
|rated|
|rule|HP Percentage Mod: HP is shown in percentages
|rule|Endless Battle Clause: Forcing endless battles is banned
|rule|Species Clause: Limit one of each Pokémon
|rule|OHKO Clause: OHKO moves are banned
|rule|Evasion Items Clause: Evasion items are banned
|rule|Evasion Moves Clause: Evasion moves are banned
|rule|Evasion Abilities Clause: Evasion abilities are banned
|rule|Sleep Moves Clause: Sleep-inducing moves are banned
|clearpoke
|poke|p1|Cetitan, M|
|poke|p1|Zangoose, F|
|poke|p1|Flareon, M|
|poke|p1|Pyroar, F|
|poke|p1|Noivern, M|
|poke|p1|Cacturne, M|
|poke|p2|Great Tusk|
|poke|p2|Kingambit, F|
|poke|p2|Raging Bolt|
|poke|p2|Walking Wake|
|poke|p2|Ninetales, F|
|poke|p2|Ceruledge, M|
|teampreview
|
|t:|1759049675
|teamsize|p1|6
|teamsize|p2|6
|start
|switch|p1a: Zangoose|Zangoose, F|100/100
|switch|p2a: Walking Wake|Walking Wake|100/100
|turn|1
|
|t:|1759049687
|move|p2a: Walking Wake|Flip Turn|p1a: Zangoose
|-damage|p1a: Zangoose|73/100
|
|t:|1759049696
|-end|p2a: Walking Wake|Protosynthesis|[silent]
|switch|p2a: Ninetales|Ninetales, F|100/100|[from] Flip Turn
|-weather|SunnyDay|[from] ability: Drought|[of] p2a: Ninetales
|move|p1a: Zangoose|Ice Punch|p2a: Ninetales
|-resisted|p2a: Ninetales
|-damage|p2a: Ninetales|70/100
|
|-weather|SunnyDay|[upkeep]
|upkeep
|turn|2
|
|t:|1759049707
|switch|p1a: Pyroar|Pyroar, F, shiny|100/100
|move|p2a: Ninetales|Overheat|p1a: Pyroar
|-resisted|p1a: Pyroar
|-damage|p1a: Pyroar|47/100
|-unboost|p2a: Ninetales|spa|2
|
|-weather|SunnyDay|[upkeep]
|upkeep
|turn|3
|
|t:|1759049726
|move|p1a: Pyroar|Noble Roar|p2a: Ninetales
|-unboost|p2a: Ninetales|atk|1
|-unboost|p2a: Ninetales|spa|1
|-enditem|p1a: Pyroar|Throat Spray
|-boost|p1a: Pyroar|spa|1|[from] item: Throat Spray
|move|p2a: Ninetales|Scorching Sands|p1a: Pyroar
|-supereffective|p1a: Pyroar
|-damage|p1a: Pyroar|24/100
|
|-weather|SunnyDay|[upkeep]
|upkeep
|turn|4
|
|t:|1759049742
|move|p1a: Pyroar|Flamethrower|p2a: Ninetales
|-resisted|p2a: Ninetales
|-damage|p2a: Ninetales|7/100
|move|p2a: Ninetales|Scorching Sands|p1a: Pyroar
|-supereffective|p1a: Pyroar
|-damage|p1a: Pyroar|2/100
|
|-weather|SunnyDay|[upkeep]
|upkeep
|turn|5
|l|☆burnt_out_guy
|player|p2|
|j|☆burnt_out_guy
|player|p2|burnt_out_guy|cheren-gen5bw2|
|
|t:|1759049800
|move|p1a: Pyroar|Entrainment|p2a: Ninetales
|-ability|p2a: Ninetales|Rivalry|Drought|[from] move: Entrainment|[of] p1a: Pyroar
|move|p2a: Ninetales|Scorching Sands|p1a: Pyroar
|-supereffective|p1a: Pyroar
|-damage|p1a: Pyroar|0 fnt
|faint|p1a: Pyroar
|
|-weather|SunnyDay|[upkeep]
|upkeep
|
|t:|1759049810
|switch|p1a: Noivern|Noivern, M|100/100
|turn|6
|
|t:|1759049819
|move|p1a: Noivern|Air Slash|p2a: Ninetales
|-damage|p2a: Ninetales|0 fnt
|faint|p2a: Ninetales
|
|-weather|SunnyDay|[upkeep]
|upkeep
|
|t:|1759049827
|switch|p2a: Walking Wake|Walking Wake|100/100
|-activate|p2a: Walking Wake|ability: Protosynthesis
|-start|p2a: Walking Wake|protosynthesisspe
|turn|7
|
|t:|1759049836
|switch|p1a: Cacturne|Cacturne, M|100/100
|move|p2a: Walking Wake|Draco Meteor|p1a: Cacturne
|-damage|p1a: Cacturne|19/100
|-unboost|p2a: Walking Wake|spa|2
|
|-weather|SunnyDay|[upkeep]
|upkeep
|turn|8
|
|t:|1759049850
|switch|p1a: Cetitan|Cetitan, M|100/100
|move|p2a: Walking Wake|Weather Ball|p1a: Cetitan
|-supereffective|p1a: Cetitan
|-damage|p1a: Cetitan|40/100
|
|-weather|none
|-end|p2a: Walking Wake|Protosynthesis
|upkeep
|turn|9
|l|☆burnt_out_guy
|player|p2|
|j|☆burnt_out_guy
|player|p2|burnt_out_guy|cheren-gen5bw2|
|
|t:|1759049888
|switch|p1a: Cacturne|Cacturne, M|19/100
|move|p2a: Walking Wake|Flip Turn|p1a: Cacturne
|-heal|p1a: Cacturne|44/100|[from] ability: Water Absorb|[of] p2a: Walking Wake
|
|upkeep
|turn|10
|
|t:|1759049894
|-end|p2a: Walking Wake|Protosynthesis|[silent]
|switch|p2a: Ceruledge|Ceruledge, M|100/100
|move|p1a: Cacturne|Giga Drain|p2a: Ceruledge
|-resisted|p2a: Ceruledge
|-damage|p2a: Ceruledge|84/100
|-heal|p1a: Cacturne|55/100|[from] drain|[of] p2a: Ceruledge
|
|upkeep
|turn|11
|-message|razer534 forfeited.
|
|win|burnt_out_guy
|raw|razer534's rating: 1084 &rarr; <strong>1069</strong><br />(-15 for losing)
|raw|burnt_out_guy's rating: 1203 &rarr; <strong>1220</strong><br />(+17 for winning)
|l|☆razer534
|player|p1|
|l|☆burnt_out_guy
|player|p2|
