|j|☆t04styy
|j|‽Peanutluigi 2.0
|t:|1758917229
|gametype|singles
|player|p1|t04styy|169|1383
|player|p2|Peanutluigi 2.0|volo|1404
|gen|9
|tier|[Gen 9] OU
|rated|
|rule|HP Percentage Mod: HP is shown in percentages
|rule|Endless Battle Clause: Forcing endless battles is banned
|rule|Species Clause: Limit one of each Pokémon
|rule|OHKO Clause: OHKO moves are banned
|rule|Evasion Items Clause: Evasion items are banned
|rule|Evasion Moves Clause: Evasion moves are banned
|rule|Evasion Abilities Clause: Evasion abilities are banned
|rule|Sleep Moves Clause: Sleep-inducing moves are banned
|clearpoke
|poke|p1|Ogerpon-Wellspring, F|
|poke|p1|Iron Moth|
|poke|p1|Great Tusk|
|poke|p1|Umbreon, M|
|poke|p1|Rotom-Wash|
|poke|p1|Garchomp, F|
|poke|p2|Araquanid, M|
|poke|p2|Meowscarada, F|
|poke|p2|Iron Moth|
|poke|p2|Landorus-Therian, M|
|poke|p2|Gholdengo|
|poke|p2|Pecharunt|
|teampreview
|inactive|Battle timer is ON: inactive players will automatically lose when time's up. (requested by Peanutluigi 2.0)
|
|t:|1758917279
|teamsize|p1|6
|teamsize|p2|6
|start
|switch|p1a: Rotom|Rotom-Wash|100/100
|switch|p2a: Araquanid|Araquanid, M|100/100
|turn|1
|
|t:|1758917286
|move|p1a: Rotom|Will-O-Wisp|p2a: Araquanid
|-immune|p2a: Araquanid|[from] ability: Water Bubble
|move|p2a: Araquanid|Sticky Web|p1a: Rotom
|-sidestart|p1: t04styy|move: Sticky Web
|
|upkeep
|turn|2
|c|☆t04styy|yo that's sick
|
|t:|1758917302
|move|p1a: Rotom|Volt Switch|p2a: Araquanid
|-supereffective|p2a: Araquanid
|-damage|p2a: Araquanid|70/100
|
|t:|1758917318
|switch|p1a: Umbreon|Umbreon, M|100/100|[from] Volt Switch
|-activate|p1a: Umbreon|move: Sticky Web
|-unboost|p1a: Umbreon|spe|1
|move|p2a: Araquanid|Infestation|p1a: Umbreon
|-supereffective|p1a: Umbreon
|-damage|p1a: Umbreon|96/100
|-activate|p1a: Umbreon|move: Infestation|[of] p2a: Araquanid
|
|-heal|p1a: Umbreon|100/100|[from] item: Leftovers
|-heal|p2a: Araquanid|77/100|[from] item: Leftovers
|-damage|p1a: Umbreon|88/100|[from] move: Infestation|[partiallytrapped]
|upkeep
|turn|3
|c|☆t04styy|wait araquanid seems kinda good
|inactive|t04styy has 120 seconds left.
|
|t:|1758917338
|move|p1a: Umbreon|Toxic|p2a: Araquanid
|-status|p2a: Araquanid|tox
|move|p2a: Araquanid|Leech Life|p1a: Umbreon
|-supereffective|p1a: Umbreon
|-damage|p1a: Umbreon|57/100
|-heal|p2a: Araquanid|95/100 tox|[from] drain|[of] p1a: Umbreon
|
|-heal|p1a: Umbreon|63/100|[from] item: Leftovers
|-heal|p2a: Araquanid|100/100 tox|[from] item: Leftovers
|-damage|p2a: Araquanid|94/100 tox|[from] psn
|-damage|p1a: Umbreon|51/100|[from] move: Infestation|[partiallytrapped]
|upkeep
|turn|4
|inactive|t04styy has 120 seconds left.
|
|t:|1758917349
|move|p1a: Umbreon|Wish|p1a: Umbreon
|move|p2a: Araquanid|Leech Life|p1a: Umbreon
|-supereffective|p1a: Umbreon
|-crit|p1a: Umbreon
|-damage|p1a: Umbreon|0 fnt
|-heal|p2a: Araquanid|100/100 tox|[from] drain|[of] p1a: Umbreon
|faint|p1a: Umbreon
|
|-damage|p2a: Araquanid|88/100 tox|[from] psn
|upkeep
|inactive|t04styy has 120 seconds left.
|
|t:|1758917357
|switch|p1a: Great Tusk|Great Tusk|100/100
|turn|5
|
|t:|1758917373
|move|p1a: Great Tusk|Rapid Spin|p2a: Araquanid
|-damage|p2a: Araquanid|69/100 tox
|-boost|p1a: Great Tusk|spe|1
|-sideend|p1: t04styy|Sticky Web|[from] move: Rapid Spin|[of] p1a: Great Tusk
|move|p2a: Araquanid|Hydro Pump|p1a: Great Tusk
|-supereffective|p1a: Great Tusk
|-damage|p1a: Great Tusk|0 fnt
|faint|p1a: Great Tusk
|-end|p1a: Great Tusk|Protosynthesis|[silent]
|
|-heal|p2a: Araquanid|75/100 tox|[from] item: Leftovers
|-damage|p2a: Araquanid|57/100 tox|[from] psn
|upkeep
|inactive|t04styy has 120 seconds left.
|
|t:|1758917390
|switch|p1a: Rotom|Rotom-Wash|100/100
|turn|6
|
|t:|1758917392
|move|p1a: Rotom|Volt Switch|p2a: Araquanid
|-supereffective|p2a: Araquanid
|-damage|p2a: Araquanid|25/100 tox
|
|t:|1758917401
|switch|p1a: Garchomp|Garchomp, F|100/100|[from] Volt Switch
|move|p2a: Araquanid|Sticky Web|p1a: Garchomp
|-sidestart|p1: t04styy|move: Sticky Web
|
|-heal|p2a: Araquanid|31/100 tox|[from] item: Leftovers
|-damage|p2a: Araquanid|6/100 tox|[from] psn
|upkeep
|turn|7
|
|t:|1758917413
|move|p1a: Garchomp|Protect|p1a: Garchomp
|-singleturn|p1a: Garchomp|Protect
|move|p2a: Araquanid|Hydro Pump|p1a: Garchomp
|-activate|p1a: Garchomp|move: Protect
|
|-heal|p2a: Araquanid|12/100 tox|[from] item: Leftovers
|-damage|p2a: Araquanid|0 fnt|[from] psn
|faint|p2a: Araquanid
|upkeep
|
|t:|1758917417
|switch|p2a: Meowscarada|Meowscarada, F|100/100
|turn|8
|
|t:|1758917433
|-terastallize|p1a: Garchomp|Fairy
|move|p2a: Meowscarada|Triple Axel|p1a: Garchomp
|-start|p2a: Meowscarada|typechange|Ice|[from] ability: Protean
|-damage|p1a: Garchomp|91/100
|-damage|p2a: Meowscarada|88/100|[from] ability: Rough Skin|[of] p1a: Garchomp
|-damage|p1a: Garchomp|72/100
|-damage|p2a: Meowscarada|76/100|[from] ability: Rough Skin|[of] p1a: Garchomp
|-damage|p1a: Garchomp|45/100
|-damage|p2a: Meowscarada|64/100|[from] ability: Rough Skin|[of] p1a: Garchomp
|-hitcount|p1a: Garchomp|3
|move|p1a: Garchomp|Swords Dance|p1a: Garchomp
|-boost|p1a: Garchomp|atk|2
|
|-heal|p1a: Garchomp|51/100|[from] item: Leftovers
|upkeep
|turn|9
|inactive|t04styy has 120 seconds left.
|inactive|Peanutluigi 2.0 has 120 seconds left.
|
|t:|1758917467
|move|p1a: Garchomp|Protect|p1a: Garchomp
|-singleturn|p1a: Garchomp|Protect
|move|p2a: Meowscarada|Flower Trick|p1a: Garchomp
|-activate|p1a: Garchomp|move: Protect
|
|-heal|p1a: Garchomp|57/100|[from] item: Leftovers
|upkeep
|turn|10
|
|t:|1758917478
|switch|p2a: Landorus|Landorus-Therian, M|100/100
|-ability|p2a: Landorus|Intimidate|boost
|-unboost|p1a: Garchomp|atk|1
|move|p1a: Garchomp|Scale Shot|p2a: Landorus
|-damage|p2a: Landorus|77/100
|-damage|p2a: Landorus|55/100
|-damage|p2a: Landorus|30/100
|-damage|p2a: Landorus|6/100
|-damage|p2a: Landorus|0 fnt
|faint|p2a: Landorus
|-hitcount|p2: Landorus|5
|-unboost|p1a: Garchomp|def|1
|-boost|p1a: Garchomp|spe|1
|
|-heal|p1a: Garchomp|63/100|[from] item: Leftovers
|upkeep
|
|t:|1758917482
|switch|p2a: Meowscarada|Meowscarada, F|64/100
|turn|11
|
|t:|1758917499
|move|p1a: Garchomp|Protect|p1a: Garchomp
|-singleturn|p1a: Garchomp|Protect
|move|p2a: Meowscarada|Flower Trick|p1a: Garchomp
|-start|p2a: Meowscarada|typechange|Grass|[from] ability: Protean
|-activate|p1a: Garchomp|move: Protect
|
|-heal|p1a: Garchomp|69/100|[from] item: Leftovers
|upkeep
|turn|12
|
|t:|1758917509
|move|p1a: Garchomp|Scale Shot|p2a: Meowscarada
|-damage|p2a: Meowscarada|32/100
|-damage|p2a: Meowscarada|3/100
|-hitcount|p2a: Meowscarada|2
|-unboost|p1a: Garchomp|def|1
|-boost|p1a: Garchomp|spe|1
|move|p2a: Meowscarada|Flower Trick|p1a: Garchomp
|-crit|p1a: Garchomp
|-damage|p1a: Garchomp|0 fnt
|faint|p1a: Garchomp
|
|upkeep
|
|t:|1758917524
|switch|p1a: Iron Moth|Iron Moth|100/100
|-activate|p1a: Iron Moth|move: Sticky Web
|-unboost|p1a: Iron Moth|spe|1
|-enditem|p1a: Iron Moth|Booster Energy
|-activate|p1a: Iron Moth|ability: Quark Drive|[fromitem]
|-start|p1a: Iron Moth|quarkdrivespa
|turn|13
|
|t:|1758917537
|move|p2a: Meowscarada|Flower Trick|p1a: Iron Moth
|-resisted|p1a: Iron Moth
|-crit|p1a: Iron Moth
|-damage|p1a: Iron Moth|83/100
|move|p1a: Iron Moth|Fiery Dance|p2a: Meowscarada
|-supereffective|p2a: Meowscarada
|-damage|p2a: Meowscarada|0 fnt
|faint|p2a: Meowscarada
|
|upkeep
|
|t:|1758917539
|switch|p2a: Iron Moth|Iron Moth|100/100
|-enditem|p2a: Iron Moth|Booster Energy
|-activate|p2a: Iron Moth|ability: Quark Drive|[fromitem]
|-start|p2a: Iron Moth|quarkdrivespa
|turn|14
|
|t:|1758917556
|move|p2a: Iron Moth|Psychic|p1a: Iron Moth
|-supereffective|p1a: Iron Moth
|-damage|p1a: Iron Moth|0 fnt
|faint|p1a: Iron Moth
|-end|p1a: Iron Moth|Quark Drive|[silent]
|
|upkeep
|
|t:|1758917563
|switch|p1a: Rotom|Rotom-Wash|100/100
|turn|15
|
|t:|1758917574
|-terastallize|p2a: Iron Moth|Grass
|move|p2a: Iron Moth|Energy Ball|p1a: Rotom
|-supereffective|p1a: Rotom
|-damage|p1a: Rotom|0 fnt
|faint|p1a: Rotom
|
|upkeep
|
|t:|1758917580
|switch|p1a: Ogerpon|Ogerpon-Wellspring, F|100/100
|-activate|p1a: Ogerpon|move: Sticky Web
|-unboost|p1a: Ogerpon|spe|1
|turn|16
|
|t:|1758917588
|move|p2a: Iron Moth|Sludge Wave|p1a: Ogerpon
|-supereffective|p1a: Ogerpon
|-damage|p1a: Ogerpon|0 fnt
|faint|p1a: Ogerpon
|
|win|Peanutluigi 2.0
|raw|t04styy's rating: 1383 &rarr; <strong>1364</strong><br />(-19 for losing)
|raw|Peanutluigi 2.0's rating: 1404 &rarr; <strong>1423</strong><br />(+19 for winning)
|l|☆t04styy
|player|p1|
