|j|☆kebab.ixx
|j|☆suhui_
|t:|1759036155
|gametype|singles
|player|p1|kebab.ixx|101|1666
|player|p2|suhui_|170|1678
|gen|9
|tier|[Gen 9] OU
|rated|
|rule|HP Percentage Mod: HP is shown in percentages
|rule|Endless Battle Clause: Forcing endless battles is banned
|rule|Species Clause: Limit one of each Pokémon
|rule|OHKO Clause: OHKO moves are banned
|rule|Evasion Items Clause: Evasion items are banned
|rule|Evasion Moves Clause: Evasion moves are banned
|rule|Evasion Abilities Clause: Evasion abilities are banned
|rule|Sleep Moves Clause: Sleep-inducing moves are banned
|clearpoke
|poke|p1|Kleavor, M|
|poke|p1|Iron Crown|
|poke|p1|Cinderace, F|
|poke|p1|Pecharunt|
|poke|p1|Dragonite, F|
|poke|p1|Garchomp, F|
|poke|p2|Glimmora, M|
|poke|p2|Darkrai|
|poke|p2|Raging Bolt|
|poke|p2|Kingambit, F|
|poke|p2|Primarina, F|
|poke|p2|Iron Valiant|
|teampreview
|inactive|Battle timer is ON: inactive players will automatically lose when time's up. (requested by suhui_)
|
|t:|1759036169
|teamsize|p1|6
|teamsize|p2|6
|start
|switch|p1a: Kleavor|Kleavor, M|100/100
|switch|p2a: Primarina|Primarina, F|100/100
|turn|1
|
|t:|1759036175
|move|p1a: Kleavor|Stone Axe|p2a: Primarina
|-damage|p2a: Primarina|32/100
|-sidestart|p2: suhui_|move: Stealth Rock
|move|p2a: Primarina|Surf|p1a: Kleavor
|-supereffective|p1a: Kleavor
|-enditem|p1a: Kleavor|Focus Sash
|-damage|p1a: Kleavor|1/100
|
|upkeep
|turn|2
|
|t:|1759036185
|switch|p2a: Glimmora|Glimmora, M|100/100
|-damage|p2a: Glimmora|88/100|[from] Stealth Rock
|move|p1a: Kleavor|Stone Axe|p2a: Glimmora
|-damage|p2a: Glimmora|21/100
|-activate|p2a: Glimmora|ability: Toxic Debris
|-sidestart|p1: kebab.ixx|move: Toxic Spikes
|-enditem|p2a: Glimmora|Red Card|[of] p1a: Kleavor
|drag|p1a: Pecharunt|Pecharunt|100/100
|-item|p1a: Pecharunt|Air Balloon
|
|upkeep
|turn|3
|
|t:|1759036195
|move|p1a: Pecharunt|Malignant Chain|p2a: Glimmora
|-resisted|p2a: Glimmora
|-damage|p2a: Glimmora|8/100
|move|p2a: Glimmora|Stealth Rock|p1a: Pecharunt
|-sidestart|p1: kebab.ixx|move: Stealth Rock
|
|upkeep
|turn|4
|
|t:|1759036199
|move|p1a: Pecharunt|Malignant Chain|p2a: Glimmora
|-resisted|p2a: Glimmora
|-crit|p2a: Glimmora
|-damage|p2a: Glimmora|0 fnt
|faint|p2a: Glimmora
|
|upkeep
|
|t:|1759036204
|switch|p2a: Darkrai|Darkrai|100/100
|-damage|p2a: Darkrai|88/100|[from] Stealth Rock
|turn|5
|
|t:|1759036207
|-terastallize|p1a: Pecharunt|Fairy
|move|p2a: Darkrai|Dark Pulse|p1a: Pecharunt
|-resisted|p1a: Pecharunt
|-damage|p1a: Pecharunt|67/100
|-enditem|p1a: Pecharunt|Air Balloon
|-damage|p2a: Darkrai|78/100|[from] item: Life Orb
|move|p1a: Pecharunt|Tera Blast|p2a: Darkrai|[anim] Tera Blast Fairy
|-supereffective|p2a: Darkrai
|-damage|p2a: Darkrai|0 fnt
|faint|p2a: Darkrai
|
|upkeep
|
|t:|1759036218
|switch|p2a: Raging Bolt|Raging Bolt|100/100
|-damage|p2a: Raging Bolt|88/100|[from] Stealth Rock
|-enditem|p2a: Raging Bolt|Booster Energy
|-activate|p2a: Raging Bolt|ability: Protosynthesis|[fromitem]
|-start|p2a: Raging Bolt|protosynthesisspa
|turn|6
|
|t:|1759036221
|move|p1a: Pecharunt|Tera Blast|p2a: Raging Bolt|[anim] Tera Blast Fairy
|-supereffective|p2a: Raging Bolt
|-damage|p2a: Raging Bolt|25/100
|move|p2a: Raging Bolt|Thunderbolt|p1a: Pecharunt
|-damage|p1a: Pecharunt|0 fnt
|faint|p1a: Pecharunt
|
|upkeep
|
|t:|1759036229
|switch|p1a: Dragonite|Dragonite, F|100/100
|turn|7
|
|t:|1759036232
|move|p1a: Dragonite|Extreme Speed|p2a: Raging Bolt
|-damage|p2a: Raging Bolt|0 fnt
|faint|p2a: Raging Bolt
|-end|p2a: Raging Bolt|Protosynthesis|[silent]
|
|upkeep
|
|t:|1759036240
|switch|p2a: Iron Valiant|Iron Valiant|100/100
|-damage|p2a: Iron Valiant|94/100|[from] Stealth Rock
|-enditem|p2a: Iron Valiant|Booster Energy
|-activate|p2a: Iron Valiant|ability: Quark Drive|[fromitem]
|-start|p2a: Iron Valiant|quarkdrivespe
|turn|8
|
|t:|1759036243
|switch|p1a: Kleavor|Kleavor, M|1/100
|-status|p1a: Kleavor|psn
|-damage|p1a: Kleavor|0 fnt|[from] Stealth Rock
|faint|p1a: Kleavor
|move|p2a: Iron Valiant|Moonblast|p1: Kleavor|[notarget]
|-fail|p2a: Iron Valiant
|
|upkeep
|
|t:|1759036248
|switch|p1a: Cinderace|Cinderace, F|100/100
|turn|9
|
|t:|1759036252
|move|p2a: Iron Valiant|Calm Mind|p2a: Iron Valiant
|-boost|p2a: Iron Valiant|spa|1
|-boost|p2a: Iron Valiant|spd|1
|move|p1a: Cinderace|Pyro Ball|p2a: Iron Valiant
|-damage|p2a: Iron Valiant|15/100
|-status|p2a: Iron Valiant|brn
|
|-damage|p2a: Iron Valiant|9/100 brn|[from] brn
|upkeep
|turn|10
|
|t:|1759036262
|move|p2a: Iron Valiant|Thunderbolt|p1a: Cinderace
|-damage|p1a: Cinderace|32/100
|move|p1a: Cinderace|Swords Dance|p1a: Cinderace
|-boost|p1a: Cinderace|atk|2
|
|-damage|p2a: Iron Valiant|3/100 brn|[from] brn
|upkeep
|turn|11
|
|t:|1759036266
|move|p1a: Cinderace|Sucker Punch|p2a: Iron Valiant
|-resisted|p2a: Iron Valiant
|-damage|p2a: Iron Valiant|0 fnt
|faint|p2a: Iron Valiant
|-end|p2a: Iron Valiant|Quark Drive|[silent]
|
|upkeep
|
|t:|1759036269
|switch|p2a: Kingambit|Kingambit, F|100/100
|-damage|p2a: Kingambit|94/100|[from] Stealth Rock
|-activate|p2a: Kingambit|ability: Supreme Overlord
|-start|p2a: Kingambit|fallen4|[silent]
|turn|12
|
|t:|1759036277
|switch|p1a: Dragonite|Dragonite, F|100/100
|move|p2a: Kingambit|Sucker Punch||[still]
|-fail|p2a: Kingambit
|
|upkeep
|turn|13
|
|t:|1759036282
|-end|p2a: Kingambit|fallen4|[silent]
|switch|p2a: Primarina|Primarina, F|32/100
|-damage|p2a: Primarina|20/100|[from] Stealth Rock
|move|p1a: Dragonite|Earthquake|p2a: Primarina
|-damage|p2a: Primarina|0 fnt
|faint|p2a: Primarina
|
|upkeep
|
|t:|1759036284
|switch|p2a: Kingambit|Kingambit, F|94/100
|-damage|p2a: Kingambit|88/100|[from] Stealth Rock
|-activate|p2a: Kingambit|ability: Supreme Overlord
|-start|p2a: Kingambit|fallen5|[silent]
|turn|14
|
|t:|1759036287
|-terastallize|p2a: Kingambit|Dark
|move|p1a: Dragonite|Earthquake|p2a: Kingambit
|-damage|p2a: Kingambit|56/100
|move|p2a: Kingambit|Kowtow Cleave|p1a: Dragonite
|-damage|p1a: Dragonite|29/100
|
|upkeep
|turn|15
|
|t:|1759036292
|move|p1a: Dragonite|Extreme Speed|p2a: Kingambit
|-damage|p2a: Kingambit|27/100
|move|p2a: Kingambit|Kowtow Cleave|p1a: Dragonite
|-damage|p1a: Dragonite|0 fnt
|faint|p1a: Dragonite
|
|upkeep
|
|t:|1759036299
|switch|p1a: Garchomp|Garchomp, F|100/100
|-status|p1a: Garchomp|psn
|-damage|p1a: Garchomp|94/100 psn|[from] Stealth Rock
|turn|16
|
|t:|1759036305
|move|p2a: Kingambit|Sucker Punch|p1a: Garchomp
|-damage|p1a: Garchomp|0 fnt
|-damage|p2a: Kingambit|15/100|[from] ability: Rough Skin|[of] p1a: Garchomp
|faint|p1a: Garchomp
|
|upkeep
|
|t:|1759036308
|switch|p1a: Cinderace|Cinderace, F|32/100
|turn|17
|
|t:|1759036316
|move|p1a: Cinderace|Sucker Punch|p2a: Kingambit
|-resisted|p2a: Kingambit
|-damage|p2a: Kingambit|6/100
|move|p2a: Kingambit|Kowtow Cleave|p1a: Cinderace
|-damage|p1a: Cinderace|0 fnt
|faint|p1a: Cinderace
|
|upkeep
|
|t:|1759036320
|switch|p1a: Iron Crown|Iron Crown|100/100
|-damage|p1a: Iron Crown|94/100|[from] Stealth Rock
|turn|18
|-message|kebab.ixx forfeited.
|
|win|suhui_
|raw|kebab.ixx's rating: 1666 &rarr; <strong>1647</strong><br />(-19 for losing)
|raw|suhui_'s rating: 1678 &rarr; <strong>1697</strong><br />(+19 for winning)
|l|☆kebab.ixx
|player|p1|
|l|☆suhui_
|player|p2|
