|j|‽Kindofnewbie
|j|☆eaycee88
|t:|1758960003
|gametype|singles
|player|p1|Kindofnewbie|lucas|1106
|player|p2|eaycee88|266|1153
|gen|9
|tier|[Gen 9] OU
|rated|
|rule|HP Percentage Mod: HP is shown in percentages
|rule|Endless Battle Clause: Forcing endless battles is banned
|rule|Species Clause: Limit one of each Pokémon
|rule|OHKO Clause: OHKO moves are banned
|rule|Evasion Items Clause: Evasion items are banned
|rule|Evasion Moves Clause: Evasion moves are banned
|rule|Evasion Abilities Clause: Evasion abilities are banned
|rule|Sleep Moves Clause: Sleep-inducing moves are banned
|clearpoke
|poke|p1|Swalot, M|
|poke|p1|Mew|
|poke|p1|Araquanid, M|
|poke|p1|Conkeldurr, M|
|poke|p1|Gengar, M|
|poke|p1|Volbeat, M|
|poke|p2|Darkrai|
|poke|p2|Quaquaval, M|
|poke|p2|Garganacl, M|
|poke|p2|Goodra-Hisui, F|
|poke|p2|Dragonite, M|
|poke|p2|Latios, M|
|teampreview
|inactive|Battle timer is ON: inactive players will automatically lose when time's up. (requested by Kindofnewbie)
|
|t:|1758960010
|teamsize|p1|6
|teamsize|p2|6
|start
|switch|p1a: Araquanid|Araquanid, M|100/100
|switch|p2a: Latios|Latios, M|100/100
|turn|1
|
|t:|1758960017
|move|p2a: Latios|Calm Mind|p2a: Latios
|-boost|p2a: Latios|spa|1
|-boost|p2a: Latios|spd|1
|move|p1a: Araquanid|Leech Life|p2a: Latios
|-supereffective|p2a: Latios
|-enditem|p2a: Latios|Focus Sash
|-damage|p2a: Latios|1/100
|
|upkeep
|turn|2
|
|t:|1758960025
|move|p2a: Latios|Luster Purge|p1a: Araquanid
|-damage|p1a: Araquanid|38/100
|-unboost|p1a: Araquanid|spd|1
|move|p1a: Araquanid|Leech Life|p2a: Latios
|-supereffective|p2a: Latios
|-damage|p2a: Latios|0 fnt
|-heal|p1a: Araquanid|39/100|[from] drain|[of] p2a: Latios
|faint|p2a: Latios
|
|upkeep
|
|t:|1758960039
|switch|p2a: Quaquaval|Quaquaval, M|100/100
|turn|3
|inactive|Kindofnewbie has 120 seconds left.
|inactive|Kindofnewbie has 90 seconds left.
|
|t:|1758960104
|switch|p1a: Volbeat|Volbeat, M|100/100
|move|p2a: Quaquaval|Close Combat|p1a: Volbeat
|-resisted|p1a: Volbeat
|-damage|p1a: Volbeat|63/100
|-unboost|p2a: Quaquaval|def|1
|-unboost|p2a: Quaquaval|spd|1
|
|upkeep
|turn|4
|
|t:|1758960113
|move|p1a: Volbeat|Encore|p2a: Quaquaval
|-start|p2a: Quaquaval|Encore
|move|p2a: Quaquaval|Close Combat|p1a: Volbeat
|-resisted|p1a: Volbeat
|-damage|p1a: Volbeat|26/100
|-unboost|p2a: Quaquaval|def|1
|-unboost|p2a: Quaquaval|spd|1
|
|upkeep
|turn|5
|
|t:|1758960117
|move|p1a: Volbeat|Roost|p1a: Volbeat
|-heal|p1a: Volbeat|76/100
|-singleturn|p1a: Volbeat|move: Roost
|move|p2a: Quaquaval|Close Combat|p1a: Volbeat
|-resisted|p1a: Volbeat
|-damage|p1a: Volbeat|35/100
|-unboost|p2a: Quaquaval|def|1
|-unboost|p2a: Quaquaval|spd|1
|
|upkeep
|turn|6
|
|t:|1758960122
|move|p1a: Volbeat|Roost|p1a: Volbeat
|-heal|p1a: Volbeat|85/100
|-singleturn|p1a: Volbeat|move: Roost
|move|p2a: Quaquaval|Close Combat|p1a: Volbeat
|-resisted|p1a: Volbeat
|-damage|p1a: Volbeat|44/100
|-unboost|p2a: Quaquaval|def|1
|-unboost|p2a: Quaquaval|spd|1
|
|-end|p2a: Quaquaval|Encore
|upkeep
|turn|7
|inactive|Kindofnewbie has 120 seconds left.
|
|t:|1758960139
|move|p1a: Volbeat|Encore|p2a: Quaquaval
|-start|p2a: Quaquaval|Encore
|move|p2a: Quaquaval|Close Combat|p1a: Volbeat
|-resisted|p1a: Volbeat
|-damage|p1a: Volbeat|3/100
|-unboost|p2a: Quaquaval|def|1
|-unboost|p2a: Quaquaval|spd|1
|
|upkeep
|turn|8
|
|t:|1758960145
|switch|p1a: Gengar|Gengar, M|100/100
|move|p2a: Quaquaval|Close Combat|p1a: Gengar
|-immune|p1a: Gengar
|
|upkeep
|turn|9
|inactive|Kindofnewbie has 120 seconds left.
|
|t:|1758960151
|switch|p2a: Goodra|Goodra-Hisui, F|100/100
|move|p1a: Gengar|Shadow Ball|p2a: Goodra
|-damage|p2a: Goodra|82/100
|
|upkeep
|turn|10
|
|t:|1758960158
|move|p1a: Gengar|Shadow Ball|p2a: Goodra
|-damage|p2a: Goodra|63/100
|move|p2a: Goodra|Dragon Pulse|p1a: Gengar
|-damage|p1a: Gengar|30/100
|-start|p2a: Goodra|Disable|Dragon Pulse|[from] ability: Cursed Body|[of] p1a: Gengar
|
|upkeep
|turn|11
|
|t:|1758960165
|move|p1a: Gengar|Encore|p2a: Goodra
|-start|p2a: Goodra|Encore
|cant|p2a: Goodra|Disable|Dragon Pulse
|
|upkeep
|turn|12
|
|t:|1758960169
|move|p1a: Gengar|Shadow Ball|p2a: Goodra
|-damage|p2a: Goodra|45/100
|-activate|p2a: Goodra|move: Struggle
|move|p2a: Goodra|Struggle|p1a: Gengar
|-damage|p1a: Gengar|12/100
|-damage|p2a: Goodra|20/100|[from] recoil
|
|upkeep
|turn|13
|
|t:|1758960177
|move|p1a: Gengar|Shadow Ball|p2a: Goodra
|-damage|p2a: Goodra|1/100
|-activate|p2a: Goodra|move: Struggle
|move|p2a: Goodra|Struggle|p1a: Gengar
|-damage|p1a: Gengar|0 fnt
|faint|p1a: Gengar
|-damage|p2a: Goodra|0 fnt|[from] recoil
|faint|p2a: Goodra
|
|upkeep
|
|t:|1758960192
|switch|p1a: Araquanid|Araquanid, M|39/100
|switch|p2a: Darkrai|Darkrai|100/100
|turn|14
|inactive|Kindofnewbie has 120 seconds left.
|
|t:|1758960226
|move|p2a: Darkrai|Dark Pulse|p1a: Araquanid
|-damage|p1a: Araquanid|4/100
|cant|p1a: Araquanid|flinch
|
|upkeep
|turn|15
|inactive|Kindofnewbie has 120 seconds left.
|
|t:|1758960238
|move|p2a: Darkrai|Dark Pulse|p1a: Araquanid
|-damage|p1a: Araquanid|0 fnt
|faint|p1a: Araquanid
|
|upkeep
|
|t:|1758960266
|switch|p1a: Volbeat|Volbeat, M|3/100
|turn|16
|
|t:|1758960271
|move|p1a: Volbeat|Encore|p2a: Darkrai
|-hint|Since gen 7, Dark is immune to Prankster moves.
|-immune|p2a: Darkrai
|move|p2a: Darkrai|Dark Pulse|p1a: Volbeat
|-damage|p1a: Volbeat|0 fnt
|faint|p1a: Volbeat
|
|upkeep
|
|t:|1758960277
|switch|p1a: Conkeldurr|Conkeldurr, M|100/100
|turn|17
|
|t:|1758960283
|move|p2a: Darkrai|Nasty Plot|p2a: Darkrai
|-boost|p2a: Darkrai|spa|2
|move|p1a: Conkeldurr|Bulk Up|p1a: Conkeldurr
|-boost|p1a: Conkeldurr|atk|1
|-boost|p1a: Conkeldurr|def|1
|
|upkeep
|turn|18
|
|t:|1758960288
|move|p2a: Darkrai|Sludge Bomb|p1a: Conkeldurr
|-damage|p1a: Conkeldurr|35/100
|move|p1a: Conkeldurr|Dynamic Punch|p2a: Darkrai
|-supereffective|p2a: Darkrai
|-crit|p2a: Darkrai
|-enditem|p2a: Darkrai|Focus Sash
|-damage|p2a: Darkrai|1/100
|-start|p2a: Darkrai|confusion
|
|upkeep
|turn|19
|
|t:|1758960296
|-activate|p2a: Darkrai|confusion
|move|p2a: Darkrai|Sludge Bomb|p1a: Conkeldurr
|-damage|p1a: Conkeldurr|0 fnt
|faint|p1a: Conkeldurr
|
|upkeep
|inactive|Kindofnewbie has 120 seconds left.
|
|t:|1758960314
|switch|p1a: Swalot|Swalot, M|100/100
|turn|20
|
|t:|1758960319
|-activate|p2a: Darkrai|confusion
|move|p2a: Darkrai|Dark Pulse|p1a: Swalot
|-damage|p1a: Swalot|19/100
|-enditem|p1a: Swalot|Starf Berry|[eat]
|-boost|p1a: Swalot|def|2|[from] item: Starf Berry
|move|p1a: Swalot|Stuff Cheeks||[still]
|-fail|p1a: Swalot
|
|upkeep
|turn|21
|
|t:|1758960328
|-activate|p2a: Darkrai|confusion
|move|p2a: Darkrai|Dark Pulse|p1a: Swalot
|-damage|p1a: Swalot|0 fnt
|faint|p1a: Swalot
|
|upkeep
|-message|Kindofnewbie forfeited.
|
|win|eaycee88
|raw|Kindofnewbie's rating: 1106 &rarr; <strong>1084</strong><br />(-22 for losing)
|raw|eaycee88's rating: 1153 &rarr; <strong>1175</strong><br />(+22 for winning)
|l|‽Kindofnewbie
|player|p1|
|l|☆eaycee88
|player|p2|
