|j|☆Cameron 2007
|j|☆mbmvmv
|t:|1759034863
|gametype|singles
|player|p1|Cameron 2007|saturn|1134
|player|p2|mbmvmv|266|1130
|gen|9
|tier|[Gen 9] OU
|rated|
|rule|HP Percentage Mod: HP is shown in percentages
|rule|Endless Battle Clause: Forcing endless battles is banned
|rule|Species Clause: Limit one of each Pokémon
|rule|OHKO Clause: OHKO moves are banned
|rule|Evasion Items Clause: Evasion items are banned
|rule|Evasion Moves Clause: Evasion moves are banned
|rule|Evasion Abilities Clause: Evasion abilities are banned
|rule|Sleep Moves Clause: Sleep-inducing moves are banned
|clearpoke
|poke|p1|Lokix, F|
|poke|p1|Cinderace, M|
|poke|p1|Great Tusk|
|poke|p1|Alomomola, M|
|poke|p1|Enamorus, F|
|poke|p1|Slowking-Galar, F|
|poke|p2|Great Tusk|
|poke|p2|Exeggutor, M|
|poke|p2|Ninetales, F|
|poke|p2|Iron Moth|
|poke|p2|Grimmsnarl, M|
|poke|p2|Dondozo, F|
|teampreview
|inactive|Battle timer is ON: inactive players will automatically lose when time's up. (requested by mbmvmv)
|inactive|Cameron 2007 has 120 seconds left.
|
|t:|1759034902
|teamsize|p1|6
|teamsize|p2|6
|start
|switch|p1a: Lokix|Lokix, F, shiny|100/100
|switch|p2a: Grimmsnarl|Grimmsnarl, M|100/100
|turn|1
|
|t:|1759034917
|switch|p1a: Enamorus|Enamorus, F|100/100
|move|p2a: Grimmsnarl|Reflect|p2a: Grimmsnarl
|-sidestart|p2: mbmvmv|Reflect
|
|upkeep
|turn|2
|
|t:|1759034924
|switch|p2a: Ninetales|Ninetales, F|100/100
|-weather|SunnyDay|[from] ability: Drought|[of] p2a: Ninetales
|move|p1a: Enamorus|Moonblast|p2a: Ninetales
|-resisted|p2a: Ninetales
|-damage|p2a: Ninetales|72/100
|
|-weather|SunnyDay|[upkeep]
|upkeep
|turn|3
|
|t:|1759034940
|switch|p1a: Slowking|Slowking-Galar, F|100/100
|switch|p2a: Great Tusk|Great Tusk|100/100
|-activate|p2a: Great Tusk|ability: Protosynthesis
|-start|p2a: Great Tusk|protosynthesisspe
|
|-weather|SunnyDay|[upkeep]
|upkeep
|turn|4
|
|t:|1759034949
|-terastallize|p2a: Great Tusk|Rock
|move|p2a: Great Tusk|Defense Curl|p2a: Great Tusk
|-boost|p2a: Great Tusk|def|1
|move|p1a: Slowking|Future Sight|p2a: Great Tusk
|-start|p1a: Slowking|move: Future Sight
|
|-weather|SunnyDay|[upkeep]
|upkeep
|turn|5
|
|t:|1759034968
|move|p2a: Great Tusk|Rollout|p1a: Slowking
|-damage|p1a: Slowking|80/100
|move|p1a: Slowking|Ice Beam|p2a: Great Tusk
|-damage|p2a: Great Tusk|75/100
|
|-weather|SunnyDay|[upkeep]
|upkeep
|turn|6
|
|t:|1759034973
|move|p2a: Great Tusk|Rollout|p1a: Slowking|[from] lockedmove
|-damage|p1a: Slowking|39/100
|move|p1a: Slowking|Ice Beam|p2a: Great Tusk
|-damage|p2a: Great Tusk|52/100
|
|-weather|SunnyDay|[upkeep]
|-end|p2a: Great Tusk|move: Future Sight
|-damage|p2a: Great Tusk|1/100
|upkeep
|turn|7
|
|t:|1759034984
|move|p2a: Great Tusk|Rollout|p1a: Slowking|[from] lockedmove
|-damage|p1a: Slowking|0 fnt
|faint|p1a: Slowking
|
|-weather|SunnyDay|[upkeep]
|upkeep
|
|t:|1759034988
|switch|p1a: Alomomola|Alomomola, M|100/100
|turn|8
|
|t:|1759034990
|move|p1a: Alomomola|Aqua Jet|p2a: Great Tusk
|-supereffective|p2a: Great Tusk
|-crit|p2a: Great Tusk
|-damage|p2a: Great Tusk|0 fnt
|faint|p2a: Great Tusk
|-end|p2a: Great Tusk|Protosynthesis|[silent]
|
|-weather|SunnyDay|[upkeep]
|-sideend|p2: mbmvmv|Reflect
|upkeep
|
|t:|1759034993
|switch|p2a: Exeggutor|Exeggutor, M|100/100
|turn|9
|
|t:|1759035002
|switch|p2a: Grimmsnarl|Grimmsnarl, M|100/100
|move|p1a: Alomomola|Mirror Coat||[still]
|-fail|p1a: Alomomola
|
|-weather|none
|upkeep
|turn|10
|
|t:|1759035009
|move|p2a: Grimmsnarl|Reflect|p2a: Grimmsnarl
|-sidestart|p2: mbmvmv|Reflect
|move|p1a: Alomomola|Flip Turn|p2a: Grimmsnarl
|-damage|p2a: Grimmsnarl|94/100
|
|t:|1759035022
|switch|p1a: Great Tusk|Great Tusk|100/100|[from] Flip Turn
|
|upkeep
|turn|11
|
|t:|1759035030
|move|p2a: Grimmsnarl|Parting Shot|p1a: Great Tusk
|-unboost|p1a: Great Tusk|atk|1
|-unboost|p1a: Great Tusk|spa|1
|
|t:|1759035033
|switch|p2a: Ninetales|Ninetales, F|72/100|[from] Parting Shot
|-weather|SunnyDay|[from] ability: Drought|[of] p2a: Ninetales
|-activate|p1a: Great Tusk|ability: Protosynthesis
|-start|p1a: Great Tusk|protosynthesisdef
|move|p1a: Great Tusk|Knock Off|p2a: Ninetales
|-damage|p2a: Ninetales|61/100
|-enditem|p2a: Ninetales|Heat Rock|[from] move: Knock Off|[of] p1a: Great Tusk
|
|-weather|SunnyDay|[upkeep]
|upkeep
|turn|12
|
|t:|1759035047
|-end|p1a: Great Tusk|Protosynthesis|[silent]
|switch|p1a: Alomomola|Alomomola, M|100/100
|move|p2a: Ninetales|Will-O-Wisp|p1a: Alomomola
|-status|p1a: Alomomola|brn
|
|-weather|SunnyDay|[upkeep]
|-damage|p1a: Alomomola|94/100 brn|[from] brn
|upkeep
|turn|13
|
|t:|1759035057
|switch|p2a: Iron Moth|Iron Moth|100/100
|-enditem|p2a: Iron Moth|Booster Energy
|-activate|p2a: Iron Moth|ability: Quark Drive|[fromitem]
|-start|p2a: Iron Moth|quarkdrivespe
|move|p1a: Alomomola|Mirror Coat||[still]
|-fail|p1a: Alomomola
|
|-weather|SunnyDay|[upkeep]
|-damage|p1a: Alomomola|88/100 brn|[from] brn
|upkeep
|turn|14
|
|t:|1759035060
|move|p1a: Alomomola|Aqua Jet|p2a: Iron Moth
|-supereffective|p2a: Iron Moth
|-damage|p2a: Iron Moth|96/100
|move|p2a: Iron Moth|Discharge|p1a: Alomomola
|-supereffective|p1a: Alomomola
|-damage|p1a: Alomomola|60/100 brn
|
|-weather|SunnyDay|[upkeep]
|-damage|p1a: Alomomola|53/100 brn|[from] brn
|upkeep
|turn|15
|
|t:|1759035071
|move|p2a: Iron Moth|Fiery Dance|p1a: Alomomola
|-resisted|p1a: Alomomola
|-damage|p1a: Alomomola|38/100 brn
|move|p1a: Alomomola|Mirror Coat|p2a: Iron Moth
|-damage|p2a: Iron Moth|46/100
|
|-weather|SunnyDay|[upkeep]
|-damage|p1a: Alomomola|32/100 brn|[from] brn
|upkeep
|turn|16
|
|t:|1759035076
|move|p2a: Iron Moth|Discharge|p1a: Alomomola
|-supereffective|p1a: Alomomola
|-damage|p1a: Alomomola|6/100 brn
|move|p1a: Alomomola|Flip Turn|p2a: Iron Moth
|-supereffective|p2a: Iron Moth
|-damage|p2a: Iron Moth|40/100
|
|t:|1759035088
|switch|p1a: Enamorus|Enamorus, F|100/100|[from] Flip Turn
|
|-weather|SunnyDay|[upkeep]
|upkeep
|turn|17
|
|t:|1759035091
|move|p2a: Iron Moth|Sludge Wave|p1a: Enamorus
|-supereffective|p1a: Enamorus
|-damage|p1a: Enamorus|0 fnt
|faint|p1a: Enamorus
|
|-weather|SunnyDay|[upkeep]
|-sideend|p2: mbmvmv|Reflect
|upkeep
|
|t:|1759035098
|switch|p1a: Great Tusk|Great Tusk|100/100
|-activate|p1a: Great Tusk|ability: Protosynthesis
|-start|p1a: Great Tusk|protosynthesisdef
|turn|18
|
|t:|1759035103
|move|p2a: Iron Moth|Dazzling Gleam|p1a: Great Tusk
|-supereffective|p1a: Great Tusk
|-damage|p1a: Great Tusk|34/100
|move|p1a: Great Tusk|Knock Off|p2a: Iron Moth
|-damage|p2a: Iron Moth|10/100
|
|-weather|none
|-end|p1a: Great Tusk|Protosynthesis
|upkeep
|turn|19
|
|t:|1759035109
|-end|p1a: Great Tusk|Protosynthesis|[silent]
|switch|p1a: Cinderace|Cinderace, M|100/100
|move|p2a: Iron Moth|Dazzling Gleam|p1a: Cinderace
|-resisted|p1a: Cinderace
|-damage|p1a: Cinderace|83/100
|
|upkeep
|turn|20
|
|t:|1759035116
|-end|p2a: Iron Moth|Quark Drive|[silent]
|switch|p2a: Ninetales|Ninetales, F|61/100
|-weather|SunnyDay|[from] ability: Drought|[of] p2a: Ninetales
|move|p1a: Cinderace|Pyro Ball|p2a: Ninetales
|-resisted|p2a: Ninetales
|-damage|p2a: Ninetales|19/100
|
|-weather|SunnyDay|[upkeep]
|upkeep
|turn|21
|
|t:|1759035124
|move|p1a: Cinderace|Pyro Ball|p2a: Ninetales
|-resisted|p2a: Ninetales
|-damage|p2a: Ninetales|0 fnt
|faint|p2a: Ninetales
|
|-weather|SunnyDay|[upkeep]
|upkeep
|
|t:|1759035127
|switch|p2a: Dondozo|Dondozo, F|100/100
|turn|22
|
|t:|1759035131
|move|p1a: Cinderace|U-turn|p2a: Dondozo
|-damage|p2a: Dondozo|90/100
|
|t:|1759035135
|switch|p1a: Alomomola|Alomomola, M|39/100 brn|[from] U-turn
|move|p2a: Dondozo|Curse|p2a: Dondozo
|-unboost|p2a: Dondozo|spe|1
|-boost|p2a: Dondozo|atk|1
|-boost|p2a: Dondozo|def|1
|
|-weather|SunnyDay|[upkeep]
|-heal|p2a: Dondozo|96/100|[from] item: Leftovers
|-damage|p1a: Alomomola|33/100 brn|[from] brn
|upkeep
|turn|23
|
|t:|1759035142
|move|p1a: Alomomola|Flip Turn|p2a: Dondozo
|-resisted|p2a: Dondozo
|-damage|p2a: Dondozo|95/100
|
|t:|1759035146
|switch|p1a: Great Tusk|Great Tusk|34/100|[from] Flip Turn
|-activate|p1a: Great Tusk|ability: Protosynthesis
|-start|p1a: Great Tusk|protosynthesisdef
|move|p2a: Dondozo|Curse|p2a: Dondozo
|-unboost|p2a: Dondozo|spe|1
|-boost|p2a: Dondozo|atk|1
|-boost|p2a: Dondozo|def|1
|
|-weather|SunnyDay|[upkeep]
|-heal|p2a: Dondozo|100/100|[from] item: Leftovers
|upkeep
|turn|24
|
|t:|1759035156
|move|p1a: Great Tusk|Knock Off|p2a: Dondozo
|-damage|p2a: Dondozo|93/100
|-enditem|p2a: Dondozo|Leftovers|[from] move: Knock Off|[of] p1a: Great Tusk
|move|p2a: Dondozo|Curse|p2a: Dondozo
|-unboost|p2a: Dondozo|spe|1
|-boost|p2a: Dondozo|atk|1
|-boost|p2a: Dondozo|def|1
|
|-weather|none
|-end|p1a: Great Tusk|Protosynthesis
|upkeep
|turn|25
|
|t:|1759035162
|move|p1a: Great Tusk|Bulk Up|p1a: Great Tusk
|-boost|p1a: Great Tusk|atk|1
|-boost|p1a: Great Tusk|def|1
|move|p2a: Dondozo|Curse|p2a: Dondozo
|-unboost|p2a: Dondozo|spe|1
|-boost|p2a: Dondozo|atk|1
|-boost|p2a: Dondozo|def|1
|
|upkeep
|turn|26
|
|t:|1759035168
|move|p1a: Great Tusk|Rapid Spin|p2a: Dondozo
|-crit|p2a: Dondozo
|-damage|p2a: Dondozo|79/100
|-boost|p1a: Great Tusk|spe|1
|move|p2a: Dondozo|Curse|p2a: Dondozo
|-unboost|p2a: Dondozo|spe|1
|-boost|p2a: Dondozo|atk|1
|-boost|p2a: Dondozo|def|1
|
|upkeep
|turn|27
|
|t:|1759035183
|move|p1a: Great Tusk|Bulk Up|p1a: Great Tusk
|-boost|p1a: Great Tusk|atk|1
|-boost|p1a: Great Tusk|def|1
|move|p2a: Dondozo|Curse|p2a: Dondozo
|-unboost|p2a: Dondozo|spe|1
|-boost|p2a: Dondozo|atk|1
|-boost|p2a: Dondozo|def|1
|
|upkeep
|turn|28
|
|t:|1759035188
|move|p1a: Great Tusk|Bulk Up|p1a: Great Tusk
|-boost|p1a: Great Tusk|atk|1
|-boost|p1a: Great Tusk|def|1
|move|p2a: Dondozo|Body Press|p1a: Great Tusk
|-damage|p1a: Great Tusk|0 fnt
|faint|p1a: Great Tusk
|-end|p1a: Great Tusk|Protosynthesis|[silent]
|
|upkeep
|
|t:|1759035196
|switch|p1a: Lokix|Lokix, F, shiny|100/100
|turn|29
|
|t:|1759035199
|move|p1a: Lokix|First Impression|p2a: Dondozo
|-damage|p2a: Dondozo|70/100
|move|p2a: Dondozo|Body Press|p1a: Lokix
|-damage|p1a: Lokix|0 fnt
|faint|p1a: Lokix
|
|upkeep
|
|t:|1759035204
|switch|p1a: Cinderace|Cinderace, M|83/100
|turn|30
|
|t:|1759035206
|move|p1a: Cinderace|Will-O-Wisp|p2a: Dondozo
|-status|p2a: Dondozo|brn
|move|p2a: Dondozo|Body Press|p1a: Cinderace
|-damage|p1a: Cinderace|37/100
|
|-damage|p2a: Dondozo|64/100 brn|[from] brn
|upkeep
|turn|31
|
|t:|1759035213
|move|p1a: Cinderace|Pyro Ball|p2a: Dondozo
|-resisted|p2a: Dondozo
|-damage|p2a: Dondozo|60/100 brn
|move|p2a: Dondozo|Body Press|p1a: Cinderace
|-damage|p1a: Cinderace|0 fnt
|faint|p1a: Cinderace
|
|-damage|p2a: Dondozo|54/100 brn|[from] brn
|upkeep
|
|t:|1759035217
|switch|p1a: Alomomola|Alomomola, M|66/100 brn
|turn|32
|
|t:|1759035222
|move|p1a: Alomomola|Aqua Jet|p2a: Dondozo
|-resisted|p2a: Dondozo
|-damage|p2a: Dondozo|54/100 brn
|move|p2a: Dondozo|Rest|p2a: Dondozo
|-status|p2a: Dondozo|slp|[from] move: Rest
|-heal|p2a: Dondozo|100/100 slp|[silent]
|
|-damage|p1a: Alomomola|60/100 brn|[from] brn
|upkeep
|turn|33
|
|t:|1759035228
|move|p1a: Alomomola|Body Slam|p2a: Dondozo
|-damage|p2a: Dondozo|99/100 slp
|cant|p2a: Dondozo|slp
|move|p2a: Dondozo|Sleep Talk|p2a: Dondozo
|move|p2a: Dondozo|Curse|p2a: Dondozo|[from] move: Sleep Talk
|
|-damage|p1a: Alomomola|54/100 brn|[from] brn
|upkeep
|turn|34
|
|t:|1759035232
|move|p1a: Alomomola|Body Slam|p2a: Dondozo
|-damage|p2a: Dondozo|98/100 slp
|cant|p2a: Dondozo|slp
|move|p2a: Dondozo|Sleep Talk|p2a: Dondozo
|move|p2a: Dondozo|Body Press|p1a: Alomomola|[from] move: Sleep Talk
|-damage|p1a: Alomomola|0 fnt
|faint|p1a: Alomomola
|
|win|mbmvmv
|raw|Cameron 2007's rating: 1134 &rarr; <strong>1109</strong><br />(-25 for losing)
|raw|mbmvmv's rating: 1130 &rarr; <strong>1155</strong><br />(+25 for winning)
|l|☆Cameron 2007
|player|p1|
