|j|☆ggzbroski
|j|☆Noxthebest10
|t:|1758961941
|gametype|singles
|player|p1|ggzbroski|169|1135
|player|p2|Noxthebest10|1|1186
|gen|9
|tier|[Gen 9] OU
|rated|
|rule|HP Percentage Mod: HP is shown in percentages
|rule|Endless Battle Clause: Forcing endless battles is banned
|rule|Species Clause: Limit one of each Pokémon
|rule|OHKO Clause: OHKO moves are banned
|rule|Evasion Items Clause: Evasion items are banned
|rule|Evasion Moves Clause: Evasion moves are banned
|rule|Evasion Abilities Clause: Evasion abilities are banned
|rule|Sleep Moves Clause: Sleep-inducing moves are banned
|clearpoke
|poke|p1|Darkrai|
|poke|p1|Raging Bolt|
|poke|p1|Great Tusk|
|poke|p1|Heatran, M|
|poke|p1|Dragapult, F|
|poke|p1|Scizor, M|
|poke|p2|Thundurus, M|
|poke|p2|Zamazenta-*|
|poke|p2|Dragapult, F|
|poke|p2|Araquanid, M|
|poke|p2|Toxtricity-Low-Key, F|
|poke|p2|Metagross|
|teampreview
|inactive|Battle timer is ON: inactive players will automatically lose when time's up. (requested by Noxthebest10)
|inactive|Noxthebest10 has 120 seconds left.
|inactive|Noxthebest10 has 90 seconds left.
|c|☆ggzbroski|mym lmaol
|c|☆ggzbroski|getting bored
|
|t:|1758962024
|teamsize|p1|6
|teamsize|p2|6
|start
|switch|p1a: Darkrai|Darkrai|100/100
|switch|p2a: Araquanid|Araquanid, M|100/100
|-item|p1a: Darkrai|Air Balloon
|turn|1
|
|t:|1758962031
|-terastallize|p1a: Darkrai|Electric
|move|p1a: Darkrai|Charge Beam|p2a: Araquanid
|-supereffective|p2a: Araquanid
|-damage|p2a: Araquanid|51/100
|move|p2a: Araquanid|Sticky Web|p1a: Darkrai
|-sidestart|p1: ggzbroski|move: Sticky Web
|
|-heal|p2a: Araquanid|57/100|[from] item: Leftovers
|upkeep
|turn|2
|
|t:|1758962047
|move|p1a: Darkrai|Charge Beam|p2a: Araquanid
|-supereffective|p2a: Araquanid
|-damage|p2a: Araquanid|13/100
|move|p2a: Araquanid|Liquidation|p1a: Darkrai
|-damage|p1a: Darkrai|39/100
|-unboost|p1a: Darkrai|def|1
|-enditem|p1a: Darkrai|Air Balloon
|
|-heal|p2a: Araquanid|19/100|[from] item: Leftovers
|upkeep
|turn|3
|
|t:|1758962057
|move|p1a: Darkrai|Charge Beam|p2a: Araquanid
|-supereffective|p2a: Araquanid
|-damage|p2a: Araquanid|0 fnt
|-boost|p1a: Darkrai|spa|1
|faint|p2a: Araquanid
|
|upkeep
|inactive|Noxthebest10 has 120 seconds left.
|
|t:|1758962075
|switch|p2a: Toxtricity|Toxtricity-Low-Key, F|100/100
|turn|4
|
|t:|1758962081
|move|p1a: Darkrai|Dark Pulse|p2a: Toxtricity
|-damage|p2a: Toxtricity|0 fnt
|faint|p2a: Toxtricity
|
|upkeep
|
|t:|1758962092
|switch|p2a: Dragapult|Dragapult, F|100/100
|turn|5
|
|t:|1758962099
|move|p2a: Dragapult|Flamethrower|p1a: Darkrai
|-damage|p1a: Darkrai|1/100
|move|p1a: Darkrai|Dark Pulse|p2a: Dragapult
|-supereffective|p2a: Dragapult
|-damage|p2a: Dragapult|0 fnt
|faint|p2a: Dragapult
|
|upkeep
|c|☆ggzbroski|?
|c|☆ggzbroski|just could have used draco meteor n switched lmao
|inactive|Noxthebest10 has 120 seconds left.
|
|t:|1758962116
|switch|p2a: Metagross|Metagross, shiny|100/100
|turn|6
|
|t:|1758962122
|move|p2a: Metagross|Bullet Punch|p1a: Darkrai
|-resisted|p1a: Darkrai
|-crit|p1a: Darkrai
|-damage|p1a: Darkrai|0 fnt
|faint|p1a: Darkrai
|
|upkeep
|
|t:|1758962126
|switch|p1a: Scizor|Scizor, M|100/100
|-activate|p1a: Scizor|move: Sticky Web
|-unboost|p1a: Scizor|spe|1
|turn|7
|c|☆Noxthebest10|bruh
|inactive|Noxthebest10 has 120 seconds left.
|
|t:|1758962150
|-terastallize|p2a: Metagross|Ground
|move|p2a: Metagross|Earthquake|p1a: Scizor
|-damage|p1a: Scizor|44/100
|move|p1a: Scizor|Close Combat|p2a: Metagross
|-damage|p2a: Metagross|46/100
|-unboost|p1a: Scizor|def|1
|-unboost|p1a: Scizor|spd|1
|
|upkeep
|turn|8
|inactive|Noxthebest10 has 120 seconds left.
|
|t:|1758962162
|switch|p1a: Heatran|Heatran, M|100/100
|-activate|p1a: Heatran|move: Sticky Web
|-unboost|p1a: Heatran|spe|1
|move|p2a: Metagross|Earthquake|p1a: Heatran
|-supereffective|p1a: Heatran
|-damage|p1a: Heatran|0 fnt
|faint|p1a: Heatran
|
|upkeep
|
|t:|1758962164
|switch|p1a: Scizor|Scizor, M|44/100
|-activate|p1a: Scizor|move: Sticky Web
|-unboost|p1a: Scizor|spe|1
|turn|9
|
|t:|1758962174
|move|p1a: Scizor|Bullet Punch|p2a: Metagross
|-damage|p2a: Metagross|10/100
|move|p2a: Metagross|Earthquake|p1a: Scizor
|-damage|p1a: Scizor|0 fnt
|faint|p1a: Scizor
|
|upkeep
|
|t:|1758962180
|switch|p1a: Dragapult|Dragapult, F|100/100
|-activate|p1a: Dragapult|move: Sticky Web
|-unboost|p1a: Dragapult|spe|1
|turn|10
|
|t:|1758962189
|move|p2a: Metagross|Bullet Punch|p1a: Dragapult
|-damage|p1a: Dragapult|73/100
|move|p1a: Dragapult|Shadow Ball|p2a: Metagross
|-damage|p2a: Metagross|0 fnt
|faint|p2a: Metagross
|
|upkeep
|
|t:|1758962201
|switch|p2a: Thundurus|Thundurus, M|100/100
|turn|11
|
|t:|1758962205
|switch|p1a: Raging Bolt|Raging Bolt|100/100
|-activate|p1a: Raging Bolt|move: Sticky Web
|-unboost|p1a: Raging Bolt|spe|1
|-enditem|p1a: Raging Bolt|Booster Energy
|-activate|p1a: Raging Bolt|ability: Protosynthesis|[fromitem]
|-start|p1a: Raging Bolt|protosynthesisspa
|move|p2a: Thundurus|Dark Pulse|p1a: Raging Bolt
|-damage|p1a: Raging Bolt|79/100
|
|upkeep
|turn|12
|
|t:|1758962217
|move|p2a: Thundurus|Dark Pulse|p1a: Raging Bolt
|-damage|p1a: Raging Bolt|58/100
|move|p1a: Raging Bolt|Calm Mind|p1a: Raging Bolt
|-boost|p1a: Raging Bolt|spa|1
|-boost|p1a: Raging Bolt|spd|1
|
|upkeep
|turn|13
|
|t:|1758962225
|move|p2a: Thundurus|Dark Pulse|p1a: Raging Bolt
|-damage|p1a: Raging Bolt|41/100
|move|p1a: Raging Bolt|Discharge|p2a: Thundurus
|-damage|p2a: Thundurus|0 fnt
|faint|p2a: Thundurus
|
|upkeep
|
|t:|1758962232
|switch|p2a: Zamazenta|Zamazenta|100/100
|-ability|p2a: Zamazenta|Dauntless Shield|boost
|-boost|p2a: Zamazenta|def|1
|turn|14
|
|t:|1758962242
|move|p1a: Raging Bolt|Thunderclap||[still]
|-fail|p1a: Raging Bolt
|move|p2a: Zamazenta|Iron Defense|p2a: Zamazenta
|-boost|p2a: Zamazenta|def|2
|
|upkeep
|turn|15
|
|t:|1758962249
|move|p1a: Raging Bolt|Thunderclap||[still]
|-fail|p1a: Raging Bolt
|move|p2a: Zamazenta|Iron Defense|p2a: Zamazenta
|-boost|p2a: Zamazenta|def|2
|
|upkeep
|turn|16
|
|t:|1758962260
|move|p2a: Zamazenta|Body Press|p1a: Raging Bolt
|-damage|p1a: Raging Bolt|0 fnt
|faint|p1a: Raging Bolt
|-end|p1a: Raging Bolt|Protosynthesis|[silent]
|
|upkeep
|
|t:|1758962264
|switch|p1a: Great Tusk|Great Tusk|100/100
|-activate|p1a: Great Tusk|move: Sticky Web
|-unboost|p1a: Great Tusk|spe|1
|turn|17
|
|t:|1758962270
|move|p2a: Zamazenta|Body Press|p1a: Great Tusk
|-damage|p1a: Great Tusk|31/100
|move|p1a: Great Tusk|Rapid Spin|p2a: Zamazenta
|-damage|p2a: Zamazenta|98/100
|-boost|p1a: Great Tusk|spe|1
|-sideend|p1: ggzbroski|Sticky Web|[from] move: Rapid Spin|[of] p1a: Great Tusk
|
|-heal|p2a: Zamazenta|100/100|[from] item: Leftovers
|-heal|p1a: Great Tusk|37/100|[from] item: Leftovers
|upkeep
|turn|18
|
|t:|1758962282
|move|p2a: Zamazenta|Body Press|p1a: Great Tusk
|-damage|p1a: Great Tusk|0 fnt
|faint|p1a: Great Tusk
|-end|p1a: Great Tusk|Protosynthesis|[silent]
|
|upkeep
|
|t:|1758962284
|switch|p1a: Dragapult|Dragapult, F|73/100
|turn|19
|
|t:|1758962293
|move|p1a: Dragapult|Draco Meteor|p2a: Zamazenta
|-damage|p2a: Zamazenta|37/100
|-unboost|p1a: Dragapult|spa|2
|move|p2a: Zamazenta|Crunch|p1a: Dragapult
|-supereffective|p1a: Dragapult
|-damage|p1a: Dragapult|16/100
|-unboost|p1a: Dragapult|def|1
|
|-heal|p2a: Zamazenta|43/100|[from] item: Leftovers
|upkeep
|turn|20
|
|t:|1758962303
|move|p1a: Dragapult|Draco Meteor|p2a: Zamazenta|[miss]
|-miss|p1a: Dragapult|p2a: Zamazenta
|move|p2a: Zamazenta|Crunch|p1a: Dragapult
|-supereffective|p1a: Dragapult
|-damage|p1a: Dragapult|0 fnt
|faint|p1a: Dragapult
|
|win|Noxthebest10
|raw|ggzbroski's rating: 1164 &rarr; <strong>1141</strong><br />(-23 for losing)
|raw|Noxthebest10's rating: 1186 &rarr; <strong>1209</strong><br />(+23 for winning)
|c|☆Noxthebest10|gg
|l|☆ggzbroski
|player|p1|
|l|☆Noxthebest10
|player|p2|
