|j|☆jstewartlambert
|j|☆im on a car
|t:|1758981388
|gametype|singles
|player|p1|jstewartlambert|ltsurge|1251
|player|p2|im on a car|boarder|1220
|gen|9
|tier|[Gen 9] OU
|rated|
|rule|HP Percentage Mod: HP is shown in percentages
|rule|Endless Battle Clause: Forcing endless battles is banned
|rule|Species Clause: Limit one of each Pokémon
|rule|OHKO Clause: OHKO moves are banned
|rule|Evasion Items Clause: Evasion items are banned
|rule|Evasion Moves Clause: Evasion moves are banned
|rule|Evasion Abilities Clause: Evasion abilities are banned
|rule|Sleep Moves Clause: Sleep-inducing moves are banned
|clearpoke
|poke|p1|Clefable, M|
|poke|p1|Gliscor, M|
|poke|p1|Jirachi|
|poke|p1|Serperior, F|
|poke|p1|Kyurem|
|poke|p1|Skeledirge, F|
|poke|p2|Darkrai|
|poke|p2|Ogerpon-Wellspring, F|
|poke|p2|Great Tusk|
|poke|p2|Gholdengo|
|poke|p2|Cinderace, F|
|poke|p2|Deoxys-Speed|
|teampreview
|inactive|Battle timer is ON: inactive players will automatically lose when time's up. (requested by im on a car)
|
|t:|1758981400
|teamsize|p1|6
|teamsize|p2|6
|start
|switch|p1a: Skeledirge|Skeledirge, F|100/100
|switch|p2a: Cinderace|Cinderace, F|100/100
|turn|1
|
|t:|1758981406
|move|p2a: Cinderace|U-turn|p1a: Skeledirge
|-start|p2a: Cinderace|typechange|Bug|[from] ability: Libero
|-resisted|p1a: Skeledirge
|-damage|p1a: Skeledirge|94/100
|
|t:|1758981418
|switch|p2a: Great Tusk|Great Tusk|100/100|[from] U-turn
|move|p1a: Skeledirge|Torch Song|p2a: Great Tusk
|-crit|p2a: Great Tusk
|-damage|p2a: Great Tusk|28/100
|-boost|p1a: Skeledirge|spa|1
|
|upkeep
|turn|2
|
|t:|1758981428
|-terastallize|p1a: Skeledirge|Fairy
|move|p2a: Great Tusk|Headlong Rush|p1a: Skeledirge
|-damage|p1a: Skeledirge|49/100
|-unboost|p2a: Great Tusk|def|1
|-unboost|p2a: Great Tusk|spd|1
|move|p1a: Skeledirge|Torch Song|p2a: Great Tusk
|-damage|p2a: Great Tusk|0 fnt
|-boost|p1a: Skeledirge|spa|1
|faint|p2a: Great Tusk
|-end|p2a: Great Tusk|Protosynthesis|[silent]
|
|upkeep
|
|t:|1758981435
|switch|p2a: Darkrai|Darkrai|100/100
|turn|3
|
|t:|1758981444
|switch|p1a: diddy diddler|Jirachi|100/100
|move|p2a: Darkrai|Sludge Bomb|p1a: diddy diddler
|-immune|p1a: diddy diddler
|
|upkeep
|turn|4
|
|t:|1758981451
|move|p2a: Darkrai|Will-O-Wisp|p1a: diddy diddler
|-status|p1a: diddy diddler|brn
|move|p1a: diddy diddler|Body Slam|p2a: Darkrai
|-damage|p2a: Darkrai|88/100
|
|-damage|p1a: diddy diddler|94/100 brn|[from] brn
|upkeep
|turn|5
|
|t:|1758981464
|switch|p1a: limp schlong|Serperior, F|100/100
|move|p2a: Darkrai|Dark Pulse|p1a: limp schlong
|-damage|p1a: limp schlong|38/100
|-damage|p2a: Darkrai|78/100|[from] item: Life Orb
|
|-heal|p1a: limp schlong|44/100|[from] item: Leftovers
|upkeep
|turn|6
|
|t:|1758981473
|move|p2a: Darkrai|Sludge Bomb|p1a: limp schlong
|-supereffective|p1a: limp schlong
|-damage|p1a: limp schlong|0 fnt
|faint|p1a: limp schlong
|-damage|p2a: Darkrai|68/100|[from] item: Life Orb
|
|upkeep
|
|t:|1758981477
|switch|p1a: Skeledirge|Skeledirge, F, tera:Fairy|49/100
|turn|7
|
|t:|1758981481
|move|p2a: Darkrai|Sludge Bomb|p1a: Skeledirge
|-supereffective|p1a: Skeledirge
|-damage|p1a: Skeledirge|0 fnt
|faint|p1a: Skeledirge
|-damage|p2a: Darkrai|58/100|[from] item: Life Orb
|
|upkeep
|-message|jstewartlambert forfeited.
|
|win|im on a car
|raw|jstewartlambert's rating: 1251 &rarr; <strong>1224</strong><br />(-27 for losing)
|raw|im on a car's rating: 1220 &rarr; <strong>1247</strong><br />(+27 for winning)
|l|☆jstewartlambert
|player|p1|
