|j|☆mismanette
|j|☆stunna_dave
|t:|1759034709
|gametype|singles
|player|p1|mismanette|dawn|1110
|player|p2|stunna_dave|swimmer-gen4|1171
|gen|9
|tier|[Gen 9] OU
|rated|
|rule|HP Percentage Mod: HP is shown in percentages
|rule|Endless Battle Clause: Forcing endless battles is banned
|rule|Species Clause: Limit one of each Pokémon
|rule|OHKO Clause: OHKO moves are banned
|rule|Evasion Items Clause: Evasion items are banned
|rule|Evasion Moves Clause: Evasion moves are banned
|rule|Evasion Abilities Clause: Evasion abilities are banned
|rule|Sleep Moves Clause: Sleep-inducing moves are banned
|clearpoke
|poke|p1|Clefable, F|
|poke|p1|Dragonite, M|
|poke|p1|Great Tusk|
|poke|p1|Serperior, M|
|poke|p1|Mandibuzz, F|
|poke|p1|Skeledirge, M|
|poke|p2|Corviknight, F|
|poke|p2|Ceruledge, F|
|poke|p2|Samurott-Hisui, F|
|poke|p2|Glimmora, F|
|poke|p2|Garganacl, M|
|poke|p2|Weavile, M|
|teampreview
|inactive|Battle timer is ON: inactive players will automatically lose when time's up. (requested by stunna_dave)
|
|t:|1759034716
|teamsize|p1|6
|teamsize|p2|6
|start
|switch|p1a: Great Tusk|Great Tusk|100/100
|switch|p2a: Glimmora|Glimmora, F|100/100
|turn|1
|c|☆mismanette|glhf
|
|t:|1759034722
|move|p1a: Great Tusk|Rapid Spin|p2a: Glimmora
|-resisted|p2a: Glimmora
|-damage|p2a: Glimmora|93/100
|-boost|p1a: Great Tusk|spe|1
|-activate|p2a: Glimmora|ability: Toxic Debris
|-sidestart|p1: mismanette|move: Toxic Spikes
|-sideend|p1: mismanette|Toxic Spikes|[from] move: Rapid Spin|[of] p1a: Great Tusk
|move|p2a: Glimmora|Energy Ball|p1a: Great Tusk
|-supereffective|p1a: Great Tusk
|-damage|p1a: Great Tusk|43/100
|
|upkeep
|turn|2
|
|t:|1759034731
|move|p1a: Great Tusk|Earthquake|p2a: Glimmora
|-supereffective|p2a: Glimmora
|-damage|p2a: Glimmora|0 fnt
|-activate|p2a: Glimmora|ability: Toxic Debris
|-sidestart|p1: mismanette|move: Toxic Spikes
|faint|p2a: Glimmora
|
|upkeep
|
|t:|1759034739
|switch|p2a: Weavile|Weavile, M|100/100
|turn|3
|inactive|mismanette has 120 seconds left.
|
|t:|1759034777
|move|p2a: Weavile|Ice Shard|p1a: Great Tusk
|-supereffective|p1a: Great Tusk
|-damage|p1a: Great Tusk|18/100
|move|p1a: Great Tusk|Brick Break|p2a: Weavile
|-supereffective|p2a: Weavile
|-damage|p2a: Weavile|0 fnt
|faint|p2a: Weavile
|
|upkeep
|
|t:|1759034786
|switch|p2a: Ceruledge|Ceruledge, F|100/100
|turn|4
|
|t:|1759034789
|move|p1a: Great Tusk|Knock Off|p2a: Ceruledge
|-supereffective|p2a: Ceruledge
|-damage|p2a: Ceruledge|23/100
|-ability|p2a: Ceruledge|Weak Armor|boost
|-unboost|p2a: Ceruledge|def|1
|-boost|p2a: Ceruledge|spe|2
|-enditem|p2a: Ceruledge|Focus Sash|[from] move: Knock Off|[of] p1a: Great Tusk
|move|p2a: Ceruledge|Swords Dance|p2a: Ceruledge
|-boost|p2a: Ceruledge|atk|2
|
|upkeep
|turn|5
|
|t:|1759034803
|move|p2a: Ceruledge|Shadow Sneak|p1a: Great Tusk
|-damage|p1a: Great Tusk|0 fnt
|faint|p1a: Great Tusk
|-end|p1a: Great Tusk|Protosynthesis|[silent]
|
|upkeep
|
|t:|1759034808
|switch|p1a: Mandibuzz|Mandibuzz, F|100/100
|turn|6
|
|t:|1759034813
|move|p2a: Ceruledge|Close Combat|p1a: Mandibuzz
|-damage|p1a: Mandibuzz|43/100
|-unboost|p2a: Ceruledge|def|1
|-unboost|p2a: Ceruledge|spd|1
|move|p1a: Mandibuzz|Foul Play|p2a: Ceruledge
|-supereffective|p2a: Ceruledge
|-damage|p2a: Ceruledge|0 fnt
|faint|p2a: Ceruledge
|
|-heal|p1a: Mandibuzz|49/100|[from] item: Leftovers
|upkeep
|
|t:|1759034822
|switch|p2a: Samurott|Samurott-Hisui, F, shiny|100/100
|turn|7
|
|t:|1759034825
|move|p2a: Samurott|Ceaseless Edge|p1a: Mandibuzz
|-resisted|p1a: Mandibuzz
|-damage|p1a: Mandibuzz|31/100
|-sidestart|p1: mismanette|Spikes
|-damage|p2a: Samurott|91/100|[from] item: Life Orb
|move|p1a: Mandibuzz|Defog|p2a: Samurott
|-unboost|p2a: Samurott|evasion|1
|-sideend|p1: mismanette|Spikes|[from] move: Defog|[of] p1a: Mandibuzz
|-sideend|p1: mismanette|Toxic Spikes|[from] move: Defog|[of] p1a: Mandibuzz
|
|-heal|p1a: Mandibuzz|37/100|[from] item: Leftovers
|upkeep
|turn|8
|
|t:|1759034835
|move|p2a: Samurott|Razor Shell|p1a: Mandibuzz
|-damage|p1a: Mandibuzz|0 fnt
|faint|p1a: Mandibuzz
|-damage|p2a: Samurott|81/100|[from] item: Life Orb
|
|upkeep
|
|t:|1759034840
|switch|p1a: Serperior|Serperior, M|100/100
|turn|9
|
|t:|1759034844
|move|p1a: Serperior|Leaf Storm|p2a: Samurott
|-supereffective|p2a: Samurott
|-damage|p2a: Samurott|0 fnt
|-boost|p1a: Serperior|spa|2
|faint|p2a: Samurott
|
|upkeep
|
|t:|1759034852
|switch|p2a: Corviknight|Corviknight, F|100/100
|-ability|p2a: Corviknight|Pressure
|turn|10
|
|t:|1759034859
|switch|p1a: Skeledirge|Skeledirge, M|100/100
|move|p2a: Corviknight|Body Press|p1a: Skeledirge
|-immune|p1a: Skeledirge
|
|upkeep
|turn|11
|
|t:|1759034864
|move|p2a: Corviknight|U-turn|p1a: Skeledirge
|-resisted|p1a: Skeledirge
|-damage|p1a: Skeledirge|98/100
|
|t:|1759034867
|switch|p2a: Garganacl|Garganacl, M|100/100|[from] U-turn
|move|p1a: Skeledirge|Will-O-Wisp|p2a: Garganacl
|-immune|p2a: Garganacl|[from] ability: Purifying Salt
|
|upkeep
|turn|12
|
|t:|1759034878
|switch|p1a: Clefable|Clefable, F|100/100
|move|p2a: Garganacl|Salt Cure|p1a: Clefable
|-damage|p1a: Clefable|87/100
|-start|p1a: Clefable|Salt Cure
|
|upkeep
|turn|13
|
|t:|1759034885
|move|p1a: Clefable|Calm Mind|p1a: Clefable
|-boost|p1a: Clefable|spa|1
|-boost|p1a: Clefable|spd|1
|move|p2a: Garganacl|Iron Defense|p2a: Garganacl
|-boost|p2a: Garganacl|def|2
|
|upkeep
|turn|14
|
|t:|1759034894
|move|p1a: Clefable|Calm Mind|p1a: Clefable
|-boost|p1a: Clefable|spa|1
|-boost|p1a: Clefable|spd|1
|move|p2a: Garganacl|Body Press|p1a: Clefable
|-resisted|p1a: Clefable
|-damage|p1a: Clefable|66/100
|
|upkeep
|turn|15
|
|t:|1759034900
|move|p1a: Clefable|Fire Blast|p2a: Garganacl|[miss]
|-miss|p1a: Clefable|p2a: Garganacl
|move|p2a: Garganacl|Body Press|p1a: Clefable
|-resisted|p1a: Clefable
|-damage|p1a: Clefable|44/100
|
|upkeep
|turn|16
|
|t:|1759034908
|move|p1a: Clefable|Moonlight|p1a: Clefable
|-heal|p1a: Clefable|94/100
|move|p2a: Garganacl|Body Press|p1a: Clefable
|-resisted|p1a: Clefable
|-damage|p1a: Clefable|70/100
|
|upkeep
|turn|17
|
|t:|1759034914
|move|p1a: Clefable|Calm Mind|p1a: Clefable
|-boost|p1a: Clefable|spa|1
|-boost|p1a: Clefable|spd|1
|move|p2a: Garganacl|Body Press|p1a: Clefable
|-resisted|p1a: Clefable
|-damage|p1a: Clefable|48/100
|
|upkeep
|turn|18
|
|t:|1759034920
|move|p1a: Clefable|Moonblast|p2a: Garganacl
|-damage|p2a: Garganacl|1/100
|move|p2a: Garganacl|Body Press|p1a: Clefable
|-resisted|p1a: Clefable
|-damage|p1a: Clefable|24/100
|
|-heal|p2a: Garganacl|7/100|[from] item: Leftovers
|upkeep
|turn|19
|
|t:|1759034928
|move|p1a: Clefable|Moonlight|p1a: Clefable
|-heal|p1a: Clefable|74/100
|move|p2a: Garganacl|Body Press|p1a: Clefable
|-resisted|p1a: Clefable
|-damage|p1a: Clefable|52/100
|
|-heal|p2a: Garganacl|14/100|[from] item: Leftovers
|upkeep
|turn|20
|
|t:|1759034935
|move|p1a: Clefable|Calm Mind|p1a: Clefable
|-boost|p1a: Clefable|spa|1
|-boost|p1a: Clefable|spd|1
|move|p2a: Garganacl|Iron Defense|p2a: Garganacl
|-boost|p2a: Garganacl|def|2
|
|-heal|p2a: Garganacl|20/100|[from] item: Leftovers
|upkeep
|turn|21
|
|t:|1759034942
|move|p1a: Clefable|Moonblast|p2a: Garganacl
|-damage|p2a: Garganacl|0 fnt
|faint|p2a: Garganacl
|
|upkeep
|
|t:|1759034946
|switch|p2a: Corviknight|Corviknight, F|100/100
|-ability|p2a: Corviknight|Pressure
|turn|22
|
|t:|1759034951
|-terastallize|p1a: Clefable|Steel
|move|p2a: Corviknight|Body Press|p1a: Clefable
|-supereffective|p1a: Clefable
|-damage|p1a: Clefable|5/100
|move|p1a: Clefable|Fire Blast|p2a: Corviknight
|-supereffective|p2a: Corviknight
|-damage|p2a: Corviknight|0 fnt
|faint|p2a: Corviknight
|
|win|mismanette
|raw|mismanette's rating: 1110 &rarr; <strong>1139</strong><br />(+29 for winning)
|raw|stunna_dave's rating: 1171 &rarr; <strong>1142</strong><br />(-29 for losing)
|c|☆mismanette|gg
