|j|☆lolcano46
|j|☆lerendezvous
|t:|1758979406
|gametype|singles
|player|p1|lolcano46|fisherman-gen4|1672
|player|p2|lerendezvous|101|1750
|gen|9
|tier|[Gen 9] OU
|rated|
|rule|HP Percentage Mod: HP is shown in percentages
|rule|Endless Battle Clause: Forcing endless battles is banned
|rule|Species Clause: Limit one of each Pokémon
|rule|OHKO Clause: OHKO moves are banned
|rule|Evasion Items Clause: Evasion items are banned
|rule|Evasion Moves Clause: Evasion moves are banned
|rule|Evasion Abilities Clause: Evasion abilities are banned
|rule|Sleep Moves Clause: Sleep-inducing moves are banned
|clearpoke
|poke|p1|Azelf|
|poke|p1|Ogerpon-Wellspring, F|
|poke|p1|Scizor, F|
|poke|p1|Gengar, M|
|poke|p1|Raging Bolt|
|poke|p1|Cinderace, M|
|poke|p2|Ogerpon-Wellspring, F|
|poke|p2|Slowking-Galar, M|
|poke|p2|Great Tusk|
|poke|p2|Moltres|
|poke|p2|Dragapult, F|
|poke|p2|Kingambit, M|
|teampreview
|inactive|Battle timer is ON: inactive players will automatically lose when time's up. (requested by lolcano46)
|inactive|lerendezvous also wants the timer to be on.
|inactive|lolcano46 has 120 seconds left.
|
|t:|1758979450
|teamsize|p1|6
|teamsize|p2|6
|start
|switch|p1a: Gengar|Gengar, M|100/100
|switch|p2a: Ogerpon|Ogerpon-Wellspring, F|100/100
|turn|1
|
|t:|1758979455
|switch|p2a: Slowking|Slowking-Galar, M|100/100
|move|p1a: Gengar|Sludge Bomb|p2a: Slowking
|-resisted|p2a: Slowking
|-damage|p2a: Slowking|88/100
|
|upkeep
|turn|2
|
|t:|1758979460
|switch|p1a: Cinderace|Cinderace, M|100/100
|move|p2a: Slowking|Flamethrower|p1a: Cinderace
|-resisted|p1a: Cinderace
|-crit|p1a: Cinderace
|-damage|p1a: Cinderace|71/100
|
|upkeep
|turn|3
|
|t:|1758979474
|switch|p1a: Raging Bolt|Raging Bolt|100/100
|-enditem|p1a: Raging Bolt|Booster Energy
|-activate|p1a: Raging Bolt|ability: Protosynthesis|[fromitem]
|-start|p1a: Raging Bolt|protosynthesisspa
|move|p2a: Slowking|Ice Beam|p1a: Raging Bolt
|-supereffective|p1a: Raging Bolt
|-damage|p1a: Raging Bolt|44/100
|
|upkeep
|turn|4
|
|t:|1758979480
|move|p1a: Raging Bolt|Thunderbolt|p2a: Slowking
|-damage|p2a: Slowking|55/100
|move|p2a: Slowking|Ice Beam|p1a: Raging Bolt
|-supereffective|p1a: Raging Bolt
|-damage|p1a: Raging Bolt|0 fnt
|faint|p1a: Raging Bolt
|-end|p1a: Raging Bolt|Protosynthesis|[silent]
|
|upkeep
|
|t:|1758979484
|switch|p1a: Ogerpon|Ogerpon-Wellspring, F|100/100
|turn|5
|
|t:|1758979489
|switch|p2a: Ogerpon|Ogerpon-Wellspring, F|100/100
|move|p1a: Ogerpon|Play Rough|p2a: Ogerpon
|-damage|p2a: Ogerpon|58/100
|
|upkeep
|turn|6
|
|t:|1758979494
|move|p2a: Ogerpon|U-turn|p1a: Ogerpon
|-supereffective|p1a: Ogerpon
|-damage|p1a: Ogerpon|25/100
|
|t:|1758979498
|switch|p2a: Kingambit|Kingambit, M|100/100|[from] U-turn
|move|p1a: Ogerpon|Horn Leech|p2a: Kingambit
|-resisted|p2a: Kingambit
|-damage|p2a: Kingambit|84/100
|-heal|p1a: Ogerpon|36/100|[from] drain|[of] p2a: Kingambit
|
|-heal|p2a: Kingambit|90/100|[from] item: Leftovers
|upkeep
|turn|7
|
|t:|1758979503
|switch|p1a: Cinderace|Cinderace, M|71/100
|move|p2a: Kingambit|Swords Dance|p2a: Kingambit
|-boost|p2a: Kingambit|atk|2
|
|-heal|p2a: Kingambit|96/100|[from] item: Leftovers
|upkeep
|turn|8
|
|t:|1758979507
|move|p2a: Kingambit|Sucker Punch||[still]
|-fail|p2a: Kingambit
|move|p1a: Cinderace|Will-O-Wisp|p2a: Kingambit
|-status|p2a: Kingambit|brn
|
|-heal|p2a: Kingambit|100/100 brn|[from] item: Leftovers
|-damage|p2a: Kingambit|94/100 brn|[from] brn
|upkeep
|turn|9
|
|t:|1758979518
|switch|p1a: Gengar|Gengar, M|100/100
|move|p2a: Kingambit|Sucker Punch||[still]
|-fail|p2a: Kingambit
|
|-heal|p2a: Kingambit|100/100 brn|[from] item: Leftovers
|-damage|p2a: Kingambit|94/100 brn|[from] brn
|upkeep
|turn|10
|
|t:|1758979522
|move|p1a: Gengar|Trick|p2a: Kingambit
|-activate|p1a: Gengar|move: Trick|[of] p2a: Kingambit
|-item|p2a: Kingambit|Choice Scarf|[from] move: Trick
|-item|p1a: Gengar|Leftovers|[from] move: Trick
|move|p2a: Kingambit|Iron Head|p1a: Gengar
|-damage|p1a: Gengar|19/100
|
|-heal|p1a: Gengar|25/100|[from] item: Leftovers
|-damage|p2a: Kingambit|88/100 brn|[from] brn
|upkeep
|turn|11
|
|t:|1758979531
|switch|p1a: Scizor|Scizor, F|100/100
|move|p2a: Kingambit|Iron Head|p1a: Scizor
|-resisted|p1a: Scizor
|-damage|p1a: Scizor|75/100
|
|-damage|p2a: Kingambit|82/100 brn|[from] brn
|upkeep
|turn|12
|
|t:|1758979539
|move|p2a: Kingambit|Iron Head|p1a: Scizor
|-resisted|p1a: Scizor
|-damage|p1a: Scizor|52/100
|move|p1a: Scizor|Swords Dance|p1a: Scizor
|-boost|p1a: Scizor|atk|2
|
|-damage|p2a: Kingambit|76/100 brn|[from] brn
|upkeep
|turn|13
|
|t:|1758979547
|move|p2a: Kingambit|Iron Head|p1a: Scizor
|-resisted|p1a: Scizor
|-damage|p1a: Scizor|30/100
|move|p1a: Scizor|Close Combat|p2a: Kingambit
|-supereffective|p2a: Kingambit
|-damage|p2a: Kingambit|0 fnt
|-unboost|p1a: Scizor|def|1
|-unboost|p1a: Scizor|spd|1
|faint|p2a: Kingambit
|-end|p2a: Kingambit|fallenundefined|[silent]
|
|upkeep
|
|t:|1758979558
|switch|p2a: Moltres|Moltres|100/100
|turn|14
|
|t:|1758979562
|move|p1a: Scizor|Bullet Punch|p2a: Moltres
|-resisted|p2a: Moltres
|-damage|p2a: Moltres|74/100
|move|p2a: Moltres|Flamethrower|p1a: Scizor
|-supereffective|p1a: Scizor
|-damage|p1a: Scizor|0 fnt
|faint|p1a: Scizor
|
|upkeep
|
|t:|1758979567
|switch|p1a: Azelf|Azelf|100/100
|turn|15
|
|t:|1758979571
|move|p1a: Azelf|Thunderbolt|p2a: Moltres
|-supereffective|p2a: Moltres
|-damage|p2a: Moltres|0 fnt
|faint|p2a: Moltres
|
|upkeep
|
|t:|1758979577
|switch|p2a: Dragapult|Dragapult, F|100/100
|turn|16
|
|t:|1758979582
|-terastallize|p1a: Azelf|Fairy
|move|p2a: Dragapult|Dragon Darts|p1a: Azelf
|-immune|p1a: Azelf
|move|p1a: Azelf|Dazzling Gleam|p2a: Dragapult
|-supereffective|p2a: Dragapult
|-damage|p2a: Dragapult|0 fnt
|faint|p2a: Dragapult
|
|upkeep
|
|t:|1758979587
|switch|p2a: Ogerpon|Ogerpon-Wellspring, F|58/100
|turn|17
|
|t:|1758979591
|move|p1a: Azelf|Psychic|p2a: Ogerpon
|-damage|p2a: Ogerpon|5/100
|move|p2a: Ogerpon|Power Whip|p1a: Azelf
|-damage|p1a: Azelf|0 fnt
|faint|p1a: Azelf
|
|upkeep
|
|t:|1758979596
|switch|p1a: Cinderace|Cinderace, M|71/100
|turn|18
|
|t:|1758979601
|switch|p2a: Great Tusk|Great Tusk|100/100
|move|p1a: Cinderace|Pyro Ball|p2a: Great Tusk
|-damage|p2a: Great Tusk|57/100
|
|upkeep
|turn|19
|
|t:|1758979608
|move|p1a: Cinderace|Will-O-Wisp|p2a: Great Tusk|[miss]
|-miss|p1a: Cinderace|p2a: Great Tusk
|move|p2a: Great Tusk|Headlong Rush|p1a: Cinderace
|-supereffective|p1a: Cinderace
|-damage|p1a: Cinderace|0 fnt
|-unboost|p2a: Great Tusk|def|1
|-unboost|p2a: Great Tusk|spd|1
|faint|p1a: Cinderace
|
|upkeep
|
|t:|1758979611
|switch|p1a: Gengar|Gengar, M|25/100
|turn|20
|
|t:|1758979615
|-end|p2a: Great Tusk|Protosynthesis|[silent]
|switch|p2a: Ogerpon|Ogerpon-Wellspring, F|5/100
|move|p1a: Gengar|Shadow Ball|p2a: Ogerpon
|-damage|p2a: Ogerpon|0 fnt
|faint|p2a: Ogerpon
|
|-heal|p1a: Gengar|31/100|[from] item: Leftovers
|upkeep
|
|t:|1758979619
|switch|p2a: Slowking|Slowking-Galar, M|88/100
|turn|21
|j| iamfrhaan007
|l| iamfrhaan007
|
|t:|1758979625
|move|p1a: Gengar|Shadow Ball|p2a: Slowking
|-supereffective|p2a: Slowking
|-damage|p2a: Slowking|42/100
|move|p2a: Slowking|Psyshock|p1a: Gengar
|-supereffective|p1a: Gengar
|-damage|p1a: Gengar|0 fnt
|faint|p1a: Gengar
|
|upkeep
|
|t:|1758979631
|switch|p1a: Ogerpon|Ogerpon-Wellspring, F|36/100
|turn|22
|
|t:|1758979635
|move|p1a: Ogerpon|Swords Dance|p1a: Ogerpon
|-boost|p1a: Ogerpon|atk|2
|move|p2a: Slowking|Sludge Bomb|p1a: Ogerpon
|-supereffective|p1a: Ogerpon
|-damage|p1a: Ogerpon|0 fnt
|faint|p1a: Ogerpon
|
|win|lerendezvous
|raw|lolcano46's rating: 1672 &rarr; <strong>1656</strong><br />(-16 for losing)
|raw|lerendezvous's rating: 1750 &rarr; <strong>1766</strong><br />(+16 for winning)
|l|☆lerendezvous
|player|p2|
|l|☆lolcano46
|player|p1|
