|j|☆noon tide pearl
|j|☆henry151th
|t:|1759052191
|gametype|singles
|player|p1|noon tide pearl|shadowtriad|1257
|player|p2|henry151th|wallace|1306
|gen|9
|tier|[Gen 9] OU
|rated|
|rule|HP Percentage Mod: HP is shown in percentages
|rule|Endless Battle Clause: Forcing endless battles is banned
|rule|Species Clause: Limit one of each Pokémon
|rule|OHKO Clause: OHKO moves are banned
|rule|Evasion Items Clause: Evasion items are banned
|rule|Evasion Moves Clause: Evasion moves are banned
|rule|Evasion Abilities Clause: Evasion abilities are banned
|rule|Sleep Moves Clause: Sleep-inducing moves are banned
|clearpoke
|poke|p1|Porygon2|
|poke|p1|Hatterene, F|
|poke|p1|Torkoal, M|
|poke|p1|Malamar, F|
|poke|p1|Ursaluna, F|
|poke|p1|Cresselia, F|
|poke|p2|Dragapult, M|
|poke|p2|Glimmora, M|
|poke|p2|Comfey, M|
|poke|p2|Kingambit, M|
|poke|p2|Ogerpon-Wellspring, F|
|poke|p2|Blaziken, M|
|teampreview
|inactive|Battle timer is ON: inactive players will automatically lose when time's up. (requested by henry151th)
|
|t:|1759052200
|teamsize|p1|6
|teamsize|p2|6
|start
|switch|p1a: Porygon2|Porygon2|100/100
|switch|p2a: Blaziken|Blaziken, M, shiny|100/100
|-ability|p1a: Porygon2|Download|boost
|-boost|p1a: Porygon2|spa|1
|turn|1
|
|t:|1759052204
|move|p2a: Blaziken|Close Combat|p1a: Porygon2
|-supereffective|p1a: Porygon2
|-damage|p1a: Porygon2|25/100
|-unboost|p2a: Blaziken|def|1
|-unboost|p2a: Blaziken|spd|1
|-damage|p2a: Blaziken|91/100|[from] item: Life Orb
|move|p1a: Porygon2|Trick Room|p1a: Porygon2
|-fieldstart|move: Trick Room|[of] p1a: Porygon2
|
|-ability|p2a: Blaziken|Speed Boost|boost
|-boost|p2a: Blaziken|spe|1
|upkeep
|turn|2
|
|t:|1759052212
|move|p2a: Blaziken|Protect|p2a: Blaziken
|-singleturn|p2a: Blaziken|Protect
|move|p1a: Porygon2|Tera Blast|p2a: Blaziken
|-activate|p2a: Blaziken|move: Protect
|
|-ability|p2a: Blaziken|Speed Boost|boost
|-boost|p2a: Blaziken|spe|1
|upkeep
|turn|3
|
|t:|1759052217
|switch|p2a: Dragapult|Dragapult, M, shiny|100/100
|move|p1a: Porygon2|Hyper Beam|p2a: Dragapult
|-immune|p2a: Dragapult
|
|upkeep
|turn|4
|
|t:|1759052229
|switch|p1a: Hatterene|Hatterene, F|100/100
|move|p2a: Dragapult|Dragon Darts|p1a: Hatterene
|-immune|p1a: Hatterene
|
|upkeep
|turn|5
|
|t:|1759052238
|switch|p1a: Malamar|Malamar, F|100/100
|-enditem|p1a: Malamar|Room Service
|-boost|p1a: Malamar|spe|1|[from] item: Room Service
|switch|p2a: Kingambit|Kingambit, M, shiny|100/100
|
|-fieldend|move: Trick Room
|upkeep
|turn|6
|
|t:|1759052247
|-end|p2a: Kingambit|fallenundefined|[silent]
|switch|p2a: Dragapult|Dragapult, M, shiny|100/100
|move|p1a: Malamar|Superpower|p2a: Dragapult
|-immune|p2a: Dragapult
|
|upkeep
|turn|7
|
|t:|1759052252
|move|p2a: Dragapult|Shadow Ball|p1a: Malamar
|-damage|p1a: Malamar|42/100
|-boost|p1a: Malamar|spd|1
|-damage|p2a: Dragapult|91/100|[from] item: Life Orb
|move|p1a: Malamar|Knock Off|p2a: Dragapult
|-supereffective|p2a: Dragapult
|-damage|p2a: Dragapult|0 fnt
|-enditem|p2a: Dragapult|Life Orb|[from] move: Knock Off|[of] p1a: Malamar
|faint|p2a: Dragapult
|
|upkeep
|
|t:|1759052256
|switch|p2a: Blaziken|Blaziken, M, shiny|91/100
|turn|8
|
|t:|1759052270
|move|p2a: Blaziken|Protect|p2a: Blaziken
|-singleturn|p2a: Blaziken|Protect
|move|p1a: Malamar|Psycho Cut|p2a: Blaziken
|-activate|p2a: Blaziken|move: Protect
|
|-ability|p2a: Blaziken|Speed Boost|boost
|-boost|p2a: Blaziken|spe|1
|upkeep
|turn|9
|
|t:|1759052274
|move|p1a: Malamar|Psycho Cut|p2a: Blaziken
|-supereffective|p2a: Blaziken
|-damage|p2a: Blaziken|10/100
|move|p2a: Blaziken|Flare Blitz|p1a: Malamar
|-damage|p1a: Malamar|0 fnt
|faint|p1a: Malamar
|-damage|p2a: Blaziken|0 fnt|[from] Recoil
|faint|p2a: Blaziken
|
|upkeep
|
|t:|1759052282
|switch|p1a: Porygon2|Porygon2|25/100
|switch|p2a: Ogerpon|Ogerpon-Wellspring, F|100/100
|-ability|p1a: Porygon2|Download|boost
|-boost|p1a: Porygon2|atk|1
|turn|10
|
|t:|1759052288
|move|p2a: Ogerpon|Ivy Cudgel|p1a: Porygon2|[anim] Ivy Cudgel Water
|-damage|p1a: Porygon2|0 fnt
|faint|p1a: Porygon2
|
|upkeep
|
|t:|1759052296
|switch|p1a: Hatterene|Hatterene, F|100/100
|turn|11
|
|t:|1759052299
|move|p2a: Ogerpon|Ivy Cudgel|p1a: Hatterene|[anim] Ivy Cudgel Water
|-damage|p1a: Hatterene|40/100
|move|p1a: Hatterene|Trick Room|p1a: Hatterene
|-fieldstart|move: Trick Room|[of] p1a: Hatterene
|
|-heal|p1a: Hatterene|46/100|[from] item: Leftovers
|upkeep
|turn|12
|
|t:|1759052302
|move|p1a: Hatterene|Psychic|p2a: Ogerpon
|-damage|p2a: Ogerpon|42/100
|move|p2a: Ogerpon|Ivy Cudgel|p1a: Hatterene|[anim] Ivy Cudgel Water
|-damage|p1a: Hatterene|0 fnt
|faint|p1a: Hatterene
|
|upkeep
|
|t:|1759052310
|switch|p1a: Torkoal|Torkoal, M|100/100
|-weather|SunnyDay|[from] ability: Drought|[of] p1a: Torkoal
|turn|13
|
|t:|1759052315
|switch|p2a: Glimmora|Glimmora, M, shiny|100/100
|move|p1a: Torkoal|Eruption|p2a: Glimmora
|-resisted|p2a: Glimmora
|-damage|p2a: Glimmora|24/100
|-enditem|p2a: Glimmora|Red Card|[of] p1a: Torkoal
|drag|p1a: 5 Nights in TR|Ursaluna, F, shiny|100/100
|
|-weather|SunnyDay|[upkeep]
|-status|p1a: 5 Nights in TR|brn|[from] item: Flame Orb
|upkeep
|turn|14
|
|t:|1759052321
|move|p1a: 5 Nights in TR|Facade|p2a: Glimmora
|-resisted|p2a: Glimmora
|-damage|p2a: Glimmora|0 fnt
|-activate|p2a: Glimmora|ability: Toxic Debris
|-sidestart|p1: noon tide pearl|move: Toxic Spikes
|faint|p2a: Glimmora
|
|-weather|SunnyDay|[upkeep]
|-damage|p1a: 5 Nights in TR|94/100 brn|[from] brn
|upkeep
|
|t:|1759052327
|switch|p2a: Ogerpon|Ogerpon-Wellspring, F|42/100
|turn|15
|
|t:|1759052329
|switch|p2a: Comfey|Comfey, M, shiny|100/100
|move|p1a: 5 Nights in TR|Facade|p2a: Comfey
|-damage|p2a: Comfey|0 fnt
|faint|p2a: Comfey
|
|-weather|SunnyDay|[upkeep]
|-damage|p1a: 5 Nights in TR|88/100 brn|[from] brn
|-fieldend|move: Trick Room
|upkeep
|
|t:|1759052335
|switch|p2a: Ogerpon|Ogerpon-Wellspring, F|42/100
|turn|16
|
|t:|1759052343
|switch|p1a: Cresselia|Cresselia, F|100/100
|move|p2a: Ogerpon|Ivy Cudgel|p1a: Cresselia|[anim] Ivy Cudgel Water
|-damage|p1a: Cresselia|86/100
|
|-weather|SunnyDay|[upkeep]
|upkeep
|turn|17
|
|t:|1759052348
|move|p2a: Ogerpon|Taunt|p1a: Cresselia
|-start|p1a: Cresselia|move: Taunt
|-enditem|p1a: Cresselia|Mental Herb
|-end|p1a: Cresselia|move: Taunt
|move|p1a: Cresselia|Trick Room|p1a: Cresselia
|-fieldstart|move: Trick Room|[of] p1a: Cresselia
|
|-weather|none
|upkeep
|turn|18
|
|t:|1759052358
|move|p1a: Cresselia|Lunar Dance|p1a: Cresselia
|faint|p1a: Cresselia
|move|p2a: Ogerpon|Ivy Cudgel|p1: Cresselia|[notarget]
|-fail|p2a: Ogerpon
|
|upkeep
|
|t:|1759052361
|switch|p1a: Torkoal|Torkoal, M|100/100
|-heal|p1a: Torkoal|100/100|[from] move: Lunar Dance
|-status|p1a: Torkoal|psn
|-weather|SunnyDay|[from] ability: Drought|[of] p1a: Torkoal
|turn|19
|
|t:|1759052366
|-terastallize|p2a: Ogerpon|Water
|detailschange|p2a: Ogerpon|Ogerpon-Wellspring-Tera, F, tera:Water
|-ability|p2a: Ogerpon|Embody Aspect (Wellspring)|boost
|-boost|p2a: Ogerpon|spd|1
|move|p1a: Torkoal|Weather Ball|p2a: Ogerpon
|-resisted|p2a: Ogerpon
|-damage|p2a: Ogerpon|2/100
|move|p2a: Ogerpon|Ivy Cudgel|p1a: Torkoal|[anim] Ivy Cudgel Water
|-supereffective|p1a: Torkoal
|-damage|p1a: Torkoal|42/100 psn
|
|-weather|SunnyDay|[upkeep]
|-damage|p1a: Torkoal|30/100 psn|[from] psn
|upkeep
|turn|20
|
|t:|1759052381
|switch|p2a: Kingambit|Kingambit, M, shiny|100/100
|-activate|p2a: Kingambit|ability: Supreme Overlord
|-start|p2a: Kingambit|fallen4|[silent]
|move|p1a: Torkoal|Weather Ball|p2a: Kingambit
|-supereffective|p2a: Kingambit
|-damage|p2a: Kingambit|0 fnt
|faint|p2a: Kingambit
|-end|p2a: Kingambit|fallen4|[silent]
|
|-weather|SunnyDay|[upkeep]
|-damage|p1a: Torkoal|17/100 psn|[from] psn
|upkeep
|
|t:|1759052384
|switch|p2a: Ogerpon|Ogerpon-Wellspring-Tera, F, tera:Water|2/100
|-ability|p2a: Ogerpon|Embody Aspect (Wellspring)|boost
|-boost|p2a: Ogerpon|spd|1
|turn|21
|
|t:|1759052386
|move|p1a: Torkoal|Weather Ball|p2a: Ogerpon
|-resisted|p2a: Ogerpon
|-damage|p2a: Ogerpon|0 fnt
|faint|p2a: Ogerpon
|detailschange|p2: Ogerpon|Ogerpon-Wellspring, F|[silent]
|
|win|noon tide pearl
|raw|noon tide pearl's rating: 1257 &rarr; <strong>1286</strong><br />(+29 for winning)
|raw|henry151th's rating: 1306 &rarr; <strong>1283</strong><br />(-23 for losing)
|l|☆henry151th
|player|p2|
|l|☆noon tide pearl
|player|p1|
