|j|☆junetuned
|j|☆Nicholash20234
|t:|1759020588
|gametype|singles
|player|p1|junetuned|silver|1162
|player|p2|Nicholash20234|169|1178
|gen|9
|tier|[Gen 9] OU
|rated|
|rule|HP Percentage Mod: HP is shown in percentages
|rule|Endless Battle Clause: Forcing endless battles is banned
|rule|Species Clause: Limit one of each Pokémon
|rule|OHKO Clause: OHKO moves are banned
|rule|Evasion Items Clause: Evasion items are banned
|rule|Evasion Moves Clause: Evasion moves are banned
|rule|Evasion Abilities Clause: Evasion abilities are banned
|rule|Sleep Moves Clause: Sleep-inducing moves are banned
|clearpoke
|poke|p1|Ogerpon-Cornerstone, F|
|poke|p1|Primarina, F|
|poke|p1|Iron Treads|
|poke|p1|Latios, M|
|poke|p1|Weavile, M|
|poke|p1|Moltres|
|poke|p2|Cloyster, F|
|poke|p2|Dragonite, M|
|poke|p2|Skarmory, M|
|poke|p2|Iron Treads|
|poke|p2|Iron Hands|
|poke|p2|Polteageist|
|teampreview
|inactive|Battle timer is ON: inactive players will automatically lose when time's up. (requested by Nicholash20234)
|
|t:|1759020620
|teamsize|p1|6
|teamsize|p2|6
|start
|switch|p1a: Ogerpon|Ogerpon-Cornerstone, F|100/100
|switch|p2a: Iron Treads|Iron Treads|100/100
|turn|1
|
|t:|1759020637
|move|p1a: Ogerpon|U-turn|p2a: Iron Treads
|-resisted|p2a: Iron Treads
|-damage|p2a: Iron Treads|88/100
|
|t:|1759020639
|switch|p1a: Moltres|Moltres|100/100|[from] U-turn
|move|p2a: Iron Treads|Stealth Rock|p1a: Moltres
|-sidestart|p1: junetuned|move: Stealth Rock
|
|-heal|p2a: Iron Treads|94/100|[from] item: Leftovers
|upkeep
|turn|2
|
|t:|1759020649
|-end|p2a: Iron Treads|Quark Drive|[silent]
|switch|p2a: Dragonite|Dragonite, M, shiny|100/100
|move|p1a: Moltres|Flamethrower|p2a: Dragonite
|-resisted|p2a: Dragonite
|-damage|p2a: Dragonite|91/100
|
|upkeep
|turn|3
|
|t:|1759020653
|move|p2a: Dragonite|Dragon Dance|p2a: Dragonite
|-boost|p2a: Dragonite|atk|1
|-boost|p2a: Dragonite|spe|1
|move|p1a: Moltres|Will-O-Wisp|p2a: Dragonite
|-status|p2a: Dragonite|brn
|
|-damage|p2a: Dragonite|85/100 brn|[from] brn
|upkeep
|turn|4
|
|t:|1759020657
|move|p2a: Dragonite|Dragon Dance|p2a: Dragonite
|-boost|p2a: Dragonite|atk|1
|-boost|p2a: Dragonite|spe|1
|move|p1a: Moltres|Roar|p2a: Dragonite
|drag|p2a: Iron Treads|Iron Treads|94/100
|
|-heal|p2a: Iron Treads|100/100|[from] item: Leftovers
|upkeep
|turn|5
|
|t:|1759020662
|move|p2a: Iron Treads|Knock Off|p1a: Moltres
|-damage|p1a: Moltres|80/100
|-status|p2a: Iron Treads|brn|[from] ability: Flame Body|[of] p1a: Moltres
|-enditem|p1a: Moltres|Heavy-Duty Boots|[from] move: Knock Off|[of] p2a: Iron Treads
|move|p1a: Moltres|Flamethrower|p2a: Iron Treads
|-supereffective|p2a: Iron Treads
|-damage|p2a: Iron Treads|0 fnt
|faint|p2a: Iron Treads
|-end|p2a: Iron Treads|Quark Drive|[silent]
|
|upkeep
|
|t:|1759020669
|switch|p2a: Iron Hands|Iron Hands|100/100
|-enditem|p2a: Iron Hands|Booster Energy
|-activate|p2a: Iron Hands|ability: Quark Drive|[fromitem]
|-start|p2a: Iron Hands|quarkdriveatk
|turn|6
|
|t:|1759020675
|switch|p1a: Iron Treads|Iron Treads|100/100
|-damage|p1a: Iron Treads|98/100|[from] Stealth Rock
|-item|p1a: Iron Treads|Air Balloon
|-end|p2a: Iron Hands|Quark Drive|[silent]
|switch|p2a: Dragonite|Dragonite, M, shiny|85/100 brn
|
|-damage|p2a: Dragonite|79/100 brn|[from] brn
|upkeep
|turn|7
|
|t:|1759020685
|move|p2a: Dragonite|Dragon Dance|p2a: Dragonite
|-boost|p2a: Dragonite|atk|1
|-boost|p2a: Dragonite|spe|1
|move|p1a: Iron Treads|Rapid Spin|p2a: Dragonite
|-damage|p2a: Dragonite|66/100 brn
|-boost|p1a: Iron Treads|spe|1
|-sideend|p1: junetuned|Stealth Rock|[from] move: Rapid Spin|[of] p1a: Iron Treads
|
|-damage|p2a: Dragonite|59/100 brn|[from] brn
|upkeep
|turn|8
|
|t:|1759020690
|move|p2a: Dragonite|Roost|p2a: Dragonite
|-heal|p2a: Dragonite|100/100 brn
|-singleturn|p2a: Dragonite|move: Roost
|move|p1a: Iron Treads|Ice Spinner|p2a: Dragonite
|-supereffective|p2a: Dragonite
|-damage|p2a: Dragonite|78/100 brn
|
|-damage|p2a: Dragonite|72/100 brn|[from] brn
|upkeep
|turn|9
|
|t:|1759020696
|move|p2a: Dragonite|Roost|p2a: Dragonite
|-heal|p2a: Dragonite|100/100 brn
|-singleturn|p2a: Dragonite|move: Roost
|move|p1a: Iron Treads|Ice Spinner|p2a: Dragonite
|-supereffective|p2a: Dragonite
|-damage|p2a: Dragonite|78/100 brn
|
|-damage|p2a: Dragonite|72/100 brn|[from] brn
|upkeep
|turn|10
|
|t:|1759020699
|-terastallize|p2a: Dragonite|Normal
|move|p2a: Dragonite|Dragon Dance|p2a: Dragonite
|-boost|p2a: Dragonite|atk|1
|-boost|p2a: Dragonite|spe|1
|move|p1a: Iron Treads|Ice Spinner|p2a: Dragonite
|-damage|p2a: Dragonite|49/100 brn
|
|-damage|p2a: Dragonite|43/100 brn|[from] brn
|upkeep
|turn|11
|
|t:|1759020719
|-end|p1a: Iron Treads|Quark Drive|[silent]
|switch|p1a: Moltres|Moltres|80/100
|move|p2a: Dragonite|Roost|p2a: Dragonite
|-heal|p2a: Dragonite|93/100 brn
|
|-damage|p2a: Dragonite|87/100 brn|[from] brn
|upkeep
|turn|12
|
|t:|1759020727
|move|p2a: Dragonite|Extreme Speed|p1a: Moltres
|-damage|p1a: Moltres|49/100
|move|p1a: Moltres|Roost|p1a: Moltres
|-heal|p1a: Moltres|99/100
|-singleturn|p1a: Moltres|move: Roost
|
|-damage|p2a: Dragonite|81/100 brn|[from] brn
|upkeep
|turn|13
|
|t:|1759020732
|move|p2a: Dragonite|Dragon Dance|p2a: Dragonite
|-boost|p2a: Dragonite|atk|1
|-boost|p2a: Dragonite|spe|1
|move|p1a: Moltres|Roar|p2a: Dragonite
|drag|p2a: Skarmory|Skarmory, M|100/100
|
|upkeep
|turn|14
|
|t:|1759020743
|switch|p2a: Cloyster|Cloyster, F, shiny|100/100
|move|p1a: Moltres|Flamethrower|p2a: Cloyster
|-damage|p2a: Cloyster|4/100
|
|upkeep
|turn|15
|
|t:|1759020749
|move|p2a: Cloyster|Icicle Spear|p1a: Moltres
|-damage|p1a: Moltres|92/100
|-damage|p1a: Moltres|83/100
|-damage|p1a: Moltres|74/100
|-damage|p1a: Moltres|66/100
|-damage|p1a: Moltres|57/100
|-hitcount|p1a: Moltres|5
|move|p1a: Moltres|Flamethrower|p2a: Cloyster
|-damage|p2a: Cloyster|0 fnt
|faint|p2a: Cloyster
|
|upkeep
|
|t:|1759020752
|switch|p2a: Iron Hands|Iron Hands|100/100
|turn|16
|
|t:|1759020768
|move|p1a: Moltres|Will-O-Wisp|p2a: Iron Hands
|-status|p2a: Iron Hands|brn
|move|p2a: Iron Hands|Drain Punch|p1a: Moltres
|-resisted|p1a: Moltres
|-crit|p1a: Moltres
|-damage|p1a: Moltres|45/100
|
|-damage|p2a: Iron Hands|94/100 brn|[from] brn
|upkeep
|turn|17
|
|t:|1759020771
|move|p1a: Moltres|Roost|p1a: Moltres
|-heal|p1a: Moltres|95/100
|-singleturn|p1a: Moltres|move: Roost
|move|p2a: Iron Hands|Swords Dance|p2a: Iron Hands
|-boost|p2a: Iron Hands|atk|2
|
|-damage|p2a: Iron Hands|88/100 brn|[from] brn
|upkeep
|turn|18
|
|t:|1759020777
|move|p1a: Moltres|Flamethrower|p2a: Iron Hands
|-damage|p2a: Iron Hands|59/100 brn
|move|p2a: Iron Hands|Swords Dance|p2a: Iron Hands
|-boost|p2a: Iron Hands|atk|2
|
|-damage|p2a: Iron Hands|53/100 brn|[from] brn
|upkeep
|turn|19
|
|t:|1759020783
|switch|p1a: Iron Treads|Iron Treads|98/100
|-item|p1a: Iron Treads|Air Balloon
|move|p2a: Iron Hands|Thunder Punch|p1a: Iron Treads
|-immune|p1a: Iron Treads
|
|-damage|p2a: Iron Hands|47/100 brn|[from] brn
|upkeep
|turn|20
|
|t:|1759020790
|move|p1a: Iron Treads|Earthquake|p2a: Iron Hands
|-supereffective|p2a: Iron Hands
|-damage|p2a: Iron Hands|0 fnt
|faint|p2a: Iron Hands
|-end|p2a: Iron Hands|Quark Drive|[silent]
|
|upkeep
|
|t:|1759020795
|switch|p2a: Polteageist|Polteageist|100/100
|turn|21
|
|t:|1759020815
|switch|p2a: Skarmory|Skarmory, M|100/100
|move|p1a: Iron Treads|Earthquake|p2a: Skarmory
|-immune|p2a: Skarmory
|
|upkeep
|turn|22
|
|t:|1759020821
|-end|p1a: Iron Treads|Quark Drive|[silent]
|switch|p1a: Ogerpon|Ogerpon-Cornerstone, F|100/100
|move|p2a: Skarmory|Iron Defense|p2a: Skarmory
|-boost|p2a: Skarmory|def|2
|
|upkeep
|turn|23
|
|t:|1759020824
|move|p1a: Ogerpon|Encore|p2a: Skarmory
|-start|p2a: Skarmory|Encore
|move|p2a: Skarmory|Iron Defense|p2a: Skarmory
|-boost|p2a: Skarmory|def|2
|
|upkeep
|turn|24
|
|t:|1759020828
|switch|p1a: Moltres|Moltres|95/100
|move|p2a: Skarmory|Iron Defense|p2a: Skarmory
|-boost|p2a: Skarmory|def|2
|
|upkeep
|turn|25
|
|t:|1759020835
|switch|p2a: Dragonite|Dragonite, M, shiny, tera:Normal|81/100 brn
|move|p1a: Moltres|Flamethrower|p2a: Dragonite
|-damage|p2a: Dragonite|39/100 brn
|
|-damage|p2a: Dragonite|33/100 brn|[from] brn
|upkeep
|turn|26
|
|t:|1759020848
|move|p2a: Dragonite|Roost|p2a: Dragonite
|-heal|p2a: Dragonite|83/100 brn
|move|p1a: Moltres|Flamethrower|p2a: Dragonite
|-damage|p2a: Dragonite|46/100 brn
|
|-damage|p2a: Dragonite|40/100 brn|[from] brn
|upkeep
|turn|27
|
|t:|1759020854
|move|p2a: Dragonite|Roost|p2a: Dragonite
|-heal|p2a: Dragonite|90/100 brn
|move|p1a: Moltres|Flamethrower|p2a: Dragonite
|-damage|p2a: Dragonite|49/100 brn
|
|-damage|p2a: Dragonite|43/100 brn|[from] brn
|upkeep
|turn|28
|
|t:|1759020868
|move|p2a: Dragonite|Extreme Speed|p1a: Moltres
|-damage|p1a: Moltres|79/100
|move|p1a: Moltres|Flamethrower|p2a: Dragonite
|-damage|p2a: Dragonite|5/100 brn
|
|-damage|p2a: Dragonite|0 fnt|[from] brn
|faint|p2a: Dragonite
|upkeep
|
|t:|1759020871
|switch|p2a: Polteageist|Polteageist|100/100
|turn|29
|
|t:|1759020881
|move|p2a: Polteageist|Shell Smash|p2a: Polteageist
|-unboost|p2a: Polteageist|def|1
|-unboost|p2a: Polteageist|spd|1
|-boost|p2a: Polteageist|atk|2
|-boost|p2a: Polteageist|spa|2
|-boost|p2a: Polteageist|spe|2
|move|p1a: Moltres|Roar|p2a: Polteageist
|drag|p2a: Skarmory|Skarmory, M|100/100
|
|upkeep
|turn|30
|
|t:|1759020908
|move|p1a: Moltres|Flamethrower|p2a: Skarmory
|-supereffective|p2a: Skarmory
|-ability|p2a: Skarmory|Sturdy
|-damage|p2a: Skarmory|1/100
|move|p2a: Skarmory|Spikes|p1a: Moltres
|-sidestart|p1: junetuned|Spikes
|
|upkeep
|turn|31
|
|t:|1759020914
|move|p1a: Moltres|Flamethrower|p2a: Skarmory
|-supereffective|p2a: Skarmory
|-damage|p2a: Skarmory|0 fnt
|faint|p2a: Skarmory
|
|upkeep
|
|t:|1759020916
|switch|p2a: Polteageist|Polteageist|100/100
|turn|32
|
|t:|1759020928
|-terastallize|p1a: Moltres|Fire
|move|p2a: Polteageist|Shell Smash|p2a: Polteageist
|-unboost|p2a: Polteageist|def|1
|-unboost|p2a: Polteageist|spd|1
|-boost|p2a: Polteageist|atk|2
|-boost|p2a: Polteageist|spa|2
|-boost|p2a: Polteageist|spe|2
|move|p1a: Moltres|Flamethrower|p2a: Polteageist
|-damage|p2a: Polteageist|7/100
|
|upkeep
|turn|33
|
|t:|1759020933
|move|p2a: Polteageist|Stored Power|p1a: Moltres
|-damage|p1a: Moltres|0 fnt
|faint|p1a: Moltres
|
|upkeep
|
|t:|1759020935
|switch|p1a: Weavile|Weavile, M|100/100
|-ability|p1a: Weavile|Pressure
|turn|34
|
|t:|1759020937
|move|p1a: Weavile|Ice Shard|p2a: Polteageist
|-damage|p2a: Polteageist|0 fnt
|faint|p2a: Polteageist
|
|win|junetuned
|raw|junetuned's rating: 1162 &rarr; <strong>1188</strong><br />(+26 for winning)
|raw|Nicholash20234's rating: 1178 &rarr; <strong>1152</strong><br />(-26 for losing)
