|j|☆feng2025
|j|☆Enchantix fairy
|t:|1758984955
|gametype|singles
|player|p1|feng2025|1|1207
|player|p2|Enchantix fairy|parasollady|1272
|gen|9
|tier|[Gen 9] OU
|rated|
|rule|HP Percentage Mod: HP is shown in percentages
|rule|Endless Battle Clause: Forcing endless battles is banned
|rule|Species Clause: Limit one of each Pokémon
|rule|OHKO Clause: OHKO moves are banned
|rule|Evasion Items Clause: Evasion items are banned
|rule|Evasion Moves Clause: Evasion moves are banned
|rule|Evasion Abilities Clause: Evasion abilities are banned
|rule|Sleep Moves Clause: Sleep-inducing moves are banned
|clearpoke
|poke|p1|Torkoal, M|
|poke|p1|Walking Wake|
|poke|p1|Arcanine-Hisui, F|
|poke|p1|Lilligant-Hisui, F|
|poke|p1|Corviknight, F|
|poke|p1|Hatterene, F|
|poke|p2|Ninetales, F|
|poke|p2|Walking Wake|
|poke|p2|Scizor, F|
|poke|p2|Salazzle, F|
|poke|p2|Weezing-Galar, M|
|poke|p2|Lilligant-Hisui, F|
|teampreview
|
|t:|1758984961
|teamsize|p1|6
|teamsize|p2|6
|start
|switch|p1a: Walking Wake|Walking Wake|100/100
|switch|p2a: Bloom|Walking Wake|100/100
|turn|1
|inactive|Battle timer is ON: inactive players will automatically lose when time's up. (requested by Enchantix fairy)
|
|t:|1758984972
|-end|p2a: Bloom|Protosynthesis|[silent]
|switch|p2a: brat|Weezing-Galar, M|100/100
|move|p1a: Walking Wake|Draco Meteor|p2a: brat
|-immune|p2a: brat
|
|upkeep
|turn|2
|
|t:|1758984981
|-end|p1a: Walking Wake|Protosynthesis|[silent]
|switch|p1a: Corviknight|Corviknight, F|100/100
|move|p2a: brat|Strange Steam|p1a: Corviknight
|-resisted|p1a: Corviknight
|-damage|p1a: Corviknight|83/100
|
|upkeep
|turn|3
|
|t:|1758984989
|move|p1a: Corviknight|U-turn|p2a: brat
|-resisted|p2a: brat
|-damage|p2a: brat|97/100
|
|t:|1758984994
|switch|p1a: Torkoal|Torkoal, M|100/100|[from] U-turn
|-weather|SunnyDay|[from] ability: Drought|[of] p1a: Torkoal
|move|p2a: brat|Flamethrower|p1a: Torkoal
|-resisted|p1a: Torkoal
|-damage|p1a: Torkoal|77/100
|
|-weather|SunnyDay|[upkeep]
|upkeep
|turn|4
|
|t:|1758985005
|switch|p2a: Bloom|Walking Wake|100/100
|-activate|p2a: Bloom|ability: Protosynthesis
|-start|p2a: Bloom|protosynthesisspe
|move|p1a: Torkoal|Stealth Rock|p2a: Bloom
|-sidestart|p2: Enchantix fairy|move: Stealth Rock
|
|-weather|SunnyDay|[upkeep]
|upkeep
|turn|5
|
|t:|1758985014
|switch|p1a: Hatterene|Hatterene, F|100/100
|move|p2a: Bloom|Hydro Steam|p1a: Hatterene
|-damage|p1a: Hatterene|29/100
|-enditem|p1a: Hatterene|Eject Button
|
|t:|1758985040
|switch|p1a: Lilligant|Lilligant-Hisui, F|100/100
|
|-weather|SunnyDay|[upkeep]
|upkeep
|turn|6
|
|t:|1758985054
|-end|p2a: Bloom|Protosynthesis|[silent]
|switch|p2a: Stella|Ninetales, F|100/100
|move|p1a: Lilligant|Victory Dance|p1a: Lilligant
|-boost|p1a: Lilligant|atk|1
|-boost|p1a: Lilligant|def|1
|-boost|p1a: Lilligant|spe|1
|
|-weather|SunnyDay|[upkeep]
|upkeep
|turn|7
|
|t:|1758985063
|move|p1a: Lilligant|Axe Kick|p2a: Stella
|-damage|p2a: Stella|0 fnt
|faint|p2a: Stella
|
|-weather|SunnyDay|[upkeep]
|upkeep
|
|t:|1758985074
|switch|p2a: brat|Weezing-Galar, M|97/100
|turn|8
|
|t:|1758985097
|-terastallize|p1a: Lilligant|Steel
|move|p1a: Lilligant|Triple Axel|p2a: brat
|-damage|p2a: brat|89/100
|-damage|p2a: brat|71/100
|-damage|p2a: brat|47/100
|-hitcount|p2a: brat|3
|move|p2a: brat|Defog|p1a: Lilligant
|-unboost|p1a: Lilligant|evasion|1
|-sideend|p2: Enchantix fairy|Stealth Rock|[from] move: Defog|[of] p2a: brat
|
|-weather|SunnyDay|[upkeep]
|upkeep
|turn|9
|
|t:|1758985123
|move|p1a: Lilligant|Triple Axel|p2a: brat
|-damage|p2a: brat|37/100
|-damage|p2a: brat|20/100
|-damage|p2a: brat|0 fnt
|faint|p2a: brat
|-hitcount|p2: brat|3
|
|-weather|SunnyDay|[upkeep]
|upkeep
|
|t:|1758985129
|switch|p2a: Mozzer|Salazzle, F|100/100
|turn|10
|
|t:|1758985140
|move|p1a: Lilligant|Axe Kick|p2a: Mozzer
|-resisted|p2a: Mozzer
|-damage|p2a: Mozzer|13/100
|move|p2a: Mozzer|Flamethrower|p1a: Lilligant
|-supereffective|p1a: Lilligant
|-damage|p1a: Lilligant|0 fnt
|faint|p1a: Lilligant
|
|-weather|none
|upkeep
|inactive|feng2025 has 120 seconds left.
|
|t:|1758985184
|switch|p1a: Torkoal|Torkoal, M|77/100
|-weather|SunnyDay|[from] ability: Drought|[of] p1a: Torkoal
|turn|11
|
|t:|1758985190
|move|p2a: Mozzer|Toxic|p1a: Torkoal
|-status|p1a: Torkoal|tox
|move|p1a: Torkoal|Stealth Rock|p2a: Mozzer
|-sidestart|p2: Enchantix fairy|move: Stealth Rock
|
|-weather|SunnyDay|[upkeep]
|-damage|p1a: Torkoal|71/100 tox|[from] psn
|upkeep
|turn|12
|
|t:|1758985209
|move|p2a: Mozzer|Sludge Bomb|p1a: Torkoal
|-damage|p1a: Torkoal|16/100 tox
|move|p1a: Torkoal|Lava Plume|p2a: Mozzer
|-resisted|p2a: Mozzer
|-damage|p2a: Mozzer|0 fnt
|faint|p2a: Mozzer
|
|-weather|SunnyDay|[upkeep]
|-damage|p1a: Torkoal|3/100 tox|[from] psn
|upkeep
|
|t:|1758985222
|switch|p2a: red bottoms|Scizor, F|100/100
|-damage|p2a: red bottoms|88/100|[from] Stealth Rock
|turn|13
|
|t:|1758985232
|move|p2a: red bottoms|U-turn|p1a: Torkoal
|-resisted|p1a: Torkoal
|-damage|p1a: Torkoal|0 fnt
|faint|p1a: Torkoal
|
|t:|1758985235
|switch|p2a: Lilligant|Lilligant-Hisui, F|100/100|[from] U-turn
|-damage|p2a: Lilligant|94/100|[from] Stealth Rock
|
|-weather|SunnyDay|[upkeep]
|upkeep
|inactive|feng2025 has 90 seconds left.
|
|t:|1758985260
|switch|p1a: Walking Wake|Walking Wake|100/100
|-activate|p1a: Walking Wake|ability: Protosynthesis
|-start|p1a: Walking Wake|protosynthesisspe
|turn|14
|
|t:|1758985278
|-terastallize|p2a: Lilligant|Water
|move|p2a: Lilligant|Victory Dance|p2a: Lilligant
|-boost|p2a: Lilligant|atk|1
|-boost|p2a: Lilligant|def|1
|-boost|p2a: Lilligant|spe|1
|move|p1a: Walking Wake|Draco Meteor|p2a: Lilligant
|-damage|p2a: Lilligant|0 fnt
|-unboost|p1a: Walking Wake|spa|2
|faint|p2a: Lilligant
|
|-weather|SunnyDay|[upkeep]
|upkeep
|
|t:|1758985289
|switch|p2a: Bloom|Walking Wake|100/100
|-damage|p2a: Bloom|88/100|[from] Stealth Rock
|-activate|p2a: Bloom|ability: Protosynthesis
|-start|p2a: Bloom|protosynthesisspe
|turn|15
|
|t:|1758985299
|-end|p1a: Walking Wake|Protosynthesis|[silent]
|switch|p1a: Hatterene|Hatterene, F|29/100
|move|p2a: Bloom|Hydro Steam|p1a: Hatterene
|-damage|p1a: Hatterene|0 fnt
|faint|p1a: Hatterene
|
|-weather|SunnyDay|[upkeep]
|upkeep
|
|t:|1758985309
|switch|p1a: Walking Wake|Walking Wake|100/100
|-activate|p1a: Walking Wake|ability: Protosynthesis
|-start|p1a: Walking Wake|protosynthesisspe
|turn|16
|
|t:|1758985320
|-end|p2a: Bloom|Protosynthesis|[silent]
|switch|p2a: red bottoms|Scizor, F|88/100
|-damage|p2a: red bottoms|76/100|[from] Stealth Rock
|move|p1a: Walking Wake|Draco Meteor|p2a: red bottoms
|-resisted|p2a: red bottoms
|-damage|p2a: red bottoms|16/100
|-unboost|p1a: Walking Wake|spa|2
|
|-weather|SunnyDay|[upkeep]
|upkeep
|turn|17
|
|t:|1758985332
|-end|p1a: Walking Wake|Protosynthesis|[silent]
|switch|p1a: Corviknight|Corviknight, F|83/100
|move|p2a: red bottoms|Bullet Punch|p1a: Corviknight
|-resisted|p1a: Corviknight
|-damage|p1a: Corviknight|67/100
|-damage|p2a: red bottoms|0 fnt|[from] item: Rocky Helmet|[of] p1a: Corviknight
|faint|p2a: red bottoms
|
|-weather|SunnyDay|[upkeep]
|upkeep
|
|t:|1758985334
|switch|p2a: Bloom|Walking Wake|88/100
|-damage|p2a: Bloom|76/100|[from] Stealth Rock
|-activate|p2a: Bloom|ability: Protosynthesis
|-start|p2a: Bloom|protosynthesisspe
|turn|18
|
|t:|1758985351
|move|p2a: Bloom|Dragon Pulse|p1a: Corviknight
|-resisted|p1a: Corviknight
|-damage|p1a: Corviknight|34/100
|move|p1a: Corviknight|Roost|p1a: Corviknight
|-heal|p1a: Corviknight|84/100
|-singleturn|p1a: Corviknight|move: Roost
|
|-weather|none
|-end|p2a: Bloom|Protosynthesis
|upkeep
|turn|19
|-message|Enchantix fairy forfeited.
|
|win|feng2025
|raw|feng2025's rating: 1207 &rarr; <strong>1237</strong><br />(+30 for winning)
|raw|Enchantix fairy's rating: 1272 &rarr; <strong>1242</strong><br />(-30 for losing)
|l|☆Enchantix fairy
|player|p2|
