|j|☆Noel08
|j|☆ashalotofblunts
|t:|1759008897
|gametype|singles
|player|p1|Noel08|leon|1327
|player|p2|ashalotofblunts|ash-kalos|1277
|gen|9
|tier|[Gen 9] OU
|rated|
|rule|HP Percentage Mod: HP is shown in percentages
|rule|Endless Battle Clause: Forcing endless battles is banned
|rule|Species Clause: Limit one of each Pokémon
|rule|OHKO Clause: OHKO moves are banned
|rule|Evasion Items Clause: Evasion items are banned
|rule|Evasion Moves Clause: Evasion moves are banned
|rule|Evasion Abilities Clause: Evasion abilities are banned
|rule|Sleep Moves Clause: Sleep-inducing moves are banned
|clearpoke
|poke|p1|Ogerpon, F|
|poke|p1|Iron Moth|
|poke|p1|Gliscor, F|
|poke|p1|Walking Wake|
|poke|p1|Iron Treads|
|poke|p1|Kingambit, M|
|poke|p2|Cramorant, F|
|poke|p2|Lucario, M|
|poke|p2|Azumarill, F|
|poke|p2|Enamorus, F|
|poke|p2|Dragonite, F|
|poke|p2|Armarouge, M|
|teampreview
|
|t:|1759008964
|teamsize|p1|6
|teamsize|p2|6
|start
|switch|p1a: Ogerpon|Ogerpon, F|100/100
|switch|p2a: Cramorant|Cramorant, F, shiny|100/100
|turn|1
|l|☆ashalotofblunts
|player|p2|
|
|t:|1759008977
|move|p1a: Ogerpon|Swords Dance|p1a: Ogerpon
|-boost|p1a: Ogerpon|atk|2
|move|p2a: Cramorant|Agility|p2a: Cramorant
|-boost|p2a: Cramorant|spe|2
|
|upkeep
|turn|2
|j|☆ashalotofblunts
|player|p2|ashalotofblunts|ash-kalos|
|
|t:|1759008990
|move|p2a: Cramorant|Acrobatics|p1a: Ogerpon
|-supereffective|p1a: Ogerpon
|-damage|p1a: Ogerpon|52/100
|move|p1a: Ogerpon|Ivy Cudgel|p2a: Cramorant
|-damage|p2a: Cramorant|0 fnt
|faint|p2a: Cramorant
|
|upkeep
|
|t:|1759008999
|switch|p2a: Enamorus|Enamorus, F|100/100
|turn|3
|
|t:|1759009007
|-terastallize|p1a: Ogerpon|Grass
|detailschange|p1a: Ogerpon|Ogerpon-Teal-Tera, F, tera:Grass
|-ability|p1a: Ogerpon|Embody Aspect (Teal)|boost
|-boost|p1a: Ogerpon|spe|1
|move|p1a: Ogerpon|Ivy Cudgel|p2a: Enamorus
|-resisted|p2a: Enamorus
|-damage|p2a: Enamorus|0 fnt
|faint|p2a: Enamorus
|
|upkeep
|
|t:|1759009014
|switch|p2a: Armarouge|Armarouge, M|100/100
|turn|4
|
|t:|1759009019
|move|p1a: Ogerpon|Ivy Cudgel|p2a: Armarouge
|-resisted|p2a: Armarouge
|-damage|p2a: Armarouge|22/100
|-ability|p2a: Armarouge|Weak Armor|boost
|-unboost|p2a: Armarouge|def|1
|-boost|p2a: Armarouge|spe|2
|move|p2a: Armarouge|Armor Cannon|p1a: Ogerpon
|-supereffective|p1a: Ogerpon
|-damage|p1a: Ogerpon|0 fnt
|-unboost|p2a: Armarouge|def|1
|-unboost|p2a: Armarouge|spd|1
|faint|p1a: Ogerpon
|detailschange|p1: Ogerpon|Ogerpon, F|[silent]
|
|upkeep
|
|t:|1759009033
|switch|p1a: Walking Wake|Walking Wake|100/100
|turn|5
|
|t:|1759009040
|move|p2a: Armarouge|Psychic|p1a: Walking Wake
|-damage|p1a: Walking Wake|51/100
|-unboost|p1a: Walking Wake|spd|1
|move|p1a: Walking Wake|Scald|p2a: Armarouge
|-supereffective|p2a: Armarouge
|-damage|p2a: Armarouge|0 fnt
|faint|p2a: Armarouge
|
|upkeep
|
|t:|1759009053
|switch|p2a: Azumarill|Azumarill, F, shiny|100/100
|turn|6
|
|t:|1759009065
|-end|p1a: Walking Wake|Protosynthesis|[silent]
|switch|p1a: Iron Treads|Iron Treads|100/100
|move|p2a: Azumarill|Play Rough|p1a: Iron Treads
|-resisted|p1a: Iron Treads
|-damage|p1a: Iron Treads|75/100
|
|upkeep
|turn|7
|
|t:|1759009074
|move|p1a: Iron Treads|Iron Head|p2a: Azumarill
|-damage|p2a: Azumarill|62/100
|move|p2a: Azumarill|Liquidation|p1a: Iron Treads
|-supereffective|p1a: Iron Treads
|-crit|p1a: Iron Treads
|-damage|p1a: Iron Treads|0 fnt
|faint|p1a: Iron Treads
|-end|p1a: Iron Treads|Quark Drive|[silent]
|
|upkeep
|
|t:|1759009083
|switch|p1a: Walking Wake|Walking Wake|51/100
|turn|8
|
|t:|1759009099
|move|p1a: Walking Wake|Hurricane|p2a: Azumarill
|-damage|p2a: Azumarill|5/100
|-enditem|p2a: Azumarill|Sitrus Berry|[eat]
|-heal|p2a: Azumarill|30/100|[from] item: Sitrus Berry
|move|p2a: Azumarill|Play Rough|p1a: Walking Wake
|-supereffective|p1a: Walking Wake
|-damage|p1a: Walking Wake|0 fnt
|faint|p1a: Walking Wake
|-end|p1a: Walking Wake|Protosynthesis|[silent]
|
|upkeep
|
|t:|1759009114
|switch|p1a: Iron Moth|Iron Moth|100/100
|-item|p1a: Iron Moth|Air Balloon
|turn|9
|
|t:|1759009117
|move|p2a: Azumarill|Aqua Jet|p1a: Iron Moth
|-supereffective|p1a: Iron Moth
|-damage|p1a: Iron Moth|20/100
|-enditem|p1a: Iron Moth|Air Balloon
|move|p1a: Iron Moth|Sludge Wave|p2a: Azumarill
|-supereffective|p2a: Azumarill
|-damage|p2a: Azumarill|0 fnt
|faint|p2a: Azumarill
|
|upkeep
|
|t:|1759009128
|switch|p2a: Lucario|Lucario, M, shiny|100/100
|turn|10
|
|t:|1759009135
|move|p2a: Lucario|Extreme Speed|p1a: Iron Moth
|-damage|p1a: Iron Moth|0 fnt
|faint|p1a: Iron Moth
|-end|p1a: Iron Moth|Quark Drive|[silent]
|-damage|p2a: Lucario|91/100|[from] item: Life Orb
|
|upkeep
|
|t:|1759009139
|switch|p1a: Gliscor|Gliscor, F|100/100
|turn|11
|
|t:|1759009149
|switch|p2a: Dragonite|Dragonite, F|100/100
|move|p1a: Gliscor|Substitute|p1a: Gliscor
|-start|p1a: Gliscor|Substitute
|-damage|p1a: Gliscor|76/100
|
|-status|p1a: Gliscor|tox|[from] item: Toxic Orb
|upkeep
|turn|12
|
|t:|1759009158
|switch|p2a: Lucario|Lucario, M, shiny|91/100
|move|p1a: Gliscor|Toxic|p2a: Lucario|[miss]
|-miss|p1a: Gliscor|p2a: Lucario
|
|-heal|p1a: Gliscor|88/100 tox|[from] ability: Poison Heal
|upkeep
|turn|13
|
|t:|1759009168
|-terastallize|p2a: Lucario|Ghost
|move|p1a: Gliscor|Earthquake|p2a: Lucario
|-damage|p2a: Lucario|34/100
|move|p2a: Lucario|Shadow Ball|p1a: Gliscor
|-end|p1a: Gliscor|Substitute
|-damage|p2a: Lucario|24/100|[from] item: Life Orb
|
|-heal|p1a: Gliscor|100/100 tox|[from] ability: Poison Heal
|upkeep
|turn|14
|
|t:|1759009181
|move|p2a: Lucario|Extreme Speed|p1a: Gliscor
|-damage|p1a: Gliscor|66/100 tox
|-damage|p2a: Lucario|14/100|[from] item: Life Orb
|move|p1a: Gliscor|Substitute|p1a: Gliscor
|-start|p1a: Gliscor|Substitute
|-damage|p1a: Gliscor|42/100 tox
|
|-heal|p1a: Gliscor|54/100 tox|[from] ability: Poison Heal
|upkeep
|turn|15
|
|t:|1759009189
|move|p1a: Gliscor|Protect|p1a: Gliscor
|-singleturn|p1a: Gliscor|Protect
|move|p2a: Lucario|Extreme Speed|p1a: Gliscor
|-activate|p1a: Gliscor|move: Protect
|
|-heal|p1a: Gliscor|66/100 tox|[from] ability: Poison Heal
|upkeep
|turn|16
|
|t:|1759009194
|move|p2a: Lucario|Extreme Speed|p1a: Gliscor
|-end|p1a: Gliscor|Substitute
|-damage|p2a: Lucario|4/100|[from] item: Life Orb
|move|p1a: Gliscor|Earthquake|p2a: Lucario
|-damage|p2a: Lucario|0 fnt
|faint|p2a: Lucario
|
|-heal|p1a: Gliscor|79/100 tox|[from] ability: Poison Heal
|upkeep
|
|t:|1759009203
|switch|p2a: Dragonite|Dragonite, F|100/100
|turn|17
|l|☆ashalotofblunts
|player|p2|
|j|☆ashalotofblunts
|player|p2|ashalotofblunts|ash-kalos|
|
|t:|1759009226
|move|p1a: Gliscor|Toxic|p2a: Dragonite
|-status|p2a: Dragonite|tox
|move|p2a: Dragonite|Dragon Dance|p2a: Dragonite
|-boost|p2a: Dragonite|atk|1
|-boost|p2a: Dragonite|spe|1
|
|-damage|p2a: Dragonite|94/100 tox|[from] psn
|-heal|p1a: Gliscor|91/100 tox|[from] ability: Poison Heal
|upkeep
|turn|18
|
|t:|1759009231
|move|p2a: Dragonite|Dragon Dance|p2a: Dragonite
|-boost|p2a: Dragonite|atk|1
|-boost|p2a: Dragonite|spe|1
|move|p1a: Gliscor|Substitute|p1a: Gliscor
|-start|p1a: Gliscor|Substitute
|-damage|p1a: Gliscor|66/100 tox
|
|-damage|p2a: Dragonite|82/100 tox|[from] psn
|-heal|p1a: Gliscor|79/100 tox|[from] ability: Poison Heal
|upkeep
|turn|19
|
|t:|1759009235
|move|p1a: Gliscor|Protect|p1a: Gliscor
|-singleturn|p1a: Gliscor|Protect
|move|p2a: Dragonite|Dragon Dance|p2a: Dragonite
|-boost|p2a: Dragonite|atk|1
|-boost|p2a: Dragonite|spe|1
|
|-damage|p2a: Dragonite|63/100 tox|[from] psn
|-heal|p1a: Gliscor|91/100 tox|[from] ability: Poison Heal
|upkeep
|turn|20
|
|t:|1759009242
|move|p2a: Dragonite|Extreme Speed|p1a: Gliscor
|-end|p1a: Gliscor|Substitute
|move|p1a: Gliscor|Substitute|p1a: Gliscor
|-start|p1a: Gliscor|Substitute
|-damage|p1a: Gliscor|66/100 tox
|
|-damage|p2a: Dragonite|38/100 tox|[from] psn
|-heal|p1a: Gliscor|79/100 tox|[from] ability: Poison Heal
|upkeep
|turn|21
|
|t:|1759009252
|move|p1a: Gliscor|Protect|p1a: Gliscor
|-singleturn|p1a: Gliscor|Protect
|move|p2a: Dragonite|Extreme Speed|p1a: Gliscor
|-activate|p1a: Gliscor|move: Protect
|
|-damage|p2a: Dragonite|7/100 tox|[from] psn
|-heal|p1a: Gliscor|91/100 tox|[from] ability: Poison Heal
|upkeep
|turn|22
|
|t:|1759009254
|move|p2a: Dragonite|Extreme Speed|p1a: Gliscor
|-end|p1a: Gliscor|Substitute
|move|p1a: Gliscor|Substitute|p1a: Gliscor
|-start|p1a: Gliscor|Substitute
|-damage|p1a: Gliscor|66/100 tox
|
|-damage|p2a: Dragonite|0 fnt|[from] psn
|faint|p2a: Dragonite
|
|win|Noel08
|raw|Noel08's rating: 1327 &rarr; <strong>1344</strong><br />(+17 for winning)
|raw|ashalotofblunts's rating: 1277 &rarr; <strong>1256</strong><br />(-21 for losing)
|c|☆Noel08|gg
|l|☆Noel08
|player|p1|
|l|☆ashalotofblunts
|player|p2|
