|j|☆Yomoma’sash
|j|‽egoist1111
|t:|1758954164
|gametype|singles
|player|p1|Yomoma’sash|266|1431
|player|p2|egoist1111|pokemonrangerf-gen4|1417
|gen|9
|tier|[Gen 9] OU
|rated|
|rule|HP Percentage Mod: HP is shown in percentages
|rule|Endless Battle Clause: Forcing endless battles is banned
|rule|Species Clause: Limit one of each Pokémon
|rule|OHKO Clause: OHKO moves are banned
|rule|Evasion Items Clause: Evasion items are banned
|rule|Evasion Moves Clause: Evasion moves are banned
|rule|Evasion Abilities Clause: Evasion abilities are banned
|rule|Sleep Moves Clause: Sleep-inducing moves are banned
|clearpoke
|poke|p1|Charizard, F|
|poke|p1|Venusaur, F|
|poke|p1|Lapras, F|
|poke|p1|Blastoise, M|
|poke|p1|Snorlax, F|
|poke|p1|Clefable, M|
|poke|p2|Clodsire, F|
|poke|p2|Pelipper, F|
|poke|p2|Barraskewda, F|
|poke|p2|Zapdos|
|poke|p2|Incineroar, M|
|poke|p2|Corviknight, F|
|teampreview
|inactive|Battle timer is ON: inactive players will automatically lose when time's up. (requested by egoist1111)
|
|t:|1758954181
|teamsize|p1|6
|teamsize|p2|6
|start
|switch|p1a: Blastoise|Blastoise, M|100/100
|switch|p2a: Barraskewda|Barraskewda, F|100/100
|turn|1
|
|t:|1758954189
|move|p2a: Barraskewda|Flip Turn|p1a: Blastoise
|-resisted|p1a: Blastoise
|-damage|p1a: Blastoise|74/100
|
|t:|1758954206
|switch|p2a: Pelipper|Pelipper, F|100/100|[from] Flip Turn
|-weather|RainDance|[from] ability: Drizzle|[of] p2a: Pelipper
|move|p1a: Blastoise|Shell Smash|p1a: Blastoise
|-unboost|p1a: Blastoise|def|1
|-unboost|p1a: Blastoise|spd|1
|-boost|p1a: Blastoise|atk|2
|-boost|p1a: Blastoise|spa|2
|-boost|p1a: Blastoise|spe|2
|-enditem|p1a: Blastoise|White Herb
|-clearnegativeboost|p1a: Blastoise|[silent]
|
|-weather|RainDance|[upkeep]
|upkeep
|turn|2
|inactive|egoist1111 has 120 seconds left.
|
|t:|1758954235
|move|p1a: Blastoise|Surf|p2a: Pelipper
|-resisted|p2a: Pelipper
|-damage|p2a: Pelipper|18/100
|move|p2a: Pelipper|U-turn|p1a: Blastoise
|-damage|p1a: Blastoise|64/100
|inactive|egoist1111 has 120 seconds left.
|
|t:|1758954245
|switch|p2a: Barraskewda|Barraskewda, F|100/100|[from] U-turn
|
|-weather|RainDance|[upkeep]
|upkeep
|turn|3
|
|t:|1758954250
|-terastallize|p2a: Barraskewda|Water
|move|p2a: Barraskewda|Liquidation|p1a: Blastoise
|-resisted|p1a: Blastoise
|-damage|p1a: Blastoise|0 fnt
|faint|p1a: Blastoise
|
|-weather|RainDance|[upkeep]
|upkeep
|
|t:|1758954254
|switch|p1a: Lapras|Lapras, F|100/100
|turn|4
|
|t:|1758954273
|switch|p2a: Corviknight|Corviknight, F|100/100
|-ability|p2a: Corviknight|Pressure
|-terastallize|p1a: Lapras|Ghost
|move|p1a: Lapras|Surf|p2a: Corviknight
|-damage|p2a: Corviknight|18/100
|
|-weather|RainDance|[upkeep]
|upkeep
|turn|5
|
|t:|1758954283
|switch|p2a: Clodsire|Clodsire, F|100/100
|move|p1a: Lapras|Surf|p2a: Clodsire
|-immune|p2a: Clodsire|[from] ability: Water Absorb
|
|-weather|RainDance|[upkeep]
|upkeep
|turn|6
|
|t:|1758954290
|switch|p1a: Venusaur|Venusaur, F|100/100
|move|p2a: Clodsire|Stealth Rock|p1a: Venusaur
|-sidestart|p1: Yomoma’sash|move: Stealth Rock
|
|-weather|RainDance|[upkeep]
|upkeep
|turn|7
|
|t:|1758954300
|switch|p2a: Zapdos|Zapdos|100/100
|move|p1a: Venusaur|Sunny Day|p1a: Venusaur
|-weather|SunnyDay
|
|-weather|SunnyDay|[upkeep]
|upkeep
|turn|8
|
|t:|1758954316
|switch|p2a: Corviknight|Corviknight, F|18/100
|-ability|p2a: Corviknight|Pressure
|move|p1a: Venusaur|Sludge Bomb|p2a: Corviknight
|-immune|p2a: Corviknight
|
|-weather|SunnyDay|[upkeep]
|upkeep
|turn|9
|
|t:|1758954327
|switch|p2a: Incineroar|Incineroar, M|100/100
|-ability|p2a: Incineroar|Intimidate|boost
|-unboost|p1a: Venusaur|atk|1
|move|p1a: Venusaur|Weather Ball|p2a: Incineroar
|-resisted|p2a: Incineroar
|-damage|p2a: Incineroar|79/100
|
|-weather|SunnyDay|[upkeep]
|upkeep
|turn|10
|
|t:|1758954340
|switch|p2a: Corviknight|Corviknight, F|18/100
|-ability|p2a: Corviknight|Pressure
|move|p1a: Venusaur|Sludge Bomb|p2a: Corviknight
|-immune|p2a: Corviknight
|
|-weather|SunnyDay|[upkeep]
|upkeep
|turn|11
|
|t:|1758954349
|move|p1a: Venusaur|Weather Ball|p2a: Corviknight
|-supereffective|p2a: Corviknight
|-damage|p2a: Corviknight|0 fnt
|faint|p2a: Corviknight
|
|-weather|SunnyDay|[upkeep]
|upkeep
|
|t:|1758954352
|switch|p2a: Pelipper|Pelipper, F|18/100
|-weather|RainDance|[from] ability: Drizzle|[of] p2a: Pelipper
|turn|12
|
|t:|1758954359
|move|p1a: Venusaur|Giga Drain|p2a: Pelipper
|-damage|p2a: Pelipper|0 fnt
|faint|p2a: Pelipper
|
|-weather|RainDance|[upkeep]
|upkeep
|
|t:|1758954368
|switch|p2a: Zapdos|Zapdos|100/100
|turn|13
|
|t:|1758954391
|move|p2a: Zapdos|Hurricane|p1a: Venusaur
|-supereffective|p1a: Venusaur
|-damage|p1a: Venusaur|0 fnt
|faint|p1a: Venusaur
|
|-weather|RainDance|[upkeep]
|upkeep
|
|t:|1758954393
|switch|p1a: Snorlax|Snorlax, F|100/100
|-damage|p1a: Snorlax|88/100|[from] Stealth Rock
|turn|14
|
|t:|1758954401
|move|p2a: Zapdos|Volt Switch|p1a: Snorlax
|-damage|p1a: Snorlax|65/100
|
|t:|1758954412
|switch|p2a: Incineroar|Incineroar, M|79/100|[from] Volt Switch
|-ability|p2a: Incineroar|Intimidate|boost
|-unboost|p1a: Snorlax|atk|1
|move|p1a: Snorlax|Body Slam|p2a: Incineroar
|-damage|p2a: Incineroar|59/100
|
|-weather|RainDance|[upkeep]
|upkeep
|turn|15
|l|‽egoist1111
|inactive|egoist1111 disconnected and has a minute to reconnect!
|player|p2|
|j|‽egoist1111
|inactive|egoist1111 reconnected and has 130 seconds left.
|player|p2|egoist1111|pokemonrangerf-gen4|
|n|‽egoist1111|egoist1111
|inactive|egoist1111 has 120 seconds left.
|
|t:|1758954449
|move|p2a: Incineroar|Knock Off|p1a: Snorlax
|-damage|p1a: Snorlax|31/100
|-enditem|p1a: Snorlax|Custap Berry|[from] move: Knock Off|[of] p2a: Incineroar
|move|p1a: Snorlax|Earthquake|p2a: Incineroar
|-supereffective|p2a: Incineroar
|-damage|p2a: Incineroar|26/100
|
|-weather|RainDance|[upkeep]
|upkeep
|turn|16
|inactive|egoist1111 has 120 seconds left.
|
|t:|1758954455
|move|p2a: Incineroar|Drain Punch|p1a: Snorlax
|-supereffective|p1a: Snorlax
|-damage|p1a: Snorlax|0 fnt
|-heal|p2a: Incineroar|47/100|[from] drain|[of] p1a: Snorlax
|faint|p1a: Snorlax
|
|-weather|RainDance|[upkeep]
|upkeep
|
|t:|1758954465
|switch|p1a: Charizard|Charizard, F|100/100
|-damage|p1a: Charizard|51/100|[from] Stealth Rock
|turn|17
|
|t:|1758954470
|move|p1a: Charizard|Air Slash|p2a: Incineroar
|-damage|p2a: Incineroar|9/100
|move|p2a: Incineroar|Parting Shot|p1a: Charizard
|-unboost|p1a: Charizard|atk|1
|-unboost|p1a: Charizard|spa|1
|
|t:|1758954474
|switch|p2a: Barraskewda|Barraskewda, F, tera:Water|100/100|[from] Parting Shot
|
|-weather|RainDance|[upkeep]
|upkeep
|turn|18
|
|t:|1758954477
|switch|p1a: Lapras|Lapras, F, tera:Ghost|100/100
|-damage|p1a: Lapras|88/100|[from] Stealth Rock
|move|p2a: Barraskewda|Liquidation|p1a: Lapras
|-heal|p1a: Lapras|100/100|[from] ability: Water Absorb|[of] p2a: Barraskewda
|
|-weather|RainDance|[upkeep]
|upkeep
|turn|19
|
|t:|1758954488
|switch|p2a: Clodsire|Clodsire, F|100/100
|move|p1a: Lapras|Ice Beam|p2a: Clodsire
|-supereffective|p2a: Clodsire
|-damage|p2a: Clodsire|38/100
|
|-weather|none
|-heal|p2a: Clodsire|44/100|[from] item: Leftovers
|upkeep
|turn|20
|
|t:|1758954501
|move|p1a: Lapras|Ice Beam|p2a: Clodsire
|-supereffective|p2a: Clodsire
|-damage|p2a: Clodsire|0 fnt
|faint|p2a: Clodsire
|
|upkeep
|
|t:|1758954511
|switch|p2a: Incineroar|Incineroar, M|9/100
|-ability|p2a: Incineroar|Intimidate|boost
|-unboost|p1a: Lapras|atk|1
|turn|21
|inactive|Yomoma’sash has 120 seconds left.
|
|t:|1758954555
|move|p2a: Incineroar|Knock Off|p1a: Lapras
|-supereffective|p1a: Lapras
|-damage|p1a: Lapras|35/100
|-enditem|p1a: Lapras|Choice Specs|[from] move: Knock Off|[of] p2a: Incineroar
|move|p1a: Lapras|Ice Beam|p2a: Incineroar
|-resisted|p2a: Incineroar
|-damage|p2a: Incineroar|0 fnt
|faint|p2a: Incineroar
|
|upkeep
|
|t:|1758954561
|switch|p2a: Zapdos|Zapdos|100/100
|turn|22
|inactive|egoist1111 has 120 seconds left.
|
|t:|1758954600
|switch|p1a: Charizard|Charizard, F|51/100
|-damage|p1a: Charizard|1/100|[from] Stealth Rock
|move|p2a: Zapdos|Volt Switch|p1a: Charizard
|-supereffective|p1a: Charizard
|-damage|p1a: Charizard|0 fnt
|faint|p1a: Charizard
|
|t:|1758954606
|switch|p2a: Barraskewda|Barraskewda, F, tera:Water|100/100|[from] Volt Switch
|
|upkeep
|
|t:|1758954608
|switch|p1a: Lapras|Lapras, F, tera:Ghost|35/100
|-damage|p1a: Lapras|23/100|[from] Stealth Rock
|turn|23
|
|t:|1758954613
|switch|p2a: Zapdos|Zapdos|100/100
|move|p1a: Lapras|Ice Beam|p2a: Zapdos
|-supereffective|p2a: Zapdos
|-damage|p2a: Zapdos|18/100
|
|upkeep
|turn|24
|
|t:|1758954621
|switch|p1a: Clefable|Clefable, M|100/100
|-damage|p1a: Clefable|88/100|[from] Stealth Rock
|move|p2a: Zapdos|Volt Switch|p1a: Clefable
|-damage|p1a: Clefable|54/100
|
|t:|1758954627
|switch|p2a: Barraskewda|Barraskewda, F, tera:Water|100/100|[from] Volt Switch
|
|-heal|p1a: Clefable|60/100|[from] item: Leftovers
|upkeep
|turn|25
|
|t:|1758954638
|switch|p2a: Zapdos|Zapdos|18/100
|move|p1a: Clefable|Moonlight|p1a: Clefable
|-heal|p1a: Clefable|100/100
|
|upkeep
|turn|26
|
|t:|1758954644
|move|p2a: Zapdos|Volt Switch|p1a: Clefable
|-damage|p1a: Clefable|69/100
|
|t:|1758954647
|switch|p2a: Barraskewda|Barraskewda, F, tera:Water|100/100|[from] Volt Switch
|move|p1a: Clefable|Cosmic Power|p1a: Clefable
|-boost|p1a: Clefable|def|1
|-boost|p1a: Clefable|spd|1
|
|-heal|p1a: Clefable|75/100|[from] item: Leftovers
|upkeep
|turn|27
|
|t:|1758954651
|move|p2a: Barraskewda|Liquidation|p1a: Clefable
|-damage|p1a: Clefable|29/100
|move|p1a: Clefable|Moonlight|p1a: Clefable
|-heal|p1a: Clefable|79/100
|
|-heal|p1a: Clefable|86/100|[from] item: Leftovers
|upkeep
|turn|28
|
|t:|1758954661
|switch|p2a: Zapdos|Zapdos|18/100
|move|p1a: Clefable|Cosmic Power|p1a: Clefable
|-boost|p1a: Clefable|def|1
|-boost|p1a: Clefable|spd|1
|
|-heal|p1a: Clefable|92/100|[from] item: Leftovers
|upkeep
|turn|29
|-message|egoist1111 forfeited.
|
|win|Yomoma’sash
|raw|Yomoma’sash's rating: 1431 &rarr; <strong>1450</strong><br />(+19 for winning)
|raw|egoist1111's rating: 1417 &rarr; <strong>1398</strong><br />(-19 for losing)
|l|‽egoist1111
|player|p2|
