|j|☆pollalarganolosigu
|j|☆CRAPUSTULA FRENCH
|t:|1758971914
|gametype|singles
|player|p1|pollalarganolosigu|roughneck|1053
|player|p2|CRAPUSTULA FRENCH|dawn-gen4pt|1108
|gen|9
|tier|[Gen 9] OU
|rated|
|rule|HP Percentage Mod: HP is shown in percentages
|rule|Endless Battle Clause: Forcing endless battles is banned
|rule|Species Clause: Limit one of each Pokémon
|rule|OHKO Clause: OHKO moves are banned
|rule|Evasion Items Clause: Evasion items are banned
|rule|Evasion Moves Clause: Evasion moves are banned
|rule|Evasion Abilities Clause: Evasion abilities are banned
|rule|Sleep Moves Clause: Sleep-inducing moves are banned
|clearpoke
|poke|p1|Ribombee, M|
|poke|p1|Gholdengo|
|poke|p1|Great Tusk|
|poke|p1|Greninja-*, M|
|poke|p1|Iron Moth|
|poke|p1|Ting-Lu|
|poke|p2|Ting-Lu|
|poke|p2|Pikachu-Alola, M|
|poke|p2|Corviknight, M|
|poke|p2|Blaziken, M|
|poke|p2|Great Tusk|
|poke|p2|Iron Valiant|
|teampreview
|inactive|Battle timer is ON: inactive players will automatically lose when time's up. (requested by CRAPUSTULA FRENCH)
|
|t:|1758971919
|teamsize|p1|6
|teamsize|p2|6
|start
|switch|p1a: Ribombee|Ribombee, M|100/100
|switch|p2a: KIM JONG UN|Great Tusk|100/100
|turn|1
|
|t:|1758971930
|move|p1a: Ribombee|Stun Spore|p2a: KIM JONG UN
|-status|p2a: KIM JONG UN|par
|move|p2a: KIM JONG UN|Rapid Spin|p1a: Ribombee
|-damage|p1a: Ribombee|64/100
|-boost|p2a: KIM JONG UN|spe|1
|
|upkeep
|turn|2
|
|t:|1758971938
|move|p1a: Ribombee|Psychic|p2a: KIM JONG UN
|-supereffective|p2a: KIM JONG UN
|-damage|p2a: KIM JONG UN|27/100 par
|move|p2a: KIM JONG UN|Ice Spinner|p1a: Ribombee
|-damage|p1a: Ribombee|13/100
|
|upkeep
|turn|3
|
|t:|1758971947
|-end|p2a: KIM JONG UN|Protosynthesis|[silent]
|switch|p2a: SEAN|Corviknight, M|100/100
|move|p1a: Ribombee|Psychic|p2a: SEAN
|-resisted|p2a: SEAN
|-damage|p2a: SEAN|91/100
|-ability|p2a: SEAN|Mirror Armor
|-unboost|p1a: Ribombee|spd|1
|
|-heal|p2a: SEAN|97/100|[from] item: Leftovers
|upkeep
|turn|4
|
|t:|1758971956
|move|p1a: Ribombee|Sticky Web|p2a: SEAN
|-sidestart|p2: CRAPUSTULA FRENCH|move: Sticky Web
|move|p2a: SEAN|Taunt|p1a: Ribombee
|-start|p1a: Ribombee|move: Taunt
|
|-heal|p2a: SEAN|100/100|[from] item: Leftovers
|upkeep
|turn|5
|
|t:|1758971963
|switch|p1a: Ting-Lu|Ting-Lu|100/100
|-ability|p1a: Ting-Lu|Vessel of Ruin
|move|p2a: SEAN|Body Press|p1a: Ting-Lu
|-supereffective|p1a: Ting-Lu
|-damage|p1a: Ting-Lu|73/100
|
|-heal|p1a: Ting-Lu|79/100|[from] item: Leftovers
|upkeep
|turn|6
|
|t:|1758971967
|move|p1a: Ting-Lu|Stealth Rock|p2a: SEAN
|-sidestart|p2: CRAPUSTULA FRENCH|move: Stealth Rock
|move|p2a: SEAN|Taunt|p1a: Ting-Lu
|-start|p1a: Ting-Lu|move: Taunt
|
|-heal|p1a: Ting-Lu|85/100|[from] item: Leftovers
|upkeep
|turn|7
|
|t:|1758971993
|switch|p1a: Iron Moth|Iron Moth|100/100
|-enditem|p1a: Iron Moth|Booster Energy
|-activate|p1a: Iron Moth|ability: Quark Drive|[fromitem]
|-start|p1a: Iron Moth|quarkdrivespe
|move|p2a: SEAN|U-turn|p1a: Iron Moth
|-resisted|p1a: Iron Moth
|-damage|p1a: Iron Moth|96/100
|
|t:|1758972002
|switch|p2a: CHARAL VERDE|Ting-Lu, shiny|100/100|[from] U-turn
|-activate|p2a: CHARAL VERDE|move: Sticky Web
|-unboost|p2a: CHARAL VERDE|spe|1
|-damage|p2a: CHARAL VERDE|94/100|[from] Stealth Rock
|-ability|p2a: CHARAL VERDE|Vessel of Ruin
|
|upkeep
|turn|8
|
|t:|1758972010
|-terastallize|p1a: Iron Moth|Grass
|move|p1a: Iron Moth|Energy Ball|p2a: CHARAL VERDE
|-supereffective|p2a: CHARAL VERDE
|-damage|p2a: CHARAL VERDE|43/100
|move|p2a: CHARAL VERDE|Whirlwind|p1a: Iron Moth
|-end|p1a: Iron Moth|Quark Drive|[silent]
|drag|p1a: Gholdengo|Gholdengo|100/100
|-item|p1a: Gholdengo|Air Balloon
|
|upkeep
|turn|9
|
|t:|1758972021
|move|p1a: Gholdengo|Make It Rain|p2a: CHARAL VERDE
|-damage|p2a: CHARAL VERDE|5/100
|-unboost|p1a: Gholdengo|spa|1
|move|p2a: CHARAL VERDE|Ruination|p1a: Gholdengo
|-damage|p1a: Gholdengo|50/100
|-enditem|p1a: Gholdengo|Air Balloon
|
|upkeep
|turn|10
|
|t:|1758972034
|switch|p2a: SEAN|Corviknight, M|100/100
|-damage|p2a: SEAN|88/100|[from] Stealth Rock
|move|p1a: Gholdengo|Make It Rain|p2a: SEAN
|-resisted|p2a: SEAN
|-damage|p2a: SEAN|73/100
|-unboost|p1a: Gholdengo|spa|1
|
|-heal|p2a: SEAN|79/100|[from] item: Leftovers
|upkeep
|turn|11
|inactive|pollalarganolosigu has 120 seconds left.
|
|t:|1758972074
|switch|p1a: Ting-Lu|Ting-Lu|85/100
|-ability|p1a: Ting-Lu|Vessel of Ruin
|move|p2a: SEAN|Taunt|p1a: Ting-Lu
|-start|p1a: Ting-Lu|move: Taunt
|
|-heal|p1a: Ting-Lu|92/100|[from] item: Leftovers
|-heal|p2a: SEAN|85/100|[from] item: Leftovers
|upkeep
|turn|12
|
|t:|1758972081
|move|p1a: Ting-Lu|Heavy Slam|p2a: SEAN
|-resisted|p2a: SEAN
|-damage|p2a: SEAN|76/100
|move|p2a: SEAN|U-turn|p1a: Ting-Lu
|-supereffective|p1a: Ting-Lu
|-damage|p1a: Ting-Lu|74/100
|
|t:|1758972089
|switch|p2a: KIM JONG UN|Great Tusk|27/100 par|[from] U-turn
|
|-heal|p1a: Ting-Lu|80/100|[from] item: Leftovers
|upkeep
|turn|13
|
|t:|1758972096
|switch|p1a: Gholdengo|Gholdengo|50/100
|cant|p2a: KIM JONG UN|par
|
|upkeep
|turn|14
|
|t:|1758972109
|move|p1a: Gholdengo|Psychic|p2a: KIM JONG UN
|-supereffective|p2a: KIM JONG UN
|-damage|p2a: KIM JONG UN|0 fnt
|faint|p2a: KIM JONG UN
|-end|p2a: KIM JONG UN|Protosynthesis|[silent]
|
|upkeep
|
|t:|1758972117
|switch|p2a: SEAN|Corviknight, M|76/100
|-damage|p2a: SEAN|64/100|[from] Stealth Rock
|turn|15
|
|t:|1758972125
|move|p1a: Gholdengo|Shadow Ball|p2a: SEAN
|-damage|p2a: SEAN|31/100
|move|p2a: SEAN|Defog|p1a: Gholdengo
|-immune|p1a: Gholdengo|[from] ability: Good as Gold
|
|-heal|p2a: SEAN|37/100|[from] item: Leftovers
|upkeep
|turn|16
|
|t:|1758972145
|move|p1a: Gholdengo|Shadow Ball|p2a: SEAN
|-damage|p2a: SEAN|4/100
|move|p2a: SEAN|Defog|p1a: Gholdengo
|-immune|p1a: Gholdengo|[from] ability: Good as Gold
|
|-heal|p2a: SEAN|10/100|[from] item: Leftovers
|upkeep
|turn|17
|
|t:|1758972154
|switch|p2a: CHARAL VERDE|Ting-Lu, shiny|5/100
|-activate|p2a: CHARAL VERDE|move: Sticky Web
|-unboost|p2a: CHARAL VERDE|spe|1
|-damage|p2a: CHARAL VERDE|0 fnt|[from] Stealth Rock
|faint|p2a: CHARAL VERDE
|move|p1a: Gholdengo|Shadow Ball|p2: CHARAL VERDE|[notarget]
|-fail|p1a: Gholdengo
|
|upkeep
|
|t:|1758972156
|switch|p2a: BENOÎT|Iron Valiant|100/100
|-activate|p2a: BENOÎT|move: Sticky Web
|-unboost|p2a: BENOÎT|spe|1
|-damage|p2a: BENOÎT|94/100|[from] Stealth Rock
|-enditem|p2a: BENOÎT|Booster Energy
|-activate|p2a: BENOÎT|ability: Quark Drive|[fromitem]
|-start|p2a: BENOÎT|quarkdrivespa
|turn|18
|
|t:|1758972179
|move|p1a: Gholdengo|Psychic|p2a: BENOÎT
|-supereffective|p2a: BENOÎT
|-damage|p2a: BENOÎT|0 fnt
|faint|p2a: BENOÎT
|-end|p2a: BENOÎT|Quark Drive|[silent]
|
|upkeep
|
|t:|1758972185
|switch|p2a: SEAN|Corviknight, M|10/100
|-damage|p2a: SEAN|0 fnt|[from] Stealth Rock
|faint|p2a: SEAN
|
|t:|1758972187
|switch|p2a: MAXENCE|Blaziken, M|100/100
|-activate|p2a: MAXENCE|move: Sticky Web
|-unboost|p2a: MAXENCE|spe|1
|-damage|p2a: MAXENCE|88/100|[from] Stealth Rock
|turn|19
|
|t:|1758972190
|move|p2a: MAXENCE|Protect|p2a: MAXENCE
|-singleturn|p2a: MAXENCE|Protect
|move|p1a: Gholdengo|Psychic|p2a: MAXENCE
|-activate|p2a: MAXENCE|move: Protect
|
|-ability|p2a: MAXENCE|Speed Boost|boost
|-boost|p2a: MAXENCE|spe|1
|upkeep
|turn|20
|
|t:|1758972199
|move|p1a: Gholdengo|Psychic|p2a: MAXENCE
|-supereffective|p2a: MAXENCE
|-damage|p2a: MAXENCE|0 fnt
|faint|p2a: MAXENCE
|
|upkeep
|
|t:|1758972202
|switch|p2a: JEAN-LUC|Pikachu-Alola, M|100/100
|-activate|p2a: JEAN-LUC|move: Sticky Web
|-unboost|p2a: JEAN-LUC|spe|1
|-damage|p2a: JEAN-LUC|88/100|[from] Stealth Rock
|turn|21
|
|t:|1758972214
|-terastallize|p2a: JEAN-LUC|Electric
|move|p1a: Gholdengo|Make It Rain|p2a: JEAN-LUC
|-resisted|p2a: JEAN-LUC
|-damage|p2a: JEAN-LUC|6/100
|-unboost|p1a: Gholdengo|spa|1
|move|p2a: JEAN-LUC|Thunderbolt|p1a: Gholdengo
|-damage|p1a: Gholdengo|0 fnt
|faint|p1a: Gholdengo
|
|upkeep
|
|t:|1758972225
|switch|p1a: Iron Moth|Iron Moth, tera:Grass|96/100
|turn|22
|
|t:|1758972228
|move|p1a: Iron Moth|Energy Ball|p2a: JEAN-LUC
|-damage|p2a: JEAN-LUC|0 fnt
|faint|p2a: JEAN-LUC
|
|win|pollalarganolosigu
|raw|pollalarganolosigu's rating: 1087 &rarr; <strong>1116</strong><br />(+29 for winning)
|raw|CRAPUSTULA FRENCH's rating: 1108 &rarr; <strong>1081</strong><br />(-27 for losing)
|l|☆CRAPUSTULA FRENCH
|player|p2|
|l|☆pollalarganolosigu
|player|p1|
