|j|☆lerendezvous
|j|☆10thPlanett
|t:|1758991767
|gametype|singles
|player|p1|lerendezvous|101|1682
|player|p2|10thPlanett|alder|1649
|gen|9
|tier|[Gen 9] OU
|rated|
|rule|HP Percentage Mod: HP is shown in percentages
|rule|Endless Battle Clause: Forcing endless battles is banned
|rule|Species Clause: Limit one of each Pokémon
|rule|OHKO Clause: OHKO moves are banned
|rule|Evasion Items Clause: Evasion items are banned
|rule|Evasion Moves Clause: Evasion moves are banned
|rule|Evasion Abilities Clause: Evasion abilities are banned
|rule|Sleep Moves Clause: Sleep-inducing moves are banned
|clearpoke
|poke|p1|Ogerpon-Wellspring, F|
|poke|p1|Slowking-Galar, M|
|poke|p1|Great Tusk|
|poke|p1|Moltres|
|poke|p1|Dragapult, M|
|poke|p1|Kingambit, M|
|poke|p2|Dragonite, F|
|poke|p2|Zamazenta-*|
|poke|p2|Araquanid, M|
|poke|p2|Iron Treads|
|poke|p2|Zapdos|
|poke|p2|Glimmora, M|
|teampreview
|
|t:|1758991776
|teamsize|p1|6
|teamsize|p2|6
|start
|switch|p1a: Slowking|Slowking-Galar, M|100/100
|switch|p2a: Glimmora|Glimmora, M|100/100
|turn|1
|inactive|Battle timer is ON: inactive players will automatically lose when time's up. (requested by lerendezvous)
|
|t:|1758991783
|switch|p2a: Araquanid|Araquanid, M, shiny|100/100
|move|p1a: Slowking|Sludge Bomb|p2a: Araquanid
|-crit|p2a: Araquanid
|-damage|p2a: Araquanid|47/100
|
|upkeep
|turn|2
|
|t:|1758991791
|move|p2a: Araquanid|Sticky Web|p1a: Slowking
|-sidestart|p1: lerendezvous|move: Sticky Web
|move|p1a: Slowking|Ice Beam|p2a: Araquanid
|-resisted|p2a: Araquanid
|-damage|p2a: Araquanid|36/100
|
|upkeep
|turn|3
|
|t:|1758991802
|move|p2a: Araquanid|Endeavor|p1a: Slowking
|-damage|p1a: Slowking|31/100
|move|p1a: Slowking|Psyshock|p2a: Araquanid
|-damage|p2a: Araquanid|0 fnt
|faint|p2a: Araquanid
|
|upkeep
|inactive|10thPlanett has 120 seconds left.
|
|t:|1758991839
|switch|p2a: Iron Treads|Iron Treads|100/100
|-enditem|p2a: Iron Treads|Booster Energy
|-activate|p2a: Iron Treads|ability: Quark Drive|[fromitem]
|-start|p2a: Iron Treads|quarkdrivespe
|turn|4
|
|t:|1758991844
|switch|p1a: Moltres|Moltres|100/100
|move|p2a: Iron Treads|Earthquake|p1a: Moltres
|-immune|p1a: Moltres
|
|upkeep
|turn|5
|inactive|10thPlanett has 120 seconds left.
|
|t:|1758991857
|-end|p2a: Iron Treads|Quark Drive|[silent]
|switch|p2a: Zapdos|Zapdos|100/100
|move|p1a: Moltres|Flamethrower|p2a: Zapdos
|-damage|p2a: Zapdos|67/100
|
|upkeep
|turn|6
|inactive|10thPlanett has 120 seconds left.
|
|t:|1758991867
|switch|p1a: Slowking|Slowking-Galar, M|64/100
|-activate|p1a: Slowking|move: Sticky Web
|-unboost|p1a: Slowking|spe|1
|move|p2a: Zapdos|Thunderbolt|p1a: Slowking
|-damage|p1a: Slowking|45/100
|-status|p1a: Slowking|par
|
|upkeep
|turn|7
|inactive|10thPlanett has 120 seconds left.
|
|t:|1758991889
|switch|p2a: Zamazenta|Zamazenta|100/100
|-ability|p2a: Zamazenta|Dauntless Shield|boost
|-boost|p2a: Zamazenta|def|1
|switch|p1a: Great Tusk|Great Tusk|100/100
|-activate|p1a: Great Tusk|move: Sticky Web
|-unboost|p1a: Great Tusk|spe|1
|
|upkeep
|turn|8
|
|t:|1758991899
|switch|p2a: Zapdos|Zapdos|67/100
|move|p1a: Great Tusk|Rapid Spin|p2a: Zapdos
|-damage|p2a: Zapdos|55/100
|-boost|p1a: Great Tusk|spe|1
|-sideend|p1: lerendezvous|Sticky Web|[from] move: Rapid Spin|[of] p1a: Great Tusk
|
|upkeep
|turn|9
|
|t:|1758991906
|move|p1a: Great Tusk|Stealth Rock|p2a: Zapdos
|-sidestart|p2: 10thPlanett|move: Stealth Rock
|move|p2a: Zapdos|Roost|p2a: Zapdos
|-heal|p2a: Zapdos|100/100
|-singleturn|p2a: Zapdos|move: Roost
|
|upkeep
|turn|10
|inactive|10thPlanett has 120 seconds left.
|
|t:|1758991914
|-end|p1a: Great Tusk|Protosynthesis|[silent]
|switch|p1a: Slowking|Slowking-Galar, M|78/100 par
|move|p2a: Zapdos|Hurricane|p1a: Slowking|[miss]
|-miss|p2a: Zapdos|p1a: Slowking
|
|upkeep
|turn|11
|
|t:|1758991921
|move|p2a: Zapdos|Hurricane|p1a: Slowking
|-damage|p1a: Slowking|54/100 par
|move|p1a: Slowking|Ice Beam|p2a: Zapdos
|-supereffective|p2a: Zapdos
|-damage|p2a: Zapdos|49/100
|
|upkeep
|turn|12
|
|t:|1758991928
|move|p2a: Zapdos|Roost|p2a: Zapdos
|-heal|p2a: Zapdos|99/100
|-singleturn|p2a: Zapdos|move: Roost
|cant|p1a: Slowking|par
|
|upkeep
|turn|13
|
|t:|1758991946
|move|p2a: Zapdos|Hurricane|p1a: Slowking|[miss]
|-miss|p2a: Zapdos|p1a: Slowking
|move|p1a: Slowking|Ice Beam|p2a: Zapdos
|-supereffective|p2a: Zapdos
|-damage|p2a: Zapdos|48/100
|
|upkeep
|turn|14
|
|t:|1758991953
|move|p2a: Zapdos|Roost|p2a: Zapdos
|-heal|p2a: Zapdos|98/100
|-singleturn|p2a: Zapdos|move: Roost
|move|p1a: Slowking|Sludge Bomb|p2a: Zapdos
|-crit|p2a: Zapdos
|-damage|p2a: Zapdos|36/100
|
|upkeep
|turn|15
|
|t:|1758991962
|move|p2a: Zapdos|Hurricane|p1a: Slowking|[miss]
|-miss|p2a: Zapdos|p1a: Slowking
|cant|p1a: Slowking|par
|
|upkeep
|turn|16
|
|t:|1758991968
|move|p2a: Zapdos|Roost|p2a: Zapdos
|-heal|p2a: Zapdos|86/100
|-singleturn|p2a: Zapdos|move: Roost
|cant|p1a: Slowking|par
|
|upkeep
|turn|17
|
|t:|1758991974
|move|p2a: Zapdos|Hurricane|p1a: Slowking
|-damage|p1a: Slowking|30/100 par
|cant|p1a: Slowking|par
|
|upkeep
|turn|18
|
|t:|1758991982
|move|p2a: Zapdos|Hurricane|p1a: Slowking
|-damage|p1a: Slowking|6/100 par
|move|p1a: Slowking|Ice Beam|p2a: Zapdos
|-supereffective|p2a: Zapdos
|-damage|p2a: Zapdos|30/100
|
|upkeep
|turn|19
|
|t:|1758991991
|move|p2a: Zapdos|Roost|p2a: Zapdos
|-heal|p2a: Zapdos|80/100
|-singleturn|p2a: Zapdos|move: Roost
|move|p1a: Slowking|Sludge Bomb|p2a: Zapdos
|-damage|p2a: Zapdos|37/100
|
|upkeep
|turn|20
|
|t:|1758992001
|move|p2a: Zapdos|Thunderbolt|p1a: Slowking
|-damage|p1a: Slowking|0 fnt
|faint|p1a: Slowking
|
|upkeep
|
|t:|1758992007
|switch|p1a: Ogerpon|Ogerpon-Wellspring, F|100/100
|turn|21
|
|t:|1758992011
|move|p1a: Ogerpon|Ivy Cudgel|p2a: Zapdos|[anim] Ivy Cudgel Water
|-crit|p2a: Zapdos
|-damage|p2a: Zapdos|0 fnt
|faint|p2a: Zapdos
|
|upkeep
|
|t:|1758992017
|switch|p2a: Glimmora|Glimmora, M|100/100
|-damage|p2a: Glimmora|88/100|[from] Stealth Rock
|turn|22
|
|t:|1758992022
|move|p2a: Glimmora|Sludge Wave|p1a: Ogerpon
|-supereffective|p1a: Ogerpon
|-damage|p1a: Ogerpon|0 fnt
|faint|p1a: Ogerpon
|
|upkeep
|
|t:|1758992030
|switch|p1a: Kingambit|Kingambit, M|100/100
|-activate|p1a: Kingambit|ability: Supreme Overlord
|-start|p1a: Kingambit|fallen2|[silent]
|turn|23
|
|t:|1758992041
|switch|p2a: Iron Treads|Iron Treads|100/100
|-damage|p2a: Iron Treads|97/100|[from] Stealth Rock
|-end|p1a: Kingambit|fallen2|[silent]
|switch|p1a: Dragapult|Dragapult, M|100/100
|
|upkeep
|turn|24
|
|t:|1758992050
|-end|p2a: Iron Treads|Quark Drive|[silent]
|switch|p2a: Glimmora|Glimmora, M|88/100
|-damage|p2a: Glimmora|76/100|[from] Stealth Rock
|move|p1a: Dragapult|Will-O-Wisp|p2a: Glimmora
|-status|p2a: Glimmora|brn
|
|-damage|p2a: Glimmora|70/100 brn|[from] brn
|upkeep
|turn|25
|
|t:|1758992061
|-terastallize|p2a: Glimmora|Fairy
|move|p2a: Glimmora|Dazzling Gleam|p1a: Dragapult
|-supereffective|p1a: Dragapult
|-damage|p1a: Dragapult|0 fnt
|faint|p1a: Dragapult
|
|-damage|p2a: Glimmora|63/100 brn|[from] brn
|upkeep
|
|t:|1758992068
|switch|p1a: Moltres|Moltres|100/100
|turn|26
|
|t:|1758992091
|switch|p2a: Iron Treads|Iron Treads|97/100
|-damage|p2a: Iron Treads|94/100|[from] Stealth Rock
|move|p1a: Moltres|Flamethrower|p2a: Iron Treads
|-supereffective|p2a: Iron Treads
|-damage|p2a: Iron Treads|0 fnt
|faint|p2a: Iron Treads
|-end|p2a: Iron Treads|Quark Drive|[silent]
|
|upkeep
|
|t:|1758992104
|switch|p2a: Glimmora|Glimmora, M, tera:Fairy|63/100 brn
|-damage|p2a: Glimmora|51/100 brn|[from] Stealth Rock
|turn|27
|
|t:|1758992111
|move|p2a: Glimmora|Power Gem|p1a: Moltres
|-supereffective|p1a: Moltres
|-damage|p1a: Moltres|0 fnt
|faint|p1a: Moltres
|
|-damage|p2a: Glimmora|45/100 brn|[from] brn
|upkeep
|
|t:|1758992119
|switch|p1a: Kingambit|Kingambit, M|100/100
|-activate|p1a: Kingambit|ability: Supreme Overlord
|-start|p1a: Kingambit|fallen4|[silent]
|turn|28
|
|t:|1758992130
|switch|p2a: Dragonite|Dragonite, F, shiny|100/100
|-damage|p2a: Dragonite|76/100|[from] Stealth Rock
|move|p1a: Kingambit|Swords Dance|p1a: Kingambit
|-boost|p1a: Kingambit|atk|2
|
|upkeep
|turn|29
|
|t:|1758992138
|move|p1a: Kingambit|Sucker Punch|p2a: Dragonite
|-damage|p2a: Dragonite|0 fnt
|faint|p2a: Dragonite
|
|upkeep
|
|t:|1758992144
|switch|p2a: Glimmora|Glimmora, M, tera:Fairy|45/100 brn
|-damage|p2a: Glimmora|32/100 brn|[from] Stealth Rock
|turn|30
|
|t:|1758992149
|move|p2a: Glimmora|Earth Power|p1a: Kingambit
|-supereffective|p1a: Kingambit
|-damage|p1a: Kingambit|31/100
|move|p1a: Kingambit|Swords Dance|p1a: Kingambit
|-boost|p1a: Kingambit|atk|2
|
|-heal|p1a: Kingambit|37/100|[from] item: Leftovers
|-damage|p2a: Glimmora|26/100 brn|[from] brn
|upkeep
|turn|31
|
|t:|1758992159
|switch|p2a: Zamazenta|Zamazenta|100/100
|-damage|p2a: Zamazenta|94/100|[from] Stealth Rock
|-terastallize|p1a: Kingambit|Ghost
|move|p1a: Kingambit|Sucker Punch||[still]
|-fail|p1a: Kingambit
|
|-heal|p1a: Kingambit|43/100|[from] item: Leftovers
|upkeep
|turn|32
|
|t:|1758992170
|move|p1a: Kingambit|Sucker Punch|p2a: Zamazenta
|-resisted|p2a: Zamazenta
|-damage|p2a: Zamazenta|24/100
|move|p2a: Zamazenta|Crunch|p1a: Kingambit
|-supereffective|p1a: Kingambit
|-damage|p1a: Kingambit|4/100
|-unboost|p1a: Kingambit|def|1
|
|-heal|p1a: Kingambit|10/100|[from] item: Leftovers
|upkeep
|turn|33
|
|t:|1758992181
|move|p2a: Zamazenta|Crunch|p1a: Kingambit
|-supereffective|p1a: Kingambit
|-damage|p1a: Kingambit|0 fnt
|faint|p1a: Kingambit
|-end|p1a: Kingambit|fallen4|[silent]
|
|upkeep
|
|t:|1758992186
|switch|p1a: Great Tusk|Great Tusk|100/100
|turn|34
|
|t:|1758992199
|move|p2a: Zamazenta|Close Combat|p1a: Great Tusk
|-damage|p1a: Great Tusk|59/100
|-unboost|p2a: Zamazenta|def|1
|-unboost|p2a: Zamazenta|spd|1
|-damage|p2a: Zamazenta|8/100|[from] item: Rocky Helmet|[of] p1a: Great Tusk
|move|p1a: Great Tusk|Rapid Spin|p2a: Zamazenta
|-damage|p2a: Zamazenta|0 fnt
|-boost|p1a: Great Tusk|spe|1
|faint|p2a: Zamazenta
|
|upkeep
|
|t:|1758992210
|switch|p2a: Glimmora|Glimmora, M, tera:Fairy|26/100 brn
|-damage|p2a: Glimmora|14/100 brn|[from] Stealth Rock
|turn|35
|
|t:|1758992215
|move|p1a: Great Tusk|Headlong Rush|p2a: Glimmora
|-damage|p2a: Glimmora|0 fnt
|-unboost|p1a: Great Tusk|def|1
|-unboost|p1a: Great Tusk|spd|1
|-activate|p2a: Glimmora|ability: Toxic Debris
|-sidestart|p1: lerendezvous|move: Toxic Spikes
|faint|p2a: Glimmora
|
|win|lerendezvous
|raw|lerendezvous's rating: 1682 &rarr; <strong>1700</strong><br />(+18 for winning)
|raw|10thPlanett's rating: 1649 &rarr; <strong>1631</strong><br />(-18 for losing)
