|j|☆models&baddies
|j|☆UltraGodGreninja
|t:|1759003313
|gametype|singles
|player|p1|models&baddies|benga|1340
|player|p2|UltraGodGreninja|skyla|1377
|gen|9
|tier|[Gen 9] OU
|rated|
|rule|HP Percentage Mod: HP is shown in percentages
|rule|Endless Battle Clause: Forcing endless battles is banned
|rule|Species Clause: Limit one of each Pokémon
|rule|OHKO Clause: OHKO moves are banned
|rule|Evasion Items Clause: Evasion items are banned
|rule|Evasion Moves Clause: Evasion moves are banned
|rule|Evasion Abilities Clause: Evasion abilities are banned
|rule|Sleep Moves Clause: Sleep-inducing moves are banned
|clearpoke
|poke|p1|Rillaboom, M|
|poke|p1|Salazzle, F|
|poke|p1|Latias, F|
|poke|p1|Espeon, F|
|poke|p1|Milotic, F|
|poke|p1|Hitmontop, M|
|poke|p2|Dragapult, M|
|poke|p2|Ogerpon-Wellspring, F|
|poke|p2|Great Tusk|
|poke|p2|Araquanid, M|
|poke|p2|Kingambit, M|
|poke|p2|Gholdengo|
|teampreview
|
|t:|1759003324
|teamsize|p1|6
|teamsize|p2|6
|start
|switch|p1a: Hitmontop|Hitmontop, M|100/100
|switch|p2a: Dragapult|Dragapult, M|100/100
|turn|1
|
|t:|1759003342
|move|p1a: Hitmontop|Sucker Punch||[still]
|-fail|p1a: Hitmontop
|move|p2a: Dragapult|Reflect|p2a: Dragapult
|-sidestart|p2: UltraGodGreninja|Reflect
|
|upkeep
|turn|2
|
|t:|1759003353
|move|p2a: Dragapult|Light Screen|p2a: Dragapult
|-sidestart|p2: UltraGodGreninja|move: Light Screen
|move|p1a: Hitmontop|Triple Axel|p2a: Dragapult
|-supereffective|p2a: Dragapult
|-damage|p2a: Dragapult|89/100
|-supereffective|p2a: Dragapult
|-damage|p2a: Dragapult|67/100
|-start|p1a: Hitmontop|Disable|Triple Axel|[from] ability: Cursed Body|[of] p2a: Dragapult
|-hitcount|p2a: Dragapult|2
|
|upkeep
|turn|3
|
|t:|1759003366
|switch|p2a: Great Tusk|Great Tusk|100/100
|-enditem|p2a: Great Tusk|Booster Energy
|-activate|p2a: Great Tusk|ability: Protosynthesis|[fromitem]
|-start|p2a: Great Tusk|protosynthesisspe
|switch|p1a: Salazzle|Salazzle, F|100/100
|
|upkeep
|turn|4
|
|t:|1759003377
|switch|p1a: Latias|Latias, F|100/100
|move|p2a: Great Tusk|Bulk Up|p2a: Great Tusk
|-boost|p2a: Great Tusk|atk|1
|-boost|p2a: Great Tusk|def|1
|
|upkeep
|turn|5
|
|t:|1759003384
|move|p1a: Latias|Trick|p2a: Great Tusk
|-activate|p1a: Latias|move: Trick|[of] p2a: Great Tusk
|-item|p2a: Great Tusk|Choice Scarf|[from] move: Trick
|-enditem|p1a: Latias|Choice Scarf|[silent]|[from] move: Trick
|move|p2a: Great Tusk|Ice Spinner|p1a: Latias
|-supereffective|p1a: Latias
|-damage|p1a: Latias|21/100
|
|upkeep
|turn|6
|
|t:|1759003395
|switch|p1a: Salazzle|Salazzle, F|100/100
|move|p2a: Great Tusk|Ice Spinner|p1a: Salazzle
|-resisted|p1a: Salazzle
|-damage|p1a: Salazzle|76/100
|
|-heal|p1a: Salazzle|82/100|[from] item: Leftovers
|upkeep
|turn|7
|
|t:|1759003397
|-end|p2a: Great Tusk|Protosynthesis|[silent]
|switch|p2a: Araquanid|Araquanid, M|100/100
|move|p1a: Salazzle|Toxic|p2a: Araquanid
|-status|p2a: Araquanid|tox
|
|-heal|p1a: Salazzle|88/100|[from] item: Leftovers
|-damage|p2a: Araquanid|94/100 tox|[from] psn
|upkeep
|turn|8
|
|t:|1759003408
|move|p1a: Salazzle|Substitute|p1a: Salazzle
|-start|p1a: Salazzle|Substitute
|-damage|p1a: Salazzle|64/100
|move|p2a: Araquanid|Sticky Web|p1a: Salazzle
|-sidestart|p1: models&baddies|move: Sticky Web
|
|-heal|p1a: Salazzle|70/100|[from] item: Leftovers
|-damage|p2a: Araquanid|82/100 tox|[from] psn
|-sideend|p2: UltraGodGreninja|Reflect
|upkeep
|turn|9
|
|t:|1759003415
|move|p1a: Salazzle|Encore|p2a: Araquanid
|-start|p2a: Araquanid|Encore
|move|p2a: Araquanid|Sticky Web||[still]
|-fail|p2a: Araquanid
|
|-heal|p1a: Salazzle|76/100|[from] item: Leftovers
|-damage|p2a: Araquanid|63/100 tox|[from] psn
|-sideend|p2: UltraGodGreninja|move: Light Screen
|upkeep
|turn|10
|
|t:|1759003422
|switch|p2a: Dragapult|Dragapult, M|67/100
|move|p1a: Salazzle|Toxic|p2a: Dragapult
|-status|p2a: Dragapult|tox
|
|-heal|p1a: Salazzle|82/100|[from] item: Leftovers
|-damage|p2a: Dragapult|61/100 tox|[from] psn
|upkeep
|turn|11
|
|t:|1759003429
|switch|p1a: Milotic|Milotic, F|100/100
|-activate|p1a: Milotic|move: Sticky Web
|-unboost|p1a: Milotic|spe|1
|-ability|p1a: Milotic|Competitive|boost
|-boost|p1a: Milotic|spa|2
|move|p2a: Dragapult|Dragon Darts|p1a: Milotic
|-damage|p1a: Milotic|77/100
|-anim|p2a: Dragapult|Dragon Darts|p1a: Milotic
|-damage|p1a: Milotic|52/100
|
|-heal|p1a: Milotic|58/100|[from] item: Leftovers
|-damage|p2a: Dragapult|49/100 tox|[from] psn
|upkeep
|turn|12
|
|t:|1759003445
|move|p2a: Dragapult|Light Screen|p2a: Dragapult
|-sidestart|p2: UltraGodGreninja|move: Light Screen
|move|p1a: Milotic|Recover|p1a: Milotic
|-heal|p1a: Milotic|100/100
|
|-damage|p2a: Dragapult|31/100 tox|[from] psn
|upkeep
|turn|13
|
|t:|1759003451
|move|p2a: Dragapult|Reflect|p2a: Dragapult
|-sidestart|p2: UltraGodGreninja|Reflect
|move|p1a: Milotic|Scald|p2a: Dragapult
|-resisted|p2a: Dragapult
|-damage|p2a: Dragapult|13/100 tox
|
|-damage|p2a: Dragapult|0 fnt|[from] psn
|faint|p2a: Dragapult
|upkeep
|
|t:|1759003466
|switch|p2a: Ogerpon|Ogerpon-Wellspring, F|100/100
|turn|14
|
|t:|1759003475
|switch|p1a: Rillaboom|Rillaboom, M|100/100
|-activate|p1a: Rillaboom|move: Sticky Web
|-unboost|p1a: Rillaboom|spe|1
|-fieldstart|move: Grassy Terrain|[from] ability: Grassy Surge|[of] p1a: Rillaboom
|move|p2a: Ogerpon|Swords Dance|p2a: Ogerpon
|-boost|p2a: Ogerpon|atk|2
|
|upkeep
|turn|15
|
|t:|1759003488
|move|p2a: Ogerpon|Play Rough|p1a: Rillaboom
|-damage|p1a: Rillaboom|25/100
|move|p1a: Rillaboom|U-turn|p2a: Ogerpon
|-supereffective|p2a: Ogerpon
|-damage|p2a: Ogerpon|66/100
|
|t:|1759003494
|switch|p1a: Latias|Latias, F|21/100|[from] U-turn
|
|-heal|p2a: Ogerpon|72/100|[from] Grassy Terrain
|upkeep
|turn|16
|
|t:|1759003497
|move|p1a: Latias|Thunder Wave|p2a: Ogerpon
|-status|p2a: Ogerpon|par
|move|p2a: Ogerpon|Trailblaze|p1a: Latias
|-resisted|p1a: Latias
|-damage|p1a: Latias|0 fnt
|-boost|p2a: Ogerpon|spe|1
|faint|p1a: Latias
|
|-heal|p2a: Ogerpon|78/100 par|[from] Grassy Terrain
|upkeep
|inactive|Battle timer is ON: inactive players will automatically lose when time's up. (requested by UltraGodGreninja)
|inactive|models&baddies has 120 seconds left.
|inactive|models&baddies has 90 seconds left.
|
|t:|1759003602
|switch|p1a: Salazzle|Salazzle, F|82/100
|-activate|p1a: Salazzle|move: Sticky Web
|-unboost|p1a: Salazzle|spe|1
|turn|17
|
|t:|1759003612
|move|p1a: Salazzle|Encore|p2a: Ogerpon
|-start|p2a: Ogerpon|Encore
|move|p2a: Ogerpon|Trailblaze|p1a: Salazzle
|-resisted|p1a: Salazzle
|-damage|p1a: Salazzle|52/100
|-boost|p2a: Ogerpon|spe|1
|
|-heal|p2a: Ogerpon|84/100 par|[from] Grassy Terrain
|-heal|p1a: Salazzle|58/100|[from] Grassy Terrain
|-heal|p1a: Salazzle|64/100|[from] item: Leftovers
|upkeep
|turn|18
|
|t:|1759003623
|move|p1a: Salazzle|Protect|p1a: Salazzle
|-singleturn|p1a: Salazzle|Protect
|cant|p2a: Ogerpon|par
|
|-heal|p2a: Ogerpon|90/100 par|[from] Grassy Terrain
|-heal|p1a: Salazzle|70/100|[from] Grassy Terrain
|-heal|p1a: Salazzle|77/100|[from] item: Leftovers
|upkeep
|turn|19
|
|t:|1759003635
|move|p2a: Ogerpon|Trailblaze|p1a: Salazzle
|-resisted|p1a: Salazzle
|-damage|p1a: Salazzle|47/100
|-boost|p2a: Ogerpon|spe|1
|move|p1a: Salazzle|Substitute|p1a: Salazzle
|-start|p1a: Salazzle|Substitute
|-damage|p1a: Salazzle|23/100
|
|-heal|p2a: Ogerpon|96/100 par|[from] Grassy Terrain
|-heal|p1a: Salazzle|29/100|[from] Grassy Terrain
|-heal|p1a: Salazzle|35/100|[from] item: Leftovers
|-end|p2a: Ogerpon|Encore
|-sideend|p2: UltraGodGreninja|move: Light Screen
|upkeep
|turn|20
|
|t:|1759003646
|move|p1a: Salazzle|Protect|p1a: Salazzle
|-singleturn|p1a: Salazzle|Protect
|move|p2a: Ogerpon|Ivy Cudgel|p1a: Salazzle|[anim] Ivy Cudgel Water
|-activate|p1a: Salazzle|move: Protect
|
|-heal|p2a: Ogerpon|100/100 par|[from] Grassy Terrain
|-heal|p1a: Salazzle|41/100|[from] Grassy Terrain
|-heal|p1a: Salazzle|47/100|[from] item: Leftovers
|-sideend|p2: UltraGodGreninja|Reflect
|upkeep
|turn|21
|
|t:|1759003651
|move|p2a: Ogerpon|Ivy Cudgel|p1a: Salazzle|[anim] Ivy Cudgel Water
|-supereffective|p1a: Salazzle
|-crit|p1a: Salazzle
|-end|p1a: Salazzle|Substitute
|move|p1a: Salazzle|Encore|p2a: Ogerpon
|-start|p2a: Ogerpon|Encore
|
|-heal|p1a: Salazzle|54/100|[from] Grassy Terrain
|-heal|p1a: Salazzle|60/100|[from] item: Leftovers
|-fieldend|move: Grassy Terrain
|upkeep
|turn|22
|
|t:|1759003663
|move|p2a: Ogerpon|Ivy Cudgel|p1a: Salazzle|[anim] Ivy Cudgel Water
|-supereffective|p1a: Salazzle
|-damage|p1a: Salazzle|0 fnt
|faint|p1a: Salazzle
|
|upkeep
|
|t:|1759003676
|switch|p1a: Rillaboom|Rillaboom, M|25/100
|-activate|p1a: Rillaboom|move: Sticky Web
|-unboost|p1a: Rillaboom|spe|1
|-fieldstart|move: Grassy Terrain|[from] ability: Grassy Surge|[of] p1a: Rillaboom
|turn|23
|
|t:|1759003682
|move|p1a: Rillaboom|Grassy Glide|p2a: Ogerpon
|-damage|p2a: Ogerpon|48/100 par
|cant|p2a: Ogerpon|par
|
|-heal|p2a: Ogerpon|54/100 par|[from] Grassy Terrain
|-heal|p1a: Rillaboom|31/100|[from] Grassy Terrain
|upkeep
|turn|24
|
|t:|1759003689
|move|p1a: Rillaboom|Grassy Glide|p2a: Ogerpon
|-damage|p2a: Ogerpon|1/100 par
|move|p2a: Ogerpon|Ivy Cudgel|p1a: Rillaboom|[anim] Ivy Cudgel Water
|-resisted|p1a: Rillaboom
|-damage|p1a: Rillaboom|0 fnt
|faint|p1a: Rillaboom
|
|-heal|p2a: Ogerpon|7/100 par|[from] Grassy Terrain
|-end|p2a: Ogerpon|Encore
|upkeep
|
|t:|1759003693
|switch|p1a: Hitmontop|Hitmontop, M|100/100
|-activate|p1a: Hitmontop|move: Sticky Web
|-unboost|p1a: Hitmontop|spe|1
|turn|25
|
|t:|1759003708
|move|p1a: Hitmontop|Sucker Punch|p2a: Ogerpon
|-damage|p2a: Ogerpon|0 fnt
|faint|p2a: Ogerpon
|
|upkeep
|
|t:|1759003714
|switch|p2a: Gholdengo|Gholdengo|100/100
|-item|p2a: Gholdengo|Air Balloon
|turn|26
|
|t:|1759003716
|switch|p1a: Milotic|Milotic, F|100/100
|-activate|p1a: Milotic|move: Sticky Web
|-unboost|p1a: Milotic|spe|1
|-ability|p1a: Milotic|Competitive|boost
|-boost|p1a: Milotic|spa|2
|move|p2a: Gholdengo|Nasty Plot|p2a: Gholdengo
|-boost|p2a: Gholdengo|spa|2
|
|upkeep
|turn|27
|
|t:|1759003724
|move|p2a: Gholdengo|Shadow Ball|p1a: Milotic
|-damage|p1a: Milotic|53/100
|move|p1a: Milotic|Mirror Coat|p2a: Gholdengo
|-damage|p2a: Gholdengo|0 fnt
|-enditem|p2a: Gholdengo|Air Balloon
|faint|p2a: Gholdengo
|
|-heal|p1a: Milotic|59/100|[from] Grassy Terrain
|-heal|p1a: Milotic|65/100|[from] item: Leftovers
|upkeep
|
|t:|1759003741
|switch|p2a: Araquanid|Araquanid, M|63/100 tox
|turn|28
|
|t:|1759003748
|switch|p1a: Espeon|Espeon, F|100/100
|-activate|p1a: Espeon|move: Sticky Web
|-unboost|p1a: Espeon|spe|1
|-enditem|p1a: Espeon|Grassy Seed
|-boost|p1a: Espeon|def|1|[from] item: Grassy Seed
|move|p2a: Araquanid|Endeavor|p1a: Espeon
|-damage|p1a: Espeon|65/100
|
|-heal|p1a: Espeon|71/100|[from] Grassy Terrain
|-heal|p2a: Araquanid|70/100 tox|[from] Grassy Terrain
|-damage|p2a: Araquanid|63/100 tox|[from] psn
|upkeep
|turn|29
|
|t:|1759003753
|move|p1a: Espeon|Calm Mind|p1a: Espeon
|-boost|p1a: Espeon|spa|1
|-boost|p1a: Espeon|spd|1
|move|p2a: Araquanid|Surf|p1a: Espeon
|-damage|p1a: Espeon|34/100
|
|-heal|p1a: Espeon|40/100|[from] Grassy Terrain
|-heal|p2a: Araquanid|70/100 tox|[from] Grassy Terrain
|-damage|p2a: Araquanid|57/100 tox|[from] psn
|upkeep
|turn|30
|
|t:|1759003760
|move|p1a: Espeon|Morning Sun|p1a: Espeon
|-heal|p1a: Espeon|90/100
|move|p2a: Araquanid|Surf|p1a: Espeon
|-damage|p1a: Espeon|53/100
|
|-heal|p1a: Espeon|59/100|[from] Grassy Terrain
|-heal|p2a: Araquanid|63/100 tox|[from] Grassy Terrain
|-damage|p2a: Araquanid|45/100 tox|[from] psn
|-fieldend|move: Grassy Terrain
|upkeep
|turn|31
|
|t:|1759003763
|move|p1a: Espeon|Calm Mind|p1a: Espeon
|-boost|p1a: Espeon|spa|1
|-boost|p1a: Espeon|spd|1
|move|p2a: Araquanid|Endeavor|p1a: Espeon
|-damage|p1a: Espeon|46/100
|
|-damage|p2a: Araquanid|20/100 tox|[from] psn
|upkeep
|turn|32
|-enditem|p2a: Araquanid|Custap Berry|[eat]
|-activate|p2a: Araquanid|item: Custap Berry|[consumed]
|
|t:|1759003769
|move|p2a: Araquanid|Endeavor|p1a: Espeon
|-damage|p1a: Espeon|21/100
|move|p1a: Espeon|Draining Kiss|p2a: Araquanid
|-crit|p2a: Araquanid
|-damage|p2a: Araquanid|0 fnt
|-heal|p1a: Espeon|36/100|[from] drain|[of] p2a: Araquanid
|faint|p2a: Araquanid
|
|upkeep
|
|t:|1759003771
|switch|p2a: Kingambit|Kingambit, M|100/100
|-activate|p2a: Kingambit|ability: Supreme Overlord
|-start|p2a: Kingambit|fallen4|[silent]
|turn|33
|
|t:|1759003778
|-terastallize|p1a: Espeon|Fairy
|move|p2a: Kingambit|Swords Dance|p2a: Kingambit
|-boost|p2a: Kingambit|atk|2
|move|p1a: Espeon|Draining Kiss|p2a: Kingambit
|-damage|p2a: Kingambit|43/100
|-heal|p1a: Espeon|80/100|[from] drain|[of] p2a: Kingambit
|
|-heal|p2a: Kingambit|49/100|[from] item: Leftovers
|upkeep
|turn|34
|-message|UltraGodGreninja forfeited.
|
|win|models&baddies
|raw|models&amp;baddies's rating: 1340 &rarr; <strong>1359</strong><br />(+19 for winning)
|raw|UltraGodGreninja's rating: 1318 &rarr; <strong>1299</strong><br />(-19 for losing)
|l|☆UltraGodGreninja
|player|p2|
|l|☆models&baddies
|player|p1|
