|j|☆kk826
|j|☆PMBaby
|t:|1758919329
|gametype|singles
|player|p1|kk826|dancer|1144
|player|p2|PMBaby|striker|1195
|gen|9
|tier|[Gen 9] OU
|rated|
|rule|HP Percentage Mod: HP is shown in percentages
|rule|Endless Battle Clause: Forcing endless battles is banned
|rule|Species Clause: Limit one of each Pokémon
|rule|OHKO Clause: OHKO moves are banned
|rule|Evasion Items Clause: Evasion items are banned
|rule|Evasion Moves Clause: Evasion moves are banned
|rule|Evasion Abilities Clause: Evasion abilities are banned
|rule|Sleep Moves Clause: Sleep-inducing moves are banned
|clearpoke
|poke|p1|Serperior, M|
|poke|p1|Skeledirge, F|
|poke|p1|Rotom-Wash|
|poke|p1|Latios, M|
|poke|p1|Terrakion|
|poke|p1|Umbreon, F|
|poke|p2|Poliwrath, M|
|poke|p2|Politoed, F|
|poke|p2|Pawmot, F|
|poke|p2|Pecharunt|
|poke|p2|Landorus-Therian, M|
|poke|p2|Incineroar, M|
|teampreview
|
|t:|1758919343
|teamsize|p1|6
|teamsize|p2|6
|start
|switch|p1a: Serperior|Serperior, M|100/100
|switch|p2a: Landorus|Landorus-Therian, M|100/100
|-ability|p2a: Landorus|Intimidate|boost
|-boost|p1a: Serperior|atk|1
|turn|1
|inactive|Battle timer is ON: inactive players will automatically lose when time's up. (requested by kk826)
|
|t:|1758919356
|switch|p2a: Pecharunt|Pecharunt|100/100
|move|p1a: Serperior|Leaf Storm|p2a: Pecharunt
|-resisted|p2a: Pecharunt
|-damage|p2a: Pecharunt|83/100
|-boost|p1a: Serperior|spa|2
|
|-heal|p2a: Pecharunt|89/100|[from] item: Leftovers
|upkeep
|turn|2
|
|t:|1758919382
|switch|p1a: Rotom|Rotom-Wash, shiny|100/100
|move|p2a: Pecharunt|Malignant Chain|p1a: Rotom
|-damage|p1a: Rotom|60/100
|
|-heal|p2a: Pecharunt|95/100|[from] item: Leftovers
|-heal|p1a: Rotom|66/100|[from] item: Leftovers
|upkeep
|turn|3
|
|t:|1758919397
|move|p2a: Pecharunt|Malignant Chain|p1a: Rotom
|-damage|p1a: Rotom|24/100
|-status|p1a: Rotom|tox
|-start|p1a: Rotom|confusion|[from] ability: Poison Puppeteer|[of] p2a: Pecharunt
|-activate|p1a: Rotom|confusion
|move|p1a: Rotom|Will-O-Wisp|p2a: Pecharunt
|-status|p2a: Pecharunt|brn
|
|-heal|p2a: Pecharunt|100/100 brn|[from] item: Leftovers
|-heal|p1a: Rotom|30/100 tox|[from] item: Leftovers
|-damage|p1a: Rotom|24/100 tox|[from] psn
|-damage|p2a: Pecharunt|95/100 brn|[from] brn
|upkeep
|turn|4
|inactive|kk826 has 120 seconds left.
|
|t:|1758919416
|-terastallize|p1a: Rotom|Steel
|move|p2a: Pecharunt|Malignant Chain|p1a: Rotom
|-immune|p1a: Rotom
|-activate|p1a: Rotom|confusion
|move|p1a: Rotom|Pain Split|p2a: Pecharunt
|-sethp|p2a: Pecharunt|56/100 brn|[from] move: Pain Split|[silent]
|-sethp|p1a: Rotom|74/100 tox|[from] move: Pain Split
|
|-heal|p2a: Pecharunt|62/100 brn|[from] item: Leftovers
|-heal|p1a: Rotom|80/100 tox|[from] item: Leftovers
|-damage|p1a: Rotom|68/100 tox|[from] psn
|-damage|p2a: Pecharunt|56/100 brn|[from] brn
|upkeep
|turn|5
|inactive|kk826 has 120 seconds left.
|
|t:|1758919438
|switch|p2a: Incineroar|Incineroar, M|100/100
|-ability|p2a: Incineroar|Intimidate|boost
|-unboost|p1a: Rotom|atk|1
|-activate|p1a: Rotom|confusion
|move|p1a: Rotom|Volt Switch|p2a: Incineroar
|-damage|p2a: Incineroar|75/100
|
|t:|1758919461
|switch|p1a: Umbreon|Umbreon, F|100/100|[from] Volt Switch
|
|upkeep
|turn|6
|
|t:|1758919469
|move|p1a: Umbreon|Protect|p1a: Umbreon
|-singleturn|p1a: Umbreon|Protect
|move|p2a: Incineroar|Fake Out|p1a: Umbreon
|-activate|p1a: Umbreon|move: Protect
|
|upkeep
|turn|7
|
|t:|1758919476
|move|p1a: Umbreon|Toxic|p2a: Incineroar
|-status|p2a: Incineroar|tox
|move|p2a: Incineroar|Parting Shot|p1a: Umbreon
|-unboost|p1a: Umbreon|atk|1
|-unboost|p1a: Umbreon|spa|1
|
|t:|1758919482
|switch|p2a: Politoed|Politoed, F|100/100|[from] Parting Shot
|-weather|RainDance|[from] ability: Drizzle|[of] p2a: Politoed
|
|-weather|RainDance|[upkeep]
|upkeep
|turn|8
|
|t:|1758919491
|switch|p2a: Pecharunt|Pecharunt|56/100 brn
|move|p1a: Umbreon|Toxic||[still]
|-fail|p1a: Umbreon
|
|-weather|RainDance|[upkeep]
|-heal|p2a: Pecharunt|62/100 brn|[from] item: Leftovers
|-damage|p2a: Pecharunt|56/100 brn|[from] brn
|upkeep
|turn|9
|inactive|kk826 has 120 seconds left.
|
|t:|1758919514
|move|p2a: Pecharunt|Malignant Chain|p1a: Umbreon
|-damage|p1a: Umbreon|78/100
|move|p1a: Umbreon|Wish|p1a: Umbreon
|
|-weather|RainDance|[upkeep]
|-heal|p2a: Pecharunt|62/100 brn|[from] item: Leftovers
|-heal|p1a: Umbreon|85/100|[from] item: Leftovers
|-damage|p2a: Pecharunt|56/100 brn|[from] brn
|upkeep
|turn|10
|
|t:|1758919527
|switch|p1a: Terrakion|Terrakion|100/100
|move|p2a: Pecharunt|Malignant Chain|p1a: Terrakion
|-resisted|p1a: Terrakion
|-damage|p1a: Terrakion|88/100
|
|-weather|RainDance|[upkeep]
|-heal|p1a: Terrakion|100/100|[from] move: Wish|[wisher] Umbreon
|-heal|p2a: Pecharunt|62/100 brn|[from] item: Leftovers
|-damage|p2a: Pecharunt|56/100 brn|[from] brn
|upkeep
|turn|11
|inactive|kk826 has 90 seconds left.
|
|t:|1758919553
|switch|p2a: Incineroar|Incineroar, M|75/100 tox
|-ability|p2a: Incineroar|Intimidate|boost
|-unboost|p1a: Terrakion|atk|1
|move|p1a: Terrakion|Stone Edge|p2a: Incineroar
|-supereffective|p2a: Incineroar
|-damage|p2a: Incineroar|12/100 tox
|
|-weather|RainDance|[upkeep]
|-damage|p2a: Incineroar|6/100 tox|[from] psn
|upkeep
|turn|12
|inactive|kk826 has 90 seconds left.
|
|t:|1758919574
|switch|p2a: Landorus|Landorus-Therian, M|100/100
|-ability|p2a: Landorus|Intimidate|boost
|-unboost|p1a: Terrakion|atk|1
|move|p1a: Terrakion|Poison Jab|p2a: Landorus
|-resisted|p2a: Landorus
|-damage|p2a: Landorus|94/100
|-status|p2a: Landorus|psn
|
|-weather|RainDance|[upkeep]
|-damage|p2a: Landorus|82/100 psn|[from] psn
|upkeep
|turn|13
|
|t:|1758919592
|switch|p1a: Rotom|Rotom-Wash, shiny, tera:Steel|68/100 tox
|move|p2a: Landorus|Stealth Rock|p1a: Rotom
|-sidestart|p1: kk826|move: Stealth Rock
|
|-weather|RainDance|[upkeep]
|-heal|p1a: Rotom|74/100 tox|[from] item: Leftovers
|-damage|p2a: Landorus|69/100 psn|[from] psn
|-damage|p1a: Rotom|68/100 tox|[from] psn
|upkeep
|turn|14
|
|t:|1758919606
|move|p2a: Landorus|U-turn|p1a: Rotom
|-resisted|p1a: Rotom
|-damage|p1a: Rotom|55/100 tox
|
|t:|1758919608
|switch|p2a: Incineroar|Incineroar, M|6/100 tox|[from] U-turn
|-ability|p2a: Incineroar|Intimidate|boost
|-unboost|p1a: Rotom|atk|1
|move|p1a: Rotom|Hydro Pump|p2a: Incineroar
|-supereffective|p2a: Incineroar
|-damage|p2a: Incineroar|0 fnt
|faint|p2a: Incineroar
|
|-weather|none
|-heal|p1a: Rotom|61/100 tox|[from] item: Leftovers
|-damage|p1a: Rotom|49/100 tox|[from] psn
|upkeep
|
|t:|1758919615
|switch|p2a: Politoed|Politoed, F|100/100
|-weather|RainDance|[from] ability: Drizzle|[of] p2a: Politoed
|turn|15
|inactive|kk826 has 90 seconds left.
|
|t:|1758919626
|move|p2a: Politoed|Protect|p2a: Politoed
|-singleturn|p2a: Politoed|Protect
|move|p1a: Rotom|Volt Switch|p2a: Politoed
|-activate|p2a: Politoed|move: Protect
|
|-weather|RainDance|[upkeep]
|-heal|p1a: Rotom|55/100 tox|[from] item: Leftovers
|-damage|p1a: Rotom|36/100 tox|[from] psn
|upkeep
|turn|16
|inactive|kk826 has 90 seconds left.
|
|t:|1758919637
|move|p1a: Rotom|Pain Split|p2a: Politoed
|-sethp|p2a: Politoed|62/100|[from] move: Pain Split|[silent]
|-sethp|p1a: Rotom|94/100 tox|[from] move: Pain Split
|move|p2a: Politoed|Surf|p1a: Rotom
|-damage|p1a: Rotom|39/100 tox
|
|-weather|RainDance|[upkeep]
|-heal|p1a: Rotom|45/100 tox|[from] item: Leftovers
|-damage|p1a: Rotom|20/100 tox|[from] psn
|upkeep
|turn|17
|inactive|kk826 has 90 seconds left.
|
|t:|1758919660
|switch|p1a: Serperior|Serperior, M|100/100
|-damage|p1a: Serperior|88/100|[from] Stealth Rock
|move|p2a: Politoed|Protect||[still]
|-fail|p2a: Politoed
|
|-weather|RainDance|[upkeep]
|-heal|p1a: Serperior|94/100|[from] item: Leftovers
|upkeep
|turn|18
|
|t:|1758919675
|move|p1a: Serperior|Leech Seed|p2a: Politoed
|-start|p2a: Politoed|move: Leech Seed
|move|p2a: Politoed|Perish Song|p2a: Politoed
|-start|p1a: Serperior|perish3|[silent]
|-start|p2a: Politoed|perish3|[silent]
|-fieldactivate|move: Perish Song
|
|-weather|RainDance|[upkeep]
|-heal|p1a: Serperior|100/100|[from] item: Leftovers
|-damage|p2a: Politoed|50/100|[from] Leech Seed|[of] p1a: Serperior
|-start|p1a: Serperior|perish3
|-start|p2a: Politoed|perish3
|upkeep
|turn|19
|
|t:|1758919687
|switch|p2a: Pecharunt|Pecharunt|56/100 brn
|move|p1a: Serperior|Leaf Storm|p2a: Pecharunt
|-resisted|p2a: Pecharunt
|-damage|p2a: Pecharunt|38/100 brn
|-boost|p1a: Serperior|spa|2
|
|-weather|RainDance|[upkeep]
|-heal|p2a: Pecharunt|44/100 brn|[from] item: Leftovers
|-damage|p2a: Pecharunt|38/100 brn|[from] brn
|-start|p1a: Serperior|perish2
|upkeep
|turn|20
|
|t:|1758919699
|move|p1a: Serperior|Leaf Storm|p2a: Pecharunt|[miss]
|-miss|p1a: Serperior|p2a: Pecharunt
|move|p2a: Pecharunt|Shadow Ball|p1a: Serperior
|-damage|p1a: Serperior|70/100
|
|-weather|RainDance|[upkeep]
|-heal|p1a: Serperior|76/100|[from] item: Leftovers
|-heal|p2a: Pecharunt|44/100 brn|[from] item: Leftovers
|-damage|p2a: Pecharunt|38/100 brn|[from] brn
|-start|p1a: Serperior|perish1
|upkeep
|turn|21
|
|t:|1758919716
|switch|p1a: Rotom|Rotom-Wash, shiny, tera:Steel|20/100 tox
|-damage|p1a: Rotom|14/100 tox|[from] Stealth Rock
|move|p2a: Pecharunt|Shadow Ball|p1a: Rotom
|-damage|p1a: Rotom|0 fnt
|faint|p1a: Rotom
|
|-weather|RainDance|[upkeep]
|-heal|p2a: Pecharunt|44/100 brn|[from] item: Leftovers
|-damage|p2a: Pecharunt|38/100 brn|[from] brn
|upkeep
|inactive|kk826 has 60 seconds left.
|
|t:|1758919737
|switch|p1a: Terrakion|Terrakion|100/100
|-damage|p1a: Terrakion|94/100|[from] Stealth Rock
|turn|22
|
|t:|1758919745
|move|p1a: Terrakion|Stone Edge|p2a: Pecharunt
|-crit|p2a: Pecharunt
|-damage|p2a: Pecharunt|0 fnt
|faint|p2a: Pecharunt
|
|-weather|none
|upkeep
|
|t:|1758919747
|switch|p2a: Landorus|Landorus-Therian, M|69/100 psn
|-ability|p2a: Landorus|Intimidate|boost
|-unboost|p1a: Terrakion|atk|1
|turn|23
|inactive|kk826 has 60 seconds left.
|
|t:|1758919775
|switch|p1a: Umbreon|Umbreon, F|85/100
|-damage|p1a: Umbreon|72/100|[from] Stealth Rock
|move|p2a: Landorus|Earthquake|p1a: Umbreon
|-damage|p1a: Umbreon|38/100
|
|-heal|p1a: Umbreon|44/100|[from] item: Leftovers
|-damage|p2a: Landorus|57/100 psn|[from] psn
|upkeep
|turn|24
|inactive|kk826 has 60 seconds left.
|
|t:|1758919789
|move|p2a: Landorus|U-turn|p1a: Umbreon
|-supereffective|p1a: Umbreon
|-damage|p1a: Umbreon|13/100
|
|t:|1758919791
|switch|p2a: Pawmot|Pawmot, F|100/100|[from] U-turn
|-item|p2a: Pawmot|Air Balloon
|move|p1a: Umbreon|Wish|p1a: Umbreon
|
|-heal|p1a: Umbreon|20/100|[from] item: Leftovers
|upkeep
|turn|25
|
|t:|1758919801
|move|p1a: Umbreon|Protect|p1a: Umbreon
|-singleturn|p1a: Umbreon|Protect
|move|p2a: Pawmot|Revival Blessing|p2a: Pawmot
|
|t:|1758919804
|-heal|p2: Incineroar|50/100|[from] move: Revival Blessing
|
|-heal|p1a: Umbreon|70/100|[from] move: Wish|[wisher] Umbreon
|-heal|p1a: Umbreon|76/100|[from] item: Leftovers
|upkeep
|turn|26
|
|t:|1758919818
|move|p2a: Pawmot|Nuzzle|p1a: Umbreon
|-damage|p1a: Umbreon|71/100
|-status|p1a: Umbreon|par
|-activate|p1a: Umbreon|ability: Synchronize
|-immune|p2a: Pawmot
|cant|p1a: Umbreon|par
|
|-heal|p1a: Umbreon|77/100 par|[from] item: Leftovers
|upkeep
|turn|27
|inactive|kk826 has 60 seconds left.
|
|t:|1758919839
|move|p2a: Pawmot|Close Combat|p1a: Umbreon
|-supereffective|p1a: Umbreon
|-damage|p1a: Umbreon|16/100 par
|-unboost|p2a: Pawmot|def|1
|-unboost|p2a: Pawmot|spd|1
|cant|p1a: Umbreon|par
|
|-heal|p1a: Umbreon|22/100 par|[from] item: Leftovers
|upkeep
|turn|28
|inactive|kk826 has 60 seconds left.
|
|t:|1758919854
|move|p1a: Umbreon|Protect|p1a: Umbreon
|-singleturn|p1a: Umbreon|Protect
|move|p2a: Pawmot|Close Combat|p1a: Umbreon
|-activate|p1a: Umbreon|move: Protect
|
|-heal|p1a: Umbreon|28/100 par|[from] item: Leftovers
|upkeep
|turn|29
|inactive|kk826 has 60 seconds left.
|
|t:|1758919869
|switch|p1a: Skeledirge|Skeledirge, F|100/100
|-damage|p1a: Skeledirge|75/100|[from] Stealth Rock
|move|p2a: Pawmot|Double Shock|p1a: Skeledirge
|-damage|p1a: Skeledirge|40/100
|-start|p2a: Pawmot|typechange|???/Fighting|[from] move: Double Shock
|
|upkeep
|turn|30
|inactive|kk826 has 60 seconds left.
|
|t:|1758919886
|-terastallize|p2a: Pawmot|Electric
|move|p2a: Pawmot|Double Shock|p1a: Skeledirge
|-damage|p1a: Skeledirge|1/100
|-start|p2a: Pawmot|typechange|Electric|[from] move: Double Shock
|move|p1a: Skeledirge|Torch Song|p2a: Pawmot
|-damage|p2a: Pawmot|42/100
|-boost|p1a: Skeledirge|spa|1
|-enditem|p2a: Pawmot|Air Balloon
|
|upkeep
|turn|31
|inactive|kk826 has 60 seconds left.
|
|t:|1758919910
|switch|p1a: Serperior|Serperior, M|76/100
|-damage|p1a: Serperior|63/100|[from] Stealth Rock
|move|p2a: Pawmot|Double Shock|p1a: Serperior
|-resisted|p1a: Serperior
|-damage|p1a: Serperior|38/100
|-start|p2a: Pawmot|typechange|Electric|[from] move: Double Shock
|
|-heal|p1a: Serperior|44/100|[from] item: Leftovers
|upkeep
|turn|32
|
|t:|1758919922
|switch|p2a: Incineroar|Incineroar, M|50/100
|-ability|p2a: Incineroar|Intimidate|boost
|-boost|p1a: Serperior|atk|1
|move|p1a: Serperior|Leech Seed|p2a: Incineroar
|-start|p2a: Incineroar|move: Leech Seed
|
|-heal|p1a: Serperior|50/100|[from] item: Leftovers
|-damage|p2a: Incineroar|38/100|[from] Leech Seed|[of] p1a: Serperior
|-heal|p1a: Serperior|66/100|[silent]
|upkeep
|turn|33
|
|t:|1758919944
|switch|p1a: Skeledirge|Skeledirge, F|1/100
|-damage|p1a: Skeledirge|0 fnt|[from] Stealth Rock
|faint|p1a: Skeledirge
|move|p2a: Incineroar|Flare Blitz|p1: Skeledirge|[notarget]
|-fail|p2a: Incineroar
|
|upkeep
|inactive|kk826 has 30 seconds left.
|
|t:|1758919957
|switch|p1a: Terrakion|Terrakion|94/100
|-damage|p1a: Terrakion|88/100|[from] Stealth Rock
|turn|34
|inactive|kk826 has 30 seconds left.
|
|t:|1758919971
|switch|p2a: Politoed|Politoed, F|50/100
|-weather|RainDance|[from] ability: Drizzle|[of] p2a: Politoed
|move|p1a: Terrakion|Stone Edge|p2a: Politoed
|-crit|p2a: Politoed
|-damage|p2a: Politoed|0 fnt
|faint|p2a: Politoed
|
|-weather|RainDance|[upkeep]
|upkeep
|
|t:|1758919977
|switch|p2a: Landorus|Landorus-Therian, M|57/100 psn
|-ability|p2a: Landorus|Intimidate|boost
|-unboost|p1a: Terrakion|atk|1
|turn|35
|
|t:|1758919992
|switch|p1a: Umbreon|Umbreon, F|28/100 par
|-damage|p1a: Umbreon|16/100 par|[from] Stealth Rock
|move|p2a: Landorus|U-turn|p1a: Umbreon
|-supereffective|p1a: Umbreon
|-damage|p1a: Umbreon|0 fnt
|faint|p1a: Umbreon
|
|t:|1758919997
|switch|p2a: Incineroar|Incineroar, M|38/100|[from] U-turn
|
|-weather|RainDance|[upkeep]
|upkeep
|
|t:|1758920008
|switch|p1a: Terrakion|Terrakion|88/100
|-damage|p1a: Terrakion|82/100|[from] Stealth Rock
|turn|36
|
|t:|1758920022
|move|p1a: Terrakion|Stone Edge|p2a: Incineroar
|-supereffective|p2a: Incineroar
|-damage|p2a: Incineroar|0 fnt
|faint|p2a: Incineroar
|
|-weather|RainDance|[upkeep]
|upkeep
|
|t:|1758920024
|switch|p2a: Poliwrath|Poliwrath, M|100/100
|turn|37
|
|t:|1758920034
|switch|p1a: Serperior|Serperior, M|66/100
|-damage|p1a: Serperior|53/100|[from] Stealth Rock
|move|p2a: Poliwrath|Bulk Up|p2a: Poliwrath
|-boost|p2a: Poliwrath|atk|1
|-boost|p2a: Poliwrath|def|1
|
|-weather|RainDance|[upkeep]
|-heal|p1a: Serperior|60/100|[from] item: Leftovers
|upkeep
|turn|38
|
|t:|1758920045
|move|p2a: Poliwrath|Bulk Up|p2a: Poliwrath
|-boost|p2a: Poliwrath|atk|1
|-boost|p2a: Poliwrath|def|1
|move|p1a: Serperior|Leaf Storm|p2a: Poliwrath
|-supereffective|p2a: Poliwrath
|-damage|p2a: Poliwrath|28/100
|-boost|p1a: Serperior|spa|2
|
|-weather|RainDance|[upkeep]
|-heal|p2a: Poliwrath|34/100|[from] item: Leftovers
|-heal|p1a: Serperior|66/100|[from] item: Leftovers
|upkeep
|turn|39
|
|t:|1758920061
|move|p2a: Poliwrath|Drain Punch|p1a: Serperior
|-damage|p1a: Serperior|0 fnt
|-heal|p2a: Poliwrath|63/100|[from] drain|[of] p1a: Serperior
|faint|p1a: Serperior
|
|-weather|RainDance|[upkeep]
|-heal|p2a: Poliwrath|70/100|[from] item: Leftovers
|upkeep
|
|t:|1758920071
|switch|p1a: Latios|Latios, M|100/100
|-damage|p1a: Latios|88/100|[from] Stealth Rock
|turn|40
|
|t:|1758920084
|move|p2a: Poliwrath|Waterfall|p1a: Latios
|-resisted|p1a: Latios
|-crit|p1a: Latios
|-damage|p1a: Latios|0 fnt
|faint|p1a: Latios
|
|-weather|RainDance|[upkeep]
|-heal|p2a: Poliwrath|76/100|[from] item: Leftovers
|upkeep
|c|☆PMBaby|Ooooo
|c|☆PMBaby|gg
|-message|kk826 forfeited.
|
|win|PMBaby
|raw|kk826's rating: 1144 &rarr; <strong>1123</strong><br />(-21 for losing)
|raw|PMBaby's rating: 1195 &rarr; <strong>1216</strong><br />(+21 for winning)
|l|☆kk826
|player|p1|
