|j|☆likeanyother
|j|☆GotYoEyes
|t:|1759032414
|gametype|singles
|player|p1|likeanyother|101|1083
|player|p2|GotYoEyes|swimmerf|1114
|gen|9
|tier|[Gen 9] OU
|rated|
|rule|HP Percentage Mod: HP is shown in percentages
|rule|Endless Battle Clause: Forcing endless battles is banned
|rule|Species Clause: Limit one of each Pokémon
|rule|OHKO Clause: OHKO moves are banned
|rule|Evasion Items Clause: Evasion items are banned
|rule|Evasion Moves Clause: Evasion moves are banned
|rule|Evasion Abilities Clause: Evasion abilities are banned
|rule|Sleep Moves Clause: Sleep-inducing moves are banned
|clearpoke
|poke|p1|Conkeldurr, F|
|poke|p1|Gyarados, F|
|poke|p1|Lilligant-Hisui, F|
|poke|p1|Electrode-Hisui|
|poke|p1|Serperior, M|
|poke|p1|Gholdengo|
|poke|p2|Ursaluna, M|
|poke|p2|Gholdengo|
|poke|p2|Kyurem|
|poke|p2|Cinderace, M|
|poke|p2|Zapdos|
|poke|p2|Toxapex, M|
|teampreview
|
|t:|1759032426
|teamsize|p1|6
|teamsize|p2|6
|start
|switch|p1a: Serperior|Serperior, M|100/100
|switch|p2a: Cinderace|Cinderace, M|100/100
|turn|1
|c|☆GotYoEyes|lmfao ur team weak asl to cinder
|
|t:|1759032438
|move|p2a: Cinderace|Pyro Ball|p1a: Serperior
|-supereffective|p1a: Serperior
|-damage|p1a: Serperior|0 fnt
|faint|p1a: Serperior
|
|upkeep
|
|t:|1759032444
|switch|p1a: Gyarados|Gyarados, F|100/100
|turn|2
|
|t:|1759032447
|move|p2a: Cinderace|U-turn|p1a: Gyarados
|-start|p2a: Cinderace|typechange|Bug|[from] ability: Libero
|-resisted|p1a: Gyarados
|-damage|p1a: Gyarados|81/100
|
|t:|1759032450
|switch|p2a: Zapdos|Zapdos|100/100|[from] U-turn
|move|p1a: Gyarados|Aqua Tail|p2a: Zapdos
|-damage|p2a: Zapdos|60/100
|
|upkeep
|turn|3
|c|☆GotYoEyes|huh???
|c|☆GotYoEyes|tail???
|
|t:|1759032466
|move|p1a: Gyarados|Stone Edge|p2a: Zapdos|[miss]
|-miss|p1a: Gyarados|p2a: Zapdos
|-enditem|p1a: Gyarados|Blunder Policy
|-boost|p1a: Gyarados|spe|2
|move|p2a: Zapdos|Roost|p2a: Zapdos
|-heal|p2a: Zapdos|100/100
|-singleturn|p2a: Zapdos|move: Roost
|
|upkeep
|turn|4
|
|t:|1759032479
|-terastallize|p1a: Gyarados|Fire
|move|p1a: Gyarados|Stone Edge|p2a: Zapdos
|-supereffective|p2a: Zapdos
|-damage|p2a: Zapdos|40/100
|move|p2a: Zapdos|Volt Switch|p1a: Gyarados
|-damage|p1a: Gyarados|45/100
|
|t:|1759032510
|switch|p2a: Toxapex|Toxapex, M|100/100|[from] Volt Switch
|
|upkeep
|turn|5
|
|t:|1759032525
|move|p1a: Gyarados|Iron Head|p2a: Toxapex
|-resisted|p2a: Toxapex
|-damage|p2a: Toxapex|91/100
|move|p2a: Toxapex|Chilling Water|p1a: Gyarados
|-supereffective|p1a: Gyarados
|-damage|p1a: Gyarados|23/100
|-unboost|p1a: Gyarados|atk|1
|
|-heal|p2a: Toxapex|97/100|[from] item: Leftovers
|upkeep
|turn|6
|
|t:|1759032540
|move|p1a: Gyarados|Iron Head|p2a: Toxapex
|-resisted|p2a: Toxapex
|-damage|p2a: Toxapex|90/100
|move|p2a: Toxapex|Chilling Water|p1a: Gyarados
|-supereffective|p1a: Gyarados
|-damage|p1a: Gyarados|1/100
|-unboost|p1a: Gyarados|atk|1
|
|-heal|p2a: Toxapex|96/100|[from] item: Leftovers
|upkeep
|turn|7
|
|t:|1759032562
|move|p1a: Gyarados|Temper Flare|p2a: Toxapex
|-resisted|p2a: Toxapex
|-damage|p2a: Toxapex|89/100
|move|p2a: Toxapex|Chilling Water|p1a: Gyarados
|-supereffective|p1a: Gyarados
|-damage|p1a: Gyarados|0 fnt
|faint|p1a: Gyarados
|
|-heal|p2a: Toxapex|95/100|[from] item: Leftovers
|upkeep
|
|t:|1759032573
|switch|p1a: Electrode|Electrode-Hisui|100/100
|turn|8
|
|t:|1759032578
|move|p1a: Electrode|Thunder|p2a: Toxapex|[miss]
|-miss|p1a: Electrode|p2a: Toxapex
|-enditem|p1a: Electrode|Blunder Policy
|-boost|p1a: Electrode|spe|2
|move|p2a: Toxapex|Toxic|p1a: Electrode
|-status|p1a: Electrode|tox
|
|-heal|p2a: Toxapex|100/100|[from] item: Leftovers
|-damage|p1a: Electrode|94/100 tox|[from] psn
|upkeep
|turn|9
|
|t:|1759032589
|switch|p2a: Kyurem|Kyurem|100/100
|-ability|p2a: Kyurem|Pressure
|move|p1a: Electrode|Recycle|p1a: Electrode
|-item|p1a: Electrode|Blunder Policy|[from] move: Recycle
|
|-damage|p1a: Electrode|82/100 tox|[from] psn
|upkeep
|turn|10
|
|t:|1759032601
|move|p1a: Electrode|Electro Ball|p2a: Kyurem
|-resisted|p2a: Kyurem
|-damage|p2a: Kyurem|87/100
|move|p2a: Kyurem|Substitute|p2a: Kyurem
|-start|p2a: Kyurem|Substitute
|-damage|p2a: Kyurem|62/100
|
|-heal|p2a: Kyurem|69/100|[from] item: Leftovers
|-damage|p1a: Electrode|64/100 tox|[from] psn
|upkeep
|turn|11
|c|☆GotYoEyes|get yo bitch ass out
|c|☆GotYoEyes|what the fuck are u using
|inactive|Battle timer is ON: inactive players will automatically lose when time's up. (requested by likeanyother)
|
|t:|1759032652
|move|p1a: Electrode|Thunder|p2a: Kyurem|[miss]
|-miss|p1a: Electrode|p2a: Kyurem
|-enditem|p1a: Electrode|Blunder Policy
|-boost|p1a: Electrode|spe|2
|move|p2a: Kyurem|Freeze-Dry|p1a: Electrode
|-supereffective|p1a: Electrode
|-damage|p1a: Electrode|0 fnt
|faint|p1a: Electrode
|
|-heal|p2a: Kyurem|75/100|[from] item: Leftovers
|upkeep
|
|t:|1759032667
|switch|p1a: Gholdengo|Gholdengo|100/100
|turn|12
|
|t:|1759032673
|move|p2a: Kyurem|Earth Power|p1a: Gholdengo
|-supereffective|p1a: Gholdengo
|-damage|p1a: Gholdengo|36/100
|move|p1a: Gholdengo|Flash Cannon|p2a: Kyurem
|-supereffective|p2a: Kyurem
|-end|p2a: Kyurem|Substitute
|
|-heal|p2a: Kyurem|81/100|[from] item: Leftovers
|upkeep
|turn|13
|
|t:|1759032683
|move|p2a: Kyurem|Earth Power|p1a: Gholdengo
|-supereffective|p1a: Gholdengo
|-damage|p1a: Gholdengo|0 fnt
|faint|p1a: Gholdengo
|
|-heal|p2a: Kyurem|87/100|[from] item: Leftovers
|upkeep
|
|t:|1759032690
|switch|p1a: Lilligant|Lilligant-Hisui, F|100/100
|turn|14
|
|t:|1759032706
|switch|p2a: Gholdengo|Gholdengo|100/100
|move|p1a: Lilligant|Close Combat|p2a: Gholdengo
|-immune|p2a: Gholdengo
|
|upkeep
|turn|15
|
|t:|1759032716
|move|p1a: Lilligant|Close Combat|p2a: Gholdengo
|-immune|p2a: Gholdengo
|move|p2a: Gholdengo|Nasty Plot|p2a: Gholdengo
|-boost|p2a: Gholdengo|spa|2
|
|upkeep
|turn|16
|inactive|GotYoEyes has 120 seconds left.
|-message|likeanyother forfeited.
|
|win|GotYoEyes
