|j|☆aliester - es
|j|☆mansonabuluting
|t:|1759071133
|gametype|singles
|player|p1|aliester - es|n|1708
|player|p2|mansonabuluting|bellelba|1712
|gen|9
|tier|[Gen 9] OU
|rated|
|rule|HP Percentage Mod: HP is shown in percentages
|rule|Endless Battle Clause: Forcing endless battles is banned
|rule|Species Clause: Limit one of each Pokémon
|rule|OHKO Clause: OHKO moves are banned
|rule|Evasion Items Clause: Evasion items are banned
|rule|Evasion Moves Clause: Evasion moves are banned
|rule|Evasion Abilities Clause: Evasion abilities are banned
|rule|Sleep Moves Clause: Sleep-inducing moves are banned
|clearpoke
|poke|p1|Tyranitar, M|
|poke|p1|Excadrill, F|
|poke|p1|Keldeo-Resolute|
|poke|p1|Moltres|
|poke|p1|Ogerpon-Wellspring, F|
|poke|p1|Dragapult, F|
|poke|p2|Rillaboom, F|
|poke|p2|Hawlucha, M|
|poke|p2|Thundurus-Therian, M|
|poke|p2|Great Tusk|
|poke|p2|Volcanion|
|poke|p2|Goodra-Hisui, M|
|teampreview
|inactive|Battle timer is ON: inactive players will automatically lose when time's up. (requested by mansonabuluting)
|
|t:|1759071161
|teamsize|p1|6
|teamsize|p2|6
|start
|switch|p1a: Dragapult|Dragapult, F|100/100
|switch|p2a: Volcanion|Volcanion|100/100
|turn|1
|
|t:|1759071176
|switch|p2a: Goodra|Goodra-Hisui, M|100/100
|-terastallize|p1a: Dragapult|Dragon
|move|p1a: Dragapult|Dragon Darts|p2a: Goodra
|-damage|p2a: Goodra|52/100
|-anim|p1a: Dragapult|Dragon Darts|p2a: Goodra
|-damage|p2a: Goodra|8/100
|
|upkeep
|turn|2
|
|t:|1759071179
|move|p1a: Dragapult|Dragon Darts|p2a: Goodra
|-damage|p2a: Goodra|0 fnt
|faint|p2a: Goodra
|
|upkeep
|
|t:|1759071182
|switch|p2a: Great Tusk|Great Tusk|100/100
|turn|3
|
|t:|1759071185
|switch|p1a: Moltres|Moltres|100/100
|move|p2a: Great Tusk|Stealth Rock|p1a: Moltres
|-sidestart|p1: aliester - es|move: Stealth Rock
|
|upkeep
|turn|4
|
|t:|1759071190
|-end|p2a: Great Tusk|Protosynthesis|[silent]
|switch|p2a: Volcanion|Volcanion|100/100
|move|p1a: Moltres|U-turn|p2a: Volcanion
|-resisted|p2a: Volcanion
|-damage|p2a: Volcanion|95/100
|
|t:|1759071192
|switch|p1a: Dragapult|Dragapult, F, tera:Dragon|100/100|[from] U-turn
|-damage|p1a: Dragapult|88/100|[from] Stealth Rock
|
|upkeep
|turn|5
|
|t:|1759071196
|move|p1a: Dragapult|Dragon Darts|p2a: Volcanion
|-damage|p2a: Volcanion|58/100
|-anim|p1a: Dragapult|Dragon Darts|p2a: Volcanion
|-damage|p2a: Volcanion|16/100
|move|p2a: Volcanion|Steam Eruption|p1a: Dragapult
|-resisted|p1a: Dragapult
|-damage|p1a: Dragapult|22/100
|-status|p1a: Dragapult|brn
|
|-damage|p1a: Dragapult|16/100 brn|[from] brn
|upkeep
|turn|6
|
|t:|1759071205
|switch|p2a: Great Tusk|Great Tusk|100/100
|move|p1a: Dragapult|Dragon Darts|p2a: Great Tusk
|-damage|p2a: Great Tusk|89/100
|-anim|p1a: Dragapult|Dragon Darts|p2a: Great Tusk
|-damage|p2a: Great Tusk|78/100
|
|-damage|p1a: Dragapult|10/100 brn|[from] brn
|upkeep
|turn|7
|
|t:|1759071210
|switch|p1a: Moltres|Moltres|100/100
|move|p2a: Great Tusk|Ice Spinner|p1a: Moltres
|-damage|p1a: Moltres|84/100
|-status|p2a: Great Tusk|brn|[from] ability: Flame Body|[of] p1a: Moltres
|
|-damage|p2a: Great Tusk|72/100 brn|[from] brn
|upkeep
|turn|8
|
|t:|1759071218
|-end|p2a: Great Tusk|Protosynthesis|[silent]
|switch|p2a: Thundurus|Thundurus-Therian, M|100/100
|move|p1a: Moltres|U-turn|p2a: Thundurus
|-resisted|p2a: Thundurus
|-damage|p2a: Thundurus|90/100
|
|t:|1759071223
|switch|p1a: Tyranitar|Tyranitar, M|100/100|[from] U-turn
|-damage|p1a: Tyranitar|88/100|[from] Stealth Rock
|-weather|Sandstorm|[from] ability: Sand Stream|[of] p1a: Tyranitar
|
|-weather|Sandstorm|[upkeep]
|-damage|p2a: Thundurus|84/100|[from] Sandstorm
|upkeep
|turn|9
|
|t:|1759071228
|move|p2a: Thundurus|Volt Switch|p1a: Tyranitar
|-damage|p1a: Tyranitar|65/100
|
|t:|1759071231
|switch|p2a: Great Tusk|Great Tusk|72/100 brn|[from] Volt Switch
|move|p1a: Tyranitar|Stealth Rock|p2a: Great Tusk
|-sidestart|p2: mansonabuluting|move: Stealth Rock
|
|-weather|Sandstorm|[upkeep]
|-damage|p2a: Great Tusk|65/100 brn|[from] brn
|upkeep
|turn|10
|
|t:|1759071236
|switch|p1a: Dragapult|Dragapult, F, tera:Dragon|10/100 brn
|-damage|p1a: Dragapult|0 fnt|[from] Stealth Rock
|faint|p1a: Dragapult
|move|p2a: Great Tusk|Rapid Spin|p1: Dragapult|[notarget]
|-fail|p2a: Great Tusk
|
|-weather|Sandstorm|[upkeep]
|-damage|p2a: Great Tusk|59/100 brn|[from] brn
|upkeep
|
|t:|1759071251
|switch|p1a: Ogerpon|Ogerpon-Wellspring, F|100/100
|-damage|p1a: Ogerpon|88/100|[from] Stealth Rock
|turn|11
|
|t:|1759071255
|move|p1a: Ogerpon|Ivy Cudgel|p2a: Great Tusk|[anim] Ivy Cudgel Water
|-supereffective|p2a: Great Tusk
|-damage|p2a: Great Tusk|2/100 brn
|move|p2a: Great Tusk|Rapid Spin|p1a: Ogerpon
|-damage|p1a: Ogerpon|79/100
|-boost|p2a: Great Tusk|spe|1
|-sideend|p2: mansonabuluting|Stealth Rock|[from] move: Rapid Spin|[of] p2a: Great Tusk
|
|-weather|Sandstorm|[upkeep]
|-damage|p1a: Ogerpon|73/100|[from] Sandstorm
|-damage|p2a: Great Tusk|0 fnt|[from] brn
|faint|p2a: Great Tusk
|-end|p2a: Great Tusk|Protosynthesis|[silent]
|upkeep
|
|t:|1759071260
|switch|p2a: Rillaboom|Rillaboom, F|100/100
|-fieldstart|move: Grassy Terrain|[from] ability: Grassy Surge|[of] p2a: Rillaboom
|turn|12
|
|t:|1759071271
|switch|p2a: Volcanion|Volcanion|16/100
|move|p1a: Ogerpon|Knock Off|p2a: Volcanion
|-damage|p2a: Volcanion|0 fnt
|-enditem|p2a: Volcanion|Choice Specs|[from] move: Knock Off|[of] p1a: Ogerpon
|faint|p2a: Volcanion
|
|-weather|Sandstorm|[upkeep]
|-damage|p1a: Ogerpon|67/100|[from] Sandstorm
|-heal|p1a: Ogerpon|73/100|[from] Grassy Terrain
|upkeep
|
|t:|1759071275
|switch|p2a: Hawlucha|Hawlucha, M|100/100
|-enditem|p2a: Hawlucha|Grassy Seed
|-boost|p2a: Hawlucha|def|1|[from] item: Grassy Seed
|turn|13
|
|t:|1759071279
|switch|p1a: Moltres|Moltres|84/100
|move|p2a: Hawlucha|Swords Dance|p2a: Hawlucha
|-boost|p2a: Hawlucha|atk|2
|
|-weather|Sandstorm|[upkeep]
|-damage|p2a: Hawlucha|94/100|[from] Sandstorm
|-damage|p1a: Moltres|77/100|[from] Sandstorm
|upkeep
|turn|14
|
|t:|1759071283
|move|p2a: Hawlucha|Acrobatics|p1a: Moltres
|-damage|p1a: Moltres|1/100
|move|p1a: Moltres|Hurricane|p2a: Hawlucha
|-supereffective|p2a: Hawlucha
|-damage|p2a: Hawlucha|0 fnt
|faint|p2a: Hawlucha
|
|-weather|Sandstorm|[upkeep]
|-damage|p1a: Moltres|0 fnt|[from] Sandstorm
|faint|p1a: Moltres
|upkeep
|
|t:|1759071294
|switch|p2a: Thundurus|Thundurus-Therian, M|84/100
|switch|p1a: Ogerpon|Ogerpon-Wellspring, F|73/100
|-damage|p1a: Ogerpon|60/100|[from] Stealth Rock
|turn|15
|
|t:|1759071303
|switch|p1a: Excadrill|Excadrill, F|100/100
|-damage|p1a: Excadrill|97/100|[from] Stealth Rock
|-item|p1a: Excadrill|Air Balloon
|move|p2a: Thundurus|Volt Switch|p1a: Excadrill
|-immune|p1a: Excadrill
|
|-weather|none
|upkeep
|turn|16
|
|t:|1759071310
|move|p2a: Thundurus|Volt Switch|p1a: Excadrill
|-immune|p1a: Excadrill
|move|p1a: Excadrill|Rapid Spin|p2a: Thundurus
|-damage|p2a: Thundurus|52/100
|-boost|p1a: Excadrill|spe|1
|-sideend|p1: aliester - es|Stealth Rock|[from] move: Rapid Spin|[of] p1a: Excadrill
|
|-fieldend|move: Grassy Terrain
|upkeep
|turn|17
|
|t:|1759071314
|switch|p2a: Rillaboom|Rillaboom, F|100/100
|-fieldstart|move: Grassy Terrain|[from] ability: Grassy Surge|[of] p2a: Rillaboom
|move|p1a: Excadrill|Swords Dance|p1a: Excadrill
|-boost|p1a: Excadrill|atk|2
|
|upkeep
|turn|18
|
|t:|1759071325
|-terastallize|p2a: Rillaboom|Grass
|move|p2a: Rillaboom|Grassy Glide|p1a: Excadrill
|-damage|p1a: Excadrill|0 fnt
|-enditem|p1a: Excadrill|Air Balloon
|faint|p1a: Excadrill
|
|upkeep
|
|t:|1759071333
|switch|p1a: Tyranitar|Tyranitar, M|65/100
|-weather|Sandstorm|[from] ability: Sand Stream|[of] p1a: Tyranitar
|turn|19
|
|t:|1759071337
|move|p2a: Rillaboom|Grassy Glide|p1a: Tyranitar
|-supereffective|p1a: Tyranitar
|-damage|p1a: Tyranitar|0 fnt
|faint|p1a: Tyranitar
|
|-weather|Sandstorm|[upkeep]
|-damage|p2a: Rillaboom|94/100|[from] Sandstorm
|-heal|p2a: Rillaboom|100/100|[from] Grassy Terrain
|upkeep
|
|t:|1759071342
|switch|p1a: Keldeo|Keldeo-Resolute|100/100
|turn|20
|
|t:|1759071355
|move|p2a: Rillaboom|Grassy Glide|p1a: Keldeo
|-supereffective|p1a: Keldeo
|-damage|p1a: Keldeo|0 fnt
|faint|p1a: Keldeo
|
|-weather|Sandstorm|[upkeep]
|-damage|p2a: Rillaboom|94/100|[from] Sandstorm
|-heal|p2a: Rillaboom|100/100|[from] Grassy Terrain
|upkeep
|
|t:|1759071360
|switch|p1a: Ogerpon|Ogerpon-Wellspring, F|60/100
|turn|21
|
|t:|1759071364
|move|p2a: Rillaboom|Grassy Glide|p1a: Ogerpon
|-damage|p1a: Ogerpon|0 fnt
|faint|p1a: Ogerpon
|
|win|mansonabuluting
|raw|aliester - es's rating: 1708 &rarr; <strong>1688</strong><br />(-20 for losing)
|raw|mansonabuluting's rating: 1712 &rarr; <strong>1732</strong><br />(+20 for winning)
|l|☆mansonabuluting
|player|p2|
|l|☆aliester - es
|player|p1|
