|j|☆lanarey
|j|☆lerendezvous
|t:|1758962261
|gametype|singles
|player|p1|lanarey|lady-gen4|1699
|player|p2|lerendezvous|101|1774
|gen|9
|tier|[Gen 9] OU
|rated|
|rule|HP Percentage Mod: HP is shown in percentages
|rule|Endless Battle Clause: Forcing endless battles is banned
|rule|Species Clause: Limit one of each Pokémon
|rule|OHKO Clause: OHKO moves are banned
|rule|Evasion Items Clause: Evasion items are banned
|rule|Evasion Moves Clause: Evasion moves are banned
|rule|Evasion Abilities Clause: Evasion abilities are banned
|rule|Sleep Moves Clause: Sleep-inducing moves are banned
|clearpoke
|poke|p1|Kyurem|
|poke|p1|Landorus-Therian, M|
|poke|p1|Ogerpon-Wellspring, F|
|poke|p1|Hatterene, F|
|poke|p1|Zamazenta-*|
|poke|p1|Kingambit, F|
|poke|p2|Ogerpon-Wellspring, F|
|poke|p2|Slowking-Galar, F|
|poke|p2|Great Tusk|
|poke|p2|Moltres|
|poke|p2|Dragapult, F|
|poke|p2|Kingambit, F|
|teampreview
|inactive|Battle timer is ON: inactive players will automatically lose when time's up. (requested by lanarey)
|inactive|lerendezvous also wants the timer to be on.
|
|t:|1758962282
|teamsize|p1|6
|teamsize|p2|6
|start
|switch|p1a: Hatterene|Hatterene, F|100/100
|switch|p2a: Slowking|Slowking-Galar, F|100/100
|turn|1
|
|t:|1758962287
|move|p1a: Hatterene|Nuzzle|p2a: Slowking
|-damage|p2a: Slowking|96/100
|-status|p2a: Slowking|par
|move|p2a: Slowking|Sludge Bomb|p1a: Hatterene
|-supereffective|p1a: Hatterene
|-damage|p1a: Hatterene|17/100
|
|upkeep
|turn|2
|
|t:|1758962299
|move|p1a: Hatterene|Psychic Noise|p2a: Slowking
|-damage|p2a: Slowking|80/100 par
|-start|p2a: Slowking|move: Heal Block
|cant|p2a: Slowking|par
|
|upkeep
|turn|3
|
|t:|1758962306
|move|p1a: Hatterene|Psychic Noise|p2a: Slowking
|-damage|p2a: Slowking|63/100 par
|move|p2a: Slowking|Sludge Bomb|p1a: Hatterene
|-supereffective|p1a: Hatterene
|-damage|p1a: Hatterene|0 fnt
|faint|p1a: Hatterene
|
|-end|p2a: Slowking|move: Heal Block
|upkeep
|
|t:|1758962316
|switch|p1a: Landorus|Landorus-Therian, M|100/100
|-ability|p1a: Landorus|Intimidate|boost
|-unboost|p2a: Slowking|atk|1
|turn|4
|
|t:|1758962321
|switch|p2a: Dragapult|Dragapult, F|100/100
|move|p1a: Landorus|U-turn|p2a: Dragapult
|-resisted|p2a: Dragapult
|-damage|p2a: Dragapult|87/100
|
|t:|1758962339
|switch|p1a: Kyurem|Kyurem|100/100|[from] U-turn
|-ability|p1a: Kyurem|Pressure
|
|upkeep
|turn|5
|
|t:|1758962344
|switch|p1a: Kingambit|Kingambit, F|100/100
|-activate|p1a: Kingambit|ability: Supreme Overlord
|-start|p1a: Kingambit|fallen1|[silent]
|move|p2a: Dragapult|U-turn|p1a: Kingambit
|-damage|p1a: Kingambit|84/100
|
|t:|1758962353
|switch|p2a: Great Tusk|Great Tusk|100/100|[from] U-turn
|
|-heal|p1a: Kingambit|90/100|[from] item: Leftovers
|upkeep
|turn|6
|
|t:|1758962358
|-end|p1a: Kingambit|fallen1|[silent]
|switch|p1a: Kyurem|Kyurem|100/100
|-ability|p1a: Kyurem|Pressure
|move|p2a: Great Tusk|Headlong Rush|p1a: Kyurem
|-damage|p1a: Kyurem|43/100
|-unboost|p2a: Great Tusk|def|1
|-unboost|p2a: Great Tusk|spd|1
|
|upkeep
|turn|7
|
|t:|1758962364
|-end|p2a: Great Tusk|Protosynthesis|[silent]
|switch|p2a: Slowking|Slowking-Galar, F|96/100 par
|move|p1a: Kyurem|Icicle Spear|p2a: Slowking
|-crit|p2a: Slowking
|-damage|p2a: Slowking|79/100 par
|-damage|p2a: Slowking|67/100 par
|-damage|p2a: Slowking|54/100 par
|-damage|p2a: Slowking|43/100 par
|-hitcount|p2a: Slowking|4
|
|upkeep
|turn|8
|
|t:|1758962369
|switch|p2a: Kingambit|Kingambit, F|100/100
|move|p1a: Kyurem|Dragon Dance|p1a: Kyurem
|-boost|p1a: Kyurem|atk|1
|-boost|p1a: Kyurem|spe|1
|
|upkeep
|turn|9
|
|t:|1758962374
|move|p1a: Kyurem|Icicle Spear|p2a: Kingambit
|-resisted|p2a: Kingambit
|-damage|p2a: Kingambit|93/100
|-resisted|p2a: Kingambit
|-damage|p2a: Kingambit|85/100
|-resisted|p2a: Kingambit
|-damage|p2a: Kingambit|77/100
|-resisted|p2a: Kingambit
|-damage|p2a: Kingambit|69/100
|-resisted|p2a: Kingambit
|-crit|p2a: Kingambit
|-damage|p2a: Kingambit|58/100
|-hitcount|p2a: Kingambit|5
|move|p2a: Kingambit|Iron Head|p1a: Kyurem
|-supereffective|p1a: Kyurem
|-damage|p1a: Kyurem|0 fnt
|faint|p1a: Kyurem
|
|-heal|p2a: Kingambit|64/100|[from] item: Leftovers
|upkeep
|
|t:|1758962381
|switch|p1a: Landorus|Landorus-Therian, M|100/100
|-ability|p1a: Landorus|Intimidate|boost
|-unboost|p2a: Kingambit|atk|1
|turn|10
|
|t:|1758962385
|move|p1a: Landorus|U-turn|p2a: Kingambit
|-damage|p2a: Kingambit|47/100
|
|t:|1758962394
|switch|p1a: Ogerpon|Ogerpon-Wellspring, F|100/100|[from] U-turn
|move|p2a: Kingambit|Swords Dance|p2a: Kingambit
|-boost|p2a: Kingambit|atk|2
|
|-heal|p2a: Kingambit|53/100|[from] item: Leftovers
|upkeep
|turn|11
|j| wgw2333
|
|t:|1758962399
|move|p2a: Kingambit|Sucker Punch|p1a: Ogerpon
|-damage|p1a: Ogerpon|20/100
|move|p1a: Ogerpon|Ivy Cudgel|p2a: Kingambit|[anim] Ivy Cudgel Water
|-damage|p2a: Kingambit|6/100
|
|-heal|p2a: Kingambit|12/100|[from] item: Leftovers
|upkeep
|turn|12
|
|t:|1758962404
|switch|p1a: Landorus|Landorus-Therian, M|100/100
|-ability|p1a: Landorus|Intimidate|boost
|-unboost|p2a: Kingambit|atk|1
|move|p2a: Kingambit|Sucker Punch||[still]
|-fail|p2a: Kingambit
|
|-heal|p2a: Kingambit|19/100|[from] item: Leftovers
|upkeep
|turn|13
|
|t:|1758962409
|-end|p2a: Kingambit|fallenundefined|[silent]
|switch|p2a: Moltres|Moltres|100/100
|move|p1a: Landorus|Earth Power|p2a: Moltres
|-immune|p2a: Moltres
|
|upkeep
|turn|14
|
|t:|1758962413
|move|p1a: Landorus|Taunt|p2a: Moltres
|-start|p2a: Moltres|move: Taunt
|move|p2a: Moltres|Flamethrower|p1a: Landorus
|-damage|p1a: Landorus|63/100
|
|upkeep
|turn|15
|
|t:|1758962419
|move|p1a: Landorus|Stealth Rock|p2a: Moltres
|-sidestart|p2: lerendezvous|move: Stealth Rock
|move|p2a: Moltres|Flamethrower|p1a: Landorus
|-damage|p1a: Landorus|24/100
|
|upkeep
|turn|16
|
|t:|1758962436
|move|p1a: Landorus|Earth Power|p2a: Moltres
|-immune|p2a: Moltres
|move|p2a: Moltres|Flamethrower|p1a: Landorus
|-damage|p1a: Landorus|0 fnt
|faint|p1a: Landorus
|
|-end|p2a: Moltres|move: Taunt
|upkeep
|
|t:|1758962438
|switch|p1a: Ogerpon|Ogerpon-Wellspring, F|20/100
|turn|17
|
|t:|1758962443
|switch|p2a: Ogerpon|Ogerpon-Wellspring, F|100/100
|-damage|p2a: Ogerpon|88/100|[from] Stealth Rock
|move|p1a: Ogerpon|Ivy Cudgel|p2a: Ogerpon|[anim] Ivy Cudgel Water
|-heal|p2a: Ogerpon|100/100|[from] ability: Water Absorb|[of] p1a: Ogerpon
|
|upkeep
|turn|18
|
|t:|1758962447
|move|p1a: Ogerpon|Power Whip|p2a: Ogerpon
|-damage|p2a: Ogerpon|1/100
|move|p2a: Ogerpon|U-turn|p1a: Ogerpon
|-supereffective|p1a: Ogerpon
|-damage|p1a: Ogerpon|0 fnt
|faint|p1a: Ogerpon
|
|t:|1758962452
|switch|p2a: Moltres|Moltres|100/100|[from] U-turn
|
|upkeep
|
|t:|1758962462
|switch|p1a: Kingambit|Kingambit, F|90/100
|-activate|p1a: Kingambit|ability: Supreme Overlord
|-start|p1a: Kingambit|fallen4|[silent]
|turn|19
|
|t:|1758962468
|move|p1a: Kingambit|Swords Dance|p1a: Kingambit
|-boost|p1a: Kingambit|atk|2
|move|p2a: Moltres|Roar|p1a: Kingambit
|-end|p1a: Kingambit|fallen4|[silent]
|drag|p1a: Zamazenta|Zamazenta|100/100
|-ability|p1a: Zamazenta|Dauntless Shield|boost
|-boost|p1a: Zamazenta|def|1
|
|upkeep
|turn|20
|
|t:|1758962477
|move|p1a: Zamazenta|Crunch|p2a: Moltres
|-damage|p2a: Moltres|83/100
|-status|p1a: Zamazenta|brn|[from] ability: Flame Body|[of] p2a: Moltres
|move|p2a: Moltres|Flamethrower|p1a: Zamazenta
|-damage|p1a: Zamazenta|77/100 brn
|
|-damage|p1a: Zamazenta|71/100 brn|[from] brn
|upkeep
|turn|21
|
|t:|1758962484
|move|p1a: Zamazenta|Crunch|p2a: Moltres
|-damage|p2a: Moltres|74/100
|move|p2a: Moltres|Roost|p2a: Moltres
|-heal|p2a: Moltres|100/100
|-singleturn|p2a: Moltres|move: Roost
|
|-damage|p1a: Zamazenta|65/100 brn|[from] brn
|upkeep
|turn|22
|
|t:|1758962489
|move|p1a: Zamazenta|Crunch|p2a: Moltres
|-damage|p2a: Moltres|92/100
|move|p2a: Moltres|Flamethrower|p1a: Zamazenta
|-damage|p1a: Zamazenta|43/100 brn
|
|-damage|p1a: Zamazenta|36/100 brn|[from] brn
|upkeep
|turn|23
|
|t:|1758962494
|move|p1a: Zamazenta|Crunch|p2a: Moltres
|-damage|p2a: Moltres|82/100
|move|p2a: Moltres|Roost|p2a: Moltres
|-heal|p2a: Moltres|100/100
|-singleturn|p2a: Moltres|move: Roost
|
|-damage|p1a: Zamazenta|30/100 brn|[from] brn
|upkeep
|turn|24
|
|t:|1758962498
|move|p1a: Zamazenta|Crunch|p2a: Moltres
|-damage|p2a: Moltres|92/100
|move|p2a: Moltres|U-turn|p1a: Zamazenta
|-resisted|p1a: Zamazenta
|-damage|p1a: Zamazenta|26/100 brn
|
|t:|1758962503
|switch|p2a: Great Tusk|Great Tusk|100/100|[from] U-turn
|-damage|p2a: Great Tusk|98/100|[from] Stealth Rock
|
|-damage|p1a: Zamazenta|20/100 brn|[from] brn
|upkeep
|turn|25
|
|t:|1758962507
|move|p1a: Zamazenta|Ice Fang|p2a: Great Tusk
|-supereffective|p2a: Great Tusk
|-damage|p2a: Great Tusk|81/100
|-damage|p1a: Zamazenta|3/100 brn|[from] item: Rocky Helmet|[of] p2a: Great Tusk
|move|p2a: Great Tusk|Rapid Spin|p1a: Zamazenta
|-damage|p1a: Zamazenta|0 fnt
|-boost|p2a: Great Tusk|spe|1
|-sideend|p2: lerendezvous|Stealth Rock|[from] move: Rapid Spin|[of] p2a: Great Tusk
|faint|p1a: Zamazenta
|
|upkeep
|
|t:|1758962512
|switch|p1a: Kingambit|Kingambit, F|90/100
|-activate|p1a: Kingambit|ability: Supreme Overlord
|-start|p1a: Kingambit|fallen5|[silent]
|turn|26
|
|t:|1758962516
|-terastallize|p1a: Kingambit|Ghost
|move|p2a: Great Tusk|Headlong Rush|p1a: Kingambit
|-damage|p1a: Kingambit|39/100
|-unboost|p2a: Great Tusk|def|1
|-unboost|p2a: Great Tusk|spd|1
|move|p1a: Kingambit|Swords Dance|p1a: Kingambit
|-boost|p1a: Kingambit|atk|2
|
|-heal|p1a: Kingambit|45/100|[from] item: Leftovers
|upkeep
|turn|27
|
|t:|1758962529
|-terastallize|p2a: Great Tusk|Steel
|move|p2a: Great Tusk|Headlong Rush|p1a: Kingambit
|-damage|p1a: Kingambit|0 fnt
|-unboost|p2a: Great Tusk|def|1
|-unboost|p2a: Great Tusk|spd|1
|faint|p1a: Kingambit
|-end|p1a: Kingambit|fallen5|[silent]
|
|win|lerendezvous
|raw|lanarey's rating: 1699 &rarr; <strong>1683</strong><br />(-16 for losing)
|raw|lerendezvous's rating: 1774 &rarr; <strong>1790</strong><br />(+16 for winning)
|l|☆lerendezvous
|player|p2|
