|j|☆ari5509
|j|☆will1994
|t:|1758917013
|gametype|singles
|player|p1|ari5509|ingo|1621
|player|p2|will1994|red|1657
|gen|9
|tier|[Gen 9] OU
|rated|
|rule|HP Percentage Mod: HP is shown in percentages
|rule|Endless Battle Clause: Forcing endless battles is banned
|rule|Species Clause: Limit one of each Pokémon
|rule|OHKO Clause: OHKO moves are banned
|rule|Evasion Items Clause: Evasion items are banned
|rule|Evasion Moves Clause: Evasion moves are banned
|rule|Evasion Abilities Clause: Evasion abilities are banned
|rule|Sleep Moves Clause: Sleep-inducing moves are banned
|clearpoke
|poke|p1|Ursaluna, M|
|poke|p1|Cresselia, F|
|poke|p1|Iron Valiant|
|poke|p1|Hatterene, F|
|poke|p1|Keldeo-Resolute|
|poke|p1|Ogerpon, F|
|poke|p2|Rillaboom, F|
|poke|p2|Charizard, M|
|poke|p2|Corviknight, F|
|poke|p2|Kleavor, M|
|poke|p2|Clodsire, M|
|poke|p2|Samurott-Hisui, M|
|teampreview
|inactive|Battle timer is ON: inactive players will automatically lose when time's up. (requested by ari5509)
|
|t:|1758917021
|teamsize|p1|6
|teamsize|p2|6
|start
|switch|p1a: Keldeo|Keldeo-Resolute|100/100
|switch|p2a: Kleavor|Kleavor, M|100/100
|turn|1
|
|t:|1758917030
|move|p2a: Kleavor|U-turn|p1a: Keldeo
|-resisted|p1a: Keldeo
|-damage|p1a: Keldeo|77/100
|
|t:|1758917036
|switch|p2a: Rillaboom|Rillaboom, F|100/100|[from] U-turn
|-fieldstart|move: Grassy Terrain|[from] ability: Grassy Surge|[of] p2a: Rillaboom
|move|p1a: Keldeo|Surf|p2a: Rillaboom
|-resisted|p2a: Rillaboom
|-damage|p2a: Rillaboom|51/100
|
|-heal|p1a: Keldeo|83/100|[from] Grassy Terrain
|-heal|p2a: Rillaboom|57/100|[from] Grassy Terrain
|upkeep
|turn|2
|
|t:|1758917048
|switch|p1a: Cresselia|Cresselia, F, shiny|100/100
|move|p2a: Rillaboom|U-turn|p1a: Cresselia
|-supereffective|p1a: Cresselia
|-damage|p1a: Cresselia|56/100
|-damage|p2a: Rillaboom|41/100|[from] item: Rocky Helmet|[of] p1a: Cresselia
|
|t:|1758917073
|switch|p2a: Samurott|Samurott-Hisui, M|100/100|[from] U-turn
|
|upkeep
|turn|3
|
|t:|1758917078
|switch|p1a: Keldeo|Keldeo-Resolute|83/100
|move|p2a: Samurott|Ceaseless Edge|p1a: Keldeo
|-resisted|p1a: Keldeo
|-damage|p1a: Keldeo|63/100
|-ability|p1a: Keldeo|Justified|boost
|-boost|p1a: Keldeo|atk|1
|-sidestart|p1: ari5509|Spikes
|
|-heal|p1a: Keldeo|70/100|[from] Grassy Terrain
|upkeep
|turn|4
|
|t:|1758917094
|-terastallize|p2a: Samurott|Fairy
|move|p1a: Keldeo|Flip Turn|p2a: Samurott
|-crit|p2a: Samurott
|-damage|p2a: Samurott|68/100
|
|t:|1758917109
|switch|p1a: Ogerpon|Ogerpon, F|100/100|[from] Flip Turn
|-damage|p1a: Ogerpon|88/100|[from] Spikes
|move|p2a: Samurott|Sacred Sword|p1a: Ogerpon
|-damage|p1a: Ogerpon|44/100
|
|-heal|p1a: Ogerpon|50/100|[from] Grassy Terrain
|-heal|p2a: Samurott|74/100|[from] Grassy Terrain
|upkeep
|turn|5
|
|t:|1758917120
|switch|p2a: Corviknight|Corviknight, F|100/100
|-ability|p2a: Corviknight|Pressure
|move|p1a: Ogerpon|Ivy Cudgel|p2a: Corviknight
|-resisted|p2a: Corviknight
|-damage|p2a: Corviknight|86/100
|
|-heal|p1a: Ogerpon|56/100|[from] Grassy Terrain
|-fieldend|move: Grassy Terrain
|upkeep
|turn|6
|
|t:|1758917124
|switch|p1a: Ursaluna|Ursaluna, M, shiny|100/100
|-damage|p1a: Ursaluna|88/100|[from] Spikes
|move|p2a: Corviknight|U-turn|p1a: Ursaluna
|-damage|p1a: Ursaluna|77/100
|
|t:|1758917134
|switch|p2a: Rillaboom|Rillaboom, F|41/100|[from] U-turn
|-fieldstart|move: Grassy Terrain|[from] ability: Grassy Surge|[of] p2a: Rillaboom
|
|-heal|p2a: Rillaboom|47/100|[from] Grassy Terrain
|-heal|p1a: Ursaluna|83/100|[from] Grassy Terrain
|-status|p1a: Ursaluna|brn|[from] item: Flame Orb
|upkeep
|turn|7
|
|t:|1758917147
|move|p2a: Rillaboom|Wood Hammer|p1a: Ursaluna
|-supereffective|p1a: Ursaluna
|-damage|p1a: Ursaluna|0 fnt
|faint|p1a: Ursaluna
|-damage|p2a: Rillaboom|10/100|[from] Recoil
|
|-heal|p2a: Rillaboom|16/100|[from] Grassy Terrain
|upkeep
|
|t:|1758917152
|switch|p1a: Hatterene|Hatterene, F, shiny|100/100
|-damage|p1a: Hatterene|88/100|[from] Spikes
|turn|8
|
|t:|1758917169
|switch|p2a: Corviknight|Corviknight, F|86/100
|-ability|p2a: Corviknight|Pressure
|move|p1a: Hatterene|Psychic Noise|p2a: Corviknight
|-resisted|p2a: Corviknight
|-damage|p2a: Corviknight|66/100
|-start|p2a: Corviknight|move: Heal Block
|
|-heal|p1a: Hatterene|94/100|[from] Grassy Terrain
|upkeep
|turn|9
|
|t:|1758917177
|move|p2a: Corviknight|Brave Bird|p1a: Hatterene
|-damage|p1a: Hatterene|56/100
|-damage|p2a: Corviknight|55/100|[from] Recoil
|move|p1a: Hatterene|Trick Room|p1a: Hatterene
|-fieldstart|move: Trick Room|[of] p1a: Hatterene
|
|-heal|p1a: Hatterene|62/100|[from] Grassy Terrain
|-end|p2a: Corviknight|move: Heal Block
|upkeep
|turn|10
|
|t:|1758917181
|move|p1a: Hatterene|Psychic Noise|p2a: Corviknight
|-resisted|p2a: Corviknight
|-damage|p2a: Corviknight|34/100
|-start|p2a: Corviknight|move: Heal Block
|move|p2a: Corviknight|U-turn|p1a: Hatterene
|-damage|p1a: Hatterene|45/100
|
|t:|1758917186
|switch|p2a: Samurott|Samurott-Hisui, M, tera:Fairy|74/100|[from] U-turn
|
|-heal|p1a: Hatterene|51/100|[from] Grassy Terrain
|-heal|p2a: Samurott|81/100|[from] Grassy Terrain
|-fieldend|move: Grassy Terrain
|upkeep
|turn|11
|
|t:|1758917194
|move|p1a: Hatterene|Healing Wish|p1a: Hatterene
|faint|p1a: Hatterene
|move|p2a: Samurott|Ceaseless Edge|p1: Hatterene|[notarget]
|-fail|p2a: Samurott
|
|upkeep
|
|t:|1758917208
|switch|p1a: Iron Valiant|Iron Valiant|100/100
|-damage|p1a: Iron Valiant|88/100|[from] Spikes
|-enditem|p1a: Iron Valiant|Booster Energy
|-activate|p1a: Iron Valiant|ability: Quark Drive|[fromitem]
|-start|p1a: Iron Valiant|quarkdrivespe
|turn|12
|
|t:|1758917213
|switch|p2a: Clodsire|Clodsire, M|100/100
|move|p1a: Iron Valiant|Moonblast|p2a: Clodsire
|-resisted|p2a: Clodsire
|-damage|p2a: Clodsire|82/100
|
|-heal|p2a: Clodsire|89/100|[from] item: Leftovers
|upkeep
|turn|13
|
|t:|1758917222
|-end|p1a: Iron Valiant|Quark Drive|[silent]
|switch|p1a: Cresselia|Cresselia, F, shiny|56/100
|-heal|p1a: Cresselia|100/100|[from] move: Healing Wish
|move|p2a: Clodsire|Stockpile|p2a: Clodsire
|-start|p2a: Clodsire|stockpile1
|-boost|p2a: Clodsire|def|1
|-boost|p2a: Clodsire|spd|1
|
|-heal|p2a: Clodsire|95/100|[from] item: Leftovers
|-fieldend|move: Trick Room
|upkeep
|turn|14
|
|t:|1758917231
|move|p1a: Cresselia|Psychic|p2a: Clodsire
|-supereffective|p2a: Clodsire
|-damage|p2a: Clodsire|70/100
|move|p2a: Clodsire|Stockpile|p2a: Clodsire
|-start|p2a: Clodsire|stockpile2
|-boost|p2a: Clodsire|def|1
|-boost|p2a: Clodsire|spd|1
|
|-heal|p2a: Clodsire|77/100|[from] item: Leftovers
|upkeep
|turn|15
|
|t:|1758917243
|move|p1a: Cresselia|Lunar Dance|p1a: Cresselia
|faint|p1a: Cresselia
|move|p2a: Clodsire|Toxic|p1: Cresselia|[notarget]
|-fail|p2a: Clodsire
|
|-heal|p2a: Clodsire|83/100|[from] item: Leftovers
|upkeep
|
|t:|1758917247
|switch|p1a: Iron Valiant|Iron Valiant|88/100
|-heal|p1a: Iron Valiant|100/100|[from] move: Lunar Dance
|-damage|p1a: Iron Valiant|88/100|[from] Spikes
|turn|16
|
|t:|1758917252
|move|p1a: Iron Valiant|Encore|p2a: Clodsire
|-start|p2a: Clodsire|Encore
|move|p2a: Clodsire|Toxic|p1a: Iron Valiant
|-status|p1a: Iron Valiant|tox
|
|-heal|p2a: Clodsire|89/100|[from] item: Leftovers
|-damage|p1a: Iron Valiant|82/100 tox|[from] psn
|upkeep
|turn|17
|
|t:|1758917258
|switch|p2a: Charizard|Charizard, M|100/100
|move|p1a: Iron Valiant|Moonblast|p2a: Charizard
|-resisted|p2a: Charizard
|-damage|p2a: Charizard|72/100
|-unboost|p2a: Charizard|spa|1
|
|-damage|p1a: Iron Valiant|69/100 tox|[from] psn
|upkeep
|turn|18
|
|t:|1758917264
|move|p1a: Iron Valiant|Destiny Bond|p1a: Iron Valiant
|-singlemove|p1a: Iron Valiant|Destiny Bond
|move|p2a: Charizard|Overheat|p1a: Iron Valiant
|-damage|p1a: Iron Valiant|0 fnt
|-unboost|p2a: Charizard|spa|2
|faint|p1a: Iron Valiant
|-activate|p1a: Iron Valiant|move: Destiny Bond
|-end|p1a: Iron Valiant|Quark Drive|[silent]
|faint|p2a: Charizard
|
|upkeep
|
|t:|1758917274
|switch|p1a: Keldeo|Keldeo-Resolute|70/100
|switch|p2a: Rillaboom|Rillaboom, F|16/100
|-damage|p1a: Keldeo|57/100|[from] Spikes
|-fieldstart|move: Grassy Terrain|[from] ability: Grassy Surge|[of] p2a: Rillaboom
|turn|19
|
|t:|1758917278
|switch|p1a: Ogerpon|Ogerpon, F|56/100
|-damage|p1a: Ogerpon|44/100|[from] Spikes
|move|p2a: Rillaboom|Grassy Glide|p1a: Ogerpon
|-resisted|p1a: Ogerpon
|-damage|p1a: Ogerpon|5/100
|
|-heal|p1a: Ogerpon|11/100|[from] Grassy Terrain
|-heal|p2a: Rillaboom|22/100|[from] Grassy Terrain
|upkeep
|turn|20
|
|t:|1758917290
|move|p2a: Rillaboom|Grassy Glide|p1a: Ogerpon
|-resisted|p1a: Ogerpon
|-damage|p1a: Ogerpon|0 fnt
|faint|p1a: Ogerpon
|
|-heal|p2a: Rillaboom|28/100|[from] Grassy Terrain
|upkeep
|-message|ari5509 forfeited.
|
|win|will1994
|raw|ari5509's rating: 1621 &rarr; <strong>1603</strong><br />(-18 for losing)
|raw|will1994's rating: 1657 &rarr; <strong>1675</strong><br />(+18 for winning)
|l|☆ari5509
|player|p1|
|l|☆will1994
|player|p2|
