|j|☆itoshiflwr
|j|☆Yomoma’sash
|t:|1758996060
|gametype|singles
|player|p1|itoshiflwr|miku-ground|1500
|player|p2|Yomoma’sash|169|1458
|gen|9
|tier|[Gen 9] OU
|rated|
|rule|HP Percentage Mod: HP is shown in percentages
|rule|Endless Battle Clause: Forcing endless battles is banned
|rule|Species Clause: Limit one of each Pokémon
|rule|OHKO Clause: OHKO moves are banned
|rule|Evasion Items Clause: Evasion items are banned
|rule|Evasion Moves Clause: Evasion moves are banned
|rule|Evasion Abilities Clause: Evasion abilities are banned
|rule|Sleep Moves Clause: Sleep-inducing moves are banned
|clearpoke
|poke|p1|Raging Bolt|
|poke|p1|Weavile, M|
|poke|p1|Zamazenta-*|
|poke|p1|Ting-Lu|
|poke|p1|Clefable, M|
|poke|p1|Moltres|
|poke|p2|Charizard, F|
|poke|p2|Venusaur, F|
|poke|p2|Lapras, F|
|poke|p2|Blastoise, F|
|poke|p2|Snorlax, M|
|poke|p2|Clefable, F|
|teampreview
|
|t:|1758996068
|teamsize|p1|6
|teamsize|p2|6
|start
|switch|p1a: Raging Bolt|Raging Bolt|100/100
|switch|p2a: Lapras|Lapras, F|100/100
|turn|1
|
|t:|1758996072
|move|p1a: Raging Bolt|Thunderbolt|p2a: Lapras
|-supereffective|p2a: Lapras
|-damage|p2a: Lapras|21/100
|move|p2a: Lapras|Ice Beam|p1a: Raging Bolt
|-supereffective|p1a: Raging Bolt
|-damage|p1a: Raging Bolt|0 fnt
|faint|p1a: Raging Bolt
|-end|p1a: Raging Bolt|Protosynthesis|[silent]
|
|upkeep
|inactive|Battle timer is ON: inactive players will automatically lose when time's up. (requested by Yomoma’sash)
|
|t:|1758996078
|switch|p1a: Weavile|Weavile, M|100/100
|-ability|p1a: Weavile|Pressure
|turn|2
|
|t:|1758996084
|move|p1a: Weavile|Knock Off|p2a: Lapras
|-damage|p2a: Lapras|0 fnt
|-enditem|p2a: Lapras|Choice Specs|[from] move: Knock Off|[of] p1a: Weavile
|faint|p2a: Lapras
|
|upkeep
|inactive|Yomoma’sash has 120 seconds left.
|
|t:|1758996144
|switch|p2a: Charizard|Charizard, F|100/100
|turn|3
|
|t:|1758996148
|switch|p2a: Venusaur|Venusaur, F|100/100
|switch|p1a: Clefable|Clefable, M|100/100
|
|upkeep
|turn|4
|
|t:|1758996150
|switch|p1a: Moltres|Moltres|100/100
|move|p2a: Venusaur|Sunny Day|p2a: Venusaur
|-weather|SunnyDay
|
|-weather|SunnyDay|[upkeep]
|upkeep
|turn|5
|inactive|Yomoma’sash has 120 seconds left.
|
|t:|1758996156
|switch|p2a: Charizard|Charizard, F|100/100
|move|p1a: Moltres|Flamethrower|p2a: Charizard
|-resisted|p2a: Charizard
|-damage|p2a: Charizard|65/100
|
|-weather|SunnyDay|[upkeep]
|-damage|p2a: Charizard|53/100|[from] ability: Solar Power|[of] p2a: Charizard
|upkeep
|turn|6
|
|t:|1758996159
|switch|p1a: Ting-Lu|Ting-Lu|100/100
|-ability|p1a: Ting-Lu|Vessel of Ruin
|move|p2a: Charizard|Flamethrower|p1a: Ting-Lu
|-damage|p1a: Ting-Lu|61/100
|
|-weather|SunnyDay|[upkeep]
|-damage|p2a: Charizard|41/100|[from] ability: Solar Power|[of] p2a: Charizard
|-heal|p1a: Ting-Lu|67/100|[from] item: Leftovers
|upkeep
|turn|7
|
|t:|1758996165
|move|p2a: Charizard|Flamethrower|p1a: Ting-Lu
|-damage|p1a: Ting-Lu|26/100
|-status|p1a: Ting-Lu|brn
|move|p1a: Ting-Lu|Spikes|p2a: Charizard
|-sidestart|p2: Yomoma’sash|Spikes
|
|-weather|SunnyDay|[upkeep]
|-damage|p2a: Charizard|28/100|[from] ability: Solar Power|[of] p2a: Charizard
|-heal|p1a: Ting-Lu|32/100 brn|[from] item: Leftovers
|-damage|p1a: Ting-Lu|26/100 brn|[from] brn
|upkeep
|turn|8
|
|t:|1758996168
|move|p2a: Charizard|Flamethrower|p1a: Ting-Lu
|-damage|p1a: Ting-Lu|0 fnt
|faint|p1a: Ting-Lu
|
|-weather|SunnyDay|[upkeep]
|-damage|p2a: Charizard|16/100|[from] ability: Solar Power|[of] p2a: Charizard
|upkeep
|
|t:|1758996171
|switch|p1a: Weavile|Weavile, M|100/100
|-ability|p1a: Weavile|Pressure
|turn|9
|
|t:|1758996172
|move|p1a: Weavile|Ice Shard|p2a: Charizard
|-damage|p2a: Charizard|0 fnt
|faint|p2a: Charizard
|
|-weather|SunnyDay|[upkeep]
|upkeep
|
|t:|1758996178
|switch|p2a: Blastoise|Blastoise, F|100/100
|-damage|p2a: Blastoise|88/100|[from] Spikes
|turn|10
|
|t:|1758996181
|move|p1a: Weavile|Knock Off|p2a: Blastoise
|-damage|p2a: Blastoise|32/100
|-enditem|p2a: Blastoise|White Herb|[from] move: Knock Off|[of] p1a: Weavile
|move|p2a: Blastoise|Shell Smash|p2a: Blastoise
|-unboost|p2a: Blastoise|def|1
|-unboost|p2a: Blastoise|spd|1
|-boost|p2a: Blastoise|atk|2
|-boost|p2a: Blastoise|spa|2
|-boost|p2a: Blastoise|spe|2
|
|-weather|SunnyDay|[upkeep]
|upkeep
|turn|11
|
|t:|1758996189
|switch|p1a: Clefable|Clefable, M|100/100
|move|p2a: Blastoise|Dark Pulse|p1a: Clefable
|-resisted|p1a: Clefable
|-damage|p1a: Clefable|78/100
|
|-weather|none
|upkeep
|turn|12
|
|t:|1758996193
|move|p2a: Blastoise|Surf|p1a: Clefable
|-damage|p1a: Clefable|0 fnt
|faint|p1a: Clefable
|
|upkeep
|
|t:|1758996196
|switch|p1a: Moltres|Moltres|100/100
|turn|13
|
|t:|1758996202
|-terastallize|p1a: Moltres|Grass
|move|p2a: Blastoise|Surf|p1a: Moltres
|-resisted|p1a: Moltres
|-damage|p1a: Moltres|39/100
|move|p1a: Moltres|U-turn|p2a: Blastoise
|-damage|p2a: Blastoise|5/100
|
|t:|1758996207
|switch|p1a: Weavile|Weavile, M|100/100|[from] U-turn
|-ability|p1a: Weavile|Pressure
|
|upkeep
|turn|14
|
|t:|1758996209
|move|p1a: Weavile|Ice Shard|p2a: Blastoise
|-resisted|p2a: Blastoise
|-crit|p2a: Blastoise
|-damage|p2a: Blastoise|0 fnt
|faint|p2a: Blastoise
|
|upkeep
|
|t:|1758996212
|switch|p2a: Snorlax|Snorlax, M|100/100
|-damage|p2a: Snorlax|88/100|[from] Spikes
|turn|15
|
|t:|1758996214
|switch|p1a: Zamazenta|Zamazenta|100/100
|-ability|p1a: Zamazenta|Dauntless Shield|boost
|-boost|p1a: Zamazenta|def|1
|move|p2a: Snorlax|Body Slam|p1a: Zamazenta
|-damage|p1a: Zamazenta|71/100
|
|upkeep
|turn|16
|
|t:|1758996222
|move|p1a: Zamazenta|Psychic Fangs|p2a: Snorlax
|-damage|p2a: Snorlax|60/100
|move|p2a: Snorlax|Body Slam|p1a: Zamazenta
|-damage|p1a: Zamazenta|42/100
|-status|p1a: Zamazenta|par
|
|upkeep
|turn|17
|
|t:|1758996228
|switch|p2a: Venusaur|Venusaur, F|100/100
|-damage|p2a: Venusaur|88/100|[from] Spikes
|move|p1a: Zamazenta|Close Combat|p2a: Venusaur
|-resisted|p2a: Venusaur
|-damage|p2a: Venusaur|52/100
|-unboost|p1a: Zamazenta|def|1
|-unboost|p1a: Zamazenta|spd|1
|
|upkeep
|turn|18
|
|t:|1758996232
|move|p2a: Venusaur|Sludge Bomb|p1a: Zamazenta
|-damage|p1a: Zamazenta|0 fnt
|faint|p1a: Zamazenta
|
|upkeep
|
|t:|1758996234
|switch|p1a: Weavile|Weavile, M|100/100
|-ability|p1a: Weavile|Pressure
|turn|19
|
|t:|1758996239
|move|p1a: Weavile|Knock Off|p2a: Venusaur
|-damage|p2a: Venusaur|0 fnt
|-enditem|p2a: Venusaur|Heat Rock|[from] move: Knock Off|[of] p1a: Weavile
|faint|p2a: Venusaur
|
|upkeep
|
|t:|1758996242
|switch|p2a: Snorlax|Snorlax, M|60/100
|-damage|p2a: Snorlax|48/100|[from] Spikes
|turn|20
|-enditem|p2a: Snorlax|Custap Berry|[eat]
|-activate|p2a: Snorlax|item: Custap Berry|[consumed]
|
|t:|1758996245
|move|p2a: Snorlax|Heat Crash|p1a: Weavile
|-supereffective|p1a: Weavile
|-damage|p1a: Weavile|0 fnt
|faint|p1a: Weavile
|
|upkeep
|
|t:|1758996250
|switch|p1a: Moltres|Moltres, tera:Grass|39/100
|turn|21
|
|t:|1758996252
|move|p1a: Moltres|Hurricane|p2a: Snorlax|[miss]
|-miss|p1a: Moltres|p2a: Snorlax
|move|p2a: Snorlax|Heat Crash|p1a: Moltres
|-supereffective|p1a: Moltres
|-damage|p1a: Moltres|0 fnt
|faint|p1a: Moltres
|
|win|Yomoma’sash
|raw|itoshiflwr's rating: 1500 &rarr; <strong>1478</strong><br />(-22 for losing)
|raw|Yomoma’sash's rating: 1458 &rarr; <strong>1480</strong><br />(+22 for winning)
|l|☆itoshiflwr
|player|p1|
|l|☆Yomoma’sash
|player|p2|
