|j|☆Dryosaurus
|j|☆leezee-yy
|t:|1759037221
|gametype|singles
|player|p1|Dryosaurus|koga|1578
|player|p2|leezee-yy|steven|1705
|gen|9
|tier|[Gen 9] OU
|rated|
|rule|HP Percentage Mod: HP is shown in percentages
|rule|Endless Battle Clause: Forcing endless battles is banned
|rule|Species Clause: Limit one of each Pokémon
|rule|OHKO Clause: OHKO moves are banned
|rule|Evasion Items Clause: Evasion items are banned
|rule|Evasion Moves Clause: Evasion moves are banned
|rule|Evasion Abilities Clause: Evasion abilities are banned
|rule|Sleep Moves Clause: Sleep-inducing moves are banned
|clearpoke
|poke|p1|Psyduck, M|
|poke|p1|Charizard, M|
|poke|p1|Pelipper, F|
|poke|p1|Barraskewda, M|
|poke|p1|Iron Treads|
|poke|p1|Raging Bolt|
|poke|p2|Gengar, M|
|poke|p2|Conkeldurr, M|
|poke|p2|Metagross|
|poke|p2|Zapdos|
|poke|p2|Meowscarada, F|
|poke|p2|Zamazenta-*|
|teampreview
|inactive|Battle timer is ON: inactive players will automatically lose when time's up. (requested by leezee-yy)
|c|☆leezee-yy|psyduck
|inactive|leezee-yy has 120 seconds left.
|
|t:|1759037255
|teamsize|p1|6
|teamsize|p2|6
|start
|switch|p1a: Pelipper|Pelipper, F|100/100
|switch|p2a: Meowscarada|Meowscarada, F|100/100
|-weather|RainDance|[from] ability: Drizzle|[of] p1a: Pelipper
|turn|1
|
|t:|1759037262
|move|p2a: Meowscarada|U-turn|p1a: Pelipper
|-start|p2a: Meowscarada|typechange|Bug|[from] ability: Protean
|-resisted|p1a: Pelipper
|-damage|p1a: Pelipper|83/100
|c|☆leezee-yy|cute
|
|t:|1759037267
|switch|p2a: Zapdos|Zapdos|100/100|[from] U-turn
|move|p1a: Pelipper|U-turn|p2a: Zapdos
|-resisted|p2a: Zapdos
|-damage|p2a: Zapdos|97/100
|-damage|p1a: Pelipper|66/100|[from] item: Rocky Helmet|[of] p2a: Zapdos
|-status|p1a: Pelipper|par|[from] ability: Static|[of] p2a: Zapdos
|
|t:|1759037275
|switch|p1a: Raging Bolt|Raging Bolt|100/100|[from] U-turn
|-enditem|p1a: Raging Bolt|Booster Energy
|-activate|p1a: Raging Bolt|ability: Protosynthesis|[fromitem]
|-start|p1a: Raging Bolt|protosynthesisspa
|
|-weather|RainDance|[upkeep]
|upkeep
|turn|2
|c|☆Dryosaurus|appreciated
|
|t:|1759037286
|move|p1a: Raging Bolt|Calm Mind|p1a: Raging Bolt
|-boost|p1a: Raging Bolt|spa|1
|-boost|p1a: Raging Bolt|spd|1
|move|p2a: Zapdos|U-turn|p1a: Raging Bolt
|-damage|p1a: Raging Bolt|86/100
|
|t:|1759037297
|switch|p2a: Gengar|Gengar, M|100/100|[from] U-turn
|
|-weather|RainDance|[upkeep]
|upkeep
|turn|3
|
|t:|1759037301
|move|p2a: Gengar|Encore|p1a: Raging Bolt
|-start|p1a: Raging Bolt|Encore
|move|p1a: Raging Bolt|Calm Mind|p1a: Raging Bolt
|-boost|p1a: Raging Bolt|spa|1
|-boost|p1a: Raging Bolt|spd|1
|
|-weather|RainDance|[upkeep]
|upkeep
|turn|4
|
|t:|1759037307
|-end|p1a: Raging Bolt|Protosynthesis|[silent]
|switch|p1a: Iron Treads|Iron Treads|100/100
|-enditem|p1a: Iron Treads|Booster Energy
|-activate|p1a: Iron Treads|ability: Quark Drive|[fromitem]
|-start|p1a: Iron Treads|quarkdrivespe
|move|p2a: Gengar|Shadow Ball|p1a: Iron Treads
|-damage|p1a: Iron Treads|42/100
|
|-weather|RainDance|[upkeep]
|upkeep
|turn|5
|
|t:|1759037315
|move|p1a: Iron Treads|Earth Power|p2a: Gengar
|-supereffective|p2a: Gengar
|-enditem|p2a: Gengar|Focus Sash
|-damage|p2a: Gengar|1/100
|move|p2a: Gengar|Shadow Ball|p1a: Iron Treads
|-damage|p1a: Iron Treads|0 fnt
|faint|p1a: Iron Treads
|-end|p1a: Iron Treads|Quark Drive|[silent]
|
|-weather|RainDance|[upkeep]
|upkeep
|j| 101Darmanitans
|
|t:|1759037330
|switch|p1a: Psyduck|Psyduck, M, shiny|100/100
|turn|6
|c|☆leezee-yy|swift swim？
|
|t:|1759037349
|switch|p2a: Metagross|Metagross, shiny|100/100
|move|p1a: Psyduck|Surf|p2a: Metagross
|-damage|p2a: Metagross|20/100
|
|-weather|RainDance|[upkeep]
|-heal|p2a: Metagross|26/100|[from] item: Leftovers
|upkeep
|turn|7
|c|☆Dryosaurus|nah
|
|t:|1759037367
|switch|p2a: Meowscarada|Meowscarada, F|100/100
|move|p1a: Psyduck|Surf|p2a: Meowscarada
|-resisted|p2a: Meowscarada
|-damage|p2a: Meowscarada|48/100
|
|-weather|RainDance|[upkeep]
|upkeep
|turn|8
|
|t:|1759037383
|switch|p1a: Raging Bolt|Raging Bolt|86/100
|move|p2a: Meowscarada|Flower Trick|p1a: Raging Bolt
|-start|p2a: Meowscarada|typechange|Grass|[from] ability: Protean
|-resisted|p1a: Raging Bolt
|-crit|p1a: Raging Bolt
|-damage|p1a: Raging Bolt|52/100
|
|-weather|none
|upkeep
|turn|9
|
|t:|1759037392
|switch|p2a: Metagross|Metagross, shiny|26/100
|move|p1a: Raging Bolt|Dragon Pulse|p2a: Metagross
|-resisted|p2a: Metagross
|-damage|p2a: Metagross|2/100
|
|-heal|p2a: Metagross|8/100|[from] item: Leftovers
|upkeep
|turn|10
|
|t:|1759037404
|move|p2a: Metagross|Bullet Punch|p1a: Raging Bolt
|-resisted|p1a: Raging Bolt
|-damage|p1a: Raging Bolt|40/100
|move|p1a: Raging Bolt|Dragon Pulse|p2a: Metagross
|-resisted|p2a: Metagross
|-damage|p2a: Metagross|0 fnt
|faint|p2a: Metagross
|
|upkeep
|
|t:|1759037408
|switch|p2a: Meowscarada|Meowscarada, F|48/100
|turn|11
|
|t:|1759037436
|move|p1a: Raging Bolt|Thunderclap|p2a: Meowscarada
|-resisted|p2a: Meowscarada
|-damage|p2a: Meowscarada|13/100
|move|p2a: Meowscarada|Knock Off|p1a: Raging Bolt
|-start|p2a: Meowscarada|typechange|Dark|[from] ability: Protean
|-damage|p1a: Raging Bolt|0 fnt
|faint|p1a: Raging Bolt
|-end|p1a: Raging Bolt|Protosynthesis|[silent]
|
|upkeep
|
|t:|1759037445
|switch|p1a: Pelipper|Pelipper, F|66/100 par
|-weather|RainDance|[from] ability: Drizzle|[of] p1a: Pelipper
|turn|12
|
|t:|1759037449
|move|p2a: Meowscarada|Knock Off|p1a: Pelipper
|-damage|p1a: Pelipper|15/100 par
|-enditem|p1a: Pelipper|Damp Rock|[from] move: Knock Off|[of] p2a: Meowscarada
|move|p1a: Pelipper|U-turn|p2a: Meowscarada
|-supereffective|p2a: Meowscarada
|-damage|p2a: Meowscarada|0 fnt
|faint|p2a: Meowscarada
|
|t:|1759037455
|switch|p1a: Psyduck|Psyduck, M, shiny|100/100|[from] U-turn
|
|-weather|RainDance|[upkeep]
|upkeep
|
|t:|1759037462
|switch|p2a: Zamazenta|Zamazenta|100/100
|-ability|p2a: Zamazenta|Dauntless Shield|boost
|-boost|p2a: Zamazenta|def|1
|turn|13
|
|t:|1759037466
|-terastallize|p1a: Psyduck|Water
|move|p1a: Psyduck|Surf|p2a: Zamazenta
|-damage|p2a: Zamazenta|43/100
|move|p2a: Zamazenta|Psychic Fangs|p1a: Psyduck
|-damage|p1a: Psyduck|35/100
|
|-weather|RainDance|[upkeep]
|upkeep
|turn|14
|
|t:|1759037478
|move|p1a: Psyduck|Surf|p2a: Zamazenta
|-damage|p2a: Zamazenta|0 fnt
|faint|p2a: Zamazenta
|
|-weather|RainDance|[upkeep]
|upkeep
|
|t:|1759037479
|switch|p2a: Conkeldurr|Conkeldurr, M|100/100
|turn|15
|
|t:|1759037484
|switch|p1a: Charizard|Charizard, M, shiny|100/100
|move|p2a: Conkeldurr|Mach Punch|p1a: Charizard
|-resisted|p1a: Charizard
|-crit|p1a: Charizard
|-damage|p1a: Charizard|73/100
|
|-weather|RainDance|[upkeep]
|upkeep
|turn|16
|
|t:|1759037491
|switch|p2a: Zapdos|Zapdos|97/100
|move|p1a: Charizard|Weather Ball|p2a: Zapdos
|-damage|p2a: Zapdos|28/100
|
|-weather|RainDance|[upkeep]
|upkeep
|turn|17
|
|t:|1759037497
|move|p1a: Charizard|Weather Ball|p2a: Zapdos
|-damage|p2a: Zapdos|0 fnt
|faint|p2a: Zapdos
|
|-weather|RainDance|[upkeep]
|upkeep
|
|t:|1759037500
|switch|p2a: Gengar|Gengar, M|1/100
|turn|18
|
|t:|1759037503
|move|p2a: Gengar|Shadow Ball|p1a: Charizard
|-damage|p1a: Charizard|18/100
|move|p1a: Charizard|Weather Ball|p2a: Gengar
|-damage|p2a: Gengar|0 fnt
|-start|p1a: Charizard|Disable|Weather Ball|[from] ability: Cursed Body|[of] p2a: Gengar
|faint|p2a: Gengar
|
|-weather|RainDance|[upkeep]
|upkeep
|
|t:|1759037507
|switch|p2a: Conkeldurr|Conkeldurr, M|100/100
|turn|19
|
|t:|1759037514
|move|p2a: Conkeldurr|Mach Punch|p1a: Charizard
|-resisted|p1a: Charizard
|-damage|p1a: Charizard|1/100
|-activate|p1a: Charizard|move: Struggle
|move|p1a: Charizard|Struggle|p2a: Conkeldurr
|-damage|p2a: Conkeldurr|94/100
|-damage|p1a: Charizard|0 fnt|[from] recoil
|faint|p1a: Charizard
|
|-weather|none
|-heal|p2a: Conkeldurr|99/100|[from] item: Leftovers
|upkeep
|
|t:|1759037524
|switch|p1a: Pelipper|Pelipper, F|15/100 par
|-weather|RainDance|[from] ability: Drizzle|[of] p1a: Pelipper
|turn|20
|
|t:|1759037531
|move|p2a: Conkeldurr|Ice Punch|p1a: Pelipper
|-damage|p1a: Pelipper|0 fnt
|faint|p1a: Pelipper
|
|-weather|RainDance|[upkeep]
|-heal|p2a: Conkeldurr|100/100|[from] item: Leftovers
|upkeep
|
|t:|1759037538
|switch|p1a: Barraskewda|Barraskewda, M, shiny|100/100
|turn|21
|
|t:|1759037541
|move|p2a: Conkeldurr|Mach Punch|p1a: Barraskewda
|-damage|p1a: Barraskewda|52/100
|move|p1a: Barraskewda|Liquidation|p2a: Conkeldurr
|-damage|p2a: Conkeldurr|10/100
|
|-weather|RainDance|[upkeep]
|-heal|p2a: Conkeldurr|16/100|[from] item: Leftovers
|upkeep
|turn|22
|
|t:|1759037548
|switch|p1a: Psyduck|Psyduck, M, shiny, tera:Water|35/100
|move|p2a: Conkeldurr|Mach Punch|p1a: Psyduck
|-damage|p1a: Psyduck|0 fnt
|faint|p1a: Psyduck
|
|-weather|RainDance|[upkeep]
|-heal|p2a: Conkeldurr|22/100|[from] item: Leftovers
|upkeep
|
|t:|1759037555
|switch|p1a: Barraskewda|Barraskewda, M, shiny|52/100
|turn|23
|
|t:|1759037558
|move|p1a: Barraskewda|Aqua Jet|p2a: Conkeldurr
|-damage|p2a: Conkeldurr|0 fnt
|faint|p2a: Conkeldurr
|
|win|Dryosaurus
|raw|Dryosaurus's rating: 1578 &rarr; <strong>1605</strong><br />(+27 for winning)
|raw|leezee-yy's rating: 1705 &rarr; <strong>1678</strong><br />(-27 for losing)
|c|☆leezee-yy|gg
|c|☆Dryosaurus|gg
|l|☆Dryosaurus
|player|p1|
|l|☆leezee-yy
|player|p2|
|l| 101Darmanitans
