|j|☆missingyat
|j|☆adriicarrascoo
|t:|1758919214
|gametype|singles
|player|p1|missingyat|unknownf|1081
|player|p2|adriicarrascoo|drayden|1064
|gen|9
|tier|[Gen 9] OU
|rated|
|rule|HP Percentage Mod: HP is shown in percentages
|rule|Endless Battle Clause: Forcing endless battles is banned
|rule|Species Clause: Limit one of each Pokémon
|rule|OHKO Clause: OHKO moves are banned
|rule|Evasion Items Clause: Evasion items are banned
|rule|Evasion Moves Clause: Evasion moves are banned
|rule|Evasion Abilities Clause: Evasion abilities are banned
|rule|Sleep Moves Clause: Sleep-inducing moves are banned
|clearpoke
|poke|p1|Komala, M|
|poke|p1|Bastiodon, F|
|poke|p1|Quagsire, F|
|poke|p1|Ambipom, F|
|poke|p1|Rillaboom, M|
|poke|p1|Gholdengo|
|poke|p2|Dragapult, F|
|poke|p2|Jolteon, M|
|poke|p2|Blaziken, M|
|poke|p2|Komala, F|
|poke|p2|Gliscor, F|
|poke|p2|Rillaboom, M|
|teampreview
|
|t:|1758919227
|teamsize|p1|6
|teamsize|p2|6
|start
|switch|p1a: Bastiodon|Bastiodon, F|100/100
|switch|p2a: Gliscor|Gliscor, F|100/100
|turn|1
|
|t:|1758919230
|move|p2a: Gliscor|Stealth Rock|p1a: Bastiodon
|-sidestart|p1: missingyat|move: Stealth Rock
|move|p1a: Bastiodon|Stealth Rock|p2a: Gliscor
|-sidestart|p2: adriicarrascoo|move: Stealth Rock
|
|-status|p2a: Gliscor|tox|[from] item: Toxic Orb
|upkeep
|turn|2
|
|t:|1758919242
|switch|p2a: Komala|Komala, F|100/100
|-damage|p2a: Komala|88/100|[from] Stealth Rock
|-ability|p2a: Komala|Comatose
|switch|p1a: Quagsire|Quagsire, F|100/100
|-damage|p1a: Quagsire|94/100|[from] Stealth Rock
|
|-heal|p1a: Quagsire|100/100|[from] item: Leftovers
|upkeep
|turn|3
|
|t:|1758919250
|move|p2a: Komala|Rapid Spin|p1a: Quagsire
|-damage|p1a: Quagsire|75/100
|-boost|p2a: Komala|spe|1
|-sideend|p2: adriicarrascoo|Stealth Rock|[from] move: Rapid Spin|[of] p2a: Komala
|move|p1a: Quagsire|Toxic|p2a: Komala
|-immune|p2a: Komala|[from] ability: Comatose
|
|-heal|p1a: Quagsire|81/100|[from] item: Leftovers
|upkeep
|turn|4
|
|t:|1758919256
|move|p2a: Komala|Rapid Spin|p1a: Quagsire
|-damage|p1a: Quagsire|57/100
|-boost|p2a: Komala|spe|1
|move|p1a: Quagsire|Ice Punch|p2a: Komala
|-damage|p2a: Komala|68/100
|
|-heal|p1a: Quagsire|63/100|[from] item: Leftovers
|upkeep
|turn|5
|
|t:|1758919264
|move|p2a: Komala|Knock Off|p1a: Quagsire
|-damage|p1a: Quagsire|32/100
|-enditem|p1a: Quagsire|Leftovers|[from] move: Knock Off|[of] p2a: Komala
|move|p1a: Quagsire|Spikes|p2a: Komala
|-sidestart|p2: adriicarrascoo|Spikes
|
|upkeep
|turn|6
|
|t:|1758919273
|switch|p1a: Pepto|Ambipom, F, shiny|100/100
|-damage|p1a: Pepto|88/100|[from] Stealth Rock
|move|p2a: Komala|Rapid Spin|p1a: Pepto
|-damage|p1a: Pepto|46/100
|-boost|p2a: Komala|spe|1
|-sideend|p2: adriicarrascoo|Spikes|[from] move: Rapid Spin|[of] p2a: Komala
|
|upkeep
|turn|7
|
|t:|1758919279
|move|p1a: Pepto|Fake Out|p2a: Komala
|-damage|p2a: Komala|21/100
|cant|p2a: Komala|flinch
|
|upkeep
|turn|8
|
|t:|1758919293
|switch|p1a: Rillaboom|Rillaboom, M|100/100
|-damage|p1a: Rillaboom|88/100|[from] Stealth Rock
|-fieldstart|move: Grassy Terrain|[from] ability: Grassy Surge|[of] p1a: Rillaboom
|move|p2a: Komala|Body Slam|p1a: Rillaboom
|-damage|p1a: Rillaboom|41/100
|-status|p1a: Rillaboom|par
|
|-heal|p2a: Komala|27/100|[from] Grassy Terrain
|-heal|p1a: Rillaboom|47/100 par|[from] Grassy Terrain
|upkeep
|turn|9
|
|t:|1758919301
|move|p1a: Rillaboom|Grassy Glide|p2a: Komala
|-damage|p2a: Komala|0 fnt
|faint|p2a: Komala
|
|-heal|p1a: Rillaboom|53/100 par|[from] Grassy Terrain
|upkeep
|
|t:|1758919306
|switch|p2a: Gliscor|Gliscor, F|100/100 tox
|turn|10
|
|t:|1758919311
|switch|p1a: Komala|Komala, M|100/100
|-damage|p1a: Komala|88/100|[from] Stealth Rock
|-ability|p1a: Komala|Comatose
|move|p2a: Gliscor|Facade|p1a: Komala
|-damage|p1a: Komala|35/100
|
|-heal|p1a: Komala|41/100|[from] Grassy Terrain
|upkeep
|turn|11
|
|t:|1758919319
|move|p2a: Gliscor|Facade|p1a: Komala
|-crit|p1a: Komala
|-damage|p1a: Komala|0 fnt
|faint|p1a: Komala
|
|upkeep
|
|t:|1758919328
|switch|p1a: Pepto|Ambipom, F, shiny|46/100
|-damage|p1a: Pepto|33/100|[from] Stealth Rock
|turn|12
|
|t:|1758919330
|switch|p2a: Dragapult|Dragapult, F|100/100
|move|p1a: Pepto|Fake Out|p2a: Dragapult
|-immune|p2a: Dragapult
|
|-heal|p1a: Pepto|40/100|[from] Grassy Terrain
|-fieldend|move: Grassy Terrain
|upkeep
|turn|13
|
|t:|1758919336
|switch|p1a: Bastiodon|Bastiodon, F|100/100
|-damage|p1a: Bastiodon|94/100|[from] Stealth Rock
|move|p2a: Dragapult|Dragon Darts|p1a: Bastiodon
|-resisted|p1a: Bastiodon
|-damage|p1a: Bastiodon|85/100
|-anim|p2a: Dragapult|Dragon Darts|p1a: Bastiodon
|-resisted|p1a: Bastiodon
|-damage|p1a: Bastiodon|75/100
|
|upkeep
|turn|14
|
|t:|1758919344
|move|p2a: Dragapult|U-turn|p1a: Bastiodon
|-resisted|p1a: Bastiodon
|-damage|p1a: Bastiodon|66/100
|
|t:|1758919346
|switch|p2a: Blaziken|Blaziken, M|100/100|[from] U-turn
|move|p1a: Bastiodon|Metal Burst|p2a: Blaziken
|-damage|p2a: Blaziken|89/100
|
|-heal|p2a: Blaziken|95/100|[from] item: Leftovers
|upkeep
|turn|15
|
|t:|1758919353
|move|p2a: Blaziken|Swords Dance|p2a: Blaziken
|-boost|p2a: Blaziken|atk|2
|move|p1a: Bastiodon|Stealth Rock|p2a: Blaziken
|-sidestart|p2: adriicarrascoo|move: Stealth Rock
|
|-heal|p2a: Blaziken|100/100|[from] item: Leftovers
|-ability|p2a: Blaziken|Speed Boost|boost
|-boost|p2a: Blaziken|spe|1
|upkeep
|turn|16
|
|t:|1758919358
|move|p2a: Blaziken|Swords Dance|p2a: Blaziken
|-boost|p2a: Blaziken|atk|2
|move|p1a: Bastiodon|Earthquake|p2a: Blaziken
|-supereffective|p2a: Blaziken
|-damage|p2a: Blaziken|38/100
|
|-heal|p2a: Blaziken|44/100|[from] item: Leftovers
|-ability|p2a: Blaziken|Speed Boost|boost
|-boost|p2a: Blaziken|spe|1
|upkeep
|turn|17
|
|t:|1758919368
|switch|p1a: Gholdengo|Gholdengo|100/100
|-damage|p1a: Gholdengo|94/100|[from] Stealth Rock
|-item|p1a: Gholdengo|Air Balloon
|move|p2a: Blaziken|Earthquake|p1a: Gholdengo
|-immune|p1a: Gholdengo
|
|-heal|p2a: Blaziken|50/100|[from] item: Leftovers
|-ability|p2a: Blaziken|Speed Boost|boost
|-boost|p2a: Blaziken|spe|1
|upkeep
|turn|18
|
|t:|1758919375
|move|p2a: Blaziken|Fire Punch|p1a: Gholdengo
|-supereffective|p1a: Gholdengo
|-damage|p1a: Gholdengo|0 fnt
|-enditem|p1a: Gholdengo|Air Balloon
|faint|p1a: Gholdengo
|
|-heal|p2a: Blaziken|56/100|[from] item: Leftovers
|-ability|p2a: Blaziken|Speed Boost|boost
|-boost|p2a: Blaziken|spe|1
|upkeep
|
|t:|1758919381
|switch|p1a: Pepto|Ambipom, F, shiny|40/100
|-damage|p1a: Pepto|27/100|[from] Stealth Rock
|turn|19
|l|☆missingyat
|player|p1|
|j|☆missingyat
|player|p1|missingyat|unknownf|
|
|t:|1758919434
|move|p1a: Pepto|Fake Out|p2a: Blaziken
|-damage|p2a: Blaziken|7/100
|cant|p2a: Blaziken|flinch
|
|-heal|p2a: Blaziken|13/100|[from] item: Leftovers
|-ability|p2a: Blaziken|Speed Boost|boost
|-boost|p2a: Blaziken|spe|1
|upkeep
|turn|20
|
|t:|1758919447
|-terastallize|p1a: Pepto|Ghost
|move|p2a: Blaziken|Fire Punch|p1a: Pepto
|-damage|p1a: Pepto|0 fnt
|faint|p1a: Pepto
|
|-heal|p2a: Blaziken|19/100|[from] item: Leftovers
|-ability|p2a: Blaziken|Speed Boost|boost
|-boost|p2a: Blaziken|spe|1
|upkeep
|
|t:|1758919451
|switch|p1a: Rillaboom|Rillaboom, M|53/100 par
|-damage|p1a: Rillaboom|41/100 par|[from] Stealth Rock
|-fieldstart|move: Grassy Terrain|[from] ability: Grassy Surge|[of] p1a: Rillaboom
|turn|21
|
|t:|1758919455
|cant|p1a: Rillaboom|par
|move|p2a: Blaziken|Fire Punch|p1a: Rillaboom
|-supereffective|p1a: Rillaboom
|-damage|p1a: Rillaboom|0 fnt
|faint|p1a: Rillaboom
|
|-heal|p2a: Blaziken|25/100|[from] Grassy Terrain
|-heal|p2a: Blaziken|31/100|[from] item: Leftovers
|upkeep
|
|t:|1758919460
|switch|p1a: Quagsire|Quagsire, F|32/100
|-damage|p1a: Quagsire|26/100|[from] Stealth Rock
|turn|22
|
|t:|1758919463
|move|p2a: Blaziken|Fire Punch|p1a: Quagsire
|-resisted|p1a: Quagsire
|-damage|p1a: Quagsire|0 fnt
|faint|p1a: Quagsire
|
|-heal|p2a: Blaziken|37/100|[from] Grassy Terrain
|-heal|p2a: Blaziken|43/100|[from] item: Leftovers
|upkeep
|
|t:|1758919466
|switch|p1a: Bastiodon|Bastiodon, F|66/100
|-damage|p1a: Bastiodon|60/100|[from] Stealth Rock
|turn|23
|
|t:|1758919468
|move|p2a: Blaziken|Close Combat|p1a: Bastiodon
|-supereffective|p1a: Bastiodon
|-damage|p1a: Bastiodon|0 fnt
|-unboost|p2a: Blaziken|def|1
|-unboost|p2a: Blaziken|spd|1
|faint|p1a: Bastiodon
|
|win|adriicarrascoo
|raw|missingyat's rating: 1081 &rarr; <strong>1058</strong><br />(-23 for losing)
|raw|adriicarrascoo's rating: 1064 &rarr; <strong>1096</strong><br />(+32 for winning)
|l|☆adriicarrascoo
|player|p2|
|l|☆missingyat
|player|p1|
