|j|☆Avl2121
|j|☆Keivankov237
|t:|1758955619
|gametype|singles
|player|p1|Avl2121|dragontamer|1144
|player|p2|Keivankov237|2|1154
|gen|9
|tier|[Gen 9] OU
|rated|
|rule|HP Percentage Mod: HP is shown in percentages
|rule|Endless Battle Clause: Forcing endless battles is banned
|rule|Species Clause: Limit one of each Pokémon
|rule|OHKO Clause: OHKO moves are banned
|rule|Evasion Items Clause: Evasion items are banned
|rule|Evasion Moves Clause: Evasion moves are banned
|rule|Evasion Abilities Clause: Evasion abilities are banned
|rule|Sleep Moves Clause: Sleep-inducing moves are banned
|clearpoke
|poke|p1|Dragapult, M|
|poke|p1|Scizor, F|
|poke|p1|Quaquaval, F|
|poke|p1|Garganacl, M|
|poke|p1|Revavroom, M|
|poke|p1|Inteleon, F|
|poke|p2|Grafaiai, F|
|poke|p2|Mew|
|poke|p2|Salamence, F|
|poke|p2|Zoroark, F|
|poke|p2|Houndoom, M|
|poke|p2|Scyther, F|
|teampreview
|inactive|Battle timer is ON: inactive players will automatically lose when time's up. (requested by Avl2121)
|
|t:|1758955638
|teamsize|p1|6
|teamsize|p2|6
|start
|switch|p1a: Dragapult|Dragapult, M|100/100
|switch|p2a: Houndoom|Houndoom, M|100/100
|turn|1
|
|t:|1758955649
|move|p2a: Houndoom|Sucker Punch||[still]
|-fail|p2a: Houndoom
|move|p1a: Dragapult|Thunder Wave|p2a: Houndoom
|-status|p2a: Houndoom|par
|
|upkeep
|turn|2
|
|t:|1758955659
|switch|p1a: Garganacl|Garganacl, M|100/100
|move|p2a: Houndoom|Sucker Punch||[still]
|-fail|p2a: Houndoom
|
|upkeep
|turn|3
|
|t:|1758955673
|switch|p2a: Mew|Mew|100/100
|move|p1a: Garganacl|Curse|p1a: Garganacl
|-unboost|p1a: Garganacl|spe|1
|-boost|p1a: Garganacl|atk|1
|-boost|p1a: Garganacl|def|1
|
|upkeep
|turn|4
|
|t:|1758955682
|move|p1a: Garganacl|Salt Cure|p2a: Mew
|-damage|p2a: Mew|79/100
|-start|p2a: Mew|Salt Cure
|move|p2a: Mew|Dragon Tail|p1a: Garganacl
|-damage|p1a: Garganacl|96/100
|drag|p1a: Quaquaval|Quaquaval, F|100/100
|
|-damage|p2a: Mew|66/100|[from] Salt Cure
|upkeep
|turn|5
|
|t:|1758955694
|switch|p1a: Garganacl|Garganacl, M|96/100
|move|p2a: Mew|Thunder Wave|p1a: Garganacl
|-immune|p1a: Garganacl|[from] ability: Purifying Salt
|
|-heal|p1a: Garganacl|100/100|[from] item: Leftovers
|-damage|p2a: Mew|54/100|[from] Salt Cure
|upkeep
|turn|6
|
|t:|1758955704
|move|p2a: Mew|Stealth Rock|p1a: Garganacl
|-sidestart|p1: Avl2121|move: Stealth Rock
|move|p1a: Garganacl|Salt Cure|p2a: Mew
|-damage|p2a: Mew|40/100
|
|-damage|p2a: Mew|28/100|[from] Salt Cure
|upkeep
|turn|7
|
|t:|1758955713
|move|p1a: Garganacl|Salt Cure|p2a: Mew
|-damage|p2a: Mew|14/100
|move|p2a: Mew|Dragon Tail|p1a: Garganacl
|-damage|p1a: Garganacl|94/100
|drag|p1a: Revavroom|Revavroom, M|100/100
|-damage|p1a: Revavroom|95/100|[from] Stealth Rock
|
|-heal|p1a: Revavroom|100/100|[from] item: Leftovers
|-damage|p2a: Mew|1/100|[from] Salt Cure
|upkeep
|turn|8
|
|t:|1758955727
|move|p2a: Mew|Thunder Wave|p1a: Revavroom
|-status|p1a: Revavroom|par
|cant|p1a: Revavroom|par
|
|-damage|p2a: Mew|0 fnt|[from] Salt Cure
|faint|p2a: Mew
|upkeep
|inactive|Keivankov237 has 120 seconds left.
|
|t:|1758955753
|switch|p2a: Salamence|Salamence, F|100/100
|turn|9
|
|t:|1758955759
|move|p2a: Salamence|Dragon Dance|p2a: Salamence
|-boost|p2a: Salamence|atk|1
|-boost|p2a: Salamence|spe|1
|cant|p1a: Revavroom|par
|
|upkeep
|turn|10
|
|t:|1758955765
|move|p2a: Salamence|Earthquake|p1a: Revavroom
|-supereffective|p1a: Revavroom
|-damage|p1a: Revavroom|0 fnt
|faint|p1a: Revavroom
|-ability|p2a: Salamence|Moxie|boost
|-boost|p2a: Salamence|atk|1
|
|upkeep
|
|t:|1758955772
|switch|p1a: Inteleon|Inteleon, F|100/100
|-damage|p1a: Inteleon|88/100|[from] Stealth Rock
|turn|11
|
|t:|1758955777
|-terastallize|p2a: Salamence|Ice
|move|p2a: Salamence|Earthquake|p1a: Inteleon
|-damage|p1a: Inteleon|0 fnt
|faint|p1a: Inteleon
|-ability|p2a: Salamence|Moxie|boost
|-boost|p2a: Salamence|atk|1
|
|upkeep
|
|t:|1758955784
|switch|p1a: Dragapult|Dragapult, M|100/100
|-damage|p1a: Dragapult|88/100|[from] Stealth Rock
|turn|12
|
|t:|1758955791
|-terastallize|p1a: Dragapult|Steel
|move|p2a: Salamence|Earthquake|p1a: Dragapult
|-supereffective|p1a: Dragapult
|-damage|p1a: Dragapult|0 fnt
|faint|p1a: Dragapult
|-ability|p2a: Salamence|Moxie|boost
|-boost|p2a: Salamence|atk|1
|
|upkeep
|
|t:|1758955793
|switch|p1a: Garganacl|Garganacl, M|94/100
|-damage|p1a: Garganacl|81/100|[from] Stealth Rock
|turn|13
|
|t:|1758955803
|move|p2a: Salamence|Iron Head|p1a: Garganacl
|-supereffective|p1a: Garganacl
|-damage|p1a: Garganacl|0 fnt
|faint|p1a: Garganacl
|-ability|p2a: Salamence|Moxie|boost
|-boost|p2a: Salamence|atk|1
|
|upkeep
|l|☆Avl2121
|inactive|Avl2121 disconnected and has a minute to reconnect!
|player|p1|
|inactive|Avl2121 has 30 seconds to reconnect!
|inactive|Avl2121 has 20 seconds to reconnect!
|inactive|Avl2121 has 15 seconds to reconnect!
|inactive|Avl2121 has 10 seconds to reconnect!
|inactive|Avl2121 has 5 seconds to reconnect!
|-message|Avl2121 lost due to inactivity.
|
|win|Keivankov237
|raw|Avl2121's rating: 1144 &rarr; <strong>1120</strong><br />(-24 for losing)
|raw|Keivankov237's rating: 1154 &rarr; <strong>1178</strong><br />(+24 for winning)
|l|☆Keivankov237
|player|p2|
|j|☆Avl2121
|player|p1|Avl2121|dragontamer|
|l|☆Avl2121
|player|p1|
