|j|☆LoCoGuyXD
|j|☆Sister of a down
|t:|1758997771
|gametype|singles
|player|p1|LoCoGuyXD|backpacker|1234
|player|p2|Sister of a down|169|1191
|gen|9
|tier|[Gen 9] OU
|rated|
|rule|HP Percentage Mod: HP is shown in percentages
|rule|Endless Battle Clause: Forcing endless battles is banned
|rule|Species Clause: Limit one of each Pokémon
|rule|OHKO Clause: OHKO moves are banned
|rule|Evasion Items Clause: Evasion items are banned
|rule|Evasion Moves Clause: Evasion moves are banned
|rule|Evasion Abilities Clause: Evasion abilities are banned
|rule|Sleep Moves Clause: Sleep-inducing moves are banned
|clearpoke
|poke|p1|Typhlosion, M|
|poke|p1|Lilligant-Hisui, F|
|poke|p1|Hatterene, F|
|poke|p1|Torkoal, M|
|poke|p1|Corviknight, M|
|poke|p1|Walking Wake|
|poke|p2|Gliscor, F|
|poke|p2|Great Tusk|
|poke|p2|Ceruledge, M|
|poke|p2|Primarina, F|
|poke|p2|Dragonite, M|
|poke|p2|Corviknight, F|
|teampreview
|inactive|Battle timer is ON: inactive players will automatically lose when time's up. (requested by LoCoGuyXD)
|
|t:|1758997781
|teamsize|p1|6
|teamsize|p2|6
|start
|switch|p1a: Lilligant|Lilligant-Hisui, F|100/100
|switch|p2a: Dragonite|Dragonite, M|100/100
|turn|1
|
|t:|1758997788
|move|p1a: Lilligant|Triple Axel|p2a: Dragonite
|-supereffective|p2a: Dragonite
|-damage|p2a: Dragonite|81/100
|-damage|p1a: Lilligant|84/100|[from] item: Rocky Helmet|[of] p2a: Dragonite
|-supereffective|p2a: Dragonite
|-damage|p2a: Dragonite|0 fnt
|-damage|p1a: Lilligant|68/100|[from] item: Rocky Helmet|[of] p2a: Dragonite
|faint|p2a: Dragonite
|-hitcount|p2: Dragonite|2
|-damage|p1a: Lilligant|58/100|[from] item: Life Orb
|
|upkeep
|
|t:|1758997801
|switch|p2a: Ceruledge|Ceruledge, M|100/100
|turn|2
|
|t:|1758997809
|switch|p1a: Torkoal|Torkoal, M|100/100
|-weather|SunnyDay|[from] ability: Drought|[of] p1a: Torkoal
|move|p2a: Ceruledge|Poltergeist|p1a: Torkoal
|-activate|p1a: Torkoal|move: Poltergeist|Heat Rock
|-damage|p1a: Torkoal|53/100
|
|-weather|SunnyDay|[upkeep]
|upkeep
|turn|3
|
|t:|1758997823
|switch|p1a: Corviknight|Corviknight, M|100/100
|move|p2a: Ceruledge|Poltergeist|p1a: Corviknight|[miss]
|-miss|p2a: Ceruledge|p1a: Corviknight
|
|-weather|SunnyDay|[upkeep]
|upkeep
|turn|4
|
|t:|1758997834
|switch|p2a: Corviknight|Corviknight, F|100/100
|switch|p1a: Typhlosion|Typhlosion, M|100/100
|
|-weather|SunnyDay|[upkeep]
|upkeep
|turn|5
|
|t:|1758997843
|switch|p2a: Ceruledge|Ceruledge, M|100/100
|move|p1a: Typhlosion|Flame Charge|p2a: Ceruledge
|-start|p2a: Ceruledge|ability: Flash Fire
|
|-weather|SunnyDay|[upkeep]
|upkeep
|turn|6
|
|t:|1758997857
|move|p1a: Typhlosion|Earthquake|p2a: Ceruledge
|-supereffective|p2a: Ceruledge
|-damage|p2a: Ceruledge|18/100
|move|p2a: Ceruledge|Poltergeist|p1a: Typhlosion|[miss]
|-miss|p2a: Ceruledge|p1a: Typhlosion
|
|-weather|SunnyDay|[upkeep]
|upkeep
|turn|7
|
|t:|1758997867
|-end|p2a: Ceruledge|ability: Flash Fire|[silent]
|switch|p2a: Gliscor|Gliscor, F|100/100
|move|p1a: Typhlosion|Earthquake|p2a: Gliscor
|-immune|p2a: Gliscor
|
|-weather|SunnyDay|[upkeep]
|-status|p2a: Gliscor|tox|[from] item: Toxic Orb
|upkeep
|turn|8
|
|t:|1758997882
|switch|p1a: Hatterene|Hatterene, F|100/100
|move|p2a: Gliscor|Toxic|p1a: Hatterene
|move|p1a: Hatterene|Toxic|p2a: Gliscor|[from] ability: Magic Bounce
|-fail|p2a: Gliscor|tox
|
|-weather|SunnyDay|[upkeep]
|upkeep
|turn|9
|
|t:|1758997894
|switch|p2a: Corviknight|Corviknight, F|100/100
|move|p1a: Hatterene|Calm Mind|p1a: Hatterene
|-boost|p1a: Hatterene|spa|1
|-boost|p1a: Hatterene|spd|1
|
|-weather|none
|upkeep
|turn|10
|
|t:|1758997902
|move|p2a: Corviknight|Iron Defense|p2a: Corviknight
|-boost|p2a: Corviknight|def|2
|move|p1a: Hatterene|Mystical Fire|p2a: Corviknight
|-supereffective|p2a: Corviknight
|-damage|p2a: Corviknight|48/100
|-ability|p2a: Corviknight|Mirror Armor
|-unboost|p1a: Hatterene|spa|1
|
|upkeep
|turn|11
|
|t:|1758997914
|move|p2a: Corviknight|Brave Bird|p1a: Hatterene
|-damage|p1a: Hatterene|67/100
|-damage|p2a: Corviknight|37/100|[from] Recoil
|move|p1a: Hatterene|Calm Mind|p1a: Hatterene
|-boost|p1a: Hatterene|spa|1
|-boost|p1a: Hatterene|spd|1
|
|-heal|p1a: Hatterene|73/100|[from] item: Leftovers
|upkeep
|turn|12
|
|t:|1758997924
|move|p2a: Corviknight|Brave Bird|p1a: Hatterene
|-damage|p1a: Hatterene|41/100
|-damage|p2a: Corviknight|27/100|[from] Recoil
|move|p1a: Hatterene|Calm Mind|p1a: Hatterene
|-boost|p1a: Hatterene|spa|1
|-boost|p1a: Hatterene|spd|1
|
|-heal|p1a: Hatterene|47/100|[from] item: Leftovers
|upkeep
|turn|13
|
|t:|1758997934
|move|p2a: Corviknight|Brave Bird|p1a: Hatterene
|-damage|p1a: Hatterene|17/100
|-damage|p2a: Corviknight|18/100|[from] Recoil
|move|p1a: Hatterene|Mystical Fire|p2a: Corviknight
|-supereffective|p2a: Corviknight
|-damage|p2a: Corviknight|0 fnt
|faint|p2a: Corviknight
|
|-heal|p1a: Hatterene|23/100|[from] item: Leftovers
|upkeep
|
|t:|1758997945
|switch|p2a: Ceruledge|Ceruledge, M|18/100
|turn|14
|
|t:|1758997949
|move|p2a: Ceruledge|Bitter Blade|p1a: Hatterene
|-damage|p1a: Hatterene|0 fnt
|-heal|p2a: Ceruledge|31/100|[from] drain|[of] p1a: Hatterene
|faint|p1a: Hatterene
|
|upkeep
|
|t:|1758997962
|switch|p1a: Typhlosion|Typhlosion, M|100/100
|turn|15
|
|t:|1758997972
|switch|p1a: Torkoal|Torkoal, M|53/100
|-weather|SunnyDay|[from] ability: Drought|[of] p1a: Torkoal
|switch|p2a: Gliscor|Gliscor, F|100/100 tox
|
|-weather|SunnyDay|[upkeep]
|upkeep
|turn|16
|
|t:|1758997983
|switch|p1a: Corviknight|Corviknight, M|100/100
|move|p2a: Gliscor|Earthquake|p1a: Corviknight
|-immune|p1a: Corviknight
|
|-weather|SunnyDay|[upkeep]
|upkeep
|turn|17
|
|t:|1758997994
|switch|p2a: Ceruledge|Ceruledge, M|31/100
|move|p1a: Corviknight|U-turn|p2a: Ceruledge
|-resisted|p2a: Ceruledge
|-damage|p2a: Ceruledge|26/100
|
|t:|1758998000
|switch|p1a: Lilligant|Lilligant-Hisui, F|58/100|[from] U-turn
|
|-weather|SunnyDay|[upkeep]
|upkeep
|turn|18
|
|t:|1758998015
|move|p1a: Lilligant|Solar Blade||[still]
|-prepare|p1a: Lilligant|Solar Blade
|-anim|p1a: Lilligant|Solar Blade|p2a: Ceruledge
|-resisted|p2a: Ceruledge
|-damage|p2a: Ceruledge|0 fnt
|faint|p2a: Ceruledge
|-damage|p1a: Lilligant|48/100|[from] item: Life Orb
|
|-weather|SunnyDay|[upkeep]
|upkeep
|
|t:|1758998021
|switch|p2a: Gliscor|Gliscor, F|100/100 tox
|turn|19
|
|t:|1758998025
|move|p1a: Lilligant|Triple Axel|p2a: Gliscor
|-supereffective|p2a: Gliscor
|-damage|p2a: Gliscor|76/100 tox
|-supereffective|p2a: Gliscor
|-damage|p2a: Gliscor|30/100 tox
|-supereffective|p2a: Gliscor
|-damage|p2a: Gliscor|0 fnt
|faint|p2a: Gliscor
|-hitcount|p2: Gliscor|3
|-damage|p1a: Lilligant|38/100|[from] item: Life Orb
|
|-weather|SunnyDay|[upkeep]
|upkeep
|
|t:|1758998036
|switch|p2a: Primarina|Primarina, F|100/100
|turn|20
|
|t:|1758998040
|move|p1a: Lilligant|Solar Blade||[still]
|-prepare|p1a: Lilligant|Solar Blade
|-anim|p1a: Lilligant|Solar Blade|p2a: Primarina
|-supereffective|p2a: Primarina
|-damage|p2a: Primarina|0 fnt
|faint|p2a: Primarina
|-damage|p1a: Lilligant|28/100|[from] item: Life Orb
|
|-weather|SunnyDay|[upkeep]
|upkeep
|
|t:|1758998044
|switch|p2a: Great Tusk|Great Tusk|100/100
|-activate|p2a: Great Tusk|ability: Protosynthesis
|-start|p2a: Great Tusk|protosynthesisatk
|turn|21
|
|t:|1758998052
|-terastallize|p2a: Great Tusk|Steel
|move|p1a: Lilligant|Solar Blade||[still]
|-prepare|p1a: Lilligant|Solar Blade
|-anim|p1a: Lilligant|Solar Blade|p2a: Great Tusk
|-resisted|p2a: Great Tusk
|-damage|p2a: Great Tusk|70/100
|-damage|p1a: Lilligant|18/100|[from] item: Life Orb
|move|p2a: Great Tusk|Ice Spinner|p1a: Lilligant
|-supereffective|p1a: Lilligant
|-damage|p1a: Lilligant|0 fnt
|faint|p1a: Lilligant
|
|-weather|SunnyDay|[upkeep]
|upkeep
|
|t:|1758998068
|switch|p1a: Typhlosion|Typhlosion, M|100/100
|turn|22
|
|t:|1758998081
|-terastallize|p1a: Typhlosion|Fire
|move|p2a: Great Tusk|Headlong Rush|p1a: Typhlosion
|-supereffective|p1a: Typhlosion
|-damage|p1a: Typhlosion|0 fnt
|-unboost|p2a: Great Tusk|def|1
|-unboost|p2a: Great Tusk|spd|1
|faint|p1a: Typhlosion
|
|-weather|none
|-end|p2a: Great Tusk|Protosynthesis
|upkeep
|-enditem|p2a: Great Tusk|Booster Energy
|-activate|p2a: Great Tusk|ability: Protosynthesis|[fromitem]
|-start|p2a: Great Tusk|protosynthesisatk
|
|t:|1758998099
|switch|p1a: Walking Wake|Walking Wake|100/100
|turn|23
|
|t:|1758998104
|move|p1a: Walking Wake|Flamethrower|p2a: Great Tusk
|-supereffective|p2a: Great Tusk
|-damage|p2a: Great Tusk|0 fnt
|faint|p2a: Great Tusk
|-end|p2a: Great Tusk|Protosynthesis|[silent]
|
|win|LoCoGuyXD
|raw|LoCoGuyXD's rating: 1234 &rarr; <strong>1256</strong><br />(+22 for winning)
|raw|Sister of a down's rating: 1191 &rarr; <strong>1169</strong><br />(-22 for losing)
|l|☆Sister of a down
|player|p2|
|l|☆LoCoGuyXD
|player|p1|
