|j|☆Aethersome
|j|☆Sungrace
|t:|1759053210
|gametype|singles
|player|p1|Aethersome|nate|1270
|player|p2|Sungrace|swimmerf-gen4|1233
|gen|9
|tier|[Gen 9] OU
|rated|
|rule|HP Percentage Mod: HP is shown in percentages
|rule|Endless Battle Clause: Forcing endless battles is banned
|rule|Species Clause: Limit one of each Pokémon
|rule|OHKO Clause: OHKO moves are banned
|rule|Evasion Items Clause: Evasion items are banned
|rule|Evasion Moves Clause: Evasion moves are banned
|rule|Evasion Abilities Clause: Evasion abilities are banned
|rule|Sleep Moves Clause: Sleep-inducing moves are banned
|clearpoke
|poke|p1|Torkoal, M|
|poke|p1|Great Tusk|
|poke|p1|Hatterene, F|
|poke|p1|Charizard, M|
|poke|p1|Slither Wing|
|poke|p1|Walking Wake|
|poke|p2|Florges-Yellow, F|
|poke|p2|Araquanid, F|
|poke|p2|Great Tusk|
|poke|p2|Dragapult, F|
|poke|p2|Weezing-Galar, F|
|poke|p2|Zapdos|
|teampreview
|inactive|Battle timer is ON: inactive players will automatically lose when time's up. (requested by Aethersome)
|
|t:|1759053233
|teamsize|p1|6
|teamsize|p2|6
|start
|switch|p1a: Torkoal|Torkoal, M|100/100
|switch|p2a: Weezing|Weezing-Galar, F, shiny|100/100
|-ability|p2a: Weezing|Neutralizing Gas
|turn|1
|
|t:|1759053241
|move|p2a: Weezing|Sludge Bomb|p1a: Torkoal
|-damage|p1a: Torkoal|63/100
|move|p1a: Torkoal|Stealth Rock|p2a: Weezing
|-sidestart|p2: Sungrace|move: Stealth Rock
|
|upkeep
|turn|2
|
|t:|1759053252
|switch|p1a: Great Tusk|Great Tusk|100/100
|move|p2a: Weezing|Sludge Bomb|p1a: Great Tusk
|-resisted|p1a: Great Tusk
|-damage|p1a: Great Tusk|79/100
|
|upkeep
|turn|3
|
|t:|1759053260
|-end|p1a: Great Tusk|Protosynthesis|[silent]
|switch|p1a: Torkoal|Torkoal, M|63/100
|-terastallize|p2a: Weezing|Flying
|move|p2a: Weezing|Defog|p1a: Torkoal
|-unboost|p1a: Torkoal|evasion|1
|-sideend|p2: Sungrace|Stealth Rock|[from] move: Defog|[of] p2a: Weezing
|
|upkeep
|turn|4
|
|t:|1759053268
|switch|p1a: Walking Wake|Walking Wake|100/100
|move|p2a: Weezing|Sludge Bomb|p1a: Walking Wake
|-damage|p1a: Walking Wake|66/100
|-status|p1a: Walking Wake|psn
|
|-damage|p1a: Walking Wake|54/100 psn|[from] psn
|upkeep
|turn|5
|
|t:|1759053274
|-end|p2a: Weezing|ability: Neutralizing Gas
|switch|p2a: Surskit-Alola|Araquanid, F, shiny|100/100
|move|p1a: Walking Wake|Draco Meteor|p2a: Surskit-Alola
|-damage|p2a: Surskit-Alola|24/100
|-unboost|p1a: Walking Wake|spa|2
|
|-damage|p1a: Walking Wake|42/100 psn|[from] psn
|upkeep
|turn|6
|-enditem|p2a: Surskit-Alola|Custap Berry|[eat]
|-activate|p2a: Surskit-Alola|item: Custap Berry|[consumed]
|
|t:|1759053281
|-end|p1a: Walking Wake|Protosynthesis|[silent]
|switch|p1a: Hatterene|Hatterene, F|100/100
|move|p2a: Surskit-Alola|Sticky Web|p1a: Hatterene
|move|p1a: Hatterene|Sticky Web|p2a: Surskit-Alola|[from] ability: Magic Bounce
|-sidestart|p2: Sungrace|move: Sticky Web
|
|upkeep
|turn|7
|
|t:|1759053287
|move|p2a: Surskit-Alola|Surf|p1a: Hatterene
|-damage|p1a: Hatterene|36/100
|-enditem|p1a: Hatterene|Eject Button
|
|t:|1759053292
|switch|p1a: Slither Wing|Slither Wing|100/100
|
|upkeep
|turn|8
|
|t:|1759053296
|move|p2a: Surskit-Alola|Endure|p2a: Surskit-Alola
|-singleturn|p2a: Surskit-Alola|move: Endure
|move|p1a: Slither Wing|First Impression|p2a: Surskit-Alola
|-activate|p2a: Surskit-Alola|move: Endure
|-damage|p2a: Surskit-Alola|1/100
|
|upkeep
|turn|9
|
|t:|1759053299
|move|p1a: Slither Wing|U-turn|p2a: Surskit-Alola
|-damage|p2a: Surskit-Alola|0 fnt
|faint|p2a: Surskit-Alola
|
|t:|1759053301
|-end|p1a: Slither Wing|Protosynthesis|[silent]
|switch|p1a: Torkoal|Torkoal, M|63/100|[from] U-turn
|-weather|SunnyDay|[from] ability: Drought|[of] p1a: Torkoal
|
|-weather|SunnyDay|[upkeep]
|upkeep
|
|t:|1759053305
|switch|p2a: Great Tusk|Great Tusk|100/100
|-activate|p2a: Great Tusk|ability: Protosynthesis
|-start|p2a: Great Tusk|protosynthesisatk
|turn|10
|
|t:|1759053310
|switch|p1a: Charizard|Charizard, M|100/100
|move|p2a: Great Tusk|Stealth Rock|p1a: Charizard
|-sidestart|p1: Aethersome|move: Stealth Rock
|
|-weather|SunnyDay|[upkeep]
|-damage|p1a: Charizard|88/100|[from] ability: Solar Power|[of] p1a: Charizard
|upkeep
|turn|11
|
|t:|1759053318
|move|p1a: Charizard|Weather Ball|p2a: Great Tusk
|-damage|p2a: Great Tusk|0 fnt
|faint|p2a: Great Tusk
|-end|p2a: Great Tusk|Protosynthesis|[silent]
|
|-weather|SunnyDay|[upkeep]
|-damage|p1a: Charizard|76/100|[from] ability: Solar Power|[of] p1a: Charizard
|upkeep
|
|t:|1759053324
|switch|p2a: Weezing|Weezing-Galar, F, shiny, tera:Flying|100/100
|-ability|p2a: Weezing|Neutralizing Gas
|turn|12
|
|t:|1759053328
|move|p1a: Charizard|Weather Ball|p2a: Weezing
|-damage|p2a: Weezing|0 fnt
|faint|p2a: Weezing
|-end|p2a: Weezing|ability: Neutralizing Gas
|
|-weather|SunnyDay|[upkeep]
|-damage|p1a: Charizard|63/100|[from] ability: Solar Power|[of] p1a: Charizard
|upkeep
|
|t:|1759053332
|switch|p2a: Dragapult|Dragapult, F, shiny|100/100
|turn|13
|
|t:|1759053336
|-terastallize|p1a: Charizard|Fire
|move|p1a: Charizard|Weather Ball|p2a: Dragapult
|-resisted|p2a: Dragapult
|-damage|p2a: Dragapult|0 fnt
|faint|p2a: Dragapult
|
|-weather|SunnyDay|[upkeep]
|-damage|p1a: Charizard|51/100|[from] ability: Solar Power|[of] p1a: Charizard
|upkeep
|
|t:|1759053344
|switch|p2a: Dawnbloom|Florges-Yellow, F, shiny|100/100
|-activate|p2a: Dawnbloom|move: Sticky Web
|-unboost|p2a: Dawnbloom|spe|1
|turn|14
|
|t:|1759053347
|move|p2a: Dawnbloom|Protect|p2a: Dawnbloom
|-singleturn|p2a: Dawnbloom|Protect
|move|p1a: Charizard|Weather Ball|p2a: Dawnbloom
|-activate|p2a: Dawnbloom|move: Protect
|
|-weather|SunnyDay|[upkeep]
|-damage|p1a: Charizard|38/100|[from] ability: Solar Power|[of] p1a: Charizard
|upkeep
|turn|15
|
|t:|1759053352
|move|p1a: Charizard|Weather Ball|p2a: Dawnbloom
|-damage|p2a: Dawnbloom|3/100
|move|p2a: Dawnbloom|Wish|p2a: Dawnbloom
|
|-weather|SunnyDay|[upkeep]
|-damage|p1a: Charizard|26/100|[from] ability: Solar Power|[of] p1a: Charizard
|-heal|p2a: Dawnbloom|9/100|[from] item: Leftovers
|upkeep
|turn|16
|
|t:|1759053358
|move|p2a: Dawnbloom|Protect|p2a: Dawnbloom
|-singleturn|p2a: Dawnbloom|Protect
|move|p1a: Charizard|Weather Ball|p2a: Dawnbloom
|-activate|p2a: Dawnbloom|move: Protect
|
|-weather|none
|-heal|p2a: Dawnbloom|59/100|[from] move: Wish|[wisher] Dawnbloom
|-heal|p2a: Dawnbloom|65/100|[from] item: Leftovers
|upkeep
|turn|17
|
|t:|1759053363
|switch|p1a: Great Tusk|Great Tusk|79/100
|-damage|p1a: Great Tusk|76/100|[from] Stealth Rock
|move|p2a: Dawnbloom|Wish|p2a: Dawnbloom
|
|-heal|p2a: Dawnbloom|72/100|[from] item: Leftovers
|upkeep
|turn|18
|
|t:|1759053366
|move|p1a: Great Tusk|Rapid Spin|p2a: Dawnbloom
|-damage|p2a: Dawnbloom|55/100
|-boost|p1a: Great Tusk|spe|1
|-sideend|p1: Aethersome|Stealth Rock|[from] move: Rapid Spin|[of] p1a: Great Tusk
|move|p2a: Dawnbloom|Calm Mind|p2a: Dawnbloom
|-boost|p2a: Dawnbloom|spa|1
|-boost|p2a: Dawnbloom|spd|1
|
|-heal|p2a: Dawnbloom|100/100|[from] move: Wish|[wisher] Dawnbloom
|upkeep
|turn|19
|
|t:|1759053370
|-end|p1a: Great Tusk|Protosynthesis|[silent]
|switch|p1a: Torkoal|Torkoal, M|63/100
|-weather|SunnyDay|[from] ability: Drought|[of] p1a: Torkoal
|move|p2a: Dawnbloom|Calm Mind|p2a: Dawnbloom
|-boost|p2a: Dawnbloom|spa|1
|-boost|p2a: Dawnbloom|spd|1
|
|-weather|SunnyDay|[upkeep]
|upkeep
|turn|20
|
|t:|1759053373
|move|p2a: Dawnbloom|Wish|p2a: Dawnbloom
|move|p1a: Torkoal|Clear Smog|p2a: Dawnbloom
|-supereffective|p2a: Dawnbloom
|-crit|p2a: Dawnbloom
|-damage|p2a: Dawnbloom|71/100
|-clearboost|p2a: Dawnbloom
|
|-weather|SunnyDay|[upkeep]
|-heal|p2a: Dawnbloom|77/100|[from] item: Leftovers
|upkeep
|turn|21
|
|t:|1759053379
|move|p2a: Dawnbloom|Calm Mind|p2a: Dawnbloom
|-boost|p2a: Dawnbloom|spa|1
|-boost|p2a: Dawnbloom|spd|1
|move|p1a: Torkoal|Stealth Rock|p2a: Dawnbloom
|-sidestart|p2: Sungrace|move: Stealth Rock
|
|-weather|SunnyDay|[upkeep]
|-heal|p2a: Dawnbloom|100/100|[from] move: Wish|[wisher] Dawnbloom
|upkeep
|turn|22
|
|t:|1759053381
|move|p2a: Dawnbloom|Moonblast|p1a: Torkoal
|-resisted|p1a: Torkoal
|-damage|p1a: Torkoal|23/100
|move|p1a: Torkoal|Clear Smog|p2a: Dawnbloom
|-supereffective|p2a: Dawnbloom
|-damage|p2a: Dawnbloom|86/100
|-clearboost|p2a: Dawnbloom
|
|-weather|SunnyDay|[upkeep]
|-heal|p2a: Dawnbloom|92/100|[from] item: Leftovers
|upkeep
|turn|23
|
|t:|1759053389
|switch|p1a: Hatterene|Hatterene, F|36/100
|move|p2a: Dawnbloom|Calm Mind|p2a: Dawnbloom
|-boost|p2a: Dawnbloom|spa|1
|-boost|p2a: Dawnbloom|spd|1
|
|-weather|SunnyDay|[upkeep]
|-heal|p2a: Dawnbloom|99/100|[from] item: Leftovers
|upkeep
|turn|24
|
|t:|1759053392
|move|p2a: Dawnbloom|Protect|p2a: Dawnbloom
|-singleturn|p2a: Dawnbloom|Protect
|move|p1a: Hatterene|Calm Mind|p1a: Hatterene
|-boost|p1a: Hatterene|spa|1
|-boost|p1a: Hatterene|spd|1
|
|-weather|SunnyDay|[upkeep]
|-heal|p2a: Dawnbloom|100/100|[from] item: Leftovers
|upkeep
|turn|25
|
|t:|1759053397
|move|p2a: Dawnbloom|Moonblast|p1a: Hatterene
|-damage|p1a: Hatterene|0 fnt
|faint|p1a: Hatterene
|
|-weather|SunnyDay|[upkeep]
|upkeep
|
|t:|1759053410
|switch|p1a: Great Tusk|Great Tusk|76/100
|-activate|p1a: Great Tusk|ability: Protosynthesis
|-start|p1a: Great Tusk|protosynthesisatk
|turn|26
|
|t:|1759053413
|move|p2a: Dawnbloom|Protect|p2a: Dawnbloom
|-singleturn|p2a: Dawnbloom|Protect
|move|p1a: Great Tusk|Headlong Rush|p2a: Dawnbloom
|-activate|p2a: Dawnbloom|move: Protect
|
|-weather|none
|-end|p1a: Great Tusk|Protosynthesis
|upkeep
|turn|27
|
|t:|1759053417
|move|p1a: Great Tusk|Headlong Rush|p2a: Dawnbloom
|-damage|p2a: Dawnbloom|38/100
|-unboost|p1a: Great Tusk|def|1
|-unboost|p1a: Great Tusk|spd|1
|move|p2a: Dawnbloom|Moonblast|p1a: Great Tusk
|-supereffective|p1a: Great Tusk
|-damage|p1a: Great Tusk|0 fnt
|faint|p1a: Great Tusk
|-end|p1a: Great Tusk|Protosynthesis|[silent]
|
|-heal|p2a: Dawnbloom|44/100|[from] item: Leftovers
|upkeep
|
|t:|1759053423
|switch|p1a: Slither Wing|Slither Wing|100/100
|turn|28
|
|t:|1759053429
|move|p2a: Dawnbloom|Protect|p2a: Dawnbloom
|-singleturn|p2a: Dawnbloom|Protect
|move|p1a: Slither Wing|First Impression|p2a: Dawnbloom
|-activate|p2a: Dawnbloom|move: Protect
|
|-heal|p2a: Dawnbloom|50/100|[from] item: Leftovers
|upkeep
|turn|29
|
|t:|1759053433
|move|p2a: Dawnbloom|Wish|p2a: Dawnbloom
|move|p1a: Slither Wing|U-turn|p2a: Dawnbloom
|-resisted|p2a: Dawnbloom
|-damage|p2a: Dawnbloom|31/100
|
|t:|1759053436
|-end|p1a: Slither Wing|Protosynthesis|[silent]
|switch|p1a: Torkoal|Torkoal, M|23/100|[from] U-turn
|-weather|SunnyDay|[from] ability: Drought|[of] p1a: Torkoal
|
|-weather|SunnyDay|[upkeep]
|-heal|p2a: Dawnbloom|38/100|[from] item: Leftovers
|upkeep
|turn|30
|
|t:|1759053441
|move|p2a: Dawnbloom|Moonblast|p1a: Torkoal
|-resisted|p1a: Torkoal
|-damage|p1a: Torkoal|0 fnt
|faint|p1a: Torkoal
|
|-weather|SunnyDay|[upkeep]
|-heal|p2a: Dawnbloom|88/100|[from] move: Wish|[wisher] Dawnbloom
|-heal|p2a: Dawnbloom|94/100|[from] item: Leftovers
|upkeep
|
|t:|1759053450
|switch|p1a: Charizard|Charizard, M, tera:Fire|26/100
|turn|31
|
|t:|1759053457
|move|p2a: Dawnbloom|Protect|p2a: Dawnbloom
|-singleturn|p2a: Dawnbloom|Protect
|move|p1a: Charizard|Weather Ball|p2a: Dawnbloom
|-activate|p2a: Dawnbloom|move: Protect
|
|-weather|SunnyDay|[upkeep]
|-damage|p1a: Charizard|13/100|[from] ability: Solar Power|[of] p1a: Charizard
|-heal|p2a: Dawnbloom|99/100|[from] item: Leftovers
|upkeep
|turn|32
|
|t:|1759053461
|move|p1a: Charizard|Weather Ball|p2a: Dawnbloom
|-damage|p2a: Dawnbloom|23/100
|move|p2a: Dawnbloom|Wish|p2a: Dawnbloom
|
|-weather|SunnyDay|[upkeep]
|-damage|p1a: Charizard|1/100|[from] ability: Solar Power|[of] p1a: Charizard
|-heal|p2a: Dawnbloom|30/100|[from] item: Leftovers
|upkeep
|turn|33
|
|t:|1759053480
|switch|p1a: Slither Wing|Slither Wing|100/100
|-activate|p1a: Slither Wing|ability: Protosynthesis
|-start|p1a: Slither Wing|protosynthesisatk
|move|p2a: Dawnbloom|Protect||[still]
|-fail|p2a: Dawnbloom
|
|-weather|SunnyDay|[upkeep]
|-heal|p2a: Dawnbloom|80/100|[from] move: Wish|[wisher] Dawnbloom
|-heal|p2a: Dawnbloom|86/100|[from] item: Leftovers
|upkeep
|turn|34
|
|t:|1759053486
|move|p2a: Dawnbloom|Protect|p2a: Dawnbloom
|-singleturn|p2a: Dawnbloom|Protect
|move|p1a: Slither Wing|First Impression|p2a: Dawnbloom
|-activate|p2a: Dawnbloom|move: Protect
|
|-weather|SunnyDay|[upkeep]
|-heal|p2a: Dawnbloom|92/100|[from] item: Leftovers
|upkeep
|turn|35
|
|t:|1759053492
|move|p2a: Dawnbloom|Wish|p2a: Dawnbloom
|move|p1a: Slither Wing|U-turn|p2a: Dawnbloom
|-resisted|p2a: Dawnbloom
|-damage|p2a: Dawnbloom|67/100
|
|t:|1759053493
|-end|p1a: Slither Wing|Protosynthesis|[silent]
|switch|p1a: Walking Wake|Walking Wake|42/100 psn|[from] U-turn
|-activate|p1a: Walking Wake|ability: Protosynthesis
|-start|p1a: Walking Wake|protosynthesisspe
|
|-weather|SunnyDay|[upkeep]
|-heal|p2a: Dawnbloom|73/100|[from] item: Leftovers
|-damage|p1a: Walking Wake|29/100 psn|[from] psn
|upkeep
|turn|36
|
|t:|1759053497
|move|p2a: Dawnbloom|Protect|p2a: Dawnbloom
|-singleturn|p2a: Dawnbloom|Protect
|move|p1a: Walking Wake|Hydro Steam|p2a: Dawnbloom
|-activate|p2a: Dawnbloom|move: Protect
|
|-weather|none
|-end|p1a: Walking Wake|Protosynthesis
|-heal|p2a: Dawnbloom|100/100|[from] move: Wish|[wisher] Dawnbloom
|-damage|p1a: Walking Wake|17/100 psn|[from] psn
|upkeep
|turn|37
|
|t:|1759053503
|move|p1a: Walking Wake|Hydro Steam|p2a: Dawnbloom
|-damage|p2a: Dawnbloom|73/100
|move|p2a: Dawnbloom|Wish|p2a: Dawnbloom
|
|-heal|p2a: Dawnbloom|80/100|[from] item: Leftovers
|-damage|p1a: Walking Wake|5/100 psn|[from] psn
|upkeep
|turn|38
|-message|Aethersome forfeited.
|
|win|Sungrace
|raw|Aethersome's rating: 1270 &rarr; <strong>1242</strong><br />(-28 for losing)
|raw|Sungrace's rating: 1233 &rarr; <strong>1261</strong><br />(+28 for winning)
|l|☆Aethersome
|player|p1|
|l|☆Sungrace
|player|p2|
