|j|☆Lonege
|j|☆123ebolaman
|t:|1759052825
|gametype|singles
|player|p1|Lonege|170|1630
|player|p2|123ebolaman|blackbelt-gen4dp|1634
|gen|9
|tier|[Gen 9] OU
|rated|
|rule|HP Percentage Mod: HP is shown in percentages
|rule|Endless Battle Clause: Forcing endless battles is banned
|rule|Species Clause: Limit one of each Pokémon
|rule|OHKO Clause: OHKO moves are banned
|rule|Evasion Items Clause: Evasion items are banned
|rule|Evasion Moves Clause: Evasion moves are banned
|rule|Evasion Abilities Clause: Evasion abilities are banned
|rule|Sleep Moves Clause: Sleep-inducing moves are banned
|clearpoke
|poke|p1|Hatterene, F|
|poke|p1|Clefable, M|
|poke|p1|Garganacl, M|
|poke|p1|Clodsire, M|
|poke|p1|Dragonite, M|
|poke|p1|Talonflame, M|
|poke|p2|Ceruledge, F|
|poke|p2|Araquanid, M|
|poke|p2|Gholdengo|
|poke|p2|Great Tusk|
|poke|p2|Enamorus, F|
|poke|p2|Ursaluna, F|
|teampreview
|inactive|Battle timer is ON: inactive players will automatically lose when time's up. (requested by Lonege)
|
|t:|1759052885
|teamsize|p1|6
|teamsize|p2|6
|start
|switch|p1a: Clodsire|Clodsire, M|100/100
|switch|p2a: Ceruledge|Ceruledge, F|100/100
|turn|1
|
|t:|1759052908
|switch|p2a: Great Tusk|Great Tusk|100/100
|move|p1a: Clodsire|Poison Jab|p2a: Great Tusk
|-resisted|p2a: Great Tusk
|-damage|p2a: Great Tusk|95/100
|
|-heal|p2a: Great Tusk|100/100|[from] item: Leftovers
|upkeep
|turn|2
|
|t:|1759052919
|switch|p1a: Talonflame|Talonflame, M|100/100
|move|p2a: Great Tusk|Knock Off|p1a: Talonflame
|-damage|p1a: Talonflame|74/100
|-enditem|p1a: Talonflame|Heavy-Duty Boots|[from] move: Knock Off|[of] p2a: Great Tusk
|
|upkeep
|turn|3
|
|t:|1759052927
|-end|p2a: Great Tusk|Protosynthesis|[silent]
|switch|p2a: Ursaluna|Ursaluna, F|100/100
|move|p1a: Talonflame|Will-O-Wisp|p2a: Ursaluna
|-status|p2a: Ursaluna|brn
|
|-damage|p2a: Ursaluna|94/100 brn|[from] brn
|upkeep
|turn|4
|
|t:|1759052936
|move|p1a: Talonflame|U-turn|p2a: Ursaluna
|-damage|p2a: Ursaluna|83/100 brn
|
|t:|1759052946
|switch|p1a: Garganacl|Garganacl, M|100/100|[from] U-turn
|move|p2a: Ursaluna|Trailblaze|p1a: Garganacl
|-supereffective|p1a: Garganacl
|-damage|p1a: Garganacl|61/100
|-boost|p2a: Ursaluna|spe|1
|
|-heal|p1a: Garganacl|67/100|[from] item: Leftovers
|-damage|p2a: Ursaluna|76/100 brn|[from] brn
|upkeep
|turn|5
|
|t:|1759052962
|-terastallize|p1a: Garganacl|Ghost
|move|p2a: Ursaluna|Headlong Rush|p1a: Garganacl
|-damage|p1a: Garganacl|2/100
|-unboost|p2a: Ursaluna|def|1
|-unboost|p2a: Ursaluna|spd|1
|move|p1a: Garganacl|Recover|p1a: Garganacl
|-heal|p1a: Garganacl|52/100
|
|-heal|p1a: Garganacl|59/100|[from] item: Leftovers
|-damage|p2a: Ursaluna|70/100 brn|[from] brn
|upkeep
|turn|6
|
|t:|1759052983
|switch|p1a: Talonflame|Talonflame, M|74/100
|move|p2a: Ursaluna|Headlong Rush|p1a: Talonflame
|-immune|p1a: Talonflame
|
|-damage|p2a: Ursaluna|64/100 brn|[from] brn
|upkeep
|turn|7
|
|t:|1759053012
|switch|p2a: Great Tusk|Great Tusk|100/100
|move|p1a: Talonflame|U-turn|p2a: Great Tusk
|-resisted|p2a: Great Tusk
|-damage|p2a: Great Tusk|97/100
|
|t:|1759053020
|switch|p1a: Clefable|Clefable, M|100/100|[from] U-turn
|
|-heal|p2a: Great Tusk|100/100|[from] item: Leftovers
|upkeep
|turn|8
|
|t:|1759053028
|-end|p2a: Great Tusk|Protosynthesis|[silent]
|switch|p2a: Gholdengo|Gholdengo|100/100
|move|p1a: Clefable|Calm Mind|p1a: Clefable
|-boost|p1a: Clefable|spa|1
|-boost|p1a: Clefable|spd|1
|
|upkeep
|turn|9
|
|t:|1759053035
|move|p2a: Gholdengo|Nasty Plot|p2a: Gholdengo
|-boost|p2a: Gholdengo|spa|2
|move|p1a: Clefable|Flamethrower|p2a: Gholdengo
|-supereffective|p2a: Gholdengo
|-damage|p2a: Gholdengo|33/100
|
|-heal|p2a: Gholdengo|39/100|[from] item: Leftovers
|upkeep
|turn|10
|inactive|Lonege has 120 seconds left.
|
|t:|1759053065
|move|p2a: Gholdengo|Make It Rain|p1a: Clefable
|-supereffective|p1a: Clefable
|-damage|p1a: Clefable|0 fnt
|-unboost|p2a: Gholdengo|spa|1
|faint|p1a: Clefable
|
|-heal|p2a: Gholdengo|45/100|[from] item: Leftovers
|upkeep
|inactive|Lonege has 120 seconds left.
|
|t:|1759053075
|switch|p1a: Clodsire|Clodsire, M|100/100
|turn|11
|
|t:|1759053081
|move|p2a: Gholdengo|Psyshock|p1a: Clodsire
|-supereffective|p1a: Clodsire
|-damage|p1a: Clodsire|24/100
|move|p1a: Clodsire|Curse|p1a: Clodsire
|-unboost|p1a: Clodsire|spe|1
|-boost|p1a: Clodsire|atk|1
|-boost|p1a: Clodsire|def|1
|
|-heal|p2a: Gholdengo|51/100|[from] item: Leftovers
|-heal|p1a: Clodsire|30/100|[from] item: Leftovers
|upkeep
|turn|12
|-message|Lonege forfeited.
|
|win|123ebolaman
|raw|Lonege's rating: 1630 &rarr; <strong>1610</strong><br />(-20 for losing)
|raw|123ebolaman's rating: 1634 &rarr; <strong>1654</strong><br />(+20 for winning)
|l|☆Lonege
|player|p1|
|l|☆123ebolaman
|player|p2|
