|j|☆papi de quatro
|j|☆Dumodik
|t:|1759075037
|gametype|singles
|player|p1|papi de quatro|pokefan-gen4|1242
|player|p2|Dumodik|giovanni|1217
|gen|9
|tier|[Gen 9] OU
|rated|
|rule|HP Percentage Mod: HP is shown in percentages
|rule|Endless Battle Clause: Forcing endless battles is banned
|rule|Species Clause: Limit one of each Pokémon
|rule|OHKO Clause: OHKO moves are banned
|rule|Evasion Items Clause: Evasion items are banned
|rule|Evasion Moves Clause: Evasion moves are banned
|rule|Evasion Abilities Clause: Evasion abilities are banned
|rule|Sleep Moves Clause: Sleep-inducing moves are banned
|clearpoke
|poke|p1|Sylveon, F|
|poke|p1|Moltres|
|poke|p1|Glimmora, M|
|poke|p1|Dragapult, F|
|poke|p1|Great Tusk|
|poke|p1|Slowking-Galar, M|
|poke|p2|Hawlucha, M|
|poke|p2|Hatterene, F|
|poke|p2|Gholdengo|
|poke|p2|Ting-Lu|
|poke|p2|Great Tusk|
|poke|p2|Iron Valiant|
|teampreview
|inactive|Battle timer is ON: inactive players will automatically lose when time's up. (requested by Dumodik)
|
|t:|1759075065
|teamsize|p1|6
|teamsize|p2|6
|start
|switch|p1a: Glimmora|Glimmora, M, shiny|100/100
|switch|p2a: Ting-Lu|Ting-Lu|100/100
|-ability|p2a: Ting-Lu|Vessel of Ruin
|turn|1
|
|t:|1759075076
|switch|p1a: Slowking|Slowking-Galar, M, shiny|100/100
|switch|p2a: Hatterene|Hatterene, F|100/100
|
|upkeep
|turn|2
|
|t:|1759075086
|switch|p2a: Ting-Lu|Ting-Lu|100/100
|-ability|p2a: Ting-Lu|Vessel of Ruin
|move|p1a: Slowking|Future Sight|p2a: Ting-Lu
|-start|p1a: Slowking|move: Future Sight
|
|upkeep
|turn|3
|
|t:|1759075093
|move|p2a: Ting-Lu|Stealth Rock|p1a: Slowking
|-sidestart|p1: papi de quatro|move: Stealth Rock
|move|p1a: Slowking|Toxic|p2a: Ting-Lu
|-status|p2a: Ting-Lu|tox
|
|-damage|p2a: Ting-Lu|94/100 tox|[from] psn
|upkeep
|turn|4
|
|t:|1759075108
|switch|p1a: Great Tusk|Great Tusk, shiny|100/100
|move|p2a: Ting-Lu|Spikes|p1a: Great Tusk
|-sidestart|p1: papi de quatro|Spikes
|
|-end|p2a: Ting-Lu|move: Future Sight
|-immune|p2a: Ting-Lu
|-heal|p2a: Ting-Lu|100/100 tox|[from] item: Leftovers
|-damage|p2a: Ting-Lu|88/100 tox|[from] psn
|upkeep
|turn|5
|
|t:|1759075120
|switch|p2a: Gholdengo|Gholdengo|100/100
|-item|p2a: Gholdengo|Air Balloon
|move|p1a: Great Tusk|Ice Spinner|p2a: Gholdengo
|-resisted|p2a: Gholdengo
|-damage|p2a: Gholdengo|82/100
|-enditem|p2a: Gholdengo|Air Balloon
|
|upkeep
|turn|6
|
|t:|1759075129
|move|p2a: Gholdengo|Make It Rain|p1a: Great Tusk
|-damage|p1a: Great Tusk|19/100
|-unboost|p2a: Gholdengo|spa|1
|move|p1a: Great Tusk|Headlong Rush|p2a: Gholdengo
|-supereffective|p2a: Gholdengo
|-damage|p2a: Gholdengo|0 fnt
|-unboost|p1a: Great Tusk|def|1
|-unboost|p1a: Great Tusk|spd|1
|faint|p2a: Gholdengo
|
|upkeep
|
|t:|1759075139
|switch|p2a: Great Tusk|Great Tusk|100/100
|turn|7
|
|t:|1759075149
|-end|p1a: Great Tusk|Protosynthesis|[silent]
|switch|p1a: Moltres|Moltres, shiny|100/100
|move|p2a: Great Tusk|Knock Off|p1a: Moltres
|-damage|p1a: Moltres|78/100
|-enditem|p1a: Moltres|Heavy-Duty Boots|[from] move: Knock Off|[of] p2a: Great Tusk
|
|upkeep
|turn|8
|
|t:|1759075161
|-end|p2a: Great Tusk|Protosynthesis|[silent]
|switch|p2a: Ting-Lu|Ting-Lu|88/100 tox
|-ability|p2a: Ting-Lu|Vessel of Ruin
|move|p1a: Moltres|U-turn|p2a: Ting-Lu
|-supereffective|p2a: Ting-Lu
|-damage|p2a: Ting-Lu|72/100 tox
|
|t:|1759075168
|switch|p1a: Great Tusk|Great Tusk, shiny|19/100|[from] U-turn
|
|-heal|p2a: Ting-Lu|78/100 tox|[from] item: Leftovers
|-damage|p2a: Ting-Lu|72/100 tox|[from] psn
|upkeep
|turn|9
|
|t:|1759075184
|switch|p2a: Hatterene|Hatterene, F|100/100
|move|p1a: Great Tusk|Rapid Spin|p2a: Hatterene
|-damage|p2a: Hatterene|84/100
|-boost|p1a: Great Tusk|spe|1
|-sideend|p1: papi de quatro|Spikes|[from] move: Rapid Spin|[of] p1a: Great Tusk
|-sideend|p1: papi de quatro|Stealth Rock|[from] move: Rapid Spin|[of] p1a: Great Tusk
|
|-heal|p2a: Hatterene|90/100|[from] item: Leftovers
|upkeep
|turn|10
|
|t:|1759075198
|move|p1a: Great Tusk|Headlong Rush|p2a: Hatterene
|-damage|p2a: Hatterene|35/100
|-unboost|p1a: Great Tusk|def|1
|-unboost|p1a: Great Tusk|spd|1
|move|p2a: Hatterene|Psychic Terrain|p2a: Hatterene
|-fieldstart|move: Psychic Terrain
|
|-heal|p2a: Hatterene|41/100|[from] item: Leftovers
|upkeep
|turn|11
|
|t:|1759075214
|switch|p2a: Muchalucha|Hawlucha, M, shiny|100/100
|-enditem|p2a: Muchalucha|Psychic Seed
|-boost|p2a: Muchalucha|spd|1|[from] item: Psychic Seed
|move|p1a: Great Tusk|Ice Spinner|p2a: Muchalucha
|-supereffective|p2a: Muchalucha
|-damage|p2a: Muchalucha|20/100
|-fieldend|move: Psychic Terrain
|
|upkeep
|turn|12
|
|t:|1759075223
|move|p2a: Muchalucha|Acrobatics|p1a: Great Tusk
|-supereffective|p1a: Great Tusk
|-damage|p1a: Great Tusk|0 fnt
|faint|p1a: Great Tusk
|-end|p1a: Great Tusk|Protosynthesis|[silent]
|
|upkeep
|
|t:|1759075235
|switch|p1a: Sylveon|Sylveon, F, shiny|100/100
|turn|13
|
|t:|1759075241
|move|p2a: Muchalucha|Acrobatics|p1a: Sylveon
|-damage|p1a: Sylveon|35/100
|move|p1a: Sylveon|Curse|p1a: Sylveon
|-unboost|p1a: Sylveon|spe|1
|-boost|p1a: Sylveon|atk|1
|-boost|p1a: Sylveon|def|1
|
|-heal|p1a: Sylveon|41/100|[from] item: Leftovers
|upkeep
|turn|14
|
|t:|1759075252
|-terastallize|p1a: Sylveon|Fairy
|move|p1a: Sylveon|Quick Attack|p2a: Muchalucha
|-supereffective|p2a: Muchalucha
|-damage|p2a: Muchalucha|0 fnt
|faint|p2a: Muchalucha
|
|-heal|p1a: Sylveon|48/100|[from] item: Leftovers
|upkeep
|
|t:|1759075262
|switch|p2a: Iron Valiant|Iron Valiant|100/100
|turn|15
|
|t:|1759075271
|-terastallize|p2a: Iron Valiant|Steel
|move|p1a: Sylveon|Quick Attack|p2a: Iron Valiant
|-resisted|p2a: Iron Valiant
|-damage|p2a: Iron Valiant|78/100
|move|p2a: Iron Valiant|Moonblast|p1a: Sylveon
|-damage|p1a: Sylveon|8/100
|-damage|p2a: Iron Valiant|68/100|[from] item: Life Orb
|
|-heal|p1a: Sylveon|14/100|[from] item: Leftovers
|upkeep
|turn|16
|
|t:|1759075285
|switch|p1a: Slowking|Slowking-Galar, M, shiny|100/100
|move|p2a: Iron Valiant|Thunderbolt|p1a: Slowking
|-damage|p1a: Slowking|77/100
|-damage|p2a: Iron Valiant|58/100|[from] item: Life Orb
|
|upkeep
|turn|17
|
|t:|1759075293
|-end|p2a: Iron Valiant|Quark Drive|[silent]
|switch|p2a: Ting-Lu|Ting-Lu|72/100 tox
|-ability|p2a: Ting-Lu|Vessel of Ruin
|move|p1a: Slowking|Future Sight|p2a: Ting-Lu
|-start|p1a: Slowking|move: Future Sight
|
|-heal|p2a: Ting-Lu|78/100 tox|[from] item: Leftovers
|-damage|p2a: Ting-Lu|72/100 tox|[from] psn
|upkeep
|turn|18
|
|t:|1759075302
|move|p2a: Ting-Lu|Stealth Rock|p1a: Slowking
|-sidestart|p1: papi de quatro|move: Stealth Rock
|-prepare|p1a: Slowking|Chilly Reception|[premajor]
|move|p1a: Slowking|Chilly Reception|p1a: Slowking
|-weather|Snowscape
|
|t:|1759075308
|switch|p1a: Glimmora|Glimmora, M, shiny|100/100|[from] Chilly Reception
|-damage|p1a: Glimmora|88/100|[from] Stealth Rock
|
|-weather|Snowscape|[upkeep]
|-heal|p2a: Ting-Lu|78/100 tox|[from] item: Leftovers
|-damage|p2a: Ting-Lu|65/100 tox|[from] psn
|upkeep
|turn|19
|
|t:|1759075319
|switch|p2a: Hatterene|Hatterene, F|41/100
|move|p1a: Glimmora|Mortal Spin|p2a: Hatterene
|-supereffective|p2a: Hatterene
|-damage|p2a: Hatterene|30/100
|-status|p2a: Hatterene|psn
|-sideend|p1: papi de quatro|Stealth Rock|[from] move: Mortal Spin|[of] p1a: Glimmora
|
|-weather|Snowscape|[upkeep]
|-end|p2a: Hatterene|move: Future Sight
|-resisted|p2a: Hatterene
|-damage|p2a: Hatterene|7/100 psn
|-heal|p2a: Hatterene|13/100 psn|[from] item: Leftovers
|-damage|p2a: Hatterene|0 fnt|[from] psn
|faint|p2a: Hatterene
|upkeep
|-message|Dumodik forfeited.
|
|win|papi de quatro
|raw|papi de quatro's rating: 1242 &rarr; <strong>1265</strong><br />(+23 for winning)
|raw|Dumodik's rating: 1217 &rarr; <strong>1194</strong><br />(-23 for losing)
|l|☆Dumodik
|player|p2|
