|j|☆Testing679
|j|☆djalil le w7ch
|t:|1758943813
|gametype|singles
|player|p1|Testing679|brycenman|1461
|player|p2|djalil le w7ch|2|1552
|gen|9
|tier|[Gen 9] OU
|rated|
|rule|HP Percentage Mod: HP is shown in percentages
|rule|Endless Battle Clause: Forcing endless battles is banned
|rule|Species Clause: Limit one of each Pokémon
|rule|OHKO Clause: OHKO moves are banned
|rule|Evasion Items Clause: Evasion items are banned
|rule|Evasion Moves Clause: Evasion moves are banned
|rule|Evasion Abilities Clause: Evasion abilities are banned
|rule|Sleep Moves Clause: Sleep-inducing moves are banned
|clearpoke
|poke|p1|Iron Valiant|
|poke|p1|Ogerpon-Wellspring, F|
|poke|p1|Great Tusk|
|poke|p1|Heatran, M|
|poke|p1|Weavile, F|
|poke|p1|Clefable, F|
|poke|p2|Deoxys-Speed|
|poke|p2|Gholdengo|
|poke|p2|Iron Treads|
|poke|p2|Dragonite, F|
|poke|p2|Iron Moth|
|poke|p2|Samurott-Hisui, M|
|teampreview
|
|t:|1758943826
|teamsize|p1|6
|teamsize|p2|6
|start
|switch|p1a: Weavile|Weavile, F|100/100
|switch|p2a: Samurott|Samurott-Hisui, M|100/100
|-ability|p1a: Weavile|Pressure
|turn|1
|
|t:|1758943835
|move|p1a: Weavile|Low Kick|p2a: Samurott
|-supereffective|p2a: Samurott
|-enditem|p2a: Samurott|Focus Sash
|-damage|p2a: Samurott|1/100
|move|p2a: Samurott|Ceaseless Edge|p1a: Weavile
|-resisted|p1a: Weavile
|-damage|p1a: Weavile|62/100
|-sidestart|p1: Testing679|Spikes
|
|upkeep
|turn|2
|
|t:|1758943840
|move|p1a: Weavile|Low Kick|p2a: Samurott
|-supereffective|p2a: Samurott
|-crit|p2a: Samurott
|-damage|p2a: Samurott|0 fnt
|faint|p2a: Samurott
|
|upkeep
|
|t:|1758943855
|switch|p2a: Dragonite|Dragonite, F|100/100
|turn|3
|
|t:|1758943867
|switch|p1a: Clefable|Clefable, F|100/100
|-damage|p1a: Clefable|88/100|[from] Spikes
|move|p2a: Dragonite|Dragon Dance|p2a: Dragonite
|-boost|p2a: Dragonite|atk|1
|-boost|p2a: Dragonite|spe|1
|
|-heal|p1a: Clefable|94/100|[from] item: Leftovers
|upkeep
|turn|4
|
|t:|1758943882
|switch|p2a: Iron Treads|Iron Treads|100/100
|-enditem|p2a: Iron Treads|Booster Energy
|-activate|p2a: Iron Treads|ability: Quark Drive|[fromitem]
|-start|p2a: Iron Treads|quarkdrivespe
|move|p1a: Clefable|Thunder Wave|p2a: Iron Treads
|-immune|p2a: Iron Treads
|
|-heal|p1a: Clefable|99/100|[from] item: Leftovers
|upkeep
|turn|5
|
|t:|1758943893
|switch|p1a: Heatran|Heatran, M|100/100
|-item|p1a: Heatran|Air Balloon
|move|p2a: Iron Treads|Knock Off|p1a: Heatran
|-crit|p1a: Heatran
|-damage|p1a: Heatran|63/100
|-enditem|p1a: Heatran|Air Balloon
|
|upkeep
|turn|6
|
|t:|1758943902
|switch|p1a: Great Tusk|Great Tusk|100/100
|move|p2a: Iron Treads|Earthquake|p1a: Great Tusk
|-damage|p1a: Great Tusk|71/100
|
|upkeep
|turn|7
|
|t:|1758943908
|-end|p2a: Iron Treads|Quark Drive|[silent]
|switch|p2a: Gholdengo|Gholdengo|100/100
|-item|p2a: Gholdengo|Air Balloon
|move|p1a: Great Tusk|Rapid Spin|p2a: Gholdengo
|-immune|p2a: Gholdengo
|
|upkeep
|turn|8
|
|t:|1758943916
|-end|p1a: Great Tusk|Protosynthesis|[silent]
|switch|p1a: Weavile|Weavile, F|62/100
|-damage|p1a: Weavile|50/100|[from] Spikes
|-ability|p1a: Weavile|Pressure
|move|p2a: Gholdengo|Shadow Ball|p1a: Weavile
|-resisted|p1a: Weavile
|-damage|p1a: Weavile|26/100
|-unboost|p1a: Weavile|spd|1
|
|upkeep
|turn|9
|
|t:|1758943930
|switch|p2a: Iron Treads|Iron Treads|100/100
|move|p1a: Weavile|Knock Off|p2a: Iron Treads
|-damage|p2a: Iron Treads|62/100
|
|upkeep
|turn|10
|
|t:|1758943950
|switch|p1a: Great Tusk|Great Tusk|71/100
|move|p2a: Iron Treads|Stealth Rock|p1a: Great Tusk
|-sidestart|p1: Testing679|move: Stealth Rock
|
|upkeep
|turn|11
|
|t:|1758943967
|-end|p2a: Iron Treads|Quark Drive|[silent]
|switch|p2a: Dragonite|Dragonite, F|100/100
|move|p1a: Great Tusk|Ice Spinner|p2a: Dragonite
|-supereffective|p2a: Dragonite
|-damage|p2a: Dragonite|40/100
|
|upkeep
|turn|12
|
|t:|1758943981
|switch|p2a: Gholdengo|Gholdengo|100/100
|-item|p2a: Gholdengo|Air Balloon
|move|p1a: Great Tusk|Rapid Spin|p2a: Gholdengo
|-immune|p2a: Gholdengo
|
|upkeep
|turn|13
|
|t:|1758944005
|-end|p1a: Great Tusk|Protosynthesis|[silent]
|switch|p1a: Ogerpon|Ogerpon-Wellspring, F|100/100
|-damage|p1a: Ogerpon|88/100|[from] Spikes
|-damage|p1a: Ogerpon|76/100|[from] Stealth Rock
|move|p2a: Gholdengo|Make It Rain|p1a: Ogerpon
|-resisted|p1a: Ogerpon
|-damage|p1a: Ogerpon|48/100
|-unboost|p2a: Gholdengo|spa|1
|
|upkeep
|turn|14
|
|t:|1758944012
|switch|p2a: Dragonite|Dragonite, F|40/100
|move|p1a: Ogerpon|U-turn|p2a: Dragonite
|-resisted|p2a: Dragonite
|-damage|p2a: Dragonite|23/100
|
|t:|1758944016
|switch|p1a: Great Tusk|Great Tusk|71/100|[from] U-turn
|
|upkeep
|turn|15
|
|t:|1758944027
|move|p1a: Great Tusk|Ice Spinner|p2a: Dragonite
|-supereffective|p2a: Dragonite
|-damage|p2a: Dragonite|0 fnt
|faint|p2a: Dragonite
|
|upkeep
|
|t:|1758944044
|switch|p2a: Deoxys|Deoxys-Speed|100/100
|-ability|p2a: Deoxys|Pressure
|turn|16
|
|t:|1758944059
|-terastallize|p1a: Great Tusk|Steel
|move|p2a: Deoxys|Psycho Boost|p1a: Great Tusk
|-resisted|p1a: Great Tusk
|-damage|p1a: Great Tusk|10/100
|-unboost|p2a: Deoxys|spa|2
|-damage|p2a: Deoxys|91/100|[from] item: Life Orb
|move|p1a: Great Tusk|Headlong Rush|p2a: Deoxys
|-damage|p2a: Deoxys|1/100
|-unboost|p1a: Great Tusk|def|1
|-unboost|p1a: Great Tusk|spd|1
|
|upkeep
|turn|17
|
|t:|1758944071
|move|p2a: Deoxys|Knock Off|p1a: Great Tusk
|-damage|p1a: Great Tusk|0 fnt
|-enditem|p1a: Great Tusk|Heavy-Duty Boots|[from] move: Knock Off|[of] p2a: Deoxys
|faint|p1a: Great Tusk
|-end|p1a: Great Tusk|Protosynthesis|[silent]
|-damage|p2a: Deoxys|0 fnt|[from] item: Life Orb
|faint|p2a: Deoxys
|
|upkeep
|
|t:|1758944088
|switch|p2a: Iron Moth|Iron Moth|100/100
|switch|p1a: Ogerpon|Ogerpon-Wellspring, F|48/100
|-damage|p1a: Ogerpon|36/100|[from] Spikes
|-damage|p1a: Ogerpon|23/100|[from] Stealth Rock
|-enditem|p2a: Iron Moth|Booster Energy
|-activate|p2a: Iron Moth|ability: Quark Drive|[fromitem]
|-start|p2a: Iron Moth|quarkdrivespe
|turn|18
|
|t:|1758944101
|switch|p1a: Heatran|Heatran, M|63/100
|-damage|p1a: Heatran|51/100|[from] Spikes
|-damage|p1a: Heatran|39/100|[from] Stealth Rock
|move|p2a: Iron Moth|Substitute|p2a: Iron Moth
|-start|p2a: Iron Moth|Substitute
|-damage|p2a: Iron Moth|76/100
|
|upkeep
|turn|19
|
|t:|1758944107
|-terastallize|p2a: Iron Moth|Ground
|move|p2a: Iron Moth|Tera Blast|p1a: Heatran|[anim] Tera Blast Ground
|-supereffective|p1a: Heatran
|-damage|p1a: Heatran|0 fnt
|faint|p1a: Heatran
|
|upkeep
|
|t:|1758944112
|switch|p1a: Weavile|Weavile, F|26/100
|-damage|p1a: Weavile|14/100|[from] Spikes
|-damage|p1a: Weavile|0 fnt|[from] Stealth Rock
|faint|p1a: Weavile
|
|t:|1758944117
|switch|p1a: Clefable|Clefable, F|99/100
|-damage|p1a: Clefable|88/100|[from] Spikes
|-damage|p1a: Clefable|75/100|[from] Stealth Rock
|turn|20
|
|t:|1758944120
|move|p2a: Iron Moth|Sludge Wave|p1a: Clefable
|-supereffective|p1a: Clefable
|-damage|p1a: Clefable|0 fnt
|faint|p1a: Clefable
|
|upkeep
|
|t:|1758944124
|switch|p1a: Ogerpon|Ogerpon-Wellspring, F|23/100
|-damage|p1a: Ogerpon|11/100|[from] Spikes
|-damage|p1a: Ogerpon|0 fnt|[from] Stealth Rock
|faint|p1a: Ogerpon
|-message|Testing679 forfeited.
|
|win|djalil le w7ch
|raw|Testing679's rating: 1461 &rarr; <strong>1446</strong><br />(-15 for losing)
|raw|djalil le w7ch's rating: 1552 &rarr; <strong>1567</strong><br />(+15 for winning)
|l|☆Testing679
|player|p1|
