|j|☆depecos
|j|☆victory 4 u
|t:|1758992045
|gametype|singles
|player|p1|depecos|102|1238
|player|p2|victory 4 u|266|1237
|gen|9
|tier|[Gen 9] OU
|rated|
|rule|HP Percentage Mod: HP is shown in percentages
|rule|Endless Battle Clause: Forcing endless battles is banned
|rule|Species Clause: Limit one of each Pokémon
|rule|OHKO Clause: OHKO moves are banned
|rule|Evasion Items Clause: Evasion items are banned
|rule|Evasion Moves Clause: Evasion moves are banned
|rule|Evasion Abilities Clause: Evasion abilities are banned
|rule|Sleep Moves Clause: Sleep-inducing moves are banned
|clearpoke
|poke|p1|Dragapult, F|
|poke|p1|Dragonite, F|
|poke|p1|Ting-Lu|
|poke|p1|Weezing-Galar, F|
|poke|p1|Iron Crown|
|poke|p1|Zapdos|
|poke|p2|Masquerain, M|
|poke|p2|Naclstack, F|
|poke|p2|Piloswine, M|
|poke|p2|Sunflora, M|
|poke|p2|Medicham, F|
|poke|p2|Dragapult, F|
|teampreview
|inactive|Battle timer is ON: inactive players will automatically lose when time's up. (requested by depecos)
|
|t:|1758992050
|teamsize|p1|6
|teamsize|p2|6
|start
|switch|p1a: Ting-Lu|Ting-Lu|100/100
|switch|p2a: Masquerain|Masquerain, M|100/100
|-ability|p2a: Masquerain|Intimidate|boost
|-unboost|p1a: Ting-Lu|atk|1
|-ability|p1a: Ting-Lu|Vessel of Ruin
|turn|1
|
|t:|1758992064
|move|p2a: Masquerain|Ice Beam|p1a: Ting-Lu
|-supereffective|p1a: Ting-Lu
|-damage|p1a: Ting-Lu|72/100
|move|p1a: Ting-Lu|Stealth Rock|p2a: Masquerain
|-sidestart|p2: victory 4 u|move: Stealth Rock
|
|-heal|p1a: Ting-Lu|78/100|[from] item: Leftovers
|upkeep
|turn|2
|
|t:|1758992071
|move|p2a: Masquerain|Ice Beam|p1a: Ting-Lu
|-supereffective|p1a: Ting-Lu
|-damage|p1a: Ting-Lu|49/100
|move|p1a: Ting-Lu|Ruination|p2a: Masquerain|[miss]
|-miss|p1a: Ting-Lu|p2a: Masquerain
|
|-heal|p1a: Ting-Lu|56/100|[from] item: Leftovers
|upkeep
|turn|3
|
|t:|1758992079
|switch|p1a: Iron Crown|Iron Crown|100/100
|move|p2a: Masquerain|Ice Beam|p1a: Iron Crown
|-resisted|p1a: Iron Crown
|-damage|p1a: Iron Crown|85/100
|-status|p1a: Iron Crown|frz
|
|upkeep
|turn|4
|
|t:|1758992092
|switch|p2a: Dragapult|Dragapult, F|100/100
|-damage|p2a: Dragapult|88/100|[from] Stealth Rock
|cant|p1a: Iron Crown|frz
|
|upkeep
|turn|5
|
|t:|1758992101
|-end|p1a: Iron Crown|Quark Drive|[silent]
|switch|p1a: Ting-Lu|Ting-Lu|56/100
|-ability|p1a: Ting-Lu|Vessel of Ruin
|-terastallize|p2a: Dragapult|Fire
|move|p2a: Dragapult|Flamethrower|p1a: Ting-Lu
|-damage|p1a: Ting-Lu|32/100
|
|-heal|p1a: Ting-Lu|38/100|[from] item: Leftovers
|upkeep
|turn|6
|
|t:|1758992113
|switch|p2a: Masquerain|Masquerain, M|100/100
|-damage|p2a: Masquerain|50/100|[from] Stealth Rock
|-ability|p2a: Masquerain|Intimidate|boost
|-unboost|p1a: Ting-Lu|atk|1
|move|p1a: Ting-Lu|Earthquake|p2a: Masquerain
|-immune|p2a: Masquerain
|
|-heal|p1a: Ting-Lu|45/100|[from] item: Leftovers
|upkeep
|turn|7
|
|t:|1758992121
|move|p2a: Masquerain|Sticky Web|p1a: Ting-Lu
|-sidestart|p1: depecos|move: Sticky Web
|move|p1a: Ting-Lu|Whirlwind|p2a: Masquerain
|drag|p2a: Medicham|Medicham, F|100/100
|-damage|p2a: Medicham|94/100|[from] Stealth Rock
|
|-heal|p1a: Ting-Lu|51/100|[from] item: Leftovers
|upkeep
|turn|8
|
|t:|1758992130
|move|p2a: Medicham|Ice Punch|p1a: Ting-Lu
|-supereffective|p1a: Ting-Lu
|-damage|p1a: Ting-Lu|0 fnt
|faint|p1a: Ting-Lu
|
|upkeep
|
|t:|1758992135
|switch|p1a: Weezing|Weezing-Galar, F|100/100
|-ability|p1a: Weezing|Neutralizing Gas
|turn|9
|
|t:|1758992140
|switch|p2a: Masquerain|Masquerain, M|50/100
|-damage|p2a: Masquerain|0 fnt|[from] Stealth Rock
|faint|p2a: Masquerain
|move|p1a: Weezing|Will-O-Wisp|p2: Masquerain|[notarget]
|-fail|p1a: Weezing
|
|upkeep
|
|t:|1758992152
|switch|p2a: Dragapult|Dragapult, F, tera:Fire|88/100
|-damage|p2a: Dragapult|63/100|[from] Stealth Rock
|turn|10
|
|t:|1758992156
|move|p2a: Dragapult|Shadow Ball|p1a: Weezing
|-damage|p1a: Weezing|31/100
|move|p1a: Weezing|Defog|p2a: Dragapult
|-unboost|p2a: Dragapult|evasion|1
|-sideend|p2: victory 4 u|Stealth Rock|[from] move: Defog|[of] p1a: Weezing
|-sideend|p1: depecos|Sticky Web|[from] move: Defog|[of] p1a: Weezing
|
|upkeep
|turn|11
|
|t:|1758992164
|move|p2a: Dragapult|Shadow Ball|p1a: Weezing
|-crit|p1a: Weezing
|-damage|p1a: Weezing|0 fnt
|faint|p1a: Weezing
|-end|p1a: Weezing|ability: Neutralizing Gas
|
|upkeep
|
|t:|1758992169
|switch|p1a: Dragonite|Dragonite, F|100/100
|turn|12
|
|t:|1758992175
|move|p2a: Dragapult|Shadow Ball|p1a: Dragonite
|-damage|p1a: Dragonite|76/100
|move|p1a: Dragonite|Dragon Dance|p1a: Dragonite
|-boost|p1a: Dragonite|atk|1
|-boost|p1a: Dragonite|spe|1
|
|upkeep
|turn|13
|
|t:|1758992182
|switch|p2a: Sunflora|Sunflora, M|100/100
|-terastallize|p1a: Dragonite|Normal
|move|p1a: Dragonite|Dragon Dance|p1a: Dragonite
|-boost|p1a: Dragonite|atk|1
|-boost|p1a: Dragonite|spe|1
|
|upkeep
|turn|14
|
|t:|1758992194
|move|p1a: Dragonite|Extreme Speed|p2a: Sunflora
|-damage|p2a: Sunflora|0 fnt
|faint|p2a: Sunflora
|
|upkeep
|
|t:|1758992199
|switch|p2a: Naclstack|Naclstack, F|100/100
|turn|15
|
|t:|1758992202
|move|p1a: Dragonite|Earthquake|p2a: Naclstack
|-supereffective|p2a: Naclstack
|-damage|p2a: Naclstack|22/100
|move|p2a: Naclstack|Body Press|p1a: Dragonite
|-supereffective|p1a: Dragonite
|-damage|p1a: Dragonite|25/100
|
|upkeep
|turn|16
|
|t:|1758992210
|move|p1a: Dragonite|Earthquake|p2a: Naclstack
|-supereffective|p2a: Naclstack
|-damage|p2a: Naclstack|0 fnt
|faint|p2a: Naclstack
|
|upkeep
|
|t:|1758992216
|switch|p2a: Piloswine|Piloswine, M|100/100
|turn|17
|
|t:|1758992223
|move|p1a: Dragonite|Extreme Speed|p2a: Piloswine
|-damage|p2a: Piloswine|8/100
|move|p2a: Piloswine|Endeavor|p1a: Dragonite
|-damage|p1a: Dragonite|8/100
|
|upkeep
|turn|18
|
|t:|1758992234
|move|p1a: Dragonite|Roost|p1a: Dragonite
|-heal|p1a: Dragonite|58/100
|move|p2a: Piloswine|Earthquake|p1a: Dragonite
|-damage|p1a: Dragonite|24/100
|
|upkeep
|turn|19
|-message|victory 4 u forfeited.
|
|win|depecos
|raw|depecos's rating: 1238 &rarr; <strong>1263</strong><br />(+25 for winning)
|raw|victory 4 u's rating: 1237 &rarr; <strong>1212</strong><br />(-25 for losing)
|l|☆victory 4 u
|player|p2|
|l|☆depecos
|player|p1|
