|j|☆almighty shiest
|j|‽Zapy364
|t:|1759004359
|gametype|singles
|player|p1|almighty shiest|alec-anime|1646
|player|p2|Zapy364|265|1689
|gen|9
|tier|[Gen 9] OU
|rated|
|rule|HP Percentage Mod: HP is shown in percentages
|rule|Endless Battle Clause: Forcing endless battles is banned
|rule|Species Clause: Limit one of each Pokémon
|rule|OHKO Clause: OHKO moves are banned
|rule|Evasion Items Clause: Evasion items are banned
|rule|Evasion Moves Clause: Evasion moves are banned
|rule|Evasion Abilities Clause: Evasion abilities are banned
|rule|Sleep Moves Clause: Sleep-inducing moves are banned
|clearpoke
|poke|p1|Ogerpon, F|
|poke|p1|Raging Bolt|
|poke|p1|Corviknight, F|
|poke|p1|Garchomp, F|
|poke|p1|Tinkaton, F|
|poke|p1|Slowking-Galar, M|
|poke|p2|Meowscarada, F|
|poke|p2|Raging Bolt|
|poke|p2|Primarina, F|
|poke|p2|Dragonite, F|
|poke|p2|Skeledirge, M|
|poke|p2|Ting-Lu|
|teampreview
|inactive|Battle timer is ON: inactive players will automatically lose when time's up. (requested by Zapy364)
|inactive|almighty shiest also wants the timer to be on.
|
|t:|1759004379
|teamsize|p1|6
|teamsize|p2|6
|start
|switch|p1a: Raging Bolt|Raging Bolt|100/100
|switch|p2a: Skeledirge|Skeledirge, M|100/100
|turn|1
|
|t:|1759004387
|move|p1a: Raging Bolt|Volt Switch|p2a: Skeledirge
|-damage|p2a: Skeledirge|37/100
|
|t:|1759004397
|-end|p1a: Raging Bolt|Protosynthesis|[silent]
|switch|p1a: Slowking|Slowking-Galar, M|100/100|[from] Volt Switch
|move|p2a: Skeledirge|Will-O-Wisp|p1a: Slowking|[miss]
|-miss|p2a: Skeledirge|p1a: Slowking
|
|upkeep
|turn|2
|
|t:|1759004406
|move|p2a: Skeledirge|Slack Off|p2a: Skeledirge
|-heal|p2a: Skeledirge|87/100
|-prepare|p1a: Slowking|Chilly Reception|[premajor]
|move|p1a: Slowking|Chilly Reception|p1a: Slowking
|-weather|Snowscape
|
|t:|1759004419
|switch|p1a: Raging Bolt|Raging Bolt|100/100|[from] Chilly Reception
|
|-weather|Snowscape|[upkeep]
|upkeep
|turn|3
|
|t:|1759004435
|move|p1a: Raging Bolt|Volt Switch|p2a: Skeledirge
|-damage|p2a: Skeledirge|21/100
|
|t:|1759004438
|-end|p1a: Raging Bolt|Protosynthesis|[silent]
|switch|p1a: Slowking|Slowking-Galar, M|100/100|[from] Volt Switch
|move|p2a: Skeledirge|Will-O-Wisp|p1a: Slowking
|-status|p1a: Slowking|brn
|
|-weather|Snowscape|[upkeep]
|-damage|p1a: Slowking|94/100 brn|[from] brn
|upkeep
|turn|4
|
|t:|1759004452
|move|p2a: Skeledirge|Slack Off|p2a: Skeledirge
|-heal|p2a: Skeledirge|71/100
|move|p1a: Slowking|Future Sight|p2a: Skeledirge
|-start|p1a: Slowking|move: Future Sight
|
|-weather|Snowscape|[upkeep]
|-damage|p1a: Slowking|88/100 brn|[from] brn
|upkeep
|turn|5
|
|t:|1759004463
|move|p2a: Skeledirge|Hex|p1a: Slowking
|-supereffective|p1a: Slowking
|-damage|p1a: Slowking|30/100 brn
|-prepare|p1a: Slowking|Chilly Reception|[premajor]
|move|p1a: Slowking|Chilly Reception|p1a: Slowking
|
|t:|1759004470
|switch|p1a: Raging Bolt|Raging Bolt|100/100|[from] Chilly Reception
|
|-weather|Snowscape|[upkeep]
|upkeep
|turn|6
|
|t:|1759004475
|move|p1a: Raging Bolt|Draco Meteor|p2a: Skeledirge
|-damage|p2a: Skeledirge|0 fnt
|-unboost|p1a: Raging Bolt|spa|2
|faint|p2a: Skeledirge
|
|-weather|none
|-hint|Future Sight did not hit because the target is fainted.
|upkeep
|
|t:|1759004480
|switch|p2a: Ting-Lu|Ting-Lu|100/100
|-ability|p2a: Ting-Lu|Vessel of Ruin
|turn|7
|
|t:|1759004490
|-end|p1a: Raging Bolt|Protosynthesis|[silent]
|switch|p1a: Slowking|Slowking-Galar, M|64/100 brn
|move|p2a: Ting-Lu|Ruination|p1a: Slowking
|-damage|p1a: Slowking|32/100 brn
|
|-damage|p1a: Slowking|26/100 brn|[from] brn
|upkeep
|turn|8
|
|t:|1759004500
|move|p2a: Ting-Lu|Stealth Rock|p1a: Slowking
|-sidestart|p1: almighty shiest|move: Stealth Rock
|-prepare|p1a: Slowking|Chilly Reception|[premajor]
|move|p1a: Slowking|Chilly Reception|p1a: Slowking
|-weather|Snowscape
|
|t:|1759004511
|switch|p1a: Ogerpon|Ogerpon, F|100/100|[from] Chilly Reception
|-damage|p1a: Ogerpon|88/100|[from] Stealth Rock
|
|-weather|Snowscape|[upkeep]
|upkeep
|turn|9
|
|t:|1759004526
|move|p1a: Ogerpon|Knock Off|p2a: Ting-Lu
|-resisted|p2a: Ting-Lu
|-damage|p2a: Ting-Lu|88/100
|-enditem|p2a: Ting-Lu|Leftovers|[from] move: Knock Off|[of] p1a: Ogerpon
|move|p2a: Ting-Lu|Ruination|p1a: Ogerpon|[miss]
|-miss|p2a: Ting-Lu|p1a: Ogerpon
|
|-weather|Snowscape|[upkeep]
|upkeep
|turn|10
|
|t:|1759004533
|switch|p1a: Corviknight|Corviknight, F|100/100
|-damage|p1a: Corviknight|88/100|[from] Stealth Rock
|-ability|p1a: Corviknight|Pressure
|move|p2a: Ting-Lu|Whirlwind|p1a: Corviknight
|drag|p1a: Ogerpon|Ogerpon, F|88/100
|-damage|p1a: Ogerpon|76/100|[from] Stealth Rock
|
|-weather|Snowscape|[upkeep]
|upkeep
|turn|11
|
|t:|1759004543
|move|p1a: Ogerpon|Ivy Cudgel|p2a: Ting-Lu
|-supereffective|p2a: Ting-Lu
|-damage|p2a: Ting-Lu|3/100
|move|p2a: Ting-Lu|Whirlwind|p1a: Ogerpon
|drag|p1a: Corviknight|Corviknight, F|88/100
|-damage|p1a: Corviknight|76/100|[from] Stealth Rock
|-ability|p1a: Corviknight|Pressure
|
|-weather|Snowscape|[upkeep]
|upkeep
|turn|12
|
|t:|1759004553
|move|p1a: Corviknight|Defog|p2a: Ting-Lu
|-unboost|p2a: Ting-Lu|evasion|1
|-sideend|p1: almighty shiest|Stealth Rock|[from] move: Defog|[of] p1a: Corviknight
|move|p2a: Ting-Lu|Stealth Rock|p1a: Corviknight
|-sidestart|p1: almighty shiest|move: Stealth Rock
|
|-weather|none
|upkeep
|turn|13
|
|t:|1759004566
|move|p1a: Corviknight|Defog|p2a: Ting-Lu
|-unboost|p2a: Ting-Lu|evasion|1
|-sideend|p1: almighty shiest|Stealth Rock|[from] move: Defog|[of] p1a: Corviknight
|move|p2a: Ting-Lu|Stealth Rock|p1a: Corviknight
|-sidestart|p1: almighty shiest|move: Stealth Rock
|
|upkeep
|turn|14
|
|t:|1759004572
|move|p1a: Corviknight|Defog|p2a: Ting-Lu
|-unboost|p2a: Ting-Lu|evasion|1
|-sideend|p1: almighty shiest|Stealth Rock|[from] move: Defog|[of] p1a: Corviknight
|move|p2a: Ting-Lu|Stealth Rock|p1a: Corviknight
|-sidestart|p1: almighty shiest|move: Stealth Rock
|
|upkeep
|turn|15
|
|t:|1759004580
|move|p1a: Corviknight|U-turn|p2a: Ting-Lu
|-supereffective|p2a: Ting-Lu
|-damage|p2a: Ting-Lu|0 fnt
|faint|p2a: Ting-Lu
|
|t:|1759004585
|switch|p1a: Slowking|Slowking-Galar, M|59/100 brn|[from] U-turn
|
|-damage|p1a: Slowking|53/100 brn|[from] brn
|upkeep
|
|t:|1759004598
|switch|p2a: Raging Bolt|Raging Bolt|100/100
|-enditem|p2a: Raging Bolt|Booster Energy
|-activate|p2a: Raging Bolt|ability: Protosynthesis|[fromitem]
|-start|p2a: Raging Bolt|protosynthesisspa
|turn|16
|
|t:|1759004609
|move|p2a: Raging Bolt|Calm Mind|p2a: Raging Bolt
|-boost|p2a: Raging Bolt|spa|1
|-boost|p2a: Raging Bolt|spd|1
|-prepare|p1a: Slowking|Chilly Reception|[premajor]
|move|p1a: Slowking|Chilly Reception|p1a: Slowking
|-weather|Snowscape
|
|t:|1759004628
|switch|p1a: Tinkaton|Tinkaton, F|100/100|[from] Chilly Reception
|-damage|p1a: Tinkaton|94/100|[from] Stealth Rock
|-item|p1a: Tinkaton|Air Balloon
|
|-weather|Snowscape|[upkeep]
|upkeep
|turn|17
|
|t:|1759004637
|move|p1a: Tinkaton|Encore|p2a: Raging Bolt
|-start|p2a: Raging Bolt|Encore
|move|p2a: Raging Bolt|Calm Mind|p2a: Raging Bolt
|-boost|p2a: Raging Bolt|spa|1
|-boost|p2a: Raging Bolt|spd|1
|
|-weather|Snowscape|[upkeep]
|upkeep
|turn|18
|
|t:|1759004645
|-end|p2a: Raging Bolt|Protosynthesis|[silent]
|switch|p2a: Meowscarada|Meowscarada, F|100/100
|move|p1a: Tinkaton|Knock Off|p2a: Meowscarada
|-resisted|p2a: Meowscarada
|-crit|p2a: Meowscarada
|-damage|p2a: Meowscarada|75/100
|-enditem|p2a: Meowscarada|Choice Band|[from] move: Knock Off|[of] p1a: Tinkaton
|
|-weather|Snowscape|[upkeep]
|upkeep
|turn|19
|
|t:|1759004657
|move|p2a: Meowscarada|U-turn|p1a: Tinkaton
|-start|p2a: Meowscarada|typechange|Bug|[from] ability: Protean
|-resisted|p1a: Tinkaton
|-damage|p1a: Tinkaton|84/100
|-enditem|p1a: Tinkaton|Air Balloon
|
|t:|1759004659
|switch|p2a: Raging Bolt|Raging Bolt|100/100|[from] U-turn
|move|p1a: Tinkaton|Gigaton Hammer|p2a: Raging Bolt
|-resisted|p2a: Raging Bolt
|-damage|p2a: Raging Bolt|75/100
|
|-weather|Snowscape|[upkeep]
|upkeep
|turn|20
|inactive|almighty shiest has 120 seconds left.
|
|t:|1759004699
|switch|p1a: Slowking|Slowking-Galar, M|87/100 brn
|move|p2a: Raging Bolt|Thunderbolt|p1a: Slowking
|-damage|p1a: Slowking|54/100 brn
|
|-weather|none
|-damage|p1a: Slowking|48/100 brn|[from] brn
|upkeep
|turn|21
|inactive|almighty shiest has 120 seconds left.
|
|t:|1759004711
|move|p2a: Raging Bolt|Calm Mind|p2a: Raging Bolt
|-boost|p2a: Raging Bolt|spa|1
|-boost|p2a: Raging Bolt|spd|1
|move|p1a: Slowking|Future Sight|p2a: Raging Bolt
|-start|p1a: Slowking|move: Future Sight
|
|-damage|p1a: Slowking|42/100 brn|[from] brn
|upkeep
|turn|22
|inactive|almighty shiest has 120 seconds left.
|
|t:|1759004717
|move|p2a: Raging Bolt|Dragon Pulse|p1a: Slowking
|-damage|p1a: Slowking|0 fnt
|faint|p1a: Slowking
|
|upkeep
|inactive|almighty shiest has 120 seconds left.
|
|t:|1759004724
|switch|p1a: Tinkaton|Tinkaton, F|84/100
|-damage|p1a: Tinkaton|78/100|[from] Stealth Rock
|turn|23
|
|t:|1759004728
|move|p2a: Raging Bolt|Thunderclap||[still]
|-fail|p2a: Raging Bolt
|move|p1a: Tinkaton|Stealth Rock|p2a: Raging Bolt
|-sidestart|p2: Zapy364|move: Stealth Rock
|
|-end|p2a: Raging Bolt|move: Future Sight
|-damage|p2a: Raging Bolt|46/100
|upkeep
|turn|24
|
|t:|1759004744
|-end|p2a: Raging Bolt|Protosynthesis|[silent]
|switch|p2a: Primarina|Primarina, F|100/100
|-damage|p2a: Primarina|88/100|[from] Stealth Rock
|move|p1a: Tinkaton|Encore||[still]
|-fail|p1a: Tinkaton
|
|upkeep
|turn|25
|
|t:|1759004758
|move|p1a: Tinkaton|Gigaton Hammer|p2a: Primarina
|-damage|p2a: Primarina|17/100
|move|p2a: Primarina|Moonblast|p1a: Tinkaton
|-resisted|p1a: Tinkaton
|-damage|p1a: Tinkaton|50/100
|-unboost|p1a: Tinkaton|spa|1
|
|upkeep
|turn|26
|
|t:|1759004765
|move|p1a: Tinkaton|Knock Off|p2a: Primarina
|-resisted|p2a: Primarina
|-damage|p2a: Primarina|4/100
|-enditem|p2a: Primarina|Assault Vest|[from] move: Knock Off|[of] p1a: Tinkaton
|move|p2a: Primarina|Surf|p1a: Tinkaton
|-damage|p1a: Tinkaton|0 fnt
|faint|p1a: Tinkaton
|
|upkeep
|
|t:|1759004776
|switch|p1a: Corviknight|Corviknight, F|76/100
|-damage|p1a: Corviknight|64/100|[from] Stealth Rock
|-ability|p1a: Corviknight|Pressure
|turn|27
|
|t:|1759004788
|move|p1a: Corviknight|U-turn|p2a: Primarina
|-resisted|p2a: Primarina
|-damage|p2a: Primarina|0 fnt
|faint|p2a: Primarina
|
|t:|1759004795
|switch|p1a: Ogerpon|Ogerpon, F|76/100|[from] U-turn
|-damage|p1a: Ogerpon|64/100|[from] Stealth Rock
|
|upkeep
|
|t:|1759004798
|switch|p2a: Meowscarada|Meowscarada, F|75/100
|-damage|p2a: Meowscarada|62/100|[from] Stealth Rock
|turn|28
|
|t:|1759004823
|switch|p1a: Corviknight|Corviknight, F|64/100
|-damage|p1a: Corviknight|51/100|[from] Stealth Rock
|-ability|p1a: Corviknight|Pressure
|move|p2a: Meowscarada|U-turn|p1a: Corviknight
|-start|p2a: Meowscarada|typechange|Bug|[from] ability: Protean
|-resisted|p1a: Corviknight
|-damage|p1a: Corviknight|46/100
|-damage|p2a: Meowscarada|46/100|[from] item: Rocky Helmet|[of] p1a: Corviknight
|
|t:|1759004827
|switch|p2a: Raging Bolt|Raging Bolt|46/100|[from] U-turn
|-damage|p2a: Raging Bolt|33/100|[from] Stealth Rock
|
|upkeep
|turn|29
|
|t:|1759004837
|move|p2a: Raging Bolt|Dragon Pulse|p1a: Corviknight
|-resisted|p1a: Corviknight
|-damage|p1a: Corviknight|22/100
|move|p1a: Corviknight|U-turn|p2a: Raging Bolt
|-damage|p2a: Raging Bolt|20/100
|
|t:|1759004853
|switch|p1a: Ogerpon|Ogerpon, F|64/100|[from] U-turn
|-damage|p1a: Ogerpon|51/100|[from] Stealth Rock
|
|upkeep
|turn|30
|
|t:|1759004861
|move|p2a: Raging Bolt|Thunderclap|p1a: Ogerpon
|-resisted|p1a: Ogerpon
|-damage|p1a: Ogerpon|27/100
|move|p1a: Ogerpon|U-turn|p2a: Raging Bolt
|-damage|p2a: Raging Bolt|0 fnt
|faint|p2a: Raging Bolt
|-end|p2a: Raging Bolt|Protosynthesis|[silent]
|
|t:|1759004867
|switch|p1a: Corviknight|Corviknight, F|22/100|[from] U-turn
|-damage|p1a: Corviknight|10/100|[from] Stealth Rock
|-ability|p1a: Corviknight|Pressure
|
|upkeep
|
|t:|1759004878
|switch|p2a: Meowscarada|Meowscarada, F|46/100
|-damage|p2a: Meowscarada|34/100|[from] Stealth Rock
|turn|31
|
|t:|1759004887
|move|p2a: Meowscarada|Triple Axel|p1a: Corviknight
|-start|p2a: Meowscarada|typechange|Ice|[from] ability: Protean
|-damage|p1a: Corviknight|4/100
|-damage|p2a: Meowscarada|17/100|[from] item: Rocky Helmet|[of] p1a: Corviknight
|-damage|p1a: Corviknight|0 fnt
|-damage|p2a: Meowscarada|1/100|[from] item: Rocky Helmet|[of] p1a: Corviknight
|faint|p1a: Corviknight
|-hitcount|p1: Corviknight|2
|
|upkeep
|
|t:|1759004901
|switch|p1a: Raging Bolt|Raging Bolt|100/100
|-damage|p1a: Raging Bolt|88/100|[from] Stealth Rock
|turn|32
|
|t:|1759004906
|move|p1a: Raging Bolt|Thunderclap|p2a: Meowscarada
|-damage|p2a: Meowscarada|0 fnt
|faint|p2a: Meowscarada
|
|upkeep
|
|t:|1759004908
|switch|p2a: Dragonite|Dragonite, F|100/100
|turn|33
|
|t:|1759004915
|-end|p1a: Raging Bolt|Protosynthesis|[silent]
|switch|p1a: Ogerpon|Ogerpon, F|27/100
|-damage|p1a: Ogerpon|15/100|[from] Stealth Rock
|move|p2a: Dragonite|Dragon Dance|p2a: Dragonite
|-boost|p2a: Dragonite|atk|1
|-boost|p2a: Dragonite|spe|1
|
|upkeep
|turn|34
|
|t:|1759004926
|move|p2a: Dragonite|Extreme Speed|p1a: Ogerpon
|-damage|p1a: Ogerpon|0 fnt
|faint|p1a: Ogerpon
|
|upkeep
|
|t:|1759004932
|switch|p1a: Garchomp|Garchomp, F|100/100
|-damage|p1a: Garchomp|94/100|[from] Stealth Rock
|turn|35
|
|t:|1759004942
|-terastallize|p2a: Dragonite|Flying
|-terastallize|p1a: Garchomp|Fire
|move|p2a: Dragonite|Dragon Dance|p2a: Dragonite
|-boost|p2a: Dragonite|atk|1
|-boost|p2a: Dragonite|spe|1
|move|p1a: Garchomp|Scale Shot|p2a: Dragonite
|-damage|p2a: Dragonite|93/100
|-damage|p2a: Dragonite|78/100
|-damage|p2a: Dragonite|64/100
|-damage|p2a: Dragonite|48/100
|-damage|p2a: Dragonite|32/100
|-hitcount|p2a: Dragonite|5
|-unboost|p1a: Garchomp|def|1
|-boost|p1a: Garchomp|spe|1
|
|upkeep
|turn|36
|
|t:|1759004963
|move|p2a: Dragonite|Earthquake|p1a: Garchomp
|-supereffective|p1a: Garchomp
|-damage|p1a: Garchomp|0 fnt
|faint|p1a: Garchomp
|
|upkeep
|
|t:|1759004968
|switch|p1a: Raging Bolt|Raging Bolt|88/100
|-damage|p1a: Raging Bolt|76/100|[from] Stealth Rock
|turn|37
|
|t:|1759004975
|move|p1a: Raging Bolt|Thunderclap||[still]
|-fail|p1a: Raging Bolt
|move|p2a: Dragonite|Dragon Dance|p2a: Dragonite
|-boost|p2a: Dragonite|atk|1
|-boost|p2a: Dragonite|spe|1
|
|upkeep
|turn|38
|
|t:|1759004981
|move|p1a: Raging Bolt|Thunderclap||[still]
|-fail|p1a: Raging Bolt
|move|p2a: Dragonite|Dragon Dance|p2a: Dragonite
|-boost|p2a: Dragonite|atk|1
|-boost|p2a: Dragonite|spe|1
|
|upkeep
|turn|39
|
|t:|1759004993
|move|p1a: Raging Bolt|Thunderclap||[still]
|-fail|p1a: Raging Bolt
|move|p2a: Dragonite|Dragon Dance|p2a: Dragonite
|-boost|p2a: Dragonite|atk|1
|-boost|p2a: Dragonite|spe|1
|
|upkeep
|turn|40
|
|t:|1759005013
|move|p1a: Raging Bolt|Thunderclap||[still]
|-fail|p1a: Raging Bolt
|move|p2a: Dragonite|Dragon Dance|p2a: Dragonite
|-boost|p2a: Dragonite|atk|1
|-boost|p2a: Dragonite|spe|1
|
|upkeep
|turn|41
|-message|almighty shiest forfeited.
|
|win|Zapy364
|raw|almighty shiest's rating: 1646 &rarr; <strong>1628</strong><br />(-18 for losing)
|raw|Zapy364's rating: 1689 &rarr; <strong>1707</strong><br />(+18 for winning)
|l|☆almighty shiest
|player|p1|
|l|‽Zapy364
|player|p2|
|j| Sleepy Guthix
|l| Sleepy Guthix
