|j|☆Poochery
|j|☆WhoisJiHe
|t:|1758960529
|gametype|singles
|player|p1|Poochery|yellow|1074
|player|p2|WhoisJiHe|marley|1057
|gen|9
|tier|[Gen 9] OU
|rated|
|rule|HP Percentage Mod: HP is shown in percentages
|rule|Endless Battle Clause: Forcing endless battles is banned
|rule|Species Clause: Limit one of each Pokémon
|rule|OHKO Clause: OHKO moves are banned
|rule|Evasion Items Clause: Evasion items are banned
|rule|Evasion Moves Clause: Evasion moves are banned
|rule|Evasion Abilities Clause: Evasion abilities are banned
|rule|Sleep Moves Clause: Sleep-inducing moves are banned
|clearpoke
|poke|p1|Ursaluna, M|
|poke|p1|Maushold-Four|
|poke|p1|Zoroark-Hisui, M|
|poke|p1|Ambipom, M|
|poke|p1|Wyrdeer, M|
|poke|p1|Grafaiai, F|
|poke|p2|Primarina, F|
|poke|p2|Dragapult, F|
|poke|p2|Gholdengo|
|poke|p2|Zamazenta-*|
|poke|p2|Kingambit, M|
|teampreview
|inactive|Battle timer is ON: inactive players will automatically lose when time's up. (requested by Poochery)
|
|t:|1758960542
|teamsize|p1|6
|teamsize|p2|5
|start
|switch|p1a: Wyrdeer|Wyrdeer, M|100/100
|switch|p2a: Zamazenta|Zamazenta|100/100
|-ability|p2a: Zamazenta|Dauntless Shield|boost
|-boost|p2a: Zamazenta|def|1
|-ability|p1a: Wyrdeer|Intimidate|boost
|-unboost|p2a: Zamazenta|atk|1
|turn|1
|
|t:|1758960559
|move|p2a: Zamazenta|Iron Defense|p2a: Zamazenta
|-boost|p2a: Zamazenta|def|2
|move|p1a: Wyrdeer|Thunder Wave|p2a: Zamazenta|[miss]
|-miss|p1a: Wyrdeer|p2a: Zamazenta
|
|upkeep
|turn|2
|
|t:|1758960566
|move|p2a: Zamazenta|Body Press|p1a: Wyrdeer
|-damage|p1a: Wyrdeer|11/100
|move|p1a: Wyrdeer|Thunder Wave|p2a: Zamazenta
|-status|p2a: Zamazenta|par
|
|upkeep
|turn|3
|
|t:|1758960572
|move|p2a: Zamazenta|Body Press|p1a: Wyrdeer
|-damage|p1a: Wyrdeer|0 fnt
|faint|p1a: Wyrdeer
|
|upkeep
|
|t:|1758960578
|switch|p1a: Grafaiai|Grafaiai, F|100/100
|turn|4
|
|t:|1758960584
|move|p1a: Grafaiai|Hyper Voice|p2a: Zamazenta
|-crit|p2a: Zamazenta
|-damage|p2a: Zamazenta|45/100 par
|-enditem|p1a: Grafaiai|Throat Spray
|-boost|p1a: Grafaiai|spa|1|[from] item: Throat Spray
|move|p2a: Zamazenta|Body Press|p1a: Grafaiai
|-immune|p1a: Grafaiai
|
|upkeep
|turn|5
|
|t:|1758960594
|move|p1a: Grafaiai|Bitter Malice|p2a: Zamazenta
|-damage|p2a: Zamazenta|1/100 par
|-unboost|p2a: Zamazenta|atk|1
|move|p2a: Zamazenta|Roar|p1a: Grafaiai
|drag|p1a: Grafaiai|Grafaiai, F|100/100
|
|upkeep
|turn|6
|
|t:|1758960609
|switch|p2a: Primarina|Primarina, F|100/100
|move|p1a: Grafaiai|Metronome|p1a: Grafaiai
|move|p1a: Grafaiai|Stockpile|p1a: Grafaiai|[from] move: Metronome
|-start|p1a: Grafaiai|stockpile1
|-boost|p1a: Grafaiai|def|1
|-boost|p1a: Grafaiai|spd|1
|
|upkeep
|turn|7
|
|t:|1758960621
|move|p1a: Grafaiai|Toxic|p2a: Primarina
|-status|p2a: Primarina|tox
|move|p2a: Primarina|Moonblast|p1a: Grafaiai
|-resisted|p1a: Grafaiai
|-damage|p1a: Grafaiai|84/100
|
|-damage|p2a: Primarina|94/100 tox|[from] psn
|upkeep
|turn|8
|
|t:|1758960632
|move|p1a: Grafaiai|Taunt|p2a: Primarina
|-start|p2a: Primarina|move: Taunt
|move|p2a: Primarina|Surf|p1a: Grafaiai
|-damage|p1a: Grafaiai|54/100
|
|-damage|p2a: Primarina|82/100 tox|[from] psn
|upkeep
|turn|9
|
|t:|1758960640
|move|p1a: Grafaiai|Parting Shot|p2a: Primarina
|-unboost|p2a: Primarina|atk|1
|-unboost|p2a: Primarina|spa|1
|
|t:|1758960644
|switch|p1a: Ambipom|Ambipom, M|100/100|[from] Parting Shot
|move|p2a: Primarina|Surf|p1a: Ambipom
|-damage|p1a: Ambipom|41/100
|
|-damage|p2a: Primarina|63/100 tox|[from] psn
|upkeep
|turn|10
|
|t:|1758960653
|move|p1a: Ambipom|Fake Out|p2a: Primarina
|-damage|p2a: Primarina|21/100 tox
|-damage|p1a: Ambipom|31/100|[from] item: Life Orb
|cant|p2a: Primarina|flinch
|
|-damage|p2a: Primarina|0 fnt|[from] psn
|faint|p2a: Primarina
|upkeep
|
|t:|1758960663
|switch|p2a: Zamazenta|Zamazenta|1/100 par
|turn|11
|
|t:|1758960667
|move|p1a: Ambipom|Triple Axel|p2a: Zamazenta
|-damage|p2a: Zamazenta|0 fnt
|faint|p2a: Zamazenta
|-hitcount|p2: Zamazenta|1
|-damage|p1a: Ambipom|21/100|[from] item: Life Orb
|
|upkeep
|
|t:|1758960673
|switch|p2a: Gholdengo|Gholdengo|100/100
|-item|p2a: Gholdengo|Air Balloon
|turn|12
|
|t:|1758960678
|move|p1a: Ambipom|U-turn|p2a: Gholdengo
|-resisted|p2a: Gholdengo
|-crit|p2a: Gholdengo
|-damage|p2a: Gholdengo|92/100
|-enditem|p2a: Gholdengo|Air Balloon
|-damage|p1a: Ambipom|11/100|[from] item: Life Orb
|
|t:|1758960683
|switch|p1a: Grafaiai|Grafaiai, F|54/100|[from] U-turn
|move|p2a: Gholdengo|Shadow Ball|p1a: Grafaiai
|-immune|p1a: Grafaiai
|
|upkeep
|turn|13
|c|☆Poochery|I’m normal
|
|t:|1758960700
|move|p1a: Grafaiai|Taunt|p2a: Gholdengo
|-immune|p2a: Gholdengo|[from] ability: Good as Gold
|move|p2a: Gholdengo|Thunder Wave|p1a: Grafaiai
|-status|p1a: Grafaiai|par
|
|upkeep
|turn|14
|
|t:|1758960712
|move|p1a: Grafaiai|Metronome|p1a: Grafaiai
|move|p1a: Grafaiai|Fury Cutter|p2a: Gholdengo|[from] move: Metronome
|-resisted|p2a: Gholdengo
|-damage|p2a: Gholdengo|90/100
|move|p2a: Gholdengo|Dazzling Gleam|p1a: Grafaiai
|-resisted|p1a: Grafaiai
|-damage|p1a: Grafaiai|43/100 par
|
|upkeep
|turn|15
|
|t:|1758960721
|switch|p2a: Dragapult|Dragapult, F|100/100
|move|p1a: Grafaiai|Metronome|p1a: Grafaiai
|move|p1a: Grafaiai|Hyper Beam|p2a: Dragapult|[from] move: Metronome
|-immune|p2a: Dragapult
|
|upkeep
|turn|16
|
|t:|1758960728
|cant|p1a: Grafaiai|par
|move|p2a: Dragapult|Hex|p1a: Grafaiai
|-immune|p1a: Grafaiai
|
|upkeep
|turn|17
|
|t:|1758960733
|cant|p1a: Grafaiai|par
|move|p2a: Dragapult|Dragon Darts|p1a: Grafaiai
|-damage|p1a: Grafaiai|11/100 par
|-anim|p2a: Dragapult|Dragon Darts|p1a: Grafaiai
|-damage|p1a: Grafaiai|0 fnt
|faint|p1a: Grafaiai
|
|upkeep
|
|t:|1758960746
|switch|p1a: Ursaluna|Ursaluna, M|100/100
|turn|18
|
|t:|1758960755
|move|p2a: Dragapult|Will-O-Wisp|p1a: Ursaluna
|-status|p1a: Ursaluna|brn
|move|p1a: Ursaluna|Will-O-Wisp|p2a: Dragapult
|-status|p2a: Dragapult|brn
|
|-damage|p2a: Dragapult|95/100 brn|[from] brn
|-damage|p1a: Ursaluna|95/100 brn|[from] brn
|upkeep
|turn|19
|
|t:|1758960768
|move|p2a: Dragapult|U-turn|p1a: Ursaluna
|-resisted|p1a: Ursaluna
|-damage|p1a: Ursaluna|85/100 brn
|replace|p1a: Zoroark|Zoroark-Hisui, M
|-end|p1a: Zoroark|Illusion
|
|t:|1758960773
|switch|p2a: Gholdengo|Gholdengo|90/100|[from] U-turn
|move|p1a: Zoroark|Bitter Malice|p2a: Gholdengo
|-supereffective|p2a: Gholdengo
|-damage|p2a: Gholdengo|27/100
|-unboost|p2a: Gholdengo|atk|1
|
|-damage|p1a: Zoroark|79/100 brn|[from] brn
|upkeep
|turn|20
|
|t:|1758960793
|move|p1a: Zoroark|Bitter Malice|p2a: Gholdengo
|-supereffective|p2a: Gholdengo
|-damage|p2a: Gholdengo|0 fnt
|faint|p2a: Gholdengo
|
|-damage|p1a: Zoroark|73/100 brn|[from] brn
|upkeep
|
|t:|1758960800
|switch|p2a: Dragapult|Dragapult, F|95/100 brn
|turn|21
|
|t:|1758960804
|move|p2a: Dragapult|Dragon Darts|p1a: Zoroark
|-damage|p1a: Zoroark|52/100 brn
|-anim|p2a: Dragapult|Dragon Darts|p1a: Zoroark
|-damage|p1a: Zoroark|31/100 brn
|move|p1a: Zoroark|Bitter Malice|p2a: Dragapult
|-supereffective|p2a: Dragapult
|-damage|p2a: Dragapult|0 fnt
|faint|p2a: Dragapult
|
|-damage|p1a: Zoroark|25/100 brn|[from] brn
|upkeep
|
|t:|1758960815
|switch|p2a: Kingambit|Kingambit, M|100/100
|-activate|p2a: Kingambit|ability: Supreme Overlord
|-start|p2a: Kingambit|fallen4|[silent]
|turn|22
|
|t:|1758960823
|move|p1a: Zoroark|Curse|p2a: Kingambit
|-start|p2a: Kingambit|Curse|[of] p1a: Zoroark
|-damage|p1a: Zoroark|0 fnt
|faint|p1a: Zoroark
|move|p2a: Kingambit|Kowtow Cleave|p1: Zoroark|[notarget]
|-fail|p2a: Kingambit
|
|-damage|p2a: Kingambit|76/100|[from] Curse
|upkeep
|
|t:|1758960830
|switch|p1a: Ambipom|Ambipom, M|11/100
|turn|23
|
|t:|1758960834
|move|p1a: Ambipom|Fake Out|p2a: Kingambit
|-resisted|p2a: Kingambit
|-damage|p2a: Kingambit|62/100
|-damage|p1a: Ambipom|1/100|[from] item: Life Orb
|cant|p2a: Kingambit|flinch
|
|-damage|p2a: Kingambit|38/100|[from] Curse
|upkeep
|turn|24
|
|t:|1758960842
|move|p1a: Ambipom|Upper Hand||[still]
|-fail|p1a: Ambipom
|move|p2a: Kingambit|Kowtow Cleave|p1a: Ambipom
|-damage|p1a: Ambipom|0 fnt
|faint|p1a: Ambipom
|
|-damage|p2a: Kingambit|13/100|[from] Curse
|upkeep
|
|t:|1758960847
|switch|p1a: Ursaluna|Ursaluna, M|100/100
|turn|25
|
|t:|1758960854
|move|p2a: Kingambit|Kowtow Cleave|p1a: Ursaluna
|-damage|p1a: Ursaluna|40/100
|move|p1a: Ursaluna|Earthquake|p2a: Kingambit
|-supereffective|p2a: Kingambit
|-damage|p2a: Kingambit|0 fnt
|faint|p2a: Kingambit
|-end|p2a: Kingambit|fallen4|[silent]
|
|win|Poochery
|raw|Poochery's rating: 1074 &rarr; <strong>1101</strong><br />(+27 for winning)
|raw|WhoisJiHe's rating: 1057 &rarr; <strong>1039</strong><br />(-18 for losing)
|l|☆WhoisJiHe
|player|p2|
|l|☆Poochery
|player|p1|
