|j|☆dingo2001
|j|☆Vergil4L
|t:|1758953865
|gametype|singles
|player|p1|dingo2001|169|1187
|player|p2|Vergil4L|red|1124
|gen|9
|tier|[Gen 9] OU
|rated|
|rule|HP Percentage Mod: HP is shown in percentages
|rule|Endless Battle Clause: Forcing endless battles is banned
|rule|Species Clause: Limit one of each Pokémon
|rule|OHKO Clause: OHKO moves are banned
|rule|Evasion Items Clause: Evasion items are banned
|rule|Evasion Moves Clause: Evasion moves are banned
|rule|Evasion Abilities Clause: Evasion abilities are banned
|rule|Sleep Moves Clause: Sleep-inducing moves are banned
|clearpoke
|poke|p1|Sinistcha|
|poke|p1|Tyranitar, F|
|poke|p1|Garchomp, M|
|poke|p1|Moltres|
|poke|p1|Excadrill, F|
|poke|p1|Araquanid, F|
|poke|p2|Alomomola, M|
|poke|p2|Entei|
|poke|p2|Clefable, M|
|poke|p2|Scizor, M|
|poke|p2|Blaziken, M|
|poke|p2|Dragonite, M|
|teampreview
|
|t:|1758953878
|teamsize|p1|6
|teamsize|p2|6
|start
|switch|p1a: Araquanid|Araquanid, F|100/100
|switch|p2a: Scizor|Scizor, M|100/100
|turn|1
|
|t:|1758953887
|switch|p1a: Garchomp|Garchomp, M|100/100
|move|p2a: Scizor|Swords Dance|p2a: Scizor
|-boost|p2a: Scizor|atk|2
|
|upkeep
|turn|2
|
|t:|1758953897
|-terastallize|p2a: Scizor|Water
|move|p2a: Scizor|Swords Dance|p2a: Scizor
|-boost|p2a: Scizor|atk|2
|move|p1a: Garchomp|Dragon Tail|p2a: Scizor
|-damage|p2a: Scizor|77/100
|drag|p2a: Blaziken|Blaziken, M, shiny|100/100
|
|upkeep
|turn|3
|
|t:|1758953910
|move|p2a: Blaziken|Protect|p2a: Blaziken
|-singleturn|p2a: Blaziken|Protect
|move|p1a: Garchomp|Stealth Rock|p2a: Blaziken
|-sidestart|p2: Vergil4L|move: Stealth Rock
|
|-ability|p2a: Blaziken|Speed Boost|boost
|-boost|p2a: Blaziken|spe|1
|upkeep
|turn|4
|
|t:|1758953918
|move|p2a: Blaziken|Brick Break|p1a: Garchomp
|-damage|p1a: Garchomp|74/100
|-damage|p2a: Blaziken|88/100|[from] ability: Rough Skin|[of] p1a: Garchomp
|-damage|p2a: Blaziken|72/100|[from] item: Rocky Helmet|[of] p1a: Garchomp
|move|p1a: Garchomp|Dragon Tail|p2a: Blaziken
|-damage|p2a: Blaziken|34/100
|drag|p2a: Alomomola|Alomomola, M, shiny|100/100
|-damage|p2a: Alomomola|88/100|[from] Stealth Rock
|
|upkeep
|turn|5
|
|t:|1758953936
|move|p2a: Alomomola|Wish|p2a: Alomomola
|move|p1a: Garchomp|Dragon Tail|p2a: Alomomola
|-damage|p2a: Alomomola|72/100
|-damage|p1a: Garchomp|57/100|[from] item: Rocky Helmet|[of] p2a: Alomomola
|drag|p2a: Dragonite|Dragonite, M|100/100
|-damage|p2a: Dragonite|75/100|[from] Stealth Rock
|
|upkeep
|turn|6
|
|t:|1758953947
|move|p2a: Dragonite|Dragon Dance|p2a: Dragonite
|-boost|p2a: Dragonite|atk|1
|-boost|p2a: Dragonite|spe|1
|move|p1a: Garchomp|Dragon Tail|p2a: Dragonite|[miss]
|-miss|p1a: Garchomp|p2a: Dragonite
|
|-heal|p2a: Dragonite|100/100|[from] move: Wish|[wisher] Alomomola
|upkeep
|turn|7
|
|t:|1758953956
|move|p2a: Dragonite|Dragon Claw|p1a: Garchomp
|-supereffective|p1a: Garchomp
|-damage|p1a: Garchomp|0 fnt
|-damage|p2a: Dragonite|88/100|[from] ability: Rough Skin|[of] p1a: Garchomp
|-damage|p2a: Dragonite|71/100|[from] item: Rocky Helmet|[of] p1a: Garchomp
|faint|p1a: Garchomp
|
|upkeep
|
|t:|1758953970
|switch|p1a: Araquanid|Araquanid, F|100/100
|turn|8
|
|t:|1758953982
|move|p2a: Dragonite|Dragon Claw|p1a: Araquanid
|-damage|p1a: Araquanid|41/100
|move|p1a: Araquanid|Liquidation|p2a: Dragonite
|-resisted|p2a: Dragonite
|-damage|p2a: Dragonite|48/100
|
|upkeep
|turn|9
|
|t:|1758953999
|move|p2a: Dragonite|Dragon Claw|p1a: Araquanid
|-damage|p1a: Araquanid|0 fnt
|faint|p1a: Araquanid
|
|upkeep
|
|t:|1758954010
|switch|p1a: Tyranitar|Tyranitar, F|100/100
|-weather|Sandstorm|[from] ability: Sand Stream|[of] p1a: Tyranitar
|turn|10
|
|t:|1758954016
|switch|p1a: Moltres|Moltres|100/100
|move|p2a: Dragonite|Dragon Claw|p1a: Moltres
|-damage|p1a: Moltres|46/100
|-status|p2a: Dragonite|brn|[from] ability: Flame Body|[of] p1a: Moltres
|
|-weather|Sandstorm|[upkeep]
|-damage|p2a: Dragonite|42/100 brn|[from] Sandstorm
|-damage|p1a: Moltres|40/100|[from] Sandstorm
|-damage|p2a: Dragonite|36/100 brn|[from] brn
|upkeep
|turn|11
|
|t:|1758954030
|move|p2a: Dragonite|Dragon Claw|p1a: Moltres
|-damage|p1a: Moltres|12/100
|move|p1a: Moltres|Ancient Power|p2a: Dragonite
|-supereffective|p2a: Dragonite
|-damage|p2a: Dragonite|1/100 brn
|
|-weather|Sandstorm|[upkeep]
|-damage|p2a: Dragonite|0 fnt|[from] Sandstorm
|-damage|p1a: Moltres|6/100|[from] Sandstorm
|faint|p2a: Dragonite
|upkeep
|
|t:|1758954034
|switch|p2a: Alomomola|Alomomola, M, shiny|100/100
|-damage|p2a: Alomomola|88/100|[from] Stealth Rock
|turn|12
|
|t:|1758954048
|move|p1a: Moltres|Flamethrower|p2a: Alomomola
|-resisted|p2a: Alomomola
|-damage|p2a: Alomomola|68/100
|-status|p2a: Alomomola|brn
|move|p2a: Alomomola|Wish|p2a: Alomomola
|
|-weather|Sandstorm|[upkeep]
|-damage|p1a: Moltres|0 fnt|[from] Sandstorm
|-damage|p2a: Alomomola|62/100 brn|[from] Sandstorm
|faint|p1a: Moltres
|-damage|p2a: Alomomola|55/100 brn|[from] brn
|upkeep
|
|t:|1758954061
|switch|p1a: Sinistcha|Sinistcha|100/100
|turn|13
|
|t:|1758954071
|switch|p2a: Scizor|Scizor, M, tera:Water|77/100
|-damage|p2a: Scizor|64/100|[from] Stealth Rock
|move|p1a: Sinistcha|Calm Mind|p1a: Sinistcha
|-boost|p1a: Sinistcha|spa|1
|-boost|p1a: Sinistcha|spd|1
|
|-weather|Sandstorm|[upkeep]
|-damage|p1a: Sinistcha|94/100|[from] Sandstorm
|-damage|p2a: Scizor|58/100|[from] Sandstorm
|-heal|p2a: Scizor|100/100|[from] move: Wish|[wisher] Alomomola
|upkeep
|turn|14
|
|t:|1758954096
|-terastallize|p1a: Sinistcha|Steel
|move|p1a: Sinistcha|Shadow Ball|p2a: Scizor
|-damage|p2a: Scizor|31/100
|move|p2a: Scizor|Bug Buzz|p1a: Sinistcha
|-resisted|p1a: Sinistcha
|-damage|p1a: Sinistcha|86/100
|-damage|p2a: Scizor|21/100|[from] item: Life Orb
|
|-weather|Sandstorm|[upkeep]
|-damage|p2a: Scizor|15/100|[from] Sandstorm
|upkeep
|turn|15
|
|t:|1758954111
|move|p1a: Sinistcha|Matcha Gotcha|p2a: Scizor
|-supereffective|p2a: Scizor
|-damage|p2a: Scizor|0 fnt
|-heal|p1a: Sinistcha|94/100|[from] drain|[of] p2a: Scizor
|faint|p2a: Scizor
|
|-weather|Sandstorm|[upkeep]
|upkeep
|
|t:|1758954127
|switch|p2a: Entei|Entei|100/100
|-damage|p2a: Entei|75/100|[from] Stealth Rock
|turn|16
|
|t:|1758954132
|move|p2a: Entei|Sacred Fire|p1a: Sinistcha
|-supereffective|p1a: Sinistcha
|-damage|p1a: Sinistcha|31/100
|-status|p1a: Sinistcha|brn
|move|p1a: Sinistcha|Strength Sap|p2a: Entei
|-unboost|p2a: Entei|atk|1
|-heal|p1a: Sinistcha|100/100 brn
|
|-weather|Sandstorm|[upkeep]
|-damage|p2a: Entei|69/100|[from] Sandstorm
|-damage|p1a: Sinistcha|98/100 brn|[from] brn
|upkeep
|turn|17
|
|t:|1758954147
|move|p2a: Entei|Sacred Fire|p1a: Sinistcha
|-supereffective|p1a: Sinistcha
|-crit|p1a: Sinistcha
|-damage|p1a: Sinistcha|4/100 brn
|move|p1a: Sinistcha|Shadow Ball|p2a: Entei
|-crit|p2a: Entei
|-damage|p2a: Entei|0 fnt
|faint|p2a: Entei
|
|-weather|none
|-damage|p1a: Sinistcha|1/100 brn|[from] brn
|upkeep
|
|t:|1758954165
|switch|p2a: Alomomola|Alomomola, M, shiny|89/100 brn
|-damage|p2a: Alomomola|76/100 brn|[from] Stealth Rock
|turn|18
|
|t:|1758954172
|move|p2a: Alomomola|Protect|p2a: Alomomola
|-singleturn|p2a: Alomomola|Protect
|move|p1a: Sinistcha|Matcha Gotcha|p2a: Alomomola
|-activate|p2a: Alomomola|move: Protect
|
|-damage|p1a: Sinistcha|0 fnt|[from] brn
|faint|p1a: Sinistcha
|-damage|p2a: Alomomola|70/100 brn|[from] brn
|upkeep
|
|t:|1758954184
|switch|p1a: Tyranitar|Tyranitar, F|100/100
|-weather|Sandstorm|[from] ability: Sand Stream|[of] p1a: Tyranitar
|turn|19
|
|t:|1758954188
|move|p1a: Tyranitar|Dragon Dance|p1a: Tyranitar
|-boost|p1a: Tyranitar|atk|1
|-boost|p1a: Tyranitar|spe|1
|move|p2a: Alomomola|Wish|p2a: Alomomola
|
|-weather|Sandstorm|[upkeep]
|-damage|p2a: Alomomola|64/100 brn|[from] Sandstorm
|-damage|p2a: Alomomola|58/100 brn|[from] brn
|upkeep
|turn|20
|
|t:|1758954200
|move|p1a: Tyranitar|Dragon Dance|p1a: Tyranitar
|-boost|p1a: Tyranitar|atk|1
|-boost|p1a: Tyranitar|spe|1
|move|p2a: Alomomola|Scald|p1a: Tyranitar
|-supereffective|p1a: Tyranitar
|-damage|p1a: Tyranitar|81/100
|
|-weather|Sandstorm|[upkeep]
|-damage|p2a: Alomomola|52/100 brn|[from] Sandstorm
|-heal|p2a: Alomomola|100/100 brn|[from] move: Wish|[wisher] Alomomola
|-damage|p2a: Alomomola|94/100 brn|[from] brn
|upkeep
|turn|21
|
|t:|1758954212
|move|p1a: Tyranitar|Dragon Dance|p1a: Tyranitar
|-boost|p1a: Tyranitar|atk|1
|-boost|p1a: Tyranitar|spe|1
|move|p2a: Alomomola|Scald|p1a: Tyranitar
|-supereffective|p1a: Tyranitar
|-damage|p1a: Tyranitar|64/100
|-status|p1a: Tyranitar|brn
|
|-weather|Sandstorm|[upkeep]
|-damage|p2a: Alomomola|88/100 brn|[from] Sandstorm
|-damage|p1a: Tyranitar|57/100 brn|[from] brn
|-damage|p2a: Alomomola|82/100 brn|[from] brn
|upkeep
|turn|22
|
|t:|1758954229
|move|p1a: Tyranitar|Crunch|p2a: Alomomola
|-damage|p2a: Alomomola|48/100 brn
|-damage|p1a: Tyranitar|41/100 brn|[from] item: Rocky Helmet|[of] p2a: Alomomola
|move|p2a: Alomomola|Wish|p2a: Alomomola
|
|-weather|Sandstorm|[upkeep]
|-damage|p2a: Alomomola|42/100 brn|[from] Sandstorm
|-damage|p1a: Tyranitar|35/100 brn|[from] brn
|-damage|p2a: Alomomola|36/100 brn|[from] brn
|upkeep
|turn|23
|
|t:|1758954238
|move|p2a: Alomomola|Protect|p2a: Alomomola
|-singleturn|p2a: Alomomola|Protect
|move|p1a: Tyranitar|Dragon Dance|p1a: Tyranitar
|-boost|p1a: Tyranitar|atk|1
|-boost|p1a: Tyranitar|spe|1
|
|-weather|Sandstorm|[upkeep]
|-damage|p2a: Alomomola|30/100 brn|[from] Sandstorm
|-heal|p2a: Alomomola|80/100 brn|[from] move: Wish|[wisher] Alomomola
|-damage|p1a: Tyranitar|29/100 brn|[from] brn
|-damage|p2a: Alomomola|74/100 brn|[from] brn
|upkeep
|turn|24
|
|t:|1758954251
|move|p1a: Tyranitar|Crunch|p2a: Alomomola
|-damage|p2a: Alomomola|33/100 brn
|-damage|p1a: Tyranitar|12/100 brn|[from] item: Rocky Helmet|[of] p2a: Alomomola
|move|p2a: Alomomola|Wish|p2a: Alomomola
|
|-weather|Sandstorm|[upkeep]
|-damage|p2a: Alomomola|27/100 brn|[from] Sandstorm
|-damage|p1a: Tyranitar|6/100 brn|[from] brn
|-damage|p2a: Alomomola|20/100 brn|[from] brn
|upkeep
|turn|25
|
|t:|1758954269
|move|p2a: Alomomola|Wish||[still]
|-fail|p2a: Alomomola
|move|p1a: Tyranitar|Avalanche|p2a: Alomomola
|-resisted|p2a: Alomomola
|-damage|p2a: Alomomola|11/100 brn
|-damage|p1a: Tyranitar|0 fnt|[from] item: Rocky Helmet|[of] p2a: Alomomola
|faint|p1a: Tyranitar
|
|-weather|Sandstorm|[upkeep]
|-damage|p2a: Alomomola|5/100 brn|[from] Sandstorm
|-heal|p2a: Alomomola|55/100 brn|[from] move: Wish|[wisher] Alomomola
|-damage|p2a: Alomomola|49/100 brn|[from] brn
|upkeep
|
|t:|1758954283
|switch|p1a: Excadrill|Excadrill, F|100/100
|turn|26
|
|t:|1758954290
|move|p1a: Excadrill|Earthquake|p2a: Alomomola
|-damage|p2a: Alomomola|3/100 brn
|-damage|p1a: Excadrill|91/100|[from] item: Life Orb
|move|p2a: Alomomola|Wish|p2a: Alomomola
|
|-weather|none
|-damage|p2a: Alomomola|0 fnt|[from] brn
|faint|p2a: Alomomola
|upkeep
|
|t:|1758954298
|switch|p2a: Blaziken|Blaziken, M, shiny|34/100
|-damage|p2a: Blaziken|21/100|[from] Stealth Rock
|turn|27
|
|t:|1758954305
|move|p2a: Blaziken|Protect|p2a: Blaziken
|-singleturn|p2a: Blaziken|Protect
|move|p1a: Excadrill|Rapid Spin|p2a: Blaziken
|-activate|p2a: Blaziken|move: Protect
|
|-heal|p2a: Blaziken|100/100|[from] move: Wish|[wisher] Alomomola
|-ability|p2a: Blaziken|Speed Boost|boost
|-boost|p2a: Blaziken|spe|1
|upkeep
|turn|28
|
|t:|1758954316
|move|p2a: Blaziken|Blaze Kick|p1a: Excadrill
|-supereffective|p1a: Excadrill
|-damage|p1a: Excadrill|0 fnt
|faint|p1a: Excadrill
|
|win|Vergil4L
|raw|dingo2001's rating: 1187 &rarr; <strong>1158</strong><br />(-29 for losing)
|raw|Vergil4L's rating: 1124 &rarr; <strong>1153</strong><br />(+29 for winning)
|l|☆dingo2001
|player|p1|
|l|☆Vergil4L
|player|p2|
