|j|☆my 100lb pug
|j|☆emeraldcity28
|t:|1758998724
|gametype|singles
|player|p1|my 100lb pug|101|1422
|player|p2|emeraldcity28|170|1467
|gen|9
|tier|[Gen 9] OU
|rated|
|rule|HP Percentage Mod: HP is shown in percentages
|rule|Endless Battle Clause: Forcing endless battles is banned
|rule|Species Clause: Limit one of each Pokémon
|rule|OHKO Clause: OHKO moves are banned
|rule|Evasion Items Clause: Evasion items are banned
|rule|Evasion Moves Clause: Evasion moves are banned
|rule|Evasion Abilities Clause: Evasion abilities are banned
|rule|Sleep Moves Clause: Sleep-inducing moves are banned
|clearpoke
|poke|p1|Landorus-Therian, M|
|poke|p1|Salazzle, F|
|poke|p1|Toxtricity, M|
|poke|p1|Great Tusk|
|poke|p1|Gholdengo|
|poke|p1|Lurantis, M|
|poke|p2|Corviknight, M|
|poke|p2|Slowking-Galar, F|
|poke|p2|Ogerpon-Wellspring, F|
|poke|p2|Iron Valiant|
|poke|p2|Great Tusk|
|poke|p2|Darkrai|
|teampreview
|inactive|Battle timer is ON: inactive players will automatically lose when time's up. (requested by emeraldcity28)
|
|t:|1758998754
|teamsize|p1|6
|teamsize|p2|6
|start
|switch|p1a: Landorus|Landorus-Therian, M|100/100
|switch|p2a: Great Tusk|Great Tusk|100/100
|-ability|p1a: Landorus|Intimidate|boost
|-unboost|p2a: Great Tusk|atk|1
|turn|1
|
|t:|1758998766
|move|p1a: Landorus|U-turn|p2a: Great Tusk
|-resisted|p2a: Great Tusk
|-damage|p2a: Great Tusk|94/100
|
|t:|1758998772
|switch|p1a: Great Tusk|Great Tusk|100/100|[from] U-turn
|move|p2a: Great Tusk|Stealth Rock|p1a: Great Tusk
|-sidestart|p1: my 100lb pug|move: Stealth Rock
|
|upkeep
|turn|2
|
|t:|1758998778
|move|p2a: Great Tusk|Ice Spinner|p1a: Great Tusk
|-supereffective|p1a: Great Tusk
|-damage|p1a: Great Tusk|86/100
|move|p1a: Great Tusk|Rapid Spin|p2a: Great Tusk
|-damage|p2a: Great Tusk|85/100
|-boost|p1a: Great Tusk|spe|1
|-sideend|p1: my 100lb pug|Stealth Rock|[from] move: Rapid Spin|[of] p1a: Great Tusk
|
|upkeep
|turn|3
|
|t:|1758998783
|-end|p2a: Great Tusk|Protosynthesis|[silent]
|switch|p2a: Corviknight|Corviknight, M|100/100
|-ability|p2a: Corviknight|Pressure
|move|p1a: Great Tusk|Stealth Rock|p2a: Corviknight
|-sidestart|p2: emeraldcity28|move: Stealth Rock
|
|upkeep
|turn|4
|
|t:|1758998792
|-end|p1a: Great Tusk|Protosynthesis|[silent]
|switch|p1a: Gholdengo|Gholdengo|100/100
|-item|p1a: Gholdengo|Air Balloon
|move|p2a: Corviknight|U-turn|p1a: Gholdengo
|-resisted|p1a: Gholdengo
|-damage|p1a: Gholdengo|97/100
|-enditem|p1a: Gholdengo|Air Balloon
|
|t:|1758998804
|switch|p2a: Darkrai|Darkrai|100/100|[from] U-turn
|-damage|p2a: Darkrai|88/100|[from] Stealth Rock
|
|upkeep
|turn|5
|
|t:|1758998815
|switch|p1a: Lurantis|Lurantis, M|100/100
|move|p2a: Darkrai|Dark Pulse|p1a: Lurantis
|-damage|p1a: Lurantis|48/100
|
|upkeep
|turn|6
|
|t:|1758998822
|-terastallize|p1a: Lurantis|Fighting
|move|p2a: Darkrai|Dark Pulse|p1a: Lurantis
|-resisted|p1a: Lurantis
|-damage|p1a: Lurantis|22/100
|move|p1a: Lurantis|Synthesis|p1a: Lurantis
|-heal|p1a: Lurantis|72/100
|
|upkeep
|turn|7
|
|t:|1758998830
|switch|p2a: Corviknight|Corviknight, M|100/100
|-damage|p2a: Corviknight|88/100|[from] Stealth Rock
|-ability|p2a: Corviknight|Pressure
|move|p1a: Lurantis|Superpower|p2a: Corviknight
|-damage|p2a: Corviknight|63/100
|-boost|p1a: Lurantis|atk|1
|-boost|p1a: Lurantis|def|1
|-damage|p1a: Lurantis|55/100|[from] item: Rocky Helmet|[of] p2a: Corviknight
|
|upkeep
|turn|8
|
|t:|1758998842
|switch|p1a: Gholdengo|Gholdengo|97/100
|move|p2a: Corviknight|Brave Bird|p1a: Gholdengo
|-resisted|p1a: Gholdengo
|-damage|p1a: Gholdengo|79/100
|-damage|p2a: Corviknight|58/100|[from] Recoil
|
|upkeep
|turn|9
|
|t:|1758998850
|move|p1a: Gholdengo|Shadow Ball|p2a: Corviknight
|-damage|p2a: Corviknight|20/100
|move|p2a: Corviknight|Roost|p2a: Corviknight
|-heal|p2a: Corviknight|70/100
|-singleturn|p2a: Corviknight|move: Roost
|
|upkeep
|turn|10
|
|t:|1758998854
|move|p1a: Gholdengo|Nasty Plot|p1a: Gholdengo
|-boost|p1a: Gholdengo|spa|2
|move|p2a: Corviknight|Roost|p2a: Corviknight
|-heal|p2a: Corviknight|100/100
|-singleturn|p2a: Corviknight|move: Roost
|
|upkeep
|turn|11
|
|t:|1758998872
|move|p1a: Gholdengo|Make It Rain|p2a: Corviknight
|-resisted|p2a: Corviknight
|-damage|p2a: Corviknight|44/100
|-unboost|p1a: Gholdengo|spa|1
|move|p2a: Corviknight|U-turn|p1a: Gholdengo
|-resisted|p1a: Gholdengo
|-damage|p1a: Gholdengo|75/100
|
|t:|1758998877
|switch|p2a: Darkrai|Darkrai|88/100|[from] U-turn
|-damage|p2a: Darkrai|76/100|[from] Stealth Rock
|
|upkeep
|turn|12
|
|t:|1758998885
|switch|p1a: Lurantis|Lurantis, M, tera:Fighting|55/100
|move|p2a: Darkrai|Dark Pulse|p1a: Lurantis
|-resisted|p1a: Lurantis
|-damage|p1a: Lurantis|30/100
|
|upkeep
|turn|13
|
|t:|1758998891
|-terastallize|p2a: Darkrai|Dark
|move|p2a: Darkrai|Dark Pulse|p1a: Lurantis
|-resisted|p1a: Lurantis
|-damage|p1a: Lurantis|0 fnt
|faint|p1a: Lurantis
|
|upkeep
|
|t:|1758998904
|switch|p1a: Great Tusk|Great Tusk|86/100
|turn|14
|
|t:|1758998916
|switch|p2a: Corviknight|Corviknight, M|44/100
|-damage|p2a: Corviknight|32/100|[from] Stealth Rock
|-ability|p2a: Corviknight|Pressure
|move|p1a: Great Tusk|Close Combat|p2a: Corviknight
|-damage|p2a: Corviknight|2/100
|-unboost|p1a: Great Tusk|def|1
|-unboost|p1a: Great Tusk|spd|1
|-damage|p1a: Great Tusk|69/100|[from] item: Rocky Helmet|[of] p2a: Corviknight
|
|upkeep
|turn|15
|
|t:|1758998923
|move|p1a: Great Tusk|Rapid Spin|p2a: Corviknight
|-resisted|p2a: Corviknight
|-damage|p2a: Corviknight|0 fnt
|-boost|p1a: Great Tusk|spe|1
|-damage|p1a: Great Tusk|52/100|[from] item: Rocky Helmet|[of] p2a: Corviknight
|faint|p2a: Corviknight
|
|upkeep
|inactive|emeraldcity28 has 120 seconds left.
|
|t:|1758998962
|switch|p2a: Great Tusk|Great Tusk|85/100
|turn|16
|
|t:|1758998969
|move|p1a: Great Tusk|Ice Spinner|p2a: Great Tusk
|-supereffective|p2a: Great Tusk
|-damage|p2a: Great Tusk|54/100
|move|p2a: Great Tusk|Stealth Rock|p1a: Great Tusk
|-sidestart|p1: my 100lb pug|move: Stealth Rock
|
|upkeep
|turn|17
|
|t:|1758998975
|move|p1a: Great Tusk|Rapid Spin|p2a: Great Tusk
|-damage|p2a: Great Tusk|46/100
|-boost|p1a: Great Tusk|spe|1
|-sideend|p1: my 100lb pug|Stealth Rock|[from] move: Rapid Spin|[of] p1a: Great Tusk
|move|p2a: Great Tusk|Ice Spinner|p1a: Great Tusk
|-supereffective|p1a: Great Tusk
|-damage|p1a: Great Tusk|16/100
|
|upkeep
|turn|18
|
|t:|1758998989
|move|p1a: Great Tusk|Ice Spinner|p2a: Great Tusk
|-supereffective|p2a: Great Tusk
|-damage|p2a: Great Tusk|16/100
|move|p2a: Great Tusk|Rapid Spin|p1a: Great Tusk
|-damage|p1a: Great Tusk|5/100
|-boost|p2a: Great Tusk|spe|1
|-sideend|p2: emeraldcity28|Stealth Rock|[from] move: Rapid Spin|[of] p2a: Great Tusk
|
|upkeep
|turn|19
|
|t:|1758999004
|move|p2a: Great Tusk|Stealth Rock|p1a: Great Tusk
|-sidestart|p1: my 100lb pug|move: Stealth Rock
|move|p1a: Great Tusk|Ice Spinner|p2a: Great Tusk
|-supereffective|p2a: Great Tusk
|-damage|p2a: Great Tusk|0 fnt
|faint|p2a: Great Tusk
|-end|p2a: Great Tusk|Protosynthesis|[silent]
|
|upkeep
|
|t:|1758999019
|switch|p2a: Iron Valiant|Iron Valiant|100/100
|-enditem|p2a: Iron Valiant|Booster Energy
|-activate|p2a: Iron Valiant|ability: Quark Drive|[fromitem]
|-start|p2a: Iron Valiant|quarkdrivespe
|turn|20
|
|t:|1758999028
|move|p2a: Iron Valiant|Moonblast|p1a: Great Tusk
|-supereffective|p1a: Great Tusk
|-damage|p1a: Great Tusk|0 fnt
|faint|p1a: Great Tusk
|-end|p1a: Great Tusk|Protosynthesis|[silent]
|
|upkeep
|
|t:|1758999048
|switch|p1a: Toxtricity|Toxtricity, M|100/100
|-damage|p1a: Toxtricity|88/100|[from] Stealth Rock
|turn|21
|
|t:|1758999066
|move|p2a: Iron Valiant|Knock Off|p1a: Toxtricity
|-damage|p1a: Toxtricity|44/100
|-enditem|p1a: Toxtricity|Throat Spray|[from] move: Knock Off|[of] p2a: Iron Valiant
|move|p1a: Toxtricity|Shift Gear|p1a: Toxtricity
|-boost|p1a: Toxtricity|spe|2
|-boost|p1a: Toxtricity|atk|1
|
|upkeep
|turn|22
|
|t:|1758999075
|move|p1a: Toxtricity|Sludge Wave|p2a: Iron Valiant
|-supereffective|p2a: Iron Valiant
|-damage|p2a: Iron Valiant|0 fnt
|faint|p2a: Iron Valiant
|-end|p2a: Iron Valiant|Quark Drive|[silent]
|
|upkeep
|
|t:|1758999080
|switch|p2a: Slowking|Slowking-Galar, F|100/100
|turn|23
|
|t:|1758999092
|switch|p1a: Salazzle|Salazzle, F|100/100
|move|p2a: Slowking|Future Sight|p1a: Salazzle
|-start|p2a: Slowking|move: Future Sight
|
|upkeep
|turn|24
|
|t:|1758999101
|move|p1a: Salazzle|Toxic|p2a: Slowking
|-status|p2a: Slowking|tox
|-prepare|p2a: Slowking|Chilly Reception|[premajor]
|move|p2a: Slowking|Chilly Reception|p2a: Slowking
|-weather|Snowscape
|
|t:|1758999108
|switch|p2a: Darkrai|Darkrai, tera:Dark|76/100|[from] Chilly Reception
|
|-weather|Snowscape|[upkeep]
|upkeep
|turn|25
|
|t:|1758999111
|switch|p1a: Toxtricity|Toxtricity, M|44/100
|-damage|p1a: Toxtricity|31/100|[from] Stealth Rock
|move|p2a: Darkrai|Dark Pulse|p1a: Toxtricity
|-damage|p1a: Toxtricity|0 fnt
|faint|p1a: Toxtricity
|
|-weather|Snowscape|[upkeep]
|-hint|Future Sight did not hit because the target is fainted.
|upkeep
|
|t:|1758999126
|switch|p1a: Landorus|Landorus-Therian, M|100/100
|-damage|p1a: Landorus|88/100|[from] Stealth Rock
|-ability|p1a: Landorus|Intimidate|boost
|-unboost|p2a: Darkrai|atk|1
|turn|26
|
|t:|1758999132
|move|p2a: Darkrai|Dark Pulse|p1a: Landorus
|-damage|p1a: Landorus|0 fnt
|faint|p1a: Landorus
|
|-weather|Snowscape|[upkeep]
|upkeep
|
|t:|1758999137
|switch|p1a: Salazzle|Salazzle, F|100/100
|turn|27
|
|t:|1758999142
|move|p2a: Darkrai|Dark Pulse|p1a: Salazzle
|-damage|p1a: Salazzle|0 fnt
|faint|p1a: Salazzle
|
|-weather|Snowscape|[upkeep]
|upkeep
|-message|my 100lb pug forfeited.
|
|win|emeraldcity28
|raw|my 100lb pug's rating: 1422 &rarr; <strong>1405</strong><br />(-17 for losing)
|raw|emeraldcity28's rating: 1467 &rarr; <strong>1484</strong><br />(+17 for winning)
|l|☆my 100lb pug
|player|p1|
|l|☆emeraldcity28
|player|p2|
