|j|☆Baby Key
|j|☆Charle_phate
|t:|1758947986
|gametype|singles
|player|p1|Baby Key|2|1384
|player|p2|Charle_phate|blue|1434
|gen|9
|tier|[Gen 9] OU
|rated|
|rule|HP Percentage Mod: HP is shown in percentages
|rule|Endless Battle Clause: Forcing endless battles is banned
|rule|Species Clause: Limit one of each Pokémon
|rule|OHKO Clause: OHKO moves are banned
|rule|Evasion Items Clause: Evasion items are banned
|rule|Evasion Moves Clause: Evasion moves are banned
|rule|Evasion Abilities Clause: Evasion abilities are banned
|rule|Sleep Moves Clause: Sleep-inducing moves are banned
|clearpoke
|poke|p1|Heatran, M|
|poke|p1|Rillaboom, M|
|poke|p1|Ogerpon-Wellspring, F|
|poke|p1|Dragapult, M|
|poke|p1|Great Tusk|
|poke|p1|Bronzong|
|poke|p2|Serperior, F|
|poke|p2|Rotom-Wash|
|poke|p2|Zapdos|
|poke|p2|Heatran, M|
|poke|p2|Clefable, M|
|poke|p2|Landorus-Therian, M|
|teampreview
|
|t:|1758948006
|teamsize|p1|6
|teamsize|p2|6
|start
|switch|p1a: Starlink|Bronzong, shiny|100/100
|switch|p2a: Rotom|Rotom-Wash|100/100
|turn|1
|
|t:|1758948032
|move|p2a: Rotom|Thunder Wave|p1a: Starlink
|-status|p1a: Starlink|par
|move|p1a: Starlink|Stealth Rock|p2a: Rotom
|-sidestart|p2: Charle_phate|move: Stealth Rock
|
|upkeep
|turn|2
|
|t:|1758948071
|move|p2a: Rotom|Charge Beam|p1a: Starlink
|-damage|p1a: Starlink|80/100 par
|-boost|p2a: Rotom|spa|1
|move|p1a: Starlink|Future Sight|p2a: Rotom
|-start|p1a: Starlink|move: Future Sight
|
|upkeep
|turn|3
|
|t:|1758948093
|switch|p2a: Heatran|Heatran, M|100/100
|-damage|p2a: Heatran|88/100|[from] Stealth Rock
|move|p1a: Starlink|Psychic Noise|p2a: Heatran
|-resisted|p2a: Heatran
|-damage|p2a: Heatran|82/100
|-start|p2a: Heatran|move: Heal Block
|
|upkeep
|turn|4
|
|t:|1758948116
|switch|p1a: Starblaze|Heatran, M|100/100
|move|p2a: Heatran|Substitute|p2a: Heatran
|-start|p2a: Heatran|Substitute
|-damage|p2a: Heatran|57/100
|
|-end|p2a: Heatran|move: Future Sight
|-resisted|p2a: Heatran
|-activate|p2a: Heatran|move: Substitute|[damage]
|-end|p2a: Heatran|move: Heal Block
|upkeep
|turn|5
|inactive|Battle timer is ON: inactive players will automatically lose when time's up. (requested by Charle_phate)
|
|t:|1758948152
|switch|p1a: Starburst|Great Tusk|100/100
|move|p2a: Heatran|Earth Power|p1a: Starburst
|-damage|p1a: Starburst|63/100
|
|-heal|p2a: Heatran|63/100|[from] item: Leftovers
|upkeep
|turn|6
|
|t:|1758948165
|move|p1a: Starburst|Rapid Spin|p2a: Heatran
|-resisted|p2a: Heatran
|-activate|p2a: Heatran|move: Substitute|[damage]
|-boost|p1a: Starburst|spe|1
|move|p2a: Heatran|Lava Plume|p1a: Starburst
|-damage|p1a: Starburst|11/100
|
|-heal|p2a: Heatran|70/100|[from] item: Leftovers
|upkeep
|turn|7
|
|t:|1758948180
|move|p1a: Starburst|Close Combat|p2a: Heatran
|-supereffective|p2a: Heatran
|-end|p2a: Heatran|Substitute
|-unboost|p1a: Starburst|def|1
|-unboost|p1a: Starburst|spd|1
|move|p2a: Heatran|Ancient Power|p1a: Starburst
|-resisted|p1a: Starburst
|-damage|p1a: Starburst|1/100
|
|-heal|p2a: Heatran|76/100|[from] item: Leftovers
|upkeep
|turn|8
|
|t:|1758948193
|switch|p2a: Zapdos|Zapdos|100/100
|-damage|p2a: Zapdos|76/100|[from] Stealth Rock
|move|p1a: Starburst|Close Combat|p2a: Zapdos
|-resisted|p2a: Zapdos
|-damage|p2a: Zapdos|44/100
|-unboost|p1a: Starburst|def|1
|-unboost|p1a: Starburst|spd|1
|
|-heal|p2a: Zapdos|50/100|[from] item: Leftovers
|upkeep
|turn|9
|
|t:|1758948206
|move|p1a: Starburst|Close Combat|p2a: Zapdos
|-resisted|p2a: Zapdos
|-damage|p2a: Zapdos|18/100
|-unboost|p1a: Starburst|def|1
|-unboost|p1a: Starburst|spd|1
|move|p2a: Zapdos|Roost|p2a: Zapdos
|-heal|p2a: Zapdos|68/100
|-singleturn|p2a: Zapdos|move: Roost
|
|-heal|p2a: Zapdos|75/100|[from] item: Leftovers
|upkeep
|turn|10
|
|t:|1758948219
|move|p1a: Starburst|Ice Spinner|p2a: Zapdos
|-supereffective|p2a: Zapdos
|-crit|p2a: Zapdos
|-damage|p2a: Zapdos|0 fnt
|faint|p2a: Zapdos
|
|upkeep
|
|t:|1758948230
|switch|p2a: Rotom|Rotom-Wash|100/100
|-damage|p2a: Rotom|88/100|[from] Stealth Rock
|turn|11
|inactive|Baby Key has 120 seconds left.
|
|t:|1758948276
|-end|p1a: Starburst|Protosynthesis|[silent]
|switch|p1a: Starlink|Bronzong, shiny|80/100 par
|move|p2a: Rotom|Thunder Wave|p1a: Starlink
|-fail|p1a: Starlink|par
|
|-heal|p2a: Rotom|94/100|[from] item: Leftovers
|upkeep
|turn|12
|
|t:|1758948291
|move|p2a: Rotom|Charge Beam|p1a: Starlink|[miss]
|-miss|p2a: Rotom|p1a: Starlink
|move|p1a: Starlink|Future Sight|p2a: Rotom
|-start|p1a: Starlink|move: Future Sight
|
|-heal|p2a: Rotom|100/100|[from] item: Leftovers
|upkeep
|turn|13
|
|t:|1758948299
|switch|p2a: Heatran|Heatran, M|76/100
|-damage|p2a: Heatran|63/100|[from] Stealth Rock
|move|p1a: Starlink|Body Press|p2a: Heatran
|-supereffective|p2a: Heatran
|-damage|p2a: Heatran|13/100
|
|-heal|p2a: Heatran|19/100|[from] item: Leftovers
|upkeep
|turn|14
|
|t:|1758948314
|switch|p1a: Starblaze|Heatran, M|100/100
|move|p2a: Heatran|Ancient Power|p1a: Starblaze
|-damage|p1a: Starblaze|88/100
|-boost|p2a: Heatran|atk|1
|-boost|p2a: Heatran|def|1
|-boost|p2a: Heatran|spa|1
|-boost|p2a: Heatran|spd|1
|-boost|p2a: Heatran|spe|1
|
|-end|p2a: Heatran|move: Future Sight
|-resisted|p2a: Heatran
|-damage|p2a: Heatran|12/100
|-heal|p2a: Heatran|18/100|[from] item: Leftovers
|-heal|p1a: Starblaze|95/100|[from] item: Leftovers
|upkeep
|turn|15
|
|t:|1758948333
|-terastallize|p2a: Heatran|Flying
|-terastallize|p1a: Starblaze|Grass
|move|p2a: Heatran|Ancient Power|p1a: Starblaze
|-damage|p1a: Starblaze|78/100
|move|p1a: Starblaze|Earth Power|p2a: Heatran
|-immune|p2a: Heatran
|
|-heal|p2a: Heatran|25/100|[from] item: Leftovers
|-heal|p1a: Starblaze|84/100|[from] item: Leftovers
|upkeep
|turn|16
|
|t:|1758948354
|move|p2a: Heatran|Ancient Power|p1a: Starblaze
|-damage|p1a: Starblaze|66/100
|move|p1a: Starblaze|Heavy Slam|p2a: Heatran
|-damage|p2a: Heatran|18/100
|-status|p1a: Starblaze|brn|[from] ability: Flame Body|[of] p2a: Heatran
|
|-heal|p2a: Heatran|24/100|[from] item: Leftovers
|-heal|p1a: Starblaze|72/100 brn|[from] item: Leftovers
|-damage|p1a: Starblaze|66/100 brn|[from] brn
|upkeep
|turn|17
|inactive|Charle_phate has 120 seconds left.
|
|t:|1758948372
|move|p2a: Heatran|Ancient Power|p1a: Starblaze
|-damage|p1a: Starblaze|49/100 brn
|move|p1a: Starblaze|Magma Storm|p2a: Heatran|[miss]
|-miss|p1a: Starblaze|p2a: Heatran
|
|-heal|p2a: Heatran|30/100|[from] item: Leftovers
|-heal|p1a: Starblaze|55/100 brn|[from] item: Leftovers
|-damage|p1a: Starblaze|49/100 brn|[from] brn
|upkeep
|turn|18
|inactive|Charle_phate has 120 seconds left.
|
|t:|1758948383
|move|p2a: Heatran|Substitute|p2a: Heatran
|-start|p2a: Heatran|Substitute
|-damage|p2a: Heatran|5/100
|move|p1a: Starblaze|Magma Storm|p2a: Heatran
|-activate|p2a: Heatran|move: Substitute|[damage]
|
|-heal|p2a: Heatran|11/100|[from] item: Leftovers
|-heal|p1a: Starblaze|55/100 brn|[from] item: Leftovers
|-damage|p1a: Starblaze|49/100 brn|[from] brn
|upkeep
|turn|19
|inactive|Baby Key has 120 seconds left.
|inactive|Charle_phate has 120 seconds left.
|
|t:|1758948397
|move|p2a: Heatran|Ancient Power|p1a: Starblaze
|-damage|p1a: Starblaze|33/100 brn
|move|p1a: Starblaze|Magma Storm|p2a: Heatran
|-end|p2a: Heatran|Substitute
|
|-heal|p2a: Heatran|18/100|[from] item: Leftovers
|-heal|p1a: Starblaze|39/100 brn|[from] item: Leftovers
|-damage|p1a: Starblaze|33/100 brn|[from] brn
|upkeep
|turn|20
|inactive|Baby Key has 120 seconds left.
|inactive|Charle_phate has 120 seconds left.
|
|t:|1758948409
|move|p2a: Heatran|Ancient Power|p1a: Starblaze
|-damage|p1a: Starblaze|14/100 brn
|move|p1a: Starblaze|Magma Storm|p2a: Heatran
|-damage|p2a: Heatran|0 fnt
|faint|p2a: Heatran
|
|-heal|p1a: Starblaze|21/100 brn|[from] item: Leftovers
|-damage|p1a: Starblaze|14/100 brn|[from] brn
|upkeep
|inactive|Charle_phate has 120 seconds left.
|
|t:|1758948432
|switch|p2a: Serperior|Serperior, F|100/100
|-damage|p2a: Serperior|88/100|[from] Stealth Rock
|turn|21
|
|t:|1758948443
|move|p2a: Serperior|Substitute|p2a: Serperior
|-start|p2a: Serperior|Substitute
|-damage|p2a: Serperior|63/100
|move|p1a: Starblaze|Magma Storm|p2a: Serperior|[miss]
|-miss|p1a: Starblaze|p2a: Serperior
|
|-heal|p2a: Serperior|69/100|[from] item: Leftovers
|-heal|p1a: Starblaze|21/100 brn|[from] item: Leftovers
|-damage|p1a: Starblaze|14/100 brn|[from] brn
|upkeep
|turn|22
|inactive|Baby Key has 120 seconds left.
|
|t:|1758948461
|move|p2a: Serperior|Leaf Storm|p1a: Starblaze
|-resisted|p1a: Starblaze
|-damage|p1a: Starblaze|0 fnt
|-boost|p2a: Serperior|spa|2
|faint|p1a: Starblaze
|
|-heal|p2a: Serperior|75/100|[from] item: Leftovers
|upkeep
|
|t:|1758948463
|switch|p1a: Stardrum|Rillaboom, M|100/100
|-fieldstart|move: Grassy Terrain|[from] ability: Grassy Surge|[of] p1a: Stardrum
|turn|23
|inactive|Charle_phate has 120 seconds left.
|inactive|Charle_phate has 90 seconds left.
|
|t:|1758948512
|move|p2a: Serperior|Glare|p1a: Stardrum
|-status|p1a: Stardrum|par
|cant|p1a: Stardrum|par
|
|-heal|p2a: Serperior|82/100|[from] Grassy Terrain
|-heal|p2a: Serperior|88/100|[from] item: Leftovers
|upkeep
|turn|24
|
|t:|1758948523
|move|p2a: Serperior|Leaf Storm|p1a: Stardrum
|-resisted|p1a: Stardrum
|-damage|p1a: Stardrum|24/100 par
|-boost|p2a: Serperior|spa|2
|move|p1a: Stardrum|U-turn|p2a: Serperior
|-supereffective|p2a: Serperior
|-end|p2a: Serperior|Substitute
|inactive|Baby Key has 120 seconds left.
|
|t:|1758948552
|switch|p1a: Starscream|Dragapult, M|100/100|[from] U-turn
|
|-heal|p2a: Serperior|94/100|[from] Grassy Terrain
|-heal|p2a: Serperior|99/100|[from] item: Leftovers
|upkeep
|turn|25
|inactive|Baby Key has 120 seconds left.
|inactive|Charle_phate has 90 seconds left.
|l|☆Charle_phate
|inactive|Charle_phate disconnected and has a minute to reconnect!
|player|p2|
|inactive|Charle_phate has 30 seconds to reconnect!
|j|☆Charle_phate
|inactive|Charle_phate reconnected and has 50 seconds left.
|player|p2|Charle_phate|blue|
|
|t:|1758948618
|move|p1a: Starscream|Flamethrower|p2a: Serperior
|-supereffective|p2a: Serperior
|-crit|p2a: Serperior
|-damage|p2a: Serperior|0 fnt
|faint|p2a: Serperior
|
|upkeep
|inactive|Charle_phate has 30 seconds left.
|inactive|Charle_phate has 20 seconds left.
|inactive|Charle_phate has 15 seconds left.
|
|t:|1758948644
|switch|p2a: Rotom|Rotom-Wash|100/100
|-damage|p2a: Rotom|88/100|[from] Stealth Rock
|turn|26
|inactive|Charle_phate has 25 seconds left this turn.
|inactive|Charle_phate has 20 seconds left.
|
|t:|1758948657
|switch|p1a: Starlink|Bronzong, shiny|80/100 par
|move|p2a: Rotom|Thunder Wave|p1a: Starlink|[miss]
|-miss|p2a: Rotom|p1a: Starlink
|
|-heal|p2a: Rotom|94/100|[from] item: Leftovers
|upkeep
|turn|27
|inactive|Charle_phate has 30 seconds left this turn.
|inactive|Baby Key has 120 seconds left.
|
|t:|1758948678
|move|p2a: Rotom|Charge Beam|p1a: Starlink
|-damage|p1a: Starlink|58/100 par
|move|p1a: Starlink|Future Sight|p2a: Rotom
|-start|p1a: Starlink|move: Future Sight
|
|-heal|p2a: Rotom|100/100|[from] item: Leftovers
|upkeep
|turn|28
|inactive|Baby Key has 120 seconds left.
|inactive|Charle_phate has 30 seconds left.
|inactive|Charle_phate has 20 seconds left.
|inactive|Charle_phate has 15 seconds left.
|
|t:|1758948700
|move|p2a: Rotom|Charge Beam|p1a: Starlink
|-damage|p1a: Starlink|35/100 par
|-boost|p2a: Rotom|spa|1
|move|p1a: Starlink|Psychic Noise|p2a: Rotom
|-damage|p2a: Rotom|76/100
|-start|p2a: Rotom|move: Heal Block
|
|upkeep
|turn|29
|inactive|Charle_phate has 25 seconds left this turn.
|inactive|Baby Key has 120 seconds left.
|inactive|Charle_phate has 20 seconds left.
|
|t:|1758948720
|switch|p1a: Starburst|Great Tusk|1/100
|move|p2a: Rotom|Hydro Pump|p1a: Starburst
|-supereffective|p1a: Starburst
|-damage|p1a: Starburst|0 fnt
|faint|p1a: Starburst
|-end|p1a: Starburst|Protosynthesis|[silent]
|
|-end|p2a: Rotom|move: Future Sight
|-damage|p2a: Rotom|40/100
|-end|p2a: Rotom|move: Heal Block
|upkeep
|
|t:|1758948729
|switch|p1a: Starscream|Dragapult, M|100/100
|turn|30
|inactive|Charle_phate has 30 seconds left.
|
|t:|1758948734
|move|p1a: Starscream|Shadow Ball|p2a: Rotom
|-damage|p2a: Rotom|0 fnt
|faint|p2a: Rotom
|
|-fieldend|move: Grassy Terrain
|upkeep
|inactive|Charle_phate has 30 seconds left.
|inactive|Charle_phate has 20 seconds left.
|
|t:|1758948753
|switch|p2a: Clefable|Clefable, M|100/100
|turn|31
|inactive|Charle_phate has 30 seconds left this turn.
|inactive|Baby Key has 120 seconds left.
|
|t:|1758948764
|switch|p1a: Stardrum|Rillaboom, M|24/100 par
|-fieldstart|move: Grassy Terrain|[from] ability: Grassy Surge|[of] p1a: Stardrum
|move|p2a: Clefable|Cosmic Power|p2a: Clefable
|-boost|p2a: Clefable|def|1
|-boost|p2a: Clefable|spd|1
|
|-heal|p1a: Stardrum|31/100 par|[from] Grassy Terrain
|upkeep
|turn|32
|inactive|Baby Key has 120 seconds left.
|inactive|Charle_phate has 30 seconds left.
|
|t:|1758948776
|move|p2a: Clefable|Cosmic Power|p2a: Clefable
|-boost|p2a: Clefable|def|1
|-boost|p2a: Clefable|spd|1
|move|p1a: Stardrum|U-turn|p2a: Clefable
|-resisted|p2a: Clefable
|-damage|p2a: Clefable|94/100
|
|t:|1758948793
|switch|p1a: Starforce|Ogerpon-Wellspring, F|100/100|[from] U-turn
|
|-heal|p2a: Clefable|100/100|[from] Grassy Terrain
|upkeep
|turn|33
|inactive|Charle_phate has 30 seconds left.
|
|t:|1758948808
|move|p1a: Starforce|Ivy Cudgel|p2a: Clefable|[anim] Ivy Cudgel Water
|-damage|p2a: Clefable|74/100
|move|p2a: Clefable|Cosmic Power|p2a: Clefable
|-boost|p2a: Clefable|def|1
|-boost|p2a: Clefable|spd|1
|
|-heal|p2a: Clefable|80/100|[from] Grassy Terrain
|-heal|p2a: Clefable|86/100|[from] item: Leftovers
|upkeep
|turn|34
|
|t:|1758948823
|move|p1a: Starforce|Swords Dance|p1a: Starforce
|-boost|p1a: Starforce|atk|2
|move|p2a: Clefable|Cosmic Power|p2a: Clefable
|-boost|p2a: Clefable|def|1
|-boost|p2a: Clefable|spd|1
|
|-heal|p2a: Clefable|92/100|[from] Grassy Terrain
|-heal|p2a: Clefable|98/100|[from] item: Leftovers
|upkeep
|turn|35
|
|t:|1758948827
|move|p1a: Starforce|Ivy Cudgel|p2a: Clefable|[anim] Ivy Cudgel Water
|-damage|p2a: Clefable|59/100
|move|p2a: Clefable|Cosmic Power|p2a: Clefable
|-boost|p2a: Clefable|def|1
|-boost|p2a: Clefable|spd|1
|
|-heal|p2a: Clefable|65/100|[from] Grassy Terrain
|-heal|p2a: Clefable|71/100|[from] item: Leftovers
|upkeep
|turn|36
|inactive|Baby Key has 120 seconds left.
|
|t:|1758948839
|move|p1a: Starforce|Ivy Cudgel|p2a: Clefable|[anim] Ivy Cudgel Water
|-damage|p2a: Clefable|36/100
|move|p2a: Clefable|Cosmic Power|p2a: Clefable
|-boost|p2a: Clefable|def|1
|-boost|p2a: Clefable|spd|1
|
|-heal|p2a: Clefable|42/100|[from] Grassy Terrain
|-heal|p2a: Clefable|48/100|[from] item: Leftovers
|upkeep
|turn|37
|
|t:|1758948848
|move|p1a: Starforce|Swords Dance|p1a: Starforce
|-boost|p1a: Starforce|atk|2
|move|p2a: Clefable|Draining Kiss|p1a: Starforce
|-damage|p1a: Starforce|80/100
|-heal|p2a: Clefable|61/100|[from] drain|[of] p1a: Starforce
|
|-heal|p1a: Starforce|86/100|[from] Grassy Terrain
|-heal|p2a: Clefable|67/100|[from] Grassy Terrain
|-heal|p2a: Clefable|73/100|[from] item: Leftovers
|upkeep
|turn|38
|
|t:|1758948853
|move|p1a: Starforce|Ivy Cudgel|p2a: Clefable|[anim] Ivy Cudgel Water
|-damage|p2a: Clefable|31/100
|move|p2a: Clefable|Stored Power|p1a: Starforce
|-damage|p1a: Starforce|21/100
|
|-heal|p1a: Starforce|27/100|[from] Grassy Terrain
|-heal|p2a: Clefable|37/100|[from] Grassy Terrain
|-heal|p2a: Clefable|43/100|[from] item: Leftovers
|-fieldend|move: Grassy Terrain
|upkeep
|turn|39
|
|t:|1758948860
|move|p1a: Starforce|Ivy Cudgel|p2a: Clefable|[anim] Ivy Cudgel Water
|-damage|p2a: Clefable|2/100
|move|p2a: Clefable|Stored Power|p1a: Starforce
|-damage|p1a: Starforce|0 fnt
|faint|p1a: Starforce
|
|-heal|p2a: Clefable|8/100|[from] item: Leftovers
|upkeep
|
|t:|1758948866
|switch|p1a: Stardrum|Rillaboom, M|31/100 par
|-fieldstart|move: Grassy Terrain|[from] ability: Grassy Surge|[of] p1a: Stardrum
|turn|40
|
|t:|1758948892
|move|p1a: Stardrum|Grassy Glide|p2a: Clefable
|-damage|p2a: Clefable|0 fnt
|faint|p2a: Clefable
|
|-heal|p1a: Stardrum|37/100 par|[from] Grassy Terrain
|upkeep
|inactive|Charle_phate has 90 seconds left.
|
|t:|1758948911
|switch|p2a: Landorus|Landorus-Therian, M|100/100
|-damage|p2a: Landorus|88/100|[from] Stealth Rock
|-ability|p2a: Landorus|Intimidate|boost
|-unboost|p1a: Stardrum|atk|1
|turn|41
|
|t:|1758948918
|switch|p1a: Starlink|Bronzong, shiny|35/100 par
|move|p2a: Landorus|Swords Dance|p2a: Landorus
|-boost|p2a: Landorus|atk|2
|
|-heal|p2a: Landorus|94/100|[from] item: Leftovers
|upkeep
|turn|42
|inactive|Charle_phate has 90 seconds left.
|
|t:|1758948939
|move|p2a: Landorus|Earthquake|p1a: Starlink
|-immune|p1a: Starlink|[from] ability: Levitate
|move|p1a: Starlink|Psychic Noise|p2a: Landorus
|-damage|p2a: Landorus|68/100
|-start|p2a: Landorus|move: Heal Block
|
|upkeep
|turn|43
|
|t:|1758948948
|move|p2a: Landorus|Rock Slide|p1a: Starlink
|-resisted|p1a: Starlink
|-damage|p1a: Starlink|18/100 par
|cant|p1a: Starlink|flinch
|
|-end|p2a: Landorus|move: Heal Block
|upkeep
|turn|44
|inactive|Charle_phate has 90 seconds left.
|
|t:|1758948987
|move|p2a: Landorus|Rock Slide|p1a: Starlink
|-resisted|p1a: Starlink
|-damage|p1a: Starlink|0 fnt
|faint|p1a: Starlink
|
|-heal|p2a: Landorus|74/100|[from] item: Leftovers
|upkeep
|
|t:|1758949003
|switch|p1a: Stardrum|Rillaboom, M|37/100 par
|turn|45
|
|t:|1758949018
|move|p1a: Stardrum|Grassy Glide|p2a: Landorus
|-damage|p2a: Landorus|24/100
|move|p2a: Landorus|Earthquake|p1a: Stardrum
|-resisted|p1a: Stardrum
|-damage|p1a: Stardrum|9/100 par
|
|-heal|p2a: Landorus|30/100|[from] item: Leftovers
|-heal|p1a: Stardrum|15/100 par|[from] Grassy Terrain
|upkeep
|turn|46
|
|t:|1758949033
|move|p1a: Stardrum|Grassy Glide|p2a: Landorus
|-damage|p2a: Landorus|0 fnt
|faint|p2a: Landorus
|
|win|Baby Key
|raw|Baby Key's rating: 1384 &rarr; <strong>1407</strong><br />(+23 for winning)
|raw|Charle_phate's rating: 1437 &rarr; <strong>1414</strong><br />(-23 for losing)
|l|☆Baby Key
|player|p1|
|l|☆Charle_phate
|player|p2|
