|j|☆mikeim520
|j|☆lt124yh 925
|t:|1758934979
|gametype|singles
|player|p1|mikeim520|red|1766
|player|p2|lt124yh 925|pokemonbreederf-gen4|1779
|gen|9
|tier|[Gen 9] OU
|rated|
|rule|HP Percentage Mod: HP is shown in percentages
|rule|Endless Battle Clause: Forcing endless battles is banned
|rule|Species Clause: Limit one of each Pokémon
|rule|OHKO Clause: OHKO moves are banned
|rule|Evasion Items Clause: Evasion items are banned
|rule|Evasion Moves Clause: Evasion moves are banned
|rule|Evasion Abilities Clause: Evasion abilities are banned
|rule|Sleep Moves Clause: Sleep-inducing moves are banned
|clearpoke
|poke|p1|Latios, M|
|poke|p1|Toxapex, F|
|poke|p1|Darkrai|
|poke|p1|Corviknight, F|
|poke|p1|Iron Treads|
|poke|p1|Gliscor, F|
|poke|p2|Hatterene, F|
|poke|p2|Iron Crown|
|poke|p2|Ogerpon-Wellspring, F|
|poke|p2|Landorus-Therian, M|
|poke|p2|Zamazenta-*|
|poke|p2|Ting-Lu|
|teampreview
|inactive|Battle timer is ON: inactive players will automatically lose when time's up. (requested by lt124yh 925)
|c|☆lt124yh 925|hf
|c|☆mikeim520|Hello
|inactive|lt124yh 925 has 120 seconds left.
|
|t:|1758935021
|teamsize|p1|6
|teamsize|p2|6
|start
|switch|p1a: Darkrai|Darkrai|100/100
|switch|p2a: Hatterene|Hatterene, F|100/100
|turn|1
|
|t:|1758935034
|-terastallize|p1a: Darkrai|Poison
|move|p1a: Darkrai|Sludge Bomb|p2a: Hatterene
|-supereffective|p2a: Hatterene
|-damage|p2a: Hatterene|0 fnt
|faint|p2a: Hatterene
|
|upkeep
|
|t:|1758935038
|switch|p2a: Ting-Lu|Ting-Lu|100/100
|-ability|p2a: Ting-Lu|Vessel of Ruin
|turn|2
|
|t:|1758935060
|switch|p1a: Gliscor|Gliscor, F|100/100
|move|p2a: Ting-Lu|Spikes|p1a: Gliscor
|-sidestart|p1: mikeim520|Spikes
|
|-status|p1a: Gliscor|tox|[from] item: Toxic Orb
|upkeep
|turn|3
|
|t:|1758935064
|move|p1a: Gliscor|Knock Off|p2a: Ting-Lu
|-resisted|p2a: Ting-Lu
|-crit|p2a: Ting-Lu
|-damage|p2a: Ting-Lu|91/100
|-enditem|p2a: Ting-Lu|Leftovers|[from] move: Knock Off|[of] p1a: Gliscor
|move|p2a: Ting-Lu|Ruination|p1a: Gliscor
|-damage|p1a: Gliscor|50/100 tox
|
|-heal|p1a: Gliscor|63/100 tox|[from] ability: Poison Heal
|upkeep
|turn|4
|
|t:|1758935067
|switch|p2a: Ogerpon|Ogerpon-Wellspring, F|100/100
|move|p1a: Gliscor|Spikes|p2a: Ogerpon
|-sidestart|p2: lt124yh 925|Spikes
|
|-heal|p1a: Gliscor|75/100 tox|[from] ability: Poison Heal
|upkeep
|turn|5
|
|t:|1758935070
|switch|p1a: Toxapex|Toxapex, F|100/100
|-damage|p1a: Toxapex|88/100|[from] Spikes
|move|p2a: Ogerpon|Ivy Cudgel|p1a: Toxapex|[anim] Ivy Cudgel Water
|-resisted|p1a: Toxapex
|-damage|p1a: Toxapex|66/100
|
|-heal|p1a: Toxapex|73/100|[from] item: Leftovers
|upkeep
|turn|6
|
|t:|1758935072
|move|p2a: Ogerpon|Knock Off|p1a: Toxapex
|-damage|p1a: Toxapex|40/100
|-enditem|p1a: Toxapex|Leftovers|[from] move: Knock Off|[of] p2a: Ogerpon
|move|p1a: Toxapex|Toxic|p2a: Ogerpon
|-status|p2a: Ogerpon|tox
|
|-damage|p2a: Ogerpon|95/100 tox|[from] psn
|upkeep
|turn|7
|
|t:|1758935076
|move|p2a: Ogerpon|Power Whip|p1a: Toxapex
|-damage|p1a: Toxapex|0 fnt
|faint|p1a: Toxapex
|
|-damage|p2a: Ogerpon|83/100 tox|[from] psn
|upkeep
|
|t:|1758935078
|switch|p1a: Darkrai|Darkrai, tera:Poison|100/100
|-damage|p1a: Darkrai|88/100|[from] Spikes
|turn|8
|
|t:|1758935086
|switch|p2a: Ting-Lu|Ting-Lu|91/100
|-damage|p2a: Ting-Lu|79/100|[from] Spikes
|-ability|p2a: Ting-Lu|Vessel of Ruin
|move|p1a: Darkrai|Ice Beam|p2a: Ting-Lu
|-supereffective|p2a: Ting-Lu
|-damage|p2a: Ting-Lu|39/100
|
|upkeep
|turn|9
|
|t:|1758935090
|switch|p2a: Iron Crown|Iron Crown|100/100
|-damage|p2a: Iron Crown|88/100|[from] Spikes
|move|p1a: Darkrai|Ice Beam|p2a: Iron Crown
|-resisted|p2a: Iron Crown
|-damage|p2a: Iron Crown|64/100
|
|upkeep
|turn|10
|
|t:|1758935092
|switch|p1a: Iron Treads|Iron Treads|100/100
|-damage|p1a: Iron Treads|88/100|[from] Spikes
|move|p2a: Iron Crown|Tachyon Cutter|p1a: Iron Treads
|-resisted|p1a: Iron Treads
|-damage|p1a: Iron Treads|74/100
|-resisted|p1a: Iron Treads
|-damage|p1a: Iron Treads|59/100
|-hitcount|p1a: Iron Treads|2
|
|-heal|p1a: Iron Treads|65/100|[from] item: Leftovers
|upkeep
|turn|11
|
|t:|1758935095
|-end|p2a: Iron Crown|Quark Drive|[silent]
|switch|p2a: Landorus|Landorus-Therian, M|100/100
|-ability|p2a: Landorus|Intimidate|boost
|-unboost|p1a: Iron Treads|atk|1
|move|p1a: Iron Treads|Stealth Rock|p2a: Landorus
|-sidestart|p2: lt124yh 925|move: Stealth Rock
|
|-heal|p1a: Iron Treads|71/100|[from] item: Leftovers
|upkeep
|turn|12
|
|t:|1758935099
|-end|p1a: Iron Treads|Quark Drive|[silent]
|switch|p1a: Latios|Latios, M|100/100
|move|p2a: Landorus|Earth Power|p1a: Latios
|-immune|p1a: Latios|[from] ability: Levitate
|
|upkeep
|turn|13
|
|t:|1758935104
|switch|p1a: Gliscor|Gliscor, F|75/100 tox
|switch|p2a: Ting-Lu|Ting-Lu|39/100
|-damage|p2a: Ting-Lu|26/100|[from] Spikes
|-damage|p2a: Ting-Lu|20/100|[from] Stealth Rock
|-ability|p2a: Ting-Lu|Vessel of Ruin
|
|-heal|p1a: Gliscor|88/100 tox|[from] ability: Poison Heal
|upkeep
|turn|14
|
|t:|1758935106
|move|p1a: Gliscor|Earthquake|p2a: Ting-Lu
|-damage|p2a: Ting-Lu|0 fnt
|faint|p2a: Ting-Lu
|
|-heal|p1a: Gliscor|100/100 tox|[from] ability: Poison Heal
|upkeep
|
|t:|1758935109
|switch|p2a: Ogerpon|Ogerpon-Wellspring, F|83/100 tox
|-damage|p2a: Ogerpon|70/100 tox|[from] Spikes
|-damage|p2a: Ogerpon|58/100 tox|[from] Stealth Rock
|turn|15
|
|t:|1758935112
|switch|p1a: Corviknight|Corviknight, F|100/100
|-ability|p1a: Corviknight|Pressure
|move|p2a: Ogerpon|Ivy Cudgel|p1a: Corviknight|[anim] Ivy Cudgel Water
|-crit|p1a: Corviknight
|-damage|p1a: Corviknight|43/100
|
|-heal|p1a: Corviknight|49/100|[from] item: Leftovers
|-damage|p2a: Ogerpon|52/100 tox|[from] psn
|upkeep
|turn|16
|
|t:|1758935122
|move|p2a: Ogerpon|Knock Off|p1a: Corviknight
|-damage|p1a: Corviknight|26/100
|-enditem|p1a: Corviknight|Leftovers|[from] move: Knock Off|[of] p2a: Ogerpon
|move|p1a: Corviknight|Roost|p1a: Corviknight
|-heal|p1a: Corviknight|76/100
|-singleturn|p1a: Corviknight|move: Roost
|
|-damage|p2a: Ogerpon|40/100 tox|[from] psn
|upkeep
|turn|17
|
|t:|1758935126
|switch|p2a: Iron Crown|Iron Crown|64/100
|-damage|p2a: Iron Crown|52/100|[from] Spikes
|-damage|p2a: Iron Crown|46/100|[from] Stealth Rock
|move|p1a: Corviknight|Roost|p1a: Corviknight
|-heal|p1a: Corviknight|100/100
|-singleturn|p1a: Corviknight|move: Roost
|
|upkeep
|turn|18
|
|t:|1758935130
|move|p2a: Iron Crown|Focus Blast|p1a: Corviknight
|-crit|p1a: Corviknight
|-damage|p1a: Corviknight|15/100
|-unboost|p1a: Corviknight|spd|1
|move|p1a: Corviknight|U-turn|p2a: Iron Crown
|-damage|p2a: Iron Crown|30/100
|
|t:|1758935134
|switch|p1a: Latios|Latios, M|100/100|[from] U-turn
|
|upkeep
|turn|19
|
|t:|1758935141
|move|p1a: Latios|Substitute|p1a: Latios
|-start|p1a: Latios|Substitute
|-damage|p1a: Latios|76/100
|move|p2a: Iron Crown|Focus Blast|p1a: Latios|[miss]
|-miss|p2a: Iron Crown|p1a: Latios
|
|-heal|p1a: Latios|82/100|[from] item: Leftovers
|upkeep
|turn|20
|
|t:|1758935146
|move|p1a: Latios|Shadow Ball|p2a: Iron Crown
|-supereffective|p2a: Iron Crown
|-damage|p2a: Iron Crown|0 fnt
|faint|p2a: Iron Crown
|-end|p2a: Iron Crown|Quark Drive|[silent]
|
|-heal|p1a: Latios|88/100|[from] item: Leftovers
|upkeep
|
|t:|1758935149
|switch|p2a: Ogerpon|Ogerpon-Wellspring, F|40/100 tox
|-damage|p2a: Ogerpon|28/100 tox|[from] Spikes
|-damage|p2a: Ogerpon|15/100 tox|[from] Stealth Rock
|turn|21
|inactive|mikeim520 has 120 seconds left.
|
|t:|1758935188
|move|p2a: Ogerpon|Knock Off|p1a: Latios
|-supereffective|p1a: Latios
|-end|p1a: Latios|Substitute
|move|p1a: Latios|Luster Purge|p2a: Ogerpon
|-damage|p2a: Ogerpon|0 fnt
|faint|p2a: Ogerpon
|
|-heal|p1a: Latios|94/100|[from] item: Leftovers
|upkeep
|
|t:|1758935204
|switch|p2a: Landorus|Landorus-Therian, M|100/100
|-damage|p2a: Landorus|88/100|[from] Stealth Rock
|-ability|p2a: Landorus|Intimidate|boost
|-unboost|p1a: Latios|atk|1
|turn|22
|
|t:|1758935206
|move|p1a: Latios|Substitute|p1a: Latios
|-start|p1a: Latios|Substitute
|-damage|p1a: Latios|69/100
|move|p2a: Landorus|U-turn|p1a: Latios
|-supereffective|p1a: Latios
|-end|p1a: Latios|Substitute
|
|t:|1758935208
|switch|p2a: Zamazenta|Zamazenta|100/100|[from] U-turn
|-damage|p2a: Zamazenta|88/100|[from] Spikes
|-damage|p2a: Zamazenta|82/100|[from] Stealth Rock
|-ability|p2a: Zamazenta|Dauntless Shield|boost
|-boost|p2a: Zamazenta|def|1
|
|-heal|p2a: Zamazenta|88/100|[from] item: Leftovers
|-heal|p1a: Latios|75/100|[from] item: Leftovers
|upkeep
|turn|23
|inactive|mikeim520 has 120 seconds left.
|inactive|mikeim520 has 90 seconds left.
|
|t:|1758935272
|-terastallize|p2a: Zamazenta|Fire
|move|p2a: Zamazenta|Iron Defense|p2a: Zamazenta
|-boost|p2a: Zamazenta|def|2
|move|p1a: Latios|Luster Purge|p2a: Zamazenta
|-damage|p2a: Zamazenta|52/100
|
|-heal|p2a: Zamazenta|58/100|[from] item: Leftovers
|-heal|p1a: Latios|81/100|[from] item: Leftovers
|upkeep
|turn|24
|
|t:|1758935293
|move|p2a: Zamazenta|Crunch|p1a: Latios
|-supereffective|p1a: Latios
|-damage|p1a: Latios|18/100
|move|p1a: Latios|Luster Purge|p2a: Zamazenta
|-damage|p2a: Zamazenta|19/100
|
|-heal|p2a: Zamazenta|25/100|[from] item: Leftovers
|-heal|p1a: Latios|24/100|[from] item: Leftovers
|upkeep
|turn|25
|inactive|mikeim520 has 90 seconds left.
|
|t:|1758935328
|move|p2a: Zamazenta|Body Press|p1a: Latios
|-resisted|p1a: Latios
|-damage|p1a: Latios|0 fnt
|faint|p1a: Latios
|
|-heal|p2a: Zamazenta|32/100|[from] item: Leftovers
|upkeep
|
|t:|1758935330
|switch|p1a: Gliscor|Gliscor, F|100/100 tox
|turn|26
|
|t:|1758935338
|move|p2a: Zamazenta|Iron Defense|p2a: Zamazenta
|-boost|p2a: Zamazenta|def|2
|move|p1a: Gliscor|Knock Off|p2a: Zamazenta
|-damage|p2a: Zamazenta|27/100
|-enditem|p2a: Zamazenta|Leftovers|[from] move: Knock Off|[of] p1a: Gliscor
|
|upkeep
|turn|27
|
|t:|1758935341
|move|p2a: Zamazenta|Body Press|p1a: Gliscor
|-resisted|p1a: Gliscor
|-damage|p1a: Gliscor|70/100 tox
|move|p1a: Gliscor|Earthquake|p2a: Zamazenta
|-supereffective|p2a: Zamazenta
|-damage|p2a: Zamazenta|11/100
|
|-heal|p1a: Gliscor|83/100 tox|[from] ability: Poison Heal
|upkeep
|turn|28
|c|☆lt124yh 925|gg
|-message|lt124yh 925 forfeited.
|
|win|mikeim520
|raw|mikeim520's rating: 1766 &rarr; <strong>1787</strong><br />(+21 for winning)
|raw|lt124yh 925's rating: 1779 &rarr; <strong>1758</strong><br />(-21 for losing)
|l|☆lt124yh 925
|player|p2|
|c|☆mikeim520|gg wp
|l|☆mikeim520
|player|p1|
