|j|☆nicolandria12
|j|☆Nushinator
|t:|1759033654
|gametype|singles
|player|p1|nicolandria12|266|1489
|player|p2|Nushinator|bugcatcher-gen4dp|1519
|gen|9
|tier|[Gen 9] OU
|rated|
|rule|HP Percentage Mod: HP is shown in percentages
|rule|Endless Battle Clause: Forcing endless battles is banned
|rule|Species Clause: Limit one of each Pokémon
|rule|OHKO Clause: OHKO moves are banned
|rule|Evasion Items Clause: Evasion items are banned
|rule|Evasion Moves Clause: Evasion moves are banned
|rule|Evasion Abilities Clause: Evasion abilities are banned
|rule|Sleep Moves Clause: Sleep-inducing moves are banned
|clearpoke
|poke|p1|Moltres|
|poke|p1|Ogerpon-Wellspring, F|
|poke|p1|Iron Treads|
|poke|p1|Slowking-Galar, M|
|poke|p1|Zamazenta-*|
|poke|p1|Clefable, M|
|poke|p2|Raging Bolt|
|poke|p2|Corviknight, M|
|poke|p2|Great Tusk|
|poke|p2|Ting-Lu|
|poke|p2|Alomomola, F|
|poke|p2|Hatterene, F|
|teampreview
|inactive|Battle timer is ON: inactive players will automatically lose when time's up. (requested by Nushinator)
|inactive|nicolandria12 also wants the timer to be on.
|
|t:|1759033663
|teamsize|p1|6
|teamsize|p2|6
|start
|switch|p1a: Slowking|Slowking-Galar, M|100/100
|switch|p2a: Hatterene|Hatterene, F|100/100
|turn|1
|
|t:|1759033676
|switch|p2a: Ting-Lu|Ting-Lu|100/100
|-ability|p2a: Ting-Lu|Vessel of Ruin
|move|p1a: Slowking|Sludge Wave|p2a: Ting-Lu
|-resisted|p2a: Ting-Lu
|-damage|p2a: Ting-Lu|93/100
|
|-heal|p2a: Ting-Lu|99/100|[from] item: Leftovers
|upkeep
|turn|2
|
|t:|1759033686
|move|p2a: Ting-Lu|Ruination|p1a: Slowking
|-damage|p1a: Slowking|50/100
|move|p1a: Slowking|Toxic|p2a: Ting-Lu
|-status|p2a: Ting-Lu|tox
|
|-heal|p2a: Ting-Lu|100/100 tox|[from] item: Leftovers
|-heal|p1a: Slowking|57/100|[from] item: Leftovers
|-damage|p2a: Ting-Lu|94/100 tox|[from] psn
|upkeep
|turn|3
|
|t:|1759033697
|switch|p1a: Clefable|Clefable, M|100/100
|move|p2a: Ting-Lu|Spikes|p1a: Clefable
|-sidestart|p1: nicolandria12|Spikes
|
|-heal|p2a: Ting-Lu|100/100 tox|[from] item: Leftovers
|-damage|p2a: Ting-Lu|88/100 tox|[from] psn
|upkeep
|turn|4
|
|t:|1759033707
|switch|p2a: Hatterene|Hatterene, F|100/100
|move|p1a: Clefable|Stealth Rock|p2a: Hatterene
|move|p2a: Hatterene|Stealth Rock|p1a: Clefable|[from] ability: Magic Bounce
|-sidestart|p1: nicolandria12|move: Stealth Rock
|
|upkeep
|turn|5
|
|t:|1759033716
|move|p1a: Clefable|Stealth Rock|p2a: Hatterene
|move|p2a: Hatterene|Stealth Rock||[from] ability: Magic Bounce|[still]
|-fail|p2a: Hatterene
|move|p2a: Hatterene|Psychic Noise|p1a: Clefable
|-damage|p1a: Clefable|65/100
|-start|p1a: Clefable|move: Heal Block
|
|upkeep
|turn|6
|
|t:|1759033729
|move|p1a: Clefable|Thunder Wave|p2a: Hatterene
|move|p2a: Hatterene|Thunder Wave|p1a: Clefable|[from] ability: Magic Bounce
|-status|p1a: Clefable|par
|move|p2a: Hatterene|Psychic Noise|p1a: Clefable
|-damage|p1a: Clefable|24/100 par
|
|-end|p1a: Clefable|move: Heal Block
|upkeep
|turn|7
|-enditem|p1a: Clefable|Custap Berry|[eat]
|-activate|p1a: Clefable|item: Custap Berry|[consumed]
|
|t:|1759033744
|move|p1a: Clefable|Moonblast|p2a: Hatterene
|-damage|p2a: Hatterene|70/100
|move|p2a: Hatterene|Psychic Noise|p1a: Clefable
|-damage|p1a: Clefable|0 fnt
|faint|p1a: Clefable
|
|upkeep
|
|t:|1759033755
|switch|p1a: Iron Treads|Iron Treads|100/100
|-damage|p1a: Iron Treads|88/100|[from] Spikes
|-damage|p1a: Iron Treads|85/100|[from] Stealth Rock
|turn|8
|
|t:|1759033761
|move|p1a: Iron Treads|Rapid Spin|p2a: Hatterene
|-damage|p2a: Hatterene|52/100
|-boost|p1a: Iron Treads|spe|1
|-sideend|p1: nicolandria12|Spikes|[from] move: Rapid Spin|[of] p1a: Iron Treads
|-sideend|p1: nicolandria12|Stealth Rock|[from] move: Rapid Spin|[of] p1a: Iron Treads
|move|p2a: Hatterene|Mystical Fire|p1a: Iron Treads
|-supereffective|p1a: Iron Treads
|-damage|p1a: Iron Treads|24/100
|-unboost|p1a: Iron Treads|spa|1
|
|upkeep
|turn|9
|
|t:|1759033770
|move|p1a: Iron Treads|Heavy Slam|p2a: Hatterene
|-supereffective|p2a: Hatterene
|-damage|p2a: Hatterene|0 fnt
|faint|p2a: Hatterene
|
|upkeep
|
|t:|1759033774
|switch|p2a: Great Tusk|Great Tusk|100/100
|turn|10
|
|t:|1759033779
|-end|p1a: Iron Treads|Quark Drive|[silent]
|switch|p1a: Moltres|Moltres|100/100
|move|p2a: Great Tusk|Knock Off|p1a: Moltres
|-damage|p1a: Moltres|80/100
|-enditem|p1a: Moltres|Heavy-Duty Boots|[from] move: Knock Off|[of] p2a: Great Tusk
|
|upkeep
|turn|11
|
|t:|1759033788
|-end|p2a: Great Tusk|Protosynthesis|[silent]
|switch|p2a: Raging Bolt|Raging Bolt|100/100
|move|p1a: Moltres|Will-O-Wisp|p2a: Raging Bolt
|-status|p2a: Raging Bolt|brn
|
|-damage|p2a: Raging Bolt|94/100 brn|[from] brn
|upkeep
|turn|12
|
|t:|1759033806
|switch|p1a: Slowking|Slowking-Galar, M|90/100
|move|p2a: Raging Bolt|Draco Meteor|p1a: Slowking
|-damage|p1a: Slowking|18/100
|-unboost|p2a: Raging Bolt|spa|2
|
|-heal|p1a: Slowking|24/100|[from] item: Leftovers
|-damage|p2a: Raging Bolt|88/100 brn|[from] brn
|upkeep
|turn|13
|
|t:|1759033817
|switch|p1a: Iron Treads|Iron Treads|24/100
|move|p2a: Raging Bolt|Draco Meteor|p1a: Iron Treads
|-resisted|p1a: Iron Treads
|-damage|p1a: Iron Treads|0 fnt
|-unboost|p2a: Raging Bolt|spa|2
|faint|p1a: Iron Treads
|-end|p1a: Iron Treads|Quark Drive|[silent]
|
|-damage|p2a: Raging Bolt|82/100 brn|[from] brn
|upkeep
|
|t:|1759033829
|switch|p1a: Slowking|Slowking-Galar, M|58/100
|turn|14
|
|t:|1759033834
|-end|p2a: Raging Bolt|Protosynthesis|[silent]
|switch|p2a: Ting-Lu|Ting-Lu|88/100 tox
|-ability|p2a: Ting-Lu|Vessel of Ruin
|move|p1a: Slowking|Psychic Noise|p2a: Ting-Lu
|-immune|p2a: Ting-Lu
|
|-heal|p2a: Ting-Lu|94/100 tox|[from] item: Leftovers
|-heal|p1a: Slowking|64/100|[from] item: Leftovers
|-damage|p2a: Ting-Lu|88/100 tox|[from] psn
|upkeep
|turn|15
|
|t:|1759033847
|switch|p1a: Ogerpon|Ogerpon-Wellspring, F|100/100
|move|p2a: Ting-Lu|Spikes|p1a: Ogerpon
|-sidestart|p1: nicolandria12|Spikes
|
|-heal|p2a: Ting-Lu|94/100 tox|[from] item: Leftovers
|-damage|p2a: Ting-Lu|82/100 tox|[from] psn
|upkeep
|turn|16
|
|t:|1759033855
|switch|p2a: Corviknight|Corviknight, M|100/100
|-ability|p2a: Corviknight|Pressure
|move|p1a: Ogerpon|Swords Dance|p1a: Ogerpon
|-boost|p1a: Ogerpon|atk|2
|
|upkeep
|turn|17
|
|t:|1759033867
|move|p1a: Ogerpon|Knock Off|p2a: Corviknight
|-damage|p2a: Corviknight|53/100
|-damage|p1a: Ogerpon|84/100|[from] item: Rocky Helmet|[of] p2a: Corviknight
|-enditem|p2a: Corviknight|Rocky Helmet|[from] move: Knock Off|[of] p1a: Ogerpon
|move|p2a: Corviknight|Iron Defense|p2a: Corviknight
|-boost|p2a: Corviknight|def|2
|
|upkeep
|turn|18
|
|t:|1759033876
|-terastallize|p1a: Ogerpon|Water
|detailschange|p1a: Ogerpon|Ogerpon-Wellspring-Tera, F, tera:Water
|-ability|p1a: Ogerpon|Embody Aspect (Wellspring)|boost
|-boost|p1a: Ogerpon|spd|1
|move|p1a: Ogerpon|Ivy Cudgel|p2a: Corviknight|[anim] Ivy Cudgel Water
|-damage|p2a: Corviknight|7/100
|move|p2a: Corviknight|Roost|p2a: Corviknight
|-heal|p2a: Corviknight|57/100
|-singleturn|p2a: Corviknight|move: Roost
|
|upkeep
|turn|19
|
|t:|1759033891
|-terastallize|p2a: Corviknight|Dragon
|move|p1a: Ogerpon|Swords Dance|p1a: Ogerpon
|-boost|p1a: Ogerpon|atk|2
|move|p2a: Corviknight|Roost|p2a: Corviknight
|-heal|p2a: Corviknight|100/100
|
|upkeep
|turn|20
|
|t:|1759033903
|move|p1a: Ogerpon|Horn Leech|p2a: Corviknight
|-resisted|p2a: Corviknight
|-damage|p2a: Corviknight|81/100
|-heal|p1a: Ogerpon|97/100|[from] drain|[of] p2a: Corviknight
|move|p2a: Corviknight|Body Press|p1a: Ogerpon
|-damage|p1a: Ogerpon|30/100
|
|upkeep
|turn|21
|
|t:|1759033912
|switch|p1a: Moltres|Moltres|80/100
|move|p2a: Corviknight|Body Press|p1a: Moltres
|-resisted|p1a: Moltres
|-damage|p1a: Moltres|62/100
|
|upkeep
|turn|22
|
|t:|1759033922
|switch|p2a: Raging Bolt|Raging Bolt|82/100 brn
|move|p1a: Moltres|Will-O-Wisp|p2a: Raging Bolt
|-fail|p2a: Raging Bolt|brn
|
|-damage|p2a: Raging Bolt|76/100 brn|[from] brn
|upkeep
|turn|23
|
|t:|1759033937
|switch|p1a: Slowking|Slowking-Galar, M|97/100
|-damage|p1a: Slowking|85/100|[from] Spikes
|move|p2a: Raging Bolt|Volt Switch|p1a: Slowking
|-damage|p1a: Slowking|45/100
|
|t:|1759033940
|-end|p2a: Raging Bolt|Protosynthesis|[silent]
|switch|p2a: Great Tusk|Great Tusk|100/100|[from] Volt Switch
|
|-heal|p1a: Slowking|52/100|[from] item: Leftovers
|upkeep
|turn|24
|
|t:|1759033949
|switch|p1a: Moltres|Moltres|62/100
|move|p2a: Great Tusk|Stealth Rock|p1a: Moltres
|-sidestart|p1: nicolandria12|move: Stealth Rock
|
|upkeep
|turn|25
|
|t:|1759033957
|-end|p2a: Great Tusk|Protosynthesis|[silent]
|switch|p2a: Raging Bolt|Raging Bolt|76/100 brn
|move|p1a: Moltres|Scorching Sands|p2a: Raging Bolt
|-supereffective|p2a: Raging Bolt
|-damage|p2a: Raging Bolt|36/100 brn
|
|-damage|p2a: Raging Bolt|30/100 brn|[from] brn
|upkeep
|turn|26
|
|t:|1759033969
|switch|p1a: Slowking|Slowking-Galar, M|85/100
|-damage|p1a: Slowking|72/100|[from] Spikes
|-damage|p1a: Slowking|60/100|[from] Stealth Rock
|move|p2a: Raging Bolt|Thunderbolt|p1a: Slowking
|-damage|p1a: Slowking|12/100
|
|-heal|p1a: Slowking|18/100|[from] item: Leftovers
|-damage|p2a: Raging Bolt|24/100 brn|[from] brn
|upkeep
|turn|27
|
|t:|1759033984
|switch|p1a: Zamazenta|Zamazenta|100/100
|-damage|p1a: Zamazenta|88/100|[from] Spikes
|-damage|p1a: Zamazenta|82/100|[from] Stealth Rock
|-ability|p1a: Zamazenta|Dauntless Shield|boost
|-boost|p1a: Zamazenta|def|1
|move|p2a: Raging Bolt|Thunderbolt|p1a: Zamazenta
|-damage|p1a: Zamazenta|15/100
|
|-heal|p1a: Zamazenta|21/100|[from] item: Leftovers
|-damage|p2a: Raging Bolt|18/100 brn|[from] brn
|upkeep
|turn|28
|
|t:|1759033996
|-end|p2a: Raging Bolt|Protosynthesis|[silent]
|switch|p2a: Alomomola|Alomomola, F|100/100
|move|p1a: Zamazenta|Body Press|p2a: Alomomola
|-damage|p2a: Alomomola|73/100
|
|-heal|p1a: Zamazenta|27/100|[from] item: Leftovers
|upkeep
|turn|29
|
|t:|1759034006
|move|p1a: Zamazenta|Iron Defense|p1a: Zamazenta
|-boost|p1a: Zamazenta|def|2
|move|p2a: Alomomola|Scald|p1a: Zamazenta
|-damage|p1a: Zamazenta|17/100
|
|-heal|p1a: Zamazenta|23/100|[from] item: Leftovers
|upkeep
|turn|30
|
|t:|1759034015
|move|p1a: Zamazenta|Body Press|p2a: Alomomola
|-damage|p2a: Alomomola|32/100
|move|p2a: Alomomola|Scald|p1a: Zamazenta
|-damage|p1a: Zamazenta|13/100
|
|-heal|p1a: Zamazenta|19/100|[from] item: Leftovers
|upkeep
|turn|31
|
|t:|1759034025
|switch|p2a: Ting-Lu|Ting-Lu|82/100 tox
|-ability|p2a: Ting-Lu|Vessel of Ruin
|move|p1a: Zamazenta|Body Press|p2a: Ting-Lu
|-supereffective|p2a: Ting-Lu
|-damage|p2a: Ting-Lu|0 fnt
|faint|p2a: Ting-Lu
|
|-heal|p1a: Zamazenta|25/100|[from] item: Leftovers
|upkeep
|
|t:|1759034026
|switch|p2a: Great Tusk|Great Tusk|100/100
|turn|32
|
|t:|1759034045
|move|p1a: Zamazenta|Body Press|p2a: Great Tusk
|-damage|p2a: Great Tusk|44/100
|move|p2a: Great Tusk|Knock Off|p1a: Zamazenta
|-resisted|p1a: Zamazenta
|-damage|p1a: Zamazenta|21/100
|-enditem|p1a: Zamazenta|Leftovers|[from] move: Knock Off|[of] p2a: Great Tusk
|
|upkeep
|turn|33
|
|t:|1759034052
|move|p1a: Zamazenta|Body Press|p2a: Great Tusk
|-damage|p2a: Great Tusk|0 fnt
|faint|p2a: Great Tusk
|-end|p2a: Great Tusk|Protosynthesis|[silent]
|
|upkeep
|
|t:|1759034055
|switch|p2a: Alomomola|Alomomola, F|66/100
|turn|34
|
|t:|1759034059
|move|p1a: Zamazenta|Body Press|p2a: Alomomola
|-damage|p2a: Alomomola|23/100
|move|p2a: Alomomola|Scald|p1a: Zamazenta
|-damage|p1a: Zamazenta|9/100
|
|upkeep
|turn|35
|
|t:|1759034075
|move|p1a: Zamazenta|Body Press|p2a: Alomomola
|-damage|p2a: Alomomola|0 fnt
|faint|p2a: Alomomola
|
|upkeep
|
|t:|1759034076
|switch|p2a: Corviknight|Corviknight, M, tera:Dragon|81/100
|-ability|p2a: Corviknight|Pressure
|turn|36
|
|t:|1759034093
|move|p1a: Zamazenta|Body Press|p2a: Corviknight
|-damage|p2a: Corviknight|31/100
|move|p2a: Corviknight|Body Press|p1a: Zamazenta
|-damage|p1a: Zamazenta|1/100
|
|upkeep
|turn|37
|-message|Nushinator forfeited.
|
|win|nicolandria12
|raw|nicolandria12's rating: 1489 &rarr; <strong>1511</strong><br />(+22 for winning)
|raw|Nushinator's rating: 1519 &rarr; <strong>1497</strong><br />(-22 for losing)
|l|☆Nushinator
|player|p2|
|l|☆nicolandria12
|player|p1|
