|j|☆RNG Savage
|j|☆TestingAccount7988
|t:|1759046475
|gametype|singles
|player|p1|RNG Savage|giovanni-gen3|1191
|player|p2|TestingAccount7988|170|1182
|gen|9
|tier|[Gen 9] OU
|rated|
|rule|HP Percentage Mod: HP is shown in percentages
|rule|Endless Battle Clause: Forcing endless battles is banned
|rule|Species Clause: Limit one of each Pokémon
|rule|OHKO Clause: OHKO moves are banned
|rule|Evasion Items Clause: Evasion items are banned
|rule|Evasion Moves Clause: Evasion moves are banned
|rule|Evasion Abilities Clause: Evasion abilities are banned
|rule|Sleep Moves Clause: Sleep-inducing moves are banned
|clearpoke
|poke|p1|Cacturne, M|
|poke|p1|Skarmory, M|
|poke|p1|Latias, F|
|poke|p1|Latios, M|
|poke|p1|Ursaluna, M|
|poke|p1|Dragonite, M|
|poke|p2|Ninetales, F|
|poke|p2|Great Tusk|
|poke|p2|Walking Wake|
|poke|p2|Slither Wing|
|poke|p2|Raging Bolt|
|poke|p2|Venusaur, F|
|teampreview
|
|t:|1759046492
|teamsize|p1|6
|teamsize|p2|6
|start
|switch|p1a: Latias|Latias, F|100/100
|switch|p2a: Ninetales|Ninetales, F|100/100
|-weather|SunnyDay|[from] ability: Drought|[of] p2a: Ninetales
|turn|1
|
|t:|1759046512
|switch|p2a: Slither Wing|Slither Wing|100/100
|-activate|p2a: Slither Wing|ability: Protosynthesis
|-start|p2a: Slither Wing|protosynthesisatk
|move|p1a: Latias|Mist Ball|p2a: Slither Wing
|-supereffective|p2a: Slither Wing
|-damage|p2a: Slither Wing|0 fnt
|faint|p2a: Slither Wing
|-end|p2a: Slither Wing|Protosynthesis|[silent]
|
|-weather|SunnyDay|[upkeep]
|upkeep
|c|☆TestingAccount7988|!dt mist ball
|raw|<ul class="utilichart"><li class="result"><span class="col movenamecol"><a href="https://dex.pokemonshowdown.com/moves/mistball">Mist Ball</a></span> <span class="col typecol"><img src="//play.pokemonshowdown.com/sprites/types/Psychic.png" alt="Psychic" width="32" height="14"><img src="//play.pokemonshowdown.com/sprites/categories/Special.png" alt="Special" width="32" height="14"></span> <span class="col labelcol"><em>Power</em><br>95</span> <span class="col widelabelcol"><em>Accuracy</em><br>100%</span> <span class="col pplabelcol"><em>PP</em><br>8</span> <span class="col movedesccol">50% chance to lower the target's Sp. Atk by 1.</span> </li><li style="clear:both"></li></ul>
|raw|<font size="1"><font color="#686868">Priority:</font> 0&nbsp;|&ThickSpace;<font color="#686868">Gen:</font> 3&nbsp;|&ThickSpace;&#10003; Boosted by Sheer Force&nbsp;|&ThickSpace;&#10003; Bullet&nbsp;|&ThickSpace;<font color="#686868">Z-Power:</font> 175&nbsp;|&ThickSpace;<font color="#686868">Target:</font> One Adjacent Pokémon</font>

|c|☆TestingAccount7988|oh
|
|t:|1759046530
|switch|p2a: Walking Wake|Walking Wake|100/100
|-activate|p2a: Walking Wake|ability: Protosynthesis
|-start|p2a: Walking Wake|protosynthesisspe
|turn|2
|
|t:|1759046539
|move|p2a: Walking Wake|Dragon Pulse|p1a: Latias
|-supereffective|p1a: Latias
|-damage|p1a: Latias|2/100
|move|p1a: Latias|Mist Ball|p2a: Walking Wake
|-damage|p2a: Walking Wake|18/100
|-unboost|p2a: Walking Wake|spa|1
|
|-weather|SunnyDay|[upkeep]
|upkeep
|turn|3
|
|t:|1759046552
|switch|p1a: Skarmory|Skarmory, M, shiny|100/100
|move|p2a: Walking Wake|Dragon Pulse|p1a: Skarmory
|-resisted|p1a: Skarmory
|-damage|p1a: Skarmory|71/100
|
|-weather|SunnyDay|[upkeep]
|upkeep
|turn|4
|
|t:|1759046556
|-end|p2a: Walking Wake|Protosynthesis|[silent]
|switch|p2a: Venusaur|Venusaur, F|100/100
|move|p1a: Skarmory|Stealth Rock|p2a: Venusaur
|-sidestart|p2: TestingAccount7988|move: Stealth Rock
|
|-weather|SunnyDay|[upkeep]
|upkeep
|turn|5
|
|t:|1759046562
|move|p2a: Venusaur|Weather Ball|p1a: Skarmory
|-supereffective|p1a: Skarmory
|-damage|p1a: Skarmory|0 fnt
|faint|p1a: Skarmory
|-damage|p2a: Venusaur|91/100|[from] item: Life Orb
|
|-weather|SunnyDay|[upkeep]
|upkeep
|
|t:|1759046585
|switch|p1a: Ursaluna|Ursaluna, M, shiny|100/100
|turn|6
|
|t:|1759046592
|move|p1a: Ursaluna|Protect|p1a: Ursaluna
|-singleturn|p1a: Ursaluna|Protect
|move|p2a: Venusaur|Giga Drain|p1a: Ursaluna
|-activate|p1a: Ursaluna|move: Protect
|
|-weather|SunnyDay|[upkeep]
|-status|p1a: Ursaluna|brn|[from] item: Flame Orb
|upkeep
|turn|7
|
|t:|1759046603
|switch|p1a: Cacturne|Cacturne, M|100/100
|move|p2a: Venusaur|Giga Drain|p1a: Cacturne
|-resisted|p1a: Cacturne
|-damage|p1a: Cacturne|64/100
|-heal|p2a: Venusaur|100/100|[from] drain|[of] p1a: Cacturne
|-damage|p2a: Venusaur|91/100|[from] item: Life Orb
|
|-weather|SunnyDay|[upkeep]
|upkeep
|turn|8
|
|t:|1759046616
|move|p2a: Venusaur|Sludge Bomb|p1a: Cacturne
|-supereffective|p1a: Cacturne
|-crit|p1a: Cacturne
|-damage|p1a: Cacturne|0 fnt
|faint|p1a: Cacturne
|-damage|p2a: Venusaur|81/100|[from] item: Life Orb
|
|-weather|none
|upkeep
|
|t:|1759046620
|switch|p1a: Latias|Latias, F|2/100
|turn|9
|
|t:|1759046634
|switch|p2a: Ninetales|Ninetales, F|100/100
|-damage|p2a: Ninetales|76/100|[from] Stealth Rock
|-weather|SunnyDay|[from] ability: Drought|[of] p2a: Ninetales
|move|p1a: Latias|Mist Ball|p2a: Ninetales
|-damage|p2a: Ninetales|1/100
|-unboost|p2a: Ninetales|spa|1
|
|-weather|SunnyDay|[upkeep]
|upkeep
|turn|10
|
|t:|1759046647
|switch|p2a: Raging Bolt|Raging Bolt|100/100
|-damage|p2a: Raging Bolt|88/100|[from] Stealth Rock
|-activate|p2a: Raging Bolt|ability: Protosynthesis
|-start|p2a: Raging Bolt|protosynthesisspa
|move|p1a: Latias|Mist Ball|p2a: Raging Bolt
|-damage|p2a: Raging Bolt|43/100
|
|-weather|SunnyDay|[upkeep]
|upkeep
|turn|11
|
|t:|1759046658
|switch|p1a: Ursaluna|Ursaluna, M, shiny|100/100 brn
|move|p2a: Raging Bolt|Thunderclap||[still]
|-fail|p2a: Raging Bolt
|
|-weather|SunnyDay|[upkeep]
|-damage|p1a: Ursaluna|94/100 brn|[from] brn
|upkeep
|turn|12
|
|t:|1759046663
|move|p1a: Ursaluna|Protect|p1a: Ursaluna
|-singleturn|p1a: Ursaluna|Protect
|move|p2a: Raging Bolt|Weather Ball|p1a: Ursaluna
|-activate|p1a: Ursaluna|move: Protect
|
|-weather|SunnyDay|[upkeep]
|-damage|p1a: Ursaluna|88/100 brn|[from] brn
|upkeep
|turn|13
|
|t:|1759046674
|move|p2a: Raging Bolt|Weather Ball|p1a: Ursaluna
|-damage|p1a: Ursaluna|13/100 brn
|move|p1a: Ursaluna|Facade|p2a: Raging Bolt
|-damage|p2a: Raging Bolt|0 fnt
|faint|p2a: Raging Bolt
|-end|p2a: Raging Bolt|Protosynthesis|[silent]
|
|-weather|SunnyDay|[upkeep]
|-damage|p1a: Ursaluna|7/100 brn|[from] brn
|upkeep
|
|t:|1759046682
|switch|p2a: Great Tusk|Great Tusk|100/100
|-activate|p2a: Great Tusk|ability: Protosynthesis
|-start|p2a: Great Tusk|protosynthesisatk
|turn|14
|
|t:|1759046705
|move|p1a: Ursaluna|Protect|p1a: Ursaluna
|-singleturn|p1a: Ursaluna|Protect
|move|p2a: Great Tusk|Rapid Spin|p1a: Ursaluna
|-activate|p1a: Ursaluna|move: Protect
|
|-weather|SunnyDay|[upkeep]
|-damage|p1a: Ursaluna|1/100 brn|[from] brn
|upkeep
|turn|15
|
|t:|1759046714
|move|p1a: Ursaluna|Protect||[still]
|-fail|p1a: Ursaluna
|move|p2a: Great Tusk|Rapid Spin|p1a: Ursaluna
|-damage|p1a: Ursaluna|0 fnt
|-boost|p2a: Great Tusk|spe|1
|-sideend|p2: TestingAccount7988|Stealth Rock|[from] move: Rapid Spin|[of] p2a: Great Tusk
|faint|p1a: Ursaluna
|
|-weather|SunnyDay|[upkeep]
|upkeep
|
|t:|1759046720
|switch|p1a: Dragonite|Dragonite, M|100/100
|turn|16
|
|t:|1759046741
|move|p2a: Great Tusk|Rapid Spin|p1a: Dragonite
|-damage|p1a: Dragonite|89/100
|-boost|p2a: Great Tusk|spe|1
|move|p1a: Dragonite|Earthquake|p2a: Great Tusk
|-damage|p2a: Great Tusk|74/100
|
|-weather|none
|-end|p2a: Great Tusk|Protosynthesis
|upkeep
|turn|17
|
|t:|1759046755
|-terastallize|p1a: Dragonite|Normal
|move|p2a: Great Tusk|Stealth Rock|p1a: Dragonite
|-sidestart|p1: RNG Savage|move: Stealth Rock
|move|p1a: Dragonite|Dragon Dance|p1a: Dragonite
|-boost|p1a: Dragonite|atk|1
|-boost|p1a: Dragonite|spe|1
|
|upkeep
|turn|18
|
|t:|1759046763
|move|p1a: Dragonite|Extreme Speed|p2a: Great Tusk
|-damage|p2a: Great Tusk|21/100
|move|p2a: Great Tusk|Headlong Rush|p1a: Dragonite
|-damage|p1a: Dragonite|23/100
|-unboost|p2a: Great Tusk|def|1
|-unboost|p2a: Great Tusk|spd|1
|
|upkeep
|turn|19
|
|t:|1759046777
|move|p1a: Dragonite|Extreme Speed|p2a: Great Tusk
|-damage|p2a: Great Tusk|0 fnt
|faint|p2a: Great Tusk
|-end|p2a: Great Tusk|Protosynthesis|[silent]
|
|upkeep
|
|t:|1759046785
|switch|p2a: Ninetales|Ninetales, F|1/100
|-weather|SunnyDay|[from] ability: Drought|[of] p2a: Ninetales
|turn|20
|
|t:|1759046788
|move|p1a: Dragonite|Extreme Speed|p2a: Ninetales
|-damage|p2a: Ninetales|0 fnt
|faint|p2a: Ninetales
|
|-weather|SunnyDay|[upkeep]
|upkeep
|
|t:|1759046797
|switch|p2a: Venusaur|Venusaur, F|81/100
|turn|21
|
|t:|1759046801
|-terastallize|p2a: Venusaur|Fire
|move|p1a: Dragonite|Extreme Speed|p2a: Venusaur
|-damage|p2a: Venusaur|0 fnt
|faint|p2a: Venusaur
|
|-weather|SunnyDay|[upkeep]
|upkeep
|-message|TestingAccount7988 forfeited.
|
|win|RNG Savage
|raw|RNG Savage's rating: 1191 &rarr; <strong>1215</strong><br />(+24 for winning)
|raw|TestingAccount7988's rating: 1182 &rarr; <strong>1158</strong><br />(-24 for losing)
|l|☆TestingAccount7988
|player|p2|
|l|☆RNG Savage
|player|p1|
