|badge|p1|bronze|gen9ou|100-6
|html|<div class="broadcast-red"><strong>This battle is required to be public due to one or more player having a season medal.</strong><br />During the public phase, you can discuss the state of the ladder <a href="/seasondiscussion">in a special chatroom.</a></div>
|uhtml|medal-msg|<div class="broadcast-blue">Curious what those medals under the avatar are? PS now has Ladder Seasons! For more information, check out the <a href="https://www.smogon.com/forums/threads/3740067/">thread on Smogon.</a></div>
|raw|<div class="broadcast-blue"><strong>This battle is required to be public due to a player having a name starting with 'medal'.</div>
|j|☆patio fence
|j|☆Light SV
|t:|1759003236
|gametype|singles
|player|p1|patio fence|fisherman-gen2jp|1876
|player|p2|Light SV|blue-gen7|1832
|gen|9
|tier|[Gen 9] OU
|rated|
|rule|HP Percentage Mod: HP is shown in percentages
|rule|Endless Battle Clause: Forcing endless battles is banned
|rule|Species Clause: Limit one of each Pokémon
|rule|OHKO Clause: OHKO moves are banned
|rule|Evasion Items Clause: Evasion items are banned
|rule|Evasion Moves Clause: Evasion moves are banned
|rule|Evasion Abilities Clause: Evasion abilities are banned
|rule|Sleep Moves Clause: Sleep-inducing moves are banned
|clearpoke
|poke|p1|Amoonguss, F|
|poke|p1|Alomomola, F|
|poke|p1|Great Tusk|
|poke|p1|Darkrai|
|poke|p1|Dragonite, F|
|poke|p1|Gholdengo|
|poke|p2|Hydrapple, M|
|poke|p2|Moltres|
|poke|p2|Rotom-Wash|
|poke|p2|Darkrai|
|poke|p2|Gliscor, M|
|poke|p2|Kingambit, M|
|teampreview
|inactive|Battle timer is ON: inactive players will automatically lose when time's up. (requested by Light SV)
|inactive|patio fence also wants the timer to be on.
|inactive|patio fence has 120 seconds left.
|
|t:|1759003269
|teamsize|p1|6
|teamsize|p2|6
|start
|switch|p1a: Darkrai|Darkrai|100/100
|switch|p2a: Rotom|Rotom-Wash|100/100
|turn|1
|j| larp legion
|
|t:|1759003277
|move|p2a: Rotom|Hydro Pump|p1a: Darkrai
|-damage|p1a: Darkrai|37/100
|move|p1a: Darkrai|Nasty Plot|p1a: Darkrai
|-boost|p1a: Darkrai|spa|2
|
|-heal|p1a: Darkrai|43/100|[from] item: Leftovers
|upkeep
|turn|2
|
|t:|1759003286
|move|p2a: Rotom|Hydro Pump|p1a: Darkrai
|-damage|p1a: Darkrai|0 fnt
|faint|p1a: Darkrai
|
|upkeep
|
|t:|1759003290
|switch|p1a: Amoonguss|Amoonguss, F|100/100
|turn|3
|
|t:|1759003295
|switch|p2a: Gliscor|Gliscor, M|100/100
|move|p1a: Amoonguss|Toxic|p2a: Gliscor
|-status|p2a: Gliscor|tox
|
|upkeep
|turn|4
|
|t:|1759003299
|move|p2a: Gliscor|Stealth Rock|p1a: Amoonguss
|-sidestart|p1: patio fence|move: Stealth Rock
|move|p1a: Amoonguss|Toxic|p2a: Gliscor
|-fail|p2a: Gliscor|tox
|
|upkeep
|turn|5
|
|t:|1759003303
|move|p2a: Gliscor|Earthquake|p1a: Amoonguss
|-damage|p1a: Amoonguss|75/100
|-enditem|p1a: Amoonguss|Red Card|[of] p2a: Gliscor
|drag|p2a: Rotom|Rotom-Wash|100/100
|move|p1a: Amoonguss|Toxic|p2a: Rotom
|-status|p2a: Rotom|tox
|
|-damage|p2a: Rotom|94/100 tox|[from] psn
|upkeep
|turn|6
|
|t:|1759003309
|switch|p1a: Great Tusk|Great Tusk|100/100
|move|p2a: Rotom|Trick|p1a: Great Tusk
|-activate|p2a: Rotom|move: Trick|[of] p1a: Great Tusk
|-item|p1a: Great Tusk|Choice Scarf|[from] move: Trick
|-item|p2a: Rotom|Heavy-Duty Boots|[from] move: Trick
|
|-damage|p2a: Rotom|82/100 tox|[from] psn
|upkeep
|turn|7
|
|t:|1759003314
|-end|p1a: Great Tusk|Protosynthesis|[silent]
|switch|p1a: Amoonguss|Amoonguss, F|100/100
|-damage|p1a: Amoonguss|88/100|[from] Stealth Rock
|move|p2a: Rotom|Hydro Pump|p1a: Amoonguss
|-resisted|p1a: Amoonguss
|-damage|p1a: Amoonguss|65/100
|
|-damage|p2a: Rotom|63/100 tox|[from] psn
|upkeep
|turn|8
|
|t:|1759003322
|switch|p2a: Gliscor|Gliscor, M|100/100 tox
|switch|p1a: Great Tusk|Great Tusk|100/100
|-damage|p1a: Great Tusk|98/100|[from] Stealth Rock
|
|upkeep
|turn|9
|
|t:|1759003326
|move|p2a: Gliscor|Protect|p2a: Gliscor
|-singleturn|p2a: Gliscor|Protect
|move|p1a: Great Tusk|Rapid Spin|p2a: Gliscor
|-activate|p2a: Gliscor|move: Protect
|
|upkeep
|turn|10
|
|t:|1759003330
|move|p1a: Great Tusk|Rapid Spin|p2a: Gliscor
|-damage|p2a: Gliscor|89/100 tox
|-boost|p1a: Great Tusk|spe|1
|-sideend|p1: patio fence|Stealth Rock|[from] move: Rapid Spin|[of] p1a: Great Tusk
|move|p2a: Gliscor|Toxic|p1a: Great Tusk
|-status|p1a: Great Tusk|tox
|
|-damage|p1a: Great Tusk|91/100 tox|[from] psn
|-heal|p2a: Gliscor|100/100 tox|[from] ability: Poison Heal
|upkeep
|turn|11
|
|t:|1759003335
|-end|p1a: Great Tusk|Protosynthesis|[silent]
|switch|p1a: Gholdengo|Gholdengo|100/100
|move|p2a: Gliscor|Stealth Rock|p1a: Gholdengo
|-sidestart|p1: patio fence|move: Stealth Rock
|
|upkeep
|turn|12
|
|t:|1759003338
|move|p1a: Gholdengo|Trick|p2a: Gliscor
|-activate|p1a: Gholdengo|move: Trick|[of] p2a: Gliscor
|-item|p2a: Gliscor|Choice Scarf|[from] move: Trick
|-item|p1a: Gholdengo|Toxic Orb|[from] move: Trick
|move|p2a: Gliscor|Earthquake|p1a: Gholdengo
|-supereffective|p1a: Gholdengo
|-damage|p1a: Gholdengo|24/100
|
|upkeep
|turn|13
|
|t:|1759003348
|switch|p1a: Dragonite|Dragonite, F|100/100
|move|p2a: Gliscor|Earthquake|p1a: Dragonite
|-immune|p1a: Dragonite
|
|upkeep
|turn|14
|
|t:|1759003359
|switch|p2a: Hydrapple|Hydrapple, M|100/100
|switch|p1a: Gholdengo|Gholdengo|24/100
|-damage|p1a: Gholdengo|18/100|[from] Stealth Rock
|
|upkeep
|turn|15
|
|t:|1759003366
|switch|p2a: Gliscor|Gliscor, M|100/100 tox
|move|p1a: Gholdengo|Make It Rain|p2a: Gliscor
|-damage|p2a: Gliscor|21/100 tox
|-unboost|p1a: Gholdengo|spa|1
|
|-heal|p2a: Gliscor|33/100 tox|[from] ability: Poison Heal
|upkeep
|turn|16
|
|t:|1759003370
|switch|p1a: Amoonguss|Amoonguss, F|98/100
|-damage|p1a: Amoonguss|86/100|[from] Stealth Rock
|move|p2a: Gliscor|Earthquake|p1a: Amoonguss
|-damage|p1a: Amoonguss|61/100
|
|-heal|p2a: Gliscor|46/100 tox|[from] ability: Poison Heal
|upkeep
|turn|17
|
|t:|1759003376
|switch|p1a: Dragonite|Dragonite, F|100/100
|move|p2a: Gliscor|Earthquake|p1a: Dragonite
|-immune|p1a: Dragonite
|
|-heal|p2a: Gliscor|58/100 tox|[from] ability: Poison Heal
|upkeep
|turn|18
|
|t:|1759003383
|switch|p2a: Hydrapple|Hydrapple, M|100/100
|switch|p1a: Great Tusk|Great Tusk|91/100 tox
|-damage|p1a: Great Tusk|88/100 tox|[from] Stealth Rock
|
|-damage|p1a: Great Tusk|82/100 tox|[from] psn
|upkeep
|turn|19
|
|t:|1759003388
|move|p1a: Great Tusk|Rapid Spin|p2a: Hydrapple
|-damage|p2a: Hydrapple|86/100
|-boost|p1a: Great Tusk|spe|1
|-sideend|p1: patio fence|Stealth Rock|[from] move: Rapid Spin|[of] p1a: Great Tusk
|move|p2a: Hydrapple|Giga Drain|p1a: Great Tusk
|-supereffective|p1a: Great Tusk
|-damage|p1a: Great Tusk|0 fnt
|-heal|p2a: Hydrapple|100/100|[from] drain|[of] p1a: Great Tusk
|faint|p1a: Great Tusk
|-end|p1a: Great Tusk|Protosynthesis|[silent]
|
|upkeep
|
|t:|1759003392
|switch|p1a: Gholdengo|Gholdengo|18/100
|turn|20
|
|t:|1759003395
|switch|p2a: Rotom|Rotom-Wash|63/100 tox
|move|p1a: Gholdengo|Trick|p2a: Rotom
|-activate|p1a: Gholdengo|move: Trick|[of] p2a: Rotom
|-item|p2a: Rotom|Toxic Orb|[from] move: Trick
|-item|p1a: Gholdengo|Heavy-Duty Boots|[from] move: Trick
|
|-damage|p2a: Rotom|57/100 tox|[from] psn
|upkeep
|turn|21
|
|t:|1759003402
|switch|p1a: Amoonguss|Amoonguss, F|94/100
|move|p2a: Rotom|Volt Switch|p1a: Amoonguss
|-resisted|p1a: Amoonguss
|-damage|p1a: Amoonguss|80/100
|
|t:|1759003407
|switch|p2a: Gliscor|Gliscor, M|58/100 tox|[from] Volt Switch
|
|-heal|p2a: Gliscor|71/100 tox|[from] ability: Poison Heal
|upkeep
|turn|22
|
|t:|1759003412
|switch|p1a: Gholdengo|Gholdengo|18/100
|move|p2a: Gliscor|Stealth Rock|p1a: Gholdengo
|-sidestart|p1: patio fence|move: Stealth Rock
|
|-heal|p2a: Gliscor|83/100 tox|[from] ability: Poison Heal
|upkeep
|turn|23
|
|t:|1759003419
|switch|p2a: Rotom|Rotom-Wash|57/100 tox
|move|p1a: Gholdengo|Thunder Wave||[still]
|-fail|p1a: Gholdengo
|
|-damage|p2a: Rotom|51/100 tox|[from] psn
|upkeep
|turn|24
|
|t:|1759003424
|switch|p1a: Amoonguss|Amoonguss, F|100/100
|-damage|p1a: Amoonguss|88/100|[from] Stealth Rock
|move|p2a: Rotom|Volt Switch|p1a: Amoonguss
|-resisted|p1a: Amoonguss
|-damage|p1a: Amoonguss|73/100
|
|t:|1759003429
|switch|p2a: Moltres|Moltres|100/100|[from] Volt Switch
|
|upkeep
|turn|25
|
|t:|1759003433
|switch|p1a: Alomomola|Alomomola, F|100/100
|-damage|p1a: Alomomola|88/100|[from] Stealth Rock
|move|p2a: Moltres|Flamethrower|p1a: Alomomola
|-resisted|p1a: Alomomola
|-damage|p1a: Alomomola|77/100
|
|upkeep
|turn|26
|
|t:|1759003436
|move|p2a: Moltres|U-turn|p1a: Alomomola
|-damage|p1a: Alomomola|67/100
|
|t:|1759003438
|switch|p2a: Rotom|Rotom-Wash|51/100 tox|[from] U-turn
|move|p1a: Alomomola|Flip Turn|p2a: Rotom
|-resisted|p2a: Rotom
|-damage|p2a: Rotom|40/100 tox
|
|t:|1759003459
|switch|p1a: Dragonite|Dragonite, F|100/100|[from] Flip Turn
|
|-damage|p2a: Rotom|33/100 tox|[from] psn
|upkeep
|turn|27
|
|t:|1759003468
|switch|p1a: Amoonguss|Amoonguss, F|100/100
|-damage|p1a: Amoonguss|88/100|[from] Stealth Rock
|move|p2a: Rotom|Pain Split|p1a: Amoonguss
|-sethp|p1a: Amoonguss|53/100|[from] move: Pain Split|[silent]
|-sethp|p2a: Rotom|95/100 tox|[from] move: Pain Split
|
|-damage|p2a: Rotom|83/100 tox|[from] psn
|upkeep
|turn|28
|
|t:|1759003474
|move|p2a: Rotom|Volt Switch|p1a: Amoonguss
|-resisted|p1a: Amoonguss
|-damage|p1a: Amoonguss|40/100
|
|t:|1759003477
|switch|p2a: Kingambit|Kingambit, M|100/100|[from] Volt Switch
|move|p1a: Amoonguss|Grass Knot|p2a: Kingambit
|-resisted|p2a: Kingambit
|-damage|p2a: Kingambit|87/100
|
|upkeep
|turn|29
|
|t:|1759003483
|switch|p1a: Alomomola|Alomomola, F|99/100
|-damage|p1a: Alomomola|88/100|[from] Stealth Rock
|move|p2a: Kingambit|Swords Dance|p2a: Kingambit
|-boost|p2a: Kingambit|atk|2
|
|upkeep
|turn|30
|
|t:|1759003486
|move|p2a: Kingambit|Kowtow Cleave|p1a: Alomomola
|-damage|p1a: Alomomola|19/100
|move|p1a: Alomomola|Flip Turn|p2a: Kingambit
|-damage|p2a: Kingambit|75/100
|
|t:|1759003488
|switch|p1a: Dragonite|Dragonite, F|100/100|[from] Flip Turn
|
|upkeep
|turn|31
|
|t:|1759003492
|-terastallize|p2a: Kingambit|Fairy
|move|p1a: Dragonite|Earthquake|p2a: Kingambit
|-damage|p2a: Kingambit|47/100
|move|p2a: Kingambit|Kowtow Cleave|p1a: Dragonite
|-damage|p1a: Dragonite|53/100
|
|upkeep
|turn|32
|
|t:|1759003502
|move|p1a: Dragonite|Roost|p1a: Dragonite
|-heal|p1a: Dragonite|100/100
|-singleturn|p1a: Dragonite|move: Roost
|move|p2a: Kingambit|Kowtow Cleave|p1a: Dragonite
|-damage|p1a: Dragonite|47/100
|
|upkeep
|turn|33
|
|t:|1759003506
|switch|p1a: Gholdengo|Gholdengo|18/100
|move|p2a: Kingambit|Kowtow Cleave|p1a: Gholdengo
|-supereffective|p1a: Gholdengo
|-crit|p1a: Gholdengo
|-damage|p1a: Gholdengo|0 fnt
|faint|p1a: Gholdengo
|
|upkeep
|
|t:|1759003508
|switch|p1a: Amoonguss|Amoonguss, F|73/100
|-damage|p1a: Amoonguss|61/100|[from] Stealth Rock
|turn|34
|
|t:|1759003510
|move|p2a: Kingambit|Kowtow Cleave|p1a: Amoonguss
|-crit|p1a: Amoonguss
|-damage|p1a: Amoonguss|0 fnt
|faint|p1a: Amoonguss
|
|upkeep
|-message|patio fence forfeited.
|
|win|Light SV
|raw|patio fence's rating: 1876 &rarr; <strong>1853</strong><br />(-23 for losing)
|raw|Light SV's rating: 1832 &rarr; <strong>1855</strong><br />(+23 for winning)
|l|☆patio fence
|player|p1|
|l|☆Light SV
|player|p2|
