|j|☆Ominous vibes
|j|☆Moreiny
|t:|1758938578
|gametype|singles
|player|p1|Ominous vibes|102|1702
|player|p2|Moreiny|102|1711
|gen|9
|tier|[Gen 9] OU
|rated|
|rule|HP Percentage Mod: HP is shown in percentages
|rule|Endless Battle Clause: Forcing endless battles is banned
|rule|Species Clause: Limit one of each Pokémon
|rule|OHKO Clause: OHKO moves are banned
|rule|Evasion Items Clause: Evasion items are banned
|rule|Evasion Moves Clause: Evasion moves are banned
|rule|Evasion Abilities Clause: Evasion abilities are banned
|rule|Sleep Moves Clause: Sleep-inducing moves are banned
|clearpoke
|poke|p1|Zamazenta-*|
|poke|p1|Alomomola, F|
|poke|p1|Clodsire, F|
|poke|p1|Enamorus, F|
|poke|p1|Kingambit, F|
|poke|p1|Great Tusk|
|poke|p2|Indeedee, M|
|poke|p2|Great Tusk|
|poke|p2|Iron Crown|
|poke|p2|Polteageist|
|poke|p2|Hawlucha, M|
|poke|p2|Deoxys-Speed|
|teampreview
|inactive|Battle timer is ON: inactive players will automatically lose when time's up. (requested by Moreiny)
|j| kingwaymoniii
|
|t:|1758938608
|teamsize|p1|6
|teamsize|p2|6
|start
|switch|p1a: Alomomola|Alomomola, F|100/100
|switch|p2a: Great Tusk|Great Tusk|100/100
|turn|1
|
|t:|1758938619
|move|p2a: Great Tusk|Knock Off|p1a: Alomomola
|-damage|p1a: Alomomola|80/100
|-enditem|p1a: Alomomola|Heavy-Duty Boots|[from] move: Knock Off|[of] p2a: Great Tusk
|move|p1a: Alomomola|Flip Turn|p2a: Great Tusk
|-supereffective|p2a: Great Tusk
|-damage|p2a: Great Tusk|85/100
|-damage|p1a: Alomomola|63/100|[from] item: Rocky Helmet|[of] p2a: Great Tusk
|
|t:|1758938622
|switch|p1a: Enamorus|Enamorus, F|100/100|[from] Flip Turn
|
|upkeep
|turn|2
|
|t:|1758938630
|-end|p2a: Great Tusk|Protosynthesis|[silent]
|switch|p2a: Iron Crown|Iron Crown|100/100
|move|p1a: Enamorus|Earth Power|p2a: Iron Crown
|-supereffective|p2a: Iron Crown
|-damage|p2a: Iron Crown|41/100
|
|upkeep
|turn|3
|
|t:|1758938636
|-end|p2a: Iron Crown|Quark Drive|[silent]
|switch|p2a: Hawlucha|Hawlucha, M|100/100
|move|p1a: Enamorus|Earth Power|p2a: Hawlucha
|-immune|p2a: Hawlucha
|
|upkeep
|turn|4
|
|t:|1758938646
|switch|p2a: Indeedee|Indeedee, M|100/100
|-fieldstart|move: Psychic Terrain|[from] ability: Psychic Surge|[of] p2a: Indeedee
|move|p1a: Enamorus|Moonblast|p2a: Indeedee
|-damage|p2a: Indeedee|35/100
|
|upkeep
|turn|5
|
|t:|1758938650
|switch|p2a: Hawlucha|Hawlucha, M|100/100
|-enditem|p2a: Hawlucha|Psychic Seed
|-boost|p2a: Hawlucha|spd|1|[from] item: Psychic Seed
|move|p1a: Enamorus|Substitute|p1a: Enamorus
|-start|p1a: Enamorus|Substitute
|-damage|p1a: Enamorus|76/100
|
|-heal|p1a: Enamorus|82/100|[from] item: Leftovers
|upkeep
|turn|6
|
|t:|1758938656
|move|p2a: Hawlucha|Encore|p1a: Enamorus
|-start|p1a: Enamorus|Encore
|move|p1a: Enamorus|Substitute|p1a: Enamorus
|-fail|p1a: Enamorus|move: Substitute
|
|-heal|p1a: Enamorus|88/100|[from] item: Leftovers
|upkeep
|turn|7
|
|t:|1758938680
|switch|p1a: Kingambit|Kingambit, F|100/100
|-item|p1a: Kingambit|Air Balloon
|move|p2a: Hawlucha|Swords Dance|p2a: Hawlucha
|-boost|p2a: Hawlucha|atk|2
|
|upkeep
|turn|8
|
|t:|1758938693
|-terastallize|p1a: Kingambit|Flying
|move|p2a: Hawlucha|Acrobatics|p1a: Kingambit
|-damage|p1a: Kingambit|22/100
|-enditem|p1a: Kingambit|Air Balloon
|move|p1a: Kingambit|Tera Blast|p2a: Hawlucha|[anim] Tera Blast Flying
|-supereffective|p2a: Hawlucha
|-damage|p2a: Hawlucha|0 fnt
|faint|p2a: Hawlucha
|
|upkeep
|
|t:|1758938700
|switch|p2a: Deoxys|Deoxys-Speed|100/100
|-ability|p2a: Deoxys|Pressure
|turn|9
|
|t:|1758938706
|-end|p1a: Kingambit|fallenundefined|[silent]
|switch|p1a: Alomomola|Alomomola, F|97/100
|move|p2a: Deoxys|Expanding Force|p1a: Alomomola
|-damage|p1a: Alomomola|42/100
|
|upkeep
|turn|10
|
|t:|1758938709
|move|p1a: Alomomola|Protect|p1a: Alomomola
|-singleturn|p1a: Alomomola|Protect
|move|p2a: Deoxys|Expanding Force|p1a: Alomomola
|-activate|p1a: Alomomola|move: Protect
|
|upkeep
|turn|11
|
|t:|1758938717
|switch|p1a: Kingambit|Kingambit, F, tera:Flying|22/100
|move|p2a: Deoxys|Expanding Force|p1a: Kingambit
|-damage|p1a: Kingambit|0 fnt
|faint|p1a: Kingambit
|-end|p1a: Kingambit|fallenundefined|[silent]
|
|-fieldend|move: Psychic Terrain
|upkeep
|
|t:|1758938722
|switch|p1a: Clodsire|Clodsire, F|100/100
|turn|12
|
|t:|1758938731
|switch|p2a: Indeedee|Indeedee, M|35/100
|-fieldstart|move: Psychic Terrain|[from] ability: Psychic Surge|[of] p2a: Indeedee
|move|p1a: Clodsire|Spikes|p2a: Indeedee
|-sidestart|p2: Moreiny|Spikes
|
|upkeep
|turn|13
|
|t:|1758938738
|move|p2a: Indeedee|Expanding Force|p1a: Clodsire
|-supereffective|p1a: Clodsire
|-damage|p1a: Clodsire|25/100
|move|p1a: Clodsire|Spikes|p2a: Indeedee
|-sidestart|p2: Moreiny|Spikes
|
|-heal|p1a: Clodsire|32/100|[from] item: Leftovers
|upkeep
|turn|14
|
|t:|1758938743
|move|p2a: Indeedee|Expanding Force|p1a: Clodsire
|-supereffective|p1a: Clodsire
|-damage|p1a: Clodsire|0 fnt
|faint|p1a: Clodsire
|
|upkeep
|
|t:|1758938745
|switch|p1a: Alomomola|Alomomola, F|75/100
|turn|15
|
|t:|1758938751
|move|p2a: Indeedee|Healing Wish|p2a: Indeedee
|faint|p2a: Indeedee
|move|p1a: Alomomola|Flip Turn|p2: Indeedee|[notarget]
|-fail|p1a: Alomomola
|
|upkeep
|
|t:|1758938756
|switch|p2a: Great Tusk|Great Tusk|85/100
|-heal|p2a: Great Tusk|100/100|[from] move: Healing Wish
|-damage|p2a: Great Tusk|84/100|[from] Spikes
|turn|16
|
|t:|1758938760
|move|p1a: Alomomola|Protect|p1a: Alomomola
|-singleturn|p1a: Alomomola|Protect
|move|p2a: Great Tusk|Rapid Spin|p1a: Alomomola
|-activate|p1a: Alomomola|move: Protect
|
|upkeep
|turn|17
|
|t:|1758938782
|move|p2a: Great Tusk|Rapid Spin|p1a: Alomomola
|-damage|p1a: Alomomola|64/100
|-boost|p2a: Great Tusk|spe|1
|-sideend|p2: Moreiny|Spikes|[from] move: Rapid Spin|[of] p2a: Great Tusk
|move|p1a: Alomomola|Flip Turn|p2a: Great Tusk
|-supereffective|p2a: Great Tusk
|-damage|p2a: Great Tusk|68/100
|-damage|p1a: Alomomola|47/100|[from] item: Rocky Helmet|[of] p2a: Great Tusk
|
|t:|1758938787
|switch|p1a: Great Tusk|Great Tusk|100/100|[from] Flip Turn
|
|upkeep
|turn|18
|
|t:|1758938794
|move|p2a: Great Tusk|Knock Off|p1a: Great Tusk
|-resisted|p1a: Great Tusk
|-damage|p1a: Great Tusk|90/100
|-enditem|p1a: Great Tusk|Heavy-Duty Boots|[from] move: Knock Off|[of] p2a: Great Tusk
|move|p1a: Great Tusk|Ice Spinner|p2a: Great Tusk
|-supereffective|p2a: Great Tusk
|-damage|p2a: Great Tusk|42/100
|-damage|p1a: Great Tusk|74/100|[from] item: Rocky Helmet|[of] p2a: Great Tusk
|-fieldend|move: Psychic Terrain
|
|upkeep
|turn|19
|
|t:|1758938803
|move|p2a: Great Tusk|Earthquake|p1a: Great Tusk
|-damage|p1a: Great Tusk|40/100
|move|p1a: Great Tusk|Rapid Spin|p2a: Great Tusk
|-damage|p2a: Great Tusk|33/100
|-boost|p1a: Great Tusk|spe|1
|-damage|p1a: Great Tusk|23/100|[from] item: Rocky Helmet|[of] p2a: Great Tusk
|
|upkeep
|turn|20
|
|t:|1758938811
|move|p1a: Great Tusk|Ice Spinner|p2a: Great Tusk
|-supereffective|p2a: Great Tusk
|-damage|p2a: Great Tusk|4/100
|-damage|p1a: Great Tusk|7/100|[from] item: Rocky Helmet|[of] p2a: Great Tusk
|move|p2a: Great Tusk|Rapid Spin|p1a: Great Tusk
|-damage|p1a: Great Tusk|0 fnt
|-boost|p2a: Great Tusk|spe|1
|faint|p1a: Great Tusk
|-end|p1a: Great Tusk|Protosynthesis|[silent]
|
|upkeep
|
|t:|1758938815
|switch|p1a: Alomomola|Alomomola, F|81/100
|turn|21
|
|t:|1758938817
|move|p2a: Great Tusk|Stealth Rock|p1a: Alomomola
|-sidestart|p1: Ominous vibes|move: Stealth Rock
|move|p1a: Alomomola|Flip Turn|p2a: Great Tusk
|-supereffective|p2a: Great Tusk
|-damage|p2a: Great Tusk|0 fnt
|-damage|p1a: Alomomola|64/100|[from] item: Rocky Helmet|[of] p2a: Great Tusk
|faint|p2a: Great Tusk
|-end|p2a: Great Tusk|Protosynthesis|[silent]
|
|t:|1758938822
|switch|p1a: Enamorus|Enamorus, F|88/100|[from] Flip Turn
|-damage|p1a: Enamorus|63/100|[from] Stealth Rock
|
|-heal|p1a: Enamorus|69/100|[from] item: Leftovers
|upkeep
|
|t:|1758938830
|switch|p2a: Deoxys|Deoxys-Speed|100/100
|-ability|p2a: Deoxys|Pressure
|turn|22
|
|t:|1758938834
|switch|p2a: Iron Crown|Iron Crown|41/100
|switch|p1a: Alomomola|Alomomola, F|97/100
|-damage|p1a: Alomomola|85/100|[from] Stealth Rock
|
|upkeep
|turn|23
|
|t:|1758938840
|move|p1a: Alomomola|Protect|p1a: Alomomola
|-singleturn|p1a: Alomomola|Protect
|move|p2a: Iron Crown|Future Sight|p1a: Alomomola
|-start|p2a: Iron Crown|move: Future Sight
|
|upkeep
|turn|24
|
|t:|1758938847
|-end|p2a: Iron Crown|Quark Drive|[silent]
|switch|p2a: Deoxys|Deoxys-Speed|100/100
|-ability|p2a: Deoxys|Pressure
|move|p1a: Alomomola|Flip Turn|p2a: Deoxys
|-damage|p2a: Deoxys|74/100
|
|t:|1758938852
|switch|p1a: Enamorus|Enamorus, F|69/100|[from] Flip Turn
|-damage|p1a: Enamorus|44/100|[from] Stealth Rock
|
|-heal|p1a: Enamorus|51/100|[from] item: Leftovers
|upkeep
|turn|25
|
|t:|1758938866
|move|p2a: Deoxys|Expanding Force|p1a: Enamorus
|-crit|p1a: Enamorus
|-damage|p1a: Enamorus|0 fnt
|faint|p1a: Enamorus
|
|-hint|Future Sight did not hit because the target is fainted.
|upkeep
|
|t:|1758938868
|switch|p1a: Alomomola|Alomomola, F|100/100
|-damage|p1a: Alomomola|88/100|[from] Stealth Rock
|turn|26
|
|t:|1758938874
|move|p2a: Deoxys|Meteor Beam||[still]
|-prepare|p2a: Deoxys|Meteor Beam
|-boost|p2a: Deoxys|spa|1
|-enditem|p2a: Deoxys|Power Herb
|-anim|p2a: Deoxys|Meteor Beam|p1a: Alomomola
|-damage|p1a: Alomomola|47/100
|move|p1a: Alomomola|Tickle|p2a: Deoxys
|-unboost|p2a: Deoxys|atk|1
|-unboost|p2a: Deoxys|def|1
|
|upkeep
|turn|27
|
|t:|1758938882
|move|p1a: Alomomola|Protect|p1a: Alomomola
|-singleturn|p1a: Alomomola|Protect
|move|p2a: Deoxys|Expanding Force|p1a: Alomomola
|-activate|p1a: Alomomola|move: Protect
|
|upkeep
|turn|28
|
|t:|1758938887
|move|p2a: Deoxys|Expanding Force|p1a: Alomomola
|-damage|p1a: Alomomola|5/100
|move|p1a: Alomomola|Wish|p1a: Alomomola
|
|upkeep
|turn|29
|
|t:|1758938892
|move|p1a: Alomomola|Protect|p1a: Alomomola
|-singleturn|p1a: Alomomola|Protect
|move|p2a: Deoxys|Meteor Beam||[still]
|-prepare|p2a: Deoxys|Meteor Beam
|-boost|p2a: Deoxys|spa|1
|
|-heal|p1a: Alomomola|55/100|[from] move: Wish|[wisher] Alomomola
|upkeep
|turn|30
|
|t:|1758938903
|move|p2a: Deoxys|Meteor Beam|p1a: Alomomola|[from] lockedmove
|-damage|p1a: Alomomola|0 fnt
|faint|p1a: Alomomola
|
|upkeep
|-message|Ominous vibes forfeited.
|
|win|Moreiny
|raw|Ominous vibes's rating: 1702 &rarr; <strong>1683</strong><br />(-19 for losing)
|raw|Moreiny's rating: 1711 &rarr; <strong>1730</strong><br />(+19 for winning)
|l|☆Ominous vibes
|player|p1|
|l| kingwaymoniii
|l|☆Moreiny
|player|p2|
