|j|☆ilytrix
|j|☆ArcadianSkies
|t:|1759047880
|gametype|singles
|player|p1|ilytrix|n-masters|1729
|player|p2|ArcadianSkies|volkner|1560
|gen|9
|tier|[Gen 9] OU
|rated|
|rule|HP Percentage Mod: HP is shown in percentages
|rule|Endless Battle Clause: Forcing endless battles is banned
|rule|Species Clause: Limit one of each Pokémon
|rule|OHKO Clause: OHKO moves are banned
|rule|Evasion Items Clause: Evasion items are banned
|rule|Evasion Moves Clause: Evasion moves are banned
|rule|Evasion Abilities Clause: Evasion abilities are banned
|rule|Sleep Moves Clause: Sleep-inducing moves are banned
|clearpoke
|poke|p1|Ceruledge, M|
|poke|p1|Raging Bolt|
|poke|p1|Latias, F|
|poke|p1|Kyurem|
|poke|p1|Ninetales-Alola, F|
|poke|p1|Iron Moth|
|poke|p2|Araquanid, F|
|poke|p2|Gholdengo|
|poke|p2|Serperior, F|
|poke|p2|Iron Hands|
|poke|p2|Great Tusk|
|poke|p2|Decidueye-Hisui, M|
|teampreview
|inactive|Battle timer is ON: inactive players will automatically lose when time's up. (requested by ArcadianSkies)
|
|t:|1759047887
|teamsize|p1|6
|teamsize|p2|6
|start
|switch|p1a: bury the light|Ceruledge, M|100/100
|switch|p2a: Silk Road|Araquanid, F, shiny|100/100
|turn|1
|
|t:|1759047898
|move|p1a: bury the light|Swords Dance|p1a: bury the light
|-boost|p1a: bury the light|atk|2
|move|p2a: Silk Road|Sticky Web|p1a: bury the light
|-sidestart|p1: ilytrix|move: Sticky Web
|
|upkeep
|turn|2
|
|t:|1759047901
|move|p1a: bury the light|Poltergeist|p2a: Silk Road
|-activate|p2a: Silk Road|move: Poltergeist|Custap Berry
|-damage|p2a: Silk Road|0 fnt
|faint|p2a: Silk Road
|
|upkeep
|
|t:|1759047910
|switch|p2a: Fraud|Serperior, F, shiny|100/100
|turn|3
|
|t:|1759047912
|move|p2a: Fraud|Glare|p1a: bury the light
|-status|p1a: bury the light|par
|move|p1a: bury the light|Bitter Blade|p2a: Fraud
|-supereffective|p2a: Fraud
|-damage|p2a: Fraud|0 fnt
|faint|p2a: Fraud
|
|upkeep
|
|t:|1759047917
|switch|p2a: Gyatt Tusk|Great Tusk|100/100
|-enditem|p2a: Gyatt Tusk|Booster Energy
|-activate|p2a: Gyatt Tusk|ability: Protosynthesis|[fromitem]
|-start|p2a: Gyatt Tusk|protosynthesisatk
|turn|4
|
|t:|1759047924
|move|p2a: Gyatt Tusk|Supercell Slam|p1a: bury the light
|-damage|p1a: bury the light|27/100 par
|-ability|p1a: bury the light|Weak Armor|boost
|-unboost|p1a: bury the light|def|1
|-boost|p1a: bury the light|spe|2
|move|p1a: bury the light|Bitter Blade|p2a: Gyatt Tusk
|-damage|p2a: Gyatt Tusk|39/100
|-heal|p1a: bury the light|66/100 par|[from] drain|[of] p2a: Gyatt Tusk
|
|upkeep
|turn|5
|
|t:|1759047929
|move|p1a: bury the light|Shadow Sneak|p2a: Gyatt Tusk
|-damage|p2a: Gyatt Tusk|8/100
|move|p2a: Gyatt Tusk|Supercell Slam|p1a: bury the light
|-damage|p1a: bury the light|0 fnt
|faint|p1a: bury the light
|
|upkeep
|
|t:|1759047932
|switch|p1a: snow bunny|Ninetales-Alola, F|100/100
|-activate|p1a: snow bunny|move: Sticky Web
|-unboost|p1a: snow bunny|spe|1
|-weather|Snowscape|[from] ability: Snow Warning|[of] p1a: snow bunny
|turn|6
|
|t:|1759047936
|-end|p2a: Gyatt Tusk|Protosynthesis|[silent]
|switch|p2a: Unviable|Decidueye-Hisui, M, shiny|100/100
|move|p1a: snow bunny|Aurora Veil|p1a: snow bunny
|-sidestart|p1: ilytrix|move: Aurora Veil
|
|-weather|Snowscape|[upkeep]
|upkeep
|turn|7
|
|t:|1759047939
|-terastallize|p2a: Unviable|Poison
|move|p1a: snow bunny|Freeze-Dry|p2a: Unviable
|-damage|p2a: Unviable|73/100
|move|p2a: Unviable|Swords Dance|p2a: Unviable
|-boost|p2a: Unviable|atk|2
|
|-weather|Snowscape|[upkeep]
|-heal|p2a: Unviable|79/100|[from] item: Leftovers
|upkeep
|turn|8
|
|t:|1759047949
|move|p1a: snow bunny|Encore|p2a: Unviable
|-start|p2a: Unviable|Encore
|move|p2a: Unviable|Swords Dance|p2a: Unviable
|-boost|p2a: Unviable|atk|2
|
|-weather|Snowscape|[upkeep]
|-heal|p2a: Unviable|85/100|[from] item: Leftovers
|upkeep
|turn|9
|
|t:|1759047953
|switch|p1a: 50/50|Raging Bolt|100/100
|-activate|p1a: 50/50|move: Sticky Web
|-unboost|p1a: 50/50|spe|1
|-enditem|p1a: 50/50|Booster Energy
|-activate|p1a: 50/50|ability: Protosynthesis|[fromitem]
|-start|p1a: 50/50|protosynthesisspa
|switch|p2a: Gholden Shower|Gholdengo|100/100
|-item|p2a: Gholden Shower|Air Balloon
|
|-weather|Snowscape|[upkeep]
|upkeep
|turn|10
|
|t:|1759047956
|move|p2a: Gholden Shower|Nasty Plot|p2a: Gholden Shower
|-boost|p2a: Gholden Shower|spa|2
|move|p1a: 50/50|Calm Mind|p1a: 50/50
|-boost|p1a: 50/50|spa|1
|-boost|p1a: 50/50|spd|1
|
|-weather|none
|upkeep
|turn|11
|
|t:|1759047960
|move|p2a: Gholden Shower|Dazzling Gleam|p1a: 50/50
|-supereffective|p1a: 50/50
|-damage|p1a: 50/50|69/100
|move|p1a: 50/50|Thunderbolt|p2a: Gholden Shower
|-damage|p2a: Gholden Shower|0 fnt
|-enditem|p2a: Gholden Shower|Air Balloon
|faint|p2a: Gholden Shower
|
|upkeep
|
|t:|1759047963
|switch|p2a: Unviable|Decidueye-Hisui, M, shiny, tera:Poison|85/100
|turn|12
|
|t:|1759047970
|move|p2a: Unviable|Triple Arrows|p1a: 50/50
|-damage|p1a: 50/50|50/100
|cant|p1a: 50/50|flinch
|
|-heal|p2a: Unviable|91/100|[from] item: Leftovers
|upkeep
|turn|13
|
|t:|1759047976
|move|p2a: Unviable|Triple Arrows|p1a: 50/50
|-damage|p1a: 50/50|33/100
|cant|p1a: 50/50|flinch
|
|-heal|p2a: Unviable|97/100|[from] item: Leftovers
|-sideend|p1: ilytrix|move: Aurora Veil
|upkeep
|turn|14
|
|t:|1759047980
|move|p1a: 50/50|Thunderclap|p2a: Unviable
|-damage|p2a: Unviable|0 fnt
|faint|p2a: Unviable
|
|upkeep
|
|t:|1759047983
|switch|p2a: Sink Pisser|Iron Hands|100/100
|-enditem|p2a: Sink Pisser|Booster Energy
|-activate|p2a: Sink Pisser|ability: Quark Drive|[fromitem]
|-start|p2a: Sink Pisser|quarkdriveatk
|turn|15
|
|t:|1759047986
|move|p2a: Sink Pisser|Swords Dance|p2a: Sink Pisser
|-boost|p2a: Sink Pisser|atk|2
|move|p1a: 50/50|Dragon Pulse|p2a: Sink Pisser
|-damage|p2a: Sink Pisser|14/100
|
|upkeep
|turn|16
|
|t:|1759047989
|move|p1a: 50/50|Thunderclap||[still]
|-fail|p1a: 50/50
|move|p2a: Sink Pisser|Swords Dance|p2a: Sink Pisser
|-boost|p2a: Sink Pisser|atk|2
|
|upkeep
|turn|17
|
|t:|1759047991
|move|p1a: 50/50|Thunderclap||[still]
|-fail|p1a: 50/50
|move|p2a: Sink Pisser|Swords Dance|p2a: Sink Pisser
|-boost|p2a: Sink Pisser|atk|2
|
|upkeep
|turn|18
|
|t:|1759047993
|move|p1a: 50/50|Thunderclap|p2a: Sink Pisser
|-resisted|p2a: Sink Pisser
|-damage|p2a: Sink Pisser|0 fnt
|faint|p2a: Sink Pisser
|-end|p2a: Sink Pisser|Quark Drive|[silent]
|
|upkeep
|c|☆ArcadianSkies|Yeah, Hisuian Decidueye Is ass lmao
|c|☆ArcadianSkies|Gg
|-message|ArcadianSkies forfeited.
|
|win|ilytrix
|raw|ilytrix's rating: 1707 &rarr; <strong>1719</strong><br />(+12 for winning)
|raw|ArcadianSkies's rating: 1560 &rarr; <strong>1548</strong><br />(-12 for losing)
|l|☆ArcadianSkies
|player|p2|
|l|☆ilytrix
|player|p1|
