|j|☆FOX lRL
|j|☆vghhjg
|t:|1758982323
|gametype|singles
|player|p1|FOX lRL|266|1388
|player|p2|vghhjg|266|1505
|gen|9
|tier|[Gen 9] OU
|rated|
|rule|HP Percentage Mod: HP is shown in percentages
|rule|Endless Battle Clause: Forcing endless battles is banned
|rule|Species Clause: Limit one of each Pokémon
|rule|OHKO Clause: OHKO moves are banned
|rule|Evasion Items Clause: Evasion items are banned
|rule|Evasion Moves Clause: Evasion moves are banned
|rule|Evasion Abilities Clause: Evasion abilities are banned
|rule|Sleep Moves Clause: Sleep-inducing moves are banned
|clearpoke
|poke|p1|Cresselia, F|
|poke|p1|Glastrier|
|poke|p1|Ursaluna, F|
|poke|p1|Hatterene, F|
|poke|p1|Kingambit, F|
|poke|p1|Torkoal, F|
|poke|p2|Gholdengo|
|poke|p2|Ribombee, F|
|poke|p2|Dragonite, F|
|poke|p2|Comfey, F|
|poke|p2|Primarina, F|
|poke|p2|Blaziken, M|
|teampreview
|
|t:|1758982331
|teamsize|p1|6
|teamsize|p2|6
|start
|switch|p1a: BOMBA|Torkoal, F|100/100
|switch|p2a: Blaziken|Blaziken, M|100/100
|-weather|SunnyDay|[from] ability: Drought|[of] p1a: BOMBA
|turn|1
|
|t:|1758982338
|move|p2a: Blaziken|Swords Dance|p2a: Blaziken
|-boost|p2a: Blaziken|atk|2
|move|p1a: BOMBA|Earth Power|p2a: Blaziken
|-supereffective|p2a: Blaziken
|-damage|p2a: Blaziken|18/100
|
|-weather|SunnyDay|[upkeep]
|-ability|p2a: Blaziken|Speed Boost|boost
|-boost|p2a: Blaziken|spe|1
|upkeep
|turn|2
|
|t:|1758982353
|move|p2a: Blaziken|Close Combat|p1a: BOMBA
|-damage|p1a: BOMBA|0 fnt
|-unboost|p2a: Blaziken|def|1
|-unboost|p2a: Blaziken|spd|1
|faint|p1a: BOMBA
|-damage|p2a: Blaziken|8/100|[from] item: Life Orb
|
|-weather|SunnyDay|[upkeep]
|-ability|p2a: Blaziken|Speed Boost|boost
|-boost|p2a: Blaziken|spe|1
|upkeep
|
|t:|1758982363
|switch|p1a: Hatterene|Hatterene, F|100/100
|turn|3
|
|t:|1758982365
|move|p2a: Blaziken|Flare Blitz|p1a: Hatterene
|-enditem|p1a: Hatterene|Focus Sash
|-damage|p1a: Hatterene|1/100
|-damage|p2a: Blaziken|0 fnt|[from] Recoil
|faint|p2a: Blaziken
|move|p1a: Hatterene|Trick Room|p1a: Hatterene
|-fieldstart|move: Trick Room|[of] p1a: Hatterene
|
|-weather|SunnyDay|[upkeep]
|upkeep
|
|t:|1758982372
|switch|p2a: Comfey|Comfey, F|100/100
|turn|4
|
|t:|1758982380
|move|p2a: Comfey|Draining Kiss|p1a: Hatterene
|-damage|p1a: Hatterene|0 fnt
|faint|p1a: Hatterene
|-damage|p2a: Comfey|91/100|[from] item: Life Orb
|
|-weather|SunnyDay|[upkeep]
|upkeep
|
|t:|1758982389
|switch|p1a: Glastrier|Glastrier|100/100
|turn|5
|
|t:|1758982425
|switch|p2a: Ribombee|Ribombee, F|100/100
|move|p1a: Glastrier|Swords Dance|p1a: Glastrier
|-boost|p1a: Glastrier|atk|2
|
|-weather|none
|upkeep
|turn|6
|
|t:|1758982431
|move|p1a: Glastrier|Icicle Crash|p2a: Ribombee
|-enditem|p2a: Ribombee|Focus Sash
|-damage|p2a: Ribombee|1/100
|move|p2a: Ribombee|Stun Spore|p1a: Glastrier
|-status|p1a: Glastrier|par
|
|upkeep
|turn|7
|
|t:|1758982441
|move|p1a: Glastrier|Tera Blast|p2a: Ribombee
|-damage|p2a: Ribombee|0 fnt
|faint|p2a: Ribombee
|-ability|p1a: Glastrier|Chilling Neigh|boost
|-boost|p1a: Glastrier|atk|1
|
|-fieldend|move: Trick Room
|upkeep
|
|t:|1758982452
|switch|p2a: Comfey|Comfey, F|91/100
|turn|8
|
|t:|1758982457
|move|p2a: Comfey|Encore|p1a: Glastrier
|-start|p1a: Glastrier|Encore
|cant|p1a: Glastrier|par
|
|upkeep
|turn|9
|
|t:|1758982463
|-terastallize|p1a: Glastrier|Electric
|move|p2a: Comfey|Calm Mind|p2a: Comfey
|-boost|p2a: Comfey|spa|1
|-boost|p2a: Comfey|spd|1
|move|p1a: Glastrier|Tera Blast|p2a: Comfey|[anim] Tera Blast Electric
|-crit|p2a: Comfey
|-damage|p2a: Comfey|0 fnt
|faint|p2a: Comfey
|-ability|p1a: Glastrier|Chilling Neigh|boost
|-boost|p1a: Glastrier|atk|1
|
|upkeep
|
|t:|1758982477
|switch|p2a: Dragonite|Dragonite, F|100/100
|turn|10
|
|t:|1758982480
|move|p2a: Dragonite|Dragon Dance|p2a: Dragonite
|-boost|p2a: Dragonite|atk|1
|-boost|p2a: Dragonite|spe|1
|move|p1a: Glastrier|Tera Blast|p2a: Dragonite|[anim] Tera Blast Electric
|-damage|p2a: Dragonite|17/100
|
|-end|p1a: Glastrier|Encore
|upkeep
|turn|11
|
|t:|1758982513
|move|p2a: Dragonite|Earthquake|p1a: Glastrier
|-supereffective|p1a: Glastrier
|-damage|p1a: Glastrier|34/100 par
|move|p1a: Glastrier|Tera Blast|p2a: Dragonite|[anim] Tera Blast Electric
|-damage|p2a: Dragonite|0 fnt
|faint|p2a: Dragonite
|-ability|p1a: Glastrier|Chilling Neigh|boost
|-boost|p1a: Glastrier|atk|1
|
|upkeep
|
|t:|1758982530
|switch|p2a: Primarina|Primarina, F|100/100
|turn|12
|
|t:|1758982534
|move|p2a: Primarina|Surf|p1a: Glastrier
|-damage|p1a: Glastrier|0 fnt
|faint|p1a: Glastrier
|
|upkeep
|
|t:|1758982546
|switch|p1a: Cresselia|Cresselia, F|100/100
|turn|13
|inactive|Battle timer is ON: inactive players will automatically lose when time's up. (requested by FOX lRL)
|
|t:|1758982593
|move|p2a: Primarina|Substitute|p2a: Primarina
|-start|p2a: Primarina|Substitute
|-damage|p2a: Primarina|76/100
|move|p1a: Cresselia|Light Screen|p1a: Cresselia
|-sidestart|p1: FOX lRL|move: Light Screen
|
|-heal|p2a: Primarina|82/100|[from] item: Leftovers
|upkeep
|turn|14
|
|t:|1758982609
|switch|p1a: Kingambit|Kingambit, F|100/100
|-activate|p1a: Kingambit|ability: Supreme Overlord
|-start|p1a: Kingambit|fallen3|[silent]
|move|p2a: Primarina|Calm Mind|p2a: Primarina
|-boost|p2a: Primarina|spa|1
|-boost|p2a: Primarina|spd|1
|
|-heal|p2a: Primarina|88/100|[from] item: Leftovers
|upkeep
|turn|15
|inactive|vghhjg has 120 seconds left.
|
|t:|1758982649
|move|p2a: Primarina|Calm Mind|p2a: Primarina
|-boost|p2a: Primarina|spa|1
|-boost|p2a: Primarina|spd|1
|move|p1a: Kingambit|Iron Head|p2a: Primarina
|-end|p2a: Primarina|Substitute
|
|-heal|p2a: Primarina|94/100|[from] item: Leftovers
|upkeep
|turn|16
|
|t:|1758982658
|move|p2a: Primarina|Substitute|p2a: Primarina
|-start|p2a: Primarina|Substitute
|-damage|p2a: Primarina|69/100
|move|p1a: Kingambit|Iron Head|p2a: Primarina
|-end|p2a: Primarina|Substitute
|
|-heal|p2a: Primarina|75/100|[from] item: Leftovers
|upkeep
|turn|17
|
|t:|1758982663
|move|p2a: Primarina|Substitute|p2a: Primarina
|-start|p2a: Primarina|Substitute
|-damage|p2a: Primarina|50/100
|move|p1a: Kingambit|Iron Head|p2a: Primarina
|-crit|p2a: Primarina
|-end|p2a: Primarina|Substitute
|
|-heal|p2a: Primarina|56/100|[from] item: Leftovers
|upkeep
|turn|18
|
|t:|1758982674
|-terastallize|p2a: Primarina|Steel
|move|p2a: Primarina|Surf|p1a: Kingambit
|-damage|p1a: Kingambit|59/100
|move|p1a: Kingambit|Iron Head|p2a: Primarina
|-resisted|p2a: Primarina
|-damage|p2a: Primarina|14/100
|
|-heal|p2a: Primarina|20/100|[from] item: Leftovers
|upkeep
|turn|19
|
|t:|1758982684
|move|p2a: Primarina|Surf|p1a: Kingambit
|-damage|p1a: Kingambit|0 fnt
|faint|p1a: Kingambit
|-end|p1a: Kingambit|fallen3|[silent]
|
|-heal|p2a: Primarina|26/100|[from] item: Leftovers
|upkeep
|c|☆FOX lRL|what
|c|☆FOX lRL|TORRENT
|c|☆FOX lRL|holy i fumbled
|inactive|FOX lRL has 120 seconds left.
|
|t:|1758982725
|switch|p1a: Cresselia|Cresselia, F|100/100
|turn|20
|inactive|vghhjg has 120 seconds left.
|
|t:|1758982763
|move|p2a: Primarina|Substitute|p2a: Primarina
|-start|p2a: Primarina|Substitute
|-damage|p2a: Primarina|1/100
|move|p1a: Cresselia|Trick Room|p1a: Cresselia
|-fieldstart|move: Trick Room|[of] p1a: Cresselia
|
|-heal|p2a: Primarina|7/100|[from] item: Leftovers
|-sideend|p1: FOX lRL|move: Light Screen
|upkeep
|turn|21
|
|t:|1758982769
|move|p1a: Cresselia|Light Screen|p1a: Cresselia
|-sidestart|p1: FOX lRL|move: Light Screen
|move|p2a: Primarina|Calm Mind|p2a: Primarina
|-boost|p2a: Primarina|spa|1
|-boost|p2a: Primarina|spd|1
|
|-heal|p2a: Primarina|13/100|[from] item: Leftovers
|upkeep
|turn|22
|
|t:|1758982775
|move|p1a: Cresselia|Lunar Dance|p1a: Cresselia
|faint|p1a: Cresselia
|move|p2a: Primarina|Calm Mind|p2a: Primarina
|-boost|p2a: Primarina|spa|1
|-boost|p2a: Primarina|spd|1
|
|-heal|p2a: Primarina|19/100|[from] item: Leftovers
|upkeep
|
|t:|1758982777
|switch|p1a: Ursaluna|Ursaluna, F|100/100
|turn|23
|inactive|vghhjg has 120 seconds left.
|
|t:|1758982787
|move|p1a: Ursaluna|Earthquake|p2a: Primarina
|-supereffective|p2a: Primarina
|-end|p2a: Primarina|Substitute
|move|p2a: Primarina|Surf|p1a: Ursaluna
|-supereffective|p1a: Ursaluna
|-damage|p1a: Ursaluna|0 fnt
|faint|p1a: Ursaluna
|
|win|vghhjg
|raw|FOX lRL's rating: 1388 &rarr; <strong>1373</strong><br />(-15 for losing)
|raw|vghhjg's rating: 1484 &rarr; <strong>1499</strong><br />(+15 for winning)
|l|☆FOX lRL
|player|p1|
|l|☆vghhjg
|player|p2|
