|j|☆supmydudeee
|j|☆kebab.ixx
|t:|1759036918
|gametype|singles
|player|p1|supmydudeee|102|1510
|player|p2|kebab.ixx|101|1680
|gen|9
|tier|[Gen 9] OU
|rated|
|rule|HP Percentage Mod: HP is shown in percentages
|rule|Endless Battle Clause: Forcing endless battles is banned
|rule|Species Clause: Limit one of each Pokémon
|rule|OHKO Clause: OHKO moves are banned
|rule|Evasion Items Clause: Evasion items are banned
|rule|Evasion Moves Clause: Evasion moves are banned
|rule|Evasion Abilities Clause: Evasion abilities are banned
|rule|Sleep Moves Clause: Sleep-inducing moves are banned
|clearpoke
|poke|p1|Ogerpon-Wellspring, F|
|poke|p1|Dragapult, M|
|poke|p1|Garganacl, M|
|poke|p1|Mandibuzz, F|
|poke|p1|Cinderace, F|
|poke|p1|Gholdengo|
|poke|p2|Kleavor, M|
|poke|p2|Iron Crown|
|poke|p2|Cinderace, M|
|poke|p2|Pecharunt|
|poke|p2|Dragonite, F|
|poke|p2|Garchomp, M|
|teampreview
|inactive|Battle timer is ON: inactive players will automatically lose when time's up. (requested by supmydudeee)
|
|t:|1759036924
|teamsize|p1|6
|teamsize|p2|6
|start
|switch|p1a: Dragapult|Dragapult, M|100/100
|switch|p2a: Kleavor|Kleavor, M|100/100
|turn|1
|
|t:|1759036934
|move|p1a: Dragapult|Dragon Darts|p2a: Kleavor
|-damage|p2a: Kleavor|49/100
|-anim|p1a: Dragapult|Dragon Darts|p2a: Kleavor
|-crit|p2a: Kleavor
|-damage|p2a: Kleavor|0 fnt
|faint|p2a: Kleavor
|
|upkeep
|
|t:|1759036939
|switch|p2a: Pecharunt|Pecharunt|100/100
|-item|p2a: Pecharunt|Air Balloon
|turn|2
|
|t:|1759036948
|switch|p1a: Garganacl|Garganacl, M|100/100
|-terastallize|p2a: Pecharunt|Fairy
|move|p2a: Pecharunt|Tera Blast|p1a: Garganacl|[anim] Tera Blast Fairy
|-crit|p1a: Garganacl
|-damage|p1a: Garganacl|71/100
|
|-heal|p1a: Garganacl|77/100|[from] item: Leftovers
|upkeep
|turn|3
|
|t:|1759036956
|switch|p2a: Garchomp|Garchomp, M|100/100
|move|p1a: Garganacl|Salt Cure|p2a: Garchomp
|-resisted|p2a: Garchomp
|-damage|p2a: Garchomp|93/100
|-start|p2a: Garchomp|Salt Cure
|
|-heal|p1a: Garganacl|83/100|[from] item: Leftovers
|-damage|p2a: Garchomp|81/100|[from] Salt Cure
|upkeep
|turn|4
|
|t:|1759036966
|switch|p2a: Iron Crown|Iron Crown|100/100
|switch|p1a: Mandibuzz|Mandibuzz, F|100/100
|
|upkeep
|turn|5
|
|t:|1759036973
|move|p2a: Iron Crown|Volt Switch|p1a: Mandibuzz
|-supereffective|p1a: Mandibuzz
|-damage|p1a: Mandibuzz|60/100
|
|t:|1759036977
|-end|p2a: Iron Crown|Quark Drive|[silent]
|switch|p2a: Pecharunt|Pecharunt, tera:Fairy|100/100|[from] Volt Switch
|-item|p2a: Pecharunt|Air Balloon
|move|p1a: Mandibuzz|Roost|p1a: Mandibuzz
|-heal|p1a: Mandibuzz|100/100
|-singleturn|p1a: Mandibuzz|move: Roost
|
|upkeep
|turn|6
|
|t:|1759036986
|switch|p1a: Garganacl|Garganacl, M|83/100
|move|p2a: Pecharunt|Nasty Plot|p2a: Pecharunt
|-boost|p2a: Pecharunt|spa|2
|
|-heal|p1a: Garganacl|89/100|[from] item: Leftovers
|upkeep
|turn|7
|
|t:|1759036992
|move|p2a: Pecharunt|Tera Blast|p1a: Garganacl|[anim] Tera Blast Fairy
|-damage|p1a: Garganacl|45/100
|move|p1a: Garganacl|Salt Cure|p2a: Pecharunt
|-damage|p2a: Pecharunt|91/100
|-start|p2a: Pecharunt|Salt Cure
|-enditem|p2a: Pecharunt|Air Balloon
|
|-heal|p1a: Garganacl|51/100|[from] item: Leftovers
|-damage|p2a: Pecharunt|78/100|[from] Salt Cure
|upkeep
|turn|8
|
|t:|1759037003
|switch|p2a: Garchomp|Garchomp, M|81/100
|switch|p1a: Gholdengo|Gholdengo|100/100
|
|upkeep
|turn|9
|
|t:|1759037010
|switch|p1a: Mandibuzz|Mandibuzz, F|100/100
|move|p2a: Garchomp|Earthquake|p1a: Mandibuzz
|-immune|p1a: Mandibuzz
|
|upkeep
|turn|10
|
|t:|1759037016
|switch|p2a: Iron Crown|Iron Crown|100/100
|move|p1a: Mandibuzz|Foul Play|p2a: Iron Crown
|-supereffective|p2a: Iron Crown
|-damage|p2a: Iron Crown|57/100
|
|upkeep
|turn|11
|
|t:|1759037023
|move|p2a: Iron Crown|Volt Switch|p1a: Mandibuzz
|-supereffective|p1a: Mandibuzz
|-damage|p1a: Mandibuzz|61/100
|
|t:|1759037027
|-end|p2a: Iron Crown|Quark Drive|[silent]
|switch|p2a: Garchomp|Garchomp, M|81/100|[from] Volt Switch
|move|p1a: Mandibuzz|U-turn|p2a: Garchomp
|-damage|p2a: Garchomp|71/100
|-damage|p1a: Mandibuzz|49/100|[from] ability: Rough Skin|[of] p2a: Garchomp
|
|t:|1759037037
|switch|p1a: Dragapult|Dragapult, M|100/100|[from] U-turn
|
|upkeep
|turn|12
|
|t:|1759037043
|switch|p2a: Pecharunt|Pecharunt, tera:Fairy|78/100
|move|p1a: Dragapult|Dragon Darts|p2a: Pecharunt
|-immune|p2a: Pecharunt
|
|upkeep
|turn|13
|
|t:|1759037049
|switch|p1a: Garganacl|Garganacl, M|51/100
|switch|p2a: Garchomp|Garchomp, M|71/100
|
|-heal|p1a: Garganacl|57/100|[from] item: Leftovers
|upkeep
|turn|14
|
|t:|1759037056
|switch|p1a: Mandibuzz|Mandibuzz, F|49/100
|move|p2a: Garchomp|Swords Dance|p2a: Garchomp
|-boost|p2a: Garchomp|atk|2
|
|upkeep
|turn|15
|
|t:|1759037065
|move|p2a: Garchomp|Scale Shot|p1a: Mandibuzz
|-damage|p1a: Mandibuzz|33/100
|-damage|p1a: Mandibuzz|17/100
|-damage|p1a: Mandibuzz|4/100
|-damage|p1a: Mandibuzz|0 fnt
|faint|p1a: Mandibuzz
|-hitcount|p1: Mandibuzz|4
|-unboost|p2a: Garchomp|def|1
|-boost|p2a: Garchomp|spe|1
|
|upkeep
|
|t:|1759037075
|switch|p1a: Gholdengo|Gholdengo|100/100
|turn|16
|
|t:|1759037079
|-terastallize|p1a: Gholdengo|Fairy
|move|p2a: Garchomp|Earthquake|p1a: Gholdengo
|-damage|p1a: Gholdengo|0 fnt
|faint|p1a: Gholdengo
|
|upkeep
|
|t:|1759037087
|switch|p1a: Cinderace|Cinderace, F|100/100
|turn|17
|-message|supmydudeee forfeited.
|
|win|kebab.ixx
|raw|supmydudeee's rating: 1510 &rarr; <strong>1499</strong><br />(-11 for losing)
|raw|kebab.ixx's rating: 1680 &rarr; <strong>1691</strong><br />(+11 for winning)
|l|☆supmydudeee
|player|p1|
|l|☆kebab.ixx
|player|p2|
