|j|☆capitolg
|j|☆p0kemaster2003
|t:|1758934516
|gametype|singles
|player|p1|capitolg|bellelba|1129
|player|p2|p0kemaster2003|cynthia-gen4|1181
|gen|9
|tier|[Gen 9] OU
|rated|
|rule|HP Percentage Mod: HP is shown in percentages
|rule|Endless Battle Clause: Forcing endless battles is banned
|rule|Species Clause: Limit one of each Pokémon
|rule|OHKO Clause: OHKO moves are banned
|rule|Evasion Items Clause: Evasion items are banned
|rule|Evasion Moves Clause: Evasion moves are banned
|rule|Evasion Abilities Clause: Evasion abilities are banned
|rule|Sleep Moves Clause: Sleep-inducing moves are banned
|clearpoke
|poke|p1|Masquerain, M|
|poke|p1|Articuno-Galar|
|poke|p1|Smeargle, M|
|poke|p1|Empoleon, F|
|poke|p1|Passimian, M|
|poke|p1|Chandelure, M|
|poke|p2|Jolteon, F|
|poke|p2|Gyarados, M|
|poke|p2|Iron Moth|
|poke|p2|Weezing-Galar, M|
|poke|p2|Florges, F|
|poke|p2|Krookodile, M|
|teampreview
|
|t:|1758934524
|teamsize|p1|6
|teamsize|p2|6
|start
|switch|p1a: Masquerain|Masquerain, M|100/100
|switch|p2a: ZAP|Jolteon, F|100/100
|-ability|p1a: Masquerain|Intimidate|boost
|-unboost|p2a: ZAP|atk|1
|turn|1
|
|t:|1758934530
|move|p2a: ZAP|Calm Mind|p2a: ZAP
|-boost|p2a: ZAP|spa|1
|-boost|p2a: ZAP|spd|1
|move|p1a: Masquerain|Sticky Web|p2a: ZAP
|-sidestart|p2: p0kemaster2003|move: Sticky Web
|
|-status|p2a: ZAP|brn|[from] item: Flame Orb
|upkeep
|turn|2
|
|t:|1758934534
|move|p2a: ZAP|Calm Mind|p2a: ZAP
|-boost|p2a: ZAP|spa|1
|-boost|p2a: ZAP|spd|1
|move|p1a: Masquerain|Whirlwind|p2a: ZAP
|drag|p2a: HAT|Weezing-Galar, M|100/100
|
|upkeep
|turn|3
|
|t:|1758934540
|switch|p1a: Chandelure|Chandelure, M|100/100
|move|p2a: HAT|Defog|p1a: Chandelure
|-unboost|p1a: Chandelure|evasion|1
|-sideend|p2: p0kemaster2003|Sticky Web|[from] move: Defog|[of] p2a: HAT
|
|upkeep
|turn|4
|
|t:|1758934551
|switch|p2a: ZAP|Jolteon, F|100/100 brn
|move|p1a: Chandelure|Psychic|p2a: ZAP
|-damage|p2a: ZAP|54/100 brn
|
|-damage|p2a: ZAP|48/100 brn|[from] brn
|upkeep
|turn|5
|
|t:|1758934555
|move|p2a: ZAP|Shadow Ball|p1a: Chandelure
|-supereffective|p1a: Chandelure
|-damage|p1a: Chandelure|41/100
|move|p1a: Chandelure|Shadow Ball|p2a: ZAP
|-damage|p2a: ZAP|0 fnt
|faint|p2a: ZAP
|
|upkeep
|
|t:|1758934561
|switch|p2a: DOS|Gyarados, M, shiny|100/100
|turn|6
|
|t:|1758934565
|move|p2a: DOS|Earthquake|p1a: Chandelure
|-supereffective|p1a: Chandelure
|-damage|p1a: Chandelure|0 fnt
|faint|p1a: Chandelure
|-ability|p2a: DOS|Moxie|boost
|-boost|p2a: DOS|atk|1
|
|upkeep
|
|t:|1758934567
|switch|p1a: Masquerain|Masquerain, M|100/100
|-ability|p1a: Masquerain|Intimidate|boost
|-unboost|p2a: DOS|atk|1
|turn|7
|
|t:|1758934580
|switch|p2a: MOTHRA|Iron Moth|100/100
|-enditem|p2a: MOTHRA|Booster Energy
|-activate|p2a: MOTHRA|ability: Quark Drive|[fromitem]
|-start|p2a: MOTHRA|quarkdrivespe
|move|p1a: Masquerain|Sticky Web|p2a: MOTHRA
|-sidestart|p2: p0kemaster2003|move: Sticky Web
|
|upkeep
|turn|8
|
|t:|1758934589
|move|p2a: MOTHRA|Discharge|p1a: Masquerain
|-supereffective|p1a: Masquerain
|-damage|p1a: Masquerain|39/100
|-status|p1a: Masquerain|par
|move|p1a: Masquerain|Bug Buzz|p2a: MOTHRA
|-resisted|p2a: MOTHRA
|-damage|p2a: MOTHRA|90/100
|-unboost|p2a: MOTHRA|spd|1
|
|upkeep
|turn|9
|
|t:|1758934595
|move|p2a: MOTHRA|Discharge|p1a: Masquerain
|-supereffective|p1a: Masquerain
|-damage|p1a: Masquerain|0 fnt
|faint|p1a: Masquerain
|
|upkeep
|
|t:|1758934597
|switch|p1a: Smeargle|Smeargle, M|100/100
|turn|10
|
|t:|1758934613
|-terastallize|p2a: MOTHRA|Grass
|move|p2a: MOTHRA|Fiery Dance|p1a: Smeargle
|-damage|p1a: Smeargle|47/100
|move|p1a: Smeargle|Trick Room|p1a: Smeargle
|-fieldstart|move: Trick Room|[of] p1a: Smeargle
|
|upkeep
|turn|11
|
|t:|1758934627
|move|p1a: Smeargle|Court Change|p1a: Smeargle
|-swapsideconditions
|-activate|p1a: Smeargle|move: Court Change
|move|p2a: MOTHRA|Fiery Dance|p1a: Smeargle
|-damage|p1a: Smeargle|0 fnt
|-boost|p2a: MOTHRA|spa|1
|faint|p1a: Smeargle
|
|upkeep
|
|t:|1758934630
|switch|p1a: Empoleon|Empoleon, F|100/100
|-activate|p1a: Empoleon|move: Sticky Web
|-unboost|p1a: Empoleon|spe|1
|-ability|p1a: Empoleon|Competitive|boost
|-boost|p1a: Empoleon|spa|2
|turn|12
|
|t:|1758934639
|move|p1a: Empoleon|Ice Beam|p2a: MOTHRA
|-supereffective|p2a: MOTHRA
|-damage|p2a: MOTHRA|0 fnt
|faint|p2a: MOTHRA
|-end|p2a: MOTHRA|Quark Drive|[silent]
|
|upkeep
|
|t:|1758934670
|switch|p2a: HAT|Weezing-Galar, M|100/100
|turn|13
|inactive|Battle timer is ON: inactive players will automatically lose when time's up. (requested by capitolg)
|
|t:|1758934720
|move|p1a: Empoleon|Surf|p2a: HAT
|-damage|p2a: HAT|0 fnt
|faint|p2a: HAT
|
|upkeep
|
|t:|1758934725
|switch|p2a: DEMON FLOWER|Florges, F|100/100
|turn|14
|
|t:|1758934735
|switch|p2a: DOS|Gyarados, M, shiny|100/100
|move|p1a: Empoleon|Surf|p2a: DOS
|-resisted|p2a: DOS
|-damage|p2a: DOS|58/100
|
|-fieldend|move: Trick Room
|upkeep
|turn|15
|
|t:|1758934746
|move|p2a: DOS|Earthquake|p1a: Empoleon
|-supereffective|p1a: Empoleon
|-damage|p1a: Empoleon|20/100
|move|p1a: Empoleon|Grass Knot|p2a: DOS
|-crit|p2a: DOS
|-damage|p2a: DOS|0 fnt
|faint|p2a: DOS
|
|upkeep
|
|t:|1758934756
|switch|p2a: krook|Krookodile, M|100/100
|-ability|p2a: krook|Intimidate|boost
|-unboost|p1a: Empoleon|atk|1
|-ability|p1a: Empoleon|Competitive|boost
|-boost|p1a: Empoleon|spa|2
|turn|16
|
|t:|1758934782
|move|p1a: Empoleon|Vacuum Wave|p2a: krook
|-supereffective|p2a: krook
|-enditem|p2a: krook|Focus Sash
|-damage|p2a: krook|1/100
|move|p2a: krook|Earthquake|p1a: Empoleon
|-supereffective|p1a: Empoleon
|-damage|p1a: Empoleon|0 fnt
|faint|p1a: Empoleon
|
|upkeep
|
|t:|1758934785
|switch|p1a: Passimian|Passimian, M|100/100
|-activate|p1a: Passimian|move: Sticky Web
|-unboost|p1a: Passimian|spe|1
|-ability|p1a: Passimian|Defiant|boost
|-boost|p1a: Passimian|atk|2
|turn|17
|
|t:|1758934797
|move|p2a: krook|Earthquake|p1a: Passimian
|-damage|p1a: Passimian|56/100
|move|p1a: Passimian|Drain Punch|p2a: krook
|-supereffective|p2a: krook
|-damage|p2a: krook|0 fnt
|-heal|p1a: Passimian|56/100|[from] drain|[of] p2a: krook
|faint|p2a: krook
|
|upkeep
|inactive|p0kemaster2003 has 120 seconds left.
|
|t:|1758934827
|switch|p2a: DEMON FLOWER|Florges, F|100/100
|turn|18
|inactive|p0kemaster2003 has 120 seconds left.
|
|t:|1758934842
|move|p2a: DEMON FLOWER|Moonblast|p1a: Passimian
|-supereffective|p1a: Passimian
|-damage|p1a: Passimian|0 fnt
|faint|p1a: Passimian
|
|upkeep
|
|t:|1758934845
|switch|p1a: Articuno|Articuno-Galar|100/100
|-activate|p1a: Articuno|move: Sticky Web
|-unboost|p1a: Articuno|spe|1
|-ability|p1a: Articuno|Competitive|boost
|-boost|p1a: Articuno|spa|2
|turn|19
|inactive|p0kemaster2003 has 120 seconds left.
|
|t:|1758934862
|move|p2a: DEMON FLOWER|Moonblast|p1a: Articuno
|-damage|p1a: Articuno|66/100
|move|p1a: Articuno|Freezing Glare|p2a: DEMON FLOWER
|-damage|p2a: DEMON FLOWER|27/100
|
|upkeep
|turn|20
|
|t:|1758934887
|move|p2a: DEMON FLOWER|Moonblast|p1a: Articuno
|-damage|p1a: Articuno|31/100
|move|p1a: Articuno|Freezing Glare|p2a: DEMON FLOWER
|-damage|p2a: DEMON FLOWER|0 fnt
|faint|p2a: DEMON FLOWER
|
|win|capitolg
|raw|capitolg's rating: 1129 &rarr; <strong>1158</strong><br />(+29 for winning)
|raw|p0kemaster2003's rating: 1181 &rarr; <strong>1152</strong><br />(-29 for losing)
|l|☆p0kemaster2003
|player|p2|
|l|☆capitolg
|player|p1|
