|j|☆silverlol
|j|☆xiaoqian123
|t:|1759034675
|gametype|singles
|player|p1|silverlol|gambler|1262
|player|p2|xiaoqian123|1|1311
|gen|9
|tier|[Gen 9] OU
|rated|
|rule|HP Percentage Mod: HP is shown in percentages
|rule|Endless Battle Clause: Forcing endless battles is banned
|rule|Species Clause: Limit one of each Pokémon
|rule|OHKO Clause: OHKO moves are banned
|rule|Evasion Items Clause: Evasion items are banned
|rule|Evasion Moves Clause: Evasion moves are banned
|rule|Evasion Abilities Clause: Evasion abilities are banned
|rule|Sleep Moves Clause: Sleep-inducing moves are banned
|clearpoke
|poke|p1|Scizor, M|
|poke|p1|Greninja-*, M|
|poke|p1|Garchomp, F|
|poke|p1|Metagross|
|poke|p1|Zapdos|
|poke|p1|Excadrill, F|
|poke|p2|Suicune|
|poke|p2|Scream Tail|
|poke|p2|Amoonguss, F|
|poke|p2|Dragonite, M|
|poke|p2|Tyranitar, M|
|poke|p2|Skeledirge, F|
|teampreview
|inactive|Battle timer is ON: inactive players will automatically lose when time's up. (requested by xiaoqian123)
|
|t:|1759034686
|teamsize|p1|6
|teamsize|p2|6
|start
|switch|p1a: Zapdos|Zapdos, shiny|100/100
|switch|p2a: Amoonguss|Amoonguss, F|100/100
|turn|1
|
|t:|1759034692
|move|p1a: Zapdos|Heat Wave|p2a: Amoonguss
|-supereffective|p2a: Amoonguss
|-damage|p2a: Amoonguss|38/100
|move|p2a: Amoonguss|Toxic|p1a: Zapdos
|-status|p1a: Zapdos|tox
|
|-damage|p1a: Zapdos|94/100 tox|[from] psn
|upkeep
|turn|2
|
|t:|1759034701
|move|p2a: Amoonguss|Protect|p2a: Amoonguss
|-singleturn|p2a: Amoonguss|Protect
|move|p1a: Zapdos|Thunderbolt|p2a: Amoonguss
|-activate|p2a: Amoonguss|move: Protect
|
|-damage|p1a: Zapdos|82/100 tox|[from] psn
|upkeep
|turn|3
|
|t:|1759034708
|switch|p2a: Tyranitar|Tyranitar, M, shiny|100/100
|-weather|Sandstorm|[from] ability: Sand Stream|[of] p2a: Tyranitar
|move|p1a: Zapdos|Hurricane|p2a: Tyranitar
|-resisted|p2a: Tyranitar
|-damage|p2a: Tyranitar|87/100
|
|-weather|Sandstorm|[upkeep]
|-damage|p1a: Zapdos|76/100 tox|[from] Sandstorm
|-damage|p1a: Zapdos|57/100 tox|[from] psn
|upkeep
|turn|4
|
|t:|1759034721
|move|p1a: Zapdos|Volt Switch|p2a: Tyranitar
|-damage|p2a: Tyranitar|71/100
|
|t:|1759034724
|switch|p1a: Metagross|Metagross|100/100|[from] Volt Switch
|move|p2a: Tyranitar|Rock Blast|p1a: Metagross
|-resisted|p1a: Metagross
|-damage|p1a: Metagross|96/100
|-resisted|p1a: Metagross
|-damage|p1a: Metagross|91/100
|-resisted|p1a: Metagross
|-damage|p1a: Metagross|85/100
|-hitcount|p1a: Metagross|3
|
|-weather|Sandstorm|[upkeep]
|upkeep
|turn|5
|
|t:|1759034738
|switch|p2a: Scream Tail|Scream Tail|100/100
|move|p1a: Metagross|Earthquake|p2a: Scream Tail
|-damage|p2a: Scream Tail|73/100
|
|-weather|Sandstorm|[upkeep]
|-damage|p2a: Scream Tail|67/100|[from] Sandstorm
|-heal|p2a: Scream Tail|73/100|[from] item: Leftovers
|upkeep
|turn|6
|
|t:|1759034743
|move|p2a: Scream Tail|Thunder Wave|p1a: Metagross
|-status|p1a: Metagross|par
|cant|p1a: Metagross|par
|
|-weather|Sandstorm|[upkeep]
|-damage|p2a: Scream Tail|67/100|[from] Sandstorm
|-heal|p2a: Scream Tail|73/100|[from] item: Leftovers
|upkeep
|turn|7
|
|t:|1759034747
|move|p2a: Scream Tail|Stealth Rock|p1a: Metagross
|-sidestart|p1: silverlol|move: Stealth Rock
|move|p1a: Metagross|Psychic Fangs|p2a: Scream Tail
|-resisted|p2a: Scream Tail
|-damage|p2a: Scream Tail|55/100
|
|-weather|none
|-heal|p2a: Scream Tail|62/100|[from] item: Leftovers
|upkeep
|turn|8
|
|t:|1759034751
|move|p1a: Metagross|Bullet Punch|p2a: Scream Tail
|-supereffective|p2a: Scream Tail
|-damage|p2a: Scream Tail|24/100
|move|p2a: Scream Tail|Encore|p1a: Metagross
|-start|p1a: Metagross|Encore
|
|-heal|p2a: Scream Tail|30/100|[from] item: Leftovers
|upkeep
|turn|9
|
|t:|1759034758
|move|p1a: Metagross|Bullet Punch|p2a: Scream Tail
|-supereffective|p2a: Scream Tail
|-damage|p2a: Scream Tail|0 fnt
|faint|p2a: Scream Tail
|-end|p2a: Scream Tail|Protosynthesis|[silent]
|
|upkeep
|
|t:|1759034760
|switch|p2a: Skeledirge|Skeledirge, F|100/100
|turn|10
|
|t:|1759034766
|switch|p1a: Greninja|Greninja, M|100/100
|-damage|p1a: Greninja|88/100|[from] Stealth Rock
|move|p2a: Skeledirge|Torch Song|p1a: Greninja
|-resisted|p1a: Greninja
|-damage|p1a: Greninja|55/100
|-boost|p2a: Skeledirge|spa|1
|
|upkeep
|turn|11
|
|t:|1759034776
|switch|p2a: Suicune|Suicune|100/100
|-ability|p2a: Suicune|Pressure
|move|p1a: Greninja|Surf|p2a: Suicune
|-resisted|p2a: Suicune
|-damage|p2a: Suicune|85/100
|
|-heal|p2a: Suicune|91/100|[from] item: Leftovers
|upkeep
|turn|12
|
|t:|1759034784
|move|p1a: Greninja|Dark Pulse|p2a: Suicune
|-damage|p2a: Suicune|64/100
|move|p2a: Suicune|Calm Mind|p2a: Suicune
|-boost|p2a: Suicune|spa|1
|-boost|p2a: Suicune|spd|1
|
|-heal|p2a: Suicune|70/100|[from] item: Leftovers
|upkeep
|turn|13
|
|t:|1759034790
|move|p1a: Greninja|Sludge Wave|p2a: Suicune
|-damage|p2a: Suicune|54/100
|move|p2a: Suicune|Scald|p1a: Greninja
|-resisted|p1a: Greninja
|-damage|p1a: Greninja|23/100
|
|-heal|p2a: Suicune|60/100|[from] item: Leftovers
|upkeep
|turn|14
|
|t:|1759034792
|move|p1a: Greninja|Sludge Wave|p2a: Suicune
|-damage|p2a: Suicune|45/100
|move|p2a: Suicune|Calm Mind|p2a: Suicune
|-boost|p2a: Suicune|spa|1
|-boost|p2a: Suicune|spd|1
|
|-heal|p2a: Suicune|51/100|[from] item: Leftovers
|upkeep
|turn|15
|
|t:|1759034796
|move|p1a: Greninja|Sludge Wave|p2a: Suicune
|-damage|p2a: Suicune|40/100
|move|p2a: Suicune|Calm Mind|p2a: Suicune
|-boost|p2a: Suicune|spa|1
|-boost|p2a: Suicune|spd|1
|
|-heal|p2a: Suicune|46/100|[from] item: Leftovers
|upkeep
|turn|16
|
|t:|1759034805
|move|p1a: Greninja|Dark Pulse|p2a: Suicune
|-damage|p2a: Suicune|34/100
|move|p2a: Suicune|Rest|p2a: Suicune
|-status|p2a: Suicune|slp|[from] move: Rest
|-heal|p2a: Suicune|100/100 slp|[silent]
|
|upkeep
|turn|17
|
|t:|1759034810
|move|p1a: Greninja|Dark Pulse|p2a: Suicune
|-damage|p2a: Suicune|88/100 slp
|cant|p2a: Suicune|slp
|move|p2a: Suicune|Sleep Talk|p2a: Suicune
|move|p2a: Suicune|Calm Mind|p2a: Suicune|[from] move: Sleep Talk
|-boost|p2a: Suicune|spa|1
|-boost|p2a: Suicune|spd|1
|
|-heal|p2a: Suicune|94/100 slp|[from] item: Leftovers
|upkeep
|turn|18
|
|t:|1759034813
|move|p1a: Greninja|Dark Pulse|p2a: Suicune
|-damage|p2a: Suicune|85/100 slp
|cant|p2a: Suicune|slp
|move|p2a: Suicune|Sleep Talk|p2a: Suicune
|move|p2a: Suicune|Rest||[from] move: Sleep Talk|[still]
|-fail|p2a: Suicune
|
|-heal|p2a: Suicune|91/100 slp|[from] item: Leftovers
|upkeep
|turn|19
|
|t:|1759034820
|switch|p1a: Excadrill|Excadrill, F|100/100
|-damage|p1a: Excadrill|97/100|[from] Stealth Rock
|-ability|p1a: Excadrill|Mold Breaker
|-curestatus|p2a: Suicune|slp|[msg]
|move|p2a: Suicune|Scald|p1a: Excadrill
|-supereffective|p1a: Excadrill
|-damage|p1a: Excadrill|0 fnt
|faint|p1a: Excadrill
|
|-heal|p2a: Suicune|97/100|[from] item: Leftovers
|upkeep
|
|t:|1759034823
|switch|p1a: Zapdos|Zapdos, shiny|57/100 tox
|-damage|p1a: Zapdos|32/100 tox|[from] Stealth Rock
|turn|20
|c|☆xiaoqian123|ggwp
|
|t:|1759034841
|move|p1a: Zapdos|Thunderbolt|p2a: Suicune
|-supereffective|p2a: Suicune
|-crit|p2a: Suicune
|-damage|p2a: Suicune|0 fnt
|faint|p2a: Suicune
|
|-damage|p1a: Zapdos|26/100 tox|[from] psn
|upkeep
|c|☆xiaoqian123|？
|
|t:|1759034850
|switch|p2a: Tyranitar|Tyranitar, M, shiny|71/100
|-weather|Sandstorm|[from] ability: Sand Stream|[of] p2a: Tyranitar
|turn|21
|c|☆silverlol|?
|
|t:|1759034861
|move|p1a: Zapdos|Thunderbolt|p2a: Tyranitar
|-damage|p2a: Tyranitar|49/100
|move|p2a: Tyranitar|Rock Blast|p1a: Zapdos|[miss]
|-miss|p2a: Tyranitar|p1a: Zapdos
|
|-weather|Sandstorm|[upkeep]
|-damage|p1a: Zapdos|20/100 tox|[from] Sandstorm
|-damage|p1a: Zapdos|7/100 tox|[from] psn
|upkeep
|turn|22
|
|t:|1759034869
|move|p1a: Zapdos|Thunderbolt|p2a: Tyranitar
|-damage|p2a: Tyranitar|26/100
|move|p2a: Tyranitar|Rock Blast|p1a: Zapdos
|-supereffective|p1a: Zapdos
|-damage|p1a: Zapdos|0 fnt
|faint|p1a: Zapdos
|-hitcount|p1: Zapdos|1
|
|-weather|Sandstorm|[upkeep]
|upkeep
|c|☆xiaoqian123|怎么就打中要害了
|
|t:|1759034883
|switch|p1a: Greninja|Greninja, M|23/100
|-damage|p1a: Greninja|11/100|[from] Stealth Rock
|turn|23
|c|☆xiaoqian123|直接无视我的强化了
|
|t:|1759034890
|switch|p2a: Amoonguss|Amoonguss, F|71/100
|move|p1a: Greninja|Surf|p2a: Amoonguss
|-resisted|p2a: Amoonguss
|-damage|p2a: Amoonguss|50/100
|
|-weather|Sandstorm|[upkeep]
|-damage|p1a: Greninja|5/100|[from] Sandstorm
|-damage|p2a: Amoonguss|44/100|[from] Sandstorm
|upkeep
|turn|24
|
|t:|1759034895
|move|p2a: Amoonguss|Protect|p2a: Amoonguss
|-singleturn|p2a: Amoonguss|Protect
|move|p1a: Greninja|Ice Beam|p2a: Amoonguss
|-activate|p2a: Amoonguss|move: Protect
|
|-weather|Sandstorm|[upkeep]
|-damage|p1a: Greninja|0 fnt|[from] Sandstorm
|-damage|p2a: Amoonguss|37/100|[from] Sandstorm
|faint|p1a: Greninja
|upkeep
|
|t:|1759034906
|switch|p1a: Scizor|Scizor, M|100/100
|-damage|p1a: Scizor|88/100|[from] Stealth Rock
|turn|25
|
|t:|1759034919
|move|p2a: Amoonguss|Protect||[still]
|-fail|p2a: Amoonguss
|move|p1a: Scizor|Swords Dance|p1a: Scizor
|-boost|p1a: Scizor|atk|2
|
|-weather|none
|upkeep
|turn|26
|inactive|silverlol has 120 seconds left.
|c|☆silverlol|أنا جائع
|
|t:|1759034954
|switch|p2a: Skeledirge|Skeledirge, F|100/100
|move|p1a: Scizor|Dual Wingbeat|p2a: Skeledirge
|-damage|p2a: Skeledirge|84/100
|-damage|p2a: Skeledirge|66/100
|-hitcount|p2a: Skeledirge|2
|
|upkeep
|turn|27
|inactive|silverlol has 120 seconds left.
|
|t:|1759034962
|-terastallize|p1a: Scizor|Flying
|move|p2a: Skeledirge|Torch Song|p1a: Scizor
|-damage|p1a: Scizor|45/100
|-boost|p2a: Skeledirge|spa|1
|move|p1a: Scizor|Swords Dance|p1a: Scizor
|-boost|p1a: Scizor|atk|2
|
|upkeep
|turn|28
|
|t:|1759034977
|move|p1a: Scizor|Bullet Punch|p2a: Skeledirge
|-resisted|p2a: Skeledirge
|-damage|p2a: Skeledirge|49/100
|move|p2a: Skeledirge|Torch Song|p1a: Scizor
|-damage|p1a: Scizor|0 fnt
|-boost|p2a: Skeledirge|spa|1
|faint|p1a: Scizor
|
|upkeep
|
|t:|1759034982
|switch|p1a: Garchomp|Garchomp, F|100/100
|-damage|p1a: Garchomp|94/100|[from] Stealth Rock
|turn|29
|inactive|xiaoqian123 has 120 seconds left.
|
|t:|1759035023
|-terastallize|p2a: Skeledirge|Grass
|move|p1a: Garchomp|Earthquake|p2a: Skeledirge
|-resisted|p2a: Skeledirge
|-damage|p2a: Skeledirge|30/100
|move|p2a: Skeledirge|Rest|p2a: Skeledirge
|-status|p2a: Skeledirge|slp|[from] move: Rest
|-heal|p2a: Skeledirge|100/100 slp|[silent]
|
|upkeep
|turn|30
|
|t:|1759035042
|move|p1a: Garchomp|Swords Dance|p1a: Garchomp
|-boost|p1a: Garchomp|atk|2
|cant|p2a: Skeledirge|slp
|move|p2a: Skeledirge|Sleep Talk|p2a: Skeledirge
|move|p2a: Skeledirge|Torch Song|p1a: Garchomp|[from] move: Sleep Talk
|-resisted|p1a: Garchomp
|-damage|p1a: Garchomp|51/100
|-boost|p2a: Skeledirge|spa|1
|
|upkeep
|turn|31
|inactive|xiaoqian123 has 120 seconds left.
|
|t:|1759035077
|move|p1a: Garchomp|Poison Jab|p2a: Skeledirge
|-supereffective|p2a: Skeledirge
|-damage|p2a: Skeledirge|62/100 slp
|cant|p2a: Skeledirge|slp
|move|p2a: Skeledirge|Sleep Talk|p2a: Skeledirge
|move|p2a: Skeledirge|Torch Song|p1a: Garchomp|[from] move: Sleep Talk
|-resisted|p1a: Garchomp
|-damage|p1a: Garchomp|4/100
|-boost|p2a: Skeledirge|spa|1
|
|upkeep
|turn|32
|
|t:|1759035087
|move|p1a: Garchomp|Scale Shot|p2a: Skeledirge
|-damage|p2a: Skeledirge|49/100 slp
|-damage|p2a: Skeledirge|37/100 slp
|-damage|p2a: Skeledirge|24/100 slp
|-damage|p2a: Skeledirge|11/100 slp
|-hitcount|p2a: Skeledirge|4
|-unboost|p1a: Garchomp|def|1
|-boost|p1a: Garchomp|spe|1
|-curestatus|p2a: Skeledirge|slp|[msg]
|move|p2a: Skeledirge|Torch Song|p1a: Garchomp
|-resisted|p1a: Garchomp
|-damage|p1a: Garchomp|0 fnt
|-boost|p2a: Skeledirge|spa|1
|faint|p1a: Garchomp
|
|upkeep
|
|t:|1759035095
|switch|p1a: Metagross|Metagross|85/100 par
|-damage|p1a: Metagross|79/100 par|[from] Stealth Rock
|turn|33
|
|t:|1759035101
|move|p2a: Skeledirge|Rest|p2a: Skeledirge
|-status|p2a: Skeledirge|slp|[from] move: Rest
|-heal|p2a: Skeledirge|100/100 slp|[silent]
|move|p1a: Metagross|Psychic Fangs|p2a: Skeledirge
|-damage|p2a: Skeledirge|67/100 slp
|
|upkeep
|turn|34
|
|t:|1759035110
|cant|p2a: Skeledirge|slp
|move|p2a: Skeledirge|Sleep Talk|p2a: Skeledirge
|move|p2a: Skeledirge|Torch Song|p1a: Metagross|[from] move: Sleep Talk
|-supereffective|p1a: Metagross
|-damage|p1a: Metagross|0 fnt
|-boost|p2a: Skeledirge|spa|1
|faint|p1a: Metagross
|
|win|xiaoqian123
|raw|silverlol's rating: 1262 &rarr; <strong>1241</strong><br />(-21 for losing)
|raw|xiaoqian123's rating: 1311 &rarr; <strong>1328</strong><br />(+17 for winning)
|l|☆silverlol
|player|p1|
|l|☆xiaoqian123
|player|p2|
