|j|☆BomBomOU
|j|☆dragon de hilos
|t:|1758928676
|gametype|singles
|player|p1|BomBomOU|170|1419
|player|p2|dragon de hilos|riley|1375
|gen|9
|tier|[Gen 9] OU
|rated|
|rule|HP Percentage Mod: HP is shown in percentages
|rule|Endless Battle Clause: Forcing endless battles is banned
|rule|Species Clause: Limit one of each Pokémon
|rule|OHKO Clause: OHKO moves are banned
|rule|Evasion Items Clause: Evasion items are banned
|rule|Evasion Moves Clause: Evasion moves are banned
|rule|Evasion Abilities Clause: Evasion abilities are banned
|rule|Sleep Moves Clause: Sleep-inducing moves are banned
|clearpoke
|poke|p1|Rillaboom, M|
|poke|p1|Scream Tail|
|poke|p1|Sinistcha|
|poke|p1|Incineroar, F|
|poke|p1|Thundurus-Therian, M|
|poke|p1|Greninja-*, M|
|poke|p2|Darkrai|
|poke|p2|Cinderace, M|
|poke|p2|Garganacl, F|
|poke|p2|Zapdos|
|poke|p2|Landorus-Therian, M|
|poke|p2|Chansey, F|
|teampreview
|
|t:|1758928686
|teamsize|p1|6
|teamsize|p2|6
|start
|switch|p1a: Scream Tail|Scream Tail|100/100
|switch|p2a: Darkrai|Darkrai|100/100
|turn|1
|
|t:|1758928690
|move|p2a: Darkrai|Sludge Bomb|p1a: Scream Tail
|-supereffective|p1a: Scream Tail
|-damage|p1a: Scream Tail|33/100
|-status|p1a: Scream Tail|psn
|move|p1a: Scream Tail|Thunder Wave|p2a: Darkrai
|-status|p2a: Darkrai|par
|
|-damage|p1a: Scream Tail|20/100 psn|[from] psn
|upkeep
|turn|2
|
|t:|1758928697
|move|p1a: Scream Tail|Stealth Rock|p2a: Darkrai
|-sidestart|p2: dragon de hilos|move: Stealth Rock
|move|p2a: Darkrai|Sludge Bomb|p1a: Scream Tail
|-supereffective|p1a: Scream Tail
|-damage|p1a: Scream Tail|0 fnt
|faint|p1a: Scream Tail
|-end|p1a: Scream Tail|Protosynthesis|[silent]
|
|upkeep
|
|t:|1758928706
|switch|p1a: The Rock|Incineroar, F|100/100
|-ability|p1a: The Rock|Intimidate|boost
|-unboost|p2a: Darkrai|atk|1
|turn|3
|inactive|Battle timer is ON: inactive players will automatically lose when time's up. (requested by dragon de hilos)
|
|t:|1758928710
|switch|p2a: Landorus|Landorus-Therian, M|100/100
|-damage|p2a: Landorus|88/100|[from] Stealth Rock
|-ability|p2a: Landorus|Intimidate|boost
|-unboost|p1a: The Rock|atk|1
|move|p1a: The Rock|Knock Off|p2a: Landorus
|-damage|p2a: Landorus|58/100
|-enditem|p2a: Landorus|Leftovers|[from] move: Knock Off|[of] p1a: The Rock
|
|upkeep
|turn|4
|
|t:|1758928719
|switch|p1a: Sinistcha|Sinistcha|100/100
|move|p2a: Landorus|U-turn|p1a: Sinistcha
|-damage|p1a: Sinistcha|83/100
|
|t:|1758928723
|switch|p2a: Cinderace|Cinderace, M|100/100|[from] U-turn
|
|-heal|p1a: Sinistcha|89/100|[from] item: Leftovers
|upkeep
|turn|5
|
|t:|1758928730
|move|p2a: Cinderace|Pyro Ball|p1a: Sinistcha
|-supereffective|p1a: Sinistcha
|-damage|p1a: Sinistcha|51/100
|move|p1a: Sinistcha|Hex|p2a: Cinderace
|-damage|p2a: Cinderace|61/100
|
|-heal|p1a: Sinistcha|57/100|[from] item: Leftovers
|upkeep
|turn|6
|
|t:|1758928736
|move|p2a: Cinderace|Pyro Ball|p1a: Sinistcha
|-supereffective|p1a: Sinistcha
|-damage|p1a: Sinistcha|14/100
|move|p1a: Sinistcha|Strength Sap|p2a: Cinderace
|-unboost|p2a: Cinderace|atk|1
|-heal|p1a: Sinistcha|100/100
|
|upkeep
|turn|7
|
|t:|1758928745
|switch|p2a: Zapdos|Zapdos|100/100
|move|p1a: Sinistcha|Hex|p2a: Zapdos
|-damage|p2a: Zapdos|75/100
|
|upkeep
|turn|8
|
|t:|1758928757
|switch|p1a: Thor|Thundurus-Therian, M|100/100
|move|p2a: Zapdos|Heat Wave|p1a: Thor
|-damage|p1a: Thor|55/100
|
|upkeep
|turn|9
|
|t:|1758928764
|switch|p1a: The Rock|Incineroar, F|100/100
|-ability|p1a: The Rock|Intimidate|boost
|-unboost|p2a: Zapdos|atk|1
|move|p2a: Zapdos|Heat Wave|p1a: The Rock
|-resisted|p1a: The Rock
|-damage|p1a: The Rock|89/100
|
|upkeep
|turn|10
|
|t:|1758928771
|move|p2a: Zapdos|Discharge|p1a: The Rock
|-damage|p1a: The Rock|57/100
|move|p1a: The Rock|Parting Shot|p2a: Zapdos
|-unboost|p2a: Zapdos|atk|1
|-unboost|p2a: Zapdos|spa|1
|
|t:|1758928777
|switch|p1a: Manic|Rillaboom, M|100/100|[from] Parting Shot
|-fieldstart|move: Grassy Terrain|[from] ability: Grassy Surge|[of] p1a: Manic
|
|upkeep
|turn|11
|
|t:|1758928780
|move|p1a: Manic|Knock Off|p2a: Zapdos
|-damage|p2a: Zapdos|40/100
|-status|p1a: Manic|par|[from] ability: Static|[of] p2a: Zapdos
|-enditem|p2a: Zapdos|Heavy-Duty Boots|[from] move: Knock Off|[of] p1a: Manic
|move|p2a: Zapdos|Roost|p2a: Zapdos
|-heal|p2a: Zapdos|90/100
|-singleturn|p2a: Zapdos|move: Roost
|
|-heal|p2a: Zapdos|96/100|[from] Grassy Terrain
|upkeep
|turn|12
|
|t:|1758928798
|switch|p1a: Thor|Thundurus-Therian, M|55/100
|move|p2a: Zapdos|Heat Wave|p1a: Thor
|-damage|p1a: Thor|24/100
|
|upkeep
|turn|13
|
|t:|1758928804
|move|p1a: Thor|Thunderbolt|p2a: Zapdos
|-damage|p2a: Zapdos|35/100
|-damage|p1a: Thor|15/100|[from] item: Life Orb
|move|p2a: Zapdos|Heat Wave|p1a: Thor
|-damage|p1a: Thor|0 fnt
|faint|p1a: Thor
|
|upkeep
|
|t:|1758928813
|switch|p1a: Greninja|Greninja, M|100/100
|turn|14
|
|t:|1758928819
|switch|p1a: The Rock|Incineroar, F|57/100
|-ability|p1a: The Rock|Intimidate|boost
|-unboost|p2a: Zapdos|atk|1
|switch|p2a: Chansey|Chansey, F|100/100
|-damage|p2a: Chansey|88/100|[from] Stealth Rock
|
|-heal|p1a: The Rock|63/100|[from] Grassy Terrain
|-heal|p2a: Chansey|94/100|[from] Grassy Terrain
|-fieldend|move: Grassy Terrain
|upkeep
|turn|15
|
|t:|1758928827
|move|p1a: The Rock|Will-O-Wisp|p2a: Chansey
|-status|p2a: Chansey|brn
|move|p2a: Chansey|Thunder Wave|p1a: The Rock
|-status|p1a: The Rock|par
|
|-damage|p2a: Chansey|88/100 brn|[from] brn
|upkeep
|turn|16
|
|t:|1758928831
|-curestatus|p2a: Chansey|brn|[from] ability: Natural Cure
|switch|p2a: Cinderace|Cinderace, M|61/100
|move|p1a: The Rock|Knock Off|p2a: Cinderace
|-damage|p2a: Cinderace|11/100
|-enditem|p2a: Cinderace|Heavy-Duty Boots|[from] move: Knock Off|[of] p1a: The Rock
|
|upkeep
|turn|17
|
|t:|1758928838
|move|p2a: Cinderace|Court Change|p2a: Cinderace
|-start|p2a: Cinderace|typechange|Normal|[from] ability: Libero
|-swapsideconditions
|-activate|p2a: Cinderace|move: Court Change
|move|p1a: The Rock|Parting Shot|p2a: Cinderace
|-unboost|p2a: Cinderace|atk|1
|-unboost|p2a: Cinderace|spa|1
|
|t:|1758928852
|switch|p1a: Manic|Rillaboom, M|100/100 par|[from] Parting Shot
|-damage|p1a: Manic|88/100 par|[from] Stealth Rock
|-fieldstart|move: Grassy Terrain|[from] ability: Grassy Surge|[of] p1a: Manic
|
|-heal|p2a: Cinderace|17/100|[from] Grassy Terrain
|-heal|p1a: Manic|94/100 par|[from] Grassy Terrain
|upkeep
|turn|18
|
|t:|1758928856
|switch|p2a: Zapdos|Zapdos|35/100
|move|p1a: Manic|Grassy Glide|p2a: Zapdos
|-resisted|p2a: Zapdos
|-damage|p2a: Zapdos|15/100
|
|-heal|p1a: Manic|100/100 par|[from] Grassy Terrain
|upkeep
|turn|19
|
|t:|1758928860
|move|p1a: Manic|Grassy Glide|p2a: Zapdos
|-resisted|p2a: Zapdos
|-damage|p2a: Zapdos|0 fnt
|faint|p2a: Zapdos
|
|upkeep
|
|t:|1758928863
|switch|p2a: Garganacl|Garganacl, F|100/100
|turn|20
|
|t:|1758928869
|cant|p1a: Manic|par
|move|p2a: Garganacl|Salt Cure|p1a: Manic
|-damage|p1a: Manic|85/100 par
|-start|p1a: Manic|Salt Cure
|
|-heal|p1a: Manic|91/100 par|[from] Grassy Terrain
|-damage|p1a: Manic|79/100 par|[from] Salt Cure
|upkeep
|turn|21
|
|t:|1758928872
|move|p2a: Garganacl|Protect|p2a: Garganacl
|-singleturn|p2a: Garganacl|Protect
|move|p1a: Manic|U-turn|p2a: Garganacl
|-activate|p2a: Garganacl|move: Protect
|
|-heal|p1a: Manic|85/100 par|[from] Grassy Terrain
|-damage|p1a: Manic|72/100 par|[from] Salt Cure
|-fieldend|move: Grassy Terrain
|upkeep
|turn|22
|
|t:|1758928875
|switch|p1a: Sinistcha|Sinistcha|100/100
|-damage|p1a: Sinistcha|88/100|[from] Stealth Rock
|move|p2a: Garganacl|Salt Cure|p1a: Sinistcha
|-damage|p1a: Sinistcha|79/100
|-start|p1a: Sinistcha|Salt Cure
|
|-heal|p1a: Sinistcha|85/100|[from] item: Leftovers
|-damage|p1a: Sinistcha|73/100|[from] Salt Cure
|upkeep
|turn|23
|
|t:|1758928881
|switch|p2a: Chansey|Chansey, F|88/100
|move|p1a: Sinistcha|Strength Sap|p2a: Chansey
|-unboost|p2a: Chansey|atk|1
|-heal|p1a: Sinistcha|77/100
|
|-heal|p1a: Sinistcha|83/100|[from] item: Leftovers
|-damage|p1a: Sinistcha|70/100|[from] Salt Cure
|upkeep
|turn|24
|
|t:|1758928890
|switch|p1a: The Rock|Incineroar, F|63/100 par
|-ability|p1a: The Rock|Intimidate|boost
|-unboost|p2a: Chansey|atk|1
|move|p2a: Chansey|Thunder Wave|p1a: The Rock
|-fail|p1a: The Rock|par
|
|upkeep
|turn|25
|
|t:|1758928897
|move|p2a: Chansey|Seismic Toss|p1a: The Rock
|-damage|p1a: The Rock|37/100 par
|move|p1a: The Rock|Parting Shot|p2a: Chansey
|-unboost|p2a: Chansey|atk|1
|-unboost|p2a: Chansey|spa|1
|
|t:|1758928899
|switch|p1a: Manic|Rillaboom, M|72/100 par|[from] Parting Shot
|-damage|p1a: Manic|60/100 par|[from] Stealth Rock
|-fieldstart|move: Grassy Terrain|[from] ability: Grassy Surge|[of] p1a: Manic
|
|-heal|p1a: Manic|66/100 par|[from] Grassy Terrain
|-heal|p2a: Chansey|94/100|[from] Grassy Terrain
|upkeep
|turn|26
|
|t:|1758928903
|switch|p2a: Landorus|Landorus-Therian, M|58/100
|-ability|p2a: Landorus|Intimidate|boost
|-unboost|p1a: Manic|atk|1
|move|p1a: Manic|Knock Off|p2a: Landorus
|-damage|p2a: Landorus|42/100
|
|-heal|p1a: Manic|72/100 par|[from] Grassy Terrain
|upkeep
|turn|27
|
|t:|1758928914
|switch|p1a: Sinistcha|Sinistcha|70/100
|-damage|p1a: Sinistcha|58/100|[from] Stealth Rock
|move|p2a: Landorus|U-turn|p1a: Sinistcha
|-damage|p1a: Sinistcha|40/100
|
|t:|1758928919
|switch|p2a: Cinderace|Cinderace, M|17/100|[from] U-turn
|
|-heal|p2a: Cinderace|23/100|[from] Grassy Terrain
|-heal|p1a: Sinistcha|46/100|[from] Grassy Terrain
|-heal|p1a: Sinistcha|52/100|[from] item: Leftovers
|upkeep
|turn|28
|
|t:|1758928923
|move|p2a: Cinderace|Pyro Ball|p1a: Sinistcha
|-supereffective|p1a: Sinistcha
|-damage|p1a: Sinistcha|16/100
|move|p1a: Sinistcha|Strength Sap|p2a: Cinderace
|-unboost|p2a: Cinderace|atk|1
|-heal|p1a: Sinistcha|100/100
|
|-heal|p2a: Cinderace|29/100|[from] Grassy Terrain
|upkeep
|turn|29
|
|t:|1758928928
|switch|p2a: Chansey|Chansey, F|94/100
|move|p1a: Sinistcha|Matcha Gotcha|p2a: Chansey
|-damage|p2a: Chansey|81/100
|
|-heal|p2a: Chansey|87/100|[from] Grassy Terrain
|-fieldend|move: Grassy Terrain
|upkeep
|turn|30
|
|t:|1758928946
|move|p1a: Sinistcha|Matcha Gotcha|p2a: Chansey
|-damage|p2a: Chansey|78/100
|move|p2a: Chansey|Thunder Wave|p1a: Sinistcha|[miss]
|-miss|p2a: Chansey|p1a: Sinistcha
|
|upkeep
|turn|31
|
|t:|1758928952
|switch|p1a: The Rock|Incineroar, F|37/100 par
|-ability|p1a: The Rock|Intimidate|boost
|-unboost|p2a: Chansey|atk|1
|move|p2a: Chansey|Thunder Wave|p1a: The Rock
|-fail|p1a: The Rock|par
|
|upkeep
|turn|32
|
|t:|1758928957
|move|p2a: Chansey|Seismic Toss|p1a: The Rock
|-damage|p1a: The Rock|12/100 par
|cant|p1a: The Rock|par
|
|upkeep
|turn|33
|
|t:|1758928961
|move|p2a: Chansey|Seismic Toss|p1a: The Rock
|-damage|p1a: The Rock|0 fnt
|faint|p1a: The Rock
|
|upkeep
|
|t:|1758928966
|switch|p1a: Manic|Rillaboom, M|72/100 par
|-damage|p1a: Manic|60/100 par|[from] Stealth Rock
|-fieldstart|move: Grassy Terrain|[from] ability: Grassy Surge|[of] p1a: Manic
|turn|34
|
|t:|1758928970
|move|p1a: Manic|U-turn|p2a: Chansey
|-damage|p2a: Chansey|62/100
|
|t:|1758928972
|switch|p1a: Sinistcha|Sinistcha|100/100|[from] U-turn
|-damage|p1a: Sinistcha|88/100|[from] Stealth Rock
|move|p2a: Chansey|Seismic Toss|p1a: Sinistcha
|-immune|p1a: Sinistcha
|
|-heal|p1a: Sinistcha|94/100|[from] Grassy Terrain
|-heal|p1a: Sinistcha|99/100|[from] item: Leftovers
|-heal|p2a: Chansey|68/100|[from] Grassy Terrain
|upkeep
|turn|35
|
|t:|1758928985
|switch|p1a: Manic|Rillaboom, M|60/100 par
|-damage|p1a: Manic|48/100 par|[from] Stealth Rock
|move|p2a: Chansey|Thunder Wave|p1a: Manic
|-fail|p1a: Manic|par
|
|-heal|p1a: Manic|54/100 par|[from] Grassy Terrain
|-heal|p2a: Chansey|74/100|[from] Grassy Terrain
|upkeep
|turn|36
|
|t:|1758928992
|cant|p1a: Manic|par
|move|p2a: Chansey|Seismic Toss|p1a: Manic
|-damage|p1a: Manic|25/100 par
|
|-heal|p1a: Manic|31/100 par|[from] Grassy Terrain
|-heal|p2a: Chansey|81/100|[from] Grassy Terrain
|upkeep
|turn|37
|
|t:|1758928995
|move|p1a: Manic|Knock Off|p2a: Chansey
|-damage|p2a: Chansey|61/100
|-enditem|p2a: Chansey|Eviolite|[from] move: Knock Off|[of] p1a: Manic
|move|p2a: Chansey|Seismic Toss|p1a: Manic
|-damage|p1a: Manic|1/100 par
|
|-heal|p1a: Manic|8/100 par|[from] Grassy Terrain
|-heal|p2a: Chansey|67/100|[from] Grassy Terrain
|upkeep
|turn|38
|
|t:|1758929002
|move|p1a: Manic|U-turn|p2a: Chansey
|-damage|p2a: Chansey|45/100
|
|t:|1758929005
|switch|p1a: Sinistcha|Sinistcha|99/100|[from] U-turn
|-damage|p1a: Sinistcha|88/100|[from] Stealth Rock
|move|p2a: Chansey|Seismic Toss|p1a: Sinistcha
|-immune|p1a: Sinistcha
|
|-heal|p1a: Sinistcha|94/100|[from] Grassy Terrain
|-heal|p1a: Sinistcha|99/100|[from] item: Leftovers
|-heal|p2a: Chansey|51/100|[from] Grassy Terrain
|-fieldend|move: Grassy Terrain
|upkeep
|turn|39
|
|t:|1758929010
|move|p1a: Sinistcha|Matcha Gotcha|p2a: Chansey
|-damage|p2a: Chansey|35/100
|-heal|p1a: Sinistcha|100/100|[from] drain|[of] p2a: Chansey
|move|p2a: Chansey|Soft-Boiled|p2a: Chansey
|-heal|p2a: Chansey|86/100
|
|upkeep
|turn|40
|
|t:|1758929026
|switch|p1a: Manic|Rillaboom, M|8/100 par
|-damage|p1a: Manic|0 fnt|[from] Stealth Rock
|faint|p1a: Manic
|move|p2a: Chansey|Thunder Wave|p1: Manic|[notarget]
|-fail|p2a: Chansey
|
|upkeep
|
|t:|1758929038
|switch|p1a: Greninja|Greninja, M|100/100
|-damage|p1a: Greninja|88/100|[from] Stealth Rock
|turn|41
|
|t:|1758929045
|move|p1a: Greninja|Swords Dance|p1a: Greninja
|-boost|p1a: Greninja|atk|2
|move|p2a: Chansey|Thunder Wave|p1a: Greninja
|-status|p1a: Greninja|par
|
|upkeep
|turn|42
|
|t:|1758929051
|move|p1a: Greninja|Liquidation|p2a: Chansey
|-damage|p2a: Chansey|12/100
|move|p2a: Chansey|Seismic Toss|p1a: Greninja
|-damage|p1a: Greninja|53/100 par
|
|upkeep
|turn|43
|
|t:|1758929055
|move|p1a: Greninja|Liquidation|p2a: Chansey
|-damage|p2a: Chansey|0 fnt
|faint|p2a: Chansey
|-ability|p1a: Greninja|Battle Bond|boost
|-boost|p1a: Greninja|atk|1
|-boost|p1a: Greninja|spa|1
|-boost|p1a: Greninja|spe|1
|-activate|p1a: Greninja|ability: Battle Bond
|
|upkeep
|
|t:|1758929060
|switch|p2a: Cinderace|Cinderace, M|29/100
|turn|44
|
|t:|1758929064
|move|p2a: Cinderace|High Jump Kick|p1a: Greninja
|-start|p2a: Cinderace|typechange|Fighting|[from] ability: Libero
|-supereffective|p1a: Greninja
|-damage|p1a: Greninja|0 fnt
|faint|p1a: Greninja
|
|upkeep
|
|t:|1758929067
|switch|p1a: Sinistcha|Sinistcha|100/100
|-damage|p1a: Sinistcha|88/100|[from] Stealth Rock
|turn|45
|
|t:|1758929076
|switch|p2a: Landorus|Landorus-Therian, M|42/100
|-ability|p2a: Landorus|Intimidate|boost
|-unboost|p1a: Sinistcha|atk|1
|move|p1a: Sinistcha|Matcha Gotcha|p2a: Landorus
|-crit|p2a: Landorus
|-damage|p2a: Landorus|0 fnt
|-heal|p1a: Sinistcha|100/100|[from] drain|[of] p2a: Landorus
|faint|p2a: Landorus
|
|upkeep
|
|t:|1758929079
|switch|p2a: Darkrai|Darkrai|100/100 par
|turn|46
|
|t:|1758929091
|-terastallize|p1a: Sinistcha|Poison
|move|p2a: Darkrai|Trick|p1a: Sinistcha
|-activate|p2a: Darkrai|move: Trick|[of] p1a: Sinistcha
|-item|p1a: Sinistcha|Choice Specs|[from] move: Trick
|-item|p2a: Darkrai|Leftovers|[from] move: Trick
|move|p1a: Sinistcha|Hex|p2a: Darkrai
|-resisted|p2a: Darkrai
|-damage|p2a: Darkrai|49/100 par
|
|-heal|p2a: Darkrai|55/100 par|[from] item: Leftovers
|upkeep
|turn|47
|
|t:|1758929098
|switch|p2a: Garganacl|Garganacl, F|100/100
|move|p1a: Sinistcha|Hex|p2a: Garganacl
|-damage|p2a: Garganacl|80/100
|
|upkeep
|turn|48
|c|☆dragon de hilos|gg
|-message|BomBomOU forfeited.
|
|win|dragon de hilos
|raw|BomBomOU's rating: 1419 &rarr; <strong>1396</strong><br />(-23 for losing)
|raw|dragon de hilos's rating: 1375 &rarr; <strong>1398</strong><br />(+23 for winning)
|l|☆BomBomOU
|player|p1|
|l|☆dragon de hilos
|player|p2|
