|j|☆ouku bakuza
|j|☆Dop a da
|t:|1758959694
|gametype|singles
|player|p1|ouku bakuza|102|1578
|player|p2|Dop a da|1|1577
|gen|9
|tier|[Gen 9] OU
|rated|
|rule|HP Percentage Mod: HP is shown in percentages
|rule|Endless Battle Clause: Forcing endless battles is banned
|rule|Species Clause: Limit one of each Pokémon
|rule|OHKO Clause: OHKO moves are banned
|rule|Evasion Items Clause: Evasion items are banned
|rule|Evasion Moves Clause: Evasion moves are banned
|rule|Evasion Abilities Clause: Evasion abilities are banned
|rule|Sleep Moves Clause: Sleep-inducing moves are banned
|clearpoke
|poke|p1|Great Tusk|
|poke|p1|Dragonite, F|
|poke|p1|Gholdengo|
|poke|p1|Iron Treads|
|poke|p1|Rotom-Wash|
|poke|p1|Iron Valiant|
|poke|p2|Blastoise, M|
|poke|p2|Rillaboom, M|
|poke|p2|Great Tusk|
|poke|p2|Garganacl, F|
|poke|p2|Dragapult, F|
|poke|p2|Iron Moth|
|teampreview
|inactive|Battle timer is ON: inactive players will automatically lose when time's up. (requested by ouku bakuza)
|
|t:|1758959722
|teamsize|p1|6
|teamsize|p2|6
|start
|switch|p1a: Rotom|Rotom-Wash|100/100
|switch|p2a: Dragapult|Dragapult, F|100/100
|turn|1
|j| Squallskip
|
|t:|1758959731
|move|p2a: Dragapult|Will-O-Wisp|p1a: Rotom|[miss]
|-miss|p2a: Dragapult|p1a: Rotom
|move|p1a: Rotom|Volt Switch|p2a: Dragapult
|-resisted|p2a: Dragapult
|-damage|p2a: Dragapult|80/100
|
|t:|1758959744
|switch|p1a: Iron Valiant|Iron Valiant|100/100|[from] Volt Switch
|-enditem|p1a: Iron Valiant|Booster Energy
|-activate|p1a: Iron Valiant|ability: Quark Drive|[fromitem]
|-start|p1a: Iron Valiant|quarkdrivespe
|
|upkeep
|turn|2
|l|☆Dop a da
|inactive|Dop a da disconnected and has a minute to reconnect!
|player|p2|
|inactive|Dop a da has 30 seconds to reconnect!
|j|☆Dop a da
|inactive|Dop a da reconnected and has 120 seconds left.
|player|p2|Dop a da|1|
|
|t:|1758959778
|switch|p2a: Garganacl|Garganacl, F|100/100
|move|p1a: Iron Valiant|Spirit Break|p2a: Garganacl
|-damage|p2a: Garganacl|74/100
|-unboost|p2a: Garganacl|spa|1
|
|-heal|p2a: Garganacl|80/100|[from] item: Leftovers
|upkeep
|turn|3
|inactive|Dop a da has 120 seconds left.
|
|t:|1758959814
|-terastallize|p2a: Garganacl|Water
|move|p1a: Iron Valiant|Close Combat|p2a: Garganacl
|-damage|p2a: Garganacl|40/100
|-unboost|p1a: Iron Valiant|def|1
|-unboost|p1a: Iron Valiant|spd|1
|move|p2a: Garganacl|Iron Defense|p2a: Garganacl
|-boost|p2a: Garganacl|def|2
|
|-heal|p2a: Garganacl|47/100|[from] item: Leftovers
|upkeep
|turn|4
|
|t:|1758959827
|-end|p1a: Iron Valiant|Quark Drive|[silent]
|switch|p1a: Rotom|Rotom-Wash|100/100
|move|p2a: Garganacl|Salt Cure|p1a: Rotom
|-damage|p1a: Rotom|85/100
|-start|p1a: Rotom|Salt Cure
|
|-heal|p2a: Garganacl|53/100|[from] item: Leftovers
|-damage|p1a: Rotom|60/100|[from] Salt Cure
|upkeep
|turn|5
|inactive|Dop a da has 90 seconds left.
|l| Squallskip
|
|t:|1758959856
|switch|p2a: Rillaboom|Rillaboom, M|100/100
|-fieldstart|move: Grassy Terrain|[from] ability: Grassy Surge|[of] p2a: Rillaboom
|move|p1a: Rotom|Volt Switch|p2a: Rillaboom
|-resisted|p2a: Rillaboom
|-damage|p2a: Rillaboom|84/100
|
|t:|1758959873
|switch|p1a: good horns|Great Tusk|100/100|[from] Volt Switch
|-enditem|p1a: good horns|Booster Energy
|-activate|p1a: good horns|ability: Protosynthesis|[fromitem]
|-start|p1a: good horns|protosynthesisatk
|
|-heal|p2a: Rillaboom|90/100|[from] Grassy Terrain
|upkeep
|turn|6
|inactive|Dop a da has 90 seconds left.
|
|t:|1758959882
|move|p1a: good horns|Ice Spinner|p2a: Rillaboom
|-supereffective|p2a: Rillaboom
|-damage|p2a: Rillaboom|8/100
|-fieldend|move: Grassy Terrain
|move|p2a: Rillaboom|U-turn|p1a: good horns
|-resisted|p1a: good horns
|-damage|p1a: good horns|90/100
|inactive|Dop a da has 90 seconds left.
|
|t:|1758959889
|switch|p2a: Blastoise|Blastoise, M|100/100|[from] U-turn
|
|upkeep
|turn|7
|
|t:|1758959904
|move|p1a: good horns|Close Combat|p2a: Blastoise
|-damage|p2a: Blastoise|19/100
|-unboost|p1a: good horns|def|1
|-unboost|p1a: good horns|spd|1
|move|p2a: Blastoise|Shell Smash|p2a: Blastoise
|-unboost|p2a: Blastoise|def|1
|-unboost|p2a: Blastoise|spd|1
|-boost|p2a: Blastoise|atk|2
|-boost|p2a: Blastoise|spa|2
|-boost|p2a: Blastoise|spe|2
|-enditem|p2a: Blastoise|White Herb
|-clearnegativeboost|p2a: Blastoise|[silent]
|
|upkeep
|turn|8
|inactive|ouku bakuza has 120 seconds left.
|inactive|ouku bakuza has 90 seconds left.
|inactive|ouku bakuza has 60 seconds left.
|
|t:|1758960003
|move|p2a: Blastoise|Surf|p1a: good horns
|-supereffective|p1a: good horns
|-damage|p1a: good horns|0 fnt
|faint|p1a: good horns
|-end|p1a: good horns|Protosynthesis|[silent]
|
|upkeep
|
|t:|1758960005
|switch|p1a: Rotom|Rotom-Wash|60/100
|turn|9
|
|t:|1758960013
|move|p2a: Blastoise|Surf|p1a: Rotom
|-resisted|p1a: Rotom
|-damage|p1a: Rotom|0 fnt
|faint|p1a: Rotom
|
|upkeep
|
|t:|1758960023
|switch|p1a: Dragonite|Dragonite, F|100/100
|turn|10
|
|t:|1758960026
|move|p1a: Dragonite|Extreme Speed|p2a: Blastoise
|-damage|p2a: Blastoise|0 fnt
|faint|p2a: Blastoise
|
|upkeep
|inactive|Dop a da has 120 seconds left.
|
|t:|1758960032
|switch|p2a: Dragapult|Dragapult, F|80/100
|turn|11
|inactive|ouku bakuza has 90 seconds left.
|
|t:|1758960040
|switch|p1a: van gho|Gholdengo|100/100
|move|p2a: Dragapult|Will-O-Wisp|p1a: van gho
|-immune|p1a: van gho|[from] ability: Good as Gold
|
|upkeep
|turn|12
|
|t:|1758960048
|switch|p2a: Garganacl|Garganacl, F, tera:Water|53/100
|move|p1a: van gho|Shadow Ball|p2a: Garganacl
|-damage|p2a: Garganacl|39/100
|
|-heal|p2a: Garganacl|46/100|[from] item: Leftovers
|upkeep
|turn|13
|
|t:|1758960061
|move|p1a: van gho|Nasty Plot|p1a: van gho
|-boost|p1a: van gho|spa|2
|move|p2a: Garganacl|Recover|p2a: Garganacl
|-heal|p2a: Garganacl|96/100
|
|-heal|p2a: Garganacl|100/100|[from] item: Leftovers
|upkeep
|turn|14
|
|t:|1758960069
|move|p1a: van gho|Nasty Plot|p1a: van gho
|-boost|p1a: van gho|spa|2
|move|p2a: Garganacl|Salt Cure|p1a: van gho
|-resisted|p1a: van gho
|-damage|p1a: van gho|96/100
|-start|p1a: van gho|Salt Cure
|
|-heal|p1a: van gho|100/100|[from] item: Leftovers
|-damage|p1a: van gho|76/100|[from] Salt Cure
|upkeep
|turn|15
|
|t:|1758960080
|move|p1a: van gho|Nasty Plot|p1a: van gho
|-boost|p1a: van gho|spa|2
|move|p2a: Garganacl|Recover||[still]
|-fail|p2a: Garganacl|heal
|
|-heal|p1a: van gho|82/100|[from] item: Leftovers
|-damage|p1a: van gho|57/100|[from] Salt Cure
|upkeep
|turn|16
|
|t:|1758960089
|move|p2a: Garganacl|Protect|p2a: Garganacl
|-singleturn|p2a: Garganacl|Protect
|move|p1a: van gho|Shadow Ball|p2a: Garganacl
|-activate|p2a: Garganacl|move: Protect
|
|-heal|p1a: van gho|63/100|[from] item: Leftovers
|-damage|p1a: van gho|38/100|[from] Salt Cure
|upkeep
|turn|17
|
|t:|1758960099
|move|p1a: van gho|Recover|p1a: van gho
|-heal|p1a: van gho|88/100
|move|p2a: Garganacl|Recover||[still]
|-fail|p2a: Garganacl|heal
|
|-heal|p1a: van gho|94/100|[from] item: Leftovers
|-damage|p1a: van gho|69/100|[from] Salt Cure
|upkeep
|turn|18
|
|t:|1758960112
|move|p2a: Garganacl|Protect|p2a: Garganacl
|-singleturn|p2a: Garganacl|Protect
|move|p1a: van gho|Shadow Ball|p2a: Garganacl
|-activate|p2a: Garganacl|move: Protect
|
|-heal|p1a: van gho|75/100|[from] item: Leftovers
|-damage|p1a: van gho|50/100|[from] Salt Cure
|upkeep
|turn|19
|
|t:|1758960121
|switch|p2a: Iron Moth|Iron Moth|100/100
|-enditem|p2a: Iron Moth|Booster Energy
|-activate|p2a: Iron Moth|ability: Quark Drive|[fromitem]
|-start|p2a: Iron Moth|quarkdrivespe
|move|p1a: van gho|Shadow Ball|p2a: Iron Moth
|-damage|p2a: Iron Moth|0 fnt
|faint|p2a: Iron Moth
|-end|p2a: Iron Moth|Quark Drive|[silent]
|
|-heal|p1a: van gho|56/100|[from] item: Leftovers
|-damage|p1a: van gho|31/100|[from] Salt Cure
|upkeep
|
|t:|1758960135
|switch|p2a: Dragapult|Dragapult, F|80/100
|turn|20
|
|t:|1758960142
|switch|p1a: Iron Treads|Iron Treads|100/100
|-enditem|p1a: Iron Treads|Booster Energy
|-activate|p1a: Iron Treads|ability: Quark Drive|[fromitem]
|-start|p1a: Iron Treads|quarkdrivespe
|move|p2a: Dragapult|Hex|p1a: Iron Treads
|-damage|p1a: Iron Treads|61/100
|
|upkeep
|turn|21
|
|t:|1758960153
|move|p1a: Iron Treads|Stealth Rock|p2a: Dragapult
|-sidestart|p2: Dop a da|move: Stealth Rock
|move|p2a: Dragapult|Will-O-Wisp|p1a: Iron Treads|[miss]
|-miss|p2a: Dragapult|p1a: Iron Treads
|
|upkeep
|turn|22
|
|t:|1758960161
|move|p1a: Iron Treads|Iron Head|p2a: Dragapult
|-damage|p2a: Dragapult|30/100
|move|p2a: Dragapult|Will-O-Wisp|p1a: Iron Treads|[miss]
|-miss|p2a: Dragapult|p1a: Iron Treads
|
|upkeep
|turn|23
|
|t:|1758960167
|switch|p2a: Great Tusk|Great Tusk|100/100
|move|p1a: Iron Treads|Earthquake|p2a: Great Tusk
|-damage|p2a: Great Tusk|69/100
|
|upkeep
|turn|24
|
|t:|1758960178
|move|p1a: Iron Treads|Earthquake|p2a: Great Tusk
|-damage|p2a: Great Tusk|32/100
|move|p2a: Great Tusk|Rapid Spin|p1a: Iron Treads
|-resisted|p1a: Iron Treads
|-damage|p1a: Iron Treads|54/100
|-boost|p2a: Great Tusk|spe|1
|-sideend|p2: Dop a da|Stealth Rock|[from] move: Rapid Spin|[of] p2a: Great Tusk
|
|upkeep
|turn|25
|
|t:|1758960187
|-end|p2a: Great Tusk|Protosynthesis|[silent]
|switch|p2a: Rillaboom|Rillaboom, M|8/100
|-fieldstart|move: Grassy Terrain|[from] ability: Grassy Surge|[of] p2a: Rillaboom
|move|p1a: Iron Treads|Earthquake|p2a: Rillaboom
|-resisted|p2a: Rillaboom
|-damage|p2a: Rillaboom|0 fnt
|faint|p2a: Rillaboom
|
|-heal|p1a: Iron Treads|60/100|[from] Grassy Terrain
|upkeep
|
|t:|1758960195
|switch|p2a: Garganacl|Garganacl, F, tera:Water|100/100
|turn|26
|
|t:|1758960212
|move|p1a: Iron Treads|Stealth Rock|p2a: Garganacl
|-sidestart|p2: Dop a da|move: Stealth Rock
|move|p2a: Garganacl|Iron Defense|p2a: Garganacl
|-boost|p2a: Garganacl|def|2
|
|-heal|p1a: Iron Treads|66/100|[from] Grassy Terrain
|upkeep
|turn|27
|
|t:|1758960218
|-end|p1a: Iron Treads|Quark Drive|[silent]
|switch|p1a: van gho|Gholdengo|31/100
|move|p2a: Garganacl|Salt Cure|p1a: van gho
|-resisted|p1a: van gho
|-damage|p1a: van gho|26/100
|-start|p1a: van gho|Salt Cure
|
|-heal|p1a: van gho|32/100|[from] Grassy Terrain
|-heal|p1a: van gho|38/100|[from] item: Leftovers
|-damage|p1a: van gho|13/100|[from] Salt Cure
|upkeep
|turn|28
|
|t:|1758960232
|move|p1a: van gho|Recover|p1a: van gho
|-heal|p1a: van gho|63/100
|move|p2a: Garganacl|Iron Defense|p2a: Garganacl
|-boost|p2a: Garganacl|def|2
|
|-heal|p1a: van gho|69/100|[from] Grassy Terrain
|-heal|p1a: van gho|75/100|[from] item: Leftovers
|-damage|p1a: van gho|50/100|[from] Salt Cure
|upkeep
|turn|29
|
|t:|1758960244
|move|p1a: van gho|Recover|p1a: van gho
|-heal|p1a: van gho|100/100
|move|p2a: Garganacl|Iron Defense|p2a: Garganacl
|-boost|p2a: Garganacl|def|2
|
|-damage|p1a: van gho|76/100|[from] Salt Cure
|upkeep
|turn|30
|
|t:|1758960252
|switch|p1a: Iron Treads|Iron Treads|66/100
|move|p2a: Garganacl|Salt Cure|p1a: Iron Treads
|-resisted|p1a: Iron Treads
|-damage|p1a: Iron Treads|63/100
|-start|p1a: Iron Treads|Salt Cure
|
|-heal|p1a: Iron Treads|69/100|[from] Grassy Terrain
|-damage|p1a: Iron Treads|44/100|[from] Salt Cure
|upkeep
|turn|31
|
|t:|1758960265
|move|p1a: Iron Treads|Earthquake|p2a: Garganacl
|-damage|p2a: Garganacl|97/100
|move|p2a: Garganacl|Salt Cure|p1a: Iron Treads
|-resisted|p1a: Iron Treads
|-damage|p1a: Iron Treads|41/100
|
|-heal|p1a: Iron Treads|48/100|[from] Grassy Terrain
|-heal|p2a: Garganacl|100/100|[from] Grassy Terrain
|-damage|p1a: Iron Treads|23/100|[from] Salt Cure
|upkeep
|turn|32
|
|t:|1758960277
|move|p1a: Iron Treads|Earthquake|p2a: Garganacl
|-damage|p2a: Garganacl|97/100
|move|p2a: Garganacl|Salt Cure|p1a: Iron Treads
|-resisted|p1a: Iron Treads
|-crit|p1a: Iron Treads
|-damage|p1a: Iron Treads|18/100
|
|-heal|p1a: Iron Treads|24/100|[from] Grassy Terrain
|-heal|p2a: Garganacl|100/100|[from] Grassy Terrain
|-damage|p1a: Iron Treads|0 fnt|[from] Salt Cure
|faint|p1a: Iron Treads
|-end|p1a: Iron Treads|Quark Drive|[silent]
|-fieldend|move: Grassy Terrain
|upkeep
|
|t:|1758960281
|switch|p1a: van gho|Gholdengo|76/100
|turn|33
|
|t:|1758960305
|move|p1a: van gho|Nasty Plot|p1a: van gho
|-boost|p1a: van gho|spa|2
|move|p2a: Garganacl|Salt Cure|p1a: van gho
|-resisted|p1a: van gho
|-damage|p1a: van gho|71/100
|-start|p1a: van gho|Salt Cure
|
|-heal|p1a: van gho|77/100|[from] item: Leftovers
|-damage|p1a: van gho|52/100|[from] Salt Cure
|upkeep
|turn|34
|
|t:|1758960321
|switch|p2a: Dragapult|Dragapult, F|30/100
|move|p1a: van gho|Nasty Plot|p1a: van gho
|-boost|p1a: van gho|spa|2
|
|-heal|p1a: van gho|58/100|[from] item: Leftovers
|-damage|p1a: van gho|33/100|[from] Salt Cure
|upkeep
|turn|35
|
|t:|1758960342
|move|p2a: Dragapult|Hex|p1a: van gho
|-supereffective|p1a: van gho
|-damage|p1a: van gho|0 fnt
|faint|p1a: van gho
|
|upkeep
|
|t:|1758960344
|switch|p1a: Dragonite|Dragonite, F|100/100
|turn|36
|
|t:|1758960350
|-terastallize|p1a: Dragonite|Fire
|move|p2a: Dragapult|Will-O-Wisp|p1a: Dragonite
|-immune|p1a: Dragonite
|move|p1a: Dragonite|Dragon Dance|p1a: Dragonite
|-boost|p1a: Dragonite|atk|1
|-boost|p1a: Dragonite|spe|1
|
|upkeep
|turn|37
|
|t:|1758960367
|move|p2a: Dragapult|Dragon Darts|p1a: Dragonite
|-damage|p1a: Dragonite|89/100
|-anim|p2a: Dragapult|Dragon Darts|p1a: Dragonite
|-damage|p1a: Dragonite|66/100
|move|p1a: Dragonite|Dragon Dance|p1a: Dragonite
|-boost|p1a: Dragonite|atk|1
|-boost|p1a: Dragonite|spe|1
|
|-heal|p1a: Dragonite|72/100|[from] item: Leftovers
|upkeep
|turn|38
|
|t:|1758960393
|move|p1a: Dragonite|Dragon Dance|p1a: Dragonite
|-boost|p1a: Dragonite|atk|1
|-boost|p1a: Dragonite|spe|1
|move|p2a: Dragapult|Dragon Darts|p1a: Dragonite
|-damage|p1a: Dragonite|48/100
|-anim|p2a: Dragapult|Dragon Darts|p1a: Dragonite
|-damage|p1a: Dragonite|24/100
|
|-heal|p1a: Dragonite|30/100|[from] item: Leftovers
|upkeep
|turn|39
|
|t:|1758960404
|move|p1a: Dragonite|Dragon Claw|p2a: Dragapult
|-supereffective|p2a: Dragapult
|-damage|p2a: Dragapult|0 fnt
|faint|p2a: Dragapult
|
|-heal|p1a: Dragonite|36/100|[from] item: Leftovers
|upkeep
|
|t:|1758960407
|switch|p2a: Garganacl|Garganacl, F, tera:Water|100/100
|-damage|p2a: Garganacl|88/100|[from] Stealth Rock
|turn|40
|
|t:|1758960410
|move|p1a: Dragonite|Dragon Claw|p2a: Garganacl
|-damage|p2a: Garganacl|8/100
|move|p2a: Garganacl|Salt Cure|p1a: Dragonite
|-supereffective|p1a: Dragonite
|-damage|p1a: Dragonite|5/100
|-start|p1a: Dragonite|Salt Cure
|
|-heal|p1a: Dragonite|11/100|[from] item: Leftovers
|-heal|p2a: Garganacl|15/100|[from] item: Leftovers
|-damage|p1a: Dragonite|0 fnt|[from] Salt Cure
|faint|p1a: Dragonite
|upkeep
|
|t:|1758960419
|switch|p1a: Iron Valiant|Iron Valiant|100/100
|turn|41
|
|t:|1758960434
|move|p2a: Garganacl|Protect|p2a: Garganacl
|-singleturn|p2a: Garganacl|Protect
|move|p1a: Iron Valiant|Close Combat|p2a: Garganacl
|-activate|p2a: Garganacl|move: Protect
|
|-heal|p2a: Garganacl|21/100|[from] item: Leftovers
|upkeep
|turn|42
|
|t:|1758960443
|move|p1a: Iron Valiant|Close Combat|p2a: Garganacl
|-damage|p2a: Garganacl|0 fnt
|-unboost|p1a: Iron Valiant|def|1
|-unboost|p1a: Iron Valiant|spd|1
|faint|p2a: Garganacl
|
|upkeep
|
|t:|1758960446
|switch|p2a: Great Tusk|Great Tusk|32/100
|turn|43
|
|t:|1758960449
|move|p1a: Iron Valiant|Spirit Break|p2a: Great Tusk
|-supereffective|p2a: Great Tusk
|-damage|p2a: Great Tusk|0 fnt
|faint|p2a: Great Tusk
|-end|p2a: Great Tusk|Protosynthesis|[silent]
|
|win|ouku bakuza
|raw|ouku bakuza's rating: 1578 &rarr; <strong>1598</strong><br />(+20 for winning)
|raw|Dop a da's rating: 1577 &rarr; <strong>1557</strong><br />(-20 for losing)
|l|☆Dop a da
|player|p2|
