|j|☆yolopirate22
|j|☆piranho70yt
|t:|1759059383
|gametype|singles
|player|p1|yolopirate22|ethan|
|player|p2|piranho70yt|red|
|gen|9
|tier|[Gen 9] OU
|rule|HP Percentage Mod: HP is shown in percentages
|rule|Endless Battle Clause: Forcing endless battles is banned
|rule|Species Clause: Limit one of each Pokémon
|rule|OHKO Clause: OHKO moves are banned
|rule|Evasion Items Clause: Evasion items are banned
|rule|Evasion Moves Clause: Evasion moves are banned
|rule|Evasion Abilities Clause: Evasion abilities are banned
|rule|Sleep Moves Clause: Sleep-inducing moves are banned
|clearpoke
|poke|p1|Charizard, F|
|poke|p1|Garchomp, F|
|poke|p1|Gengar, F|
|poke|p1|Swampert, M|
|poke|p1|Metagross|
|poke|p1|Blaziken, F|
|poke|p2|Infernape, M|
|poke|p2|Gengar, M|
|poke|p2|Staraptor, M|
|poke|p2|Luxray, M|
|poke|p2|Floatzel, F|
|poke|p2|Garchomp, M|
|teampreview
|c|☆piranho70yt|Ready?
|
|t:|1759059401
|teamsize|p1|6
|teamsize|p2|6
|start
|switch|p1a: Gengar|Gengar, F|100/100
|switch|p2a: Floatzel|Floatzel, F|100/100
|turn|1
|
|t:|1759059413
|-terastallize|p2a: Floatzel|Water
|move|p2a: Floatzel|Crunch|p1a: Gengar
|-supereffective|p1a: Gengar
|-damage|p1a: Gengar|22/100
|-start|p2a: Floatzel|Disable|Crunch|[from] ability: Cursed Body|[of] p1a: Gengar
|-enditem|p1a: Gengar|Weakness Policy
|-boost|p1a: Gengar|atk|2|[from] item: Weakness Policy
|-boost|p1a: Gengar|spa|2|[from] item: Weakness Policy
|move|p1a: Gengar|Destiny Bond|p1a: Gengar
|-singlemove|p1a: Gengar|Destiny Bond
|
|upkeep
|turn|2
|
|t:|1759059426
|move|p2a: Floatzel|Dig||[still]
|-prepare|p2a: Floatzel|Dig
|move|p1a: Gengar|Destiny Bond||[still]
|-fail|p1a: Gengar
|
|upkeep
|turn|3
|
|t:|1759059431
|move|p2a: Floatzel|Dig|p1a: Gengar|[from] lockedmove
|-supereffective|p1a: Gengar
|-damage|p1a: Gengar|0 fnt
|faint|p1a: Gengar
|
|upkeep
|
|t:|1759059442
|switch|p1a: Metagross|Metagross|100/100
|-item|p1a: Metagross|Air Balloon
|turn|4
|
|t:|1759059450
|move|p2a: Floatzel|Dig||[still]
|-prepare|p2a: Floatzel|Dig
|move|p1a: Metagross|Earthquake|p2a: Floatzel
|-damage|p2a: Floatzel|0 fnt
|faint|p2a: Floatzel
|
|upkeep
|c|☆piranho70yt|xD
|
|t:|1759059467
|switch|p2a: Garchomp|Garchomp, M|100/100
|turn|5
|
|t:|1759059472
|move|p2a: Garchomp|Earth Power|p1a: Metagross
|-immune|p1a: Metagross
|move|p1a: Metagross|Earthquake|p2a: Garchomp
|-damage|p2a: Garchomp|67/100
|
|upkeep
|turn|6
|
|t:|1759059480
|move|p2a: Garchomp|Fire Blast|p1a: Metagross|[miss]
|-miss|p2a: Garchomp|p1a: Metagross
|move|p1a: Metagross|Earthquake|p2a: Garchomp
|-damage|p2a: Garchomp|37/100
|
|upkeep
|turn|7
|
|t:|1759059487
|move|p2a: Garchomp|Fire Blast|p1a: Metagross
|-supereffective|p1a: Metagross
|-damage|p1a: Metagross|42/100
|-enditem|p1a: Metagross|Air Balloon
|move|p1a: Metagross|Earthquake|p2a: Garchomp
|-damage|p2a: Garchomp|4/100
|
|upkeep
|turn|8
|
|t:|1759059495
|move|p2a: Garchomp|Earth Power|p1a: Metagross
|-supereffective|p1a: Metagross
|-damage|p1a: Metagross|0 fnt
|faint|p1a: Metagross
|
|upkeep
|
|t:|1759059501
|switch|p1a: Garchomp|Garchomp, F|100/100
|turn|9
|
|t:|1759059507
|move|p2a: Garchomp|Dragon Pulse|p1a: Garchomp
|-supereffective|p1a: Garchomp
|-damage|p1a: Garchomp|55/100
|move|p1a: Garchomp|Dragon Claw|p2a: Garchomp
|-supereffective|p2a: Garchomp
|-damage|p2a: Garchomp|0 fnt
|-damage|p1a: Garchomp|43/100|[from] ability: Rough Skin|[of] p2a: Garchomp
|faint|p2a: Garchomp
|
|upkeep
|
|t:|1759059519
|switch|p2a: Luxray|Luxray, M|100/100
|turn|10
|
|t:|1759059522
|move|p1a: Garchomp|Earthquake|p2a: Luxray
|-supereffective|p2a: Luxray
|-damage|p2a: Luxray|0 fnt
|faint|p2a: Luxray
|
|upkeep
|
|t:|1759059527
|switch|p2a: Gengar|Gengar, M|100/100
|turn|11
|
|t:|1759059531
|move|p2a: Gengar|Ice Punch|p1a: Garchomp
|-supereffective|p1a: Garchomp
|-damage|p1a: Garchomp|0 fnt
|-damage|p2a: Gengar|88/100|[from] ability: Rough Skin|[of] p1a: Garchomp
|faint|p1a: Garchomp
|
|upkeep
|
|t:|1759059539
|switch|p1a: Swampert|Swampert, M|100/100
|turn|12
|
|t:|1759059544
|move|p2a: Gengar|Shadow Ball|p1a: Swampert
|-damage|p1a: Swampert|77/100
|move|p1a: Swampert|Earthquake|p2a: Gengar
|-supereffective|p2a: Gengar
|-damage|p2a: Gengar|0 fnt
|faint|p2a: Gengar
|
|upkeep
|
|t:|1759059559
|switch|p2a: Staraptor|Staraptor, M|100/100
|turn|13
|
|t:|1759059565
|move|p2a: Staraptor|Close Combat|p1a: Swampert
|-crit|p1a: Swampert
|-damage|p1a: Swampert|20/100
|-unboost|p2a: Staraptor|def|1
|-unboost|p2a: Staraptor|spd|1
|move|p1a: Swampert|Surf|p2a: Staraptor
|-damage|p2a: Staraptor|0 fnt
|faint|p2a: Staraptor
|
|upkeep
|
|t:|1759059573
|switch|p2a: Infernape|Infernape, M|100/100
|-item|p2a: Infernape|Air Balloon
|turn|14
|
|t:|1759059579
|move|p2a: Infernape|Zen Headbutt|p1a: Swampert
|-damage|p1a: Swampert|0 fnt
|faint|p1a: Swampert
|
|upkeep
|
|t:|1759059585
|switch|p1a: Charizard|Charizard, F|100/100
|turn|15
|
|t:|1759059590
|move|p2a: Infernape|Zen Headbutt|p1a: Charizard
|-damage|p1a: Charizard|70/100
|move|p1a: Charizard|Hurricane|p2a: Infernape|[miss]
|-miss|p1a: Charizard|p2a: Infernape
|
|upkeep
|turn|16
|
|t:|1759059597
|move|p2a: Infernape|Zen Headbutt|p1a: Charizard
|-damage|p1a: Charizard|40/100
|move|p1a: Charizard|Rock Slide|p2a: Infernape
|-damage|p2a: Infernape|75/100
|-enditem|p2a: Infernape|Air Balloon
|
|upkeep
|turn|17
|
|t:|1759059606
|move|p2a: Infernape|Zen Headbutt|p1a: Charizard
|-damage|p1a: Charizard|6/100
|move|p1a: Charizard|Hurricane|p2a: Infernape
|-supereffective|p2a: Infernape
|-damage|p2a: Infernape|0 fnt
|faint|p2a: Infernape
|
|win|yolopirate22
|c|☆piranho70yt|gg
