|j|☆Ivanpmd
|j|☆pokefanfdj
|t:|1758971209
|gametype|singles
|player|p1|Ivanpmd|cheren-gen5bw2|1161
|player|p2|pokefanfdj|169|1154
|gen|9
|tier|[Gen 9] OU
|rated|
|rule|HP Percentage Mod: HP is shown in percentages
|rule|Endless Battle Clause: Forcing endless battles is banned
|rule|Species Clause: Limit one of each Pokémon
|rule|OHKO Clause: OHKO moves are banned
|rule|Evasion Items Clause: Evasion items are banned
|rule|Evasion Moves Clause: Evasion moves are banned
|rule|Evasion Abilities Clause: Evasion abilities are banned
|rule|Sleep Moves Clause: Sleep-inducing moves are banned
|clearpoke
|poke|p1|Umbreon, F|
|poke|p1|Iron Treads|
|poke|p1|Dragonite, M|
|poke|p1|Meowscarada, F|
|poke|p1|Typhlosion-Hisui, F|
|poke|p1|Swampert, M|
|poke|p2|Kleavor, F|
|poke|p2|Brambleghast, F|
|poke|p2|Moltres|
|poke|p2|Mamoswine, F|
|poke|p2|Kingambit, F|
|poke|p2|Blissey, F|
|teampreview
|inactive|Battle timer is ON: inactive players will automatically lose when time's up. (requested by Ivanpmd)
|
|t:|1758971218
|teamsize|p1|6
|teamsize|p2|6
|start
|switch|p1a: Typhlosion|Typhlosion-Hisui, F|100/100
|switch|p2a: Kleavor|Kleavor, F|100/100
|turn|1
|
|t:|1758971234
|move|p1a: Typhlosion|Eruption|p2a: Kleavor
|-enditem|p2a: Kleavor|Focus Sash
|-damage|p2a: Kleavor|1/100
|move|p2a: Kleavor|Tailwind|p2a: Kleavor
|-sidestart|p2: pokefanfdj|move: Tailwind
|
|upkeep
|turn|2
|
|t:|1758971243
|move|p2a: Kleavor|Stone Axe|p1a: Typhlosion
|-supereffective|p1a: Typhlosion
|-damage|p1a: Typhlosion|0 fnt
|-sidestart|p1: Ivanpmd|move: Stealth Rock
|faint|p1a: Typhlosion
|
|upkeep
|
|t:|1758971249
|switch|p1a: Dragonite|Dragonite, M|100/100
|-damage|p1a: Dragonite|76/100|[from] Stealth Rock
|turn|3
|
|t:|1758971261
|switch|p2a: Brambleghast|Brambleghast, F|100/100
|-ability|p2a: Brambleghast|Wind Rider|boost
|-boost|p2a: Brambleghast|atk|1
|move|p1a: Dragonite|Ice Spinner|p2a: Brambleghast
|-supereffective|p2a: Brambleghast
|-damage|p2a: Brambleghast|0 fnt
|faint|p2a: Brambleghast
|
|upkeep
|
|t:|1758971274
|switch|p2a: Moltres|Moltres|100/100
|turn|4
|
|t:|1758971283
|switch|p1a: Iron Treads|Iron Treads|100/100
|move|p2a: Moltres|Fire Blast|p1a: Iron Treads
|-supereffective|p1a: Iron Treads
|-damage|p1a: Iron Treads|0 fnt
|faint|p1a: Iron Treads
|-end|p1a: Iron Treads|Quark Drive|[silent]
|
|-sideend|p2: pokefanfdj|move: Tailwind
|upkeep
|
|t:|1758971291
|switch|p1a: Swampert|Swampert, M, shiny|100/100
|-damage|p1a: Swampert|94/100|[from] Stealth Rock
|turn|5
|
|t:|1758971313
|switch|p2a: Kleavor|Kleavor, F|1/100
|move|p1a: Swampert|Liquidation|p2a: Kleavor
|-supereffective|p2a: Kleavor
|-damage|p2a: Kleavor|0 fnt
|faint|p2a: Kleavor
|
|upkeep
|
|t:|1758971320
|switch|p2a: Kingambit|Kingambit, F|100/100
|-activate|p2a: Kingambit|ability: Supreme Overlord
|-start|p2a: Kingambit|fallen2|[silent]
|turn|6
|
|t:|1758971326
|move|p2a: Kingambit|Swords Dance|p2a: Kingambit
|-boost|p2a: Kingambit|atk|2
|move|p1a: Swampert|Earthquake|p2a: Kingambit
|-supereffective|p2a: Kingambit
|-damage|p2a: Kingambit|20/100
|
|upkeep
|turn|7
|
|t:|1758971335
|move|p2a: Kingambit|Kowtow Cleave|p1a: Swampert
|-damage|p1a: Swampert|0 fnt
|-damage|p2a: Kingambit|3/100|[from] item: Rocky Helmet|[of] p1a: Swampert
|faint|p1a: Swampert
|
|upkeep
|
|t:|1758971340
|switch|p1a: Dragonite|Dragonite, M|76/100
|-damage|p1a: Dragonite|51/100|[from] Stealth Rock
|turn|8
|
|t:|1758971348
|-terastallize|p1a: Dragonite|Normal
|move|p1a: Dragonite|Extreme Speed|p2a: Kingambit
|-resisted|p2a: Kingambit
|-damage|p2a: Kingambit|0 fnt
|faint|p2a: Kingambit
|-end|p2a: Kingambit|fallen2|[silent]
|
|upkeep
|
|t:|1758971351
|switch|p2a: Moltres|Moltres|100/100
|turn|9
|
|t:|1758971356
|move|p1a: Dragonite|Extreme Speed|p2a: Moltres
|-crit|p2a: Moltres
|-damage|p2a: Moltres|0 fnt
|-status|p1a: Dragonite|brn|[from] ability: Flame Body|[of] p2a: Moltres
|faint|p2a: Moltres
|
|-damage|p1a: Dragonite|45/100 brn|[from] brn
|upkeep
|
|t:|1758971360
|switch|p2a: Mamoswine|Mamoswine, F|100/100
|turn|10
|
|t:|1758971366
|move|p1a: Dragonite|Extreme Speed|p2a: Mamoswine
|-damage|p2a: Mamoswine|58/100
|move|p2a: Mamoswine|Icicle Crash|p1a: Dragonite
|-damage|p1a: Dragonite|0 fnt
|faint|p1a: Dragonite
|-damage|p2a: Mamoswine|48/100|[from] item: Life Orb
|
|upkeep
|
|t:|1758971374
|switch|p1a: Meowscarada|Meowscarada, F|100/100
|-damage|p1a: Meowscarada|88/100|[from] Stealth Rock
|turn|11
|
|t:|1758971382
|-terastallize|p2a: Mamoswine|Ice
|move|p2a: Mamoswine|Ice Shard|p1a: Meowscarada
|-supereffective|p1a: Meowscarada
|-damage|p1a: Meowscarada|0 fnt
|faint|p1a: Meowscarada
|-damage|p2a: Mamoswine|38/100|[from] item: Life Orb
|
|upkeep
|
|t:|1758971389
|switch|p1a: Umbreon|Umbreon, F, shiny|100/100
|-damage|p1a: Umbreon|88/100|[from] Stealth Rock
|turn|12
|
|t:|1758971395
|move|p2a: Mamoswine|Endeavor|p1a: Umbreon
|-damage|p1a: Umbreon|35/100
|-damage|p2a: Mamoswine|28/100|[from] item: Life Orb
|move|p1a: Umbreon|Foul Play|p2a: Mamoswine
|-damage|p2a: Mamoswine|0 fnt
|faint|p2a: Mamoswine
|
|-heal|p1a: Umbreon|41/100|[from] item: Leftovers
|upkeep
|
|t:|1758971402
|switch|p2a: Blissey|Blissey, F|100/100
|turn|13
|
|t:|1758971408
|move|p1a: Umbreon|Toxic|p2a: Blissey
|-status|p2a: Blissey|tox
|move|p2a: Blissey|Thunder Wave|p1a: Umbreon
|-status|p1a: Umbreon|par
|
|-heal|p1a: Umbreon|47/100 par|[from] item: Leftovers
|-damage|p2a: Blissey|94/100 tox|[from] psn
|upkeep
|turn|14
|
|t:|1758971417
|move|p2a: Blissey|Heal Bell|p2a: Blissey
|-activate|p2a: Blissey|move: Heal Bell
|-curestatus|p2a: Blissey|tox|[msg]
|move|p1a: Umbreon|Moonlight|p1a: Umbreon
|-heal|p1a: Umbreon|97/100 par
|
|-heal|p2a: Blissey|100/100|[from] item: Leftovers
|-heal|p1a: Umbreon|100/100 par|[from] item: Leftovers
|upkeep
|turn|15
|
|t:|1758971429
|move|p2a: Blissey|Seismic Toss|p1a: Umbreon
|-damage|p1a: Umbreon|75/100 par
|move|p1a: Umbreon|Toxic|p2a: Blissey
|-status|p2a: Blissey|tox
|
|-heal|p1a: Umbreon|81/100 par|[from] item: Leftovers
|-damage|p2a: Blissey|94/100 tox|[from] psn
|upkeep
|turn|16
|
|t:|1758971439
|move|p2a: Blissey|Seismic Toss|p1a: Umbreon
|-damage|p1a: Umbreon|56/100 par
|move|p1a: Umbreon|Foul Play|p2a: Blissey
|-damage|p2a: Blissey|87/100 tox
|
|-heal|p2a: Blissey|93/100 tox|[from] item: Leftovers
|-heal|p1a: Umbreon|62/100 par|[from] item: Leftovers
|-damage|p2a: Blissey|81/100 tox|[from] psn
|upkeep
|turn|17
|
|t:|1758971448
|move|p2a: Blissey|Seismic Toss|p1a: Umbreon
|-damage|p1a: Umbreon|37/100 par
|move|p1a: Umbreon|Moonlight|p1a: Umbreon
|-heal|p1a: Umbreon|87/100 par
|
|-heal|p2a: Blissey|87/100 tox|[from] item: Leftovers
|-heal|p1a: Umbreon|93/100 par|[from] item: Leftovers
|-damage|p2a: Blissey|69/100 tox|[from] psn
|upkeep
|turn|18
|
|t:|1758971458
|move|p1a: Umbreon|Protect|p1a: Umbreon
|-singleturn|p1a: Umbreon|Protect
|move|p2a: Blissey|Heal Bell|p2a: Blissey
|-activate|p2a: Blissey|move: Heal Bell
|-curestatus|p2a: Blissey|tox|[msg]
|
|-heal|p2a: Blissey|75/100|[from] item: Leftovers
|-heal|p1a: Umbreon|99/100 par|[from] item: Leftovers
|upkeep
|turn|19
|
|t:|1758971472
|move|p2a: Blissey|Seismic Toss|p1a: Umbreon
|-damage|p1a: Umbreon|73/100 par
|move|p1a: Umbreon|Toxic|p2a: Blissey
|-status|p2a: Blissey|tox
|
|-heal|p2a: Blissey|81/100 tox|[from] item: Leftovers
|-heal|p1a: Umbreon|79/100 par|[from] item: Leftovers
|-damage|p2a: Blissey|75/100 tox|[from] psn
|upkeep
|turn|20
|
|t:|1758971481
|move|p2a: Blissey|Seismic Toss|p1a: Umbreon
|-damage|p1a: Umbreon|54/100 par
|move|p1a: Umbreon|Toxic|p2a: Blissey
|-fail|p2a: Blissey|tox
|
|-heal|p2a: Blissey|81/100 tox|[from] item: Leftovers
|-heal|p1a: Umbreon|60/100 par|[from] item: Leftovers
|-damage|p2a: Blissey|69/100 tox|[from] psn
|upkeep
|turn|21
|
|t:|1758971490
|move|p2a: Blissey|Heal Bell|p2a: Blissey
|-activate|p2a: Blissey|move: Heal Bell
|-curestatus|p2a: Blissey|tox|[msg]
|move|p1a: Umbreon|Toxic|p2a: Blissey
|-status|p2a: Blissey|tox
|
|-heal|p2a: Blissey|75/100 tox|[from] item: Leftovers
|-heal|p1a: Umbreon|66/100 par|[from] item: Leftovers
|-damage|p2a: Blissey|69/100 tox|[from] psn
|upkeep
|turn|22
|
|t:|1758971500
|cant|p1a: Umbreon|par
|move|p2a: Blissey|Heal Bell|p2a: Blissey
|-activate|p2a: Blissey|move: Heal Bell
|-curestatus|p2a: Blissey|tox|[msg]
|
|-heal|p2a: Blissey|75/100|[from] item: Leftovers
|-heal|p1a: Umbreon|72/100 par|[from] item: Leftovers
|upkeep
|turn|23
|
|t:|1758971508
|move|p2a: Blissey|Seismic Toss|p1a: Umbreon
|-damage|p1a: Umbreon|47/100 par
|move|p1a: Umbreon|Toxic|p2a: Blissey
|-status|p2a: Blissey|tox
|
|-heal|p2a: Blissey|81/100 tox|[from] item: Leftovers
|-heal|p1a: Umbreon|53/100 par|[from] item: Leftovers
|-damage|p2a: Blissey|75/100 tox|[from] psn
|upkeep
|turn|24
|
|t:|1758971519
|move|p2a: Blissey|Seismic Toss|p1a: Umbreon
|-damage|p1a: Umbreon|28/100 par
|move|p1a: Umbreon|Moonlight|p1a: Umbreon
|-heal|p1a: Umbreon|78/100 par
|
|-heal|p2a: Blissey|81/100 tox|[from] item: Leftovers
|-heal|p1a: Umbreon|84/100 par|[from] item: Leftovers
|-damage|p2a: Blissey|69/100 tox|[from] psn
|upkeep
|turn|25
|
|t:|1758971530
|move|p2a: Blissey|Heal Bell|p2a: Blissey
|-activate|p2a: Blissey|move: Heal Bell
|-curestatus|p2a: Blissey|tox|[msg]
|move|p1a: Umbreon|Toxic|p2a: Blissey
|-status|p2a: Blissey|tox
|
|-heal|p2a: Blissey|75/100 tox|[from] item: Leftovers
|-heal|p1a: Umbreon|90/100 par|[from] item: Leftovers
|-damage|p2a: Blissey|69/100 tox|[from] psn
|upkeep
|turn|26
|
|t:|1758971541
|move|p2a: Blissey|Seismic Toss|p1a: Umbreon
|-damage|p1a: Umbreon|64/100 par
|cant|p1a: Umbreon|par
|
|-heal|p2a: Blissey|75/100 tox|[from] item: Leftovers
|-heal|p1a: Umbreon|71/100 par|[from] item: Leftovers
|-damage|p2a: Blissey|63/100 tox|[from] psn
|upkeep
|turn|27
|
|t:|1758971549
|move|p2a: Blissey|Seismic Toss|p1a: Umbreon
|-damage|p1a: Umbreon|45/100 par
|move|p1a: Umbreon|Toxic|p2a: Blissey
|-fail|p2a: Blissey|tox
|
|-heal|p2a: Blissey|69/100 tox|[from] item: Leftovers
|-heal|p1a: Umbreon|51/100 par|[from] item: Leftovers
|-damage|p2a: Blissey|50/100 tox|[from] psn
|upkeep
|turn|28
|
|t:|1758971563
|move|p2a: Blissey|Heal Bell|p2a: Blissey
|-activate|p2a: Blissey|move: Heal Bell
|-curestatus|p2a: Blissey|tox|[msg]
|move|p1a: Umbreon|Toxic|p2a: Blissey
|-status|p2a: Blissey|tox
|
|-heal|p2a: Blissey|56/100 tox|[from] item: Leftovers
|-heal|p1a: Umbreon|57/100 par|[from] item: Leftovers
|-damage|p2a: Blissey|50/100 tox|[from] psn
|upkeep
|turn|29
|
|t:|1758971574
|move|p2a: Blissey|Heal Bell|p2a: Blissey
|-activate|p2a: Blissey|move: Heal Bell
|-curestatus|p2a: Blissey|tox|[msg]
|move|p1a: Umbreon|Foul Play|p2a: Blissey
|-damage|p2a: Blissey|44/100
|
|-heal|p2a: Blissey|50/100|[from] item: Leftovers
|-heal|p1a: Umbreon|63/100 par|[from] item: Leftovers
|upkeep
|turn|30
|
|t:|1758971583
|move|p2a: Blissey|Seismic Toss|p1a: Umbreon
|-damage|p1a: Umbreon|38/100 par
|move|p1a: Umbreon|Foul Play|p2a: Blissey
|-damage|p2a: Blissey|43/100
|
|-heal|p2a: Blissey|49/100|[from] item: Leftovers
|-heal|p1a: Umbreon|44/100 par|[from] item: Leftovers
|upkeep
|turn|31
|
|t:|1758971592
|move|p2a: Blissey|Seismic Toss|p1a: Umbreon
|-damage|p1a: Umbreon|19/100 par
|cant|p1a: Umbreon|par
|
|-heal|p2a: Blissey|56/100|[from] item: Leftovers
|-heal|p1a: Umbreon|25/100 par|[from] item: Leftovers
|upkeep
|turn|32
|c|☆Ivanpmd|Gg
|
|t:|1758971601
|move|p2a: Blissey|Seismic Toss|p1a: Umbreon
|-damage|p1a: Umbreon|0 fnt
|faint|p1a: Umbreon
|
|win|pokefanfdj
|raw|Ivanpmd's rating: 1161 &rarr; <strong>1135</strong><br />(-26 for losing)
|raw|pokefanfdj's rating: 1154 &rarr; <strong>1180</strong><br />(+26 for winning)
