|j|☆Shibuya Arc
|j|☆vghhjg
|t:|1758933133
|gametype|singles
|player|p1|Shibuya Arc|265|1482
|player|p2|vghhjg|2|1552
|gen|9
|tier|[Gen 9] OU
|rated|
|rule|HP Percentage Mod: HP is shown in percentages
|rule|Endless Battle Clause: Forcing endless battles is banned
|rule|Species Clause: Limit one of each Pokémon
|rule|OHKO Clause: OHKO moves are banned
|rule|Evasion Items Clause: Evasion items are banned
|rule|Evasion Moves Clause: Evasion moves are banned
|rule|Evasion Abilities Clause: Evasion abilities are banned
|rule|Sleep Moves Clause: Sleep-inducing moves are banned
|clearpoke
|poke|p1|Dragapult, M|
|poke|p1|Dragonite, F|
|poke|p1|Ting-Lu|
|poke|p1|Weezing-Galar, F|
|poke|p1|Iron Crown|
|poke|p1|Zapdos|
|poke|p2|Gholdengo|
|poke|p2|Ribombee, M|
|poke|p2|Dragonite, F|
|poke|p2|Comfey, F|
|poke|p2|Primarina, F|
|poke|p2|Salamence, F|
|teampreview
|
|t:|1758933142
|teamsize|p1|6
|teamsize|p2|6
|start
|switch|p1a: Ting-Lu|Ting-Lu|100/100
|switch|p2a: Ribombee|Ribombee, M|100/100
|-ability|p1a: Ting-Lu|Vessel of Ruin
|turn|1
|inactive|Battle timer is ON: inactive players will automatically lose when time's up. (requested by Shibuya Arc)
|
|t:|1758933150
|move|p2a: Ribombee|Stun Spore|p1a: Ting-Lu
|-status|p1a: Ting-Lu|par
|cant|p1a: Ting-Lu|par
|
|upkeep
|turn|2
|
|t:|1758933156
|move|p2a: Ribombee|Sticky Web|p1a: Ting-Lu
|-sidestart|p1: Shibuya Arc|move: Sticky Web
|move|p1a: Ting-Lu|Ruination|p2a: Ribombee
|-damage|p2a: Ribombee|51/100
|
|upkeep
|turn|3
|
|t:|1758933165
|switch|p2a: Primarina|Primarina, F|100/100
|move|p1a: Ting-Lu|Stealth Rock|p2a: Primarina
|-sidestart|p2: vghhjg|move: Stealth Rock
|
|upkeep
|turn|4
|
|t:|1758933171
|move|p2a: Primarina|Surf|p1a: Ting-Lu
|-supereffective|p1a: Ting-Lu
|-damage|p1a: Ting-Lu|61/100 par
|cant|p1a: Ting-Lu|par
|
|-heal|p1a: Ting-Lu|67/100 par|[from] item: Leftovers
|upkeep
|turn|5
|
|t:|1758933179
|move|p2a: Primarina|Moonblast|p1a: Ting-Lu
|-supereffective|p1a: Ting-Lu
|-damage|p1a: Ting-Lu|24/100 par
|move|p1a: Ting-Lu|Ruination|p2a: Primarina
|-damage|p2a: Primarina|51/100
|
|-heal|p2a: Primarina|57/100|[from] item: Leftovers
|-heal|p1a: Ting-Lu|31/100 par|[from] item: Leftovers
|upkeep
|turn|6
|
|t:|1758933188
|move|p2a: Primarina|Surf|p1a: Ting-Lu
|-supereffective|p1a: Ting-Lu
|-damage|p1a: Ting-Lu|0 fnt
|faint|p1a: Ting-Lu
|
|-heal|p2a: Primarina|63/100|[from] item: Leftovers
|upkeep
|
|t:|1758933195
|switch|p1a: Iron Crown|Iron Crown|100/100
|-activate|p1a: Iron Crown|move: Sticky Web
|-unboost|p1a: Iron Crown|spe|1
|turn|7
|
|t:|1758933220
|move|p2a: Primarina|Surf|p1a: Iron Crown
|-damage|p1a: Iron Crown|54/100
|move|p1a: Iron Crown|Tachyon Cutter|p2a: Primarina
|-damage|p2a: Primarina|27/100
|-damage|p2a: Primarina|0 fnt
|faint|p2a: Primarina
|-hitcount|p2: Primarina|2
|
|upkeep
|
|t:|1758933223
|switch|p2a: Gholdengo|Gholdengo|100/100
|-damage|p2a: Gholdengo|94/100|[from] Stealth Rock
|-item|p2a: Gholdengo|Air Balloon
|turn|8
|
|t:|1758933229
|-end|p1a: Iron Crown|Quark Drive|[silent]
|switch|p1a: Zapdos|Zapdos|100/100
|move|p2a: Gholdengo|Shadow Ball|p1a: Zapdos
|-damage|p1a: Zapdos|49/100
|
|upkeep
|turn|9
|
|t:|1758933236
|switch|p2a: Ribombee|Ribombee, M|51/100
|-damage|p2a: Ribombee|26/100|[from] Stealth Rock
|move|p1a: Zapdos|Volt Switch|p2a: Ribombee
|-damage|p2a: Ribombee|0 fnt
|faint|p2a: Ribombee
|
|t:|1758933245
|switch|p1a: Dragapult|Dragapult, M|100/100|[from] Volt Switch
|
|upkeep
|
|t:|1758933248
|switch|p2a: Comfey|Comfey, F|100/100
|-damage|p2a: Comfey|88/100|[from] Stealth Rock
|turn|10
|
|t:|1758933254
|switch|p1a: Iron Crown|Iron Crown|54/100
|-activate|p1a: Iron Crown|move: Sticky Web
|-unboost|p1a: Iron Crown|spe|1
|move|p2a: Comfey|Calm Mind|p2a: Comfey
|-boost|p2a: Comfey|spa|1
|-boost|p2a: Comfey|spd|1
|
|upkeep
|turn|11
|
|t:|1758933260
|-terastallize|p2a: Comfey|Ground
|move|p2a: Comfey|Tera Blast|p1a: Iron Crown|[anim] Tera Blast Ground
|-supereffective|p1a: Iron Crown
|-damage|p1a: Iron Crown|0 fnt
|faint|p1a: Iron Crown
|-end|p1a: Iron Crown|Quark Drive|[silent]
|-damage|p2a: Comfey|78/100|[from] item: Life Orb
|
|upkeep
|
|t:|1758933269
|switch|p1a: Dragonite|Dragonite, F|100/100
|turn|12
|
|t:|1758933275
|move|p2a: Comfey|Draining Kiss|p1a: Dragonite
|-supereffective|p1a: Dragonite
|-damage|p1a: Dragonite|59/100
|-heal|p2a: Comfey|100/100|[from] drain|[of] p1a: Dragonite
|-damage|p2a: Comfey|91/100|[from] item: Life Orb
|move|p1a: Dragonite|Earthquake|p2a: Comfey
|-damage|p2a: Comfey|39/100
|
|upkeep
|turn|13
|
|t:|1758933288
|-terastallize|p1a: Dragonite|Normal
|move|p2a: Comfey|Draining Kiss|p1a: Dragonite
|-damage|p1a: Dragonite|20/100
|-heal|p2a: Comfey|72/100|[from] drain|[of] p1a: Dragonite
|-damage|p2a: Comfey|63/100|[from] item: Life Orb
|move|p1a: Dragonite|Earthquake|p2a: Comfey
|-damage|p2a: Comfey|11/100
|
|upkeep
|turn|14
|
|t:|1758933299
|move|p2a: Comfey|Draining Kiss|p1a: Dragonite
|-crit|p1a: Dragonite
|-damage|p1a: Dragonite|0 fnt
|-heal|p2a: Comfey|27/100|[from] drain|[of] p1a: Dragonite
|faint|p1a: Dragonite
|-damage|p2a: Comfey|17/100|[from] item: Life Orb
|
|upkeep
|
|t:|1758933308
|switch|p1a: Zapdos|Zapdos|49/100
|turn|15
|
|t:|1758933314
|move|p2a: Comfey|Draining Kiss|p1a: Zapdos
|-damage|p1a: Zapdos|2/100
|-heal|p2a: Comfey|55/100|[from] drain|[of] p1a: Zapdos
|-status|p2a: Comfey|par|[from] ability: Static|[of] p1a: Zapdos
|-damage|p2a: Comfey|45/100 par|[from] item: Life Orb
|move|p1a: Zapdos|Roost|p1a: Zapdos
|-heal|p1a: Zapdos|52/100
|-singleturn|p1a: Zapdos|move: Roost
|
|upkeep
|turn|16
|
|t:|1758933325
|move|p2a: Comfey|Draining Kiss|p1a: Zapdos
|-damage|p1a: Zapdos|6/100
|-heal|p2a: Comfey|83/100 par|[from] drain|[of] p1a: Zapdos
|-damage|p2a: Comfey|73/100 par|[from] item: Life Orb
|move|p1a: Zapdos|Roost|p1a: Zapdos
|-heal|p1a: Zapdos|56/100
|-singleturn|p1a: Zapdos|move: Roost
|
|upkeep
|turn|17
|
|t:|1758933333
|move|p1a: Zapdos|Hurricane|p2a: Comfey
|-damage|p2a: Comfey|33/100 par
|move|p2a: Comfey|Calm Mind|p2a: Comfey
|-boost|p2a: Comfey|spa|1
|-boost|p2a: Comfey|spd|1
|
|upkeep
|turn|18
|
|t:|1758933342
|move|p2a: Comfey|Draining Kiss|p1a: Zapdos
|-crit|p1a: Zapdos
|-damage|p1a: Zapdos|0 fnt
|-heal|p2a: Comfey|78/100 par|[from] drain|[of] p1a: Zapdos
|faint|p1a: Zapdos
|-damage|p2a: Comfey|68/100 par|[from] item: Life Orb
|
|upkeep
|
|t:|1758933350
|switch|p1a: Dragapult|Dragapult, M|100/100
|turn|19
|
|t:|1758933355
|move|p2a: Comfey|Draining Kiss|p1a: Dragapult
|-supereffective|p1a: Dragapult
|-damage|p1a: Dragapult|0 fnt
|-heal|p2a: Comfey|100/100 par|[from] drain|[of] p1a: Dragapult
|faint|p1a: Dragapult
|-damage|p2a: Comfey|91/100 par|[from] item: Life Orb
|
|upkeep
|c|☆vghhjg|gg
|
|t:|1758933363
|switch|p1a: Weezing|Weezing-Galar, F|100/100
|-ability|p1a: Weezing|Neutralizing Gas
|turn|20
|
|t:|1758933368
|move|p1a: Weezing|Pain Split|p2a: Comfey
|-sethp|p2a: Comfey|99/100 par|[from] move: Pain Split|[silent]
|-sethp|p1a: Weezing|92/100|[from] move: Pain Split
|move|p2a: Comfey|Tera Blast|p1a: Weezing|[anim] Tera Blast Ground
|-supereffective|p1a: Weezing
|-damage|p1a: Weezing|0 fnt
|faint|p1a: Weezing
|-end|p1a: Weezing|ability: Neutralizing Gas
|-damage|p2a: Comfey|90/100 par|[from] item: Life Orb
|
|win|vghhjg
|raw|Shibuya Arc's rating: 1482 &rarr; <strong>1466</strong><br />(-16 for losing)
|raw|vghhjg's rating: 1552 &rarr; <strong>1568</strong><br />(+16 for winning)
