|j|☆Johnny tots
|j|☆lerendezvous
|t:|1758987310
|gametype|singles
|player|p1|Johnny tots|266|1579
|player|p2|lerendezvous|101|1736
|gen|9
|tier|[Gen 9] OU
|rated|
|rule|HP Percentage Mod: HP is shown in percentages
|rule|Endless Battle Clause: Forcing endless battles is banned
|rule|Species Clause: Limit one of each Pokémon
|rule|OHKO Clause: OHKO moves are banned
|rule|Evasion Items Clause: Evasion items are banned
|rule|Evasion Moves Clause: Evasion moves are banned
|rule|Evasion Abilities Clause: Evasion abilities are banned
|rule|Sleep Moves Clause: Sleep-inducing moves are banned
|clearpoke
|poke|p1|Clefable, M|
|poke|p1|Dragonite, M|
|poke|p1|Thundurus-Therian, M|
|poke|p1|Manaphy|
|poke|p1|Iron Valiant|
|poke|p1|Klefki, M|
|poke|p2|Ogerpon-Wellspring, F|
|poke|p2|Slowking-Galar, F|
|poke|p2|Great Tusk|
|poke|p2|Moltres|
|poke|p2|Dragapult, F|
|poke|p2|Kingambit, M|
|teampreview
|inactive|Battle timer is ON: inactive players will automatically lose when time's up. (requested by Johnny tots)
|
|t:|1758987318
|teamsize|p1|6
|teamsize|p2|6
|start
|switch|p1a: Klefki|Klefki, M|100/100
|switch|p2a: Slowking|Slowking-Galar, F|100/100
|turn|1
|inactive|lerendezvous also wants the timer to be on.
|
|t:|1758987326
|move|p1a: Klefki|Light Screen|p1a: Klefki
|-sidestart|p1: Johnny tots|move: Light Screen
|move|p2a: Slowking|Flamethrower|p1a: Klefki
|-supereffective|p1a: Klefki
|-damage|p1a: Klefki|69/100
|
|upkeep
|turn|2
|
|t:|1758987333
|move|p1a: Klefki|Reflect|p1a: Klefki
|-sidestart|p1: Johnny tots|Reflect
|move|p2a: Slowking|Flamethrower|p1a: Klefki
|-supereffective|p1a: Klefki
|-damage|p1a: Klefki|34/100
|-status|p1a: Klefki|brn
|
|-damage|p1a: Klefki|28/100 brn|[from] brn
|upkeep
|turn|3
|
|t:|1758987355
|switch|p1a: Manaphy|Manaphy|100/100
|move|p2a: Slowking|Sludge Bomb|p1a: Manaphy
|-crit|p1a: Manaphy
|-damage|p1a: Manaphy|43/100
|
|-heal|p1a: Manaphy|49/100|[from] item: Leftovers
|upkeep
|turn|4
|
|t:|1758987364
|move|p1a: Manaphy|Take Heart|p1a: Manaphy
|-boost|p1a: Manaphy|spa|1
|-boost|p1a: Manaphy|spd|1
|move|p2a: Slowking|Sludge Bomb|p1a: Manaphy
|-damage|p1a: Manaphy|37/100
|
|-heal|p1a: Manaphy|43/100|[from] item: Leftovers
|upkeep
|turn|5
|
|t:|1758987370
|move|p1a: Manaphy|Acid Armor|p1a: Manaphy
|-boost|p1a: Manaphy|def|2
|move|p2a: Slowking|Sludge Bomb|p1a: Manaphy
|-damage|p1a: Manaphy|31/100
|-status|p1a: Manaphy|psn
|
|-heal|p1a: Manaphy|37/100 psn|[from] item: Leftovers
|-damage|p1a: Manaphy|24/100 psn|[from] psn
|upkeep
|turn|6
|c|☆Johnny tots|Really
|
|t:|1758987378
|move|p1a: Manaphy|Take Heart|p1a: Manaphy
|-boost|p1a: Manaphy|spa|1
|-boost|p1a: Manaphy|spd|1
|-curestatus|p1a: Manaphy|psn|[msg]
|move|p2a: Slowking|Sludge Bomb|p1a: Manaphy
|-damage|p1a: Manaphy|15/100
|
|-heal|p1a: Manaphy|21/100|[from] item: Leftovers
|upkeep
|turn|7
|
|t:|1758987385
|move|p1a: Manaphy|Take Heart|p1a: Manaphy
|-boost|p1a: Manaphy|spa|1
|-boost|p1a: Manaphy|spd|1
|move|p2a: Slowking|Sludge Bomb|p1a: Manaphy
|-damage|p1a: Manaphy|13/100
|-status|p1a: Manaphy|psn
|
|-heal|p1a: Manaphy|19/100 psn|[from] item: Leftovers
|-damage|p1a: Manaphy|7/100 psn|[from] psn
|upkeep
|turn|8
|
|t:|1758987391
|move|p1a: Manaphy|Take Heart|p1a: Manaphy
|-boost|p1a: Manaphy|spa|1
|-boost|p1a: Manaphy|spd|1
|-curestatus|p1a: Manaphy|psn|[msg]
|move|p2a: Slowking|Sludge Bomb|p1a: Manaphy
|-damage|p1a: Manaphy|0 fnt
|faint|p1a: Manaphy
|
|-sideend|p1: Johnny tots|move: Light Screen
|upkeep
|c|☆Johnny tots|Weird
|
|t:|1758987416
|switch|p1a: Dragonite|Dragonite, M|100/100
|turn|9
|
|t:|1758987420
|move|p1a: Dragonite|Earthquake|p2a: Slowking
|-supereffective|p2a: Slowking
|-damage|p2a: Slowking|21/100
|move|p2a: Slowking|Ice Beam|p1a: Dragonite
|-supereffective|p1a: Dragonite
|-damage|p1a: Dragonite|44/100
|
|-sideend|p1: Johnny tots|Reflect
|upkeep
|turn|10
|
|t:|1758987430
|switch|p1a: Klefki|Klefki, M|28/100 brn
|switch|p2a: Great Tusk|Great Tusk|100/100
|
|-damage|p1a: Klefki|22/100 brn|[from] brn
|upkeep
|turn|11
|
|t:|1758987434
|-end|p2a: Great Tusk|Protosynthesis|[silent]
|switch|p2a: Slowking|Slowking-Galar, F|54/100
|move|p1a: Klefki|Reflect|p1a: Klefki
|-sidestart|p1: Johnny tots|Reflect
|
|-damage|p1a: Klefki|16/100 brn|[from] brn
|upkeep
|turn|12
|
|t:|1758987439
|switch|p2a: Kingambit|Kingambit, M|100/100
|move|p1a: Klefki|Light Screen|p1a: Klefki
|-sidestart|p1: Johnny tots|move: Light Screen
|
|-damage|p1a: Klefki|10/100 brn|[from] brn
|upkeep
|turn|13
|
|t:|1758987443
|-end|p2a: Kingambit|fallenundefined|[silent]
|switch|p2a: Ogerpon|Ogerpon-Wellspring, F|100/100
|move|p1a: Klefki|Spikes|p2a: Ogerpon
|-sidestart|p2: lerendezvous|Spikes
|
|-damage|p1a: Klefki|4/100 brn|[from] brn
|upkeep
|turn|14
|
|t:|1758987448
|switch|p2a: Slowking|Slowking-Galar, F|87/100
|-damage|p2a: Slowking|75/100|[from] Spikes
|switch|p1a: Iron Valiant|Iron Valiant|100/100
|-enditem|p1a: Iron Valiant|Booster Energy
|-activate|p1a: Iron Valiant|ability: Quark Drive|[fromitem]
|-start|p1a: Iron Valiant|quarkdrivespe
|
|upkeep
|turn|15
|
|t:|1758987472
|-end|p1a: Iron Valiant|Quark Drive|[silent]
|switch|p1a: Clefable|Clefable, M|100/100
|move|p2a: Slowking|Sludge Bomb|p1a: Clefable
|-supereffective|p1a: Clefable
|-crit|p1a: Clefable
|-damage|p1a: Clefable|0 fnt
|faint|p1a: Clefable
|
|upkeep
|c|☆Johnny tots|Happy bfsy
|-message|Johnny tots forfeited.
|
|win|lerendezvous
|raw|Johnny tots's rating: 1579 &rarr; <strong>1567</strong><br />(-12 for losing)
|raw|lerendezvous's rating: 1736 &rarr; <strong>1748</strong><br />(+12 for winning)
