|j|☆Ondar.jp
|j|☆youinjks
|t:|1759011949
|gametype|singles
|player|p1|Ondar.jp|pokemonbreeder-gen4|1084
|player|p2|youinjks|ash-hoenn|1091
|gen|9
|tier|[Gen 9] OU
|rated|
|rule|HP Percentage Mod: HP is shown in percentages
|rule|Endless Battle Clause: Forcing endless battles is banned
|rule|Species Clause: Limit one of each Pokémon
|rule|OHKO Clause: OHKO moves are banned
|rule|Evasion Items Clause: Evasion items are banned
|rule|Evasion Moves Clause: Evasion moves are banned
|rule|Evasion Abilities Clause: Evasion abilities are banned
|rule|Sleep Moves Clause: Sleep-inducing moves are banned
|clearpoke
|poke|p1|Ursaluna, M|
|poke|p1|Dragonite, M|
|poke|p1|Galvantula, F|
|poke|p1|Glimmora, M|
|poke|p1|Kingambit, M|
|poke|p1|Latios, M|
|poke|p2|Pikachu-World, M|
|poke|p2|Pelipper, F|
|poke|p2|Zapdos|
|poke|p2|Dragapult, F|
|poke|p2|Blaziken, F|
|poke|p2|Great Tusk|
|teampreview
|
|t:|1759011964
|teamsize|p1|6
|teamsize|p2|6
|start
|switch|p1a: Galvantula|Galvantula, F|100/100
|switch|p2a: Great Tusk|Great Tusk|100/100
|turn|1
|
|t:|1759011980
|move|p1a: Galvantula|Sticky Web|p2a: Great Tusk
|-sidestart|p2: youinjks|move: Sticky Web
|move|p2a: Great Tusk|Rapid Spin|p1a: Galvantula
|-damage|p1a: Galvantula|72/100
|-boost|p2a: Great Tusk|spe|1
|-sideend|p2: youinjks|Sticky Web|[from] move: Rapid Spin|[of] p2a: Great Tusk
|
|upkeep
|turn|2
|
|t:|1759011988
|move|p2a: Great Tusk|Rapid Spin|p1a: Galvantula
|-damage|p1a: Galvantula|40/100
|-boost|p2a: Great Tusk|spe|1
|move|p1a: Galvantula|Sticky Web|p2a: Great Tusk
|-sidestart|p2: youinjks|move: Sticky Web
|
|upkeep
|turn|3
|
|t:|1759011993
|move|p2a: Great Tusk|Rapid Spin|p1a: Galvantula
|-damage|p1a: Galvantula|11/100
|-boost|p2a: Great Tusk|spe|1
|-sideend|p2: youinjks|Sticky Web|[from] move: Rapid Spin|[of] p2a: Great Tusk
|move|p1a: Galvantula|Sticky Web|p2a: Great Tusk
|-sidestart|p2: youinjks|move: Sticky Web
|
|upkeep
|turn|4
|
|t:|1759012000
|move|p2a: Great Tusk|Rapid Spin|p1a: Galvantula
|-damage|p1a: Galvantula|0 fnt
|-boost|p2a: Great Tusk|spe|1
|-sideend|p2: youinjks|Sticky Web|[from] move: Rapid Spin|[of] p2a: Great Tusk
|faint|p1a: Galvantula
|
|upkeep
|
|t:|1759012007
|switch|p1a: Glimmora|Glimmora, M|100/100
|turn|5
|
|t:|1759012023
|-terastallize|p2a: Great Tusk|Steel
|move|p2a: Great Tusk|Rapid Spin|p1a: Glimmora
|-resisted|p1a: Glimmora
|-damage|p1a: Glimmora|90/100
|-boost|p2a: Great Tusk|spe|1
|-activate|p1a: Glimmora|ability: Toxic Debris
|-sidestart|p2: youinjks|move: Toxic Spikes
|-sideend|p2: youinjks|Toxic Spikes|[from] move: Rapid Spin|[of] p2a: Great Tusk
|move|p1a: Glimmora|Stealth Rock|p2a: Great Tusk
|-sidestart|p2: youinjks|move: Stealth Rock
|
|upkeep
|turn|6
|
|t:|1759012032
|move|p2a: Great Tusk|Rapid Spin|p1a: Glimmora
|-resisted|p1a: Glimmora
|-damage|p1a: Glimmora|79/100
|-boost|p2a: Great Tusk|spe|1
|-activate|p1a: Glimmora|ability: Toxic Debris
|-sidestart|p2: youinjks|move: Toxic Spikes
|-sideend|p2: youinjks|Toxic Spikes|[from] move: Rapid Spin|[of] p2a: Great Tusk
|-sideend|p2: youinjks|Stealth Rock|[from] move: Rapid Spin|[of] p2a: Great Tusk
|move|p1a: Glimmora|Stealth Rock|p2a: Great Tusk
|-sidestart|p2: youinjks|move: Stealth Rock
|
|upkeep
|turn|7
|
|t:|1759012041
|move|p2a: Great Tusk|Headlong Rush|p1a: Glimmora
|-supereffective|p1a: Glimmora
|-crit|p1a: Glimmora
|-damage|p1a: Glimmora|0 fnt
|-unboost|p2a: Great Tusk|def|1
|-unboost|p2a: Great Tusk|spd|1
|-activate|p1a: Glimmora|ability: Toxic Debris
|-sidestart|p2: youinjks|move: Toxic Spikes
|faint|p1a: Glimmora
|
|upkeep
|
|t:|1759012052
|switch|p1a: Latios|Latios, M|100/100
|turn|8
|
|t:|1759012058
|move|p2a: Great Tusk|Ice Spinner|p1a: Latios
|-supereffective|p1a: Latios
|-damage|p1a: Latios|30/100
|move|p1a: Latios|Aura Sphere|p2a: Great Tusk
|-supereffective|p2a: Great Tusk
|-damage|p2a: Great Tusk|0 fnt
|faint|p2a: Great Tusk
|-end|p2a: Great Tusk|Protosynthesis|[silent]
|-damage|p1a: Latios|20/100|[from] item: Life Orb
|
|upkeep
|
|t:|1759012067
|switch|p2a: Dragapult|Dragapult, F|100/100
|-damage|p2a: Dragapult|88/100|[from] Stealth Rock
|-status|p2a: Dragapult|psn
|turn|9
|
|t:|1759012079
|move|p2a: Dragapult|Draco Meteor|p1a: Latios
|-supereffective|p1a: Latios
|-damage|p1a: Latios|0 fnt
|-unboost|p2a: Dragapult|spa|2
|faint|p1a: Latios
|
|-damage|p2a: Dragapult|76/100 psn|[from] psn
|upkeep
|
|t:|1759012089
|switch|p1a: Ursaluna|Ursaluna, M|100/100
|turn|10
|
|t:|1759012093
|switch|p2a: Pelipper|Pelipper, F|100/100
|-damage|p2a: Pelipper|76/100|[from] Stealth Rock
|-weather|RainDance|[from] ability: Drizzle|[of] p2a: Pelipper
|move|p1a: Ursaluna|Earthquake|p2a: Pelipper
|-immune|p2a: Pelipper
|
|-weather|RainDance|[upkeep]
|-status|p1a: Ursaluna|brn|[from] item: Flame Orb
|upkeep
|turn|11
|
|t:|1759012104
|move|p1a: Ursaluna|Facade|p2a: Pelipper
|-damage|p2a: Pelipper|0 fnt
|faint|p2a: Pelipper
|
|-weather|RainDance|[upkeep]
|-damage|p1a: Ursaluna|94/100 brn|[from] brn
|upkeep
|
|t:|1759012109
|switch|p2a: Dragapult|Dragapult, F|76/100 psn
|-damage|p2a: Dragapult|64/100 psn|[from] Stealth Rock
|turn|12
|
|t:|1759012114
|move|p2a: Dragapult|Draco Meteor|p1a: Ursaluna
|-damage|p1a: Ursaluna|22/100 brn
|-unboost|p2a: Dragapult|spa|2
|move|p1a: Ursaluna|Earthquake|p2a: Dragapult
|-damage|p2a: Dragapult|0 fnt
|faint|p2a: Dragapult
|
|-weather|RainDance|[upkeep]
|-damage|p1a: Ursaluna|16/100 brn|[from] brn
|upkeep
|
|t:|1759012121
|switch|p2a: Blaziken|Blaziken, F|100/100
|-damage|p2a: Blaziken|88/100|[from] Stealth Rock
|-status|p2a: Blaziken|psn
|turn|13
|
|t:|1759012138
|move|p2a: Blaziken|Flare Blitz|p1a: Ursaluna
|-damage|p1a: Ursaluna|0 fnt
|faint|p1a: Ursaluna
|-damage|p2a: Blaziken|81/100 psn|[from] Recoil
|-damage|p2a: Blaziken|71/100 psn|[from] item: Life Orb
|
|-weather|RainDance|[upkeep]
|-damage|p2a: Blaziken|59/100 psn|[from] psn
|-ability|p2a: Blaziken|Speed Boost|boost
|-boost|p2a: Blaziken|spe|1
|upkeep
|
|t:|1759012147
|switch|p1a: Dragonite|Dragonite, M|100/100
|turn|14
|
|t:|1759012159
|-terastallize|p1a: Dragonite|Normal
|move|p1a: Dragonite|Extreme Speed|p2a: Blaziken
|-damage|p2a: Blaziken|0 fnt
|faint|p2a: Blaziken
|
|-weather|RainDance|[upkeep]
|upkeep
|
|t:|1759012166
|switch|p2a: Zapdos|Zapdos|100/100
|turn|15
|
|t:|1759012169
|move|p1a: Dragonite|Extreme Speed|p2a: Zapdos
|-damage|p2a: Zapdos|49/100
|move|p2a: Zapdos|Discharge|p1a: Dragonite
|-damage|p1a: Dragonite|86/100
|
|-weather|RainDance|[upkeep]
|upkeep
|turn|16
|
|t:|1759012178
|move|p1a: Dragonite|Extreme Speed|p2a: Zapdos
|-damage|p2a: Zapdos|0 fnt
|-status|p1a: Dragonite|par|[from] ability: Static|[of] p2a: Zapdos
|faint|p2a: Zapdos
|
|-weather|RainDance|[upkeep]
|upkeep
|
|t:|1759012180
|switch|p2a: Pikachu|Pikachu-World, M|100/100
|-damage|p2a: Pikachu|88/100|[from] Stealth Rock
|-status|p2a: Pikachu|psn
|turn|17
|
|t:|1759012188
|cant|p1a: Dragonite|par
|move|p2a: Pikachu|Nasty Plot|p2a: Pikachu
|-boost|p2a: Pikachu|spa|2
|
|-weather|none
|-damage|p2a: Pikachu|76/100 psn|[from] psn
|upkeep
|turn|18
|
|t:|1759012195
|move|p1a: Dragonite|Extreme Speed|p2a: Pikachu
|-damage|p2a: Pikachu|0 fnt
|faint|p2a: Pikachu
|
|win|Ondar.jp
|raw|Ondar.jp's rating: 1084 &rarr; <strong>1112</strong><br />(+28 for winning)
|raw|youinjks's rating: 1091 &rarr; <strong>1067</strong><br />(-24 for losing)
|l|☆youinjks
|player|p2|
|l|☆Ondar.jp
|player|p1|
