|j|☆my 100lb pug
|j|☆Tumbletown
|t:|1758929241
|gametype|singles
|player|p1|my 100lb pug|170|1456
|player|p2|Tumbletown|hilda|1541
|gen|9
|tier|[Gen 9] OU
|rated|
|rule|HP Percentage Mod: HP is shown in percentages
|rule|Endless Battle Clause: Forcing endless battles is banned
|rule|Species Clause: Limit one of each Pokémon
|rule|OHKO Clause: OHKO moves are banned
|rule|Evasion Items Clause: Evasion items are banned
|rule|Evasion Moves Clause: Evasion moves are banned
|rule|Evasion Abilities Clause: Evasion abilities are banned
|rule|Sleep Moves Clause: Sleep-inducing moves are banned
|clearpoke
|poke|p1|Landorus-Therian, M|
|poke|p1|Salazzle, F|
|poke|p1|Toxtricity, F|
|poke|p1|Forretress, M|
|poke|p1|Glastrier|
|poke|p1|Lurantis, F|
|poke|p2|Barraskewda, F|
|poke|p2|Pelipper, F|
|poke|p2|Raging Bolt|
|poke|p2|Iron Treads|
|poke|p2|Zapdos|
|poke|p2|Indeedee, M|
|teampreview
|
|t:|1758929265
|teamsize|p1|6
|teamsize|p2|6
|start
|switch|p1a: Forretress|Forretress, M|100/100
|switch|p2a: Raging Bolt|Raging Bolt|100/100
|turn|1
|
|t:|1758929276
|switch|p1a: Lurantis|Lurantis, F|100/100
|move|p2a: Raging Bolt|Taunt|p1a: Lurantis
|-start|p1a: Lurantis|move: Taunt
|
|upkeep
|turn|2
|
|t:|1758929296
|move|p2a: Raging Bolt|Volt Switch|p1a: Lurantis
|-resisted|p1a: Lurantis
|-damage|p1a: Lurantis|84/100
|
|t:|1758929300
|-end|p2a: Raging Bolt|Protosynthesis|[silent]
|switch|p2a: Pelipper|Pelipper, F|100/100|[from] Volt Switch
|-weather|RainDance|[from] ability: Drizzle|[of] p2a: Pelipper
|move|p1a: Lurantis|Superpower|p2a: Pelipper
|-resisted|p2a: Pelipper
|-damage|p2a: Pelipper|90/100
|-boost|p1a: Lurantis|atk|1
|-boost|p1a: Lurantis|def|1
|
|-weather|RainDance|[upkeep]
|upkeep
|turn|3
|
|t:|1758929314
|move|p2a: Pelipper|Hurricane|p1a: Lurantis
|-supereffective|p1a: Lurantis
|-damage|p1a: Lurantis|31/100
|move|p1a: Lurantis|Leaf Storm|p2a: Pelipper|[miss]
|-miss|p1a: Lurantis|p2a: Pelipper
|
|-weather|RainDance|[upkeep]
|-end|p1a: Lurantis|move: Taunt
|upkeep
|turn|4
|
|t:|1758929325
|switch|p1a: Toxtricity|Toxtricity, F|100/100
|move|p2a: Pelipper|Hurricane|p1a: Toxtricity
|-resisted|p1a: Toxtricity
|-damage|p1a: Toxtricity|73/100
|-start|p1a: Toxtricity|confusion
|
|-weather|RainDance|[upkeep]
|upkeep
|turn|5
|
|t:|1758929334
|switch|p2a: Iron Treads|Iron Treads|100/100
|-item|p2a: Iron Treads|Air Balloon
|-activate|p1a: Toxtricity|confusion
|move|p1a: Toxtricity|Overdrive|p2a: Iron Treads
|-immune|p2a: Iron Treads
|
|-weather|RainDance|[upkeep]
|upkeep
|turn|6
|
|t:|1758929351
|switch|p1a: Landorus|Landorus-Therian, M|100/100
|-ability|p1a: Landorus|Intimidate|boost
|-unboost|p2a: Iron Treads|atk|1
|move|p2a: Iron Treads|Stealth Rock|p1a: Landorus
|-sidestart|p1: my 100lb pug|move: Stealth Rock
|
|-weather|RainDance|[upkeep]
|upkeep
|turn|7
|
|t:|1758929356
|-end|p2a: Iron Treads|Quark Drive|[silent]
|switch|p2a: Zapdos|Zapdos|100/100
|move|p1a: Landorus|Stealth Rock|p2a: Zapdos
|-sidestart|p2: Tumbletown|move: Stealth Rock
|
|-weather|RainDance|[upkeep]
|upkeep
|turn|8
|
|t:|1758929369
|move|p2a: Zapdos|Weather Ball|p1a: Landorus
|-supereffective|p1a: Landorus
|-damage|p1a: Landorus|0 fnt
|faint|p1a: Landorus
|
|-weather|RainDance|[upkeep]
|upkeep
|
|t:|1758929379
|switch|p1a: Glastrier|Glastrier|100/100
|turn|9
|
|t:|1758929393
|move|p2a: Zapdos|Thunder|p1a: Glastrier
|-damage|p1a: Glastrier|56/100
|-status|p1a: Glastrier|par
|move|p1a: Glastrier|Icicle Crash|p2a: Zapdos
|-supereffective|p2a: Zapdos
|-damage|p2a: Zapdos|0 fnt
|faint|p2a: Zapdos
|-ability|p1a: Glastrier|Chilling Neigh|boost
|-boost|p1a: Glastrier|atk|1
|
|-weather|none
|upkeep
|
|t:|1758929421
|switch|p2a: Barraskewda|Barraskewda, F, shiny|100/100
|-damage|p2a: Barraskewda|88/100|[from] Stealth Rock
|turn|10
|
|t:|1758929432
|move|p2a: Barraskewda|Close Combat|p1a: Glastrier
|-supereffective|p1a: Glastrier
|-damage|p1a: Glastrier|0 fnt
|-unboost|p2a: Barraskewda|def|1
|-unboost|p2a: Barraskewda|spd|1
|faint|p1a: Glastrier
|
|upkeep
|
|t:|1758929437
|switch|p1a: Forretress|Forretress, M|100/100
|-damage|p1a: Forretress|88/100|[from] Stealth Rock
|turn|11
|
|t:|1758929462
|switch|p2a: Iron Treads|Iron Treads|100/100
|-damage|p2a: Iron Treads|98/100|[from] Stealth Rock
|-item|p2a: Iron Treads|Air Balloon
|move|p1a: Forretress|Volt Switch|p2a: Iron Treads
|-immune|p2a: Iron Treads
|
|-heal|p1a: Forretress|94/100|[from] item: Leftovers
|upkeep
|turn|12
|
|t:|1758929477
|-terastallize|p1a: Forretress|Ghost
|move|p2a: Iron Treads|Rapid Spin|p1a: Forretress
|-immune|p1a: Forretress
|move|p1a: Forretress|Body Press|p2a: Iron Treads
|-supereffective|p2a: Iron Treads
|-damage|p2a: Iron Treads|51/100
|-enditem|p2a: Iron Treads|Air Balloon
|
|-heal|p1a: Forretress|100/100|[from] item: Leftovers
|upkeep
|turn|13
|
|t:|1758929486
|-end|p2a: Iron Treads|Quark Drive|[silent]
|switch|p2a: Raging Bolt|Raging Bolt|100/100
|move|p1a: Forretress|Spikes|p2a: Raging Bolt
|-sidestart|p2: Tumbletown|Spikes
|
|upkeep
|turn|14
|
|t:|1758929498
|switch|p1a: Lurantis|Lurantis, F|31/100
|move|p2a: Raging Bolt|Draco Meteor|p1a: Lurantis
|-damage|p1a: Lurantis|0 fnt
|-unboost|p2a: Raging Bolt|spa|2
|faint|p1a: Lurantis
|
|upkeep
|
|t:|1758929503
|switch|p1a: Toxtricity|Toxtricity, F|73/100
|-damage|p1a: Toxtricity|60/100|[from] Stealth Rock
|turn|15
|
|t:|1758929508
|-end|p2a: Raging Bolt|Protosynthesis|[silent]
|switch|p2a: Iron Treads|Iron Treads|51/100
|-damage|p2a: Iron Treads|48/100|[from] Stealth Rock
|-damage|p2a: Iron Treads|36/100|[from] Spikes
|move|p1a: Toxtricity|Boomburst|p2a: Iron Treads
|-resisted|p2a: Iron Treads
|-damage|p2a: Iron Treads|12/100
|-enditem|p1a: Toxtricity|Throat Spray
|-boost|p1a: Toxtricity|spa|1|[from] item: Throat Spray
|
|upkeep
|turn|16
|
|t:|1758929516
|move|p1a: Toxtricity|Shift Gear|p1a: Toxtricity
|-boost|p1a: Toxtricity|spe|2
|-boost|p1a: Toxtricity|atk|1
|move|p2a: Iron Treads|Rapid Spin|p1a: Toxtricity
|-damage|p1a: Toxtricity|41/100
|-boost|p2a: Iron Treads|spe|1
|-sideend|p2: Tumbletown|Spikes|[from] move: Rapid Spin|[of] p2a: Iron Treads
|-sideend|p2: Tumbletown|Stealth Rock|[from] move: Rapid Spin|[of] p2a: Iron Treads
|
|upkeep
|turn|17
|
|t:|1758929522
|move|p1a: Toxtricity|Boomburst|p2a: Iron Treads
|-resisted|p2a: Iron Treads
|-damage|p2a: Iron Treads|0 fnt
|faint|p2a: Iron Treads
|-end|p2a: Iron Treads|Quark Drive|[silent]
|
|upkeep
|
|t:|1758929525
|switch|p2a: Pelipper|Pelipper, F|90/100
|-weather|RainDance|[from] ability: Drizzle|[of] p2a: Pelipper
|turn|18
|
|t:|1758929531
|move|p1a: Toxtricity|Overdrive|p2a: Pelipper
|-supereffective|p2a: Pelipper
|-damage|p2a: Pelipper|0 fnt
|faint|p2a: Pelipper
|
|-weather|RainDance|[upkeep]
|upkeep
|
|t:|1758929533
|switch|p2a: Barraskewda|Barraskewda, F, shiny|88/100
|turn|19
|
|t:|1758929546
|switch|p1a: Forretress|Forretress, M, tera:Ghost|100/100
|-damage|p1a: Forretress|88/100|[from] Stealth Rock
|move|p2a: Barraskewda|Liquidation|p1a: Forretress
|-damage|p1a: Forretress|27/100
|
|-weather|RainDance|[upkeep]
|-heal|p1a: Forretress|33/100|[from] item: Leftovers
|upkeep
|turn|20
|
|t:|1758929552
|move|p2a: Barraskewda|Liquidation|p1a: Forretress
|-damage|p1a: Forretress|0 fnt
|faint|p1a: Forretress
|
|-weather|RainDance|[upkeep]
|upkeep
|-message|my 100lb pug forfeited.
|
|win|Tumbletown
|raw|my 100lb pug's rating: 1456 &rarr; <strong>1441</strong><br />(-15 for losing)
|raw|Tumbletown's rating: 1541 &rarr; <strong>1556</strong><br />(+15 for winning)
|l|☆my 100lb pug
|player|p1|
|l|☆Tumbletown
|player|p2|
