|j|☆geobamsket
|j|☆TheGamingPolitoed
|t:|1758998219
|gametype|singles
|player|p1|geobamsket|169|1378
|player|p2|TheGamingPolitoed|cress|1416
|gen|9
|tier|[Gen 9] OU
|rated|
|rule|HP Percentage Mod: HP is shown in percentages
|rule|Endless Battle Clause: Forcing endless battles is banned
|rule|Species Clause: Limit one of each Pokémon
|rule|OHKO Clause: OHKO moves are banned
|rule|Evasion Items Clause: Evasion items are banned
|rule|Evasion Moves Clause: Evasion moves are banned
|rule|Evasion Abilities Clause: Evasion abilities are banned
|rule|Sleep Moves Clause: Sleep-inducing moves are banned
|clearpoke
|poke|p1|Great Tusk|
|poke|p1|Kingambit, M|
|poke|p1|Slowking-Galar, M|
|poke|p1|Zapdos|
|poke|p1|Iron Valiant|
|poke|p1|Pecharunt|
|poke|p2|Primarina, F|
|poke|p2|Ludicolo, M|
|poke|p2|Samurott-Hisui, M|
|poke|p2|Toxapex, F|
|poke|p2|Politoed, M|
|poke|p2|Walking Wake|
|teampreview
|inactive|Battle timer is ON: inactive players will automatically lose when time's up. (requested by geobamsket)
|
|t:|1758998234
|teamsize|p1|6
|teamsize|p2|6
|start
|switch|p1a: Slowking|Slowking-Galar, M|100/100
|switch|p2a: Donny Ronny|Samurott-Hisui, M|100/100
|turn|1
|
|t:|1758998244
|switch|p1a: Great Tusk|Great Tusk|100/100
|move|p2a: Donny Ronny|Knock Off|p1a: Great Tusk
|-resisted|p1a: Great Tusk
|-crit|p1a: Great Tusk
|-damage|p1a: Great Tusk|73/100
|-enditem|p1a: Great Tusk|Heavy-Duty Boots|[from] move: Knock Off|[of] p2a: Donny Ronny
|
|upkeep
|turn|2
|
|t:|1758998254
|move|p1a: Great Tusk|Rapid Spin|p2a: Donny Ronny
|-damage|p2a: Donny Ronny|81/100
|-boost|p1a: Great Tusk|spe|1
|move|p2a: Donny Ronny|Razor Shell|p1a: Great Tusk
|-supereffective|p1a: Great Tusk
|-damage|p1a: Great Tusk|0 fnt
|faint|p1a: Great Tusk
|-end|p1a: Great Tusk|Protosynthesis|[silent]
|
|upkeep
|
|t:|1758998264
|switch|p1a: Zapdos|Zapdos|100/100
|turn|3
|
|t:|1758998278
|switch|p2a: Walk the Dinosaur|Walking Wake|100/100
|move|p1a: Zapdos|Volt Switch|p2a: Walk the Dinosaur
|-damage|p2a: Walk the Dinosaur|56/100
|
|t:|1758998285
|switch|p1a: Slowking|Slowking-Galar, M|100/100|[from] Volt Switch
|
|upkeep
|turn|4
|
|t:|1758998290
|move|p2a: Walk the Dinosaur|Hydro Steam|p1a: Slowking
|-damage|p1a: Slowking|64/100
|move|p1a: Slowking|Sludge Bomb|p2a: Walk the Dinosaur
|-damage|p2a: Walk the Dinosaur|15/100
|
|upkeep
|turn|5
|
|t:|1758998299
|move|p2a: Walk the Dinosaur|Hydro Steam|p1a: Slowking
|-damage|p1a: Slowking|29/100
|move|p1a: Slowking|Sludge Bomb|p2a: Walk the Dinosaur
|-damage|p2a: Walk the Dinosaur|0 fnt
|faint|p2a: Walk the Dinosaur
|-end|p2a: Walk the Dinosaur|Protosynthesis|[silent]
|
|upkeep
|
|t:|1758998305
|switch|p2a: Donny Ronny|Samurott-Hisui, M|81/100
|turn|6
|
|t:|1758998313
|switch|p1a: Zapdos|Zapdos|100/100
|move|p2a: Donny Ronny|Razor Shell|p1a: Zapdos
|-damage|p1a: Zapdos|28/100
|-status|p2a: Donny Ronny|par|[from] ability: Static|[of] p1a: Zapdos
|
|upkeep
|turn|7
|
|t:|1758998321
|move|p1a: Zapdos|Volt Switch|p2a: Donny Ronny
|-supereffective|p2a: Donny Ronny
|-damage|p2a: Donny Ronny|16/100 par
|
|t:|1758998332
|switch|p1a: Iron Valiant|Iron Valiant|100/100|[from] Volt Switch
|-enditem|p1a: Iron Valiant|Booster Energy
|-activate|p1a: Iron Valiant|ability: Quark Drive|[fromitem]
|-start|p1a: Iron Valiant|quarkdrivespe
|move|p2a: Donny Ronny|Ceaseless Edge|p1a: Iron Valiant
|-resisted|p1a: Iron Valiant
|-damage|p1a: Iron Valiant|84/100
|-sidestart|p1: geobamsket|Spikes
|
|upkeep
|turn|8
|
|t:|1758998341
|switch|p2a: Toxatax|Toxapex, F|100/100
|move|p1a: Iron Valiant|Moonblast|p2a: Toxatax
|-resisted|p2a: Toxatax
|-damage|p2a: Toxatax|80/100
|
|upkeep
|turn|9
|
|t:|1758998349
|-end|p1a: Iron Valiant|Quark Drive|[silent]
|switch|p1a: Slowking|Slowking-Galar, M|62/100
|move|p2a: Toxatax|Toxic Spikes|p1a: Slowking
|-sidestart|p1: geobamsket|move: Toxic Spikes
|
|upkeep
|turn|10
|
|t:|1758998357
|switch|p2a: Donny Ronny|Samurott-Hisui, M|16/100 par
|move|p1a: Slowking|Future Sight|p2a: Donny Ronny
|-start|p1a: Slowking|move: Future Sight
|
|upkeep
|turn|11
|
|t:|1758998369
|move|p2a: Donny Ronny|Knock Off|p1a: Slowking
|-supereffective|p1a: Slowking
|-damage|p1a: Slowking|0 fnt
|-enditem|p1a: Slowking|Heavy-Duty Boots|[from] move: Knock Off|[of] p2a: Donny Ronny
|faint|p1a: Slowking
|
|upkeep
|
|t:|1758998374
|switch|p1a: Zapdos|Zapdos|28/100
|turn|12
|
|t:|1758998389
|move|p2a: Donny Ronny|Aqua Jet|p1a: Zapdos
|-crit|p1a: Zapdos
|-damage|p1a: Zapdos|0 fnt
|faint|p1a: Zapdos
|
|-end|p2a: Donny Ronny|move: Future Sight
|-immune|p2a: Donny Ronny
|upkeep
|
|t:|1758998397
|switch|p1a: Pecharunt|Pecharunt|100/100
|-sideend|p1: geobamsket|move: Toxic Spikes|[of] p1a: Pecharunt
|turn|13
|
|t:|1758998404
|move|p1a: Pecharunt|Malignant Chain|p2a: Donny Ronny
|-damage|p2a: Donny Ronny|0 fnt
|faint|p2a: Donny Ronny
|
|upkeep
|
|t:|1758998409
|switch|p2a: Toxatax|Toxapex, F|100/100
|turn|14
|
|t:|1758998426
|move|p1a: Pecharunt|Parting Shot|p2a: Toxatax
|-unboost|p2a: Toxatax|atk|1
|-unboost|p2a: Toxatax|spa|1
|
|t:|1758998429
|switch|p1a: Iron Valiant|Iron Valiant|84/100|[from] Parting Shot
|-damage|p1a: Iron Valiant|72/100|[from] Spikes
|move|p2a: Toxatax|Toxic Spikes|p1a: Iron Valiant
|-sidestart|p1: geobamsket|move: Toxic Spikes
|
|upkeep
|turn|15
|
|t:|1758998438
|switch|p2a: The King|Politoed, M|100/100
|-weather|RainDance|[from] ability: Drizzle|[of] p2a: The King
|move|p1a: Iron Valiant|Calm Mind|p1a: Iron Valiant
|-boost|p1a: Iron Valiant|spa|1
|-boost|p1a: Iron Valiant|spd|1
|
|-weather|RainDance|[upkeep]
|upkeep
|turn|16
|
|t:|1758998450
|move|p1a: Iron Valiant|Moonblast|p2a: The King
|-damage|p2a: The King|38/100
|move|p2a: The King|Encore|p1a: Iron Valiant
|-start|p1a: Iron Valiant|Encore
|
|-weather|RainDance|[upkeep]
|upkeep
|turn|17
|
|t:|1758998456
|switch|p2a: Toxatax|Toxapex, F|100/100
|move|p1a: Iron Valiant|Moonblast|p2a: Toxatax
|-resisted|p2a: Toxatax
|-damage|p2a: Toxatax|70/100
|
|-weather|RainDance|[upkeep]
|upkeep
|turn|18
|
|t:|1758998463
|move|p1a: Iron Valiant|Moonblast|p2a: Toxatax
|-resisted|p2a: Toxatax
|-damage|p2a: Toxatax|41/100
|-unboost|p2a: Toxatax|spa|1
|move|p2a: Toxatax|Surf|p1a: Iron Valiant
|-damage|p1a: Iron Valiant|49/100
|
|-weather|RainDance|[upkeep]
|upkeep
|turn|19
|
|t:|1758998472
|move|p1a: Iron Valiant|Moonblast|p2a: Toxatax
|-resisted|p2a: Toxatax
|-damage|p2a: Toxatax|10/100
|move|p2a: Toxatax|Recover|p2a: Toxatax
|-heal|p2a: Toxatax|60/100
|
|-weather|RainDance|[upkeep]
|-end|p1a: Iron Valiant|Encore
|upkeep
|turn|20
|
|t:|1758998481
|move|p1a: Iron Valiant|Shadow Ball|p2a: Toxatax
|-damage|p2a: Toxatax|29/100
|move|p2a: Toxatax|Haze|p2a: Toxatax
|-clearallboost
|
|-weather|RainDance|[upkeep]
|upkeep
|turn|21
|
|t:|1758998488
|move|p1a: Iron Valiant|Shadow Ball|p2a: Toxatax
|-damage|p2a: Toxatax|9/100
|-unboost|p2a: Toxatax|spd|1
|move|p2a: Toxatax|Recover|p2a: Toxatax
|-heal|p2a: Toxatax|59/100
|
|-weather|RainDance|[upkeep]
|upkeep
|turn|22
|
|t:|1758998500
|move|p1a: Iron Valiant|Shadow Ball|p2a: Toxatax
|-damage|p2a: Toxatax|26/100
|move|p2a: Toxatax|Haze|p2a: Toxatax
|-clearallboost
|
|-weather|none
|upkeep
|turn|23
|
|t:|1758998508
|move|p1a: Iron Valiant|Shadow Ball|p2a: Toxatax
|-damage|p2a: Toxatax|5/100
|move|p2a: Toxatax|Recover|p2a: Toxatax
|-heal|p2a: Toxatax|55/100
|
|upkeep
|turn|24
|
|t:|1758998514
|move|p1a: Iron Valiant|Shadow Ball|p2a: Toxatax
|-crit|p2a: Toxatax
|-damage|p2a: Toxatax|21/100
|move|p2a: Toxatax|Recover|p2a: Toxatax
|-heal|p2a: Toxatax|71/100
|
|upkeep
|turn|25
|
|t:|1758998520
|move|p1a: Iron Valiant|Shadow Ball|p2a: Toxatax
|-crit|p2a: Toxatax
|-damage|p2a: Toxatax|40/100
|move|p2a: Toxatax|Surf|p1a: Iron Valiant
|-damage|p1a: Iron Valiant|13/100
|
|upkeep
|turn|26
|
|t:|1758998527
|move|p1a: Iron Valiant|Shadow Ball|p2a: Toxatax
|-crit|p2a: Toxatax
|-damage|p2a: Toxatax|7/100
|move|p2a: Toxatax|Surf|p1a: Iron Valiant
|-damage|p1a: Iron Valiant|0 fnt
|faint|p1a: Iron Valiant
|-end|p1a: Iron Valiant|Quark Drive|[silent]
|
|upkeep
|
|t:|1758998534
|switch|p1a: Pecharunt|Pecharunt|100/100
|-sideend|p1: geobamsket|move: Toxic Spikes|[of] p1a: Pecharunt
|turn|27
|
|t:|1758998542
|switch|p2a: Juan|Ludicolo, M|100/100
|move|p1a: Pecharunt|Malignant Chain|p2a: Juan
|-supereffective|p2a: Juan
|-damage|p2a: Juan|2/100
|-status|p2a: Juan|tox
|-start|p2a: Juan|confusion|[from] ability: Poison Puppeteer|[of] p1a: Pecharunt
|
|-damage|p2a: Juan|0 fnt|[from] psn
|faint|p2a: Juan
|upkeep
|
|t:|1758998553
|switch|p2a: Toxatax|Toxapex, F|40/100
|turn|28
|
|t:|1758998558
|move|p1a: Pecharunt|Shadow Ball|p2a: Toxatax
|-damage|p2a: Toxatax|13/100
|move|p2a: Toxatax|Recover|p2a: Toxatax
|-heal|p2a: Toxatax|63/100
|
|upkeep
|turn|29
|
|t:|1758998565
|move|p1a: Pecharunt|Shadow Ball|p2a: Toxatax
|-damage|p2a: Toxatax|33/100
|move|p2a: Toxatax|Surf|p1a: Pecharunt
|-crit|p1a: Pecharunt
|-damage|p1a: Pecharunt|73/100
|
|upkeep
|turn|30
|
|t:|1758998571
|move|p1a: Pecharunt|Shadow Ball|p2a: Toxatax
|-damage|p2a: Toxatax|4/100
|move|p2a: Toxatax|Recover|p2a: Toxatax
|-heal|p2a: Toxatax|54/100
|
|upkeep
|turn|31
|
|t:|1758998579
|move|p1a: Pecharunt|Shadow Ball|p2a: Toxatax
|-damage|p2a: Toxatax|23/100
|move|p2a: Toxatax|Recover|p2a: Toxatax
|-heal|p2a: Toxatax|73/100
|
|upkeep
|turn|32
|
|t:|1758998585
|move|p1a: Pecharunt|Shadow Ball|p2a: Toxatax
|-damage|p2a: Toxatax|42/100
|move|p2a: Toxatax|Surf|p1a: Pecharunt
|-damage|p1a: Pecharunt|54/100
|
|upkeep
|turn|33
|
|t:|1758998592
|-terastallize|p2a: Toxatax|Water
|move|p1a: Pecharunt|Recover|p1a: Pecharunt
|-heal|p1a: Pecharunt|100/100
|move|p2a: Toxatax|Surf|p1a: Pecharunt
|-damage|p1a: Pecharunt|75/100
|
|upkeep
|turn|34
|
|t:|1758998600
|move|p1a: Pecharunt|Malignant Chain|p2a: Toxatax
|-damage|p2a: Toxatax|6/100
|move|p2a: Toxatax|Surf|p1a: Pecharunt
|-damage|p1a: Pecharunt|47/100
|
|upkeep
|turn|35
|-message|TheGamingPolitoed forfeited.
|
|win|geobamsket
|raw|geobamsket's rating: 1378 &rarr; <strong>1400</strong><br />(+22 for winning)
|raw|TheGamingPolitoed's rating: 1416 &rarr; <strong>1394</strong><br />(-22 for losing)
|l|☆TheGamingPolitoed
|player|p2|
|l|☆geobamsket
|player|p1|
