|j|☆Minoluck
|j|☆Jad923
|t:|1758950365
|gametype|singles
|player|p1|Minoluck|gentleman-gen4dp|1293
|player|p2|Jad923|veteran|1296
|gen|9
|tier|[Gen 9] OU
|rated|
|rule|HP Percentage Mod: HP is shown in percentages
|rule|Endless Battle Clause: Forcing endless battles is banned
|rule|Species Clause: Limit one of each Pokémon
|rule|OHKO Clause: OHKO moves are banned
|rule|Evasion Items Clause: Evasion items are banned
|rule|Evasion Moves Clause: Evasion moves are banned
|rule|Evasion Abilities Clause: Evasion abilities are banned
|rule|Sleep Moves Clause: Sleep-inducing moves are banned
|clearpoke
|poke|p1|Staraptor, M|
|poke|p1|Iron Valiant|
|poke|p1|Raging Bolt|
|poke|p1|Cinderace, M|
|poke|p1|Iron Boulder|
|poke|p1|Gyarados, M|
|poke|p2|Glimmora, F|
|poke|p2|Great Tusk|
|poke|p2|Iron Moth|
|poke|p2|Dragapult, M|
|poke|p2|Kingambit, F|
|poke|p2|Primarina, F|
|teampreview
|inactive|Battle timer is ON: inactive players will automatically lose when time's up. (requested by Jad923)
|
|t:|1758950373
|teamsize|p1|6
|teamsize|p2|6
|start
|switch|p1a: Raging Bolt|Raging Bolt|100/100
|switch|p2a: Glimmora|Glimmora, F|100/100
|turn|1
|
|t:|1758950381
|move|p2a: Glimmora|Mortal Spin|p1a: Raging Bolt
|-damage|p1a: Raging Bolt|96/100
|-status|p1a: Raging Bolt|psn
|move|p1a: Raging Bolt|Draco Meteor|p2a: Glimmora
|-enditem|p2a: Glimmora|Focus Sash
|-damage|p2a: Glimmora|1/100
|-unboost|p1a: Raging Bolt|spa|2
|
|-damage|p1a: Raging Bolt|84/100 psn|[from] psn
|upkeep
|turn|2
|
|t:|1758950389
|move|p2a: Glimmora|Stealth Rock|p1a: Raging Bolt
|-sidestart|p1: Minoluck|move: Stealth Rock
|move|p1a: Raging Bolt|Draco Meteor|p2a: Glimmora
|-damage|p2a: Glimmora|0 fnt
|-unboost|p1a: Raging Bolt|spa|2
|faint|p2a: Glimmora
|
|-damage|p1a: Raging Bolt|71/100 psn|[from] psn
|upkeep
|
|t:|1758950395
|switch|p2a: Iron Moth|Iron Moth|100/100
|-enditem|p2a: Iron Moth|Booster Energy
|-activate|p2a: Iron Moth|ability: Quark Drive|[fromitem]
|-start|p2a: Iron Moth|quarkdrivespe
|turn|3
|
|t:|1758950405
|-end|p1a: Raging Bolt|Protosynthesis|[silent]
|switch|p1a: Gyarados|Gyarados, M|100/100
|-damage|p1a: Gyarados|76/100|[from] Stealth Rock
|-ability|p1a: Gyarados|Intimidate|boost
|-unboost|p2a: Iron Moth|atk|1
|move|p2a: Iron Moth|Substitute|p2a: Iron Moth
|-start|p2a: Iron Moth|Substitute
|-damage|p2a: Iron Moth|76/100
|
|-heal|p1a: Gyarados|82/100|[from] item: Leftovers
|upkeep
|turn|4
|
|t:|1758950409
|move|p2a: Iron Moth|Fiery Dance|p1a: Gyarados
|-resisted|p1a: Gyarados
|-damage|p1a: Gyarados|62/100
|move|p1a: Gyarados|Waterfall|p2a: Iron Moth
|-supereffective|p2a: Iron Moth
|-end|p2a: Iron Moth|Substitute
|
|-heal|p1a: Gyarados|68/100|[from] item: Leftovers
|upkeep
|turn|5
|
|t:|1758950419
|move|p2a: Iron Moth|Sludge Wave|p1a: Gyarados
|-damage|p1a: Gyarados|16/100
|move|p1a: Gyarados|Earthquake|p2a: Iron Moth
|-supereffective|p2a: Iron Moth
|-damage|p2a: Iron Moth|0 fnt
|faint|p2a: Iron Moth
|-end|p2a: Iron Moth|Quark Drive|[silent]
|
|-heal|p1a: Gyarados|22/100|[from] item: Leftovers
|upkeep
|
|t:|1758950426
|switch|p2a: Dragapult|Dragapult, M|100/100
|turn|6
|
|t:|1758950432
|move|p2a: Dragapult|Shadow Ball|p1a: Gyarados
|-damage|p1a: Gyarados|0 fnt
|faint|p1a: Gyarados
|
|upkeep
|
|t:|1758950436
|switch|p1a: Iron Valiant|Iron Valiant|100/100
|-damage|p1a: Iron Valiant|94/100|[from] Stealth Rock
|-enditem|p1a: Iron Valiant|Booster Energy
|-activate|p1a: Iron Valiant|ability: Quark Drive|[fromitem]
|-start|p1a: Iron Valiant|quarkdrivespe
|turn|7
|
|t:|1758950442
|switch|p2a: Primarina|Primarina, F|100/100
|-terastallize|p1a: Iron Valiant|Fairy
|move|p1a: Iron Valiant|Moonblast|p2a: Primarina
|-damage|p2a: Primarina|59/100
|
|upkeep
|turn|8
|
|t:|1758950451
|move|p1a: Iron Valiant|Moonblast|p2a: Primarina
|-damage|p2a: Primarina|20/100
|move|p2a: Primarina|Flip Turn|p1a: Iron Valiant
|-damage|p1a: Iron Valiant|68/100
|
|t:|1758950458
|switch|p2a: Dragapult|Dragapult, M|100/100|[from] Flip Turn
|
|upkeep
|turn|9
|
|t:|1758950466
|move|p2a: Dragapult|Shadow Ball|p1a: Iron Valiant
|-damage|p1a: Iron Valiant|7/100
|move|p1a: Iron Valiant|Moonblast|p2a: Dragapult
|-supereffective|p2a: Dragapult
|-damage|p2a: Dragapult|0 fnt
|faint|p2a: Dragapult
|
|upkeep
|
|t:|1758950472
|switch|p2a: Kingambit|Kingambit, F|100/100
|-activate|p2a: Kingambit|ability: Supreme Overlord
|-start|p2a: Kingambit|fallen3|[silent]
|-item|p2a: Kingambit|Air Balloon
|turn|10
|
|t:|1758950477
|move|p2a: Kingambit|Sucker Punch|p1a: Iron Valiant
|-resisted|p1a: Iron Valiant
|-crit|p1a: Iron Valiant
|-damage|p1a: Iron Valiant|0 fnt
|faint|p1a: Iron Valiant
|-end|p1a: Iron Valiant|Quark Drive|[silent]
|
|upkeep
|
|t:|1758950480
|switch|p1a: Cinderace|Cinderace, M|100/100
|-damage|p1a: Cinderace|76/100|[from] Stealth Rock
|turn|11
|
|t:|1758950483
|-end|p2a: Kingambit|fallen3|[silent]
|switch|p2a: Great Tusk|Great Tusk|100/100
|move|p1a: Cinderace|Court Change|p1a: Cinderace
|-start|p1a: Cinderace|typechange|Normal|[from] ability: Libero
|-swapsideconditions
|-activate|p1a: Cinderace|move: Court Change
|
|upkeep
|turn|12
|
|t:|1758950500
|move|p1a: Cinderace|Pyro Ball|p2a: Great Tusk
|-damage|p2a: Great Tusk|71/100
|move|p2a: Great Tusk|Rapid Spin|p1a: Cinderace
|-damage|p1a: Cinderace|49/100
|-boost|p2a: Great Tusk|spe|1
|-sideend|p2: Jad923|Stealth Rock|[from] move: Rapid Spin|[of] p2a: Great Tusk
|
|upkeep
|turn|13
|
|t:|1758950507
|move|p2a: Great Tusk|Close Combat|p1a: Cinderace
|-supereffective|p1a: Cinderace
|-crit|p1a: Cinderace
|-damage|p1a: Cinderace|0 fnt
|-unboost|p2a: Great Tusk|def|1
|-unboost|p2a: Great Tusk|spd|1
|faint|p1a: Cinderace
|
|upkeep
|
|t:|1758950512
|switch|p1a: Staraptor|Staraptor, M|100/100
|turn|14
|
|t:|1758950519
|move|p2a: Great Tusk|Close Combat|p1a: Staraptor
|-damage|p1a: Staraptor|16/100
|-unboost|p2a: Great Tusk|def|1
|-unboost|p2a: Great Tusk|spd|1
|move|p1a: Staraptor|Brave Bird|p2a: Great Tusk
|-supereffective|p2a: Great Tusk
|-damage|p2a: Great Tusk|0 fnt
|faint|p2a: Great Tusk
|-end|p2a: Great Tusk|Protosynthesis|[silent]
|-damage|p1a: Staraptor|0 fnt|[from] Recoil
|faint|p1a: Staraptor
|
|upkeep
|
|t:|1758950526
|switch|p1a: Raging Bolt|Raging Bolt|71/100 psn
|switch|p2a: Kingambit|Kingambit, F|100/100
|-activate|p2a: Kingambit|ability: Supreme Overlord
|-start|p2a: Kingambit|fallen4|[silent]
|-item|p2a: Kingambit|Air Balloon
|turn|15
|
|t:|1758950537
|move|p2a: Kingambit|Swords Dance|p2a: Kingambit
|-boost|p2a: Kingambit|atk|2
|move|p1a: Raging Bolt|Volt Switch|p2a: Kingambit
|-damage|p2a: Kingambit|27/100
|-enditem|p2a: Kingambit|Air Balloon
|
|t:|1758950540
|-end|p1a: Raging Bolt|Protosynthesis|[silent]
|switch|p1a: Iron Boulder|Iron Boulder|100/100|[from] Volt Switch
|
|upkeep
|turn|16
|
|t:|1758950544
|-end|p1a: Iron Boulder|Quark Drive|[silent]
|switch|p1a: Raging Bolt|Raging Bolt|71/100 psn
|move|p2a: Kingambit|Sucker Punch||[still]
|-fail|p2a: Kingambit
|
|-damage|p1a: Raging Bolt|59/100 psn|[from] psn
|upkeep
|turn|17
|
|t:|1758950550
|move|p2a: Kingambit|Sucker Punch|p1a: Raging Bolt
|-damage|p1a: Raging Bolt|0 fnt
|faint|p1a: Raging Bolt
|-end|p1a: Raging Bolt|Protosynthesis|[silent]
|
|upkeep
|
|t:|1758950552
|switch|p1a: Iron Boulder|Iron Boulder|100/100
|turn|18
|
|t:|1758950555
|move|p2a: Kingambit|Sucker Punch|p1a: Iron Boulder
|-supereffective|p1a: Iron Boulder
|-damage|p1a: Iron Boulder|0 fnt
|faint|p1a: Iron Boulder
|-end|p1a: Iron Boulder|Quark Drive|[silent]
|
|win|Jad923
|raw|Minoluck's rating: 1293 &rarr; <strong>1268</strong><br />(-25 for losing)
|raw|Jad923's rating: 1296 &rarr; <strong>1321</strong><br />(+25 for winning)
|l|☆Minoluck
|player|p1|
|l|☆Jad923
|player|p2|
