|j|☆jawnpilgrim
|j|☆salt546
|t:|1759050265
|gametype|singles
|player|p1|jawnpilgrim|n|1089
|player|p2|salt546|1|1084
|gen|9
|tier|[Gen 9] OU
|rated|
|rule|HP Percentage Mod: HP is shown in percentages
|rule|Endless Battle Clause: Forcing endless battles is banned
|rule|Species Clause: Limit one of each Pokémon
|rule|OHKO Clause: OHKO moves are banned
|rule|Evasion Items Clause: Evasion items are banned
|rule|Evasion Moves Clause: Evasion moves are banned
|rule|Evasion Abilities Clause: Evasion abilities are banned
|rule|Sleep Moves Clause: Sleep-inducing moves are banned
|clearpoke
|poke|p1|Torkoal, M|
|poke|p1|Venusaur, F|
|poke|p1|Walking Wake|
|poke|p1|Charizard, F|
|poke|p1|Altaria, M|
|poke|p1|Jirachi|
|poke|p2|Hydreigon, M|
|poke|p2|Rillaboom, M|
|poke|p2|Heatran, M|
|poke|p2|Swampert, M|
|poke|p2|Corviknight, M|
|poke|p2|Iron Valiant|
|teampreview
|inactive|Battle timer is ON: inactive players will automatically lose when time's up. (requested by jawnpilgrim)
|
|t:|1759050273
|teamsize|p1|6
|teamsize|p2|6
|start
|switch|p1a: Torkoal|Torkoal, M|100/100
|switch|p2a: Iron Valiant|Iron Valiant, shiny|100/100
|-weather|SunnyDay|[from] ability: Drought|[of] p1a: Torkoal
|-enditem|p2a: Iron Valiant|Booster Energy
|-activate|p2a: Iron Valiant|ability: Quark Drive|[fromitem]
|-start|p2a: Iron Valiant|quarkdrivespe
|turn|1
|
|t:|1759050284
|move|p2a: Iron Valiant|Swords Dance|p2a: Iron Valiant
|-boost|p2a: Iron Valiant|atk|2
|move|p1a: Torkoal|Will-O-Wisp|p2a: Iron Valiant
|-status|p2a: Iron Valiant|brn
|
|-weather|SunnyDay|[upkeep]
|-damage|p2a: Iron Valiant|94/100 brn|[from] brn
|upkeep
|turn|2
|
|t:|1759050292
|move|p2a: Iron Valiant|Swords Dance|p2a: Iron Valiant
|-boost|p2a: Iron Valiant|atk|2
|move|p1a: Torkoal|Stealth Rock|p2a: Iron Valiant
|-sidestart|p2: salt546|move: Stealth Rock
|
|-weather|SunnyDay|[upkeep]
|-damage|p2a: Iron Valiant|88/100 brn|[from] brn
|upkeep
|turn|3
|
|t:|1759050303
|switch|p1a: Charizard|Charizard, F|100/100
|move|p2a: Iron Valiant|Thunder Punch|p1a: Charizard
|-supereffective|p1a: Charizard
|-damage|p1a: Charizard|0 fnt
|faint|p1a: Charizard
|
|-weather|SunnyDay|[upkeep]
|-damage|p2a: Iron Valiant|82/100 brn|[from] brn
|upkeep
|c|☆jawnpilgrim|oops
|
|t:|1759050316
|switch|p1a: Venusaur|Venusaur, F|100/100
|turn|4
|
|t:|1759050324
|move|p2a: Iron Valiant|Close Combat|p1a: Venusaur
|-resisted|p1a: Venusaur
|-damage|p1a: Venusaur|40/100
|-unboost|p2a: Iron Valiant|def|1
|-unboost|p2a: Iron Valiant|spd|1
|move|p1a: Venusaur|Sludge Bomb|p2a: Iron Valiant
|-supereffective|p2a: Iron Valiant
|-damage|p2a: Iron Valiant|0 fnt
|faint|p2a: Iron Valiant
|-end|p2a: Iron Valiant|Quark Drive|[silent]
|-damage|p1a: Venusaur|30/100|[from] item: Life Orb
|
|-weather|SunnyDay|[upkeep]
|upkeep
|
|t:|1759050334
|switch|p2a: Heatran|Heatran, M, shiny|100/100
|-damage|p2a: Heatran|88/100|[from] Stealth Rock
|turn|5
|
|t:|1759050344
|switch|p1a: Walking Wake|Walking Wake|100/100
|-activate|p1a: Walking Wake|ability: Protosynthesis
|-start|p1a: Walking Wake|protosynthesisspa
|move|p2a: Heatran|Fire Blast|p1a: Walking Wake
|-resisted|p1a: Walking Wake
|-damage|p1a: Walking Wake|67/100
|-damage|p2a: Heatran|78/100|[from] item: Life Orb
|
|-weather|SunnyDay|[upkeep]
|upkeep
|turn|6
|
|t:|1759050360
|switch|p2a: Corviknight|Corviknight, M, shiny|100/100
|-damage|p2a: Corviknight|88/100|[from] Stealth Rock
|-ability|p2a: Corviknight|Pressure
|move|p1a: Walking Wake|Hydro Steam|p2a: Corviknight
|-damage|p2a: Corviknight|0 fnt
|faint|p2a: Corviknight
|
|-weather|SunnyDay|[upkeep]
|upkeep
|
|t:|1759050371
|switch|p2a: Hydreigon|Hydreigon, M, shiny|100/100
|-damage|p2a: Hydreigon|88/100|[from] Stealth Rock
|turn|7
|
|t:|1759050379
|-terastallize|p1a: Walking Wake|Fairy
|move|p1a: Walking Wake|Hydro Steam|p2a: Hydreigon
|-resisted|p2a: Hydreigon
|-damage|p2a: Hydreigon|56/100
|move|p2a: Hydreigon|Dark Pulse|p1a: Walking Wake
|-resisted|p1a: Walking Wake
|-damage|p1a: Walking Wake|44/100
|
|-weather|SunnyDay|[upkeep]
|upkeep
|turn|8
|
|t:|1759050390
|-end|p1a: Walking Wake|Protosynthesis|[silent]
|switch|p1a: Jirachi|Jirachi|100/100
|move|p2a: Hydreigon|Draco Meteor|p1a: Jirachi
|-resisted|p1a: Jirachi
|-damage|p1a: Jirachi|71/100
|-unboost|p2a: Hydreigon|spa|2
|
|-weather|none
|-heal|p1a: Jirachi|77/100|[from] item: Leftovers
|upkeep
|turn|9
|
|t:|1759050408
|switch|p2a: Heatran|Heatran, M, shiny|78/100
|-damage|p2a: Heatran|66/100|[from] Stealth Rock
|move|p1a: Jirachi|Sunny Day|p1a: Jirachi
|-weather|SunnyDay
|
|-weather|SunnyDay|[upkeep]
|-heal|p1a: Jirachi|83/100|[from] item: Leftovers
|upkeep
|turn|10
|
|t:|1759050416
|move|p2a: Heatran|Fire Blast|p1a: Jirachi|[miss]
|-miss|p2a: Heatran|p1a: Jirachi
|move|p1a: Jirachi|Wish|p1a: Jirachi
|
|-weather|SunnyDay|[upkeep]
|-heal|p1a: Jirachi|89/100|[from] item: Leftovers
|upkeep
|turn|11
|
|t:|1759050423
|move|p2a: Heatran|Fire Blast|p1a: Jirachi
|-supereffective|p1a: Jirachi
|-damage|p1a: Jirachi|0 fnt
|faint|p1a: Jirachi
|-damage|p2a: Heatran|56/100|[from] item: Life Orb
|
|-weather|SunnyDay|[upkeep]
|upkeep
|
|t:|1759050430
|switch|p1a: Walking Wake|Walking Wake, tera:Fairy|44/100
|-activate|p1a: Walking Wake|ability: Protosynthesis
|-start|p1a: Walking Wake|protosynthesisspa
|turn|12
|
|t:|1759050436
|move|p1a: Walking Wake|Hydro Steam|p2a: Heatran
|-supereffective|p2a: Heatran
|-damage|p2a: Heatran|0 fnt
|faint|p2a: Heatran
|
|-weather|SunnyDay|[upkeep]
|upkeep
|
|t:|1759050443
|switch|p2a: Hydreigon|Hydreigon, M, shiny|56/100
|-damage|p2a: Hydreigon|44/100|[from] Stealth Rock
|turn|13
|
|t:|1759050458
|-end|p1a: Walking Wake|Protosynthesis|[silent]
|switch|p1a: Torkoal|Torkoal, M|100/100
|move|p2a: Hydreigon|Rock Tomb|p1a: Torkoal|[miss]
|-miss|p2a: Hydreigon|p1a: Torkoal
|
|-weather|none
|upkeep
|turn|14
|
|t:|1759050469
|switch|p2a: Swampert|Swampert, M, shiny|100/100
|-damage|p2a: Swampert|94/100|[from] Stealth Rock
|move|p1a: Torkoal|Will-O-Wisp|p2a: Swampert
|-status|p2a: Swampert|brn
|
|-damage|p2a: Swampert|88/100 brn|[from] brn
|upkeep
|turn|15
|
|t:|1759050480
|switch|p1a: Altaria|Altaria, M|100/100
|move|p2a: Swampert|Flip Turn|p1a: Altaria
|-resisted|p1a: Altaria
|-damage|p1a: Altaria|95/100
|
|t:|1759050486
|switch|p2a: Hydreigon|Hydreigon, M, shiny|44/100|[from] Flip Turn
|-damage|p2a: Hydreigon|31/100|[from] Stealth Rock
|
|-heal|p1a: Altaria|100/100|[from] item: Leftovers
|upkeep
|turn|16
|
|t:|1759050500
|move|p2a: Hydreigon|Draco Meteor|p1a: Altaria
|-supereffective|p1a: Altaria
|-damage|p1a: Altaria|3/100
|-unboost|p2a: Hydreigon|spa|2
|move|p1a: Altaria|Tailwind|p1a: Altaria
|-sidestart|p1: jawnpilgrim|move: Tailwind
|
|-heal|p1a: Altaria|10/100|[from] item: Leftovers
|upkeep
|turn|17
|
|t:|1759050511
|move|p1a: Altaria|Roost|p1a: Altaria
|-heal|p1a: Altaria|60/100
|-singleturn|p1a: Altaria|move: Roost
|move|p2a: Hydreigon|Dark Pulse|p1a: Altaria
|-damage|p1a: Altaria|44/100
|
|-heal|p1a: Altaria|50/100|[from] item: Leftovers
|upkeep
|turn|18
|
|t:|1759050520
|move|p1a: Altaria|Dragon Claw|p2a: Hydreigon
|-supereffective|p2a: Hydreigon
|-damage|p2a: Hydreigon|0 fnt
|faint|p2a: Hydreigon
|
|-heal|p1a: Altaria|56/100|[from] item: Leftovers
|upkeep
|-message|salt546 forfeited.
|
|win|jawnpilgrim
|raw|jawnpilgrim's rating: 1089 &rarr; <strong>1115</strong><br />(+26 for winning)
|raw|salt546's rating: 1084 &rarr; <strong>1062</strong><br />(-22 for losing)
|l|☆salt546
|player|p2|
|l|☆jawnpilgrim
|player|p1|
