|j|☆SnomTheSnakeLover
|j|☆byuself
|t:|1758950864
|gametype|singles
|player|p1|SnomTheSnakeLover|steven|1480
|player|p2|byuself|2|1508
|gen|9
|tier|[Gen 9] OU
|rated|
|rule|HP Percentage Mod: HP is shown in percentages
|rule|Endless Battle Clause: Forcing endless battles is banned
|rule|Species Clause: Limit one of each Pokémon
|rule|OHKO Clause: OHKO moves are banned
|rule|Evasion Items Clause: Evasion items are banned
|rule|Evasion Moves Clause: Evasion moves are banned
|rule|Evasion Abilities Clause: Evasion abilities are banned
|rule|Sleep Moves Clause: Sleep-inducing moves are banned
|clearpoke
|poke|p1|Mamoswine, F|
|poke|p1|Raging Bolt|
|poke|p1|Iron Valiant|
|poke|p1|Landorus-Therian, M|
|poke|p1|Kingambit, F|
|poke|p1|Ceruledge, F|
|poke|p2|Ursaluna, F|
|poke|p2|Rillaboom, M|
|poke|p2|Gholdengo|
|poke|p2|Dragapult, M|
|poke|p2|Weezing-Galar, F|
|poke|p2|Zamazenta-*|
|teampreview
|inactive|Battle timer is ON: inactive players will automatically lose when time's up. (requested by SnomTheSnakeLover)
|
|t:|1758950874
|teamsize|p1|6
|teamsize|p2|6
|start
|switch|p1a: Landorus|Landorus-Therian, M|100/100
|switch|p2a: Rillaboom|Rillaboom, M|100/100
|-ability|p1a: Landorus|Intimidate|boost
|-unboost|p2a: Rillaboom|atk|1
|-fieldstart|move: Grassy Terrain|[from] ability: Grassy Surge|[of] p2a: Rillaboom
|turn|1
|
|t:|1758950891
|switch|p2a: Weezing|Weezing-Galar, F|100/100
|-ability|p2a: Weezing|Neutralizing Gas
|move|p1a: Landorus|U-turn|p2a: Weezing
|-resisted|p2a: Weezing
|-damage|p2a: Weezing|96/100
|inactive|SnomTheSnakeLover has 120 seconds left.
|
|t:|1758950918
|switch|p1a: Kingambit|Kingambit, F|100/100|[from] U-turn
|
|-heal|p2a: Weezing|100/100|[from] Grassy Terrain
|upkeep
|turn|2
|inactive|SnomTheSnakeLover has 120 seconds left.
|
|t:|1758950924
|move|p1a: Kingambit|Swords Dance|p1a: Kingambit
|-boost|p1a: Kingambit|atk|2
|move|p2a: Weezing|Will-O-Wisp|p1a: Kingambit|[miss]
|-miss|p2a: Weezing|p1a: Kingambit
|
|upkeep
|turn|3
|
|t:|1758950930
|move|p1a: Kingambit|Iron Head|p2a: Weezing
|-supereffective|p2a: Weezing
|-crit|p2a: Weezing
|-damage|p2a: Weezing|0 fnt
|faint|p2a: Weezing
|-end|p2a: Weezing|ability: Neutralizing Gas
|
|upkeep
|
|t:|1758950936
|switch|p2a: Zamazenta|Zamazenta|100/100
|-ability|p2a: Zamazenta|Dauntless Shield|boost
|-boost|p2a: Zamazenta|def|1
|turn|4
|
|t:|1758950942
|-end|p1a: Kingambit|fallenundefined|[silent]
|switch|p1a: Iron Valiant|Iron Valiant|100/100
|-enditem|p1a: Iron Valiant|Booster Energy
|-activate|p1a: Iron Valiant|ability: Quark Drive|[fromitem]
|-start|p1a: Iron Valiant|quarkdrivespe
|move|p2a: Zamazenta|Iron Defense|p2a: Zamazenta
|-boost|p2a: Zamazenta|def|2
|
|upkeep
|turn|5
|
|t:|1758950953
|switch|p2a: Ursaluna|Ursaluna, F|100/100
|move|p1a: Iron Valiant|Calm Mind|p1a: Iron Valiant
|-boost|p1a: Iron Valiant|spa|1
|-boost|p1a: Iron Valiant|spd|1
|
|upkeep
|turn|6
|
|t:|1758950961
|move|p1a: Iron Valiant|Moonblast|p2a: Ursaluna
|-damage|p2a: Ursaluna|56/100
|move|p2a: Ursaluna|Body Slam|p1a: Iron Valiant
|-damage|p1a: Iron Valiant|45/100
|
|-heal|p1a: Iron Valiant|52/100|[from] Grassy Terrain
|-heal|p2a: Ursaluna|62/100|[from] Grassy Terrain
|-heal|p2a: Ursaluna|68/100|[from] item: Leftovers
|upkeep
|turn|7
|
|t:|1758950977
|-terastallize|p1a: Iron Valiant|Steel
|move|p2a: Ursaluna|Protect|p2a: Ursaluna
|-singleturn|p2a: Ursaluna|Protect
|move|p1a: Iron Valiant|Encore|p2a: Ursaluna
|-activate|p2a: Ursaluna|move: Protect
|
|-heal|p1a: Iron Valiant|58/100|[from] Grassy Terrain
|-heal|p2a: Ursaluna|75/100|[from] Grassy Terrain
|-heal|p2a: Ursaluna|81/100|[from] item: Leftovers
|upkeep
|turn|8
|
|t:|1758950988
|move|p1a: Iron Valiant|Encore|p2a: Ursaluna
|-start|p2a: Ursaluna|Encore
|move|p2a: Ursaluna|Protect||[still]
|-fail|p2a: Ursaluna
|
|-heal|p1a: Iron Valiant|64/100|[from] Grassy Terrain
|-heal|p2a: Ursaluna|87/100|[from] Grassy Terrain
|-heal|p2a: Ursaluna|93/100|[from] item: Leftovers
|-fieldend|move: Grassy Terrain
|upkeep
|turn|9
|
|t:|1758950999
|switch|p2a: Zamazenta|Zamazenta|100/100
|move|p1a: Iron Valiant|Calm Mind|p1a: Iron Valiant
|-boost|p1a: Iron Valiant|spa|1
|-boost|p1a: Iron Valiant|spd|1
|
|upkeep
|turn|10
|
|t:|1758951005
|-terastallize|p2a: Zamazenta|Fire
|move|p1a: Iron Valiant|Moonblast|p2a: Zamazenta
|-resisted|p2a: Zamazenta
|-damage|p2a: Zamazenta|65/100
|-unboost|p2a: Zamazenta|spa|1
|move|p2a: Zamazenta|Body Press|p1a: Iron Valiant
|-supereffective|p1a: Iron Valiant
|-crit|p1a: Iron Valiant
|-damage|p1a: Iron Valiant|0 fnt
|faint|p1a: Iron Valiant
|-end|p1a: Iron Valiant|Quark Drive|[silent]
|
|-heal|p2a: Zamazenta|71/100|[from] item: Leftovers
|upkeep
|
|t:|1758951019
|switch|p1a: Mamoswine|Mamoswine, F|100/100
|turn|11
|
|t:|1758951025
|move|p2a: Zamazenta|Body Press|p1a: Mamoswine
|-supereffective|p1a: Mamoswine
|-damage|p1a: Mamoswine|29/100
|move|p1a: Mamoswine|Trailblaze|p2a: Zamazenta
|-resisted|p2a: Zamazenta
|-damage|p2a: Zamazenta|63/100
|-boost|p1a: Mamoswine|spe|1
|-damage|p1a: Mamoswine|19/100|[from] item: Life Orb
|
|-heal|p2a: Zamazenta|69/100|[from] item: Leftovers
|upkeep
|turn|12
|
|t:|1758951037
|switch|p2a: Rillaboom|Rillaboom, M|100/100
|-fieldstart|move: Grassy Terrain|[from] ability: Grassy Surge|[of] p2a: Rillaboom
|move|p1a: Mamoswine|Earthquake|p2a: Rillaboom
|-resisted|p2a: Rillaboom
|-damage|p2a: Rillaboom|83/100
|-damage|p1a: Mamoswine|9/100|[from] item: Life Orb
|
|-heal|p1a: Mamoswine|15/100|[from] Grassy Terrain
|-heal|p2a: Rillaboom|90/100|[from] Grassy Terrain
|upkeep
|turn|13
|
|t:|1758951050
|switch|p1a: Landorus|Landorus-Therian, M|100/100
|-ability|p1a: Landorus|Intimidate|boost
|-unboost|p2a: Rillaboom|atk|1
|move|p2a: Rillaboom|Grassy Glide|p1a: Landorus
|-damage|p1a: Landorus|78/100
|-damage|p2a: Rillaboom|73/100|[from] item: Rocky Helmet|[of] p1a: Landorus
|
|-heal|p2a: Rillaboom|79/100|[from] Grassy Terrain
|upkeep
|turn|14
|
|t:|1758951061
|switch|p2a: Ursaluna|Ursaluna, F|93/100
|move|p1a: Landorus|U-turn|p2a: Ursaluna
|-damage|p2a: Ursaluna|76/100
|
|t:|1758951066
|switch|p1a: Ceruledge|Ceruledge, F|100/100|[from] U-turn
|
|-heal|p2a: Ursaluna|82/100|[from] Grassy Terrain
|-heal|p2a: Ursaluna|88/100|[from] item: Leftovers
|upkeep
|turn|15
|
|t:|1758951074
|switch|p2a: Dragapult|Dragapult, M|100/100
|move|p1a: Ceruledge|Swords Dance|p1a: Ceruledge
|-boost|p1a: Ceruledge|atk|2
|
|upkeep
|turn|16
|
|t:|1758951081
|move|p2a: Dragapult|Thunder Wave|p1a: Ceruledge
|-status|p1a: Ceruledge|par
|move|p1a: Ceruledge|Swords Dance|p1a: Ceruledge
|-boost|p1a: Ceruledge|atk|2
|
|upkeep
|turn|17
|
|t:|1758951089
|switch|p2a: Zamazenta|Zamazenta, tera:Fire|69/100
|move|p1a: Ceruledge|Swords Dance|p1a: Ceruledge
|-boost|p1a: Ceruledge|atk|2
|
|-heal|p2a: Zamazenta|75/100|[from] Grassy Terrain
|-heal|p2a: Zamazenta|81/100|[from] item: Leftovers
|upkeep
|turn|18
|
|t:|1758951099
|move|p2a: Zamazenta|Crunch|p1a: Ceruledge
|-supereffective|p1a: Ceruledge
|-crit|p1a: Ceruledge
|-damage|p1a: Ceruledge|2/100 par
|-unboost|p1a: Ceruledge|def|1
|-ability|p1a: Ceruledge|Weak Armor|boost
|-unboost|p1a: Ceruledge|def|1
|-boost|p1a: Ceruledge|spe|2
|cant|p1a: Ceruledge|par
|
|-heal|p2a: Zamazenta|88/100|[from] Grassy Terrain
|-heal|p2a: Zamazenta|94/100|[from] item: Leftovers
|-heal|p1a: Ceruledge|8/100 par|[from] Grassy Terrain
|upkeep
|turn|19
|
|t:|1758951113
|move|p2a: Zamazenta|Crunch|p1a: Ceruledge
|-supereffective|p1a: Ceruledge
|-damage|p1a: Ceruledge|0 fnt
|faint|p1a: Ceruledge
|
|-heal|p2a: Zamazenta|99/100|[from] Grassy Terrain
|-heal|p2a: Zamazenta|100/100|[from] item: Leftovers
|-fieldend|move: Grassy Terrain
|upkeep
|-message|SnomTheSnakeLover forfeited.
|
|win|byuself
|raw|SnomTheSnakeLover's rating: 1480 &rarr; <strong>1462</strong><br />(-18 for losing)
|raw|byuself's rating: 1508 &rarr; <strong>1526</strong><br />(+18 for winning)
|l|☆SnomTheSnakeLover
|player|p1|
|l|☆byuself
|player|p2|
