|j|☆thraxxedout!
|j|☆3GearsTurning
|t:|1759035374
|gametype|singles
|player|p1|thraxxedout!|169|1386
|player|p2|3GearsTurning|cyclist|1440
|gen|9
|tier|[Gen 9] OU
|rated|
|rule|HP Percentage Mod: HP is shown in percentages
|rule|Endless Battle Clause: Forcing endless battles is banned
|rule|Species Clause: Limit one of each Pokémon
|rule|OHKO Clause: OHKO moves are banned
|rule|Evasion Items Clause: Evasion items are banned
|rule|Evasion Moves Clause: Evasion moves are banned
|rule|Evasion Abilities Clause: Evasion abilities are banned
|rule|Sleep Moves Clause: Sleep-inducing moves are banned
|clearpoke
|poke|p1|Ting-Lu|
|poke|p1|Metagross|
|poke|p1|Weezing-Galar, M|
|poke|p1|Kommo-o, F|
|poke|p1|Araquanid, M|
|poke|p1|Brambleghast, F|
|poke|p2|Rillaboom, M|
|poke|p2|Okidogi, M|
|poke|p2|Zamazenta-*|
|poke|p2|Iron Treads|
|poke|p2|Clefable, F|
|poke|p2|Walking Wake|
|teampreview
|
|t:|1759035407
|teamsize|p1|6
|teamsize|p2|6
|start
|switch|p1a: Mob 🤖|Metagross|100/100
|switch|p2a: Okidogi|Okidogi, M|100/100
|turn|1
|inactive|Battle timer is ON: inactive players will automatically lose when time's up. (requested by thraxxedout!)
|
|t:|1759035440
|switch|p2a: Walking Wake|Walking Wake|100/100
|move|p1a: Mob 🤖|Knock Off|p2a: Walking Wake
|-damage|p2a: Walking Wake|49/100
|-enditem|p2a: Walking Wake|Choice Specs|[from] move: Knock Off|[of] p1a: Mob 🤖
|-damage|p1a: Mob 🤖|91/100|[from] item: Life Orb
|
|upkeep
|turn|2
|
|t:|1759035453
|switch|p1a: Dover 🎣|Araquanid, M|100/100
|move|p2a: Walking Wake|Surf|p1a: Dover 🎣
|-resisted|p1a: Dover 🎣
|-crit|p1a: Dover 🎣
|-damage|p1a: Dover 🎣|72/100
|
|upkeep
|turn|3
|
|t:|1759035458
|move|p2a: Walking Wake|Flip Turn|p1a: Dover 🎣
|-resisted|p1a: Dover 🎣
|-damage|p1a: Dover 🎣|64/100
|
|t:|1759035462
|-end|p2a: Walking Wake|Protosynthesis|[silent]
|switch|p2a: Okidogi|Okidogi, M|100/100|[from] Flip Turn
|move|p1a: Dover 🎣|Lunge|p2a: Okidogi
|-resisted|p2a: Okidogi
|-damage|p2a: Okidogi|94/100
|-unboost|p2a: Okidogi|atk|1
|
|-heal|p2a: Okidogi|99/100|[from] item: Leftovers
|upkeep
|turn|4
|
|t:|1759035471
|switch|p1a: Moon Boy 🌖|Weezing-Galar, M|100/100
|move|p2a: Okidogi|Bulk Up|p2a: Okidogi
|-boost|p2a: Okidogi|atk|1
|-boost|p2a: Okidogi|def|1
|
|-heal|p2a: Okidogi|100/100|[from] item: Leftovers
|upkeep
|turn|5
|
|t:|1759035482
|-terastallize|p2a: Okidogi|Fire
|move|p2a: Okidogi|Bulk Up|p2a: Okidogi
|-boost|p2a: Okidogi|atk|1
|-boost|p2a: Okidogi|def|1
|move|p1a: Moon Boy 🌖|Will-O-Wisp|p2a: Okidogi
|-immune|p2a: Okidogi
|
|upkeep
|turn|6
|
|t:|1759035499
|switch|p1a: Mai-Tai 🥡|Ting-Lu|100/100
|-ability|p1a: Mai-Tai 🥡|Vessel of Ruin
|move|p2a: Okidogi|Bulk Up|p2a: Okidogi
|-boost|p2a: Okidogi|atk|1
|-boost|p2a: Okidogi|def|1
|
|upkeep
|turn|7
|
|t:|1759035506
|move|p2a: Okidogi|Drain Punch|p1a: Mai-Tai 🥡
|-supereffective|p1a: Mai-Tai 🥡
|-damage|p1a: Mai-Tai 🥡|27/100
|move|p1a: Mai-Tai 🥡|Whirlwind|p2a: Okidogi
|drag|p2a: Zamazenta|Zamazenta|100/100
|-ability|p2a: Zamazenta|Dauntless Shield|boost
|-boost|p2a: Zamazenta|def|1
|
|-heal|p1a: Mai-Tai 🥡|33/100|[from] item: Leftovers
|upkeep
|turn|8
|
|t:|1759035516
|switch|p1a: Jewel 🍃|Brambleghast, F|100/100
|move|p2a: Zamazenta|Body Press|p1a: Jewel 🍃
|-immune|p1a: Jewel 🍃
|
|upkeep
|turn|9
|
|t:|1759035525
|switch|p2a: Okidogi|Okidogi, M, tera:Fire|100/100
|move|p1a: Jewel 🍃|Leech Seed|p2a: Okidogi
|-start|p2a: Okidogi|move: Leech Seed
|
|-damage|p2a: Okidogi|88/100|[from] Leech Seed|[of] p1a: Jewel 🍃
|upkeep
|turn|10
|
|t:|1759035534
|move|p1a: Jewel 🍃|Strength Sap|p2a: Okidogi
|-unboost|p2a: Okidogi|atk|1
|move|p2a: Okidogi|Knock Off|p1a: Jewel 🍃
|-supereffective|p1a: Jewel 🍃
|-damage|p1a: Jewel 🍃|43/100
|-enditem|p1a: Jewel 🍃|Heavy-Duty Boots|[from] move: Knock Off|[of] p2a: Okidogi
|
|-heal|p2a: Okidogi|94/100|[from] item: Leftovers
|-damage|p2a: Okidogi|82/100|[from] Leech Seed|[of] p1a: Jewel 🍃
|-heal|p1a: Jewel 🍃|58/100|[silent]
|upkeep
|turn|11
|
|t:|1759035556
|switch|p2a: Walking Wake|Walking Wake|49/100
|move|p1a: Jewel 🍃|Strength Sap|p2a: Walking Wake
|-unboost|p2a: Walking Wake|atk|1
|-heal|p1a: Jewel 🍃|100/100
|
|upkeep
|turn|12
|
|t:|1759035572
|move|p2a: Walking Wake|Flamethrower|p1a: Jewel 🍃
|-supereffective|p1a: Jewel 🍃
|-damage|p1a: Jewel 🍃|19/100
|move|p1a: Jewel 🍃|Rapid Spin|p2a: Walking Wake
|-damage|p2a: Walking Wake|35/100
|-boost|p1a: Jewel 🍃|spe|1
|
|upkeep
|turn|13
|
|t:|1759035585
|switch|p1a: Dover 🎣|Araquanid, M|64/100
|move|p2a: Walking Wake|Flamethrower|p1a: Dover 🎣
|-damage|p1a: Dover 🎣|51/100
|
|upkeep
|turn|14
|
|t:|1759035611
|move|p2a: Walking Wake|Flip Turn|p1a: Dover 🎣
|-resisted|p1a: Dover 🎣
|-damage|p1a: Dover 🎣|46/100
|inactive|3GearsTurning has 120 seconds left.
|
|t:|1759035635
|-end|p2a: Walking Wake|Protosynthesis|[silent]
|switch|p2a: Clefable|Clefable, F|100/100|[from] Flip Turn
|move|p1a: Dover 🎣|Liquidation|p2a: Clefable
|-damage|p2a: Clefable|51/100
|-unboost|p2a: Clefable|def|1
|
|-heal|p2a: Clefable|57/100|[from] item: Leftovers
|upkeep
|turn|15
|
|t:|1759035645
|move|p2a: Clefable|Thunder Wave|p1a: Dover 🎣
|-status|p1a: Dover 🎣|par
|move|p1a: Dover 🎣|Sticky Web|p2a: Clefable
|-sidestart|p2: 3GearsTurning|move: Sticky Web
|
|-heal|p2a: Clefable|63/100|[from] item: Leftovers
|upkeep
|turn|16
|inactive|3GearsTurning has 120 seconds left.
|
|t:|1759035658
|move|p2a: Clefable|Moonblast|p1a: Dover 🎣
|-damage|p1a: Dover 🎣|20/100 par
|-unboost|p1a: Dover 🎣|spa|1
|move|p1a: Dover 🎣|Liquidation|p2a: Clefable
|-damage|p2a: Clefable|0 fnt
|faint|p2a: Clefable
|
|upkeep
|inactive|3GearsTurning has 90 seconds left.
|
|t:|1759035693
|switch|p2a: Iron Treads|Iron Treads|100/100
|-activate|p2a: Iron Treads|move: Sticky Web
|-unboost|p2a: Iron Treads|spe|1
|turn|17
|-enditem|p1a: Dover 🎣|Custap Berry|[eat]
|-activate|p1a: Dover 🎣|item: Custap Berry|[consumed]
|
|t:|1759035702
|move|p1a: Dover 🎣|Liquidation|p2a: Iron Treads
|-supereffective|p2a: Iron Treads
|-damage|p2a: Iron Treads|4/100
|move|p2a: Iron Treads|Rapid Spin|p1a: Dover 🎣
|-damage|p1a: Dover 🎣|8/100 par
|-boost|p2a: Iron Treads|spe|1
|-sideend|p2: 3GearsTurning|Sticky Web|[from] move: Rapid Spin|[of] p2a: Iron Treads
|
|-heal|p2a: Iron Treads|10/100|[from] item: Leftovers
|upkeep
|turn|18
|
|t:|1759035714
|switch|p1a: Moon Boy 🌖|Weezing-Galar, M|100/100
|move|p2a: Iron Treads|High Horsepower|p1a: Moon Boy 🌖
|-immune|p1a: Moon Boy 🌖|[from] ability: Levitate
|
|-heal|p2a: Iron Treads|16/100|[from] item: Leftovers
|upkeep
|turn|19
|
|t:|1759035734
|move|p2a: Iron Treads|Stealth Rock|p1a: Moon Boy 🌖
|-sidestart|p1: thraxxedout!|move: Stealth Rock
|move|p1a: Moon Boy 🌖|Overheat|p2a: Iron Treads
|-supereffective|p2a: Iron Treads
|-damage|p2a: Iron Treads|0 fnt
|-unboost|p1a: Moon Boy 🌖|spa|2
|faint|p2a: Iron Treads
|-end|p2a: Iron Treads|Quark Drive|[silent]
|
|upkeep
|
|t:|1759035739
|switch|p2a: Okidogi|Okidogi, M, tera:Fire|82/100
|turn|20
|
|t:|1759035752
|switch|p1a: Dover 🎣|Araquanid, M|8/100 par
|-damage|p1a: Dover 🎣|0 fnt|[from] Stealth Rock
|faint|p1a: Dover 🎣
|move|p2a: Okidogi|Knock Off|p1: Dover 🎣|[notarget]
|-fail|p2a: Okidogi
|
|-heal|p2a: Okidogi|88/100|[from] item: Leftovers
|upkeep
|
|t:|1759035769
|switch|p1a: Jewel 🍃|Brambleghast, F|19/100
|-damage|p1a: Jewel 🍃|7/100|[from] Stealth Rock
|turn|21
|inactive|thraxxedout! has 120 seconds left.
|
|t:|1759035809
|move|p1a: Jewel 🍃|Strength Sap|p2a: Okidogi
|-unboost|p2a: Okidogi|atk|1
|-heal|p1a: Jewel 🍃|100/100
|move|p2a: Okidogi|Gunk Shot|p1a: Jewel 🍃
|-damage|p1a: Jewel 🍃|45/100
|-status|p1a: Jewel 🍃|psn
|
|-heal|p2a: Okidogi|94/100|[from] item: Leftovers
|-damage|p1a: Jewel 🍃|32/100 psn|[from] psn
|upkeep
|turn|22
|
|t:|1759035824
|switch|p2a: Walking Wake|Walking Wake|35/100
|move|p1a: Jewel 🍃|Strength Sap|p2a: Walking Wake
|-unboost|p2a: Walking Wake|atk|1
|-heal|p1a: Jewel 🍃|90/100 psn
|
|-damage|p1a: Jewel 🍃|78/100 psn|[from] psn
|upkeep
|turn|23
|
|t:|1759035838
|move|p2a: Walking Wake|Flamethrower|p1a: Jewel 🍃
|-supereffective|p1a: Jewel 🍃
|-damage|p1a: Jewel 🍃|0 fnt
|faint|p1a: Jewel 🍃
|
|upkeep
|
|t:|1759035843
|switch|p1a: Mob 🤖|Metagross|91/100
|-damage|p1a: Mob 🤖|85/100|[from] Stealth Rock
|turn|24
|
|t:|1759035862
|move|p2a: Walking Wake|Surf|p1a: Mob 🤖
|-damage|p1a: Mob 🤖|39/100
|move|p1a: Mob 🤖|Hammer Arm|p2a: Walking Wake
|-damage|p2a: Walking Wake|0 fnt
|-unboost|p1a: Mob 🤖|spe|1
|faint|p2a: Walking Wake
|-end|p2a: Walking Wake|Protosynthesis|[silent]
|-damage|p1a: Mob 🤖|29/100|[from] item: Life Orb
|
|upkeep
|
|t:|1759035871
|switch|p2a: Okidogi|Okidogi, M, tera:Fire|94/100
|turn|25
|inactive|thraxxedout! has 120 seconds left.
|
|t:|1759035881
|switch|p1a: Mai-Tai 🥡|Ting-Lu|33/100
|-damage|p1a: Mai-Tai 🥡|27/100|[from] Stealth Rock
|-ability|p1a: Mai-Tai 🥡|Vessel of Ruin
|move|p2a: Okidogi|Knock Off|p1a: Mai-Tai 🥡
|-resisted|p1a: Mai-Tai 🥡
|-damage|p1a: Mai-Tai 🥡|18/100
|-enditem|p1a: Mai-Tai 🥡|Leftovers|[from] move: Knock Off|[of] p2a: Okidogi
|
|-heal|p2a: Okidogi|99/100|[from] item: Leftovers
|upkeep
|turn|26
|
|t:|1759035897
|move|p2a: Okidogi|Bulk Up|p2a: Okidogi
|-boost|p2a: Okidogi|atk|1
|-boost|p2a: Okidogi|def|1
|move|p1a: Mai-Tai 🥡|Whirlwind|p2a: Okidogi
|drag|p2a: Zamazenta|Zamazenta|100/100
|
|upkeep
|turn|27
|
|t:|1759035909
|move|p2a: Zamazenta|Body Press|p1a: Mai-Tai 🥡
|-supereffective|p1a: Mai-Tai 🥡
|-damage|p1a: Mai-Tai 🥡|0 fnt
|faint|p1a: Mai-Tai 🥡
|
|upkeep
|
|t:|1759035917
|switch|p1a: Moon Boy 🌖|Weezing-Galar, M|100/100
|-damage|p1a: Moon Boy 🌖|88/100|[from] Stealth Rock
|turn|28
|inactive|thraxxedout! has 120 seconds left.
|l|☆thraxxedout!
|inactive|thraxxedout! disconnected and has a minute to reconnect!
|player|p1|
|inactive|thraxxedout! has 30 seconds to reconnect!
|inactive|thraxxedout! has 20 seconds to reconnect!
|inactive|thraxxedout! has 15 seconds to reconnect!
|inactive|thraxxedout! has 10 seconds to reconnect!
|inactive|thraxxedout! has 5 seconds to reconnect!
|-message|thraxxedout! lost due to inactivity.
|
|win|3GearsTurning
|raw|thraxxedout!'s rating: 1386 &rarr; <strong>1369</strong><br />(-17 for losing)
|raw|3GearsTurning's rating: 1440 &rarr; <strong>1457</strong><br />(+17 for winning)
|l|☆3GearsTurning
|player|p2|
