|j|☆capitolg
|j|☆tangobaby
|t:|1758969043
|gametype|singles
|player|p1|capitolg|bellelba|1128
|player|p2|tangobaby|backersf|1110
|gen|9
|tier|[Gen 9] OU
|rated|
|rule|HP Percentage Mod: HP is shown in percentages
|rule|Endless Battle Clause: Forcing endless battles is banned
|rule|Species Clause: Limit one of each Pokémon
|rule|OHKO Clause: OHKO moves are banned
|rule|Evasion Items Clause: Evasion items are banned
|rule|Evasion Moves Clause: Evasion moves are banned
|rule|Evasion Abilities Clause: Evasion abilities are banned
|rule|Sleep Moves Clause: Sleep-inducing moves are banned
|clearpoke
|poke|p1|Masquerain, M|
|poke|p1|Articuno-Galar|
|poke|p1|Smeargle, F|
|poke|p1|Empoleon, M|
|poke|p1|Passimian, M|
|poke|p1|Chandelure, M|
|poke|p2|Gliscor, M|
|poke|p2|Dragapult, F|
|poke|p2|Kingambit, F|
|poke|p2|Great Tusk|
|poke|p2|Slowking-Galar, M|
|poke|p2|Kyurem|
|teampreview
|
|t:|1758969067
|teamsize|p1|6
|teamsize|p2|6
|start
|switch|p1a: Masquerain|Masquerain, M|100/100
|switch|p2a: Dragapult|Dragapult, F|100/100
|-ability|p1a: Masquerain|Intimidate|boost
|-unboost|p2a: Dragapult|atk|1
|turn|1
|
|t:|1758969076
|move|p2a: Dragapult|Flamethrower|p1a: Masquerain
|-supereffective|p1a: Masquerain
|-damage|p1a: Masquerain|12/100
|move|p1a: Masquerain|Sticky Web|p2a: Dragapult
|-sidestart|p2: tangobaby|move: Sticky Web
|
|upkeep
|turn|2
|
|t:|1758969081
|move|p2a: Dragapult|Flamethrower|p1a: Masquerain
|-supereffective|p1a: Masquerain
|-damage|p1a: Masquerain|0 fnt
|faint|p1a: Masquerain
|
|upkeep
|
|t:|1758969084
|switch|p1a: Smeargle|Smeargle, F|100/100
|turn|3
|
|t:|1758969091
|move|p2a: Dragapult|Flamethrower|p1a: Smeargle
|-damage|p1a: Smeargle|54/100
|-status|p1a: Smeargle|brn
|move|p1a: Smeargle|Trick Room|p1a: Smeargle
|-fieldstart|move: Trick Room|[of] p1a: Smeargle
|
|-damage|p1a: Smeargle|48/100 brn|[from] brn
|upkeep
|turn|4
|
|t:|1758969098
|move|p1a: Smeargle|Court Change|p1a: Smeargle
|-swapsideconditions
|-activate|p1a: Smeargle|move: Court Change
|move|p2a: Dragapult|Flamethrower|p1a: Smeargle
|-damage|p1a: Smeargle|0 fnt
|faint|p1a: Smeargle
|
|upkeep
|
|t:|1758969102
|switch|p1a: Empoleon|Empoleon, M|100/100
|-activate|p1a: Empoleon|move: Sticky Web
|-unboost|p1a: Empoleon|spe|1
|-ability|p1a: Empoleon|Competitive|boost
|-boost|p1a: Empoleon|spa|2
|turn|5
|
|t:|1758969119
|switch|p2a: Slowking|Slowking-Galar, M|100/100
|move|p1a: Empoleon|Ice Beam|p2a: Slowking
|-damage|p2a: Slowking|63/100
|
|upkeep
|turn|6
|
|t:|1758969134
|-prepare|p2a: Slowking|Chilly Reception|[premajor]
|move|p2a: Slowking|Chilly Reception|p2a: Slowking
|-weather|Snowscape
|
|t:|1758969139
|switch|p2a: Kyurem|Kyurem|100/100|[from] Chilly Reception
|-ability|p2a: Kyurem|Pressure
|move|p1a: Empoleon|Surf|p2a: Kyurem
|-resisted|p2a: Kyurem
|-damage|p2a: Kyurem|58/100
|
|-weather|Snowscape|[upkeep]
|upkeep
|turn|7
|
|t:|1758969165
|switch|p1a: Chandelure|Chandelure, M|100/100
|-activate|p1a: Chandelure|move: Sticky Web
|-unboost|p1a: Chandelure|spe|1
|switch|p2a: Slowking|Slowking-Galar, M|96/100
|
|-weather|Snowscape|[upkeep]
|-fieldend|move: Trick Room
|upkeep
|turn|8
|
|t:|1758969176
|move|p1a: Chandelure|Shadow Ball|p2a: Slowking
|-supereffective|p2a: Slowking
|-damage|p2a: Slowking|35/100
|move|p2a: Slowking|Future Sight|p1a: Chandelure
|-start|p2a: Slowking|move: Future Sight
|
|-weather|Snowscape|[upkeep]
|upkeep
|turn|9
|
|t:|1758969191
|switch|p2a: Gliscor|Gliscor, M|100/100
|move|p1a: Chandelure|Shadow Ball|p2a: Gliscor
|-damage|p2a: Gliscor|40/100
|-unboost|p2a: Gliscor|spd|1
|
|-weather|Snowscape|[upkeep]
|-status|p2a: Gliscor|tox|[from] item: Toxic Orb
|upkeep
|turn|10
|
|t:|1758969200
|move|p2a: Gliscor|Protect|p2a: Gliscor
|-singleturn|p2a: Gliscor|Protect
|move|p1a: Chandelure|Shadow Ball|p2a: Gliscor
|-activate|p2a: Gliscor|move: Protect
|
|-weather|none
|-end|p1a: Chandelure|move: Future Sight
|-damage|p1a: Chandelure|51/100
|-heal|p2a: Gliscor|52/100 tox|[from] ability: Poison Heal
|upkeep
|turn|11
|
|t:|1758969237
|switch|p2a: Kingambit|Kingambit, F|100/100
|move|p1a: Chandelure|Shadow Ball|p2a: Kingambit
|-resisted|p2a: Kingambit
|-damage|p2a: Kingambit|74/100
|
|upkeep
|turn|12
|inactive|Battle timer is ON: inactive players will automatically lose when time's up. (requested by tangobaby)
|inactive|capitolg has 120 seconds left.
|inactive|capitolg has 90 seconds left.
|
|t:|1758969353
|move|p2a: Kingambit|Swords Dance|p2a: Kingambit
|-boost|p2a: Kingambit|atk|2
|move|p1a: Chandelure|Flamethrower|p2a: Kingambit
|-supereffective|p2a: Kingambit
|-damage|p2a: Kingambit|0 fnt
|faint|p2a: Kingambit
|-end|p2a: Kingambit|fallenundefined|[silent]
|
|upkeep
|
|t:|1758969374
|switch|p2a: Dragapult|Dragapult, F|100/100
|turn|13
|
|t:|1758969381
|move|p2a: Dragapult|Draco Meteor|p1a: Chandelure
|-damage|p1a: Chandelure|0 fnt
|-unboost|p2a: Dragapult|spa|2
|faint|p1a: Chandelure
|
|upkeep
|
|t:|1758969387
|switch|p1a: Articuno|Articuno-Galar|100/100
|-activate|p1a: Articuno|move: Sticky Web
|-unboost|p1a: Articuno|spe|1
|-ability|p1a: Articuno|Competitive|boost
|-boost|p1a: Articuno|spa|2
|turn|14
|
|t:|1758969413
|switch|p2a: Kyurem|Kyurem|58/100
|-ability|p2a: Kyurem|Pressure
|move|p1a: Articuno|Trick Room|p1a: Articuno
|-fieldstart|move: Trick Room|[of] p1a: Articuno
|
|upkeep
|turn|15
|inactive|tangobaby has 120 seconds left.
|
|t:|1758969442
|-terastallize|p1a: Articuno|Fighting
|move|p1a: Articuno|Tera Blast|p2a: Kyurem|[anim] Tera Blast Fighting
|-supereffective|p2a: Kyurem
|-damage|p2a: Kyurem|0 fnt
|faint|p2a: Kyurem
|
|upkeep
|
|t:|1758969451
|switch|p2a: Dragapult|Dragapult, F|100/100
|turn|16
|inactive|capitolg has 120 seconds left.
|
|t:|1758969493
|move|p1a: Articuno|Shadow Ball|p2a: Dragapult
|-supereffective|p2a: Dragapult
|-damage|p2a: Dragapult|0 fnt
|faint|p2a: Dragapult
|
|upkeep
|inactive|tangobaby has 90 seconds left.
|inactive|tangobaby has 60 seconds left.
|
|t:|1758969565
|switch|p2a: Great Tusk|Great Tusk|100/100
|turn|17
|inactive|capitolg has 120 seconds left.
|
|t:|1758969576
|move|p1a: Articuno|Freezing Glare|p2a: Great Tusk
|-supereffective|p2a: Great Tusk
|-damage|p2a: Great Tusk|0 fnt
|faint|p2a: Great Tusk
|-end|p2a: Great Tusk|Protosynthesis|[silent]
|
|upkeep
|
|t:|1758969583
|switch|p2a: Slowking|Slowking-Galar, M|68/100
|turn|18
|
|t:|1758969588
|move|p2a: Slowking|Future Sight|p1a: Articuno
|-start|p2a: Slowking|move: Future Sight
|move|p1a: Articuno|Shadow Ball|p2a: Slowking
|-supereffective|p2a: Slowking
|-damage|p2a: Slowking|0 fnt
|faint|p2a: Slowking
|
|-fieldend|move: Trick Room
|upkeep
|
|t:|1758969595
|switch|p2a: Gliscor|Gliscor, M|52/100 tox
|turn|19
|inactive|tangobaby has 60 seconds left.
|
|t:|1758969625
|move|p2a: Gliscor|Earthquake|p1a: Articuno
|-damage|p1a: Articuno|69/100
|move|p1a: Articuno|Trick Room|p1a: Articuno
|-fieldstart|move: Trick Room|[of] p1a: Articuno
|
|-heal|p2a: Gliscor|65/100 tox|[from] ability: Poison Heal
|upkeep
|turn|20
|inactive|tangobaby has 60 seconds left.
|
|t:|1758969633
|move|p2a: Gliscor|Protect|p2a: Gliscor
|-singleturn|p2a: Gliscor|Protect
|move|p1a: Articuno|Freezing Glare|p2a: Gliscor
|-activate|p2a: Gliscor|move: Protect
|
|-end|p1a: Articuno|move: Future Sight
|-supereffective|p1a: Articuno
|-damage|p1a: Articuno|0 fnt
|faint|p1a: Articuno
|-heal|p2a: Gliscor|77/100 tox|[from] ability: Poison Heal
|upkeep
|
|t:|1758969651
|switch|p1a: Empoleon|Empoleon, M|100/100
|-activate|p1a: Empoleon|move: Sticky Web
|-unboost|p1a: Empoleon|spe|1
|-ability|p1a: Empoleon|Competitive|boost
|-boost|p1a: Empoleon|spa|2
|turn|21
|inactive|tangobaby has 60 seconds left.
|
|t:|1758969683
|-terastallize|p2a: Gliscor|Water
|move|p1a: Empoleon|Ice Beam|p2a: Gliscor
|-resisted|p2a: Gliscor
|-damage|p2a: Gliscor|39/100 tox
|move|p2a: Gliscor|Earthquake|p1a: Empoleon
|-supereffective|p1a: Empoleon
|-damage|p1a: Empoleon|32/100
|
|-heal|p2a: Gliscor|52/100 tox|[from] ability: Poison Heal
|upkeep
|turn|22
|
|t:|1758969701
|move|p2a: Gliscor|Protect|p2a: Gliscor
|-singleturn|p2a: Gliscor|Protect
|move|p1a: Empoleon|Grass Knot|p2a: Gliscor
|-activate|p2a: Gliscor|move: Protect
|
|-heal|p2a: Gliscor|64/100 tox|[from] ability: Poison Heal
|upkeep
|turn|23
|
|t:|1758969710
|move|p2a: Gliscor|Protect||[still]
|-fail|p2a: Gliscor
|move|p1a: Empoleon|Grass Knot|p2a: Gliscor
|-supereffective|p2a: Gliscor
|-damage|p2a: Gliscor|0 fnt
|faint|p2a: Gliscor
|
|win|capitolg
|raw|capitolg's rating: 1153 &rarr; <strong>1175</strong><br />(+22 for winning)
|raw|tangobaby's rating: 1110 &rarr; <strong>1088</strong><br />(-22 for losing)
|l|☆tangobaby
|player|p2|
