|badge|p2|bronze|gen9ou|100-6
|uhtml|medal-msg|<div class="broadcast-blue">Curious what those medals under the avatar are? PS now has Ladder Seasons! For more information, check out the <a href="https://www.smogon.com/forums/threads/3740067/">thread on Smogon.</a></div>
|j|☆ascended tusk 69
|j|☆WogerHater
|t:|1758918765
|gametype|singles
|player|p1|ascended tusk 69|biker|1754
|player|p2|WogerHater|dawn-gen4pt|1836
|gen|9
|tier|[Gen 9] OU
|rated|
|rule|HP Percentage Mod: HP is shown in percentages
|rule|Endless Battle Clause: Forcing endless battles is banned
|rule|Species Clause: Limit one of each Pokémon
|rule|OHKO Clause: OHKO moves are banned
|rule|Evasion Items Clause: Evasion items are banned
|rule|Evasion Moves Clause: Evasion moves are banned
|rule|Evasion Abilities Clause: Evasion abilities are banned
|rule|Sleep Moves Clause: Sleep-inducing moves are banned
|clearpoke
|poke|p1|Ninetales-Alola, M|
|poke|p1|Darkrai|
|poke|p1|Slowbro-Galar, M|
|poke|p1|Kingambit, M|
|poke|p1|Latias, F|
|poke|p1|Okidogi, M|
|poke|p2|Ogerpon-Wellspring, F|
|poke|p2|Weezing-Galar, F|
|poke|p2|Ting-Lu|
|poke|p2|Corviknight, M|
|poke|p2|Skeledirge, M|
|poke|p2|Dragapult, M|
|teampreview
|inactive|Battle timer is ON: inactive players will automatically lose when time's up. (requested by WogerHater)
|inactive|ascended tusk 69 has 120 seconds left.
|j| LegitimatePotato
|inactive|ascended tusk 69 has 90 seconds left.
|j| kakashihatakehere
|l|☆WogerHater
|inactive|WogerHater disconnected and has a minute to reconnect!
|player|p2|
|j|☆WogerHater
|inactive|WogerHater reconnected.
|player|p2|WogerHater|dawn-gen4pt|
|inactive|ascended tusk 69 has 60 seconds left.
|
|t:|1758918863
|teamsize|p1|6
|teamsize|p2|6
|start
|switch|p1a: Dog Shit|Darkrai|100/100
|switch|p2a: Ting-Lu|Ting-Lu|100/100
|-ability|p2a: Ting-Lu|Vessel of Ruin
|turn|1
|inactive|ascended tusk 69 has 120 seconds left.
|
|t:|1758918876
|move|p1a: Dog Shit|Swords Dance|p1a: Dog Shit
|-boost|p1a: Dog Shit|atk|2
|move|p2a: Ting-Lu|Earthquake|p1a: Dog Shit
|-damage|p1a: Dog Shit|54/100
|
|upkeep
|turn|2
|
|t:|1758918878
|-singleturn|p1a: Dog Shit|move: Focus Punch
|move|p2a: Ting-Lu|Earthquake|p1a: Dog Shit
|-damage|p1a: Dog Shit|2/100
|cant|p1a: Dog Shit|Focus Punch|Focus Punch
|
|upkeep
|turn|3
|
|t:|1758918883
|move|p1a: Dog Shit|Knock Off|p2a: Ting-Lu
|-resisted|p2a: Ting-Lu
|-damage|p2a: Ting-Lu|75/100
|-enditem|p2a: Ting-Lu|Leftovers|[from] move: Knock Off|[of] p1a: Dog Shit
|-damage|p1a: Dog Shit|0 fnt|[from] item: Life Orb
|faint|p1a: Dog Shit
|move|p2a: Ting-Lu|Earthquake|p1: Dog Shit|[notarget]
|-fail|p2a: Ting-Lu
|
|upkeep
|
|t:|1758918902
|switch|p1a: 68tales|Ninetales-Alola, M|100/100
|-weather|Snowscape|[from] ability: Snow Warning|[of] p1a: 68tales
|turn|4
|
|t:|1758918904
|move|p1a: 68tales|Encore|p2a: Ting-Lu
|-start|p2a: Ting-Lu|Encore
|move|p2a: Ting-Lu|Earthquake|p1a: 68tales
|-damage|p1a: 68tales|69/100
|
|-weather|Snowscape|[upkeep]
|upkeep
|turn|5
|
|t:|1758918909
|switch|p2a: Corviknight|Corviknight, M|100/100
|-ability|p2a: Corviknight|Pressure
|move|p1a: 68tales|Freeze-Dry|p2a: Corviknight
|-damage|p2a: Corviknight|78/100
|
|-weather|Snowscape|[upkeep]
|upkeep
|turn|6
|
|t:|1758918913
|switch|p2a: Ting-Lu|Ting-Lu|75/100
|-ability|p2a: Ting-Lu|Vessel of Ruin
|move|p1a: 68tales|Aurora Veil|p1a: 68tales
|-sidestart|p1: ascended tusk 69|move: Aurora Veil
|
|-weather|Snowscape|[upkeep]
|upkeep
|turn|7
|inactive|ascended tusk 69 has 120 seconds left.
|
|t:|1758918945
|switch|p1a: LUCKY DOG|Okidogi, M|100/100
|move|p2a: Ting-Lu|Stealth Rock|p1a: LUCKY DOG
|-sidestart|p1: ascended tusk 69|move: Stealth Rock
|
|-weather|Snowscape|[upkeep]
|upkeep
|turn|8
|
|t:|1758918948
|switch|p2a: Weezing|Weezing-Galar, F|100/100
|-ability|p2a: Weezing|Neutralizing Gas
|move|p1a: LUCKY DOG|Bulk Up|p1a: LUCKY DOG
|-boost|p1a: LUCKY DOG|atk|1
|-boost|p1a: LUCKY DOG|def|1
|
|-weather|none
|upkeep
|turn|9
|
|t:|1758918950
|move|p1a: LUCKY DOG|Taunt|p2a: Weezing
|-start|p2a: Weezing|move: Taunt
|cant|p2a: Weezing|move: Taunt|Will-O-Wisp
|
|upkeep
|turn|10
|
|t:|1758918957
|-end|p2a: Weezing|ability: Neutralizing Gas
|switch|p2a: Skeledirge|Skeledirge, M|100/100
|move|p1a: LUCKY DOG|Bulk Up|p1a: LUCKY DOG
|-boost|p1a: LUCKY DOG|atk|1
|-boost|p1a: LUCKY DOG|def|1
|
|upkeep
|turn|11
|
|t:|1758918961
|move|p1a: LUCKY DOG|Taunt|p2a: Skeledirge
|-start|p2a: Skeledirge|move: Taunt
|move|p2a: Skeledirge|Torch Song|p1a: LUCKY DOG
|-damage|p1a: LUCKY DOG|85/100
|-boost|p2a: Skeledirge|spa|1
|
|-heal|p1a: LUCKY DOG|91/100|[from] item: Leftovers
|upkeep
|turn|12
|
|t:|1758918967
|move|p1a: LUCKY DOG|Knock Off|p2a: Skeledirge
|-supereffective|p2a: Skeledirge
|-crit|p2a: Skeledirge
|-damage|p2a: Skeledirge|10/100
|-enditem|p2a: Skeledirge|Heavy-Duty Boots|[from] move: Knock Off|[of] p1a: LUCKY DOG
|move|p2a: Skeledirge|Torch Song|p1a: LUCKY DOG
|-damage|p1a: LUCKY DOG|69/100
|-boost|p2a: Skeledirge|spa|1
|
|-heal|p1a: LUCKY DOG|75/100|[from] item: Leftovers
|upkeep
|turn|13
|
|t:|1758918971
|move|p1a: LUCKY DOG|Knock Off|p2a: Skeledirge
|-supereffective|p2a: Skeledirge
|-damage|p2a: Skeledirge|0 fnt
|faint|p2a: Skeledirge
|
|-heal|p1a: LUCKY DOG|82/100|[from] item: Leftovers
|-sideend|p1: ascended tusk 69|move: Aurora Veil
|upkeep
|
|t:|1758918973
|switch|p2a: Dragapult|Dragapult, M|100/100
|turn|14
|
|t:|1758918976
|move|p2a: Dragapult|Draco Meteor|p1a: LUCKY DOG
|-damage|p1a: LUCKY DOG|0 fnt
|-unboost|p2a: Dragapult|spa|2
|faint|p1a: LUCKY DOG
|
|upkeep
|
|t:|1758918980
|switch|p1a: 68tales|Ninetales-Alola, M|69/100
|-damage|p1a: 68tales|44/100|[from] Stealth Rock
|-weather|Snowscape|[from] ability: Snow Warning|[of] p1a: 68tales
|turn|15
|
|t:|1758918984
|switch|p2a: Weezing|Weezing-Galar, F|100/100
|-ability|p2a: Weezing|Neutralizing Gas
|move|p1a: 68tales|Freeze-Dry|p2a: Weezing
|-damage|p2a: Weezing|72/100
|
|-weather|Snowscape|[upkeep]
|upkeep
|turn|16
|
|t:|1758918987
|move|p1a: 68tales|Aurora Veil|p1a: 68tales
|-sidestart|p1: ascended tusk 69|move: Aurora Veil
|move|p2a: Weezing|Sludge Bomb|p1a: 68tales
|-supereffective|p1a: 68tales
|-damage|p1a: 68tales|18/100
|
|-weather|Snowscape|[upkeep]
|upkeep
|turn|17
|
|t:|1758918996
|move|p1a: 68tales|Encore|p2a: Weezing
|-start|p2a: Weezing|Encore
|move|p2a: Weezing|Sludge Bomb|p1a: 68tales
|-supereffective|p1a: 68tales
|-damage|p1a: 68tales|0 fnt
|faint|p1a: 68tales
|
|-weather|Snowscape|[upkeep]
|upkeep
|
|t:|1758918998
|switch|p1a: Stuart Semple|Slowbro-Galar, M|100/100
|-damage|p1a: Stuart Semple|88/100|[from] Stealth Rock
|turn|18
|
|t:|1758919000
|-end|p2a: Weezing|ability: Neutralizing Gas
|switch|p2a: Ting-Lu|Ting-Lu|75/100
|-ability|p2a: Ting-Lu|Vessel of Ruin
|move|p1a: Stuart Semple|Nasty Plot|p1a: Stuart Semple
|-boost|p1a: Stuart Semple|spa|2
|
|-weather|Snowscape|[upkeep]
|upkeep
|turn|19
|-activate|p1a: Stuart Semple|ability: Quick Draw
|
|t:|1758919012
|move|p1a: Stuart Semple|Flamethrower|p2a: Ting-Lu
|-crit|p2a: Ting-Lu
|-damage|p2a: Ting-Lu|41/100
|move|p2a: Ting-Lu|Earthquake|p1a: Stuart Semple
|-supereffective|p1a: Stuart Semple
|-damage|p1a: Stuart Semple|56/100
|
|-weather|none
|upkeep
|turn|20
|
|t:|1758919019
|move|p2a: Ting-Lu|Rest|p2a: Ting-Lu
|-status|p2a: Ting-Lu|slp|[from] move: Rest
|-heal|p2a: Ting-Lu|100/100 slp|[silent]
|move|p1a: Stuart Semple|Flamethrower|p2a: Ting-Lu
|-damage|p2a: Ting-Lu|78/100 slp
|
|upkeep
|turn|21
|
|t:|1758919024
|switch|p2a: Dragapult|Dragapult, M|100/100
|move|p1a: Stuart Semple|Nasty Plot|p1a: Stuart Semple
|-boost|p1a: Stuart Semple|spa|2
|
|upkeep
|turn|22
|-activate|p1a: Stuart Semple|ability: Quick Draw
|
|t:|1758919026
|move|p1a: Stuart Semple|Psyshock|p2a: Dragapult
|-damage|p2a: Dragapult|0 fnt
|faint|p2a: Dragapult
|
|upkeep
|
|t:|1758919034
|switch|p2a: Ogerpon|Ogerpon-Wellspring, F|100/100
|turn|23
|
|t:|1758919037
|move|p2a: Ogerpon|Knock Off|p1a: Stuart Semple
|-supereffective|p1a: Stuart Semple
|-damage|p1a: Stuart Semple|23/100
|-enditem|p1a: Stuart Semple|Quick Claw|[from] move: Knock Off|[of] p2a: Ogerpon
|move|p1a: Stuart Semple|Sludge Bomb|p2a: Ogerpon
|-supereffective|p2a: Ogerpon
|-damage|p2a: Ogerpon|0 fnt
|faint|p2a: Ogerpon
|
|-sideend|p1: ascended tusk 69|move: Aurora Veil
|upkeep
|
|t:|1758919040
|switch|p2a: Ting-Lu|Ting-Lu|78/100 slp
|-ability|p2a: Ting-Lu|Vessel of Ruin
|turn|24
|
|t:|1758919043
|cant|p2a: Ting-Lu|slp
|move|p1a: Stuart Semple|Flamethrower|p2a: Ting-Lu
|-damage|p2a: Ting-Lu|45/100 slp
|
|upkeep
|turn|25
|
|t:|1758919049
|cant|p2a: Ting-Lu|slp
|move|p1a: Stuart Semple|Flamethrower|p2a: Ting-Lu
|-damage|p2a: Ting-Lu|9/100 slp
|
|upkeep
|turn|26
|
|t:|1758919052
|-curestatus|p2a: Ting-Lu|slp|[msg]
|move|p2a: Ting-Lu|Earthquake|p1a: Stuart Semple
|-supereffective|p1a: Stuart Semple
|-damage|p1a: Stuart Semple|0 fnt
|faint|p1a: Stuart Semple
|
|upkeep
|
|t:|1758919058
|switch|p1a: DEATH SENTENCE|Kingambit, M|100/100
|-damage|p1a: DEATH SENTENCE|94/100|[from] Stealth Rock
|-activate|p1a: DEATH SENTENCE|ability: Supreme Overlord
|-start|p1a: DEATH SENTENCE|fallen4|[silent]
|turn|27
|
|t:|1758919061
|switch|p2a: Corviknight|Corviknight, M|78/100
|-ability|p2a: Corviknight|Pressure
|move|p1a: DEATH SENTENCE|Kowtow Cleave|p2a: Corviknight
|-damage|p2a: Corviknight|27/100
|-damage|p1a: DEATH SENTENCE|78/100|[from] item: Rocky Helmet|[of] p2a: Corviknight
|
|-heal|p1a: DEATH SENTENCE|84/100|[from] item: Leftovers
|upkeep
|turn|28
|
|t:|1758919064
|move|p2a: Corviknight|Roost|p2a: Corviknight
|-heal|p2a: Corviknight|78/100
|-singleturn|p2a: Corviknight|move: Roost
|move|p1a: DEATH SENTENCE|Kowtow Cleave|p2a: Corviknight
|-damage|p2a: Corviknight|34/100
|-damage|p1a: DEATH SENTENCE|67/100|[from] item: Rocky Helmet|[of] p2a: Corviknight
|
|-heal|p1a: DEATH SENTENCE|73/100|[from] item: Leftovers
|upkeep
|turn|29
|
|t:|1758919068
|move|p2a: Corviknight|Roost|p2a: Corviknight
|-heal|p2a: Corviknight|84/100
|-singleturn|p2a: Corviknight|move: Roost
|move|p1a: DEATH SENTENCE|Swords Dance|p1a: DEATH SENTENCE
|-boost|p1a: DEATH SENTENCE|atk|2
|
|-heal|p1a: DEATH SENTENCE|79/100|[from] item: Leftovers
|upkeep
|turn|30
|
|t:|1758919071
|move|p2a: Corviknight|Iron Defense|p2a: Corviknight
|-boost|p2a: Corviknight|def|2
|move|p1a: DEATH SENTENCE|Kowtow Cleave|p2a: Corviknight
|-damage|p2a: Corviknight|34/100
|-damage|p1a: DEATH SENTENCE|63/100|[from] item: Rocky Helmet|[of] p2a: Corviknight
|
|-heal|p1a: DEATH SENTENCE|69/100|[from] item: Leftovers
|upkeep
|turn|31
|
|t:|1758919074
|move|p2a: Corviknight|Roost|p2a: Corviknight
|-heal|p2a: Corviknight|84/100
|-singleturn|p2a: Corviknight|move: Roost
|move|p1a: DEATH SENTENCE|Swords Dance|p1a: DEATH SENTENCE
|-boost|p1a: DEATH SENTENCE|atk|2
|
|-heal|p1a: DEATH SENTENCE|75/100|[from] item: Leftovers
|upkeep
|turn|32
|
|t:|1758919076
|move|p2a: Corviknight|Body Press|p1a: DEATH SENTENCE
|-supereffective|p1a: DEATH SENTENCE
|-damage|p1a: DEATH SENTENCE|0 fnt
|faint|p1a: DEATH SENTENCE
|-end|p1a: DEATH SENTENCE|fallen4|[silent]
|
|upkeep
|
|t:|1758919078
|switch|p1a: Goatias|Latias, F|100/100
|-damage|p1a: Goatias|88/100|[from] Stealth Rock
|turn|33
|
|t:|1758919082
|move|p1a: Goatias|Calm Mind|p1a: Goatias
|-boost|p1a: Goatias|spa|1
|-boost|p1a: Goatias|spd|1
|move|p2a: Corviknight|Body Press|p1a: Goatias
|-resisted|p1a: Goatias
|-crit|p1a: Goatias
|-damage|p1a: Goatias|59/100
|
|-heal|p1a: Goatias|65/100|[from] item: Leftovers
|upkeep
|turn|34
|
|t:|1758919083
|move|p1a: Goatias|Calm Mind|p1a: Goatias
|-boost|p1a: Goatias|spa|1
|-boost|p1a: Goatias|spd|1
|move|p2a: Corviknight|Body Press|p1a: Goatias
|-resisted|p1a: Goatias
|-crit|p1a: Goatias
|-damage|p1a: Goatias|33/100
|
|-heal|p1a: Goatias|39/100|[from] item: Leftovers
|upkeep
|turn|35
|c|☆ascended tusk 69|holy fuck
|c|☆ascended tusk 69|saved by double crit
|c|☆ascended tusk 69|actually bailed tf out
|c|☆ascended tusk 69|worst play oat
|inactive|ascended tusk 69 has 120 seconds left.
|c|☆ascended tusk 69|bailed by double crit
|j| feel my love buzz
|inactive|ascended tusk 69 has 90 seconds left.
|
|t:|1758919143
|move|p1a: Goatias|Calm Mind|p1a: Goatias
|-boost|p1a: Goatias|spa|1
|-boost|p1a: Goatias|spd|1
|move|p2a: Corviknight|Body Press|p1a: Goatias
|-resisted|p1a: Goatias
|-damage|p1a: Goatias|20/100
|
|-heal|p1a: Goatias|26/100|[from] item: Leftovers
|upkeep
|turn|36
|j| butts99999
|
|t:|1758919153
|move|p1a: Goatias|Calm Mind|p1a: Goatias
|-boost|p1a: Goatias|spa|1
|-boost|p1a: Goatias|spd|1
|move|p2a: Corviknight|U-turn|p1a: Goatias
|-supereffective|p1a: Goatias
|-damage|p1a: Goatias|4/100
|
|t:|1758919156
|switch|p2a: Weezing|Weezing-Galar, F|72/100|[from] U-turn
|-ability|p2a: Weezing|Neutralizing Gas
|
|-heal|p1a: Goatias|10/100|[from] item: Leftovers
|upkeep
|turn|37
|l| butts99999
|
|t:|1758919173
|-terastallize|p1a: Goatias|Poison
|move|p1a: Goatias|Stored Power|p2a: Weezing
|-supereffective|p2a: Weezing
|-crit|p2a: Weezing
|-damage|p2a: Weezing|0 fnt
|faint|p2a: Weezing
|-end|p2a: Weezing|ability: Neutralizing Gas
|
|-heal|p1a: Goatias|16/100|[from] item: Leftovers
|upkeep
|c|☆WogerHater|U got saved by fucking quick draw mate
|j| spud webbs
|
|t:|1758919183
|switch|p2a: Corviknight|Corviknight, M|84/100
|-ability|p2a: Corviknight|Pressure
|turn|38
|
|t:|1758919186
|move|p1a: Goatias|Stored Power|p2a: Corviknight
|-resisted|p2a: Corviknight
|-damage|p2a: Corviknight|0 fnt
|faint|p2a: Corviknight
|
|-heal|p1a: Goatias|22/100|[from] item: Leftovers
|upkeep
|
|t:|1758919189
|switch|p2a: Ting-Lu|Ting-Lu|9/100
|-ability|p2a: Ting-Lu|Vessel of Ruin
|turn|39
|
|t:|1758919192
|move|p1a: Goatias|Aura Sphere|p2a: Ting-Lu
|-supereffective|p2a: Ting-Lu
|-crit|p2a: Ting-Lu
|-damage|p2a: Ting-Lu|0 fnt
|faint|p2a: Ting-Lu
|
|win|ascended tusk 69
|raw|ascended tusk 69's rating: 1754 &rarr; <strong>1779</strong><br />(+25 for winning)
|raw|WogerHater's rating: 1836 &rarr; <strong>1811</strong><br />(-25 for losing)
|c|☆ascended tusk 69|gg
|c|☆WogerHater|Ur the unskilled one
|c|☆ascended tusk 69|you
|c|☆ascended tusk 69|literally
|c|☆ascended tusk 69|threw
|c|☆ascended tusk 69|waht were you doing the whole game
|c|☆WogerHater|You got saved by quick draw
|c|☆ascended tusk 69|I thought you were 1500s
|c|☆WogerHater|taunt dogi btw 💀
|c|☆ascended tusk 69|you sacced half ur team
|c|☆ascended tusk 69|dumbass
|j| bhulsk
|c|☆WogerHater|no mu fishing here
|l|☆WogerHater
|player|p2|
|c|☆ascended tusk 69|lol
|l| spud webbs
|c|☆ascended tusk 69|youre just ass
|j| ItsWarioTime
|j| dynamo fuckass
|j| Orandinary
|l| bhulsk
|l| dynamo fuckass
|j| bhulsk
|j| fulls
|l| Orandinary
|l| LegitimatePotato
|l| ItsWarioTime
|l| bhulsk
|l| fulls
|j| dynamo fuckass
|l|☆ascended tusk 69
|player|p1|
|l| dynamo fuckass
