|j|☆Nultiprise
|j|☆UpdogX
|t:|1759050542
|gametype|singles
|player|p1|Nultiprise|preschooler|1493
|player|p2|UpdogX|1|1524
|gen|9
|tier|[Gen 9] OU
|rated|
|rule|HP Percentage Mod: HP is shown in percentages
|rule|Endless Battle Clause: Forcing endless battles is banned
|rule|Species Clause: Limit one of each Pokémon
|rule|OHKO Clause: OHKO moves are banned
|rule|Evasion Items Clause: Evasion items are banned
|rule|Evasion Moves Clause: Evasion moves are banned
|rule|Evasion Abilities Clause: Evasion abilities are banned
|rule|Sleep Moves Clause: Sleep-inducing moves are banned
|clearpoke
|poke|p1|Greninja-*, M|
|poke|p1|Zoroark-Hisui, M|
|poke|p1|Great Tusk|
|poke|p1|Deoxys-Speed|
|poke|p1|Yanmega, F|
|poke|p1|Toxicroak, F|
|poke|p2|Corviknight, M|
|poke|p2|Raging Bolt|
|poke|p2|Cinderace, M|
|poke|p2|Kingambit, M|
|poke|p2|Zamazenta-*|
|poke|p2|Ogerpon-Wellspring, F|
|teampreview
|inactive|Battle timer is ON: inactive players will automatically lose when time's up. (requested by UpdogX)
|
|t:|1759050558
|teamsize|p1|6
|teamsize|p2|6
|start
|switch|p1a: Deoxys|Deoxys-Speed|100/100
|switch|p2a: The Wall|Corviknight, M|100/100
|-ability|p1a: Deoxys|Pressure
|-ability|p2a: The Wall|Pressure
|turn|1
|
|t:|1759050561
|move|p2a: The Wall|U-turn|p1a: Deoxys
|-supereffective|p1a: Deoxys
|-damage|p1a: Deoxys|52/100
|c|☆Nultiprise|hf
|
|t:|1759050570
|switch|p2a: James|Raging Bolt|100/100|[from] U-turn
|move|p1a: Deoxys|Counter|p2a: James
|-damage|p2a: James|26/100
|
|upkeep
|turn|2
|
|t:|1759050577
|-end|p2a: James|Protosynthesis|[silent]
|switch|p2a: The Wall|Corviknight, M|100/100
|-ability|p2a: The Wall|Pressure
|move|p1a: Deoxys|Stealth Rock|p2a: The Wall
|-sidestart|p2: UpdogX|move: Stealth Rock
|
|upkeep
|turn|3
|
|t:|1759050585
|move|p2a: The Wall|U-turn|p1a: Deoxys
|-supereffective|p1a: Deoxys
|-damage|p1a: Deoxys|9/100
|
|t:|1759050601
|switch|p2a: James|Raging Bolt|26/100|[from] U-turn
|-damage|p2a: James|14/100|[from] Stealth Rock
|move|p1a: Deoxys|Counter|p2a: James
|-damage|p2a: James|0 fnt
|faint|p2a: James
|-end|p2a: James|Protosynthesis|[silent]
|
|upkeep
|
|t:|1759050606
|switch|p2a: Gub Gub|Cinderace, M|100/100
|turn|4
|
|t:|1759050611
|switch|p1a: Quoi ?|Greninja, M|100/100
|move|p2a: Gub Gub|Sucker Punch||[still]
|-fail|p2a: Gub Gub
|
|upkeep
|turn|5
|
|t:|1759050615
|move|p1a: Quoi ?|Hydro Pump|p2a: Gub Gub|[miss]
|-miss|p1a: Quoi ?|p2a: Gub Gub
|move|p2a: Gub Gub|Court Change|p2a: Gub Gub
|-start|p2a: Gub Gub|typechange|Normal|[from] ability: Libero
|-swapsideconditions
|-activate|p2a: Gub Gub|move: Court Change
|
|upkeep
|turn|6
|
|t:|1759050629
|switch|p2a: Garfield|Ogerpon-Wellspring, F|100/100
|move|p1a: Quoi ?|Hydro Pump|p2a: Garfield
|-immune|p2a: Garfield|[from] ability: Water Absorb
|
|upkeep
|turn|7
|
|t:|1759050636
|move|p2a: Garfield|Ivy Cudgel|p1a: Quoi ?|[anim] Ivy Cudgel Water
|-resisted|p1a: Quoi ?
|-damage|p1a: Quoi ?|48/100
|move|p1a: Quoi ?|Counter|p2a: Garfield
|-damage|p2a: Garfield|1/100
|
|upkeep
|turn|8
|
|t:|1759050642
|move|p1a: Quoi ?|Dark Pulse|p2a: Garfield
|-damage|p2a: Garfield|0 fnt
|faint|p2a: Garfield
|-ability|p1a: Quoi ?|Battle Bond|boost
|-boost|p1a: Quoi ?|atk|1
|-boost|p1a: Quoi ?|spa|1
|-boost|p1a: Quoi ?|spe|1
|-activate|p1a: Quoi ?|ability: Battle Bond
|
|upkeep
|
|t:|1759050652
|switch|p2a: The Wall|Corviknight, M|100/100
|-ability|p2a: The Wall|Pressure
|turn|9
|
|t:|1759050658
|move|p1a: Quoi ?|Hydro Pump|p2a: The Wall
|-damage|p2a: The Wall|47/100
|move|p2a: The Wall|U-turn|p1a: Quoi ?
|-supereffective|p1a: Quoi ?
|-damage|p1a: Quoi ?|2/100
|
|t:|1759050664
|switch|p2a: Gub Gub|Cinderace, M|100/100|[from] U-turn
|
|upkeep
|turn|10
|
|t:|1759050668
|move|p2a: Gub Gub|Sucker Punch|p1a: Quoi ?
|-start|p2a: Gub Gub|typechange|Dark|[from] ability: Libero
|-resisted|p1a: Quoi ?
|-damage|p1a: Quoi ?|0 fnt
|faint|p1a: Quoi ?
|
|upkeep
|
|t:|1759050670
|switch|p1a: Great Tusk|Great Tusk|100/100
|-damage|p1a: Great Tusk|98/100|[from] Stealth Rock
|-enditem|p1a: Great Tusk|Booster Energy
|-activate|p1a: Great Tusk|ability: Protosynthesis|[fromitem]
|-start|p1a: Great Tusk|protosynthesisspe
|turn|11
|
|t:|1759050691
|move|p1a: Great Tusk|Rapid Spin|p2a: Gub Gub
|-damage|p2a: Gub Gub|80/100
|-boost|p1a: Great Tusk|spe|1
|-sideend|p1: Nultiprise|Stealth Rock|[from] move: Rapid Spin|[of] p1a: Great Tusk
|move|p2a: Gub Gub|U-turn|p1a: Great Tusk
|-resisted|p1a: Great Tusk
|-damage|p1a: Great Tusk|90/100
|
|t:|1759050697
|switch|p2a: Real dawg|Zamazenta|100/100|[from] U-turn
|-ability|p2a: Real dawg|Dauntless Shield|boost
|-boost|p2a: Real dawg|def|1
|
|upkeep
|turn|12
|
|t:|1759050709
|-end|p1a: Great Tusk|Protosynthesis|[silent]
|switch|p1a: Deoxys|Deoxys-Speed|9/100
|-ability|p1a: Deoxys|Pressure
|move|p2a: Real dawg|Iron Defense|p2a: Real dawg
|-boost|p2a: Real dawg|def|2
|
|upkeep
|turn|13
|
|t:|1759050713
|-terastallize|p2a: Real dawg|Dark
|move|p1a: Deoxys|Ice Beam|p2a: Real dawg
|-damage|p2a: Real dawg|82/100
|move|p2a: Real dawg|Crunch|p1a: Deoxys
|-supereffective|p1a: Deoxys
|-damage|p1a: Deoxys|0 fnt
|faint|p1a: Deoxys
|
|-heal|p2a: Real dawg|88/100|[from] item: Leftovers
|upkeep
|
|t:|1759050717
|switch|p1a: Yanmega|Yanmega, F|100/100
|turn|14
|
|t:|1759050721
|move|p1a: Yanmega|Protect|p1a: Yanmega
|-singleturn|p1a: Yanmega|Protect
|move|p2a: Real dawg|Substitute|p2a: Real dawg
|-start|p2a: Real dawg|Substitute
|-damage|p2a: Real dawg|63/100
|
|-heal|p2a: Real dawg|69/100|[from] item: Leftovers
|-ability|p1a: Yanmega|Speed Boost|boost
|-boost|p1a: Yanmega|spe|1
|upkeep
|turn|15
|c|☆Nultiprise|oh no
|c|☆Nultiprise|not the sub
|
|t:|1759050736
|move|p1a: Yanmega|Bug Buzz|p2a: Real dawg
|-supereffective|p2a: Real dawg
|-damage|p2a: Real dawg|0 fnt
|faint|p2a: Real dawg
|-enditem|p1a: Yanmega|Throat Spray
|-boost|p1a: Yanmega|spa|1|[from] item: Throat Spray
|
|-ability|p1a: Yanmega|Speed Boost|boost
|-boost|p1a: Yanmega|spe|1
|upkeep
|
|t:|1759050744
|switch|p2a: Gub Gub|Cinderace, M|80/100
|turn|16
|
|t:|1759050748
|-terastallize|p1a: Yanmega|Fire
|move|p1a: Yanmega|Air Slash|p2a: Gub Gub
|-damage|p2a: Gub Gub|0 fnt
|faint|p2a: Gub Gub
|
|-ability|p1a: Yanmega|Speed Boost|boost
|-boost|p1a: Yanmega|spe|1
|upkeep
|
|t:|1759050754
|switch|p2a: The Wall|Corviknight, M|47/100
|-ability|p2a: The Wall|Pressure
|turn|17
|
|t:|1759050756
|move|p1a: Yanmega|Tera Blast|p2a: The Wall|[anim] Tera Blast Fire
|-supereffective|p2a: The Wall
|-damage|p2a: The Wall|0 fnt
|faint|p2a: The Wall
|
|-ability|p1a: Yanmega|Speed Boost|boost
|-boost|p1a: Yanmega|spe|1
|upkeep
|
|t:|1759050759
|switch|p2a: Evil Larry|Kingambit, M, shiny|100/100
|-activate|p2a: Evil Larry|ability: Supreme Overlord
|-start|p2a: Evil Larry|fallen5|[silent]
|turn|18
|
|t:|1759050763
|move|p1a: Yanmega|Tera Blast|p2a: Evil Larry|[anim] Tera Blast Fire
|-supereffective|p2a: Evil Larry
|-damage|p2a: Evil Larry|0 fnt
|faint|p2a: Evil Larry
|-end|p2a: Evil Larry|fallen5|[silent]
|
|win|Nultiprise
|raw|Nultiprise's rating: 1493 &rarr; <strong>1515</strong><br />(+22 for winning)
|raw|UpdogX's rating: 1524 &rarr; <strong>1502</strong><br />(-22 for losing)
|l|☆Nultiprise
|player|p1|
|l|☆UpdogX
|player|p2|
