|j|☆seethemalldie
|j|☆Sawd PoyZ
|t:|1758970936
|gametype|singles
|player|p1|seethemalldie|unknown|1338
|player|p2|Sawd PoyZ|169|1376
|gen|9
|tier|[Gen 9] OU
|rated|
|rule|HP Percentage Mod: HP is shown in percentages
|rule|Endless Battle Clause: Forcing endless battles is banned
|rule|Species Clause: Limit one of each Pokémon
|rule|OHKO Clause: OHKO moves are banned
|rule|Evasion Items Clause: Evasion items are banned
|rule|Evasion Moves Clause: Evasion moves are banned
|rule|Evasion Abilities Clause: Evasion abilities are banned
|rule|Sleep Moves Clause: Sleep-inducing moves are banned
|clearpoke
|poke|p1|Scizor, M|
|poke|p1|Toxtricity-Low-Key, M|
|poke|p1|Hydreigon, M|
|poke|p1|Iron Valiant|
|poke|p1|Ogerpon-Wellspring, F|
|poke|p1|Arcanine-Hisui, M|
|poke|p2|Iron Crown|
|poke|p2|Samurott-Hisui, M|
|poke|p2|Zapdos|
|poke|p2|Dragapult, M|
|poke|p2|Great Tusk|
|poke|p2|Dragonite, F|
|teampreview
|inactive|Battle timer is ON: inactive players will automatically lose when time's up. (requested by Sawd PoyZ)
|inactive|seethemalldie also wants the timer to be on.
|inactive|seethemalldie has 120 seconds left.
|
|t:|1758970985
|teamsize|p1|6
|teamsize|p2|6
|start
|switch|p1a: Solid|Scizor, M|100/100
|switch|p2a: Everytime We Touch|Samurott-Hisui, M|100/100
|turn|1
|
|t:|1758970992
|move|p2a: Everytime We Touch|Flip Turn|p1a: Solid
|-damage|p1a: Solid|75/100
|
|t:|1758970995
|switch|p2a: Hurikan|Zapdos|100/100|[from] Flip Turn
|move|p1a: Solid|U-turn|p2a: Hurikan
|-resisted|p2a: Hurikan
|-damage|p2a: Hurikan|87/100
|-status|p1a: Solid|par|[from] ability: Static|[of] p2a: Hurikan
|
|t:|1758971008
|switch|p1a: Chili|Toxtricity-Low-Key, M|100/100|[from] U-turn
|
|upkeep
|turn|2
|
|t:|1758971012
|switch|p2a: Pump It|Great Tusk|100/100
|move|p1a: Chili|Boomburst|p2a: Pump It
|-damage|p2a: Pump It|0 fnt
|faint|p2a: Pump It
|-end|p2a: Pump It|Protosynthesis|[silent]
|
|upkeep
|
|t:|1758971018
|switch|p2a: Everytime We Touch|Samurott-Hisui, M|100/100
|turn|3
|
|t:|1758971026
|move|p2a: Everytime We Touch|Ceaseless Edge|p1a: Chili|[miss]
|-miss|p2a: Everytime We Touch|p1a: Chili
|move|p1a: Chili|Boomburst|p2a: Everytime We Touch
|-damage|p2a: Everytime We Touch|0 fnt
|faint|p2a: Everytime We Touch
|
|upkeep
|
|t:|1758971029
|switch|p2a: Mindreader|Iron Crown|100/100
|turn|4
|
|t:|1758971047
|switch|p1a: Solid|Scizor, M|75/100 par
|move|p2a: Mindreader|Psyshock|p1a: Solid
|-resisted|p1a: Solid
|-damage|p1a: Solid|49/100 par
|
|upkeep
|turn|5
|
|t:|1758971054
|-end|p2a: Mindreader|Quark Drive|[silent]
|switch|p2a: Hurikan|Zapdos|87/100
|move|p1a: Solid|Knock Off|p2a: Hurikan
|-damage|p2a: Hurikan|61/100
|-enditem|p2a: Hurikan|Heavy-Duty Boots|[from] move: Knock Off|[of] p1a: Solid
|
|upkeep
|turn|6
|
|t:|1758971062
|move|p2a: Hurikan|Roost|p2a: Hurikan
|-heal|p2a: Hurikan|100/100
|-singleturn|p2a: Hurikan|move: Roost
|move|p1a: Solid|U-turn|p2a: Hurikan
|-damage|p2a: Hurikan|72/100
|
|t:|1758971077
|switch|p1a: Chili|Toxtricity-Low-Key, M|100/100|[from] U-turn
|
|upkeep
|turn|7
|
|t:|1758971083
|move|p1a: Chili|Overdrive|p2a: Hurikan
|-damage|p2a: Hurikan|0 fnt
|faint|p2a: Hurikan
|
|upkeep
|
|t:|1758971086
|switch|p2a: Dragonite|Dragonite, F|100/100
|turn|8
|
|t:|1758971102
|move|p2a: Dragonite|Dragon Dance|p2a: Dragonite
|-boost|p2a: Dragonite|atk|1
|-boost|p2a: Dragonite|spe|1
|move|p1a: Chili|Overdrive|p2a: Dragonite
|-damage|p2a: Dragonite|56/100
|
|upkeep
|turn|9
|
|t:|1758971122
|-terastallize|p1a: Chili|Normal
|move|p2a: Dragonite|Earthquake|p1a: Chili
|-crit|p1a: Chili
|-damage|p1a: Chili|0 fnt
|faint|p1a: Chili
|
|upkeep
|
|t:|1758971130
|switch|p1a: Solid|Scizor, M|49/100 par
|turn|10
|c|☆seethemalldie|lol
|c|☆seethemalldie|hax
|
|t:|1758971138
|move|p1a: Solid|Bullet Punch|p2a: Dragonite
|-damage|p2a: Dragonite|20/100
|move|p2a: Dragonite|Earthquake|p1a: Solid
|-damage|p1a: Solid|0 fnt
|faint|p1a: Solid
|
|upkeep
|
|t:|1758971145
|switch|p1a: Archie|Arcanine-Hisui, M|100/100
|turn|11
|
|t:|1758971149
|move|p1a: Archie|Extreme Speed|p2a: Dragonite
|-damage|p2a: Dragonite|0 fnt
|faint|p2a: Dragonite
|
|upkeep
|
|t:|1758971151
|switch|p2a: Parasite|Dragapult, M|100/100
|turn|12
|
|t:|1758971171
|switch|p1a: Trip|Hydreigon, M, shiny|100/100
|-terastallize|p2a: Parasite|Ghost
|move|p2a: Parasite|Tera Blast|p1a: Trip|[anim] Tera Blast Ghost
|-resisted|p1a: Trip
|-damage|p1a: Trip|57/100
|
|upkeep
|turn|13
|
|t:|1758971186
|move|p2a: Parasite|Tera Blast|p1a: Trip|[anim] Tera Blast Ghost
|-resisted|p1a: Trip
|-damage|p1a: Trip|9/100
|move|p1a: Trip|Tailwind|p1a: Trip
|-sidestart|p1: seethemalldie|move: Tailwind
|
|upkeep
|turn|14
|
|t:|1758971193
|switch|p2a: Mindreader|Iron Crown|100/100
|move|p1a: Trip|Draco Meteor|p2a: Mindreader
|-resisted|p2a: Mindreader
|-damage|p2a: Mindreader|70/100
|-unboost|p1a: Trip|spa|2
|-enditem|p1a: Trip|Eject Pack
|
|t:|1758971202
|switch|p1a: Berry|Ogerpon-Wellspring, F|100/100
|
|upkeep
|turn|15
|
|t:|1758971207
|move|p1a: Berry|Knock Off|p2a: Mindreader
|-supereffective|p2a: Mindreader
|-damage|p2a: Mindreader|0 fnt
|-enditem|p2a: Mindreader|Choice Specs|[from] move: Knock Off|[of] p1a: Berry
|faint|p2a: Mindreader
|-end|p2a: Mindreader|Quark Drive|[silent]
|
|upkeep
|
|t:|1758971209
|switch|p2a: Parasite|Dragapult, M, tera:Ghost|100/100
|turn|16
|
|t:|1758971214
|move|p1a: Berry|Knock Off|p2a: Parasite
|-supereffective|p2a: Parasite
|-damage|p2a: Parasite|0 fnt
|-enditem|p2a: Parasite|Choice Band|[from] move: Knock Off|[of] p1a: Berry
|faint|p2a: Parasite
|
|win|seethemalldie
|raw|seethemalldie's rating: 1338 &rarr; <strong>1360</strong><br />(+22 for winning)
|raw|Sawd PoyZ's rating: 1376 &rarr; <strong>1354</strong><br />(-22 for losing)
|l|☆Sawd PoyZ
|player|p2|
|l|☆seethemalldie
|player|p1|
