|j|☆icebeamprodigy
|j|☆abGodc
|t:|1758946663
|gametype|singles
|player|p1|icebeamprodigy|2|1726
|player|p2|abGodc|iris-gen5bw2|1712
|gen|9
|tier|[Gen 9] OU
|rated|
|rule|HP Percentage Mod: HP is shown in percentages
|rule|Endless Battle Clause: Forcing endless battles is banned
|rule|Species Clause: Limit one of each Pokémon
|rule|OHKO Clause: OHKO moves are banned
|rule|Evasion Items Clause: Evasion items are banned
|rule|Evasion Moves Clause: Evasion moves are banned
|rule|Evasion Abilities Clause: Evasion abilities are banned
|rule|Sleep Moves Clause: Sleep-inducing moves are banned
|clearpoke
|poke|p1|Pelipper, M|
|poke|p1|Barraskewda, F|
|poke|p1|Zapdos|
|poke|p1|Iron Treads|
|poke|p1|Ogerpon-Wellspring, F|
|poke|p1|Keldeo-Resolute|
|poke|p2|Raging Bolt|
|poke|p2|Iron Treads|
|poke|p2|Ting-Lu|
|poke|p2|Gholdengo|
|poke|p2|Zamazenta-*|
|poke|p2|Tornadus-Therian, M|
|teampreview
|inactive|Battle timer is ON: inactive players will automatically lose when time's up. (requested by abGodc)
|
|t:|1758946676
|teamsize|p1|6
|teamsize|p2|6
|start
|switch|p1a: Pelipper|Pelipper, M|100/100
|switch|p2a: Ting-Lu|Ting-Lu|100/100
|-ability|p2a: Ting-Lu|Vessel of Ruin
|-weather|RainDance|[from] ability: Drizzle|[of] p1a: Pelipper
|turn|1
|j| hirumjack
|
|t:|1758946683
|move|p2a: Ting-Lu|Payback|p1a: Pelipper
|-damage|p1a: Pelipper|82/100
|move|p1a: Pelipper|U-turn|p2a: Ting-Lu
|-supereffective|p2a: Ting-Lu
|-damage|p2a: Ting-Lu|90/100
|-enditem|p2a: Ting-Lu|Weakness Policy
|-boost|p2a: Ting-Lu|atk|2|[from] item: Weakness Policy
|-boost|p2a: Ting-Lu|spa|2|[from] item: Weakness Policy
|
|t:|1758946689
|switch|p1a: Ogerpon|Ogerpon-Wellspring, F|100/100|[from] U-turn
|
|-weather|RainDance|[upkeep]
|upkeep
|turn|2
|
|t:|1758946692
|-terastallize|p2a: Ting-Lu|Water
|move|p1a: Ogerpon|Ivy Cudgel|p2a: Ting-Lu|[anim] Ivy Cudgel Water
|-resisted|p2a: Ting-Lu
|-damage|p2a: Ting-Lu|66/100
|move|p2a: Ting-Lu|Payback|p1a: Ogerpon
|-damage|p1a: Ogerpon|0 fnt
|faint|p1a: Ogerpon
|
|-weather|RainDance|[upkeep]
|upkeep
|
|t:|1758946697
|switch|p1a: Zapdos|Zapdos|100/100
|turn|3
|
|t:|1758946704
|switch|p2a: Iron Treads|Iron Treads|100/100
|-enditem|p2a: Iron Treads|Booster Energy
|-activate|p2a: Iron Treads|ability: Quark Drive|[fromitem]
|-start|p2a: Iron Treads|quarkdrivespe
|move|p1a: Zapdos|Thunder|p2a: Iron Treads
|-immune|p2a: Iron Treads
|
|-weather|RainDance|[upkeep]
|upkeep
|turn|4
|
|t:|1758946727
|switch|p1a: Keldeo|Keldeo-Resolute|100/100
|move|p2a: Iron Treads|Ice Spinner|p1a: Keldeo
|-resisted|p1a: Keldeo
|-damage|p1a: Keldeo|87/100
|
|-weather|RainDance|[upkeep]
|upkeep
|turn|5
|
|t:|1758946743
|move|p2a: Iron Treads|Earthquake|p1a: Keldeo
|-damage|p1a: Keldeo|34/100
|move|p1a: Keldeo|Surf|p2a: Iron Treads
|-supereffective|p2a: Iron Treads
|-damage|p2a: Iron Treads|0 fnt
|faint|p2a: Iron Treads
|-end|p2a: Iron Treads|Quark Drive|[silent]
|
|-weather|RainDance|[upkeep]
|upkeep
|
|t:|1758946751
|switch|p2a: Ting-Lu|Ting-Lu, tera:Water|66/100
|-ability|p2a: Ting-Lu|Vessel of Ruin
|turn|6
|
|t:|1758946755
|switch|p1a: Zapdos|Zapdos|100/100
|move|p2a: Ting-Lu|Stealth Rock|p1a: Zapdos
|-sidestart|p1: icebeamprodigy|move: Stealth Rock
|
|-weather|RainDance|[upkeep]
|upkeep
|turn|7
|
|t:|1758946762
|move|p1a: Zapdos|Volt Switch|p2a: Ting-Lu
|-supereffective|p2a: Ting-Lu
|-damage|p2a: Ting-Lu|6/100
|
|t:|1758946767
|switch|p1a: Iron Treads|Iron Treads|100/100|[from] Volt Switch
|-damage|p1a: Iron Treads|97/100|[from] Stealth Rock
|move|p2a: Ting-Lu|Payback|p1a: Iron Treads
|-damage|p1a: Iron Treads|79/100
|-enditem|p1a: Iron Treads|Eject Button
|
|t:|1758946770
|-end|p1a: Iron Treads|Quark Drive|[silent]
|switch|p1a: Keldeo|Keldeo-Resolute|34/100
|-damage|p1a: Keldeo|27/100|[from] Stealth Rock
|
|-weather|RainDance|[upkeep]
|upkeep
|turn|8
|
|t:|1758946773
|move|p1a: Keldeo|Surf|p2a: Ting-Lu
|-resisted|p2a: Ting-Lu
|-damage|p2a: Ting-Lu|0 fnt
|faint|p2a: Ting-Lu
|
|-weather|none
|upkeep
|
|t:|1758946790
|switch|p2a: Tornadus|Tornadus-Therian, M|100/100
|turn|9
|
|t:|1758946804
|switch|p1a: Iron Treads|Iron Treads|79/100
|-damage|p1a: Iron Treads|76/100|[from] Stealth Rock
|move|p2a: Tornadus|Nasty Plot|p2a: Tornadus
|-boost|p2a: Tornadus|spa|2
|
|upkeep
|turn|10
|
|t:|1758946824
|move|p2a: Tornadus|Focus Blast|p1a: Iron Treads|[miss]
|-miss|p2a: Tornadus|p1a: Iron Treads
|move|p1a: Iron Treads|Rapid Spin|p2a: Tornadus
|-damage|p2a: Tornadus|84/100
|-boost|p1a: Iron Treads|spe|1
|-sideend|p1: icebeamprodigy|Stealth Rock|[from] move: Rapid Spin|[of] p1a: Iron Treads
|
|upkeep
|turn|11
|
|t:|1758946832
|-end|p1a: Iron Treads|Quark Drive|[silent]
|switch|p1a: Pelipper|Pelipper, M|82/100
|-weather|RainDance|[from] ability: Drizzle|[of] p1a: Pelipper
|move|p2a: Tornadus|Focus Blast|p1a: Pelipper
|-resisted|p1a: Pelipper
|-damage|p1a: Pelipper|19/100
|-damage|p2a: Tornadus|74/100|[from] item: Life Orb
|
|-weather|RainDance|[upkeep]
|upkeep
|turn|12
|
|t:|1758946841
|move|p2a: Tornadus|Dark Pulse|p1a: Pelipper
|-damage|p1a: Pelipper|0 fnt
|faint|p1a: Pelipper
|-damage|p2a: Tornadus|64/100|[from] item: Life Orb
|
|-weather|RainDance|[upkeep]
|upkeep
|
|t:|1758946844
|switch|p1a: Barraskewda|Barraskewda, F|100/100
|turn|13
|
|t:|1758946856
|move|p1a: Barraskewda|Liquidation|p2a: Tornadus
|-damage|p2a: Tornadus|0 fnt
|faint|p2a: Tornadus
|
|-weather|RainDance|[upkeep]
|upkeep
|
|t:|1758946858
|switch|p2a: Raging Bolt|Raging Bolt|100/100
|-enditem|p2a: Raging Bolt|Booster Energy
|-activate|p2a: Raging Bolt|ability: Protosynthesis|[fromitem]
|-start|p2a: Raging Bolt|protosynthesisspa
|turn|14
|
|t:|1758946863
|move|p1a: Barraskewda|Flip Turn|p2a: Raging Bolt
|-resisted|p2a: Raging Bolt
|-damage|p2a: Raging Bolt|81/100
|
|t:|1758946865
|switch|p1a: Iron Treads|Iron Treads|76/100|[from] Flip Turn
|move|p2a: Raging Bolt|Calm Mind|p2a: Raging Bolt
|-boost|p2a: Raging Bolt|spa|1
|-boost|p2a: Raging Bolt|spd|1
|
|-weather|RainDance|[upkeep]
|upkeep
|turn|15
|
|t:|1758946869
|move|p1a: Iron Treads|Earthquake|p2a: Raging Bolt
|-supereffective|p2a: Raging Bolt
|-damage|p2a: Raging Bolt|21/100
|move|p2a: Raging Bolt|Dragon Pulse|p1a: Iron Treads
|-resisted|p1a: Iron Treads
|-damage|p1a: Iron Treads|33/100
|
|-weather|RainDance|[upkeep]
|upkeep
|turn|16
|
|t:|1758946872
|-end|p2a: Raging Bolt|Protosynthesis|[silent]
|switch|p2a: Gholdengo|Gholdengo|100/100
|-item|p2a: Gholdengo|Air Balloon
|move|p1a: Iron Treads|Earthquake|p2a: Gholdengo
|-immune|p2a: Gholdengo
|
|-weather|RainDance|[upkeep]
|upkeep
|turn|17
|
|t:|1758946887
|move|p1a: Iron Treads|Stealth Rock|p2a: Gholdengo
|-sidestart|p2: abGodc|move: Stealth Rock
|move|p2a: Gholdengo|Shadow Ball|p1a: Iron Treads
|-damage|p1a: Iron Treads|0 fnt
|faint|p1a: Iron Treads
|-end|p1a: Iron Treads|Quark Drive|[silent]
|
|-weather|RainDance|[upkeep]
|upkeep
|
|t:|1758946896
|switch|p1a: Barraskewda|Barraskewda, F|100/100
|turn|18
|
|t:|1758946905
|move|p1a: Barraskewda|Liquidation|p2a: Gholdengo
|-damage|p2a: Gholdengo|34/100
|-enditem|p2a: Gholdengo|Air Balloon
|move|p2a: Gholdengo|Shadow Ball|p1a: Barraskewda
|-damage|p1a: Barraskewda|14/100
|
|-weather|none
|upkeep
|turn|19
|
|t:|1758946909
|move|p1a: Barraskewda|Liquidation|p2a: Gholdengo
|-damage|p2a: Gholdengo|0 fnt
|faint|p2a: Gholdengo
|
|upkeep
|
|t:|1758946911
|switch|p2a: Raging Bolt|Raging Bolt|21/100
|-damage|p2a: Raging Bolt|8/100|[from] Stealth Rock
|turn|20
|
|t:|1758946915
|move|p1a: Barraskewda|Liquidation|p2a: Raging Bolt
|-resisted|p2a: Raging Bolt
|-damage|p2a: Raging Bolt|0 fnt
|faint|p2a: Raging Bolt
|-end|p2a: Raging Bolt|Protosynthesis|[silent]
|
|upkeep
|
|t:|1758946916
|switch|p2a: Zamazenta|Zamazenta|100/100
|-damage|p2a: Zamazenta|94/100|[from] Stealth Rock
|-ability|p2a: Zamazenta|Dauntless Shield|boost
|-boost|p2a: Zamazenta|def|1
|turn|21
|
|t:|1758946919
|move|p2a: Zamazenta|Iron Defense|p2a: Zamazenta
|-boost|p2a: Zamazenta|def|2
|move|p1a: Barraskewda|Flip Turn|p2a: Zamazenta
|-damage|p2a: Zamazenta|84/100
|
|t:|1758946921
|switch|p1a: Zapdos|Zapdos|100/100|[from] Flip Turn
|
|-heal|p2a: Zamazenta|90/100|[from] item: Leftovers
|upkeep
|turn|22
|
|t:|1758946925
|move|p2a: Zamazenta|Body Press|p1a: Zapdos
|-resisted|p1a: Zapdos
|-damage|p1a: Zapdos|44/100
|move|p1a: Zapdos|Volt Switch|p2a: Zamazenta
|-damage|p2a: Zamazenta|45/100
|
|t:|1758946931
|switch|p1a: Barraskewda|Barraskewda, F|14/100|[from] Volt Switch
|
|-heal|p2a: Zamazenta|51/100|[from] item: Leftovers
|upkeep
|turn|23
|
|t:|1758946933
|move|p2a: Zamazenta|Body Press|p1a: Barraskewda
|-damage|p1a: Barraskewda|0 fnt
|faint|p1a: Barraskewda
|
|-heal|p2a: Zamazenta|57/100|[from] item: Leftovers
|upkeep
|
|t:|1758946935
|switch|p1a: Keldeo|Keldeo-Resolute|27/100
|turn|24
|
|t:|1758946937
|-terastallize|p1a: Keldeo|Fighting
|move|p1a: Keldeo|Vacuum Wave|p2a: Zamazenta
|-damage|p2a: Zamazenta|20/100
|move|p2a: Zamazenta|Body Press|p1a: Keldeo
|-damage|p1a: Keldeo|0 fnt
|faint|p1a: Keldeo
|
|-heal|p2a: Zamazenta|26/100|[from] item: Leftovers
|upkeep
|
|t:|1758946940
|switch|p1a: Zapdos|Zapdos|44/100
|turn|25
|
|t:|1758946943
|move|p2a: Zamazenta|Body Press|p1a: Zapdos
|-resisted|p1a: Zapdos
|-damage|p1a: Zapdos|0 fnt
|faint|p1a: Zapdos
|
|win|abGodc
|raw|icebeamprodigy's rating: 1726 &rarr; <strong>1705</strong><br />(-21 for losing)
|raw|abGodc's rating: 1712 &rarr; <strong>1733</strong><br />(+21 for winning)
|l|☆icebeamprodigy
|player|p1|
|l| hirumjack
|l|☆abGodc
|player|p2|
