|j|☆redcolorcap
|j|☆fadedregal
|t:|1758999193
|gametype|singles
|player|p1|redcolorcap|gentleman|1294
|player|p2|fadedregal|101|1229
|gen|9
|tier|[Gen 9] OU
|rated|
|rule|HP Percentage Mod: HP is shown in percentages
|rule|Endless Battle Clause: Forcing endless battles is banned
|rule|Species Clause: Limit one of each Pokémon
|rule|OHKO Clause: OHKO moves are banned
|rule|Evasion Items Clause: Evasion items are banned
|rule|Evasion Moves Clause: Evasion moves are banned
|rule|Evasion Abilities Clause: Evasion abilities are banned
|rule|Sleep Moves Clause: Sleep-inducing moves are banned
|clearpoke
|poke|p1|Infernape, F|
|poke|p1|Slowking, M|
|poke|p1|Dragapult, F|
|poke|p1|Samurott-Hisui, M|
|poke|p1|Gholdengo|
|poke|p1|Landorus-Therian, M|
|poke|p2|Talonflame, F|
|poke|p2|Alomomola, F|
|poke|p2|Hatterene, F|
|poke|p2|Ogerpon-Wellspring, F|
|poke|p2|Great Tusk|
|poke|p2|Raging Bolt|
|teampreview
|inactive|Battle timer is ON: inactive players will automatically lose when time's up. (requested by redcolorcap)
|
|t:|1758999197
|teamsize|p1|6
|teamsize|p2|6
|start
|switch|p1a: Samurott|Samurott-Hisui, M|100/100
|switch|p2a: Talonflame|Talonflame, F|100/100
|turn|1
|
|t:|1758999208
|move|p2a: Talonflame|U-turn|p1a: Samurott
|-supereffective|p1a: Samurott
|-damage|p1a: Samurott|32/100
|
|t:|1758999214
|switch|p2a: Ogerpon|Ogerpon-Wellspring, F|100/100|[from] U-turn
|move|p1a: Samurott|Ceaseless Edge|p2a: Ogerpon
|-damage|p2a: Ogerpon|45/100
|-sidestart|p2: fadedregal|Spikes
|
|upkeep
|turn|2
|
|t:|1758999242
|switch|p1a: Gholdengo|Gholdengo|100/100
|move|p2a: Ogerpon|U-turn|p1a: Gholdengo
|-resisted|p1a: Gholdengo
|-damage|p1a: Gholdengo|96/100
|
|t:|1758999248
|switch|p2a: Great Tusk|Great Tusk|100/100|[from] U-turn
|
|-heal|p1a: Gholdengo|100/100|[from] item: Leftovers
|upkeep
|turn|3
|inactive|redcolorcap has 120 seconds left.
|
|t:|1758999276
|-terastallize|p1a: Gholdengo|Fairy
|move|p2a: Great Tusk|Headlong Rush|p1a: Gholdengo
|-damage|p1a: Gholdengo|64/100
|-unboost|p2a: Great Tusk|def|1
|-unboost|p2a: Great Tusk|spd|1
|move|p1a: Gholdengo|Nasty Plot|p1a: Gholdengo
|-boost|p1a: Gholdengo|spa|2
|
|-heal|p1a: Gholdengo|70/100|[from] item: Leftovers
|upkeep
|turn|4
|
|t:|1758999289
|move|p2a: Great Tusk|Stealth Rock|p1a: Gholdengo
|-sidestart|p1: redcolorcap|move: Stealth Rock
|move|p1a: Gholdengo|Recover|p1a: Gholdengo
|-heal|p1a: Gholdengo|100/100
|
|upkeep
|turn|5
|
|t:|1758999296
|-end|p2a: Great Tusk|Protosynthesis|[silent]
|switch|p2a: Alomomola|Alomomola, F|100/100
|-damage|p2a: Alomomola|88/100|[from] Spikes
|move|p1a: Gholdengo|Hex|p2a: Alomomola
|-damage|p2a: Alomomola|37/100
|-enditem|p2a: Alomomola|Eject Button
|
|t:|1758999306
|switch|p2a: Ogerpon|Ogerpon-Wellspring, F|45/100
|-damage|p2a: Ogerpon|33/100|[from] Spikes
|
|upkeep
|turn|6
|
|t:|1758999316
|move|p2a: Ogerpon|Knock Off|p1a: Gholdengo
|-resisted|p1a: Gholdengo
|-damage|p1a: Gholdengo|87/100
|-enditem|p1a: Gholdengo|Leftovers|[from] move: Knock Off|[of] p2a: Ogerpon
|move|p1a: Gholdengo|Hex|p2a: Ogerpon
|-damage|p2a: Ogerpon|0 fnt
|faint|p2a: Ogerpon
|
|upkeep
|inactive|fadedregal has 120 seconds left.
|
|t:|1758999344
|switch|p2a: Raging Bolt|Raging Bolt|100/100
|-damage|p2a: Raging Bolt|88/100|[from] Spikes
|turn|7
|
|t:|1758999355
|-terastallize|p2a: Raging Bolt|Ice
|move|p1a: Gholdengo|Hex|p2a: Raging Bolt
|-damage|p2a: Raging Bolt|56/100
|move|p2a: Raging Bolt|Tera Blast|p1a: Gholdengo|[anim] Tera Blast Ice
|-damage|p1a: Gholdengo|39/100
|
|upkeep
|turn|8
|
|t:|1758999368
|move|p2a: Raging Bolt|Thunderclap||[still]
|-fail|p2a: Raging Bolt
|move|p1a: Gholdengo|Recover|p1a: Gholdengo
|-heal|p1a: Gholdengo|89/100
|
|upkeep
|turn|9
|
|t:|1758999378
|move|p1a: Gholdengo|Nasty Plot|p1a: Gholdengo
|-boost|p1a: Gholdengo|spa|2
|move|p2a: Raging Bolt|Volt Switch|p1a: Gholdengo
|-damage|p1a: Gholdengo|47/100
|
|t:|1758999391
|-end|p2a: Raging Bolt|Protosynthesis|[silent]
|switch|p2a: Alomomola|Alomomola, F|71/100|[from] Volt Switch
|-damage|p2a: Alomomola|58/100|[from] Spikes
|
|upkeep
|turn|10
|
|t:|1758999397
|move|p1a: Gholdengo|Recover|p1a: Gholdengo
|-heal|p1a: Gholdengo|97/100
|move|p2a: Alomomola|Healing Wish|p2a: Alomomola
|faint|p2a: Alomomola
|
|upkeep
|
|t:|1758999402
|switch|p2a: Raging Bolt|Raging Bolt, tera:Ice|56/100
|-heal|p2a: Raging Bolt|100/100|[from] move: Healing Wish
|-damage|p2a: Raging Bolt|88/100|[from] Spikes
|turn|11
|
|t:|1758999411
|move|p2a: Raging Bolt|Thunderclap||[still]
|-fail|p2a: Raging Bolt
|move|p1a: Gholdengo|Thunder Wave|p2a: Raging Bolt
|-status|p2a: Raging Bolt|par
|
|upkeep
|turn|12
|
|t:|1758999416
|move|p1a: Gholdengo|Hex|p2a: Raging Bolt
|-damage|p2a: Raging Bolt|1/100 par
|move|p2a: Raging Bolt|Tera Blast|p1a: Gholdengo|[anim] Tera Blast Ice
|-crit|p1a: Gholdengo
|-damage|p1a: Gholdengo|27/100
|
|upkeep
|turn|13
|
|t:|1758999426
|move|p1a: Gholdengo|Recover|p1a: Gholdengo
|-heal|p1a: Gholdengo|77/100
|cant|p2a: Raging Bolt|par
|
|upkeep
|turn|14
|
|t:|1758999436
|cant|p2a: Raging Bolt|par
|move|p1a: Gholdengo|Recover|p1a: Gholdengo
|-heal|p1a: Gholdengo|100/100
|
|upkeep
|turn|15
|
|t:|1758999441
|move|p2a: Raging Bolt|Thunderclap|p1a: Gholdengo
|-damage|p1a: Gholdengo|61/100
|move|p1a: Gholdengo|Hex|p2a: Raging Bolt
|-damage|p2a: Raging Bolt|0 fnt
|faint|p2a: Raging Bolt
|-end|p2a: Raging Bolt|Protosynthesis|[silent]
|
|upkeep
|
|t:|1758999451
|switch|p2a: Talonflame|Talonflame, F|100/100
|turn|16
|
|t:|1758999456
|move|p2a: Talonflame|Brave Bird|p1a: Gholdengo
|-damage|p1a: Gholdengo|15/100
|-damage|p2a: Talonflame|81/100|[from] Recoil
|move|p1a: Gholdengo|Recover|p1a: Gholdengo
|-heal|p1a: Gholdengo|65/100
|
|upkeep
|turn|17
|
|t:|1758999464
|move|p2a: Talonflame|Brave Bird|p1a: Gholdengo
|-damage|p1a: Gholdengo|21/100
|-damage|p2a: Talonflame|63/100|[from] Recoil
|move|p1a: Gholdengo|Recover|p1a: Gholdengo
|-heal|p1a: Gholdengo|71/100
|
|upkeep
|turn|18
|-message|fadedregal forfeited.
|
|win|redcolorcap
|raw|redcolorcap's rating: 1294 &rarr; <strong>1314</strong><br />(+20 for winning)
|raw|fadedregal's rating: 1229 &rarr; <strong>1209</strong><br />(-20 for losing)
|l|☆fadedregal
|player|p2|
