|j|☆dabinki3
|j|☆Hai_Dark
|t:|1759053776
|gametype|singles
|player|p1|dabinki3|red|1447
|player|p2|Hai_Dark|265|1416
|gen|9
|tier|[Gen 9] OU
|rated|
|rule|HP Percentage Mod: HP is shown in percentages
|rule|Endless Battle Clause: Forcing endless battles is banned
|rule|Species Clause: Limit one of each Pokémon
|rule|OHKO Clause: OHKO moves are banned
|rule|Evasion Items Clause: Evasion items are banned
|rule|Evasion Moves Clause: Evasion moves are banned
|rule|Evasion Abilities Clause: Evasion abilities are banned
|rule|Sleep Moves Clause: Sleep-inducing moves are banned
|clearpoke
|poke|p1|Keldeo-Resolute|
|poke|p1|Dragapult, M|
|poke|p1|Slowking-Galar, F|
|poke|p1|Kingambit, M|
|poke|p1|Zapdos|
|poke|p1|Great Tusk|
|poke|p2|Blissey, F|
|poke|p2|Porygon-Z|
|poke|p2|Meowscarada, F|
|poke|p2|Skeledirge, F|
|poke|p2|Corviknight, F|
|poke|p2|Araquanid, F|
|teampreview
|
|t:|1759053790
|teamsize|p1|6
|teamsize|p2|6
|start
|switch|p1a: Dragapult|Dragapult, M, shiny|100/100
|switch|p2a: Meowscarada|Meowscarada, F|100/100
|turn|1
|
|t:|1759053793
|switch|p1a: Zapdos|Zapdos, shiny|100/100
|move|p2a: Meowscarada|Knock Off|p1a: Zapdos
|-start|p2a: Meowscarada|typechange|Dark|[from] ability: Protean
|-damage|p1a: Zapdos|67/100
|-enditem|p1a: Zapdos|Heavy-Duty Boots|[from] move: Knock Off|[of] p2a: Meowscarada
|
|upkeep
|turn|2
|
|t:|1759053807
|switch|p2a: Blissey|Blissey, F|100/100
|move|p1a: Zapdos|U-turn|p2a: Blissey
|-damage|p2a: Blissey|74/100
|
|t:|1759053814
|switch|p1a: Keldeo|Keldeo-Resolute|100/100|[from] U-turn
|
|-heal|p2a: Blissey|80/100|[from] item: Leftovers
|upkeep
|turn|3
|
|t:|1759053820
|switch|p2a: Skeledirge|Skeledirge, F|100/100
|move|p1a: Keldeo|Secret Sword|p2a: Skeledirge
|-immune|p2a: Skeledirge
|
|upkeep
|turn|4
|
|t:|1759053843
|switch|p1a: Slowking|Slowking-Galar, F, shiny|100/100
|switch|p2a: Meowscarada|Meowscarada, F|100/100
|
|upkeep
|turn|5
|
|t:|1759053849
|switch|p1a: Zapdos|Zapdos, shiny|67/100
|move|p2a: Meowscarada|Trick|p1a: Zapdos
|-start|p2a: Meowscarada|typechange|Psychic|[from] ability: Protean
|-activate|p2a: Meowscarada|move: Trick|[of] p1a: Zapdos
|-item|p1a: Zapdos|Choice Scarf|[from] move: Trick
|-enditem|p2a: Meowscarada|Choice Scarf|[silent]|[from] move: Trick
|
|upkeep
|turn|6
|
|t:|1759053861
|move|p2a: Meowscarada|U-turn|p1a: Zapdos
|-resisted|p1a: Zapdos
|-damage|p1a: Zapdos|60/100
|
|t:|1759053864
|switch|p2a: Corviknight|Corviknight, F|100/100|[from] U-turn
|move|p1a: Zapdos|U-turn|p2a: Corviknight
|-resisted|p2a: Corviknight
|-damage|p2a: Corviknight|98/100
|-damage|p1a: Zapdos|43/100|[from] item: Rocky Helmet|[of] p2a: Corviknight
|
|t:|1759053869
|switch|p1a: Keldeo|Keldeo-Resolute|100/100|[from] U-turn
|
|upkeep
|turn|7
|
|t:|1759053874
|move|p1a: Keldeo|Substitute|p1a: Keldeo
|-start|p1a: Keldeo|Substitute
|-damage|p1a: Keldeo|76/100
|move|p2a: Corviknight|U-turn|p1a: Keldeo
|-resisted|p1a: Keldeo
|-activate|p1a: Keldeo|move: Substitute|[damage]
|
|t:|1759053878
|switch|p2a: Skeledirge|Skeledirge, F|100/100|[from] U-turn
|
|-heal|p1a: Keldeo|82/100|[from] item: Leftovers
|upkeep
|turn|8
|
|t:|1759053882
|move|p1a: Keldeo|Surf|p2a: Skeledirge
|-supereffective|p2a: Skeledirge
|-damage|p2a: Skeledirge|16/100
|-enditem|p2a: Skeledirge|Sitrus Berry|[eat]
|-heal|p2a: Skeledirge|41/100|[from] item: Sitrus Berry
|move|p2a: Skeledirge|Roar|p1a: Keldeo
|drag|p1a: Dragapult|Dragapult, M, shiny|100/100
|
|upkeep
|turn|9
|
|t:|1759053903
|switch|p2a: Corviknight|Corviknight, F|98/100
|move|p1a: Dragapult|U-turn|p2a: Corviknight
|-resisted|p2a: Corviknight
|-damage|p2a: Corviknight|93/100
|-damage|p1a: Dragapult|84/100|[from] item: Rocky Helmet|[of] p2a: Corviknight
|
|t:|1759053905
|switch|p1a: Keldeo|Keldeo-Resolute|82/100|[from] U-turn
|
|-heal|p1a: Keldeo|88/100|[from] item: Leftovers
|upkeep
|turn|10
|
|t:|1759053912
|move|p1a: Keldeo|Substitute|p1a: Keldeo
|-start|p1a: Keldeo|Substitute
|-damage|p1a: Keldeo|63/100
|move|p2a: Corviknight|Body Press|p1a: Keldeo
|-end|p1a: Keldeo|Substitute
|
|-heal|p1a: Keldeo|69/100|[from] item: Leftovers
|upkeep
|turn|11
|
|t:|1759053921
|move|p1a: Keldeo|Secret Sword|p2a: Corviknight
|-damage|p2a: Corviknight|70/100
|move|p2a: Corviknight|Body Press|p1a: Keldeo
|-damage|p1a: Keldeo|41/100
|
|-heal|p1a: Keldeo|47/100|[from] item: Leftovers
|upkeep
|turn|12
|
|t:|1759053926
|switch|p1a: Slowking|Slowking-Galar, F, shiny|100/100
|move|p2a: Corviknight|Roost|p2a: Corviknight
|-heal|p2a: Corviknight|100/100
|-singleturn|p2a: Corviknight|move: Roost
|
|upkeep
|turn|13
|
|t:|1759053942
|move|p2a: Corviknight|U-turn|p1a: Slowking
|-damage|p1a: Slowking|84/100
|
|t:|1759053945
|switch|p2a: Meowscarada|Meowscarada, F|100/100|[from] U-turn
|move|p1a: Slowking|Trick|p2a: Meowscarada
|-activate|p1a: Slowking|move: Trick|[of] p2a: Meowscarada
|-item|p2a: Meowscarada|Black Sludge|[from] move: Trick
|-enditem|p1a: Slowking|Black Sludge|[silent]|[from] move: Trick
|
|-damage|p2a: Meowscarada|88/100|[from] item: Black Sludge
|upkeep
|turn|14
|inactive|Battle timer is ON: inactive players will automatically lose when time's up. (requested by dabinki3)
|
|t:|1759053965
|switch|p1a: Zapdos|Zapdos, shiny|43/100
|move|p2a: Meowscarada|Trick|p1a: Zapdos
|-start|p2a: Meowscarada|typechange|Psychic|[from] ability: Protean
|-activate|p2a: Meowscarada|move: Trick|[of] p1a: Zapdos
|-item|p1a: Zapdos|Black Sludge|[from] move: Trick
|-item|p2a: Meowscarada|Choice Scarf|[from] move: Trick
|
|-damage|p1a: Zapdos|31/100|[from] item: Black Sludge
|upkeep
|turn|15
|
|t:|1759053993
|move|p2a: Meowscarada|U-turn|p1a: Zapdos
|-resisted|p1a: Zapdos
|-damage|p1a: Zapdos|23/100
|
|t:|1759053995
|switch|p2a: Corviknight|Corviknight, F|100/100|[from] U-turn
|move|p1a: Zapdos|Roost|p1a: Zapdos
|-heal|p1a: Zapdos|73/100
|-singleturn|p1a: Zapdos|move: Roost
|
|-damage|p1a: Zapdos|61/100|[from] item: Black Sludge
|upkeep
|turn|16
|
|t:|1759054000
|move|p1a: Zapdos|Discharge|p2a: Corviknight
|-supereffective|p2a: Corviknight
|-damage|p2a: Corviknight|36/100
|-status|p2a: Corviknight|par
|move|p2a: Corviknight|U-turn|p1a: Zapdos
|-resisted|p1a: Zapdos
|-damage|p1a: Zapdos|56/100
|
|t:|1759054007
|switch|p2a: Porygon-Z|Porygon-Z|100/100|[from] U-turn
|
|-damage|p1a: Zapdos|44/100|[from] item: Black Sludge
|upkeep
|turn|17
|
|t:|1759054013
|switch|p1a: Slowking|Slowking-Galar, F, shiny|100/100
|move|p2a: Porygon-Z|Tri Attack|p1a: Slowking
|-damage|p1a: Slowking|42/100
|
|upkeep
|turn|18
|
|t:|1759054019
|switch|p2a: Meowscarada|Meowscarada, F|88/100
|switch|p1a: Dragapult|Dragapult, M, shiny|84/100
|
|upkeep
|turn|19
|
|t:|1759054026
|switch|p1a: Great Tusk|Great Tusk, shiny|100/100
|move|p2a: Meowscarada|Knock Off|p1a: Great Tusk
|-start|p2a: Meowscarada|typechange|Dark|[from] ability: Protean
|-resisted|p1a: Great Tusk
|-damage|p1a: Great Tusk|84/100
|-enditem|p1a: Great Tusk|Heavy-Duty Boots|[from] move: Knock Off|[of] p2a: Meowscarada
|
|upkeep
|turn|20
|
|t:|1759054045
|switch|p2a: Corviknight|Corviknight, F|36/100 par
|-end|p1a: Great Tusk|Protosynthesis|[silent]
|switch|p1a: Dragapult|Dragapult, M, shiny|84/100
|
|upkeep
|turn|21
|
|t:|1759054049
|-terastallize|p1a: Dragapult|Ghost
|move|p1a: Dragapult|Tera Blast|p2a: Corviknight|[anim] Tera Blast Ghost
|-damage|p2a: Corviknight|0 fnt
|faint|p2a: Corviknight
|
|upkeep
|
|t:|1759054056
|switch|p2a: Porygon-Z|Porygon-Z|100/100
|turn|22
|
|t:|1759054064
|switch|p1a: Slowking|Slowking-Galar, F, shiny|75/100
|move|p2a: Porygon-Z|Shadow Ball|p1a: Slowking
|-supereffective|p1a: Slowking
|-damage|p1a: Slowking|23/100
|
|upkeep
|turn|23
|
|t:|1759054073
|move|p2a: Porygon-Z|Shadow Ball|p1a: Slowking
|-supereffective|p1a: Slowking
|-damage|p1a: Slowking|0 fnt
|faint|p1a: Slowking
|
|upkeep
|
|t:|1759054078
|switch|p1a: Dragapult|Dragapult, M, shiny, tera:Ghost|84/100
|turn|24
|
|t:|1759054097
|switch|p2a: Blissey|Blissey, F|80/100
|move|p1a: Dragapult|U-turn|p2a: Blissey
|-damage|p2a: Blissey|8/100
|
|t:|1759054109
|switch|p1a: Great Tusk|Great Tusk, shiny|84/100|[from] U-turn
|
|-heal|p2a: Blissey|15/100|[from] item: Leftovers
|upkeep
|turn|25
|
|t:|1759054116
|move|p1a: Great Tusk|Rapid Spin|p2a: Blissey
|-damage|p2a: Blissey|0 fnt
|-boost|p1a: Great Tusk|spe|1
|faint|p2a: Blissey
|
|upkeep
|
|t:|1759054119
|switch|p2a: Araquanid|Araquanid, F|100/100
|turn|26
|
|t:|1759054125
|-end|p1a: Great Tusk|Protosynthesis|[silent]
|switch|p1a: Keldeo|Keldeo-Resolute|47/100
|move|p2a: Araquanid|Liquidation|p1a: Keldeo
|-resisted|p1a: Keldeo
|-damage|p1a: Keldeo|26/100
|
|-heal|p1a: Keldeo|32/100|[from] item: Leftovers
|upkeep
|turn|27
|
|t:|1759054133
|move|p1a: Keldeo|Secret Sword|p2a: Araquanid
|-resisted|p2a: Araquanid
|-damage|p2a: Araquanid|80/100
|move|p2a: Araquanid|Sticky Web|p1a: Keldeo
|-sidestart|p1: dabinki3|move: Sticky Web
|
|-heal|p1a: Keldeo|38/100|[from] item: Leftovers
|upkeep
|turn|28
|
|t:|1759054142
|move|p1a: Keldeo|Secret Sword|p2a: Araquanid
|-resisted|p2a: Araquanid
|-damage|p2a: Araquanid|57/100
|move|p2a: Araquanid|Liquidation|p1a: Keldeo
|-resisted|p1a: Keldeo
|-damage|p1a: Keldeo|15/100
|
|-heal|p1a: Keldeo|21/100|[from] item: Leftovers
|upkeep
|turn|29
|
|t:|1759054148
|move|p1a: Keldeo|Secret Sword|p2a: Araquanid
|-resisted|p2a: Araquanid
|-damage|p2a: Araquanid|36/100
|move|p2a: Araquanid|Liquidation|p1a: Keldeo
|-resisted|p1a: Keldeo
|-damage|p1a: Keldeo|0 fnt
|faint|p1a: Keldeo
|
|upkeep
|
|t:|1759054157
|switch|p1a: Zapdos|Zapdos, shiny|44/100
|turn|30
|
|t:|1759054166
|move|p1a: Zapdos|Discharge|p2a: Araquanid
|-supereffective|p2a: Araquanid
|-damage|p2a: Araquanid|0 fnt
|faint|p2a: Araquanid
|
|-damage|p1a: Zapdos|32/100|[from] item: Black Sludge
|upkeep
|
|t:|1759054171
|switch|p2a: Porygon-Z|Porygon-Z|100/100
|turn|31
|
|t:|1759054183
|switch|p1a: Kingambit|Kingambit, M, shiny|100/100
|-activate|p1a: Kingambit|move: Sticky Web
|-unboost|p1a: Kingambit|spe|1
|-activate|p1a: Kingambit|ability: Supreme Overlord
|-start|p1a: Kingambit|fallen2|[silent]
|move|p2a: Porygon-Z|Shadow Ball|p1a: Kingambit
|-resisted|p1a: Kingambit
|-damage|p1a: Kingambit|77/100
|-unboost|p1a: Kingambit|spd|1
|
|-heal|p1a: Kingambit|83/100|[from] item: Leftovers
|upkeep
|turn|32
|
|t:|1759054192
|switch|p2a: Skeledirge|Skeledirge, F|41/100
|move|p1a: Kingambit|Kowtow Cleave|p2a: Skeledirge
|-supereffective|p2a: Skeledirge
|-damage|p2a: Skeledirge|0 fnt
|faint|p2a: Skeledirge
|
|-heal|p1a: Kingambit|89/100|[from] item: Leftovers
|upkeep
|
|t:|1759054194
|switch|p2a: Porygon-Z|Porygon-Z|100/100
|turn|33
|
|t:|1759054211
|-end|p1a: Kingambit|fallen2|[silent]
|switch|p1a: Great Tusk|Great Tusk, shiny|84/100
|-activate|p1a: Great Tusk|move: Sticky Web
|-unboost|p1a: Great Tusk|spe|1
|-terastallize|p2a: Porygon-Z|Stellar
|move|p2a: Porygon-Z|Tera Blast|p1a: Great Tusk|[anim] Tera Blast Stellar
|-damage|p1a: Great Tusk|0 fnt
|-unboost|p2a: Porygon-Z|atk|1
|-unboost|p2a: Porygon-Z|spa|1
|faint|p1a: Great Tusk
|-end|p1a: Great Tusk|Protosynthesis|[silent]
|
|upkeep
|
|t:|1759054218
|switch|p1a: Dragapult|Dragapult, M, shiny, tera:Ghost|84/100
|-activate|p1a: Dragapult|move: Sticky Web
|-fail|p1a: Dragapult|unboost|[from] ability: Clear Body|[of] p1a: Dragapult
|turn|34
|
|t:|1759054226
|move|p1a: Dragapult|U-turn|p2a: Porygon-Z
|-damage|p2a: Porygon-Z|53/100
|
|t:|1759054228
|switch|p1a: Zapdos|Zapdos, shiny|32/100|[from] U-turn
|move|p2a: Porygon-Z|Tera Blast|p1a: Zapdos|[anim] Tera Blast Stellar
|-damage|p1a: Zapdos|0 fnt
|-unboost|p2a: Porygon-Z|atk|1
|-unboost|p2a: Porygon-Z|spa|1
|faint|p1a: Zapdos
|
|upkeep
|
|t:|1759054234
|switch|p1a: Dragapult|Dragapult, M, shiny, tera:Ghost|84/100
|-activate|p1a: Dragapult|move: Sticky Web
|-fail|p1a: Dragapult|unboost|[from] ability: Clear Body|[of] p1a: Dragapult
|turn|35
|
|t:|1759054242
|move|p1a: Dragapult|Dragon Darts|p2a: Porygon-Z
|-damage|p2a: Porygon-Z|1/100
|-anim|p1a: Dragapult|Dragon Darts|p2a: Porygon-Z
|-damage|p2a: Porygon-Z|0 fnt
|faint|p2a: Porygon-Z
|
|upkeep
|
|t:|1759054250
|switch|p2a: Meowscarada|Meowscarada, F|88/100
|turn|36
|c|☆dabinki3|Gg
|
|t:|1759054258
|move|p2a: Meowscarada|Trick|p1a: Dragapult
|-start|p2a: Meowscarada|typechange|Psychic|[from] ability: Protean
|-activate|p2a: Meowscarada|move: Trick|[of] p1a: Dragapult
|-item|p1a: Dragapult|Choice Scarf|[from] move: Trick
|-item|p2a: Meowscarada|Choice Band|[from] move: Trick
|move|p1a: Dragapult|Dragon Darts|p2a: Meowscarada
|-damage|p2a: Meowscarada|49/100
|-anim|p1a: Dragapult|Dragon Darts|p2a: Meowscarada
|-damage|p2a: Meowscarada|11/100
|
|upkeep
|turn|37
|
|t:|1759054263
|move|p1a: Dragapult|Dragon Darts|p2a: Meowscarada
|-damage|p2a: Meowscarada|0 fnt
|faint|p2a: Meowscarada
|
|win|dabinki3
|raw|dabinki3's rating: 1447 &rarr; <strong>1465</strong><br />(+18 for winning)
|raw|Hai_Dark's rating: 1416 &rarr; <strong>1398</strong><br />(-18 for losing)
|l|☆Hai_Dark
|player|p2|
|l|☆dabinki3
|player|p1|
