|j|☆Gurden
|j|☆Reyzzox
|t:|1758991979
|gametype|singles
|player|p1|Gurden|169|1055
|player|p2|Reyzzox|1|1061
|gen|9
|tier|[Gen 9] OU
|rated|
|rule|HP Percentage Mod: HP is shown in percentages
|rule|Endless Battle Clause: Forcing endless battles is banned
|rule|Species Clause: Limit one of each Pokémon
|rule|OHKO Clause: OHKO moves are banned
|rule|Evasion Items Clause: Evasion items are banned
|rule|Evasion Moves Clause: Evasion moves are banned
|rule|Evasion Abilities Clause: Evasion abilities are banned
|rule|Sleep Moves Clause: Sleep-inducing moves are banned
|clearpoke
|poke|p1|Hydreigon, M|
|poke|p1|Serperior, M|
|poke|p1|Tauros-Paldea-Aqua, M|
|poke|p1|Talonflame, M|
|poke|p1|Galvantula, M|
|poke|p1|Infernape, F|
|poke|p2|Dragonite, F|
|poke|p2|Electivire, F|
|poke|p2|Ceruledge, F|
|poke|p2|Feraligatr, M|
|poke|p2|Krookodile, M|
|poke|p2|Porygon-Z|
|teampreview
|
|t:|1758991994
|teamsize|p1|6
|teamsize|p2|6
|start
|switch|p1a: Hydreigon|Hydreigon, M|100/100
|switch|p2a: Feraligatr|Feraligatr, M|100/100
|turn|1
|
|t:|1758992004
|move|p1a: Hydreigon|Substitute|p1a: Hydreigon
|-start|p1a: Hydreigon|Substitute
|-damage|p1a: Hydreigon|76/100
|move|p2a: Feraligatr|Dragon Dance|p2a: Feraligatr
|-boost|p2a: Feraligatr|atk|1
|-boost|p2a: Feraligatr|spe|1
|
|upkeep
|turn|2
|
|t:|1758992011
|move|p2a: Feraligatr|Aqua Jet|p1a: Hydreigon
|-resisted|p1a: Hydreigon
|-activate|p1a: Hydreigon|move: Substitute|[damage]
|move|p1a: Hydreigon|Focus Energy|p1a: Hydreigon
|-start|p1a: Hydreigon|move: Focus Energy
|
|upkeep
|turn|3
|
|t:|1758992019
|move|p2a: Feraligatr|Ice Punch|p1a: Hydreigon
|-supereffective|p1a: Hydreigon
|-end|p1a: Hydreigon|Substitute
|move|p1a: Hydreigon|Draco Meteor|p2a: Feraligatr
|-crit|p2a: Feraligatr
|-damage|p2a: Feraligatr|0 fnt
|-unboost|p1a: Hydreigon|spa|2
|faint|p2a: Feraligatr
|
|upkeep
|
|t:|1758992032
|switch|p2a: Porygon-Z|Porygon-Z|100/100
|turn|4
|
|t:|1758992037
|move|p1a: Hydreigon|Draco Meteor|p2a: Porygon-Z|[miss]
|-miss|p1a: Hydreigon|p2a: Porygon-Z
|move|p2a: Porygon-Z|Ice Beam|p1a: Hydreigon
|-supereffective|p1a: Hydreigon
|-damage|p1a: Hydreigon|0 fnt
|faint|p1a: Hydreigon
|
|upkeep
|
|t:|1758992053
|switch|p1a: Tauros|Tauros-Paldea-Aqua, M|100/100
|turn|5
|
|t:|1758992068
|switch|p2a: Ceruledge|Ceruledge, F, shiny|100/100
|move|p1a: Tauros|Raging Bull|p2a: Ceruledge
|-supereffective|p2a: Ceruledge
|-damage|p2a: Ceruledge|0 fnt
|faint|p2a: Ceruledge
|
|upkeep
|
|t:|1758992079
|switch|p2a: Porygon-Z|Porygon-Z|100/100
|turn|6
|
|t:|1758992086
|move|p1a: Tauros|Trailblaze|p2a: Porygon-Z
|-damage|p2a: Porygon-Z|77/100
|-boost|p1a: Tauros|spe|1
|move|p2a: Porygon-Z|Thunderbolt|p1a: Tauros
|-supereffective|p1a: Tauros
|-damage|p1a: Tauros|0 fnt
|faint|p1a: Tauros
|
|upkeep
|
|t:|1758992096
|switch|p1a: Infernape|Infernape, F|100/100
|turn|7
|
|t:|1758992102
|move|p1a: Infernape|Swords Dance|p1a: Infernape
|-boost|p1a: Infernape|atk|2
|move|p2a: Porygon-Z|Thunderbolt|p1a: Infernape
|-damage|p1a: Infernape|24/100
|
|upkeep
|turn|8
|
|t:|1758992114
|move|p1a: Infernape|Close Combat|p2a: Porygon-Z
|-supereffective|p2a: Porygon-Z
|-damage|p2a: Porygon-Z|0 fnt
|-unboost|p1a: Infernape|def|1
|-unboost|p1a: Infernape|spd|1
|faint|p2a: Porygon-Z
|
|upkeep
|
|t:|1758992121
|switch|p2a: Dragonite|Dragonite, F|100/100
|turn|9
|
|t:|1758992127
|move|p1a: Infernape|Raging Fury|p2a: Dragonite
|-resisted|p2a: Dragonite
|-damage|p2a: Dragonite|72/100
|move|p2a: Dragonite|Dragon Dance|p2a: Dragonite
|-boost|p2a: Dragonite|atk|1
|-boost|p2a: Dragonite|spe|1
|
|upkeep
|turn|10
|
|t:|1758992137
|move|p2a: Dragonite|Aerial Ace|p1a: Infernape
|-supereffective|p1a: Infernape
|-damage|p1a: Infernape|0 fnt
|faint|p1a: Infernape
|
|upkeep
|
|t:|1758992142
|switch|p1a: Talonflame|Talonflame, M|100/100
|turn|11
|
|t:|1758992147
|move|p2a: Dragonite|Aerial Ace|p1a: Talonflame
|-damage|p1a: Talonflame|18/100
|move|p1a: Talonflame|Will-O-Wisp|p2a: Dragonite|[miss]
|-miss|p1a: Talonflame|p2a: Dragonite
|
|upkeep
|turn|12
|
|t:|1758992155
|move|p2a: Dragonite|Extreme Speed|p1a: Talonflame
|-damage|p1a: Talonflame|0 fnt
|-status|p2a: Dragonite|brn|[from] ability: Flame Body|[of] p1a: Talonflame
|faint|p1a: Talonflame
|
|-damage|p2a: Dragonite|66/100 brn|[from] brn
|upkeep
|
|t:|1758992165
|switch|p1a: Galvantula|Galvantula, M|100/100
|turn|13
|
|t:|1758992170
|move|p2a: Dragonite|Aerial Ace|p1a: Galvantula
|-damage|p1a: Galvantula|52/100
|move|p1a: Galvantula|Thunder|p2a: Dragonite
|-damage|p2a: Dragonite|0 fnt
|faint|p2a: Dragonite
|
|upkeep
|
|t:|1758992176
|switch|p2a: Krookodile|Krookodile, M, shiny|100/100
|turn|14
|
|t:|1758992184
|switch|p1a: Serperior|Serperior, M|100/100
|move|p2a: Krookodile|Close Combat|p1a: Serperior
|-damage|p1a: Serperior|31/100
|-unboost|p2a: Krookodile|def|1
|-unboost|p2a: Krookodile|spd|1
|
|upkeep
|turn|15
|
|t:|1758992197
|move|p1a: Serperior|Leaf Storm|p2a: Krookodile
|-supereffective|p2a: Krookodile
|-damage|p2a: Krookodile|0 fnt
|-boost|p1a: Serperior|spa|2
|faint|p2a: Krookodile
|-damage|p1a: Serperior|21/100|[from] item: Life Orb
|
|upkeep
|
|t:|1758992199
|switch|p2a: Electivire|Electivire, F, shiny|100/100
|turn|16
|
|t:|1758992209
|move|p1a: Serperior|Leaf Storm|p2a: Electivire
|-damage|p2a: Electivire|0 fnt
|-boost|p1a: Serperior|spa|2
|faint|p2a: Electivire
|-damage|p1a: Serperior|11/100|[from] item: Life Orb
|
|win|Gurden
|raw|Gurden's rating: 1055 &rarr; <strong>1087</strong><br />(+32 for winning)
|raw|Reyzzox's rating: 1061 &rarr; <strong>1042</strong><br />(-19 for losing)
|l|☆Reyzzox
|player|p2|
|l|☆Gurden
|player|p1|
