|j|☆slowbro213
|j|☆roasted_kitchen
|t:|1758968563
|gametype|singles
|player|p1|slowbro213|169|1287
|player|p2|roasted_kitchen|102|1290
|gen|9
|tier|[Gen 9] OU
|rated|
|rule|HP Percentage Mod: HP is shown in percentages
|rule|Endless Battle Clause: Forcing endless battles is banned
|rule|Species Clause: Limit one of each Pokémon
|rule|OHKO Clause: OHKO moves are banned
|rule|Evasion Items Clause: Evasion items are banned
|rule|Evasion Moves Clause: Evasion moves are banned
|rule|Evasion Abilities Clause: Evasion abilities are banned
|rule|Sleep Moves Clause: Sleep-inducing moves are banned
|clearpoke
|poke|p1|Meowscarada, F|
|poke|p1|Landorus-Therian, M|
|poke|p1|Kyurem|
|poke|p1|Slowking-Galar, M|
|poke|p1|Kingambit, F|
|poke|p1|Iron Valiant|
|poke|p2|Pikachu-Sinnoh, M|
|poke|p2|Infernape, F|
|poke|p2|Torterra, M|
|poke|p2|Floatzel, F|
|poke|p2|Gliscor, F|
|poke|p2|Staraptor, F|
|teampreview
|inactive|Battle timer is ON: inactive players will automatically lose when time's up. (requested by slowbro213)
|
|t:|1758968577
|teamsize|p1|6
|teamsize|p2|6
|start
|switch|p1a: Landorus|Landorus-Therian, M|100/100
|switch|p2a: Pikachu|Pikachu-Sinnoh, M|100/100
|-ability|p1a: Landorus|Intimidate|boost
|-unboost|p2a: Pikachu|atk|1
|turn|1
|inactive|roasted_kitchen has 120 seconds left.
|
|t:|1758968612
|switch|p2a: Gliscor|Gliscor, F|100/100
|move|p1a: Landorus|Stealth Rock|p2a: Gliscor
|-sidestart|p2: roasted_kitchen|move: Stealth Rock
|
|-status|p2a: Gliscor|tox|[from] item: Toxic Orb
|upkeep
|turn|2
|
|t:|1758968617
|move|p2a: Gliscor|Swords Dance|p2a: Gliscor
|-boost|p2a: Gliscor|atk|2
|move|p1a: Landorus|Taunt|p2a: Gliscor
|-start|p2a: Gliscor|move: Taunt
|
|upkeep
|turn|3
|
|t:|1758968623
|move|p2a: Gliscor|Facade|p1a: Landorus
|-damage|p1a: Landorus|58/100
|move|p1a: Landorus|U-turn|p2a: Gliscor
|-resisted|p2a: Gliscor
|-damage|p2a: Gliscor|93/100 tox
|
|t:|1758968626
|switch|p1a: Kyurem|Kyurem|100/100|[from] U-turn
|-ability|p1a: Kyurem|Pressure
|
|-heal|p2a: Gliscor|100/100 tox|[from] ability: Poison Heal
|upkeep
|turn|4
|
|t:|1758968641
|switch|p2a: Infernape|Infernape, F|100/100
|-damage|p2a: Infernape|88/100|[from] Stealth Rock
|move|p1a: Kyurem|Freeze-Dry|p2a: Infernape
|-resisted|p2a: Infernape
|-damage|p2a: Infernape|56/100
|
|upkeep
|turn|5
|
|t:|1758968653
|switch|p1a: Landorus|Landorus-Therian, M|58/100
|-ability|p1a: Landorus|Intimidate|boost
|-unboost|p2a: Infernape|atk|1
|move|p2a: Infernape|Flare Blitz|p1a: Landorus
|-damage|p1a: Landorus|27/100
|-damage|p2a: Infernape|43/100|[from] Recoil
|-damage|p2a: Infernape|33/100|[from] item: Life Orb
|
|-heal|p1a: Landorus|33/100|[from] item: Leftovers
|upkeep
|turn|6
|
|t:|1758968667
|switch|p2a: Pikachu|Pikachu-Sinnoh, M|100/100
|-damage|p2a: Pikachu|88/100|[from] Stealth Rock
|move|p1a: Landorus|U-turn|p2a: Pikachu
|-damage|p2a: Pikachu|15/100
|
|t:|1758968674
|switch|p1a: Meowscarada|Meowscarada, F|100/100|[from] U-turn
|
|upkeep
|turn|7
|
|t:|1758968681
|move|p2a: Pikachu|Quick Attack|p1a: Meowscarada
|-damage|p1a: Meowscarada|84/100
|move|p1a: Meowscarada|Knock Off|p2a: Pikachu
|-start|p1a: Meowscarada|typechange|Dark|[from] ability: Protean
|-damage|p2a: Pikachu|0 fnt
|-enditem|p2a: Pikachu|Light Ball|[from] move: Knock Off|[of] p1a: Meowscarada
|faint|p2a: Pikachu
|
|upkeep
|
|t:|1758968690
|switch|p2a: Staraptor|Staraptor, F|100/100
|-damage|p2a: Staraptor|76/100|[from] Stealth Rock
|turn|8
|
|t:|1758968706
|move|p2a: Staraptor|Close Combat|p1a: Meowscarada
|-supereffective|p1a: Meowscarada
|-damage|p1a: Meowscarada|0 fnt
|-unboost|p2a: Staraptor|def|1
|-unboost|p2a: Staraptor|spd|1
|faint|p1a: Meowscarada
|
|upkeep
|
|t:|1758968713
|switch|p1a: Kingambit|Kingambit, F|100/100
|-activate|p1a: Kingambit|ability: Supreme Overlord
|-start|p1a: Kingambit|fallen1|[silent]
|turn|9
|
|t:|1758968718
|switch|p2a: Infernape|Infernape, F|33/100
|-damage|p2a: Infernape|21/100|[from] Stealth Rock
|move|p1a: Kingambit|Sucker Punch||[still]
|-fail|p1a: Kingambit
|
|upkeep
|turn|10
|
|t:|1758968724
|-end|p1a: Kingambit|fallen1|[silent]
|switch|p1a: Landorus|Landorus-Therian, M|33/100
|-ability|p1a: Landorus|Intimidate|boost
|-unboost|p2a: Infernape|atk|1
|move|p2a: Infernape|Mach Punch|p1a: Landorus
|-resisted|p1a: Landorus
|-damage|p1a: Landorus|27/100
|-damage|p2a: Infernape|11/100|[from] item: Life Orb
|
|-heal|p1a: Landorus|33/100|[from] item: Leftovers
|upkeep
|turn|11
|
|t:|1758968732
|move|p2a: Infernape|Close Combat|p1a: Landorus
|-resisted|p1a: Landorus
|-damage|p1a: Landorus|18/100
|-unboost|p2a: Infernape|def|1
|-unboost|p2a: Infernape|spd|1
|-damage|p2a: Infernape|1/100|[from] item: Life Orb
|move|p1a: Landorus|U-turn|p2a: Infernape
|-resisted|p2a: Infernape
|-damage|p2a: Infernape|0 fnt
|faint|p2a: Infernape
|
|t:|1758968736
|switch|p1a: Slowking|Slowking-Galar, M|100/100|[from] U-turn
|
|upkeep
|
|t:|1758968740
|switch|p2a: Torterra|Torterra, M|100/100
|-damage|p2a: Torterra|94/100|[from] Stealth Rock
|turn|12
|
|t:|1758968749
|move|p2a: Torterra|Earthquake|p1a: Slowking
|-supereffective|p1a: Slowking
|-damage|p1a: Slowking|9/100
|move|p1a: Slowking|Sludge Bomb|p2a: Torterra
|-damage|p2a: Torterra|39/100
|
|-heal|p1a: Slowking|15/100|[from] item: Leftovers
|upkeep
|turn|13
|
|t:|1758968753
|switch|p1a: Landorus|Landorus-Therian, M|18/100
|-ability|p1a: Landorus|Intimidate|boost
|-unboost|p2a: Torterra|atk|1
|move|p2a: Torterra|Earthquake|p1a: Landorus
|-immune|p1a: Landorus
|
|-heal|p1a: Landorus|24/100|[from] item: Leftovers
|upkeep
|turn|14
|-message|roasted_kitchen forfeited.
|
|win|slowbro213
|raw|slowbro213's rating: 1287 &rarr; <strong>1310</strong><br />(+23 for winning)
|raw|roasted_kitchen's rating: 1263 &rarr; <strong>1240</strong><br />(-23 for losing)
|l|☆roasted_kitchen
|player|p2|
|l|☆slowbro213
|player|p1|
