|j|☆sportspencil
|j|☆jklgg
|t:|1759078338
|gametype|singles
|player|p1|sportspencil|266|1503
|player|p2|jklgg|102|1419
|gen|9
|tier|[Gen 9] OU
|rated|
|rule|HP Percentage Mod: HP is shown in percentages
|rule|Endless Battle Clause: Forcing endless battles is banned
|rule|Species Clause: Limit one of each Pokémon
|rule|OHKO Clause: OHKO moves are banned
|rule|Evasion Items Clause: Evasion items are banned
|rule|Evasion Moves Clause: Evasion moves are banned
|rule|Evasion Abilities Clause: Evasion abilities are banned
|rule|Sleep Moves Clause: Sleep-inducing moves are banned
|clearpoke
|poke|p1|Rillaboom, M|
|poke|p1|Zapdos|
|poke|p1|Swampert, M|
|poke|p1|Dragapult, F|
|poke|p1|Weavile, M|
|poke|p1|Cinderace, F|
|poke|p2|Galvantula, M|
|poke|p2|Gholdengo|
|poke|p2|Dragapult, F|
|poke|p2|Great Tusk|
|poke|p2|Clefable, M|
|poke|p2|Mimikyu, F|
|teampreview
|j| badjiladja
|inactive|Battle timer is ON: inactive players will automatically lose when time's up. (requested by jklgg)
|
|t:|1759078360
|teamsize|p1|6
|teamsize|p2|6
|start
|switch|p1a: Cinderace|Cinderace, F|100/100
|switch|p2a: Galvantula|Galvantula, M|100/100
|turn|1
|
|t:|1759078363
|move|p1a: Cinderace|Pyro Ball|p2a: Galvantula
|-supereffective|p2a: Galvantula
|-enditem|p2a: Galvantula|Focus Sash
|-damage|p2a: Galvantula|1/100
|move|p2a: Galvantula|Thunder Wave|p1a: Cinderace
|-status|p1a: Cinderace|par
|
|upkeep
|turn|2
|
|t:|1759078371
|move|p2a: Galvantula|Sticky Web|p1a: Cinderace
|-sidestart|p1: sportspencil|move: Sticky Web
|move|p1a: Cinderace|Court Change|p1a: Cinderace
|-start|p1a: Cinderace|typechange|Normal|[from] ability: Libero
|-swapsideconditions
|-activate|p1a: Cinderace|move: Court Change
|
|upkeep
|turn|3
|
|t:|1759078375
|move|p2a: Galvantula|Sticky Web|p1a: Cinderace
|-sidestart|p1: sportspencil|move: Sticky Web
|move|p1a: Cinderace|U-turn|p2a: Galvantula
|-damage|p2a: Galvantula|0 fnt
|faint|p2a: Galvantula
|
|t:|1759078383
|switch|p1a: Rillaboom|Rillaboom, M|100/100|[from] U-turn
|-activate|p1a: Rillaboom|move: Sticky Web
|-unboost|p1a: Rillaboom|spe|1
|-fieldstart|move: Grassy Terrain|[from] ability: Grassy Surge|[of] p1a: Rillaboom
|
|upkeep
|
|t:|1759078394
|switch|p2a: Clefable|Clefable, M|100/100
|-activate|p2a: Clefable|move: Sticky Web
|-unboost|p2a: Clefable|spe|1
|turn|4
|
|t:|1759078411
|switch|p1a: Cinderace|Cinderace, F|100/100 par
|move|p2a: Clefable|Fire Blast|p1a: Cinderace
|-resisted|p1a: Cinderace
|-damage|p1a: Cinderace|75/100 par
|
|-heal|p1a: Cinderace|81/100 par|[from] Grassy Terrain
|upkeep
|turn|5
|
|t:|1759078420
|switch|p2a: Great Tusk|Great Tusk|100/100
|move|p1a: Cinderace|U-turn|p2a: Great Tusk
|-start|p1a: Cinderace|typechange|Bug|[from] ability: Libero
|-resisted|p2a: Great Tusk
|-damage|p2a: Great Tusk|90/100
|
|t:|1759078431
|switch|p1a: Zapdos|Zapdos|100/100|[from] U-turn
|
|-heal|p2a: Great Tusk|96/100|[from] Grassy Terrain
|upkeep
|turn|6
|
|t:|1759078434
|-terastallize|p2a: Great Tusk|Steel
|move|p1a: Zapdos|Hurricane|p2a: Great Tusk
|-resisted|p2a: Great Tusk
|-damage|p2a: Great Tusk|58/100
|-start|p2a: Great Tusk|confusion
|-activate|p2a: Great Tusk|confusion
|-damage|p2a: Great Tusk|49/100|[from] confusion
|
|-heal|p2a: Great Tusk|55/100|[from] Grassy Terrain
|upkeep
|turn|7
|
|t:|1759078441
|move|p1a: Zapdos|Volt Switch|p2a: Great Tusk
|-damage|p2a: Great Tusk|5/100
|
|t:|1759078444
|switch|p1a: Dragapult|Dragapult, F|100/100|[from] Volt Switch
|-activate|p1a: Dragapult|move: Sticky Web
|-fail|p1a: Dragapult|unboost|[from] ability: Clear Body|[of] p1a: Dragapult
|-end|p2a: Great Tusk|confusion
|move|p2a: Great Tusk|Knock Off|p1a: Dragapult
|-supereffective|p1a: Dragapult
|-damage|p1a: Dragapult|0 fnt
|-enditem|p1a: Dragapult|Life Orb|[from] move: Knock Off|[of] p2a: Great Tusk
|faint|p1a: Dragapult
|
|-heal|p2a: Great Tusk|11/100|[from] Grassy Terrain
|-fieldend|move: Grassy Terrain
|upkeep
|
|t:|1759078452
|switch|p1a: Weavile|Weavile, M|100/100
|-ability|p1a: Weavile|Pressure
|turn|8
|
|t:|1759078457
|move|p1a: Weavile|Knock Off|p2a: Great Tusk
|-damage|p2a: Great Tusk|0 fnt
|-enditem|p2a: Great Tusk|Heavy-Duty Boots|[from] move: Knock Off|[of] p1a: Weavile
|faint|p2a: Great Tusk
|-end|p2a: Great Tusk|Protosynthesis|[silent]
|
|upkeep
|
|t:|1759078458
|switch|p2a: Clefable|Clefable, M|100/100
|-activate|p2a: Clefable|move: Sticky Web
|-unboost|p2a: Clefable|spe|1
|turn|9
|
|t:|1759078463
|-terastallize|p1a: Weavile|Ice
|move|p1a: Weavile|Triple Axel|p2a: Clefable
|-damage|p2a: Clefable|86/100
|-damage|p2a: Clefable|58/100
|-damage|p2a: Clefable|12/100
|-hitcount|p2a: Clefable|3
|move|p2a: Clefable|Moonblast|p1a: Weavile
|-damage|p1a: Weavile|44/100
|
|-heal|p2a: Clefable|18/100|[from] item: Leftovers
|upkeep
|turn|10
|
|t:|1759078473
|move|p1a: Weavile|Ice Shard|p2a: Clefable
|-damage|p2a: Clefable|0 fnt
|faint|p2a: Clefable
|
|upkeep
|
|t:|1759078475
|switch|p2a: Dragapult|Dragapult, F|100/100
|-activate|p2a: Dragapult|move: Sticky Web
|-fail|p2a: Dragapult|unboost|[from] ability: Clear Body|[of] p2a: Dragapult
|turn|11
|
|t:|1759078484
|move|p1a: Weavile|Ice Shard|p2a: Dragapult
|-supereffective|p2a: Dragapult
|-damage|p2a: Dragapult|30/100
|move|p2a: Dragapult|Dragon Darts|p1a: Weavile
|-damage|p1a: Weavile|0 fnt
|faint|p1a: Weavile
|-damage|p2a: Dragapult|20/100|[from] item: Life Orb
|
|upkeep
|
|t:|1759078490
|switch|p1a: Rillaboom|Rillaboom, M|100/100
|-activate|p1a: Rillaboom|move: Sticky Web
|-unboost|p1a: Rillaboom|spe|1
|-fieldstart|move: Grassy Terrain|[from] ability: Grassy Surge|[of] p1a: Rillaboom
|turn|12
|
|t:|1759078493
|move|p1a: Rillaboom|Grassy Glide|p2a: Dragapult
|-resisted|p2a: Dragapult
|-damage|p2a: Dragapult|0 fnt
|faint|p2a: Dragapult
|-damage|p1a: Rillaboom|91/100|[from] item: Life Orb
|
|-heal|p1a: Rillaboom|97/100|[from] Grassy Terrain
|upkeep
|
|t:|1759078498
|switch|p2a: Mimikyu|Mimikyu, F|100/100
|-activate|p2a: Mimikyu|move: Sticky Web
|-unboost|p2a: Mimikyu|spe|1
|turn|13
|l|☆jklgg
|inactive|jklgg disconnected and has a minute to reconnect!
|player|p2|
|inactive|jklgg has 30 seconds to reconnect!
|inactive|jklgg has 20 seconds to reconnect!
|inactive|jklgg has 15 seconds to reconnect!
|j|☆jklgg
|inactive|jklgg reconnected and has 80 seconds left.
|player|p2|jklgg|102|
|
|t:|1759078582
|move|p1a: Rillaboom|Grassy Glide|p2a: Mimikyu
|-activate|p2a: Mimikyu|ability: Disguise
|-damage|p2a: Mimikyu|100/100
|detailschange|p2a: Mimikyu|Mimikyu-Busted, F
|-damage|p2a: Mimikyu|88/100|[from] pokemon: Mimikyu-Busted
|-damage|p1a: Rillaboom|87/100|[from] item: Life Orb
|move|p2a: Mimikyu|Swords Dance|p2a: Mimikyu
|-boost|p2a: Mimikyu|atk|2
|
|-heal|p2a: Mimikyu|94/100|[from] Grassy Terrain
|-heal|p1a: Rillaboom|93/100|[from] Grassy Terrain
|upkeep
|turn|14
|
|t:|1759078588
|move|p1a: Rillaboom|Grassy Glide|p2a: Mimikyu
|-damage|p2a: Mimikyu|3/100
|-damage|p1a: Rillaboom|83/100|[from] item: Life Orb
|move|p2a: Mimikyu|Drain Punch|p1a: Rillaboom
|-damage|p1a: Rillaboom|26/100
|-heal|p2a: Mimikyu|41/100|[from] drain|[of] p1a: Rillaboom
|-damage|p2a: Mimikyu|31/100|[from] item: Life Orb
|
|-heal|p2a: Mimikyu|37/100|[from] Grassy Terrain
|-heal|p1a: Rillaboom|32/100|[from] Grassy Terrain
|upkeep
|turn|15
|
|t:|1759078596
|move|p1a: Rillaboom|Grassy Glide|p2a: Mimikyu
|-damage|p2a: Mimikyu|0 fnt
|faint|p2a: Mimikyu
|-damage|p1a: Rillaboom|22/100|[from] item: Life Orb
|
|-heal|p1a: Rillaboom|28/100|[from] Grassy Terrain
|upkeep
|
|t:|1759078597
|switch|p2a: Gholdengo|Gholdengo|100/100
|-item|p2a: Gholdengo|Air Balloon
|turn|16
|-message|jklgg forfeited.
|
|win|sportspencil
|raw|sportspencil's rating: 1503 &rarr; <strong>1518</strong><br />(+15 for winning)
|raw|jklgg's rating: 1419 &rarr; <strong>1404</strong><br />(-15 for losing)
|l|☆jklgg
|player|p2|
|l|☆sportspencil
|player|p1|
|l| badjiladja
