|j|☆polygon pie
|j|☆bbjkbhkugf
|t:|1759058791
|gametype|singles
|player|p1|polygon pie|flint|1249
|player|p2|bbjkbhkugf|101|1327
|gen|9
|tier|[Gen 9] OU
|rated|
|rule|HP Percentage Mod: HP is shown in percentages
|rule|Endless Battle Clause: Forcing endless battles is banned
|rule|Species Clause: Limit one of each Pokémon
|rule|OHKO Clause: OHKO moves are banned
|rule|Evasion Items Clause: Evasion items are banned
|rule|Evasion Moves Clause: Evasion moves are banned
|rule|Evasion Abilities Clause: Evasion abilities are banned
|rule|Sleep Moves Clause: Sleep-inducing moves are banned
|clearpoke
|poke|p1|Primarina, M|
|poke|p1|Great Tusk|
|poke|p1|Kingambit, M|
|poke|p1|Slowking-Galar, M|
|poke|p1|Ogerpon, F|
|poke|p1|Enamorus, F|
|poke|p2|Froslass, F|
|poke|p2|Donphan, F|
|poke|p2|Gholdengo|
|poke|p2|Zapdos|
|poke|p2|Quaquaval, M|
|poke|p2|Iron Moth|
|teampreview
|
|t:|1759058806
|teamsize|p1|6
|teamsize|p2|6
|start
|switch|p1a: cut you|Ogerpon, F|100/100
|switch|p2a: Froslass|Froslass, F|100/100
|turn|1
|inactive|Battle timer is ON: inactive players will automatically lose when time's up. (requested by polygon pie)
|
|t:|1759058824
|switch|p1a: Tia Tamera|Primarina, M, shiny|100/100
|move|p2a: Froslass|Triple Axel|p1a: Tia Tamera
|-resisted|p1a: Tia Tamera
|-damage|p1a: Tia Tamera|92/100
|-resisted|p1a: Tia Tamera
|-damage|p1a: Tia Tamera|76/100
|-resisted|p1a: Tia Tamera
|-damage|p1a: Tia Tamera|49/100
|-hitcount|p1a: Tia Tamera|3
|
|-heal|p1a: Tia Tamera|55/100|[from] item: Leftovers
|upkeep
|turn|2
|c|☆bbjkbhkugf|love the name choice
|
|t:|1759058841
|-terastallize|p2a: Froslass|Ice
|move|p2a: Froslass|Triple Axel|p1a: Tia Tamera
|-resisted|p1a: Tia Tamera
|-damage|p1a: Tia Tamera|43/100
|-resisted|p1a: Tia Tamera
|-damage|p1a: Tia Tamera|21/100
|-resisted|p1a: Tia Tamera
|-damage|p1a: Tia Tamera|0 fnt
|faint|p1a: Tia Tamera
|-hitcount|p1: Tia Tamera|3
|
|upkeep
|
|t:|1759058856
|switch|p1a: BARRAGE|Enamorus, F, shiny|100/100
|turn|3
|
|t:|1759058867
|switch|p2a: Zapdos|Zapdos|100/100
|move|p1a: BARRAGE|Mystical Fire|p2a: Zapdos
|-damage|p2a: Zapdos|74/100
|-unboost|p2a: Zapdos|spa|1
|
|upkeep
|turn|4
|
|t:|1759058878
|switch|p1a: Green Curry|Slowking-Galar, M, shiny|100/100
|move|p2a: Zapdos|Hurricane|p1a: Green Curry
|-damage|p1a: Green Curry|78/100
|
|upkeep
|turn|5
|
|t:|1759058902
|move|p2a: Zapdos|Thunderbolt|p1a: Green Curry
|-damage|p1a: Green Curry|61/100
|move|p1a: Green Curry|Flamethrower|p2a: Zapdos
|-damage|p2a: Zapdos|51/100
|
|upkeep
|turn|6
|
|t:|1759058907
|move|p2a: Zapdos|Roost|p2a: Zapdos
|-heal|p2a: Zapdos|100/100
|-singleturn|p2a: Zapdos|move: Roost
|move|p1a: Green Curry|Sludge Bomb|p2a: Zapdos
|-damage|p2a: Zapdos|70/100
|-status|p2a: Zapdos|psn
|
|-damage|p2a: Zapdos|57/100 psn|[from] psn
|upkeep
|turn|7
|
|t:|1759058918
|move|p2a: Zapdos|Volt Switch|p1a: Green Curry
|-damage|p1a: Green Curry|48/100
|
|t:|1759058921
|switch|p2a: Gholdengo|Gholdengo|100/100|[from] Volt Switch
|move|p1a: Green Curry|Flamethrower|p2a: Gholdengo
|-supereffective|p2a: Gholdengo
|-damage|p2a: Gholdengo|51/100
|-status|p2a: Gholdengo|brn
|
|-damage|p2a: Gholdengo|45/100 brn|[from] brn
|upkeep
|turn|8
|
|t:|1759058933
|move|p2a: Gholdengo|Shadow Ball|p1a: Green Curry
|-supereffective|p1a: Green Curry
|-damage|p1a: Green Curry|4/100
|move|p1a: Green Curry|Flamethrower|p2a: Gholdengo
|-supereffective|p2a: Gholdengo
|-crit|p2a: Gholdengo
|-damage|p2a: Gholdengo|0 fnt
|faint|p2a: Gholdengo
|
|upkeep
|
|t:|1759058940
|switch|p2a: Quaquaval|Quaquaval, M|100/100
|turn|9
|
|t:|1759058944
|switch|p1a: cut you|Ogerpon, F|100/100
|move|p2a: Quaquaval|Aqua Step|p1a: cut you
|-resisted|p1a: cut you
|-damage|p1a: cut you|73/100
|-boost|p2a: Quaquaval|spe|1
|
|upkeep
|turn|10
|
|t:|1759058958
|move|p2a: Quaquaval|Close Combat|p1a: cut you
|-damage|p1a: cut you|0 fnt
|-unboost|p2a: Quaquaval|def|1
|-unboost|p2a: Quaquaval|spd|1
|faint|p1a: cut you
|-ability|p2a: Quaquaval|Moxie|boost
|-boost|p2a: Quaquaval|atk|1
|
|upkeep
|
|t:|1759058966
|switch|p1a: BARRAGE|Enamorus, F, shiny|100/100
|turn|11
|
|t:|1759058991
|switch|p2a: Zapdos|Zapdos|57/100 psn
|move|p1a: BARRAGE|Moonblast|p2a: Zapdos
|-damage|p2a: Zapdos|4/100 psn
|
|-damage|p2a: Zapdos|0 fnt|[from] psn
|faint|p2a: Zapdos
|upkeep
|
|t:|1759059005
|switch|p2a: Iron Moth|Iron Moth|100/100
|-enditem|p2a: Iron Moth|Booster Energy
|-activate|p2a: Iron Moth|ability: Quark Drive|[fromitem]
|-start|p2a: Iron Moth|quarkdrivespa
|turn|12
|
|t:|1759059020
|switch|p1a: Green Curry|Slowking-Galar, M, shiny|38/100
|move|p2a: Iron Moth|Fiery Dance|p1a: Green Curry
|-damage|p1a: Green Curry|8/100
|
|upkeep
|turn|13
|
|t:|1759059026
|move|p2a: Iron Moth|Fiery Dance|p1a: Green Curry
|-damage|p1a: Green Curry|0 fnt
|-boost|p2a: Iron Moth|spa|1
|faint|p1a: Green Curry
|
|upkeep
|
|t:|1759059028
|switch|p1a: AMG G63|Great Tusk, shiny|100/100
|turn|14
|
|t:|1759059035
|-terastallize|p1a: AMG G63|Fire
|move|p2a: Iron Moth|Fiery Dance|p1a: AMG G63
|-resisted|p1a: AMG G63
|-damage|p1a: AMG G63|36/100
|move|p1a: AMG G63|Rapid Spin|p2a: Iron Moth
|-damage|p2a: Iron Moth|71/100
|-boost|p1a: AMG G63|spe|1
|
|upkeep
|turn|15
|
|t:|1759059063
|move|p1a: AMG G63|Headlong Rush|p2a: Iron Moth
|-supereffective|p2a: Iron Moth
|-damage|p2a: Iron Moth|0 fnt
|-unboost|p1a: AMG G63|def|1
|-unboost|p1a: AMG G63|spd|1
|faint|p2a: Iron Moth
|-end|p2a: Iron Moth|Quark Drive|[silent]
|
|upkeep
|inactive|bbjkbhkugf has 120 seconds left.
|
|t:|1759059073
|switch|p2a: Quaquaval|Quaquaval, M|100/100
|turn|16
|
|t:|1759059089
|move|p1a: AMG G63|Headlong Rush|p2a: Quaquaval
|-damage|p2a: Quaquaval|20/100
|-unboost|p1a: AMG G63|def|1
|-unboost|p1a: AMG G63|spd|1
|move|p2a: Quaquaval|Aqua Step|p1a: AMG G63
|-supereffective|p1a: AMG G63
|-damage|p1a: AMG G63|0 fnt
|-boost|p2a: Quaquaval|spe|1
|-damage|p2a: Quaquaval|4/100|[from] item: Rocky Helmet|[of] p1a: AMG G63
|faint|p1a: AMG G63
|-end|p1a: AMG G63|Protosynthesis|[silent]
|-ability|p2a: Quaquaval|Moxie|boost
|-boost|p2a: Quaquaval|atk|1
|
|upkeep
|
|t:|1759059098
|switch|p1a: BARRAGE|Enamorus, F, shiny|100/100
|turn|17
|
|t:|1759059110
|move|p1a: BARRAGE|Moonblast|p2a: Quaquaval
|-supereffective|p2a: Quaquaval
|-damage|p2a: Quaquaval|0 fnt
|faint|p2a: Quaquaval
|
|upkeep
|
|t:|1759059118
|switch|p2a: Donphan|Donphan, F|100/100
|turn|18
|
|t:|1759059127
|switch|p1a: Shank|Kingambit, M, shiny|100/100
|-activate|p1a: Shank|ability: Supreme Overlord
|-start|p1a: Shank|fallen4|[silent]
|move|p2a: Donphan|Earthquake|p1a: Shank
|-supereffective|p1a: Shank
|-damage|p1a: Shank|26/100
|
|-heal|p1a: Shank|32/100|[from] item: Leftovers
|upkeep
|turn|19
|
|t:|1759059143
|move|p1a: Shank|Sucker Punch|p2a: Donphan
|-damage|p2a: Donphan|54/100
|-enditem|p2a: Donphan|Red Card|[of] p1a: Shank
|-end|p1a: Shank|fallen4|[silent]
|drag|p1a: BARRAGE|Enamorus, F, shiny|100/100
|move|p2a: Donphan|Ice Spinner|p1a: BARRAGE
|-supereffective|p1a: BARRAGE
|-damage|p1a: BARRAGE|8/100
|
|upkeep
|turn|20
|
|t:|1759059158
|switch|p2a: Froslass|Froslass, F, tera:Ice|100/100
|move|p1a: BARRAGE|Moonblast|p2a: Froslass
|-damage|p2a: Froslass|9/100
|-start|p1a: BARRAGE|Disable|Moonblast|[from] ability: Cursed Body|[of] p2a: Froslass
|
|upkeep
|turn|21
|
|t:|1759059174
|switch|p1a: Shank|Kingambit, M, shiny|32/100
|-activate|p1a: Shank|ability: Supreme Overlord
|-start|p1a: Shank|fallen4|[silent]
|move|p2a: Froslass|Triple Axel|p1a: Shank
|-resisted|p1a: Shank
|-damage|p1a: Shank|27/100
|-resisted|p1a: Shank
|-damage|p1a: Shank|15/100
|-resisted|p1a: Shank
|-damage|p1a: Shank|0 fnt
|faint|p1a: Shank
|-end|p1a: Shank|fallen4|[silent]
|-hitcount|p1: Shank|3
|
|upkeep
|
|t:|1759059177
|switch|p1a: BARRAGE|Enamorus, F, shiny|8/100
|turn|22
|
|t:|1759059184
|switch|p2a: Donphan|Donphan, F|54/100
|move|p1a: BARRAGE|Moonblast|p2a: Donphan
|-damage|p2a: Donphan|0 fnt
|faint|p2a: Donphan
|
|upkeep
|
|t:|1759059185
|switch|p2a: Froslass|Froslass, F, tera:Ice|9/100
|turn|23
|
|t:|1759059188
|move|p2a: Froslass|Ice Shard|p1a: BARRAGE
|-supereffective|p1a: BARRAGE
|-damage|p1a: BARRAGE|0 fnt
|faint|p1a: BARRAGE
|
|win|bbjkbhkugf
|raw|polygon pie's rating: 1249 &rarr; <strong>1230</strong><br />(-19 for losing)
|raw|bbjkbhkugf's rating: 1327 &rarr; <strong>1343</strong><br />(+16 for winning)
|l|☆polygon pie
|player|p1|
|c|☆bbjkbhkugf|GOTCHA
|l|☆bbjkbhkugf
|player|p2|
