|j|☆gedagideegeda
|j|☆babythenoob
|t:|1759055259
|gametype|singles
|player|p1|gedagideegeda|blackbelt|1073
|player|p2|babythenoob|fantina|1054
|gen|9
|tier|[Gen 9] OU
|rated|
|rule|HP Percentage Mod: HP is shown in percentages
|rule|Endless Battle Clause: Forcing endless battles is banned
|rule|Species Clause: Limit one of each Pokémon
|rule|OHKO Clause: OHKO moves are banned
|rule|Evasion Items Clause: Evasion items are banned
|rule|Evasion Moves Clause: Evasion moves are banned
|rule|Evasion Abilities Clause: Evasion abilities are banned
|rule|Sleep Moves Clause: Sleep-inducing moves are banned
|clearpoke
|poke|p1|Alomomola, M|
|poke|p1|Pawmot, M|
|poke|p1|Cinderace, M|
|poke|p1|Magnezone|
|poke|p1|Regidrago|
|poke|p1|Gholdengo|
|poke|p2|Combusken, M|
|poke|p2|Latios, M|
|poke|p2|Glimmora, F|
|poke|p2|Spidops, M|
|teampreview
|inactive|Battle timer is ON: inactive players will automatically lose when time's up. (requested by babythenoob)
|c|☆babythenoob|Glhf
|
|t:|1759055269
|teamsize|p1|6
|teamsize|p2|4
|start
|switch|p1a: Cinderace|Cinderace, M|100/100
|switch|p2a: Sacrifice III|Spidops, M|100/100
|turn|1
|
|t:|1759055277
|move|p2a: Sacrifice III|First Impression|p1a: Cinderace
|-resisted|p1a: Cinderace
|-damage|p1a: Cinderace|73/100
|move|p1a: Cinderace|Pyro Ball|p2a: Sacrifice III
|-supereffective|p2a: Sacrifice III
|-damage|p2a: Sacrifice III|0 fnt
|faint|p2a: Sacrifice III
|
|upkeep
|
|t:|1759055284
|switch|p2a: Sacrifice II|Glimmora, F|100/100
|turn|2
|
|t:|1759055290
|move|p1a: Cinderace|U-turn|p2a: Sacrifice II
|-start|p1a: Cinderace|typechange|Bug|[from] ability: Libero
|-resisted|p2a: Sacrifice II
|-damage|p2a: Sacrifice II|81/100
|-damage|p1a: Cinderace|56/100|[from] item: Rocky Helmet|[of] p2a: Sacrifice II
|-activate|p2a: Sacrifice II|ability: Toxic Debris
|-sidestart|p1: gedagideegeda|move: Toxic Spikes
|
|t:|1759055297
|switch|p1a: Gholdengo|Gholdengo|100/100|[from] U-turn
|-item|p1a: Gholdengo|Air Balloon
|move|p2a: Sacrifice II|Stealth Rock|p1a: Gholdengo
|-sidestart|p1: gedagideegeda|move: Stealth Rock
|
|upkeep
|turn|3
|
|t:|1759055304
|move|p2a: Sacrifice II|Spikes|p1a: Gholdengo
|-sidestart|p1: gedagideegeda|Spikes
|move|p1a: Gholdengo|Make It Rain|p2a: Sacrifice II
|-supereffective|p2a: Sacrifice II
|-damage|p2a: Sacrifice II|0 fnt
|-unboost|p1a: Gholdengo|spa|1
|faint|p2a: Sacrifice II
|
|upkeep
|
|t:|1759055310
|switch|p2a: Sacrifice I|Latios, M|100/100
|turn|4
|
|t:|1759055314
|move|p2a: Sacrifice I|Reflect|p2a: Sacrifice I
|-sidestart|p2: babythenoob|Reflect
|move|p1a: Gholdengo|Shadow Ball|p2a: Sacrifice I
|-supereffective|p2a: Sacrifice I
|-damage|p2a: Sacrifice I|52/100
|
|upkeep
|turn|5
|
|t:|1759055319
|move|p2a: Sacrifice I|Light Screen|p2a: Sacrifice I
|-sidestart|p2: babythenoob|move: Light Screen
|move|p1a: Gholdengo|Shadow Ball|p2a: Sacrifice I
|-supereffective|p2a: Sacrifice I
|-damage|p2a: Sacrifice I|28/100
|
|upkeep
|turn|6
|
|t:|1759055325
|move|p1a: Gholdengo|Nasty Plot|p1a: Gholdengo
|-boost|p1a: Gholdengo|spa|2
|move|p2a: Sacrifice I|Roar|p1a: Gholdengo
|-immune|p1a: Gholdengo|[from] ability: Good as Gold
|
|upkeep
|turn|7
|
|t:|1759055331
|move|p2a: Sacrifice I|Memento|p1a: Gholdengo
|-immune|p1a: Gholdengo|[from] ability: Good as Gold
|move|p1a: Gholdengo|Nasty Plot|p1a: Gholdengo
|-boost|p1a: Gholdengo|spa|2
|
|upkeep
|turn|8
|
|t:|1759055344
|switch|p2a: God of chickens|Combusken, M|100/100
|move|p1a: Gholdengo|Shadow Ball|p2a: God of chickens
|-damage|p2a: God of chickens|35/100
|
|upkeep
|turn|9
|
|t:|1759055354
|move|p1a: Gholdengo|Shadow Ball|p2a: God of chickens
|-damage|p2a: God of chickens|0 fnt
|faint|p2a: God of chickens
|
|upkeep
|
|t:|1759055360
|switch|p2a: Sacrifice I|Latios, M|28/100
|turn|10
|-message|babythenoob forfeited.
|
|win|gedagideegeda
|raw|gedagideegeda's rating: 1073 &rarr; <strong>1100</strong><br />(+27 for winning)
|raw|babythenoob's rating: 1054 &rarr; <strong>1037</strong><br />(-17 for losing)
|l|☆babythenoob
|player|p2|
|l|☆gedagideegeda
|player|p1|
