|j|☆dellee
|j|☆plr1
|t:|1758998921
|gametype|singles
|player|p1|dellee|shauntal|1074
|player|p2|plr1|169|1091
|gen|9
|tier|[Gen 9] OU
|rated|
|rule|HP Percentage Mod: HP is shown in percentages
|rule|Endless Battle Clause: Forcing endless battles is banned
|rule|Species Clause: Limit one of each Pokémon
|rule|OHKO Clause: OHKO moves are banned
|rule|Evasion Items Clause: Evasion items are banned
|rule|Evasion Moves Clause: Evasion moves are banned
|rule|Evasion Abilities Clause: Evasion abilities are banned
|rule|Sleep Moves Clause: Sleep-inducing moves are banned
|clearpoke
|poke|p1|Skeledirge, M|
|poke|p1|Sinistcha|
|poke|p1|Skarmory, F|
|poke|p1|Great Tusk|
|poke|p1|Walking Wake|
|poke|p1|Lokix, M|
|poke|p2|Gliscor, F|
|poke|p2|Infernape, F|
|poke|p2|Samurott-Hisui, F|
|poke|p2|Scizor, M|
|poke|p2|Hatterene, F|
|poke|p2|Ninetales-Alola, F|
|teampreview
|
|t:|1758998950
|teamsize|p1|6
|teamsize|p2|6
|start
|switch|p1a: Skarmory|Skarmory, F|100/100
|switch|p2a: Hatterene|Hatterene, F|100/100
|turn|1
|
|t:|1758998957
|move|p1a: Skarmory|Stealth Rock|p2a: Hatterene
|move|p2a: Hatterene|Stealth Rock|p1a: Skarmory|[from] ability: Magic Bounce
|-sidestart|p1: dellee|move: Stealth Rock
|move|p2a: Hatterene|Mystical Fire|p1a: Skarmory
|-supereffective|p1a: Skarmory
|-damage|p1a: Skarmory|11/100
|-unboost|p1a: Skarmory|spa|1
|
|upkeep
|turn|2
|
|t:|1758998967
|switch|p1a: Walking Wake|Walking Wake|100/100
|-damage|p1a: Walking Wake|88/100|[from] Stealth Rock
|-enditem|p1a: Walking Wake|Booster Energy
|-activate|p1a: Walking Wake|ability: Protosynthesis|[fromitem]
|-start|p1a: Walking Wake|protosynthesisspa
|move|p2a: Hatterene|Mystical Fire|p1a: Walking Wake
|-resisted|p1a: Walking Wake
|-damage|p1a: Walking Wake|75/100
|-unboost|p1a: Walking Wake|spa|1
|
|upkeep
|turn|3
|inactive|Battle timer is ON: inactive players will automatically lose when time's up. (requested by plr1)
|
|t:|1758999000
|-end|p1a: Walking Wake|Protosynthesis|[silent]
|switch|p1a: Sinistcha|Sinistcha|100/100
|-damage|p1a: Sinistcha|88/100|[from] Stealth Rock
|switch|p2a: Ninetales|Ninetales-Alola, F|100/100
|-weather|Snowscape|[from] ability: Snow Warning|[of] p2a: Ninetales
|
|-weather|Snowscape|[upkeep]
|upkeep
|turn|4
|
|t:|1758999012
|switch|p1a: Great Tusk|Great Tusk|100/100
|move|p2a: Ninetales|Aurora Veil|p2a: Ninetales
|-sidestart|p2: plr1|move: Aurora Veil
|
|-weather|Snowscape|[upkeep]
|upkeep
|turn|5
|
|t:|1758999019
|move|p2a: Ninetales|Calm Mind|p2a: Ninetales
|-boost|p2a: Ninetales|spa|1
|-boost|p2a: Ninetales|spd|1
|move|p1a: Great Tusk|Rapid Spin|p2a: Ninetales
|-damage|p2a: Ninetales|94/100
|-boost|p1a: Great Tusk|spe|1
|-sideend|p1: dellee|Stealth Rock|[from] move: Rapid Spin|[of] p1a: Great Tusk
|
|-weather|Snowscape|[upkeep]
|-heal|p2a: Ninetales|99/100|[from] item: Leftovers
|upkeep
|turn|6
|
|t:|1758999029
|move|p1a: Great Tusk|Knock Off|p2a: Ninetales
|-resisted|p2a: Ninetales
|-damage|p2a: Ninetales|92/100
|-enditem|p2a: Ninetales|Leftovers|[from] move: Knock Off|[of] p1a: Great Tusk
|move|p2a: Ninetales|Calm Mind|p2a: Ninetales
|-boost|p2a: Ninetales|spa|1
|-boost|p2a: Ninetales|spd|1
|
|-weather|Snowscape|[upkeep]
|upkeep
|turn|7
|
|t:|1758999038
|-end|p1a: Great Tusk|Protosynthesis|[silent]
|switch|p1a: Skeledirge|Skeledirge, M|100/100
|move|p2a: Ninetales|Ice Beam|p1a: Skeledirge
|-resisted|p1a: Skeledirge
|-damage|p1a: Skeledirge|91/100
|-status|p1a: Skeledirge|frz
|
|-weather|none
|-heal|p1a: Skeledirge|97/100 frz|[from] item: Leftovers
|upkeep
|turn|8
|
|t:|1758999049
|switch|p2a: Samurott|Samurott-Hisui, F|100/100
|-curestatus|p1a: Skeledirge|frz|[msg]
|move|p1a: Skeledirge|Torch Song|p2a: Samurott
|-resisted|p2a: Samurott
|-damage|p2a: Samurott|90/100
|-boost|p1a: Skeledirge|spa|1
|
|-heal|p1a: Skeledirge|100/100|[from] item: Leftovers
|-sideend|p2: plr1|move: Aurora Veil
|upkeep
|turn|9
|
|t:|1758999066
|-terastallize|p1a: Skeledirge|Water
|move|p2a: Samurott|Razor Shell|p1a: Skeledirge
|-resisted|p1a: Skeledirge
|-damage|p1a: Skeledirge|71/100
|move|p1a: Skeledirge|Will-O-Wisp|p2a: Samurott
|-status|p2a: Samurott|brn
|
|-heal|p1a: Skeledirge|77/100|[from] item: Leftovers
|-damage|p2a: Samurott|84/100 brn|[from] brn
|upkeep
|turn|10
|
|t:|1758999082
|switch|p2a: Infernape|Infernape, F, shiny|100/100
|switch|p1a: Walking Wake|Walking Wake|75/100
|
|upkeep
|turn|11
|
|t:|1758999089
|move|p2a: Infernape|Thunder Punch|p1a: Walking Wake
|-damage|p1a: Walking Wake|43/100
|move|p1a: Walking Wake|Flip Turn|p2a: Infernape
|-supereffective|p2a: Infernape
|-damage|p2a: Infernape|43/100
|
|t:|1758999096
|-end|p1a: Walking Wake|Protosynthesis|[silent]
|switch|p1a: Great Tusk|Great Tusk|100/100|[from] Flip Turn
|
|upkeep
|turn|12
|
|t:|1758999103
|move|p2a: Infernape|Fire Punch|p1a: Great Tusk
|-damage|p1a: Great Tusk|71/100
|move|p1a: Great Tusk|Close Combat|p2a: Infernape
|-damage|p2a: Infernape|0 fnt
|-unboost|p1a: Great Tusk|def|1
|-unboost|p1a: Great Tusk|spd|1
|faint|p2a: Infernape
|
|upkeep
|
|t:|1758999114
|switch|p2a: Samurott|Samurott-Hisui, F|84/100 brn
|turn|13
|
|t:|1758999118
|move|p2a: Samurott|Aqua Jet|p1a: Great Tusk
|-supereffective|p1a: Great Tusk
|-damage|p1a: Great Tusk|40/100
|move|p1a: Great Tusk|Close Combat|p2a: Samurott
|-supereffective|p2a: Samurott
|-damage|p2a: Samurott|0 fnt
|-unboost|p1a: Great Tusk|def|1
|-unboost|p1a: Great Tusk|spd|1
|faint|p2a: Samurott
|
|upkeep
|
|t:|1758999132
|switch|p2a: Hatterene|Hatterene, F|100/100
|turn|14
|
|t:|1758999140
|move|p1a: Great Tusk|Knock Off|p2a: Hatterene
|-damage|p2a: Hatterene|60/100
|-enditem|p2a: Hatterene|Choice Specs|[from] move: Knock Off|[of] p1a: Great Tusk
|move|p2a: Hatterene|Dazzling Gleam|p1a: Great Tusk
|-supereffective|p1a: Great Tusk
|-damage|p1a: Great Tusk|0 fnt
|faint|p1a: Great Tusk
|-end|p1a: Great Tusk|Protosynthesis|[silent]
|
|upkeep
|
|t:|1758999148
|switch|p1a: Sinistcha|Sinistcha|88/100
|turn|15
|
|t:|1758999152
|move|p1a: Sinistcha|Shadow Ball|p2a: Hatterene
|-supereffective|p2a: Hatterene
|-crit|p2a: Hatterene
|-damage|p2a: Hatterene|0 fnt
|faint|p2a: Hatterene
|
|upkeep
|
|t:|1758999158
|switch|p2a: Ninetales|Ninetales-Alola, F|92/100
|-weather|Snowscape|[from] ability: Snow Warning|[of] p2a: Ninetales
|turn|16
|
|t:|1758999168
|switch|p1a: Skeledirge|Skeledirge, M, tera:Water|77/100
|move|p2a: Ninetales|Aurora Veil|p2a: Ninetales
|-sidestart|p2: plr1|move: Aurora Veil
|
|-weather|Snowscape|[upkeep]
|-heal|p1a: Skeledirge|83/100|[from] item: Leftovers
|upkeep
|turn|17
|
|t:|1758999178
|move|p2a: Ninetales|Calm Mind|p2a: Ninetales
|-boost|p2a: Ninetales|spa|1
|-boost|p2a: Ninetales|spd|1
|move|p1a: Skeledirge|Torch Song|p2a: Ninetales
|-supereffective|p2a: Ninetales
|-damage|p2a: Ninetales|65/100
|-boost|p1a: Skeledirge|spa|1
|
|-weather|Snowscape|[upkeep]
|-heal|p1a: Skeledirge|89/100|[from] item: Leftovers
|upkeep
|turn|18
|
|t:|1758999188
|move|p2a: Ninetales|Draining Kiss|p1a: Skeledirge
|-damage|p1a: Skeledirge|77/100
|-heal|p2a: Ninetales|76/100|[from] drain|[of] p1a: Skeledirge
|move|p1a: Skeledirge|Torch Song|p2a: Ninetales
|-supereffective|p2a: Ninetales
|-damage|p2a: Ninetales|31/100
|-boost|p1a: Skeledirge|spa|1
|
|-weather|Snowscape|[upkeep]
|-heal|p1a: Skeledirge|84/100|[from] item: Leftovers
|upkeep
|turn|19
|
|t:|1758999200
|move|p2a: Ninetales|Draining Kiss|p1a: Skeledirge
|-damage|p1a: Skeledirge|72/100
|-heal|p2a: Ninetales|41/100|[from] drain|[of] p1a: Skeledirge
|move|p1a: Skeledirge|Torch Song|p2a: Ninetales
|-supereffective|p2a: Ninetales
|-damage|p2a: Ninetales|0 fnt
|-boost|p1a: Skeledirge|spa|1
|faint|p2a: Ninetales
|
|-weather|Snowscape|[upkeep]
|-heal|p1a: Skeledirge|78/100|[from] item: Leftovers
|upkeep
|c|☆dellee|thanks
|
|t:|1758999212
|switch|p2a: Gliscor|Gliscor, F|100/100
|turn|20
|
|t:|1758999217
|move|p2a: Gliscor|Earthquake|p1a: Skeledirge
|-damage|p1a: Skeledirge|43/100
|move|p1a: Skeledirge|Will-O-Wisp|p2a: Gliscor
|-status|p2a: Gliscor|brn
|
|-weather|none
|-heal|p1a: Skeledirge|49/100|[from] item: Leftovers
|-damage|p2a: Gliscor|94/100 brn|[from] brn
|-sideend|p2: plr1|move: Aurora Veil
|upkeep
|turn|21
|
|t:|1758999228
|move|p2a: Gliscor|Earthquake|p1a: Skeledirge
|-damage|p1a: Skeledirge|30/100
|move|p1a: Skeledirge|Torch Song|p2a: Gliscor
|-damage|p2a: Gliscor|2/100 brn
|-boost|p1a: Skeledirge|spa|1
|
|-heal|p1a: Skeledirge|36/100|[from] item: Leftovers
|-damage|p2a: Gliscor|0 fnt|[from] brn
|faint|p2a: Gliscor
|upkeep
|-message|plr1 forfeited.
|
|win|dellee
|raw|dellee's rating: 1074 &rarr; <strong>1104</strong><br />(+30 for winning)
|raw|plr1's rating: 1091 &rarr; <strong>1066</strong><br />(-25 for losing)
|l|☆plr1
|player|p2|
