|j|☆yosho2.0
|j|☆Aggrhy
|t:|1759038454
|gametype|singles
|player|p1|yosho2.0|dawn|1420
|player|p2|Aggrhy|red-masters|1409
|gen|9
|tier|[Gen 9] OU
|rated|
|rule|HP Percentage Mod: HP is shown in percentages
|rule|Endless Battle Clause: Forcing endless battles is banned
|rule|Species Clause: Limit one of each Pokémon
|rule|OHKO Clause: OHKO moves are banned
|rule|Evasion Items Clause: Evasion items are banned
|rule|Evasion Moves Clause: Evasion moves are banned
|rule|Evasion Abilities Clause: Evasion abilities are banned
|rule|Sleep Moves Clause: Sleep-inducing moves are banned
|clearpoke
|poke|p1|Mimikyu, M|
|poke|p1|Hatterene, F|
|poke|p1|Ursaluna, F|
|poke|p1|Hoopa-Unbound|
|poke|p1|Iron Hands|
|poke|p1|Indeedee, M|
|poke|p2|Pikachu, F|
|poke|p2|Metagross|
|poke|p2|Gardevoir, F|
|poke|p2|Glimmora, M|
|poke|p2|Milotic, F|
|poke|p2|Hydrapple, F|
|teampreview
|inactive|Battle timer is ON: inactive players will automatically lose when time's up. (requested by Aggrhy)
|
|t:|1759038469
|teamsize|p1|6
|teamsize|p2|6
|start
|switch|p1a: Indeedee|Indeedee, M, shiny|100/100
|switch|p2a: Metagross|Metagross|100/100
|-fieldstart|move: Psychic Terrain|[from] ability: Psychic Surge|[of] p1a: Indeedee
|turn|1
|
|t:|1759038483
|move|p2a: Metagross|Knock Off|p1a: Indeedee
|-supereffective|p1a: Indeedee
|-damage|p1a: Indeedee|21/100
|-enditem|p1a: Indeedee|Terrain Extender|[from] move: Knock Off|[of] p2a: Metagross
|move|p1a: Indeedee|Trick Room|p1a: Indeedee
|-fieldstart|move: Trick Room|[of] p1a: Indeedee
|
|upkeep
|turn|2
|
|t:|1759038495
|move|p2a: Metagross|Knock Off|p1a: Indeedee
|-supereffective|p1a: Indeedee
|-damage|p1a: Indeedee|0 fnt
|faint|p1a: Indeedee
|
|upkeep
|
|t:|1759038498
|switch|p1a: Hatterene|Hatterene, F, shiny|100/100
|turn|3
|
|t:|1759038503
|-terastallize|p1a: Hatterene|Stellar
|move|p1a: Hatterene|Mystical Fire|p2a: Metagross
|-supereffective|p2a: Metagross
|-damage|p2a: Metagross|17/100
|-damage|p1a: Hatterene|91/100|[from] item: Life Orb
|move|p2a: Metagross|Meteor Mash|p1a: Hatterene
|-supereffective|p1a: Hatterene
|-damage|p1a: Hatterene|0 fnt
|faint|p1a: Hatterene
|
|upkeep
|
|t:|1759038511
|switch|p1a: Hoopa|Hoopa-Unbound|100/100
|-enditem|p1a: Hoopa|Psychic Seed
|-boost|p1a: Hoopa|spd|1|[from] item: Psychic Seed
|turn|4
|
|t:|1759038520
|move|p1a: Hoopa|Hyperspace Fury|p2a: Metagross
|-supereffective|p2a: Metagross
|-damage|p2a: Metagross|0 fnt
|-unboost|p1a: Hoopa|def|1
|faint|p2a: Metagross
|-item|p1a: Hoopa|Assault Vest|[from] ability: Magician|[of] p2: Metagross
|
|upkeep
|
|t:|1759038541
|switch|p2a: Milotic|Milotic, F|100/100
|turn|5
|
|t:|1759038549
|move|p1a: Hoopa|Expanding Force|p2a: Milotic
|-damage|p2a: Milotic|44/100
|move|p2a: Milotic|Scald|p1a: Hoopa
|-damage|p1a: Hoopa|92/100
|
|-heal|p2a: Milotic|50/100|[from] item: Leftovers
|-fieldend|move: Trick Room
|upkeep
|turn|6
|
|t:|1759038568
|move|p2a: Milotic|Scald|p1a: Hoopa
|-damage|p1a: Hoopa|83/100
|move|p1a: Hoopa|Expanding Force|p2a: Milotic
|-damage|p2a: Milotic|0 fnt
|faint|p2a: Milotic
|
|upkeep
|
|t:|1759038577
|switch|p2a: Pikachu|Pikachu, F|100/100
|turn|7
|
|t:|1759038582
|move|p2a: Pikachu|Volt Tackle|p1a: Hoopa
|-crit|p1a: Hoopa
|-damage|p1a: Hoopa|0 fnt
|faint|p1a: Hoopa
|-damage|p2a: Pikachu|54/100|[from] Recoil
|
|upkeep
|
|t:|1759038588
|switch|p1a: Ursaluna|Ursaluna, F|100/100
|turn|8
|
|t:|1759038599
|move|p2a: Pikachu|Knock Off|p1a: Ursaluna
|-damage|p1a: Ursaluna|71/100
|-enditem|p1a: Ursaluna|Flame Orb|[from] move: Knock Off|[of] p2a: Pikachu
|move|p1a: Ursaluna|Headlong Rush|p2a: Pikachu
|-supereffective|p2a: Pikachu
|-damage|p2a: Pikachu|0 fnt
|-unboost|p1a: Ursaluna|def|1
|-unboost|p1a: Ursaluna|spd|1
|faint|p2a: Pikachu
|
|-fieldend|move: Psychic Terrain
|upkeep
|
|t:|1759038614
|switch|p2a: Gardevoir|Gardevoir, F|100/100
|-ability|p2a: Gardevoir|Guts|Trace|[from] ability: Trace|[of] p1a: Ursaluna
|turn|9
|
|t:|1759038623
|move|p2a: Gardevoir|Moonblast|p1a: Ursaluna
|-damage|p1a: Ursaluna|7/100
|move|p1a: Ursaluna|Headlong Rush|p2a: Gardevoir
|-damage|p2a: Gardevoir|0 fnt
|-unboost|p1a: Ursaluna|def|1
|-unboost|p1a: Ursaluna|spd|1
|faint|p2a: Gardevoir
|
|upkeep
|
|t:|1759038633
|switch|p2a: Glimmora|Glimmora, M|100/100
|turn|10
|
|t:|1759038653
|move|p2a: Glimmora|Earth Power|p1a: Ursaluna
|-damage|p1a: Ursaluna|0 fnt
|faint|p1a: Ursaluna
|
|upkeep
|
|t:|1759038661
|switch|p1a: Iron Hands|Iron Hands|100/100
|-enditem|p1a: Iron Hands|Booster Energy
|-activate|p1a: Iron Hands|ability: Quark Drive|[fromitem]
|-start|p1a: Iron Hands|quarkdriveatk
|turn|11
|
|t:|1759038668
|-terastallize|p2a: Glimmora|Grass
|move|p2a: Glimmora|Earth Power|p1a: Iron Hands
|-supereffective|p1a: Iron Hands
|-damage|p1a: Iron Hands|49/100
|move|p1a: Iron Hands|Close Combat|p2a: Glimmora
|-damage|p2a: Glimmora|0 fnt
|-unboost|p1a: Iron Hands|def|1
|-unboost|p1a: Iron Hands|spd|1
|-activate|p2a: Glimmora|ability: Toxic Debris
|-sidestart|p1: yosho2.0|move: Toxic Spikes
|faint|p2a: Glimmora
|
|upkeep
|
|t:|1759038681
|switch|p2a: Hydrapple|Hydrapple, F|100/100
|turn|12
|
|t:|1759038685
|move|p1a: Iron Hands|Ice Punch|p2a: Hydrapple
|-supereffective|p2a: Hydrapple
|-damage|p2a: Hydrapple|0 fnt
|-damage|p1a: Iron Hands|33/100|[from] item: Rocky Helmet|[of] p2a: Hydrapple
|faint|p2a: Hydrapple
|
|win|yosho2.0
|raw|yosho2.0's rating: 1420 &rarr; <strong>1439</strong><br />(+19 for winning)
|raw|Aggrhy's rating: 1409 &rarr; <strong>1390</strong><br />(-19 for losing)
|l|☆Aggrhy
|player|p2|
|l|☆yosho2.0
|player|p1|
