|j|☆Rin1604
|j|☆lovelymoa
|t:|1758949723
|gametype|singles
|player|p1|Rin1604|miku-ghost|1234
|player|p2|lovelymoa|swimmerf|1386
|gen|9
|tier|[Gen 9] OU
|rated|
|rule|HP Percentage Mod: HP is shown in percentages
|rule|Endless Battle Clause: Forcing endless battles is banned
|rule|Species Clause: Limit one of each Pokémon
|rule|OHKO Clause: OHKO moves are banned
|rule|Evasion Items Clause: Evasion items are banned
|rule|Evasion Moves Clause: Evasion moves are banned
|rule|Evasion Abilities Clause: Evasion abilities are banned
|rule|Sleep Moves Clause: Sleep-inducing moves are banned
|clearpoke
|poke|p1|Kommo-o, F|
|poke|p1|Gholdengo|
|poke|p1|Ninetales-Alola, M|
|poke|p1|Hatterene, F|
|poke|p1|Zamazenta-*|
|poke|p1|Kingambit, F|
|poke|p2|Serperior, F|
|poke|p2|Samurott-Hisui, M|
|poke|p2|Iron Treads|
|poke|p2|Moltres|
|poke|p2|Garganacl, M|
|poke|p2|Gholdengo|
|teampreview
|inactive|Battle timer is ON: inactive players will automatically lose when time's up. (requested by lovelymoa)
|
|t:|1758949736
|teamsize|p1|6
|teamsize|p2|6
|start
|switch|p1a: Gholdengo|Gholdengo|100/100
|switch|p2a: Samurott|Samurott-Hisui, M|100/100
|turn|1
|
|t:|1758949756
|move|p2a: Samurott|Ceaseless Edge|p1a: Gholdengo
|-supereffective|p1a: Gholdengo
|-damage|p1a: Gholdengo|0 fnt
|-sidestart|p1: Rin1604|Spikes
|faint|p1a: Gholdengo
|
|upkeep
|
|t:|1758949766
|switch|p1a: Ninetales|Ninetales-Alola, M|100/100
|-damage|p1a: Ninetales|88/100|[from] Spikes
|-weather|Snowscape|[from] ability: Snow Warning|[of] p1a: Ninetales
|turn|2
|
|t:|1758949781
|switch|p2a: Gholdengo|Gholdengo|100/100
|-item|p2a: Gholdengo|Air Balloon
|move|p1a: Ninetales|Aurora Veil|p1a: Ninetales
|-sidestart|p1: Rin1604|move: Aurora Veil
|
|-weather|Snowscape|[upkeep]
|upkeep
|turn|3
|inactive|Rin1604 has 120 seconds left.
|
|t:|1758949818
|switch|p1a: Zamazenta|Zamazenta|100/100
|-damage|p1a: Zamazenta|88/100|[from] Spikes
|-ability|p1a: Zamazenta|Dauntless Shield|boost
|-boost|p1a: Zamazenta|def|1
|move|p2a: Gholdengo|Thunder Wave|p1a: Zamazenta
|-status|p1a: Zamazenta|par
|
|-weather|Snowscape|[upkeep]
|upkeep
|turn|4
|inactive|Rin1604 has 120 seconds left.
|l|☆Rin1604
|inactive|Rin1604 disconnected and has a minute to reconnect!
|player|p1|
|j|☆Rin1604
|inactive|Rin1604 reconnected and has 95 seconds left.
|player|p1|Rin1604|miku-ghost|
|inactive|Rin1604 has 90 seconds left.
|
|t:|1758949855
|switch|p2a: Moltres|Moltres|100/100
|cant|p1a: Zamazenta|par
|
|-weather|Snowscape|[upkeep]
|upkeep
|turn|5
|
|t:|1758949861
|move|p2a: Moltres|Air Slash|p1a: Zamazenta
|-supereffective|p1a: Zamazenta
|-damage|p1a: Zamazenta|53/100 par
|cant|p1a: Zamazenta|flinch
|
|-weather|Snowscape|[upkeep]
|upkeep
|turn|6
|
|t:|1758949867
|move|p2a: Moltres|Air Slash|p1a: Zamazenta
|-supereffective|p1a: Zamazenta
|-damage|p1a: Zamazenta|22/100 par
|cant|p1a: Zamazenta|par
|
|-weather|none
|upkeep
|turn|7
|
|t:|1758949877
|move|p2a: Moltres|Air Slash|p1a: Zamazenta
|-supereffective|p1a: Zamazenta
|-crit|p1a: Zamazenta
|-damage|p1a: Zamazenta|0 fnt
|faint|p1a: Zamazenta
|
|upkeep
|
|t:|1758949891
|switch|p1a: Hatterene|Hatterene, F|100/100
|-damage|p1a: Hatterene|88/100|[from] Spikes
|turn|8
|
|t:|1758949916
|switch|p2a: Samurott|Samurott-Hisui, M|100/100
|switch|p1a: Kommo-o|Kommo-o, F|100/100
|-damage|p1a: Kommo-o|88/100|[from] Spikes
|
|upkeep
|turn|9
|
|t:|1758949935
|switch|p2a: Moltres|Moltres|100/100
|move|p1a: Kommo-o|Clangorous Soul|p1a: Kommo-o
|-boost|p1a: Kommo-o|atk|1
|-boost|p1a: Kommo-o|def|1
|-boost|p1a: Kommo-o|spa|1
|-boost|p1a: Kommo-o|spd|1
|-boost|p1a: Kommo-o|spe|1
|-damage|p1a: Kommo-o|55/100
|-enditem|p1a: Kommo-o|Throat Spray
|-boost|p1a: Kommo-o|spa|1|[from] item: Throat Spray
|
|-sideend|p1: Rin1604|move: Aurora Veil
|upkeep
|turn|10
|
|t:|1758949947
|-terastallize|p1a: Kommo-o|Normal
|move|p1a: Kommo-o|Boomburst|p2a: Moltres
|-damage|p2a: Moltres|0 fnt
|faint|p2a: Moltres
|
|upkeep
|
|t:|1758949959
|switch|p2a: Samurott|Samurott-Hisui, M|100/100
|turn|11
|
|t:|1758949965
|move|p1a: Kommo-o|Clanging Scales|p2a: Samurott
|-damage|p2a: Samurott|0 fnt
|faint|p2a: Samurott
|-unboost|p1a: Kommo-o|def|1
|
|upkeep
|
|t:|1758949975
|switch|p2a: Gholdengo|Gholdengo|100/100
|-item|p2a: Gholdengo|Air Balloon
|turn|12
|
|t:|1758949979
|move|p1a: Kommo-o|Flamethrower|p2a: Gholdengo
|-supereffective|p2a: Gholdengo
|-damage|p2a: Gholdengo|31/100
|-status|p2a: Gholdengo|brn
|-enditem|p2a: Gholdengo|Air Balloon
|move|p2a: Gholdengo|Thunder Wave|p1a: Kommo-o
|-status|p1a: Kommo-o|par
|
|-damage|p2a: Gholdengo|25/100 brn|[from] brn
|upkeep
|turn|13
|inactive|Rin1604 has 120 seconds left.
|
|t:|1758950011
|move|p1a: Kommo-o|Clangorous Soul|p1a: Kommo-o
|-boost|p1a: Kommo-o|atk|1
|-boost|p1a: Kommo-o|def|1
|-boost|p1a: Kommo-o|spa|1
|-boost|p1a: Kommo-o|spd|1
|-boost|p1a: Kommo-o|spe|1
|-damage|p1a: Kommo-o|22/100 par
|move|p2a: Gholdengo|Recover|p2a: Gholdengo
|-heal|p2a: Gholdengo|75/100 brn
|
|-damage|p2a: Gholdengo|69/100 brn|[from] brn
|upkeep
|turn|14
|
|t:|1758950026
|-terastallize|p2a: Gholdengo|Flying
|move|p1a: Kommo-o|Flamethrower|p2a: Gholdengo
|-damage|p2a: Gholdengo|20/100 brn
|move|p2a: Gholdengo|Make It Rain|p1a: Kommo-o
|-damage|p1a: Kommo-o|0 fnt
|-unboost|p2a: Gholdengo|spa|1
|faint|p1a: Kommo-o
|
|-damage|p2a: Gholdengo|14/100 brn|[from] brn
|upkeep
|
|t:|1758950032
|switch|p1a: Ninetales|Ninetales-Alola, M|88/100
|-damage|p1a: Ninetales|76/100|[from] Spikes
|-weather|Snowscape|[from] ability: Snow Warning|[of] p1a: Ninetales
|turn|15
|
|t:|1758950048
|move|p1a: Ninetales|Aurora Veil|p1a: Ninetales
|-sidestart|p1: Rin1604|move: Aurora Veil
|move|p2a: Gholdengo|Thunder Wave|p1a: Ninetales
|-status|p1a: Ninetales|par
|
|-weather|Snowscape|[upkeep]
|-damage|p2a: Gholdengo|8/100 brn|[from] brn
|upkeep
|turn|16
|
|t:|1758950055
|move|p2a: Gholdengo|Recover|p2a: Gholdengo
|-heal|p2a: Gholdengo|58/100 brn
|cant|p1a: Ninetales|par
|
|-weather|Snowscape|[upkeep]
|-damage|p2a: Gholdengo|52/100 brn|[from] brn
|upkeep
|turn|17
|
|t:|1758950061
|move|p2a: Gholdengo|Recover|p2a: Gholdengo
|-heal|p2a: Gholdengo|100/100 brn
|move|p1a: Ninetales|Encore|p2a: Gholdengo
|-immune|p2a: Gholdengo|[from] ability: Good as Gold
|
|-weather|Snowscape|[upkeep]
|-damage|p2a: Gholdengo|94/100 brn|[from] brn
|upkeep
|turn|18
|
|t:|1758950076
|switch|p1a: Kingambit|Kingambit, F|100/100
|-activate|p1a: Kingambit|ability: Supreme Overlord
|-start|p1a: Kingambit|fallen3|[silent]
|-item|p1a: Kingambit|Air Balloon
|move|p2a: Gholdengo|Make It Rain|p1a: Kingambit
|-resisted|p1a: Kingambit
|-damage|p1a: Kingambit|92/100
|-unboost|p2a: Gholdengo|spa|1
|-enditem|p1a: Kingambit|Air Balloon
|
|-weather|Snowscape|[upkeep]
|-damage|p2a: Gholdengo|88/100 brn|[from] brn
|upkeep
|turn|19
|
|t:|1758950088
|move|p2a: Gholdengo|Thunder Wave|p1a: Kingambit
|-status|p1a: Kingambit|par
|cant|p1a: Kingambit|par
|
|-weather|none
|-damage|p2a: Gholdengo|82/100 brn|[from] brn
|upkeep
|turn|20
|
|t:|1758950095
|switch|p2a: Garganacl|Garganacl, M|100/100
|move|p1a: Kingambit|Kowtow Cleave|p2a: Garganacl
|-damage|p2a: Garganacl|68/100
|
|-heal|p2a: Garganacl|75/100|[from] item: Leftovers
|upkeep
|turn|21
|
|t:|1758950103
|move|p2a: Garganacl|Salt Cure|p1a: Kingambit
|-resisted|p1a: Kingambit
|-damage|p1a: Kingambit|90/100 par
|-start|p1a: Kingambit|Salt Cure
|cant|p1a: Kingambit|par
|
|-heal|p2a: Garganacl|81/100|[from] item: Leftovers
|-damage|p1a: Kingambit|65/100 par|[from] Salt Cure
|upkeep
|turn|22
|
|t:|1758950112
|-end|p1a: Kingambit|fallen3|[silent]
|switch|p1a: Hatterene|Hatterene, F|88/100
|-damage|p1a: Hatterene|76/100|[from] Spikes
|move|p2a: Garganacl|Stealth Rock|p1a: Hatterene
|move|p1a: Hatterene|Stealth Rock|p2a: Garganacl|[from] ability: Magic Bounce
|-sidestart|p2: lovelymoa|move: Stealth Rock
|
|-heal|p2a: Garganacl|87/100|[from] item: Leftovers
|-sideend|p1: Rin1604|move: Aurora Veil
|upkeep
|turn|23
|
|t:|1758950125
|switch|p2a: Gholdengo|Gholdengo, tera:Flying|82/100 brn
|-damage|p2a: Gholdengo|57/100 brn|[from] Stealth Rock
|move|p1a: Hatterene|Calm Mind|p1a: Hatterene
|-boost|p1a: Hatterene|spa|1
|-boost|p1a: Hatterene|spd|1
|
|-damage|p2a: Gholdengo|51/100 brn|[from] brn
|upkeep
|turn|24
|
|t:|1758950134
|switch|p2a: Iron Treads|Iron Treads|100/100
|-damage|p2a: Iron Treads|97/100|[from] Stealth Rock
|-item|p2a: Iron Treads|Air Balloon
|move|p1a: Hatterene|Draining Kiss|p2a: Iron Treads
|-resisted|p2a: Iron Treads
|-damage|p2a: Iron Treads|75/100
|-heal|p1a: Hatterene|93/100|[from] drain|[of] p2a: Iron Treads
|-enditem|p2a: Iron Treads|Air Balloon
|
|upkeep
|turn|25
|
|t:|1758950145
|move|p2a: Iron Treads|Rapid Spin|p1a: Hatterene
|-damage|p1a: Hatterene|80/100
|-boost|p2a: Iron Treads|spe|1
|-sideend|p2: lovelymoa|Stealth Rock|[from] move: Rapid Spin|[of] p2a: Iron Treads
|move|p1a: Hatterene|Psychic Noise|p2a: Iron Treads
|-resisted|p2a: Iron Treads
|-damage|p2a: Iron Treads|42/100
|-start|p2a: Iron Treads|move: Heal Block
|
|upkeep
|turn|26
|
|t:|1758950162
|move|p2a: Iron Treads|Earthquake|p1a: Hatterene
|-damage|p1a: Hatterene|39/100
|move|p1a: Hatterene|Draining Kiss|p2a: Iron Treads
|-resisted|p2a: Iron Treads
|-damage|p2a: Iron Treads|17/100
|-heal|p1a: Hatterene|57/100|[from] drain|[of] p2a: Iron Treads
|
|-end|p2a: Iron Treads|move: Heal Block
|upkeep
|turn|27
|
|t:|1758950170
|switch|p1a: Kingambit|Kingambit, F|65/100 par
|-damage|p1a: Kingambit|53/100 par|[from] Spikes
|-activate|p1a: Kingambit|ability: Supreme Overlord
|-start|p1a: Kingambit|fallen3|[silent]
|move|p2a: Iron Treads|Earthquake|p1a: Kingambit
|-supereffective|p1a: Kingambit
|-damage|p1a: Kingambit|0 fnt
|faint|p1a: Kingambit
|-end|p1a: Kingambit|fallen3|[silent]
|
|upkeep
|
|t:|1758950178
|switch|p1a: Hatterene|Hatterene, F|57/100
|-damage|p1a: Hatterene|45/100|[from] Spikes
|turn|28
|
|t:|1758950182
|move|p2a: Iron Treads|Earthquake|p1a: Hatterene
|-damage|p1a: Hatterene|8/100
|move|p1a: Hatterene|Draining Kiss|p2a: Iron Treads
|-resisted|p2a: Iron Treads
|-damage|p2a: Iron Treads|1/100
|-heal|p1a: Hatterene|21/100|[from] drain|[of] p2a: Iron Treads
|
|upkeep
|turn|29
|
|t:|1758950188
|move|p2a: Iron Treads|Earthquake|p1a: Hatterene
|-damage|p1a: Hatterene|0 fnt
|faint|p1a: Hatterene
|
|upkeep
|-message|Rin1604 forfeited.
|
|win|lovelymoa
|raw|Rin1604's rating: 1234 &rarr; <strong>1219</strong><br />(-15 for losing)
|raw|lovelymoa's rating: 1386 &rarr; <strong>1398</strong><br />(+12 for winning)
|l|☆lovelymoa
|player|p2|
|l|☆Rin1604
|player|p1|
