|j|☆desert97
|j|‽isaac_gam3r
|t:|1758918551
|gametype|singles
|player|p1|desert97|1|1702
|player|p2|isaac_gam3r|acetrainer-gen4dp|1713
|gen|9
|tier|[Gen 9] OU
|rated|
|rule|HP Percentage Mod: HP is shown in percentages
|rule|Endless Battle Clause: Forcing endless battles is banned
|rule|Species Clause: Limit one of each Pokémon
|rule|OHKO Clause: OHKO moves are banned
|rule|Evasion Items Clause: Evasion items are banned
|rule|Evasion Moves Clause: Evasion moves are banned
|rule|Evasion Abilities Clause: Evasion abilities are banned
|rule|Sleep Moves Clause: Sleep-inducing moves are banned
|clearpoke
|poke|p1|Ninetales-Alola, M|
|poke|p1|Keldeo-Resolute|
|poke|p1|Hatterene, F|
|poke|p1|Kyurem|
|poke|p1|Kingambit, M|
|poke|p1|Glimmora, F|
|poke|p2|Garchomp, F|
|poke|p2|Raging Bolt|
|poke|p2|Primarina, M|
|poke|p2|Heatran, M|
|poke|p2|Weezing-Galar, M|
|poke|p2|Weavile, M|
|teampreview
|inactive|Battle timer is ON: inactive players will automatically lose when time's up. (requested by desert97)
|
|t:|1758918583
|teamsize|p1|6
|teamsize|p2|6
|start
|switch|p1a: Ninetales|Ninetales-Alola, M|100/100
|switch|p2a: Heatran|Heatran, M|100/100
|-weather|Snowscape|[from] ability: Snow Warning|[of] p1a: Ninetales
|turn|1
|
|t:|1758918594
|switch|p1a: Glimmora|Glimmora, F|100/100
|move|p2a: Heatran|Flash Cannon|p1a: Glimmora
|-supereffective|p1a: Glimmora
|-damage|p1a: Glimmora|0 fnt
|faint|p1a: Glimmora
|
|-weather|Snowscape|[upkeep]
|upkeep
|
|t:|1758918603
|switch|p1a: Keldeo|Keldeo-Resolute|100/100
|turn|2
|
|t:|1758918610
|switch|p2a: Primarina|Primarina, M|100/100
|move|p1a: Keldeo|Secret Sword|p2a: Primarina
|-resisted|p2a: Primarina
|-damage|p2a: Primarina|72/100
|
|-weather|Snowscape|[upkeep]
|-heal|p2a: Primarina|78/100|[from] item: Leftovers
|upkeep
|turn|3
|j| Serrrvice Fish
|
|t:|1758918616
|switch|p1a: Ninetales|Ninetales-Alola, M|100/100
|move|p2a: Primarina|Calm Mind|p2a: Primarina
|-boost|p2a: Primarina|spa|1
|-boost|p2a: Primarina|spd|1
|
|-weather|Snowscape|[upkeep]
|-heal|p2a: Primarina|84/100|[from] item: Leftovers
|upkeep
|turn|4
|
|t:|1758918628
|switch|p2a: Heatran|Heatran, M|100/100
|move|p1a: Ninetales|Encore||[still]
|-fail|p1a: Ninetales
|
|-weather|Snowscape|[upkeep]
|upkeep
|turn|5
|
|t:|1758918631
|move|p1a: Ninetales|Aurora Veil|p1a: Ninetales
|-sidestart|p1: desert97|move: Aurora Veil
|move|p2a: Heatran|Lava Plume|p1a: Ninetales
|-supereffective|p1a: Ninetales
|-damage|p1a: Ninetales|58/100
|
|-weather|none
|upkeep
|turn|6
|
|t:|1758918635
|switch|p1a: Keldeo|Keldeo-Resolute|100/100
|move|p2a: Heatran|Flash Cannon|p1a: Keldeo
|-resisted|p1a: Keldeo
|-damage|p1a: Keldeo|88/100
|
|-heal|p1a: Keldeo|94/100|[from] item: Leftovers
|upkeep
|turn|7
|
|t:|1758918642
|switch|p2a: Primarina|Primarina, M|84/100
|move|p1a: Keldeo|Calm Mind|p1a: Keldeo
|-boost|p1a: Keldeo|spa|1
|-boost|p1a: Keldeo|spd|1
|
|-heal|p1a: Keldeo|99/100|[from] item: Leftovers
|-heal|p2a: Primarina|90/100|[from] item: Leftovers
|upkeep
|turn|8
|
|t:|1758918647
|-terastallize|p1a: Keldeo|Fighting
|move|p1a: Keldeo|Secret Sword|p2a: Primarina
|-resisted|p2a: Primarina
|-damage|p2a: Primarina|36/100
|move|p2a: Primarina|Calm Mind|p2a: Primarina
|-boost|p2a: Primarina|spa|1
|-boost|p2a: Primarina|spd|1
|
|-heal|p1a: Keldeo|100/100|[from] item: Leftovers
|-heal|p2a: Primarina|42/100|[from] item: Leftovers
|upkeep
|turn|9
|c| Serrrvice Fish|I just realized but the HO I'm building shares 4 of the same Pokemon
|
|t:|1758918652
|move|p1a: Keldeo|Secret Sword|p2a: Primarina
|-resisted|p2a: Primarina
|-damage|p2a: Primarina|0 fnt
|faint|p2a: Primarina
|
|upkeep
|
|t:|1758918656
|switch|p2a: Raging Bolt|Raging Bolt|100/100
|turn|10
|
|t:|1758918662
|-terastallize|p2a: Raging Bolt|Fairy
|move|p1a: Keldeo|Secret Sword|p2a: Raging Bolt
|-resisted|p2a: Raging Bolt
|-damage|p2a: Raging Bolt|64/100
|move|p2a: Raging Bolt|Thunderbolt|p1a: Keldeo
|-damage|p1a: Keldeo|79/100
|
|-heal|p1a: Keldeo|85/100|[from] item: Leftovers
|-heal|p2a: Raging Bolt|70/100|[from] item: Leftovers
|upkeep
|turn|11
|
|t:|1758918666
|move|p1a: Keldeo|Surf|p2a: Raging Bolt
|-damage|p2a: Raging Bolt|6/100
|move|p2a: Raging Bolt|Thunderbolt|p1a: Keldeo
|-damage|p1a: Keldeo|66/100
|
|-heal|p1a: Keldeo|72/100|[from] item: Leftovers
|-heal|p2a: Raging Bolt|12/100|[from] item: Leftovers
|upkeep
|turn|12
|
|t:|1758918670
|move|p1a: Keldeo|Vacuum Wave|p2a: Raging Bolt
|-resisted|p2a: Raging Bolt
|-damage|p2a: Raging Bolt|0 fnt
|faint|p2a: Raging Bolt
|-end|p2a: Raging Bolt|Protosynthesis|[silent]
|
|-heal|p1a: Keldeo|78/100|[from] item: Leftovers
|-sideend|p1: desert97|move: Aurora Veil
|upkeep
|
|t:|1758918671
|switch|p2a: Garchomp|Garchomp, F|100/100
|turn|13
|
|t:|1758918674
|move|p2a: Garchomp|Earthquake|p1a: Keldeo
|-damage|p1a: Keldeo|18/100
|move|p1a: Keldeo|Secret Sword|p2a: Garchomp
|-damage|p2a: Garchomp|0 fnt
|faint|p2a: Garchomp
|
|-heal|p1a: Keldeo|24/100|[from] item: Leftovers
|upkeep
|
|t:|1758918678
|switch|p2a: Weavile|Weavile, M|100/100
|-ability|p2a: Weavile|Pressure
|turn|14
|
|t:|1758918680
|move|p1a: Keldeo|Vacuum Wave|p2a: Weavile
|-supereffective|p2a: Weavile
|-crit|p2a: Weavile
|-enditem|p2a: Weavile|Focus Sash
|-damage|p2a: Weavile|1/100
|move|p2a: Weavile|Triple Axel|p1a: Keldeo
|-damage|p1a: Keldeo|12/100
|-damage|p1a: Keldeo|0 fnt
|faint|p1a: Keldeo
|-hitcount|p1: Keldeo|2
|
|upkeep
|
|t:|1758918687
|switch|p1a: Ninetales|Ninetales-Alola, M|58/100
|-weather|Snowscape|[from] ability: Snow Warning|[of] p1a: Ninetales
|turn|15
|
|t:|1758918693
|move|p2a: Weavile|Knock Off|p1a: Ninetales
|-resisted|p1a: Ninetales
|-damage|p1a: Ninetales|38/100
|-enditem|p1a: Ninetales|Light Clay|[from] move: Knock Off|[of] p2a: Weavile
|move|p1a: Ninetales|Aurora Veil|p1a: Ninetales
|-sidestart|p1: desert97|move: Aurora Veil
|
|-weather|Snowscape|[upkeep]
|upkeep
|turn|16
|
|t:|1758918697
|switch|p2a: Heatran|Heatran, M|100/100
|move|p1a: Ninetales|Freeze-Dry|p2a: Heatran
|-resisted|p2a: Heatran
|-damage|p2a: Heatran|98/100
|
|-weather|Snowscape|[upkeep]
|upkeep
|turn|17
|
|t:|1758918707
|switch|p1a: Kyurem|Kyurem|100/100
|-ability|p1a: Kyurem|Pressure
|move|p2a: Heatran|Lava Plume|p1a: Kyurem
|-damage|p1a: Kyurem|81/100
|
|-weather|Snowscape|[upkeep]
|upkeep
|turn|18
|
|t:|1758918710
|move|p1a: Kyurem|Earth Power|p2a: Heatran
|-supereffective|p2a: Heatran
|-damage|p2a: Heatran|33/100
|-unboost|p2a: Heatran|spd|1
|move|p2a: Heatran|Lava Plume|p1a: Kyurem
|-damage|p1a: Kyurem|58/100
|
|-weather|Snowscape|[upkeep]
|upkeep
|turn|19
|
|t:|1758918720
|move|p1a: Kyurem|Earth Power|p2a: Heatran
|-supereffective|p2a: Heatran
|-damage|p2a: Heatran|0 fnt
|faint|p2a: Heatran
|
|-weather|none
|-sideend|p1: desert97|move: Aurora Veil
|upkeep
|
|t:|1758918721
|switch|p2a: Weavile|Weavile, M|1/100
|-ability|p2a: Weavile|Pressure
|turn|20
|
|t:|1758918728
|switch|p1a: Kingambit|Kingambit, M|100/100
|-activate|p1a: Kingambit|ability: Supreme Overlord
|-start|p1a: Kingambit|fallen2|[silent]
|move|p2a: Weavile|Low Kick|p1a: Kingambit
|-supereffective|p1a: Kingambit
|-damage|p1a: Kingambit|0 fnt
|faint|p1a: Kingambit
|-end|p1a: Kingambit|fallen2|[silent]
|
|upkeep
|
|t:|1758918731
|switch|p1a: Ninetales|Ninetales-Alola, M|38/100
|-weather|Snowscape|[from] ability: Snow Warning|[of] p1a: Ninetales
|turn|21
|
|t:|1758918738
|move|p2a: Weavile|Triple Axel|p1a: Ninetales|[miss]
|-miss|p2a: Weavile|p1a: Ninetales
|move|p1a: Ninetales|Aurora Veil|p1a: Ninetales
|-sidestart|p1: desert97|move: Aurora Veil
|
|-weather|Snowscape|[upkeep]
|upkeep
|turn|22
|
|t:|1758918740
|move|p2a: Weavile|Triple Axel|p1a: Ninetales
|-resisted|p1a: Ninetales
|-damage|p1a: Ninetales|36/100
|-resisted|p1a: Ninetales
|-damage|p1a: Ninetales|32/100
|-resisted|p1a: Ninetales
|-damage|p1a: Ninetales|26/100
|-hitcount|p1a: Ninetales|3
|move|p1a: Ninetales|Freeze-Dry|p2a: Weavile
|-resisted|p2a: Weavile
|-damage|p2a: Weavile|0 fnt
|faint|p2a: Weavile
|
|-weather|Snowscape|[upkeep]
|upkeep
|
|t:|1758918742
|switch|p2a: Weezing|Weezing-Galar, M, shiny|100/100
|turn|23
|
|t:|1758918745
|move|p1a: Ninetales|Freeze-Dry|p2a: Weezing
|-damage|p2a: Weezing|74/100
|-status|p2a: Weezing|frz
|-curestatus|p2a: Weezing|frz|[msg]
|move|p2a: Weezing|Strange Steam|p1a: Ninetales
|-damage|p1a: Ninetales|12/100
|
|-weather|Snowscape|[upkeep]
|-heal|p2a: Weezing|80/100|[from] item: Black Sludge
|upkeep
|turn|24
|
|t:|1758918752
|move|p1a: Ninetales|Freeze-Dry|p2a: Weezing
|-damage|p2a: Weezing|54/100
|move|p2a: Weezing|Strange Steam|p1a: Ninetales|[miss]
|-miss|p2a: Weezing|p1a: Ninetales
|
|-weather|Snowscape|[upkeep]
|-heal|p2a: Weezing|60/100|[from] item: Black Sludge
|upkeep
|turn|25
|
|t:|1758918755
|move|p1a: Ninetales|Freeze-Dry|p2a: Weezing
|-damage|p2a: Weezing|34/100
|move|p2a: Weezing|Strange Steam|p1a: Ninetales
|-damage|p1a: Ninetales|0 fnt
|faint|p1a: Ninetales
|
|-weather|none
|-heal|p2a: Weezing|40/100|[from] item: Black Sludge
|-sideend|p1: desert97|move: Aurora Veil
|upkeep
|
|t:|1758918757
|switch|p1a: Kyurem|Kyurem|58/100
|-ability|p1a: Kyurem|Pressure
|turn|26
|
|t:|1758918759
|move|p1a: Kyurem|Freeze-Dry|p2a: Weezing
|-damage|p2a: Weezing|0 fnt
|faint|p2a: Weezing
|
|win|desert97
|raw|desert97's rating: 1702 &rarr; <strong>1723</strong><br />(+21 for winning)
|raw|isaac_gam3r's rating: 1713 &rarr; <strong>1692</strong><br />(-21 for losing)
|l|‽isaac_gam3r
|player|p2|
|l| Serrrvice Fish
|l|☆desert97
|player|p1|
