|badge|p1|bronze|gen9ou|100-6
|html|<div class="broadcast-red"><strong>This battle is required to be public due to one or more player having a season medal.</strong><br />During the public phase, you can discuss the state of the ladder <a href="/seasondiscussion">in a special chatroom.</a></div>
|uhtml|medal-msg|<div class="broadcast-blue">Curious what those medals under the avatar are? PS now has Ladder Seasons! For more information, check out the <a href="https://www.smogon.com/forums/threads/3740067/">thread on Smogon.</a></div>
|raw|<div class="broadcast-blue"><strong>This battle is required to be public due to a player having a name starting with 'medal'.</div>
|j|☆LT124 SPEEDRUNNING
|j|☆mrbrazy
|t:|1758987043
|gametype|singles
|player|p1|LT124 SPEEDRUNNING|hiker-gen4|1839
|player|p2|mrbrazy|pokemonbreederf-gen4|1763
|gen|9
|tier|[Gen 9] OU
|rated|
|rule|HP Percentage Mod: HP is shown in percentages
|rule|Endless Battle Clause: Forcing endless battles is banned
|rule|Species Clause: Limit one of each Pokémon
|rule|OHKO Clause: OHKO moves are banned
|rule|Evasion Items Clause: Evasion items are banned
|rule|Evasion Moves Clause: Evasion moves are banned
|rule|Evasion Abilities Clause: Evasion abilities are banned
|rule|Sleep Moves Clause: Sleep-inducing moves are banned
|clearpoke
|poke|p1|Heatran, F|
|poke|p1|Tornadus-Therian, M|
|poke|p1|Weavile, M|
|poke|p1|Great Tusk|
|poke|p1|Ogerpon-Wellspring, F|
|poke|p1|Pecharunt|
|poke|p2|Kyurem|
|poke|p2|Slowking-Galar, F|
|poke|p2|Landorus-Therian, M|
|poke|p2|Great Tusk|
|poke|p2|Samurott-Hisui, F|
|poke|p2|Kingambit, F|
|teampreview
|inactive|Battle timer is ON: inactive players will automatically lose when time's up. (requested by LT124 SPEEDRUNNING)
|
|t:|1758987064
|teamsize|p1|6
|teamsize|p2|6
|start
|switch|p1a: Tornadus|Tornadus-Therian, M|100/100
|switch|p2a: Landorus|Landorus-Therian, M|100/100
|-ability|p2a: Landorus|Intimidate|boost
|-unboost|p1a: Tornadus|atk|1
|turn|1
|
|t:|1758987073
|switch|p2a: Slowking|Slowking-Galar, F|100/100
|move|p1a: Tornadus|U-turn|p2a: Slowking
|-damage|p2a: Slowking|92/100
|
|t:|1758987078
|switch|p1a: Heatran|Heatran, F|100/100|[from] U-turn
|
|-heal|p2a: Slowking|98/100|[from] item: Black Sludge
|upkeep
|turn|2
|
|t:|1758987082
|move|p1a: Heatran|Substitute|p1a: Heatran
|-start|p1a: Heatran|Substitute
|-damage|p1a: Heatran|76/100
|move|p2a: Slowking|Trick||[still]
|-fail|p2a: Slowking
|
|-heal|p1a: Heatran|82/100|[from] item: Leftovers
|-heal|p2a: Slowking|100/100|[from] item: Black Sludge
|upkeep
|turn|3
|
|t:|1758987088
|switch|p2a: Samurott|Samurott-Hisui, F, shiny|100/100
|move|p1a: Heatran|Magma Storm|p2a: Samurott
|-resisted|p2a: Samurott
|-damage|p2a: Samurott|86/100
|-activate|p2a: Samurott|move: Magma Storm|[of] p1a: Heatran
|
|-heal|p1a: Heatran|88/100|[from] item: Leftovers
|-damage|p2a: Samurott|73/100|[from] move: Magma Storm|[partiallytrapped]
|upkeep
|turn|4
|
|t:|1758987092
|move|p2a: Samurott|Ceaseless Edge|p1a: Heatran
|-end|p1a: Heatran|Substitute
|-sidestart|p1: LT124 SPEEDRUNNING|Spikes
|move|p1a: Heatran|Earth Power|p2a: Samurott
|-damage|p2a: Samurott|58/100
|
|-heal|p1a: Heatran|94/100|[from] item: Leftovers
|-damage|p2a: Samurott|45/100|[from] move: Magma Storm|[partiallytrapped]
|upkeep
|turn|5
|
|t:|1758987096
|switch|p1a: Great Tusk|Great Tusk|100/100
|-damage|p1a: Great Tusk|88/100|[from] Spikes
|move|p2a: Samurott|Flip Turn|p1a: Great Tusk
|-supereffective|p1a: Great Tusk
|-damage|p1a: Great Tusk|56/100
|
|t:|1758987099
|switch|p2a: Kyurem|Kyurem, shiny|100/100|[from] Flip Turn
|-ability|p2a: Kyurem|Pressure
|
|-heal|p1a: Great Tusk|62/100|[from] item: Leftovers
|upkeep
|turn|6
|
|t:|1758987102
|-end|p1a: Great Tusk|Protosynthesis|[silent]
|switch|p1a: Weavile|Weavile, M|100/100
|-ability|p1a: Weavile|Pressure
|move|p2a: Kyurem|Earth Power|p1a: Weavile
|-damage|p1a: Weavile|40/100
|
|upkeep
|turn|7
|
|t:|1758987107
|switch|p2a: Samurott|Samurott-Hisui, F, shiny|45/100
|move|p1a: Weavile|Knock Off|p2a: Samurott
|-resisted|p2a: Samurott
|-damage|p2a: Samurott|18/100
|-enditem|p2a: Samurott|Assault Vest|[from] move: Knock Off|[of] p1a: Weavile
|
|upkeep
|turn|8
|
|t:|1758987117
|move|p2a: Samurott|Sucker Punch|p1a: Weavile
|-resisted|p1a: Weavile
|-damage|p1a: Weavile|15/100
|move|p1a: Weavile|Knock Off|p2a: Samurott
|-resisted|p2a: Samurott
|-damage|p2a: Samurott|0 fnt
|faint|p2a: Samurott
|
|upkeep
|
|t:|1758987119
|switch|p2a: Landorus|Landorus-Therian, M|100/100
|-ability|p2a: Landorus|Intimidate|boost
|-unboost|p1a: Weavile|atk|1
|turn|9
|
|t:|1758987121
|switch|p1a: Tornadus|Tornadus-Therian, M|100/100
|move|p2a: Landorus|U-turn|p1a: Tornadus
|-resisted|p1a: Tornadus
|-damage|p1a: Tornadus|85/100
|
|t:|1758987123
|switch|p2a: Kyurem|Kyurem, shiny|100/100|[from] U-turn
|-ability|p2a: Kyurem|Pressure
|
|upkeep
|turn|10
|
|t:|1758987127
|switch|p2a: Slowking|Slowking-Galar, F|100/100
|move|p1a: Tornadus|Knock Off|p2a: Slowking
|-supereffective|p2a: Slowking
|-damage|p2a: Slowking|65/100
|-enditem|p2a: Slowking|Black Sludge|[from] move: Knock Off|[of] p1a: Tornadus
|
|upkeep
|turn|11
|
|t:|1758987136
|move|p1a: Tornadus|Knock Off|p2a: Slowking
|-supereffective|p2a: Slowking
|-damage|p2a: Slowking|41/100
|-prepare|p2a: Slowking|Chilly Reception|[premajor]
|move|p2a: Slowking|Chilly Reception|p2a: Slowking
|-weather|Snowscape
|
|t:|1758987140
|switch|p2a: Landorus|Landorus-Therian, M|100/100|[from] Chilly Reception
|-ability|p2a: Landorus|Intimidate|boost
|-unboost|p1a: Tornadus|atk|1
|
|-weather|Snowscape|[upkeep]
|upkeep
|turn|12
|
|t:|1758987145
|move|p2a: Landorus|Stone Edge|p1a: Tornadus
|-supereffective|p1a: Tornadus
|-damage|p1a: Tornadus|1/100
|move|p1a: Tornadus|U-turn|p2a: Landorus
|-resisted|p2a: Landorus
|-damage|p2a: Landorus|95/100
|
|t:|1758987148
|switch|p1a: Great Tusk|Great Tusk|62/100|[from] U-turn
|-damage|p1a: Great Tusk|50/100|[from] Spikes
|
|-weather|Snowscape|[upkeep]
|-heal|p1a: Great Tusk|56/100|[from] item: Leftovers
|upkeep
|turn|13
|
|t:|1758987150
|switch|p2a: Great Tusk|Great Tusk, shiny|100/100
|move|p1a: Great Tusk|Rapid Spin|p2a: Great Tusk
|-damage|p2a: Great Tusk|90/100
|-boost|p1a: Great Tusk|spe|1
|-damage|p1a: Great Tusk|40/100|[from] item: Rocky Helmet|[of] p2a: Great Tusk
|-sideend|p1: LT124 SPEEDRUNNING|Spikes|[from] move: Rapid Spin|[of] p1a: Great Tusk
|
|-weather|Snowscape|[upkeep]
|-heal|p1a: Great Tusk|46/100|[from] item: Leftovers
|upkeep
|turn|14
|
|t:|1758987161
|move|p1a: Great Tusk|Stealth Rock|p2a: Great Tusk
|-sidestart|p2: mrbrazy|move: Stealth Rock
|move|p2a: Great Tusk|Stealth Rock|p1a: Great Tusk
|-sidestart|p1: LT124 SPEEDRUNNING|move: Stealth Rock
|
|-weather|Snowscape|[upkeep]
|-heal|p1a: Great Tusk|52/100|[from] item: Leftovers
|upkeep
|turn|15
|
|t:|1758987167
|-terastallize|p1a: Great Tusk|Ghost
|move|p1a: Great Tusk|Ice Spinner|p2a: Great Tusk
|-supereffective|p2a: Great Tusk
|-crit|p2a: Great Tusk
|-damage|p2a: Great Tusk|34/100
|-damage|p1a: Great Tusk|35/100|[from] item: Rocky Helmet|[of] p2a: Great Tusk
|move|p2a: Great Tusk|Headlong Rush|p1a: Great Tusk
|-damage|p1a: Great Tusk|0 fnt
|-unboost|p2a: Great Tusk|def|1
|-unboost|p2a: Great Tusk|spd|1
|faint|p1a: Great Tusk
|-end|p1a: Great Tusk|Protosynthesis|[silent]
|
|-weather|none
|upkeep
|
|t:|1758987170
|switch|p1a: Ogerpon|Ogerpon-Wellspring, F|100/100
|-damage|p1a: Ogerpon|88/100|[from] Stealth Rock
|turn|16
|j| Spider x3
|
|t:|1758987175
|-end|p2a: Great Tusk|Protosynthesis|[silent]
|switch|p2a: Kyurem|Kyurem, shiny|100/100
|-damage|p2a: Kyurem|76/100|[from] Stealth Rock
|-ability|p2a: Kyurem|Pressure
|move|p1a: Ogerpon|Ivy Cudgel|p2a: Kyurem|[anim] Ivy Cudgel Water
|-resisted|p2a: Kyurem
|-damage|p2a: Kyurem|46/100
|
|upkeep
|turn|17
|
|t:|1758987183
|switch|p1a: Heatran|Heatran, F|94/100
|-damage|p1a: Heatran|81/100|[from] Stealth Rock
|move|p2a: Kyurem|Earth Power|p1a: Heatran
|-supereffective|p1a: Heatran
|-damage|p1a: Heatran|0 fnt
|faint|p1a: Heatran
|
|upkeep
|j| ul3
|j| Almighty Sa'
|
|t:|1758987186
|switch|p1a: Tornadus|Tornadus-Therian, M|34/100
|turn|18
|
|t:|1758987193
|switch|p2a: Great Tusk|Great Tusk, shiny|34/100
|-damage|p2a: Great Tusk|31/100|[from] Stealth Rock
|move|p1a: Tornadus|U-turn|p2a: Great Tusk
|-resisted|p2a: Great Tusk
|-damage|p2a: Great Tusk|26/100
|-damage|p1a: Tornadus|18/100|[from] item: Rocky Helmet|[of] p2a: Great Tusk
|
|t:|1758987195
|switch|p1a: Ogerpon|Ogerpon-Wellspring, F|88/100|[from] U-turn
|-damage|p1a: Ogerpon|76/100|[from] Stealth Rock
|
|upkeep
|turn|19
|j| yrmpa
|
|t:|1758987200
|move|p1a: Ogerpon|Ivy Cudgel|p2a: Great Tusk|[anim] Ivy Cudgel Water
|-supereffective|p2a: Great Tusk
|-crit|p2a: Great Tusk
|-damage|p2a: Great Tusk|0 fnt
|faint|p2a: Great Tusk
|-end|p2a: Great Tusk|Protosynthesis|[silent]
|
|upkeep
|
|t:|1758987201
|switch|p2a: Landorus|Landorus-Therian, M|95/100
|-damage|p2a: Landorus|82/100|[from] Stealth Rock
|-ability|p2a: Landorus|Intimidate|boost
|-unboost|p1a: Ogerpon|atk|1
|turn|20
|
|t:|1758987203
|switch|p1a: Tornadus|Tornadus-Therian, M|51/100
|move|p2a: Landorus|U-turn|p1a: Tornadus
|-resisted|p1a: Tornadus
|-damage|p1a: Tornadus|37/100
|
|t:|1758987207
|switch|p2a: Slowking|Slowking-Galar, F|74/100|[from] U-turn
|-damage|p2a: Slowking|62/100|[from] Stealth Rock
|
|upkeep
|turn|21
|
|t:|1758987211
|move|p1a: Tornadus|U-turn|p2a: Slowking
|-damage|p2a: Slowking|48/100
|
|t:|1758987213
|switch|p1a: Pecharunt|Pecharunt|100/100|[from] U-turn
|move|p2a: Slowking|Trick|p1a: Pecharunt
|-activate|p2a: Slowking|move: Trick|[of] p1a: Pecharunt
|-enditem|p1a: Pecharunt|Heavy-Duty Boots|[silent]|[from] move: Trick
|-item|p2a: Slowking|Heavy-Duty Boots|[from] move: Trick
|
|upkeep
|turn|22
|l| yrmpa
|
|t:|1758987217
|move|p1a: Pecharunt|Parting Shot|p2a: Slowking
|-unboost|p2a: Slowking|atk|1
|-unboost|p2a: Slowking|spa|1
|
|t:|1758987219
|switch|p1a: Tornadus|Tornadus-Therian, M|70/100|[from] Parting Shot
|move|p2a: Slowking|Psychic Noise|p1a: Tornadus
|-damage|p1a: Tornadus|51/100
|-start|p1a: Tornadus|move: Heal Block
|
|upkeep
|turn|23
|
|t:|1758987222
|move|p1a: Tornadus|Knock Off|p2a: Slowking
|-supereffective|p2a: Slowking
|-damage|p2a: Slowking|13/100
|-enditem|p2a: Slowking|Heavy-Duty Boots|[from] move: Knock Off|[of] p1a: Tornadus
|move|p2a: Slowking|Trick|p1a: Tornadus
|-activate|p2a: Slowking|move: Trick|[of] p1a: Tornadus
|-enditem|p1a: Tornadus|Heavy-Duty Boots|[silent]|[from] move: Trick
|-item|p2a: Slowking|Heavy-Duty Boots|[from] move: Trick
|
|-end|p1a: Tornadus|move: Heal Block
|upkeep
|turn|24
|
|t:|1758987235
|switch|p2a: Kyurem|Kyurem, shiny|46/100
|-damage|p2a: Kyurem|21/100|[from] Stealth Rock
|-ability|p2a: Kyurem|Pressure
|move|p1a: Tornadus|Heat Wave|p2a: Kyurem
|-damage|p2a: Kyurem|0 fnt
|faint|p2a: Kyurem
|
|upkeep
|
|t:|1758987238
|switch|p2a: Landorus|Landorus-Therian, M|82/100
|-damage|p2a: Landorus|70/100|[from] Stealth Rock
|-ability|p2a: Landorus|Intimidate|boost
|-unboost|p1a: Tornadus|atk|1
|turn|25
|
|t:|1758987243
|switch|p1a: Pecharunt|Pecharunt|100/100
|-damage|p1a: Pecharunt|88/100|[from] Stealth Rock
|move|p2a: Landorus|U-turn|p1a: Pecharunt
|-resisted|p1a: Pecharunt
|-damage|p1a: Pecharunt|85/100
|
|t:|1758987246
|switch|p2a: Kingambit|Kingambit, F, shiny|100/100|[from] U-turn
|-damage|p2a: Kingambit|94/100|[from] Stealth Rock
|-activate|p2a: Kingambit|ability: Supreme Overlord
|-start|p2a: Kingambit|fallen3|[silent]
|
|-heal|p2a: Kingambit|100/100|[from] item: Leftovers
|upkeep
|turn|26
|
|t:|1758987250
|move|p1a: Pecharunt|Parting Shot|p2a: Kingambit
|-unboost|p2a: Kingambit|atk|1
|-unboost|p2a: Kingambit|spa|1
|
|t:|1758987252
|switch|p1a: Weavile|Weavile, M|15/100|[from] Parting Shot
|-ability|p1a: Weavile|Pressure
|move|p2a: Kingambit|Kowtow Cleave|p1a: Weavile
|-resisted|p1a: Weavile
|-damage|p1a: Weavile|0 fnt
|faint|p1a: Weavile
|
|upkeep
|
|t:|1758987255
|switch|p1a: Ogerpon|Ogerpon-Wellspring, F|76/100
|-damage|p1a: Ogerpon|64/100|[from] Stealth Rock
|turn|27
|
|t:|1758987260
|-end|p2a: Kingambit|fallen3|[silent]
|switch|p2a: Slowking|Slowking-Galar, F|46/100
|move|p1a: Ogerpon|Ivy Cudgel|p2a: Slowking|[anim] Ivy Cudgel Water
|-damage|p2a: Slowking|0 fnt
|faint|p2a: Slowking
|
|upkeep
|
|t:|1758987261
|switch|p2a: Landorus|Landorus-Therian, M|70/100
|-damage|p2a: Landorus|58/100|[from] Stealth Rock
|-ability|p2a: Landorus|Intimidate|boost
|-unboost|p1a: Ogerpon|atk|1
|turn|28
|
|t:|1758987264
|switch|p1a: Tornadus|Tornadus-Therian, M|85/100
|-damage|p1a: Tornadus|60/100|[from] Stealth Rock
|move|p2a: Landorus|U-turn|p1a: Tornadus
|-resisted|p1a: Tornadus
|-damage|p1a: Tornadus|45/100
|
|t:|1758987267
|switch|p2a: Kingambit|Kingambit, F, shiny|100/100|[from] U-turn
|-damage|p2a: Kingambit|94/100|[from] Stealth Rock
|-activate|p2a: Kingambit|ability: Supreme Overlord
|-start|p2a: Kingambit|fallen4|[silent]
|
|-heal|p2a: Kingambit|100/100|[from] item: Leftovers
|upkeep
|turn|29
|
|t:|1758987279
|move|p2a: Kingambit|Sucker Punch|p1a: Tornadus
|-damage|p1a: Tornadus|0 fnt
|faint|p1a: Tornadus
|
|upkeep
|
|t:|1758987280
|switch|p1a: Pecharunt|Pecharunt|85/100
|-damage|p1a: Pecharunt|73/100|[from] Stealth Rock
|turn|30
|j| wgw2333
|
|t:|1758987288
|move|p1a: Pecharunt|Foul Play|p2a: Kingambit
|-resisted|p2a: Kingambit
|-damage|p2a: Kingambit|87/100
|move|p2a: Kingambit|Kowtow Cleave|p1a: Pecharunt
|-supereffective|p1a: Pecharunt
|-damage|p1a: Pecharunt|9/100
|
|-heal|p2a: Kingambit|93/100|[from] item: Leftovers
|upkeep
|turn|31
|
|t:|1758987293
|move|p1a: Pecharunt|Recover|p1a: Pecharunt
|-heal|p1a: Pecharunt|59/100
|move|p2a: Kingambit|Kowtow Cleave|p1a: Pecharunt
|-supereffective|p1a: Pecharunt
|-damage|p1a: Pecharunt|0 fnt
|faint|p1a: Pecharunt
|
|-heal|p2a: Kingambit|99/100|[from] item: Leftovers
|upkeep
|-message|LT124 SPEEDRUNNING forfeited.
|
|win|mrbrazy
|raw|LT124 SPEEDRUNNING's rating: 1839 &rarr; <strong>1815</strong><br />(-24 for losing)
|raw|mrbrazy's rating: 1763 &rarr; <strong>1787</strong><br />(+24 for winning)
|l|☆LT124 SPEEDRUNNING
|player|p1|
|l| ul3
|l| Spider x3
|l|☆mrbrazy
|player|p2|
|l| Almighty Sa'
|l| wgw2333
|j| cryyysneasel
