|j|☆LikeEmerald
|j|☆Rin1604
|t:|1759063125
|gametype|singles
|player|p1|LikeEmerald|265|1131
|player|p2|Rin1604|miku-ghost|1174
|gen|9
|tier|[Gen 9] OU
|rated|
|rule|HP Percentage Mod: HP is shown in percentages
|rule|Endless Battle Clause: Forcing endless battles is banned
|rule|Species Clause: Limit one of each Pokémon
|rule|OHKO Clause: OHKO moves are banned
|rule|Evasion Items Clause: Evasion items are banned
|rule|Evasion Moves Clause: Evasion moves are banned
|rule|Evasion Abilities Clause: Evasion abilities are banned
|rule|Sleep Moves Clause: Sleep-inducing moves are banned
|clearpoke
|poke|p1|Hypno, F|
|poke|p1|Ariados, M|
|poke|p1|Iron Moth|
|poke|p1|Samurott-Hisui, M|
|poke|p1|Mandibuzz, F|
|poke|p1|Golurk|
|poke|p2|Kommo-o, M|
|poke|p2|Gholdengo|
|poke|p2|Ninetales-Alola, M|
|poke|p2|Hatterene, F|
|poke|p2|Zamazenta-*|
|poke|p2|Kingambit, F|
|teampreview
|
|t:|1759063142
|teamsize|p1|6
|teamsize|p2|6
|start
|switch|p1a: Ariados|Ariados, M|100/100
|switch|p2a: Hatterene|Hatterene, F|100/100
|turn|1
|
|t:|1759063148
|move|p1a: Ariados|Poison Jab|p2a: Hatterene
|-supereffective|p2a: Hatterene
|-damage|p2a: Hatterene|60/100
|move|p2a: Hatterene|Nuzzle|p1a: Ariados
|-damage|p1a: Ariados|96/100
|-status|p1a: Ariados|par
|
|upkeep
|turn|2
|
|t:|1759063170
|switch|p2a: Kommo-o|Kommo-o, M|100/100
|switch|p1a: Mandibuzz|Mandibuzz, F|100/100
|
|upkeep
|turn|3
|
|t:|1759063180
|switch|p2a: Ninetales|Ninetales-Alola, M|100/100
|-weather|Snowscape|[from] ability: Snow Warning|[of] p2a: Ninetales
|move|p1a: Mandibuzz|Knock Off|p2a: Ninetales
|-resisted|p2a: Ninetales
|-damage|p2a: Ninetales|86/100
|-enditem|p2a: Ninetales|Light Clay|[from] move: Knock Off|[of] p1a: Mandibuzz
|
|-weather|Snowscape|[upkeep]
|upkeep
|turn|4
|
|t:|1759063185
|move|p2a: Ninetales|Aurora Veil|p2a: Ninetales
|-sidestart|p2: Rin1604|move: Aurora Veil
|move|p1a: Mandibuzz|Heat Wave|p2a: Ninetales
|-supereffective|p2a: Ninetales
|-damage|p2a: Ninetales|71/100
|
|-weather|Snowscape|[upkeep]
|upkeep
|turn|5
|
|t:|1759063198
|switch|p1a: Ariados|Ariados, M|96/100 par
|move|p2a: Ninetales|Freeze-Dry|p1a: Ariados
|-damage|p1a: Ariados|78/100 par
|
|-weather|Snowscape|[upkeep]
|upkeep
|turn|6
|
|t:|1759063217
|switch|p2a: Zamazenta|Zamazenta|100/100
|-ability|p2a: Zamazenta|Dauntless Shield|boost
|-boost|p2a: Zamazenta|def|1
|cant|p1a: Ariados|par
|
|-weather|Snowscape|[upkeep]
|upkeep
|turn|7
|
|t:|1759063225
|move|p2a: Zamazenta|Stone Edge|p1a: Ariados
|-supereffective|p1a: Ariados
|-damage|p1a: Ariados|0 fnt
|faint|p1a: Ariados
|-damage|p2a: Zamazenta|91/100|[from] item: Life Orb
|
|-weather|none
|upkeep
|
|t:|1759063246
|switch|p1a: Hypno|Hypno, F|100/100
|turn|8
|
|t:|1759063255
|move|p2a: Zamazenta|Crunch|p1a: Hypno
|-supereffective|p1a: Hypno
|-crit|p1a: Hypno
|-damage|p1a: Hypno|0 fnt
|faint|p1a: Hypno
|-damage|p2a: Zamazenta|81/100|[from] item: Life Orb
|
|-sideend|p2: Rin1604|move: Aurora Veil
|upkeep
|
|t:|1759063267
|switch|p1a: Samurott|Samurott-Hisui, M|100/100
|turn|9
|
|t:|1759063275
|move|p2a: Zamazenta|Close Combat|p1a: Samurott
|-supereffective|p1a: Samurott
|-damage|p1a: Samurott|0 fnt
|-unboost|p2a: Zamazenta|def|1
|-unboost|p2a: Zamazenta|spd|1
|faint|p1a: Samurott
|-damage|p2a: Zamazenta|71/100|[from] item: Life Orb
|
|upkeep
|
|t:|1759063283
|switch|p1a: Golurk|Golurk|100/100
|turn|10
|
|t:|1759063290
|-terastallize|p1a: Golurk|Ground
|move|p2a: Zamazenta|Crunch|p1a: Golurk
|-damage|p1a: Golurk|57/100
|-damage|p2a: Zamazenta|61/100|[from] item: Life Orb
|move|p1a: Golurk|Earthquake|p2a: Zamazenta
|-damage|p2a: Zamazenta|3/100
|
|upkeep
|turn|11
|
|t:|1759063301
|move|p2a: Zamazenta|Close Combat|p1a: Golurk
|-damage|p1a: Golurk|0 fnt
|-unboost|p2a: Zamazenta|def|1
|-unboost|p2a: Zamazenta|spd|1
|faint|p1a: Golurk
|-damage|p2a: Zamazenta|0 fnt|[from] item: Life Orb
|faint|p2a: Zamazenta
|
|upkeep
|
|t:|1759063316
|switch|p2a: Ninetales|Ninetales-Alola, M|71/100
|switch|p1a: Iron Moth|Iron Moth|100/100
|-item|p1a: Iron Moth|Air Balloon
|-weather|Snowscape|[from] ability: Snow Warning|[of] p2a: Ninetales
|turn|12
|
|t:|1759063324
|-terastallize|p2a: Ninetales|Water
|move|p1a: Iron Moth|Substitute|p1a: Iron Moth
|-start|p1a: Iron Moth|Substitute
|-damage|p1a: Iron Moth|76/100
|move|p2a: Ninetales|Aurora Veil|p2a: Ninetales
|-sidestart|p2: Rin1604|move: Aurora Veil
|
|-weather|Snowscape|[upkeep]
|upkeep
|turn|13
|
|t:|1759063338
|move|p1a: Iron Moth|Fiery Dance|p2a: Ninetales
|-resisted|p2a: Ninetales
|-damage|p2a: Ninetales|60/100
|-boost|p1a: Iron Moth|spa|1
|move|p2a: Ninetales|Freeze-Dry|p1a: Iron Moth
|-resisted|p1a: Iron Moth
|-activate|p1a: Iron Moth|move: Substitute|[damage]
|-enditem|p1a: Iron Moth|Air Balloon
|
|-weather|Snowscape|[upkeep]
|upkeep
|turn|14
|
|t:|1759063352
|move|p1a: Iron Moth|Fiery Dance|p2a: Ninetales
|-resisted|p2a: Ninetales
|-damage|p2a: Ninetales|42/100
|-boost|p1a: Iron Moth|spa|1
|move|p2a: Ninetales|Encore|p1a: Iron Moth
|-start|p1a: Iron Moth|Encore
|
|-weather|Snowscape|[upkeep]
|upkeep
|turn|15
|
|t:|1759063361
|switch|p2a: Hatterene|Hatterene, F|60/100
|move|p1a: Iron Moth|Fiery Dance|p2a: Hatterene
|-damage|p2a: Hatterene|13/100
|
|-weather|Snowscape|[upkeep]
|upkeep
|turn|16
|
|t:|1759063366
|move|p1a: Iron Moth|Fiery Dance|p2a: Hatterene
|-damage|p2a: Hatterene|0 fnt
|faint|p2a: Hatterene
|
|-weather|none
|-sideend|p2: Rin1604|move: Aurora Veil
|upkeep
|
|t:|1759063372
|switch|p2a: Ninetales|Ninetales-Alola, M, tera:Water|42/100
|-weather|Snowscape|[from] ability: Snow Warning|[of] p2a: Ninetales
|turn|17
|
|t:|1759063374
|move|p1a: Iron Moth|Fiery Dance|p2a: Ninetales
|-resisted|p2a: Ninetales
|-damage|p2a: Ninetales|0 fnt
|-boost|p1a: Iron Moth|spa|1
|faint|p2a: Ninetales
|
|-weather|Snowscape|[upkeep]
|-end|p1a: Iron Moth|Encore
|upkeep
|
|t:|1759063383
|switch|p2a: Kommo-o|Kommo-o, M|100/100
|turn|18
|
|t:|1759063389
|move|p1a: Iron Moth|Psychic|p2a: Kommo-o
|-supereffective|p2a: Kommo-o
|-damage|p2a: Kommo-o|0 fnt
|faint|p2a: Kommo-o
|
|-weather|Snowscape|[upkeep]
|upkeep
|
|t:|1759063392
|switch|p2a: Kingambit|Kingambit, F|100/100
|-activate|p2a: Kingambit|ability: Supreme Overlord
|-start|p2a: Kingambit|fallen4|[silent]
|-item|p2a: Kingambit|Air Balloon
|turn|19
|
|t:|1759063395
|move|p2a: Kingambit|Sucker Punch|p1a: Iron Moth
|-end|p1a: Iron Moth|Substitute
|move|p1a: Iron Moth|Fiery Dance|p2a: Kingambit
|-supereffective|p2a: Kingambit
|-damage|p2a: Kingambit|0 fnt
|-enditem|p2a: Kingambit|Air Balloon
|faint|p2a: Kingambit
|-end|p2a: Kingambit|fallen4|[silent]
|
|-weather|Snowscape|[upkeep]
|upkeep
|
|t:|1759063397
|switch|p2a: Gholdengo|Gholdengo|100/100
|turn|20
|
|t:|1759063403
|move|p1a: Iron Moth|Fiery Dance|p2a: Gholdengo
|-supereffective|p2a: Gholdengo
|-damage|p2a: Gholdengo|0 fnt
|faint|p2a: Gholdengo
|
|win|LikeEmerald
|raw|LikeEmerald's rating: 1131 &rarr; <strong>1159</strong><br />(+28 for winning)
|raw|Rin1604's rating: 1174 &rarr; <strong>1146</strong><br />(-28 for losing)
|l|☆Rin1604
|player|p2|
|l|☆LikeEmerald
|player|p1|
|j|☆LikeEmerald
|player|p1|LikeEmerald|265|
|l|☆LikeEmerald
|player|p1|
