|badge|p2|silver|gen9randombattle|30-6
|uhtml|medal-msg|<div class="broadcast-blue">Curious what those medals under the avatar are? PS now has Ladder Seasons! For more information, check out the <a href="https://www.smogon.com/forums/threads/3740067/">thread on Smogon.</a></div>
|j|☆ernoux41m
|j|☆Timgameboy
|t:|1759053526
|gametype|singles
|player|p1|ernoux41m|169|1448
|player|p2|Timgameboy|steven|1495
|gen|9
|tier|[Gen 9] OU
|rated|
|rule|HP Percentage Mod: HP is shown in percentages
|rule|Endless Battle Clause: Forcing endless battles is banned
|rule|Species Clause: Limit one of each Pokémon
|rule|OHKO Clause: OHKO moves are banned
|rule|Evasion Items Clause: Evasion items are banned
|rule|Evasion Moves Clause: Evasion moves are banned
|rule|Evasion Abilities Clause: Evasion abilities are banned
|rule|Sleep Moves Clause: Sleep-inducing moves are banned
|clearpoke
|poke|p1|Enamorus, F|
|poke|p1|Staraptor, M|
|poke|p1|Hatterene, F|
|poke|p1|Iron Treads|
|poke|p1|Kingambit, F|
|poke|p1|Blaziken, M|
|poke|p2|Darkrai|
|poke|p2|Samurott-Hisui, M|
|poke|p2|Great Tusk|
|poke|p2|Corviknight, M|
|poke|p2|Clefable, M|
|poke|p2|Alomomola, F|
|teampreview
|
|t:|1759053539
|teamsize|p1|6
|teamsize|p2|6
|start
|switch|p1a: Enamorus|Enamorus, F|100/100
|switch|p2a: Alomomola|Alomomola, F|100/100
|turn|1
|
|t:|1759053557
|switch|p1a: Hatterene|Hatterene, F|100/100
|move|p2a: Alomomola|Flip Turn|p1a: Hatterene
|-damage|p1a: Hatterene|88/100
|
|t:|1759053562
|switch|p2a: Darkrai|Darkrai|100/100|[from] Flip Turn
|
|-heal|p1a: Hatterene|94/100|[from] item: Leftovers
|upkeep
|turn|2
|
|t:|1759053566
|-terastallize|p2a: Darkrai|Poison
|move|p2a: Darkrai|Sludge Bomb|p1a: Hatterene
|-supereffective|p1a: Hatterene
|-damage|p1a: Hatterene|0 fnt
|faint|p1a: Hatterene
|
|upkeep
|
|t:|1759053577
|switch|p1a: Iron Treads|Iron Treads|100/100
|-enditem|p1a: Iron Treads|Booster Energy
|-activate|p1a: Iron Treads|ability: Quark Drive|[fromitem]
|-start|p1a: Iron Treads|quarkdrivespe
|turn|3
|
|t:|1759053581
|switch|p2a: Corviknight|Corviknight, M|100/100
|-ability|p2a: Corviknight|Pressure
|move|p1a: Iron Treads|Stealth Rock|p2a: Corviknight
|-sidestart|p2: Timgameboy|move: Stealth Rock
|
|upkeep
|turn|4
|
|t:|1759053583
|move|p1a: Iron Treads|Knock Off|p2a: Corviknight
|-damage|p2a: Corviknight|85/100
|-damage|p1a: Iron Treads|84/100|[from] item: Rocky Helmet|[of] p2a: Corviknight
|-enditem|p2a: Corviknight|Rocky Helmet|[from] move: Knock Off|[of] p1a: Iron Treads
|move|p2a: Corviknight|Defog|p1a: Iron Treads
|-unboost|p1a: Iron Treads|evasion|1
|-sideend|p2: Timgameboy|Stealth Rock|[from] move: Defog|[of] p2a: Corviknight
|
|upkeep
|turn|5
|
|t:|1759053587
|move|p1a: Iron Treads|Stealth Rock|p2a: Corviknight
|-sidestart|p2: Timgameboy|move: Stealth Rock
|move|p2a: Corviknight|Body Press|p1a: Iron Treads
|-supereffective|p1a: Iron Treads
|-damage|p1a: Iron Treads|44/100
|
|upkeep
|turn|6
|
|t:|1759053590
|move|p1a: Iron Treads|Endeavor|p2a: Corviknight
|-damage|p2a: Corviknight|42/100
|move|p2a: Corviknight|Roost|p2a: Corviknight
|-heal|p2a: Corviknight|92/100
|-singleturn|p2a: Corviknight|move: Roost
|
|upkeep
|turn|7
|
|t:|1759053595
|move|p1a: Iron Treads|Endeavor|p2a: Corviknight
|-damage|p2a: Corviknight|42/100
|move|p2a: Corviknight|Defog|p1a: Iron Treads
|-unboost|p1a: Iron Treads|evasion|1
|-sideend|p2: Timgameboy|Stealth Rock|[from] move: Defog|[of] p2a: Corviknight
|
|upkeep
|turn|8
|
|t:|1759053600
|move|p1a: Iron Treads|Stealth Rock|p2a: Corviknight
|-sidestart|p2: Timgameboy|move: Stealth Rock
|move|p2a: Corviknight|Roost|p2a: Corviknight
|-heal|p2a: Corviknight|92/100
|-singleturn|p2a: Corviknight|move: Roost
|
|upkeep
|turn|9
|
|t:|1759053603
|-end|p1a: Iron Treads|Quark Drive|[silent]
|switch|p1a: Blaziken|Blaziken, M|100/100
|move|p2a: Corviknight|Defog|p1a: Blaziken
|-unboost|p1a: Blaziken|evasion|1
|-sideend|p2: Timgameboy|Stealth Rock|[from] move: Defog|[of] p2a: Corviknight
|
|upkeep
|turn|10
|
|t:|1759053606
|move|p1a: Blaziken|Focus Energy|p1a: Blaziken
|-start|p1a: Blaziken|move: Focus Energy
|move|p2a: Corviknight|U-turn|p1a: Blaziken
|-resisted|p1a: Blaziken
|-damage|p1a: Blaziken|94/100
|
|t:|1759053609
|switch|p2a: Alomomola|Alomomola, F|100/100|[from] U-turn
|
|-ability|p1a: Blaziken|Speed Boost|boost
|-boost|p1a: Blaziken|spe|1
|upkeep
|turn|11
|
|t:|1759053617
|move|p1a: Blaziken|Overheat|p2a: Alomomola
|-resisted|p2a: Alomomola
|-crit|p2a: Alomomola
|-damage|p2a: Alomomola|61/100
|-unboost|p1a: Blaziken|spa|2
|move|p2a: Alomomola|Flip Turn|p1a: Blaziken
|-supereffective|p1a: Blaziken
|-damage|p1a: Blaziken|40/100
|
|t:|1759053621
|switch|p2a: Corviknight|Corviknight, M|92/100|[from] Flip Turn
|-ability|p2a: Corviknight|Pressure
|
|-ability|p1a: Blaziken|Speed Boost|boost
|-boost|p1a: Blaziken|spe|1
|upkeep
|turn|12
|
|t:|1759053624
|switch|p2a: Alomomola|Alomomola, F|95/100
|move|p1a: Blaziken|Overheat|p2a: Alomomola
|-resisted|p2a: Alomomola
|-crit|p2a: Alomomola
|-damage|p2a: Alomomola|58/100
|-unboost|p1a: Blaziken|spa|2
|
|-heal|p2a: Alomomola|64/100|[from] item: Leftovers
|-ability|p1a: Blaziken|Speed Boost|boost
|-boost|p1a: Blaziken|spe|1
|upkeep
|turn|13
|
|t:|1759053629
|move|p1a: Blaziken|Close Combat|p2a: Alomomola
|-crit|p2a: Alomomola
|-damage|p2a: Alomomola|12/100
|-unboost|p1a: Blaziken|def|1
|-unboost|p1a: Blaziken|spd|1
|move|p2a: Alomomola|Flip Turn|p1a: Blaziken
|-supereffective|p1a: Blaziken
|-damage|p1a: Blaziken|0 fnt
|faint|p1a: Blaziken
|
|t:|1759053633
|switch|p2a: Darkrai|Darkrai, tera:Poison|100/100|[from] Flip Turn
|
|upkeep
|
|t:|1759053640
|switch|p1a: Kingambit|Kingambit, F|100/100
|-activate|p1a: Kingambit|ability: Supreme Overlord
|-start|p1a: Kingambit|fallen2|[silent]
|turn|14
|
|t:|1759053645
|-end|p1a: Kingambit|fallen2|[silent]
|switch|p1a: Enamorus|Enamorus, F|100/100
|move|p2a: Darkrai|Focus Blast|p1a: Enamorus|[miss]
|-miss|p2a: Darkrai|p1a: Enamorus
|
|upkeep
|turn|15
|
|t:|1759053650
|move|p1a: Enamorus|Mystical Fire|p2a: Darkrai
|-damage|p2a: Darkrai|64/100
|-unboost|p2a: Darkrai|spa|1
|move|p2a: Darkrai|Sludge Bomb|p1a: Enamorus
|-supereffective|p1a: Enamorus
|-damage|p1a: Enamorus|0 fnt
|faint|p1a: Enamorus
|
|upkeep
|
|t:|1759053655
|switch|p1a: Staraptor|Staraptor, M|100/100
|turn|16
|
|t:|1759053657
|switch|p2a: Corviknight|Corviknight, M|92/100
|-ability|p2a: Corviknight|Pressure
|move|p1a: Staraptor|Brave Bird|p2a: Corviknight
|-resisted|p2a: Corviknight
|-damage|p2a: Corviknight|62/100
|-damage|p1a: Staraptor|88/100|[from] Recoil
|
|upkeep
|turn|17
|-message|ernoux41m forfeited.
|
|win|Timgameboy
|raw|ernoux41m's rating: 1448 &rarr; <strong>1431</strong><br />(-17 for losing)
|raw|Timgameboy's rating: 1495 &rarr; <strong>1512</strong><br />(+17 for winning)
|l|☆ernoux41m
|player|p1|
|l|☆Timgameboy
|player|p2|
