|j|☆yifeiwang789
|j|‽Tsaun
|t:|1758977311
|gametype|singles
|player|p1|yifeiwang789|lucas|1357
|player|p2|Tsaun|101|1385
|gen|9
|tier|[Gen 9] OU
|rated|
|rule|HP Percentage Mod: HP is shown in percentages
|rule|Endless Battle Clause: Forcing endless battles is banned
|rule|Species Clause: Limit one of each Pokémon
|rule|OHKO Clause: OHKO moves are banned
|rule|Evasion Items Clause: Evasion items are banned
|rule|Evasion Moves Clause: Evasion moves are banned
|rule|Evasion Abilities Clause: Evasion abilities are banned
|rule|Sleep Moves Clause: Sleep-inducing moves are banned
|clearpoke
|poke|p1|Ursaluna, F|
|poke|p1|Tauros-Paldea-Blaze, M|
|poke|p1|Cresselia, F|
|poke|p1|Enamorus-Therian, F|
|poke|p1|Hatterene, F|
|poke|p1|Hoopa-Unbound|
|poke|p2|Ceruledge, M|
|poke|p2|Iron Crown|
|poke|p2|Slowking-Galar, M|
|poke|p2|Great Tusk|
|poke|p2|Dragapult, M|
|poke|p2|Cloyster, M|
|teampreview
|n|‽Tsaun|tsaun
|inactive|Battle timer is ON: inactive players will automatically lose when time's up. (requested by Tsaun)
|
|t:|1758977336
|teamsize|p1|6
|teamsize|p2|6
|start
|switch|p1a: Enamorus|Enamorus-Therian, F|100/100
|switch|p2a: Dragapult|Dragapult, M|100/100
|turn|1
|
|t:|1758977345
|move|p2a: Dragapult|U-turn|p1a: Enamorus
|-resisted|p1a: Enamorus
|-damage|p1a: Enamorus|93/100
|
|t:|1758977351
|switch|p2a: Slowking|Slowking-Galar, M|100/100|[from] U-turn
|move|p1a: Enamorus|Earth Power|p2a: Slowking
|-supereffective|p2a: Slowking
|-damage|p2a: Slowking|37/100
|-unboost|p2a: Slowking|spd|1
|
|upkeep
|turn|2
|
|t:|1758977374
|-terastallize|p2a: Slowking|Grass
|move|p1a: Enamorus|Earth Power|p2a: Slowking
|-resisted|p2a: Slowking
|-damage|p2a: Slowking|14/100
|move|p2a: Slowking|Sludge Bomb|p1a: Enamorus
|-supereffective|p1a: Enamorus
|-damage|p1a: Enamorus|26/100
|
|upkeep
|turn|3
|
|t:|1758977389
|switch|p2a: Great Tusk|Great Tusk|100/100
|move|p1a: Enamorus|Earth Power|p2a: Great Tusk
|-damage|p2a: Great Tusk|27/100
|
|upkeep
|turn|4
|
|t:|1758977398
|-end|p2a: Great Tusk|Protosynthesis|[silent]
|switch|p2a: Slowking|Slowking-Galar, M, tera:Grass|47/100
|switch|p1a: Cresselia|Cresselia, F|100/100
|
|upkeep
|turn|5
|
|t:|1758977407
|move|p1a: Cresselia|Ice Beam|p2a: Slowking
|-supereffective|p2a: Slowking
|-damage|p2a: Slowking|26/100
|move|p2a: Slowking|Thunder Wave|p1a: Cresselia
|-status|p1a: Cresselia|par
|
|upkeep
|turn|6
|
|t:|1758977416
|-prepare|p2a: Slowking|Chilly Reception|[premajor]
|move|p2a: Slowking|Chilly Reception|p2a: Slowking
|-weather|Snowscape
|
|t:|1758977419
|switch|p2a: Cloyster|Cloyster, M|100/100|[from] Chilly Reception
|cant|p1a: Cresselia|par
|
|-weather|Snowscape|[upkeep]
|upkeep
|turn|7
|
|t:|1758977427
|move|p2a: Cloyster|Shell Smash|p2a: Cloyster
|-unboost|p2a: Cloyster|def|1
|-unboost|p2a: Cloyster|spd|1
|-boost|p2a: Cloyster|atk|2
|-boost|p2a: Cloyster|spa|2
|-boost|p2a: Cloyster|spe|2
|-enditem|p2a: Cloyster|White Herb
|-clearnegativeboost|p2a: Cloyster|[silent]
|move|p1a: Cresselia|Trick Room|p1a: Cresselia
|-fieldstart|move: Trick Room|[of] p1a: Cresselia
|
|-weather|Snowscape|[upkeep]
|upkeep
|turn|8
|
|t:|1758977441
|move|p1a: Cresselia|Lunar Dance|p1a: Cresselia
|faint|p1a: Cresselia
|move|p2a: Cloyster|Icicle Spear|p1: Cresselia|[notarget]
|-fail|p2a: Cloyster
|
|-weather|Snowscape|[upkeep]
|upkeep
|
|t:|1758977452
|switch|p1a: Enamorus|Enamorus-Therian, F|26/100
|-heal|p1a: Enamorus|100/100|[from] move: Lunar Dance
|turn|9
|
|t:|1758977458
|-terastallize|p1a: Enamorus|Fairy
|move|p1a: Enamorus|Moonblast|p2a: Cloyster
|-damage|p2a: Cloyster|0 fnt
|faint|p2a: Cloyster
|
|-weather|Snowscape|[upkeep]
|upkeep
|
|t:|1758977464
|switch|p2a: Iron Crown|Iron Crown|100/100
|-enditem|p2a: Iron Crown|Booster Energy
|-activate|p2a: Iron Crown|ability: Quark Drive|[fromitem]
|-start|p2a: Iron Crown|quarkdrivespe
|turn|10
|
|t:|1758977471
|switch|p1a: Ursaluna|Ursaluna, F|100/100
|move|p2a: Iron Crown|Calm Mind|p2a: Iron Crown
|-boost|p2a: Iron Crown|spa|1
|-boost|p2a: Iron Crown|spd|1
|
|-weather|none
|-status|p1a: Ursaluna|brn|[from] item: Flame Orb
|upkeep
|turn|11
|
|t:|1758977484
|-end|p2a: Iron Crown|Quark Drive|[silent]
|switch|p2a: Great Tusk|Great Tusk|27/100
|move|p1a: Ursaluna|Headlong Rush|p2a: Great Tusk
|-damage|p2a: Great Tusk|0 fnt
|-unboost|p1a: Ursaluna|def|1
|-unboost|p1a: Ursaluna|spd|1
|-damage|p1a: Ursaluna|84/100 brn|[from] item: Rocky Helmet|[of] p2a: Great Tusk
|faint|p2a: Great Tusk
|-end|p2a: Great Tusk|Protosynthesis|[silent]
|
|-damage|p1a: Ursaluna|78/100 brn|[from] brn
|-fieldend|move: Trick Room
|upkeep
|
|t:|1758977497
|switch|p2a: Iron Crown|Iron Crown|100/100
|turn|12
|
|t:|1758977512
|switch|p1a: Tauros|Tauros-Paldea-Blaze, M|100/100
|-ability|p1a: Tauros|Intimidate|boost
|-unboost|p2a: Iron Crown|atk|1
|move|p2a: Iron Crown|Tachyon Cutter|p1a: Tauros
|-resisted|p1a: Tauros
|-damage|p1a: Tauros|83/100
|-resisted|p1a: Tauros
|-damage|p1a: Tauros|63/100
|-hitcount|p1a: Tauros|2
|
|upkeep
|turn|13
|
|t:|1758977522
|-end|p2a: Iron Crown|Quark Drive|[silent]
|switch|p2a: Ceruledge|Ceruledge, M|100/100
|move|p1a: Tauros|Flare Blitz|p2a: Ceruledge
|-resisted|p2a: Ceruledge
|-damage|p2a: Ceruledge|34/100
|-ability|p2a: Ceruledge|Weak Armor|boost
|-unboost|p2a: Ceruledge|def|1
|-boost|p2a: Ceruledge|spe|2
|-damage|p1a: Tauros|41/100|[from] Recoil
|
|upkeep
|turn|14
|
|t:|1758977535
|move|p2a: Ceruledge|Endure|p2a: Ceruledge
|-singleturn|p2a: Ceruledge|move: Endure
|move|p1a: Tauros|Flare Blitz|p2a: Ceruledge
|-resisted|p2a: Ceruledge
|-activate|p2a: Ceruledge|move: Endure
|-damage|p2a: Ceruledge|1/100
|-ability|p2a: Ceruledge|Weak Armor|boost
|-unboost|p2a: Ceruledge|def|1
|-boost|p2a: Ceruledge|spe|2
|-damage|p1a: Tauros|30/100|[from] Recoil
|
|upkeep
|turn|15
|
|t:|1758977545
|move|p2a: Ceruledge|Shadow Sneak|p1a: Tauros
|-damage|p1a: Tauros|6/100
|move|p1a: Tauros|Flare Blitz|p2a: Ceruledge
|-resisted|p2a: Ceruledge
|-damage|p2a: Ceruledge|0 fnt
|faint|p2a: Ceruledge
|-damage|p1a: Tauros|6/100|[from] Recoil
|
|upkeep
|
|t:|1758977552
|switch|p2a: Dragapult|Dragapult, M|100/100
|turn|16
|
|t:|1758977556
|move|p2a: Dragapult|U-turn|p1a: Tauros
|-resisted|p1a: Tauros
|-damage|p1a: Tauros|0 fnt
|faint|p1a: Tauros
|
|t:|1758977563
|switch|p2a: Slowking|Slowking-Galar, M, tera:Grass|59/100|[from] U-turn
|
|upkeep
|
|t:|1758977573
|switch|p1a: Hatterene|Hatterene, F|100/100
|turn|17
|
|t:|1758977581
|move|p2a: Slowking|Sludge Bomb|p1a: Hatterene
|-supereffective|p1a: Hatterene
|-damage|p1a: Hatterene|21/100
|move|p1a: Hatterene|Trick Room|p1a: Hatterene
|-fieldstart|move: Trick Room|[of] p1a: Hatterene
|
|upkeep
|turn|18
|
|t:|1758977589
|move|p1a: Hatterene|Mystical Fire|p2a: Slowking
|-supereffective|p2a: Slowking
|-damage|p2a: Slowking|30/100
|-unboost|p2a: Slowking|spa|1
|move|p2a: Slowking|Sludge Bomb|p1a: Hatterene
|-supereffective|p1a: Hatterene
|-damage|p1a: Hatterene|0 fnt
|faint|p1a: Hatterene
|
|upkeep
|
|t:|1758977599
|switch|p1a: Ursaluna|Ursaluna, F|78/100 brn
|turn|19
|
|t:|1758977605
|switch|p2a: Dragapult|Dragapult, M|100/100
|move|p1a: Ursaluna|Fire Punch|p2a: Dragapult
|-resisted|p2a: Dragapult
|-damage|p2a: Dragapult|72/100
|
|-damage|p1a: Ursaluna|72/100 brn|[from] brn
|upkeep
|turn|20
|
|t:|1758977614
|move|p2a: Dragapult|Sucker Punch|p1a: Ursaluna
|-damage|p1a: Ursaluna|47/100 brn
|move|p1a: Ursaluna|Headlong Rush|p2a: Dragapult
|-damage|p2a: Dragapult|0 fnt
|-unboost|p1a: Ursaluna|def|1
|-unboost|p1a: Ursaluna|spd|1
|faint|p2a: Dragapult
|
|-damage|p1a: Ursaluna|41/100 brn|[from] brn
|upkeep
|
|t:|1758977620
|switch|p2a: Slowking|Slowking-Galar, M, tera:Grass|64/100
|turn|21
|
|t:|1758977628
|move|p2a: Slowking|Sludge Bomb|p1a: Ursaluna
|-resisted|p1a: Ursaluna
|-damage|p1a: Ursaluna|19/100 brn
|move|p1a: Ursaluna|Facade|p2a: Slowking
|-damage|p2a: Slowking|0 fnt
|faint|p2a: Slowking
|
|-damage|p1a: Ursaluna|13/100 brn|[from] brn
|-fieldend|move: Trick Room
|upkeep
|
|t:|1758977631
|switch|p2a: Iron Crown|Iron Crown|100/100
|turn|22
|
|t:|1758977644
|move|p2a: Iron Crown|Tachyon Cutter|p1a: Ursaluna
|-damage|p1a: Ursaluna|0 fnt
|faint|p1a: Ursaluna
|-hitcount|p1: Ursaluna|1
|
|upkeep
|
|t:|1758977649
|switch|p1a: Hoopa|Hoopa-Unbound|100/100
|turn|23
|
|t:|1758977653
|move|p2a: Iron Crown|Calm Mind|p2a: Iron Crown
|-boost|p2a: Iron Crown|spa|1
|-boost|p2a: Iron Crown|spd|1
|move|p1a: Hoopa|Trick Room|p1a: Hoopa
|-fieldstart|move: Trick Room|[of] p1a: Hoopa
|
|upkeep
|turn|24
|
|t:|1758977662
|move|p1a: Hoopa|Drain Punch|p2a: Iron Crown
|-crit|p2a: Iron Crown
|-damage|p2a: Iron Crown|54/100
|move|p2a: Iron Crown|Tachyon Cutter|p1a: Hoopa
|-damage|p1a: Hoopa|75/100
|-damage|p1a: Hoopa|48/100
|-hitcount|p1a: Hoopa|2
|
|upkeep
|turn|25
|
|t:|1758977670
|move|p1a: Hoopa|Drain Punch|p2a: Iron Crown
|-damage|p2a: Iron Crown|20/100
|-heal|p1a: Hoopa|64/100|[from] drain|[of] p2a: Iron Crown
|move|p2a: Iron Crown|Tachyon Cutter|p1a: Hoopa
|-damage|p1a: Hoopa|37/100
|-damage|p1a: Hoopa|14/100
|-hitcount|p1a: Hoopa|2
|
|upkeep
|turn|26
|
|t:|1758977679
|move|p1a: Hoopa|Drain Punch|p2a: Iron Crown
|-damage|p2a: Iron Crown|0 fnt
|-heal|p1a: Hoopa|23/100|[from] drain|[of] p2a: Iron Crown
|faint|p2a: Iron Crown
|-end|p2a: Iron Crown|Quark Drive|[silent]
|
|win|yifeiwang789
|raw|yifeiwang789's rating: 1357 &rarr; <strong>1379</strong><br />(+22 for winning)
|raw|Tsaun's rating: 1385 &rarr; <strong>1363</strong><br />(-22 for losing)
|l|‽Tsaun
|player|p2|
|l|☆yifeiwang789
|player|p1|
