|j|☆Njbrown7
|j|☆GetGotbyGoat
|t:|1759028455
|gametype|singles
|player|p1|Njbrown7|101|1126
|player|p2|GetGotbyGoat|cynthia|1175
|gen|9
|tier|[Gen 9] OU
|rated|
|rule|HP Percentage Mod: HP is shown in percentages
|rule|Endless Battle Clause: Forcing endless battles is banned
|rule|Species Clause: Limit one of each Pokémon
|rule|OHKO Clause: OHKO moves are banned
|rule|Evasion Items Clause: Evasion items are banned
|rule|Evasion Moves Clause: Evasion moves are banned
|rule|Evasion Abilities Clause: Evasion abilities are banned
|rule|Sleep Moves Clause: Sleep-inducing moves are banned
|clearpoke
|poke|p1|Cacturne, M|
|poke|p1|Gothitelle, M|
|poke|p1|Stonjourner, F|
|poke|p1|Glastrier|
|poke|p1|Yanmega, M|
|poke|p1|Vileplume, M|
|poke|p2|Zamazenta-*|
|poke|p2|Ninetales-Alola, M|
|poke|p2|Darkrai|
|poke|p2|Ceruledge, F|
|poke|p2|Gliscor, M|
|poke|p2|Primarina, M|
|teampreview
|inactive|Battle timer is ON: inactive players will automatically lose when time's up. (requested by Njbrown7)
|
|t:|1759028466
|teamsize|p1|6
|teamsize|p2|6
|start
|switch|p1a: Glastrier|Glastrier|100/100
|switch|p2a: Zamazenta|Zamazenta|100/100
|-ability|p2a: Zamazenta|Dauntless Shield|boost
|-boost|p2a: Zamazenta|def|1
|turn|1
|
|t:|1759028480
|switch|p1a: Gothitelle|Gothitelle, M|100/100
|move|p2a: Zamazenta|Iron Defense|p2a: Zamazenta
|-boost|p2a: Zamazenta|def|2
|
|upkeep
|turn|2
|
|t:|1759028500
|-terastallize|p2a: Zamazenta|Fire
|move|p2a: Zamazenta|Iron Defense|p2a: Zamazenta
|-boost|p2a: Zamazenta|def|2
|move|p1a: Gothitelle|Psyshock|p2a: Zamazenta
|-damage|p2a: Zamazenta|94/100
|
|upkeep
|turn|3
|
|t:|1759028507
|move|p2a: Zamazenta|Body Press|p1a: Gothitelle
|-resisted|p1a: Gothitelle
|-damage|p1a: Gothitelle|48/100
|move|p1a: Gothitelle|Thunderbolt|p2a: Zamazenta
|-damage|p2a: Zamazenta|72/100
|
|-heal|p1a: Gothitelle|54/100|[from] item: Leftovers
|upkeep
|turn|4
|
|t:|1759028514
|move|p2a: Zamazenta|Body Press|p1a: Gothitelle
|-resisted|p1a: Gothitelle
|-damage|p1a: Gothitelle|2/100
|move|p1a: Gothitelle|Thunderbolt|p2a: Zamazenta
|-damage|p2a: Zamazenta|52/100
|
|-heal|p1a: Gothitelle|8/100|[from] item: Leftovers
|upkeep
|turn|5
|
|t:|1759028523
|move|p2a: Zamazenta|Body Press|p1a: Gothitelle
|-resisted|p1a: Gothitelle
|-damage|p1a: Gothitelle|0 fnt
|faint|p1a: Gothitelle
|
|upkeep
|
|t:|1759028526
|switch|p1a: Yanmega|Yanmega, M, shiny|100/100
|turn|6
|
|t:|1759028530
|move|p1a: Yanmega|Protect|p1a: Yanmega
|-singleturn|p1a: Yanmega|Protect
|move|p2a: Zamazenta|Body Press|p1a: Yanmega
|-activate|p1a: Yanmega|move: Protect
|
|-ability|p1a: Yanmega|Speed Boost|boost
|-boost|p1a: Yanmega|spe|1
|upkeep
|turn|7
|
|t:|1759028537
|move|p1a: Yanmega|Air Slash|p2a: Zamazenta
|-damage|p2a: Zamazenta|13/100
|cant|p2a: Zamazenta|flinch
|
|-ability|p1a: Yanmega|Speed Boost|boost
|-boost|p1a: Yanmega|spe|1
|upkeep
|turn|8
|
|t:|1759028545
|move|p1a: Yanmega|Air Slash|p2a: Zamazenta
|-damage|p2a: Zamazenta|0 fnt
|faint|p2a: Zamazenta
|
|-ability|p1a: Yanmega|Speed Boost|boost
|-boost|p1a: Yanmega|spe|1
|upkeep
|
|t:|1759028571
|switch|p2a: Ceruledge|Ceruledge, F|100/100
|turn|9
|
|t:|1759028579
|move|p1a: Yanmega|U-turn|p2a: Ceruledge
|-resisted|p2a: Ceruledge
|-damage|p2a: Ceruledge|95/100
|
|t:|1759028583
|switch|p1a: Stonjourner|Stonjourner, F|100/100|[from] U-turn
|move|p2a: Ceruledge|Bitter Blade|p1a: Stonjourner
|-resisted|p1a: Stonjourner
|-damage|p1a: Stonjourner|90/100
|-heal|p2a: Ceruledge|100/100|[from] drain|[of] p1a: Stonjourner
|
|upkeep
|turn|10
|
|t:|1759028590
|switch|p2a: Primarina|Primarina, M|100/100
|move|p1a: Stonjourner|Rock Blast|p2a: Primarina
|-damage|p2a: Primarina|86/100
|-damage|p2a: Primarina|71/100
|-damage|p2a: Primarina|57/100
|-damage|p2a: Primarina|43/100
|-hitcount|p2a: Primarina|4
|
|-heal|p2a: Primarina|49/100|[from] item: Leftovers
|upkeep
|turn|11
|inactive|GetGotbyGoat has 120 seconds left.
|inactive|GetGotbyGoat has 90 seconds left.
|
|t:|1759028655
|switch|p1a: Vileplume|Vileplume, M|100/100
|move|p2a: Primarina|Sparkling Aria|p1a: Vileplume
|-resisted|p1a: Vileplume
|-damage|p1a: Vileplume|83/100
|
|-heal|p2a: Primarina|55/100|[from] item: Leftovers
|-heal|p1a: Vileplume|89/100|[from] item: Black Sludge
|upkeep
|turn|12
|
|t:|1759028672
|switch|p2a: Ninetales|Ninetales-Alola, M|100/100
|-weather|Snowscape|[from] ability: Snow Warning|[of] p2a: Ninetales
|move|p1a: Vileplume|Leech Seed|p2a: Ninetales
|-start|p2a: Ninetales|move: Leech Seed
|
|-weather|Snowscape|[upkeep]
|-heal|p1a: Vileplume|95/100|[from] item: Black Sludge
|-damage|p2a: Ninetales|88/100|[from] Leech Seed|[of] p1a: Vileplume
|-heal|p1a: Vileplume|100/100|[silent]
|upkeep
|turn|13
|inactive|Njbrown7 has 120 seconds left.
|
|t:|1759028697
|-terastallize|p1a: Vileplume|Water
|move|p2a: Ninetales|Aurora Veil|p2a: Ninetales
|-sidestart|p2: GetGotbyGoat|move: Aurora Veil
|move|p1a: Vileplume|Sludge Wave|p2a: Ninetales
|-supereffective|p2a: Ninetales
|-damage|p2a: Ninetales|54/100
|
|-weather|Snowscape|[upkeep]
|-damage|p1a: Vileplume|88/100|[from] item: Black Sludge
|-damage|p2a: Ninetales|41/100|[from] Leech Seed|[of] p1a: Vileplume
|-heal|p1a: Vileplume|99/100|[silent]
|upkeep
|turn|14
|
|t:|1759028707
|move|p2a: Ninetales|Freeze-Dry|p1a: Vileplume
|-supereffective|p1a: Vileplume
|-damage|p1a: Vileplume|67/100
|move|p1a: Vileplume|Sludge Wave|p2a: Ninetales
|-supereffective|p2a: Ninetales
|-damage|p2a: Ninetales|7/100
|
|-weather|Snowscape|[upkeep]
|-damage|p1a: Vileplume|55/100|[from] item: Black Sludge
|-damage|p2a: Ninetales|0 fnt|[from] Leech Seed|[of] p1a: Vileplume
|-heal|p1a: Vileplume|62/100|[silent]
|faint|p2a: Ninetales
|upkeep
|inactive|GetGotbyGoat has 90 seconds left.
|
|t:|1759028728
|switch|p2a: Darkrai|Darkrai|100/100
|turn|15
|
|t:|1759028731
|move|p2a: Darkrai|Nasty Plot|p2a: Darkrai
|-boost|p2a: Darkrai|spa|2
|move|p1a: Vileplume|Leech Seed|p2a: Darkrai
|-start|p2a: Darkrai|move: Leech Seed
|
|-weather|Snowscape|[upkeep]
|-damage|p1a: Vileplume|49/100|[from] item: Black Sludge
|-damage|p2a: Darkrai|88/100|[from] Leech Seed|[of] p1a: Vileplume
|-heal|p1a: Vileplume|59/100|[silent]
|upkeep
|turn|16
|
|t:|1759028740
|move|p2a: Darkrai|Nasty Plot|p2a: Darkrai
|-boost|p2a: Darkrai|spa|2
|move|p1a: Vileplume|Giga Drain|p2a: Darkrai
|-crit|p2a: Darkrai
|-damage|p2a: Darkrai|29/100
|-heal|p1a: Vileplume|82/100|[from] drain|[of] p2a: Darkrai
|
|-weather|none
|-heal|p2a: Darkrai|35/100|[from] item: Leftovers
|-damage|p1a: Vileplume|70/100|[from] item: Black Sludge
|-damage|p2a: Darkrai|23/100|[from] Leech Seed|[of] p1a: Vileplume
|-heal|p1a: Vileplume|80/100|[silent]
|upkeep
|turn|17
|
|t:|1759028751
|move|p2a: Darkrai|Dark Pulse|p1a: Vileplume
|-damage|p1a: Vileplume|0 fnt
|faint|p1a: Vileplume
|
|-heal|p2a: Darkrai|29/100|[from] item: Leftovers
|upkeep
|
|t:|1759028757
|switch|p1a: Yanmega|Yanmega, M, shiny|100/100
|turn|18
|
|t:|1759028761
|move|p1a: Yanmega|Protect|p1a: Yanmega
|-singleturn|p1a: Yanmega|Protect
|move|p2a: Darkrai|Nasty Plot|p2a: Darkrai
|-boost|p2a: Darkrai|spa|2
|
|-heal|p2a: Darkrai|35/100|[from] item: Leftovers
|-damage|p2a: Darkrai|22/100|[from] Leech Seed|[of] p1a: Yanmega
|-ability|p1a: Yanmega|Speed Boost|boost
|-boost|p1a: Yanmega|spe|1
|upkeep
|turn|19
|
|t:|1759028774
|move|p1a: Yanmega|Bug Buzz|p2a: Darkrai
|-supereffective|p2a: Darkrai
|-damage|p2a: Darkrai|0 fnt
|faint|p2a: Darkrai
|
|-ability|p1a: Yanmega|Speed Boost|boost
|-boost|p1a: Yanmega|spe|1
|upkeep
|
|t:|1759028783
|switch|p2a: Ceruledge|Ceruledge, F|100/100
|turn|20
|
|t:|1759028786
|move|p1a: Yanmega|U-turn|p2a: Ceruledge
|-resisted|p2a: Ceruledge
|-damage|p2a: Ceruledge|98/100
|
|t:|1759028790
|switch|p1a: Stonjourner|Stonjourner, F|90/100|[from] U-turn
|move|p2a: Ceruledge|Bulk Up|p2a: Ceruledge
|-boost|p2a: Ceruledge|atk|1
|-boost|p2a: Ceruledge|def|1
|
|-sideend|p2: GetGotbyGoat|move: Aurora Veil
|upkeep
|turn|21
|
|t:|1759028796
|move|p2a: Ceruledge|Bitter Blade|p1a: Stonjourner
|-resisted|p1a: Stonjourner
|-damage|p1a: Stonjourner|76/100
|-heal|p2a: Ceruledge|100/100|[from] drain|[of] p1a: Stonjourner
|move|p1a: Stonjourner|Rock Blast|p2a: Ceruledge
|-supereffective|p2a: Ceruledge
|-damage|p2a: Ceruledge|82/100
|-supereffective|p2a: Ceruledge
|-damage|p2a: Ceruledge|66/100
|-supereffective|p2a: Ceruledge
|-damage|p2a: Ceruledge|47/100
|-supereffective|p2a: Ceruledge
|-damage|p2a: Ceruledge|30/100
|-hitcount|p2a: Ceruledge|4
|
|upkeep
|turn|22
|
|t:|1759028808
|move|p2a: Ceruledge|Bitter Blade|p1a: Stonjourner
|-resisted|p1a: Stonjourner
|-crit|p1a: Stonjourner
|-damage|p1a: Stonjourner|52/100
|-heal|p2a: Ceruledge|44/100|[from] drain|[of] p1a: Stonjourner
|move|p1a: Stonjourner|Rock Blast|p2a: Ceruledge|[miss]
|-miss|p1a: Stonjourner|p2a: Ceruledge
|
|upkeep
|turn|23
|
|t:|1759028815
|move|p2a: Ceruledge|Bitter Blade|p1a: Stonjourner
|-resisted|p1a: Stonjourner
|-damage|p1a: Stonjourner|38/100
|-heal|p2a: Ceruledge|52/100|[from] drain|[of] p1a: Stonjourner
|move|p1a: Stonjourner|Rock Blast|p2a: Ceruledge
|-supereffective|p2a: Ceruledge
|-damage|p2a: Ceruledge|35/100
|-supereffective|p2a: Ceruledge
|-damage|p2a: Ceruledge|16/100
|-supereffective|p2a: Ceruledge
|-damage|p2a: Ceruledge|0 fnt
|faint|p2a: Ceruledge
|-hitcount|p2: Ceruledge|3
|
|upkeep
|
|t:|1759028818
|switch|p2a: Primarina|Primarina, M|55/100
|turn|24
|
|t:|1759028831
|move|p1a: Stonjourner|Rock Blast|p2a: Primarina|[miss]
|-miss|p1a: Stonjourner|p2a: Primarina
|move|p2a: Primarina|Sparkling Aria|p1a: Stonjourner
|-supereffective|p1a: Stonjourner
|-damage|p1a: Stonjourner|0 fnt
|faint|p1a: Stonjourner
|
|-heal|p2a: Primarina|61/100|[from] item: Leftovers
|upkeep
|
|t:|1759028840
|switch|p1a: Cacturne|Cacturne, M|100/100
|turn|25
|
|t:|1759028844
|move|p1a: Cacturne|Seed Bomb|p2a: Primarina
|-supereffective|p2a: Primarina
|-damage|p2a: Primarina|0 fnt
|faint|p2a: Primarina
|
|upkeep
|
|t:|1759028848
|switch|p2a: Gliscor|Gliscor, M|100/100
|turn|26
|
|t:|1759028852
|move|p2a: Gliscor|Toxic|p1a: Cacturne
|-status|p1a: Cacturne|tox
|move|p1a: Cacturne|Knock Off|p2a: Gliscor
|-damage|p2a: Gliscor|61/100
|-enditem|p2a: Gliscor|Toxic Orb|[from] move: Knock Off|[of] p1a: Cacturne
|
|-damage|p1a: Cacturne|94/100 tox|[from] psn
|upkeep
|turn|27
|
|t:|1759028861
|move|p1a: Cacturne|Sucker Punch||[still]
|-fail|p1a: Cacturne
|move|p2a: Gliscor|Swords Dance|p2a: Gliscor
|-boost|p2a: Gliscor|atk|2
|
|-damage|p1a: Cacturne|82/100 tox|[from] psn
|upkeep
|turn|28
|
|t:|1759028867
|move|p2a: Gliscor|Swords Dance|p2a: Gliscor
|-boost|p2a: Gliscor|atk|2
|move|p1a: Cacturne|Seed Bomb|p2a: Gliscor
|-damage|p2a: Gliscor|29/100
|
|-damage|p1a: Cacturne|64/100 tox|[from] psn
|upkeep
|turn|29
|
|t:|1759028876
|move|p1a: Cacturne|Sucker Punch|p2a: Gliscor
|-damage|p2a: Gliscor|2/100
|move|p2a: Gliscor|Earthquake|p1a: Cacturne
|-resisted|p1a: Cacturne
|-damage|p1a: Cacturne|0 fnt
|faint|p1a: Cacturne
|
|upkeep
|
|t:|1759028879
|switch|p1a: Yanmega|Yanmega, M, shiny|100/100
|turn|30
|
|t:|1759028886
|move|p1a: Yanmega|Protect|p1a: Yanmega
|-singleturn|p1a: Yanmega|Protect
|move|p2a: Gliscor|Facade|p1a: Yanmega
|-activate|p1a: Yanmega|move: Protect
|
|-ability|p1a: Yanmega|Speed Boost|boost
|-boost|p1a: Yanmega|spe|1
|upkeep
|turn|31
|
|t:|1759028899
|move|p1a: Yanmega|Bug Buzz|p2a: Gliscor
|-resisted|p2a: Gliscor
|-damage|p2a: Gliscor|0 fnt
|faint|p2a: Gliscor
|
|win|Njbrown7
|raw|Njbrown7's rating: 1126 &rarr; <strong>1155</strong><br />(+29 for winning)
|raw|GetGotbyGoat's rating: 1175 &rarr; <strong>1146</strong><br />(-29 for losing)
|l|☆Njbrown7
|player|p1|
|l|☆GetGotbyGoat
|player|p2|
