|j|☆I am Patrat
|j|☆Satanel7
|t:|1758952837
|gametype|singles
|player|p1|I am Patrat|170|1233
|player|p2|Satanel7|silver|1256
|gen|9
|tier|[Gen 9] OU
|rated|
|rule|HP Percentage Mod: HP is shown in percentages
|rule|Endless Battle Clause: Forcing endless battles is banned
|rule|Species Clause: Limit one of each Pokémon
|rule|OHKO Clause: OHKO moves are banned
|rule|Evasion Items Clause: Evasion items are banned
|rule|Evasion Moves Clause: Evasion moves are banned
|rule|Evasion Abilities Clause: Evasion abilities are banned
|rule|Sleep Moves Clause: Sleep-inducing moves are banned
|clearpoke
|poke|p1|Salamence, F|
|poke|p1|Hoopa-Unbound|
|poke|p1|Slowking, M|
|poke|p1|Mamoswine, F|
|poke|p1|Bisharp, M|
|poke|p1|Talonflame, F|
|poke|p2|Gliscor, M|
|poke|p2|Iron Crown|
|poke|p2|Dragonite, M|
|poke|p2|Alomomola, F|
|poke|p2|Scizor, M|
|poke|p2|Moltres|
|teampreview
|
|t:|1758952854
|teamsize|p1|6
|teamsize|p2|6
|start
|switch|p1a: Hoopa|Hoopa-Unbound|100/100
|switch|p2a: Gliscor|Gliscor, M|100/100
|turn|1
|inactive|Battle timer is ON: inactive players will automatically lose when time's up. (requested by Satanel7)
|c|☆Satanel7|glhf
|
|t:|1758952864
|move|p2a: Gliscor|Protect|p2a: Gliscor
|-singleturn|p2a: Gliscor|Protect
|move|p1a: Hoopa|Gunk Shot|p2a: Gliscor
|-activate|p2a: Gliscor|move: Protect
|
|-status|p2a: Gliscor|tox|[from] item: Toxic Orb
|upkeep
|turn|2
|c|☆Satanel7|lets do this
|
|t:|1758952872
|switch|p1a: Bisharp|Bisharp, M|100/100
|move|p2a: Gliscor|Knock Off|p1a: Bisharp
|-resisted|p1a: Bisharp
|-damage|p1a: Bisharp|92/100
|-enditem|p1a: Bisharp|Eviolite|[from] move: Knock Off|[of] p2a: Gliscor
|
|upkeep
|turn|3
|
|t:|1758952880
|move|p1a: Bisharp|Swords Dance|p1a: Bisharp
|-boost|p1a: Bisharp|atk|2
|move|p2a: Gliscor|U-turn|p1a: Bisharp
|-damage|p1a: Bisharp|73/100
|
|t:|1758952882
|switch|p2a: Moltres|Moltres|100/100|[from] U-turn
|
|upkeep
|turn|4
|
|t:|1758952894
|move|p1a: Bisharp|Throat Chop|p2a: Moltres
|-damage|p2a: Moltres|37/100
|-start|p2a: Moltres|Throat Chop|[silent]
|move|p2a: Moltres|Will-O-Wisp|p1a: Bisharp
|-status|p1a: Bisharp|brn
|
|-damage|p1a: Bisharp|67/100 brn|[from] brn
|upkeep
|turn|5
|
|t:|1758952920
|switch|p2a: Alomomola|Alomomola, F|100/100
|move|p1a: Bisharp|Throat Chop|p2a: Alomomola
|-damage|p2a: Alomomola|77/100
|-start|p2a: Alomomola|Throat Chop|[silent]
|
|-damage|p1a: Bisharp|61/100 brn|[from] brn
|upkeep
|turn|6
|
|t:|1758952928
|move|p1a: Bisharp|Swords Dance|p1a: Bisharp
|-boost|p1a: Bisharp|atk|2
|move|p2a: Alomomola|Wish|p2a: Alomomola
|
|-damage|p1a: Bisharp|55/100 brn|[from] brn
|-end|p2a: Alomomola|Throat Chop|[silent]
|upkeep
|turn|7
|
|t:|1758952935
|move|p1a: Bisharp|Swords Dance|p1a: Bisharp
|-boost|p1a: Bisharp|atk|2
|move|p2a: Alomomola|Flip Turn|p1a: Bisharp
|-damage|p1a: Bisharp|34/100 brn
|
|t:|1758952939
|switch|p2a: Moltres|Moltres|37/100|[from] Flip Turn
|
|-heal|p2a: Moltres|100/100|[from] move: Wish|[wisher] Alomomola
|-damage|p1a: Bisharp|28/100 brn|[from] brn
|upkeep
|turn|8
|
|t:|1758952955
|move|p1a: Bisharp|Throat Chop|p2a: Moltres
|-damage|p2a: Moltres|35/100
|-start|p2a: Moltres|Throat Chop|[silent]
|move|p2a: Moltres|Roost|p2a: Moltres
|-heal|p2a: Moltres|85/100
|-singleturn|p2a: Moltres|move: Roost
|
|-damage|p1a: Bisharp|22/100 brn|[from] brn
|upkeep
|turn|9
|
|t:|1758952964
|move|p1a: Bisharp|Throat Chop|p2a: Moltres
|-damage|p2a: Moltres|21/100
|move|p2a: Moltres|Roost|p2a: Moltres
|-heal|p2a: Moltres|71/100
|-singleturn|p2a: Moltres|move: Roost
|
|-damage|p1a: Bisharp|16/100 brn|[from] brn
|-end|p2a: Moltres|Throat Chop|[silent]
|upkeep
|turn|10
|
|t:|1758952973
|move|p1a: Bisharp|Throat Chop|p2a: Moltres
|-damage|p2a: Moltres|13/100
|-start|p2a: Moltres|Throat Chop|[silent]
|move|p2a: Moltres|Roost|p2a: Moltres
|-heal|p2a: Moltres|63/100
|-singleturn|p2a: Moltres|move: Roost
|
|-damage|p1a: Bisharp|10/100 brn|[from] brn
|upkeep
|turn|11
|
|t:|1758952982
|move|p1a: Bisharp|Throat Chop|p2a: Moltres
|-damage|p2a: Moltres|1/100
|move|p2a: Moltres|U-turn|p1a: Bisharp
|-damage|p1a: Bisharp|0 fnt
|faint|p1a: Bisharp
|
|t:|1758952989
|switch|p2a: Alomomola|Alomomola, F|100/100|[from] U-turn
|
|upkeep
|
|t:|1758952998
|switch|p1a: Salamence|Salamence, F|100/100
|turn|12
|
|t:|1758953007
|move|p1a: Salamence|Dragon Dance|p1a: Salamence
|-boost|p1a: Salamence|atk|1
|-boost|p1a: Salamence|spe|1
|move|p2a: Alomomola|Wish|p2a: Alomomola
|
|upkeep
|turn|13
|
|t:|1758953016
|move|p1a: Salamence|Dragon Claw|p2a: Alomomola
|-damage|p2a: Alomomola|64/100
|move|p2a: Alomomola|Flip Turn|p1a: Salamence
|-resisted|p1a: Salamence
|-damage|p1a: Salamence|90/100
|
|t:|1758953020
|switch|p2a: Moltres|Moltres|1/100|[from] Flip Turn
|
|-heal|p2a: Moltres|71/100|[from] move: Wish|[wisher] Alomomola
|upkeep
|turn|14
|
|t:|1758953029
|switch|p1a: Talonflame|Talonflame, F|100/100
|move|p2a: Moltres|Will-O-Wisp|p1a: Talonflame
|-immune|p1a: Talonflame
|
|upkeep
|turn|15
|
|t:|1758953037
|move|p1a: Talonflame|Brave Bird|p2a: Moltres
|-damage|p2a: Moltres|45/100
|-damage|p1a: Talonflame|91/100|[from] Recoil
|move|p2a: Moltres|Roost|p2a: Moltres
|-heal|p2a: Moltres|95/100
|-singleturn|p2a: Moltres|move: Roost
|
|upkeep
|turn|16
|
|t:|1758953046
|move|p1a: Talonflame|Will-O-Wisp|p2a: Moltres
|-immune|p2a: Moltres
|move|p2a: Moltres|U-turn|p1a: Talonflame
|-resisted|p1a: Talonflame
|-damage|p1a: Talonflame|88/100
|
|t:|1758953052
|switch|p2a: Gliscor|Gliscor, M|100/100 tox|[from] U-turn
|
|upkeep
|turn|17
|
|t:|1758953064
|switch|p1a: Mamoswine|Mamoswine, F|100/100
|move|p2a: Gliscor|Knock Off|p1a: Mamoswine
|-damage|p1a: Mamoswine|77/100
|-enditem|p1a: Mamoswine|Choice Scarf|[from] move: Knock Off|[of] p2a: Gliscor
|
|upkeep
|turn|18
|
|t:|1758953082
|switch|p2a: Alomomola|Alomomola, F|98/100
|move|p1a: Mamoswine|Stealth Rock|p2a: Alomomola
|-sidestart|p2: Satanel7|move: Stealth Rock
|
|upkeep
|turn|19
|
|t:|1758953091
|switch|p1a: Hoopa|Hoopa-Unbound|100/100
|move|p2a: Alomomola|Scald|p1a: Hoopa
|-damage|p1a: Hoopa|87/100
|
|upkeep
|turn|20
|
|t:|1758953102
|move|p2a: Alomomola|Protect|p2a: Alomomola
|-singleturn|p2a: Alomomola|Protect
|move|p1a: Hoopa|Hyperspace Fury|p2a: Alomomola
|-activate|p2a: Alomomola|move: Hyperspace Fury|[broken]
|-damage|p2a: Alomomola|46/100
|-unboost|p1a: Hoopa|def|1
|
|upkeep
|turn|21
|
|t:|1758953120
|switch|p2a: Gliscor|Gliscor, M|100/100 tox
|-damage|p2a: Gliscor|88/100 tox|[from] Stealth Rock
|move|p1a: Hoopa|Hyperspace Fury|p2a: Gliscor
|-damage|p2a: Gliscor|16/100 tox
|-unboost|p1a: Hoopa|def|1
|
|-heal|p2a: Gliscor|29/100 tox|[from] ability: Poison Heal
|upkeep
|turn|22
|inactive|Satanel7 has 120 seconds left.
|
|t:|1758953150
|switch|p2a: Iron Crown|Iron Crown|100/100
|-damage|p2a: Iron Crown|94/100|[from] Stealth Rock
|move|p1a: Hoopa|Hyperspace Fury|p2a: Iron Crown
|-supereffective|p2a: Iron Crown
|-damage|p2a: Iron Crown|0 fnt
|-unboost|p1a: Hoopa|def|1
|faint|p2a: Iron Crown
|-end|p2a: Iron Crown|Quark Drive|[silent]
|
|upkeep
|
|t:|1758953162
|switch|p2a: Scizor|Scizor, M|100/100
|-damage|p2a: Scizor|88/100|[from] Stealth Rock
|turn|23
|
|t:|1758953167
|switch|p1a: Talonflame|Talonflame, F|88/100
|move|p2a: Scizor|Defog|p1a: Talonflame
|-unboost|p1a: Talonflame|evasion|1
|-sideend|p2: Satanel7|Stealth Rock|[from] move: Defog|[of] p2a: Scizor
|
|upkeep
|turn|24
|inactive|Satanel7 has 120 seconds left.
|
|t:|1758953188
|switch|p2a: Moltres|Moltres|95/100
|move|p1a: Talonflame|Will-O-Wisp|p2a: Moltres
|-immune|p2a: Moltres
|
|upkeep
|turn|25
|inactive|Satanel7 has 120 seconds left.
|
|t:|1758953200
|switch|p1a: Slowking|Slowking, M|100/100
|move|p2a: Moltres|U-turn|p1a: Slowking
|-supereffective|p1a: Slowking
|-damage|p1a: Slowking|77/100
|inactive|Satanel7 has 120 seconds left.
|
|t:|1758953212
|switch|p2a: Dragonite|Dragonite, M|100/100|[from] U-turn
|
|upkeep
|turn|26
|inactive|Satanel7 has 120 seconds left.
|
|t:|1758953235
|-terastallize|p2a: Dragonite|Normal
|move|p2a: Dragonite|Dragon Dance|p2a: Dragonite
|-boost|p2a: Dragonite|atk|1
|-boost|p2a: Dragonite|spe|1
|move|p1a: Slowking|Future Sight|p2a: Dragonite
|-start|p1a: Slowking|move: Future Sight
|
|upkeep
|turn|27
|
|t:|1758953248
|switch|p1a: Talonflame|Talonflame, F|88/100
|move|p2a: Dragonite|Earthquake|p1a: Talonflame
|-immune|p1a: Talonflame
|
|upkeep
|turn|28
|inactive|Satanel7 has 120 seconds left.
|
|t:|1758953267
|move|p2a: Dragonite|Extreme Speed|p1a: Talonflame
|-damage|p1a: Talonflame|12/100
|move|p1a: Talonflame|Brave Bird|p2a: Dragonite
|-damage|p2a: Dragonite|80/100
|-damage|p1a: Talonflame|6/100|[from] Recoil
|
|-end|p2a: Dragonite|move: Future Sight
|-damage|p2a: Dragonite|33/100
|upkeep
|turn|29
|inactive|Satanel7 has 120 seconds left.
|
|t:|1758953286
|move|p2a: Dragonite|Extreme Speed|p1a: Talonflame
|-damage|p1a: Talonflame|0 fnt
|-status|p2a: Dragonite|brn|[from] ability: Flame Body|[of] p1a: Talonflame
|faint|p1a: Talonflame
|
|-damage|p2a: Dragonite|27/100 brn|[from] brn
|upkeep
|
|t:|1758953294
|switch|p1a: Salamence|Salamence, F|90/100
|turn|30
|
|t:|1758953302
|move|p2a: Dragonite|Ice Spinner|p1a: Salamence
|-supereffective|p1a: Salamence
|-damage|p1a: Salamence|0 fnt
|faint|p1a: Salamence
|
|-damage|p2a: Dragonite|20/100 brn|[from] brn
|upkeep
|
|t:|1758953313
|switch|p1a: Slowking|Slowking, M|100/100
|turn|31
|
|t:|1758953330
|move|p2a: Dragonite|Earthquake|p1a: Slowking
|-damage|p1a: Slowking|73/100
|move|p1a: Slowking|Surf|p2a: Dragonite
|-damage|p2a: Dragonite|0 fnt
|faint|p2a: Dragonite
|
|upkeep
|
|t:|1758953338
|switch|p2a: Scizor|Scizor, M|88/100
|turn|32
|
|t:|1758953342
|switch|p1a: Mamoswine|Mamoswine, F|77/100
|move|p2a: Scizor|Knock Off|p1a: Mamoswine
|-damage|p1a: Mamoswine|48/100
|
|upkeep
|turn|33
|
|t:|1758953349
|-terastallize|p1a: Mamoswine|Ground
|move|p2a: Scizor|Bullet Punch|p1a: Mamoswine
|-damage|p1a: Mamoswine|6/100
|move|p1a: Mamoswine|Earthquake|p2a: Scizor
|-damage|p2a: Scizor|18/100
|-enditem|p2a: Scizor|Sitrus Berry|[eat]
|-heal|p2a: Scizor|42/100|[from] item: Sitrus Berry
|
|upkeep
|turn|34
|c|☆Satanel7|gg
|
|t:|1758953359
|move|p2a: Scizor|Bullet Punch|p1a: Mamoswine
|-damage|p1a: Mamoswine|0 fnt
|faint|p1a: Mamoswine
|
|upkeep
|
|t:|1758953364
|switch|p1a: Slowking|Slowking, M|100/100
|turn|35
|
|t:|1758953371
|move|p2a: Scizor|Knock Off|p1a: Slowking
|-supereffective|p1a: Slowking
|-damage|p1a: Slowking|36/100
|-enditem|p1a: Slowking|Heavy-Duty Boots|[from] move: Knock Off|[of] p2a: Scizor
|move|p1a: Slowking|Surf|p2a: Scizor
|-damage|p2a: Scizor|8/100
|
|upkeep
|turn|36
|
|t:|1758953379
|switch|p1a: Hoopa|Hoopa-Unbound|87/100
|move|p2a: Scizor|U-turn|p1a: Hoopa
|-supereffective|p1a: Hoopa
|-damage|p1a: Hoopa|0 fnt
|faint|p1a: Hoopa
|
|t:|1758953385
|switch|p2a: Gliscor|Gliscor, M|29/100 tox|[from] U-turn
|
|-heal|p2a: Gliscor|41/100 tox|[from] ability: Poison Heal
|upkeep
|c|☆Satanel7|its over
|
|t:|1758953391
|switch|p1a: Slowking|Slowking, M|69/100
|turn|37
|
|t:|1758953402
|move|p2a: Gliscor|U-turn|p1a: Slowking
|-supereffective|p1a: Slowking
|-damage|p1a: Slowking|44/100
|
|t:|1758953405
|switch|p2a: Alomomola|Alomomola, F|80/100|[from] U-turn
|move|p1a: Slowking|Slack Off|p1a: Slowking
|-heal|p1a: Slowking|94/100
|
|upkeep
|turn|38
|c|☆Satanel7|please
|
|t:|1758953413
|move|p2a: Alomomola|Wish|p2a: Alomomola
|move|p1a: Slowking|Surf|p2a: Alomomola
|-resisted|p2a: Alomomola
|-damage|p2a: Alomomola|63/100
|
|upkeep
|turn|39
|c|☆Satanel7|just stop
|
|t:|1758953419
|move|p2a: Alomomola|Flip Turn|p1a: Slowking
|-resisted|p1a: Slowking
|-damage|p1a: Slowking|87/100
|
|t:|1758953436
|switch|p2a: Moltres|Moltres|95/100|[from] Flip Turn
|move|p1a: Slowking|Future Sight|p2a: Moltres
|-start|p1a: Slowking|move: Future Sight
|
|-heal|p2a: Moltres|100/100|[from] move: Wish|[wisher] Alomomola
|upkeep
|turn|40
|
|t:|1758953450
|move|p2a: Moltres|U-turn|p1a: Slowking
|-supereffective|p1a: Slowking
|-damage|p1a: Slowking|61/100
|
|t:|1758953452
|switch|p2a: Alomomola|Alomomola, F|96/100|[from] U-turn
|move|p1a: Slowking|Surf|p2a: Alomomola
|-resisted|p2a: Alomomola
|-damage|p2a: Alomomola|77/100
|
|upkeep
|turn|41
|
|t:|1758953460
|move|p2a: Alomomola|Protect|p2a: Alomomola
|-singleturn|p2a: Alomomola|Protect
|move|p1a: Slowking|Slack Off|p1a: Slowking
|-heal|p1a: Slowking|100/100
|
|-end|p2a: Alomomola|move: Future Sight
|-damage|p2a: Alomomola|27/100
|upkeep
|turn|42
|
|t:|1758953469
|move|p2a: Alomomola|Wish|p2a: Alomomola
|move|p1a: Slowking|Future Sight|p2a: Alomomola
|-start|p1a: Slowking|move: Future Sight
|
|upkeep
|turn|43
|
|t:|1758953480
|move|p2a: Alomomola|Protect|p2a: Alomomola
|-singleturn|p2a: Alomomola|Protect
|-prepare|p1a: Slowking|Chilly Reception|[premajor]
|move|p1a: Slowking|Chilly Reception|p1a: Slowking
|-weather|Snowscape
|
|-weather|Snowscape|[upkeep]
|-heal|p2a: Alomomola|77/100|[from] move: Wish|[wisher] Alomomola
|upkeep
|turn|44
|
|t:|1758953494
|move|p2a: Alomomola|Protect||[still]
|-fail|p2a: Alomomola
|move|p1a: Slowking|Future Sight||[still]
|-fail|p1a: Slowking
|
|-weather|Snowscape|[upkeep]
|-end|p2a: Alomomola|move: Future Sight
|-damage|p2a: Alomomola|30/100
|upkeep
|turn|45
|
|t:|1758953505
|move|p2a: Alomomola|Wish|p2a: Alomomola
|move|p1a: Slowking|Surf|p2a: Alomomola
|-resisted|p2a: Alomomola
|-damage|p2a: Alomomola|10/100
|
|-weather|Snowscape|[upkeep]
|upkeep
|turn|46
|
|t:|1758953511
|move|p2a: Alomomola|Flip Turn|p1a: Slowking
|-resisted|p1a: Slowking
|-crit|p1a: Slowking
|-damage|p1a: Slowking|90/100
|
|t:|1758953515
|switch|p2a: Gliscor|Gliscor, M|41/100 tox|[from] Flip Turn
|move|p1a: Slowking|Surf|p2a: Gliscor
|-supereffective|p2a: Gliscor
|-damage|p2a: Gliscor|0 fnt
|faint|p2a: Gliscor
|
|-weather|Snowscape|[upkeep]
|upkeep
|
|t:|1758953535
|switch|p2a: Moltres|Moltres|100/100
|turn|47
|
|t:|1758953542
|move|p2a: Moltres|Will-O-Wisp|p1a: Slowking|[miss]
|-miss|p2a: Moltres|p1a: Slowking
|move|p1a: Slowking|Future Sight|p2a: Moltres
|-start|p1a: Slowking|move: Future Sight
|
|-weather|none
|upkeep
|turn|48
|
|t:|1758953549
|move|p2a: Moltres|Will-O-Wisp|p1a: Slowking
|-status|p1a: Slowking|brn
|move|p1a: Slowking|Surf|p2a: Moltres
|-supereffective|p2a: Moltres
|-damage|p2a: Moltres|33/100
|
|-damage|p1a: Slowking|84/100 brn|[from] brn
|upkeep
|turn|49
|
|t:|1758953558
|move|p2a: Moltres|Roost|p2a: Moltres
|-heal|p2a: Moltres|83/100
|-singleturn|p2a: Moltres|move: Roost
|move|p1a: Slowking|Slack Off|p1a: Slowking
|-heal|p1a: Slowking|100/100 brn
|
|-end|p2a: Moltres|move: Future Sight
|-damage|p2a: Moltres|40/100
|-damage|p1a: Slowking|94/100 brn|[from] brn
|upkeep
|turn|50
|
|t:|1758953573
|switch|p2a: Alomomola|Alomomola, F|44/100
|move|p1a: Slowking|Surf|p2a: Alomomola
|-resisted|p2a: Alomomola
|-damage|p2a: Alomomola|25/100
|
|-damage|p1a: Slowking|88/100 brn|[from] brn
|upkeep
|turn|51
|
|t:|1758953582
|move|p2a: Alomomola|Wish|p2a: Alomomola
|move|p1a: Slowking|Surf|p2a: Alomomola
|-resisted|p2a: Alomomola
|-damage|p2a: Alomomola|7/100
|
|-damage|p1a: Slowking|82/100 brn|[from] brn
|upkeep
|turn|52
|
|t:|1758953590
|move|p2a: Alomomola|Protect|p2a: Alomomola
|-singleturn|p2a: Alomomola|Protect
|move|p1a: Slowking|Future Sight|p2a: Alomomola
|-start|p1a: Slowking|move: Future Sight
|
|-heal|p2a: Alomomola|57/100|[from] move: Wish|[wisher] Alomomola
|-damage|p1a: Slowking|76/100 brn|[from] brn
|upkeep
|turn|53
|
|t:|1758953599
|move|p2a: Alomomola|Wish|p2a: Alomomola
|move|p1a: Slowking|Surf|p2a: Alomomola
|-resisted|p2a: Alomomola
|-damage|p2a: Alomomola|37/100
|
|-damage|p1a: Slowking|70/100 brn|[from] brn
|upkeep
|turn|54
|
|t:|1758953611
|move|p2a: Alomomola|Protect|p2a: Alomomola
|-singleturn|p2a: Alomomola|Protect
|-prepare|p1a: Slowking|Chilly Reception|[premajor]
|move|p1a: Slowking|Chilly Reception|p1a: Slowking
|-weather|Snowscape
|
|-weather|Snowscape|[upkeep]
|-end|p2a: Alomomola|move: Future Sight
|-damage|p2a: Alomomola|0 fnt
|faint|p2a: Alomomola
|-damage|p1a: Slowking|64/100 brn|[from] brn
|upkeep
|
|t:|1758953621
|switch|p2a: Scizor|Scizor, M|8/100
|turn|55
|
|t:|1758953628
|move|p2a: Scizor|U-turn|p1a: Slowking
|-supereffective|p1a: Slowking
|-damage|p1a: Slowking|0 fnt
|faint|p1a: Slowking
|
|win|Satanel7
|raw|I am Patrat's rating: 1233 &rarr; <strong>1210</strong><br />(-23 for losing)
|raw|Satanel7's rating: 1256 &rarr; <strong>1279</strong><br />(+23 for winning)
|c|☆Satanel7|geez
|c|☆I am Patrat|Gg
|c|☆Satanel7|gg...
|c|☆Satanel7|you did good
|c|☆Satanel7|im impressed honestly.
|c|☆I am Patrat|Thanks
|c|☆Satanel7|good luck
|l|☆I am Patrat
|player|p1|
|l|☆Satanel7
|player|p2|
