|j|☆Kappibara
|j|☆ravi007rs
|t:|1759063881
|gametype|singles
|player|p1|Kappibara|265|1349
|player|p2|ravi007rs|cynthia|1311
|gen|9
|tier|[Gen 9] OU
|rated|
|rule|HP Percentage Mod: HP is shown in percentages
|rule|Endless Battle Clause: Forcing endless battles is banned
|rule|Species Clause: Limit one of each Pokémon
|rule|OHKO Clause: OHKO moves are banned
|rule|Evasion Items Clause: Evasion items are banned
|rule|Evasion Moves Clause: Evasion moves are banned
|rule|Evasion Abilities Clause: Evasion abilities are banned
|rule|Sleep Moves Clause: Sleep-inducing moves are banned
|clearpoke
|poke|p1|Zamazenta-*|
|poke|p1|Iron Valiant|
|poke|p1|Clodsire, M|
|poke|p1|Iron Treads|
|poke|p1|Dragapult, F|
|poke|p1|Kingambit, M|
|poke|p2|Kingambit, F|
|poke|p2|Darkrai|
|poke|p2|Mandibuzz, F|
|poke|p2|Raging Bolt|
|poke|p2|Iron Valiant|
|poke|p2|Quaquaval, M|
|teampreview
|inactive|Battle timer is ON: inactive players will automatically lose when time's up. (requested by ravi007rs)
|
|t:|1759063903
|teamsize|p1|6
|teamsize|p2|6
|start
|switch|p1a: SpdCtrl|Dragapult, F, shiny|100/100
|switch|p2a: let him cook|Darkrai, shiny|100/100
|turn|1
|
|t:|1759063917
|move|p2a: let him cook|Dark Pulse|p1a: SpdCtrl
|-supereffective|p1a: SpdCtrl
|-damage|p1a: SpdCtrl|0 fnt
|faint|p1a: SpdCtrl
|
|upkeep
|
|t:|1759063924
|switch|p1a: KingambitNemesis|Zamazenta, shiny|100/100
|-ability|p1a: KingambitNemesis|Dauntless Shield|boost
|-boost|p1a: KingambitNemesis|def|1
|turn|2
|
|t:|1759063938
|switch|p2a: ur prince|Iron Valiant|100/100
|-enditem|p2a: ur prince|Booster Energy
|-activate|p2a: ur prince|ability: Quark Drive|[fromitem]
|-start|p2a: ur prince|quarkdrivespe
|move|p1a: KingambitNemesis|Body Press|p2a: ur prince
|-resisted|p2a: ur prince
|-damage|p2a: ur prince|59/100
|
|upkeep
|turn|3
|
|t:|1759063946
|-terastallize|p1a: KingambitNemesis|Steel
|move|p2a: ur prince|Moonblast|p1a: KingambitNemesis
|-resisted|p1a: KingambitNemesis
|-damage|p1a: KingambitNemesis|81/100
|-unboost|p1a: KingambitNemesis|spa|1
|move|p1a: KingambitNemesis|Heavy Slam|p2a: ur prince
|-supereffective|p2a: ur prince
|-damage|p2a: ur prince|0 fnt
|faint|p2a: ur prince
|-end|p2a: ur prince|Quark Drive|[silent]
|
|-heal|p1a: KingambitNemesis|87/100|[from] item: Leftovers
|upkeep
|
|t:|1759063950
|switch|p2a: Quaquaval|Quaquaval, M|100/100
|turn|4
|
|t:|1759063961
|move|p1a: KingambitNemesis|Body Press|p2a: Quaquaval
|-damage|p2a: Quaquaval|15/100
|move|p2a: Quaquaval|Aqua Step|p1a: KingambitNemesis
|-damage|p1a: KingambitNemesis|69/100
|-boost|p2a: Quaquaval|spe|1
|
|-heal|p1a: KingambitNemesis|75/100|[from] item: Leftovers
|upkeep
|turn|5
|
|t:|1759063969
|move|p2a: Quaquaval|Close Combat|p1a: KingambitNemesis
|-supereffective|p1a: KingambitNemesis
|-damage|p1a: KingambitNemesis|28/100
|-unboost|p2a: Quaquaval|def|1
|-unboost|p2a: Quaquaval|spd|1
|move|p1a: KingambitNemesis|Body Press|p2a: Quaquaval
|-damage|p2a: Quaquaval|0 fnt
|faint|p2a: Quaquaval
|
|-heal|p1a: KingambitNemesis|34/100|[from] item: Leftovers
|upkeep
|
|t:|1759063980
|switch|p2a: can't kill?|Mandibuzz, F, shiny|100/100
|turn|6
|
|t:|1759063982
|move|p1a: KingambitNemesis|Body Press|p2a: can't kill?
|-damage|p2a: can't kill?|63/100
|move|p2a: can't kill?|Foul Play|p1a: KingambitNemesis
|-damage|p1a: KingambitNemesis|19/100
|
|-heal|p1a: KingambitNemesis|25/100|[from] item: Leftovers
|-heal|p2a: can't kill?|69/100|[from] item: Leftovers
|upkeep
|turn|7
|
|t:|1759063989
|move|p1a: KingambitNemesis|Body Press|p2a: can't kill?
|-damage|p2a: can't kill?|35/100
|move|p2a: can't kill?|Foul Play|p1a: KingambitNemesis
|-damage|p1a: KingambitNemesis|9/100
|
|-heal|p1a: KingambitNemesis|15/100|[from] item: Leftovers
|-heal|p2a: can't kill?|41/100|[from] item: Leftovers
|upkeep
|turn|8
|
|t:|1759063997
|move|p1a: KingambitNemesis|Body Press|p2a: can't kill?
|-damage|p2a: can't kill?|4/100
|move|p2a: can't kill?|Foul Play|p1a: KingambitNemesis
|-damage|p1a: KingambitNemesis|0 fnt
|faint|p1a: KingambitNemesis
|
|-heal|p2a: can't kill?|10/100|[from] item: Leftovers
|upkeep
|
|t:|1759064009
|switch|p1a: Val|Iron Valiant, shiny|100/100
|-enditem|p1a: Val|Booster Energy
|-activate|p1a: Val|ability: Quark Drive|[fromitem]
|-start|p1a: Val|quarkdrivespe
|turn|9
|
|t:|1759064017
|move|p1a: Val|Shadow Ball|p2a: can't kill?
|-resisted|p2a: can't kill?
|-damage|p2a: can't kill?|0 fnt
|faint|p2a: can't kill?
|
|upkeep
|
|t:|1759064021
|switch|p2a: let him cook|Darkrai, shiny|100/100
|turn|10
|
|t:|1759064025
|-terastallize|p2a: let him cook|Poison
|move|p1a: Val|Moonblast|p2a: let him cook
|-resisted|p2a: let him cook
|-damage|p2a: let him cook|71/100
|move|p2a: let him cook|Sludge Bomb|p1a: Val
|-supereffective|p1a: Val
|-damage|p1a: Val|0 fnt
|faint|p1a: Val
|-end|p1a: Val|Quark Drive|[silent]
|
|upkeep
|
|t:|1759064033
|switch|p1a: Dumbo|Clodsire, M|100/100
|turn|11
|
|t:|1759064060
|move|p2a: let him cook|Ice Beam|p1a: Dumbo
|-supereffective|p1a: Dumbo
|-damage|p1a: Dumbo|61/100
|move|p1a: Dumbo|Earthquake|p2a: let him cook
|-supereffective|p2a: let him cook
|-damage|p2a: let him cook|2/100
|
|-heal|p1a: Dumbo|68/100|[from] item: Black Sludge
|upkeep
|turn|12
|
|t:|1759064068
|move|p2a: let him cook|Ice Beam|p1a: Dumbo
|-supereffective|p1a: Dumbo
|-damage|p1a: Dumbo|28/100
|move|p1a: Dumbo|Earthquake|p2a: let him cook
|-supereffective|p2a: let him cook
|-damage|p2a: let him cook|0 fnt
|faint|p2a: let him cook
|
|-heal|p1a: Dumbo|34/100|[from] item: Black Sludge
|upkeep
|
|t:|1759064072
|switch|p2a: cooler girafarig|Raging Bolt|100/100
|turn|13
|
|t:|1759064078
|move|p2a: cooler girafarig|Draco Meteor|p1a: Dumbo
|-damage|p1a: Dumbo|0 fnt
|-unboost|p2a: cooler girafarig|spa|2
|faint|p1a: Dumbo
|
|upkeep
|
|t:|1759064083
|switch|p1a: John|Iron Treads|100/100
|turn|14
|
|t:|1759064095
|-end|p2a: cooler girafarig|Protosynthesis|[silent]
|switch|p2a: nah i'd win|Kingambit, F, shiny|100/100
|-activate|p2a: nah i'd win|ability: Supreme Overlord
|-start|p2a: nah i'd win|fallen4|[silent]
|move|p1a: John|Earthquake|p2a: nah i'd win
|-supereffective|p2a: nah i'd win
|-crit|p2a: nah i'd win
|-damage|p2a: nah i'd win|12/100
|
|upkeep
|turn|15
|
|t:|1759064101
|move|p2a: nah i'd win|Sucker Punch|p1a: John
|-damage|p1a: John|67/100
|move|p1a: John|Earthquake|p2a: nah i'd win
|-supereffective|p2a: nah i'd win
|-damage|p2a: nah i'd win|0 fnt
|faint|p2a: nah i'd win
|-end|p2a: nah i'd win|fallen4|[silent]
|
|-heal|p1a: John|73/100|[from] item: Leftovers
|upkeep
|
|t:|1759064118
|switch|p2a: cooler girafarig|Raging Bolt|100/100
|turn|16
|
|t:|1759064121
|move|p1a: John|Earthquake|p2a: cooler girafarig
|-supereffective|p2a: cooler girafarig
|-damage|p2a: cooler girafarig|42/100
|move|p2a: cooler girafarig|Tera Blast|p1a: John
|-resisted|p1a: John
|-damage|p1a: John|54/100
|
|-heal|p1a: John|60/100|[from] item: Leftovers
|-heal|p2a: cooler girafarig|49/100|[from] item: Leftovers
|upkeep
|turn|17
|
|t:|1759064129
|move|p1a: John|Earthquake|p2a: cooler girafarig
|-supereffective|p2a: cooler girafarig
|-damage|p2a: cooler girafarig|0 fnt
|faint|p2a: cooler girafarig
|-end|p2a: cooler girafarig|Protosynthesis|[silent]
|
|win|Kappibara
|raw|Kappibara's rating: 1349 &rarr; <strong>1367</strong><br />(+18 for winning)
|raw|ravi007rs's rating: 1311 &rarr; <strong>1293</strong><br />(-18 for losing)
