|j|☆BabyGronkel
|j|☆JumboDorito
|t:|1759028924
|gametype|singles
|player|p1|BabyGronkel|juan|
|player|p2|JumboDorito|170|
|gen|9
|tier|[Gen 9] OU
|rule|HP Percentage Mod: HP is shown in percentages
|rule|Endless Battle Clause: Forcing endless battles is banned
|rule|Species Clause: Limit one of each Pokémon
|rule|OHKO Clause: OHKO moves are banned
|rule|Evasion Items Clause: Evasion items are banned
|rule|Evasion Moves Clause: Evasion moves are banned
|rule|Evasion Abilities Clause: Evasion abilities are banned
|rule|Sleep Moves Clause: Sleep-inducing moves are banned
|clearpoke
|poke|p1|Iron Crown|
|poke|p1|Spidops, M|
|poke|p1|Okidogi, M|
|poke|p1|Zamazenta-*|
|poke|p1|Iron Thorns|
|poke|p1|Decidueye, M|
|poke|p2|Medicham, M|
|poke|p2|Camerupt, F|
|poke|p2|Chimecho, F|
|poke|p2|Slaking, F|
|poke|p2|Toxapex, F|
|poke|p2|Qwilfish, M|
|teampreview
|
|t:|1759028949
|teamsize|p1|6
|teamsize|p2|6
|start
|switch|p1a: Black Widow|Spidops, M|100/100
|switch|p2a: Camerupt|Camerupt, F|100/100
|turn|1
|
|t:|1759028964
|move|p2a: Camerupt|Stealth Rock|p1a: Black Widow
|-sidestart|p1: BabyGronkel|move: Stealth Rock
|move|p1a: Black Widow|Sticky Web|p2a: Camerupt
|-sidestart|p2: JumboDorito|move: Sticky Web
|
|upkeep
|turn|2
|
|t:|1759028976
|move|p2a: Camerupt|Heat Crash|p1a: Black Widow
|-supereffective|p1a: Black Widow
|-damage|p1a: Black Widow|11/100
|move|p1a: Black Widow|Spikes|p2a: Camerupt
|-sidestart|p2: JumboDorito|Spikes
|
|upkeep
|turn|3
|
|t:|1759028994
|move|p2a: Camerupt|Earthquake|p1a: Black Widow
|-resisted|p1a: Black Widow
|-damage|p1a: Black Widow|0 fnt
|faint|p1a: Black Widow
|
|upkeep
|
|t:|1759029017
|switch|p1a: Hulk|Okidogi, M|100/100
|-damage|p1a: Hulk|94/100|[from] Stealth Rock
|turn|4
|
|t:|1759029048
|move|p1a: Hulk|Bulk Up|p1a: Hulk
|-boost|p1a: Hulk|atk|1
|-boost|p1a: Hulk|def|1
|move|p2a: Camerupt|Earthquake|p1a: Hulk
|-supereffective|p1a: Hulk
|-damage|p1a: Hulk|45/100
|
|-heal|p1a: Hulk|51/100|[from] item: Leftovers
|upkeep
|turn|5
|
|t:|1759029067
|move|p1a: Hulk|Drain Punch|p2a: Camerupt
|-damage|p2a: Camerupt|18/100
|-heal|p1a: Hulk|88/100|[from] drain|[of] p2a: Camerupt
|-status|p2a: Camerupt|tox|[from] ability: Toxic Chain|[of] p1a: Hulk
|-enditem|p2a: Camerupt|Wiki Berry|[eat]
|-heal|p2a: Camerupt|51/100 tox|[from] item: Wiki Berry
|-start|p2a: Camerupt|confusion
|-activate|p2a: Camerupt|confusion
|move|p2a: Camerupt|Earthquake|p1a: Hulk
|-supereffective|p1a: Hulk
|-damage|p1a: Hulk|39/100
|
|-heal|p1a: Hulk|45/100|[from] item: Leftovers
|-damage|p2a: Camerupt|45/100 tox|[from] psn
|upkeep
|turn|6
|
|t:|1759029083
|move|p1a: Hulk|Drain Punch|p2a: Camerupt
|-damage|p2a: Camerupt|0 fnt
|-heal|p1a: Hulk|65/100|[from] drain|[of] p2a: Camerupt
|faint|p2a: Camerupt
|
|-heal|p1a: Hulk|71/100|[from] item: Leftovers
|upkeep
|
|t:|1759029091
|switch|p2a: Chimecho|Chimecho, F|100/100
|turn|7
|
|t:|1759029109
|move|p1a: Hulk|Gunk Shot|p2a: Chimecho
|-damage|p2a: Chimecho|14/100
|move|p2a: Chimecho|Psychic|p1a: Hulk
|-supereffective|p1a: Hulk
|-damage|p1a: Hulk|0 fnt
|faint|p1a: Hulk
|
|-heal|p2a: Chimecho|20/100|[from] item: Leftovers
|upkeep
|l|☆BabyGronkel
|player|p1|
|j|☆BabyGronkel
|player|p1|BabyGronkel|juan|
|
|t:|1759029178
|switch|p1a: Hawkeye|Decidueye, M|100/100
|-damage|p1a: Hawkeye|88/100|[from] Stealth Rock
|turn|8
|
|t:|1759029184
|move|p1a: Hawkeye|Spirit Shackle|p2a: Chimecho
|-supereffective|p2a: Chimecho
|-damage|p2a: Chimecho|0 fnt
|faint|p2a: Chimecho
|
|upkeep
|
|t:|1759029205
|switch|p2a: Qwilfish|Qwilfish, M|100/100
|-activate|p2a: Qwilfish|move: Sticky Web
|-unboost|p2a: Qwilfish|spe|1
|-damage|p2a: Qwilfish|88/100|[from] Spikes
|turn|9
|
|t:|1759029214
|move|p2a: Qwilfish|Poison Jab|p1a: Hawkeye
|-damage|p1a: Hawkeye|45/100
|-status|p1a: Hawkeye|psn
|move|p1a: Hawkeye|Swords Dance|p1a: Hawkeye
|-boost|p1a: Hawkeye|atk|2
|
|-damage|p1a: Hawkeye|32/100 psn|[from] psn
|upkeep
|turn|10
|
|t:|1759029223
|move|p1a: Hawkeye|Sucker Punch|p2a: Qwilfish
|-damage|p2a: Qwilfish|12/100
|move|p2a: Qwilfish|Poison Jab|p1a: Hawkeye
|-damage|p1a: Hawkeye|0 fnt
|faint|p1a: Hawkeye
|
|upkeep
|
|t:|1759029239
|switch|p1a: Iron Man|Iron Crown|100/100
|turn|11
|
|t:|1759029246
|move|p1a: Iron Man|Volt Switch|p2a: Qwilfish
|-supereffective|p2a: Qwilfish
|-damage|p2a: Qwilfish|0 fnt
|faint|p2a: Qwilfish
|
|t:|1759029249
|-end|p1a: Iron Man|Quark Drive|[silent]
|switch|p1a: Captain America|Zamazenta|100/100|[from] Volt Switch
|-damage|p1a: Captain America|94/100|[from] Stealth Rock
|-ability|p1a: Captain America|Dauntless Shield|boost
|-boost|p1a: Captain America|def|1
|
|upkeep
|
|t:|1759029257
|switch|p2a: Toxapex|Toxapex, F|100/100
|-activate|p2a: Toxapex|move: Sticky Web
|-unboost|p2a: Toxapex|spe|1
|-damage|p2a: Toxapex|88/100|[from] Spikes
|turn|12
|
|t:|1759029279
|switch|p1a: Iron Man|Iron Crown|100/100
|move|p2a: Toxapex|Surf|p1a: Iron Man
|-damage|p1a: Iron Man|81/100
|
|-heal|p2a: Toxapex|94/100|[from] item: Black Sludge
|upkeep
|turn|13
|
|t:|1759029291
|switch|p2a: Slaking|Slaking, F|100/100
|-activate|p2a: Slaking|move: Sticky Web
|-unboost|p2a: Slaking|spe|1
|-damage|p2a: Slaking|88/100|[from] Spikes
|move|p1a: Iron Man|Calm Mind|p1a: Iron Man
|-boost|p1a: Iron Man|spa|1
|-boost|p1a: Iron Man|spd|1
|
|upkeep
|turn|14
|
|t:|1759029322
|move|p1a: Iron Man|Volt Switch|p2a: Slaking
|-damage|p2a: Slaking|62/100
|
|t:|1759029324
|-end|p1a: Iron Man|Quark Drive|[silent]
|switch|p1a: Captain America|Zamazenta|94/100|[from] Volt Switch
|-damage|p1a: Captain America|88/100|[from] Stealth Rock
|move|p2a: Slaking|Earthquake|p1a: Captain America
|-damage|p1a: Captain America|57/100
|
|upkeep
|turn|15
|
|t:|1759029333
|switch|p2a: Toxapex|Toxapex, F|100/100
|-activate|p2a: Toxapex|move: Sticky Web
|-unboost|p2a: Toxapex|spe|1
|-damage|p2a: Toxapex|88/100|[from] Spikes
|move|p1a: Captain America|Body Press|p2a: Toxapex
|-resisted|p2a: Toxapex
|-damage|p2a: Toxapex|78/100
|
|-heal|p2a: Toxapex|85/100|[from] item: Black Sludge
|upkeep
|turn|16
|
|t:|1759029345
|move|p1a: Captain America|Protect|p1a: Captain America
|-singleturn|p1a: Captain America|Protect
|move|p2a: Toxapex|Surf|p1a: Captain America
|-activate|p1a: Captain America|move: Protect
|
|-heal|p2a: Toxapex|91/100|[from] item: Black Sludge
|upkeep
|turn|17
|
|t:|1759029354
|move|p1a: Captain America|Body Press|p2a: Toxapex
|-resisted|p2a: Toxapex
|-damage|p2a: Toxapex|80/100
|move|p2a: Toxapex|Surf|p1a: Captain America
|-damage|p1a: Captain America|43/100
|
|-heal|p2a: Toxapex|86/100|[from] item: Black Sludge
|upkeep
|turn|18
|
|t:|1759029360
|switch|p1a: Thor|Iron Thorns|100/100
|-damage|p1a: Thor|88/100|[from] Stealth Rock
|move|p2a: Toxapex|Surf|p1a: Thor
|-supereffective|p1a: Thor
|-damage|p1a: Thor|42/100
|
|-heal|p2a: Toxapex|93/100|[from] item: Black Sludge
|upkeep
|turn|19
|
|t:|1759029372
|switch|p2a: Slaking|Slaking, F|62/100
|-activate|p2a: Slaking|move: Sticky Web
|-unboost|p2a: Slaking|spe|1
|-damage|p2a: Slaking|50/100|[from] Spikes
|move|p1a: Thor|Thunder Punch|p2a: Slaking
|-damage|p2a: Slaking|15/100
|-status|p2a: Slaking|par
|
|upkeep
|turn|20
|
|t:|1759029383
|move|p1a: Thor|Thunder Punch|p2a: Slaking
|-damage|p2a: Slaking|0 fnt
|faint|p2a: Slaking
|
|upkeep
|
|t:|1759029385
|switch|p2a: Medicham|Medicham, M|100/100
|-activate|p2a: Medicham|move: Sticky Web
|-unboost|p2a: Medicham|spe|1
|-damage|p2a: Medicham|88/100|[from] Spikes
|turn|21
|
|t:|1759029396
|move|p1a: Thor|Thunder Punch|p2a: Medicham
|-crit|p2a: Medicham
|-damage|p2a: Medicham|0 fnt
|faint|p2a: Medicham
|
|upkeep
|
|t:|1759029400
|switch|p2a: Toxapex|Toxapex, F|100/100
|-activate|p2a: Toxapex|move: Sticky Web
|-unboost|p2a: Toxapex|spe|1
|-damage|p2a: Toxapex|88/100|[from] Spikes
|turn|22
|
|t:|1759029412
|move|p2a: Toxapex|Baneful Bunker|p2a: Toxapex
|-singleturn|p2a: Toxapex|move: Protect
|move|p1a: Thor|Thunder Punch|p2a: Toxapex
|-activate|p2a: Toxapex|move: Protect
|-status|p1a: Thor|psn
|
|-heal|p2a: Toxapex|94/100|[from] item: Black Sludge
|-damage|p1a: Thor|30/100 psn|[from] psn
|upkeep
|turn|23
|
|t:|1759029417
|move|p1a: Thor|Thunder Punch|p2a: Toxapex
|-supereffective|p2a: Toxapex
|-damage|p2a: Toxapex|33/100
|move|p2a: Toxapex|Recover|p2a: Toxapex
|-heal|p2a: Toxapex|83/100
|
|-heal|p2a: Toxapex|89/100|[from] item: Black Sludge
|-damage|p1a: Thor|17/100 psn|[from] psn
|upkeep
|turn|24
|
|t:|1759029430
|move|p2a: Toxapex|Baneful Bunker|p2a: Toxapex
|-singleturn|p2a: Toxapex|move: Protect
|move|p1a: Thor|Dragon Dance|p1a: Thor
|-boost|p1a: Thor|atk|1
|-boost|p1a: Thor|spe|1
|
|-heal|p2a: Toxapex|96/100|[from] item: Black Sludge
|-damage|p1a: Thor|5/100 psn|[from] psn
|upkeep
|turn|25
|
|t:|1759029433
|move|p1a: Thor|Thunder Punch|p2a: Toxapex
|-supereffective|p2a: Toxapex
|-damage|p2a: Toxapex|14/100
|move|p2a: Toxapex|Recover|p2a: Toxapex
|-heal|p2a: Toxapex|64/100
|
|-heal|p2a: Toxapex|70/100|[from] item: Black Sludge
|-damage|p1a: Thor|0 fnt|[from] psn
|faint|p1a: Thor
|-end|p1a: Thor|Quark Drive|[silent]
|upkeep
|
|t:|1759029437
|switch|p1a: Iron Man|Iron Crown|81/100
|turn|26
|
|t:|1759029441
|move|p1a: Iron Man|Calm Mind|p1a: Iron Man
|-boost|p1a: Iron Man|spa|1
|-boost|p1a: Iron Man|spd|1
|move|p2a: Toxapex|Surf|p1a: Iron Man
|-damage|p1a: Iron Man|68/100
|
|-heal|p2a: Toxapex|76/100|[from] item: Black Sludge
|upkeep
|turn|27
|
|t:|1759029445
|move|p1a: Iron Man|Calm Mind|p1a: Iron Man
|-boost|p1a: Iron Man|spa|1
|-boost|p1a: Iron Man|spd|1
|move|p2a: Toxapex|Surf|p1a: Iron Man
|-damage|p1a: Iron Man|58/100
|
|-heal|p2a: Toxapex|83/100|[from] item: Black Sludge
|upkeep
|turn|28
|
|t:|1759029448
|move|p1a: Iron Man|Stored Power|p2a: Toxapex
|-supereffective|p2a: Toxapex
|-damage|p2a: Toxapex|0 fnt
|faint|p2a: Toxapex
|
|win|BabyGronkel
|l|☆BabyGronkel
|player|p1|
