|j|☆LikeEmerald
|j|☆zeucros12
|t:|1759061473
|gametype|singles
|player|p1|LikeEmerald|265|1100
|player|p2|zeucros12|266|1141
|gen|9
|tier|[Gen 9] OU
|rated|
|rule|HP Percentage Mod: HP is shown in percentages
|rule|Endless Battle Clause: Forcing endless battles is banned
|rule|Species Clause: Limit one of each Pokémon
|rule|OHKO Clause: OHKO moves are banned
|rule|Evasion Items Clause: Evasion items are banned
|rule|Evasion Moves Clause: Evasion moves are banned
|rule|Evasion Abilities Clause: Evasion abilities are banned
|rule|Sleep Moves Clause: Sleep-inducing moves are banned
|clearpoke
|poke|p1|Hypno, F|
|poke|p1|Ariados, M|
|poke|p1|Iron Moth|
|poke|p1|Samurott-Hisui, F|
|poke|p1|Mandibuzz, F|
|poke|p1|Golurk|
|poke|p2|Arcanine, F|
|poke|p2|Goodra-Hisui, F|
|poke|p2|Sylveon, M|
|poke|p2|Blastoise, M|
|poke|p2|Dragonite, M|
|poke|p2|Scrafty, M|
|teampreview
|inactive|Battle timer is ON: inactive players will automatically lose when time's up. (requested by zeucros12)
|
|t:|1759061484
|teamsize|p1|6
|teamsize|p2|6
|start
|switch|p1a: Ariados|Ariados, M|100/100
|switch|p2a: Scrafty|Scrafty, M|100/100
|-ability|p2a: Scrafty|Intimidate|boost
|-unboost|p1a: Ariados|atk|1
|turn|1
|
|t:|1759061492
|move|p2a: Scrafty|Knock Off|p1a: Ariados
|-damage|p1a: Ariados|47/100
|-enditem|p1a: Ariados|Focus Sash|[from] move: Knock Off|[of] p2a: Scrafty
|move|p1a: Ariados|Toxic|p2a: Scrafty
|-status|p2a: Scrafty|tox
|
|-damage|p2a: Scrafty|95/100 tox|[from] psn
|upkeep
|turn|2
|
|t:|1759061502
|move|p2a: Scrafty|Drain Punch|p1a: Ariados
|-resisted|p1a: Ariados
|-damage|p1a: Ariados|36/100
|-heal|p2a: Scrafty|99/100 tox|[from] drain|[of] p1a: Ariados
|move|p1a: Ariados|Sticky Web|p2a: Scrafty
|-sidestart|p2: zeucros12|move: Sticky Web
|
|-damage|p2a: Scrafty|88/100 tox|[from] psn
|upkeep
|turn|3
|
|t:|1759061512
|move|p2a: Scrafty|Knock Off|p1a: Ariados
|-damage|p1a: Ariados|0 fnt
|faint|p1a: Ariados
|
|-damage|p2a: Scrafty|70/100 tox|[from] psn
|upkeep
|
|t:|1759061527
|switch|p1a: Samurott|Samurott-Hisui, F|100/100
|turn|4
|
|t:|1759061532
|move|p1a: Samurott|Sacred Sword|p2a: Scrafty
|-supereffective|p2a: Scrafty
|-damage|p2a: Scrafty|0 fnt
|faint|p2a: Scrafty
|
|upkeep
|
|t:|1759061542
|switch|p2a: Sylveon|Sylveon, M, shiny|100/100
|-activate|p2a: Sylveon|move: Sticky Web
|-unboost|p2a: Sylveon|spe|1
|turn|5
|
|t:|1759061547
|move|p1a: Samurott|Flip Turn|p2a: Sylveon
|-damage|p2a: Sylveon|78/100
|
|t:|1759061553
|switch|p1a: Iron Moth|Iron Moth|100/100|[from] Flip Turn
|-item|p1a: Iron Moth|Air Balloon
|move|p2a: Sylveon|Moonblast|p1a: Iron Moth
|-resisted|p1a: Iron Moth
|-damage|p1a: Iron Moth|91/100
|-enditem|p1a: Iron Moth|Air Balloon
|
|-heal|p2a: Sylveon|84/100|[from] item: Leftovers
|upkeep
|turn|6
|
|t:|1759061564
|switch|p2a: Goodra|Goodra-Hisui, F, shiny|100/100
|-activate|p2a: Goodra|move: Sticky Web
|-unboost|p2a: Goodra|spe|1
|move|p1a: Iron Moth|Substitute|p1a: Iron Moth
|-start|p1a: Iron Moth|Substitute
|-damage|p1a: Iron Moth|66/100
|
|upkeep
|turn|7
|
|t:|1759061574
|move|p1a: Iron Moth|Fiery Dance|p2a: Goodra
|-damage|p2a: Goodra|74/100
|move|p2a: Goodra|Earthquake|p1a: Iron Moth
|-supereffective|p1a: Iron Moth
|-end|p1a: Iron Moth|Substitute
|
|-heal|p2a: Goodra|80/100|[from] item: Leftovers
|upkeep
|turn|8
|
|t:|1759061583
|-end|p1a: Iron Moth|Quark Drive|[silent]
|switch|p1a: Mandibuzz|Mandibuzz, F|100/100
|move|p2a: Goodra|Earthquake|p1a: Mandibuzz
|-immune|p1a: Mandibuzz
|
|-heal|p2a: Goodra|86/100|[from] item: Leftovers
|upkeep
|turn|9
|
|t:|1759061592
|move|p1a: Mandibuzz|Knock Off|p2a: Goodra
|-damage|p2a: Goodra|58/100
|-enditem|p2a: Goodra|Leftovers|[from] move: Knock Off|[of] p1a: Mandibuzz
|move|p2a: Goodra|Knock Off|p1a: Mandibuzz
|-resisted|p1a: Mandibuzz
|-damage|p1a: Mandibuzz|91/100
|-ability|p1a: Mandibuzz|Weak Armor|boost
|-unboost|p1a: Mandibuzz|def|1
|-boost|p1a: Mandibuzz|spe|2
|-enditem|p1a: Mandibuzz|Weakness Policy|[from] move: Knock Off|[of] p2a: Goodra
|
|upkeep
|turn|10
|
|t:|1759061608
|move|p1a: Mandibuzz|Bone Rush|p2a: Goodra
|-supereffective|p2a: Goodra
|-damage|p2a: Goodra|49/100
|-supereffective|p2a: Goodra
|-damage|p2a: Goodra|39/100
|-supereffective|p2a: Goodra
|-damage|p2a: Goodra|30/100
|-supereffective|p2a: Goodra
|-damage|p2a: Goodra|21/100
|-hitcount|p2a: Goodra|4
|move|p2a: Goodra|Dragon Tail|p1a: Mandibuzz
|-damage|p1a: Mandibuzz|67/100
|-ability|p1a: Mandibuzz|Weak Armor|boost
|-unboost|p1a: Mandibuzz|def|1
|-boost|p1a: Mandibuzz|spe|2
|drag|p1a: Iron Moth|Iron Moth|66/100
|
|upkeep
|turn|11
|
|t:|1759061622
|move|p1a: Iron Moth|Fiery Dance|p2a: Goodra
|-damage|p2a: Goodra|0 fnt
|faint|p2a: Goodra
|
|upkeep
|
|t:|1759061628
|switch|p2a: Blastoise|Blastoise, M|100/100
|-activate|p2a: Blastoise|move: Sticky Web
|-unboost|p2a: Blastoise|spe|1
|turn|12
|
|t:|1759061641
|move|p1a: Iron Moth|Substitute|p1a: Iron Moth
|-start|p1a: Iron Moth|Substitute
|-damage|p1a: Iron Moth|41/100
|move|p2a: Blastoise|Surf|p1a: Iron Moth
|-supereffective|p1a: Iron Moth
|-end|p1a: Iron Moth|Substitute
|
|upkeep
|turn|13
|
|t:|1759061648
|move|p1a: Iron Moth|Energy Ball|p2a: Blastoise
|-supereffective|p2a: Blastoise
|-crit|p2a: Blastoise
|-damage|p2a: Blastoise|44/100
|move|p2a: Blastoise|Surf|p1a: Iron Moth
|-supereffective|p1a: Iron Moth
|-damage|p1a: Iron Moth|0 fnt
|faint|p1a: Iron Moth
|-end|p1a: Iron Moth|Quark Drive|[silent]
|
|upkeep
|
|t:|1759061652
|switch|p1a: Hypno|Hypno, F|100/100
|turn|14
|
|t:|1759061659
|move|p1a: Hypno|Trailblaze|p2a: Blastoise
|-supereffective|p2a: Blastoise
|-damage|p2a: Blastoise|31/100
|-boost|p1a: Hypno|spe|1
|move|p2a: Blastoise|Rapid Spin|p1a: Hypno
|-damage|p1a: Hypno|88/100
|-boost|p2a: Blastoise|spe|1
|-sideend|p2: zeucros12|Sticky Web|[from] move: Rapid Spin|[of] p2a: Blastoise
|
|upkeep
|turn|15
|
|t:|1759061669
|move|p1a: Hypno|Nasty Plot|p1a: Hypno
|-boost|p1a: Hypno|spa|2
|move|p2a: Blastoise|Dark Pulse|p1a: Hypno
|-supereffective|p1a: Hypno
|-damage|p1a: Hypno|53/100
|
|upkeep
|turn|16
|
|t:|1759061679
|move|p1a: Hypno|Psychic Noise|p2a: Blastoise
|-damage|p2a: Blastoise|0 fnt
|faint|p2a: Blastoise
|
|upkeep
|
|t:|1759061687
|switch|p2a: Dragonite|Dragonite, M, shiny|100/100
|turn|17
|
|t:|1759061690
|move|p1a: Hypno|Dazzling Gleam|p2a: Dragonite
|-supereffective|p2a: Dragonite
|-damage|p2a: Dragonite|69/100
|move|p2a: Dragonite|Dragon Claw|p1a: Hypno
|-damage|p1a: Hypno|0 fnt
|faint|p1a: Hypno
|
|-heal|p2a: Dragonite|75/100|[from] item: Leftovers
|upkeep
|
|t:|1759061698
|switch|p1a: Golurk|Golurk|100/100
|turn|18
|
|t:|1759061708
|switch|p2a: Sylveon|Sylveon, M, shiny|84/100
|move|p1a: Golurk|Ice Punch|p2a: Sylveon
|-damage|p2a: Sylveon|59/100
|
|-heal|p2a: Sylveon|65/100|[from] item: Leftovers
|upkeep
|turn|19
|
|t:|1759061716
|switch|p1a: Mandibuzz|Mandibuzz, F|67/100
|move|p2a: Sylveon|Moonblast|p1a: Mandibuzz
|-supereffective|p1a: Mandibuzz
|-damage|p1a: Mandibuzz|11/100
|-unboost|p1a: Mandibuzz|spa|1
|
|-heal|p2a: Sylveon|71/100|[from] item: Leftovers
|upkeep
|turn|20
|
|t:|1759061725
|move|p1a: Mandibuzz|Knock Off|p2a: Sylveon
|-resisted|p2a: Sylveon
|-damage|p2a: Sylveon|56/100
|-enditem|p2a: Sylveon|Leftovers|[from] move: Knock Off|[of] p1a: Mandibuzz
|move|p2a: Sylveon|Moonblast|p1a: Mandibuzz
|-supereffective|p1a: Mandibuzz
|-damage|p1a: Mandibuzz|0 fnt
|faint|p1a: Mandibuzz
|
|upkeep
|
|t:|1759061738
|switch|p1a: Samurott|Samurott-Hisui, F|100/100
|turn|21
|
|t:|1759061742
|move|p1a: Samurott|Flip Turn|p2a: Sylveon
|-damage|p2a: Sylveon|32/100
|-start|p1a: Samurott|Attract|[from] ability: Cute Charm|[of] p2a: Sylveon
|
|t:|1759061745
|switch|p1a: Golurk|Golurk|100/100|[from] Flip Turn
|move|p2a: Sylveon|Moonblast|p1a: Golurk
|-damage|p1a: Golurk|57/100
|
|upkeep
|turn|22
|
|t:|1759061756
|move|p1a: Golurk|Shadow Punch|p2a: Sylveon
|-damage|p2a: Sylveon|1/100
|move|p2a: Sylveon|Wish|p2a: Sylveon
|
|upkeep
|turn|23
|
|t:|1759061762
|move|p2a: Sylveon|Protect|p2a: Sylveon
|-singleturn|p2a: Sylveon|Protect
|move|p1a: Golurk|Shadow Punch|p2a: Sylveon
|-activate|p2a: Sylveon|move: Protect
|
|-heal|p2a: Sylveon|51/100|[from] move: Wish|[wisher] Sylveon
|upkeep
|turn|24
|
|t:|1759061771
|move|p1a: Golurk|Shadow Punch|p2a: Sylveon
|-damage|p2a: Sylveon|23/100
|move|p2a: Sylveon|Moonblast|p1a: Golurk
|-damage|p1a: Golurk|13/100
|
|upkeep
|turn|25
|
|t:|1759061777
|move|p1a: Golurk|Shadow Punch|p2a: Sylveon
|-damage|p2a: Sylveon|0 fnt
|faint|p2a: Sylveon
|
|upkeep
|
|t:|1759061783
|switch|p2a: Arcanine|Arcanine, F, shiny|100/100
|-ability|p2a: Arcanine|Intimidate|boost
|-unboost|p1a: Golurk|atk|1
|turn|26
|
|t:|1759061801
|move|p1a: Golurk|Shadow Punch|p2a: Arcanine
|-damage|p2a: Arcanine|82/100
|-damage|p1a: Golurk|0 fnt|[from] item: Rocky Helmet|[of] p2a: Arcanine
|faint|p1a: Golurk
|move|p2a: Arcanine|Flamethrower|p1: Golurk|[notarget]
|-fail|p2a: Arcanine
|
|upkeep
|
|t:|1759061803
|switch|p1a: Samurott|Samurott-Hisui, F|100/100
|turn|27
|
|t:|1759061813
|-terastallize|p1a: Samurott|Water
|-terastallize|p2a: Arcanine|Water
|move|p1a: Samurott|Flip Turn|p2a: Arcanine
|-resisted|p2a: Arcanine
|-damage|p2a: Arcanine|68/100
|-damage|p1a: Samurott|84/100|[from] item: Rocky Helmet|[of] p2a: Arcanine
|move|p2a: Arcanine|Will-O-Wisp|p1a: Samurott
|-status|p1a: Samurott|brn
|
|-damage|p1a: Samurott|78/100 brn|[from] brn
|upkeep
|turn|28
|
|t:|1759061827
|move|p1a: Samurott|Ceaseless Edge|p2a: Arcanine
|-damage|p2a: Arcanine|52/100
|-damage|p1a: Samurott|61/100 brn|[from] item: Rocky Helmet|[of] p2a: Arcanine
|-sidestart|p2: zeucros12|Spikes
|move|p2a: Arcanine|Flamethrower|p1a: Samurott
|-resisted|p1a: Samurott
|-damage|p1a: Samurott|46/100 brn
|
|-damage|p1a: Samurott|40/100 brn|[from] brn
|upkeep
|turn|29
|
|t:|1759061837
|move|p1a: Samurott|Sacred Sword|p2a: Arcanine
|-damage|p2a: Arcanine|37/100
|-damage|p1a: Samurott|24/100 brn|[from] item: Rocky Helmet|[of] p2a: Arcanine
|move|p2a: Arcanine|Morning Sun|p2a: Arcanine
|-heal|p2a: Arcanine|87/100
|
|-damage|p1a: Samurott|17/100 brn|[from] brn
|upkeep
|turn|30
|-message|LikeEmerald forfeited.
|
|win|zeucros12
|raw|LikeEmerald's rating: 1100 &rarr; <strong>1078</strong><br />(-22 for losing)
|raw|zeucros12's rating: 1141 &rarr; <strong>1163</strong><br />(+22 for winning)
|l|☆LikeEmerald
|player|p1|
|l|☆zeucros12
|player|p2|
