|j|☆Shibuya Arc
|j|☆healorant
|t:|1759002214
|gametype|singles
|player|p1|Shibuya Arc|169|1831
|player|p2|healorant|alder|1841
|gen|9
|tier|[Gen 9] OU
|rated|
|rule|HP Percentage Mod: HP is shown in percentages
|rule|Endless Battle Clause: Forcing endless battles is banned
|rule|Species Clause: Limit one of each Pokémon
|rule|OHKO Clause: OHKO moves are banned
|rule|Evasion Items Clause: Evasion items are banned
|rule|Evasion Moves Clause: Evasion moves are banned
|rule|Evasion Abilities Clause: Evasion abilities are banned
|rule|Sleep Moves Clause: Sleep-inducing moves are banned
|clearpoke
|poke|p1|Dragapult, M|
|poke|p1|Dragonite, F|
|poke|p1|Ting-Lu|
|poke|p1|Weezing-Galar, F|
|poke|p1|Iron Crown|
|poke|p1|Zapdos|
|poke|p2|Iron Valiant|
|poke|p2|Landorus-Therian, M|
|poke|p2|Dragapult, F|
|poke|p2|Slowking-Galar, M|
|poke|p2|Kingambit, M|
|poke|p2|Cinderace, F|
|teampreview
|inactive|Battle timer is ON: inactive players will automatically lose when time's up. (requested by Shibuya Arc)
|
|t:|1759002232
|teamsize|p1|6
|teamsize|p2|6
|start
|switch|p1a: Ting-Lu|Ting-Lu|100/100
|switch|p2a: Cinderace|Cinderace, F|100/100
|-ability|p1a: Ting-Lu|Vessel of Ruin
|turn|1
|
|t:|1759002238
|move|p2a: Cinderace|U-turn|p1a: Ting-Lu
|-supereffective|p1a: Ting-Lu
|-damage|p1a: Ting-Lu|81/100
|
|t:|1759002240
|switch|p2a: Landorus|Landorus-Therian, M|100/100|[from] U-turn
|-ability|p2a: Landorus|Intimidate|boost
|-unboost|p1a: Ting-Lu|atk|1
|move|p1a: Ting-Lu|Ruination|p2a: Landorus
|-damage|p2a: Landorus|51/100
|
|-heal|p2a: Landorus|57/100|[from] item: Leftovers
|-heal|p1a: Ting-Lu|87/100|[from] item: Leftovers
|upkeep
|turn|2
|
|t:|1759002247
|move|p2a: Landorus|Stealth Rock|p1a: Ting-Lu
|-sidestart|p1: Shibuya Arc|move: Stealth Rock
|move|p1a: Ting-Lu|Stealth Rock|p2a: Landorus
|-sidestart|p2: healorant|move: Stealth Rock
|
|-heal|p2a: Landorus|63/100|[from] item: Leftovers
|-heal|p1a: Ting-Lu|93/100|[from] item: Leftovers
|upkeep
|turn|3
|
|t:|1759002253
|move|p2a: Landorus|Earthquake|p1a: Ting-Lu
|-damage|p1a: Ting-Lu|63/100
|move|p1a: Ting-Lu|Ruination|p2a: Landorus
|-damage|p2a: Landorus|32/100
|
|-heal|p2a: Landorus|37/100|[from] item: Leftovers
|-heal|p1a: Ting-Lu|69/100|[from] item: Leftovers
|upkeep
|turn|4
|
|t:|1759002261
|move|p2a: Landorus|U-turn|p1a: Ting-Lu
|-supereffective|p1a: Ting-Lu
|-damage|p1a: Ting-Lu|42/100
|
|t:|1759002263
|switch|p2a: Slowking|Slowking-Galar, M|100/100|[from] U-turn
|move|p1a: Ting-Lu|Ruination|p2a: Slowking
|-damage|p2a: Slowking|50/100
|
|-heal|p1a: Ting-Lu|49/100|[from] item: Leftovers
|upkeep
|turn|5
|j| FaronAan
|
|t:|1759002273
|switch|p2a: Landorus|Landorus-Therian, M|37/100
|-damage|p2a: Landorus|25/100|[from] Stealth Rock
|-ability|p2a: Landorus|Intimidate|boost
|-unboost|p1a: Ting-Lu|atk|1
|move|p1a: Ting-Lu|Ruination|p2a: Landorus
|-damage|p2a: Landorus|13/100
|
|-heal|p2a: Landorus|19/100|[from] item: Leftovers
|-heal|p1a: Ting-Lu|55/100|[from] item: Leftovers
|upkeep
|turn|6
|
|t:|1759002279
|move|p2a: Landorus|Earthquake|p1a: Ting-Lu
|-damage|p1a: Ting-Lu|25/100
|move|p1a: Ting-Lu|Earthquake|p2a: Landorus
|-immune|p2a: Landorus
|
|-heal|p2a: Landorus|25/100|[from] item: Leftovers
|-heal|p1a: Ting-Lu|31/100|[from] item: Leftovers
|upkeep
|turn|7
|
|t:|1759002286
|move|p2a: Landorus|Stone Edge|p1a: Ting-Lu|[miss]
|-miss|p2a: Landorus|p1a: Ting-Lu
|move|p1a: Ting-Lu|Ruination|p2a: Landorus
|-damage|p2a: Landorus|13/100
|
|-heal|p2a: Landorus|19/100|[from] item: Leftovers
|-heal|p1a: Ting-Lu|38/100|[from] item: Leftovers
|upkeep
|turn|8
|
|t:|1759002292
|move|p2a: Landorus|Earthquake|p1a: Ting-Lu
|-crit|p1a: Ting-Lu
|-damage|p1a: Ting-Lu|0 fnt
|faint|p1a: Ting-Lu
|
|-heal|p2a: Landorus|25/100|[from] item: Leftovers
|upkeep
|
|t:|1759002298
|switch|p1a: Dragonite|Dragonite, F|100/100
|turn|9
|
|t:|1759002304
|move|p2a: Landorus|U-turn|p1a: Dragonite
|-resisted|p1a: Dragonite
|-damage|p1a: Dragonite|93/100
|
|t:|1759002306
|switch|p2a: Dragapult|Dragapult, F|100/100|[from] U-turn
|move|p1a: Dragonite|Dragon Dance|p1a: Dragonite
|-boost|p1a: Dragonite|atk|1
|-boost|p1a: Dragonite|spe|1
|
|upkeep
|turn|10
|
|t:|1759002311
|move|p2a: Dragapult|U-turn|p1a: Dragonite
|-resisted|p1a: Dragonite
|-damage|p1a: Dragonite|83/100
|
|t:|1759002312
|switch|p2a: Landorus|Landorus-Therian, M|25/100|[from] U-turn
|-damage|p2a: Landorus|12/100|[from] Stealth Rock
|-ability|p2a: Landorus|Intimidate|boost
|-unboost|p1a: Dragonite|atk|1
|move|p1a: Dragonite|Dragon Dance|p1a: Dragonite
|-boost|p1a: Dragonite|atk|1
|-boost|p1a: Dragonite|spe|1
|
|-heal|p2a: Landorus|18/100|[from] item: Leftovers
|upkeep
|turn|11
|
|t:|1759002318
|move|p1a: Dragonite|Roost|p1a: Dragonite
|-heal|p1a: Dragonite|100/100
|-singleturn|p1a: Dragonite|move: Roost
|move|p2a: Landorus|Stone Edge|p1a: Dragonite
|-crit|p1a: Dragonite
|-damage|p1a: Dragonite|71/100
|
|-heal|p2a: Landorus|24/100|[from] item: Leftovers
|upkeep
|turn|12
|
|t:|1759002326
|move|p1a: Dragonite|Roost|p1a: Dragonite
|-heal|p1a: Dragonite|100/100
|-singleturn|p1a: Dragonite|move: Roost
|move|p2a: Landorus|U-turn|p1a: Dragonite
|-damage|p1a: Dragonite|87/100
|
|t:|1759002332
|switch|p2a: Kingambit|Kingambit, M|100/100|[from] U-turn
|-damage|p2a: Kingambit|94/100|[from] Stealth Rock
|
|-heal|p2a: Kingambit|100/100|[from] item: Leftovers
|upkeep
|turn|13
|
|t:|1759002338
|switch|p1a: Weezing|Weezing-Galar, F|100/100
|-ability|p1a: Weezing|Neutralizing Gas
|move|p2a: Kingambit|Kowtow Cleave|p1a: Weezing
|-resisted|p1a: Weezing
|-damage|p1a: Weezing|84/100
|
|upkeep
|turn|14
|
|t:|1759002348
|-end|p2a: Kingambit|fallenundefined|[silent]
|switch|p2a: Slowking|Slowking-Galar, M|84/100
|move|p1a: Weezing|Will-O-Wisp|p2a: Slowking
|-status|p2a: Slowking|brn
|
|-damage|p2a: Slowking|78/100 brn|[from] brn
|upkeep
|turn|15
|
|t:|1759002354
|-end|p1a: Weezing|ability: Neutralizing Gas
|switch|p1a: Dragonite|Dragonite, F|87/100
|move|p2a: Slowking|Psychic Noise|p1a: Dragonite
|-damage|p1a: Dragonite|60/100
|-start|p1a: Dragonite|move: Heal Block
|
|-damage|p2a: Slowking|72/100 brn|[from] brn
|upkeep
|turn|16
|
|t:|1759002364
|switch|p1a: Zapdos|Zapdos|100/100
|switch|p2a: Landorus|Landorus-Therian, M|24/100
|-damage|p2a: Landorus|12/100|[from] Stealth Rock
|-ability|p2a: Landorus|Intimidate|boost
|-unboost|p1a: Zapdos|atk|1
|
|-heal|p2a: Landorus|18/100|[from] item: Leftovers
|upkeep
|turn|17
|
|t:|1759002370
|move|p1a: Zapdos|Heat Wave|p2a: Landorus
|-damage|p2a: Landorus|0 fnt
|faint|p2a: Landorus
|
|upkeep
|
|t:|1759002391
|switch|p2a: Iron Valiant|Iron Valiant|100/100
|-damage|p2a: Iron Valiant|94/100|[from] Stealth Rock
|turn|18
|
|t:|1759002396
|-terastallize|p2a: Iron Valiant|Fairy
|move|p2a: Iron Valiant|Moonblast|p1a: Zapdos
|-crit|p1a: Zapdos
|-damage|p1a: Zapdos|0 fnt
|faint|p1a: Zapdos
|
|upkeep
|
|t:|1759002403
|switch|p1a: Iron Crown|Iron Crown|100/100
|-damage|p1a: Iron Crown|94/100|[from] Stealth Rock
|turn|19
|
|t:|1759002409
|-end|p2a: Iron Valiant|Quark Drive|[silent]
|switch|p2a: Slowking|Slowking-Galar, M|100/100 brn
|move|p1a: Iron Crown|Volt Switch|p2a: Slowking
|-damage|p2a: Slowking|80/100 brn
|
|t:|1759002417
|-end|p1a: Iron Crown|Quark Drive|[silent]
|switch|p1a: Dragonite|Dragonite, F|60/100|[from] Volt Switch
|
|-damage|p2a: Slowking|74/100 brn|[from] brn
|upkeep
|turn|20
|
|t:|1759002423
|move|p1a: Dragonite|Earthquake|p2a: Slowking
|-supereffective|p2a: Slowking
|-damage|p2a: Slowking|0 fnt
|faint|p2a: Slowking
|
|upkeep
|
|t:|1759002425
|switch|p2a: Iron Valiant|Iron Valiant, tera:Fairy|94/100
|-damage|p2a: Iron Valiant|82/100|[from] Stealth Rock
|turn|21
|
|t:|1759002430
|move|p1a: Dragonite|Extreme Speed|p2a: Iron Valiant
|-damage|p2a: Iron Valiant|40/100
|move|p2a: Iron Valiant|Moonblast|p1a: Dragonite
|-supereffective|p1a: Dragonite
|-damage|p1a: Dragonite|0 fnt
|faint|p1a: Dragonite
|
|upkeep
|
|t:|1759002438
|switch|p1a: Dragapult|Dragapult, M|100/100
|turn|22
|
|t:|1759002445
|-end|p2a: Iron Valiant|Quark Drive|[silent]
|switch|p2a: Cinderace|Cinderace, F|100/100
|move|p1a: Dragapult|Will-O-Wisp|p2a: Cinderace
|-immune|p2a: Cinderace
|
|upkeep
|turn|23
|
|t:|1759002455
|move|p1a: Dragapult|Dragon Darts|p2a: Cinderace
|-damage|p2a: Cinderace|75/100
|-anim|p1a: Dragapult|Dragon Darts|p2a: Cinderace
|-damage|p2a: Cinderace|51/100
|move|p2a: Cinderace|U-turn|p1a: Dragapult
|-resisted|p1a: Dragapult
|-damage|p1a: Dragapult|88/100
|
|t:|1759002458
|switch|p2a: Kingambit|Kingambit, M|100/100|[from] U-turn
|-damage|p2a: Kingambit|94/100|[from] Stealth Rock
|-activate|p2a: Kingambit|ability: Supreme Overlord
|-start|p2a: Kingambit|fallen2|[silent]
|
|-heal|p2a: Kingambit|100/100|[from] item: Leftovers
|upkeep
|turn|24
|
|t:|1759002463
|move|p1a: Dragapult|Will-O-Wisp|p2a: Kingambit
|-status|p2a: Kingambit|brn
|move|p2a: Kingambit|Iron Head|p1a: Dragapult
|-damage|p1a: Dragapult|48/100
|-start|p2a: Kingambit|Disable|Iron Head|[from] ability: Cursed Body|[of] p1a: Dragapult
|
|-damage|p2a: Kingambit|94/100 brn|[from] brn
|upkeep
|turn|25
|
|t:|1759002475
|-end|p2a: Kingambit|fallen2|[silent]
|switch|p2a: Iron Valiant|Iron Valiant, tera:Fairy|40/100
|-damage|p2a: Iron Valiant|27/100|[from] Stealth Rock
|move|p1a: Dragapult|U-turn|p2a: Iron Valiant
|-resisted|p2a: Iron Valiant
|-damage|p2a: Iron Valiant|15/100
|
|t:|1759002482
|switch|p1a: Iron Crown|Iron Crown|94/100|[from] U-turn
|-damage|p1a: Iron Crown|88/100|[from] Stealth Rock
|
|upkeep
|turn|26
|j| yrmpa
|
|t:|1759002500
|-terastallize|p1a: Iron Crown|Steel
|move|p2a: Iron Valiant|Shadow Ball|p1a: Iron Crown
|-damage|p1a: Iron Crown|49/100
|move|p1a: Iron Crown|Focus Blast|p2a: Iron Valiant|[miss]
|-miss|p1a: Iron Crown|p2a: Iron Valiant
|
|upkeep
|turn|27
|
|t:|1759002512
|move|p2a: Iron Valiant|Shadow Ball|p1a: Iron Crown
|-damage|p1a: Iron Crown|9/100
|move|p1a: Iron Crown|Focus Blast|p2a: Iron Valiant|[miss]
|-miss|p1a: Iron Crown|p2a: Iron Valiant
|
|upkeep
|turn|28
|
|t:|1759002518
|move|p2a: Iron Valiant|Shadow Ball|p1a: Iron Crown
|-damage|p1a: Iron Crown|0 fnt
|faint|p1a: Iron Crown
|-end|p1a: Iron Crown|Quark Drive|[silent]
|
|upkeep
|
|t:|1759002523
|switch|p1a: Dragapult|Dragapult, M|48/100
|turn|29
|
|t:|1759002529
|move|p1a: Dragapult|Hex|p2a: Iron Valiant
|-damage|p2a: Iron Valiant|0 fnt
|faint|p2a: Iron Valiant
|-end|p2a: Iron Valiant|Quark Drive|[silent]
|
|upkeep
|
|t:|1759002530
|switch|p2a: Kingambit|Kingambit, M|94/100 brn
|-damage|p2a: Kingambit|88/100 brn|[from] Stealth Rock
|-activate|p2a: Kingambit|ability: Supreme Overlord
|-start|p2a: Kingambit|fallen3|[silent]
|turn|30
|
|t:|1759002536
|switch|p1a: Weezing|Weezing-Galar, F|84/100
|-ability|p1a: Weezing|Neutralizing Gas
|move|p2a: Kingambit|Iron Head|p1a: Weezing
|-supereffective|p1a: Weezing
|-damage|p1a: Weezing|54/100
|
|-heal|p2a: Kingambit|94/100 brn|[from] item: Leftovers
|-damage|p2a: Kingambit|88/100 brn|[from] brn
|upkeep
|turn|31
|
|t:|1759002548
|-end|p2a: Kingambit|fallen3|[silent]
|switch|p2a: Dragapult|Dragapult, F|100/100
|move|p1a: Weezing|Pain Split|p2a: Dragapult
|-sethp|p2a: Dragapult|79/100|[from] move: Pain Split|[silent]
|-sethp|p1a: Weezing|75/100|[from] move: Pain Split
|
|upkeep
|turn|32
|
|t:|1759002554
|-end|p1a: Weezing|ability: Neutralizing Gas
|switch|p1a: Dragapult|Dragapult, M|48/100
|move|p2a: Dragapult|Hex|p1a: Dragapult
|-supereffective|p1a: Dragapult
|-crit|p1a: Dragapult
|-damage|p1a: Dragapult|0 fnt
|-start|p2a: Dragapult|Disable|Hex|[from] ability: Cursed Body|[of] p1a: Dragapult
|faint|p1a: Dragapult
|
|upkeep
|
|t:|1759002563
|switch|p1a: Weezing|Weezing-Galar, F|75/100
|-ability|p1a: Weezing|Neutralizing Gas
|turn|33
|
|t:|1759002568
|move|p2a: Dragapult|U-turn|p1a: Weezing
|-resisted|p1a: Weezing
|-damage|p1a: Weezing|72/100
|
|t:|1759002569
|switch|p2a: Cinderace|Cinderace, F|51/100|[from] U-turn
|move|p1a: Weezing|Will-O-Wisp|p2a: Cinderace
|-immune|p2a: Cinderace
|
|upkeep
|turn|34
|
|t:|1759002575
|move|p2a: Cinderace|Pyro Ball|p1a: Weezing
|-damage|p1a: Weezing|43/100
|move|p1a: Weezing|Pain Split|p2a: Cinderace
|-sethp|p2a: Cinderace|46/100|[from] move: Pain Split|[silent]
|-sethp|p1a: Weezing|49/100|[from] move: Pain Split
|
|upkeep
|turn|35
|
|t:|1759002583
|move|p2a: Cinderace|Pyro Ball|p1a: Weezing
|-damage|p1a: Weezing|18/100
|move|p1a: Weezing|Pain Split|p2a: Cinderace
|-sethp|p2a: Cinderace|31/100|[from] move: Pain Split|[silent]
|-sethp|p1a: Weezing|33/100|[from] move: Pain Split
|
|upkeep
|turn|36
|l| FaronAan
|
|t:|1759002589
|move|p2a: Cinderace|Pyro Ball|p1a: Weezing
|-damage|p1a: Weezing|4/100
|-status|p1a: Weezing|brn
|move|p1a: Weezing|Pain Split|p2a: Cinderace
|-sethp|p2a: Cinderace|17/100|[from] move: Pain Split|[silent]
|-sethp|p1a: Weezing|18/100 brn|[from] move: Pain Split
|
|-damage|p1a: Weezing|12/100 brn|[from] brn
|upkeep
|turn|37
|c|☆healorant|gg
|
|t:|1759002596
|move|p2a: Cinderace|Pyro Ball|p1a: Weezing
|-damage|p1a: Weezing|0 fnt
|faint|p1a: Weezing
|-end|p1a: Weezing|ability: Neutralizing Gas
|
|win|healorant
|raw|Shibuya Arc's rating: 1831 &rarr; <strong>1812</strong><br />(-19 for losing)
|raw|healorant's rating: 1841 &rarr; <strong>1860</strong><br />(+19 for winning)
