|j|☆kingkavon
|j|☆Charle_phate
|t:|1759032978
|gametype|singles
|player|p1|kingkavon|170|1378
|player|p2|Charle_phate|blue|1413
|gen|9
|tier|[Gen 9] OU
|rated|
|rule|HP Percentage Mod: HP is shown in percentages
|rule|Endless Battle Clause: Forcing endless battles is banned
|rule|Species Clause: Limit one of each Pokémon
|rule|OHKO Clause: OHKO moves are banned
|rule|Evasion Items Clause: Evasion items are banned
|rule|Evasion Moves Clause: Evasion moves are banned
|rule|Evasion Abilities Clause: Evasion abilities are banned
|rule|Sleep Moves Clause: Sleep-inducing moves are banned
|clearpoke
|poke|p1|Ninetales, F|
|poke|p1|Great Tusk|
|poke|p1|Walking Wake|
|poke|p1|Raging Bolt|
|poke|p1|Pecharunt|
|poke|p1|Corviknight, F|
|poke|p2|Serperior, M|
|poke|p2|Rotom-Wash|
|poke|p2|Zapdos|
|poke|p2|Heatran, F|
|poke|p2|Clefable, M|
|poke|p2|Landorus-Therian, M|
|teampreview
|inactive|Battle timer is ON: inactive players will automatically lose when time's up. (requested by Charle_phate)
|
|t:|1759033007
|teamsize|p1|6
|teamsize|p2|6
|start
|switch|p1a: Ninetales|Ninetales, F, shiny|100/100
|switch|p2a: Rotom|Rotom-Wash|100/100
|-weather|SunnyDay|[from] ability: Drought|[of] p1a: Ninetales
|turn|1
|
|t:|1759033019
|switch|p1a: Walking Wake|Walking Wake|100/100
|-activate|p1a: Walking Wake|ability: Protosynthesis
|-start|p1a: Walking Wake|protosynthesisspe
|move|p2a: Rotom|Thunder Wave|p1a: Walking Wake
|-status|p1a: Walking Wake|par
|
|-weather|SunnyDay|[upkeep]
|upkeep
|turn|2
|
|t:|1759033030
|move|p1a: Walking Wake|Dragon Pulse|p2a: Rotom
|-damage|p2a: Rotom|56/100
|move|p2a: Rotom|Charge Beam|p1a: Walking Wake
|-damage|p1a: Walking Wake|70/100 par
|
|-weather|SunnyDay|[upkeep]
|-heal|p2a: Rotom|62/100|[from] item: Leftovers
|upkeep
|turn|3
|
|t:|1759033040
|move|p1a: Walking Wake|Dragon Pulse|p2a: Rotom
|-damage|p2a: Rotom|18/100
|move|p2a: Rotom|Charge Beam|p1a: Walking Wake|[miss]
|-miss|p2a: Rotom|p1a: Walking Wake
|
|-weather|SunnyDay|[upkeep]
|-heal|p2a: Rotom|25/100|[from] item: Leftovers
|upkeep
|turn|4
|
|t:|1759033049
|move|p1a: Walking Wake|Dragon Pulse|p2a: Rotom
|-damage|p2a: Rotom|0 fnt
|faint|p2a: Rotom
|
|-weather|SunnyDay|[upkeep]
|upkeep
|
|t:|1759033057
|switch|p2a: Serperior|Serperior, M|100/100
|turn|5
|
|t:|1759033064
|-end|p1a: Walking Wake|Protosynthesis|[silent]
|switch|p1a: Corviknight|Corviknight, F|100/100
|-ability|p1a: Corviknight|Pressure
|move|p2a: Serperior|Substitute|p2a: Serperior
|-start|p2a: Serperior|Substitute
|-damage|p2a: Serperior|75/100
|
|-weather|SunnyDay|[upkeep]
|-heal|p2a: Serperior|82/100|[from] item: Leftovers
|upkeep
|turn|6
|
|t:|1759033076
|move|p2a: Serperior|Glare|p1a: Corviknight
|-status|p1a: Corviknight|par
|cant|p1a: Corviknight|par
|
|-weather|SunnyDay|[upkeep]
|-heal|p2a: Serperior|88/100|[from] item: Leftovers
|upkeep
|turn|7
|
|t:|1759033093
|move|p2a: Serperior|Leech Seed|p1a: Corviknight
|-start|p1a: Corviknight|move: Leech Seed
|move|p1a: Corviknight|Brave Bird|p2a: Serperior
|-supereffective|p2a: Serperior
|-end|p2a: Serperior|Substitute
|-damage|p1a: Corviknight|94/100 par|[from] Recoil|[of] p2a: Serperior
|
|-weather|SunnyDay|[upkeep]
|-heal|p2a: Serperior|94/100|[from] item: Leftovers
|-damage|p1a: Corviknight|82/100 par|[from] Leech Seed|[of] p2a: Serperior
|-heal|p2a: Serperior|100/100|[silent]
|upkeep
|turn|8
|
|t:|1759033112
|switch|p2a: Heatran|Heatran, F|100/100
|move|p1a: Corviknight|U-turn|p2a: Heatran
|-resisted|p2a: Heatran
|-damage|p2a: Heatran|98/100
|
|t:|1759033119
|switch|p1a: Great Tusk|Great Tusk|100/100|[from] U-turn
|-activate|p1a: Great Tusk|ability: Protosynthesis
|-start|p1a: Great Tusk|protosynthesisatk
|
|-weather|none
|-end|p1a: Great Tusk|Protosynthesis
|-heal|p2a: Heatran|100/100|[from] item: Leftovers
|upkeep
|turn|9
|
|t:|1759033136
|switch|p2a: Landorus|Landorus-Therian, M|100/100
|-ability|p2a: Landorus|Intimidate|boost
|-unboost|p1a: Great Tusk|atk|1
|move|p1a: Great Tusk|Headlong Rush|p2a: Landorus
|-immune|p2a: Landorus
|
|upkeep
|turn|10
|
|t:|1759033149
|switch|p2a: Heatran|Heatran, F|100/100
|-end|p1a: Great Tusk|Protosynthesis|[silent]
|switch|p1a: Corviknight|Corviknight, F|82/100 par
|-ability|p1a: Corviknight|Pressure
|
|upkeep
|turn|11
|
|t:|1759033160
|switch|p1a: Raging Bolt|Raging Bolt|100/100
|-enditem|p1a: Raging Bolt|Booster Energy
|-activate|p1a: Raging Bolt|ability: Protosynthesis|[fromitem]
|-start|p1a: Raging Bolt|protosynthesisspa
|move|p2a: Heatran|Substitute|p2a: Heatran
|-start|p2a: Heatran|Substitute
|-damage|p2a: Heatran|76/100
|
|-heal|p2a: Heatran|82/100|[from] item: Leftovers
|upkeep
|turn|12
|
|t:|1759033187
|move|p1a: Raging Bolt|Thunderbolt|p2a: Heatran
|-end|p2a: Heatran|Substitute
|move|p2a: Heatran|Earth Power|p1a: Raging Bolt
|-supereffective|p1a: Raging Bolt
|-damage|p1a: Raging Bolt|53/100
|
|-heal|p2a: Heatran|88/100|[from] item: Leftovers
|upkeep
|turn|13
|
|t:|1759033199
|move|p1a: Raging Bolt|Draco Meteor|p2a: Heatran
|-resisted|p2a: Heatran
|-damage|p2a: Heatran|61/100
|-unboost|p1a: Raging Bolt|spa|2
|move|p2a: Heatran|Ancient Power|p1a: Raging Bolt
|-damage|p1a: Raging Bolt|35/100
|
|-heal|p2a: Heatran|68/100|[from] item: Leftovers
|upkeep
|turn|14
|
|t:|1759033219
|-end|p1a: Raging Bolt|Protosynthesis|[silent]
|switch|p1a: Great Tusk|Great Tusk|100/100
|move|p2a: Heatran|Substitute|p2a: Heatran
|-start|p2a: Heatran|Substitute
|-damage|p2a: Heatran|43/100
|
|-heal|p2a: Heatran|49/100|[from] item: Leftovers
|upkeep
|turn|15
|
|t:|1759033229
|move|p1a: Great Tusk|Headlong Rush|p2a: Heatran
|-supereffective|p2a: Heatran
|-end|p2a: Heatran|Substitute
|-unboost|p1a: Great Tusk|def|1
|-unboost|p1a: Great Tusk|spd|1
|move|p2a: Heatran|Lava Plume|p1a: Great Tusk
|-damage|p1a: Great Tusk|27/100
|
|-heal|p2a: Heatran|55/100|[from] item: Leftovers
|upkeep
|turn|16
|
|t:|1759033242
|-end|p1a: Great Tusk|Protosynthesis|[silent]
|switch|p1a: Ninetales|Ninetales, F, shiny|100/100
|-weather|SunnyDay|[from] ability: Drought|[of] p1a: Ninetales
|switch|p2a: Zapdos|Zapdos|100/100
|
|-weather|SunnyDay|[upkeep]
|upkeep
|turn|17
|
|t:|1759033259
|switch|p1a: Great Tusk|Great Tusk|27/100
|-activate|p1a: Great Tusk|ability: Protosynthesis
|-start|p1a: Great Tusk|protosynthesisatk
|move|p2a: Zapdos|Ancient Power|p1a: Great Tusk
|-resisted|p1a: Great Tusk
|-damage|p1a: Great Tusk|20/100
|
|-weather|SunnyDay|[upkeep]
|upkeep
|turn|18
|
|t:|1759033269
|move|p1a: Great Tusk|Ice Spinner|p2a: Zapdos
|-supereffective|p2a: Zapdos
|-damage|p2a: Zapdos|31/100
|move|p2a: Zapdos|Ancient Power|p1a: Great Tusk
|-resisted|p1a: Great Tusk
|-damage|p1a: Great Tusk|14/100
|
|-weather|SunnyDay|[upkeep]
|-heal|p2a: Zapdos|37/100|[from] item: Leftovers
|upkeep
|turn|19
|
|t:|1759033280
|switch|p2a: Heatran|Heatran, F|55/100
|move|p1a: Great Tusk|Ice Spinner|p2a: Heatran
|-resisted|p2a: Heatran
|-damage|p2a: Heatran|48/100
|
|-weather|SunnyDay|[upkeep]
|-heal|p2a: Heatran|54/100|[from] item: Leftovers
|upkeep
|turn|20
|
|t:|1759033292
|switch|p2a: Landorus|Landorus-Therian, M|100/100
|-ability|p2a: Landorus|Intimidate|boost
|-unboost|p1a: Great Tusk|atk|1
|move|p1a: Great Tusk|Close Combat|p2a: Landorus
|-resisted|p2a: Landorus
|-damage|p2a: Landorus|71/100
|-unboost|p1a: Great Tusk|def|1
|-unboost|p1a: Great Tusk|spd|1
|
|-weather|SunnyDay|[upkeep]
|-heal|p2a: Landorus|77/100|[from] item: Leftovers
|upkeep
|turn|21
|
|t:|1759033305
|switch|p2a: Heatran|Heatran, F|54/100
|move|p1a: Great Tusk|Ice Spinner|p2a: Heatran
|-resisted|p2a: Heatran
|-damage|p2a: Heatran|49/100
|
|-weather|SunnyDay|[upkeep]
|-heal|p2a: Heatran|56/100|[from] item: Leftovers
|upkeep
|turn|22
|
|t:|1759033318
|switch|p2a: Zapdos|Zapdos|37/100
|move|p1a: Great Tusk|Headlong Rush|p2a: Zapdos
|-immune|p2a: Zapdos
|
|-weather|SunnyDay|[upkeep]
|-heal|p2a: Zapdos|43/100|[from] item: Leftovers
|upkeep
|turn|23
|
|t:|1759033328
|move|p1a: Great Tusk|Ice Spinner|p2a: Zapdos
|-supereffective|p2a: Zapdos
|-damage|p2a: Zapdos|0 fnt
|faint|p2a: Zapdos
|
|-weather|none
|-end|p1a: Great Tusk|Protosynthesis
|upkeep
|
|t:|1759033336
|switch|p2a: Landorus|Landorus-Therian, M|77/100
|-ability|p2a: Landorus|Intimidate|boost
|-unboost|p1a: Great Tusk|atk|1
|turn|24
|
|t:|1759033341
|switch|p2a: Heatran|Heatran, F|56/100
|-end|p1a: Great Tusk|Protosynthesis|[silent]
|switch|p1a: Corviknight|Corviknight, F|82/100 par
|-ability|p1a: Corviknight|Pressure
|
|-heal|p2a: Heatran|62/100|[from] item: Leftovers
|upkeep
|turn|25
|
|t:|1759033351
|switch|p1a: Great Tusk|Great Tusk|14/100
|move|p2a: Heatran|Substitute|p2a: Heatran
|-start|p2a: Heatran|Substitute
|-damage|p2a: Heatran|37/100
|
|-heal|p2a: Heatran|43/100|[from] item: Leftovers
|upkeep
|turn|26
|
|t:|1759033363
|move|p1a: Great Tusk|Headlong Rush|p2a: Heatran
|-supereffective|p2a: Heatran
|-end|p2a: Heatran|Substitute
|-unboost|p1a: Great Tusk|def|1
|-unboost|p1a: Great Tusk|spd|1
|move|p2a: Heatran|Ancient Power|p1a: Great Tusk
|-resisted|p1a: Great Tusk
|-damage|p1a: Great Tusk|4/100
|
|-heal|p2a: Heatran|49/100|[from] item: Leftovers
|upkeep
|turn|27
|
|t:|1759033386
|-terastallize|p2a: Heatran|Flying
|move|p1a: Great Tusk|Close Combat|p2a: Heatran
|-resisted|p2a: Heatran
|-crit|p2a: Heatran
|-damage|p2a: Heatran|7/100
|-unboost|p1a: Great Tusk|def|1
|-unboost|p1a: Great Tusk|spd|1
|move|p2a: Heatran|Ancient Power|p1a: Great Tusk
|-resisted|p1a: Great Tusk
|-damage|p1a: Great Tusk|0 fnt
|faint|p1a: Great Tusk
|-end|p1a: Great Tusk|Protosynthesis|[silent]
|
|-heal|p2a: Heatran|14/100|[from] item: Leftovers
|upkeep
|
|t:|1759033396
|switch|p1a: Ninetales|Ninetales, F, shiny|100/100
|-weather|SunnyDay|[from] ability: Drought|[of] p1a: Ninetales
|turn|28
|
|t:|1759033410
|move|p1a: Ninetales|Healing Wish|p1a: Ninetales
|faint|p1a: Ninetales
|move|p2a: Heatran|Ancient Power|p1: Ninetales|[notarget]
|-fail|p2a: Heatran
|
|-weather|SunnyDay|[upkeep]
|-heal|p2a: Heatran|20/100|[from] item: Leftovers
|upkeep
|
|t:|1759033413
|switch|p1a: Walking Wake|Walking Wake|70/100 par
|-heal|p1a: Walking Wake|100/100|[from] move: Healing Wish
|-activate|p1a: Walking Wake|ability: Protosynthesis
|-start|p1a: Walking Wake|protosynthesisspe
|turn|29
|
|t:|1759033424
|move|p1a: Walking Wake|Hydro Steam|p2a: Heatran
|-damage|p2a: Heatran|0 fnt
|faint|p2a: Heatran
|
|-weather|SunnyDay|[upkeep]
|upkeep
|
|t:|1759033433
|switch|p2a: Serperior|Serperior, M|100/100
|turn|30
|
|t:|1759033438
|move|p1a: Walking Wake|Weather Ball|p2a: Serperior
|-supereffective|p2a: Serperior
|-damage|p2a: Serperior|0 fnt
|faint|p2a: Serperior
|
|-weather|SunnyDay|[upkeep]
|upkeep
|-message|Charle_phate forfeited.
|
|win|kingkavon
|raw|kingkavon's rating: 1378 &rarr; <strong>1400</strong><br />(+22 for winning)
|raw|Charle_phate's rating: 1413 &rarr; <strong>1391</strong><br />(-22 for losing)
|l|☆Charle_phate
|player|p2|
|l|☆kingkavon
|player|p1|
