|j|‽Cubadogs
|j|☆victory 4 u
|t:|1758993945
|gametype|singles
|player|p1|Cubadogs|hilbert-wonderlauncher|1153
|player|p2|victory 4 u|266|1181
|gen|9
|tier|[Gen 9] OU
|rated|
|rule|HP Percentage Mod: HP is shown in percentages
|rule|Endless Battle Clause: Forcing endless battles is banned
|rule|Species Clause: Limit one of each Pokémon
|rule|OHKO Clause: OHKO moves are banned
|rule|Evasion Items Clause: Evasion items are banned
|rule|Evasion Moves Clause: Evasion moves are banned
|rule|Evasion Abilities Clause: Evasion abilities are banned
|rule|Sleep Moves Clause: Sleep-inducing moves are banned
|clearpoke
|poke|p1|Samurott-Hisui, M|
|poke|p1|Meowscarada, M|
|poke|p1|Greninja-*, F|
|poke|p1|Bisharp, M|
|poke|p1|Krookodile, F|
|poke|p1|Morpeko, F|
|poke|p2|Masquerain, F|
|poke|p2|Cyclizar, F|
|poke|p2|Piloswine, M|
|poke|p2|Ditto|
|poke|p2|Medicham, F|
|poke|p2|Dragapult, F|
|teampreview
|
|t:|1758993953
|teamsize|p1|6
|teamsize|p2|6
|start
|switch|p1a: Samurott|Samurott-Hisui, M|100/100
|switch|p2a: Ditto|Ditto|100/100
|-transform|p2a: Ditto|p1a: Samurott|[from] ability: Imposter
|turn|1
|
|t:|1758993962
|move|p2a: Ditto|Ceaseless Edge|p1a: Samurott
|-resisted|p1a: Samurott
|-damage|p1a: Samurott|72/100
|-sidestart|p1: Cubadogs|Spikes
|move|p1a: Samurott|Sacred Sword|p2a: Ditto
|-supereffective|p2a: Ditto
|-damage|p2a: Ditto|0 fnt
|faint|p2a: Ditto
|
|upkeep
|
|t:|1758993975
|switch|p2a: Cyclizar|Cyclizar, F|100/100
|turn|2
|
|t:|1758994005
|-terastallize|p2a: Cyclizar|Dragon
|move|p2a: Cyclizar|Outrage|p1a: Samurott
|-crit|p1a: Samurott
|-damage|p1a: Samurott|0 fnt
|faint|p1a: Samurott
|
|upkeep
|
|t:|1758994011
|switch|p1a: Bisharp|Bisharp, M|100/100
|-damage|p1a: Bisharp|88/100|[from] Spikes
|turn|3
|
|t:|1758994015
|move|p2a: Cyclizar|Outrage|p1a: Bisharp|[from] lockedmove
|-resisted|p1a: Bisharp
|-damage|p1a: Bisharp|67/100
|-start|p2a: Cyclizar|confusion|[fatigue]
|move|p1a: Bisharp|Foul Play|p2a: Cyclizar
|-damage|p2a: Cyclizar|48/100
|
|upkeep
|turn|4
|
|t:|1758994023
|switch|p2a: Piloswine|Piloswine, M|100/100
|move|p1a: Bisharp|Thunder Wave|p2a: Piloswine
|-immune|p2a: Piloswine
|
|upkeep
|turn|5
|
|t:|1758994052
|move|p1a: Bisharp|Stealth Rock|p2a: Piloswine
|-sidestart|p2: victory 4 u|move: Stealth Rock
|move|p2a: Piloswine|Stealth Rock|p1a: Bisharp
|-sidestart|p1: Cubadogs|move: Stealth Rock
|
|upkeep
|turn|6
|
|t:|1758994057
|move|p1a: Bisharp|Low Kick|p2a: Piloswine
|-supereffective|p2a: Piloswine
|-crit|p2a: Piloswine
|-damage|p2a: Piloswine|35/100
|move|p2a: Piloswine|Earthquake|p1a: Bisharp
|-supereffective|p1a: Bisharp
|-damage|p1a: Bisharp|33/100
|
|upkeep
|turn|7
|
|t:|1758994070
|move|p1a: Bisharp|Low Kick|p2a: Piloswine
|-supereffective|p2a: Piloswine
|-damage|p2a: Piloswine|0 fnt
|faint|p2a: Piloswine
|
|upkeep
|
|t:|1758994087
|switch|p2a: Masquerain|Masquerain, F|100/100
|-damage|p2a: Masquerain|50/100|[from] Stealth Rock
|-ability|p2a: Masquerain|Intimidate|boost
|-unboost|p1a: Bisharp|atk|1
|-ability|p1a: Bisharp|Defiant|boost
|-boost|p1a: Bisharp|atk|2
|turn|8
|
|t:|1758994093
|move|p2a: Masquerain|Sticky Web|p1a: Bisharp
|-sidestart|p1: Cubadogs|move: Sticky Web
|move|p1a: Bisharp|Foul Play|p2a: Masquerain
|-damage|p2a: Masquerain|21/100
|
|upkeep
|turn|9
|
|t:|1758994097
|move|p2a: Masquerain|Sticky Web||[still]
|-fail|p2a: Masquerain
|move|p1a: Bisharp|Thunder Wave|p2a: Masquerain
|-status|p2a: Masquerain|par
|
|upkeep
|turn|10
|
|t:|1758994123
|move|p1a: Bisharp|Foul Play|p2a: Masquerain
|-damage|p2a: Masquerain|0 fnt
|faint|p2a: Masquerain
|
|upkeep
|
|t:|1758994128
|switch|p2a: Medicham|Medicham, F|100/100
|-damage|p2a: Medicham|94/100|[from] Stealth Rock
|turn|11
|
|t:|1758994137
|-terastallize|p1a: Bisharp|Fairy
|move|p2a: Medicham|Drain Punch|p1a: Bisharp
|-resisted|p1a: Bisharp
|-damage|p1a: Bisharp|15/100
|-heal|p2a: Medicham|100/100|[from] drain|[of] p1a: Bisharp
|move|p1a: Bisharp|Thunder Wave|p2a: Medicham
|-status|p2a: Medicham|par
|
|upkeep
|turn|12
|c|☆victory 4 u|ohhh thats a dirty trick
|
|t:|1758994155
|move|p1a: Bisharp|Foul Play|p2a: Medicham
|-damage|p2a: Medicham|48/100 par
|cant|p2a: Medicham|par
|
|upkeep
|turn|13
|
|t:|1758994163
|move|p1a: Bisharp|Foul Play|p2a: Medicham
|-damage|p2a: Medicham|0 fnt
|faint|p2a: Medicham
|
|upkeep
|
|t:|1758994167
|switch|p2a: Dragapult|Dragapult, F|100/100
|-damage|p2a: Dragapult|88/100|[from] Stealth Rock
|turn|14
|
|t:|1758994174
|move|p2a: Dragapult|Flamethrower|p1a: Bisharp
|-damage|p1a: Bisharp|0 fnt
|faint|p1a: Bisharp
|
|upkeep
|
|t:|1758994178
|switch|p1a: Greninja|Greninja, F|100/100
|-damage|p1a: Greninja|88/100|[from] Spikes
|-damage|p1a: Greninja|76/100|[from] Stealth Rock
|-activate|p1a: Greninja|move: Sticky Web
|-unboost|p1a: Greninja|spe|1
|turn|15
|
|t:|1758994189
|move|p2a: Dragapult|Flamethrower|p1a: Greninja
|-resisted|p1a: Greninja
|-damage|p1a: Greninja|46/100
|move|p1a: Greninja|Dark Pulse|p2a: Dragapult
|-start|p1a: Greninja|typechange|Dark|[from] ability: Protean
|-supereffective|p2a: Dragapult
|-damage|p2a: Dragapult|0 fnt
|faint|p2a: Dragapult
|
|upkeep
|
|t:|1758994198
|switch|p2a: Cyclizar|Cyclizar, F, tera:Dragon|81/100
|-damage|p2a: Cyclizar|68/100|[from] Stealth Rock
|turn|16
|
|t:|1758994204
|move|p2a: Cyclizar|Outrage|p1a: Greninja
|-damage|p1a: Greninja|0 fnt
|faint|p1a: Greninja
|
|upkeep
|
|t:|1758994205
|switch|p1a: Krookodile|Krookodile, F|100/100
|-damage|p1a: Krookodile|88/100|[from] Spikes
|-damage|p1a: Krookodile|82/100|[from] Stealth Rock
|-activate|p1a: Krookodile|move: Sticky Web
|-unboost|p1a: Krookodile|spe|1
|-ability|p1a: Krookodile|Intimidate|boost
|-unboost|p2a: Cyclizar|atk|1
|turn|17
|
|t:|1758994214
|switch|p1a: Morpeko|Morpeko, F|100/100
|-damage|p1a: Morpeko|88/100|[from] Spikes
|-damage|p1a: Morpeko|76/100|[from] Stealth Rock
|-activate|p1a: Morpeko|move: Sticky Web
|-fail|p1a: Morpeko|unboost|[from] item: Clear Amulet|[of] p1a: Morpeko
|move|p2a: Cyclizar|Outrage|p1a: Morpeko|[from] lockedmove
|-damage|p1a: Morpeko|0 fnt
|faint|p1a: Morpeko
|-start|p2a: Cyclizar|confusion|[fatigue]
|
|upkeep
|
|t:|1758994216
|switch|p1a: Krookodile|Krookodile, F|82/100
|-damage|p1a: Krookodile|70/100|[from] Spikes
|-damage|p1a: Krookodile|64/100|[from] Stealth Rock
|-activate|p1a: Krookodile|move: Sticky Web
|-unboost|p1a: Krookodile|spe|1
|-ability|p1a: Krookodile|Intimidate|boost
|-unboost|p2a: Cyclizar|atk|1
|turn|18
|
|t:|1758994231
|-activate|p2a: Cyclizar|confusion
|move|p2a: Cyclizar|Outrage|p1a: Krookodile
|-damage|p1a: Krookodile|6/100
|move|p1a: Krookodile|Earthquake|p2a: Cyclizar
|-damage|p2a: Cyclizar|4/100
|
|upkeep
|turn|19
|
|t:|1758994245
|-activate|p2a: Cyclizar|confusion
|-damage|p2a: Cyclizar|0 fnt|[from] confusion
|faint|p2a: Cyclizar
|
|win|Cubadogs
|raw|Cubadogs's rating: 1132 &rarr; <strong>1161</strong><br />(+29 for winning)
|raw|victory 4 u's rating: 1181 &rarr; <strong>1152</strong><br />(-29 for losing)
|c|☆victory 4 u|gg
