|j|☆ii el bunneh ii
|j|☆012587430a
|t:|1759058878
|gametype|singles
|player|p1|ii el bunneh ii|170|1330
|player|p2|012587430a|parasollady|1232
|gen|9
|tier|[Gen 9] OU
|rated|
|rule|HP Percentage Mod: HP is shown in percentages
|rule|Endless Battle Clause: Forcing endless battles is banned
|rule|Species Clause: Limit one of each Pokémon
|rule|OHKO Clause: OHKO moves are banned
|rule|Evasion Items Clause: Evasion items are banned
|rule|Evasion Moves Clause: Evasion moves are banned
|rule|Evasion Abilities Clause: Evasion abilities are banned
|rule|Sleep Moves Clause: Sleep-inducing moves are banned
|clearpoke
|poke|p1|Kyurem|
|poke|p1|Mew|
|poke|p1|Dragapult, M|
|poke|p1|Polteageist|
|poke|p1|Magcargo, F|
|poke|p1|Latias, F|
|poke|p2|Glastrier|
|poke|p2|Ninetales-Alola, M|
|poke|p2|Clefable, M|
|poke|p2|Cinderace, M|
|poke|p2|Great Tusk|
|poke|p2|Manaphy|
|teampreview
|inactive|Battle timer is ON: inactive players will automatically lose when time's up. (requested by 012587430a)
|
|t:|1759058899
|teamsize|p1|6
|teamsize|p2|6
|start
|switch|p1a: Magcargo|Magcargo, F, shiny|100/100
|switch|p2a: Cindarece|Cinderace, M|100/100
|turn|1
|
|t:|1759058928
|switch|p2a: Ninetales|Ninetales-Alola, M|100/100
|-weather|Snowscape|[from] ability: Snow Warning|[of] p2a: Ninetales
|move|p1a: Magcargo|Shell Smash|p1a: Magcargo
|-unboost|p1a: Magcargo|def|1
|-unboost|p1a: Magcargo|spd|1
|-boost|p1a: Magcargo|atk|2
|-boost|p1a: Magcargo|spa|2
|-boost|p1a: Magcargo|spe|2
|
|-weather|Snowscape|[upkeep]
|upkeep
|turn|2
|
|t:|1759058938
|move|p2a: Ninetales|Aurora Veil|p2a: Ninetales
|-sidestart|p2: 012587430a|move: Aurora Veil
|move|p1a: Magcargo|Flamethrower|p2a: Ninetales
|-supereffective|p2a: Ninetales
|-damage|p2a: Ninetales|31/100
|
|-weather|Snowscape|[upkeep]
|upkeep
|turn|3
|
|t:|1759058946
|switch|p2a: Manpahy|Manaphy|100/100
|move|p1a: Magcargo|Flamethrower|p2a: Manpahy
|-resisted|p2a: Manpahy
|-damage|p2a: Manpahy|86/100
|
|-weather|Snowscape|[upkeep]
|-heal|p2a: Manpahy|92/100|[from] item: Leftovers
|upkeep
|turn|4
|
|t:|1759058962
|move|p1a: Magcargo|Memento|p2a: Manpahy
|-unboost|p2a: Manpahy|atk|2
|-unboost|p2a: Manpahy|spa|2
|faint|p1a: Magcargo
|move|p2a: Manpahy|Take Heart|p2a: Manpahy
|-boost|p2a: Manpahy|spa|1
|-boost|p2a: Manpahy|spd|1
|
|-weather|Snowscape|[upkeep]
|-heal|p2a: Manpahy|99/100|[from] item: Leftovers
|upkeep
|inactive|ii el bunneh ii has 120 seconds left.
|
|t:|1759058989
|switch|p1a: Mew|Mew, shiny|100/100
|turn|5
|
|t:|1759058994
|move|p1a: Mew|Dragon Dance|p1a: Mew
|-boost|p1a: Mew|atk|1
|-boost|p1a: Mew|spe|1
|move|p2a: Manpahy|Take Heart|p2a: Manpahy
|-boost|p2a: Manpahy|spa|1
|-boost|p2a: Manpahy|spd|1
|
|-weather|none
|-heal|p2a: Manpahy|100/100|[from] item: Leftovers
|upkeep
|turn|6
|
|t:|1759058999
|move|p1a: Mew|Dragon Dance|p1a: Mew
|-boost|p1a: Mew|atk|1
|-boost|p1a: Mew|spe|1
|move|p2a: Manpahy|Acid Armor|p2a: Manpahy
|-boost|p2a: Manpahy|def|2
|
|upkeep
|turn|7
|
|t:|1759059005
|move|p1a: Mew|Dragon Dance|p1a: Mew
|-boost|p1a: Mew|atk|1
|-boost|p1a: Mew|spe|1
|move|p2a: Manpahy|Acid Armor|p2a: Manpahy
|-boost|p2a: Manpahy|def|2
|
|upkeep
|turn|8
|
|t:|1759059012
|move|p1a: Mew|Dragon Dance|p1a: Mew
|-boost|p1a: Mew|atk|1
|-boost|p1a: Mew|spe|1
|move|p2a: Manpahy|Acid Armor|p2a: Manpahy
|-boost|p2a: Manpahy|def|2
|
|upkeep
|turn|9
|
|t:|1759059017
|move|p1a: Mew|Dragon Dance|p1a: Mew
|-boost|p1a: Mew|atk|1
|-boost|p1a: Mew|spe|1
|move|p2a: Manpahy|Take Heart|p2a: Manpahy
|-boost|p2a: Manpahy|spa|1
|-boost|p2a: Manpahy|spd|1
|
|-sideend|p2: 012587430a|move: Aurora Veil
|upkeep
|turn|10
|
|t:|1759059031
|move|p1a: Mew|Bullet Seed|p2a: Manpahy
|-supereffective|p2a: Manpahy
|-damage|p2a: Manpahy|90/100
|-supereffective|p2a: Manpahy
|-damage|p2a: Manpahy|79/100
|-supereffective|p2a: Manpahy
|-crit|p2a: Manpahy
|-damage|p2a: Manpahy|17/100
|-supereffective|p2a: Manpahy
|-damage|p2a: Manpahy|7/100
|-hitcount|p2a: Manpahy|4
|move|p2a: Manpahy|Scald|p1a: Mew
|-damage|p1a: Mew|58/100
|
|-heal|p2a: Manpahy|13/100|[from] item: Leftovers
|upkeep
|turn|11
|
|t:|1759059042
|move|p1a: Mew|Bullet Seed|p2a: Manpahy
|-supereffective|p2a: Manpahy
|-damage|p2a: Manpahy|3/100
|-supereffective|p2a: Manpahy
|-damage|p2a: Manpahy|0 fnt
|faint|p2a: Manpahy
|-hitcount|p2: Manpahy|2
|
|upkeep
|
|t:|1759059062
|switch|p2a: Ninetales|Ninetales-Alola, M|31/100
|-weather|Snowscape|[from] ability: Snow Warning|[of] p2a: Ninetales
|turn|12
|
|t:|1759059068
|move|p1a: Mew|Bullet Seed|p2a: Ninetales
|-damage|p2a: Ninetales|8/100
|-damage|p2a: Ninetales|0 fnt
|faint|p2a: Ninetales
|-hitcount|p2: Ninetales|2
|
|-weather|Snowscape|[upkeep]
|upkeep
|
|t:|1759059069
|switch|p2a: Glastrier|Glastrier|100/100
|turn|13
|
|t:|1759059079
|-terastallize|p1a: Mew|Ice
|move|p1a: Mew|Earthquake|p2a: Glastrier
|-damage|p2a: Glastrier|54/100
|move|p2a: Glastrier|Swords Dance|p2a: Glastrier
|-boost|p2a: Glastrier|atk|2
|
|-weather|Snowscape|[upkeep]
|upkeep
|turn|14
|
|t:|1759059091
|move|p1a: Mew|Bullet Seed|p2a: Glastrier
|-damage|p2a: Glastrier|41/100
|-damage|p2a: Glastrier|30/100
|-damage|p2a: Glastrier|17/100
|-damage|p2a: Glastrier|4/100
|-damage|p2a: Glastrier|0 fnt
|faint|p2a: Glastrier
|-hitcount|p2: Glastrier|5
|
|-weather|Snowscape|[upkeep]
|upkeep
|
|t:|1759059104
|switch|p2a: Cindarece|Cinderace, M|100/100
|turn|15
|
|t:|1759059112
|-terastallize|p2a: Cindarece|Grass
|move|p1a: Mew|Earthquake|p2a: Cindarece
|-resisted|p2a: Cindarece
|-damage|p2a: Cindarece|39/100
|move|p2a: Cindarece|Pyro Ball|p1a: Mew
|-supereffective|p1a: Mew
|-crit|p1a: Mew
|-damage|p1a: Mew|0 fnt
|faint|p1a: Mew
|
|-weather|Snowscape|[upkeep]
|upkeep
|
|t:|1759059122
|switch|p1a: Polteageist|Polteageist, shiny|100/100
|turn|16
|
|t:|1759059145
|move|p2a: Cindarece|Will-O-Wisp|p1a: Polteageist
|-status|p1a: Polteageist|brn
|move|p1a: Polteageist|Shell Smash|p1a: Polteageist
|-unboost|p1a: Polteageist|def|1
|-unboost|p1a: Polteageist|spd|1
|-boost|p1a: Polteageist|atk|2
|-boost|p1a: Polteageist|spa|2
|-boost|p1a: Polteageist|spe|2
|
|-weather|none
|-damage|p1a: Polteageist|94/100 brn|[from] brn
|upkeep
|turn|17
|inactive|012587430a has 120 seconds left.
|
|t:|1759059170
|switch|p2a: Celfable|Clefable, M|100/100
|move|p1a: Polteageist|Stored Power|p2a: Celfable
|-damage|p2a: Celfable|0 fnt
|faint|p2a: Celfable
|
|-damage|p1a: Polteageist|88/100 brn|[from] brn
|upkeep
|inactive|012587430a has 120 seconds left.
|-message|012587430a forfeited.
|
|win|ii el bunneh ii
|raw|ii el bunneh ii's rating: 1330 &rarr; <strong>1345</strong><br />(+15 for winning)
|raw|012587430a's rating: 1232 &rarr; <strong>1214</strong><br />(-18 for losing)
|l|☆012587430a
|player|p2|
|l|☆ii el bunneh ii
|player|p1|
