|j|☆plus2mult
|j|☆LousiV
|t:|1759041000
|gametype|singles
|player|p1|plus2mult|hilbert|1264
|player|p2|LousiV|ltsurge|1300
|gen|9
|tier|[Gen 9] OU
|rated|
|rule|HP Percentage Mod: HP is shown in percentages
|rule|Endless Battle Clause: Forcing endless battles is banned
|rule|Species Clause: Limit one of each Pokémon
|rule|OHKO Clause: OHKO moves are banned
|rule|Evasion Items Clause: Evasion items are banned
|rule|Evasion Moves Clause: Evasion moves are banned
|rule|Evasion Abilities Clause: Evasion abilities are banned
|rule|Sleep Moves Clause: Sleep-inducing moves are banned
|clearpoke
|poke|p1|Landorus-Therian, M|
|poke|p1|Primarina, M|
|poke|p1|Gholdengo|
|poke|p1|Meowscarada, F|
|poke|p1|Dragonite, F|
|poke|p1|Zamazenta-*|
|poke|p2|Reuniclus, M|
|poke|p2|Conkeldurr, M|
|poke|p2|Thundurus, M|
|poke|p2|Dusknoir, M|
|poke|p2|Forretress, M|
|poke|p2|Azumarill, F|
|teampreview
|
|t:|1759041006
|teamsize|p1|6
|teamsize|p2|6
|start
|switch|p1a: Meowscarada|Meowscarada, F|100/100
|switch|p2a: Thundurus|Thundurus, M|100/100
|turn|1
|inactive|Battle timer is ON: inactive players will automatically lose when time's up. (requested by LousiV)
|
|t:|1759041014
|move|p2a: Thundurus|Thunder Wave|p1a: Meowscarada
|-hint|Since gen 7, Dark is immune to Prankster moves.
|-immune|p1a: Meowscarada
|move|p1a: Meowscarada|Triple Axel|p2a: Thundurus|[miss]
|-start|p1a: Meowscarada|typechange|Ice|[from] ability: Protean
|-miss|p1a: Meowscarada|p2a: Thundurus
|
|upkeep
|turn|2
|
|t:|1759041022
|switch|p2a: Forretress|Forretress, M|100/100
|move|p1a: Meowscarada|Triple Axel|p2a: Forretress
|-resisted|p2a: Forretress
|-damage|p2a: Forretress|97/100
|-resisted|p2a: Forretress
|-damage|p2a: Forretress|88/100
|-resisted|p2a: Forretress
|-damage|p2a: Forretress|78/100
|-hitcount|p2a: Forretress|3
|
|-heal|p2a: Forretress|84/100|[from] item: Leftovers
|upkeep
|turn|3
|
|t:|1759041033
|switch|p1a: Landorus|Landorus-Therian, M|100/100
|-ability|p1a: Landorus|Intimidate|boost
|-unboost|p2a: Forretress|atk|1
|move|p2a: Forretress|Stealth Rock|p1a: Landorus
|-sidestart|p1: plus2mult|move: Stealth Rock
|
|-heal|p2a: Forretress|90/100|[from] item: Leftovers
|upkeep
|turn|4
|
|t:|1759041042
|move|p1a: Landorus|Stealth Rock|p2a: Forretress
|-sidestart|p2: LousiV|move: Stealth Rock
|move|p2a: Forretress|Rapid Spin|p1a: Landorus
|-damage|p1a: Landorus|93/100
|-boost|p2a: Forretress|spe|1
|-sideend|p2: LousiV|Stealth Rock|[from] move: Rapid Spin|[of] p2a: Forretress
|
|-heal|p1a: Landorus|99/100|[from] item: Leftovers
|-heal|p2a: Forretress|96/100|[from] item: Leftovers
|upkeep
|turn|5
|
|t:|1759041048
|switch|p2a: Azumarill|Azumarill, F|100/100
|move|p1a: Landorus|Earthquake|p2a: Azumarill
|-damage|p2a: Azumarill|47/100
|
|-heal|p1a: Landorus|100/100|[from] item: Leftovers
|upkeep
|turn|6
|
|t:|1759041051
|move|p1a: Landorus|Earthquake|p2a: Azumarill
|-damage|p2a: Azumarill|0 fnt
|faint|p2a: Azumarill
|
|upkeep
|
|t:|1759041054
|switch|p2a: Dusknoir|Dusknoir, M|100/100
|-ability|p2a: Dusknoir|Pressure
|turn|7
|
|t:|1759041058
|move|p1a: Landorus|Taunt|p2a: Dusknoir
|-start|p2a: Dusknoir|move: Taunt
|cant|p2a: Dusknoir|move: Taunt|Will-O-Wisp
|
|upkeep
|turn|8
|
|t:|1759041063
|switch|p2a: Thundurus|Thundurus, M|100/100
|move|p1a: Landorus|Stealth Rock|p2a: Thundurus
|-sidestart|p2: LousiV|move: Stealth Rock
|
|upkeep
|turn|9
|
|t:|1759041067
|move|p2a: Thundurus|Substitute|p2a: Thundurus
|-start|p2a: Thundurus|Substitute
|-damage|p2a: Thundurus|76/100
|move|p1a: Landorus|Taunt|p2a: Thundurus
|-start|p2a: Thundurus|move: Taunt
|
|upkeep
|turn|10
|
|t:|1759041072
|move|p2a: Thundurus|Grass Knot|p1a: Landorus
|-damage|p1a: Landorus|69/100
|move|p1a: Landorus|U-turn|p2a: Thundurus
|-resisted|p2a: Thundurus
|-activate|p2a: Thundurus|move: Substitute|[damage]
|
|t:|1759041075
|switch|p1a: Meowscarada|Meowscarada, F|100/100|[from] U-turn
|-damage|p1a: Meowscarada|88/100|[from] Stealth Rock
|
|upkeep
|turn|11
|
|t:|1759041079
|move|p1a: Meowscarada|Triple Axel|p2a: Thundurus
|-start|p1a: Meowscarada|typechange|Ice|[from] ability: Protean
|-supereffective|p2a: Thundurus
|-end|p2a: Thundurus|Substitute
|-supereffective|p2a: Thundurus
|-damage|p2a: Thundurus|0 fnt
|faint|p2a: Thundurus
|-hitcount|p2: Thundurus|2
|
|upkeep
|
|t:|1759041083
|switch|p2a: Forretress|Forretress, M|96/100
|-damage|p2a: Forretress|84/100|[from] Stealth Rock
|turn|12
|
|t:|1759041091
|switch|p1a: Landorus|Landorus-Therian, M|69/100
|-damage|p1a: Landorus|57/100|[from] Stealth Rock
|-ability|p1a: Landorus|Intimidate|boost
|-unboost|p2a: Forretress|atk|1
|move|p2a: Forretress|Volt Switch|p1a: Landorus
|-immune|p1a: Landorus
|
|-heal|p1a: Landorus|63/100|[from] item: Leftovers
|-heal|p2a: Forretress|90/100|[from] item: Leftovers
|upkeep
|turn|13
|
|t:|1759041094
|move|p1a: Landorus|Earthquake|p2a: Forretress
|-damage|p2a: Forretress|59/100
|move|p2a: Forretress|Rapid Spin|p1a: Landorus
|-damage|p1a: Landorus|57/100
|-boost|p2a: Forretress|spe|1
|-sideend|p2: LousiV|Stealth Rock|[from] move: Rapid Spin|[of] p2a: Forretress
|
|-heal|p1a: Landorus|63/100|[from] item: Leftovers
|-heal|p2a: Forretress|65/100|[from] item: Leftovers
|upkeep
|turn|14
|
|t:|1759041097
|move|p1a: Landorus|Earthquake|p2a: Forretress
|-damage|p2a: Forretress|35/100
|move|p2a: Forretress|Rapid Spin|p1a: Landorus
|-damage|p1a: Landorus|56/100
|-boost|p2a: Forretress|spe|1
|
|-heal|p1a: Landorus|62/100|[from] item: Leftovers
|-heal|p2a: Forretress|41/100|[from] item: Leftovers
|upkeep
|turn|15
|
|t:|1759041100
|move|p1a: Landorus|Earthquake|p2a: Forretress
|-damage|p2a: Forretress|12/100
|move|p2a: Forretress|Rapid Spin|p1a: Landorus
|-damage|p1a: Landorus|55/100
|-boost|p2a: Forretress|spe|1
|
|-heal|p1a: Landorus|61/100|[from] item: Leftovers
|-heal|p2a: Forretress|18/100|[from] item: Leftovers
|upkeep
|turn|16
|
|t:|1759041104
|move|p1a: Landorus|Earthquake|p2a: Forretress
|-damage|p2a: Forretress|0 fnt
|faint|p2a: Forretress
|
|-heal|p1a: Landorus|67/100|[from] item: Leftovers
|upkeep
|
|t:|1759041107
|switch|p2a: Dusknoir|Dusknoir, M|100/100
|-ability|p2a: Dusknoir|Pressure
|turn|17
|
|t:|1759041109
|move|p1a: Landorus|Taunt|p2a: Dusknoir
|-start|p2a: Dusknoir|move: Taunt
|move|p2a: Dusknoir|Poltergeist|p1a: Landorus
|-activate|p1a: Landorus|move: Poltergeist|Leftovers
|-damage|p1a: Landorus|27/100
|
|-heal|p1a: Landorus|33/100|[from] item: Leftovers
|upkeep
|turn|18
|
|t:|1759041113
|switch|p2a: Conkeldurr|Conkeldurr, M|100/100
|move|p1a: Landorus|Stealth Rock|p2a: Conkeldurr
|-sidestart|p2: LousiV|move: Stealth Rock
|
|-heal|p1a: Landorus|39/100|[from] item: Leftovers
|-status|p2a: Conkeldurr|brn|[from] item: Flame Orb
|upkeep
|turn|19
|
|t:|1759041123
|move|p1a: Landorus|Earthquake|p2a: Conkeldurr
|-damage|p2a: Conkeldurr|57/100 brn
|move|p2a: Conkeldurr|Facade|p1a: Landorus
|-damage|p1a: Landorus|0 fnt
|faint|p1a: Landorus
|
|-damage|p2a: Conkeldurr|51/100 brn|[from] brn
|upkeep
|
|t:|1759041129
|switch|p1a: Primarina|Primarina, M|100/100
|-damage|p1a: Primarina|88/100|[from] Stealth Rock
|turn|20
|
|t:|1759041132
|switch|p2a: Dusknoir|Dusknoir, M|100/100
|-damage|p2a: Dusknoir|88/100|[from] Stealth Rock
|-ability|p2a: Dusknoir|Pressure
|move|p1a: Primarina|Moonblast|p2a: Dusknoir
|-damage|p2a: Dusknoir|53/100
|
|-heal|p1a: Primarina|94/100|[from] item: Leftovers
|-heal|p2a: Dusknoir|59/100|[from] item: Leftovers
|upkeep
|turn|21
|
|t:|1759041146
|switch|p1a: Gholdengo|Gholdengo|100/100
|-damage|p1a: Gholdengo|94/100|[from] Stealth Rock
|move|p2a: Dusknoir|Trick Room|p2a: Dusknoir
|-fieldstart|move: Trick Room|[of] p2a: Dusknoir
|
|-heal|p2a: Dusknoir|65/100|[from] item: Leftovers
|upkeep
|turn|22
|l|☆LousiV
|inactive|LousiV disconnected and has a minute to reconnect!
|player|p2|
|j|☆LousiV
|inactive|LousiV reconnected and has 135 seconds left.
|player|p2|LousiV|ltsurge|
|
|t:|1759041163
|switch|p1a: Zamazenta|Zamazenta|100/100
|-damage|p1a: Zamazenta|94/100|[from] Stealth Rock
|-ability|p1a: Zamazenta|Dauntless Shield|boost
|-boost|p1a: Zamazenta|def|1
|move|p2a: Dusknoir|Poltergeist|p1a: Zamazenta
|-activate|p1a: Zamazenta|move: Poltergeist|Leftovers
|-damage|p1a: Zamazenta|77/100
|
|-heal|p2a: Dusknoir|72/100|[from] item: Leftovers
|-heal|p1a: Zamazenta|83/100|[from] item: Leftovers
|upkeep
|turn|23
|
|t:|1759041168
|move|p2a: Dusknoir|Will-O-Wisp|p1a: Zamazenta
|-status|p1a: Zamazenta|brn
|move|p1a: Zamazenta|Crunch|p2a: Dusknoir
|-supereffective|p2a: Dusknoir
|-damage|p2a: Dusknoir|52/100
|-unboost|p2a: Dusknoir|def|1
|
|-heal|p2a: Dusknoir|58/100|[from] item: Leftovers
|-heal|p1a: Zamazenta|89/100 brn|[from] item: Leftovers
|-damage|p1a: Zamazenta|83/100 brn|[from] brn
|upkeep
|turn|24
|
|t:|1759041174
|switch|p2a: Reuniclus|Reuniclus, M|100/100
|move|p1a: Zamazenta|Crunch|p2a: Reuniclus
|-supereffective|p2a: Reuniclus
|-damage|p2a: Reuniclus|79/100
|
|-heal|p1a: Zamazenta|89/100 brn|[from] item: Leftovers
|-damage|p1a: Zamazenta|83/100 brn|[from] brn
|upkeep
|turn|25
|
|t:|1759041182
|move|p2a: Reuniclus|Focus Blast|p1a: Zamazenta
|-damage|p1a: Zamazenta|47/100 brn
|move|p1a: Zamazenta|Substitute|p1a: Zamazenta
|-start|p1a: Zamazenta|Substitute
|-damage|p1a: Zamazenta|22/100 brn
|
|-heal|p1a: Zamazenta|28/100 brn|[from] item: Leftovers
|-damage|p1a: Zamazenta|22/100 brn|[from] brn
|-fieldend|move: Trick Room
|upkeep
|turn|26
|
|t:|1759041187
|move|p1a: Zamazenta|Crunch|p2a: Reuniclus
|-supereffective|p2a: Reuniclus
|-damage|p2a: Reuniclus|56/100
|move|p2a: Reuniclus|Trick Room|p2a: Reuniclus
|-fieldstart|move: Trick Room|[of] p2a: Reuniclus
|
|-heal|p1a: Zamazenta|28/100 brn|[from] item: Leftovers
|-damage|p1a: Zamazenta|22/100 brn|[from] brn
|upkeep
|turn|27
|
|t:|1759041191
|move|p2a: Reuniclus|Psychic Noise|p1a: Zamazenta
|-supereffective|p1a: Zamazenta
|-damage|p1a: Zamazenta|0 fnt
|faint|p1a: Zamazenta
|
|upkeep
|
|t:|1759041201
|switch|p1a: Primarina|Primarina, M|94/100
|-damage|p1a: Primarina|82/100|[from] Stealth Rock
|turn|28
|
|t:|1759041206
|move|p2a: Reuniclus|Psychic Noise|p1a: Primarina
|-damage|p1a: Primarina|45/100
|-start|p1a: Primarina|move: Heal Block
|move|p1a: Primarina|Calm Mind|p1a: Primarina
|-boost|p1a: Primarina|spa|1
|-boost|p1a: Primarina|spd|1
|
|upkeep
|turn|29
|
|t:|1759041213
|switch|p2a: Conkeldurr|Conkeldurr, M|51/100 brn
|-damage|p2a: Conkeldurr|45/100 brn|[from] Stealth Rock
|move|p1a: Primarina|Surf|p2a: Conkeldurr
|-damage|p2a: Conkeldurr|0 fnt
|faint|p2a: Conkeldurr
|
|-end|p1a: Primarina|move: Heal Block
|upkeep
|
|t:|1759041220
|switch|p2a: Dusknoir|Dusknoir, M|58/100
|-damage|p2a: Dusknoir|45/100|[from] Stealth Rock
|-ability|p2a: Dusknoir|Pressure
|turn|30
|
|t:|1759041224
|move|p2a: Dusknoir|Poltergeist|p1a: Primarina
|-activate|p1a: Primarina|move: Poltergeist|Leftovers
|-damage|p1a: Primarina|0 fnt
|faint|p1a: Primarina
|
|-heal|p2a: Dusknoir|52/100|[from] item: Leftovers
|-fieldend|move: Trick Room
|upkeep
|
|t:|1759041230
|switch|p1a: Gholdengo|Gholdengo|94/100
|-damage|p1a: Gholdengo|88/100|[from] Stealth Rock
|turn|31
|
|t:|1759041232
|move|p1a: Gholdengo|Shadow Ball|p2a: Dusknoir
|-supereffective|p2a: Dusknoir
|-damage|p2a: Dusknoir|0 fnt
|faint|p2a: Dusknoir
|
|upkeep
|
|t:|1759041235
|switch|p2a: Reuniclus|Reuniclus, M|56/100
|turn|32
|
|t:|1759041238
|-terastallize|p2a: Reuniclus|Fighting
|move|p1a: Gholdengo|Shadow Ball|p2a: Reuniclus
|-damage|p2a: Reuniclus|30/100
|move|p2a: Reuniclus|Trick Room|p2a: Reuniclus
|-fieldstart|move: Trick Room|[of] p2a: Reuniclus
|
|upkeep
|turn|33
|
|t:|1759041244
|move|p2a: Reuniclus|Recover|p2a: Reuniclus
|-heal|p2a: Reuniclus|80/100
|move|p1a: Gholdengo|Shadow Ball|p2a: Reuniclus
|-damage|p2a: Reuniclus|52/100
|
|upkeep
|turn|34
|
|t:|1759041248
|move|p2a: Reuniclus|Recover|p2a: Reuniclus
|-heal|p2a: Reuniclus|100/100
|move|p1a: Gholdengo|Shadow Ball|p2a: Reuniclus
|-damage|p2a: Reuniclus|71/100
|
|upkeep
|turn|35
|
|t:|1759041254
|move|p2a: Reuniclus|Psychic Noise|p1a: Gholdengo
|-resisted|p1a: Gholdengo
|-damage|p1a: Gholdengo|66/100
|-start|p1a: Gholdengo|move: Heal Block
|move|p1a: Gholdengo|Shadow Ball|p2a: Reuniclus
|-damage|p2a: Reuniclus|44/100
|-unboost|p2a: Reuniclus|spd|1
|
|upkeep
|turn|36
|-message|LousiV forfeited.
|
|win|plus2mult
|raw|plus2mult's rating: 1264 &rarr; <strong>1292</strong><br />(+28 for winning)
|raw|LousiV's rating: 1300 &rarr; <strong>1272</strong><br />(-28 for losing)
|l|☆LousiV
|player|p2|
|l|☆plus2mult
|player|p1|
