|j|☆sveinung12321
|j|☆skypiaisland
|t:|1759003712
|gametype|singles
|player|p1|sveinung12321|170|1492
|player|p2|skypiaisland|1|1546
|gen|9
|tier|[Gen 9] OU
|rated|
|rule|HP Percentage Mod: HP is shown in percentages
|rule|Endless Battle Clause: Forcing endless battles is banned
|rule|Species Clause: Limit one of each Pokémon
|rule|OHKO Clause: OHKO moves are banned
|rule|Evasion Items Clause: Evasion items are banned
|rule|Evasion Moves Clause: Evasion moves are banned
|rule|Evasion Abilities Clause: Evasion abilities are banned
|rule|Sleep Moves Clause: Sleep-inducing moves are banned
|clearpoke
|poke|p1|Tyranitar, M|
|poke|p1|Dragapult, M|
|poke|p1|Landorus-Therian, M|
|poke|p1|Heatran, F|
|poke|p1|Weezing-Galar, M|
|poke|p1|Rotom-Wash|
|poke|p2|Raging Bolt|
|poke|p2|Ting-Lu|
|poke|p2|Scizor, M|
|poke|p2|Pelipper, F|
|poke|p2|Tentacruel, F|
|poke|p2|Ogerpon-Wellspring, F|
|teampreview
|inactive|Battle timer is ON: inactive players will automatically lose when time's up. (requested by skypiaisland)
|
|t:|1759003737
|teamsize|p1|6
|teamsize|p2|6
|start
|switch|p1a: Landorus|Landorus-Therian, M|100/100
|switch|p2a: Pelipper|Pelipper, F|100/100
|-ability|p1a: Landorus|Intimidate|boost
|-unboost|p2a: Pelipper|atk|1
|-weather|RainDance|[from] ability: Drizzle|[of] p2a: Pelipper
|turn|1
|
|t:|1759003743
|move|p1a: Landorus|U-turn|p2a: Pelipper
|-resisted|p2a: Pelipper
|-damage|p2a: Pelipper|91/100
|
|t:|1759003745
|switch|p1a: Tyranitar|Tyranitar, M|100/100|[from] U-turn
|-weather|Sandstorm|[from] ability: Sand Stream|[of] p1a: Tyranitar
|move|p2a: Pelipper|Knock Off|p1a: Tyranitar
|-resisted|p1a: Tyranitar
|-damage|p1a: Tyranitar|97/100
|-enditem|p1a: Tyranitar|Leftovers|[from] move: Knock Off|[of] p2a: Pelipper
|
|-weather|Sandstorm|[upkeep]
|-damage|p2a: Pelipper|84/100|[from] Sandstorm
|upkeep
|turn|2
|
|t:|1759003751
|switch|p2a: Ting-Lu|Ting-Lu|100/100
|-ability|p2a: Ting-Lu|Vessel of Ruin
|move|p1a: Tyranitar|Knock Off|p2a: Ting-Lu
|-resisted|p2a: Ting-Lu
|-damage|p2a: Ting-Lu|89/100
|-enditem|p2a: Ting-Lu|Leftovers|[from] move: Knock Off|[of] p1a: Tyranitar
|
|-weather|Sandstorm|[upkeep]
|upkeep
|turn|3
|
|t:|1759003758
|switch|p1a: Rotom|Rotom-Wash|100/100
|move|p2a: Ting-Lu|Spikes|p1a: Rotom
|-sidestart|p1: sveinung12321|Spikes
|
|-weather|Sandstorm|[upkeep]
|-damage|p1a: Rotom|95/100|[from] Sandstorm
|-heal|p1a: Rotom|100/100|[from] item: Leftovers
|upkeep
|turn|4
|
|t:|1759003763
|move|p1a: Rotom|Will-O-Wisp|p2a: Ting-Lu
|-status|p2a: Ting-Lu|brn
|move|p2a: Ting-Lu|Ruination|p1a: Rotom
|-damage|p1a: Rotom|51/100
|
|-weather|Sandstorm|[upkeep]
|-damage|p1a: Rotom|45/100|[from] Sandstorm
|-heal|p1a: Rotom|51/100|[from] item: Leftovers
|-damage|p2a: Ting-Lu|83/100 brn|[from] brn
|upkeep
|turn|5
|
|t:|1759003774
|move|p1a: Rotom|Pain Split|p2a: Ting-Lu
|-sethp|p2a: Ting-Lu|56/100 brn|[from] move: Pain Split|[silent]
|-sethp|p1a: Rotom|95/100|[from] move: Pain Split
|move|p2a: Ting-Lu|Spikes|p1a: Rotom
|-sidestart|p1: sveinung12321|Spikes
|
|-weather|none
|-heal|p1a: Rotom|100/100|[from] item: Leftovers
|-damage|p2a: Ting-Lu|50/100 brn|[from] brn
|upkeep
|turn|6
|
|t:|1759003778
|move|p1a: Rotom|Hydro Pump|p2a: Ting-Lu|[miss]
|-miss|p1a: Rotom|p2a: Ting-Lu
|move|p2a: Ting-Lu|Ruination|p1a: Rotom
|-damage|p1a: Rotom|51/100
|
|-heal|p1a: Rotom|57/100|[from] item: Leftovers
|-damage|p2a: Ting-Lu|44/100 brn|[from] brn
|upkeep
|turn|7
|
|t:|1759003781
|switch|p2a: Ogerpon|Ogerpon-Wellspring, F|100/100
|move|p1a: Rotom|Hydro Pump|p2a: Ogerpon
|-immune|p2a: Ogerpon|[from] ability: Water Absorb
|
|-heal|p1a: Rotom|63/100|[from] item: Leftovers
|upkeep
|turn|8
|
|t:|1759003788
|switch|p2a: Tentacruel|Tentacruel, F|100/100
|switch|p1a: Weezing|Weezing-Galar, M|100/100
|-ability|p1a: Weezing|Neutralizing Gas
|-damage|p1a: Weezing|84/100|[from] Spikes
|
|-heal|p1a: Weezing|90/100|[from] item: Leftovers
|upkeep
|turn|9
|
|t:|1759003792
|move|p2a: Tentacruel|Knock Off|p1a: Weezing
|-resisted|p1a: Weezing
|-damage|p1a: Weezing|84/100
|-enditem|p1a: Weezing|Leftovers|[from] move: Knock Off|[of] p2a: Tentacruel
|move|p1a: Weezing|Defog|p2a: Tentacruel
|-unboost|p2a: Tentacruel|evasion|1
|-sideend|p1: sveinung12321|Spikes|[from] move: Defog|[of] p1a: Weezing
|
|upkeep
|turn|10
|
|t:|1759003795
|move|p2a: Tentacruel|Toxic Spikes|p1a: Weezing
|-sidestart|p1: sveinung12321|move: Toxic Spikes
|move|p1a: Weezing|Will-O-Wisp|p2a: Tentacruel
|-status|p2a: Tentacruel|brn
|
|-damage|p2a: Tentacruel|94/100 brn|[from] brn
|upkeep
|turn|11
|
|t:|1759003798
|-end|p1a: Weezing|ability: Neutralizing Gas
|switch|p1a: Rotom|Rotom-Wash|63/100
|move|p2a: Tentacruel|Flip Turn|p1a: Rotom
|-resisted|p1a: Rotom
|-damage|p1a: Rotom|60/100
|
|t:|1759003801
|switch|p2a: Ogerpon|Ogerpon-Wellspring, F|100/100|[from] Flip Turn
|
|-heal|p1a: Rotom|66/100|[from] item: Leftovers
|upkeep
|turn|12
|
|t:|1759003806
|move|p2a: Ogerpon|Swords Dance|p2a: Ogerpon
|-boost|p2a: Ogerpon|atk|2
|move|p1a: Rotom|Volt Switch|p2a: Ogerpon
|-damage|p2a: Ogerpon|73/100
|
|t:|1759003808
|switch|p1a: Weezing|Weezing-Galar, M|84/100|[from] Volt Switch
|-ability|p1a: Weezing|Neutralizing Gas
|-sideend|p1: sveinung12321|move: Toxic Spikes|[of] p1a: Weezing
|
|upkeep
|turn|13
|
|t:|1759003813
|-terastallize|p2a: Ogerpon|Water
|detailschange|p2a: Ogerpon|Ogerpon-Wellspring-Tera, F, tera:Water
|move|p2a: Ogerpon|Ivy Cudgel|p1a: Weezing|[anim] Ivy Cudgel Water
|-damage|p1a: Weezing|0 fnt
|faint|p1a: Weezing
|-end|p1a: Weezing|ability: Neutralizing Gas
|-ability|p2a: Ogerpon|Embody Aspect (Wellspring)|boost
|-boost|p2a: Ogerpon|spd|1
|
|upkeep
|
|t:|1759003820
|switch|p1a: Landorus|Landorus-Therian, M|100/100
|-ability|p1a: Landorus|Intimidate|boost
|-unboost|p2a: Ogerpon|atk|1
|turn|14
|
|t:|1759003823
|-terastallize|p1a: Landorus|Flying
|move|p1a: Landorus|Tera Blast|p2a: Ogerpon|[anim] Tera Blast Flying
|-damage|p2a: Ogerpon|0 fnt
|faint|p2a: Ogerpon
|detailschange|p2: Ogerpon|Ogerpon-Wellspring, F|[silent]
|
|upkeep
|
|t:|1759003826
|switch|p2a: Raging Bolt|Raging Bolt|100/100
|-enditem|p2a: Raging Bolt|Booster Energy
|-activate|p2a: Raging Bolt|ability: Protosynthesis|[fromitem]
|-start|p2a: Raging Bolt|protosynthesisspa
|turn|15
|
|t:|1759003831
|switch|p1a: Tyranitar|Tyranitar, M|97/100
|-weather|Sandstorm|[from] ability: Sand Stream|[of] p1a: Tyranitar
|move|p2a: Raging Bolt|Thunderbolt|p1a: Tyranitar
|-damage|p1a: Tyranitar|69/100
|
|-weather|Sandstorm|[upkeep]
|-damage|p2a: Raging Bolt|94/100|[from] Sandstorm
|upkeep
|turn|16
|
|t:|1759003835
|-end|p2a: Raging Bolt|Protosynthesis|[silent]
|switch|p2a: Scizor|Scizor, M|100/100
|move|p1a: Tyranitar|Ice Beam|p2a: Scizor
|-resisted|p2a: Scizor
|-damage|p2a: Scizor|89/100
|
|-weather|Sandstorm|[upkeep]
|upkeep
|turn|17
|
|t:|1759003838
|switch|p1a: Heatran|Heatran, F|100/100
|move|p2a: Scizor|U-turn|p1a: Heatran
|-resisted|p1a: Heatran
|-damage|p1a: Heatran|94/100
|
|t:|1759003841
|switch|p2a: Pelipper|Pelipper, F|84/100|[from] U-turn
|-weather|RainDance|[from] ability: Drizzle|[of] p2a: Pelipper
|
|-weather|RainDance|[upkeep]
|-heal|p1a: Heatran|100/100|[from] item: Leftovers
|upkeep
|turn|18
|
|t:|1759003846
|move|p1a: Heatran|Magma Storm|p2a: Pelipper
|-resisted|p2a: Pelipper
|-damage|p2a: Pelipper|68/100
|-activate|p2a: Pelipper|move: Magma Storm|[of] p1a: Heatran
|move|p2a: Pelipper|U-turn|p1a: Heatran
|-resisted|p1a: Heatran
|-damage|p1a: Heatran|99/100
|
|t:|1759003849
|switch|p2a: Raging Bolt|Raging Bolt|94/100|[from] U-turn
|
|-weather|RainDance|[upkeep]
|-heal|p1a: Heatran|100/100|[from] item: Leftovers
|upkeep
|turn|19
|
|t:|1759003851
|switch|p1a: Tyranitar|Tyranitar, M|69/100
|-weather|Sandstorm|[from] ability: Sand Stream|[of] p1a: Tyranitar
|move|p2a: Raging Bolt|Weather Ball|p1a: Tyranitar
|-damage|p1a: Tyranitar|53/100
|
|-weather|Sandstorm|[upkeep]
|-damage|p2a: Raging Bolt|88/100|[from] Sandstorm
|upkeep
|turn|20
|
|t:|1759003860
|-end|p2a: Raging Bolt|Protosynthesis|[silent]
|switch|p2a: Ting-Lu|Ting-Lu|44/100 brn
|-ability|p2a: Ting-Lu|Vessel of Ruin
|move|p1a: Tyranitar|Stealth Rock|p2a: Ting-Lu
|-sidestart|p2: skypiaisland|move: Stealth Rock
|
|-weather|Sandstorm|[upkeep]
|-damage|p2a: Ting-Lu|38/100 brn|[from] brn
|upkeep
|turn|21
|
|t:|1759003862
|move|p1a: Tyranitar|Ice Beam|p2a: Ting-Lu
|-supereffective|p2a: Ting-Lu
|-damage|p2a: Ting-Lu|22/100 brn
|move|p2a: Ting-Lu|Spikes|p1a: Tyranitar
|-sidestart|p1: sveinung12321|Spikes
|
|-weather|Sandstorm|[upkeep]
|-damage|p2a: Ting-Lu|15/100 brn|[from] brn
|upkeep
|turn|22
|
|t:|1759003864
|move|p1a: Tyranitar|Ice Beam|p2a: Ting-Lu
|-supereffective|p2a: Ting-Lu
|-damage|p2a: Ting-Lu|0 fnt
|faint|p2a: Ting-Lu
|
|-weather|Sandstorm|[upkeep]
|upkeep
|
|t:|1759003866
|switch|p2a: Scizor|Scizor, M|89/100
|turn|23
|
|t:|1759003870
|switch|p1a: Rotom|Rotom-Wash|66/100
|move|p2a: Scizor|Knock Off|p1a: Rotom
|-damage|p1a: Rotom|41/100
|-enditem|p1a: Rotom|Leftovers|[from] move: Knock Off|[of] p2a: Scizor
|
|-weather|none
|upkeep
|turn|24
|
|t:|1759003875
|move|p1a: Rotom|Volt Switch|p2a: Scizor
|-damage|p2a: Scizor|58/100
|
|t:|1759003877
|switch|p1a: Heatran|Heatran, F|100/100|[from] Volt Switch
|-damage|p1a: Heatran|88/100|[from] Spikes
|move|p2a: Scizor|U-turn|p1a: Heatran
|-resisted|p1a: Heatran
|-damage|p1a: Heatran|81/100
|
|t:|1759003880
|switch|p2a: Tentacruel|Tentacruel, F|94/100 brn|[from] U-turn
|
|-heal|p1a: Heatran|88/100|[from] item: Leftovers
|-damage|p2a: Tentacruel|88/100 brn|[from] brn
|upkeep
|turn|25
|
|t:|1759003884
|move|p2a: Tentacruel|Knock Off|p1a: Heatran
|-damage|p1a: Heatran|80/100
|-enditem|p1a: Heatran|Leftovers|[from] move: Knock Off|[of] p2a: Tentacruel
|move|p1a: Heatran|Earth Power|p2a: Tentacruel
|-supereffective|p2a: Tentacruel
|-damage|p2a: Tentacruel|38/100 brn
|
|-damage|p2a: Tentacruel|32/100 brn|[from] brn
|upkeep
|turn|26
|
|t:|1759003889
|switch|p1a: Dragapult|Dragapult, M|100/100
|-damage|p1a: Dragapult|88/100|[from] Spikes
|move|p2a: Tentacruel|Toxic Spikes|p1a: Dragapult
|-sidestart|p1: sveinung12321|move: Toxic Spikes
|
|-damage|p2a: Tentacruel|26/100 brn|[from] brn
|upkeep
|turn|27
|
|t:|1759003893
|move|p1a: Dragapult|Shadow Ball|p2a: Tentacruel
|-damage|p2a: Tentacruel|0 fnt
|faint|p2a: Tentacruel
|
|upkeep
|
|t:|1759003895
|switch|p2a: Scizor|Scizor, M|58/100
|turn|28
|
|t:|1759003900
|move|p1a: Dragapult|Shadow Ball|p2a: Scizor
|-damage|p2a: Scizor|0 fnt
|faint|p2a: Scizor
|
|upkeep
|
|t:|1759003901
|switch|p2a: Raging Bolt|Raging Bolt|88/100
|-damage|p2a: Raging Bolt|76/100|[from] Stealth Rock
|turn|29
|
|t:|1759003906
|switch|p1a: Tyranitar|Tyranitar, M|53/100
|-damage|p1a: Tyranitar|41/100|[from] Spikes
|-status|p1a: Tyranitar|psn
|-weather|Sandstorm|[from] ability: Sand Stream|[of] p1a: Tyranitar
|move|p2a: Raging Bolt|Thunderbolt|p1a: Tyranitar
|-damage|p1a: Tyranitar|21/100 psn
|
|-weather|Sandstorm|[upkeep]
|-damage|p2a: Raging Bolt|70/100|[from] Sandstorm
|-damage|p1a: Tyranitar|8/100 psn|[from] psn
|upkeep
|turn|30
|
|t:|1759003912
|move|p2a: Raging Bolt|Thunderbolt|p1a: Tyranitar
|-damage|p1a: Tyranitar|0 fnt
|faint|p1a: Tyranitar
|
|-weather|Sandstorm|[upkeep]
|-damage|p2a: Raging Bolt|64/100|[from] Sandstorm
|upkeep
|
|t:|1759003914
|switch|p1a: Heatran|Heatran, F|80/100
|-damage|p1a: Heatran|68/100|[from] Spikes
|turn|31
|
|t:|1759003918
|-end|p2a: Raging Bolt|Protosynthesis|[silent]
|switch|p2a: Pelipper|Pelipper, F|68/100
|-damage|p2a: Pelipper|43/100|[from] Stealth Rock
|-weather|RainDance|[from] ability: Drizzle|[of] p2a: Pelipper
|move|p1a: Heatran|Magma Storm|p2a: Pelipper
|-resisted|p2a: Pelipper
|-damage|p2a: Pelipper|24/100
|-activate|p2a: Pelipper|move: Magma Storm|[of] p1a: Heatran
|
|-weather|RainDance|[upkeep]
|-damage|p2a: Pelipper|12/100|[from] move: Magma Storm|[partiallytrapped]
|upkeep
|turn|32
|
|t:|1759003921
|move|p1a: Heatran|Flash Cannon|p2a: Pelipper
|-resisted|p2a: Pelipper
|-damage|p2a: Pelipper|0 fnt
|faint|p2a: Pelipper
|
|-weather|RainDance|[upkeep]
|upkeep
|
|t:|1759003923
|switch|p2a: Raging Bolt|Raging Bolt|64/100
|-damage|p2a: Raging Bolt|51/100|[from] Stealth Rock
|turn|33
|
|t:|1759003925
|move|p2a: Raging Bolt|Weather Ball|p1a: Heatran
|-supereffective|p1a: Heatran
|-damage|p1a: Heatran|0 fnt
|faint|p1a: Heatran
|
|-weather|RainDance|[upkeep]
|upkeep
|
|t:|1759003928
|switch|p1a: Landorus|Landorus-Therian, M, tera:Flying|100/100
|-ability|p1a: Landorus|Intimidate|boost
|-unboost|p2a: Raging Bolt|atk|1
|turn|34
|
|t:|1759003934
|move|p2a: Raging Bolt|Thunderclap|p1a: Landorus
|-supereffective|p1a: Landorus
|-damage|p1a: Landorus|0 fnt
|faint|p1a: Landorus
|
|-weather|RainDance|[upkeep]
|upkeep
|
|t:|1759003935
|switch|p1a: Dragapult|Dragapult, M|88/100
|-damage|p1a: Dragapult|76/100|[from] Spikes
|-status|p1a: Dragapult|psn
|turn|35
|
|t:|1759003940
|move|p1a: Dragapult|Draco Meteor|p2a: Raging Bolt
|-supereffective|p2a: Raging Bolt
|-damage|p2a: Raging Bolt|0 fnt
|-unboost|p1a: Dragapult|spa|2
|faint|p2a: Raging Bolt
|-end|p2a: Raging Bolt|Protosynthesis|[silent]
|
|win|sveinung12321
|raw|sveinung12321's rating: 1492 &rarr; <strong>1515</strong><br />(+23 for winning)
|raw|skypiaisland's rating: 1546 &rarr; <strong>1523</strong><br />(-23 for losing)
|l|☆skypiaisland
|player|p2|
|l|☆sveinung12321
|player|p1|
