|j|☆missingyat
|j|☆stupidrandomletter
|t:|1758926516
|gametype|singles
|player|p1|missingyat|unknownf|1081
|player|p2|stupidrandomletter|1|1126
|gen|9
|tier|[Gen 9] OU
|rated|
|rule|HP Percentage Mod: HP is shown in percentages
|rule|Endless Battle Clause: Forcing endless battles is banned
|rule|Species Clause: Limit one of each Pokémon
|rule|OHKO Clause: OHKO moves are banned
|rule|Evasion Items Clause: Evasion items are banned
|rule|Evasion Moves Clause: Evasion moves are banned
|rule|Evasion Abilities Clause: Evasion abilities are banned
|rule|Sleep Moves Clause: Sleep-inducing moves are banned
|clearpoke
|poke|p1|Komala, F|
|poke|p1|Bastiodon, M|
|poke|p1|Clodsire, F|
|poke|p1|Ambipom, F|
|poke|p1|Shiftry, F|
|poke|p1|Gholdengo|
|poke|p2|Gengar, F|
|poke|p2|Reuniclus, F|
|poke|p2|Glimmora, F|
|poke|p2|Zoroark-Hisui, F|
|poke|p2|Metagross|
|poke|p2|Tyranitar, M|
|teampreview
|
|t:|1758926528
|teamsize|p1|6
|teamsize|p2|6
|start
|switch|p1a: Bastiodon|Bastiodon, M|100/100
|switch|p2a: Gengar|Gengar, F|100/100
|turn|1
|
|t:|1758926536
|move|p2a: Gengar|Taunt|p1a: Bastiodon
|-start|p1a: Bastiodon|move: Taunt
|cant|p1a: Bastiodon|move: Taunt|Stealth Rock
|
|upkeep
|turn|2
|
|t:|1758926547
|switch|p1a: Komala|Komala, F|100/100
|-ability|p1a: Komala|Comatose
|move|p2a: Gengar|Focus Blast|p1a: Komala|[miss]
|-miss|p2a: Gengar|p1a: Komala
|
|upkeep
|turn|3
|
|t:|1758926556
|move|p1a: Komala|Sucker Punch|p2a: Gengar
|-supereffective|p2a: Gengar
|-damage|p2a: Gengar|4/100
|move|p2a: Gengar|Venoshock|p1a: Komala
|-damage|p1a: Komala|71/100
|
|upkeep
|turn|4
|
|t:|1758926570
|switch|p1a: Bastiodon|Bastiodon, M|100/100
|move|p2a: Gengar|Destiny Bond|p2a: Gengar
|-singlemove|p2a: Gengar|Destiny Bond
|
|upkeep
|turn|5
|
|t:|1758926578
|move|p2a: Gengar|Focus Blast|p1a: Bastiodon
|-supereffective|p1a: Bastiodon
|-ability|p1a: Bastiodon|Sturdy
|-damage|p1a: Bastiodon|1/100
|move|p1a: Bastiodon|Earthquake|p2a: Gengar
|-supereffective|p2a: Gengar
|-damage|p2a: Gengar|0 fnt
|faint|p2a: Gengar
|
|upkeep
|
|t:|1758926588
|switch|p2a: Tyranitar|Tyranitar, M|100/100
|turn|6
|-enditem|p1a: Bastiodon|Custap Berry|[eat]
|-activate|p1a: Bastiodon|item: Custap Berry|[consumed]
|
|t:|1758926597
|move|p1a: Bastiodon|Body Press|p2a: Tyranitar
|-immune|p2a: Tyranitar
|move|p2a: Tyranitar|Flamethrower|p1a: Bastiodon
|-damage|p1a: Bastiodon|0 fnt
|faint|p1a: Bastiodon
|-damage|p2a: Tyranitar|91/100|[from] item: Life Orb
|
|upkeep
|
|t:|1758926611
|switch|p1a: Clodsire|Clodsire, F|100/100
|turn|7
|
|t:|1758926619
|move|p2a: Tyranitar|Nasty Plot|p2a: Tyranitar
|-boost|p2a: Tyranitar|spa|2
|move|p1a: Clodsire|Spikes|p2a: Tyranitar
|-sidestart|p2: stupidrandomletter|Spikes
|
|upkeep
|turn|8
|
|t:|1758926625
|move|p2a: Tyranitar|Bitter Malice|p1a: Clodsire
|-damage|p1a: Clodsire|36/100
|-unboost|p1a: Clodsire|atk|1
|-damage|p2a: Tyranitar|81/100|[from] item: Life Orb
|move|p1a: Clodsire|Earthquake|p2a: Tyranitar
|-damage|p2a: Tyranitar|42/100
|replace|p2a: Zoroark|Zoroark-Hisui, F
|-end|p2a: Zoroark|Illusion
|
|-heal|p1a: Clodsire|42/100|[from] item: Leftovers
|upkeep
|turn|9
|
|t:|1758926647
|switch|p1a: Komala|Komala, F|71/100
|-ability|p1a: Komala|Comatose
|move|p2a: Zoroark|Hyper Voice|p1a: Komala
|-damage|p1a: Komala|0 fnt
|faint|p1a: Komala
|-damage|p2a: Zoroark|32/100|[from] item: Life Orb
|
|upkeep
|
|t:|1758926653
|switch|p1a: Pepto|Ambipom, F, shiny|100/100
|turn|10
|
|t:|1758926659
|move|p1a: Pepto|Knock Off|p2a: Zoroark
|-supereffective|p2a: Zoroark
|-damage|p2a: Zoroark|0 fnt
|-enditem|p2a: Zoroark|Life Orb|[from] move: Knock Off|[of] p1a: Pepto
|faint|p2a: Zoroark
|
|upkeep
|
|t:|1758926664
|switch|p2a: Glimmora|Glimmora, F|100/100
|-damage|p2a: Glimmora|88/100|[from] Spikes
|turn|11
|
|t:|1758926670
|switch|p1a: Clodsire|Clodsire, F|42/100
|move|p2a: Glimmora|Meteor Beam||[still]
|-prepare|p2a: Glimmora|Meteor Beam
|-boost|p2a: Glimmora|spa|1
|-enditem|p2a: Glimmora|Power Herb
|-anim|p2a: Glimmora|Meteor Beam|p1a: Clodsire
|-resisted|p1a: Clodsire
|-damage|p1a: Clodsire|12/100
|
|-heal|p1a: Clodsire|18/100|[from] item: Leftovers
|upkeep
|turn|12
|
|t:|1758926681
|move|p2a: Glimmora|Earth Power|p1a: Clodsire
|-supereffective|p1a: Clodsire
|-damage|p1a: Clodsire|0 fnt
|faint|p1a: Clodsire
|
|upkeep
|
|t:|1758926697
|switch|p1a: Shiftry|Shiftry, F|100/100
|turn|13
|
|t:|1758926700
|move|p2a: Glimmora|Spiky Shield|p2a: Glimmora
|-singleturn|p2a: Glimmora|move: Protect
|move|p1a: Shiftry|Tailwind|p1a: Shiftry
|-sidestart|p1: missingyat|move: Tailwind
|-ability|p1a: Shiftry|Wind Rider|boost
|-boost|p1a: Shiftry|atk|1
|
|upkeep
|turn|14
|
|t:|1758926711
|move|p1a: Shiftry|Knock Off|p2a: Glimmora
|-damage|p2a: Glimmora|31/100
|-activate|p2a: Glimmora|ability: Toxic Debris
|-sidestart|p1: missingyat|move: Toxic Spikes
|move|p2a: Glimmora|Meteor Beam||[still]
|-prepare|p2a: Glimmora|Meteor Beam
|-boost|p2a: Glimmora|spa|1
|
|upkeep
|turn|15
|
|t:|1758926719
|move|p1a: Shiftry|Knock Off|p2a: Glimmora
|-damage|p2a: Glimmora|0 fnt
|-activate|p2a: Glimmora|ability: Toxic Debris
|-sidestart|p1: missingyat|move: Toxic Spikes
|faint|p2a: Glimmora
|
|upkeep
|
|t:|1758926725
|switch|p2a: Tyranitar|Tyranitar, M|100/100
|-damage|p2a: Tyranitar|88/100|[from] Spikes
|-weather|Sandstorm|[from] ability: Sand Stream|[of] p2a: Tyranitar
|turn|16
|
|t:|1758926732
|-terastallize|p2a: Tyranitar|Flying
|move|p1a: Shiftry|Leaf Blade|p2a: Tyranitar
|-resisted|p2a: Tyranitar
|-damage|p2a: Tyranitar|65/100
|move|p2a: Tyranitar|Dragon Dance|p2a: Tyranitar
|-boost|p2a: Tyranitar|atk|1
|-boost|p2a: Tyranitar|spe|1
|
|-weather|Sandstorm|[upkeep]
|-damage|p1a: Shiftry|94/100|[from] Sandstorm
|-damage|p2a: Tyranitar|59/100|[from] Sandstorm
|-heal|p2a: Tyranitar|65/100|[from] item: Leftovers
|-sideend|p1: missingyat|move: Tailwind
|upkeep
|turn|17
|
|t:|1758926743
|move|p1a: Shiftry|Sucker Punch|p2a: Tyranitar
|-crit|p2a: Tyranitar
|-damage|p2a: Tyranitar|0 fnt
|faint|p2a: Tyranitar
|
|-weather|Sandstorm|[upkeep]
|-damage|p1a: Shiftry|88/100|[from] Sandstorm
|upkeep
|
|t:|1758926749
|switch|p2a: Metagross|Metagross|100/100
|-damage|p2a: Metagross|88/100|[from] Spikes
|turn|18
|
|t:|1758926754
|move|p1a: Shiftry|Knock Off|p2a: Metagross
|-supereffective|p2a: Metagross
|-damage|p2a: Metagross|9/100
|-enditem|p2a: Metagross|Choice Scarf|[from] move: Knock Off|[of] p1a: Shiftry
|move|p2a: Metagross|Trick|p1a: Shiftry
|-activate|p2a: Metagross|move: Trick|[of] p1a: Shiftry
|-enditem|p1a: Shiftry|Black Glasses|[silent]|[from] move: Trick
|-item|p2a: Metagross|Black Glasses|[from] move: Trick
|
|-weather|Sandstorm|[upkeep]
|-damage|p1a: Shiftry|82/100|[from] Sandstorm
|upkeep
|turn|19
|
|t:|1758926763
|move|p1a: Shiftry|Tailwind|p1a: Shiftry
|-sidestart|p1: missingyat|move: Tailwind
|-ability|p1a: Shiftry|Wind Rider|boost
|-boost|p1a: Shiftry|atk|1
|move|p2a: Metagross|Stealth Rock|p1a: Shiftry
|-sidestart|p1: missingyat|move: Stealth Rock
|
|-weather|Sandstorm|[upkeep]
|-damage|p1a: Shiftry|76/100|[from] Sandstorm
|upkeep
|turn|20
|
|t:|1758926772
|move|p1a: Shiftry|Knock Off|p2a: Metagross
|-supereffective|p2a: Metagross
|-damage|p2a: Metagross|0 fnt
|-enditem|p2a: Metagross|Black Glasses|[from] move: Knock Off|[of] p1a: Shiftry
|faint|p2a: Metagross
|
|-weather|none
|upkeep
|
|t:|1758926780
|switch|p2a: Reuniclus|Reuniclus, F|100/100
|turn|21
|
|t:|1758926784
|move|p1a: Shiftry|Knock Off|p2a: Reuniclus
|-supereffective|p2a: Reuniclus
|-damage|p2a: Reuniclus|0 fnt
|-enditem|p2a: Reuniclus|Life Orb|[from] move: Knock Off|[of] p1a: Shiftry
|faint|p2a: Reuniclus
|
|win|missingyat
|raw|missingyat's rating: 1081 &rarr; <strong>1112</strong><br />(+31 for winning)
|raw|stupidrandomletter's rating: 1126 &rarr; <strong>1098</strong><br />(-28 for losing)
|l|☆stupidrandomletter
|player|p2|
|l|☆missingyat
|player|p1|
