|j|☆4kazter
|j|☆space t00n
|t:|1759056787
|gametype|singles
|player|p1|4kazter|169|1592
|player|p2|space t00n|lucas|1581
|gen|9
|tier|[Gen 9] OU
|rated|
|rule|HP Percentage Mod: HP is shown in percentages
|rule|Endless Battle Clause: Forcing endless battles is banned
|rule|Species Clause: Limit one of each Pokémon
|rule|OHKO Clause: OHKO moves are banned
|rule|Evasion Items Clause: Evasion items are banned
|rule|Evasion Moves Clause: Evasion moves are banned
|rule|Evasion Abilities Clause: Evasion abilities are banned
|rule|Sleep Moves Clause: Sleep-inducing moves are banned
|clearpoke
|poke|p1|Blaziken, M|
|poke|p1|Ninetales, F|
|poke|p1|Indeedee, M|
|poke|p1|Hatterene, F|
|poke|p1|Slowbro-Galar, F|
|poke|p1|Cinderace, F|
|poke|p2|Hatterene, F|
|poke|p2|Kingambit, F|
|poke|p2|Dragapult, M|
|poke|p2|Glimmora, M|
|poke|p2|Gliscor, F|
|poke|p2|Ogerpon-Wellspring, F|
|teampreview
|inactive|Battle timer is ON: inactive players will automatically lose when time's up. (requested by space t00n)
|
|t:|1759056809
|teamsize|p1|6
|teamsize|p2|6
|start
|switch|p1a: DeeDee|Indeedee, M|100/100
|switch|p2a: Dragapult|Dragapult, M|100/100
|-fieldstart|move: Psychic Terrain|[from] ability: Psychic Surge|[of] p1a: DeeDee
|turn|1
|
|t:|1759056818
|switch|p1a: Kurama|Ninetales, F|100/100
|-weather|SunnyDay|[from] ability: Drought|[of] p1a: Kurama
|move|p2a: Dragapult|Light Screen|p2a: Dragapult
|-sidestart|p2: space t00n|move: Light Screen
|
|-weather|SunnyDay|[upkeep]
|upkeep
|turn|2
|
|t:|1759056825
|move|p2a: Dragapult|Reflect|p2a: Dragapult
|-sidestart|p2: space t00n|Reflect
|move|p1a: Kurama|Will-O-Wisp|p2a: Dragapult
|-status|p2a: Dragapult|brn
|
|-weather|SunnyDay|[upkeep]
|-damage|p2a: Dragapult|94/100 brn|[from] brn
|upkeep
|turn|3
|
|t:|1759056834
|switch|p1a: ReverseUNO|Cinderace, F|100/100
|move|p2a: Dragapult|Curse|p1a: ReverseUNO
|-start|p1a: ReverseUNO|Curse|[of] p2a: Dragapult
|-damage|p2a: Dragapult|44/100 brn
|
|-weather|SunnyDay|[upkeep]
|-damage|p2a: Dragapult|38/100 brn|[from] brn
|-damage|p1a: ReverseUNO|76/100|[from] Curse
|upkeep
|turn|4
|
|t:|1759056843
|switch|p2a: Gliscor|Gliscor, F|100/100
|move|p1a: ReverseUNO|Court Change|p1a: ReverseUNO
|-start|p1a: ReverseUNO|typechange|Normal|[from] ability: Libero
|-swapsideconditions
|-activate|p1a: ReverseUNO|move: Court Change
|
|-weather|SunnyDay|[upkeep]
|-damage|p1a: ReverseUNO|51/100|[from] Curse
|-status|p2a: Gliscor|tox|[from] item: Toxic Orb
|upkeep
|turn|5
|
|t:|1759056851
|switch|p1a: Mavis|Hatterene, F|100/100
|move|p2a: Gliscor|Agility|p2a: Gliscor
|-boost|p2a: Gliscor|spe|2
|
|-weather|SunnyDay|[upkeep]
|upkeep
|turn|6
|
|t:|1759056858
|move|p2a: Gliscor|Swords Dance|p2a: Gliscor
|-boost|p2a: Gliscor|atk|2
|move|p1a: Mavis|Trick Room|p1a: Mavis
|-fieldstart|move: Trick Room|[of] p1a: Mavis
|
|-weather|SunnyDay|[upkeep]
|upkeep
|turn|7
|
|t:|1759056863
|move|p1a: Mavis|Expanding Force|p2a: Gliscor
|-damage|p2a: Gliscor|0 fnt
|faint|p2a: Gliscor
|-damage|p1a: Mavis|91/100|[from] item: Life Orb
|
|-weather|SunnyDay|[upkeep]
|upkeep
|
|t:|1759056869
|switch|p2a: Hatterene|Hatterene, F|100/100
|turn|8
|
|t:|1759056871
|move|p1a: Mavis|Mystical Fire|p2a: Hatterene
|-damage|p2a: Hatterene|22/100
|-unboost|p2a: Hatterene|spa|1
|-damage|p1a: Mavis|81/100|[from] item: Life Orb
|move|p2a: Hatterene|Calm Mind|p2a: Hatterene
|-boost|p2a: Hatterene|spa|1
|-boost|p2a: Hatterene|spd|1
|
|-weather|none
|-heal|p2a: Hatterene|29/100|[from] item: Leftovers
|-sideend|p1: 4kazter|move: Light Screen
|-fieldend|move: Psychic Terrain
|upkeep
|turn|9
|
|t:|1759056881
|move|p1a: Mavis|Mystical Fire|p2a: Hatterene
|-damage|p2a: Hatterene|0 fnt
|faint|p2a: Hatterene
|-damage|p1a: Mavis|71/100|[from] item: Life Orb
|
|-sideend|p1: 4kazter|Reflect
|upkeep
|
|t:|1759056890
|switch|p2a: Kingambit|Kingambit, F|100/100
|-activate|p2a: Kingambit|ability: Supreme Overlord
|-start|p2a: Kingambit|fallen2|[silent]
|turn|10
|
|t:|1759056894
|switch|p1a: DeeDee|Indeedee, M|100/100
|-fieldstart|move: Psychic Terrain|[from] ability: Psychic Surge|[of] p1a: DeeDee
|move|p2a: Kingambit|Sucker Punch||[still]
|-fail|p2a: Kingambit
|
|-fieldend|move: Trick Room
|upkeep
|turn|11
|
|t:|1759056901
|move|p1a: DeeDee|Encore|p2a: Kingambit
|-start|p2a: Kingambit|Encore
|move|p2a: Kingambit|Sucker Punch||[still]
|-fail|p2a: Kingambit
|
|upkeep
|turn|12
|
|t:|1759056907
|switch|p1a: CaptFalcon|Blaziken, M|100/100
|-end|p2a: Kingambit|fallen2|[silent]
|switch|p2a: Ogerpon|Ogerpon-Wellspring, F|100/100
|
|upkeep
|turn|13
|
|t:|1759056917
|switch|p1a: Kurama|Ninetales, F|100/100
|-weather|SunnyDay|[from] ability: Drought|[of] p1a: Kurama
|move|p2a: Ogerpon|Ivy Cudgel|p1a: Kurama|[anim] Ivy Cudgel Water
|-supereffective|p1a: Kurama
|-crit|p1a: Kurama
|-damage|p1a: Kurama|0 fnt
|faint|p1a: Kurama
|
|-weather|SunnyDay|[upkeep]
|upkeep
|
|t:|1759056925
|switch|p1a: Mavis|Hatterene, F|71/100
|turn|14
|
|t:|1759056929
|move|p2a: Ogerpon|Ivy Cudgel|p1a: Mavis|[anim] Ivy Cudgel Water
|-crit|p1a: Mavis
|-damage|p1a: Mavis|22/100
|move|p1a: Mavis|Trick Room|p1a: Mavis
|-fieldstart|move: Trick Room|[of] p1a: Mavis
|
|-weather|SunnyDay|[upkeep]
|upkeep
|turn|15
|
|t:|1759056935
|-terastallize|p2a: Ogerpon|Water
|detailschange|p2a: Ogerpon|Ogerpon-Wellspring-Tera, F, tera:Water
|-ability|p2a: Ogerpon|Embody Aspect (Wellspring)|boost
|-boost|p2a: Ogerpon|spd|1
|move|p1a: Mavis|Expanding Force|p2a: Ogerpon
|-damage|p2a: Ogerpon|23/100
|-damage|p1a: Mavis|12/100|[from] item: Life Orb
|move|p2a: Ogerpon|Ivy Cudgel|p1a: Mavis|[anim] Ivy Cudgel Water
|-damage|p1a: Mavis|0 fnt
|faint|p1a: Mavis
|
|-weather|SunnyDay|[upkeep]
|upkeep
|
|t:|1759056946
|switch|p1a: WildWest|Slowbro-Galar, F|100/100
|turn|16
|
|t:|1759056950
|switch|p2a: Glimmora|Glimmora, M|100/100
|move|p1a: WildWest|Expanding Force|p2a: Glimmora
|-supereffective|p2a: Glimmora
|-damage|p2a: Glimmora|0 fnt
|faint|p2a: Glimmora
|
|-weather|SunnyDay|[upkeep]
|upkeep
|
|t:|1759056954
|switch|p2a: Dragapult|Dragapult, M|38/100 brn
|turn|17
|
|t:|1759056959
|move|p1a: WildWest|Expanding Force|p2a: Dragapult
|-damage|p2a: Dragapult|0 fnt
|faint|p2a: Dragapult
|
|-weather|SunnyDay|[upkeep]
|-fieldend|move: Psychic Terrain
|upkeep
|
|t:|1759056962
|switch|p2a: Kingambit|Kingambit, F|100/100
|-activate|p2a: Kingambit|ability: Supreme Overlord
|-start|p2a: Kingambit|fallen4|[silent]
|turn|18
|
|t:|1759056966
|-terastallize|p1a: WildWest|Poison
|move|p2a: Kingambit|Sucker Punch|p1a: WildWest
|-damage|p1a: WildWest|36/100
|move|p1a: WildWest|Fire Blast|p2a: Kingambit
|-supereffective|p2a: Kingambit
|-damage|p2a: Kingambit|0 fnt
|faint|p2a: Kingambit
|-end|p2a: Kingambit|fallen4|[silent]
|
|-weather|SunnyDay|[upkeep]
|-fieldend|move: Trick Room
|upkeep
|
|t:|1759056969
|switch|p2a: Ogerpon|Ogerpon-Wellspring-Tera, F, tera:Water|23/100
|-ability|p2a: Ogerpon|Embody Aspect (Wellspring)|boost
|-boost|p2a: Ogerpon|spd|1
|turn|19
|-activate|p1a: WildWest|item: Quick Claw
|
|t:|1759056978
|move|p1a: WildWest|Shell Side Arm|p2a: Ogerpon|[anim] Shell Side Arm Physical
|-damage|p2a: Ogerpon|0 fnt
|-hint|Physical Shell Side Arm
|faint|p2a: Ogerpon
|detailschange|p2: Ogerpon|Ogerpon-Wellspring, F|[silent]
|
|win|4kazter
|raw|4kazter's rating: 1592 &rarr; <strong>1611</strong><br />(+19 for winning)
|raw|space t00n's rating: 1581 &rarr; <strong>1562</strong><br />(-19 for losing)
|l|☆space t00n
|player|p2|
