|j|☆Hai_Dark
|j|☆zykke99
|t:|1759055514
|gametype|singles
|player|p1|Hai_Dark|265|1323
|player|p2|zykke99|170|1392
|gen|9
|tier|[Gen 9] OU
|rated|
|rule|HP Percentage Mod: HP is shown in percentages
|rule|Endless Battle Clause: Forcing endless battles is banned
|rule|Species Clause: Limit one of each Pokémon
|rule|OHKO Clause: OHKO moves are banned
|rule|Evasion Items Clause: Evasion items are banned
|rule|Evasion Moves Clause: Evasion moves are banned
|rule|Evasion Abilities Clause: Evasion abilities are banned
|rule|Sleep Moves Clause: Sleep-inducing moves are banned
|clearpoke
|poke|p1|Blissey, F|
|poke|p1|Porygon-Z|
|poke|p1|Meowscarada, M|
|poke|p1|Skeledirge, M|
|poke|p1|Corviknight, F|
|poke|p1|Araquanid, M|
|poke|p2|Ninetales-Alola, F|
|poke|p2|Cetitan, F|
|poke|p2|Kyurem|
|poke|p2|Sandslash-Alola, F|
|poke|p2|Moltres|
|poke|p2|Zamazenta-*|
|teampreview
|
|t:|1759055533
|teamsize|p1|6
|teamsize|p2|6
|start
|switch|p1a: Porygon-Z|Porygon-Z|100/100
|switch|p2a: ColdVision|Kyurem|100/100
|-ability|p2a: ColdVision|Pressure
|turn|1
|
|t:|1759055546
|switch|p1a: Blissey|Blissey, F|100/100
|move|p2a: ColdVision|Draco Meteor|p1a: Blissey|[miss]
|-miss|p2a: ColdVision|p1a: Blissey
|
|upkeep
|turn|2
|
|t:|1759055553
|switch|p2a: Moltres|Moltres|100/100
|move|p1a: Blissey|Stealth Rock|p2a: Moltres
|-sidestart|p2: zykke99|move: Stealth Rock
|
|upkeep
|turn|3
|
|t:|1759055559
|switch|p1a: Porygon-Z|Porygon-Z|100/100
|move|p2a: Moltres|U-turn|p1a: Porygon-Z
|-crit|p1a: Porygon-Z
|-damage|p1a: Porygon-Z|68/100
|
|t:|1759055566
|switch|p2a: OneInAMilion|Sandslash-Alola, F|100/100|[from] U-turn
|
|upkeep
|turn|4
|
|t:|1759055575
|move|p1a: Porygon-Z|Tri Attack|p2a: OneInAMilion
|-resisted|p2a: OneInAMilion
|-damage|p2a: OneInAMilion|24/100
|move|p2a: OneInAMilion|Knock Off|p1a: Porygon-Z
|-damage|p1a: Porygon-Z|19/100
|-enditem|p1a: Porygon-Z|Choice Specs|[from] move: Knock Off|[of] p2a: OneInAMilion
|
|upkeep
|turn|5
|
|t:|1759055587
|switch|p2a: Ninetales|Ninetales-Alola, F|100/100
|-damage|p2a: Ninetales|76/100|[from] Stealth Rock
|-weather|Snowscape|[from] ability: Snow Warning|[of] p2a: Ninetales
|move|p1a: Porygon-Z|Tri Attack|p2a: Ninetales
|-damage|p2a: Ninetales|3/100
|
|-weather|Snowscape|[upkeep]
|upkeep
|turn|6
|
|t:|1759055603
|move|p2a: Ninetales|Blizzard|p1a: Porygon-Z
|-damage|p1a: Porygon-Z|0 fnt
|faint|p1a: Porygon-Z
|
|-weather|Snowscape|[upkeep]
|upkeep
|inactive|Battle timer is ON: inactive players will automatically lose when time's up. (requested by zykke99)
|
|t:|1759055610
|switch|p1a: Meowscarada|Meowscarada, M|100/100
|turn|7
|
|t:|1759055617
|switch|p2a: Moltres|Moltres|100/100
|move|p1a: Meowscarada|U-turn|p2a: Moltres
|-start|p1a: Meowscarada|typechange|Bug|[from] ability: Protean
|-resisted|p2a: Moltres
|-damage|p2a: Moltres|92/100
|
|t:|1759055628
|switch|p1a: Araquanid|Araquanid, M|100/100|[from] U-turn
|
|-weather|Snowscape|[upkeep]
|upkeep
|turn|8
|
|t:|1759055640
|move|p2a: Moltres|U-turn|p1a: Araquanid
|-damage|p1a: Araquanid|88/100
|
|t:|1759055653
|switch|p2a: Ninetales|Ninetales-Alola, F|3/100|[from] U-turn
|-damage|p2a: Ninetales|0 fnt|[from] Stealth Rock
|faint|p2a: Ninetales
|move|p1a: Araquanid|Liquidation|p2: Ninetales|[notarget]
|-fail|p1a: Araquanid
|
|-weather|Snowscape|[upkeep]
|upkeep
|
|t:|1759055658
|switch|p2a: OneInAMilion|Sandslash-Alola, F|24/100
|turn|9
|
|t:|1759055663
|move|p2a: OneInAMilion|Rapid Spin|p1a: Araquanid
|-damage|p1a: Araquanid|77/100
|-boost|p2a: OneInAMilion|spe|1
|-sideend|p2: zykke99|Stealth Rock|[from] move: Rapid Spin|[of] p2a: OneInAMilion
|move|p1a: Araquanid|Liquidation|p2a: OneInAMilion
|-damage|p2a: OneInAMilion|0 fnt
|faint|p2a: OneInAMilion
|
|-weather|Snowscape|[upkeep]
|upkeep
|
|t:|1759055671
|switch|p2a: Cetitan|Cetitan, F|100/100
|turn|10
|
|t:|1759055678
|switch|p1a: Skeledirge|Skeledirge, M|100/100
|-terastallize|p2a: Cetitan|Water
|move|p2a: Cetitan|Belly Drum|p2a: Cetitan
|-damage|p2a: Cetitan|50/100
|-setboost|p2a: Cetitan|atk|6|[from] move: Belly Drum
|-enditem|p2a: Cetitan|Sitrus Berry|[eat]
|-heal|p2a: Cetitan|75/100|[from] item: Sitrus Berry
|
|-weather|Snowscape|[upkeep]
|upkeep
|turn|11
|
|t:|1759055685
|move|p2a: Cetitan|Liquidation|p1a: Skeledirge
|-supereffective|p1a: Skeledirge
|-damage|p1a: Skeledirge|52/100
|-unboost|p1a: Skeledirge|def|1
|move|p1a: Skeledirge|Will-O-Wisp|p2a: Cetitan
|-status|p2a: Cetitan|brn
|
|-weather|Snowscape|[upkeep]
|-damage|p2a: Cetitan|69/100 brn|[from] brn
|upkeep
|turn|12
|
|t:|1759055692
|move|p2a: Cetitan|Liquidation|p1a: Skeledirge
|-supereffective|p1a: Skeledirge
|-damage|p1a: Skeledirge|15/100
|-enditem|p1a: Skeledirge|Sitrus Berry|[eat]
|-heal|p1a: Skeledirge|40/100|[from] item: Sitrus Berry
|move|p1a: Skeledirge|Slack Off|p1a: Skeledirge
|-heal|p1a: Skeledirge|90/100
|
|-weather|none
|-damage|p2a: Cetitan|63/100 brn|[from] brn
|upkeep
|turn|13
|
|t:|1759055707
|move|p2a: Cetitan|Liquidation|p1a: Skeledirge
|-supereffective|p1a: Skeledirge
|-damage|p1a: Skeledirge|52/100
|move|p1a: Skeledirge|Roar|p2a: Cetitan
|drag|p2a: ColdVision|Kyurem|100/100
|-ability|p2a: ColdVision|Pressure
|
|upkeep
|turn|14
|
|t:|1759055715
|switch|p1a: Corviknight|Corviknight, F|100/100
|move|p2a: ColdVision|Earth Power|p1a: Corviknight
|-immune|p1a: Corviknight
|
|upkeep
|turn|15
|
|t:|1759055722
|switch|p2a: Moltres|Moltres|92/100
|switch|p1a: Blissey|Blissey, F|100/100
|
|upkeep
|turn|16
|
|t:|1759055729
|move|p2a: Moltres|Flamethrower|p1a: Blissey
|-damage|p1a: Blissey|85/100
|move|p1a: Blissey|Stealth Rock|p2a: Moltres
|-sidestart|p2: zykke99|move: Stealth Rock
|
|-heal|p1a: Blissey|91/100|[from] item: Leftovers
|upkeep
|turn|17
|
|t:|1759055737
|move|p2a: Moltres|U-turn|p1a: Blissey
|-damage|p1a: Blissey|65/100
|
|t:|1759055739
|switch|p2a: Zamazenta|Zamazenta|100/100|[from] U-turn
|-damage|p2a: Zamazenta|94/100|[from] Stealth Rock
|-ability|p2a: Zamazenta|Dauntless Shield|boost
|-boost|p2a: Zamazenta|def|1
|move|p1a: Blissey|Seismic Toss|p2a: Zamazenta
|-damage|p2a: Zamazenta|69/100
|
|-heal|p2a: Zamazenta|75/100|[from] item: Leftovers
|-heal|p1a: Blissey|71/100|[from] item: Leftovers
|upkeep
|turn|18
|
|t:|1759055748
|switch|p1a: Corviknight|Corviknight, F|100/100
|move|p2a: Zamazenta|Iron Defense|p2a: Zamazenta
|-boost|p2a: Zamazenta|def|2
|
|-heal|p2a: Zamazenta|81/100|[from] item: Leftovers
|upkeep
|turn|19
|
|t:|1759055754
|move|p2a: Zamazenta|Body Press|p1a: Corviknight
|-damage|p1a: Corviknight|53/100
|-damage|p2a: Zamazenta|64/100|[from] item: Rocky Helmet|[of] p1a: Corviknight
|move|p1a: Corviknight|U-turn|p2a: Zamazenta
|-resisted|p2a: Zamazenta
|-damage|p2a: Zamazenta|62/100
|
|t:|1759055759
|switch|p1a: Skeledirge|Skeledirge, M|52/100|[from] U-turn
|
|-heal|p2a: Zamazenta|69/100|[from] item: Leftovers
|upkeep
|turn|20
|
|t:|1759055763
|move|p2a: Zamazenta|Crunch|p1a: Skeledirge
|-supereffective|p1a: Skeledirge
|-damage|p1a: Skeledirge|25/100
|-unboost|p1a: Skeledirge|def|1
|move|p1a: Skeledirge|Slack Off|p1a: Skeledirge
|-heal|p1a: Skeledirge|75/100
|
|-heal|p2a: Zamazenta|75/100|[from] item: Leftovers
|upkeep
|turn|21
|
|t:|1759055769
|move|p2a: Zamazenta|Crunch|p1a: Skeledirge
|-supereffective|p1a: Skeledirge
|-damage|p1a: Skeledirge|36/100
|-unboost|p1a: Skeledirge|def|1
|move|p1a: Skeledirge|Will-O-Wisp|p2a: Zamazenta
|-status|p2a: Zamazenta|brn
|
|-heal|p2a: Zamazenta|81/100 brn|[from] item: Leftovers
|-damage|p2a: Zamazenta|75/100 brn|[from] brn
|upkeep
|turn|22
|
|t:|1759055778
|switch|p1a: Corviknight|Corviknight, F|53/100
|move|p2a: Zamazenta|Crunch|p1a: Corviknight
|-damage|p1a: Corviknight|47/100
|-damage|p2a: Zamazenta|58/100 brn|[from] item: Rocky Helmet|[of] p1a: Corviknight
|
|-heal|p2a: Zamazenta|64/100 brn|[from] item: Leftovers
|-damage|p2a: Zamazenta|58/100 brn|[from] brn
|upkeep
|turn|23
|
|t:|1759055783
|move|p2a: Zamazenta|Body Press|p1a: Corviknight
|-damage|p1a: Corviknight|26/100
|-damage|p2a: Zamazenta|42/100 brn|[from] item: Rocky Helmet|[of] p1a: Corviknight
|move|p1a: Corviknight|Roost|p1a: Corviknight
|-heal|p1a: Corviknight|76/100
|-singleturn|p1a: Corviknight|move: Roost
|
|-heal|p2a: Zamazenta|48/100 brn|[from] item: Leftovers
|-damage|p2a: Zamazenta|42/100 brn|[from] brn
|upkeep
|turn|24
|-message|zykke99 forfeited.
|
|win|Hai_Dark
|raw|Hai_Dark's rating: 1323 &rarr; <strong>1347</strong><br />(+24 for winning)
|raw|zykke99's rating: 1392 &rarr; <strong>1368</strong><br />(-24 for losing)
|l|☆zykke99
|player|p2|
|l|☆Hai_Dark
|player|p1|
