|badge|p1|bronze|gen9ou|100-6
|html|<div class="broadcast-red"><strong>This battle is required to be public due to one or more player having a season medal.</strong><br />During the public phase, you can discuss the state of the ladder <a href="/seasondiscussion">in a special chatroom.</a></div>
|uhtml|medal-msg|<div class="broadcast-blue">Curious what those medals under the avatar are? PS now has Ladder Seasons! For more information, check out the <a href="https://www.smogon.com/forums/threads/3740067/">thread on Smogon.</a></div>
|raw|<div class="broadcast-blue"><strong>This battle is required to be public due to a player having a name starting with 'medal'.</div>
|j|☆grtingstrvelr
|j|☆xXb1llyXx
|t:|1758948342
|gametype|singles
|player|p1|grtingstrvelr|170|1805
|player|p2|xXb1llyXx|backpackerf|1753
|gen|9
|tier|[Gen 9] OU
|rated|
|rule|HP Percentage Mod: HP is shown in percentages
|rule|Endless Battle Clause: Forcing endless battles is banned
|rule|Species Clause: Limit one of each Pokémon
|rule|OHKO Clause: OHKO moves are banned
|rule|Evasion Items Clause: Evasion items are banned
|rule|Evasion Moves Clause: Evasion moves are banned
|rule|Evasion Abilities Clause: Evasion abilities are banned
|rule|Sleep Moves Clause: Sleep-inducing moves are banned
|clearpoke
|poke|p1|Rillaboom, M|
|poke|p1|Ogerpon-Wellspring, F|
|poke|p1|Great Tusk|
|poke|p1|Hatterene, F|
|poke|p1|Heatran, F|
|poke|p1|Raging Bolt|
|poke|p2|Raging Bolt|
|poke|p2|Zamazenta-*|
|poke|p2|Ting-Lu|
|poke|p2|Tornadus-Therian, M|
|poke|p2|Gholdengo|
|poke|p2|Iron Treads|
|teampreview
|inactive|Battle timer is ON: inactive players will automatically lose when time's up. (requested by grtingstrvelr)
|j| amefurikoneko
|j| Shucklepilled
|j| yrmpa
|
|t:|1758948372
|teamsize|p1|6
|teamsize|p2|6
|start
|switch|p1a: Rillaboom|Rillaboom, M|100/100
|switch|p2a: Tornadus|Tornadus-Therian, M|100/100
|-fieldstart|move: Grassy Terrain|[from] ability: Grassy Surge|[of] p1a: Rillaboom
|turn|1
|
|t:|1758948384
|switch|p1a: Heatran|Heatran, F|100/100
|-item|p1a: Heatran|Air Balloon
|move|p2a: Tornadus|Bleakwind Storm|p1a: Heatran
|-resisted|p1a: Heatran
|-damage|p1a: Heatran|77/100
|-unboost|p1a: Heatran|spe|1
|-enditem|p1a: Heatran|Air Balloon
|-damage|p2a: Tornadus|91/100|[from] item: Life Orb
|
|-heal|p1a: Heatran|83/100|[from] Grassy Terrain
|upkeep
|turn|2
|j| Lamp0821
|j| locked in bro
|j| larp legion
|inactive|xXb1llyXx has 120 seconds left.
|
|t:|1758948415
|move|p2a: Tornadus|Focus Blast|p1a: Heatran|[miss]
|-miss|p2a: Tornadus|p1a: Heatran
|move|p1a: Heatran|Stealth Rock|p2a: Tornadus
|-sidestart|p2: xXb1llyXx|move: Stealth Rock
|
|-heal|p1a: Heatran|89/100|[from] Grassy Terrain
|upkeep
|turn|3
|inactive|xXb1llyXx has 120 seconds left.
|
|t:|1758948426
|switch|p1a: Raging Bolt|Raging Bolt|100/100
|move|p2a: Tornadus|Nasty Plot|p2a: Tornadus
|-boost|p2a: Tornadus|spa|2
|
|upkeep
|turn|4
|
|t:|1758948436
|switch|p2a: Ting-Lu|Ting-Lu|100/100
|-damage|p2a: Ting-Lu|94/100|[from] Stealth Rock
|-ability|p2a: Ting-Lu|Vessel of Ruin
|move|p1a: Raging Bolt|Dragon Pulse|p2a: Ting-Lu
|-damage|p2a: Ting-Lu|67/100
|
|-heal|p2a: Ting-Lu|73/100|[from] Grassy Terrain
|upkeep
|turn|5
|inactive|xXb1llyXx has 120 seconds left.
|
|t:|1758948452
|-end|p1a: Raging Bolt|Protosynthesis|[silent]
|switch|p1a: Hatterene|Hatterene, F|100/100
|-enditem|p1a: Hatterene|Grassy Seed
|-boost|p1a: Hatterene|def|1|[from] item: Grassy Seed
|move|p2a: Ting-Lu|Ruination|p1a: Hatterene
|-damage|p1a: Hatterene|50/100
|
|-heal|p2a: Ting-Lu|79/100|[from] Grassy Terrain
|-heal|p1a: Hatterene|56/100|[from] Grassy Terrain
|upkeep
|turn|6
|
|t:|1758948460
|move|p2a: Ting-Lu|Throat Chop|p1a: Hatterene
|-damage|p1a: Hatterene|28/100
|-start|p1a: Hatterene|Throat Chop|[silent]
|move|p1a: Hatterene|Mystical Fire|p2a: Ting-Lu
|-crit|p2a: Ting-Lu
|-damage|p2a: Ting-Lu|55/100
|-unboost|p2a: Ting-Lu|spa|1
|
|-heal|p2a: Ting-Lu|61/100|[from] Grassy Terrain
|-heal|p1a: Hatterene|34/100|[from] Grassy Terrain
|upkeep
|turn|7
|
|t:|1758948467
|move|p2a: Ting-Lu|Throat Chop|p1a: Hatterene
|-damage|p1a: Hatterene|4/100
|move|p1a: Hatterene|Draining Kiss|p2a: Ting-Lu
|-supereffective|p2a: Ting-Lu
|-damage|p2a: Ting-Lu|31/100
|-heal|p1a: Hatterene|40/100|[from] drain|[of] p2a: Ting-Lu
|-enditem|p2a: Ting-Lu|Weakness Policy
|-boost|p2a: Ting-Lu|atk|2|[from] item: Weakness Policy
|-boost|p2a: Ting-Lu|spa|2|[from] item: Weakness Policy
|
|-heal|p2a: Ting-Lu|37/100|[from] Grassy Terrain
|-heal|p1a: Hatterene|46/100|[from] Grassy Terrain
|-end|p1a: Hatterene|Throat Chop|[silent]
|upkeep
|turn|8
|
|t:|1758948480
|switch|p1a: Great Tusk|Great Tusk|100/100
|-enditem|p1a: Great Tusk|Booster Energy
|-activate|p1a: Great Tusk|ability: Protosynthesis|[fromitem]
|-start|p1a: Great Tusk|protosynthesisspe
|move|p2a: Ting-Lu|Throat Chop|p1a: Great Tusk
|-resisted|p1a: Great Tusk
|-damage|p1a: Great Tusk|74/100
|-start|p1a: Great Tusk|Throat Chop|[silent]
|
|-heal|p1a: Great Tusk|81/100|[from] Grassy Terrain
|-heal|p2a: Ting-Lu|43/100|[from] Grassy Terrain
|-fieldend|move: Grassy Terrain
|upkeep
|turn|9
|
|t:|1758948489
|move|p1a: Great Tusk|Bulk Up|p1a: Great Tusk
|-boost|p1a: Great Tusk|atk|1
|-boost|p1a: Great Tusk|def|1
|move|p2a: Ting-Lu|Earthquake|p1a: Great Tusk
|-damage|p1a: Great Tusk|40/100
|
|-end|p1a: Great Tusk|Throat Chop|[silent]
|upkeep
|turn|10
|
|t:|1758948498
|move|p1a: Great Tusk|Headlong Rush|p2a: Ting-Lu
|-damage|p2a: Ting-Lu|4/100
|-unboost|p1a: Great Tusk|def|1
|-unboost|p1a: Great Tusk|spd|1
|move|p2a: Ting-Lu|Earthquake|p1a: Great Tusk
|-damage|p1a: Great Tusk|0 fnt
|faint|p1a: Great Tusk
|-end|p1a: Great Tusk|Protosynthesis|[silent]
|
|upkeep
|
|t:|1758948505
|switch|p1a: Rillaboom|Rillaboom, M|100/100
|-fieldstart|move: Grassy Terrain|[from] ability: Grassy Surge|[of] p1a: Rillaboom
|turn|11
|
|t:|1758948508
|move|p1a: Rillaboom|U-turn|p2a: Ting-Lu
|-supereffective|p2a: Ting-Lu
|-damage|p2a: Ting-Lu|0 fnt
|faint|p2a: Ting-Lu
|l| Lamp0821
|
|t:|1758948518
|switch|p1a: Heatran|Heatran, F|89/100|[from] U-turn
|
|-heal|p1a: Heatran|96/100|[from] Grassy Terrain
|upkeep
|
|t:|1758948522
|switch|p2a: Iron Treads|Iron Treads|100/100
|-damage|p2a: Iron Treads|97/100|[from] Stealth Rock
|-enditem|p2a: Iron Treads|Booster Energy
|-activate|p2a: Iron Treads|ability: Quark Drive|[fromitem]
|-start|p2a: Iron Treads|quarkdrivespe
|turn|12
|
|t:|1758948531
|move|p2a: Iron Treads|Rapid Spin|p1a: Heatran
|-resisted|p1a: Heatran
|-damage|p1a: Heatran|90/100
|-boost|p2a: Iron Treads|spe|1
|-sideend|p2: xXb1llyXx|Stealth Rock|[from] move: Rapid Spin|[of] p2a: Iron Treads
|move|p1a: Heatran|Magma Storm|p2a: Iron Treads
|-supereffective|p2a: Iron Treads
|-damage|p2a: Iron Treads|0 fnt
|faint|p2a: Iron Treads
|-end|p2a: Iron Treads|Quark Drive|[silent]
|
|-heal|p1a: Heatran|96/100|[from] Grassy Terrain
|upkeep
|
|t:|1758948540
|switch|p2a: Zamazenta|Zamazenta|100/100
|-ability|p2a: Zamazenta|Dauntless Shield|boost
|-boost|p2a: Zamazenta|def|1
|turn|13
|
|t:|1758948554
|switch|p1a: Hatterene|Hatterene, F|46/100
|move|p2a: Zamazenta|Body Press|p1a: Hatterene
|-resisted|p1a: Hatterene
|-damage|p1a: Hatterene|32/100
|
|-heal|p1a: Hatterene|38/100|[from] Grassy Terrain
|upkeep
|turn|14
|
|t:|1758948561
|move|p2a: Zamazenta|Heavy Slam|p1a: Hatterene
|-supereffective|p1a: Hatterene
|-damage|p1a: Hatterene|0 fnt
|faint|p1a: Hatterene
|
|upkeep
|j| A.Omnipotent
|
|t:|1758948575
|switch|p1a: Rillaboom|Rillaboom, M|100/100
|turn|15
|
|t:|1758948578
|move|p2a: Zamazenta|Iron Defense|p2a: Zamazenta
|-boost|p2a: Zamazenta|def|2
|move|p1a: Rillaboom|Knock Off|p2a: Zamazenta
|-resisted|p2a: Zamazenta
|-damage|p2a: Zamazenta|96/100
|-enditem|p2a: Zamazenta|Leftovers|[from] move: Knock Off|[of] p1a: Rillaboom
|
|-heal|p2a: Zamazenta|100/100|[from] Grassy Terrain
|upkeep
|turn|16
|
|t:|1758948585
|move|p2a: Zamazenta|Iron Defense|p2a: Zamazenta
|-boost|p2a: Zamazenta|def|2
|move|p1a: Rillaboom|U-turn|p2a: Zamazenta
|-resisted|p2a: Zamazenta
|-damage|p2a: Zamazenta|98/100
|
|t:|1758948589
|switch|p1a: Heatran|Heatran, F|96/100|[from] U-turn
|
|-heal|p2a: Zamazenta|100/100|[from] Grassy Terrain
|-heal|p1a: Heatran|100/100|[from] Grassy Terrain
|upkeep
|turn|17
|
|t:|1758948593
|-terastallize|p1a: Heatran|Dragon
|move|p2a: Zamazenta|Body Press|p1a: Heatran
|-damage|p1a: Heatran|22/100
|move|p1a: Heatran|Will-O-Wisp|p2a: Zamazenta
|-status|p2a: Zamazenta|brn
|
|-heal|p1a: Heatran|28/100|[from] Grassy Terrain
|-damage|p2a: Zamazenta|94/100 brn|[from] brn
|upkeep
|turn|18
|
|t:|1758948601
|move|p2a: Zamazenta|Body Press|p1a: Heatran
|-damage|p1a: Heatran|0 fnt
|faint|p1a: Heatran
|
|-heal|p2a: Zamazenta|100/100 brn|[from] Grassy Terrain
|-damage|p2a: Zamazenta|94/100 brn|[from] brn
|-fieldend|move: Grassy Terrain
|upkeep
|
|t:|1758948603
|switch|p1a: Raging Bolt|Raging Bolt|100/100
|turn|19
|j| Ctannn
|
|t:|1758948608
|move|p2a: Zamazenta|Body Press|p1a: Raging Bolt
|-damage|p1a: Raging Bolt|53/100
|move|p1a: Raging Bolt|Thunderbolt|p2a: Zamazenta
|-damage|p2a: Zamazenta|54/100 brn
|
|-damage|p2a: Zamazenta|48/100 brn|[from] brn
|upkeep
|turn|20
|
|t:|1758948614
|move|p2a: Zamazenta|Body Press|p1a: Raging Bolt
|-damage|p1a: Raging Bolt|8/100
|move|p1a: Raging Bolt|Thunderbolt|p2a: Zamazenta
|-damage|p2a: Zamazenta|6/100 brn
|
|-damage|p2a: Zamazenta|0 fnt|[from] brn
|faint|p2a: Zamazenta
|upkeep
|
|t:|1758948622
|switch|p2a: Gholdengo|Gholdengo|100/100
|-item|p2a: Gholdengo|Air Balloon
|turn|21
|
|t:|1758948629
|-end|p1a: Raging Bolt|Protosynthesis|[silent]
|switch|p1a: Rillaboom|Rillaboom, M|100/100
|-fieldstart|move: Grassy Terrain|[from] ability: Grassy Surge|[of] p1a: Rillaboom
|move|p2a: Gholdengo|Nasty Plot|p2a: Gholdengo
|-boost|p2a: Gholdengo|spa|2
|
|upkeep
|turn|22
|
|t:|1758948636
|move|p2a: Gholdengo|Make It Rain|p1a: Rillaboom
|-damage|p1a: Rillaboom|0 fnt
|-unboost|p2a: Gholdengo|spa|1
|faint|p1a: Rillaboom
|
|upkeep
|
|t:|1758948638
|switch|p1a: Ogerpon|Ogerpon-Wellspring, F|100/100
|turn|23
|
|t:|1758948641
|move|p1a: Ogerpon|Swords Dance|p1a: Ogerpon
|-boost|p1a: Ogerpon|atk|2
|move|p2a: Gholdengo|Shadow Ball|p1a: Ogerpon
|-damage|p1a: Ogerpon|21/100
|
|-heal|p1a: Ogerpon|27/100|[from] Grassy Terrain
|upkeep
|turn|24
|
|t:|1758948644
|move|p1a: Ogerpon|Ivy Cudgel|p2a: Gholdengo|[anim] Ivy Cudgel Water
|-damage|p2a: Gholdengo|0 fnt
|-enditem|p2a: Gholdengo|Air Balloon
|faint|p2a: Gholdengo
|
|-heal|p1a: Ogerpon|33/100|[from] Grassy Terrain
|upkeep
|
|t:|1758948647
|switch|p2a: Tornadus|Tornadus-Therian, M|100/100
|turn|25
|
|t:|1758948655
|move|p2a: Tornadus|Bleakwind Storm|p1a: Ogerpon
|-supereffective|p1a: Ogerpon
|-damage|p1a: Ogerpon|0 fnt
|faint|p1a: Ogerpon
|-damage|p2a: Tornadus|91/100|[from] item: Life Orb
|
|upkeep
|
|t:|1758948658
|switch|p1a: Raging Bolt|Raging Bolt|8/100
|turn|26
|
|t:|1758948661
|-terastallize|p2a: Tornadus|Dark
|move|p1a: Raging Bolt|Thunderclap|p2a: Tornadus
|-damage|p2a: Tornadus|38/100
|move|p2a: Tornadus|Dark Pulse|p1a: Raging Bolt
|-damage|p1a: Raging Bolt|0 fnt
|faint|p1a: Raging Bolt
|-end|p1a: Raging Bolt|Protosynthesis|[silent]
|-damage|p2a: Tornadus|28/100|[from] item: Life Orb
|
|win|xXb1llyXx
|raw|grtingstrvelr's rating: 1805 &rarr; <strong>1782</strong><br />(-23 for losing)
|raw|xXb1llyXx's rating: 1753 &rarr; <strong>1776</strong><br />(+23 for winning)
|l| locked in bro
|l| Ctannn
|l|☆grtingstrvelr
|player|p1|
|l| amefurikoneko
|l| yrmpa
