|badge|p1|bronze|gen9ou|100-6
|html|<div class="broadcast-red"><strong>This battle is required to be public due to one or more player having a season medal.</strong><br />During the public phase, you can discuss the state of the ladder <a href="/seasondiscussion">in a special chatroom.</a></div>
|uhtml|medal-msg|<div class="broadcast-blue">Curious what those medals under the avatar are? PS now has Ladder Seasons! For more information, check out the <a href="https://www.smogon.com/forums/threads/3740067/">thread on Smogon.</a></div>
|badge|p2|bronze|gen9ou|100-6
|uhtml|medal-msg|<div class="broadcast-blue">Curious what those medals under the avatar are? PS now has Ladder Seasons! For more information, check out the <a href="https://www.smogon.com/forums/threads/3740067/">thread on Smogon.</a></div>
|raw|<div class="broadcast-blue"><strong>This battle is required to be public due to a player having a name starting with 'medal'.</div>
|j|☆Obito 2001
|j|☆Light SV
|t:|1759014083
|gametype|singles
|player|p1|Obito 2001|blue-gen3two|1866
|player|p2|Light SV|blue-gen7|1845
|gen|9
|tier|[Gen 9] OU
|rated|
|rule|HP Percentage Mod: HP is shown in percentages
|rule|Endless Battle Clause: Forcing endless battles is banned
|rule|Species Clause: Limit one of each Pokémon
|rule|OHKO Clause: OHKO moves are banned
|rule|Evasion Items Clause: Evasion items are banned
|rule|Evasion Moves Clause: Evasion moves are banned
|rule|Evasion Abilities Clause: Evasion abilities are banned
|rule|Sleep Moves Clause: Sleep-inducing moves are banned
|clearpoke
|poke|p1|Kingambit, M|
|poke|p1|Landorus-Therian, M|
|poke|p1|Raging Bolt|
|poke|p1|Glimmora, F|
|poke|p1|Dragapult, F|
|poke|p1|Cinderace, F|
|poke|p2|Clefable, F|
|poke|p2|Gliscor, F|
|poke|p2|Milotic, F|
|poke|p2|Mandibuzz, F|
|poke|p2|Skeledirge, F|
|poke|p2|Dragapult, F|
|teampreview
|inactive|Battle timer is ON: inactive players will automatically lose when time's up. (requested by Light SV)
|inactive|Obito 2001 also wants the timer to be on.
|
|t:|1759014098
|teamsize|p1|6
|teamsize|p2|6
|start
|switch|p1a: DraGhost|Dragapult, F|100/100
|switch|p2a: Dragapult|Dragapult, F|100/100
|turn|1
|
|t:|1759014106
|move|p1a: DraGhost|Will-O-Wisp|p2a: Dragapult
|-status|p2a: Dragapult|brn
|move|p2a: Dragapult|Draco Meteor|p1a: DraGhost
|-supereffective|p1a: DraGhost
|-damage|p1a: DraGhost|0 fnt
|-unboost|p2a: Dragapult|spa|2
|faint|p1a: DraGhost
|
|-damage|p2a: Dragapult|95/100 brn|[from] brn
|upkeep
|
|t:|1759014116
|switch|p1a: Toxica|Glimmora, F|100/100
|turn|2
|
|t:|1759014120
|switch|p2a: Milotic|Milotic, F|100/100
|move|p1a: Toxica|Meteor Beam||[still]
|-prepare|p1a: Toxica|Meteor Beam
|-boost|p1a: Toxica|spa|1
|-enditem|p1a: Toxica|Power Herb
|-anim|p1a: Toxica|Meteor Beam|p2a: Milotic
|-damage|p2a: Milotic|48/100
|
|upkeep
|turn|3
|
|t:|1759014126
|move|p1a: Toxica|Meteor Beam||[still]
|-prepare|p1a: Toxica|Meteor Beam
|-boost|p1a: Toxica|spa|1
|move|p2a: Milotic|Recover|p2a: Milotic
|-heal|p2a: Milotic|98/100
|
|upkeep
|turn|4
|
|t:|1759014131
|move|p1a: Toxica|Meteor Beam|p2a: Milotic|[from] lockedmove
|-damage|p2a: Milotic|31/100
|move|p2a: Milotic|Mirror Coat|p1a: Toxica
|-damage|p1a: Toxica|0 fnt
|faint|p1a: Toxica
|
|upkeep
|
|t:|1759014143
|switch|p1a: Zenitsu|Raging Bolt|100/100
|turn|5
|
|t:|1759014150
|switch|p2a: Clefable|Clefable, F|100/100
|move|p1a: Zenitsu|Calm Mind|p1a: Zenitsu
|-boost|p1a: Zenitsu|spa|1
|-boost|p1a: Zenitsu|spd|1
|
|upkeep
|turn|6
|j| amefurikoneko
|
|t:|1759014154
|move|p1a: Zenitsu|Thunderbolt|p2a: Clefable
|-damage|p2a: Clefable|20/100
|move|p2a: Clefable|Encore|p1a: Zenitsu
|-start|p1a: Zenitsu|Encore
|
|upkeep
|turn|7
|
|t:|1759014161
|-end|p1a: Zenitsu|Protosynthesis|[silent]
|switch|p1a: BunnyGirlSenpai|Cinderace, F|100/100
|switch|p2a: Gliscor|Gliscor, F|100/100
|
|-status|p2a: Gliscor|tox|[from] item: Toxic Orb
|upkeep
|turn|8
|
|t:|1759014164
|switch|p1a: Landorus|Landorus-Therian, M|100/100
|-ability|p1a: Landorus|Intimidate|boost
|-unboost|p2a: Gliscor|atk|1
|move|p2a: Gliscor|Spikes|p1a: Landorus
|-sidestart|p1: Obito 2001|Spikes
|
|upkeep
|turn|9
|
|t:|1759014169
|switch|p1a: Zenitsu|Raging Bolt|100/100
|-damage|p1a: Zenitsu|88/100|[from] Spikes
|move|p2a: Gliscor|Toxic|p1a: Zenitsu
|-status|p1a: Zenitsu|tox
|
|-heal|p1a: Zenitsu|94/100 tox|[from] item: Leftovers
|-damage|p1a: Zenitsu|88/100 tox|[from] psn
|upkeep
|turn|10
|
|t:|1759014172
|move|p2a: Gliscor|Protect|p2a: Gliscor
|-singleturn|p2a: Gliscor|Protect
|move|p1a: Zenitsu|Calm Mind|p1a: Zenitsu
|-boost|p1a: Zenitsu|spa|1
|-boost|p1a: Zenitsu|spd|1
|
|-heal|p1a: Zenitsu|94/100 tox|[from] item: Leftovers
|-damage|p1a: Zenitsu|82/100 tox|[from] psn
|upkeep
|turn|11
|
|t:|1759014181
|move|p1a: Zenitsu|Dragon Pulse|p2a: Gliscor
|-damage|p2a: Gliscor|31/100 tox
|move|p2a: Gliscor|Earthquake|p1a: Zenitsu
|-supereffective|p1a: Zenitsu
|-damage|p1a: Zenitsu|41/100 tox
|
|-heal|p1a: Zenitsu|47/100 tox|[from] item: Leftovers
|-damage|p1a: Zenitsu|28/100 tox|[from] psn
|-heal|p2a: Gliscor|43/100 tox|[from] ability: Poison Heal
|upkeep
|turn|12
|
|t:|1759014184
|move|p2a: Gliscor|Protect|p2a: Gliscor
|-singleturn|p2a: Gliscor|Protect
|move|p1a: Zenitsu|Dragon Pulse|p2a: Gliscor
|-activate|p2a: Gliscor|move: Protect
|
|-heal|p1a: Zenitsu|34/100 tox|[from] item: Leftovers
|-damage|p1a: Zenitsu|10/100 tox|[from] psn
|-heal|p2a: Gliscor|56/100 tox|[from] ability: Poison Heal
|upkeep
|turn|13
|
|t:|1759014188
|switch|p2a: Clefable|Clefable, F|20/100
|move|p1a: Zenitsu|Thunderbolt|p2a: Clefable
|-damage|p2a: Clefable|0 fnt
|faint|p2a: Clefable
|
|-heal|p1a: Zenitsu|16/100 tox|[from] item: Leftovers
|-damage|p1a: Zenitsu|0 fnt|[from] psn
|faint|p1a: Zenitsu
|-end|p1a: Zenitsu|Protosynthesis|[silent]
|upkeep
|
|t:|1759014199
|switch|p1a: BunnyGirlSenpai|Cinderace, F|100/100
|switch|p2a: Gliscor|Gliscor, F|56/100 tox
|turn|14
|
|t:|1759014202
|move|p2a: Gliscor|Protect|p2a: Gliscor
|-singleturn|p2a: Gliscor|Protect
|move|p1a: BunnyGirlSenpai|Pyro Ball|p2a: Gliscor
|-activate|p2a: Gliscor|move: Protect
|
|-heal|p2a: Gliscor|68/100 tox|[from] ability: Poison Heal
|upkeep
|turn|15
|
|t:|1759014205
|move|p1a: BunnyGirlSenpai|Pyro Ball|p2a: Gliscor
|-damage|p2a: Gliscor|31/100 tox
|move|p2a: Gliscor|Toxic|p1a: BunnyGirlSenpai|[miss]
|-miss|p2a: Gliscor|p1a: BunnyGirlSenpai
|
|-heal|p2a: Gliscor|43/100 tox|[from] ability: Poison Heal
|upkeep
|turn|16
|
|t:|1759014208
|move|p2a: Gliscor|Protect|p2a: Gliscor
|-singleturn|p2a: Gliscor|Protect
|move|p1a: BunnyGirlSenpai|Court Change|p1a: BunnyGirlSenpai
|-swapsideconditions
|-activate|p1a: BunnyGirlSenpai|move: Court Change
|
|-heal|p2a: Gliscor|56/100 tox|[from] ability: Poison Heal
|upkeep
|turn|17
|
|t:|1759014211
|move|p1a: BunnyGirlSenpai|Pyro Ball|p2a: Gliscor|[miss]
|-miss|p1a: BunnyGirlSenpai|p2a: Gliscor
|move|p2a: Gliscor|Spikes|p1a: BunnyGirlSenpai
|-sidestart|p1: Obito 2001|Spikes
|
|-heal|p2a: Gliscor|68/100 tox|[from] ability: Poison Heal
|upkeep
|turn|18
|
|t:|1759014214
|switch|p1a: Sosuke Aizen|Kingambit, M, shiny|100/100
|-damage|p1a: Sosuke Aizen|88/100|[from] Spikes
|-activate|p1a: Sosuke Aizen|ability: Supreme Overlord
|-start|p1a: Sosuke Aizen|fallen3|[silent]
|move|p2a: Gliscor|Protect||[still]
|-fail|p2a: Gliscor
|
|-heal|p1a: Sosuke Aizen|94/100|[from] item: Leftovers
|-heal|p2a: Gliscor|81/100 tox|[from] ability: Poison Heal
|upkeep
|turn|19
|
|t:|1759014216
|switch|p2a: Mandibuzz|Mandibuzz, F|100/100
|move|p1a: Sosuke Aizen|Swords Dance|p1a: Sosuke Aizen
|-boost|p1a: Sosuke Aizen|atk|2
|
|-heal|p1a: Sosuke Aizen|99/100|[from] item: Leftovers
|upkeep
|turn|20
|
|t:|1759014220
|move|p2a: Mandibuzz|Iron Defense|p2a: Mandibuzz
|-boost|p2a: Mandibuzz|def|2
|move|p1a: Sosuke Aizen|Iron Head|p2a: Mandibuzz
|-damage|p2a: Mandibuzz|66/100
|
|-heal|p1a: Sosuke Aizen|100/100|[from] item: Leftovers
|upkeep
|turn|21
|
|t:|1759014226
|move|p2a: Mandibuzz|Knock Off|p1a: Sosuke Aizen
|-resisted|p1a: Sosuke Aizen
|-damage|p1a: Sosuke Aizen|91/100
|-enditem|p1a: Sosuke Aizen|Leftovers|[from] move: Knock Off|[of] p2a: Mandibuzz
|move|p1a: Sosuke Aizen|Swords Dance|p1a: Sosuke Aizen
|-boost|p1a: Sosuke Aizen|atk|2
|
|upkeep
|turn|22
|
|t:|1759014228
|move|p2a: Mandibuzz|Iron Defense|p2a: Mandibuzz
|-boost|p2a: Mandibuzz|def|2
|move|p1a: Sosuke Aizen|Iron Head|p2a: Mandibuzz
|-damage|p2a: Mandibuzz|32/100
|
|upkeep
|turn|23
|
|t:|1759014232
|move|p2a: Mandibuzz|Roost|p2a: Mandibuzz
|-heal|p2a: Mandibuzz|82/100
|-singleturn|p2a: Mandibuzz|move: Roost
|move|p1a: Sosuke Aizen|Low Kick|p2a: Mandibuzz
|-supereffective|p2a: Mandibuzz
|-damage|p2a: Mandibuzz|49/100
|
|upkeep
|turn|24
|
|t:|1759014238
|move|p2a: Mandibuzz|Foul Play|p1a: Sosuke Aizen
|-resisted|p1a: Sosuke Aizen
|-damage|p1a: Sosuke Aizen|29/100
|move|p1a: Sosuke Aizen|Iron Head|p2a: Mandibuzz
|-damage|p2a: Mandibuzz|17/100
|
|upkeep
|turn|25
|
|t:|1759014243
|move|p2a: Mandibuzz|Roost|p2a: Mandibuzz
|-heal|p2a: Mandibuzz|67/100
|-singleturn|p2a: Mandibuzz|move: Roost
|move|p1a: Sosuke Aizen|Iron Head|p2a: Mandibuzz
|-damage|p2a: Mandibuzz|32/100
|
|upkeep
|turn|26
|-message|Obito 2001 forfeited.
|
|win|Light SV
|raw|Obito 2001's rating: 1866 &rarr; <strong>1845</strong><br />(-21 for losing)
|raw|Light SV's rating: 1845 &rarr; <strong>1866</strong><br />(+21 for winning)
|l|☆Obito 2001
|player|p1|
|l|☆Light SV
|player|p2|
|l| amefurikoneko
