|j|☆YeatLover267
|j|☆Alcke
|t:|1758945485
|gametype|singles
|player|p1|YeatLover267|backersf|1405
|player|p2|Alcke|2|1357
|gen|9
|tier|[Gen 9] OU
|rated|
|rule|HP Percentage Mod: HP is shown in percentages
|rule|Endless Battle Clause: Forcing endless battles is banned
|rule|Species Clause: Limit one of each Pokémon
|rule|OHKO Clause: OHKO moves are banned
|rule|Evasion Items Clause: Evasion items are banned
|rule|Evasion Moves Clause: Evasion moves are banned
|rule|Evasion Abilities Clause: Evasion abilities are banned
|rule|Sleep Moves Clause: Sleep-inducing moves are banned
|clearpoke
|poke|p1|Zapdos|
|poke|p1|Mamoswine, F|
|poke|p1|Corviknight, F|
|poke|p1|Ogerpon-Wellspring, F|
|poke|p1|Hawlucha, M|
|poke|p1|Primarina, F|
|poke|p2|Ursaluna, M|
|poke|p2|Cresselia, F|
|poke|p2|Iron Valiant|
|poke|p2|Hatterene, F|
|poke|p2|Keldeo-Resolute|
|poke|p2|Ogerpon, F|
|teampreview
|inactive|Battle timer is ON: inactive players will automatically lose when time's up. (requested by YeatLover267)
|
|t:|1758945515
|teamsize|p1|6
|teamsize|p2|6
|start
|switch|p1a: Mamoswine|Mamoswine, F|100/100
|switch|p2a: Keldeo|Keldeo-Resolute|100/100
|turn|1
|
|t:|1758945528
|switch|p1a: Primarina|Primarina, F|100/100
|move|p2a: Keldeo|Secret Sword|p1a: Primarina
|-resisted|p1a: Primarina
|-damage|p1a: Primarina|58/100
|
|upkeep
|turn|2
|
|t:|1758945548
|switch|p2a: Ogerpon|Ogerpon, F|100/100
|move|p1a: Primarina|Flip Turn|p2a: Ogerpon
|-resisted|p2a: Ogerpon
|-damage|p2a: Ogerpon|90/100
|
|t:|1758945550
|switch|p1a: Hawlucha|Hawlucha, M|100/100|[from] Flip Turn
|-ability|p1a: Hawlucha|Mold Breaker
|
|upkeep
|turn|3
|
|t:|1758945566
|switch|p2a: Cresselia|Cresselia, F, shiny|100/100
|move|p1a: Hawlucha|Flying Press|p2a: Cresselia
|-resisted|p2a: Cresselia
|-damage|p2a: Cresselia|92/100
|-damage|p1a: Hawlucha|84/100|[from] item: Rocky Helmet|[of] p2a: Cresselia
|
|upkeep
|turn|4
|
|t:|1758945579
|switch|p1a: Corviknight|Corviknight, F, shiny|100/100
|-ability|p1a: Corviknight|Pressure
|move|p2a: Cresselia|Trick Room|p2a: Cresselia
|-fieldstart|move: Trick Room|[of] p2a: Cresselia
|
|upkeep
|turn|5
|
|t:|1758945590
|switch|p2a: Ursaluna|Ursaluna, M, shiny|100/100
|move|p1a: Corviknight|U-turn|p2a: Ursaluna
|-damage|p2a: Ursaluna|91/100
|
|t:|1758945597
|switch|p1a: Primarina|Primarina, F|58/100|[from] U-turn
|
|-status|p2a: Ursaluna|brn|[from] item: Flame Orb
|upkeep
|turn|6
|
|t:|1758945607
|switch|p1a: Corviknight|Corviknight, F, shiny|100/100
|-ability|p1a: Corviknight|Pressure
|-terastallize|p2a: Ursaluna|Normal
|move|p2a: Ursaluna|Facade|p1a: Corviknight
|-resisted|p1a: Corviknight
|-damage|p1a: Corviknight|48/100
|-damage|p2a: Ursaluna|74/100 brn|[from] item: Rocky Helmet|[of] p1a: Corviknight
|
|-damage|p2a: Ursaluna|68/100 brn|[from] brn
|upkeep
|turn|7
|
|t:|1758945624
|-terastallize|p1a: Corviknight|Ghost
|move|p2a: Ursaluna|Fire Punch|p1a: Corviknight
|-damage|p1a: Corviknight|22/100
|-damage|p2a: Ursaluna|52/100 brn|[from] item: Rocky Helmet|[of] p1a: Corviknight
|move|p1a: Corviknight|Roost|p1a: Corviknight
|-heal|p1a: Corviknight|72/100
|
|-damage|p2a: Ursaluna|46/100 brn|[from] brn
|upkeep
|turn|8
|inactive|Alcke has 120 seconds left.
|
|t:|1758945651
|switch|p2a: Cresselia|Cresselia, F, shiny|92/100
|move|p1a: Corviknight|U-turn|p2a: Cresselia
|-supereffective|p2a: Cresselia
|-damage|p2a: Cresselia|75/100
|-damage|p1a: Corviknight|55/100|[from] item: Rocky Helmet|[of] p2a: Cresselia
|
|t:|1758945668
|switch|p1a: Zapdos|Zapdos, shiny|100/100|[from] U-turn
|-ability|p1a: Zapdos|Pressure
|
|-fieldend|move: Trick Room
|upkeep
|turn|9
|
|t:|1758945677
|switch|p2a: Hatterene|Hatterene, F, shiny|100/100
|move|p1a: Zapdos|Hurricane|p2a: Hatterene|[miss]
|-miss|p1a: Zapdos|p2a: Hatterene
|
|upkeep
|turn|10
|
|t:|1758945691
|move|p1a: Zapdos|Hurricane|p2a: Hatterene
|-damage|p2a: Hatterene|6/100
|move|p2a: Hatterene|Psychic Noise|p1a: Zapdos
|-damage|p1a: Zapdos|50/100
|-start|p1a: Zapdos|move: Heal Block
|
|upkeep
|turn|11
|
|t:|1758945703
|move|p1a: Zapdos|Hurricane|p2a: Hatterene
|-damage|p2a: Hatterene|0 fnt
|faint|p2a: Hatterene
|
|-end|p1a: Zapdos|move: Heal Block
|upkeep
|inactive|Alcke has 120 seconds left.
|
|t:|1758945730
|switch|p2a: Cresselia|Cresselia, F, shiny|75/100
|turn|12
|
|t:|1758945739
|move|p1a: Zapdos|Hurricane|p2a: Cresselia
|-damage|p2a: Cresselia|28/100
|move|p2a: Cresselia|Trick Room|p2a: Cresselia
|-fieldstart|move: Trick Room|[of] p2a: Cresselia
|
|upkeep
|turn|13
|inactive|Alcke has 120 seconds left.
|
|t:|1758945746
|move|p2a: Cresselia|Lunar Dance|p2a: Cresselia
|faint|p2a: Cresselia
|move|p1a: Zapdos|Hurricane|p2: Cresselia|[notarget]
|-fail|p1a: Zapdos
|
|upkeep
|inactive|Alcke has 120 seconds left.
|
|t:|1758945752
|switch|p2a: Ursaluna|Ursaluna, M, shiny, tera:Normal|46/100 brn
|-heal|p2a: Ursaluna|100/100|[from] move: Lunar Dance
|turn|14
|
|t:|1758945758
|move|p2a: Ursaluna|Ice Punch|p1a: Zapdos
|-supereffective|p1a: Zapdos
|-damage|p1a: Zapdos|0 fnt
|faint|p1a: Zapdos
|
|-status|p2a: Ursaluna|brn|[from] item: Flame Orb
|upkeep
|
|t:|1758945768
|switch|p1a: Hawlucha|Hawlucha, M|84/100
|-ability|p1a: Hawlucha|Mold Breaker
|turn|15
|
|t:|1758945773
|switch|p1a: Corviknight|Corviknight, F, shiny, tera:Ghost|55/100
|-ability|p1a: Corviknight|Pressure
|move|p2a: Ursaluna|Facade|p1a: Corviknight
|-immune|p1a: Corviknight
|
|-damage|p2a: Ursaluna|94/100 brn|[from] brn
|upkeep
|turn|16
|
|t:|1758945778
|move|p2a: Ursaluna|Headlong Rush|p1a: Corviknight
|-damage|p1a: Corviknight|0 fnt
|-unboost|p2a: Ursaluna|def|1
|-unboost|p2a: Ursaluna|spd|1
|-damage|p2a: Ursaluna|78/100 brn|[from] item: Rocky Helmet|[of] p1a: Corviknight
|faint|p1a: Corviknight
|
|-damage|p2a: Ursaluna|72/100 brn|[from] brn
|-fieldend|move: Trick Room
|upkeep
|
|t:|1758945783
|switch|p1a: Mamoswine|Mamoswine, F|100/100
|turn|17
|
|t:|1758945794
|move|p1a: Mamoswine|Icicle Crash|p2a: Ursaluna
|-damage|p2a: Ursaluna|0 fnt
|faint|p2a: Ursaluna
|
|upkeep
|
|t:|1758945806
|switch|p2a: Keldeo|Keldeo-Resolute|100/100
|turn|18
|
|t:|1758945820
|move|p2a: Keldeo|Secret Sword|p1a: Mamoswine
|-supereffective|p1a: Mamoswine
|-damage|p1a: Mamoswine|0 fnt
|faint|p1a: Mamoswine
|
|upkeep
|
|t:|1758945822
|switch|p1a: Primarina|Primarina, F|58/100
|turn|19
|
|t:|1758945832
|switch|p2a: Ogerpon|Ogerpon, F|90/100
|move|p1a: Primarina|Flip Turn|p2a: Ogerpon
|-resisted|p2a: Ogerpon
|-damage|p2a: Ogerpon|79/100
|
|t:|1758945835
|switch|p1a: Hawlucha|Hawlucha, M|84/100|[from] Flip Turn
|-ability|p1a: Hawlucha|Mold Breaker
|
|upkeep
|turn|20
|
|t:|1758945854
|move|p1a: Hawlucha|Flying Press|p2a: Ogerpon
|-supereffective|p2a: Ogerpon
|-damage|p2a: Ogerpon|0 fnt
|faint|p2a: Ogerpon
|
|upkeep
|
|t:|1758945858
|switch|p2a: Iron Valiant|Iron Valiant|100/100
|-enditem|p2a: Iron Valiant|Booster Energy
|-activate|p2a: Iron Valiant|ability: Quark Drive|[fromitem]
|-start|p2a: Iron Valiant|quarkdrivespe
|turn|21
|
|t:|1758945872
|switch|p1a: Ogerpon|Ogerpon-Wellspring, F|100/100
|move|p2a: Iron Valiant|Moonblast|p1a: Ogerpon
|-damage|p1a: Ogerpon|49/100
|
|upkeep
|turn|22
|
|t:|1758945881
|move|p2a: Iron Valiant|Close Combat|p1a: Ogerpon
|-damage|p1a: Ogerpon|0 fnt
|-unboost|p2a: Iron Valiant|def|1
|-unboost|p2a: Iron Valiant|spd|1
|faint|p1a: Ogerpon
|
|upkeep
|
|t:|1758945883
|switch|p1a: Primarina|Primarina, F|58/100
|turn|23
|inactive|Alcke has 120 seconds left.
|
|t:|1758945924
|move|p2a: Iron Valiant|Moonblast|p1a: Primarina
|-damage|p1a: Primarina|38/100
|-unboost|p1a: Primarina|spa|1
|move|p1a: Primarina|Draining Kiss|p2a: Iron Valiant
|-supereffective|p2a: Iron Valiant
|-damage|p2a: Iron Valiant|15/100
|-heal|p1a: Primarina|88/100|[from] drain|[of] p2a: Iron Valiant
|
|upkeep
|turn|24
|
|t:|1758945935
|move|p2a: Iron Valiant|Close Combat|p1a: Primarina
|-resisted|p1a: Primarina
|-damage|p1a: Primarina|55/100
|-unboost|p2a: Iron Valiant|def|1
|-unboost|p2a: Iron Valiant|spd|1
|move|p1a: Primarina|Draining Kiss|p2a: Iron Valiant
|-supereffective|p2a: Iron Valiant
|-crit|p2a: Iron Valiant
|-damage|p2a: Iron Valiant|0 fnt
|-heal|p1a: Primarina|64/100|[from] drain|[of] p2a: Iron Valiant
|faint|p2a: Iron Valiant
|-end|p2a: Iron Valiant|Quark Drive|[silent]
|
|upkeep
|-message|Alcke forfeited.
|
|win|YeatLover267
|raw|YeatLover267's rating: 1387 &rarr; <strong>1405</strong><br />(+18 for winning)
|raw|Alcke's rating: 1357 &rarr; <strong>1339</strong><br />(-18 for losing)
|l|☆Alcke
|player|p2|
|l|☆YeatLover267
|player|p1|
