|j|☆fulkttd
|j|‽Dominicano 55
|t:|1759015345
|gametype|singles
|player|p1|fulkttd|zinzolin|1334
|player|p2|Dominicano 55|170|1324
|gen|9
|tier|[Gen 9] OU
|rated|
|rule|HP Percentage Mod: HP is shown in percentages
|rule|Endless Battle Clause: Forcing endless battles is banned
|rule|Species Clause: Limit one of each Pokémon
|rule|OHKO Clause: OHKO moves are banned
|rule|Evasion Items Clause: Evasion items are banned
|rule|Evasion Moves Clause: Evasion moves are banned
|rule|Evasion Abilities Clause: Evasion abilities are banned
|rule|Sleep Moves Clause: Sleep-inducing moves are banned
|clearpoke
|poke|p1|Weavile, M|
|poke|p1|Great Tusk|
|poke|p1|Hatterene, F|
|poke|p1|Slowking-Galar, F|
|poke|p1|Gholdengo|
|poke|p1|Ogerpon-Wellspring, F|
|poke|p2|Lokix, M|
|poke|p2|Dragapult, M|
|poke|p2|Toedscruel, F|
|poke|p2|Gyarados, F|
|poke|p2|Rotom-Heat|
|poke|p2|Revavroom, M|
|teampreview
|inactive|Battle timer is ON: inactive players will automatically lose when time's up. (requested by fulkttd)
|
|t:|1759015362
|teamsize|p1|6
|teamsize|p2|6
|start
|switch|p1a: Weavile|Weavile, M|100/100
|switch|p2a: Lokix|Lokix, M|100/100
|-ability|p1a: Weavile|Pressure
|turn|1
|
|t:|1759015369
|switch|p1a: Great Tusk|Great Tusk|100/100
|move|p2a: Lokix|Knock Off|p1a: Great Tusk
|-resisted|p1a: Great Tusk
|-damage|p1a: Great Tusk|54/100
|-enditem|p1a: Great Tusk|Heavy-Duty Boots|[from] move: Knock Off|[of] p2a: Lokix
|
|upkeep
|turn|2
|
|t:|1759015382
|switch|p2a: Rotom|Rotom-Heat|100/100
|move|p1a: Great Tusk|Ice Spinner|p2a: Rotom
|-resisted|p2a: Rotom
|-damage|p2a: Rotom|85/100
|
|-heal|p2a: Rotom|91/100|[from] item: Leftovers
|upkeep
|turn|3
|
|t:|1759015389
|-end|p1a: Great Tusk|Protosynthesis|[silent]
|switch|p1a: Slowking|Slowking-Galar, F|100/100
|move|p2a: Rotom|Nasty Plot|p2a: Rotom
|-boost|p2a: Rotom|spa|2
|
|-heal|p2a: Rotom|97/100|[from] item: Leftovers
|upkeep
|turn|4
|
|t:|1759015398
|move|p2a: Rotom|Nasty Plot|p2a: Rotom
|-boost|p2a: Rotom|spa|2
|move|p1a: Slowking|Future Sight|p2a: Rotom
|-start|p1a: Slowking|move: Future Sight
|
|-heal|p2a: Rotom|100/100|[from] item: Leftovers
|upkeep
|turn|5
|
|t:|1759015422
|switch|p1a: Great Tusk|Great Tusk|54/100
|move|p2a: Rotom|Overheat|p1a: Great Tusk
|-damage|p1a: Great Tusk|0 fnt
|-unboost|p2a: Rotom|spa|2
|faint|p1a: Great Tusk
|-end|p1a: Great Tusk|Protosynthesis|[silent]
|
|upkeep
|
|t:|1759015432
|switch|p1a: Ogerpon|Ogerpon-Wellspring, F|100/100
|turn|6
|
|t:|1759015440
|move|p1a: Ogerpon|Ivy Cudgel|p2a: Rotom|[anim] Ivy Cudgel Water
|-supereffective|p2a: Rotom
|-damage|p2a: Rotom|0 fnt
|faint|p2a: Rotom
|
|-hint|Future Sight did not hit because the target is fainted.
|upkeep
|
|t:|1759015446
|switch|p2a: Lokix|Lokix, M|100/100
|turn|7
|
|t:|1759015458
|switch|p1a: Gholdengo|Gholdengo|100/100
|move|p2a: Lokix|Knock Off|p1a: Gholdengo
|-supereffective|p1a: Gholdengo
|-damage|p1a: Gholdengo|0 fnt
|-enditem|p1a: Gholdengo|Choice Scarf|[from] move: Knock Off|[of] p2a: Lokix
|faint|p1a: Gholdengo
|
|upkeep
|
|t:|1759015461
|switch|p1a: Weavile|Weavile, M|100/100
|-ability|p1a: Weavile|Pressure
|turn|8
|inactive|Dominicano 55 has 120 seconds left.
|
|t:|1759015506
|switch|p2a: Revavroom|Revavroom, M|100/100
|move|p1a: Weavile|Triple Axel|p2a: Revavroom
|-resisted|p2a: Revavroom
|-damage|p2a: Revavroom|95/100
|-resisted|p2a: Revavroom
|-damage|p2a: Revavroom|82/100
|-resisted|p2a: Revavroom
|-damage|p2a: Revavroom|64/100
|-hitcount|p2a: Revavroom|3
|
|upkeep
|turn|9
|inactive|Dominicano 55 has 90 seconds left.
|
|t:|1759015538
|move|p1a: Weavile|Knock Off|p2a: Revavroom
|-damage|p2a: Revavroom|9/100
|-enditem|p2a: Revavroom|Lum Berry|[from] move: Knock Off|[of] p1a: Weavile
|move|p2a: Revavroom|Shift Gear|p2a: Revavroom
|-boost|p2a: Revavroom|spe|2
|-boost|p2a: Revavroom|atk|1
|
|upkeep
|turn|10
|inactive|Dominicano 55 has 90 seconds left.
|inactive|fulkttd has 120 seconds left.
|l|☆fulkttd
|inactive|fulkttd disconnected and has a minute to reconnect!
|player|p1|
|inactive|fulkttd has 30 seconds to reconnect!
|j|☆fulkttd
|inactive|fulkttd reconnected and has 85 seconds left.
|player|p1|fulkttd|zinzolin|
|
|t:|1759015606
|move|p1a: Weavile|Ice Shard|p2a: Revavroom
|-resisted|p2a: Revavroom
|-damage|p2a: Revavroom|0 fnt
|faint|p2a: Revavroom
|
|upkeep
|
|t:|1759015623
|switch|p2a: Lokix|Lokix, M|100/100
|turn|11
|inactive|fulkttd has 90 seconds left.
|
|t:|1759015636
|switch|p1a: Hatterene|Hatterene, F|100/100
|move|p2a: Lokix|First Impression|p1a: Hatterene
|-damage|p1a: Hatterene|56/100
|
|-heal|p1a: Hatterene|62/100|[from] item: Leftovers
|upkeep
|turn|12
|
|t:|1759015659
|switch|p2a: Toedscruel|Toedscruel, F|100/100
|move|p1a: Hatterene|Draining Kiss|p2a: Toedscruel
|-crit|p2a: Toedscruel
|-damage|p2a: Toedscruel|81/100
|-heal|p1a: Hatterene|79/100|[from] drain|[of] p2a: Toedscruel
|
|-heal|p1a: Hatterene|85/100|[from] item: Leftovers
|upkeep
|turn|13
|
|t:|1759015670
|switch|p1a: Slowking|Slowking-Galar, F|100/100
|move|p2a: Toedscruel|Giga Drain|p1a: Slowking
|-resisted|p1a: Slowking
|-damage|p1a: Slowking|94/100
|-heal|p2a: Toedscruel|84/100|[from] drain|[of] p1a: Slowking
|
|upkeep
|turn|14
|
|t:|1759015680
|move|p1a: Slowking|Ice Beam|p2a: Toedscruel
|-supereffective|p2a: Toedscruel
|-damage|p2a: Toedscruel|10/100
|move|p2a: Toedscruel|Leech Seed|p1a: Slowking
|-start|p1a: Slowking|move: Leech Seed
|
|-damage|p1a: Slowking|82/100|[from] Leech Seed|[of] p2a: Toedscruel
|-heal|p2a: Toedscruel|24/100|[silent]
|upkeep
|turn|15
|
|t:|1759015696
|move|p2a: Toedscruel|Earth Power|p1a: Slowking
|-supereffective|p1a: Slowking
|-damage|p1a: Slowking|54/100
|move|p1a: Slowking|Future Sight|p2a: Toedscruel
|-start|p1a: Slowking|move: Future Sight
|
|-damage|p1a: Slowking|42/100|[from] Leech Seed|[of] p2a: Toedscruel
|-heal|p2a: Toedscruel|37/100|[silent]
|upkeep
|turn|16
|
|t:|1759015715
|switch|p2a: Lokix|Lokix, M|100/100
|move|p1a: Slowking|Sludge Wave|p2a: Lokix
|-damage|p2a: Lokix|8/100
|
|-damage|p1a: Slowking|29/100|[from] Leech Seed|[of] p2a: Lokix
|-heal|p2a: Lokix|25/100|[silent]
|upkeep
|turn|17
|
|t:|1759015723
|switch|p1a: Hatterene|Hatterene, F|85/100
|move|p2a: Lokix|Leech Life|p1a: Hatterene
|-damage|p1a: Hatterene|39/100
|-heal|p2a: Lokix|51/100|[from] drain|[of] p1a: Hatterene
|
|-end|p2a: Lokix|move: Future Sight
|-immune|p2a: Lokix
|-heal|p1a: Hatterene|45/100|[from] item: Leftovers
|upkeep
|turn|18
|
|t:|1759015733
|move|p2a: Lokix|Leech Life|p1a: Hatterene
|-damage|p1a: Hatterene|1/100
|-heal|p2a: Lokix|76/100|[from] drain|[of] p1a: Hatterene
|move|p1a: Hatterene|Draining Kiss|p2a: Lokix
|-supereffective|p2a: Lokix
|-damage|p2a: Lokix|0 fnt
|-heal|p1a: Hatterene|52/100|[from] drain|[of] p2a: Lokix
|faint|p2a: Lokix
|
|-heal|p1a: Hatterene|58/100|[from] item: Leftovers
|upkeep
|
|t:|1759015751
|switch|p2a: Gyarados|Gyarados, F|100/100
|turn|19
|inactive|fulkttd has 120 seconds left.
|
|t:|1759015763
|move|p2a: Gyarados|Dragon Dance|p2a: Gyarados
|-boost|p2a: Gyarados|atk|1
|-boost|p2a: Gyarados|spe|1
|move|p1a: Hatterene|Nuzzle|p2a: Gyarados
|-supereffective|p2a: Gyarados
|-crit|p2a: Gyarados
|-damage|p2a: Gyarados|67/100
|-status|p2a: Gyarados|par
|
|-heal|p2a: Gyarados|73/100 par|[from] item: Leftovers
|-heal|p1a: Hatterene|64/100|[from] item: Leftovers
|upkeep
|turn|20
|
|t:|1759015773
|move|p2a: Gyarados|Waterfall|p1a: Hatterene
|-damage|p1a: Hatterene|17/100
|move|p1a: Hatterene|Draining Kiss|p2a: Gyarados
|-damage|p2a: Gyarados|49/100 par
|-heal|p1a: Hatterene|35/100|[from] drain|[of] p2a: Gyarados
|
|-heal|p2a: Gyarados|55/100 par|[from] item: Leftovers
|-heal|p1a: Hatterene|41/100|[from] item: Leftovers
|upkeep
|turn|21
|
|t:|1759015782
|-terastallize|p1a: Hatterene|Water
|move|p2a: Gyarados|Earthquake|p1a: Hatterene
|-damage|p1a: Hatterene|0 fnt
|faint|p1a: Hatterene
|-ability|p2a: Gyarados|Moxie|boost
|-boost|p2a: Gyarados|atk|1
|
|-heal|p2a: Gyarados|61/100 par|[from] item: Leftovers
|upkeep
|
|t:|1759015790
|switch|p1a: Ogerpon|Ogerpon-Wellspring, F|100/100
|turn|22
|-message|Dominicano 55 forfeited.
|
|win|fulkttd
|raw|fulkttd's rating: 1334 &rarr; <strong>1353</strong><br />(+19 for winning)
|raw|Dominicano 55's rating: 1324 &rarr; <strong>1305</strong><br />(-19 for losing)
|l|‽Dominicano 55
|player|p2|
|l|☆fulkttd
|player|p1|
