|j|☆lerendezvous
|j|☆jojosworld
|t:|1758955860
|gametype|singles
|player|p1|lerendezvous|101|1642
|player|p2|jojosworld|cynthia|1775
|gen|9
|tier|[Gen 9] OU
|rated|
|rule|HP Percentage Mod: HP is shown in percentages
|rule|Endless Battle Clause: Forcing endless battles is banned
|rule|Species Clause: Limit one of each Pokémon
|rule|OHKO Clause: OHKO moves are banned
|rule|Evasion Items Clause: Evasion items are banned
|rule|Evasion Moves Clause: Evasion moves are banned
|rule|Evasion Abilities Clause: Evasion abilities are banned
|rule|Sleep Moves Clause: Sleep-inducing moves are banned
|clearpoke
|poke|p1|Ogerpon-Wellspring, F|
|poke|p1|Slowking-Galar, F|
|poke|p1|Great Tusk|
|poke|p1|Moltres|
|poke|p1|Dragapult, F|
|poke|p1|Kingambit, M|
|poke|p2|Alomomola, F|
|poke|p2|Amoonguss, M|
|poke|p2|Great Tusk|
|poke|p2|Goodra-Hisui, F|
|poke|p2|Dragapult, F|
|poke|p2|Garganacl, F|
|teampreview
|inactive|Battle timer is ON: inactive players will automatically lose when time's up. (requested by jojosworld)
|inactive|lerendezvous also wants the timer to be on.
|
|t:|1758955871
|teamsize|p1|6
|teamsize|p2|6
|start
|switch|p1a: Kingambit|Kingambit, M|100/100
|switch|p2a: Garganacl|Garganacl, F, shiny|100/100
|turn|1
|
|t:|1758955877
|move|p1a: Kingambit|Iron Head|p2a: Garganacl
|-supereffective|p2a: Garganacl
|-damage|p2a: Garganacl|49/100
|move|p2a: Garganacl|Salt Cure|p1a: Kingambit
|-resisted|p1a: Kingambit
|-damage|p1a: Kingambit|95/100
|-start|p1a: Kingambit|Salt Cure
|
|-heal|p1a: Kingambit|100/100|[from] item: Leftovers
|-heal|p2a: Garganacl|55/100|[from] item: Leftovers
|-damage|p1a: Kingambit|76/100|[from] Salt Cure
|upkeep
|turn|2
|
|t:|1758955888
|-end|p1a: Kingambit|fallenundefined|[silent]
|switch|p1a: Ogerpon|Ogerpon-Wellspring, F|100/100
|switch|p2a: Alomomola|Alomomola, F, shiny|100/100
|
|upkeep
|turn|3
|
|t:|1758955893
|switch|p2a: Amoonguss|Amoonguss, M, shiny|100/100
|move|p1a: Ogerpon|Knock Off|p2a: Amoonguss
|-damage|p2a: Amoonguss|75/100
|-enditem|p2a: Amoonguss|Heavy-Duty Boots|[from] move: Knock Off|[of] p1a: Ogerpon
|
|upkeep
|turn|4
|
|t:|1758955900
|move|p1a: Ogerpon|U-turn|p2a: Amoonguss
|-damage|p2a: Amoonguss|53/100
|
|t:|1758955905
|switch|p1a: Kingambit|Kingambit, M|76/100|[from] U-turn
|move|p2a: Amoonguss|Toxic|p1a: Kingambit
|-immune|p1a: Kingambit
|
|-heal|p1a: Kingambit|82/100|[from] item: Leftovers
|upkeep
|turn|5
|
|t:|1758955910
|switch|p2a: Alomomola|Alomomola, F, shiny|100/100
|move|p1a: Kingambit|Swords Dance|p1a: Kingambit
|-boost|p1a: Kingambit|atk|2
|
|-heal|p1a: Kingambit|88/100|[from] item: Leftovers
|upkeep
|turn|6
|
|t:|1758955915
|move|p1a: Kingambit|Swords Dance|p1a: Kingambit
|-boost|p1a: Kingambit|atk|2
|move|p2a: Alomomola|Flip Turn|p1a: Kingambit
|-damage|p1a: Kingambit|76/100
|
|t:|1758955916
|switch|p2a: Dragapult|Dragapult, F, shiny|100/100|[from] Flip Turn
|
|-heal|p1a: Kingambit|82/100|[from] item: Leftovers
|upkeep
|turn|7
|
|t:|1758955921
|move|p1a: Kingambit|Sucker Punch||[still]
|-fail|p1a: Kingambit
|move|p2a: Dragapult|Will-O-Wisp|p1a: Kingambit
|-status|p1a: Kingambit|brn
|
|-heal|p1a: Kingambit|88/100 brn|[from] item: Leftovers
|-damage|p1a: Kingambit|82/100 brn|[from] brn
|upkeep
|turn|8
|
|t:|1758955927
|switch|p2a: Alomomola|Alomomola, F, shiny|100/100
|move|p1a: Kingambit|Swords Dance|p1a: Kingambit
|-boost|p1a: Kingambit|atk|2
|
|-heal|p1a: Kingambit|88/100 brn|[from] item: Leftovers
|-damage|p1a: Kingambit|82/100 brn|[from] brn
|upkeep
|turn|9
|
|t:|1758955931
|move|p1a: Kingambit|Iron Head|p2a: Alomomola
|-resisted|p2a: Alomomola
|-damage|p2a: Alomomola|77/100
|cant|p2a: Alomomola|flinch
|
|-heal|p1a: Kingambit|88/100 brn|[from] item: Leftovers
|-damage|p1a: Kingambit|82/100 brn|[from] brn
|upkeep
|turn|10
|
|t:|1758955940
|move|p1a: Kingambit|Iron Head|p2a: Alomomola
|-resisted|p2a: Alomomola
|-damage|p2a: Alomomola|54/100
|move|p2a: Alomomola|Flip Turn|p1a: Kingambit
|-damage|p1a: Kingambit|68/100 brn
|
|t:|1758955948
|switch|p2a: Great Tusk|Great Tusk, shiny|100/100|[from] Flip Turn
|
|-heal|p1a: Kingambit|75/100 brn|[from] item: Leftovers
|-damage|p1a: Kingambit|68/100 brn|[from] brn
|upkeep
|turn|11
|
|t:|1758955952
|move|p2a: Great Tusk|Headlong Rush|p1a: Kingambit
|-supereffective|p1a: Kingambit
|-damage|p1a: Kingambit|0 fnt
|-unboost|p2a: Great Tusk|def|1
|-unboost|p2a: Great Tusk|spd|1
|faint|p1a: Kingambit
|-end|p1a: Kingambit|fallenundefined|[silent]
|
|upkeep
|
|t:|1758955958
|switch|p1a: Great Tusk|Great Tusk|100/100
|turn|12
|
|t:|1758955963
|-end|p2a: Great Tusk|Protosynthesis|[silent]
|switch|p2a: Amoonguss|Amoonguss, M, shiny|87/100
|move|p1a: Great Tusk|Headlong Rush|p2a: Amoonguss
|-damage|p2a: Amoonguss|44/100
|-unboost|p1a: Great Tusk|def|1
|-unboost|p1a: Great Tusk|spd|1
|
|upkeep
|turn|13
|
|t:|1758955968
|switch|p2a: Alomomola|Alomomola, F, shiny|88/100
|move|p1a: Great Tusk|Headlong Rush|p2a: Alomomola
|-damage|p2a: Alomomola|51/100
|-unboost|p1a: Great Tusk|def|1
|-unboost|p1a: Great Tusk|spd|1
|
|upkeep
|turn|14
|
|t:|1758955974
|-end|p1a: Great Tusk|Protosynthesis|[silent]
|switch|p1a: Ogerpon|Ogerpon-Wellspring, F|100/100
|move|p2a: Alomomola|Wish|p2a: Alomomola
|
|upkeep
|turn|15
|
|t:|1758955978
|switch|p1a: Dragapult|Dragapult, F|100/100
|switch|p2a: Amoonguss|Amoonguss, M, shiny|77/100
|
|-heal|p2a: Amoonguss|100/100|[from] move: Wish|[wisher] Alomomola
|upkeep
|turn|16
|
|t:|1758955983
|move|p1a: Dragapult|U-turn|p2a: Amoonguss
|-damage|p2a: Amoonguss|87/100
|
|t:|1758955988
|switch|p1a: Slowking|Slowking-Galar, F|100/100|[from] U-turn
|move|p2a: Amoonguss|Toxic|p1a: Slowking
|-immune|p1a: Slowking
|
|upkeep
|turn|17
|
|t:|1758955993
|switch|p1a: Great Tusk|Great Tusk|100/100
|switch|p2a: Garganacl|Garganacl, F, shiny|55/100
|
|-heal|p2a: Garganacl|61/100|[from] item: Leftovers
|upkeep
|turn|18
|
|t:|1758955998
|switch|p2a: Amoonguss|Amoonguss, M, shiny|100/100
|move|p1a: Great Tusk|Stealth Rock|p2a: Amoonguss
|-sidestart|p2: jojosworld|move: Stealth Rock
|
|upkeep
|turn|19
|
|t:|1758956002
|-end|p1a: Great Tusk|Protosynthesis|[silent]
|switch|p1a: Slowking|Slowking-Galar, F|100/100
|move|p2a: Amoonguss|Foul Play|p1a: Slowking
|-supereffective|p1a: Slowking
|-damage|p1a: Slowking|80/100
|
|upkeep
|turn|20
|
|t:|1758956007
|switch|p1a: Ogerpon|Ogerpon-Wellspring, F|100/100
|switch|p2a: Garganacl|Garganacl, F, shiny|61/100
|-damage|p2a: Garganacl|49/100|[from] Stealth Rock
|
|-heal|p2a: Garganacl|55/100|[from] item: Leftovers
|upkeep
|turn|21
|
|t:|1758956012
|switch|p2a: Amoonguss|Amoonguss, M, shiny|100/100
|-damage|p2a: Amoonguss|88/100|[from] Stealth Rock
|move|p1a: Ogerpon|Ivy Cudgel|p2a: Amoonguss|[anim] Ivy Cudgel Water
|-resisted|p2a: Amoonguss
|-damage|p2a: Amoonguss|66/100
|
|upkeep
|turn|22
|
|t:|1758956016
|move|p1a: Ogerpon|U-turn|p2a: Amoonguss
|-damage|p2a: Amoonguss|46/100
|
|t:|1758956022
|switch|p1a: Slowking|Slowking-Galar, F|100/100|[from] U-turn
|move|p2a: Amoonguss|Foul Play|p1a: Slowking
|-supereffective|p1a: Slowking
|-damage|p1a: Slowking|79/100
|
|upkeep
|turn|23
|
|t:|1758956026
|switch|p1a: Ogerpon|Ogerpon-Wellspring, F|100/100
|switch|p2a: Alomomola|Alomomola, F, shiny|84/100
|
|upkeep
|turn|24
|
|t:|1758956031
|switch|p2a: Amoonguss|Amoonguss, M, shiny|79/100
|-damage|p2a: Amoonguss|66/100|[from] Stealth Rock
|move|p1a: Ogerpon|U-turn|p2a: Amoonguss
|-damage|p2a: Amoonguss|46/100
|
|t:|1758956036
|switch|p1a: Moltres|Moltres|100/100|[from] U-turn
|
|upkeep
|turn|25
|
|t:|1758956040
|switch|p2a: Alomomola|Alomomola, F, shiny|100/100
|move|p1a: Moltres|U-turn|p2a: Alomomola
|-damage|p2a: Alomomola|92/100
|
|t:|1758956046
|switch|p1a: Ogerpon|Ogerpon-Wellspring, F|100/100|[from] U-turn
|
|upkeep
|turn|26
|
|t:|1758956051
|switch|p2a: Amoonguss|Amoonguss, M, shiny|79/100
|-damage|p2a: Amoonguss|66/100|[from] Stealth Rock
|move|p1a: Ogerpon|U-turn|p2a: Amoonguss
|-damage|p2a: Amoonguss|46/100
|
|t:|1758956056
|switch|p1a: Moltres|Moltres|100/100|[from] U-turn
|
|upkeep
|turn|27
|
|t:|1758956061
|switch|p2a: Alomomola|Alomomola, F, shiny|100/100
|move|p1a: Moltres|U-turn|p2a: Alomomola
|-damage|p2a: Alomomola|93/100
|
|t:|1758956067
|switch|p1a: Ogerpon|Ogerpon-Wellspring, F|100/100|[from] U-turn
|
|upkeep
|turn|28
|
|t:|1758956071
|move|p1a: Ogerpon|U-turn|p2a: Alomomola
|-damage|p2a: Alomomola|78/100
|
|t:|1758956077
|switch|p1a: Great Tusk|Great Tusk|100/100|[from] U-turn
|move|p2a: Alomomola|Wish|p2a: Alomomola
|
|upkeep
|turn|29
|
|t:|1758956082
|-end|p1a: Great Tusk|Protosynthesis|[silent]
|switch|p1a: Ogerpon|Ogerpon-Wellspring, F|100/100
|switch|p2a: Amoonguss|Amoonguss, M, shiny|79/100
|-damage|p2a: Amoonguss|67/100|[from] Stealth Rock
|
|-heal|p2a: Amoonguss|100/100|[from] move: Wish|[wisher] Alomomola
|upkeep
|turn|30
|
|t:|1758956088
|move|p1a: Ogerpon|U-turn|p2a: Amoonguss
|-damage|p2a: Amoonguss|79/100
|
|t:|1758956093
|switch|p1a: Slowking|Slowking-Galar, F|100/100|[from] U-turn
|move|p2a: Amoonguss|Foul Play|p1a: Slowking
|-supereffective|p1a: Slowking
|-damage|p1a: Slowking|77/100
|
|upkeep
|turn|31
|
|t:|1758956098
|switch|p1a: Ogerpon|Ogerpon-Wellspring, F|100/100
|move|p2a: Amoonguss|Foul Play|p1a: Ogerpon
|-crit|p1a: Ogerpon
|-damage|p1a: Ogerpon|42/100
|
|upkeep
|turn|32
|
|t:|1758956102
|move|p1a: Ogerpon|U-turn|p2a: Amoonguss
|-damage|p2a: Amoonguss|59/100
|
|t:|1758956107
|switch|p1a: Slowking|Slowking-Galar, F|100/100|[from] U-turn
|move|p2a: Amoonguss|Foul Play|p1a: Slowking
|-supereffective|p1a: Slowking
|-damage|p1a: Slowking|78/100
|
|upkeep
|turn|33
|
|t:|1758956112
|switch|p1a: Ogerpon|Ogerpon-Wellspring, F|42/100
|switch|p2a: Garganacl|Garganacl, F, shiny|55/100
|-damage|p2a: Garganacl|42/100|[from] Stealth Rock
|
|-heal|p2a: Garganacl|49/100|[from] item: Leftovers
|upkeep
|turn|34
|
|t:|1758956116
|switch|p2a: Amoonguss|Amoonguss, M, shiny|93/100
|-damage|p2a: Amoonguss|80/100|[from] Stealth Rock
|move|p1a: Ogerpon|Power Whip|p2a: Amoonguss
|-resisted|p2a: Amoonguss
|-damage|p2a: Amoonguss|67/100
|
|upkeep
|turn|35
|
|t:|1758956121
|move|p1a: Ogerpon|U-turn|p2a: Amoonguss
|-damage|p2a: Amoonguss|46/100
|
|t:|1758956126
|switch|p1a: Slowking|Slowking-Galar, F|100/100|[from] U-turn
|move|p2a: Amoonguss|Foul Play|p1a: Slowking
|-supereffective|p1a: Slowking
|-damage|p1a: Slowking|77/100
|
|upkeep
|turn|36
|
|t:|1758956131
|switch|p1a: Ogerpon|Ogerpon-Wellspring, F|42/100
|switch|p2a: Alomomola|Alomomola, F, shiny|100/100
|
|upkeep
|turn|37
|
|t:|1758956136
|switch|p2a: Amoonguss|Amoonguss, M, shiny|79/100
|-damage|p2a: Amoonguss|66/100|[from] Stealth Rock
|move|p1a: Ogerpon|U-turn|p2a: Amoonguss
|-damage|p2a: Amoonguss|45/100
|
|t:|1758956140
|switch|p1a: Moltres|Moltres|100/100|[from] U-turn
|
|upkeep
|turn|38
|
|t:|1758956145
|switch|p2a: Alomomola|Alomomola, F, shiny|100/100
|move|p1a: Moltres|U-turn|p2a: Alomomola
|-damage|p2a: Alomomola|92/100
|
|t:|1758956151
|switch|p1a: Ogerpon|Ogerpon-Wellspring, F|42/100|[from] U-turn
|
|upkeep
|turn|39
|
|t:|1758956156
|switch|p2a: Amoonguss|Amoonguss, M, shiny|79/100
|-damage|p2a: Amoonguss|66/100|[from] Stealth Rock
|move|p1a: Ogerpon|U-turn|p2a: Amoonguss
|-damage|p2a: Amoonguss|47/100
|
|t:|1758956161
|switch|p1a: Moltres|Moltres|100/100|[from] U-turn
|
|upkeep
|turn|40
|
|t:|1758956166
|switch|p2a: Alomomola|Alomomola, F, shiny|100/100
|move|p1a: Moltres|U-turn|p2a: Alomomola
|-damage|p2a: Alomomola|92/100
|
|t:|1758956172
|switch|p1a: Ogerpon|Ogerpon-Wellspring, F|42/100|[from] U-turn
|
|upkeep
|turn|41
|
|t:|1758956177
|move|p1a: Ogerpon|U-turn|p2a: Alomomola
|-damage|p2a: Alomomola|78/100
|
|t:|1758956183
|switch|p1a: Great Tusk|Great Tusk|100/100|[from] U-turn
|move|p2a: Alomomola|Wish|p2a: Alomomola
|
|upkeep
|turn|42
|
|t:|1758956188
|-end|p1a: Great Tusk|Protosynthesis|[silent]
|switch|p1a: Ogerpon|Ogerpon-Wellspring, F|42/100
|switch|p2a: Amoonguss|Amoonguss, M, shiny|80/100
|-damage|p2a: Amoonguss|68/100|[from] Stealth Rock
|
|-heal|p2a: Amoonguss|100/100|[from] move: Wish|[wisher] Alomomola
|upkeep
|turn|43
|
|t:|1758956192
|move|p1a: Ogerpon|U-turn|p2a: Amoonguss
|-damage|p2a: Amoonguss|80/100
|
|t:|1758956197
|switch|p1a: Slowking|Slowking-Galar, F|100/100|[from] U-turn
|move|p2a: Amoonguss|Toxic|p1a: Slowking
|-immune|p1a: Slowking
|
|upkeep
|turn|44
|
|t:|1758956202
|switch|p1a: Ogerpon|Ogerpon-Wellspring, F|42/100
|move|p2a: Amoonguss|Foul Play|p1a: Ogerpon
|-damage|p1a: Ogerpon|3/100
|
|upkeep
|turn|45
|
|t:|1758956206
|move|p1a: Ogerpon|U-turn|p2a: Amoonguss
|-damage|p2a: Amoonguss|61/100
|
|t:|1758956212
|switch|p1a: Slowking|Slowking-Galar, F|100/100|[from] U-turn
|move|p2a: Amoonguss|Giga Drain|p1a: Slowking
|-resisted|p1a: Slowking
|-damage|p1a: Slowking|95/100
|-heal|p2a: Amoonguss|63/100|[from] drain|[of] p1a: Slowking
|
|upkeep
|turn|46
|
|t:|1758956216
|switch|p1a: Ogerpon|Ogerpon-Wellspring, F|3/100
|switch|p2a: Alomomola|Alomomola, F, shiny|100/100
|
|upkeep
|turn|47
|
|t:|1758956221
|switch|p2a: Amoonguss|Amoonguss, M, shiny|97/100
|-damage|p2a: Amoonguss|84/100|[from] Stealth Rock
|move|p1a: Ogerpon|Knock Off|p2a: Amoonguss
|-damage|p2a: Amoonguss|65/100
|
|upkeep
|turn|48
|
|t:|1758956226
|move|p1a: Ogerpon|U-turn|p2a: Amoonguss
|-damage|p2a: Amoonguss|46/100
|
|t:|1758956231
|switch|p1a: Slowking|Slowking-Galar, F|100/100|[from] U-turn
|move|p2a: Amoonguss|Giga Drain|p1a: Slowking
|-resisted|p1a: Slowking
|-damage|p1a: Slowking|95/100
|-heal|p2a: Amoonguss|48/100|[from] drain|[of] p1a: Slowking
|
|upkeep
|turn|49
|
|t:|1758956236
|switch|p1a: Ogerpon|Ogerpon-Wellspring, F|3/100
|move|p2a: Amoonguss|Giga Drain|p1a: Ogerpon
|-damage|p1a: Ogerpon|0 fnt
|-heal|p2a: Amoonguss|49/100|[from] drain|[of] p1a: Ogerpon
|faint|p1a: Ogerpon
|
|upkeep
|
|t:|1758956241
|switch|p1a: Dragapult|Dragapult, F|100/100
|turn|50
|
|t:|1758956246
|switch|p2a: Alomomola|Alomomola, F, shiny|100/100
|move|p1a: Dragapult|U-turn|p2a: Alomomola
|-crit|p2a: Alomomola
|-damage|p2a: Alomomola|84/100
|
|t:|1758956251
|switch|p1a: Slowking|Slowking-Galar, F|100/100|[from] U-turn
|
|upkeep
|turn|51
|
|t:|1758956256
|move|p2a: Alomomola|Wish|p2a: Alomomola
|move|p1a: Slowking|Sludge Bomb|p2a: Alomomola
|-damage|p2a: Alomomola|31/100
|
|upkeep
|turn|52
|
|t:|1758956261
|switch|p1a: Great Tusk|Great Tusk|100/100
|move|p2a: Alomomola|Flip Turn|p1a: Great Tusk
|-supereffective|p1a: Great Tusk
|-damage|p1a: Great Tusk|75/100
|-damage|p2a: Alomomola|15/100|[from] item: Rocky Helmet|[of] p1a: Great Tusk
|
|t:|1758956263
|switch|p2a: Garganacl|Garganacl, F, shiny|49/100|[from] Flip Turn
|-damage|p2a: Garganacl|36/100|[from] Stealth Rock
|
|-heal|p2a: Garganacl|100/100|[from] move: Wish|[wisher] Alomomola
|upkeep
|turn|53
|
|t:|1758956268
|switch|p2a: Amoonguss|Amoonguss, M, shiny|83/100
|-damage|p2a: Amoonguss|70/100|[from] Stealth Rock
|move|p1a: Great Tusk|Headlong Rush|p2a: Amoonguss
|-damage|p2a: Amoonguss|25/100
|-unboost|p1a: Great Tusk|def|1
|-unboost|p1a: Great Tusk|spd|1
|
|upkeep
|turn|54
|j| wgw2333
|
|t:|1758956273
|switch|p2a: Dragapult|Dragapult, F, shiny|100/100
|-damage|p2a: Dragapult|88/100|[from] Stealth Rock
|move|p1a: Great Tusk|Headlong Rush|p2a: Dragapult
|-damage|p2a: Dragapult|7/100
|-unboost|p1a: Great Tusk|def|1
|-unboost|p1a: Great Tusk|spd|1
|
|upkeep
|turn|55
|
|t:|1758956282
|move|p2a: Dragapult|Shadow Ball|p1a: Great Tusk
|-damage|p1a: Great Tusk|0 fnt
|faint|p1a: Great Tusk
|-end|p1a: Great Tusk|Protosynthesis|[silent]
|
|upkeep
|
|t:|1758956289
|switch|p1a: Slowking|Slowking-Galar, F|100/100
|turn|56
|
|t:|1758956294
|move|p2a: Dragapult|Shadow Ball|p1a: Slowking
|-supereffective|p1a: Slowking
|-damage|p1a: Slowking|45/100
|move|p1a: Slowking|Ice Beam|p2a: Dragapult
|-supereffective|p2a: Dragapult
|-damage|p2a: Dragapult|0 fnt
|faint|p2a: Dragapult
|
|upkeep
|
|t:|1758956297
|switch|p2a: Garganacl|Garganacl, F, shiny|100/100
|-damage|p2a: Garganacl|88/100|[from] Stealth Rock
|turn|57
|
|t:|1758956301
|switch|p1a: Moltres|Moltres|100/100
|move|p2a: Garganacl|Curse|p2a: Garganacl
|-unboost|p2a: Garganacl|spe|1
|-boost|p2a: Garganacl|atk|1
|-boost|p2a: Garganacl|def|1
|
|-heal|p2a: Garganacl|94/100|[from] item: Leftovers
|upkeep
|turn|58
|
|t:|1758956306
|move|p2a: Garganacl|Salt Cure|p1a: Moltres
|-supereffective|p1a: Moltres
|-damage|p1a: Moltres|43/100
|-start|p1a: Moltres|Salt Cure
|move|p1a: Moltres|Roar|p2a: Garganacl
|drag|p2a: Alomomola|Alomomola, F, shiny|48/100
|
|-damage|p1a: Moltres|31/100|[from] Salt Cure
|upkeep
|turn|59
|
|t:|1758956313
|move|p1a: Moltres|Roost|p1a: Moltres
|-heal|p1a: Moltres|81/100
|-singleturn|p1a: Moltres|move: Roost
|move|p2a: Alomomola|Flip Turn|p1a: Moltres
|-supereffective|p1a: Moltres
|-damage|p1a: Moltres|57/100
|-status|p2a: Alomomola|brn|[from] ability: Flame Body|[of] p1a: Moltres
|
|t:|1758956316
|switch|p2a: Garganacl|Garganacl, F, shiny|94/100|[from] Flip Turn
|-damage|p2a: Garganacl|82/100|[from] Stealth Rock
|
|-heal|p2a: Garganacl|88/100|[from] item: Leftovers
|-damage|p1a: Moltres|45/100|[from] Salt Cure
|upkeep
|turn|60
|
|t:|1758956320
|move|p1a: Moltres|Roost|p1a: Moltres
|-heal|p1a: Moltres|95/100
|-singleturn|p1a: Moltres|move: Roost
|move|p2a: Garganacl|Curse|p2a: Garganacl
|-unboost|p2a: Garganacl|spe|1
|-boost|p2a: Garganacl|atk|1
|-boost|p2a: Garganacl|def|1
|
|-heal|p2a: Garganacl|94/100|[from] item: Leftovers
|-damage|p1a: Moltres|83/100|[from] Salt Cure
|upkeep
|turn|61
|
|t:|1758956325
|-terastallize|p1a: Moltres|Fairy
|move|p2a: Garganacl|Salt Cure|p1a: Moltres
|-damage|p1a: Moltres|69/100
|move|p1a: Moltres|Roar|p2a: Garganacl
|drag|p2a: Great Tusk|Great Tusk, shiny|100/100
|
|-damage|p1a: Moltres|57/100|[from] Salt Cure
|upkeep
|turn|62
|
|t:|1758956331
|move|p2a: Great Tusk|Headlong Rush|p1a: Moltres
|-damage|p1a: Moltres|10/100
|-unboost|p2a: Great Tusk|def|1
|-unboost|p2a: Great Tusk|spd|1
|move|p1a: Moltres|Roost|p1a: Moltres
|-heal|p1a: Moltres|61/100
|
|-damage|p1a: Moltres|48/100|[from] Salt Cure
|upkeep
|turn|63
|
|t:|1758956338
|move|p2a: Great Tusk|Rapid Spin|p1a: Moltres
|-damage|p1a: Moltres|36/100
|-boost|p2a: Great Tusk|spe|1
|-sideend|p2: jojosworld|Stealth Rock|[from] move: Rapid Spin|[of] p2a: Great Tusk
|move|p1a: Moltres|Roost|p1a: Moltres
|-heal|p1a: Moltres|86/100
|
|-damage|p1a: Moltres|74/100|[from] Salt Cure
|upkeep
|turn|64
|
|t:|1758956343
|-end|p2a: Great Tusk|Protosynthesis|[silent]
|switch|p2a: Alomomola|Alomomola, F, shiny|81/100 brn
|move|p1a: Moltres|U-turn|p2a: Alomomola
|-damage|p2a: Alomomola|74/100 brn
|
|t:|1758956348
|switch|p1a: Slowking|Slowking-Galar, F|78/100|[from] U-turn
|
|-damage|p2a: Alomomola|67/100 brn|[from] brn
|upkeep
|turn|65
|
|t:|1758956353
|move|p2a: Alomomola|Flip Turn|p1a: Slowking
|-damage|p1a: Slowking|71/100
|
|t:|1758956354
|switch|p2a: Garganacl|Garganacl, F, shiny|94/100|[from] Flip Turn
|move|p1a: Slowking|Psyshock|p2a: Garganacl
|-damage|p2a: Garganacl|71/100
|
|-heal|p2a: Garganacl|77/100|[from] item: Leftovers
|upkeep
|turn|66
|
|t:|1758956361
|switch|p1a: Moltres|Moltres, tera:Fairy|74/100
|move|p2a: Garganacl|Curse|p2a: Garganacl
|-unboost|p2a: Garganacl|spe|1
|-boost|p2a: Garganacl|atk|1
|-boost|p2a: Garganacl|def|1
|
|-heal|p2a: Garganacl|84/100|[from] item: Leftovers
|upkeep
|turn|67
|
|t:|1758956366
|move|p2a: Garganacl|Salt Cure|p1a: Moltres
|-damage|p1a: Moltres|60/100
|-start|p1a: Moltres|Salt Cure
|move|p1a: Moltres|Roar|p2a: Garganacl
|drag|p2a: Great Tusk|Great Tusk, shiny|100/100
|
|-damage|p1a: Moltres|47/100|[from] Salt Cure
|upkeep
|turn|68
|
|t:|1758956373
|-end|p2a: Great Tusk|Protosynthesis|[silent]
|switch|p2a: Garganacl|Garganacl, F, shiny|84/100
|move|p1a: Moltres|Roost|p1a: Moltres
|-heal|p1a: Moltres|98/100
|
|-heal|p2a: Garganacl|90/100|[from] item: Leftovers
|-damage|p1a: Moltres|85/100|[from] Salt Cure
|upkeep
|turn|69
|
|t:|1758956378
|move|p2a: Garganacl|Earthquake|p1a: Moltres
|-damage|p1a: Moltres|70/100
|move|p1a: Moltres|Roar|p2a: Garganacl
|drag|p2a: Amoonguss|Amoonguss, M, shiny|58/100
|
|-damage|p1a: Moltres|57/100|[from] Salt Cure
|upkeep
|turn|70
|
|t:|1758956385
|switch|p2a: Garganacl|Garganacl, F, shiny|90/100
|move|p1a: Moltres|Roost|p1a: Moltres
|-heal|p1a: Moltres|100/100
|
|-heal|p2a: Garganacl|96/100|[from] item: Leftovers
|-damage|p1a: Moltres|88/100|[from] Salt Cure
|upkeep
|turn|71
|
|t:|1758956390
|move|p2a: Garganacl|Salt Cure|p1a: Moltres
|-damage|p1a: Moltres|79/100
|move|p1a: Moltres|Roar|p2a: Garganacl
|drag|p2a: Alomomola|Alomomola, F, shiny|100/100 brn
|
|-damage|p2a: Alomomola|94/100 brn|[from] brn
|-damage|p1a: Moltres|66/100|[from] Salt Cure
|upkeep
|turn|72
|
|t:|1758956397
|move|p1a: Moltres|Roost|p1a: Moltres
|-heal|p1a: Moltres|100/100
|move|p2a: Alomomola|Flip Turn|p1a: Moltres
|-damage|p1a: Moltres|95/100
|
|t:|1758956402
|switch|p2a: Garganacl|Garganacl, F, shiny|96/100|[from] Flip Turn
|
|-heal|p2a: Garganacl|100/100|[from] item: Leftovers
|-damage|p1a: Moltres|82/100|[from] Salt Cure
|upkeep
|turn|73
|
|t:|1758956407
|move|p2a: Garganacl|Salt Cure|p1a: Moltres
|-damage|p1a: Moltres|72/100
|move|p1a: Moltres|Roar|p2a: Garganacl
|drag|p2a: Alomomola|Alomomola, F, shiny|100/100 brn
|
|-damage|p2a: Alomomola|94/100 brn|[from] brn
|-damage|p1a: Moltres|60/100|[from] Salt Cure
|upkeep
|turn|74
|
|t:|1758956414
|move|p1a: Moltres|Roost|p1a: Moltres
|-heal|p1a: Moltres|100/100
|move|p2a: Alomomola|Flip Turn|p1a: Moltres
|-damage|p1a: Moltres|95/100
|
|t:|1758956416
|switch|p2a: Garganacl|Garganacl, F, shiny|100/100|[from] Flip Turn
|
|-damage|p1a: Moltres|83/100|[from] Salt Cure
|upkeep
|turn|75
|
|t:|1758956420
|move|p2a: Garganacl|Earthquake|p1a: Moltres
|-damage|p1a: Moltres|68/100
|move|p1a: Moltres|Roar|p2a: Garganacl
|drag|p2a: Goodra|Goodra-Hisui, F, shiny|100/100
|
|-damage|p1a: Moltres|56/100|[from] Salt Cure
|upkeep
|turn|76
|
|t:|1758956427
|move|p2a: Goodra|Heavy Slam|p1a: Moltres
|-supereffective|p1a: Moltres
|-damage|p1a: Moltres|0 fnt
|faint|p1a: Moltres
|
|upkeep
|
|t:|1758956436
|switch|p1a: Dragapult|Dragapult, F|100/100
|turn|77
|
|t:|1758956440
|move|p1a: Dragapult|Dragon Darts|p2a: Goodra
|-damage|p2a: Goodra|79/100
|-anim|p1a: Dragapult|Dragon Darts|p2a: Goodra
|-damage|p2a: Goodra|60/100
|move|p2a: Goodra|Draco Meteor|p1a: Dragapult
|-supereffective|p1a: Dragapult
|-crit|p1a: Dragapult
|-damage|p1a: Dragapult|0 fnt
|-unboost|p2a: Goodra|spa|2
|faint|p1a: Dragapult
|
|upkeep
|
|t:|1758956452
|switch|p1a: Slowking|Slowking-Galar, F|100/100
|turn|78
|
|t:|1758956456
|move|p2a: Goodra|Knock Off|p1a: Slowking
|-supereffective|p1a: Slowking
|-damage|p1a: Slowking|60/100
|-enditem|p1a: Slowking|Assault Vest|[from] move: Knock Off|[of] p2a: Goodra
|move|p1a: Slowking|Ice Beam|p2a: Goodra
|-damage|p2a: Goodra|50/100
|
|upkeep
|turn|79
|
|t:|1758956467
|move|p2a: Goodra|Heavy Slam|p1a: Slowking
|-damage|p1a: Slowking|26/100
|move|p1a: Slowking|Ice Beam|p2a: Goodra
|-damage|p2a: Goodra|39/100
|
|upkeep
|turn|80
|
|t:|1758956471
|move|p2a: Goodra|Heavy Slam|p1a: Slowking
|-damage|p1a: Slowking|0 fnt
|faint|p1a: Slowking
|
|win|jojosworld
|raw|lerendezvous's rating: 1642 &rarr; <strong>1629</strong><br />(-13 for losing)
|raw|jojosworld's rating: 1775 &rarr; <strong>1788</strong><br />(+13 for winning)
|l|☆lerendezvous
|player|p1|
