|j|☆EnjoyedSiren
|j|☆A cereal sandwich
|t:|1759042072
|gametype|singles
|player|p1|EnjoyedSiren|giovanni|1176
|player|p2|A cereal sandwich|aaron|1200
|gen|9
|tier|[Gen 9] OU
|rated|
|rule|HP Percentage Mod: HP is shown in percentages
|rule|Endless Battle Clause: Forcing endless battles is banned
|rule|Species Clause: Limit one of each Pokémon
|rule|OHKO Clause: OHKO moves are banned
|rule|Evasion Items Clause: Evasion items are banned
|rule|Evasion Moves Clause: Evasion moves are banned
|rule|Evasion Abilities Clause: Evasion abilities are banned
|rule|Sleep Moves Clause: Sleep-inducing moves are banned
|clearpoke
|poke|p1|Sawsbuck-Autumn, F|
|poke|p1|Torkoal, F|
|poke|p1|Leavanny, M|
|poke|p1|Primarina, F|
|poke|p1|Basculegion, M|
|poke|p1|Pelipper, F|
|poke|p2|Dragapult, M|
|poke|p2|Iron Hands|
|poke|p2|Tinkaton, F|
|poke|p2|Rillaboom, F|
|poke|p2|Alomomola, F|
|poke|p2|Dragonite, F|
|teampreview
|inactive|Battle timer is ON: inactive players will automatically lose when time's up. (requested by EnjoyedSiren)
|
|t:|1759042085
|teamsize|p1|6
|teamsize|p2|6
|start
|switch|p1a: Torkoal|Torkoal, F|100/100
|switch|p2a: Iron Hands|Iron Hands|100/100
|-weather|SunnyDay|[from] ability: Drought|[of] p1a: Torkoal
|turn|1
|
|t:|1759042095
|move|p2a: Iron Hands|Close Combat|p1a: Torkoal
|-damage|p1a: Torkoal|62/100
|-unboost|p2a: Iron Hands|def|1
|-unboost|p2a: Iron Hands|spd|1
|move|p1a: Torkoal|Stealth Rock|p2a: Iron Hands
|-sidestart|p2: A cereal sandwich|move: Stealth Rock
|
|-weather|SunnyDay|[upkeep]
|upkeep
|turn|2
|
|t:|1759042103
|move|p2a: Iron Hands|Close Combat|p1a: Torkoal
|-damage|p1a: Torkoal|19/100
|-unboost|p2a: Iron Hands|def|1
|-unboost|p2a: Iron Hands|spd|1
|move|p1a: Torkoal|Lava Plume|p2a: Iron Hands
|-damage|p2a: Iron Hands|56/100
|-status|p2a: Iron Hands|brn
|
|-weather|SunnyDay|[upkeep]
|-damage|p2a: Iron Hands|50/100 brn|[from] brn
|upkeep
|turn|3
|
|t:|1759042106
|move|p2a: Iron Hands|Close Combat|p1a: Torkoal
|-damage|p1a: Torkoal|0 fnt
|-unboost|p2a: Iron Hands|def|1
|-unboost|p2a: Iron Hands|spd|1
|faint|p1a: Torkoal
|
|-weather|SunnyDay|[upkeep]
|-damage|p2a: Iron Hands|44/100 brn|[from] brn
|upkeep
|
|t:|1759042110
|switch|p1a: Leavanny|Leavanny, M|100/100
|turn|4
|
|t:|1759042115
|move|p1a: Leavanny|Sticky Web|p2a: Iron Hands
|-sidestart|p2: A cereal sandwich|move: Sticky Web
|move|p2a: Iron Hands|Volt Switch|p1a: Leavanny
|-resisted|p1a: Leavanny
|-damage|p1a: Leavanny|92/100
|
|t:|1759042121
|-end|p2a: Iron Hands|Quark Drive|[silent]
|switch|p2a: Dragapult|Dragapult, M|100/100|[from] Volt Switch
|-damage|p2a: Dragapult|88/100|[from] Stealth Rock
|-activate|p2a: Dragapult|move: Sticky Web
|-fail|p2a: Dragapult|unboost|[from] ability: Clear Body|[of] p2a: Dragapult
|
|-weather|SunnyDay|[upkeep]
|upkeep
|turn|5
|
|t:|1759042126
|move|p1a: Leavanny|Leaf Blade|p2a: Dragapult
|-resisted|p2a: Dragapult
|-damage|p2a: Dragapult|59/100
|move|p2a: Dragapult|Flamethrower|p1a: Leavanny
|-supereffective|p1a: Leavanny
|-damage|p1a: Leavanny|0 fnt
|faint|p1a: Leavanny
|
|-weather|SunnyDay|[upkeep]
|upkeep
|
|t:|1759042134
|switch|p1a: Sawsbuck|Sawsbuck-Autumn, F|100/100
|turn|6
|
|t:|1759042138
|switch|p2a: Iron Hands|Iron Hands|44/100 brn
|-damage|p2a: Iron Hands|38/100 brn|[from] Stealth Rock
|-activate|p2a: Iron Hands|move: Sticky Web
|-unboost|p2a: Iron Hands|spe|1
|move|p1a: Sawsbuck|Wild Charge|p2a: Iron Hands
|-resisted|p2a: Iron Hands
|-damage|p2a: Iron Hands|27/100 brn
|-damage|p1a: Sawsbuck|96/100|[from] Recoil
|-damage|p1a: Sawsbuck|86/100|[from] item: Life Orb
|
|-weather|SunnyDay|[upkeep]
|-damage|p2a: Iron Hands|21/100 brn|[from] brn
|upkeep
|turn|7
|
|t:|1759042145
|move|p1a: Sawsbuck|Horn Leech|p2a: Iron Hands
|-damage|p2a: Iron Hands|0 fnt
|-heal|p1a: Sawsbuck|100/100|[from] drain|[of] p2a: Iron Hands
|faint|p2a: Iron Hands
|-end|p2a: Iron Hands|Quark Drive|[silent]
|-damage|p1a: Sawsbuck|91/100|[from] item: Life Orb
|
|-weather|SunnyDay|[upkeep]
|upkeep
|
|t:|1759042164
|switch|p2a: Tinkaton|Tinkaton, F|100/100
|-damage|p2a: Tinkaton|94/100|[from] Stealth Rock
|-activate|p2a: Tinkaton|move: Sticky Web
|-unboost|p2a: Tinkaton|spe|1
|-ability|p2a: Tinkaton|Mold Breaker
|turn|8
|
|t:|1759042170
|move|p1a: Sawsbuck|Swords Dance|p1a: Sawsbuck
|-boost|p1a: Sawsbuck|atk|2
|move|p2a: Tinkaton|Stealth Rock|p1a: Sawsbuck
|-sidestart|p1: EnjoyedSiren|move: Stealth Rock
|
|-weather|none
|-heal|p2a: Tinkaton|100/100|[from] item: Leftovers
|upkeep
|turn|9
|
|t:|1759042182
|move|p1a: Sawsbuck|Horn Leech|p2a: Tinkaton
|-resisted|p2a: Tinkaton
|-damage|p2a: Tinkaton|45/100
|-heal|p1a: Sawsbuck|100/100|[from] drain|[of] p2a: Tinkaton
|-damage|p1a: Sawsbuck|91/100|[from] item: Life Orb
|move|p2a: Tinkaton|Gigaton Hammer|p1a: Sawsbuck
|-damage|p1a: Sawsbuck|23/100
|
|-heal|p2a: Tinkaton|51/100|[from] item: Leftovers
|upkeep
|turn|10
|
|t:|1759042187
|move|p1a: Sawsbuck|Horn Leech|p2a: Tinkaton
|-resisted|p2a: Tinkaton
|-damage|p2a: Tinkaton|0 fnt
|-heal|p1a: Sawsbuck|55/100|[from] drain|[of] p2a: Tinkaton
|faint|p2a: Tinkaton
|-damage|p1a: Sawsbuck|45/100|[from] item: Life Orb
|
|upkeep
|
|t:|1759042200
|switch|p2a: Dragapult|Dragapult, M|59/100
|-damage|p2a: Dragapult|46/100|[from] Stealth Rock
|-activate|p2a: Dragapult|move: Sticky Web
|-fail|p2a: Dragapult|unboost|[from] ability: Clear Body|[of] p2a: Dragapult
|turn|11
|
|t:|1759042206
|move|p2a: Dragapult|Flamethrower|p1a: Sawsbuck
|-supereffective|p1a: Sawsbuck
|-damage|p1a: Sawsbuck|0 fnt
|faint|p1a: Sawsbuck
|
|upkeep
|
|t:|1759042207
|switch|p1a: Pelipper|Pelipper, F|100/100
|-damage|p1a: Pelipper|76/100|[from] Stealth Rock
|-weather|RainDance|[from] ability: Drizzle|[of] p1a: Pelipper
|turn|12
|
|t:|1759042212
|switch|p2a: Alomomola|Alomomola, F|100/100
|-damage|p2a: Alomomola|88/100|[from] Stealth Rock
|-activate|p2a: Alomomola|move: Sticky Web
|-unboost|p2a: Alomomola|spe|1
|move|p1a: Pelipper|Ice Beam|p2a: Alomomola
|-resisted|p2a: Alomomola
|-damage|p2a: Alomomola|71/100
|
|-weather|RainDance|[upkeep]
|-heal|p2a: Alomomola|77/100|[from] item: Leftovers
|upkeep
|turn|13
|
|t:|1759042223
|move|p1a: Pelipper|Hurricane|p2a: Alomomola
|-damage|p2a: Alomomola|16/100
|-start|p2a: Alomomola|confusion
|-activate|p2a: Alomomola|confusion
|move|p2a: Alomomola|Flip Turn|p1a: Pelipper
|-resisted|p1a: Pelipper
|-damage|p1a: Pelipper|64/100
|
|t:|1759042228
|switch|p2a: Dragapult|Dragapult, M|46/100|[from] Flip Turn
|-damage|p2a: Dragapult|34/100|[from] Stealth Rock
|-activate|p2a: Dragapult|move: Sticky Web
|-fail|p2a: Dragapult|unboost|[from] ability: Clear Body|[of] p2a: Dragapult
|
|-weather|RainDance|[upkeep]
|upkeep
|turn|14
|
|t:|1759042238
|move|p2a: Dragapult|Draco Meteor|p1a: Pelipper
|-damage|p1a: Pelipper|0 fnt
|-unboost|p2a: Dragapult|spa|2
|faint|p1a: Pelipper
|
|-weather|RainDance|[upkeep]
|upkeep
|
|t:|1759042242
|switch|p1a: Basculegion|Basculegion, M|100/100
|-damage|p1a: Basculegion|88/100|[from] Stealth Rock
|turn|15
|
|t:|1759042249
|switch|p2a: Alomomola|Alomomola, F|49/100
|-damage|p2a: Alomomola|37/100|[from] Stealth Rock
|-activate|p2a: Alomomola|move: Sticky Web
|-unboost|p2a: Alomomola|spe|1
|-terastallize|p1a: Basculegion|Water
|move|p1a: Basculegion|Wave Crash|p2a: Alomomola
|-resisted|p2a: Alomomola
|-damage|p2a: Alomomola|0 fnt
|faint|p2a: Alomomola
|-damage|p1a: Basculegion|71/100|[from] Recoil
|
|-weather|RainDance|[upkeep]
|upkeep
|
|t:|1759042254
|switch|p2a: Rillaboom|Rillaboom, F|100/100
|-damage|p2a: Rillaboom|88/100|[from] Stealth Rock
|-activate|p2a: Rillaboom|move: Sticky Web
|-unboost|p2a: Rillaboom|spe|1
|-fieldstart|move: Grassy Terrain|[from] ability: Grassy Surge|[of] p2a: Rillaboom
|turn|16
|
|t:|1759042257
|-terastallize|p2a: Rillaboom|Grass
|move|p2a: Rillaboom|Grassy Glide|p1a: Basculegion
|-supereffective|p1a: Basculegion
|-damage|p1a: Basculegion|0 fnt
|faint|p1a: Basculegion
|-damage|p2a: Rillaboom|78/100|[from] item: Life Orb
|
|-weather|RainDance|[upkeep]
|-heal|p2a: Rillaboom|84/100|[from] Grassy Terrain
|upkeep
|
|t:|1759042259
|switch|p1a: Primarina|Primarina, F|100/100
|-damage|p1a: Primarina|88/100|[from] Stealth Rock
|turn|17
|
|t:|1759042264
|move|p2a: Rillaboom|Wood Hammer|p1a: Primarina
|-supereffective|p1a: Primarina
|-damage|p1a: Primarina|0 fnt
|faint|p1a: Primarina
|-damage|p2a: Rillaboom|59/100|[from] Recoil
|-damage|p2a: Rillaboom|49/100|[from] item: Life Orb
|
|win|A cereal sandwich
|raw|EnjoyedSiren's rating: 1176 &rarr; <strong>1153</strong><br />(-23 for losing)
|raw|A cereal sandwich's rating: 1200 &rarr; <strong>1223</strong><br />(+23 for winning)
|l|☆EnjoyedSiren
|player|p1|
