|j|☆cryyysneasel
|j|☆Nahlokin
|inactive|Battle timer is ON: inactive players will automatically lose when time's up.
|t:|1759068766
|gametype|singles
|player|p1|cryyysneasel|unknownf|
|player|p2|Nahlokin|hilbert|
|gen|9
|tier|[Gen 9] OU
|rated|Tournament battle
|rule|HP Percentage Mod: HP is shown in percentages
|rule|Endless Battle Clause: Forcing endless battles is banned
|rule|Species Clause: Limit one of each Pokémon
|rule|OHKO Clause: OHKO moves are banned
|rule|Evasion Items Clause: Evasion items are banned
|rule|Evasion Moves Clause: Evasion moves are banned
|rule|Evasion Abilities Clause: Evasion abilities are banned
|rule|Sleep Moves Clause: Sleep-inducing moves are banned
|clearpoke
|poke|p1|Kyurem|
|poke|p1|Gholdengo|
|poke|p1|Ogerpon-Wellspring, F|
|poke|p1|Dragonite, F|
|poke|p1|Zamazenta-*|
|poke|p1|Great Tusk|
|poke|p2|Trevenant, M|
|poke|p2|Torkoal, F|
|poke|p2|Walking Wake|
|poke|p2|Great Tusk|
|poke|p2|Heatran, F|
|poke|p2|Clefable, M|
|teampreview
|j|*Lady Monita ☀
|inactive|Nahlokin also wants the timer to be on.
|inactive|cryyysneasel has 120 seconds left.
|
|t:|1759068825
|teamsize|p1|6
|teamsize|p2|6
|start
|switch|p1a: Kyurem|Kyurem|100/100
|switch|p2a: END KALI YUGA|Torkoal, F|100/100
|-ability|p1a: Kyurem|Pressure
|-weather|SunnyDay|[from] ability: Drought|[of] p2a: END KALI YUGA
|turn|1
|
|t:|1759068837
|switch|p2a: ANNUNAKI PROJECT|Clefable, M|100/100
|move|p1a: Kyurem|Ice Beam|p2a: ANNUNAKI PROJECT
|-crit|p2a: ANNUNAKI PROJECT
|-damage|p2a: ANNUNAKI PROJECT|25/100
|
|-weather|SunnyDay|[upkeep]
|-heal|p2a: ANNUNAKI PROJECT|31/100|[from] item: Leftovers
|upkeep
|turn|2
|j| labloblola
|
|t:|1759068844
|switch|p2a: I'LL MISS|Heatran, F|100/100
|move|p1a: Kyurem|Ice Beam|p2a: I'LL MISS
|-resisted|p2a: I'LL MISS
|-damage|p2a: I'LL MISS|94/100
|
|-weather|SunnyDay|[upkeep]
|-heal|p2a: I'LL MISS|99/100|[from] item: Leftovers
|upkeep
|turn|3
|
|t:|1759068851
|move|p1a: Kyurem|Earth Power|p2a: I'LL MISS
|-supereffective|p2a: I'LL MISS
|-damage|p2a: I'LL MISS|17/100
|move|p2a: I'LL MISS|Magma Storm|p1a: Kyurem|[miss]
|-miss|p2a: I'LL MISS|p1a: Kyurem
|
|-weather|SunnyDay|[upkeep]
|-heal|p2a: I'LL MISS|23/100|[from] item: Leftovers
|upkeep
|turn|4
|
|t:|1759068859
|move|p2a: I'LL MISS|Protect|p2a: I'LL MISS
|-singleturn|p2a: I'LL MISS|Protect
|move|p1a: Kyurem|Earth Power|p2a: I'LL MISS
|-activate|p2a: I'LL MISS|move: Protect
|
|-weather|SunnyDay|[upkeep]
|-heal|p2a: I'LL MISS|29/100|[from] item: Leftovers
|upkeep
|turn|5
|c| labloblola|and it missed
|j|@DanDaMan99
|
|t:|1759068866
|switch|p2a: GOLEMS NOT READY|Trevenant, M|100/100
|move|p1a: Kyurem|Earth Power|p2a: GOLEMS NOT READY
|-resisted|p2a: GOLEMS NOT READY
|-damage|p2a: GOLEMS NOT READY|89/100
|
|-weather|SunnyDay|[upkeep]
|upkeep
|turn|6
|
|t:|1759068872
|move|p1a: Kyurem|Ice Beam|p2a: GOLEMS NOT READY
|-supereffective|p2a: GOLEMS NOT READY
|-damage|p2a: GOLEMS NOT READY|18/100
|-enditem|p2a: GOLEMS NOT READY|Sitrus Berry|[eat]
|-heal|p2a: GOLEMS NOT READY|43/100|[from] item: Sitrus Berry
|move|p2a: GOLEMS NOT READY|Leech Seed|p1a: Kyurem
|-start|p1a: Kyurem|move: Leech Seed
|
|-weather|SunnyDay|[upkeep]
|-damage|p1a: Kyurem|88/100|[from] Leech Seed|[of] p2a: GOLEMS NOT READY
|-heal|p2a: GOLEMS NOT READY|56/100|[silent]
|-item|p2a: GOLEMS NOT READY|Sitrus Berry|[from] ability: Harvest
|upkeep
|turn|7
|
|t:|1759068882
|switch|p1a: Zamazenta|Zamazenta|100/100
|-ability|p1a: Zamazenta|Dauntless Shield|boost
|-boost|p1a: Zamazenta|def|1
|move|p2a: GOLEMS NOT READY|Protect||[still]
|-fail|p2a: GOLEMS NOT READY
|
|-weather|SunnyDay|[upkeep]
|upkeep
|turn|8
|j| eEJTJQj
|
|t:|1759068892
|switch|p2a: ANNUNAKI PROJECT|Clefable, M|31/100
|move|p1a: Zamazenta|Crunch|p2a: ANNUNAKI PROJECT
|-resisted|p2a: ANNUNAKI PROJECT
|-damage|p2a: ANNUNAKI PROJECT|17/100
|-damage|p1a: Zamazenta|91/100|[from] item: Life Orb
|
|-weather|none
|-heal|p2a: ANNUNAKI PROJECT|23/100|[from] item: Leftovers
|upkeep
|turn|9
|j| Albrtix
|
|t:|1759068904
|move|p1a: Zamazenta|Stone Edge|p2a: ANNUNAKI PROJECT
|-crit|p2a: ANNUNAKI PROJECT
|-damage|p2a: ANNUNAKI PROJECT|0 fnt
|faint|p2a: ANNUNAKI PROJECT
|-damage|p1a: Zamazenta|81/100|[from] item: Life Orb
|
|upkeep
|
|t:|1759068910
|switch|p2a: END KALI YUGA|Torkoal, F|100/100
|-weather|SunnyDay|[from] ability: Drought|[of] p2a: END KALI YUGA
|turn|10
|
|t:|1759068918
|switch|p1a: Kyurem|Kyurem|88/100
|-ability|p1a: Kyurem|Pressure
|switch|p2a: MATHEMATICAL CHEST|Walking Wake|100/100
|-activate|p2a: MATHEMATICAL CHEST|ability: Protosynthesis
|-start|p2a: MATHEMATICAL CHEST|protosynthesisspe
|
|-weather|SunnyDay|[upkeep]
|upkeep
|turn|11
|
|t:|1759068928
|-terastallize|p2a: MATHEMATICAL CHEST|Water
|-terastallize|p1a: Kyurem|Fairy
|move|p2a: MATHEMATICAL CHEST|Flamethrower|p1a: Kyurem
|-damage|p1a: Kyurem|54/100
|move|p1a: Kyurem|Freeze-Dry|p2a: MATHEMATICAL CHEST
|-supereffective|p2a: MATHEMATICAL CHEST
|-damage|p2a: MATHEMATICAL CHEST|3/100
|
|-weather|SunnyDay|[upkeep]
|upkeep
|turn|12
|
|t:|1759068946
|-end|p2a: MATHEMATICAL CHEST|Protosynthesis|[silent]
|switch|p2a: I'LL MISS|Heatran, F|29/100
|move|p1a: Kyurem|Earth Power|p2a: I'LL MISS
|-supereffective|p2a: I'LL MISS
|-damage|p2a: I'LL MISS|0 fnt
|faint|p2a: I'LL MISS
|
|-weather|SunnyDay|[upkeep]
|upkeep
|
|t:|1759068952
|switch|p2a: MATHEMATICAL CHEST|Walking Wake, tera:Water|3/100
|-activate|p2a: MATHEMATICAL CHEST|ability: Protosynthesis
|-start|p2a: MATHEMATICAL CHEST|protosynthesisspe
|turn|13
|
|t:|1759068956
|switch|p1a: Ogerpon|Ogerpon-Wellspring, F|100/100
|move|p2a: MATHEMATICAL CHEST|Hydro Steam|p1a: Ogerpon
|-immune|p1a: Ogerpon|[from] ability: Water Absorb
|
|-weather|SunnyDay|[upkeep]
|upkeep
|turn|14
|
|t:|1759068963
|-end|p2a: MATHEMATICAL CHEST|Protosynthesis|[silent]
|switch|p2a: GOLEMS NOT READY|Trevenant, M|56/100
|move|p1a: Ogerpon|Swords Dance|p1a: Ogerpon
|-boost|p1a: Ogerpon|atk|2
|
|-weather|SunnyDay|[upkeep]
|upkeep
|turn|15
|
|t:|1759068969
|move|p1a: Ogerpon|Play Rough|p2a: GOLEMS NOT READY
|-damage|p2a: GOLEMS NOT READY|0 fnt
|faint|p2a: GOLEMS NOT READY
|
|-weather|SunnyDay|[upkeep]
|upkeep
|
|t:|1759068973
|switch|p2a: END KALI YUGA|Torkoal, F|100/100
|turn|16
|
|t:|1759068978
|switch|p1a: Great Tusk|Great Tusk|100/100
|-activate|p1a: Great Tusk|ability: Protosynthesis
|-start|p1a: Great Tusk|protosynthesisatk
|move|p2a: END KALI YUGA|Will-O-Wisp|p1a: Great Tusk|[miss]
|-miss|p2a: END KALI YUGA|p1a: Great Tusk
|
|-weather|SunnyDay|[upkeep]
|upkeep
|turn|17
|
|t:|1759068985
|move|p1a: Great Tusk|Headlong Rush|p2a: END KALI YUGA
|-supereffective|p2a: END KALI YUGA
|-damage|p2a: END KALI YUGA|7/100
|-unboost|p1a: Great Tusk|def|1
|-unboost|p1a: Great Tusk|spd|1
|move|p2a: END KALI YUGA|Will-O-Wisp|p1a: Great Tusk
|-status|p1a: Great Tusk|brn
|
|-weather|none
|-end|p1a: Great Tusk|Protosynthesis
|-damage|p1a: Great Tusk|94/100 brn|[from] brn
|upkeep
|turn|18
|
|t:|1759068995
|-end|p1a: Great Tusk|Protosynthesis|[silent]
|switch|p1a: Ogerpon|Ogerpon-Wellspring, F|100/100
|switch|p2a: MINERAL AWARENESS|Great Tusk|100/100
|
|upkeep
|turn|19
|
|t:|1759069000
|-end|p2a: MINERAL AWARENESS|Protosynthesis|[silent]
|switch|p2a: END KALI YUGA|Torkoal, F|7/100
|-weather|SunnyDay|[from] ability: Drought|[of] p2a: END KALI YUGA
|move|p1a: Ogerpon|Ivy Cudgel|p2a: END KALI YUGA|[anim] Ivy Cudgel Water
|-supereffective|p2a: END KALI YUGA
|-damage|p2a: END KALI YUGA|0 fnt
|faint|p2a: END KALI YUGA
|
|-weather|SunnyDay|[upkeep]
|upkeep
|
|t:|1759069008
|switch|p2a: MATHEMATICAL CHEST|Walking Wake, tera:Water|3/100
|-activate|p2a: MATHEMATICAL CHEST|ability: Protosynthesis
|-start|p2a: MATHEMATICAL CHEST|protosynthesisspe
|turn|20
|
|t:|1759069012
|switch|p1a: Great Tusk|Great Tusk|94/100 brn
|-activate|p1a: Great Tusk|ability: Protosynthesis
|-start|p1a: Great Tusk|protosynthesisatk
|move|p2a: MATHEMATICAL CHEST|Flamethrower|p1a: Great Tusk
|-damage|p1a: Great Tusk|6/100 brn
|
|-weather|SunnyDay|[upkeep]
|-damage|p1a: Great Tusk|0 fnt|[from] brn
|faint|p1a: Great Tusk
|-end|p1a: Great Tusk|Protosynthesis|[silent]
|upkeep
|
|t:|1759069019
|switch|p1a: Kyurem|Kyurem, tera:Fairy|54/100
|-ability|p1a: Kyurem|Pressure
|turn|21
|
|t:|1759069024
|move|p2a: MATHEMATICAL CHEST|Flamethrower|p1a: Kyurem
|-damage|p1a: Kyurem|17/100
|move|p1a: Kyurem|Ice Beam|p2a: MATHEMATICAL CHEST
|-resisted|p2a: MATHEMATICAL CHEST
|-damage|p2a: MATHEMATICAL CHEST|0 fnt
|faint|p2a: MATHEMATICAL CHEST
|-end|p2a: MATHEMATICAL CHEST|Protosynthesis|[silent]
|
|-weather|SunnyDay|[upkeep]
|upkeep
|j| blabala
|
|t:|1759069031
|switch|p2a: MINERAL AWARENESS|Great Tusk|100/100
|-activate|p2a: MINERAL AWARENESS|ability: Protosynthesis
|-start|p2a: MINERAL AWARENESS|protosynthesisatk
|turn|22
|
|t:|1759069035
|move|p2a: MINERAL AWARENESS|Rapid Spin|p1a: Kyurem
|-damage|p1a: Kyurem|0 fnt
|-boost|p2a: MINERAL AWARENESS|spe|1
|faint|p1a: Kyurem
|
|-weather|SunnyDay|[upkeep]
|upkeep
|
|t:|1759069041
|switch|p1a: Ogerpon|Ogerpon-Wellspring, F|100/100
|turn|23
|
|t:|1759069043
|move|p2a: MINERAL AWARENESS|Ice Spinner|p1a: Ogerpon
|-damage|p1a: Ogerpon|52/100
|move|p1a: Ogerpon|Horn Leech|p2a: MINERAL AWARENESS
|-supereffective|p2a: MINERAL AWARENESS
|-damage|p2a: MINERAL AWARENESS|33/100
|-heal|p1a: Ogerpon|94/100|[from] drain|[of] p2a: MINERAL AWARENESS
|
|-weather|SunnyDay|[upkeep]
|upkeep
|turn|24
|j| Etjx
|
|t:|1759069050
|move|p2a: MINERAL AWARENESS|Ice Spinner|p1a: Ogerpon
|-damage|p1a: Ogerpon|44/100
|move|p1a: Ogerpon|Horn Leech|p2a: MINERAL AWARENESS
|-supereffective|p2a: MINERAL AWARENESS
|-damage|p2a: MINERAL AWARENESS|0 fnt
|-heal|p1a: Ogerpon|64/100|[from] drain|[of] p2a: MINERAL AWARENESS
|faint|p2a: MINERAL AWARENESS
|-end|p2a: MINERAL AWARENESS|Protosynthesis|[silent]
|
|win|cryyysneasel
|n|☆cryyysneasel|cryyysneasel
|n|☆Nahlokin|nahlokin
|n|*Lady Monita ☀|ladymonita
|n| labloblola|labloblola
|n| DanDaMan99|dandaman99
|n| eEJTJQj|eejtjqj
|n| Albrtix|albrtix
|n| blabala|blabala
|n| Etjx|etjx
|l|*Lady Monita ☀
|l|☆Nahlokin
|player|p2|
|l|☆cryyysneasel
|player|p1|
|l| Etjx
|l| DanDaMan99
|l| blabala
|l| labloblola
