|j|☆Pokeguy7777
|j|☆grunt92
|t:|1758933859
|gametype|singles
|player|p1|Pokeguy7777|169|1418
|player|p2|grunt92|rocketgrunt|1356
|gen|9
|tier|[Gen 9] OU
|rated|
|rule|HP Percentage Mod: HP is shown in percentages
|rule|Endless Battle Clause: Forcing endless battles is banned
|rule|Species Clause: Limit one of each Pokémon
|rule|OHKO Clause: OHKO moves are banned
|rule|Evasion Items Clause: Evasion items are banned
|rule|Evasion Moves Clause: Evasion moves are banned
|rule|Evasion Abilities Clause: Evasion abilities are banned
|rule|Sleep Moves Clause: Sleep-inducing moves are banned
|clearpoke
|poke|p1|Cinderace, M|
|poke|p1|Maushold|
|poke|p1|Gholdengo|
|poke|p1|Comfey, F|
|poke|p1|Araquanid, F|
|poke|p1|Garganacl, F|
|poke|p2|Garchomp, M|
|poke|p2|Great Tusk|
|poke|p2|Skarmory, M|
|poke|p2|Clefable, M|
|poke|p2|Ogerpon-Wellspring, F|
|poke|p2|Bellibolt, F|
|teampreview
|inactive|Battle timer is ON: inactive players will automatically lose when time's up. (requested by grunt92)
|
|t:|1758933883
|teamsize|p1|6
|teamsize|p2|6
|start
|switch|p1a: Cinderace|Cinderace, M|100/100
|switch|p2a: Bellibolt|Bellibolt, F|100/100
|turn|1
|
|t:|1758933903
|move|p1a: Cinderace|U-turn|p2a: Bellibolt
|-start|p1a: Cinderace|typechange|Bug|[from] ability: Libero
|-damage|p2a: Bellibolt|69/100
|-start|p2a: Bellibolt|Charge|U-turn|[from] ability: Electromorphosis
|inactive|Pokeguy7777 has 120 seconds left.
|
|t:|1758933931
|switch|p1a: Garganacl|Garganacl, F|100/100|[from] U-turn
|move|p2a: Bellibolt|Chilling Water|p1a: Garganacl
|-supereffective|p1a: Garganacl
|-damage|p1a: Garganacl|84/100
|-unboost|p1a: Garganacl|atk|1
|
|-heal|p1a: Garganacl|90/100|[from] item: Leftovers
|upkeep
|turn|2
|inactive|Pokeguy7777 has 120 seconds left.
|inactive|Pokeguy7777 has 90 seconds left.
|
|t:|1758933973
|move|p2a: Bellibolt|Volt Switch|p1a: Garganacl
|-damage|p1a: Garganacl|55/100
|-end|p2a: Bellibolt|Charge|[silent]
|
|t:|1758933976
|switch|p2a: Garchomp|Garchomp, M|100/100|[from] Volt Switch
|move|p1a: Garganacl|Salt Cure|p2a: Garchomp
|-resisted|p2a: Garchomp
|-damage|p2a: Garchomp|96/100
|-start|p2a: Garchomp|Salt Cure
|
|-heal|p1a: Garganacl|62/100|[from] item: Leftovers
|-damage|p2a: Garchomp|84/100|[from] Salt Cure
|upkeep
|turn|3
|inactive|Pokeguy7777 has 90 seconds left.
|
|t:|1758934003
|switch|p2a: Great Tusk|Great Tusk|100/100
|-terastallize|p1a: Garganacl|Ghost
|move|p1a: Garganacl|Iron Defense|p1a: Garganacl
|-boost|p1a: Garganacl|def|2
|
|-heal|p1a: Garganacl|68/100|[from] item: Leftovers
|upkeep
|turn|4
|
|t:|1758934014
|-end|p2a: Great Tusk|Protosynthesis|[silent]
|switch|p2a: Ogerpon|Ogerpon-Wellspring, F|100/100
|move|p1a: Garganacl|Salt Cure|p2a: Ogerpon
|-damage|p2a: Ogerpon|89/100
|-start|p2a: Ogerpon|Salt Cure
|
|-heal|p1a: Garganacl|74/100|[from] item: Leftovers
|-damage|p2a: Ogerpon|64/100|[from] Salt Cure
|upkeep
|turn|5
|
|t:|1758934037
|move|p2a: Ogerpon|Ivy Cudgel|p1a: Garganacl|[anim] Ivy Cudgel Water
|-damage|p1a: Garganacl|54/100
|move|p1a: Garganacl|Iron Defense|p1a: Garganacl
|-boost|p1a: Garganacl|def|2
|
|-heal|p1a: Garganacl|61/100|[from] item: Leftovers
|-damage|p2a: Ogerpon|39/100|[from] Salt Cure
|upkeep
|turn|6
|
|t:|1758934063
|move|p2a: Ogerpon|Encore|p1a: Garganacl
|-start|p1a: Garganacl|Encore
|move|p1a: Garganacl|Iron Defense|p1a: Garganacl
|-boost|p1a: Garganacl|def|2
|
|-heal|p1a: Garganacl|67/100|[from] item: Leftovers
|-damage|p2a: Ogerpon|14/100|[from] Salt Cure
|upkeep
|turn|7
|
|t:|1758934074
|switch|p2a: Clefable|Clefable, M|100/100
|move|p1a: Garganacl|Iron Defense|p1a: Garganacl
|-boost|p1a: Garganacl|def|0
|
|-heal|p1a: Garganacl|73/100|[from] item: Leftovers
|upkeep
|turn|8
|
|t:|1758934082
|move|p2a: Clefable|Calm Mind|p2a: Clefable
|-boost|p2a: Clefable|spa|1
|-boost|p2a: Clefable|spd|1
|move|p1a: Garganacl|Iron Defense|p1a: Garganacl
|-boost|p1a: Garganacl|def|0
|
|-heal|p1a: Garganacl|79/100|[from] item: Leftovers
|-end|p1a: Garganacl|Encore
|upkeep
|turn|9
|
|t:|1758934091
|move|p2a: Clefable|Moonblast|p1a: Garganacl
|-damage|p1a: Garganacl|49/100
|-unboost|p1a: Garganacl|spa|1
|move|p1a: Garganacl|Salt Cure|p2a: Clefable
|-damage|p2a: Clefable|89/100
|-start|p2a: Clefable|Salt Cure
|
|-heal|p1a: Garganacl|55/100|[from] item: Leftovers
|-damage|p2a: Clefable|76/100|[from] Salt Cure
|upkeep
|turn|10
|
|t:|1758934102
|move|p2a: Clefable|Calm Mind|p2a: Clefable
|-boost|p2a: Clefable|spa|1
|-boost|p2a: Clefable|spd|1
|move|p1a: Garganacl|Recover|p1a: Garganacl
|-heal|p1a: Garganacl|100/100
|
|-damage|p2a: Clefable|64/100|[from] Salt Cure
|upkeep
|turn|11
|
|t:|1758934115
|move|p2a: Clefable|Moonblast|p1a: Garganacl
|-damage|p1a: Garganacl|56/100
|move|p1a: Garganacl|Body Press|p2a: Clefable
|-resisted|p2a: Clefable
|-damage|p2a: Clefable|55/100
|
|-heal|p1a: Garganacl|63/100|[from] item: Leftovers
|-damage|p2a: Clefable|42/100|[from] Salt Cure
|upkeep
|turn|12
|
|t:|1758934126
|move|p2a: Clefable|Moonlight|p2a: Clefable
|-heal|p2a: Clefable|92/100
|move|p1a: Garganacl|Recover|p1a: Garganacl
|-heal|p1a: Garganacl|100/100
|
|-damage|p2a: Clefable|80/100|[from] Salt Cure
|upkeep
|turn|13
|
|t:|1758934139
|move|p2a: Clefable|Moonblast|p1a: Garganacl
|-damage|p1a: Garganacl|57/100
|move|p1a: Garganacl|Salt Cure|p2a: Clefable
|-damage|p2a: Clefable|69/100
|
|-heal|p1a: Garganacl|64/100|[from] item: Leftovers
|-damage|p2a: Clefable|56/100|[from] Salt Cure
|upkeep
|turn|14
|
|t:|1758934149
|switch|p1a: Maushold|Maushold|100/100
|move|p2a: Clefable|Moonlight|p2a: Clefable
|-heal|p2a: Clefable|100/100
|
|-damage|p2a: Clefable|88/100|[from] Salt Cure
|upkeep
|turn|15
|inactive|Pokeguy7777 has 90 seconds left.
|
|t:|1758934158
|move|p1a: Maushold|Encore|p2a: Clefable
|-start|p2a: Clefable|Encore
|move|p2a: Clefable|Moonlight|p2a: Clefable
|-heal|p2a: Clefable|100/100
|
|-damage|p2a: Clefable|88/100|[from] Salt Cure
|upkeep
|turn|16
|
|t:|1758934167
|switch|p2a: Garchomp|Garchomp, M|84/100
|move|p1a: Maushold|Tidy Up|p1a: Maushold
|-boost|p1a: Maushold|atk|1
|-boost|p1a: Maushold|spe|1
|
|upkeep
|turn|17
|
|t:|1758934179
|switch|p1a: Comfey|Comfey, F|100/100
|move|p2a: Garchomp|Outrage|p1a: Comfey
|-immune|p1a: Comfey
|
|upkeep
|turn|18
|inactive|Pokeguy7777 has 90 seconds left.
|
|t:|1758934198
|switch|p2a: Bellibolt|Bellibolt, F|69/100
|move|p1a: Comfey|Draining Kiss|p2a: Bellibolt
|-damage|p2a: Bellibolt|56/100
|-start|p2a: Bellibolt|Charge|Draining Kiss|[from] ability: Electromorphosis
|
|upkeep
|turn|19
|
|t:|1758934209
|move|p1a: Comfey|Protect|p1a: Comfey
|-singleturn|p1a: Comfey|Protect
|move|p2a: Bellibolt|Volt Switch|p1a: Comfey
|-activate|p1a: Comfey|move: Protect
|-end|p2a: Bellibolt|Charge|[silent]
|
|upkeep
|turn|20
|
|t:|1758934216
|move|p1a: Comfey|Calm Mind|p1a: Comfey
|-boost|p1a: Comfey|spa|1
|-boost|p1a: Comfey|spd|1
|move|p2a: Bellibolt|Toxic|p1a: Comfey
|-status|p1a: Comfey|tox
|
|-damage|p1a: Comfey|94/100 tox|[from] psn
|upkeep
|turn|21
|
|t:|1758934224
|move|p1a: Comfey|Calm Mind|p1a: Comfey
|-boost|p1a: Comfey|spa|1
|-boost|p1a: Comfey|spd|1
|move|p2a: Bellibolt|Slack Off|p2a: Bellibolt
|-heal|p2a: Bellibolt|100/100
|
|-heal|p1a: Comfey|100/100 tox|[from] item: Leftovers
|-damage|p1a: Comfey|88/100 tox|[from] psn
|upkeep
|turn|22
|
|t:|1758934237
|move|p1a: Comfey|Calm Mind|p1a: Comfey
|-boost|p1a: Comfey|spa|1
|-boost|p1a: Comfey|spd|1
|move|p2a: Bellibolt|Volt Switch|p1a: Comfey
|-damage|p1a: Comfey|76/100 tox
|
|t:|1758934239
|switch|p2a: Skarmory|Skarmory, M|100/100|[from] Volt Switch
|
|-heal|p1a: Comfey|82/100 tox|[from] item: Leftovers
|-damage|p1a: Comfey|63/100 tox|[from] psn
|upkeep
|turn|23
|inactive|Pokeguy7777 has 120 seconds left.
|
|t:|1758934251
|move|p1a: Comfey|Stored Power|p2a: Skarmory
|-resisted|p2a: Skarmory
|-damage|p2a: Skarmory|34/100
|move|p2a: Skarmory|Body Press|p1a: Comfey
|-resisted|p1a: Comfey
|-damage|p1a: Comfey|39/100 tox
|
|-heal|p1a: Comfey|45/100 tox|[from] item: Leftovers
|-damage|p1a: Comfey|21/100 tox|[from] psn
|upkeep
|turn|24
|inactive|Pokeguy7777 has 120 seconds left.
|
|t:|1758934263
|move|p1a: Comfey|Stored Power|p2a: Skarmory
|-resisted|p2a: Skarmory
|-damage|p2a: Skarmory|0 fnt
|faint|p2a: Skarmory
|
|-heal|p1a: Comfey|27/100 tox|[from] item: Leftovers
|-damage|p1a: Comfey|0 fnt|[from] psn
|faint|p1a: Comfey
|upkeep
|
|t:|1758934288
|switch|p1a: Araquanid|Araquanid, F|100/100
|switch|p2a: Garchomp|Garchomp, M|84/100
|turn|25
|inactive|grunt92 has 120 seconds left.
|
|t:|1758934305
|switch|p2a: Ogerpon|Ogerpon-Wellspring, F|14/100
|move|p1a: Araquanid|Sticky Web|p2a: Ogerpon
|-sidestart|p2: grunt92|move: Sticky Web
|
|upkeep
|turn|26
|inactive|grunt92 has 120 seconds left.
|
|t:|1758934322
|switch|p1a: Gholdengo|Gholdengo|100/100
|move|p2a: Ogerpon|Ivy Cudgel|p1a: Gholdengo|[anim] Ivy Cudgel Water
|-damage|p1a: Gholdengo|29/100
|
|upkeep
|turn|27
|inactive|grunt92 has 120 seconds left.
|
|t:|1758934330
|move|p1a: Gholdengo|Shadow Ball|p2a: Ogerpon
|-damage|p2a: Ogerpon|0 fnt
|faint|p2a: Ogerpon
|
|upkeep
|inactive|grunt92 has 120 seconds left.
|
|t:|1758934336
|switch|p2a: Bellibolt|Bellibolt, F|100/100
|turn|28
|
|t:|1758934341
|move|p1a: Gholdengo|Shadow Ball|p2a: Bellibolt
|-damage|p2a: Bellibolt|73/100
|-start|p2a: Bellibolt|Charge|Shadow Ball|[from] ability: Electromorphosis
|move|p2a: Bellibolt|Volt Switch|p1a: Gholdengo
|-damage|p1a: Gholdengo|0 fnt
|faint|p1a: Gholdengo
|-end|p2a: Bellibolt|Charge|[silent]
|
|t:|1758934353
|switch|p2a: Great Tusk|Great Tusk|100/100|[from] Volt Switch
|-activate|p2a: Great Tusk|move: Sticky Web
|-unboost|p2a: Great Tusk|spe|1
|
|upkeep
|inactive|Pokeguy7777 has 120 seconds left.
|
|t:|1758934366
|switch|p1a: Garganacl|Garganacl, F, tera:Ghost|64/100
|turn|29
|
|t:|1758934378
|-terastallize|p2a: Great Tusk|Ground
|move|p2a: Great Tusk|Headlong Rush|p1a: Garganacl
|-damage|p1a: Garganacl|9/100
|-unboost|p2a: Great Tusk|def|1
|-unboost|p2a: Great Tusk|spd|1
|move|p1a: Garganacl|Iron Defense|p1a: Garganacl
|-boost|p1a: Garganacl|def|2
|
|-heal|p1a: Garganacl|15/100|[from] item: Leftovers
|upkeep
|turn|30
|
|t:|1758934391
|move|p2a: Great Tusk|Headlong Rush|p1a: Garganacl
|-damage|p1a: Garganacl|0 fnt
|-unboost|p2a: Great Tusk|def|1
|-unboost|p2a: Great Tusk|spd|1
|faint|p1a: Garganacl
|
|upkeep
|
|t:|1758934400
|switch|p1a: Cinderace|Cinderace, M|100/100
|turn|31
|
|t:|1758934406
|-end|p2a: Great Tusk|Protosynthesis|[silent]
|switch|p2a: Clefable|Clefable, M|88/100
|move|p1a: Cinderace|Flare Blitz|p2a: Clefable
|-damage|p2a: Clefable|47/100
|-damage|p1a: Cinderace|83/100|[from] Recoil
|
|upkeep
|turn|32
|
|t:|1758934414
|move|p1a: Cinderace|Flare Blitz|p2a: Clefable
|-damage|p2a: Clefable|7/100
|-damage|p1a: Cinderace|65/100|[from] Recoil
|move|p2a: Clefable|Thunder Wave|p1a: Cinderace
|-status|p1a: Cinderace|par
|
|upkeep
|turn|33
|
|t:|1758934424
|move|p1a: Cinderace|Flare Blitz|p2a: Clefable
|-damage|p2a: Clefable|0 fnt
|faint|p2a: Clefable
|-damage|p1a: Cinderace|63/100 par|[from] Recoil
|
|upkeep
|
|t:|1758934437
|switch|p2a: Garchomp|Garchomp, M|84/100
|-activate|p2a: Garchomp|move: Sticky Web
|-unboost|p2a: Garchomp|spe|1
|turn|34
|
|t:|1758934442
|move|p1a: Cinderace|Flare Blitz|p2a: Garchomp
|-resisted|p2a: Garchomp
|-damage|p2a: Garchomp|53/100
|-damage|p1a: Cinderace|50/100 par|[from] ability: Rough Skin|[of] p2a: Garchomp
|-damage|p1a: Cinderace|38/100 par|[from] Recoil
|move|p2a: Garchomp|Outrage|p1a: Cinderace
|-damage|p1a: Cinderace|0 fnt
|faint|p1a: Cinderace
|
|upkeep
|
|t:|1758934456
|switch|p1a: Araquanid|Araquanid, F|100/100
|turn|35
|
|t:|1758934461
|move|p2a: Garchomp|Outrage|p1a: Araquanid|[from] lockedmove
|-damage|p1a: Araquanid|0 fnt
|faint|p1a: Araquanid
|
|upkeep
|
|t:|1758934466
|switch|p1a: Maushold|Maushold|100/100
|turn|36
|
|t:|1758934470
|move|p1a: Maushold|Population Bomb|p2a: Garchomp
|-crit|p2a: Garchomp
|-damage|p2a: Garchomp|37/100
|-damage|p1a: Maushold|88/100|[from] ability: Rough Skin|[of] p2a: Garchomp
|-damage|p2a: Garchomp|27/100
|-damage|p1a: Maushold|76/100|[from] ability: Rough Skin|[of] p2a: Garchomp
|-damage|p2a: Garchomp|16/100
|-damage|p1a: Maushold|63/100|[from] ability: Rough Skin|[of] p2a: Garchomp
|-damage|p2a: Garchomp|6/100
|-damage|p1a: Maushold|51/100|[from] ability: Rough Skin|[of] p2a: Garchomp
|-damage|p2a: Garchomp|0 fnt
|-damage|p1a: Maushold|38/100|[from] ability: Rough Skin|[of] p2a: Garchomp
|faint|p2a: Garchomp
|-hitcount|p2: Garchomp|5
|
|upkeep
|
|t:|1758934487
|switch|p2a: Great Tusk|Great Tusk, tera:Ground|100/100
|-activate|p2a: Great Tusk|move: Sticky Web
|-unboost|p2a: Great Tusk|spe|1
|turn|37
|
|t:|1758934492
|move|p1a: Maushold|Population Bomb|p2a: Great Tusk
|-crit|p2a: Great Tusk
|-damage|p2a: Great Tusk|88/100
|-damage|p2a: Great Tusk|80/100
|-damage|p2a: Great Tusk|71/100
|-damage|p2a: Great Tusk|63/100
|-damage|p2a: Great Tusk|55/100
|-damage|p2a: Great Tusk|47/100
|-damage|p2a: Great Tusk|39/100
|-damage|p2a: Great Tusk|30/100
|-damage|p2a: Great Tusk|23/100
|-damage|p2a: Great Tusk|15/100
|-hitcount|p2a: Great Tusk|10
|move|p2a: Great Tusk|Headlong Rush|p1a: Maushold
|-damage|p1a: Maushold|0 fnt
|-unboost|p2a: Great Tusk|def|1
|-unboost|p2a: Great Tusk|spd|1
|faint|p1a: Maushold
|
|win|grunt92
|raw|Pokeguy7777's rating: 1418 &rarr; <strong>1394</strong><br />(-24 for losing)
|raw|grunt92's rating: 1356 &rarr; <strong>1380</strong><br />(+24 for winning)
|l|☆Pokeguy7777
|player|p1|
|l|☆grunt92
|player|p2|
