|j|☆CatfishyK
|j|☆fjdu5437
|t:|1758981009
|gametype|singles
|player|p1|CatfishyK|266|1098
|player|p2|fjdu5437|ethan|1079
|gen|9
|tier|[Gen 9] OU
|rated|
|rule|HP Percentage Mod: HP is shown in percentages
|rule|Endless Battle Clause: Forcing endless battles is banned
|rule|Species Clause: Limit one of each Pokémon
|rule|OHKO Clause: OHKO moves are banned
|rule|Evasion Items Clause: Evasion items are banned
|rule|Evasion Moves Clause: Evasion moves are banned
|rule|Evasion Abilities Clause: Evasion abilities are banned
|rule|Sleep Moves Clause: Sleep-inducing moves are banned
|clearpoke
|poke|p1|Decidueye, M|
|poke|p1|Vileplume, M|
|poke|p1|Rotom-Mow|
|poke|p1|Hydrapple, M|
|poke|p1|Whimsicott, M|
|poke|p1|Breloom, M|
|poke|p2|Dondozo, M|
|poke|p2|Kleavor, M|
|poke|p2|Ditto|
|poke|p2|Maushold|
|poke|p2|Ceruledge, M|
|poke|p2|Azumarill, F|
|teampreview
|
|t:|1758981016
|teamsize|p1|6
|teamsize|p2|6
|start
|switch|p1a: Rotom|Rotom-Mow|100/100
|switch|p2a: Kleavor|Kleavor, M, shiny|100/100
|turn|1
|
|t:|1758981023
|move|p2a: Kleavor|Stone Axe|p1a: Rotom
|-damage|p1a: Rotom|44/100
|-sidestart|p1: CatfishyK|move: Stealth Rock
|move|p1a: Rotom|Will-O-Wisp|p2a: Kleavor
|-status|p2a: Kleavor|brn
|
|-heal|p1a: Rotom|50/100|[from] item: Leftovers
|-damage|p2a: Kleavor|94/100 brn|[from] brn
|upkeep
|turn|2
|
|t:|1758981039
|move|p2a: Kleavor|X-Scissor|p1a: Rotom
|-supereffective|p1a: Rotom
|-damage|p1a: Rotom|0 fnt
|faint|p1a: Rotom
|
|-damage|p2a: Kleavor|88/100 brn|[from] brn
|upkeep
|
|t:|1758981048
|switch|p1a: Decidueye|Decidueye, M|100/100
|turn|3
|inactive|Battle timer is ON: inactive players will automatically lose when time's up. (requested by fjdu5437)
|
|t:|1758981054
|move|p2a: Kleavor|X-Scissor|p1a: Decidueye
|-damage|p1a: Decidueye|59/100
|move|p1a: Decidueye|Defog|p2a: Kleavor
|-unboost|p2a: Kleavor|evasion|1
|-sideend|p1: CatfishyK|Stealth Rock|[from] move: Defog|[of] p1a: Decidueye
|
|-damage|p2a: Kleavor|82/100 brn|[from] brn
|upkeep
|turn|4
|
|t:|1758981065
|move|p2a: Kleavor|X-Scissor|p1a: Decidueye
|-damage|p1a: Decidueye|18/100
|move|p1a: Decidueye|Knock Off|p2a: Kleavor
|-damage|p2a: Kleavor|44/100 brn
|-enditem|p2a: Kleavor|Focus Sash|[from] move: Knock Off|[of] p1a: Decidueye
|
|-damage|p2a: Kleavor|38/100 brn|[from] brn
|upkeep
|turn|5
|
|t:|1758981091
|switch|p1a: Vileplume|Vileplume, M|100/100
|move|p2a: Kleavor|X-Scissor|p1a: Vileplume
|-damage|p1a: Vileplume|63/100
|
|-heal|p1a: Vileplume|70/100|[from] item: Black Sludge
|-damage|p2a: Kleavor|32/100 brn|[from] brn
|upkeep
|turn|6
|
|t:|1758981104
|move|p2a: Kleavor|X-Scissor|p1a: Vileplume
|-damage|p1a: Vileplume|29/100
|move|p1a: Vileplume|Sludge Wave|p2a: Kleavor
|-resisted|p2a: Kleavor
|-damage|p2a: Kleavor|0 fnt
|faint|p2a: Kleavor
|
|-heal|p1a: Vileplume|35/100|[from] item: Black Sludge
|upkeep
|
|t:|1758981109
|switch|p2a: Maushold|Maushold, shiny|100/100
|turn|7
|
|t:|1758981126
|move|p2a: Maushold|Population Bomb|p1a: Vileplume
|-damage|p1a: Vileplume|24/100
|-damage|p1a: Vileplume|10/100
|-damage|p1a: Vileplume|0 fnt
|faint|p1a: Vileplume
|-hitcount|p1: Vileplume|3
|
|upkeep
|inactive|CatfishyK has 120 seconds left.
|
|t:|1758981138
|switch|p1a: Breloom|Breloom, M|100/100
|turn|8
|
|t:|1758981146
|-terastallize|p1a: Breloom|Rock
|move|p2a: Maushold|Population Bomb|p1a: Breloom
|-resisted|p1a: Breloom
|-damage|p1a: Breloom|91/100
|-resisted|p1a: Breloom
|-damage|p1a: Breloom|83/100
|-resisted|p1a: Breloom
|-damage|p1a: Breloom|74/100
|-resisted|p1a: Breloom
|-damage|p1a: Breloom|65/100
|-resisted|p1a: Breloom
|-damage|p1a: Breloom|56/100
|-resisted|p1a: Breloom
|-damage|p1a: Breloom|46/100
|-resisted|p1a: Breloom
|-damage|p1a: Breloom|37/100
|-resisted|p1a: Breloom
|-damage|p1a: Breloom|29/100
|-resisted|p1a: Breloom
|-damage|p1a: Breloom|21/100
|-resisted|p1a: Breloom
|-damage|p1a: Breloom|11/100
|-hitcount|p1a: Breloom|10
|move|p1a: Breloom|Bulk Up|p1a: Breloom
|-boost|p1a: Breloom|atk|1
|-boost|p1a: Breloom|def|1
|
|upkeep
|turn|9
|inactive|CatfishyK has 120 seconds left.
|
|t:|1758981168
|move|p1a: Breloom|Mach Punch|p2a: Maushold
|-supereffective|p2a: Maushold
|-damage|p2a: Maushold|0 fnt
|faint|p2a: Maushold
|
|upkeep
|
|t:|1758981178
|switch|p2a: Ditto|Ditto, shiny|100/100
|-transform|p2a: Ditto|p1a: Breloom|[from] ability: Imposter
|-start|p2a: Ditto|typechange|Grass/Fighting|[silent]
|turn|10
|inactive|CatfishyK has 120 seconds left.
|
|t:|1758981200
|switch|p1a: Whimsicott|Whimsicott, M|100/100
|move|p2a: Ditto|Mach Punch|p1a: Whimsicott
|-resisted|p1a: Whimsicott
|-damage|p1a: Whimsicott|63/100
|
|-heal|p1a: Whimsicott|69/100|[from] item: Leftovers
|upkeep
|turn|11
|
|t:|1758981209
|move|p2a: Ditto|Mach Punch|p1a: Whimsicott
|-resisted|p1a: Whimsicott
|-damage|p1a: Whimsicott|34/100
|move|p1a: Whimsicott|Moonblast|p2a: Ditto
|-supereffective|p2a: Ditto
|-damage|p2a: Ditto|0 fnt
|faint|p2a: Ditto
|
|-heal|p1a: Whimsicott|40/100|[from] item: Leftovers
|upkeep
|
|t:|1758981212
|switch|p2a: Ceruledge|Ceruledge, M, shiny|100/100
|turn|12
|inactive|CatfishyK has 120 seconds left.
|
|t:|1758981224
|move|p1a: Whimsicott|Leech Seed|p2a: Ceruledge
|-start|p2a: Ceruledge|move: Leech Seed
|move|p2a: Ceruledge|Swords Dance|p2a: Ceruledge
|-boost|p2a: Ceruledge|atk|2
|
|-heal|p1a: Whimsicott|46/100|[from] item: Leftovers
|-damage|p2a: Ceruledge|88/100|[from] Leech Seed|[of] p1a: Whimsicott
|-heal|p1a: Whimsicott|60/100|[silent]
|upkeep
|turn|13
|inactive|CatfishyK has 120 seconds left.
|
|t:|1758981236
|move|p1a: Whimsicott|Encore|p2a: Ceruledge
|-start|p2a: Ceruledge|Encore
|move|p2a: Ceruledge|Swords Dance|p2a: Ceruledge
|-boost|p2a: Ceruledge|atk|2
|
|-heal|p1a: Whimsicott|66/100|[from] item: Leftovers
|-damage|p2a: Ceruledge|76/100|[from] Leech Seed|[of] p1a: Whimsicott
|-heal|p1a: Whimsicott|80/100|[silent]
|upkeep
|turn|14
|
|t:|1758981245
|switch|p1a: Decidueye|Decidueye, M|18/100
|move|p2a: Ceruledge|Swords Dance|p2a: Ceruledge
|-boost|p2a: Ceruledge|atk|2
|
|-damage|p2a: Ceruledge|63/100|[from] Leech Seed|[of] p1a: Decidueye
|-heal|p1a: Decidueye|29/100|[silent]
|upkeep
|turn|15
|
|t:|1758981255
|switch|p2a: Dondozo|Dondozo, M, shiny|100/100
|move|p1a: Decidueye|Spirit Shackle|p2a: Dondozo
|-crit|p2a: Dondozo
|-damage|p2a: Dondozo|73/100
|-activate|p2a: Dondozo|trapped
|
|-heal|p2a: Dondozo|79/100|[from] item: Leftovers
|upkeep
|turn|16
|-message|fjdu5437 forfeited.
|
|win|CatfishyK
|raw|CatfishyK's rating: 1098 &rarr; <strong>1122</strong><br />(+24 for winning)
|raw|fjdu5437's rating: 1079 &rarr; <strong>1058</strong><br />(-21 for losing)
|l|☆fjdu5437
|player|p2|
|l|☆CatfishyK
|player|p1|
