|j|☆Galegs
|j|☆yzjb
|t:|1759027433
|gametype|singles
|player|p1|Galegs|169|1147
|player|p2|yzjb|iris-gen5bw2|1115
|gen|9
|tier|[Gen 9] OU
|rated|
|rule|HP Percentage Mod: HP is shown in percentages
|rule|Endless Battle Clause: Forcing endless battles is banned
|rule|Species Clause: Limit one of each Pokémon
|rule|OHKO Clause: OHKO moves are banned
|rule|Evasion Items Clause: Evasion items are banned
|rule|Evasion Moves Clause: Evasion moves are banned
|rule|Evasion Abilities Clause: Evasion abilities are banned
|rule|Sleep Moves Clause: Sleep-inducing moves are banned
|clearpoke
|poke|p1|Gliscor, M|
|poke|p1|Dragonite, F|
|poke|p1|Goodra, M|
|poke|p1|Corviknight, M|
|poke|p1|Dragapult, F|
|poke|p1|Garchomp, M|
|poke|p2|Ogerpon-Wellspring, F|
|poke|p2|Dragonite, M|
|poke|p2|Ninetales-Alola, M|
|poke|p2|Thundurus, M|
|poke|p2|Incineroar, M|
|poke|p2|Glimmora, F|
|teampreview
|
|t:|1759027443
|teamsize|p1|6
|teamsize|p2|6
|start
|switch|p1a: Garchomp|Garchomp, M|100/100
|switch|p2a: Incineroar|Incineroar, M|100/100
|-ability|p2a: Incineroar|Intimidate|boost
|-unboost|p1a: Garchomp|atk|1
|turn|1
|inactive|Battle timer is ON: inactive players will automatically lose when time's up. (requested by yzjb)
|
|t:|1759027480
|move|p1a: Garchomp|Stealth Rock|p2a: Incineroar
|-sidestart|p2: yzjb|move: Stealth Rock
|move|p2a: Incineroar|Will-O-Wisp|p1a: Garchomp
|-status|p1a: Garchomp|brn
|
|-damage|p1a: Garchomp|94/100 brn|[from] brn
|upkeep
|turn|2
|
|t:|1759027489
|move|p1a: Garchomp|Sandstorm|p1a: Garchomp
|-weather|Sandstorm
|move|p2a: Incineroar|Parting Shot|p1a: Garchomp
|-unboost|p1a: Garchomp|atk|1
|-unboost|p1a: Garchomp|spa|1
|
|t:|1759027514
|switch|p2a: Glimmora|Glimmora, F|100/100|[from] Parting Shot
|-damage|p2a: Glimmora|88/100|[from] Stealth Rock
|
|-weather|Sandstorm|[upkeep]
|-damage|p1a: Garchomp|88/100 brn|[from] brn
|upkeep
|turn|3
|
|t:|1759027526
|move|p1a: Garchomp|Earthquake|p2a: Glimmora
|-supereffective|p2a: Glimmora
|-damage|p2a: Glimmora|33/100
|-activate|p2a: Glimmora|ability: Toxic Debris
|-sidestart|p1: Galegs|move: Toxic Spikes
|move|p2a: Glimmora|Stealth Rock|p1a: Garchomp
|-sidestart|p1: Galegs|move: Stealth Rock
|
|-weather|Sandstorm|[upkeep]
|-damage|p1a: Garchomp|82/100 brn|[from] brn
|upkeep
|turn|4
|
|t:|1759027537
|move|p1a: Garchomp|Earthquake|p2a: Glimmora
|-supereffective|p2a: Glimmora
|-damage|p2a: Glimmora|0 fnt
|-activate|p2a: Glimmora|ability: Toxic Debris
|-sidestart|p1: Galegs|move: Toxic Spikes
|faint|p2a: Glimmora
|
|-weather|Sandstorm|[upkeep]
|-damage|p1a: Garchomp|76/100 brn|[from] brn
|upkeep
|
|t:|1759027542
|switch|p2a: Ogerpon|Ogerpon-Wellspring, F|100/100
|-damage|p2a: Ogerpon|88/100|[from] Stealth Rock
|turn|5
|
|t:|1759027550
|move|p1a: Garchomp|Poison Jab|p2a: Ogerpon
|-supereffective|p2a: Ogerpon
|-damage|p2a: Ogerpon|76/100
|move|p2a: Ogerpon|Leech Seed|p1a: Garchomp
|-start|p1a: Garchomp|move: Leech Seed
|
|-weather|Sandstorm|[upkeep]
|-damage|p2a: Ogerpon|70/100|[from] Sandstorm
|-damage|p1a: Garchomp|64/100 brn|[from] Leech Seed|[of] p2a: Ogerpon
|-heal|p2a: Ogerpon|82/100|[silent]
|-damage|p1a: Garchomp|57/100 brn|[from] brn
|upkeep
|turn|6
|
|t:|1759027562
|move|p1a: Garchomp|Poison Jab|p2a: Ogerpon
|-supereffective|p2a: Ogerpon
|-damage|p2a: Ogerpon|71/100
|move|p2a: Ogerpon|Horn Leech|p1a: Garchomp
|-damage|p1a: Garchomp|25/100 brn
|-heal|p2a: Ogerpon|86/100|[from] drain|[of] p1a: Garchomp
|-damage|p2a: Ogerpon|74/100|[from] ability: Rough Skin|[of] p1a: Garchomp
|-damage|p2a: Ogerpon|58/100|[from] item: Rocky Helmet|[of] p1a: Garchomp
|
|-weather|none
|-damage|p1a: Garchomp|13/100 brn|[from] Leech Seed|[of] p2a: Ogerpon
|-heal|p2a: Ogerpon|70/100|[silent]
|-damage|p1a: Garchomp|7/100 brn|[from] brn
|upkeep
|turn|7
|
|t:|1759027577
|move|p2a: Ogerpon|Spiky Shield|p2a: Ogerpon
|-singleturn|p2a: Ogerpon|move: Protect
|move|p1a: Garchomp|Sandstorm|p1a: Garchomp
|-weather|Sandstorm
|
|-weather|Sandstorm|[upkeep]
|-damage|p2a: Ogerpon|64/100|[from] Sandstorm
|-damage|p1a: Garchomp|0 fnt|[from] Leech Seed|[of] p2a: Ogerpon
|-heal|p2a: Ogerpon|70/100|[silent]
|faint|p1a: Garchomp
|upkeep
|
|t:|1759027587
|switch|p1a: Corviknight|Corviknight, M|100/100
|turn|8
|
|t:|1759027597
|move|p2a: Ogerpon|Spiky Shield||[still]
|-fail|p2a: Ogerpon
|move|p1a: Corviknight|Iron Defense|p1a: Corviknight
|-boost|p1a: Corviknight|def|2
|
|-weather|Sandstorm|[upkeep]
|-damage|p2a: Ogerpon|64/100|[from] Sandstorm
|upkeep
|turn|9
|
|t:|1759027606
|move|p2a: Ogerpon|Leech Seed|p1a: Corviknight
|-start|p1a: Corviknight|move: Leech Seed
|move|p1a: Corviknight|Body Press|p2a: Ogerpon
|-damage|p2a: Ogerpon|4/100
|
|-weather|Sandstorm|[upkeep]
|-damage|p2a: Ogerpon|0 fnt|[from] Sandstorm
|faint|p2a: Ogerpon
|upkeep
|
|t:|1759027618
|switch|p2a: Thundurus|Thundurus, M|100/100
|turn|10
|
|t:|1759027645
|move|p2a: Thundurus|Thunderbolt|p1a: Corviknight
|-supereffective|p1a: Corviknight
|-damage|p1a: Corviknight|13/100
|move|p1a: Corviknight|Brave Bird|p2a: Thundurus
|-resisted|p2a: Thundurus
|-damage|p2a: Thundurus|74/100
|-damage|p1a: Corviknight|6/100|[from] Recoil
|
|-weather|Sandstorm|[upkeep]
|-damage|p2a: Thundurus|68/100|[from] Sandstorm
|-damage|p1a: Corviknight|0 fnt|[from] Leech Seed|[of] p2a: Thundurus
|-heal|p2a: Thundurus|76/100|[silent]
|faint|p1a: Corviknight
|upkeep
|inactive|Galegs has 120 seconds left.
|
|t:|1759027665
|switch|p1a: Goodra|Goodra, M|100/100
|-status|p1a: Goodra|tox
|-damage|p1a: Goodra|88/100 tox|[from] Stealth Rock
|turn|11
|inactive|Galegs has 120 seconds left.
|
|t:|1759027674
|move|p2a: Thundurus|Thunder Wave||[still]
|-fail|p2a: Thundurus
|move|p1a: Goodra|Ice Beam|p2a: Thundurus
|-supereffective|p2a: Thundurus
|-damage|p2a: Thundurus|6/100
|
|-weather|none
|-damage|p1a: Goodra|82/100 tox|[from] psn
|upkeep
|turn|12
|inactive|Galegs has 120 seconds left.
|
|t:|1759027685
|switch|p2a: Ninetales|Ninetales-Alola, M|100/100
|-damage|p2a: Ninetales|76/100|[from] Stealth Rock
|-weather|Snowscape|[from] ability: Snow Warning|[of] p2a: Ninetales
|move|p1a: Goodra|Sludge Bomb|p2a: Ninetales
|-supereffective|p2a: Ninetales
|-damage|p2a: Ninetales|25/100
|
|-weather|Snowscape|[upkeep]
|-damage|p1a: Goodra|69/100 tox|[from] psn
|upkeep
|turn|13
|inactive|Galegs has 120 seconds left.
|
|t:|1759027697
|-terastallize|p1a: Goodra|Poison
|move|p2a: Ninetales|Aurora Veil|p2a: Ninetales
|-sidestart|p2: yzjb|move: Aurora Veil
|move|p1a: Goodra|Sludge Bomb|p2a: Ninetales
|-supereffective|p2a: Ninetales
|-damage|p2a: Ninetales|0 fnt
|faint|p2a: Ninetales
|
|-weather|Snowscape|[upkeep]
|-damage|p1a: Goodra|51/100 tox|[from] psn
|upkeep
|
|t:|1759027716
|switch|p2a: Dragonite|Dragonite, M|100/100
|-damage|p2a: Dragonite|76/100|[from] Stealth Rock
|turn|14
|inactive|Galegs has 120 seconds left.
|
|t:|1759027732
|move|p2a: Dragonite|Dragon Dance|p2a: Dragonite
|-boost|p2a: Dragonite|atk|1
|-boost|p2a: Dragonite|spe|1
|move|p1a: Goodra|Ice Beam|p2a: Dragonite
|-supereffective|p2a: Dragonite
|-damage|p2a: Dragonite|18/100
|-enditem|p2a: Dragonite|Weakness Policy
|-boost|p2a: Dragonite|atk|2|[from] item: Weakness Policy
|-boost|p2a: Dragonite|spa|2|[from] item: Weakness Policy
|
|-weather|Snowscape|[upkeep]
|-damage|p1a: Goodra|26/100 tox|[from] psn
|upkeep
|turn|15
|inactive|Galegs has 120 seconds left.
|
|t:|1759027745
|move|p2a: Dragonite|Earthquake|p1a: Goodra
|-supereffective|p1a: Goodra
|-damage|p1a: Goodra|0 fnt
|faint|p1a: Goodra
|
|-weather|Snowscape|[upkeep]
|upkeep
|inactive|Galegs has 120 seconds left.
|
|t:|1759027753
|switch|p1a: Dragonite|Dragonite, F|100/100
|-damage|p1a: Dragonite|75/100|[from] Stealth Rock
|turn|16
|
|t:|1759027761
|-terastallize|p2a: Dragonite|Steel
|move|p1a: Dragonite|Extreme Speed|p2a: Dragonite
|-resisted|p2a: Dragonite
|-damage|p2a: Dragonite|10/100
|move|p2a: Dragonite|Ice Spinner|p1a: Dragonite
|-supereffective|p1a: Dragonite
|-damage|p1a: Dragonite|0 fnt
|faint|p1a: Dragonite
|
|-weather|none
|upkeep
|inactive|Galegs has 120 seconds left.
|
|t:|1759027776
|switch|p1a: Dragapult|Dragapult, F|100/100
|-status|p1a: Dragapult|tox
|-damage|p1a: Dragapult|88/100 tox|[from] Stealth Rock
|turn|17
|
|t:|1759027784
|move|p2a: Dragonite|Ice Spinner|p1a: Dragapult
|-supereffective|p1a: Dragapult
|-damage|p1a: Dragapult|0 fnt
|faint|p1a: Dragapult
|
|upkeep
|
|t:|1759027790
|switch|p1a: Gliscor|Gliscor, M|100/100
|-damage|p1a: Gliscor|88/100|[from] Stealth Rock
|turn|18
|
|t:|1759027795
|move|p2a: Dragonite|Ice Spinner|p1a: Gliscor
|-supereffective|p1a: Gliscor
|-damage|p1a: Gliscor|0 fnt
|faint|p1a: Gliscor
|
|win|yzjb
|raw|Galegs's rating: 1147 &rarr; <strong>1120</strong><br />(-27 for losing)
|raw|yzjb's rating: 1115 &rarr; <strong>1142</strong><br />(+27 for winning)
