|j|☆Blushweaver
|j|☆nglimfaded
|t:|1759050339
|gametype|singles
|player|p1|Blushweaver|fantina|1477
|player|p2|nglimfaded|miku-grass|1476
|gen|9
|tier|[Gen 9] OU
|rated|
|rule|HP Percentage Mod: HP is shown in percentages
|rule|Endless Battle Clause: Forcing endless battles is banned
|rule|Species Clause: Limit one of each Pokémon
|rule|OHKO Clause: OHKO moves are banned
|rule|Evasion Items Clause: Evasion items are banned
|rule|Evasion Moves Clause: Evasion moves are banned
|rule|Evasion Abilities Clause: Evasion abilities are banned
|rule|Sleep Moves Clause: Sleep-inducing moves are banned
|clearpoke
|poke|p1|Slaking, M|
|poke|p1|Samurott-Hisui, M|
|poke|p1|Gholdengo|
|poke|p1|Pecharunt|
|poke|p1|Raging Bolt|
|poke|p1|Landorus-Therian, M|
|poke|p2|Samurott-Hisui, M|
|poke|p2|Latios, M|
|poke|p2|Great Tusk|
|poke|p2|Heatran, F|
|poke|p2|Pecharunt|
|poke|p2|Zamazenta-*|
|teampreview
|
|t:|1759050367
|teamsize|p1|6
|teamsize|p2|6
|start
|switch|p1a: Slaking|Slaking, M|100/100
|switch|p2a: Great Tusk|Great Tusk|100/100
|turn|1
|
|t:|1759050372
|switch|p1a: Landorus|Landorus-Therian, M|100/100
|-ability|p1a: Landorus|Intimidate|boost
|-unboost|p2a: Great Tusk|atk|1
|move|p2a: Great Tusk|Close Combat|p1a: Landorus
|-resisted|p1a: Landorus
|-damage|p1a: Landorus|75/100
|-unboost|p2a: Great Tusk|def|1
|-unboost|p2a: Great Tusk|spd|1
|-damage|p2a: Great Tusk|84/100|[from] item: Rocky Helmet|[of] p1a: Landorus
|
|upkeep
|turn|2
|
|t:|1759050376
|move|p1a: Landorus|Grass Knot|p2a: Great Tusk
|-supereffective|p2a: Great Tusk
|-damage|p2a: Great Tusk|0 fnt
|faint|p2a: Great Tusk
|-end|p2a: Great Tusk|Protosynthesis|[silent]
|
|upkeep
|
|t:|1759050379
|switch|p2a: Samurott|Samurott-Hisui, M|100/100
|turn|3
|
|t:|1759050394
|move|p1a: Landorus|U-turn|p2a: Samurott
|-supereffective|p2a: Samurott
|-damage|p2a: Samurott|50/100
|
|t:|1759050398
|switch|p1a: Raging Bolt|Raging Bolt|100/100|[from] U-turn
|move|p2a: Samurott|Surf|p1a: Raging Bolt
|-resisted|p1a: Raging Bolt
|-damage|p1a: Raging Bolt|86/100
|
|upkeep
|turn|4
|
|t:|1759050410
|switch|p2a: Latios|Latios, M|100/100
|move|p1a: Raging Bolt|Volt Switch|p2a: Latios
|-resisted|p2a: Latios
|-damage|p2a: Latios|77/100
|
|t:|1759050412
|-end|p1a: Raging Bolt|Protosynthesis|[silent]
|switch|p1a: Samurott|Samurott-Hisui, M|100/100|[from] Volt Switch
|
|upkeep
|turn|5
|
|t:|1759050416
|move|p2a: Latios|Draco Meteor|p1a: Samurott
|-damage|p1a: Samurott|0 fnt
|-unboost|p2a: Latios|spa|2
|faint|p1a: Samurott
|
|upkeep
|
|t:|1759050422
|switch|p1a: Landorus|Landorus-Therian, M|75/100
|-ability|p1a: Landorus|Intimidate|boost
|-unboost|p2a: Latios|atk|1
|turn|6
|
|t:|1759050427
|switch|p2a: Heatran|Heatran, F|100/100
|move|p1a: Landorus|Stealth Rock|p2a: Heatran
|-sidestart|p2: nglimfaded|move: Stealth Rock
|
|upkeep
|turn|7
|
|t:|1759050434
|switch|p2a: Latios|Latios, M|77/100
|-damage|p2a: Latios|64/100|[from] Stealth Rock
|move|p1a: Landorus|U-turn|p2a: Latios
|-supereffective|p2a: Latios
|-damage|p2a: Latios|1/100
|
|t:|1759050438
|switch|p1a: Raging Bolt|Raging Bolt|86/100|[from] U-turn
|
|upkeep
|turn|8
|
|t:|1759050442
|move|p1a: Raging Bolt|Thunderclap|p2a: Latios
|-resisted|p2a: Latios
|-damage|p2a: Latios|0 fnt
|faint|p2a: Latios
|
|upkeep
|
|t:|1759050455
|switch|p2a: Heatran|Heatran, F|100/100
|-damage|p2a: Heatran|88/100|[from] Stealth Rock
|turn|9
|
|t:|1759050459
|move|p1a: Raging Bolt|Volt Switch|p2a: Heatran
|-damage|p2a: Heatran|58/100
|
|t:|1759050462
|-end|p1a: Raging Bolt|Protosynthesis|[silent]
|switch|p1a: Landorus|Landorus-Therian, M|75/100|[from] Volt Switch
|-ability|p1a: Landorus|Intimidate|boost
|-unboost|p2a: Heatran|atk|1
|move|p2a: Heatran|Magma Storm|p1a: Landorus|[miss]
|-miss|p2a: Heatran|p1a: Landorus
|
|-heal|p2a: Heatran|64/100|[from] item: Leftovers
|upkeep
|turn|10
|-message|nglimfaded forfeited.
|
|win|Blushweaver
|raw|Blushweaver's rating: 1477 &rarr; <strong>1497</strong><br />(+20 for winning)
|raw|nglimfaded's rating: 1476 &rarr; <strong>1456</strong><br />(-20 for losing)
|l|☆nglimfaded
|player|p2|
|l|☆Blushweaver
|player|p1|
