|j|☆snoosy chan
|j|☆spotifytweaks
|t:|1759068452
|gametype|singles
|player|p1|snoosy chan|roxie|
|player|p2|spotifytweaks|firebreather|
|gen|9
|tier|[Gen 9] OU
|rule|HP Percentage Mod: HP is shown in percentages
|rule|Endless Battle Clause: Forcing endless battles is banned
|rule|Species Clause: Limit one of each Pokémon
|rule|OHKO Clause: OHKO moves are banned
|rule|Evasion Items Clause: Evasion items are banned
|rule|Evasion Moves Clause: Evasion moves are banned
|rule|Evasion Abilities Clause: Evasion abilities are banned
|rule|Sleep Moves Clause: Sleep-inducing moves are banned
|clearpoke
|poke|p1|Kyurem|
|poke|p1|Garganacl, M|
|poke|p1|Landorus-Therian, M|
|poke|p1|Gholdengo|
|poke|p1|Zamazenta-*|
|poke|p1|Weezing-Galar, M|
|poke|p2|Kingambit, F|
|poke|p2|Latios, M|
|poke|p2|Alomomola, F|
|poke|p2|Pecharunt|
|poke|p2|Ting-Lu|
|poke|p2|Iron Valiant|
|teampreview
|inactive|Battle timer is ON: inactive players will automatically lose when time's up. (requested by snoosy chan)
|inactive|spotifytweaks also wants the timer to be on.
|inactive|snoosy chan has 270 seconds left.
|
|t:|1759068483
|teamsize|p1|6
|teamsize|p2|6
|start
|switch|p1a: Kyurem|Kyurem|100/100
|switch|p2a: Ting-Lu|Ting-Lu|100/100
|-ability|p1a: Kyurem|Pressure
|-ability|p2a: Ting-Lu|Vessel of Ruin
|turn|1
|
|t:|1759068500
|move|p1a: Kyurem|Freeze-Dry|p2a: Ting-Lu
|-supereffective|p2a: Ting-Lu
|-damage|p2a: Ting-Lu|72/100
|move|p2a: Ting-Lu|Whirlwind|p1a: Kyurem
|drag|p1a: Landorus|Landorus-Therian, M|100/100
|-ability|p1a: Landorus|Intimidate|boost
|-unboost|p2a: Ting-Lu|atk|1
|
|-heal|p2a: Ting-Lu|78/100|[from] item: Leftovers
|upkeep
|turn|2
|
|t:|1759068507
|move|p1a: Landorus|U-turn|p2a: Ting-Lu
|-supereffective|p2a: Ting-Lu
|-damage|p2a: Ting-Lu|47/100
|
|t:|1759068512
|switch|p1a: Kyurem|Kyurem|100/100|[from] U-turn
|-ability|p1a: Kyurem|Pressure
|move|p2a: Ting-Lu|Stealth Rock|p1a: Kyurem
|-sidestart|p1: snoosy chan|move: Stealth Rock
|
|-heal|p2a: Ting-Lu|53/100|[from] item: Leftovers
|upkeep
|turn|3
|
|t:|1759068535
|switch|p2a: Iron Valiant|Iron Valiant|100/100
|-enditem|p2a: Iron Valiant|Booster Energy
|-activate|p2a: Iron Valiant|ability: Quark Drive|[fromitem]
|-start|p2a: Iron Valiant|quarkdrivespe
|move|p1a: Kyurem|Freeze-Dry|p2a: Iron Valiant
|-damage|p2a: Iron Valiant|24/100
|
|upkeep
|turn|4
|
|t:|1759068560
|switch|p1a: Weezing|Weezing-Galar, M|100/100
|-ability|p1a: Weezing|Neutralizing Gas
|move|p2a: Iron Valiant|Moonblast|p1a: Weezing
|-resisted|p1a: Weezing
|-damage|p1a: Weezing|67/100
|
|upkeep
|turn|5
|
|t:|1759068583
|-end|p2a: Iron Valiant|Quark Drive|[silent]
|switch|p2a: Ting-Lu|Ting-Lu|53/100
|move|p1a: Weezing|Defog|p2a: Ting-Lu
|-unboost|p2a: Ting-Lu|evasion|1
|-sideend|p1: snoosy chan|Stealth Rock|[from] move: Defog|[of] p1a: Weezing
|
|-heal|p2a: Ting-Lu|59/100|[from] item: Leftovers
|upkeep
|turn|6
|inactive|spotifytweaks has 270 seconds left.
|
|t:|1759068599
|move|p1a: Weezing|Will-O-Wisp|p2a: Ting-Lu
|-status|p2a: Ting-Lu|brn
|move|p2a: Ting-Lu|Earthquake|p1a: Weezing
|-supereffective|p1a: Weezing
|-damage|p1a: Weezing|41/100
|
|-heal|p2a: Ting-Lu|65/100 brn|[from] item: Leftovers
|-damage|p2a: Ting-Lu|59/100 brn|[from] brn
|upkeep
|turn|7
|
|t:|1759068607
|move|p1a: Weezing|Pain Split|p2a: Ting-Lu
|-sethp|p2a: Ting-Lu|43/100 brn|[from] move: Pain Split|[silent]
|-sethp|p1a: Weezing|66/100|[from] move: Pain Split
|move|p2a: Ting-Lu|Stealth Rock|p1a: Weezing
|-sidestart|p1: snoosy chan|move: Stealth Rock
|
|-heal|p2a: Ting-Lu|49/100 brn|[from] item: Leftovers
|-damage|p2a: Ting-Lu|43/100 brn|[from] brn
|upkeep
|turn|8
|
|t:|1759068614
|move|p1a: Weezing|Defog|p2a: Ting-Lu
|-unboost|p2a: Ting-Lu|evasion|1
|-sideend|p1: snoosy chan|Stealth Rock|[from] move: Defog|[of] p1a: Weezing
|move|p2a: Ting-Lu|Spikes|p1a: Weezing
|-sidestart|p1: snoosy chan|Spikes
|
|-heal|p2a: Ting-Lu|49/100 brn|[from] item: Leftovers
|-damage|p2a: Ting-Lu|43/100 brn|[from] brn
|upkeep
|turn|9
|
|t:|1759068627
|-end|p1a: Weezing|ability: Neutralizing Gas
|-ability|p2a: Ting-Lu|Vessel of Ruin
|switch|p1a: Kyurem|Kyurem|100/100
|-damage|p1a: Kyurem|88/100|[from] Spikes
|-ability|p1a: Kyurem|Pressure
|switch|p2a: Kingambit|Kingambit, F|100/100
|
|-heal|p1a: Kyurem|94/100|[from] item: Leftovers
|upkeep
|turn|10
|
|t:|1759068641
|switch|p1a: Zamazenta|Zamazenta|100/100
|-damage|p1a: Zamazenta|88/100|[from] Spikes
|-ability|p1a: Zamazenta|Dauntless Shield|boost
|-boost|p1a: Zamazenta|def|1
|move|p2a: Kingambit|Swords Dance|p2a: Kingambit
|-boost|p2a: Kingambit|atk|2
|
|-heal|p1a: Zamazenta|94/100|[from] item: Leftovers
|upkeep
|turn|11
|
|t:|1759068666
|switch|p1a: Garganacl|Garganacl, M|100/100
|-damage|p1a: Garganacl|88/100|[from] Spikes
|-terastallize|p2a: Kingambit|Dark
|move|p2a: Kingambit|Kowtow Cleave|p1a: Garganacl
|-crit|p1a: Garganacl
|-damage|p1a: Garganacl|0 fnt
|faint|p1a: Garganacl
|
|upkeep
|
|t:|1759068672
|switch|p1a: Zamazenta|Zamazenta|94/100
|-damage|p1a: Zamazenta|82/100|[from] Spikes
|turn|12
|
|t:|1759068675
|-end|p2a: Kingambit|fallenundefined|[silent]
|switch|p2a: Latios|Latios, M|100/100
|move|p1a: Zamazenta|Iron Defense|p1a: Zamazenta
|-boost|p1a: Zamazenta|def|2
|
|-heal|p1a: Zamazenta|88/100|[from] item: Leftovers
|upkeep
|turn|13
|
|t:|1759068682
|switch|p1a: Gholdengo|Gholdengo|100/100
|-damage|p1a: Gholdengo|88/100|[from] Spikes
|move|p2a: Latios|Psychic Noise|p1a: Gholdengo
|-resisted|p1a: Gholdengo
|-damage|p1a: Gholdengo|58/100
|-start|p1a: Gholdengo|move: Heal Block
|
|upkeep
|turn|14
|
|t:|1759068689
|move|p2a: Latios|Draco Meteor|p1a: Gholdengo
|-resisted|p1a: Gholdengo
|-damage|p1a: Gholdengo|8/100
|-unboost|p2a: Latios|spa|2
|move|p1a: Gholdengo|Make It Rain|p2a: Latios
|-damage|p2a: Latios|11/100
|-unboost|p1a: Gholdengo|spa|1
|
|-end|p1a: Gholdengo|move: Heal Block
|upkeep
|turn|15
|inactive|snoosy chan has 270 seconds left.
|
|t:|1759068732
|switch|p1a: Landorus|Landorus-Therian, M|100/100
|-ability|p1a: Landorus|Intimidate|boost
|-unboost|p2a: Latios|atk|1
|move|p2a: Latios|Psychic Noise|p1a: Landorus
|-damage|p1a: Landorus|66/100
|-start|p1a: Landorus|move: Heal Block
|
|upkeep
|turn|16
|
|t:|1759068741
|switch|p2a: Alomomola|Alomomola, F|100/100
|move|p1a: Landorus|U-turn|p2a: Alomomola
|-damage|p2a: Alomomola|84/100
|inactive|snoosy chan has 270 seconds left.
|
|t:|1759068748
|switch|p1a: Kyurem|Kyurem|94/100|[from] U-turn
|-damage|p1a: Kyurem|82/100|[from] Spikes
|-ability|p1a: Kyurem|Pressure
|
|-heal|p1a: Kyurem|88/100|[from] item: Leftovers
|upkeep
|turn|17
|
|t:|1759068752
|move|p1a: Kyurem|Substitute|p1a: Kyurem
|-start|p1a: Kyurem|Substitute
|-damage|p1a: Kyurem|63/100
|move|p2a: Alomomola|Flip Turn|p1a: Kyurem
|-resisted|p1a: Kyurem
|-activate|p1a: Kyurem|move: Substitute|[damage]
|inactive|spotifytweaks has 270 seconds left.
|
|t:|1759068790
|switch|p2a: Iron Valiant|Iron Valiant|24/100|[from] Flip Turn
|
|-heal|p1a: Kyurem|69/100|[from] item: Leftovers
|upkeep
|turn|18
|
|t:|1759068793
|move|p1a: Kyurem|Protect|p1a: Kyurem
|-singleturn|p1a: Kyurem|Protect
|move|p2a: Iron Valiant|Encore|p1a: Kyurem
|-activate|p1a: Kyurem|move: Protect
|
|-heal|p1a: Kyurem|76/100|[from] item: Leftovers
|upkeep
|turn|19
|
|t:|1759068810
|move|p2a: Iron Valiant|Moonblast|p1a: Kyurem
|-supereffective|p1a: Kyurem
|-end|p1a: Kyurem|Substitute
|move|p1a: Kyurem|Freeze-Dry|p2a: Iron Valiant
|-damage|p2a: Iron Valiant|0 fnt
|faint|p2a: Iron Valiant
|-end|p2a: Iron Valiant|Quark Drive|[silent]
|
|-heal|p1a: Kyurem|82/100|[from] item: Leftovers
|upkeep
|c|☆spotifytweaks|ffs
|
|t:|1759068819
|switch|p2a: Latios|Latios, M|11/100
|turn|20
|
|t:|1759068823
|move|p1a: Kyurem|Protect|p1a: Kyurem
|-singleturn|p1a: Kyurem|Protect
|move|p2a: Latios|Draco Meteor|p1a: Kyurem
|-activate|p1a: Kyurem|move: Protect
|
|-heal|p1a: Kyurem|88/100|[from] item: Leftovers
|upkeep
|turn|21
|
|t:|1759068827
|switch|p1a: Gholdengo|Gholdengo|8/100
|-damage|p1a: Gholdengo|0 fnt|[from] Spikes
|faint|p1a: Gholdengo
|move|p2a: Latios|Draco Meteor|p1: Gholdengo|[notarget]
|-fail|p2a: Latios
|
|upkeep
|
|t:|1759068832
|switch|p1a: Landorus|Landorus-Therian, M|66/100
|-ability|p1a: Landorus|Intimidate|boost
|-unboost|p2a: Latios|atk|1
|turn|22
|
|t:|1759068839
|switch|p2a: Alomomola|Alomomola, F|100/100
|move|p1a: Landorus|U-turn|p2a: Alomomola
|-damage|p2a: Alomomola|85/100
|
|t:|1759068843
|switch|p1a: Kyurem|Kyurem|88/100|[from] U-turn
|-damage|p1a: Kyurem|76/100|[from] Spikes
|-ability|p1a: Kyurem|Pressure
|
|-heal|p1a: Kyurem|82/100|[from] item: Leftovers
|upkeep
|turn|23
|
|t:|1759068849
|move|p1a: Kyurem|Substitute|p1a: Kyurem
|-start|p1a: Kyurem|Substitute
|-damage|p1a: Kyurem|57/100
|move|p2a: Alomomola|Flip Turn|p1a: Kyurem
|-resisted|p1a: Kyurem
|-activate|p1a: Kyurem|move: Substitute|[damage]
|
|t:|1759068854
|switch|p2a: Kingambit|Kingambit, F, tera:Dark|100/100|[from] Flip Turn
|-activate|p2a: Kingambit|ability: Supreme Overlord
|-start|p2a: Kingambit|fallen1|[silent]
|
|-heal|p1a: Kyurem|63/100|[from] item: Leftovers
|upkeep
|turn|24
|
|t:|1759068859
|move|p1a: Kyurem|Freeze-Dry|p2a: Kingambit
|-damage|p2a: Kingambit|59/100
|move|p2a: Kingambit|Low Kick|p1a: Kyurem
|-supereffective|p1a: Kyurem
|-end|p1a: Kyurem|Substitute
|
|-heal|p1a: Kyurem|69/100|[from] item: Leftovers
|upkeep
|turn|25
|
|t:|1759068878
|switch|p1a: Zamazenta|Zamazenta|88/100
|-damage|p1a: Zamazenta|76/100|[from] Spikes
|move|p2a: Kingambit|Low Kick|p1a: Zamazenta
|-damage|p1a: Zamazenta|39/100
|
|-heal|p1a: Zamazenta|45/100|[from] item: Leftovers
|upkeep
|turn|26
|
|t:|1759068905
|move|p1a: Zamazenta|Crunch|p2a: Kingambit
|-resisted|p2a: Kingambit
|-damage|p2a: Kingambit|50/100
|move|p2a: Kingambit|Kowtow Cleave|p1a: Zamazenta
|-resisted|p1a: Zamazenta
|-damage|p1a: Zamazenta|17/100
|
|-heal|p1a: Zamazenta|23/100|[from] item: Leftovers
|upkeep
|turn|27
|
|t:|1759068917
|-end|p2a: Kingambit|fallen1|[silent]
|switch|p2a: Pecharunt|Pecharunt|100/100
|move|p1a: Zamazenta|Body Press|p2a: Pecharunt
|-immune|p2a: Pecharunt
|
|-heal|p1a: Zamazenta|29/100|[from] item: Leftovers
|upkeep
|turn|28
|
|t:|1759068926
|switch|p1a: Weezing|Weezing-Galar, M|66/100
|-ability|p1a: Weezing|Neutralizing Gas
|move|p2a: Pecharunt|Malignant Chain|p1a: Weezing
|-damage|p1a: Weezing|27/100
|
|upkeep
|turn|29
|
|t:|1759068938
|switch|p2a: Latios|Latios, M|11/100
|move|p1a: Weezing|Pain Split|p2a: Latios
|-sethp|p2a: Latios|20/100|[from] move: Pain Split|[silent]
|-sethp|p1a: Weezing|19/100|[from] move: Pain Split
|
|upkeep
|turn|30
|
|t:|1759068942
|move|p2a: Latios|Psychic Noise|p1a: Weezing
|-supereffective|p1a: Weezing
|-damage|p1a: Weezing|0 fnt
|faint|p1a: Weezing
|-end|p1a: Weezing|ability: Neutralizing Gas
|
|upkeep
|
|t:|1759068946
|switch|p1a: Landorus|Landorus-Therian, M|66/100
|-ability|p1a: Landorus|Intimidate|boost
|-unboost|p2a: Latios|atk|1
|turn|31
|
|t:|1759068951
|switch|p2a: Pecharunt|Pecharunt|100/100
|move|p1a: Landorus|U-turn|p2a: Pecharunt
|-resisted|p2a: Pecharunt
|-damage|p2a: Pecharunt|97/100
|
|t:|1759068957
|switch|p1a: Kyurem|Kyurem|69/100|[from] U-turn
|-damage|p1a: Kyurem|57/100|[from] Spikes
|-ability|p1a: Kyurem|Pressure
|
|-heal|p1a: Kyurem|63/100|[from] item: Leftovers
|upkeep
|turn|32
|
|t:|1759068974
|-terastallize|p1a: Kyurem|Ground
|move|p1a: Kyurem|Earth Power|p2a: Pecharunt
|-supereffective|p2a: Pecharunt
|-damage|p2a: Pecharunt|13/100
|move|p2a: Pecharunt|Parting Shot|p1a: Kyurem
|-unboost|p1a: Kyurem|atk|1
|-unboost|p1a: Kyurem|spa|1
|
|t:|1759068985
|switch|p2a: Latios|Latios, M|20/100|[from] Parting Shot
|
|-heal|p1a: Kyurem|69/100|[from] item: Leftovers
|upkeep
|turn|33
|
|t:|1759068988
|move|p1a: Kyurem|Protect|p1a: Kyurem
|-singleturn|p1a: Kyurem|Protect
|move|p2a: Latios|Draco Meteor|p1a: Kyurem
|-activate|p1a: Kyurem|move: Protect
|
|-heal|p1a: Kyurem|75/100|[from] item: Leftovers
|upkeep
|turn|34
|
|t:|1759069013
|switch|p1a: Landorus|Landorus-Therian, M|66/100
|-ability|p1a: Landorus|Intimidate|boost
|-unboost|p2a: Latios|atk|1
|move|p2a: Latios|Draco Meteor|p1a: Landorus
|-damage|p1a: Landorus|0 fnt
|-unboost|p2a: Latios|spa|2
|faint|p1a: Landorus
|
|upkeep
|
|t:|1759069016
|switch|p1a: Zamazenta|Zamazenta|29/100
|-damage|p1a: Zamazenta|17/100|[from] Spikes
|turn|35
|
|t:|1759069037
|move|p1a: Zamazenta|Iron Defense|p1a: Zamazenta
|-boost|p1a: Zamazenta|def|2
|move|p2a: Latios|Psychic Noise|p1a: Zamazenta
|-supereffective|p1a: Zamazenta
|-damage|p1a: Zamazenta|0 fnt
|faint|p1a: Zamazenta
|
|upkeep
|
|t:|1759069041
|switch|p1a: Kyurem|Kyurem, tera:Ground|75/100
|-damage|p1a: Kyurem|63/100|[from] Spikes
|-ability|p1a: Kyurem|Pressure
|turn|36
|
|t:|1759069050
|move|p2a: Latios|Draco Meteor|p1a: Kyurem
|-damage|p1a: Kyurem|20/100
|-unboost|p2a: Latios|spa|2
|move|p1a: Kyurem|Freeze-Dry|p2a: Latios
|-supereffective|p2a: Latios
|-damage|p2a: Latios|0 fnt
|faint|p2a: Latios
|
|-heal|p1a: Kyurem|26/100|[from] item: Leftovers
|upkeep
|
|t:|1759069053
|switch|p2a: Kingambit|Kingambit, F, tera:Dark|50/100
|-activate|p2a: Kingambit|ability: Supreme Overlord
|-start|p2a: Kingambit|fallen2|[silent]
|turn|37
|
|t:|1759069057
|move|p1a: Kyurem|Protect|p1a: Kyurem
|-singleturn|p1a: Kyurem|Protect
|move|p2a: Kingambit|Low Kick|p1a: Kyurem
|-activate|p1a: Kyurem|move: Protect
|
|-heal|p1a: Kyurem|32/100|[from] item: Leftovers
|upkeep
|turn|38
|
|t:|1759069062
|move|p1a: Kyurem|Substitute|p1a: Kyurem
|-start|p1a: Kyurem|Substitute
|-damage|p1a: Kyurem|7/100
|move|p2a: Kingambit|Low Kick|p1a: Kyurem
|-end|p1a: Kyurem|Substitute
|
|-heal|p1a: Kyurem|13/100|[from] item: Leftovers
|upkeep
|turn|39
|
|t:|1759069067
|move|p1a: Kyurem|Protect|p1a: Kyurem
|-singleturn|p1a: Kyurem|Protect
|move|p2a: Kingambit|Low Kick|p1a: Kyurem
|-activate|p1a: Kyurem|move: Protect
|
|-heal|p1a: Kyurem|20/100|[from] item: Leftovers
|upkeep
|turn|40
|c|☆snoosy chan|gg
|
|t:|1759069070
|move|p1a: Kyurem|Earth Power|p2a: Kingambit
|-damage|p2a: Kingambit|0 fnt
|faint|p2a: Kingambit
|-end|p2a: Kingambit|fallen2|[silent]
|
|-heal|p1a: Kyurem|26/100|[from] item: Leftovers
|upkeep
|c|☆spotifytweaks|gg
|
|t:|1759069074
|switch|p2a: Alomomola|Alomomola, F|100/100
|turn|41
|c|☆spotifytweaks|shi
|
|t:|1759069079
|move|p1a: Kyurem|Protect|p1a: Kyurem
|-singleturn|p1a: Kyurem|Protect
|move|p2a: Alomomola|Flip Turn|p1a: Kyurem
|-activate|p1a: Kyurem|move: Protect
|
|-heal|p1a: Kyurem|32/100|[from] item: Leftovers
|upkeep
|turn|42
|c|☆spotifytweaks|no wa
|
|t:|1759069088
|move|p1a: Kyurem|Freeze-Dry|p2a: Alomomola
|-supereffective|p2a: Alomomola
|-damage|p2a: Alomomola|39/100
|move|p2a: Alomomola|Flip Turn|p1a: Kyurem
|-supereffective|p1a: Kyurem
|-damage|p1a: Kyurem|1/100
|
|t:|1759069097
|switch|p2a: Ting-Lu|Ting-Lu|43/100 brn|[from] Flip Turn
|-ability|p2a: Ting-Lu|Vessel of Ruin
|
|-heal|p1a: Kyurem|7/100|[from] item: Leftovers
|-heal|p2a: Ting-Lu|49/100 brn|[from] item: Leftovers
|-damage|p2a: Ting-Lu|43/100 brn|[from] brn
|upkeep
|turn|43
|
|t:|1759069101
|move|p1a: Kyurem|Protect|p1a: Kyurem
|-singleturn|p1a: Kyurem|Protect
|move|p2a: Ting-Lu|Earthquake|p1a: Kyurem
|-activate|p1a: Kyurem|move: Protect
|
|-heal|p1a: Kyurem|13/100|[from] item: Leftovers
|-heal|p2a: Ting-Lu|49/100 brn|[from] item: Leftovers
|-damage|p2a: Ting-Lu|43/100 brn|[from] brn
|upkeep
|turn|44
|
|t:|1759069103
|move|p1a: Kyurem|Freeze-Dry|p2a: Ting-Lu
|-supereffective|p2a: Ting-Lu
|-damage|p2a: Ting-Lu|13/100 brn
|move|p2a: Ting-Lu|Earthquake|p1a: Kyurem
|-damage|p1a: Kyurem|0 fnt
|faint|p1a: Kyurem
|
|win|spotifytweaks
