|j|☆kshuaib734
|j|☆apotato135
|t:|1759021310
|gametype|singles
|player|p1|kshuaib734|steven|1608
|player|p2|apotato135|swimmer-gen4dp|1604
|gen|9
|tier|[Gen 9] OU
|rated|
|rule|HP Percentage Mod: HP is shown in percentages
|rule|Endless Battle Clause: Forcing endless battles is banned
|rule|Species Clause: Limit one of each Pokémon
|rule|OHKO Clause: OHKO moves are banned
|rule|Evasion Items Clause: Evasion items are banned
|rule|Evasion Moves Clause: Evasion moves are banned
|rule|Evasion Abilities Clause: Evasion abilities are banned
|rule|Sleep Moves Clause: Sleep-inducing moves are banned
|clearpoke
|poke|p1|Tyranitar, F|
|poke|p1|Overqwil, F|
|poke|p1|Pelipper, F|
|poke|p1|Quaquaval, F|
|poke|p1|Greninja-*, F|
|poke|p1|Excadrill, F|
|poke|p2|Ninetales-Alola, M|
|poke|p2|Kyurem|
|poke|p2|Primeape, F|
|poke|p2|Enamorus, F|
|poke|p2|Moltres-Galar|
|poke|p2|Iron Treads|
|teampreview
|inactive|Battle timer is ON: inactive players will automatically lose when time's up. (requested by kshuaib734)
|
|t:|1759021333
|teamsize|p1|6
|teamsize|p2|6
|start
|switch|p1a: King Tyrant|Tyranitar, F|100/100
|switch|p2a: Iron Treads|Iron Treads|100/100
|-weather|Sandstorm|[from] ability: Sand Stream|[of] p1a: King Tyrant
|-enditem|p2a: Iron Treads|Booster Energy
|-activate|p2a: Iron Treads|ability: Quark Drive|[fromitem]
|-start|p2a: Iron Treads|quarkdrivespe
|turn|1
|
|t:|1759021343
|move|p2a: Iron Treads|Stealth Rock|p1a: King Tyrant
|-sidestart|p1: kshuaib734|move: Stealth Rock
|move|p1a: King Tyrant|Stealth Rock|p2a: Iron Treads
|-sidestart|p2: apotato135|move: Stealth Rock
|
|-weather|Sandstorm|[upkeep]
|upkeep
|turn|2
|
|t:|1759021350
|-terastallize|p1a: King Tyrant|Ghost
|move|p2a: Iron Treads|Rapid Spin|p1a: King Tyrant
|-immune|p1a: King Tyrant
|move|p1a: King Tyrant|Ice Beam|p2a: Iron Treads
|-damage|p2a: Iron Treads|66/100
|
|-weather|Sandstorm|[upkeep]
|-damage|p1a: King Tyrant|94/100|[from] Sandstorm
|upkeep
|turn|3
|
|t:|1759021369
|-end|p2a: Iron Treads|Quark Drive|[silent]
|switch|p2a: Primeape|Primeape, F|100/100
|-damage|p2a: Primeape|94/100|[from] Stealth Rock
|move|p1a: King Tyrant|Knock Off|p2a: Primeape
|-resisted|p2a: Primeape
|-damage|p2a: Primeape|72/100
|-enditem|p2a: Primeape|Eviolite|[from] move: Knock Off|[of] p1a: King Tyrant
|
|-weather|Sandstorm|[upkeep]
|-damage|p2a: Primeape|66/100|[from] Sandstorm
|-damage|p1a: King Tyrant|88/100|[from] Sandstorm
|upkeep
|turn|4
|
|t:|1759021388
|move|p2a: Primeape|Bulk Up|p2a: Primeape
|-boost|p2a: Primeape|atk|1
|-boost|p2a: Primeape|def|1
|move|p1a: King Tyrant|Thunderbolt|p2a: Primeape
|-damage|p2a: Primeape|42/100
|-status|p2a: Primeape|par
|
|-weather|Sandstorm|[upkeep]
|-damage|p1a: King Tyrant|82/100|[from] Sandstorm
|-damage|p2a: Primeape|36/100 par|[from] Sandstorm
|upkeep
|turn|5
|
|t:|1759021398
|switch|p1a: Tyrant's Downpour|Pelipper, F|100/100
|-damage|p1a: Tyrant's Downpour|75/100|[from] Stealth Rock
|-weather|RainDance|[from] ability: Drizzle|[of] p1a: Tyrant's Downpour
|move|p2a: Primeape|Rage Fist|p1a: Tyrant's Downpour
|-damage|p1a: Tyrant's Downpour|35/100
|
|-weather|RainDance|[upkeep]
|upkeep
|turn|6
|
|t:|1759021422
|move|p1a: Tyrant's Downpour|U-turn|p2a: Primeape
|-resisted|p2a: Primeape
|-damage|p2a: Primeape|31/100 par
|
|t:|1759021425
|switch|p1a: Tyrant's Enforcer|Overqwil, F|100/100|[from] U-turn
|-damage|p1a: Tyrant's Enforcer|88/100|[from] Stealth Rock
|move|p2a: Primeape|Rage Fist|p1a: Tyrant's Enforcer
|-resisted|p1a: Tyrant's Enforcer
|-damage|p1a: Tyrant's Enforcer|53/100
|-damage|p2a: Primeape|15/100 par|[from] item: Rocky Helmet|[of] p1a: Tyrant's Enforcer
|
|-weather|RainDance|[upkeep]
|upkeep
|turn|7
|
|t:|1759021435
|move|p1a: Tyrant's Enforcer|Spikes|p2a: Primeape
|-sidestart|p2: apotato135|Spikes
|cant|p2a: Primeape|par
|
|-weather|RainDance|[upkeep]
|upkeep
|turn|8
|
|t:|1759021443
|move|p1a: Tyrant's Enforcer|Liquidation|p2a: Primeape
|-damage|p2a: Primeape|0 fnt
|faint|p2a: Primeape
|
|-weather|RainDance|[upkeep]
|upkeep
|
|t:|1759021461
|switch|p2a: Iron Treads|Iron Treads|66/100
|-damage|p2a: Iron Treads|63/100|[from] Stealth Rock
|-damage|p2a: Iron Treads|51/100|[from] Spikes
|turn|9
|
|t:|1759021467
|move|p1a: Tyrant's Enforcer|Liquidation|p2a: Iron Treads
|-supereffective|p2a: Iron Treads
|-damage|p2a: Iron Treads|0 fnt
|faint|p2a: Iron Treads
|-end|p2a: Iron Treads|Quark Drive|[silent]
|
|-weather|RainDance|[upkeep]
|upkeep
|
|t:|1759021473
|switch|p2a: Kyurem|Kyurem|100/100
|-damage|p2a: Kyurem|76/100|[from] Stealth Rock
|-damage|p2a: Kyurem|63/100|[from] Spikes
|-ability|p2a: Kyurem|Pressure
|turn|10
|
|t:|1759021480
|move|p1a: Tyrant's Enforcer|Crunch|p2a: Kyurem
|-damage|p2a: Kyurem|26/100
|move|p2a: Kyurem|Dragon Dance|p2a: Kyurem
|-boost|p2a: Kyurem|atk|1
|-boost|p2a: Kyurem|spe|1
|
|-weather|RainDance|[upkeep]
|upkeep
|turn|11
|
|t:|1759021487
|move|p2a: Kyurem|Scale Shot|p1a: Tyrant's Enforcer
|-damage|p1a: Tyrant's Enforcer|33/100
|-damage|p1a: Tyrant's Enforcer|11/100
|-damage|p1a: Tyrant's Enforcer|0 fnt
|faint|p1a: Tyrant's Enforcer
|-hitcount|p1: Tyrant's Enforcer|3
|-unboost|p2a: Kyurem|def|1
|-boost|p2a: Kyurem|spe|1
|
|-weather|RainDance|[upkeep]
|upkeep
|
|t:|1759021500
|switch|p1a: Tyrant's Endgame|Quaquaval, F|100/100
|-damage|p1a: Tyrant's Endgame|94/100|[from] Stealth Rock
|turn|12
|
|t:|1759021506
|-terastallize|p2a: Kyurem|Electric
|move|p1a: Tyrant's Endgame|Aqua Jet|p2a: Kyurem
|-damage|p2a: Kyurem|0 fnt
|faint|p2a: Kyurem
|-ability|p1a: Tyrant's Endgame|Moxie|boost
|-boost|p1a: Tyrant's Endgame|atk|1
|
|-weather|none
|upkeep
|
|t:|1759021513
|switch|p2a: Moltres|Moltres-Galar|100/100
|-damage|p2a: Moltres|76/100|[from] Stealth Rock
|turn|13
|
|t:|1759021523
|move|p1a: Tyrant's Endgame|Aqua Jet|p2a: Moltres
|-crit|p2a: Moltres
|-damage|p2a: Moltres|2/100
|-ability|p2a: Moltres|Berserk|boost
|-boost|p2a: Moltres|spa|1
|-enditem|p2a: Moltres|Sitrus Berry|[eat]
|-heal|p2a: Moltres|27/100|[from] item: Sitrus Berry
|move|p2a: Moltres|Agility|p2a: Moltres
|-boost|p2a: Moltres|spe|2
|
|upkeep
|turn|14
|
|t:|1759021533
|move|p1a: Tyrant's Endgame|Aqua Jet|p2a: Moltres
|-damage|p2a: Moltres|0 fnt
|faint|p2a: Moltres
|-ability|p1a: Tyrant's Endgame|Moxie|boost
|-boost|p1a: Tyrant's Endgame|atk|1
|
|upkeep
|-message|apotato135 forfeited.
|
|win|kshuaib734
|raw|kshuaib734's rating: 1608 &rarr; <strong>1628</strong><br />(+20 for winning)
|raw|apotato135's rating: 1604 &rarr; <strong>1584</strong><br />(-20 for losing)
|l|☆apotato135
|player|p2|
|l|☆kshuaib734
|player|p1|
|j| Nikator98
