|j|☆TheSoullessSeeker
|j|☆Yishtola
|t:|1759046465
|gametype|singles
|player|p1|TheSoullessSeeker|ghetsis|1124
|player|p2|Yishtola|whitney|1044
|gen|9
|tier|[Gen 9] OU
|rated|
|rule|HP Percentage Mod: HP is shown in percentages
|rule|Endless Battle Clause: Forcing endless battles is banned
|rule|Species Clause: Limit one of each Pokémon
|rule|OHKO Clause: OHKO moves are banned
|rule|Evasion Items Clause: Evasion items are banned
|rule|Evasion Moves Clause: Evasion moves are banned
|rule|Evasion Abilities Clause: Evasion abilities are banned
|rule|Sleep Moves Clause: Sleep-inducing moves are banned
|clearpoke
|poke|p1|Ogerpon-Wellspring, F|
|poke|p1|Kingambit, M|
|poke|p1|Landorus-Therian, M|
|poke|p1|Glimmora, F|
|poke|p1|Dragapult, M|
|poke|p1|Iron Valiant|
|poke|p2|Slowbro-Galar, F|
|poke|p2|Noivern, F|
|poke|p2|Lokix, F|
|poke|p2|Scyther, M|
|poke|p2|Forretress, F|
|poke|p2|Vaporeon, F|
|teampreview
|inactive|Battle timer is ON: inactive players will automatically lose when time's up. (requested by Yishtola)
|
|t:|1759046475
|teamsize|p1|6
|teamsize|p2|6
|start
|switch|p1a: Dragapult|Dragapult, M|100/100
|switch|p2a: Lokix|Lokix, F, shiny|100/100
|turn|1
|
|t:|1759046485
|switch|p1a: Glimmora|Glimmora, F|100/100
|move|p2a: Lokix|First Impression|p1a: Glimmora
|-resisted|p1a: Glimmora
|-damage|p1a: Glimmora|30/100
|-activate|p1a: Glimmora|ability: Toxic Debris
|-sidestart|p2: Yishtola|move: Toxic Spikes
|-damage|p2a: Lokix|91/100|[from] item: Life Orb
|
|upkeep
|turn|2
|
|t:|1759046495
|move|p2a: Lokix|Knock Off|p1a: Glimmora
|-damage|p1a: Glimmora|0 fnt
|-activate|p1a: Glimmora|ability: Toxic Debris
|-sidestart|p2: Yishtola|move: Toxic Spikes
|-enditem|p1a: Glimmora|Power Herb|[from] move: Knock Off|[of] p2a: Lokix
|faint|p1a: Glimmora
|-damage|p2a: Lokix|81/100|[from] item: Life Orb
|
|upkeep
|
|t:|1759046506
|switch|p1a: Landorus|Landorus-Therian, M|100/100
|-ability|p1a: Landorus|Intimidate|boost
|-unboost|p2a: Lokix|atk|1
|turn|3
|
|t:|1759046510
|switch|p2a: Forretress|Forretress, F, shiny|100/100
|move|p1a: Landorus|U-turn|p2a: Forretress
|-resisted|p2a: Forretress
|-damage|p2a: Forretress|93/100
|
|t:|1759046515
|switch|p1a: Dragapult|Dragapult, M|100/100|[from] U-turn
|
|upkeep
|turn|4
|
|t:|1759046520
|move|p1a: Dragapult|Flamethrower|p2a: Forretress
|-supereffective|p2a: Forretress
|-damage|p2a: Forretress|0 fnt
|faint|p2a: Forretress
|
|upkeep
|
|t:|1759046525
|switch|p2a: Slowbro|Slowbro-Galar, F|100/100
|-sideend|p2: Yishtola|move: Toxic Spikes|[of] p2a: Slowbro
|turn|5
|
|t:|1759046543
|move|p1a: Dragapult|Flamethrower|p2a: Slowbro
|-damage|p2a: Slowbro|53/100
|move|p2a: Slowbro|Shell Side Arm|p1a: Dragapult|[anim] Shell Side Arm Special
|-resisted|p1a: Dragapult
|-damage|p1a: Dragapult|69/100
|-hint|Special Shell Side Arm
|-status|p1a: Dragapult|psn
|
|-heal|p2a: Slowbro|59/100|[from] item: Leftovers
|-damage|p1a: Dragapult|57/100 psn|[from] psn
|upkeep
|turn|6
|
|t:|1759046556
|switch|p1a: Landorus|Landorus-Therian, M|100/100
|-ability|p1a: Landorus|Intimidate|boost
|-unboost|p2a: Slowbro|atk|1
|move|p2a: Slowbro|Blizzard|p1a: Landorus|[miss]
|-miss|p2a: Slowbro|p1a: Landorus
|
|-heal|p2a: Slowbro|65/100|[from] item: Leftovers
|upkeep
|turn|7
|-activate|p2a: Slowbro|ability: Quick Draw
|
|t:|1759046568
|move|p2a: Slowbro|Blizzard|p1a: Landorus
|-supereffective|p1a: Landorus
|-damage|p1a: Landorus|0 fnt
|faint|p1a: Landorus
|
|-heal|p2a: Slowbro|71/100|[from] item: Leftovers
|upkeep
|c|☆TheSoullessSeeker|OMFG
|
|t:|1759046578
|switch|p1a: Ogerpon|Ogerpon-Wellspring, F|100/100
|turn|8
|
|t:|1759046583
|move|p1a: Ogerpon|Ivy Cudgel|p2a: Slowbro|[anim] Ivy Cudgel Water
|-damage|p2a: Slowbro|13/100
|move|p2a: Slowbro|Grass Knot|p1a: Ogerpon
|-damage|p1a: Ogerpon|80/100
|
|-heal|p2a: Slowbro|19/100|[from] item: Leftovers
|upkeep
|turn|9
|
|t:|1759046593
|move|p1a: Ogerpon|Ivy Cudgel|p2a: Slowbro|[anim] Ivy Cudgel Water
|-crit|p2a: Slowbro
|-damage|p2a: Slowbro|0 fnt
|faint|p2a: Slowbro
|
|upkeep
|
|t:|1759046598
|switch|p2a: Lokix|Lokix, F, shiny|81/100
|turn|10
|
|t:|1759046605
|switch|p1a: Iron Valiant|Iron Valiant|100/100
|-enditem|p1a: Iron Valiant|Booster Energy
|-activate|p1a: Iron Valiant|ability: Quark Drive|[fromitem]
|-start|p1a: Iron Valiant|quarkdrivespe
|move|p2a: Lokix|First Impression|p1a: Iron Valiant
|-resisted|p1a: Iron Valiant
|-damage|p1a: Iron Valiant|66/100
|-damage|p2a: Lokix|71/100|[from] item: Life Orb
|
|upkeep
|turn|11
|
|t:|1759046615
|move|p1a: Iron Valiant|Spirit Break|p2a: Lokix
|-supereffective|p2a: Lokix
|-damage|p2a: Lokix|0 fnt
|faint|p2a: Lokix
|
|upkeep
|
|t:|1759046621
|switch|p2a: Noivern|Noivern, F, shiny|100/100
|turn|12
|
|t:|1759046624
|-terastallize|p2a: Noivern|Normal
|move|p1a: Iron Valiant|Spirit Break|p2a: Noivern
|-damage|p2a: Noivern|52/100
|-unboost|p2a: Noivern|spa|1
|move|p2a: Noivern|Boomburst|p1a: Iron Valiant
|-damage|p1a: Iron Valiant|2/100
|-enditem|p2a: Noivern|Throat Spray
|-boost|p2a: Noivern|spa|1|[from] item: Throat Spray
|
|upkeep
|turn|13
|
|t:|1759046637
|move|p1a: Iron Valiant|Spirit Break|p2a: Noivern
|-damage|p2a: Noivern|3/100
|-unboost|p2a: Noivern|spa|1
|move|p2a: Noivern|Boomburst|p1a: Iron Valiant
|-damage|p1a: Iron Valiant|0 fnt
|faint|p1a: Iron Valiant
|-end|p1a: Iron Valiant|Quark Drive|[silent]
|
|upkeep
|inactive|TheSoullessSeeker has 120 seconds left.
|c|☆Yishtola|I'm probably gonna lose gg
|inactive|TheSoullessSeeker has 90 seconds left.
|inactive|TheSoullessSeeker has 60 seconds left.
|inactive|TheSoullessSeeker has 30 seconds left.
|inactive|TheSoullessSeeker has 20 seconds left.
|
|t:|1759046770
|switch|p1a: Dragapult|Dragapult, M|57/100 psn
|turn|14
|inactive|TheSoullessSeeker has 30 seconds left this turn.
|c|☆TheSoullessSeeker|Oops
|c|☆TheSoullessSeeker|I am sorry
|inactive|TheSoullessSeeker has 20 seconds left.
|c|☆TheSoullessSeeker|I forgot I still have the match
|inactive|TheSoullessSeeker has 15 seconds left.
|
|t:|1759046786
|move|p1a: Dragapult|U-turn|p2a: Noivern
|-damage|p2a: Noivern|0 fnt
|faint|p2a: Noivern
|inactive|TheSoullessSeeker has 20 seconds left this turn.
|
|t:|1759046790
|switch|p1a: Ogerpon|Ogerpon-Wellspring, F|80/100|[from] U-turn
|
|upkeep
|
|t:|1759046795
|switch|p2a: Scyther|Scyther, M, shiny|100/100
|turn|15
|
|t:|1759046800
|move|p1a: Ogerpon|Ivy Cudgel|p2a: Scyther|[anim] Ivy Cudgel Water
|-damage|p2a: Scyther|57/100
|move|p2a: Scyther|Dual Wingbeat|p1a: Ogerpon|[miss]
|-miss|p2a: Scyther|p1a: Ogerpon
|
|upkeep
|turn|16
|
|t:|1759046815
|move|p1a: Ogerpon|Ivy Cudgel|p2a: Scyther|[anim] Ivy Cudgel Water
|-damage|p2a: Scyther|10/100
|move|p2a: Scyther|Dual Wingbeat|p1a: Ogerpon
|-supereffective|p1a: Ogerpon
|-damage|p1a: Ogerpon|8/100
|-supereffective|p1a: Ogerpon
|-damage|p1a: Ogerpon|0 fnt
|faint|p1a: Ogerpon
|-hitcount|p1: Ogerpon|2
|
|upkeep
|
|t:|1759046828
|switch|p1a: Dragapult|Dragapult, M|57/100 psn
|turn|17
|
|t:|1759046833
|move|p1a: Dragapult|U-turn|p2a: Scyther
|-resisted|p2a: Scyther
|-damage|p2a: Scyther|3/100
|
|t:|1759046836
|switch|p1a: Kingambit|Kingambit, M|100/100|[from] U-turn
|-activate|p1a: Kingambit|ability: Supreme Overlord
|-start|p1a: Kingambit|fallen4|[silent]
|move|p2a: Scyther|Dual Wingbeat|p1a: Kingambit|[miss]
|-miss|p2a: Scyther|p1a: Kingambit
|
|upkeep
|turn|18
|
|t:|1759046846
|move|p1a: Kingambit|Sucker Punch|p2a: Scyther
|-damage|p2a: Scyther|0 fnt
|faint|p2a: Scyther
|
|upkeep
|
|t:|1759046849
|switch|p2a: Vaporeon|Vaporeon, F, shiny|100/100
|turn|19
|
|t:|1759046853
|move|p2a: Vaporeon|Scald|p1a: Kingambit
|-damage|p1a: Kingambit|69/100
|move|p1a: Kingambit|Swords Dance|p1a: Kingambit
|-boost|p1a: Kingambit|atk|2
|
|-heal|p1a: Kingambit|75/100|[from] item: Leftovers
|upkeep
|turn|20
|
|t:|1759046859
|move|p1a: Kingambit|Sucker Punch|p2a: Vaporeon
|-damage|p2a: Vaporeon|0 fnt
|faint|p2a: Vaporeon
|
|win|TheSoullessSeeker
|raw|TheSoullessSeeker's rating: 1124 &rarr; <strong>1143</strong><br />(+19 for winning)
|raw|Yishtola's rating: 1044 &rarr; <strong>1031</strong><br />(-13 for losing)
|l|☆Yishtola
|player|p2|
