|j|☆YumeKasumi76
|j|☆Kermanoui
|t:|1759057847
|gametype|singles
|player|p1|YumeKasumi76|265|1418
|player|p2|Kermanoui|2|1408
|gen|9
|tier|[Gen 9] OU
|rated|
|rule|HP Percentage Mod: HP is shown in percentages
|rule|Endless Battle Clause: Forcing endless battles is banned
|rule|Species Clause: Limit one of each Pokémon
|rule|OHKO Clause: OHKO moves are banned
|rule|Evasion Items Clause: Evasion items are banned
|rule|Evasion Moves Clause: Evasion moves are banned
|rule|Evasion Abilities Clause: Evasion abilities are banned
|rule|Sleep Moves Clause: Sleep-inducing moves are banned
|clearpoke
|poke|p1|Cobalion|
|poke|p1|Weezing-Galar, M|
|poke|p1|Lokix, F|
|poke|p1|Arboliva, M|
|poke|p1|Ceruledge, F|
|poke|p1|Latios, M|
|poke|p2|Cinderace, M|
|poke|p2|Darkrai|
|poke|p2|Landorus-Therian, M|
|poke|p2|Zamazenta-*|
|poke|p2|Pecharunt|
|poke|p2|Primarina, M|
|teampreview
|inactive|Battle timer is ON: inactive players will automatically lose when time's up. (requested by Kermanoui)
|
|t:|1759057876
|teamsize|p1|6
|teamsize|p2|6
|start
|switch|p1a: Jalter|Ceruledge, F|100/100
|switch|p2a: Cinderace|Cinderace, M|100/100
|turn|1
|
|t:|1759057879
|move|p2a: Cinderace|U-turn|p1a: Jalter
|-start|p2a: Cinderace|typechange|Bug|[from] ability: Libero
|-resisted|p1a: Jalter
|-damage|p1a: Jalter|90/100
|
|t:|1759057883
|switch|p2a: Landorus|Landorus-Therian, M|100/100|[from] U-turn
|-ability|p2a: Landorus|Intimidate|boost
|-unboost|p1a: Jalter|atk|1
|move|p1a: Jalter|Bulk Up|p1a: Jalter
|-boost|p1a: Jalter|atk|1
|-boost|p1a: Jalter|def|1
|
|-heal|p1a: Jalter|96/100|[from] item: Leftovers
|upkeep
|turn|2
|
|t:|1759057892
|move|p2a: Landorus|Stealth Rock|p1a: Jalter
|-sidestart|p1: YumeKasumi76|move: Stealth Rock
|move|p1a: Jalter|Bitter Blade|p2a: Landorus
|-damage|p2a: Landorus|58/100
|-heal|p1a: Jalter|100/100|[from] drain|[of] p2a: Landorus
|
|upkeep
|turn|3
|
|t:|1759057899
|switch|p2a: Cinderace|Cinderace, M|100/100
|move|p1a: Jalter|Bitter Blade|p2a: Cinderace
|-resisted|p2a: Cinderace
|-damage|p2a: Cinderace|72/100
|
|upkeep
|turn|4
|
|t:|1759057903
|move|p2a: Cinderace|U-turn|p1a: Jalter
|-start|p2a: Cinderace|typechange|Bug|[from] ability: Libero
|-resisted|p1a: Jalter
|-damage|p1a: Jalter|94/100
|
|t:|1759057905
|switch|p2a: Landorus|Landorus-Therian, M|58/100|[from] U-turn
|-ability|p2a: Landorus|Intimidate|boost
|-unboost|p1a: Jalter|atk|1
|move|p1a: Jalter|Bulk Up|p1a: Jalter
|-boost|p1a: Jalter|atk|1
|-boost|p1a: Jalter|def|1
|
|-heal|p1a: Jalter|99/100|[from] item: Leftovers
|upkeep
|turn|5
|
|t:|1759057909
|move|p2a: Landorus|Earthquake|p1a: Jalter
|-supereffective|p1a: Jalter
|-damage|p1a: Jalter|35/100
|move|p1a: Jalter|Bulk Up|p1a: Jalter
|-boost|p1a: Jalter|atk|1
|-boost|p1a: Jalter|def|1
|
|-heal|p1a: Jalter|41/100|[from] item: Leftovers
|upkeep
|turn|6
|
|t:|1759057918
|-terastallize|p1a: Jalter|Grass
|move|p2a: Landorus|Earthquake|p1a: Jalter
|-resisted|p1a: Jalter
|-damage|p1a: Jalter|27/100
|move|p1a: Jalter|Bitter Blade|p2a: Landorus
|-damage|p2a: Landorus|0 fnt
|-heal|p1a: Jalter|54/100|[from] drain|[of] p2a: Landorus
|faint|p2a: Landorus
|
|-heal|p1a: Jalter|60/100|[from] item: Leftovers
|upkeep
|
|t:|1759057921
|switch|p2a: Pecharunt|Pecharunt|100/100
|turn|7
|
|t:|1759057926
|move|p2a: Pecharunt|Malignant Chain|p1a: Jalter
|-supereffective|p1a: Jalter
|-damage|p1a: Jalter|13/100
|move|p1a: Jalter|Poltergeist|p2a: Pecharunt
|-activate|p2a: Pecharunt|move: Poltergeist|Heavy-Duty Boots
|-supereffective|p2a: Pecharunt
|-damage|p2a: Pecharunt|18/100
|
|-heal|p1a: Jalter|19/100|[from] item: Leftovers
|upkeep
|turn|8
|
|t:|1759057931
|move|p1a: Jalter|Shadow Sneak|p2a: Pecharunt
|-supereffective|p2a: Pecharunt
|-damage|p2a: Pecharunt|0 fnt
|faint|p2a: Pecharunt
|
|-heal|p1a: Jalter|25/100|[from] item: Leftovers
|upkeep
|
|t:|1759057935
|switch|p2a: Darkrai|Darkrai|100/100
|turn|9
|
|t:|1759057940
|switch|p1a: Pantheon|Arboliva, M|100/100
|-damage|p1a: Pantheon|88/100|[from] Stealth Rock
|move|p2a: Darkrai|Dark Pulse|p1a: Pantheon
|-damage|p1a: Pantheon|64/100
|-fieldstart|move: Grassy Terrain|[from] ability: Seed Sower|[of] p1a: Pantheon
|
|-heal|p1a: Pantheon|70/100|[from] Grassy Terrain
|upkeep
|turn|10
|
|t:|1759057943
|move|p2a: Darkrai|Sludge Bomb|p1a: Pantheon
|-supereffective|p1a: Pantheon
|-damage|p1a: Pantheon|38/100
|move|p1a: Pantheon|Earth Power|p2a: Darkrai
|-damage|p2a: Darkrai|59/100
|
|-heal|p2a: Darkrai|65/100|[from] Grassy Terrain
|-heal|p1a: Pantheon|44/100|[from] Grassy Terrain
|upkeep
|turn|11
|
|t:|1759057947
|switch|p1a: Ironhyde|Cobalion|100/100
|-damage|p1a: Ironhyde|98/100|[from] Stealth Rock
|move|p2a: Darkrai|Sludge Bomb|p1a: Ironhyde
|-immune|p1a: Ironhyde
|
|-heal|p2a: Darkrai|71/100|[from] Grassy Terrain
|-heal|p1a: Ironhyde|100/100|[from] Grassy Terrain
|upkeep
|turn|12
|
|t:|1759057950
|move|p2a: Darkrai|Focus Blast|p1a: Ironhyde
|-supereffective|p1a: Ironhyde
|-damage|p1a: Ironhyde|0 fnt
|faint|p1a: Ironhyde
|
|-heal|p2a: Darkrai|77/100|[from] Grassy Terrain
|upkeep
|
|t:|1759057952
|switch|p1a: Satsuki|Lokix, F, shiny|100/100
|-damage|p1a: Satsuki|76/100|[from] Stealth Rock
|turn|13
|
|t:|1759057960
|switch|p2a: Cinderace|Cinderace, M|72/100
|move|p1a: Satsuki|U-turn|p2a: Cinderace
|-resisted|p2a: Cinderace
|-crit|p2a: Cinderace
|-damage|p2a: Cinderace|0 fnt
|faint|p2a: Cinderace
|
|t:|1759057963
|switch|p1a: M'affald|Weezing-Galar, M|100/100|[from] U-turn
|-ability|p1a: M'affald|Neutralizing Gas
|
|-fieldend|move: Grassy Terrain
|upkeep
|
|t:|1759057970
|switch|p2a: Zamazenta|Zamazenta|100/100
|turn|14
|
|t:|1759057973
|move|p2a: Zamazenta|Heavy Slam|p1a: M'affald
|-supereffective|p1a: M'affald
|-damage|p1a: M'affald|50/100
|move|p1a: M'affald|Will-O-Wisp|p2a: Zamazenta
|-status|p2a: Zamazenta|brn
|
|-damage|p2a: Zamazenta|94/100 brn|[from] brn
|upkeep
|turn|15
|
|t:|1759057980
|move|p2a: Zamazenta|Heavy Slam|p1a: M'affald
|-supereffective|p1a: M'affald
|-damage|p1a: M'affald|24/100
|move|p1a: M'affald|Pain Split|p2a: Zamazenta
|-sethp|p2a: Zamazenta|60/100 brn|[from] move: Pain Split|[silent]
|-sethp|p1a: M'affald|58/100|[from] move: Pain Split
|
|-damage|p2a: Zamazenta|53/100 brn|[from] brn
|upkeep
|turn|16
|
|t:|1759057988
|move|p2a: Zamazenta|Heavy Slam|p1a: M'affald
|-supereffective|p1a: M'affald
|-damage|p1a: M'affald|31/100
|move|p1a: M'affald|Defog|p2a: Zamazenta
|-unboost|p2a: Zamazenta|evasion|1
|-sideend|p1: YumeKasumi76|Stealth Rock|[from] move: Defog|[of] p1a: M'affald
|
|-damage|p2a: Zamazenta|47/100 brn|[from] brn
|upkeep
|turn|17
|
|t:|1759057995
|move|p2a: Zamazenta|Heavy Slam|p1a: M'affald
|-supereffective|p1a: M'affald
|-damage|p1a: M'affald|4/100
|move|p1a: M'affald|Sludge Bomb|p2a: Zamazenta
|-damage|p2a: Zamazenta|22/100 brn
|
|-damage|p2a: Zamazenta|16/100 brn|[from] brn
|upkeep
|turn|18
|
|t:|1759058001
|move|p2a: Zamazenta|Heavy Slam|p1a: M'affald
|-supereffective|p1a: M'affald
|-damage|p1a: M'affald|0 fnt
|faint|p1a: M'affald
|-end|p1a: M'affald|ability: Neutralizing Gas
|-ability|p2a: Zamazenta|Dauntless Shield|boost
|-boost|p2a: Zamazenta|def|1
|
|-damage|p2a: Zamazenta|10/100 brn|[from] brn
|upkeep
|
|t:|1759058002
|switch|p1a: Iverson|Latios, M|100/100
|turn|19
|
|t:|1759058005
|move|p1a: Iverson|Luster Purge|p2a: Zamazenta
|-supereffective|p2a: Zamazenta
|-damage|p2a: Zamazenta|0 fnt
|faint|p2a: Zamazenta
|
|upkeep
|
|t:|1759058008
|switch|p2a: Primarina|Primarina, M|100/100
|turn|20
|
|t:|1759058011
|switch|p1a: Pantheon|Arboliva, M|44/100
|move|p2a: Primarina|Moonblast|p1a: Pantheon
|-damage|p1a: Pantheon|17/100
|-fieldstart|move: Grassy Terrain|[from] ability: Seed Sower|[of] p1a: Pantheon
|
|-heal|p1a: Pantheon|23/100|[from] Grassy Terrain
|upkeep
|turn|21
|
|t:|1759058018
|move|p2a: Primarina|Moonblast|p1a: Pantheon
|-damage|p1a: Pantheon|0 fnt
|faint|p1a: Pantheon
|
|upkeep
|
|t:|1759058021
|switch|p1a: Jalter|Ceruledge, F, tera:Grass|25/100
|turn|22
|
|t:|1759058023
|move|p1a: Jalter|Poltergeist|p2a: Primarina
|-activate|p2a: Primarina|move: Poltergeist|Heavy-Duty Boots
|-damage|p2a: Primarina|32/100
|move|p2a: Primarina|Moonblast|p1a: Jalter
|-damage|p1a: Jalter|0 fnt
|faint|p1a: Jalter
|
|-heal|p2a: Primarina|38/100|[from] Grassy Terrain
|upkeep
|
|t:|1759058030
|switch|p1a: Satsuki|Lokix, F, shiny|76/100
|turn|23
|
|t:|1759058035
|move|p1a: Satsuki|U-turn|p2a: Primarina
|-resisted|p2a: Primarina
|-damage|p2a: Primarina|0 fnt
|faint|p2a: Primarina
|
|t:|1759058037
|switch|p1a: Iverson|Latios, M|100/100|[from] U-turn
|
|upkeep
|
|t:|1759058039
|switch|p2a: Darkrai|Darkrai|77/100
|turn|24
|
|t:|1759058041
|move|p1a: Iverson|Draco Meteor|p2a: Darkrai
|-damage|p2a: Darkrai|0 fnt
|-unboost|p1a: Iverson|spa|2
|faint|p2a: Darkrai
|
|win|YumeKasumi76
|raw|YumeKasumi76's rating: 1418 &rarr; <strong>1437</strong><br />(+19 for winning)
|raw|Kermanoui's rating: 1408 &rarr; <strong>1389</strong><br />(-19 for losing)
|l|☆Kermanoui
|player|p2|
|l|☆YumeKasumi76
|player|p1|
