|j|☆Jitomi
|j|☆Navoros
|t:|1758937977
|gametype|singles
|player|p1|Jitomi|psychicf-gen4|1175
|player|p2|Navoros|102|1169
|gen|9
|tier|[Gen 9] OU
|rated|
|rule|HP Percentage Mod: HP is shown in percentages
|rule|Endless Battle Clause: Forcing endless battles is banned
|rule|Species Clause: Limit one of each Pokémon
|rule|OHKO Clause: OHKO moves are banned
|rule|Evasion Items Clause: Evasion items are banned
|rule|Evasion Moves Clause: Evasion moves are banned
|rule|Evasion Abilities Clause: Evasion abilities are banned
|rule|Sleep Moves Clause: Sleep-inducing moves are banned
|clearpoke
|poke|p1|Vikavolt, F|
|poke|p1|Ogerpon-Cornerstone, F|
|poke|p1|Raging Bolt|
|poke|p1|Gholdengo|
|poke|p1|Crawdaunt, F|
|poke|p1|Garganacl, M|
|poke|p2|Kyurem|
|poke|p2|Alomomola, F|
|poke|p2|Rillaboom, M|
|poke|p2|Araquanid, M|
|poke|p2|Great Tusk|
|poke|p2|Tentacruel, M|
|teampreview
|c|☆Jitomi|glhf
|
|t:|1758938012
|teamsize|p1|6
|teamsize|p2|6
|start
|switch|p1a: XP-738|Vikavolt, F, shiny|100/100
|switch|p2a: Araquanid|Araquanid, M|100/100
|turn|1
|
|t:|1758938020
|move|p1a: XP-738|Sticky Web|p2a: Araquanid
|-sidestart|p2: Navoros|move: Sticky Web
|move|p2a: Araquanid|Sticky Web|p1a: XP-738
|-sidestart|p1: Jitomi|move: Sticky Web
|
|upkeep
|turn|2
|
|t:|1758938028
|move|p1a: XP-738|Thunder Wave|p2a: Araquanid
|-status|p2a: Araquanid|par
|move|p2a: Araquanid|Surf|p1a: XP-738
|-damage|p1a: XP-738|37/100
|
|upkeep
|turn|3
|
|t:|1758938033
|move|p1a: XP-738|Volt Switch|p2a: Araquanid
|-supereffective|p2a: Araquanid
|-damage|p2a: Araquanid|36/100 par
|
|t:|1758938042
|switch|p1a: Whirl|Raging Bolt|100/100|[from] Volt Switch
|-activate|p1a: Whirl|move: Sticky Web
|-unboost|p1a: Whirl|spe|1
|-enditem|p1a: Whirl|Booster Energy
|-activate|p1a: Whirl|ability: Protosynthesis|[fromitem]
|-start|p1a: Whirl|protosynthesisspa
|cant|p2a: Araquanid|par
|
|upkeep
|turn|4
|l|☆Navoros
|player|p2|
|j|☆Navoros
|player|p2|Navoros|102|
|inactive|Battle timer is ON: inactive players will automatically lose when time's up. (requested by Jitomi)
|
|t:|1758938132
|move|p2a: Araquanid|Endure|p2a: Araquanid
|-singleturn|p2a: Araquanid|move: Endure
|move|p1a: Whirl|Calm Mind|p1a: Whirl
|-boost|p1a: Whirl|spa|1
|-boost|p1a: Whirl|spd|1
|
|upkeep
|turn|5
|
|t:|1758938139
|move|p1a: Whirl|Thunderbolt|p2a: Araquanid
|-supereffective|p2a: Araquanid
|-damage|p2a: Araquanid|0 fnt
|faint|p2a: Araquanid
|
|upkeep
|
|t:|1758938147
|switch|p2a: Great Tusk|Great Tusk|100/100
|turn|6
|inactive|Jitomi has 120 seconds left.
|
|t:|1758938178
|-terastallize|p1a: Whirl|Bug
|move|p2a: Great Tusk|Rapid Spin|p1a: Whirl
|-crit|p1a: Whirl
|-damage|p1a: Whirl|80/100
|-boost|p2a: Great Tusk|spe|1
|-sideend|p2: Navoros|Sticky Web|[from] move: Rapid Spin|[of] p2a: Great Tusk
|move|p1a: Whirl|Dragon Pulse|p2a: Great Tusk
|-damage|p2a: Great Tusk|0 fnt
|faint|p2a: Great Tusk
|-end|p2a: Great Tusk|Protosynthesis|[silent]
|
|upkeep
|inactive|Navoros has 120 seconds left.
|inactive|Navoros has 90 seconds left.
|
|t:|1758938239
|switch|p2a: Alomomola|Alomomola, F, shiny|100/100
|turn|7
|inactive|Navoros has 90 seconds left.
|inactive|Jitomi has 120 seconds left.
|
|t:|1758938256
|move|p1a: Whirl|Calm Mind|p1a: Whirl
|-boost|p1a: Whirl|spa|1
|-boost|p1a: Whirl|spd|1
|move|p2a: Alomomola|Flip Turn|p1a: Whirl
|-crit|p1a: Whirl
|-damage|p1a: Whirl|60/100
|
|t:|1758938271
|switch|p2a: Kyurem|Kyurem, shiny|100/100|[from] Flip Turn
|-ability|p2a: Kyurem|Pressure
|
|upkeep
|turn|8
|
|t:|1758938284
|move|p2a: Kyurem|Icicle Spear|p1a: Whirl
|-damage|p1a: Whirl|49/100
|-damage|p1a: Whirl|39/100
|-crit|p1a: Whirl
|-damage|p1a: Whirl|23/100
|-damage|p1a: Whirl|12/100
|-hitcount|p1a: Whirl|4
|move|p1a: Whirl|Dragon Pulse|p2a: Kyurem
|-supereffective|p2a: Kyurem
|-damage|p2a: Kyurem|0 fnt
|faint|p2a: Kyurem
|
|upkeep
|inactive|Navoros has 90 seconds left.
|-message|Navoros forfeited.
|
|win|Jitomi
|raw|Jitomi's rating: 1175 &rarr; <strong>1200</strong><br />(+25 for winning)
|raw|Navoros's rating: 1169 &rarr; <strong>1144</strong><br />(-25 for losing)
|l|☆Navoros
|player|p2|
|c|☆Jitomi|gg
