|j|☆LOCO90
|j|☆Jad923
|t:|1758995016
|gametype|singles
|player|p1|LOCO90|rocketgrunt|1412
|player|p2|Jad923|veteran|1390
|gen|9
|tier|[Gen 9] OU
|rated|
|rule|HP Percentage Mod: HP is shown in percentages
|rule|Endless Battle Clause: Forcing endless battles is banned
|rule|Species Clause: Limit one of each Pokémon
|rule|OHKO Clause: OHKO moves are banned
|rule|Evasion Items Clause: Evasion items are banned
|rule|Evasion Moves Clause: Evasion moves are banned
|rule|Evasion Abilities Clause: Evasion abilities are banned
|rule|Sleep Moves Clause: Sleep-inducing moves are banned
|clearpoke
|poke|p1|Zapdos|
|poke|p1|Mew|
|poke|p1|Dragonite, M|
|poke|p1|Hitmonlee, M|
|poke|p1|Clefable, F|
|poke|p1|Tentacruel, M|
|poke|p2|Glimmora, F|
|poke|p2|Great Tusk|
|poke|p2|Iron Moth|
|poke|p2|Dragapult, M|
|poke|p2|Kingambit, F|
|poke|p2|Primarina, F|
|teampreview
|inactive|Battle timer is ON: inactive players will automatically lose when time's up. (requested by Jad923)
|
|t:|1758995026
|teamsize|p1|6
|teamsize|p2|6
|start
|switch|p1a: Mew|Mew|100/100
|switch|p2a: Glimmora|Glimmora, F|100/100
|turn|1
|
|t:|1758995035
|move|p2a: Glimmora|Mortal Spin|p1a: Mew
|-damage|p1a: Mew|95/100
|-status|p1a: Mew|psn
|-activate|p1a: Mew|ability: Synchronize
|-immune|p2a: Glimmora
|move|p1a: Mew|Earth Power|p2a: Glimmora
|-supereffective|p2a: Glimmora
|-crit|p2a: Glimmora
|-enditem|p2a: Glimmora|Focus Sash
|-damage|p2a: Glimmora|1/100
|
|-heal|p1a: Mew|100/100 psn|[from] item: Leftovers
|-damage|p1a: Mew|88/100 psn|[from] psn
|upkeep
|turn|2
|
|t:|1758995045
|move|p2a: Glimmora|Stealth Rock|p1a: Mew
|-sidestart|p1: LOCO90|move: Stealth Rock
|move|p1a: Mew|Trailblaze|p2a: Glimmora
|-damage|p2a: Glimmora|0 fnt
|-boost|p1a: Mew|spe|1
|-activate|p2a: Glimmora|ability: Toxic Debris
|-sidestart|p1: LOCO90|move: Toxic Spikes
|faint|p2a: Glimmora
|
|-heal|p1a: Mew|94/100 psn|[from] item: Leftovers
|-damage|p1a: Mew|82/100 psn|[from] psn
|upkeep
|
|t:|1758995053
|switch|p2a: Dragapult|Dragapult, M|100/100
|turn|3
|
|t:|1758995055
|switch|p1a: Tentacruel|Tentacruel, M|100/100
|-damage|p1a: Tentacruel|88/100|[from] Stealth Rock
|-sideend|p1: LOCO90|move: Toxic Spikes|[of] p1a: Tentacruel
|move|p2a: Dragapult|Shadow Ball|p1a: Tentacruel
|-damage|p1a: Tentacruel|59/100
|-unboost|p1a: Tentacruel|spd|1
|
|-heal|p1a: Tentacruel|65/100|[from] item: Black Sludge
|upkeep
|turn|4
|
|t:|1758995061
|switch|p2a: Primarina|Primarina, F|100/100
|move|p1a: Tentacruel|Knock Off|p2a: Primarina
|-resisted|p2a: Primarina
|-damage|p2a: Primarina|88/100
|-enditem|p2a: Primarina|Assault Vest|[from] move: Knock Off|[of] p1a: Tentacruel
|
|-heal|p1a: Tentacruel|71/100|[from] item: Black Sludge
|upkeep
|turn|5
|
|t:|1758995066
|move|p1a: Tentacruel|Rapid Spin|p2a: Primarina
|-damage|p2a: Primarina|76/100
|-boost|p1a: Tentacruel|spe|1
|-sideend|p1: LOCO90|Stealth Rock|[from] move: Rapid Spin|[of] p1a: Tentacruel
|move|p2a: Primarina|Psychic Noise|p1a: Tentacruel
|-supereffective|p1a: Tentacruel
|-damage|p1a: Tentacruel|0 fnt
|faint|p1a: Tentacruel
|
|upkeep
|
|t:|1758995076
|switch|p1a: Clefable|Clefable, F, shiny|100/100
|turn|6
|
|t:|1758995081
|switch|p2a: Iron Moth|Iron Moth|100/100
|-enditem|p2a: Iron Moth|Booster Energy
|-activate|p2a: Iron Moth|ability: Quark Drive|[fromitem]
|-start|p2a: Iron Moth|quarkdrivespe
|move|p1a: Clefable|Thunder Wave|p2a: Iron Moth
|-status|p2a: Iron Moth|par
|
|upkeep
|turn|7
|
|t:|1758995089
|move|p2a: Iron Moth|Substitute|p2a: Iron Moth
|-start|p2a: Iron Moth|Substitute
|-damage|p2a: Iron Moth|76/100 par
|move|p1a: Clefable|Stealth Rock|p2a: Iron Moth
|-sidestart|p2: Jad923|move: Stealth Rock
|
|upkeep
|turn|8
|
|t:|1758995096
|switch|p1a: Mew|Mew|82/100 psn
|cant|p2a: Iron Moth|par
|
|-heal|p1a: Mew|88/100 psn|[from] item: Leftovers
|-damage|p1a: Mew|76/100 psn|[from] psn
|upkeep
|turn|9
|
|t:|1758995105
|move|p1a: Mew|Psyshock|p2a: Iron Moth
|-supereffective|p2a: Iron Moth
|-end|p2a: Iron Moth|Substitute
|move|p2a: Iron Moth|Sludge Wave|p1a: Mew
|-damage|p1a: Mew|33/100 psn
|
|-heal|p1a: Mew|40/100 psn|[from] item: Leftovers
|-damage|p1a: Mew|27/100 psn|[from] psn
|upkeep
|turn|10
|
|t:|1758995113
|-end|p2a: Iron Moth|Quark Drive|[silent]
|switch|p2a: Kingambit|Kingambit, F|100/100
|-damage|p2a: Kingambit|94/100|[from] Stealth Rock
|-activate|p2a: Kingambit|ability: Supreme Overlord
|-start|p2a: Kingambit|fallen1|[silent]
|-item|p2a: Kingambit|Air Balloon
|move|p1a: Mew|Earth Power|p2a: Kingambit
|-immune|p2a: Kingambit
|
|-heal|p1a: Mew|33/100 psn|[from] item: Leftovers
|-damage|p1a: Mew|21/100 psn|[from] psn
|upkeep
|turn|11
|
|t:|1758995127
|switch|p1a: Zapdos|Zapdos|100/100
|move|p2a: Kingambit|Sucker Punch||[still]
|-fail|p2a: Kingambit
|
|upkeep
|turn|12
|
|t:|1758995132
|-end|p2a: Kingambit|fallen1|[silent]
|switch|p2a: Great Tusk|Great Tusk|100/100
|move|p1a: Zapdos|Discharge|p2a: Great Tusk
|-immune|p2a: Great Tusk
|
|upkeep
|turn|13
|
|t:|1758995139
|move|p2a: Great Tusk|Rapid Spin|p1a: Zapdos
|-damage|p1a: Zapdos|89/100
|-boost|p2a: Great Tusk|spe|1
|-sideend|p2: Jad923|Stealth Rock|[from] move: Rapid Spin|[of] p2a: Great Tusk
|move|p1a: Zapdos|Hurricane|p2a: Great Tusk
|-supereffective|p2a: Great Tusk
|-damage|p2a: Great Tusk|0 fnt
|faint|p2a: Great Tusk
|-end|p2a: Great Tusk|Protosynthesis|[silent]
|
|upkeep
|
|t:|1758995154
|switch|p2a: Iron Moth|Iron Moth|76/100 par
|turn|14
|
|t:|1758995159
|move|p1a: Zapdos|Hurricane|p2a: Iron Moth|[miss]
|-miss|p1a: Zapdos|p2a: Iron Moth
|move|p2a: Iron Moth|Fiery Dance|p1a: Zapdos
|-damage|p1a: Zapdos|52/100
|
|upkeep
|turn|15
|
|t:|1758995171
|move|p1a: Zapdos|Roost|p1a: Zapdos
|-heal|p1a: Zapdos|100/100
|-singleturn|p1a: Zapdos|move: Roost
|move|p2a: Iron Moth|Sludge Wave|p1a: Zapdos
|-damage|p1a: Zapdos|53/100
|
|upkeep
|turn|16
|
|t:|1758995178
|move|p1a: Zapdos|Roost|p1a: Zapdos
|-heal|p1a: Zapdos|100/100
|-singleturn|p1a: Zapdos|move: Roost
|move|p2a: Iron Moth|Sludge Wave|p1a: Zapdos
|-damage|p1a: Zapdos|56/100
|
|upkeep
|turn|17
|
|t:|1758995186
|move|p1a: Zapdos|Hurricane|p2a: Iron Moth
|-damage|p2a: Iron Moth|29/100 par
|move|p2a: Iron Moth|Substitute|p2a: Iron Moth
|-start|p2a: Iron Moth|Substitute
|-damage|p2a: Iron Moth|4/100 par
|
|upkeep
|turn|18
|
|t:|1758995191
|move|p1a: Zapdos|Roost|p1a: Zapdos
|-heal|p1a: Zapdos|100/100
|-singleturn|p1a: Zapdos|move: Roost
|move|p2a: Iron Moth|Sludge Wave|p1a: Zapdos
|-damage|p1a: Zapdos|53/100
|
|upkeep
|turn|19
|
|t:|1758995199
|move|p1a: Zapdos|Roost|p1a: Zapdos
|-heal|p1a: Zapdos|100/100
|-singleturn|p1a: Zapdos|move: Roost
|move|p2a: Iron Moth|Fiery Dance|p1a: Zapdos
|-damage|p1a: Zapdos|62/100
|
|upkeep
|turn|20
|
|t:|1758995208
|move|p1a: Zapdos|Discharge|p2a: Iron Moth
|-crit|p2a: Iron Moth
|-end|p2a: Iron Moth|Substitute
|cant|p2a: Iron Moth|par
|
|upkeep
|turn|21
|
|t:|1758995214
|move|p1a: Zapdos|Roost|p1a: Zapdos
|-heal|p1a: Zapdos|100/100
|-singleturn|p1a: Zapdos|move: Roost
|cant|p2a: Iron Moth|par
|
|upkeep
|turn|22
|
|t:|1758995216
|move|p1a: Zapdos|Discharge|p2a: Iron Moth
|-damage|p2a: Iron Moth|0 fnt
|faint|p2a: Iron Moth
|-end|p2a: Iron Moth|Quark Drive|[silent]
|
|upkeep
|
|t:|1758995225
|switch|p2a: Dragapult|Dragapult, M|100/100
|turn|23
|
|t:|1758995227
|move|p2a: Dragapult|Draco Meteor|p1a: Zapdos
|-damage|p1a: Zapdos|47/100
|-unboost|p2a: Dragapult|spa|2
|move|p1a: Zapdos|U-turn|p2a: Dragapult
|-resisted|p2a: Dragapult
|-damage|p2a: Dragapult|92/100
|
|t:|1758995231
|switch|p1a: Hitmonlee|Hitmonlee, M|100/100|[from] U-turn
|
|upkeep
|turn|24
|
|t:|1758995235
|switch|p2a: Primarina|Primarina, F|76/100
|move|p1a: Hitmonlee|Earthquake|p2a: Primarina
|-damage|p2a: Primarina|2/100
|
|upkeep
|turn|25
|
|t:|1758995241
|move|p1a: Hitmonlee|Earthquake|p2a: Primarina
|-damage|p2a: Primarina|0 fnt
|faint|p2a: Primarina
|
|upkeep
|
|t:|1758995254
|switch|p2a: Dragapult|Dragapult, M|92/100
|turn|26
|
|t:|1758995258
|switch|p1a: Clefable|Clefable, F, shiny|100/100
|move|p2a: Dragapult|Draco Meteor|p1a: Clefable
|-immune|p1a: Clefable
|
|upkeep
|turn|27
|
|t:|1758995262
|switch|p2a: Kingambit|Kingambit, F|94/100
|-activate|p2a: Kingambit|ability: Supreme Overlord
|-start|p2a: Kingambit|fallen4|[silent]
|-item|p2a: Kingambit|Air Balloon
|move|p1a: Clefable|Thunder Wave|p2a: Kingambit
|-status|p2a: Kingambit|par
|
|upkeep
|turn|28
|
|t:|1758995265
|move|p1a: Clefable|Stealth Rock|p2a: Kingambit
|-sidestart|p2: Jad923|move: Stealth Rock
|cant|p2a: Kingambit|par
|
|upkeep
|turn|29
|
|t:|1758995269
|move|p1a: Clefable|Moonblast|p2a: Kingambit
|-damage|p2a: Kingambit|57/100 par
|-unboost|p2a: Kingambit|spa|1
|-enditem|p2a: Kingambit|Air Balloon
|move|p2a: Kingambit|Iron Head|p1a: Clefable
|-supereffective|p1a: Clefable
|-damage|p1a: Clefable|0 fnt
|faint|p1a: Clefable
|
|upkeep
|
|t:|1758995276
|switch|p1a: Hitmonlee|Hitmonlee, M|100/100
|turn|30
|
|t:|1758995283
|move|p1a: Hitmonlee|Earthquake|p2a: Kingambit
|-supereffective|p2a: Kingambit
|-damage|p2a: Kingambit|0 fnt
|faint|p2a: Kingambit
|-end|p2a: Kingambit|fallen4|[silent]
|
|upkeep
|
|t:|1758995285
|switch|p2a: Dragapult|Dragapult, M|92/100
|-damage|p2a: Dragapult|80/100|[from] Stealth Rock
|turn|31
|
|t:|1758995289
|-terastallize|p2a: Dragapult|Ghost
|move|p2a: Dragapult|Shadow Ball|p1a: Hitmonlee
|-damage|p1a: Hitmonlee|36/100
|move|p1a: Hitmonlee|Earthquake|p2a: Dragapult
|-damage|p2a: Dragapult|12/100
|
|upkeep
|turn|32
|
|t:|1758995296
|move|p2a: Dragapult|Shadow Ball|p1a: Hitmonlee
|-damage|p1a: Hitmonlee|0 fnt
|faint|p1a: Hitmonlee
|
|upkeep
|
|t:|1758995300
|switch|p1a: Dragonite|Dragonite, M|100/100
|turn|33
|
|t:|1758995304
|-terastallize|p1a: Dragonite|Normal
|move|p2a: Dragapult|Shadow Ball|p1a: Dragonite
|-immune|p1a: Dragonite
|move|p1a: Dragonite|Earthquake|p2a: Dragapult
|-damage|p2a: Dragapult|0 fnt
|faint|p2a: Dragapult
|
|win|LOCO90
|raw|LOCO90's rating: 1412 &rarr; <strong>1431</strong><br />(+19 for winning)
|raw|Jad923's rating: 1390 &rarr; <strong>1371</strong><br />(-19 for losing)
|l|☆Jad923
|player|p2|
|l|☆LOCO90
|player|p1|
