|j|☆lordrilla
|j|☆acespec23
|t:|1759059777
|gametype|singles
|player|p1|lordrilla|101|1309
|player|p2|acespec23|2|1265
|gen|9
|tier|[Gen 9] OU
|rated|
|rule|HP Percentage Mod: HP is shown in percentages
|rule|Endless Battle Clause: Forcing endless battles is banned
|rule|Species Clause: Limit one of each Pokémon
|rule|OHKO Clause: OHKO moves are banned
|rule|Evasion Items Clause: Evasion items are banned
|rule|Evasion Moves Clause: Evasion moves are banned
|rule|Evasion Abilities Clause: Evasion abilities are banned
|rule|Sleep Moves Clause: Sleep-inducing moves are banned
|clearpoke
|poke|p1|Rillaboom, M|
|poke|p1|Ursaluna, F|
|poke|p1|Iron Crown|
|poke|p1|Great Tusk|
|poke|p1|Slowking-Galar, F|
|poke|p1|Zamazenta-*|
|poke|p2|Torkoal, F|
|poke|p2|Hatterene, F|
|poke|p2|Raging Bolt|
|poke|p2|Slither Wing|
|poke|p2|Venusaur, M|
|poke|p2|Walking Wake|
|teampreview
|inactive|Battle timer is ON: inactive players will automatically lose when time's up. (requested by lordrilla)
|
|t:|1759059794
|teamsize|p1|6
|teamsize|p2|6
|start
|switch|p1a: Great Tusk|Great Tusk|100/100
|switch|p2a: Torkoal|Torkoal, F|100/100
|-weather|SunnyDay|[from] ability: Drought|[of] p2a: Torkoal
|-activate|p1a: Great Tusk|ability: Protosynthesis
|-start|p1a: Great Tusk|protosynthesisspe
|turn|1
|
|t:|1759059805
|switch|p2a: Hatterene|Hatterene, F|100/100
|-item|p2a: Hatterene|Air Balloon
|move|p1a: Great Tusk|Stealth Rock|p2a: Hatterene
|move|p2a: Hatterene|Stealth Rock|p1a: Great Tusk|[from] ability: Magic Bounce
|-sidestart|p1: lordrilla|move: Stealth Rock
|
|-weather|SunnyDay|[upkeep]
|upkeep
|turn|2
|
|t:|1759059814
|move|p1a: Great Tusk|Rapid Spin|p2a: Hatterene
|-damage|p2a: Hatterene|90/100
|-boost|p1a: Great Tusk|spe|1
|-enditem|p2a: Hatterene|Air Balloon
|-sideend|p1: lordrilla|Stealth Rock|[from] move: Rapid Spin|[of] p1a: Great Tusk
|move|p2a: Hatterene|Dazzling Gleam|p1a: Great Tusk
|-supereffective|p1a: Great Tusk
|-damage|p1a: Great Tusk|5/100
|
|-weather|SunnyDay|[upkeep]
|upkeep
|turn|3
|
|t:|1759059829
|-end|p1a: Great Tusk|Protosynthesis|[silent]
|switch|p1a: Iron Crown|Iron Crown|100/100
|move|p2a: Hatterene|Psychic Noise|p1a: Iron Crown
|-resisted|p1a: Iron Crown
|-damage|p1a: Iron Crown|96/100
|-start|p1a: Iron Crown|move: Heal Block
|
|-weather|SunnyDay|[upkeep]
|upkeep
|turn|4
|inactive|acespec23 has 120 seconds left.
|
|t:|1759059859
|switch|p2a: Slither Wing|Slither Wing|100/100
|-activate|p2a: Slither Wing|ability: Protosynthesis
|-start|p2a: Slither Wing|protosynthesisatk
|move|p1a: Iron Crown|Volt Switch|p2a: Slither Wing
|-damage|p2a: Slither Wing|84/100
|
|t:|1759059871
|-end|p1a: Iron Crown|Quark Drive|[silent]
|switch|p1a: Great Tusk|Great Tusk|5/100|[from] Volt Switch
|-activate|p1a: Great Tusk|ability: Protosynthesis
|-start|p1a: Great Tusk|protosynthesisspe
|
|-weather|SunnyDay|[upkeep]
|upkeep
|turn|5
|
|t:|1759059881
|move|p2a: Slither Wing|First Impression|p1a: Great Tusk
|-resisted|p1a: Great Tusk
|-damage|p1a: Great Tusk|0 fnt
|-damage|p2a: Slither Wing|68/100|[from] item: Rocky Helmet|[of] p1a: Great Tusk
|faint|p1a: Great Tusk
|-end|p1a: Great Tusk|Protosynthesis|[silent]
|
|-weather|SunnyDay|[upkeep]
|upkeep
|inactive|lordrilla has 120 seconds left.
|
|t:|1759059924
|switch|p1a: Zamazenta|Zamazenta|100/100
|-ability|p1a: Zamazenta|Dauntless Shield|boost
|-boost|p1a: Zamazenta|def|1
|turn|6
|
|t:|1759059935
|move|p2a: Slither Wing|U-turn|p1a: Zamazenta
|-resisted|p1a: Zamazenta
|-damage|p1a: Zamazenta|87/100
|
|t:|1759059940
|-end|p2a: Slither Wing|Protosynthesis|[silent]
|switch|p2a: Hatterene|Hatterene, F|90/100|[from] U-turn
|move|p1a: Zamazenta|Roar|p2a: Hatterene
|move|p2a: Hatterene|Roar|p1a: Zamazenta|[from] ability: Magic Bounce
|drag|p1a: Slowking|Slowking-Galar, F|100/100
|
|-weather|SunnyDay|[upkeep]
|upkeep
|turn|7
|
|t:|1759059962
|switch|p2a: Venusaur|Venusaur, M|100/100
|move|p1a: Slowking|Sludge Bomb|p2a: Venusaur
|-damage|p2a: Venusaur|58/100
|
|-weather|SunnyDay|[upkeep]
|upkeep
|turn|8
|inactive|acespec23 has 120 seconds left.
|
|t:|1759059989
|move|p2a: Venusaur|Earthquake|p1a: Slowking
|-supereffective|p1a: Slowking
|-damage|p1a: Slowking|48/100
|-damage|p2a: Venusaur|48/100|[from] item: Life Orb
|move|p1a: Slowking|Thunder Wave|p2a: Venusaur
|-status|p2a: Venusaur|par
|
|-weather|none
|upkeep
|turn|9
|inactive|lordrilla has 120 seconds left.
|
|t:|1759060009
|switch|p1a: Rillaboom|Rillaboom, M|100/100
|-fieldstart|move: Grassy Terrain|[from] ability: Grassy Surge|[of] p1a: Rillaboom
|move|p2a: Venusaur|Earthquake|p1a: Rillaboom
|-resisted|p1a: Rillaboom
|-damage|p1a: Rillaboom|93/100
|-damage|p2a: Venusaur|38/100 par|[from] item: Life Orb
|
|-heal|p1a: Rillaboom|99/100|[from] Grassy Terrain
|-heal|p2a: Venusaur|44/100 par|[from] Grassy Terrain
|upkeep
|turn|10
|inactive|acespec23 has 120 seconds left.
|
|t:|1759060031
|switch|p2a: Torkoal|Torkoal, F|100/100
|-weather|SunnyDay|[from] ability: Drought|[of] p2a: Torkoal
|move|p1a: Rillaboom|U-turn|p2a: Torkoal
|-resisted|p2a: Torkoal
|-damage|p2a: Torkoal|86/100
|
|t:|1759060038
|switch|p1a: Ursaluna|Ursaluna, F|100/100|[from] U-turn
|
|-weather|SunnyDay|[upkeep]
|-heal|p2a: Torkoal|92/100|[from] Grassy Terrain
|-status|p1a: Ursaluna|brn|[from] item: Flame Orb
|upkeep
|turn|11
|inactive|acespec23 has 90 seconds left.
|
|t:|1759060072
|move|p1a: Ursaluna|Headlong Rush|p2a: Torkoal
|-supereffective|p2a: Torkoal
|-damage|p2a: Torkoal|0 fnt
|-unboost|p1a: Ursaluna|def|1
|-unboost|p1a: Ursaluna|spd|1
|faint|p2a: Torkoal
|
|-weather|SunnyDay|[upkeep]
|-damage|p1a: Ursaluna|94/100 brn|[from] brn
|upkeep
|inactive|acespec23 has 90 seconds left.
|
|t:|1759060095
|switch|p2a: Venusaur|Venusaur, M|44/100 par
|turn|12
|inactive|lordrilla has 120 seconds left.
|
|t:|1759060101
|cant|p2a: Venusaur|par
|move|p1a: Ursaluna|Facade|p2a: Venusaur
|-damage|p2a: Venusaur|0 fnt
|faint|p2a: Venusaur
|
|-weather|SunnyDay|[upkeep]
|-heal|p1a: Ursaluna|100/100 brn|[from] Grassy Terrain
|-damage|p1a: Ursaluna|94/100 brn|[from] brn
|upkeep
|
|t:|1759060111
|switch|p2a: Walking Wake|Walking Wake|100/100
|-activate|p2a: Walking Wake|ability: Protosynthesis
|-start|p2a: Walking Wake|protosynthesisspe
|turn|13
|inactive|lordrilla has 120 seconds left.
|
|t:|1759060149
|switch|p1a: Slowking|Slowking-Galar, F|82/100
|move|p2a: Walking Wake|Hydro Steam|p1a: Slowking
|-damage|p1a: Slowking|45/100
|
|-weather|SunnyDay|[upkeep]
|-heal|p1a: Slowking|51/100|[from] Grassy Terrain
|-fieldend|move: Grassy Terrain
|upkeep
|turn|14
|
|t:|1759060165
|move|p2a: Walking Wake|Flip Turn|p1a: Slowking
|-damage|p1a: Slowking|43/100
|
|t:|1759060168
|-end|p2a: Walking Wake|Protosynthesis|[silent]
|switch|p2a: Slither Wing|Slither Wing|68/100|[from] Flip Turn
|-activate|p2a: Slither Wing|ability: Protosynthesis
|-start|p2a: Slither Wing|protosynthesisatk
|move|p1a: Slowking|Sludge Bomb|p2a: Slither Wing
|-damage|p2a: Slither Wing|43/100
|
|-weather|SunnyDay|[upkeep]
|upkeep
|turn|15
|
|t:|1759060179
|switch|p1a: Zamazenta|Zamazenta|87/100
|move|p2a: Slither Wing|First Impression|p1a: Zamazenta
|-resisted|p1a: Zamazenta
|-damage|p1a: Zamazenta|61/100
|
|-weather|SunnyDay|[upkeep]
|-heal|p1a: Zamazenta|67/100|[from] item: Leftovers
|upkeep
|turn|16
|
|t:|1759060199
|-end|p2a: Slither Wing|Protosynthesis|[silent]
|switch|p2a: Hatterene|Hatterene, F|90/100
|move|p1a: Zamazenta|Body Press|p2a: Hatterene
|-resisted|p2a: Hatterene
|-damage|p2a: Hatterene|83/100
|
|-weather|SunnyDay|[upkeep]
|-heal|p1a: Zamazenta|73/100|[from] item: Leftovers
|upkeep
|turn|17
|
|t:|1759060210
|switch|p1a: Iron Crown|Iron Crown|96/100
|move|p2a: Hatterene|Psychic Noise|p1a: Iron Crown
|-resisted|p1a: Iron Crown
|-damage|p1a: Iron Crown|90/100
|-start|p1a: Iron Crown|move: Heal Block
|
|-weather|none
|upkeep
|turn|18
|
|t:|1759060222
|switch|p2a: Slither Wing|Slither Wing|43/100
|move|p1a: Iron Crown|Tachyon Cutter|p2a: Slither Wing
|-damage|p2a: Slither Wing|25/100
|-damage|p2a: Slither Wing|9/100
|-hitcount|p2a: Slither Wing|2
|
|-end|p1a: Iron Crown|move: Heal Block
|upkeep
|turn|19
|
|t:|1759060236
|-end|p1a: Iron Crown|Quark Drive|[silent]
|switch|p1a: Zamazenta|Zamazenta|73/100
|move|p2a: Slither Wing|First Impression|p1a: Zamazenta
|-resisted|p1a: Zamazenta
|-crit|p1a: Zamazenta
|-damage|p1a: Zamazenta|42/100
|
|-heal|p1a: Zamazenta|48/100|[from] item: Leftovers
|upkeep
|turn|20
|
|t:|1759060245
|move|p1a: Zamazenta|Body Press|p2a: Slither Wing
|-resisted|p2a: Slither Wing
|-damage|p2a: Slither Wing|0 fnt
|faint|p2a: Slither Wing
|-end|p2a: Slither Wing|Protosynthesis|[silent]
|
|-heal|p1a: Zamazenta|54/100|[from] item: Leftovers
|upkeep
|
|t:|1759060259
|switch|p2a: Hatterene|Hatterene, F|83/100
|turn|21
|inactive|lordrilla has 120 seconds left.
|
|t:|1759060277
|switch|p1a: Slowking|Slowking-Galar, F|76/100
|switch|p2a: Raging Bolt|Raging Bolt|100/100
|
|upkeep
|turn|22
|inactive|acespec23 has 60 seconds left.
|inactive|acespec23 has 30 seconds left.
|inactive|acespec23 has 20 seconds left.
|inactive|acespec23 has 15 seconds left.
|inactive|acespec23 has 10 seconds left.
|inactive|acespec23 has 5 seconds left.
|-message|acespec23 lost due to inactivity.
|
|win|lordrilla
|raw|lordrilla's rating: 1309 &rarr; <strong>1326</strong><br />(+17 for winning)
|raw|acespec23's rating: 1265 &rarr; <strong>1243</strong><br />(-22 for losing)
|l|☆lordrilla
|player|p1|
