|j|☆samohi0
|j|☆abdkkgja
|t:|1758941661
|gametype|singles
|player|p1|samohi0|hoopster|1850
|player|p2|abdkkgja|lacey|1796
|gen|9
|tier|[Gen 9] OU
|rated|
|rule|HP Percentage Mod: HP is shown in percentages
|rule|Endless Battle Clause: Forcing endless battles is banned
|rule|Species Clause: Limit one of each Pokémon
|rule|OHKO Clause: OHKO moves are banned
|rule|Evasion Items Clause: Evasion items are banned
|rule|Evasion Moves Clause: Evasion moves are banned
|rule|Evasion Abilities Clause: Evasion abilities are banned
|rule|Sleep Moves Clause: Sleep-inducing moves are banned
|clearpoke
|poke|p1|Keldeo-Resolute|
|poke|p1|Dragapult, M|
|poke|p1|Slowking-Galar, F|
|poke|p1|Kingambit, M|
|poke|p1|Zapdos|
|poke|p1|Great Tusk|
|poke|p2|Keldeo-Resolute|
|poke|p2|Kingambit, M|
|poke|p2|Slowking-Galar, M|
|poke|p2|Meowscarada, F|
|poke|p2|Landorus-Therian, M|
|poke|p2|Cinderace, F|
|teampreview
|c|☆abdkkgja|gl
|c|☆samohi0|don't tell me what to do
|
|t:|1758941681
|teamsize|p1|6
|teamsize|p2|6
|start
|switch|p1a: Raijin Kaiōken|Zapdos|100/100
|switch|p2a: Meowscarada|Meowscarada, F|100/100
|turn|1
|
|t:|1758941688
|move|p2a: Meowscarada|Triple Axel|p1a: Raijin Kaiōken
|-start|p2a: Meowscarada|typechange|Ice|[from] ability: Protean
|-supereffective|p1a: Raijin Kaiōken
|-crit|p1a: Raijin Kaiōken
|-damage|p1a: Raijin Kaiōken|80/100
|-supereffective|p1a: Raijin Kaiōken
|-damage|p1a: Raijin Kaiōken|51/100
|-supereffective|p1a: Raijin Kaiōken
|-damage|p1a: Raijin Kaiōken|13/100
|-hitcount|p1a: Raijin Kaiōken|3
|move|p1a: Raijin Kaiōken|U-turn|p2a: Meowscarada
|-damage|p2a: Meowscarada|80/100
|
|t:|1758941697
|switch|p1a: Ascended Phantom|Dragapult, M|100/100|[from] U-turn
|
|upkeep
|turn|2
|
|t:|1758941711
|switch|p2a: Landorus|Landorus-Therian, M|100/100
|-ability|p2a: Landorus|Intimidate|boost
|-fail|p1a: Ascended Phantom|unboost|[from] ability: Clear Body|[of] p1a: Ascended Phantom
|move|p1a: Ascended Phantom|Dragon Darts|p2a: Landorus
|-damage|p2a: Landorus|66/100
|-anim|p1a: Ascended Phantom|Dragon Darts|p2a: Landorus
|-damage|p2a: Landorus|31/100
|
|upkeep
|turn|3
|
|t:|1758941724
|switch|p1a: Raijin Kaiōken|Zapdos|13/100
|switch|p2a: Kingambit|Kingambit, M|100/100
|
|upkeep
|turn|4
|
|t:|1758941728
|-end|p2a: Kingambit|fallenundefined|[silent]
|switch|p2a: Meowscarada|Meowscarada, F|80/100
|move|p1a: Raijin Kaiōken|Roost|p1a: Raijin Kaiōken
|-heal|p1a: Raijin Kaiōken|63/100
|-singleturn|p1a: Raijin Kaiōken|move: Roost
|
|upkeep
|turn|5
|
|t:|1758941731
|switch|p1a: Kami’s Vision|Slowking-Galar, F|100/100
|move|p2a: Meowscarada|Triple Axel|p1a: Kami’s Vision
|-start|p2a: Meowscarada|typechange|Ice|[from] ability: Protean
|-damage|p1a: Kami’s Vision|91/100
|-damage|p1a: Kami’s Vision|71/100
|-damage|p1a: Kami’s Vision|41/100
|-hitcount|p1a: Kami’s Vision|3
|
|-heal|p1a: Kami’s Vision|47/100|[from] item: Black Sludge
|upkeep
|turn|6
|
|t:|1758941736
|switch|p1a: Raijin Kaiōken|Zapdos|63/100
|move|p2a: Meowscarada|Knock Off|p1a: Raijin Kaiōken
|-damage|p1a: Raijin Kaiōken|40/100
|-enditem|p1a: Raijin Kaiōken|Heavy-Duty Boots|[from] move: Knock Off|[of] p2a: Meowscarada
|
|upkeep
|turn|7
|
|t:|1758941749
|move|p2a: Meowscarada|Triple Axel|p1a: Raijin Kaiōken
|-supereffective|p1a: Raijin Kaiōken
|-damage|p1a: Raijin Kaiōken|28/100
|-supereffective|p1a: Raijin Kaiōken
|-damage|p1a: Raijin Kaiōken|0 fnt
|faint|p1a: Raijin Kaiōken
|-hitcount|p1: Raijin Kaiōken|2
|
|upkeep
|
|t:|1758941750
|switch|p1a: Trunks’ Resolve|Keldeo-Resolute|100/100
|turn|8
|
|t:|1758941757
|move|p2a: Meowscarada|U-turn|p1a: Trunks’ Resolve
|-resisted|p1a: Trunks’ Resolve
|-crit|p1a: Trunks’ Resolve
|-damage|p1a: Trunks’ Resolve|85/100
|
|t:|1758941760
|switch|p2a: Slowking|Slowking-Galar, M, shiny|100/100|[from] U-turn
|move|p1a: Trunks’ Resolve|Secret Sword|p2a: Slowking
|-resisted|p2a: Slowking
|-damage|p2a: Slowking|93/100
|
|-heal|p1a: Trunks’ Resolve|91/100|[from] item: Leftovers
|upkeep
|turn|9
|
|t:|1758941765
|move|p1a: Trunks’ Resolve|Substitute|p1a: Trunks’ Resolve
|-start|p1a: Trunks’ Resolve|Substitute
|-damage|p1a: Trunks’ Resolve|66/100
|move|p2a: Slowking|Future Sight|p1a: Trunks’ Resolve
|-start|p2a: Slowking|move: Future Sight
|
|-heal|p1a: Trunks’ Resolve|72/100|[from] item: Leftovers
|upkeep
|turn|10
|
|t:|1758941769
|move|p1a: Trunks’ Resolve|Calm Mind|p1a: Trunks’ Resolve
|-boost|p1a: Trunks’ Resolve|spa|1
|-boost|p1a: Trunks’ Resolve|spd|1
|move|p2a: Slowking|Psyshock|p1a: Trunks’ Resolve
|-supereffective|p1a: Trunks’ Resolve
|-end|p1a: Trunks’ Resolve|Substitute
|
|-heal|p1a: Trunks’ Resolve|78/100|[from] item: Leftovers
|upkeep
|turn|11
|
|t:|1758941772
|-terastallize|p1a: Trunks’ Resolve|Steel
|move|p1a: Trunks’ Resolve|Substitute|p1a: Trunks’ Resolve
|-start|p1a: Trunks’ Resolve|Substitute
|-damage|p1a: Trunks’ Resolve|54/100
|move|p2a: Slowking|Psyshock|p1a: Trunks’ Resolve
|-resisted|p1a: Trunks’ Resolve
|-activate|p1a: Trunks’ Resolve|move: Substitute|[damage]
|
|-end|p1a: Trunks’ Resolve|move: Future Sight
|-resisted|p1a: Trunks’ Resolve
|-end|p1a: Trunks’ Resolve|Substitute
|-heal|p1a: Trunks’ Resolve|60/100|[from] item: Leftovers
|upkeep
|turn|12
|
|t:|1758941780
|move|p1a: Trunks’ Resolve|Substitute|p1a: Trunks’ Resolve
|-start|p1a: Trunks’ Resolve|Substitute
|-damage|p1a: Trunks’ Resolve|35/100
|move|p2a: Slowking|Flamethrower|p1a: Trunks’ Resolve
|-supereffective|p1a: Trunks’ Resolve
|-end|p1a: Trunks’ Resolve|Substitute
|
|-heal|p1a: Trunks’ Resolve|41/100|[from] item: Leftovers
|upkeep
|turn|13
|
|t:|1758941785
|move|p1a: Trunks’ Resolve|Calm Mind|p1a: Trunks’ Resolve
|-boost|p1a: Trunks’ Resolve|spa|1
|-boost|p1a: Trunks’ Resolve|spd|1
|move|p2a: Slowking|Flamethrower|p1a: Trunks’ Resolve
|-supereffective|p1a: Trunks’ Resolve
|-damage|p1a: Trunks’ Resolve|19/100
|
|-heal|p1a: Trunks’ Resolve|25/100|[from] item: Leftovers
|upkeep
|turn|14
|
|t:|1758941801
|move|p1a: Trunks’ Resolve|Surf|p2a: Slowking
|-damage|p2a: Slowking|43/100
|move|p2a: Slowking|Flamethrower|p1a: Trunks’ Resolve
|-supereffective|p1a: Trunks’ Resolve
|-damage|p1a: Trunks’ Resolve|0 fnt
|faint|p1a: Trunks’ Resolve
|
|upkeep
|
|t:|1758941809
|switch|p1a: Ascended Phantom|Dragapult, M|100/100
|turn|15
|
|t:|1758941815
|move|p1a: Ascended Phantom|U-turn|p2a: Slowking
|-damage|p2a: Slowking|17/100
|
|t:|1758941816
|switch|p1a: Wrath of Broly|Great Tusk|100/100|[from] U-turn
|-enditem|p1a: Wrath of Broly|Booster Energy
|-activate|p1a: Wrath of Broly|ability: Protosynthesis|[fromitem]
|-start|p1a: Wrath of Broly|protosynthesisatk
|move|p2a: Slowking|Future Sight|p1a: Wrath of Broly
|-start|p2a: Slowking|move: Future Sight
|
|upkeep
|turn|16
|
|t:|1758941821
|move|p1a: Wrath of Broly|Stealth Rock|p2a: Slowking
|-sidestart|p2: abdkkgja|move: Stealth Rock
|move|p2a: Slowking|Psyshock|p1a: Wrath of Broly
|-supereffective|p1a: Wrath of Broly
|-damage|p1a: Wrath of Broly|60/100
|
|upkeep
|turn|17
|
|t:|1758941823
|-end|p1a: Wrath of Broly|Protosynthesis|[silent]
|switch|p1a: Crutch Gambit|Kingambit, M|100/100
|-activate|p1a: Crutch Gambit|ability: Supreme Overlord
|-start|p1a: Crutch Gambit|fallen2|[silent]
|move|p2a: Slowking|Psyshock|p1a: Crutch Gambit
|-immune|p1a: Crutch Gambit
|
|-end|p1a: Crutch Gambit|move: Future Sight
|-immune|p1a: Crutch Gambit
|upkeep
|turn|18
|
|t:|1758941826
|move|p1a: Crutch Gambit|Kowtow Cleave|p2a: Slowking
|-supereffective|p2a: Slowking
|-damage|p2a: Slowking|0 fnt
|faint|p2a: Slowking
|
|upkeep
|
|t:|1758941832
|switch|p2a: Cinderace|Cinderace, F|100/100
|turn|19
|
|t:|1758941836
|move|p2a: Cinderace|Court Change|p2a: Cinderace
|-start|p2a: Cinderace|typechange|Normal|[from] ability: Libero
|-swapsideconditions
|-activate|p2a: Cinderace|move: Court Change
|move|p1a: Crutch Gambit|Kowtow Cleave|p2a: Cinderace
|-damage|p2a: Cinderace|20/100
|
|upkeep
|turn|20
|
|t:|1758941840
|switch|p2a: Landorus|Landorus-Therian, M|31/100
|-ability|p2a: Landorus|Intimidate|boost
|-unboost|p1a: Crutch Gambit|atk|1
|-end|p1a: Crutch Gambit|fallen2|[silent]
|switch|p1a: Wrath of Broly|Great Tusk|60/100
|-damage|p1a: Wrath of Broly|57/100|[from] Stealth Rock
|
|upkeep
|turn|21
|j| Pokemh
|
|t:|1758941846
|move|p2a: Landorus|Earthquake|p1a: Wrath of Broly
|-damage|p1a: Wrath of Broly|23/100
|move|p1a: Wrath of Broly|Rapid Spin|p2a: Landorus
|-damage|p2a: Landorus|13/100
|-boost|p1a: Wrath of Broly|spe|1
|-damage|p1a: Wrath of Broly|6/100|[from] item: Rocky Helmet|[of] p2a: Landorus
|-sideend|p1: samohi0|Stealth Rock|[from] move: Rapid Spin|[of] p1a: Wrath of Broly
|
|upkeep
|turn|22
|
|t:|1758941857
|move|p1a: Wrath of Broly|Ice Spinner|p2a: Landorus
|-supereffective|p2a: Landorus
|-damage|p2a: Landorus|0 fnt
|-damage|p1a: Wrath of Broly|0 fnt|[from] item: Rocky Helmet|[of] p2a: Landorus
|faint|p2a: Landorus
|faint|p1a: Wrath of Broly
|-end|p1a: Wrath of Broly|Protosynthesis|[silent]
|
|upkeep
|
|t:|1758941866
|switch|p2a: Kingambit|Kingambit, M|100/100
|switch|p1a: Ascended Phantom|Dragapult, M|100/100
|-activate|p2a: Kingambit|ability: Supreme Overlord
|-start|p2a: Kingambit|fallen2|[silent]
|turn|23
|l| Pokemh
|
|t:|1758941895
|move|p2a: Kingambit|Sucker Punch|p1a: Ascended Phantom
|-supereffective|p1a: Ascended Phantom
|-damage|p1a: Ascended Phantom|0 fnt
|faint|p1a: Ascended Phantom
|
|upkeep
|
|t:|1758941901
|switch|p1a: Crutch Gambit|Kingambit, M|100/100
|-activate|p1a: Crutch Gambit|ability: Supreme Overlord
|-start|p1a: Crutch Gambit|fallen4|[silent]
|turn|24
|
|t:|1758941904
|-terastallize|p2a: Kingambit|Fighting
|move|p1a: Crutch Gambit|Swords Dance|p1a: Crutch Gambit
|-boost|p1a: Crutch Gambit|atk|2
|move|p2a: Kingambit|Low Kick|p1a: Crutch Gambit
|-supereffective|p1a: Crutch Gambit
|-damage|p1a: Crutch Gambit|0 fnt
|faint|p1a: Crutch Gambit
|-end|p1a: Crutch Gambit|fallen4|[silent]
|
|upkeep
|-message|samohi0 forfeited.
|
|win|abdkkgja
|raw|samohi0's rating: 1850 &rarr; <strong>1827</strong><br />(-23 for losing)
|raw|abdkkgja's rating: 1796 &rarr; <strong>1819</strong><br />(+23 for winning)
|l|☆samohi0
|player|p1|
