|j|☆Sonzaisonder
|j|☆lil_looma
|t:|1758946045
|gametype|singles
|player|p1|Sonzaisonder|steven|1321
|player|p2|lil_looma|101|1311
|gen|9
|tier|[Gen 9] OU
|rated|
|rule|HP Percentage Mod: HP is shown in percentages
|rule|Endless Battle Clause: Forcing endless battles is banned
|rule|Species Clause: Limit one of each Pokémon
|rule|OHKO Clause: OHKO moves are banned
|rule|Evasion Items Clause: Evasion items are banned
|rule|Evasion Moves Clause: Evasion moves are banned
|rule|Evasion Abilities Clause: Evasion abilities are banned
|rule|Sleep Moves Clause: Sleep-inducing moves are banned
|clearpoke
|poke|p1|Hoopa-Unbound|
|poke|p1|Slowking-Galar, M|
|poke|p1|Great Tusk|
|poke|p1|Moltres|
|poke|p1|Kingambit, M|
|poke|p1|Keldeo-Resolute|
|poke|p2|Leafeon, M|
|poke|p2|Umbreon, F|
|poke|p2|Vaporeon, M|
|poke|p2|Sylveon, M|
|poke|p2|Espeon, F|
|poke|p2|Flareon, M|
|teampreview
|inactive|Battle timer is ON: inactive players will automatically lose when time's up. (requested by Sonzaisonder)
|
|t:|1758946062
|teamsize|p1|6
|teamsize|p2|6
|start
|switch|p1a: Moltres|Moltres|100/100
|switch|p2a: Espeon|Espeon, F|100/100
|turn|1
|
|t:|1758946068
|move|p2a: Espeon|Psychic|p1a: Moltres
|-damage|p1a: Moltres|33/100
|move|p1a: Moltres|U-turn|p2a: Espeon
|-supereffective|p2a: Espeon
|-damage|p2a: Espeon|44/100
|
|t:|1758946075
|switch|p1a: Hoopa|Hoopa-Unbound|100/100|[from] U-turn
|
|upkeep
|turn|2
|
|t:|1758946084
|switch|p2a: Umbreon|Umbreon, F|100/100
|move|p1a: Hoopa|Knock Off|p2a: Umbreon
|-resisted|p2a: Umbreon
|-damage|p2a: Umbreon|61/100
|-enditem|p2a: Umbreon|Leftovers|[from] move: Knock Off|[of] p1a: Hoopa
|
|upkeep
|turn|3
|
|t:|1758946098
|switch|p1a: Moltres|Moltres|33/100
|move|p2a: Umbreon|Wish|p2a: Umbreon
|
|upkeep
|turn|4
|
|t:|1758946103
|switch|p2a: Espeon|Espeon, F|44/100
|move|p1a: Moltres|Roost|p1a: Moltres
|-heal|p1a: Moltres|83/100
|-singleturn|p1a: Moltres|move: Roost
|
|-heal|p2a: Espeon|100/100|[from] move: Wish|[wisher] Umbreon
|upkeep
|turn|5
|
|t:|1758946111
|switch|p1a: Hoopa|Hoopa-Unbound|100/100
|move|p2a: Espeon|Power Gem|p1a: Hoopa
|-damage|p1a: Hoopa|65/100
|
|upkeep
|turn|6
|
|t:|1758946121
|switch|p2a: Umbreon|Umbreon, F|61/100
|move|p1a: Hoopa|Hyperspace Fury|p2a: Umbreon
|-resisted|p2a: Umbreon
|-damage|p2a: Umbreon|20/100
|-unboost|p1a: Hoopa|def|1
|
|upkeep
|turn|7
|
|t:|1758946141
|switch|p2a: Sylveon|Sylveon, M|100/100
|move|p1a: Hoopa|Hyperspace Fury|p2a: Sylveon
|-resisted|p2a: Sylveon
|-damage|p2a: Sylveon|59/100
|-unboost|p1a: Hoopa|def|1
|
|-heal|p2a: Sylveon|65/100|[from] item: Leftovers
|upkeep
|turn|8
|
|t:|1758946149
|switch|p1a: Slowking|Slowking-Galar, M|100/100
|move|p2a: Sylveon|Wish|p2a: Sylveon
|
|-heal|p2a: Sylveon|71/100|[from] item: Leftovers
|upkeep
|turn|9
|
|t:|1758946161
|switch|p2a: Espeon|Espeon, F|100/100
|move|p1a: Slowking|Sludge Bomb|p2a: Espeon
|-damage|p2a: Espeon|53/100
|
|-heal|p2a: Espeon|100/100|[from] move: Wish|[wisher] Sylveon
|upkeep
|turn|10
|
|t:|1758946170
|move|p2a: Espeon|Shadow Ball|p1a: Slowking
|-supereffective|p1a: Slowking
|-damage|p1a: Slowking|50/100
|-prepare|p1a: Slowking|Chilly Reception|[premajor]
|move|p1a: Slowking|Chilly Reception|p1a: Slowking
|-weather|Snowscape
|
|t:|1758946180
|switch|p1a: Kingambit|Kingambit, M|100/100|[from] Chilly Reception
|
|-weather|Snowscape|[upkeep]
|upkeep
|turn|11
|
|t:|1758946188
|switch|p2a: Leafeon|Leafeon, M|100/100
|move|p1a: Kingambit|Swords Dance|p1a: Kingambit
|-boost|p1a: Kingambit|atk|2
|
|-weather|Snowscape|[upkeep]
|upkeep
|turn|12
|
|t:|1758946198
|-terastallize|p1a: Kingambit|Ghost
|move|p2a: Leafeon|Curse|p2a: Leafeon
|-unboost|p2a: Leafeon|spe|1
|-boost|p2a: Leafeon|atk|1
|-boost|p2a: Leafeon|def|1
|move|p1a: Kingambit|Kowtow Cleave|p2a: Leafeon
|-damage|p2a: Leafeon|58/100
|-damage|p1a: Kingambit|84/100|[from] item: Rocky Helmet|[of] p2a: Leafeon
|
|-weather|Snowscape|[upkeep]
|-heal|p1a: Kingambit|90/100|[from] item: Leftovers
|upkeep
|turn|13
|
|t:|1758946208
|move|p1a: Kingambit|Swords Dance|p1a: Kingambit
|-boost|p1a: Kingambit|atk|2
|move|p2a: Leafeon|Synthesis|p2a: Leafeon
|-heal|p2a: Leafeon|83/100
|
|-weather|Snowscape|[upkeep]
|-heal|p1a: Kingambit|96/100|[from] item: Leftovers
|upkeep
|turn|14
|
|t:|1758946212
|move|p1a: Kingambit|Kowtow Cleave|p2a: Leafeon
|-damage|p2a: Leafeon|25/100
|-damage|p1a: Kingambit|80/100|[from] item: Rocky Helmet|[of] p2a: Leafeon
|move|p2a: Leafeon|Curse|p2a: Leafeon
|-unboost|p2a: Leafeon|spe|1
|-boost|p2a: Leafeon|atk|1
|-boost|p2a: Leafeon|def|1
|
|-weather|none
|-heal|p1a: Kingambit|86/100|[from] item: Leftovers
|upkeep
|turn|15
|
|t:|1758946217
|move|p1a: Kingambit|Kowtow Cleave|p2a: Leafeon
|-damage|p2a: Leafeon|0 fnt
|-damage|p1a: Kingambit|70/100|[from] item: Rocky Helmet|[of] p2a: Leafeon
|faint|p2a: Leafeon
|
|-heal|p1a: Kingambit|76/100|[from] item: Leftovers
|upkeep
|
|t:|1758946238
|switch|p2a: Umbreon|Umbreon, F|20/100
|turn|16
|
|t:|1758946257
|-end|p1a: Kingambit|fallenundefined|[silent]
|switch|p1a: Keldeo|Keldeo-Resolute|100/100
|move|p2a: Umbreon|Foul Play|p1a: Keldeo
|-resisted|p1a: Keldeo
|-damage|p1a: Keldeo|87/100
|-ability|p1a: Keldeo|Justified|boost
|-boost|p1a: Keldeo|atk|1
|
|upkeep
|turn|17
|
|t:|1758946268
|switch|p2a: Vaporeon|Vaporeon, M|100/100
|move|p1a: Keldeo|Surf|p2a: Vaporeon
|-immune|p2a: Vaporeon|[from] ability: Water Absorb
|
|upkeep
|turn|18
|
|t:|1758946276
|switch|p1a: Slowking|Slowking-Galar, M|83/100
|move|p2a: Vaporeon|Flip Turn|p1a: Slowking
|-damage|p1a: Slowking|68/100
|inactive|lil_looma has 120 seconds left.
|
|t:|1758946309
|switch|p2a: Espeon|Espeon, F|100/100|[from] Flip Turn
|
|upkeep
|turn|19
|
|t:|1758946321
|-terastallize|p2a: Espeon|Ghost
|move|p2a: Espeon|Shadow Ball|p1a: Slowking
|-supereffective|p1a: Slowking
|-damage|p1a: Slowking|0 fnt
|faint|p1a: Slowking
|
|upkeep
|
|t:|1758946327
|switch|p1a: Hoopa|Hoopa-Unbound|65/100
|turn|20
|
|t:|1758946335
|switch|p2a: Umbreon|Umbreon, F|20/100
|move|p1a: Hoopa|Hyperspace Fury|p2a: Umbreon
|-resisted|p2a: Umbreon
|-damage|p2a: Umbreon|0 fnt
|-unboost|p1a: Hoopa|def|1
|faint|p2a: Umbreon
|
|upkeep
|
|t:|1758946338
|switch|p2a: Espeon|Espeon, F, tera:Ghost|100/100
|turn|21
|
|t:|1758946357
|switch|p1a: Keldeo|Keldeo-Resolute|87/100
|move|p2a: Espeon|Alluring Voice|p1a: Keldeo
|-supereffective|p1a: Keldeo
|-damage|p1a: Keldeo|0 fnt
|faint|p1a: Keldeo
|
|upkeep
|
|t:|1758946371
|switch|p1a: Kingambit|Kingambit, M, tera:Ghost|76/100
|-activate|p1a: Kingambit|ability: Supreme Overlord
|-start|p1a: Kingambit|fallen2|[silent]
|turn|22
|
|t:|1758946382
|switch|p2a: Vaporeon|Vaporeon, M|100/100
|move|p1a: Kingambit|Swords Dance|p1a: Kingambit
|-boost|p1a: Kingambit|atk|2
|
|-heal|p1a: Kingambit|82/100|[from] item: Leftovers
|upkeep
|turn|23
|
|t:|1758946386
|move|p1a: Kingambit|Kowtow Cleave|p2a: Vaporeon
|-crit|p2a: Vaporeon
|-damage|p2a: Vaporeon|0 fnt
|faint|p2a: Vaporeon
|
|-heal|p1a: Kingambit|88/100|[from] item: Leftovers
|upkeep
|
|t:|1758946405
|switch|p2a: Sylveon|Sylveon, M|71/100
|turn|24
|
|t:|1758946414
|move|p1a: Kingambit|Iron Head|p2a: Sylveon
|-supereffective|p2a: Sylveon
|-damage|p2a: Sylveon|0 fnt
|faint|p2a: Sylveon
|
|-heal|p1a: Kingambit|94/100|[from] item: Leftovers
|upkeep
|
|t:|1758946421
|switch|p2a: Espeon|Espeon, F, tera:Ghost|100/100
|turn|25
|
|t:|1758946431
|move|p1a: Kingambit|Sucker Punch|p2a: Espeon
|-supereffective|p2a: Espeon
|-damage|p2a: Espeon|0 fnt
|faint|p2a: Espeon
|
|-heal|p1a: Kingambit|100/100|[from] item: Leftovers
|upkeep
|-message|lil_looma forfeited.
|
|win|Sonzaisonder
|raw|Sonzaisonder's rating: 1321 &rarr; <strong>1340</strong><br />(+19 for winning)
|raw|lil_looma's rating: 1311 &rarr; <strong>1292</strong><br />(-19 for losing)
|l|☆lil_looma
|player|p2|
