|badge|p2|silver|gen9ou|30-6
|html|<div class="broadcast-red"><strong>This battle is required to be public due to one or more player having a season medal.</strong><br />During the public phase, you can discuss the state of the ladder <a href="/seasondiscussion">in a special chatroom.</a></div>
|uhtml|medal-msg|<div class="broadcast-blue">Curious what those medals under the avatar are? PS now has Ladder Seasons! For more information, check out the <a href="https://www.smogon.com/forums/threads/3740067/">thread on Smogon.</a></div>
|raw|<div class="broadcast-blue"><strong>This battle is required to be public due to a player having a name starting with 'medal'.</div>
|j|‽zeep vs zoop
|j|☆ShinyLucarioXD
|t:|1758978756
|gametype|singles
|player|p1|zeep vs zoop|iris-gen5bw2|1724
|player|p2|ShinyLucarioXD|riley|1889
|gen|9
|tier|[Gen 9] OU
|rated|
|rule|HP Percentage Mod: HP is shown in percentages
|rule|Endless Battle Clause: Forcing endless battles is banned
|rule|Species Clause: Limit one of each Pokémon
|rule|OHKO Clause: OHKO moves are banned
|rule|Evasion Items Clause: Evasion items are banned
|rule|Evasion Moves Clause: Evasion moves are banned
|rule|Evasion Abilities Clause: Evasion abilities are banned
|rule|Sleep Moves Clause: Sleep-inducing moves are banned
|clearpoke
|poke|p1|Zamazenta-*|
|poke|p1|Latios, M|
|poke|p1|Weezing-Galar, M|
|poke|p1|Moltres|
|poke|p1|Ting-Lu|
|poke|p1|Gholdengo|
|poke|p2|Raging Bolt|
|poke|p2|Samurott-Hisui, F|
|poke|p2|Dragonite, F|
|poke|p2|Gholdengo|
|poke|p2|Great Tusk|
|poke|p2|Enamorus, F|
|teampreview
|inactive|Battle timer is ON: inactive players will automatically lose when time's up. (requested by ShinyLucarioXD)
|
|t:|1758978765
|teamsize|p1|6
|teamsize|p2|6
|start
|switch|p1a: Zamazenta|Zamazenta|100/100
|switch|p2a: Gholdengo|Gholdengo|100/100
|-ability|p1a: Zamazenta|Dauntless Shield|boost
|-boost|p1a: Zamazenta|def|1
|turn|1
|
|t:|1758978768
|switch|p2a: Great Tusk|Great Tusk|100/100
|move|p1a: Zamazenta|Crunch|p2a: Great Tusk
|-resisted|p2a: Great Tusk
|-damage|p2a: Great Tusk|91/100
|
|-heal|p2a: Great Tusk|97/100|[from] item: Leftovers
|upkeep
|turn|2
|
|t:|1758978772
|switch|p1a: Latios|Latios, M|100/100
|move|p2a: Great Tusk|Knock Off|p1a: Latios
|-supereffective|p1a: Latios
|-damage|p1a: Latios|24/100
|-enditem|p1a: Latios|Choice Specs|[from] move: Knock Off|[of] p2a: Great Tusk
|
|-heal|p2a: Great Tusk|100/100|[from] item: Leftovers
|upkeep
|turn|3
|
|t:|1758978788
|-end|p2a: Great Tusk|Protosynthesis|[silent]
|switch|p2a: Samurott|Samurott-Hisui, F, shiny|100/100
|move|p1a: Latios|Trick|p2a: Samurott
|-activate|p1a: Latios|move: Trick|[of] p2a: Samurott
|-enditem|p2a: Samurott|Assault Vest|[silent]|[from] move: Trick
|-item|p1a: Latios|Assault Vest|[from] move: Trick
|
|upkeep
|turn|4
|j| dsvdv
|
|t:|1758978797
|move|p1a: Latios|Draco Meteor|p2a: Samurott
|-damage|p2a: Samurott|43/100
|-unboost|p1a: Latios|spa|2
|move|p2a: Samurott|Ceaseless Edge|p1a: Latios
|-supereffective|p1a: Latios
|-damage|p1a: Latios|0 fnt
|-sidestart|p1: zeep vs zoop|Spikes
|faint|p1a: Latios
|
|upkeep
|
|t:|1758978800
|switch|p1a: Weezing|Weezing-Galar, M|100/100
|-ability|p1a: Weezing|Neutralizing Gas
|turn|5
|
|t:|1758978806
|switch|p2a: Gholdengo|Gholdengo|100/100
|move|p1a: Weezing|Will-O-Wisp|p2a: Gholdengo
|-status|p2a: Gholdengo|brn
|
|-damage|p2a: Gholdengo|95/100 brn|[from] brn
|upkeep
|turn|6
|
|t:|1758978811
|-end|p1a: Weezing|ability: Neutralizing Gas
|switch|p1a: Ting-Lu|Ting-Lu|100/100
|-damage|p1a: Ting-Lu|88/100|[from] Spikes
|-ability|p1a: Ting-Lu|Vessel of Ruin
|move|p2a: Gholdengo|Trick|p1a: Ting-Lu
|-activate|p2a: Gholdengo|move: Trick|[of] p1a: Ting-Lu
|-item|p1a: Ting-Lu|Choice Scarf|[from] move: Trick
|-item|p2a: Gholdengo|Rocky Helmet|[from] move: Trick
|
|-damage|p2a: Gholdengo|89/100 brn|[from] brn
|upkeep
|turn|7
|
|t:|1758978818
|switch|p2a: Great Tusk|Great Tusk|100/100
|switch|p1a: Weezing|Weezing-Galar, M|100/100
|-ability|p1a: Weezing|Neutralizing Gas
|
|upkeep
|turn|8
|
|t:|1758978821
|move|p2a: Great Tusk|Knock Off|p1a: Weezing
|-resisted|p1a: Weezing
|-damage|p1a: Weezing|91/100
|-enditem|p1a: Weezing|Heavy-Duty Boots|[from] move: Knock Off|[of] p2a: Great Tusk
|move|p1a: Weezing|Defog|p2a: Great Tusk
|-unboost|p2a: Great Tusk|evasion|1
|-sideend|p1: zeep vs zoop|Spikes|[from] move: Defog|[of] p1a: Weezing
|
|upkeep
|turn|9
|
|t:|1758978824
|-end|p2a: Great Tusk|Protosynthesis|[silent]
|switch|p2a: Gholdengo|Gholdengo|89/100 brn
|move|p1a: Weezing|Will-O-Wisp|p2a: Gholdengo
|-fail|p2a: Gholdengo|brn
|
|-damage|p2a: Gholdengo|83/100 brn|[from] brn
|upkeep
|turn|10
|
|t:|1758978827
|-end|p1a: Weezing|ability: Neutralizing Gas
|switch|p1a: Ting-Lu|Ting-Lu|88/100
|-ability|p1a: Ting-Lu|Vessel of Ruin
|move|p2a: Gholdengo|Focus Blast|p1a: Ting-Lu
|-supereffective|p1a: Ting-Lu
|-damage|p1a: Ting-Lu|52/100
|
|-damage|p2a: Gholdengo|77/100 brn|[from] brn
|upkeep
|turn|11
|j| cryyysneasel
|
|t:|1758978830
|switch|p2a: Great Tusk|Great Tusk|100/100
|move|p1a: Ting-Lu|Stealth Rock|p2a: Great Tusk
|-sidestart|p2: ShinyLucarioXD|move: Stealth Rock
|
|upkeep
|turn|12
|
|t:|1758978832
|switch|p1a: Gholdengo|Gholdengo|100/100
|move|p2a: Great Tusk|Stealth Rock|p1a: Gholdengo
|-sidestart|p1: zeep vs zoop|move: Stealth Rock
|
|upkeep
|turn|13
|
|t:|1758978834
|-end|p2a: Great Tusk|Protosynthesis|[silent]
|switch|p2a: Samurott|Samurott-Hisui, F, shiny|43/100
|-damage|p2a: Samurott|30/100|[from] Stealth Rock
|move|p1a: Gholdengo|Shadow Ball|p2a: Samurott
|-resisted|p2a: Samurott
|-damage|p2a: Samurott|13/100
|-unboost|p2a: Samurott|spd|1
|
|upkeep
|turn|14
|
|t:|1758978837
|move|p2a: Samurott|Sucker Punch|p1a: Gholdengo
|-supereffective|p1a: Gholdengo
|-damage|p1a: Gholdengo|39/100
|move|p1a: Gholdengo|Shadow Ball|p2a: Samurott
|-resisted|p2a: Samurott
|-damage|p2a: Samurott|0 fnt
|faint|p2a: Samurott
|
|upkeep
|
|t:|1758978848
|switch|p2a: Raging Bolt|Raging Bolt|100/100
|-damage|p2a: Raging Bolt|88/100|[from] Stealth Rock
|-enditem|p2a: Raging Bolt|Booster Energy
|-activate|p2a: Raging Bolt|ability: Protosynthesis|[fromitem]
|-start|p2a: Raging Bolt|protosynthesisspa
|turn|15
|j| amimec
|
|t:|1758978851
|move|p1a: Gholdengo|Shadow Ball|p2a: Raging Bolt
|-damage|p2a: Raging Bolt|48/100
|move|p2a: Raging Bolt|Dragon Pulse|p1a: Gholdengo
|-resisted|p1a: Gholdengo
|-damage|p1a: Gholdengo|3/100
|
|upkeep
|turn|16
|
|t:|1758978854
|move|p2a: Raging Bolt|Thunderclap|p1a: Gholdengo
|-damage|p1a: Gholdengo|0 fnt
|faint|p1a: Gholdengo
|
|upkeep
|
|t:|1758978858
|switch|p1a: Zamazenta|Zamazenta|100/100
|-damage|p1a: Zamazenta|94/100|[from] Stealth Rock
|turn|17
|
|t:|1758978861
|-terastallize|p1a: Zamazenta|Fighting
|move|p2a: Raging Bolt|Thunderclap|p1a: Zamazenta
|-damage|p1a: Zamazenta|40/100
|move|p1a: Zamazenta|Close Combat|p2a: Raging Bolt
|-damage|p2a: Raging Bolt|0 fnt
|-unboost|p1a: Zamazenta|def|1
|-unboost|p1a: Zamazenta|spd|1
|faint|p2a: Raging Bolt
|-end|p2a: Raging Bolt|Protosynthesis|[silent]
|
|upkeep
|
|t:|1758978866
|switch|p2a: Great Tusk|Great Tusk|100/100
|-damage|p2a: Great Tusk|97/100|[from] Stealth Rock
|turn|18
|
|t:|1758978869
|move|p1a: Zamazenta|Close Combat|p2a: Great Tusk
|-damage|p2a: Great Tusk|39/100
|-unboost|p1a: Zamazenta|def|1
|-unboost|p1a: Zamazenta|spd|1
|move|p2a: Great Tusk|Rapid Spin|p1a: Zamazenta
|-damage|p1a: Zamazenta|12/100
|-boost|p2a: Great Tusk|spe|1
|-sideend|p2: ShinyLucarioXD|Stealth Rock|[from] move: Rapid Spin|[of] p2a: Great Tusk
|
|-heal|p2a: Great Tusk|45/100|[from] item: Leftovers
|upkeep
|turn|19
|
|t:|1758978872
|switch|p1a: Moltres|Moltres|100/100
|-end|p2a: Great Tusk|Protosynthesis|[silent]
|switch|p2a: Gholdengo|Gholdengo|77/100 brn
|
|-damage|p2a: Gholdengo|71/100 brn|[from] brn
|upkeep
|turn|20
|
|t:|1758978874
|move|p2a: Gholdengo|Shadow Ball|p1a: Moltres
|-damage|p1a: Moltres|57/100
|move|p1a: Moltres|Flamethrower|p2a: Gholdengo
|-supereffective|p2a: Gholdengo
|-damage|p2a: Gholdengo|0 fnt
|faint|p2a: Gholdengo
|
|upkeep
|
|t:|1758978877
|switch|p2a: Enamorus|Enamorus, F|100/100
|turn|21
|
|t:|1758978880
|move|p2a: Enamorus|Calm Mind|p2a: Enamorus
|-boost|p2a: Enamorus|spa|1
|-boost|p2a: Enamorus|spd|1
|move|p1a: Moltres|Roost|p1a: Moltres
|-heal|p1a: Moltres|100/100
|-singleturn|p1a: Moltres|move: Roost
|
|upkeep
|turn|22
|
|t:|1758978882
|move|p2a: Enamorus|Moonblast|p1a: Moltres
|-resisted|p1a: Moltres
|-damage|p1a: Moltres|61/100
|-unboost|p1a: Moltres|spa|1
|move|p1a: Moltres|Roar|p2a: Enamorus
|drag|p2a: Dragonite|Dragonite, F, shiny|100/100
|
|upkeep
|turn|23
|
|t:|1758978889
|switch|p2a: Enamorus|Enamorus, F|100/100
|move|p1a: Moltres|Will-O-Wisp|p2a: Enamorus
|-status|p2a: Enamorus|brn
|
|-damage|p2a: Enamorus|94/100 brn|[from] brn
|upkeep
|turn|24
|
|t:|1758978893
|move|p2a: Enamorus|Calm Mind|p2a: Enamorus
|-boost|p2a: Enamorus|spa|1
|-boost|p2a: Enamorus|spd|1
|move|p1a: Moltres|Roost|p1a: Moltres
|-heal|p1a: Moltres|100/100
|-singleturn|p1a: Moltres|move: Roost
|
|-heal|p2a: Enamorus|100/100 brn|[from] item: Leftovers
|-damage|p2a: Enamorus|94/100 brn|[from] brn
|upkeep
|turn|25
|
|t:|1758978896
|move|p2a: Enamorus|Moonblast|p1a: Moltres
|-resisted|p1a: Moltres
|-damage|p1a: Moltres|61/100
|move|p1a: Moltres|Roar|p2a: Enamorus
|drag|p2a: Dragonite|Dragonite, F, shiny|100/100
|
|upkeep
|turn|26
|
|t:|1758978901
|switch|p1a: Weezing|Weezing-Galar, M|91/100
|-ability|p1a: Weezing|Neutralizing Gas
|-damage|p1a: Weezing|79/100|[from] Stealth Rock
|switch|p2a: Enamorus|Enamorus, F|94/100 brn
|
|-heal|p2a: Enamorus|100/100 brn|[from] item: Leftovers
|-damage|p2a: Enamorus|94/100 brn|[from] brn
|upkeep
|turn|27
|
|t:|1758978905
|move|p2a: Enamorus|Earth Power|p1a: Weezing
|-supereffective|p1a: Weezing
|-damage|p1a: Weezing|0 fnt
|faint|p1a: Weezing
|-end|p1a: Weezing|ability: Neutralizing Gas
|
|-heal|p2a: Enamorus|100/100 brn|[from] item: Leftovers
|-damage|p2a: Enamorus|94/100 brn|[from] brn
|upkeep
|
|t:|1758978909
|switch|p1a: Ting-Lu|Ting-Lu|52/100
|-damage|p1a: Ting-Lu|46/100|[from] Stealth Rock
|-ability|p1a: Ting-Lu|Vessel of Ruin
|turn|28
|
|t:|1758978914
|move|p2a: Enamorus|Calm Mind|p2a: Enamorus
|-boost|p2a: Enamorus|spa|1
|-boost|p2a: Enamorus|spd|1
|move|p1a: Ting-Lu|Stealth Rock|p2a: Enamorus
|-sidestart|p2: ShinyLucarioXD|move: Stealth Rock
|
|-heal|p2a: Enamorus|100/100 brn|[from] item: Leftovers
|-damage|p2a: Enamorus|94/100 brn|[from] brn
|upkeep
|turn|29
|
|t:|1758978922
|switch|p1a: Moltres|Moltres|61/100
|move|p2a: Enamorus|Substitute|p2a: Enamorus
|-start|p2a: Enamorus|Substitute
|-damage|p2a: Enamorus|69/100 brn
|
|-heal|p2a: Enamorus|76/100 brn|[from] item: Leftovers
|-damage|p2a: Enamorus|69/100 brn|[from] brn
|upkeep
|turn|30
|
|t:|1758978929
|move|p2a: Enamorus|Moonblast|p1a: Moltres
|-resisted|p1a: Moltres
|-damage|p1a: Moltres|24/100
|move|p1a: Moltres|Roost|p1a: Moltres
|-heal|p1a: Moltres|74/100
|-singleturn|p1a: Moltres|move: Roost
|
|-heal|p2a: Enamorus|76/100 brn|[from] item: Leftovers
|-damage|p2a: Enamorus|69/100 brn|[from] brn
|upkeep
|turn|31
|
|t:|1758978934
|move|p2a: Enamorus|Moonblast|p1a: Moltres
|-resisted|p1a: Moltres
|-damage|p1a: Moltres|37/100
|move|p1a: Moltres|Roar|p2a: Enamorus
|drag|p2a: Great Tusk|Great Tusk|45/100
|-damage|p2a: Great Tusk|42/100|[from] Stealth Rock
|
|-heal|p2a: Great Tusk|48/100|[from] item: Leftovers
|upkeep
|turn|32
|
|t:|1758978940
|move|p1a: Moltres|Roost|p1a: Moltres
|-heal|p1a: Moltres|87/100
|-singleturn|p1a: Moltres|move: Roost
|move|p2a: Great Tusk|Rapid Spin|p1a: Moltres
|-damage|p1a: Moltres|76/100
|-boost|p2a: Great Tusk|spe|1
|-sideend|p2: ShinyLucarioXD|Stealth Rock|[from] move: Rapid Spin|[of] p2a: Great Tusk
|
|-heal|p2a: Great Tusk|54/100|[from] item: Leftovers
|upkeep
|turn|33
|
|t:|1758978942
|move|p2a: Great Tusk|Knock Off|p1a: Moltres
|-damage|p1a: Moltres|57/100
|-enditem|p1a: Moltres|Heavy-Duty Boots|[from] move: Knock Off|[of] p2a: Great Tusk
|move|p1a: Moltres|Flamethrower|p2a: Great Tusk
|-damage|p2a: Great Tusk|1/100
|
|-heal|p2a: Great Tusk|7/100|[from] item: Leftovers
|upkeep
|turn|34
|
|t:|1758978947
|move|p2a: Great Tusk|Body Press|p1a: Moltres
|-resisted|p1a: Moltres
|-damage|p1a: Moltres|43/100
|move|p1a: Moltres|Roost|p1a: Moltres
|-heal|p1a: Moltres|93/100
|-singleturn|p1a: Moltres|move: Roost
|
|-heal|p2a: Great Tusk|13/100|[from] item: Leftovers
|upkeep
|turn|35
|
|t:|1758978949
|move|p2a: Great Tusk|Body Press|p1a: Moltres
|-resisted|p1a: Moltres
|-damage|p1a: Moltres|76/100
|-status|p2a: Great Tusk|brn|[from] ability: Flame Body|[of] p1a: Moltres
|move|p1a: Moltres|Roost|p1a: Moltres
|-heal|p1a: Moltres|100/100
|-singleturn|p1a: Moltres|move: Roost
|
|-heal|p2a: Great Tusk|19/100 brn|[from] item: Leftovers
|-damage|p2a: Great Tusk|13/100 brn|[from] brn
|upkeep
|turn|36
|
|t:|1758978954
|move|p2a: Great Tusk|Body Press|p1a: Moltres
|-resisted|p1a: Moltres
|-damage|p1a: Moltres|92/100
|move|p1a: Moltres|Flamethrower|p2a: Great Tusk
|-damage|p2a: Great Tusk|0 fnt
|faint|p2a: Great Tusk
|-end|p2a: Great Tusk|Protosynthesis|[silent]
|
|upkeep
|
|t:|1758978956
|switch|p2a: Enamorus|Enamorus, F|69/100 brn
|turn|37
|
|t:|1758978958
|move|p2a: Enamorus|Moonblast|p1a: Moltres
|-resisted|p1a: Moltres
|-damage|p1a: Moltres|64/100
|move|p1a: Moltres|Flamethrower|p2a: Enamorus
|-damage|p2a: Enamorus|15/100 brn
|
|-heal|p2a: Enamorus|22/100 brn|[from] item: Leftovers
|-damage|p2a: Enamorus|15/100 brn|[from] brn
|upkeep
|turn|38
|
|t:|1758978961
|move|p2a: Enamorus|Moonblast|p1a: Moltres
|-resisted|p1a: Moltres
|-damage|p1a: Moltres|38/100
|move|p1a: Moltres|Roost|p1a: Moltres
|-heal|p1a: Moltres|88/100
|-singleturn|p1a: Moltres|move: Roost
|
|-heal|p2a: Enamorus|22/100 brn|[from] item: Leftovers
|-damage|p2a: Enamorus|15/100 brn|[from] brn
|upkeep
|turn|39
|
|t:|1758978964
|move|p2a: Enamorus|Moonblast|p1a: Moltres
|-resisted|p1a: Moltres
|-damage|p1a: Moltres|63/100
|-unboost|p1a: Moltres|spa|1
|move|p1a: Moltres|Roar|p2a: Enamorus
|drag|p2a: Dragonite|Dragonite, F, shiny|100/100
|
|upkeep
|turn|40
|
|t:|1758978969
|switch|p2a: Enamorus|Enamorus, F|15/100 brn
|move|p1a: Moltres|Will-O-Wisp|p2a: Enamorus
|-fail|p2a: Enamorus|brn
|
|-heal|p2a: Enamorus|22/100 brn|[from] item: Leftovers
|-damage|p2a: Enamorus|15/100 brn|[from] brn
|upkeep
|turn|41
|
|t:|1758978971
|move|p2a: Enamorus|Moonblast|p1a: Moltres
|-resisted|p1a: Moltres
|-damage|p1a: Moltres|38/100
|move|p1a: Moltres|Roost|p1a: Moltres
|-heal|p1a: Moltres|88/100
|-singleturn|p1a: Moltres|move: Roost
|
|-heal|p2a: Enamorus|22/100 brn|[from] item: Leftovers
|-damage|p2a: Enamorus|15/100 brn|[from] brn
|upkeep
|turn|42
|
|t:|1758978985
|switch|p1a: Ting-Lu|Ting-Lu|46/100
|-damage|p1a: Ting-Lu|39/100|[from] Stealth Rock
|-ability|p1a: Ting-Lu|Vessel of Ruin
|move|p2a: Enamorus|Moonblast|p1a: Ting-Lu
|-supereffective|p1a: Ting-Lu
|-damage|p1a: Ting-Lu|0 fnt
|faint|p1a: Ting-Lu
|
|-heal|p2a: Enamorus|22/100 brn|[from] item: Leftovers
|-damage|p2a: Enamorus|15/100 brn|[from] brn
|upkeep
|
|t:|1758978987
|switch|p1a: Zamazenta|Zamazenta, tera:Fighting|12/100
|-damage|p1a: Zamazenta|6/100|[from] Stealth Rock
|turn|43
|
|t:|1758978990
|move|p1a: Zamazenta|Crunch|p2a: Enamorus
|-resisted|p2a: Enamorus
|-damage|p2a: Enamorus|0 fnt
|faint|p2a: Enamorus
|
|upkeep
|
|t:|1758978992
|switch|p2a: Dragonite|Dragonite, F, shiny|100/100
|turn|44
|
|t:|1758978994
|move|p2a: Dragonite|Extreme Speed|p1a: Zamazenta
|-damage|p1a: Zamazenta|0 fnt
|faint|p1a: Zamazenta
|
|upkeep
|
|t:|1758978996
|switch|p1a: Moltres|Moltres|88/100
|-damage|p1a: Moltres|39/100|[from] Stealth Rock
|turn|45
|
|t:|1758979003
|move|p1a: Moltres|Will-O-Wisp|p2a: Dragonite
|-status|p2a: Dragonite|brn
|move|p2a: Dragonite|Dragon Dance|p2a: Dragonite
|-boost|p2a: Dragonite|atk|1
|-boost|p2a: Dragonite|spe|1
|
|-damage|p2a: Dragonite|95/100 brn|[from] brn
|upkeep
|turn|46
|
|t:|1758979005
|move|p2a: Dragonite|Dragon Dance|p2a: Dragonite
|-boost|p2a: Dragonite|atk|1
|-boost|p2a: Dragonite|spe|1
|move|p1a: Moltres|Flamethrower|p2a: Dragonite
|-resisted|p2a: Dragonite
|-damage|p2a: Dragonite|77/100 brn
|
|-damage|p2a: Dragonite|71/100 brn|[from] brn
|upkeep
|turn|47
|
|t:|1758979008
|move|p2a: Dragonite|Dragon Dance|p2a: Dragonite
|-boost|p2a: Dragonite|atk|1
|-boost|p2a: Dragonite|spe|1
|move|p1a: Moltres|Flamethrower|p2a: Dragonite
|-resisted|p2a: Dragonite
|-damage|p2a: Dragonite|54/100 brn
|
|-damage|p2a: Dragonite|48/100 brn|[from] brn
|upkeep
|turn|48
|
|t:|1758979009
|move|p2a: Dragonite|Roost|p2a: Dragonite
|-heal|p2a: Dragonite|98/100 brn
|-singleturn|p2a: Dragonite|move: Roost
|move|p1a: Moltres|Flamethrower|p2a: Dragonite
|-resisted|p2a: Dragonite
|-crit|p2a: Dragonite
|-damage|p2a: Dragonite|74/100 brn
|
|-damage|p2a: Dragonite|68/100 brn|[from] brn
|upkeep
|turn|49
|
|t:|1758979012
|move|p2a: Dragonite|Dragon Dance|p2a: Dragonite
|-boost|p2a: Dragonite|atk|1
|-boost|p2a: Dragonite|spe|1
|move|p1a: Moltres|Flamethrower|p2a: Dragonite
|-resisted|p2a: Dragonite
|-damage|p2a: Dragonite|50/100 brn
|
|-damage|p2a: Dragonite|44/100 brn|[from] brn
|upkeep
|turn|50
|
|t:|1758979014
|move|p2a: Dragonite|Roost|p2a: Dragonite
|-heal|p2a: Dragonite|95/100 brn
|-singleturn|p2a: Dragonite|move: Roost
|move|p1a: Moltres|Flamethrower|p2a: Dragonite
|-resisted|p2a: Dragonite
|-damage|p2a: Dragonite|78/100 brn
|
|-damage|p2a: Dragonite|72/100 brn|[from] brn
|upkeep
|turn|51
|
|t:|1758979016
|move|p2a: Dragonite|Dragon Dance|p2a: Dragonite
|-boost|p2a: Dragonite|atk|1
|-boost|p2a: Dragonite|spe|1
|move|p1a: Moltres|Flamethrower|p2a: Dragonite
|-resisted|p2a: Dragonite
|-damage|p2a: Dragonite|56/100 brn
|
|-damage|p2a: Dragonite|50/100 brn|[from] brn
|upkeep
|turn|52
|-message|zeep vs zoop forfeited.
|
|win|ShinyLucarioXD
|raw|zeep vs zoop's rating: 1724 &rarr; <strong>1713</strong><br />(-11 for losing)
|raw|ShinyLucarioXD's rating: 1889 &rarr; <strong>1900</strong><br />(+11 for winning)
|l|‽zeep vs zoop
|player|p1|
|l|☆ShinyLucarioXD
|player|p2|
|l| dsvdv
|l| cryyysneasel
