|j|‽SirPops
|j|☆AnimaSean0724
|t:|1759029544
|gametype|singles
|player|p1|SirPops|red|1113
|player|p2|AnimaSean0724|ghetsis|1179
|gen|9
|tier|[Gen 9] OU
|rated|
|rule|HP Percentage Mod: HP is shown in percentages
|rule|Endless Battle Clause: Forcing endless battles is banned
|rule|Species Clause: Limit one of each Pokémon
|rule|OHKO Clause: OHKO moves are banned
|rule|Evasion Items Clause: Evasion items are banned
|rule|Evasion Moves Clause: Evasion moves are banned
|rule|Evasion Abilities Clause: Evasion abilities are banned
|rule|Sleep Moves Clause: Sleep-inducing moves are banned
|clearpoke
|poke|p1|Charizard, M|
|poke|p1|Pawmot, M|
|poke|p1|Sableye, M|
|poke|p1|Basculin-White-Striped, M|
|poke|p1|Weezing-Galar, M|
|poke|p1|Hypno, M|
|poke|p2|Iron Crown|
|poke|p2|Great Tusk|
|poke|p2|Skeledirge, M|
|poke|p2|Hydrapple, F|
|poke|p2|Quaquaval, M|
|poke|p2|Kleavor, M|
|teampreview
|inactive|Battle timer is ON: inactive players will automatically lose when time's up. (requested by SirPops)
|
|t:|1759029559
|teamsize|p1|6
|teamsize|p2|6
|start
|switch|p1a: Sableye|Sableye, M, shiny|100/100
|switch|p2a: Axel|Kleavor, M, shiny|100/100
|turn|1
|
|t:|1759029564
|move|p1a: Sableye|Trick|p2a: Axel
|-activate|p1a: Sableye|move: Trick|[of] p2a: Axel
|-item|p2a: Axel|Sticky Barb|[from] move: Trick
|-item|p1a: Sableye|Choice Scarf|[from] move: Trick
|move|p2a: Axel|Stone Axe|p1a: Sableye
|-damage|p1a: Sableye|34/100
|-sidestart|p1: SirPops|move: Stealth Rock
|
|-damage|p2a: Axel|88/100|[from] item: Sticky Barb
|upkeep
|turn|2
|
|t:|1759029572
|move|p1a: Sableye|Recover|p1a: Sableye
|-heal|p1a: Sableye|84/100
|move|p2a: Axel|Stone Axe|p1a: Sableye
|-damage|p1a: Sableye|23/100
|
|-damage|p2a: Axel|76/100|[from] item: Sticky Barb
|upkeep
|turn|3
|
|t:|1759029579
|move|p1a: Sableye|Recover|p1a: Sableye
|-heal|p1a: Sableye|73/100
|move|p2a: Axel|U-turn|p1a: Sableye
|-damage|p1a: Sableye|25/100
|
|t:|1759029584
|switch|p2a: Quack Sparrow|Quaquaval, M, shiny|100/100|[from] U-turn
|
|upkeep
|turn|4
|
|t:|1759029590
|move|p1a: Sableye|Recover|p1a: Sableye
|-heal|p1a: Sableye|75/100
|move|p2a: Quack Sparrow|Aqua Step|p1a: Sableye
|-damage|p1a: Sableye|20/100
|-boost|p2a: Quack Sparrow|spe|1
|
|upkeep
|turn|5
|
|t:|1759029600
|move|p1a: Sableye|Recover|p1a: Sableye
|-heal|p1a: Sableye|70/100
|move|p2a: Quack Sparrow|Aqua Step|p1a: Sableye
|-damage|p1a: Sableye|16/100
|-boost|p2a: Quack Sparrow|spe|1
|
|upkeep
|turn|6
|
|t:|1759029606
|move|p1a: Sableye|Recover|p1a: Sableye
|-heal|p1a: Sableye|66/100
|move|p2a: Quack Sparrow|Aqua Step|p1a: Sableye
|-damage|p1a: Sableye|10/100
|-boost|p2a: Quack Sparrow|spe|1
|
|upkeep
|turn|7
|
|t:|1759029615
|move|p1a: Sableye|Recover|p1a: Sableye
|-heal|p1a: Sableye|60/100
|move|p2a: Quack Sparrow|Aqua Step|p1a: Sableye
|-damage|p1a: Sableye|8/100
|-boost|p2a: Quack Sparrow|spe|1
|
|upkeep
|turn|8
|
|t:|1759029622
|move|p1a: Sableye|Recover|p1a: Sableye
|-heal|p1a: Sableye|58/100
|move|p2a: Quack Sparrow|Aqua Step|p1a: Sableye
|-damage|p1a: Sableye|8/100
|-boost|p2a: Quack Sparrow|spe|1
|
|upkeep
|turn|9
|
|t:|1759029628
|move|p1a: Sableye|Recover|p1a: Sableye
|-heal|p1a: Sableye|58/100
|move|p2a: Quack Sparrow|Aqua Step|p1a: Sableye
|-damage|p1a: Sableye|4/100
|-boost|p2a: Quack Sparrow|spe|1
|
|upkeep
|turn|10
|
|t:|1759029634
|move|p2a: Quack Sparrow|Aqua Step|p1a: Sableye
|-damage|p1a: Sableye|0 fnt
|faint|p1a: Sableye
|-ability|p2a: Quack Sparrow|Moxie|boost
|-boost|p2a: Quack Sparrow|atk|1
|
|upkeep
|
|t:|1759029652
|switch|p1a: Weezing|Weezing-Galar, M|100/100
|-damage|p1a: Weezing|88/100|[from] Stealth Rock
|turn|11
|
|t:|1759029658
|-terastallize|p2a: Quack Sparrow|Flying
|move|p2a: Quack Sparrow|Brave Bird|p1a: Weezing
|-damage|p1a: Weezing|0 fnt
|faint|p1a: Weezing
|-ability|p2a: Quack Sparrow|Moxie|boost
|-boost|p2a: Quack Sparrow|atk|1
|-damage|p2a: Quack Sparrow|72/100|[from] Recoil
|
|upkeep
|-message|SirPops forfeited.
|
|win|AnimaSean0724
|raw|SirPops's rating: 1113 &rarr; <strong>1093</strong><br />(-20 for losing)
|raw|AnimaSean0724's rating: 1179 &rarr; <strong>1199</strong><br />(+20 for winning)
|l|‽SirPops
|player|p1|
