|j|☆AnatiosTheHungry
|j|☆Voghan72
|t:|1758952210
|gametype|singles
|player|p1|AnatiosTheHungry|alder|1071
|player|p2|Voghan72|fantina|1088
|gen|9
|tier|[Gen 9] OU
|rated|
|rule|HP Percentage Mod: HP is shown in percentages
|rule|Endless Battle Clause: Forcing endless battles is banned
|rule|Species Clause: Limit one of each Pokémon
|rule|OHKO Clause: OHKO moves are banned
|rule|Evasion Items Clause: Evasion items are banned
|rule|Evasion Moves Clause: Evasion moves are banned
|rule|Evasion Abilities Clause: Evasion abilities are banned
|rule|Sleep Moves Clause: Sleep-inducing moves are banned
|clearpoke
|poke|p1|Goodra-Hisui, F|
|poke|p1|Torterra, F|
|poke|p1|Kingambit, F|
|poke|p1|Garchomp, M|
|poke|p1|Dragapult, M|
|poke|p1|Hawlucha, F|
|poke|p2|Espeon, M|
|poke|p2|Gliscor, F|
|poke|p2|Cinccino, M|
|poke|p2|Skeledirge, M|
|poke|p2|Meowscarada, F|
|poke|p2|Quaquaval, F|
|teampreview
|inactive|Battle timer is ON: inactive players will automatically lose when time's up. (requested by AnatiosTheHungry)
|
|t:|1758952232
|teamsize|p1|6
|teamsize|p2|6
|start
|switch|p1a: Dragapult|Dragapult, M|100/100
|switch|p2a: Espeon|Espeon, M|100/100
|turn|1
|
|t:|1758952244
|switch|p1a: Kingambit|Kingambit, F|100/100
|move|p2a: Espeon|Thunder Wave|p1a: Kingambit
|-status|p1a: Kingambit|par
|
|upkeep
|turn|2
|
|t:|1758952261
|switch|p2a: Gliscor|Gliscor, F, shiny|100/100
|cant|p1a: Kingambit|par
|
|-status|p2a: Gliscor|tox|[from] item: Toxic Orb
|upkeep
|turn|3
|
|t:|1758952273
|move|p2a: Gliscor|Earthquake|p1a: Kingambit
|-supereffective|p1a: Kingambit
|-crit|p1a: Kingambit
|-damage|p1a: Kingambit|0 fnt
|faint|p1a: Kingambit
|-end|p1a: Kingambit|fallenundefined|[silent]
|
|upkeep
|
|t:|1758952280
|switch|p1a: Goodra|Goodra-Hisui, F|100/100
|turn|4
|
|t:|1758952288
|move|p2a: Gliscor|Earthquake|p1a: Goodra
|-supereffective|p1a: Goodra
|-damage|p1a: Goodra|46/100
|-enditem|p1a: Goodra|Weakness Policy
|-boost|p1a: Goodra|atk|2|[from] item: Weakness Policy
|-boost|p1a: Goodra|spa|2|[from] item: Weakness Policy
|move|p1a: Goodra|Surf|p2a: Gliscor
|-supereffective|p2a: Gliscor
|-damage|p2a: Gliscor|0 fnt
|faint|p2a: Gliscor
|
|upkeep
|
|t:|1758952312
|switch|p2a: Quaquaval|Quaquaval, F|100/100
|turn|5
|
|t:|1758952319
|move|p2a: Quaquaval|Brick Break|p1a: Goodra
|-supereffective|p1a: Goodra
|-damage|p1a: Goodra|0 fnt
|faint|p1a: Goodra
|-ability|p2a: Quaquaval|Moxie|boost
|-boost|p2a: Quaquaval|atk|1
|
|upkeep
|
|t:|1758952326
|switch|p1a: Garchomp|Garchomp, M|100/100
|turn|6
|
|t:|1758952344
|switch|p2a: Espeon|Espeon, M|100/100
|move|p1a: Garchomp|Outrage|p2a: Espeon
|-damage|p2a: Espeon|0 fnt
|faint|p2a: Espeon
|
|upkeep
|
|t:|1758952355
|switch|p2a: Quaquaval|Quaquaval, F|100/100
|turn|7
|
|t:|1758952361
|move|p1a: Garchomp|Outrage|p2a: Quaquaval|[from] lockedmove
|-damage|p2a: Quaquaval|0 fnt
|faint|p2a: Quaquaval
|-start|p1a: Garchomp|confusion|[fatigue]
|
|upkeep
|
|t:|1758952368
|switch|p2a: Meowscarada|Meowscarada, F|100/100
|turn|8
|
|t:|1758952377
|switch|p1a: Hawlucha|Hawlucha, F|100/100
|-ability|p1a: Hawlucha|Mold Breaker
|move|p2a: Meowscarada|Play Rough|p1a: Hawlucha
|-start|p2a: Meowscarada|typechange|Fairy|[from] ability: Protean
|-supereffective|p1a: Hawlucha
|-damage|p1a: Hawlucha|0 fnt
|faint|p1a: Hawlucha
|
|upkeep
|
|t:|1758952389
|switch|p1a: Torterra|Torterra, F|100/100
|turn|9
|
|t:|1758952404
|-terastallize|p1a: Torterra|Bug
|move|p2a: Meowscarada|Play Rough|p1a: Torterra
|-damage|p1a: Torterra|41/100
|move|p1a: Torterra|Hard Press|p2a: Meowscarada
|-supereffective|p2a: Meowscarada
|-damage|p2a: Meowscarada|1/100
|
|upkeep
|turn|10
|
|t:|1758952415
|switch|p2a: Skeledirge|Skeledirge, M, shiny|100/100
|move|p1a: Torterra|Shell Smash|p1a: Torterra
|-unboost|p1a: Torterra|def|1
|-unboost|p1a: Torterra|spd|1
|-boost|p1a: Torterra|atk|2
|-boost|p1a: Torterra|spa|2
|-boost|p1a: Torterra|spe|2
|-enditem|p1a: Torterra|White Herb
|-clearnegativeboost|p1a: Torterra|[silent]
|
|upkeep
|turn|11
|
|t:|1758952432
|move|p1a: Torterra|Headlong Rush|p2a: Skeledirge
|-supereffective|p2a: Skeledirge
|-damage|p2a: Skeledirge|10/100
|-unboost|p1a: Torterra|def|1
|-unboost|p1a: Torterra|spd|1
|move|p2a: Skeledirge|Torch Song|p1a: Torterra
|-supereffective|p1a: Torterra
|-damage|p1a: Torterra|0 fnt
|-boost|p2a: Skeledirge|spa|1
|faint|p1a: Torterra
|
|-heal|p2a: Skeledirge|16/100|[from] item: Leftovers
|upkeep
|
|t:|1758952446
|switch|p1a: Garchomp|Garchomp, M|100/100
|turn|12
|
|t:|1758952462
|move|p1a: Garchomp|Earthquake|p2a: Skeledirge
|-supereffective|p2a: Skeledirge
|-damage|p2a: Skeledirge|0 fnt
|faint|p2a: Skeledirge
|
|upkeep
|
|t:|1758952481
|switch|p2a: Cinccino|Cinccino, M|100/100
|turn|13
|
|t:|1758952486
|move|p2a: Cinccino|Triple Axel|p1a: Garchomp
|-supereffective|p1a: Garchomp
|-damage|p1a: Garchomp|75/100
|-damage|p2a: Cinccino|88/100|[from] ability: Rough Skin|[of] p1a: Garchomp
|-supereffective|p1a: Garchomp
|-damage|p1a: Garchomp|31/100
|-damage|p2a: Cinccino|76/100|[from] ability: Rough Skin|[of] p1a: Garchomp
|-supereffective|p1a: Garchomp
|-damage|p1a: Garchomp|0 fnt
|-damage|p2a: Cinccino|63/100|[from] ability: Rough Skin|[of] p1a: Garchomp
|faint|p1a: Garchomp
|-hitcount|p1: Garchomp|3
|
|upkeep
|
|t:|1758952499
|switch|p1a: Dragapult|Dragapult, M|100/100
|turn|14
|
|t:|1758952511
|move|p1a: Dragapult|Flamethrower|p2a: Cinccino
|-damage|p2a: Cinccino|13/100
|move|p2a: Cinccino|Triple Axel|p1a: Dragapult
|-supereffective|p1a: Dragapult
|-damage|p1a: Dragapult|86/100
|-supereffective|p1a: Dragapult
|-damage|p1a: Dragapult|55/100
|-supereffective|p1a: Dragapult
|-damage|p1a: Dragapult|5/100
|-hitcount|p1a: Dragapult|3
|
|upkeep
|turn|15
|inactive|Voghan72 has 120 seconds left.
|
|t:|1758952546
|move|p1a: Dragapult|Quick Attack|p2a: Cinccino
|-damage|p2a: Cinccino|0 fnt
|faint|p2a: Cinccino
|
|upkeep
|
|t:|1758952550
|switch|p2a: Meowscarada|Meowscarada, F|1/100
|turn|16
|
|t:|1758952555
|move|p1a: Dragapult|Quick Attack|p2a: Meowscarada
|-damage|p2a: Meowscarada|0 fnt
|faint|p2a: Meowscarada
|
|win|AnatiosTheHungry
|raw|AnatiosTheHungry's rating: 1071 &rarr; <strong>1102</strong><br />(+31 for winning)
|raw|Voghan72's rating: 1088 &rarr; <strong>1064</strong><br />(-24 for losing)
|l|☆Voghan72
|player|p2|
|l|☆AnatiosTheHungry
|player|p1|
