|j|☆ash5501
|j|☆richardthe3rdplace
|t:|1759077441
|gametype|singles
|player|p1|ash5501|ethan|1165
|player|p2|richardthe3rdplace|cueball-gen1rb|1137
|gen|9
|tier|[Gen 9] OU
|rated|
|rule|HP Percentage Mod: HP is shown in percentages
|rule|Endless Battle Clause: Forcing endless battles is banned
|rule|Species Clause: Limit one of each Pokémon
|rule|OHKO Clause: OHKO moves are banned
|rule|Evasion Items Clause: Evasion items are banned
|rule|Evasion Moves Clause: Evasion moves are banned
|rule|Evasion Abilities Clause: Evasion abilities are banned
|rule|Sleep Moves Clause: Sleep-inducing moves are banned
|clearpoke
|poke|p1|Cinderace, M|
|poke|p1|Greninja-*, M|
|poke|p1|Serperior, M|
|poke|p1|Slowbro-Galar, F|
|poke|p1|Gliscor, M|
|poke|p1|Dragapult, F|
|poke|p2|Dragonite, F|
|poke|p2|Iron Valiant|
|poke|p2|Moltres|
|poke|p2|Zamazenta-*|
|poke|p2|Iron Treads|
|poke|p2|Seviper, F|
|teampreview
|inactive|Battle timer is ON: inactive players will automatically lose when time's up. (requested by richardthe3rdplace)
|inactive|ash5501 also wants the timer to be on.
|
|t:|1759077460
|teamsize|p1|6
|teamsize|p2|6
|start
|switch|p1a: Serperior|Serperior, M|100/100
|switch|p2a: agent purp|Seviper, F|100/100
|turn|1
|inactive|richardthe3rdplace has 120 seconds left.
|l|☆richardthe3rdplace
|inactive|richardthe3rdplace disconnected and has a minute to reconnect!
|player|p2|
|j|☆richardthe3rdplace
|inactive|richardthe3rdplace reconnected and has 115 seconds left.
|player|p2|richardthe3rdplace|cueball-gen1rb|
|inactive|richardthe3rdplace no longer wants the timer on, but the timer is staying on because ash5501 still does.
|
|t:|1759077511
|-terastallize|p1a: Serperior|Rock
|move|p2a: agent purp|Final Gambit|p1a: Serperior
|-damage|p1a: Serperior|2/100
|faint|p2a: agent purp
|move|p1a: Serperior|Leaf Storm|p2: agent purp|[notarget]
|-fail|p1a: Serperior
|
|-heal|p1a: Serperior|8/100|[from] item: Leftovers
|upkeep
|
|t:|1759077525
|switch|p2a: humble francis|Dragonite, F|100/100
|turn|2
|
|t:|1759077530
|move|p2a: humble francis|Extreme Speed|p1a: Serperior
|-resisted|p1a: Serperior
|-damage|p1a: Serperior|0 fnt
|faint|p1a: Serperior
|
|upkeep
|
|t:|1759077540
|switch|p1a: Gliscor|Gliscor, M|100/100
|turn|3
|inactive|richardthe3rdplace has 90 seconds left.
|
|t:|1759077570
|switch|p2a: iron butt bead|Iron Treads|100/100
|move|p1a: Gliscor|Toxic|p2a: iron butt bead
|-immune|p2a: iron butt bead
|
|-status|p1a: Gliscor|tox|[from] item: Toxic Orb
|upkeep
|turn|4
|
|t:|1759077575
|move|p2a: iron butt bead|Ice Spinner|p1a: Gliscor
|-supereffective|p1a: Gliscor
|-damage|p1a: Gliscor|53/100 tox
|move|p1a: Gliscor|Earthquake|p2a: iron butt bead
|-supereffective|p2a: iron butt bead
|-damage|p2a: iron butt bead|52/100
|
|-heal|p1a: Gliscor|65/100 tox|[from] ability: Poison Heal
|upkeep
|turn|5
|
|t:|1759077580
|move|p1a: Gliscor|Protect|p1a: Gliscor
|-singleturn|p1a: Gliscor|Protect
|move|p2a: iron butt bead|Ice Spinner|p1a: Gliscor
|-activate|p1a: Gliscor|move: Protect
|
|-heal|p1a: Gliscor|78/100 tox|[from] ability: Poison Heal
|upkeep
|turn|6
|
|t:|1759077581
|move|p2a: iron butt bead|Ice Spinner|p1a: Gliscor
|-supereffective|p1a: Gliscor
|-damage|p1a: Gliscor|26/100 tox
|move|p1a: Gliscor|Earthquake|p2a: iron butt bead
|-supereffective|p2a: iron butt bead
|-damage|p2a: iron butt bead|1/100
|
|-heal|p1a: Gliscor|38/100 tox|[from] ability: Poison Heal
|upkeep
|turn|7
|
|t:|1759077586
|move|p1a: Gliscor|Protect|p1a: Gliscor
|-singleturn|p1a: Gliscor|Protect
|move|p2a: iron butt bead|Ice Spinner|p1a: Gliscor
|-activate|p1a: Gliscor|move: Protect
|
|-heal|p1a: Gliscor|51/100 tox|[from] ability: Poison Heal
|upkeep
|turn|8
|
|t:|1759077589
|move|p2a: iron butt bead|Ice Spinner|p1a: Gliscor
|-supereffective|p1a: Gliscor
|-damage|p1a: Gliscor|0 fnt
|faint|p1a: Gliscor
|
|upkeep
|
|t:|1759077592
|switch|p1a: Greninja|Greninja, M|100/100
|turn|9
|
|t:|1759077597
|-end|p2a: iron butt bead|Quark Drive|[silent]
|switch|p2a: ulysses s grant|Zamazenta|100/100
|-ability|p2a: ulysses s grant|Dauntless Shield|boost
|-boost|p2a: ulysses s grant|def|1
|move|p1a: Greninja|Surf|p2a: ulysses s grant
|-damage|p2a: ulysses s grant|63/100
|
|upkeep
|turn|10
|
|t:|1759077602
|move|p2a: ulysses s grant|Close Combat|p1a: Greninja
|-supereffective|p1a: Greninja
|-enditem|p1a: Greninja|Focus Sash
|-damage|p1a: Greninja|1/100
|-unboost|p2a: ulysses s grant|def|1
|-unboost|p2a: ulysses s grant|spd|1
|move|p1a: Greninja|Surf|p2a: ulysses s grant
|-damage|p2a: ulysses s grant|11/100
|
|upkeep
|turn|11
|
|t:|1759077605
|move|p1a: Greninja|Water Shuriken|p2a: ulysses s grant
|-damage|p2a: ulysses s grant|2/100
|-damage|p2a: ulysses s grant|0 fnt
|faint|p2a: ulysses s grant
|-ability|p1a: Greninja|Battle Bond|boost
|-boost|p1a: Greninja|atk|1
|-boost|p1a: Greninja|spa|1
|-boost|p1a: Greninja|spe|1
|-activate|p1a: Greninja|ability: Battle Bond
|-hitcount|p2: ulysses s grant|2
|
|upkeep
|
|t:|1759077609
|switch|p2a: humble francis|Dragonite, F|100/100
|turn|12
|
|t:|1759077616
|switch|p1a: Dragapult|Dragapult, F|100/100
|move|p2a: humble francis|Extreme Speed|p1a: Dragapult
|-immune|p1a: Dragapult
|
|upkeep
|turn|13
|
|t:|1759077620
|-terastallize|p2a: humble francis|Normal
|move|p1a: Dragapult|Dragon Darts|p2a: humble francis
|-damage|p2a: humble francis|80/100
|-anim|p1a: Dragapult|Dragon Darts|p2a: humble francis
|-damage|p2a: humble francis|38/100
|move|p2a: humble francis|Dragon Dance|p2a: humble francis
|-boost|p2a: humble francis|atk|1
|-boost|p2a: humble francis|spe|1
|
|upkeep
|turn|14
|
|t:|1759077626
|move|p1a: Dragapult|Dragon Darts|p2a: humble francis
|-damage|p2a: humble francis|0 fnt
|faint|p2a: humble francis
|
|upkeep
|
|t:|1759077631
|switch|p2a: james buchannan|Iron Valiant|100/100
|-enditem|p2a: james buchannan|Booster Energy
|-activate|p2a: james buchannan|ability: Quark Drive|[fromitem]
|-start|p2a: james buchannan|quarkdrivespe
|turn|15
|
|t:|1759077635
|switch|p1a: Greninja|Greninja, M|1/100
|move|p2a: james buchannan|Encore||[still]
|-fail|p2a: james buchannan
|
|upkeep
|turn|16
|
|t:|1759077641
|move|p1a: Greninja|Water Shuriken|p2a: james buchannan
|-damage|p2a: james buchannan|88/100
|-damage|p2a: james buchannan|75/100
|-damage|p2a: james buchannan|64/100
|-hitcount|p2a: james buchannan|3
|move|p2a: james buchannan|Swords Dance|p2a: james buchannan
|-boost|p2a: james buchannan|atk|2
|
|upkeep
|turn|17
|
|t:|1759077648
|move|p1a: Greninja|Water Shuriken|p2a: james buchannan
|-damage|p2a: james buchannan|51/100
|-damage|p2a: james buchannan|40/100
|-damage|p2a: james buchannan|28/100
|-hitcount|p2a: james buchannan|3
|move|p2a: james buchannan|Knock Off|p1a: Greninja
|-resisted|p1a: Greninja
|-damage|p1a: Greninja|0 fnt
|faint|p1a: Greninja
|
|upkeep
|c|☆richardthe3rdplace|you might actually be stupid btw
|inactive|ash5501 has 120 seconds left.
|n|☆ash5501|ash5501
|c|☆ash5501|ur fat
|c|☆richardthe3rdplace|did it really take you 30 seconds to come up with that one
|
|t:|1759077704
|switch|p1a: Cinderace|Cinderace, M|100/100
|turn|18
|
|t:|1759077712
|move|p1a: Cinderace|Sucker Punch|p2a: james buchannan
|-start|p1a: Cinderace|typechange|Dark|[from] ability: Libero
|-resisted|p2a: james buchannan
|-damage|p2a: james buchannan|17/100
|move|p2a: james buchannan|Close Combat|p1a: Cinderace
|-supereffective|p1a: Cinderace
|-damage|p1a: Cinderace|0 fnt
|-unboost|p2a: james buchannan|def|1
|-unboost|p2a: james buchannan|spd|1
|faint|p1a: Cinderace
|
|upkeep
|
|t:|1759077723
|switch|p1a: Slowbro|Slowbro-Galar, F|100/100
|turn|19
|-activate|p1a: Slowbro|ability: Quick Draw
|
|t:|1759077729
|move|p1a: Slowbro|Psychic|p2a: james buchannan
|-supereffective|p2a: james buchannan
|-damage|p2a: james buchannan|0 fnt
|faint|p2a: james buchannan
|-end|p2a: james buchannan|Quark Drive|[silent]
|-damage|p1a: Slowbro|91/100|[from] item: Life Orb
|
|upkeep
|
|t:|1759077734
|switch|p2a: iron butt bead|Iron Treads|1/100
|turn|20
|
|t:|1759077738
|move|p2a: iron butt bead|Earthquake|p1a: Slowbro
|-supereffective|p1a: Slowbro
|-damage|p1a: Slowbro|24/100
|move|p1a: Slowbro|Surf|p2a: iron butt bead
|-supereffective|p2a: iron butt bead
|-damage|p2a: iron butt bead|0 fnt
|faint|p2a: iron butt bead
|-end|p2a: iron butt bead|Quark Drive|[silent]
|-damage|p1a: Slowbro|14/100|[from] item: Life Orb
|
|upkeep
|
|t:|1759077741
|switch|p2a: birdo|Moltres|100/100
|turn|21
|-activate|p1a: Slowbro|ability: Quick Draw
|
|t:|1759077747
|move|p1a: Slowbro|Shell Side Arm|p2a: birdo|[anim] Shell Side Arm Special
|-crit|p2a: birdo
|-damage|p2a: birdo|7/100
|-hint|Special Shell Side Arm
|-damage|p1a: Slowbro|4/100|[from] item: Life Orb
|move|p2a: birdo|Hurricane|p1a: Slowbro
|-damage|p1a: Slowbro|0 fnt
|faint|p1a: Slowbro
|
|upkeep
|
|t:|1759077753
|switch|p1a: Dragapult|Dragapult, F|100/100
|turn|22
|c|☆ash5501|L
|c|☆richardthe3rdplace|lmao
|c|☆richardthe3rdplace|winning despite playing worse
|c|☆richardthe3rdplace|god you truly are butt at this game
|c|☆ash5501|thats sad
|c|☆ash5501|for u
|
|t:|1759077767
|move|p1a: Dragapult|Dragon Darts|p2a: birdo
|-damage|p2a: birdo|0 fnt
|faint|p2a: birdo
|
|win|ash5501
|raw|ash5501's rating: 1165 &rarr; <strong>1188</strong><br />(+23 for winning)
|raw|richardthe3rdplace's rating: 1137 &rarr; <strong>1114</strong><br />(-23 for losing)
|l|☆richardthe3rdplace
|player|p2|
|l|☆ash5501
|player|p1|
