|j|☆Ant351
|j|☆Inizia
|t:|1758960207
|gametype|singles
|player|p1|Ant351|266|1267
|player|p2|Inizia|flannery|1207
|gen|9
|tier|[Gen 9] OU
|rated|
|rule|HP Percentage Mod: HP is shown in percentages
|rule|Endless Battle Clause: Forcing endless battles is banned
|rule|Species Clause: Limit one of each Pokémon
|rule|OHKO Clause: OHKO moves are banned
|rule|Evasion Items Clause: Evasion items are banned
|rule|Evasion Moves Clause: Evasion moves are banned
|rule|Evasion Abilities Clause: Evasion abilities are banned
|rule|Sleep Moves Clause: Sleep-inducing moves are banned
|clearpoke
|poke|p1|Porygon2|
|poke|p1|Bronzong|
|poke|p1|Ursaluna, F|
|poke|p1|Torkoal, M|
|poke|p1|Dondozo, M|
|poke|p1|Slowbro-Galar, M|
|poke|p2|Ribombee, F|
|poke|p2|Cinderace, M|
|poke|p2|Serperior, F|
|poke|p2|Dragapult, M|
|poke|p2|Bisharp, F|
|poke|p2|Landorus-Therian, M|
|teampreview
|inactive|Battle timer is ON: inactive players will automatically lose when time's up. (requested by Inizia)
|
|t:|1758960217
|teamsize|p1|6
|teamsize|p2|6
|start
|switch|p1a: Porygon2|Porygon2|100/100
|switch|p2a: Ribombee|Ribombee, F|100/100
|-ability|p1a: Porygon2|Download|boost
|-boost|p1a: Porygon2|atk|1
|turn|1
|
|t:|1758960225
|move|p2a: Ribombee|Sticky Web|p1a: Porygon2
|-sidestart|p1: Ant351|move: Sticky Web
|move|p1a: Porygon2|Trick Room|p1a: Porygon2
|-fieldstart|move: Trick Room|[of] p1a: Porygon2
|
|upkeep
|turn|2
|
|t:|1758960233
|switch|p1a: Bronzong|Bronzong|100/100
|move|p2a: Ribombee|Moonblast|p1a: Bronzong
|-resisted|p1a: Bronzong
|-damage|p1a: Bronzong|85/100
|
|upkeep
|turn|3
|
|t:|1758960240
|move|p1a: Bronzong|Trick|p2a: Ribombee
|-activate|p1a: Bronzong|move: Trick|[of] p2a: Ribombee
|-item|p2a: Ribombee|Choice Scarf|[from] move: Trick
|-item|p1a: Bronzong|Focus Sash|[from] move: Trick
|move|p2a: Ribombee|Psychic Noise|p1a: Bronzong
|-resisted|p1a: Bronzong
|-damage|p1a: Bronzong|80/100
|-start|p1a: Bronzong|move: Heal Block
|
|upkeep
|turn|4
|
|t:|1758960253
|move|p1a: Bronzong|Light Screen|p1a: Bronzong
|-sidestart|p1: Ant351|move: Light Screen
|move|p2a: Ribombee|Psychic Noise|p1a: Bronzong
|-resisted|p1a: Bronzong
|-damage|p1a: Bronzong|78/100
|
|-end|p1a: Bronzong|move: Heal Block
|upkeep
|turn|5
|
|t:|1758960266
|switch|p2a: Cinderace|Cinderace, M|100/100
|move|p1a: Bronzong|Extrasensory|p2a: Cinderace
|-damage|p2a: Cinderace|65/100
|
|-fieldend|move: Trick Room
|upkeep
|turn|6
|
|t:|1758960275
|move|p2a: Cinderace|Court Change|p2a: Cinderace
|-swapsideconditions
|-activate|p2a: Cinderace|move: Court Change
|move|p1a: Bronzong|Trick Room|p1a: Bronzong
|-fieldstart|move: Trick Room|[of] p1a: Bronzong
|
|upkeep
|turn|7
|
|t:|1758960291
|switch|p1a: Ursaluna|Ursaluna, F|100/100
|move|p2a: Cinderace|Pyro Ball|p1a: Ursaluna
|-damage|p1a: Ursaluna|58/100
|
|-status|p1a: Ursaluna|brn|[from] item: Flame Orb
|upkeep
|turn|8
|
|t:|1758960301
|switch|p2a: Ribombee|Ribombee, F|100/100
|-activate|p2a: Ribombee|move: Sticky Web
|-unboost|p2a: Ribombee|spe|1
|move|p1a: Ursaluna|Facade|p2a: Ribombee
|-damage|p2a: Ribombee|0 fnt
|faint|p2a: Ribombee
|
|-damage|p1a: Ursaluna|52/100 brn|[from] brn
|-sideend|p2: Inizia|move: Light Screen
|upkeep
|
|t:|1758960309
|switch|p2a: Dragapult|Dragapult, M|100/100
|-activate|p2a: Dragapult|move: Sticky Web
|-fail|p2a: Dragapult|unboost|[from] ability: Clear Body|[of] p2a: Dragapult
|turn|9
|
|t:|1758960322
|move|p1a: Ursaluna|Earthquake|p2a: Dragapult
|-damage|p2a: Dragapult|0 fnt
|faint|p2a: Dragapult
|
|-damage|p1a: Ursaluna|46/100 brn|[from] brn
|upkeep
|
|t:|1758960332
|switch|p2a: Bisharp|Bisharp, F|100/100
|-activate|p2a: Bisharp|move: Sticky Web
|-unboost|p2a: Bisharp|spe|1
|-ability|p2a: Bisharp|Defiant|boost
|-boost|p2a: Bisharp|atk|2
|turn|10
|
|t:|1758960346
|-terastallize|p1a: Ursaluna|Fighting
|move|p2a: Bisharp|Sucker Punch|p1a: Ursaluna
|-resisted|p1a: Ursaluna
|-damage|p1a: Ursaluna|17/100 brn
|move|p1a: Ursaluna|Close Combat|p2a: Bisharp
|-supereffective|p2a: Bisharp
|-damage|p2a: Bisharp|0 fnt
|-unboost|p1a: Ursaluna|def|1
|-unboost|p1a: Ursaluna|spd|1
|faint|p2a: Bisharp
|
|-damage|p1a: Ursaluna|11/100 brn|[from] brn
|-fieldend|move: Trick Room
|upkeep
|
|t:|1758960356
|switch|p2a: Landorus|Landorus-Therian, M|100/100
|-ability|p2a: Landorus|Intimidate|boost
|-unboost|p1a: Ursaluna|atk|1
|turn|11
|
|t:|1758960365
|move|p2a: Landorus|Earthquake|p1a: Ursaluna
|-damage|p1a: Ursaluna|0 fnt
|faint|p1a: Ursaluna
|
|upkeep
|
|t:|1758960375
|switch|p1a: Porygon2|Porygon2|100/100
|-ability|p1a: Porygon2|Download|boost
|-boost|p1a: Porygon2|spa|1
|turn|12
|
|t:|1758960381
|move|p2a: Landorus|Earthquake|p1a: Porygon2
|-damage|p1a: Porygon2|71/100
|move|p1a: Porygon2|Trick Room|p1a: Porygon2
|-fieldstart|move: Trick Room|[of] p1a: Porygon2
|
|upkeep
|turn|13
|
|t:|1758960387
|switch|p1a: Torkoal|Torkoal, M|100/100
|-weather|SunnyDay|[from] ability: Drought|[of] p1a: Torkoal
|move|p2a: Landorus|Bulk Up|p2a: Landorus
|-boost|p2a: Landorus|atk|1
|-boost|p2a: Landorus|def|1
|
|-weather|SunnyDay|[upkeep]
|upkeep
|turn|14
|
|t:|1758960399
|move|p1a: Torkoal|Eruption|p2a: Landorus
|-damage|p2a: Landorus|0 fnt
|faint|p2a: Landorus
|
|-weather|SunnyDay|[upkeep]
|upkeep
|
|t:|1758960405
|switch|p2a: Cinderace|Cinderace, M|65/100
|turn|15
|
|t:|1758960409
|move|p1a: Torkoal|Eruption|p2a: Cinderace
|-resisted|p2a: Cinderace
|-damage|p2a: Cinderace|0 fnt
|faint|p2a: Cinderace
|
|-weather|SunnyDay|[upkeep]
|upkeep
|
|t:|1758960412
|switch|p2a: Serperior|Serperior, F|100/100
|-activate|p2a: Serperior|move: Sticky Web
|-boost|p2a: Serperior|spe|1
|turn|16
|
|t:|1758960420
|-terastallize|p2a: Serperior|Fire
|move|p1a: Torkoal|Eruption|p2a: Serperior
|-resisted|p2a: Serperior
|-damage|p2a: Serperior|20/100
|move|p2a: Serperior|Leaf Storm|p1a: Torkoal
|-resisted|p1a: Torkoal
|-damage|p1a: Torkoal|71/100
|-boost|p2a: Serperior|spa|2
|
|-weather|SunnyDay|[upkeep]
|-heal|p2a: Serperior|26/100|[from] item: Leftovers
|-fieldend|move: Trick Room
|upkeep
|turn|17
|
|t:|1758960433
|move|p2a: Serperior|Leaf Storm|p1a: Torkoal
|-resisted|p1a: Torkoal
|-damage|p1a: Torkoal|14/100
|-boost|p2a: Serperior|spa|2
|move|p1a: Torkoal|Eruption|p2a: Serperior
|-resisted|p2a: Serperior
|-damage|p2a: Serperior|14/100
|
|-weather|none
|-heal|p2a: Serperior|20/100|[from] item: Leftovers
|upkeep
|turn|18
|
|t:|1758960456
|switch|p1a: Dondozo|Dondozo, M|100/100
|move|p2a: Serperior|Leaf Storm|p1a: Dondozo
|-supereffective|p1a: Dondozo
|-damage|p1a: Dondozo|17/100
|-boost|p2a: Serperior|spa|2
|
|-heal|p2a: Serperior|26/100|[from] item: Leftovers
|upkeep
|turn|19
|
|t:|1758960469
|move|p2a: Serperior|Dragon Pulse|p1a: Dondozo
|-damage|p1a: Dondozo|0 fnt
|faint|p1a: Dondozo
|
|-heal|p2a: Serperior|32/100|[from] item: Leftovers
|upkeep
|inactive|Ant351 has 120 seconds left.
|
|t:|1758960488
|switch|p1a: Slowbro|Slowbro-Galar, M|100/100
|turn|20
|
|t:|1758960497
|move|p2a: Serperior|Tera Blast|p1a: Slowbro|[anim] Tera Blast Fire
|-damage|p1a: Slowbro|0 fnt
|faint|p1a: Slowbro
|
|-heal|p2a: Serperior|39/100|[from] item: Leftovers
|upkeep
|
|t:|1758960505
|switch|p1a: Porygon2|Porygon2|71/100
|-ability|p1a: Porygon2|Download|boost
|-boost|p1a: Porygon2|atk|1
|turn|21
|
|t:|1758960509
|move|p2a: Serperior|Tera Blast|p1a: Porygon2|[anim] Tera Blast Fire
|-crit|p1a: Porygon2
|-damage|p1a: Porygon2|0 fnt
|faint|p1a: Porygon2
|
|-heal|p2a: Serperior|45/100|[from] item: Leftovers
|upkeep
|
|t:|1758960512
|switch|p1a: Torkoal|Torkoal, M|14/100
|-weather|SunnyDay|[from] ability: Drought|[of] p1a: Torkoal
|turn|22
|
|t:|1758960518
|move|p2a: Serperior|Dragon Pulse|p1a: Torkoal
|-damage|p1a: Torkoal|0 fnt
|faint|p1a: Torkoal
|
|-weather|SunnyDay|[upkeep]
|-heal|p2a: Serperior|51/100|[from] item: Leftovers
|upkeep
|
|t:|1758960521
|switch|p1a: Bronzong|Bronzong|78/100
|turn|23
|
|t:|1758960524
|move|p2a: Serperior|Tera Blast|p1a: Bronzong|[anim] Tera Blast Fire
|-supereffective|p1a: Bronzong
|-damage|p1a: Bronzong|0 fnt
|faint|p1a: Bronzong
|
|win|Inizia
|raw|Ant351's rating: 1267 &rarr; <strong>1238</strong><br />(-29 for losing)
|raw|Inizia's rating: 1207 &rarr; <strong>1236</strong><br />(+29 for winning)
|l|☆Ant351
|player|p1|
|l|☆Inizia
|player|p2|
