|badge|p1|silver|gen9uu|30-6
|uhtml|medal-msg|<div class="broadcast-blue">Curious what those medals under the avatar are? PS now has Ladder Seasons! For more information, check out the <a href="https://www.smogon.com/forums/threads/3740067/">thread on Smogon.</a></div>
|j|☆ulky
|j|☆Obito 2001
|t:|1758996961
|gametype|singles
|player|p1|ulky|rosa|1711
|player|p2|Obito 2001|blue-gen3two|1761
|gen|9
|tier|[Gen 9] OU
|rated|
|rule|HP Percentage Mod: HP is shown in percentages
|rule|Endless Battle Clause: Forcing endless battles is banned
|rule|Species Clause: Limit one of each Pokémon
|rule|OHKO Clause: OHKO moves are banned
|rule|Evasion Items Clause: Evasion items are banned
|rule|Evasion Moves Clause: Evasion moves are banned
|rule|Evasion Abilities Clause: Evasion abilities are banned
|rule|Sleep Moves Clause: Sleep-inducing moves are banned
|clearpoke
|poke|p1|Kingambit, M|
|poke|p1|Deoxys-Speed|
|poke|p1|Great Tusk|
|poke|p1|Dragonite, M|
|poke|p1|Iron Moth|
|poke|p1|Primarina, F|
|poke|p2|Kingambit, M|
|poke|p2|Landorus-Therian, M|
|poke|p2|Raging Bolt|
|poke|p2|Glimmora, F|
|poke|p2|Dragapult, M|
|poke|p2|Cinderace, F|
|teampreview
|inactive|Battle timer is ON: inactive players will automatically lose when time's up. (requested by Obito 2001)
|
|t:|1758996981
|teamsize|p1|6
|teamsize|p2|6
|start
|switch|p1a: Moebius|Deoxys-Speed|100/100
|switch|p2a: Toxica|Glimmora, F|100/100
|-ability|p1a: Moebius|Pressure
|turn|1
|
|t:|1758996985
|switch|p2a: Sosuke Aizen|Kingambit, M, shiny|100/100
|move|p1a: Moebius|Psycho Boost|p2a: Sosuke Aizen
|-immune|p2a: Sosuke Aizen
|
|upkeep
|turn|2
|
|t:|1758996994
|switch|p1a: Anomaly|Great Tusk|100/100
|-enditem|p1a: Anomaly|Booster Energy
|-activate|p1a: Anomaly|ability: Protosynthesis|[fromitem]
|-start|p1a: Anomaly|protosynthesisatk
|move|p2a: Sosuke Aizen|Sucker Punch||[still]
|-fail|p2a: Sosuke Aizen
|
|upkeep
|turn|3
|inactive|ulky has 120 seconds left.
|
|t:|1758997041
|-end|p2a: Sosuke Aizen|fallenundefined|[silent]
|switch|p2a: Landorus|Landorus-Therian, M|100/100
|-ability|p2a: Landorus|Intimidate|boost
|-unboost|p1a: Anomaly|atk|1
|move|p1a: Anomaly|Ice Spinner|p2a: Landorus
|-supereffective|p2a: Landorus
|-damage|p2a: Landorus|2/100
|-damage|p1a: Anomaly|84/100|[from] item: Rocky Helmet|[of] p2a: Landorus
|
|upkeep
|turn|4
|
|t:|1758997048
|move|p2a: Landorus|Stealth Rock|p1a: Anomaly
|-sidestart|p1: ulky|move: Stealth Rock
|move|p1a: Anomaly|Rapid Spin|p2a: Landorus
|-damage|p2a: Landorus|0 fnt
|-boost|p1a: Anomaly|spe|1
|-damage|p1a: Anomaly|68/100|[from] item: Rocky Helmet|[of] p2a: Landorus
|-sideend|p1: ulky|Stealth Rock|[from] move: Rapid Spin|[of] p1a: Anomaly
|faint|p2a: Landorus
|
|upkeep
|
|t:|1758997054
|switch|p2a: DraGhost|Dragapult, M|100/100
|turn|5
|inactive|ulky has 120 seconds left.
|
|t:|1758997080
|move|p1a: Anomaly|Ice Spinner|p2a: DraGhost
|-supereffective|p2a: DraGhost
|-damage|p2a: DraGhost|33/100
|move|p2a: DraGhost|Will-O-Wisp|p1a: Anomaly
|-status|p1a: Anomaly|brn
|
|-heal|p2a: DraGhost|39/100|[from] item: Leftovers
|-damage|p1a: Anomaly|61/100 brn|[from] brn
|upkeep
|turn|6
|
|t:|1758997084
|move|p1a: Anomaly|Headlong Rush|p2a: DraGhost
|-damage|p2a: DraGhost|3/100
|-unboost|p1a: Anomaly|def|1
|-unboost|p1a: Anomaly|spd|1
|move|p2a: DraGhost|Hex|p1a: Anomaly
|-damage|p1a: Anomaly|0 fnt
|faint|p1a: Anomaly
|-end|p1a: Anomaly|Protosynthesis|[silent]
|
|-heal|p2a: DraGhost|9/100|[from] item: Leftovers
|upkeep
|
|t:|1758997093
|switch|p1a: Moebius|Deoxys-Speed|100/100
|-ability|p1a: Moebius|Pressure
|turn|7
|
|t:|1758997096
|switch|p2a: Sosuke Aizen|Kingambit, M, shiny|100/100
|-activate|p2a: Sosuke Aizen|ability: Supreme Overlord
|-start|p2a: Sosuke Aizen|fallen1|[silent]
|move|p1a: Moebius|Shadow Ball|p2a: Sosuke Aizen
|-resisted|p2a: Sosuke Aizen
|-damage|p2a: Sosuke Aizen|85/100
|-damage|p1a: Moebius|91/100|[from] item: Life Orb
|
|-heal|p2a: Sosuke Aizen|91/100|[from] item: Leftovers
|upkeep
|turn|8
|
|t:|1758997105
|move|p2a: Sosuke Aizen|Sucker Punch|p1a: Moebius
|-supereffective|p1a: Moebius
|-damage|p1a: Moebius|0 fnt
|faint|p1a: Moebius
|
|-heal|p2a: Sosuke Aizen|97/100|[from] item: Leftovers
|upkeep
|
|t:|1758997113
|switch|p1a: Anomаly|Iron Moth|100/100
|-enditem|p1a: Anomаly|Booster Energy
|-activate|p1a: Anomаly|ability: Quark Drive|[fromitem]
|-start|p1a: Anomаly|quarkdrivespe
|turn|9
|
|t:|1758997116
|-end|p2a: Sosuke Aizen|fallen1|[silent]
|switch|p2a: Toxica|Glimmora, F|100/100
|move|p1a: Anomаly|Fiery Dance|p2a: Toxica
|-resisted|p2a: Toxica
|-damage|p2a: Toxica|72/100
|
|upkeep
|turn|10
|
|t:|1758997126
|-terastallize|p1a: Anomаly|Ground
|move|p1a: Anomаly|Tera Blast|p2a: Toxica|[anim] Tera Blast Ground
|-supereffective|p2a: Toxica
|-damage|p2a: Toxica|0 fnt
|faint|p2a: Toxica
|
|upkeep
|
|t:|1758997133
|switch|p2a: BunnyGirlSenpai|Cinderace, F|100/100
|turn|11
|
|t:|1758997136
|move|p1a: Anomаly|Sludge Wave|p2a: BunnyGirlSenpai
|-damage|p2a: BunnyGirlSenpai|46/100
|move|p2a: BunnyGirlSenpai|Pyro Ball|p1a: Anomаly
|-damage|p1a: Anomаly|32/100
|
|upkeep
|turn|12
|
|t:|1758997142
|move|p1a: Anomаly|Toxic Spikes|p2a: BunnyGirlSenpai
|-sidestart|p2: Obito 2001|move: Toxic Spikes
|move|p2a: BunnyGirlSenpai|Pyro Ball|p1a: Anomаly
|-damage|p1a: Anomаly|0 fnt
|faint|p1a: Anomаly
|-end|p1a: Anomаly|Quark Drive|[silent]
|
|upkeep
|
|t:|1758997164
|switch|p1a: Yoshi|Dragonite, M, shiny|100/100
|turn|13
|
|t:|1758997175
|-terastallize|p2a: BunnyGirlSenpai|Ghost
|move|p1a: Yoshi|Extreme Speed|p2a: BunnyGirlSenpai
|-immune|p2a: BunnyGirlSenpai
|move|p2a: BunnyGirlSenpai|Will-O-Wisp|p1a: Yoshi
|-status|p1a: Yoshi|brn
|
|-damage|p1a: Yoshi|94/100 brn|[from] brn
|upkeep
|turn|14
|
|t:|1758997179
|switch|p1a: Siren|Primarina, F|100/100
|move|p2a: BunnyGirlSenpai|Court Change|p2a: BunnyGirlSenpai
|-swapsideconditions
|-activate|p2a: BunnyGirlSenpai|move: Court Change
|
|upkeep
|turn|15
|
|t:|1758997191
|move|p2a: BunnyGirlSenpai|Pyro Ball|p1a: Siren
|-resisted|p1a: Siren
|-damage|p1a: Siren|67/100
|move|p1a: Siren|Moonblast|p2a: BunnyGirlSenpai
|-damage|p2a: BunnyGirlSenpai|0 fnt
|faint|p2a: BunnyGirlSenpai
|
|upkeep
|
|t:|1758997194
|switch|p2a: Zenitsu|Raging Bolt|100/100
|turn|16
|
|t:|1758997198
|move|p2a: Zenitsu|Thunderbolt|p1a: Siren
|-supereffective|p1a: Siren
|-damage|p1a: Siren|5/100
|move|p1a: Siren|Moonblast|p2a: Zenitsu
|-supereffective|p2a: Zenitsu
|-damage|p2a: Zenitsu|0 fnt
|faint|p2a: Zenitsu
|-end|p2a: Zenitsu|Protosynthesis|[silent]
|
|upkeep
|
|t:|1758997204
|switch|p2a: DraGhost|Dragapult, M|9/100
|turn|17
|
|t:|1758997208
|move|p2a: DraGhost|Hex|p1a: Siren
|-damage|p1a: Siren|0 fnt
|faint|p1a: Siren
|
|-heal|p2a: DraGhost|15/100|[from] item: Leftovers
|upkeep
|
|t:|1758997209
|switch|p1a: Yoshi|Dragonite, M, shiny|94/100 brn
|turn|18
|
|t:|1758997214
|move|p2a: DraGhost|Hex|p1a: Yoshi
|-damage|p1a: Yoshi|37/100 brn
|move|p1a: Yoshi|Fire Punch|p2a: DraGhost
|-resisted|p2a: DraGhost
|-damage|p2a: DraGhost|0 fnt
|faint|p2a: DraGhost
|
|-damage|p1a: Yoshi|30/100 brn|[from] brn
|upkeep
|
|t:|1758997219
|switch|p2a: Sosuke Aizen|Kingambit, M, shiny|97/100
|-activate|p2a: Sosuke Aizen|ability: Supreme Overlord
|-start|p2a: Sosuke Aizen|fallen5|[silent]
|turn|19
|
|t:|1758997222
|move|p2a: Sosuke Aizen|Sucker Punch|p1a: Yoshi
|-damage|p1a: Yoshi|0 fnt
|faint|p1a: Yoshi
|
|-heal|p2a: Sosuke Aizen|100/100|[from] item: Leftovers
|upkeep
|
|t:|1758997224
|switch|p1a: Meruem|Kingambit, M|100/100
|-activate|p1a: Meruem|ability: Supreme Overlord
|-start|p1a: Meruem|fallen5|[silent]
|turn|20
|
|t:|1758997225
|move|p1a: Meruem|Swords Dance|p1a: Meruem
|-boost|p1a: Meruem|atk|2
|move|p2a: Sosuke Aizen|Low Kick|p1a: Meruem
|-supereffective|p1a: Meruem
|-damage|p1a: Meruem|0 fnt
|faint|p1a: Meruem
|-end|p1a: Meruem|fallen5|[silent]
|
|win|Obito 2001
|raw|ulky's rating: 1693 &rarr; <strong>1677</strong><br />(-16 for losing)
|raw|Obito 2001's rating: 1761 &rarr; <strong>1777</strong><br />(+16 for winning)
|l|☆ulky
|player|p1|
