|j|☆Lolgasm
|j|☆redner bo
|t:|1759034239
|gametype|singles
|player|p1|Lolgasm|101|1490
|player|p2|redner bo|266|1476
|gen|9
|tier|[Gen 9] OU
|rated|
|rule|HP Percentage Mod: HP is shown in percentages
|rule|Endless Battle Clause: Forcing endless battles is banned
|rule|Species Clause: Limit one of each Pokémon
|rule|OHKO Clause: OHKO moves are banned
|rule|Evasion Items Clause: Evasion items are banned
|rule|Evasion Moves Clause: Evasion moves are banned
|rule|Evasion Abilities Clause: Evasion abilities are banned
|rule|Sleep Moves Clause: Sleep-inducing moves are banned
|clearpoke
|poke|p1|Ninetales, M|
|poke|p1|Walking Wake|
|poke|p1|Hatterene, F|
|poke|p1|Great Tusk|
|poke|p1|Blaziken, F|
|poke|p1|Ceruledge, M|
|poke|p2|Primarina, F|
|poke|p2|Latios, M|
|poke|p2|Weavile, F|
|poke|p2|Ceruledge, M|
|poke|p2|Corviknight, M|
|poke|p2|Garganacl, M|
|teampreview
|inactive|Battle timer is ON: inactive players will automatically lose when time's up. (requested by Lolgasm)
|
|t:|1759034251
|teamsize|p1|6
|teamsize|p2|6
|start
|switch|p1a: Daydream|Ninetales, M, shiny|100/100
|switch|p2a: Garganacl|Garganacl, M, shiny|100/100
|-weather|SunnyDay|[from] ability: Drought|[of] p1a: Daydream
|turn|1
|
|t:|1759034264
|switch|p1a: Duko|Hatterene, F, shiny|100/100
|move|p2a: Garganacl|Salt Cure|p1a: Duko
|-damage|p1a: Duko|88/100
|-start|p1a: Duko|Salt Cure
|-enditem|p1a: Duko|Eject Button
|
|t:|1759034285
|switch|p1a: Glass Shadows|Ceruledge, M, shiny|100/100
|
|-weather|SunnyDay|[upkeep]
|upkeep
|turn|2
|
|t:|1759034302
|switch|p2a: Latios|Latios, M|100/100
|move|p1a: Glass Shadows|Bitter Blade|p2a: Latios
|-resisted|p2a: Latios
|-damage|p2a: Latios|52/100
|
|-weather|SunnyDay|[upkeep]
|upkeep
|turn|3
|
|t:|1759034312
|move|p1a: Glass Shadows|Endure|p1a: Glass Shadows
|-singleturn|p1a: Glass Shadows|move: Endure
|move|p2a: Latios|Trick|p1a: Glass Shadows
|-activate|p2a: Latios|move: Trick|[of] p1a: Glass Shadows
|-item|p1a: Glass Shadows|Choice Scarf|[from] move: Trick
|-item|p2a: Latios|Weakness Policy|[from] move: Trick
|
|-weather|SunnyDay|[upkeep]
|upkeep
|turn|4
|inactive|Lolgasm has 120 seconds left.
|
|t:|1759034335
|switch|p2a: Garganacl|Garganacl, M, shiny|100/100
|move|p1a: Glass Shadows|Poltergeist|p2a: Garganacl
|-activate|p2a: Garganacl|move: Poltergeist|Leftovers
|-damage|p2a: Garganacl|80/100
|
|-weather|SunnyDay|[upkeep]
|-heal|p2a: Garganacl|86/100|[from] item: Leftovers
|upkeep
|turn|5
|
|t:|1759034344
|switch|p1a: Mr. Banana|Walking Wake|100/100
|-activate|p1a: Mr. Banana|ability: Protosynthesis
|-start|p1a: Mr. Banana|protosynthesisspe
|move|p2a: Garganacl|Salt Cure|p1a: Mr. Banana
|-damage|p1a: Mr. Banana|86/100
|-start|p1a: Mr. Banana|Salt Cure
|
|-weather|SunnyDay|[upkeep]
|-heal|p2a: Garganacl|92/100|[from] item: Leftovers
|-damage|p1a: Mr. Banana|62/100|[from] Salt Cure
|upkeep
|turn|6
|
|t:|1759034354
|switch|p2a: Latios|Latios, M|52/100
|-terastallize|p1a: Mr. Banana|Water
|move|p1a: Mr. Banana|Hydro Steam|p2a: Latios
|-resisted|p2a: Latios
|-damage|p2a: Latios|0 fnt
|faint|p2a: Latios
|
|-weather|SunnyDay|[upkeep]
|-damage|p1a: Mr. Banana|37/100|[from] Salt Cure
|upkeep
|
|t:|1759034365
|switch|p2a: Primarina|Primarina, F|100/100
|turn|7
|
|t:|1759034382
|-end|p1a: Mr. Banana|Protosynthesis|[silent]
|switch|p1a: Duko|Hatterene, F, shiny|88/100
|switch|p2a: Weavile|Weavile, F|100/100
|-ability|p2a: Weavile|Pressure
|
|-weather|SunnyDay|[upkeep]
|upkeep
|turn|8
|
|t:|1759034400
|move|p2a: Weavile|Triple Axel|p1a: Duko
|-damage|p1a: Duko|80/100
|-damage|p1a: Duko|64/100
|-damage|p1a: Duko|39/100
|-hitcount|p1a: Duko|3
|move|p1a: Duko|Nuzzle|p2a: Weavile
|-damage|p2a: Weavile|93/100
|-status|p2a: Weavile|par
|
|-weather|none
|upkeep
|turn|9
|
|t:|1759034408
|move|p2a: Weavile|Triple Axel|p1a: Duko
|-damage|p1a: Duko|32/100
|-damage|p1a: Duko|15/100
|-damage|p1a: Duko|0 fnt
|faint|p1a: Duko
|-hitcount|p1: Duko|3
|
|upkeep
|inactive|Lolgasm has 120 seconds left.
|
|t:|1759034427
|switch|p1a: Luisin|Great Tusk|100/100
|turn|10
|
|t:|1759034436
|switch|p2a: Corviknight|Corviknight, M, shiny|100/100
|-ability|p2a: Corviknight|Pressure
|move|p1a: Luisin|Rapid Spin|p2a: Corviknight
|-resisted|p2a: Corviknight
|-damage|p2a: Corviknight|93/100
|-boost|p1a: Luisin|spe|1
|-damage|p1a: Luisin|90/100|[from] item: Life Orb
|
|-heal|p2a: Corviknight|99/100|[from] item: Leftovers
|upkeep
|turn|11
|
|t:|1759034441
|move|p1a: Luisin|Close Combat|p2a: Corviknight
|-damage|p2a: Corviknight|47/100
|-unboost|p1a: Luisin|def|1
|-unboost|p1a: Luisin|spd|1
|-damage|p1a: Luisin|80/100|[from] item: Life Orb
|move|p2a: Corviknight|Brave Bird|p1a: Luisin
|-supereffective|p1a: Luisin
|-damage|p1a: Luisin|1/100
|-damage|p2a: Corviknight|23/100|[from] Recoil
|
|-heal|p2a: Corviknight|29/100|[from] item: Leftovers
|upkeep
|turn|12
|
|t:|1759034451
|move|p1a: Luisin|Close Combat|p2a: Corviknight
|-damage|p2a: Corviknight|0 fnt
|-unboost|p1a: Luisin|def|1
|-unboost|p1a: Luisin|spd|1
|faint|p2a: Corviknight
|-damage|p1a: Luisin|0 fnt|[from] item: Life Orb
|faint|p1a: Luisin
|-end|p1a: Luisin|Protosynthesis|[silent]
|
|upkeep
|
|t:|1759034458
|switch|p1a: Daydream|Ninetales, M, shiny|100/100
|switch|p2a: Garganacl|Garganacl, M, shiny|92/100
|-weather|SunnyDay|[from] ability: Drought|[of] p1a: Daydream
|turn|13
|
|t:|1759034485
|move|p1a: Daydream|Healing Wish|p1a: Daydream
|faint|p1a: Daydream
|move|p2a: Garganacl|Salt Cure|p1: Daydream|[notarget]
|-fail|p2a: Garganacl
|
|-weather|SunnyDay|[upkeep]
|-heal|p2a: Garganacl|98/100|[from] item: Leftovers
|upkeep
|
|t:|1759034493
|switch|p1a: Mr. Banana|Walking Wake, tera:Water|37/100
|-heal|p1a: Mr. Banana|100/100|[from] move: Healing Wish
|-activate|p1a: Mr. Banana|ability: Protosynthesis
|-start|p1a: Mr. Banana|protosynthesisspe
|turn|14
|
|t:|1759034497
|switch|p2a: Weavile|Weavile, F|93/100 par
|-ability|p2a: Weavile|Pressure
|move|p1a: Mr. Banana|Hydro Steam|p2a: Weavile
|-damage|p2a: Weavile|0 fnt
|faint|p2a: Weavile
|
|-weather|SunnyDay|[upkeep]
|upkeep
|
|t:|1759034500
|switch|p2a: Primarina|Primarina, F|100/100
|turn|15
|
|t:|1759034508
|move|p1a: Mr. Banana|Hydro Steam|p2a: Primarina
|-resisted|p2a: Primarina
|-damage|p2a: Primarina|39/100
|move|p2a: Primarina|Moonblast|p1a: Mr. Banana
|-damage|p1a: Mr. Banana|0 fnt
|faint|p1a: Mr. Banana
|-end|p1a: Mr. Banana|Protosynthesis|[silent]
|
|-weather|SunnyDay|[upkeep]
|upkeep
|
|t:|1759034533
|switch|p1a: Glass Shadows|Ceruledge, M, shiny|100/100
|turn|16
|inactive|Lolgasm has 120 seconds left.
|
|t:|1759034563
|move|p1a: Glass Shadows|Bitter Blade|p2a: Primarina
|-resisted|p2a: Primarina
|-damage|p2a: Primarina|0 fnt
|faint|p2a: Primarina
|
|-weather|SunnyDay|[upkeep]
|upkeep
|
|t:|1759034568
|switch|p2a: Ceruledge|Ceruledge, M|100/100
|turn|17
|
|t:|1759034573
|move|p1a: Glass Shadows|Bitter Blade|p2a: Ceruledge
|-start|p2a: Ceruledge|ability: Flash Fire
|move|p2a: Ceruledge|Bulk Up|p2a: Ceruledge
|-boost|p2a: Ceruledge|atk|1
|-boost|p2a: Ceruledge|def|1
|
|-weather|SunnyDay|[upkeep]
|upkeep
|turn|18
|inactive|Lolgasm has 120 seconds left.
|
|t:|1759034587
|switch|p1a: Tenny|Blaziken, F, shiny|100/100
|move|p2a: Ceruledge|Poltergeist|p1a: Tenny|[miss]
|-miss|p2a: Ceruledge|p1a: Tenny
|
|-weather|SunnyDay|[upkeep]
|upkeep
|turn|19
|inactive|Lolgasm has 120 seconds left.
|inactive|Lolgasm has 90 seconds left.
|
|t:|1759034629
|move|p2a: Ceruledge|Poltergeist|p1a: Tenny
|-activate|p1a: Tenny|move: Poltergeist|Scope Lens
|-damage|p1a: Tenny|0 fnt
|faint|p1a: Tenny
|
|-weather|SunnyDay|[upkeep]
|upkeep
|
|t:|1759034631
|switch|p1a: Glass Shadows|Ceruledge, M, shiny|100/100
|turn|20
|
|t:|1759034637
|move|p1a: Glass Shadows|Poltergeist|p2a: Ceruledge
|-activate|p2a: Ceruledge|move: Poltergeist|Heavy-Duty Boots
|-supereffective|p2a: Ceruledge
|-crit|p2a: Ceruledge
|-damage|p2a: Ceruledge|0 fnt
|faint|p2a: Ceruledge
|
|-weather|none
|upkeep
|
|t:|1759034643
|switch|p2a: Garganacl|Garganacl, M, shiny|98/100
|turn|21
|
|t:|1759034645
|move|p1a: Glass Shadows|Poltergeist|p2a: Garganacl
|-activate|p2a: Garganacl|move: Poltergeist|Leftovers
|-damage|p2a: Garganacl|77/100
|move|p2a: Garganacl|Earthquake|p1a: Glass Shadows
|-supereffective|p1a: Glass Shadows
|-damage|p1a: Glass Shadows|32/100
|-ability|p1a: Glass Shadows|Weak Armor|boost
|-unboost|p1a: Glass Shadows|def|1
|-boost|p1a: Glass Shadows|spe|2
|
|-heal|p2a: Garganacl|84/100|[from] item: Leftovers
|upkeep
|turn|22
|
|t:|1759034650
|move|p1a: Glass Shadows|Poltergeist|p2a: Garganacl
|-activate|p2a: Garganacl|move: Poltergeist|Leftovers
|-damage|p2a: Garganacl|64/100
|move|p2a: Garganacl|Earthquake|p1a: Glass Shadows
|-supereffective|p1a: Glass Shadows
|-damage|p1a: Glass Shadows|0 fnt
|faint|p1a: Glass Shadows
|
|win|redner bo
|raw|Lolgasm's rating: 1490 &rarr; <strong>1469</strong><br />(-21 for losing)
|raw|redner bo's rating: 1476 &rarr; <strong>1497</strong><br />(+21 for winning)
|l|☆redner bo
|player|p2|
|l|☆Lolgasm
|player|p1|
