|j|☆Alcke
|j|☆vonia
|t:|1759040394
|gametype|singles
|player|p1|Alcke|101|1295
|player|p2|vonia|101|1344
|gen|9
|tier|[Gen 9] OU
|rated|
|rule|HP Percentage Mod: HP is shown in percentages
|rule|Endless Battle Clause: Forcing endless battles is banned
|rule|Species Clause: Limit one of each Pokémon
|rule|OHKO Clause: OHKO moves are banned
|rule|Evasion Items Clause: Evasion items are banned
|rule|Evasion Moves Clause: Evasion moves are banned
|rule|Evasion Abilities Clause: Evasion abilities are banned
|rule|Sleep Moves Clause: Sleep-inducing moves are banned
|clearpoke
|poke|p1|Dragapult, F|
|poke|p1|Dragonite, F|
|poke|p1|Ting-Lu|
|poke|p1|Weezing-Galar, F|
|poke|p1|Iron Crown|
|poke|p1|Zapdos|
|poke|p2|Gyarados, M|
|poke|p2|Incineroar, M|
|poke|p2|Corviknight, M|
|poke|p2|Umbreon, M|
|poke|p2|Clodsire, M|
|poke|p2|Hatterene, F|
|teampreview
|inactive|Battle timer is ON: inactive players will automatically lose when time's up. (requested by vonia)
|
|t:|1759040419
|teamsize|p1|6
|teamsize|p2|6
|start
|switch|p1a: Iron Crown|Iron Crown|100/100
|switch|p2a: Incineroar|Incineroar, M|100/100
|-ability|p2a: Incineroar|Intimidate|boost
|-unboost|p1a: Iron Crown|atk|1
|turn|1
|
|t:|1759040433
|move|p1a: Iron Crown|Volt Switch|p2a: Incineroar
|-damage|p2a: Incineroar|69/100
|inactive|Alcke has 120 seconds left.
|
|t:|1759040459
|-end|p1a: Iron Crown|Quark Drive|[silent]
|switch|p1a: Zapdos|Zapdos|100/100|[from] Volt Switch
|move|p2a: Incineroar|Knock Off|p1a: Zapdos
|-damage|p1a: Zapdos|59/100
|-status|p2a: Incineroar|par|[from] ability: Static|[of] p1a: Zapdos
|-enditem|p1a: Zapdos|Heavy-Duty Boots|[from] move: Knock Off|[of] p2a: Incineroar
|
|upkeep
|turn|2
|inactive|Alcke has 120 seconds left.
|
|t:|1759040470
|switch|p2a: Clodsire|Clodsire, M, shiny|100/100
|move|p1a: Zapdos|Volt Switch|p2a: Clodsire
|-immune|p2a: Clodsire
|
|upkeep
|turn|3
|inactive|Alcke has 120 seconds left.
|
|t:|1759040488
|switch|p1a: Ting-Lu|Ting-Lu|100/100
|-ability|p1a: Ting-Lu|Vessel of Ruin
|move|p2a: Clodsire|Poison Jab|p1a: Ting-Lu
|-resisted|p1a: Ting-Lu
|-damage|p1a: Ting-Lu|94/100
|-status|p1a: Ting-Lu|psn
|
|-heal|p1a: Ting-Lu|100/100 psn|[from] item: Leftovers
|-damage|p1a: Ting-Lu|88/100 psn|[from] psn
|upkeep
|turn|4
|inactive|Alcke has 120 seconds left.
|
|t:|1759040500
|switch|p2a: Hatterene|Hatterene, F, shiny|100/100
|move|p1a: Ting-Lu|Stealth Rock|p2a: Hatterene
|move|p2a: Hatterene|Stealth Rock|p1a: Ting-Lu|[from] ability: Magic Bounce
|-sidestart|p1: Alcke|move: Stealth Rock
|
|-heal|p1a: Ting-Lu|94/100 psn|[from] item: Leftovers
|-damage|p1a: Ting-Lu|82/100 psn|[from] psn
|upkeep
|turn|5
|inactive|Alcke has 120 seconds left.
|
|t:|1759040519
|switch|p1a: Weezing|Weezing-Galar, F|100/100
|-ability|p1a: Weezing|Neutralizing Gas
|switch|p2a: Gyarados|Gyarados, M, shiny|100/100
|
|upkeep
|turn|6
|
|t:|1759040530
|move|p2a: Gyarados|Waterfall|p1a: Weezing
|-damage|p1a: Weezing|80/100
|move|p1a: Weezing|Defog|p2a: Gyarados
|-unboost|p2a: Gyarados|evasion|1
|-sideend|p1: Alcke|Stealth Rock|[from] move: Defog|[of] p1a: Weezing
|
|upkeep
|turn|7
|
|t:|1759040538
|switch|p2a: Incineroar|Incineroar, M|69/100 par
|move|p1a: Weezing|Will-O-Wisp||[still]
|-fail|p1a: Weezing
|
|upkeep
|turn|8
|inactive|Alcke has 120 seconds left.
|
|t:|1759040553
|move|p1a: Weezing|Toxic Spikes|p2a: Incineroar
|-sidestart|p2: vonia|move: Toxic Spikes
|move|p2a: Incineroar|Will-O-Wisp|p1a: Weezing
|-status|p1a: Weezing|brn
|
|-damage|p1a: Weezing|74/100 brn|[from] brn
|upkeep
|turn|9
|inactive|Alcke has 120 seconds left.
|
|t:|1759040565
|move|p1a: Weezing|Pain Split|p2a: Incineroar
|-sethp|p2a: Incineroar|65/100 par|[from] move: Pain Split|[silent]
|-sethp|p1a: Weezing|77/100 brn|[from] move: Pain Split
|move|p2a: Incineroar|Knock Off|p1a: Weezing
|-resisted|p1a: Weezing
|-damage|p1a: Weezing|64/100 brn
|-enditem|p1a: Weezing|Heavy-Duty Boots|[from] move: Knock Off|[of] p2a: Incineroar
|
|-damage|p1a: Weezing|58/100 brn|[from] brn
|upkeep
|turn|10
|inactive|Alcke has 120 seconds left.
|
|t:|1759040583
|-end|p1a: Weezing|ability: Neutralizing Gas
|-ability|p2a: Incineroar|Intimidate|boost
|-unboost|p1a: Weezing|atk|1
|switch|p1a: Ting-Lu|Ting-Lu|82/100 psn
|-ability|p1a: Ting-Lu|Vessel of Ruin
|move|p2a: Incineroar|Knock Off|p1a: Ting-Lu
|-resisted|p1a: Ting-Lu
|-damage|p1a: Ting-Lu|72/100 psn
|-enditem|p1a: Ting-Lu|Leftovers|[from] move: Knock Off|[of] p2a: Incineroar
|
|-damage|p1a: Ting-Lu|60/100 psn|[from] psn
|upkeep
|turn|11
|inactive|Alcke has 120 seconds left.
|
|t:|1759040600
|switch|p2a: Clodsire|Clodsire, M, shiny|100/100
|-sideend|p2: vonia|move: Toxic Spikes|[of] p2a: Clodsire
|move|p1a: Ting-Lu|Earthquake|p2a: Clodsire
|-supereffective|p2a: Clodsire
|-damage|p2a: Clodsire|17/100
|
|-heal|p2a: Clodsire|24/100|[from] item: Leftovers
|-damage|p1a: Ting-Lu|47/100 psn|[from] psn
|upkeep
|turn|12
|inactive|vonia has 120 seconds left.
|
|t:|1759040641
|switch|p2a: Gyarados|Gyarados, M, shiny|100/100
|-ability|p2a: Gyarados|Intimidate|boost
|-unboost|p1a: Ting-Lu|atk|1
|move|p1a: Ting-Lu|Stealth Rock|p2a: Gyarados
|-sidestart|p2: vonia|move: Stealth Rock
|
|-damage|p1a: Ting-Lu|35/100 psn|[from] psn
|upkeep
|turn|13
|
|t:|1759040657
|switch|p1a: Weezing|Weezing-Galar, F|58/100 brn
|-ability|p1a: Weezing|Neutralizing Gas
|move|p2a: Gyarados|Waterfall|p1a: Weezing
|-damage|p1a: Weezing|38/100 brn
|
|-damage|p1a: Weezing|32/100 brn|[from] brn
|upkeep
|turn|14
|
|t:|1759040668
|switch|p2a: Corviknight|Corviknight, M|100/100
|-damage|p2a: Corviknight|88/100|[from] Stealth Rock
|move|p1a: Weezing|Will-O-Wisp|p2a: Corviknight|[miss]
|-miss|p1a: Weezing|p2a: Corviknight
|
|-heal|p2a: Corviknight|94/100|[from] item: Leftovers
|-damage|p1a: Weezing|26/100 brn|[from] brn
|upkeep
|turn|15
|
|t:|1759040682
|-end|p1a: Weezing|ability: Neutralizing Gas
|-ability|p2a: Corviknight|Pressure
|switch|p1a: Zapdos|Zapdos|59/100
|move|p2a: Corviknight|Defog|p1a: Zapdos
|-unboost|p1a: Zapdos|evasion|1
|-sideend|p2: vonia|Stealth Rock|[from] move: Defog|[of] p2a: Corviknight
|
|-heal|p2a: Corviknight|100/100|[from] item: Leftovers
|upkeep
|turn|16
|
|t:|1759040700
|switch|p2a: Umbreon|Umbreon, M, shiny|100/100
|move|p1a: Zapdos|Heat Wave|p2a: Umbreon|[miss]
|-miss|p1a: Zapdos|p2a: Umbreon
|
|upkeep
|turn|17
|
|t:|1759040706
|move|p1a: Zapdos|Volt Switch|p2a: Umbreon
|-damage|p2a: Umbreon|79/100
|
|t:|1759040718
|switch|p1a: Weezing|Weezing-Galar, F|26/100 brn|[from] Volt Switch
|-ability|p1a: Weezing|Neutralizing Gas
|move|p2a: Umbreon|Wish|p2a: Umbreon
|
|-heal|p2a: Umbreon|85/100|[from] item: Leftovers
|-damage|p1a: Weezing|20/100 brn|[from] brn
|upkeep
|turn|18
|
|t:|1759040728
|switch|p2a: Clodsire|Clodsire, M, shiny|24/100
|move|p1a: Weezing|Toxic Spikes|p2a: Clodsire
|-sidestart|p2: vonia|move: Toxic Spikes
|
|-heal|p2a: Clodsire|66/100|[from] move: Wish|[wisher] Umbreon
|-heal|p2a: Clodsire|72/100|[from] item: Leftovers
|-damage|p1a: Weezing|14/100 brn|[from] brn
|upkeep
|turn|19
|
|t:|1759040739
|move|p1a: Weezing|Pain Split|p2a: Clodsire
|-sethp|p2a: Clodsire|41/100|[from] move: Pain Split|[silent]
|-sethp|p1a: Weezing|57/100 brn|[from] move: Pain Split
|move|p2a: Clodsire|Poison Jab|p1a: Weezing
|-damage|p1a: Weezing|42/100 brn
|
|-heal|p2a: Clodsire|47/100|[from] item: Leftovers
|-damage|p1a: Weezing|36/100 brn|[from] brn
|upkeep
|turn|20
|
|t:|1759040751
|switch|p2a: Incineroar|Incineroar, M|65/100 par
|move|p1a: Weezing|Will-O-Wisp||[still]
|-fail|p1a: Weezing
|
|-damage|p1a: Weezing|30/100 brn|[from] brn
|upkeep
|turn|21
|
|t:|1759040757
|switch|p2a: Clodsire|Clodsire, M, shiny|47/100
|-sideend|p2: vonia|move: Toxic Spikes|[of] p2a: Clodsire
|move|p1a: Weezing|Pain Split|p2a: Clodsire
|-sethp|p2a: Clodsire|34/100|[from] move: Pain Split|[silent]
|-sethp|p1a: Weezing|48/100 brn|[from] move: Pain Split
|
|-heal|p2a: Clodsire|41/100|[from] item: Leftovers
|-damage|p1a: Weezing|42/100 brn|[from] brn
|upkeep
|turn|22
|
|t:|1759040768
|switch|p2a: Hatterene|Hatterene, F, shiny|100/100
|move|p1a: Weezing|Toxic Spikes|p2a: Hatterene
|-sidestart|p2: vonia|move: Toxic Spikes
|
|-damage|p1a: Weezing|36/100 brn|[from] brn
|upkeep
|turn|23
|
|t:|1759040771
|move|p1a: Weezing|Defog|p2a: Hatterene
|-unboost|p2a: Hatterene|evasion|1
|-sideend|p2: vonia|Toxic Spikes|[from] move: Defog|[of] p1a: Weezing
|move|p2a: Hatterene|Calm Mind|p2a: Hatterene
|-boost|p2a: Hatterene|spa|1
|-boost|p2a: Hatterene|spd|1
|
|-damage|p1a: Weezing|30/100 brn|[from] brn
|upkeep
|turn|24
|
|t:|1759040790
|-end|p1a: Weezing|ability: Neutralizing Gas
|switch|p1a: Ting-Lu|Ting-Lu|35/100 psn
|-ability|p1a: Ting-Lu|Vessel of Ruin
|move|p2a: Hatterene|Psyshock|p1a: Ting-Lu
|-immune|p1a: Ting-Lu
|
|-damage|p1a: Ting-Lu|22/100 psn|[from] psn
|upkeep
|turn|25
|
|t:|1759040802
|move|p1a: Ting-Lu|Ruination|p2a: Hatterene
|-damage|p2a: Hatterene|50/100
|move|p2a: Hatterene|Draining Kiss|p1a: Ting-Lu
|-supereffective|p1a: Ting-Lu
|-damage|p1a: Ting-Lu|0 fnt
|-heal|p2a: Hatterene|77/100|[from] drain|[of] p1a: Ting-Lu
|faint|p1a: Ting-Lu
|
|-heal|p2a: Hatterene|83/100|[from] item: Leftovers
|upkeep
|
|t:|1759040819
|switch|p1a: Iron Crown|Iron Crown|100/100
|turn|26
|
|t:|1759040825
|move|p1a: Iron Crown|Tachyon Cutter|p2a: Hatterene
|-supereffective|p2a: Hatterene
|-damage|p2a: Hatterene|40/100
|-supereffective|p2a: Hatterene
|-damage|p2a: Hatterene|3/100
|-hitcount|p2a: Hatterene|2
|move|p2a: Hatterene|Mystical Fire|p1a: Iron Crown
|-supereffective|p1a: Iron Crown
|-damage|p1a: Iron Crown|39/100
|-unboost|p1a: Iron Crown|spa|1
|
|-heal|p2a: Hatterene|9/100|[from] item: Leftovers
|upkeep
|turn|27
|
|t:|1759040837
|switch|p2a: Incineroar|Incineroar, M|65/100 par
|-ability|p2a: Incineroar|Intimidate|boost
|-unboost|p1a: Iron Crown|atk|1
|move|p1a: Iron Crown|Tachyon Cutter|p2a: Incineroar
|-resisted|p2a: Incineroar
|-damage|p2a: Incineroar|53/100 par
|-resisted|p2a: Incineroar
|-damage|p2a: Incineroar|42/100 par
|-hitcount|p2a: Incineroar|2
|
|upkeep
|turn|28
|
|t:|1759040845
|-end|p1a: Iron Crown|Quark Drive|[silent]
|switch|p1a: Weezing|Weezing-Galar, F|30/100 brn
|-ability|p1a: Weezing|Neutralizing Gas
|move|p2a: Incineroar|Knock Off|p1a: Weezing
|-resisted|p1a: Weezing
|-damage|p1a: Weezing|21/100 brn
|
|-damage|p1a: Weezing|15/100 brn|[from] brn
|upkeep
|turn|29
|
|t:|1759040855
|switch|p2a: Hatterene|Hatterene, F, shiny|9/100
|move|p1a: Weezing|Pain Split|p2a: Hatterene
|-sethp|p2a: Hatterene|12/100|[from] move: Pain Split|[silent]
|-sethp|p1a: Weezing|12/100 brn|[from] move: Pain Split
|
|-heal|p2a: Hatterene|18/100|[from] item: Leftovers
|-damage|p1a: Weezing|6/100 brn|[from] brn
|upkeep
|turn|30
|inactive|Alcke has 90 seconds left.
|
|t:|1759040881
|move|p1a: Weezing|Will-O-Wisp|p2a: Hatterene
|-status|p2a: Hatterene|brn
|move|p2a: Hatterene|Mystical Fire|p1a: Weezing
|-damage|p1a: Weezing|0 fnt
|faint|p1a: Weezing
|-end|p1a: Weezing|ability: Neutralizing Gas
|
|-heal|p2a: Hatterene|24/100 brn|[from] item: Leftovers
|-damage|p2a: Hatterene|18/100 brn|[from] brn
|upkeep
|inactive|Alcke has 90 seconds left.
|
|t:|1759040895
|switch|p1a: Dragapult|Dragapult, F|100/100
|turn|31
|inactive|Alcke has 90 seconds left.
|
|t:|1759040900
|switch|p2a: Umbreon|Umbreon, M, shiny|85/100
|move|p1a: Dragapult|Hex|p2a: Umbreon
|-resisted|p2a: Umbreon
|-damage|p2a: Umbreon|76/100
|
|-heal|p2a: Umbreon|82/100|[from] item: Leftovers
|upkeep
|turn|32
|
|t:|1759040910
|move|p1a: Dragapult|U-turn|p2a: Umbreon
|-supereffective|p2a: Umbreon
|-damage|p2a: Umbreon|55/100
|inactive|Alcke has 90 seconds left.
|
|t:|1759040920
|switch|p1a: Zapdos|Zapdos|59/100|[from] U-turn
|move|p2a: Umbreon|Wish|p2a: Umbreon
|
|-heal|p2a: Umbreon|61/100|[from] item: Leftovers
|upkeep
|turn|33
|
|t:|1759040930
|move|p1a: Zapdos|Roost|p1a: Zapdos
|-heal|p1a: Zapdos|100/100
|-singleturn|p1a: Zapdos|move: Roost
|move|p2a: Umbreon|Toxic|p1a: Zapdos
|-status|p1a: Zapdos|tox
|
|-heal|p2a: Umbreon|100/100|[from] move: Wish|[wisher] Umbreon
|-damage|p1a: Zapdos|94/100 tox|[from] psn
|upkeep
|turn|34
|
|t:|1759040934
|move|p1a: Zapdos|Volt Switch|p2a: Umbreon
|-damage|p2a: Umbreon|78/100
|
|t:|1759040943
|switch|p1a: Dragapult|Dragapult, F|100/100|[from] Volt Switch
|move|p2a: Umbreon|Wish|p2a: Umbreon
|
|-heal|p2a: Umbreon|84/100|[from] item: Leftovers
|upkeep
|turn|35
|
|t:|1759040950
|switch|p2a: Incineroar|Incineroar, M|42/100 par
|-ability|p2a: Incineroar|Intimidate|boost
|-unboost|p1a: Dragapult|atk|1
|-terastallize|p1a: Dragapult|Dragon
|move|p1a: Dragapult|Dragon Darts|p2a: Incineroar
|-damage|p2a: Incineroar|29/100 par
|-anim|p1a: Dragapult|Dragon Darts|p2a: Incineroar
|-damage|p2a: Incineroar|16/100 par
|
|-heal|p2a: Incineroar|66/100 par|[from] move: Wish|[wisher] Umbreon
|upkeep
|turn|36
|
|t:|1759040967
|move|p1a: Dragapult|U-turn|p2a: Incineroar
|-damage|p2a: Incineroar|57/100 par
|
|t:|1759040973
|switch|p1a: Zapdos|Zapdos|94/100 tox|[from] U-turn
|move|p2a: Incineroar|Will-O-Wisp||[still]
|-fail|p2a: Incineroar
|
|-damage|p1a: Zapdos|88/100 tox|[from] psn
|upkeep
|turn|37
|
|t:|1759040980
|switch|p2a: Clodsire|Clodsire, M, shiny|41/100
|move|p1a: Zapdos|Volt Switch|p2a: Clodsire
|-immune|p2a: Clodsire
|
|-heal|p2a: Clodsire|47/100|[from] item: Leftovers
|-damage|p1a: Zapdos|76/100 tox|[from] psn
|upkeep
|turn|38
|inactive|Alcke has 120 seconds left.
|
|t:|1759040986
|switch|p1a: Iron Crown|Iron Crown|39/100
|move|p2a: Clodsire|Recover|p2a: Clodsire
|-heal|p2a: Clodsire|97/100
|
|-heal|p2a: Clodsire|100/100|[from] item: Leftovers
|upkeep
|turn|39
|inactive|Alcke has 120 seconds left.
|
|t:|1759040997
|move|p1a: Iron Crown|Focus Blast|p2a: Clodsire
|-resisted|p2a: Clodsire
|-damage|p2a: Clodsire|84/100
|move|p2a: Clodsire|Earthquake|p1a: Iron Crown
|-supereffective|p1a: Iron Crown
|-damage|p1a: Iron Crown|0 fnt
|faint|p1a: Iron Crown
|-end|p1a: Iron Crown|Quark Drive|[silent]
|
|-heal|p2a: Clodsire|90/100|[from] item: Leftovers
|upkeep
|inactive|Alcke has 120 seconds left.
|-message|Alcke forfeited.
|
|win|vonia
|raw|Alcke's rating: 1295 &rarr; <strong>1274</strong><br />(-21 for losing)
|raw|vonia's rating: 1344 &rarr; <strong>1361</strong><br />(+17 for winning)
|l|☆Alcke
|player|p1|
|l|☆vonia
|player|p2|
