|j|☆PukaNacuaFan17
|j|☆AlexCHZ
|t:|1759019224
|gametype|singles
|player|p1|PukaNacuaFan17|blackbelt-gen4dp|1078
|player|p2|AlexCHZ|hilbert-wonderlauncher|1085
|gen|9
|tier|[Gen 9] OU
|rated|
|rule|HP Percentage Mod: HP is shown in percentages
|rule|Endless Battle Clause: Forcing endless battles is banned
|rule|Species Clause: Limit one of each Pokémon
|rule|OHKO Clause: OHKO moves are banned
|rule|Evasion Items Clause: Evasion items are banned
|rule|Evasion Moves Clause: Evasion moves are banned
|rule|Evasion Abilities Clause: Evasion abilities are banned
|rule|Sleep Moves Clause: Sleep-inducing moves are banned
|clearpoke
|poke|p1|Swalot, F|
|poke|p1|Electrode|
|poke|p1|Beartic, F|
|poke|p1|Bastiodon, F|
|poke|p1|Galvantula, F|
|poke|p1|Inteleon, F|
|poke|p2|Pincurchin, F|
|poke|p2|Hawlucha, M|
|poke|p2|Iron Moth|
|poke|p2|Moltres-Galar|
|poke|p2|Arboliva, M|
|poke|p2|Mienshao, F|
|teampreview
|inactive|Battle timer is ON: inactive players will automatically lose when time's up. (requested by PukaNacuaFan17)
|
|t:|1759019239
|teamsize|p1|6
|teamsize|p2|6
|start
|switch|p1a: Popsicle|Beartic, F|100/100
|switch|p2a: Mienshao|Mienshao, F|100/100
|turn|1
|
|t:|1759019253
|switch|p1a: Spiderman|Galvantula, F|100/100
|move|p2a: Mienshao|Fake Out|p1a: Spiderman
|-damage|p1a: Spiderman|76/100
|-damage|p2a: Mienshao|91/100|[from] item: Life Orb
|
|upkeep
|turn|2
|
|t:|1759019266
|move|p2a: Mienshao|U-turn|p1a: Spiderman
|-damage|p1a: Spiderman|31/100
|-damage|p2a: Mienshao|81/100|[from] item: Life Orb
|
|t:|1759019282
|switch|p2a: Pincurchin|Pincurchin, F|100/100|[from] U-turn
|-fieldstart|move: Electric Terrain|[from] ability: Electric Surge|[of] p2a: Pincurchin
|move|p1a: Spiderman|Thunder|p2a: Pincurchin
|-resisted|p2a: Pincurchin
|-damage|p2a: Pincurchin|63/100
|
|upkeep
|turn|3
|
|t:|1759019296
|move|p1a: Spiderman|Volt Switch|p2a: Pincurchin
|-resisted|p2a: Pincurchin
|-damage|p2a: Pincurchin|39/100
|
|t:|1759019303
|switch|p1a: Slime Mob|Swalot, F, shiny|100/100|[from] Volt Switch
|move|p2a: Pincurchin|Liquidation|p1a: Slime Mob
|-damage|p1a: Slime Mob|75/100
|
|upkeep
|turn|4
|
|t:|1759019322
|switch|p2a: Moltres|Moltres-Galar|100/100
|move|p1a: Slime Mob|Thief|p2a: Moltres
|-resisted|p2a: Moltres
|-damage|p2a: Moltres|95/100
|
|upkeep
|turn|5
|
|t:|1759019332
|switch|p1a: Spiderman|Galvantula, F|31/100
|move|p2a: Moltres|Nasty Plot|p2a: Moltres
|-boost|p2a: Moltres|spa|2
|
|upkeep
|turn|6
|
|t:|1759019349
|-terastallize|p2a: Moltres|Fire
|move|p2a: Moltres|Air Slash|p1a: Spiderman
|-damage|p1a: Spiderman|0 fnt
|faint|p1a: Spiderman
|
|upkeep
|
|t:|1759019357
|switch|p1a: AJR|Inteleon, F|100/100
|turn|7
|
|t:|1759019362
|move|p1a: AJR|Rain Dance|p1a: AJR
|-weather|RainDance
|move|p2a: Moltres|Air Slash|p1a: AJR
|-damage|p1a: AJR|1/100
|
|-weather|RainDance|[upkeep]
|upkeep
|turn|8
|
|t:|1759019373
|switch|p2a: Arboliva|Arboliva, M|100/100
|move|p1a: AJR|Snipe Shot|p2a: Arboliva
|-resisted|p2a: Arboliva
|-damage|p2a: Arboliva|84/100
|
|-weather|RainDance|[upkeep]
|upkeep
|turn|9
|
|t:|1759019389
|move|p1a: AJR|Ice Beam|p2a: Arboliva
|-supereffective|p2a: Arboliva
|-damage|p2a: Arboliva|50/100
|move|p2a: Arboliva|Earth Power|p1a: AJR
|-damage|p1a: AJR|0 fnt
|faint|p1a: AJR
|
|-weather|RainDance|[upkeep]
|-fieldend|move: Electric Terrain
|upkeep
|
|t:|1759019401
|switch|p1a: Popsicle|Beartic, F|100/100
|turn|10
|
|t:|1759019422
|switch|p2a: Moltres|Moltres-Galar, tera:Fire|95/100
|move|p1a: Popsicle|Close Combat|p2a: Moltres
|-crit|p2a: Moltres
|-damage|p2a: Moltres|36/100
|-unboost|p1a: Popsicle|def|1
|-unboost|p1a: Popsicle|spd|1
|-ability|p2a: Moltres|Berserk|boost
|-boost|p2a: Moltres|spa|1
|
|-weather|RainDance|[upkeep]
|upkeep
|turn|11
|
|t:|1759019437
|move|p1a: Popsicle|Liquidation|p2a: Moltres
|-supereffective|p2a: Moltres
|-damage|p2a: Moltres|0 fnt
|faint|p2a: Moltres
|
|-weather|none
|upkeep
|
|t:|1759019446
|switch|p2a: Iron Moth|Iron Moth|100/100
|turn|12
|
|t:|1759019453
|move|p2a: Iron Moth|Fiery Dance|p1a: Popsicle
|-supereffective|p1a: Popsicle
|-damage|p1a: Popsicle|0 fnt
|-boost|p2a: Iron Moth|spa|1
|faint|p1a: Popsicle
|
|upkeep
|
|t:|1759019460
|switch|p1a: Castle Crasher|Bastiodon, F, shiny|100/100
|turn|13
|
|t:|1759019480
|-end|p2a: Iron Moth|Quark Drive|[silent]
|switch|p2a: Hawlucha|Hawlucha, M|100/100
|move|p1a: Castle Crasher|Earthquake|p2a: Hawlucha
|-immune|p2a: Hawlucha
|
|upkeep
|turn|14
|
|t:|1759019490
|move|p2a: Hawlucha|Swords Dance|p2a: Hawlucha
|-boost|p2a: Hawlucha|atk|2
|move|p1a: Castle Crasher|Metal Burst||[still]
|-fail|p1a: Castle Crasher
|
|upkeep
|turn|15
|
|t:|1759019501
|move|p2a: Hawlucha|Encore|p1a: Castle Crasher
|-start|p1a: Castle Crasher|Encore
|move|p1a: Castle Crasher|Metal Burst||[still]
|-fail|p1a: Castle Crasher
|
|upkeep
|turn|16
|
|t:|1759019508
|switch|p1a: Pokebomb|Electrode, shiny|100/100
|move|p2a: Hawlucha|Swords Dance|p2a: Hawlucha
|-boost|p2a: Hawlucha|atk|2
|
|upkeep
|turn|17
|
|t:|1759019516
|move|p1a: Pokebomb|Thunderbolt|p2a: Hawlucha
|-supereffective|p2a: Hawlucha
|-damage|p2a: Hawlucha|0 fnt
|faint|p2a: Hawlucha
|
|upkeep
|
|t:|1759019527
|switch|p2a: Arboliva|Arboliva, M|50/100
|turn|18
|
|t:|1759019533
|move|p1a: Pokebomb|Thunderbolt|p2a: Arboliva
|-resisted|p2a: Arboliva
|-damage|p2a: Arboliva|36/100
|-status|p2a: Arboliva|par
|move|p2a: Arboliva|Earth Power|p1a: Pokebomb
|-supereffective|p1a: Pokebomb
|-damage|p1a: Pokebomb|0 fnt
|faint|p1a: Pokebomb
|
|upkeep
|
|t:|1759019543
|switch|p1a: Slime Mob|Swalot, F, shiny|75/100
|turn|19
|
|t:|1759019551
|move|p1a: Slime Mob|Body Press|p2a: Arboliva
|-supereffective|p2a: Arboliva
|-damage|p2a: Arboliva|0 fnt
|faint|p2a: Arboliva
|
|upkeep
|
|t:|1759019563
|switch|p2a: Iron Moth|Iron Moth|100/100
|turn|20
|
|t:|1759019572
|move|p2a: Iron Moth|Meteor Beam||[still]
|-prepare|p2a: Iron Moth|Meteor Beam
|-boost|p2a: Iron Moth|spa|1
|-enditem|p2a: Iron Moth|Power Herb
|-anim|p2a: Iron Moth|Meteor Beam|p1a: Slime Mob
|-damage|p1a: Slime Mob|0 fnt
|faint|p1a: Slime Mob
|
|upkeep
|
|t:|1759019579
|switch|p1a: Castle Crasher|Bastiodon, F, shiny|100/100
|turn|21
|
|t:|1759019586
|move|p2a: Iron Moth|Fiery Dance|p1a: Castle Crasher
|-damage|p1a: Castle Crasher|41/100
|move|p1a: Castle Crasher|Earthquake|p2a: Iron Moth
|-supereffective|p2a: Iron Moth
|-damage|p2a: Iron Moth|0 fnt
|faint|p2a: Iron Moth
|-end|p2a: Iron Moth|Quark Drive|[silent]
|
|upkeep
|
|t:|1759019596
|switch|p2a: Mienshao|Mienshao, F|100/100
|turn|22
|
|t:|1759019601
|-terastallize|p1a: Castle Crasher|Ground
|move|p2a: Mienshao|Fake Out|p1a: Castle Crasher
|-damage|p1a: Castle Crasher|29/100
|-damage|p2a: Mienshao|91/100|[from] item: Life Orb
|cant|p1a: Castle Crasher|flinch
|
|upkeep
|turn|23
|
|t:|1759019615
|move|p2a: Mienshao|Ice Spinner|p1a: Castle Crasher
|-supereffective|p1a: Castle Crasher
|-damage|p1a: Castle Crasher|0 fnt
|faint|p1a: Castle Crasher
|-damage|p2a: Mienshao|81/100|[from] item: Life Orb
|
|win|AlexCHZ
|raw|PukaNacuaFan17's rating: 1078 &rarr; <strong>1057</strong><br />(-21 for losing)
|raw|AlexCHZ's rating: 1085 &rarr; <strong>1112</strong><br />(+27 for winning)
|l|☆PukaNacuaFan17
|player|p1|
