|j|☆femboyjoystick
|j|☆SebasDLC
|t:|1758940081
|gametype|singles
|player|p1|femboyjoystick|pokemonbreederf-gen4|1194
|player|p2|SebasDLC|ethan|1143
|gen|9
|tier|[Gen 9] OU
|rated|
|rule|HP Percentage Mod: HP is shown in percentages
|rule|Endless Battle Clause: Forcing endless battles is banned
|rule|Species Clause: Limit one of each Pokémon
|rule|OHKO Clause: OHKO moves are banned
|rule|Evasion Items Clause: Evasion items are banned
|rule|Evasion Moves Clause: Evasion moves are banned
|rule|Evasion Abilities Clause: Evasion abilities are banned
|rule|Sleep Moves Clause: Sleep-inducing moves are banned
|clearpoke
|poke|p1|Kingambit, F|
|poke|p1|Rillaboom, M|
|poke|p1|Corviknight, M|
|poke|p1|Araquanid, M|
|poke|p1|Quaquaval, F|
|poke|p1|Clefable, M|
|poke|p2|Samurott-Hisui, M|
|poke|p2|Garganacl, M|
|poke|p2|Meowscarada, F|
|poke|p2|Iron Treads|
|poke|p2|Iron Valiant|
|poke|p2|Thundurus-Therian, M|
|teampreview
|inactive|Battle timer is ON: inactive players will automatically lose when time's up. (requested by femboyjoystick)
|
|t:|1758940088
|teamsize|p1|6
|teamsize|p2|6
|start
|switch|p1a: Rillaboom|Rillaboom, M|100/100
|switch|p2a: Samurott|Samurott-Hisui, M|100/100
|-fieldstart|move: Grassy Terrain|[from] ability: Grassy Surge|[of] p1a: Rillaboom
|turn|1
|
|t:|1758940109
|move|p2a: Samurott|Ceaseless Edge|p1a: Rillaboom
|-damage|p1a: Rillaboom|55/100
|-sidestart|p1: femboyjoystick|Spikes
|move|p1a: Rillaboom|U-turn|p2a: Samurott
|-supereffective|p2a: Samurott
|-damage|p2a: Samurott|12/100
|
|t:|1758940119
|switch|p1a: Quaquaval|Quaquaval, F|100/100|[from] U-turn
|-damage|p1a: Quaquaval|88/100|[from] Spikes
|
|-heal|p2a: Samurott|18/100|[from] Grassy Terrain
|-heal|p1a: Quaquaval|94/100|[from] Grassy Terrain
|upkeep
|turn|2
|
|t:|1758940128
|move|p2a: Samurott|Ceaseless Edge|p1a: Quaquaval
|-resisted|p1a: Quaquaval
|-damage|p1a: Quaquaval|64/100
|-sidestart|p1: femboyjoystick|Spikes
|move|p1a: Quaquaval|Aqua Step|p2a: Samurott
|-resisted|p2a: Samurott
|-damage|p2a: Samurott|0 fnt
|-boost|p1a: Quaquaval|spe|1
|faint|p2a: Samurott
|-ability|p1a: Quaquaval|Moxie|boost
|-boost|p1a: Quaquaval|atk|1
|
|-heal|p1a: Quaquaval|70/100|[from] Grassy Terrain
|upkeep
|
|t:|1758940139
|switch|p2a: Meowscarada|Meowscarada, F|100/100
|turn|3
|
|t:|1758940148
|move|p2a: Meowscarada|Flower Trick|p1a: Quaquaval
|-start|p2a: Meowscarada|typechange|Grass|[from] ability: Protean
|-supereffective|p1a: Quaquaval
|-crit|p1a: Quaquaval
|-damage|p1a: Quaquaval|0 fnt
|faint|p1a: Quaquaval
|
|upkeep
|
|t:|1758940153
|switch|p1a: Corviknight|Corviknight, M|100/100
|turn|4
|
|t:|1758940160
|switch|p2a: Garganacl|Garganacl, M|100/100
|move|p1a: Corviknight|Defog|p2a: Garganacl
|-unboost|p2a: Garganacl|evasion|1
|-sideend|p1: femboyjoystick|Spikes|[from] move: Defog|[of] p1a: Corviknight
|-fieldend|move: Grassy Terrain
|
|upkeep
|turn|5
|
|t:|1758940186
|move|p1a: Corviknight|U-turn|p2a: Garganacl
|-damage|p2a: Garganacl|91/100
|
|t:|1758940190
|switch|p1a: Clefable|Clefable, M|100/100|[from] U-turn
|move|p2a: Garganacl|Salt Cure|p1a: Clefable
|-damage|p1a: Clefable|90/100
|-start|p1a: Clefable|Salt Cure
|
|-heal|p1a: Clefable|96/100|[from] item: Leftovers
|-heal|p2a: Garganacl|98/100|[from] item: Leftovers
|upkeep
|turn|6
|
|t:|1758940204
|move|p1a: Clefable|Calm Mind|p1a: Clefable
|-boost|p1a: Clefable|spa|1
|-boost|p1a: Clefable|spd|1
|move|p2a: Garganacl|Stealth Rock|p1a: Clefable
|-sidestart|p1: femboyjoystick|move: Stealth Rock
|
|-heal|p1a: Clefable|100/100|[from] item: Leftovers
|-heal|p2a: Garganacl|100/100|[from] item: Leftovers
|upkeep
|turn|7
|
|t:|1758940228
|switch|p2a: Iron Treads|Iron Treads|100/100
|move|p1a: Clefable|Calm Mind|p1a: Clefable
|-boost|p1a: Clefable|spa|1
|-boost|p1a: Clefable|spd|1
|
|upkeep
|turn|8
|
|t:|1758940240
|move|p2a: Iron Treads|Iron Head|p1a: Clefable
|-supereffective|p1a: Clefable
|-damage|p1a: Clefable|46/100
|cant|p1a: Clefable|flinch
|
|-heal|p1a: Clefable|52/100|[from] item: Leftovers
|upkeep
|turn|9
|
|t:|1758940246
|-terastallize|p1a: Clefable|Fire
|move|p2a: Iron Treads|Iron Head|p1a: Clefable
|-resisted|p1a: Clefable
|-damage|p1a: Clefable|37/100
|move|p1a: Clefable|Moonlight|p1a: Clefable
|-heal|p1a: Clefable|87/100
|
|-heal|p1a: Clefable|93/100|[from] item: Leftovers
|upkeep
|turn|10
|
|t:|1758940267
|move|p2a: Iron Treads|Earthquake|p1a: Clefable
|-supereffective|p1a: Clefable
|-damage|p1a: Clefable|27/100
|move|p1a: Clefable|Flamethrower|p2a: Iron Treads
|-supereffective|p2a: Iron Treads
|-crit|p2a: Iron Treads
|-damage|p2a: Iron Treads|0 fnt
|faint|p2a: Iron Treads
|-end|p2a: Iron Treads|Quark Drive|[silent]
|
|-heal|p1a: Clefable|33/100|[from] item: Leftovers
|upkeep
|
|t:|1758940290
|switch|p2a: Meowscarada|Meowscarada, F|100/100
|turn|11
|
|t:|1758940298
|move|p2a: Meowscarada|Knock Off|p1a: Clefable
|-start|p2a: Meowscarada|typechange|Dark|[from] ability: Protean
|-damage|p1a: Clefable|0 fnt
|-enditem|p1a: Clefable|Leftovers|[from] move: Knock Off|[of] p2a: Meowscarada
|faint|p1a: Clefable
|
|upkeep
|
|t:|1758940304
|switch|p1a: Araquanid|Araquanid, M|100/100
|-damage|p1a: Araquanid|75/100|[from] Stealth Rock
|turn|12
|
|t:|1758940310
|switch|p2a: Garganacl|Garganacl, M|100/100
|move|p1a: Araquanid|Sticky Web|p2a: Garganacl
|-sidestart|p2: SebasDLC|move: Sticky Web
|
|upkeep
|turn|13
|
|t:|1758940328
|move|p1a: Araquanid|Rain Dance|p1a: Araquanid
|-weather|RainDance
|move|p2a: Garganacl|Salt Cure|p1a: Araquanid
|-supereffective|p1a: Araquanid
|-damage|p1a: Araquanid|48/100
|-start|p1a: Araquanid|Salt Cure
|
|-weather|RainDance|[upkeep]
|-damage|p1a: Araquanid|23/100|[from] Salt Cure
|upkeep
|turn|14
|-enditem|p1a: Araquanid|Custap Berry|[eat]
|-activate|p1a: Araquanid|item: Custap Berry|[consumed]
|
|t:|1758940336
|move|p2a: Garganacl|Protect|p2a: Garganacl
|-singleturn|p2a: Garganacl|Protect
|move|p1a: Araquanid|Surf|p2a: Garganacl
|-activate|p2a: Garganacl|move: Protect
|
|-weather|RainDance|[upkeep]
|-damage|p1a: Araquanid|0 fnt|[from] Salt Cure
|faint|p1a: Araquanid
|upkeep
|
|t:|1758940358
|switch|p1a: Rillaboom|Rillaboom, M|55/100
|-damage|p1a: Rillaboom|43/100|[from] Stealth Rock
|-fieldstart|move: Grassy Terrain|[from] ability: Grassy Surge|[of] p1a: Rillaboom
|turn|15
|
|t:|1758940371
|move|p1a: Rillaboom|Wood Hammer|p2a: Garganacl
|-supereffective|p2a: Garganacl
|-damage|p2a: Garganacl|0 fnt
|faint|p2a: Garganacl
|-damage|p1a: Rillaboom|4/100|[from] Recoil
|
|-weather|RainDance|[upkeep]
|-heal|p1a: Rillaboom|10/100|[from] Grassy Terrain
|upkeep
|
|t:|1758940395
|switch|p2a: Thundurus|Thundurus-Therian, M|100/100
|turn|16
|
|t:|1758940412
|switch|p1a: Corviknight|Corviknight, M|100/100
|-damage|p1a: Corviknight|88/100|[from] Stealth Rock
|move|p2a: Thundurus|Nasty Plot|p2a: Thundurus
|-boost|p2a: Thundurus|spa|2
|
|-weather|RainDance|[upkeep]
|upkeep
|turn|17
|
|t:|1758940421
|move|p2a: Thundurus|Thunderbolt|p1a: Corviknight
|-supereffective|p1a: Corviknight
|-damage|p1a: Corviknight|0 fnt
|faint|p1a: Corviknight
|
|-weather|none
|upkeep
|
|t:|1758940439
|switch|p1a: Kingambit|Kingambit, F|100/100
|-damage|p1a: Kingambit|94/100|[from] Stealth Rock
|-activate|p1a: Kingambit|ability: Supreme Overlord
|-start|p1a: Kingambit|fallen4|[silent]
|turn|18
|inactive|SebasDLC has 120 seconds left.
|
|t:|1758940480
|move|p2a: Thundurus|Thunderbolt|p1a: Kingambit
|-damage|p1a: Kingambit|0 fnt
|faint|p1a: Kingambit
|-end|p1a: Kingambit|fallen4|[silent]
|
|upkeep
|-message|femboyjoystick forfeited.
|
|win|SebasDLC
|raw|femboyjoystick's rating: 1194 &rarr; <strong>1165</strong><br />(-29 for losing)
|raw|SebasDLC's rating: 1143 &rarr; <strong>1172</strong><br />(+29 for winning)
|l|☆femboyjoystick
|player|p1|
