|j|☆Cap2n
|j|☆Migstaper
|t:|1759020530
|gametype|singles
|player|p1|Cap2n|burglar|1549
|player|p2|Migstaper|ltsurge|1591
|gen|9
|tier|[Gen 9] OU
|rated|
|rule|HP Percentage Mod: HP is shown in percentages
|rule|Endless Battle Clause: Forcing endless battles is banned
|rule|Species Clause: Limit one of each Pokémon
|rule|OHKO Clause: OHKO moves are banned
|rule|Evasion Items Clause: Evasion items are banned
|rule|Evasion Moves Clause: Evasion moves are banned
|rule|Evasion Abilities Clause: Evasion abilities are banned
|rule|Sleep Moves Clause: Sleep-inducing moves are banned
|clearpoke
|poke|p1|Pelipper, F|
|poke|p1|Talonflame, M|
|poke|p1|Iron Treads|
|poke|p1|Zamazenta-*|
|poke|p1|Greninja-*, M|
|poke|p1|Hatterene, F|
|poke|p2|Enamorus, F|
|poke|p2|Iron Valiant|
|poke|p2|Dragapult, M|
|poke|p2|Dragonite, M|
|poke|p2|Great Tusk|
|poke|p2|Kingambit, M|
|teampreview
|inactive|Battle timer is ON: inactive players will automatically lose when time's up. (requested by Cap2n)
|
|t:|1759020552
|teamsize|p1|6
|teamsize|p2|6
|start
|switch|p1a: Ranas|Greninja, M|100/100
|switch|p2a: Paul we know|Dragapult, M, shiny|100/100
|turn|1
|
|t:|1759020582
|move|p1a: Ranas|Ice Beam|p2a: Paul we know
|-start|p1a: Ranas|typechange|Ice|[from] ability: Protean
|-supereffective|p2a: Paul we know
|-damage|p2a: Paul we know|0 fnt
|faint|p2a: Paul we know
|
|upkeep
|
|t:|1759020589
|switch|p2a: No condemnation|Kingambit, M, shiny|100/100
|-activate|p2a: No condemnation|ability: Supreme Overlord
|-start|p2a: No condemnation|fallen1|[silent]
|turn|2
|
|t:|1759020598
|switch|p1a: STORMBRINGER|Pelipper, F|100/100
|-weather|RainDance|[from] ability: Drizzle|[of] p1a: STORMBRINGER
|-end|p2a: No condemnation|fallen1|[silent]
|switch|p2a: Read the Bible|Enamorus, F, shiny|100/100
|
|-weather|RainDance|[upkeep]
|upkeep
|turn|3
|
|t:|1759020619
|switch|p1a: Big Unit 51|Iron Treads|100/100
|move|p2a: Read the Bible|Moonblast|p1a: Big Unit 51
|-resisted|p1a: Big Unit 51
|-damage|p1a: Big Unit 51|75/100
|-unboost|p1a: Big Unit 51|spa|1
|-damage|p2a: Read the Bible|90/100|[from] item: Life Orb
|
|-weather|RainDance|[upkeep]
|upkeep
|turn|4
|
|t:|1759020633
|move|p2a: Read the Bible|Earth Power|p1a: Big Unit 51
|-supereffective|p1a: Big Unit 51
|-damage|p1a: Big Unit 51|11/100
|-damage|p2a: Read the Bible|80/100|[from] item: Life Orb
|move|p1a: Big Unit 51|Volt Switch|p2a: Read the Bible
|-supereffective|p2a: Read the Bible
|-damage|p2a: Read the Bible|60/100
|
|t:|1759020640
|-end|p1a: Big Unit 51|Quark Drive|[silent]
|switch|p1a: Ranas|Greninja, M|100/100|[from] Volt Switch
|
|-weather|RainDance|[upkeep]
|upkeep
|turn|5
|
|t:|1759020651
|switch|p2a: No condemnation|Kingambit, M, shiny|100/100
|-activate|p2a: No condemnation|ability: Supreme Overlord
|-start|p2a: No condemnation|fallen1|[silent]
|move|p1a: Ranas|Surf|p2a: No condemnation
|-start|p1a: Ranas|typechange|Water|[from] ability: Protean
|-damage|p2a: No condemnation|58/100
|
|-weather|RainDance|[upkeep]
|upkeep
|turn|6
|
|t:|1759020673
|switch|p1a: Artemis|Zamazenta|100/100
|-ability|p1a: Artemis|Dauntless Shield|boost
|-boost|p1a: Artemis|def|1
|move|p2a: No condemnation|Kowtow Cleave|p1a: Artemis
|-resisted|p1a: Artemis
|-damage|p1a: Artemis|83/100
|
|-weather|RainDance|[upkeep]
|upkeep
|turn|7
|
|t:|1759020684
|-end|p2a: No condemnation|fallen1|[silent]
|switch|p2a: Righteousness|Iron Valiant, shiny|100/100
|-enditem|p2a: Righteousness|Booster Energy
|-activate|p2a: Righteousness|ability: Quark Drive|[fromitem]
|-start|p2a: Righteousness|quarkdrivespe
|move|p1a: Artemis|Heavy Slam|p2a: Righteousness
|-supereffective|p2a: Righteousness
|-crit|p2a: Righteousness
|-damage|p2a: Righteousness|0 fnt
|faint|p2a: Righteousness
|-end|p2a: Righteousness|Quark Drive|[silent]
|-damage|p1a: Artemis|73/100|[from] item: Life Orb
|
|-weather|RainDance|[upkeep]
|upkeep
|
|t:|1759020696
|switch|p2a: Read the Bible|Enamorus, F, shiny|60/100
|turn|8
|
|t:|1759020706
|-terastallize|p2a: Read the Bible|Water
|move|p1a: Artemis|Heavy Slam|p2a: Read the Bible
|-resisted|p2a: Read the Bible
|-damage|p2a: Read the Bible|22/100
|-damage|p1a: Artemis|63/100|[from] item: Life Orb
|move|p2a: Read the Bible|Moonblast|p1a: Artemis
|-supereffective|p1a: Artemis
|-damage|p1a: Artemis|0 fnt
|faint|p1a: Artemis
|-damage|p2a: Read the Bible|12/100|[from] item: Life Orb
|
|-weather|RainDance|[upkeep]
|upkeep
|
|t:|1759020717
|switch|p1a: Ranas|Greninja, M|100/100
|turn|9
|
|t:|1759020729
|switch|p2a: No condemnation|Kingambit, M, shiny|58/100
|-activate|p2a: No condemnation|ability: Supreme Overlord
|-start|p2a: No condemnation|fallen2|[silent]
|move|p1a: Ranas|Surf|p2a: No condemnation
|-start|p1a: Ranas|typechange|Water|[from] ability: Protean
|-damage|p2a: No condemnation|21/100
|
|-weather|none
|upkeep
|turn|10
|
|t:|1759020742
|move|p1a: Ranas|Surf|p2a: No condemnation
|-damage|p2a: No condemnation|0 fnt
|faint|p2a: No condemnation
|-end|p2a: No condemnation|fallen2|[silent]
|
|upkeep
|
|t:|1759020746
|switch|p2a: Habakkuk|Dragonite, M, shiny|100/100
|turn|11
|
|t:|1759020760
|switch|p1a: STORMBRINGER|Pelipper, F|100/100
|-weather|RainDance|[from] ability: Drizzle|[of] p1a: STORMBRINGER
|move|p2a: Habakkuk|Dragon Dance|p2a: Habakkuk
|-boost|p2a: Habakkuk|atk|1
|-boost|p2a: Habakkuk|spe|1
|
|-weather|RainDance|[upkeep]
|upkeep
|turn|12
|
|t:|1759020769
|move|p2a: Habakkuk|Outrage|p1a: STORMBRINGER
|-damage|p1a: STORMBRINGER|23/100
|move|p1a: STORMBRINGER|Hurricane|p2a: Habakkuk
|-damage|p2a: Habakkuk|83/100
|-start|p2a: Habakkuk|confusion
|-enditem|p2a: Habakkuk|Lum Berry|[eat]
|-end|p2a: Habakkuk|confusion
|
|-weather|RainDance|[upkeep]
|upkeep
|turn|13
|
|t:|1759020783
|switch|p1a: Annabelle|Hatterene, F, shiny|100/100
|move|p2a: Habakkuk|Outrage|p1a: Annabelle|[from] lockedmove
|-immune|p1a: Annabelle
|
|-weather|RainDance|[upkeep]
|upkeep
|turn|14
|j| theviolator3000
|
|t:|1759020795
|move|p2a: Habakkuk|Earthquake|p1a: Annabelle
|-damage|p1a: Annabelle|50/100
|move|p1a: Annabelle|Psychic Noise|p2a: Habakkuk
|-damage|p2a: Habakkuk|48/100
|-start|p2a: Habakkuk|move: Heal Block
|
|-weather|RainDance|[upkeep]
|upkeep
|turn|15
|
|t:|1759020806
|switch|p1a: Big Unit 51|Iron Treads|11/100
|move|p2a: Habakkuk|Earthquake|p1a: Big Unit 51
|-supereffective|p1a: Big Unit 51
|-damage|p1a: Big Unit 51|0 fnt
|faint|p1a: Big Unit 51
|-end|p1a: Big Unit 51|Quark Drive|[silent]
|
|-weather|RainDance|[upkeep]
|-end|p2a: Habakkuk|move: Heal Block
|upkeep
|l| theviolator3000
|inactive|Cap2n has 120 seconds left.
|j| theviolator3000
|
|t:|1759020834
|switch|p1a: Vendavas|Talonflame, M, shiny|100/100
|turn|16
|j| Nikator98
|
|t:|1759020840
|move|p2a: Habakkuk|Extreme Speed|p1a: Vendavas
|-damage|p1a: Vendavas|28/100
|move|p1a: Vendavas|Hurricane|p2a: Habakkuk
|-damage|p2a: Habakkuk|0 fnt
|faint|p2a: Habakkuk
|
|-weather|RainDance|[upkeep]
|upkeep
|l| Nikator98
|
|t:|1759020851
|switch|p2a: Read the Bible|Enamorus, F, shiny, tera:Water|12/100
|turn|17
|
|t:|1759020856
|move|p1a: Vendavas|Hurricane|p2a: Read the Bible
|-damage|p2a: Read the Bible|0 fnt
|faint|p2a: Read the Bible
|
|-weather|RainDance|[upkeep]
|upkeep
|
|t:|1759020862
|switch|p2a: ROMANS 10:9|Great Tusk, shiny|100/100
|-enditem|p2a: ROMANS 10:9|Booster Energy
|-activate|p2a: ROMANS 10:9|ability: Protosynthesis|[fromitem]
|-start|p2a: ROMANS 10:9|protosynthesisatk
|turn|18
|
|t:|1759020867
|move|p1a: Vendavas|Hurricane|p2a: ROMANS 10:9
|-supereffective|p2a: ROMANS 10:9
|-damage|p2a: ROMANS 10:9|0 fnt
|faint|p2a: ROMANS 10:9
|-end|p2a: ROMANS 10:9|Protosynthesis|[silent]
|
|win|Cap2n
|raw|Cap2n's rating: 1549 &rarr; <strong>1571</strong><br />(+22 for winning)
|raw|Migstaper's rating: 1591 &rarr; <strong>1569</strong><br />(-22 for losing)
|l|☆Migstaper
|player|p2|
|c|☆Cap2n|gg
|l|☆Cap2n
|player|p1|
