|j|☆darascres
|j|☆hyperchoice
|t:|1758921360
|gametype|singles
|player|p1|darascres|102|1675
|player|p2|hyperchoice|2|1656
|gen|9
|tier|[Gen 9] OU
|rated|
|rule|HP Percentage Mod: HP is shown in percentages
|rule|Endless Battle Clause: Forcing endless battles is banned
|rule|Species Clause: Limit one of each Pokémon
|rule|OHKO Clause: OHKO moves are banned
|rule|Evasion Items Clause: Evasion items are banned
|rule|Evasion Moves Clause: Evasion moves are banned
|rule|Evasion Abilities Clause: Evasion abilities are banned
|rule|Sleep Moves Clause: Sleep-inducing moves are banned
|clearpoke
|poke|p1|Deoxys-Speed|
|poke|p1|Oricorio-Pom-Pom, M|
|poke|p1|Gliscor, M|
|poke|p1|Samurott-Hisui, M|
|poke|p1|Garganacl, F|
|poke|p1|Kommo-o, M|
|poke|p2|Tyranitar, F|
|poke|p2|Excadrill, M|
|poke|p2|Kingambit, F|
|poke|p2|Garchomp, F|
|poke|p2|Pecharunt|
|poke|p2|Rotom-Wash|
|teampreview
|
|t:|1758921366
|teamsize|p1|6
|teamsize|p2|6
|start
|switch|p1a: Deoxys|Deoxys-Speed|100/100
|switch|p2a: Tyranitar|Tyranitar, F|100/100
|-ability|p1a: Deoxys|Pressure
|-weather|Sandstorm|[from] ability: Sand Stream|[of] p2a: Tyranitar
|turn|1
|
|t:|1758921370
|move|p1a: Deoxys|Reflect|p1a: Deoxys
|-sidestart|p1: darascres|Reflect
|move|p2a: Tyranitar|Knock Off|p1a: Deoxys
|-supereffective|p1a: Deoxys
|-damage|p1a: Deoxys|47/100
|-enditem|p1a: Deoxys|Light Clay|[from] move: Knock Off|[of] p2a: Tyranitar
|
|-weather|Sandstorm|[upkeep]
|-damage|p1a: Deoxys|41/100|[from] Sandstorm
|upkeep
|turn|2
|
|t:|1758921374
|move|p1a: Deoxys|Light Screen|p1a: Deoxys
|-sidestart|p1: darascres|move: Light Screen
|move|p2a: Tyranitar|Thunder Wave|p1a: Deoxys
|-status|p1a: Deoxys|par
|
|-weather|Sandstorm|[upkeep]
|-damage|p1a: Deoxys|35/100 par|[from] Sandstorm
|upkeep
|turn|3
|
|t:|1758921377
|cant|p1a: Deoxys|par
|move|p2a: Tyranitar|Stealth Rock|p1a: Deoxys
|-sidestart|p1: darascres|move: Stealth Rock
|
|-weather|Sandstorm|[upkeep]
|-damage|p1a: Deoxys|29/100 par|[from] Sandstorm
|upkeep
|turn|4
|
|t:|1758921382
|switch|p2a: Rotom|Rotom-Wash|100/100
|move|p1a: Deoxys|Thunder Wave|p2a: Rotom
|-immune|p2a: Rotom
|
|-weather|Sandstorm|[upkeep]
|-damage|p1a: Deoxys|23/100 par|[from] Sandstorm
|-damage|p2a: Rotom|94/100|[from] Sandstorm
|-heal|p2a: Rotom|100/100|[from] item: Leftovers
|upkeep
|turn|5
|
|t:|1758921387
|cant|p1a: Deoxys|par
|move|p2a: Rotom|Hydro Pump|p1a: Deoxys|[miss]
|-miss|p2a: Rotom|p1a: Deoxys
|
|-weather|Sandstorm|[upkeep]
|-damage|p1a: Deoxys|17/100 par|[from] Sandstorm
|-damage|p2a: Rotom|94/100|[from] Sandstorm
|-heal|p2a: Rotom|100/100|[from] item: Leftovers
|upkeep
|turn|6
|
|t:|1758921392
|move|p1a: Deoxys|Taunt|p2a: Rotom
|-start|p2a: Rotom|move: Taunt
|move|p2a: Rotom|Volt Switch|p1a: Deoxys
|-damage|p1a: Deoxys|3/100 par
|
|t:|1758921396
|switch|p2a: Excadrill|Excadrill, M|100/100|[from] Volt Switch
|-item|p2a: Excadrill|Air Balloon
|
|-weather|Sandstorm|[upkeep]
|-damage|p1a: Deoxys|0 fnt|[from] Sandstorm
|faint|p1a: Deoxys
|-sideend|p1: darascres|move: Light Screen
|upkeep
|
|t:|1758921399
|switch|p1a: Gliscor|Gliscor, M|100/100
|-damage|p1a: Gliscor|88/100|[from] Stealth Rock
|turn|7
|
|t:|1758921406
|switch|p2a: Tyranitar|Tyranitar, F|100/100
|move|p1a: Gliscor|Swords Dance|p1a: Gliscor
|-boost|p1a: Gliscor|atk|2
|
|-weather|Sandstorm|[upkeep]
|-status|p1a: Gliscor|tox|[from] item: Toxic Orb
|upkeep
|turn|8
|j| shrek5baby
|
|t:|1758921414
|-terastallize|p2a: Tyranitar|Flying
|move|p1a: Gliscor|Swords Dance|p1a: Gliscor
|-boost|p1a: Gliscor|atk|2
|move|p2a: Tyranitar|Ice Beam|p1a: Gliscor
|-supereffective|p1a: Gliscor
|-damage|p1a: Gliscor|20/100 tox
|
|-weather|none
|-heal|p1a: Gliscor|32/100 tox|[from] ability: Poison Heal
|-sideend|p1: darascres|Reflect
|upkeep
|turn|9
|
|t:|1758921431
|switch|p2a: Pecharunt|Pecharunt|100/100
|-item|p2a: Pecharunt|Air Balloon
|move|p1a: Gliscor|Facade|p2a: Pecharunt
|-immune|p2a: Pecharunt
|
|-heal|p1a: Gliscor|45/100 tox|[from] ability: Poison Heal
|upkeep
|turn|10
|
|t:|1758921438
|move|p1a: Gliscor|Knock Off|p2a: Pecharunt
|-supereffective|p2a: Pecharunt
|-damage|p2a: Pecharunt|39/100
|-enditem|p2a: Pecharunt|Air Balloon
|move|p2a: Pecharunt|Shadow Ball|p1a: Gliscor
|-crit|p1a: Gliscor
|-damage|p1a: Gliscor|10/100 tox
|
|-heal|p1a: Gliscor|23/100 tox|[from] ability: Poison Heal
|upkeep
|turn|11
|
|t:|1758921445
|move|p1a: Gliscor|Knock Off|p2a: Pecharunt
|-supereffective|p2a: Pecharunt
|-damage|p2a: Pecharunt|0 fnt
|faint|p2a: Pecharunt
|
|-heal|p1a: Gliscor|35/100 tox|[from] ability: Poison Heal
|upkeep
|
|t:|1758921448
|switch|p2a: Garchomp|Garchomp, F|100/100
|turn|12
|
|t:|1758921452
|move|p2a: Garchomp|Scale Shot|p1a: Gliscor
|-crit|p1a: Gliscor
|-damage|p1a: Gliscor|20/100 tox
|-damage|p1a: Gliscor|10/100 tox
|-damage|p1a: Gliscor|0 fnt
|faint|p1a: Gliscor
|-hitcount|p1: Gliscor|3
|-unboost|p2a: Garchomp|def|1
|-boost|p2a: Garchomp|spe|1
|
|upkeep
|j| fuguier
|l| fuguier
|
|t:|1758921459
|switch|p1a: Samurott|Samurott-Hisui, M|100/100
|-damage|p1a: Samurott|88/100|[from] Stealth Rock
|turn|13
|
|t:|1758921463
|switch|p2a: Rotom|Rotom-Wash|100/100
|move|p1a: Samurott|Ceaseless Edge|p2a: Rotom
|-damage|p2a: Rotom|52/100
|-sidestart|p2: hyperchoice|Spikes
|
|-heal|p2a: Rotom|58/100|[from] item: Leftovers
|upkeep
|turn|14
|
|t:|1758921469
|move|p1a: Samurott|Swords Dance|p1a: Samurott
|-boost|p1a: Samurott|atk|2
|move|p2a: Rotom|Pain Split|p1a: Samurott
|-sethp|p1a: Samurott|72/100|[from] move: Pain Split|[silent]
|-sethp|p2a: Rotom|75/100|[from] move: Pain Split
|
|-heal|p2a: Rotom|82/100|[from] item: Leftovers
|upkeep
|turn|15
|
|t:|1758921480
|move|p1a: Samurott|Ceaseless Edge|p2a: Rotom
|-damage|p2a: Rotom|0 fnt
|-sidestart|p2: hyperchoice|Spikes
|faint|p2a: Rotom
|
|upkeep
|
|t:|1758921483
|switch|p2a: Tyranitar|Tyranitar, F, tera:Flying|100/100
|-weather|Sandstorm|[from] ability: Sand Stream|[of] p2a: Tyranitar
|turn|16
|
|t:|1758921488
|move|p1a: Samurott|Ceaseless Edge|p2a: Tyranitar
|-damage|p2a: Tyranitar|16/100
|-sidestart|p2: hyperchoice|Spikes
|move|p2a: Tyranitar|Thunder Wave|p1a: Samurott
|-status|p1a: Samurott|par
|
|-weather|Sandstorm|[upkeep]
|-damage|p2a: Tyranitar|10/100|[from] Sandstorm
|-damage|p1a: Samurott|65/100 par|[from] Sandstorm
|upkeep
|turn|17
|
|t:|1758921494
|move|p2a: Tyranitar|Knock Off|p1a: Samurott
|-resisted|p1a: Samurott
|-damage|p1a: Samurott|37/100 par
|-enditem|p1a: Samurott|Black Glasses|[from] move: Knock Off|[of] p2a: Tyranitar
|cant|p1a: Samurott|par
|
|-weather|Sandstorm|[upkeep]
|-damage|p2a: Tyranitar|3/100|[from] Sandstorm
|-damage|p1a: Samurott|31/100 par|[from] Sandstorm
|upkeep
|turn|18
|
|t:|1758921500
|move|p1a: Samurott|Sucker Punch|p2a: Tyranitar
|-damage|p2a: Tyranitar|0 fnt
|faint|p2a: Tyranitar
|
|-weather|Sandstorm|[upkeep]
|-damage|p1a: Samurott|25/100 par|[from] Sandstorm
|upkeep
|
|t:|1758921503
|switch|p2a: Excadrill|Excadrill, M|100/100
|-item|p2a: Excadrill|Air Balloon
|turn|19
|
|t:|1758921505
|move|p1a: Samurott|Sucker Punch||[still]
|-fail|p1a: Samurott
|move|p2a: Excadrill|Swords Dance|p2a: Excadrill
|-boost|p2a: Excadrill|atk|2
|
|-weather|Sandstorm|[upkeep]
|-damage|p1a: Samurott|19/100 par|[from] Sandstorm
|upkeep
|turn|20
|
|t:|1758921509
|move|p2a: Excadrill|Swords Dance|p2a: Excadrill
|-boost|p2a: Excadrill|atk|2
|move|p1a: Samurott|Razor Shell|p2a: Excadrill
|-supereffective|p2a: Excadrill
|-crit|p2a: Excadrill
|-damage|p2a: Excadrill|0 fnt
|-enditem|p2a: Excadrill|Air Balloon
|faint|p2a: Excadrill
|
|-weather|Sandstorm|[upkeep]
|-damage|p1a: Samurott|12/100 par|[from] Sandstorm
|upkeep
|
|t:|1758921512
|switch|p2a: Garchomp|Garchomp, F|100/100
|-damage|p2a: Garchomp|76/100|[from] Spikes
|turn|21
|
|t:|1758921518
|move|p2a: Garchomp|Swords Dance|p2a: Garchomp
|-boost|p2a: Garchomp|atk|2
|move|p1a: Samurott|Razor Shell|p2a: Garchomp
|-damage|p2a: Garchomp|0 fnt
|-damage|p1a: Samurott|0 fnt|[from] ability: Rough Skin|[of] p2a: Garchomp
|faint|p2a: Garchomp
|faint|p1a: Samurott
|
|-weather|Sandstorm|[upkeep]
|upkeep
|
|t:|1758921528
|switch|p2a: Kingambit|Kingambit, F|100/100
|switch|p1a: Kommo-o|Kommo-o, M|100/100
|-damage|p1a: Kommo-o|94/100|[from] Stealth Rock
|-damage|p2a: Kingambit|75/100|[from] Spikes
|-activate|p2a: Kingambit|ability: Supreme Overlord
|-start|p2a: Kingambit|fallen5|[silent]
|turn|22
|
|t:|1758921532
|move|p1a: Kommo-o|Flamethrower|p2a: Kingambit
|-supereffective|p2a: Kingambit
|-damage|p2a: Kingambit|23/100
|move|p2a: Kingambit|Iron Head|p1a: Kommo-o
|-damage|p1a: Kommo-o|23/100
|
|-weather|Sandstorm|[upkeep]
|-damage|p1a: Kommo-o|17/100|[from] Sandstorm
|upkeep
|turn|23
|
|t:|1758921539
|move|p2a: Kingambit|Sucker Punch|p1a: Kommo-o
|-resisted|p1a: Kommo-o
|-damage|p1a: Kommo-o|0 fnt
|faint|p1a: Kommo-o
|
|-weather|none
|upkeep
|
|t:|1758921541
|switch|p1a: Oricorio|Oricorio-Pom-Pom, M|100/100
|turn|24
|
|t:|1758921544
|move|p2a: Kingambit|Sucker Punch|p1a: Oricorio
|-damage|p1a: Oricorio|0 fnt
|faint|p1a: Oricorio
|
|upkeep
|
|t:|1758921546
|switch|p1a: Garganacl|Garganacl, F|100/100
|-damage|p1a: Garganacl|88/100|[from] Stealth Rock
|turn|25
|
|t:|1758921548
|-terastallize|p1a: Garganacl|Water
|move|p2a: Kingambit|Iron Head|p1a: Garganacl
|-resisted|p1a: Garganacl
|-crit|p1a: Garganacl
|-damage|p1a: Garganacl|53/100
|cant|p1a: Garganacl|flinch
|
|-heal|p1a: Garganacl|59/100|[from] item: Leftovers
|upkeep
|turn|26
|
|t:|1758921556
|move|p2a: Kingambit|Kowtow Cleave|p1a: Garganacl
|-damage|p1a: Garganacl|0 fnt
|faint|p1a: Garganacl
|
|win|hyperchoice
|raw|darascres's rating: 1675 &rarr; <strong>1654</strong><br />(-21 for losing)
|raw|hyperchoice's rating: 1656 &rarr; <strong>1677</strong><br />(+21 for winning)
|c|☆hyperchoice|Lmao
|c|☆hyperchoice|What a mess
|c|☆darascres|Tontolaba
|c|☆hyperchoice|Sorry g
|l|☆darascres
|player|p1|
|l| shrek5baby
