|j|☆boogerstastegood
|j|☆Excelio21
|t:|1758921229
|gametype|singles
|player|p1|boogerstastegood|dancer|1389
|player|p2|Excelio21|riley|1438
|gen|9
|tier|[Gen 9] OU
|rated|
|rule|HP Percentage Mod: HP is shown in percentages
|rule|Endless Battle Clause: Forcing endless battles is banned
|rule|Species Clause: Limit one of each Pokémon
|rule|OHKO Clause: OHKO moves are banned
|rule|Evasion Items Clause: Evasion items are banned
|rule|Evasion Moves Clause: Evasion moves are banned
|rule|Evasion Abilities Clause: Evasion abilities are banned
|rule|Sleep Moves Clause: Sleep-inducing moves are banned
|clearpoke
|poke|p1|Indeedee-F, F|
|poke|p1|Hoopa-Unbound|
|poke|p1|Ursaluna, M|
|poke|p1|Cinderace, F|
|poke|p1|Hawlucha, M|
|poke|p1|Iron Crown|
|poke|p2|Ogerpon-Wellspring, F|
|poke|p2|Blissey, F|
|poke|p2|Weezing-Galar, F|
|poke|p2|Primarina, M|
|poke|p2|Weavile, M|
|poke|p2|Pelipper, M|
|teampreview
|inactive|Battle timer is ON: inactive players will automatically lose when time's up. (requested by boogerstastegood)
|
|t:|1758921239
|teamsize|p1|6
|teamsize|p2|6
|start
|switch|p1a: Indeedee|Indeedee-F, F|100/100
|switch|p2a: Pelipper|Pelipper, M|100/100
|-fieldstart|move: Psychic Terrain|[from] ability: Psychic Surge|[of] p1a: Indeedee
|-weather|RainDance|[from] ability: Drizzle|[of] p2a: Pelipper
|turn|1
|
|t:|1758921256
|switch|p1a: Iron Crown|Iron Crown|100/100
|-enditem|p1a: Iron Crown|Booster Energy
|-activate|p1a: Iron Crown|ability: Quark Drive|[fromitem]
|-start|p1a: Iron Crown|quarkdrivespe
|move|p2a: Pelipper|Surf|p1a: Iron Crown
|-damage|p1a: Iron Crown|13/100
|
|-weather|RainDance|[upkeep]
|upkeep
|turn|2
|
|t:|1758921264
|switch|p2a: Blissey|Blissey, F|100/100
|move|p1a: Iron Crown|Expanding Force|p2a: Blissey
|-damage|p2a: Blissey|75/100
|
|-weather|RainDance|[upkeep]
|-heal|p2a: Blissey|81/100|[from] item: Leftovers
|upkeep
|turn|3
|
|t:|1758921268
|move|p1a: Iron Crown|Calm Mind|p1a: Iron Crown
|-boost|p1a: Iron Crown|spa|1
|-boost|p1a: Iron Crown|spd|1
|move|p2a: Blissey|Stealth Rock|p1a: Iron Crown
|-sidestart|p1: boogerstastegood|move: Stealth Rock
|
|-weather|RainDance|[upkeep]
|-heal|p2a: Blissey|87/100|[from] item: Leftovers
|upkeep
|turn|4
|
|t:|1758921273
|move|p1a: Iron Crown|Focus Blast|p2a: Blissey|[miss]
|-miss|p1a: Iron Crown|p2a: Blissey
|move|p2a: Blissey|Seismic Toss|p1a: Iron Crown
|-damage|p1a: Iron Crown|0 fnt
|faint|p1a: Iron Crown
|-end|p1a: Iron Crown|Quark Drive|[silent]
|
|-weather|RainDance|[upkeep]
|-heal|p2a: Blissey|93/100|[from] item: Leftovers
|upkeep
|
|t:|1758921276
|switch|p1a: Hawlucha|Hawlucha, M|100/100
|-damage|p1a: Hawlucha|88/100|[from] Stealth Rock
|-enditem|p1a: Hawlucha|Psychic Seed
|-boost|p1a: Hawlucha|spd|1|[from] item: Psychic Seed
|turn|5
|
|t:|1758921282
|-terastallize|p2a: Blissey|Ghost
|move|p1a: Hawlucha|Swords Dance|p1a: Hawlucha
|-boost|p1a: Hawlucha|atk|2
|move|p2a: Blissey|Thunder Wave|p1a: Hawlucha
|-status|p1a: Hawlucha|par
|
|-weather|none
|-heal|p2a: Blissey|99/100|[from] item: Leftovers
|upkeep
|turn|6
|
|t:|1758921287
|cant|p1a: Hawlucha|par
|move|p2a: Blissey|Seismic Toss|p1a: Hawlucha
|-damage|p1a: Hawlucha|56/100 par
|
|-heal|p2a: Blissey|100/100|[from] item: Leftovers
|upkeep
|turn|7
|-message|boogerstastegood forfeited.
|
|win|Excelio21
|raw|boogerstastegood's rating: 1389 &rarr; <strong>1372</strong><br />(-17 for losing)
|raw|Excelio21's rating: 1438 &rarr; <strong>1455</strong><br />(+17 for winning)
|l|☆boogerstastegood
|player|p1|
|l|☆Excelio21
|player|p2|
