|j|☆thekingthegoat
|j|☆Mr.Incelman
|t:|1759030597
|gametype|singles
|player|p1|thekingthegoat|265|1466
|player|p2|Mr.Incelman|miku-ice|1555
|gen|9
|tier|[Gen 9] OU
|rated|
|rule|HP Percentage Mod: HP is shown in percentages
|rule|Endless Battle Clause: Forcing endless battles is banned
|rule|Species Clause: Limit one of each Pokémon
|rule|OHKO Clause: OHKO moves are banned
|rule|Evasion Items Clause: Evasion items are banned
|rule|Evasion Moves Clause: Evasion moves are banned
|rule|Evasion Abilities Clause: Evasion abilities are banned
|rule|Sleep Moves Clause: Sleep-inducing moves are banned
|clearpoke
|poke|p1|Ribombee, M|
|poke|p1|Gholdengo|
|poke|p1|Great Tusk|
|poke|p1|Raging Bolt|
|poke|p1|Ogerpon-Cornerstone, F|
|poke|p1|Ceruledge, F|
|poke|p2|Ninetales-Alola, M|
|poke|p2|Kyurem|
|poke|p2|Samurott-Hisui, M|
|poke|p2|Kingambit, M|
|poke|p2|Gholdengo|
|poke|p2|Zamazenta-*|
|teampreview
|inactive|Battle timer is ON: inactive players will automatically lose when time's up. (requested by Mr.Incelman)
|inactive|thekingthegoat also wants the timer to be on.
|
|t:|1759030604
|teamsize|p1|6
|teamsize|p2|6
|start
|switch|p1a: BROTHER STONE|Ogerpon-Cornerstone, F|100/100
|switch|p2a: Gholdengo|Gholdengo|100/100
|turn|1
|
|t:|1759030612
|switch|p1a: GREAT NECK|Raging Bolt|100/100
|-enditem|p1a: GREAT NECK|Booster Energy
|-activate|p1a: GREAT NECK|ability: Protosynthesis|[fromitem]
|-start|p1a: GREAT NECK|protosynthesisspa
|move|p2a: Gholdengo|Shadow Ball|p1a: GREAT NECK
|-damage|p1a: GREAT NECK|58/100
|
|upkeep
|turn|2
|
|t:|1759030623
|move|p2a: Gholdengo|Shadow Ball|p1a: GREAT NECK
|-damage|p1a: GREAT NECK|16/100
|-unboost|p1a: GREAT NECK|spd|1
|move|p1a: GREAT NECK|Thunderbolt|p2a: Gholdengo
|-damage|p2a: Gholdengo|18/100
|-status|p2a: Gholdengo|par
|
|upkeep
|turn|3
|
|t:|1759030630
|move|p1a: GREAT NECK|Thunderbolt|p2a: Gholdengo
|-damage|p2a: Gholdengo|0 fnt
|faint|p2a: Gholdengo
|
|upkeep
|
|t:|1759030638
|switch|p2a: Ninetales|Ninetales-Alola, M|100/100
|-weather|Snowscape|[from] ability: Snow Warning|[of] p2a: Ninetales
|turn|4
|
|t:|1759030641
|move|p2a: Ninetales|Aurora Veil|p2a: Ninetales
|-sidestart|p2: Mr.Incelman|move: Aurora Veil
|move|p1a: GREAT NECK|Thunderbolt|p2a: Ninetales
|-damage|p2a: Ninetales|69/100
|
|-weather|Snowscape|[upkeep]
|upkeep
|turn|5
|
|t:|1759030644
|move|p1a: GREAT NECK|Thunderclap|p2a: Ninetales
|-damage|p2a: Ninetales|45/100
|move|p2a: Ninetales|Freeze-Dry|p1a: GREAT NECK
|-supereffective|p1a: GREAT NECK
|-damage|p1a: GREAT NECK|0 fnt
|faint|p1a: GREAT NECK
|-end|p1a: GREAT NECK|Protosynthesis|[silent]
|
|-weather|Snowscape|[upkeep]
|upkeep
|
|t:|1759030647
|switch|p1a: NEW DROP|Ribombee, M, shiny|100/100
|turn|6
|
|t:|1759030650
|switch|p2a: Kyurem|Kyurem|100/100
|-ability|p2a: Kyurem|Pressure
|move|p1a: NEW DROP|Sticky Web|p2a: Kyurem
|-sidestart|p2: Mr.Incelman|move: Sticky Web
|
|-weather|Snowscape|[upkeep]
|upkeep
|turn|7
|
|t:|1759030656
|-terastallize|p2a: Kyurem|Electric
|move|p1a: NEW DROP|Stun Spore|p2a: Kyurem
|-immune|p2a: Kyurem
|move|p2a: Kyurem|Dragon Dance|p2a: Kyurem
|-boost|p2a: Kyurem|atk|1
|-boost|p2a: Kyurem|spe|1
|
|-weather|Snowscape|[upkeep]
|upkeep
|turn|8
|
|t:|1759030660
|move|p2a: Kyurem|Icicle Spear|p1a: NEW DROP
|-damage|p1a: NEW DROP|58/100
|-damage|p1a: NEW DROP|12/100
|-damage|p1a: NEW DROP|0 fnt
|faint|p1a: NEW DROP
|-hitcount|p1: NEW DROP|3
|
|-weather|none
|upkeep
|
|t:|1759030667
|switch|p1a: BANDIT|Great Tusk, shiny|100/100
|-enditem|p1a: BANDIT|Booster Energy
|-activate|p1a: BANDIT|ability: Protosynthesis|[fromitem]
|-start|p1a: BANDIT|protosynthesisatk
|turn|9
|
|t:|1759030672
|-terastallize|p1a: BANDIT|Ice
|move|p2a: Kyurem|Tera Blast|p1a: BANDIT|[anim] Tera Blast Electric
|-damage|p1a: BANDIT|49/100
|move|p1a: BANDIT|Headlong Rush|p2a: Kyurem
|-supereffective|p2a: Kyurem
|-damage|p2a: Kyurem|28/100
|-unboost|p1a: BANDIT|def|1
|-unboost|p1a: BANDIT|spd|1
|
|upkeep
|turn|10
|
|t:|1759030680
|-end|p1a: BANDIT|Protosynthesis|[silent]
|switch|p1a: KRYPTONITE|Gholdengo, shiny|100/100
|-item|p1a: KRYPTONITE|Air Balloon
|move|p2a: Kyurem|Icicle Spear|p1a: KRYPTONITE
|-resisted|p1a: KRYPTONITE
|-damage|p1a: KRYPTONITE|89/100
|-enditem|p1a: KRYPTONITE|Air Balloon
|-resisted|p1a: KRYPTONITE
|-damage|p1a: KRYPTONITE|78/100
|-resisted|p1a: KRYPTONITE
|-damage|p1a: KRYPTONITE|66/100
|-resisted|p1a: KRYPTONITE
|-damage|p1a: KRYPTONITE|55/100
|-resisted|p1a: KRYPTONITE
|-crit|p1a: KRYPTONITE
|-damage|p1a: KRYPTONITE|39/100
|-hitcount|p1a: KRYPTONITE|5
|
|upkeep
|turn|11
|
|t:|1759030683
|move|p2a: Kyurem|Tera Blast|p1a: KRYPTONITE|[anim] Tera Blast Electric
|-damage|p1a: KRYPTONITE|0 fnt
|faint|p1a: KRYPTONITE
|
|-sideend|p2: Mr.Incelman|move: Aurora Veil
|upkeep
|
|t:|1759030686
|switch|p1a: TORE UP|Ceruledge, F, shiny|100/100
|turn|12
|
|t:|1759030695
|move|p1a: TORE UP|Shadow Sneak|p2a: Kyurem
|-damage|p2a: Kyurem|9/100
|move|p2a: Kyurem|Scale Shot|p1a: TORE UP|[miss]
|-miss|p2a: Kyurem|p1a: TORE UP
|
|upkeep
|turn|13
|
|t:|1759030699
|move|p1a: TORE UP|Shadow Sneak|p2a: Kyurem
|-damage|p2a: Kyurem|0 fnt
|faint|p2a: Kyurem
|
|upkeep
|
|t:|1759030703
|switch|p2a: Samurott|Samurott-Hisui, M|100/100
|-activate|p2a: Samurott|move: Sticky Web
|-unboost|p2a: Samurott|spe|1
|turn|14
|c|☆thekingthegoat|mb lmao
|
|t:|1759030706
|move|p1a: TORE UP|Swords Dance|p1a: TORE UP
|-boost|p1a: TORE UP|atk|2
|move|p2a: Samurott|Ceaseless Edge|p1a: TORE UP|[miss]
|-miss|p2a: Samurott|p1a: TORE UP
|
|upkeep
|turn|15
|
|t:|1759030713
|move|p2a: Samurott|Sucker Punch|p1a: TORE UP
|-supereffective|p1a: TORE UP
|-damage|p1a: TORE UP|18/100
|-ability|p1a: TORE UP|Weak Armor|boost
|-unboost|p1a: TORE UP|def|1
|-boost|p1a: TORE UP|spe|2
|move|p1a: TORE UP|Close Combat|p2a: Samurott
|-supereffective|p2a: Samurott
|-damage|p2a: Samurott|0 fnt
|-unboost|p1a: TORE UP|def|1
|-unboost|p1a: TORE UP|spd|1
|faint|p2a: Samurott
|
|upkeep
|c|☆thekingthegoat|oh hell nah
|
|t:|1759030719
|switch|p2a: Zamazenta|Zamazenta|100/100
|-activate|p2a: Zamazenta|move: Sticky Web
|-unboost|p2a: Zamazenta|spe|1
|-ability|p2a: Zamazenta|Dauntless Shield|boost
|-boost|p2a: Zamazenta|def|1
|turn|16
|
|t:|1759030722
|move|p1a: TORE UP|Bitter Blade|p2a: Zamazenta
|-damage|p2a: Zamazenta|55/100
|-heal|p1a: TORE UP|49/100|[from] drain|[of] p2a: Zamazenta
|move|p2a: Zamazenta|Roar|p1a: TORE UP
|drag|p1a: BROTHER STONE|Ogerpon-Cornerstone, F|100/100
|
|-heal|p2a: Zamazenta|61/100|[from] item: Leftovers
|upkeep
|turn|17
|
|t:|1759030727
|move|p1a: BROTHER STONE|Power Whip|p2a: Zamazenta
|-damage|p2a: Zamazenta|24/100
|move|p2a: Zamazenta|Body Press|p1a: BROTHER STONE
|-supereffective|p1a: BROTHER STONE
|-ability|p1a: BROTHER STONE|Sturdy
|-damage|p1a: BROTHER STONE|1/100
|
|-heal|p2a: Zamazenta|30/100|[from] item: Leftovers
|upkeep
|turn|18
|
|t:|1759030733
|move|p1a: BROTHER STONE|Power Whip|p2a: Zamazenta|[miss]
|-miss|p1a: BROTHER STONE|p2a: Zamazenta
|move|p2a: Zamazenta|Body Press|p1a: BROTHER STONE
|-supereffective|p1a: BROTHER STONE
|-damage|p1a: BROTHER STONE|0 fnt
|faint|p1a: BROTHER STONE
|
|-heal|p2a: Zamazenta|36/100|[from] item: Leftovers
|upkeep
|
|t:|1759030736
|switch|p1a: BANDIT|Great Tusk, shiny, tera:Ice|49/100
|turn|19
|
|t:|1759030741
|move|p1a: BANDIT|Close Combat|p2a: Zamazenta
|-damage|p2a: Zamazenta|5/100
|-unboost|p1a: BANDIT|def|1
|-unboost|p1a: BANDIT|spd|1
|move|p2a: Zamazenta|Body Press|p1a: BANDIT
|-supereffective|p1a: BANDIT
|-damage|p1a: BANDIT|0 fnt
|faint|p1a: BANDIT
|-end|p1a: BANDIT|Protosynthesis|[silent]
|
|-heal|p2a: Zamazenta|11/100|[from] item: Leftovers
|upkeep
|
|t:|1759030743
|switch|p1a: TORE UP|Ceruledge, F, shiny|49/100
|turn|20
|
|t:|1759030746
|move|p1a: TORE UP|Bitter Blade|p2a: Zamazenta
|-damage|p2a: Zamazenta|0 fnt
|-heal|p1a: TORE UP|56/100|[from] drain|[of] p2a: Zamazenta
|faint|p2a: Zamazenta
|
|upkeep
|
|t:|1759030749
|switch|p2a: Ninetales|Ninetales-Alola, M|45/100
|-activate|p2a: Ninetales|move: Sticky Web
|-unboost|p2a: Ninetales|spe|1
|-weather|Snowscape|[from] ability: Snow Warning|[of] p2a: Ninetales
|turn|21
|
|t:|1759030753
|move|p1a: TORE UP|Bitter Blade|p2a: Ninetales
|-supereffective|p2a: Ninetales
|-damage|p2a: Ninetales|0 fnt
|-heal|p1a: TORE UP|83/100|[from] drain|[of] p2a: Ninetales
|faint|p2a: Ninetales
|
|-weather|Snowscape|[upkeep]
|upkeep
|
|t:|1759030756
|switch|p2a: Kingambit|Kingambit, M|100/100
|-activate|p2a: Kingambit|move: Sticky Web
|-unboost|p2a: Kingambit|spe|1
|-activate|p2a: Kingambit|ability: Supreme Overlord
|-start|p2a: Kingambit|fallen5|[silent]
|turn|22
|
|t:|1759030759
|move|p1a: TORE UP|Shadow Sneak|p2a: Kingambit
|-resisted|p2a: Kingambit
|-damage|p2a: Kingambit|90/100
|move|p2a: Kingambit|Sucker Punch||[still]
|-fail|p2a: Kingambit
|
|-weather|Snowscape|[upkeep]
|-heal|p2a: Kingambit|96/100|[from] item: Leftovers
|upkeep
|turn|23
|
|t:|1759030761
|move|p2a: Kingambit|Sucker Punch|p1a: TORE UP
|-supereffective|p1a: TORE UP
|-damage|p1a: TORE UP|0 fnt
|faint|p1a: TORE UP
|
|win|Mr.Incelman
|raw|thekingthegoat's rating: 1466 &rarr; <strong>1451</strong><br />(-15 for losing)
|raw|Mr.Incelman's rating: 1555 &rarr; <strong>1570</strong><br />(+15 for winning)
|l|☆thekingthegoat
|player|p1|
