|j|☆Herris456
|j|☆Inder-House
|t:|1759076171
|gametype|singles
|player|p1|Herris456|pryce|
|player|p2|Inder-House|170|
|gen|9
|tier|[Gen 9] OU
|rule|HP Percentage Mod: HP is shown in percentages
|rule|Endless Battle Clause: Forcing endless battles is banned
|rule|Species Clause: Limit one of each Pokémon
|rule|OHKO Clause: OHKO moves are banned
|rule|Evasion Items Clause: Evasion items are banned
|rule|Evasion Moves Clause: Evasion moves are banned
|rule|Evasion Abilities Clause: Evasion abilities are banned
|rule|Sleep Moves Clause: Sleep-inducing moves are banned
|clearpoke
|poke|p1|Kyurem|
|poke|p1|Slowking-Galar, F|
|poke|p1|Cinderace, M|
|poke|p1|Ting-Lu|
|poke|p1|Corviknight, F|
|poke|p1|Dragapult, M|
|poke|p2|Dondozo, M|
|poke|p2|Ting-Lu|
|poke|p2|Rotom-Wash|
|poke|p2|Iron Valiant|
|poke|p2|Heatran, F|
|poke|p2|Pecharunt|
|teampreview
|l|☆Herris456
|player|p1|
|j|☆Herris456
|player|p1|Herris456|pryce|
|
|t:|1759076214
|teamsize|p1|6
|teamsize|p2|6
|start
|switch|p1a: Dragapult|Dragapult, M|100/100
|switch|p2a: Rotom|Rotom-Wash|100/100
|turn|1
|c|☆Inder-House|hehehe
|
|t:|1759076248
|switch|p2a: Ting-Lu|Ting-Lu|100/100
|-ability|p2a: Ting-Lu|Vessel of Ruin
|move|p1a: Dragapult|Shadow Ball|p2a: Ting-Lu
|-resisted|p2a: Ting-Lu
|-damage|p2a: Ting-Lu|90/100
|-damage|p1a: Dragapult|91/100|[from] item: Life Orb
|
|-heal|p2a: Ting-Lu|96/100|[from] item: Leftovers
|upkeep
|turn|2
|
|t:|1759076259
|switch|p1a: Corviknight|Corviknight, F|100/100
|-ability|p1a: Corviknight|Pressure
|move|p2a: Ting-Lu|Payback|p1a: Corviknight
|-damage|p1a: Corviknight|89/100
|-damage|p2a: Ting-Lu|80/100|[from] item: Rocky Helmet|[of] p1a: Corviknight
|
|-heal|p2a: Ting-Lu|86/100|[from] item: Leftovers
|upkeep
|turn|3
|
|t:|1759076268
|switch|p2a: Pecharunt|Pecharunt|100/100
|move|p1a: Corviknight|U-turn|p2a: Pecharunt
|-resisted|p2a: Pecharunt
|-damage|p2a: Pecharunt|98/100
|
|t:|1759076278
|switch|p1a: Slowking|Slowking-Galar, F, shiny|100/100|[from] U-turn
|
|-heal|p2a: Pecharunt|100/100|[from] item: Leftovers
|upkeep
|turn|4
|
|t:|1759076299
|move|p2a: Pecharunt|Parting Shot|p1a: Slowking
|-unboost|p1a: Slowking|atk|1
|-unboost|p1a: Slowking|spa|1
|
|t:|1759076301
|switch|p2a: Rotom|Rotom-Wash|100/100|[from] Parting Shot
|move|p1a: Slowking|Future Sight|p2a: Rotom
|-start|p1a: Slowking|move: Future Sight
|
|upkeep
|turn|5
|l|☆Herris456
|player|p1|
|j|☆Herris456
|player|p1|Herris456|pryce|
|
|t:|1759076390
|switch|p1a: Kyurem|Kyurem|100/100
|-ability|p1a: Kyurem|Pressure
|move|p2a: Rotom|Volt Switch|p1a: Kyurem
|-resisted|p1a: Kyurem
|-damage|p1a: Kyurem|85/100
|
|t:|1759076448
|switch|p2a: Iron Valiant|Iron Valiant|100/100|[from] Volt Switch
|-enditem|p2a: Iron Valiant|Booster Energy
|-activate|p2a: Iron Valiant|ability: Quark Drive|[fromitem]
|-start|p2a: Iron Valiant|quarkdrivespe
|
|upkeep
|turn|6
|
|t:|1759076476
|switch|p1a: Slowking|Slowking-Galar, F, shiny|100/100
|-terastallize|p2a: Iron Valiant|Steel
|move|p2a: Iron Valiant|Psyshock|p1a: Slowking
|-damage|p1a: Slowking|75/100
|
|-end|p2a: Iron Valiant|move: Future Sight
|-resisted|p2a: Iron Valiant
|-damage|p2a: Iron Valiant|58/100
|upkeep
|turn|7
|
|t:|1759076487
|-terastallize|p1a: Slowking|Water
|move|p2a: Iron Valiant|Psyshock|p1a: Slowking
|-damage|p1a: Slowking|47/100
|-prepare|p1a: Slowking|Chilly Reception|[premajor]
|move|p1a: Slowking|Chilly Reception|p1a: Slowking
|-weather|Snowscape
|
|t:|1759076501
|switch|p1a: Corviknight|Corviknight, F|89/100|[from] Chilly Reception
|-ability|p1a: Corviknight|Pressure
|
|-weather|Snowscape|[upkeep]
|upkeep
|turn|8
|
|t:|1759076522
|-end|p2a: Iron Valiant|Quark Drive|[silent]
|switch|p2a: Pecharunt|Pecharunt|100/100
|move|p1a: Corviknight|U-turn|p2a: Pecharunt
|-resisted|p2a: Pecharunt
|-damage|p2a: Pecharunt|99/100
|
|t:|1759076525
|switch|p1a: Kyurem|Kyurem|85/100|[from] U-turn
|-ability|p1a: Kyurem|Pressure
|
|-weather|Snowscape|[upkeep]
|-heal|p2a: Pecharunt|100/100|[from] item: Leftovers
|upkeep
|turn|9
|
|t:|1759076531
|move|p1a: Kyurem|Blizzard|p2a: Pecharunt
|-damage|p2a: Pecharunt|4/100
|move|p2a: Pecharunt|Malignant Chain|p1a: Kyurem
|-damage|p1a: Kyurem|41/100
|-status|p1a: Kyurem|tox
|-start|p1a: Kyurem|confusion|[from] ability: Poison Puppeteer|[of] p2a: Pecharunt
|
|-weather|Snowscape|[upkeep]
|-heal|p2a: Pecharunt|10/100|[from] item: Leftovers
|-damage|p1a: Kyurem|35/100 tox|[from] psn
|upkeep
|turn|10
|
|t:|1759076540
|switch|p1a: Slowking|Slowking-Galar, F, shiny, tera:Water|80/100
|move|p2a: Pecharunt|Hex|p1a: Slowking
|-damage|p1a: Slowking|64/100
|
|-weather|Snowscape|[upkeep]
|-heal|p2a: Pecharunt|16/100|[from] item: Leftovers
|upkeep
|turn|11
|
|t:|1759076547
|move|p2a: Pecharunt|Recover|p2a: Pecharunt
|-heal|p2a: Pecharunt|66/100
|move|p1a: Slowking|Future Sight|p2a: Pecharunt
|-start|p1a: Slowking|move: Future Sight
|
|-weather|none
|-heal|p2a: Pecharunt|72/100|[from] item: Leftovers
|upkeep
|turn|12
|c|☆Inder-House|huge
|
|t:|1759076556
|move|p2a: Pecharunt|Malignant Chain|p1a: Slowking
|-damage|p1a: Slowking|40/100
|-prepare|p1a: Slowking|Chilly Reception|[premajor]
|move|p1a: Slowking|Chilly Reception|p1a: Slowking
|-weather|Snowscape
|
|t:|1759076563
|switch|p1a: Kyurem|Kyurem|35/100 tox|[from] Chilly Reception
|-ability|p1a: Kyurem|Pressure
|
|-weather|Snowscape|[upkeep]
|-heal|p2a: Pecharunt|78/100|[from] item: Leftovers
|-damage|p1a: Kyurem|29/100 tox|[from] psn
|upkeep
|turn|13
|
|t:|1759076613
|switch|p2a: Iron Valiant|Iron Valiant, tera:Steel|58/100
|move|p1a: Kyurem|Earth Power|p2a: Iron Valiant
|-supereffective|p2a: Iron Valiant
|-damage|p2a: Iron Valiant|0 fnt
|faint|p2a: Iron Valiant
|-end|p2a: Iron Valiant|Quark Drive|[silent]
|
|-weather|Snowscape|[upkeep]
|-hint|Future Sight did not hit because the target is fainted.
|-damage|p1a: Kyurem|17/100 tox|[from] psn
|upkeep
|
|t:|1759076624
|switch|p2a: Rotom|Rotom-Wash|100/100
|turn|14
|
|t:|1759076659
|switch|p1a: Slowking|Slowking-Galar, F, shiny, tera:Water|74/100
|move|p2a: Rotom|Volt Switch|p1a: Slowking
|-supereffective|p1a: Slowking
|-damage|p1a: Slowking|40/100
|
|t:|1759076664
|switch|p2a: Pecharunt|Pecharunt|78/100|[from] Volt Switch
|
|-weather|Snowscape|[upkeep]
|-heal|p2a: Pecharunt|84/100|[from] item: Leftovers
|upkeep
|turn|15
|c|☆Herris456|Fucking miffed this tera
|c|☆Herris456|Absolutely detrimental l
|c|☆Herris456|I guess you blew yours too
|c|☆Inder-House|so vulnerable to the volt switch now
|c|☆Herris456|but slowking is so valuable bow
|c|☆Inder-House|mine was more of a decoy haha
|
|t:|1759076701
|switch|p1a: Corviknight|Corviknight, F|89/100
|-ability|p1a: Corviknight|Pressure
|move|p2a: Pecharunt|Malignant Chain|p1a: Corviknight
|-immune|p1a: Corviknight
|
|-weather|Snowscape|[upkeep]
|-heal|p2a: Pecharunt|90/100|[from] item: Leftovers
|upkeep
|turn|16
|
|t:|1759076722
|move|p2a: Pecharunt|Hex|p1a: Corviknight
|-damage|p1a: Corviknight|61/100
|move|p1a: Corviknight|U-turn|p2a: Pecharunt
|-resisted|p2a: Pecharunt
|-damage|p2a: Pecharunt|88/100
|
|t:|1759076730
|switch|p1a: Ting-Lu|Ting-Lu|100/100|[from] U-turn
|-ability|p1a: Ting-Lu|Vessel of Ruin
|
|-weather|none
|-heal|p2a: Pecharunt|94/100|[from] item: Leftovers
|upkeep
|turn|17
|
|t:|1759076737
|switch|p2a: Rotom|Rotom-Wash|100/100
|move|p1a: Ting-Lu|Ruination|p2a: Rotom
|-damage|p2a: Rotom|51/100
|
|upkeep
|turn|18
|
|t:|1759076746
|switch|p1a: Kyurem|Kyurem|17/100 tox
|-ability|p1a: Kyurem|Pressure
|move|p2a: Rotom|Hydro Pump|p1a: Kyurem|[miss]
|-miss|p2a: Rotom|p1a: Kyurem
|
|-damage|p1a: Kyurem|11/100 tox|[from] psn
|upkeep
|turn|19
|c|☆Inder-House|argh
|
|t:|1759076764
|switch|p2a: Heatran|Heatran, F|100/100
|move|p1a: Kyurem|Earth Power|p2a: Heatran
|-supereffective|p2a: Heatran
|-damage|p2a: Heatran|0 fnt
|faint|p2a: Heatran
|
|-damage|p1a: Kyurem|0 fnt|[from] psn
|faint|p1a: Kyurem
|upkeep
|c|☆Inder-House|ah shoot
|c|☆Herris456|Oh man
|c|☆Herris456|dude
|c|☆Herris456|I legit
|c|☆Herris456|freaked out
|c|☆Inder-House|i knew you'd do that
|c|☆Inder-House|hahaha
|c|☆Herris456|Such a good game lol
|c|☆Inder-House|so intense
|c|☆Inder-House|however it goes, well played
|
|t:|1759076815
|switch|p1a: Slowking|Slowking-Galar, F, shiny, tera:Water|73/100
|switch|p2a: Rotom|Rotom-Wash|51/100
|turn|20
|
|t:|1759076822
|switch|p1a: Dragapult|Dragapult, M|91/100
|move|p2a: Rotom|Volt Switch|p1a: Dragapult
|-resisted|p1a: Dragapult
|-damage|p1a: Dragapult|66/100
|
|t:|1759076837
|switch|p2a: Ting-Lu|Ting-Lu|86/100|[from] Volt Switch
|-ability|p2a: Ting-Lu|Vessel of Ruin
|
|-heal|p2a: Ting-Lu|92/100|[from] item: Leftovers
|upkeep
|turn|21
|c|☆Herris456|Yeah to you too man
|
|t:|1759076848
|switch|p1a: Corviknight|Corviknight, F|61/100
|-ability|p1a: Corviknight|Pressure
|move|p2a: Ting-Lu|Payback|p1a: Corviknight
|-damage|p1a: Corviknight|51/100
|-damage|p2a: Ting-Lu|76/100|[from] item: Rocky Helmet|[of] p1a: Corviknight
|
|-heal|p2a: Ting-Lu|82/100|[from] item: Leftovers
|upkeep
|turn|22
|
|t:|1759076854
|switch|p2a: Pecharunt|Pecharunt|94/100
|move|p1a: Corviknight|Roost|p1a: Corviknight
|-heal|p1a: Corviknight|100/100
|-singleturn|p1a: Corviknight|move: Roost
|
|-heal|p2a: Pecharunt|99/100|[from] item: Leftovers
|upkeep
|turn|23
|
|t:|1759076865
|move|p2a: Pecharunt|Hex|p1a: Corviknight
|-damage|p1a: Corviknight|73/100
|move|p1a: Corviknight|U-turn|p2a: Pecharunt
|-resisted|p2a: Pecharunt
|-damage|p2a: Pecharunt|98/100
|
|t:|1759076871
|switch|p1a: Slowking|Slowking-Galar, F, shiny, tera:Water|100/100|[from] U-turn
|
|-heal|p2a: Pecharunt|100/100|[from] item: Leftovers
|upkeep
|turn|24
|
|t:|1759076875
|move|p2a: Pecharunt|Malignant Chain|p1a: Slowking
|-damage|p1a: Slowking|75/100
|-status|p1a: Slowking|tox
|-start|p1a: Slowking|confusion|[from] ability: Poison Puppeteer|[of] p2a: Pecharunt
|-activate|p1a: Slowking|confusion
|-damage|p1a: Slowking|69/100 tox|[from] confusion
|
|-damage|p1a: Slowking|62/100 tox|[from] psn
|upkeep
|turn|25
|
|t:|1759076884
|switch|p1a: Corviknight|Corviknight, F|73/100
|-ability|p1a: Corviknight|Pressure
|move|p2a: Pecharunt|Hex|p1a: Corviknight
|-damage|p1a: Corviknight|48/100
|
|upkeep
|turn|26
|
|t:|1759076888
|move|p2a: Pecharunt|Hex|p1a: Corviknight
|-damage|p1a: Corviknight|19/100
|move|p1a: Corviknight|Roost|p1a: Corviknight
|-heal|p1a: Corviknight|69/100
|-singleturn|p1a: Corviknight|move: Roost
|
|upkeep
|turn|27
|
|t:|1759076895
|switch|p1a: Ting-Lu|Ting-Lu|100/100
|-ability|p1a: Ting-Lu|Vessel of Ruin
|move|p2a: Pecharunt|Hex|p1a: Ting-Lu
|-resisted|p1a: Ting-Lu
|-damage|p1a: Ting-Lu|93/100
|
|-heal|p1a: Ting-Lu|99/100|[from] item: Leftovers
|upkeep
|turn|28
|
|t:|1759076897
|switch|p1a: Corviknight|Corviknight, F|69/100
|-ability|p1a: Corviknight|Pressure
|move|p2a: Pecharunt|Malignant Chain|p1a: Corviknight
|-immune|p1a: Corviknight
|
|upkeep
|turn|29
|c|☆Inder-House|ah heck haha
|c|☆Herris456|😮‍💨
|c|☆Herris456|Hes outta ammo
|c|☆Inder-House|so many clutch calls
|c|☆Herris456|Haha
|
|t:|1759076930
|move|p2a: Pecharunt|Hex|p1a: Corviknight
|-damage|p1a: Corviknight|41/100
|move|p1a: Corviknight|U-turn|p2a: Pecharunt
|-resisted|p2a: Pecharunt
|-crit|p2a: Pecharunt
|-damage|p2a: Pecharunt|98/100
|c|☆Herris456|I wasn’t even thinking of running you outta PP but should’ve been
|
|t:|1759076946
|switch|p1a: Ting-Lu|Ting-Lu|99/100|[from] U-turn
|-ability|p1a: Ting-Lu|Vessel of Ruin
|
|-heal|p2a: Pecharunt|100/100|[from] item: Leftovers
|-heal|p1a: Ting-Lu|100/100|[from] item: Leftovers
|upkeep
|turn|30
|c|☆Inder-House|yeah I wasnt thinking of running out of it tbh
|
|t:|1759076954
|switch|p2a: Rotom|Rotom-Wash|51/100
|move|p1a: Ting-Lu|Ruination|p2a: Rotom
|-damage|p2a: Rotom|26/100
|
|upkeep
|turn|31
|
|t:|1759076968
|switch|p1a: Slowking|Slowking-Galar, F, shiny, tera:Water|96/100 tox
|move|p2a: Rotom|Volt Switch|p1a: Slowking
|-supereffective|p1a: Slowking
|-damage|p1a: Slowking|61/100 tox
|
|t:|1759076994
|switch|p2a: Pecharunt|Pecharunt|100/100|[from] Volt Switch
|
|-damage|p1a: Slowking|55/100 tox|[from] psn
|upkeep
|turn|32
|
|t:|1759077000
|switch|p1a: Ting-Lu|Ting-Lu|100/100
|-ability|p1a: Ting-Lu|Vessel of Ruin
|move|p2a: Pecharunt|Parting Shot|p1a: Ting-Lu
|-unboost|p1a: Ting-Lu|atk|1
|-unboost|p1a: Ting-Lu|spa|1
|
|t:|1759077005
|switch|p2a: Dondozo|Dondozo, M|100/100|[from] Parting Shot
|
|upkeep
|turn|33
|
|t:|1759077010
|switch|p1a: Corviknight|Corviknight, F|41/100
|-ability|p1a: Corviknight|Pressure
|move|p2a: Dondozo|Wave Crash|p1a: Corviknight
|-damage|p1a: Corviknight|16/100
|-damage|p2a: Dondozo|84/100|[from] item: Rocky Helmet|[of] p1a: Corviknight
|-damage|p2a: Dondozo|77/100|[from] Recoil
|
|-heal|p2a: Dondozo|84/100|[from] item: Leftovers
|upkeep
|turn|34
|
|t:|1759077014
|move|p1a: Corviknight|Roost|p1a: Corviknight
|-heal|p1a: Corviknight|66/100
|-singleturn|p1a: Corviknight|move: Roost
|move|p2a: Dondozo|Wave Crash|p1a: Corviknight
|-damage|p1a: Corviknight|43/100
|-damage|p2a: Dondozo|67/100|[from] item: Rocky Helmet|[of] p1a: Corviknight
|-damage|p2a: Dondozo|61/100|[from] Recoil
|
|-heal|p2a: Dondozo|67/100|[from] item: Leftovers
|upkeep
|turn|35
|
|t:|1759077020
|move|p1a: Corviknight|Roost|p1a: Corviknight
|-heal|p1a: Corviknight|93/100
|-singleturn|p1a: Corviknight|move: Roost
|move|p2a: Dondozo|Wave Crash|p1a: Corviknight
|-damage|p1a: Corviknight|69/100
|-damage|p2a: Dondozo|51/100|[from] item: Rocky Helmet|[of] p1a: Corviknight
|-damage|p2a: Dondozo|44/100|[from] Recoil
|
|-heal|p2a: Dondozo|51/100|[from] item: Leftovers
|upkeep
|turn|36
|
|t:|1759077027
|move|p1a: Corviknight|Body Press|p2a: Dondozo
|-damage|p2a: Dondozo|39/100
|move|p2a: Dondozo|Avalanche|p1a: Corviknight
|-crit|p1a: Corviknight
|-damage|p1a: Corviknight|42/100
|-damage|p2a: Dondozo|23/100|[from] item: Rocky Helmet|[of] p1a: Corviknight
|
|-heal|p2a: Dondozo|29/100|[from] item: Leftovers
|upkeep
|turn|37
|
|t:|1759077033
|move|p1a: Corviknight|U-turn|p2a: Dondozo
|-damage|p2a: Dondozo|23/100
|
|t:|1759077036
|switch|p1a: Dragapult|Dragapult, M|66/100|[from] U-turn
|move|p2a: Dondozo|Rest|p2a: Dondozo
|-status|p2a: Dondozo|slp|[from] move: Rest
|-heal|p2a: Dondozo|100/100 slp|[silent]
|
|upkeep
|turn|38
|
|t:|1759077044
|switch|p2a: Ting-Lu|Ting-Lu|82/100
|-ability|p2a: Ting-Lu|Vessel of Ruin
|move|p1a: Dragapult|Draco Meteor|p2a: Ting-Lu
|-damage|p2a: Ting-Lu|50/100
|-unboost|p1a: Dragapult|spa|2
|-damage|p1a: Dragapult|56/100|[from] item: Life Orb
|
|-heal|p2a: Ting-Lu|56/100|[from] item: Leftovers
|upkeep
|turn|39
|
|t:|1759077054
|move|p1a: Dragapult|Dragon Darts|p2a: Ting-Lu
|-damage|p2a: Ting-Lu|43/100
|-anim|p1a: Dragapult|Dragon Darts|p2a: Ting-Lu
|-damage|p2a: Ting-Lu|28/100
|-damage|p1a: Dragapult|47/100|[from] item: Life Orb
|move|p2a: Ting-Lu|Rest|p2a: Ting-Lu
|-status|p2a: Ting-Lu|slp|[from] move: Rest
|-heal|p2a: Ting-Lu|100/100 slp|[silent]
|
|upkeep
|turn|40
|
|t:|1759077068
|switch|p1a: Corviknight|Corviknight, F|42/100
|-ability|p1a: Corviknight|Pressure
|cant|p2a: Ting-Lu|slp
|move|p2a: Ting-Lu|Sleep Talk|p2a: Ting-Lu
|move|p2a: Ting-Lu|Earthquake|p1a: Corviknight|[from] move: Sleep Talk
|-immune|p1a: Corviknight
|
|upkeep
|turn|41
|c|☆Inder-House|just a coupla sleepy boys
|
|t:|1759077097
|switch|p2a: Dondozo|Dondozo, M|100/100 slp
|move|p1a: Corviknight|Roost|p1a: Corviknight
|-heal|p1a: Corviknight|92/100
|-singleturn|p1a: Corviknight|move: Roost
|
|upkeep
|turn|42
|
|t:|1759077108
|move|p1a: Corviknight|Body Press|p2a: Dondozo
|-damage|p2a: Dondozo|89/100 slp
|cant|p2a: Dondozo|slp
|move|p2a: Dondozo|Sleep Talk|p2a: Dondozo
|move|p2a: Dondozo|Avalanche|p1a: Corviknight|[from] move: Sleep Talk
|-damage|p1a: Corviknight|74/100
|-damage|p2a: Dondozo|72/100 slp|[from] item: Rocky Helmet|[of] p1a: Corviknight
|
|-heal|p2a: Dondozo|79/100 slp|[from] item: Leftovers
|upkeep
|turn|43
|
|t:|1759077112
|move|p1a: Corviknight|Body Press|p2a: Dondozo
|-damage|p2a: Dondozo|67/100 slp
|cant|p2a: Dondozo|slp
|move|p2a: Dondozo|Sleep Talk|p2a: Dondozo
|move|p2a: Dondozo|Wave Crash|p1a: Corviknight|[from] move: Sleep Talk
|-damage|p1a: Corviknight|52/100
|-damage|p2a: Dondozo|51/100 slp|[from] item: Rocky Helmet|[of] p1a: Corviknight
|-damage|p2a: Dondozo|45/100 slp|[from] Recoil
|
|-heal|p2a: Dondozo|51/100 slp|[from] item: Leftovers
|upkeep
|turn|44
|
|t:|1759077119
|move|p1a: Corviknight|Body Press|p2a: Dondozo
|-damage|p2a: Dondozo|40/100 slp
|-curestatus|p2a: Dondozo|slp|[msg]
|move|p2a: Dondozo|Avalanche|p1a: Corviknight
|-damage|p1a: Corviknight|36/100
|-damage|p2a: Dondozo|23/100|[from] item: Rocky Helmet|[of] p1a: Corviknight
|
|-heal|p2a: Dondozo|29/100|[from] item: Leftovers
|upkeep
|turn|45
|
|t:|1759077128
|move|p1a: Corviknight|Roost|p1a: Corviknight
|-heal|p1a: Corviknight|86/100
|-singleturn|p1a: Corviknight|move: Roost
|move|p2a: Dondozo|Rest|p2a: Dondozo
|-status|p2a: Dondozo|slp|[from] move: Rest
|-heal|p2a: Dondozo|100/100 slp|[silent]
|
|upkeep
|turn|46
|
|t:|1759077137
|move|p1a: Corviknight|Defog|p2a: Dondozo
|-unboost|p2a: Dondozo|evasion|1
|cant|p2a: Dondozo|slp
|move|p2a: Dondozo|Sleep Talk|p2a: Dondozo
|move|p2a: Dondozo|Rest||[from] move: Sleep Talk|[still]
|-fail|p2a: Dondozo
|
|upkeep
|turn|47
|
|t:|1759077148
|move|p1a: Corviknight|Body Press|p2a: Dondozo
|-damage|p2a: Dondozo|88/100 slp
|cant|p2a: Dondozo|slp
|move|p2a: Dondozo|Sleep Talk|p2a: Dondozo
|move|p2a: Dondozo|Avalanche|p1a: Corviknight|[from] move: Sleep Talk
|-damage|p1a: Corviknight|70/100
|-damage|p2a: Dondozo|71/100 slp|[from] item: Rocky Helmet|[of] p1a: Corviknight
|
|-heal|p2a: Dondozo|77/100 slp|[from] item: Leftovers
|upkeep
|turn|48
|c|☆Inder-House|I love this
|
|t:|1759077157
|move|p1a: Corviknight|U-turn|p2a: Dondozo
|-damage|p2a: Dondozo|70/100 slp
|
|t:|1759077159
|switch|p1a: Slowking|Slowking-Galar, F, shiny, tera:Water|88/100 tox|[from] U-turn
|-curestatus|p2a: Dondozo|slp|[msg]
|move|p2a: Dondozo|Wave Crash|p1a: Slowking
|-resisted|p1a: Slowking
|-damage|p1a: Slowking|65/100 tox
|-damage|p2a: Dondozo|64/100|[from] Recoil
|
|-heal|p2a: Dondozo|70/100|[from] item: Leftovers
|-damage|p1a: Slowking|59/100 tox|[from] psn
|upkeep
|turn|49
|
|t:|1759077173
|switch|p2a: Ting-Lu|Ting-Lu|100/100 slp
|-ability|p2a: Ting-Lu|Vessel of Ruin
|move|p1a: Slowking|Sludge Bomb|p2a: Ting-Lu
|-resisted|p2a: Ting-Lu
|-damage|p2a: Ting-Lu|92/100 slp
|
|-heal|p2a: Ting-Lu|99/100 slp|[from] item: Leftovers
|-damage|p1a: Slowking|47/100 tox|[from] psn
|upkeep
|turn|50
|
|t:|1759077178
|switch|p1a: Corviknight|Corviknight, F|70/100
|-ability|p1a: Corviknight|Pressure
|cant|p2a: Ting-Lu|slp
|move|p2a: Ting-Lu|Sleep Talk|p2a: Ting-Lu
|move|p2a: Ting-Lu|Payback|p1a: Corviknight|[from] move: Sleep Talk
|-damage|p1a: Corviknight|57/100
|-damage|p2a: Ting-Lu|82/100 slp|[from] item: Rocky Helmet|[of] p1a: Corviknight
|
|-heal|p2a: Ting-Lu|88/100 slp|[from] item: Leftovers
|upkeep
|turn|51
|
|t:|1759077186
|switch|p2a: Dondozo|Dondozo, M|70/100
|move|p1a: Corviknight|U-turn|p2a: Dondozo
|-damage|p2a: Dondozo|64/100
|
|t:|1759077194
|switch|p1a: Dragapult|Dragapult, M|47/100|[from] U-turn
|
|-heal|p2a: Dondozo|70/100|[from] item: Leftovers
|upkeep
|turn|52
|
|t:|1759077200
|switch|p2a: Ting-Lu|Ting-Lu|88/100 slp
|-ability|p2a: Ting-Lu|Vessel of Ruin
|move|p1a: Dragapult|Draco Meteor|p2a: Ting-Lu
|-damage|p2a: Ting-Lu|58/100 slp
|-unboost|p1a: Dragapult|spa|2
|-damage|p1a: Dragapult|37/100|[from] item: Life Orb
|
|-heal|p2a: Ting-Lu|64/100 slp|[from] item: Leftovers
|upkeep
|turn|53
|
|t:|1759077220
|switch|p1a: Corviknight|Corviknight, F|57/100
|-ability|p1a: Corviknight|Pressure
|-curestatus|p2a: Ting-Lu|slp|[msg]
|move|p2a: Ting-Lu|Payback|p1a: Corviknight
|-damage|p1a: Corviknight|46/100
|-damage|p2a: Ting-Lu|47/100|[from] item: Rocky Helmet|[of] p1a: Corviknight
|
|-heal|p2a: Ting-Lu|54/100|[from] item: Leftovers
|upkeep
|turn|54
|
|t:|1759077236
|move|p1a: Corviknight|Body Press|p2a: Ting-Lu
|-supereffective|p2a: Ting-Lu
|-damage|p2a: Ting-Lu|27/100
|move|p2a: Ting-Lu|Rest|p2a: Ting-Lu
|-status|p2a: Ting-Lu|slp|[from] move: Rest
|-heal|p2a: Ting-Lu|100/100 slp|[silent]
|
|upkeep
|turn|55
|
|t:|1759077242
|move|p1a: Corviknight|Roost|p1a: Corviknight
|-heal|p1a: Corviknight|96/100
|-singleturn|p1a: Corviknight|move: Roost
|cant|p2a: Ting-Lu|slp
|move|p2a: Ting-Lu|Sleep Talk|p2a: Ting-Lu
|move|p2a: Ting-Lu|Earthquake|p1a: Corviknight|[from] move: Sleep Talk
|-supereffective|p1a: Corviknight
|-damage|p1a: Corviknight|48/100
|
|upkeep
|turn|56
|c|☆Inder-House|oooh nice
|
|t:|1759077254
|move|p1a: Corviknight|U-turn|p2a: Ting-Lu
|-supereffective|p2a: Ting-Lu
|-damage|p2a: Ting-Lu|87/100 slp
|
|t:|1759077256
|switch|p1a: Ting-Lu|Ting-Lu|100/100|[from] U-turn
|-ability|p1a: Ting-Lu|Vessel of Ruin
|cant|p2a: Ting-Lu|slp
|move|p2a: Ting-Lu|Sleep Talk|p2a: Ting-Lu
|move|p2a: Ting-Lu|Payback|p1a: Ting-Lu|[from] move: Sleep Talk
|-resisted|p1a: Ting-Lu
|-damage|p1a: Ting-Lu|96/100
|
|-heal|p1a: Ting-Lu|100/100|[from] item: Leftovers
|-heal|p2a: Ting-Lu|93/100 slp|[from] item: Leftovers
|upkeep
|turn|57
|
|t:|1759077263
|switch|p2a: Rotom|Rotom-Wash|26/100
|move|p1a: Ting-Lu|Ruination|p2a: Rotom
|-damage|p2a: Rotom|13/100
|
|upkeep
|turn|58
|
|t:|1759077277
|switch|p1a: Slowking|Slowking-Galar, F, shiny, tera:Water|80/100 tox
|move|p2a: Rotom|Volt Switch|p1a: Slowking
|-supereffective|p1a: Slowking
|-damage|p1a: Slowking|45/100 tox
|
|t:|1759077304
|switch|p2a: Pecharunt|Pecharunt|100/100|[from] Volt Switch
|
|-damage|p1a: Slowking|39/100 tox|[from] psn
|upkeep
|turn|59
|
|t:|1759077311
|switch|p1a: Corviknight|Corviknight, F|48/100
|-ability|p1a: Corviknight|Pressure
|move|p2a: Pecharunt|Hex|p1a: Corviknight
|-damage|p1a: Corviknight|18/100
|
|upkeep
|turn|60
|
|t:|1759077320
|switch|p1a: Ting-Lu|Ting-Lu|100/100
|-ability|p1a: Ting-Lu|Vessel of Ruin
|move|p2a: Pecharunt|Hex|p1a: Ting-Lu
|-resisted|p1a: Ting-Lu
|-damage|p1a: Ting-Lu|93/100
|
|-heal|p1a: Ting-Lu|99/100|[from] item: Leftovers
|upkeep
|turn|61
|
|t:|1759077328
|move|p2a: Pecharunt|Parting Shot|p1a: Ting-Lu
|-unboost|p1a: Ting-Lu|atk|1
|-unboost|p1a: Ting-Lu|spa|1
|
|t:|1759077331
|switch|p2a: Rotom|Rotom-Wash|13/100|[from] Parting Shot
|move|p1a: Ting-Lu|Ruination|p2a: Rotom
|-damage|p2a: Rotom|7/100
|
|-heal|p1a: Ting-Lu|100/100|[from] item: Leftovers
|upkeep
|turn|62
|
|t:|1759077351
|move|p2a: Rotom|Hydro Pump|p1a: Ting-Lu
|-supereffective|p1a: Ting-Lu
|-damage|p1a: Ting-Lu|50/100
|move|p1a: Ting-Lu|Ruination|p2a: Rotom|[miss]
|-miss|p1a: Ting-Lu|p2a: Rotom
|
|-heal|p1a: Ting-Lu|56/100|[from] item: Leftovers
|upkeep
|turn|63
|
|t:|1759077356
|move|p2a: Rotom|Hydro Pump|p1a: Ting-Lu|[miss]
|-miss|p2a: Rotom|p1a: Ting-Lu
|move|p1a: Ting-Lu|Rest|p1a: Ting-Lu
|-status|p1a: Ting-Lu|slp|[from] move: Rest
|-heal|p1a: Ting-Lu|100/100 slp|[silent]
|
|upkeep
|turn|64
|
|t:|1759077364
|switch|p2a: Ting-Lu|Ting-Lu|93/100 slp
|-ability|p2a: Ting-Lu|Vessel of Ruin
|cant|p1a: Ting-Lu|slp
|move|p1a: Ting-Lu|Sleep Talk|p1a: Ting-Lu
|move|p1a: Ting-Lu|Ruination|p2a: Ting-Lu|[from] move: Sleep Talk
|-damage|p2a: Ting-Lu|47/100 slp
|
|-heal|p2a: Ting-Lu|53/100 slp|[from] item: Leftovers
|upkeep
|turn|65
|
|t:|1759077372
|switch|p2a: Rotom|Rotom-Wash|7/100
|cant|p1a: Ting-Lu|slp
|move|p1a: Ting-Lu|Sleep Talk|p1a: Ting-Lu
|move|p1a: Ting-Lu|Rest||[from] move: Sleep Talk|[still]
|-fail|p1a: Ting-Lu
|
|upkeep
|turn|66
|
|t:|1759077406
|switch|p1a: Dragapult|Dragapult, M|37/100
|move|p2a: Rotom|Volt Switch|p1a: Dragapult
|-resisted|p1a: Dragapult
|-damage|p1a: Dragapult|13/100
|
|t:|1759077409
|switch|p2a: Ting-Lu|Ting-Lu|53/100 slp|[from] Volt Switch
|-ability|p2a: Ting-Lu|Vessel of Ruin
|
|-heal|p2a: Ting-Lu|59/100 slp|[from] item: Leftovers
|upkeep
|turn|67
|
|t:|1759077442
|switch|p1a: Ting-Lu|Ting-Lu|100/100 slp
|-ability|p1a: Ting-Lu|Vessel of Ruin
|-curestatus|p2a: Ting-Lu|slp|[msg]
|move|p2a: Ting-Lu|Rest|p2a: Ting-Lu
|-status|p2a: Ting-Lu|slp|[from] move: Rest
|-heal|p2a: Ting-Lu|100/100 slp|[silent]
|
|upkeep
|turn|68
|c|☆Inder-House|snooze fest
|
|t:|1759077453
|switch|p1a: Slowking|Slowking-Galar, F, shiny, tera:Water|72/100 tox
|switch|p2a: Rotom|Rotom-Wash|7/100
|
|-damage|p1a: Slowking|66/100 tox|[from] psn
|upkeep
|turn|69
|
|t:|1759077461
|switch|p1a: Ting-Lu|Ting-Lu|100/100 slp
|-ability|p1a: Ting-Lu|Vessel of Ruin
|move|p2a: Rotom|Volt Switch|p1a: Ting-Lu
|-immune|p1a: Ting-Lu
|
|upkeep
|turn|70
|
|t:|1759077471
|switch|p2a: Ting-Lu|Ting-Lu|100/100 slp
|-ability|p2a: Ting-Lu|Vessel of Ruin
|switch|p1a: Slowking|Slowking-Galar, F, shiny, tera:Water|99/100 tox
|
|-damage|p1a: Slowking|93/100 tox|[from] psn
|upkeep
|turn|71
|
|t:|1759077482
|cant|p2a: Ting-Lu|slp
|move|p2a: Ting-Lu|Sleep Talk|p2a: Ting-Lu
|move|p2a: Ting-Lu|Payback|p1a: Slowking|[from] move: Sleep Talk
|-damage|p1a: Slowking|73/100 tox
|-prepare|p1a: Slowking|Chilly Reception|[premajor]
|move|p1a: Slowking|Chilly Reception|p1a: Slowking
|-weather|Snowscape
|c|☆Inder-House|this is such a painful battle haha
|
|t:|1759077494
|switch|p1a: Cinderace|Cinderace, M|100/100|[from] Chilly Reception
|
|-weather|Snowscape|[upkeep]
|upkeep
|turn|72
|
|t:|1759077510
|switch|p2a: Pecharunt|Pecharunt|100/100
|move|p1a: Cinderace|U-turn|p2a: Pecharunt
|-resisted|p2a: Pecharunt
|-damage|p2a: Pecharunt|98/100
|
|t:|1759077521
|switch|p1a: Slowking|Slowking-Galar, F, shiny, tera:Water|100/100 tox|[from] U-turn
|
|-weather|Snowscape|[upkeep]
|-heal|p2a: Pecharunt|100/100|[from] item: Leftovers
|-damage|p1a: Slowking|94/100 tox|[from] psn
|upkeep
|turn|73
|
|t:|1759077529
|move|p2a: Pecharunt|Hex|p1a: Slowking
|-damage|p1a: Slowking|63/100 tox
|move|p1a: Slowking|Thunder Wave|p2a: Pecharunt
|-status|p2a: Pecharunt|par
|
|-weather|Snowscape|[upkeep]
|-damage|p1a: Slowking|51/100 tox|[from] psn
|upkeep
|turn|74
|
|t:|1759077537
|switch|p1a: Corviknight|Corviknight, F|18/100
|-ability|p1a: Corviknight|Pressure
|move|p2a: Pecharunt|Parting Shot|p1a: Corviknight
|-unboost|p1a: Corviknight|atk|1
|-unboost|p1a: Corviknight|spa|1
|
|t:|1759077546
|switch|p2a: Dondozo|Dondozo, M|70/100|[from] Parting Shot
|
|-weather|Snowscape|[upkeep]
|-heal|p2a: Dondozo|77/100|[from] item: Leftovers
|upkeep
|turn|75
|c|☆Herris456|Well now pechsrunt doesnt exist
|c|☆Herris456|It’s just extra HP to deal with lol
|c|☆Inder-House|he's a seedless peach lol
|c|☆Herris456|😂
|
|t:|1759077579
|move|p1a: Corviknight|Roost|p1a: Corviknight
|-heal|p1a: Corviknight|68/100
|-singleturn|p1a: Corviknight|move: Roost
|move|p2a: Dondozo|Wave Crash|p1a: Corviknight
|-damage|p1a: Corviknight|45/100
|-damage|p2a: Dondozo|60/100|[from] item: Rocky Helmet|[of] p1a: Corviknight
|-damage|p2a: Dondozo|54/100|[from] Recoil
|
|-weather|none
|-heal|p2a: Dondozo|60/100|[from] item: Leftovers
|upkeep
|turn|76
|
|t:|1759077593
|move|p1a: Corviknight|U-turn|p2a: Dondozo
|-damage|p2a: Dondozo|54/100
|
|t:|1759077597
|switch|p1a: Cinderace|Cinderace, M|100/100|[from] U-turn
|move|p2a: Dondozo|Avalanche|p1a: Cinderace
|-resisted|p1a: Cinderace
|-damage|p1a: Cinderace|92/100
|
|-heal|p2a: Dondozo|60/100|[from] item: Leftovers
|upkeep
|turn|77
|
|t:|1759077622
|move|p1a: Cinderace|Will-O-Wisp|p2a: Dondozo|[miss]
|-miss|p1a: Cinderace|p2a: Dondozo
|move|p2a: Dondozo|Rest|p2a: Dondozo
|-status|p2a: Dondozo|slp|[from] move: Rest
|-heal|p2a: Dondozo|100/100 slp|[silent]
|
|upkeep
|turn|78
|
|t:|1759077631
|move|p1a: Cinderace|U-turn|p2a: Dondozo
|-damage|p2a: Dondozo|92/100 slp
|
|t:|1759077632
|switch|p1a: Slowking|Slowking-Galar, F, shiny, tera:Water|84/100 tox|[from] U-turn
|cant|p2a: Dondozo|slp
|move|p2a: Dondozo|Sleep Talk|p2a: Dondozo
|move|p2a: Dondozo|Rest||[from] move: Sleep Talk|[still]
|-fail|p2a: Dondozo
|
|-heal|p2a: Dondozo|98/100 slp|[from] item: Leftovers
|-damage|p1a: Slowking|78/100 tox|[from] psn
|upkeep
|turn|79
|
|t:|1759077644
|switch|p2a: Ting-Lu|Ting-Lu|100/100 slp
|-ability|p2a: Ting-Lu|Vessel of Ruin
|move|p1a: Slowking|Future Sight|p2a: Ting-Lu
|-start|p1a: Slowking|move: Future Sight
|
|-damage|p1a: Slowking|66/100 tox|[from] psn
|upkeep
|turn|80
|
|t:|1759077668
|cant|p2a: Ting-Lu|slp
|move|p2a: Ting-Lu|Sleep Talk|p2a: Ting-Lu
|move|p2a: Ting-Lu|Earthquake|p1a: Slowking|[from] move: Sleep Talk
|-damage|p1a: Slowking|25/100 tox
|-prepare|p1a: Slowking|Chilly Reception|[premajor]
|move|p1a: Slowking|Chilly Reception|p1a: Slowking
|-weather|Snowscape
|
|t:|1759077678
|switch|p1a: Cinderace|Cinderace, M|92/100|[from] Chilly Reception
|
|-weather|Snowscape|[upkeep]
|upkeep
|turn|81
|
|t:|1759077683
|move|p1a: Cinderace|U-turn|p2a: Ting-Lu
|-supereffective|p2a: Ting-Lu
|-damage|p2a: Ting-Lu|81/100 slp
|
|t:|1759077686
|switch|p1a: Ting-Lu|Ting-Lu|100/100 slp|[from] U-turn
|-ability|p1a: Ting-Lu|Vessel of Ruin
|-curestatus|p2a: Ting-Lu|slp|[msg]
|move|p2a: Ting-Lu|Earthquake|p1a: Ting-Lu
|-damage|p1a: Ting-Lu|85/100 slp
|
|-weather|Snowscape|[upkeep]
|-end|p2a: Ting-Lu|move: Future Sight
|-immune|p2a: Ting-Lu
|-heal|p1a: Ting-Lu|91/100 slp|[from] item: Leftovers
|-heal|p2a: Ting-Lu|87/100|[from] item: Leftovers
|upkeep
|turn|82
|
|t:|1759077709
|switch|p1a: Cinderace|Cinderace, M|92/100
|switch|p2a: Rotom|Rotom-Wash|7/100
|
|-weather|Snowscape|[upkeep]
|upkeep
|turn|83
|c|☆Inder-House|oh man
|
|t:|1759077724
|switch|p2a: Pecharunt|Pecharunt|100/100 par
|move|p1a: Cinderace|Pyro Ball|p2a: Pecharunt
|-damage|p2a: Pecharunt|69/100 par
|
|-weather|Snowscape|[upkeep]
|-heal|p2a: Pecharunt|75/100 par|[from] item: Leftovers
|upkeep
|turn|84
|
|t:|1759077732
|move|p1a: Cinderace|U-turn|p2a: Pecharunt
|-resisted|p2a: Pecharunt
|-crit|p2a: Pecharunt
|-damage|p2a: Pecharunt|71/100 par
|
|t:|1759077734
|switch|p1a: Slowking|Slowking-Galar, F, shiny, tera:Water|59/100 tox|[from] U-turn
|move|p2a: Pecharunt|Parting Shot|p1a: Slowking
|-unboost|p1a: Slowking|atk|1
|-unboost|p1a: Slowking|spa|1
|
|t:|1759077744
|switch|p2a: Rotom|Rotom-Wash|7/100|[from] Parting Shot
|
|-weather|none
|-damage|p1a: Slowking|53/100 tox|[from] psn
|upkeep
|turn|85
|
|t:|1759077753
|move|p2a: Rotom|Volt Switch|p1a: Slowking
|-supereffective|p1a: Slowking
|-damage|p1a: Slowking|18/100 tox
|c|☆Inder-House|one wrong move and the system collapses hey
|
|t:|1759077779
|switch|p2a: Pecharunt|Pecharunt|71/100 par|[from] Volt Switch
|move|p1a: Slowking|Sludge Bomb|p2a: Pecharunt
|-resisted|p2a: Pecharunt
|-damage|p2a: Pecharunt|65/100 par
|
|-heal|p2a: Pecharunt|72/100 par|[from] item: Leftovers
|-damage|p1a: Slowking|5/100 tox|[from] psn
|upkeep
|turn|86
|
|t:|1759077790
|switch|p1a: Ting-Lu|Ting-Lu|91/100 slp
|-ability|p1a: Ting-Lu|Vessel of Ruin
|move|p2a: Pecharunt|Parting Shot|p1a: Ting-Lu
|-unboost|p1a: Ting-Lu|atk|1
|-unboost|p1a: Ting-Lu|spa|1
|
|t:|1759077803
|switch|p2a: Dondozo|Dondozo, M|98/100 slp|[from] Parting Shot
|
|-heal|p1a: Ting-Lu|97/100 slp|[from] item: Leftovers
|-heal|p2a: Dondozo|100/100 slp|[from] item: Leftovers
|upkeep
|turn|87
|
|t:|1759077826
|-curestatus|p1a: Ting-Lu|slp|[msg]
|move|p1a: Ting-Lu|Ruination|p2a: Dondozo
|-damage|p2a: Dondozo|51/100 slp
|cant|p2a: Dondozo|slp
|move|p2a: Dondozo|Sleep Talk|p2a: Dondozo
|move|p2a: Dondozo|Wave Crash|p1a: Ting-Lu|[from] move: Sleep Talk
|-supereffective|p1a: Ting-Lu
|-damage|p1a: Ting-Lu|60/100
|-damage|p2a: Dondozo|38/100 slp|[from] Recoil
|
|-heal|p1a: Ting-Lu|66/100|[from] item: Leftovers
|-heal|p2a: Dondozo|44/100 slp|[from] item: Leftovers
|upkeep
|turn|88
|l|☆Herris456
|player|p1|
|j|☆Herris456
|player|p1|Herris456|pryce|
|l|☆Herris456
|player|p1|
|j|☆Herris456
|player|p1|Herris456|pryce|
|
|t:|1759077887
|switch|p2a: Rotom|Rotom-Wash|7/100
|move|p1a: Ting-Lu|Rest|p1a: Ting-Lu
|-status|p1a: Ting-Lu|slp|[from] move: Rest
|-heal|p1a: Ting-Lu|100/100 slp|[silent]
|
|upkeep
|turn|89
|
|t:|1759077932
|move|p2a: Rotom|Hydro Pump|p1a: Ting-Lu
|-supereffective|p1a: Ting-Lu
|-damage|p1a: Ting-Lu|47/100 slp
|cant|p1a: Ting-Lu|slp
|move|p1a: Ting-Lu|Sleep Talk|p1a: Ting-Lu
|move|p1a: Ting-Lu|Ruination|p2a: Rotom|[from] move: Sleep Talk|[miss]
|-miss|p1a: Ting-Lu|p2a: Rotom
|
|-heal|p1a: Ting-Lu|53/100 slp|[from] item: Leftovers
|upkeep
|turn|90
|
|t:|1759077943
|switch|p1a: Slowking|Slowking-Galar, F, shiny, tera:Water|39/100 tox
|move|p2a: Rotom|Hydro Pump|p1a: Slowking
|-resisted|p1a: Slowking
|-damage|p1a: Slowking|23/100 tox
|
|-damage|p1a: Slowking|17/100 tox|[from] psn
|upkeep
|turn|91
|
|t:|1759077956
|switch|p1a: Corviknight|Corviknight, F|45/100
|-ability|p1a: Corviknight|Pressure
|move|p2a: Rotom|Hydro Pump|p1a: Corviknight
|-damage|p1a: Corviknight|0 fnt
|faint|p1a: Corviknight
|
|upkeep
|
|t:|1759077958
|switch|p1a: Cinderace|Cinderace, M|92/100
|turn|92
|
|t:|1759077968
|switch|p2a: Pecharunt|Pecharunt|72/100 par
|move|p1a: Cinderace|Pyro Ball|p2a: Pecharunt
|-crit|p2a: Pecharunt
|-damage|p2a: Pecharunt|25/100 par
|
|-heal|p2a: Pecharunt|31/100 par|[from] item: Leftovers
|upkeep
|turn|93
|
|t:|1759077972
|move|p1a: Cinderace|Pyro Ball|p2a: Pecharunt
|-damage|p2a: Pecharunt|4/100 par
|move|p2a: Pecharunt|Recover|p2a: Pecharunt
|-heal|p2a: Pecharunt|54/100 par
|
|-heal|p2a: Pecharunt|60/100 par|[from] item: Leftovers
|upkeep
|turn|94
|
|t:|1759077978
|move|p1a: Cinderace|U-turn|p2a: Pecharunt
|-resisted|p2a: Pecharunt
|-damage|p2a: Pecharunt|58/100 par
|
|t:|1759077981
|switch|p1a: Ting-Lu|Ting-Lu|53/100 slp|[from] U-turn
|-ability|p1a: Ting-Lu|Vessel of Ruin
|cant|p2a: Pecharunt|par
|
|-heal|p1a: Ting-Lu|59/100 slp|[from] item: Leftovers
|-heal|p2a: Pecharunt|64/100 par|[from] item: Leftovers
|upkeep
|turn|95
|
|t:|1759077985
|switch|p1a: Cinderace|Cinderace, M|92/100
|move|p2a: Pecharunt|Parting Shot|p1a: Cinderace
|-unboost|p1a: Cinderace|atk|1
|-unboost|p1a: Cinderace|spa|1
|
|t:|1759077994
|switch|p2a: Rotom|Rotom-Wash|7/100|[from] Parting Shot
|
|upkeep
|turn|96
|
|t:|1759078002
|move|p2a: Rotom|Volt Switch|p1a: Cinderace
|-damage|p1a: Cinderace|51/100
|
|t:|1759078007
|switch|p2a: Pecharunt|Pecharunt|64/100 par|[from] Volt Switch
|move|p1a: Cinderace|Pyro Ball|p2a: Pecharunt
|-damage|p2a: Pecharunt|45/100 par
|
|-heal|p2a: Pecharunt|51/100 par|[from] item: Leftovers
|upkeep
|turn|97
|
|t:|1759078012
|move|p1a: Cinderace|U-turn|p2a: Pecharunt
|-resisted|p2a: Pecharunt
|-damage|p2a: Pecharunt|49/100 par
|
|t:|1759078015
|switch|p1a: Ting-Lu|Ting-Lu|59/100 slp|[from] U-turn
|-ability|p1a: Ting-Lu|Vessel of Ruin
|move|p2a: Pecharunt|Recover|p2a: Pecharunt
|-heal|p2a: Pecharunt|99/100 par
|
|-heal|p1a: Ting-Lu|65/100 slp|[from] item: Leftovers
|-heal|p2a: Pecharunt|100/100 par|[from] item: Leftovers
|upkeep
|turn|98
|
|t:|1759078028
|cant|p1a: Ting-Lu|slp
|move|p1a: Ting-Lu|Sleep Talk|p1a: Ting-Lu
|move|p1a: Ting-Lu|Ruination|p2a: Pecharunt|[from] move: Sleep Talk
|-damage|p2a: Pecharunt|50/100 par
|move|p2a: Pecharunt|Parting Shot|p1a: Ting-Lu
|-unboost|p1a: Ting-Lu|atk|1
|-unboost|p1a: Ting-Lu|spa|1
|c|☆Herris456|But, if this were cart I would have probably won like 30 turns ago lol
|
|t:|1759078044
|switch|p2a: Dondozo|Dondozo, M|44/100 slp|[from] Parting Shot
|
|-heal|p1a: Ting-Lu|72/100 slp|[from] item: Leftovers
|-heal|p2a: Dondozo|50/100 slp|[from] item: Leftovers
|upkeep
|turn|99
|c|☆Inder-House|yeah I think so haha
|c|☆Herris456|But you prolly gonna win here
|
|t:|1759078096
|-curestatus|p1a: Ting-Lu|slp|[msg]
|move|p1a: Ting-Lu|Sleep Talk||[still]
|-fail|p1a: Ting-Lu
|-curestatus|p2a: Dondozo|slp|[msg]
|move|p2a: Dondozo|Wave Crash|p1a: Ting-Lu
|-supereffective|p1a: Ting-Lu
|-damage|p1a: Ting-Lu|34/100
|-damage|p2a: Dondozo|38/100|[from] Recoil
|
|-heal|p1a: Ting-Lu|41/100|[from] item: Leftovers
|-heal|p2a: Dondozo|44/100|[from] item: Leftovers
|upkeep
|turn|100
|
|t:|1759078109
|move|p1a: Ting-Lu|Rest|p1a: Ting-Lu
|-status|p1a: Ting-Lu|slp|[from] move: Rest
|-heal|p1a: Ting-Lu|100/100 slp|[silent]
|move|p2a: Dondozo|Avalanche|p1a: Ting-Lu
|-supereffective|p1a: Ting-Lu
|-damage|p1a: Ting-Lu|88/100 slp
|
|-heal|p1a: Ting-Lu|95/100 slp|[from] item: Leftovers
|-heal|p2a: Dondozo|50/100|[from] item: Leftovers
|upkeep
|turn|101
|c|☆Herris456|I’m also a bit distracted last few minutes :/
|c|☆Inder-House|yeah it's 1am here lol
|c|☆Herris456|I have a situation at work and I’m like trying to do both haha
|c|☆Inder-House|I'm like ï wanna go to bed
|c|☆Inder-House|Oh no haha
|c|☆Inder-House|Work is priority man
|c|☆Herris456|😂
|
|t:|1759078181
|cant|p1a: Ting-Lu|slp
|move|p1a: Ting-Lu|Sleep Talk|p1a: Ting-Lu
|move|p1a: Ting-Lu|Ruination|p2a: Dondozo|[from] move: Sleep Talk
|-damage|p2a: Dondozo|25/100
|move|p2a: Dondozo|Wave Crash|p1a: Ting-Lu
|-supereffective|p1a: Ting-Lu
|-damage|p1a: Ting-Lu|58/100 slp
|-damage|p2a: Dondozo|13/100|[from] Recoil
|
|-heal|p1a: Ting-Lu|65/100 slp|[from] item: Leftovers
|-heal|p2a: Dondozo|19/100|[from] item: Leftovers
|upkeep
|turn|102
|c|☆Herris456|Pokémon > life itself
|c|☆Inder-House|haha legit
|
|t:|1759078198
|cant|p1a: Ting-Lu|slp
|move|p1a: Ting-Lu|Sleep Talk|p1a: Ting-Lu
|move|p1a: Ting-Lu|Earthquake|p2a: Dondozo|[from] move: Sleep Talk
|-damage|p2a: Dondozo|3/100
|move|p2a: Dondozo|Rest|p2a: Dondozo
|-status|p2a: Dondozo|slp|[from] move: Rest
|-heal|p2a: Dondozo|100/100 slp|[silent]
|
|-heal|p1a: Ting-Lu|71/100 slp|[from] item: Leftovers
|upkeep
|turn|103
|c|☆Herris456|Man
|c|☆Herris456|That was it
|c|☆Inder-House|soooo close
|c|☆Inder-House|knife edge, honestly
|
|t:|1759078222
|-curestatus|p1a: Ting-Lu|slp|[msg]
|move|p1a: Ting-Lu|Ruination|p2a: Dondozo
|-damage|p2a: Dondozo|51/100 slp
|cant|p2a: Dondozo|slp
|move|p2a: Dondozo|Sleep Talk|p2a: Dondozo
|move|p2a: Dondozo|Wave Crash|p1a: Ting-Lu|[from] move: Sleep Talk
|-supereffective|p1a: Ting-Lu
|-damage|p1a: Ting-Lu|37/100
|-damage|p2a: Dondozo|39/100 slp|[from] Recoil
|
|-heal|p1a: Ting-Lu|43/100|[from] item: Leftovers
|-heal|p2a: Dondozo|45/100 slp|[from] item: Leftovers
|upkeep
|turn|104
|c|☆Inder-House|as it should be for an E4 battle haha
|
|t:|1759078244
|move|p1a: Ting-Lu|Rest|p1a: Ting-Lu
|-status|p1a: Ting-Lu|slp|[from] move: Rest
|-heal|p1a: Ting-Lu|100/100 slp|[silent]
|cant|p2a: Dondozo|slp
|move|p2a: Dondozo|Sleep Talk|p2a: Dondozo
|move|p2a: Dondozo|Avalanche|p1a: Ting-Lu|[from] move: Sleep Talk
|-supereffective|p1a: Ting-Lu
|-damage|p1a: Ting-Lu|87/100 slp
|
|-heal|p1a: Ting-Lu|93/100 slp|[from] item: Leftovers
|-heal|p2a: Dondozo|52/100 slp|[from] item: Leftovers
|upkeep
|turn|105
|
|t:|1759078261
|cant|p1a: Ting-Lu|slp
|-curestatus|p2a: Dondozo|slp|[msg]
|move|p2a: Dondozo|Wave Crash|p1a: Ting-Lu
|-supereffective|p1a: Ting-Lu
|-damage|p1a: Ting-Lu|58/100 slp
|-damage|p2a: Dondozo|40/100|[from] Recoil
|
|-heal|p1a: Ting-Lu|64/100 slp|[from] item: Leftovers
|-heal|p2a: Dondozo|46/100|[from] item: Leftovers
|upkeep
|turn|106
|
|t:|1759078275
|cant|p1a: Ting-Lu|slp
|move|p2a: Dondozo|Wave Crash|p1a: Ting-Lu
|-supereffective|p1a: Ting-Lu
|-damage|p1a: Ting-Lu|25/100 slp
|-damage|p2a: Dondozo|33/100|[from] Recoil
|
|-heal|p1a: Ting-Lu|31/100 slp|[from] item: Leftovers
|-heal|p2a: Dondozo|39/100|[from] item: Leftovers
|upkeep
|turn|107
|
|t:|1759078293
|-curestatus|p1a: Ting-Lu|slp|[msg]
|move|p1a: Ting-Lu|Rest|p1a: Ting-Lu
|-status|p1a: Ting-Lu|slp|[from] move: Rest
|-heal|p1a: Ting-Lu|100/100 slp|[silent]
|move|p2a: Dondozo|Rest|p2a: Dondozo
|-status|p2a: Dondozo|slp|[from] move: Rest
|-heal|p2a: Dondozo|100/100 slp|[silent]
|
|upkeep
|turn|108
|c|☆Inder-House|lmao
|
|t:|1759078305
|cant|p1a: Ting-Lu|slp
|move|p1a: Ting-Lu|Sleep Talk|p1a: Ting-Lu
|move|p1a: Ting-Lu|Rest||[from] move: Sleep Talk|[still]
|-fail|p1a: Ting-Lu
|cant|p2a: Dondozo|slp
|move|p2a: Dondozo|Sleep Talk|p2a: Dondozo
|move|p2a: Dondozo|Avalanche|p1a: Ting-Lu|[from] move: Sleep Talk
|-supereffective|p1a: Ting-Lu
|-damage|p1a: Ting-Lu|88/100 slp
|
|-heal|p1a: Ting-Lu|95/100 slp|[from] item: Leftovers
|upkeep
|turn|109
|
|t:|1759078320
|cant|p1a: Ting-Lu|slp
|move|p1a: Ting-Lu|Sleep Talk|p1a: Ting-Lu
|move|p1a: Ting-Lu|Ruination|p2a: Dondozo|[from] move: Sleep Talk
|-damage|p2a: Dondozo|51/100 slp
|cant|p2a: Dondozo|slp
|move|p2a: Dondozo|Sleep Talk|p2a: Dondozo
|move|p2a: Dondozo|Rest||[from] move: Sleep Talk|[still]
|-fail|p2a: Dondozo
|
|-heal|p1a: Ting-Lu|100/100 slp|[from] item: Leftovers
|-heal|p2a: Dondozo|57/100 slp|[from] item: Leftovers
|upkeep
|turn|110
|c|☆Inder-House|fish vs bowl deer: the ultimate slumber party
|
|t:|1759078357
|switch|p2a: Ting-Lu|Ting-Lu|87/100
|-ability|p2a: Ting-Lu|Vessel of Ruin
|-curestatus|p1a: Ting-Lu|slp|[msg]
|move|p1a: Ting-Lu|Ruination|p2a: Ting-Lu
|-damage|p2a: Ting-Lu|44/100
|
|-heal|p2a: Ting-Lu|50/100|[from] item: Leftovers
|upkeep
|turn|111
|
|t:|1759078366
|move|p1a: Ting-Lu|Ruination|p2a: Ting-Lu
|-damage|p2a: Ting-Lu|25/100
|move|p2a: Ting-Lu|Payback|p1a: Ting-Lu
|-resisted|p1a: Ting-Lu
|-damage|p1a: Ting-Lu|92/100
|
|-heal|p1a: Ting-Lu|98/100|[from] item: Leftovers
|-heal|p2a: Ting-Lu|31/100|[from] item: Leftovers
|upkeep
|turn|112
|
|t:|1759078377
|switch|p1a: Cinderace|Cinderace, M|51/100
|move|p2a: Ting-Lu|Rest|p2a: Ting-Lu
|-status|p2a: Ting-Lu|slp|[from] move: Rest
|-heal|p2a: Ting-Lu|100/100 slp|[silent]
|
|upkeep
|turn|113
|
|t:|1759078383
|move|p1a: Cinderace|U-turn|p2a: Ting-Lu
|-supereffective|p2a: Ting-Lu
|-damage|p2a: Ting-Lu|81/100 slp
|
|t:|1759078389
|switch|p1a: Ting-Lu|Ting-Lu|98/100|[from] U-turn
|-ability|p1a: Ting-Lu|Vessel of Ruin
|cant|p2a: Ting-Lu|slp
|move|p2a: Ting-Lu|Sleep Talk|p2a: Ting-Lu
|move|p2a: Ting-Lu|Payback|p1a: Ting-Lu|[from] move: Sleep Talk
|-resisted|p1a: Ting-Lu
|-damage|p1a: Ting-Lu|94/100
|
|-heal|p2a: Ting-Lu|88/100 slp|[from] item: Leftovers
|-heal|p1a: Ting-Lu|99/100|[from] item: Leftovers
|upkeep
|turn|114
|
|t:|1759078391
|cant|p2a: Ting-Lu|slp
|move|p2a: Ting-Lu|Sleep Talk|p2a: Ting-Lu
|move|p2a: Ting-Lu|Earthquake|p1a: Ting-Lu|[from] move: Sleep Talk
|-damage|p1a: Ting-Lu|83/100
|move|p1a: Ting-Lu|Ruination|p2a: Ting-Lu
|-damage|p2a: Ting-Lu|44/100 slp
|
|-heal|p2a: Ting-Lu|50/100 slp|[from] item: Leftovers
|-heal|p1a: Ting-Lu|90/100|[from] item: Leftovers
|upkeep
|turn|115
|
|t:|1759078403
|-curestatus|p2a: Ting-Lu|slp|[msg]
|move|p2a: Ting-Lu|Payback|p1a: Ting-Lu
|-resisted|p1a: Ting-Lu
|-damage|p1a: Ting-Lu|86/100
|move|p1a: Ting-Lu|Ruination|p2a: Ting-Lu
|-damage|p2a: Ting-Lu|25/100
|
|-heal|p1a: Ting-Lu|92/100|[from] item: Leftovers
|-heal|p2a: Ting-Lu|32/100|[from] item: Leftovers
|upkeep
|turn|116
|
|t:|1759078407
|move|p1a: Ting-Lu|Earthquake|p2a: Ting-Lu
|-damage|p2a: Ting-Lu|13/100
|move|p2a: Ting-Lu|Rest|p2a: Ting-Lu
|-status|p2a: Ting-Lu|slp|[from] move: Rest
|-heal|p2a: Ting-Lu|100/100 slp|[silent]
|
|-heal|p1a: Ting-Lu|98/100|[from] item: Leftovers
|upkeep
|turn|117
|
|t:|1759078414
|move|p1a: Ting-Lu|Ruination|p2a: Ting-Lu
|-damage|p2a: Ting-Lu|50/100 slp
|cant|p2a: Ting-Lu|slp
|move|p2a: Ting-Lu|Sleep Talk|p2a: Ting-Lu
|move|p2a: Ting-Lu|Earthquake|p1a: Ting-Lu|[from] move: Sleep Talk
|-damage|p1a: Ting-Lu|82/100
|
|-heal|p2a: Ting-Lu|57/100 slp|[from] item: Leftovers
|-heal|p1a: Ting-Lu|88/100|[from] item: Leftovers
|upkeep
|turn|118
|
|t:|1759078433
|switch|p1a: Slowking|Slowking-Galar, F, shiny, tera:Water|50/100 tox
|cant|p2a: Ting-Lu|slp
|move|p2a: Ting-Lu|Sleep Talk|p2a: Ting-Lu
|move|p2a: Ting-Lu|Payback|p1a: Slowking|[from] move: Sleep Talk
|-damage|p1a: Slowking|30/100 tox
|
|-heal|p2a: Ting-Lu|63/100 slp|[from] item: Leftovers
|-damage|p1a: Slowking|24/100 tox|[from] psn
|upkeep
|turn|119
|
|t:|1759078442
|switch|p1a: Ting-Lu|Ting-Lu|88/100
|-ability|p1a: Ting-Lu|Vessel of Ruin
|-curestatus|p2a: Ting-Lu|slp|[msg]
|move|p2a: Ting-Lu|Earthquake|p1a: Ting-Lu
|-damage|p1a: Ting-Lu|71/100
|
|-heal|p2a: Ting-Lu|69/100|[from] item: Leftovers
|-heal|p1a: Ting-Lu|77/100|[from] item: Leftovers
|upkeep
|turn|120
|
|t:|1759078453
|switch|p2a: Rotom|Rotom-Wash|7/100
|switch|p1a: Slowking|Slowking-Galar, F, shiny, tera:Water|58/100 tox
|
|-damage|p1a: Slowking|52/100 tox|[from] psn
|upkeep
|turn|121
|
|t:|1759078463
|move|p2a: Rotom|Volt Switch|p1a: Slowking
|-supereffective|p1a: Slowking
|-crit|p1a: Slowking
|-damage|p1a: Slowking|1/100 tox
|
|t:|1759078467
|switch|p2a: Ting-Lu|Ting-Lu|69/100|[from] Volt Switch
|-ability|p2a: Ting-Lu|Vessel of Ruin
|move|p1a: Slowking|Future Sight|p2a: Ting-Lu
|-start|p1a: Slowking|move: Future Sight
|
|-heal|p2a: Ting-Lu|75/100|[from] item: Leftovers
|-damage|p1a: Slowking|0 fnt|[from] psn
|faint|p1a: Slowking
|upkeep
|c|☆Inder-House|oof
|c|☆Inder-House|yay
|
|t:|1759078477
|switch|p1a: Cinderace|Cinderace, M|51/100
|turn|122
|
|t:|1759078481
|move|p1a: Cinderace|Will-O-Wisp|p2a: Ting-Lu
|-status|p2a: Ting-Lu|brn
|move|p2a: Ting-Lu|Earthquake|p1a: Cinderace
|-supereffective|p1a: Cinderace
|-damage|p1a: Cinderace|7/100
|
|-heal|p2a: Ting-Lu|82/100 brn|[from] item: Leftovers
|-damage|p2a: Ting-Lu|75/100 brn|[from] brn
|upkeep
|turn|123
|
|t:|1759078487
|move|p1a: Cinderace|Pyro Ball|p2a: Ting-Lu
|-damage|p2a: Ting-Lu|37/100 brn
|move|p2a: Ting-Lu|Earthquake|p1a: Cinderace
|-supereffective|p1a: Cinderace
|-damage|p1a: Cinderace|0 fnt
|faint|p1a: Cinderace
|
|-end|p2a: Ting-Lu|move: Future Sight
|-immune|p2a: Ting-Lu
|-heal|p2a: Ting-Lu|43/100 brn|[from] item: Leftovers
|-damage|p2a: Ting-Lu|37/100 brn|[from] brn
|upkeep
|
|t:|1759078489
|switch|p1a: Ting-Lu|Ting-Lu|77/100
|-ability|p1a: Ting-Lu|Vessel of Ruin
|turn|124
|
|t:|1759078492
|move|p2a: Ting-Lu|Rest|p2a: Ting-Lu
|-status|p2a: Ting-Lu|slp|[from] move: Rest
|-heal|p2a: Ting-Lu|100/100 slp|[silent]
|move|p1a: Ting-Lu|Earthquake|p2a: Ting-Lu
|-damage|p2a: Ting-Lu|82/100 slp
|
|-heal|p1a: Ting-Lu|84/100|[from] item: Leftovers
|-heal|p2a: Ting-Lu|88/100 slp|[from] item: Leftovers
|upkeep
|turn|125
|c|☆Herris456|Mo ver it
|c|☆Herris456|lol
|c|☆Inder-House|Sorry we had to do it on cart in the end haha
|
|t:|1759078512
|cant|p2a: Ting-Lu|slp
|move|p2a: Ting-Lu|Sleep Talk|p2a: Ting-Lu
|move|p2a: Ting-Lu|Payback|p1a: Ting-Lu|[from] move: Sleep Talk
|-resisted|p1a: Ting-Lu
|-damage|p1a: Ting-Lu|79/100
|move|p1a: Ting-Lu|Earthquake|p2a: Ting-Lu
|-damage|p2a: Ting-Lu|68/100 slp
|
|-heal|p1a: Ting-Lu|85/100|[from] item: Leftovers
|-heal|p2a: Ting-Lu|74/100 slp|[from] item: Leftovers
|upkeep
|turn|126
|c|☆Inder-House|At least we can share the crazy replay
|c|☆Inder-House|If you wanna battle me on cart we can
|c|☆Herris456|Uh
|c|☆Inder-House|I wanna feel like I've won legitimately
|
|t:|1759078540
|switch|p1a: Dragapult|Dragapult, M|13/100
|cant|p2a: Ting-Lu|slp
|move|p2a: Ting-Lu|Sleep Talk|p2a: Ting-Lu
|move|p2a: Ting-Lu|Earthquake|p1a: Dragapult|[from] move: Sleep Talk
|-damage|p1a: Dragapult|0 fnt
|faint|p1a: Dragapult
|
|-heal|p2a: Ting-Lu|80/100 slp|[from] item: Leftovers
|upkeep
|c|☆Herris456|Sure i feel confident with your team regardless tho
|
|t:|1759078555
|switch|p1a: Ting-Lu|Ting-Lu|85/100
|-ability|p1a: Ting-Lu|Vessel of Ruin
|turn|127
|c|☆Herris456|I think you’re typically more available than I
|c|☆Inder-House|I should show you the team I've been practising with and should've picked haha
|
|t:|1759078575
|-curestatus|p2a: Ting-Lu|slp|[msg]
|move|p2a: Ting-Lu|Earthquake|p1a: Ting-Lu
|-damage|p1a: Ting-Lu|68/100
|move|p1a: Ting-Lu|Sleep Talk||[still]
|-fail|p1a: Ting-Lu
|
|-heal|p1a: Ting-Lu|75/100|[from] item: Leftovers
|-heal|p2a: Ting-Lu|86/100|[from] item: Leftovers
|upkeep
|turn|128
|-message|Herris456 forfeited.
|
|win|Inder-House
