|j|‽theonlydork
|j|☆miaoTV-青
|t:|1759020519
|gametype|singles
|player|p1|theonlydork|102|1703
|player|p2|miaoTV-青|elesa|1754
|gen|9
|tier|[Gen 9] OU
|rated|
|rule|HP Percentage Mod: HP is shown in percentages
|rule|Endless Battle Clause: Forcing endless battles is banned
|rule|Species Clause: Limit one of each Pokémon
|rule|OHKO Clause: OHKO moves are banned
|rule|Evasion Items Clause: Evasion items are banned
|rule|Evasion Moves Clause: Evasion moves are banned
|rule|Evasion Abilities Clause: Evasion abilities are banned
|rule|Sleep Moves Clause: Sleep-inducing moves are banned
|clearpoke
|poke|p1|Dragonite, F|
|poke|p1|Gholdengo|
|poke|p1|Iron Treads|
|poke|p1|Quaquaval, M|
|poke|p1|Slowking-Galar, F|
|poke|p1|Ting-Lu|
|poke|p2|Ogerpon-Wellspring, F|
|poke|p2|Dondozo, F|
|poke|p2|Cinderace, F|
|poke|p2|Landorus-Therian, M|
|poke|p2|Slowking-Galar, L99, M|
|poke|p2|Tyranitar, F|
|teampreview
|inactive|Battle timer is ON: inactive players will automatically lose when time's up. (requested by miaoTV-青)
|
|t:|1759020543
|teamsize|p1|6
|teamsize|p2|6
|start
|switch|p1a: Slowking|Slowking-Galar, F|100/100
|switch|p2a: 江母狗|Ogerpon-Wellspring, F|100/100
|turn|1
|
|t:|1759020548
|move|p2a: 江母狗|U-turn|p1a: Slowking
|-damage|p1a: Slowking|81/100
|
|t:|1759020550
|switch|p2a: 庆丰帝|Slowking-Galar, L99, M, shiny|100/100|[from] U-turn
|move|p1a: Slowking|Sludge Bomb|p2a: 庆丰帝
|-resisted|p2a: 庆丰帝
|-damage|p2a: 庆丰帝|87/100
|
|upkeep
|turn|2
|
|t:|1759020553
|move|p1a: Slowking|Future Sight|p2a: 庆丰帝
|-start|p1a: Slowking|move: Future Sight
|-prepare|p2a: 庆丰帝|Chilly Reception|[premajor]
|move|p2a: 庆丰帝|Chilly Reception|p2a: 庆丰帝
|-weather|Snowscape
|
|t:|1759020559
|switch|p2a: 毛腊肉|Tyranitar, F|100/100|[from] Chilly Reception
|-weather|Sandstorm|[from] ability: Sand Stream|[of] p2a: 毛腊肉
|
|-weather|Sandstorm|[upkeep]
|-damage|p1a: Slowking|75/100|[from] Sandstorm
|upkeep
|turn|3
|
|t:|1759020563
|switch|p1a: Ting-Lu|Ting-Lu|100/100
|-ability|p1a: Ting-Lu|Vessel of Ruin
|move|p2a: 毛腊肉|Knock Off|p1a: Ting-Lu
|-resisted|p1a: Ting-Lu
|-damage|p1a: Ting-Lu|90/100
|-enditem|p1a: Ting-Lu|Leftovers|[from] move: Knock Off|[of] p2a: 毛腊肉
|
|-weather|Sandstorm|[upkeep]
|upkeep
|turn|4
|
|t:|1759020569
|switch|p2a: 庆丰帝|Slowking-Galar, L99, M, shiny|100/100
|move|p1a: Ting-Lu|Earthquake|p2a: 庆丰帝
|-supereffective|p2a: 庆丰帝
|-damage|p2a: 庆丰帝|40/100
|
|-weather|Sandstorm|[upkeep]
|-damage|p2a: 庆丰帝|34/100|[from] Sandstorm
|-end|p2a: 庆丰帝|move: Future Sight
|-crit|p2a: 庆丰帝
|-damage|p2a: 庆丰帝|0 fnt
|faint|p2a: 庆丰帝
|upkeep
|
|t:|1759020572
|switch|p2a: 江母狗|Ogerpon-Wellspring, F|100/100
|turn|5
|
|t:|1759020580
|switch|p1a: Slowking|Slowking-Galar, F|100/100
|move|p2a: 江母狗|Swords Dance|p2a: 江母狗
|-boost|p2a: 江母狗|atk|2
|
|-weather|Sandstorm|[upkeep]
|-damage|p2a: 江母狗|95/100|[from] Sandstorm
|-damage|p1a: Slowking|94/100|[from] Sandstorm
|upkeep
|turn|6
|
|t:|1759020584
|-terastallize|p2a: 江母狗|Water
|detailschange|p2a: 江母狗|Ogerpon-Wellspring-Tera, F, tera:Water
|-ability|p2a: 江母狗|Embody Aspect (Wellspring)|boost
|-boost|p2a: 江母狗|spd|1
|-terastallize|p1a: Slowking|Water
|move|p2a: 江母狗|Ivy Cudgel|p1a: Slowking|[anim] Ivy Cudgel Water
|-resisted|p1a: Slowking
|-damage|p1a: Slowking|34/100
|move|p1a: Slowking|Sludge Bomb|p2a: 江母狗
|-damage|p2a: 江母狗|67/100
|-status|p2a: 江母狗|psn
|
|-weather|none
|-damage|p2a: 江母狗|54/100 psn|[from] psn
|upkeep
|turn|7
|
|t:|1759020596
|switch|p1a: Dragonite|Dragonite, F|100/100
|move|p2a: 江母狗|Horn Leech|p1a: Dragonite
|-resisted|p1a: Dragonite
|-damage|p1a: Dragonite|90/100
|-heal|p2a: 江母狗|61/100 psn|[from] drain|[of] p1a: Dragonite
|
|-damage|p2a: 江母狗|49/100 psn|[from] psn
|upkeep
|turn|8
|
|t:|1759020602
|move|p1a: Dragonite|Extreme Speed|p2a: 江母狗
|-damage|p2a: 江母狗|8/100 psn
|move|p2a: 江母狗|Ivy Cudgel|p1a: Dragonite|[anim] Ivy Cudgel Water
|-resisted|p1a: Dragonite
|-damage|p1a: Dragonite|13/100
|
|-damage|p2a: 江母狗|0 fnt|[from] psn
|faint|p2a: 江母狗
|detailschange|p2: 江母狗|Ogerpon-Wellspring, F|[silent]
|upkeep
|
|t:|1759020609
|switch|p2a: 红小将|Cinderace, F|100/100
|turn|9
|
|t:|1759020612
|move|p1a: Dragonite|Extreme Speed|p2a: 红小将
|-damage|p2a: 红小将|54/100
|move|p2a: 红小将|Pyro Ball|p1a: Dragonite
|-resisted|p1a: Dragonite
|-damage|p1a: Dragonite|0 fnt
|faint|p1a: Dragonite
|
|upkeep
|
|t:|1759020617
|switch|p1a: Gholdengo|Gholdengo|100/100
|turn|10
|
|t:|1759020621
|move|p2a: 红小将|Sucker Punch||[still]
|-fail|p2a: 红小将
|move|p1a: Gholdengo|Trick|p2a: 红小将
|-activate|p1a: Gholdengo|move: Trick|[of] p2a: 红小将
|-item|p2a: 红小将|Choice Scarf|[from] move: Trick
|-item|p1a: Gholdengo|Heavy-Duty Boots|[from] move: Trick
|
|upkeep
|turn|11
|
|t:|1759020629
|switch|p1a: Slowking|Slowking-Galar, F, tera:Water|67/100
|move|p2a: 红小将|Pyro Ball|p1a: Slowking
|-resisted|p1a: Slowking
|-damage|p1a: Slowking|44/100
|
|upkeep
|turn|12
|
|t:|1759020633
|switch|p2a: 毛腊肉|Tyranitar, F|100/100
|-weather|Sandstorm|[from] ability: Sand Stream|[of] p2a: 毛腊肉
|-prepare|p1a: Slowking|Chilly Reception|[premajor]
|move|p1a: Slowking|Chilly Reception|p1a: Slowking
|-weather|Snowscape
|
|t:|1759020635
|switch|p1a: Iron Treads|Iron Treads|100/100|[from] Chilly Reception
|
|-weather|Snowscape|[upkeep]
|upkeep
|turn|13
|
|t:|1759020640
|switch|p2a: 林统帅(未坠机版)|Landorus-Therian, M|100/100
|-ability|p2a: 林统帅(未坠机版)|Intimidate|boost
|-unboost|p1a: Iron Treads|atk|1
|move|p1a: Iron Treads|Stealth Rock|p2a: 林统帅(未坠机版)
|-sidestart|p2: miaoTV-青|move: Stealth Rock
|
|-weather|Snowscape|[upkeep]
|upkeep
|turn|14
|
|t:|1759020646
|-end|p1a: Iron Treads|Quark Drive|[silent]
|switch|p1a: Ting-Lu|Ting-Lu|90/100
|-ability|p1a: Ting-Lu|Vessel of Ruin
|move|p2a: 林统帅(未坠机版)|Earthquake|p1a: Ting-Lu
|-damage|p1a: Ting-Lu|57/100
|
|-weather|Snowscape|[upkeep]
|upkeep
|turn|15
|
|t:|1759020650
|move|p2a: 林统帅(未坠机版)|Earthquake|p1a: Ting-Lu
|-damage|p1a: Ting-Lu|28/100
|move|p1a: Ting-Lu|Whirlwind|p2a: 林统帅(未坠机版)
|drag|p2a: 红小将|Cinderace, F|54/100
|-damage|p2a: 红小将|30/100|[from] Stealth Rock
|
|-weather|Snowscape|[upkeep]
|upkeep
|turn|16
|
|t:|1759020654
|move|p2a: 红小将|Court Change|p2a: 红小将
|-start|p2a: 红小将|typechange|Normal|[from] ability: Libero
|-swapsideconditions
|-activate|p2a: 红小将|move: Court Change
|move|p1a: Ting-Lu|Spikes|p2a: 红小将
|-sidestart|p2: miaoTV-青|Spikes
|
|-weather|none
|upkeep
|turn|17
|
|t:|1759020662
|switch|p2a: 林统帅(未坠机版)|Landorus-Therian, M|100/100
|-ability|p2a: 林统帅(未坠机版)|Intimidate|boost
|-unboost|p1a: Ting-Lu|atk|1
|move|p1a: Ting-Lu|Ruination|p2a: 林统帅(未坠机版)
|-damage|p2a: 林统帅(未坠机版)|51/100
|
|upkeep
|turn|18
|
|t:|1759020668
|move|p2a: 林统帅(未坠机版)|Earthquake|p1a: Ting-Lu
|-damage|p1a: Ting-Lu|0 fnt
|faint|p1a: Ting-Lu
|
|upkeep
|
|t:|1759020670
|switch|p1a: Quaquaval|Quaquaval, M|100/100
|-damage|p1a: Quaquaval|94/100|[from] Stealth Rock
|turn|19
|
|t:|1759020675
|switch|p2a: 水晶棺|Dondozo, F|100/100
|-damage|p2a: 水晶棺|88/100|[from] Spikes
|move|p1a: Quaquaval|Aqua Step|p2a: 水晶棺
|-resisted|p2a: 水晶棺
|-damage|p2a: 水晶棺|74/100
|-boost|p1a: Quaquaval|spe|1
|
|upkeep
|turn|20
|
|t:|1759020681
|switch|p1a: Slowking|Slowking-Galar, F, tera:Water|77/100
|-damage|p1a: Slowking|65/100|[from] Stealth Rock
|move|p2a: 水晶棺|Curse|p2a: 水晶棺
|-unboost|p2a: 水晶棺|spe|1
|-boost|p2a: 水晶棺|atk|1
|-boost|p2a: 水晶棺|def|1
|
|upkeep
|turn|21
|
|t:|1759020684
|switch|p2a: 毛腊肉|Tyranitar, F|100/100
|-damage|p2a: 毛腊肉|88/100|[from] Spikes
|-weather|Sandstorm|[from] ability: Sand Stream|[of] p2a: 毛腊肉
|move|p1a: Slowking|Sludge Bomb|p2a: 毛腊肉
|-resisted|p2a: 毛腊肉
|-damage|p2a: 毛腊肉|82/100
|
|-weather|Sandstorm|[upkeep]
|-damage|p1a: Slowking|59/100|[from] Sandstorm
|upkeep
|turn|22
|
|t:|1759020688
|switch|p1a: Iron Treads|Iron Treads|100/100
|-damage|p1a: Iron Treads|97/100|[from] Stealth Rock
|move|p2a: 毛腊肉|Earth Power|p1a: Iron Treads
|-supereffective|p1a: Iron Treads
|-damage|p1a: Iron Treads|22/100
|
|-weather|Sandstorm|[upkeep]
|-heal|p1a: Iron Treads|28/100|[from] item: Leftovers
|upkeep
|turn|23
|
|t:|1759020695
|switch|p2a: 红小将|Cinderace, F|30/100
|-damage|p2a: 红小将|17/100|[from] Spikes
|move|p1a: Iron Treads|Stealth Rock|p2a: 红小将
|-sidestart|p2: miaoTV-青|move: Stealth Rock
|
|-weather|Sandstorm|[upkeep]
|-damage|p2a: 红小将|11/100|[from] Sandstorm
|-heal|p1a: Iron Treads|34/100|[from] item: Leftovers
|upkeep
|turn|24
|
|t:|1759020705
|move|p2a: 红小将|Court Change|p2a: 红小将
|-start|p2a: 红小将|typechange|Normal|[from] ability: Libero
|-swapsideconditions
|-activate|p2a: 红小将|move: Court Change
|move|p1a: Iron Treads|Rapid Spin|p2a: 红小将
|-damage|p2a: 红小将|0 fnt
|-boost|p1a: Iron Treads|spe|1
|-sideend|p1: theonlydork|Spikes|[from] move: Rapid Spin|[of] p1a: Iron Treads
|-sideend|p1: theonlydork|Stealth Rock|[from] move: Rapid Spin|[of] p1a: Iron Treads
|faint|p2a: 红小将
|
|-weather|Sandstorm|[upkeep]
|-heal|p1a: Iron Treads|41/100|[from] item: Leftovers
|upkeep
|-message|miaoTV-青 forfeited.
|
|win|theonlydork
|raw|theonlydork's rating: 1703 &rarr; <strong>1726</strong><br />(+23 for winning)
|raw|miaoTV-青's rating: 1754 &rarr; <strong>1731</strong><br />(-23 for losing)
|l|☆miaoTV-青
|player|p2|
