|j|☆xrayinformation
|j|☆TrentMercer
|t:|1758936859
|gametype|singles
|player|p1|xrayinformation|dragontamer|1565
|player|p2|TrentMercer|boarder|1633
|gen|9
|tier|[Gen 9] OU
|rated|
|rule|HP Percentage Mod: HP is shown in percentages
|rule|Endless Battle Clause: Forcing endless battles is banned
|rule|Species Clause: Limit one of each Pokémon
|rule|OHKO Clause: OHKO moves are banned
|rule|Evasion Items Clause: Evasion items are banned
|rule|Evasion Moves Clause: Evasion moves are banned
|rule|Evasion Abilities Clause: Evasion abilities are banned
|rule|Sleep Moves Clause: Sleep-inducing moves are banned
|clearpoke
|poke|p1|Kyurem|
|poke|p1|Gholdengo|
|poke|p1|Cinderace, F|
|poke|p1|Mamoswine, M|
|poke|p1|Ogerpon-Wellspring, F|
|poke|p1|Kingambit, F|
|poke|p2|Great Tusk|
|poke|p2|Slowking-Galar, F|
|poke|p2|Cinderace, F|
|poke|p2|Crawdaunt, F|
|poke|p2|Zapdos|
|poke|p2|Gholdengo|
|teampreview
|
|t:|1758936878
|teamsize|p1|6
|teamsize|p2|6
|start
|switch|p1a: Mamoswine|Mamoswine, M|100/100
|switch|p2a: Cinderace|Cinderace, F|100/100
|turn|1
|
|t:|1758936883
|move|p2a: Cinderace|U-turn|p1a: Mamoswine
|-start|p2a: Cinderace|typechange|Bug|[from] ability: Libero
|-damage|p1a: Mamoswine|63/100
|inactive|Battle timer is ON: inactive players will automatically lose when time's up. (requested by xrayinformation)
|
|t:|1758936891
|switch|p2a: Crawdaunt|Crawdaunt, F|100/100|[from] U-turn
|move|p1a: Mamoswine|Earthquake|p2a: Crawdaunt
|-damage|p2a: Crawdaunt|10/100
|
|upkeep
|turn|2
|
|t:|1758936897
|move|p1a: Mamoswine|Ice Shard|p2a: Crawdaunt
|-resisted|p2a: Crawdaunt
|-damage|p2a: Crawdaunt|0 fnt
|faint|p2a: Crawdaunt
|
|upkeep
|
|t:|1758936903
|switch|p2a: Gholdengo|Gholdengo|100/100
|turn|3
|
|t:|1758936911
|switch|p1a: Kingambit|Kingambit, F|100/100
|move|p2a: Gholdengo|Make It Rain|p1a: Kingambit
|-resisted|p1a: Kingambit
|-damage|p1a: Kingambit|61/100
|-unboost|p2a: Gholdengo|spa|1
|
|-heal|p1a: Kingambit|68/100|[from] item: Leftovers
|upkeep
|turn|4
|
|t:|1758936919
|switch|p2a: Zapdos|Zapdos|100/100
|-end|p1a: Kingambit|fallenundefined|[silent]
|switch|p1a: Cinderace|Cinderace, F|100/100
|
|upkeep
|turn|5
|
|t:|1758936939
|switch|p1a: Mamoswine|Mamoswine, M|63/100
|move|p2a: Zapdos|Hurricane|p1a: Mamoswine|[miss]
|-miss|p2a: Zapdos|p1a: Mamoswine
|
|upkeep
|turn|6
|
|t:|1758936946
|move|p1a: Mamoswine|Icicle Crash|p2a: Zapdos
|-supereffective|p2a: Zapdos
|-damage|p2a: Zapdos|35/100
|move|p2a: Zapdos|Hurricane|p1a: Mamoswine
|-damage|p1a: Mamoswine|0 fnt
|faint|p1a: Mamoswine
|
|upkeep
|
|t:|1758936961
|switch|p1a: Kyurem|Kyurem|100/100
|-ability|p1a: Kyurem|Pressure
|turn|7
|
|t:|1758936967
|switch|p2a: Gholdengo|Gholdengo|100/100
|move|p1a: Kyurem|Substitute|p1a: Kyurem
|-start|p1a: Kyurem|Substitute
|-damage|p1a: Kyurem|76/100
|
|upkeep
|turn|8
|
|t:|1758936973
|move|p2a: Gholdengo|Dazzling Gleam|p1a: Kyurem
|-supereffective|p1a: Kyurem
|-end|p1a: Kyurem|Substitute
|move|p1a: Kyurem|Dragon Dance|p1a: Kyurem
|-boost|p1a: Kyurem|atk|1
|-boost|p1a: Kyurem|spe|1
|
|upkeep
|turn|9
|
|t:|1758936981
|-terastallize|p1a: Kyurem|Electric
|move|p1a: Kyurem|Substitute|p1a: Kyurem
|-start|p1a: Kyurem|Substitute
|-damage|p1a: Kyurem|51/100
|move|p2a: Gholdengo|Dazzling Gleam|p1a: Kyurem
|-end|p1a: Kyurem|Substitute
|
|upkeep
|turn|10
|
|t:|1758936991
|move|p1a: Kyurem|Tera Blast|p2a: Gholdengo|[anim] Tera Blast Electric
|-damage|p2a: Gholdengo|30/100
|move|p2a: Gholdengo|Dazzling Gleam|p1a: Kyurem
|-damage|p1a: Kyurem|22/100
|
|upkeep
|turn|11
|
|t:|1758937002
|switch|p2a: Zapdos|Zapdos|35/100
|move|p1a: Kyurem|Tera Blast|p2a: Zapdos|[anim] Tera Blast Electric
|-damage|p2a: Zapdos|0 fnt
|faint|p2a: Zapdos
|
|upkeep
|
|t:|1758937007
|switch|p2a: Slowking|Slowking-Galar, F|100/100
|turn|12
|
|t:|1758937011
|move|p1a: Kyurem|Icicle Spear|p2a: Slowking
|-damage|p2a: Slowking|81/100
|-damage|p2a: Slowking|61/100
|-damage|p2a: Slowking|39/100
|-damage|p2a: Slowking|19/100
|-hitcount|p2a: Slowking|4
|move|p2a: Slowking|Sludge Bomb|p1a: Kyurem
|-damage|p1a: Kyurem|0 fnt
|faint|p1a: Kyurem
|
|upkeep
|
|t:|1758937021
|switch|p1a: Ogerpon|Ogerpon-Wellspring, F|100/100
|turn|13
|
|t:|1758937028
|move|p1a: Ogerpon|Ivy Cudgel|p2a: Slowking|[anim] Ivy Cudgel Water
|-damage|p2a: Slowking|0 fnt
|faint|p2a: Slowking
|
|upkeep
|
|t:|1758937031
|switch|p2a: Cinderace|Cinderace, F|100/100
|turn|14
|
|t:|1758937037
|switch|p1a: Cinderace|Cinderace, F|100/100
|move|p2a: Cinderace|High Jump Kick|p1a: Cinderace|[miss]
|-start|p2a: Cinderace|typechange|Fighting|[from] ability: Libero
|-miss|p2a: Cinderace|p1a: Cinderace
|-damage|p2a: Cinderace|51/100|[from] highjumpkick
|
|upkeep
|turn|15
|-message|TrentMercer forfeited.
|
|win|xrayinformation
|raw|xrayinformation's rating: 1565 &rarr; <strong>1589</strong><br />(+24 for winning)
|raw|TrentMercer's rating: 1633 &rarr; <strong>1609</strong><br />(-24 for losing)
|l|☆TrentMercer
|player|p2|
|l|☆xrayinformation
|player|p1|
