|badge|p1|silver|gen9ou|30-6
|html|<div class="broadcast-red"><strong>This battle is required to be public due to one or more player having a season medal.</strong><br />During the public phase, you can discuss the state of the ladder <a href="/seasondiscussion">in a special chatroom.</a></div>
|uhtml|medal-msg|<div class="broadcast-blue">Curious what those medals under the avatar are? PS now has Ladder Seasons! For more information, check out the <a href="https://www.smogon.com/forums/threads/3740067/">thread on Smogon.</a></div>
|badge|p2|silver|gen9ou|30-6
|uhtml|medal-msg|<div class="broadcast-blue">Curious what those medals under the avatar are? PS now has Ladder Seasons! For more information, check out the <a href="https://www.smogon.com/forums/threads/3740067/">thread on Smogon.</a></div>
|raw|<div class="broadcast-blue"><strong>This battle is required to be public due to a player having a name starting with 'medal'.</div>
|j|☆ShinyLucarioXD
|j|☆Wogerhater
|t:|1759065303
|gametype|singles
|player|p1|ShinyLucarioXD|riley|1967
|player|p2|Wogerhater|dawn-gen4pt|1989
|gen|9
|tier|[Gen 9] OU
|rated|
|rule|HP Percentage Mod: HP is shown in percentages
|rule|Endless Battle Clause: Forcing endless battles is banned
|rule|Species Clause: Limit one of each Pokémon
|rule|OHKO Clause: OHKO moves are banned
|rule|Evasion Items Clause: Evasion items are banned
|rule|Evasion Moves Clause: Evasion moves are banned
|rule|Evasion Abilities Clause: Evasion abilities are banned
|rule|Sleep Moves Clause: Sleep-inducing moves are banned
|clearpoke
|poke|p1|Raging Bolt|
|poke|p1|Samurott-Hisui, F|
|poke|p1|Dragonite, F|
|poke|p1|Gholdengo|
|poke|p1|Great Tusk|
|poke|p1|Enamorus, F|
|poke|p2|Weezing-Galar, M|
|poke|p2|Ting-Lu|
|poke|p2|Corviknight, M|
|poke|p2|Skeledirge, F|
|poke|p2|Dragapult, M|
|poke|p2|Ogerpon-Wellspring, F|
|teampreview
|inactive|Battle timer is ON: inactive players will automatically lose when time's up. (requested by Wogerhater)
|inactive|ShinyLucarioXD also wants the timer to be on.
|
|t:|1759065312
|teamsize|p1|6
|teamsize|p2|6
|start
|switch|p1a: Dragonite|Dragonite, F, shiny|100/100
|switch|p2a: Ogerpon|Ogerpon-Wellspring, F|100/100
|turn|1
|
|t:|1759065317
|move|p1a: Dragonite|Extreme Speed|p2a: Ogerpon
|-damage|p2a: Ogerpon|59/100
|move|p2a: Ogerpon|Knock Off|p1a: Dragonite
|-damage|p1a: Dragonite|85/100
|-enditem|p1a: Dragonite|Silk Scarf|[from] move: Knock Off|[of] p2a: Ogerpon
|
|upkeep
|turn|2
|
|t:|1759065322
|move|p1a: Dragonite|Extreme Speed|p2a: Ogerpon
|-damage|p2a: Ogerpon|27/100
|move|p2a: Ogerpon|Synthesis|p2a: Ogerpon
|-heal|p2a: Ogerpon|77/100
|
|upkeep
|turn|3
|
|t:|1759065326
|move|p2a: Ogerpon|Spikes|p1a: Dragonite
|-sidestart|p1: ShinyLucarioXD|Spikes
|move|p1a: Dragonite|Dragon Dance|p1a: Dragonite
|-boost|p1a: Dragonite|atk|1
|-boost|p1a: Dragonite|spe|1
|
|upkeep
|turn|4
|
|t:|1759065330
|switch|p2a: Corviknight|Corviknight, M|100/100
|-ability|p2a: Corviknight|Pressure
|move|p1a: Dragonite|Extreme Speed|p2a: Corviknight
|-resisted|p2a: Corviknight
|-damage|p2a: Corviknight|85/100
|-damage|p1a: Dragonite|69/100|[from] item: Rocky Helmet|[of] p2a: Corviknight
|
|upkeep
|turn|5
|j| Sirpeanutcronch
|
|t:|1759065334
|move|p1a: Dragonite|Roost|p1a: Dragonite
|-heal|p1a: Dragonite|100/100
|-singleturn|p1a: Dragonite|move: Roost
|move|p2a: Corviknight|Iron Defense|p2a: Corviknight
|-boost|p2a: Corviknight|def|2
|
|upkeep
|turn|6
|
|t:|1759065336
|switch|p1a: Gholdengo|Gholdengo|100/100
|-damage|p1a: Gholdengo|88/100|[from] Spikes
|move|p2a: Corviknight|U-turn|p1a: Gholdengo
|-resisted|p1a: Gholdengo
|-damage|p1a: Gholdengo|85/100
|
|t:|1759065339
|switch|p2a: Ogerpon|Ogerpon-Wellspring, F|77/100|[from] U-turn
|
|upkeep
|turn|7
|
|t:|1759065342
|switch|p1a: Dragonite|Dragonite, F, shiny|100/100
|move|p2a: Ogerpon|Knock Off|p1a: Dragonite
|-damage|p1a: Dragonite|89/100
|
|upkeep
|turn|8
|
|t:|1759065347
|switch|p2a: Ting-Lu|Ting-Lu, shiny|100/100
|-ability|p2a: Ting-Lu|Vessel of Ruin
|move|p1a: Dragonite|Dragon Dance|p1a: Dragonite
|-boost|p1a: Dragonite|atk|1
|-boost|p1a: Dragonite|spe|1
|
|upkeep
|turn|9
|
|t:|1759065349
|move|p1a: Dragonite|Ice Spinner|p2a: Ting-Lu
|-supereffective|p2a: Ting-Lu
|-damage|p2a: Ting-Lu|50/100
|move|p2a: Ting-Lu|Stealth Rock|p1a: Dragonite
|-sidestart|p1: ShinyLucarioXD|move: Stealth Rock
|
|-heal|p2a: Ting-Lu|56/100|[from] item: Leftovers
|upkeep
|turn|10
|
|t:|1759065351
|switch|p2a: Corviknight|Corviknight, M|85/100
|-ability|p2a: Corviknight|Pressure
|move|p1a: Dragonite|Ice Spinner|p2a: Corviknight
|-damage|p2a: Corviknight|52/100
|-damage|p1a: Dragonite|72/100|[from] item: Rocky Helmet|[of] p2a: Corviknight
|
|upkeep
|turn|11
|
|t:|1759065358
|move|p1a: Dragonite|Ice Spinner|p2a: Corviknight
|-damage|p2a: Corviknight|22/100
|-damage|p1a: Dragonite|55/100|[from] item: Rocky Helmet|[of] p2a: Corviknight
|move|p2a: Corviknight|Roost|p2a: Corviknight
|-heal|p2a: Corviknight|72/100
|-singleturn|p2a: Corviknight|move: Roost
|
|upkeep
|turn|12
|
|t:|1759065361
|move|p1a: Dragonite|Roost|p1a: Dragonite
|-heal|p1a: Dragonite|100/100
|-singleturn|p1a: Dragonite|move: Roost
|move|p2a: Corviknight|Roost|p2a: Corviknight
|-heal|p2a: Corviknight|100/100
|-singleturn|p2a: Corviknight|move: Roost
|
|upkeep
|turn|13
|
|t:|1759065363
|switch|p1a: Great Tusk|Great Tusk|100/100
|-damage|p1a: Great Tusk|88/100|[from] Spikes
|-damage|p1a: Great Tusk|85/100|[from] Stealth Rock
|move|p2a: Corviknight|Iron Defense|p2a: Corviknight
|-boost|p2a: Corviknight|def|2
|
|-heal|p1a: Great Tusk|91/100|[from] item: Leftovers
|upkeep
|turn|14
|
|t:|1759065368
|move|p2a: Corviknight|Body Press|p1a: Great Tusk
|-damage|p1a: Great Tusk|68/100
|move|p1a: Great Tusk|Knock Off|p2a: Corviknight
|-damage|p2a: Corviknight|91/100
|-damage|p1a: Great Tusk|52/100|[from] item: Rocky Helmet|[of] p2a: Corviknight
|-enditem|p2a: Corviknight|Rocky Helmet|[from] move: Knock Off|[of] p1a: Great Tusk
|
|-heal|p1a: Great Tusk|58/100|[from] item: Leftovers
|upkeep
|turn|15
|
|t:|1759065374
|move|p2a: Corviknight|U-turn|p1a: Great Tusk
|-resisted|p1a: Great Tusk
|-damage|p1a: Great Tusk|54/100
|
|t:|1759065376
|switch|p2a: Dragapult|Dragapult, M|100/100|[from] U-turn
|move|p1a: Great Tusk|Stealth Rock|p2a: Dragapult
|-sidestart|p2: Wogerhater|move: Stealth Rock
|
|-heal|p1a: Great Tusk|60/100|[from] item: Leftovers
|upkeep
|turn|16
|
|t:|1759065379
|-end|p1a: Great Tusk|Protosynthesis|[silent]
|switch|p1a: Samurott|Samurott-Hisui, F, shiny|100/100
|-damage|p1a: Samurott|88/100|[from] Spikes
|-damage|p1a: Samurott|76/100|[from] Stealth Rock
|move|p2a: Dragapult|Shadow Ball|p1a: Samurott
|-resisted|p1a: Samurott
|-damage|p1a: Samurott|61/100
|
|upkeep
|turn|17
|
|t:|1759065383
|switch|p2a: GAS.|Weezing-Galar, M|100/100
|-ability|p2a: GAS.|Neutralizing Gas
|move|p1a: Samurott|Ceaseless Edge|p2a: GAS.
|-resisted|p2a: GAS.
|-damage|p2a: GAS.|93/100
|-sidestart|p2: Wogerhater|Spikes
|
|upkeep
|turn|18
|
|t:|1759065385
|switch|p1a: Gholdengo|Gholdengo|85/100
|-damage|p1a: Gholdengo|72/100|[from] Spikes
|-damage|p1a: Gholdengo|66/100|[from] Stealth Rock
|move|p2a: GAS.|Will-O-Wisp|p1a: Gholdengo
|-status|p1a: Gholdengo|brn
|
|-damage|p1a: Gholdengo|60/100 brn|[from] brn
|upkeep
|turn|19
|
|t:|1759065390
|-end|p2a: GAS.|ability: Neutralizing Gas
|switch|p2a: Ogerpon|Ogerpon-Wellspring, F|77/100
|-damage|p2a: Ogerpon|65/100|[from] Stealth Rock
|-damage|p2a: Ogerpon|53/100|[from] Spikes
|move|p1a: Gholdengo|Trick||[still]
|-fail|p1a: Gholdengo
|
|-damage|p1a: Gholdengo|54/100 brn|[from] brn
|upkeep
|turn|20
|
|t:|1759065396
|switch|p1a: Dragonite|Dragonite, F, shiny|100/100
|-damage|p1a: Dragonite|76/100|[from] Stealth Rock
|move|p2a: Ogerpon|Ivy Cudgel|p1a: Dragonite|[anim] Ivy Cudgel Water
|-resisted|p1a: Dragonite
|-damage|p1a: Dragonite|52/100
|
|upkeep
|turn|21
|j| ilytrix
|
|t:|1759065409
|move|p2a: Ogerpon|Synthesis|p2a: Ogerpon
|-heal|p2a: Ogerpon|100/100
|move|p1a: Dragonite|Roost|p1a: Dragonite
|-heal|p1a: Dragonite|100/100
|-singleturn|p1a: Dragonite|move: Roost
|
|upkeep
|turn|22
|
|t:|1759065414
|switch|p2a: GAS.|Weezing-Galar, M|93/100
|-ability|p2a: GAS.|Neutralizing Gas
|move|p1a: Dragonite|Dragon Dance|p1a: Dragonite
|-boost|p1a: Dragonite|atk|1
|-boost|p1a: Dragonite|spe|1
|
|upkeep
|turn|23
|
|t:|1759065419
|-end|p2a: GAS.|ability: Neutralizing Gas
|switch|p2a: Ogerpon|Ogerpon-Wellspring, F|100/100
|-damage|p2a: Ogerpon|88/100|[from] Stealth Rock
|-damage|p2a: Ogerpon|76/100|[from] Spikes
|move|p1a: Dragonite|Extreme Speed|p2a: Ogerpon
|-damage|p2a: Ogerpon|26/100
|
|upkeep
|turn|24
|
|t:|1759065424
|switch|p2a: GAS.|Weezing-Galar, M|93/100
|-ability|p2a: GAS.|Neutralizing Gas
|move|p1a: Dragonite|Ice Spinner|p2a: GAS.
|-damage|p2a: GAS.|62/100
|
|upkeep
|turn|25
|
|t:|1759065429
|move|p1a: Dragonite|Extreme Speed|p2a: GAS.
|-damage|p2a: GAS.|30/100
|move|p2a: GAS.|Will-O-Wisp|p1a: Dragonite
|-status|p1a: Dragonite|brn
|
|-damage|p1a: Dragonite|95/100 brn|[from] brn
|upkeep
|turn|26
|
|t:|1759065432
|switch|p1a: Gholdengo|Gholdengo|54/100 brn
|-damage|p1a: Gholdengo|42/100 brn|[from] Spikes
|-damage|p1a: Gholdengo|36/100 brn|[from] Stealth Rock
|move|p2a: GAS.|Pain Split|p1a: Gholdengo
|-sethp|p1a: Gholdengo|34/100 brn|[from] move: Pain Split|[silent]
|-sethp|p2a: GAS.|32/100|[from] move: Pain Split
|
|-damage|p1a: Gholdengo|28/100 brn|[from] brn
|upkeep
|turn|27
|
|t:|1759065438
|move|p1a: Gholdengo|Shadow Ball|p2a: GAS.
|-damage|p2a: GAS.|0 fnt
|faint|p2a: GAS.
|-end|p2a: GAS.|ability: Neutralizing Gas
|
|-damage|p1a: Gholdengo|22/100 brn|[from] brn
|upkeep
|j| Nikator98
|
|t:|1759065442
|switch|p2a: Ting-Lu|Ting-Lu, shiny|56/100
|-damage|p2a: Ting-Lu|50/100|[from] Stealth Rock
|-damage|p2a: Ting-Lu|37/100|[from] Spikes
|-ability|p2a: Ting-Lu|Vessel of Ruin
|turn|28
|
|t:|1759065444
|switch|p1a: Great Tusk|Great Tusk|60/100
|-damage|p1a: Great Tusk|48/100|[from] Spikes
|-damage|p1a: Great Tusk|45/100|[from] Stealth Rock
|move|p2a: Ting-Lu|Rest|p2a: Ting-Lu
|-status|p2a: Ting-Lu|slp|[from] move: Rest
|-heal|p2a: Ting-Lu|100/100 slp|[silent]
|
|-heal|p1a: Great Tusk|51/100|[from] item: Leftovers
|upkeep
|turn|29
|l| Nikator98
|
|t:|1759065446
|switch|p2a: Dragapult|Dragapult, M|100/100
|-damage|p2a: Dragapult|88/100|[from] Stealth Rock
|-damage|p2a: Dragapult|76/100|[from] Spikes
|move|p1a: Great Tusk|Knock Off|p2a: Dragapult
|-supereffective|p2a: Dragapult
|-damage|p2a: Dragapult|0 fnt
|-enditem|p2a: Dragapult|Choice Specs|[from] move: Knock Off|[of] p1a: Great Tusk
|faint|p2a: Dragapult
|
|-heal|p1a: Great Tusk|57/100|[from] item: Leftovers
|upkeep
|
|t:|1759065449
|switch|p2a: Ogerpon|Ogerpon-Wellspring, F|26/100
|-damage|p2a: Ogerpon|13/100|[from] Stealth Rock
|-damage|p2a: Ogerpon|1/100|[from] Spikes
|turn|30
|
|t:|1759065454
|move|p2a: Ogerpon|Synthesis|p2a: Ogerpon
|-heal|p2a: Ogerpon|51/100
|move|p1a: Great Tusk|Rapid Spin|p2a: Ogerpon
|-damage|p2a: Ogerpon|35/100
|-boost|p1a: Great Tusk|spe|1
|-sideend|p1: ShinyLucarioXD|Spikes|[from] move: Rapid Spin|[of] p1a: Great Tusk
|-sideend|p1: ShinyLucarioXD|Stealth Rock|[from] move: Rapid Spin|[of] p1a: Great Tusk
|
|-heal|p1a: Great Tusk|63/100|[from] item: Leftovers
|upkeep
|turn|31
|
|t:|1759065457
|-end|p1a: Great Tusk|Protosynthesis|[silent]
|switch|p1a: Dragonite|Dragonite, F, shiny|95/100 brn
|move|p2a: Ogerpon|Synthesis|p2a: Ogerpon
|-heal|p2a: Ogerpon|85/100
|
|-damage|p1a: Dragonite|89/100 brn|[from] brn
|upkeep
|turn|32
|
|t:|1759065460
|move|p2a: Ogerpon|Spikes|p1a: Dragonite
|-sidestart|p1: ShinyLucarioXD|Spikes
|move|p1a: Dragonite|Dragon Dance|p1a: Dragonite
|-boost|p1a: Dragonite|atk|1
|-boost|p1a: Dragonite|spe|1
|
|-damage|p1a: Dragonite|83/100 brn|[from] brn
|upkeep
|turn|33
|
|t:|1759065462
|move|p2a: Ogerpon|Spikes|p1a: Dragonite
|-sidestart|p1: ShinyLucarioXD|Spikes
|move|p1a: Dragonite|Dragon Dance|p1a: Dragonite
|-boost|p1a: Dragonite|atk|1
|-boost|p1a: Dragonite|spe|1
|
|-damage|p1a: Dragonite|77/100 brn|[from] brn
|upkeep
|turn|34
|j| 0zorcNecropHades
|
|t:|1759065467
|move|p1a: Dragonite|Ice Spinner|p2a: Ogerpon
|-damage|p2a: Ogerpon|51/100
|move|p2a: Ogerpon|Spikes|p1a: Dragonite
|-sidestart|p1: ShinyLucarioXD|Spikes
|
|-damage|p1a: Dragonite|71/100 brn|[from] brn
|upkeep
|turn|35
|
|t:|1759065470
|move|p1a: Dragonite|Ice Spinner|p2a: Ogerpon
|-damage|p2a: Ogerpon|19/100
|move|p2a: Ogerpon|Synthesis|p2a: Ogerpon
|-heal|p2a: Ogerpon|69/100
|
|-damage|p1a: Dragonite|65/100 brn|[from] brn
|upkeep
|turn|36
|
|t:|1759065473
|move|p1a: Dragonite|Ice Spinner|p2a: Ogerpon
|-damage|p2a: Ogerpon|33/100
|move|p2a: Ogerpon|Synthesis|p2a: Ogerpon
|-heal|p2a: Ogerpon|83/100
|
|-damage|p1a: Dragonite|59/100 brn|[from] brn
|upkeep
|turn|37
|
|t:|1759065476
|switch|p2a: Corviknight|Corviknight, M|91/100
|-damage|p2a: Corviknight|79/100|[from] Stealth Rock
|-ability|p2a: Corviknight|Pressure
|move|p1a: Dragonite|Ice Spinner|p2a: Corviknight
|-damage|p2a: Corviknight|59/100
|
|-damage|p1a: Dragonite|53/100 brn|[from] brn
|upkeep
|turn|38
|
|t:|1759065481
|move|p1a: Dragonite|Roost|p1a: Dragonite
|-heal|p1a: Dragonite|100/100 brn
|-singleturn|p1a: Dragonite|move: Roost
|move|p2a: Corviknight|Roost|p2a: Corviknight
|-heal|p2a: Corviknight|100/100
|-singleturn|p2a: Corviknight|move: Roost
|
|-damage|p1a: Dragonite|95/100 brn|[from] brn
|upkeep
|turn|39
|
|t:|1759065485
|move|p1a: Dragonite|Ice Spinner|p2a: Corviknight
|-damage|p2a: Corviknight|80/100
|move|p2a: Corviknight|U-turn|p1a: Dragonite
|-resisted|p1a: Dragonite
|-damage|p1a: Dragonite|88/100 brn
|
|t:|1759065489
|switch|p2a: Skeledirge|Skeledirge, F|100/100|[from] U-turn
|
|-damage|p1a: Dragonite|82/100 brn|[from] brn
|upkeep
|turn|40
|
|t:|1759065497
|switch|p1a: Gholdengo|Gholdengo|22/100 brn
|-damage|p1a: Gholdengo|0 fnt|[from] Spikes
|faint|p1a: Gholdengo
|move|p2a: Skeledirge|Torch Song|p1: Gholdengo|[notarget]
|-fail|p2a: Skeledirge
|
|upkeep
|
|t:|1759065499
|switch|p1a: Samurott|Samurott-Hisui, F, shiny|61/100
|-damage|p1a: Samurott|36/100|[from] Spikes
|turn|41
|
|t:|1759065506
|switch|p2a: Ogerpon|Ogerpon-Wellspring, F|83/100
|-damage|p2a: Ogerpon|71/100|[from] Stealth Rock
|-damage|p2a: Ogerpon|58/100|[from] Spikes
|move|p1a: Samurott|Ceaseless Edge|p2a: Ogerpon
|-damage|p2a: Ogerpon|22/100
|-sidestart|p2: Wogerhater|Spikes
|
|upkeep
|turn|42
|
|t:|1759065510
|move|p2a: Ogerpon|Ivy Cudgel|p1a: Samurott|[anim] Ivy Cudgel Water
|-resisted|p1a: Samurott
|-damage|p1a: Samurott|8/100
|move|p1a: Samurott|Ceaseless Edge|p2a: Ogerpon
|-damage|p2a: Ogerpon|0 fnt
|-sidestart|p2: Wogerhater|Spikes
|faint|p2a: Ogerpon
|
|upkeep
|
|t:|1759065512
|switch|p2a: Corviknight|Corviknight, M|80/100
|-damage|p2a: Corviknight|68/100|[from] Stealth Rock
|-ability|p2a: Corviknight|Pressure
|turn|43
|
|t:|1759065515
|move|p2a: Corviknight|Roost|p2a: Corviknight
|-heal|p2a: Corviknight|100/100
|-singleturn|p2a: Corviknight|move: Roost
|move|p1a: Samurott|Razor Shell|p2a: Corviknight
|-damage|p2a: Corviknight|71/100
|-unboost|p2a: Corviknight|def|1
|
|upkeep
|turn|44
|
|t:|1759065522
|move|p2a: Corviknight|U-turn|p1a: Samurott
|-supereffective|p1a: Samurott
|-damage|p1a: Samurott|0 fnt
|faint|p1a: Samurott
|
|t:|1759065524
|switch|p2a: Ting-Lu|Ting-Lu, shiny|100/100 slp|[from] U-turn
|-damage|p2a: Ting-Lu|94/100 slp|[from] Stealth Rock
|-damage|p2a: Ting-Lu|69/100 slp|[from] Spikes
|-ability|p2a: Ting-Lu|Vessel of Ruin
|
|-heal|p2a: Ting-Lu|76/100 slp|[from] item: Leftovers
|upkeep
|
|t:|1759065530
|switch|p1a: Enamorus|Enamorus, F|100/100
|turn|45
|
|t:|1759065533
|-terastallize|p2a: Ting-Lu|Fairy
|move|p1a: Enamorus|Moonblast|p2a: Ting-Lu
|-damage|p2a: Ting-Lu|53/100 slp
|-unboost|p2a: Ting-Lu|spa|1
|cant|p2a: Ting-Lu|slp
|
|-heal|p2a: Ting-Lu|59/100 slp|[from] item: Leftovers
|upkeep
|turn|46
|
|t:|1759065540
|move|p1a: Enamorus|Moonblast|p2a: Ting-Lu
|-damage|p2a: Ting-Lu|39/100 slp
|cant|p2a: Ting-Lu|slp
|
|-heal|p2a: Ting-Lu|46/100 slp|[from] item: Leftovers
|upkeep
|turn|47
|
|t:|1759065547
|move|p1a: Enamorus|Calm Mind|p1a: Enamorus
|-boost|p1a: Enamorus|spa|1
|-boost|p1a: Enamorus|spd|1
|-curestatus|p2a: Ting-Lu|slp|[msg]
|move|p2a: Ting-Lu|Heavy Slam|p1a: Enamorus
|-supereffective|p1a: Enamorus
|-damage|p1a: Enamorus|0 fnt
|faint|p1a: Enamorus
|
|-heal|p2a: Ting-Lu|52/100|[from] item: Leftovers
|upkeep
|
|t:|1759065552
|switch|p1a: Great Tusk|Great Tusk|63/100
|-damage|p1a: Great Tusk|38/100|[from] Spikes
|turn|48
|
|t:|1759065554
|move|p1a: Great Tusk|Knock Off|p2a: Ting-Lu
|-resisted|p2a: Ting-Lu
|-damage|p2a: Ting-Lu|44/100
|-enditem|p2a: Ting-Lu|Leftovers|[from] move: Knock Off|[of] p1a: Great Tusk
|move|p2a: Ting-Lu|Rest|p2a: Ting-Lu
|-status|p2a: Ting-Lu|slp|[from] move: Rest
|-heal|p2a: Ting-Lu|100/100 slp|[silent]
|
|-heal|p1a: Great Tusk|44/100|[from] item: Leftovers
|upkeep
|turn|49
|
|t:|1759065556
|move|p1a: Great Tusk|Knock Off|p2a: Ting-Lu
|-resisted|p2a: Ting-Lu
|-damage|p2a: Ting-Lu|95/100 slp
|cant|p2a: Ting-Lu|slp
|
|-heal|p1a: Great Tusk|50/100|[from] item: Leftovers
|upkeep
|turn|50
|
|t:|1759065558
|move|p1a: Great Tusk|Rapid Spin|p2a: Ting-Lu
|-damage|p2a: Ting-Lu|88/100 slp
|-boost|p1a: Great Tusk|spe|1
|-sideend|p1: ShinyLucarioXD|Spikes|[from] move: Rapid Spin|[of] p1a: Great Tusk
|cant|p2a: Ting-Lu|slp
|
|-heal|p1a: Great Tusk|56/100|[from] item: Leftovers
|upkeep
|turn|51
|j| tiochicodobos
|
|t:|1759065560
|move|p1a: Great Tusk|Body Press|p2a: Ting-Lu
|-resisted|p2a: Ting-Lu
|-damage|p2a: Ting-Lu|75/100 slp
|-curestatus|p2a: Ting-Lu|slp|[msg]
|move|p2a: Ting-Lu|Earthquake|p1a: Great Tusk
|-damage|p1a: Great Tusk|38/100
|
|-heal|p1a: Great Tusk|44/100|[from] item: Leftovers
|upkeep
|turn|52
|
|t:|1759065565
|move|p1a: Great Tusk|Body Press|p2a: Ting-Lu
|-resisted|p2a: Ting-Lu
|-damage|p2a: Ting-Lu|61/100
|move|p2a: Ting-Lu|Earthquake|p1a: Great Tusk
|-damage|p1a: Great Tusk|27/100
|
|-heal|p1a: Great Tusk|33/100|[from] item: Leftovers
|upkeep
|turn|53
|
|t:|1759065567
|move|p1a: Great Tusk|Body Press|p2a: Ting-Lu
|-resisted|p2a: Ting-Lu
|-crit|p2a: Ting-Lu
|-damage|p2a: Ting-Lu|44/100
|move|p2a: Ting-Lu|Earthquake|p1a: Great Tusk
|-damage|p1a: Great Tusk|14/100
|
|-heal|p1a: Great Tusk|20/100|[from] item: Leftovers
|upkeep
|turn|54
|
|t:|1759065570
|move|p1a: Great Tusk|Body Press|p2a: Ting-Lu
|-resisted|p2a: Ting-Lu
|-damage|p2a: Ting-Lu|31/100
|move|p2a: Ting-Lu|Earthquake|p1a: Great Tusk
|-damage|p1a: Great Tusk|1/100
|
|-heal|p1a: Great Tusk|7/100|[from] item: Leftovers
|upkeep
|turn|55
|
|t:|1759065585
|-end|p1a: Great Tusk|Protosynthesis|[silent]
|switch|p1a: Raging Bolt|Raging Bolt|100/100
|-enditem|p1a: Raging Bolt|Booster Energy
|-activate|p1a: Raging Bolt|ability: Protosynthesis|[fromitem]
|-start|p1a: Raging Bolt|protosynthesisspa
|move|p2a: Ting-Lu|Rest|p2a: Ting-Lu
|-status|p2a: Ting-Lu|slp|[from] move: Rest
|-heal|p2a: Ting-Lu|100/100 slp|[silent]
|
|upkeep
|turn|56
|
|t:|1759065592
|move|p1a: Raging Bolt|Thunderbolt|p2a: Ting-Lu
|-damage|p2a: Ting-Lu|72/100 slp
|cant|p2a: Ting-Lu|slp
|
|upkeep
|turn|57
|
|t:|1759065596
|move|p1a: Raging Bolt|Thunderbolt|p2a: Ting-Lu
|-damage|p2a: Ting-Lu|41/100 slp
|cant|p2a: Ting-Lu|slp
|
|upkeep
|turn|58
|
|t:|1759065601
|-terastallize|p1a: Raging Bolt|Fairy
|move|p1a: Raging Bolt|Thunderbolt|p2a: Ting-Lu
|-damage|p2a: Ting-Lu|12/100 slp
|-curestatus|p2a: Ting-Lu|slp|[msg]
|move|p2a: Ting-Lu|Earthquake|p1a: Raging Bolt
|-damage|p1a: Raging Bolt|69/100
|
|upkeep
|turn|59
|
|t:|1759065608
|move|p1a: Raging Bolt|Thunderbolt|p2a: Ting-Lu
|-damage|p2a: Ting-Lu|0 fnt
|faint|p2a: Ting-Lu
|
|upkeep
|
|t:|1759065610
|switch|p2a: Skeledirge|Skeledirge, F|100/100
|turn|60
|
|t:|1759065612
|move|p1a: Raging Bolt|Thunderbolt|p2a: Skeledirge
|-damage|p2a: Skeledirge|50/100
|move|p2a: Skeledirge|Torch Song|p1a: Raging Bolt
|-damage|p1a: Raging Bolt|42/100
|-boost|p2a: Skeledirge|spa|1
|
|upkeep
|turn|61
|
|t:|1759065616
|move|p1a: Raging Bolt|Thunderbolt|p2a: Skeledirge
|-damage|p2a: Skeledirge|0 fnt
|faint|p2a: Skeledirge
|
|upkeep
|-message|Wogerhater forfeited.
|
|win|ShinyLucarioXD
|raw|ShinyLucarioXD's rating: 1967 &rarr; <strong>1988</strong><br />(+21 for winning)
|raw|Wogerhater's rating: 1989 &rarr; <strong>1968</strong><br />(-21 for losing)
|l|☆Wogerhater
|player|p2|
|l| Sirpeanutcronch
|l| ilytrix
|l| tiochicodobos
|l|☆ShinyLucarioXD
|player|p1|
|j|☆ShinyLucarioXD
|player|p1|ShinyLucarioXD|riley|
|l|☆ShinyLucarioXD
|player|p1|
