|badge|p2|silver|gen9ou|30-6
|html|<div class="broadcast-red"><strong>This battle is required to be public due to one or more player having a season medal.</strong><br />During the public phase, you can discuss the state of the ladder <a href="/seasondiscussion">in a special chatroom.</a></div>
|uhtml|medal-msg|<div class="broadcast-blue">Curious what those medals under the avatar are? PS now has Ladder Seasons! For more information, check out the <a href="https://www.smogon.com/forums/threads/3740067/">thread on Smogon.</a></div>
|raw|<div class="broadcast-blue"><strong>This battle is required to be public due to a player having a name starting with 'medal'.</div>
|j|☆lt124yh 925
|j|☆send it to me
|t:|1759050299
|gametype|singles
|player|p1|lt124yh 925|pokemonbreederf-gen4|1722
|player|p2|send it to me|pokemonrangerf-gen4|1979
|gen|9
|tier|[Gen 9] OU
|rated|
|rule|HP Percentage Mod: HP is shown in percentages
|rule|Endless Battle Clause: Forcing endless battles is banned
|rule|Species Clause: Limit one of each Pokémon
|rule|OHKO Clause: OHKO moves are banned
|rule|Evasion Items Clause: Evasion items are banned
|rule|Evasion Moves Clause: Evasion moves are banned
|rule|Evasion Abilities Clause: Evasion abilities are banned
|rule|Sleep Moves Clause: Sleep-inducing moves are banned
|clearpoke
|poke|p1|Indeedee, M|
|poke|p1|Hatterene, F|
|poke|p1|Ursaluna, F|
|poke|p1|Iron Hands|
|poke|p1|Hoopa-Unbound|
|poke|p1|Mimikyu, F|
|poke|p2|Heatran, M|
|poke|p2|Zamazenta-*|
|poke|p2|Primarina, M|
|poke|p2|Great Tusk|
|poke|p2|Dragonite, M|
|poke|p2|Kingambit, F|
|teampreview
|inactive|Battle timer is ON: inactive players will automatically lose when time's up. (requested by lt124yh 925)
|c|☆lt124yh 925|hf
|j| catarina valentine
|c|☆send it to me|Hf
|j| Sirpeanutcronch
|j| locked in bro
|
|t:|1759050326
|teamsize|p1|6
|teamsize|p2|6
|start
|switch|p1a: Iron Hands|Iron Hands, shiny|100/100
|switch|p2a: Zamazenta|Zamazenta|100/100
|-ability|p2a: Zamazenta|Dauntless Shield|boost
|-boost|p2a: Zamazenta|def|1
|-enditem|p1a: Iron Hands|Booster Energy
|-activate|p1a: Iron Hands|ability: Quark Drive|[fromitem]
|-start|p1a: Iron Hands|quarkdriveatk
|turn|1
|
|t:|1759050347
|move|p2a: Zamazenta|Close Combat|p1a: Iron Hands
|-damage|p1a: Iron Hands|58/100
|-unboost|p2a: Zamazenta|def|1
|-unboost|p2a: Zamazenta|spd|1
|-enditem|p2a: Zamazenta|Eject Pack
|
|t:|1759050350
|switch|p2a: Great Tusk|Great Tusk|100/100
|move|p1a: Iron Hands|Close Combat|p2a: Great Tusk
|-damage|p2a: Great Tusk|31/100
|-unboost|p1a: Iron Hands|def|1
|-unboost|p1a: Iron Hands|spd|1
|
|upkeep
|turn|2
|
|t:|1759050368
|-end|p1a: Iron Hands|Quark Drive|[silent]
|switch|p1a: Mimikyu|Mimikyu, F, shiny|100/100
|move|p2a: Great Tusk|Headlong Rush|p1a: Mimikyu
|-activate|p1a: Mimikyu|ability: Disguise
|-damage|p1a: Mimikyu|100/100
|-unboost|p2a: Great Tusk|def|1
|-unboost|p2a: Great Tusk|spd|1
|detailschange|p1a: Mimikyu|Mimikyu-Busted, F, shiny
|-damage|p1a: Mimikyu|88/100|[from] pokemon: Mimikyu-Busted
|-enditem|p1a: Mimikyu|Red Card|[of] p2a: Great Tusk
|-end|p2a: Great Tusk|Protosynthesis|[silent]
|drag|p2a: Heatran|Heatran, M|100/100
|
|upkeep
|turn|3
|
|t:|1759050372
|move|p2a: Heatran|Flash Cannon|p1a: Mimikyu
|-supereffective|p1a: Mimikyu
|-damage|p1a: Mimikyu|0 fnt
|faint|p1a: Mimikyu
|
|upkeep
|l| Sirpeanutcronch
|
|t:|1759050377
|switch|p1a: Ursaluna|Ursaluna, F|100/100
|turn|4
|
|t:|1759050382
|move|p2a: Heatran|Stealth Rock|p1a: Ursaluna
|-sidestart|p1: lt124yh 925|move: Stealth Rock
|move|p1a: Ursaluna|Headlong Rush|p2a: Heatran
|-supereffective|p2a: Heatran
|-damage|p2a: Heatran|0 fnt
|-unboost|p1a: Ursaluna|def|1
|-unboost|p1a: Ursaluna|spd|1
|faint|p2a: Heatran
|
|-status|p1a: Ursaluna|brn|[from] item: Flame Orb
|upkeep
|
|t:|1759050388
|switch|p2a: Great Tusk|Great Tusk|31/100
|turn|5
|
|t:|1759050397
|switch|p1a: Indeedee|Indeedee, M|100/100
|-damage|p1a: Indeedee|88/100|[from] Stealth Rock
|-fieldstart|move: Psychic Terrain|[from] ability: Psychic Surge|[of] p1a: Indeedee
|move|p2a: Great Tusk|Close Combat|p1a: Indeedee
|-damage|p1a: Indeedee|5/100
|-unboost|p2a: Great Tusk|def|1
|-unboost|p2a: Great Tusk|spd|1
|
|upkeep
|turn|6
|
|t:|1759050414
|move|p2a: Great Tusk|Ice Spinner|p1a: Indeedee
|-damage|p1a: Indeedee|0 fnt
|-fieldend|move: Psychic Terrain
|faint|p1a: Indeedee
|
|upkeep
|
|t:|1759050420
|switch|p1a: Hatterene|Hatterene, F, shiny|100/100
|-damage|p1a: Hatterene|88/100|[from] Stealth Rock
|turn|7
|j| heatraniac
|
|t:|1759050425
|move|p2a: Great Tusk|Headlong Rush|p1a: Hatterene
|-damage|p1a: Hatterene|15/100
|-unboost|p2a: Great Tusk|def|1
|-unboost|p2a: Great Tusk|spd|1
|move|p1a: Hatterene|Trick Room|p1a: Hatterene
|-fieldstart|move: Trick Room|[of] p1a: Hatterene
|
|upkeep
|turn|8
|
|t:|1759050441
|-end|p2a: Great Tusk|Protosynthesis|[silent]
|switch|p2a: Dragonite|Dragonite, M|100/100
|move|p1a: Hatterene|Draining Kiss|p2a: Dragonite
|-supereffective|p2a: Dragonite
|-damage|p2a: Dragonite|59/100
|-heal|p1a: Hatterene|47/100|[from] drain|[of] p2a: Dragonite
|-damage|p1a: Hatterene|37/100|[from] item: Life Orb
|
|-heal|p2a: Dragonite|65/100|[from] item: Leftovers
|upkeep
|turn|9
|
|t:|1759050447
|move|p2a: Dragonite|Extreme Speed|p1a: Hatterene
|-damage|p1a: Hatterene|7/100
|move|p1a: Hatterene|Expanding Force|p2a: Dragonite
|-damage|p2a: Dragonite|0 fnt
|faint|p2a: Dragonite
|-damage|p1a: Hatterene|0 fnt|[from] item: Life Orb
|faint|p1a: Hatterene
|
|upkeep
|
|t:|1759050460
|switch|p1a: Ursaluna|Ursaluna, F|100/100 brn
|switch|p2a: Zamazenta|Zamazenta|100/100
|-damage|p1a: Ursaluna|94/100 brn|[from] Stealth Rock
|turn|10
|
|t:|1759050467
|move|p1a: Ursaluna|Facade|p2a: Zamazenta
|-damage|p2a: Zamazenta|0 fnt
|faint|p2a: Zamazenta
|
|-damage|p1a: Ursaluna|88/100 brn|[from] brn
|upkeep
|inactive|send it to me has 120 seconds left.
|
|t:|1759050499
|switch|p2a: Kingambit|Kingambit, F|100/100
|-activate|p2a: Kingambit|ability: Supreme Overlord
|-start|p2a: Kingambit|fallen3|[silent]
|turn|11
|inactive|lt124yh 925 has 120 seconds left.
|l| locked in bro
|inactive|lt124yh 925 has 90 seconds left.
|j| amimec
|
|t:|1759050583
|move|p1a: Ursaluna|Headlong Rush|p2a: Kingambit
|-supereffective|p2a: Kingambit
|-enditem|p2a: Kingambit|Shuca Berry|[eat]
|-enditem|p2a: Kingambit|Shuca Berry|[weaken]
|-damage|p2a: Kingambit|12/100
|-unboost|p1a: Ursaluna|def|1
|-unboost|p1a: Ursaluna|spd|1
|move|p2a: Kingambit|Swords Dance|p2a: Kingambit
|-boost|p2a: Kingambit|atk|2
|
|-damage|p1a: Ursaluna|82/100 brn|[from] brn
|-fieldend|move: Trick Room
|upkeep
|turn|12
|inactive|lt124yh 925 has 60 seconds left.
|l|☆send it to me
|inactive|send it to me disconnected and has a minute to reconnect!
|player|p2|
|
|t:|1759050616
|move|p2a: Kingambit|Kowtow Cleave|p1a: Ursaluna
|-damage|p1a: Ursaluna|0 fnt
|faint|p1a: Ursaluna
|
|upkeep
|
|t:|1759050621
|switch|p1a: Hoopa|Hoopa-Unbound|100/100
|-damage|p1a: Hoopa|88/100|[from] Stealth Rock
|turn|13
|l| amimec
|j|☆send it to me
|inactive|send it to me reconnected and has 140 seconds left.
|player|p2|send it to me|pokemonrangerf-gen4|
|
|t:|1759050642
|move|p2a: Kingambit|Kowtow Cleave|p1a: Hoopa
|-damage|p1a: Hoopa|0 fnt
|faint|p1a: Hoopa
|
|upkeep
|j| LT121GU 300
|c|☆lt124yh 925|gg
|l| LT121GU 300
|-message|lt124yh 925 forfeited.
|
|win|send it to me
|raw|lt124yh 925's rating: 1722 &rarr; <strong>1715</strong><br />(-7 for losing)
|raw|send it to me's rating: 1979 &rarr; <strong>1986</strong><br />(+7 for winning)
|c|☆send it to me|gg
|l|☆lt124yh 925
|player|p1|
|l|☆send it to me
|player|p2|
|l| heatraniac
|l| catarina valentine
|j| locked in bro
