|badge|p2|bronze|gen9randombattle|100-6
|uhtml|medal-msg|<div class="broadcast-blue">Curious what those medals under the avatar are? PS now has Ladder Seasons! For more information, check out the <a href="https://www.smogon.com/forums/threads/3740067/">thread on Smogon.</a></div>
|j|☆icebeamprodigy
|j|☆Playing Foul
|t:|1759077855
|gametype|singles
|player|p1|icebeamprodigy|102|1618
|player|p2|Playing Foul|ethan-gen2|1714
|gen|9
|tier|[Gen 9] OU
|rated|
|rule|HP Percentage Mod: HP is shown in percentages
|rule|Endless Battle Clause: Forcing endless battles is banned
|rule|Species Clause: Limit one of each Pokémon
|rule|OHKO Clause: OHKO moves are banned
|rule|Evasion Items Clause: Evasion items are banned
|rule|Evasion Moves Clause: Evasion moves are banned
|rule|Evasion Abilities Clause: Evasion abilities are banned
|rule|Sleep Moves Clause: Sleep-inducing moves are banned
|clearpoke
|poke|p1|Pelipper, M|
|poke|p1|Barraskewda, M|
|poke|p1|Zapdos|
|poke|p1|Iron Treads|
|poke|p1|Ogerpon-Wellspring, F|
|poke|p1|Keldeo-Resolute|
|poke|p2|Hoopa-Unbound|
|poke|p2|Serperior, M|
|poke|p2|Clefable, F|
|poke|p2|Samurott-Hisui, M|
|poke|p2|Gholdengo|
|poke|p2|Mandibuzz, F|
|teampreview
|inactive|Battle timer is ON: inactive players will automatically lose when time's up. (requested by Playing Foul)
|
|t:|1759077867
|teamsize|p1|6
|teamsize|p2|6
|start
|switch|p1a: Pelipper|Pelipper, M|100/100
|switch|p2a: Serperior|Serperior, M|100/100
|-weather|RainDance|[from] ability: Drizzle|[of] p1a: Pelipper
|turn|1
|
|t:|1759077877
|move|p2a: Serperior|Glare|p1a: Pelipper
|-status|p1a: Pelipper|par
|move|p1a: Pelipper|U-turn|p2a: Serperior
|-supereffective|p2a: Serperior
|-crit|p2a: Serperior
|-damage|p2a: Serperior|65/100
|
|t:|1759077884
|switch|p1a: Zapdos|Zapdos|100/100|[from] U-turn
|
|-weather|RainDance|[upkeep]
|-heal|p2a: Serperior|72/100|[from] item: Leftovers
|upkeep
|turn|2
|
|t:|1759077892
|switch|p2a: Hoopa|Hoopa-Unbound|100/100
|move|p1a: Zapdos|Volt Switch|p2a: Hoopa
|-damage|p2a: Hoopa|57/100
|
|t:|1759077896
|switch|p1a: Barraskewda|Barraskewda, M|100/100|[from] Volt Switch
|
|-weather|RainDance|[upkeep]
|upkeep
|turn|3
|
|t:|1759077903
|switch|p2a: Serperior|Serperior, M|72/100
|move|p1a: Barraskewda|Flip Turn|p2a: Serperior
|-resisted|p2a: Serperior
|-damage|p2a: Serperior|42/100
|
|t:|1759077906
|switch|p1a: Zapdos|Zapdos|100/100|[from] Flip Turn
|
|-weather|RainDance|[upkeep]
|-heal|p2a: Serperior|48/100|[from] item: Leftovers
|upkeep
|turn|4
|
|t:|1759077914
|move|p2a: Serperior|Substitute|p2a: Serperior
|-start|p2a: Serperior|Substitute
|-damage|p2a: Serperior|23/100
|move|p1a: Zapdos|Hurricane|p2a: Serperior
|-supereffective|p2a: Serperior
|-end|p2a: Serperior|Substitute
|
|-weather|RainDance|[upkeep]
|-heal|p2a: Serperior|29/100|[from] item: Leftovers
|upkeep
|turn|5
|
|t:|1759077921
|switch|p2a: Clefable|Clefable, F|100/100
|move|p1a: Zapdos|Hurricane|p2a: Clefable
|-damage|p2a: Clefable|24/100
|-start|p2a: Clefable|confusion
|
|-weather|RainDance|[upkeep]
|-heal|p2a: Clefable|30/100|[from] item: Leftovers
|upkeep
|turn|6
|
|t:|1759077929
|move|p1a: Zapdos|Hurricane|p2a: Clefable
|-damage|p2a: Clefable|0 fnt
|faint|p2a: Clefable
|
|-weather|RainDance|[upkeep]
|upkeep
|
|t:|1759077936
|switch|p2a: Samurott|Samurott-Hisui, M|100/100
|turn|7
|
|t:|1759077944
|switch|p1a: Ogerpon|Ogerpon-Wellspring, F|100/100
|move|p2a: Samurott|Aqua Cutter|p1a: Ogerpon
|-immune|p1a: Ogerpon|[from] ability: Water Absorb
|
|-weather|RainDance|[upkeep]
|upkeep
|turn|8
|
|t:|1759077951
|-terastallize|p2a: Samurott|Poison
|move|p1a: Ogerpon|Power Whip|p2a: Samurott
|-resisted|p2a: Samurott
|-damage|p2a: Samurott|64/100
|move|p2a: Samurott|Ceaseless Edge|p1a: Ogerpon
|-damage|p1a: Ogerpon|41/100
|-sidestart|p1: icebeamprodigy|Spikes
|
|-weather|none
|upkeep
|turn|9
|
|t:|1759077963
|move|p1a: Ogerpon|Ivy Cudgel|p2a: Samurott|[anim] Ivy Cudgel Water
|-damage|p2a: Samurott|4/100
|move|p2a: Samurott|Ceaseless Edge|p1a: Ogerpon
|-damage|p1a: Ogerpon|0 fnt
|-sidestart|p1: icebeamprodigy|Spikes
|faint|p1a: Ogerpon
|
|upkeep
|
|t:|1759077977
|switch|p1a: Zapdos|Zapdos|100/100
|turn|10
|
|t:|1759077985
|move|p2a: Samurott|Aqua Jet|p1a: Zapdos
|-damage|p1a: Zapdos|75/100
|move|p1a: Zapdos|Volt Switch|p2a: Samurott
|-damage|p2a: Samurott|0 fnt
|faint|p2a: Samurott
|
|t:|1759077989
|switch|p1a: Pelipper|Pelipper, M|100/100 par|[from] Volt Switch
|-weather|RainDance|[from] ability: Drizzle|[of] p1a: Pelipper
|
|-weather|RainDance|[upkeep]
|upkeep
|
|t:|1759077996
|switch|p2a: Serperior|Serperior, M|29/100
|turn|11
|
|t:|1759078004
|move|p2a: Serperior|Leaf Storm|p1a: Pelipper
|-damage|p1a: Pelipper|35/100 par
|-boost|p2a: Serperior|spa|2
|move|p1a: Pelipper|U-turn|p2a: Serperior
|-supereffective|p2a: Serperior
|-damage|p2a: Serperior|6/100
|
|t:|1759078013
|switch|p1a: Barraskewda|Barraskewda, M|100/100|[from] U-turn
|-damage|p1a: Barraskewda|84/100|[from] Spikes
|
|-weather|RainDance|[upkeep]
|-heal|p2a: Serperior|12/100|[from] item: Leftovers
|upkeep
|turn|12
|
|t:|1759078020
|move|p1a: Barraskewda|Liquidation|p2a: Serperior
|-resisted|p2a: Serperior
|-damage|p2a: Serperior|0 fnt
|faint|p2a: Serperior
|
|-weather|RainDance|[upkeep]
|upkeep
|
|t:|1759078028
|switch|p2a: Gholdengo|Gholdengo|100/100
|-item|p2a: Gholdengo|Air Balloon
|turn|13
|
|t:|1759078035
|move|p1a: Barraskewda|Liquidation|p2a: Gholdengo
|-damage|p2a: Gholdengo|50/100
|-unboost|p2a: Gholdengo|def|1
|-enditem|p2a: Gholdengo|Air Balloon
|move|p2a: Gholdengo|Thunder Wave|p1a: Barraskewda
|-status|p1a: Barraskewda|par
|
|-weather|RainDance|[upkeep]
|upkeep
|turn|14
|
|t:|1759078043
|switch|p2a: Mandibuzz|Mandibuzz, F|100/100
|move|p1a: Barraskewda|Liquidation|p2a: Mandibuzz
|-damage|p2a: Mandibuzz|61/100
|-unboost|p2a: Mandibuzz|def|1
|
|-weather|RainDance|[upkeep]
|upkeep
|turn|15
|
|t:|1759078051
|cant|p1a: Barraskewda|par
|move|p2a: Mandibuzz|Roost|p2a: Mandibuzz
|-heal|p2a: Mandibuzz|100/100
|-singleturn|p2a: Mandibuzz|move: Roost
|
|-weather|RainDance|[upkeep]
|upkeep
|turn|16
|
|t:|1759078058
|switch|p2a: Hoopa|Hoopa-Unbound|57/100
|cant|p1a: Barraskewda|par
|
|-weather|RainDance|[upkeep]
|upkeep
|turn|17
|
|t:|1759078065
|switch|p2a: Gholdengo|Gholdengo|50/100
|move|p1a: Barraskewda|Liquidation|p2a: Gholdengo
|-damage|p2a: Gholdengo|0 fnt
|faint|p2a: Gholdengo
|
|-weather|none
|upkeep
|
|t:|1759078073
|switch|p2a: Mandibuzz|Mandibuzz, F|100/100
|turn|18
|
|t:|1759078080
|switch|p2a: Hoopa|Hoopa-Unbound|57/100
|switch|p1a: Pelipper|Pelipper, M|35/100 par
|-weather|RainDance|[from] ability: Drizzle|[of] p1a: Pelipper
|
|-weather|RainDance|[upkeep]
|upkeep
|turn|19
|
|t:|1759078087
|switch|p2a: Mandibuzz|Mandibuzz, F|100/100
|move|p1a: Pelipper|U-turn|p2a: Mandibuzz
|-damage|p2a: Mandibuzz|95/100
|
|t:|1759078090
|switch|p1a: Zapdos|Zapdos|75/100|[from] U-turn
|
|-weather|RainDance|[upkeep]
|upkeep
|turn|20
|
|t:|1759078097
|move|p1a: Zapdos|Thunder|p2a: Mandibuzz
|-supereffective|p2a: Mandibuzz
|-damage|p2a: Mandibuzz|0 fnt
|faint|p2a: Mandibuzz
|
|-weather|RainDance|[upkeep]
|upkeep
|
|t:|1759078099
|switch|p2a: Hoopa|Hoopa-Unbound|57/100
|turn|21
|
|t:|1759078103
|move|p1a: Zapdos|Thunder|p2a: Hoopa
|-damage|p2a: Hoopa|0 fnt
|faint|p2a: Hoopa
|
|win|icebeamprodigy
|raw|icebeamprodigy's rating: 1618 &rarr; <strong>1643</strong><br />(+25 for winning)
|raw|Playing Foul's rating: 1714 &rarr; <strong>1689</strong><br />(-25 for losing)
|l|☆Playing Foul
|player|p2|
|l|☆icebeamprodigy
|player|p1|
