|j|☆well by rod
|j|☆a jellyfish
|t:|1758929050
|gametype|singles
|player|p1|well by rod|170|1720
|player|p2|a jellyfish|bianca|1698
|gen|9
|tier|[Gen 9] OU
|rated|
|rule|HP Percentage Mod: HP is shown in percentages
|rule|Endless Battle Clause: Forcing endless battles is banned
|rule|Species Clause: Limit one of each Pokémon
|rule|OHKO Clause: OHKO moves are banned
|rule|Evasion Items Clause: Evasion items are banned
|rule|Evasion Moves Clause: Evasion moves are banned
|rule|Evasion Abilities Clause: Evasion abilities are banned
|rule|Sleep Moves Clause: Sleep-inducing moves are banned
|clearpoke
|poke|p1|Kingambit, M|
|poke|p1|Cetitan, F|
|poke|p1|Gardevoir, F|
|poke|p1|Weezing-Galar, M|
|poke|p1|Sylveon, M|
|poke|p1|Dragapult, F|
|poke|p2|Hatterene, F|
|poke|p2|Kingambit, M|
|poke|p2|Iron Valiant|
|poke|p2|Landorus-Therian, M|
|poke|p2|Scizor, F|
|poke|p2|Kyurem|
|teampreview
|inactive|Battle timer is ON: inactive players will automatically lose when time's up. (requested by a jellyfish)
|j| anrlexii
|l| anrlexii
|
|t:|1758929072
|teamsize|p1|6
|teamsize|p2|6
|start
|switch|p1a: Gardevoir|Gardevoir, F, shiny|100/100
|switch|p2a: Iron Valiant|Iron Valiant|100/100
|turn|1
|
|t:|1758929076
|-end|p2a: Iron Valiant|Quark Drive|[silent]
|switch|p2a: Scizor|Scizor, F, shiny|100/100
|-ability|p1a: Gardevoir|Technician|Trace|[from] ability: Trace|[of] p2a: Scizor
|move|p1a: Gardevoir|Moonblast|p2a: Scizor
|-resisted|p2a: Scizor
|-damage|p2a: Scizor|73/100
|-unboost|p2a: Scizor|spa|1
|
|-heal|p2a: Scizor|79/100|[from] item: Leftovers
|upkeep
|turn|2
|j| bananana324
|j| PMBaby
|
|t:|1758929085
|switch|p1a: Weezing|Weezing-Galar, M, shiny|100/100
|move|p2a: Scizor|U-turn|p1a: Weezing
|-resisted|p1a: Weezing
|-damage|p1a: Weezing|94/100
|
|t:|1758929088
|switch|p2a: Landorus|Landorus-Therian, M|100/100|[from] U-turn
|-ability|p2a: Landorus|Intimidate|boost
|-unboost|p1a: Weezing|atk|1
|
|-heal|p1a: Weezing|100/100|[from] item: Leftovers
|upkeep
|turn|3
|
|t:|1758929091
|move|p2a: Landorus|Stealth Rock|p1a: Weezing
|-sidestart|p1: well by rod|move: Stealth Rock
|move|p1a: Weezing|Strange Steam|p2a: Landorus
|-damage|p2a: Landorus|74/100
|
|upkeep
|turn|4
|
|t:|1758929093
|move|p2a: Landorus|Earth Power|p1a: Weezing
|-immune|p1a: Weezing|[from] ability: Levitate
|move|p1a: Weezing|Defog|p2a: Landorus
|-unboost|p2a: Landorus|evasion|1
|-sideend|p1: well by rod|Stealth Rock|[from] move: Defog|[of] p1a: Weezing
|
|upkeep
|turn|5
|
|t:|1758929096
|move|p2a: Landorus|Stealth Rock|p1a: Weezing
|-sidestart|p1: well by rod|move: Stealth Rock
|move|p1a: Weezing|Strange Steam|p2a: Landorus
|-damage|p2a: Landorus|44/100
|
|upkeep
|turn|6
|
|t:|1758929098
|move|p2a: Landorus|Taunt|p1a: Weezing
|-start|p1a: Weezing|move: Taunt
|move|p1a: Weezing|Strange Steam|p2a: Landorus
|-damage|p2a: Landorus|15/100
|
|upkeep
|turn|7
|
|t:|1758929107
|move|p2a: Landorus|U-turn|p1a: Weezing
|-resisted|p1a: Weezing
|-damage|p1a: Weezing|97/100
|
|t:|1758929108
|switch|p2a: Kingambit|Kingambit, M|100/100|[from] U-turn
|move|p1a: Weezing|Strange Steam|p2a: Kingambit
|-damage|p2a: Kingambit|71/100
|
|-heal|p1a: Weezing|100/100|[from] item: Leftovers
|upkeep
|turn|8
|
|t:|1758929116
|switch|p1a: Kingambit|Kingambit, M, shiny|100/100
|-damage|p1a: Kingambit|94/100|[from] Stealth Rock
|move|p2a: Kingambit|Iron Head|p1a: Kingambit
|-resisted|p1a: Kingambit
|-damage|p1a: Kingambit|75/100
|
|upkeep
|turn|9
|
|t:|1758929122
|-end|p2a: Kingambit|fallenundefined|[silent]
|switch|p2a: Landorus|Landorus-Therian, M|15/100
|-ability|p2a: Landorus|Intimidate|boost
|-unboost|p1a: Kingambit|atk|1
|move|p1a: Kingambit|Kowtow Cleave|p2a: Landorus
|-damage|p2a: Landorus|0 fnt
|-damage|p1a: Kingambit|59/100|[from] item: Rocky Helmet|[of] p2a: Landorus
|faint|p2a: Landorus
|
|upkeep
|
|t:|1758929124
|switch|p2a: Iron Valiant|Iron Valiant|100/100
|turn|10
|
|t:|1758929128
|-end|p1a: Kingambit|fallenundefined|[silent]
|switch|p1a: Weezing|Weezing-Galar, M, shiny|100/100
|-damage|p1a: Weezing|88/100|[from] Stealth Rock
|move|p2a: Iron Valiant|Moonblast|p1a: Weezing
|-resisted|p1a: Weezing
|-damage|p1a: Weezing|48/100
|-unboost|p1a: Weezing|spa|1
|-damage|p2a: Iron Valiant|91/100|[from] item: Life Orb
|
|-heal|p1a: Weezing|54/100|[from] item: Leftovers
|upkeep
|turn|11
|j| amefurikoneko
|
|t:|1758929136
|move|p2a: Iron Valiant|Moonblast|p1a: Weezing
|-resisted|p1a: Weezing
|-damage|p1a: Weezing|19/100
|-unboost|p1a: Weezing|spa|1
|-damage|p2a: Iron Valiant|81/100|[from] item: Life Orb
|move|p1a: Weezing|Defog|p2a: Iron Valiant
|-unboost|p2a: Iron Valiant|evasion|1
|-sideend|p1: well by rod|Stealth Rock|[from] move: Defog|[of] p1a: Weezing
|
|-heal|p1a: Weezing|25/100|[from] item: Leftovers
|upkeep
|turn|12
|
|t:|1758929140
|switch|p1a: Sylveon|Sylveon, M, shiny|100/100
|move|p2a: Iron Valiant|Moonblast|p1a: Sylveon
|-damage|p1a: Sylveon|76/100
|-unboost|p1a: Sylveon|spa|1
|-damage|p2a: Iron Valiant|71/100|[from] item: Life Orb
|
|upkeep
|turn|13
|
|t:|1758929144
|-end|p2a: Iron Valiant|Quark Drive|[silent]
|switch|p2a: Kingambit|Kingambit, M|71/100
|-activate|p2a: Kingambit|ability: Supreme Overlord
|-start|p2a: Kingambit|fallen1|[silent]
|move|p1a: Sylveon|Hyper Voice|p2a: Kingambit
|-damage|p2a: Kingambit|31/100
|
|upkeep
|turn|14
|
|t:|1758929164
|switch|p1a: Kingambit|Kingambit, M, shiny|59/100
|move|p2a: Kingambit|Iron Head|p1a: Kingambit
|-resisted|p1a: Kingambit
|-damage|p1a: Kingambit|38/100
|
|upkeep
|turn|15
|l| amefurikoneko
|
|t:|1758929173
|-end|p2a: Kingambit|fallen1|[silent]
|switch|p2a: Iron Valiant|Iron Valiant|71/100
|move|p1a: Kingambit|Kowtow Cleave|p2a: Iron Valiant
|-resisted|p2a: Iron Valiant
|-damage|p2a: Iron Valiant|53/100
|
|upkeep
|turn|16
|
|t:|1758929178
|-end|p2a: Iron Valiant|Quark Drive|[silent]
|switch|p2a: Kingambit|Kingambit, M|31/100
|-activate|p2a: Kingambit|ability: Supreme Overlord
|-start|p2a: Kingambit|fallen1|[silent]
|-end|p1a: Kingambit|fallenundefined|[silent]
|switch|p1a: Sylveon|Sylveon, M, shiny|76/100
|
|upkeep
|turn|17
|
|t:|1758929184
|switch|p1a: Weezing|Weezing-Galar, M, shiny|25/100
|move|p2a: Kingambit|Iron Head|p1a: Weezing
|-supereffective|p1a: Weezing
|-damage|p1a: Weezing|0 fnt
|faint|p1a: Weezing
|
|upkeep
|
|t:|1758929192
|switch|p1a: Kingambit|Kingambit, M, shiny|38/100
|-activate|p1a: Kingambit|ability: Supreme Overlord
|-start|p1a: Kingambit|fallen1|[silent]
|turn|18
|
|t:|1758929196
|move|p1a: Kingambit|Iron Head|p2a: Kingambit
|-resisted|p2a: Kingambit
|-damage|p2a: Kingambit|12/100
|move|p2a: Kingambit|Iron Head|p1a: Kingambit
|-resisted|p1a: Kingambit
|-damage|p1a: Kingambit|16/100
|
|upkeep
|turn|19
|l| PMBaby
|
|t:|1758929205
|-end|p2a: Kingambit|fallen1|[silent]
|switch|p2a: Scizor|Scizor, F, shiny|79/100
|move|p1a: Kingambit|Kowtow Cleave|p2a: Scizor
|-damage|p2a: Scizor|20/100
|
|-heal|p2a: Scizor|26/100|[from] item: Leftovers
|upkeep
|turn|20
|
|t:|1758929213
|move|p1a: Kingambit|Kowtow Cleave|p2a: Scizor
|-damage|p2a: Scizor|0 fnt
|faint|p2a: Scizor
|
|upkeep
|
|t:|1758929222
|switch|p2a: Iron Valiant|Iron Valiant|53/100
|turn|21
|
|t:|1758929227
|-end|p1a: Kingambit|fallen1|[silent]
|switch|p1a: Sylveon|Sylveon, M, shiny|76/100
|move|p2a: Iron Valiant|Moonblast|p1a: Sylveon
|-damage|p1a: Sylveon|48/100
|-damage|p2a: Iron Valiant|43/100|[from] item: Life Orb
|
|upkeep
|turn|22
|
|t:|1758929239
|-end|p2a: Iron Valiant|Quark Drive|[silent]
|switch|p2a: Hatterene|Hatterene, F, shiny|100/100
|move|p1a: Sylveon|Hyper Voice|p2a: Hatterene
|-damage|p2a: Hatterene|45/100
|
|-heal|p2a: Hatterene|51/100|[from] item: Leftovers
|upkeep
|turn|23
|
|t:|1758929250
|switch|p2a: Iron Valiant|Iron Valiant|43/100
|move|p1a: Sylveon|Hyper Voice|p2a: Iron Valiant
|-supereffective|p2a: Iron Valiant
|-damage|p2a: Iron Valiant|0 fnt
|faint|p2a: Iron Valiant
|-end|p2a: Iron Valiant|Quark Drive|[silent]
|
|upkeep
|
|t:|1758929251
|switch|p2a: Kingambit|Kingambit, M|12/100
|-activate|p2a: Kingambit|ability: Supreme Overlord
|-start|p2a: Kingambit|fallen3|[silent]
|turn|24
|
|t:|1758929253
|move|p1a: Sylveon|Quick Attack|p2a: Kingambit
|-damage|p2a: Kingambit|2/100
|move|p2a: Kingambit|Iron Head|p1a: Sylveon
|-supereffective|p1a: Sylveon
|-damage|p1a: Sylveon|0 fnt
|faint|p1a: Sylveon
|
|upkeep
|
|t:|1758929262
|switch|p1a: Kingambit|Kingambit, M, shiny|16/100
|-activate|p1a: Kingambit|ability: Supreme Overlord
|-start|p1a: Kingambit|fallen2|[silent]
|turn|25
|
|t:|1758929278
|-end|p2a: Kingambit|fallen3|[silent]
|switch|p2a: Kyurem|Kyurem, shiny|100/100
|-ability|p2a: Kyurem|Pressure
|move|p1a: Kingambit|Iron Head|p2a: Kyurem
|-supereffective|p2a: Kyurem
|-damage|p2a: Kyurem|0 fnt
|faint|p2a: Kyurem
|
|upkeep
|
|t:|1758929283
|switch|p2a: Hatterene|Hatterene, F, shiny|51/100
|turn|26
|
|t:|1758929285
|-terastallize|p2a: Hatterene|Water
|move|p1a: Kingambit|Kowtow Cleave|p2a: Hatterene
|-damage|p2a: Hatterene|0 fnt
|faint|p2a: Hatterene
|
|upkeep
|-message|a jellyfish forfeited.
|
|win|well by rod
|raw|well by rod's rating: 1720 &rarr; <strong>1739</strong><br />(+19 for winning)
|raw|a jellyfish's rating: 1698 &rarr; <strong>1679</strong><br />(-19 for losing)
|l|☆a jellyfish
|player|p2|
|l|☆well by rod
|player|p1|
