|j|☆roryta
|j|☆Ammanemo
|t:|1758970132
|gametype|singles
|player|p1|roryta|hilbert|1080
|player|p2|Ammanemo|2|1051
|gen|9
|tier|[Gen 9] OU
|rated|
|rule|HP Percentage Mod: HP is shown in percentages
|rule|Endless Battle Clause: Forcing endless battles is banned
|rule|Species Clause: Limit one of each Pokémon
|rule|OHKO Clause: OHKO moves are banned
|rule|Evasion Items Clause: Evasion items are banned
|rule|Evasion Moves Clause: Evasion moves are banned
|rule|Evasion Abilities Clause: Evasion abilities are banned
|rule|Sleep Moves Clause: Sleep-inducing moves are banned
|clearpoke
|poke|p1|Kyurem|
|poke|p1|Ariados, F|
|poke|p1|Iron Treads|
|poke|p1|Primarina, F|
|poke|p1|Whiscash, F|
|poke|p1|Slither Wing|
|poke|p2|Comfey, F|
|poke|p2|Whimsicott, F|
|poke|p2|Iron Moth|
|poke|p2|Walking Wake|
|poke|p2|Great Tusk|
|poke|p2|Ninetales, F|
|teampreview
|inactive|Battle timer is ON: inactive players will automatically lose when time's up. (requested by Ammanemo)
|inactive|roryta also wants the timer to be on.
|
|t:|1758970137
|teamsize|p1|6
|teamsize|p2|6
|start
|switch|p1a: Ariados|Ariados, F|100/100
|switch|p2a: Ninetales|Ninetales, F|100/100
|-weather|SunnyDay|[from] ability: Drought|[of] p2a: Ninetales
|turn|1
|
|t:|1758970144
|move|p2a: Ninetales|Will-O-Wisp|p1a: Ariados
|-status|p1a: Ariados|brn
|move|p1a: Ariados|Sticky Web|p2a: Ninetales
|-sidestart|p2: Ammanemo|move: Sticky Web
|
|-weather|SunnyDay|[upkeep]
|-damage|p1a: Ariados|94/100 brn|[from] brn
|upkeep
|turn|2
|
|t:|1758970153
|switch|p2a: Great Tusk|Great Tusk|100/100
|-activate|p2a: Great Tusk|move: Sticky Web
|-unboost|p2a: Great Tusk|spe|1
|-activate|p2a: Great Tusk|ability: Protosynthesis
|-start|p2a: Great Tusk|protosynthesisatk
|move|p1a: Ariados|Toxic Spikes|p2a: Great Tusk
|-sidestart|p2: Ammanemo|move: Toxic Spikes
|
|-weather|SunnyDay|[upkeep]
|-damage|p1a: Ariados|88/100 brn|[from] brn
|upkeep
|turn|3
|
|t:|1758970162
|move|p2a: Great Tusk|Stealth Rock|p1a: Ariados
|-sidestart|p1: roryta|move: Stealth Rock
|move|p1a: Ariados|Lunge|p2a: Great Tusk
|-resisted|p2a: Great Tusk
|-damage|p2a: Great Tusk|95/100
|-unboost|p2a: Great Tusk|atk|1
|-damage|p1a: Ariados|72/100 brn|[from] item: Rocky Helmet|[of] p2a: Great Tusk
|
|-weather|SunnyDay|[upkeep]
|-damage|p1a: Ariados|66/100 brn|[from] brn
|upkeep
|turn|4
|
|t:|1758970171
|move|p2a: Great Tusk|Rapid Spin|p1a: Ariados
|-damage|p1a: Ariados|51/100 brn
|-boost|p2a: Great Tusk|spe|1
|-sideend|p2: Ammanemo|Toxic Spikes|[from] move: Rapid Spin|[of] p2a: Great Tusk
|-sideend|p2: Ammanemo|Sticky Web|[from] move: Rapid Spin|[of] p2a: Great Tusk
|move|p1a: Ariados|Toxic Spikes|p2a: Great Tusk
|-sidestart|p2: Ammanemo|move: Toxic Spikes
|
|-weather|SunnyDay|[upkeep]
|-damage|p1a: Ariados|45/100 brn|[from] brn
|upkeep
|turn|5
|
|t:|1758970180
|move|p2a: Great Tusk|Ice Spinner|p1a: Ariados
|-damage|p1a: Ariados|20/100 brn
|move|p1a: Ariados|Toxic Spikes|p2a: Great Tusk
|-sidestart|p2: Ammanemo|move: Toxic Spikes
|
|-weather|SunnyDay|[upkeep]
|-damage|p1a: Ariados|14/100 brn|[from] brn
|upkeep
|turn|6
|-enditem|p1a: Ariados|Custap Berry|[eat]
|-activate|p1a: Ariados|item: Custap Berry|[consumed]
|
|t:|1758970187
|move|p1a: Ariados|Sticky Web|p2a: Great Tusk
|-sidestart|p2: Ammanemo|move: Sticky Web
|move|p2a: Great Tusk|Rapid Spin|p1a: Ariados
|-damage|p1a: Ariados|0 fnt
|-boost|p2a: Great Tusk|spe|1
|-sideend|p2: Ammanemo|Toxic Spikes|[from] move: Rapid Spin|[of] p2a: Great Tusk
|-sideend|p2: Ammanemo|Sticky Web|[from] move: Rapid Spin|[of] p2a: Great Tusk
|faint|p1a: Ariados
|
|-weather|SunnyDay|[upkeep]
|upkeep
|
|t:|1758970194
|switch|p1a: Kyurem|Kyurem, shiny|100/100
|-damage|p1a: Kyurem|76/100|[from] Stealth Rock
|-ability|p1a: Kyurem|Pressure
|turn|7
|
|t:|1758970201
|move|p2a: Great Tusk|Headlong Rush|p1a: Kyurem
|-damage|p1a: Kyurem|33/100
|-unboost|p2a: Great Tusk|def|1
|-unboost|p2a: Great Tusk|spd|1
|move|p1a: Kyurem|Ice Beam|p2a: Great Tusk
|-supereffective|p2a: Great Tusk
|-damage|p2a: Great Tusk|0 fnt
|faint|p2a: Great Tusk
|-end|p2a: Great Tusk|Protosynthesis|[silent]
|
|-weather|SunnyDay|[upkeep]
|upkeep
|
|t:|1758970212
|switch|p2a: Comfey|Comfey, F|100/100
|turn|8
|
|t:|1758970217
|move|p1a: Kyurem|Ice Beam|p2a: Comfey
|-damage|p2a: Comfey|23/100
|move|p2a: Comfey|Growth|p2a: Comfey
|-boost|p2a: Comfey|atk|2
|-boost|p2a: Comfey|spa|2
|
|-weather|none
|upkeep
|turn|9
|
|t:|1758970227
|move|p2a: Comfey|Draining Kiss|p1a: Kyurem
|-supereffective|p1a: Kyurem
|-damage|p1a: Kyurem|0 fnt
|-heal|p2a: Comfey|55/100|[from] drain|[of] p1a: Kyurem
|faint|p1a: Kyurem
|-damage|p2a: Comfey|45/100|[from] item: Life Orb
|
|upkeep
|
|t:|1758970232
|switch|p1a: Iron Treads|Iron Treads, shiny|100/100
|-damage|p1a: Iron Treads|97/100|[from] Stealth Rock
|turn|10
|
|t:|1758970242
|move|p1a: Iron Treads|Iron Head|p2a: Comfey
|-supereffective|p2a: Comfey
|-damage|p2a: Comfey|0 fnt
|faint|p2a: Comfey
|
|upkeep
|
|t:|1758970247
|switch|p2a: Ninetales|Ninetales, F|100/100
|-weather|SunnyDay|[from] ability: Drought|[of] p2a: Ninetales
|turn|11
|
|t:|1758970252
|move|p2a: Ninetales|Will-O-Wisp|p1a: Iron Treads
|-status|p1a: Iron Treads|brn
|move|p1a: Iron Treads|Rapid Spin|p2a: Ninetales
|-damage|p2a: Ninetales|90/100
|-boost|p1a: Iron Treads|spe|1
|-sideend|p1: roryta|Stealth Rock|[from] move: Rapid Spin|[of] p1a: Iron Treads
|
|-weather|SunnyDay|[upkeep]
|-damage|p1a: Iron Treads|91/100 brn|[from] brn
|upkeep
|turn|12
|
|t:|1758970265
|switch|p2a: Iron Moth|Iron Moth|100/100
|-enditem|p2a: Iron Moth|Booster Energy
|-activate|p2a: Iron Moth|ability: Quark Drive|[fromitem]
|-start|p2a: Iron Moth|quarkdrivespa
|move|p1a: Iron Treads|Earthquake|p2a: Iron Moth
|-supereffective|p2a: Iron Moth
|-crit|p2a: Iron Moth
|-damage|p2a: Iron Moth|0 fnt
|faint|p2a: Iron Moth
|-end|p2a: Iron Moth|Quark Drive|[silent]
|
|-weather|SunnyDay|[upkeep]
|-damage|p1a: Iron Treads|85/100 brn|[from] brn
|upkeep
|-message|Ammanemo forfeited.
|
|win|roryta
|raw|roryta's rating: 1080 &rarr; <strong>1106</strong><br />(+26 for winning)
|raw|Ammanemo's rating: 1051 &rarr; <strong>1035</strong><br />(-16 for losing)
|l|☆Ammanemo
|player|p2|
|l|☆roryta
|player|p1|
