|j|☆acrenb
|j|☆cherrytranslady
|t:|1759021041
|gametype|singles
|player|p1|acrenb|roughneck|1323
|player|p2|cherrytranslady|hexmaniac-gen6|1256
|gen|9
|tier|[Gen 9] OU
|rated|
|rule|HP Percentage Mod: HP is shown in percentages
|rule|Endless Battle Clause: Forcing endless battles is banned
|rule|Species Clause: Limit one of each Pokémon
|rule|OHKO Clause: OHKO moves are banned
|rule|Evasion Items Clause: Evasion items are banned
|rule|Evasion Moves Clause: Evasion moves are banned
|rule|Evasion Abilities Clause: Evasion abilities are banned
|rule|Sleep Moves Clause: Sleep-inducing moves are banned
|clearpoke
|poke|p1|Ogerpon-Wellspring, F|
|poke|p1|Dragapult, M|
|poke|p1|Zamazenta-*|
|poke|p1|Moltres|
|poke|p1|Garganacl, F|
|poke|p1|Iron Treads|
|poke|p2|Qwilfish, F|
|poke|p2|Darkrai|
|poke|p2|Mandibuzz, F|
|poke|p2|Gengar, M|
|poke|p2|Iron Treads|
|poke|p2|Cinderace, M|
|teampreview
|inactive|Battle timer is ON: inactive players will automatically lose when time's up. (requested by acrenb)
|
|t:|1759021054
|teamsize|p1|6
|teamsize|p2|6
|start
|switch|p1a: Dragapult|Dragapult, M|100/100
|switch|p2a: spikecif|Qwilfish, F, shiny|100/100
|-ability|p2a: spikecif|Intimidate|boost
|-unboost|p1a: Dragapult|atk|1
|turn|1
|inactive|cherrytranslady has 120 seconds left.
|
|t:|1759021086
|switch|p2a: beautiful lesbian|Mandibuzz, F, shiny|100/100
|move|p1a: Dragapult|Will-O-Wisp|p2a: beautiful lesbian
|-status|p2a: beautiful lesbian|brn
|
|-damage|p2a: beautiful lesbian|94/100 brn|[from] brn
|upkeep
|turn|2
|
|t:|1759021095
|move|p1a: Dragapult|U-turn|p2a: beautiful lesbian
|-damage|p2a: beautiful lesbian|88/100 brn
|
|t:|1759021098
|switch|p1a: Iron Treads|Iron Treads|100/100|[from] U-turn
|move|p2a: beautiful lesbian|Knock Off|p1a: Iron Treads
|-damage|p1a: Iron Treads|91/100
|-enditem|p1a: Iron Treads|Leftovers|[from] move: Knock Off|[of] p2a: beautiful lesbian
|
|-damage|p2a: beautiful lesbian|82/100 brn|[from] brn
|upkeep
|turn|3
|
|t:|1759021109
|move|p1a: Iron Treads|Knock Off|p2a: beautiful lesbian
|-resisted|p2a: beautiful lesbian
|-damage|p2a: beautiful lesbian|75/100 brn
|-enditem|p2a: beautiful lesbian|Heavy-Duty Boots|[from] move: Knock Off|[of] p1a: Iron Treads
|move|p2a: beautiful lesbian|U-turn|p1a: Iron Treads
|-resisted|p1a: Iron Treads
|-damage|p1a: Iron Treads|89/100
|inactive|cherrytranslady has 120 seconds left.
|
|t:|1759021126
|switch|p2a: slungus|Cinderace, M, shiny|100/100|[from] U-turn
|
|upkeep
|turn|4
|
|t:|1759021135
|-end|p1a: Iron Treads|Quark Drive|[silent]
|switch|p1a: Garganacl|Garganacl, F|100/100
|move|p2a: slungus|U-turn|p1a: Garganacl
|-start|p2a: slungus|typechange|Bug|[from] ability: Libero
|-damage|p1a: Garganacl|63/100
|inactive|cherrytranslady has 120 seconds left.
|
|t:|1759021154
|switch|p2a: mechanism.|Iron Treads|100/100|[from] U-turn
|
|-heal|p1a: Garganacl|69/100|[from] item: Leftovers
|upkeep
|turn|5
|
|t:|1759021162
|move|p2a: mechanism.|Knock Off|p1a: Garganacl
|-damage|p1a: Garganacl|54/100
|-enditem|p1a: Garganacl|Leftovers|[from] move: Knock Off|[of] p2a: mechanism.
|move|p1a: Garganacl|Iron Defense|p1a: Garganacl
|-boost|p1a: Garganacl|def|2
|
|upkeep
|turn|6
|
|t:|1759021168
|move|p2a: mechanism.|Volt Switch|p1a: Garganacl
|-crit|p1a: Garganacl
|-damage|p1a: Garganacl|43/100
|inactive|cherrytranslady has 120 seconds left.
|
|t:|1759021200
|-end|p2a: mechanism.|Quark Drive|[silent]
|switch|p2a: slungus|Cinderace, M, shiny|100/100|[from] Volt Switch
|move|p1a: Garganacl|Recover|p1a: Garganacl
|-heal|p1a: Garganacl|94/100
|
|upkeep
|turn|7
|
|t:|1759021207
|move|p2a: slungus|High Jump Kick|p1a: Garganacl
|-start|p2a: slungus|typechange|Fighting|[from] ability: Libero
|-supereffective|p1a: Garganacl
|-damage|p1a: Garganacl|28/100
|move|p1a: Garganacl|Body Press|p2a: slungus
|-damage|p2a: slungus|32/100
|
|upkeep
|turn|8
|inactive|cherrytranslady has 120 seconds left.
|
|t:|1759021222
|switch|p2a: beautiful lesbian|Mandibuzz, F, shiny|75/100 brn
|switch|p1a: Dragapult|Dragapult, M|100/100
|
|-damage|p2a: beautiful lesbian|69/100 brn|[from] brn
|upkeep
|turn|9
|
|t:|1759021228
|move|p1a: Dragapult|U-turn|p2a: beautiful lesbian
|-damage|p2a: beautiful lesbian|60/100 brn
|
|t:|1759021231
|switch|p1a: Iron Treads|Iron Treads|89/100|[from] U-turn
|move|p2a: beautiful lesbian|Roost|p2a: beautiful lesbian
|-heal|p2a: beautiful lesbian|100/100 brn
|-singleturn|p2a: beautiful lesbian|move: Roost
|
|-damage|p2a: beautiful lesbian|94/100 brn|[from] brn
|upkeep
|turn|10
|
|t:|1759021240
|move|p1a: Iron Treads|Stealth Rock|p2a: beautiful lesbian
|-sidestart|p2: cherrytranslady|move: Stealth Rock
|move|p2a: beautiful lesbian|Knock Off|p1a: Iron Treads
|-damage|p1a: Iron Treads|82/100
|
|-damage|p2a: beautiful lesbian|88/100 brn|[from] brn
|upkeep
|turn|11
|
|t:|1759021246
|-end|p1a: Iron Treads|Quark Drive|[silent]
|switch|p1a: Garganacl|Garganacl, F|28/100
|move|p2a: beautiful lesbian|Knock Off|p1a: Garganacl
|-damage|p1a: Garganacl|22/100
|
|-damage|p2a: beautiful lesbian|82/100 brn|[from] brn
|upkeep
|turn|12
|inactive|cherrytranslady has 120 seconds left.
|
|t:|1759021278
|move|p2a: beautiful lesbian|Foul Play|p1a: Garganacl
|-damage|p1a: Garganacl|11/100
|move|p1a: Garganacl|Recover|p1a: Garganacl
|-heal|p1a: Garganacl|62/100
|
|-damage|p2a: beautiful lesbian|76/100 brn|[from] brn
|upkeep
|turn|13
|inactive|cherrytranslady has 120 seconds left.
|
|t:|1759021288
|move|p2a: beautiful lesbian|Knock Off|p1a: Garganacl
|-crit|p1a: Garganacl
|-damage|p1a: Garganacl|54/100
|move|p1a: Garganacl|Recover|p1a: Garganacl
|-heal|p1a: Garganacl|100/100
|
|-damage|p2a: beautiful lesbian|70/100 brn|[from] brn
|upkeep
|turn|14
|
|t:|1759021296
|move|p2a: beautiful lesbian|U-turn|p1a: Garganacl
|-damage|p1a: Garganacl|97/100
|
|t:|1759021303
|switch|p2a: spikecif|Qwilfish, F, shiny|100/100|[from] U-turn
|-damage|p2a: spikecif|88/100|[from] Stealth Rock
|-ability|p2a: spikecif|Intimidate|boost
|-unboost|p1a: Garganacl|atk|1
|move|p1a: Garganacl|Iron Defense|p1a: Garganacl
|-boost|p1a: Garganacl|def|2
|
|-heal|p2a: spikecif|94/100|[from] item: Leftovers
|upkeep
|turn|15
|
|t:|1759021313
|move|p2a: spikecif|Taunt|p1a: Garganacl
|-start|p1a: Garganacl|move: Taunt
|move|p1a: Garganacl|Salt Cure|p2a: spikecif
|-damage|p2a: spikecif|86/100
|-start|p2a: spikecif|Salt Cure
|
|-heal|p2a: spikecif|92/100|[from] item: Leftovers
|-damage|p2a: spikecif|67/100|[from] Salt Cure
|upkeep
|turn|16
|
|t:|1759021321
|move|p2a: spikecif|Flip Turn|p1a: Garganacl
|-supereffective|p1a: Garganacl
|-damage|p1a: Garganacl|82/100
|
|t:|1759021325
|switch|p2a: transgengar|Gengar, M|100/100|[from] Flip Turn
|-damage|p2a: transgengar|88/100|[from] Stealth Rock
|move|p1a: Garganacl|Salt Cure|p2a: transgengar
|-damage|p2a: transgengar|69/100
|-start|p2a: transgengar|Salt Cure
|
|-heal|p2a: transgengar|76/100|[from] item: Leftovers
|-damage|p2a: transgengar|63/100|[from] Salt Cure
|upkeep
|turn|17
|inactive|cherrytranslady has 120 seconds left.
|inactive|cherrytranslady has 90 seconds left.
|
|t:|1759021387
|switch|p2a: mechanism.|Iron Treads|100/100
|switch|p1a: Iron Treads|Iron Treads|82/100
|
|upkeep
|turn|18
|
|t:|1759021395
|move|p2a: mechanism.|Stealth Rock|p1a: Iron Treads
|-sidestart|p1: acrenb|move: Stealth Rock
|move|p1a: Iron Treads|Earthquake|p2a: mechanism.
|-supereffective|p2a: mechanism.
|-damage|p2a: mechanism.|46/100
|
|upkeep
|turn|19
|
|t:|1759021400
|move|p2a: mechanism.|Rapid Spin|p1a: Iron Treads
|-resisted|p1a: Iron Treads
|-damage|p1a: Iron Treads|77/100
|-boost|p2a: mechanism.|spe|1
|-sideend|p2: cherrytranslady|Stealth Rock|[from] move: Rapid Spin|[of] p2a: mechanism.
|move|p1a: Iron Treads|Rapid Spin|p2a: mechanism.
|-resisted|p2a: mechanism.
|-damage|p2a: mechanism.|41/100
|-boost|p1a: Iron Treads|spe|1
|-sideend|p1: acrenb|Stealth Rock|[from] move: Rapid Spin|[of] p1a: Iron Treads
|
|upkeep
|turn|20
|
|t:|1759021411
|move|p2a: mechanism.|Stealth Rock|p1a: Iron Treads
|-sidestart|p1: acrenb|move: Stealth Rock
|move|p1a: Iron Treads|Earthquake|p2a: mechanism.
|-supereffective|p2a: mechanism.
|-damage|p2a: mechanism.|0 fnt
|faint|p2a: mechanism.
|-end|p2a: mechanism.|Quark Drive|[silent]
|
|upkeep
|inactive|cherrytranslady has 90 seconds left.
|-message|cherrytranslady forfeited.
|
|win|acrenb
|raw|acrenb's rating: 1323 &rarr; <strong>1339</strong><br />(+16 for winning)
|raw|cherrytranslady's rating: 1256 &rarr; <strong>1236</strong><br />(-20 for losing)
|l|☆cherrytranslady
|player|p2|
|l|☆acrenb
|player|p1|
