|j|☆juncanti
|j|☆BotBuilder07
|t:|1759013225
|gametype|singles
|player|p1|juncanti|102|1238
|player|p2|BotBuilder07|lucas|1219
|gen|9
|tier|[Gen 9] OU
|rated|
|rule|HP Percentage Mod: HP is shown in percentages
|rule|Endless Battle Clause: Forcing endless battles is banned
|rule|Species Clause: Limit one of each Pokémon
|rule|OHKO Clause: OHKO moves are banned
|rule|Evasion Items Clause: Evasion items are banned
|rule|Evasion Moves Clause: Evasion moves are banned
|rule|Evasion Abilities Clause: Evasion abilities are banned
|rule|Sleep Moves Clause: Sleep-inducing moves are banned
|clearpoke
|poke|p1|Ogerpon-Wellspring, F|
|poke|p1|Cinderace, M|
|poke|p1|Clefable, F|
|poke|p1|Corviknight, M|
|poke|p1|Iron Valiant|
|poke|p1|Iron Moth|
|poke|p2|Inteleon, F|
|poke|p2|Pelipper, F|
|poke|p2|Araquanid, M|
|poke|p2|Skarmory, M|
|poke|p2|Iron Treads|
|poke|p2|Slowking-Galar, M|
|teampreview
|
|t:|1759013278
|teamsize|p1|6
|teamsize|p2|6
|start
|switch|p1a: Ogerpon|Ogerpon-Wellspring, F|100/100
|switch|p2a: Slowking|Slowking-Galar, M, shiny|100/100
|turn|1
|inactive|Battle timer is ON: inactive players will automatically lose when time's up. (requested by BotBuilder07)
|
|t:|1759013308
|move|p1a: Ogerpon|Knock Off|p2a: Slowking
|-supereffective|p2a: Slowking
|-damage|p2a: Slowking|49/100
|-enditem|p2a: Slowking|Leftovers|[from] move: Knock Off|[of] p1a: Ogerpon
|move|p2a: Slowking|Sludge Bomb|p1a: Ogerpon
|-supereffective|p1a: Ogerpon
|-damage|p1a: Ogerpon|28/100
|-status|p1a: Ogerpon|psn
|
|-damage|p1a: Ogerpon|16/100 psn|[from] psn
|upkeep
|turn|2
|inactive|BotBuilder07 has 120 seconds left.
|
|t:|1759013345
|switch|p2a: Skarmory|Skarmory, M|100/100
|move|p1a: Ogerpon|Knock Off|p2a: Skarmory
|-damage|p2a: Skarmory|79/100
|-damage|p1a: Ogerpon|0 fnt|[from] item: Rocky Helmet|[of] p2a: Skarmory
|faint|p1a: Ogerpon
|
|upkeep
|
|t:|1759013369
|switch|p1a: Cinderace|Cinderace, M|100/100
|turn|3
|inactive|BotBuilder07 has 120 seconds left.
|
|t:|1759013398
|switch|p2a: Pelipper|Pelipper, F|100/100
|-weather|RainDance|[from] ability: Drizzle|[of] p2a: Pelipper
|move|p1a: Cinderace|Pyro Ball|p2a: Pelipper
|-resisted|p2a: Pelipper
|-damage|p2a: Pelipper|90/100
|
|-weather|RainDance|[upkeep]
|upkeep
|turn|4
|
|t:|1759013422
|switch|p1a: Corviknight|Corviknight, M|100/100
|move|p2a: Pelipper|U-turn|p1a: Corviknight
|-resisted|p1a: Corviknight
|-damage|p1a: Corviknight|99/100
|-damage|p2a: Pelipper|74/100|[from] item: Rocky Helmet|[of] p1a: Corviknight
|inactive|BotBuilder07 has 90 seconds left.
|
|t:|1759013455
|switch|p2a: Iron Treads|Iron Treads|100/100|[from] U-turn
|
|-weather|RainDance|[upkeep]
|upkeep
|turn|5
|
|t:|1759013462
|switch|p1a: Cinderace|Cinderace, M|100/100
|move|p2a: Iron Treads|Knock Off|p1a: Cinderace
|-damage|p1a: Cinderace|66/100
|-enditem|p1a: Cinderace|Heavy-Duty Boots|[from] move: Knock Off|[of] p2a: Iron Treads
|
|-weather|RainDance|[upkeep]
|upkeep
|turn|6
|
|t:|1759013468
|-end|p2a: Iron Treads|Quark Drive|[silent]
|switch|p2a: Araquanid|Araquanid, M|100/100
|move|p1a: Cinderace|High Jump Kick|p2a: Araquanid
|-start|p1a: Cinderace|typechange|Fighting|[from] ability: Libero
|-resisted|p2a: Araquanid
|-damage|p2a: Araquanid|64/100
|
|-weather|RainDance|[upkeep]
|upkeep
|turn|7
|
|t:|1759013487
|switch|p2a: Pelipper|Pelipper, F|74/100
|move|p1a: Cinderace|U-turn|p2a: Pelipper
|-resisted|p2a: Pelipper
|-damage|p2a: Pelipper|65/100
|
|t:|1759013499
|switch|p1a: Clefable|Clefable, F|100/100|[from] U-turn
|
|-weather|RainDance|[upkeep]
|upkeep
|turn|8
|
|t:|1759013505
|switch|p2a: Iron Treads|Iron Treads|100/100
|move|p1a: Clefable|Moonblast|p2a: Iron Treads
|-resisted|p2a: Iron Treads
|-damage|p2a: Iron Treads|85/100
|-unboost|p2a: Iron Treads|spa|1
|-damage|p1a: Clefable|91/100|[from] item: Life Orb
|
|-weather|RainDance|[upkeep]
|upkeep
|turn|9
|inactive|BotBuilder07 has 90 seconds left.
|
|t:|1759013517
|switch|p1a: Corviknight|Corviknight, M|99/100
|move|p2a: Iron Treads|Knock Off|p1a: Corviknight
|-damage|p1a: Corviknight|83/100
|-damage|p2a: Iron Treads|68/100|[from] item: Rocky Helmet|[of] p1a: Corviknight
|-enditem|p1a: Corviknight|Rocky Helmet|[from] move: Knock Off|[of] p2a: Iron Treads
|
|-weather|RainDance|[upkeep]
|upkeep
|turn|10
|inactive|BotBuilder07 has 90 seconds left.
|
|t:|1759013526
|move|p2a: Iron Treads|Volt Switch|p1a: Corviknight
|-supereffective|p1a: Corviknight
|-damage|p1a: Corviknight|69/100
|inactive|BotBuilder07 has 90 seconds left.
|
|t:|1759013535
|-end|p2a: Iron Treads|Quark Drive|[silent]
|switch|p2a: Skarmory|Skarmory, M|79/100|[from] Volt Switch
|move|p1a: Corviknight|Bulk Up|p1a: Corviknight
|-boost|p1a: Corviknight|atk|1
|-boost|p1a: Corviknight|def|1
|
|-weather|none
|upkeep
|turn|11
|
|t:|1759013558
|move|p1a: Corviknight|Bulk Up|p1a: Corviknight
|-boost|p1a: Corviknight|atk|1
|-boost|p1a: Corviknight|def|1
|move|p2a: Skarmory|Whirlwind|p1a: Corviknight
|drag|p1a: Cinderace|Cinderace, M|66/100
|
|upkeep
|turn|12
|
|t:|1759013565
|switch|p2a: Pelipper|Pelipper, F|65/100
|-weather|RainDance|[from] ability: Drizzle|[of] p2a: Pelipper
|move|p1a: Cinderace|Pyro Ball|p2a: Pelipper
|-resisted|p2a: Pelipper
|-damage|p2a: Pelipper|54/100
|
|-weather|RainDance|[upkeep]
|upkeep
|turn|13
|
|t:|1759013572
|move|p1a: Cinderace|Sucker Punch||[still]
|-fail|p1a: Cinderace
|move|p2a: Pelipper|Roost|p2a: Pelipper
|-heal|p2a: Pelipper|100/100
|-singleturn|p2a: Pelipper|move: Roost
|
|-weather|RainDance|[upkeep]
|upkeep
|turn|14
|
|t:|1759013586
|switch|p1a: Clefable|Clefable, F|91/100
|move|p2a: Pelipper|Weather Ball|p1a: Clefable
|-damage|p1a: Clefable|59/100
|
|-weather|RainDance|[upkeep]
|upkeep
|turn|15
|
|t:|1759013598
|switch|p2a: Iron Treads|Iron Treads|68/100
|move|p1a: Clefable|Moonlight|p1a: Clefable
|-heal|p1a: Clefable|83/100
|
|-weather|RainDance|[upkeep]
|upkeep
|turn|16
|inactive|BotBuilder07 has 120 seconds left.
|
|t:|1759013608
|switch|p1a: Corviknight|Corviknight, M|69/100
|move|p2a: Iron Treads|Knock Off|p1a: Corviknight
|-damage|p1a: Corviknight|59/100
|
|-weather|RainDance|[upkeep]
|upkeep
|turn|17
|
|t:|1759013617
|switch|p1a: Clefable|Clefable, F|83/100
|move|p2a: Iron Treads|Volt Switch|p1a: Clefable
|-damage|p1a: Clefable|76/100
|inactive|BotBuilder07 has 120 seconds left.
|
|t:|1759013641
|-end|p2a: Iron Treads|Quark Drive|[silent]
|switch|p2a: Slowking|Slowking-Galar, M, shiny|82/100|[from] Volt Switch
|
|-weather|RainDance|[upkeep]
|upkeep
|turn|18
|
|t:|1759013652
|move|p1a: Clefable|Thunder Wave|p2a: Slowking
|-status|p2a: Slowking|par
|-prepare|p2a: Slowking|Chilly Reception|[premajor]
|move|p2a: Slowking|Chilly Reception|p2a: Slowking
|-weather|Snowscape
|
|t:|1759013661
|switch|p2a: Iron Treads|Iron Treads|68/100|[from] Chilly Reception
|
|-weather|Snowscape|[upkeep]
|upkeep
|turn|19
|
|t:|1759013673
|move|p2a: Iron Treads|Volt Switch|p1a: Clefable
|-damage|p1a: Clefable|68/100
|
|t:|1759013679
|-end|p2a: Iron Treads|Quark Drive|[silent]
|switch|p2a: Slowking|Slowking-Galar, M, shiny|100/100 par|[from] Volt Switch
|move|p1a: Clefable|Fire Blast|p2a: Slowking|[miss]
|-miss|p1a: Clefable|p2a: Slowking
|
|-weather|Snowscape|[upkeep]
|upkeep
|turn|20
|
|t:|1759013694
|switch|p1a: Iron Moth|Iron Moth|100/100
|-enditem|p1a: Iron Moth|Booster Energy
|-activate|p1a: Iron Moth|ability: Quark Drive|[fromitem]
|-start|p1a: Iron Moth|quarkdrivespa
|move|p2a: Slowking|Future Sight|p1a: Iron Moth
|-start|p2a: Slowking|move: Future Sight
|
|-weather|Snowscape|[upkeep]
|upkeep
|turn|21
|
|t:|1759013706
|move|p1a: Iron Moth|Fiery Dance|p2a: Slowking
|-damage|p2a: Slowking|51/100 par
|-boost|p1a: Iron Moth|spa|1
|-prepare|p2a: Slowking|Chilly Reception|[premajor]
|move|p2a: Slowking|Chilly Reception|p2a: Slowking
|inactive|BotBuilder07 has 120 seconds left.
|
|t:|1759013732
|switch|p2a: Araquanid|Araquanid, M|64/100|[from] Chilly Reception
|
|-weather|Snowscape|[upkeep]
|upkeep
|turn|22
|
|t:|1759013745
|switch|p2a: Iron Treads|Iron Treads|68/100
|-terastallize|p1a: Iron Moth|Grass
|move|p1a: Iron Moth|Sludge Wave|p2a: Iron Treads
|-immune|p2a: Iron Treads
|
|-weather|none
|-end|p1a: Iron Moth|move: Future Sight
|-damage|p1a: Iron Moth|57/100
|upkeep
|turn|23
|
|t:|1759013758
|move|p2a: Iron Treads|Volt Switch|p1a: Iron Moth
|-resisted|p1a: Iron Moth
|-damage|p1a: Iron Moth|50/100
|
|t:|1759013772
|-end|p2a: Iron Treads|Quark Drive|[silent]
|switch|p2a: Skarmory|Skarmory, M|79/100|[from] Volt Switch
|move|p1a: Iron Moth|Fiery Dance|p2a: Skarmory
|-supereffective|p2a: Skarmory
|-damage|p2a: Skarmory|0 fnt
|-boost|p1a: Iron Moth|spa|1
|faint|p2a: Skarmory
|
|upkeep
|inactive|BotBuilder07 has 90 seconds left.
|inactive|BotBuilder07 has 60 seconds left.
|
|t:|1759013830
|switch|p2a: Inteleon|Inteleon, F|100/100
|turn|24
|
|t:|1759013845
|move|p2a: Inteleon|Fell Stinger|p1a: Iron Moth
|-supereffective|p1a: Iron Moth
|-damage|p1a: Iron Moth|0 fnt
|faint|p1a: Iron Moth
|-end|p1a: Iron Moth|Quark Drive|[silent]
|-boost|p2a: Inteleon|atk|3
|-damage|p2a: Inteleon|91/100|[from] item: Life Orb
|
|upkeep
|
|t:|1759013857
|switch|p1a: Clefable|Clefable, F|68/100
|turn|25
|inactive|BotBuilder07 has 60 seconds left.
|
|t:|1759013871
|switch|p2a: Slowking|Slowking-Galar, M, shiny|84/100 par
|move|p1a: Clefable|Moonblast|p2a: Slowking
|-resisted|p2a: Slowking
|-damage|p2a: Slowking|67/100 par
|-damage|p1a: Clefable|58/100|[from] item: Life Orb
|
|upkeep
|turn|26
|inactive|BotBuilder07 has 60 seconds left.
|inactive|juncanti has 120 seconds left.
|
|t:|1759013909
|switch|p1a: Cinderace|Cinderace, M|66/100
|move|p2a: Slowking|Sludge Bomb|p1a: Cinderace
|-damage|p1a: Cinderace|20/100
|
|upkeep
|turn|27
|inactive|juncanti has 120 seconds left.
|inactive|BotBuilder07 has 60 seconds left.
|inactive|juncanti has 90 seconds left.
|inactive|juncanti has 60 seconds left.
|
|t:|1759013990
|switch|p2a: Pelipper|Pelipper, F|100/100
|-weather|RainDance|[from] ability: Drizzle|[of] p2a: Pelipper
|move|p1a: Cinderace|Pyro Ball|p2a: Pelipper|[miss]
|-miss|p1a: Cinderace|p2a: Pelipper
|
|-weather|RainDance|[upkeep]
|upkeep
|turn|28
|-message|juncanti forfeited.
|
|win|BotBuilder07
|raw|juncanti's rating: 1238 &rarr; <strong>1212</strong><br />(-26 for losing)
|raw|BotBuilder07's rating: 1219 &rarr; <strong>1245</strong><br />(+26 for winning)
|l|☆juncanti
|player|p1|
|l|☆BotBuilder07
|player|p2|
