|j|☆chewfive
|j|☆RobinMuister
|t:|1758983426
|gametype|singles
|player|p1|chewfive|265|1159
|player|p2|RobinMuister|blackbelt|1257
|gen|9
|tier|[Gen 9] OU
|rated|
|rule|HP Percentage Mod: HP is shown in percentages
|rule|Endless Battle Clause: Forcing endless battles is banned
|rule|Species Clause: Limit one of each Pokémon
|rule|OHKO Clause: OHKO moves are banned
|rule|Evasion Items Clause: Evasion items are banned
|rule|Evasion Moves Clause: Evasion moves are banned
|rule|Evasion Abilities Clause: Evasion abilities are banned
|rule|Sleep Moves Clause: Sleep-inducing moves are banned
|clearpoke
|poke|p1|Lokix, M|
|poke|p1|Whimsicott, M|
|poke|p1|Cinderace, F|
|poke|p1|Houndoom, F|
|poke|p1|Indeedee-F, F|
|poke|p1|Torterra, M|
|poke|p2|Pincurchin, M|
|poke|p2|Iron Valiant|
|poke|p2|Hawlucha, F|
|poke|p2|Iron Treads|
|poke|p2|Iron Boulder|
|poke|p2|Raging Bolt|
|teampreview
|inactive|Battle timer is ON: inactive players will automatically lose when time's up. (requested by chewfive)
|
|t:|1758983441
|teamsize|p1|6
|teamsize|p2|6
|start
|switch|p1a: DOOM|Houndoom, F|100/100
|switch|p2a: Pincurchin|Pincurchin, M|100/100
|-ability|p1a: DOOM|Unnerve
|-fieldstart|move: Electric Terrain|[from] ability: Electric Surge|[of] p2a: Pincurchin
|turn|1
|
|t:|1758983451
|move|p1a: DOOM|Taunt|p2a: Pincurchin
|-start|p2a: Pincurchin|move: Taunt
|cant|p2a: Pincurchin|move: Taunt|Thunder Wave
|
|upkeep
|turn|2
|
|t:|1758983457
|switch|p2a: Hawlucha|Hawlucha, F|100/100
|-enditem|p2a: Hawlucha|Electric Seed
|-boost|p2a: Hawlucha|def|1|[from] item: Electric Seed
|move|p1a: DOOM|Dark Pulse|p2a: Hawlucha
|-resisted|p2a: Hawlucha
|-damage|p2a: Hawlucha|77/100
|
|upkeep
|turn|3
|
|t:|1758983465
|move|p2a: Hawlucha|Swords Dance|p2a: Hawlucha
|-boost|p2a: Hawlucha|atk|2
|move|p1a: DOOM|Counter||[still]
|-fail|p1a: DOOM
|
|upkeep
|turn|4
|
|t:|1758983473
|move|p2a: Hawlucha|Encore|p1a: DOOM
|-start|p1a: DOOM|Encore
|move|p1a: DOOM|Counter||[still]
|-fail|p1a: DOOM
|
|upkeep
|turn|5
|
|t:|1758983479
|switch|p1a: whimmyy|Whimsicott, M|100/100
|move|p2a: Hawlucha|Swords Dance|p2a: Hawlucha
|-boost|p2a: Hawlucha|atk|2
|
|upkeep
|turn|6
|
|t:|1758983484
|move|p1a: whimmyy|Encore|p2a: Hawlucha
|-start|p2a: Hawlucha|Encore
|move|p2a: Hawlucha|Swords Dance|p2a: Hawlucha
|-boost|p2a: Hawlucha|atk|2
|
|upkeep
|turn|7
|
|t:|1758983488
|move|p1a: whimmyy|Leech Seed|p2a: Hawlucha
|-start|p2a: Hawlucha|move: Leech Seed
|move|p2a: Hawlucha|Swords Dance|p2a: Hawlucha
|-boost|p2a: Hawlucha|atk|0
|
|-damage|p2a: Hawlucha|64/100|[from] Leech Seed|[of] p1a: whimmyy
|upkeep
|turn|8
|
|t:|1758983493
|move|p1a: whimmyy|Sunny Day|p1a: whimmyy
|-weather|SunnyDay
|move|p2a: Hawlucha|Swords Dance|p2a: Hawlucha
|-boost|p2a: Hawlucha|atk|0
|
|-weather|SunnyDay|[upkeep]
|-damage|p2a: Hawlucha|52/100|[from] Leech Seed|[of] p1a: whimmyy
|-end|p2a: Hawlucha|Encore
|-fieldend|move: Electric Terrain
|upkeep
|turn|9
|
|t:|1758983498
|move|p1a: whimmyy|Encore|p2a: Hawlucha
|-start|p2a: Hawlucha|Encore
|move|p2a: Hawlucha|Swords Dance|p2a: Hawlucha
|-boost|p2a: Hawlucha|atk|0
|
|-weather|SunnyDay|[upkeep]
|-damage|p2a: Hawlucha|39/100|[from] Leech Seed|[of] p1a: whimmyy
|upkeep
|turn|10
|
|t:|1758983508
|switch|p2a: Pincurchin|Pincurchin, M|100/100
|-fieldstart|move: Electric Terrain|[from] ability: Electric Surge|[of] p2a: Pincurchin
|switch|p1a: soccer mom|Cinderace, F|100/100
|
|-weather|SunnyDay|[upkeep]
|upkeep
|turn|11
|
|t:|1758983518
|-terastallize|p1a: soccer mom|Fire
|move|p1a: soccer mom|Pyro Ball|p2a: Pincurchin
|-damage|p2a: Pincurchin|0 fnt
|faint|p2a: Pincurchin
|
|-weather|SunnyDay|[upkeep]
|upkeep
|
|t:|1758983523
|switch|p2a: Hawlucha|Hawlucha, F|39/100
|turn|12
|
|t:|1758983535
|switch|p1a: whimmyy|Whimsicott, M|100/100
|move|p2a: Hawlucha|Acrobatics|p1a: whimmyy
|-supereffective|p1a: whimmyy
|-damage|p1a: whimmyy|10/100
|
|-weather|SunnyDay|[upkeep]
|upkeep
|turn|13
|
|t:|1758983560
|move|p1a: whimmyy|Leech Seed|p2a: Hawlucha
|-start|p2a: Hawlucha|move: Leech Seed
|move|p2a: Hawlucha|Close Combat|p1a: whimmyy
|-resisted|p1a: whimmyy
|-damage|p1a: whimmyy|0 fnt
|-unboost|p2a: Hawlucha|def|1
|-unboost|p2a: Hawlucha|spd|1
|faint|p1a: whimmyy
|
|-weather|SunnyDay|[upkeep]
|upkeep
|
|t:|1758983563
|switch|p1a: maiden|Indeedee-F, F|100/100
|-fieldstart|move: Psychic Terrain|[from] ability: Psychic Surge|[of] p1a: maiden
|turn|14
|
|t:|1758983571
|move|p2a: Hawlucha|Close Combat|p1a: maiden
|-damage|p1a: maiden|24/100
|-unboost|p2a: Hawlucha|def|1
|-unboost|p2a: Hawlucha|spd|1
|move|p1a: maiden|Reflect|p1a: maiden
|-sidestart|p1: chewfive|Reflect
|
|-weather|SunnyDay|[upkeep]
|-damage|p2a: Hawlucha|27/100|[from] Leech Seed|[of] p1a: maiden
|-heal|p1a: maiden|35/100|[silent]
|upkeep
|turn|15
|
|t:|1758983582
|move|p2a: Hawlucha|Encore|p1a: maiden
|-start|p1a: maiden|Encore
|move|p1a: maiden|Reflect||[still]
|-fail|p1a: maiden
|
|-weather|none
|-damage|p2a: Hawlucha|14/100|[from] Leech Seed|[of] p1a: maiden
|-heal|p1a: maiden|47/100|[silent]
|upkeep
|turn|16
|
|t:|1758983595
|switch|p1a: gaia|Torterra, M|100/100
|move|p2a: Hawlucha|Close Combat|p1a: gaia
|-damage|p1a: gaia|82/100
|-unboost|p2a: Hawlucha|def|1
|-unboost|p2a: Hawlucha|spd|1
|
|-damage|p2a: Hawlucha|2/100|[from] Leech Seed|[of] p1a: gaia
|-heal|p1a: gaia|93/100|[silent]
|upkeep
|turn|17
|
|t:|1758983601
|move|p2a: Hawlucha|Acrobatics|p1a: gaia
|-supereffective|p1a: gaia
|-damage|p1a: gaia|60/100
|move|p1a: gaia|Stockpile|p1a: gaia
|-start|p1a: gaia|stockpile1
|-boost|p1a: gaia|def|1
|-boost|p1a: gaia|spd|1
|
|-damage|p2a: Hawlucha|0 fnt|[from] Leech Seed|[of] p1a: gaia
|-heal|p1a: gaia|61/100|[silent]
|faint|p2a: Hawlucha
|upkeep
|inactive|RobinMuister has 120 seconds left.
|
|t:|1758983634
|switch|p2a: Iron Valiant|Iron Valiant|100/100
|turn|18
|
|t:|1758983641
|move|p2a: Iron Valiant|Knock Off|p1a: gaia
|-damage|p1a: gaia|53/100
|-enditem|p1a: gaia|Maranga Berry|[from] move: Knock Off|[of] p2a: Iron Valiant
|-damage|p2a: Iron Valiant|91/100|[from] item: Life Orb
|move|p1a: gaia|Synthesis|p1a: gaia
|-heal|p1a: gaia|100/100
|
|-sideend|p1: chewfive|Reflect
|upkeep
|turn|19
|
|t:|1758983653
|move|p2a: Iron Valiant|Moonblast|p1a: gaia
|-damage|p1a: gaia|63/100
|-unboost|p1a: gaia|spa|1
|-damage|p2a: Iron Valiant|81/100|[from] item: Life Orb
|move|p1a: gaia|Sand Tomb|p2a: Iron Valiant
|-damage|p2a: Iron Valiant|63/100
|-activate|p2a: Iron Valiant|move: Sand Tomb|[of] p1a: gaia
|
|-damage|p2a: Iron Valiant|51/100|[from] move: Sand Tomb|[partiallytrapped]
|upkeep
|turn|20
|
|t:|1758983660
|move|p2a: Iron Valiant|Moonblast|p1a: gaia
|-damage|p1a: gaia|30/100
|-damage|p2a: Iron Valiant|41/100|[from] item: Life Orb
|move|p1a: gaia|Stockpile|p1a: gaia
|-start|p1a: gaia|stockpile2
|-boost|p1a: gaia|def|1
|-boost|p1a: gaia|spd|1
|
|-damage|p2a: Iron Valiant|29/100|[from] move: Sand Tomb|[partiallytrapped]
|upkeep
|turn|21
|
|t:|1758983666
|move|p2a: Iron Valiant|Moonblast|p1a: gaia
|-damage|p1a: gaia|5/100
|-damage|p2a: Iron Valiant|19/100|[from] item: Life Orb
|move|p1a: gaia|Synthesis|p1a: gaia
|-heal|p1a: gaia|55/100
|
|-damage|p2a: Iron Valiant|6/100|[from] move: Sand Tomb|[partiallytrapped]
|-fieldend|move: Psychic Terrain
|upkeep
|turn|22
|l|☆chewfive
|inactive|chewfive disconnected and has a minute to reconnect!
|player|p1|
|j|☆chewfive
|inactive|chewfive reconnected and has 135 seconds left.
|player|p1|chewfive|265|
|
|t:|1758983687
|move|p2a: Iron Valiant|Moonblast|p1a: gaia
|-damage|p1a: gaia|27/100
|-damage|p2a: Iron Valiant|0 fnt|[from] item: Life Orb
|faint|p2a: Iron Valiant
|-end|p2a: Iron Valiant|Quark Drive|[silent]
|move|p1a: gaia|Synthesis|p1a: gaia
|-heal|p1a: gaia|77/100
|
|upkeep
|
|t:|1758983698
|switch|p2a: Iron Boulder|Iron Boulder|100/100
|turn|23
|
|t:|1758983704
|move|p2a: Iron Boulder|Swords Dance|p2a: Iron Boulder
|-boost|p2a: Iron Boulder|atk|2
|move|p1a: gaia|Leech Seed|p2a: Iron Boulder
|-start|p2a: Iron Boulder|move: Leech Seed
|
|-damage|p2a: Iron Boulder|88/100|[from] Leech Seed|[of] p1a: gaia
|-heal|p1a: gaia|87/100|[silent]
|upkeep
|turn|24
|
|t:|1758983709
|move|p2a: Iron Boulder|Swords Dance|p2a: Iron Boulder
|-boost|p2a: Iron Boulder|atk|2
|move|p1a: gaia|Sand Tomb|p2a: Iron Boulder
|-supereffective|p2a: Iron Boulder
|-damage|p2a: Iron Boulder|54/100
|-activate|p2a: Iron Boulder|move: Sand Tomb|[of] p1a: gaia
|
|-damage|p2a: Iron Boulder|42/100|[from] Leech Seed|[of] p1a: gaia
|-heal|p1a: gaia|97/100|[silent]
|-damage|p2a: Iron Boulder|29/100|[from] move: Sand Tomb|[partiallytrapped]
|upkeep
|turn|25
|
|t:|1758983722
|move|p2a: Iron Boulder|Close Combat|p1a: gaia
|-damage|p1a: gaia|42/100
|-unboost|p2a: Iron Boulder|def|1
|-unboost|p2a: Iron Boulder|spd|1
|-damage|p2a: Iron Boulder|20/100|[from] item: Life Orb
|move|p1a: gaia|Synthesis|p1a: gaia
|-heal|p1a: gaia|92/100
|
|-damage|p2a: Iron Boulder|7/100|[from] Leech Seed|[of] p1a: gaia
|-heal|p1a: gaia|100/100|[silent]
|-damage|p2a: Iron Boulder|0 fnt|[from] move: Sand Tomb|[partiallytrapped]
|faint|p2a: Iron Boulder
|-end|p2a: Iron Boulder|Quark Drive|[silent]
|upkeep
|
|t:|1758983730
|switch|p2a: Raging Bolt|Raging Bolt|100/100
|-enditem|p2a: Raging Bolt|Booster Energy
|-activate|p2a: Raging Bolt|ability: Protosynthesis|[fromitem]
|-start|p2a: Raging Bolt|protosynthesisspa
|turn|26
|
|t:|1758983735
|move|p2a: Raging Bolt|Dragon Pulse|p1a: gaia
|-damage|p1a: gaia|72/100
|move|p1a: gaia|Sand Tomb|p2a: Raging Bolt
|-supereffective|p2a: Raging Bolt
|-damage|p2a: Raging Bolt|80/100
|-activate|p2a: Raging Bolt|move: Sand Tomb|[of] p1a: gaia
|
|-damage|p2a: Raging Bolt|68/100|[from] move: Sand Tomb|[partiallytrapped]
|upkeep
|turn|27
|
|t:|1758983743
|move|p2a: Raging Bolt|Dragon Pulse|p1a: gaia
|-damage|p1a: gaia|45/100
|move|p1a: gaia|Leech Seed|p2a: Raging Bolt
|-start|p2a: Raging Bolt|move: Leech Seed
|
|-damage|p2a: Raging Bolt|55/100|[from] Leech Seed|[of] p1a: gaia
|-heal|p1a: gaia|59/100|[silent]
|-damage|p2a: Raging Bolt|43/100|[from] move: Sand Tomb|[partiallytrapped]
|upkeep
|turn|28
|
|t:|1758983755
|move|p2a: Raging Bolt|Dragon Pulse|p1a: gaia
|-damage|p1a: gaia|33/100
|move|p1a: gaia|Stockpile|p1a: gaia
|-start|p1a: gaia|stockpile3
|-boost|p1a: gaia|def|1
|-boost|p1a: gaia|spd|1
|
|-damage|p2a: Raging Bolt|31/100|[from] Leech Seed|[of] p1a: gaia
|-heal|p1a: gaia|47/100|[silent]
|-damage|p2a: Raging Bolt|18/100|[from] move: Sand Tomb|[partiallytrapped]
|upkeep
|turn|29
|
|t:|1758983761
|move|p2a: Raging Bolt|Dragon Pulse|p1a: gaia
|-damage|p1a: gaia|27/100
|move|p1a: gaia|Synthesis|p1a: gaia
|-heal|p1a: gaia|77/100
|
|-damage|p2a: Raging Bolt|6/100|[from] Leech Seed|[of] p1a: gaia
|-heal|p1a: gaia|91/100|[silent]
|-damage|p2a: Raging Bolt|0 fnt|[from] move: Sand Tomb|[partiallytrapped]
|faint|p2a: Raging Bolt
|-end|p2a: Raging Bolt|Protosynthesis|[silent]
|upkeep
|-message|RobinMuister forfeited.
|
|win|chewfive
|raw|chewfive's rating: 1159 &rarr; <strong>1191</strong><br />(+32 for winning)
|raw|RobinMuister's rating: 1257 &rarr; <strong>1225</strong><br />(-32 for losing)
|l|☆RobinMuister
|player|p2|
