|j|☆UltraGodGreninja
|j|☆werearewe
|t:|1759000032
|gametype|singles
|player|p1|UltraGodGreninja|skyla|1401
|player|p2|werearewe|2|1449
|gen|9
|tier|[Gen 9] OU
|rated|
|rule|HP Percentage Mod: HP is shown in percentages
|rule|Endless Battle Clause: Forcing endless battles is banned
|rule|Species Clause: Limit one of each Pokémon
|rule|OHKO Clause: OHKO moves are banned
|rule|Evasion Items Clause: Evasion items are banned
|rule|Evasion Moves Clause: Evasion moves are banned
|rule|Evasion Abilities Clause: Evasion abilities are banned
|rule|Sleep Moves Clause: Sleep-inducing moves are banned
|clearpoke
|poke|p1|Greninja-*, M|
|poke|p1|Zapdos|
|poke|p1|Great Tusk|
|poke|p1|Ting-Lu|
|poke|p1|Primarina, F|
|poke|p1|Scizor, M|
|poke|p2|Ribombee, F|
|poke|p2|Cinderace, F|
|poke|p2|Ogerpon, F|
|poke|p2|Milotic, M|
|poke|p2|Kingambit, F|
|poke|p2|Serperior, M|
|teampreview
|
|t:|1759000038
|teamsize|p1|6
|teamsize|p2|6
|start
|switch|p1a: Scizor|Scizor, M|100/100
|switch|p2a: Ribombee|Ribombee, F|100/100
|turn|1
|
|t:|1759000048
|move|p1a: Scizor|Bullet Punch|p2a: Ribombee
|-supereffective|p2a: Ribombee
|-enditem|p2a: Ribombee|Focus Sash
|-damage|p2a: Ribombee|1/100
|move|p2a: Ribombee|Sticky Web|p1a: Scizor
|-sidestart|p1: UltraGodGreninja|move: Sticky Web
|
|upkeep
|turn|2
|
|t:|1759000055
|switch|p2a: Cinderace|Cinderace, F|100/100
|move|p1a: Scizor|Bullet Punch|p2a: Cinderace
|-resisted|p2a: Cinderace
|-damage|p2a: Cinderace|69/100
|
|upkeep
|turn|3
|
|t:|1759000063
|switch|p1a: Zapdos|Zapdos|100/100
|move|p2a: Cinderace|Pyro Ball|p1a: Zapdos
|-damage|p1a: Zapdos|63/100
|
|upkeep
|turn|4
|
|t:|1759000069
|move|p2a: Cinderace|Court Change|p2a: Cinderace
|-swapsideconditions
|-activate|p2a: Cinderace|move: Court Change
|move|p1a: Zapdos|Roost|p1a: Zapdos
|-heal|p1a: Zapdos|100/100
|-singleturn|p1a: Zapdos|move: Roost
|
|upkeep
|turn|5
|
|t:|1759000079
|switch|p1a: Greninja|Greninja, M|100/100
|move|p2a: Cinderace|Pyro Ball|p1a: Greninja
|-resisted|p1a: Greninja
|-damage|p1a: Greninja|58/100
|
|upkeep
|turn|6
|
|t:|1759000086
|switch|p2a: Milotic|Milotic, M|100/100
|-activate|p2a: Milotic|move: Sticky Web
|-unboost|p2a: Milotic|spe|1
|-ability|p2a: Milotic|Competitive|boost
|-boost|p2a: Milotic|spa|2
|move|p1a: Greninja|Sludge Wave|p2a: Milotic
|-start|p1a: Greninja|typechange|Poison|[from] ability: Protean
|-damage|p2a: Milotic|69/100
|
|upkeep
|turn|7
|
|t:|1759000100
|switch|p1a: Ting-Lu|Ting-Lu|100/100
|-ability|p1a: Ting-Lu|Vessel of Ruin
|move|p2a: Milotic|Scald|p1a: Ting-Lu
|-supereffective|p1a: Ting-Lu
|-damage|p1a: Ting-Lu|32/100
|
|-heal|p1a: Ting-Lu|38/100|[from] item: Leftovers
|upkeep
|turn|8
|
|t:|1759000114
|move|p2a: Milotic|Scald|p1a: Ting-Lu
|-supereffective|p1a: Ting-Lu
|-damage|p1a: Ting-Lu|0 fnt
|faint|p1a: Ting-Lu
|
|upkeep
|
|t:|1759000116
|switch|p1a: Greninja|Greninja, M|58/100
|turn|9
|
|t:|1759000119
|move|p1a: Greninja|Grass Knot|p2a: Milotic
|-start|p1a: Greninja|typechange|Grass|[from] ability: Protean
|-supereffective|p2a: Milotic
|-damage|p2a: Milotic|0 fnt
|faint|p2a: Milotic
|
|upkeep
|
|t:|1759000127
|switch|p2a: Serperior|Serperior, M|100/100
|-activate|p2a: Serperior|move: Sticky Web
|-boost|p2a: Serperior|spe|1
|turn|10
|
|t:|1759000132
|switch|p1a: Scizor|Scizor, M|100/100
|move|p2a: Serperior|Leaf Storm|p1a: Scizor|[miss]
|-miss|p2a: Serperior|p1a: Scizor
|
|upkeep
|turn|11
|
|t:|1759000136
|move|p2a: Serperior|Glare|p1a: Scizor
|-status|p1a: Scizor|par
|move|p1a: Scizor|U-turn|p2a: Serperior
|-supereffective|p2a: Serperior
|-damage|p2a: Serperior|0 fnt
|faint|p2a: Serperior
|
|t:|1759000142
|switch|p1a: Greninja|Greninja, M|58/100|[from] U-turn
|
|upkeep
|
|t:|1759000157
|switch|p2a: Kingambit|Kingambit, F|100/100
|-activate|p2a: Kingambit|move: Sticky Web
|-unboost|p2a: Kingambit|spe|1
|-ability|p2a: Kingambit|Defiant|boost
|-boost|p2a: Kingambit|atk|2
|turn|12
|
|t:|1759000162
|move|p1a: Greninja|Hydro Pump|p2a: Kingambit
|-start|p1a: Greninja|typechange|Water|[from] ability: Protean
|-damage|p2a: Kingambit|56/100
|move|p2a: Kingambit|Iron Head|p1a: Greninja
|-resisted|p1a: Greninja
|-damage|p1a: Greninja|0 fnt
|faint|p1a: Greninja
|
|upkeep
|
|t:|1759000165
|switch|p1a: Great Tusk|Great Tusk|100/100
|turn|13
|
|t:|1759000170
|switch|p2a: Ribombee|Ribombee, F|1/100
|-activate|p2a: Ribombee|move: Sticky Web
|-unboost|p2a: Ribombee|spe|1
|move|p1a: Great Tusk|Headlong Rush|p2a: Ribombee
|-resisted|p2a: Ribombee
|-damage|p2a: Ribombee|0 fnt
|-unboost|p1a: Great Tusk|def|1
|-unboost|p1a: Great Tusk|spd|1
|faint|p2a: Ribombee
|
|upkeep
|
|t:|1759000186
|switch|p2a: Ogerpon|Ogerpon, F|100/100
|-activate|p2a: Ogerpon|move: Sticky Web
|-unboost|p2a: Ogerpon|spe|1
|-ability|p2a: Ogerpon|Defiant|boost
|-boost|p2a: Ogerpon|atk|2
|-enditem|p2a: Ogerpon|White Herb
|-clearnegativeboost|p2a: Ogerpon|[silent]
|turn|14
|
|t:|1759000191
|-end|p1a: Great Tusk|Protosynthesis|[silent]
|switch|p1a: Zapdos|Zapdos|100/100
|move|p2a: Ogerpon|Ivy Cudgel|p1a: Zapdos
|-resisted|p1a: Zapdos
|-damage|p1a: Zapdos|63/100
|
|upkeep
|turn|15
|
|t:|1759000201
|move|p2a: Ogerpon|Knock Off|p1a: Zapdos
|-damage|p1a: Zapdos|16/100
|-enditem|p1a: Zapdos|Heavy-Duty Boots|[from] move: Knock Off|[of] p2a: Ogerpon
|move|p1a: Zapdos|Hurricane|p2a: Ogerpon
|-supereffective|p2a: Ogerpon
|-damage|p2a: Ogerpon|0 fnt
|faint|p2a: Ogerpon
|
|upkeep
|-message|werearewe forfeited.
|
|win|UltraGodGreninja
|raw|UltraGodGreninja's rating: 1401 &rarr; <strong>1424</strong><br />(+23 for winning)
|raw|werearewe's rating: 1449 &rarr; <strong>1426</strong><br />(-23 for losing)
|l|☆werearewe
|player|p2|
|l|☆UltraGodGreninja
|player|p1|
