|j|☆cozyprincemshroom
|j|☆Snowhiteoni
|t:|1759069655
|gametype|singles
|player|p1|cozyprincemshroom|waiter|1083
|player|p2|Snowhiteoni|102|1127
|gen|9
|tier|[Gen 9] OU
|rated|
|rule|HP Percentage Mod: HP is shown in percentages
|rule|Endless Battle Clause: Forcing endless battles is banned
|rule|Species Clause: Limit one of each Pokémon
|rule|OHKO Clause: OHKO moves are banned
|rule|Evasion Items Clause: Evasion items are banned
|rule|Evasion Moves Clause: Evasion moves are banned
|rule|Evasion Abilities Clause: Evasion abilities are banned
|rule|Sleep Moves Clause: Sleep-inducing moves are banned
|clearpoke
|poke|p1|Munkidori, M|
|poke|p1|Lycanroc-Dusk, F|
|poke|p1|Altaria, F|
|poke|p1|Poliwrath, F|
|poke|p1|Meganium, M|
|poke|p1|Inteleon, F|
|poke|p2|Grimmsnarl, M|
|poke|p2|Glimmora, F|
|poke|p2|Quaquaval, F|
|poke|p2|Chandelure, M|
|poke|p2|Corviknight, F|
|poke|p2|Mamoswine, F|
|teampreview
|inactive|Battle timer is ON: inactive players will automatically lose when time's up. (requested by cozyprincemshroom)
|
|t:|1759069662
|teamsize|p1|6
|teamsize|p2|6
|start
|switch|p1a: Munkidori|Munkidori, M|100/100
|switch|p2a: Grimmsnarl|Grimmsnarl, M|100/100
|turn|1
|
|t:|1759069670
|move|p2a: Grimmsnarl|Taunt|p1a: Munkidori
|-start|p1a: Munkidori|move: Taunt
|cant|p1a: Munkidori|move: Taunt|Trick
|
|upkeep
|turn|2
|
|t:|1759069675
|move|p2a: Grimmsnarl|Reflect|p2a: Grimmsnarl
|-sidestart|p2: Snowhiteoni|Reflect
|move|p1a: Munkidori|Tera Blast|p2a: Grimmsnarl
|-damage|p2a: Grimmsnarl|78/100
|
|upkeep
|turn|3
|
|t:|1759069682
|move|p2a: Grimmsnarl|Light Screen|p2a: Grimmsnarl
|-sidestart|p2: Snowhiteoni|move: Light Screen
|move|p1a: Munkidori|Tera Blast|p2a: Grimmsnarl
|-damage|p2a: Grimmsnarl|68/100
|
|-end|p1a: Munkidori|move: Taunt
|upkeep
|turn|4
|
|t:|1759069690
|switch|p1a: Lycanroc|Lycanroc-Dusk, F|100/100
|move|p2a: Grimmsnarl|Taunt|p1a: Lycanroc
|-start|p1a: Lycanroc|move: Taunt
|
|upkeep
|turn|5
|
|t:|1759069697
|switch|p1a: Munkidori|Munkidori, M|100/100
|move|p2a: Grimmsnarl|Parting Shot|p1a: Munkidori
|-unboost|p1a: Munkidori|atk|1
|-unboost|p1a: Munkidori|spa|1
|
|t:|1759069704
|switch|p2a: Glimmora|Glimmora, F|100/100|[from] Parting Shot
|-item|p2a: Glimmora|Air Balloon
|
|upkeep
|turn|6
|
|t:|1759069716
|move|p1a: Munkidori|Trick|p2a: Glimmora
|-activate|p1a: Munkidori|move: Trick|[of] p2a: Glimmora
|-item|p2a: Glimmora|Choice Scarf|[from] move: Trick
|-item|p1a: Munkidori|Air Balloon
|-item|p1a: Munkidori|Air Balloon|[from] move: Trick
|move|p2a: Glimmora|Stealth Rock|p1a: Munkidori
|-sidestart|p1: cozyprincemshroom|move: Stealth Rock
|
|upkeep
|turn|7
|inactive|Snowhiteoni has 120 seconds left.
|
|t:|1759069761
|switch|p2a: Mamoswine|Mamoswine, F|100/100
|move|p1a: Munkidori|Nasty Plot|p1a: Munkidori
|-boost|p1a: Munkidori|spa|2
|
|upkeep
|turn|8
|
|t:|1759069768
|move|p1a: Munkidori|Psychic|p2a: Mamoswine
|-damage|p2a: Mamoswine|49/100
|move|p2a: Mamoswine|Earthquake|p1a: Munkidori
|-immune|p1a: Munkidori
|
|upkeep
|turn|9
|inactive|Snowhiteoni has 120 seconds left.
|
|t:|1759069778
|switch|p2a: Chandelure|Chandelure, M|100/100
|move|p1a: Munkidori|Psychic|p2a: Chandelure
|-damage|p2a: Chandelure|48/100
|
|-sideend|p2: Snowhiteoni|Reflect
|upkeep
|turn|10
|
|t:|1759069786
|move|p2a: Chandelure|Shadow Ball|p1a: Munkidori
|-supereffective|p1a: Munkidori
|-damage|p1a: Munkidori|0 fnt
|-enditem|p1a: Munkidori|Air Balloon
|faint|p1a: Munkidori
|
|-sideend|p2: Snowhiteoni|move: Light Screen
|upkeep
|
|t:|1759069794
|switch|p1a: Inteleon|Inteleon, F|100/100
|-damage|p1a: Inteleon|88/100|[from] Stealth Rock
|turn|11
|
|t:|1759069810
|-terastallize|p2a: Chandelure|Water
|move|p2a: Chandelure|Shadow Ball|p1a: Inteleon
|-damage|p1a: Inteleon|9/100
|move|p1a: Inteleon|Scald|p2a: Chandelure
|-resisted|p2a: Chandelure
|-damage|p2a: Chandelure|0 fnt
|faint|p2a: Chandelure
|-damage|p1a: Inteleon|0 fnt|[from] item: Life Orb
|faint|p1a: Inteleon
|
|upkeep
|inactive|Snowhiteoni has 120 seconds left.
|
|t:|1759069827
|switch|p1a: Meganium|Meganium, M|100/100
|switch|p2a: Grimmsnarl|Grimmsnarl, M|68/100
|-damage|p1a: Meganium|88/100|[from] Stealth Rock
|turn|12
|
|t:|1759069835
|move|p2a: Grimmsnarl|Light Screen|p2a: Grimmsnarl
|-sidestart|p2: Snowhiteoni|move: Light Screen
|move|p1a: Meganium|Energy Ball|p2a: Grimmsnarl
|-damage|p2a: Grimmsnarl|58/100
|
|-heal|p1a: Meganium|94/100|[from] item: Leftovers
|upkeep
|turn|13
|
|t:|1759069844
|move|p2a: Grimmsnarl|Reflect|p2a: Grimmsnarl
|-sidestart|p2: Snowhiteoni|Reflect
|move|p1a: Meganium|Leech Seed|p2a: Grimmsnarl|[miss]
|-miss|p1a: Meganium|p2a: Grimmsnarl
|
|-heal|p1a: Meganium|99/100|[from] item: Leftovers
|upkeep
|turn|14
|
|t:|1759069854
|move|p2a: Grimmsnarl|Taunt|p1a: Meganium
|-start|p1a: Meganium|move: Taunt
|cant|p1a: Meganium|move: Taunt|Leech Seed
|
|-heal|p1a: Meganium|100/100|[from] item: Leftovers
|upkeep
|turn|15
|
|t:|1759069864
|switch|p1a: Poliwrath|Poliwrath, F|100/100
|-damage|p1a: Poliwrath|94/100|[from] Stealth Rock
|move|p2a: Grimmsnarl|Parting Shot|p1a: Poliwrath
|-unboost|p1a: Poliwrath|atk|1
|-unboost|p1a: Poliwrath|spa|1
|
|t:|1759069875
|switch|p2a: Corviknight|Corviknight, F|100/100|[from] Parting Shot
|-ability|p2a: Corviknight|Pressure
|
|-heal|p1a: Poliwrath|100/100|[from] item: Leftovers
|upkeep
|turn|16
|
|t:|1759069883
|switch|p1a: Altaria|Altaria, F|100/100
|-damage|p1a: Altaria|76/100|[from] Stealth Rock
|move|p2a: Corviknight|Brave Bird|p1a: Altaria
|-damage|p1a: Altaria|35/100
|-damage|p2a: Corviknight|88/100|[from] Recoil
|
|-heal|p1a: Altaria|41/100|[from] item: Leftovers
|-heal|p2a: Corviknight|95/100|[from] item: Leftovers
|upkeep
|turn|17
|
|t:|1759069896
|move|p1a: Altaria|Will-O-Wisp|p2a: Corviknight|[miss]
|-miss|p1a: Altaria|p2a: Corviknight
|move|p2a: Corviknight|Brave Bird|p1a: Altaria
|-damage|p1a: Altaria|5/100
|-damage|p2a: Corviknight|84/100|[from] Recoil
|
|-heal|p1a: Altaria|12/100|[from] item: Leftovers
|-heal|p2a: Corviknight|90/100|[from] item: Leftovers
|upkeep
|turn|18
|
|t:|1759069910
|switch|p2a: Grimmsnarl|Grimmsnarl, M|58/100
|move|p1a: Altaria|Defog|p2a: Grimmsnarl
|-unboost|p2a: Grimmsnarl|evasion|1
|-sideend|p2: Snowhiteoni|Reflect
|-sideend|p2: Snowhiteoni|move: Light Screen
|-sideend|p1: cozyprincemshroom|Stealth Rock|[from] move: Defog|[of] p1a: Altaria
|
|-heal|p1a: Altaria|18/100|[from] item: Leftovers
|upkeep
|turn|19
|
|t:|1759069921
|move|p2a: Grimmsnarl|Taunt|p1a: Altaria
|-start|p1a: Altaria|move: Taunt
|move|p1a: Altaria|Moonblast|p2a: Grimmsnarl
|-supereffective|p2a: Grimmsnarl
|-damage|p2a: Grimmsnarl|19/100
|-unboost|p2a: Grimmsnarl|spa|1
|
|-heal|p1a: Altaria|24/100|[from] item: Leftovers
|upkeep
|turn|20
|
|t:|1759069932
|move|p2a: Grimmsnarl|Light Screen|p2a: Grimmsnarl
|-sidestart|p2: Snowhiteoni|move: Light Screen
|move|p1a: Altaria|Moonblast|p2a: Grimmsnarl
|-supereffective|p2a: Grimmsnarl
|-damage|p2a: Grimmsnarl|0 fnt
|faint|p2a: Grimmsnarl
|
|-heal|p1a: Altaria|30/100|[from] item: Leftovers
|upkeep
|
|t:|1759069945
|switch|p2a: Corviknight|Corviknight, F|90/100
|-ability|p2a: Corviknight|Pressure
|turn|21
|
|t:|1759069951
|switch|p1a: Lycanroc|Lycanroc-Dusk, F|100/100
|move|p2a: Corviknight|Brave Bird|p1a: Lycanroc
|-resisted|p1a: Lycanroc
|-damage|p1a: Lycanroc|70/100
|-damage|p2a: Corviknight|83/100|[from] Recoil
|
|-heal|p2a: Corviknight|89/100|[from] item: Leftovers
|upkeep
|turn|22
|
|t:|1759069961
|move|p1a: Lycanroc|Swords Dance|p1a: Lycanroc
|-boost|p1a: Lycanroc|atk|2
|move|p2a: Corviknight|Iron Defense|p2a: Corviknight
|-boost|p2a: Corviknight|def|2
|
|-heal|p2a: Corviknight|96/100|[from] item: Leftovers
|upkeep
|turn|23
|
|t:|1759069969
|switch|p1a: Meganium|Meganium, M|100/100
|move|p2a: Corviknight|Iron Defense|p2a: Corviknight
|-boost|p2a: Corviknight|def|2
|
|-heal|p2a: Corviknight|100/100|[from] item: Leftovers
|upkeep
|turn|24
|
|t:|1759069977
|move|p1a: Meganium|Encore|p2a: Corviknight
|-start|p2a: Corviknight|Encore
|move|p2a: Corviknight|Iron Defense|p2a: Corviknight
|-boost|p2a: Corviknight|def|2
|
|upkeep
|turn|25
|
|t:|1759070003
|move|p1a: Meganium|Leech Seed|p2a: Corviknight
|-start|p2a: Corviknight|move: Leech Seed
|move|p2a: Corviknight|Iron Defense|p2a: Corviknight
|-boost|p2a: Corviknight|def|0
|
|-damage|p2a: Corviknight|88/100|[from] Leech Seed|[of] p1a: Meganium
|upkeep
|turn|26
|inactive|Snowhiteoni has 120 seconds left.
|
|t:|1759070019
|switch|p1a: Altaria|Altaria, F|30/100
|switch|p2a: Glimmora|Glimmora, F|100/100
|
|-heal|p1a: Altaria|36/100|[from] item: Leftovers
|upkeep
|turn|27
|inactive|Snowhiteoni has 120 seconds left.
|
|t:|1759070033
|switch|p1a: Poliwrath|Poliwrath, F|100/100
|move|p2a: Glimmora|Power Gem|p1a: Poliwrath
|-resisted|p1a: Poliwrath
|-damage|p1a: Poliwrath|83/100
|
|-heal|p1a: Poliwrath|89/100|[from] item: Leftovers
|-sideend|p2: Snowhiteoni|move: Light Screen
|upkeep
|turn|28
|
|t:|1759070042
|switch|p2a: Corviknight|Corviknight, F|88/100
|-ability|p2a: Corviknight|Pressure
|move|p1a: Poliwrath|Bulk Up|p1a: Poliwrath
|-boost|p1a: Poliwrath|atk|1
|-boost|p1a: Poliwrath|def|1
|
|-heal|p1a: Poliwrath|95/100|[from] item: Leftovers
|-heal|p2a: Corviknight|94/100|[from] item: Leftovers
|upkeep
|turn|29
|
|t:|1759070054
|move|p1a: Poliwrath|Bulk Up|p1a: Poliwrath
|-boost|p1a: Poliwrath|atk|1
|-boost|p1a: Poliwrath|def|1
|move|p2a: Corviknight|Iron Defense|p2a: Corviknight
|-boost|p2a: Corviknight|def|2
|
|-heal|p1a: Poliwrath|100/100|[from] item: Leftovers
|-heal|p2a: Corviknight|100/100|[from] item: Leftovers
|upkeep
|turn|30
|
|t:|1759070064
|switch|p1a: Meganium|Meganium, M|100/100
|move|p2a: Corviknight|Iron Defense|p2a: Corviknight
|-boost|p2a: Corviknight|def|2
|
|upkeep
|turn|31
|
|t:|1759070070
|move|p1a: Meganium|Encore|p2a: Corviknight
|-start|p2a: Corviknight|Encore
|move|p2a: Corviknight|Iron Defense|p2a: Corviknight
|-boost|p2a: Corviknight|def|2
|
|upkeep
|turn|32
|
|t:|1759070083
|switch|p1a: Altaria|Altaria, F|36/100
|move|p2a: Corviknight|Iron Defense|p2a: Corviknight
|-boost|p2a: Corviknight|def|0
|
|-heal|p1a: Altaria|43/100|[from] item: Leftovers
|upkeep
|turn|33
|
|t:|1759070092
|move|p1a: Altaria|Will-O-Wisp|p2a: Corviknight
|-status|p2a: Corviknight|brn
|move|p2a: Corviknight|Iron Defense|p2a: Corviknight
|-boost|p2a: Corviknight|def|0
|
|-heal|p1a: Altaria|49/100|[from] item: Leftovers
|-damage|p2a: Corviknight|94/100 brn|[from] brn
|-end|p2a: Corviknight|Encore
|upkeep
|turn|34
|
|t:|1759070105
|switch|p1a: Meganium|Meganium, M|100/100
|move|p2a: Corviknight|Body Press|p1a: Meganium
|-damage|p1a: Meganium|66/100
|
|-heal|p1a: Meganium|72/100|[from] item: Leftovers
|-heal|p2a: Corviknight|100/100 brn|[from] item: Leftovers
|-damage|p2a: Corviknight|94/100 brn|[from] brn
|upkeep
|turn|35
|
|t:|1759070115
|move|p1a: Meganium|Encore|p2a: Corviknight
|-start|p2a: Corviknight|Encore
|move|p2a: Corviknight|Body Press|p1a: Meganium
|-damage|p1a: Meganium|36/100
|
|-heal|p1a: Meganium|43/100|[from] item: Leftovers
|-heal|p2a: Corviknight|100/100 brn|[from] item: Leftovers
|-damage|p2a: Corviknight|94/100 brn|[from] brn
|upkeep
|turn|36
|
|t:|1759070125
|move|p1a: Meganium|Leech Seed|p2a: Corviknight
|-start|p2a: Corviknight|move: Leech Seed
|move|p2a: Corviknight|Body Press|p1a: Meganium
|-damage|p1a: Meganium|5/100
|
|-heal|p1a: Meganium|11/100|[from] item: Leftovers
|-heal|p2a: Corviknight|100/100 brn|[from] item: Leftovers
|-damage|p2a: Corviknight|88/100 brn|[from] Leech Seed|[of] p1a: Meganium
|-heal|p1a: Meganium|24/100|[silent]
|-damage|p2a: Corviknight|82/100 brn|[from] brn
|upkeep
|turn|37
|
|t:|1759070136
|move|p1a: Meganium|Synthesis|p1a: Meganium
|-heal|p1a: Meganium|74/100
|move|p2a: Corviknight|Body Press|p1a: Meganium
|-damage|p1a: Meganium|36/100
|
|-heal|p1a: Meganium|43/100|[from] item: Leftovers
|-heal|p2a: Corviknight|88/100 brn|[from] item: Leftovers
|-damage|p2a: Corviknight|75/100 brn|[from] Leech Seed|[of] p1a: Meganium
|-heal|p1a: Meganium|56/100|[silent]
|-damage|p2a: Corviknight|69/100 brn|[from] brn
|-end|p2a: Corviknight|Encore
|upkeep
|turn|38
|
|t:|1759070149
|move|p1a: Meganium|Encore|p2a: Corviknight
|-start|p2a: Corviknight|Encore
|move|p2a: Corviknight|Body Press|p1a: Meganium
|-damage|p1a: Meganium|20/100
|
|-heal|p1a: Meganium|26/100|[from] item: Leftovers
|-heal|p2a: Corviknight|75/100 brn|[from] item: Leftovers
|-damage|p2a: Corviknight|63/100 brn|[from] Leech Seed|[of] p1a: Meganium
|-heal|p1a: Meganium|40/100|[silent]
|-damage|p2a: Corviknight|57/100 brn|[from] brn
|upkeep
|turn|39
|
|t:|1759070163
|switch|p2a: Glimmora|Glimmora, F|100/100
|move|p1a: Meganium|Synthesis|p1a: Meganium
|-heal|p1a: Meganium|90/100
|
|-heal|p1a: Meganium|96/100|[from] item: Leftovers
|upkeep
|turn|40
|
|t:|1759070173
|switch|p1a: Altaria|Altaria, F|49/100
|move|p2a: Glimmora|Mortal Spin|p1a: Altaria
|-damage|p1a: Altaria|42/100
|-status|p1a: Altaria|psn
|
|-heal|p1a: Altaria|48/100 psn|[from] item: Leftovers
|-damage|p1a: Altaria|36/100 psn|[from] psn
|upkeep
|turn|41
|
|t:|1759070187
|move|p2a: Glimmora|Mortal Spin|p1a: Altaria
|-damage|p1a: Altaria|28/100 psn
|move|p1a: Altaria|Will-O-Wisp|p2a: Glimmora
|-status|p2a: Glimmora|brn
|
|-heal|p1a: Altaria|34/100 psn|[from] item: Leftovers
|-damage|p1a: Altaria|22/100 psn|[from] psn
|-damage|p2a: Glimmora|94/100 brn|[from] brn
|upkeep
|turn|42
|
|t:|1759070200
|-curestatus|p1a: Altaria|psn|[from] ability: Natural Cure
|switch|p1a: Lycanroc|Lycanroc-Dusk, F|70/100
|move|p2a: Glimmora|Mortal Spin|p1a: Lycanroc
|-resisted|p1a: Lycanroc
|-damage|p1a: Lycanroc|68/100
|-status|p1a: Lycanroc|psn
|
|-damage|p1a: Lycanroc|55/100 psn|[from] psn
|-damage|p2a: Glimmora|88/100 brn|[from] brn
|upkeep
|turn|43
|
|t:|1759070212
|switch|p2a: Quaquaval|Quaquaval, F|100/100
|move|p1a: Lycanroc|Swords Dance|p1a: Lycanroc
|-boost|p1a: Lycanroc|atk|2
|
|-damage|p1a: Lycanroc|43/100 psn|[from] psn
|upkeep
|turn|44
|
|t:|1759070220
|move|p1a: Lycanroc|Play Rough|p2a: Quaquaval
|-supereffective|p2a: Quaquaval
|-damage|p2a: Quaquaval|0 fnt
|faint|p2a: Quaquaval
|-damage|p1a: Lycanroc|33/100 psn|[from] item: Life Orb
|
|-damage|p1a: Lycanroc|20/100 psn|[from] psn
|upkeep
|
|t:|1759070236
|switch|p2a: Corviknight|Corviknight, F|57/100 brn
|-ability|p2a: Corviknight|Pressure
|turn|45
|
|t:|1759070241
|move|p1a: Lycanroc|Accelerock|p2a: Corviknight
|-damage|p2a: Corviknight|7/100 brn
|-damage|p1a: Lycanroc|10/100 psn|[from] item: Life Orb
|move|p2a: Corviknight|Roost|p2a: Corviknight
|-heal|p2a: Corviknight|57/100 brn
|-singleturn|p2a: Corviknight|move: Roost
|
|-heal|p2a: Corviknight|63/100 brn|[from] item: Leftovers
|-damage|p1a: Lycanroc|0 fnt|[from] psn
|faint|p1a: Lycanroc
|-damage|p2a: Corviknight|57/100 brn|[from] brn
|upkeep
|
|t:|1759070255
|switch|p1a: Meganium|Meganium, M|96/100
|turn|46
|
|t:|1759070265
|switch|p2a: Mamoswine|Mamoswine, F|49/100
|move|p1a: Meganium|Leech Seed|p2a: Mamoswine|[miss]
|-miss|p1a: Meganium|p2a: Mamoswine
|
|-heal|p1a: Meganium|100/100|[from] item: Leftovers
|upkeep
|turn|47
|
|t:|1759070275
|switch|p1a: Poliwrath|Poliwrath, F|100/100
|move|p2a: Mamoswine|Icicle Crash|p1a: Poliwrath|[miss]
|-miss|p2a: Mamoswine|p1a: Poliwrath
|
|upkeep
|turn|48
|
|t:|1759070282
|switch|p2a: Corviknight|Corviknight, F|57/100 brn
|-ability|p2a: Corviknight|Pressure
|move|p1a: Poliwrath|Bulk Up|p1a: Poliwrath
|-boost|p1a: Poliwrath|atk|1
|-boost|p1a: Poliwrath|def|1
|
|-heal|p2a: Corviknight|63/100 brn|[from] item: Leftovers
|-damage|p2a: Corviknight|57/100 brn|[from] brn
|upkeep
|turn|49
|l|☆Snowhiteoni
|inactive|Snowhiteoni disconnected and has a minute to reconnect!
|player|p2|
|j|☆Snowhiteoni
|inactive|Snowhiteoni reconnected and has 130 seconds left.
|player|p2|Snowhiteoni|102|
|-message|Snowhiteoni forfeited.
|
|win|cozyprincemshroom
|raw|cozyprincemshroom's rating: 1083 &rarr; <strong>1114</strong><br />(+31 for winning)
|raw|Snowhiteoni's rating: 1127 &rarr; <strong>1099</strong><br />(-28 for losing)
|l|☆Snowhiteoni
|player|p2|
|l|☆cozyprincemshroom
|player|p1|
