|badge|p2|bronze|gen9ou|100-6
|html|<div class="broadcast-red"><strong>This battle is required to be public due to one or more player having a season medal.</strong><br />During the public phase, you can discuss the state of the ladder <a href="/seasondiscussion">in a special chatroom.</a></div>
|uhtml|medal-msg|<div class="broadcast-blue">Curious what those medals under the avatar are? PS now has Ladder Seasons! For more information, check out the <a href="https://www.smogon.com/forums/threads/3740067/">thread on Smogon.</a></div>
|raw|<div class="broadcast-blue"><strong>This battle is required to be public due to a player having a name starting with 'medal'.</div>
|j|☆art of unmoning
|j|☆ADM02
|t:|1758962237
|gametype|singles
|player|p1|art of unmoning|waiter-gen4dp|1545
|player|p2|ADM02|101|1826
|gen|9
|tier|[Gen 9] OU
|rated|
|rule|HP Percentage Mod: HP is shown in percentages
|rule|Endless Battle Clause: Forcing endless battles is banned
|rule|Species Clause: Limit one of each Pokémon
|rule|OHKO Clause: OHKO moves are banned
|rule|Evasion Items Clause: Evasion items are banned
|rule|Evasion Moves Clause: Evasion moves are banned
|rule|Evasion Abilities Clause: Evasion abilities are banned
|rule|Sleep Moves Clause: Sleep-inducing moves are banned
|clearpoke
|poke|p1|Slowking, F|
|poke|p1|Tyranitar, F|
|poke|p1|Excadrill, F|
|poke|p1|Zamazenta-*|
|poke|p1|Corviknight, F|
|poke|p1|Weezing-Galar, M|
|poke|p2|Cinderace, M|
|poke|p2|Clefable, F|
|poke|p2|Salamence, F|
|poke|p2|Dragonite, M|
|poke|p2|Hoopa-Unbound|
|poke|p2|Clodsire, M|
|teampreview
|inactive|Battle timer is ON: inactive players will automatically lose when time's up. (requested by art of unmoning)
|c|☆art of unmoning|Hf
|inactive|art of unmoning has 120 seconds left.
|
|t:|1758962274
|teamsize|p1|6
|teamsize|p2|6
|start
|switch|p1a: Zamazenta|Zamazenta|100/100
|switch|p2a: Clodsire|Clodsire, M|100/100
|-ability|p1a: Zamazenta|Dauntless Shield|boost
|-boost|p1a: Zamazenta|def|1
|turn|1
|
|t:|1758962282
|switch|p1a: Weezing|Weezing-Galar, M|100/100
|-ability|p1a: Weezing|Neutralizing Gas
|move|p2a: Clodsire|Stealth Rock|p1a: Weezing
|-sidestart|p1: art of unmoning|move: Stealth Rock
|
|upkeep
|turn|2
|
|t:|1758962288
|switch|p2a: Clefable|Clefable, F|100/100
|move|p1a: Weezing|Will-O-Wisp|p2a: Clefable
|-status|p2a: Clefable|brn
|
|-damage|p2a: Clefable|94/100 brn|[from] brn
|upkeep
|turn|3
|j| larp legion
|
|t:|1758962299
|move|p1a: Weezing|Sludge Bomb|p2a: Clefable
|-supereffective|p2a: Clefable
|-damage|p2a: Clefable|41/100 brn
|move|p2a: Clefable|Calm Mind|p2a: Clefable
|-boost|p2a: Clefable|spa|1
|-boost|p2a: Clefable|spd|1
|
|-heal|p2a: Clefable|47/100 brn|[from] item: Leftovers
|-damage|p2a: Clefable|41/100 brn|[from] brn
|upkeep
|turn|4
|
|t:|1758962304
|move|p2a: Clefable|Protect|p2a: Clefable
|-singleturn|p2a: Clefable|Protect
|move|p1a: Weezing|Sludge Bomb|p2a: Clefable
|-activate|p2a: Clefable|move: Protect
|
|-heal|p2a: Clefable|47/100 brn|[from] item: Leftovers
|-damage|p2a: Clefable|41/100 brn|[from] brn
|upkeep
|turn|5
|
|t:|1758962316
|move|p1a: Weezing|Sludge Bomb|p2a: Clefable
|-supereffective|p2a: Clefable
|-damage|p2a: Clefable|5/100 brn
|move|p2a: Clefable|Wish|p2a: Clefable
|
|-heal|p2a: Clefable|11/100 brn|[from] item: Leftovers
|-damage|p2a: Clefable|5/100 brn|[from] brn
|upkeep
|turn|6
|
|t:|1758962327
|-end|p1a: Weezing|ability: Neutralizing Gas
|switch|p1a: Tyranitar|Tyranitar, F|100/100
|-damage|p1a: Tyranitar|88/100|[from] Stealth Rock
|-weather|Sandstorm|[from] ability: Sand Stream|[of] p1a: Tyranitar
|move|p2a: Clefable|Protect||[still]
|-fail|p2a: Clefable
|
|-weather|Sandstorm|[upkeep]
|-heal|p2a: Clefable|55/100 brn|[from] move: Wish|[wisher] Clefable
|-heal|p1a: Tyranitar|94/100|[from] item: Leftovers
|-heal|p2a: Clefable|61/100 brn|[from] item: Leftovers
|upkeep
|turn|7
|
|t:|1758962339
|switch|p1a: Excadrill|Excadrill, F|100/100
|-damage|p1a: Excadrill|98/100|[from] Stealth Rock
|move|p2a: Clefable|Moonblast|p1a: Excadrill
|-resisted|p1a: Excadrill
|-damage|p1a: Excadrill|72/100
|
|-weather|Sandstorm|[upkeep]
|-heal|p1a: Excadrill|78/100|[from] item: Leftovers
|-heal|p2a: Clefable|67/100 brn|[from] item: Leftovers
|upkeep
|turn|8
|
|t:|1758962347
|switch|p2a: Salamence|Salamence, F|100/100
|-ability|p2a: Salamence|Intimidate|boost
|-unboost|p1a: Excadrill|atk|1
|move|p1a: Excadrill|Swords Dance|p1a: Excadrill
|-boost|p1a: Excadrill|atk|2
|
|-weather|Sandstorm|[upkeep]
|-damage|p2a: Salamence|94/100|[from] Sandstorm
|-heal|p1a: Excadrill|84/100|[from] item: Leftovers
|upkeep
|turn|9
|inactive|art of unmoning has 120 seconds left.
|
|t:|1758962385
|move|p1a: Excadrill|Rock Slide|p2a: Salamence
|-supereffective|p2a: Salamence
|-damage|p2a: Salamence|42/100
|move|p2a: Salamence|Flamethrower|p1a: Excadrill
|-supereffective|p1a: Excadrill
|-damage|p1a: Excadrill|32/100
|
|-weather|Sandstorm|[upkeep]
|-damage|p2a: Salamence|36/100|[from] Sandstorm
|-heal|p1a: Excadrill|38/100|[from] item: Leftovers
|upkeep
|turn|10
|inactive|art of unmoning has 120 seconds left.
|
|t:|1758962410
|switch|p2a: Clodsire|Clodsire, M|100/100
|move|p1a: Excadrill|Rock Slide|p2a: Clodsire
|-resisted|p2a: Clodsire
|-damage|p2a: Clodsire|88/100
|
|-weather|none
|-heal|p1a: Excadrill|44/100|[from] item: Leftovers
|upkeep
|turn|11
|
|t:|1758962419
|switch|p1a: Corviknight|Corviknight, F|100/100
|-damage|p1a: Corviknight|88/100|[from] Stealth Rock
|-ability|p1a: Corviknight|Pressure
|switch|p2a: Salamence|Salamence, F|36/100
|-ability|p2a: Salamence|Intimidate|boost
|-unboost|p1a: Corviknight|atk|1
|
|-heal|p1a: Corviknight|94/100|[from] item: Leftovers
|upkeep
|turn|12
|
|t:|1758962427
|move|p2a: Salamence|Roost|p2a: Salamence
|-heal|p2a: Salamence|86/100
|-singleturn|p2a: Salamence|move: Roost
|move|p1a: Corviknight|U-turn|p2a: Salamence
|-damage|p2a: Salamence|80/100
|
|t:|1758962438
|switch|p1a: Zamazenta|Zamazenta|100/100|[from] U-turn
|-damage|p1a: Zamazenta|94/100|[from] Stealth Rock
|
|upkeep
|turn|13
|
|t:|1758962445
|switch|p2a: Clefable|Clefable, F|67/100 brn
|move|p1a: Zamazenta|Stone Edge|p2a: Clefable
|-damage|p2a: Clefable|32/100 brn
|
|-heal|p2a: Clefable|39/100 brn|[from] item: Leftovers
|upkeep
|turn|14
|
|t:|1758962454
|move|p1a: Zamazenta|Stone Edge|p2a: Clefable
|-damage|p2a: Clefable|4/100 brn
|move|p2a: Clefable|Wish|p2a: Clefable
|
|-heal|p2a: Clefable|10/100 brn|[from] item: Leftovers
|upkeep
|turn|15
|
|t:|1758962463
|switch|p1a: Weezing|Weezing-Galar, M|100/100
|-ability|p1a: Weezing|Neutralizing Gas
|move|p2a: Clefable|Protect||[still]
|-fail|p2a: Clefable
|
|-heal|p2a: Clefable|60/100 brn|[from] move: Wish|[wisher] Clefable
|-heal|p2a: Clefable|66/100 brn|[from] item: Leftovers
|-damage|p2a: Clefable|60/100 brn|[from] brn
|upkeep
|turn|16
|
|t:|1758962476
|switch|p2a: Hoopa|Hoopa-Unbound|100/100
|move|p1a: Weezing|Sludge Bomb|p2a: Hoopa
|-damage|p2a: Hoopa|90/100
|-status|p2a: Hoopa|psn
|
|-damage|p2a: Hoopa|77/100 psn|[from] psn
|upkeep
|turn|17
|
|t:|1758962494
|move|p2a: Hoopa|Knock Off|p1a: Weezing
|-resisted|p1a: Weezing
|-damage|p1a: Weezing|85/100
|-enditem|p1a: Weezing|Heavy-Duty Boots|[from] move: Knock Off|[of] p2a: Hoopa
|move|p1a: Weezing|Defog|p2a: Hoopa
|-unboost|p2a: Hoopa|evasion|1
|-sideend|p1: art of unmoning|Stealth Rock|[from] move: Defog|[of] p1a: Weezing
|
|-damage|p2a: Hoopa|65/100 psn|[from] psn
|upkeep
|turn|18
|
|t:|1758962500
|-end|p1a: Weezing|ability: Neutralizing Gas
|switch|p1a: Slowking|Slowking, F|100/100
|move|p2a: Hoopa|Psychic Noise|p1a: Slowking
|-resisted|p1a: Slowking
|-damage|p1a: Slowking|90/100
|-start|p1a: Slowking|move: Heal Block
|
|-damage|p2a: Hoopa|53/100 psn|[from] psn
|upkeep
|turn|19
|
|t:|1758962509
|switch|p1a: Weezing|Weezing-Galar, M|85/100
|-ability|p1a: Weezing|Neutralizing Gas
|move|p2a: Hoopa|Knock Off|p1a: Weezing
|-resisted|p1a: Weezing
|-damage|p1a: Weezing|75/100
|
|-damage|p2a: Hoopa|41/100 psn|[from] psn
|upkeep
|turn|20
|
|t:|1758962515
|switch|p2a: Clefable|Clefable, F|60/100 brn
|move|p1a: Weezing|Sludge Bomb|p2a: Clefable
|-supereffective|p2a: Clefable
|-damage|p2a: Clefable|8/100 brn
|
|-heal|p2a: Clefable|14/100 brn|[from] item: Leftovers
|-damage|p2a: Clefable|8/100 brn|[from] brn
|upkeep
|turn|21
|
|t:|1758962523
|move|p1a: Weezing|Sludge Bomb|p2a: Clefable
|-supereffective|p2a: Clefable
|-damage|p2a: Clefable|0 fnt
|faint|p2a: Clefable
|
|upkeep
|
|t:|1758962530
|switch|p2a: Hoopa|Hoopa-Unbound|41/100 psn
|turn|22
|
|t:|1758962535
|-end|p1a: Weezing|ability: Neutralizing Gas
|switch|p1a: Tyranitar|Tyranitar, F|94/100
|-weather|Sandstorm|[from] ability: Sand Stream|[of] p1a: Tyranitar
|move|p2a: Hoopa|Thunderbolt|p1a: Tyranitar
|-damage|p1a: Tyranitar|78/100
|
|-weather|Sandstorm|[upkeep]
|-damage|p2a: Hoopa|35/100 psn|[from] Sandstorm
|-heal|p1a: Tyranitar|84/100|[from] item: Leftovers
|-damage|p2a: Hoopa|22/100 psn|[from] psn
|upkeep
|turn|23
|
|t:|1758962540
|move|p2a: Hoopa|Focus Blast|p1a: Tyranitar
|-supereffective|p1a: Tyranitar
|-damage|p1a: Tyranitar|0 fnt
|faint|p1a: Tyranitar
|
|-weather|Sandstorm|[upkeep]
|-damage|p2a: Hoopa|16/100 psn|[from] Sandstorm
|-damage|p2a: Hoopa|4/100 psn|[from] psn
|upkeep
|
|t:|1758962546
|switch|p1a: Excadrill|Excadrill, F|44/100
|turn|24
|
|t:|1758962550
|move|p1a: Excadrill|Rapid Spin|p2a: Hoopa
|-damage|p2a: Hoopa|0 fnt
|-boost|p1a: Excadrill|spe|1
|faint|p2a: Hoopa
|
|-weather|Sandstorm|[upkeep]
|-heal|p1a: Excadrill|50/100|[from] item: Leftovers
|upkeep
|
|t:|1758962552
|switch|p2a: Salamence|Salamence, F|80/100
|-ability|p2a: Salamence|Intimidate|boost
|-unboost|p1a: Excadrill|atk|1
|turn|25
|
|t:|1758962557
|switch|p1a: Slowking|Slowking, F|100/100
|move|p2a: Salamence|Flamethrower|p1a: Slowking
|-resisted|p1a: Slowking
|-damage|p1a: Slowking|95/100
|
|-weather|Sandstorm|[upkeep]
|-damage|p2a: Salamence|74/100|[from] Sandstorm
|-damage|p1a: Slowking|89/100|[from] Sandstorm
|upkeep
|turn|26
|
|t:|1758962565
|move|p2a: Salamence|Air Slash|p1a: Slowking
|-damage|p1a: Slowking|75/100
|cant|p1a: Slowking|flinch
|
|-weather|none
|upkeep
|turn|27
|
|t:|1758962569
|switch|p2a: Clodsire|Clodsire, M|88/100
|move|p1a: Slowking|Future Sight|p2a: Clodsire
|-start|p1a: Slowking|move: Future Sight
|
|upkeep
|turn|28
|
|t:|1758962574
|switch|p1a: Corviknight|Corviknight, F|94/100
|-ability|p1a: Corviknight|Pressure
|move|p2a: Clodsire|Stealth Rock|p1a: Corviknight
|-sidestart|p1: art of unmoning|move: Stealth Rock
|
|-heal|p1a: Corviknight|99/100|[from] item: Leftovers
|upkeep
|turn|29
|
|t:|1758962578
|switch|p2a: Salamence|Salamence, F|74/100
|-ability|p2a: Salamence|Intimidate|boost
|-unboost|p1a: Corviknight|atk|1
|move|p1a: Corviknight|Brave Bird|p2a: Salamence
|-damage|p2a: Salamence|57/100
|-damage|p1a: Corviknight|95/100|[from] Recoil
|
|-end|p2a: Salamence|move: Future Sight
|-damage|p2a: Salamence|5/100
|-heal|p1a: Corviknight|100/100|[from] item: Leftovers
|upkeep
|turn|30
|
|t:|1758962586
|move|p2a: Salamence|Roost|p2a: Salamence
|-heal|p2a: Salamence|55/100
|-singleturn|p2a: Salamence|move: Roost
|move|p1a: Corviknight|U-turn|p2a: Salamence
|-damage|p2a: Salamence|47/100
|
|t:|1758962591
|switch|p1a: Slowking|Slowking, F|100/100|[from] U-turn
|-damage|p1a: Slowking|88/100|[from] Stealth Rock
|
|upkeep
|turn|31
|
|t:|1758962593
|switch|p2a: Clodsire|Clodsire, M|88/100
|move|p1a: Slowking|Future Sight|p2a: Clodsire
|-start|p1a: Slowking|move: Future Sight
|
|upkeep
|turn|32
|
|t:|1758962598
|switch|p2a: Salamence|Salamence, F|47/100
|-ability|p2a: Salamence|Intimidate|boost
|-unboost|p1a: Slowking|atk|1
|move|p1a: Slowking|Psychic Noise|p2a: Salamence
|-damage|p2a: Salamence|18/100
|-start|p2a: Salamence|move: Heal Block
|
|upkeep
|turn|33
|
|t:|1758962606
|move|p2a: Salamence|Air Slash|p1a: Slowking
|-damage|p1a: Slowking|74/100
|move|p1a: Slowking|Psychic Noise|p2a: Salamence
|-damage|p2a: Salamence|0 fnt
|faint|p2a: Salamence
|
|-hint|Future Sight did not hit because the target is fainted.
|upkeep
|
|t:|1758962611
|switch|p2a: Clodsire|Clodsire, M|88/100
|turn|34
|
|t:|1758962615
|switch|p1a: Corviknight|Corviknight, F|100/100
|-damage|p1a: Corviknight|88/100|[from] Stealth Rock
|-ability|p1a: Corviknight|Pressure
|move|p2a: Clodsire|Toxic|p1a: Corviknight
|-immune|p1a: Corviknight
|
|-heal|p1a: Corviknight|94/100|[from] item: Leftovers
|upkeep
|turn|35
|
|t:|1758962617
|switch|p2a: Cinderace|Cinderace, M|100/100
|move|p1a: Corviknight|Brave Bird|p2a: Cinderace
|-crit|p2a: Cinderace
|-damage|p2a: Cinderace|25/100
|-damage|p1a: Corviknight|75/100|[from] Recoil
|
|-heal|p1a: Corviknight|81/100|[from] item: Leftovers
|upkeep
|turn|36
|
|t:|1758962622
|switch|p1a: Slowking|Slowking, F|100/100
|-damage|p1a: Slowking|88/100|[from] Stealth Rock
|move|p2a: Cinderace|Pyro Ball|p1a: Slowking|[miss]
|-miss|p2a: Cinderace|p1a: Slowking
|
|upkeep
|turn|37
|
|t:|1758962628
|move|p2a: Cinderace|Swords Dance|p2a: Cinderace
|-boost|p2a: Cinderace|atk|2
|move|p1a: Slowking|Scald|p2a: Cinderace
|-supereffective|p2a: Cinderace
|-damage|p2a: Cinderace|0 fnt
|faint|p2a: Cinderace
|
|upkeep
|
|t:|1758962633
|switch|p2a: Clodsire|Clodsire, M|88/100
|turn|38
|
|t:|1758962638
|switch|p1a: Weezing|Weezing-Galar, M|75/100
|-ability|p1a: Weezing|Neutralizing Gas
|-damage|p1a: Weezing|63/100|[from] Stealth Rock
|switch|p2a: Dragonite|Dragonite, M|100/100
|
|upkeep
|turn|39
|
|t:|1758962641
|move|p2a: Dragonite|Earthquake|p1a: Weezing
|-supereffective|p1a: Weezing
|-damage|p1a: Weezing|15/100
|move|p1a: Weezing|Will-O-Wisp|p2a: Dragonite
|-status|p2a: Dragonite|brn
|
|-damage|p2a: Dragonite|94/100 brn|[from] brn
|upkeep
|turn|40
|-message|ADM02 forfeited.
|
|win|art of unmoning
|raw|art of unmoning's rating: 1545 &rarr; <strong>1578</strong><br />(+33 for winning)
|raw|ADM02's rating: 1826 &rarr; <strong>1793</strong><br />(-33 for losing)
|l|☆ADM02
|player|p2|
|c|☆art of unmoning|Gg
|l|☆art of unmoning
|player|p1|
