|j|☆tankman067
|j|☆the tay
|t:|1759009685
|gametype|singles
|player|p1|tankman067|2|1223
|player|p2|the tay|raihan-masters|1290
|gen|9
|tier|[Gen 9] OU
|rated|
|rule|HP Percentage Mod: HP is shown in percentages
|rule|Endless Battle Clause: Forcing endless battles is banned
|rule|Species Clause: Limit one of each Pokémon
|rule|OHKO Clause: OHKO moves are banned
|rule|Evasion Items Clause: Evasion items are banned
|rule|Evasion Moves Clause: Evasion moves are banned
|rule|Evasion Abilities Clause: Evasion abilities are banned
|rule|Sleep Moves Clause: Sleep-inducing moves are banned
|clearpoke
|poke|p1|Lokix, M|
|poke|p1|Landorus-Therian, M|
|poke|p1|Gengar, F|
|poke|p1|Metagross|
|poke|p1|Latios, M|
|poke|p1|Corviknight, M|
|poke|p2|Zoroark, M|
|poke|p2|Iron Hands|
|poke|p2|Vivillon, M|
|poke|p2|Zamazenta-*|
|poke|p2|Ogerpon-Wellspring, F|
|poke|p2|Meowscarada, F|
|teampreview
|
|t:|1759009709
|teamsize|p1|6
|teamsize|p2|6
|start
|switch|p1a: Lokix|Lokix, M, shiny|100/100
|switch|p2a: Iron Hands|Iron Hands|100/100
|turn|1
|
|t:|1759009719
|move|p2a: Iron Hands|Nasty Plot|p2a: Iron Hands
|-boost|p2a: Iron Hands|spa|2
|move|p1a: Lokix|U-turn|p2a: Iron Hands
|-supereffective|p2a: Iron Hands
|-enditem|p2a: Iron Hands|Focus Sash
|-damage|p2a: Iron Hands|1/100
|replace|p2a: Zoroark|Zoroark, M
|-end|p2a: Zoroark|Illusion
|
|t:|1759009732
|switch|p1a: Landorus|Landorus-Therian, M|100/100|[from] U-turn
|-ability|p1a: Landorus|Intimidate|boost
|-unboost|p2a: Zoroark|atk|1
|
|upkeep
|turn|2
|l|☆the tay
|player|p2|
|j|☆the tay
|player|p2|the tay|raihan-masters|
|
|t:|1759009770
|move|p2a: Zoroark|Dark Pulse|p1a: Landorus
|-damage|p1a: Landorus|2/100
|move|p1a: Landorus|U-turn|p2a: Zoroark
|-supereffective|p2a: Zoroark
|-damage|p2a: Zoroark|0 fnt
|faint|p2a: Zoroark
|inactive|Battle timer is ON: inactive players will automatically lose when time's up. (requested by tankman067)
|
|t:|1759009777
|switch|p1a: Lokix|Lokix, M, shiny|100/100|[from] U-turn
|
|upkeep
|
|t:|1759009785
|switch|p2a: Zamazenta|Zamazenta|100/100
|-ability|p2a: Zamazenta|Dauntless Shield|boost
|-boost|p2a: Zamazenta|def|1
|turn|3
|
|t:|1759009794
|switch|p1a: Metagross|Metagross, shiny|100/100
|move|p2a: Zamazenta|Iron Defense|p2a: Zamazenta
|-boost|p2a: Zamazenta|def|2
|
|upkeep
|turn|4
|
|t:|1759009805
|move|p2a: Zamazenta|Iron Defense|p2a: Zamazenta
|-boost|p2a: Zamazenta|def|2
|move|p1a: Metagross|Knock Off|p2a: Zamazenta
|-resisted|p2a: Zamazenta
|-damage|p2a: Zamazenta|96/100
|-enditem|p2a: Zamazenta|Leftovers|[from] move: Knock Off|[of] p1a: Metagross
|
|upkeep
|turn|5
|
|t:|1759009815
|move|p2a: Zamazenta|Body Press|p1a: Metagross
|-damage|p1a: Metagross|23/100
|move|p1a: Metagross|Zen Headbutt|p2a: Zamazenta
|-supereffective|p2a: Zamazenta
|-damage|p2a: Zamazenta|76/100
|
|-heal|p1a: Metagross|29/100|[from] item: Leftovers
|upkeep
|turn|6
|
|t:|1759009827
|move|p2a: Zamazenta|Crunch|p1a: Metagross
|-supereffective|p1a: Metagross
|-damage|p1a: Metagross|0 fnt
|faint|p1a: Metagross
|
|upkeep
|
|t:|1759009832
|switch|p1a: Latios|Latios, M, shiny|100/100
|turn|7
|
|t:|1759009845
|switch|p2a: Meowscarada|Meowscarada, F|100/100
|move|p1a: Latios|Psychic Noise|p2a: Meowscarada
|-immune|p2a: Meowscarada
|
|upkeep
|turn|8
|
|t:|1759009856
|move|p2a: Meowscarada|Triple Axel|p1a: Latios
|-start|p2a: Meowscarada|typechange|Ice|[from] ability: Protean
|-supereffective|p1a: Latios
|-damage|p1a: Latios|76/100
|-supereffective|p1a: Latios
|-damage|p1a: Latios|28/100
|-supereffective|p1a: Latios
|-damage|p1a: Latios|0 fnt
|faint|p1a: Latios
|-hitcount|p1: Latios|3
|
|upkeep
|
|t:|1759009870
|switch|p1a: Corviknight|Corviknight, M, shiny|100/100
|-ability|p1a: Corviknight|Pressure
|turn|9
|
|t:|1759009886
|move|p2a: Meowscarada|U-turn|p1a: Corviknight
|-resisted|p1a: Corviknight
|-damage|p1a: Corviknight|97/100
|-damage|p2a: Meowscarada|84/100|[from] item: Rocky Helmet|[of] p1a: Corviknight
|
|t:|1759009895
|switch|p2a: Zamazenta|Zamazenta|76/100|[from] U-turn
|move|p1a: Corviknight|Body Press|p2a: Zamazenta
|-damage|p2a: Zamazenta|57/100
|
|upkeep
|turn|10
|
|t:|1759009903
|move|p2a: Zamazenta|Iron Defense|p2a: Zamazenta
|-boost|p2a: Zamazenta|def|2
|move|p1a: Corviknight|Iron Defense|p1a: Corviknight
|-boost|p1a: Corviknight|def|2
|
|upkeep
|turn|11
|
|t:|1759009909
|move|p2a: Zamazenta|Iron Defense|p2a: Zamazenta
|-boost|p2a: Zamazenta|def|2
|move|p1a: Corviknight|Iron Defense|p1a: Corviknight
|-boost|p1a: Corviknight|def|2
|
|upkeep
|turn|12
|
|t:|1759009916
|move|p1a: Corviknight|Body Press|p2a: Zamazenta
|-damage|p2a: Zamazenta|36/100
|move|p2a: Zamazenta|Roar|p1a: Corviknight
|drag|p1a: Gengar|Gengar, F|100/100
|
|upkeep
|turn|13
|
|t:|1759009925
|move|p2a: Zamazenta|Crunch|p1a: Gengar
|-supereffective|p1a: Gengar
|-crit|p1a: Gengar
|-enditem|p1a: Gengar|Focus Sash
|-damage|p1a: Gengar|1/100
|move|p1a: Gengar|Shadow Ball|p2a: Zamazenta
|-damage|p2a: Zamazenta|1/100
|-unboost|p2a: Zamazenta|spd|1
|
|upkeep
|turn|14
|
|t:|1759009948
|move|p2a: Zamazenta|Crunch|p1a: Gengar
|-supereffective|p1a: Gengar
|-damage|p1a: Gengar|0 fnt
|faint|p1a: Gengar
|
|upkeep
|
|t:|1759009954
|switch|p1a: Lokix|Lokix, M, shiny|100/100
|turn|15
|
|t:|1759009967
|move|p1a: Lokix|First Impression|p2a: Zamazenta
|-resisted|p2a: Zamazenta
|-damage|p2a: Zamazenta|0 fnt
|faint|p2a: Zamazenta
|
|upkeep
|
|t:|1759009981
|switch|p2a: Iron Hands|Iron Hands|100/100
|-enditem|p2a: Iron Hands|Booster Energy
|-activate|p2a: Iron Hands|ability: Quark Drive|[fromitem]
|-start|p2a: Iron Hands|quarkdriveatk
|turn|16
|
|t:|1759009994
|move|p1a: Lokix|U-turn|p2a: Iron Hands
|-resisted|p2a: Iron Hands
|-damage|p2a: Iron Hands|77/100
|
|t:|1759009997
|switch|p1a: Landorus|Landorus-Therian, M|2/100|[from] U-turn
|-ability|p1a: Landorus|Intimidate|boost
|-unboost|p2a: Iron Hands|atk|1
|move|p2a: Iron Hands|Swords Dance|p2a: Iron Hands
|-boost|p2a: Iron Hands|atk|2
|
|upkeep
|turn|17
|
|t:|1759010007
|move|p1a: Landorus|Earthquake|p2a: Iron Hands
|-supereffective|p2a: Iron Hands
|-damage|p2a: Iron Hands|6/100
|move|p2a: Iron Hands|Drain Punch|p1a: Landorus
|-resisted|p1a: Landorus
|-crit|p1a: Landorus
|-damage|p1a: Landorus|0 fnt
|-heal|p2a: Iron Hands|6/100|[from] drain|[of] p1a: Landorus
|faint|p1a: Landorus
|
|upkeep
|
|t:|1759010018
|switch|p1a: Lokix|Lokix, M, shiny|100/100
|turn|18
|
|t:|1759010023
|-terastallize|p1a: Lokix|Bug
|move|p1a: Lokix|First Impression|p2a: Iron Hands
|-resisted|p2a: Iron Hands
|-damage|p2a: Iron Hands|0 fnt
|faint|p2a: Iron Hands
|-end|p2a: Iron Hands|Quark Drive|[silent]
|
|upkeep
|inactive|the tay has 120 seconds left.
|
|t:|1759010053
|switch|p2a: Vivillon|Vivillon, M|100/100
|turn|19
|inactive|the tay has 120 seconds left.
|l|☆the tay
|inactive|the tay disconnected and has a minute to reconnect!
|player|p2|
|j|☆the tay
|inactive|the tay reconnected and has 105 seconds left.
|player|p2|the tay|raihan-masters|
|
|t:|1759010089
|move|p2a: Vivillon|Stun Spore|p1a: Lokix
|-status|p1a: Lokix|par
|move|p1a: Lokix|Knock Off|p2a: Vivillon
|-damage|p2a: Vivillon|34/100
|-enditem|p2a: Vivillon|Leftovers|[from] move: Knock Off|[of] p1a: Lokix
|
|upkeep
|turn|20
|
|t:|1759010109
|move|p1a: Lokix|Sucker Punch|p2a: Vivillon
|-damage|p2a: Vivillon|0 fnt
|faint|p2a: Vivillon
|
|upkeep
|inactive|the tay has 90 seconds left.
|
|t:|1759010133
|switch|p2a: Ogerpon|Ogerpon-Wellspring, F|100/100
|turn|21
|
|t:|1759010139
|move|p2a: Ogerpon|Swords Dance|p2a: Ogerpon
|-boost|p2a: Ogerpon|atk|2
|move|p1a: Lokix|U-turn|p2a: Ogerpon
|-supereffective|p2a: Ogerpon
|-damage|p2a: Ogerpon|0 fnt
|faint|p2a: Ogerpon
|
|t:|1759010146
|switch|p1a: Corviknight|Corviknight, M, shiny|97/100|[from] U-turn
|-ability|p1a: Corviknight|Pressure
|
|upkeep
|inactive|the tay has 90 seconds left.
|
|t:|1759010152
|switch|p2a: Meowscarada|Meowscarada, F|84/100
|turn|22
|inactive|the tay has 90 seconds left.
|
|t:|1759010164
|-terastallize|p2a: Meowscarada|Ghost
|move|p2a: Meowscarada|Hone Claws|p2a: Meowscarada
|-boost|p2a: Meowscarada|atk|1
|-boost|p2a: Meowscarada|accuracy|1
|move|p1a: Corviknight|Body Press|p2a: Meowscarada
|-immune|p2a: Meowscarada
|
|upkeep
|turn|23
|
|t:|1759010176
|move|p2a: Meowscarada|Triple Axel|p1a: Corviknight
|-damage|p1a: Corviknight|91/100
|-damage|p2a: Meowscarada|68/100|[from] item: Rocky Helmet|[of] p1a: Corviknight
|-damage|p1a: Corviknight|78/100
|-damage|p2a: Meowscarada|51/100|[from] item: Rocky Helmet|[of] p1a: Corviknight
|-damage|p1a: Corviknight|60/100
|-damage|p2a: Meowscarada|35/100|[from] item: Rocky Helmet|[of] p1a: Corviknight
|-hitcount|p1a: Corviknight|3
|move|p1a: Corviknight|Defog|p2a: Meowscarada
|-unboost|p2a: Meowscarada|evasion|1
|
|upkeep
|turn|24
|inactive|the tay has 90 seconds left.
|
|t:|1759010197
|move|p2a: Meowscarada|Triple Axel|p1a: Corviknight
|-crit|p1a: Corviknight
|-damage|p1a: Corviknight|49/100
|-damage|p2a: Meowscarada|19/100|[from] item: Rocky Helmet|[of] p1a: Corviknight
|-damage|p1a: Corviknight|36/100
|-damage|p2a: Meowscarada|2/100|[from] item: Rocky Helmet|[of] p1a: Corviknight
|-damage|p1a: Corviknight|17/100
|-damage|p2a: Meowscarada|0 fnt|[from] item: Rocky Helmet|[of] p1a: Corviknight
|faint|p2a: Meowscarada
|
|win|tankman067
|-hitcount|p1a: Corviknight|3
|raw|tankman067's rating: 1223 &rarr; <strong>1253</strong><br />(+30 for winning)
|raw|the tay's rating: 1290 &rarr; <strong>1260</strong><br />(-30 for losing)
|l|☆tankman067
|player|p1|
|l|☆the tay
|player|p2|
