|j|☆Bermtastic
|j|☆Dear umbra
|t:|1759013741
|gametype|singles
|player|p1|Bermtastic|1|1088
|player|p2|Dear umbra|giovanni|1126
|gen|9
|tier|[Gen 9] OU
|rated|
|rule|HP Percentage Mod: HP is shown in percentages
|rule|Endless Battle Clause: Forcing endless battles is banned
|rule|Species Clause: Limit one of each Pokémon
|rule|OHKO Clause: OHKO moves are banned
|rule|Evasion Items Clause: Evasion items are banned
|rule|Evasion Moves Clause: Evasion moves are banned
|rule|Evasion Abilities Clause: Evasion abilities are banned
|rule|Sleep Moves Clause: Sleep-inducing moves are banned
|clearpoke
|poke|p1|Corviknight, F|
|poke|p1|Cinderace, F|
|poke|p1|Ting-Lu|
|poke|p1|Ogerpon-Wellspring, F|
|poke|p1|Dragonite, F|
|poke|p1|Slowking-Galar, F|
|poke|p2|Garchomp, F|
|poke|p2|Fezandipiti, M|
|poke|p2|Flareon, F|
|poke|p2|Arbok, M|
|poke|p2|Serperior, M|
|poke|p2|Seviper, F|
|teampreview
|
|t:|1759013760
|teamsize|p1|6
|teamsize|p2|6
|start
|switch|p1a: Ting-Lu|Ting-Lu|100/100
|switch|p2a: Fezandipiti|Fezandipiti, M|100/100
|-ability|p1a: Ting-Lu|Vessel of Ruin
|turn|1
|
|t:|1759013765
|move|p2a: Fezandipiti|U-turn|p1a: Ting-Lu
|-supereffective|p1a: Ting-Lu
|-damage|p1a: Ting-Lu|86/100
|
|t:|1759013771
|switch|p2a: Serperior|Serperior, M|100/100|[from] U-turn
|move|p1a: Ting-Lu|Stealth Rock|p2a: Serperior
|-sidestart|p2: Dear umbra|move: Stealth Rock
|
|-heal|p1a: Ting-Lu|92/100|[from] item: Leftovers
|upkeep
|turn|2
|
|t:|1759013782
|switch|p1a: Ogerpon|Ogerpon-Wellspring, F|100/100
|move|p2a: Serperior|Leaf Storm|p1a: Ogerpon
|-damage|p1a: Ogerpon|47/100
|-boost|p2a: Serperior|spa|2
|
|upkeep
|turn|3
|
|t:|1759013791
|move|p2a: Serperior|Leaf Storm|p1a: Ogerpon
|-damage|p1a: Ogerpon|0 fnt
|-boost|p2a: Serperior|spa|2
|faint|p1a: Ogerpon
|
|upkeep
|
|t:|1759013798
|switch|p1a: Dragonite|Dragonite, F|100/100
|turn|4
|
|t:|1759013802
|move|p2a: Serperior|Glare|p1a: Dragonite
|-status|p1a: Dragonite|par
|move|p1a: Dragonite|Dragon Dance|p1a: Dragonite
|-boost|p1a: Dragonite|atk|1
|-boost|p1a: Dragonite|spe|1
|
|upkeep
|turn|5
|
|t:|1759013807
|move|p1a: Dragonite|Extreme Speed|p2a: Serperior
|-damage|p2a: Serperior|43/100
|move|p2a: Serperior|Dragon Pulse|p1a: Dragonite
|-supereffective|p1a: Dragonite
|-damage|p1a: Dragonite|35/100 par
|-enditem|p1a: Dragonite|Weakness Policy
|-boost|p1a: Dragonite|atk|2|[from] item: Weakness Policy
|-boost|p1a: Dragonite|spa|2|[from] item: Weakness Policy
|
|-heal|p2a: Serperior|49/100|[from] item: Leftovers
|upkeep
|turn|6
|
|t:|1759013810
|move|p1a: Dragonite|Extreme Speed|p2a: Serperior
|-damage|p2a: Serperior|0 fnt
|faint|p2a: Serperior
|
|upkeep
|
|t:|1759013815
|switch|p2a: Seviper|Seviper, F|100/100
|-damage|p2a: Seviper|88/100|[from] Stealth Rock
|turn|7
|
|t:|1759013830
|move|p1a: Dragonite|Extreme Speed|p2a: Seviper
|-damage|p2a: Seviper|0 fnt
|faint|p2a: Seviper
|
|upkeep
|
|t:|1759013835
|switch|p2a: Flareon|Flareon, F, shiny|100/100
|-damage|p2a: Flareon|76/100|[from] Stealth Rock
|turn|8
|
|t:|1759013838
|move|p1a: Dragonite|Extreme Speed|p2a: Flareon
|-damage|p2a: Flareon|0 fnt
|faint|p2a: Flareon
|
|upkeep
|
|t:|1759013844
|switch|p2a: Fezandipiti|Fezandipiti, M|100/100
|turn|9
|
|t:|1759013848
|switch|p1a: Ting-Lu|Ting-Lu|92/100
|-ability|p1a: Ting-Lu|Vessel of Ruin
|move|p2a: Fezandipiti|Play Rough|p1a: Ting-Lu
|-supereffective|p1a: Ting-Lu
|-damage|p1a: Ting-Lu|65/100
|
|-heal|p1a: Ting-Lu|72/100|[from] item: Leftovers
|upkeep
|turn|10
|
|t:|1759013854
|move|p2a: Fezandipiti|U-turn|p1a: Ting-Lu
|-supereffective|p1a: Ting-Lu
|-damage|p1a: Ting-Lu|56/100
|
|t:|1759013859
|switch|p2a: Garchomp|Garchomp, F|100/100|[from] U-turn
|-damage|p2a: Garchomp|94/100|[from] Stealth Rock
|move|p1a: Ting-Lu|Ruination|p2a: Garchomp
|-damage|p2a: Garchomp|48/100
|
|-heal|p1a: Ting-Lu|62/100|[from] item: Leftovers
|upkeep
|turn|11
|
|t:|1759013867
|move|p2a: Garchomp|Earthquake|p1a: Ting-Lu
|-damage|p1a: Ting-Lu|29/100
|move|p1a: Ting-Lu|Earthquake|p2a: Garchomp
|-damage|p2a: Garchomp|7/100
|
|-heal|p1a: Ting-Lu|35/100|[from] item: Leftovers
|upkeep
|turn|12
|
|t:|1759013872
|move|p2a: Garchomp|Earthquake|p1a: Ting-Lu
|-damage|p1a: Ting-Lu|2/100
|move|p1a: Ting-Lu|Whirlwind|p2a: Garchomp
|drag|p2a: Arbok|Arbok, M|100/100
|-damage|p2a: Arbok|88/100|[from] Stealth Rock
|
|-heal|p1a: Ting-Lu|8/100|[from] item: Leftovers
|upkeep
|turn|13
|
|t:|1759013876
|move|p2a: Arbok|Scale Shot|p1a: Ting-Lu
|-damage|p1a: Ting-Lu|5/100
|-damage|p1a: Ting-Lu|2/100
|-damage|p1a: Ting-Lu|0 fnt
|faint|p1a: Ting-Lu
|-hitcount|p1: Ting-Lu|3
|-unboost|p2a: Arbok|def|1
|-boost|p2a: Arbok|spe|1
|
|upkeep
|
|t:|1759013887
|switch|p1a: Slowking|Slowking-Galar, F|100/100
|turn|14
|
|t:|1759013891
|move|p2a: Arbok|Coil|p2a: Arbok
|-boost|p2a: Arbok|atk|1
|-boost|p2a: Arbok|def|1
|-boost|p2a: Arbok|accuracy|1
|move|p1a: Slowking|Future Sight|p2a: Arbok
|-start|p1a: Slowking|move: Future Sight
|
|upkeep
|turn|15
|
|t:|1759013895
|-terastallize|p2a: Arbok|Fairy
|move|p2a: Arbok|Earthquake|p1a: Slowking
|-supereffective|p1a: Slowking
|-damage|p1a: Slowking|18/100
|move|p1a: Slowking|Thunder Wave|p2a: Arbok
|-status|p2a: Arbok|par
|
|upkeep
|turn|16
|
|t:|1759013902
|switch|p1a: Corviknight|Corviknight, F|100/100
|-ability|p1a: Corviknight|Pressure
|move|p2a: Arbok|Scale Shot|p1a: Corviknight
|-resisted|p1a: Corviknight
|-damage|p1a: Corviknight|97/100
|-resisted|p1a: Corviknight
|-damage|p1a: Corviknight|94/100
|-resisted|p1a: Corviknight
|-damage|p1a: Corviknight|91/100
|-resisted|p1a: Corviknight
|-damage|p1a: Corviknight|87/100
|-resisted|p1a: Corviknight
|-damage|p1a: Corviknight|84/100
|-hitcount|p1a: Corviknight|5
|-unboost|p2a: Arbok|def|1
|-boost|p2a: Arbok|spe|1
|
|-end|p2a: Arbok|move: Future Sight
|-damage|p2a: Arbok|15/100 par
|upkeep
|turn|17
|
|t:|1759013913
|cant|p2a: Arbok|par
|move|p1a: Corviknight|Brave Bird|p2a: Arbok
|-damage|p2a: Arbok|0 fnt
|faint|p2a: Arbok
|-damage|p1a: Corviknight|81/100|[from] Recoil
|
|upkeep
|
|t:|1759013918
|switch|p2a: Garchomp|Garchomp, F|7/100
|-damage|p2a: Garchomp|1/100|[from] Stealth Rock
|turn|18
|
|t:|1759013921
|move|p2a: Garchomp|Fire Fang|p1a: Corviknight|[miss]
|-miss|p2a: Garchomp|p1a: Corviknight
|move|p1a: Corviknight|U-turn|p2a: Garchomp
|-damage|p2a: Garchomp|0 fnt
|-damage|p1a: Corviknight|69/100|[from] ability: Rough Skin|[of] p2a: Garchomp
|faint|p2a: Garchomp
|-message|Dear umbra forfeited.
|
|win|Bermtastic
|raw|Bermtastic's rating: 1088 &rarr; <strong>1118</strong><br />(+30 for winning)
|raw|Dear umbra's rating: 1126 &rarr; <strong>1098</strong><br />(-28 for losing)
|l|☆Dear umbra
|player|p2|
|l|☆Bermtastic
|player|p1|
