|j|☆Waffle4110
|j|☆UnknownBolt1
|t:|1759034161
|gametype|singles
|player|p1|Waffle4110|gambler|1278
|player|p2|UnknownBolt1|bruno|1349
|gen|9
|tier|[Gen 9] OU
|rated|
|rule|HP Percentage Mod: HP is shown in percentages
|rule|Endless Battle Clause: Forcing endless battles is banned
|rule|Species Clause: Limit one of each Pokémon
|rule|OHKO Clause: OHKO moves are banned
|rule|Evasion Items Clause: Evasion items are banned
|rule|Evasion Moves Clause: Evasion moves are banned
|rule|Evasion Abilities Clause: Evasion abilities are banned
|rule|Sleep Moves Clause: Sleep-inducing moves are banned
|clearpoke
|poke|p1|Garchomp, M|
|poke|p1|Scizor, F|
|poke|p1|Zoroark-Hisui, F|
|poke|p1|Greninja-*, M|
|poke|p1|Iron Valiant|
|poke|p1|Ceruledge, M|
|poke|p2|Kingambit, F|
|poke|p2|Great Tusk|
|poke|p2|Iron Moth|
|poke|p2|Ogerpon-Wellspring, F|
|poke|p2|Dragapult, F|
|poke|p2|Garganacl, M|
|teampreview
|inactive|Battle timer is ON: inactive players will automatically lose when time's up. (requested by UnknownBolt1)
|
|t:|1759034172
|teamsize|p1|6
|teamsize|p2|6
|start
|switch|p1a: Greninja|Greninja, M|100/100
|switch|p2a: Dragapult|Dragapult, F|100/100
|turn|1
|
|t:|1759034179
|move|p1a: Greninja|Shadow Ball|p2a: Dragapult
|-supereffective|p2a: Dragapult
|-damage|p2a: Dragapult|0 fnt
|faint|p2a: Dragapult
|
|upkeep
|
|t:|1759034189
|switch|p2a: Great Tusk|Great Tusk|100/100
|-enditem|p2a: Great Tusk|Booster Energy
|-activate|p2a: Great Tusk|ability: Protosynthesis|[fromitem]
|-start|p2a: Great Tusk|protosynthesisatk
|turn|2
|
|t:|1759034198
|switch|p1a: Scizor|Scizor, F|100/100
|move|p2a: Great Tusk|Headlong Rush|p1a: Scizor
|-damage|p1a: Scizor|18/100
|-unboost|p2a: Great Tusk|def|1
|-unboost|p2a: Great Tusk|spd|1
|
|upkeep
|turn|3
|
|t:|1759034207
|move|p1a: Scizor|Bullet Punch|p2a: Great Tusk
|-damage|p2a: Great Tusk|48/100
|-damage|p1a: Scizor|8/100|[from] item: Life Orb
|move|p2a: Great Tusk|Close Combat|p1a: Scizor
|-damage|p1a: Scizor|0 fnt
|-unboost|p2a: Great Tusk|def|1
|-unboost|p2a: Great Tusk|spd|1
|faint|p1a: Scizor
|
|upkeep
|
|t:|1759034224
|switch|p1a: Greninja|Greninja, M|100/100
|turn|4
|
|t:|1759034227
|move|p1a: Greninja|Ice Beam|p2a: Great Tusk
|-supereffective|p2a: Great Tusk
|-crit|p2a: Great Tusk
|-damage|p2a: Great Tusk|0 fnt
|faint|p2a: Great Tusk
|-end|p2a: Great Tusk|Protosynthesis|[silent]
|-ability|p1a: Greninja|Battle Bond|boost
|-boost|p1a: Greninja|atk|1
|-boost|p1a: Greninja|spa|1
|-boost|p1a: Greninja|spe|1
|-activate|p1a: Greninja|ability: Battle Bond
|-damage|p1a: Greninja|91/100|[from] item: Life Orb
|
|upkeep
|
|t:|1759034249
|switch|p2a: Ogerpon|Ogerpon-Wellspring, F|100/100
|turn|5
|inactive|Waffle4110 has 120 seconds left.
|
|t:|1759034286
|move|p1a: Greninja|Dark Pulse|p2a: Ogerpon
|-damage|p2a: Ogerpon|28/100
|-damage|p1a: Greninja|81/100|[from] item: Life Orb
|cant|p2a: Ogerpon|flinch
|
|upkeep
|turn|6
|
|t:|1759034295
|move|p1a: Greninja|Dark Pulse|p2a: Ogerpon
|-damage|p2a: Ogerpon|0 fnt
|faint|p2a: Ogerpon
|-damage|p1a: Greninja|71/100|[from] item: Life Orb
|
|upkeep
|
|t:|1759034304
|switch|p2a: Iron Moth|Iron Moth, shiny|100/100
|-enditem|p2a: Iron Moth|Booster Energy
|-activate|p2a: Iron Moth|ability: Quark Drive|[fromitem]
|-start|p2a: Iron Moth|quarkdrivespe
|turn|7
|
|t:|1759034309
|move|p1a: Greninja|Hydro Pump|p2a: Iron Moth|[miss]
|-miss|p1a: Greninja|p2a: Iron Moth
|move|p2a: Iron Moth|Sludge Wave|p1a: Greninja
|-damage|p1a: Greninja|0 fnt
|faint|p1a: Greninja
|
|upkeep
|
|t:|1759034313
|switch|p1a: Garchomp|Garchomp, M|100/100
|turn|8
|
|t:|1759034318
|move|p2a: Iron Moth|Fiery Dance|p1a: Garchomp
|-resisted|p1a: Garchomp
|-damage|p1a: Garchomp|79/100
|-boost|p2a: Iron Moth|spa|1
|move|p1a: Garchomp|Earthquake|p2a: Iron Moth
|-supereffective|p2a: Iron Moth
|-damage|p2a: Iron Moth|0 fnt
|faint|p2a: Iron Moth
|-end|p2a: Iron Moth|Quark Drive|[silent]
|
|upkeep
|
|t:|1759034327
|switch|p2a: N9a Salt|Garganacl, M, shiny|100/100
|turn|9
|
|t:|1759034330
|move|p1a: Garchomp|Scale Shot|p2a: N9a Salt
|-crit|p2a: N9a Salt
|-damage|p2a: N9a Salt|87/100
|-damage|p2a: N9a Salt|79/100
|-damage|p2a: N9a Salt|70/100
|-damage|p2a: N9a Salt|61/100
|-damage|p2a: N9a Salt|52/100
|-hitcount|p2a: N9a Salt|5
|-unboost|p1a: Garchomp|def|1
|-boost|p1a: Garchomp|spe|1
|move|p2a: N9a Salt|Iron Defense|p2a: N9a Salt
|-boost|p2a: N9a Salt|def|2
|
|-heal|p2a: N9a Salt|58/100|[from] item: Leftovers
|upkeep
|turn|10
|
|t:|1759034357
|move|p1a: Garchomp|Earthquake|p2a: N9a Salt
|-supereffective|p2a: N9a Salt
|-damage|p2a: N9a Salt|19/100
|move|p2a: N9a Salt|Recover|p2a: N9a Salt
|-heal|p2a: N9a Salt|69/100
|
|-heal|p2a: N9a Salt|76/100|[from] item: Leftovers
|upkeep
|turn|11
|
|t:|1759034364
|move|p1a: Garchomp|Swords Dance|p1a: Garchomp
|-boost|p1a: Garchomp|atk|2
|move|p2a: N9a Salt|Iron Defense|p2a: N9a Salt
|-boost|p2a: N9a Salt|def|2
|
|-heal|p2a: N9a Salt|82/100|[from] item: Leftovers
|upkeep
|turn|12
|
|t:|1759034370
|move|p1a: Garchomp|Earthquake|p2a: N9a Salt
|-supereffective|p2a: N9a Salt
|-damage|p2a: N9a Salt|33/100
|move|p2a: N9a Salt|Salt Cure|p1a: Garchomp
|-resisted|p1a: Garchomp
|-damage|p1a: Garchomp|68/100
|-start|p1a: Garchomp|Salt Cure
|
|-heal|p2a: N9a Salt|39/100|[from] item: Leftovers
|-damage|p1a: Garchomp|56/100|[from] Salt Cure
|upkeep
|turn|13
|
|t:|1759034379
|move|p1a: Garchomp|Earthquake|p2a: N9a Salt
|-supereffective|p2a: N9a Salt
|-damage|p2a: N9a Salt|0 fnt
|faint|p2a: N9a Salt
|
|-damage|p1a: Garchomp|44/100|[from] Salt Cure
|upkeep
|
|t:|1759034385
|switch|p2a: Come Back King|Kingambit, F, shiny|100/100
|-activate|p2a: Come Back King|ability: Supreme Overlord
|-start|p2a: Come Back King|fallen5|[silent]
|turn|14
|
|t:|1759034391
|move|p2a: Come Back King|Sucker Punch|p1a: Garchomp
|-damage|p1a: Garchomp|0 fnt
|-damage|p2a: Come Back King|88/100|[from] ability: Rough Skin|[of] p1a: Garchomp
|faint|p1a: Garchomp
|
|-heal|p2a: Come Back King|94/100|[from] item: Leftovers
|upkeep
|
|t:|1759034397
|switch|p1a: Saber|Iron Valiant, shiny|100/100
|-enditem|p1a: Saber|Booster Energy
|-activate|p1a: Saber|ability: Quark Drive|[fromitem]
|-start|p1a: Saber|quarkdrivespe
|turn|15
|
|t:|1759034407
|-terastallize|p2a: Come Back King|Ghost
|move|p1a: Saber|Close Combat|p2a: Come Back King
|-immune|p2a: Come Back King
|move|p2a: Come Back King|Swords Dance|p2a: Come Back King
|-boost|p2a: Come Back King|atk|2
|
|-heal|p2a: Come Back King|99/100|[from] item: Leftovers
|upkeep
|turn|16
|c|☆Waffle4110|damn
|
|t:|1759034415
|-terastallize|p1a: Saber|Dark
|move|p1a: Saber|Knock Off|p2a: Come Back King
|-supereffective|p2a: Come Back King
|-damage|p2a: Come Back King|20/100
|-enditem|p2a: Come Back King|Leftovers|[from] move: Knock Off|[of] p1a: Saber
|move|p2a: Come Back King|Iron Head|p1a: Saber
|-damage|p1a: Saber|0 fnt
|faint|p1a: Saber
|-end|p1a: Saber|Quark Drive|[silent]
|
|upkeep
|
|t:|1759034422
|switch|p1a: Ceruledge|Ceruledge, M, shiny|100/100
|turn|17
|
|t:|1759034430
|move|p2a: Come Back King|Sucker Punch|p1a: Ceruledge
|-supereffective|p1a: Ceruledge
|-damage|p1a: Ceruledge|0 fnt
|replace|p1a: Zoroark|Zoroark-Hisui, F, shiny
|-end|p1a: Zoroark|Illusion
|faint|p1a: Zoroark
|
|upkeep
|
|t:|1759034432
|switch|p1a: Ceruledge|Ceruledge, M, shiny|100/100
|turn|18
|c|☆Waffle4110|ggs
|
|t:|1759034443
|move|p2a: Come Back King|Sucker Punch|p1a: Ceruledge
|-supereffective|p1a: Ceruledge
|-enditem|p1a: Ceruledge|Focus Sash
|-damage|p1a: Ceruledge|1/100
|-ability|p1a: Ceruledge|Weak Armor|boost
|-unboost|p1a: Ceruledge|def|1
|-boost|p1a: Ceruledge|spe|2
|move|p1a: Ceruledge|Bitter Blade|p2a: Come Back King
|-damage|p2a: Come Back King|0 fnt
|-heal|p1a: Ceruledge|14/100|[from] drain|[of] p2a: Come Back King
|faint|p2a: Come Back King
|-end|p2a: Come Back King|fallen5|[silent]
|
|win|Waffle4110
|raw|Waffle4110's rating: 1278 &rarr; <strong>1308</strong><br />(+30 for winning)
|raw|UnknownBolt1's rating: 1349 &rarr; <strong>1325</strong><br />(-24 for losing)
|l|☆Waffle4110
|player|p1|
|l|☆UnknownBolt1
|player|p2|
