|j|☆popswrong4laughing
|j|☆KingKaido107
|t:|1758941805
|gametype|singles
|player|p1|popswrong4laughing|galacticgrunt|1511
|player|p2|KingKaido107|dragontamer-gen6|1665
|gen|9
|tier|[Gen 9] OU
|rated|
|rule|HP Percentage Mod: HP is shown in percentages
|rule|Endless Battle Clause: Forcing endless battles is banned
|rule|Species Clause: Limit one of each Pokémon
|rule|OHKO Clause: OHKO moves are banned
|rule|Evasion Items Clause: Evasion items are banned
|rule|Evasion Moves Clause: Evasion moves are banned
|rule|Evasion Abilities Clause: Evasion abilities are banned
|rule|Sleep Moves Clause: Sleep-inducing moves are banned
|clearpoke
|poke|p1|Moltres|
|poke|p1|Clefable, M|
|poke|p1|Porygon-Z|
|poke|p1|Krookodile, F|
|poke|p1|Weezing-Galar, M|
|poke|p1|Okidogi, M|
|poke|p2|Kingambit, M|
|poke|p2|Slowking-Galar, M|
|poke|p2|Magnezone|
|poke|p2|Ting-Lu|
|poke|p2|Kyurem|
|poke|p2|Corviknight, F|
|teampreview
|inactive|Battle timer is ON: inactive players will automatically lose when time's up. (requested by KingKaido107)
|inactive|KingKaido107 has 120 seconds left.
|inactive|popswrong4laughing has 120 seconds left.
|inactive|KingKaido107 has 90 seconds left.
|inactive|KingKaido107 has 60 seconds left.
|
|t:|1758941900
|teamsize|p1|6
|teamsize|p2|6
|start
|switch|p1a: Okidogi|Okidogi, M|100/100
|switch|p2a: Slowking|Slowking-Galar, M|100/100
|turn|1
|
|t:|1758941905
|move|p1a: Okidogi|Knock Off|p2a: Slowking
|-supereffective|p2a: Slowking
|-enditem|p2a: Slowking|Colbur Berry|[eat]
|-enditem|p2a: Slowking|Colbur Berry|[weaken]
|-damage|p2a: Slowking|71/100
|-prepare|p2a: Slowking|Chilly Reception|[premajor]
|move|p2a: Slowking|Chilly Reception|p2a: Slowking
|-weather|Snowscape
|
|t:|1758941912
|switch|p2a: Kyurem|Kyurem|100/100|[from] Chilly Reception
|-ability|p2a: Kyurem|Pressure
|
|-weather|Snowscape|[upkeep]
|upkeep
|turn|2
|
|t:|1758941915
|move|p2a: Kyurem|Earth Power|p1a: Okidogi
|-supereffective|p1a: Okidogi
|-damage|p1a: Okidogi|28/100
|move|p1a: Okidogi|Drain Punch|p2a: Kyurem
|-supereffective|p2a: Kyurem
|-damage|p2a: Kyurem|43/100
|-heal|p1a: Okidogi|58/100|[from] drain|[of] p2a: Kyurem
|-status|p2a: Kyurem|tox|[from] ability: Toxic Chain|[of] p1a: Okidogi
|
|-weather|Snowscape|[upkeep]
|-damage|p2a: Kyurem|37/100 tox|[from] psn
|upkeep
|turn|3
|
|t:|1758941923
|switch|p2a: Slowking|Slowking-Galar, M|100/100
|switch|p1a: Moltres|Moltres, shiny|100/100
|
|-weather|Snowscape|[upkeep]
|upkeep
|turn|4
|
|t:|1758941930
|move|p1a: Moltres|Scorching Sands|p2a: Slowking
|-supereffective|p2a: Slowking
|-damage|p2a: Slowking|57/100
|move|p2a: Slowking|Toxic|p1a: Moltres
|-status|p1a: Moltres|tox
|
|-weather|Snowscape|[upkeep]
|-damage|p1a: Moltres|94/100 tox|[from] psn
|upkeep
|turn|5
|
|t:|1758941939
|move|p1a: Moltres|Scorching Sands|p2a: Slowking
|-supereffective|p2a: Slowking
|-damage|p2a: Slowking|16/100
|-prepare|p2a: Slowking|Chilly Reception|[premajor]
|move|p2a: Slowking|Chilly Reception|p2a: Slowking
|
|t:|1758941941
|switch|p2a: Kyurem|Kyurem|37/100 tox|[from] Chilly Reception
|-ability|p2a: Kyurem|Pressure
|
|-weather|none
|-damage|p2a: Kyurem|31/100 tox|[from] psn
|-damage|p1a: Moltres|82/100 tox|[from] psn
|upkeep
|turn|6
|inactive|popswrong4laughing has 120 seconds left.
|
|t:|1758941979
|switch|p1a: Clefable|Clefable, M, shiny|100/100
|move|p2a: Kyurem|Blizzard|p1a: Clefable|[miss]
|-miss|p2a: Kyurem|p1a: Clefable
|
|-damage|p2a: Kyurem|19/100 tox|[from] psn
|upkeep
|turn|7
|
|t:|1758941983
|switch|p2a: Slowking|Slowking-Galar, M|49/100
|move|p1a: Clefable|Metronome|p1a: Clefable
|move|p1a: Clefable|Round|p2a: Slowking|[from] move: Metronome
|-damage|p2a: Slowking|37/100
|
|upkeep
|turn|8
|
|t:|1758941989
|move|p1a: Clefable|Metronome|p1a: Clefable
|move|p1a: Clefable|Spite||[from] move: Metronome|[still]
|-fail|p1a: Clefable
|-prepare|p2a: Slowking|Chilly Reception|[premajor]
|move|p2a: Slowking|Chilly Reception|p2a: Slowking
|-weather|Snowscape
|
|t:|1758941992
|switch|p2a: Magnezone|Magnezone|100/100|[from] Chilly Reception
|
|-weather|Snowscape|[upkeep]
|upkeep
|turn|9
|
|t:|1758941994
|move|p2a: Magnezone|Body Press|p1a: Clefable
|-resisted|p1a: Clefable
|-damage|p1a: Clefable|90/100
|move|p1a: Clefable|Metronome|p1a: Clefable
|move|p1a: Clefable|Flower Trick|p2a: Magnezone|[from] move: Metronome
|-resisted|p2a: Magnezone
|-crit|p2a: Magnezone
|-damage|p2a: Magnezone|92/100
|
|-weather|Snowscape|[upkeep]
|upkeep
|turn|10
|
|t:|1758941999
|switch|p1a: Moltres|Moltres, shiny|82/100 tox
|move|p2a: Magnezone|Flash Cannon|p1a: Moltres
|-resisted|p1a: Moltres
|-damage|p1a: Moltres|64/100 tox
|
|-weather|Snowscape|[upkeep]
|-damage|p1a: Moltres|58/100 tox|[from] psn
|upkeep
|turn|11
|
|t:|1758942005
|switch|p2a: Slowking|Slowking-Galar, M|70/100
|move|p1a: Moltres|Flamethrower|p2a: Slowking
|-damage|p2a: Slowking|28/100
|
|-weather|Snowscape|[upkeep]
|-damage|p1a: Moltres|46/100 tox|[from] psn
|upkeep
|turn|12
|
|t:|1758942010
|switch|p2a: Ting-Lu|Ting-Lu|100/100
|-ability|p2a: Ting-Lu|Vessel of Ruin
|move|p1a: Moltres|Flamethrower|p2a: Ting-Lu
|-damage|p2a: Ting-Lu|81/100
|
|-weather|none
|-heal|p2a: Ting-Lu|87/100|[from] item: Leftovers
|-damage|p1a: Moltres|28/100 tox|[from] psn
|upkeep
|turn|13
|
|t:|1758942018
|switch|p1a: Clefable|Clefable, M, shiny|90/100
|move|p2a: Ting-Lu|Ruination|p1a: Clefable|[miss]
|-miss|p2a: Ting-Lu|p1a: Clefable
|
|-heal|p2a: Ting-Lu|93/100|[from] item: Leftovers
|upkeep
|turn|14
|
|t:|1758942021
|switch|p2a: Slowking|Slowking-Galar, M|62/100
|move|p1a: Clefable|Metronome|p1a: Clefable
|move|p1a: Clefable|Flame Wheel|p2a: Slowking|[from] move: Metronome
|-damage|p2a: Slowking|52/100
|-status|p2a: Slowking|brn
|
|-damage|p2a: Slowking|46/100 brn|[from] brn
|upkeep
|turn|15
|
|t:|1758942027
|move|p1a: Clefable|Metronome|p1a: Clefable
|move|p1a: Clefable|Reflect|p1a: Clefable|[from] move: Metronome
|-sidestart|p1: popswrong4laughing|Reflect
|-prepare|p2a: Slowking|Chilly Reception|[premajor]
|move|p2a: Slowking|Chilly Reception|p2a: Slowking
|-weather|Snowscape
|
|t:|1758942032
|switch|p2a: Magnezone|Magnezone|92/100|[from] Chilly Reception
|
|-weather|Snowscape|[upkeep]
|upkeep
|turn|16
|
|t:|1758942035
|switch|p1a: Krookodile|Krookodile, F, shiny|100/100
|move|p2a: Magnezone|Flash Cannon|p1a: Krookodile
|-damage|p1a: Krookodile|50/100
|
|-weather|Snowscape|[upkeep]
|upkeep
|turn|17
|
|t:|1758942041
|switch|p1a: Moltres|Moltres, shiny|28/100 tox
|switch|p2a: Corviknight|Corviknight, F|100/100
|-ability|p2a: Corviknight|Pressure
|
|-weather|Snowscape|[upkeep]
|-damage|p1a: Moltres|22/100 tox|[from] psn
|upkeep
|turn|18
|
|t:|1758942044
|switch|p2a: Ting-Lu|Ting-Lu|93/100
|-ability|p2a: Ting-Lu|Vessel of Ruin
|move|p1a: Moltres|Roost|p1a: Moltres
|-heal|p1a: Moltres|72/100 tox
|-singleturn|p1a: Moltres|move: Roost
|
|-weather|Snowscape|[upkeep]
|-heal|p2a: Ting-Lu|99/100|[from] item: Leftovers
|-damage|p1a: Moltres|59/100 tox|[from] psn
|upkeep
|turn|19
|
|t:|1758942052
|switch|p1a: Clefable|Clefable, M, shiny|90/100
|move|p2a: Ting-Lu|Stealth Rock|p1a: Clefable
|-sidestart|p1: popswrong4laughing|move: Stealth Rock
|
|-weather|none
|-heal|p2a: Ting-Lu|100/100|[from] item: Leftovers
|-sideend|p1: popswrong4laughing|Reflect
|upkeep
|turn|20
|
|t:|1758942057
|switch|p2a: Slowking|Slowking-Galar, M|79/100 brn
|move|p1a: Clefable|Metronome|p1a: Clefable
|move|p1a: Clefable|Brutal Swing|p2a: Slowking|[from] move: Metronome
|-supereffective|p2a: Slowking
|-damage|p2a: Slowking|61/100 brn
|
|-damage|p2a: Slowking|55/100 brn|[from] brn
|upkeep
|turn|21
|
|t:|1758942068
|switch|p1a: Okidogi|Okidogi, M|58/100
|-damage|p1a: Okidogi|52/100|[from] Stealth Rock
|-prepare|p2a: Slowking|Chilly Reception|[premajor]
|move|p2a: Slowking|Chilly Reception|p2a: Slowking
|-weather|Snowscape
|
|t:|1758942071
|switch|p2a: Kyurem|Kyurem|19/100 tox|[from] Chilly Reception
|-ability|p2a: Kyurem|Pressure
|
|-weather|Snowscape|[upkeep]
|-damage|p2a: Kyurem|13/100 tox|[from] psn
|upkeep
|turn|22
|
|t:|1758942078
|switch|p1a: Clefable|Clefable, M, shiny|90/100
|move|p2a: Kyurem|Blizzard|p1a: Clefable
|-damage|p1a: Clefable|4/100
|
|-weather|Snowscape|[upkeep]
|-damage|p2a: Kyurem|0 fnt|[from] psn
|faint|p2a: Kyurem
|upkeep
|
|t:|1758942086
|switch|p2a: Magnezone|Magnezone|92/100
|turn|23
|
|t:|1758942090
|move|p2a: Magnezone|Thunderbolt|p1a: Clefable
|-damage|p1a: Clefable|0 fnt
|faint|p1a: Clefable
|
|-weather|Snowscape|[upkeep]
|upkeep
|
|t:|1758942093
|switch|p1a: Krookodile|Krookodile, F, shiny|50/100
|-damage|p1a: Krookodile|44/100|[from] Stealth Rock
|turn|24
|
|t:|1758942095
|switch|p1a: Weezing|Weezing-Galar, M|100/100
|-ability|p1a: Weezing|Neutralizing Gas
|switch|p2a: Corviknight|Corviknight, F|100/100
|
|-weather|Snowscape|[upkeep]
|upkeep
|turn|25
|
|t:|1758942098
|switch|p2a: Slowking|Slowking-Galar, M|89/100 brn
|move|p1a: Weezing|Defog|p2a: Slowking
|-unboost|p2a: Slowking|evasion|1
|-sideend|p1: popswrong4laughing|Stealth Rock|[from] move: Defog|[of] p1a: Weezing
|
|-weather|none
|-damage|p2a: Slowking|82/100 brn|[from] brn
|upkeep
|turn|26
|
|t:|1758942111
|-end|p1a: Weezing|ability: Neutralizing Gas
|switch|p1a: Moltres|Moltres, shiny|59/100 tox
|move|p2a: Slowking|Sludge Bomb|p1a: Moltres
|-damage|p1a: Moltres|27/100 tox
|
|-damage|p1a: Moltres|21/100 tox|[from] psn
|-damage|p2a: Slowking|76/100 brn|[from] brn
|upkeep
|turn|27
|
|t:|1758942116
|move|p1a: Moltres|Flamethrower|p2a: Slowking
|-damage|p2a: Slowking|35/100 brn
|move|p2a: Slowking|Sludge Bomb|p1a: Moltres
|-damage|p1a: Moltres|0 fnt
|faint|p1a: Moltres
|
|-damage|p2a: Slowking|29/100 brn|[from] brn
|upkeep
|
|t:|1758942120
|switch|p1a: Porygon-Z|Porygon-Z, shiny|100/100
|-ability|p1a: Porygon-Z|Download|boost
|-boost|p1a: Porygon-Z|spa|1
|turn|28
|
|t:|1758942129
|switch|p2a: Ting-Lu|Ting-Lu|100/100
|-ability|p2a: Ting-Lu|Vessel of Ruin
|move|p1a: Porygon-Z|Nasty Plot|p1a: Porygon-Z
|-boost|p1a: Porygon-Z|spa|2
|
|upkeep
|turn|29
|
|t:|1758942132
|-terastallize|p1a: Porygon-Z|Fighting
|move|p1a: Porygon-Z|Tera Blast|p2a: Ting-Lu|[anim] Tera Blast Fighting
|-supereffective|p2a: Ting-Lu
|-damage|p2a: Ting-Lu|7/100
|move|p2a: Ting-Lu|Whirlwind|p1a: Porygon-Z
|drag|p1a: Weezing|Weezing-Galar, M|100/100
|-ability|p1a: Weezing|Neutralizing Gas
|
|-heal|p2a: Ting-Lu|13/100|[from] item: Leftovers
|upkeep
|turn|30
|
|t:|1758942138
|move|p1a: Weezing|Strange Steam|p2a: Ting-Lu
|-supereffective|p2a: Ting-Lu
|-crit|p2a: Ting-Lu
|-damage|p2a: Ting-Lu|0 fnt
|faint|p2a: Ting-Lu
|
|upkeep
|
|t:|1758942142
|switch|p2a: Magnezone|Magnezone|92/100
|turn|31
|
|t:|1758942149
|-end|p1a: Weezing|ability: Neutralizing Gas
|switch|p1a: Okidogi|Okidogi, M|52/100
|move|p2a: Magnezone|Flash Cannon|p1a: Okidogi
|-crit|p1a: Okidogi
|-damage|p1a: Okidogi|15/100
|
|upkeep
|turn|32
|
|t:|1758942152
|switch|p2a: Slowking|Slowking-Galar, M|62/100 brn
|move|p1a: Okidogi|Drain Punch|p2a: Slowking
|-resisted|p2a: Slowking
|-damage|p2a: Slowking|54/100 brn
|-heal|p1a: Okidogi|19/100|[from] drain|[of] p2a: Slowking
|
|-damage|p2a: Slowking|48/100 brn|[from] brn
|upkeep
|turn|33
|
|t:|1758942160
|switch|p1a: Porygon-Z|Porygon-Z, shiny, tera:Fighting|100/100
|-ability|p1a: Porygon-Z|Download|boost
|-boost|p1a: Porygon-Z|spa|1
|-prepare|p2a: Slowking|Chilly Reception|[premajor]
|move|p2a: Slowking|Chilly Reception|p2a: Slowking
|-weather|Snowscape
|
|t:|1758942166
|switch|p2a: Corviknight|Corviknight, F|100/100|[from] Chilly Reception
|-ability|p2a: Corviknight|Pressure
|
|-weather|Snowscape|[upkeep]
|upkeep
|turn|34
|
|t:|1758942170
|move|p1a: Porygon-Z|Tera Blast|p2a: Corviknight|[anim] Tera Blast Fighting
|-damage|p2a: Corviknight|56/100
|move|p2a: Corviknight|Brave Bird|p1a: Porygon-Z
|-supereffective|p1a: Porygon-Z
|-enditem|p1a: Porygon-Z|Focus Sash
|-damage|p1a: Porygon-Z|1/100
|-damage|p2a: Corviknight|31/100|[from] Recoil
|
|-weather|Snowscape|[upkeep]
|-heal|p2a: Corviknight|37/100|[from] item: Leftovers
|upkeep
|turn|35
|
|t:|1758942178
|move|p1a: Porygon-Z|Nasty Plot|p1a: Porygon-Z
|-boost|p1a: Porygon-Z|spa|2
|move|p2a: Corviknight|Brave Bird|p1a: Porygon-Z
|-supereffective|p1a: Porygon-Z
|-damage|p1a: Porygon-Z|0 fnt
|faint|p1a: Porygon-Z
|-damage|p2a: Corviknight|36/100|[from] Recoil
|
|-weather|Snowscape|[upkeep]
|-heal|p2a: Corviknight|42/100|[from] item: Leftovers
|upkeep
|-message|popswrong4laughing forfeited.
|
|win|KingKaido107
|raw|popswrong4laughing's rating: 1511 &rarr; <strong>1499</strong><br />(-12 for losing)
|raw|KingKaido107's rating: 1665 &rarr; <strong>1677</strong><br />(+12 for winning)
|l|☆popswrong4laughing
|player|p1|
|l|☆KingKaido107
|player|p2|
