|j|☆beeguy991
|j|☆noahthebadplayer
|t:|1758992272
|gametype|singles
|player|p1|beeguy991|dawn|1112
|player|p2|noahthebadplayer|169|1112
|gen|9
|tier|[Gen 9] OU
|rated|
|rule|HP Percentage Mod: HP is shown in percentages
|rule|Endless Battle Clause: Forcing endless battles is banned
|rule|Species Clause: Limit one of each Pokémon
|rule|OHKO Clause: OHKO moves are banned
|rule|Evasion Items Clause: Evasion items are banned
|rule|Evasion Moves Clause: Evasion moves are banned
|rule|Evasion Abilities Clause: Evasion abilities are banned
|rule|Sleep Moves Clause: Sleep-inducing moves are banned
|clearpoke
|poke|p1|Basculin, M|
|poke|p1|Metagross|
|poke|p1|Iron Jugulis|
|poke|p1|Excadrill, F|
|poke|p1|Corviknight, M|
|poke|p1|Lokix, M|
|poke|p2|Ogerpon-Wellspring, F|
|poke|p2|Tornadus-Therian, M|
|poke|p2|Tauros-Paldea-Blaze, M|
|poke|p2|Dusknoir, F|
|poke|p2|Scizor, F|
|poke|p2|Glastrier|
|teampreview
|inactive|Battle timer is ON: inactive players will automatically lose when time's up. (requested by beeguy991)
|c|☆noahthebadplayer|Glhf
|c|☆beeguy991|you too
|
|t:|1758992297
|teamsize|p1|6
|teamsize|p2|6
|start
|switch|p1a: Excadrill|Excadrill, F|100/100
|switch|p2a: Tauros|Tauros-Paldea-Blaze, M|100/100
|-ability|p2a: Tauros|Intimidate|boost
|-unboost|p1a: Excadrill|atk|1
|-ability|p1a: Excadrill|Mold Breaker
|turn|1
|
|t:|1758992305
|move|p2a: Tauros|Flare Blitz|p1a: Excadrill
|-supereffective|p1a: Excadrill
|-damage|p1a: Excadrill|0 fnt
|faint|p1a: Excadrill
|-damage|p2a: Tauros|60/100|[from] Recoil
|
|upkeep
|
|t:|1758992315
|switch|p1a: Lokix|Lokix, M|100/100
|turn|2
|
|t:|1758992330
|move|p1a: Lokix|First Impression|p2a: Tauros
|-resisted|p2a: Tauros
|-damage|p2a: Tauros|26/100
|move|p2a: Tauros|Flare Blitz|p1a: Lokix
|-supereffective|p1a: Lokix
|-damage|p1a: Lokix|0 fnt
|faint|p1a: Lokix
|-damage|p2a: Tauros|0 fnt|[from] Recoil
|faint|p2a: Tauros
|
|upkeep
|
|t:|1758992345
|switch|p2a: Dusknoir|Dusknoir, F|100/100
|switch|p1a: Basculin|Basculin, M|100/100
|-item|p1a: Basculin|Choice Band|[from] ability: Frisk|[of] p2a: Dusknoir
|turn|3
|
|t:|1758992358
|move|p1a: Basculin|Head Smash|p2a: Dusknoir|[miss]
|-miss|p1a: Basculin|p2a: Dusknoir
|move|p2a: Dusknoir|Will-O-Wisp|p1a: Basculin
|-status|p1a: Basculin|brn
|
|-damage|p1a: Basculin|94/100 brn|[from] brn
|upkeep
|turn|4
|
|t:|1758992369
|move|p1a: Basculin|Head Smash|p2a: Dusknoir
|-damage|p2a: Dusknoir|69/100
|-damage|p1a: Basculin|78/100 brn|[from] Recoil
|move|p2a: Dusknoir|Poltergeist|p1a: Basculin
|-activate|p1a: Basculin|move: Poltergeist|Choice Band
|-damage|p1a: Basculin|16/100 brn
|
|-heal|p2a: Dusknoir|75/100|[from] item: Leftovers
|-damage|p1a: Basculin|10/100 brn|[from] brn
|upkeep
|turn|5
|c|☆beeguy991|welp ;-;
|
|t:|1758992377
|switch|p2a: Scizor|Scizor, F|100/100
|move|p1a: Basculin|Head Smash|p2a: Scizor
|-damage|p2a: Scizor|67/100
|-damage|p1a: Basculin|0 fnt|[from] Recoil
|faint|p1a: Basculin
|
|upkeep
|
|t:|1758992382
|switch|p1a: Metagross|Metagross|100/100
|turn|6
|
|t:|1758992390
|move|p1a: Metagross|Agility|p1a: Metagross
|-boost|p1a: Metagross|spe|2
|move|p2a: Scizor|Knock Off|p1a: Metagross
|-supereffective|p1a: Metagross
|-damage|p1a: Metagross|33/100
|-enditem|p1a: Metagross|Life Orb|[from] move: Knock Off|[of] p2a: Scizor
|
|upkeep
|turn|7
|
|t:|1758992398
|move|p1a: Metagross|Earthquake|p2a: Scizor
|-damage|p2a: Scizor|26/100
|move|p2a: Scizor|U-turn|p1a: Metagross
|-damage|p1a: Metagross|0 fnt
|faint|p1a: Metagross
|
|t:|1758992401
|switch|p2a: Dusknoir|Dusknoir, F|75/100|[from] U-turn
|
|-heal|p2a: Dusknoir|81/100|[from] item: Leftovers
|upkeep
|
|t:|1758992402
|switch|p1a: Corviknight|Corviknight, M|100/100
|-ability|p1a: Corviknight|Pressure
|turn|8
|c|☆beeguy991|wait i just realized how bad my team is
|
|t:|1758992422
|move|p1a: Corviknight|Iron Defense|p1a: Corviknight
|-boost|p1a: Corviknight|def|2
|move|p2a: Dusknoir|Will-O-Wisp|p1a: Corviknight
|-status|p1a: Corviknight|brn
|
|-heal|p2a: Dusknoir|88/100|[from] item: Leftovers
|-damage|p1a: Corviknight|94/100 brn|[from] brn
|upkeep
|turn|9
|
|t:|1758992444
|move|p1a: Corviknight|Body Press|p2a: Dusknoir
|-immune|p2a: Dusknoir
|move|p2a: Dusknoir|Poltergeist|p1a: Corviknight
|-activate|p1a: Corviknight|move: Poltergeist|Rocky Helmet
|-damage|p1a: Corviknight|79/100 brn
|
|-heal|p2a: Dusknoir|94/100|[from] item: Leftovers
|-damage|p1a: Corviknight|73/100 brn|[from] brn
|upkeep
|turn|10
|c|☆beeguy991|i cant do anything else with mon ;-;
|inactive|beeguy991 has 120 seconds left.
|
|t:|1758992464
|switch|p2a: Tornadus|Tornadus-Therian, M|100/100
|move|p1a: Corviknight|Iron Defense|p1a: Corviknight
|-boost|p1a: Corviknight|def|2
|
|-damage|p1a: Corviknight|67/100 brn|[from] brn
|upkeep
|turn|11
|
|t:|1758992472
|move|p2a: Tornadus|Nasty Plot|p2a: Tornadus
|-boost|p2a: Tornadus|spa|2
|move|p1a: Corviknight|Body Press|p2a: Tornadus
|-resisted|p2a: Tornadus
|-damage|p2a: Tornadus|82/100
|
|-damage|p1a: Corviknight|61/100 brn|[from] brn
|upkeep
|turn|12
|
|t:|1758992481
|move|p2a: Tornadus|Heat Wave|p1a: Corviknight
|-supereffective|p1a: Corviknight
|-damage|p1a: Corviknight|0 fnt
|faint|p1a: Corviknight
|
|upkeep
|
|t:|1758992483
|switch|p1a: Iron Jugulis|Iron Jugulis|100/100
|-enditem|p1a: Iron Jugulis|Booster Energy
|-activate|p1a: Iron Jugulis|ability: Quark Drive|[fromitem]
|-start|p1a: Iron Jugulis|quarkdrivespe
|turn|13
|
|t:|1758992491
|-terastallize|p1a: Iron Jugulis|Dark
|move|p1a: Iron Jugulis|Focus Energy|p1a: Iron Jugulis
|-start|p1a: Iron Jugulis|move: Focus Energy
|move|p2a: Tornadus|Bleakwind Storm|p1a: Iron Jugulis|[miss]
|-miss|p2a: Tornadus|p1a: Iron Jugulis
|
|upkeep
|turn|14
|
|t:|1758992499
|move|p1a: Iron Jugulis|Fire Blast|p2a: Tornadus
|-crit|p2a: Tornadus
|-damage|p2a: Tornadus|13/100
|move|p2a: Tornadus|Bleakwind Storm|p1a: Iron Jugulis
|-damage|p1a: Iron Jugulis|0 fnt
|faint|p1a: Iron Jugulis
|-end|p1a: Iron Jugulis|Quark Drive|[silent]
|
|win|noahthebadplayer
|raw|beeguy991's rating: 1112 &rarr; <strong>1087</strong><br />(-25 for losing)
|raw|noahthebadplayer's rating: 1112 &rarr; <strong>1137</strong><br />(+25 for winning)
|c|☆beeguy991|gg
|l|☆beeguy991
|player|p1|
|l|☆noahthebadplayer
|player|p2|
