|j|☆yizhixiekun
|j|☆katoluvsu
|t:|1759052988
|gametype|singles
|player|p1|yizhixiekun|169|1193
|player|p2|katoluvsu|n|1224
|gen|9
|tier|[Gen 9] OU
|rated|
|rule|HP Percentage Mod: HP is shown in percentages
|rule|Endless Battle Clause: Forcing endless battles is banned
|rule|Species Clause: Limit one of each Pokémon
|rule|OHKO Clause: OHKO moves are banned
|rule|Evasion Items Clause: Evasion items are banned
|rule|Evasion Moves Clause: Evasion moves are banned
|rule|Evasion Abilities Clause: Evasion abilities are banned
|rule|Sleep Moves Clause: Sleep-inducing moves are banned
|clearpoke
|poke|p1|Araquanid, M|
|poke|p1|Mamoswine, F|
|poke|p1|Gengar, F|
|poke|p1|Breloom, M|
|poke|p1|Goodra-Hisui, F|
|poke|p1|Incineroar, M|
|poke|p2|Hoopa-Unbound|
|poke|p2|Hatterene, F|
|poke|p2|Indeedee, M|
|poke|p2|Meowstic-F, F|
|poke|p2|Cinderace, M|
|poke|p2|Leavanny, M|
|teampreview
|inactive|Battle timer is ON: inactive players will automatically lose when time's up. (requested by yizhixiekun)
|
|t:|1759053001
|teamsize|p1|6
|teamsize|p2|6
|start
|switch|p1a: Araquanid|Araquanid, M|100/100
|switch|p2a: Hatterene|Hatterene, F, shiny|100/100
|turn|1
|
|t:|1759053011
|switch|p1a: Mamoswine|Mamoswine, F|100/100
|move|p2a: Hatterene|Trick Room|p2a: Hatterene
|-fieldstart|move: Trick Room|[of] p2a: Hatterene
|
|upkeep
|turn|2
|
|t:|1759053022
|switch|p2a: Indeedee|Indeedee, M, shiny|100/100
|-fieldstart|move: Psychic Terrain|[from] ability: Psychic Surge|[of] p2a: Indeedee
|move|p1a: Mamoswine|Knock Off|p2a: Indeedee
|-supereffective|p2a: Indeedee
|-damage|p2a: Indeedee|0 fnt
|-enditem|p2a: Indeedee|Terrain Extender|[from] move: Knock Off|[of] p1a: Mamoswine
|faint|p2a: Indeedee
|
|upkeep
|
|t:|1759053036
|switch|p2a: Hoopa|Hoopa-Unbound|100/100
|turn|3
|
|t:|1759053046
|-terastallize|p2a: Hoopa|Psychic
|move|p1a: Mamoswine|Earthquake|p2a: Hoopa
|-damage|p2a: Hoopa|10/100
|move|p2a: Hoopa|Expanding Force|p1a: Mamoswine
|-enditem|p1a: Mamoswine|Focus Sash
|-damage|p1a: Mamoswine|1/100
|-damage|p2a: Hoopa|0 fnt|[from] item: Life Orb
|faint|p2a: Hoopa
|
|upkeep
|
|t:|1759053059
|switch|p2a: Leavanny|Leavanny, M, shiny|100/100
|turn|4
|
|t:|1759053066
|move|p1a: Mamoswine|Ice Shard|p2a: Leavanny
|-activate|p2a: Leavanny|move: Psychic Terrain
|move|p2a: Leavanny|Fell Stinger|p1a: Mamoswine
|-damage|p1a: Mamoswine|0 fnt
|faint|p1a: Mamoswine
|-boost|p2a: Leavanny|atk|3
|-damage|p2a: Leavanny|91/100|[from] item: Life Orb
|
|upkeep
|
|t:|1759053086
|switch|p1a: Incineroar|Incineroar, M|100/100
|-ability|p1a: Incineroar|Intimidate|boost
|-unboost|p2a: Leavanny|atk|1
|turn|5
|
|t:|1759053110
|move|p1a: Incineroar|Flare Blitz|p2a: Leavanny
|-supereffective|p2a: Leavanny
|-damage|p2a: Leavanny|0 fnt
|faint|p2a: Leavanny
|-damage|p1a: Incineroar|75/100|[from] Recoil
|
|-fieldend|move: Trick Room
|upkeep
|inactive|katoluvsu has 120 seconds left.
|
|t:|1759053127
|switch|p2a: Meowstic|Meowstic-F, F, shiny|100/100
|turn|6
|
|t:|1759053135
|move|p2a: Meowstic|Skill Swap|p1a: Incineroar
|-activate|p2a: Meowstic|move: Skill Swap|Intimidate|Competitive|[of] p1a: Incineroar
|-ability|p2a: Meowstic|Intimidate|boost
|-unboost|p1a: Incineroar|atk|1
|-ability|p1a: Incineroar|Competitive|boost
|-boost|p1a: Incineroar|spa|2
|move|p1a: Incineroar|Knock Off|p2a: Meowstic
|-supereffective|p2a: Meowstic
|-damage|p2a: Meowstic|0 fnt
|-enditem|p2a: Meowstic|Life Orb|[from] move: Knock Off|[of] p1a: Incineroar
|faint|p2a: Meowstic
|
|upkeep
|inactive|katoluvsu has 120 seconds left.
|
|t:|1759053146
|switch|p2a: Hatterene|Hatterene, F, shiny|100/100
|turn|7
|
|t:|1759053153
|move|p1a: Incineroar|U-turn|p2a: Hatterene
|-damage|p2a: Hatterene|83/100
|
|t:|1759053157
|switch|p1a: Gengar|Gengar, F|100/100|[from] U-turn
|-item|p1a: Gengar|Air Balloon
|move|p2a: Hatterene|Trick Room|p2a: Hatterene
|-fieldstart|move: Trick Room|[of] p2a: Hatterene
|
|-heal|p2a: Hatterene|89/100|[from] item: Leftovers
|upkeep
|turn|8
|
|t:|1759053164
|-terastallize|p1a: Gengar|Ghost
|move|p2a: Hatterene|Expanding Force|p1a: Gengar
|-damage|p1a: Gengar|0 fnt
|-enditem|p1a: Gengar|Air Balloon
|faint|p1a: Gengar
|
|-heal|p2a: Hatterene|95/100|[from] item: Leftovers
|upkeep
|
|t:|1759053172
|switch|p1a: Incineroar|Incineroar, M|75/100
|-ability|p1a: Incineroar|Intimidate|boost
|-unboost|p2a: Hatterene|atk|1
|turn|9
|
|t:|1759053178
|move|p2a: Hatterene|Dazzling Gleam|p1a: Incineroar
|-damage|p1a: Incineroar|22/100
|move|p1a: Incineroar|Flare Blitz|p2a: Hatterene
|-damage|p2a: Hatterene|24/100
|-damage|p1a: Incineroar|0 fnt|[from] Recoil
|faint|p1a: Incineroar
|
|-heal|p2a: Hatterene|30/100|[from] item: Leftovers
|-fieldend|move: Psychic Terrain
|upkeep
|
|t:|1759053188
|switch|p1a: Araquanid|Araquanid, M|100/100
|turn|10
|
|t:|1759053203
|move|p1a: Araquanid|Endure|p1a: Araquanid
|-singleturn|p1a: Araquanid|move: Endure
|move|p2a: Hatterene|Trick Room|p2a: Hatterene
|-fieldend|move: Trick Room
|
|-heal|p2a: Hatterene|36/100|[from] item: Leftovers
|upkeep
|turn|11
|
|t:|1759053212
|move|p1a: Araquanid|Endeavor|p2a: Hatterene
|-immune|p2a: Hatterene
|move|p2a: Hatterene|Expanding Force|p1a: Araquanid
|-damage|p1a: Araquanid|65/100
|
|-heal|p2a: Hatterene|42/100|[from] item: Leftovers
|upkeep
|turn|12
|
|t:|1759053218
|move|p1a: Araquanid|Surf|p2a: Hatterene
|-damage|p2a: Hatterene|0 fnt
|faint|p2a: Hatterene
|
|upkeep
|
|t:|1759053222
|switch|p2a: Cinderace|Cinderace, M, shiny|100/100
|turn|13
|
|t:|1759053230
|switch|p1a: Goodra|Goodra-Hisui, F|100/100
|move|p2a: Cinderace|Pyro Ball|p1a: Goodra
|-damage|p1a: Goodra|48/100
|-status|p1a: Goodra|brn
|
|-damage|p1a: Goodra|42/100 brn|[from] brn
|upkeep
|turn|14
|
|t:|1759053233
|move|p2a: Cinderace|High Jump Kick|p1a: Goodra
|-start|p2a: Cinderace|typechange|Fighting|[from] ability: Libero
|-supereffective|p1a: Goodra
|-damage|p1a: Goodra|0 fnt
|faint|p1a: Goodra
|
|upkeep
|
|t:|1759053236
|switch|p1a: Breloom|Breloom, M|100/100
|turn|15
|
|t:|1759053239
|move|p2a: Cinderace|Pyro Ball|p1a: Breloom
|-supereffective|p1a: Breloom
|-damage|p1a: Breloom|0 fnt
|faint|p1a: Breloom
|
|upkeep
|
|t:|1759053241
|switch|p1a: Araquanid|Araquanid, M|65/100
|turn|16
|
|t:|1759053245
|move|p2a: Cinderace|Pyro Ball|p1a: Araquanid
|-damage|p1a: Araquanid|46/100
|move|p1a: Araquanid|Surf|p2a: Cinderace
|-damage|p2a: Cinderace|23/100
|
|upkeep
|turn|17
|
|t:|1759053249
|move|p2a: Cinderace|High Jump Kick|p1a: Araquanid
|-resisted|p1a: Araquanid
|-damage|p1a: Araquanid|11/100
|move|p1a: Araquanid|Surf|p2a: Cinderace
|-damage|p2a: Cinderace|0 fnt
|faint|p2a: Cinderace
|
|win|yizhixiekun
|raw|yizhixiekun's rating: 1193 &rarr; <strong>1220</strong><br />(+27 for winning)
|raw|katoluvsu's rating: 1224 &rarr; <strong>1197</strong><br />(-27 for losing)
|l|☆katoluvsu
|player|p2|
|l|☆yizhixiekun
|player|p1|
