|j|☆BabyGronkel
|j|☆JumboDorito
|t:|1759030893
|gametype|singles
|player|p1|BabyGronkel|juan|
|player|p2|JumboDorito|170|
|gen|9
|tier|[Gen 9] OU
|rule|HP Percentage Mod: HP is shown in percentages
|rule|Endless Battle Clause: Forcing endless battles is banned
|rule|Species Clause: Limit one of each Pokémon
|rule|OHKO Clause: OHKO moves are banned
|rule|Evasion Items Clause: Evasion items are banned
|rule|Evasion Moves Clause: Evasion moves are banned
|rule|Evasion Abilities Clause: Evasion abilities are banned
|rule|Sleep Moves Clause: Sleep-inducing moves are banned
|clearpoke
|poke|p1|Conkeldurr, M|
|poke|p1|Delibird, F|
|poke|p1|Iron Jugulis|
|poke|p1|Keldeo-Resolute|
|poke|p1|Vespiquen, F|
|poke|p1|Tinkaton, F|
|poke|p2|Milotic, F|
|poke|p2|Serperior, F|
|poke|p2|Sandaconda, M|
|poke|p2|Arbok, F|
|poke|p2|Eelektross, F|
|poke|p2|Gyarados, F|
|teampreview
|
|t:|1759030927
|teamsize|p1|6
|teamsize|p2|6
|start
|switch|p1a: Thinkaton|Tinkaton, F|100/100
|switch|p2a: Floating Snake|Eelektross, F|100/100
|-item|p1a: Thinkaton|Air Balloon
|turn|1
|
|t:|1759030932
|move|p1a: Thinkaton|Fake Out|p2a: Floating Snake
|-damage|p2a: Floating Snake|90/100
|cant|p2a: Floating Snake|flinch
|
|-heal|p2a: Floating Snake|96/100|[from] item: Leftovers
|upkeep
|turn|2
|
|t:|1759030946
|switch|p1a: Gronkel|Conkeldurr, M|100/100
|move|p2a: Floating Snake|Coil|p2a: Floating Snake
|-boost|p2a: Floating Snake|atk|1
|-boost|p2a: Floating Snake|def|1
|-boost|p2a: Floating Snake|accuracy|1
|
|-heal|p2a: Floating Snake|100/100|[from] item: Leftovers
|upkeep
|turn|3
|
|t:|1759030952
|move|p2a: Floating Snake|Coil|p2a: Floating Snake
|-boost|p2a: Floating Snake|atk|1
|-boost|p2a: Floating Snake|def|1
|-boost|p2a: Floating Snake|accuracy|1
|move|p1a: Gronkel|Drain Punch|p2a: Floating Snake
|-damage|p2a: Floating Snake|68/100
|
|-heal|p2a: Floating Snake|74/100|[from] item: Leftovers
|upkeep
|turn|4
|
|t:|1759030967
|move|p2a: Floating Snake|Drain Punch|p1a: Gronkel
|-damage|p1a: Gronkel|70/100
|-heal|p2a: Floating Snake|91/100|[from] drain|[of] p1a: Gronkel
|move|p1a: Gronkel|Drain Punch|p2a: Floating Snake
|-damage|p2a: Floating Snake|56/100
|-heal|p1a: Gronkel|86/100|[from] drain|[of] p2a: Floating Snake
|
|-heal|p2a: Floating Snake|63/100|[from] item: Leftovers
|upkeep
|turn|5
|
|t:|1759030976
|move|p2a: Floating Snake|Coil|p2a: Floating Snake
|-boost|p2a: Floating Snake|atk|1
|-boost|p2a: Floating Snake|def|1
|-boost|p2a: Floating Snake|accuracy|1
|move|p1a: Gronkel|Drain Punch|p2a: Floating Snake
|-damage|p2a: Floating Snake|34/100
|-heal|p1a: Gronkel|98/100|[from] drain|[of] p2a: Floating Snake
|
|-heal|p2a: Floating Snake|41/100|[from] item: Leftovers
|upkeep
|turn|6
|
|t:|1759030984
|move|p2a: Floating Snake|Drain Punch|p1a: Gronkel
|-damage|p1a: Gronkel|58/100
|-heal|p2a: Floating Snake|63/100|[from] drain|[of] p1a: Gronkel
|move|p1a: Gronkel|Drain Punch|p2a: Floating Snake
|-damage|p2a: Floating Snake|35/100
|-heal|p1a: Gronkel|71/100|[from] drain|[of] p2a: Floating Snake
|
|-heal|p2a: Floating Snake|41/100|[from] item: Leftovers
|upkeep
|turn|7
|
|t:|1759030992
|move|p2a: Floating Snake|Drain Punch|p1a: Gronkel
|-damage|p1a: Gronkel|29/100
|-heal|p2a: Floating Snake|64/100|[from] drain|[of] p1a: Gronkel
|move|p1a: Gronkel|Drain Punch|p2a: Floating Snake
|-damage|p2a: Floating Snake|37/100
|-heal|p1a: Gronkel|41/100|[from] drain|[of] p2a: Floating Snake
|
|-heal|p2a: Floating Snake|44/100|[from] item: Leftovers
|upkeep
|turn|8
|
|t:|1759031000
|switch|p1a: Thinking Bee|Vespiquen, F|100/100
|-ability|p1a: Thinking Bee|Pressure
|move|p2a: Floating Snake|Drain Punch|p1a: Thinking Bee
|-resisted|p1a: Thinking Bee
|-damage|p1a: Thinking Bee|89/100
|-heal|p2a: Floating Snake|49/100|[from] drain|[of] p1a: Thinking Bee
|
|-heal|p2a: Floating Snake|55/100|[from] item: Leftovers
|upkeep
|turn|9
|
|t:|1759031007
|switch|p1a: Thinkaton|Tinkaton, F|100/100
|-item|p1a: Thinkaton|Air Balloon
|move|p2a: Floating Snake|Thunder Punch|p1a: Thinkaton
|-damage|p1a: Thinkaton|0 fnt
|-enditem|p1a: Thinkaton|Air Balloon
|faint|p1a: Thinkaton
|
|-heal|p2a: Floating Snake|61/100|[from] item: Leftovers
|upkeep
|
|t:|1759031015
|switch|p1a: Horse|Keldeo-Resolute|100/100
|turn|10
|
|t:|1759031032
|switch|p2a: Colorful Snake|Milotic, F|100/100
|move|p1a: Horse|Surf|p2a: Colorful Snake
|-resisted|p2a: Colorful Snake
|-damage|p2a: Colorful Snake|74/100
|
|-status|p2a: Colorful Snake|brn|[from] item: Flame Orb
|upkeep
|turn|11
|
|t:|1759031041
|switch|p1a: Gabagool|Delibird, F|100/100
|move|p2a: Colorful Snake|Scald|p1a: Gabagool
|-damage|p1a: Gabagool|21/100
|-status|p1a: Gabagool|brn
|
|-damage|p1a: Gabagool|15/100 brn|[from] brn
|-damage|p2a: Colorful Snake|68/100 brn|[from] brn
|upkeep
|turn|12
|
|t:|1759031047
|move|p1a: Gabagool|Spikes|p2a: Colorful Snake
|-sidestart|p2: JumboDorito|Spikes
|move|p2a: Colorful Snake|Scald|p1a: Gabagool
|-damage|p1a: Gabagool|0 fnt
|faint|p1a: Gabagool
|
|-damage|p2a: Colorful Snake|62/100 brn|[from] brn
|upkeep
|
|t:|1759031057
|switch|p1a: Gronkel|Conkeldurr, M|41/100
|turn|13
|
|t:|1759031066
|move|p2a: Colorful Snake|Scald|p1a: Gronkel
|-damage|p1a: Gronkel|7/100
|move|p1a: Gronkel|Drain Punch|p2a: Colorful Snake
|-crit|p2a: Colorful Snake
|-damage|p2a: Colorful Snake|19/100 brn
|-heal|p1a: Gronkel|27/100|[from] drain|[of] p2a: Colorful Snake
|
|-damage|p2a: Colorful Snake|13/100 brn|[from] brn
|upkeep
|turn|14
|
|t:|1759031074
|move|p1a: Gronkel|Mach Punch|p2a: Colorful Snake
|-damage|p2a: Colorful Snake|0 fnt
|faint|p2a: Colorful Snake
|
|upkeep
|
|t:|1759031088
|switch|p2a: Water Snake|Gyarados, F|100/100
|-ability|p2a: Water Snake|Intimidate|boost
|-unboost|p1a: Gronkel|atk|1
|turn|15
|
|t:|1759031114
|-terastallize|p2a: Water Snake|Ground
|move|p2a: Water Snake|Dragon Dance|p2a: Water Snake
|-boost|p2a: Water Snake|atk|1
|-boost|p2a: Water Snake|spe|1
|move|p1a: Gronkel|Thunder Punch|p2a: Water Snake
|-immune|p2a: Water Snake
|
|upkeep
|turn|16
|
|t:|1759031127
|move|p2a: Water Snake|Waterfall|p1a: Gronkel
|-damage|p1a: Gronkel|0 fnt
|faint|p1a: Gronkel
|
|upkeep
|
|t:|1759031238
|switch|p1a: Thinking Thugulis|Iron Jugulis|100/100
|-enditem|p1a: Thinking Thugulis|Booster Energy
|-activate|p1a: Thinking Thugulis|ability: Quark Drive|[fromitem]
|-start|p1a: Thinking Thugulis|quarkdrivespe
|turn|17
|
|t:|1759031364
|-terastallize|p1a: Thinking Thugulis|Dark
|move|p1a: Thinking Thugulis|Dark Pulse|p2a: Water Snake
|-damage|p2a: Water Snake|41/100
|move|p2a: Water Snake|Dragon Dance|p2a: Water Snake
|-boost|p2a: Water Snake|atk|1
|-boost|p2a: Water Snake|spe|1
|
|upkeep
|turn|18
|
|t:|1759031393
|move|p2a: Water Snake|Earthquake|p1a: Thinking Thugulis
|-damage|p1a: Thinking Thugulis|0 fnt
|faint|p1a: Thinking Thugulis
|-end|p1a: Thinking Thugulis|Quark Drive|[silent]
|
|upkeep
|
|t:|1759031402
|switch|p1a: Thinking Bee|Vespiquen, F|89/100
|-ability|p1a: Thinking Bee|Pressure
|turn|19
|
|t:|1759031407
|move|p2a: Water Snake|Waterfall|p1a: Thinking Bee
|-damage|p1a: Thinking Bee|0 fnt
|faint|p1a: Thinking Bee
|
|upkeep
|
|t:|1759031409
|switch|p1a: Horse|Keldeo-Resolute|100/100
|turn|20
|
|t:|1759031413
|move|p1a: Horse|Vacuum Wave|p2a: Water Snake
|-damage|p2a: Water Snake|8/100
|move|p2a: Water Snake|Earthquake|p1a: Horse
|-damage|p1a: Horse|0 fnt
|faint|p1a: Horse
|
|win|JumboDorito
