|j|☆Shimeon91
|j|☆mailman2
|t:|1759005876
|gametype|singles
|player|p1|Shimeon91|170|1327
|player|p2|mailman2|101|1351
|gen|9
|tier|[Gen 9] OU
|rated|
|rule|HP Percentage Mod: HP is shown in percentages
|rule|Endless Battle Clause: Forcing endless battles is banned
|rule|Species Clause: Limit one of each Pokémon
|rule|OHKO Clause: OHKO moves are banned
|rule|Evasion Items Clause: Evasion items are banned
|rule|Evasion Moves Clause: Evasion moves are banned
|rule|Evasion Abilities Clause: Evasion abilities are banned
|rule|Sleep Moves Clause: Sleep-inducing moves are banned
|clearpoke
|poke|p1|Cetitan, F|
|poke|p1|Infernape, M|
|poke|p1|Pecharunt|
|poke|p1|Toxicroak, M|
|poke|p1|Slowking-Galar, M|
|poke|p1|Glimmora, F|
|poke|p2|Dragapult, F|
|poke|p2|Moltres|
|poke|p2|Landorus-Therian, M|
|poke|p2|Corviknight, M|
|poke|p2|Ogerpon-Wellspring, F|
|poke|p2|Iron Crown|
|teampreview
|inactive|Battle timer is ON: inactive players will automatically lose when time's up. (requested by Shimeon91)
|
|t:|1759005893
|teamsize|p1|6
|teamsize|p2|6
|start
|switch|p1a: Glimmora|Glimmora, F|100/100
|switch|p2a: Ogerpon|Ogerpon-Wellspring, F|100/100
|turn|1
|
|t:|1759005904
|move|p2a: Ogerpon|Ivy Cudgel|p1a: Glimmora|[anim] Ivy Cudgel Water
|-supereffective|p1a: Glimmora
|-crit|p1a: Glimmora
|-enditem|p1a: Glimmora|Focus Sash
|-damage|p1a: Glimmora|1/100
|-activate|p1a: Glimmora|ability: Toxic Debris
|-sidestart|p2: mailman2|move: Toxic Spikes
|move|p1a: Glimmora|Stealth Rock|p2a: Ogerpon
|-sidestart|p2: mailman2|move: Stealth Rock
|
|upkeep
|turn|2
|
|t:|1759005914
|move|p2a: Ogerpon|U-turn|p1a: Glimmora
|-resisted|p1a: Glimmora
|-damage|p1a: Glimmora|0 fnt
|-activate|p1a: Glimmora|ability: Toxic Debris
|-sidestart|p2: mailman2|move: Toxic Spikes
|faint|p1a: Glimmora
|
|t:|1759005924
|switch|p2a: Moltres|Moltres|100/100|[from] U-turn
|
|upkeep
|
|t:|1759005931
|switch|p1a: Slowking|Slowking-Galar, M|100/100
|turn|3
|
|t:|1759005942
|move|p2a: Moltres|U-turn|p1a: Slowking
|-damage|p1a: Slowking|85/100
|
|t:|1759005946
|switch|p2a: Corviknight|Corviknight, M|100/100|[from] U-turn
|-damage|p2a: Corviknight|88/100|[from] Stealth Rock
|-ability|p2a: Corviknight|Pressure
|-prepare|p1a: Slowking|Chilly Reception|[premajor]
|move|p1a: Slowking|Chilly Reception|p1a: Slowking
|-weather|Snowscape
|
|t:|1759005955
|switch|p1a: Infernape|Infernape, M|100/100|[from] Chilly Reception
|
|-weather|Snowscape|[upkeep]
|-heal|p2a: Corviknight|94/100|[from] item: Leftovers
|upkeep
|turn|4
|
|t:|1759005971
|switch|p2a: Moltres|Moltres|100/100
|move|p1a: Infernape|Flamethrower|p2a: Moltres
|-resisted|p2a: Moltres
|-damage|p2a: Moltres|81/100
|
|-weather|Snowscape|[upkeep]
|upkeep
|turn|5
|
|t:|1759005982
|move|p1a: Infernape|Calm Mind|p1a: Infernape
|-boost|p1a: Infernape|spa|1
|-boost|p1a: Infernape|spd|1
|move|p2a: Moltres|Flamethrower|p1a: Infernape
|-resisted|p1a: Infernape
|-damage|p1a: Infernape|81/100
|
|-weather|Snowscape|[upkeep]
|upkeep
|turn|6
|
|t:|1759005991
|move|p1a: Infernape|Calm Mind|p1a: Infernape
|-boost|p1a: Infernape|spa|1
|-boost|p1a: Infernape|spd|1
|move|p2a: Moltres|Roar|p1a: Infernape
|drag|p1a: Pecharunt|Pecharunt|100/100
|
|-weather|Snowscape|[upkeep]
|upkeep
|turn|7
|
|t:|1759006000
|move|p2a: Moltres|U-turn|p1a: Pecharunt
|-resisted|p1a: Pecharunt
|-crit|p1a: Pecharunt
|-damage|p1a: Pecharunt|98/100
|
|t:|1759006005
|switch|p2a: Corviknight|Corviknight, M|94/100|[from] U-turn
|-damage|p2a: Corviknight|82/100|[from] Stealth Rock
|-ability|p2a: Corviknight|Pressure
|move|p1a: Pecharunt|Parting Shot|p2a: Corviknight
|-unboost|p2a: Corviknight|atk|1
|-unboost|p2a: Corviknight|spa|1
|
|t:|1759006014
|switch|p1a: Infernape|Infernape, M|81/100|[from] Parting Shot
|
|-weather|none
|-heal|p2a: Corviknight|88/100|[from] item: Leftovers
|upkeep
|turn|8
|
|t:|1759006022
|-terastallize|p2a: Corviknight|Dragon
|move|p1a: Infernape|Flamethrower|p2a: Corviknight
|-resisted|p2a: Corviknight
|-damage|p2a: Corviknight|69/100
|move|p2a: Corviknight|Defog|p1a: Infernape
|-unboost|p1a: Infernape|evasion|1
|-sideend|p2: mailman2|Toxic Spikes|[from] move: Defog|[of] p2a: Corviknight
|-sideend|p2: mailman2|Stealth Rock|[from] move: Defog|[of] p2a: Corviknight
|
|-heal|p2a: Corviknight|75/100|[from] item: Leftovers
|upkeep
|turn|9
|
|t:|1759006033
|move|p1a: Infernape|Aura Sphere|p2a: Corviknight
|-damage|p2a: Corviknight|41/100
|move|p2a: Corviknight|Brave Bird|p1a: Infernape
|-supereffective|p1a: Infernape
|-damage|p1a: Infernape|9/100
|-damage|p2a: Corviknight|23/100|[from] Recoil
|
|-heal|p2a: Corviknight|29/100|[from] item: Leftovers
|upkeep
|turn|10
|
|t:|1759006045
|switch|p2a: Dragapult|Dragapult, F|100/100
|move|p1a: Infernape|Aura Sphere|p2a: Dragapult
|-immune|p2a: Dragapult
|
|upkeep
|turn|11
|
|t:|1759006064
|move|p2a: Dragapult|Hex|p1a: Infernape
|-damage|p1a: Infernape|0 fnt
|faint|p1a: Infernape
|
|upkeep
|
|t:|1759006070
|switch|p1a: Slowking|Slowking-Galar, M|100/100
|turn|12
|
|t:|1759006077
|move|p2a: Dragapult|Thunder Wave|p1a: Slowking
|-status|p1a: Slowking|par
|-prepare|p1a: Slowking|Chilly Reception|[premajor]
|move|p1a: Slowking|Chilly Reception|p1a: Slowking
|-weather|Snowscape
|
|t:|1759006083
|switch|p1a: Cetitan|Cetitan, F, shiny|100/100|[from] Chilly Reception
|
|-weather|Snowscape|[upkeep]
|upkeep
|turn|13
|
|t:|1759006091
|move|p1a: Cetitan|Knock Off|p2a: Dragapult
|-supereffective|p2a: Dragapult
|-damage|p2a: Dragapult|13/100
|-enditem|p2a: Dragapult|Heavy-Duty Boots|[from] move: Knock Off|[of] p1a: Cetitan
|move|p2a: Dragapult|Thunder Wave|p1a: Cetitan
|-status|p1a: Cetitan|par
|
|-weather|Snowscape|[upkeep]
|upkeep
|turn|14
|
|t:|1759006103
|move|p1a: Cetitan|Ice Shard|p2a: Dragapult
|-supereffective|p2a: Dragapult
|-damage|p2a: Dragapult|0 fnt
|faint|p2a: Dragapult
|
|-weather|Snowscape|[upkeep]
|upkeep
|
|t:|1759006120
|switch|p2a: Moltres|Moltres|81/100
|turn|15
|
|t:|1759006130
|switch|p1a: Slowking|Slowking-Galar, M|100/100 par
|move|p2a: Moltres|Flamethrower|p1a: Slowking
|-damage|p1a: Slowking|79/100 par
|
|-weather|Snowscape|[upkeep]
|upkeep
|turn|16
|
|t:|1759006141
|move|p2a: Moltres|Roost|p2a: Moltres
|-heal|p2a: Moltres|100/100
|-singleturn|p2a: Moltres|move: Roost
|move|p1a: Slowking|Sludge Bomb|p2a: Moltres
|-damage|p2a: Moltres|67/100
|-status|p2a: Moltres|psn
|
|-weather|none
|-damage|p2a: Moltres|55/100 psn|[from] psn
|upkeep
|turn|17
|
|t:|1759006156
|move|p2a: Moltres|Roost|p2a: Moltres
|-heal|p2a: Moltres|100/100 psn
|-singleturn|p2a: Moltres|move: Roost
|-prepare|p1a: Slowking|Chilly Reception|[premajor]
|move|p1a: Slowking|Chilly Reception|p1a: Slowking
|-weather|Snowscape
|
|t:|1759006163
|switch|p1a: Pecharunt|Pecharunt|98/100|[from] Chilly Reception
|
|-weather|Snowscape|[upkeep]
|-damage|p2a: Moltres|88/100 psn|[from] psn
|upkeep
|turn|18
|
|t:|1759006172
|move|p2a: Moltres|U-turn|p1a: Pecharunt
|-resisted|p1a: Pecharunt
|-damage|p1a: Pecharunt|96/100
|
|t:|1759006177
|switch|p2a: Landorus|Landorus-Therian, M|100/100|[from] U-turn
|-ability|p2a: Landorus|Intimidate|boost
|-unboost|p1a: Pecharunt|atk|1
|move|p1a: Pecharunt|Malignant Chain|p2a: Landorus
|-resisted|p2a: Landorus
|-damage|p2a: Landorus|83/100
|-status|p2a: Landorus|tox
|-start|p2a: Landorus|confusion|[from] ability: Poison Puppeteer|[of] p1a: Pecharunt
|
|-weather|Snowscape|[upkeep]
|-damage|p2a: Landorus|77/100 tox|[from] psn
|upkeep
|turn|19
|l|☆Shimeon91
|inactive|Shimeon91 disconnected and has a minute to reconnect!
|player|p1|
|j|☆Shimeon91
|inactive|Shimeon91 reconnected and has 130 seconds left.
|player|p1|Shimeon91|170|
|
|t:|1759006199
|switch|p1a: Toxicroak|Toxicroak, M|100/100
|-item|p1a: Toxicroak|Air Balloon
|-activate|p2a: Landorus|confusion
|move|p2a: Landorus|Stealth Rock|p1a: Toxicroak
|-sidestart|p1: Shimeon91|move: Stealth Rock
|
|-weather|Snowscape|[upkeep]
|-damage|p2a: Landorus|65/100 tox|[from] psn
|upkeep
|turn|20
|
|t:|1759006209
|switch|p1a: Pecharunt|Pecharunt|96/100
|-activate|p2a: Landorus|confusion
|move|p2a: Landorus|U-turn|p1a: Pecharunt
|-resisted|p1a: Pecharunt
|-damage|p1a: Pecharunt|94/100
|
|t:|1759006226
|switch|p2a: Iron Crown|Iron Crown|100/100|[from] U-turn
|
|-weather|Snowscape|[upkeep]
|upkeep
|turn|21
|
|t:|1759006233
|-terastallize|p1a: Pecharunt|Dark
|move|p2a: Iron Crown|Future Sight|p1a: Pecharunt
|-start|p2a: Iron Crown|move: Future Sight
|move|p1a: Pecharunt|Shadow Ball|p2a: Iron Crown
|-supereffective|p2a: Iron Crown
|-damage|p2a: Iron Crown|64/100
|
|-weather|none
|upkeep
|turn|22
|
|t:|1759006242
|move|p2a: Iron Crown|Volt Switch|p1a: Pecharunt
|-damage|p1a: Pecharunt|70/100
|
|t:|1759006255
|-end|p2a: Iron Crown|Quark Drive|[silent]
|switch|p2a: Moltres|Moltres|88/100 psn|[from] Volt Switch
|move|p1a: Pecharunt|Parting Shot|p2a: Moltres
|-unboost|p2a: Moltres|atk|1
|-unboost|p2a: Moltres|spa|1
|
|t:|1759006262
|switch|p1a: Slowking|Slowking-Galar, M|100/100 par|[from] Parting Shot
|
|-damage|p2a: Moltres|76/100 psn|[from] psn
|upkeep
|turn|23
|
|t:|1759006274
|move|p2a: Moltres|U-turn|p1a: Slowking
|-damage|p1a: Slowking|90/100 par
|
|t:|1759006279
|switch|p2a: Ogerpon|Ogerpon-Wellspring, F|100/100|[from] U-turn
|move|p1a: Slowking|Future Sight|p2a: Ogerpon
|-start|p1a: Slowking|move: Future Sight
|
|-end|p1a: Slowking|move: Future Sight
|-damage|p1a: Slowking|53/100 par
|upkeep
|turn|24
|
|t:|1759006293
|switch|p1a: Toxicroak|Toxicroak, M|100/100
|-damage|p1a: Toxicroak|94/100|[from] Stealth Rock
|-item|p1a: Toxicroak|Air Balloon
|move|p2a: Ogerpon|Knock Off|p1a: Toxicroak
|-resisted|p1a: Toxicroak
|-damage|p1a: Toxicroak|64/100
|-enditem|p1a: Toxicroak|Air Balloon
|
|upkeep
|turn|25
|
|t:|1759006309
|move|p2a: Ogerpon|U-turn|p1a: Toxicroak
|-resisted|p1a: Toxicroak
|-damage|p1a: Toxicroak|52/100
|
|t:|1759006319
|switch|p2a: Landorus|Landorus-Therian, M|65/100 tox|[from] U-turn
|-ability|p2a: Landorus|Intimidate|boost
|-unboost|p1a: Toxicroak|atk|1
|move|p1a: Toxicroak|Poison Jab|p2a: Landorus
|-resisted|p2a: Landorus
|-damage|p2a: Landorus|53/100 tox
|-damage|p1a: Toxicroak|36/100|[from] item: Rocky Helmet|[of] p2a: Landorus
|
|-end|p2a: Landorus|move: Future Sight
|-damage|p2a: Landorus|3/100 tox
|-damage|p2a: Landorus|0 fnt|[from] psn
|faint|p2a: Landorus
|upkeep
|l|☆Shimeon91
|inactive|Shimeon91 disconnected and has a minute to reconnect!
|player|p1|
|inactive|mailman2 has 120 seconds left.
|
|t:|1759006339
|switch|p2a: Iron Crown|Iron Crown|64/100
|turn|26
|j|☆Shimeon91
|inactive|Shimeon91 reconnected and has 150 seconds left.
|player|p1|Shimeon91|170|
|
|t:|1759006344
|move|p1a: Toxicroak|Sucker Punch|p2a: Iron Crown
|-supereffective|p2a: Iron Crown
|-damage|p2a: Iron Crown|28/100
|move|p2a: Iron Crown|Tachyon Cutter|p1a: Toxicroak
|-damage|p1a: Toxicroak|0 fnt
|faint|p1a: Toxicroak
|-hitcount|p1: Toxicroak|1
|
|upkeep
|
|t:|1759006354
|switch|p1a: Slowking|Slowking-Galar, M|86/100 par
|turn|27
|
|t:|1759006364
|move|p2a: Iron Crown|Volt Switch|p1a: Slowking
|-damage|p1a: Slowking|72/100 par
|l|☆Shimeon91
|inactive|Shimeon91 disconnected and has a minute to reconnect!
|player|p1|
|
|t:|1759006383
|-end|p2a: Iron Crown|Quark Drive|[silent]
|switch|p2a: Corviknight|Corviknight, M, tera:Dragon|29/100|[from] Volt Switch
|-ability|p2a: Corviknight|Pressure
|move|p1a: Slowking|Thunder Wave|p2a: Corviknight
|-status|p2a: Corviknight|par
|
|-heal|p2a: Corviknight|35/100 par|[from] item: Leftovers
|upkeep
|turn|28
|j|☆Shimeon91
|inactive|Shimeon91 reconnected and has 150 seconds left.
|player|p1|Shimeon91|170|
|
|t:|1759006393
|cant|p2a: Corviknight|par
|move|p1a: Slowking|Future Sight|p2a: Corviknight
|-start|p1a: Slowking|move: Future Sight
|
|-heal|p2a: Corviknight|41/100 par|[from] item: Leftovers
|upkeep
|turn|29
|
|t:|1759006399
|move|p2a: Corviknight|Roost|p2a: Corviknight
|-heal|p2a: Corviknight|91/100 par
|cant|p1a: Slowking|par
|
|-heal|p2a: Corviknight|97/100 par|[from] item: Leftovers
|upkeep
|turn|30
|
|t:|1759006408
|move|p2a: Corviknight|U-turn|p1a: Slowking
|-damage|p1a: Slowking|58/100 par
|
|t:|1759006412
|switch|p2a: Iron Crown|Iron Crown|28/100|[from] U-turn
|-prepare|p1a: Slowking|Chilly Reception|[premajor]
|move|p1a: Slowking|Chilly Reception|p1a: Slowking
|-weather|Snowscape
|
|t:|1759006424
|switch|p1a: Cetitan|Cetitan, F, shiny|100/100 par|[from] Chilly Reception
|
|-weather|Snowscape|[upkeep]
|-end|p2a: Iron Crown|move: Future Sight
|-resisted|p2a: Iron Crown
|-damage|p2a: Iron Crown|20/100
|upkeep
|turn|31
|
|t:|1759006434
|switch|p1a: Slowking|Slowking-Galar, M|91/100 par
|move|p2a: Iron Crown|Tachyon Cutter|p1a: Slowking
|-damage|p1a: Slowking|76/100 par
|-damage|p1a: Slowking|61/100 par
|-hitcount|p1a: Slowking|2
|
|-weather|Snowscape|[upkeep]
|upkeep
|turn|32
|
|t:|1759006444
|move|p2a: Iron Crown|Future Sight|p1a: Slowking
|-start|p2a: Iron Crown|move: Future Sight
|move|p1a: Slowking|Future Sight|p2a: Iron Crown
|-start|p1a: Slowking|move: Future Sight
|
|-weather|Snowscape|[upkeep]
|upkeep
|turn|33
|
|t:|1759006453
|move|p2a: Iron Crown|Tachyon Cutter|p1a: Slowking
|-damage|p1a: Slowking|47/100 par
|-damage|p1a: Slowking|31/100 par
|-hitcount|p1a: Slowking|2
|-prepare|p1a: Slowking|Chilly Reception|[premajor]
|cant|p1a: Slowking|par
|
|-weather|Snowscape|[upkeep]
|upkeep
|turn|34
|
|t:|1759006468
|move|p2a: Iron Crown|Tachyon Cutter|p1a: Slowking
|-damage|p1a: Slowking|16/100 par
|-damage|p1a: Slowking|0 fnt
|faint|p1a: Slowking
|-hitcount|p1: Slowking|2
|
|-weather|none
|-end|p2a: Iron Crown|move: Future Sight
|-resisted|p2a: Iron Crown
|-crit|p2a: Iron Crown
|-damage|p2a: Iron Crown|10/100
|-hint|Future Sight did not hit because the target is fainted.
|upkeep
|
|t:|1759006478
|switch|p1a: Cetitan|Cetitan, F, shiny|100/100 par
|turn|35
|
|t:|1759006485
|-end|p2a: Iron Crown|Quark Drive|[silent]
|switch|p2a: Moltres|Moltres|76/100 psn
|cant|p1a: Cetitan|par
|
|-damage|p2a: Moltres|64/100 psn|[from] psn
|upkeep
|turn|36
|
|t:|1759006495
|move|p2a: Moltres|Flamethrower|p1a: Cetitan
|-supereffective|p1a: Cetitan
|-damage|p1a: Cetitan|18/100 par
|move|p1a: Cetitan|Knock Off|p2a: Moltres
|-damage|p2a: Moltres|42/100 psn
|-enditem|p2a: Moltres|Heavy-Duty Boots|[from] move: Knock Off|[of] p1a: Cetitan
|
|-damage|p2a: Moltres|29/100 psn|[from] psn
|upkeep
|turn|37
|-message|Shimeon91 forfeited.
|
|win|mailman2
|raw|Shimeon91's rating: 1327 &rarr; <strong>1308</strong><br />(-19 for losing)
|raw|mailman2's rating: 1351 &rarr; <strong>1370</strong><br />(+19 for winning)
|l|☆Shimeon91
|player|p1|
|l|☆mailman2
|player|p2|
