|j|☆zacian good
|j|☆2001civic
|t:|1758946453
|gametype|singles
|player|p1|zacian good|brycen|1549
|player|p2|2001civic|170|1577
|gen|9
|tier|[Gen 9] OU
|rated|
|rule|HP Percentage Mod: HP is shown in percentages
|rule|Endless Battle Clause: Forcing endless battles is banned
|rule|Species Clause: Limit one of each Pokémon
|rule|OHKO Clause: OHKO moves are banned
|rule|Evasion Items Clause: Evasion items are banned
|rule|Evasion Moves Clause: Evasion moves are banned
|rule|Evasion Abilities Clause: Evasion abilities are banned
|rule|Sleep Moves Clause: Sleep-inducing moves are banned
|clearpoke
|poke|p1|Zamazenta-*|
|poke|p1|Raging Bolt|
|poke|p1|Gholdengo|
|poke|p1|Rillaboom, F|
|poke|p1|Primarina, M|
|poke|p1|Ogerpon-Cornerstone, F|
|poke|p2|Ceruledge, F|
|poke|p2|Grimmsnarl, M|
|poke|p2|Hatterene, F|
|poke|p2|Ogerpon-Wellspring, F|
|poke|p2|Okidogi, M|
|poke|p2|Florges, F|
|teampreview
|
|t:|1758946460
|teamsize|p1|6
|teamsize|p2|6
|start
|switch|p1a: Primarina|Primarina, M|100/100
|switch|p2a: Grimmsnarl|Grimmsnarl, M|100/100
|turn|1
|
|t:|1758946463
|move|p2a: Grimmsnarl|Light Screen|p2a: Grimmsnarl
|-sidestart|p2: 2001civic|move: Light Screen
|move|p1a: Primarina|Moonblast|p2a: Grimmsnarl
|-supereffective|p2a: Grimmsnarl
|-damage|p2a: Grimmsnarl|12/100
|-unboost|p2a: Grimmsnarl|spa|1
|
|upkeep
|turn|2
|
|t:|1758946467
|move|p2a: Grimmsnarl|Reflect|p2a: Grimmsnarl
|-sidestart|p2: 2001civic|Reflect
|move|p1a: Primarina|Moonblast|p2a: Grimmsnarl
|-supereffective|p2a: Grimmsnarl
|-damage|p2a: Grimmsnarl|0 fnt
|faint|p2a: Grimmsnarl
|
|upkeep
|
|t:|1758946486
|switch|p2a: Ceruledge|Ceruledge, F|100/100
|turn|3
|
|t:|1758946517
|switch|p1a: Raging Bolt|Raging Bolt|100/100
|move|p2a: Ceruledge|Bulk Up|p2a: Ceruledge
|-boost|p2a: Ceruledge|atk|1
|-boost|p2a: Ceruledge|def|1
|
|upkeep
|turn|4
|
|t:|1758946527
|move|p2a: Ceruledge|Bulk Up|p2a: Ceruledge
|-boost|p2a: Ceruledge|atk|1
|-boost|p2a: Ceruledge|def|1
|move|p1a: Raging Bolt|Calm Mind|p1a: Raging Bolt
|-boost|p1a: Raging Bolt|spa|1
|-boost|p1a: Raging Bolt|spd|1
|
|upkeep
|turn|5
|
|t:|1758946533
|move|p2a: Ceruledge|Bulk Up|p2a: Ceruledge
|-boost|p2a: Ceruledge|atk|1
|-boost|p2a: Ceruledge|def|1
|move|p1a: Raging Bolt|Thunderbolt|p2a: Ceruledge
|-damage|p2a: Ceruledge|70/100
|
|-heal|p2a: Ceruledge|76/100|[from] item: Leftovers
|upkeep
|turn|6
|
|t:|1758946536
|move|p2a: Ceruledge|Bitter Blade|p1a: Raging Bolt
|-resisted|p1a: Raging Bolt
|-damage|p1a: Raging Bolt|61/100
|-heal|p2a: Ceruledge|100/100|[from] drain|[of] p1a: Raging Bolt
|move|p1a: Raging Bolt|Thunderbolt|p2a: Ceruledge
|-damage|p2a: Ceruledge|71/100
|
|-heal|p2a: Ceruledge|77/100|[from] item: Leftovers
|upkeep
|turn|7
|
|t:|1758946544
|move|p2a: Ceruledge|Bitter Blade|p1a: Raging Bolt
|-resisted|p1a: Raging Bolt
|-damage|p1a: Raging Bolt|25/100
|-heal|p2a: Ceruledge|99/100|[from] drain|[of] p1a: Raging Bolt
|move|p1a: Raging Bolt|Thunderbolt|p2a: Ceruledge
|-damage|p2a: Ceruledge|69/100
|
|-heal|p2a: Ceruledge|75/100|[from] item: Leftovers
|upkeep
|turn|8
|
|t:|1758946549
|move|p2a: Ceruledge|Shadow Sneak|p1a: Raging Bolt
|-damage|p1a: Raging Bolt|0 fnt
|faint|p1a: Raging Bolt
|-end|p1a: Raging Bolt|Protosynthesis|[silent]
|
|-heal|p2a: Ceruledge|81/100|[from] item: Leftovers
|-sideend|p2: 2001civic|move: Light Screen
|upkeep
|
|t:|1758946557
|switch|p1a: Primarina|Primarina, M|100/100
|turn|9
|
|t:|1758946560
|-terastallize|p2a: Ceruledge|Bug
|move|p2a: Ceruledge|Bitter Blade|p1a: Primarina
|-resisted|p1a: Primarina
|-crit|p1a: Primarina
|-damage|p1a: Primarina|20/100
|-heal|p2a: Ceruledge|100/100|[from] drain|[of] p1a: Primarina
|move|p1a: Primarina|Hydro Pump|p2a: Ceruledge
|-damage|p2a: Ceruledge|0 fnt
|faint|p2a: Ceruledge
|
|-sideend|p2: 2001civic|Reflect
|upkeep
|c|☆2001civic|lol that crit fucked me
|
|t:|1758946580
|switch|p2a: Ogerpon|Ogerpon-Wellspring, F|100/100
|turn|10
|
|t:|1758946589
|switch|p2a: Okidogi|Okidogi, M|100/100
|switch|p1a: Rillaboom|Rillaboom, F|100/100
|-fieldstart|move: Grassy Terrain|[from] ability: Grassy Surge|[of] p1a: Rillaboom
|
|upkeep
|turn|11
|c|☆zacian good|a SPECtacle
|
|t:|1758946599
|switch|p1a: Gholdengo|Gholdengo|100/100
|-enditem|p1a: Gholdengo|Grassy Seed
|-boost|p1a: Gholdengo|def|1|[from] item: Grassy Seed
|move|p2a: Okidogi|Bulk Up|p2a: Okidogi
|-boost|p2a: Okidogi|atk|1
|-boost|p2a: Okidogi|def|1
|
|upkeep
|turn|12
|c|☆2001civic|doesnt kill
|
|t:|1758946609
|move|p1a: Gholdengo|Nasty Plot|p1a: Gholdengo
|-boost|p1a: Gholdengo|spa|2
|move|p2a: Okidogi|Bulk Up|p2a: Okidogi
|-boost|p2a: Okidogi|atk|1
|-boost|p2a: Okidogi|def|1
|
|upkeep
|turn|13
|c|☆zacian good|ik
|c|☆zacian good|oggy cleans up tho
|
|t:|1758946632
|move|p1a: Gholdengo|Make It Rain|p2a: Okidogi
|-damage|p2a: Okidogi|3/100
|-unboost|p1a: Gholdengo|spa|1
|move|p2a: Okidogi|Knock Off|p1a: Gholdengo
|-supereffective|p1a: Gholdengo
|-damage|p1a: Gholdengo|58/100
|
|-heal|p1a: Gholdengo|64/100|[from] Grassy Terrain
|-heal|p2a: Okidogi|9/100|[from] Grassy Terrain
|-heal|p2a: Okidogi|15/100|[from] item: Leftovers
|upkeep
|turn|14
|c|☆2001civic|huh
|c|☆2001civic|i get most of my health back and at +3
|c|☆2001civic|so na idts
|
|t:|1758946649
|move|p1a: Gholdengo|Shadow Ball|p2a: Okidogi
|-damage|p2a: Okidogi|0 fnt
|faint|p2a: Okidogi
|
|-heal|p1a: Gholdengo|70/100|[from] Grassy Terrain
|-fieldend|move: Grassy Terrain
|upkeep
|c|☆zacian good|you heal first then i pump
|c|☆2001civic|yes
|c|☆2001civic|then i blade again
|c|☆zacian good|only heal a little
|c|☆2001civic|you'd be at 45 on the second blade
|c|☆zacian good|then ivy cudgel drops it
|c|☆2001civic|i'd be over 50 and no way ivy cudgel drop sit
|c|☆2001civic|lmfao
|
|t:|1758946685
|switch|p2a: Ogerpon|Ogerpon-Wellspring, F|100/100
|turn|15
|
|t:|1758946692
|move|p2a: Ogerpon|Swords Dance|p2a: Ogerpon
|-boost|p2a: Ogerpon|atk|2
|move|p1a: Gholdengo|Shadow Ball|p2a: Ogerpon
|-damage|p2a: Ogerpon|22/100
|
|upkeep
|turn|16
|
|t:|1758946702
|move|p2a: Ogerpon|Ivy Cudgel|p1a: Gholdengo|[anim] Ivy Cudgel Water
|-damage|p1a: Gholdengo|1/100
|move|p1a: Gholdengo|Shadow Ball|p2a: Ogerpon
|-damage|p2a: Ogerpon|0 fnt
|faint|p2a: Ogerpon
|
|upkeep
|c|☆zacian good|hes himothy
|
|t:|1758946726
|switch|p2a: Hatterene|Hatterene, F|100/100
|turn|17
|-message|2001civic forfeited.
|
|win|zacian good
|raw|zacian good's rating: 1549 &rarr; <strong>1571</strong><br />(+22 for winning)
|raw|2001civic's rating: 1577 &rarr; <strong>1555</strong><br />(-22 for losing)
|l|☆2001civic
|player|p2|
|l|☆zacian good
|player|p1|
|j|☆2001civic
|player|p2|2001civic|170|
