|j|☆gigabowser20
|j|☆Flex Plays Only
|t:|1759019531
|gametype|singles
|player|p1|gigabowser20|rosa|1542
|player|p2|Flex Plays Only|miku-fairy|1610
|gen|9
|tier|[Gen 9] OU
|rated|
|rule|HP Percentage Mod: HP is shown in percentages
|rule|Endless Battle Clause: Forcing endless battles is banned
|rule|Species Clause: Limit one of each Pokémon
|rule|OHKO Clause: OHKO moves are banned
|rule|Evasion Items Clause: Evasion items are banned
|rule|Evasion Moves Clause: Evasion moves are banned
|rule|Evasion Abilities Clause: Evasion abilities are banned
|rule|Sleep Moves Clause: Sleep-inducing moves are banned
|clearpoke
|poke|p1|Iron Treads|
|poke|p1|Armarouge, F|
|poke|p1|Polteageist|
|poke|p1|Deoxys-Speed|
|poke|p1|Indeedee, M|
|poke|p1|Hawlucha, F|
|poke|p2|Great Tusk|
|poke|p2|Gholdengo|
|poke|p2|Zamazenta-*|
|poke|p2|Hydrapple, M|
|poke|p2|Corviknight, M|
|poke|p2|Tyranitar, M|
|teampreview
|inactive|Battle timer is ON: inactive players will automatically lose when time's up. (requested by gigabowser20)
|
|t:|1759019556
|teamsize|p1|6
|teamsize|p2|6
|start
|switch|p1a: Deoxys|Deoxys-Speed, shiny|100/100
|switch|p2a: Corviknight|Corviknight, M|100/100
|-ability|p1a: Deoxys|Pressure
|-ability|p2a: Corviknight|Pressure
|turn|1
|
|t:|1759019560
|move|p1a: Deoxys|Stealth Rock|p2a: Corviknight
|-sidestart|p2: Flex Plays Only|move: Stealth Rock
|move|p2a: Corviknight|Brave Bird|p1a: Deoxys
|-damage|p1a: Deoxys|58/100
|-damage|p2a: Corviknight|90/100|[from] Recoil
|
|-heal|p2a: Corviknight|96/100|[from] item: Leftovers
|upkeep
|turn|2
|
|t:|1759019564
|move|p1a: Deoxys|Psychic Terrain|p1a: Deoxys
|-fieldstart|move: Psychic Terrain
|move|p2a: Corviknight|Brave Bird|p1a: Deoxys
|-damage|p1a: Deoxys|10/100
|-damage|p2a: Corviknight|84/100|[from] Recoil
|
|-heal|p2a: Corviknight|90/100|[from] item: Leftovers
|upkeep
|turn|3
|
|t:|1759019568
|move|p1a: Deoxys|Taunt|p2a: Corviknight
|-start|p2a: Corviknight|move: Taunt
|cant|p2a: Corviknight|move: Taunt|Defog
|
|-heal|p2a: Corviknight|96/100|[from] item: Leftovers
|upkeep
|turn|4
|
|t:|1759019579
|move|p1a: Deoxys|Psycho Boost|p2a: Corviknight
|-resisted|p2a: Corviknight
|-damage|p2a: Corviknight|75/100
|-unboost|p1a: Deoxys|spa|2
|move|p2a: Corviknight|U-turn|p1a: Deoxys
|-supereffective|p1a: Deoxys
|-damage|p1a: Deoxys|0 fnt
|faint|p1a: Deoxys
|
|t:|1759019584
|switch|p2a: Tyranitar|Tyranitar, M|100/100|[from] U-turn
|-weather|Sandstorm|[from] ability: Sand Stream|[of] p2a: Tyranitar
|
|-weather|Sandstorm|[upkeep]
|upkeep
|
|t:|1759019588
|switch|p1a: Hawlucha|Hawlucha, F|100/100
|-enditem|p1a: Hawlucha|Psychic Seed
|-boost|p1a: Hawlucha|spd|1|[from] item: Psychic Seed
|turn|5
|
|t:|1759019592
|move|p1a: Hawlucha|Swords Dance|p1a: Hawlucha
|-boost|p1a: Hawlucha|atk|2
|move|p2a: Tyranitar|Ice Punch|p1a: Hawlucha
|-supereffective|p1a: Hawlucha
|-damage|p1a: Hawlucha|28/100
|
|-weather|Sandstorm|[upkeep]
|-damage|p1a: Hawlucha|22/100|[from] Sandstorm
|upkeep
|turn|6
|
|t:|1759019599
|switch|p2a: Hydrapple|Hydrapple, M|100/100
|move|p1a: Hawlucha|Close Combat|p2a: Hydrapple
|-damage|p2a: Hydrapple|45/100
|-unboost|p1a: Hawlucha|def|1
|-unboost|p1a: Hawlucha|spd|1
|
|-weather|Sandstorm|[upkeep]
|-damage|p1a: Hawlucha|16/100|[from] Sandstorm
|-damage|p2a: Hydrapple|39/100|[from] Sandstorm
|upkeep
|turn|7
|
|t:|1759019604
|move|p1a: Hawlucha|Acrobatics|p2a: Hydrapple
|-supereffective|p2a: Hydrapple
|-damage|p2a: Hydrapple|0 fnt
|faint|p2a: Hydrapple
|
|-weather|Sandstorm|[upkeep]
|-damage|p1a: Hawlucha|10/100|[from] Sandstorm
|upkeep
|
|t:|1759019612
|switch|p2a: Gholdengo|Gholdengo|100/100
|-damage|p2a: Gholdengo|94/100|[from] Stealth Rock
|turn|8
|
|t:|1759019615
|move|p1a: Hawlucha|Throat Chop|p2a: Gholdengo
|-supereffective|p2a: Gholdengo
|-damage|p2a: Gholdengo|0 fnt
|faint|p2a: Gholdengo
|
|-weather|none
|upkeep
|
|t:|1759019618
|switch|p2a: Tyranitar|Tyranitar, M|100/100
|-weather|Sandstorm|[from] ability: Sand Stream|[of] p2a: Tyranitar
|turn|9
|
|t:|1759019622
|switch|p2a: Zamazenta|Zamazenta|100/100
|-damage|p2a: Zamazenta|94/100|[from] Stealth Rock
|-ability|p2a: Zamazenta|Dauntless Shield|boost
|-boost|p2a: Zamazenta|def|1
|move|p1a: Hawlucha|Close Combat|p2a: Zamazenta
|-damage|p2a: Zamazenta|43/100
|-unboost|p1a: Hawlucha|def|1
|-unboost|p1a: Hawlucha|spd|1
|
|-weather|Sandstorm|[upkeep]
|-damage|p1a: Hawlucha|4/100|[from] Sandstorm
|-damage|p2a: Zamazenta|37/100|[from] Sandstorm
|-heal|p2a: Zamazenta|43/100|[from] item: Leftovers
|-fieldend|move: Psychic Terrain
|upkeep
|turn|10
|
|t:|1759019629
|move|p1a: Hawlucha|Acrobatics|p2a: Zamazenta
|-supereffective|p2a: Zamazenta
|-damage|p2a: Zamazenta|0 fnt
|faint|p2a: Zamazenta
|
|-weather|Sandstorm|[upkeep]
|-damage|p1a: Hawlucha|0 fnt|[from] Sandstorm
|faint|p1a: Hawlucha
|upkeep
|
|t:|1759019635
|switch|p2a: Tyranitar|Tyranitar, M|100/100
|switch|p1a: Indeedee|Indeedee, M, shiny|100/100
|-fieldstart|move: Psychic Terrain|[from] ability: Psychic Surge|[of] p1a: Indeedee
|turn|11
|
|t:|1759019661
|switch|p1a: Iron Treads|Iron Treads|100/100
|move|p2a: Tyranitar|Stealth Rock|p1a: Iron Treads
|-sidestart|p1: gigabowser20|move: Stealth Rock
|
|-weather|Sandstorm|[upkeep]
|upkeep
|turn|12
|
|t:|1759019667
|move|p1a: Iron Treads|Rapid Spin|p2a: Tyranitar
|-resisted|p2a: Tyranitar
|-damage|p2a: Tyranitar|95/100
|-boost|p1a: Iron Treads|spe|1
|-sideend|p1: gigabowser20|Stealth Rock|[from] move: Rapid Spin|[of] p1a: Iron Treads
|move|p2a: Tyranitar|Low Kick|p1a: Iron Treads
|-supereffective|p1a: Iron Treads
|-damage|p1a: Iron Treads|36/100
|
|-weather|Sandstorm|[upkeep]
|upkeep
|turn|13
|
|t:|1759019670
|switch|p2a: Corviknight|Corviknight, M|75/100
|-damage|p2a: Corviknight|63/100|[from] Stealth Rock
|-ability|p2a: Corviknight|Pressure
|move|p1a: Iron Treads|Earthquake|p2a: Corviknight
|-immune|p2a: Corviknight
|
|-weather|none
|-heal|p2a: Corviknight|69/100|[from] item: Leftovers
|upkeep
|turn|14
|
|t:|1759019674
|move|p1a: Iron Treads|Knock Off|p2a: Corviknight
|-damage|p2a: Corviknight|46/100
|-enditem|p2a: Corviknight|Leftovers|[from] move: Knock Off|[of] p1a: Iron Treads
|move|p2a: Corviknight|Defog|p1a: Iron Treads
|-unboost|p1a: Iron Treads|evasion|1
|-sideend|p2: Flex Plays Only|Stealth Rock|[from] move: Defog|[of] p2a: Corviknight
|-fieldend|move: Psychic Terrain
|
|upkeep
|turn|15
|
|t:|1759019683
|-end|p1a: Iron Treads|Quark Drive|[silent]
|switch|p1a: Indeedee|Indeedee, M, shiny|100/100
|-fieldstart|move: Psychic Terrain|[from] ability: Psychic Surge|[of] p1a: Indeedee
|move|p2a: Corviknight|Roost|p2a: Corviknight
|-heal|p2a: Corviknight|96/100
|-singleturn|p2a: Corviknight|move: Roost
|
|upkeep
|turn|16
|
|t:|1759019690
|move|p1a: Indeedee|Encore|p2a: Corviknight
|-start|p2a: Corviknight|Encore
|move|p2a: Corviknight|Roost|p2a: Corviknight
|-heal|p2a: Corviknight|100/100
|-singleturn|p2a: Corviknight|move: Roost
|
|upkeep
|turn|17
|
|t:|1759019696
|switch|p1a: Polteageist|Polteageist|100/100
|switch|p2a: Tyranitar|Tyranitar, M|95/100
|-weather|Sandstorm|[from] ability: Sand Stream|[of] p2a: Tyranitar
|
|-weather|Sandstorm|[upkeep]
|-damage|p1a: Polteageist|94/100|[from] Sandstorm
|upkeep
|turn|18
|
|t:|1759019700
|-terastallize|p1a: Polteageist|Fighting
|move|p1a: Polteageist|Shell Smash|p1a: Polteageist
|-unboost|p1a: Polteageist|def|1
|-unboost|p1a: Polteageist|spd|1
|-boost|p1a: Polteageist|atk|2
|-boost|p1a: Polteageist|spa|2
|-boost|p1a: Polteageist|spe|2
|move|p2a: Tyranitar|Knock Off|p1a: Polteageist
|-resisted|p1a: Polteageist
|-damage|p1a: Polteageist|33/100
|-ability|p1a: Polteageist|Weak Armor|boost
|-unboost|p1a: Polteageist|def|1
|-boost|p1a: Polteageist|spe|2
|-enditem|p1a: Polteageist|Focus Sash|[from] move: Knock Off|[of] p2a: Tyranitar
|
|-weather|Sandstorm|[upkeep]
|-damage|p1a: Polteageist|27/100|[from] Sandstorm
|upkeep
|turn|19
|
|t:|1759019709
|move|p1a: Polteageist|Tera Blast|p2a: Tyranitar|[anim] Tera Blast Fighting
|-supereffective|p2a: Tyranitar
|-damage|p2a: Tyranitar|0 fnt
|faint|p2a: Tyranitar
|
|-weather|Sandstorm|[upkeep]
|-damage|p1a: Polteageist|21/100|[from] Sandstorm
|upkeep
|
|t:|1759019711
|switch|p2a: Corviknight|Corviknight, M|100/100
|-ability|p2a: Corviknight|Pressure
|turn|20
|
|t:|1759019714
|move|p1a: Polteageist|Shadow Ball|p2a: Corviknight
|-damage|p2a: Corviknight|36/100
|-unboost|p2a: Corviknight|spd|1
|move|p2a: Corviknight|Brave Bird|p1a: Polteageist
|-supereffective|p1a: Polteageist
|-damage|p1a: Polteageist|0 fnt
|faint|p1a: Polteageist
|-damage|p2a: Corviknight|31/100|[from] Recoil
|
|-weather|Sandstorm|[upkeep]
|upkeep
|
|t:|1759019721
|switch|p1a: Armarouge|Armarouge, F|100/100
|turn|21
|
|t:|1759019725
|move|p1a: Armarouge|Armor Cannon|p2a: Corviknight
|-supereffective|p2a: Corviknight
|-damage|p2a: Corviknight|0 fnt
|-unboost|p1a: Armarouge|def|1
|-unboost|p1a: Armarouge|spd|1
|faint|p2a: Corviknight
|
|-weather|none
|upkeep
|
|t:|1759019727
|switch|p2a: Great Tusk|Great Tusk|100/100
|turn|22
|
|t:|1759019732
|move|p2a: Great Tusk|Rapid Spin|p1a: Armarouge
|-damage|p1a: Armarouge|69/100
|-boost|p2a: Great Tusk|spe|1
|-ability|p1a: Armarouge|Weak Armor|boost
|-unboost|p1a: Armarouge|def|1
|-boost|p1a: Armarouge|spe|2
|move|p1a: Armarouge|Expanding Force|p2a: Great Tusk
|-supereffective|p2a: Great Tusk
|-damage|p2a: Great Tusk|0 fnt
|faint|p2a: Great Tusk
|-end|p2a: Great Tusk|Protosynthesis|[silent]
|
|win|gigabowser20
|raw|gigabowser20's rating: 1542 &rarr; <strong>1566</strong><br />(+24 for winning)
|raw|Flex Plays Only's rating: 1610 &rarr; <strong>1586</strong><br />(-24 for losing)
|l|☆gigabowser20
|player|p1|
|l|☆Flex Plays Only
|player|p2|
