|j|☆lolimdabeast
|j|☆here2troll
|t:|1758950218
|gametype|singles
|player|p1|lolimdabeast|lady-gen4|1370
|player|p2|here2troll|1|1351
|gen|9
|tier|[Gen 9] OU
|rated|
|rule|HP Percentage Mod: HP is shown in percentages
|rule|Endless Battle Clause: Forcing endless battles is banned
|rule|Species Clause: Limit one of each Pokémon
|rule|OHKO Clause: OHKO moves are banned
|rule|Evasion Items Clause: Evasion items are banned
|rule|Evasion Moves Clause: Evasion moves are banned
|rule|Evasion Abilities Clause: Evasion abilities are banned
|rule|Sleep Moves Clause: Sleep-inducing moves are banned
|clearpoke
|poke|p1|Landorus-Therian, M|
|poke|p1|Ogerpon-Wellspring, F|
|poke|p1|Ribombee, F|
|poke|p1|Serperior, F|
|poke|p1|Weavile, F|
|poke|p1|Iron Moth|
|poke|p2|Ogerpon-Cornerstone, F|
|poke|p2|Glimmora, F|
|poke|p2|Zoroark-Hisui, F|
|poke|p2|Zapdos|
|poke|p2|Fezandipiti, M|
|poke|p2|Ting-Lu|
|teampreview
|inactive|Battle timer is ON: inactive players will automatically lose when time's up. (requested by lolimdabeast)
|inactive|here2troll has 120 seconds left.
|inactive|here2troll has 90 seconds left.
|
|t:|1758950284
|teamsize|p1|6
|teamsize|p2|6
|start
|switch|p1a: Ribombee|Ribombee, F|100/100
|switch|p2a: Glimmora|Glimmora, F|100/100
|turn|1
|
|t:|1758950299
|switch|p1a: Landorus|Landorus-Therian, M|100/100
|-ability|p1a: Landorus|Intimidate|boost
|-unboost|p2a: Glimmora|atk|1
|move|p2a: Glimmora|Power Gem|p1a: Landorus
|-damage|p1a: Landorus|44/100
|
|upkeep
|turn|2
|
|t:|1758950316
|move|p2a: Glimmora|Power Gem|p1a: Landorus
|-damage|p1a: Landorus|0 fnt
|faint|p1a: Landorus
|
|upkeep
|
|t:|1758950330
|switch|p1a: Ribombee|Ribombee, F|100/100
|turn|3
|inactive|here2troll has 120 seconds left.
|
|t:|1758950380
|move|p2a: Glimmora|Power Gem|p1a: Ribombee
|-supereffective|p1a: Ribombee
|-enditem|p1a: Ribombee|Focus Sash
|-damage|p1a: Ribombee|1/100
|move|p1a: Ribombee|Stun Spore|p2a: Glimmora|[miss]
|-miss|p1a: Ribombee|p2a: Glimmora
|
|upkeep
|turn|4
|
|t:|1758950396
|move|p2a: Glimmora|Power Gem|p1a: Ribombee
|-supereffective|p1a: Ribombee
|-damage|p1a: Ribombee|0 fnt
|faint|p1a: Ribombee
|
|upkeep
|
|t:|1758950402
|switch|p1a: Ogerpon|Ogerpon-Wellspring, F|100/100
|turn|5
|inactive|here2troll has 120 seconds left.
|
|t:|1758950421
|switch|p2a: Zapdos|Zapdos|100/100
|-terastallize|p1a: Ogerpon|Water
|detailschange|p1a: Ogerpon|Ogerpon-Wellspring-Tera, F, tera:Water
|-ability|p1a: Ogerpon|Embody Aspect (Wellspring)|boost
|-boost|p1a: Ogerpon|spd|1
|move|p1a: Ogerpon|Swords Dance|p1a: Ogerpon
|-boost|p1a: Ogerpon|atk|2
|
|upkeep
|turn|6
|
|t:|1758950425
|move|p1a: Ogerpon|Ivy Cudgel|p2a: Zapdos|[anim] Ivy Cudgel Water
|-damage|p2a: Zapdos|0 fnt
|faint|p2a: Zapdos
|
|upkeep
|
|t:|1758950433
|switch|p2a: Ogerpon|Ogerpon-Cornerstone, F|100/100
|turn|7
|
|t:|1758950441
|switch|p1a: Serperior|Serperior, F|100/100
|move|p2a: Ogerpon|Horn Leech|p1a: Serperior
|-resisted|p1a: Serperior
|-damage|p1a: Serperior|72/100
|
|-heal|p1a: Serperior|79/100|[from] item: Leftovers
|upkeep
|turn|8
|
|t:|1758950446
|switch|p2a: Fezandipiti|Fezandipiti, M|100/100
|move|p1a: Serperior|Leaf Storm|p2a: Fezandipiti
|-resisted|p2a: Fezandipiti
|-damage|p2a: Fezandipiti|86/100
|-boost|p1a: Serperior|spa|2
|
|-heal|p1a: Serperior|85/100|[from] item: Leftovers
|upkeep
|turn|9
|
|t:|1758950464
|move|p1a: Serperior|Glare|p2a: Fezandipiti
|-status|p2a: Fezandipiti|par
|move|p2a: Fezandipiti|U-turn|p1a: Serperior
|-supereffective|p1a: Serperior
|-damage|p1a: Serperior|51/100
|
|t:|1758950467
|switch|p2a: Glimmora|Glimmora, F|100/100|[from] U-turn
|
|-heal|p1a: Serperior|57/100|[from] item: Leftovers
|upkeep
|turn|10
|
|t:|1758950471
|move|p2a: Glimmora|Sludge Bomb|p1a: Serperior
|-supereffective|p1a: Serperior
|-crit|p1a: Serperior
|-damage|p1a: Serperior|0 fnt
|faint|p1a: Serperior
|
|upkeep
|
|t:|1758950479
|switch|p1a: Iron Moth|Iron Moth|100/100
|-enditem|p1a: Iron Moth|Booster Energy
|-activate|p1a: Iron Moth|ability: Quark Drive|[fromitem]
|-start|p1a: Iron Moth|quarkdrivespa
|turn|11
|
|t:|1758950494
|switch|p2a: Ting-Lu|Ting-Lu|100/100
|-ability|p2a: Ting-Lu|Vessel of Ruin
|move|p1a: Iron Moth|Substitute|p1a: Iron Moth
|-start|p1a: Iron Moth|Substitute
|-damage|p1a: Iron Moth|76/100
|
|upkeep
|turn|12
|
|t:|1758950496
|move|p1a: Iron Moth|Dazzling Gleam|p2a: Ting-Lu
|-supereffective|p2a: Ting-Lu
|-damage|p2a: Ting-Lu|69/100
|move|p2a: Ting-Lu|Throat Chop|p1a: Iron Moth
|-crit|p1a: Iron Moth
|-end|p1a: Iron Moth|Substitute
|
|upkeep
|turn|13
|
|t:|1758950501
|move|p1a: Iron Moth|Dazzling Gleam|p2a: Ting-Lu
|-supereffective|p2a: Ting-Lu
|-damage|p2a: Ting-Lu|41/100
|move|p2a: Ting-Lu|Earthquake|p1a: Iron Moth
|-supereffective|p1a: Iron Moth
|-damage|p1a: Iron Moth|0 fnt
|faint|p1a: Iron Moth
|-end|p1a: Iron Moth|Quark Drive|[silent]
|
|upkeep
|
|t:|1758950506
|switch|p1a: Weavile|Weavile, F|100/100
|-ability|p1a: Weavile|Pressure
|turn|14
|
|t:|1758950508
|move|p1a: Weavile|Triple Axel|p2a: Ting-Lu
|-supereffective|p2a: Ting-Lu
|-damage|p2a: Ting-Lu|27/100
|-supereffective|p2a: Ting-Lu
|-damage|p2a: Ting-Lu|0 fnt
|faint|p2a: Ting-Lu
|-hitcount|p2: Ting-Lu|2
|-damage|p1a: Weavile|91/100|[from] item: Life Orb
|
|upkeep
|
|t:|1758950514
|switch|p2a: Glimmora|Glimmora, F|100/100
|turn|15
|
|t:|1758950523
|move|p1a: Weavile|Ice Shard|p2a: Glimmora
|-crit|p2a: Glimmora
|-damage|p2a: Glimmora|4/100
|replace|p2a: Zoroark|Zoroark-Hisui, F
|-end|p2a: Zoroark|Illusion
|-damage|p1a: Weavile|81/100|[from] item: Life Orb
|move|p2a: Zoroark|Hyper Beam|p1a: Weavile
|-damage|p1a: Weavile|0 fnt
|-mustrecharge|p2a: Zoroark
|faint|p1a: Weavile
|
|upkeep
|
|t:|1758950527
|switch|p1a: Ogerpon|Ogerpon-Wellspring-Tera, F, tera:Water|100/100
|-ability|p1a: Ogerpon|Embody Aspect (Wellspring)|boost
|-boost|p1a: Ogerpon|spd|1
|turn|16
|
|t:|1758950535
|move|p1a: Ogerpon|Swords Dance|p1a: Ogerpon
|-boost|p1a: Ogerpon|atk|2
|cant|p2a: Zoroark|recharge
|
|upkeep
|turn|17
|
|t:|1758950540
|move|p2a: Zoroark|Hyper Beam|p1a: Ogerpon
|-damage|p1a: Ogerpon|18/100
|-mustrecharge|p2a: Zoroark
|move|p1a: Ogerpon|Ivy Cudgel|p2a: Zoroark|[anim] Ivy Cudgel Water
|-damage|p2a: Zoroark|0 fnt
|faint|p2a: Zoroark
|
|upkeep
|
|t:|1758950555
|switch|p2a: Glimmora|Glimmora, F|100/100
|turn|18
|
|t:|1758950558
|move|p2a: Glimmora|Sludge Bomb|p1a: Ogerpon
|-damage|p1a: Ogerpon|0 fnt
|faint|p1a: Ogerpon
|detailschange|p1: Ogerpon|Ogerpon-Wellspring, F|[silent]
|
|win|here2troll
|raw|lolimdabeast's rating: 1370 &rarr; <strong>1349</strong><br />(-21 for losing)
|raw|here2troll's rating: 1351 &rarr; <strong>1372</strong><br />(+21 for winning)
|l|☆lolimdabeast
|player|p1|
