|j|☆treeqil
|j|☆CadenG18
|t:|1758951703
|gametype|singles
|player|p1|treeqil|169|1214
|player|p2|CadenG18|hilbert|1228
|gen|9
|tier|[Gen 9] OU
|rated|
|rule|HP Percentage Mod: HP is shown in percentages
|rule|Endless Battle Clause: Forcing endless battles is banned
|rule|Species Clause: Limit one of each Pokémon
|rule|OHKO Clause: OHKO moves are banned
|rule|Evasion Items Clause: Evasion items are banned
|rule|Evasion Moves Clause: Evasion moves are banned
|rule|Evasion Abilities Clause: Evasion abilities are banned
|rule|Sleep Moves Clause: Sleep-inducing moves are banned
|clearpoke
|poke|p1|Magnezone|
|poke|p1|Glimmora, M|
|poke|p1|Cinderace, M|
|poke|p1|Iron Moth|
|poke|p1|Latios, M|
|poke|p1|Dragapult, F|
|poke|p2|Greninja-*, M|
|poke|p2|Armarouge, F|
|poke|p2|Hydreigon, F|
|poke|p2|Kommo-o, M|
|poke|p2|Ceruledge, F|
|poke|p2|Tsareena, F|
|teampreview
|inactive|Battle timer is ON: inactive players will automatically lose when time's up. (requested by CadenG18)
|
|t:|1758951713
|teamsize|p1|6
|teamsize|p2|6
|start
|switch|p1a: Latios|Latios, M|100/100
|switch|p2a: Megumi|Greninja, M, shiny|100/100
|turn|1
|
|t:|1758951726
|move|p1a: Latios|Aura Sphere|p2a: Megumi
|-supereffective|p2a: Megumi
|-damage|p2a: Megumi|2/100
|move|p2a: Megumi|Ice Beam|p1a: Latios
|-start|p2a: Megumi|typechange|Ice|[from] ability: Protean
|-supereffective|p1a: Latios
|-damage|p1a: Latios|1/100
|-damage|p2a: Megumi|0 fnt|[from] item: Life Orb
|faint|p2a: Megumi
|
|upkeep
|
|t:|1758951742
|switch|p2a: Cieri|Ceruledge, F, shiny|100/100
|turn|2
|
|t:|1758951754
|switch|p1a: Glimmora|Glimmora, M|100/100
|move|p2a: Cieri|Swords Dance|p2a: Cieri
|-boost|p2a: Cieri|atk|2
|
|upkeep
|turn|3
|inactive|CadenG18 has 120 seconds left.
|
|t:|1758951778
|move|p2a: Cieri|Shadow Sneak|p1a: Glimmora
|-damage|p1a: Glimmora|62/100
|-activate|p1a: Glimmora|ability: Toxic Debris
|-sidestart|p2: CadenG18|move: Toxic Spikes
|move|p1a: Glimmora|Earth Power|p2a: Cieri
|-supereffective|p2a: Cieri
|-damage|p2a: Cieri|37/100
|-unboost|p2a: Cieri|spd|1
|
|upkeep
|turn|4
|
|t:|1758951785
|move|p1a: Glimmora|Mortal Spin|p2a: Cieri
|-resisted|p2a: Cieri
|-damage|p2a: Cieri|33/100
|-status|p2a: Cieri|psn
|move|p2a: Cieri|Bitter Blade|p1a: Glimmora
|-resisted|p1a: Glimmora
|-damage|p1a: Glimmora|19/100
|-heal|p2a: Cieri|60/100 psn|[from] drain|[of] p1a: Glimmora
|-activate|p1a: Glimmora|ability: Toxic Debris
|-sidestart|p2: CadenG18|move: Toxic Spikes
|
|-damage|p2a: Cieri|48/100 psn|[from] psn
|upkeep
|turn|5
|
|t:|1758951797
|switch|p1a: Latios|Latios, M|1/100
|move|p2a: Cieri|Shadow Sneak|p1a: Latios
|-supereffective|p1a: Latios
|-damage|p1a: Latios|0 fnt
|faint|p1a: Latios
|
|-damage|p2a: Cieri|36/100 psn|[from] psn
|upkeep
|
|t:|1758951799
|switch|p1a: Dragapult|Dragapult, F|100/100
|turn|6
|
|t:|1758951809
|switch|p1a: Glimmora|Glimmora, M|19/100
|move|p2a: Cieri|Shadow Sneak|p1a: Glimmora
|-damage|p1a: Glimmora|0 fnt
|faint|p1a: Glimmora
|
|-damage|p2a: Cieri|23/100 psn|[from] psn
|upkeep
|
|t:|1758951812
|switch|p1a: Cinderace|Cinderace, M|100/100
|turn|7
|
|t:|1758951822
|move|p1a: Cinderace|Sucker Punch|p2a: Cieri
|-start|p1a: Cinderace|typechange|Dark|[from] ability: Libero
|-supereffective|p2a: Cieri
|-damage|p2a: Cieri|0 fnt
|faint|p2a: Cieri
|
|upkeep
|
|t:|1758951827
|switch|p2a: Cybele|Tsareena, F|100/100
|turn|8
|
|t:|1758951830
|switch|p1a: Iron Moth|Iron Moth|100/100
|-enditem|p1a: Iron Moth|Booster Energy
|-activate|p1a: Iron Moth|ability: Quark Drive|[fromitem]
|-start|p1a: Iron Moth|quarkdrivespa
|move|p2a: Cybele|Rapid Spin|p1a: Iron Moth
|-damage|p1a: Iron Moth|64/100
|-boost|p2a: Cybele|spe|1
|-sideend|p2: CadenG18|Toxic Spikes|[from] move: Rapid Spin|[of] p2a: Cybele
|
|upkeep
|turn|9
|
|t:|1758951839
|move|p1a: Iron Moth|Flamethrower|p2a: Cybele
|-supereffective|p2a: Cybele
|-damage|p2a: Cybele|0 fnt
|faint|p2a: Cybele
|
|upkeep
|
|t:|1758951860
|switch|p2a: Yamata|Hydreigon, F|100/100
|turn|10
|
|t:|1758951877
|move|p1a: Iron Moth|Flamethrower|p2a: Yamata
|-resisted|p2a: Yamata
|-damage|p2a: Yamata|65/100
|move|p2a: Yamata|Earth Power|p1a: Iron Moth
|-supereffective|p1a: Iron Moth
|-damage|p1a: Iron Moth|0 fnt
|faint|p1a: Iron Moth
|-end|p1a: Iron Moth|Quark Drive|[silent]
|
|upkeep
|
|t:|1758951883
|switch|p1a: Cinderace|Cinderace, M|100/100
|turn|11
|
|t:|1758951887
|-terastallize|p1a: Cinderace|Fire
|move|p1a: Cinderace|Pyro Ball|p2a: Yamata
|-resisted|p2a: Yamata
|-damage|p2a: Yamata|2/100
|move|p2a: Yamata|Earth Power|p1a: Cinderace
|-supereffective|p1a: Cinderace
|-damage|p1a: Cinderace|0 fnt
|faint|p1a: Cinderace
|
|upkeep
|-message|treeqil forfeited.
|
|win|CadenG18
|raw|treeqil's rating: 1214 &rarr; <strong>1190</strong><br />(-24 for losing)
|raw|CadenG18's rating: 1228 &rarr; <strong>1252</strong><br />(+24 for winning)
|l|☆treeqil
|player|p1|
|l|☆CadenG18
|player|p2|
