|j|☆B!ngChiLing
|j|☆Sergeant Garcia
|t:|1759012910
|gametype|singles
|player|p1|B!ngChiLing|dragontamer|1201
|player|p2|Sergeant Garcia|2|1155
|gen|9
|tier|[Gen 9] OU
|rated|
|rule|HP Percentage Mod: HP is shown in percentages
|rule|Endless Battle Clause: Forcing endless battles is banned
|rule|Species Clause: Limit one of each Pokémon
|rule|OHKO Clause: OHKO moves are banned
|rule|Evasion Items Clause: Evasion items are banned
|rule|Evasion Moves Clause: Evasion moves are banned
|rule|Evasion Abilities Clause: Evasion abilities are banned
|rule|Sleep Moves Clause: Sleep-inducing moves are banned
|clearpoke
|poke|p1|Ribombee, F|
|poke|p1|Cinderace, F|
|poke|p1|Serperior, M|
|poke|p1|Glastrier|
|poke|p1|Hatterene, F|
|poke|p1|Malamar, M|
|poke|p2|Klawf, M|
|poke|p2|Mew|
|poke|p2|Smeargle, M|
|poke|p2|Ditto|
|poke|p2|Breloom, F|
|poke|p2|Rotom-Frost|
|teampreview
|inactive|Battle timer is ON: inactive players will automatically lose when time's up. (requested by B!ngChiLing)
|
|t:|1759012919
|teamsize|p1|6
|teamsize|p2|6
|start
|switch|p1a: Ribombee|Ribombee, F|100/100
|switch|p2a: Klawf|Klawf, M|100/100
|turn|1
|
|t:|1759012929
|move|p1a: Ribombee|Sticky Web|p2a: Klawf
|-sidestart|p2: Sergeant Garcia|move: Sticky Web
|move|p2a: Klawf|Trailblaze|p1a: Ribombee
|-resisted|p1a: Ribombee
|-damage|p1a: Ribombee|86/100
|-boost|p2a: Klawf|spe|1
|
|upkeep
|turn|2
|
|t:|1759012935
|move|p2a: Klawf|Trailblaze|p1a: Ribombee
|-resisted|p1a: Ribombee
|-damage|p1a: Ribombee|69/100
|-boost|p2a: Klawf|spe|1
|move|p1a: Ribombee|Quiver Dance|p1a: Ribombee
|-boost|p1a: Ribombee|spa|1
|-boost|p1a: Ribombee|spd|1
|-boost|p1a: Ribombee|spe|1
|
|upkeep
|turn|3
|
|t:|1759012944
|move|p1a: Ribombee|Quiver Dance|p1a: Ribombee
|-boost|p1a: Ribombee|spa|1
|-boost|p1a: Ribombee|spd|1
|-boost|p1a: Ribombee|spe|1
|move|p2a: Klawf|Rock Slide|p1a: Ribombee
|-supereffective|p1a: Ribombee
|-damage|p1a: Ribombee|0 fnt
|faint|p1a: Ribombee
|
|upkeep
|
|t:|1759012952
|switch|p1a: Serperior|Serperior, M|100/100
|turn|4
|
|t:|1759012964
|-terastallize|p2a: Klawf|Grass
|move|p2a: Klawf|Swords Dance|p2a: Klawf
|-boost|p2a: Klawf|atk|2
|move|p1a: Serperior|Leaf Storm|p2a: Klawf
|-resisted|p2a: Klawf
|-damage|p2a: Klawf|46/100
|-boost|p1a: Serperior|spa|2
|-ability|p2a: Klawf|Anger Shell|boost
|-boost|p2a: Klawf|atk|1
|-boost|p2a: Klawf|spa|1
|-boost|p2a: Klawf|spe|1
|-unboost|p2a: Klawf|def|1
|-unboost|p2a: Klawf|spd|1
|
|upkeep
|turn|5
|
|t:|1759012977
|move|p2a: Klawf|Rock Slide|p1a: Serperior
|-damage|p1a: Serperior|0 fnt
|faint|p1a: Serperior
|
|upkeep
|
|t:|1759012991
|switch|p1a: Malamar|Malamar, M|100/100
|turn|6
|
|t:|1759012998
|move|p2a: Klawf|Rock Slide|p1a: Malamar
|-enditem|p1a: Malamar|Focus Sash
|-damage|p1a: Malamar|1/100
|cant|p1a: Malamar|flinch
|
|upkeep
|turn|7
|-message|B!ngChiLing forfeited.
|
|win|Sergeant Garcia
|raw|B!ngChiLing's rating: 1201 &rarr; <strong>1173</strong><br />(-28 for losing)
|raw|Sergeant Garcia's rating: 1155 &rarr; <strong>1183</strong><br />(+28 for winning)
|l|☆B!ngChiLing
|player|p1|
|l|☆Sergeant Garcia
|player|p2|
