|j|☆bordercauley
|j|☆Jason donner van
|t:|1758980585
|gametype|singles
|player|p1|bordercauley|101|1504
|player|p2|Jason donner van|scientist-gen4dp|1482
|gen|9
|tier|[Gen 9] OU
|rated|
|rule|HP Percentage Mod: HP is shown in percentages
|rule|Endless Battle Clause: Forcing endless battles is banned
|rule|Species Clause: Limit one of each Pokémon
|rule|OHKO Clause: OHKO moves are banned
|rule|Evasion Items Clause: Evasion items are banned
|rule|Evasion Moves Clause: Evasion moves are banned
|rule|Evasion Abilities Clause: Evasion abilities are banned
|rule|Sleep Moves Clause: Sleep-inducing moves are banned
|clearpoke
|poke|p1|Meowscarada, F|
|poke|p1|Pelipper, M|
|poke|p1|Floatzel, M|
|poke|p1|Quaquaval, M|
|poke|p1|Sinistcha|
|poke|p1|Kilowattrel, F|
|poke|p2|Lokix, M|
|poke|p2|Cinderace, F|
|poke|p2|Great Tusk|
|poke|p2|Alomomola, M|
|poke|p2|Enamorus, F|
|poke|p2|Slowking-Galar, F|
|teampreview
|inactive|Battle timer is ON: inactive players will automatically lose when time's up. (requested by Jason donner van)
|inactive|Jason donner van has 120 seconds left.
|inactive|Jason donner van has 90 seconds left.
|
|t:|1758980646
|teamsize|p1|6
|teamsize|p2|6
|start
|switch|p1a: Cat|Meowscarada, F|100/100
|switch|p2a: Enamorus|Enamorus, F|100/100
|turn|1
|
|t:|1758980651
|move|p2a: Enamorus|Moonblast|p1a: Cat
|-supereffective|p1a: Cat
|-enditem|p1a: Cat|Focus Sash
|-damage|p1a: Cat|1/100
|-unboost|p1a: Cat|spa|1
|move|p1a: Cat|Knock Off|p2a: Enamorus
|-resisted|p2a: Enamorus
|-damage|p2a: Enamorus|71/100
|-enditem|p2a: Enamorus|Choice Scarf|[from] move: Knock Off|[of] p1a: Cat
|
|upkeep
|turn|2
|
|t:|1758980671
|switch|p2a: Lokix|Lokix, M|100/100
|move|p1a: Cat|Spikes|p2a: Lokix
|-sidestart|p2: Jason donner van|Spikes
|
|upkeep
|turn|3
|
|t:|1758980679
|move|p1a: Cat|Knock Off|p2a: Lokix
|-resisted|p2a: Lokix
|-damage|p2a: Lokix|74/100
|-enditem|p2a: Lokix|Choice Band|[from] move: Knock Off|[of] p1a: Cat
|move|p2a: Lokix|U-turn|p1a: Cat
|-supereffective|p1a: Cat
|-damage|p1a: Cat|0 fnt
|faint|p1a: Cat
|
|t:|1758980692
|switch|p2a: Enamorus|Enamorus, F|71/100|[from] U-turn
|
|upkeep
|
|t:|1758980699
|switch|p1a: Bird|Pelipper, M|100/100
|-weather|RainDance|[from] ability: Drizzle|[of] p1a: Bird
|turn|4
|
|t:|1758980717
|switch|p1a: Bird2|Kilowattrel, F|100/100
|-terastallize|p2a: Enamorus|Stellar
|move|p2a: Enamorus|Moonblast|p1a: Bird2
|-damage|p1a: Bird2|0 fnt
|faint|p1a: Bird2
|
|-weather|RainDance|[upkeep]
|upkeep
|
|t:|1758980729
|switch|p1a: Weasel|Floatzel, M|100/100
|turn|5
|
|t:|1758980738
|switch|p1a: Tea|Sinistcha|100/100
|switch|p2a: Alomomola|Alomomola, M|100/100
|-damage|p2a: Alomomola|88/100|[from] Spikes
|
|-weather|RainDance|[upkeep]
|upkeep
|turn|6
|
|t:|1758980754
|move|p1a: Tea|Calm Mind|p1a: Tea
|-boost|p1a: Tea|spa|1
|-boost|p1a: Tea|spd|1
|move|p2a: Alomomola|Mirror Coat||[still]
|-fail|p2a: Alomomola
|
|-weather|RainDance|[upkeep]
|upkeep
|turn|7
|
|t:|1758980765
|move|p1a: Tea|Matcha Gotcha|p2a: Alomomola
|-supereffective|p2a: Alomomola
|-damage|p2a: Alomomola|43/100
|move|p2a: Alomomola|Flip Turn|p1a: Tea
|-resisted|p1a: Tea
|-damage|p1a: Tea|92/100
|
|t:|1758980771
|switch|p2a: Lokix|Lokix, M|74/100|[from] Flip Turn
|-damage|p2a: Lokix|62/100|[from] Spikes
|
|-weather|RainDance|[upkeep]
|-heal|p1a: Tea|98/100|[from] item: Leftovers
|upkeep
|turn|8
|
|t:|1758980792
|-terastallize|p1a: Tea|Poison
|move|p2a: Lokix|Knock Off|p1a: Tea
|-damage|p1a: Tea|67/100
|-enditem|p1a: Tea|Leftovers|[from] move: Knock Off|[of] p2a: Lokix
|move|p1a: Tea|Strength Sap|p2a: Lokix
|-unboost|p2a: Lokix|atk|1
|-heal|p1a: Tea|100/100
|
|-weather|RainDance|[upkeep]
|upkeep
|turn|9
|
|t:|1758980804
|switch|p2a: Slowking|Slowking-Galar, F|100/100
|-damage|p2a: Slowking|88/100|[from] Spikes
|move|p1a: Tea|Shadow Ball|p2a: Slowking
|-supereffective|p2a: Slowking
|-damage|p2a: Slowking|8/100
|-unboost|p2a: Slowking|spd|1
|
|-weather|RainDance|[upkeep]
|upkeep
|turn|10
|
|t:|1758980821
|switch|p2a: Lokix|Lokix, M|62/100
|-damage|p2a: Lokix|49/100|[from] Spikes
|move|p1a: Tea|Shadow Ball|p2a: Lokix
|-resisted|p2a: Lokix
|-damage|p2a: Lokix|3/100
|
|-weather|RainDance|[upkeep]
|upkeep
|turn|11
|
|t:|1758980830
|move|p2a: Lokix|First Impression|p1a: Tea
|-resisted|p1a: Tea
|-damage|p1a: Tea|68/100
|move|p1a: Tea|Strength Sap|p2a: Lokix
|-unboost|p2a: Lokix|atk|1
|-heal|p1a: Tea|100/100
|
|-weather|none
|upkeep
|turn|12
|
|t:|1758980838
|move|p2a: Lokix|U-turn|p1a: Tea
|-resisted|p1a: Tea
|-damage|p1a: Tea|83/100
|
|t:|1758980842
|switch|p2a: Cinderace|Cinderace, F|100/100|[from] U-turn
|move|p1a: Tea|Calm Mind|p1a: Tea
|-boost|p1a: Tea|spa|1
|-boost|p1a: Tea|spd|1
|
|upkeep
|turn|13
|inactive|bordercauley has 120 seconds left.
|
|t:|1758980886
|move|p2a: Cinderace|Pyro Ball|p1a: Tea|[miss]
|-miss|p2a: Cinderace|p1a: Tea
|move|p1a: Tea|Strength Sap|p2a: Cinderace
|-unboost|p2a: Cinderace|atk|1
|-heal|p1a: Tea|100/100
|
|upkeep
|turn|14
|
|t:|1758980891
|move|p2a: Cinderace|Will-O-Wisp|p1a: Tea|[miss]
|-miss|p2a: Cinderace|p1a: Tea
|move|p1a: Tea|Shadow Ball|p2a: Cinderace
|-damage|p2a: Cinderace|20/100
|
|upkeep
|turn|15
|inactive|bordercauley has 120 seconds left.
|
|t:|1758980906
|move|p2a: Cinderace|Court Change|p2a: Cinderace
|-swapsideconditions
|-activate|p2a: Cinderace|move: Court Change
|move|p1a: Tea|Matcha Gotcha|p2a: Cinderace
|-resisted|p2a: Cinderace
|-damage|p2a: Cinderace|0 fnt
|faint|p2a: Cinderace
|
|upkeep
|
|t:|1758980910
|switch|p2a: Great Tusk|Great Tusk|100/100
|turn|16
|
|t:|1758980918
|move|p2a: Great Tusk|Earthquake|p1a: Tea
|-supereffective|p1a: Tea
|-damage|p1a: Tea|40/100
|move|p1a: Tea|Strength Sap|p2a: Great Tusk
|-unboost|p2a: Great Tusk|atk|1
|-heal|p1a: Tea|100/100
|
|upkeep
|turn|17
|
|t:|1758980933
|-end|p2a: Great Tusk|Protosynthesis|[silent]
|switch|p2a: Lokix|Lokix, M|3/100
|move|p1a: Tea|Matcha Gotcha|p2a: Lokix
|-resisted|p2a: Lokix
|-damage|p2a: Lokix|0 fnt
|faint|p2a: Lokix
|
|upkeep
|
|t:|1758980945
|switch|p2a: Enamorus|Enamorus, F, tera:Stellar|71/100
|turn|18
|
|t:|1758980949
|move|p2a: Enamorus|Tera Blast|p1a: Tea|[anim] Tera Blast Stellar
|-supereffective|p1a: Tea
|-damage|p1a: Tea|48/100
|-boost|p2a: Enamorus|atk|1
|-boost|p2a: Enamorus|spa|1
|move|p1a: Tea|Shadow Ball|p2a: Enamorus
|-damage|p2a: Enamorus|0 fnt
|faint|p2a: Enamorus
|
|upkeep
|
|t:|1758980960
|switch|p2a: Great Tusk|Great Tusk|100/100
|turn|19
|
|t:|1758980962
|switch|p1a: Bird|Pelipper, M|100/100
|-weather|RainDance|[from] ability: Drizzle|[of] p1a: Bird
|move|p2a: Great Tusk|Earthquake|p1a: Bird
|-immune|p1a: Bird
|
|-weather|RainDance|[upkeep]
|upkeep
|turn|20
|
|t:|1758980968
|-end|p2a: Great Tusk|Protosynthesis|[silent]
|switch|p2a: Alomomola|Alomomola, M|76/100
|move|p1a: Bird|Hurricane|p2a: Alomomola
|-damage|p2a: Alomomola|60/100
|-start|p2a: Alomomola|confusion
|
|-weather|RainDance|[upkeep]
|upkeep
|turn|21
|
|t:|1758980975
|move|p1a: Bird|U-turn|p2a: Alomomola
|-damage|p2a: Alomomola|53/100
|
|t:|1758980978
|switch|p1a: Tea|Sinistcha, tera:Poison|48/100|[from] U-turn
|-damage|p1a: Tea|35/100|[from] Spikes
|-activate|p2a: Alomomola|confusion
|move|p2a: Alomomola|Flip Turn|p1a: Tea
|-crit|p1a: Tea
|-damage|p1a: Tea|9/100
|
|t:|1758980983
|switch|p2a: Great Tusk|Great Tusk|100/100|[from] Flip Turn
|
|-weather|RainDance|[upkeep]
|upkeep
|turn|22
|
|t:|1758980993
|move|p2a: Great Tusk|Knock Off|p1a: Tea
|-damage|p1a: Tea|0 fnt
|faint|p1a: Tea
|
|-weather|RainDance|[upkeep]
|upkeep
|
|t:|1758981002
|switch|p1a: Bird|Pelipper, M|100/100
|turn|23
|
|t:|1758981006
|-end|p2a: Great Tusk|Protosynthesis|[silent]
|switch|p2a: Alomomola|Alomomola, M|86/100
|move|p1a: Bird|Hurricane|p2a: Alomomola
|-damage|p2a: Alomomola|69/100
|
|-weather|RainDance|[upkeep]
|upkeep
|turn|24
|
|t:|1758981018
|move|p1a: Bird|Hurricane|p2a: Alomomola
|-crit|p2a: Alomomola
|-damage|p2a: Alomomola|42/100
|move|p2a: Alomomola|Body Slam|p1a: Bird
|-damage|p1a: Bird|89/100
|-status|p1a: Bird|par
|
|-weather|RainDance|[upkeep]
|upkeep
|turn|25
|inactive|Jason donner van has 120 seconds left.
|
|t:|1758981075
|move|p2a: Alomomola|Flip Turn|p1a: Bird
|-resisted|p1a: Bird
|-damage|p1a: Bird|79/100 par
|
|t:|1758981077
|switch|p2a: Slowking|Slowking-Galar, F|42/100|[from] Flip Turn
|move|p1a: Bird|Surf|p2a: Slowking
|-damage|p2a: Slowking|9/100
|
|-weather|RainDance|[upkeep]
|upkeep
|turn|26
|
|t:|1758981085
|switch|p2a: Alomomola|Alomomola, M|76/100
|move|p1a: Bird|Roost|p1a: Bird
|-heal|p1a: Bird|100/100 par
|-singleturn|p1a: Bird|move: Roost
|
|-weather|none
|upkeep
|turn|27
|
|t:|1758981108
|cant|p1a: Bird|par
|move|p2a: Alomomola|Mirror Coat||[still]
|-fail|p2a: Alomomola
|
|upkeep
|turn|28
|
|t:|1758981118
|move|p1a: Bird|Hurricane|p2a: Alomomola
|-damage|p2a: Alomomola|58/100
|move|p2a: Alomomola|Mirror Coat|p1a: Bird
|-damage|p1a: Bird|43/100 par
|
|upkeep
|turn|29
|
|t:|1758981126
|move|p2a: Alomomola|Flip Turn|p1a: Bird
|-resisted|p1a: Bird
|-damage|p1a: Bird|37/100 par
|
|t:|1758981128
|switch|p2a: Slowking|Slowking-Galar, F|42/100|[from] Flip Turn
|cant|p1a: Bird|par
|
|upkeep
|turn|30
|
|t:|1758981134
|move|p1a: Bird|Roost|p1a: Bird
|-heal|p1a: Bird|87/100 par
|-singleturn|p1a: Bird|move: Roost
|-prepare|p2a: Slowking|Chilly Reception|[premajor]
|move|p2a: Slowking|Chilly Reception|p2a: Slowking
|-weather|Snowscape
|
|t:|1758981139
|switch|p2a: Alomomola|Alomomola, M|92/100|[from] Chilly Reception
|
|-weather|Snowscape|[upkeep]
|upkeep
|turn|31
|
|t:|1758981162
|move|p2a: Alomomola|Flip Turn|p1a: Bird
|-resisted|p1a: Bird
|-damage|p1a: Bird|81/100 par
|
|t:|1758981165
|switch|p2a: Slowking|Slowking-Galar, F|75/100|[from] Flip Turn
|move|p1a: Bird|U-turn|p2a: Slowking
|-damage|p2a: Slowking|68/100
|
|t:|1758981175
|switch|p1a: Duck|Quaquaval, M|100/100|[from] U-turn
|-damage|p1a: Duck|88/100|[from] Spikes
|
|-weather|Snowscape|[upkeep]
|-heal|p1a: Duck|94/100|[from] item: Leftovers
|upkeep
|turn|32
|
|t:|1758981190
|switch|p1a: Bird|Pelipper, M|81/100 par
|-weather|RainDance|[from] ability: Drizzle|[of] p1a: Bird
|switch|p2a: Alomomola|Alomomola, M|100/100
|
|-weather|RainDance|[upkeep]
|upkeep
|turn|33
|
|t:|1758981199
|move|p2a: Alomomola|Body Slam|p1a: Bird
|-damage|p1a: Bird|68/100 par
|cant|p1a: Bird|par
|
|-weather|RainDance|[upkeep]
|upkeep
|turn|34
|
|t:|1758981203
|move|p2a: Alomomola|Body Slam|p1a: Bird
|-damage|p1a: Bird|56/100 par
|move|p1a: Bird|U-turn|p2a: Alomomola
|-damage|p2a: Alomomola|93/100
|
|t:|1758981206
|switch|p1a: Duck|Quaquaval, M|94/100|[from] U-turn
|-damage|p1a: Duck|82/100|[from] Spikes
|
|-weather|RainDance|[upkeep]
|-heal|p1a: Duck|88/100|[from] item: Leftovers
|upkeep
|turn|35
|
|t:|1758981210
|move|p1a: Duck|Bulk Up|p1a: Duck
|-boost|p1a: Duck|atk|1
|-boost|p1a: Duck|def|1
|move|p2a: Alomomola|Flip Turn|p1a: Duck
|-resisted|p1a: Duck
|-damage|p1a: Duck|77/100
|
|t:|1758981218
|switch|p2a: Slowking|Slowking-Galar, F|100/100|[from] Flip Turn
|
|-weather|RainDance|[upkeep]
|-heal|p1a: Duck|83/100|[from] item: Leftovers
|upkeep
|turn|36
|
|t:|1758981221
|move|p1a: Duck|Aqua Step|p2a: Slowking
|-damage|p2a: Slowking|32/100
|-boost|p1a: Duck|spe|1
|-prepare|p2a: Slowking|Chilly Reception|[premajor]
|move|p2a: Slowking|Chilly Reception|p2a: Slowking
|-weather|Snowscape
|
|t:|1758981232
|switch|p2a: Alomomola|Alomomola, M|100/100|[from] Chilly Reception
|
|-weather|Snowscape|[upkeep]
|-heal|p1a: Duck|90/100|[from] item: Leftovers
|upkeep
|turn|37
|
|t:|1758981234
|move|p1a: Duck|Bulk Up|p1a: Duck
|-boost|p1a: Duck|atk|1
|-boost|p1a: Duck|def|1
|move|p2a: Alomomola|Body Slam|p1a: Duck
|-damage|p1a: Duck|79/100
|
|-weather|Snowscape|[upkeep]
|-heal|p1a: Duck|85/100|[from] item: Leftovers
|upkeep
|turn|38
|
|t:|1758981244
|move|p1a: Duck|Bulk Up|p1a: Duck
|-boost|p1a: Duck|atk|1
|-boost|p1a: Duck|def|1
|move|p2a: Alomomola|Body Slam|p1a: Duck
|-damage|p1a: Duck|77/100
|
|-weather|Snowscape|[upkeep]
|-heal|p1a: Duck|83/100|[from] item: Leftovers
|upkeep
|turn|39
|
|t:|1758981251
|move|p1a: Duck|Aqua Step|p2a: Alomomola
|-resisted|p2a: Alomomola
|-damage|p2a: Alomomola|66/100
|-boost|p1a: Duck|spe|1
|move|p2a: Alomomola|Body Slam|p1a: Duck
|-damage|p1a: Duck|75/100
|
|-weather|Snowscape|[upkeep]
|-heal|p1a: Duck|81/100|[from] item: Leftovers
|upkeep
|turn|40
|
|t:|1758981273
|move|p1a: Duck|Aqua Step|p2a: Alomomola
|-resisted|p2a: Alomomola
|-damage|p2a: Alomomola|29/100
|-boost|p1a: Duck|spe|1
|move|p2a: Alomomola|Body Slam|p1a: Duck
|-damage|p1a: Duck|73/100
|-status|p1a: Duck|par
|
|-weather|none
|-heal|p1a: Duck|80/100 par|[from] item: Leftovers
|upkeep
|turn|41
|
|t:|1758981283
|move|p1a: Duck|Aqua Step|p2a: Alomomola
|-resisted|p2a: Alomomola
|-damage|p2a: Alomomola|0 fnt
|-boost|p1a: Duck|spe|1
|faint|p2a: Alomomola
|-ability|p1a: Duck|Moxie|boost
|-boost|p1a: Duck|atk|1
|
|-heal|p1a: Duck|86/100 par|[from] item: Leftovers
|upkeep
|
|t:|1758981285
|switch|p2a: Slowking|Slowking-Galar, F|66/100
|turn|42
|
|t:|1758981288
|move|p1a: Duck|Aqua Step|p2a: Slowking
|-damage|p2a: Slowking|0 fnt
|-boost|p1a: Duck|spe|1
|faint|p2a: Slowking
|-ability|p1a: Duck|Moxie|boost
|-boost|p1a: Duck|atk|1
|
|-heal|p1a: Duck|92/100 par|[from] item: Leftovers
|upkeep
|
|t:|1758981290
|switch|p2a: Great Tusk|Great Tusk|100/100
|turn|43
|
|t:|1758981293
|move|p1a: Duck|Aqua Step|p2a: Great Tusk
|-supereffective|p2a: Great Tusk
|-damage|p2a: Great Tusk|0 fnt
|-boost|p1a: Duck|spe|1
|faint|p2a: Great Tusk
|-end|p2a: Great Tusk|Protosynthesis|[silent]
|
|win|bordercauley
|raw|bordercauley's rating: 1504 &rarr; <strong>1523</strong><br />(+19 for winning)
|raw|Jason donner van's rating: 1482 &rarr; <strong>1463</strong><br />(-19 for losing)
|c|☆bordercauley|gg
|l|☆Jason donner van
|player|p2|
|l|☆bordercauley
|player|p1|
