|j|☆jxrx
|j|☆ZATUGRO
|t:|1758997684
|gametype|singles
|player|p1|jxrx|norman|1429
|player|p2|ZATUGRO|alder|1469
|gen|9
|tier|[Gen 9] OU
|rated|
|rule|HP Percentage Mod: HP is shown in percentages
|rule|Endless Battle Clause: Forcing endless battles is banned
|rule|Species Clause: Limit one of each Pokémon
|rule|OHKO Clause: OHKO moves are banned
|rule|Evasion Items Clause: Evasion items are banned
|rule|Evasion Moves Clause: Evasion moves are banned
|rule|Evasion Abilities Clause: Evasion abilities are banned
|rule|Sleep Moves Clause: Sleep-inducing moves are banned
|clearpoke
|poke|p1|Garganacl, F|
|poke|p1|Hoopa-Unbound|
|poke|p1|Dragapult, M|
|poke|p1|Vileplume, M|
|poke|p1|Scizor, M|
|poke|p1|Zoroark-Hisui, M|
|poke|p2|Moltres-Galar|
|poke|p2|Great Tusk|
|poke|p2|Iron Moth|
|poke|p2|Araquanid, M|
|poke|p2|Landorus-Therian, M|
|poke|p2|Rillaboom, F|
|teampreview
|inactive|Battle timer is ON: inactive players will automatically lose when time's up. (requested by ZATUGRO)
|
|t:|1758997709
|teamsize|p1|6
|teamsize|p2|6
|start
|switch|p1a: Scizor|Scizor, M|100/100
|switch|p2a: Rillaboom|Rillaboom, F, shiny|100/100
|-fieldstart|move: Grassy Terrain|[from] ability: Grassy Surge|[of] p2a: Rillaboom
|turn|1
|
|t:|1758997719
|move|p2a: Rillaboom|Knock Off|p1a: Scizor
|-damage|p1a: Scizor|56/100
|-enditem|p1a: Scizor|Choice Band|[from] move: Knock Off|[of] p2a: Rillaboom
|move|p1a: Scizor|U-turn|p2a: Rillaboom
|-supereffective|p2a: Rillaboom
|-damage|p2a: Rillaboom|11/100
|
|t:|1758997730
|switch|p1a: Dragapult|Dragapult, M|100/100|[from] U-turn
|
|-heal|p2a: Rillaboom|17/100|[from] Grassy Terrain
|upkeep
|turn|2
|
|t:|1758997748
|switch|p2a: Moltres|Moltres-Galar|100/100
|move|p1a: Dragapult|Dragon Darts|p2a: Moltres
|-damage|p2a: Moltres|77/100
|-anim|p1a: Dragapult|Dragon Darts|p2a: Moltres
|-damage|p2a: Moltres|53/100
|
|upkeep
|turn|3
|
|t:|1758997763
|switch|p1a: Garganacl|Garganacl, F|100/100
|move|p2a: Moltres|Fiery Wrath|p1a: Garganacl
|-damage|p1a: Garganacl|74/100
|
|-heal|p1a: Garganacl|80/100|[from] Grassy Terrain
|-heal|p1a: Garganacl|86/100|[from] item: Leftovers
|upkeep
|turn|4
|
|t:|1758997773
|switch|p2a: Landorus|Landorus-Therian, M|100/100
|-ability|p2a: Landorus|Intimidate|boost
|-unboost|p1a: Garganacl|atk|1
|move|p1a: Garganacl|Salt Cure|p2a: Landorus
|-damage|p2a: Landorus|90/100
|-start|p2a: Landorus|Salt Cure
|
|-heal|p1a: Garganacl|92/100|[from] Grassy Terrain
|-heal|p1a: Garganacl|99/100|[from] item: Leftovers
|-damage|p2a: Landorus|77/100|[from] Salt Cure
|upkeep
|turn|5
|
|t:|1758997785
|switch|p1a: Scizor|Scizor, M|56/100
|move|p2a: Landorus|Stealth Rock|p1a: Scizor
|-sidestart|p1: jxrx|move: Stealth Rock
|
|-heal|p1a: Scizor|62/100|[from] Grassy Terrain
|-damage|p2a: Landorus|65/100|[from] Salt Cure
|-fieldend|move: Grassy Terrain
|upkeep
|turn|6
|
|t:|1758997796
|move|p2a: Landorus|Earthquake|p1a: Scizor
|-damage|p1a: Scizor|0 fnt
|faint|p1a: Scizor
|
|-damage|p2a: Landorus|53/100|[from] Salt Cure
|upkeep
|
|t:|1758997801
|switch|p1a: Dragapult|Dragapult, M|100/100
|-damage|p1a: Dragapult|88/100|[from] Stealth Rock
|turn|7
|
|t:|1758997809
|switch|p2a: Great Tusk|Great Tusk|100/100
|-enditem|p2a: Great Tusk|Booster Energy
|-activate|p2a: Great Tusk|ability: Protosynthesis|[fromitem]
|-start|p2a: Great Tusk|protosynthesisspe
|move|p1a: Dragapult|Hyper Voice|p2a: Great Tusk
|-damage|p2a: Great Tusk|15/100
|
|upkeep
|turn|8
|
|t:|1758997823
|switch|p1a: Vileplume|Vileplume, M|100/100
|-damage|p1a: Vileplume|88/100|[from] Stealth Rock
|move|p2a: Great Tusk|Headlong Rush|p1a: Vileplume
|-crit|p1a: Vileplume
|-damage|p1a: Vileplume|22/100
|-unboost|p2a: Great Tusk|def|1
|-unboost|p2a: Great Tusk|spd|1
|-damage|p2a: Great Tusk|0 fnt|[from] item: Rocky Helmet|[of] p1a: Vileplume
|faint|p2a: Great Tusk
|-end|p2a: Great Tusk|Protosynthesis|[silent]
|
|upkeep
|
|t:|1758997847
|switch|p2a: Iron Moth|Iron Moth|100/100
|-enditem|p2a: Iron Moth|Booster Energy
|-activate|p2a: Iron Moth|ability: Quark Drive|[fromitem]
|-start|p2a: Iron Moth|quarkdrivespe
|turn|9
|inactive|ZATUGRO has 120 seconds left.
|inactive|jxrx has 120 seconds left.
|
|t:|1758997887
|move|p2a: Iron Moth|Fiery Dance|p1a: Vileplume
|-supereffective|p1a: Vileplume
|-damage|p1a: Vileplume|0 fnt
|faint|p1a: Vileplume
|
|upkeep
|
|t:|1758997890
|switch|p1a: Garganacl|Garganacl, F|99/100
|-damage|p1a: Garganacl|86/100|[from] Stealth Rock
|turn|10
|inactive|ZATUGRO has 120 seconds left.
|
|t:|1758997905
|-end|p2a: Iron Moth|Quark Drive|[silent]
|switch|p2a: Rillaboom|Rillaboom, F, shiny|17/100
|-fieldstart|move: Grassy Terrain|[from] ability: Grassy Surge|[of] p2a: Rillaboom
|move|p1a: Garganacl|Salt Cure|p2a: Rillaboom
|-damage|p2a: Rillaboom|3/100
|-start|p2a: Rillaboom|Salt Cure
|
|-heal|p2a: Rillaboom|9/100|[from] Grassy Terrain
|-heal|p1a: Garganacl|92/100|[from] Grassy Terrain
|-heal|p1a: Garganacl|99/100|[from] item: Leftovers
|-damage|p2a: Rillaboom|0 fnt|[from] Salt Cure
|faint|p2a: Rillaboom
|upkeep
|inactive|ZATUGRO has 120 seconds left.
|
|t:|1758997918
|switch|p2a: Araquanid|Araquanid, M|100/100
|turn|11
|
|t:|1758997923
|move|p2a: Araquanid|Surf|p1a: Garganacl
|-supereffective|p1a: Garganacl
|-damage|p1a: Garganacl|26/100
|move|p1a: Garganacl|Salt Cure|p2a: Araquanid
|-supereffective|p2a: Araquanid
|-damage|p2a: Araquanid|70/100
|-start|p2a: Araquanid|Salt Cure
|
|-heal|p2a: Araquanid|76/100|[from] Grassy Terrain
|-heal|p1a: Garganacl|32/100|[from] Grassy Terrain
|-heal|p1a: Garganacl|38/100|[from] item: Leftovers
|-damage|p2a: Araquanid|51/100|[from] Salt Cure
|upkeep
|turn|12
|
|t:|1758997937
|move|p2a: Araquanid|Sticky Web|p1a: Garganacl
|-sidestart|p1: jxrx|move: Sticky Web
|move|p1a: Garganacl|Stealth Rock|p2a: Araquanid
|-sidestart|p2: ZATUGRO|move: Stealth Rock
|
|-heal|p2a: Araquanid|57/100|[from] Grassy Terrain
|-heal|p1a: Garganacl|44/100|[from] Grassy Terrain
|-heal|p1a: Garganacl|50/100|[from] item: Leftovers
|-damage|p2a: Araquanid|32/100|[from] Salt Cure
|upkeep
|turn|13
|
|t:|1758997946
|move|p1a: Garganacl|Protect|p1a: Garganacl
|-singleturn|p1a: Garganacl|Protect
|move|p2a: Araquanid|Surf|p1a: Garganacl
|-activate|p1a: Garganacl|move: Protect
|
|-heal|p2a: Araquanid|38/100|[from] Grassy Terrain
|-heal|p1a: Garganacl|57/100|[from] Grassy Terrain
|-heal|p1a: Garganacl|63/100|[from] item: Leftovers
|-damage|p2a: Araquanid|13/100|[from] Salt Cure
|upkeep
|turn|14
|-enditem|p2a: Araquanid|Custap Berry|[eat]
|-activate|p2a: Araquanid|item: Custap Berry|[consumed]
|
|t:|1758997956
|switch|p1a: Hoopa|Hoopa-Unbound|100/100
|-damage|p1a: Hoopa|88/100|[from] Stealth Rock
|-activate|p1a: Hoopa|move: Sticky Web
|-unboost|p1a: Hoopa|spe|1
|move|p2a: Araquanid|Surf|p1a: Hoopa
|-damage|p1a: Hoopa|62/100
|
|-heal|p2a: Araquanid|20/100|[from] Grassy Terrain
|-heal|p1a: Hoopa|68/100|[from] Grassy Terrain
|-damage|p2a: Araquanid|0 fnt|[from] Salt Cure
|faint|p2a: Araquanid
|-fieldend|move: Grassy Terrain
|upkeep
|
|t:|1758997970
|switch|p2a: Landorus|Landorus-Therian, M|53/100
|-damage|p2a: Landorus|40/100|[from] Stealth Rock
|-ability|p2a: Landorus|Intimidate|boost
|-unboost|p1a: Hoopa|atk|1
|turn|15
|inactive|jxrx has 120 seconds left.
|
|t:|1758998009
|move|p2a: Landorus|Earthquake|p1a: Hoopa
|-damage|p1a: Hoopa|0 fnt
|faint|p1a: Hoopa
|
|upkeep
|inactive|jxrx has 120 seconds left.
|
|t:|1758998021
|switch|p1a: Dragapult|Dragapult, M|88/100
|-damage|p1a: Dragapult|76/100|[from] Stealth Rock
|-activate|p1a: Dragapult|move: Sticky Web
|-unboost|p1a: Dragapult|spe|1
|turn|16
|inactive|jxrx has 120 seconds left.
|
|t:|1758998031
|move|p2a: Landorus|Earthquake|p1a: Dragapult
|-damage|p1a: Dragapult|0 fnt
|replace|p1a: Zoroark|Zoroark-Hisui, M
|-end|p1a: Zoroark|Illusion
|faint|p1a: Zoroark
|
|upkeep
|
|t:|1758998037
|switch|p1a: Dragapult|Dragapult, M|100/100
|-damage|p1a: Dragapult|88/100|[from] Stealth Rock
|-activate|p1a: Dragapult|move: Sticky Web
|-fail|p1a: Dragapult|unboost|[from] ability: Clear Body|[of] p1a: Dragapult
|turn|17
|
|t:|1758998050
|switch|p2a: Moltres|Moltres-Galar|53/100
|-damage|p2a: Moltres|28/100|[from] Stealth Rock
|-enditem|p2a: Moltres|Sitrus Berry|[eat]
|-heal|p2a: Moltres|53/100|[from] item: Sitrus Berry
|move|p1a: Dragapult|Dragon Darts|p2a: Moltres
|-damage|p2a: Moltres|28/100
|-anim|p1a: Dragapult|Dragon Darts|p2a: Moltres
|-damage|p2a: Moltres|4/100
|-ability|p2a: Moltres|Berserk|boost
|-boost|p2a: Moltres|spa|1
|
|-heal|p1a: Dragapult|94/100|[from] item: Leftovers
|upkeep
|turn|18
|
|t:|1758998065
|move|p1a: Dragapult|Dragon Darts|p2a: Moltres
|-damage|p2a: Moltres|0 fnt
|faint|p2a: Moltres
|
|-heal|p1a: Dragapult|99/100|[from] item: Leftovers
|upkeep
|
|t:|1758998071
|switch|p2a: Iron Moth|Iron Moth|100/100
|-damage|p2a: Iron Moth|76/100|[from] Stealth Rock
|turn|19
|
|t:|1758998082
|-terastallize|p2a: Iron Moth|Fairy
|move|p1a: Dragapult|Substitute|p1a: Dragapult
|-start|p1a: Dragapult|Substitute
|-damage|p1a: Dragapult|75/100
|move|p2a: Iron Moth|Dazzling Gleam|p1a: Dragapult
|-supereffective|p1a: Dragapult
|-end|p1a: Dragapult|Substitute
|
|-heal|p1a: Dragapult|81/100|[from] item: Leftovers
|upkeep
|turn|20
|
|t:|1758998092
|switch|p1a: Garganacl|Garganacl, F|63/100
|-damage|p1a: Garganacl|50/100|[from] Stealth Rock
|-activate|p1a: Garganacl|move: Sticky Web
|-unboost|p1a: Garganacl|spe|1
|move|p2a: Iron Moth|Dazzling Gleam|p1a: Garganacl
|-damage|p1a: Garganacl|21/100
|
|-heal|p1a: Garganacl|27/100|[from] item: Leftovers
|upkeep
|turn|21
|inactive|jxrx has 120 seconds left.
|
|t:|1758998134
|move|p1a: Garganacl|Protect|p1a: Garganacl
|-singleturn|p1a: Garganacl|Protect
|move|p2a: Iron Moth|Substitute|p2a: Iron Moth
|-start|p2a: Iron Moth|Substitute
|-damage|p2a: Iron Moth|51/100
|
|-heal|p1a: Garganacl|34/100|[from] item: Leftovers
|upkeep
|turn|22
|
|t:|1758998143
|move|p2a: Iron Moth|Fiery Dance|p1a: Garganacl
|-resisted|p1a: Garganacl
|-damage|p1a: Garganacl|19/100
|move|p1a: Garganacl|Recover|p1a: Garganacl
|-heal|p1a: Garganacl|69/100
|
|-heal|p1a: Garganacl|75/100|[from] item: Leftovers
|upkeep
|turn|23
|inactive|jxrx has 120 seconds left.
|
|t:|1758998158
|move|p2a: Iron Moth|Fiery Dance|p1a: Garganacl
|-resisted|p1a: Garganacl
|-damage|p1a: Garganacl|62/100
|-boost|p2a: Iron Moth|spa|1
|move|p1a: Garganacl|Salt Cure|p2a: Iron Moth
|-activate|p2a: Iron Moth|move: Substitute|[damage]
|
|-heal|p1a: Garganacl|68/100|[from] item: Leftovers
|upkeep
|turn|24
|
|t:|1758998171
|move|p2a: Iron Moth|Fiery Dance|p1a: Garganacl
|-resisted|p1a: Garganacl
|-damage|p1a: Garganacl|47/100
|move|p1a: Garganacl|Salt Cure|p2a: Iron Moth
|-end|p2a: Iron Moth|Substitute
|
|-heal|p1a: Garganacl|53/100|[from] item: Leftovers
|upkeep
|turn|25
|inactive|jxrx has 120 seconds left.
|
|t:|1758998182
|move|p2a: Iron Moth|Substitute|p2a: Iron Moth
|-start|p2a: Iron Moth|Substitute
|-damage|p2a: Iron Moth|26/100
|move|p1a: Garganacl|Recover|p1a: Garganacl
|-heal|p1a: Garganacl|100/100
|
|upkeep
|turn|26
|
|t:|1758998189
|move|p2a: Iron Moth|Fiery Dance|p1a: Garganacl
|-resisted|p1a: Garganacl
|-damage|p1a: Garganacl|80/100
|-boost|p2a: Iron Moth|spa|1
|move|p1a: Garganacl|Salt Cure|p2a: Iron Moth
|-activate|p2a: Iron Moth|move: Substitute|[damage]
|
|-heal|p1a: Garganacl|86/100|[from] item: Leftovers
|upkeep
|turn|27
|
|t:|1758998199
|move|p1a: Garganacl|Protect|p1a: Garganacl
|-singleturn|p1a: Garganacl|Protect
|move|p2a: Iron Moth|Dazzling Gleam|p1a: Garganacl
|-activate|p1a: Garganacl|move: Protect
|
|-heal|p1a: Garganacl|92/100|[from] item: Leftovers
|upkeep
|turn|28
|
|t:|1758998207
|move|p2a: Iron Moth|Dazzling Gleam|p1a: Garganacl
|-damage|p1a: Garganacl|39/100
|move|p1a: Garganacl|Salt Cure|p2a: Iron Moth
|-crit|p2a: Iron Moth
|-end|p2a: Iron Moth|Substitute
|
|-heal|p1a: Garganacl|45/100|[from] item: Leftovers
|upkeep
|turn|29
|
|t:|1758998220
|move|p2a: Iron Moth|Substitute|p2a: Iron Moth
|-start|p2a: Iron Moth|Substitute
|-damage|p2a: Iron Moth|1/100
|move|p1a: Garganacl|Recover|p1a: Garganacl
|-heal|p1a: Garganacl|95/100
|
|-heal|p1a: Garganacl|100/100|[from] item: Leftovers
|upkeep
|turn|30
|
|t:|1758998229
|move|p2a: Iron Moth|Dazzling Gleam|p1a: Garganacl
|-damage|p1a: Garganacl|49/100
|move|p1a: Garganacl|Salt Cure|p2a: Iron Moth
|-activate|p2a: Iron Moth|move: Substitute|[damage]
|
|-heal|p1a: Garganacl|55/100|[from] item: Leftovers
|upkeep
|turn|31
|
|t:|1758998255
|move|p2a: Iron Moth|Dazzling Gleam|p1a: Garganacl
|-damage|p1a: Garganacl|1/100
|move|p1a: Garganacl|Salt Cure|p2a: Iron Moth
|-end|p2a: Iron Moth|Substitute
|
|-heal|p1a: Garganacl|7/100|[from] item: Leftovers
|upkeep
|turn|32
|
|t:|1758998263
|move|p2a: Iron Moth|Dazzling Gleam|p1a: Garganacl
|-damage|p1a: Garganacl|0 fnt
|faint|p1a: Garganacl
|
|upkeep
|
|t:|1758998265
|switch|p1a: Dragapult|Dragapult, M|81/100
|-damage|p1a: Dragapult|69/100|[from] Stealth Rock
|-activate|p1a: Dragapult|move: Sticky Web
|-fail|p1a: Dragapult|unboost|[from] ability: Clear Body|[of] p1a: Dragapult
|turn|33
|
|t:|1758998272
|move|p1a: Dragapult|Phantom Force||[still]
|-prepare|p1a: Dragapult|Phantom Force
|move|p2a: Iron Moth|Dazzling Gleam|p1a: Dragapult|[miss]
|-miss|p2a: Iron Moth|p1a: Dragapult
|
|-heal|p1a: Dragapult|75/100|[from] item: Leftovers
|upkeep
|turn|34
|
|t:|1758998297
|move|p1a: Dragapult|Phantom Force|p2a: Iron Moth|[from] lockedmove
|-damage|p2a: Iron Moth|0 fnt
|faint|p2a: Iron Moth
|-end|p2a: Iron Moth|Quark Drive|[silent]
|
|-heal|p1a: Dragapult|81/100|[from] item: Leftovers
|upkeep
|
|t:|1758998303
|switch|p2a: Landorus|Landorus-Therian, M|40/100
|-damage|p2a: Landorus|28/100|[from] Stealth Rock
|-ability|p2a: Landorus|Intimidate|boost
|-fail|p1a: Dragapult|unboost|[from] ability: Clear Body|[of] p1a: Dragapult
|turn|35
|
|t:|1758998312
|-terastallize|p1a: Dragapult|Dragon
|move|p1a: Dragapult|Dragon Darts|p2a: Landorus
|-crit|p2a: Landorus
|-damage|p2a: Landorus|0 fnt
|faint|p2a: Landorus
|
|win|jxrx
|raw|jxrx's rating: 1429 &rarr; <strong>1451</strong><br />(+22 for winning)
|raw|ZATUGRO's rating: 1469 &rarr; <strong>1447</strong><br />(-22 for losing)
|l|☆jxrx
|player|p1|
