|j|☆rulorules2
|j|☆hungrymane
|t:|1759032190
|gametype|singles
|player|p1|rulorules2|red|1495
|player|p2|hungrymane|102|1463
|gen|9
|tier|[Gen 9] OU
|rated|
|rule|HP Percentage Mod: HP is shown in percentages
|rule|Endless Battle Clause: Forcing endless battles is banned
|rule|Species Clause: Limit one of each Pokémon
|rule|OHKO Clause: OHKO moves are banned
|rule|Evasion Items Clause: Evasion items are banned
|rule|Evasion Moves Clause: Evasion moves are banned
|rule|Evasion Abilities Clause: Evasion abilities are banned
|rule|Sleep Moves Clause: Sleep-inducing moves are banned
|clearpoke
|poke|p1|Zamazenta-*|
|poke|p1|Breloom, M|
|poke|p1|Great Tusk|
|poke|p1|Kingambit, F|
|poke|p1|Gholdengo|
|poke|p1|Garganacl, M|
|poke|p2|Greninja-*, F|
|poke|p2|Weavile, F|
|poke|p2|Enamorus, F|
|poke|p2|Volcanion|
|poke|p2|Slither Wing|
|poke|p2|Iron Treads|
|teampreview
|
|t:|1759032199
|teamsize|p1|6
|teamsize|p2|6
|start
|switch|p1a: Great Tusk|Great Tusk|100/100
|switch|p2a: Greninja|Greninja, F|100/100
|-enditem|p1a: Great Tusk|Booster Energy
|-activate|p1a: Great Tusk|ability: Protosynthesis|[fromitem]
|-start|p1a: Great Tusk|protosynthesisatk
|turn|1
|
|t:|1759032207
|move|p2a: Greninja|Grass Knot|p1a: Great Tusk
|-start|p2a: Greninja|typechange|Grass|[from] ability: Protean
|-supereffective|p1a: Great Tusk
|-damage|p1a: Great Tusk|0 fnt
|faint|p1a: Great Tusk
|-end|p1a: Great Tusk|Protosynthesis|[silent]
|
|upkeep
|
|t:|1759032213
|switch|p1a: Breloom|Breloom, M|100/100
|turn|2
|
|t:|1759032218
|move|p1a: Breloom|Rock Tomb|p2a: Greninja
|-damage|p2a: Greninja|16/100
|-unboost|p2a: Greninja|spe|1
|move|p2a: Greninja|Counter|p1a: Breloom
|-damage|p1a: Breloom|0 fnt
|faint|p1a: Breloom
|
|upkeep
|
|t:|1759032230
|switch|p1a: Gholdengo|Gholdengo|100/100
|turn|3
|
|t:|1759032235
|switch|p2a: Weavile|Weavile, F|100/100
|move|p1a: Gholdengo|Shadow Ball|p2a: Weavile
|-resisted|p2a: Weavile
|-damage|p2a: Weavile|71/100
|
|upkeep
|turn|4
|
|t:|1759032239
|switch|p1a: Garganacl|Garganacl, M|100/100
|move|p2a: Weavile|Knock Off|p1a: Garganacl
|-damage|p1a: Garganacl|65/100
|-enditem|p1a: Garganacl|Leftovers|[from] move: Knock Off|[of] p2a: Weavile
|
|upkeep
|turn|5
|
|t:|1759032246
|switch|p2a: Volcanion|Volcanion|100/100
|move|p1a: Garganacl|Salt Cure|p2a: Volcanion
|-supereffective|p2a: Volcanion
|-damage|p2a: Volcanion|79/100
|-start|p2a: Volcanion|Salt Cure
|
|-damage|p2a: Volcanion|54/100|[from] Salt Cure
|upkeep
|turn|6
|
|t:|1759032251
|-terastallize|p1a: Garganacl|Water
|move|p2a: Volcanion|Steam Eruption|p1a: Garganacl
|-resisted|p1a: Garganacl
|-damage|p1a: Garganacl|37/100
|move|p1a: Garganacl|Stealth Rock|p2a: Volcanion
|-sidestart|p2: hungrymane|move: Stealth Rock
|
|-damage|p2a: Volcanion|29/100|[from] Salt Cure
|upkeep
|turn|7
|
|t:|1759032256
|move|p2a: Volcanion|Explosion|p1a: Garganacl
|-damage|p1a: Garganacl|8/100
|faint|p2a: Volcanion
|move|p1a: Garganacl|Recover|p1a: Garganacl
|-heal|p1a: Garganacl|58/100
|
|upkeep
|
|t:|1759032258
|switch|p2a: Greninja|Greninja, F|16/100
|-damage|p2a: Greninja|4/100|[from] Stealth Rock
|turn|8
|
|t:|1759032264
|switch|p1a: Kingambit|Kingambit, F|100/100
|-activate|p1a: Kingambit|ability: Supreme Overlord
|-start|p1a: Kingambit|fallen2|[silent]
|move|p2a: Greninja|Spikes|p1a: Kingambit
|-start|p2a: Greninja|typechange|Ground|[from] ability: Protean
|-sidestart|p1: rulorules2|Spikes
|
|upkeep
|turn|9
|
|t:|1759032270
|move|p2a: Greninja|Spikes|p1a: Kingambit
|-sidestart|p1: rulorules2|Spikes
|move|p1a: Kingambit|Swords Dance|p1a: Kingambit
|-boost|p1a: Kingambit|atk|2
|
|upkeep
|turn|10
|
|t:|1759032273
|move|p1a: Kingambit|Sucker Punch||[still]
|-fail|p1a: Kingambit
|move|p2a: Greninja|Spikes|p1a: Kingambit
|-sidestart|p1: rulorules2|Spikes
|
|upkeep
|turn|11
|
|t:|1759032277
|move|p1a: Kingambit|Sucker Punch||[still]
|-fail|p1a: Kingambit
|move|p2a: Greninja|Taunt|p1a: Kingambit
|-start|p1a: Kingambit|move: Taunt
|
|upkeep
|turn|12
|
|t:|1759032283
|move|p1a: Kingambit|Sucker Punch|p2a: Greninja
|-damage|p2a: Greninja|0 fnt
|-damage|p1a: Kingambit|84/100|[from] item: Rocky Helmet|[of] p2a: Greninja
|faint|p2a: Greninja
|
|upkeep
|
|t:|1759032286
|switch|p2a: Iron Treads|Iron Treads|100/100
|-damage|p2a: Iron Treads|97/100|[from] Stealth Rock
|-enditem|p2a: Iron Treads|Booster Energy
|-activate|p2a: Iron Treads|ability: Quark Drive|[fromitem]
|-start|p2a: Iron Treads|quarkdrivespe
|turn|13
|
|t:|1759032294
|-terastallize|p2a: Iron Treads|Fighting
|move|p1a: Kingambit|Sucker Punch||[still]
|-fail|p1a: Kingambit
|move|p2a: Iron Treads|Iron Defense|p2a: Iron Treads
|-boost|p2a: Iron Treads|def|2
|
|upkeep
|turn|14
|
|t:|1759032300
|move|p2a: Iron Treads|Iron Defense|p2a: Iron Treads
|-boost|p2a: Iron Treads|def|2
|move|p1a: Kingambit|Iron Head|p2a: Iron Treads
|-damage|p2a: Iron Treads|72/100
|
|-end|p1a: Kingambit|move: Taunt
|upkeep
|turn|15
|
|t:|1759032305
|move|p2a: Iron Treads|Iron Defense|p2a: Iron Treads
|-boost|p2a: Iron Treads|def|2
|move|p1a: Kingambit|Iron Head|p2a: Iron Treads
|-damage|p2a: Iron Treads|52/100
|
|upkeep
|turn|16
|
|t:|1759032311
|-end|p1a: Kingambit|fallen2|[silent]
|switch|p1a: Gholdengo|Gholdengo|100/100
|-damage|p1a: Gholdengo|76/100|[from] Spikes
|move|p2a: Iron Treads|Body Press|p1a: Gholdengo
|-immune|p1a: Gholdengo
|
|upkeep
|turn|17
|
|t:|1759032317
|move|p1a: Gholdengo|Focus Blast|p2a: Iron Treads
|-damage|p2a: Iron Treads|9/100
|move|p2a: Iron Treads|Earthquake|p1a: Gholdengo
|-supereffective|p1a: Gholdengo
|-crit|p1a: Gholdengo
|-damage|p1a: Gholdengo|0 fnt
|faint|p1a: Gholdengo
|
|upkeep
|
|t:|1759032323
|switch|p1a: Kingambit|Kingambit, F|84/100
|-damage|p1a: Kingambit|59/100|[from] Spikes
|-activate|p1a: Kingambit|ability: Supreme Overlord
|-start|p1a: Kingambit|fallen3|[silent]
|turn|18
|
|t:|1759032325
|move|p1a: Kingambit|Sucker Punch|p2a: Iron Treads
|-resisted|p2a: Iron Treads
|-damage|p2a: Iron Treads|3/100
|move|p2a: Iron Treads|Body Press|p1a: Kingambit
|-supereffective|p1a: Kingambit
|-damage|p1a: Kingambit|0 fnt
|faint|p1a: Kingambit
|-end|p1a: Kingambit|fallen3|[silent]
|
|upkeep
|
|t:|1759032329
|switch|p1a: Zamazenta|Zamazenta|100/100
|-damage|p1a: Zamazenta|75/100|[from] Spikes
|-ability|p1a: Zamazenta|Dauntless Shield|boost
|-boost|p1a: Zamazenta|def|1
|turn|19
|
|t:|1759032331
|move|p2a: Iron Treads|Body Press|p1a: Zamazenta
|-damage|p1a: Zamazenta|21/100
|move|p1a: Zamazenta|Iron Defense|p1a: Zamazenta
|-boost|p1a: Zamazenta|def|2
|
|-heal|p1a: Zamazenta|27/100|[from] item: Leftovers
|upkeep
|turn|20
|
|t:|1759032335
|move|p2a: Iron Treads|Body Press|p1a: Zamazenta
|-damage|p1a: Zamazenta|0 fnt
|faint|p1a: Zamazenta
|
|upkeep
|-message|rulorules2 forfeited.
|
|win|hungrymane
|raw|rulorules2's rating: 1495 &rarr; <strong>1473</strong><br />(-22 for losing)
|raw|hungrymane's rating: 1463 &rarr; <strong>1485</strong><br />(+22 for winning)
|l|☆rulorules2
|player|p1|
