|j|☆Salmonboyo
|j|☆nuttyguy4
|t:|1758922415
|gametype|singles
|player|p1|Salmonboyo|adaman|1144
|player|p2|nuttyguy4|pokemaniac|1164
|gen|9
|tier|[Gen 9] OU
|rated|
|rule|HP Percentage Mod: HP is shown in percentages
|rule|Endless Battle Clause: Forcing endless battles is banned
|rule|Species Clause: Limit one of each Pokémon
|rule|OHKO Clause: OHKO moves are banned
|rule|Evasion Items Clause: Evasion items are banned
|rule|Evasion Moves Clause: Evasion moves are banned
|rule|Evasion Abilities Clause: Evasion abilities are banned
|rule|Sleep Moves Clause: Sleep-inducing moves are banned
|clearpoke
|poke|p1|Talonflame, M|
|poke|p1|Golem-Alola, M|
|poke|p1|Ambipom, F|
|poke|p1|Ting-Lu|
|poke|p1|Tauros-Paldea-Combat, M|
|poke|p1|Chandelure, M|
|poke|p2|Pelipper, M|
|poke|p2|Barraskewda, M|
|poke|p2|Manaphy|
|poke|p2|Garganacl, M|
|poke|p2|Walking Wake|
|poke|p2|Iron Treads|
|teampreview
|
|t:|1758922434
|teamsize|p1|6
|teamsize|p2|6
|start
|switch|p1a: Tauros|Tauros-Paldea-Combat, M|100/100
|switch|p2a: Pelipper|Pelipper, M|100/100
|-weather|RainDance|[from] ability: Drizzle|[of] p2a: Pelipper
|turn|1
|inactive|Battle timer is ON: inactive players will automatically lose when time's up. (requested by nuttyguy4)
|
|t:|1758922492
|move|p2a: Pelipper|Hurricane|p1a: Tauros
|-supereffective|p1a: Tauros
|-damage|p1a: Tauros|0 fnt
|faint|p1a: Tauros
|
|-weather|RainDance|[upkeep]
|upkeep
|
|t:|1758922499
|switch|p1a: Golem|Golem-Alola, M|100/100
|turn|2
|
|t:|1758922507
|switch|p2a: Iron Treads|Iron Treads|100/100
|move|p1a: Golem|Supercell Slam|p2a: Iron Treads
|-immune|p2a: Iron Treads
|-damage|p1a: Golem|50/100|[from] supercellslam
|
|-weather|RainDance|[upkeep]
|upkeep
|turn|3
|
|t:|1758922522
|move|p2a: Iron Treads|Rapid Spin|p1a: Golem
|-resisted|p1a: Golem
|-damage|p1a: Golem|45/100
|-boost|p2a: Iron Treads|spe|1
|move|p1a: Golem|Stealth Rock|p2a: Iron Treads
|-sidestart|p2: nuttyguy4|move: Stealth Rock
|
|-weather|RainDance|[upkeep]
|upkeep
|turn|4
|
|t:|1758922535
|switch|p1a: Chandelure|Chandelure, M|100/100
|move|p2a: Iron Treads|Rapid Spin|p1a: Chandelure
|-immune|p1a: Chandelure
|
|-weather|RainDance|[upkeep]
|upkeep
|turn|5
|
|t:|1758922550
|-terastallize|p1a: Chandelure|Grass
|move|p2a: Iron Treads|Earthquake|p1a: Chandelure
|-resisted|p1a: Chandelure
|-damage|p1a: Chandelure|66/100
|move|p1a: Chandelure|Inferno|p2a: Iron Treads
|-supereffective|p2a: Iron Treads
|-damage|p2a: Iron Treads|40/100
|-status|p2a: Iron Treads|brn
|
|-weather|none
|-damage|p2a: Iron Treads|34/100 brn|[from] brn
|upkeep
|turn|6
|
|t:|1758922560
|move|p2a: Iron Treads|Rapid Spin|p1a: Chandelure
|-damage|p1a: Chandelure|55/100
|-boost|p2a: Iron Treads|spe|1
|-sideend|p2: nuttyguy4|Stealth Rock|[from] move: Rapid Spin|[of] p2a: Iron Treads
|move|p1a: Chandelure|Inferno|p2a: Iron Treads|[miss]
|-miss|p1a: Chandelure|p2a: Iron Treads
|-enditem|p1a: Chandelure|Blunder Policy
|-boost|p1a: Chandelure|spe|2
|
|-damage|p2a: Iron Treads|28/100 brn|[from] brn
|upkeep
|turn|7
|
|t:|1758922570
|move|p2a: Iron Treads|Ice Spinner|p1a: Chandelure
|-supereffective|p1a: Chandelure
|-damage|p1a: Chandelure|20/100
|move|p1a: Chandelure|Heat Wave|p2a: Iron Treads|[miss]
|-miss|p1a: Chandelure|p2a: Iron Treads
|
|-damage|p2a: Iron Treads|21/100 brn|[from] brn
|upkeep
|turn|8
|c|☆Salmonboyo|noted
|c|☆Salmonboyo|using flamethrower from now on
|
|t:|1758922587
|move|p2a: Iron Treads|Ice Spinner|p1a: Chandelure
|-supereffective|p1a: Chandelure
|-crit|p1a: Chandelure
|-damage|p1a: Chandelure|0 fnt
|faint|p1a: Chandelure
|
|-damage|p2a: Iron Treads|15/100 brn|[from] brn
|upkeep
|c|☆nuttyguy4|interesting nonetheless
|inactive|Salmonboyo has 120 seconds left.
|
|t:|1758922612
|switch|p1a: Talonflame|Talonflame, M|100/100
|turn|9
|
|t:|1758922628
|move|p1a: Talonflame|Brave Bird|p2a: Iron Treads
|-resisted|p2a: Iron Treads
|-damage|p2a: Iron Treads|0 fnt
|faint|p2a: Iron Treads
|-end|p2a: Iron Treads|Quark Drive|[silent]
|-damage|p1a: Talonflame|95/100|[from] Recoil
|
|upkeep
|
|t:|1758922641
|switch|p2a: Manaphy|Manaphy|100/100
|turn|10
|
|t:|1758922655
|switch|p1a: Golem|Golem-Alola, M|45/100
|move|p2a: Manaphy|Acid Armor|p2a: Manaphy
|-boost|p2a: Manaphy|def|2
|
|upkeep
|turn|11
|
|t:|1758922674
|-terastallize|p2a: Manaphy|Psychic
|move|p2a: Manaphy|Acid Armor|p2a: Manaphy
|-boost|p2a: Manaphy|def|2
|move|p1a: Golem|Explosion|p2a: Manaphy
|-damage|p2a: Manaphy|76/100
|faint|p1a: Golem
|
|-heal|p2a: Manaphy|82/100|[from] item: Leftovers
|upkeep
|
|t:|1758922683
|switch|p1a: Ambipom|Ambipom, F|100/100
|turn|12
|
|t:|1758922686
|move|p1a: Ambipom|Fake Out|p2a: Manaphy
|-enditem|p1a: Ambipom|Normal Gem|[from] gem
|-damage|p2a: Manaphy|72/100
|cant|p2a: Manaphy|flinch
|
|-heal|p2a: Manaphy|78/100|[from] item: Leftovers
|upkeep
|turn|13
|c|☆Salmonboyo|sigh
|c|☆Salmonboyo|gg
|c|☆nuttyguy4|gg
|
|t:|1758922697
|move|p1a: Ambipom|Last Resort|p2a: Manaphy
|-damage|p2a: Manaphy|57/100
|move|p2a: Manaphy|Tail Glow|p2a: Manaphy
|-boost|p2a: Manaphy|spa|3
|
|-heal|p2a: Manaphy|63/100|[from] item: Leftovers
|upkeep
|turn|14
|c|☆Salmonboyo|missing heatwave really did it in for me
|-message|Salmonboyo forfeited.
|
|win|nuttyguy4
|raw|Salmonboyo's rating: 1144 &rarr; <strong>1120</strong><br />(-24 for losing)
|raw|nuttyguy4's rating: 1164 &rarr; <strong>1188</strong><br />(+24 for winning)
|l|☆Salmonboyo
|player|p1|
|l|☆nuttyguy4
|player|p2|
