|j|☆GenKenobi212
|j|☆Dar800
|t:|1759005923
|gametype|singles
|player|p1|GenKenobi212|170|1133
|player|p2|Dar800|n|1146
|gen|9
|tier|[Gen 9] OU
|rated|
|rule|HP Percentage Mod: HP is shown in percentages
|rule|Endless Battle Clause: Forcing endless battles is banned
|rule|Species Clause: Limit one of each Pokémon
|rule|OHKO Clause: OHKO moves are banned
|rule|Evasion Items Clause: Evasion items are banned
|rule|Evasion Moves Clause: Evasion moves are banned
|rule|Evasion Abilities Clause: Evasion abilities are banned
|rule|Sleep Moves Clause: Sleep-inducing moves are banned
|clearpoke
|poke|p1|Ribombee, F|
|poke|p1|Quaquaval, M|
|poke|p1|Gholdengo|
|poke|p1|Iron Moth|
|poke|p1|Rillaboom, M|
|poke|p1|Gliscor, M|
|poke|p2|Dudunsparce-*, F|
|poke|p2|Bellibolt, F|
|poke|p2|Tatsugiri, M|
|poke|p2|Phione|
|poke|p2|Qwilfish-Hisui, F|
|poke|p2|Delibird, F|
|teampreview
|inactive|Battle timer is ON: inactive players will automatically lose when time's up. (requested by GenKenobi212)
|
|t:|1759005936
|teamsize|p1|6
|teamsize|p2|6
|start
|switch|p1a: Splat|Ribombee, F|100/100
|switch|p2a: Bellibolt|Bellibolt, F|100/100
|turn|1
|
|t:|1759005943
|move|p1a: Splat|Sticky Web|p2a: Bellibolt
|-sidestart|p2: Dar800|move: Sticky Web
|move|p2a: Bellibolt|Volt Switch|p1a: Splat
|-damage|p1a: Splat|4/100
|
|t:|1759005948
|switch|p2a: Tatsugiri|Tatsugiri, M|100/100|[from] Volt Switch
|-activate|p2a: Tatsugiri|move: Sticky Web
|-unboost|p2a: Tatsugiri|spe|1
|
|upkeep
|turn|2
|
|t:|1759005955
|move|p1a: Splat|Stun Spore|p2a: Tatsugiri
|-status|p2a: Tatsugiri|par
|move|p2a: Tatsugiri|Rapid Spin|p1a: Splat
|-damage|p1a: Splat|0 fnt
|-boost|p2a: Tatsugiri|spe|1
|-sideend|p2: Dar800|Sticky Web|[from] move: Rapid Spin|[of] p2a: Tatsugiri
|faint|p1a: Splat
|
|upkeep
|
|t:|1759005972
|switch|p1a: DK Donkey Kong|Rillaboom, M|100/100
|-fieldstart|move: Grassy Terrain|[from] ability: Grassy Surge|[of] p1a: DK Donkey Kong
|turn|3
|
|t:|1759005985
|move|p1a: DK Donkey Kong|Wood Hammer|p2a: Tatsugiri
|-damage|p2a: Tatsugiri|0 fnt
|faint|p2a: Tatsugiri
|-damage|p1a: DK Donkey Kong|68/100|[from] Recoil
|
|-heal|p1a: DK Donkey Kong|74/100|[from] Grassy Terrain
|upkeep
|
|t:|1759005999
|switch|p2a: Delibird|Delibird, F|100/100
|turn|4
|
|t:|1759006012
|switch|p1a: US Bank|Gholdengo, shiny|100/100
|move|p2a: Delibird|Ice Spinner|p1a: US Bank
|-resisted|p1a: US Bank
|-damage|p1a: US Bank|81/100
|-fieldend|move: Grassy Terrain
|
|upkeep
|turn|5
|
|t:|1759006025
|move|p1a: US Bank|Make It Rain|p2a: Delibird
|-supereffective|p2a: Delibird
|-damage|p2a: Delibird|0 fnt
|-unboost|p1a: US Bank|spa|1
|faint|p2a: Delibird
|
|upkeep
|
|t:|1759006038
|switch|p2a: Dudunsparce|Dudunsparce, F|100/100
|turn|6
|
|t:|1759006045
|switch|p1a: Claptrap|Gliscor, M, shiny|100/100
|move|p2a: Dudunsparce|Coil|p2a: Dudunsparce
|-boost|p2a: Dudunsparce|atk|1
|-boost|p2a: Dudunsparce|def|1
|-boost|p2a: Dudunsparce|accuracy|1
|
|-status|p1a: Claptrap|tox|[from] item: Toxic Orb
|upkeep
|turn|7
|
|t:|1759006064
|move|p1a: Claptrap|Swords Dance|p1a: Claptrap
|-boost|p1a: Claptrap|atk|2
|move|p2a: Dudunsparce|Coil|p2a: Dudunsparce
|-boost|p2a: Dudunsparce|atk|1
|-boost|p2a: Dudunsparce|def|1
|-boost|p2a: Dudunsparce|accuracy|1
|
|upkeep
|turn|8
|
|t:|1759006071
|move|p1a: Claptrap|Swords Dance|p1a: Claptrap
|-boost|p1a: Claptrap|atk|2
|move|p2a: Dudunsparce|Coil|p2a: Dudunsparce
|-boost|p2a: Dudunsparce|atk|1
|-boost|p2a: Dudunsparce|def|1
|-boost|p2a: Dudunsparce|accuracy|1
|
|upkeep
|turn|9
|
|t:|1759006079
|move|p1a: Claptrap|Swords Dance|p1a: Claptrap
|-boost|p1a: Claptrap|atk|2
|move|p2a: Dudunsparce|Coil|p2a: Dudunsparce
|-boost|p2a: Dudunsparce|atk|1
|-boost|p2a: Dudunsparce|def|1
|-boost|p2a: Dudunsparce|accuracy|1
|
|upkeep
|turn|10
|
|t:|1759006087
|move|p1a: Claptrap|Facade|p2a: Dudunsparce
|-damage|p2a: Dudunsparce|66/100
|move|p2a: Dudunsparce|Coil|p2a: Dudunsparce
|-boost|p2a: Dudunsparce|atk|1
|-boost|p2a: Dudunsparce|def|1
|-boost|p2a: Dudunsparce|accuracy|1
|
|-heal|p2a: Dudunsparce|72/100|[from] item: Leftovers
|upkeep
|turn|11
|
|t:|1759006096
|move|p1a: Claptrap|Facade|p2a: Dudunsparce
|-damage|p2a: Dudunsparce|38/100
|move|p2a: Dudunsparce|Coil|p2a: Dudunsparce
|-boost|p2a: Dudunsparce|atk|1
|-boost|p2a: Dudunsparce|def|1
|-boost|p2a: Dudunsparce|accuracy|1
|
|-heal|p2a: Dudunsparce|44/100|[from] item: Leftovers
|upkeep
|turn|12
|
|t:|1759006106
|move|p1a: Claptrap|Facade|p2a: Dudunsparce
|-damage|p2a: Dudunsparce|14/100
|move|p2a: Dudunsparce|Roost|p2a: Dudunsparce
|-heal|p2a: Dudunsparce|64/100
|-singleturn|p2a: Dudunsparce|move: Roost
|
|-heal|p2a: Dudunsparce|70/100|[from] item: Leftovers
|upkeep
|turn|13
|
|t:|1759006116
|move|p1a: Claptrap|Facade|p2a: Dudunsparce
|-damage|p2a: Dudunsparce|43/100
|move|p2a: Dudunsparce|Roost|p2a: Dudunsparce
|-heal|p2a: Dudunsparce|93/100
|-singleturn|p2a: Dudunsparce|move: Roost
|
|-heal|p2a: Dudunsparce|99/100|[from] item: Leftovers
|upkeep
|turn|14
|
|t:|1759006125
|move|p1a: Claptrap|Facade|p2a: Dudunsparce
|-damage|p2a: Dudunsparce|69/100
|move|p2a: Dudunsparce|Body Slam|p1a: Claptrap
|-damage|p1a: Claptrap|16/100 tox
|
|-heal|p2a: Dudunsparce|76/100|[from] item: Leftovers
|-heal|p1a: Claptrap|29/100 tox|[from] ability: Poison Heal
|upkeep
|turn|15
|
|t:|1759006136
|move|p1a: Claptrap|Protect|p1a: Claptrap
|-singleturn|p1a: Claptrap|Protect
|move|p2a: Dudunsparce|Roost|p2a: Dudunsparce
|-heal|p2a: Dudunsparce|100/100
|-singleturn|p2a: Dudunsparce|move: Roost
|
|-heal|p1a: Claptrap|41/100 tox|[from] ability: Poison Heal
|upkeep
|turn|16
|
|t:|1759006155
|switch|p1a: US Bank|Gholdengo, shiny|81/100
|move|p2a: Dudunsparce|Body Slam|p1a: US Bank
|-immune|p1a: US Bank
|
|upkeep
|turn|17
|
|t:|1759006166
|move|p1a: US Bank|Trick|p2a: Dudunsparce
|-activate|p1a: US Bank|move: Trick|[of] p2a: Dudunsparce
|-item|p2a: Dudunsparce|Choice Scarf|[from] move: Trick
|-item|p1a: US Bank|Leftovers|[from] move: Trick
|move|p2a: Dudunsparce|Drill Run|p1a: US Bank
|-supereffective|p1a: US Bank
|-damage|p1a: US Bank|0 fnt
|faint|p1a: US Bank
|
|upkeep
|
|t:|1759006172
|switch|p1a: Claptrap|Gliscor, M, shiny|41/100 tox
|turn|18
|
|t:|1759006188
|switch|p2a: Qwilfish|Qwilfish-Hisui, F|100/100
|-ability|p2a: Qwilfish|Intimidate|boost
|-unboost|p1a: Claptrap|atk|1
|-item|p2a: Qwilfish|Air Balloon
|move|p1a: Claptrap|Swords Dance|p1a: Claptrap
|-boost|p1a: Claptrap|atk|2
|
|-heal|p1a: Claptrap|54/100 tox|[from] ability: Poison Heal
|upkeep
|turn|19
|
|t:|1759006201
|move|p2a: Qwilfish|Taunt|p1a: Claptrap
|-start|p1a: Claptrap|move: Taunt
|cant|p1a: Claptrap|move: Taunt|Swords Dance
|
|-heal|p1a: Claptrap|66/100 tox|[from] ability: Poison Heal
|upkeep
|turn|20
|
|t:|1759006210
|move|p2a: Qwilfish|Toxic Spikes|p1a: Claptrap
|-sidestart|p1: GenKenobi212|move: Toxic Spikes
|move|p1a: Claptrap|Facade|p2a: Qwilfish
|-damage|p2a: Qwilfish|45/100
|-enditem|p2a: Qwilfish|Air Balloon
|
|-heal|p1a: Claptrap|79/100 tox|[from] ability: Poison Heal
|upkeep
|turn|21
|
|t:|1759006220
|move|p2a: Qwilfish|Spikes|p1a: Claptrap
|-sidestart|p1: GenKenobi212|Spikes
|move|p1a: Claptrap|High Horsepower|p2a: Qwilfish
|-supereffective|p2a: Qwilfish
|-damage|p2a: Qwilfish|0 fnt
|faint|p2a: Qwilfish
|
|-heal|p1a: Claptrap|91/100 tox|[from] ability: Poison Heal
|-end|p1a: Claptrap|move: Taunt
|upkeep
|
|t:|1759006231
|switch|p2a: Phione|Phione|100/100
|turn|22
|
|t:|1759006246
|-terastallize|p1a: Claptrap|Normal
|move|p2a: Phione|Liquidation|p1a: Claptrap
|-damage|p1a: Claptrap|54/100 tox
|move|p1a: Claptrap|Facade|p2a: Phione
|-damage|p2a: Phione|1/100
|
|-heal|p1a: Claptrap|66/100 tox|[from] ability: Poison Heal
|upkeep
|turn|23
|
|t:|1759006260
|move|p1a: Claptrap|Protect|p1a: Claptrap
|-singleturn|p1a: Claptrap|Protect
|move|p2a: Phione|Liquidation|p1a: Claptrap
|-activate|p1a: Claptrap|move: Protect
|
|-heal|p1a: Claptrap|79/100 tox|[from] ability: Poison Heal
|upkeep
|turn|24
|
|t:|1759006268
|move|p2a: Phione|Liquidation|p1a: Claptrap
|-damage|p1a: Claptrap|44/100 tox
|move|p1a: Claptrap|Swords Dance|p1a: Claptrap
|-boost|p1a: Claptrap|atk|2
|
|-heal|p1a: Claptrap|56/100 tox|[from] ability: Poison Heal
|upkeep
|turn|25
|
|t:|1759006277
|move|p1a: Claptrap|Protect|p1a: Claptrap
|-singleturn|p1a: Claptrap|Protect
|move|p2a: Phione|Liquidation|p1a: Claptrap
|-activate|p1a: Claptrap|move: Protect
|
|-heal|p1a: Claptrap|69/100 tox|[from] ability: Poison Heal
|upkeep
|turn|26
|
|t:|1759006286
|move|p2a: Phione|Liquidation|p1a: Claptrap
|-damage|p1a: Claptrap|29/100 tox
|move|p1a: Claptrap|Facade|p2a: Phione
|-damage|p2a: Phione|0 fnt
|faint|p2a: Phione
|
|-heal|p1a: Claptrap|41/100 tox|[from] ability: Poison Heal
|upkeep
|
|t:|1759006301
|switch|p2a: Bellibolt|Bellibolt, F|100/100
|turn|27
|
|t:|1759006309
|move|p1a: Claptrap|High Horsepower|p2a: Bellibolt
|-supereffective|p2a: Bellibolt
|-damage|p2a: Bellibolt|0 fnt
|faint|p2a: Bellibolt
|
|-heal|p1a: Claptrap|54/100 tox|[from] ability: Poison Heal
|upkeep
|
|t:|1759006317
|switch|p2a: Dudunsparce|Dudunsparce, F|100/100
|turn|28
|
|t:|1759006322
|move|p1a: Claptrap|Facade|p2a: Dudunsparce
|-damage|p2a: Dudunsparce|0 fnt
|faint|p2a: Dudunsparce
|
|win|GenKenobi212
|raw|GenKenobi212's rating: 1133 &rarr; <strong>1159</strong><br />(+26 for winning)
|raw|Dar800's rating: 1146 &rarr; <strong>1120</strong><br />(-26 for losing)
|l|☆GenKenobi212
|player|p1|
|l|☆Dar800
|player|p2|
