|j|☆wszzl
|j|☆maxbiatch
|t:|1759035243
|gametype|singles
|player|p1|wszzl|101|1281
|player|p2|maxbiatch|101|1253
|gen|9
|tier|[Gen 9] OU
|rated|
|rule|HP Percentage Mod: HP is shown in percentages
|rule|Endless Battle Clause: Forcing endless battles is banned
|rule|Species Clause: Limit one of each Pokémon
|rule|OHKO Clause: OHKO moves are banned
|rule|Evasion Items Clause: Evasion items are banned
|rule|Evasion Moves Clause: Evasion moves are banned
|rule|Evasion Abilities Clause: Evasion abilities are banned
|rule|Sleep Moves Clause: Sleep-inducing moves are banned
|clearpoke
|poke|p1|Samurott-Hisui, M|
|poke|p1|Mamoswine, F|
|poke|p1|Volcanion|
|poke|p1|Hydrapple, M|
|poke|p1|Gholdengo|
|poke|p1|Landorus-Therian, M|
|poke|p2|Heatran, F|
|poke|p2|Ogerpon-Wellspring, F|
|poke|p2|Rillaboom, M|
|poke|p2|Dragapult, F|
|poke|p2|Clefable, F|
|poke|p2|Great Tusk|
|teampreview
|
|t:|1759035256
|teamsize|p1|6
|teamsize|p2|6
|start
|switch|p1a: Samurott|Samurott-Hisui, M|100/100
|switch|p2a: Rillaboom|Rillaboom, M, shiny|100/100
|-fieldstart|move: Grassy Terrain|[from] ability: Grassy Surge|[of] p2a: Rillaboom
|turn|1
|
|t:|1759035262
|switch|p1a: Hydrapple|Hydrapple, M|100/100
|move|p2a: Rillaboom|Grassy Glide|p1a: Hydrapple
|-resisted|p1a: Hydrapple
|-damage|p1a: Hydrapple|95/100
|-damage|p2a: Rillaboom|84/100|[from] item: Rocky Helmet|[of] p1a: Hydrapple
|
|-heal|p2a: Rillaboom|90/100|[from] Grassy Terrain
|-heal|p1a: Hydrapple|100/100|[from] Grassy Terrain
|upkeep
|turn|2
|
|t:|1759035267
|move|p2a: Rillaboom|U-turn|p1a: Hydrapple
|-supereffective|p1a: Hydrapple
|-damage|p1a: Hydrapple|70/100
|-damage|p2a: Rillaboom|73/100|[from] item: Rocky Helmet|[of] p1a: Hydrapple
|
|t:|1759035273
|switch|p2a: Clefable|Clefable, F, shiny|100/100|[from] U-turn
|move|p1a: Hydrapple|Nasty Plot|p1a: Hydrapple
|-boost|p1a: Hydrapple|spa|2
|
|-heal|p1a: Hydrapple|76/100|[from] Grassy Terrain
|upkeep
|turn|3
|
|t:|1759035283
|-terastallize|p1a: Hydrapple|Fairy
|move|p2a: Clefable|Moonblast|p1a: Hydrapple
|-damage|p1a: Hydrapple|42/100
|move|p1a: Hydrapple|Giga Drain|p2a: Clefable
|-crit|p2a: Clefable
|-damage|p2a: Clefable|48/100
|-heal|p1a: Hydrapple|67/100|[from] drain|[of] p2a: Clefable
|
|-heal|p2a: Clefable|54/100|[from] Grassy Terrain
|-heal|p1a: Hydrapple|73/100|[from] Grassy Terrain
|upkeep
|turn|4
|
|t:|1759035296
|move|p2a: Clefable|Moonlight|p2a: Clefable
|-heal|p2a: Clefable|100/100
|move|p1a: Hydrapple|Giga Drain|p2a: Clefable
|-damage|p2a: Clefable|65/100
|-heal|p1a: Hydrapple|90/100|[from] drain|[of] p2a: Clefable
|
|-heal|p2a: Clefable|71/100|[from] Grassy Terrain
|-heal|p1a: Hydrapple|96/100|[from] Grassy Terrain
|upkeep
|turn|5
|
|t:|1759035301
|move|p2a: Clefable|Calm Mind|p2a: Clefable
|-boost|p2a: Clefable|spa|1
|-boost|p2a: Clefable|spd|1
|move|p1a: Hydrapple|Nasty Plot|p1a: Hydrapple
|-boost|p1a: Hydrapple|spa|2
|
|-heal|p2a: Clefable|77/100|[from] Grassy Terrain
|-heal|p1a: Hydrapple|100/100|[from] Grassy Terrain
|-fieldend|move: Grassy Terrain
|upkeep
|turn|6
|
|t:|1759035303
|move|p2a: Clefable|Calm Mind|p2a: Clefable
|-boost|p2a: Clefable|spa|1
|-boost|p2a: Clefable|spd|1
|move|p1a: Hydrapple|Nasty Plot|p1a: Hydrapple
|-boost|p1a: Hydrapple|spa|2
|
|upkeep
|turn|7
|
|t:|1759035307
|move|p2a: Clefable|Calm Mind|p2a: Clefable
|-boost|p2a: Clefable|spa|1
|-boost|p2a: Clefable|spd|1
|move|p1a: Hydrapple|Giga Drain|p2a: Clefable
|-damage|p2a: Clefable|65/100
|
|upkeep
|turn|8
|
|t:|1759035309
|move|p2a: Clefable|Calm Mind|p2a: Clefable
|-boost|p2a: Clefable|spa|1
|-boost|p2a: Clefable|spd|1
|move|p1a: Hydrapple|Giga Drain|p2a: Clefable
|-damage|p2a: Clefable|55/100
|
|upkeep
|turn|9
|
|t:|1759035314
|switch|p1a: Mamoswine|Mamoswine, F|100/100
|move|p2a: Clefable|Moonlight|p2a: Clefable
|-heal|p2a: Clefable|100/100
|
|upkeep
|turn|10
|
|t:|1759035318
|move|p1a: Mamoswine|Earthquake|p2a: Clefable
|-damage|p2a: Clefable|41/100
|-damage|p1a: Mamoswine|91/100|[from] item: Life Orb
|move|p2a: Clefable|Moonblast|p1a: Mamoswine
|-damage|p1a: Mamoswine|0 fnt
|faint|p1a: Mamoswine
|
|upkeep
|
|t:|1759035321
|switch|p1a: Landorus|Landorus-Therian, M|100/100
|-ability|p1a: Landorus|Intimidate|boost
|-unboost|p2a: Clefable|atk|1
|turn|11
|
|t:|1759035327
|switch|p2a: Heatran|Heatran, F, shiny|100/100
|-item|p2a: Heatran|Air Balloon
|move|p1a: Landorus|Earthquake|p2a: Heatran
|-immune|p2a: Heatran
|
|upkeep
|turn|12
|
|t:|1759035335
|switch|p1a: Hydrapple|Hydrapple, M, tera:Fairy|100/100
|move|p2a: Heatran|Lava Plume|p1a: Hydrapple
|-damage|p1a: Hydrapple|67/100
|
|upkeep
|turn|13
|
|t:|1759035346
|switch|p2a: Rillaboom|Rillaboom, M, shiny|73/100
|-fieldstart|move: Grassy Terrain|[from] ability: Grassy Surge|[of] p2a: Rillaboom
|move|p1a: Hydrapple|Fickle Beam|p2a: Rillaboom|[anim] Fickle Beam All Out
|-activate|p1a: Hydrapple|move: Fickle Beam
|-damage|p2a: Rillaboom|24/100
|
|-heal|p2a: Rillaboom|30/100|[from] Grassy Terrain
|-heal|p1a: Hydrapple|73/100|[from] Grassy Terrain
|upkeep
|turn|14
|
|t:|1759035354
|move|p2a: Rillaboom|Wood Hammer|p1a: Hydrapple
|-damage|p1a: Hydrapple|23/100
|-damage|p2a: Rillaboom|13/100|[from] item: Rocky Helmet|[of] p1a: Hydrapple
|-damage|p2a: Rillaboom|0 fnt|[from] Recoil
|faint|p2a: Rillaboom
|move|p1a: Hydrapple|Fickle Beam|p2: Rillaboom|[notarget]
|-fail|p1a: Hydrapple
|
|-heal|p1a: Hydrapple|29/100|[from] Grassy Terrain
|upkeep
|
|t:|1759035368
|switch|p2a: Ogerpon|Ogerpon-Wellspring, F|100/100
|turn|15
|
|t:|1759035370
|move|p2a: Ogerpon|Ivy Cudgel|p1a: Hydrapple|[anim] Ivy Cudgel Water
|-damage|p1a: Hydrapple|0 fnt
|faint|p1a: Hydrapple
|
|upkeep
|
|t:|1759035384
|switch|p1a: Landorus|Landorus-Therian, M|100/100
|-ability|p1a: Landorus|Intimidate|boost
|-unboost|p2a: Ogerpon|atk|1
|turn|16
|
|t:|1759035392
|switch|p2a: Great Tusk|Great Tusk, shiny|100/100
|move|p1a: Landorus|U-turn|p2a: Great Tusk
|-resisted|p2a: Great Tusk
|-damage|p2a: Great Tusk|91/100
|-damage|p1a: Landorus|84/100|[from] item: Rocky Helmet|[of] p2a: Great Tusk
|
|t:|1759035397
|switch|p1a: Samurott|Samurott-Hisui, M|100/100|[from] U-turn
|
|-heal|p2a: Great Tusk|97/100|[from] Grassy Terrain
|upkeep
|turn|17
|
|t:|1759035409
|move|p2a: Great Tusk|Close Combat|p1a: Samurott
|-supereffective|p1a: Samurott
|-damage|p1a: Samurott|0 fnt
|-unboost|p2a: Great Tusk|def|1
|-unboost|p2a: Great Tusk|spd|1
|faint|p1a: Samurott
|
|-heal|p2a: Great Tusk|100/100|[from] Grassy Terrain
|-fieldend|move: Grassy Terrain
|upkeep
|
|t:|1759035415
|switch|p1a: Landorus|Landorus-Therian, M|84/100
|-ability|p1a: Landorus|Intimidate|boost
|-unboost|p2a: Great Tusk|atk|1
|turn|18
|
|t:|1759035420
|move|p1a: Landorus|U-turn|p2a: Great Tusk
|-resisted|p2a: Great Tusk
|-damage|p2a: Great Tusk|86/100
|-damage|p1a: Landorus|67/100|[from] item: Rocky Helmet|[of] p2a: Great Tusk
|
|t:|1759035422
|switch|p1a: Gholdengo|Gholdengo|100/100|[from] U-turn
|-item|p1a: Gholdengo|Air Balloon
|move|p2a: Great Tusk|Ice Spinner|p1a: Gholdengo
|-resisted|p1a: Gholdengo
|-damage|p1a: Gholdengo|92/100
|-enditem|p1a: Gholdengo|Air Balloon
|
|upkeep
|turn|19
|
|t:|1759035429
|-end|p2a: Great Tusk|Protosynthesis|[silent]
|switch|p2a: Heatran|Heatran, F, shiny|100/100
|-item|p2a: Heatran|Air Balloon
|move|p1a: Gholdengo|Make It Rain|p2a: Heatran
|-resisted|p2a: Heatran
|-damage|p2a: Heatran|92/100
|-unboost|p1a: Gholdengo|spa|1
|-enditem|p2a: Heatran|Air Balloon
|
|upkeep
|turn|20
|
|t:|1759035437
|move|p1a: Gholdengo|Thunder Wave|p2a: Heatran
|-status|p2a: Heatran|par
|move|p2a: Heatran|Earth Power|p1a: Gholdengo
|-supereffective|p1a: Gholdengo
|-damage|p1a: Gholdengo|56/100
|
|upkeep
|turn|21
|
|t:|1759035439
|move|p1a: Gholdengo|Hex|p2a: Heatran
|-damage|p2a: Heatran|67/100 par
|move|p2a: Heatran|Earth Power|p1a: Gholdengo
|-supereffective|p1a: Gholdengo
|-damage|p1a: Gholdengo|19/100
|
|upkeep
|turn|22
|
|t:|1759035445
|move|p1a: Gholdengo|Hex|p2a: Heatran
|-damage|p2a: Heatran|44/100 par
|move|p2a: Heatran|Lava Plume|p1a: Gholdengo
|-supereffective|p1a: Gholdengo
|-damage|p1a: Gholdengo|0 fnt
|faint|p1a: Gholdengo
|
|upkeep
|
|t:|1759035448
|switch|p1a: Landorus|Landorus-Therian, M|67/100
|-ability|p1a: Landorus|Intimidate|boost
|-unboost|p2a: Heatran|atk|1
|turn|23
|
|t:|1759035451
|move|p1a: Landorus|Earthquake|p2a: Heatran
|-supereffective|p2a: Heatran
|-damage|p2a: Heatran|0 fnt
|faint|p2a: Heatran
|
|upkeep
|
|t:|1759035455
|switch|p2a: Ogerpon|Ogerpon-Wellspring, F|100/100
|turn|24
|
|t:|1759035457
|move|p1a: Landorus|Earthquake|p2a: Ogerpon
|-resisted|p2a: Ogerpon
|-damage|p2a: Ogerpon|63/100
|move|p2a: Ogerpon|Swords Dance|p2a: Ogerpon
|-boost|p2a: Ogerpon|atk|2
|
|upkeep
|turn|25
|
|t:|1759035459
|move|p1a: Landorus|Earthquake|p2a: Ogerpon
|-resisted|p2a: Ogerpon
|-damage|p2a: Ogerpon|28/100
|move|p2a: Ogerpon|Ivy Cudgel|p1a: Landorus|[anim] Ivy Cudgel Water
|-supereffective|p1a: Landorus
|-damage|p1a: Landorus|0 fnt
|faint|p1a: Landorus
|
|upkeep
|
|t:|1759035461
|switch|p1a: Volcanion|Volcanion|100/100
|turn|26
|
|t:|1759035464
|move|p2a: Ogerpon|Power Whip|p1a: Volcanion|[miss]
|-miss|p2a: Ogerpon|p1a: Volcanion
|move|p1a: Volcanion|Flamethrower|p2a: Ogerpon
|-damage|p2a: Ogerpon|0 fnt
|faint|p2a: Ogerpon
|
|upkeep
|
|t:|1759035470
|switch|p2a: Great Tusk|Great Tusk, shiny|86/100
|turn|27
|
|t:|1759035474
|move|p2a: Great Tusk|Headlong Rush|p1a: Volcanion
|-supereffective|p1a: Volcanion
|-damage|p1a: Volcanion|3/100
|-unboost|p2a: Great Tusk|def|1
|-unboost|p2a: Great Tusk|spd|1
|move|p1a: Volcanion|Steam Eruption|p2a: Great Tusk
|-supereffective|p2a: Great Tusk
|-damage|p2a: Great Tusk|0 fnt
|faint|p2a: Great Tusk
|-end|p2a: Great Tusk|Protosynthesis|[silent]
|
|upkeep
|
|t:|1759035480
|switch|p2a: Dragapult|Dragapult, F, shiny|100/100
|turn|28
|
|t:|1759035483
|move|p2a: Dragapult|U-turn|p1a: Volcanion
|-resisted|p1a: Volcanion
|-damage|p1a: Volcanion|0 fnt
|faint|p1a: Volcanion
|
|win|maxbiatch
|raw|wszzl's rating: 1281 &rarr; <strong>1254</strong><br />(-27 for losing)
|raw|maxbiatch's rating: 1253 &rarr; <strong>1280</strong><br />(+27 for winning)
|l|☆wszzl
|player|p1|
|l|☆maxbiatch
|player|p2|
