|j|☆Eel56
|j|☆dafrogger
|t:|1758952122
|gametype|singles
|player|p1|Eel56|170|1754
|player|p2|dafrogger|bugcatcher-gen4dp|1673
|gen|9
|tier|[Gen 9] OU
|rated|
|rule|HP Percentage Mod: HP is shown in percentages
|rule|Endless Battle Clause: Forcing endless battles is banned
|rule|Species Clause: Limit one of each Pokémon
|rule|OHKO Clause: OHKO moves are banned
|rule|Evasion Items Clause: Evasion items are banned
|rule|Evasion Moves Clause: Evasion moves are banned
|rule|Evasion Abilities Clause: Evasion abilities are banned
|rule|Sleep Moves Clause: Sleep-inducing moves are banned
|clearpoke
|poke|p1|Lokix, F|
|poke|p1|Cinderace, M|
|poke|p1|Great Tusk|
|poke|p1|Alomomola, F|
|poke|p1|Enamorus, F|
|poke|p1|Slowking-Galar, F|
|poke|p2|Iron Valiant|
|poke|p2|Great Tusk|
|poke|p2|Dragonite, M|
|poke|p2|Deoxys-Speed|
|poke|p2|Glimmora, M|
|poke|p2|Kingambit, M|
|teampreview
|
|t:|1758952139
|teamsize|p1|6
|teamsize|p2|6
|start
|switch|p1a: Slowking|Slowking-Galar, F|100/100
|switch|p2a: Glimmora|Glimmora, M|100/100
|turn|1
|
|t:|1758952151
|move|p2a: Glimmora|Earth Power|p1a: Slowking
|-supereffective|p1a: Slowking
|-enditem|p1a: Slowking|Shuca Berry|[eat]
|-enditem|p1a: Slowking|Shuca Berry|[weaken]
|-damage|p1a: Slowking|77/100
|move|p1a: Slowking|Future Sight|p2a: Glimmora
|-start|p1a: Slowking|move: Future Sight
|
|upkeep
|turn|2
|
|t:|1758952162
|move|p2a: Glimmora|Meteor Beam||[still]
|-prepare|p2a: Glimmora|Meteor Beam
|-boost|p2a: Glimmora|spa|1
|-enditem|p2a: Glimmora|Power Herb
|-anim|p2a: Glimmora|Meteor Beam|p1a: Slowking
|-damage|p1a: Slowking|2/100
|-prepare|p1a: Slowking|Chilly Reception|[premajor]
|move|p1a: Slowking|Chilly Reception|p1a: Slowking
|-weather|Snowscape
|
|t:|1758952186
|switch|p1a: Enamorus|Enamorus, F|100/100|[from] Chilly Reception
|
|-weather|Snowscape|[upkeep]
|upkeep
|turn|3
|
|t:|1758952193
|move|p1a: Enamorus|Earth Power|p2a: Glimmora
|-supereffective|p2a: Glimmora
|-damage|p2a: Glimmora|0 fnt
|faint|p2a: Glimmora
|
|-weather|Snowscape|[upkeep]
|-hint|Future Sight did not hit because the target is fainted.
|upkeep
|
|t:|1758952195
|switch|p2a: Deoxys|Deoxys-Speed|100/100
|-ability|p2a: Deoxys|Pressure
|turn|4
|l|☆Eel56
|player|p1|
|j|☆Eel56
|player|p1|Eel56|170|
|inactive|Battle timer is ON: inactive players will automatically lose when time's up. (requested by Eel56)
|
|t:|1758952249
|switch|p1a: Alomomola|Alomomola, F|100/100
|move|p2a: Deoxys|Reflect|p2a: Deoxys
|-sidestart|p2: dafrogger|Reflect
|
|-weather|Snowscape|[upkeep]
|upkeep
|turn|5
|
|t:|1758952254
|move|p2a: Deoxys|Taunt|p1a: Alomomola
|-start|p1a: Alomomola|move: Taunt
|move|p1a: Alomomola|Body Slam|p2a: Deoxys
|-damage|p2a: Deoxys|91/100
|-status|p2a: Deoxys|par
|
|-weather|Snowscape|[upkeep]
|upkeep
|turn|6
|
|t:|1758952268
|move|p2a: Deoxys|Psycho Boost|p1a: Alomomola
|-damage|p1a: Alomomola|76/100
|-unboost|p2a: Deoxys|spa|2
|move|p1a: Alomomola|Flip Turn|p2a: Deoxys
|-damage|p2a: Deoxys|80/100 par
|
|t:|1758952277
|switch|p1a: Lokix|Lokix, F|100/100|[from] Flip Turn
|
|-weather|none
|upkeep
|turn|7
|
|t:|1758952282
|move|p1a: Lokix|U-turn|p2a: Deoxys
|-supereffective|p2a: Deoxys
|-damage|p2a: Deoxys|23/100 par
|
|t:|1758952285
|switch|p1a: Cinderace|Cinderace, M|100/100|[from] U-turn
|move|p2a: Deoxys|Taunt|p1a: Cinderace
|-start|p1a: Cinderace|move: Taunt
|
|upkeep
|turn|8
|
|t:|1758952294
|switch|p1a: Alomomola|Alomomola, F|100/100
|move|p2a: Deoxys|Light Screen|p2a: Deoxys
|-sidestart|p2: dafrogger|move: Light Screen
|
|upkeep
|turn|9
|
|t:|1758952304
|switch|p2a: Great Tusk|Great Tusk|100/100
|-enditem|p2a: Great Tusk|Booster Energy
|-activate|p2a: Great Tusk|ability: Protosynthesis|[fromitem]
|-start|p2a: Great Tusk|protosynthesisspe
|move|p1a: Alomomola|Flip Turn|p2a: Great Tusk
|-supereffective|p2a: Great Tusk
|-damage|p2a: Great Tusk|91/100
|
|t:|1758952329
|switch|p1a: Great Tusk|Great Tusk|100/100|[from] Flip Turn
|
|upkeep
|turn|10
|
|t:|1758952337
|move|p2a: Great Tusk|Taunt|p1a: Great Tusk
|-start|p1a: Great Tusk|move: Taunt
|cant|p1a: Great Tusk|move: Taunt|Bulk Up
|
|upkeep
|turn|11
|inactive|Eel56 has 120 seconds left.
|
|t:|1758952372
|-end|p1a: Great Tusk|Protosynthesis|[silent]
|switch|p1a: Enamorus|Enamorus, F|100/100
|move|p2a: Great Tusk|Bulk Up|p2a: Great Tusk
|-boost|p2a: Great Tusk|atk|1
|-boost|p2a: Great Tusk|def|1
|
|-sideend|p2: dafrogger|Reflect
|upkeep
|turn|12
|inactive|Eel56 has 120 seconds left.
|
|t:|1758952383
|move|p1a: Enamorus|Moonblast|p2a: Great Tusk
|-supereffective|p2a: Great Tusk
|-damage|p2a: Great Tusk|23/100
|-unboost|p2a: Great Tusk|spa|1
|move|p2a: Great Tusk|Head Smash|p1a: Enamorus
|-supereffective|p1a: Enamorus
|-damage|p1a: Enamorus|0 fnt
|faint|p1a: Enamorus
|-damage|p2a: Great Tusk|0 fnt|[from] Recoil
|faint|p2a: Great Tusk
|-end|p2a: Great Tusk|Protosynthesis|[silent]
|
|upkeep
|inactive|Eel56 has 120 seconds left.
|j| Brucie92
|
|t:|1758952394
|switch|p1a: Lokix|Lokix, F|100/100
|switch|p2a: Iron Valiant|Iron Valiant|100/100
|-enditem|p2a: Iron Valiant|Booster Energy
|-activate|p2a: Iron Valiant|ability: Quark Drive|[fromitem]
|-start|p2a: Iron Valiant|quarkdrivespe
|turn|13
|inactive|Eel56 has 120 seconds left.
|
|t:|1758952406
|switch|p1a: Slowking|Slowking-Galar, F|35/100
|move|p2a: Iron Valiant|Knock Off|p1a: Slowking
|-supereffective|p1a: Slowking
|-damage|p1a: Slowking|8/100
|
|upkeep
|turn|14
|inactive|Eel56 has 120 seconds left.
|
|t:|1758952423
|switch|p1a: Alomomola|Alomomola, F|100/100
|move|p2a: Iron Valiant|Knock Off|p1a: Alomomola
|-damage|p1a: Alomomola|78/100
|-enditem|p1a: Alomomola|Assault Vest|[from] move: Knock Off|[of] p2a: Iron Valiant
|
|upkeep
|turn|15
|
|t:|1758952431
|move|p2a: Iron Valiant|Moonblast|p1a: Alomomola
|-damage|p1a: Alomomola|44/100
|move|p1a: Alomomola|Flip Turn|p2a: Iron Valiant
|-damage|p2a: Iron Valiant|79/100
|
|t:|1758952440
|switch|p1a: Slowking|Slowking-Galar, F|41/100|[from] Flip Turn
|
|-sideend|p2: dafrogger|move: Light Screen
|upkeep
|turn|16
|
|t:|1758952445
|move|p2a: Iron Valiant|Knock Off|p1a: Slowking
|-supereffective|p1a: Slowking
|-damage|p1a: Slowking|13/100
|move|p1a: Slowking|Sludge Bomb|p2a: Iron Valiant
|-supereffective|p2a: Iron Valiant
|-damage|p2a: Iron Valiant|0 fnt
|faint|p2a: Iron Valiant
|-end|p2a: Iron Valiant|Quark Drive|[silent]
|
|upkeep
|
|t:|1758952448
|switch|p2a: Dragonite|Dragonite, M|100/100
|turn|17
|
|t:|1758952455
|move|p2a: Dragonite|Substitute|p2a: Dragonite
|-start|p2a: Dragonite|Substitute
|-damage|p2a: Dragonite|76/100
|move|p1a: Slowking|Sludge Bomb|p2a: Dragonite
|-end|p2a: Dragonite|Substitute
|
|-heal|p2a: Dragonite|82/100|[from] item: Leftovers
|upkeep
|turn|18
|
|t:|1758952461
|move|p2a: Dragonite|Dragon Dance|p2a: Dragonite
|-boost|p2a: Dragonite|atk|1
|-boost|p2a: Dragonite|spe|1
|move|p1a: Slowking|Ice Beam|p2a: Dragonite
|-supereffective|p2a: Dragonite
|-damage|p2a: Dragonite|0 fnt
|faint|p2a: Dragonite
|
|upkeep
|
|t:|1758952468
|switch|p2a: Kingambit|Kingambit, M|100/100
|-activate|p2a: Kingambit|ability: Supreme Overlord
|-start|p2a: Kingambit|fallen4|[silent]
|turn|19
|
|t:|1758952476
|move|p2a: Kingambit|Swords Dance|p2a: Kingambit
|-boost|p2a: Kingambit|atk|2
|-prepare|p1a: Slowking|Chilly Reception|[premajor]
|move|p1a: Slowking|Chilly Reception|p1a: Slowking
|-weather|Snowscape
|
|t:|1758952481
|switch|p1a: Cinderace|Cinderace, M|100/100|[from] Chilly Reception
|
|-weather|Snowscape|[upkeep]
|upkeep
|turn|20
|
|t:|1758952486
|-terastallize|p2a: Kingambit|Fighting
|move|p1a: Cinderace|Will-O-Wisp|p2a: Kingambit
|-status|p2a: Kingambit|brn
|-enditem|p2a: Kingambit|Lum Berry|[eat]
|-curestatus|p2a: Kingambit|brn|[msg]
|move|p2a: Kingambit|Low Kick|p1a: Cinderace
|-damage|p1a: Cinderace|0 fnt
|faint|p1a: Cinderace
|
|-weather|Snowscape|[upkeep]
|upkeep
|
|t:|1758952500
|switch|p1a: Great Tusk|Great Tusk|100/100
|turn|21
|
|t:|1758952509
|move|p1a: Great Tusk|Bulk Up|p1a: Great Tusk
|-boost|p1a: Great Tusk|atk|1
|-boost|p1a: Great Tusk|def|1
|move|p2a: Kingambit|Low Kick|p1a: Great Tusk
|-damage|p1a: Great Tusk|31/100
|
|-weather|Snowscape|[upkeep]
|-heal|p1a: Great Tusk|38/100|[from] item: Leftovers
|upkeep
|turn|22
|l| Brucie92
|
|t:|1758952520
|move|p1a: Great Tusk|Earthquake|p2a: Kingambit
|-damage|p2a: Kingambit|44/100
|move|p2a: Kingambit|Low Kick|p1a: Great Tusk
|-damage|p1a: Great Tusk|0 fnt
|faint|p1a: Great Tusk
|-end|p1a: Great Tusk|Protosynthesis|[silent]
|
|-weather|Snowscape|[upkeep]
|upkeep
|
|t:|1758952523
|switch|p1a: Lokix|Lokix, F|100/100
|turn|23
|
|t:|1758952534
|-terastallize|p1a: Lokix|Bug
|move|p1a: Lokix|First Impression|p2a: Kingambit
|-resisted|p2a: Kingambit
|-damage|p2a: Kingambit|0 fnt
|faint|p2a: Kingambit
|-end|p2a: Kingambit|fallen4|[silent]
|
|-weather|none
|upkeep
|
|t:|1758952537
|switch|p2a: Deoxys|Deoxys-Speed|23/100 par
|-ability|p2a: Deoxys|Pressure
|turn|24
|
|t:|1758952541
|switch|p1a: Slowking|Slowking-Galar, F|47/100
|cant|p2a: Deoxys|par
|
|upkeep
|turn|25
|
|t:|1758952545
|cant|p2a: Deoxys|par
|move|p1a: Slowking|Sludge Bomb|p2a: Deoxys
|-damage|p2a: Deoxys|0 fnt
|faint|p2a: Deoxys
|
|win|Eel56
|raw|Eel56's rating: 1754 &rarr; <strong>1769</strong><br />(+15 for winning)
|raw|dafrogger's rating: 1673 &rarr; <strong>1658</strong><br />(-15 for losing)
|l|☆dafrogger
|player|p2|
|l|☆Eel56
|player|p1|
