|j|☆nestlillo
|j|☆iougb08hg80h
|t:|1758924776
|gametype|singles
|player|p1|nestlillo|shadowtriad|1297
|player|p2|iougb08hg80h|266|1263
|gen|9
|tier|[Gen 9] OU
|rated|
|rule|HP Percentage Mod: HP is shown in percentages
|rule|Endless Battle Clause: Forcing endless battles is banned
|rule|Species Clause: Limit one of each Pokémon
|rule|OHKO Clause: OHKO moves are banned
|rule|Evasion Items Clause: Evasion items are banned
|rule|Evasion Moves Clause: Evasion moves are banned
|rule|Evasion Abilities Clause: Evasion abilities are banned
|rule|Sleep Moves Clause: Sleep-inducing moves are banned
|clearpoke
|poke|p1|Hatterene, F|
|poke|p1|Iron Moth|
|poke|p1|Grimmsnarl, M|
|poke|p1|Corviknight, M|
|poke|p1|Great Tusk|
|poke|p1|Ogerpon-Wellspring, F|
|poke|p2|Sableye, M|
|poke|p2|Frosmoth, F|
|poke|p2|Moltres|
|poke|p2|Meowscarada, M|
|poke|p2|Blastoise, M|
|poke|p2|Gulpin, F|
|teampreview
|inactive|Battle timer is ON: inactive players will automatically lose when time's up. (requested by nestlillo)
|
|t:|1758924798
|teamsize|p1|6
|teamsize|p2|6
|start
|switch|p1a: Grimmsnarl|Grimmsnarl, M, shiny|100/100
|switch|p2a: Meowscarada|Meowscarada, M|100/100
|turn|1
|
|t:|1758924812
|move|p1a: Grimmsnarl|Reflect|p1a: Grimmsnarl
|-sidestart|p1: nestlillo|Reflect
|move|p2a: Meowscarada|Trick|p1a: Grimmsnarl
|-start|p2a: Meowscarada|typechange|Psychic|[from] ability: Protean
|-activate|p2a: Meowscarada|move: Trick|[of] p1a: Grimmsnarl
|-item|p1a: Grimmsnarl|Choice Scarf|[from] move: Trick
|-item|p2a: Meowscarada|Light Clay|[from] move: Trick
|
|upkeep
|turn|2
|
|t:|1758924830
|switch|p2a: Sableye|Sableye, M|100/100
|move|p1a: Grimmsnarl|Light Screen|p1a: Grimmsnarl
|-sidestart|p1: nestlillo|move: Light Screen
|
|upkeep
|turn|3
|
|t:|1758924835
|switch|p1a: Hatterene|Hatterene, F|100/100
|move|p2a: Sableye|Substitute|p2a: Sableye
|-start|p2a: Sableye|Substitute
|-damage|p2a: Sableye|76/100
|
|-heal|p2a: Sableye|82/100|[from] item: Leftovers
|upkeep
|turn|4
|
|t:|1758924843
|move|p2a: Sableye|Night Shade|p1a: Hatterene
|-damage|p1a: Hatterene|61/100
|move|p1a: Hatterene|Calm Mind|p1a: Hatterene
|-boost|p1a: Hatterene|spa|1
|-boost|p1a: Hatterene|spd|1
|
|-heal|p2a: Sableye|88/100|[from] item: Leftovers
|-heal|p1a: Hatterene|67/100|[from] item: Leftovers
|upkeep
|turn|5
|
|t:|1758924851
|move|p2a: Sableye|Night Shade|p1a: Hatterene
|-damage|p1a: Hatterene|28/100
|move|p1a: Hatterene|Draining Kiss|p2a: Sableye
|-supereffective|p2a: Sableye
|-end|p2a: Sableye|Substitute
|-heal|p1a: Hatterene|50/100|[from] drain|[of] p2a: Sableye
|
|-heal|p2a: Sableye|94/100|[from] item: Leftovers
|-heal|p1a: Hatterene|56/100|[from] item: Leftovers
|upkeep
|turn|6
|
|t:|1758924859
|switch|p2a: Gulpin|Gulpin, F|100/100
|move|p1a: Hatterene|Psychic|p2a: Gulpin
|-supereffective|p2a: Gulpin
|-damage|p2a: Gulpin|0 fnt
|faint|p2a: Gulpin
|
|-heal|p1a: Hatterene|62/100|[from] item: Leftovers
|-sideend|p1: nestlillo|move: Light Screen
|upkeep
|
|t:|1758924872
|switch|p2a: Frosmoth|Frosmoth, F|100/100
|turn|7
|
|t:|1758924879
|move|p2a: Frosmoth|Quiver Dance|p2a: Frosmoth
|-boost|p2a: Frosmoth|spa|1
|-boost|p2a: Frosmoth|spd|1
|-boost|p2a: Frosmoth|spe|1
|move|p1a: Hatterene|Mystical Fire|p2a: Frosmoth
|-supereffective|p2a: Frosmoth
|-damage|p2a: Frosmoth|41/100
|-unboost|p2a: Frosmoth|spa|1
|
|-heal|p1a: Hatterene|68/100|[from] item: Leftovers
|upkeep
|turn|8
|
|t:|1758924894
|move|p2a: Frosmoth|Ice Beam|p1a: Hatterene
|-crit|p1a: Hatterene
|-damage|p1a: Hatterene|2/100
|move|p1a: Hatterene|Mystical Fire|p2a: Frosmoth
|-supereffective|p2a: Frosmoth
|-damage|p2a: Frosmoth|0 fnt
|faint|p2a: Frosmoth
|
|-heal|p1a: Hatterene|8/100|[from] item: Leftovers
|-sideend|p1: nestlillo|Reflect
|upkeep
|
|t:|1758924902
|switch|p2a: Blastoise|Blastoise, M|100/100
|turn|9
|
|t:|1758924911
|move|p2a: Blastoise|Rapid Spin|p1a: Hatterene
|-damage|p1a: Hatterene|0 fnt
|-boost|p2a: Blastoise|spe|1
|faint|p1a: Hatterene
|
|upkeep
|
|t:|1758924917
|switch|p1a: Ogerpon|Ogerpon-Wellspring, F|100/100
|turn|10
|
|t:|1758924920
|switch|p2a: Moltres|Moltres|100/100
|move|p1a: Ogerpon|Swords Dance|p1a: Ogerpon
|-boost|p1a: Ogerpon|atk|2
|
|upkeep
|turn|11
|
|t:|1758924929
|-terastallize|p2a: Moltres|Grass
|move|p1a: Ogerpon|Ivy Cudgel|p2a: Moltres|[anim] Ivy Cudgel Water
|-resisted|p2a: Moltres
|-damage|p2a: Moltres|63/100
|move|p2a: Moltres|Flamethrower|p1a: Ogerpon
|-damage|p1a: Ogerpon|58/100
|
|upkeep
|turn|12
|
|t:|1758924952
|switch|p1a: Grimmsnarl|Grimmsnarl, M, shiny|100/100
|move|p2a: Moltres|Roost|p2a: Moltres
|-heal|p2a: Moltres|100/100
|
|upkeep
|turn|13
|
|t:|1758924957
|move|p1a: Grimmsnarl|Light Screen|p1a: Grimmsnarl
|-sidestart|p1: nestlillo|move: Light Screen
|move|p2a: Moltres|U-turn|p1a: Grimmsnarl
|-damage|p1a: Grimmsnarl|86/100
|
|t:|1758924964
|switch|p2a: Meowscarada|Meowscarada, M|100/100|[from] U-turn
|
|upkeep
|turn|14
|
|t:|1758924971
|switch|p1a: Corviknight|Corviknight, M, shiny|100/100
|move|p2a: Meowscarada|Triple Axel|p1a: Corviknight
|-start|p2a: Meowscarada|typechange|Ice|[from] ability: Protean
|-damage|p1a: Corviknight|94/100
|-damage|p2a: Meowscarada|84/100|[from] item: Rocky Helmet|[of] p1a: Corviknight
|-damage|p1a: Corviknight|82/100
|-damage|p2a: Meowscarada|68/100|[from] item: Rocky Helmet|[of] p1a: Corviknight
|-damage|p1a: Corviknight|66/100
|-damage|p2a: Meowscarada|51/100|[from] item: Rocky Helmet|[of] p1a: Corviknight
|-hitcount|p1a: Corviknight|3
|
|upkeep
|turn|15
|
|t:|1758924986
|switch|p2a: Moltres|Moltres, tera:Grass|100/100
|move|p1a: Corviknight|Iron Head|p2a: Moltres
|-damage|p2a: Moltres|84/100
|
|upkeep
|turn|16
|
|t:|1758924992
|move|p2a: Moltres|Hurricane|p1a: Corviknight|[miss]
|-miss|p2a: Moltres|p1a: Corviknight
|move|p1a: Corviknight|Brave Bird|p2a: Moltres
|-supereffective|p2a: Moltres
|-damage|p2a: Moltres|35/100
|-damage|p1a: Corviknight|50/100|[from] Recoil
|
|upkeep
|turn|17
|
|t:|1758925000
|move|p2a: Moltres|Roost|p2a: Moltres
|-heal|p2a: Moltres|85/100
|move|p1a: Corviknight|Roost|p1a: Corviknight
|-heal|p1a: Corviknight|100/100
|-singleturn|p1a: Corviknight|move: Roost
|
|-sideend|p1: nestlillo|move: Light Screen
|upkeep
|turn|18
|
|t:|1758925007
|move|p2a: Moltres|Hurricane|p1a: Corviknight
|-resisted|p1a: Corviknight
|-damage|p1a: Corviknight|79/100
|move|p1a: Corviknight|Brave Bird|p2a: Moltres
|-supereffective|p2a: Moltres
|-damage|p2a: Moltres|31/100
|-damage|p1a: Corviknight|62/100|[from] Recoil
|
|upkeep
|turn|19
|
|t:|1758925015
|move|p2a: Moltres|Roost|p2a: Moltres
|-heal|p2a: Moltres|81/100
|move|p1a: Corviknight|Brave Bird|p2a: Moltres
|-supereffective|p2a: Moltres
|-damage|p2a: Moltres|29/100
|-damage|p1a: Corviknight|46/100|[from] Recoil
|
|upkeep
|turn|20
|
|t:|1758925022
|move|p2a: Moltres|Roost|p2a: Moltres
|-heal|p2a: Moltres|79/100
|move|p1a: Corviknight|Roost|p1a: Corviknight
|-heal|p1a: Corviknight|96/100
|-singleturn|p1a: Corviknight|move: Roost
|
|upkeep
|turn|21
|
|t:|1758925030
|move|p2a: Moltres|Flamethrower|p1a: Corviknight
|-supereffective|p1a: Corviknight
|-damage|p1a: Corviknight|22/100
|move|p1a: Corviknight|Brave Bird|p2a: Moltres
|-supereffective|p2a: Moltres
|-damage|p2a: Moltres|24/100
|-status|p1a: Corviknight|brn|[from] ability: Flame Body|[of] p2a: Moltres
|-damage|p1a: Corviknight|4/100 brn|[from] Recoil
|
|-damage|p1a: Corviknight|0 fnt|[from] brn
|faint|p1a: Corviknight
|upkeep
|
|t:|1758925039
|switch|p1a: Iron Moth|Iron Moth|100/100
|-enditem|p1a: Iron Moth|Booster Energy
|-activate|p1a: Iron Moth|ability: Quark Drive|[fromitem]
|-start|p1a: Iron Moth|quarkdrivespa
|turn|22
|
|t:|1758925046
|switch|p2a: Blastoise|Blastoise, M|100/100
|move|p1a: Iron Moth|Fiery Dance|p2a: Blastoise
|-resisted|p2a: Blastoise
|-damage|p2a: Blastoise|83/100
|-boost|p1a: Iron Moth|spa|1
|
|upkeep
|turn|23
|
|t:|1758925056
|move|p1a: Iron Moth|Sludge Wave|p2a: Blastoise
|-damage|p2a: Blastoise|22/100
|move|p2a: Blastoise|Rapid Spin|p1a: Iron Moth
|-damage|p1a: Iron Moth|81/100
|-boost|p2a: Blastoise|spe|1
|
|upkeep
|turn|24
|
|t:|1758925066
|-end|p1a: Iron Moth|Quark Drive|[silent]
|switch|p1a: Ogerpon|Ogerpon-Wellspring, F|58/100
|move|p2a: Blastoise|Wave Crash|p1a: Ogerpon
|-heal|p1a: Ogerpon|83/100|[from] ability: Water Absorb|[of] p2a: Blastoise
|
|upkeep
|turn|25
|
|t:|1758925073
|switch|p2a: Moltres|Moltres, tera:Grass|24/100
|move|p1a: Ogerpon|Horn Leech|p2a: Moltres
|-resisted|p2a: Moltres
|-damage|p2a: Moltres|8/100
|-heal|p1a: Ogerpon|93/100|[from] drain|[of] p2a: Moltres
|
|upkeep
|turn|26
|
|t:|1758925080
|move|p1a: Ogerpon|Trailblaze|p2a: Moltres
|-resisted|p2a: Moltres
|-crit|p2a: Moltres
|-damage|p2a: Moltres|0 fnt
|-boost|p1a: Ogerpon|spe|1
|faint|p2a: Moltres
|
|upkeep
|
|t:|1758925087
|switch|p2a: Meowscarada|Meowscarada, M|51/100
|turn|27
|
|t:|1758925110
|move|p1a: Ogerpon|Ivy Cudgel|p2a: Meowscarada|[anim] Ivy Cudgel Water
|-resisted|p2a: Meowscarada
|-damage|p2a: Meowscarada|3/100
|move|p2a: Meowscarada|Triple Axel|p1a: Ogerpon
|-start|p2a: Meowscarada|typechange|Ice|[from] ability: Protean
|-damage|p1a: Ogerpon|80/100
|-damage|p1a: Ogerpon|54/100
|-damage|p1a: Ogerpon|17/100
|-hitcount|p1a: Ogerpon|3
|
|upkeep
|turn|28
|-message|iougb08hg80h forfeited.
|
|win|nestlillo
|raw|nestlillo's rating: 1297 &rarr; <strong>1320</strong><br />(+23 for winning)
|raw|iougb08hg80h's rating: 1263 &rarr; <strong>1240</strong><br />(-23 for losing)
|l|☆iougb08hg80h
|player|p2|
|l|☆nestlillo
|player|p1|
