|j|☆victory 4 u
|j|☆hbbnhgf
|t:|1759010775
|gametype|singles
|player|p1|victory 4 u|266|1070
|player|p2|hbbnhgf|266|1025
|gen|9
|tier|[Gen 9] OU
|rated|
|rule|HP Percentage Mod: HP is shown in percentages
|rule|Endless Battle Clause: Forcing endless battles is banned
|rule|Species Clause: Limit one of each Pokémon
|rule|OHKO Clause: OHKO moves are banned
|rule|Evasion Items Clause: Evasion items are banned
|rule|Evasion Moves Clause: Evasion moves are banned
|rule|Evasion Abilities Clause: Evasion abilities are banned
|rule|Sleep Moves Clause: Sleep-inducing moves are banned
|clearpoke
|poke|p1|Typhlosion, F|
|poke|p1|Lumineon, M|
|poke|p1|Meowstic, M|
|poke|p1|Tentacruel, F|
|poke|p1|Ting-Lu|
|poke|p1|Ogerpon, F|
|poke|p2|Deoxys-Speed|
|poke|p2|Dragonite, M|
|poke|p2|Gholdengo|
|poke|p2|Kingambit, F|
|poke|p2|Iron Moth|
|poke|p2|Pincurchin, F|
|teampreview
|
|t:|1759010782
|teamsize|p1|6
|teamsize|p2|6
|start
|switch|p1a: Pls|Ting-Lu|100/100
|switch|p2a: Deoxys|Deoxys-Speed, shiny|100/100
|-ability|p2a: Deoxys|Pressure
|-ability|p1a: Pls|Vessel of Ruin
|turn|1
|
|t:|1759010791
|move|p2a: Deoxys|Taunt|p1a: Pls
|-start|p1a: Pls|move: Taunt
|move|p1a: Pls|Earthquake|p2a: Deoxys
|-damage|p2a: Deoxys|36/100
|
|upkeep
|turn|2
|
|t:|1759010798
|switch|p1a: Hero|Tentacruel, F|100/100
|move|p2a: Deoxys|Stealth Rock|p1a: Hero
|-sidestart|p1: victory 4 u|move: Stealth Rock
|
|upkeep
|turn|3
|
|t:|1759010805
|switch|p2a: Gholdengo|Gholdengo|100/100
|move|p1a: Hero|Rapid Spin|p2a: Gholdengo
|-immune|p2a: Gholdengo
|
|upkeep
|turn|4
|
|t:|1759010834
|switch|p2a: Deoxys|Deoxys-Speed, shiny|36/100
|-ability|p2a: Deoxys|Pressure
|move|p1a: Hero|Knock Off|p2a: Deoxys
|-supereffective|p2a: Deoxys
|-damage|p2a: Deoxys|1/100
|-enditem|p2a: Deoxys|Focus Sash|[from] move: Knock Off|[of] p1a: Hero
|
|upkeep
|turn|5
|
|t:|1759010866
|move|p2a: Deoxys|Taunt|p1a: Hero
|-start|p1a: Hero|move: Taunt
|move|p1a: Hero|Rapid Spin|p2a: Deoxys
|-damage|p2a: Deoxys|0 fnt
|-boost|p1a: Hero|spe|1
|-sideend|p1: victory 4 u|Stealth Rock|[from] move: Rapid Spin|[of] p1a: Hero
|faint|p2a: Deoxys
|
|upkeep
|
|t:|1759010878
|switch|p2a: Pincurchin|Pincurchin, F|100/100
|-fieldstart|move: Electric Terrain|[from] ability: Electric Surge|[of] p2a: Pincurchin
|turn|6
|
|t:|1759010888
|switch|p1a: Pls|Ting-Lu|100/100
|-ability|p1a: Pls|Vessel of Ruin
|move|p2a: Pincurchin|Liquidation|p1a: Pls
|-supereffective|p1a: Pls
|-damage|p1a: Pls|76/100
|
|upkeep
|turn|7
|
|t:|1759010905
|move|p1a: Pls|Stealth Rock|p2a: Pincurchin
|-sidestart|p2: hbbnhgf|move: Stealth Rock
|move|p2a: Pincurchin|Liquidation|p1a: Pls
|-supereffective|p1a: Pls
|-damage|p1a: Pls|49/100
|
|upkeep
|turn|8
|
|t:|1759010922
|switch|p1a: Hero|Tentacruel, F|100/100
|move|p2a: Pincurchin|Liquidation|p1a: Hero
|-resisted|p1a: Hero
|-crit|p1a: Hero
|-damage|p1a: Hero|76/100
|
|-heal|p1a: Hero|82/100|[from] item: Leftovers
|upkeep
|turn|9
|
|t:|1759010932
|move|p1a: Hero|Surf|p2a: Pincurchin
|-damage|p2a: Pincurchin|64/100
|move|p2a: Pincurchin|Wild Charge|p1a: Hero
|-supereffective|p1a: Hero
|-damage|p1a: Hero|0 fnt
|faint|p1a: Hero
|-damage|p2a: Pincurchin|40/100|[from] Recoil
|
|upkeep
|inactive|Battle timer is ON: inactive players will automatically lose when time's up. (requested by hbbnhgf)
|
|t:|1759010983
|switch|p1a: Lostelle|Ogerpon, F|100/100
|turn|10
|
|t:|1759010996
|switch|p2a: Dragonite|Dragonite, M|100/100
|-damage|p2a: Dragonite|76/100|[from] Stealth Rock
|move|p1a: Lostelle|Spikes|p2a: Dragonite
|-sidestart|p2: hbbnhgf|Spikes
|
|upkeep
|turn|11
|
|t:|1759011009
|switch|p1a: Pls|Ting-Lu|49/100
|-ability|p1a: Pls|Vessel of Ruin
|move|p2a: Dragonite|Ice Spinner|p1a: Pls
|-supereffective|p1a: Pls
|-damage|p1a: Pls|7/100
|-fieldend|move: Electric Terrain
|
|upkeep
|turn|12
|
|t:|1759011017
|move|p2a: Dragonite|Ice Spinner|p1a: Pls
|-supereffective|p1a: Pls
|-damage|p1a: Pls|0 fnt
|faint|p1a: Pls
|
|upkeep
|
|t:|1759011029
|switch|p1a: Lostelle II|Typhlosion, F|100/100
|turn|13
|
|t:|1759011039
|switch|p2a: Pincurchin|Pincurchin, F|40/100
|-damage|p2a: Pincurchin|27/100|[from] Stealth Rock
|-damage|p2a: Pincurchin|15/100|[from] Spikes
|-fieldstart|move: Electric Terrain|[from] ability: Electric Surge|[of] p2a: Pincurchin
|move|p1a: Lostelle II|Will-O-Wisp|p2a: Pincurchin
|-status|p2a: Pincurchin|brn
|
|-damage|p2a: Pincurchin|9/100 brn|[from] brn
|upkeep
|turn|14
|
|t:|1759011052
|switch|p1a: Help|Meowstic, M|100/100
|move|p2a: Pincurchin|Memento|p1a: Help
|-unboost|p1a: Help|atk|2
|-unboost|p1a: Help|spa|2
|faint|p2a: Pincurchin
|
|upkeep
|
|t:|1759011060
|switch|p2a: Iron Moth|Iron Moth|100/100
|-damage|p2a: Iron Moth|76/100|[from] Stealth Rock
|-damage|p2a: Iron Moth|63/100|[from] Spikes
|-activate|p2a: Iron Moth|ability: Quark Drive
|-start|p2a: Iron Moth|quarkdrivespe
|turn|15
|
|t:|1759011069
|-terastallize|p2a: Iron Moth|Rock
|move|p1a: Help|Thunder Wave|p2a: Iron Moth
|-status|p2a: Iron Moth|par
|move|p2a: Iron Moth|Meteor Beam||[still]
|-prepare|p2a: Iron Moth|Meteor Beam
|-boost|p2a: Iron Moth|spa|1
|-enditem|p2a: Iron Moth|Power Herb
|-anim|p2a: Iron Moth|Meteor Beam|p1a: Help
|-damage|p1a: Help|0 fnt
|faint|p1a: Help
|
|upkeep
|
|t:|1759011087
|switch|p1a: Lostelle|Ogerpon, F|100/100
|turn|16
|inactive|hbbnhgf has 120 seconds left.
|
|t:|1759011118
|-terastallize|p1a: Lostelle|Grass
|detailschange|p1a: Lostelle|Ogerpon-Teal-Tera, F, tera:Grass
|-ability|p1a: Lostelle|Embody Aspect (Teal)|boost
|-boost|p1a: Lostelle|spe|1
|move|p1a: Lostelle|Ivy Cudgel|p2a: Iron Moth
|-supereffective|p2a: Iron Moth
|-damage|p2a: Iron Moth|0 fnt
|faint|p2a: Iron Moth
|-end|p2a: Iron Moth|Quark Drive|[silent]
|
|upkeep
|inactive|hbbnhgf has 120 seconds left.
|
|t:|1759011130
|switch|p2a: Dragonite|Dragonite, M|76/100
|-damage|p2a: Dragonite|51/100|[from] Stealth Rock
|turn|17
|
|t:|1759011138
|move|p2a: Dragonite|Extreme Speed|p1a: Lostelle
|-damage|p1a: Lostelle|49/100
|move|p1a: Lostelle|Ivy Cudgel|p2a: Dragonite
|-resisted|p2a: Dragonite
|-crit|p2a: Dragonite
|-damage|p2a: Dragonite|17/100
|
|upkeep
|turn|18
|
|t:|1759011147
|move|p2a: Dragonite|Extreme Speed|p1a: Lostelle
|-damage|p1a: Lostelle|2/100
|move|p1a: Lostelle|Ivy Cudgel|p2a: Dragonite
|-resisted|p2a: Dragonite
|-damage|p2a: Dragonite|0 fnt
|faint|p2a: Dragonite
|
|upkeep
|
|t:|1759011159
|switch|p2a: Kingambit|Kingambit, F|100/100
|-damage|p2a: Kingambit|94/100|[from] Stealth Rock
|-damage|p2a: Kingambit|82/100|[from] Spikes
|-activate|p2a: Kingambit|ability: Supreme Overlord
|-start|p2a: Kingambit|fallen4|[silent]
|turn|19
|
|t:|1759011166
|move|p2a: Kingambit|Sucker Punch|p1a: Lostelle
|-damage|p1a: Lostelle|0 fnt
|faint|p1a: Lostelle
|detailschange|p1: Lostelle|Ogerpon, F|[silent]
|
|-heal|p2a: Kingambit|88/100|[from] item: Leftovers
|upkeep
|
|t:|1759011171
|switch|p1a: Lostelle II|Typhlosion, F|100/100
|turn|20
|
|t:|1759011176
|move|p2a: Kingambit|Sucker Punch|p1a: Lostelle II
|-damage|p1a: Lostelle II|30/100
|move|p1a: Lostelle II|Flamethrower|p2a: Kingambit
|-supereffective|p2a: Kingambit
|-crit|p2a: Kingambit
|-damage|p2a: Kingambit|0 fnt
|faint|p2a: Kingambit
|-end|p2a: Kingambit|fallen4|[silent]
|
|-fieldend|move: Electric Terrain
|upkeep
|-message|hbbnhgf forfeited.
|
|win|victory 4 u
|raw|victory 4 u's rating: 1070 &rarr; <strong>1096</strong><br />(+26 for winning)
|raw|hbbnhgf's rating: 1025 &rarr; <strong>1013</strong><br />(-12 for losing)
|l|☆hbbnhgf
|player|p2|
|c|☆victory 4 u|gg
