|badge|p1|bronze|gen9ou|100-6
|badge|p1|silver|gen9ru|30-6
|badge|p1|silver|gen9uu|30-6
|html|<div class="broadcast-red"><strong>This battle is required to be public due to one or more player having a season medal.</strong><br />During the public phase, you can discuss the state of the ladder <a href="/seasondiscussion">in a special chatroom.</a></div>
|uhtml|medal-msg|<div class="broadcast-blue">Curious what those medals under the avatar are? PS now has Ladder Seasons! For more information, check out the <a href="https://www.smogon.com/forums/threads/3740067/">thread on Smogon.</a></div>
|badge|p2|silver|gen9ou|30-6
|uhtml|medal-msg|<div class="broadcast-blue">Curious what those medals under the avatar are? PS now has Ladder Seasons! For more information, check out the <a href="https://www.smogon.com/forums/threads/3740067/">thread on Smogon.</a></div>
|raw|<div class="broadcast-blue"><strong>This battle is required to be public due to a player having a name starting with 'medal'.</div>
|j|☆Sirpeanutcronch
|j|☆ho3nconfirm3d
|t:|1759076185
|gametype|singles
|player|p1|Sirpeanutcronch|#wcop2025africa|1905
|player|p2|ho3nconfirm3d|#scl5shoguns|1966
|gen|9
|tier|[Gen 9] OU
|rated|
|rule|HP Percentage Mod: HP is shown in percentages
|rule|Endless Battle Clause: Forcing endless battles is banned
|rule|Species Clause: Limit one of each Pokémon
|rule|OHKO Clause: OHKO moves are banned
|rule|Evasion Items Clause: Evasion items are banned
|rule|Evasion Moves Clause: Evasion moves are banned
|rule|Evasion Abilities Clause: Evasion abilities are banned
|rule|Sleep Moves Clause: Sleep-inducing moves are banned
|clearpoke
|poke|p1|Primarina, M|
|poke|p1|Corviknight, F|
|poke|p1|Ogerpon, F|
|poke|p1|Ting-Lu|
|poke|p1|Cinderace, F|
|poke|p1|Pecharunt|
|poke|p2|Dondozo, M|
|poke|p2|Corviknight, F|
|poke|p2|Slowking-Galar, F|
|poke|p2|Great Tusk|
|poke|p2|Dragapult, M|
|poke|p2|Kingambit, M|
|teampreview
|j| IM AT MY LIMIT!
|j| LT121GU 300
|j| cynasaurus
|
|t:|1759076200
|teamsize|p1|6
|teamsize|p2|6
|start
|switch|p1a: Ting-Lu|Ting-Lu|100/100
|switch|p2a: Dragapult|Dragapult, M|100/100
|-ability|p1a: Ting-Lu|Vessel of Ruin
|turn|1
|inactive|Battle timer is ON: inactive players will automatically lose when time's up. (requested by ho3nconfirm3d)
|
|t:|1759076204
|move|p2a: Dragapult|Will-O-Wisp|p1a: Ting-Lu
|-status|p1a: Ting-Lu|brn
|move|p1a: Ting-Lu|Payback|p2a: Dragapult
|-supereffective|p2a: Dragapult
|-damage|p2a: Dragapult|50/100
|
|-damage|p1a: Ting-Lu|94/100 brn|[from] brn
|upkeep
|turn|2
|
|t:|1759076208
|switch|p2a: Corviknight|Corviknight, F|100/100
|-ability|p2a: Corviknight|Pressure
|move|p1a: Ting-Lu|Payback|p2a: Corviknight
|-damage|p2a: Corviknight|94/100
|-damage|p1a: Ting-Lu|78/100 brn|[from] item: Rocky Helmet|[of] p2a: Corviknight
|
|-heal|p1a: Ting-Lu|84/100 brn|[from] item: Leftovers
|-damage|p1a: Ting-Lu|78/100 brn|[from] brn
|upkeep
|turn|3
|j| catarina valentine
|
|t:|1759076212
|switch|p2a: Great Tusk|Great Tusk|100/100
|switch|p1a: Corviknight|Corviknight, F|100/100
|-ability|p1a: Corviknight|Pressure
|
|upkeep
|turn|4
|
|t:|1759076217
|-end|p2a: Great Tusk|Protosynthesis|[silent]
|switch|p2a: Corviknight|Corviknight, F|94/100
|-ability|p2a: Corviknight|Pressure
|move|p1a: Corviknight|Iron Defense|p1a: Corviknight
|-boost|p1a: Corviknight|def|2
|
|upkeep
|turn|5
|
|t:|1759076220
|switch|p2a: Slowking|Slowking-Galar, F|100/100
|move|p1a: Corviknight|Body Press|p2a: Slowking
|-resisted|p2a: Slowking
|-damage|p2a: Slowking|87/100
|
|upkeep
|turn|6
|
|t:|1759076224
|switch|p1a: Ting-Lu|Ting-Lu|78/100 brn
|-ability|p1a: Ting-Lu|Vessel of Ruin
|move|p2a: Slowking|Ice Beam|p1a: Ting-Lu
|-supereffective|p1a: Ting-Lu
|-damage|p1a: Ting-Lu|55/100 brn
|
|-heal|p1a: Ting-Lu|61/100 brn|[from] item: Leftovers
|-damage|p1a: Ting-Lu|55/100 brn|[from] brn
|upkeep
|turn|7
|
|t:|1759076229
|switch|p2a: Dondozo|Dondozo, M|100/100
|move|p1a: Ting-Lu|Rest|p1a: Ting-Lu
|-status|p1a: Ting-Lu|slp|[from] move: Rest
|-heal|p1a: Ting-Lu|100/100 slp|[silent]
|
|upkeep
|turn|8
|
|t:|1759076232
|switch|p1a: Primarina|Primarina, M|100/100
|move|p2a: Dondozo|Curse|p2a: Dondozo
|-unboost|p2a: Dondozo|spe|1
|-boost|p2a: Dondozo|atk|1
|-boost|p2a: Dondozo|def|1
|
|upkeep
|turn|9
|l| catarina valentine
|j| tiochicodobos
|inactive|ho3nconfirm3d has 120 seconds left.
|l|☆ho3nconfirm3d
|inactive|ho3nconfirm3d disconnected and has a minute to reconnect!
|player|p2|
|j|☆ho3nconfirm3d
|inactive|ho3nconfirm3d reconnected and has 90 seconds left.
|player|p2|ho3nconfirm3d|#scl5shoguns|
|
|t:|1759076296
|move|p1a: Primarina|Moonblast|p2a: Dondozo
|-damage|p2a: Dondozo|72/100
|move|p2a: Dondozo|Earthquake|p1a: Primarina
|-damage|p1a: Primarina|55/100
|
|-heal|p2a: Dondozo|78/100|[from] item: Leftovers
|upkeep
|turn|10
|
|t:|1759076303
|move|p1a: Primarina|Flip Turn|p2a: Dondozo
|-resisted|p2a: Dondozo
|-damage|p2a: Dondozo|75/100
|
|t:|1759076304
|switch|p1a: Ogerpon|Ogerpon, F|100/100|[from] Flip Turn
|move|p2a: Dondozo|Earthquake|p1a: Ogerpon
|-resisted|p1a: Ogerpon
|-damage|p1a: Ogerpon|77/100
|
|-heal|p2a: Dondozo|81/100|[from] item: Leftovers
|upkeep
|turn|11
|
|t:|1759076309
|move|p2a: Dondozo|Protect|p2a: Dondozo
|-singleturn|p2a: Dondozo|Protect
|move|p1a: Ogerpon|Knock Off|p2a: Dondozo
|-activate|p2a: Dondozo|move: Protect
|
|-heal|p2a: Dondozo|87/100|[from] item: Leftovers
|upkeep
|turn|12
|
|t:|1759076315
|switch|p2a: Corviknight|Corviknight, F|94/100
|-ability|p2a: Corviknight|Pressure
|move|p1a: Ogerpon|Encore||[still]
|-fail|p1a: Ogerpon
|
|upkeep
|turn|13
|inactive|ho3nconfirm3d has 120 seconds left.
|
|t:|1759076325
|switch|p1a: Corviknight|Corviknight, F|100/100
|-ability|p1a: Corviknight|Pressure
|move|p2a: Corviknight|Brave Bird|p1a: Corviknight
|-resisted|p1a: Corviknight
|-damage|p1a: Corviknight|89/100
|-damage|p2a: Corviknight|78/100|[from] item: Rocky Helmet|[of] p1a: Corviknight
|-damage|p2a: Corviknight|74/100|[from] Recoil
|
|upkeep
|turn|14
|
|t:|1759076334
|switch|p2a: Dondozo|Dondozo, M|87/100
|move|p1a: Corviknight|Iron Defense|p1a: Corviknight
|-boost|p1a: Corviknight|def|2
|
|-heal|p2a: Dondozo|94/100|[from] item: Leftovers
|upkeep
|turn|15
|
|t:|1759076340
|switch|p1a: Ogerpon|Ogerpon, F|77/100
|move|p2a: Dondozo|Curse|p2a: Dondozo
|-unboost|p2a: Dondozo|spe|1
|-boost|p2a: Dondozo|atk|1
|-boost|p2a: Dondozo|def|1
|
|-heal|p2a: Dondozo|99/100|[from] item: Leftovers
|upkeep
|turn|16
|
|t:|1759076345
|switch|p2a: Corviknight|Corviknight, F|74/100
|-ability|p2a: Corviknight|Pressure
|move|p1a: Ogerpon|Encore||[still]
|-fail|p1a: Ogerpon
|
|upkeep
|turn|17
|
|t:|1759076350
|switch|p1a: Corviknight|Corviknight, F|89/100
|-ability|p1a: Corviknight|Pressure
|move|p2a: Corviknight|Body Press|p1a: Corviknight
|-damage|p1a: Corviknight|74/100
|-damage|p2a: Corviknight|58/100|[from] item: Rocky Helmet|[of] p1a: Corviknight
|
|upkeep
|turn|18
|j| Nikator98
|j| CloudyEJ
|
|t:|1759076363
|switch|p1a: Cinderace|Cinderace, F|100/100
|switch|p2a: Dondozo|Dondozo, M|99/100
|
|-heal|p2a: Dondozo|100/100|[from] item: Leftovers
|upkeep
|turn|19
|l| Nikator98
|
|t:|1759076369
|switch|p1a: Ogerpon|Ogerpon, F|77/100
|move|p2a: Dondozo|Wave Crash|p1a: Ogerpon
|-resisted|p1a: Ogerpon
|-damage|p1a: Ogerpon|46/100
|-damage|p2a: Dondozo|94/100|[from] Recoil
|
|-heal|p2a: Dondozo|100/100|[from] item: Leftovers
|upkeep
|turn|20
|j| IMMAAXX
|
|t:|1759076375
|switch|p2a: Corviknight|Corviknight, F|58/100
|-ability|p2a: Corviknight|Pressure
|move|p1a: Ogerpon|Knock Off|p2a: Corviknight
|-damage|p2a: Corviknight|39/100
|-damage|p1a: Ogerpon|29/100|[from] item: Rocky Helmet|[of] p2a: Corviknight
|-enditem|p2a: Corviknight|Rocky Helmet|[from] move: Knock Off|[of] p1a: Ogerpon
|
|upkeep
|turn|21
|
|t:|1759076381
|move|p1a: Ogerpon|Knock Off|p2a: Corviknight
|-damage|p2a: Corviknight|26/100
|move|p2a: Corviknight|Roost|p2a: Corviknight
|-heal|p2a: Corviknight|76/100
|-singleturn|p2a: Corviknight|move: Roost
|
|upkeep
|turn|22
|
|t:|1759076388
|switch|p2a: Dondozo|Dondozo, M|100/100
|move|p1a: Ogerpon|U-turn|p2a: Dondozo
|-damage|p2a: Dondozo|88/100
|
|t:|1759076394
|switch|p1a: Pecharunt|Pecharunt|100/100|[from] U-turn
|
|-heal|p2a: Dondozo|94/100|[from] item: Leftovers
|upkeep
|turn|23
|
|t:|1759076398
|move|p2a: Dondozo|Protect|p2a: Dondozo
|-singleturn|p2a: Dondozo|Protect
|move|p1a: Pecharunt|Shadow Ball|p2a: Dondozo
|-activate|p2a: Dondozo|move: Protect
|
|-heal|p2a: Dondozo|99/100|[from] item: Leftovers
|upkeep
|turn|24
|l| cynasaurus
|
|t:|1759076401
|switch|p2a: Slowking|Slowking-Galar, F|100/100
|move|p1a: Pecharunt|Parting Shot|p2a: Slowking
|-unboost|p2a: Slowking|atk|1
|-unboost|p2a: Slowking|spa|1
|
|t:|1759076404
|switch|p1a: Cinderace|Cinderace, F|100/100|[from] Parting Shot
|
|upkeep
|turn|25
|
|t:|1759076424
|move|p1a: Cinderace|Pyro Ball|p2a: Slowking
|-damage|p2a: Slowking|19/100
|move|p2a: Slowking|Sludge Bomb|p1a: Cinderace
|-damage|p1a: Cinderace|62/100
|
|upkeep
|turn|26
|j| tapu moxo
|
|t:|1759076431
|switch|p1a: Ogerpon|Ogerpon, F|29/100
|switch|p2a: Dondozo|Dondozo, M|99/100
|
|-heal|p2a: Dondozo|100/100|[from] item: Leftovers
|upkeep
|turn|27
|
|t:|1759076436
|switch|p2a: Corviknight|Corviknight, F|76/100
|-ability|p2a: Corviknight|Pressure
|move|p1a: Ogerpon|Ivy Cudgel|p2a: Corviknight
|-resisted|p2a: Corviknight
|-damage|p2a: Corviknight|68/100
|
|upkeep
|turn|28
|l| tapu moxo
|
|t:|1759076442
|move|p1a: Ogerpon|U-turn|p2a: Corviknight
|-resisted|p2a: Corviknight
|-damage|p2a: Corviknight|65/100
|
|t:|1759076447
|switch|p1a: Cinderace|Cinderace, F|62/100|[from] U-turn
|move|p2a: Corviknight|Roost|p2a: Corviknight
|-heal|p2a: Corviknight|100/100
|-singleturn|p2a: Corviknight|move: Roost
|
|upkeep
|turn|29
|j| 21stCenturyB0y
|
|t:|1759076452
|move|p1a: Cinderace|Pyro Ball|p2a: Corviknight
|-supereffective|p2a: Corviknight
|-damage|p2a: Corviknight|0 fnt
|faint|p2a: Corviknight
|
|upkeep
|
|t:|1759076454
|switch|p2a: Dondozo|Dondozo, M|100/100
|turn|30
|
|t:|1759076458
|switch|p1a: Corviknight|Corviknight, F|74/100
|-ability|p1a: Corviknight|Pressure
|move|p2a: Dondozo|Curse|p2a: Dondozo
|-unboost|p2a: Dondozo|spe|1
|-boost|p2a: Dondozo|atk|1
|-boost|p2a: Dondozo|def|1
|
|upkeep
|turn|31
|
|t:|1759076462
|move|p1a: Corviknight|Roost|p1a: Corviknight
|-heal|p1a: Corviknight|100/100
|-singleturn|p1a: Corviknight|move: Roost
|move|p2a: Dondozo|Wave Crash|p1a: Corviknight
|-damage|p1a: Corviknight|62/100
|-damage|p2a: Dondozo|84/100|[from] item: Rocky Helmet|[of] p1a: Corviknight
|-damage|p2a: Dondozo|74/100|[from] Recoil
|
|-heal|p2a: Dondozo|80/100|[from] item: Leftovers
|upkeep
|turn|32
|
|t:|1759076466
|switch|p1a: Pecharunt|Pecharunt|100/100
|move|p2a: Dondozo|Curse|p2a: Dondozo
|-unboost|p2a: Dondozo|spe|1
|-boost|p2a: Dondozo|atk|1
|-boost|p2a: Dondozo|def|1
|
|-heal|p2a: Dondozo|86/100|[from] item: Leftovers
|upkeep
|turn|33
|
|t:|1759076471
|move|p2a: Dondozo|Protect|p2a: Dondozo
|-singleturn|p2a: Dondozo|Protect
|move|p1a: Pecharunt|Malignant Chain|p2a: Dondozo
|-activate|p2a: Dondozo|move: Protect
|
|-heal|p2a: Dondozo|92/100|[from] item: Leftovers
|upkeep
|turn|34
|
|t:|1759076474
|move|p1a: Pecharunt|Malignant Chain|p2a: Dondozo
|-damage|p2a: Dondozo|71/100
|-status|p2a: Dondozo|tox
|-start|p2a: Dondozo|confusion|[from] ability: Poison Puppeteer|[of] p1a: Pecharunt
|-activate|p2a: Dondozo|confusion
|move|p2a: Dondozo|Earthquake|p1a: Pecharunt
|-supereffective|p1a: Pecharunt
|-damage|p1a: Pecharunt|56/100
|
|-heal|p2a: Dondozo|77/100 tox|[from] item: Leftovers
|-damage|p2a: Dondozo|71/100 tox|[from] psn
|upkeep
|turn|35
|
|t:|1759076479
|switch|p2a: Great Tusk|Great Tusk|100/100
|move|p1a: Pecharunt|Recover|p1a: Pecharunt
|-heal|p1a: Pecharunt|100/100
|
|upkeep
|turn|36
|
|t:|1759076481
|switch|p1a: Corviknight|Corviknight, F|62/100
|-ability|p1a: Corviknight|Pressure
|move|p2a: Great Tusk|Stealth Rock|p1a: Corviknight
|-sidestart|p1: Sirpeanutcronch|move: Stealth Rock
|
|upkeep
|turn|37
|
|t:|1759076485
|move|p2a: Great Tusk|Knock Off|p1a: Corviknight
|-damage|p1a: Corviknight|44/100
|-damage|p2a: Great Tusk|84/100|[from] item: Rocky Helmet|[of] p1a: Corviknight
|-enditem|p1a: Corviknight|Rocky Helmet|[from] move: Knock Off|[of] p2a: Great Tusk
|move|p1a: Corviknight|Defog|p2a: Great Tusk
|-unboost|p2a: Great Tusk|evasion|1
|-sideend|p1: Sirpeanutcronch|Stealth Rock|[from] move: Defog|[of] p1a: Corviknight
|
|upkeep
|turn|38
|
|t:|1759076488
|move|p2a: Great Tusk|Stealth Rock|p1a: Corviknight
|-sidestart|p1: Sirpeanutcronch|move: Stealth Rock
|move|p1a: Corviknight|Roost|p1a: Corviknight
|-heal|p1a: Corviknight|94/100
|-singleturn|p1a: Corviknight|move: Roost
|
|upkeep
|turn|39
|
|t:|1759076490
|-end|p2a: Great Tusk|Protosynthesis|[silent]
|switch|p2a: Dragapult|Dragapult, M|50/100
|move|p1a: Corviknight|Defog|p2a: Dragapult
|-fail|p2a: Dragapult|unboost|[from] ability: Clear Body|[of] p2a: Dragapult
|-sideend|p1: Sirpeanutcronch|Stealth Rock|[from] move: Defog|[of] p1a: Corviknight
|
|upkeep
|turn|40
|
|t:|1759076499
|switch|p1a: Ting-Lu|Ting-Lu|100/100 slp
|-ability|p1a: Ting-Lu|Vessel of Ruin
|move|p2a: Dragapult|Dragon Darts|p1a: Ting-Lu
|-damage|p1a: Ting-Lu|88/100 slp
|-anim|p2a: Dragapult|Dragon Darts|p1a: Ting-Lu
|-damage|p1a: Ting-Lu|74/100 slp
|
|-heal|p1a: Ting-Lu|80/100 slp|[from] item: Leftovers
|upkeep
|turn|41
|
|t:|1759076507
|switch|p2a: Great Tusk|Great Tusk|84/100
|cant|p1a: Ting-Lu|slp
|move|p1a: Ting-Lu|Sleep Talk|p1a: Ting-Lu
|move|p1a: Ting-Lu|Earthquake|p2a: Great Tusk|[from] move: Sleep Talk
|-damage|p2a: Great Tusk|58/100
|
|-heal|p1a: Ting-Lu|86/100 slp|[from] item: Leftovers
|upkeep
|turn|42
|
|t:|1759076512
|switch|p1a: Corviknight|Corviknight, F|94/100
|-ability|p1a: Corviknight|Pressure
|move|p2a: Great Tusk|Stealth Rock|p1a: Corviknight
|-sidestart|p1: Sirpeanutcronch|move: Stealth Rock
|
|upkeep
|turn|43
|
|t:|1759076519
|-end|p2a: Great Tusk|Protosynthesis|[silent]
|switch|p2a: Slowking|Slowking-Galar, F|52/100
|move|p1a: Corviknight|Defog|p2a: Slowking
|-unboost|p2a: Slowking|evasion|1
|-sideend|p1: Sirpeanutcronch|Stealth Rock|[from] move: Defog|[of] p1a: Corviknight
|
|upkeep
|turn|44
|j| wgw2333
|
|t:|1759076523
|switch|p1a: Ting-Lu|Ting-Lu|86/100 slp
|-ability|p1a: Ting-Lu|Vessel of Ruin
|switch|p2a: Great Tusk|Great Tusk|58/100
|
|-heal|p1a: Ting-Lu|93/100 slp|[from] item: Leftovers
|upkeep
|turn|45
|j| dsvdv
|
|t:|1759076528
|-end|p2a: Great Tusk|Protosynthesis|[silent]
|switch|p2a: Slowking|Slowking-Galar, F|85/100
|switch|p1a: Corviknight|Corviknight, F|94/100
|-ability|p1a: Corviknight|Pressure
|
|upkeep
|turn|46
|j| AbrarS
|
|t:|1759076532
|switch|p1a: Ting-Lu|Ting-Lu|93/100 slp
|-ability|p1a: Ting-Lu|Vessel of Ruin
|move|p2a: Slowking|Ice Beam|p1a: Ting-Lu
|-supereffective|p1a: Ting-Lu
|-crit|p1a: Ting-Lu
|-damage|p1a: Ting-Lu|56/100 slp
|
|-heal|p1a: Ting-Lu|62/100 slp|[from] item: Leftovers
|upkeep
|turn|47
|
|t:|1759076537
|cant|p1a: Ting-Lu|slp
|move|p1a: Ting-Lu|Sleep Talk|p1a: Ting-Lu
|move|p1a: Ting-Lu|Rest||[from] move: Sleep Talk|[still]
|-fail|p1a: Ting-Lu
|move|p2a: Slowking|Ice Beam|p1a: Ting-Lu
|-supereffective|p1a: Ting-Lu
|-damage|p1a: Ting-Lu|39/100 slp
|
|-heal|p1a: Ting-Lu|45/100 slp|[from] item: Leftovers
|upkeep
|turn|48
|
|t:|1759076544
|switch|p2a: Kingambit|Kingambit, M|100/100
|-activate|p2a: Kingambit|ability: Supreme Overlord
|-start|p2a: Kingambit|fallen1|[silent]
|-item|p2a: Kingambit|Air Balloon
|-curestatus|p1a: Ting-Lu|slp|[msg]
|move|p1a: Ting-Lu|Earthquake|p2a: Kingambit
|-immune|p2a: Kingambit
|
|-heal|p1a: Ting-Lu|51/100|[from] item: Leftovers
|upkeep
|turn|49
|
|t:|1759076551
|switch|p1a: Corviknight|Corviknight, F|94/100
|-ability|p1a: Corviknight|Pressure
|move|p2a: Kingambit|Swords Dance|p2a: Kingambit
|-boost|p2a: Kingambit|atk|2
|
|upkeep
|turn|50
|
|t:|1759076554
|move|p2a: Kingambit|Kowtow Cleave|p1a: Corviknight
|-crit|p1a: Corviknight
|-damage|p1a: Corviknight|0 fnt
|faint|p1a: Corviknight
|
|upkeep
|
|t:|1759076572
|switch|p1a: Ogerpon|Ogerpon, F|29/100
|turn|51
|
|t:|1759076579
|-end|p2a: Kingambit|fallen1|[silent]
|switch|p2a: Slowking|Slowking-Galar, F|100/100
|move|p1a: Ogerpon|Encore||[still]
|-fail|p1a: Ogerpon
|
|upkeep
|turn|52
|
|t:|1759076594
|move|p1a: Ogerpon|U-turn|p2a: Slowking
|-damage|p2a: Slowking|75/100
|
|t:|1759076596
|switch|p1a: Ting-Lu|Ting-Lu|51/100|[from] U-turn
|-ability|p1a: Ting-Lu|Vessel of Ruin
|move|p2a: Slowking|Ice Beam|p1a: Ting-Lu
|-supereffective|p1a: Ting-Lu
|-damage|p1a: Ting-Lu|29/100
|
|-heal|p1a: Ting-Lu|36/100|[from] item: Leftovers
|upkeep
|turn|53
|j| cynasaurus
|
|t:|1759076604
|switch|p2a: Great Tusk|Great Tusk|58/100
|move|p1a: Ting-Lu|Payback|p2a: Great Tusk
|-resisted|p2a: Great Tusk
|-damage|p2a: Great Tusk|51/100
|
|-heal|p1a: Ting-Lu|42/100|[from] item: Leftovers
|upkeep
|turn|54
|
|t:|1759076607
|move|p2a: Great Tusk|Stealth Rock|p1a: Ting-Lu
|-sidestart|p1: Sirpeanutcronch|move: Stealth Rock
|move|p1a: Ting-Lu|Rest|p1a: Ting-Lu
|-status|p1a: Ting-Lu|slp|[from] move: Rest
|-heal|p1a: Ting-Lu|100/100 slp|[silent]
|
|upkeep
|turn|55
|
|t:|1759076615
|move|p2a: Great Tusk|Knock Off|p1a: Ting-Lu
|-resisted|p1a: Ting-Lu
|-damage|p1a: Ting-Lu|92/100 slp
|-enditem|p1a: Ting-Lu|Leftovers|[from] move: Knock Off|[of] p2a: Great Tusk
|cant|p1a: Ting-Lu|slp
|move|p1a: Ting-Lu|Sleep Talk|p1a: Ting-Lu
|move|p1a: Ting-Lu|Payback|p2a: Great Tusk|[from] move: Sleep Talk
|-resisted|p2a: Great Tusk
|-damage|p2a: Great Tusk|37/100
|
|upkeep
|turn|56
|
|t:|1759076618
|move|p2a: Great Tusk|Headlong Rush|p1a: Ting-Lu
|-damage|p1a: Ting-Lu|55/100 slp
|-unboost|p2a: Great Tusk|def|1
|-unboost|p2a: Great Tusk|spd|1
|cant|p1a: Ting-Lu|slp
|move|p1a: Ting-Lu|Sleep Talk|p1a: Ting-Lu
|move|p1a: Ting-Lu|Rest||[from] move: Sleep Talk|[still]
|-fail|p1a: Ting-Lu
|
|upkeep
|turn|57
|
|t:|1759076621
|-end|p2a: Great Tusk|Protosynthesis|[silent]
|switch|p2a: Dondozo|Dondozo, M|71/100 tox
|-curestatus|p1a: Ting-Lu|slp|[msg]
|move|p1a: Ting-Lu|Rest|p1a: Ting-Lu
|-status|p1a: Ting-Lu|slp|[from] move: Rest
|-heal|p1a: Ting-Lu|100/100 slp|[silent]
|
|-heal|p2a: Dondozo|77/100 tox|[from] item: Leftovers
|-damage|p2a: Dondozo|71/100 tox|[from] psn
|upkeep
|turn|58
|
|t:|1759076624
|switch|p1a: Pecharunt|Pecharunt|100/100
|move|p2a: Dondozo|Wave Crash|p1a: Pecharunt
|-damage|p1a: Pecharunt|78/100
|-damage|p2a: Dondozo|65/100 tox|[from] Recoil
|
|-heal|p2a: Dondozo|72/100 tox|[from] item: Leftovers
|-damage|p2a: Dondozo|59/100 tox|[from] psn
|upkeep
|turn|59
|
|t:|1759076629
|switch|p2a: Slowking|Slowking-Galar, F|100/100
|move|p1a: Pecharunt|Parting Shot|p2a: Slowking
|-unboost|p2a: Slowking|atk|1
|-unboost|p2a: Slowking|spa|1
|
|t:|1759076630
|switch|p1a: Ting-Lu|Ting-Lu|100/100 slp|[from] Parting Shot
|-damage|p1a: Ting-Lu|94/100 slp|[from] Stealth Rock
|-ability|p1a: Ting-Lu|Vessel of Ruin
|
|upkeep
|turn|60
|
|t:|1759076636
|switch|p2a: Dondozo|Dondozo, M|59/100 tox
|cant|p1a: Ting-Lu|slp
|move|p1a: Ting-Lu|Sleep Talk|p1a: Ting-Lu
|move|p1a: Ting-Lu|Rest||[from] move: Sleep Talk|[still]
|-fail|p1a: Ting-Lu
|
|-heal|p2a: Dondozo|65/100 tox|[from] item: Leftovers
|-damage|p2a: Dondozo|59/100 tox|[from] psn
|upkeep
|turn|61
|
|t:|1759076640
|cant|p1a: Ting-Lu|slp
|move|p1a: Ting-Lu|Sleep Talk|p1a: Ting-Lu
|move|p1a: Ting-Lu|Rest||[from] move: Sleep Talk|[still]
|-fail|p1a: Ting-Lu
|move|p2a: Dondozo|Wave Crash|p1a: Ting-Lu
|-supereffective|p1a: Ting-Lu
|-damage|p1a: Ting-Lu|39/100 slp
|-damage|p2a: Dondozo|41/100 tox|[from] Recoil
|
|-heal|p2a: Dondozo|47/100 tox|[from] item: Leftovers
|-damage|p2a: Dondozo|35/100 tox|[from] psn
|upkeep
|turn|62
|
|t:|1759076655
|switch|p1a: Pecharunt|Pecharunt|78/100
|move|p2a: Dondozo|Wave Crash|p1a: Pecharunt
|-crit|p1a: Pecharunt
|-damage|p1a: Pecharunt|47/100
|-damage|p2a: Dondozo|27/100 tox|[from] Recoil
|
|-heal|p2a: Dondozo|33/100 tox|[from] item: Leftovers
|-damage|p2a: Dondozo|15/100 tox|[from] psn
|upkeep
|turn|63
|
|t:|1759076662
|switch|p2a: Kingambit|Kingambit, M|100/100
|-activate|p2a: Kingambit|ability: Supreme Overlord
|-start|p2a: Kingambit|fallen1|[silent]
|-item|p2a: Kingambit|Air Balloon
|move|p1a: Pecharunt|Recover|p1a: Pecharunt
|-heal|p1a: Pecharunt|97/100
|
|upkeep
|turn|64
|
|t:|1759076666
|move|p1a: Pecharunt|Parting Shot|p2a: Kingambit
|-unboost|p2a: Kingambit|atk|1
|-unboost|p2a: Kingambit|spa|1
|
|t:|1759076676
|switch|p1a: Primarina|Primarina, M|55/100|[from] Parting Shot
|-damage|p1a: Primarina|43/100|[from] Stealth Rock
|move|p2a: Kingambit|Kowtow Cleave|p1a: Primarina
|-resisted|p1a: Primarina
|-damage|p1a: Primarina|24/100
|
|upkeep
|turn|65
|
|t:|1759076681
|-end|p2a: Kingambit|fallen1|[silent]
|switch|p2a: Slowking|Slowking-Galar, F|100/100
|move|p1a: Primarina|Surf|p2a: Slowking
|-damage|p2a: Slowking|69/100
|
|upkeep
|turn|66
|
|t:|1759076686
|move|p1a: Primarina|Flip Turn|p2a: Slowking
|-damage|p2a: Slowking|48/100
|
|t:|1759076687
|switch|p1a: Ting-Lu|Ting-Lu|39/100 slp|[from] Flip Turn
|-damage|p1a: Ting-Lu|33/100 slp|[from] Stealth Rock
|-ability|p1a: Ting-Lu|Vessel of Ruin
|move|p2a: Slowking|Sludge Bomb|p1a: Ting-Lu
|-resisted|p1a: Ting-Lu
|-damage|p1a: Ting-Lu|24/100 slp
|
|upkeep
|turn|67
|
|t:|1759076693
|switch|p2a: Kingambit|Kingambit, M|100/100
|-activate|p2a: Kingambit|ability: Supreme Overlord
|-start|p2a: Kingambit|fallen1|[silent]
|-item|p2a: Kingambit|Air Balloon
|-curestatus|p1a: Ting-Lu|slp|[msg]
|move|p1a: Ting-Lu|Rest|p1a: Ting-Lu
|-status|p1a: Ting-Lu|slp|[from] move: Rest
|-heal|p1a: Ting-Lu|100/100 slp|[silent]
|
|upkeep
|turn|68
|
|t:|1759076699
|move|p2a: Kingambit|Swords Dance|p2a: Kingambit
|-boost|p2a: Kingambit|atk|2
|cant|p1a: Ting-Lu|slp
|move|p1a: Ting-Lu|Sleep Talk|p1a: Ting-Lu
|move|p1a: Ting-Lu|Payback|p2a: Kingambit|[from] move: Sleep Talk
|-resisted|p2a: Kingambit
|-damage|p2a: Kingambit|85/100
|-enditem|p2a: Kingambit|Air Balloon
|
|upkeep
|turn|69
|
|t:|1759076711
|switch|p1a: Primarina|Primarina, M|24/100
|-damage|p1a: Primarina|11/100|[from] Stealth Rock
|move|p2a: Kingambit|Iron Head|p1a: Primarina
|-damage|p1a: Primarina|0 fnt
|faint|p1a: Primarina
|
|upkeep
|
|t:|1759076713
|switch|p1a: Ogerpon|Ogerpon, F|29/100
|turn|70
|
|t:|1759076716
|move|p1a: Ogerpon|Encore|p2a: Kingambit
|-start|p2a: Kingambit|Encore
|move|p2a: Kingambit|Iron Head|p1a: Ogerpon
|-damage|p1a: Ogerpon|0 fnt
|faint|p1a: Ogerpon
|
|upkeep
|
|t:|1759076718
|switch|p1a: Cinderace|Cinderace, F|62/100
|-damage|p1a: Cinderace|37/100|[from] Stealth Rock
|turn|71
|
|t:|1759076726
|-end|p2a: Kingambit|fallen1|[silent]
|switch|p2a: Dondozo|Dondozo, M|15/100 tox
|move|p1a: Cinderace|Pyro Ball|p2a: Dondozo|[miss]
|-miss|p1a: Cinderace|p2a: Dondozo
|
|-heal|p2a: Dondozo|21/100 tox|[from] item: Leftovers
|-damage|p2a: Dondozo|15/100 tox|[from] psn
|upkeep
|turn|72
|
|t:|1759076730
|move|p1a: Cinderace|Pyro Ball|p2a: Dondozo
|-resisted|p2a: Dondozo
|-damage|p2a: Dondozo|0 fnt
|faint|p2a: Dondozo
|
|upkeep
|
|t:|1759076739
|switch|p2a: Dragapult|Dragapult, M|50/100
|turn|73
|
|t:|1759076745
|move|p2a: Dragapult|Dragon Darts|p1a: Cinderace
|-damage|p1a: Cinderace|0 fnt
|faint|p1a: Cinderace
|
|upkeep
|
|t:|1759076747
|switch|p1a: Ting-Lu|Ting-Lu|100/100 slp
|-damage|p1a: Ting-Lu|94/100 slp|[from] Stealth Rock
|-ability|p1a: Ting-Lu|Vessel of Ruin
|turn|74
|
|t:|1759076759
|switch|p2a: Great Tusk|Great Tusk|37/100
|cant|p1a: Ting-Lu|slp
|move|p1a: Ting-Lu|Sleep Talk|p1a: Ting-Lu
|move|p1a: Ting-Lu|Rest||[from] move: Sleep Talk|[still]
|-fail|p1a: Ting-Lu
|
|upkeep
|turn|75
|l| cynasaurus
|
|t:|1759076763
|move|p2a: Great Tusk|Headlong Rush|p1a: Ting-Lu
|-damage|p1a: Ting-Lu|58/100 slp
|-unboost|p2a: Great Tusk|def|1
|-unboost|p2a: Great Tusk|spd|1
|-curestatus|p1a: Ting-Lu|slp|[msg]
|move|p1a: Ting-Lu|Earthquake|p2a: Great Tusk
|-damage|p2a: Great Tusk|0 fnt
|faint|p2a: Great Tusk
|-end|p2a: Great Tusk|Protosynthesis|[silent]
|
|upkeep
|
|t:|1759076766
|switch|p2a: Kingambit|Kingambit, M|85/100
|-activate|p2a: Kingambit|ability: Supreme Overlord
|-start|p2a: Kingambit|fallen3|[silent]
|turn|76
|
|t:|1759076770
|switch|p1a: Pecharunt|Pecharunt|97/100
|-terastallize|p2a: Kingambit|Dark
|move|p2a: Kingambit|Swords Dance|p2a: Kingambit
|-boost|p2a: Kingambit|atk|2
|
|upkeep
|turn|77
|
|t:|1759076776
|-terastallize|p1a: Pecharunt|Grass
|move|p2a: Kingambit|Sucker Punch|p1a: Pecharunt
|-damage|p1a: Pecharunt|35/100
|move|p1a: Pecharunt|Malignant Chain|p2a: Kingambit
|-damage|p2a: Kingambit|49/100
|-status|p2a: Kingambit|tox
|-start|p2a: Kingambit|confusion|[from] ability: Poison Puppeteer|[of] p1a: Pecharunt
|
|-damage|p2a: Kingambit|42/100 tox|[from] psn
|upkeep
|turn|78
|
|t:|1759076781
|-end|p2a: Kingambit|fallen3|[silent]
|switch|p2a: Slowking|Slowking-Galar, F|81/100
|move|p1a: Pecharunt|Recover|p1a: Pecharunt
|-heal|p1a: Pecharunt|85/100
|
|upkeep
|turn|79
|l| IM AT MY LIMIT!
|inactive|ho3nconfirm3d has 120 seconds left.
|
|t:|1759076813
|switch|p2a: Dragapult|Dragapult, M|50/100
|move|p1a: Pecharunt|Parting Shot|p2a: Dragapult
|-fail|p2a: Dragapult|unboost|[from] ability: Clear Body|[of] p2a: Dragapult
|
|upkeep
|turn|80
|j| IM AT MY LIMIT!
|
|t:|1759076824
|move|p2a: Dragapult|Draco Meteor|p1a: Pecharunt
|-damage|p1a: Pecharunt|15/100
|-unboost|p2a: Dragapult|spa|2
|move|p1a: Pecharunt|Shadow Ball|p2a: Dragapult
|-supereffective|p2a: Dragapult
|-damage|p2a: Dragapult|0 fnt
|faint|p2a: Dragapult
|
|upkeep
|j| frssfb
|
|t:|1759076828
|switch|p2a: Slowking|Slowking-Galar, F|100/100
|turn|81
|
|t:|1759076841
|move|p1a: Pecharunt|Shadow Ball|p2a: Slowking
|-supereffective|p2a: Slowking
|-damage|p2a: Slowking|78/100
|-unboost|p2a: Slowking|spd|1
|move|p2a: Slowking|Ice Beam|p1a: Pecharunt
|-supereffective|p1a: Pecharunt
|-crit|p1a: Pecharunt
|-damage|p1a: Pecharunt|0 fnt
|faint|p1a: Pecharunt
|
|upkeep
|
|t:|1759076844
|switch|p1a: Ting-Lu|Ting-Lu|58/100
|-damage|p1a: Ting-Lu|51/100|[from] Stealth Rock
|-ability|p1a: Ting-Lu|Vessel of Ruin
|turn|82
|
|t:|1759076848
|move|p1a: Ting-Lu|Earthquake|p2a: Slowking
|-supereffective|p2a: Slowking
|-damage|p2a: Slowking|0 fnt
|faint|p2a: Slowking
|
|upkeep
|
|t:|1759076851
|switch|p2a: Kingambit|Kingambit, M, tera:Dark|42/100 tox
|-activate|p2a: Kingambit|ability: Supreme Overlord
|-start|p2a: Kingambit|fallen5|[silent]
|turn|83
|
|t:|1759076856
|move|p2a: Kingambit|Iron Head|p1a: Ting-Lu
|-damage|p1a: Ting-Lu|13/100
|cant|p1a: Ting-Lu|flinch
|
|-damage|p2a: Kingambit|36/100 tox|[from] psn
|upkeep
|turn|84
|c|☆Sirpeanutcronch|bruh
|l| IM AT MY LIMIT!
|
|t:|1759076866
|move|p2a: Kingambit|Iron Head|p1a: Ting-Lu
|-damage|p1a: Ting-Lu|0 fnt
|faint|p1a: Ting-Lu
|
|win|ho3nconfirm3d
|raw|Sirpeanutcronch's rating: 1905 &rarr; <strong>1888</strong><br />(-17 for losing)
|raw|ho3nconfirm3d's rating: 1966 &rarr; <strong>1983</strong><br />(+17 for winning)
|c| IMMAAXX|damn thats rough
|c|☆ho3nconfirm3d|yup
|c|☆Sirpeanutcronch|+ corv crit sob
|c|☆Sirpeanutcronch|gg
|c|☆ho3nconfirm3d|gg
|l|☆Sirpeanutcronch
|player|p1|
|l|☆ho3nconfirm3d
|player|p2|
|l| AbrarS
|l| CloudyEJ
|l| tiochicodobos
|l| wgw2333
|l| 21stCenturyB0y
|l| frssfb
