|badge|p2|silver|gen9ou|30-6
|html|<div class="broadcast-red"><strong>This battle is required to be public due to one or more player having a season medal.</strong><br />During the public phase, you can discuss the state of the ladder <a href="/seasondiscussion">in a special chatroom.</a></div>
|uhtml|medal-msg|<div class="broadcast-blue">Curious what those medals under the avatar are? PS now has Ladder Seasons! For more information, check out the <a href="https://www.smogon.com/forums/threads/3740067/">thread on Smogon.</a></div>
|raw|<div class="broadcast-blue"><strong>This battle is required to be public due to a player having a name starting with 'medal'.</div>
|j|☆PedroGreg
|j|☆butts99999
|t:|1758931381
|gametype|singles
|player|p1|PedroGreg|265|1780
|player|p2|butts99999|skierf|1935
|gen|9
|tier|[Gen 9] OU
|rated|
|rule|HP Percentage Mod: HP is shown in percentages
|rule|Endless Battle Clause: Forcing endless battles is banned
|rule|Species Clause: Limit one of each Pokémon
|rule|OHKO Clause: OHKO moves are banned
|rule|Evasion Items Clause: Evasion items are banned
|rule|Evasion Moves Clause: Evasion moves are banned
|rule|Evasion Abilities Clause: Evasion abilities are banned
|rule|Sleep Moves Clause: Sleep-inducing moves are banned
|clearpoke
|poke|p1|Landorus-Therian, M|
|poke|p1|Enamorus, F|
|poke|p1|Primarina, F|
|poke|p1|Cinderace, M|
|poke|p1|Corviknight, M|
|poke|p1|Iron Boulder|
|poke|p2|Kingambit, F|
|poke|p2|Cinderace, F|
|poke|p2|Landorus-Therian, M|
|poke|p2|Iron Valiant|
|poke|p2|Kyurem|
|poke|p2|Slowking-Galar, M|
|teampreview
|inactive|Battle timer is ON: inactive players will automatically lose when time's up. (requested by PedroGreg)
|c|☆butts99999|hf
|j| Lamp0821
|c|☆butts99999|whose name starts with medal
|c|☆butts99999|what is this nonsense
|inactive|butts99999 has 120 seconds left.
|l| Lamp0821
|j| Lamp0821
|l| Lamp0821
|
|t:|1758931426
|teamsize|p1|6
|teamsize|p2|6
|start
|switch|p1a: Cinderace|Cinderace, M|100/100
|switch|p2a: Mr. Freeze|Kyurem, shiny|100/100
|-ability|p2a: Mr. Freeze|Pressure
|turn|1
|
|t:|1758931430
|move|p2a: Mr. Freeze|Protect|p2a: Mr. Freeze
|-singleturn|p2a: Mr. Freeze|Protect
|move|p1a: Cinderace|U-turn|p2a: Mr. Freeze
|-start|p1a: Cinderace|typechange|Bug|[from] ability: Libero
|-activate|p2a: Mr. Freeze|move: Protect
|
|upkeep
|turn|2
|
|t:|1758931440
|move|p1a: Cinderace|U-turn|p2a: Mr. Freeze
|-crit|p2a: Mr. Freeze
|-damage|p2a: Mr. Freeze|57/100
|
|t:|1758931445
|switch|p1a: Landorus|Landorus-Therian, M|100/100|[from] U-turn
|-ability|p1a: Landorus|Intimidate|boost
|-unboost|p2a: Mr. Freeze|atk|1
|move|p2a: Mr. Freeze|Freeze-Dry|p1a: Landorus
|-supereffective|p1a: Landorus
|-damage|p1a: Landorus|0 fnt
|faint|p1a: Landorus
|
|-heal|p2a: Mr. Freeze|63/100|[from] item: Leftovers
|upkeep
|
|t:|1758931453
|switch|p1a: Iron Boulder|Iron Boulder|100/100
|-enditem|p1a: Iron Boulder|Booster Energy
|-activate|p1a: Iron Boulder|ability: Quark Drive|[fromitem]
|-start|p1a: Iron Boulder|quarkdrivespe
|turn|3
|
|t:|1758931469
|move|p1a: Iron Boulder|Swords Dance|p1a: Iron Boulder
|-boost|p1a: Iron Boulder|atk|2
|move|p2a: Mr. Freeze|Earth Power|p1a: Iron Boulder
|-supereffective|p1a: Iron Boulder
|-damage|p1a: Iron Boulder|38/100
|
|-heal|p2a: Mr. Freeze|69/100|[from] item: Leftovers
|upkeep
|turn|4
|
|t:|1758931481
|switch|p2a: Homelandor|Landorus-Therian, M, shiny|100/100
|-ability|p2a: Homelandor|Intimidate|boost
|-unboost|p1a: Iron Boulder|atk|1
|move|p1a: Iron Boulder|Mighty Cleave|p2a: Homelandor
|-damage|p2a: Homelandor|39/100
|-damage|p1a: Iron Boulder|21/100|[from] item: Rocky Helmet|[of] p2a: Homelandor
|
|upkeep
|turn|5
|j| Ctannn
|
|t:|1758931500
|switch|p2a: Daenerys|Kingambit, F|100/100
|move|p1a: Iron Boulder|Mighty Cleave|p2a: Daenerys
|-resisted|p2a: Daenerys
|-damage|p2a: Daenerys|73/100
|
|-heal|p2a: Daenerys|79/100|[from] item: Leftovers
|upkeep
|turn|6
|
|t:|1758931516
|move|p2a: Daenerys|Sucker Punch|p1a: Iron Boulder
|-supereffective|p1a: Iron Boulder
|-damage|p1a: Iron Boulder|0 fnt
|faint|p1a: Iron Boulder
|-end|p1a: Iron Boulder|Quark Drive|[silent]
|
|-heal|p2a: Daenerys|85/100|[from] item: Leftovers
|upkeep
|
|t:|1758931519
|switch|p1a: Cinderace|Cinderace, M|100/100
|turn|7
|
|t:|1758931538
|-end|p2a: Daenerys|fallenundefined|[silent]
|switch|p2a: Chillionaire|Slowking-Galar, M, shiny|100/100
|move|p1a: Cinderace|Pyro Ball|p2a: Chillionaire
|-damage|p2a: Chillionaire|39/100
|
|upkeep
|turn|8
|
|t:|1758931547
|switch|p2a: Homelandor|Landorus-Therian, M, shiny|39/100
|-ability|p2a: Homelandor|Intimidate|boost
|-unboost|p1a: Cinderace|atk|1
|move|p1a: Cinderace|Pyro Ball|p2a: Homelandor
|-damage|p2a: Homelandor|1/100
|
|upkeep
|turn|9
|
|t:|1758931559
|switch|p2a: Mr. Freeze|Kyurem, shiny|69/100
|-ability|p2a: Mr. Freeze|Pressure
|move|p1a: Cinderace|U-turn|p2a: Mr. Freeze
|-start|p1a: Cinderace|typechange|Bug|[from] ability: Libero
|-damage|p2a: Mr. Freeze|47/100
|
|t:|1758931570
|switch|p1a: Enamorus|Enamorus, F|100/100|[from] U-turn
|
|-heal|p2a: Mr. Freeze|54/100|[from] item: Leftovers
|upkeep
|turn|10
|
|t:|1758931582
|switch|p2a: Chillionaire|Slowking-Galar, M, shiny|72/100
|move|p1a: Enamorus|Moonblast|p2a: Chillionaire
|-resisted|p2a: Chillionaire
|-damage|p2a: Chillionaire|55/100
|-unboost|p2a: Chillionaire|spa|1
|
|upkeep
|turn|11
|
|t:|1758931594
|switch|p1a: Cinderace|Cinderace, M|100/100
|move|p2a: Chillionaire|Thunder Wave|p1a: Cinderace
|-status|p1a: Cinderace|par
|
|upkeep
|turn|12
|
|t:|1758931612
|switch|p2a: Homelandor|Landorus-Therian, M, shiny|1/100
|-ability|p2a: Homelandor|Intimidate|boost
|-unboost|p1a: Cinderace|atk|1
|move|p1a: Cinderace|Pyro Ball|p2a: Homelandor
|-damage|p2a: Homelandor|0 fnt
|faint|p2a: Homelandor
|
|upkeep
|
|t:|1758931614
|switch|p2a: Mr. Freeze|Kyurem, shiny|54/100
|-ability|p2a: Mr. Freeze|Pressure
|turn|13
|
|t:|1758931619
|move|p2a: Mr. Freeze|Substitute|p2a: Mr. Freeze
|-start|p2a: Mr. Freeze|Substitute
|-damage|p2a: Mr. Freeze|29/100
|move|p1a: Cinderace|U-turn|p2a: Mr. Freeze
|-start|p1a: Cinderace|typechange|Bug|[from] ability: Libero
|-activate|p2a: Mr. Freeze|move: Substitute|[damage]
|
|t:|1758931627
|switch|p1a: Corviknight|Corviknight, M|100/100|[from] U-turn
|-ability|p1a: Corviknight|Pressure
|
|-heal|p2a: Mr. Freeze|35/100|[from] item: Leftovers
|upkeep
|turn|14
|
|t:|1758931630
|move|p2a: Mr. Freeze|Protect|p2a: Mr. Freeze
|-singleturn|p2a: Mr. Freeze|Protect
|move|p1a: Corviknight|U-turn|p2a: Mr. Freeze
|-activate|p2a: Mr. Freeze|move: Protect
|
|-heal|p2a: Mr. Freeze|41/100|[from] item: Leftovers
|upkeep
|turn|15
|
|t:|1758931635
|move|p2a: Mr. Freeze|Freeze-Dry|p1a: Corviknight
|-damage|p1a: Corviknight|65/100
|move|p1a: Corviknight|U-turn|p2a: Mr. Freeze
|-end|p2a: Mr. Freeze|Substitute
|
|t:|1758931643
|switch|p1a: Primarina|Primarina, F|100/100|[from] U-turn
|
|-heal|p2a: Mr. Freeze|47/100|[from] item: Leftovers
|upkeep
|turn|16
|l| Ctannn
|
|t:|1758931647
|move|p2a: Mr. Freeze|Freeze-Dry|p1a: Primarina
|-supereffective|p1a: Primarina
|-damage|p1a: Primarina|38/100
|move|p1a: Primarina|Moonblast|p2a: Mr. Freeze
|-supereffective|p2a: Mr. Freeze
|-damage|p2a: Mr. Freeze|0 fnt
|faint|p2a: Mr. Freeze
|
|upkeep
|
|t:|1758931655
|switch|p2a: Chillionaire|Slowking-Galar, M, shiny|89/100
|turn|17
|
|t:|1758931661
|switch|p1a: Corviknight|Corviknight, M|65/100
|-ability|p1a: Corviknight|Pressure
|move|p2a: Chillionaire|Future Sight|p1a: Corviknight
|-start|p2a: Chillionaire|move: Future Sight
|
|upkeep
|turn|18
|
|t:|1758931667
|move|p1a: Corviknight|Roost|p1a: Corviknight
|-heal|p1a: Corviknight|100/100
|-singleturn|p1a: Corviknight|move: Roost
|move|p2a: Chillionaire|Thunder Wave|p1a: Corviknight
|-status|p1a: Corviknight|par
|
|upkeep
|turn|19
|
|t:|1758931671
|cant|p1a: Corviknight|par
|-prepare|p2a: Chillionaire|Chilly Reception|[premajor]
|move|p2a: Chillionaire|Chilly Reception|p2a: Chillionaire
|-weather|Snowscape
|
|t:|1758931675
|switch|p2a: Kristine|Cinderace, F, shiny|100/100|[from] Chilly Reception
|
|-weather|Snowscape|[upkeep]
|-end|p1a: Corviknight|move: Future Sight
|-resisted|p1a: Corviknight
|-damage|p1a: Corviknight|80/100 par
|upkeep
|turn|20
|
|t:|1758931680
|switch|p1a: Cinderace|Cinderace, M|100/100 par
|move|p2a: Kristine|Pyro Ball|p1a: Cinderace
|-resisted|p1a: Cinderace
|-damage|p1a: Cinderace|68/100 par
|
|-weather|Snowscape|[upkeep]
|upkeep
|turn|21
|
|t:|1758931688
|move|p2a: Kristine|Pyro Ball|p1a: Cinderace|[miss]
|-miss|p2a: Kristine|p1a: Cinderace
|cant|p1a: Cinderace|par
|
|-weather|Snowscape|[upkeep]
|upkeep
|turn|22
|
|t:|1758931692
|move|p2a: Kristine|Pyro Ball|p1a: Cinderace|[miss]
|-miss|p2a: Kristine|p1a: Cinderace
|cant|p1a: Cinderace|par
|
|-weather|Snowscape|[upkeep]
|upkeep
|turn|23
|
|t:|1758931695
|move|p2a: Kristine|Pyro Ball|p1a: Cinderace
|-resisted|p1a: Cinderace
|-damage|p1a: Cinderace|36/100 par
|move|p1a: Cinderace|U-turn|p2a: Kristine
|-start|p1a: Cinderace|typechange|Bug|[from] ability: Libero
|-resisted|p2a: Kristine
|-crit|p2a: Kristine
|-damage|p2a: Kristine|71/100
|
|t:|1758931697
|switch|p1a: Enamorus|Enamorus, F|100/100|[from] U-turn
|
|-weather|none
|upkeep
|turn|24
|inactive|butts99999 has 120 seconds left.
|
|t:|1758931746
|switch|p1a: Primarina|Primarina, F|38/100
|-terastallize|p2a: Kristine|Bug
|move|p2a: Kristine|Pyro Ball|p1a: Primarina
|-resisted|p1a: Primarina
|-damage|p1a: Primarina|4/100
|
|upkeep
|turn|25
|j| St.Peewee
|-message|PedroGreg forfeited.
|
|win|butts99999
|raw|PedroGreg's rating: 1780 &rarr; <strong>1768</strong><br />(-12 for losing)
|raw|butts99999's rating: 1935 &rarr; <strong>1947</strong><br />(+12 for winning)
|l|☆PedroGreg
|player|p1|
|l|☆butts99999
|player|p2|
