|j|☆SCiZ0rking
|j|☆DNU_ambassadors
|t:|1759003932
|gametype|singles
|player|p1|SCiZ0rking|youngster-gen4dp|1529
|player|p2|DNU_ambassadors|clown|1495
|gen|9
|tier|[Gen 9] OU
|rated|
|rule|HP Percentage Mod: HP is shown in percentages
|rule|Endless Battle Clause: Forcing endless battles is banned
|rule|Species Clause: Limit one of each Pokémon
|rule|OHKO Clause: OHKO moves are banned
|rule|Evasion Items Clause: Evasion items are banned
|rule|Evasion Moves Clause: Evasion moves are banned
|rule|Evasion Abilities Clause: Evasion abilities are banned
|rule|Sleep Moves Clause: Sleep-inducing moves are banned
|clearpoke
|poke|p1|Scizor, M|
|poke|p1|Raging Bolt|
|poke|p1|Samurott-Hisui, M|
|poke|p1|Gliscor, F|
|poke|p1|Hatterene, F|
|poke|p1|Great Tusk|
|poke|p2|Hatterene, F|
|poke|p2|Zapdos|
|poke|p2|Zamazenta-*|
|poke|p2|Rillaboom, M|
|poke|p2|Garchomp, M|
|poke|p2|Heatran, F|
|teampreview
|inactive|Battle timer is ON: inactive players will automatically lose when time's up. (requested by DNU_ambassadors)
|inactive|SCiZ0rking has 120 seconds left.
|inactive|DNU_ambassadors has 120 seconds left.
|inactive|SCiZ0rking has 90 seconds left.
|
|t:|1759003997
|teamsize|p1|6
|teamsize|p2|6
|start
|switch|p1a: Hatterene|Hatterene, F|100/100
|switch|p2a: Zapdos|Zapdos|100/100
|turn|1
|
|t:|1759004004
|move|p2a: Zapdos|Volt Switch|p1a: Hatterene
|-damage|p1a: Hatterene|83/100
|
|t:|1759004005
|switch|p2a: Heatran|Heatran, F|100/100|[from] Volt Switch
|-item|p2a: Heatran|Air Balloon
|move|p1a: Hatterene|Mystical Fire|p2a: Heatran
|-start|p2a: Heatran|ability: Flash Fire
|
|upkeep
|turn|2
|
|t:|1759004023
|switch|p1a: Samurott|Samurott-Hisui, M|100/100
|move|p2a: Heatran|Magma Storm|p1a: Samurott
|-resisted|p1a: Samurott
|-damage|p1a: Samurott|52/100
|-activate|p1a: Samurott|move: Magma Storm|[of] p2a: Heatran
|
|-damage|p1a: Samurott|39/100|[from] move: Magma Storm|[partiallytrapped]
|upkeep
|turn|3
|
|t:|1759004047
|move|p1a: Samurott|Flip Turn|p2a: Heatran
|-supereffective|p2a: Heatran
|-crit|p2a: Heatran
|-damage|p2a: Heatran|32/100
|-enditem|p2a: Heatran|Air Balloon
|
|t:|1759004063
|switch|p1a: Raging Bolt|Raging Bolt|100/100|[from] Flip Turn
|move|p2a: Heatran|Earth Power|p1a: Raging Bolt
|-supereffective|p1a: Raging Bolt
|-damage|p1a: Raging Bolt|48/100
|
|upkeep
|turn|4
|
|t:|1759004076
|-end|p2a: Heatran|ability: Flash Fire|[silent]
|switch|p2a: Rillaboom|Rillaboom, M|100/100
|-fieldstart|move: Grassy Terrain|[from] ability: Grassy Surge|[of] p2a: Rillaboom
|move|p1a: Raging Bolt|Draco Meteor|p2a: Rillaboom
|-damage|p2a: Rillaboom|42/100
|-unboost|p1a: Raging Bolt|spa|2
|
|-heal|p1a: Raging Bolt|54/100|[from] Grassy Terrain
|-heal|p2a: Rillaboom|48/100|[from] Grassy Terrain
|upkeep
|turn|5
|
|t:|1759004087
|-end|p1a: Raging Bolt|Protosynthesis|[silent]
|switch|p1a: Scizor|Scizor, M|100/100
|move|p2a: Rillaboom|Knock Off|p1a: Scizor
|-damage|p1a: Scizor|58/100
|-enditem|p1a: Scizor|Choice Band|[from] move: Knock Off|[of] p2a: Rillaboom
|
|-heal|p2a: Rillaboom|54/100|[from] Grassy Terrain
|-heal|p1a: Scizor|64/100|[from] Grassy Terrain
|upkeep
|turn|6
|
|t:|1759004099
|switch|p2a: Zapdos|Zapdos|100/100
|move|p1a: Scizor|U-turn|p2a: Zapdos
|-resisted|p2a: Zapdos
|-damage|p2a: Zapdos|87/100
|
|t:|1759004117
|switch|p1a: Gliscor|Gliscor, F|100/100|[from] U-turn
|
|-status|p1a: Gliscor|tox|[from] item: Toxic Orb
|upkeep
|turn|7
|
|t:|1759004125
|switch|p2a: Hatterene|Hatterene, F|100/100
|move|p1a: Gliscor|Knock Off|p2a: Hatterene
|-damage|p2a: Hatterene|76/100
|-enditem|p2a: Hatterene|Choice Specs|[from] move: Knock Off|[of] p1a: Gliscor
|
|-heal|p2a: Hatterene|82/100|[from] Grassy Terrain
|upkeep
|turn|8
|
|t:|1759004134
|switch|p1a: Scizor|Scizor, M|64/100
|move|p2a: Hatterene|Draining Kiss|p1a: Scizor
|-resisted|p1a: Scizor
|-damage|p1a: Scizor|45/100
|-heal|p2a: Hatterene|96/100|[from] drain|[of] p1a: Scizor
|
|-heal|p1a: Scizor|51/100|[from] Grassy Terrain
|-heal|p2a: Hatterene|100/100|[from] Grassy Terrain
|-fieldend|move: Grassy Terrain
|upkeep
|turn|9
|
|t:|1759004165
|move|p1a: Scizor|Knock Off|p2a: Hatterene
|-damage|p2a: Hatterene|73/100
|move|p2a: Hatterene|Draining Kiss|p1a: Scizor
|-resisted|p1a: Scizor
|-crit|p1a: Scizor
|-damage|p1a: Scizor|22/100
|-heal|p2a: Hatterene|95/100|[from] drain|[of] p1a: Scizor
|
|upkeep
|turn|10
|
|t:|1759004178
|switch|p2a: Garchomp|Garchomp, M|100/100
|move|p1a: Scizor|Bullet Punch|p2a: Garchomp
|-damage|p2a: Garchomp|79/100
|-damage|p1a: Scizor|10/100|[from] ability: Rough Skin|[of] p2a: Garchomp
|-damage|p1a: Scizor|0 fnt|[from] item: Rocky Helmet|[of] p2a: Garchomp
|faint|p1a: Scizor
|
|upkeep
|inactive|SCiZ0rking has 120 seconds left.
|
|t:|1759004189
|switch|p1a: Great Tusk|Great Tusk|100/100
|turn|11
|
|t:|1759004201
|move|p1a: Great Tusk|Rapid Spin|p2a: Garchomp
|-damage|p2a: Garchomp|70/100
|-boost|p1a: Great Tusk|spe|1
|-damage|p1a: Great Tusk|88/100|[from] ability: Rough Skin|[of] p2a: Garchomp
|-damage|p1a: Great Tusk|71/100|[from] item: Rocky Helmet|[of] p2a: Garchomp
|move|p2a: Garchomp|Stealth Rock|p1a: Great Tusk
|-sidestart|p1: SCiZ0rking|move: Stealth Rock
|
|upkeep
|turn|12
|
|t:|1759004214
|switch|p2a: Hatterene|Hatterene, F|95/100
|move|p1a: Great Tusk|Ice Spinner|p2a: Hatterene
|-damage|p2a: Hatterene|69/100
|
|upkeep
|turn|13
|inactive|SCiZ0rking has 120 seconds left.
|
|t:|1759004253
|-end|p1a: Great Tusk|Protosynthesis|[silent]
|switch|p1a: Gliscor|Gliscor, F|100/100 tox
|-damage|p1a: Gliscor|88/100 tox|[from] Stealth Rock
|move|p2a: Hatterene|Draining Kiss|p1a: Gliscor
|-damage|p1a: Gliscor|53/100 tox
|-heal|p2a: Hatterene|99/100|[from] drain|[of] p1a: Gliscor
|
|-heal|p1a: Gliscor|65/100 tox|[from] ability: Poison Heal
|upkeep
|turn|14
|
|t:|1759004260
|move|p1a: Gliscor|Protect|p1a: Gliscor
|-singleturn|p1a: Gliscor|Protect
|move|p2a: Hatterene|Psychic Noise|p1a: Gliscor
|-activate|p1a: Gliscor|move: Protect
|
|-heal|p1a: Gliscor|78/100 tox|[from] ability: Poison Heal
|upkeep
|turn|15
|inactive|SCiZ0rking has 120 seconds left.
|
|t:|1759004270
|switch|p1a: Samurott|Samurott-Hisui, M|39/100
|-damage|p1a: Samurott|27/100|[from] Stealth Rock
|move|p2a: Hatterene|Draining Kiss|p1a: Samurott
|-supereffective|p1a: Samurott
|-damage|p1a: Samurott|0 fnt
|-heal|p2a: Hatterene|100/100|[from] drain|[of] p1a: Samurott
|faint|p1a: Samurott
|
|upkeep
|
|t:|1759004275
|switch|p1a: Raging Bolt|Raging Bolt|54/100
|turn|16
|
|t:|1759004283
|move|p1a: Raging Bolt|Volt Switch|p2a: Hatterene
|-damage|p2a: Hatterene|55/100
|
|t:|1759004290
|-end|p1a: Raging Bolt|Protosynthesis|[silent]
|switch|p1a: Hatterene|Hatterene, F|83/100|[from] Volt Switch
|-damage|p1a: Hatterene|71/100|[from] Stealth Rock
|move|p2a: Hatterene|Draining Kiss|p1a: Hatterene
|-damage|p1a: Hatterene|52/100
|-heal|p2a: Hatterene|69/100|[from] drain|[of] p1a: Hatterene
|
|upkeep
|turn|17
|
|t:|1759004300
|switch|p2a: Heatran|Heatran, F|32/100
|move|p1a: Hatterene|Nuzzle|p2a: Heatran
|-damage|p2a: Heatran|29/100
|-status|p2a: Heatran|par
|
|upkeep
|turn|18
|
|t:|1759004318
|cant|p2a: Heatran|par
|move|p1a: Hatterene|Psyshock|p2a: Heatran
|-resisted|p2a: Heatran
|-damage|p2a: Heatran|9/100 par
|
|upkeep
|turn|19
|
|t:|1759004320
|cant|p2a: Heatran|par
|move|p1a: Hatterene|Psyshock|p2a: Heatran
|-resisted|p2a: Heatran
|-damage|p2a: Heatran|0 fnt
|faint|p2a: Heatran
|
|upkeep
|
|t:|1759004338
|switch|p2a: Zamazenta|Zamazenta|100/100
|-ability|p2a: Zamazenta|Dauntless Shield|boost
|-boost|p2a: Zamazenta|def|1
|turn|20
|
|t:|1759004340
|move|p2a: Zamazenta|Heavy Slam|p1a: Hatterene
|-supereffective|p1a: Hatterene
|-damage|p1a: Hatterene|0 fnt
|faint|p1a: Hatterene
|
|upkeep
|
|t:|1759004355
|switch|p1a: Gliscor|Gliscor, F|78/100 tox
|-damage|p1a: Gliscor|65/100 tox|[from] Stealth Rock
|turn|21
|
|t:|1759004364
|switch|p2a: Rillaboom|Rillaboom, M|54/100
|-fieldstart|move: Grassy Terrain|[from] ability: Grassy Surge|[of] p2a: Rillaboom
|move|p1a: Gliscor|Toxic|p2a: Rillaboom
|-status|p2a: Rillaboom|tox
|
|-heal|p2a: Rillaboom|60/100 tox|[from] Grassy Terrain
|-heal|p1a: Gliscor|78/100 tox|[from] ability: Poison Heal
|-damage|p2a: Rillaboom|54/100 tox|[from] psn
|upkeep
|turn|22
|
|t:|1759004376
|switch|p2a: Hatterene|Hatterene, F|69/100
|move|p1a: Gliscor|Protect||[still]
|-fail|p1a: Gliscor
|
|-heal|p2a: Hatterene|75/100|[from] Grassy Terrain
|-heal|p1a: Gliscor|90/100 tox|[from] ability: Poison Heal
|upkeep
|turn|23
|
|t:|1759004384
|move|p1a: Gliscor|Protect|p1a: Gliscor
|-singleturn|p1a: Gliscor|Protect
|move|p2a: Hatterene|Psychic Noise|p1a: Gliscor
|-activate|p1a: Gliscor|move: Protect
|
|-heal|p2a: Hatterene|81/100|[from] Grassy Terrain
|-heal|p1a: Gliscor|100/100 tox|[from] ability: Poison Heal
|upkeep
|turn|24
|
|t:|1759004388
|move|p1a: Gliscor|Knock Off|p2a: Hatterene
|-damage|p2a: Hatterene|64/100
|move|p2a: Hatterene|Psychic Noise|p1a: Gliscor
|-damage|p1a: Gliscor|46/100 tox
|-start|p1a: Gliscor|move: Heal Block
|
|-heal|p2a: Hatterene|70/100|[from] Grassy Terrain
|upkeep
|turn|25
|
|t:|1759004397
|move|p1a: Gliscor|Protect|p1a: Gliscor
|-singleturn|p1a: Gliscor|Protect
|move|p2a: Hatterene|Draining Kiss|p1a: Gliscor
|-activate|p1a: Gliscor|move: Protect
|
|-heal|p2a: Hatterene|76/100|[from] Grassy Terrain
|-end|p1a: Gliscor|move: Heal Block
|-fieldend|move: Grassy Terrain
|upkeep
|turn|26
|-message|SCiZ0rking forfeited.
|
|win|DNU_ambassadors
|raw|SCiZ0rking's rating: 1529 &rarr; <strong>1507</strong><br />(-22 for losing)
|raw|DNU_ambassadors's rating: 1495 &rarr; <strong>1517</strong><br />(+22 for winning)
|l|☆SCiZ0rking
|player|p1|
