|j|☆grimpo
|j|☆michifuzz
|t:|1759033284
|gametype|singles
|player|p1|grimpo|170|1177
|player|p2|michifuzz|266|1140
|gen|9
|tier|[Gen 9] OU
|rated|
|rule|HP Percentage Mod: HP is shown in percentages
|rule|Endless Battle Clause: Forcing endless battles is banned
|rule|Species Clause: Limit one of each Pokémon
|rule|OHKO Clause: OHKO moves are banned
|rule|Evasion Items Clause: Evasion items are banned
|rule|Evasion Moves Clause: Evasion moves are banned
|rule|Evasion Abilities Clause: Evasion abilities are banned
|rule|Sleep Moves Clause: Sleep-inducing moves are banned
|clearpoke
|poke|p1|Dragonite, M|
|poke|p1|Gholdengo|
|poke|p1|Regidrago|
|poke|p1|Scizor, F|
|poke|p1|Ting-Lu|
|poke|p1|Weezing-Galar, F|
|poke|p2|Blaziken, F|
|poke|p2|Gyarados, M|
|poke|p2|Tsareena, F|
|poke|p2|Hoopa-Unbound|
|poke|p2|Forretress, M|
|poke|p2|Sylveon, F|
|teampreview
|inactive|Battle timer is ON: inactive players will automatically lose when time's up. (requested by michifuzz)
|
|t:|1759033319
|teamsize|p1|6
|teamsize|p2|6
|start
|switch|p1a: Ting-Lu|Ting-Lu|100/100
|switch|p2a: Forretress|Forretress, M, shiny|100/100
|-ability|p1a: Ting-Lu|Vessel of Ruin
|turn|1
|
|t:|1759033342
|move|p1a: Ting-Lu|Ruination|p2a: Forretress
|-damage|p2a: Forretress|50/100
|move|p2a: Forretress|Stealth Rock|p1a: Ting-Lu
|-sidestart|p1: grimpo|move: Stealth Rock
|
|upkeep
|turn|2
|
|t:|1759033353
|move|p1a: Ting-Lu|Stealth Rock|p2a: Forretress
|-sidestart|p2: michifuzz|move: Stealth Rock
|move|p2a: Forretress|Body Press|p1a: Ting-Lu
|-supereffective|p1a: Ting-Lu
|-damage|p1a: Ting-Lu|66/100
|
|-heal|p1a: Ting-Lu|72/100|[from] item: Leftovers
|upkeep
|turn|3
|inactive|michifuzz has 120 seconds left.
|
|t:|1759033393
|switch|p1a: Weezing|Weezing-Galar, F|100/100
|-ability|p1a: Weezing|Neutralizing Gas
|move|p2a: Forretress|Reflect|p2a: Forretress
|-sidestart|p2: michifuzz|Reflect
|
|upkeep
|turn|4
|
|t:|1759033408
|switch|p2a: Hoopa|Hoopa-Unbound|100/100
|-damage|p2a: Hoopa|88/100|[from] Stealth Rock
|move|p1a: Weezing|Will-O-Wisp|p2a: Hoopa|[miss]
|-miss|p1a: Weezing|p2a: Hoopa
|
|upkeep
|turn|5
|inactive|grimpo has 120 seconds left.
|
|t:|1759033428
|move|p2a: Hoopa|Focus Blast|p1a: Weezing|[miss]
|-miss|p2a: Hoopa|p1a: Weezing
|move|p1a: Weezing|Will-O-Wisp|p2a: Hoopa
|-status|p2a: Hoopa|brn
|
|-damage|p2a: Hoopa|82/100 brn|[from] brn
|upkeep
|turn|6
|
|t:|1759033437
|move|p2a: Hoopa|Psychic Noise|p1a: Weezing
|-supereffective|p1a: Weezing
|-damage|p1a: Weezing|0 fnt
|faint|p1a: Weezing
|-end|p1a: Weezing|ability: Neutralizing Gas
|
|-damage|p2a: Hoopa|76/100 brn|[from] brn
|upkeep
|inactive|grimpo has 120 seconds left.
|
|t:|1759033470
|switch|p1a: Scizor|Scizor, F|100/100
|-damage|p1a: Scizor|88/100|[from] Stealth Rock
|turn|7
|
|t:|1759033476
|-terastallize|p2a: Hoopa|Fire
|move|p1a: Scizor|U-turn|p2a: Hoopa
|-resisted|p2a: Hoopa
|-damage|p2a: Hoopa|51/100 brn
|
|t:|1759033488
|switch|p1a: Regidrago|Regidrago|100/100|[from] U-turn
|-damage|p1a: Regidrago|88/100|[from] Stealth Rock
|move|p2a: Hoopa|Tera Blast|p1a: Regidrago|[anim] Tera Blast Fire
|-resisted|p1a: Regidrago
|-damage|p1a: Regidrago|59/100
|
|-damage|p2a: Hoopa|45/100 brn|[from] brn
|-sideend|p2: michifuzz|Reflect
|upkeep
|turn|8
|inactive|michifuzz has 120 seconds left.
|
|t:|1759033506
|move|p1a: Regidrago|Draco Meteor|p2a: Hoopa
|-damage|p2a: Hoopa|0 fnt
|-unboost|p1a: Regidrago|spa|2
|faint|p2a: Hoopa
|
|upkeep
|
|t:|1759033513
|switch|p2a: Tsareena|Tsareena, F, shiny|100/100
|-damage|p2a: Tsareena|88/100|[from] Stealth Rock
|turn|9
|inactive|grimpo has 120 seconds left.
|
|t:|1759033543
|switch|p1a: Gholdengo|Gholdengo|100/100
|-damage|p1a: Gholdengo|94/100|[from] Stealth Rock
|move|p2a: Tsareena|Rapid Spin|p1a: Gholdengo
|-immune|p1a: Gholdengo
|
|upkeep
|turn|10
|
|t:|1759033554
|move|p1a: Gholdengo|Nasty Plot|p1a: Gholdengo
|-boost|p1a: Gholdengo|spa|2
|move|p2a: Tsareena|Knock Off|p1a: Gholdengo
|-supereffective|p1a: Gholdengo
|-crit|p1a: Gholdengo
|-damage|p1a: Gholdengo|0 fnt
|-enditem|p1a: Gholdengo|Metal Coat|[from] move: Knock Off|[of] p2a: Tsareena
|faint|p1a: Gholdengo
|
|upkeep
|inactive|grimpo has 90 seconds left.
|
|t:|1759033573
|switch|p1a: Regidrago|Regidrago|59/100
|-damage|p1a: Regidrago|46/100|[from] Stealth Rock
|turn|11
|
|t:|1759033587
|move|p1a: Regidrago|Draco Meteor|p2a: Tsareena
|-damage|p2a: Tsareena|27/100
|-unboost|p1a: Regidrago|spa|2
|move|p2a: Tsareena|Rapid Spin|p1a: Regidrago
|-damage|p1a: Regidrago|27/100
|-boost|p2a: Tsareena|spe|1
|-sideend|p2: michifuzz|Stealth Rock|[from] move: Rapid Spin|[of] p2a: Tsareena
|
|upkeep
|turn|12
|inactive|grimpo has 90 seconds left.
|inactive|grimpo has 60 seconds left.
|
|t:|1759033638
|move|p1a: Regidrago|Draco Meteor|p2a: Tsareena|[miss]
|-miss|p1a: Regidrago|p2a: Tsareena
|move|p2a: Tsareena|Knock Off|p1a: Regidrago
|-damage|p1a: Regidrago|0 fnt
|-enditem|p1a: Regidrago|Choice Scarf|[from] move: Knock Off|[of] p2a: Tsareena
|faint|p1a: Regidrago
|
|upkeep
|
|t:|1759033643
|switch|p1a: Scizor|Scizor, F|88/100
|-damage|p1a: Scizor|76/100|[from] Stealth Rock
|turn|13
|
|t:|1759033662
|move|p1a: Scizor|Bullet Punch||[still]
|cant|p2a: Tsareena|ability: Queenly Majesty|Bullet Punch|[of] p1a: Scizor
|move|p2a: Tsareena|U-turn|p1a: Scizor
|-resisted|p1a: Scizor
|-damage|p1a: Scizor|61/100
|
|t:|1759033668
|switch|p2a: Forretress|Forretress, M, shiny|50/100|[from] U-turn
|
|upkeep
|turn|14
|
|t:|1759033680
|switch|p1a: Dragonite|Dragonite, M|100/100
|move|p2a: Forretress|Iron Defense|p2a: Forretress
|-boost|p2a: Forretress|def|2
|
|upkeep
|turn|15
|
|t:|1759033687
|move|p1a: Dragonite|Dragon Dance|p1a: Dragonite
|-boost|p1a: Dragonite|atk|1
|-boost|p1a: Dragonite|spe|1
|move|p2a: Forretress|Body Press|p1a: Dragonite
|-resisted|p1a: Dragonite
|-damage|p1a: Dragonite|86/100
|
|upkeep
|turn|16
|
|t:|1759033694
|move|p1a: Dragonite|Earthquake|p2a: Forretress
|-damage|p2a: Forretress|34/100
|move|p2a: Forretress|Reflect|p2a: Forretress
|-sidestart|p2: michifuzz|Reflect
|
|upkeep
|turn|17
|
|t:|1759033699
|move|p1a: Dragonite|Dragon Dance|p1a: Dragonite
|-boost|p1a: Dragonite|atk|1
|-boost|p1a: Dragonite|spe|1
|move|p2a: Forretress|Body Press|p1a: Dragonite
|-resisted|p1a: Dragonite
|-damage|p1a: Dragonite|54/100
|
|upkeep
|turn|18
|
|t:|1759033705
|move|p1a: Dragonite|Dragon Dance|p1a: Dragonite
|-boost|p1a: Dragonite|atk|1
|-boost|p1a: Dragonite|spe|1
|move|p2a: Forretress|Body Press|p1a: Dragonite
|-resisted|p1a: Dragonite
|-damage|p1a: Dragonite|22/100
|
|upkeep
|turn|19
|
|t:|1759033712
|move|p1a: Dragonite|Roost|p1a: Dragonite
|-heal|p1a: Dragonite|72/100
|-singleturn|p1a: Dragonite|move: Roost
|move|p2a: Forretress|Body Press|p1a: Dragonite
|-damage|p1a: Dragonite|8/100
|
|upkeep
|turn|20
|inactive|grimpo has 120 seconds left.
|
|t:|1759033721
|switch|p2a: Sylveon|Sylveon, F, shiny|100/100
|move|p1a: Dragonite|Roost|p1a: Dragonite
|-heal|p1a: Dragonite|58/100
|-singleturn|p1a: Dragonite|move: Roost
|
|-sideend|p2: michifuzz|Reflect
|upkeep
|turn|21
|inactive|grimpo has 120 seconds left.
|
|t:|1759033732
|-terastallize|p1a: Dragonite|Normal
|move|p2a: Sylveon|Quick Attack|p1a: Dragonite
|-damage|p1a: Dragonite|35/100
|move|p1a: Dragonite|Roost|p1a: Dragonite
|-heal|p1a: Dragonite|85/100
|
|upkeep
|turn|22
|
|t:|1759033738
|move|p1a: Dragonite|Extreme Speed|p2a: Sylveon
|-damage|p2a: Sylveon|0 fnt
|faint|p2a: Sylveon
|
|upkeep
|
|t:|1759033752
|switch|p2a: Forretress|Forretress, M, shiny|34/100
|turn|23
|
|t:|1759033755
|move|p1a: Dragonite|Earthquake|p2a: Forretress
|-damage|p2a: Forretress|0 fnt
|faint|p2a: Forretress
|
|upkeep
|
|t:|1759033762
|switch|p2a: Tsareena|Tsareena, F, shiny|27/100
|turn|24
|
|t:|1759033771
|move|p1a: Dragonite|Earthquake|p2a: Tsareena
|-resisted|p2a: Tsareena
|-damage|p2a: Tsareena|0 fnt
|faint|p2a: Tsareena
|
|upkeep
|
|t:|1759033776
|switch|p2a: Gyarados|Gyarados, M|100/100
|turn|25
|
|t:|1759033783
|move|p1a: Dragonite|Extreme Speed|p2a: Gyarados
|-damage|p2a: Gyarados|0 fnt
|faint|p2a: Gyarados
|
|upkeep
|l|☆michifuzz
|inactive|michifuzz disconnected and has a minute to reconnect!
|player|p2|
|inactive|michifuzz has 30 seconds to reconnect!
|inactive|michifuzz has 20 seconds to reconnect!
|inactive|michifuzz has 15 seconds to reconnect!
|inactive|michifuzz has 10 seconds to reconnect!
|inactive|michifuzz has 5 seconds to reconnect!
|-message|michifuzz lost due to inactivity.
|
|win|grimpo
|raw|grimpo's rating: 1177 &rarr; <strong>1199</strong><br />(+22 for winning)
|raw|michifuzz's rating: 1140 &rarr; <strong>1118</strong><br />(-22 for losing)
|l|☆grimpo
|player|p1|
