|badge|p2|silver|gen9ou|30-6
|html|<div class="broadcast-red"><strong>This battle is required to be public due to one or more player having a season medal.</strong><br />During the public phase, you can discuss the state of the ladder <a href="/seasondiscussion">in a special chatroom.</a></div>
|uhtml|medal-msg|<div class="broadcast-blue">Curious what those medals under the avatar are? PS now has Ladder Seasons! For more information, check out the <a href="https://www.smogon.com/forums/threads/3740067/">thread on Smogon.</a></div>
|raw|<div class="broadcast-blue"><strong>This battle is required to be public due to a player having a name starting with 'medal'.</div>
|j|☆patio fence
|j|☆chusei20
|t:|1758972559
|gametype|singles
|player|p1|patio fence|fisherman-gen2jp|1746
|player|p2|chusei20|265|1860
|gen|9
|tier|[Gen 9] OU
|rated|
|rule|HP Percentage Mod: HP is shown in percentages
|rule|Endless Battle Clause: Forcing endless battles is banned
|rule|Species Clause: Limit one of each Pokémon
|rule|OHKO Clause: OHKO moves are banned
|rule|Evasion Items Clause: Evasion items are banned
|rule|Evasion Moves Clause: Evasion moves are banned
|rule|Evasion Abilities Clause: Evasion abilities are banned
|rule|Sleep Moves Clause: Sleep-inducing moves are banned
|clearpoke
|poke|p1|Tyranitar, F|
|poke|p1|Excadrill, F|
|poke|p1|Heatran, M|
|poke|p1|Pecharunt|
|poke|p1|Ogerpon-Wellspring, F|
|poke|p1|Zamazenta-*|
|poke|p2|Kyurem|
|poke|p2|Ting-Lu|
|poke|p2|Iron Valiant|
|poke|p2|Glimmora, F|
|poke|p2|Moltres|
|poke|p2|Raging Bolt|
|teampreview
|inactive|Battle timer is ON: inactive players will automatically lose when time's up. (requested by patio fence)
|inactive|patio fence has 120 seconds left.
|
|t:|1758972612
|teamsize|p1|6
|teamsize|p2|6
|start
|switch|p1a: Ogerpon|Ogerpon-Wellspring, F|100/100
|switch|p2a: Glimmora|Glimmora, F|100/100
|turn|1
|
|t:|1758972616
|move|p1a: Ogerpon|Ivy Cudgel|p2a: Glimmora|[anim] Ivy Cudgel Water
|-supereffective|p2a: Glimmora
|-enditem|p2a: Glimmora|Focus Sash
|-damage|p2a: Glimmora|1/100
|-activate|p2a: Glimmora|ability: Toxic Debris
|-sidestart|p1: patio fence|move: Toxic Spikes
|move|p2a: Glimmora|Sludge Wave|p1a: Ogerpon
|-supereffective|p1a: Ogerpon
|-damage|p1a: Ogerpon|0 fnt
|faint|p1a: Ogerpon
|
|upkeep
|
|t:|1758972620
|switch|p1a: Excadrill|Excadrill, F|100/100
|turn|2
|
|t:|1758972623
|switch|p2a: Moltres|Moltres|100/100
|move|p1a: Excadrill|Rapid Spin|p2a: Moltres
|-damage|p2a: Moltres|86/100
|-boost|p1a: Excadrill|spe|1
|-sideend|p1: patio fence|Toxic Spikes|[from] move: Rapid Spin|[of] p1a: Excadrill
|
|upkeep
|turn|3
|
|t:|1758972626
|move|p1a: Excadrill|Rock Slide|p2a: Moltres
|-supereffective|p2a: Moltres
|-crit|p2a: Moltres
|-damage|p2a: Moltres|0 fnt
|faint|p2a: Moltres
|
|upkeep
|
|t:|1758972629
|switch|p2a: Iron Valiant|Iron Valiant|100/100
|-enditem|p2a: Iron Valiant|Booster Energy
|-activate|p2a: Iron Valiant|ability: Quark Drive|[fromitem]
|-start|p2a: Iron Valiant|quarkdrivespe
|turn|4
|
|t:|1758972634
|switch|p1a: Pecharunt|Pecharunt|100/100
|-item|p1a: Pecharunt|Air Balloon
|move|p2a: Iron Valiant|Knock Off|p1a: Pecharunt
|-supereffective|p1a: Pecharunt
|-damage|p1a: Pecharunt|71/100
|-enditem|p1a: Pecharunt|Air Balloon
|
|upkeep
|turn|5
|
|t:|1758972638
|-end|p2a: Iron Valiant|Quark Drive|[silent]
|switch|p2a: Glimmora|Glimmora, F|1/100
|move|p1a: Pecharunt|Malignant Chain|p2a: Glimmora
|-resisted|p2a: Glimmora
|-damage|p2a: Glimmora|0 fnt
|faint|p2a: Glimmora
|
|upkeep
|
|t:|1758972640
|switch|p2a: Kyurem|Kyurem|100/100
|-ability|p2a: Kyurem|Pressure
|turn|6
|
|t:|1758972643
|move|p2a: Kyurem|Earth Power|p1a: Pecharunt
|-supereffective|p1a: Pecharunt
|-damage|p1a: Pecharunt|6/100
|move|p1a: Pecharunt|Parting Shot|p2a: Kyurem
|-unboost|p2a: Kyurem|atk|1
|-unboost|p2a: Kyurem|spa|1
|
|t:|1758972646
|switch|p1a: Tyranitar|Tyranitar, F|100/100|[from] Parting Shot
|-weather|Sandstorm|[from] ability: Sand Stream|[of] p1a: Tyranitar
|
|-weather|Sandstorm|[upkeep]
|-damage|p2a: Kyurem|94/100|[from] Sandstorm
|-heal|p2a: Kyurem|100/100|[from] item: Leftovers
|upkeep
|turn|7
|
|t:|1758972648
|move|p2a: Kyurem|Earth Power|p1a: Tyranitar
|-supereffective|p1a: Tyranitar
|-damage|p1a: Tyranitar|84/100
|move|p1a: Tyranitar|Stealth Rock|p2a: Kyurem
|-sidestart|p2: chusei20|move: Stealth Rock
|
|-weather|Sandstorm|[upkeep]
|-damage|p2a: Kyurem|94/100|[from] Sandstorm
|-heal|p2a: Kyurem|100/100|[from] item: Leftovers
|upkeep
|turn|8
|j| locked in bro
|
|t:|1758972651
|move|p2a: Kyurem|Earth Power|p1a: Tyranitar
|-supereffective|p1a: Tyranitar
|-damage|p1a: Tyranitar|66/100
|move|p1a: Tyranitar|Knock Off|p2a: Kyurem
|-damage|p2a: Kyurem|61/100
|-enditem|p2a: Kyurem|Leftovers|[from] move: Knock Off|[of] p1a: Tyranitar
|
|-weather|Sandstorm|[upkeep]
|-damage|p2a: Kyurem|55/100|[from] Sandstorm
|upkeep
|turn|9
|j| ybah
|
|t:|1758972656
|move|p2a: Kyurem|Earth Power|p1a: Tyranitar
|-supereffective|p1a: Tyranitar
|-damage|p1a: Tyranitar|49/100
|move|p1a: Tyranitar|Roar|p2a: Kyurem
|drag|p2a: Iron Valiant|Iron Valiant|100/100
|-damage|p2a: Iron Valiant|94/100|[from] Stealth Rock
|
|-weather|Sandstorm|[upkeep]
|-damage|p2a: Iron Valiant|88/100|[from] Sandstorm
|upkeep
|turn|10
|
|t:|1758972661
|switch|p1a: Heatran|Heatran, M|100/100
|move|p2a: Iron Valiant|Close Combat|p1a: Heatran
|-supereffective|p1a: Heatran
|-damage|p1a: Heatran|0 fnt
|-unboost|p2a: Iron Valiant|def|1
|-unboost|p2a: Iron Valiant|spd|1
|faint|p1a: Heatran
|
|-weather|Sandstorm|[upkeep]
|-damage|p2a: Iron Valiant|82/100|[from] Sandstorm
|upkeep
|
|t:|1758972665
|switch|p1a: Excadrill|Excadrill, F|100/100
|turn|11
|
|t:|1758972669
|-end|p2a: Iron Valiant|Quark Drive|[silent]
|switch|p2a: Kyurem|Kyurem|55/100
|-damage|p2a: Kyurem|30/100|[from] Stealth Rock
|-ability|p2a: Kyurem|Pressure
|move|p1a: Excadrill|Earthquake|p2a: Kyurem
|-damage|p2a: Kyurem|0 fnt
|faint|p2a: Kyurem
|
|-weather|Sandstorm|[upkeep]
|upkeep
|
|t:|1758972670
|switch|p2a: Ting-Lu|Ting-Lu|100/100
|-damage|p2a: Ting-Lu|94/100|[from] Stealth Rock
|-ability|p2a: Ting-Lu|Vessel of Ruin
|turn|12
|
|t:|1758972675
|switch|p1a: Pecharunt|Pecharunt|6/100
|move|p2a: Ting-Lu|Earthquake|p1a: Pecharunt
|-supereffective|p1a: Pecharunt
|-damage|p1a: Pecharunt|0 fnt
|faint|p1a: Pecharunt
|
|-weather|Sandstorm|[upkeep]
|-heal|p2a: Ting-Lu|100/100|[from] item: Leftovers
|upkeep
|
|t:|1758972677
|switch|p1a: Zamazenta|Zamazenta|100/100
|-ability|p1a: Zamazenta|Dauntless Shield|boost
|-boost|p1a: Zamazenta|def|1
|turn|13
|
|t:|1758972684
|move|p1a: Zamazenta|Body Press|p2a: Ting-Lu
|-supereffective|p2a: Ting-Lu
|-damage|p2a: Ting-Lu|34/100
|move|p2a: Ting-Lu|Whirlwind|p1a: Zamazenta
|drag|p1a: Excadrill|Excadrill, F|100/100
|
|-weather|none
|-heal|p2a: Ting-Lu|40/100|[from] item: Leftovers
|upkeep
|turn|14
|
|t:|1758972692
|switch|p1a: Tyranitar|Tyranitar, F|49/100
|-weather|Sandstorm|[from] ability: Sand Stream|[of] p1a: Tyranitar
|move|p2a: Ting-Lu|Earthquake|p1a: Tyranitar
|-supereffective|p1a: Tyranitar
|-damage|p1a: Tyranitar|0 fnt
|faint|p1a: Tyranitar
|
|-weather|Sandstorm|[upkeep]
|-heal|p2a: Ting-Lu|46/100|[from] item: Leftovers
|upkeep
|
|t:|1758972693
|switch|p1a: Zamazenta|Zamazenta|100/100
|turn|15
|
|t:|1758972697
|switch|p2a: Iron Valiant|Iron Valiant|82/100
|-damage|p2a: Iron Valiant|76/100|[from] Stealth Rock
|move|p1a: Zamazenta|Body Press|p2a: Iron Valiant
|-resisted|p2a: Iron Valiant
|-damage|p2a: Iron Valiant|53/100
|
|-weather|Sandstorm|[upkeep]
|-damage|p1a: Zamazenta|94/100|[from] Sandstorm
|-damage|p2a: Iron Valiant|47/100|[from] Sandstorm
|-heal|p1a: Zamazenta|100/100|[from] item: Leftovers
|upkeep
|turn|16
|
|t:|1758972700
|move|p1a: Zamazenta|Heavy Slam|p2a: Iron Valiant
|-supereffective|p2a: Iron Valiant
|-damage|p2a: Iron Valiant|0 fnt
|faint|p2a: Iron Valiant
|-end|p2a: Iron Valiant|Quark Drive|[silent]
|
|-weather|Sandstorm|[upkeep]
|-damage|p1a: Zamazenta|94/100|[from] Sandstorm
|-heal|p1a: Zamazenta|100/100|[from] item: Leftovers
|upkeep
|
|t:|1758972702
|switch|p2a: Raging Bolt|Raging Bolt|100/100
|-damage|p2a: Raging Bolt|88/100|[from] Stealth Rock
|-enditem|p2a: Raging Bolt|Booster Energy
|-activate|p2a: Raging Bolt|ability: Protosynthesis|[fromitem]
|-start|p2a: Raging Bolt|protosynthesisspa
|turn|17
|
|t:|1758972704
|switch|p1a: Excadrill|Excadrill, F|100/100
|-terastallize|p2a: Raging Bolt|Flying
|move|p2a: Raging Bolt|Dragon Pulse|p1a: Excadrill
|-resisted|p1a: Excadrill
|-damage|p1a: Excadrill|55/100
|
|-weather|Sandstorm|[upkeep]
|-damage|p2a: Raging Bolt|82/100|[from] Sandstorm
|-heal|p1a: Excadrill|61/100|[from] item: Leftovers
|upkeep
|turn|18
|
|t:|1758972707
|-end|p2a: Raging Bolt|Protosynthesis|[silent]
|switch|p2a: Ting-Lu|Ting-Lu|46/100
|-damage|p2a: Ting-Lu|40/100|[from] Stealth Rock
|-ability|p2a: Ting-Lu|Vessel of Ruin
|move|p1a: Excadrill|Rock Slide|p2a: Ting-Lu
|-resisted|p2a: Ting-Lu
|-damage|p2a: Ting-Lu|33/100
|
|-weather|Sandstorm|[upkeep]
|-heal|p1a: Excadrill|67/100|[from] item: Leftovers
|-heal|p2a: Ting-Lu|39/100|[from] item: Leftovers
|upkeep
|turn|19
|
|t:|1758972715
|switch|p1a: Zamazenta|Zamazenta|100/100
|move|p2a: Ting-Lu|Earthquake|p1a: Zamazenta
|-damage|p1a: Zamazenta|70/100
|
|-weather|Sandstorm|[upkeep]
|-damage|p1a: Zamazenta|64/100|[from] Sandstorm
|-heal|p1a: Zamazenta|70/100|[from] item: Leftovers
|-heal|p2a: Ting-Lu|45/100|[from] item: Leftovers
|upkeep
|turn|20
|
|t:|1758972717
|switch|p2a: Raging Bolt|Raging Bolt, tera:Flying|82/100
|-damage|p2a: Raging Bolt|57/100|[from] Stealth Rock
|move|p1a: Zamazenta|Iron Defense|p1a: Zamazenta
|-boost|p1a: Zamazenta|def|2
|
|-weather|Sandstorm|[upkeep]
|-damage|p1a: Zamazenta|64/100|[from] Sandstorm
|-damage|p2a: Raging Bolt|51/100|[from] Sandstorm
|-heal|p1a: Zamazenta|70/100|[from] item: Leftovers
|upkeep
|turn|21
|
|t:|1758972720
|move|p1a: Zamazenta|Body Press|p2a: Raging Bolt
|-resisted|p2a: Raging Bolt
|-damage|p2a: Raging Bolt|15/100
|move|p2a: Raging Bolt|Thunderbolt|p1a: Zamazenta
|-damage|p1a: Zamazenta|24/100
|
|-weather|none
|-heal|p1a: Zamazenta|30/100|[from] item: Leftovers
|upkeep
|turn|22
|
|t:|1758972724
|switch|p1a: Excadrill|Excadrill, F|67/100
|move|p2a: Raging Bolt|Dragon Pulse|p1a: Excadrill
|-resisted|p1a: Excadrill
|-damage|p1a: Excadrill|32/100
|
|-heal|p1a: Excadrill|38/100|[from] item: Leftovers
|upkeep
|turn|23
|
|t:|1758972730
|move|p1a: Excadrill|Rock Slide|p2a: Raging Bolt|[miss]
|-miss|p1a: Excadrill|p2a: Raging Bolt
|move|p2a: Raging Bolt|Dragon Pulse|p1a: Excadrill
|-resisted|p1a: Excadrill
|-damage|p1a: Excadrill|5/100
|
|-heal|p1a: Excadrill|12/100|[from] item: Leftovers
|upkeep
|turn|24
|
|t:|1758972732
|move|p1a: Excadrill|Rock Slide|p2a: Raging Bolt
|-supereffective|p2a: Raging Bolt
|-crit|p2a: Raging Bolt
|-damage|p2a: Raging Bolt|0 fnt
|faint|p2a: Raging Bolt
|-end|p2a: Raging Bolt|Protosynthesis|[silent]
|
|-heal|p1a: Excadrill|18/100|[from] item: Leftovers
|upkeep
|
|t:|1758972733
|switch|p2a: Ting-Lu|Ting-Lu|45/100
|-damage|p2a: Ting-Lu|39/100|[from] Stealth Rock
|-ability|p2a: Ting-Lu|Vessel of Ruin
|turn|25
|
|t:|1758972736
|-terastallize|p1a: Excadrill|Ground
|move|p1a: Excadrill|Earthquake|p2a: Ting-Lu
|-damage|p2a: Ting-Lu|0 fnt
|faint|p2a: Ting-Lu
|
|win|patio fence
|raw|patio fence's rating: 1767 &rarr; <strong>1792</strong><br />(+25 for winning)
|raw|chusei20's rating: 1860 &rarr; <strong>1835</strong><br />(-25 for losing)
|l|☆chusei20
|player|p2|
|l|☆patio fence
|player|p1|
|l| ybah
