|j|☆no902
|j|☆Mossful
|t:|1759043943
|gametype|singles
|player|p1|no902|169|1475
|player|p2|Mossful|evelyn|1502
|gen|9
|tier|[Gen 9] OU
|rated|
|rule|HP Percentage Mod: HP is shown in percentages
|rule|Endless Battle Clause: Forcing endless battles is banned
|rule|Species Clause: Limit one of each Pokémon
|rule|OHKO Clause: OHKO moves are banned
|rule|Evasion Items Clause: Evasion items are banned
|rule|Evasion Moves Clause: Evasion moves are banned
|rule|Evasion Abilities Clause: Evasion abilities are banned
|rule|Sleep Moves Clause: Sleep-inducing moves are banned
|clearpoke
|poke|p1|Kingambit, F|
|poke|p1|Cinderace, F|
|poke|p1|Landorus-Therian, M|
|poke|p1|Iron Valiant|
|poke|p1|Kyurem|
|poke|p1|Slowking-Galar, M|
|poke|p2|Tyranitar, M|
|poke|p2|Excadrill, F|
|poke|p2|Iron Crown|
|poke|p2|Salamence, M|
|poke|p2|Azumarill, F|
|poke|p2|Zamazenta-*|
|teampreview
|inactive|Battle timer is ON: inactive players will automatically lose when time's up. (requested by Mossful)
|
|t:|1759043955
|teamsize|p1|6
|teamsize|p2|6
|start
|switch|p1a: Landorus|Landorus-Therian, M|100/100
|switch|p2a: Salamence|Salamence, M, shiny|100/100
|-ability|p2a: Salamence|Intimidate|boost
|-unboost|p1a: Landorus|atk|1
|-ability|p1a: Landorus|Intimidate|boost
|-unboost|p2a: Salamence|atk|1
|turn|1
|
|t:|1759043961
|move|p2a: Salamence|Hydro Pump|p1a: Landorus|[miss]
|-miss|p2a: Salamence|p1a: Landorus
|move|p1a: Landorus|Stealth Rock|p2a: Salamence
|-sidestart|p2: Mossful|move: Stealth Rock
|
|upkeep
|turn|2
|
|t:|1759043966
|switch|p2a: Tyranitar|Tyranitar, M, shiny|100/100
|-damage|p2a: Tyranitar|88/100|[from] Stealth Rock
|-weather|Sandstorm|[from] ability: Sand Stream|[of] p2a: Tyranitar
|switch|p1a: Slowking|Slowking-Galar, M, shiny|100/100
|
|-weather|Sandstorm|[upkeep]
|-damage|p1a: Slowking|94/100|[from] Sandstorm
|upkeep
|turn|3
|
|t:|1759043976
|switch|p1a: Landorus|Landorus-Therian, M|100/100
|-ability|p1a: Landorus|Intimidate|boost
|-unboost|p2a: Tyranitar|atk|1
|move|p2a: Tyranitar|Stone Edge|p1a: Landorus
|-crit|p1a: Landorus
|-damage|p1a: Landorus|0 fnt
|faint|p1a: Landorus
|
|-weather|Sandstorm|[upkeep]
|upkeep
|
|t:|1759043985
|switch|p1a: Iron Valiant|Iron Valiant|100/100
|-enditem|p1a: Iron Valiant|Booster Energy
|-activate|p1a: Iron Valiant|ability: Quark Drive|[fromitem]
|-start|p1a: Iron Valiant|quarkdrivespe
|turn|4
|c|☆Mossful|I love gambling
|
|t:|1759043996
|switch|p2a: Azumarill|Azumarill, F, shiny|100/100
|-damage|p2a: Azumarill|88/100|[from] Stealth Rock
|move|p1a: Iron Valiant|Moonblast|p2a: Azumarill
|-damage|p2a: Azumarill|40/100
|-unboost|p2a: Azumarill|spa|1
|-enditem|p2a: Azumarill|Sitrus Berry|[eat]
|-heal|p2a: Azumarill|65/100|[from] item: Sitrus Berry
|
|-weather|Sandstorm|[upkeep]
|-damage|p1a: Iron Valiant|94/100|[from] Sandstorm
|-damage|p2a: Azumarill|59/100|[from] Sandstorm
|upkeep
|turn|5
|c|☆no902|Balatro gaming
|c|☆Mossful|BALATRO GAMING
|
|t:|1759044020
|-end|p1a: Iron Valiant|Quark Drive|[silent]
|switch|p1a: Slowking|Slowking-Galar, M, shiny|100/100
|move|p2a: Azumarill|Play Rough|p1a: Slowking
|-resisted|p1a: Slowking
|-damage|p1a: Slowking|71/100
|-unboost|p1a: Slowking|atk|1
|
|-weather|Sandstorm|[upkeep]
|-damage|p2a: Azumarill|53/100|[from] Sandstorm
|-damage|p1a: Slowking|65/100|[from] Sandstorm
|upkeep
|turn|6
|
|t:|1759044035
|move|p2a: Azumarill|Liquidation|p1a: Slowking
|-damage|p1a: Slowking|14/100
|-prepare|p1a: Slowking|Chilly Reception|[premajor]
|move|p1a: Slowking|Chilly Reception|p1a: Slowking
|-weather|Snowscape
|
|t:|1759044038
|switch|p1a: Kyurem|Kyurem, shiny|100/100|[from] Chilly Reception
|-ability|p1a: Kyurem|Pressure
|
|-weather|Snowscape|[upkeep]
|upkeep
|turn|7
|
|t:|1759044041
|switch|p2a: Tyranitar|Tyranitar, M, shiny|88/100
|-damage|p2a: Tyranitar|76/100|[from] Stealth Rock
|-weather|Sandstorm|[from] ability: Sand Stream|[of] p2a: Tyranitar
|move|p1a: Kyurem|Earth Power|p2a: Tyranitar
|-supereffective|p2a: Tyranitar
|-damage|p2a: Tyranitar|11/100
|
|-weather|Sandstorm|[upkeep]
|-damage|p1a: Kyurem|94/100|[from] Sandstorm
|upkeep
|turn|8
|
|t:|1759044046
|switch|p2a: Salamence|Salamence, M, shiny|100/100
|-damage|p2a: Salamence|76/100|[from] Stealth Rock
|-ability|p2a: Salamence|Intimidate|boost
|-unboost|p1a: Kyurem|atk|1
|move|p1a: Kyurem|Earth Power|p2a: Salamence
|-immune|p2a: Salamence
|
|-weather|Sandstorm|[upkeep]
|-damage|p2a: Salamence|70/100|[from] Sandstorm
|-damage|p1a: Kyurem|88/100|[from] Sandstorm
|upkeep
|turn|9
|
|t:|1759044065
|switch|p1a: Slowking|Slowking-Galar, M, shiny|47/100
|move|p2a: Salamence|Draco Meteor|p1a: Slowking
|-damage|p1a: Slowking|0 fnt
|-unboost|p2a: Salamence|spa|2
|faint|p1a: Slowking
|
|-weather|Sandstorm|[upkeep]
|-damage|p2a: Salamence|64/100|[from] Sandstorm
|upkeep
|
|t:|1759044070
|switch|p1a: Iron Valiant|Iron Valiant|94/100
|turn|10
|
|t:|1759044075
|move|p1a: Iron Valiant|Close Combat|p2a: Salamence
|-resisted|p2a: Salamence
|-damage|p2a: Salamence|30/100
|-unboost|p1a: Iron Valiant|def|1
|-unboost|p1a: Iron Valiant|spd|1
|move|p2a: Salamence|Draco Meteor|p1a: Iron Valiant
|-immune|p1a: Iron Valiant
|
|-weather|Sandstorm|[upkeep]
|-damage|p1a: Iron Valiant|88/100|[from] Sandstorm
|-damage|p2a: Salamence|23/100|[from] Sandstorm
|upkeep
|turn|11
|
|t:|1759044083
|move|p1a: Iron Valiant|Close Combat|p2a: Salamence
|-resisted|p2a: Salamence
|-damage|p2a: Salamence|0 fnt
|-unboost|p1a: Iron Valiant|def|1
|-unboost|p1a: Iron Valiant|spd|1
|faint|p2a: Salamence
|
|-weather|none
|upkeep
|inactive|Mossful has 120 seconds left.
|
|t:|1759044117
|switch|p2a: Iron Crown|Iron Crown|100/100
|-damage|p2a: Iron Crown|94/100|[from] Stealth Rock
|turn|12
|inactive|no902 has 120 seconds left.
|
|t:|1759044162
|-end|p1a: Iron Valiant|Quark Drive|[silent]
|switch|p1a: Cinderace|Cinderace, F, shiny|100/100
|move|p2a: Iron Crown|Tachyon Cutter|p1a: Cinderace
|-resisted|p1a: Cinderace
|-damage|p1a: Cinderace|84/100
|-resisted|p1a: Cinderace
|-damage|p1a: Cinderace|69/100
|-hitcount|p1a: Cinderace|2
|
|upkeep
|turn|13
|
|t:|1759044169
|-end|p2a: Iron Crown|Quark Drive|[silent]
|switch|p2a: Tyranitar|Tyranitar, M, shiny|11/100
|-damage|p2a: Tyranitar|0 fnt|[from] Stealth Rock
|faint|p2a: Tyranitar
|move|p1a: Cinderace|Pyro Ball|p2: Tyranitar|[notarget]
|-fail|p1a: Cinderace
|
|upkeep
|
|t:|1759044175
|switch|p2a: Azumarill|Azumarill, F, shiny|53/100
|-damage|p2a: Azumarill|41/100|[from] Stealth Rock
|turn|14
|inactive|no902 has 120 seconds left.
|
|t:|1759044186
|switch|p1a: Kyurem|Kyurem, shiny|88/100
|-ability|p1a: Kyurem|Pressure
|move|p2a: Azumarill|Play Rough|p1a: Kyurem
|-supereffective|p1a: Kyurem
|-damage|p1a: Kyurem|0 fnt
|faint|p1a: Kyurem
|
|upkeep
|inactive|no902 has 120 seconds left.
|
|t:|1759044192
|switch|p1a: Iron Valiant|Iron Valiant|88/100
|turn|15
|
|t:|1759044202
|switch|p2a: Excadrill|Excadrill, F, shiny|100/100
|-damage|p2a: Excadrill|97/100|[from] Stealth Rock
|-item|p2a: Excadrill|Air Balloon
|move|p1a: Iron Valiant|Moonblast|p2a: Excadrill
|-resisted|p2a: Excadrill
|-damage|p2a: Excadrill|71/100
|-enditem|p2a: Excadrill|Air Balloon
|
|upkeep
|turn|16
|inactive|no902 has 120 seconds left.
|
|t:|1759044245
|move|p1a: Iron Valiant|Close Combat|p2a: Excadrill
|-supereffective|p2a: Excadrill
|-damage|p2a: Excadrill|0 fnt
|-unboost|p1a: Iron Valiant|def|1
|-unboost|p1a: Iron Valiant|spd|1
|faint|p2a: Excadrill
|
|upkeep
|
|t:|1759044263
|switch|p2a: Iron Crown|Iron Crown|94/100
|-damage|p2a: Iron Crown|88/100|[from] Stealth Rock
|turn|17
|inactive|no902 has 90 seconds left.
|
|t:|1759044283
|-end|p1a: Iron Valiant|Quark Drive|[silent]
|switch|p1a: Cinderace|Cinderace, F, shiny|69/100
|move|p2a: Iron Crown|Tachyon Cutter|p1a: Cinderace
|-resisted|p1a: Cinderace
|-damage|p1a: Cinderace|53/100
|-resisted|p1a: Cinderace
|-damage|p1a: Cinderace|37/100
|-hitcount|p1a: Cinderace|2
|
|upkeep
|turn|18
|
|t:|1759044296
|-end|p2a: Iron Crown|Quark Drive|[silent]
|switch|p2a: Azumarill|Azumarill, F, shiny|41/100
|-damage|p2a: Azumarill|28/100|[from] Stealth Rock
|move|p1a: Cinderace|U-turn|p2a: Azumarill
|-resisted|p2a: Azumarill
|-damage|p2a: Azumarill|18/100
|
|t:|1759044300
|switch|p1a: Kingambit|Kingambit, F|100/100|[from] U-turn
|-activate|p1a: Kingambit|ability: Supreme Overlord
|-start|p1a: Kingambit|fallen3|[silent]
|
|upkeep
|turn|19
|
|t:|1759044305
|move|p2a: Azumarill|Play Rough|p1a: Kingambit
|-damage|p1a: Kingambit|60/100
|move|p1a: Kingambit|Iron Head|p2a: Azumarill
|-damage|p2a: Azumarill|0 fnt
|faint|p2a: Azumarill
|
|-heal|p1a: Kingambit|66/100|[from] item: Leftovers
|upkeep
|
|t:|1759044309
|switch|p2a: Zamazenta|Zamazenta|100/100
|-damage|p2a: Zamazenta|94/100|[from] Stealth Rock
|-ability|p2a: Zamazenta|Dauntless Shield|boost
|-boost|p2a: Zamazenta|def|1
|turn|20
|inactive|no902 has 120 seconds left.
|inactive|no902 has 90 seconds left.
|
|t:|1759044348
|-end|p1a: Kingambit|fallen3|[silent]
|switch|p1a: Iron Valiant|Iron Valiant|88/100
|move|p2a: Zamazenta|Close Combat|p1a: Iron Valiant
|-resisted|p1a: Iron Valiant
|-damage|p1a: Iron Valiant|37/100
|-unboost|p2a: Zamazenta|def|1
|-unboost|p2a: Zamazenta|spd|1
|-damage|p2a: Zamazenta|84/100|[from] item: Life Orb
|
|upkeep
|turn|21
|inactive|no902 has 90 seconds left.
|
|t:|1759044360
|move|p2a: Zamazenta|Close Combat|p1a: Iron Valiant
|-resisted|p1a: Iron Valiant
|-damage|p1a: Iron Valiant|0 fnt
|-unboost|p2a: Zamazenta|def|1
|-unboost|p2a: Zamazenta|spd|1
|faint|p1a: Iron Valiant
|-end|p1a: Iron Valiant|Quark Drive|[silent]
|-damage|p2a: Zamazenta|75/100|[from] item: Life Orb
|
|upkeep
|inactive|no902 has 90 seconds left.
|
|t:|1759044366
|switch|p1a: Cinderace|Cinderace, F, shiny|37/100
|turn|22
|
|t:|1759044369
|-terastallize|p1a: Cinderace|Flying
|move|p2a: Zamazenta|Close Combat|p1a: Cinderace
|-resisted|p1a: Cinderace
|-damage|p1a: Cinderace|0 fnt
|-unboost|p2a: Zamazenta|def|1
|-unboost|p2a: Zamazenta|spd|1
|faint|p1a: Cinderace
|-damage|p2a: Zamazenta|65/100|[from] item: Life Orb
|
|upkeep
|
|t:|1759044373
|switch|p1a: Kingambit|Kingambit, F|66/100
|-activate|p1a: Kingambit|ability: Supreme Overlord
|-start|p1a: Kingambit|fallen5|[silent]
|turn|23
|
|t:|1759044375
|switch|p2a: Iron Crown|Iron Crown|88/100
|-damage|p2a: Iron Crown|82/100|[from] Stealth Rock
|move|p1a: Kingambit|Sucker Punch||[still]
|-fail|p1a: Kingambit
|
|-heal|p1a: Kingambit|72/100|[from] item: Leftovers
|upkeep
|turn|24
|
|t:|1759044380
|move|p2a: Iron Crown|Focus Blast|p1a: Kingambit|[miss]
|-miss|p2a: Iron Crown|p1a: Kingambit
|move|p1a: Kingambit|Swords Dance|p1a: Kingambit
|-boost|p1a: Kingambit|atk|2
|
|-heal|p1a: Kingambit|78/100|[from] item: Leftovers
|upkeep
|turn|25
|
|t:|1759044383
|move|p1a: Kingambit|Sucker Punch|p2a: Iron Crown
|-supereffective|p2a: Iron Crown
|-damage|p2a: Iron Crown|0 fnt
|faint|p2a: Iron Crown
|-end|p2a: Iron Crown|Quark Drive|[silent]
|
|-heal|p1a: Kingambit|84/100|[from] item: Leftovers
|upkeep
|
|t:|1759044385
|switch|p2a: Zamazenta|Zamazenta|65/100
|-damage|p2a: Zamazenta|59/100|[from] Stealth Rock
|turn|26
|
|t:|1759044390
|-terastallize|p2a: Zamazenta|Fighting
|move|p2a: Zamazenta|Close Combat|p1a: Kingambit
|-supereffective|p1a: Kingambit
|-damage|p1a: Kingambit|0 fnt
|-unboost|p2a: Zamazenta|def|1
|-unboost|p2a: Zamazenta|spd|1
|faint|p1a: Kingambit
|-end|p1a: Kingambit|fallen5|[silent]
|-damage|p2a: Zamazenta|49/100|[from] item: Life Orb
|
|win|Mossful
|raw|no902's rating: 1475 &rarr; <strong>1457</strong><br />(-18 for losing)
|raw|Mossful's rating: 1502 &rarr; <strong>1520</strong><br />(+18 for winning)
|l|☆no902
|player|p1|
|c|☆Mossful|gg
|l|☆Mossful
|player|p2|
