|j|☆heatraniac
|j|☆IMMAAXX
|t:|1759053692
|gametype|singles
|player|p1|heatraniac|miku-flying|
|player|p2|IMMAAXX|lusamine-nihilego|
|gen|9
|tier|[Gen 9] OU
|rule|HP Percentage Mod: HP is shown in percentages
|rule|Endless Battle Clause: Forcing endless battles is banned
|rule|Species Clause: Limit one of each Pokémon
|rule|OHKO Clause: OHKO moves are banned
|rule|Evasion Items Clause: Evasion items are banned
|rule|Evasion Moves Clause: Evasion moves are banned
|rule|Evasion Abilities Clause: Evasion abilities are banned
|rule|Sleep Moves Clause: Sleep-inducing moves are banned
|clearpoke
|poke|p1|Cresselia, F|
|poke|p1|Hatterene, F|
|poke|p1|Porygon2|
|poke|p1|Ursaluna, M|
|poke|p1|Iron Hands|
|poke|p1|Torkoal, F|
|poke|p2|Gholdengo|
|poke|p2|Iron Treads|
|poke|p2|Moltres|
|poke|p2|Samurott-Hisui, F|
|poke|p2|Sinistcha|
|poke|p2|Ting-Lu|
|teampreview
|inactive|Battle timer is ON: inactive players will automatically lose when time's up. (requested by IMMAAXX)
|c|☆IMMAAXX|hf!
|
|t:|1759053720
|teamsize|p1|6
|teamsize|p2|6
|start
|switch|p1a: ERASERHEAD|Porygon2|100/100
|switch|p2a: Samurott|Samurott-Hisui, F|100/100
|-ability|p1a: ERASERHEAD|Download|boost
|-boost|p1a: ERASERHEAD|spa|1
|turn|1
|
|t:|1759053733
|move|p2a: Samurott|Ceaseless Edge|p1a: ERASERHEAD|[miss]
|-miss|p2a: Samurott|p1a: ERASERHEAD
|move|p1a: ERASERHEAD|Trick Room|p1a: ERASERHEAD
|-fieldstart|move: Trick Room|[of] p1a: ERASERHEAD
|
|upkeep
|turn|2
|
|t:|1759053736
|move|p1a: ERASERHEAD|Thunderbolt|p2a: Samurott
|-supereffective|p2a: Samurott
|-damage|p2a: Samurott|0 fnt
|faint|p2a: Samurott
|
|upkeep
|
|t:|1759053740
|switch|p2a: Ting-Lu|Ting-Lu|100/100
|-ability|p2a: Ting-Lu|Vessel of Ruin
|turn|3
|
|t:|1759053744
|switch|p1a: LOST HIGHWAY|Ursaluna, M|100/100
|move|p2a: Ting-Lu|Ruination|p1a: LOST HIGHWAY
|-damage|p1a: LOST HIGHWAY|51/100
|
|-status|p1a: LOST HIGHWAY|brn|[from] item: Flame Orb
|upkeep
|turn|4
|
|t:|1759053751
|switch|p2a: Sinistcha|Sinistcha|100/100
|move|p1a: LOST HIGHWAY|Swords Dance|p1a: LOST HIGHWAY
|-boost|p1a: LOST HIGHWAY|atk|2
|
|-damage|p1a: LOST HIGHWAY|45/100 brn|[from] brn
|upkeep
|turn|5
|
|t:|1759053759
|move|p1a: LOST HIGHWAY|Headlong Rush|p2a: Sinistcha
|-resisted|p2a: Sinistcha
|-damage|p2a: Sinistcha|22/100
|-unboost|p1a: LOST HIGHWAY|def|1
|-unboost|p1a: LOST HIGHWAY|spd|1
|move|p2a: Sinistcha|Strength Sap|p1a: LOST HIGHWAY
|-unboost|p1a: LOST HIGHWAY|atk|1
|-heal|p2a: Sinistcha|100/100
|
|-damage|p1a: LOST HIGHWAY|39/100 brn|[from] brn
|-fieldend|move: Trick Room
|upkeep
|turn|6
|
|t:|1759053783
|switch|p1a: WILD AT HEART|Cresselia, F|100/100
|move|p2a: Sinistcha|Calm Mind|p2a: Sinistcha
|-boost|p2a: Sinistcha|spa|1
|-boost|p2a: Sinistcha|spd|1
|
|upkeep
|turn|7
|
|t:|1759053787
|move|p2a: Sinistcha|Shadow Ball|p1a: WILD AT HEART
|-supereffective|p1a: WILD AT HEART
|-damage|p1a: WILD AT HEART|35/100
|-unboost|p1a: WILD AT HEART|spd|1
|move|p1a: WILD AT HEART|Trick Room|p1a: WILD AT HEART
|-fieldstart|move: Trick Room|[of] p1a: WILD AT HEART
|
|upkeep
|turn|8
|
|t:|1759053799
|move|p2a: Sinistcha|Matcha Gotcha|p1a: WILD AT HEART
|-damage|p1a: WILD AT HEART|0 fnt
|faint|p1a: WILD AT HEART
|
|upkeep
|
|t:|1759053801
|switch|p1a: FIRE WALK WITH ME|Torkoal, F|100/100
|-weather|SunnyDay|[from] ability: Drought|[of] p1a: FIRE WALK WITH ME
|turn|9
|
|t:|1759053828
|switch|p2a: Moltres|Moltres|100/100
|move|p1a: FIRE WALK WITH ME|Eruption|p2a: Moltres
|-resisted|p2a: Moltres
|-damage|p2a: Moltres|25/100
|
|-weather|SunnyDay|[upkeep]
|upkeep
|turn|10
|
|t:|1759053832
|move|p1a: FIRE WALK WITH ME|Eruption|p2a: Moltres
|-resisted|p2a: Moltres
|-damage|p2a: Moltres|0 fnt
|faint|p2a: Moltres
|
|-weather|SunnyDay|[upkeep]
|upkeep
|
|t:|1759053834
|switch|p2a: Ting-Lu|Ting-Lu|100/100
|-ability|p2a: Ting-Lu|Vessel of Ruin
|turn|11
|
|t:|1759053846
|-terastallize|p2a: Ting-Lu|Water
|move|p1a: FIRE WALK WITH ME|Eruption|p2a: Ting-Lu
|-resisted|p2a: Ting-Lu
|-damage|p2a: Ting-Lu|69/100
|move|p2a: Ting-Lu|Earthquake|p1a: FIRE WALK WITH ME
|-supereffective|p1a: FIRE WALK WITH ME
|-damage|p1a: FIRE WALK WITH ME|47/100
|
|-weather|SunnyDay|[upkeep]
|-heal|p2a: Ting-Lu|75/100|[from] item: Leftovers
|-fieldend|move: Trick Room
|upkeep
|turn|12
|
|t:|1759053857
|switch|p1a: ERASERHEAD|Porygon2|100/100
|-ability|p1a: ERASERHEAD|Download|boost
|-boost|p1a: ERASERHEAD|spa|1
|move|p2a: Ting-Lu|Ruination|p1a: ERASERHEAD
|-damage|p1a: ERASERHEAD|50/100
|
|-weather|SunnyDay|[upkeep]
|-heal|p2a: Ting-Lu|81/100|[from] item: Leftovers
|upkeep
|turn|13
|
|t:|1759053861
|move|p2a: Ting-Lu|Stealth Rock|p1a: ERASERHEAD
|-sidestart|p1: heatraniac|move: Stealth Rock
|move|p1a: ERASERHEAD|Trick Room|p1a: ERASERHEAD
|-fieldstart|move: Trick Room|[of] p1a: ERASERHEAD
|
|-weather|none
|-heal|p2a: Ting-Lu|88/100|[from] item: Leftovers
|upkeep
|turn|14
|
|t:|1759053867
|switch|p2a: Iron Treads|Iron Treads|100/100
|move|p1a: ERASERHEAD|Thunderbolt|p2a: Iron Treads
|-immune|p2a: Iron Treads
|
|upkeep
|turn|15
|
|t:|1759053872
|move|p1a: ERASERHEAD|Ice Beam|p2a: Iron Treads
|-damage|p2a: Iron Treads|68/100
|move|p2a: Iron Treads|Earthquake|p1a: ERASERHEAD
|-damage|p1a: ERASERHEAD|26/100
|
|upkeep
|turn|16
|
|t:|1759053878
|move|p1a: ERASERHEAD|Ice Beam|p2a: Iron Treads
|-damage|p2a: Iron Treads|34/100
|move|p2a: Iron Treads|Earthquake|p1a: ERASERHEAD
|-damage|p1a: ERASERHEAD|2/100
|
|upkeep
|turn|17
|
|t:|1759053891
|-end|p2a: Iron Treads|Quark Drive|[silent]
|switch|p2a: Gholdengo|Gholdengo|100/100
|move|p1a: ERASERHEAD|Ice Beam|p2a: Gholdengo
|-resisted|p2a: Gholdengo
|-damage|p2a: Gholdengo|75/100
|
|-fieldend|move: Trick Room
|upkeep
|turn|18
|
|t:|1759053894
|move|p2a: Gholdengo|Thunderbolt|p1a: ERASERHEAD
|-damage|p1a: ERASERHEAD|0 fnt
|faint|p1a: ERASERHEAD
|
|upkeep
|
|t:|1759053916
|switch|p1a: BLUE VELVET|Hatterene, F|100/100
|-damage|p1a: BLUE VELVET|88/100|[from] Stealth Rock
|turn|19
|
|t:|1759053925
|-terastallize|p1a: BLUE VELVET|Water
|move|p2a: Gholdengo|Make It Rain|p1a: BLUE VELVET
|-resisted|p1a: BLUE VELVET
|-damage|p1a: BLUE VELVET|43/100
|-unboost|p2a: Gholdengo|spa|1
|move|p1a: BLUE VELVET|Trick Room|p1a: BLUE VELVET
|-fieldstart|move: Trick Room|[of] p1a: BLUE VELVET
|
|upkeep
|turn|20
|
|t:|1759053932
|move|p1a: BLUE VELVET|Healing Wish|p1a: BLUE VELVET
|faint|p1a: BLUE VELVET
|move|p2a: Gholdengo|Thunderbolt|p1: BLUE VELVET|[notarget]
|-fail|p2a: Gholdengo
|
|upkeep
|
|t:|1759053942
|switch|p1a: LOST HIGHWAY|Ursaluna, M|39/100 brn
|-heal|p1a: LOST HIGHWAY|100/100|[from] move: Healing Wish
|-damage|p1a: LOST HIGHWAY|94/100|[from] Stealth Rock
|turn|21
|
|t:|1759053946
|switch|p2a: Sinistcha|Sinistcha|100/100
|move|p1a: LOST HIGHWAY|Swords Dance|p1a: LOST HIGHWAY
|-boost|p1a: LOST HIGHWAY|atk|2
|
|-status|p1a: LOST HIGHWAY|brn|[from] item: Flame Orb
|upkeep
|turn|22
|
|t:|1759053948
|move|p1a: LOST HIGHWAY|Swords Dance|p1a: LOST HIGHWAY
|-boost|p1a: LOST HIGHWAY|atk|2
|move|p2a: Sinistcha|Strength Sap|p1a: LOST HIGHWAY
|-unboost|p1a: LOST HIGHWAY|atk|1
|
|-damage|p1a: LOST HIGHWAY|88/100 brn|[from] brn
|upkeep
|turn|23
|
|t:|1759053966
|move|p1a: LOST HIGHWAY|Headlong Rush|p2a: Sinistcha
|-resisted|p2a: Sinistcha
|-damage|p2a: Sinistcha|13/100
|-unboost|p1a: LOST HIGHWAY|def|1
|-unboost|p1a: LOST HIGHWAY|spd|1
|move|p2a: Sinistcha|Matcha Gotcha|p1a: LOST HIGHWAY
|-supereffective|p1a: LOST HIGHWAY
|-damage|p1a: LOST HIGHWAY|0 fnt
|-heal|p2a: Sinistcha|72/100|[from] drain|[of] p1a: LOST HIGHWAY
|faint|p1a: LOST HIGHWAY
|
|-fieldend|move: Trick Room
|upkeep
|
|t:|1759053974
|switch|p1a: THE ELEPHANT MAN|Iron Hands|100/100
|-damage|p1a: THE ELEPHANT MAN|94/100|[from] Stealth Rock
|turn|24
|
|t:|1759053979
|move|p2a: Sinistcha|Strength Sap|p1a: THE ELEPHANT MAN
|-unboost|p1a: THE ELEPHANT MAN|atk|1
|-heal|p2a: Sinistcha|100/100
|move|p1a: THE ELEPHANT MAN|Swords Dance|p1a: THE ELEPHANT MAN
|-boost|p1a: THE ELEPHANT MAN|atk|2
|
|upkeep
|turn|25
|
|t:|1759053986
|move|p2a: Sinistcha|Matcha Gotcha|p1a: THE ELEPHANT MAN
|-damage|p1a: THE ELEPHANT MAN|64/100
|move|p1a: THE ELEPHANT MAN|Swords Dance|p1a: THE ELEPHANT MAN
|-boost|p1a: THE ELEPHANT MAN|atk|2
|
|upkeep
|turn|26
|
|t:|1759053990
|move|p2a: Sinistcha|Matcha Gotcha|p1a: THE ELEPHANT MAN
|-damage|p1a: THE ELEPHANT MAN|36/100
|move|p1a: THE ELEPHANT MAN|Ice Punch|p2a: Sinistcha
|-supereffective|p2a: Sinistcha
|-damage|p2a: Sinistcha|0 fnt
|faint|p2a: Sinistcha
|-damage|p1a: THE ELEPHANT MAN|26/100|[from] item: Life Orb
|
|upkeep
|
|t:|1759053996
|switch|p2a: Iron Treads|Iron Treads|34/100
|turn|27
|
|t:|1759054000
|move|p2a: Iron Treads|Earthquake|p1a: THE ELEPHANT MAN
|-supereffective|p1a: THE ELEPHANT MAN
|-damage|p1a: THE ELEPHANT MAN|0 fnt
|faint|p1a: THE ELEPHANT MAN
|-end|p1a: THE ELEPHANT MAN|Quark Drive|[silent]
|
|upkeep
|c|☆heatraniac|gg
|
|t:|1759054003
|switch|p1a: FIRE WALK WITH ME|Torkoal, F|47/100
|-damage|p1a: FIRE WALK WITH ME|23/100|[from] Stealth Rock
|-weather|SunnyDay|[from] ability: Drought|[of] p1a: FIRE WALK WITH ME
|turn|28
|c|☆IMMAAXX|ggs wp
|
|t:|1759054006
|move|p2a: Iron Treads|Earthquake|p1a: FIRE WALK WITH ME
|-supereffective|p1a: FIRE WALK WITH ME
|-damage|p1a: FIRE WALK WITH ME|0 fnt
|faint|p1a: FIRE WALK WITH ME
|
|win|IMMAAXX
