|badge|p1|bronze|gen9ou|100-6
|html|<div class="broadcast-red"><strong>This battle is required to be public due to one or more player having a season medal.</strong><br />During the public phase, you can discuss the state of the ladder <a href="/seasondiscussion">in a special chatroom.</a></div>
|uhtml|medal-msg|<div class="broadcast-blue">Curious what those medals under the avatar are? PS now has Ladder Seasons! For more information, check out the <a href="https://www.smogon.com/forums/threads/3740067/">thread on Smogon.</a></div>
|raw|<div class="broadcast-blue"><strong>This battle is required to be public due to a player having a name starting with 'medal'.</div>
|j|☆healorant
|j|☆trunksdelfuturoo
|t:|1759052770
|gametype|singles
|player|p1|healorant|alder|1819
|player|p2|trunksdelfuturoo|101|1692
|gen|9
|tier|[Gen 9] OU
|rated|
|rule|HP Percentage Mod: HP is shown in percentages
|rule|Endless Battle Clause: Forcing endless battles is banned
|rule|Species Clause: Limit one of each Pokémon
|rule|OHKO Clause: OHKO moves are banned
|rule|Evasion Items Clause: Evasion items are banned
|rule|Evasion Moves Clause: Evasion moves are banned
|rule|Evasion Abilities Clause: Evasion abilities are banned
|rule|Sleep Moves Clause: Sleep-inducing moves are banned
|clearpoke
|poke|p1|Hydrapple, M|
|poke|p1|Gholdengo|
|poke|p1|Samurott-Hisui, M|
|poke|p1|Ting-Lu|
|poke|p1|Tornadus-Therian, M|
|poke|p1|Zamazenta-*|
|poke|p2|Samurott-Hisui, M|
|poke|p2|Zamazenta-*|
|poke|p2|Glimmora, M|
|poke|p2|Dragapult, F|
|poke|p2|Raging Bolt|
|poke|p2|Blissey, F|
|teampreview
|inactive|Battle timer is ON: inactive players will automatically lose when time's up. (requested by trunksdelfuturoo)
|j| Idknamesrry
|
|t:|1759052780
|teamsize|p1|6
|teamsize|p2|6
|start
|switch|p1a: Tornadus|Tornadus-Therian, M|100/100
|switch|p2a: Korabas|Dragapult, F|100/100
|turn|1
|
|t:|1759052786
|move|p2a: Korabas|Dragon Darts|p1a: Tornadus
|-crit|p1a: Tornadus
|-damage|p1a: Tornadus|29/100
|-anim|p2a: Korabas|Dragon Darts|p1a: Tornadus
|-damage|p1a: Tornadus|0 fnt
|faint|p1a: Tornadus
|
|upkeep
|
|t:|1759052794
|switch|p1a: Gholdengo|Gholdengo|100/100
|turn|2
|
|t:|1759052798
|switch|p1a: Samurott|Samurott-Hisui, M|100/100
|switch|p2a: Peccado|Blissey, F|100/100
|
|upkeep
|turn|3
|
|t:|1759052805
|switch|p2a: Itkovian|Glimmora, M, shiny|100/100
|move|p1a: Samurott|Swords Dance|p1a: Samurott
|-boost|p1a: Samurott|atk|2
|
|upkeep
|turn|4
|
|t:|1759052809
|-terastallize|p2a: Itkovian|Grass
|move|p1a: Samurott|Ceaseless Edge|p2a: Itkovian
|-damage|p2a: Itkovian|6/100
|-activate|p2a: Itkovian|ability: Toxic Debris
|-sidestart|p1: healorant|move: Toxic Spikes
|-sidestart|p2: trunksdelfuturoo|Spikes
|move|p2a: Itkovian|Meteor Beam||[still]
|-prepare|p2a: Itkovian|Meteor Beam
|-boost|p2a: Itkovian|spa|1
|-enditem|p2a: Itkovian|Power Herb
|-anim|p2a: Itkovian|Meteor Beam|p1a: Samurott
|-damage|p1a: Samurott|0 fnt
|faint|p1a: Samurott
|
|upkeep
|
|t:|1759052817
|switch|p1a: Gholdengo|Gholdengo|100/100
|turn|5
|
|t:|1759052822
|switch|p2a: Peccado|Blissey, F|100/100
|move|p1a: Gholdengo|Psyshock|p2a: Peccado
|-damage|p2a: Peccado|47/100
|
|upkeep
|turn|6
|
|t:|1759052827
|switch|p1a: Hydrapple|Hydrapple, M|100/100
|switch|p2a: Toc|Samurott-Hisui, M|100/100
|-damage|p2a: Toc|88/100|[from] Spikes
|
|upkeep
|turn|7
|
|t:|1759052830
|switch|p2a: Itkovian|Glimmora, M, shiny, tera:Grass|6/100
|-damage|p2a: Itkovian|0 fnt|[from] Spikes
|faint|p2a: Itkovian
|move|p1a: Hydrapple|Giga Drain|p2: Itkovian|[notarget]
|-fail|p1a: Hydrapple
|
|upkeep
|
|t:|1759052835
|switch|p2a: Korabas|Dragapult, F|100/100
|-damage|p2a: Korabas|88/100|[from] Spikes
|turn|8
|
|t:|1759052837
|-terastallize|p1a: Hydrapple|Poison
|move|p2a: Korabas|U-turn|p1a: Hydrapple
|-resisted|p1a: Hydrapple
|-crit|p1a: Hydrapple
|-damage|p1a: Hydrapple|86/100
|
|t:|1759052840
|switch|p2a: Peccado|Blissey, F|47/100|[from] U-turn
|move|p1a: Hydrapple|Fickle Beam|p2a: Peccado
|-damage|p2a: Peccado|38/100
|
|upkeep
|turn|9
|
|t:|1759052844
|switch|p1a: Gholdengo|Gholdengo|100/100
|move|p2a: Peccado|Soft-Boiled|p2a: Peccado
|-heal|p2a: Peccado|88/100
|
|upkeep
|turn|10
|
|t:|1759052847
|switch|p1a: Hydrapple|Hydrapple, M, tera:Poison|100/100
|-sideend|p1: healorant|move: Toxic Spikes|[of] p1a: Hydrapple
|switch|p2a: Toc|Samurott-Hisui, M|88/100
|-damage|p2a: Toc|76/100|[from] Spikes
|
|upkeep
|turn|11
|
|t:|1759052850
|move|p2a: Toc|Ceaseless Edge|p1a: Hydrapple
|-damage|p1a: Hydrapple|60/100
|-sidestart|p1: healorant|Spikes
|move|p1a: Hydrapple|Giga Drain|p2a: Toc
|-supereffective|p2a: Toc
|-damage|p2a: Toc|0 fnt
|-heal|p1a: Hydrapple|90/100|[from] drain|[of] p2a: Toc
|faint|p2a: Toc
|
|upkeep
|
|t:|1759052855
|switch|p2a: Korabas|Dragapult, F|88/100
|-damage|p2a: Korabas|76/100|[from] Spikes
|turn|12
|
|t:|1759052858
|move|p2a: Korabas|Dragon Darts|p1a: Hydrapple
|-damage|p1a: Hydrapple|67/100
|-anim|p2a: Korabas|Dragon Darts|p1a: Hydrapple
|-damage|p1a: Hydrapple|44/100
|move|p1a: Hydrapple|Fickle Beam|p2a: Korabas
|-supereffective|p2a: Korabas
|-damage|p2a: Korabas|0 fnt
|faint|p2a: Korabas
|
|upkeep
|
|t:|1759052862
|switch|p2a: Icarium|Raging Bolt|100/100
|-damage|p2a: Icarium|88/100|[from] Spikes
|turn|13
|
|t:|1759052865
|switch|p1a: Ting-Lu|Ting-Lu|100/100
|-damage|p1a: Ting-Lu|88/100|[from] Spikes
|-ability|p1a: Ting-Lu|Vessel of Ruin
|move|p2a: Icarium|Dragon Pulse|p1a: Ting-Lu
|-damage|p1a: Ting-Lu|67/100
|
|-heal|p1a: Ting-Lu|73/100|[from] item: Leftovers
|upkeep
|turn|14
|
|t:|1759052868
|move|p2a: Icarium|Dragon Pulse|p1a: Ting-Lu
|-damage|p1a: Ting-Lu|53/100
|move|p1a: Ting-Lu|Earthquake|p2a: Icarium
|-supereffective|p2a: Icarium
|-damage|p2a: Icarium|20/100
|
|-heal|p1a: Ting-Lu|59/100|[from] item: Leftovers
|upkeep
|turn|15
|-message|trunksdelfuturoo forfeited.
|
|win|healorant
|raw|healorant's rating: 1819 &rarr; <strong>1832</strong><br />(+13 for winning)
|raw|trunksdelfuturoo's rating: 1692 &rarr; <strong>1679</strong><br />(-13 for losing)
|l|☆trunksdelfuturoo
|player|p2|
|l|☆healorant
|player|p1|
|l| Idknamesrry
