|j|☆Beegcrispy
|j|☆N4ts0s
|t:|1759066645
|gametype|singles
|player|p1|Beegcrispy|sailor|1152
|player|p2|N4ts0s|265|1191
|gen|9
|tier|[Gen 9] OU
|rated|
|rule|HP Percentage Mod: HP is shown in percentages
|rule|Endless Battle Clause: Forcing endless battles is banned
|rule|Species Clause: Limit one of each Pokémon
|rule|OHKO Clause: OHKO moves are banned
|rule|Evasion Items Clause: Evasion items are banned
|rule|Evasion Moves Clause: Evasion moves are banned
|rule|Evasion Abilities Clause: Evasion abilities are banned
|rule|Sleep Moves Clause: Sleep-inducing moves are banned
|clearpoke
|poke|p1|Clefable, F|
|poke|p1|Ceruledge, M|
|poke|p1|Garganacl, F|
|poke|p1|Dragonite, F|
|poke|p1|Corviknight, F|
|poke|p1|Kingambit, F|
|poke|p2|Rampardos, M|
|poke|p2|Indeedee, M|
|poke|p2|Politoed, M|
|poke|p2|Diancie|
|poke|p2|Vikavolt, F|
|poke|p2|Braviary-Hisui, M|
|teampreview
|
|t:|1759066650
|teamsize|p1|6
|teamsize|p2|6
|start
|switch|p1a: Stacklamite|Garganacl, F|100/100
|switch|p2a: Politoed|Politoed, M|100/100
|-weather|RainDance|[from] ability: Drizzle|[of] p2a: Politoed
|turn|1
|
|t:|1759066654
|move|p2a: Politoed|Surf|p1a: Stacklamite
|-supereffective|p1a: Stacklamite
|-damage|p1a: Stacklamite|0 fnt
|faint|p1a: Stacklamite
|
|-weather|RainDance|[upkeep]
|upkeep
|inactive|Battle timer is ON: inactive players will automatically lose when time's up. (requested by N4ts0s)
|
|t:|1759066661
|switch|p1a: Fear the Dragon|Dragonite, F|100/100
|turn|2
|
|t:|1759066664
|move|p1a: Fear the Dragon|Dragon Dance|p1a: Fear the Dragon
|-boost|p1a: Fear the Dragon|atk|1
|-boost|p1a: Fear the Dragon|spe|1
|move|p2a: Politoed|Ice Beam|p1a: Fear the Dragon
|-supereffective|p1a: Fear the Dragon
|-damage|p1a: Fear the Dragon|44/100
|
|-weather|RainDance|[upkeep]
|-heal|p1a: Fear the Dragon|50/100|[from] item: Leftovers
|upkeep
|turn|3
|
|t:|1759066676
|move|p1a: Fear the Dragon|Dragon Claw|p2a: Politoed
|-damage|p2a: Politoed|19/100
|move|p2a: Politoed|Ice Beam|p1a: Fear the Dragon
|-supereffective|p1a: Fear the Dragon
|-damage|p1a: Fear the Dragon|0 fnt
|faint|p1a: Fear the Dragon
|
|-weather|RainDance|[upkeep]
|upkeep
|
|t:|1759066683
|switch|p1a: Ceruledge|Ceruledge, M|100/100
|turn|4
|
|t:|1759066693
|switch|p2a: Diancie|Diancie|100/100
|move|p1a: Ceruledge|Poison Jab|p2a: Diancie
|-damage|p2a: Diancie|81/100
|
|-weather|RainDance|[upkeep]
|-heal|p2a: Diancie|88/100|[from] item: Leftovers
|upkeep
|turn|5
|
|t:|1759066703
|move|p1a: Ceruledge|Bitter Blade|p2a: Diancie
|-resisted|p2a: Diancie
|-damage|p2a: Diancie|80/100
|move|p2a: Diancie|Trick Room|p2a: Diancie
|-fieldstart|move: Trick Room|[of] p2a: Diancie
|
|-weather|RainDance|[upkeep]
|-heal|p2a: Diancie|86/100|[from] item: Leftovers
|upkeep
|turn|6
|
|t:|1759066709
|switch|p1a: Clefable|Clefable, F|100/100
|move|p2a: Diancie|Stealth Rock|p1a: Clefable
|-sidestart|p1: Beegcrispy|move: Stealth Rock
|
|-weather|RainDance|[upkeep]
|-heal|p2a: Diancie|92/100|[from] item: Leftovers
|upkeep
|turn|7
|
|t:|1759066717
|switch|p2a: Rampardos|Rampardos, M|100/100
|move|p1a: Clefable|Calm Mind|p1a: Clefable
|-boost|p1a: Clefable|spa|1
|-boost|p1a: Clefable|spd|1
|
|-weather|RainDance|[upkeep]
|upkeep
|turn|8
|
|t:|1759066726
|-terastallize|p1a: Clefable|Steel
|move|p2a: Rampardos|Head Smash|p1a: Clefable
|-resisted|p1a: Clefable
|-damage|p1a: Clefable|50/100
|-damage|p2a: Rampardos|75/100|[from] Recoil
|-damage|p2a: Rampardos|66/100|[from] item: Life Orb
|move|p1a: Clefable|Substitute|p1a: Clefable
|-start|p1a: Clefable|Substitute
|-damage|p1a: Clefable|25/100
|
|-weather|none
|-heal|p1a: Clefable|31/100|[from] item: Leftovers
|upkeep
|turn|9
|
|t:|1759066733
|move|p2a: Rampardos|Earthquake|p1a: Clefable
|-supereffective|p1a: Clefable
|-end|p1a: Clefable|Substitute
|-damage|p2a: Rampardos|56/100|[from] item: Life Orb
|move|p1a: Clefable|Moonblast|p2a: Rampardos
|-damage|p2a: Rampardos|0 fnt
|faint|p2a: Rampardos
|
|-heal|p1a: Clefable|37/100|[from] item: Leftovers
|-fieldend|move: Trick Room
|upkeep
|
|t:|1759066741
|switch|p2a: Braviary|Braviary-Hisui, M|100/100
|turn|10
|
|t:|1759066744
|move|p1a: Clefable|Moonlight|p1a: Clefable
|-heal|p1a: Clefable|87/100
|move|p2a: Braviary|Heat Wave|p1a: Clefable
|-supereffective|p1a: Clefable
|-damage|p1a: Clefable|30/100
|
|-heal|p1a: Clefable|36/100|[from] item: Leftovers
|upkeep
|turn|11
|
|t:|1759066755
|switch|p1a: Ceruledge|Ceruledge, M|100/100
|-damage|p1a: Ceruledge|76/100|[from] Stealth Rock
|move|p2a: Braviary|Heat Wave|p1a: Ceruledge
|-resisted|p1a: Ceruledge
|-damage|p1a: Ceruledge|51/100
|
|upkeep
|turn|12
|
|t:|1759066762
|move|p1a: Ceruledge|Bitter Blade|p2a: Braviary
|-damage|p2a: Braviary|54/100
|-heal|p1a: Ceruledge|81/100|[from] drain|[of] p2a: Braviary
|move|p2a: Braviary|Shadow Ball|p1a: Ceruledge
|-supereffective|p1a: Ceruledge
|-damage|p1a: Ceruledge|1/100
|
|upkeep
|turn|13
|
|t:|1759066774
|switch|p2a: Indeedee|Indeedee, M|100/100
|-fieldstart|move: Psychic Terrain|[from] ability: Psychic Surge|[of] p2a: Indeedee
|move|p1a: Ceruledge|Bitter Blade|p2a: Indeedee
|-damage|p2a: Indeedee|27/100
|-heal|p1a: Ceruledge|34/100|[from] drain|[of] p2a: Indeedee
|
|upkeep
|turn|14
|
|t:|1759066783
|move|p1a: Ceruledge|Bitter Blade|p2a: Indeedee
|-damage|p2a: Indeedee|0 fnt
|-heal|p1a: Ceruledge|46/100|[from] drain|[of] p2a: Indeedee
|faint|p2a: Indeedee
|
|upkeep
|
|t:|1759066791
|switch|p2a: Diancie|Diancie|92/100
|turn|15
|
|t:|1759066800
|move|p1a: Ceruledge|Close Combat|p2a: Diancie
|-damage|p2a: Diancie|60/100
|-unboost|p1a: Ceruledge|def|1
|-unboost|p1a: Ceruledge|spd|1
|-enditem|p1a: Ceruledge|White Herb
|-clearnegativeboost|p1a: Ceruledge|[silent]
|move|p2a: Diancie|Trick Room|p2a: Diancie
|-fieldstart|move: Trick Room|[of] p2a: Diancie
|
|-heal|p2a: Diancie|66/100|[from] item: Leftovers
|upkeep
|turn|16
|
|t:|1759066810
|switch|p2a: Braviary|Braviary-Hisui, M|54/100
|switch|p1a: Clefable|Clefable, F, tera:Steel|36/100
|-damage|p1a: Clefable|30/100|[from] Stealth Rock
|
|-heal|p1a: Clefable|36/100|[from] item: Leftovers
|upkeep
|turn|17
|
|t:|1759066822
|move|p2a: Braviary|Heat Wave|p1a: Clefable
|-supereffective|p1a: Clefable
|-damage|p1a: Clefable|0 fnt
|faint|p1a: Clefable
|
|upkeep
|
|t:|1759066827
|switch|p1a: Ceruledge|Ceruledge, M|46/100
|-damage|p1a: Ceruledge|21/100|[from] Stealth Rock
|turn|18
|
|t:|1759066837
|move|p2a: Braviary|Shadow Ball|p1a: Ceruledge
|-supereffective|p1a: Ceruledge
|-damage|p1a: Ceruledge|0 fnt
|faint|p1a: Ceruledge
|
|upkeep
|
|t:|1759066840
|switch|p1a: Corviknight|Corviknight, F|100/100
|-damage|p1a: Corviknight|88/100|[from] Stealth Rock
|turn|19
|
|t:|1759066846
|-terastallize|p2a: Braviary|Fire
|move|p2a: Braviary|Heat Wave|p1a: Corviknight|[miss]
|-miss|p2a: Braviary|p1a: Corviknight
|move|p1a: Corviknight|Defog|p2a: Braviary
|-unboost|p2a: Braviary|evasion|1
|-sideend|p1: Beegcrispy|Stealth Rock|[from] move: Defog|[of] p1a: Corviknight
|-fieldend|move: Psychic Terrain
|
|-heal|p1a: Corviknight|94/100|[from] item: Leftovers
|-fieldend|move: Trick Room
|upkeep
|turn|20
|
|t:|1759066853
|move|p1a: Corviknight|Brave Bird|p2a: Braviary
|-damage|p2a: Braviary|12/100
|-damage|p1a: Corviknight|81/100|[from] Recoil
|move|p2a: Braviary|Heat Wave|p1a: Corviknight
|-supereffective|p1a: Corviknight
|-damage|p1a: Corviknight|0 fnt
|faint|p1a: Corviknight
|
|upkeep
|
|t:|1759066857
|switch|p1a: The Honored One|Kingambit, F|100/100
|-activate|p1a: The Honored One|ability: Supreme Overlord
|-start|p1a: The Honored One|fallen5|[silent]
|turn|21
|
|t:|1759066862
|move|p1a: The Honored One|Sucker Punch|p2a: Braviary
|-damage|p2a: Braviary|0 fnt
|faint|p2a: Braviary
|
|upkeep
|
|t:|1759066868
|switch|p2a: Diancie|Diancie|66/100
|turn|22
|
|t:|1759066876
|move|p1a: The Honored One|Swords Dance|p1a: The Honored One
|-boost|p1a: The Honored One|atk|2
|move|p2a: Diancie|Body Press|p1a: The Honored One
|-supereffective|p1a: The Honored One
|-damage|p1a: The Honored One|3/100
|
|-heal|p2a: Diancie|72/100|[from] item: Leftovers
|upkeep
|turn|23
|
|t:|1759066887
|move|p1a: The Honored One|Iron Head|p2a: Diancie
|-supereffective|p2a: Diancie
|-damage|p2a: Diancie|0 fnt
|faint|p2a: Diancie
|
|upkeep
|
|t:|1759066892
|switch|p2a: Vikavolt|Vikavolt, F|100/100
|turn|24
|
|t:|1759066905
|move|p1a: The Honored One|Sucker Punch|p2a: Vikavolt
|-damage|p2a: Vikavolt|0 fnt
|faint|p2a: Vikavolt
|
|upkeep
|
|t:|1759066908
|switch|p2a: Politoed|Politoed, M|19/100
|-weather|RainDance|[from] ability: Drizzle|[of] p2a: Politoed
|turn|25
|c|☆Beegcrispy|THE STRONGEST OF THE MODERN ERA
|c|☆N4ts0s|you could be literally shut down right now
|c|☆N4ts0s|with 1 encore :D
|
|t:|1759066929
|move|p1a: The Honored One|Sucker Punch|p2a: Politoed
|-damage|p2a: Politoed|0 fnt
|faint|p2a: Politoed
|
|win|Beegcrispy
|raw|Beegcrispy's rating: 1152 &rarr; <strong>1180</strong><br />(+28 for winning)
|raw|N4ts0s's rating: 1191 &rarr; <strong>1163</strong><br />(-28 for losing)
|c|☆N4ts0s|GG
|l|☆N4ts0s
|player|p2|
|c|☆Beegcrispy|GG
