|j|☆Silver951
|j|☆Mamangtopan
|t:|1759033257
|gametype|singles
|player|p1|Silver951|cynthia|1154
|player|p2|Mamangtopan|workerice|1105
|gen|9
|tier|[Gen 9] OU
|rated|
|rule|HP Percentage Mod: HP is shown in percentages
|rule|Endless Battle Clause: Forcing endless battles is banned
|rule|Species Clause: Limit one of each Pokémon
|rule|OHKO Clause: OHKO moves are banned
|rule|Evasion Items Clause: Evasion items are banned
|rule|Evasion Moves Clause: Evasion moves are banned
|rule|Evasion Abilities Clause: Evasion abilities are banned
|rule|Sleep Moves Clause: Sleep-inducing moves are banned
|clearpoke
|poke|p1|Darkrai|
|poke|p1|Dragapult, M|
|poke|p1|Thundurus-Therian, M|
|poke|p1|Jirachi|
|poke|p1|Meloetta|
|poke|p1|Galvantula, M|
|poke|p2|Conkeldurr, M|
|poke|p2|Meowscarada, F|
|poke|p2|Clefable, M|
|poke|p2|Goodra-Hisui, F|
|poke|p2|Vikavolt, F|
|poke|p2|Inteleon, M|
|teampreview
|
|t:|1759033266
|teamsize|p1|6
|teamsize|p2|6
|start
|switch|p1a: Galvantula|Galvantula, M|100/100
|switch|p2a: Conkeldurr|Conkeldurr, M|100/100
|-ability|p1a: Galvantula|Unnerve
|turn|1
|
|t:|1759033275
|move|p1a: Galvantula|Sticky Web|p2a: Conkeldurr
|-sidestart|p2: Mamangtopan|move: Sticky Web
|move|p2a: Conkeldurr|Drain Punch|p1a: Galvantula
|-resisted|p1a: Galvantula
|-damage|p1a: Galvantula|66/100
|
|upkeep
|turn|2
|
|t:|1759033284
|move|p1a: Galvantula|Discharge|p2a: Conkeldurr
|-damage|p2a: Conkeldurr|73/100
|-status|p2a: Conkeldurr|par
|cant|p2a: Conkeldurr|par
|
|-heal|p2a: Conkeldurr|79/100 par|[from] item: Leftovers
|upkeep
|turn|3
|inactive|Battle timer is ON: inactive players will automatically lose when time's up. (requested by Mamangtopan)
|
|t:|1759033300
|move|p1a: Galvantula|Volt Switch|p2a: Conkeldurr
|-damage|p2a: Conkeldurr|53/100 par
|
|t:|1759033304
|switch|p1a: Dragapult|Dragapult, M|100/100|[from] Volt Switch
|move|p2a: Conkeldurr|Defog|p1a: Dragapult
|-unboost|p1a: Dragapult|evasion|1
|-sideend|p2: Mamangtopan|Sticky Web|[from] move: Defog|[of] p2a: Conkeldurr
|
|-heal|p2a: Conkeldurr|59/100 par|[from] item: Leftovers
|upkeep
|turn|4
|
|t:|1759033320
|switch|p2a: Meowscarada|Meowscarada, F|100/100
|move|p1a: Dragapult|Confuse Ray|p2a: Meowscarada
|-start|p2a: Meowscarada|confusion
|
|upkeep
|turn|5
|
|t:|1759033326
|-activate|p2a: Meowscarada|confusion
|move|p2a: Meowscarada|Triple Axel|p1a: Dragapult
|-start|p2a: Meowscarada|typechange|Ice|[from] ability: Protean
|-supereffective|p1a: Dragapult
|-damage|p1a: Dragapult|76/100
|-supereffective|p1a: Dragapult
|-damage|p1a: Dragapult|25/100
|-supereffective|p1a: Dragapult
|-damage|p1a: Dragapult|0 fnt
|faint|p1a: Dragapult
|-hitcount|p1: Dragapult|3
|
|upkeep
|inactive|Silver951 has 120 seconds left.
|
|t:|1759033363
|switch|p1a: Darkrai|Darkrai|100/100
|turn|6
|inactive|Silver951 has 120 seconds left.
|
|t:|1759033375
|switch|p2a: Vikavolt|Vikavolt, F|100/100
|move|p1a: Darkrai|Substitute|p1a: Darkrai
|-start|p1a: Darkrai|Substitute
|-damage|p1a: Darkrai|76/100
|
|-heal|p1a: Darkrai|82/100|[from] item: Leftovers
|upkeep
|turn|7
|j| doodooballs69
|
|t:|1759033383
|move|p1a: Darkrai|Confuse Ray|p2a: Vikavolt
|-start|p2a: Vikavolt|confusion
|-activate|p2a: Vikavolt|confusion
|move|p2a: Vikavolt|Thunderbolt|p1a: Darkrai
|-end|p1a: Darkrai|Substitute
|
|-heal|p1a: Darkrai|88/100|[from] item: Leftovers
|upkeep
|turn|8
|inactive|Silver951 has 120 seconds left.
|
|t:|1759033398
|switch|p1a: Jirachi|Jirachi, shiny|100/100
|-activate|p2a: Vikavolt|confusion
|-damage|p2a: Vikavolt|95/100|[from] confusion
|
|upkeep
|turn|9
|
|t:|1759033404
|move|p1a: Jirachi|Body Slam|p2a: Vikavolt
|-damage|p2a: Vikavolt|70/100
|-activate|p2a: Vikavolt|confusion
|move|p2a: Vikavolt|Sticky Web|p1a: Jirachi
|-sidestart|p1: Silver951|move: Sticky Web
|
|upkeep
|turn|10
|
|t:|1759033422
|switch|p2a: Goodra|Goodra-Hisui, F|100/100
|move|p1a: Jirachi|Body Slam|p2a: Goodra
|-resisted|p2a: Goodra
|-damage|p2a: Goodra|90/100
|-status|p2a: Goodra|par
|-ability|p2a: Goodra|Gooey
|-unboost|p1a: Jirachi|spe|1
|
|upkeep
|turn|11
|
|t:|1759033436
|move|p1a: Jirachi|Confuse Ray|p2a: Goodra
|-start|p2a: Goodra|confusion
|-activate|p2a: Goodra|confusion
|move|p2a: Goodra|Earthquake|p1a: Jirachi
|-supereffective|p1a: Jirachi
|-damage|p1a: Jirachi|53/100
|
|-heal|p1a: Jirachi|59/100|[from] item: Leftovers
|upkeep
|turn|12
|
|t:|1759033453
|switch|p1a: Galvantula|Galvantula, M|66/100
|-ability|p1a: Galvantula|Unnerve
|-activate|p1a: Galvantula|move: Sticky Web
|-unboost|p1a: Galvantula|spe|1
|-activate|p2a: Goodra|confusion
|move|p2a: Goodra|Flamethrower|p1a: Galvantula
|-supereffective|p1a: Galvantula
|-damage|p1a: Galvantula|0 fnt
|faint|p1a: Galvantula
|
|upkeep
|inactive|Silver951 has 120 seconds left.
|
|t:|1759033472
|switch|p1a: Meloetta|Meloetta, shiny|100/100
|-activate|p1a: Meloetta|move: Sticky Web
|-unboost|p1a: Meloetta|spe|1
|turn|13
|-activate|p1a: Meloetta|item: Quick Claw
|
|t:|1759033492
|switch|p2a: Inteleon|Inteleon, M|100/100
|move|p1a: Meloetta|Relic Song|p2a: Inteleon
|-crit|p2a: Inteleon
|-damage|p2a: Inteleon|22/100
|-formechange|p1a: Meloetta|Meloetta-Pirouette|[msg]
|
|upkeep
|turn|14
|inactive|Mamangtopan has 120 seconds left.
|
|t:|1759033514
|move|p2a: Inteleon|U-turn|p1a: Meloetta
|-resisted|p1a: Meloetta
|-damage|p1a: Meloetta|94/100
|inactive|Mamangtopan has 120 seconds left.
|
|t:|1759033521
|switch|p2a: Clefable|Clefable, M|100/100|[from] U-turn
|move|p1a: Meloetta|Zen Headbutt|p2a: Clefable
|-damage|p2a: Clefable|78/100
|-damage|p1a: Meloetta|77/100|[from] item: Rocky Helmet|[of] p2a: Clefable
|
|upkeep
|turn|15
|
|t:|1759033530
|move|p1a: Meloetta|Thunder Wave|p2a: Clefable
|-status|p2a: Clefable|par
|move|p2a: Clefable|Moonblast|p1a: Meloetta
|-supereffective|p1a: Meloetta
|-crit|p1a: Meloetta
|-damage|p1a: Meloetta|0 fnt
|faint|p1a: Meloetta
|
|upkeep
|
|t:|1759033547
|switch|p1a: Jirachi|Jirachi, shiny|59/100
|-activate|p1a: Jirachi|move: Sticky Web
|-unboost|p1a: Jirachi|spe|1
|turn|16
|
|t:|1759033561
|switch|p2a: Goodra|Goodra-Hisui, F|90/100 par
|move|p1a: Jirachi|Confuse Ray|p2a: Goodra
|-start|p2a: Goodra|confusion
|
|-heal|p1a: Jirachi|65/100|[from] item: Leftovers
|upkeep
|turn|17
|inactive|Silver951 has 120 seconds left.
|
|t:|1759033581
|switch|p1a: Thundurus|Thundurus-Therian, M|100/100
|-activate|p2a: Goodra|confusion
|move|p2a: Goodra|Flamethrower|p1a: Thundurus
|-damage|p1a: Thundurus|61/100
|
|-heal|p1a: Thundurus|67/100|[from] item: Leftovers
|upkeep
|turn|18
|inactive|Silver951 has 120 seconds left.
|
|t:|1759033608
|switch|p2a: Meowscarada|Meowscarada, F|100/100
|move|p1a: Thundurus|Dark Pulse|p2a: Meowscarada
|-resisted|p2a: Meowscarada
|-damage|p2a: Meowscarada|76/100
|
|-heal|p1a: Thundurus|73/100|[from] item: Leftovers
|upkeep
|turn|19
|inactive|Silver951 has 120 seconds left.
|
|t:|1759033638
|switch|p1a: Jirachi|Jirachi, shiny|65/100
|-activate|p1a: Jirachi|move: Sticky Web
|-unboost|p1a: Jirachi|spe|1
|move|p2a: Meowscarada|Triple Axel|p1a: Jirachi
|-start|p2a: Meowscarada|typechange|Ice|[from] ability: Protean
|-resisted|p1a: Jirachi
|-damage|p1a: Jirachi|60/100
|-resisted|p1a: Jirachi
|-damage|p1a: Jirachi|51/100
|-resisted|p1a: Jirachi
|-damage|p1a: Jirachi|37/100
|-hitcount|p1a: Jirachi|3
|
|-heal|p1a: Jirachi|43/100|[from] item: Leftovers
|upkeep
|turn|20
|
|t:|1759033660
|switch|p2a: Goodra|Goodra-Hisui, F|90/100 par
|move|p1a: Jirachi|Confuse Ray|p2a: Goodra
|-start|p2a: Goodra|confusion
|
|-heal|p1a: Jirachi|49/100|[from] item: Leftovers
|upkeep
|turn|21
|inactive|Silver951 has 90 seconds left.
|
|t:|1759033678
|switch|p1a: Thundurus|Thundurus-Therian, M|73/100
|-activate|p2a: Goodra|confusion
|cant|p2a: Goodra|par
|
|-heal|p1a: Thundurus|79/100|[from] item: Leftovers
|upkeep
|turn|22
|inactive|Silver951 has 90 seconds left.
|
|t:|1759033700
|move|p1a: Thundurus|Thunder Wave|p2a: Goodra
|-fail|p2a: Goodra|par
|-activate|p2a: Goodra|confusion
|move|p2a: Goodra|Draco Meteor|p1a: Thundurus
|-damage|p1a: Thundurus|0 fnt
|-unboost|p2a: Goodra|spa|2
|faint|p1a: Thundurus
|
|upkeep
|
|t:|1759033721
|switch|p1a: Darkrai|Darkrai|88/100
|-activate|p1a: Darkrai|move: Sticky Web
|-unboost|p1a: Darkrai|spe|1
|turn|23
|
|t:|1759033735
|move|p1a: Darkrai|Substitute|p1a: Darkrai
|-start|p1a: Darkrai|Substitute
|-damage|p1a: Darkrai|63/100
|-activate|p2a: Goodra|confusion
|-damage|p2a: Goodra|81/100 par|[from] confusion
|
|-heal|p1a: Darkrai|69/100|[from] item: Leftovers
|upkeep
|turn|24
|
|t:|1759033744
|move|p1a: Darkrai|Dark Pulse|p2a: Goodra
|-damage|p2a: Goodra|60/100 par
|-end|p2a: Goodra|confusion
|move|p2a: Goodra|Flamethrower|p1a: Darkrai
|-activate|p1a: Darkrai|move: Substitute|[damage]
|
|-heal|p1a: Darkrai|75/100|[from] item: Leftovers
|upkeep
|turn|25
|
|t:|1759033754
|move|p1a: Darkrai|Dark Pulse|p2a: Goodra
|-crit|p2a: Goodra
|-damage|p2a: Goodra|31/100 par
|cant|p2a: Goodra|flinch
|
|-heal|p1a: Darkrai|81/100|[from] item: Leftovers
|upkeep
|turn|26
|inactive|Silver951 has 90 seconds left.
|
|t:|1759033766
|move|p1a: Darkrai|Dark Pulse|p2a: Goodra
|-damage|p2a: Goodra|11/100 par
|move|p2a: Goodra|Flash Cannon|p1a: Darkrai
|-end|p1a: Darkrai|Substitute
|
|-heal|p1a: Darkrai|87/100|[from] item: Leftovers
|upkeep
|turn|27
|inactive|Silver951 has 90 seconds left.
|
|t:|1759033779
|move|p1a: Darkrai|Substitute|p1a: Darkrai
|-start|p1a: Darkrai|Substitute
|-damage|p1a: Darkrai|62/100
|move|p2a: Goodra|Draco Meteor|p1a: Darkrai
|-end|p1a: Darkrai|Substitute
|-unboost|p2a: Goodra|spa|2
|
|-heal|p1a: Darkrai|68/100|[from] item: Leftovers
|upkeep
|turn|28
|inactive|Silver951 has 90 seconds left.
|
|t:|1759033788
|move|p1a: Darkrai|Substitute|p1a: Darkrai
|-start|p1a: Darkrai|Substitute
|-damage|p1a: Darkrai|43/100
|move|p2a: Goodra|Draco Meteor|p1a: Darkrai
|-end|p1a: Darkrai|Substitute
|-unboost|p2a: Goodra|spa|2
|
|-heal|p1a: Darkrai|49/100|[from] item: Leftovers
|upkeep
|turn|29
|inactive|Silver951 has 90 seconds left.
|
|t:|1759033806
|move|p1a: Darkrai|Substitute|p1a: Darkrai
|-start|p1a: Darkrai|Substitute
|-damage|p1a: Darkrai|25/100
|move|p2a: Goodra|Draco Meteor|p1a: Darkrai
|-activate|p1a: Darkrai|move: Substitute|[damage]
|
|-heal|p1a: Darkrai|31/100|[from] item: Leftovers
|upkeep
|turn|30
|inactive|Silver951 has 90 seconds left.
|
|t:|1759033813
|move|p1a: Darkrai|Dark Pulse|p2a: Goodra
|-damage|p2a: Goodra|0 fnt
|faint|p2a: Goodra
|
|-heal|p1a: Darkrai|37/100|[from] item: Leftovers
|upkeep
|
|t:|1759033824
|switch|p2a: Vikavolt|Vikavolt, F|70/100
|turn|31
|
|t:|1759033830
|move|p1a: Darkrai|Confuse Ray|p2a: Vikavolt
|-start|p2a: Vikavolt|confusion
|-activate|p2a: Vikavolt|confusion
|move|p2a: Vikavolt|Bug Buzz|p1a: Darkrai
|-supereffective|p1a: Darkrai
|-damage|p1a: Darkrai|0 fnt
|faint|p1a: Darkrai
|
|upkeep
|
|t:|1759033838
|switch|p1a: Jirachi|Jirachi, shiny|49/100
|-activate|p1a: Jirachi|move: Sticky Web
|-unboost|p1a: Jirachi|spe|1
|turn|32
|
|t:|1759033855
|move|p1a: Jirachi|Body Slam|p2a: Vikavolt
|-damage|p2a: Vikavolt|43/100
|-activate|p2a: Vikavolt|confusion
|move|p2a: Vikavolt|Volt Switch|p1a: Jirachi
|-crit|p1a: Jirachi
|-damage|p1a: Jirachi|0 fnt
|faint|p1a: Jirachi
|
|win|Mamangtopan
|raw|Silver951's rating: 1154 &rarr; <strong>1125</strong><br />(-29 for losing)
|raw|Mamangtopan's rating: 1105 &rarr; <strong>1134</strong><br />(+29 for winning)
|l|☆Mamangtopan
|player|p2|
|l|☆Silver951
|player|p1|
