|j|☆4arms67
|j|☆Johnytt
|t:|1758945632
|gametype|singles
|player|p1|4arms67|101|1424
|player|p2|Johnytt|1|1465
|gen|9
|tier|[Gen 9] OU
|rated|
|rule|HP Percentage Mod: HP is shown in percentages
|rule|Endless Battle Clause: Forcing endless battles is banned
|rule|Species Clause: Limit one of each Pokémon
|rule|OHKO Clause: OHKO moves are banned
|rule|Evasion Items Clause: Evasion items are banned
|rule|Evasion Moves Clause: Evasion moves are banned
|rule|Evasion Abilities Clause: Evasion abilities are banned
|rule|Sleep Moves Clause: Sleep-inducing moves are banned
|clearpoke
|poke|p1|Landorus-Therian, M|
|poke|p1|Dragapult, M|
|poke|p1|Samurott-Hisui, F|
|poke|p1|Scizor, M|
|poke|p1|Cinderace, M|
|poke|p1|Iron Valiant|
|poke|p2|Samurott-Hisui, M|
|poke|p2|Sinistcha|
|poke|p2|Landorus-Therian, M|
|poke|p2|Hydreigon, M|
|poke|p2|Tinkaton, F|
|poke|p2|Moltres|
|teampreview
|inactive|Battle timer is ON: inactive players will automatically lose when time's up. (requested by Johnytt)
|
|t:|1758945650
|teamsize|p1|6
|teamsize|p2|6
|start
|switch|p1a: Dragapult|Dragapult, M|100/100
|switch|p2a: Tinkaton|Tinkaton, F|100/100
|-item|p2a: Tinkaton|Air Balloon
|turn|1
|
|t:|1758945658
|move|p1a: Dragapult|U-turn|p2a: Tinkaton
|-resisted|p2a: Tinkaton
|-crit|p2a: Tinkaton
|-damage|p2a: Tinkaton|83/100
|-enditem|p2a: Tinkaton|Air Balloon
|-enditem|p1a: Dragapult|Choice Band|[silent]|[from] ability: Pickpocket|[of] p1a: Dragapult
|-item|p2a: Tinkaton|Choice Band|[from] ability: Pickpocket|[of] p1a: Dragapult
|
|t:|1758945661
|switch|p1a: Landorus|Landorus-Therian, M|100/100|[from] U-turn
|-ability|p1a: Landorus|Intimidate|boost
|-unboost|p2a: Tinkaton|atk|1
|move|p2a: Tinkaton|Stealth Rock|p1a: Landorus
|-sidestart|p1: 4arms67|move: Stealth Rock
|
|upkeep
|turn|2
|
|t:|1758945671
|switch|p2a: Landorus|Landorus-Therian, M|100/100
|-ability|p2a: Landorus|Intimidate|boost
|-unboost|p1a: Landorus|atk|1
|move|p1a: Landorus|U-turn|p2a: Landorus
|-resisted|p2a: Landorus
|-damage|p2a: Landorus|87/100
|inactive|4arms67 has 120 seconds left.
|
|t:|1758945699
|switch|p1a: Samurott|Samurott-Hisui, F|100/100|[from] U-turn
|-damage|p1a: Samurott|88/100|[from] Stealth Rock
|
|upkeep
|turn|3
|
|t:|1758945705
|move|p2a: Landorus|U-turn|p1a: Samurott
|-supereffective|p1a: Samurott
|-damage|p1a: Samurott|34/100
|
|t:|1758945713
|switch|p2a: Samurott|Samurott-Hisui, M|100/100|[from] U-turn
|move|p1a: Samurott|Razor Shell|p2a: Samurott
|-resisted|p2a: Samurott
|-damage|p2a: Samurott|60/100
|-unboost|p2a: Samurott|def|1
|
|upkeep
|turn|4
|l|☆4arms67
|inactive|4arms67 disconnected and has a minute to reconnect!
|player|p1|
|j|☆4arms67
|inactive|4arms67 reconnected and has 120 seconds left.
|player|p1|4arms67|101|
|
|t:|1758945739
|move|p2a: Samurott|Sacred Sword|p1a: Samurott
|-supereffective|p1a: Samurott
|-damage|p1a: Samurott|0 fnt
|faint|p1a: Samurott
|
|upkeep
|
|t:|1758945741
|switch|p1a: Dragapult|Dragapult, M|100/100
|-damage|p1a: Dragapult|88/100|[from] Stealth Rock
|turn|5
|l|☆4arms67
|inactive|4arms67 disconnected and has a minute to reconnect!
|player|p1|
|
|t:|1758945750
|switch|p2a: Tinkaton|Tinkaton, F|83/100
|move|p1a: Dragapult|U-turn|p2a: Tinkaton
|-resisted|p2a: Tinkaton
|-damage|p2a: Tinkaton|74/100
|j|☆4arms67
|inactive|4arms67 reconnected and has 120 seconds left.
|player|p1|4arms67|101|
|
|t:|1758945771
|switch|p1a: Cinderace|Cinderace, M|100/100|[from] U-turn
|-damage|p1a: Cinderace|76/100|[from] Stealth Rock
|
|upkeep
|turn|6
|inactive|4arms67 has 120 seconds left.
|
|t:|1758945781
|switch|p2a: Moltres|Moltres|100/100
|move|p1a: Cinderace|Pyro Ball|p2a: Moltres
|-resisted|p2a: Moltres
|-damage|p2a: Moltres|59/100
|
|upkeep
|turn|7
|
|t:|1758945785
|switch|p1a: Dragapult|Dragapult, M|88/100
|-damage|p1a: Dragapult|76/100|[from] Stealth Rock
|move|p2a: Moltres|Roost|p2a: Moltres
|-heal|p2a: Moltres|100/100
|-singleturn|p2a: Moltres|move: Roost
|
|upkeep
|turn|8
|
|t:|1758945791
|move|p1a: Dragapult|Phantom Force||[still]
|-prepare|p1a: Dragapult|Phantom Force
|move|p2a: Moltres|U-turn|p1a: Dragapult|[miss]
|-miss|p2a: Moltres|p1a: Dragapult
|
|upkeep
|turn|9
|
|t:|1758945800
|switch|p2a: Samurott|Samurott-Hisui, M|60/100
|move|p1a: Dragapult|Phantom Force|p2a: Samurott|[from] lockedmove
|-resisted|p2a: Samurott
|-damage|p2a: Samurott|34/100
|
|upkeep
|turn|10
|
|t:|1758945808
|move|p2a: Samurott|Ceaseless Edge|p1a: Dragapult
|-supereffective|p1a: Dragapult
|-damage|p1a: Dragapult|0 fnt
|-sidestart|p1: 4arms67|Spikes
|faint|p1a: Dragapult
|
|upkeep
|
|t:|1758945811
|switch|p1a: Iron Valiant|Iron Valiant|100/100
|-damage|p1a: Iron Valiant|94/100|[from] Stealth Rock
|-damage|p1a: Iron Valiant|82/100|[from] Spikes
|turn|11
|
|t:|1758945817
|switch|p2a: Moltres|Moltres|100/100
|move|p1a: Iron Valiant|Trick|p2a: Moltres
|-activate|p1a: Iron Valiant|move: Trick|[of] p2a: Moltres
|-item|p2a: Moltres|Choice Band|[from] move: Trick
|-item|p1a: Iron Valiant|Heavy-Duty Boots|[from] move: Trick
|
|upkeep
|turn|12
|
|t:|1758945827
|-end|p1a: Iron Valiant|Quark Drive|[silent]
|switch|p1a: Cinderace|Cinderace, M|76/100
|-damage|p1a: Cinderace|51/100|[from] Stealth Rock
|-damage|p1a: Cinderace|38/100|[from] Spikes
|move|p2a: Moltres|Flamethrower|p1a: Cinderace
|-resisted|p1a: Cinderace
|-damage|p1a: Cinderace|6/100
|
|upkeep
|turn|13
|
|t:|1758945833
|move|p1a: Cinderace|Court Change|p1a: Cinderace
|-start|p1a: Cinderace|typechange|Normal|[from] ability: Libero
|-swapsideconditions
|-activate|p1a: Cinderace|move: Court Change
|move|p2a: Moltres|Flamethrower|p1a: Cinderace
|-crit|p1a: Cinderace
|-damage|p1a: Cinderace|0 fnt
|faint|p1a: Cinderace
|
|upkeep
|
|t:|1758945836
|switch|p1a: Landorus|Landorus-Therian, M|100/100
|-ability|p1a: Landorus|Intimidate|boost
|-unboost|p2a: Moltres|atk|1
|turn|14
|
|t:|1758945839
|move|p1a: Landorus|Stone Edge|p2a: Moltres
|-supereffective|p2a: Moltres
|-crit|p2a: Moltres
|-damage|p2a: Moltres|0 fnt
|faint|p2a: Moltres
|
|upkeep
|l|☆4arms67
|inactive|4arms67 disconnected and has a minute to reconnect!
|player|p1|
|
|t:|1758945855
|switch|p2a: Samurott|Samurott-Hisui, M|34/100
|-damage|p2a: Samurott|22/100|[from] Stealth Rock
|-damage|p2a: Samurott|9/100|[from] Spikes
|turn|15
|j|☆4arms67
|inactive|4arms67 reconnected and has 145 seconds left.
|player|p1|4arms67|101|
|
|t:|1758945863
|switch|p1a: Iron Valiant|Iron Valiant|82/100
|move|p2a: Samurott|Aqua Cutter|p1a: Iron Valiant
|-damage|p1a: Iron Valiant|21/100
|
|upkeep
|turn|16
|
|t:|1758945872
|move|p2a: Samurott|Aqua Cutter|p1a: Iron Valiant
|-damage|p1a: Iron Valiant|0 fnt
|faint|p1a: Iron Valiant
|-end|p1a: Iron Valiant|Quark Drive|[silent]
|
|upkeep
|
|t:|1758945874
|switch|p1a: Scizor|Scizor, M|100/100
|turn|17
|
|t:|1758945878
|switch|p2a: Landorus|Landorus-Therian, M|87/100
|-damage|p2a: Landorus|75/100|[from] Stealth Rock
|-ability|p2a: Landorus|Intimidate|boost
|-unboost|p1a: Scizor|atk|1
|move|p1a: Scizor|Bullet Punch|p2a: Landorus
|-damage|p2a: Landorus|38/100
|
|upkeep
|turn|18
|inactive|4arms67 has 120 seconds left.
|
|t:|1758945910
|switch|p1a: Landorus|Landorus-Therian, M|100/100
|-ability|p1a: Landorus|Intimidate|boost
|-unboost|p2a: Landorus|atk|1
|move|p2a: Landorus|U-turn|p1a: Landorus
|-resisted|p1a: Landorus
|-crit|p1a: Landorus
|-damage|p1a: Landorus|82/100
|
|t:|1758945922
|switch|p2a: Tinkaton|Tinkaton, F|74/100|[from] U-turn
|-damage|p2a: Tinkaton|68/100|[from] Stealth Rock
|-damage|p2a: Tinkaton|56/100|[from] Spikes
|
|upkeep
|turn|19
|
|t:|1758945935
|switch|p2a: Landorus|Landorus-Therian, M|38/100
|-damage|p2a: Landorus|26/100|[from] Stealth Rock
|-ability|p2a: Landorus|Intimidate|boost
|-unboost|p1a: Landorus|atk|1
|move|p1a: Landorus|U-turn|p2a: Landorus
|-resisted|p2a: Landorus
|-damage|p2a: Landorus|11/100
|
|t:|1758945938
|switch|p1a: Scizor|Scizor, M|100/100|[from] U-turn
|
|upkeep
|turn|20
|
|t:|1758945942
|move|p1a: Scizor|Bullet Punch|p2a: Landorus
|-damage|p2a: Landorus|0 fnt
|faint|p2a: Landorus
|
|upkeep
|
|t:|1758945948
|switch|p2a: Sinistcha|Sinistcha|100/100
|turn|21
|
|t:|1758945952
|switch|p1a: Landorus|Landorus-Therian, M|82/100
|-ability|p1a: Landorus|Intimidate|boost
|-unboost|p2a: Sinistcha|atk|1
|move|p2a: Sinistcha|Strength Sap|p1a: Landorus
|-unboost|p1a: Landorus|atk|1
|
|upkeep
|turn|22
|
|t:|1758945959
|-terastallize|p1a: Landorus|Flying
|move|p1a: Landorus|Tera Blast|p2a: Sinistcha|[anim] Tera Blast Flying
|-supereffective|p2a: Sinistcha
|-damage|p2a: Sinistcha|4/100
|move|p2a: Sinistcha|Matcha Gotcha|p1a: Landorus
|-resisted|p1a: Landorus
|-damage|p1a: Landorus|63/100
|-heal|p2a: Sinistcha|18/100|[from] drain|[of] p1a: Landorus
|
|upkeep
|turn|23
|
|t:|1758945970
|move|p1a: Landorus|Tera Blast|p2a: Sinistcha|[anim] Tera Blast Flying
|-supereffective|p2a: Sinistcha
|-damage|p2a: Sinistcha|0 fnt
|faint|p2a: Sinistcha
|
|upkeep
|
|t:|1758945974
|switch|p2a: Samurott|Samurott-Hisui, M|9/100
|-damage|p2a: Samurott|0 fnt|[from] Stealth Rock
|faint|p2a: Samurott
|
|t:|1758945975
|switch|p2a: Tinkaton|Tinkaton, F|56/100
|-damage|p2a: Tinkaton|50/100|[from] Stealth Rock
|-damage|p2a: Tinkaton|38/100|[from] Spikes
|turn|24
|
|t:|1758945984
|switch|p1a: Scizor|Scizor, M|100/100
|move|p2a: Tinkaton|Ice Hammer|p1a: Scizor
|-resisted|p1a: Scizor
|-damage|p1a: Scizor|78/100
|-unboost|p2a: Tinkaton|spe|1
|
|upkeep
|turn|25
|
|t:|1758945991
|move|p1a: Scizor|Bullet Punch|p2a: Tinkaton
|-damage|p2a: Tinkaton|0 fnt
|faint|p2a: Tinkaton
|
|upkeep
|
|t:|1758945994
|switch|p2a: Hydreigon|Hydreigon, M|100/100
|-damage|p2a: Hydreigon|88/100|[from] Stealth Rock
|turn|26
|
|t:|1758945999
|move|p1a: Scizor|Bullet Punch|p2a: Hydreigon
|-damage|p2a: Hydreigon|25/100
|move|p2a: Hydreigon|Dark Pulse|p1a: Scizor
|-damage|p1a: Scizor|0 fnt
|faint|p1a: Scizor
|
|upkeep
|
|t:|1758946001
|switch|p1a: Landorus|Landorus-Therian, M, tera:Flying|63/100
|-ability|p1a: Landorus|Intimidate|boost
|-unboost|p2a: Hydreigon|atk|1
|turn|27
|
|t:|1758946006
|-terastallize|p2a: Hydreigon|Steel
|move|p1a: Landorus|Tera Blast|p2a: Hydreigon|[anim] Tera Blast Flying
|-resisted|p2a: Hydreigon
|-damage|p2a: Hydreigon|0 fnt
|faint|p2a: Hydreigon
|
|win|4arms67
|raw|4arms67's rating: 1424 &rarr; <strong>1446</strong><br />(+22 for winning)
|raw|Johnytt's rating: 1465 &rarr; <strong>1443</strong><br />(-22 for losing)
|l|☆4arms67
|player|p1|
|l|☆Johnytt
|player|p2|
