|j|☆NewNewPoke
|j|☆knightofcenturia
|t:|1758948154
|gametype|singles
|player|p1|NewNewPoke|sabrina|1230
|player|p2|knightofcenturia|266|1204
|gen|9
|tier|[Gen 9] OU
|rated|
|rule|HP Percentage Mod: HP is shown in percentages
|rule|Endless Battle Clause: Forcing endless battles is banned
|rule|Species Clause: Limit one of each Pokémon
|rule|OHKO Clause: OHKO moves are banned
|rule|Evasion Items Clause: Evasion items are banned
|rule|Evasion Moves Clause: Evasion moves are banned
|rule|Evasion Abilities Clause: Evasion abilities are banned
|rule|Sleep Moves Clause: Sleep-inducing moves are banned
|clearpoke
|poke|p1|Glimmora, M|
|poke|p1|Great Tusk|
|poke|p1|Ogerpon-Wellspring, F|
|poke|p1|Raging Bolt|
|poke|p1|Kingambit, M|
|poke|p1|Clefable, M|
|poke|p2|Araquanid, M|
|poke|p2|Enamorus, F|
|poke|p2|Serperior, F|
|poke|p2|Cinderace, M|
|poke|p2|Milotic, F|
|poke|p2|Kingambit, F|
|teampreview
|
|t:|1758948165
|teamsize|p1|6
|teamsize|p2|6
|start
|switch|p1a: Glimmora|Glimmora, M|100/100
|switch|p2a: Araquanid|Araquanid, M|100/100
|turn|1
|
|t:|1758948171
|move|p1a: Glimmora|Power Gem|p2a: Araquanid
|-supereffective|p2a: Araquanid
|-damage|p2a: Araquanid|36/100
|move|p2a: Araquanid|Sticky Web|p1a: Glimmora
|-sidestart|p1: NewNewPoke|move: Sticky Web
|
|upkeep
|turn|2
|
|t:|1758948175
|move|p2a: Araquanid|Endure|p2a: Araquanid
|-singleturn|p2a: Araquanid|move: Endure
|move|p1a: Glimmora|Power Gem|p2a: Araquanid
|-supereffective|p2a: Araquanid
|-activate|p2a: Araquanid|move: Endure
|-damage|p2a: Araquanid|1/100
|
|upkeep
|turn|3
|-enditem|p2a: Araquanid|Custap Berry|[eat]
|-activate|p2a: Araquanid|item: Custap Berry|[consumed]
|
|t:|1758948181
|move|p1a: Glimmora|Spiky Shield|p1a: Glimmora
|-singleturn|p1a: Glimmora|move: Protect
|move|p2a: Araquanid|Surf|p1a: Glimmora
|-activate|p1a: Glimmora|move: Protect
|
|upkeep
|turn|4
|
|t:|1758948190
|switch|p2a: Kingambit|Kingambit, F|100/100
|move|p1a: Glimmora|Sludge Bomb|p2a: Kingambit
|-immune|p2a: Kingambit
|
|upkeep
|turn|5
|
|t:|1758948198
|switch|p1a: Great Tusk|Great Tusk|100/100
|move|p2a: Kingambit|Iron Head|p1a: Great Tusk
|-damage|p1a: Great Tusk|73/100
|
|upkeep
|turn|6
|
|t:|1758948204
|switch|p2a: Milotic|Milotic, F|100/100
|move|p1a: Great Tusk|Rapid Spin|p2a: Milotic
|-damage|p2a: Milotic|80/100
|-boost|p1a: Great Tusk|spe|1
|-sideend|p1: NewNewPoke|Sticky Web|[from] move: Rapid Spin|[of] p1a: Great Tusk
|
|upkeep
|turn|7
|
|t:|1758948213
|move|p1a: Great Tusk|Knock Off|p2a: Milotic
|-damage|p2a: Milotic|44/100
|-enditem|p2a: Milotic|Choice Specs|[from] move: Knock Off|[of] p1a: Great Tusk
|move|p2a: Milotic|Alluring Voice|p1a: Great Tusk
|-supereffective|p1a: Great Tusk
|-damage|p1a: Great Tusk|5/100
|
|upkeep
|turn|8
|
|t:|1758948223
|switch|p2a: Araquanid|Araquanid, M|1/100
|move|p1a: Great Tusk|High Horsepower|p2a: Araquanid
|-resisted|p2a: Araquanid
|-damage|p2a: Araquanid|0 fnt
|faint|p2a: Araquanid
|
|upkeep
|
|t:|1758948229
|switch|p2a: Serperior|Serperior, F|100/100
|turn|9
|
|t:|1758948238
|move|p2a: Serperior|Leaf Storm|p1a: Great Tusk
|-supereffective|p1a: Great Tusk
|-damage|p1a: Great Tusk|0 fnt
|-boost|p2a: Serperior|spa|2
|faint|p1a: Great Tusk
|-end|p1a: Great Tusk|Protosynthesis|[silent]
|
|upkeep
|
|t:|1758948243
|switch|p1a: Glimmora|Glimmora, M|100/100
|turn|10
|
|t:|1758948251
|switch|p2a: Kingambit|Kingambit, F|100/100
|move|p1a: Glimmora|Sludge Bomb|p2a: Kingambit
|-immune|p2a: Kingambit
|
|upkeep
|turn|11
|
|t:|1758948264
|move|p1a: Glimmora|Spikes|p2a: Kingambit
|-sidestart|p2: knightofcenturia|Spikes
|move|p2a: Kingambit|Iron Head|p1a: Glimmora
|-supereffective|p1a: Glimmora
|-enditem|p1a: Glimmora|Focus Sash
|-damage|p1a: Glimmora|1/100
|-activate|p1a: Glimmora|ability: Toxic Debris
|-sidestart|p2: knightofcenturia|move: Toxic Spikes
|
|upkeep
|turn|12
|
|t:|1758948273
|move|p1a: Glimmora|Spikes|p2a: Kingambit
|-sidestart|p2: knightofcenturia|Spikes
|move|p2a: Kingambit|Low Kick|p1a: Glimmora
|-damage|p1a: Glimmora|0 fnt
|-activate|p1a: Glimmora|ability: Toxic Debris
|-sidestart|p2: knightofcenturia|move: Toxic Spikes
|faint|p1a: Glimmora
|
|upkeep
|
|t:|1758948282
|switch|p1a: Ogerpon|Ogerpon-Wellspring, F|100/100
|turn|13
|
|t:|1758948287
|move|p1a: Ogerpon|Knock Off|p2a: Kingambit
|-resisted|p2a: Kingambit
|-damage|p2a: Kingambit|85/100
|-enditem|p2a: Kingambit|Black Glasses|[from] move: Knock Off|[of] p1a: Ogerpon
|move|p2a: Kingambit|Kowtow Cleave|p1a: Ogerpon
|-damage|p1a: Ogerpon|33/100
|
|upkeep
|turn|14
|
|t:|1758948304
|move|p2a: Kingambit|Sucker Punch|p1a: Ogerpon
|-damage|p1a: Ogerpon|0 fnt
|faint|p1a: Ogerpon
|
|upkeep
|
|t:|1758948307
|switch|p1a: Raging Bolt|Raging Bolt|100/100
|turn|15
|
|t:|1758948319
|move|p2a: Kingambit|Low Kick|p1a: Raging Bolt
|-damage|p1a: Raging Bolt|63/100
|move|p1a: Raging Bolt|Calm Mind|p1a: Raging Bolt
|-boost|p1a: Raging Bolt|spa|1
|-boost|p1a: Raging Bolt|spd|1
|
|-heal|p1a: Raging Bolt|69/100|[from] item: Leftovers
|upkeep
|turn|16
|
|t:|1758948331
|move|p2a: Kingambit|Low Kick|p1a: Raging Bolt
|-damage|p1a: Raging Bolt|34/100
|move|p1a: Raging Bolt|Thunderbolt|p2a: Kingambit
|-damage|p2a: Kingambit|0 fnt
|faint|p2a: Kingambit
|
|-heal|p1a: Raging Bolt|40/100|[from] item: Leftovers
|upkeep
|
|t:|1758948335
|switch|p2a: Cinderace|Cinderace, M|100/100
|turn|17
|
|t:|1758948342
|move|p2a: Cinderace|Court Change|p2a: Cinderace
|-start|p2a: Cinderace|typechange|Normal|[from] ability: Libero
|-swapsideconditions
|-activate|p2a: Cinderace|move: Court Change
|move|p1a: Raging Bolt|Thunderbolt|p2a: Cinderace
|-damage|p2a: Cinderace|0 fnt
|faint|p2a: Cinderace
|
|-heal|p1a: Raging Bolt|46/100|[from] item: Leftovers
|upkeep
|
|t:|1758948353
|switch|p2a: Enamorus|Enamorus, F|100/100
|turn|18
|
|t:|1758948356
|-terastallize|p2a: Enamorus|Fairy
|-terastallize|p1a: Raging Bolt|Fairy
|move|p2a: Enamorus|Moonblast|p1a: Raging Bolt
|-damage|p1a: Raging Bolt|0 fnt
|faint|p1a: Raging Bolt
|-end|p1a: Raging Bolt|Protosynthesis|[silent]
|
|upkeep
|
|t:|1758948365
|switch|p1a: Clefable|Clefable, M|100/100
|-status|p1a: Clefable|tox
|turn|19
|
|t:|1758948372
|move|p2a: Enamorus|Moonblast|p1a: Clefable
|-damage|p1a: Clefable|27/100 tox
|-unboost|p1a: Clefable|spa|1
|move|p1a: Clefable|Knock Off|p2a: Enamorus
|-resisted|p2a: Enamorus
|-damage|p2a: Enamorus|86/100
|-enditem|p2a: Enamorus|Choice Specs|[from] move: Knock Off|[of] p1a: Clefable
|
|-heal|p1a: Clefable|33/100 tox|[from] item: Leftovers
|upkeep
|turn|20
|
|t:|1758948382
|move|p2a: Enamorus|Moonblast|p1a: Clefable
|-damage|p1a: Clefable|0 fnt
|faint|p1a: Clefable
|
|upkeep
|
|t:|1758948386
|switch|p1a: Kingambit|Kingambit, M|100/100
|-damage|p1a: Kingambit|84/100|[from] Spikes
|-activate|p1a: Kingambit|ability: Supreme Overlord
|-start|p1a: Kingambit|fallen5|[silent]
|turn|21
|
|t:|1758948394
|move|p2a: Enamorus|Earth Power|p1a: Kingambit
|-supereffective|p1a: Kingambit
|-damage|p1a: Kingambit|16/100
|move|p1a: Kingambit|Kowtow Cleave|p2a: Enamorus
|-resisted|p2a: Enamorus
|-damage|p2a: Enamorus|26/100
|
|-heal|p1a: Kingambit|22/100|[from] item: Leftovers
|upkeep
|turn|22
|
|t:|1758948402
|move|p1a: Kingambit|Sucker Punch|p2a: Enamorus
|-resisted|p2a: Enamorus
|-damage|p2a: Enamorus|0 fnt
|faint|p2a: Enamorus
|
|-heal|p1a: Kingambit|28/100|[from] item: Leftovers
|upkeep
|
|t:|1758948411
|switch|p2a: Serperior|Serperior, F|100/100
|turn|23
|
|t:|1758948417
|move|p2a: Serperior|Substitute|p2a: Serperior
|-start|p2a: Serperior|Substitute
|-damage|p2a: Serperior|76/100
|move|p1a: Kingambit|Kowtow Cleave|p2a: Serperior
|-end|p2a: Serperior|Substitute
|
|-heal|p2a: Serperior|82/100|[from] item: Leftovers
|-heal|p1a: Kingambit|35/100|[from] item: Leftovers
|upkeep
|turn|24
|
|t:|1758948425
|move|p2a: Serperior|Substitute|p2a: Serperior
|-start|p2a: Serperior|Substitute
|-damage|p2a: Serperior|57/100
|move|p1a: Kingambit|Kowtow Cleave|p2a: Serperior
|-end|p2a: Serperior|Substitute
|
|-heal|p2a: Serperior|63/100|[from] item: Leftovers
|-heal|p1a: Kingambit|41/100|[from] item: Leftovers
|upkeep
|turn|25
|
|t:|1758948433
|move|p2a: Serperior|Leaf Storm|p1a: Kingambit
|-resisted|p1a: Kingambit
|-damage|p1a: Kingambit|16/100
|-boost|p2a: Serperior|spa|2
|move|p1a: Kingambit|Kowtow Cleave|p2a: Serperior
|-damage|p2a: Serperior|0 fnt
|faint|p2a: Serperior
|
|-heal|p1a: Kingambit|22/100|[from] item: Leftovers
|upkeep
|
|t:|1758948435
|switch|p2a: Milotic|Milotic, F|44/100
|turn|26
|
|t:|1758948444
|move|p1a: Kingambit|Sucker Punch|p2a: Milotic
|-crit|p2a: Milotic
|-damage|p2a: Milotic|0 fnt
|faint|p2a: Milotic
|
|win|NewNewPoke
|raw|NewNewPoke's rating: 1230 &rarr; <strong>1253</strong><br />(+23 for winning)
|raw|knightofcenturia's rating: 1204 &rarr; <strong>1181</strong><br />(-23 for losing)
|c|☆NewNewPoke|gg
|l|☆knightofcenturia
|player|p2|
|l|☆NewNewPoke
|player|p1|
