|j|☆hydromissfocushit
|j|☆larp legion
|t:|1758995368
|gametype|singles
|player|p1|hydromissfocushit|102|1541
|player|p2|larp legion|scientist-gen4dp|1554
|gen|9
|tier|[Gen 9] OU
|rated|
|rule|HP Percentage Mod: HP is shown in percentages
|rule|Endless Battle Clause: Forcing endless battles is banned
|rule|Species Clause: Limit one of each Pokémon
|rule|OHKO Clause: OHKO moves are banned
|rule|Evasion Items Clause: Evasion items are banned
|rule|Evasion Moves Clause: Evasion moves are banned
|rule|Evasion Abilities Clause: Evasion abilities are banned
|rule|Sleep Moves Clause: Sleep-inducing moves are banned
|clearpoke
|poke|p1|Weezing-Galar, F|
|poke|p1|Gliscor, M|
|poke|p1|Heatran, F|
|poke|p1|Sinistcha|
|poke|p1|Zamazenta-*|
|poke|p1|Zapdos|
|poke|p2|Raging Bolt|
|poke|p2|Kingambit, M|
|poke|p2|Fezandipiti, M|
|poke|p2|Cinderace, M|
|poke|p2|Ninetales, M|
|poke|p2|Walking Wake|
|teampreview
|inactive|Battle timer is ON: inactive players will automatically lose when time's up. (requested by larp legion)
|
|t:|1758995381
|teamsize|p1|6
|teamsize|p2|6
|start
|switch|p1a: After taco night|Heatran, F|100/100
|switch|p2a: Byakko|Raging Bolt|100/100
|turn|1
|l|☆hydromissfocushit
|inactive|hydromissfocushit disconnected and has a minute to reconnect!
|player|p1|
|c|☆larp legion|suddenly this team is far more peak
|j|☆hydromissfocushit
|inactive|hydromissfocushit reconnected and has 125 seconds left.
|player|p1|hydromissfocushit|102|
|
|t:|1758995411
|move|p2a: Byakko|Volt Switch|p1a: After taco night
|-damage|p1a: After taco night|64/100
|-damage|p2a: Byakko|91/100|[from] item: Life Orb
|
|t:|1758995413
|-end|p2a: Byakko|Protosynthesis|[silent]
|switch|p2a: Hell's Angel|Walking Wake|100/100|[from] Volt Switch
|move|p1a: After taco night|Earth Power|p2a: Hell's Angel
|-damage|p2a: Hell's Angel|71/100
|
|-heal|p1a: After taco night|70/100|[from] item: Leftovers
|upkeep
|turn|2
|
|t:|1758995424
|switch|p1a: Lawsuit|Sinistcha|100/100
|move|p2a: Hell's Angel|Hydro Steam|p1a: Lawsuit
|-resisted|p1a: Lawsuit
|-damage|p1a: Lawsuit|68/100
|-damage|p2a: Hell's Angel|61/100|[from] item: Life Orb
|
|upkeep
|turn|3
|
|t:|1758995434
|move|p2a: Hell's Angel|Dragon Pulse|p1a: Lawsuit
|-damage|p1a: Lawsuit|0 fnt
|faint|p1a: Lawsuit
|-damage|p2a: Hell's Angel|52/100|[from] item: Life Orb
|
|upkeep
|
|t:|1758995447
|switch|p1a: Peaches|Zamazenta|100/100
|-ability|p1a: Peaches|Dauntless Shield|boost
|-boost|p1a: Peaches|def|1
|turn|4
|
|t:|1758995452
|-end|p2a: Hell's Angel|Protosynthesis|[silent]
|switch|p2a: Cosmic Owl|Fezandipiti, M|100/100
|-item|p2a: Cosmic Owl|Air Balloon
|move|p1a: Peaches|Close Combat|p2a: Cosmic Owl
|-resisted|p2a: Cosmic Owl
|-damage|p2a: Cosmic Owl|82/100
|-unboost|p1a: Peaches|def|1
|-unboost|p1a: Peaches|spd|1
|-enditem|p2a: Cosmic Owl|Air Balloon
|
|upkeep
|turn|5
|
|t:|1758995456
|switch|p2a: Mozilla|Ninetales, M, shiny|100/100
|-weather|SunnyDay|[from] ability: Drought|[of] p2a: Mozilla
|move|p1a: Peaches|Heavy Slam|p2a: Mozilla
|-resisted|p2a: Mozilla
|-damage|p2a: Mozilla|78/100
|
|-weather|SunnyDay|[upkeep]
|upkeep
|turn|6
|
|t:|1758995464
|move|p1a: Peaches|Stone Edge|p2a: Mozilla
|-supereffective|p2a: Mozilla
|-damage|p2a: Mozilla|0 fnt
|faint|p2a: Mozilla
|
|-weather|SunnyDay|[upkeep]
|upkeep
|
|t:|1758995468
|switch|p2a: Hell's Angel|Walking Wake|52/100
|-activate|p2a: Hell's Angel|ability: Protosynthesis
|-start|p2a: Hell's Angel|protosynthesisspe
|turn|7
|
|t:|1758995485
|switch|p1a: After taco night|Heatran, F|70/100
|move|p2a: Hell's Angel|Hydro Steam|p1a: After taco night
|-supereffective|p1a: After taco night
|-damage|p1a: After taco night|0 fnt
|faint|p1a: After taco night
|-damage|p2a: Hell's Angel|42/100|[from] item: Life Orb
|
|-weather|SunnyDay|[upkeep]
|upkeep
|
|t:|1758995492
|switch|p1a: Rich privilege|Weezing-Galar, F|100/100
|-ability|p1a: Rich privilege|Neutralizing Gas
|turn|8
|
|t:|1758995497
|move|p2a: Hell's Angel|Hydro Steam|p1a: Rich privilege
|-damage|p1a: Rich privilege|0 fnt
|faint|p1a: Rich privilege
|-end|p1a: Rich privilege|ability: Neutralizing Gas
|-damage|p2a: Hell's Angel|32/100|[from] item: Life Orb
|
|-weather|SunnyDay|[upkeep]
|upkeep
|
|t:|1758995502
|switch|p1a: My anxiety|Gliscor, M|100/100
|turn|9
|
|t:|1758995508
|move|p1a: My anxiety|Protect|p1a: My anxiety
|-singleturn|p1a: My anxiety|Protect
|move|p2a: Hell's Angel|Hydro Steam|p1a: My anxiety
|-activate|p1a: My anxiety|move: Protect
|
|-weather|SunnyDay|[upkeep]
|-status|p1a: My anxiety|tox|[from] item: Toxic Orb
|upkeep
|turn|10
|
|t:|1758995517
|-terastallize|p1a: My anxiety|Normal
|move|p2a: Hell's Angel|Draco Meteor|p1a: My anxiety
|-damage|p1a: My anxiety|23/100 tox
|-unboost|p2a: Hell's Angel|spa|2
|-damage|p2a: Hell's Angel|22/100|[from] item: Life Orb
|move|p1a: My anxiety|Facade|p2a: Hell's Angel
|-damage|p2a: Hell's Angel|0 fnt
|faint|p2a: Hell's Angel
|-end|p2a: Hell's Angel|Protosynthesis|[silent]
|
|-weather|SunnyDay|[upkeep]
|-heal|p1a: My anxiety|35/100 tox|[from] ability: Poison Heal
|upkeep
|
|t:|1758995523
|switch|p2a: Liberacy|Cinderace, M, shiny|100/100
|turn|11
|
|t:|1758995526
|move|p1a: My anxiety|Protect|p1a: My anxiety
|-singleturn|p1a: My anxiety|Protect
|move|p2a: Liberacy|Pyro Ball|p1a: My anxiety
|-activate|p1a: My anxiety|move: Protect
|
|-weather|SunnyDay|[upkeep]
|-heal|p1a: My anxiety|48/100 tox|[from] ability: Poison Heal
|upkeep
|turn|12
|
|t:|1758995531
|switch|p1a: Watching|Zapdos|100/100
|move|p2a: Liberacy|Pyro Ball|p1a: Watching
|-damage|p1a: Watching|0 fnt
|faint|p1a: Watching
|
|-weather|none
|upkeep
|
|t:|1758995533
|switch|p1a: My anxiety|Gliscor, M, tera:Normal|48/100 tox
|turn|13
|
|t:|1758995540
|switch|p2a: Cosmic Owl|Fezandipiti, M|82/100
|move|p1a: My anxiety|Facade|p2a: Cosmic Owl
|-damage|p2a: Cosmic Owl|29/100
|
|-heal|p1a: My anxiety|60/100 tox|[from] ability: Poison Heal
|upkeep
|turn|14
|
|t:|1758995546
|move|p2a: Cosmic Owl|Moonblast|p1a: My anxiety
|-damage|p1a: My anxiety|32/100 tox
|move|p1a: My anxiety|Facade|p2a: Cosmic Owl
|-damage|p2a: Cosmic Owl|0 fnt
|faint|p2a: Cosmic Owl
|
|-heal|p1a: My anxiety|45/100 tox|[from] ability: Poison Heal
|upkeep
|
|t:|1758995554
|switch|p2a: Byakko|Raging Bolt|91/100
|turn|15
|
|t:|1758995558
|move|p1a: My anxiety|Protect|p1a: My anxiety
|-singleturn|p1a: My anxiety|Protect
|move|p2a: Byakko|Volt Switch|p1a: My anxiety
|-activate|p1a: My anxiety|move: Protect
|
|-heal|p1a: My anxiety|57/100 tox|[from] ability: Poison Heal
|upkeep
|turn|16
|
|t:|1758995564
|move|p1a: My anxiety|Facade|p2a: Byakko
|-damage|p2a: Byakko|48/100
|move|p2a: Byakko|Volt Switch|p1a: My anxiety
|-damage|p1a: My anxiety|7/100 tox
|-damage|p2a: Byakko|38/100|[from] item: Life Orb
|
|t:|1758995567
|-end|p2a: Byakko|Protosynthesis|[silent]
|switch|p2a: Liberacy|Cinderace, M, shiny|100/100|[from] Volt Switch
|
|-heal|p1a: My anxiety|19/100 tox|[from] ability: Poison Heal
|upkeep
|turn|17
|
|t:|1758995574
|move|p2a: Liberacy|Pyro Ball|p1a: My anxiety|[miss]
|-miss|p2a: Liberacy|p1a: My anxiety
|move|p1a: My anxiety|Facade|p2a: Liberacy
|-damage|p2a: Liberacy|35/100
|
|-heal|p1a: My anxiety|32/100 tox|[from] ability: Poison Heal
|upkeep
|turn|18
|
|t:|1758995576
|move|p1a: My anxiety|Protect|p1a: My anxiety
|-singleturn|p1a: My anxiety|Protect
|move|p2a: Liberacy|Pyro Ball|p1a: My anxiety
|-activate|p1a: My anxiety|move: Protect
|
|-heal|p1a: My anxiety|44/100 tox|[from] ability: Poison Heal
|upkeep
|turn|19
|
|t:|1758995580
|move|p2a: Liberacy|Pyro Ball|p1a: My anxiety
|-damage|p1a: My anxiety|0 fnt
|faint|p1a: My anxiety
|
|upkeep
|
|t:|1758995583
|switch|p1a: Peaches|Zamazenta|100/100
|turn|20
|
|t:|1758995586
|move|p1a: Peaches|Stone Edge|p2a: Liberacy
|-supereffective|p2a: Liberacy
|-crit|p2a: Liberacy
|-damage|p2a: Liberacy|0 fnt
|faint|p2a: Liberacy
|
|upkeep
|
|t:|1758995589
|switch|p2a: Overgod|Kingambit, M, shiny|100/100
|-activate|p2a: Overgod|ability: Supreme Overlord
|-start|p2a: Overgod|fallen4|[silent]
|-item|p2a: Overgod|Air Balloon
|turn|21
|
|t:|1758995595
|-terastallize|p2a: Overgod|Fighting
|move|p1a: Peaches|Heavy Slam|p2a: Overgod
|-damage|p2a: Overgod|90/100
|-enditem|p2a: Overgod|Air Balloon
|move|p2a: Overgod|Low Kick|p1a: Peaches
|-damage|p1a: Peaches|23/100
|
|upkeep
|turn|22
|
|t:|1758995600
|move|p1a: Peaches|Close Combat|p2a: Overgod
|-damage|p2a: Overgod|37/100
|-unboost|p1a: Peaches|def|1
|-unboost|p1a: Peaches|spd|1
|move|p2a: Overgod|Low Kick|p1a: Peaches
|-damage|p1a: Peaches|0 fnt
|faint|p1a: Peaches
|
|win|larp legion
|raw|hydromissfocushit's rating: 1541 &rarr; <strong>1522</strong><br />(-19 for losing)
|raw|larp legion's rating: 1554 &rarr; <strong>1573</strong><br />(+19 for winning)
