|j|☆Ai Specialist 144
|j|☆jibreel69
|t:|1759007029
|gametype|singles
|player|p1|Ai Specialist 144|marley|1413
|player|p2|jibreel69|265|1431
|gen|9
|tier|[Gen 9] OU
|rated|
|rule|HP Percentage Mod: HP is shown in percentages
|rule|Endless Battle Clause: Forcing endless battles is banned
|rule|Species Clause: Limit one of each Pokémon
|rule|OHKO Clause: OHKO moves are banned
|rule|Evasion Items Clause: Evasion items are banned
|rule|Evasion Moves Clause: Evasion moves are banned
|rule|Evasion Abilities Clause: Evasion abilities are banned
|rule|Sleep Moves Clause: Sleep-inducing moves are banned
|clearpoke
|poke|p1|Charizard, M|
|poke|p1|Ceruledge, F|
|poke|p1|Raging Bolt|
|poke|p1|Ninetales, F|
|poke|p1|Hatterene, F|
|poke|p1|Great Tusk|
|poke|p2|Tinkaton, F|
|poke|p2|Great Tusk|
|poke|p2|Garganacl, F|
|poke|p2|Keldeo-Resolute|
|poke|p2|Zapdos|
|poke|p2|Dragapult, M|
|teampreview
|inactive|Battle timer is ON: inactive players will automatically lose when time's up. (requested by Ai Specialist 144)
|
|t:|1759007042
|teamsize|p1|6
|teamsize|p2|6
|start
|switch|p1a: SUN SH1N9|Ninetales, F, shiny|100/100
|switch|p2a: Tinkaton|Tinkaton, F|100/100
|-weather|SunnyDay|[from] ability: Drought|[of] p1a: SUN SH1N9
|-ability|p2a: Tinkaton|Mold Breaker
|-item|p2a: Tinkaton|Air Balloon
|turn|1
|
|t:|1759007052
|move|p1a: SUN SH1N9|Weather Ball|p2a: Tinkaton
|-supereffective|p2a: Tinkaton
|-damage|p2a: Tinkaton|21/100
|-enditem|p2a: Tinkaton|Air Balloon
|move|p2a: Tinkaton|Stealth Rock|p1a: SUN SH1N9
|-sidestart|p1: Ai Specialist 144|move: Stealth Rock
|
|-weather|SunnyDay|[upkeep]
|upkeep
|turn|2
|
|t:|1759007080
|switch|p1a: S4M04N SP1K3|Great Tusk, shiny|100/100
|-activate|p1a: S4M04N SP1K3|ability: Protosynthesis
|-start|p1a: S4M04N SP1K3|protosynthesisatk
|switch|p2a: Garganacl|Garganacl, F|100/100
|
|-weather|SunnyDay|[upkeep]
|upkeep
|turn|3
|
|t:|1759007090
|switch|p2a: Zapdos|Zapdos|100/100
|move|p1a: S4M04N SP1K3|Headlong Rush|p2a: Zapdos
|-immune|p2a: Zapdos
|
|-weather|SunnyDay|[upkeep]
|upkeep
|turn|4
|
|t:|1759007107
|move|p1a: S4M04N SP1K3|Rapid Spin|p2a: Zapdos
|-damage|p2a: Zapdos|85/100
|-boost|p1a: S4M04N SP1K3|spe|1
|-status|p1a: S4M04N SP1K3|par|[from] ability: Static|[of] p2a: Zapdos
|-sideend|p1: Ai Specialist 144|Stealth Rock|[from] move: Rapid Spin|[of] p1a: S4M04N SP1K3
|move|p2a: Zapdos|Hurricane|p1a: S4M04N SP1K3|[miss]
|-miss|p2a: Zapdos|p1a: S4M04N SP1K3
|
|-weather|SunnyDay|[upkeep]
|upkeep
|turn|5
|
|t:|1759007117
|-end|p1a: S4M04N SP1K3|Protosynthesis|[silent]
|switch|p1a: Hatterene|Hatterene, F, shiny|100/100
|move|p2a: Zapdos|Volt Switch|p1a: Hatterene
|-damage|p1a: Hatterene|71/100
|-enditem|p1a: Hatterene|Eject Button
|
|t:|1759007123
|switch|p1a: DR4G0N B0RN|Charizard, M, shiny|100/100
|
|-weather|SunnyDay|[upkeep]
|-damage|p1a: DR4G0N B0RN|88/100|[from] ability: Solar Power|[of] p1a: DR4G0N B0RN
|upkeep
|turn|6
|
|t:|1759007140
|switch|p2a: Tinkaton|Tinkaton, F|21/100
|-ability|p2a: Tinkaton|Mold Breaker
|move|p1a: DR4G0N B0RN|Weather Ball|p2a: Tinkaton
|-supereffective|p2a: Tinkaton
|-damage|p2a: Tinkaton|0 fnt
|faint|p2a: Tinkaton
|
|-weather|SunnyDay|[upkeep]
|-damage|p1a: DR4G0N B0RN|76/100|[from] ability: Solar Power|[of] p1a: DR4G0N B0RN
|upkeep
|
|t:|1759007150
|switch|p2a: Garganacl|Garganacl, F|100/100
|turn|7
|
|t:|1759007172
|switch|p1a: S4M04N SP1K3|Great Tusk, shiny|100/100 par
|-activate|p1a: S4M04N SP1K3|ability: Protosynthesis
|-start|p1a: S4M04N SP1K3|protosynthesisatk
|move|p2a: Garganacl|Salt Cure|p1a: S4M04N SP1K3
|-resisted|p1a: S4M04N SP1K3
|-damage|p1a: S4M04N SP1K3|98/100 par
|-start|p1a: S4M04N SP1K3|Salt Cure
|
|-weather|SunnyDay|[upkeep]
|-damage|p1a: S4M04N SP1K3|86/100 par|[from] Salt Cure
|upkeep
|turn|8
|
|t:|1759007184
|switch|p2a: Zapdos|Zapdos|85/100
|cant|p1a: S4M04N SP1K3|par
|
|-weather|none
|-end|p1a: S4M04N SP1K3|Protosynthesis
|-damage|p1a: S4M04N SP1K3|73/100 par|[from] Salt Cure
|upkeep
|turn|9
|
|t:|1759007192
|switch|p2a: Keldeo|Keldeo-Resolute|100/100
|-end|p1a: S4M04N SP1K3|Protosynthesis|[silent]
|switch|p1a: Hatterene|Hatterene, F, shiny|71/100
|
|upkeep
|turn|10
|
|t:|1759007207
|-terastallize|p2a: Keldeo|Water
|move|p2a: Keldeo|Surf|p1a: Hatterene
|-damage|p1a: Hatterene|0 fnt
|faint|p1a: Hatterene
|
|upkeep
|
|t:|1759007219
|switch|p1a: SUN SH1N9|Ninetales, F, shiny|100/100
|-weather|SunnyDay|[from] ability: Drought|[of] p1a: SUN SH1N9
|turn|11
|
|t:|1759007223
|switch|p1a: Raging Bolt|Raging Bolt|100/100
|-activate|p1a: Raging Bolt|ability: Protosynthesis
|-start|p1a: Raging Bolt|protosynthesisspa
|move|p2a: Keldeo|Surf|p1a: Raging Bolt
|-resisted|p1a: Raging Bolt
|-damage|p1a: Raging Bolt|87/100
|
|-weather|SunnyDay|[upkeep]
|upkeep
|turn|12
|
|t:|1759007233
|switch|p2a: Garganacl|Garganacl, F|100/100
|move|p1a: Raging Bolt|Draco Meteor|p2a: Garganacl
|-damage|p2a: Garganacl|38/100
|-unboost|p1a: Raging Bolt|spa|2
|
|-weather|SunnyDay|[upkeep]
|-heal|p2a: Garganacl|45/100|[from] item: Leftovers
|upkeep
|turn|13
|
|t:|1759007249
|-end|p1a: Raging Bolt|Protosynthesis|[silent]
|switch|p1a: S4M04N SP1K3|Great Tusk, shiny|73/100 par
|-activate|p1a: S4M04N SP1K3|ability: Protosynthesis
|-start|p1a: S4M04N SP1K3|protosynthesisatk
|move|p2a: Garganacl|Recover|p2a: Garganacl
|-heal|p2a: Garganacl|95/100
|
|-weather|SunnyDay|[upkeep]
|-heal|p2a: Garganacl|100/100|[from] item: Leftovers
|upkeep
|turn|14
|
|t:|1759007262
|switch|p2a: Great Tusk|Great Tusk|100/100
|-activate|p2a: Great Tusk|ability: Protosynthesis
|-start|p2a: Great Tusk|protosynthesisatk
|move|p1a: S4M04N SP1K3|Stealth Rock|p2a: Great Tusk
|-sidestart|p2: jibreel69|move: Stealth Rock
|
|-weather|SunnyDay|[upkeep]
|upkeep
|turn|15
|
|t:|1759007273
|-terastallize|p1a: S4M04N SP1K3|Ghost
|move|p2a: Great Tusk|Rapid Spin|p1a: S4M04N SP1K3
|-immune|p1a: S4M04N SP1K3
|move|p1a: S4M04N SP1K3|Headlong Rush|p2a: Great Tusk
|-damage|p2a: Great Tusk|47/100
|-unboost|p1a: S4M04N SP1K3|def|1
|-unboost|p1a: S4M04N SP1K3|spd|1
|
|-weather|SunnyDay|[upkeep]
|upkeep
|turn|16
|
|t:|1759007291
|move|p2a: Great Tusk|Headlong Rush|p1a: S4M04N SP1K3
|-damage|p1a: S4M04N SP1K3|0 fnt
|-unboost|p2a: Great Tusk|def|1
|-unboost|p2a: Great Tusk|spd|1
|faint|p1a: S4M04N SP1K3
|-end|p1a: S4M04N SP1K3|Protosynthesis|[silent]
|
|-weather|SunnyDay|[upkeep]
|upkeep
|
|t:|1759007302
|switch|p1a: DR4G0N B0RN|Charizard, M, shiny|76/100
|turn|17
|
|t:|1759007320
|move|p1a: DR4G0N B0RN|Weather Ball|p2a: Great Tusk
|-damage|p2a: Great Tusk|0 fnt
|faint|p2a: Great Tusk
|-end|p2a: Great Tusk|Protosynthesis|[silent]
|
|-weather|SunnyDay|[upkeep]
|-damage|p1a: DR4G0N B0RN|63/100|[from] ability: Solar Power|[of] p1a: DR4G0N B0RN
|upkeep
|
|t:|1759007332
|switch|p2a: Garganacl|Garganacl, F|100/100
|-damage|p2a: Garganacl|88/100|[from] Stealth Rock
|turn|18
|
|t:|1759007349
|move|p1a: DR4G0N B0RN|Weather Ball|p2a: Garganacl
|-resisted|p2a: Garganacl
|-damage|p2a: Garganacl|54/100
|move|p2a: Garganacl|Salt Cure|p1a: DR4G0N B0RN
|-supereffective|p1a: DR4G0N B0RN
|-damage|p1a: DR4G0N B0RN|0 fnt
|faint|p1a: DR4G0N B0RN
|
|-weather|none
|-heal|p2a: Garganacl|60/100|[from] item: Leftovers
|upkeep
|
|t:|1759007360
|switch|p1a: SUN SH1N9|Ninetales, F, shiny|100/100
|-weather|SunnyDay|[from] ability: Drought|[of] p1a: SUN SH1N9
|turn|19
|
|t:|1759007370
|switch|p2a: Dragapult|Dragapult, M|100/100
|move|p1a: SUN SH1N9|Will-O-Wisp|p2a: Dragapult
|-status|p2a: Dragapult|brn
|
|-weather|SunnyDay|[upkeep]
|-damage|p2a: Dragapult|95/100 brn|[from] brn
|upkeep
|turn|20
|
|t:|1759007380
|switch|p1a: Raging Bolt|Raging Bolt|87/100
|-activate|p1a: Raging Bolt|ability: Protosynthesis
|-start|p1a: Raging Bolt|protosynthesisspa
|move|p2a: Dragapult|Will-O-Wisp|p1a: Raging Bolt
|-status|p1a: Raging Bolt|brn
|
|-weather|SunnyDay|[upkeep]
|-damage|p2a: Dragapult|89/100 brn|[from] brn
|-damage|p1a: Raging Bolt|81/100 brn|[from] brn
|upkeep
|turn|21
|
|t:|1759007394
|move|p2a: Dragapult|Hex|p1a: Raging Bolt
|-damage|p1a: Raging Bolt|47/100 brn
|move|p1a: Raging Bolt|Draco Meteor|p2a: Dragapult
|-supereffective|p2a: Dragapult
|-damage|p2a: Dragapult|0 fnt
|-unboost|p1a: Raging Bolt|spa|2
|faint|p2a: Dragapult
|
|-weather|SunnyDay|[upkeep]
|-damage|p1a: Raging Bolt|41/100 brn|[from] brn
|upkeep
|
|t:|1759007417
|switch|p2a: Garganacl|Garganacl, F|60/100
|-damage|p2a: Garganacl|47/100|[from] Stealth Rock
|turn|22
|
|t:|1759007425
|-end|p1a: Raging Bolt|Protosynthesis|[silent]
|switch|p1a: SUN SH1N9|Ninetales, F, shiny|100/100
|move|p2a: Garganacl|Salt Cure|p1a: SUN SH1N9
|-supereffective|p1a: SUN SH1N9
|-damage|p1a: SUN SH1N9|63/100
|-start|p1a: SUN SH1N9|Salt Cure
|
|-weather|SunnyDay|[upkeep]
|-heal|p2a: Garganacl|54/100|[from] item: Leftovers
|-damage|p1a: SUN SH1N9|51/100|[from] Salt Cure
|upkeep
|turn|23
|
|t:|1759007438
|switch|p1a: Raging Bolt|Raging Bolt|41/100 brn
|-activate|p1a: Raging Bolt|ability: Protosynthesis
|-start|p1a: Raging Bolt|protosynthesisspa
|move|p2a: Garganacl|Recover|p2a: Garganacl
|-heal|p2a: Garganacl|100/100
|
|-weather|SunnyDay|[upkeep]
|-damage|p1a: Raging Bolt|34/100 brn|[from] brn
|upkeep
|turn|24
|
|t:|1759007449
|move|p1a: Raging Bolt|Thunderbolt|p2a: Garganacl
|-damage|p2a: Garganacl|53/100
|move|p2a: Garganacl|Avalanche|p1a: Raging Bolt
|-supereffective|p1a: Raging Bolt
|-damage|p1a: Raging Bolt|0 fnt
|faint|p1a: Raging Bolt
|-end|p1a: Raging Bolt|Protosynthesis|[silent]
|
|-weather|SunnyDay|[upkeep]
|-heal|p2a: Garganacl|60/100|[from] item: Leftovers
|upkeep
|
|t:|1759007462
|switch|p1a: EBONY W4RR10R|Ceruledge, F|100/100
|turn|25
|
|t:|1759007471
|move|p1a: EBONY W4RR10R|Swords Dance|p1a: EBONY W4RR10R
|-boost|p1a: EBONY W4RR10R|atk|2
|move|p2a: Garganacl|Curse|p2a: Garganacl
|-unboost|p2a: Garganacl|spe|1
|-boost|p2a: Garganacl|atk|1
|-boost|p2a: Garganacl|def|1
|
|-weather|SunnyDay|[upkeep]
|-heal|p2a: Garganacl|66/100|[from] item: Leftovers
|upkeep
|turn|26
|
|t:|1759007481
|move|p1a: EBONY W4RR10R|Poltergeist|p2a: Garganacl
|-activate|p2a: Garganacl|move: Poltergeist|Leftovers
|-damage|p2a: Garganacl|29/100
|-damage|p1a: EBONY W4RR10R|91/100|[from] item: Life Orb
|move|p2a: Garganacl|Salt Cure|p1a: EBONY W4RR10R
|-supereffective|p1a: EBONY W4RR10R
|-damage|p1a: EBONY W4RR10R|33/100
|-start|p1a: EBONY W4RR10R|Salt Cure
|-ability|p1a: EBONY W4RR10R|Weak Armor|boost
|-unboost|p1a: EBONY W4RR10R|def|1
|-boost|p1a: EBONY W4RR10R|spe|2
|
|-weather|none
|-heal|p2a: Garganacl|35/100|[from] item: Leftovers
|-damage|p1a: EBONY W4RR10R|21/100|[from] Salt Cure
|upkeep
|turn|27
|
|t:|1759007496
|move|p1a: EBONY W4RR10R|Poltergeist|p2a: Garganacl
|-activate|p2a: Garganacl|move: Poltergeist|Leftovers
|-damage|p2a: Garganacl|0 fnt
|faint|p2a: Garganacl
|-damage|p1a: EBONY W4RR10R|11/100|[from] item: Life Orb
|
|-damage|p1a: EBONY W4RR10R|0 fnt|[from] Salt Cure
|faint|p1a: EBONY W4RR10R
|upkeep
|
|t:|1759007506
|switch|p1a: SUN SH1N9|Ninetales, F, shiny|51/100
|switch|p2a: Keldeo|Keldeo-Resolute, tera:Water|100/100
|-damage|p2a: Keldeo|88/100|[from] Stealth Rock
|-weather|SunnyDay|[from] ability: Drought|[of] p1a: SUN SH1N9
|turn|28
|
|t:|1759007516
|move|p2a: Keldeo|Surf|p1a: SUN SH1N9
|-supereffective|p1a: SUN SH1N9
|-damage|p1a: SUN SH1N9|0 fnt
|faint|p1a: SUN SH1N9
|
|win|jibreel69
|raw|Ai Specialist 144's rating: 1413 &rarr; <strong>1394</strong><br />(-19 for losing)
|raw|jibreel69's rating: 1431 &rarr; <strong>1450</strong><br />(+19 for winning)
|l|☆Ai Specialist 144
|player|p1|
