|j|☆xc03
|j|☆bob cranium
|t:|1758950878
|gametype|singles
|player|p1|xc03|170|1433
|player|p2|bob cranium|scott|1489
|gen|9
|tier|[Gen 9] OU
|rated|
|rule|HP Percentage Mod: HP is shown in percentages
|rule|Endless Battle Clause: Forcing endless battles is banned
|rule|Species Clause: Limit one of each Pokémon
|rule|OHKO Clause: OHKO moves are banned
|rule|Evasion Items Clause: Evasion items are banned
|rule|Evasion Moves Clause: Evasion moves are banned
|rule|Evasion Abilities Clause: Evasion abilities are banned
|rule|Sleep Moves Clause: Sleep-inducing moves are banned
|clearpoke
|poke|p1|Suicune|
|poke|p1|Alomomola, F|
|poke|p1|Great Tusk|
|poke|p1|Clefable, M|
|poke|p1|Raging Bolt|
|poke|p1|Scizor, F|
|poke|p2|Ursaluna, F|
|poke|p2|Meowscarada, M|
|poke|p2|Slowking-Galar, F|
|poke|p2|Great Tusk|
|poke|p2|Moltres|
|poke|p2|Gholdengo|
|teampreview
|inactive|Battle timer is ON: inactive players will automatically lose when time's up. (requested by xc03)
|
|t:|1758950905
|teamsize|p1|6
|teamsize|p2|6
|start
|switch|p1a: Great Tusk|Great Tusk|100/100
|switch|p2a: Meowscarada|Meowscarada, M|100/100
|turn|1
|
|t:|1758950914
|-end|p1a: Great Tusk|Protosynthesis|[silent]
|switch|p1a: Scizor|Scizor, F|100/100
|move|p2a: Meowscarada|U-turn|p1a: Scizor
|-resisted|p1a: Scizor
|-damage|p1a: Scizor|89/100
|
|t:|1758950917
|switch|p2a: Great Tusk|Great Tusk|100/100|[from] U-turn
|
|-heal|p1a: Scizor|95/100|[from] item: Leftovers
|upkeep
|turn|2
|
|t:|1758950925
|move|p2a: Great Tusk|Stealth Rock|p1a: Scizor
|-sidestart|p1: xc03|move: Stealth Rock
|move|p1a: Scizor|Knock Off|p2a: Great Tusk
|-resisted|p2a: Great Tusk
|-damage|p2a: Great Tusk|86/100
|-damage|p1a: Scizor|79/100|[from] item: Rocky Helmet|[of] p2a: Great Tusk
|-enditem|p2a: Great Tusk|Rocky Helmet|[from] move: Knock Off|[of] p1a: Scizor
|
|-heal|p1a: Scizor|85/100|[from] item: Leftovers
|upkeep
|turn|3
|
|t:|1758950940
|move|p2a: Great Tusk|Temper Flare|p1a: Scizor
|-supereffective|p1a: Scizor
|-damage|p1a: Scizor|0 fnt
|faint|p1a: Scizor
|
|upkeep
|
|t:|1758950950
|switch|p1a: Clefable|Clefable, M|100/100
|turn|4
|
|t:|1758950977
|-end|p2a: Great Tusk|Protosynthesis|[silent]
|switch|p2a: Slowking|Slowking-Galar, F|100/100
|move|p1a: Clefable|Stealth Rock|p2a: Slowking
|-sidestart|p2: bob cranium|move: Stealth Rock
|
|upkeep
|turn|5
|
|t:|1758950986
|switch|p1a: Great Tusk|Great Tusk|100/100
|-damage|p1a: Great Tusk|98/100|[from] Stealth Rock
|move|p2a: Slowking|Future Sight|p1a: Great Tusk
|-start|p2a: Slowking|move: Future Sight
|
|upkeep
|turn|6
|
|t:|1758951004
|switch|p2a: Great Tusk|Great Tusk|86/100
|-damage|p2a: Great Tusk|84/100|[from] Stealth Rock
|move|p1a: Great Tusk|Stone Edge|p2a: Great Tusk
|-resisted|p2a: Great Tusk
|-damage|p2a: Great Tusk|75/100
|
|upkeep
|turn|7
|
|t:|1758951015
|-end|p1a: Great Tusk|Protosynthesis|[silent]
|switch|p1a: Suicune|Suicune|100/100
|-damage|p1a: Suicune|88/100|[from] Stealth Rock
|-ability|p1a: Suicune|Pressure
|move|p2a: Great Tusk|Rapid Spin|p1a: Suicune
|-damage|p1a: Suicune|77/100
|-boost|p2a: Great Tusk|spe|1
|-sideend|p2: bob cranium|Stealth Rock|[from] move: Rapid Spin|[of] p2a: Great Tusk
|
|-end|p1a: Suicune|move: Future Sight
|-damage|p1a: Suicune|46/100
|-heal|p1a: Suicune|52/100|[from] item: Leftovers
|upkeep
|turn|8
|inactive|bob cranium has 120 seconds left.
|
|t:|1758951046
|-end|p2a: Great Tusk|Protosynthesis|[silent]
|switch|p2a: Meowscarada|Meowscarada, M|100/100
|move|p1a: Suicune|Scald|p2a: Meowscarada
|-resisted|p2a: Meowscarada
|-damage|p2a: Meowscarada|79/100
|-status|p2a: Meowscarada|brn
|
|-heal|p1a: Suicune|59/100|[from] item: Leftovers
|-damage|p2a: Meowscarada|73/100 brn|[from] brn
|upkeep
|turn|9
|
|t:|1758951058
|switch|p1a: Clefable|Clefable, M|100/100
|move|p2a: Meowscarada|Spikes|p1a: Clefable
|-sidestart|p1: xc03|Spikes
|
|-damage|p2a: Meowscarada|67/100 brn|[from] brn
|upkeep
|turn|10
|inactive|bob cranium has 120 seconds left.
|
|t:|1758951078
|switch|p2a: Ursaluna|Ursaluna, F|100/100
|move|p1a: Clefable|Moonblast|p2a: Ursaluna
|-damage|p2a: Ursaluna|83/100
|-unboost|p2a: Ursaluna|spa|1
|
|-heal|p2a: Ursaluna|89/100|[from] item: Leftovers
|upkeep
|turn|11
|
|t:|1758951089
|move|p1a: Clefable|Stealth Rock|p2a: Ursaluna
|-sidestart|p2: bob cranium|move: Stealth Rock
|move|p2a: Ursaluna|Bulk Up|p2a: Ursaluna
|-boost|p2a: Ursaluna|atk|1
|-boost|p2a: Ursaluna|def|1
|
|-heal|p2a: Ursaluna|95/100|[from] item: Leftovers
|upkeep
|turn|12
|inactive|bob cranium has 120 seconds left.
|
|t:|1758951108
|switch|p1a: Great Tusk|Great Tusk|98/100
|-damage|p1a: Great Tusk|95/100|[from] Stealth Rock
|-damage|p1a: Great Tusk|82/100|[from] Spikes
|move|p2a: Ursaluna|Bulk Up|p2a: Ursaluna
|-boost|p2a: Ursaluna|atk|1
|-boost|p2a: Ursaluna|def|1
|
|-heal|p2a: Ursaluna|100/100|[from] item: Leftovers
|upkeep
|turn|13
|
|t:|1758951120
|move|p1a: Great Tusk|Close Combat|p2a: Ursaluna
|-supereffective|p2a: Ursaluna
|-damage|p2a: Ursaluna|37/100
|-unboost|p1a: Great Tusk|def|1
|-unboost|p1a: Great Tusk|spd|1
|move|p2a: Ursaluna|Bulk Up|p2a: Ursaluna
|-boost|p2a: Ursaluna|atk|1
|-boost|p2a: Ursaluna|def|1
|
|-heal|p2a: Ursaluna|43/100|[from] item: Leftovers
|upkeep
|turn|14
|
|t:|1758951136
|-end|p1a: Great Tusk|Protosynthesis|[silent]
|switch|p1a: Raging Bolt|Raging Bolt|100/100
|-damage|p1a: Raging Bolt|88/100|[from] Stealth Rock
|-damage|p1a: Raging Bolt|76/100|[from] Spikes
|move|p2a: Ursaluna|Protect||[still]
|-fail|p2a: Ursaluna
|
|-heal|p1a: Raging Bolt|82/100|[from] item: Leftovers
|-heal|p2a: Ursaluna|49/100|[from] item: Leftovers
|upkeep
|turn|15
|
|t:|1758951147
|move|p2a: Ursaluna|Protect|p2a: Ursaluna
|-singleturn|p2a: Ursaluna|Protect
|move|p1a: Raging Bolt|Draco Meteor|p2a: Ursaluna
|-activate|p2a: Ursaluna|move: Protect
|
|-heal|p1a: Raging Bolt|88/100|[from] item: Leftovers
|-heal|p2a: Ursaluna|55/100|[from] item: Leftovers
|upkeep
|turn|16
|
|t:|1758951160
|-terastallize|p2a: Ursaluna|Fairy
|move|p1a: Raging Bolt|Draco Meteor|p2a: Ursaluna
|-immune|p2a: Ursaluna
|move|p2a: Ursaluna|Earthquake|p1a: Raging Bolt
|-supereffective|p1a: Raging Bolt
|-damage|p1a: Raging Bolt|0 fnt
|faint|p1a: Raging Bolt
|-end|p1a: Raging Bolt|Protosynthesis|[silent]
|
|-heal|p2a: Ursaluna|61/100|[from] item: Leftovers
|upkeep
|-message|xc03 forfeited.
|
|win|bob cranium
|raw|xc03's rating: 1433 &rarr; <strong>1416</strong><br />(-17 for losing)
|raw|bob cranium's rating: 1489 &rarr; <strong>1506</strong><br />(+17 for winning)
|l|☆xc03
|player|p1|
|l|☆bob cranium
|player|p2|
