|j|☆lotadfan22
|j|☆ikun0116
|t:|1759025591
|gametype|singles
|player|p1|lotadfan22|blaine|1000
|player|p2|ikun0116|cynthia-gen4|1072
|gen|9
|tier|[Gen 9] OU
|rated|
|rule|HP Percentage Mod: HP is shown in percentages
|rule|Endless Battle Clause: Forcing endless battles is banned
|rule|Species Clause: Limit one of each Pokémon
|rule|OHKO Clause: OHKO moves are banned
|rule|Evasion Items Clause: Evasion items are banned
|rule|Evasion Moves Clause: Evasion moves are banned
|rule|Evasion Abilities Clause: Evasion abilities are banned
|rule|Sleep Moves Clause: Sleep-inducing moves are banned
|clearpoke
|poke|p1|Ludicolo, M|
|poke|p1|Altaria, F|
|poke|p1|Ninetales, F|
|poke|p1|Goodra-Hisui, M|
|poke|p1|Vileplume, M|
|poke|p1|Dragonite, M|
|poke|p2|Ogerpon-Wellspring, F|
|poke|p2|Kingambit, F|
|poke|p2|Landorus-Therian, M|
|poke|p2|Glimmora, F|
|poke|p2|Dragapult, F|
|poke|p2|Iron Valiant|
|teampreview
|inactive|Battle timer is ON: inactive players will automatically lose when time's up. (requested by ikun0116)
|inactive|lotadfan22 has 120 seconds left.
|
|t:|1759025625
|teamsize|p1|6
|teamsize|p2|6
|start
|switch|p1a: Goodra|Goodra-Hisui, M|100/100
|switch|p2a: Glimmora|Glimmora, F|100/100
|turn|1
|
|t:|1759025638
|switch|p2a: Landorus|Landorus-Therian, M|100/100
|-ability|p2a: Landorus|Intimidate|boost
|-unboost|p1a: Goodra|atk|1
|move|p1a: Goodra|Knock Off|p2a: Landorus
|-damage|p2a: Landorus|88/100
|-damage|p1a: Goodra|84/100|[from] item: Rocky Helmet|[of] p2a: Landorus
|-enditem|p2a: Landorus|Rocky Helmet|[from] move: Knock Off|[of] p1a: Goodra
|
|upkeep
|turn|2
|
|t:|1759025649
|switch|p1a: Dragonite|Dragonite, M|100/100
|move|p2a: Landorus|Earthquake|p1a: Dragonite
|-immune|p1a: Dragonite
|
|upkeep
|turn|3
|
|t:|1759025663
|switch|p2a: Glimmora|Glimmora, F|100/100
|switch|p1a: Ninetales|Ninetales, F|100/100
|-weather|SunnyDay|[from] ability: Drought|[of] p1a: Ninetales
|
|-weather|SunnyDay|[upkeep]
|upkeep
|turn|4
|
|t:|1759025677
|switch|p1a: Goodra|Goodra-Hisui, M|84/100
|move|p2a: Glimmora|Spikes|p1a: Goodra
|-sidestart|p1: lotadfan22|Spikes
|
|-weather|SunnyDay|[upkeep]
|upkeep
|turn|5
|
|t:|1759025688
|switch|p2a: Landorus|Landorus-Therian, M|88/100
|-ability|p2a: Landorus|Intimidate|boost
|-unboost|p1a: Goodra|atk|1
|move|p1a: Goodra|Flash Cannon|p2a: Landorus
|-damage|p2a: Landorus|42/100
|
|-weather|SunnyDay|[upkeep]
|upkeep
|turn|6
|
|t:|1759025697
|switch|p1a: Ninetales|Ninetales, F|100/100
|-damage|p1a: Ninetales|88/100|[from] Spikes
|move|p2a: Landorus|Earthquake|p1a: Ninetales
|-supereffective|p1a: Ninetales
|-damage|p1a: Ninetales|0 fnt
|faint|p1a: Ninetales
|
|-weather|SunnyDay|[upkeep]
|upkeep
|
|t:|1759025720
|switch|p1a: Vileplume|Vileplume, M|100/100
|-damage|p1a: Vileplume|88/100|[from] Spikes
|turn|7
|
|t:|1759025735
|move|p1a: Vileplume|Weather Ball|p2a: Landorus
|-damage|p2a: Landorus|0 fnt
|faint|p2a: Landorus
|-damage|p1a: Vileplume|78/100|[from] item: Life Orb
|
|-weather|SunnyDay|[upkeep]
|upkeep
|
|t:|1759025747
|switch|p2a: Glimmora|Glimmora, F|100/100
|turn|8
|
|t:|1759025754
|move|p1a: Vileplume|Solar Beam||[still]
|-prepare|p1a: Vileplume|Solar Beam
|-anim|p1a: Vileplume|Solar Beam|p2a: Glimmora
|-damage|p2a: Glimmora|0 fnt
|faint|p2a: Glimmora
|-damage|p1a: Vileplume|69/100|[from] item: Life Orb
|
|-weather|SunnyDay|[upkeep]
|upkeep
|
|t:|1759025762
|switch|p2a: Dragapult|Dragapult, F|100/100
|turn|9
|inactive|lotadfan22 has 120 seconds left.
|l|☆ikun0116
|inactive|ikun0116 disconnected and has a minute to reconnect!
|player|p2|
|inactive|lotadfan22 has 90 seconds left.
|
|t:|1759025824
|switch|p1a: Goodra|Goodra-Hisui, M|84/100
|-damage|p1a: Goodra|72/100|[from] Spikes
|move|p2a: Dragapult|Flamethrower|p1a: Goodra
|-damage|p1a: Goodra|41/100
|
|-weather|SunnyDay|[upkeep]
|upkeep
|turn|10
|inactive|lotadfan22 has 90 seconds left.
|j|☆ikun0116
|inactive|ikun0116 reconnected and has 135 seconds left.
|player|p2|ikun0116|cynthia-gen4|
|
|t:|1759025863
|move|p2a: Dragapult|Flamethrower|p1a: Goodra
|-damage|p1a: Goodra|9/100
|move|p1a: Goodra|Flamethrower|p2a: Dragapult
|-resisted|p2a: Dragapult
|-damage|p2a: Dragapult|71/100
|
|-weather|none
|upkeep
|turn|11
|
|t:|1759025878
|switch|p2a: Ogerpon|Ogerpon-Wellspring, F|100/100
|move|p1a: Goodra|Draco Meteor|p2a: Ogerpon
|-damage|p2a: Ogerpon|17/100
|-unboost|p1a: Goodra|spa|2
|
|upkeep
|turn|12
|
|t:|1759025886
|move|p2a: Ogerpon|Horn Leech|p1a: Goodra
|-ability|p1a: Goodra|Sap Sipper|boost
|-boost|p1a: Goodra|atk|1
|move|p1a: Goodra|Draco Meteor|p2a: Ogerpon
|-damage|p2a: Ogerpon|0 fnt
|-unboost|p1a: Goodra|spa|2
|faint|p2a: Ogerpon
|
|upkeep
|
|t:|1759025897
|switch|p2a: Dragapult|Dragapult, F|71/100
|turn|13
|
|t:|1759025901
|move|p2a: Dragapult|Flamethrower|p1a: Goodra
|-damage|p1a: Goodra|0 fnt
|faint|p1a: Goodra
|
|upkeep
|inactive|lotadfan22 has 90 seconds left.
|
|t:|1759025914
|switch|p1a: Dragonite|Dragonite, M|100/100
|turn|14
|inactive|lotadfan22 has 90 seconds left.
|
|t:|1759025924
|switch|p2a: Kingambit|Kingambit, F|100/100
|-activate|p2a: Kingambit|ability: Supreme Overlord
|-start|p2a: Kingambit|fallen3|[silent]
|move|p1a: Dragonite|Dragon Dance|p1a: Dragonite
|-boost|p1a: Dragonite|atk|1
|-boost|p1a: Dragonite|spe|1
|
|upkeep
|turn|15
|inactive|lotadfan22 has 90 seconds left.
|l|☆ikun0116
|inactive|ikun0116 disconnected and has a minute to reconnect!
|player|p2|
|inactive|ikun0116 has 30 seconds to reconnect!
|j|☆ikun0116
|inactive|ikun0116 reconnected and has 95 seconds left.
|player|p2|ikun0116|cynthia-gen4|
|
|t:|1759025984
|move|p1a: Dragonite|Dragon Dance|p1a: Dragonite
|-boost|p1a: Dragonite|atk|1
|-boost|p1a: Dragonite|spe|1
|move|p2a: Kingambit|Kowtow Cleave|p1a: Dragonite
|-damage|p1a: Dragonite|69/100
|
|upkeep
|turn|16
|inactive|lotadfan22 has 90 seconds left.
|
|t:|1759026003
|move|p1a: Dragonite|Dragon Dance|p1a: Dragonite
|-boost|p1a: Dragonite|atk|1
|-boost|p1a: Dragonite|spe|1
|move|p2a: Kingambit|Kowtow Cleave|p1a: Dragonite
|-damage|p1a: Dragonite|6/100
|
|upkeep
|turn|17
|inactive|lotadfan22 has 90 seconds left.
|
|t:|1759026010
|-terastallize|p1a: Dragonite|Fairy
|move|p2a: Kingambit|Sucker Punch||[still]
|-fail|p2a: Kingambit
|move|p1a: Dragonite|Roost|p1a: Dragonite
|-heal|p1a: Dragonite|57/100
|
|upkeep
|turn|18
|
|t:|1759026020
|move|p1a: Dragonite|Fire Punch|p2a: Kingambit
|-supereffective|p2a: Kingambit
|-damage|p2a: Kingambit|0 fnt
|faint|p2a: Kingambit
|-end|p2a: Kingambit|fallen3|[silent]
|
|upkeep
|-message|ikun0116 forfeited.
|
|win|lotadfan22
|raw|lotadfan22's rating: 1000 &rarr; <strong>1048</strong><br />(+48 for winning)
|raw|ikun0116's rating: 1072 &rarr; <strong>1047</strong><br />(-25 for losing)
|l|☆ikun0116
|player|p2|
