|j|☆KaneLeVn
|j|☆redactedquirk
|t:|1759066036
|gametype|singles
|player|p1|KaneLeVn|265|1137
|player|p2|redactedquirk|morty|1143
|gen|9
|tier|[Gen 9] OU
|rated|
|rule|HP Percentage Mod: HP is shown in percentages
|rule|Endless Battle Clause: Forcing endless battles is banned
|rule|Species Clause: Limit one of each Pokémon
|rule|OHKO Clause: OHKO moves are banned
|rule|Evasion Items Clause: Evasion items are banned
|rule|Evasion Moves Clause: Evasion moves are banned
|rule|Evasion Abilities Clause: Evasion abilities are banned
|rule|Sleep Moves Clause: Sleep-inducing moves are banned
|clearpoke
|poke|p1|Ditto|
|poke|p1|Maushold-Four|
|poke|p1|Cloyster, M|
|poke|p1|Iron Treads|
|poke|p1|Iron Moth|
|poke|p1|Iron Valiant|
|poke|p2|Manaphy|
|poke|p2|Hatterene, F|
|poke|p2|Dragapult, M|
|poke|p2|Rotom-Heat|
|poke|p2|Victreebel, F|
|poke|p2|Probopass, M|
|teampreview
|
|t:|1759066044
|teamsize|p1|6
|teamsize|p2|6
|start
|switch|p1a: Cloyster|Cloyster, M|100/100
|switch|p2a: Probopass|Probopass, M|100/100
|-item|p2a: Probopass|Air Balloon
|turn|1
|inactive|Battle timer is ON: inactive players will automatically lose when time's up. (requested by redactedquirk)
|
|t:|1759066064
|move|p1a: Cloyster|Shell Smash|p1a: Cloyster
|-unboost|p1a: Cloyster|def|1
|-unboost|p1a: Cloyster|spd|1
|-boost|p1a: Cloyster|atk|2
|-boost|p1a: Cloyster|spa|2
|-boost|p1a: Cloyster|spe|2
|move|p2a: Probopass|Power Gem|p1a: Cloyster
|-supereffective|p1a: Cloyster
|-enditem|p1a: Cloyster|Focus Sash
|-damage|p1a: Cloyster|1/100
|
|upkeep
|turn|2
|
|t:|1759066077
|move|p1a: Cloyster|Icicle Spear|p2a: Probopass
|-resisted|p2a: Probopass
|-damage|p2a: Probopass|93/100
|-enditem|p2a: Probopass|Air Balloon
|-resisted|p2a: Probopass
|-damage|p2a: Probopass|85/100
|-resisted|p2a: Probopass
|-damage|p2a: Probopass|77/100
|-resisted|p2a: Probopass
|-damage|p2a: Probopass|70/100
|-resisted|p2a: Probopass
|-damage|p2a: Probopass|62/100
|-hitcount|p2a: Probopass|5
|move|p2a: Probopass|Earth Power|p1a: Cloyster
|-damage|p1a: Cloyster|0 fnt
|faint|p1a: Cloyster
|
|upkeep
|
|t:|1759066080
|switch|p1a: Iron Moth|Iron Moth|100/100
|-enditem|p1a: Iron Moth|Booster Energy
|-activate|p1a: Iron Moth|ability: Quark Drive|[fromitem]
|-start|p1a: Iron Moth|quarkdrivespa
|turn|3
|
|t:|1759066095
|move|p1a: Iron Moth|Fiery Dance|p2a: Probopass
|-damage|p2a: Probopass|22/100
|-boost|p1a: Iron Moth|spa|1
|move|p2a: Probopass|Power Gem|p1a: Iron Moth
|-supereffective|p1a: Iron Moth
|-damage|p1a: Iron Moth|55/100
|
|upkeep
|turn|4
|
|t:|1759066106
|move|p1a: Iron Moth|Fiery Dance|p2a: Probopass
|-damage|p2a: Probopass|0 fnt
|faint|p2a: Probopass
|
|upkeep
|
|t:|1759066112
|switch|p2a: Manaphy|Manaphy, shiny|100/100
|turn|5
|
|t:|1759066122
|move|p1a: Iron Moth|Energy Ball|p2a: Manaphy
|-supereffective|p2a: Manaphy
|-damage|p2a: Manaphy|20/100
|move|p2a: Manaphy|Heart Swap|p1a: Iron Moth
|-swapboost|p2a: Manaphy|p1a: Iron Moth|[from] move: Heart Swap
|
|upkeep
|turn|6
|
|t:|1759066132
|move|p1a: Iron Moth|Energy Ball|p2a: Manaphy
|-supereffective|p2a: Manaphy
|-damage|p2a: Manaphy|0 fnt
|faint|p2a: Manaphy
|
|upkeep
|
|t:|1759066143
|switch|p2a: Dragapult|Dragapult, M|100/100
|turn|7
|
|t:|1759066149
|-end|p1a: Iron Moth|Quark Drive|[silent]
|switch|p1a: Iron Valiant|Iron Valiant|100/100
|-enditem|p1a: Iron Valiant|Booster Energy
|-activate|p1a: Iron Valiant|ability: Quark Drive|[fromitem]
|-start|p1a: Iron Valiant|quarkdrivespe
|move|p2a: Dragapult|Phantom Force||[still]
|-prepare|p2a: Dragapult|Phantom Force
|
|upkeep
|turn|8
|
|t:|1759066160
|move|p1a: Iron Valiant|Spirit Break|p2a: Dragapult|[miss]
|-miss|p1a: Iron Valiant|p2a: Dragapult
|move|p2a: Dragapult|Phantom Force|p1a: Iron Valiant|[from] lockedmove
|-damage|p1a: Iron Valiant|46/100
|
|upkeep
|turn|9
|
|t:|1759066172
|move|p1a: Iron Valiant|Spirit Break|p2a: Dragapult
|-supereffective|p2a: Dragapult
|-damage|p2a: Dragapult|0 fnt
|faint|p2a: Dragapult
|
|upkeep
|
|t:|1759066183
|switch|p2a: Victreebel|Victreebel, F|100/100
|turn|10
|
|t:|1759066191
|-end|p1a: Iron Valiant|Quark Drive|[silent]
|switch|p1a: Iron Treads|Iron Treads|100/100
|-enditem|p1a: Iron Treads|Booster Energy
|-activate|p1a: Iron Treads|ability: Quark Drive|[fromitem]
|-start|p1a: Iron Treads|quarkdrivespe
|move|p2a: Victreebel|Poison Jab|p1a: Iron Treads
|-immune|p1a: Iron Treads
|
|upkeep
|turn|11
|
|t:|1759066201
|move|p1a: Iron Treads|Iron Head|p2a: Victreebel
|-crit|p2a: Victreebel
|-damage|p2a: Victreebel|12/100
|-enditem|p2a: Victreebel|Salac Berry|[eat]
|-boost|p2a: Victreebel|spe|1|[from] item: Salac Berry
|move|p2a: Victreebel|Leaf Blade|p1a: Iron Treads
|-crit|p1a: Iron Treads
|-damage|p1a: Iron Treads|37/100
|
|upkeep
|turn|12
|
|t:|1759066210
|move|p1a: Iron Treads|Iron Head|p2a: Victreebel
|-damage|p2a: Victreebel|0 fnt
|faint|p2a: Victreebel
|
|upkeep
|
|t:|1759066215
|switch|p2a: Rotom|Rotom-Heat|100/100
|turn|13
|
|t:|1759066219
|-end|p1a: Iron Treads|Quark Drive|[silent]
|switch|p1a: Iron Moth|Iron Moth|55/100
|move|p2a: Rotom|Overheat|p1a: Iron Moth|[miss]
|-miss|p2a: Rotom|p1a: Iron Moth
|
|upkeep
|turn|14
|
|t:|1759066229
|move|p1a: Iron Moth|Psychic|p2a: Rotom
|-damage|p2a: Rotom|62/100
|move|p2a: Rotom|Thunderbolt|p1a: Iron Moth
|-damage|p1a: Iron Moth|7/100
|
|upkeep
|turn|15
|
|t:|1759066236
|move|p1a: Iron Moth|Psychic|p2a: Rotom
|-damage|p2a: Rotom|21/100
|move|p2a: Rotom|Shadow Ball|p1a: Iron Moth
|-damage|p1a: Iron Moth|0 fnt
|faint|p1a: Iron Moth
|-end|p1a: Iron Moth|Quark Drive|[silent]
|
|upkeep
|
|t:|1759066240
|switch|p1a: Maushold|Maushold-Four|100/100
|turn|16
|
|t:|1759066247
|move|p1a: Maushold|Tidy Up|p1a: Maushold
|-boost|p1a: Maushold|atk|1
|-boost|p1a: Maushold|spe|1
|move|p2a: Rotom|Will-O-Wisp|p1a: Maushold
|-status|p1a: Maushold|brn
|
|-damage|p1a: Maushold|94/100 brn|[from] brn
|upkeep
|turn|17
|
|t:|1759066255
|move|p1a: Maushold|Population Bomb|p2a: Rotom
|-damage|p2a: Rotom|11/100
|-damage|p2a: Rotom|0 fnt
|faint|p2a: Rotom
|-hitcount|p2: Rotom|2
|
|-damage|p1a: Maushold|88/100 brn|[from] brn
|upkeep
|
|t:|1759066262
|switch|p2a: Hatterene|Hatterene, F, shiny|100/100
|turn|18
|
|t:|1759066266
|move|p1a: Maushold|Tidy Up|p1a: Maushold
|-boost|p1a: Maushold|atk|1
|-boost|p1a: Maushold|spe|1
|move|p2a: Hatterene|Trick Room|p2a: Hatterene
|-fieldstart|move: Trick Room|[of] p2a: Hatterene
|
|-damage|p1a: Maushold|82/100 brn|[from] brn
|upkeep
|turn|19
|
|t:|1759066276
|move|p2a: Hatterene|Psychic|p1a: Maushold
|-damage|p1a: Maushold|7/100 brn
|move|p1a: Maushold|Population Bomb|p2a: Hatterene|[miss]
|-miss|p1a: Maushold|p2a: Hatterene
|
|-damage|p1a: Maushold|1/100 brn|[from] brn
|upkeep
|turn|20
|
|t:|1759066284
|move|p2a: Hatterene|Psychic|p1a: Maushold
|-damage|p1a: Maushold|0 fnt
|faint|p1a: Maushold
|
|upkeep
|
|t:|1759066288
|switch|p1a: Ditto|Ditto|100/100
|-transform|p1a: Ditto|p2a: Hatterene|[from] ability: Imposter
|turn|21
|
|t:|1759066298
|move|p2a: Hatterene|Mystical Fire|p1a: Ditto
|-damage|p1a: Ditto|72/100
|-unboost|p1a: Ditto|spa|1
|move|p1a: Ditto|Mystical Fire|p2a: Hatterene
|-damage|p2a: Hatterene|81/100
|-unboost|p2a: Hatterene|spa|1
|
|upkeep
|turn|22
|
|t:|1759066307
|move|p2a: Hatterene|Mystical Fire|p1a: Ditto
|-damage|p1a: Ditto|55/100
|-unboost|p1a: Ditto|spa|1
|move|p1a: Ditto|Mystical Fire|p2a: Hatterene
|-damage|p2a: Hatterene|66/100
|-unboost|p2a: Hatterene|spa|1
|
|-fieldend|move: Trick Room
|upkeep
|turn|23
|
|t:|1759066317
|move|p1a: Ditto|Mystical Fire|p2a: Hatterene
|-damage|p2a: Hatterene|53/100
|-unboost|p2a: Hatterene|spa|1
|move|p2a: Hatterene|Trick Room|p2a: Hatterene
|-fieldstart|move: Trick Room|[of] p2a: Hatterene
|
|upkeep
|turn|24
|
|t:|1759066324
|move|p2a: Hatterene|Psychic|p1a: Ditto
|-resisted|p1a: Ditto
|-damage|p1a: Ditto|45/100
|move|p1a: Ditto|Mystical Fire|p2a: Hatterene
|-damage|p2a: Hatterene|39/100
|-unboost|p2a: Hatterene|spa|1
|
|upkeep
|turn|25
|-message|redactedquirk forfeited.
|
|win|KaneLeVn
|raw|KaneLeVn's rating: 1163 &rarr; <strong>1187</strong><br />(+24 for winning)
|raw|redactedquirk's rating: 1143 &rarr; <strong>1119</strong><br />(-24 for losing)
|l|☆redactedquirk
|player|p2|
|l|☆KaneLeVn
|player|p1|
