|badge|p2|bronze|gen9uu|100-6
|uhtml|medal-msg|<div class="broadcast-blue">Curious what those medals under the avatar are? PS now has Ladder Seasons! For more information, check out the <a href="https://www.smogon.com/forums/threads/3740067/">thread on Smogon.</a></div>
|j|☆WeR#4Hay!
|j|☆mooch99
|t:|1758932747
|gametype|singles
|player|p1|WeR#4Hay!|169|1613
|player|p2|mooch99|unknown|1645
|gen|9
|tier|[Gen 9] OU
|rated|
|rule|HP Percentage Mod: HP is shown in percentages
|rule|Endless Battle Clause: Forcing endless battles is banned
|rule|Species Clause: Limit one of each Pokémon
|rule|OHKO Clause: OHKO moves are banned
|rule|Evasion Items Clause: Evasion items are banned
|rule|Evasion Moves Clause: Evasion moves are banned
|rule|Evasion Abilities Clause: Evasion abilities are banned
|rule|Sleep Moves Clause: Sleep-inducing moves are banned
|clearpoke
|poke|p1|Lycanroc-Dusk, F|
|poke|p1|Okidogi, M|
|poke|p1|Zapdos|
|poke|p1|Great Tusk|
|poke|p1|Gholdengo|
|poke|p1|Slowking, F|
|poke|p2|Toucannon, F|
|poke|p2|Dragonite, M|
|poke|p2|Zamazenta-*|
|poke|p2|Iron Treads|
|poke|p2|Zapdos|
|poke|p2|Primarina, M|
|teampreview
|inactive|Battle timer is ON: inactive players will automatically lose when time's up. (requested by mooch99)
|
|t:|1758932760
|teamsize|p1|6
|teamsize|p2|6
|start
|switch|p1a: Lycanroc|Lycanroc-Dusk, F|100/100
|switch|p2a: Zamazenta|Zamazenta|100/100
|-ability|p2a: Zamazenta|Dauntless Shield|boost
|-boost|p2a: Zamazenta|def|1
|turn|1
|
|t:|1758932763
|switch|p1a: Okidogi|Okidogi, M|100/100
|move|p2a: Zamazenta|Close Combat|p1a: Okidogi
|-resisted|p1a: Okidogi
|-damage|p1a: Okidogi|64/100
|-unboost|p2a: Zamazenta|def|1
|-unboost|p2a: Zamazenta|spd|1
|-damage|p2a: Zamazenta|84/100|[from] item: Rocky Helmet|[of] p1a: Okidogi
|
|upkeep
|turn|2
|
|t:|1758932773
|switch|p2a: Toucannon|Toucannon, F|100/100
|move|p1a: Okidogi|Drain Punch|p2a: Toucannon
|-damage|p2a: Toucannon|63/100
|-heal|p1a: Okidogi|83/100|[from] drain|[of] p2a: Toucannon
|
|upkeep
|turn|3
|
|t:|1758932777
|switch|p1a: Zapdos|Zapdos|100/100
|-singleturn|p2a: Toucannon|move: Beak Blast
|move|p2a: Toucannon|Beak Blast|p1a: Zapdos
|-resisted|p1a: Zapdos
|-damage|p1a: Zapdos|83/100
|
|upkeep
|turn|4
|
|t:|1758932787
|move|p1a: Zapdos|Volt Switch|p2a: Toucannon
|-supereffective|p2a: Toucannon
|-damage|p2a: Toucannon|21/100
|
|t:|1758932804
|switch|p1a: Great Tusk|Great Tusk|100/100|[from] Volt Switch
|move|p2a: Toucannon|Rock Blast|p1a: Great Tusk
|-resisted|p1a: Great Tusk
|-damage|p1a: Great Tusk|99/100
|-resisted|p1a: Great Tusk
|-damage|p1a: Great Tusk|97/100
|-resisted|p1a: Great Tusk
|-damage|p1a: Great Tusk|96/100
|-resisted|p1a: Great Tusk
|-damage|p1a: Great Tusk|94/100
|-resisted|p1a: Great Tusk
|-damage|p1a: Great Tusk|92/100
|-hitcount|p1a: Great Tusk|5
|
|upkeep
|turn|5
|
|t:|1758932809
|-end|p1a: Great Tusk|Protosynthesis|[silent]
|switch|p1a: Zapdos|Zapdos|83/100
|-singleturn|p2a: Toucannon|move: Beak Blast
|move|p2a: Toucannon|Beak Blast|p1a: Zapdos
|-resisted|p1a: Zapdos
|-damage|p1a: Zapdos|62/100
|
|upkeep
|turn|6
|
|t:|1758932821
|switch|p2a: Zapdos|Zapdos|100/100
|move|p1a: Zapdos|Volt Switch|p2a: Zapdos
|-damage|p2a: Zapdos|66/100
|
|t:|1758932849
|switch|p1a: Lycanroc|Lycanroc-Dusk, F|100/100|[from] Volt Switch
|
|upkeep
|turn|7
|
|t:|1758932862
|switch|p2a: Zamazenta|Zamazenta|84/100
|move|p1a: Lycanroc|Accelerock|p2a: Zamazenta
|-resisted|p2a: Zamazenta
|-damage|p2a: Zamazenta|66/100
|
|upkeep
|turn|8
|
|t:|1758932873
|switch|p2a: Zapdos|Zapdos|66/100
|switch|p1a: Okidogi|Okidogi, M|83/100
|
|upkeep
|turn|9
|
|t:|1758932883
|switch|p1a: Gholdengo|Gholdengo|100/100
|move|p2a: Zapdos|Hurricane|p1a: Gholdengo
|-resisted|p1a: Gholdengo
|-damage|p1a: Gholdengo|54/100
|
|upkeep
|turn|10
|
|t:|1758932907
|switch|p2a: Toucannon|Toucannon, F|21/100
|move|p1a: Gholdengo|Shadow Ball|p2a: Toucannon
|-immune|p2a: Toucannon
|
|upkeep
|turn|11
|
|t:|1758932922
|switch|p1a: Zapdos|Zapdos|62/100
|switch|p2a: Zapdos|Zapdos|66/100
|
|upkeep
|turn|12
|
|t:|1758932934
|switch|p1a: Great Tusk|Great Tusk|92/100
|move|p2a: Zapdos|Thunderbolt|p1a: Great Tusk
|-immune|p1a: Great Tusk
|
|upkeep
|turn|13
|
|t:|1758932953
|switch|p2a: Primarina|Primarina, M|100/100
|move|p1a: Great Tusk|Stealth Rock|p2a: Primarina
|-sidestart|p2: mooch99|move: Stealth Rock
|
|upkeep
|turn|14
|
|t:|1758932960
|-end|p1a: Great Tusk|Protosynthesis|[silent]
|switch|p1a: Zapdos|Zapdos|62/100
|move|p2a: Primarina|Moonblast|p1a: Zapdos
|-damage|p1a: Zapdos|8/100
|
|upkeep
|turn|15
|
|t:|1758932969
|switch|p2a: Toucannon|Toucannon, F|21/100
|-damage|p2a: Toucannon|0 fnt|[from] Stealth Rock
|faint|p2a: Toucannon
|move|p1a: Zapdos|Volt Switch|p2: Toucannon|[notarget]
|-fail|p1a: Zapdos
|
|upkeep
|
|t:|1758932978
|switch|p2a: Iron Treads|Iron Treads|100/100
|-damage|p2a: Iron Treads|98/100|[from] Stealth Rock
|-item|p2a: Iron Treads|Air Balloon
|turn|16
|
|t:|1758932987
|move|p2a: Iron Treads|Rapid Spin|p1a: Zapdos
|-damage|p1a: Zapdos|0 fnt
|-boost|p2a: Iron Treads|spe|1
|-sideend|p2: mooch99|Stealth Rock|[from] move: Rapid Spin|[of] p2a: Iron Treads
|faint|p1a: Zapdos
|
|upkeep
|
|t:|1758932992
|switch|p1a: Slowking|Slowking, F|100/100
|turn|17
|
|t:|1758932997
|move|p2a: Iron Treads|Knock Off|p1a: Slowking
|-supereffective|p1a: Slowking
|-damage|p1a: Slowking|42/100
|-enditem|p1a: Slowking|Heavy-Duty Boots|[from] move: Knock Off|[of] p2a: Iron Treads
|move|p1a: Slowking|Scald|p2a: Iron Treads
|-supereffective|p2a: Iron Treads
|-damage|p2a: Iron Treads|18/100
|-enditem|p2a: Iron Treads|Air Balloon
|
|upkeep
|turn|18
|
|t:|1758933007
|move|p2a: Iron Treads|Earthquake|p1a: Slowking
|-damage|p1a: Slowking|0 fnt
|faint|p1a: Slowking
|
|upkeep
|
|t:|1758933012
|switch|p1a: Great Tusk|Great Tusk|92/100
|turn|19
|
|t:|1758933025
|move|p2a: Iron Treads|Ice Spinner|p1a: Great Tusk
|-supereffective|p1a: Great Tusk
|-damage|p1a: Great Tusk|55/100
|move|p1a: Great Tusk|Ice Spinner|p2a: Iron Treads
|-damage|p2a: Iron Treads|0 fnt
|faint|p2a: Iron Treads
|-end|p2a: Iron Treads|Quark Drive|[silent]
|
|upkeep
|
|t:|1758933045
|switch|p2a: Zapdos|Zapdos|66/100
|turn|20
|
|t:|1758933048
|-end|p1a: Great Tusk|Protosynthesis|[silent]
|switch|p1a: Lycanroc|Lycanroc-Dusk, F|100/100
|move|p2a: Zapdos|Hurricane|p1a: Lycanroc|[miss]
|-miss|p2a: Zapdos|p1a: Lycanroc
|
|upkeep
|turn|21
|
|t:|1758933056
|switch|p2a: Zamazenta|Zamazenta|66/100
|move|p1a: Lycanroc|Stone Edge|p2a: Zamazenta
|-resisted|p2a: Zamazenta
|-damage|p2a: Zamazenta|34/100
|
|upkeep
|turn|22
|
|t:|1758933076
|switch|p1a: Okidogi|Okidogi, M|83/100
|move|p2a: Zamazenta|Close Combat|p1a: Okidogi
|-resisted|p1a: Okidogi
|-damage|p1a: Okidogi|48/100
|-unboost|p2a: Zamazenta|def|1
|-unboost|p2a: Zamazenta|spd|1
|-damage|p2a: Zamazenta|17/100|[from] item: Rocky Helmet|[of] p1a: Okidogi
|
|upkeep
|turn|23
|
|t:|1758933085
|move|p2a: Zamazenta|Close Combat|p1a: Okidogi
|-resisted|p1a: Okidogi
|-damage|p1a: Okidogi|13/100
|-unboost|p2a: Zamazenta|def|1
|-unboost|p2a: Zamazenta|spd|1
|-damage|p2a: Zamazenta|0 fnt|[from] item: Rocky Helmet|[of] p1a: Okidogi
|faint|p2a: Zamazenta
|move|p1a: Okidogi|Gunk Shot|p2: Zamazenta|[notarget]
|-fail|p1a: Okidogi
|
|upkeep
|j| Poltzor
|
|t:|1758933108
|switch|p2a: Zapdos|Zapdos|66/100
|turn|24
|inactive|mooch99 has 120 seconds left.
|inactive|WeR#4Hay! has 120 seconds left.
|
|t:|1758933146
|move|p2a: Zapdos|Hurricane|p1a: Okidogi
|-supereffective|p1a: Okidogi
|-damage|p1a: Okidogi|0 fnt
|faint|p1a: Okidogi
|
|upkeep
|
|t:|1758933159
|switch|p1a: Lycanroc|Lycanroc-Dusk, F|100/100
|turn|25
|
|t:|1758933167
|-terastallize|p2a: Zapdos|Steel
|move|p1a: Lycanroc|Accelerock|p2a: Zapdos
|-resisted|p2a: Zapdos
|-damage|p2a: Zapdos|41/100
|-status|p1a: Lycanroc|par|[from] ability: Static|[of] p2a: Zapdos
|move|p2a: Zapdos|Hurricane|p1a: Lycanroc
|-resisted|p1a: Lycanroc
|-damage|p1a: Lycanroc|29/100 par
|-start|p1a: Lycanroc|confusion
|
|upkeep
|turn|26
|inactive|WeR#4Hay! has 120 seconds left.
|
|t:|1758933175
|switch|p1a: Gholdengo|Gholdengo|54/100
|move|p2a: Zapdos|Hurricane|p1a: Gholdengo
|-resisted|p1a: Gholdengo
|-damage|p1a: Gholdengo|3/100
|-start|p1a: Gholdengo|confusion
|
|upkeep
|turn|27
|
|t:|1758933182
|switch|p1a: Lycanroc|Lycanroc-Dusk, F|29/100 par
|move|p2a: Zapdos|Hurricane|p1a: Lycanroc|[miss]
|-miss|p2a: Zapdos|p1a: Lycanroc
|
|upkeep
|turn|28
|
|t:|1758933188
|cant|p1a: Lycanroc|par
|move|p2a: Zapdos|Hurricane|p1a: Lycanroc
|-resisted|p1a: Lycanroc
|-damage|p1a: Lycanroc|0 fnt
|faint|p1a: Lycanroc
|
|upkeep
|
|t:|1758933190
|switch|p1a: Gholdengo|Gholdengo|3/100
|turn|29
|
|t:|1758933198
|switch|p2a: Primarina|Primarina, M|100/100
|move|p1a: Gholdengo|Shadow Ball|p2a: Primarina
|-damage|p2a: Primarina|76/100
|-unboost|p2a: Primarina|spd|1
|
|upkeep
|turn|30
|
|t:|1758933201
|move|p1a: Gholdengo|Shadow Ball|p2a: Primarina
|-damage|p2a: Primarina|43/100
|move|p2a: Primarina|Flip Turn|p1a: Gholdengo
|-damage|p1a: Gholdengo|0 fnt
|faint|p1a: Gholdengo
|
|t:|1758933214
|switch|p2a: Zapdos|Zapdos, tera:Steel|41/100|[from] Flip Turn
|
|upkeep
|
|t:|1758933217
|switch|p1a: Great Tusk|Great Tusk|55/100
|turn|31
|
|t:|1758933227
|-terastallize|p1a: Great Tusk|Steel
|move|p2a: Zapdos|Heat Wave|p1a: Great Tusk|[miss]
|-miss|p2a: Zapdos|p1a: Great Tusk
|move|p1a: Great Tusk|Rapid Spin|p2a: Zapdos
|-resisted|p2a: Zapdos
|-damage|p2a: Zapdos|30/100
|-boost|p1a: Great Tusk|spe|1
|-status|p1a: Great Tusk|par|[from] ability: Static|[of] p2a: Zapdos
|
|upkeep
|turn|32
|-message|WeR#4Hay! forfeited.
|
|win|mooch99
|raw|WeR#4Hay!'s rating: 1613 &rarr; <strong>1595</strong><br />(-18 for losing)
|raw|mooch99's rating: 1645 &rarr; <strong>1663</strong><br />(+18 for winning)
|l|☆WeR#4Hay!
|player|p1|
|l|☆mooch99
|player|p2|
