|j|‽Kindofnewbie
|j|☆avefra
|t:|1758956111
|gametype|singles
|player|p1|Kindofnewbie|lucas|1102
|player|p2|avefra|steven|1123
|gen|9
|tier|[Gen 9] OU
|rated|
|rule|HP Percentage Mod: HP is shown in percentages
|rule|Endless Battle Clause: Forcing endless battles is banned
|rule|Species Clause: Limit one of each Pokémon
|rule|OHKO Clause: OHKO moves are banned
|rule|Evasion Items Clause: Evasion items are banned
|rule|Evasion Moves Clause: Evasion moves are banned
|rule|Evasion Abilities Clause: Evasion abilities are banned
|rule|Sleep Moves Clause: Sleep-inducing moves are banned
|clearpoke
|poke|p1|Swalot, M|
|poke|p1|Mew|
|poke|p1|Araquanid, F|
|poke|p1|Conkeldurr, M|
|poke|p1|Gengar, M|
|poke|p1|Volbeat, M|
|poke|p2|Dragonite, M|
|poke|p2|Mamoswine, M|
|poke|p2|Azumarill, F|
|poke|p2|Metagross|
|poke|p2|Serperior, F|
|poke|p2|Galvantula, F|
|teampreview
|inactive|Battle timer is ON: inactive players will automatically lose when time's up. (requested by avefra)
|inactive|Kindofnewbie also wants the timer to be on.
|
|t:|1758956116
|teamsize|p1|6
|teamsize|p2|6
|start
|switch|p1a: Araquanid|Araquanid, F|100/100
|switch|p2a: Metagross|Metagross, shiny|100/100
|turn|1
|
|t:|1758956126
|move|p2a: Metagross|Stealth Rock|p1a: Araquanid
|-sidestart|p1: Kindofnewbie|move: Stealth Rock
|move|p1a: Araquanid|Sticky Web|p2a: Metagross
|-sidestart|p2: avefra|move: Sticky Web
|
|upkeep
|turn|2
|
|t:|1758956133
|switch|p1a: Mew|Mew, shiny|100/100
|-damage|p1a: Mew|88/100|[from] Stealth Rock
|move|p2a: Metagross|Explosion|p1a: Mew
|-enditem|p2a: Metagross|Normal Gem|[from] gem
|-damage|p1a: Mew|0 fnt
|faint|p2a: Metagross
|faint|p1a: Mew
|
|upkeep
|
|t:|1758956142
|switch|p1a: Araquanid|Araquanid, F|100/100
|switch|p2a: Galvantula|Galvantula, F, shiny|100/100
|-activate|p2a: Galvantula|move: Sticky Web
|-unboost|p2a: Galvantula|spe|1
|-damage|p1a: Araquanid|75/100|[from] Stealth Rock
|turn|3
|
|t:|1758956150
|move|p2a: Galvantula|Sticky Web|p1a: Araquanid
|-sidestart|p1: Kindofnewbie|move: Sticky Web
|move|p1a: Araquanid|Liquidation|p2a: Galvantula
|-enditem|p2a: Galvantula|Focus Sash
|-damage|p2a: Galvantula|1/100
|-unboost|p2a: Galvantula|def|1
|
|upkeep
|turn|4
|
|t:|1758956156
|move|p2a: Galvantula|Thunder|p1a: Araquanid
|-supereffective|p1a: Araquanid
|-damage|p1a: Araquanid|5/100
|move|p1a: Araquanid|Liquidation|p2a: Galvantula
|-damage|p2a: Galvantula|0 fnt
|faint|p2a: Galvantula
|
|upkeep
|
|t:|1758956167
|switch|p2a: Dragonite|Dragonite, M|100/100
|turn|5
|
|t:|1758956172
|switch|p1a: Volbeat|Volbeat, M|100/100
|-damage|p1a: Volbeat|76/100|[from] Stealth Rock
|-activate|p1a: Volbeat|move: Sticky Web
|-unboost|p1a: Volbeat|spe|1
|move|p2a: Dragonite|Dragon Dance|p2a: Dragonite
|-boost|p2a: Dragonite|atk|1
|-boost|p2a: Dragonite|spe|1
|
|upkeep
|turn|6
|
|t:|1758956178
|move|p1a: Volbeat|Encore|p2a: Dragonite
|-start|p2a: Dragonite|Encore
|move|p2a: Dragonite|Dragon Dance|p2a: Dragonite
|-boost|p2a: Dragonite|atk|1
|-boost|p2a: Dragonite|spe|1
|
|upkeep
|turn|7
|
|t:|1758956185
|move|p2a: Dragonite|Dragon Dance|p2a: Dragonite
|-boost|p2a: Dragonite|atk|1
|-boost|p2a: Dragonite|spe|1
|move|p1a: Volbeat|Lunge|p2a: Dragonite
|-resisted|p2a: Dragonite
|-damage|p2a: Dragonite|92/100
|-unboost|p2a: Dragonite|atk|1
|
|upkeep
|turn|8
|
|t:|1758956193
|move|p1a: Volbeat|Roost|p1a: Volbeat
|-heal|p1a: Volbeat|100/100
|-singleturn|p1a: Volbeat|move: Roost
|move|p2a: Dragonite|Dragon Dance|p2a: Dragonite
|-boost|p2a: Dragonite|atk|1
|-boost|p2a: Dragonite|spe|1
|
|-end|p2a: Dragonite|Encore
|upkeep
|turn|9
|
|t:|1758956204
|move|p1a: Volbeat|Encore|p2a: Dragonite
|-start|p2a: Dragonite|Encore
|move|p2a: Dragonite|Dragon Dance|p2a: Dragonite
|-boost|p2a: Dragonite|atk|1
|-boost|p2a: Dragonite|spe|1
|
|upkeep
|turn|10
|
|t:|1758956211
|move|p2a: Dragonite|Dragon Dance|p2a: Dragonite
|-boost|p2a: Dragonite|atk|1
|-boost|p2a: Dragonite|spe|1
|move|p1a: Volbeat|Lunge|p2a: Dragonite
|-resisted|p2a: Dragonite
|-damage|p2a: Dragonite|77/100
|-unboost|p2a: Dragonite|atk|1
|
|upkeep
|turn|11
|
|t:|1758956217
|move|p2a: Dragonite|Dragon Dance|p2a: Dragonite
|-boost|p2a: Dragonite|atk|1
|-boost|p2a: Dragonite|spe|0
|move|p1a: Volbeat|Lunge|p2a: Dragonite
|-resisted|p2a: Dragonite
|-damage|p2a: Dragonite|60/100
|-unboost|p2a: Dragonite|atk|1
|
|-end|p2a: Dragonite|Encore
|upkeep
|turn|12
|
|t:|1758956231
|move|p2a: Dragonite|Extreme Speed|p1a: Volbeat
|-damage|p1a: Volbeat|0 fnt
|faint|p1a: Volbeat
|
|upkeep
|-message|Kindofnewbie forfeited.
|
|win|avefra
|raw|Kindofnewbie's rating: 1102 &rarr; <strong>1079</strong><br />(-23 for losing)
|raw|avefra's rating: 1123 &rarr; <strong>1146</strong><br />(+23 for winning)
|l|‽Kindofnewbie
|player|p1|
|l|☆avefra
|player|p2|
