|badge|p1|bronze|gen9ou|100-6
|uhtml|medal-msg|<div class="broadcast-blue">Curious what those medals under the avatar are? PS now has Ladder Seasons! For more information, check out the <a href="https://www.smogon.com/forums/threads/3740067/">thread on Smogon.</a></div>
|j|☆tokiwakano
|j|‽Ausar489
|t:|1758921627
|gametype|singles
|player|p1|tokiwakano|acetrainerf|1789
|player|p2|Ausar489|unknown|1719
|gen|9
|tier|[Gen 9] OU
|rated|
|rule|HP Percentage Mod: HP is shown in percentages
|rule|Endless Battle Clause: Forcing endless battles is banned
|rule|Species Clause: Limit one of each Pokémon
|rule|OHKO Clause: OHKO moves are banned
|rule|Evasion Items Clause: Evasion items are banned
|rule|Evasion Moves Clause: Evasion moves are banned
|rule|Evasion Abilities Clause: Evasion abilities are banned
|rule|Sleep Moves Clause: Sleep-inducing moves are banned
|clearpoke
|poke|p1|Primarina, F|
|poke|p1|Iron Crown|
|poke|p1|Glimmora, M|
|poke|p1|Gholdengo|
|poke|p1|Landorus-Therian, M|
|poke|p1|Kyurem|
|poke|p2|Ceruledge, M|
|poke|p2|Torkoal, F|
|poke|p2|Great Tusk|
|poke|p2|Walking Wake|
|poke|p2|Venusaur, M|
|poke|p2|Hatterene, F|
|teampreview
|j| Youressi
|inactive|Battle timer is ON: inactive players will automatically lose when time's up. (requested by tokiwakano)
|j| cynasaurus
|
|t:|1758921642
|teamsize|p1|6
|teamsize|p2|6
|start
|switch|p1a: Kyurem|Kyurem|100/100
|switch|p2a: Walking Wake|Walking Wake|100/100
|-ability|p1a: Kyurem|Pressure
|turn|1
|
|t:|1758921646
|switch|p1a: Primarina|Primarina, F|100/100
|move|p2a: Walking Wake|Draco Meteor|p1a: Primarina
|-immune|p1a: Primarina
|
|upkeep
|turn|2
|
|t:|1758921651
|-end|p2a: Walking Wake|Protosynthesis|[silent]
|switch|p2a: Torkoal|Torkoal, F|100/100
|-weather|SunnyDay|[from] ability: Drought|[of] p2a: Torkoal
|move|p1a: Primarina|Flip Turn|p2a: Torkoal
|-supereffective|p2a: Torkoal
|-damage|p2a: Torkoal|89/100
|
|t:|1758921655
|switch|p1a: Glimmora|Glimmora, M|100/100|[from] Flip Turn
|
|-weather|SunnyDay|[upkeep]
|upkeep
|turn|3
|
|t:|1758921658
|switch|p2a: Hatterene|Hatterene, F|100/100
|move|p1a: Glimmora|Mortal Spin|p2a: Hatterene
|-supereffective|p2a: Hatterene
|-damage|p2a: Hatterene|89/100
|-status|p2a: Hatterene|psn
|-enditem|p2a: Hatterene|Eject Button
|
|t:|1758921662
|switch|p2a: Walking Wake|Walking Wake|100/100
|-activate|p2a: Walking Wake|ability: Protosynthesis
|-start|p2a: Walking Wake|protosynthesisspe
|
|-weather|SunnyDay|[upkeep]
|upkeep
|turn|4
|
|t:|1758921664
|switch|p1a: Primarina|Primarina, F|100/100
|move|p2a: Walking Wake|Hydro Steam|p1a: Primarina
|-resisted|p1a: Primarina
|-damage|p1a: Primarina|73/100
|
|-weather|SunnyDay|[upkeep]
|upkeep
|turn|5
|
|t:|1758921669
|-end|p2a: Walking Wake|Protosynthesis|[silent]
|switch|p2a: Venusaur|Venusaur, M|100/100
|move|p1a: Primarina|Psychic Noise|p2a: Venusaur
|-supereffective|p2a: Venusaur
|-damage|p2a: Venusaur|33/100
|-start|p2a: Venusaur|move: Heal Block
|
|-weather|SunnyDay|[upkeep]
|upkeep
|turn|6
|
|t:|1758921686
|-terastallize|p2a: Venusaur|Dark
|move|p2a: Venusaur|Growth|p2a: Venusaur
|-boost|p2a: Venusaur|atk|2
|-boost|p2a: Venusaur|spa|2
|move|p1a: Primarina|Psychic Noise|p2a: Venusaur
|-immune|p2a: Venusaur
|
|-weather|SunnyDay|[upkeep]
|-end|p2a: Venusaur|move: Heal Block
|upkeep
|turn|7
|
|t:|1758921693
|switch|p1a: Glimmora|Glimmora, M|100/100
|move|p2a: Venusaur|Giga Drain|p1a: Glimmora
|-damage|p1a: Glimmora|4/100
|-heal|p2a: Venusaur|93/100|[from] drain|[of] p1a: Glimmora
|-enditem|p1a: Glimmora|Red Card|[of] p2a: Venusaur
|drag|p2a: Ceruledge|Ceruledge, M, shiny|100/100
|
|-weather|SunnyDay|[upkeep]
|upkeep
|turn|8
|j| atlanta w sav
|
|t:|1758921704
|switch|p2a: Great Tusk|Great Tusk|100/100
|-activate|p2a: Great Tusk|ability: Protosynthesis
|-start|p2a: Great Tusk|protosynthesisatk
|move|p1a: Glimmora|Power Gem|p2a: Great Tusk
|-resisted|p2a: Great Tusk
|-damage|p2a: Great Tusk|93/100
|
|-weather|SunnyDay|[upkeep]
|upkeep
|turn|9
|
|t:|1758921713
|switch|p1a: Gholdengo|Gholdengo|100/100
|move|p2a: Great Tusk|Rapid Spin|p1a: Gholdengo
|-immune|p1a: Gholdengo
|
|-weather|none
|-end|p2a: Great Tusk|Protosynthesis
|upkeep
|turn|10
|l| Youressi
|
|t:|1758921719
|switch|p1a: Landorus|Landorus-Therian, M|100/100
|-ability|p1a: Landorus|Intimidate|boost
|-unboost|p2a: Great Tusk|atk|1
|-end|p2a: Great Tusk|Protosynthesis|[silent]
|switch|p2a: Torkoal|Torkoal, F|89/100
|-weather|SunnyDay|[from] ability: Drought|[of] p2a: Torkoal
|
|-weather|SunnyDay|[upkeep]
|upkeep
|turn|11
|
|t:|1758921726
|switch|p2a: Hatterene|Hatterene, F|89/100 psn
|move|p1a: Landorus|Earthquake|p2a: Hatterene
|-damage|p2a: Hatterene|46/100 psn
|
|-weather|SunnyDay|[upkeep]
|-damage|p2a: Hatterene|34/100 psn|[from] psn
|upkeep
|turn|12
|
|t:|1758921731
|move|p1a: Landorus|Earthquake|p2a: Hatterene
|-crit|p2a: Hatterene
|-damage|p2a: Hatterene|0 fnt
|faint|p2a: Hatterene
|
|-weather|SunnyDay|[upkeep]
|upkeep
|
|t:|1758921736
|switch|p2a: Walking Wake|Walking Wake|100/100
|-activate|p2a: Walking Wake|ability: Protosynthesis
|-start|p2a: Walking Wake|protosynthesisspe
|turn|13
|
|t:|1758921748
|-terastallize|p1a: Landorus|Water
|move|p2a: Walking Wake|Hydro Steam|p1a: Landorus
|-resisted|p1a: Landorus
|-damage|p1a: Landorus|54/100
|move|p1a: Landorus|Stealth Rock|p2a: Walking Wake
|-sidestart|p2: Ausar489|move: Stealth Rock
|
|-weather|SunnyDay|[upkeep]
|upkeep
|turn|14
|
|t:|1758921755
|-end|p2a: Walking Wake|Protosynthesis|[silent]
|switch|p2a: Great Tusk|Great Tusk|93/100
|-damage|p2a: Great Tusk|90/100|[from] Stealth Rock
|-activate|p2a: Great Tusk|ability: Protosynthesis
|-start|p2a: Great Tusk|protosynthesisatk
|switch|p1a: Primarina|Primarina, F|73/100
|
|-weather|SunnyDay|[upkeep]
|upkeep
|turn|15
|j| transit blues
|
|t:|1758921773
|move|p2a: Great Tusk|Temper Flare|p1a: Primarina
|-resisted|p1a: Primarina
|-damage|p1a: Primarina|32/100
|move|p1a: Primarina|Moonblast|p2a: Great Tusk
|-supereffective|p2a: Great Tusk
|-damage|p2a: Great Tusk|0 fnt
|faint|p2a: Great Tusk
|-end|p2a: Great Tusk|Protosynthesis|[silent]
|
|-weather|SunnyDay|[upkeep]
|upkeep
|
|t:|1758921779
|switch|p2a: Venusaur|Venusaur, M, tera:Dark|93/100
|-damage|p2a: Venusaur|80/100|[from] Stealth Rock
|turn|16
|
|t:|1758921792
|switch|p1a: Glimmora|Glimmora, M|4/100
|move|p2a: Venusaur|Giga Drain|p1a: Glimmora
|-damage|p1a: Glimmora|0 fnt
|-heal|p2a: Venusaur|83/100|[from] drain|[of] p1a: Glimmora
|faint|p1a: Glimmora
|-damage|p2a: Venusaur|73/100|[from] item: Life Orb
|
|-weather|SunnyDay|[upkeep]
|upkeep
|
|t:|1758921802
|switch|p1a: Kyurem|Kyurem|100/100
|-ability|p1a: Kyurem|Pressure
|turn|17
|
|t:|1758921804
|move|p2a: Venusaur|Weather Ball|p1a: Kyurem
|-damage|p1a: Kyurem|41/100
|-damage|p2a: Venusaur|63/100|[from] item: Life Orb
|move|p1a: Kyurem|Dragon Dance|p1a: Kyurem
|-boost|p1a: Kyurem|atk|1
|-boost|p1a: Kyurem|spe|1
|
|-weather|none
|upkeep
|turn|18
|
|t:|1758921813
|move|p1a: Kyurem|Icicle Spear|p2a: Venusaur
|-damage|p2a: Venusaur|38/100
|-damage|p2a: Venusaur|14/100
|-damage|p2a: Venusaur|0 fnt
|faint|p2a: Venusaur
|-hitcount|p2: Venusaur|3
|
|upkeep
|
|t:|1758921815
|switch|p2a: Torkoal|Torkoal, F|89/100
|-damage|p2a: Torkoal|64/100|[from] Stealth Rock
|-weather|SunnyDay|[from] ability: Drought|[of] p2a: Torkoal
|turn|19
|
|t:|1758921817
|move|p1a: Kyurem|Earth Power|p2a: Torkoal
|-supereffective|p2a: Torkoal
|-damage|p2a: Torkoal|0 fnt
|faint|p2a: Torkoal
|
|-weather|SunnyDay|[upkeep]
|upkeep
|
|t:|1758921834
|switch|p2a: Walking Wake|Walking Wake|100/100
|-damage|p2a: Walking Wake|88/100|[from] Stealth Rock
|-activate|p2a: Walking Wake|ability: Protosynthesis
|-start|p2a: Walking Wake|protosynthesisspe
|turn|20
|
|t:|1758921838
|move|p2a: Walking Wake|Hydro Steam|p1a: Kyurem
|-resisted|p1a: Kyurem
|-damage|p1a: Kyurem|0 fnt
|faint|p1a: Kyurem
|
|-weather|SunnyDay|[upkeep]
|upkeep
|
|t:|1758921842
|switch|p1a: Primarina|Primarina, F|32/100
|turn|21
|
|t:|1758921845
|move|p2a: Walking Wake|Hydro Steam|p1a: Primarina
|-resisted|p1a: Primarina
|-damage|p1a: Primarina|5/100
|move|p1a: Primarina|Moonblast|p2a: Walking Wake
|-supereffective|p2a: Walking Wake
|-damage|p2a: Walking Wake|0 fnt
|faint|p2a: Walking Wake
|-end|p2a: Walking Wake|Protosynthesis|[silent]
|
|-weather|SunnyDay|[upkeep]
|upkeep
|
|t:|1758921848
|switch|p2a: Ceruledge|Ceruledge, M, shiny|100/100
|-damage|p2a: Ceruledge|76/100|[from] Stealth Rock
|turn|22
|
|t:|1758921854
|move|p2a: Ceruledge|Bitter Blade|p1a: Primarina
|-resisted|p1a: Primarina
|-damage|p1a: Primarina|0 fnt
|-heal|p2a: Ceruledge|79/100|[from] drain|[of] p1a: Primarina
|faint|p1a: Primarina
|
|-weather|SunnyDay|[upkeep]
|upkeep
|
|t:|1758921856
|switch|p1a: Gholdengo|Gholdengo|100/100
|turn|23
|
|t:|1758921869
|move|p1a: Gholdengo|Shadow Ball|p2a: Ceruledge
|-supereffective|p2a: Ceruledge
|-damage|p2a: Ceruledge|0 fnt
|faint|p2a: Ceruledge
|
|win|tokiwakano
|raw|tokiwakano's rating: 1789 &rarr; <strong>1805</strong><br />(+16 for winning)
|raw|Ausar489's rating: 1719 &rarr; <strong>1703</strong><br />(-16 for losing)
|l|‽Ausar489
|player|p2|
|l|☆tokiwakano
|player|p1|
|l| atlanta w sav
|l| cynasaurus
