|j|☆aiden022688
|j|☆single mothers
|inactive|Battle timer is ON: inactive players will automatically lose when time's up.
|t:|1758923521
|gametype|singles
|player|p1|aiden022688|dawn|
|player|p2|single mothers|karen|
|gen|9
|tier|[Gen 9] OU
|rated|Tournament battle
|rule|HP Percentage Mod: HP is shown in percentages
|rule|Endless Battle Clause: Forcing endless battles is banned
|rule|Species Clause: Limit one of each Pokémon
|rule|OHKO Clause: OHKO moves are banned
|rule|Evasion Items Clause: Evasion items are banned
|rule|Evasion Moves Clause: Evasion moves are banned
|rule|Evasion Abilities Clause: Evasion abilities are banned
|rule|Sleep Moves Clause: Sleep-inducing moves are banned
|raw|<div class="infobox"><details class="readmore"><summary><strong>15 custom rules:</strong></summary> -burmy, -caterpie, -combee, -kricketot, -magikarp, -scatterbug, -sunkern, -tynamo, -typenull, -weedle, -wurmple, -cosmog, -blipbug, -snom, -wynaut</details></div>
|clearpoke
|poke|p1|Metagross|
|poke|p1|Ekans, M|
|poke|p1|Croagunk, F|
|poke|p1|Crabrawler, F|
|poke|p2|Elekid, F|
|poke|p2|Brambleghast, F|
|poke|p2|Braviary-Hisui, M|
|poke|p2|Skrelp, M|
|teampreview
|j|*Lady Monita ☀
|inactive|aiden022688 also wants the timer to be on.
|c|☆aiden022688|Glhf
|c|☆single mothers|glhf
|j| PokemonGT7
|inactive|single mothers has 120 seconds left.
|l| PokemonGT7
|
|t:|1758923553
|teamsize|p1|4
|teamsize|p2|4
|start
|switch|p1a: Pawnch|Crabrawler, F|100/100
|switch|p2a: Elekid|Elekid, F|100/100
|turn|1
|c|☆aiden022688|He didn't know I could devolve a mon to get my Metagross
|
|t:|1758923574
|move|p2a: Elekid|Discharge|p1a: Pawnch
|-damage|p1a: Pawnch|74/100
|move|p1a: Pawnch|Drain Punch|p2a: Elekid
|-enditem|p2a: Elekid|Focus Sash
|-damage|p2a: Elekid|1/100
|-heal|p1a: Pawnch|100/100|[from] drain|[of] p2a: Elekid
|
|upkeep
|turn|2
|
|t:|1758923580
|move|p2a: Elekid|Discharge|p1a: Pawnch
|-damage|p1a: Pawnch|75/100
|move|p1a: Pawnch|Drain Punch|p2a: Elekid
|-damage|p2a: Elekid|0 fnt
|-heal|p1a: Pawnch|76/100|[from] drain|[of] p2a: Elekid
|faint|p2a: Elekid
|
|upkeep
|
|t:|1758923587
|switch|p2a: Braviary|Braviary-Hisui, M|100/100
|turn|3
|j| Rizzgod01910
|
|t:|1758923596
|switch|p1a: BLOOMED|Metagross|100/100
|move|p2a: Braviary|U-turn|p1a: BLOOMED
|-damage|p1a: BLOOMED|91/100
|
|t:|1758923602
|switch|p2a: Brambleghast|Brambleghast, F|100/100|[from] U-turn
|
|-heal|p1a: BLOOMED|97/100|[from] item: Leftovers
|upkeep
|turn|4
|
|t:|1758923607
|-terastallize|p1a: BLOOMED|Steel
|move|p2a: Brambleghast|Poltergeist|p1a: BLOOMED
|-activate|p1a: BLOOMED|move: Poltergeist|Leftovers
|-damage|p1a: BLOOMED|58/100
|move|p1a: BLOOMED|Knock Off|p2a: Brambleghast
|-supereffective|p2a: Brambleghast
|-enditem|p2a: Brambleghast|Focus Sash
|-damage|p2a: Brambleghast|1/100
|
|-heal|p1a: BLOOMED|64/100|[from] item: Leftovers
|upkeep
|turn|5
|
|t:|1758923615
|move|p1a: BLOOMED|Bullet Punch|p2a: Brambleghast
|-damage|p2a: Brambleghast|0 fnt
|faint|p2a: Brambleghast
|
|-heal|p1a: BLOOMED|70/100|[from] item: Leftovers
|upkeep
|
|t:|1758923625
|switch|p2a: Braviary|Braviary-Hisui, M|100/100
|turn|6
|c|☆aiden022688|Didn't even know Metagross was in gen 9
|
|t:|1758923637
|move|p2a: Braviary|Heat Wave|p1a: BLOOMED
|-supereffective|p1a: BLOOMED
|-damage|p1a: BLOOMED|0 fnt
|faint|p1a: BLOOMED
|
|upkeep
|
|t:|1758923642
|switch|p1a: Snake|Ekans, M|100/100
|-ability|p1a: Snake|Intimidate|boost
|-unboost|p2a: Braviary|atk|1
|turn|7
|
|t:|1758923645
|switch|p2a: Skrelp|Skrelp, M|100/100
|move|p1a: Snake|Crunch|p2a: Skrelp
|-damage|p2a: Skrelp|63/100
|
|upkeep
|turn|8
|
|t:|1758923650
|switch|p1a: Goat|Croagunk, F|100/100
|move|p2a: Skrelp|Aqua Tail|p1a: Goat
|-immune|p1a: Goat|[from] ability: Dry Skin
|
|upkeep
|turn|9
|
|t:|1758923653
|move|p2a: Skrelp|Aqua Tail|p1a: Goat
|-immune|p1a: Goat|[from] ability: Dry Skin
|move|p1a: Goat|Earthquake|p2a: Skrelp
|-supereffective|p2a: Skrelp
|-damage|p2a: Skrelp|0 fnt
|faint|p2a: Skrelp
|
|upkeep
|
|t:|1758923655
|switch|p2a: Braviary|Braviary-Hisui, M|100/100
|turn|10
|
|t:|1758923658
|-terastallize|p2a: Braviary|Psychic
|move|p1a: Goat|Bullet Punch|p2a: Braviary
|-damage|p2a: Braviary|89/100
|move|p2a: Braviary|Esper Wing|p1a: Goat
|-supereffective|p1a: Goat
|-damage|p1a: Goat|0 fnt
|-boost|p2a: Braviary|spe|1
|faint|p1a: Goat
|
|upkeep
|
|t:|1758923660
|switch|p1a: Snake|Ekans, M|100/100
|-ability|p1a: Snake|Intimidate|boost
|-unboost|p2a: Braviary|atk|1
|turn|11
|
|t:|1758923663
|move|p1a: Snake|Crunch|p2a: Braviary
|-supereffective|p2a: Braviary
|-crit|p2a: Braviary
|-damage|p2a: Braviary|20/100
|move|p2a: Braviary|Esper Wing|p1a: Snake
|-supereffective|p1a: Snake
|-damage|p1a: Snake|0 fnt
|-boost|p2a: Braviary|spe|1
|faint|p1a: Snake
|
|upkeep
|
|t:|1758923666
|switch|p1a: Pawnch|Crabrawler, F|76/100
|turn|12
|
|t:|1758923669
|move|p2a: Braviary|Esper Wing|p1a: Pawnch
|-supereffective|p1a: Pawnch
|-damage|p1a: Pawnch|0 fnt
|-boost|p2a: Braviary|spe|1
|faint|p1a: Pawnch
|
|win|single mothers
|n|☆aiden022688|aiden022688
|n|☆single mothers|singlemothers
|n|*Lady Monita ☀|ladymonita
|n| Rizzgod01910|rizzgod01910
