|j|☆Akr911
|j|☆boldenhauer
|t:|1758924323
|gametype|singles
|player|p1|Akr911|steven|1340
|player|p2|boldenhauer|102|1345
|gen|9
|tier|[Gen 9] OU
|rated|
|rule|HP Percentage Mod: HP is shown in percentages
|rule|Endless Battle Clause: Forcing endless battles is banned
|rule|Species Clause: Limit one of each Pokémon
|rule|OHKO Clause: OHKO moves are banned
|rule|Evasion Items Clause: Evasion items are banned
|rule|Evasion Moves Clause: Evasion moves are banned
|rule|Evasion Abilities Clause: Evasion abilities are banned
|rule|Sleep Moves Clause: Sleep-inducing moves are banned
|clearpoke
|poke|p1|Great Tusk|
|poke|p1|Kingambit, F|
|poke|p1|Raging Bolt|
|poke|p1|Walking Wake|
|poke|p1|Ninetales, M|
|poke|p1|Ceruledge, M|
|poke|p2|Ogerpon, F|
|poke|p2|Moltres|
|poke|p2|Malamar, F|
|poke|p2|Dragapult, M|
|poke|p2|Spidops, M|
|poke|p2|Empoleon, F|
|teampreview
|
|t:|1758924334
|teamsize|p1|6
|teamsize|p2|6
|start
|switch|p1a: Kingambit|Kingambit, F|100/100
|switch|p2a: Spidops|Spidops, M|100/100
|-item|p1a: Kingambit|Air Balloon
|turn|1
|
|t:|1758924345
|-end|p1a: Kingambit|fallenundefined|[silent]
|switch|p1a: Great Tusk|Great Tusk|100/100
|move|p2a: Spidops|Circle Throw|p1a: Great Tusk
|-damage|p1a: Great Tusk|85/100
|-end|p1a: Great Tusk|Protosynthesis|[silent]
|drag|p1a: Raging Bolt|Raging Bolt|100/100
|
|upkeep
|turn|2
|
|t:|1758924357
|move|p1a: Raging Bolt|Dragon Pulse|p2a: Spidops
|-damage|p2a: Spidops|34/100
|-damage|p1a: Raging Bolt|91/100|[from] item: Life Orb
|move|p2a: Spidops|Sticky Web|p1a: Raging Bolt
|-sidestart|p1: Akr911|move: Sticky Web
|
|upkeep
|turn|3
|
|t:|1758924372
|move|p1a: Raging Bolt|Dragon Pulse|p2a: Spidops
|-damage|p2a: Spidops|0 fnt
|faint|p2a: Spidops
|-damage|p1a: Raging Bolt|81/100|[from] item: Life Orb
|
|upkeep
|
|t:|1758924378
|switch|p2a: Dragapult|Dragapult, M|100/100
|turn|4
|
|t:|1758924383
|-terastallize|p1a: Raging Bolt|Flying
|move|p2a: Dragapult|Substitute|p2a: Dragapult
|-start|p2a: Dragapult|Substitute
|-damage|p2a: Dragapult|76/100
|move|p1a: Raging Bolt|Dragon Pulse|p2a: Dragapult
|-supereffective|p2a: Dragapult
|-end|p2a: Dragapult|Substitute
|-damage|p1a: Raging Bolt|71/100|[from] item: Life Orb
|
|upkeep
|turn|5
|l|☆Akr911
|player|p1|
|j|☆Akr911
|player|p1|Akr911|steven|
|
|t:|1758924440
|move|p2a: Dragapult|Substitute|p2a: Dragapult
|-start|p2a: Dragapult|Substitute
|-damage|p2a: Dragapult|51/100
|move|p1a: Raging Bolt|Dragon Pulse|p2a: Dragapult
|-supereffective|p2a: Dragapult
|-end|p2a: Dragapult|Substitute
|-damage|p1a: Raging Bolt|61/100|[from] item: Life Orb
|
|upkeep
|turn|6
|
|t:|1758924445
|move|p2a: Dragapult|Substitute|p2a: Dragapult
|-start|p2a: Dragapult|Substitute
|-damage|p2a: Dragapult|26/100
|move|p1a: Raging Bolt|Dragon Pulse|p2a: Dragapult
|-supereffective|p2a: Dragapult
|-end|p2a: Dragapult|Substitute
|-damage|p1a: Raging Bolt|51/100|[from] item: Life Orb
|
|upkeep
|turn|7
|
|t:|1758924449
|move|p2a: Dragapult|Substitute|p2a: Dragapult
|-start|p2a: Dragapult|Substitute
|-damage|p2a: Dragapult|1/100
|move|p1a: Raging Bolt|Dragon Pulse|p2a: Dragapult
|-supereffective|p2a: Dragapult
|-end|p2a: Dragapult|Substitute
|-damage|p1a: Raging Bolt|41/100|[from] item: Life Orb
|
|upkeep
|turn|8
|
|t:|1758924453
|move|p1a: Raging Bolt|Thunderclap||[still]
|-fail|p1a: Raging Bolt
|move|p2a: Dragapult|Will-O-Wisp|p1a: Raging Bolt
|-status|p1a: Raging Bolt|brn
|
|-damage|p1a: Raging Bolt|35/100 brn|[from] brn
|upkeep
|turn|9
|
|t:|1758924457
|move|p1a: Raging Bolt|Thunderclap|p2a: Dragapult
|-resisted|p2a: Dragapult
|-damage|p2a: Dragapult|0 fnt
|faint|p2a: Dragapult
|-damage|p1a: Raging Bolt|25/100 brn|[from] item: Life Orb
|
|-damage|p1a: Raging Bolt|18/100 brn|[from] brn
|upkeep
|
|t:|1758924466
|switch|p2a: Ogerpon|Ogerpon, F|100/100
|turn|10
|
|t:|1758924470
|move|p2a: Ogerpon|Encore|p1a: Raging Bolt
|-start|p1a: Raging Bolt|Encore
|move|p1a: Raging Bolt|Thunderclap||[still]
|-fail|p1a: Raging Bolt
|
|-damage|p1a: Raging Bolt|12/100 brn|[from] brn
|upkeep
|turn|11
|
|t:|1758924477
|-end|p1a: Raging Bolt|Protosynthesis|[silent]
|switch|p1a: Ninetales|Ninetales, M|100/100
|-activate|p1a: Ninetales|move: Sticky Web
|-unboost|p1a: Ninetales|spe|1
|-weather|SunnyDay|[from] ability: Drought|[of] p1a: Ninetales
|move|p2a: Ogerpon|Swords Dance|p2a: Ogerpon
|-boost|p2a: Ogerpon|atk|2
|
|-weather|SunnyDay|[upkeep]
|upkeep
|turn|12
|
|t:|1758924487
|move|p2a: Ogerpon|Knock Off|p1a: Ninetales
|-damage|p1a: Ninetales|2/100
|-enditem|p1a: Ninetales|Heat Rock|[from] move: Knock Off|[of] p2a: Ogerpon
|move|p1a: Ninetales|Overheat|p2a: Ogerpon
|-supereffective|p2a: Ogerpon
|-damage|p2a: Ogerpon|0 fnt
|-unboost|p1a: Ninetales|spa|2
|faint|p2a: Ogerpon
|
|-weather|SunnyDay|[upkeep]
|upkeep
|
|t:|1758924496
|switch|p2a: Malamar|Malamar, F|100/100
|turn|13
|
|t:|1758924501
|move|p2a: Malamar|Superpower|p1a: Ninetales
|-damage|p1a: Ninetales|0 fnt
|-boost|p2a: Malamar|atk|1
|-boost|p2a: Malamar|def|1
|faint|p1a: Ninetales
|
|-weather|SunnyDay|[upkeep]
|upkeep
|
|t:|1758924504
|switch|p1a: Great Tusk|Great Tusk|85/100
|-activate|p1a: Great Tusk|move: Sticky Web
|-unboost|p1a: Great Tusk|spe|1
|-activate|p1a: Great Tusk|ability: Protosynthesis
|-start|p1a: Great Tusk|protosynthesisatk
|turn|14
|
|t:|1758924515
|move|p2a: Malamar|Superpower|p1a: Great Tusk
|-damage|p1a: Great Tusk|56/100
|-boost|p2a: Malamar|atk|1
|-boost|p2a: Malamar|def|1
|move|p1a: Great Tusk|Rapid Spin|p2a: Malamar
|-damage|p2a: Malamar|88/100
|-boost|p1a: Great Tusk|spe|1
|-sideend|p1: Akr911|Sticky Web|[from] move: Rapid Spin|[of] p1a: Great Tusk
|
|-weather|SunnyDay|[upkeep]
|-heal|p2a: Malamar|94/100|[from] item: Leftovers
|upkeep
|turn|15
|
|t:|1758924524
|move|p2a: Malamar|Substitute|p2a: Malamar
|-start|p2a: Malamar|Substitute
|-damage|p2a: Malamar|69/100
|move|p1a: Great Tusk|Headlong Rush|p2a: Malamar
|-end|p2a: Malamar|Substitute
|-unboost|p1a: Great Tusk|def|1
|-unboost|p1a: Great Tusk|spd|1
|
|-weather|SunnyDay|[upkeep]
|-heal|p2a: Malamar|75/100|[from] item: Leftovers
|upkeep
|turn|16
|
|t:|1758924541
|move|p2a: Malamar|Superpower|p1a: Great Tusk
|-damage|p1a: Great Tusk|0 fnt
|-boost|p2a: Malamar|atk|1
|-boost|p2a: Malamar|def|1
|faint|p1a: Great Tusk
|-end|p1a: Great Tusk|Protosynthesis|[silent]
|
|-weather|SunnyDay|[upkeep]
|-heal|p2a: Malamar|81/100|[from] item: Leftovers
|upkeep
|
|t:|1758924553
|switch|p1a: Raging Bolt|Raging Bolt, tera:Flying|12/100 brn
|-activate|p1a: Raging Bolt|ability: Protosynthesis
|-start|p1a: Raging Bolt|protosynthesisspa
|turn|17
|
|t:|1758924578
|move|p2a: Malamar|Substitute|p2a: Malamar
|-start|p2a: Malamar|Substitute
|-damage|p2a: Malamar|56/100
|move|p1a: Raging Bolt|Dragon Pulse|p2a: Malamar
|-end|p2a: Malamar|Substitute
|-damage|p1a: Raging Bolt|2/100 brn|[from] item: Life Orb
|
|-weather|SunnyDay|[upkeep]
|-heal|p2a: Malamar|62/100|[from] item: Leftovers
|-damage|p1a: Raging Bolt|0 fnt|[from] brn
|faint|p1a: Raging Bolt
|-end|p1a: Raging Bolt|Protosynthesis|[silent]
|upkeep
|
|t:|1758924581
|switch|p1a: Walking Wake|Walking Wake|100/100
|-activate|p1a: Walking Wake|ability: Protosynthesis
|-start|p1a: Walking Wake|protosynthesisspe
|turn|18
|
|t:|1758924586
|switch|p2a: Empoleon|Empoleon, F|100/100
|move|p1a: Walking Wake|Hydro Steam|p2a: Empoleon
|-resisted|p2a: Empoleon
|-damage|p2a: Empoleon|71/100
|
|-weather|none
|-end|p1a: Walking Wake|Protosynthesis
|upkeep
|turn|19
|
|t:|1758924595
|move|p1a: Walking Wake|Flip Turn|p2a: Empoleon
|-resisted|p2a: Empoleon
|-damage|p2a: Empoleon|64/100
|
|t:|1758924598
|-end|p1a: Walking Wake|Protosynthesis|[silent]
|switch|p1a: Kingambit|Kingambit, F|100/100|[from] Flip Turn
|-activate|p1a: Kingambit|ability: Supreme Overlord
|-start|p1a: Kingambit|fallen3|[silent]
|-item|p1a: Kingambit|Air Balloon
|move|p2a: Empoleon|Flash Cannon|p1a: Kingambit
|-resisted|p1a: Kingambit
|-damage|p1a: Kingambit|65/100
|-enditem|p1a: Kingambit|Air Balloon
|
|upkeep
|turn|20
|
|t:|1758924611
|switch|p2a: Moltres|Moltres|100/100
|move|p1a: Kingambit|Swords Dance|p1a: Kingambit
|-boost|p1a: Kingambit|atk|2
|
|upkeep
|turn|21
|inactive|Battle timer is ON: inactive players will automatically lose when time's up. (requested by Akr911)
|
|t:|1758924614
|move|p2a: Moltres|Flamethrower|p1a: Kingambit
|-supereffective|p1a: Kingambit
|-damage|p1a: Kingambit|0 fnt
|faint|p1a: Kingambit
|-end|p1a: Kingambit|fallen3|[silent]
|
|upkeep
|
|t:|1758924618
|switch|p1a: Walking Wake|Walking Wake|100/100
|turn|22
|
|t:|1758924622
|switch|p2a: Malamar|Malamar, F|62/100
|move|p1a: Walking Wake|Draco Meteor|p2a: Malamar
|-damage|p2a: Malamar|0 fnt
|-unboost|p1a: Walking Wake|spa|2
|faint|p2a: Malamar
|
|upkeep
|
|t:|1758924626
|switch|p2a: Empoleon|Empoleon, F|64/100
|turn|23
|
|t:|1758924628
|move|p1a: Walking Wake|Flip Turn|p2a: Empoleon
|-resisted|p2a: Empoleon
|-damage|p2a: Empoleon|56/100
|
|t:|1758924630
|-end|p1a: Walking Wake|Protosynthesis|[silent]
|switch|p1a: Ceruledge|Ceruledge, M|100/100|[from] Flip Turn
|move|p2a: Empoleon|Hydro Pump|p1a: Ceruledge
|-supereffective|p1a: Ceruledge
|-damage|p1a: Ceruledge|0 fnt
|faint|p1a: Ceruledge
|
|upkeep
|
|t:|1758924632
|switch|p1a: Walking Wake|Walking Wake|100/100
|turn|24
|inactive|boldenhauer has 120 seconds left.
|
|t:|1758924690
|switch|p2a: Moltres|Moltres|100/100
|move|p1a: Walking Wake|Hydro Steam|p2a: Moltres
|-supereffective|p2a: Moltres
|-damage|p2a: Moltres|4/100
|
|upkeep
|turn|25
|
|t:|1758924700
|move|p1a: Walking Wake|Hydro Steam|p2a: Moltres
|-supereffective|p2a: Moltres
|-damage|p2a: Moltres|0 fnt
|faint|p2a: Moltres
|
|upkeep
|inactive|boldenhauer has 90 seconds left.
|inactive|boldenhauer has 60 seconds left.
|
|t:|1758924752
|switch|p2a: Empoleon|Empoleon, F|56/100
|turn|26
|
|t:|1758924761
|move|p1a: Walking Wake|Hydro Steam|p2a: Empoleon
|-resisted|p2a: Empoleon
|-damage|p2a: Empoleon|37/100
|move|p2a: Empoleon|Ice Beam|p1a: Walking Wake
|-damage|p1a: Walking Wake|49/100
|
|upkeep
|turn|27
|
|t:|1758924767
|move|p1a: Walking Wake|Draco Meteor|p2a: Empoleon
|-resisted|p2a: Empoleon
|-damage|p2a: Empoleon|7/100
|-unboost|p1a: Walking Wake|spa|2
|move|p2a: Empoleon|Ice Beam|p1a: Walking Wake
|-damage|p1a: Walking Wake|0 fnt
|faint|p1a: Walking Wake
|-end|p1a: Walking Wake|Protosynthesis|[silent]
|
|win|boldenhauer
|raw|Akr911's rating: 1340 &rarr; <strong>1321</strong><br />(-19 for losing)
|raw|boldenhauer's rating: 1365 &rarr; <strong>1384</strong><br />(+19 for winning)
|l|☆Akr911
|player|p1|
|l|☆boldenhauer
|player|p2|
