|badge|p2|bronze|gen9ou|100-6
|html|<div class="broadcast-red"><strong>This battle is required to be public due to one or more player having a season medal.</strong><br />During the public phase, you can discuss the state of the ladder <a href="/seasondiscussion">in a special chatroom.</a></div>
|uhtml|medal-msg|<div class="broadcast-blue">Curious what those medals under the avatar are? PS now has Ladder Seasons! For more information, check out the <a href="https://www.smogon.com/forums/threads/3740067/">thread on Smogon.</a></div>
|raw|<div class="broadcast-blue"><strong>This battle is required to be public due to a player having a name starting with 'medal'.</div>
|j|☆Auburn Hills
|j|☆mcribs
|t:|1759065044
|gametype|singles
|player|p1|Auburn Hills|alder|1720
|player|p2|mcribs|101|1835
|gen|9
|tier|[Gen 9] OU
|rated|
|rule|HP Percentage Mod: HP is shown in percentages
|rule|Endless Battle Clause: Forcing endless battles is banned
|rule|Species Clause: Limit one of each Pokémon
|rule|OHKO Clause: OHKO moves are banned
|rule|Evasion Items Clause: Evasion items are banned
|rule|Evasion Moves Clause: Evasion moves are banned
|rule|Evasion Abilities Clause: Evasion abilities are banned
|rule|Sleep Moves Clause: Sleep-inducing moves are banned
|clearpoke
|poke|p1|Iron Moth|
|poke|p1|Umbreon, M|
|poke|p1|Garchomp, F|
|poke|p1|Glimmora, M|
|poke|p1|Gholdengo|
|poke|p1|Dragonite, M|
|poke|p2|Samurott-Hisui, F|
|poke|p2|Raging Bolt|
|poke|p2|Tornadus-Therian, M|
|poke|p2|Iron Valiant|
|poke|p2|Iron Treads|
|poke|p2|Gholdengo|
|teampreview
|inactive|Battle timer is ON: inactive players will automatically lose when time's up. (requested by mcribs)
|
|t:|1759065053
|teamsize|p1|6
|teamsize|p2|6
|start
|switch|p1a: Julia Jacklin|Glimmora, M|100/100
|switch|p2a: Iron Treads|Iron Treads|100/100
|turn|1
|
|t:|1759065058
|move|p1a: Julia Jacklin|Earth Power|p2a: Iron Treads
|-supereffective|p2a: Iron Treads
|-damage|p2a: Iron Treads|44/100
|move|p2a: Iron Treads|Earthquake|p1a: Julia Jacklin
|-supereffective|p1a: Julia Jacklin
|-enditem|p1a: Julia Jacklin|Focus Sash
|-damage|p1a: Julia Jacklin|1/100
|-activate|p1a: Julia Jacklin|ability: Toxic Debris
|-sidestart|p2: mcribs|move: Toxic Spikes
|
|-heal|p2a: Iron Treads|50/100|[from] item: Leftovers
|upkeep
|turn|2
|
|t:|1759065066
|-end|p2a: Iron Treads|Quark Drive|[silent]
|switch|p2a: Tornadus|Tornadus-Therian, M|100/100
|move|p1a: Julia Jacklin|Earth Power|p2a: Tornadus
|-immune|p2a: Tornadus
|
|upkeep
|turn|3
|
|t:|1759065070
|switch|p1a: Alvvays|Umbreon, M|100/100
|move|p2a: Tornadus|Heat Wave|p1a: Alvvays
|-damage|p1a: Alvvays|88/100
|
|-heal|p1a: Alvvays|94/100|[from] item: Leftovers
|upkeep
|turn|4
|
|t:|1759065092
|switch|p2a: Iron Treads|Iron Treads|50/100
|move|p1a: Alvvays|Foul Play|p2a: Iron Treads
|-damage|p2a: Iron Treads|22/100
|
|-heal|p2a: Iron Treads|28/100|[from] item: Leftovers
|-heal|p1a: Alvvays|99/100|[from] item: Leftovers
|upkeep
|turn|5
|
|t:|1759065114
|switch|p1a: Smino|Gholdengo|100/100
|move|p2a: Iron Treads|Earthquake|p1a: Smino
|-supereffective|p1a: Smino
|-damage|p1a: Smino|27/100
|
|-heal|p2a: Iron Treads|34/100|[from] item: Leftovers
|upkeep
|turn|6
|
|t:|1759065117
|-end|p2a: Iron Treads|Quark Drive|[silent]
|switch|p2a: Tornadus|Tornadus-Therian, M|100/100
|move|p1a: Smino|Shadow Ball|p2a: Tornadus
|-damage|p2a: Tornadus|59/100
|
|-heal|p2a: Tornadus|65/100|[from] item: Leftovers
|upkeep
|turn|7
|
|t:|1759065120
|move|p1a: Smino|Shadow Ball|p2a: Tornadus
|-damage|p2a: Tornadus|18/100
|move|p2a: Tornadus|Knock Off|p1a: Smino
|-supereffective|p1a: Smino
|-damage|p1a: Smino|0 fnt
|-enditem|p1a: Smino|Choice Scarf|[from] move: Knock Off|[of] p2a: Tornadus
|faint|p1a: Smino
|
|-heal|p2a: Tornadus|24/100|[from] item: Leftovers
|upkeep
|
|t:|1759065125
|switch|p1a: Elucid|Dragonite, M|100/100
|turn|8
|
|t:|1759065127
|switch|p2a: Gholdengo|Gholdengo|100/100
|-item|p2a: Gholdengo|Air Balloon
|move|p1a: Elucid|Dragon Dance|p1a: Elucid
|-boost|p1a: Elucid|atk|1
|-boost|p1a: Elucid|spe|1
|
|upkeep
|turn|9
|
|t:|1759065130
|move|p1a: Elucid|Ice Spinner|p2a: Gholdengo
|-resisted|p2a: Gholdengo
|-damage|p2a: Gholdengo|85/100
|-enditem|p2a: Gholdengo|Air Balloon
|move|p2a: Gholdengo|Thunder Wave|p1a: Elucid
|-status|p1a: Elucid|par
|
|upkeep
|turn|10
|
|t:|1759065135
|move|p2a: Gholdengo|Hex|p1a: Elucid
|-damage|p1a: Elucid|71/100 par
|cant|p1a: Elucid|par
|
|upkeep
|turn|11
|
|t:|1759065138
|move|p2a: Gholdengo|Hex|p1a: Elucid
|-damage|p1a: Elucid|15/100 par
|cant|p1a: Elucid|par
|
|upkeep
|turn|12
|
|t:|1759065167
|move|p2a: Gholdengo|Hex|p1a: Elucid
|-damage|p1a: Elucid|0 fnt
|faint|p1a: Elucid
|
|upkeep
|
|t:|1759065170
|switch|p1a: Rat Tally|Garchomp, F|100/100
|turn|13
|
|t:|1759065186
|move|p1a: Rat Tally|Scale Shot|p2a: Gholdengo
|-resisted|p2a: Gholdengo
|-damage|p2a: Gholdengo|80/100
|-resisted|p2a: Gholdengo
|-damage|p2a: Gholdengo|76/100
|-resisted|p2a: Gholdengo
|-damage|p2a: Gholdengo|71/100
|-resisted|p2a: Gholdengo
|-damage|p2a: Gholdengo|66/100
|-hitcount|p2a: Gholdengo|4
|-unboost|p1a: Rat Tally|def|1
|-boost|p1a: Rat Tally|spe|1
|move|p2a: Gholdengo|Make It Rain|p1a: Rat Tally
|-damage|p1a: Rat Tally|43/100
|-unboost|p2a: Gholdengo|spa|1
|
|upkeep
|turn|14
|
|t:|1759065190
|switch|p2a: Tornadus|Tornadus-Therian, M|58/100
|move|p1a: Rat Tally|Earthquake|p2a: Tornadus
|-immune|p2a: Tornadus
|
|-heal|p2a: Tornadus|64/100|[from] item: Leftovers
|upkeep
|turn|15
|
|t:|1759065194
|-terastallize|p1a: Rat Tally|Electric
|move|p1a: Rat Tally|Scale Shot|p2a: Tornadus
|-damage|p2a: Tornadus|48/100
|-damage|p2a: Tornadus|33/100
|-damage|p2a: Tornadus|16/100
|-damage|p2a: Tornadus|2/100
|-damage|p2a: Tornadus|0 fnt
|faint|p2a: Tornadus
|-hitcount|p2: Tornadus|5
|-unboost|p1a: Rat Tally|def|1
|-boost|p1a: Rat Tally|spe|1
|
|upkeep
|
|t:|1759065200
|switch|p2a: Samurott|Samurott-Hisui, F|100/100
|-status|p2a: Samurott|psn
|turn|16
|
|t:|1759065203
|move|p2a: Samurott|Sucker Punch||[still]
|-fail|p2a: Samurott
|move|p1a: Rat Tally|Swords Dance|p1a: Rat Tally
|-boost|p1a: Rat Tally|atk|2
|
|-damage|p2a: Samurott|88/100 psn|[from] psn
|upkeep
|turn|17
|
|t:|1759065205
|move|p2a: Samurott|Sucker Punch||[still]
|-fail|p2a: Samurott
|move|p1a: Rat Tally|Swords Dance|p1a: Rat Tally
|-boost|p1a: Rat Tally|atk|2
|
|-damage|p2a: Samurott|76/100 psn|[from] psn
|upkeep
|turn|18
|
|t:|1759065208
|switch|p1a: Julia Jacklin|Glimmora, M|1/100
|move|p2a: Samurott|Sucker Punch||[still]
|-fail|p2a: Samurott
|
|-damage|p2a: Samurott|63/100 psn|[from] psn
|upkeep
|turn|19
|
|t:|1759065211
|move|p1a: Julia Jacklin|Stealth Rock|p2a: Samurott
|-sidestart|p2: mcribs|move: Stealth Rock
|move|p2a: Samurott|Ceaseless Edge|p1a: Julia Jacklin
|-damage|p1a: Julia Jacklin|0 fnt
|-activate|p1a: Julia Jacklin|ability: Toxic Debris
|-sidestart|p2: mcribs|move: Toxic Spikes
|-sidestart|p1: Auburn Hills|Spikes
|faint|p1a: Julia Jacklin
|
|-damage|p2a: Samurott|51/100 psn|[from] psn
|upkeep
|
|t:|1759065214
|switch|p1a: Carly Rae|Iron Moth|100/100
|-damage|p1a: Carly Rae|88/100|[from] Spikes
|-enditem|p1a: Carly Rae|Booster Energy
|-activate|p1a: Carly Rae|ability: Quark Drive|[fromitem]
|-start|p1a: Carly Rae|quarkdrivespe
|turn|20
|
|t:|1759065218
|move|p1a: Carly Rae|Dazzling Gleam|p2a: Samurott
|-supereffective|p2a: Samurott
|-crit|p2a: Samurott
|-damage|p2a: Samurott|0 fnt
|faint|p2a: Samurott
|
|upkeep
|
|t:|1759065221
|switch|p2a: Raging Bolt|Raging Bolt|100/100
|-status|p2a: Raging Bolt|tox
|-damage|p2a: Raging Bolt|88/100 tox|[from] Stealth Rock
|turn|21
|
|t:|1759065227
|move|p1a: Carly Rae|Dazzling Gleam|p2a: Raging Bolt
|-supereffective|p2a: Raging Bolt
|-damage|p2a: Raging Bolt|43/100 tox
|move|p2a: Raging Bolt|Thunderbolt|p1a: Carly Rae
|-damage|p1a: Carly Rae|37/100
|
|-heal|p2a: Raging Bolt|49/100 tox|[from] item: Leftovers
|-damage|p2a: Raging Bolt|43/100 tox|[from] psn
|upkeep
|turn|22
|
|t:|1759065233
|move|p2a: Raging Bolt|Thunderclap||[still]
|-fail|p2a: Raging Bolt
|move|p1a: Carly Rae|Morning Sun|p1a: Carly Rae
|-heal|p1a: Carly Rae|87/100
|
|-heal|p2a: Raging Bolt|49/100 tox|[from] item: Leftovers
|-damage|p2a: Raging Bolt|37/100 tox|[from] psn
|upkeep
|turn|23
|j| Nikator98
|
|t:|1759065240
|move|p2a: Raging Bolt|Thunderclap|p1a: Carly Rae
|-damage|p1a: Carly Rae|43/100
|move|p1a: Carly Rae|Dazzling Gleam|p2a: Raging Bolt
|-supereffective|p2a: Raging Bolt
|-damage|p2a: Raging Bolt|0 fnt
|faint|p2a: Raging Bolt
|-end|p2a: Raging Bolt|Protosynthesis|[silent]
|
|upkeep
|l| Nikator98
|
|t:|1759065245
|switch|p2a: Gholdengo|Gholdengo|66/100
|-damage|p2a: Gholdengo|60/100|[from] Stealth Rock
|turn|24
|
|t:|1759065249
|-terastallize|p2a: Gholdengo|Dragon
|move|p1a: Carly Rae|Fiery Dance|p2a: Gholdengo
|-resisted|p2a: Gholdengo
|-damage|p2a: Gholdengo|41/100
|-boost|p1a: Carly Rae|spa|1
|move|p2a: Gholdengo|Thunder Wave|p1a: Carly Rae
|-status|p1a: Carly Rae|par
|
|upkeep
|turn|25
|
|t:|1759065252
|move|p1a: Carly Rae|Dazzling Gleam|p2a: Gholdengo
|-supereffective|p2a: Gholdengo
|-damage|p2a: Gholdengo|0 fnt
|faint|p2a: Gholdengo
|
|upkeep
|
|t:|1759065253
|switch|p2a: Iron Treads|Iron Treads|34/100
|-damage|p2a: Iron Treads|31/100|[from] Stealth Rock
|turn|26
|
|t:|1759065255
|move|p1a: Carly Rae|Fiery Dance|p2a: Iron Treads
|-supereffective|p2a: Iron Treads
|-damage|p2a: Iron Treads|0 fnt
|faint|p2a: Iron Treads
|-end|p2a: Iron Treads|Quark Drive|[silent]
|
|upkeep
|
|t:|1759065257
|switch|p2a: Iron Valiant|Iron Valiant|100/100
|-status|p2a: Iron Valiant|tox
|-damage|p2a: Iron Valiant|94/100 tox|[from] Stealth Rock
|turn|27
|
|t:|1759065260
|move|p2a: Iron Valiant|Moonblast|p1a: Carly Rae
|-resisted|p1a: Carly Rae
|-damage|p1a: Carly Rae|25/100 par
|-unboost|p1a: Carly Rae|spa|1
|move|p1a: Carly Rae|Dazzling Gleam|p2a: Iron Valiant
|-supereffective|p2a: Iron Valiant
|-damage|p2a: Iron Valiant|0 fnt
|faint|p2a: Iron Valiant
|-end|p2a: Iron Valiant|Quark Drive|[silent]
|
|win|Auburn Hills
|raw|Auburn Hills's rating: 1720 &rarr; <strong>1744</strong><br />(+24 for winning)
|raw|mcribs's rating: 1795 &rarr; <strong>1771</strong><br />(-24 for losing)
|l|☆mcribs
|player|p2|
|l|☆Auburn Hills
|player|p1|
|j| 0zorcNecropHades
