|badge|p1|bronze|gen9ou|100-6
|html|<div class="broadcast-red"><strong>This battle is required to be public due to one or more player having a season medal.</strong><br />During the public phase, you can discuss the state of the ladder <a href="/seasondiscussion">in a special chatroom.</a></div>
|uhtml|medal-msg|<div class="broadcast-blue">Curious what those medals under the avatar are? PS now has Ladder Seasons! For more information, check out the <a href="https://www.smogon.com/forums/threads/3740067/">thread on Smogon.</a></div>
|badge|p2|bronze|gen9ou|100-6
|uhtml|medal-msg|<div class="broadcast-blue">Curious what those medals under the avatar are? PS now has Ladder Seasons! For more information, check out the <a href="https://www.smogon.com/forums/threads/3740067/">thread on Smogon.</a></div>
|j|☆Trainer #39
|j|☆abdkkgja
|t:|1758946686
|gametype|singles
|player|p1|Trainer #39|bugsy|1873
|player|p2|abdkkgja|lacey|1818
|gen|9
|tier|[Gen 9] OU
|rated|
|rule|HP Percentage Mod: HP is shown in percentages
|rule|Endless Battle Clause: Forcing endless battles is banned
|rule|Species Clause: Limit one of each Pokémon
|rule|OHKO Clause: OHKO moves are banned
|rule|Evasion Items Clause: Evasion items are banned
|rule|Evasion Moves Clause: Evasion moves are banned
|rule|Evasion Abilities Clause: Evasion abilities are banned
|rule|Sleep Moves Clause: Sleep-inducing moves are banned
|clearpoke
|poke|p1|Blissey, F|
|poke|p1|Corviknight, M|
|poke|p1|Dondozo, M|
|poke|p1|Gliscor, M|
|poke|p1|Clefable, M|
|poke|p1|Slowking-Galar, M|
|poke|p2|Keldeo-Resolute|
|poke|p2|Kingambit, M|
|poke|p2|Slowking-Galar, M|
|poke|p2|Meowscarada, M|
|poke|p2|Landorus-Therian, M|
|poke|p2|Cinderace, M|
|teampreview
|c|☆abdkkgja|gl
|
|t:|1758946703
|teamsize|p1|6
|teamsize|p2|6
|start
|switch|p1a: 🇮🇱=terrorists|Gliscor, M|100/100
|switch|p2a: Meowscarada|Meowscarada, M|100/100
|turn|1
|
|t:|1758946706
|move|p1a: 🇮🇱=terrorists|Protect|p1a: 🇮🇱=terrorists
|-singleturn|p1a: 🇮🇱=terrorists|Protect
|move|p2a: Meowscarada|Triple Axel|p1a: 🇮🇱=terrorists
|-start|p2a: Meowscarada|typechange|Ice|[from] ability: Protean
|-activate|p1a: 🇮🇱=terrorists|move: Protect
|
|-status|p1a: 🇮🇱=terrorists|tox|[from] item: Toxic Orb
|upkeep
|turn|2
|
|t:|1758946709
|switch|p1a: C.Kirk:not missed|Corviknight, M|100/100
|-ability|p1a: C.Kirk:not missed|Pressure
|move|p2a: Meowscarada|Triple Axel|p1a: C.Kirk:not missed
|-damage|p1a: C.Kirk:not missed|95/100
|-hitcount|p1a: C.Kirk:not missed|1
|
|upkeep
|turn|3
|
|t:|1758946716
|move|p2a: Meowscarada|U-turn|p1a: C.Kirk:not missed
|-resisted|p1a: C.Kirk:not missed
|-damage|p1a: C.Kirk:not missed|92/100
|
|t:|1758946720
|switch|p2a: Landorus|Landorus-Therian, M|100/100|[from] U-turn
|-ability|p2a: Landorus|Intimidate|boost
|-unboost|p1a: C.Kirk:not missed|atk|1
|move|p1a: C.Kirk:not missed|U-turn|p2a: Landorus
|-resisted|p2a: Landorus
|-damage|p2a: Landorus|96/100
|-damage|p1a: C.Kirk:not missed|75/100|[from] item: Rocky Helmet|[of] p2a: Landorus
|
|t:|1758946722
|switch|p1a: 🇮🇱=terrorists|Gliscor, M|100/100 tox|[from] U-turn
|
|upkeep
|turn|4
|
|t:|1758946724
|move|p2a: Landorus|Taunt|p1a: 🇮🇱=terrorists
|-start|p1a: 🇮🇱=terrorists|move: Taunt
|cant|p1a: 🇮🇱=terrorists|move: Taunt|Toxic
|
|upkeep
|turn|5
|
|t:|1758946726
|move|p2a: Landorus|Stealth Rock|p1a: 🇮🇱=terrorists
|-sidestart|p1: Trainer #39|move: Stealth Rock
|move|p1a: 🇮🇱=terrorists|Earthquake|p2a: Landorus
|-immune|p2a: Landorus
|
|upkeep
|turn|6
|
|t:|1758946733
|move|p2a: Landorus|Stealth Rock||[still]
|-fail|p2a: Landorus
|move|p1a: 🇮🇱=terrorists|Earthquake|p2a: Landorus
|-immune|p2a: Landorus
|
|-end|p1a: 🇮🇱=terrorists|move: Taunt
|upkeep
|turn|7
|
|t:|1758946736
|switch|p1a: C.Kirk:not missed|Corviknight, M|75/100
|-damage|p1a: C.Kirk:not missed|63/100|[from] Stealth Rock
|-ability|p1a: C.Kirk:not missed|Pressure
|move|p2a: Landorus|Taunt|p1a: C.Kirk:not missed
|-start|p1a: C.Kirk:not missed|move: Taunt
|
|upkeep
|turn|8
|j| amefurikoneko
|
|t:|1758946743
|switch|p2a: Cinderace|Cinderace, M|100/100
|move|p1a: C.Kirk:not missed|Brave Bird|p2a: Cinderace
|-damage|p2a: Cinderace|48/100
|-damage|p1a: C.Kirk:not missed|50/100|[from] Recoil
|
|upkeep
|turn|9
|
|t:|1758946771
|switch|p1a: 🇮🇱=terrorists|Gliscor, M|100/100 tox
|-damage|p1a: 🇮🇱=terrorists|88/100 tox|[from] Stealth Rock
|move|p2a: Cinderace|U-turn|p1a: 🇮🇱=terrorists
|-start|p2a: Cinderace|typechange|Bug|[from] ability: Libero
|-resisted|p1a: 🇮🇱=terrorists
|-damage|p1a: 🇮🇱=terrorists|77/100 tox
|
|t:|1758946773
|switch|p2a: bro fist|Keldeo-Resolute|100/100|[from] U-turn
|
|-heal|p1a: 🇮🇱=terrorists|89/100 tox|[from] ability: Poison Heal
|upkeep
|turn|10
|j| larp legion
|
|t:|1758946780
|move|p1a: 🇮🇱=terrorists|Protect|p1a: 🇮🇱=terrorists
|-singleturn|p1a: 🇮🇱=terrorists|Protect
|move|p2a: bro fist|Calm Mind|p2a: bro fist
|-boost|p2a: bro fist|spa|1
|-boost|p2a: bro fist|spd|1
|
|-heal|p1a: 🇮🇱=terrorists|100/100 tox|[from] ability: Poison Heal
|upkeep
|turn|11
|
|t:|1758946783
|switch|p1a: Charli xcx|Clefable, M|100/100
|move|p2a: bro fist|Taunt|p1a: Charli xcx
|-start|p1a: Charli xcx|move: Taunt
|
|upkeep
|turn|12
|
|t:|1758946791
|move|p2a: bro fist|Surf|p1a: Charli xcx
|-damage|p1a: Charli xcx|68/100
|move|p1a: Charli xcx|Knock Off|p2a: bro fist
|-resisted|p2a: bro fist
|-damage|p2a: bro fist|91/100
|-ability|p2a: bro fist|Justified|boost
|-boost|p2a: bro fist|atk|1
|-enditem|p2a: bro fist|Fist Plate|[from] move: Knock Off|[of] p1a: Charli xcx
|
|upkeep
|turn|13
|c| larp legion|i like charli xcx
|
|t:|1758946807
|move|p2a: bro fist|Surf|p1a: Charli xcx
|-damage|p1a: Charli xcx|35/100
|move|p1a: Charli xcx|Moonblast|p2a: bro fist
|-supereffective|p2a: bro fist
|-damage|p2a: bro fist|14/100
|-unboost|p2a: bro fist|spa|1
|
|-end|p1a: Charli xcx|move: Taunt
|upkeep
|turn|14
|
|t:|1758946816
|move|p2a: bro fist|Surf|p1a: Charli xcx
|-damage|p1a: Charli xcx|3/100
|move|p1a: Charli xcx|Moonblast|p2a: bro fist
|-supereffective|p2a: bro fist
|-damage|p2a: bro fist|0 fnt
|faint|p2a: bro fist
|
|upkeep
|
|t:|1758946824
|switch|p2a: Meowscarada|Meowscarada, M|100/100
|turn|15
|
|t:|1758946827
|move|p1a: Charli xcx|Protect|p1a: Charli xcx
|-singleturn|p1a: Charli xcx|Protect
|move|p2a: Meowscarada|Triple Axel|p1a: Charli xcx
|-start|p2a: Meowscarada|typechange|Ice|[from] ability: Protean
|-activate|p1a: Charli xcx|move: Protect
|
|upkeep
|turn|16
|
|t:|1758946830
|switch|p1a: 808 and curses|Dondozo, M|100/100
|-damage|p1a: 808 and curses|88/100|[from] Stealth Rock
|move|p2a: Meowscarada|Triple Axel|p1a: 808 and curses
|-resisted|p1a: 808 and curses
|-damage|p1a: 808 and curses|86/100
|-resisted|p1a: 808 and curses
|-damage|p1a: 808 and curses|82/100
|-resisted|p1a: 808 and curses
|-damage|p1a: 808 and curses|76/100
|-hitcount|p1a: 808 and curses|3
|
|-heal|p1a: 808 and curses|82/100|[from] item: Leftovers
|upkeep
|turn|17
|
|t:|1758946834
|move|p2a: Meowscarada|U-turn|p1a: 808 and curses
|-damage|p1a: 808 and curses|73/100
|
|t:|1758946836
|switch|p2a: Slowking|Slowking-Galar, M, shiny|100/100|[from] U-turn
|move|p1a: 808 and curses|Waterfall|p2a: Slowking
|-damage|p2a: Slowking|80/100
|
|-heal|p1a: 808 and curses|79/100|[from] item: Leftovers
|upkeep
|turn|18
|
|t:|1758946841
|switch|p1a: brat|Blissey, F|100/100
|switch|p2a: Meowscarada|Meowscarada, M|100/100
|
|upkeep
|turn|19
|
|t:|1758946851
|switch|p1a: Charli xcx|Clefable, M|3/100
|move|p2a: Meowscarada|Knock Off|p1a: Charli xcx
|-start|p2a: Meowscarada|typechange|Dark|[from] ability: Protean
|-resisted|p1a: Charli xcx
|-damage|p1a: Charli xcx|0 fnt
|-enditem|p1a: Charli xcx|Heavy-Duty Boots|[from] move: Knock Off|[of] p2a: Meowscarada
|faint|p1a: Charli xcx
|
|upkeep
|
|t:|1758946853
|switch|p1a: 🇮🇱=terrorists|Gliscor, M|100/100 tox
|-damage|p1a: 🇮🇱=terrorists|88/100 tox|[from] Stealth Rock
|turn|20
|
|t:|1758946858
|move|p1a: 🇮🇱=terrorists|Protect|p1a: 🇮🇱=terrorists
|-singleturn|p1a: 🇮🇱=terrorists|Protect
|move|p2a: Meowscarada|Triple Axel|p1a: 🇮🇱=terrorists
|-activate|p1a: 🇮🇱=terrorists|move: Protect
|
|-heal|p1a: 🇮🇱=terrorists|100/100 tox|[from] ability: Poison Heal
|upkeep
|turn|21
|
|t:|1758946863
|-terastallize|p1a: 🇮🇱=terrorists|Water
|move|p2a: Meowscarada|U-turn|p1a: 🇮🇱=terrorists
|-damage|p1a: 🇮🇱=terrorists|88/100 tox
|
|t:|1758946870
|switch|p2a: Slowking|Slowking-Galar, M, shiny|100/100|[from] U-turn
|move|p1a: 🇮🇱=terrorists|Toxic|p2a: Slowking|[miss]
|-miss|p1a: 🇮🇱=terrorists|p2a: Slowking
|
|-heal|p1a: 🇮🇱=terrorists|99/100 tox|[from] ability: Poison Heal
|upkeep
|turn|22
|
|t:|1758946873
|switch|p2a: Landorus|Landorus-Therian, M|96/100
|-ability|p2a: Landorus|Intimidate|boost
|-unboost|p1a: 🇮🇱=terrorists|atk|1
|move|p1a: 🇮🇱=terrorists|Earthquake|p2a: Landorus
|-immune|p2a: Landorus
|
|-heal|p1a: 🇮🇱=terrorists|100/100 tox|[from] ability: Poison Heal
|upkeep
|turn|23
|
|t:|1758946878
|switch|p1a: brat|Blissey, F|100/100
|move|p2a: Landorus|Taunt|p1a: brat
|-start|p1a: brat|move: Taunt
|
|upkeep
|turn|24
|
|t:|1758946881
|switch|p1a: 🇮🇱=terrorists|Gliscor, M, tera:Water|100/100 tox
|-damage|p1a: 🇮🇱=terrorists|88/100 tox|[from] Stealth Rock
|move|p2a: Landorus|Earthquake|p1a: 🇮🇱=terrorists
|-damage|p1a: 🇮🇱=terrorists|56/100 tox
|
|-heal|p1a: 🇮🇱=terrorists|69/100 tox|[from] ability: Poison Heal
|upkeep
|turn|25
|
|t:|1758946884
|move|p1a: 🇮🇱=terrorists|Protect|p1a: 🇮🇱=terrorists
|-singleturn|p1a: 🇮🇱=terrorists|Protect
|move|p2a: Landorus|Taunt|p1a: 🇮🇱=terrorists
|-activate|p1a: 🇮🇱=terrorists|move: Protect
|
|-heal|p1a: 🇮🇱=terrorists|81/100 tox|[from] ability: Poison Heal
|upkeep
|turn|26
|
|t:|1758946888
|move|p2a: Landorus|Taunt|p1a: 🇮🇱=terrorists
|-start|p1a: 🇮🇱=terrorists|move: Taunt
|cant|p1a: 🇮🇱=terrorists|move: Taunt|Toxic
|
|-heal|p1a: 🇮🇱=terrorists|94/100 tox|[from] ability: Poison Heal
|upkeep
|turn|27
|
|t:|1758946889
|move|p2a: Landorus|Earthquake|p1a: 🇮🇱=terrorists
|-damage|p1a: 🇮🇱=terrorists|66/100 tox
|move|p1a: 🇮🇱=terrorists|Earthquake|p2a: Landorus
|-immune|p2a: Landorus
|
|-heal|p1a: 🇮🇱=terrorists|78/100 tox|[from] ability: Poison Heal
|upkeep
|turn|28
|
|t:|1758946894
|move|p2a: Landorus|U-turn|p1a: 🇮🇱=terrorists
|-damage|p1a: 🇮🇱=terrorists|64/100 tox
|
|t:|1758946897
|switch|p2a: Meowscarada|Meowscarada, M|100/100|[from] U-turn
|move|p1a: 🇮🇱=terrorists|Earthquake|p2a: Meowscarada
|-resisted|p2a: Meowscarada
|-damage|p2a: Meowscarada|78/100
|
|-heal|p1a: 🇮🇱=terrorists|76/100 tox|[from] ability: Poison Heal
|-end|p1a: 🇮🇱=terrorists|move: Taunt
|upkeep
|turn|29
|
|t:|1758946905
|switch|p2a: Landorus|Landorus-Therian, M|96/100
|-ability|p2a: Landorus|Intimidate|boost
|-unboost|p1a: 🇮🇱=terrorists|atk|1
|move|p1a: 🇮🇱=terrorists|Protect||[still]
|-fail|p1a: 🇮🇱=terrorists
|
|-heal|p1a: 🇮🇱=terrorists|89/100 tox|[from] ability: Poison Heal
|upkeep
|turn|30
|
|t:|1758946909
|switch|p1a: C.Kirk:not missed|Corviknight, M|50/100
|-damage|p1a: C.Kirk:not missed|38/100|[from] Stealth Rock
|-ability|p1a: C.Kirk:not missed|Pressure
|move|p2a: Landorus|Taunt|p1a: C.Kirk:not missed
|-start|p1a: C.Kirk:not missed|move: Taunt
|
|upkeep
|turn|31
|
|t:|1758946919
|switch|p2a: Slowking|Slowking-Galar, M, shiny|100/100
|move|p1a: C.Kirk:not missed|Brave Bird|p2a: Slowking
|-damage|p2a: Slowking|74/100
|-damage|p1a: C.Kirk:not missed|29/100|[from] Recoil
|
|upkeep
|turn|32
|
|t:|1758946926
|move|p1a: C.Kirk:not missed|Brave Bird|p2a: Slowking
|-damage|p2a: Slowking|48/100
|-damage|p1a: C.Kirk:not missed|21/100|[from] Recoil
|move|p2a: Slowking|Future Sight|p1a: C.Kirk:not missed
|-start|p2a: Slowking|move: Future Sight
|
|-end|p1a: C.Kirk:not missed|move: Taunt
|upkeep
|turn|33
|
|t:|1758946930
|move|p1a: C.Kirk:not missed|Defog|p2a: Slowking
|-unboost|p2a: Slowking|evasion|1
|-sideend|p1: Trainer #39|Stealth Rock|[from] move: Defog|[of] p1a: C.Kirk:not missed
|move|p2a: Slowking|Flamethrower|p1a: C.Kirk:not missed
|-supereffective|p1a: C.Kirk:not missed
|-damage|p1a: C.Kirk:not missed|0 fnt
|faint|p1a: C.Kirk:not missed
|
|upkeep
|
|t:|1758946933
|switch|p1a: LeJ/ovni/la lettre|Slowking-Galar, M|100/100
|turn|34
|
|t:|1758946940
|move|p1a: LeJ/ovni/la lettre|Thunder Wave|p2a: Slowking
|-status|p2a: Slowking|par
|move|p2a: Slowking|Psyshock|p1a: LeJ/ovni/la lettre
|-damage|p1a: LeJ/ovni/la lettre|62/100
|
|-end|p1a: LeJ/ovni/la lettre|move: Future Sight
|-damage|p1a: LeJ/ovni/la lettre|29/100
|upkeep
|turn|35
|
|t:|1758946947
|switch|p1a: 🇮🇱=terrorists|Gliscor, M, tera:Water|89/100 tox
|switch|p2a: Landorus|Landorus-Therian, M|96/100
|-ability|p2a: Landorus|Intimidate|boost
|-unboost|p1a: 🇮🇱=terrorists|atk|1
|
|-heal|p1a: 🇮🇱=terrorists|100/100 tox|[from] ability: Poison Heal
|upkeep
|turn|36
|
|t:|1758946951
|switch|p1a: LeJ/ovni/la lettre|Slowking-Galar, M|62/100
|move|p2a: Landorus|Taunt|p1a: LeJ/ovni/la lettre
|-start|p1a: LeJ/ovni/la lettre|move: Taunt
|
|upkeep
|turn|37
|
|t:|1758946955
|switch|p1a: 🇮🇱=terrorists|Gliscor, M, tera:Water|100/100 tox
|move|p2a: Landorus|Stealth Rock|p1a: 🇮🇱=terrorists
|-sidestart|p1: Trainer #39|move: Stealth Rock
|
|upkeep
|turn|38
|
|t:|1758946958
|switch|p1a: brat|Blissey, F|100/100
|move|p2a: Landorus|Taunt|p1a: brat
|-start|p1a: brat|move: Taunt
|
|upkeep
|turn|39
|
|t:|1758946960
|switch|p1a: 🇮🇱=terrorists|Gliscor, M, tera:Water|100/100 tox
|-damage|p1a: 🇮🇱=terrorists|88/100 tox|[from] Stealth Rock
|move|p2a: Landorus|Earthquake|p1a: 🇮🇱=terrorists
|-damage|p1a: 🇮🇱=terrorists|58/100 tox
|
|-heal|p1a: 🇮🇱=terrorists|70/100 tox|[from] ability: Poison Heal
|upkeep
|turn|40
|
|t:|1758946964
|move|p1a: 🇮🇱=terrorists|Protect|p1a: 🇮🇱=terrorists
|-singleturn|p1a: 🇮🇱=terrorists|Protect
|move|p2a: Landorus|Taunt|p1a: 🇮🇱=terrorists
|-activate|p1a: 🇮🇱=terrorists|move: Protect
|
|-heal|p1a: 🇮🇱=terrorists|82/100 tox|[from] ability: Poison Heal
|upkeep
|turn|41
|
|t:|1758946965
|move|p2a: Landorus|Taunt|p1a: 🇮🇱=terrorists
|-start|p1a: 🇮🇱=terrorists|move: Taunt
|cant|p1a: 🇮🇱=terrorists|move: Taunt|Toxic
|
|-heal|p1a: 🇮🇱=terrorists|95/100 tox|[from] ability: Poison Heal
|upkeep
|turn|42
|
|t:|1758946969
|move|p2a: Landorus|Earthquake|p1a: 🇮🇱=terrorists
|-damage|p1a: 🇮🇱=terrorists|65/100 tox
|move|p1a: 🇮🇱=terrorists|Earthquake|p2a: Landorus
|-immune|p2a: Landorus
|
|-heal|p1a: 🇮🇱=terrorists|78/100 tox|[from] ability: Poison Heal
|upkeep
|turn|43
|
|t:|1758946971
|move|p2a: Landorus|Earthquake|p1a: 🇮🇱=terrorists
|-damage|p1a: 🇮🇱=terrorists|47/100 tox
|move|p1a: 🇮🇱=terrorists|Earthquake|p2a: Landorus
|-immune|p2a: Landorus
|
|-heal|p1a: 🇮🇱=terrorists|59/100 tox|[from] ability: Poison Heal
|-end|p1a: 🇮🇱=terrorists|move: Taunt
|upkeep
|turn|44
|
|t:|1758946974
|move|p1a: 🇮🇱=terrorists|Protect|p1a: 🇮🇱=terrorists
|-singleturn|p1a: 🇮🇱=terrorists|Protect
|move|p2a: Landorus|Taunt|p1a: 🇮🇱=terrorists
|-activate|p1a: 🇮🇱=terrorists|move: Protect
|
|-heal|p1a: 🇮🇱=terrorists|72/100 tox|[from] ability: Poison Heal
|upkeep
|turn|45
|
|t:|1758946976
|move|p2a: Landorus|Taunt|p1a: 🇮🇱=terrorists
|-start|p1a: 🇮🇱=terrorists|move: Taunt
|cant|p1a: 🇮🇱=terrorists|move: Taunt|Toxic
|
|-heal|p1a: 🇮🇱=terrorists|84/100 tox|[from] ability: Poison Heal
|upkeep
|turn|46
|
|t:|1758946980
|move|p2a: Landorus|Earthquake|p1a: 🇮🇱=terrorists
|-damage|p1a: 🇮🇱=terrorists|57/100 tox
|move|p1a: 🇮🇱=terrorists|Earthquake|p2a: Landorus
|-immune|p2a: Landorus
|
|-heal|p1a: 🇮🇱=terrorists|69/100 tox|[from] ability: Poison Heal
|upkeep
|turn|47
|
|t:|1758946982
|move|p2a: Landorus|Earthquake|p1a: 🇮🇱=terrorists
|-damage|p1a: 🇮🇱=terrorists|42/100 tox
|move|p1a: 🇮🇱=terrorists|Earthquake|p2a: Landorus
|-immune|p2a: Landorus
|
|-heal|p1a: 🇮🇱=terrorists|54/100 tox|[from] ability: Poison Heal
|-end|p1a: 🇮🇱=terrorists|move: Taunt
|upkeep
|turn|48
|
|t:|1758946985
|move|p1a: 🇮🇱=terrorists|Protect|p1a: 🇮🇱=terrorists
|-singleturn|p1a: 🇮🇱=terrorists|Protect
|move|p2a: Landorus|Taunt|p1a: 🇮🇱=terrorists
|-activate|p1a: 🇮🇱=terrorists|move: Protect
|
|-heal|p1a: 🇮🇱=terrorists|67/100 tox|[from] ability: Poison Heal
|upkeep
|turn|49
|
|t:|1758946987
|move|p2a: Landorus|Taunt|p1a: 🇮🇱=terrorists
|-start|p1a: 🇮🇱=terrorists|move: Taunt
|cant|p1a: 🇮🇱=terrorists|move: Taunt|Toxic
|
|-heal|p1a: 🇮🇱=terrorists|79/100 tox|[from] ability: Poison Heal
|upkeep
|turn|50
|
|t:|1758946992
|switch|p1a: 808 and curses|Dondozo, M|79/100
|-damage|p1a: 808 and curses|67/100|[from] Stealth Rock
|move|p2a: Landorus|Earthquake|p1a: 808 and curses
|-crit|p1a: 808 and curses
|-damage|p1a: 808 and curses|32/100
|
|-heal|p1a: 808 and curses|39/100|[from] item: Leftovers
|upkeep
|turn|51
|
|t:|1758946994
|move|p2a: Landorus|Taunt|p1a: 808 and curses
|-start|p1a: 808 and curses|move: Taunt
|cant|p1a: 808 and curses|move: Taunt|Rest
|
|-heal|p1a: 808 and curses|45/100|[from] item: Leftovers
|upkeep
|turn|52
|
|t:|1758946997
|move|p2a: Landorus|Earthquake|p1a: 808 and curses
|-damage|p1a: 808 and curses|25/100
|move|p1a: 808 and curses|Waterfall|p2a: Landorus
|-supereffective|p2a: Landorus
|-damage|p2a: Landorus|41/100
|-damage|p1a: 808 and curses|8/100|[from] item: Rocky Helmet|[of] p2a: Landorus
|
|-heal|p1a: 808 and curses|14/100|[from] item: Leftovers
|upkeep
|turn|53
|
|t:|1758947001
|move|p2a: Landorus|Earthquake|p1a: 808 and curses
|-crit|p1a: 808 and curses
|-damage|p1a: 808 and curses|0 fnt
|faint|p1a: 808 and curses
|
|upkeep
|
|t:|1758947004
|switch|p1a: 🇮🇱=terrorists|Gliscor, M, tera:Water|79/100 tox
|-damage|p1a: 🇮🇱=terrorists|67/100 tox|[from] Stealth Rock
|turn|54
|
|t:|1758947006
|move|p1a: 🇮🇱=terrorists|Protect|p1a: 🇮🇱=terrorists
|-singleturn|p1a: 🇮🇱=terrorists|Protect
|move|p2a: Landorus|Taunt|p1a: 🇮🇱=terrorists
|-activate|p1a: 🇮🇱=terrorists|move: Protect
|
|-heal|p1a: 🇮🇱=terrorists|79/100 tox|[from] ability: Poison Heal
|upkeep
|turn|55
|
|t:|1758947009
|move|p2a: Landorus|Taunt|p1a: 🇮🇱=terrorists
|-start|p1a: 🇮🇱=terrorists|move: Taunt
|cant|p1a: 🇮🇱=terrorists|move: Taunt|Toxic
|
|-heal|p1a: 🇮🇱=terrorists|91/100 tox|[from] ability: Poison Heal
|upkeep
|turn|56
|
|t:|1758947015
|move|p2a: Landorus|Earthquake|p1a: 🇮🇱=terrorists
|-damage|p1a: 🇮🇱=terrorists|64/100 tox
|move|p1a: 🇮🇱=terrorists|Earthquake|p2a: Landorus
|-immune|p2a: Landorus
|
|-heal|p1a: 🇮🇱=terrorists|76/100 tox|[from] ability: Poison Heal
|upkeep
|turn|57
|
|t:|1758947018
|move|p2a: Landorus|Earthquake|p1a: 🇮🇱=terrorists
|-damage|p1a: 🇮🇱=terrorists|45/100 tox
|move|p1a: 🇮🇱=terrorists|Earthquake|p2a: Landorus
|-immune|p2a: Landorus
|
|-heal|p1a: 🇮🇱=terrorists|58/100 tox|[from] ability: Poison Heal
|-end|p1a: 🇮🇱=terrorists|move: Taunt
|upkeep
|turn|58
|
|t:|1758947022
|move|p2a: Landorus|U-turn|p1a: 🇮🇱=terrorists
|-damage|p1a: 🇮🇱=terrorists|43/100 tox
|
|t:|1758947024
|switch|p2a: Cinderace|Cinderace, M|48/100|[from] U-turn
|move|p1a: 🇮🇱=terrorists|Toxic|p2a: Cinderace
|-status|p2a: Cinderace|tox
|
|-damage|p2a: Cinderace|42/100 tox|[from] psn
|-heal|p1a: 🇮🇱=terrorists|56/100 tox|[from] ability: Poison Heal
|upkeep
|turn|59
|
|t:|1758947029
|move|p1a: 🇮🇱=terrorists|Protect|p1a: 🇮🇱=terrorists
|-singleturn|p1a: 🇮🇱=terrorists|Protect
|move|p2a: Cinderace|U-turn|p1a: 🇮🇱=terrorists
|-start|p2a: Cinderace|typechange|Bug|[from] ability: Libero
|-activate|p1a: 🇮🇱=terrorists|move: Protect
|
|-damage|p2a: Cinderace|30/100 tox|[from] psn
|-heal|p1a: 🇮🇱=terrorists|68/100 tox|[from] ability: Poison Heal
|upkeep
|turn|60
|
|t:|1758947031
|move|p2a: Cinderace|U-turn|p1a: 🇮🇱=terrorists
|-damage|p1a: 🇮🇱=terrorists|46/100 tox
|
|t:|1758947036
|switch|p2a: Landorus|Landorus-Therian, M|41/100|[from] U-turn
|-ability|p2a: Landorus|Intimidate|boost
|-unboost|p1a: 🇮🇱=terrorists|atk|1
|move|p1a: 🇮🇱=terrorists|Substitute|p1a: 🇮🇱=terrorists
|-start|p1a: 🇮🇱=terrorists|Substitute
|-damage|p1a: 🇮🇱=terrorists|21/100 tox
|
|-heal|p1a: 🇮🇱=terrorists|34/100 tox|[from] ability: Poison Heal
|upkeep
|turn|61
|
|t:|1758947038
|move|p2a: Landorus|Taunt|p1a: 🇮🇱=terrorists
|-start|p1a: 🇮🇱=terrorists|move: Taunt
|cant|p1a: 🇮🇱=terrorists|move: Taunt|Toxic
|
|-heal|p1a: 🇮🇱=terrorists|46/100 tox|[from] ability: Poison Heal
|upkeep
|turn|62
|
|t:|1758947046
|move|p2a: Landorus|Earthquake|p1a: 🇮🇱=terrorists
|-end|p1a: 🇮🇱=terrorists|Substitute
|move|p1a: 🇮🇱=terrorists|Earthquake|p2a: Landorus
|-immune|p2a: Landorus
|
|-heal|p1a: 🇮🇱=terrorists|58/100 tox|[from] ability: Poison Heal
|upkeep
|turn|63
|
|t:|1758947049
|move|p2a: Landorus|Earthquake|p1a: 🇮🇱=terrorists
|-damage|p1a: 🇮🇱=terrorists|28/100 tox
|move|p1a: 🇮🇱=terrorists|Earthquake|p2a: Landorus
|-immune|p2a: Landorus
|
|-heal|p1a: 🇮🇱=terrorists|40/100 tox|[from] ability: Poison Heal
|-end|p1a: 🇮🇱=terrorists|move: Taunt
|upkeep
|turn|64
|
|t:|1758947057
|move|p2a: Landorus|Taunt|p1a: 🇮🇱=terrorists
|-start|p1a: 🇮🇱=terrorists|move: Taunt
|cant|p1a: 🇮🇱=terrorists|move: Taunt|Toxic
|
|-heal|p1a: 🇮🇱=terrorists|52/100 tox|[from] ability: Poison Heal
|upkeep
|turn|65
|
|t:|1758947059
|move|p2a: Landorus|Earthquake|p1a: 🇮🇱=terrorists
|-damage|p1a: 🇮🇱=terrorists|24/100 tox
|move|p1a: 🇮🇱=terrorists|Earthquake|p2a: Landorus
|-immune|p2a: Landorus
|
|-heal|p1a: 🇮🇱=terrorists|36/100 tox|[from] ability: Poison Heal
|upkeep
|turn|66
|
|t:|1758947062
|move|p2a: Landorus|Earthquake|p1a: 🇮🇱=terrorists
|-damage|p1a: 🇮🇱=terrorists|8/100 tox
|move|p1a: 🇮🇱=terrorists|Earthquake|p2a: Landorus
|-immune|p2a: Landorus
|
|-heal|p1a: 🇮🇱=terrorists|21/100 tox|[from] ability: Poison Heal
|-end|p1a: 🇮🇱=terrorists|move: Taunt
|upkeep
|turn|67
|
|t:|1758947066
|move|p1a: 🇮🇱=terrorists|Protect|p1a: 🇮🇱=terrorists
|-singleturn|p1a: 🇮🇱=terrorists|Protect
|move|p2a: Landorus|Taunt|p1a: 🇮🇱=terrorists
|-activate|p1a: 🇮🇱=terrorists|move: Protect
|
|-heal|p1a: 🇮🇱=terrorists|33/100 tox|[from] ability: Poison Heal
|upkeep
|turn|68
|
|t:|1758947068
|move|p2a: Landorus|Taunt|p1a: 🇮🇱=terrorists
|-start|p1a: 🇮🇱=terrorists|move: Taunt
|cant|p1a: 🇮🇱=terrorists|move: Taunt|Toxic
|
|-heal|p1a: 🇮🇱=terrorists|45/100 tox|[from] ability: Poison Heal
|upkeep
|turn|69
|
|t:|1758947076
|switch|p1a: brat|Blissey, F|100/100
|move|p2a: Landorus|U-turn|p1a: brat
|-damage|p1a: brat|76/100
|
|t:|1758947079
|switch|p2a: Meowscarada|Meowscarada, M|78/100|[from] U-turn
|
|upkeep
|turn|70
|
|t:|1758947082
|move|p2a: Meowscarada|Knock Off|p1a: brat
|-start|p2a: Meowscarada|typechange|Dark|[from] ability: Protean
|-damage|p1a: brat|25/100
|-enditem|p1a: brat|Heavy-Duty Boots|[from] move: Knock Off|[of] p2a: Meowscarada
|move|p1a: brat|Stealth Rock|p2a: Meowscarada
|-sidestart|p2: abdkkgja|move: Stealth Rock
|
|upkeep
|turn|71
|
|t:|1758947086
|move|p2a: Meowscarada|Knock Off|p1a: brat
|-damage|p1a: brat|0 fnt
|faint|p1a: brat
|
|upkeep
|
|t:|1758947088
|switch|p1a: 🇮🇱=terrorists|Gliscor, M, tera:Water|45/100 tox
|-damage|p1a: 🇮🇱=terrorists|33/100 tox|[from] Stealth Rock
|turn|72
|
|t:|1758947090
|move|p1a: 🇮🇱=terrorists|Protect|p1a: 🇮🇱=terrorists
|-singleturn|p1a: 🇮🇱=terrorists|Protect
|move|p2a: Meowscarada|Knock Off|p1a: 🇮🇱=terrorists
|-activate|p1a: 🇮🇱=terrorists|move: Protect
|
|-heal|p1a: 🇮🇱=terrorists|45/100 tox|[from] ability: Poison Heal
|upkeep
|turn|73
|
|t:|1758947093
|move|p2a: Meowscarada|U-turn|p1a: 🇮🇱=terrorists
|-damage|p1a: 🇮🇱=terrorists|32/100 tox
|
|t:|1758947094
|switch|p2a: Kingambit|Kingambit, M|100/100|[from] U-turn
|-damage|p2a: Kingambit|94/100|[from] Stealth Rock
|-activate|p2a: Kingambit|ability: Supreme Overlord
|-start|p2a: Kingambit|fallen1|[silent]
|move|p1a: 🇮🇱=terrorists|Toxic|p2a: Kingambit
|-immune|p2a: Kingambit
|
|-heal|p2a: Kingambit|100/100|[from] item: Leftovers
|-heal|p1a: 🇮🇱=terrorists|45/100 tox|[from] ability: Poison Heal
|upkeep
|turn|74
|
|t:|1758947099
|switch|p1a: LeJ/ovni/la lettre|Slowking-Galar, M|95/100
|-damage|p1a: LeJ/ovni/la lettre|83/100|[from] Stealth Rock
|move|p2a: Kingambit|Swords Dance|p2a: Kingambit
|-boost|p2a: Kingambit|atk|2
|
|upkeep
|turn|75
|
|t:|1758947101
|move|p1a: LeJ/ovni/la lettre|Trick|p2a: Kingambit
|-activate|p1a: LeJ/ovni/la lettre|move: Trick|[of] p2a: Kingambit
|-item|p2a: Kingambit|Choice Scarf|[from] move: Trick
|-item|p1a: LeJ/ovni/la lettre|Leftovers|[from] move: Trick
|move|p2a: Kingambit|Kowtow Cleave|p1a: LeJ/ovni/la lettre
|-supereffective|p1a: LeJ/ovni/la lettre
|-damage|p1a: LeJ/ovni/la lettre|0 fnt
|faint|p1a: LeJ/ovni/la lettre
|
|upkeep
|l|☆Trainer #39
|player|p1|
|inactive|Battle timer is ON: inactive players will automatically lose when time's up. (requested by abdkkgja)
|inactive|Trainer #39 has 30 seconds to reconnect!
|inactive|Trainer #39 has 20 seconds to reconnect!
|inactive|Trainer #39 has 15 seconds to reconnect!
|inactive|Trainer #39 has 10 seconds to reconnect!
|inactive|Trainer #39 has 5 seconds to reconnect!
|-message|Trainer #39 lost due to inactivity.
|
|win|abdkkgja
|raw|Trainer #39's rating: 1873 &rarr; <strong>1850</strong><br />(-23 for losing)
|raw|abdkkgja's rating: 1818 &rarr; <strong>1841</strong><br />(+23 for winning)
|l|☆abdkkgja
|player|p2|
|l| amefurikoneko
