|j|☆chasmis_bauna
|j|‽MC_Spiny
|t:|1759072121
|gametype|singles
|player|p1|chasmis_bauna|101|1272
|player|p2|MC_Spiny|riley|1317
|gen|9
|tier|[Gen 9] OU
|rated|
|rule|HP Percentage Mod: HP is shown in percentages
|rule|Endless Battle Clause: Forcing endless battles is banned
|rule|Species Clause: Limit one of each Pokémon
|rule|OHKO Clause: OHKO moves are banned
|rule|Evasion Items Clause: Evasion items are banned
|rule|Evasion Moves Clause: Evasion moves are banned
|rule|Evasion Abilities Clause: Evasion abilities are banned
|rule|Sleep Moves Clause: Sleep-inducing moves are banned
|clearpoke
|poke|p1|Kyurem|
|poke|p1|Polteageist|
|poke|p1|Jirachi|
|poke|p1|Sylveon, F|
|poke|p1|Iron Crown|
|poke|p1|Dragapult, F|
|poke|p2|Okidogi, M|
|poke|p2|Iron Treads|
|poke|p2|Alomomola, M|
|poke|p2|Gholdengo|
|poke|p2|Kyurem|
|poke|p2|Ribombee, M|
|teampreview
|inactive|Battle timer is ON: inactive players will automatically lose when time's up. (requested by MC_Spiny)
|
|t:|1759072125
|teamsize|p1|6
|teamsize|p2|6
|start
|switch|p1a: Polteageist|Polteageist|100/100
|switch|p2a: Ribombee|Ribombee, M|100/100
|turn|1
|
|t:|1759072134
|move|p2a: Ribombee|Stun Spore|p1a: Polteageist
|-status|p1a: Polteageist|par
|move|p1a: Polteageist|Shell Smash|p1a: Polteageist
|-unboost|p1a: Polteageist|def|1
|-unboost|p1a: Polteageist|spd|1
|-boost|p1a: Polteageist|atk|2
|-boost|p1a: Polteageist|spa|2
|-boost|p1a: Polteageist|spe|2
|
|upkeep
|turn|2
|
|t:|1759072141
|move|p2a: Ribombee|Sticky Web|p1a: Polteageist
|-sidestart|p1: chasmis_bauna|move: Sticky Web
|cant|p1a: Polteageist|par
|
|upkeep
|turn|3
|
|t:|1759072146
|move|p2a: Ribombee|Moonblast|p1a: Polteageist
|-damage|p1a: Polteageist|46/100 par
|move|p1a: Polteageist|Shell Smash|p1a: Polteageist
|-unboost|p1a: Polteageist|def|1
|-unboost|p1a: Polteageist|spd|1
|-boost|p1a: Polteageist|atk|2
|-boost|p1a: Polteageist|spa|2
|-boost|p1a: Polteageist|spe|2
|
|upkeep
|turn|4
|
|t:|1759072152
|move|p1a: Polteageist|Stored Power|p2a: Ribombee
|-enditem|p2a: Ribombee|Focus Sash
|-damage|p2a: Ribombee|1/100
|move|p2a: Ribombee|Moonblast|p1a: Polteageist
|-damage|p1a: Polteageist|0 fnt
|faint|p1a: Polteageist
|
|upkeep
|
|t:|1759072165
|switch|p1a: Jirachi|Jirachi|100/100
|turn|5
|
|t:|1759072172
|switch|p2a: Alomomola|Alomomola, M|100/100
|move|p1a: Jirachi|Iron Head|p2a: Alomomola
|-resisted|p2a: Alomomola
|-damage|p2a: Alomomola|91/100
|-damage|p1a: Jirachi|84/100|[from] item: Rocky Helmet|[of] p2a: Alomomola
|
|upkeep
|turn|6
|
|t:|1759072178
|move|p1a: Jirachi|Thunder Wave|p2a: Alomomola
|-status|p2a: Alomomola|par
|cant|p2a: Alomomola|par
|
|upkeep
|turn|7
|
|t:|1759072186
|switch|p1a: Kyurem|Kyurem|100/100
|-activate|p1a: Kyurem|move: Sticky Web
|-unboost|p1a: Kyurem|spe|1
|-ability|p1a: Kyurem|Pressure
|move|p2a: Alomomola|Flip Turn|p1a: Kyurem
|-resisted|p1a: Kyurem
|-damage|p1a: Kyurem|93/100
|
|t:|1759072192
|switch|p2a: Okidogi|Okidogi, M|100/100|[from] Flip Turn
|
|upkeep
|turn|8
|
|t:|1759072206
|move|p2a: Okidogi|Knock Off|p1a: Kyurem
|-damage|p1a: Kyurem|59/100
|-enditem|p1a: Kyurem|Loaded Dice|[from] move: Knock Off|[of] p2a: Okidogi
|move|p1a: Kyurem|Dragon Dance|p1a: Kyurem
|-boost|p1a: Kyurem|atk|1
|-boost|p1a: Kyurem|spe|1
|
|upkeep
|turn|9
|
|t:|1759072216
|move|p1a: Kyurem|Scale Shot|p2a: Okidogi
|-damage|p2a: Okidogi|81/100
|-damage|p2a: Okidogi|59/100
|-hitcount|p2a: Okidogi|2
|-unboost|p1a: Kyurem|def|1
|-boost|p1a: Kyurem|spe|1
|move|p2a: Okidogi|Drain Punch|p1a: Kyurem
|-supereffective|p1a: Kyurem
|-damage|p1a: Kyurem|0 fnt
|-heal|p2a: Okidogi|95/100|[from] drain|[of] p1a: Kyurem
|faint|p1a: Kyurem
|
|-heal|p2a: Okidogi|100/100|[from] item: Leftovers
|upkeep
|
|t:|1759072237
|switch|p1a: Iron Crown|Iron Crown|100/100
|-activate|p1a: Iron Crown|move: Sticky Web
|-unboost|p1a: Iron Crown|spe|1
|-enditem|p1a: Iron Crown|Booster Energy
|-activate|p1a: Iron Crown|ability: Quark Drive|[fromitem]
|-start|p1a: Iron Crown|quarkdrivespa
|turn|10
|
|t:|1759072248
|move|p2a: Okidogi|Knock Off|p1a: Iron Crown
|-supereffective|p1a: Iron Crown
|-damage|p1a: Iron Crown|43/100
|move|p1a: Iron Crown|Agility|p1a: Iron Crown
|-boost|p1a: Iron Crown|spe|2
|
|upkeep
|turn|11
|
|t:|1759072258
|switch|p2a: Ribombee|Ribombee, M|1/100
|move|p1a: Iron Crown|Psyshock|p2a: Ribombee
|-damage|p2a: Ribombee|0 fnt
|faint|p2a: Ribombee
|
|upkeep
|
|t:|1759072260
|switch|p2a: Iron Treads|Iron Treads|100/100
|turn|12
|
|t:|1759072271
|move|p1a: Iron Crown|Tachyon Cutter|p2a: Iron Treads
|-resisted|p2a: Iron Treads
|-damage|p2a: Iron Treads|90/100
|-resisted|p2a: Iron Treads
|-damage|p2a: Iron Treads|79/100
|-hitcount|p2a: Iron Treads|2
|move|p2a: Iron Treads|Earthquake|p1a: Iron Crown
|-supereffective|p1a: Iron Crown
|-damage|p1a: Iron Crown|0 fnt
|faint|p1a: Iron Crown
|-end|p1a: Iron Crown|Quark Drive|[silent]
|
|upkeep
|
|t:|1759072284
|switch|p1a: Jirachi|Jirachi|84/100
|turn|13
|
|t:|1759072293
|-end|p2a: Iron Treads|Quark Drive|[silent]
|switch|p2a: Alomomola|Alomomola, M|100/100 par
|move|p1a: Jirachi|Protect||[still]
|-fail|p1a: Jirachi
|
|upkeep
|turn|14
|
|t:|1759072297
|switch|p1a: Sylveon|Sylveon, F|100/100
|-activate|p1a: Sylveon|move: Sticky Web
|-unboost|p1a: Sylveon|spe|1
|move|p2a: Alomomola|Flip Turn|p1a: Sylveon
|-damage|p1a: Sylveon|86/100
|
|t:|1759072301
|switch|p2a: Gholdengo|Gholdengo|100/100|[from] Flip Turn
|-item|p2a: Gholdengo|Air Balloon
|
|upkeep
|turn|15
|
|t:|1759072312
|-terastallize|p1a: Sylveon|Steel
|move|p2a: Gholdengo|Make It Rain|p1a: Sylveon
|-resisted|p1a: Sylveon
|-damage|p1a: Sylveon|60/100
|-unboost|p2a: Gholdengo|spa|1
|move|p1a: Sylveon|Trailblaze|p2a: Gholdengo
|-resisted|p2a: Gholdengo
|-damage|p2a: Gholdengo|97/100
|-boost|p1a: Sylveon|spe|1
|-enditem|p2a: Gholdengo|Air Balloon
|
|upkeep
|turn|16
|
|t:|1759072329
|move|p2a: Gholdengo|Nasty Plot|p2a: Gholdengo
|-boost|p2a: Gholdengo|spa|2
|move|p1a: Sylveon|Trailblaze|p2a: Gholdengo
|-resisted|p2a: Gholdengo
|-crit|p2a: Gholdengo
|-damage|p2a: Gholdengo|91/100
|-boost|p1a: Sylveon|spe|1
|
|upkeep
|turn|17
|
|t:|1759072340
|move|p2a: Gholdengo|Shadow Ball|p1a: Sylveon
|-damage|p1a: Sylveon|12/100
|move|p1a: Sylveon|Trailblaze|p2a: Gholdengo
|-resisted|p2a: Gholdengo
|-damage|p2a: Gholdengo|87/100
|-boost|p1a: Sylveon|spe|1
|
|upkeep
|turn|18
|
|t:|1759072350
|move|p1a: Sylveon|Hyper Voice|p2a: Gholdengo
|-resisted|p2a: Gholdengo
|-damage|p2a: Gholdengo|66/100
|-enditem|p1a: Sylveon|Throat Spray
|-boost|p1a: Sylveon|spa|1|[from] item: Throat Spray
|move|p2a: Gholdengo|Shadow Ball|p1a: Sylveon
|-damage|p1a: Sylveon|0 fnt
|faint|p1a: Sylveon
|
|upkeep
|-message|chasmis_bauna forfeited.
|
|win|MC_Spiny
|raw|chasmis_bauna's rating: 1272 &rarr; <strong>1250</strong><br />(-22 for losing)
|raw|MC_Spiny's rating: 1317 &rarr; <strong>1334</strong><br />(+17 for winning)
|l|☆chasmis_bauna
|player|p1|
|l|‽MC_Spiny
|player|p2|
