|j|☆jamel1
|j|☆Auburn Hills
|t:|1759067738
|gametype|singles
|player|p1|jamel1|102|1784
|player|p2|Auburn Hills|alder|1789
|gen|9
|tier|[Gen 9] OU
|rated|
|rule|HP Percentage Mod: HP is shown in percentages
|rule|Endless Battle Clause: Forcing endless battles is banned
|rule|Species Clause: Limit one of each Pokémon
|rule|OHKO Clause: OHKO moves are banned
|rule|Evasion Items Clause: Evasion items are banned
|rule|Evasion Moves Clause: Evasion moves are banned
|rule|Evasion Abilities Clause: Evasion abilities are banned
|rule|Sleep Moves Clause: Sleep-inducing moves are banned
|clearpoke
|poke|p1|Gyarados, M|
|poke|p1|Maushold|
|poke|p1|Deoxys-Defense|
|poke|p1|Sandaconda, M|
|poke|p1|Serperior, M|
|poke|p1|Kommo-o, F|
|poke|p2|Iron Moth|
|poke|p2|Umbreon, M|
|poke|p2|Garchomp, M|
|poke|p2|Glimmora, M|
|poke|p2|Gholdengo|
|poke|p2|Dragonite, F|
|teampreview
|
|t:|1759067752
|teamsize|p1|6
|teamsize|p2|6
|start
|switch|p1a: Sandaconda|Sandaconda, M|100/100
|switch|p2a: Elucid|Dragonite, F|100/100
|turn|1
|
|t:|1759067754
|move|p1a: Sandaconda|Glare|p2a: Elucid
|-status|p2a: Elucid|par
|move|p2a: Elucid|Dragon Dance|p2a: Elucid
|-boost|p2a: Elucid|atk|1
|-boost|p2a: Elucid|spe|1
|
|upkeep
|turn|2
|
|t:|1759067756
|move|p1a: Sandaconda|Iron Head|p2a: Elucid
|-damage|p2a: Elucid|86/100 par
|move|p2a: Elucid|Dragon Dance|p2a: Elucid
|-boost|p2a: Elucid|atk|1
|-boost|p2a: Elucid|spe|1
|
|upkeep
|turn|3
|
|t:|1759067761
|move|p1a: Sandaconda|Stealth Rock|p2a: Elucid
|-sidestart|p2: Auburn Hills|move: Stealth Rock
|move|p2a: Elucid|Ice Spinner|p1a: Sandaconda
|-supereffective|p1a: Sandaconda
|-enditem|p1a: Sandaconda|Focus Sash
|-damage|p1a: Sandaconda|1/100
|
|upkeep
|turn|4
|
|t:|1759067763
|cant|p2a: Elucid|par
|move|p1a: Sandaconda|Iron Head|p2a: Elucid
|-damage|p2a: Elucid|59/100 par
|
|upkeep
|turn|5
|
|t:|1759067766
|move|p1a: Sandaconda|Iron Head|p2a: Elucid
|-damage|p2a: Elucid|34/100 par
|move|p2a: Elucid|Dragon Dance|p2a: Elucid
|-boost|p2a: Elucid|atk|1
|-boost|p2a: Elucid|spe|1
|
|upkeep
|turn|6
|
|t:|1759067770
|move|p2a: Elucid|Earthquake|p1a: Sandaconda
|-damage|p1a: Sandaconda|0 fnt
|faint|p1a: Sandaconda
|
|upkeep
|
|t:|1759067772
|switch|p1a: Serperior|Serperior, M|100/100
|turn|7
|
|t:|1759067777
|cant|p2a: Elucid|par
|move|p1a: Serperior|Reflect|p1a: Serperior
|-sidestart|p1: jamel1|Reflect
|
|upkeep
|turn|8
|
|t:|1759067780
|move|p2a: Elucid|Extreme Speed|p1a: Serperior
|-damage|p1a: Serperior|56/100
|move|p1a: Serperior|Light Screen|p1a: Serperior
|-sidestart|p1: jamel1|move: Light Screen
|
|upkeep
|turn|9
|
|t:|1759067784
|move|p1a: Serperior|Leaf Storm|p2a: Elucid
|-resisted|p2a: Elucid
|-damage|p2a: Elucid|21/100 par
|-boost|p1a: Serperior|spa|2
|move|p2a: Elucid|Ice Spinner|p1a: Serperior
|-supereffective|p1a: Serperior
|-damage|p1a: Serperior|0 fnt
|faint|p1a: Serperior
|
|upkeep
|
|t:|1759067790
|switch|p1a: Deoxys|Deoxys-Defense|100/100
|-ability|p1a: Deoxys|Pressure
|turn|10
|
|t:|1759067793
|move|p2a: Elucid|Earthquake|p1a: Deoxys
|-damage|p1a: Deoxys|72/100
|-enditem|p1a: Deoxys|Kee Berry|[eat]
|-boost|p1a: Deoxys|def|1|[from] item: Kee Berry
|move|p1a: Deoxys|Calm Mind|p1a: Deoxys
|-boost|p1a: Deoxys|spa|1
|-boost|p1a: Deoxys|spd|1
|
|upkeep
|turn|11
|
|t:|1759067800
|move|p2a: Elucid|Earthquake|p1a: Deoxys
|-damage|p1a: Deoxys|53/100
|move|p1a: Deoxys|Calm Mind|p1a: Deoxys
|-boost|p1a: Deoxys|spa|1
|-boost|p1a: Deoxys|spd|1
|
|upkeep
|turn|12
|
|t:|1759067803
|move|p2a: Elucid|Earthquake|p1a: Deoxys
|-damage|p1a: Deoxys|35/100
|move|p1a: Deoxys|Recover|p1a: Deoxys
|-heal|p1a: Deoxys|85/100
|
|upkeep
|turn|13
|
|t:|1759067807
|move|p2a: Elucid|Earthquake|p1a: Deoxys
|-damage|p1a: Deoxys|66/100
|move|p1a: Deoxys|Stored Power|p2a: Elucid
|-damage|p2a: Elucid|0 fnt
|faint|p2a: Elucid
|
|upkeep
|
|t:|1759067811
|switch|p2a: Smino|Gholdengo|100/100
|-damage|p2a: Smino|94/100|[from] Stealth Rock
|turn|14
|
|t:|1759067818
|switch|p1a: Gyarados|Gyarados, M|100/100
|move|p2a: Smino|Trick|p1a: Gyarados
|-activate|p2a: Smino|move: Trick|[of] p1a: Gyarados
|-item|p1a: Gyarados|Choice Scarf|[from] move: Trick
|-item|p2a: Smino|Leftovers|[from] move: Trick
|
|-heal|p2a: Smino|100/100|[from] item: Leftovers
|-sideend|p1: jamel1|Reflect
|upkeep
|turn|15
|j| Nikator98
|
|t:|1759067830
|switch|p2a: Julia Jacklin|Glimmora, M|100/100
|-damage|p2a: Julia Jacklin|88/100|[from] Stealth Rock
|move|p1a: Gyarados|Waterfall|p2a: Julia Jacklin
|-supereffective|p2a: Julia Jacklin
|-damage|p2a: Julia Jacklin|0 fnt
|-activate|p2a: Julia Jacklin|ability: Toxic Debris
|-sidestart|p1: jamel1|move: Toxic Spikes
|faint|p2a: Julia Jacklin
|-ability|p1a: Gyarados|Moxie|boost
|-boost|p1a: Gyarados|atk|1
|
|-sideend|p1: jamel1|move: Light Screen
|upkeep
|j| copoy
|
|t:|1759067834
|switch|p2a: Alvvays|Umbreon, M|100/100
|-damage|p2a: Alvvays|88/100|[from] Stealth Rock
|turn|16
|
|t:|1759067836
|move|p1a: Gyarados|Waterfall|p2a: Alvvays
|-damage|p2a: Alvvays|37/100
|move|p2a: Alvvays|Thunder Wave|p1a: Gyarados
|-status|p1a: Gyarados|par
|
|-heal|p2a: Alvvays|43/100|[from] item: Leftovers
|upkeep
|turn|17
|
|t:|1759067840
|move|p2a: Alvvays|Protect|p2a: Alvvays
|-singleturn|p2a: Alvvays|Protect
|move|p1a: Gyarados|Waterfall|p2a: Alvvays
|-activate|p2a: Alvvays|move: Protect
|
|-heal|p2a: Alvvays|49/100|[from] item: Leftovers
|upkeep
|turn|18
|
|t:|1759067846
|-terastallize|p2a: Alvvays|Water
|move|p1a: Gyarados|Waterfall|p2a: Alvvays
|-resisted|p2a: Alvvays
|-damage|p2a: Alvvays|24/100
|move|p2a: Alvvays|Wish|p2a: Alvvays
|
|-heal|p2a: Alvvays|30/100|[from] item: Leftovers
|upkeep
|turn|19
|
|t:|1759067851
|switch|p1a: Maushold|Maushold|100/100
|-status|p1a: Maushold|psn
|move|p2a: Alvvays|Foul Play|p1a: Maushold
|-damage|p1a: Maushold|51/100 psn
|
|-heal|p2a: Alvvays|80/100|[from] move: Wish|[wisher] Alvvays
|-heal|p2a: Alvvays|86/100|[from] item: Leftovers
|-damage|p1a: Maushold|39/100 psn|[from] psn
|upkeep
|turn|20
|
|t:|1759067855
|move|p2a: Alvvays|Protect|p2a: Alvvays
|-singleturn|p2a: Alvvays|Protect
|move|p1a: Maushold|Tidy Up|p1a: Maushold
|-sideend|p1: jamel1|Toxic Spikes
|-sideend|p2: Auburn Hills|Stealth Rock
|-activate|p1a: Maushold|move: Tidy Up
|-boost|p1a: Maushold|atk|1
|-boost|p1a: Maushold|spe|1
|
|-heal|p2a: Alvvays|92/100|[from] item: Leftovers
|-damage|p1a: Maushold|26/100 psn|[from] psn
|upkeep
|turn|21
|
|t:|1759067862
|switch|p2a: Rat Tally|Garchomp, M|100/100
|move|p1a: Maushold|Population Bomb|p2a: Rat Tally
|-damage|p2a: Rat Tally|82/100
|-activate|p2a: Rat Tally|ability: Rough Skin
|-activate|p1a: Maushold|item: Protective Pads
|-damage|p2a: Rat Tally|63/100
|-activate|p2a: Rat Tally|ability: Rough Skin
|-activate|p1a: Maushold|item: Protective Pads
|-damage|p2a: Rat Tally|46/100
|-activate|p2a: Rat Tally|ability: Rough Skin
|-activate|p1a: Maushold|item: Protective Pads
|-hitcount|p2a: Rat Tally|3
|
|-damage|p1a: Maushold|14/100 psn|[from] psn
|upkeep
|turn|22
|
|t:|1759067865
|move|p1a: Maushold|Population Bomb|p2a: Rat Tally
|-damage|p2a: Rat Tally|28/100
|-activate|p2a: Rat Tally|ability: Rough Skin
|-activate|p1a: Maushold|item: Protective Pads
|-damage|p2a: Rat Tally|8/100
|-activate|p2a: Rat Tally|ability: Rough Skin
|-activate|p1a: Maushold|item: Protective Pads
|-damage|p2a: Rat Tally|0 fnt
|-activate|p2a: Rat Tally|ability: Rough Skin
|-activate|p1a: Maushold|item: Protective Pads
|faint|p2a: Rat Tally
|-hitcount|p2: Rat Tally|3
|
|-damage|p1a: Maushold|2/100 psn|[from] psn
|upkeep
|
|t:|1759067869
|switch|p2a: Alvvays|Umbreon, M, tera:Water|92/100
|turn|23
|
|t:|1759067871
|switch|p1a: Kommo-o|Kommo-o, F|100/100
|move|p2a: Alvvays|Protect||[still]
|-fail|p2a: Alvvays
|
|-heal|p2a: Alvvays|98/100|[from] item: Leftovers
|upkeep
|turn|24
|
|t:|1759067873
|switch|p2a: Carly Rae|Iron Moth|100/100
|-enditem|p2a: Carly Rae|Booster Energy
|-activate|p2a: Carly Rae|ability: Quark Drive|[fromitem]
|-start|p2a: Carly Rae|quarkdrivespe
|move|p1a: Kommo-o|Substitute|p1a: Kommo-o
|-start|p1a: Kommo-o|Substitute
|-damage|p1a: Kommo-o|75/100
|
|upkeep
|turn|25
|
|t:|1759067878
|move|p2a: Carly Rae|Dazzling Gleam|p1a: Kommo-o
|-supereffective|p1a: Kommo-o
|-crit|p1a: Kommo-o
|-end|p1a: Kommo-o|Substitute
|move|p1a: Kommo-o|Shadow Claw|p2a: Carly Rae
|-damage|p2a: Carly Rae|70/100
|
|upkeep
|turn|26
|
|t:|1759067887
|switch|p1a: Maushold|Maushold|2/100 psn
|move|p2a: Carly Rae|Dazzling Gleam|p1a: Maushold
|-damage|p1a: Maushold|0 fnt
|faint|p1a: Maushold
|
|upkeep
|
|t:|1759067891
|switch|p1a: Gyarados|Gyarados, M|100/100 par
|turn|27
|
|t:|1759067893
|move|p2a: Carly Rae|Discharge|p1a: Gyarados
|-supereffective|p1a: Gyarados
|-damage|p1a: Gyarados|0 fnt
|faint|p1a: Gyarados
|
|upkeep
|
|t:|1759067896
|switch|p1a: Deoxys|Deoxys-Defense|66/100
|-ability|p1a: Deoxys|Pressure
|turn|28
|
|t:|1759067899
|move|p2a: Carly Rae|Fiery Dance|p1a: Deoxys
|-damage|p1a: Deoxys|37/100
|move|p1a: Deoxys|Recover|p1a: Deoxys
|-heal|p1a: Deoxys|87/100
|
|upkeep
|turn|29
|
|t:|1759067903
|move|p2a: Carly Rae|Fiery Dance|p1a: Deoxys
|-damage|p1a: Deoxys|59/100
|-boost|p2a: Carly Rae|spa|1
|move|p1a: Deoxys|Calm Mind|p1a: Deoxys
|-boost|p1a: Deoxys|spa|1
|-boost|p1a: Deoxys|spd|1
|
|upkeep
|turn|30
|
|t:|1759067907
|-end|p2a: Carly Rae|Quark Drive|[silent]
|switch|p2a: Smino|Gholdengo|100/100
|move|p1a: Deoxys|Recover|p1a: Deoxys
|-heal|p1a: Deoxys|100/100
|
|upkeep
|turn|31
|
|t:|1759067913
|-terastallize|p1a: Deoxys|Steel
|move|p2a: Smino|Shadow Ball|p1a: Deoxys
|-damage|p1a: Deoxys|80/100
|move|p1a: Deoxys|Calm Mind|p1a: Deoxys
|-boost|p1a: Deoxys|spa|1
|-boost|p1a: Deoxys|spd|1
|
|upkeep
|turn|32
|
|t:|1759067917
|move|p2a: Smino|Shadow Ball|p1a: Deoxys
|-damage|p1a: Deoxys|65/100
|-unboost|p1a: Deoxys|spd|1
|move|p1a: Deoxys|Calm Mind|p1a: Deoxys
|-boost|p1a: Deoxys|spa|1
|-boost|p1a: Deoxys|spd|1
|
|upkeep
|turn|33
|
|t:|1759067919
|switch|p2a: Carly Rae|Iron Moth|70/100
|move|p1a: Deoxys|Calm Mind|p1a: Deoxys
|-boost|p1a: Deoxys|spa|1
|-boost|p1a: Deoxys|spd|1
|
|upkeep
|turn|34
|
|t:|1759067922
|move|p2a: Carly Rae|Fiery Dance|p1a: Deoxys
|-supereffective|p1a: Deoxys
|-damage|p1a: Deoxys|38/100
|move|p1a: Deoxys|Stored Power|p2a: Carly Rae
|-supereffective|p2a: Carly Rae
|-damage|p2a: Carly Rae|0 fnt
|faint|p2a: Carly Rae
|-end|p2a: Carly Rae|Quark Drive|[silent]
|
|upkeep
|
|t:|1759067926
|switch|p2a: Alvvays|Umbreon, M, tera:Water|98/100
|turn|35
|
|t:|1759067931
|move|p1a: Deoxys|Stored Power|p2a: Alvvays
|-damage|p2a: Alvvays|36/100
|move|p2a: Alvvays|Thunder Wave|p1a: Deoxys
|-status|p1a: Deoxys|par
|
|-heal|p2a: Alvvays|42/100|[from] item: Leftovers
|upkeep
|turn|36
|
|t:|1759067934
|switch|p2a: Smino|Gholdengo|100/100
|cant|p1a: Deoxys|par
|
|upkeep
|turn|37
|
|t:|1759067941
|move|p2a: Smino|Shadow Ball|p1a: Deoxys
|-damage|p1a: Deoxys|25/100 par
|-unboost|p1a: Deoxys|spd|1
|move|p1a: Deoxys|Recover|p1a: Deoxys
|-heal|p1a: Deoxys|75/100 par
|
|upkeep
|turn|38
|
|t:|1759067946
|move|p2a: Smino|Shadow Ball|p1a: Deoxys
|-damage|p1a: Deoxys|58/100 par
|move|p1a: Deoxys|Calm Mind|p1a: Deoxys
|-boost|p1a: Deoxys|spa|1
|-boost|p1a: Deoxys|spd|1
|
|upkeep
|turn|39
|
|t:|1759067950
|move|p2a: Smino|Shadow Ball|p1a: Deoxys
|-damage|p1a: Deoxys|46/100 par
|-unboost|p1a: Deoxys|spd|1
|move|p1a: Deoxys|Recover|p1a: Deoxys
|-heal|p1a: Deoxys|96/100 par
|
|upkeep
|turn|40
|
|t:|1759067954
|move|p2a: Smino|Shadow Ball|p1a: Deoxys
|-damage|p1a: Deoxys|80/100 par
|cant|p1a: Deoxys|par
|
|upkeep
|turn|41
|
|t:|1759067958
|move|p2a: Smino|Shadow Ball|p1a: Deoxys
|-damage|p1a: Deoxys|63/100 par
|-unboost|p1a: Deoxys|spd|1
|move|p1a: Deoxys|Stored Power|p2a: Smino
|-resisted|p2a: Smino
|-damage|p2a: Smino|32/100
|
|-heal|p2a: Smino|38/100|[from] item: Leftovers
|upkeep
|turn|42
|
|t:|1759067962
|move|p2a: Smino|Shadow Ball|p1a: Deoxys
|-damage|p1a: Deoxys|41/100 par
|cant|p1a: Deoxys|par
|
|-heal|p2a: Smino|44/100|[from] item: Leftovers
|upkeep
|turn|43
|
|t:|1759067968
|move|p2a: Smino|Shadow Ball|p1a: Deoxys
|-damage|p1a: Deoxys|22/100 par
|-unboost|p1a: Deoxys|spd|1
|move|p1a: Deoxys|Recover|p1a: Deoxys
|-heal|p1a: Deoxys|72/100 par
|
|-heal|p2a: Smino|50/100|[from] item: Leftovers
|upkeep
|turn|44
|
|t:|1759067976
|move|p2a: Smino|Shadow Ball|p1a: Deoxys
|-damage|p1a: Deoxys|39/100 par
|move|p1a: Deoxys|Recover|p1a: Deoxys
|-heal|p1a: Deoxys|89/100 par
|
|-heal|p2a: Smino|56/100|[from] item: Leftovers
|upkeep
|turn|45
|
|t:|1759067980
|move|p2a: Smino|Shadow Ball|p1a: Deoxys
|-damage|p1a: Deoxys|59/100 par
|move|p1a: Deoxys|Calm Mind|p1a: Deoxys
|-boost|p1a: Deoxys|spa|1
|-boost|p1a: Deoxys|spd|1
|
|-heal|p2a: Smino|62/100|[from] item: Leftovers
|upkeep
|turn|46
|
|t:|1759067985
|move|p2a: Smino|Shadow Ball|p1a: Deoxys
|-damage|p1a: Deoxys|36/100 par
|move|p1a: Deoxys|Recover|p1a: Deoxys
|-heal|p1a: Deoxys|86/100 par
|
|-heal|p2a: Smino|68/100|[from] item: Leftovers
|upkeep
|turn|47
|-message|Auburn Hills forfeited.
|
|win|jamel1
|raw|jamel1's rating: 1784 &rarr; <strong>1804</strong><br />(+20 for winning)
|raw|Auburn Hills's rating: 1789 &rarr; <strong>1769</strong><br />(-20 for losing)
|l|☆Auburn Hills
|player|p2|
|l|☆jamel1
|player|p1|
|l| Nikator98
