|j|☆SkyOnPS
|j|☆Mythpunk
|t:|1759032163
|gametype|singles
|player|p1|SkyOnPS|shadowtriad|1190
|player|p2|Mythpunk|zinnia|1201
|gen|9
|tier|[Gen 9] OU
|rated|
|rule|HP Percentage Mod: HP is shown in percentages
|rule|Endless Battle Clause: Forcing endless battles is banned
|rule|Species Clause: Limit one of each Pokémon
|rule|OHKO Clause: OHKO moves are banned
|rule|Evasion Items Clause: Evasion items are banned
|rule|Evasion Moves Clause: Evasion moves are banned
|rule|Evasion Abilities Clause: Evasion abilities are banned
|rule|Sleep Moves Clause: Sleep-inducing moves are banned
|clearpoke
|poke|p1|Iron Valiant|
|poke|p1|Weavile, M|
|poke|p1|Latias, F|
|poke|p1|Decidueye-Hisui, M|
|poke|p1|Landorus-Therian, M|
|poke|p1|Cinderace, F|
|poke|p2|Pyroar, F|
|poke|p2|Gyarados, F|
|poke|p2|Kommo-o, M|
|poke|p2|Whimsicott, M|
|poke|p2|Scizor, M|
|poke|p2|Raikou|
|teampreview
|inactive|Battle timer is ON: inactive players will automatically lose when time's up. (requested by SkyOnPS)
|
|t:|1759032178
|teamsize|p1|6
|teamsize|p2|6
|start
|switch|p1a: Latias|Latias, F|100/100
|switch|p2a: Tahm Lin|Whimsicott, M|100/100
|turn|1
|
|t:|1759032185
|switch|p1a: Cinderace|Cinderace, F|100/100
|move|p2a: Tahm Lin|Stun Spore|p1a: Cinderace
|-status|p1a: Cinderace|par
|
|upkeep
|turn|2
|
|t:|1759032191
|move|p2a: Tahm Lin|Substitute|p2a: Tahm Lin
|-start|p2a: Tahm Lin|Substitute
|-damage|p2a: Tahm Lin|76/100
|move|p1a: Cinderace|Pyro Ball|p2a: Tahm Lin
|-supereffective|p2a: Tahm Lin
|-end|p2a: Tahm Lin|Substitute
|
|upkeep
|turn|3
|
|t:|1759032198
|switch|p2a: Tiamat|Gyarados, F|100/100
|cant|p1a: Cinderace|par
|
|upkeep
|turn|4
|
|t:|1759032205
|move|p2a: Tiamat|Aqua Tail|p1a: Cinderace
|-supereffective|p1a: Cinderace
|-damage|p1a: Cinderace|0 fnt
|faint|p1a: Cinderace
|-ability|p2a: Tiamat|Moxie|boost
|-boost|p2a: Tiamat|atk|1
|
|upkeep
|
|t:|1759032220
|switch|p1a: Silverthorn|Iron Valiant, shiny|100/100
|turn|5
|
|t:|1759032228
|-terastallize|p2a: Tiamat|Ground
|move|p1a: Silverthorn|Moonblast|p2a: Tiamat
|-damage|p2a: Tiamat|46/100
|move|p2a: Tiamat|Earthquake|p1a: Silverthorn
|-damage|p1a: Silverthorn|7/100
|
|upkeep
|turn|6
|
|t:|1759032236
|switch|p2a: Cador|Scizor, M|100/100
|move|p1a: Silverthorn|Moonblast|p2a: Cador
|-resisted|p2a: Cador
|-damage|p2a: Cador|69/100
|
|upkeep
|turn|7
|
|t:|1759032240
|-end|p1a: Silverthorn|Quark Drive|[silent]
|switch|p1a: Landorus|Landorus-Therian, M|100/100
|-ability|p1a: Landorus|Intimidate|boost
|-unboost|p2a: Cador|atk|1
|move|p2a: Cador|Bullet Punch|p1a: Landorus
|-damage|p1a: Landorus|78/100
|-damage|p2a: Cador|53/100|[from] item: Rocky Helmet|[of] p1a: Landorus
|
|upkeep
|turn|8
|
|t:|1759032260
|switch|p2a: Raijin|Raikou|100/100
|-ability|p2a: Raijin|Pressure
|move|p1a: Landorus|Stone Edge|p2a: Raijin
|-crit|p2a: Raijin
|-damage|p2a: Raijin|30/100
|
|upkeep
|turn|9
|
|t:|1759032268
|move|p2a: Raijin|Scald|p1a: Landorus
|-supereffective|p1a: Landorus
|-damage|p1a: Landorus|0 fnt
|faint|p1a: Landorus
|-damage|p2a: Raijin|20/100|[from] item: Life Orb
|
|upkeep
|
|t:|1759032272
|switch|p1a: Silverthorn|Iron Valiant, shiny|7/100
|turn|10
|
|t:|1759032278
|move|p2a: Raijin|Reflect|p2a: Raijin
|-sidestart|p2: Mythpunk|Reflect
|move|p1a: Silverthorn|Moonblast|p2a: Raijin
|-damage|p2a: Raijin|0 fnt
|faint|p2a: Raijin
|
|upkeep
|
|t:|1759032281
|switch|p2a: Cador|Scizor, M|53/100
|turn|11
|
|t:|1759032288
|move|p2a: Cador|Bullet Punch|p1a: Silverthorn
|-supereffective|p1a: Silverthorn
|-damage|p1a: Silverthorn|0 fnt
|faint|p1a: Silverthorn
|-end|p1a: Silverthorn|Quark Drive|[silent]
|
|upkeep
|
|t:|1759032291
|switch|p1a: Latias|Latias, F|100/100
|turn|12
|
|t:|1759032295
|move|p1a: Latias|Calm Mind|p1a: Latias
|-boost|p1a: Latias|spa|1
|-boost|p1a: Latias|spd|1
|move|p2a: Cador|U-turn|p1a: Latias
|-supereffective|p1a: Latias
|-damage|p1a: Latias|46/100
|-enditem|p1a: Latias|Weakness Policy
|-boost|p1a: Latias|atk|2|[from] item: Weakness Policy
|-boost|p1a: Latias|spa|2|[from] item: Weakness Policy
|
|t:|1759032302
|switch|p2a: Tahm Lin|Whimsicott, M|76/100|[from] U-turn
|
|upkeep
|turn|13
|
|t:|1759032311
|-terastallize|p1a: Latias|Electric
|move|p2a: Tahm Lin|Stun Spore|p1a: Latias
|-immune|p1a: Latias
|move|p1a: Latias|Agility|p1a: Latias
|-boost|p1a: Latias|spe|2
|
|upkeep
|turn|14
|
|t:|1759032319
|move|p2a: Tahm Lin|Leech Seed|p1a: Latias
|-start|p1a: Latias|move: Leech Seed
|move|p1a: Latias|Stored Power|p2a: Tahm Lin
|-damage|p2a: Tahm Lin|0 fnt
|faint|p2a: Tahm Lin
|
|-sideend|p2: Mythpunk|Reflect
|upkeep
|
|t:|1759032322
|switch|p2a: Cador|Scizor, M|53/100
|turn|15
|
|t:|1759032330
|move|p2a: Cador|Bullet Punch|p1a: Latias
|-resisted|p1a: Latias
|-damage|p1a: Latias|35/100
|move|p1a: Latias|Draining Kiss|p2a: Cador
|-resisted|p2a: Cador
|-damage|p2a: Cador|34/100
|-heal|p1a: Latias|48/100|[from] drain|[of] p2a: Cador
|
|-damage|p1a: Latias|35/100|[from] Leech Seed|[of] p2a: Cador
|-heal|p2a: Cador|47/100|[silent]
|upkeep
|turn|16
|
|t:|1759032337
|move|p1a: Latias|Stored Power|p2a: Cador
|-resisted|p2a: Cador
|-damage|p2a: Cador|0 fnt
|faint|p2a: Cador
|
|upkeep
|
|t:|1759032345
|switch|p2a: Tiamat|Gyarados, F, tera:Ground|46/100
|turn|17
|
|t:|1759032349
|move|p1a: Latias|Draining Kiss|p2a: Tiamat
|-damage|p2a: Tiamat|16/100
|-heal|p1a: Latias|56/100|[from] drain|[of] p2a: Tiamat
|move|p2a: Tiamat|Aqua Tail|p1a: Latias
|-crit|p1a: Latias
|-damage|p1a: Latias|2/100
|
|-damage|p1a: Latias|0 fnt|[from] Leech Seed|[of] p2a: Tiamat
|-heal|p2a: Tiamat|17/100|[silent]
|faint|p1a: Latias
|upkeep
|
|t:|1759032353
|switch|p1a: Sukuna|Weavile, M|100/100
|-ability|p1a: Sukuna|Pressure
|turn|18
|
|t:|1759032359
|move|p1a: Sukuna|Ice Shard|p2a: Tiamat
|-supereffective|p2a: Tiamat
|-damage|p2a: Tiamat|0 fnt
|faint|p2a: Tiamat
|
|upkeep
|
|t:|1759032362
|switch|p2a: Sekmet|Pyroar, F|100/100
|-ability|p2a: Sekmet|Unnerve
|turn|19
|
|t:|1759032365
|switch|p1a: Decidueye|Decidueye-Hisui, M|100/100
|move|p2a: Sekmet|Fire Blast|p1a: Decidueye|[miss]
|-miss|p2a: Sekmet|p1a: Decidueye
|
|upkeep
|turn|20
|
|t:|1759032372
|move|p2a: Sekmet|Fire Blast|p1a: Decidueye
|-supereffective|p1a: Decidueye
|-damage|p1a: Decidueye|13/100
|move|p1a: Decidueye|Triple Arrows|p2a: Sekmet
|-supereffective|p2a: Sekmet
|-damage|p2a: Sekmet|0 fnt
|-enditem|p1a: Decidueye|Sitrus Berry|[eat]
|-heal|p1a: Decidueye|38/100|[from] item: Sitrus Berry
|faint|p2a: Sekmet
|
|upkeep
|
|t:|1759032378
|switch|p2a: Ku|Kommo-o, M|100/100
|turn|21
|
|t:|1759032385
|move|p2a: Ku|Scale Shot|p1a: Decidueye
|-damage|p1a: Decidueye|26/100
|-damage|p1a: Decidueye|15/100
|-damage|p1a: Decidueye|4/100
|-damage|p1a: Decidueye|0 fnt
|faint|p1a: Decidueye
|-hitcount|p1: Decidueye|4
|-unboost|p2a: Ku|def|1
|-boost|p2a: Ku|spe|1
|
|upkeep
|
|t:|1759032393
|switch|p1a: Sukuna|Weavile, M|100/100
|-ability|p1a: Sukuna|Pressure
|turn|22
|
|t:|1759032396
|move|p1a: Sukuna|Ice Shard|p2a: Ku
|-supereffective|p2a: Ku
|-damage|p2a: Ku|41/100
|move|p2a: Ku|Close Combat|p1a: Sukuna
|-supereffective|p1a: Sukuna
|-damage|p1a: Sukuna|0 fnt
|-unboost|p2a: Ku|def|1
|-unboost|p2a: Ku|spd|1
|faint|p1a: Sukuna
|
|win|Mythpunk
|raw|SkyOnPS's rating: 1190 &rarr; <strong>1166</strong><br />(-24 for losing)
|raw|Mythpunk's rating: 1201 &rarr; <strong>1225</strong><br />(+24 for winning)
|c|☆Mythpunk|gg wp
|c|☆SkyOnPS|ggs
|l|☆SkyOnPS
|player|p1|
|l|☆Mythpunk
|player|p2|
