|j|☆catuhstrophic
|j|‽Hunter_of_Keys
|t:|1758924619
|gametype|singles
|player|p1|catuhstrophic|sabrina|1587
|player|p2|Hunter_of_Keys|veteran|1523
|gen|9
|tier|[Gen 9] OU
|rated|
|rule|HP Percentage Mod: HP is shown in percentages
|rule|Endless Battle Clause: Forcing endless battles is banned
|rule|Species Clause: Limit one of each Pokémon
|rule|OHKO Clause: OHKO moves are banned
|rule|Evasion Items Clause: Evasion items are banned
|rule|Evasion Moves Clause: Evasion moves are banned
|rule|Evasion Abilities Clause: Evasion abilities are banned
|rule|Sleep Moves Clause: Sleep-inducing moves are banned
|clearpoke
|poke|p1|Great Tusk|
|poke|p1|Cinderace, M|
|poke|p1|Alomomola, F|
|poke|p1|Zapdos|
|poke|p1|Slowking-Galar, F|
|poke|p1|Iron Valiant|
|poke|p2|Espeon, M|
|poke|p2|Indeedee, M|
|poke|p2|Armarouge, F|
|poke|p2|Gallade, M|
|poke|p2|Cresselia, F|
|poke|p2|Rabsca, M|
|teampreview
|inactive|Battle timer is ON: inactive players will automatically lose when time's up. (requested by Hunter_of_Keys)
|
|t:|1758924639
|teamsize|p1|6
|teamsize|p2|6
|start
|switch|p1a: Iron Valiant|Iron Valiant|100/100
|switch|p2a: Indeedee|Indeedee, M|100/100
|-fieldstart|move: Psychic Terrain|[from] ability: Psychic Surge|[of] p2a: Indeedee
|turn|1
|
|t:|1758924643
|switch|p2a: Cresselia|Cresselia, F|100/100
|move|p1a: Iron Valiant|Knock Off|p2a: Cresselia
|-supereffective|p2a: Cresselia
|-damage|p2a: Cresselia|41/100
|-damage|p1a: Iron Valiant|84/100|[from] item: Rocky Helmet|[of] p2a: Cresselia
|-enditem|p2a: Cresselia|Rocky Helmet|[from] move: Knock Off|[of] p1a: Iron Valiant
|
|upkeep
|turn|2
|
|t:|1758924653
|-end|p1a: Iron Valiant|Quark Drive|[silent]
|switch|p1a: Slowking|Slowking-Galar, F|100/100
|move|p2a: Cresselia|Thunder Wave|p1a: Slowking
|-status|p1a: Slowking|par
|
|upkeep
|turn|3
|
|t:|1758924661
|move|p2a: Cresselia|Lunar Dance|p2a: Cresselia
|faint|p2a: Cresselia
|move|p1a: Slowking|Future Sight|p2: Cresselia
|-start|p1a: Slowking|move: Future Sight
|
|upkeep
|
|t:|1758924667
|switch|p2a: Espeon|Espeon, M|100/100
|turn|4
|
|t:|1758924670
|move|p2a: Espeon|Psyshock|p1a: Slowking
|-damage|p1a: Slowking|69/100 par
|-prepare|p1a: Slowking|Chilly Reception|[premajor]
|cant|p1a: Slowking|par
|
|upkeep
|turn|5
|
|t:|1758924677
|switch|p1a: Alomomola|Alomomola, F|100/100
|move|p2a: Espeon|Psychic Noise|p1a: Alomomola
|-damage|p1a: Alomomola|79/100
|-start|p1a: Alomomola|move: Heal Block
|
|-end|p2a: Espeon|move: Future Sight
|-resisted|p2a: Espeon
|-damage|p2a: Espeon|67/100
|upkeep
|turn|6
|
|t:|1758924690
|move|p2a: Espeon|Thunder Wave|p1a: Alomomola
|-status|p1a: Alomomola|par
|move|p1a: Alomomola|Mirror Coat||[still]
|-fail|p1a: Alomomola
|
|-end|p1a: Alomomola|move: Heal Block
|upkeep
|turn|7
|
|t:|1758924699
|move|p2a: Espeon|Psychic Noise|p1a: Alomomola
|-damage|p1a: Alomomola|58/100 par
|-start|p1a: Alomomola|move: Heal Block
|move|p1a: Alomomola|Flip Turn|p2a: Espeon
|-damage|p2a: Espeon|50/100
|
|t:|1758924702
|switch|p1a: Iron Valiant|Iron Valiant|84/100|[from] Flip Turn
|
|upkeep
|turn|8
|
|t:|1758924709
|-terastallize|p2a: Espeon|Fairy
|move|p1a: Iron Valiant|Spirit Break|p2a: Espeon
|-damage|p2a: Espeon|0 fnt
|faint|p2a: Espeon
|
|-fieldend|move: Psychic Terrain
|upkeep
|
|t:|1758924723
|switch|p2a: Armarouge|Armarouge, F|100/100
|turn|9
|
|t:|1758924727
|-end|p1a: Iron Valiant|Quark Drive|[silent]
|switch|p1a: Alomomola|Alomomola, F|92/100 par
|move|p2a: Armarouge|Expanding Force|p1a: Alomomola
|-damage|p1a: Alomomola|69/100 par
|
|upkeep
|turn|10
|
|t:|1758924731
|switch|p2a: Indeedee|Indeedee, M|100/100
|-fieldstart|move: Psychic Terrain|[from] ability: Psychic Surge|[of] p2a: Indeedee
|cant|p1a: Alomomola|par
|
|upkeep
|turn|11
|
|t:|1758924735
|switch|p2a: Armarouge|Armarouge, F|100/100
|-heal|p2a: Armarouge|100/100|[from] move: Lunar Dance
|move|p1a: Alomomola|Flip Turn|p2a: Armarouge
|-supereffective|p2a: Armarouge
|-damage|p2a: Armarouge|64/100
|-ability|p2a: Armarouge|Weak Armor|boost
|-unboost|p2a: Armarouge|def|1
|-boost|p2a: Armarouge|spe|2
|-enditem|p2a: Armarouge|Weakness Policy
|-boost|p2a: Armarouge|atk|2|[from] item: Weakness Policy
|-boost|p2a: Armarouge|spa|2|[from] item: Weakness Policy
|
|t:|1758924753
|switch|p1a: Slowking|Slowking-Galar, F|100/100 par|[from] Flip Turn
|
|upkeep
|turn|12
|
|t:|1758924755
|switch|p1a: Alomomola|Alomomola, F|100/100 par
|move|p2a: Armarouge|Expanding Force|p1a: Alomomola
|-damage|p1a: Alomomola|16/100 par
|
|upkeep
|turn|13
|
|t:|1758924763
|-terastallize|p1a: Alomomola|Dark
|move|p2a: Armarouge|Expanding Force|p1a: Alomomola
|-immune|p1a: Alomomola
|cant|p1a: Alomomola|par
|
|upkeep
|turn|14
|
|t:|1758924769
|switch|p1a: Cinderace|Cinderace, M|100/100
|move|p2a: Armarouge|Armor Cannon|p1a: Cinderace
|-resisted|p1a: Cinderace
|-damage|p1a: Cinderace|24/100
|-unboost|p2a: Armarouge|def|1
|-unboost|p2a: Armarouge|spd|1
|
|upkeep
|turn|15
|
|t:|1758924776
|switch|p1a: Slowking|Slowking-Galar, F|100/100 par
|move|p2a: Armarouge|Armor Cannon|p1a: Slowking
|-damage|p1a: Slowking|0 fnt
|-unboost|p2a: Armarouge|def|1
|-unboost|p2a: Armarouge|spd|1
|faint|p1a: Slowking
|
|upkeep
|
|t:|1758924789
|switch|p1a: Zapdos|Zapdos|100/100
|turn|16
|
|t:|1758924800
|move|p2a: Armarouge|Armor Cannon|p1a: Zapdos
|-damage|p1a: Zapdos|0 fnt
|-unboost|p2a: Armarouge|def|1
|-unboost|p2a: Armarouge|spd|1
|faint|p1a: Zapdos
|
|upkeep
|
|t:|1758924804
|switch|p1a: Alomomola|Alomomola, F, tera:Dark|49/100 par
|turn|17
|l|‽Hunter_of_Keys
|inactive|Hunter_of_Keys disconnected and has a minute to reconnect!
|player|p2|
|j|‽Hunter_of_Keys
|inactive|Hunter_of_Keys reconnected and has 130 seconds left.
|player|p2|Hunter_of_Keys|veteran|
|n|‽Hunter_of_Keys|hunterofkeys
|inactive|Hunter_of_Keys has 120 seconds left.
|
|t:|1758924835
|switch|p1a: Cinderace|Cinderace, M|24/100
|move|p2a: Armarouge|Armor Cannon|p1a: Cinderace
|-resisted|p1a: Cinderace
|-damage|p1a: Cinderace|0 fnt
|-unboost|p2a: Armarouge|def|1
|-unboost|p2a: Armarouge|spd|1
|faint|p1a: Cinderace
|
|-fieldend|move: Psychic Terrain
|upkeep
|
|t:|1758924839
|switch|p1a: Iron Valiant|Iron Valiant|84/100
|turn|18
|
|t:|1758924844
|move|p2a: Armarouge|Endure|p2a: Armarouge
|-singleturn|p2a: Armarouge|move: Endure
|move|p1a: Iron Valiant|Shadow Sneak|p2a: Armarouge
|-supereffective|p2a: Armarouge
|-activate|p2a: Armarouge|move: Endure
|-damage|p2a: Armarouge|1/100
|-ability|p2a: Armarouge|Weak Armor|boost
|-unboost|p2a: Armarouge|def|1
|-boost|p2a: Armarouge|spe|2
|
|upkeep
|turn|19
|
|t:|1758924849
|switch|p2a: Indeedee|Indeedee, M|100/100
|-fieldstart|move: Psychic Terrain|[from] ability: Psychic Surge|[of] p2a: Indeedee
|move|p1a: Iron Valiant|Shadow Sneak|p2a: Indeedee
|-activate|p2a: Indeedee|move: Psychic Terrain
|
|upkeep
|turn|20
|
|t:|1758924852
|-end|p1a: Iron Valiant|Quark Drive|[silent]
|switch|p1a: Alomomola|Alomomola, F, tera:Dark|82/100 par
|move|p2a: Indeedee|Expanding Force|p1a: Alomomola
|-immune|p1a: Alomomola
|
|upkeep
|turn|21
|
|t:|1758924855
|switch|p2a: Armarouge|Armarouge, F|1/100
|switch|p1a: Great Tusk|Great Tusk|100/100
|
|upkeep
|turn|22
|
|t:|1758924858
|move|p2a: Armarouge|Endure|p2a: Armarouge
|-singleturn|p2a: Armarouge|move: Endure
|move|p1a: Great Tusk|Knock Off|p2a: Armarouge
|-supereffective|p2a: Armarouge
|-activate|p2a: Armarouge|move: Endure
|-damage|p2a: Armarouge|1/100
|-ability|p2a: Armarouge|Weak Armor|boost
|-unboost|p2a: Armarouge|def|1
|-boost|p2a: Armarouge|spe|2
|
|upkeep
|turn|23
|
|t:|1758924865
|move|p2a: Armarouge|Expanding Force|p1a: Great Tusk
|-supereffective|p1a: Great Tusk
|-damage|p1a: Great Tusk|0 fnt
|faint|p1a: Great Tusk
|-end|p1a: Great Tusk|Protosynthesis|[silent]
|
|upkeep
|
|t:|1758924867
|switch|p1a: Alomomola|Alomomola, F, tera:Dark|100/100 par
|turn|24
|
|t:|1758924869
|move|p2a: Armarouge|Armor Cannon|p1a: Alomomola
|-damage|p1a: Alomomola|70/100 par
|-unboost|p2a: Armarouge|def|1
|-unboost|p2a: Armarouge|spd|1
|move|p1a: Alomomola|Flip Turn|p2a: Armarouge
|-supereffective|p2a: Armarouge
|-damage|p2a: Armarouge|0 fnt
|faint|p2a: Armarouge
|
|t:|1758924872
|switch|p1a: Iron Valiant|Iron Valiant|84/100|[from] Flip Turn
|
|upkeep
|
|t:|1758924879
|switch|p2a: Rabsca|Rabsca, M|100/100
|turn|25
|
|t:|1758924884
|move|p1a: Iron Valiant|Spirit Break|p2a: Rabsca
|-damage|p2a: Rabsca|53/100
|-unboost|p2a: Rabsca|spa|1
|move|p2a: Rabsca|Speed Swap|p1a: Iron Valiant
|-activate|p2a: Rabsca|move: Speed Swap|[of] p1a: Iron Valiant
|
|upkeep
|turn|26
|
|t:|1758924894
|-end|p1a: Iron Valiant|Quark Drive|[silent]
|switch|p1a: Alomomola|Alomomola, F, tera:Dark|100/100 par
|move|p2a: Rabsca|Psychic Noise|p1a: Alomomola
|-immune|p1a: Alomomola
|
|-fieldend|move: Psychic Terrain
|upkeep
|turn|27
|
|t:|1758924898
|move|p2a: Rabsca|Revival Blessing|p2a: Rabsca
|-enditem|p2a: Rabsca|Leppa Berry|[eat]
|-activate|p2a: Rabsca|item: Leppa Berry|Revival Blessing|[consumed]
|
|t:|1758924904
|-heal|p2: Cresselia|50/100|[from] move: Revival Blessing
|move|p1a: Alomomola|Flip Turn|p2a: Rabsca
|-damage|p2a: Rabsca|39/100
|
|t:|1758924909
|switch|p1a: Iron Valiant|Iron Valiant|84/100|[from] Flip Turn
|
|upkeep
|turn|28
|
|t:|1758924914
|move|p1a: Iron Valiant|Knock Off|p2a: Rabsca
|-supereffective|p2a: Rabsca
|-damage|p2a: Rabsca|0 fnt
|faint|p2a: Rabsca
|
|upkeep
|
|t:|1758924924
|switch|p2a: Gallade|Gallade, M|100/100
|turn|29
|
|t:|1758924926
|-end|p1a: Iron Valiant|Quark Drive|[silent]
|switch|p1a: Alomomola|Alomomola, F, tera:Dark|100/100 par
|move|p2a: Gallade|Sacred Sword|p1a: Alomomola
|-supereffective|p1a: Alomomola
|-damage|p1a: Alomomola|0 fnt
|faint|p1a: Alomomola
|
|upkeep
|
|t:|1758924928
|switch|p1a: Iron Valiant|Iron Valiant|84/100
|turn|30
|
|t:|1758924936
|move|p1a: Iron Valiant|Spirit Break|p2a: Gallade
|-supereffective|p2a: Gallade
|-enditem|p2a: Gallade|Focus Sash
|-damage|p2a: Gallade|1/100
|-unboost|p2a: Gallade|spa|1
|move|p2a: Gallade|Psycho Cut|p1a: Iron Valiant
|-supereffective|p1a: Iron Valiant
|-damage|p1a: Iron Valiant|0 fnt
|faint|p1a: Iron Valiant
|-end|p1a: Iron Valiant|Quark Drive|[silent]
|
|win|Hunter_of_Keys
|raw|catuhstrophic's rating: 1587 &rarr; <strong>1563</strong><br />(-24 for losing)
|raw|Hunter_of_Keys's rating: 1523 &rarr; <strong>1547</strong><br />(+24 for winning)
|l|‽Hunter_of_Keys
|player|p2|
|l|☆catuhstrophic
|player|p1|
