|badge|p1|bronze|gen9uu|100-6
|uhtml|medal-msg|<div class="broadcast-blue">Curious what those medals under the avatar are? PS now has Ladder Seasons! For more information, check out the <a href="https://www.smogon.com/forums/threads/3740067/">thread on Smogon.</a></div>
|j|☆mooch99
|j|☆barrman1313
|t:|1758931913
|gametype|singles
|player|p1|mooch99|unknown|1645
|player|p2|barrman1313|brycenman|1558
|gen|9
|tier|[Gen 9] OU
|rated|
|rule|HP Percentage Mod: HP is shown in percentages
|rule|Endless Battle Clause: Forcing endless battles is banned
|rule|Species Clause: Limit one of each Pokémon
|rule|OHKO Clause: OHKO moves are banned
|rule|Evasion Items Clause: Evasion items are banned
|rule|Evasion Moves Clause: Evasion moves are banned
|rule|Evasion Abilities Clause: Evasion abilities are banned
|rule|Sleep Moves Clause: Sleep-inducing moves are banned
|clearpoke
|poke|p1|Toucannon, F|
|poke|p1|Dragonite, M|
|poke|p1|Zamazenta-*|
|poke|p1|Iron Treads|
|poke|p1|Zapdos|
|poke|p1|Primarina, M|
|poke|p2|Diancie|
|poke|p2|Kyurem|
|poke|p2|Necrozma|
|poke|p2|Hatterene, F|
|poke|p2|Iron Hands|
|poke|p2|Landorus-Therian, M|
|teampreview
|inactive|Battle timer is ON: inactive players will automatically lose when time's up. (requested by mooch99)
|inactive|barrman1313 has 120 seconds left.
|
|t:|1758931954
|teamsize|p1|6
|teamsize|p2|6
|start
|switch|p1a: Toucannon|Toucannon, F|100/100
|switch|p2a: Hatterene|Hatterene, F|100/100
|turn|1
|
|t:|1758931965
|-singleturn|p1a: Toucannon|move: Beak Blast
|move|p1a: Toucannon|Beak Blast|p2a: Hatterene
|-damage|p2a: Hatterene|41/100
|move|p2a: Hatterene|Trick Room|p2a: Hatterene
|-fieldstart|move: Trick Room|[of] p2a: Hatterene
|
|upkeep
|turn|2
|
|t:|1758931978
|-singleturn|p1a: Toucannon|move: Beak Blast
|move|p2a: Hatterene|Draining Kiss|p1a: Toucannon
|-damage|p1a: Toucannon|69/100
|-heal|p2a: Hatterene|68/100|[from] drain|[of] p1a: Toucannon
|-status|p2a: Hatterene|brn
|-damage|p2a: Hatterene|58/100 brn|[from] item: Life Orb
|move|p1a: Toucannon|Beak Blast|p2a: Hatterene
|-damage|p2a: Hatterene|1/100 brn
|
|-damage|p2a: Hatterene|0 fnt|[from] brn
|faint|p2a: Hatterene
|upkeep
|
|t:|1758932007
|switch|p2a: Necrozma|Necrozma|100/100
|turn|3
|
|t:|1758932022
|-singleturn|p1a: Toucannon|move: Beak Blast
|move|p2a: Necrozma|Meteor Beam||[still]
|-prepare|p2a: Necrozma|Meteor Beam
|-boost|p2a: Necrozma|spa|1
|-enditem|p2a: Necrozma|Power Herb
|-anim|p2a: Necrozma|Meteor Beam|p1a: Toucannon
|-supereffective|p1a: Toucannon
|-damage|p1a: Toucannon|0 fnt
|faint|p1a: Toucannon
|
|upkeep
|
|t:|1758932028
|switch|p1a: Primarina|Primarina, M|100/100
|turn|4
|
|t:|1758932036
|move|p2a: Necrozma|Photon Geyser|p1a: Primarina
|-damage|p1a: Primarina|52/100
|move|p1a: Primarina|Moonblast|p2a: Necrozma
|-damage|p2a: Necrozma|48/100
|
|upkeep
|turn|5
|
|t:|1758932040
|move|p2a: Necrozma|Photon Geyser|p1a: Primarina
|-damage|p1a: Primarina|4/100
|move|p1a: Primarina|Moonblast|p2a: Necrozma
|-damage|p2a: Necrozma|0 fnt
|faint|p2a: Necrozma
|
|-fieldend|move: Trick Room
|upkeep
|
|t:|1758932044
|switch|p2a: Landorus|Landorus-Therian, M|100/100
|-ability|p2a: Landorus|Intimidate|boost
|-unboost|p1a: Primarina|atk|1
|turn|6
|
|t:|1758932050
|move|p2a: Landorus|U-turn|p1a: Primarina
|-resisted|p1a: Primarina
|-damage|p1a: Primarina|0 fnt
|faint|p1a: Primarina
|
|t:|1758932061
|switch|p2a: Iron Hands|Iron Hands|100/100|[from] U-turn
|-enditem|p2a: Iron Hands|Booster Energy
|-activate|p2a: Iron Hands|ability: Quark Drive|[fromitem]
|-start|p2a: Iron Hands|quarkdriveatk
|
|upkeep
|
|t:|1758932077
|switch|p1a: Iron Treads|Iron Treads|100/100
|-item|p1a: Iron Treads|Air Balloon
|turn|7
|
|t:|1758932080
|move|p1a: Iron Treads|Earthquake|p2a: Iron Hands
|-supereffective|p2a: Iron Hands
|-damage|p2a: Iron Hands|43/100
|move|p2a: Iron Hands|Drain Punch|p1a: Iron Treads
|-supereffective|p1a: Iron Treads
|-damage|p1a: Iron Treads|3/100
|-heal|p2a: Iron Hands|80/100|[from] drain|[of] p1a: Iron Treads
|-enditem|p1a: Iron Treads|Air Balloon
|
|upkeep
|turn|8
|
|t:|1758932085
|-end|p2a: Iron Hands|Quark Drive|[silent]
|switch|p2a: Landorus|Landorus-Therian, M|100/100
|-ability|p2a: Landorus|Intimidate|boost
|-unboost|p1a: Iron Treads|atk|1
|move|p1a: Iron Treads|Earthquake|p2a: Landorus
|-immune|p2a: Landorus
|
|upkeep
|turn|9
|
|t:|1758932090
|move|p1a: Iron Treads|Ice Spinner|p2a: Landorus
|-supereffective|p2a: Landorus
|-damage|p2a: Landorus|41/100
|-damage|p1a: Iron Treads|0 fnt|[from] item: Rocky Helmet|[of] p2a: Landorus
|faint|p1a: Iron Treads
|-end|p1a: Iron Treads|Quark Drive|[silent]
|move|p2a: Landorus|U-turn|p1: Iron Treads|[notarget]
|-fail|p2a: Landorus
|
|upkeep
|c|☆barrman1313|Should have got rocks up im dumb
|
|t:|1758932118
|switch|p1a: Zapdos|Zapdos|100/100
|turn|10
|
|t:|1758932124
|move|p1a: Zapdos|Hurricane|p2a: Landorus
|-crit|p2a: Landorus
|-damage|p2a: Landorus|0 fnt
|faint|p2a: Landorus
|
|upkeep
|
|t:|1758932126
|switch|p2a: Kyurem|Kyurem|100/100
|-ability|p2a: Kyurem|Pressure
|turn|11
|
|t:|1758932135
|-terastallize|p1a: Zapdos|Steel
|move|p1a: Zapdos|Hurricane|p2a: Kyurem
|-damage|p2a: Kyurem|16/100
|move|p2a: Kyurem|Dragon Dance|p2a: Kyurem
|-boost|p2a: Kyurem|atk|1
|-boost|p2a: Kyurem|spe|1
|
|upkeep
|turn|12
|
|t:|1758932142
|-terastallize|p2a: Kyurem|Fire
|move|p2a: Kyurem|Tera Blast|p1a: Zapdos|[anim] Tera Blast Fire
|-supereffective|p1a: Zapdos
|-damage|p1a: Zapdos|0 fnt
|faint|p1a: Zapdos
|
|upkeep
|
|t:|1758932146
|switch|p1a: Dragonite|Dragonite, M|100/100
|turn|13
|
|t:|1758932152
|switch|p2a: Iron Hands|Iron Hands|80/100
|move|p1a: Dragonite|Extreme Speed|p2a: Iron Hands
|-damage|p2a: Iron Hands|59/100
|
|upkeep
|turn|14
|
|t:|1758932158
|switch|p1a: Zamazenta|Zamazenta|100/100
|-ability|p1a: Zamazenta|Dauntless Shield|boost
|-boost|p1a: Zamazenta|def|1
|move|p2a: Iron Hands|Swords Dance|p2a: Iron Hands
|-boost|p2a: Iron Hands|atk|2
|
|upkeep
|turn|15
|
|t:|1758932165
|move|p1a: Zamazenta|Close Combat|p2a: Iron Hands
|-damage|p2a: Iron Hands|3/100
|-unboost|p1a: Zamazenta|def|1
|-unboost|p1a: Zamazenta|spd|1
|move|p2a: Iron Hands|Thunder Punch|p1a: Zamazenta
|-damage|p1a: Zamazenta|25/100
|
|upkeep
|turn|16
|
|t:|1758932171
|move|p1a: Zamazenta|Close Combat|p2a: Iron Hands
|-damage|p2a: Iron Hands|0 fnt
|-unboost|p1a: Zamazenta|def|1
|-unboost|p1a: Zamazenta|spd|1
|faint|p2a: Iron Hands
|-end|p2a: Iron Hands|Quark Drive|[silent]
|
|upkeep
|
|t:|1758932176
|switch|p2a: Diancie|Diancie|100/100
|turn|17
|
|t:|1758932180
|move|p1a: Zamazenta|Close Combat|p2a: Diancie
|-damage|p2a: Diancie|31/100
|-unboost|p1a: Zamazenta|def|1
|-unboost|p1a: Zamazenta|spd|1
|move|p2a: Diancie|Trick Room|p2a: Diancie
|-fieldstart|move: Trick Room|[of] p2a: Diancie
|
|upkeep
|turn|18
|
|t:|1758932188
|move|p2a: Diancie|Moonblast|p1a: Zamazenta
|-supereffective|p1a: Zamazenta
|-damage|p1a: Zamazenta|0 fnt
|faint|p1a: Zamazenta
|
|upkeep
|
|t:|1758932190
|switch|p1a: Dragonite|Dragonite, M|100/100
|turn|19
|
|t:|1758932208
|move|p1a: Dragonite|Extreme Speed|p2a: Diancie
|-resisted|p2a: Diancie
|-damage|p2a: Diancie|19/100
|move|p2a: Diancie|Meteor Beam||[still]
|-prepare|p2a: Diancie|Meteor Beam
|-boost|p2a: Diancie|spa|1
|-enditem|p2a: Diancie|Power Herb
|-anim|p2a: Diancie|Meteor Beam|p1a: Dragonite
|-supereffective|p1a: Dragonite
|-damage|p1a: Dragonite|9/100
|
|upkeep
|turn|20
|c|☆barrman1313|Gg
|c|☆barrman1313|Crazy game
|
|t:|1758932230
|move|p1a: Dragonite|Extreme Speed|p2a: Diancie
|-resisted|p2a: Diancie
|-damage|p2a: Diancie|6/100
|move|p2a: Diancie|Moonblast|p1a: Dragonite
|-supereffective|p1a: Dragonite
|-damage|p1a: Dragonite|0 fnt
|faint|p1a: Dragonite
|
|win|barrman1313
|raw|mooch99's rating: 1645 &rarr; <strong>1620</strong><br />(-25 for losing)
|raw|barrman1313's rating: 1558 &rarr; <strong>1583</strong><br />(+25 for winning)
|l|☆mooch99
|player|p1|
|l|☆barrman1313
|player|p2|
