|j|☆lerendezvous
|j|☆will1994
|t:|1758916699
|gametype|singles
|player|p1|lerendezvous|101|1710
|player|p2|will1994|red|1675
|gen|9
|tier|[Gen 9] OU
|rated|
|rule|HP Percentage Mod: HP is shown in percentages
|rule|Endless Battle Clause: Forcing endless battles is banned
|rule|Species Clause: Limit one of each Pokémon
|rule|OHKO Clause: OHKO moves are banned
|rule|Evasion Items Clause: Evasion items are banned
|rule|Evasion Moves Clause: Evasion moves are banned
|rule|Evasion Abilities Clause: Evasion abilities are banned
|rule|Sleep Moves Clause: Sleep-inducing moves are banned
|clearpoke
|poke|p1|Ogerpon-Wellspring, F|
|poke|p1|Slowking-Galar, F|
|poke|p1|Great Tusk|
|poke|p1|Moltres|
|poke|p1|Dragapult, M|
|poke|p1|Kingambit, F|
|poke|p2|Rillaboom, M|
|poke|p2|Charizard, M|
|poke|p2|Corviknight, M|
|poke|p2|Kleavor, F|
|poke|p2|Clodsire, F|
|poke|p2|Samurott-Hisui, F|
|teampreview
|
|t:|1758916708
|teamsize|p1|6
|teamsize|p2|6
|start
|switch|p1a: Ogerpon|Ogerpon-Wellspring, F|100/100
|switch|p2a: Kleavor|Kleavor, F|100/100
|turn|1
|inactive|Battle timer is ON: inactive players will automatically lose when time's up. (requested by lerendezvous)
|
|t:|1758916714
|move|p2a: Kleavor|U-turn|p1a: Ogerpon
|-supereffective|p1a: Ogerpon
|-damage|p1a: Ogerpon|2/100
|
|t:|1758916717
|switch|p2a: Corviknight|Corviknight, M|100/100|[from] U-turn
|-ability|p2a: Corviknight|Pressure
|move|p1a: Ogerpon|Ivy Cudgel|p2a: Corviknight|[anim] Ivy Cudgel Water
|-damage|p2a: Corviknight|67/100
|
|upkeep
|turn|2
|
|t:|1758916730
|move|p1a: Ogerpon|Ivy Cudgel|p2a: Corviknight|[anim] Ivy Cudgel Water
|-crit|p2a: Corviknight
|-damage|p2a: Corviknight|9/100
|move|p2a: Corviknight|U-turn|p1a: Ogerpon
|-supereffective|p1a: Ogerpon
|-damage|p1a: Ogerpon|0 fnt
|faint|p1a: Ogerpon
|j| 0zorcNecropHades
|
|t:|1758916743
|switch|p2a: Rillaboom|Rillaboom, M|100/100|[from] U-turn
|-fieldstart|move: Grassy Terrain|[from] ability: Grassy Surge|[of] p2a: Rillaboom
|
|upkeep
|l| 0zorcNecropHades
|
|t:|1758916748
|switch|p1a: Moltres|Moltres|100/100
|turn|3
|
|t:|1758916754
|switch|p2a: Samurott|Samurott-Hisui, F|100/100
|move|p1a: Moltres|U-turn|p2a: Samurott
|-supereffective|p2a: Samurott
|-damage|p2a: Samurott|72/100
|
|t:|1758916762
|switch|p1a: Kingambit|Kingambit, F|100/100|[from] U-turn
|-activate|p1a: Kingambit|ability: Supreme Overlord
|-start|p1a: Kingambit|fallen1|[silent]
|
|-heal|p2a: Samurott|78/100|[from] Grassy Terrain
|upkeep
|turn|4
|
|t:|1758916768
|move|p2a: Samurott|Sacred Sword|p1a: Kingambit
|-supereffective|p1a: Kingambit
|-damage|p1a: Kingambit|0 fnt
|faint|p1a: Kingambit
|-end|p1a: Kingambit|fallen1|[silent]
|
|-heal|p2a: Samurott|84/100|[from] Grassy Terrain
|upkeep
|
|t:|1758916774
|switch|p1a: Great Tusk|Great Tusk|100/100
|turn|5
|
|t:|1758916780
|switch|p2a: Charizard|Charizard, M|100/100
|move|p1a: Great Tusk|Stealth Rock|p2a: Charizard
|-sidestart|p2: will1994|move: Stealth Rock
|
|upkeep
|turn|6
|
|t:|1758916800
|-end|p1a: Great Tusk|Protosynthesis|[silent]
|switch|p1a: Slowking|Slowking-Galar, F|100/100
|move|p2a: Charizard|Overheat|p1a: Slowking|[miss]
|-miss|p2a: Charizard|p1a: Slowking
|
|-fieldend|move: Grassy Terrain
|upkeep
|turn|7
|
|t:|1758916813
|switch|p2a: Corviknight|Corviknight, M|9/100
|-damage|p2a: Corviknight|0 fnt|[from] Stealth Rock
|faint|p2a: Corviknight
|move|p1a: Slowking|Sludge Bomb|p2: Corviknight|[notarget]
|-fail|p1a: Slowking
|
|upkeep
|
|t:|1758916816
|switch|p2a: Samurott|Samurott-Hisui, F|84/100
|-damage|p2a: Samurott|72/100|[from] Stealth Rock
|turn|8
|
|t:|1758916822
|switch|p1a: Great Tusk|Great Tusk|100/100
|move|p2a: Samurott|Ceaseless Edge|p1a: Great Tusk
|-resisted|p1a: Great Tusk
|-damage|p1a: Great Tusk|89/100
|-damage|p2a: Samurott|55/100|[from] item: Rocky Helmet|[of] p1a: Great Tusk
|-sidestart|p1: lerendezvous|Spikes
|
|upkeep
|turn|9
|
|t:|1758916828
|-terastallize|p2a: Samurott|Fairy
|move|p1a: Great Tusk|Headlong Rush|p2a: Samurott
|-damage|p2a: Samurott|0 fnt
|-unboost|p1a: Great Tusk|def|1
|-unboost|p1a: Great Tusk|spd|1
|faint|p2a: Samurott
|
|upkeep
|
|t:|1758916834
|switch|p2a: Rillaboom|Rillaboom, M|100/100
|-damage|p2a: Rillaboom|88/100|[from] Stealth Rock
|-fieldstart|move: Grassy Terrain|[from] ability: Grassy Surge|[of] p2a: Rillaboom
|turn|10
|
|t:|1758916840
|-terastallize|p1a: Great Tusk|Steel
|move|p1a: Great Tusk|Rapid Spin|p2a: Rillaboom
|-damage|p2a: Rillaboom|67/100
|-boost|p1a: Great Tusk|spe|1
|-sideend|p1: lerendezvous|Spikes|[from] move: Rapid Spin|[of] p1a: Great Tusk
|move|p2a: Rillaboom|Knock Off|p1a: Great Tusk
|-damage|p1a: Great Tusk|27/100
|-damage|p2a: Rillaboom|51/100|[from] item: Rocky Helmet|[of] p1a: Great Tusk
|-enditem|p1a: Great Tusk|Rocky Helmet|[from] move: Knock Off|[of] p2a: Rillaboom
|
|-heal|p1a: Great Tusk|33/100|[from] Grassy Terrain
|-heal|p2a: Rillaboom|57/100|[from] Grassy Terrain
|upkeep
|turn|11
|
|t:|1758916851
|move|p1a: Great Tusk|Ice Spinner|p2a: Rillaboom
|-supereffective|p2a: Rillaboom
|-damage|p2a: Rillaboom|0 fnt
|-fieldend|move: Grassy Terrain
|faint|p2a: Rillaboom
|
|upkeep
|
|t:|1758916860
|switch|p2a: Charizard|Charizard, M|100/100
|-damage|p2a: Charizard|51/100|[from] Stealth Rock
|turn|12
|
|t:|1758916869
|-end|p1a: Great Tusk|Protosynthesis|[silent]
|switch|p1a: Slowking|Slowking-Galar, F|100/100
|move|p2a: Charizard|Scorching Sands|p1a: Slowking
|-supereffective|p1a: Slowking
|-damage|p1a: Slowking|68/100
|-status|p1a: Slowking|brn
|
|-damage|p1a: Slowking|62/100 brn|[from] brn
|upkeep
|turn|13
|
|t:|1758916878
|move|p2a: Charizard|Scorching Sands|p1a: Slowking
|-supereffective|p1a: Slowking
|-damage|p1a: Slowking|29/100 brn
|move|p1a: Slowking|Psyshock|p2a: Charizard
|-damage|p2a: Charizard|0 fnt
|faint|p2a: Charizard
|
|-damage|p1a: Slowking|23/100 brn|[from] brn
|upkeep
|
|t:|1758916890
|switch|p2a: Clodsire|Clodsire, F|100/100
|-damage|p2a: Clodsire|94/100|[from] Stealth Rock
|turn|14
|
|t:|1758916895
|move|p1a: Slowking|Psyshock|p2a: Clodsire
|-supereffective|p2a: Clodsire
|-damage|p2a: Clodsire|43/100
|move|p2a: Clodsire|Stockpile|p2a: Clodsire
|-start|p2a: Clodsire|stockpile1
|-boost|p2a: Clodsire|def|1
|-boost|p2a: Clodsire|spd|1
|
|-heal|p2a: Clodsire|49/100|[from] item: Leftovers
|-damage|p1a: Slowking|17/100 brn|[from] brn
|upkeep
|turn|15
|
|t:|1758916906
|move|p1a: Slowking|Ice Beam|p2a: Clodsire
|-supereffective|p2a: Clodsire
|-damage|p2a: Clodsire|23/100
|move|p2a: Clodsire|Recover|p2a: Clodsire
|-heal|p2a: Clodsire|73/100
|
|-heal|p2a: Clodsire|79/100|[from] item: Leftovers
|-damage|p1a: Slowking|10/100 brn|[from] brn
|upkeep
|turn|16
|
|t:|1758916913
|switch|p1a: Dragapult|Dragapult, M|100/100
|move|p2a: Clodsire|Stockpile|p2a: Clodsire
|-start|p2a: Clodsire|stockpile2
|-boost|p2a: Clodsire|def|1
|-boost|p2a: Clodsire|spd|1
|
|-heal|p2a: Clodsire|85/100|[from] item: Leftovers
|upkeep
|turn|17
|
|t:|1758916918
|move|p1a: Dragapult|U-turn|p2a: Clodsire
|-resisted|p2a: Clodsire
|-damage|p2a: Clodsire|82/100
|
|t:|1758916925
|switch|p1a: Moltres|Moltres|100/100|[from] U-turn
|move|p2a: Clodsire|Toxic|p1a: Moltres
|-status|p1a: Moltres|tox
|
|-heal|p2a: Clodsire|88/100|[from] item: Leftovers
|-damage|p1a: Moltres|94/100 tox|[from] psn
|upkeep
|turn|18
|
|t:|1758916930
|move|p2a: Clodsire|Stockpile|p2a: Clodsire
|-start|p2a: Clodsire|stockpile3
|-boost|p2a: Clodsire|def|1
|-boost|p2a: Clodsire|spd|1
|move|p1a: Moltres|Roar|p2a: Clodsire
|drag|p2a: Kleavor|Kleavor, F|100/100
|-damage|p2a: Kleavor|76/100|[from] Stealth Rock
|
|-damage|p1a: Moltres|82/100 tox|[from] psn
|upkeep
|turn|19
|
|t:|1758916936
|move|p2a: Kleavor|Stone Axe|p1a: Moltres
|-supereffective|p1a: Moltres
|-damage|p1a: Moltres|0 fnt
|-sidestart|p1: lerendezvous|move: Stealth Rock
|faint|p1a: Moltres
|
|upkeep
|
|t:|1758916946
|switch|p1a: Great Tusk|Great Tusk, tera:Steel|33/100
|-damage|p1a: Great Tusk|27/100|[from] Stealth Rock
|turn|20
|
|t:|1758916951
|move|p2a: Kleavor|Stone Axe|p1a: Great Tusk
|-resisted|p1a: Great Tusk
|-damage|p1a: Great Tusk|9/100
|move|p1a: Great Tusk|Rapid Spin|p2a: Kleavor
|-resisted|p2a: Kleavor
|-damage|p2a: Kleavor|65/100
|-boost|p1a: Great Tusk|spe|1
|-sideend|p1: lerendezvous|Stealth Rock|[from] move: Rapid Spin|[of] p1a: Great Tusk
|
|upkeep
|turn|21
|
|t:|1758916962
|move|p1a: Great Tusk|Headlong Rush|p2a: Kleavor
|-damage|p2a: Kleavor|0 fnt
|-unboost|p1a: Great Tusk|def|1
|-unboost|p1a: Great Tusk|spd|1
|faint|p2a: Kleavor
|
|upkeep
|
|t:|1758916964
|switch|p2a: Clodsire|Clodsire, F|88/100
|-damage|p2a: Clodsire|82/100|[from] Stealth Rock
|turn|22
|
|t:|1758916967
|move|p1a: Great Tusk|Headlong Rush|p2a: Clodsire
|-supereffective|p2a: Clodsire
|-damage|p2a: Clodsire|0 fnt
|-unboost|p1a: Great Tusk|def|1
|-unboost|p1a: Great Tusk|spd|1
|faint|p2a: Clodsire
|
|win|lerendezvous
|raw|lerendezvous's rating: 1710 &rarr; <strong>1728</strong><br />(+18 for winning)
|raw|will1994's rating: 1675 &rarr; <strong>1657</strong><br />(-18 for losing)
