|j|☆Bogatyum
|j|☆hihihihuhuhuhh
|t:|1758965175
|gametype|singles
|player|p1|Bogatyum|lucas|1150
|player|p2|hihihihuhuhuhh|allister|1180
|gen|9
|tier|[Gen 9] OU
|rated|
|rule|HP Percentage Mod: HP is shown in percentages
|rule|Endless Battle Clause: Forcing endless battles is banned
|rule|Species Clause: Limit one of each Pokémon
|rule|OHKO Clause: OHKO moves are banned
|rule|Evasion Items Clause: Evasion items are banned
|rule|Evasion Moves Clause: Evasion moves are banned
|rule|Evasion Abilities Clause: Evasion abilities are banned
|rule|Sleep Moves Clause: Sleep-inducing moves are banned
|clearpoke
|poke|p1|Tinkaton, F|
|poke|p1|Scream Tail|
|poke|p1|Blastoise, M|
|poke|p1|Primeape, M|
|poke|p1|Gengar, M|
|poke|p1|Reuniclus, M|
|poke|p2|Delphox, M|
|poke|p2|Tornadus-Therian, M|
|poke|p2|Krookodile, M|
|poke|p2|Slowbro-Galar, F|
|poke|p2|Blastoise, F|
|poke|p2|Hydrapple, M|
|teampreview
|c|☆hihihihuhuhuhh|Blastoisee:)
|
|t:|1758965190
|teamsize|p1|6
|teamsize|p2|6
|start
|switch|p1a: Blastoise|Blastoise, M|100/100
|switch|p2a: Delphox|Delphox, M|100/100
|turn|1
|
|t:|1758965198
|move|p2a: Delphox|Grass Knot|p1a: Blastoise
|-supereffective|p1a: Blastoise
|-damage|p1a: Blastoise|15/100
|move|p1a: Blastoise|Shell Smash|p1a: Blastoise
|-unboost|p1a: Blastoise|def|1
|-unboost|p1a: Blastoise|spd|1
|-boost|p1a: Blastoise|atk|2
|-boost|p1a: Blastoise|spa|2
|-boost|p1a: Blastoise|spe|2
|
|-heal|p1a: Blastoise|21/100|[from] item: Leftovers
|upkeep
|turn|2
|
|t:|1758965234
|switch|p2a: Blastoise|Blastoise, F|100/100
|move|p1a: Blastoise|Shell Smash|p1a: Blastoise
|-unboost|p1a: Blastoise|def|1
|-unboost|p1a: Blastoise|spd|1
|-boost|p1a: Blastoise|atk|2
|-boost|p1a: Blastoise|spa|2
|-boost|p1a: Blastoise|spe|2
|
|-heal|p1a: Blastoise|27/100|[from] item: Leftovers
|upkeep
|turn|3
|
|t:|1758965249
|-terastallize|p1a: Blastoise|Electric
|move|p2a: Blastoise|Aqua Jet|p1a: Blastoise
|-damage|p1a: Blastoise|0 fnt
|faint|p1a: Blastoise
|
|upkeep
|c|☆hihihihuhuhuhh|💀
|
|t:|1758965266
|switch|p1a: Gengar|Gengar, M|100/100
|turn|4
|
|t:|1758965277
|switch|p2a: Tornadus|Tornadus-Therian, M|100/100
|move|p1a: Gengar|Sludge Bomb|p2a: Tornadus
|-damage|p2a: Tornadus|67/100
|
|upkeep
|turn|5
|
|t:|1758965285
|move|p1a: Gengar|Sludge Bomb|p2a: Tornadus
|-damage|p2a: Tornadus|32/100
|move|p2a: Tornadus|Knock Off|p1a: Gengar
|-supereffective|p1a: Gengar
|-damage|p1a: Gengar|23/100
|-enditem|p1a: Gengar|Choice Specs|[from] move: Knock Off|[of] p2a: Tornadus
|
|upkeep
|turn|6
|
|t:|1758965296
|switch|p2a: Krookodile|Krookodile, M|100/100
|-ability|p2a: Krookodile|Intimidate|boost
|-unboost|p1a: Gengar|atk|1
|move|p1a: Gengar|Sludge Bomb|p2a: Krookodile
|-resisted|p2a: Krookodile
|-crit|p2a: Krookodile
|-damage|p2a: Krookodile|57/100
|
|-heal|p2a: Krookodile|63/100|[from] item: Leftovers
|upkeep
|turn|7
|
|t:|1758965308
|move|p2a: Krookodile|Protect|p2a: Krookodile
|-singleturn|p2a: Krookodile|Protect
|move|p1a: Gengar|Dazzling Gleam|p2a: Krookodile
|-activate|p2a: Krookodile|move: Protect
|
|-heal|p2a: Krookodile|69/100|[from] item: Leftovers
|upkeep
|turn|8
|
|t:|1758965317
|switch|p2a: Slowbro|Slowbro-Galar, F|100/100
|move|p1a: Gengar|Dazzling Gleam|p2a: Slowbro
|-resisted|p2a: Slowbro
|-damage|p2a: Slowbro|85/100
|
|upkeep
|turn|9
|-activate|p2a: Slowbro|item: Quick Claw
|
|t:|1758965325
|move|p2a: Slowbro|Psyshock|p1a: Gengar
|-supereffective|p1a: Gengar
|-damage|p1a: Gengar|0 fnt
|faint|p1a: Gengar
|
|upkeep
|
|t:|1758965334
|switch|p1a: Scream Tail|Scream Tail|100/100
|turn|10
|
|t:|1758965347
|move|p1a: Scream Tail|Calm Mind|p1a: Scream Tail
|-boost|p1a: Scream Tail|spa|1
|-boost|p1a: Scream Tail|spd|1
|move|p2a: Slowbro|Shell Side Arm|p1a: Scream Tail|[anim] Shell Side Arm Physical
|-supereffective|p1a: Scream Tail
|-damage|p1a: Scream Tail|52/100
|-hint|Physical Shell Side Arm
|
|-heal|p1a: Scream Tail|58/100|[from] item: Leftovers
|upkeep
|turn|11
|-activate|p2a: Slowbro|item: Quick Claw
|
|t:|1758965357
|move|p2a: Slowbro|Nasty Plot|p2a: Slowbro
|-boost|p2a: Slowbro|spa|2
|move|p1a: Scream Tail|Wish|p1a: Scream Tail
|
|-heal|p1a: Scream Tail|64/100|[from] item: Leftovers
|upkeep
|turn|12
|
|t:|1758965366
|-terastallize|p2a: Slowbro|Stellar
|move|p1a: Scream Tail|Calm Mind|p1a: Scream Tail
|-boost|p1a: Scream Tail|spa|1
|-boost|p1a: Scream Tail|spd|1
|move|p2a: Slowbro|Shell Side Arm|p1a: Scream Tail|[anim] Shell Side Arm Special
|-supereffective|p1a: Scream Tail
|-damage|p1a: Scream Tail|0 fnt
|-hint|Special Shell Side Arm
|faint|p1a: Scream Tail
|-end|p1a: Scream Tail|Protosynthesis|[silent]
|
|upkeep
|
|t:|1758965381
|switch|p1a: Primeape|Primeape, M|100/100
|turn|13
|
|t:|1758965384
|move|p1a: Primeape|Rage Fist|p2a: Slowbro
|-supereffective|p2a: Slowbro
|-damage|p2a: Slowbro|47/100
|-damage|p1a: Primeape|91/100|[from] item: Life Orb
|move|p2a: Slowbro|Psyshock|p1a: Primeape
|-supereffective|p1a: Primeape
|-damage|p1a: Primeape|0 fnt
|faint|p1a: Primeape
|
|upkeep
|-message|Bogatyum forfeited.
|
|win|hihihihuhuhuhh
|raw|Bogatyum's rating: 1150 &rarr; <strong>1127</strong><br />(-23 for losing)
|raw|hihihihuhuhuhh's rating: 1180 &rarr; <strong>1203</strong><br />(+23 for winning)
|l|☆Bogatyum
|player|p1|
|l|☆hihihihuhuhuhh
|player|p2|
