|j|☆avlavlavlavl
|j|☆dawnmidst
|t:|1759033375
|gametype|singles
|player|p1|avlavlavlavl|lacey|1682
|player|p2|dawnmidst|spenser|1580
|gen|9
|tier|[Gen 9] OU
|rated|
|rule|HP Percentage Mod: HP is shown in percentages
|rule|Endless Battle Clause: Forcing endless battles is banned
|rule|Species Clause: Limit one of each Pokémon
|rule|OHKO Clause: OHKO moves are banned
|rule|Evasion Items Clause: Evasion items are banned
|rule|Evasion Moves Clause: Evasion moves are banned
|rule|Evasion Abilities Clause: Evasion abilities are banned
|rule|Sleep Moves Clause: Sleep-inducing moves are banned
|clearpoke
|poke|p1|Kingambit, M|
|poke|p1|Ogerpon-Wellspring, F|
|poke|p1|Landorus-Therian, M|
|poke|p1|Dragapult, M|
|poke|p1|Iron Valiant|
|poke|p1|Glimmora, F|
|poke|p2|Darkrai|
|poke|p2|Hatterene, F|
|poke|p2|Pecharunt|
|poke|p2|Iron Treads|
|poke|p2|Dragonite, F|
|poke|p2|Zamazenta-*|
|teampreview
|inactive|Battle timer is ON: inactive players will automatically lose when time's up. (requested by dawnmidst)
|
|t:|1759033433
|teamsize|p1|6
|teamsize|p2|6
|start
|switch|p1a: Dragapult|Dragapult, M|100/100
|switch|p2a: Iron Treads|Iron Treads|100/100
|turn|1
|
|t:|1759033452
|move|p1a: Dragapult|Flamethrower|p2a: Iron Treads
|-supereffective|p2a: Iron Treads
|-damage|p2a: Iron Treads|37/100
|-status|p2a: Iron Treads|brn
|move|p2a: Iron Treads|Knock Off|p1a: Dragapult
|-supereffective|p1a: Dragapult
|-damage|p1a: Dragapult|70/100
|-enditem|p1a: Dragapult|Choice Specs|[from] move: Knock Off|[of] p2a: Iron Treads
|
|-heal|p2a: Iron Treads|43/100 brn|[from] item: Leftovers
|-damage|p2a: Iron Treads|37/100 brn|[from] brn
|upkeep
|turn|2
|
|t:|1759033466
|-end|p2a: Iron Treads|Quark Drive|[silent]
|switch|p2a: Darkrai|Darkrai|100/100
|move|p1a: Dragapult|Flamethrower|p2a: Darkrai
|-damage|p2a: Darkrai|67/100
|-status|p2a: Darkrai|brn
|
|-heal|p2a: Darkrai|73/100 brn|[from] item: Leftovers
|-damage|p2a: Darkrai|67/100 brn|[from] brn
|upkeep
|turn|3
|
|t:|1759033472
|move|p1a: Dragapult|Draco Meteor|p2a: Darkrai
|-damage|p2a: Darkrai|0 fnt
|-unboost|p1a: Dragapult|spa|2
|faint|p2a: Darkrai
|
|upkeep
|
|t:|1759033483
|switch|p2a: Hatterene|Hatterene, F|100/100
|turn|4
|
|t:|1759033493
|move|p1a: Dragapult|U-turn|p2a: Hatterene
|-damage|p2a: Hatterene|86/100
|-damage|p1a: Dragapult|53/100|[from] item: Rocky Helmet|[of] p2a: Hatterene
|
|t:|1759033496
|switch|p1a: Glimmora|Glimmora, F|100/100|[from] U-turn
|move|p2a: Hatterene|Draining Kiss|p1a: Glimmora
|-resisted|p1a: Glimmora
|-damage|p1a: Glimmora|88/100
|-heal|p2a: Hatterene|97/100|[from] drain|[of] p1a: Glimmora
|
|upkeep
|turn|5
|
|t:|1759033502
|move|p1a: Glimmora|Mortal Spin|p2a: Hatterene
|-supereffective|p2a: Hatterene
|-damage|p2a: Hatterene|87/100
|-status|p2a: Hatterene|psn
|-damage|p1a: Glimmora|72/100|[from] item: Rocky Helmet|[of] p2a: Hatterene
|move|p2a: Hatterene|Psychic Noise|p1a: Glimmora
|-supereffective|p1a: Glimmora
|-damage|p1a: Glimmora|0 fnt
|faint|p1a: Glimmora
|
|-damage|p2a: Hatterene|74/100 psn|[from] psn
|upkeep
|
|t:|1759033523
|switch|p1a: Kingambit|Kingambit, M|100/100
|-activate|p1a: Kingambit|ability: Supreme Overlord
|-start|p1a: Kingambit|fallen1|[silent]
|turn|6
|
|t:|1759033543
|-end|p1a: Kingambit|fallen1|[silent]
|switch|p1a: Landorus|Landorus-Therian, M|100/100
|-ability|p1a: Landorus|Intimidate|boost
|-unboost|p2a: Hatterene|atk|1
|switch|p2a: Zamazenta|Zamazenta|100/100
|-ability|p2a: Zamazenta|Dauntless Shield|boost
|-boost|p2a: Zamazenta|def|1
|
|upkeep
|turn|7
|
|t:|1759033550
|move|p2a: Zamazenta|Iron Defense|p2a: Zamazenta
|-boost|p2a: Zamazenta|def|2
|move|p1a: Landorus|Earth Power|p2a: Zamazenta
|-damage|p2a: Zamazenta|69/100
|
|-heal|p2a: Zamazenta|75/100|[from] item: Leftovers
|upkeep
|turn|8
|
|t:|1759033558
|move|p2a: Zamazenta|Body Press|p1a: Landorus
|-resisted|p1a: Landorus
|-damage|p1a: Landorus|52/100
|-damage|p2a: Zamazenta|58/100|[from] item: Rocky Helmet|[of] p1a: Landorus
|move|p1a: Landorus|Stealth Rock|p2a: Zamazenta
|-sidestart|p2: dawnmidst|move: Stealth Rock
|
|-heal|p2a: Zamazenta|64/100|[from] item: Leftovers
|upkeep
|turn|9
|
|t:|1759033563
|move|p2a: Zamazenta|Iron Defense|p2a: Zamazenta
|-boost|p2a: Zamazenta|def|2
|move|p1a: Landorus|Earth Power|p2a: Zamazenta
|-damage|p2a: Zamazenta|36/100
|
|-heal|p2a: Zamazenta|42/100|[from] item: Leftovers
|upkeep
|turn|10
|
|t:|1759033566
|move|p2a: Zamazenta|Body Press|p1a: Landorus
|-resisted|p1a: Landorus
|-damage|p1a: Landorus|0 fnt
|-damage|p2a: Zamazenta|25/100|[from] item: Rocky Helmet|[of] p1a: Landorus
|faint|p1a: Landorus
|
|-heal|p2a: Zamazenta|31/100|[from] item: Leftovers
|upkeep
|
|t:|1759033567
|switch|p1a: Dragapult|Dragapult, M|53/100
|turn|11
|
|t:|1759033576
|move|p1a: Dragapult|Draco Meteor|p2a: Zamazenta
|-damage|p2a: Zamazenta|0 fnt
|-unboost|p1a: Dragapult|spa|2
|faint|p2a: Zamazenta
|
|upkeep
|
|t:|1759033579
|switch|p2a: Dragonite|Dragonite, F|100/100
|-damage|p2a: Dragonite|76/100|[from] Stealth Rock
|turn|12
|
|t:|1759033585
|move|p1a: Dragapult|Draco Meteor|p2a: Dragonite
|-supereffective|p2a: Dragonite
|-damage|p2a: Dragonite|15/100
|-unboost|p1a: Dragapult|spa|2
|move|p2a: Dragonite|Dragon Dance|p2a: Dragonite
|-boost|p2a: Dragonite|atk|1
|-boost|p2a: Dragonite|spe|1
|
|upkeep
|turn|13
|
|t:|1759033589
|move|p1a: Dragapult|Draco Meteor|p2a: Dragonite
|-supereffective|p2a: Dragonite
|-damage|p2a: Dragonite|0 fnt
|-unboost|p1a: Dragapult|spa|2
|faint|p2a: Dragonite
|
|upkeep
|-message|dawnmidst forfeited.
|
|win|avlavlavlavl
|raw|avlavlavlavl's rating: 1682 &rarr; <strong>1696</strong><br />(+14 for winning)
|raw|dawnmidst's rating: 1580 &rarr; <strong>1566</strong><br />(-14 for losing)
|l|☆dawnmidst
|player|p2|
|l|☆avlavlavlavl
|player|p1|
