|j|☆crystalcat369
|j|☆JD Doggin'
|t:|1759001379
|gametype|singles
|player|p1|crystalcat369|marlon|1162
|player|p2|JD Doggin'|102|1132
|gen|9
|tier|[Gen 9] OU
|rated|
|rule|HP Percentage Mod: HP is shown in percentages
|rule|Endless Battle Clause: Forcing endless battles is banned
|rule|Species Clause: Limit one of each Pokémon
|rule|OHKO Clause: OHKO moves are banned
|rule|Evasion Items Clause: Evasion items are banned
|rule|Evasion Moves Clause: Evasion moves are banned
|rule|Evasion Abilities Clause: Evasion abilities are banned
|rule|Sleep Moves Clause: Sleep-inducing moves are banned
|clearpoke
|poke|p1|Samurott-Hisui, F|
|poke|p1|Great Tusk|
|poke|p1|Volcanion|
|poke|p1|Hydrapple, M|
|poke|p1|Gholdengo|
|poke|p1|Landorus-Therian, M|
|poke|p2|Ceruledge, M|
|poke|p2|Araquanid, M|
|poke|p2|Deoxys-Speed|
|poke|p2|Great Tusk|
|poke|p2|Regidrago|
|poke|p2|Blaziken, F|
|teampreview
|inactive|Battle timer is ON: inactive players will automatically lose when time's up. (requested by crystalcat369)
|inactive|JD Doggin' has 120 seconds left.
|
|t:|1759001441
|teamsize|p1|6
|teamsize|p2|6
|start
|switch|p1a: Samurott|Samurott-Hisui, F, shiny|100/100
|switch|p2a: Regidrago|Regidrago, shiny|100/100
|turn|1
|
|t:|1759001451
|move|p2a: Regidrago|Scale Shot|p1a: Samurott
|-damage|p1a: Samurott|83/100
|-damage|p1a: Samurott|66/100
|-damage|p1a: Samurott|48/100
|-damage|p1a: Samurott|31/100
|-damage|p1a: Samurott|15/100
|-hitcount|p1a: Samurott|5
|-unboost|p2a: Regidrago|def|1
|-boost|p2a: Regidrago|spe|1
|move|p1a: Samurott|Ceaseless Edge|p2a: Regidrago
|-damage|p2a: Regidrago|41/100
|-sidestart|p2: JD Doggin'|Spikes
|
|upkeep
|turn|2
|
|t:|1759001465
|move|p1a: Samurott|Sucker Punch||[still]
|-fail|p1a: Samurott
|move|p2a: Regidrago|Dragon Dance|p2a: Regidrago
|-boost|p2a: Regidrago|atk|1
|-boost|p2a: Regidrago|spe|1
|
|upkeep
|turn|3
|
|t:|1759001476
|move|p2a: Regidrago|Scale Shot|p1a: Samurott
|-damage|p1a: Samurott|0 fnt
|faint|p1a: Samurott
|-hitcount|p1: Samurott|1
|-unboost|p2a: Regidrago|def|1
|-boost|p2a: Regidrago|spe|1
|
|upkeep
|
|t:|1759001488
|switch|p1a: Gholdengo|Gholdengo|100/100
|-item|p1a: Gholdengo|Air Balloon
|turn|4
|
|t:|1759001499
|move|p2a: Regidrago|Fire Fang|p1a: Gholdengo
|-supereffective|p1a: Gholdengo
|-damage|p1a: Gholdengo|43/100
|-enditem|p1a: Gholdengo|Air Balloon
|move|p1a: Gholdengo|Shadow Ball|p2a: Regidrago
|-damage|p2a: Regidrago|0 fnt
|faint|p2a: Regidrago
|
|upkeep
|
|t:|1759001528
|switch|p2a: Ceruledge|Ceruledge, M|100/100
|-damage|p2a: Ceruledge|88/100|[from] Spikes
|turn|5
|
|t:|1759001547
|move|p2a: Ceruledge|Bitter Blade|p1a: Gholdengo
|-supereffective|p1a: Gholdengo
|-damage|p1a: Gholdengo|0 fnt
|-heal|p2a: Ceruledge|100/100|[from] drain|[of] p1a: Gholdengo
|faint|p1a: Gholdengo
|-damage|p2a: Ceruledge|91/100|[from] item: Life Orb
|
|upkeep
|
|t:|1759001554
|switch|p1a: Landorus|Landorus-Therian, M, shiny|100/100
|-ability|p1a: Landorus|Intimidate|boost
|-unboost|p2a: Ceruledge|atk|1
|turn|6
|
|t:|1759001561
|switch|p2a: Great Tusk|Great Tusk, shiny|100/100
|-damage|p2a: Great Tusk|88/100|[from] Spikes
|-enditem|p2a: Great Tusk|Booster Energy
|-activate|p2a: Great Tusk|ability: Protosynthesis|[fromitem]
|-start|p2a: Great Tusk|protosynthesisatk
|move|p1a: Landorus|Earthquake|p2a: Great Tusk
|-damage|p2a: Great Tusk|50/100
|
|upkeep
|turn|7
|
|t:|1759001573
|switch|p1a: Volcanion|Volcanion|100/100
|move|p2a: Great Tusk|Rapid Spin|p1a: Volcanion
|-damage|p1a: Volcanion|81/100
|-boost|p2a: Great Tusk|spe|1
|-sideend|p2: JD Doggin'|Spikes|[from] move: Rapid Spin|[of] p2a: Great Tusk
|
|upkeep
|turn|8
|
|t:|1759001581
|move|p2a: Great Tusk|Stealth Rock|p1a: Volcanion
|-sidestart|p1: crystalcat369|move: Stealth Rock
|move|p1a: Volcanion|Steam Eruption|p2a: Great Tusk
|-supereffective|p2a: Great Tusk
|-damage|p2a: Great Tusk|0 fnt
|faint|p2a: Great Tusk
|-end|p2a: Great Tusk|Protosynthesis|[silent]
|
|upkeep
|
|t:|1759001590
|switch|p2a: Araquanid|Araquanid, M, shiny|100/100
|turn|9
|
|t:|1759001605
|move|p1a: Volcanion|Sludge Bomb|p2a: Araquanid
|-damage|p2a: Araquanid|73/100
|-status|p2a: Araquanid|psn
|move|p2a: Araquanid|Poison Jab|p1a: Volcanion
|-damage|p1a: Volcanion|56/100
|
|-damage|p2a: Araquanid|61/100 psn|[from] psn
|upkeep
|turn|10
|
|t:|1759001619
|move|p1a: Volcanion|Steam Eruption|p2a: Araquanid
|-resisted|p2a: Araquanid
|-damage|p2a: Araquanid|38/100 psn
|move|p2a: Araquanid|Poison Jab|p1a: Volcanion
|-damage|p1a: Volcanion|33/100
|-status|p1a: Volcanion|psn
|
|-damage|p1a: Volcanion|21/100 psn|[from] psn
|-damage|p2a: Araquanid|25/100 psn|[from] psn
|upkeep
|turn|11
|
|t:|1759001624
|move|p1a: Volcanion|Steam Eruption|p2a: Araquanid
|-resisted|p2a: Araquanid
|-damage|p2a: Araquanid|0 fnt
|faint|p2a: Araquanid
|
|-damage|p1a: Volcanion|8/100 psn|[from] psn
|upkeep
|
|t:|1759001642
|switch|p2a: Deoxys|Deoxys-Speed, shiny|100/100
|-ability|p2a: Deoxys|Pressure
|turn|12
|l|☆crystalcat369
|inactive|crystalcat369 disconnected and has a minute to reconnect!
|player|p1|
|j|☆crystalcat369
|inactive|crystalcat369 reconnected and has 130 seconds left.
|player|p1|crystalcat369|marlon|
|
|t:|1759001667
|move|p2a: Deoxys|Psyshock|p1a: Volcanion
|-damage|p1a: Volcanion|0 fnt
|faint|p1a: Volcanion
|-damage|p2a: Deoxys|91/100|[from] item: Life Orb
|
|upkeep
|inactive|crystalcat369 has 120 seconds left.
|
|t:|1759001680
|switch|p1a: Landorus|Landorus-Therian, M, shiny|100/100
|-damage|p1a: Landorus|88/100|[from] Stealth Rock
|-ability|p1a: Landorus|Intimidate|boost
|-unboost|p2a: Deoxys|atk|1
|turn|13
|
|t:|1759001689
|-terastallize|p1a: Landorus|Flying
|move|p2a: Deoxys|Ice Beam|p1a: Landorus
|-supereffective|p1a: Landorus
|-damage|p1a: Landorus|0 fnt
|faint|p1a: Landorus
|-damage|p2a: Deoxys|81/100|[from] item: Life Orb
|
|upkeep
|
|t:|1759001695
|switch|p1a: Great Tusk|Great Tusk, shiny|100/100
|turn|14
|
|t:|1759001706
|-terastallize|p2a: Deoxys|Ice
|move|p2a: Deoxys|Ice Beam|p1a: Great Tusk
|-supereffective|p1a: Great Tusk
|-damage|p1a: Great Tusk|0 fnt
|faint|p1a: Great Tusk
|-end|p1a: Great Tusk|Protosynthesis|[silent]
|-damage|p2a: Deoxys|71/100|[from] item: Life Orb
|
|upkeep
|
|t:|1759001710
|switch|p1a: Hydrapple|Hydrapple, M|100/100
|-damage|p1a: Hydrapple|88/100|[from] Stealth Rock
|turn|15
|
|t:|1759001714
|move|p2a: Deoxys|Ice Beam|p1a: Hydrapple
|-supereffective|p1a: Hydrapple
|-damage|p1a: Hydrapple|0 fnt
|faint|p1a: Hydrapple
|-damage|p2a: Deoxys|61/100|[from] item: Life Orb
|
|win|JD Doggin'
|raw|crystalcat369's rating: 1162 &rarr; <strong>1135</strong><br />(-27 for losing)
|raw|JD Doggin&apos;'s rating: 1132 &rarr; <strong>1159</strong><br />(+27 for winning)
