|j|☆NicoTexUs
|j|☆TheTheyThemler
|t:|1759071395
|gametype|singles
|player|p1|NicoTexUs|ethan|1314
|player|p2|TheTheyThemler|n|1280
|gen|9
|tier|[Gen 9] OU
|rated|
|rule|HP Percentage Mod: HP is shown in percentages
|rule|Endless Battle Clause: Forcing endless battles is banned
|rule|Species Clause: Limit one of each Pokémon
|rule|OHKO Clause: OHKO moves are banned
|rule|Evasion Items Clause: Evasion items are banned
|rule|Evasion Moves Clause: Evasion moves are banned
|rule|Evasion Abilities Clause: Evasion abilities are banned
|rule|Sleep Moves Clause: Sleep-inducing moves are banned
|clearpoke
|poke|p1|Kingambit, M|
|poke|p1|Iron Valiant|
|poke|p1|Corviknight, F|
|poke|p1|Slowking-Galar, M|
|poke|p1|Garganacl, M|
|poke|p1|Ogerpon-Wellspring, F|
|poke|p2|Charjabug, F|
|poke|p2|Ceruledge, F|
|poke|p2|Gholdengo|
|poke|p2|Umbreon, F|
|poke|p2|Great Tusk|
|poke|p2|Kyurem|
|teampreview
|
|t:|1759071403
|teamsize|p1|6
|teamsize|p2|6
|start
|switch|p1a: Corviknight|Corviknight, F, shiny|100/100
|switch|p2a: 🚍|Charjabug, F, shiny|100/100
|-ability|p1a: Corviknight|Pressure
|turn|1
|inactive|Battle timer is ON: inactive players will automatically lose when time's up. (requested by NicoTexUs)
|inactive|NicoTexUs has 120 seconds left.
|
|t:|1759071437
|switch|p1a: Garganacl|Garganacl, M, shiny|100/100
|move|p2a: 🚍|Thunder Wave|p1a: Garganacl
|-immune|p1a: Garganacl|[from] ability: Purifying Salt
|
|upkeep
|turn|2
|
|t:|1759071444
|move|p1a: Garganacl|Stealth Rock|p2a: 🚍
|-sidestart|p2: TheTheyThemler|move: Stealth Rock
|move|p2a: 🚍|Sticky Web|p1a: Garganacl
|-sidestart|p1: NicoTexUs|move: Sticky Web
|
|upkeep
|turn|3
|
|t:|1759071450
|move|p1a: Garganacl|Salt Cure|p2a: 🚍
|-supereffective|p2a: 🚍
|-damage|p2a: 🚍|85/100
|-start|p2a: 🚍|Salt Cure
|move|p2a: 🚍|Volt Switch|p1a: Garganacl
|-damage|p1a: Garganacl|89/100
|
|t:|1759071462
|switch|p2a: 🐘|Great Tusk, shiny|100/100|[from] Volt Switch
|-damage|p2a: 🐘|98/100|[from] Stealth Rock
|
|-heal|p2a: 🐘|100/100|[from] item: Leftovers
|-heal|p1a: Garganacl|96/100|[from] item: Leftovers
|upkeep
|turn|4
|
|t:|1759071486
|move|p2a: 🐘|Rapid Spin|p1a: Garganacl
|-resisted|p1a: Garganacl
|-damage|p1a: Garganacl|90/100
|-boost|p2a: 🐘|spe|1
|-sideend|p2: TheTheyThemler|Stealth Rock|[from] move: Rapid Spin|[of] p2a: 🐘
|move|p1a: Garganacl|Salt Cure|p2a: 🐘
|-resisted|p2a: 🐘
|-damage|p2a: 🐘|99/100
|-start|p2a: 🐘|Salt Cure
|
|-heal|p2a: 🐘|100/100|[from] item: Leftovers
|-heal|p1a: Garganacl|97/100|[from] item: Leftovers
|-damage|p2a: 🐘|88/100|[from] Salt Cure
|upkeep
|turn|5
|
|t:|1759071497
|switch|p1a: Corviknight|Corviknight, F, shiny|100/100
|-ability|p1a: Corviknight|Pressure
|move|p2a: 🐘|Knock Off|p1a: Corviknight
|-damage|p1a: Corviknight|83/100
|-damage|p2a: 🐘|72/100|[from] item: Rocky Helmet|[of] p1a: Corviknight
|-enditem|p1a: Corviknight|Rocky Helmet|[from] move: Knock Off|[of] p2a: 🐘
|
|-heal|p2a: 🐘|78/100|[from] item: Leftovers
|-damage|p2a: 🐘|65/100|[from] Salt Cure
|upkeep
|turn|6
|
|t:|1759071509
|-end|p2a: 🐘|Protosynthesis|[silent]
|switch|p2a: 🎩|Gholdengo|100/100
|move|p1a: Corviknight|Defog|p2a: 🎩
|-immune|p2a: 🎩|[from] ability: Good as Gold
|
|upkeep
|turn|7
|
|t:|1759071517
|move|p2a: 🎩|Thunder Wave|p1a: Corviknight
|-status|p1a: Corviknight|par
|move|p1a: Corviknight|U-turn|p2a: 🎩
|-resisted|p2a: 🎩
|-damage|p2a: 🎩|97/100
|
|t:|1759071524
|switch|p1a: Kingambit|Kingambit, M, shiny|100/100|[from] U-turn
|-activate|p1a: Kingambit|move: Sticky Web
|-unboost|p1a: Kingambit|spe|1
|
|-heal|p2a: 🎩|100/100|[from] item: Leftovers
|upkeep
|turn|8
|
|t:|1759071533
|switch|p2a: 🐘|Great Tusk, shiny|65/100
|move|p1a: Kingambit|Kowtow Cleave|p2a: 🐘
|-resisted|p2a: 🐘
|-damage|p2a: 🐘|53/100
|
|-heal|p2a: 🐘|59/100|[from] item: Leftovers
|upkeep
|turn|9
|
|t:|1759071544
|-end|p1a: Kingambit|fallenundefined|[silent]
|switch|p1a: Corviknight|Corviknight, F, shiny|83/100 par
|-ability|p1a: Corviknight|Pressure
|move|p2a: 🐘|Stealth Rock|p1a: Corviknight
|-sidestart|p1: NicoTexUs|move: Stealth Rock
|
|-heal|p2a: 🐘|65/100|[from] item: Leftovers
|upkeep
|turn|10
|
|t:|1759071570
|-end|p2a: 🐘|Protosynthesis|[silent]
|switch|p2a: 🎩|Gholdengo|100/100
|move|p1a: Corviknight|U-turn|p2a: 🎩
|-resisted|p2a: 🎩
|-damage|p2a: 🎩|96/100
|
|t:|1759071577
|switch|p1a: Kingambit|Kingambit, M, shiny|100/100|[from] U-turn
|-activate|p1a: Kingambit|move: Sticky Web
|-unboost|p1a: Kingambit|spe|1
|-damage|p1a: Kingambit|94/100|[from] Stealth Rock
|
|-heal|p2a: 🎩|100/100|[from] item: Leftovers
|upkeep
|turn|11
|
|t:|1759071588
|switch|p2a: 🐘|Great Tusk, shiny|65/100
|move|p1a: Kingambit|Kowtow Cleave|p2a: 🐘
|-resisted|p2a: 🐘
|-damage|p2a: 🐘|51/100
|
|-heal|p2a: 🐘|57/100|[from] item: Leftovers
|upkeep
|turn|12
|inactive|NicoTexUs has 120 seconds left.
|
|t:|1759071614
|-end|p1a: Kingambit|fallenundefined|[silent]
|switch|p1a: Corviknight|Corviknight, F, shiny|83/100 par
|-damage|p1a: Corviknight|71/100 par|[from] Stealth Rock
|-ability|p1a: Corviknight|Pressure
|move|p2a: 🐘|Knock Off|p1a: Corviknight
|-crit|p1a: Corviknight
|-damage|p1a: Corviknight|51/100 par
|
|-heal|p2a: 🐘|63/100|[from] item: Leftovers
|upkeep
|turn|13
|
|t:|1759071624
|-end|p2a: 🐘|Protosynthesis|[silent]
|switch|p2a: 🎩|Gholdengo|100/100
|move|p1a: Corviknight|Roost|p1a: Corviknight
|-heal|p1a: Corviknight|100/100 par
|-singleturn|p1a: Corviknight|move: Roost
|
|upkeep
|turn|14
|
|t:|1759071642
|switch|p2a: 🐈‍⬛|Umbreon, F, shiny|100/100
|move|p1a: Corviknight|U-turn|p2a: 🐈‍⬛
|-supereffective|p2a: 🐈‍⬛
|-damage|p2a: 🐈‍⬛|78/100
|
|t:|1759071652
|switch|p1a: Garganacl|Garganacl, M, shiny|97/100|[from] U-turn
|-activate|p1a: Garganacl|move: Sticky Web
|-unboost|p1a: Garganacl|spe|1
|-damage|p1a: Garganacl|84/100|[from] Stealth Rock
|
|-heal|p2a: 🐈‍⬛|84/100|[from] item: Leftovers
|-heal|p1a: Garganacl|90/100|[from] item: Leftovers
|upkeep
|turn|15
|
|t:|1759071660
|move|p2a: 🐈‍⬛|Wish|p2a: 🐈‍⬛
|move|p1a: Garganacl|Stealth Rock|p2a: 🐈‍⬛
|-sidestart|p2: TheTheyThemler|move: Stealth Rock
|
|-heal|p2a: 🐈‍⬛|90/100|[from] item: Leftovers
|-heal|p1a: Garganacl|97/100|[from] item: Leftovers
|upkeep
|turn|16
|inactive|TheTheyThemler has 120 seconds left.
|
|t:|1759071691
|switch|p2a: 🐘|Great Tusk, shiny|63/100
|-damage|p2a: 🐘|60/100|[from] Stealth Rock
|move|p1a: Garganacl|Salt Cure|p2a: 🐘
|-resisted|p2a: 🐘
|-damage|p2a: 🐘|58/100
|-start|p2a: 🐘|Salt Cure
|
|-heal|p2a: 🐘|100/100|[from] move: Wish|[wisher] 🐈‍⬛
|-heal|p1a: Garganacl|100/100|[from] item: Leftovers
|-damage|p2a: 🐘|88/100|[from] Salt Cure
|upkeep
|turn|17
|
|t:|1759071704
|move|p1a: Garganacl|Protect|p1a: Garganacl
|-singleturn|p1a: Garganacl|Protect
|move|p2a: 🐘|Rapid Spin|p1a: Garganacl
|-activate|p1a: Garganacl|move: Protect
|
|-heal|p2a: 🐘|94/100|[from] item: Leftovers
|-damage|p2a: 🐘|82/100|[from] Salt Cure
|upkeep
|turn|18
|
|t:|1759071718
|move|p2a: 🐘|Rapid Spin|p1a: Garganacl
|-resisted|p1a: Garganacl
|-damage|p1a: Garganacl|95/100
|-boost|p2a: 🐘|spe|1
|-sideend|p2: TheTheyThemler|Stealth Rock|[from] move: Rapid Spin|[of] p2a: 🐘
|move|p1a: Garganacl|Stealth Rock|p2a: 🐘
|-sidestart|p2: TheTheyThemler|move: Stealth Rock
|
|-heal|p2a: 🐘|88/100|[from] item: Leftovers
|-heal|p1a: Garganacl|100/100|[from] item: Leftovers
|-damage|p2a: 🐘|76/100|[from] Salt Cure
|upkeep
|turn|19
|
|t:|1759071731
|-end|p2a: 🐘|Protosynthesis|[silent]
|switch|p2a: 🎩|Gholdengo|100/100
|-damage|p2a: 🎩|94/100|[from] Stealth Rock
|move|p1a: Garganacl|Protect||[still]
|-fail|p1a: Garganacl
|
|-heal|p2a: 🎩|100/100|[from] item: Leftovers
|upkeep
|turn|20
|inactive|NicoTexUs has 120 seconds left.
|
|t:|1759071739
|move|p1a: Garganacl|Protect|p1a: Garganacl
|-singleturn|p1a: Garganacl|Protect
|move|p2a: 🎩|Make It Rain|p1a: Garganacl
|-activate|p1a: Garganacl|move: Protect
|
|upkeep
|turn|21
|inactive|NicoTexUs has 120 seconds left.
|
|t:|1759071752
|switch|p2a: 🐘|Great Tusk, shiny|76/100
|-damage|p2a: 🐘|73/100|[from] Stealth Rock
|switch|p1a: Kingambit|Kingambit, M, shiny|94/100
|-activate|p1a: Kingambit|move: Sticky Web
|-unboost|p1a: Kingambit|spe|1
|-damage|p1a: Kingambit|88/100|[from] Stealth Rock
|
|-heal|p2a: 🐘|79/100|[from] item: Leftovers
|upkeep
|turn|22
|inactive|NicoTexUs has 120 seconds left.
|
|t:|1759071764
|-end|p1a: Kingambit|fallenundefined|[silent]
|switch|p1a: Corviknight|Corviknight, F, shiny|100/100 par
|-damage|p1a: Corviknight|88/100 par|[from] Stealth Rock
|-ability|p1a: Corviknight|Pressure
|move|p2a: 🐘|Rapid Spin|p1a: Corviknight
|-resisted|p1a: Corviknight
|-damage|p1a: Corviknight|83/100 par
|-boost|p2a: 🐘|spe|1
|-sideend|p2: TheTheyThemler|Stealth Rock|[from] move: Rapid Spin|[of] p2a: 🐘
|
|-heal|p2a: 🐘|85/100|[from] item: Leftovers
|upkeep
|turn|23
|inactive|NicoTexUs has 120 seconds left.
|
|t:|1759071781
|-end|p2a: 🐘|Protosynthesis|[silent]
|switch|p2a: 🎩|Gholdengo|100/100
|move|p1a: Corviknight|Defog|p2a: 🎩
|-immune|p2a: 🎩|[from] ability: Good as Gold
|
|upkeep
|turn|24
|inactive|NicoTexUs has 120 seconds left.
|
|t:|1759071794
|switch|p1a: Kingambit|Kingambit, M, shiny|88/100
|-activate|p1a: Kingambit|move: Sticky Web
|-unboost|p1a: Kingambit|spe|1
|-damage|p1a: Kingambit|82/100|[from] Stealth Rock
|move|p2a: 🎩|Hex|p1a: Kingambit
|-resisted|p1a: Kingambit
|-damage|p1a: Kingambit|64/100
|
|upkeep
|turn|25
|inactive|NicoTexUs has 120 seconds left.
|
|t:|1759071807
|switch|p2a: 🐘|Great Tusk, shiny|85/100
|-end|p1a: Kingambit|fallenundefined|[silent]
|switch|p1a: Garganacl|Garganacl, M, shiny|100/100
|-activate|p1a: Garganacl|move: Sticky Web
|-unboost|p1a: Garganacl|spe|1
|-damage|p1a: Garganacl|88/100|[from] Stealth Rock
|
|-heal|p2a: 🐘|91/100|[from] item: Leftovers
|-heal|p1a: Garganacl|94/100|[from] item: Leftovers
|upkeep
|turn|26
|inactive|NicoTexUs has 120 seconds left.
|
|t:|1759071820
|move|p2a: 🐘|Knock Off|p1a: Garganacl
|-crit|p1a: Garganacl
|-damage|p1a: Garganacl|66/100
|-enditem|p1a: Garganacl|Leftovers|[from] move: Knock Off|[of] p2a: 🐘
|move|p1a: Garganacl|Salt Cure|p2a: 🐘
|-resisted|p2a: 🐘
|-damage|p2a: 🐘|89/100
|-start|p2a: 🐘|Salt Cure
|
|-heal|p2a: 🐘|96/100|[from] item: Leftovers
|-damage|p2a: 🐘|83/100|[from] Salt Cure
|upkeep
|turn|27
|inactive|NicoTexUs has 120 seconds left.
|
|t:|1759071832
|move|p1a: Garganacl|Protect|p1a: Garganacl
|-singleturn|p1a: Garganacl|Protect
|move|p2a: 🐘|Earthquake|p1a: Garganacl
|-activate|p1a: Garganacl|move: Protect
|
|-heal|p2a: 🐘|89/100|[from] item: Leftovers
|-damage|p2a: 🐘|77/100|[from] Salt Cure
|upkeep
|turn|28
|inactive|NicoTexUs has 120 seconds left.
|
|t:|1759071843
|-end|p2a: 🐘|Protosynthesis|[silent]
|switch|p2a: 🎩|Gholdengo|100/100
|switch|p1a: Corviknight|Corviknight, F, shiny|83/100 par
|-damage|p1a: Corviknight|71/100 par|[from] Stealth Rock
|-ability|p1a: Corviknight|Pressure
|
|upkeep
|turn|29
|inactive|NicoTexUs has 120 seconds left.
|
|t:|1759071851
|move|p2a: 🎩|Hex|p1a: Corviknight
|-damage|p1a: Corviknight|10/100 par
|move|p1a: Corviknight|Defog|p2a: 🎩
|-immune|p2a: 🎩|[from] ability: Good as Gold
|
|upkeep
|turn|30
|inactive|NicoTexUs has 120 seconds left.
|-message|NicoTexUs forfeited.
|
|win|TheTheyThemler
|raw|NicoTexUs's rating: 1314 &rarr; <strong>1292</strong><br />(-22 for losing)
|raw|TheTheyThemler's rating: 1280 &rarr; <strong>1307</strong><br />(+27 for winning)
|l|☆NicoTexUs
|player|p1|
|l|☆TheTheyThemler
|player|p2|
