|j|☆busto2412
|j|☆whoa now
|t:|1758981344
|gametype|singles
|player|p1|busto2412|hilbert-wonderlauncher|1365
|player|p2|whoa now|102|1283
|gen|9
|tier|[Gen 9] OU
|rated|
|rule|HP Percentage Mod: HP is shown in percentages
|rule|Endless Battle Clause: Forcing endless battles is banned
|rule|Species Clause: Limit one of each Pokémon
|rule|OHKO Clause: OHKO moves are banned
|rule|Evasion Items Clause: Evasion items are banned
|rule|Evasion Moves Clause: Evasion moves are banned
|rule|Evasion Abilities Clause: Evasion abilities are banned
|rule|Sleep Moves Clause: Sleep-inducing moves are banned
|clearpoke
|poke|p1|Ursaluna, M|
|poke|p1|Dragapult, M|
|poke|p1|Zamazenta-*|
|poke|p1|Greninja-*, M|
|poke|p1|Zapdos|
|poke|p1|Hoopa-Unbound|
|poke|p2|Regigigas|
|poke|p2|Samurott-Hisui, M|
|poke|p2|Great Tusk|
|poke|p2|Corviknight, M|
|poke|p2|Iron Valiant|
|poke|p2|Ogerpon-Wellspring, F|
|teampreview
|
|t:|1758981372
|teamsize|p1|6
|teamsize|p2|6
|start
|switch|p1a: Zapdos|Zapdos, shiny|100/100
|switch|p2a: Great Tusk|Great Tusk|100/100
|turn|1
|
|t:|1758981378
|move|p2a: Great Tusk|Stealth Rock|p1a: Zapdos
|-sidestart|p1: busto2412|move: Stealth Rock
|move|p1a: Zapdos|Hurricane|p2a: Great Tusk|[miss]
|-miss|p1a: Zapdos|p2a: Great Tusk
|
|upkeep
|turn|2
|
|t:|1758981383
|-end|p2a: Great Tusk|Protosynthesis|[silent]
|switch|p2a: Corviknight|Corviknight, M|100/100
|-ability|p2a: Corviknight|Pressure
|move|p1a: Zapdos|Hurricane|p2a: Corviknight
|-resisted|p2a: Corviknight
|-damage|p2a: Corviknight|77/100
|-start|p2a: Corviknight|confusion
|
|upkeep
|turn|3
|
|t:|1758981391
|switch|p2a: Great Tusk|Great Tusk|100/100
|move|p1a: Zapdos|Discharge|p2a: Great Tusk
|-immune|p2a: Great Tusk
|
|upkeep
|turn|4
|
|t:|1758981398
|-end|p2a: Great Tusk|Protosynthesis|[silent]
|switch|p2a: Corviknight|Corviknight, M|77/100
|-ability|p2a: Corviknight|Pressure
|move|p1a: Zapdos|Heat Wave|p2a: Corviknight
|-supereffective|p2a: Corviknight
|-damage|p2a: Corviknight|22/100
|
|upkeep
|turn|5
|
|t:|1758981410
|switch|p2a: Samurott|Samurott-Hisui, M|100/100
|move|p1a: Zapdos|Heat Wave|p2a: Samurott|[miss]
|-miss|p1a: Zapdos|p2a: Samurott
|
|upkeep
|turn|6
|
|t:|1758981416
|move|p2a: Samurott|Ceaseless Edge|p1a: Zapdos
|-damage|p1a: Zapdos|70/100
|-damage|p2a: Samurott|84/100|[from] item: Rocky Helmet|[of] p1a: Zapdos
|-sidestart|p1: busto2412|Spikes
|move|p1a: Zapdos|Discharge|p2a: Samurott
|-supereffective|p2a: Samurott
|-damage|p2a: Samurott|0 fnt
|faint|p2a: Samurott
|
|upkeep
|
|t:|1758981427
|switch|p2a: Iron Valiant|Iron Valiant|100/100
|-enditem|p2a: Iron Valiant|Booster Energy
|-activate|p2a: Iron Valiant|ability: Quark Drive|[fromitem]
|-start|p2a: Iron Valiant|quarkdrivespe
|turn|7
|
|t:|1758981450
|-terastallize|p2a: Iron Valiant|Electric
|-terastallize|p1a: Zapdos|Steel
|move|p2a: Iron Valiant|Calm Mind|p2a: Iron Valiant
|-boost|p2a: Iron Valiant|spa|1
|-boost|p2a: Iron Valiant|spd|1
|move|p1a: Zapdos|Hurricane|p2a: Iron Valiant
|-resisted|p2a: Iron Valiant
|-damage|p2a: Iron Valiant|72/100
|
|upkeep
|turn|8
|
|t:|1758981463
|move|p2a: Iron Valiant|Vacuum Wave|p1a: Zapdos
|-supereffective|p1a: Zapdos
|-damage|p1a: Zapdos|13/100
|move|p1a: Zapdos|Heat Wave|p2a: Iron Valiant
|-damage|p2a: Iron Valiant|39/100
|-status|p2a: Iron Valiant|brn
|
|-damage|p2a: Iron Valiant|32/100 brn|[from] brn
|upkeep
|turn|9
|
|t:|1758981475
|move|p2a: Iron Valiant|Vacuum Wave|p1a: Zapdos
|-supereffective|p1a: Zapdos
|-damage|p1a: Zapdos|0 fnt
|faint|p1a: Zapdos
|
|-damage|p2a: Iron Valiant|26/100 brn|[from] brn
|upkeep
|
|t:|1758981487
|switch|p1a: Hoopa|Hoopa-Unbound|100/100
|-damage|p1a: Hoopa|88/100|[from] Stealth Rock
|-damage|p1a: Hoopa|76/100|[from] Spikes
|turn|10
|
|t:|1758981492
|move|p2a: Iron Valiant|Moonblast|p1a: Hoopa
|-supereffective|p1a: Hoopa
|-damage|p1a: Hoopa|6/100
|move|p1a: Hoopa|Knock Off|p2a: Iron Valiant
|-damage|p2a: Iron Valiant|0 fnt
|faint|p2a: Iron Valiant
|-end|p2a: Iron Valiant|Quark Drive|[silent]
|
|upkeep
|
|t:|1758981502
|switch|p2a: Great Tusk|Great Tusk|100/100
|turn|11
|
|t:|1758981505
|move|p2a: Great Tusk|Rapid Spin|p1a: Hoopa
|-damage|p1a: Hoopa|0 fnt
|-boost|p2a: Great Tusk|spe|1
|faint|p1a: Hoopa
|
|upkeep
|
|t:|1758981515
|switch|p1a: Zamazenta|Zamazenta|100/100
|-damage|p1a: Zamazenta|94/100|[from] Stealth Rock
|-damage|p1a: Zamazenta|82/100|[from] Spikes
|-ability|p1a: Zamazenta|Dauntless Shield|boost
|-boost|p1a: Zamazenta|def|1
|turn|12
|
|t:|1758981520
|-end|p2a: Great Tusk|Protosynthesis|[silent]
|switch|p2a: Corviknight|Corviknight, M|22/100
|-ability|p2a: Corviknight|Pressure
|move|p1a: Zamazenta|Psychic Fangs|p2a: Corviknight
|-resisted|p2a: Corviknight
|-crit|p2a: Corviknight
|-damage|p2a: Corviknight|1/100
|-damage|p1a: Zamazenta|65/100|[from] item: Rocky Helmet|[of] p2a: Corviknight
|
|upkeep
|turn|13
|
|t:|1758981528
|move|p1a: Zamazenta|Psychic Fangs|p2a: Corviknight
|-resisted|p2a: Corviknight
|-damage|p2a: Corviknight|0 fnt
|-damage|p1a: Zamazenta|49/100|[from] item: Rocky Helmet|[of] p2a: Corviknight
|faint|p2a: Corviknight
|
|upkeep
|
|t:|1758981533
|switch|p2a: Ogerpon|Ogerpon-Wellspring, F|100/100
|turn|14
|
|t:|1758981537
|move|p1a: Zamazenta|Psychic Fangs|p2a: Ogerpon
|-damage|p2a: Ogerpon|38/100
|move|p2a: Ogerpon|Ivy Cudgel|p1a: Zamazenta|[anim] Ivy Cudgel Water
|-damage|p1a: Zamazenta|11/100
|
|upkeep
|turn|15
|
|t:|1758981544
|move|p1a: Zamazenta|Psychic Fangs|p2a: Ogerpon
|-crit|p2a: Ogerpon
|-damage|p2a: Ogerpon|0 fnt
|faint|p2a: Ogerpon
|
|upkeep
|
|t:|1758981546
|switch|p2a: Regigigas|Regigigas|100/100
|-start|p2a: Regigigas|ability: Slow Start
|turn|16
|
|t:|1758981551
|move|p2a: Regigigas|Protect|p2a: Regigigas
|-singleturn|p2a: Regigigas|Protect
|move|p1a: Zamazenta|Psychic Fangs|p2a: Regigigas
|-activate|p2a: Regigigas|move: Protect
|
|upkeep
|turn|17
|
|t:|1758981561
|move|p1a: Zamazenta|Psychic Fangs|p2a: Regigigas
|-damage|p2a: Regigigas|68/100
|move|p2a: Regigigas|Substitute|p2a: Regigigas
|-start|p2a: Regigigas|Substitute
|-damage|p2a: Regigigas|43/100
|
|-heal|p2a: Regigigas|49/100|[from] item: Leftovers
|upkeep
|turn|18
|
|t:|1758981568
|switch|p1a: Dragapult|Dragapult, M, shiny|100/100
|-damage|p1a: Dragapult|88/100|[from] Stealth Rock
|-damage|p1a: Dragapult|76/100|[from] Spikes
|move|p2a: Regigigas|Protect||[still]
|-fail|p2a: Regigigas
|
|-heal|p2a: Regigigas|55/100|[from] item: Leftovers
|upkeep
|turn|19
|
|t:|1758981576
|move|p2a: Regigigas|Protect|p2a: Regigigas
|-singleturn|p2a: Regigigas|Protect
|move|p1a: Dragapult|Draco Meteor|p2a: Regigigas
|-activate|p2a: Regigigas|move: Protect
|
|-heal|p2a: Regigigas|61/100|[from] item: Leftovers
|upkeep
|turn|20
|
|t:|1758981590
|move|p1a: Dragapult|Draco Meteor|p2a: Regigigas
|-damage|p2a: Regigigas|0 fnt
|-unboost|p1a: Dragapult|spa|2
|faint|p2a: Regigigas
|
|upkeep
|
|t:|1758981594
|switch|p2a: Great Tusk|Great Tusk|100/100
|turn|21
|
|t:|1758981601
|switch|p1a: Zamazenta|Zamazenta|11/100
|-damage|p1a: Zamazenta|4/100|[from] Stealth Rock
|-damage|p1a: Zamazenta|0 fnt|[from] Spikes
|faint|p1a: Zamazenta
|move|p2a: Great Tusk|Earthquake|p1: Zamazenta|[notarget]
|-fail|p2a: Great Tusk
|
|upkeep
|
|t:|1758981608
|switch|p1a: Greninja|Greninja, M|100/100
|-damage|p1a: Greninja|88/100|[from] Stealth Rock
|-damage|p1a: Greninja|76/100|[from] Spikes
|turn|22
|
|t:|1758981614
|move|p1a: Greninja|Surf|p2a: Great Tusk
|-supereffective|p2a: Great Tusk
|-damage|p2a: Great Tusk|0 fnt
|faint|p2a: Great Tusk
|-end|p2a: Great Tusk|Protosynthesis|[silent]
|-damage|p1a: Greninja|66/100|[from] item: Life Orb
|
|win|busto2412
|raw|busto2412's rating: 1365 &rarr; <strong>1380</strong><br />(+15 for winning)
|raw|whoa now's rating: 1283 &rarr; <strong>1264</strong><br />(-19 for losing)
|l|☆busto2412
|player|p1|
|l|☆whoa now
|player|p2|
