|badge|p2|bronze|gen9ou|100-6
|html|<div class="broadcast-red"><strong>This battle is required to be public due to one or more player having a season medal.</strong><br />During the public phase, you can discuss the state of the ladder <a href="/seasondiscussion">in a special chatroom.</a></div>
|uhtml|medal-msg|<div class="broadcast-blue">Curious what those medals under the avatar are? PS now has Ladder Seasons! For more information, check out the <a href="https://www.smogon.com/forums/threads/3740067/">thread on Smogon.</a></div>
|raw|<div class="broadcast-blue"><strong>This battle is required to be public due to a player having a name starting with 'medal'.</div>
|j|☆raewind
|j|☆Dr Greg H
|t:|1758997563
|gametype|singles
|player|p1|raewind|twins-gen4dp|1727
|player|p2|Dr Greg H|pokemonbreeder-gen4|1823
|gen|9
|tier|[Gen 9] OU
|rated|
|rule|HP Percentage Mod: HP is shown in percentages
|rule|Endless Battle Clause: Forcing endless battles is banned
|rule|Species Clause: Limit one of each Pokémon
|rule|OHKO Clause: OHKO moves are banned
|rule|Evasion Items Clause: Evasion items are banned
|rule|Evasion Moves Clause: Evasion moves are banned
|rule|Evasion Abilities Clause: Evasion abilities are banned
|rule|Sleep Moves Clause: Sleep-inducing moves are banned
|clearpoke
|poke|p1|Zamazenta-*|
|poke|p1|Hydrapple, M|
|poke|p1|Iron Valiant|
|poke|p1|Gliscor, F|
|poke|p1|Ting-Lu|
|poke|p1|Gholdengo|
|poke|p2|Darkrai|
|poke|p2|Slowking-Galar, M|
|poke|p2|Dragapult, F|
|poke|p2|Corviknight, M|
|poke|p2|Great Tusk|
|poke|p2|Ogerpon-Wellspring, F|
|teampreview
|inactive|Battle timer is ON: inactive players will automatically lose when time's up. (requested by Dr Greg H)
|inactive|raewind also wants the timer to be on.
|inactive|raewind has 120 seconds left.
|
|t:|1758997594
|teamsize|p1|6
|teamsize|p2|6
|start
|switch|p1a: Iron Valiant|Iron Valiant|100/100
|switch|p2a: Darkrai|Darkrai|100/100
|turn|1
|
|t:|1758997607
|switch|p2a: Slowking|Slowking-Galar, M|100/100
|-end|p1a: Iron Valiant|Quark Drive|[silent]
|switch|p1a: Ting-Lu|Ting-Lu|100/100
|-ability|p1a: Ting-Lu|Vessel of Ruin
|
|upkeep
|turn|2
|
|t:|1758997619
|switch|p2a: Ogerpon|Ogerpon-Wellspring, F|100/100
|move|p1a: Ting-Lu|Ruination|p2a: Ogerpon
|-damage|p2a: Ogerpon|51/100
|
|upkeep
|turn|3
|
|t:|1758997629
|switch|p1a: Hydrapple|Hydrapple, M|100/100
|move|p2a: Ogerpon|Knock Off|p1a: Hydrapple
|-damage|p1a: Hydrapple|77/100
|-enditem|p1a: Hydrapple|Heavy-Duty Boots|[from] move: Knock Off|[of] p2a: Ogerpon
|
|upkeep
|turn|4
|j| Rizzofreko
|
|t:|1758997648
|switch|p2a: Slowking|Slowking-Galar, M|100/100
|move|p1a: Hydrapple|Fickle Beam|p2a: Slowking|[anim] Fickle Beam All Out
|-activate|p1a: Hydrapple|move: Fickle Beam
|-damage|p2a: Slowking|68/100
|
|upkeep
|turn|5
|
|t:|1758997654
|switch|p1a: Gliscor|Gliscor, F|100/100
|move|p2a: Slowking|Ice Beam|p1a: Gliscor
|-supereffective|p1a: Gliscor
|-damage|p1a: Gliscor|0 fnt
|faint|p1a: Gliscor
|
|upkeep
|
|t:|1758997663
|switch|p1a: Gholdengo|Gholdengo|100/100
|turn|6
|
|t:|1758997668
|switch|p2a: Corviknight|Corviknight, M|100/100
|-ability|p2a: Corviknight|Pressure
|move|p1a: Gholdengo|Shadow Ball|p2a: Corviknight
|-damage|p2a: Corviknight|60/100
|
|-heal|p2a: Corviknight|66/100|[from] item: Leftovers
|upkeep
|turn|7
|
|t:|1758997671
|move|p1a: Gholdengo|Shadow Ball|p2a: Corviknight
|-damage|p2a: Corviknight|21/100
|move|p2a: Corviknight|U-turn|p1a: Gholdengo
|-resisted|p1a: Gholdengo
|-damage|p1a: Gholdengo|96/100
|
|t:|1758997682
|switch|p2a: Darkrai|Darkrai|100/100|[from] U-turn
|
|upkeep
|turn|8
|
|t:|1758997690
|switch|p1a: Ting-Lu|Ting-Lu|100/100
|-ability|p1a: Ting-Lu|Vessel of Ruin
|switch|p2a: Corviknight|Corviknight, M|21/100
|-ability|p2a: Corviknight|Pressure
|
|-heal|p2a: Corviknight|27/100|[from] item: Leftovers
|upkeep
|turn|9
|
|t:|1758997693
|move|p2a: Corviknight|Roost|p2a: Corviknight
|-heal|p2a: Corviknight|77/100
|-singleturn|p2a: Corviknight|move: Roost
|move|p1a: Ting-Lu|Earthquake|p2a: Corviknight
|-supereffective|p2a: Corviknight
|-damage|p2a: Corviknight|33/100
|
|-heal|p2a: Corviknight|39/100|[from] item: Leftovers
|upkeep
|turn|10
|
|t:|1758997704
|move|p2a: Corviknight|Roost|p2a: Corviknight
|-heal|p2a: Corviknight|89/100
|-singleturn|p2a: Corviknight|move: Roost
|move|p1a: Ting-Lu|Stealth Rock|p2a: Corviknight
|-sidestart|p2: Dr Greg H|move: Stealth Rock
|
|-heal|p2a: Corviknight|95/100|[from] item: Leftovers
|upkeep
|turn|11
|
|t:|1758997707
|switch|p1a: Gholdengo|Gholdengo|96/100
|move|p2a: Corviknight|U-turn|p1a: Gholdengo
|-resisted|p1a: Gholdengo
|-damage|p1a: Gholdengo|92/100
|
|t:|1758997710
|switch|p2a: Darkrai|Darkrai|100/100|[from] U-turn
|-damage|p2a: Darkrai|88/100|[from] Stealth Rock
|
|upkeep
|turn|12
|
|t:|1758997714
|switch|p1a: Ting-Lu|Ting-Lu|100/100
|-ability|p1a: Ting-Lu|Vessel of Ruin
|move|p2a: Darkrai|Dark Pulse|p1a: Ting-Lu
|-resisted|p1a: Ting-Lu
|-damage|p1a: Ting-Lu|87/100
|
|-heal|p1a: Ting-Lu|93/100|[from] item: Leftovers
|upkeep
|turn|13
|
|t:|1758997722
|move|p2a: Darkrai|Dark Pulse|p1a: Ting-Lu
|-resisted|p1a: Ting-Lu
|-damage|p1a: Ting-Lu|79/100
|cant|p1a: Ting-Lu|flinch
|
|-heal|p1a: Ting-Lu|85/100|[from] item: Leftovers
|upkeep
|turn|14
|
|t:|1758997725
|switch|p2a: Ogerpon|Ogerpon-Wellspring, F|51/100
|-damage|p2a: Ogerpon|38/100|[from] Stealth Rock
|move|p1a: Ting-Lu|Ruination|p2a: Ogerpon
|-damage|p2a: Ogerpon|19/100
|
|-heal|p1a: Ting-Lu|91/100|[from] item: Leftovers
|upkeep
|turn|15
|l| Rizzofreko
|
|t:|1758997742
|switch|p1a: Hydrapple|Hydrapple, M|100/100
|move|p2a: Ogerpon|Ivy Cudgel|p1a: Hydrapple|[anim] Ivy Cudgel Water
|-resisted|p1a: Hydrapple
|-damage|p1a: Hydrapple|93/100
|
|upkeep
|turn|16
|
|t:|1758997755
|switch|p2a: Slowking|Slowking-Galar, M|100/100
|-damage|p2a: Slowking|88/100|[from] Stealth Rock
|move|p1a: Hydrapple|Earth Power|p2a: Slowking
|-supereffective|p2a: Slowking
|-damage|p2a: Slowking|63/100
|
|upkeep
|turn|17
|j| cryyysneasel
|inactive|raewind has 120 seconds left.
|
|t:|1758997796
|switch|p1a: Ting-Lu|Ting-Lu|91/100
|-ability|p1a: Ting-Lu|Vessel of Ruin
|move|p2a: Slowking|Flamethrower|p1a: Ting-Lu
|-damage|p1a: Ting-Lu|80/100
|
|-heal|p1a: Ting-Lu|86/100|[from] item: Leftovers
|upkeep
|turn|18
|
|t:|1758997808
|switch|p1a: Gholdengo|Gholdengo|92/100
|switch|p2a: Corviknight|Corviknight, M|95/100
|-damage|p2a: Corviknight|83/100|[from] Stealth Rock
|-ability|p2a: Corviknight|Pressure
|
|-heal|p2a: Corviknight|89/100|[from] item: Leftovers
|upkeep
|turn|19
|
|t:|1758997818
|-terastallize|p1a: Gholdengo|Ghost
|move|p1a: Gholdengo|Shadow Ball|p2a: Corviknight
|-damage|p2a: Corviknight|34/100
|-unboost|p2a: Corviknight|spd|1
|move|p2a: Corviknight|U-turn|p1a: Gholdengo
|-resisted|p1a: Gholdengo
|-damage|p1a: Gholdengo|85/100
|
|t:|1758997826
|switch|p2a: Darkrai|Darkrai|88/100|[from] U-turn
|-damage|p2a: Darkrai|76/100|[from] Stealth Rock
|
|upkeep
|turn|20
|
|t:|1758997835
|switch|p1a: Zamazenta|Zamazenta|100/100
|-ability|p1a: Zamazenta|Dauntless Shield|boost
|-boost|p1a: Zamazenta|def|1
|move|p2a: Darkrai|Dark Pulse|p1a: Zamazenta
|-resisted|p1a: Zamazenta
|-damage|p1a: Zamazenta|73/100
|
|upkeep
|turn|21
|
|t:|1758997848
|move|p1a: Zamazenta|Crunch|p2a: Darkrai
|-resisted|p2a: Darkrai
|-damage|p2a: Darkrai|57/100
|move|p2a: Darkrai|Dark Pulse|p1a: Zamazenta
|-resisted|p1a: Zamazenta
|-damage|p1a: Zamazenta|41/100
|
|upkeep
|turn|22
|
|t:|1758997858
|switch|p2a: Great Tusk|Great Tusk|100/100
|-damage|p2a: Great Tusk|97/100|[from] Stealth Rock
|move|p1a: Zamazenta|Close Combat|p2a: Great Tusk
|-damage|p2a: Great Tusk|62/100
|-unboost|p1a: Zamazenta|def|1
|-unboost|p1a: Zamazenta|spd|1
|
|-heal|p2a: Great Tusk|68/100|[from] item: Leftovers
|upkeep
|turn|23
|
|t:|1758997865
|switch|p1a: Iron Valiant|Iron Valiant|100/100
|move|p2a: Great Tusk|Headlong Rush|p1a: Iron Valiant
|-damage|p1a: Iron Valiant|36/100
|-unboost|p2a: Great Tusk|def|1
|-unboost|p2a: Great Tusk|spd|1
|
|-heal|p2a: Great Tusk|74/100|[from] item: Leftovers
|upkeep
|turn|24
|
|t:|1758997873
|-end|p2a: Great Tusk|Protosynthesis|[silent]
|switch|p2a: Corviknight|Corviknight, M|34/100
|-damage|p2a: Corviknight|21/100|[from] Stealth Rock
|-ability|p2a: Corviknight|Pressure
|move|p1a: Iron Valiant|Shadow Ball|p2a: Corviknight
|-damage|p2a: Corviknight|0 fnt
|faint|p2a: Corviknight
|
|upkeep
|
|t:|1758997881
|switch|p2a: Darkrai|Darkrai|57/100
|-damage|p2a: Darkrai|45/100|[from] Stealth Rock
|turn|25
|
|t:|1758997886
|-end|p1a: Iron Valiant|Quark Drive|[silent]
|switch|p1a: Ting-Lu|Ting-Lu|86/100
|-ability|p1a: Ting-Lu|Vessel of Ruin
|move|p2a: Darkrai|Ice Beam|p1a: Ting-Lu
|-supereffective|p1a: Ting-Lu
|-damage|p1a: Ting-Lu|49/100
|
|-heal|p1a: Ting-Lu|55/100|[from] item: Leftovers
|upkeep
|turn|26
|
|t:|1758997907
|switch|p2a: Great Tusk|Great Tusk|74/100
|-damage|p2a: Great Tusk|71/100|[from] Stealth Rock
|move|p1a: Ting-Lu|Earthquake|p2a: Great Tusk
|-damage|p2a: Great Tusk|47/100
|
|-heal|p2a: Great Tusk|53/100|[from] item: Leftovers
|-heal|p1a: Ting-Lu|61/100|[from] item: Leftovers
|upkeep
|turn|27
|
|t:|1758997914
|switch|p1a: Hydrapple|Hydrapple, M|100/100
|move|p2a: Great Tusk|Rapid Spin|p1a: Hydrapple
|-damage|p1a: Hydrapple|91/100
|-boost|p2a: Great Tusk|spe|1
|-sideend|p2: Dr Greg H|Stealth Rock|[from] move: Rapid Spin|[of] p2a: Great Tusk
|
|-heal|p2a: Great Tusk|59/100|[from] item: Leftovers
|upkeep
|turn|28
|
|t:|1758997933
|-end|p2a: Great Tusk|Protosynthesis|[silent]
|switch|p2a: Slowking|Slowking-Galar, M|96/100
|switch|p1a: Gholdengo|Gholdengo, tera:Ghost|85/100
|
|upkeep
|turn|29
|
|t:|1758997940
|move|p1a: Gholdengo|Shadow Ball|p2a: Slowking
|-supereffective|p2a: Slowking
|-damage|p2a: Slowking|45/100
|move|p2a: Slowking|Sludge Bomb|p1a: Gholdengo
|-resisted|p1a: Gholdengo
|-damage|p1a: Gholdengo|58/100
|
|upkeep
|turn|30
|
|t:|1758997948
|switch|p2a: Ogerpon|Ogerpon-Wellspring, F|19/100
|move|p1a: Gholdengo|Shadow Ball|p2a: Ogerpon
|-damage|p2a: Ogerpon|0 fnt
|faint|p2a: Ogerpon
|
|upkeep
|
|t:|1758997951
|switch|p2a: Darkrai|Darkrai|45/100
|turn|31
|
|t:|1758997957
|switch|p1a: Zamazenta|Zamazenta|41/100
|move|p2a: Darkrai|Ice Beam|p1a: Zamazenta
|-damage|p1a: Zamazenta|0 fnt
|faint|p1a: Zamazenta
|
|upkeep
|
|t:|1758997983
|switch|p1a: Ting-Lu|Ting-Lu|61/100
|-ability|p1a: Ting-Lu|Vessel of Ruin
|turn|32
|inactive|raewind has 120 seconds left.
|
|t:|1758998012
|switch|p1a: Iron Valiant|Iron Valiant|36/100
|move|p2a: Darkrai|Ice Beam|p1a: Iron Valiant
|-damage|p1a: Iron Valiant|0 fnt
|faint|p1a: Iron Valiant
|-end|p1a: Iron Valiant|Quark Drive|[silent]
|
|upkeep
|
|t:|1758998013
|switch|p1a: Ting-Lu|Ting-Lu|61/100
|-ability|p1a: Ting-Lu|Vessel of Ruin
|turn|33
|
|t:|1758998015
|move|p2a: Darkrai|Ice Beam|p1a: Ting-Lu
|-supereffective|p1a: Ting-Lu
|-damage|p1a: Ting-Lu|17/100
|move|p1a: Ting-Lu|Earthquake|p2a: Darkrai
|-damage|p2a: Darkrai|0 fnt
|faint|p2a: Darkrai
|
|-heal|p1a: Ting-Lu|24/100|[from] item: Leftovers
|upkeep
|
|t:|1758998025
|switch|p2a: Great Tusk|Great Tusk|59/100
|turn|34
|inactive|raewind has 120 seconds left.
|
|t:|1758998048
|switch|p1a: Hydrapple|Hydrapple, M|100/100
|move|p2a: Great Tusk|Ice Spinner|p1a: Hydrapple
|-supereffective|p1a: Hydrapple
|-damage|p1a: Hydrapple|44/100
|
|-heal|p2a: Great Tusk|65/100|[from] item: Leftovers
|upkeep
|turn|35
|inactive|raewind has 120 seconds left.
|
|t:|1758998073
|switch|p1a: Ting-Lu|Ting-Lu|24/100
|-ability|p1a: Ting-Lu|Vessel of Ruin
|move|p2a: Great Tusk|Ice Spinner|p1a: Ting-Lu
|-supereffective|p1a: Ting-Lu
|-damage|p1a: Ting-Lu|0 fnt
|faint|p1a: Ting-Lu
|
|-heal|p2a: Great Tusk|71/100|[from] item: Leftovers
|upkeep
|
|t:|1758998075
|switch|p1a: Hydrapple|Hydrapple, M|78/100
|turn|36
|
|t:|1758998082
|-end|p2a: Great Tusk|Protosynthesis|[silent]
|switch|p2a: Slowking|Slowking-Galar, M|78/100
|switch|p1a: Gholdengo|Gholdengo, tera:Ghost|58/100
|
|upkeep
|turn|37
|
|t:|1758998093
|-terastallize|p2a: Slowking|Water
|move|p1a: Gholdengo|Shadow Ball|p2a: Slowking
|-damage|p2a: Slowking|52/100
|move|p2a: Slowking|Psyshock|p1a: Gholdengo
|-damage|p1a: Gholdengo|16/100
|
|upkeep
|turn|38
|
|t:|1758998098
|move|p1a: Gholdengo|Shadow Ball|p2a: Slowking
|-damage|p2a: Slowking|25/100
|move|p2a: Slowking|Ice Beam|p1a: Gholdengo
|-damage|p1a: Gholdengo|0 fnt
|faint|p1a: Gholdengo
|
|upkeep
|
|t:|1758998101
|switch|p1a: Hydrapple|Hydrapple, M|100/100
|turn|39
|
|t:|1758998116
|switch|p2a: Dragapult|Dragapult, F|100/100
|move|p1a: Hydrapple|Nasty Plot|p1a: Hydrapple
|-boost|p1a: Hydrapple|spa|2
|
|upkeep
|turn|40
|
|t:|1758998118
|move|p2a: Dragapult|Dragon Darts|p1a: Hydrapple
|-supereffective|p1a: Hydrapple
|-damage|p1a: Hydrapple|74/100
|-anim|p2a: Dragapult|Dragon Darts|p1a: Hydrapple
|-supereffective|p1a: Hydrapple
|-damage|p1a: Hydrapple|48/100
|move|p1a: Hydrapple|Fickle Beam|p2a: Dragapult
|-supereffective|p2a: Dragapult
|-damage|p2a: Dragapult|0 fnt
|faint|p2a: Dragapult
|
|upkeep
|
|t:|1758998125
|switch|p2a: Great Tusk|Great Tusk|71/100
|turn|41
|
|t:|1758998128
|move|p2a: Great Tusk|Ice Spinner|p1a: Hydrapple
|-supereffective|p1a: Hydrapple
|-damage|p1a: Hydrapple|0 fnt
|faint|p1a: Hydrapple
|
|win|Dr Greg H
|raw|raewind's rating: 1727 &rarr; <strong>1711</strong><br />(-16 for losing)
|raw|Dr Greg H's rating: 1803 &rarr; <strong>1819</strong><br />(+16 for winning)
|c|☆Dr Greg H|ggwp
|l| cryyysneasel
|l|☆raewind
|player|p1|
|l|☆Dr Greg H
|player|p2|
