|badge|p2|bronze|gen9ou|100-6
|html|<div class="broadcast-red"><strong>This battle is required to be public due to one or more player having a season medal.</strong><br />During the public phase, you can discuss the state of the ladder <a href="/seasondiscussion">in a special chatroom.</a></div>
|uhtml|medal-msg|<div class="broadcast-blue">Curious what those medals under the avatar are? PS now has Ladder Seasons! For more information, check out the <a href="https://www.smogon.com/forums/threads/3740067/">thread on Smogon.</a></div>
|raw|<div class="broadcast-blue"><strong>This battle is required to be public due to a player having a name starting with 'medal'.</div>
|j|☆IM AT MY LIMIT
|j|☆osiris seth
|t:|1759023671
|gametype|singles
|player|p1|IM AT MY LIMIT|ethan|1816
|player|p2|osiris seth|psychicf-gen4|1848
|gen|9
|tier|[Gen 9] OU
|rated|
|rule|HP Percentage Mod: HP is shown in percentages
|rule|Endless Battle Clause: Forcing endless battles is banned
|rule|Species Clause: Limit one of each Pokémon
|rule|OHKO Clause: OHKO moves are banned
|rule|Evasion Items Clause: Evasion items are banned
|rule|Evasion Moves Clause: Evasion moves are banned
|rule|Evasion Abilities Clause: Evasion abilities are banned
|rule|Sleep Moves Clause: Sleep-inducing moves are banned
|clearpoke
|poke|p1|Reuniclus, M|
|poke|p1|Dondozo, F|
|poke|p1|Blissey, F|
|poke|p1|Talonflame, M|
|poke|p1|Amoonguss, F|
|poke|p1|Gliscor, M|
|poke|p2|Amoonguss, F|
|poke|p2|Alomomola, F|
|poke|p2|Great Tusk|
|poke|p2|Cinderace, M|
|poke|p2|Darkrai|
|poke|p2|Enamorus, F|
|teampreview
|c|☆osiris seth|me too
|
|t:|1759023698
|teamsize|p1|6
|teamsize|p2|6
|start
|switch|p1a: Gliscor|Gliscor, M|100/100
|switch|p2a: Great Tusk|Great Tusk|100/100
|turn|1
|c|☆IM AT MY LIMIT|Lol glhf
|
|t:|1759023703
|move|p1a: Gliscor|Protect|p1a: Gliscor
|-singleturn|p1a: Gliscor|Protect
|move|p2a: Great Tusk|Ice Spinner|p1a: Gliscor
|-activate|p1a: Gliscor|move: Protect
|
|-status|p1a: Gliscor|tox|[from] item: Toxic Orb
|upkeep
|turn|2
|
|t:|1759023706
|-end|p2a: Great Tusk|Protosynthesis|[silent]
|switch|p2a: Alomomola|Alomomola, F|100/100
|switch|p1a: Reuniclus|Reuniclus, M|100/100
|
|upkeep
|turn|3
|
|t:|1759023710
|move|p2a: Alomomola|Flip Turn|p1a: Reuniclus
|-damage|p1a: Reuniclus|88/100
|
|t:|1759023713
|switch|p2a: Darkrai|Darkrai|100/100|[from] Flip Turn
|move|p1a: Reuniclus|Knock Off|p2a: Darkrai
|-resisted|p2a: Darkrai
|-damage|p2a: Darkrai|91/100
|-enditem|p2a: Darkrai|Black Glasses|[from] move: Knock Off|[of] p1a: Reuniclus
|
|upkeep
|turn|4
|inactive|Battle timer is ON: inactive players will automatically lose when time's up. (requested by osiris seth)
|
|t:|1759023741
|switch|p1a: Amoonguss|Amoonguss, F|100/100
|move|p2a: Darkrai|Knock Off|p1a: Amoonguss
|-damage|p1a: Amoonguss|73/100
|-enditem|p1a: Amoonguss|Heavy-Duty Boots|[from] move: Knock Off|[of] p2a: Darkrai
|
|upkeep
|turn|5
|j| shuinifengB
|
|t:|1759023751
|move|p2a: Darkrai|Dark Pulse|p1a: Amoonguss
|-damage|p1a: Amoonguss|40/100
|cant|p1a: Amoonguss|flinch
|
|upkeep
|turn|6
|j| Whammy696969
|
|t:|1759023757
|switch|p1a: Blissey|Blissey, F|100/100
|-terastallize|p2a: Darkrai|Dark
|move|p2a: Darkrai|Dark Pulse|p1a: Blissey
|-damage|p1a: Blissey|86/100
|
|upkeep
|turn|7
|
|t:|1759023766
|move|p2a: Darkrai|Dark Pulse|p1a: Blissey
|-damage|p1a: Blissey|72/100
|move|p1a: Blissey|Soft-Boiled|p1a: Blissey
|-heal|p1a: Blissey|100/100
|
|upkeep
|turn|8
|
|t:|1759023788
|switch|p2a: Alomomola|Alomomola, F|100/100
|move|p1a: Blissey|Seismic Toss|p2a: Alomomola
|-damage|p2a: Alomomola|82/100
|
|upkeep
|turn|9
|
|t:|1759023796
|move|p1a: Blissey|Stealth Rock|p2a: Alomomola
|-sidestart|p2: osiris seth|move: Stealth Rock
|move|p2a: Alomomola|Flip Turn|p1a: Blissey
|-damage|p1a: Blissey|85/100
|
|t:|1759023798
|switch|p2a: Cinderace|Cinderace, M|100/100|[from] Flip Turn
|
|upkeep
|turn|10
|
|t:|1759023815
|move|p2a: Cinderace|Court Change|p2a: Cinderace
|-swapsideconditions
|-activate|p2a: Cinderace|move: Court Change
|move|p1a: Blissey|Soft-Boiled|p1a: Blissey
|-heal|p1a: Blissey|100/100
|
|upkeep
|turn|11
|
|t:|1759023824
|move|p2a: Cinderace|U-turn|p1a: Blissey
|-damage|p1a: Blissey|80/100
|
|t:|1759023827
|switch|p2a: Darkrai|Darkrai, tera:Dark|91/100|[from] U-turn
|move|p1a: Blissey|Stealth Rock|p2a: Darkrai
|-sidestart|p2: osiris seth|move: Stealth Rock
|
|upkeep
|turn|12
|
|t:|1759023839
|switch|p1a: Amoonguss|Amoonguss, F|74/100
|-damage|p1a: Amoonguss|61/100|[from] Stealth Rock
|move|p2a: Darkrai|Knock Off|p1a: Amoonguss
|-damage|p1a: Amoonguss|36/100
|
|upkeep
|turn|13
|
|t:|1759023845
|-terastallize|p1a: Amoonguss|Dark
|move|p2a: Darkrai|Dark Pulse|p1a: Amoonguss
|-resisted|p1a: Amoonguss
|-damage|p1a: Amoonguss|13/100
|move|p1a: Amoonguss|Synthesis|p1a: Amoonguss
|-heal|p1a: Amoonguss|63/100
|
|upkeep
|turn|14
|
|t:|1759023849
|move|p2a: Darkrai|Will-O-Wisp|p1a: Amoonguss
|-status|p1a: Amoonguss|brn
|move|p1a: Amoonguss|Toxic|p2a: Darkrai
|-status|p2a: Darkrai|tox
|
|-damage|p2a: Darkrai|85/100 tox|[from] psn
|-damage|p1a: Amoonguss|57/100 brn|[from] brn
|upkeep
|turn|15
|
|t:|1759023854
|switch|p2a: Cinderace|Cinderace, M|100/100
|move|p1a: Amoonguss|Synthesis|p1a: Amoonguss
|-heal|p1a: Amoonguss|100/100 brn
|
|-damage|p1a: Amoonguss|94/100 brn|[from] brn
|upkeep
|turn|16
|
|t:|1759023863
|switch|p1a: Gliscor|Gliscor, M|100/100 tox
|-damage|p1a: Gliscor|88/100 tox|[from] Stealth Rock
|move|p2a: Cinderace|U-turn|p1a: Gliscor
|-resisted|p1a: Gliscor
|-damage|p1a: Gliscor|81/100 tox
|
|t:|1759023869
|switch|p2a: Great Tusk|Great Tusk|100/100|[from] U-turn
|-damage|p2a: Great Tusk|98/100|[from] Stealth Rock
|
|-heal|p1a: Gliscor|93/100 tox|[from] ability: Poison Heal
|upkeep
|turn|17
|
|t:|1759023872
|move|p1a: Gliscor|Protect|p1a: Gliscor
|-singleturn|p1a: Gliscor|Protect
|move|p2a: Great Tusk|Ice Spinner|p1a: Gliscor
|-activate|p1a: Gliscor|move: Protect
|
|-heal|p1a: Gliscor|100/100 tox|[from] ability: Poison Heal
|upkeep
|turn|18
|
|t:|1759023875
|-end|p2a: Great Tusk|Protosynthesis|[silent]
|switch|p2a: Enamorus|Enamorus, F|100/100
|-damage|p2a: Enamorus|76/100|[from] Stealth Rock
|switch|p1a: Talonflame|Talonflame, M|100/100
|
|upkeep
|turn|19
|
|t:|1759023878
|move|p2a: Enamorus|Moonblast|p1a: Talonflame
|-resisted|p1a: Talonflame
|-damage|p1a: Talonflame|53/100
|move|p1a: Talonflame|Flamethrower|p2a: Enamorus
|-damage|p2a: Enamorus|39/100
|
|upkeep
|turn|20
|
|t:|1759023884
|move|p2a: Enamorus|Moonblast|p1a: Talonflame
|-resisted|p1a: Talonflame
|-damage|p1a: Talonflame|6/100
|move|p1a: Talonflame|Roost|p1a: Talonflame
|-heal|p1a: Talonflame|56/100
|-singleturn|p1a: Talonflame|move: Roost
|
|upkeep
|turn|21
|l| Whammy696969
|
|t:|1759023887
|switch|p1a: Blissey|Blissey, F|80/100
|move|p2a: Enamorus|Moonblast|p1a: Blissey
|-damage|p1a: Blissey|57/100
|-unboost|p1a: Blissey|spa|1
|
|upkeep
|turn|22
|
|t:|1759023895
|switch|p2a: Great Tusk|Great Tusk|98/100
|-damage|p2a: Great Tusk|95/100|[from] Stealth Rock
|move|p1a: Blissey|Soft-Boiled|p1a: Blissey
|-heal|p1a: Blissey|100/100
|
|upkeep
|turn|23
|
|t:|1759023905
|switch|p1a: Talonflame|Talonflame, M|56/100
|move|p2a: Great Tusk|Ice Spinner|p1a: Talonflame
|-damage|p1a: Talonflame|31/100
|
|upkeep
|turn|24
|
|t:|1759023911
|move|p2a: Great Tusk|Ice Spinner|p1a: Talonflame
|-damage|p1a: Talonflame|7/100
|move|p1a: Talonflame|Roost|p1a: Talonflame
|-heal|p1a: Talonflame|57/100
|-singleturn|p1a: Talonflame|move: Roost
|
|upkeep
|turn|25
|
|t:|1759023915
|-end|p2a: Great Tusk|Protosynthesis|[silent]
|switch|p2a: Alomomola|Alomomola, F|100/100
|-damage|p2a: Alomomola|88/100|[from] Stealth Rock
|move|p1a: Talonflame|Roost|p1a: Talonflame
|-heal|p1a: Talonflame|100/100
|-singleturn|p1a: Talonflame|move: Roost
|
|upkeep
|turn|26
|
|t:|1759023921
|switch|p1a: Gliscor|Gliscor, M|100/100 tox
|-damage|p1a: Gliscor|88/100 tox|[from] Stealth Rock
|move|p2a: Alomomola|Flip Turn|p1a: Gliscor
|-supereffective|p1a: Gliscor
|-damage|p1a: Gliscor|62/100 tox
|
|t:|1759023928
|switch|p2a: Enamorus|Enamorus, F|39/100|[from] Flip Turn
|-damage|p2a: Enamorus|14/100|[from] Stealth Rock
|
|-heal|p1a: Gliscor|74/100 tox|[from] ability: Poison Heal
|upkeep
|turn|27
|
|t:|1759023936
|move|p1a: Gliscor|Protect|p1a: Gliscor
|-singleturn|p1a: Gliscor|Protect
|move|p2a: Enamorus|Moonblast|p1a: Gliscor
|-activate|p1a: Gliscor|move: Protect
|
|-heal|p1a: Gliscor|87/100 tox|[from] ability: Poison Heal
|upkeep
|turn|28
|
|t:|1759023944
|move|p2a: Enamorus|Moonblast|p1a: Gliscor
|-damage|p1a: Gliscor|9/100 tox
|move|p1a: Gliscor|Toxic|p2a: Enamorus
|-status|p2a: Enamorus|tox
|
|-damage|p2a: Enamorus|8/100 tox|[from] psn
|-heal|p1a: Gliscor|22/100 tox|[from] ability: Poison Heal
|upkeep
|turn|29
|-message|osiris seth forfeited.
|
|win|IM AT MY LIMIT
|raw|IM AT MY LIMIT's rating: 1816 &rarr; <strong>1838</strong><br />(+22 for winning)
|raw|osiris seth's rating: 1848 &rarr; <strong>1826</strong><br />(-22 for losing)
|l|☆osiris seth
|player|p2|
