|j|☆Mr Tpen
|j|☆chall torvikk
|t:|1759067565
|gametype|singles
|player|p1|Mr Tpen|2|1780
|player|p2|chall torvikk|gambler|1824
|gen|9
|tier|[Gen 9] OU
|rated|
|rule|HP Percentage Mod: HP is shown in percentages
|rule|Endless Battle Clause: Forcing endless battles is banned
|rule|Species Clause: Limit one of each Pokémon
|rule|OHKO Clause: OHKO moves are banned
|rule|Evasion Items Clause: Evasion items are banned
|rule|Evasion Moves Clause: Evasion moves are banned
|rule|Evasion Abilities Clause: Evasion abilities are banned
|rule|Sleep Moves Clause: Sleep-inducing moves are banned
|clearpoke
|poke|p1|Enamorus, F|
|poke|p1|Kyurem|
|poke|p1|Landorus-Therian, M|
|poke|p1|Kingambit, F|
|poke|p1|Ogerpon-Wellspring, F|
|poke|p1|Glimmora, F|
|poke|p2|Darkrai|
|poke|p2|Enamorus, F|
|poke|p2|Cinderace, F|
|poke|p2|Great Tusk|
|poke|p2|Alomomola, F|
|poke|p2|Amoonguss, F|
|teampreview
|inactive|Battle timer is ON: inactive players will automatically lose when time's up. (requested by Mr Tpen)
|
|t:|1759067597
|teamsize|p1|6
|teamsize|p2|6
|start
|switch|p1a: Kyurem|Kyurem|100/100
|switch|p2a: Darkrai|Darkrai|100/100
|-ability|p1a: Kyurem|Pressure
|turn|1
|
|t:|1759067620
|switch|p2a: Alomomola|Alomomola, F|100/100
|move|p1a: Kyurem|Draco Meteor|p2a: Alomomola
|-damage|p2a: Alomomola|63/100
|-unboost|p1a: Kyurem|spa|2
|
|upkeep
|turn|2
|inactive|chall torvikk has 120 seconds left.
|
|t:|1759067644
|switch|p1a: Ogerpon|Ogerpon-Wellspring, F|100/100
|switch|p2a: Cinderace|Cinderace, F|100/100
|
|upkeep
|turn|3
|j| PIDGEY GORDITO
|
|t:|1759067653
|switch|p1a: Glimmora|Glimmora, F|100/100
|move|p2a: Cinderace|U-turn|p1a: Glimmora
|-resisted|p1a: Glimmora
|-damage|p1a: Glimmora|94/100
|-activate|p1a: Glimmora|ability: Toxic Debris
|-sidestart|p2: chall torvikk|move: Toxic Spikes
|-enditem|p1a: Glimmora|Red Card|[of] p2a: Cinderace
|drag|p2a: Alomomola|Alomomola, F|96/100
|-status|p2a: Alomomola|psn
|
|-damage|p2a: Alomomola|84/100 psn|[from] psn
|upkeep
|turn|4
|
|t:|1759067669
|switch|p1a: Ogerpon|Ogerpon-Wellspring, F|100/100
|move|p2a: Alomomola|Flip Turn|p1a: Ogerpon
|-immune|p1a: Ogerpon|[from] ability: Water Absorb
|
|-damage|p2a: Alomomola|72/100 psn|[from] psn
|upkeep
|turn|5
|l| PIDGEY GORDITO
|
|t:|1759067674
|switch|p2a: Amoonguss|Amoonguss, F|100/100
|-sideend|p2: chall torvikk|move: Toxic Spikes|[of] p2a: Amoonguss
|move|p1a: Ogerpon|Knock Off|p2a: Amoonguss
|-damage|p2a: Amoonguss|73/100
|-enditem|p2a: Amoonguss|Eject Pack|[from] move: Knock Off|[of] p1a: Ogerpon
|
|upkeep
|turn|6
|
|t:|1759067693
|switch|p2a: Enamorus|Enamorus, F|100/100
|move|p1a: Ogerpon|U-turn|p2a: Enamorus
|-resisted|p2a: Enamorus
|-damage|p2a: Enamorus|89/100
|
|t:|1759067697
|switch|p1a: Glimmora|Glimmora, F|94/100|[from] U-turn
|
|upkeep
|turn|7
|
|t:|1759067700
|switch|p1a: Enamorus|Enamorus, F|100/100
|move|p2a: Enamorus|Earth Power|p1a: Enamorus
|-immune|p1a: Enamorus
|
|upkeep
|turn|8
|
|t:|1759067707
|switch|p2a: Alomomola|Alomomola, F|100/100 psn
|move|p1a: Enamorus|Earth Power|p2a: Alomomola
|-damage|p2a: Alomomola|86/100 psn
|
|-damage|p2a: Alomomola|73/100 psn|[from] psn
|upkeep
|turn|9
|
|t:|1759067721
|move|p1a: Enamorus|Superpower|p2a: Alomomola
|-damage|p2a: Alomomola|48/100 psn
|-boost|p1a: Enamorus|atk|1
|-boost|p1a: Enamorus|def|1
|move|p2a: Alomomola|Body Slam|p1a: Enamorus
|-damage|p1a: Enamorus|83/100
|
|-damage|p2a: Alomomola|36/100 psn|[from] psn
|upkeep
|turn|10
|
|t:|1759067746
|switch|p2a: Amoonguss|Amoonguss, F|100/100
|move|p1a: Enamorus|Superpower|p2a: Amoonguss
|-resisted|p2a: Amoonguss
|-damage|p2a: Amoonguss|84/100
|-boost|p1a: Enamorus|atk|1
|-boost|p1a: Enamorus|def|1
|
|upkeep
|turn|11
|
|t:|1759067759
|switch|p1a: Landorus|Landorus-Therian, M|100/100
|-ability|p1a: Landorus|Intimidate|boost
|-unboost|p2a: Amoonguss|atk|1
|move|p2a: Amoonguss|Clear Smog|p1a: Landorus
|-resisted|p1a: Landorus
|-damage|p1a: Landorus|92/100
|-clearboost|p1a: Landorus
|
|upkeep
|turn|12
|inactive|chall torvikk has 120 seconds left.
|
|t:|1759067792
|switch|p2a: Enamorus|Enamorus, F|89/100
|move|p1a: Landorus|Stealth Rock|p2a: Enamorus
|-sidestart|p2: chall torvikk|move: Stealth Rock
|
|upkeep
|turn|13
|
|t:|1759067805
|move|p2a: Enamorus|Moonblast|p1a: Landorus
|-damage|p1a: Landorus|8/100
|-unboost|p1a: Landorus|spa|1
|move|p1a: Landorus|Smack Down|p2a: Enamorus
|-supereffective|p2a: Enamorus
|-damage|p2a: Enamorus|40/100
|-start|p2a: Enamorus|Smack Down
|
|upkeep
|turn|14
|
|t:|1759067811
|move|p2a: Enamorus|Moonblast|p1a: Landorus
|-damage|p1a: Landorus|0 fnt
|faint|p1a: Landorus
|
|upkeep
|
|t:|1759067814
|switch|p1a: Glimmora|Glimmora, F|94/100
|turn|15
|
|t:|1759067832
|move|p2a: Enamorus|Moonblast|p1a: Glimmora
|-resisted|p1a: Glimmora
|-damage|p1a: Glimmora|53/100
|-unboost|p1a: Glimmora|spa|1
|move|p1a: Glimmora|Power Gem|p2a: Enamorus
|-supereffective|p2a: Enamorus
|-damage|p2a: Enamorus|0 fnt
|faint|p2a: Enamorus
|
|upkeep
|
|t:|1759067845
|switch|p2a: Great Tusk|Great Tusk|100/100
|-damage|p2a: Great Tusk|98/100|[from] Stealth Rock
|turn|16
|
|t:|1759067849
|switch|p1a: Ogerpon|Ogerpon-Wellspring, F|100/100
|move|p2a: Great Tusk|Close Combat|p1a: Ogerpon
|-damage|p1a: Ogerpon|18/100
|-unboost|p2a: Great Tusk|def|1
|-unboost|p2a: Great Tusk|spd|1
|
|upkeep
|turn|17
|
|t:|1759067852
|move|p2a: Great Tusk|Close Combat|p1a: Ogerpon
|-damage|p1a: Ogerpon|0 fnt
|-unboost|p2a: Great Tusk|def|1
|-unboost|p2a: Great Tusk|spd|1
|faint|p1a: Ogerpon
|
|upkeep
|
|t:|1759067854
|switch|p1a: Enamorus|Enamorus, F|83/100
|turn|18
|
|t:|1759067861
|-end|p2a: Great Tusk|Protosynthesis|[silent]
|switch|p2a: Amoonguss|Amoonguss, F|100/100
|-damage|p2a: Amoonguss|88/100|[from] Stealth Rock
|-terastallize|p1a: Enamorus|Stellar
|move|p1a: Enamorus|Tera Blast|p2a: Amoonguss|[anim] Tera Blast Stellar
|-damage|p2a: Amoonguss|44/100
|-boost|p1a: Enamorus|atk|1
|-boost|p1a: Enamorus|spa|1
|
|upkeep
|turn|19
|inactive|chall torvikk has 120 seconds left.
|
|t:|1759067897
|switch|p2a: Cinderace|Cinderace, F|100/100
|move|p1a: Enamorus|Tera Blast|p2a: Cinderace|[anim] Tera Blast Stellar
|-damage|p2a: Cinderace|36/100
|-boost|p1a: Enamorus|atk|1
|-boost|p1a: Enamorus|spa|1
|
|upkeep
|turn|20
|inactive|chall torvikk has 120 seconds left.
|
|t:|1759067906
|move|p2a: Cinderace|Court Change|p2a: Cinderace
|-swapsideconditions
|-activate|p2a: Cinderace|move: Court Change
|move|p1a: Enamorus|Tera Blast|p2a: Cinderace|[anim] Tera Blast Stellar
|-damage|p2a: Cinderace|0 fnt
|-boost|p1a: Enamorus|atk|1
|-boost|p1a: Enamorus|spa|1
|faint|p2a: Cinderace
|
|upkeep
|inactive|chall torvikk has 120 seconds left.
|
|t:|1759067914
|switch|p2a: Darkrai|Darkrai|100/100
|turn|21
|
|t:|1759067920
|switch|p1a: Kingambit|Kingambit, F|100/100
|-damage|p1a: Kingambit|94/100|[from] Stealth Rock
|-activate|p1a: Kingambit|ability: Supreme Overlord
|-start|p1a: Kingambit|fallen2|[silent]
|-item|p1a: Kingambit|Air Balloon
|move|p2a: Darkrai|Ice Beam|p1a: Kingambit
|-resisted|p1a: Kingambit
|-damage|p1a: Kingambit|75/100
|-enditem|p1a: Kingambit|Air Balloon
|
|upkeep
|turn|22
|
|t:|1759067925
|switch|p2a: Great Tusk|Great Tusk|98/100
|move|p1a: Kingambit|Iron Head|p2a: Great Tusk
|-damage|p2a: Great Tusk|61/100
|
|upkeep
|turn|23
|
|t:|1759067928
|-end|p1a: Kingambit|fallen2|[silent]
|switch|p1a: Glimmora|Glimmora, F|53/100
|-damage|p1a: Glimmora|40/100|[from] Stealth Rock
|move|p2a: Great Tusk|Close Combat|p1a: Glimmora
|-damage|p1a: Glimmora|0 fnt
|-unboost|p2a: Great Tusk|def|1
|-unboost|p2a: Great Tusk|spd|1
|-activate|p1a: Glimmora|ability: Toxic Debris
|-sidestart|p2: chall torvikk|move: Toxic Spikes
|faint|p1a: Glimmora
|
|upkeep
|
|t:|1759067931
|switch|p1a: Enamorus|Enamorus, F, tera:Stellar|83/100
|turn|24
|
|t:|1759067948
|-end|p2a: Great Tusk|Protosynthesis|[silent]
|switch|p2a: Amoonguss|Amoonguss, F|77/100
|-sideend|p2: chall torvikk|move: Toxic Spikes|[of] p2a: Amoonguss
|move|p1a: Enamorus|Tera Blast|p2a: Amoonguss|[anim] Tera Blast Stellar
|-damage|p2a: Amoonguss|41/100
|-boost|p1a: Enamorus|atk|1
|-boost|p1a: Enamorus|spa|1
|
|upkeep
|turn|25
|
|t:|1759067954
|switch|p2a: Alomomola|Alomomola, F|69/100 psn
|move|p1a: Enamorus|Tera Blast|p2a: Alomomola|[anim] Tera Blast Stellar
|-damage|p2a: Alomomola|44/100 psn
|-boost|p1a: Enamorus|atk|1
|-boost|p1a: Enamorus|spa|1
|
|-damage|p2a: Alomomola|31/100 psn|[from] psn
|upkeep
|turn|26
|
|t:|1759067967
|move|p1a: Enamorus|Tera Blast|p2a: Alomomola|[anim] Tera Blast Stellar
|-damage|p2a: Alomomola|0 fnt
|-boost|p1a: Enamorus|atk|1
|-boost|p1a: Enamorus|spa|1
|faint|p2a: Alomomola
|
|upkeep
|
|t:|1759067971
|switch|p2a: Darkrai|Darkrai|100/100
|turn|27
|
|t:|1759067974
|move|p2a: Darkrai|Ice Beam|p1a: Enamorus
|-supereffective|p1a: Enamorus
|-damage|p1a: Enamorus|0 fnt
|faint|p1a: Enamorus
|
|upkeep
|
|t:|1759067977
|switch|p1a: Kyurem|Kyurem|100/100
|-damage|p1a: Kyurem|76/100|[from] Stealth Rock
|-ability|p1a: Kyurem|Pressure
|turn|28
|
|t:|1759067998
|switch|p2a: Amoonguss|Amoonguss, F|74/100
|move|p1a: Kyurem|Ice Beam|p2a: Amoonguss
|-supereffective|p2a: Amoonguss
|-damage|p2a: Amoonguss|0 fnt
|faint|p2a: Amoonguss
|
|upkeep
|
|t:|1759068004
|switch|p2a: Darkrai|Darkrai|100/100
|turn|29
|
|t:|1759068006
|move|p1a: Kyurem|Ice Beam|p2a: Darkrai
|-damage|p2a: Darkrai|23/100
|move|p2a: Darkrai|Knock Off|p1a: Kyurem
|-damage|p1a: Kyurem|38/100
|-enditem|p1a: Kyurem|Choice Scarf|[from] move: Knock Off|[of] p2a: Darkrai
|
|upkeep
|turn|30
|j| Joao v9898
|
|t:|1759068017
|move|p2a: Darkrai|Dark Pulse|p1a: Kyurem
|-damage|p1a: Kyurem|0 fnt
|faint|p1a: Kyurem
|
|upkeep
|
|t:|1759068020
|switch|p1a: Kingambit|Kingambit, F|75/100
|-damage|p1a: Kingambit|69/100|[from] Stealth Rock
|-activate|p1a: Kingambit|ability: Supreme Overlord
|-start|p1a: Kingambit|fallen5|[silent]
|turn|31
|
|t:|1759068026
|-terastallize|p2a: Darkrai|Dark
|move|p2a: Darkrai|Dark Pulse|p1a: Kingambit
|-resisted|p1a: Kingambit
|-damage|p1a: Kingambit|27/100
|move|p1a: Kingambit|Swords Dance|p1a: Kingambit
|-boost|p1a: Kingambit|atk|2
|
|upkeep
|turn|32
|
|t:|1759068032
|move|p2a: Darkrai|Sucker Punch|p1a: Kingambit
|-resisted|p1a: Kingambit
|-damage|p1a: Kingambit|12/100
|move|p1a: Kingambit|Sucker Punch||[still]
|-fail|p1a: Kingambit
|
|upkeep
|turn|33
|
|t:|1759068034
|move|p2a: Darkrai|Sucker Punch|p1a: Kingambit
|-resisted|p1a: Kingambit
|-crit|p1a: Kingambit
|-damage|p1a: Kingambit|0 fnt
|faint|p1a: Kingambit
|-end|p1a: Kingambit|fallen5|[silent]
|
|win|chall torvikk
|raw|Mr Tpen's rating: 1780 &rarr; <strong>1763</strong><br />(-17 for losing)
|raw|chall torvikk's rating: 1824 &rarr; <strong>1841</strong><br />(+17 for winning)
|l|☆Mr Tpen
|player|p1|
|l|☆chall torvikk
|player|p2|
