|j|☆badatgames2911
|j|☆BaldersGate
|t:|1759000012
|gametype|singles
|player|p1|badatgames2911|2|1222
|player|p2|BaldersGate|lance|1244
|gen|9
|tier|[Gen 9] OU
|rated|
|rule|HP Percentage Mod: HP is shown in percentages
|rule|Endless Battle Clause: Forcing endless battles is banned
|rule|Species Clause: Limit one of each Pokémon
|rule|OHKO Clause: OHKO moves are banned
|rule|Evasion Items Clause: Evasion items are banned
|rule|Evasion Moves Clause: Evasion moves are banned
|rule|Evasion Abilities Clause: Evasion abilities are banned
|rule|Sleep Moves Clause: Sleep-inducing moves are banned
|clearpoke
|poke|p1|Conkeldurr, M|
|poke|p1|Noivern, F|
|poke|p1|Heatran, F|
|poke|p1|Excadrill, M|
|poke|p1|Mamoswine, F|
|poke|p1|Drednaw, M|
|poke|p2|Hawlucha, F|
|poke|p2|Rillaboom, M|
|poke|p2|Iron Moth|
|poke|p2|Glimmora, F|
|poke|p2|Dragapult, F|
|poke|p2|Raging Bolt|
|teampreview
|inactive|Battle timer is ON: inactive players will automatically lose when time's up. (requested by BaldersGate)
|
|t:|1759000032
|teamsize|p1|6
|teamsize|p2|6
|start
|switch|p1a: Caveman|Excadrill, M|100/100
|switch|p2a: Dragapult|Dragapult, F|100/100
|-ability|p1a: Caveman|Mold Breaker
|turn|1
|
|t:|1759000035
|move|p2a: Dragapult|Will-O-Wisp|p1a: Caveman
|-status|p1a: Caveman|brn
|move|p1a: Caveman|Earthquake|p2a: Dragapult
|-damage|p2a: Dragapult|64/100
|
|-damage|p1a: Caveman|94/100 brn|[from] brn
|upkeep
|turn|2
|
|t:|1759000045
|switch|p1a: Rakna|Heatran, F|100/100
|move|p2a: Dragapult|Hex|p1a: Rakna
|-damage|p1a: Rakna|76/100
|
|-heal|p1a: Rakna|82/100|[from] item: Leftovers
|upkeep
|turn|3
|
|t:|1759000051
|switch|p2a: Raging Bolt|Raging Bolt|100/100
|-enditem|p2a: Raging Bolt|Booster Energy
|-activate|p2a: Raging Bolt|ability: Protosynthesis|[fromitem]
|-start|p2a: Raging Bolt|protosynthesisspa
|move|p1a: Rakna|Substitute|p1a: Rakna
|-start|p1a: Rakna|Substitute
|-damage|p1a: Rakna|57/100
|
|-heal|p1a: Rakna|63/100|[from] item: Leftovers
|upkeep
|turn|4
|
|t:|1759000054
|move|p2a: Raging Bolt|Thunderbolt|p1a: Rakna
|-end|p1a: Rakna|Substitute
|move|p1a: Rakna|Earth Power|p2a: Raging Bolt
|-supereffective|p2a: Raging Bolt
|-damage|p2a: Raging Bolt|30/100
|
|-heal|p1a: Rakna|69/100|[from] item: Leftovers
|upkeep
|turn|5
|
|t:|1759000065
|move|p2a: Raging Bolt|Dragon Pulse|p1a: Rakna
|-resisted|p1a: Rakna
|-crit|p1a: Rakna
|-damage|p1a: Rakna|25/100
|move|p1a: Rakna|Earth Power|p2a: Raging Bolt
|-supereffective|p2a: Raging Bolt
|-damage|p2a: Raging Bolt|0 fnt
|faint|p2a: Raging Bolt
|-end|p2a: Raging Bolt|Protosynthesis|[silent]
|
|-heal|p1a: Rakna|31/100|[from] item: Leftovers
|upkeep
|
|t:|1759000072
|switch|p2a: Glimmora|Glimmora, F|100/100
|turn|6
|
|t:|1759000079
|move|p2a: Glimmora|Earth Power|p1a: Rakna
|-supereffective|p1a: Rakna
|-damage|p1a: Rakna|0 fnt
|faint|p1a: Rakna
|
|upkeep
|
|t:|1759000085
|switch|p1a: Linkon Logs|Conkeldurr, M|100/100
|turn|7
|
|t:|1759000100
|move|p2a: Glimmora|Stealth Rock|p1a: Linkon Logs
|-sidestart|p1: badatgames2911|move: Stealth Rock
|move|p1a: Linkon Logs|Knock Off|p2a: Glimmora
|-damage|p2a: Glimmora|51/100
|-activate|p2a: Glimmora|ability: Toxic Debris
|-sidestart|p1: badatgames2911|move: Toxic Spikes
|-enditem|p2a: Glimmora|Red Card|[from] move: Knock Off|[of] p1a: Linkon Logs
|
|-status|p1a: Linkon Logs|brn|[from] item: Flame Orb
|upkeep
|turn|8
|
|t:|1759000117
|move|p2a: Glimmora|Power Gem|p1a: Linkon Logs
|-resisted|p1a: Linkon Logs
|-damage|p1a: Linkon Logs|76/100 brn
|move|p1a: Linkon Logs|Ice Punch|p2a: Glimmora
|-damage|p2a: Glimmora|0 fnt
|-activate|p2a: Glimmora|ability: Toxic Debris
|-sidestart|p1: badatgames2911|move: Toxic Spikes
|faint|p2a: Glimmora
|
|-damage|p1a: Linkon Logs|70/100 brn|[from] brn
|upkeep
|
|t:|1759000123
|switch|p2a: Dragapult|Dragapult, F|64/100
|turn|9
|
|t:|1759000125
|move|p2a: Dragapult|Draco Meteor|p1a: Linkon Logs
|-damage|p1a: Linkon Logs|0 fnt
|-unboost|p2a: Dragapult|spa|2
|faint|p1a: Linkon Logs
|
|upkeep
|
|t:|1759000130
|switch|p1a: Caveman|Excadrill, M|94/100 brn
|-ability|p1a: Caveman|Mold Breaker
|turn|10
|
|t:|1759000139
|switch|p1a: Doombox|Noivern, F|100/100
|-damage|p1a: Doombox|76/100|[from] Stealth Rock
|move|p2a: Dragapult|Hex|p1a: Doombox
|-damage|p1a: Doombox|56/100
|
|upkeep
|turn|11
|
|t:|1759000149
|-terastallize|p1a: Doombox|Normal
|move|p2a: Dragapult|Draco Meteor|p1a: Doombox|[miss]
|-miss|p2a: Dragapult|p1a: Doombox
|move|p1a: Doombox|Draco Meteor|p2a: Dragapult
|-supereffective|p2a: Dragapult
|-damage|p2a: Dragapult|0 fnt
|-unboost|p1a: Doombox|spa|2
|faint|p2a: Dragapult
|
|upkeep
|
|t:|1759000167
|switch|p2a: Iron Moth|Iron Moth|100/100
|-enditem|p2a: Iron Moth|Booster Energy
|-activate|p2a: Iron Moth|ability: Quark Drive|[fromitem]
|-start|p2a: Iron Moth|quarkdrivespe
|turn|12
|
|t:|1759000175
|switch|p1a: Caveman|Excadrill, M|94/100 brn
|-ability|p1a: Caveman|Mold Breaker
|move|p2a: Iron Moth|Fiery Dance|p1a: Caveman
|-supereffective|p1a: Caveman
|-damage|p1a: Caveman|0 fnt
|faint|p1a: Caveman
|
|upkeep
|
|t:|1759000180
|switch|p1a: Yummy|Drednaw, M|100/100
|-damage|p1a: Yummy|88/100|[from] Stealth Rock
|-status|p1a: Yummy|tox
|turn|13
|
|t:|1759000190
|-terastallize|p2a: Iron Moth|Ground
|move|p2a: Iron Moth|Tera Blast|p1a: Yummy|[anim] Tera Blast Ground
|-supereffective|p1a: Yummy
|-damage|p1a: Yummy|0 fnt
|faint|p1a: Yummy
|
|upkeep
|
|t:|1759000196
|switch|p1a: Doombox|Noivern, F, tera:Normal|56/100
|-damage|p1a: Doombox|44/100|[from] Stealth Rock
|-status|p1a: Doombox|tox
|turn|14
|
|t:|1759000199
|move|p2a: Iron Moth|Fiery Dance|p1a: Doombox
|-damage|p1a: Doombox|0 fnt
|-boost|p2a: Iron Moth|spa|1
|faint|p1a: Doombox
|
|upkeep
|-message|badatgames2911 forfeited.
|
|win|BaldersGate
|raw|badatgames2911's rating: 1222 &rarr; <strong>1199</strong><br />(-23 for losing)
|raw|BaldersGate's rating: 1244 &rarr; <strong>1267</strong><br />(+23 for winning)
|l|☆badatgames2911
|player|p1|
|l|☆BaldersGate
|player|p2|
