|j|☆DavyDXebecc
|j|☆vaynete
|t:|1759037834
|gametype|singles
|player|p1|DavyDXebecc|169|1549
|player|p2|vaynete|winona|1571
|gen|9
|tier|[Gen 9] OU
|rated|
|rule|HP Percentage Mod: HP is shown in percentages
|rule|Endless Battle Clause: Forcing endless battles is banned
|rule|Species Clause: Limit one of each Pokémon
|rule|OHKO Clause: OHKO moves are banned
|rule|Evasion Items Clause: Evasion items are banned
|rule|Evasion Moves Clause: Evasion moves are banned
|rule|Evasion Abilities Clause: Evasion abilities are banned
|rule|Sleep Moves Clause: Sleep-inducing moves are banned
|clearpoke
|poke|p1|Gholdengo|
|poke|p1|Toxapex, M|
|poke|p1|Landorus-Therian, M|
|poke|p1|Mimikyu, F|
|poke|p1|Cinderace, M|
|poke|p1|Clefable, M|
|poke|p2|Ogerpon-Wellspring, F|
|poke|p2|Kingambit, F|
|poke|p2|Landorus-Therian, M|
|poke|p2|Glimmora, F|
|poke|p2|Dragapult, F|
|poke|p2|Iron Valiant|
|teampreview
|inactive|Battle timer is ON: inactive players will automatically lose when time's up. (requested by vaynete)
|
|t:|1759037844
|teamsize|p1|6
|teamsize|p2|6
|start
|switch|p1a: Landorus|Landorus-Therian, M|100/100
|switch|p2a: Glimmora|Glimmora, F|100/100
|-ability|p1a: Landorus|Intimidate|boost
|-unboost|p2a: Glimmora|atk|1
|turn|1
|
|t:|1759037852
|move|p1a: Landorus|Earthquake|p2a: Glimmora
|-supereffective|p2a: Glimmora
|-damage|p2a: Glimmora|0 fnt
|-activate|p2a: Glimmora|ability: Toxic Debris
|-sidestart|p1: DavyDXebecc|move: Toxic Spikes
|faint|p2a: Glimmora
|
|upkeep
|
|t:|1759037854
|switch|p2a: Ogerpon|Ogerpon-Wellspring, F|100/100
|turn|2
|
|t:|1759037861
|switch|p1a: Toxapex|Toxapex, M|100/100
|-sideend|p1: DavyDXebecc|move: Toxic Spikes|[of] p1a: Toxapex
|move|p2a: Ogerpon|U-turn|p1a: Toxapex
|-resisted|p1a: Toxapex
|-damage|p1a: Toxapex|89/100
|
|t:|1759037868
|switch|p2a: Dragapult|Dragapult, F|100/100|[from] U-turn
|
|-heal|p1a: Toxapex|95/100|[from] item: Leftovers
|upkeep
|turn|3
|
|t:|1759037874
|move|p2a: Dragapult|Draco Meteor|p1a: Toxapex
|-damage|p1a: Toxapex|39/100
|-unboost|p2a: Dragapult|spa|2
|move|p1a: Toxapex|Toxic|p2a: Dragapult
|-status|p2a: Dragapult|tox
|
|-heal|p1a: Toxapex|45/100|[from] item: Leftovers
|-damage|p2a: Dragapult|95/100 tox|[from] psn
|upkeep
|turn|4
|
|t:|1759037885
|switch|p2a: Landorus|Landorus-Therian, M|100/100
|-ability|p2a: Landorus|Intimidate|boost
|-unboost|p1a: Toxapex|atk|1
|switch|p1a: Clefable|Clefable, M|100/100
|
|upkeep
|turn|5
|
|t:|1759037893
|move|p2a: Landorus|Taunt|p1a: Clefable
|-start|p1a: Clefable|move: Taunt
|move|p1a: Clefable|Ice Beam|p2a: Landorus
|-supereffective|p2a: Landorus
|-crit|p2a: Landorus
|-damage|p2a: Landorus|0 fnt
|faint|p2a: Landorus
|
|upkeep
|
|t:|1759037896
|switch|p2a: Kingambit|Kingambit, F|100/100
|-activate|p2a: Kingambit|ability: Supreme Overlord
|-start|p2a: Kingambit|fallen2|[silent]
|turn|6
|
|t:|1759037905
|-terastallize|p1a: Clefable|Fire
|move|p1a: Clefable|Flamethrower|p2a: Kingambit
|-supereffective|p2a: Kingambit
|-damage|p2a: Kingambit|1/100
|move|p2a: Kingambit|Swords Dance|p2a: Kingambit
|-boost|p2a: Kingambit|atk|2
|
|-heal|p2a: Kingambit|7/100|[from] item: Leftovers
|upkeep
|turn|7
|
|t:|1759037917
|move|p2a: Kingambit|Sucker Punch|p1a: Clefable
|-damage|p1a: Clefable|0 fnt
|faint|p1a: Clefable
|
|-heal|p2a: Kingambit|14/100|[from] item: Leftovers
|upkeep
|
|t:|1759037925
|switch|p1a: Landorus|Landorus-Therian, M|100/100
|-ability|p1a: Landorus|Intimidate|boost
|-unboost|p2a: Kingambit|atk|1
|turn|8
|
|t:|1759037930
|-end|p2a: Kingambit|fallen2|[silent]
|switch|p2a: Ogerpon|Ogerpon-Wellspring, F|100/100
|move|p1a: Landorus|Earthquake|p2a: Ogerpon
|-resisted|p2a: Ogerpon
|-damage|p2a: Ogerpon|72/100
|
|upkeep
|turn|9
|
|t:|1759037940
|-terastallize|p2a: Ogerpon|Water
|detailschange|p2a: Ogerpon|Ogerpon-Wellspring-Tera, F, tera:Water
|-ability|p2a: Ogerpon|Embody Aspect (Wellspring)|boost
|-boost|p2a: Ogerpon|spd|1
|move|p2a: Ogerpon|Ivy Cudgel|p1a: Landorus|[anim] Ivy Cudgel Water
|-supereffective|p1a: Landorus
|-damage|p1a: Landorus|0 fnt
|faint|p1a: Landorus
|
|upkeep
|
|t:|1759037951
|switch|p1a: Toxapex|Toxapex, M|78/100
|turn|10
|
|t:|1759037955
|switch|p2a: Kingambit|Kingambit, F|14/100
|-activate|p2a: Kingambit|ability: Supreme Overlord
|-start|p2a: Kingambit|fallen2|[silent]
|move|p1a: Toxapex|Baneful Bunker||[still]
|-fail|p1a: Toxapex
|
|-heal|p2a: Kingambit|20/100|[from] item: Leftovers
|-heal|p1a: Toxapex|85/100|[from] item: Leftovers
|upkeep
|turn|11
|
|t:|1759037973
|switch|p1a: Mimikyu|Mimikyu, F|100/100
|move|p2a: Kingambit|Swords Dance|p2a: Kingambit
|-boost|p2a: Kingambit|atk|2
|
|-heal|p2a: Kingambit|26/100|[from] item: Leftovers
|upkeep
|turn|12
|
|t:|1759037981
|move|p1a: Mimikyu|Play Rough|p2a: Kingambit
|-damage|p2a: Kingambit|0 fnt
|faint|p2a: Kingambit
|-end|p2a: Kingambit|fallen2|[silent]
|-damage|p1a: Mimikyu|91/100|[from] item: Life Orb
|
|upkeep
|
|t:|1759037989
|switch|p2a: Ogerpon|Ogerpon-Wellspring-Tera, F, tera:Water|72/100
|-ability|p2a: Ogerpon|Embody Aspect (Wellspring)|boost
|-boost|p2a: Ogerpon|spd|1
|turn|13
|
|t:|1759037995
|move|p2a: Ogerpon|Horn Leech|p1a: Mimikyu
|-activate|p1a: Mimikyu|ability: Disguise
|-damage|p1a: Mimikyu|91/100
|detailschange|p1a: Mimikyu|Mimikyu-Busted, F
|-damage|p1a: Mimikyu|78/100|[from] pokemon: Mimikyu-Busted
|move|p1a: Mimikyu|Shadow Claw|p2a: Ogerpon
|-damage|p2a: Ogerpon|26/100
|-damage|p1a: Mimikyu|68/100|[from] item: Life Orb
|
|upkeep
|turn|14
|
|t:|1759038006
|move|p1a: Mimikyu|Shadow Sneak|p2a: Ogerpon
|-damage|p2a: Ogerpon|0 fnt
|faint|p2a: Ogerpon
|detailschange|p2: Ogerpon|Ogerpon-Wellspring, F|[silent]
|-damage|p1a: Mimikyu|58/100|[from] item: Life Orb
|
|upkeep
|
|t:|1759038008
|switch|p2a: Dragapult|Dragapult, F|95/100 tox
|turn|15
|
|t:|1759038013
|move|p1a: Mimikyu|Shadow Sneak|p2a: Dragapult
|-supereffective|p2a: Dragapult
|-damage|p2a: Dragapult|36/100 tox
|-damage|p1a: Mimikyu|48/100|[from] item: Life Orb
|move|p2a: Dragapult|Shadow Ball|p1a: Mimikyu
|-supereffective|p1a: Mimikyu
|-damage|p1a: Mimikyu|0 fnt
|faint|p1a: Mimikyu
|
|-damage|p2a: Dragapult|30/100 tox|[from] psn
|upkeep
|
|t:|1759038028
|switch|p1a: Gholdengo|Gholdengo|100/100
|turn|16
|
|t:|1759038036
|move|p1a: Gholdengo|Make It Rain|p2a: Dragapult
|-damage|p2a: Dragapult|0 fnt
|-unboost|p1a: Gholdengo|spa|1
|faint|p2a: Dragapult
|
|upkeep
|
|t:|1759038038
|switch|p2a: Iron Valiant|Iron Valiant|100/100
|-enditem|p2a: Iron Valiant|Booster Energy
|-activate|p2a: Iron Valiant|ability: Quark Drive|[fromitem]
|-start|p2a: Iron Valiant|quarkdrivespe
|turn|17
|-message|vaynete forfeited.
|
|win|DavyDXebecc
|raw|DavyDXebecc's rating: 1549 &rarr; <strong>1570</strong><br />(+21 for winning)
|raw|vaynete's rating: 1571 &rarr; <strong>1550</strong><br />(-21 for losing)
|l|☆vaynete
|player|p2|
|l|☆DavyDXebecc
|player|p1|
