|j|☆XxHighSoulxX
|j|☆Shoko_Akoo
|t:|1758932247
|gametype|singles
|player|p1|XxHighSoulxX|shadowtriad|1082
|player|p2|Shoko_Akoo|benga|1118
|gen|9
|tier|[Gen 9] OU
|rated|
|rule|HP Percentage Mod: HP is shown in percentages
|rule|Endless Battle Clause: Forcing endless battles is banned
|rule|Species Clause: Limit one of each Pokémon
|rule|OHKO Clause: OHKO moves are banned
|rule|Evasion Items Clause: Evasion items are banned
|rule|Evasion Moves Clause: Evasion moves are banned
|rule|Evasion Abilities Clause: Evasion abilities are banned
|rule|Sleep Moves Clause: Sleep-inducing moves are banned
|clearpoke
|poke|p1|Meganium, M|
|poke|p1|Incineroar, F|
|poke|p1|Cloyster, F|
|poke|p1|Lycanroc-Midnight, F|
|poke|p1|Rabsca, F|
|poke|p1|Avalugg, M|
|poke|p2|Metagross|
|poke|p2|Zoroark-Hisui, M|
|poke|p2|Avalugg-Hisui, F|
|poke|p2|Haxorus, M|
|poke|p2|Umbreon, F|
|poke|p2|Necrozma|
|teampreview
|inactive|Battle timer is ON: inactive players will automatically lose when time's up. (requested by XxHighSoulxX)
|
|t:|1758932258
|teamsize|p1|6
|teamsize|p2|6
|start
|switch|p1a: Incineroar|Incineroar, F, shiny|100/100
|switch|p2a: Megagross|Metagross, shiny|100/100
|-ability|p1a: Incineroar|Intimidate|boost
|-unboost|p2a: Megagross|atk|1
|turn|1
|inactive|Shoko_Akoo has 120 seconds left.
|
|t:|1758932310
|move|p2a: Megagross|Sludge Bomb|p1a: Incineroar
|-damage|p1a: Incineroar|72/100
|move|p1a: Incineroar|U-turn|p2a: Megagross
|-resisted|p2a: Megagross
|-damage|p2a: Megagross|74/100
|replace|p2a: Arko|Zoroark-Hisui, M, shiny
|-end|p2a: Arko|Illusion
|
|t:|1758932332
|switch|p1a: Cloyster|Cloyster, F, shiny|100/100|[from] U-turn
|
|upkeep
|turn|2
|
|t:|1758932344
|move|p2a: Arko|Sludge Bomb|p1a: Cloyster
|-damage|p1a: Cloyster|45/100
|move|p1a: Cloyster|Shell Smash|p1a: Cloyster
|-unboost|p1a: Cloyster|def|1
|-unboost|p1a: Cloyster|spd|1
|-boost|p1a: Cloyster|atk|2
|-boost|p1a: Cloyster|spa|2
|-boost|p1a: Cloyster|spe|2
|-enditem|p1a: Cloyster|White Herb
|-clearnegativeboost|p1a: Cloyster|[silent]
|
|upkeep
|turn|3
|
|t:|1758932354
|move|p2a: Arko|Sludge Bomb|p1a: Cloyster
|-damage|p1a: Cloyster|0 fnt
|faint|p1a: Cloyster
|
|upkeep
|
|t:|1758932362
|switch|p1a: Incineroar|Incineroar, F, shiny|72/100
|-ability|p1a: Incineroar|Intimidate|boost
|-unboost|p2a: Arko|atk|1
|turn|4
|
|t:|1758932367
|move|p2a: Arko|Sludge Bomb|p1a: Incineroar
|-damage|p1a: Incineroar|40/100
|move|p1a: Incineroar|Parting Shot|p2a: Arko
|-unboost|p2a: Arko|atk|1
|-unboost|p2a: Arko|spa|1
|
|t:|1758932386
|switch|p1a: Avalugg|Avalugg, M, shiny|100/100|[from] Parting Shot
|
|upkeep
|turn|5
|inactive|Shoko_Akoo has 120 seconds left.
|c|☆Shoko_Akoo|Damn Pokémon that can't deal Poison
|
|t:|1758932403
|move|p2a: Arko|Sludge Bomb|p1a: Avalugg
|-damage|p1a: Avalugg|80/100
|-status|p1a: Avalugg|psn
|move|p1a: Avalugg|Avalanche|p2a: Arko
|-damage|p2a: Arko|0 fnt
|faint|p2a: Arko
|
|-damage|p1a: Avalugg|68/100 psn|[from] psn
|upkeep
|c|☆Shoko_Akoo|Just because I said so
|
|t:|1758932426
|switch|p2a: Necro|Necrozma|100/100
|turn|6
|
|t:|1758932435
|move|p2a: Necro|Calm Mind|p2a: Necro
|-boost|p2a: Necro|spa|1
|-boost|p2a: Necro|spd|1
|move|p1a: Avalugg|Avalanche|p2a: Necro
|-crit|p2a: Necro
|-damage|p2a: Necro|63/100
|
|-damage|p1a: Avalugg|55/100 psn|[from] psn
|upkeep
|turn|7
|
|t:|1758932448
|switch|p1a: Incineroar|Incineroar, F, shiny|40/100
|-ability|p1a: Incineroar|Intimidate|boost
|-unboost|p2a: Necro|atk|1
|move|p2a: Necro|Photon Geyser|p1a: Incineroar
|-immune|p1a: Incineroar
|
|-heal|p1a: Incineroar|46/100|[from] item: Leftovers
|upkeep
|turn|8
|
|t:|1758932458
|move|p2a: Necro|Charge Beam|p1a: Incineroar
|-damage|p1a: Incineroar|16/100
|move|p1a: Incineroar|Darkest Lariat|p2a: Necro
|-supereffective|p2a: Necro
|-damage|p2a: Necro|8/100
|
|-heal|p1a: Incineroar|22/100|[from] item: Leftovers
|upkeep
|turn|9
|
|t:|1758932463
|move|p2a: Necro|Charge Beam|p1a: Incineroar
|-crit|p1a: Incineroar
|-damage|p1a: Incineroar|0 fnt
|-boost|p2a: Necro|spa|1
|faint|p1a: Incineroar
|
|upkeep
|
|t:|1758932475
|switch|p1a: Avalugg|Avalugg, M, shiny|55/100 psn
|turn|10
|
|t:|1758932481
|move|p2a: Necro|Photon Geyser|p1a: Avalugg
|-damage|p1a: Avalugg|0 fnt
|faint|p1a: Avalugg
|
|upkeep
|
|t:|1758932489
|switch|p1a: Meganium|Meganium, M, shiny|100/100
|turn|11
|
|t:|1758932504
|move|p1a: Meganium|Giga Drain|p2a: Necro
|-damage|p2a: Necro|0 fnt
|faint|p2a: Necro
|
|upkeep
|
|t:|1758932517
|switch|p2a: Umbrella|Umbreon, F, shiny|100/100
|turn|12
|
|t:|1758932525
|switch|p1a: Lycanroc|Lycanroc-Midnight, F, shiny|100/100
|move|p2a: Umbrella|Light Screen|p2a: Umbrella
|-sidestart|p2: Shoko_Akoo|move: Light Screen
|
|upkeep
|turn|13
|
|t:|1758932533
|-terastallize|p1a: Lycanroc|Fairy
|move|p1a: Lycanroc|Bulk Up|p1a: Lycanroc
|-boost|p1a: Lycanroc|atk|1
|-boost|p1a: Lycanroc|def|1
|move|p2a: Umbrella|Alluring Voice|p1a: Lycanroc
|-damage|p1a: Lycanroc|87/100
|-start|p1a: Lycanroc|confusion
|
|upkeep
|turn|14
|
|t:|1758932547
|-activate|p1a: Lycanroc|confusion
|move|p1a: Lycanroc|Play Rough|p2a: Umbrella
|-supereffective|p2a: Umbrella
|-damage|p2a: Umbrella|0 fnt
|faint|p2a: Umbrella
|
|upkeep
|
|t:|1758932555
|switch|p2a: Hax|Haxorus, M, shiny|100/100
|-ability|p2a: Hax|Mold Breaker
|turn|15
|
|t:|1758932559
|-terastallize|p2a: Hax|Steel
|move|p2a: Hax|Dragon Dance|p2a: Hax
|-boost|p2a: Hax|atk|1
|-boost|p2a: Hax|spe|1
|-end|p1a: Lycanroc|confusion
|move|p1a: Lycanroc|Play Rough|p2a: Hax
|-resisted|p2a: Hax
|-damage|p2a: Hax|54/100
|
|upkeep
|turn|16
|inactive|Shoko_Akoo has 120 seconds left.
|
|t:|1758932593
|move|p2a: Hax|Earthquake|p1a: Lycanroc
|-damage|p1a: Lycanroc|5/100
|-damage|p2a: Hax|45/100|[from] item: Life Orb
|move|p1a: Lycanroc|Play Rough|p2a: Hax
|-resisted|p2a: Hax
|-damage|p2a: Hax|0 fnt
|faint|p2a: Hax
|
|-sideend|p2: Shoko_Akoo|move: Light Screen
|upkeep
|
|t:|1758932596
|switch|p2a: Megagross|Metagross, shiny|100/100
|turn|17
|inactive|Shoko_Akoo has 120 seconds left.
|
|t:|1758932613
|move|p1a: Lycanroc|Play Rough|p2a: Megagross
|-resisted|p2a: Megagross
|-damage|p2a: Megagross|72/100
|move|p2a: Megagross|Meteor Mash|p1a: Lycanroc
|-supereffective|p1a: Lycanroc
|-damage|p1a: Lycanroc|0 fnt
|faint|p1a: Lycanroc
|
|upkeep
|
|t:|1758932633
|switch|p1a: Rabsca|Rabsca, F, shiny|100/100
|turn|18
|inactive|Shoko_Akoo has 120 seconds left.
|
|t:|1758932657
|move|p2a: Megagross|Ice Punch|p1a: Rabsca
|-damage|p1a: Rabsca|72/100
|move|p1a: Rabsca|Revival Blessing|p1a: Rabsca
|-enditem|p1a: Rabsca|Leppa Berry|[eat]
|-activate|p1a: Rabsca|item: Leppa Berry|Revival Blessing|[consumed]
|
|t:|1758932668
|-heal|p1: Cloyster|50/100|[from] move: Revival Blessing
|
|upkeep
|turn|19
|inactive|Shoko_Akoo has 120 seconds left.
|
|t:|1758932690
|move|p2a: Megagross|Meteor Mash|p1a: Rabsca
|-damage|p1a: Rabsca|24/100
|move|p1a: Rabsca|Revival Blessing|p1a: Rabsca
|
|t:|1758932704
|-heal|p1: Incineroar|50/100|[from] move: Revival Blessing
|
|upkeep
|turn|20
|inactive|Shoko_Akoo has 120 seconds left.
|
|t:|1758932712
|move|p2a: Megagross|Meteor Mash|p1a: Rabsca
|-damage|p1a: Rabsca|0 fnt
|-boost|p2a: Megagross|atk|1
|faint|p1a: Rabsca
|
|upkeep
|
|t:|1758932723
|switch|p1a: Incineroar|Incineroar, F, shiny|50/100
|-ability|p1a: Incineroar|Intimidate|boost
|-fail|p2a: Megagross|unboost|[from] ability: Clear Body|[of] p2a: Megagross
|turn|21
|
|t:|1758932734
|move|p2a: Megagross|Earthquake|p1a: Incineroar
|-supereffective|p1a: Incineroar
|-damage|p1a: Incineroar|0 fnt
|faint|p1a: Incineroar
|
|upkeep
|
|t:|1758932736
|switch|p1a: Meganium|Meganium, M, shiny|100/100
|turn|22
|
|t:|1758932744
|move|p1a: Meganium|Giga Drain|p2a: Megagross
|-resisted|p2a: Megagross
|-damage|p2a: Megagross|48/100
|move|p2a: Megagross|Ice Punch|p1a: Meganium
|-supereffective|p1a: Meganium
|-damage|p1a: Meganium|22/100
|
|upkeep
|turn|23
|
|t:|1758932753
|move|p1a: Meganium|Giga Drain|p2a: Megagross
|-resisted|p2a: Megagross
|-damage|p2a: Megagross|25/100
|-heal|p1a: Meganium|34/100|[from] drain|[of] p2a: Megagross
|move|p2a: Megagross|Ice Punch|p1a: Meganium
|-supereffective|p1a: Meganium
|-damage|p1a: Meganium|0 fnt
|faint|p1a: Meganium
|
|upkeep
|
|t:|1758932757
|switch|p1a: Cloyster|Cloyster, F, shiny|50/100
|turn|24
|
|t:|1758932771
|move|p1a: Cloyster|Icicle Spear|p2a: Megagross
|-resisted|p2a: Megagross
|-damage|p2a: Megagross|22/100
|-resisted|p2a: Megagross
|-damage|p2a: Megagross|19/100
|-resisted|p2a: Megagross
|-crit|p2a: Megagross
|-damage|p2a: Megagross|13/100
|-resisted|p2a: Megagross
|-damage|p2a: Megagross|10/100
|-resisted|p2a: Megagross
|-damage|p2a: Megagross|6/100
|-hitcount|p2a: Megagross|5
|move|p2a: Megagross|Meteor Mash|p1a: Cloyster
|-damage|p1a: Cloyster|0 fnt
|faint|p1a: Cloyster
|
|win|Shoko_Akoo
|raw|XxHighSoulxX's rating: 1082 &rarr; <strong>1062</strong><br />(-20 for losing)
|raw|Shoko_Akoo's rating: 1118 &rarr; <strong>1140</strong><br />(+22 for winning)
|l|☆XxHighSoulxX
|player|p1|
|l|☆Shoko_Akoo
|player|p2|
