|j|‽cacao1
|j|☆panzershock
|t:|1758991982
|gametype|singles
|player|p1|cacao1|102|1272
|player|p2|panzershock|170|1324
|gen|9
|tier|[Gen 9] OU
|rated|
|rule|HP Percentage Mod: HP is shown in percentages
|rule|Endless Battle Clause: Forcing endless battles is banned
|rule|Species Clause: Limit one of each Pokémon
|rule|OHKO Clause: OHKO moves are banned
|rule|Evasion Items Clause: Evasion items are banned
|rule|Evasion Moves Clause: Evasion moves are banned
|rule|Evasion Abilities Clause: Evasion abilities are banned
|rule|Sleep Moves Clause: Sleep-inducing moves are banned
|clearpoke
|poke|p1|Cinderace, M|
|poke|p1|Rillaboom, F|
|poke|p1|Greninja-*, M|
|poke|p1|Meowscarada, F|
|poke|p1|Primarina, F|
|poke|p1|Infernape, F|
|poke|p2|Tornadus-Therian, M|
|poke|p2|Decidueye, F|
|poke|p2|Oinkologne-F, F|
|poke|p2|Dusclops, F|
|poke|p2|Jirachi|
|poke|p2|Toxtricity-Low-Key, M|
|teampreview
|inactive|Battle timer is ON: inactive players will automatically lose when time's up. (requested by cacao1)
|inactive|panzershock has 120 seconds left.
|
|t:|1758992020
|teamsize|p1|6
|teamsize|p2|6
|start
|switch|p1a: Infernape|Infernape, F|100/100
|switch|p2a: Oinkologne|Oinkologne-F, F|100/100
|turn|1
|
|t:|1758992030
|switch|p2a: Dusclops|Dusclops, F|100/100
|-ability|p2a: Dusclops|Pressure
|move|p1a: Infernape|Focus Blast|p2a: Dusclops
|-immune|p2a: Dusclops
|
|upkeep
|turn|2
|
|t:|1758992041
|move|p1a: Infernape|Nasty Plot|p1a: Infernape
|-boost|p1a: Infernape|spa|2
|move|p2a: Dusclops|Poltergeist|p1a: Infernape|[miss]
|-miss|p2a: Dusclops|p1a: Infernape
|
|upkeep
|turn|3
|
|t:|1758992048
|move|p1a: Infernape|Fire Blast|p2a: Dusclops|[miss]
|-miss|p1a: Infernape|p2a: Dusclops
|move|p2a: Dusclops|Curse|p1a: Infernape
|-start|p1a: Infernape|Curse|[of] p2a: Dusclops
|-damage|p2a: Dusclops|51/100
|
|-damage|p1a: Infernape|76/100|[from] Curse
|upkeep
|turn|4
|
|t:|1758992058
|switch|p2a: Oinkologne|Oinkologne-F, F|100/100
|move|p1a: Infernape|Fire Blast|p2a: Oinkologne
|-damage|p2a: Oinkologne|62/100
|-status|p2a: Oinkologne|brn
|-damage|p1a: Infernape|66/100|[from] item: Life Orb
|
|-damage|p2a: Oinkologne|56/100 brn|[from] brn
|-damage|p1a: Infernape|41/100|[from] Curse
|upkeep
|turn|5
|
|t:|1758992069
|move|p1a: Infernape|Fire Blast|p2a: Oinkologne
|-damage|p2a: Oinkologne|21/100 brn
|-damage|p1a: Infernape|31/100|[from] item: Life Orb
|move|p2a: Oinkologne|Super Fang|p1a: Infernape
|-damage|p1a: Infernape|16/100
|
|-damage|p2a: Oinkologne|15/100 brn|[from] brn
|-damage|p1a: Infernape|0 fnt|[from] Curse
|faint|p1a: Infernape
|upkeep
|
|t:|1758992078
|switch|p1a: Greninja|Greninja, M|100/100
|turn|6
|
|t:|1758992095
|switch|p2a: Toxtricity|Toxtricity-Low-Key, M|100/100
|move|p1a: Greninja|Dark Pulse|p2a: Toxtricity
|-damage|p2a: Toxtricity|42/100
|
|-heal|p2a: Toxtricity|48/100|[from] item: Black Sludge
|upkeep
|turn|7
|
|t:|1758992117
|move|p1a: Greninja|Dark Pulse|p2a: Toxtricity
|-damage|p2a: Toxtricity|0 fnt
|faint|p2a: Toxtricity
|-ability|p1a: Greninja|Battle Bond|boost
|-boost|p1a: Greninja|atk|1
|-boost|p1a: Greninja|spa|1
|-boost|p1a: Greninja|spe|1
|-activate|p1a: Greninja|ability: Battle Bond
|
|upkeep
|inactive|panzershock has 120 seconds left.
|
|t:|1758992134
|switch|p2a: Tornadus|Tornadus-Therian, M|100/100
|turn|8
|inactive|panzershock has 120 seconds left.
|
|t:|1758992141
|-terastallize|p2a: Tornadus|Flying
|move|p1a: Greninja|Dark Pulse|p2a: Tornadus
|-damage|p2a: Tornadus|8/100
|move|p2a: Tornadus|Acrobatics|p1a: Greninja
|-damage|p1a: Greninja|3/100
|
|upkeep
|turn|9
|-message|panzershock forfeited.
|
|win|cacao1
|raw|cacao1's rating: 1272 &rarr; <strong>1301</strong><br />(+29 for winning)
|raw|panzershock's rating: 1324 &rarr; <strong>1301</strong><br />(-23 for losing)
|l|☆panzershock
|player|p2|
|l|‽cacao1
|player|p1|
