|badge|p1|bronze|gen9ou|100-6
|html|<div class="broadcast-red"><strong>This battle is required to be public due to one or more player having a season medal.</strong><br />During the public phase, you can discuss the state of the ladder <a href="/seasondiscussion">in a special chatroom.</a></div>
|uhtml|medal-msg|<div class="broadcast-blue">Curious what those medals under the avatar are? PS now has Ladder Seasons! For more information, check out the <a href="https://www.smogon.com/forums/threads/3740067/">thread on Smogon.</a></div>
|badge|p2|bronze|gen9ou|100-6
|uhtml|medal-msg|<div class="broadcast-blue">Curious what those medals under the avatar are? PS now has Ladder Seasons! For more information, check out the <a href="https://www.smogon.com/forums/threads/3740067/">thread on Smogon.</a></div>
|j|‽JackRG1
|j|☆Obito 2001
|t:|1759015317
|gametype|singles
|player|p1|JackRG1|dawn-gen4pt|1875
|player|p2|Obito 2001|blue-gen3two|1812
|gen|9
|tier|[Gen 9] OU
|rated|
|rule|HP Percentage Mod: HP is shown in percentages
|rule|Endless Battle Clause: Forcing endless battles is banned
|rule|Species Clause: Limit one of each Pokémon
|rule|OHKO Clause: OHKO moves are banned
|rule|Evasion Items Clause: Evasion items are banned
|rule|Evasion Moves Clause: Evasion moves are banned
|rule|Evasion Abilities Clause: Evasion abilities are banned
|rule|Sleep Moves Clause: Sleep-inducing moves are banned
|clearpoke
|poke|p1|Weezing-Galar, M|
|poke|p1|Ting-Lu|
|poke|p1|Corviknight, M|
|poke|p1|Skeledirge, F|
|poke|p1|Dragapult, F|
|poke|p1|Ogerpon-Wellspring, F|
|poke|p2|Masquerain, F|
|poke|p2|Arcanine-Hisui, F|
|poke|p2|Cinderace, F|
|poke|p2|Enamorus, F|
|poke|p2|Great Tusk|
|poke|p2|Gholdengo|
|teampreview
|inactive|Battle timer is ON: inactive players will automatically lose when time's up. (requested by Obito 2001)
|inactive|JackRG1 also wants the timer to be on.
|
|t:|1759015324
|teamsize|p1|6
|teamsize|p2|6
|start
|switch|p1a: Dragapult|Dragapult, F|100/100
|switch|p2a: Ban Wogerpon|Masquerain, F|100/100
|-ability|p2a: Ban Wogerpon|Intimidate|boost
|-fail|p1a: Dragapult|unboost|[from] ability: Clear Body|[of] p1a: Dragapult
|turn|1
|
|t:|1759015330
|switch|p2a: Ban Gliscor|Enamorus, F|100/100
|move|p1a: Dragapult|U-turn|p2a: Ban Gliscor
|-resisted|p2a: Ban Gliscor
|-damage|p2a: Ban Gliscor|94/100
|
|t:|1759015333
|switch|p1a: Ting-Lu|Ting-Lu, shiny|100/100|[from] U-turn
|-ability|p1a: Ting-Lu|Vessel of Ruin
|
|upkeep
|turn|2
|j| amefurikoneko
|
|t:|1759015338
|switch|p2a: Ban Wogerpon|Masquerain, F|100/100
|-ability|p2a: Ban Wogerpon|Intimidate|boost
|-unboost|p1a: Ting-Lu|atk|1
|move|p1a: Ting-Lu|Stealth Rock|p2a: Ban Wogerpon
|-sidestart|p2: Obito 2001|move: Stealth Rock
|
|upkeep
|turn|3
|
|t:|1759015345
|move|p2a: Ban Wogerpon|Sticky Web|p1a: Ting-Lu
|-sidestart|p1: JackRG1|move: Sticky Web
|move|p1a: Ting-Lu|Heavy Slam|p2a: Ban Wogerpon
|-crit|p2a: Ban Wogerpon
|-damage|p2a: Ban Wogerpon|23/100
|
|upkeep
|turn|4
|
|t:|1759015350
|move|p2a: Ban Wogerpon|Bug Buzz|p1a: Ting-Lu
|-supereffective|p1a: Ting-Lu
|-damage|p1a: Ting-Lu|64/100
|move|p1a: Ting-Lu|Heavy Slam|p2a: Ban Wogerpon
|-damage|p2a: Ban Wogerpon|0 fnt
|faint|p2a: Ban Wogerpon
|
|-heal|p1a: Ting-Lu|70/100|[from] item: Leftovers
|upkeep
|
|t:|1759015358
|switch|p2a: Ban Darkrai|Great Tusk|100/100
|turn|5
|
|t:|1759015360
|switch|p1a: Ogerpon|Ogerpon-Wellspring, F|100/100
|-activate|p1a: Ogerpon|move: Sticky Web
|-unboost|p1a: Ogerpon|spe|1
|move|p2a: Ban Darkrai|Stealth Rock|p1a: Ogerpon
|-sidestart|p1: JackRG1|move: Stealth Rock
|
|upkeep
|turn|6
|
|t:|1759015363
|move|p2a: Ban Darkrai|Rapid Spin|p1a: Ogerpon
|-damage|p1a: Ogerpon|81/100
|-boost|p2a: Ban Darkrai|spe|1
|-sideend|p2: Obito 2001|Stealth Rock|[from] move: Rapid Spin|[of] p2a: Ban Darkrai
|move|p1a: Ogerpon|Ivy Cudgel|p2a: Ban Darkrai|[anim] Ivy Cudgel Water
|-supereffective|p2a: Ban Darkrai
|-damage|p2a: Ban Darkrai|27/100
|
|upkeep
|turn|7
|
|t:|1759015371
|move|p2a: Ban Darkrai|Headlong Rush|p1a: Ogerpon
|-resisted|p1a: Ogerpon
|-damage|p1a: Ogerpon|45/100
|-unboost|p2a: Ban Darkrai|def|1
|-unboost|p2a: Ban Darkrai|spd|1
|move|p1a: Ogerpon|Ivy Cudgel|p2a: Ban Darkrai|[anim] Ivy Cudgel Water
|-supereffective|p2a: Ban Darkrai
|-damage|p2a: Ban Darkrai|0 fnt
|faint|p2a: Ban Darkrai
|-end|p2a: Ban Darkrai|Protosynthesis|[silent]
|
|upkeep
|
|t:|1759015379
|switch|p2a: Ban Zamazenta|Arcanine-Hisui, F|100/100
|turn|8
|
|t:|1759015391
|switch|p1a: Ting-Lu|Ting-Lu, shiny|70/100
|-activate|p1a: Ting-Lu|move: Sticky Web
|-unboost|p1a: Ting-Lu|spe|1
|-damage|p1a: Ting-Lu|64/100|[from] Stealth Rock
|-ability|p1a: Ting-Lu|Vessel of Ruin
|move|p2a: Ban Zamazenta|Flare Blitz|p1a: Ting-Lu
|-damage|p1a: Ting-Lu|15/100
|
|-heal|p1a: Ting-Lu|21/100|[from] item: Leftovers
|upkeep
|turn|9
|
|t:|1759015394
|move|p2a: Ban Zamazenta|Flare Blitz|p1a: Ting-Lu
|-damage|p1a: Ting-Lu|0 fnt
|faint|p1a: Ting-Lu
|
|upkeep
|
|t:|1759015396
|switch|p1a: Weezing|Weezing-Galar, M|100/100
|-ability|p1a: Weezing|Neutralizing Gas
|turn|10
|
|t:|1759015399
|move|p2a: Ban Zamazenta|Flare Blitz|p1a: Weezing
|-damage|p1a: Weezing|45/100
|-status|p1a: Weezing|brn
|-damage|p2a: Ban Zamazenta|82/100|[from] Recoil
|move|p1a: Weezing|Defog|p2a: Ban Zamazenta
|-unboost|p2a: Ban Zamazenta|evasion|1
|-sideend|p1: JackRG1|Stealth Rock|[from] move: Defog|[of] p1a: Weezing
|-sideend|p1: JackRG1|Sticky Web|[from] move: Defog|[of] p1a: Weezing
|
|-damage|p1a: Weezing|39/100 brn|[from] brn
|upkeep
|turn|11
|
|t:|1759015403
|move|p2a: Ban Zamazenta|Flare Blitz|p1a: Weezing
|-damage|p1a: Weezing|0 fnt
|faint|p1a: Weezing
|-end|p1a: Weezing|ability: Neutralizing Gas
|
|upkeep
|
|t:|1759015408
|switch|p1a: Ogerpon|Ogerpon-Wellspring, F|45/100
|turn|12
|j| AntdonPokemon
|
|t:|1759015424
|move|p1a: Ogerpon|Ivy Cudgel|p2a: Ban Zamazenta|[anim] Ivy Cudgel Water
|-supereffective|p2a: Ban Zamazenta
|-crit|p2a: Ban Zamazenta
|-damage|p2a: Ban Zamazenta|0 fnt
|faint|p2a: Ban Zamazenta
|
|upkeep
|
|t:|1759015427
|switch|p2a: BunnyGirlSenpai|Cinderace, F|100/100
|turn|13
|
|t:|1759015431
|-terastallize|p1a: Ogerpon|Water
|detailschange|p1a: Ogerpon|Ogerpon-Wellspring-Tera, F, tera:Water
|-ability|p1a: Ogerpon|Embody Aspect (Wellspring)|boost
|-boost|p1a: Ogerpon|spd|1
|move|p2a: BunnyGirlSenpai|U-turn|p1a: Ogerpon
|-damage|p1a: Ogerpon|26/100
|
|t:|1759015446
|switch|p2a: Ban Gliscor|Enamorus, F|94/100|[from] U-turn
|move|p1a: Ogerpon|Synthesis|p1a: Ogerpon
|-heal|p1a: Ogerpon|76/100
|
|upkeep
|turn|14
|
|t:|1759015457
|move|p2a: Ban Gliscor|Moonblast|p1a: Ogerpon
|-damage|p1a: Ogerpon|42/100
|-unboost|p1a: Ogerpon|spa|1
|move|p1a: Ogerpon|Ivy Cudgel|p2a: Ban Gliscor|[anim] Ivy Cudgel Water
|-damage|p2a: Ban Gliscor|0 fnt
|faint|p2a: Ban Gliscor
|
|upkeep
|
|t:|1759015470
|switch|p2a: Ban Dragonite|Gholdengo|100/100
|turn|15
|
|t:|1759015475
|move|p1a: Ogerpon|Knock Off|p2a: Ban Dragonite
|-supereffective|p2a: Ban Dragonite
|-damage|p2a: Ban Dragonite|22/100
|-enditem|p2a: Ban Dragonite|Choice Specs|[from] move: Knock Off|[of] p1a: Ogerpon
|move|p2a: Ban Dragonite|Shadow Ball|p1a: Ogerpon
|-damage|p1a: Ogerpon|12/100
|
|upkeep
|turn|16
|-message|Obito 2001 forfeited.
|
|win|JackRG1
|raw|JackRG1's rating: 1875 &rarr; <strong>1891</strong><br />(+16 for winning)
|raw|Obito 2001's rating: 1812 &rarr; <strong>1796</strong><br />(-16 for losing)
|l|☆Obito 2001
|player|p2|
|l|‽JackRG1
|player|p1|
|l| AntdonPokemon
|l| amefurikoneko
