|j|☆megachamp100
|j|☆Saya_Luck
|t:|1759054691
|gametype|singles
|player|p1|megachamp100|marshal|1146
|player|p2|Saya_Luck|dawn-gen4pt|1185
|gen|9
|tier|[Gen 9] OU
|rated|
|rule|HP Percentage Mod: HP is shown in percentages
|rule|Endless Battle Clause: Forcing endless battles is banned
|rule|Species Clause: Limit one of each Pokémon
|rule|OHKO Clause: OHKO moves are banned
|rule|Evasion Items Clause: Evasion items are banned
|rule|Evasion Moves Clause: Evasion moves are banned
|rule|Evasion Abilities Clause: Evasion abilities are banned
|rule|Sleep Moves Clause: Sleep-inducing moves are banned
|clearpoke
|poke|p1|Ting-Lu|
|poke|p1|Latios, M|
|poke|p1|Empoleon, F|
|poke|p1|Forretress, M|
|poke|p1|Iron Moth|
|poke|p1|Iron Thorns|
|poke|p2|Dragapult, M|
|poke|p2|Garchomp, M|
|poke|p2|Ditto|
|poke|p2|Meowscarada, F|
|poke|p2|Corviknight, F|
|poke|p2|Misdreavus, F|
|teampreview
|
|t:|1759054705
|teamsize|p1|6
|teamsize|p2|6
|start
|switch|p1a: Forretress|Forretress, M, shiny|100/100
|switch|p2a: 八八夕夕力三|Misdreavus, F|100/100
|turn|1
|
|t:|1759054724
|switch|p1a: Empoleon|Empoleon, F|100/100
|move|p2a: 八八夕夕力三|Thunder Wave|p1a: Empoleon|[miss]
|-miss|p2a: 八八夕夕力三|p1a: Empoleon
|
|upkeep
|turn|2
|
|t:|1759054731
|switch|p1a: Ting-Lu|Ting-Lu|100/100
|-ability|p1a: Ting-Lu|Vessel of Ruin
|move|p2a: 八八夕夕力三|Thunder Wave|p1a: Ting-Lu
|-immune|p1a: Ting-Lu
|
|upkeep
|turn|3
|
|t:|1759054737
|move|p2a: 八八夕夕力三|Will-O-Wisp|p1a: Ting-Lu
|-status|p1a: Ting-Lu|brn
|move|p1a: Ting-Lu|Ruination|p2a: 八八夕夕力三
|-damage|p2a: 八八夕夕力三|50/100
|
|-damage|p1a: Ting-Lu|94/100 brn|[from] brn
|upkeep
|turn|4
|
|t:|1759054753
|move|p2a: 八八夕夕力三|Destiny Bond|p2a: 八八夕夕力三
|-singlemove|p2a: 八八夕夕力三|Destiny Bond
|move|p1a: Ting-Lu|Ruination|p2a: 八八夕夕力三
|-damage|p2a: 八八夕夕力三|25/100
|
|-damage|p1a: Ting-Lu|88/100 brn|[from] brn
|upkeep
|turn|5
|
|t:|1759054764
|move|p1a: Ting-Lu|Ruination|p2a: 八八夕夕力三|[miss]
|-miss|p1a: Ting-Lu|p2a: 八八夕夕力三
|move|p2a: 八八夕夕力三|Trick Room|p2a: 八八夕夕力三
|-fieldstart|move: Trick Room|[of] p2a: 八八夕夕力三
|
|-damage|p1a: Ting-Lu|82/100 brn|[from] brn
|upkeep
|turn|6
|
|t:|1759054770
|move|p1a: Ting-Lu|Ruination|p2a: 八八夕夕力三|[miss]
|-miss|p1a: Ting-Lu|p2a: 八八夕夕力三
|move|p2a: 八八夕夕力三|Destiny Bond|p2a: 八八夕夕力三
|-singlemove|p2a: 八八夕夕力三|Destiny Bond
|
|-damage|p1a: Ting-Lu|76/100 brn|[from] brn
|upkeep
|turn|7
|
|t:|1759054778
|move|p1a: Ting-Lu|Ruination|p2a: 八八夕夕力三
|-damage|p2a: 八八夕夕力三|13/100
|move|p2a: 八八夕夕力三|Thunder Wave|p1a: Ting-Lu
|-immune|p1a: Ting-Lu
|
|-damage|p1a: Ting-Lu|70/100 brn|[from] brn
|upkeep
|turn|8
|
|t:|1759054787
|move|p1a: Ting-Lu|Heavy Slam|p2a: 八八夕夕力三
|-damage|p2a: 八八夕夕力三|0 fnt
|faint|p2a: 八八夕夕力三
|
|-damage|p1a: Ting-Lu|63/100 brn|[from] brn
|upkeep
|
|t:|1759054794
|switch|p2a: Meowscarada|Meowscarada, F|100/100
|turn|9
|
|t:|1759054800
|switch|p1a: Forretress|Forretress, M, shiny|100/100
|-terastallize|p2a: Meowscarada|Grass
|move|p2a: Meowscarada|Flower Trick|p1a: Forretress
|-resisted|p1a: Forretress
|-crit|p1a: Forretress
|-damage|p1a: Forretress|91/100
|
|-fieldend|move: Trick Room
|upkeep
|turn|10
|
|t:|1759054811
|move|p2a: Meowscarada|U-turn|p1a: Forretress
|-resisted|p1a: Forretress
|-damage|p1a: Forretress|86/100
|-damage|p2a: Meowscarada|84/100|[from] item: Rocky Helmet|[of] p1a: Forretress
|
|t:|1759054815
|switch|p2a: Corviknight|Corviknight, F|100/100|[from] U-turn
|move|p1a: Forretress|Thunder Wave|p2a: Corviknight|[miss]
|-miss|p1a: Forretress|p2a: Corviknight
|
|upkeep
|turn|11
|
|t:|1759054822
|switch|p2a: Dragapult|Dragapult, M|100/100
|move|p1a: Forretress|Thunder Wave|p2a: Dragapult
|-status|p2a: Dragapult|par
|
|upkeep
|turn|12
|
|t:|1759054831
|switch|p1a: Empoleon|Empoleon, F|100/100
|move|p2a: Dragapult|Flamethrower|p1a: Empoleon
|-damage|p1a: Empoleon|81/100
|
|upkeep
|turn|13
|
|t:|1759054843
|switch|p2a: Meowscarada|Meowscarada, F, tera:Grass|84/100
|move|p1a: Empoleon|Air Slash|p2a: Meowscarada
|-supereffective|p2a: Meowscarada
|-damage|p2a: Meowscarada|23/100
|
|upkeep
|turn|14
|
|t:|1759054866
|switch|p1a: Forretress|Forretress, M, shiny|86/100
|move|p2a: Meowscarada|Knock Off|p1a: Forretress
|-crit|p1a: Forretress
|-damage|p1a: Forretress|48/100
|-damage|p2a: Meowscarada|6/100|[from] item: Rocky Helmet|[of] p1a: Forretress
|-enditem|p1a: Forretress|Rocky Helmet|[from] move: Knock Off|[of] p2a: Meowscarada
|
|upkeep
|turn|15
|
|t:|1759054875
|move|p2a: Meowscarada|Flower Trick|p1a: Forretress
|-resisted|p1a: Forretress
|-crit|p1a: Forretress
|-damage|p1a: Forretress|35/100
|move|p1a: Forretress|Volt Switch|p2a: Meowscarada
|-resisted|p2a: Meowscarada
|-damage|p2a: Meowscarada|0 fnt
|faint|p2a: Meowscarada
|
|t:|1759054881
|switch|p1a: Latios|Latios, M, shiny|100/100|[from] Volt Switch
|
|upkeep
|
|t:|1759054891
|switch|p2a: Dragapult|Dragapult, M|100/100 par
|turn|16
|
|t:|1759054899
|move|p1a: Latios|Flip Turn|p2a: Dragapult
|-resisted|p2a: Dragapult
|-damage|p2a: Dragapult|91/100 par
|
|t:|1759054910
|switch|p1a: Ting-Lu|Ting-Lu|63/100 brn|[from] Flip Turn
|-ability|p1a: Ting-Lu|Vessel of Ruin
|cant|p2a: Dragapult|par
|
|-damage|p1a: Ting-Lu|57/100 brn|[from] brn
|upkeep
|turn|17
|-message|Saya_Luck forfeited.
|
|win|megachamp100
|raw|megachamp100's rating: 1146 &rarr; <strong>1174</strong><br />(+28 for winning)
|raw|Saya_Luck's rating: 1185 &rarr; <strong>1157</strong><br />(-28 for losing)
|l|☆Saya_Luck
|player|p2|
|l|☆megachamp100
|player|p1|
