|j|☆Steel钢系天王de某吾
|j|☆TheGamingPolitoed
|t:|1758983693
|gametype|singles
|player|p1|Steel钢系天王de某吾|steven|1350
|player|p2|TheGamingPolitoed|cress|1320
|gen|9
|tier|[Gen 9] OU
|rated|
|rule|HP Percentage Mod: HP is shown in percentages
|rule|Endless Battle Clause: Forcing endless battles is banned
|rule|Species Clause: Limit one of each Pokémon
|rule|OHKO Clause: OHKO moves are banned
|rule|Evasion Items Clause: Evasion items are banned
|rule|Evasion Moves Clause: Evasion moves are banned
|rule|Evasion Abilities Clause: Evasion abilities are banned
|rule|Sleep Moves Clause: Sleep-inducing moves are banned
|clearpoke
|poke|p1|Garchomp, M|
|poke|p1|Corviknight, M|
|poke|p1|Moltres|
|poke|p1|Scizor, M|
|poke|p1|Deoxys-Speed|
|poke|p1|Keldeo-Resolute|
|poke|p2|Primarina, F|
|poke|p2|Ludicolo, M|
|poke|p2|Samurott-Hisui, M|
|poke|p2|Toxapex, F|
|poke|p2|Politoed, M|
|poke|p2|Walking Wake|
|teampreview
|inactive|Battle timer is ON: inactive players will automatically lose when time's up. (requested by Steel钢系天王de某吾)
|
|t:|1758983715
|teamsize|p1|6
|teamsize|p2|6
|start
|switch|p1a: Keldeo|Keldeo-Resolute|100/100
|switch|p2a: Donny Ronny|Samurott-Hisui, M|100/100
|turn|1
|
|t:|1758983723
|switch|p2a: Toxatax|Toxapex, F|100/100
|move|p1a: Keldeo|Secret Sword|p2a: Toxatax
|-resisted|p2a: Toxatax
|-damage|p2a: Toxatax|82/100
|
|upkeep
|turn|2
|
|t:|1758983732
|switch|p1a: Deoxys|Deoxys-Speed|100/100
|-ability|p1a: Deoxys|Pressure
|move|p2a: Toxatax|Toxic Spikes|p1a: Deoxys
|-sidestart|p1: Steel钢系天王de某吾|move: Toxic Spikes
|
|upkeep
|turn|3
|
|t:|1758983744
|switch|p2a: Donny Ronny|Samurott-Hisui, M|100/100
|move|p1a: Deoxys|Psycho Boost|p2a: Donny Ronny
|-immune|p2a: Donny Ronny
|
|upkeep
|turn|4
|
|t:|1758983762
|move|p1a: Deoxys|Superpower|p2a: Donny Ronny
|-supereffective|p2a: Donny Ronny
|-damage|p2a: Donny Ronny|21/100
|-unboost|p1a: Deoxys|atk|1
|-unboost|p1a: Deoxys|def|1
|move|p2a: Donny Ronny|Ceaseless Edge|p1a: Deoxys
|-supereffective|p1a: Deoxys
|-enditem|p1a: Deoxys|Focus Sash
|-damage|p1a: Deoxys|1/100
|-sidestart|p1: Steel钢系天王de某吾|Spikes
|
|upkeep
|turn|5
|
|t:|1758983784
|move|p2a: Donny Ronny|Aqua Jet|p1a: Deoxys
|-damage|p1a: Deoxys|0 fnt
|faint|p1a: Deoxys
|
|upkeep
|inactive|Steel钢系天王de某吾 has 120 seconds left.
|
|t:|1758983802
|switch|p1a: Corviknight|Corviknight, M|100/100
|turn|6
|inactive|Steel钢系天王de某吾 has 120 seconds left.
|
|t:|1758983808
|move|p2a: Donny Ronny|Knock Off|p1a: Corviknight
|-damage|p1a: Corviknight|70/100
|-enditem|p1a: Corviknight|Leftovers|[from] move: Knock Off|[of] p2a: Donny Ronny
|move|p1a: Corviknight|Brave Bird|p2a: Donny Ronny
|-damage|p2a: Donny Ronny|0 fnt
|faint|p2a: Donny Ronny
|-damage|p1a: Corviknight|64/100|[from] Recoil
|
|upkeep
|
|t:|1758983817
|switch|p2a: Ecomare|Primarina, F|100/100
|turn|7
|
|t:|1758983819
|move|p2a: Ecomare|Hydro Pump|p1a: Corviknight|[miss]
|-miss|p2a: Ecomare|p1a: Corviknight
|move|p1a: Corviknight|Defog|p2a: Ecomare
|-unboost|p2a: Ecomare|evasion|1
|-sideend|p1: Steel钢系天王de某吾|Spikes|[from] move: Defog|[of] p1a: Corviknight
|-sideend|p1: Steel钢系天王de某吾|Toxic Spikes|[from] move: Defog|[of] p1a: Corviknight
|
|upkeep
|turn|8
|
|t:|1758983828
|switch|p1a: Keldeo|Keldeo-Resolute|100/100
|move|p2a: Ecomare|Hydro Pump|p1a: Keldeo
|-resisted|p1a: Keldeo
|-damage|p1a: Keldeo|66/100
|
|upkeep
|turn|9
|
|t:|1758983835
|move|p1a: Keldeo|Flip Turn|p2a: Ecomare
|-resisted|p2a: Ecomare
|-damage|p2a: Ecomare|91/100
|
|t:|1758983841
|switch|p1a: Scizor|Scizor, M|100/100|[from] Flip Turn
|move|p2a: Ecomare|Moonblast|p1a: Scizor
|-resisted|p1a: Scizor
|-damage|p1a: Scizor|67/100
|
|-heal|p2a: Ecomare|97/100|[from] item: Leftovers
|upkeep
|turn|10
|
|t:|1758983853
|switch|p2a: Toxatax|Toxapex, F|100/100
|move|p1a: Scizor|Dual Wingbeat|p2a: Toxatax
|-crit|p2a: Toxatax
|-damage|p2a: Toxatax|67/100
|-damage|p1a: Scizor|51/100|[from] item: Rocky Helmet|[of] p2a: Toxatax
|-damage|p2a: Toxatax|46/100
|-damage|p1a: Scizor|34/100|[from] item: Rocky Helmet|[of] p2a: Toxatax
|-hitcount|p2a: Toxatax|2
|
|upkeep
|turn|11
|
|t:|1758983862
|move|p1a: Scizor|Dual Wingbeat|p2a: Toxatax
|-crit|p2a: Toxatax
|-damage|p2a: Toxatax|14/100
|-damage|p1a: Scizor|17/100|[from] item: Rocky Helmet|[of] p2a: Toxatax
|-damage|p2a: Toxatax|0 fnt
|-damage|p1a: Scizor|1/100|[from] item: Rocky Helmet|[of] p2a: Toxatax
|faint|p2a: Toxatax
|-hitcount|p2: Toxatax|2
|
|upkeep
|
|t:|1758983870
|switch|p2a: The King|Politoed, M|100/100
|-weather|RainDance|[from] ability: Drizzle|[of] p2a: The King
|turn|12
|
|t:|1758983875
|move|p2a: The King|Surf|p1a: Scizor
|-damage|p1a: Scizor|0 fnt
|faint|p1a: Scizor
|
|-weather|RainDance|[upkeep]
|upkeep
|
|t:|1758983880
|switch|p1a: Keldeo|Keldeo-Resolute|66/100
|turn|13
|
|t:|1758983884
|switch|p2a: Ecomare|Primarina, F|97/100
|-terastallize|p1a: Keldeo|Water
|move|p1a: Keldeo|Surf|p2a: Ecomare
|-resisted|p2a: Ecomare
|-damage|p2a: Ecomare|37/100
|
|-weather|RainDance|[upkeep]
|-heal|p2a: Ecomare|43/100|[from] item: Leftovers
|upkeep
|turn|14
|
|t:|1758983892
|move|p1a: Keldeo|Surf|p2a: Ecomare
|-resisted|p2a: Ecomare
|-damage|p2a: Ecomare|0 fnt
|faint|p2a: Ecomare
|
|-weather|RainDance|[upkeep]
|upkeep
|
|t:|1758983897
|switch|p2a: Juan|Ludicolo, M|100/100
|turn|15
|
|t:|1758983900
|switch|p1a: Corviknight|Corviknight, M|64/100
|move|p2a: Juan|Giga Drain|p1a: Corviknight
|-resisted|p1a: Corviknight
|-crit|p1a: Corviknight
|-damage|p1a: Corviknight|51/100
|-damage|p2a: Juan|91/100|[from] item: Life Orb
|
|-weather|RainDance|[upkeep]
|upkeep
|turn|16
|
|t:|1758983922
|move|p2a: Juan|Hydro Pump|p1a: Corviknight|[miss]
|-miss|p2a: Juan|p1a: Corviknight
|move|p1a: Corviknight|Brave Bird|p2a: Juan
|-supereffective|p2a: Juan
|-damage|p2a: Juan|0 fnt
|faint|p2a: Juan
|-damage|p1a: Corviknight|28/100|[from] Recoil
|
|-weather|RainDance|[upkeep]
|upkeep
|
|t:|1758983930
|switch|p2a: Walk the Dinosaur|Walking Wake|100/100
|turn|17
|
|t:|1758983940
|move|p2a: Walk the Dinosaur|Hydro Steam|p1a: Corviknight
|-damage|p1a: Corviknight|0 fnt
|faint|p1a: Corviknight
|
|-weather|RainDance|[upkeep]
|upkeep
|
|t:|1758983958
|switch|p1a: Garchomp|Garchomp, M, shiny|100/100
|turn|18
|inactive|Steel钢系天王de某吾 has 120 seconds left.
|
|t:|1758983975
|-terastallize|p2a: Walk the Dinosaur|Water
|move|p2a: Walk the Dinosaur|Hydro Steam|p1a: Garchomp
|-damage|p1a: Garchomp|0 fnt
|faint|p1a: Garchomp
|
|-weather|RainDance|[upkeep]
|upkeep
|inactive|Steel钢系天王de某吾 has 120 seconds left.
|
|t:|1758983984
|switch|p1a: Keldeo|Keldeo-Resolute, tera:Water|66/100
|turn|19
|
|t:|1758983989
|move|p2a: Walk the Dinosaur|Hydro Steam|p1a: Keldeo
|-resisted|p1a: Keldeo
|-damage|p1a: Keldeo|0 fnt
|faint|p1a: Keldeo
|
|-weather|none
|upkeep
|
|t:|1758983995
|switch|p1a: Moltres|Moltres|100/100
|turn|20
|
|t:|1758983998
|move|p2a: Walk the Dinosaur|Hydro Steam|p1a: Moltres
|-supereffective|p1a: Moltres
|-damage|p1a: Moltres|0 fnt
|faint|p1a: Moltres
|
|win|TheGamingPolitoed
|raw|Steel钢系天王de某吾's rating: 1350 &rarr; <strong>1328</strong><br />(-22 for losing)
|raw|TheGamingPolitoed's rating: 1320 &rarr; <strong>1342</strong><br />(+22 for winning)
|l|☆Steel钢系天王de某吾
|player|p1|
|l|☆TheGamingPolitoed
|player|p2|
