|j|☆KeNgyn
|j|☆enrique2503alt
|t:|1759070158
|gametype|singles
|player|p1|KeNgyn|n|1094
|player|p2|enrique2503alt|ghetsis|1117
|gen|9
|tier|[Gen 9] OU
|rated|
|rule|HP Percentage Mod: HP is shown in percentages
|rule|Endless Battle Clause: Forcing endless battles is banned
|rule|Species Clause: Limit one of each Pokémon
|rule|OHKO Clause: OHKO moves are banned
|rule|Evasion Items Clause: Evasion items are banned
|rule|Evasion Moves Clause: Evasion moves are banned
|rule|Evasion Abilities Clause: Evasion abilities are banned
|rule|Sleep Moves Clause: Sleep-inducing moves are banned
|clearpoke
|poke|p1|Latias, F|
|poke|p1|Regidrago|
|poke|p1|Oricorio-Sensu, M|
|poke|p1|Lycanroc, M|
|poke|p1|Komala, M|
|poke|p1|Meloetta|
|poke|p2|Cetitan, F|
|teampreview
|inactive|Battle timer is ON: inactive players will automatically lose when time's up. (requested by KeNgyn)
|
|t:|1759070177
|teamsize|p1|6
|teamsize|p2|1
|start
|switch|p1a: Regidrago|Regidrago, shiny|100/100
|switch|p2a: Cetitan|Cetitan, F|100/100
|turn|1
|
|t:|1759070186
|move|p1a: Regidrago|Dragon Energy|p2a: Cetitan
|-damage|p2a: Cetitan|27/100
|move|p2a: Cetitan|Curse|p2a: Cetitan
|-unboost|p2a: Cetitan|spe|1
|-boost|p2a: Cetitan|atk|1
|-boost|p2a: Cetitan|def|1
|
|-heal|p2a: Cetitan|33/100|[from] item: Leftovers
|upkeep
|turn|2
|
|t:|1759070200
|-terastallize|p1a: Regidrago|Steel
|-terastallize|p2a: Cetitan|Fairy
|move|p1a: Regidrago|Dragon Energy|p2a: Cetitan
|-immune|p2a: Cetitan
|move|p2a: Cetitan|Amnesia|p2a: Cetitan
|-boost|p2a: Cetitan|spd|2
|
|-heal|p2a: Cetitan|39/100|[from] item: Leftovers
|upkeep
|turn|3
|c|☆KeNgyn|One mon
|c|☆KeNgyn|Realy
|
|t:|1759070216
|switch|p1a: Lycanroc|Lycanroc, M, shiny|100/100
|move|p2a: Cetitan|Rest|p2a: Cetitan
|-status|p2a: Cetitan|slp|[from] move: Rest
|-heal|p2a: Cetitan|100/100 slp|[silent]
|
|upkeep
|turn|4
|
|t:|1759070228
|move|p1a: Lycanroc|Accelerock|p2a: Cetitan
|-damage|p2a: Cetitan|90/100 slp
|cant|p2a: Cetitan|slp
|
|-heal|p2a: Cetitan|96/100 slp|[from] item: Leftovers
|upkeep
|turn|5
|
|t:|1759070248
|switch|p1a: Komala|Komala, M, shiny|100/100
|-ability|p1a: Komala|Comatose
|cant|p2a: Cetitan|slp
|
|-heal|p2a: Cetitan|100/100 slp|[from] item: Leftovers
|upkeep
|turn|6
|
|t:|1759070259
|move|p1a: Komala|Knock Off|p2a: Cetitan
|-resisted|p2a: Cetitan
|-damage|p2a: Cetitan|94/100 slp
|-enditem|p2a: Cetitan|Leftovers|[from] move: Knock Off|[of] p1a: Komala
|-curestatus|p2a: Cetitan|slp|[msg]
|move|p2a: Cetitan|Curse|p2a: Cetitan
|-unboost|p2a: Cetitan|spe|1
|-boost|p2a: Cetitan|atk|1
|-boost|p2a: Cetitan|def|1
|
|upkeep
|turn|7
|
|t:|1759070271
|move|p1a: Komala|Low Kick|p2a: Cetitan
|-resisted|p2a: Cetitan
|-damage|p2a: Cetitan|88/100
|move|p2a: Cetitan|Curse|p2a: Cetitan
|-unboost|p2a: Cetitan|spe|1
|-boost|p2a: Cetitan|atk|1
|-boost|p2a: Cetitan|def|1
|
|upkeep
|turn|8
|
|t:|1759070283
|switch|p1a: Regidrago|Regidrago, shiny, tera:Steel|100/100
|move|p2a: Cetitan|Curse|p2a: Cetitan
|-unboost|p2a: Cetitan|spe|1
|-boost|p2a: Cetitan|atk|1
|-boost|p2a: Cetitan|def|1
|
|upkeep
|turn|9
|
|t:|1759070292
|move|p1a: Regidrago|Tera Blast|p2a: Cetitan|[anim] Tera Blast Steel
|-supereffective|p2a: Cetitan
|-damage|p2a: Cetitan|66/100
|move|p2a: Cetitan|Amnesia|p2a: Cetitan
|-boost|p2a: Cetitan|spd|2
|
|upkeep
|turn|10
|
|t:|1759070300
|move|p1a: Regidrago|Tera Blast|p2a: Cetitan|[anim] Tera Blast Steel
|-supereffective|p2a: Cetitan
|-damage|p2a: Cetitan|49/100
|move|p2a: Cetitan|Amnesia|p2a: Cetitan
|-boost|p2a: Cetitan|spd|2
|
|upkeep
|turn|11
|
|t:|1759070308
|move|p1a: Regidrago|Tera Blast|p2a: Cetitan|[anim] Tera Blast Steel
|-supereffective|p2a: Cetitan
|-damage|p2a: Cetitan|36/100
|move|p2a: Cetitan|Curse|p2a: Cetitan
|-unboost|p2a: Cetitan|spe|1
|-boost|p2a: Cetitan|atk|1
|-boost|p2a: Cetitan|def|1
|
|upkeep
|turn|12
|
|t:|1759070316
|move|p1a: Regidrago|Tera Blast|p2a: Cetitan|[anim] Tera Blast Steel
|-supereffective|p2a: Cetitan
|-damage|p2a: Cetitan|24/100
|move|p2a: Cetitan|Curse|p2a: Cetitan
|-unboost|p2a: Cetitan|spe|1
|-boost|p2a: Cetitan|atk|1
|-boost|p2a: Cetitan|def|1
|
|upkeep
|turn|13
|
|t:|1759070327
|move|p1a: Regidrago|Tera Blast|p2a: Cetitan|[anim] Tera Blast Steel
|-supereffective|p2a: Cetitan
|-damage|p2a: Cetitan|10/100
|move|p2a: Cetitan|Rest|p2a: Cetitan
|-status|p2a: Cetitan|slp|[from] move: Rest
|-heal|p2a: Cetitan|100/100 slp|[silent]
|
|upkeep
|turn|14
|
|t:|1759070339
|move|p1a: Regidrago|Tera Blast|p2a: Cetitan|[anim] Tera Blast Steel
|-supereffective|p2a: Cetitan
|-damage|p2a: Cetitan|89/100 slp
|cant|p2a: Cetitan|slp
|
|upkeep
|turn|15
|
|t:|1759070346
|switch|p1a: Oricorio|Oricorio-Sensu, M, shiny|100/100
|cant|p2a: Cetitan|slp
|
|upkeep
|turn|16
|
|t:|1759070352
|move|p1a: Oricorio|Quiver Dance|p1a: Oricorio
|-boost|p1a: Oricorio|spa|1
|-boost|p1a: Oricorio|spd|1
|-boost|p1a: Oricorio|spe|1
|-curestatus|p2a: Cetitan|slp|[msg]
|move|p2a: Cetitan|Play Rough|p1a: Oricorio
|-damage|p1a: Oricorio|0 fnt
|faint|p1a: Oricorio
|
|upkeep
|
|t:|1759070365
|switch|p1a: Regidrago|Regidrago, shiny, tera:Steel|100/100
|turn|17
|c|☆enrique2503alt|ggs
|
|t:|1759070370
|move|p1a: Regidrago|Tera Blast|p2a: Cetitan|[anim] Tera Blast Steel
|-supereffective|p2a: Cetitan
|-damage|p2a: Cetitan|76/100
|move|p2a: Cetitan|Play Rough|p1a: Regidrago
|-resisted|p1a: Regidrago
|-damage|p1a: Regidrago|30/100
|
|upkeep
|turn|18
|-message|KeNgyn forfeited.
|
|win|enrique2503alt
|raw|KeNgyn's rating: 1094 &rarr; <strong>1071</strong><br />(-23 for losing)
|raw|enrique2503alt's rating: 1117 &rarr; <strong>1140</strong><br />(+23 for winning)
|l|☆KeNgyn
|player|p1|
