|j|☆PepeNike
|j|☆apotato135
|t:|1759022570
|gametype|singles
|player|p1|PepeNike|169|1545
|player|p2|apotato135|swimmer-gen4dp|1567
|gen|9
|tier|[Gen 9] OU
|rated|
|rule|HP Percentage Mod: HP is shown in percentages
|rule|Endless Battle Clause: Forcing endless battles is banned
|rule|Species Clause: Limit one of each Pokémon
|rule|OHKO Clause: OHKO moves are banned
|rule|Evasion Items Clause: Evasion items are banned
|rule|Evasion Moves Clause: Evasion moves are banned
|rule|Evasion Abilities Clause: Evasion abilities are banned
|rule|Sleep Moves Clause: Sleep-inducing moves are banned
|clearpoke
|poke|p1|Glimmora, F|
|poke|p1|Dragapult, F|
|poke|p1|Gholdengo|
|poke|p1|Weavile, M|
|poke|p1|Dragonite, F|
|poke|p1|Greninja-*, M|
|poke|p2|Ninetales-Alola, F|
|poke|p2|Kyurem|
|poke|p2|Primeape, F|
|poke|p2|Enamorus, F|
|poke|p2|Darkrai|
|poke|p2|Iron Treads|
|teampreview
|inactive|Battle timer is ON: inactive players will automatically lose when time's up. (requested by PepeNike)
|j| Do8
|inactive|PepeNike has 120 seconds left.
|
|t:|1759022613
|teamsize|p1|6
|teamsize|p2|6
|start
|switch|p1a: Glimmora|Glimmora, F|100/100
|switch|p2a: Iron Treads|Iron Treads|100/100
|-enditem|p2a: Iron Treads|Booster Energy
|-activate|p2a: Iron Treads|ability: Quark Drive|[fromitem]
|-start|p2a: Iron Treads|quarkdrivespe
|turn|1
|
|t:|1759022624
|move|p2a: Iron Treads|Earth Power|p1a: Glimmora
|-supereffective|p1a: Glimmora
|-enditem|p1a: Glimmora|Focus Sash
|-damage|p1a: Glimmora|1/100
|move|p1a: Glimmora|Stealth Rock|p2a: Iron Treads
|-sidestart|p2: apotato135|move: Stealth Rock
|
|upkeep
|turn|2
|j| Squallskip
|l| Do8
|inactive|PepeNike has 120 seconds left.
|c| Squallskip|Why is there a Primape
|l| Squallskip
|inactive|PepeNike has 90 seconds left.
|
|t:|1759022694
|switch|p1a: Gholdengo|Gholdengo|100/100
|-item|p1a: Gholdengo|Air Balloon
|move|p2a: Iron Treads|Earth Power|p1a: Gholdengo
|-immune|p1a: Gholdengo
|
|upkeep
|turn|3
|
|t:|1759022705
|move|p2a: Iron Treads|Steel Beam|p1a: Gholdengo
|-resisted|p1a: Gholdengo
|-damage|p1a: Gholdengo|78/100
|-enditem|p1a: Gholdengo|Air Balloon
|-damage|p2a: Iron Treads|50/100|[from] steelbeam
|move|p1a: Gholdengo|Hex|p2a: Iron Treads
|-damage|p2a: Iron Treads|6/100
|
|upkeep
|turn|4
|inactive|PepeNike has 90 seconds left.
|
|t:|1759022738
|switch|p1a: Dragonite|Dragonite, F|100/100
|move|p2a: Iron Treads|Stealth Rock|p1a: Dragonite
|-sidestart|p1: PepeNike|move: Stealth Rock
|
|upkeep
|turn|5
|
|t:|1759022746
|-terastallize|p2a: Iron Treads|Ghost
|move|p1a: Dragonite|Extreme Speed|p2a: Iron Treads
|-immune|p2a: Iron Treads
|move|p2a: Iron Treads|Rapid Spin|p1a: Dragonite
|-damage|p1a: Dragonite|94/100
|-boost|p2a: Iron Treads|spe|1
|-sideend|p2: apotato135|Stealth Rock|[from] move: Rapid Spin|[of] p2a: Iron Treads
|
|upkeep
|turn|6
|inactive|PepeNike has 90 seconds left.
|
|t:|1759022758
|move|p2a: Iron Treads|Steel Beam|p1a: Dragonite
|-damage|p1a: Dragonite|46/100
|-damage|p2a: Iron Treads|0 fnt|[from] steelbeam
|faint|p2a: Iron Treads
|-end|p2a: Iron Treads|Quark Drive|[silent]
|move|p1a: Dragonite|Dragon Dance|p1a: Dragonite
|-boost|p1a: Dragonite|atk|1
|-boost|p1a: Dragonite|spe|1
|
|upkeep
|
|t:|1759022763
|switch|p2a: Ninetales|Ninetales-Alola, F|100/100
|-weather|Snowscape|[from] ability: Snow Warning|[of] p2a: Ninetales
|turn|7
|inactive|PepeNike has 90 seconds left.
|
|t:|1759022783
|move|p1a: Dragonite|Earthquake|p2a: Ninetales
|-damage|p2a: Ninetales|55/100
|move|p2a: Ninetales|Aurora Veil|p2a: Ninetales
|-sidestart|p2: apotato135|move: Aurora Veil
|
|-weather|Snowscape|[upkeep]
|upkeep
|turn|8
|
|t:|1759022788
|switch|p1a: Glimmora|Glimmora, F|1/100
|-damage|p1a: Glimmora|0 fnt|[from] Stealth Rock
|faint|p1a: Glimmora
|move|p2a: Ninetales|Freeze-Dry|p1: Glimmora|[notarget]
|-fail|p2a: Ninetales
|
|-weather|Snowscape|[upkeep]
|upkeep
|
|t:|1759022792
|switch|p1a: Weavile|Weavile, M|100/100
|turn|9
|
|t:|1759022794
|move|p1a: Weavile|Swords Dance|p1a: Weavile
|-boost|p1a: Weavile|atk|2
|move|p2a: Ninetales|Moonblast|p1a: Weavile
|-supereffective|p1a: Weavile
|-damage|p1a: Weavile|21/100
|-unboost|p1a: Weavile|spa|1
|
|-weather|Snowscape|[upkeep]
|upkeep
|turn|10
|
|t:|1759022798
|move|p1a: Weavile|Knock Off|p2a: Ninetales
|-resisted|p2a: Ninetales
|-crit|p2a: Ninetales
|-damage|p2a: Ninetales|0 fnt
|-enditem|p2a: Ninetales|Light Clay|[from] move: Knock Off|[of] p1a: Weavile
|faint|p2a: Ninetales
|
|-weather|Snowscape|[upkeep]
|upkeep
|
|t:|1759022804
|switch|p2a: Enamorus|Enamorus, F|100/100
|turn|11
|
|t:|1759022812
|move|p2a: Enamorus|Moonblast|p1a: Weavile
|-supereffective|p1a: Weavile
|-damage|p1a: Weavile|0 fnt
|faint|p1a: Weavile
|
|-weather|none
|upkeep
|
|t:|1759022822
|switch|p1a: Gholdengo|Gholdengo|78/100
|-damage|p1a: Gholdengo|72/100|[from] Stealth Rock
|turn|12
|
|t:|1759022824
|switch|p2a: Primeape|Primeape, F|100/100
|move|p1a: Gholdengo|Thunder Wave|p2a: Primeape
|-status|p2a: Primeape|par
|
|upkeep
|turn|13
|inactive|PepeNike has 120 seconds left.
|
|t:|1759022852
|move|p1a: Gholdengo|Hex|p2a: Primeape
|-damage|p2a: Primeape|84/100 par
|move|p2a: Primeape|Bulk Up|p2a: Primeape
|-boost|p2a: Primeape|atk|1
|-boost|p2a: Primeape|def|1
|
|upkeep
|turn|14
|inactive|PepeNike has 120 seconds left.
|
|t:|1759022863
|move|p1a: Gholdengo|Hex|p2a: Primeape
|-damage|p2a: Primeape|65/100 par
|move|p2a: Primeape|Bulk Up|p2a: Primeape
|-boost|p2a: Primeape|atk|1
|-boost|p2a: Primeape|def|1
|
|-sideend|p2: apotato135|move: Aurora Veil
|upkeep
|turn|15
|
|t:|1759022868
|move|p1a: Gholdengo|Hex|p2a: Primeape
|-damage|p2a: Primeape|33/100 par
|move|p2a: Primeape|Rage Fist|p1a: Gholdengo
|-supereffective|p1a: Gholdengo
|-damage|p1a: Gholdengo|0 fnt
|faint|p1a: Gholdengo
|
|upkeep
|inactive|PepeNike has 120 seconds left.
|
|t:|1759022885
|switch|p1a: Dragapult|Dragapult, F|100/100
|-damage|p1a: Dragapult|88/100|[from] Stealth Rock
|turn|16
|
|t:|1759022888
|move|p1a: Dragapult|Shadow Ball|p2a: Primeape
|-damage|p2a: Primeape|3/100 par
|move|p2a: Primeape|Rage Fist|p1a: Dragapult
|-supereffective|p1a: Dragapult
|-damage|p1a: Dragapult|0 fnt
|faint|p1a: Dragapult
|
|upkeep
|
|t:|1759022899
|switch|p1a: Greninja|Greninja, M|100/100
|-damage|p1a: Greninja|88/100|[from] Stealth Rock
|turn|17
|
|t:|1759022903
|switch|p2a: Kyurem|Kyurem|100/100
|-ability|p2a: Kyurem|Pressure
|move|p1a: Greninja|Surf|p2a: Kyurem
|-resisted|p2a: Kyurem
|-damage|p2a: Kyurem|72/100
|-damage|p1a: Greninja|78/100|[from] item: Life Orb
|
|upkeep
|turn|18
|
|t:|1759022908
|switch|p1a: Dragonite|Dragonite, F|46/100
|move|p2a: Kyurem|Scale Shot|p1a: Dragonite
|-supereffective|p1a: Dragonite
|-damage|p1a: Dragonite|12/100
|-supereffective|p1a: Dragonite
|-damage|p1a: Dragonite|0 fnt
|faint|p1a: Dragonite
|-hitcount|p1: Dragonite|2
|-unboost|p2a: Kyurem|def|1
|-boost|p2a: Kyurem|spe|1
|
|upkeep
|
|t:|1759022918
|switch|p1a: Greninja|Greninja, M|78/100
|-damage|p1a: Greninja|66/100|[from] Stealth Rock
|turn|19
|
|t:|1759022920
|move|p2a: Kyurem|Scale Shot|p1a: Greninja
|-crit|p1a: Greninja
|-damage|p1a: Greninja|31/100
|-damage|p1a: Greninja|7/100
|-damage|p1a: Greninja|0 fnt
|faint|p1a: Greninja
|-hitcount|p1: Greninja|3
|
|win|apotato135
|raw|PepeNike's rating: 1545 &rarr; <strong>1526</strong><br />(-19 for losing)
|raw|apotato135's rating: 1567 &rarr; <strong>1586</strong><br />(+19 for winning)
