|j|☆Nene leakes rhoa
|j|☆nice kanto teen
|t:|1758975131
|gametype|singles
|player|p1|Nene leakes rhoa|2|1132
|player|p2|nice kanto teen|102|1075
|gen|9
|tier|[Gen 9] OU
|rated|
|rule|HP Percentage Mod: HP is shown in percentages
|rule|Endless Battle Clause: Forcing endless battles is banned
|rule|Species Clause: Limit one of each Pokémon
|rule|OHKO Clause: OHKO moves are banned
|rule|Evasion Items Clause: Evasion items are banned
|rule|Evasion Moves Clause: Evasion moves are banned
|rule|Evasion Abilities Clause: Evasion abilities are banned
|rule|Sleep Moves Clause: Sleep-inducing moves are banned
|clearpoke
|poke|p1|Houndoom, F|
|poke|p1|Vaporeon, F|
|poke|p1|Luxray, F|
|poke|p1|Staraptor, F|
|poke|p1|Medicham, F|
|poke|p1|Clefable, F|
|poke|p2|Gengar, M|
|poke|p2|Lurantis, F|
|poke|p2|Blaziken, M|
|poke|p2|Lanturn, M|
|poke|p2|Sandslash, M|
|poke|p2|Corviknight, M|
|teampreview
|
|t:|1758975151
|teamsize|p1|6
|teamsize|p2|6
|start
|switch|p1a: Staraptor|Staraptor, F, shiny|100/100
|switch|p2a: David|Gengar, M|100/100
|turn|1
|inactive|Battle timer is ON: inactive players will automatically lose when time's up. (requested by Nene leakes rhoa)
|
|t:|1758975159
|move|p2a: David|Icy Wind|p1a: Staraptor
|-supereffective|p1a: Staraptor
|-damage|p1a: Staraptor|33/100
|-unboost|p1a: Staraptor|spe|1
|move|p1a: Staraptor|Brave Bird|p2a: David
|-crit|p2a: David
|-damage|p2a: David|0 fnt
|faint|p2a: David
|-damage|p1a: Staraptor|5/100|[from] Recoil
|-damage|p1a: Staraptor|0 fnt|[from] item: Life Orb
|faint|p1a: Staraptor
|
|upkeep
|
|t:|1758975176
|switch|p2a: Toph|Sandslash, M, shiny|100/100
|switch|p1a: Vaporeon|Vaporeon, F|100/100
|turn|2
|
|t:|1758975184
|move|p2a: Toph|Sandstorm|p2a: Toph
|-weather|Sandstorm
|move|p1a: Vaporeon|Scald|p2a: Toph
|-supereffective|p2a: Toph
|-damage|p2a: Toph|0 fnt
|faint|p2a: Toph
|
|-weather|Sandstorm|[upkeep]
|-damage|p1a: Vaporeon|94/100|[from] Sandstorm
|-heal|p1a: Vaporeon|100/100|[from] item: Leftovers
|upkeep
|
|t:|1758975192
|switch|p2a: Fona|Lurantis, F|100/100
|turn|3
|
|t:|1758975205
|switch|p1a: Houndoom|Houndoom, F|100/100
|move|p2a: Fona|Leaf Storm|p1a: Houndoom
|-resisted|p1a: Houndoom
|-damage|p1a: Houndoom|73/100
|-boost|p2a: Fona|spa|2
|
|-weather|Sandstorm|[upkeep]
|-damage|p1a: Houndoom|66/100|[from] Sandstorm
|-damage|p2a: Fona|94/100|[from] Sandstorm
|-heal|p2a: Fona|100/100|[from] item: Leftovers
|upkeep
|turn|4
|
|t:|1758975214
|move|p1a: Houndoom|Nasty Plot|p1a: Houndoom
|-boost|p1a: Houndoom|spa|2
|move|p2a: Fona|Superpower|p1a: Houndoom
|-supereffective|p1a: Houndoom
|-damage|p1a: Houndoom|0 fnt
|-boost|p2a: Fona|atk|1
|-boost|p2a: Fona|def|1
|faint|p1a: Houndoom
|
|-weather|Sandstorm|[upkeep]
|-damage|p2a: Fona|94/100|[from] Sandstorm
|-heal|p2a: Fona|100/100|[from] item: Leftovers
|upkeep
|
|t:|1758975225
|switch|p1a: Clefable|Clefable, F, shiny|100/100
|turn|5
|
|t:|1758975231
|move|p1a: Clefable|Flamethrower|p2a: Fona
|-supereffective|p2a: Fona
|-crit|p2a: Fona
|-damage|p2a: Fona|0 fnt
|faint|p2a: Fona
|
|-weather|Sandstorm|[upkeep]
|upkeep
|
|t:|1758975242
|switch|p2a: Kent|Blaziken, M|100/100
|turn|6
|
|t:|1758975247
|move|p2a: Kent|Blaze Kick|p1a: Clefable
|-damage|p1a: Clefable|49/100
|move|p1a: Clefable|Moonblast|p2a: Kent
|-damage|p2a: Kent|21/100
|
|-weather|Sandstorm|[upkeep]
|-damage|p2a: Kent|15/100|[from] Sandstorm
|-ability|p2a: Kent|Speed Boost|boost
|-boost|p2a: Kent|spe|1
|upkeep
|turn|7
|
|t:|1758975256
|-terastallize|p2a: Kent|Fire
|move|p2a: Kent|Blaze Kick|p1a: Clefable
|-damage|p1a: Clefable|0 fnt
|faint|p1a: Clefable
|
|-weather|Sandstorm|[upkeep]
|-damage|p2a: Kent|9/100|[from] Sandstorm
|-ability|p2a: Kent|Speed Boost|boost
|-boost|p2a: Kent|spe|1
|upkeep
|
|t:|1758975262
|switch|p1a: Medicham|Medicham, F, shiny|100/100
|turn|8
|
|t:|1758975266
|move|p1a: Medicham|Bullet Punch|p2a: Kent
|-resisted|p2a: Kent
|-damage|p2a: Kent|0 fnt
|faint|p2a: Kent
|-damage|p1a: Medicham|91/100|[from] item: Life Orb
|
|-weather|Sandstorm|[upkeep]
|-damage|p1a: Medicham|84/100|[from] Sandstorm
|upkeep
|
|t:|1758975272
|switch|p2a: Jockey|Corviknight, M|100/100
|turn|9
|
|t:|1758975282
|switch|p1a: Luxray|Luxray, F, shiny|100/100
|-ability|p1a: Luxray|Intimidate|boost
|-ability|p2a: Jockey|Mirror Armor
|-unboost|p1a: Luxray|atk|1
|move|p2a: Jockey|Fly||[still]
|-prepare|p2a: Jockey|Fly
|
|-weather|none
|upkeep
|turn|10
|
|t:|1758975288
|switch|p1a: Medicham|Medicham, F, shiny|84/100
|move|p2a: Jockey|Fly|p1a: Medicham|[from] lockedmove
|-supereffective|p1a: Medicham
|-damage|p1a: Medicham|0 fnt
|faint|p1a: Medicham
|
|upkeep
|
|t:|1758975293
|switch|p1a: Vaporeon|Vaporeon, F|100/100
|turn|11
|
|t:|1758975297
|switch|p2a: Cell|Lanturn, M|100/100
|move|p1a: Vaporeon|Scald|p2a: Cell
|-resisted|p2a: Cell
|-damage|p2a: Cell|82/100
|
|upkeep
|turn|12
|
|t:|1758975302
|move|p2a: Cell|Thunder Wave|p1a: Vaporeon
|-status|p1a: Vaporeon|par
|move|p1a: Vaporeon|Shadow Ball|p2a: Cell
|-damage|p2a: Cell|57/100
|-unboost|p2a: Cell|spd|1
|
|upkeep
|turn|13
|
|t:|1758975310
|switch|p2a: Jockey|Corviknight, M|100/100
|move|p1a: Vaporeon|Shadow Ball|p2a: Jockey
|-damage|p2a: Jockey|72/100
|
|upkeep
|turn|14
|
|t:|1758975318
|move|p2a: Jockey|Body Press|p1a: Vaporeon
|-damage|p1a: Vaporeon|77/100 par
|move|p1a: Vaporeon|Scald|p2a: Jockey
|-damage|p2a: Jockey|34/100
|
|-heal|p1a: Vaporeon|84/100 par|[from] item: Leftovers
|upkeep
|turn|15
|
|t:|1758975329
|move|p2a: Jockey|Fly||[still]
|-prepare|p2a: Jockey|Fly
|move|p1a: Vaporeon|Scald|p2a: Jockey|[miss]
|-miss|p1a: Vaporeon|p2a: Jockey
|
|-heal|p1a: Vaporeon|90/100 par|[from] item: Leftovers
|upkeep
|turn|16
|
|t:|1758975332
|move|p2a: Jockey|Fly|p1a: Vaporeon|[from] lockedmove
|-damage|p1a: Vaporeon|48/100 par
|move|p1a: Vaporeon|Scald|p2a: Jockey
|-damage|p2a: Jockey|0 fnt
|faint|p2a: Jockey
|
|-heal|p1a: Vaporeon|54/100 par|[from] item: Leftovers
|upkeep
|
|t:|1758975337
|switch|p2a: Cell|Lanturn, M|57/100
|turn|17
|l|☆nice kanto teen
|inactive|nice kanto teen disconnected and has a minute to reconnect!
|player|p2|
|inactive|nice kanto teen has 30 seconds to reconnect!
|inactive|nice kanto teen has 20 seconds to reconnect!
|inactive|nice kanto teen has 15 seconds to reconnect!
|inactive|nice kanto teen has 10 seconds to reconnect!
|inactive|nice kanto teen has 5 seconds to reconnect!
|-message|nice kanto teen lost due to inactivity.
|
|win|Nene leakes rhoa
|raw|Nene leakes rhoa's rating: 1132 &rarr; <strong>1153</strong><br />(+21 for winning)
|raw|nice kanto teen's rating: 1075 &rarr; <strong>1057</strong><br />(-18 for losing)
|l|☆Nene leakes rhoa
|player|p1|
