|j|☆Night230906
|j|☆Rising Ursaring
|t:|1758987276
|gametype|singles
|player|p1|Night230906|oak-gen1rb|1292
|player|p2|Rising Ursaring|burglar|1385
|gen|9
|tier|[Gen 9] OU
|rated|
|rule|HP Percentage Mod: HP is shown in percentages
|rule|Endless Battle Clause: Forcing endless battles is banned
|rule|Species Clause: Limit one of each Pokémon
|rule|OHKO Clause: OHKO moves are banned
|rule|Evasion Items Clause: Evasion items are banned
|rule|Evasion Moves Clause: Evasion moves are banned
|rule|Evasion Abilities Clause: Evasion abilities are banned
|rule|Sleep Moves Clause: Sleep-inducing moves are banned
|clearpoke
|poke|p1|Torkoal, F|
|poke|p1|Hatterene, F|
|poke|p1|Raging Bolt|
|poke|p1|Slither Wing|
|poke|p1|Venusaur, M|
|poke|p1|Walking Wake|
|poke|p2|Raging Bolt|
|poke|p2|Wo-Chien|
|poke|p2|Empoleon, F|
|poke|p2|Ceruledge, F|
|poke|p2|Weezing-Galar, M|
|poke|p2|Landorus-Therian, M|
|teampreview
|inactive|Battle timer is ON: inactive players will automatically lose when time's up. (requested by Night230906)
|
|t:|1758987294
|teamsize|p1|6
|teamsize|p2|6
|start
|switch|p1a: Hatterene|Hatterene, F|100/100
|switch|p2a: Empoleon|Empoleon, F|100/100
|-item|p1a: Hatterene|Air Balloon
|turn|1
|
|t:|1758987306
|switch|p1a: Torkoal|Torkoal, F|100/100
|-weather|SunnyDay|[from] ability: Drought|[of] p1a: Torkoal
|move|p2a: Empoleon|Surf|p1a: Torkoal
|-supereffective|p1a: Torkoal
|-damage|p1a: Torkoal|59/100
|
|-weather|SunnyDay|[upkeep]
|upkeep
|turn|2
|
|t:|1758987316
|move|p2a: Empoleon|Knock Off|p1a: Torkoal
|-damage|p1a: Torkoal|46/100
|-enditem|p1a: Torkoal|Heat Rock|[from] move: Knock Off|[of] p2a: Empoleon
|move|p1a: Torkoal|Stealth Rock|p2a: Empoleon
|-sidestart|p2: Rising Ursaring|move: Stealth Rock
|
|-weather|SunnyDay|[upkeep]
|upkeep
|turn|3
|
|t:|1758987321
|switch|p1a: Raging Bolt|Raging Bolt|100/100
|-activate|p1a: Raging Bolt|ability: Protosynthesis
|-start|p1a: Raging Bolt|protosynthesisspa
|move|p2a: Empoleon|Surf|p1a: Raging Bolt
|-resisted|p1a: Raging Bolt
|-damage|p1a: Raging Bolt|92/100
|
|-weather|SunnyDay|[upkeep]
|upkeep
|turn|4
|
|t:|1758987328
|switch|p2a: Wo-Chien|Wo-Chien|100/100
|-damage|p2a: Wo-Chien|88/100|[from] Stealth Rock
|-ability|p2a: Wo-Chien|Tablets of Ruin
|move|p1a: Raging Bolt|Thunderclap||[still]
|-fail|p1a: Raging Bolt
|
|-weather|SunnyDay|[upkeep]
|-heal|p2a: Wo-Chien|94/100|[from] item: Leftovers
|upkeep
|turn|5
|
|t:|1758987333
|move|p1a: Raging Bolt|Weather Ball|p2a: Wo-Chien
|-supereffective|p2a: Wo-Chien
|-damage|p2a: Wo-Chien|0 fnt
|faint|p2a: Wo-Chien
|-damage|p1a: Raging Bolt|82/100|[from] item: Life Orb
|
|-weather|SunnyDay|[upkeep]
|upkeep
|
|t:|1758987342
|switch|p2a: Landorus|Landorus-Therian, M|100/100
|-damage|p2a: Landorus|88/100|[from] Stealth Rock
|-ability|p2a: Landorus|Intimidate|boost
|-unboost|p1a: Raging Bolt|atk|1
|turn|6
|
|t:|1758987352
|move|p2a: Landorus|U-turn|p1a: Raging Bolt
|-damage|p1a: Raging Bolt|57/100
|
|t:|1758987360
|switch|p2a: Raging Bolt|Raging Bolt|100/100|[from] U-turn
|-activate|p2a: Raging Bolt|ability: Protosynthesis
|-start|p2a: Raging Bolt|protosynthesisspa
|move|p1a: Raging Bolt|Dragon Pulse|p2a: Raging Bolt
|-supereffective|p2a: Raging Bolt
|-damage|p2a: Raging Bolt|0 fnt
|faint|p2a: Raging Bolt
|-end|p2a: Raging Bolt|Protosynthesis|[silent]
|-damage|p1a: Raging Bolt|47/100|[from] item: Life Orb
|
|-weather|SunnyDay|[upkeep]
|upkeep
|
|t:|1758987364
|switch|p2a: Landorus|Landorus-Therian, M|88/100
|-damage|p2a: Landorus|76/100|[from] Stealth Rock
|-ability|p2a: Landorus|Intimidate|boost
|-unboost|p1a: Raging Bolt|atk|1
|turn|7
|
|t:|1758987381
|move|p2a: Landorus|Earthquake|p1a: Raging Bolt
|-supereffective|p1a: Raging Bolt
|-damage|p1a: Raging Bolt|0 fnt
|faint|p1a: Raging Bolt
|-end|p1a: Raging Bolt|Protosynthesis|[silent]
|
|-weather|SunnyDay|[upkeep]
|upkeep
|
|t:|1758987395
|switch|p1a: Walking Wake|Walking Wake|100/100
|-activate|p1a: Walking Wake|ability: Protosynthesis
|-start|p1a: Walking Wake|protosynthesisspe
|turn|8
|
|t:|1758987406
|switch|p2a: Empoleon|Empoleon, F|100/100
|-damage|p2a: Empoleon|94/100|[from] Stealth Rock
|move|p1a: Walking Wake|Hydro Steam|p2a: Empoleon
|-resisted|p2a: Empoleon
|-damage|p2a: Empoleon|71/100
|
|-weather|none
|-end|p1a: Walking Wake|Protosynthesis
|-heal|p2a: Empoleon|77/100|[from] item: Leftovers
|upkeep
|turn|9
|
|t:|1758987413
|-end|p1a: Walking Wake|Protosynthesis|[silent]
|switch|p1a: Torkoal|Torkoal, F|46/100
|-weather|SunnyDay|[from] ability: Drought|[of] p1a: Torkoal
|move|p2a: Empoleon|Stealth Rock|p1a: Torkoal
|-sidestart|p1: Night230906|move: Stealth Rock
|
|-weather|SunnyDay|[upkeep]
|-heal|p2a: Empoleon|84/100|[from] item: Leftovers
|upkeep
|turn|10
|
|t:|1758987420
|switch|p1a: Slither Wing|Slither Wing|100/100
|-damage|p1a: Slither Wing|88/100|[from] Stealth Rock
|-activate|p1a: Slither Wing|ability: Protosynthesis
|-start|p1a: Slither Wing|protosynthesisatk
|move|p2a: Empoleon|Knock Off|p1a: Slither Wing
|-resisted|p1a: Slither Wing
|-damage|p1a: Slither Wing|79/100
|-enditem|p1a: Slither Wing|Assault Vest|[from] move: Knock Off|[of] p2a: Empoleon
|
|-weather|SunnyDay|[upkeep]
|-heal|p2a: Empoleon|90/100|[from] item: Leftovers
|upkeep
|turn|11
|
|t:|1758987429
|switch|p2a: Weezing|Weezing-Galar, M|100/100
|-ability|p2a: Weezing|Neutralizing Gas
|-damage|p2a: Weezing|88/100|[from] Stealth Rock
|move|p1a: Slither Wing|Earthquake|p2a: Weezing
|-supereffective|p2a: Weezing
|-damage|p2a: Weezing|39/100
|
|-weather|SunnyDay|[upkeep]
|upkeep
|turn|12
|
|t:|1758987448
|move|p1a: Slither Wing|Earthquake|p2a: Weezing
|-supereffective|p2a: Weezing
|-damage|p2a: Weezing|0 fnt
|faint|p2a: Weezing
|-end|p2a: Weezing|ability: Neutralizing Gas
|
|-weather|SunnyDay|[upkeep]
|upkeep
|
|t:|1758987454
|switch|p2a: Landorus|Landorus-Therian, M|76/100
|-damage|p2a: Landorus|64/100|[from] Stealth Rock
|-ability|p2a: Landorus|Intimidate|boost
|-unboost|p1a: Slither Wing|atk|1
|turn|13
|
|t:|1758987458
|move|p2a: Landorus|Stone Edge|p1a: Slither Wing
|-damage|p1a: Slither Wing|30/100
|move|p1a: Slither Wing|U-turn|p2a: Landorus
|-resisted|p2a: Landorus
|-damage|p2a: Landorus|42/100
|
|t:|1758987462
|-end|p1a: Slither Wing|Protosynthesis|[silent]
|switch|p1a: Walking Wake|Walking Wake|100/100|[from] U-turn
|-damage|p1a: Walking Wake|88/100|[from] Stealth Rock
|-activate|p1a: Walking Wake|ability: Protosynthesis
|-start|p1a: Walking Wake|protosynthesisspe
|
|-weather|none
|-end|p1a: Walking Wake|Protosynthesis
|upkeep
|turn|14
|
|t:|1758987474
|move|p2a: Landorus|Stone Edge|p1a: Walking Wake
|-damage|p1a: Walking Wake|49/100
|move|p1a: Walking Wake|Flip Turn|p2a: Landorus
|-supereffective|p2a: Landorus
|-damage|p2a: Landorus|4/100
|
|t:|1758987480
|-end|p1a: Walking Wake|Protosynthesis|[silent]
|switch|p1a: Torkoal|Torkoal, F|46/100|[from] Flip Turn
|-damage|p1a: Torkoal|21/100|[from] Stealth Rock
|-weather|SunnyDay|[from] ability: Drought|[of] p1a: Torkoal
|
|-weather|SunnyDay|[upkeep]
|upkeep
|turn|15
|
|t:|1758987495
|switch|p1a: Walking Wake|Walking Wake|49/100
|-damage|p1a: Walking Wake|37/100|[from] Stealth Rock
|-activate|p1a: Walking Wake|ability: Protosynthesis
|-start|p1a: Walking Wake|protosynthesisspe
|move|p2a: Landorus|Stone Edge|p1a: Walking Wake
|-damage|p1a: Walking Wake|0 fnt
|faint|p1a: Walking Wake
|-end|p1a: Walking Wake|Protosynthesis|[silent]
|
|-weather|SunnyDay|[upkeep]
|upkeep
|
|t:|1758987508
|switch|p1a: Slither Wing|Slither Wing|30/100
|-damage|p1a: Slither Wing|18/100|[from] Stealth Rock
|-activate|p1a: Slither Wing|ability: Protosynthesis
|-start|p1a: Slither Wing|protosynthesisatk
|turn|16
|
|t:|1758987518
|move|p1a: Slither Wing|First Impression|p2a: Landorus
|-resisted|p2a: Landorus
|-damage|p2a: Landorus|0 fnt
|faint|p2a: Landorus
|
|-weather|SunnyDay|[upkeep]
|upkeep
|
|t:|1758987527
|switch|p2a: Ceruledge|Ceruledge, F|100/100
|-damage|p2a: Ceruledge|76/100|[from] Stealth Rock
|turn|17
|
|t:|1758987529
|move|p2a: Ceruledge|Shadow Sneak|p1a: Slither Wing
|-damage|p1a: Slither Wing|0 fnt
|faint|p1a: Slither Wing
|-end|p1a: Slither Wing|Protosynthesis|[silent]
|
|-weather|SunnyDay|[upkeep]
|upkeep
|
|t:|1758987531
|switch|p1a: Venusaur|Venusaur, M, shiny|100/100
|-damage|p1a: Venusaur|88/100|[from] Stealth Rock
|turn|18
|
|t:|1758987536
|-terastallize|p1a: Venusaur|Fire
|move|p1a: Venusaur|Growth|p1a: Venusaur
|-boost|p1a: Venusaur|atk|2
|-boost|p1a: Venusaur|spa|2
|move|p2a: Ceruledge|Bitter Blade|p1a: Venusaur
|-resisted|p1a: Venusaur
|-damage|p1a: Venusaur|45/100
|-heal|p2a: Ceruledge|98/100|[from] drain|[of] p1a: Venusaur
|
|-weather|none
|upkeep
|turn|19
|
|t:|1758987544
|move|p2a: Ceruledge|Poltergeist|p1a: Venusaur
|-activate|p1a: Venusaur|move: Poltergeist|Life Orb
|-crit|p1a: Venusaur
|-damage|p1a: Venusaur|0 fnt
|faint|p1a: Venusaur
|
|upkeep
|
|t:|1758987546
|switch|p1a: Torkoal|Torkoal, F|21/100
|-damage|p1a: Torkoal|0 fnt|[from] Stealth Rock
|faint|p1a: Torkoal
|
|t:|1758987547
|switch|p1a: Hatterene|Hatterene, F|100/100
|-damage|p1a: Hatterene|88/100|[from] Stealth Rock
|-item|p1a: Hatterene|Air Balloon
|turn|20
|
|t:|1758987550
|move|p2a: Ceruledge|Poltergeist|p1a: Hatterene
|-activate|p1a: Hatterene|move: Poltergeist|Air Balloon
|-supereffective|p1a: Hatterene
|-damage|p1a: Hatterene|0 fnt
|-enditem|p1a: Hatterene|Air Balloon
|faint|p1a: Hatterene
|
|win|Rising Ursaring
|raw|Night230906's rating: 1292 &rarr; <strong>1274</strong><br />(-18 for losing)
|raw|Rising Ursaring's rating: 1385 &rarr; <strong>1400</strong><br />(+15 for winning)
|l|☆Night230906
|player|p1|
|l|☆Rising Ursaring
|player|p2|
