|j|☆genuine chef
|j|☆octillery chicken
|t:|1758935111
|gametype|singles
|player|p1|genuine chef|shadowtriad|1294
|player|p2|octillery chicken|harlequin|1343
|gen|9
|tier|[Gen 9] OU
|rated|
|rule|HP Percentage Mod: HP is shown in percentages
|rule|Endless Battle Clause: Forcing endless battles is banned
|rule|Species Clause: Limit one of each Pokémon
|rule|OHKO Clause: OHKO moves are banned
|rule|Evasion Items Clause: Evasion items are banned
|rule|Evasion Moves Clause: Evasion moves are banned
|rule|Evasion Abilities Clause: Evasion abilities are banned
|rule|Sleep Moves Clause: Sleep-inducing moves are banned
|clearpoke
|poke|p1|Ceruledge, F|
|poke|p1|Iron Valiant|
|poke|p1|Ditto|
|poke|p1|Mamoswine, M|
|poke|p1|Armarouge, F|
|poke|p1|Cinderace, M|
|poke|p2|Pelipper, M|
|poke|p2|Barraskewda, F|
|poke|p2|Iron Treads|
|poke|p2|Raging Bolt|
|poke|p2|Tornadus-Therian, M|
|poke|p2|Iron Valiant|
|teampreview
|inactive|Battle timer is ON: inactive players will automatically lose when time's up. (requested by genuine chef)
|c|☆genuine chef|这不一变怪围巾百
|inactive|genuine chef has 120 seconds left.
|
|t:|1758935148
|teamsize|p1|6
|teamsize|p2|6
|start
|switch|p1a: Mamoswine|Mamoswine, M|100/100
|switch|p2a: Pelipper|Pelipper, M|100/100
|-weather|RainDance|[from] ability: Drizzle|[of] p2a: Pelipper
|turn|1
|
|t:|1758935177
|switch|p2a: Iron Treads|Iron Treads|100/100
|-enditem|p2a: Iron Treads|Booster Energy
|-activate|p2a: Iron Treads|ability: Quark Drive|[fromitem]
|-start|p2a: Iron Treads|quarkdrivespe
|move|p1a: Mamoswine|Stone Edge|p2a: Iron Treads
|-resisted|p2a: Iron Treads
|-damage|p2a: Iron Treads|93/100
|
|-weather|RainDance|[upkeep]
|upkeep
|turn|2
|inactive|octillery chicken has 120 seconds left.
|
|t:|1758935211
|-end|p2a: Iron Treads|Quark Drive|[silent]
|switch|p2a: Tornadus|Tornadus-Therian, M|100/100
|move|p1a: Mamoswine|Earthquake|p2a: Tornadus
|-immune|p2a: Tornadus
|
|-weather|RainDance|[upkeep]
|upkeep
|turn|3
|
|t:|1758935233
|move|p2a: Tornadus|Hurricane|p1a: Mamoswine
|-damage|p1a: Mamoswine|14/100
|move|p1a: Mamoswine|Stone Edge|p2a: Tornadus
|-supereffective|p2a: Tornadus
|-damage|p2a: Tornadus|0 fnt
|faint|p2a: Tornadus
|
|-weather|RainDance|[upkeep]
|upkeep
|
|t:|1758935246
|switch|p2a: Barraskewda|Barraskewda, F|100/100
|turn|4
|
|t:|1758935256
|move|p1a: Mamoswine|Ice Shard|p2a: Barraskewda
|-resisted|p2a: Barraskewda
|-damage|p2a: Barraskewda|80/100
|move|p2a: Barraskewda|Flip Turn|p1a: Mamoswine
|-supereffective|p1a: Mamoswine
|-damage|p1a: Mamoswine|0 fnt
|faint|p1a: Mamoswine
|-damage|p2a: Barraskewda|70/100|[from] item: Life Orb
|
|t:|1758935267
|switch|p2a: Iron Treads|Iron Treads|93/100|[from] Flip Turn
|
|-weather|RainDance|[upkeep]
|upkeep
|
|t:|1758935280
|switch|p1a: Cinderace|Cinderace, M|100/100
|turn|5
|
|t:|1758935287
|-end|p2a: Iron Treads|Quark Drive|[silent]
|switch|p2a: Pelipper|Pelipper, M|100/100
|move|p1a: Cinderace|High Jump Kick|p2a: Pelipper
|-start|p1a: Cinderace|typechange|Fighting|[from] ability: Libero
|-resisted|p2a: Pelipper
|-damage|p2a: Pelipper|66/100
|
|-weather|RainDance|[upkeep]
|upkeep
|turn|6
|inactive|octillery chicken has 120 seconds left.
|
|t:|1758935296
|switch|p1a: Ditto|Ditto|100/100
|-transform|p1a: Ditto|p2a: Pelipper|[from] ability: Imposter
|move|p2a: Pelipper|Hurricane|p1a: Ditto
|-damage|p1a: Ditto|54/100
|
|-weather|RainDance|[upkeep]
|upkeep
|turn|7
|
|t:|1758935303
|move|p2a: Pelipper|Roost|p2a: Pelipper
|-heal|p2a: Pelipper|100/100
|-singleturn|p2a: Pelipper|move: Roost
|move|p1a: Ditto|Roost|p1a: Ditto
|-heal|p1a: Ditto|100/100
|-singleturn|p1a: Ditto|move: Roost
|
|-weather|RainDance|[upkeep]
|upkeep
|turn|8
|
|t:|1758935311
|move|p2a: Pelipper|Hurricane|p1a: Ditto
|-damage|p1a: Ditto|58/100
|move|p1a: Ditto|U-turn|p2a: Pelipper
|-resisted|p2a: Pelipper
|-damage|p2a: Pelipper|96/100
|
|t:|1758935320
|switch|p1a: Iron Valiant|Iron Valiant|100/100|[from] U-turn
|-enditem|p1a: Iron Valiant|Booster Energy
|-activate|p1a: Iron Valiant|ability: Quark Drive|[fromitem]
|-start|p1a: Iron Valiant|quarkdrivespe
|
|-weather|none
|upkeep
|turn|9
|
|t:|1758935335
|switch|p2a: Iron Treads|Iron Treads|93/100
|move|p1a: Iron Valiant|Moonblast|p2a: Iron Treads
|-resisted|p2a: Iron Treads
|-damage|p2a: Iron Treads|64/100
|
|upkeep
|turn|10
|
|t:|1758935358
|-end|p1a: Iron Valiant|Quark Drive|[silent]
|switch|p1a: Ditto|Ditto|58/100
|-transform|p1a: Ditto|p2a: Iron Treads|[from] ability: Imposter
|move|p2a: Iron Treads|Stealth Rock|p1a: Ditto
|-sidestart|p1: genuine chef|move: Stealth Rock
|
|upkeep
|turn|11
|
|t:|1758935376
|-end|p2a: Iron Treads|Quark Drive|[silent]
|switch|p2a: Pelipper|Pelipper, M|96/100
|-weather|RainDance|[from] ability: Drizzle|[of] p2a: Pelipper
|move|p1a: Ditto|Earthquake|p2a: Pelipper
|-immune|p2a: Pelipper
|
|-weather|RainDance|[upkeep]
|upkeep
|turn|12
|
|t:|1758935381
|move|p1a: Ditto|Rapid Spin|p2a: Pelipper
|-damage|p2a: Pelipper|85/100
|-boost|p1a: Ditto|spe|1
|-sideend|p1: genuine chef|Stealth Rock|[from] move: Rapid Spin|[of] p1a: Ditto
|move|p2a: Pelipper|Surf|p1a: Ditto
|-supereffective|p1a: Ditto
|-damage|p1a: Ditto|0 fnt
|faint|p1a: Ditto
|-end|p1a: Ditto|Quark Drive|[silent]
|
|-weather|RainDance|[upkeep]
|upkeep
|
|t:|1758935386
|switch|p1a: Iron Valiant|Iron Valiant|100/100
|turn|13
|
|t:|1758935392
|switch|p2a: Iron Treads|Iron Treads|64/100
|move|p1a: Iron Valiant|Calm Mind|p1a: Iron Valiant
|-boost|p1a: Iron Valiant|spa|1
|-boost|p1a: Iron Valiant|spd|1
|
|-weather|RainDance|[upkeep]
|upkeep
|turn|14
|
|t:|1758935404
|-terastallize|p1a: Iron Valiant|Ghost
|move|p1a: Iron Valiant|Shadow Ball|p2a: Iron Treads
|-damage|p2a: Iron Treads|0 fnt
|faint|p2a: Iron Treads
|-end|p2a: Iron Treads|Quark Drive|[silent]
|
|-weather|RainDance|[upkeep]
|upkeep
|
|t:|1758935408
|switch|p2a: Barraskewda|Barraskewda, F|70/100
|turn|15
|
|t:|1758935426
|-end|p1a: Iron Valiant|Quark Drive|[silent]
|switch|p1a: Ceruledge|Ceruledge, F, shiny|100/100
|-terastallize|p2a: Barraskewda|Water
|move|p2a: Barraskewda|Liquidation|p1a: Ceruledge
|-supereffective|p1a: Ceruledge
|-enditem|p1a: Ceruledge|Focus Sash
|-damage|p1a: Ceruledge|1/100
|-unboost|p1a: Ceruledge|def|1
|-ability|p1a: Ceruledge|Weak Armor|boost
|-unboost|p1a: Ceruledge|def|1
|-boost|p1a: Ceruledge|spe|2
|-damage|p2a: Barraskewda|60/100|[from] item: Life Orb
|
|-weather|RainDance|[upkeep]
|upkeep
|turn|16
|
|t:|1758935443
|switch|p2a: Pelipper|Pelipper, M|85/100
|move|p1a: Ceruledge|Shadow Sneak|p2a: Pelipper
|-damage|p2a: Pelipper|65/100
|
|-weather|RainDance|[upkeep]
|upkeep
|turn|17
|inactive|genuine chef has 120 seconds left.
|
|t:|1758935492
|move|p1a: Ceruledge|Close Combat|p2a: Pelipper
|-resisted|p2a: Pelipper
|-damage|p2a: Pelipper|43/100
|-unboost|p1a: Ceruledge|def|1
|-unboost|p1a: Ceruledge|spd|1
|move|p2a: Pelipper|Roost|p2a: Pelipper
|-heal|p2a: Pelipper|93/100
|-singleturn|p2a: Pelipper|move: Roost
|
|-weather|RainDance|[upkeep]
|upkeep
|turn|18
|
|t:|1758935501
|move|p1a: Ceruledge|Shadow Sneak|p2a: Pelipper
|-crit|p2a: Pelipper
|-damage|p2a: Pelipper|61/100
|move|p2a: Pelipper|U-turn|p1a: Ceruledge
|-resisted|p1a: Ceruledge
|-damage|p1a: Ceruledge|0 fnt
|faint|p1a: Ceruledge
|
|t:|1758935509
|switch|p2a: Barraskewda|Barraskewda, F, tera:Water|60/100|[from] U-turn
|
|-weather|none
|upkeep
|inactive|genuine chef has 90 seconds left.
|
|t:|1758935536
|switch|p1a: Cinderace|Cinderace, M|100/100
|turn|19
|
|t:|1758935540
|switch|p2a: Pelipper|Pelipper, M|61/100
|-weather|RainDance|[from] ability: Drizzle|[of] p2a: Pelipper
|move|p1a: Cinderace|Sucker Punch||[still]
|-fail|p1a: Cinderace
|
|-weather|RainDance|[upkeep]
|upkeep
|turn|20
|
|t:|1758935553
|move|p1a: Cinderace|Pyro Ball|p2a: Pelipper
|-resisted|p2a: Pelipper
|-damage|p2a: Pelipper|47/100
|move|p2a: Pelipper|U-turn|p1a: Cinderace
|-resisted|p1a: Cinderace
|-damage|p1a: Cinderace|94/100
|
|t:|1758935557
|switch|p2a: Raging Bolt|Raging Bolt|100/100|[from] U-turn
|-enditem|p2a: Raging Bolt|Booster Energy
|-activate|p2a: Raging Bolt|ability: Protosynthesis|[fromitem]
|-start|p2a: Raging Bolt|protosynthesisspa
|
|-weather|RainDance|[upkeep]
|upkeep
|turn|21
|
|t:|1758935563
|move|p1a: Cinderace|High Jump Kick|p2a: Raging Bolt
|-start|p1a: Cinderace|typechange|Fighting|[from] ability: Libero
|-damage|p2a: Raging Bolt|37/100
|move|p2a: Raging Bolt|Weather Ball|p1a: Cinderace
|-damage|p1a: Cinderace|0 fnt
|faint|p1a: Cinderace
|
|-weather|RainDance|[upkeep]
|upkeep
|
|t:|1758935581
|switch|p1a: Iron Valiant|Iron Valiant, tera:Ghost|100/100
|turn|22
|
|t:|1758935585
|move|p1a: Iron Valiant|Moonblast|p2a: Raging Bolt
|-supereffective|p2a: Raging Bolt
|-damage|p2a: Raging Bolt|0 fnt
|faint|p2a: Raging Bolt
|-end|p2a: Raging Bolt|Protosynthesis|[silent]
|
|-weather|RainDance|[upkeep]
|upkeep
|
|t:|1758935587
|switch|p2a: Barraskewda|Barraskewda, F, tera:Water|60/100
|turn|23
|
|t:|1758935597
|move|p2a: Barraskewda|Liquidation|p1a: Iron Valiant
|-damage|p1a: Iron Valiant|0 fnt
|faint|p1a: Iron Valiant
|-end|p1a: Iron Valiant|Quark Drive|[silent]
|-damage|p2a: Barraskewda|50/100|[from] item: Life Orb
|
|-weather|RainDance|[upkeep]
|upkeep
|
|t:|1758935600
|switch|p1a: Armarouge|Armarouge, F|100/100
|turn|24
|
|t:|1758935608
|move|p2a: Barraskewda|Flip Turn|p1a: Armarouge
|-supereffective|p1a: Armarouge
|-enditem|p1a: Armarouge|Focus Sash
|-damage|p1a: Armarouge|1/100
|-ability|p1a: Armarouge|Weak Armor|boost
|-unboost|p1a: Armarouge|def|1
|-boost|p1a: Armarouge|spe|2
|-damage|p2a: Barraskewda|40/100|[from] item: Life Orb
|
|t:|1758935610
|switch|p2a: Iron Valiant|Iron Valiant|100/100|[from] Flip Turn
|move|p1a: Armarouge|Psyshock|p2a: Iron Valiant
|-supereffective|p2a: Iron Valiant
|-damage|p2a: Iron Valiant|0 fnt
|faint|p2a: Iron Valiant
|-end|p2a: Iron Valiant|Quark Drive|[silent]
|
|-weather|RainDance|[upkeep]
|upkeep
|
|t:|1758935612
|switch|p2a: Barraskewda|Barraskewda, F, tera:Water|40/100
|turn|25
|
|t:|1758935630
|move|p2a: Barraskewda|Flip Turn|p1a: Armarouge
|-supereffective|p1a: Armarouge
|-damage|p1a: Armarouge|0 fnt
|faint|p1a: Armarouge
|-damage|p2a: Barraskewda|31/100|[from] item: Life Orb
|
|win|octillery chicken
|raw|genuine chef's rating: 1294 &rarr; <strong>1273</strong><br />(-21 for losing)
|raw|octillery chicken's rating: 1343 &rarr; <strong>1360</strong><br />(+17 for winning)
|l|☆genuine chef
|player|p1|
|c|☆octillery chicken|gg
