|j|☆ohjeebus
|j|☆Aquamonali
|t:|1758972594
|gametype|singles
|player|p1|ohjeebus|koga|1461
|player|p2|Aquamonali|miriam|1532
|gen|9
|tier|[Gen 9] OU
|rated|
|rule|HP Percentage Mod: HP is shown in percentages
|rule|Endless Battle Clause: Forcing endless battles is banned
|rule|Species Clause: Limit one of each Pokémon
|rule|OHKO Clause: OHKO moves are banned
|rule|Evasion Items Clause: Evasion items are banned
|rule|Evasion Moves Clause: Evasion moves are banned
|rule|Evasion Abilities Clause: Evasion abilities are banned
|rule|Sleep Moves Clause: Sleep-inducing moves are banned
|clearpoke
|poke|p1|Zamazenta-*|
|poke|p1|Weezing-Galar, M|
|poke|p1|Kingambit, F|
|poke|p1|Weavile, M|
|poke|p1|Ceruledge, F|
|poke|p1|Ting-Lu|
|poke|p2|Grimmsnarl, M|
|poke|p2|Tinkaton, F|
|poke|p2|Kyurem|
|poke|p2|Pecharunt|
|poke|p2|Cinderace, M|
|poke|p2|Zamazenta-*|
|teampreview
|inactive|Battle timer is ON: inactive players will automatically lose when time's up. (requested by Aquamonali)
|inactive|ohjeebus also wants the timer to be on.
|inactive|Aquamonali has 120 seconds left.
|
|t:|1758972624
|teamsize|p1|6
|teamsize|p2|6
|start
|switch|p1a: Weavile|Weavile, M|100/100
|switch|p2a: Grimmsnarl|Grimmsnarl, M, shiny|100/100
|-ability|p1a: Weavile|Pressure
|turn|1
|
|t:|1758972630
|move|p2a: Grimmsnarl|Thunder Wave|p1a: Weavile
|-hint|Since gen 7, Dark is immune to Prankster moves.
|-immune|p1a: Weavile
|move|p1a: Weavile|Knock Off|p2a: Grimmsnarl
|-resisted|p2a: Grimmsnarl
|-damage|p2a: Grimmsnarl|90/100
|-enditem|p2a: Grimmsnarl|Rocky Helmet|[from] move: Knock Off|[of] p1a: Weavile
|
|upkeep
|turn|2
|
|t:|1758972633
|move|p1a: Weavile|Swords Dance|p1a: Weavile
|-boost|p1a: Weavile|atk|2
|move|p2a: Grimmsnarl|Drain Punch|p1a: Weavile
|-supereffective|p1a: Weavile
|-damage|p1a: Weavile|0 fnt
|-heal|p2a: Grimmsnarl|100/100|[from] drain|[of] p1a: Weavile
|faint|p1a: Weavile
|
|upkeep
|
|t:|1758972638
|switch|p1a: Ting-Lu|Ting-Lu|100/100
|-ability|p1a: Ting-Lu|Vessel of Ruin
|turn|3
|
|t:|1758972647
|switch|p2a: Kyurem|Kyurem, shiny|100/100
|-ability|p2a: Kyurem|Pressure
|move|p1a: Ting-Lu|Heavy Slam|p2a: Kyurem
|-supereffective|p2a: Kyurem
|-damage|p2a: Kyurem|68/100
|
|upkeep
|turn|4
|
|t:|1758972652
|move|p2a: Kyurem|Freeze-Dry|p1a: Ting-Lu
|-supereffective|p1a: Ting-Lu
|-damage|p1a: Ting-Lu|73/100
|move|p1a: Ting-Lu|Payback|p2a: Kyurem
|-damage|p2a: Kyurem|31/100
|
|-heal|p1a: Ting-Lu|79/100|[from] item: Leftovers
|upkeep
|turn|5
|
|t:|1758972662
|move|p2a: Kyurem|Freeze-Dry|p1a: Ting-Lu
|-supereffective|p1a: Ting-Lu
|-damage|p1a: Ting-Lu|53/100
|move|p1a: Ting-Lu|Payback|p2a: Kyurem
|-damage|p2a: Kyurem|0 fnt
|faint|p2a: Kyurem
|
|-heal|p1a: Ting-Lu|59/100|[from] item: Leftovers
|upkeep
|
|t:|1758972687
|switch|p2a: Cinderace|Cinderace, M, shiny|100/100
|turn|6
|
|t:|1758972691
|switch|p1a: Ceruledge|Ceruledge, F|100/100
|move|p2a: Cinderace|Will-O-Wisp|p1a: Ceruledge
|-immune|p1a: Ceruledge
|
|upkeep
|turn|7
|
|t:|1758972696
|move|p2a: Cinderace|U-turn|p1a: Ceruledge
|-start|p2a: Cinderace|typechange|Bug|[from] ability: Libero
|-resisted|p1a: Ceruledge
|-damage|p1a: Ceruledge|90/100
|-ability|p1a: Ceruledge|Weak Armor|boost
|-unboost|p1a: Ceruledge|def|1
|-boost|p1a: Ceruledge|spe|2
|
|t:|1758972699
|switch|p2a: Grimmsnarl|Grimmsnarl, M, shiny|100/100|[from] U-turn
|move|p1a: Ceruledge|Swords Dance|p1a: Ceruledge
|-boost|p1a: Ceruledge|atk|2
|
|upkeep
|turn|8
|
|t:|1758972702
|-terastallize|p1a: Ceruledge|Fairy
|move|p2a: Grimmsnarl|Thunder Wave|p1a: Ceruledge
|-status|p1a: Ceruledge|par
|move|p1a: Ceruledge|Tera Blast|p2a: Grimmsnarl|[anim] Tera Blast Fairy
|-supereffective|p2a: Grimmsnarl
|-damage|p2a: Grimmsnarl|0 fnt
|faint|p2a: Grimmsnarl
|
|upkeep
|
|t:|1758972708
|switch|p2a: Pecharunt|Pecharunt|100/100
|turn|9
|
|t:|1758972715
|move|p2a: Pecharunt|Malignant Chain|p1a: Ceruledge
|-supereffective|p1a: Ceruledge
|-damage|p1a: Ceruledge|0 fnt
|faint|p1a: Ceruledge
|
|upkeep
|
|t:|1758972719
|switch|p1a: Kingambit|Kingambit, F|100/100
|-activate|p1a: Kingambit|ability: Supreme Overlord
|-start|p1a: Kingambit|fallen2|[silent]
|turn|10
|
|t:|1758972723
|switch|p2a: Cinderace|Cinderace, M, shiny|100/100
|move|p1a: Kingambit|Swords Dance|p1a: Kingambit
|-boost|p1a: Kingambit|atk|2
|
|upkeep
|turn|11
|
|t:|1758972728
|move|p1a: Kingambit|Sucker Punch||[still]
|-fail|p1a: Kingambit
|move|p2a: Cinderace|Will-O-Wisp|p1a: Kingambit|[miss]
|-miss|p2a: Cinderace|p1a: Kingambit
|
|upkeep
|turn|12
|
|t:|1758972733
|move|p2a: Cinderace|Will-O-Wisp|p1a: Kingambit
|-status|p1a: Kingambit|brn
|move|p1a: Kingambit|Iron Head|p2a: Cinderace
|-resisted|p2a: Cinderace
|-damage|p2a: Cinderace|65/100
|
|-damage|p1a: Kingambit|94/100 brn|[from] brn
|upkeep
|turn|13
|
|t:|1758972743
|switch|p2a: Zamazenta|Zamazenta, shiny|100/100
|-ability|p2a: Zamazenta|Dauntless Shield|boost
|-boost|p2a: Zamazenta|def|1
|move|p1a: Kingambit|Sucker Punch||[still]
|-fail|p1a: Kingambit
|
|-heal|p1a: Kingambit|100/100 brn|[from] item: Leftovers
|-damage|p1a: Kingambit|94/100 brn|[from] brn
|upkeep
|turn|14
|
|t:|1758972747
|-end|p1a: Kingambit|fallen2|[silent]
|switch|p1a: Weezing|Weezing-Galar, M|100/100
|-ability|p1a: Weezing|Neutralizing Gas
|move|p2a: Zamazenta|Close Combat|p1a: Weezing
|-resisted|p1a: Weezing
|-damage|p1a: Weezing|87/100
|-unboost|p2a: Zamazenta|def|1
|-unboost|p2a: Zamazenta|spd|1
|-damage|p2a: Zamazenta|84/100|[from] item: Rocky Helmet|[of] p1a: Weezing
|-damage|p2a: Zamazenta|74/100|[from] item: Life Orb
|
|upkeep
|turn|15
|
|t:|1758972751
|switch|p2a: Cinderace|Cinderace, M, shiny|65/100
|move|p1a: Weezing|Will-O-Wisp|p2a: Cinderace
|-immune|p2a: Cinderace
|
|upkeep
|turn|16
|
|t:|1758972755
|move|p2a: Cinderace|U-turn|p1a: Weezing
|-resisted|p1a: Weezing
|-damage|p1a: Weezing|85/100
|-damage|p2a: Cinderace|48/100|[from] item: Rocky Helmet|[of] p1a: Weezing
|
|t:|1758972757
|switch|p2a: Mjölnir|Tinkaton, F, shiny|100/100|[from] U-turn
|-item|p2a: Mjölnir|Air Balloon
|move|p1a: Weezing|Strange Steam|p2a: Mjölnir
|-resisted|p2a: Mjölnir
|-damage|p2a: Mjölnir|89/100
|-start|p2a: Mjölnir|confusion
|-enditem|p2a: Mjölnir|Air Balloon
|
|upkeep
|turn|17
|
|t:|1758972761
|-activate|p2a: Mjölnir|confusion
|move|p2a: Mjölnir|Stealth Rock|p1a: Weezing
|-sidestart|p1: ohjeebus|move: Stealth Rock
|move|p1a: Weezing|Will-O-Wisp|p2a: Mjölnir
|-status|p2a: Mjölnir|brn
|
|-damage|p2a: Mjölnir|83/100 brn|[from] brn
|upkeep
|turn|18
|
|t:|1758972764
|-end|p2a: Mjölnir|confusion
|move|p2a: Mjölnir|Thunder Wave|p1a: Weezing
|-status|p1a: Weezing|par
|move|p1a: Weezing|Defog|p2a: Mjölnir
|-unboost|p2a: Mjölnir|evasion|1
|-sideend|p1: ohjeebus|Stealth Rock|[from] move: Defog|[of] p1a: Weezing
|
|-damage|p2a: Mjölnir|77/100 brn|[from] brn
|upkeep
|turn|19
|
|t:|1758972769
|-end|p1a: Weezing|ability: Neutralizing Gas
|-ability|p2a: Mjölnir|Mold Breaker
|switch|p1a: Zamazenta|Zamazenta|100/100
|-ability|p1a: Zamazenta|Dauntless Shield|boost
|-boost|p1a: Zamazenta|def|1
|move|p2a: Mjölnir|Stealth Rock|p1a: Zamazenta
|-sidestart|p1: ohjeebus|move: Stealth Rock
|
|-damage|p2a: Mjölnir|71/100 brn|[from] brn
|upkeep
|turn|20
|
|t:|1758972772
|move|p1a: Zamazenta|Close Combat|p2a: Mjölnir
|-damage|p2a: Mjölnir|0 fnt
|-unboost|p1a: Zamazenta|def|1
|-unboost|p1a: Zamazenta|spd|1
|faint|p2a: Mjölnir
|
|upkeep
|
|t:|1758972776
|switch|p2a: Pecharunt|Pecharunt|100/100
|turn|21
|
|t:|1758972781
|switch|p1a: Kingambit|Kingambit, F|94/100 brn
|-damage|p1a: Kingambit|88/100 brn|[from] Stealth Rock
|-activate|p1a: Kingambit|ability: Supreme Overlord
|-start|p1a: Kingambit|fallen2|[silent]
|switch|p2a: Cinderace|Cinderace, M, shiny|48/100
|
|-heal|p1a: Kingambit|94/100 brn|[from] item: Leftovers
|-damage|p1a: Kingambit|88/100 brn|[from] brn
|upkeep
|turn|22
|
|t:|1758972784
|-end|p1a: Kingambit|fallen2|[silent]
|switch|p1a: Ting-Lu|Ting-Lu|59/100
|-damage|p1a: Ting-Lu|53/100|[from] Stealth Rock
|-ability|p1a: Ting-Lu|Vessel of Ruin
|move|p2a: Cinderace|Pyro Ball|p1a: Ting-Lu
|-damage|p1a: Ting-Lu|29/100
|
|-heal|p1a: Ting-Lu|35/100|[from] item: Leftovers
|upkeep
|turn|23
|
|t:|1758972789
|-terastallize|p2a: Cinderace|Flying
|move|p2a: Cinderace|Will-O-Wisp|p1a: Ting-Lu
|-status|p1a: Ting-Lu|brn
|move|p1a: Ting-Lu|Earthquake|p2a: Cinderace
|-immune|p2a: Cinderace
|
|-heal|p1a: Ting-Lu|41/100 brn|[from] item: Leftovers
|-damage|p1a: Ting-Lu|35/100 brn|[from] brn
|upkeep
|turn|24
|
|t:|1758972794
|move|p2a: Cinderace|U-turn|p1a: Ting-Lu
|-supereffective|p1a: Ting-Lu
|-damage|p1a: Ting-Lu|14/100 brn
|
|t:|1758972796
|switch|p2a: Pecharunt|Pecharunt|100/100|[from] U-turn
|move|p1a: Ting-Lu|Payback|p2a: Pecharunt
|-supereffective|p2a: Pecharunt
|-damage|p2a: Pecharunt|87/100
|
|-heal|p1a: Ting-Lu|20/100 brn|[from] item: Leftovers
|-damage|p1a: Ting-Lu|14/100 brn|[from] brn
|upkeep
|turn|25
|
|t:|1758972802
|move|p2a: Pecharunt|Hex|p1a: Ting-Lu
|-resisted|p1a: Ting-Lu
|-damage|p1a: Ting-Lu|4/100 brn
|move|p1a: Ting-Lu|Earthquake|p2a: Pecharunt
|-supereffective|p2a: Pecharunt
|-damage|p2a: Pecharunt|61/100
|
|-heal|p1a: Ting-Lu|10/100 brn|[from] item: Leftovers
|-damage|p1a: Ting-Lu|4/100 brn|[from] brn
|upkeep
|turn|26
|
|t:|1758972805
|move|p2a: Pecharunt|Recover|p2a: Pecharunt
|-heal|p2a: Pecharunt|100/100
|move|p1a: Ting-Lu|Earthquake|p2a: Pecharunt
|-supereffective|p2a: Pecharunt
|-damage|p2a: Pecharunt|73/100
|
|-heal|p1a: Ting-Lu|10/100 brn|[from] item: Leftovers
|-damage|p1a: Ting-Lu|4/100 brn|[from] brn
|upkeep
|turn|27
|
|t:|1758972810
|move|p2a: Pecharunt|Recover|p2a: Pecharunt
|-heal|p2a: Pecharunt|100/100
|move|p1a: Ting-Lu|Payback|p2a: Pecharunt
|-supereffective|p2a: Pecharunt
|-damage|p2a: Pecharunt|73/100
|
|-heal|p1a: Ting-Lu|10/100 brn|[from] item: Leftovers
|-damage|p1a: Ting-Lu|4/100 brn|[from] brn
|upkeep
|turn|28
|
|t:|1758972811
|move|p2a: Pecharunt|Malignant Chain|p1a: Ting-Lu
|-resisted|p1a: Ting-Lu
|-damage|p1a: Ting-Lu|0 fnt
|faint|p1a: Ting-Lu
|
|upkeep
|
|t:|1758972814
|switch|p1a: Kingambit|Kingambit, F|88/100 brn
|-damage|p1a: Kingambit|82/100 brn|[from] Stealth Rock
|-activate|p1a: Kingambit|ability: Supreme Overlord
|-start|p1a: Kingambit|fallen3|[silent]
|turn|29
|
|t:|1758972821
|move|p2a: Pecharunt|Recover|p2a: Pecharunt
|-heal|p2a: Pecharunt|100/100
|move|p1a: Kingambit|Iron Head|p2a: Pecharunt
|-damage|p2a: Pecharunt|79/100
|
|-heal|p1a: Kingambit|88/100 brn|[from] item: Leftovers
|-damage|p1a: Kingambit|82/100 brn|[from] brn
|upkeep
|turn|30
|
|t:|1758972823
|move|p2a: Pecharunt|Hex|p1a: Kingambit
|-resisted|p1a: Kingambit
|-damage|p1a: Kingambit|52/100 brn
|move|p1a: Kingambit|Swords Dance|p1a: Kingambit
|-boost|p1a: Kingambit|atk|2
|
|-heal|p1a: Kingambit|59/100 brn|[from] item: Leftovers
|-damage|p1a: Kingambit|52/100 brn|[from] brn
|upkeep
|turn|31
|
|t:|1758972827
|move|p2a: Pecharunt|Hex|p1a: Kingambit
|-resisted|p1a: Kingambit
|-damage|p1a: Kingambit|21/100 brn
|move|p1a: Kingambit|Iron Head|p2a: Pecharunt
|-damage|p2a: Pecharunt|39/100
|
|-heal|p1a: Kingambit|27/100 brn|[from] item: Leftovers
|-damage|p1a: Kingambit|21/100 brn|[from] brn
|upkeep
|turn|32
|
|t:|1758972830
|move|p2a: Pecharunt|Recover|p2a: Pecharunt
|-heal|p2a: Pecharunt|89/100
|move|p1a: Kingambit|Iron Head|p2a: Pecharunt
|-damage|p2a: Pecharunt|44/100
|
|-heal|p1a: Kingambit|27/100 brn|[from] item: Leftovers
|-damage|p1a: Kingambit|21/100 brn|[from] brn
|upkeep
|turn|33
|
|t:|1758972835
|move|p1a: Kingambit|Sucker Punch|p2a: Pecharunt
|-supereffective|p2a: Pecharunt
|-damage|p2a: Pecharunt|0 fnt
|faint|p2a: Pecharunt
|
|-heal|p1a: Kingambit|27/100 brn|[from] item: Leftovers
|-damage|p1a: Kingambit|21/100 brn|[from] brn
|upkeep
|
|t:|1758972851
|switch|p2a: Cinderace|Cinderace, M, shiny, tera:Flying|48/100
|turn|34
|
|t:|1758972856
|move|p1a: Kingambit|Sucker Punch||[still]
|-fail|p1a: Kingambit
|move|p2a: Cinderace|Court Change|p2a: Cinderace
|-swapsideconditions
|-activate|p2a: Cinderace|move: Court Change
|
|-heal|p1a: Kingambit|27/100 brn|[from] item: Leftovers
|-damage|p1a: Kingambit|21/100 brn|[from] brn
|upkeep
|turn|35
|
|t:|1758972860
|move|p1a: Kingambit|Sucker Punch||[still]
|-fail|p1a: Kingambit
|move|p2a: Cinderace|Court Change|p2a: Cinderace
|-swapsideconditions
|-activate|p2a: Cinderace|move: Court Change
|
|-heal|p1a: Kingambit|27/100 brn|[from] item: Leftovers
|-damage|p1a: Kingambit|21/100 brn|[from] brn
|upkeep
|turn|36
|
|t:|1758972863
|switch|p2a: Zamazenta|Zamazenta, shiny|74/100
|move|p1a: Kingambit|Iron Head|p2a: Zamazenta
|-damage|p2a: Zamazenta|19/100
|
|-heal|p1a: Kingambit|27/100 brn|[from] item: Leftovers
|-damage|p1a: Kingambit|21/100 brn|[from] brn
|upkeep
|turn|37
|
|t:|1758972869
|switch|p2a: Cinderace|Cinderace, M, shiny, tera:Flying|48/100
|move|p1a: Kingambit|Sucker Punch||[still]
|-fail|p1a: Kingambit
|
|-heal|p1a: Kingambit|27/100 brn|[from] item: Leftovers
|-damage|p1a: Kingambit|21/100 brn|[from] brn
|upkeep
|turn|38
|
|t:|1758972871
|move|p1a: Kingambit|Sucker Punch|p2a: Cinderace
|-damage|p2a: Cinderace|0 fnt
|faint|p2a: Cinderace
|
|-heal|p1a: Kingambit|27/100 brn|[from] item: Leftovers
|-damage|p1a: Kingambit|21/100 brn|[from] brn
|upkeep
|
|t:|1758972873
|switch|p2a: Zamazenta|Zamazenta, shiny|19/100
|turn|39
|
|t:|1758972874
|move|p1a: Kingambit|Sucker Punch|p2a: Zamazenta
|-resisted|p2a: Zamazenta
|-damage|p2a: Zamazenta|0 fnt
|faint|p2a: Zamazenta
|
|win|ohjeebus
|raw|ohjeebus's rating: 1461 &rarr; <strong>1485</strong><br />(+24 for winning)
|raw|Aquamonali's rating: 1532 &rarr; <strong>1508</strong><br />(-24 for losing)
|l|☆Aquamonali
|player|p2|
