|j|☆I will eat another
|j|☆sowola
|t:|1758980946
|gametype|singles
|player|p1|I will eat another|plasmagrunt|1276
|player|p2|sowola|101|1256
|gen|9
|tier|[Gen 9] OU
|rated|
|rule|HP Percentage Mod: HP is shown in percentages
|rule|Endless Battle Clause: Forcing endless battles is banned
|rule|Species Clause: Limit one of each Pokémon
|rule|OHKO Clause: OHKO moves are banned
|rule|Evasion Items Clause: Evasion items are banned
|rule|Evasion Moves Clause: Evasion moves are banned
|rule|Evasion Abilities Clause: Evasion abilities are banned
|rule|Sleep Moves Clause: Sleep-inducing moves are banned
|clearpoke
|poke|p1|Breloom, F|
|poke|p1|Swinub, M|
|poke|p1|Iron Crown|
|poke|p1|Glimmora, M|
|poke|p1|Talonflame, F|
|poke|p1|Greninja-*, M|
|poke|p2|Moltres-Galar|
|poke|p2|Skeledirge, F|
|poke|p2|Glimmora, M|
|poke|p2|Ursaring, M|
|poke|p2|Zamazenta-*|
|poke|p2|Blastoise, F|
|teampreview
|inactive|Battle timer is ON: inactive players will automatically lose when time's up. (requested by I will eat another)
|
|t:|1758980962
|teamsize|p1|6
|teamsize|p2|6
|start
|switch|p1a: Lumiflora|Glimmora, M|100/100
|switch|p2a: Skeledirge|Skeledirge, F, shiny|100/100
|turn|1
|
|t:|1758980971
|switch|p2a: Ursaring|Ursaring, M, shiny|100/100
|-terastallize|p1a: Lumiflora|Dark
|move|p1a: Lumiflora|Meteor Beam||[still]
|-prepare|p1a: Lumiflora|Meteor Beam
|-boost|p1a: Lumiflora|spa|1
|-enditem|p1a: Lumiflora|Power Herb
|-anim|p1a: Lumiflora|Meteor Beam|p2a: Ursaring
|-damage|p2a: Ursaring|43/100
|
|upkeep
|turn|2
|
|t:|1758980981
|move|p1a: Lumiflora|Sludge Wave|p2a: Ursaring
|-damage|p2a: Ursaring|0 fnt
|faint|p2a: Ursaring
|
|upkeep
|
|t:|1758980992
|switch|p2a: Zamazenta|Zamazenta, shiny|100/100
|-ability|p2a: Zamazenta|Dauntless Shield|boost
|-boost|p2a: Zamazenta|def|1
|turn|3
|
|t:|1758980996
|switch|p1a: Fiaro|Talonflame, F|100/100
|move|p2a: Zamazenta|Body Press|p1a: Fiaro
|-resisted|p1a: Fiaro
|-damage|p1a: Fiaro|80/100
|
|upkeep
|turn|4
|
|t:|1758981002
|move|p2a: Zamazenta|Wild Charge|p1a: Fiaro
|-supereffective|p1a: Fiaro
|-damage|p1a: Fiaro|20/100
|-status|p2a: Zamazenta|brn|[from] ability: Flame Body|[of] p1a: Fiaro
|-damage|p2a: Zamazenta|87/100 brn|[from] Recoil
|move|p1a: Fiaro|Will-O-Wisp|p2a: Zamazenta
|-fail|p2a: Zamazenta|brn
|
|-heal|p2a: Zamazenta|93/100 brn|[from] item: Leftovers
|-damage|p2a: Zamazenta|87/100 brn|[from] brn
|upkeep
|turn|5
|
|t:|1758981013
|switch|p1a: Quiekel|Swinub, M|100/100
|move|p2a: Zamazenta|Wild Charge|p1a: Quiekel
|-immune|p1a: Quiekel
|
|-heal|p2a: Zamazenta|93/100 brn|[from] item: Leftovers
|-damage|p2a: Zamazenta|87/100 brn|[from] brn
|upkeep
|turn|6
|
|t:|1758981022
|switch|p1a: Fiaro|Talonflame, F|20/100
|move|p2a: Zamazenta|Body Press|p1a: Fiaro
|-resisted|p1a: Fiaro
|-damage|p1a: Fiaro|9/100
|
|-heal|p2a: Zamazenta|93/100 brn|[from] item: Leftovers
|-damage|p2a: Zamazenta|87/100 brn|[from] brn
|upkeep
|turn|7
|
|t:|1758981047
|move|p2a: Zamazenta|Crunch|p1a: Fiaro
|-damage|p1a: Fiaro|0 fnt
|faint|p1a: Fiaro
|
|-heal|p2a: Zamazenta|93/100 brn|[from] item: Leftovers
|-damage|p2a: Zamazenta|87/100 brn|[from] brn
|upkeep
|
|t:|1758981061
|switch|p1a: Eisenkrone|Iron Crown|100/100
|-enditem|p1a: Eisenkrone|Booster Energy
|-activate|p1a: Eisenkrone|ability: Quark Drive|[fromitem]
|-start|p1a: Eisenkrone|quarkdrivespe
|turn|8
|
|t:|1758981073
|move|p1a: Eisenkrone|Calm Mind|p1a: Eisenkrone
|-boost|p1a: Eisenkrone|spa|1
|-boost|p1a: Eisenkrone|spd|1
|move|p2a: Zamazenta|Crunch|p1a: Eisenkrone
|-supereffective|p1a: Eisenkrone
|-damage|p1a: Eisenkrone|73/100
|
|-heal|p2a: Zamazenta|93/100 brn|[from] item: Leftovers
|-damage|p2a: Zamazenta|87/100 brn|[from] brn
|upkeep
|turn|9
|
|t:|1758981082
|switch|p2a: Skeledirge|Skeledirge, F, shiny|100/100
|move|p1a: Eisenkrone|Calm Mind|p1a: Eisenkrone
|-boost|p1a: Eisenkrone|spa|1
|-boost|p1a: Eisenkrone|spd|1
|
|upkeep
|turn|10
|
|t:|1758981090
|move|p1a: Eisenkrone|Psyshock|p2a: Skeledirge
|-damage|p2a: Skeledirge|74/100
|move|p2a: Skeledirge|Will-O-Wisp|p1a: Eisenkrone
|-status|p1a: Eisenkrone|brn
|
|-heal|p2a: Skeledirge|80/100|[from] item: Leftovers
|-damage|p1a: Eisenkrone|67/100 brn|[from] brn
|upkeep
|turn|11
|
|t:|1758981102
|move|p1a: Eisenkrone|Tachyon Cutter|p2a: Skeledirge
|-resisted|p2a: Skeledirge
|-damage|p2a: Skeledirge|70/100
|-resisted|p2a: Skeledirge
|-damage|p2a: Skeledirge|60/100
|-hitcount|p2a: Skeledirge|2
|move|p2a: Skeledirge|Torch Song|p1a: Eisenkrone
|-supereffective|p1a: Eisenkrone
|-crit|p1a: Eisenkrone
|-damage|p1a: Eisenkrone|0 fnt
|-boost|p2a: Skeledirge|spa|1
|faint|p1a: Eisenkrone
|-end|p1a: Eisenkrone|Quark Drive|[silent]
|
|-heal|p2a: Skeledirge|67/100|[from] item: Leftovers
|upkeep
|
|t:|1758981113
|switch|p1a: Lumiflora|Glimmora, M, tera:Dark|100/100
|turn|12
|
|t:|1758981129
|move|p1a: Lumiflora|Tera Blast|p2a: Skeledirge|[anim] Tera Blast Dark
|-supereffective|p2a: Skeledirge
|-damage|p2a: Skeledirge|0 fnt
|faint|p2a: Skeledirge
|
|upkeep
|
|t:|1758981136
|switch|p2a: Zamazenta|Zamazenta, shiny|87/100 brn
|turn|13
|
|t:|1758981143
|move|p2a: Zamazenta|Body Press|p1a: Lumiflora
|-supereffective|p1a: Lumiflora
|-damage|p1a: Lumiflora|64/100
|-activate|p1a: Lumiflora|ability: Toxic Debris
|-sidestart|p2: sowola|move: Toxic Spikes
|move|p1a: Lumiflora|Sludge Wave|p2a: Zamazenta
|-damage|p2a: Zamazenta|45/100 brn
|
|-heal|p2a: Zamazenta|51/100 brn|[from] item: Leftovers
|-damage|p2a: Zamazenta|45/100 brn|[from] brn
|upkeep
|turn|14
|
|t:|1758981153
|move|p2a: Zamazenta|Body Press|p1a: Lumiflora
|-supereffective|p1a: Lumiflora
|-damage|p1a: Lumiflora|27/100
|-activate|p1a: Lumiflora|ability: Toxic Debris
|-sidestart|p2: sowola|move: Toxic Spikes
|move|p1a: Lumiflora|Sludge Wave|p2a: Zamazenta
|-damage|p2a: Zamazenta|4/100 brn
|
|-heal|p2a: Zamazenta|10/100 brn|[from] item: Leftovers
|-damage|p2a: Zamazenta|4/100 brn|[from] brn
|upkeep
|turn|15
|
|t:|1758981180
|switch|p1a: Kapilz|Breloom, F|100/100
|move|p2a: Zamazenta|Body Press|p1a: Kapilz
|-damage|p1a: Kapilz|78/100
|
|-heal|p2a: Zamazenta|10/100 brn|[from] item: Leftovers
|-damage|p2a: Zamazenta|4/100 brn|[from] brn
|upkeep
|turn|16
|inactive|sowola has 120 seconds left.
|
|t:|1758981200
|move|p1a: Kapilz|Mach Punch|p2a: Zamazenta
|-crit|p2a: Zamazenta
|-damage|p2a: Zamazenta|0 fnt
|faint|p2a: Zamazenta
|-damage|p1a: Kapilz|68/100|[from] item: Life Orb
|
|upkeep
|
|t:|1758981217
|switch|p2a: Glimmora|Glimmora, M, shiny|100/100
|-sideend|p2: sowola|move: Toxic Spikes|[of] p2a: Glimmora
|turn|17
|
|t:|1758981222
|move|p1a: Kapilz|Zen Headbutt|p2a: Glimmora
|-supereffective|p2a: Glimmora
|-damage|p2a: Glimmora|38/100
|-activate|p2a: Glimmora|ability: Toxic Debris
|-sidestart|p1: I will eat another|move: Toxic Spikes
|-damage|p1a: Kapilz|58/100|[from] item: Life Orb
|move|p2a: Glimmora|Sludge Bomb|p1a: Kapilz
|-supereffective|p1a: Kapilz
|-damage|p1a: Kapilz|0 fnt
|faint|p1a: Kapilz
|
|-heal|p2a: Glimmora|44/100|[from] item: Black Sludge
|upkeep
|
|t:|1758981232
|switch|p1a: Lumiflora|Glimmora, M, tera:Dark|27/100
|-status|p1a: Lumiflora|psn
|turn|18
|inactive|sowola has 120 seconds left.
|
|t:|1758981249
|move|p2a: Glimmora|Spiky Shield|p2a: Glimmora
|-singleturn|p2a: Glimmora|move: Protect
|move|p1a: Lumiflora|Tera Blast|p2a: Glimmora|[anim] Tera Blast Dark
|-activate|p2a: Glimmora|move: Protect
|
|-heal|p2a: Glimmora|50/100|[from] item: Black Sludge
|-damage|p1a: Lumiflora|14/100 psn|[from] psn
|upkeep
|turn|19
|inactive|sowola has 120 seconds left.
|
|t:|1758981259
|move|p1a: Lumiflora|Tera Blast|p2a: Glimmora|[anim] Tera Blast Dark
|-damage|p2a: Glimmora|17/100
|move|p2a: Glimmora|Power Gem|p1a: Lumiflora
|-damage|p1a: Lumiflora|0 fnt
|faint|p1a: Lumiflora
|
|-heal|p2a: Glimmora|23/100|[from] item: Black Sludge
|upkeep
|
|t:|1758981266
|switch|p1a: Quajutsu|Greninja, M|100/100
|-status|p1a: Quajutsu|psn
|turn|20
|
|t:|1758981281
|move|p1a: Quajutsu|Sludge Wave|p2a: Glimmora
|-start|p1a: Quajutsu|typechange|Poison|[from] ability: Protean
|-resisted|p2a: Glimmora
|-damage|p2a: Glimmora|9/100
|move|p2a: Glimmora|Sludge Bomb|p1a: Quajutsu
|-resisted|p1a: Quajutsu
|-damage|p1a: Quajutsu|70/100 psn
|
|-heal|p2a: Glimmora|15/100|[from] item: Black Sludge
|-damage|p1a: Quajutsu|57/100 psn|[from] psn
|upkeep
|turn|21
|-message|I will eat another forfeited.
|
|win|sowola
|raw|I will eat another's rating: 1276 &rarr; <strong>1250</strong><br />(-26 for losing)
|raw|sowola's rating: 1256 &rarr; <strong>1282</strong><br />(+26 for winning)
|l|☆I will eat another
|player|p1|
|l|☆sowola
|player|p2|
