|j|☆xpp233
|j|☆Nyamai
|t:|1759072375
|gametype|singles
|player|p1|xpp233|preschooler|1221
|player|p2|Nyamai|265|1259
|gen|9
|tier|[Gen 9] OU
|rated|
|rule|HP Percentage Mod: HP is shown in percentages
|rule|Endless Battle Clause: Forcing endless battles is banned
|rule|Species Clause: Limit one of each Pokémon
|rule|OHKO Clause: OHKO moves are banned
|rule|Evasion Items Clause: Evasion items are banned
|rule|Evasion Moves Clause: Evasion moves are banned
|rule|Evasion Abilities Clause: Evasion abilities are banned
|rule|Sleep Moves Clause: Sleep-inducing moves are banned
|clearpoke
|poke|p1|Rillaboom, F|
|poke|p1|Raging Bolt|
|poke|p1|Gholdengo|
|poke|p1|Kingambit, F|
|poke|p1|Rotom-Wash|
|poke|p1|Toxapex, M|
|poke|p2|Great Tusk|
|poke|p2|Scizor, M|
|poke|p2|Heatran, F|
|poke|p2|Rillaboom, M|
|poke|p2|Primarina, M|
|poke|p2|Kyurem|
|teampreview
|c|☆Nyamai|Buena suerte!
|c|☆Nyamai|I can't see half your team 😭
|
|t:|1759072408
|teamsize|p1|6
|teamsize|p2|6
|start
|switch|p1a: 水衣机|Rotom-Wash|100/100
|switch|p2a: Sapo|Heatran, F, shiny|100/100
|turn|1
|inactive|Battle timer is ON: inactive players will automatically lose when time's up. (requested by Nyamai)
|
|t:|1759072429
|move|p1a: 水衣机|Hydro Pump|p2a: Sapo
|-supereffective|p2a: Sapo
|-damage|p2a: Sapo|38/100
|move|p2a: Sapo|Will-O-Wisp|p1a: 水衣机
|-status|p1a: 水衣机|brn
|
|-heal|p2a: Sapo|44/100|[from] item: Leftovers
|-damage|p1a: 水衣机|94/100 brn|[from] brn
|upkeep
|turn|2
|
|t:|1759072451
|switch|p2a: Kyurem|Kyurem|100/100
|-ability|p2a: Kyurem|Pressure
|move|p1a: 水衣机|Thunder Wave|p2a: Kyurem
|-status|p2a: Kyurem|par
|
|-heal|p1a: 水衣机|100/100 brn|[from] item: Leftovers
|-damage|p1a: 水衣机|94/100 brn|[from] brn
|upkeep
|turn|3
|
|t:|1759072467
|move|p2a: Kyurem|Freeze-Dry|p1a: 水衣机
|-supereffective|p1a: 水衣机
|-damage|p1a: 水衣机|17/100 brn
|move|p1a: 水衣机|Pain Split|p2a: Kyurem
|-sethp|p2a: Kyurem|57/100 par|[from] move: Pain Split|[silent]
|-sethp|p1a: 水衣机|73/100 brn|[from] move: Pain Split
|
|-heal|p1a: 水衣机|79/100 brn|[from] item: Leftovers
|-damage|p1a: 水衣机|73/100 brn|[from] brn
|upkeep
|turn|4
|
|t:|1759072485
|switch|p1a: 赛哥们|Gholdengo|100/100
|move|p2a: Kyurem|Freeze-Dry|p1a: 赛哥们
|-resisted|p1a: 赛哥们
|-damage|p1a: 赛哥们|81/100
|
|upkeep
|turn|5
|inactive|xpp233 has 120 seconds left.
|
|t:|1759072514
|switch|p2a: Sapo|Heatran, F, shiny|44/100
|move|p1a: 赛哥们|Make It Rain|p2a: Sapo
|-resisted|p2a: Sapo
|-damage|p2a: Sapo|29/100
|-unboost|p1a: 赛哥们|spa|1
|
|-heal|p2a: Sapo|35/100|[from] item: Leftovers
|upkeep
|turn|6
|inactive|xpp233 has 120 seconds left.
|
|t:|1759072531
|switch|p1a: 水衣机|Rotom-Wash|73/100 brn
|move|p2a: Sapo|Magma Storm|p1a: 水衣机|[miss]
|-miss|p2a: Sapo|p1a: 水衣机
|
|-heal|p1a: 水衣机|79/100 brn|[from] item: Leftovers
|-heal|p2a: Sapo|42/100|[from] item: Leftovers
|-damage|p1a: 水衣机|73/100 brn|[from] brn
|upkeep
|turn|7
|inactive|xpp233 has 120 seconds left.
|
|t:|1759072541
|switch|p2a: ProtoHeissenWolf|Great Tusk|100/100
|move|p1a: 水衣机|Hydro Pump|p2a: ProtoHeissenWolf
|-supereffective|p2a: ProtoHeissenWolf
|-damage|p2a: ProtoHeissenWolf|0 fnt
|faint|p2a: ProtoHeissenWolf
|-end|p2a: ProtoHeissenWolf|Protosynthesis|[silent]
|
|-heal|p1a: 水衣机|79/100 brn|[from] item: Leftovers
|-damage|p1a: 水衣机|73/100 brn|[from] brn
|upkeep
|
|t:|1759072550
|switch|p2a: Changoctm|Rillaboom, M|100/100
|-fieldstart|move: Grassy Terrain|[from] ability: Grassy Surge|[of] p2a: Changoctm
|turn|8
|inactive|xpp233 has 120 seconds left.
|
|t:|1759072575
|switch|p1a: 派大星|Toxapex, M|100/100
|move|p2a: Changoctm|Knock Off|p1a: 派大星
|-damage|p1a: 派大星|76/100
|-enditem|p1a: 派大星|Black Sludge|[from] move: Knock Off|[of] p2a: Changoctm
|-damage|p2a: Changoctm|91/100|[from] item: Life Orb
|
|-heal|p2a: Changoctm|97/100|[from] Grassy Terrain
|-heal|p1a: 派大星|82/100|[from] Grassy Terrain
|upkeep
|turn|9
|
|t:|1759072593
|move|p2a: Changoctm|Taunt|p1a: 派大星
|-start|p1a: 派大星|move: Taunt
|cant|p1a: 派大星|move: Taunt|Toxic
|
|-heal|p2a: Changoctm|100/100|[from] Grassy Terrain
|-heal|p1a: 派大星|88/100|[from] Grassy Terrain
|upkeep
|turn|10
|
|t:|1759072608
|switch|p1a: 长颈鹿|Raging Bolt|100/100
|-enditem|p1a: 长颈鹿|Booster Energy
|-activate|p1a: 长颈鹿|ability: Protosynthesis|[fromitem]
|-start|p1a: 长颈鹿|protosynthesisspa
|move|p2a: Changoctm|U-turn|p1a: 长颈鹿
|-damage|p1a: 长颈鹿|75/100
|-damage|p2a: Changoctm|91/100|[from] item: Life Orb
|
|t:|1759072629
|switch|p2a: Kyurem|Kyurem|57/100 par|[from] U-turn
|-ability|p2a: Kyurem|Pressure
|
|-heal|p2a: Kyurem|63/100 par|[from] Grassy Terrain
|-heal|p1a: 长颈鹿|81/100|[from] Grassy Terrain
|upkeep
|turn|11
|
|t:|1759072641
|move|p2a: Kyurem|Ice Beam|p1a: 长颈鹿
|-supereffective|p1a: 长颈鹿
|-damage|p1a: 长颈鹿|1/100
|move|p1a: 长颈鹿|Draco Meteor|p2a: Kyurem|[miss]
|-miss|p1a: 长颈鹿|p2a: Kyurem
|
|-heal|p2a: Kyurem|69/100 par|[from] Grassy Terrain
|-heal|p1a: 长颈鹿|8/100|[from] Grassy Terrain
|upkeep
|turn|12
|
|t:|1759072662
|-end|p1a: 长颈鹿|Protosynthesis|[silent]
|switch|p1a: 赛哥们|Gholdengo|81/100
|cant|p2a: Kyurem|par
|
|-heal|p1a: 赛哥们|87/100|[from] Grassy Terrain
|-heal|p2a: Kyurem|75/100 par|[from] Grassy Terrain
|-fieldend|move: Grassy Terrain
|upkeep
|turn|13
|
|t:|1759072681
|switch|p2a: Derechos Trans|Primarina, M|100/100
|move|p1a: 赛哥们|Shadow Ball|p2a: Derechos Trans
|-damage|p2a: Derechos Trans|41/100
|
|-heal|p2a: Derechos Trans|47/100|[from] item: Leftovers
|upkeep
|turn|14
|inactive|Nyamai has 120 seconds left.
|
|t:|1759072713
|switch|p1a: 卡普•猩猩|Rillaboom, F|100/100
|-fieldstart|move: Grassy Terrain|[from] ability: Grassy Surge|[of] p1a: 卡普•猩猩
|move|p2a: Derechos Trans|Psychic Noise|p1a: 卡普•猩猩
|-resisted|p1a: 卡普•猩猩
|-damage|p1a: 卡普•猩猩|89/100
|-start|p1a: 卡普•猩猩|move: Heal Block
|
|-heal|p2a: Derechos Trans|53/100|[from] Grassy Terrain
|-heal|p2a: Derechos Trans|60/100|[from] item: Leftovers
|upkeep
|turn|15
|inactive|Nyamai has 120 seconds left.
|
|t:|1759072737
|switch|p2a: Sapo|Heatran, F, shiny|42/100
|move|p1a: 卡普•猩猩|High Horsepower|p2a: Sapo
|-supereffective|p2a: Sapo
|-damage|p2a: Sapo|0 fnt
|faint|p2a: Sapo
|
|-end|p1a: 卡普•猩猩|move: Heal Block
|upkeep
|
|t:|1759072752
|switch|p2a: NoScor|Scizor, M|100/100
|turn|16
|inactive|xpp233 has 90 seconds left.
|
|t:|1759072780
|switch|p1a: 大酱|Kingambit, F|100/100
|move|p2a: NoScor|U-turn|p1a: 大酱
|-damage|p1a: 大酱|59/100
|inactive|Nyamai has 120 seconds left.
|
|t:|1759072800
|switch|p2a: Changoctm|Rillaboom, M|91/100|[from] U-turn
|
|-heal|p2a: Changoctm|97/100|[from] Grassy Terrain
|-heal|p1a: 大酱|65/100|[from] Grassy Terrain
|-heal|p1a: 大酱|71/100|[from] item: Leftovers
|upkeep
|turn|17
|inactive|xpp233 has 90 seconds left.
|
|t:|1759072824
|move|p2a: Changoctm|Taunt|p1a: 大酱
|-start|p1a: 大酱|move: Taunt
|cant|p1a: 大酱|move: Taunt|Swords Dance
|
|-heal|p2a: Changoctm|100/100|[from] Grassy Terrain
|-heal|p1a: 大酱|77/100|[from] Grassy Terrain
|-heal|p1a: 大酱|83/100|[from] item: Leftovers
|upkeep
|turn|18
|inactive|Nyamai has 120 seconds left.
|
|t:|1759072841
|switch|p2a: Kyurem|Kyurem|75/100 par
|-ability|p2a: Kyurem|Pressure
|move|p1a: 大酱|Iron Head|p2a: Kyurem
|-supereffective|p2a: Kyurem
|-damage|p2a: Kyurem|0 fnt
|faint|p2a: Kyurem
|
|-heal|p1a: 大酱|90/100|[from] Grassy Terrain
|-heal|p1a: 大酱|96/100|[from] item: Leftovers
|-fieldend|move: Grassy Terrain
|upkeep
|
|t:|1759072855
|switch|p2a: NoScor|Scizor, M|100/100
|turn|19
|inactive|xpp233 has 90 seconds left.
|
|t:|1759072866
|move|p1a: 大酱|Sucker Punch|p2a: NoScor
|-damage|p2a: NoScor|56/100
|move|p2a: NoScor|Knock Off|p1a: 大酱
|-resisted|p1a: 大酱
|-damage|p1a: 大酱|77/100
|-enditem|p1a: 大酱|Leftovers|[from] move: Knock Off|[of] p2a: NoScor
|
|-end|p1a: 大酱|move: Taunt
|upkeep
|turn|20
|inactive|Nyamai has 120 seconds left.
|
|t:|1759072876
|switch|p2a: Changoctm|Rillaboom, M|100/100
|-fieldstart|move: Grassy Terrain|[from] ability: Grassy Surge|[of] p2a: Changoctm
|move|p1a: 大酱|Iron Head|p2a: Changoctm
|-damage|p2a: Changoctm|50/100
|
|-heal|p2a: Changoctm|56/100|[from] Grassy Terrain
|-heal|p1a: 大酱|83/100|[from] Grassy Terrain
|upkeep
|turn|21
|inactive|Nyamai has 120 seconds left.
|
|t:|1759072906
|move|p2a: Changoctm|U-turn|p1a: 大酱
|-damage|p1a: 大酱|59/100
|-damage|p2a: Changoctm|46/100|[from] item: Life Orb
|
|t:|1759072912
|switch|p2a: NoScor|Scizor, M|56/100|[from] U-turn
|move|p1a: 大酱|Iron Head|p2a: NoScor
|-resisted|p2a: NoScor
|-damage|p2a: NoScor|28/100
|
|-heal|p2a: NoScor|34/100|[from] Grassy Terrain
|-heal|p1a: 大酱|65/100|[from] Grassy Terrain
|upkeep
|turn|22
|c|☆Nyamai|Me das miedo
|
|t:|1759072928
|move|p1a: 大酱|Sucker Punch|p2a: NoScor
|-damage|p2a: NoScor|0 fnt
|faint|p2a: NoScor
|
|-heal|p1a: 大酱|71/100|[from] Grassy Terrain
|upkeep
|
|t:|1759072931
|switch|p2a: Derechos Trans|Primarina, M|60/100
|turn|23
|
|t:|1759072940
|-end|p1a: 大酱|fallenundefined|[silent]
|switch|p1a: 卡普•猩猩|Rillaboom, F|89/100
|move|p2a: Derechos Trans|Substitute|p2a: Derechos Trans
|-start|p2a: Derechos Trans|Substitute
|-damage|p2a: Derechos Trans|35/100
|
|-heal|p1a: 卡普•猩猩|95/100|[from] Grassy Terrain
|-heal|p2a: Derechos Trans|41/100|[from] Grassy Terrain
|-heal|p2a: Derechos Trans|47/100|[from] item: Leftovers
|upkeep
|turn|24
|
|t:|1759072951
|-terastallize|p2a: Derechos Trans|Fairy
|move|p1a: 卡普•猩猩|Grassy Glide|p2a: Derechos Trans
|-end|p2a: Derechos Trans|Substitute
|move|p2a: Derechos Trans|Draining Kiss|p1a: 卡普•猩猩
|-damage|p1a: 卡普•猩猩|72/100
|-heal|p2a: Derechos Trans|64/100|[from] drain|[of] p1a: 卡普•猩猩
|
|-heal|p1a: 卡普•猩猩|78/100|[from] Grassy Terrain
|-heal|p2a: Derechos Trans|70/100|[from] Grassy Terrain
|-heal|p2a: Derechos Trans|76/100|[from] item: Leftovers
|-fieldend|move: Grassy Terrain
|upkeep
|turn|25
|
|t:|1759072967
|move|p1a: 卡普•猩猩|Knock Off|p2a: Derechos Trans
|-resisted|p2a: Derechos Trans
|-damage|p2a: Derechos Trans|62/100
|-enditem|p2a: Derechos Trans|Leftovers|[from] move: Knock Off|[of] p1a: 卡普•猩猩
|move|p2a: Derechos Trans|Draining Kiss|p1a: 卡普•猩猩
|-damage|p1a: 卡普•猩猩|55/100
|-heal|p2a: Derechos Trans|79/100|[from] drain|[of] p1a: 卡普•猩猩
|
|upkeep
|turn|26
|
|t:|1759072982
|switch|p1a: 派大星|Toxapex, M|100/100
|move|p2a: Derechos Trans|Substitute|p2a: Derechos Trans
|-start|p2a: Derechos Trans|Substitute
|-damage|p2a: Derechos Trans|54/100
|
|upkeep
|turn|27
|
|t:|1759072996
|switch|p1a: 赛哥们|Gholdengo|87/100
|move|p2a: Derechos Trans|Calm Mind|p2a: Derechos Trans
|-boost|p2a: Derechos Trans|spa|1
|-boost|p2a: Derechos Trans|spd|1
|
|upkeep
|turn|28
|inactive|Nyamai has 120 seconds left.
|
|t:|1759073027
|move|p1a: 赛哥们|Make It Rain|p2a: Derechos Trans
|-supereffective|p2a: Derechos Trans
|-end|p2a: Derechos Trans|Substitute
|-unboost|p1a: 赛哥们|spa|1
|move|p2a: Derechos Trans|Psychic Noise|p1a: 赛哥们
|-damage|p1a: 赛哥们|27/100
|-start|p1a: 赛哥们|move: Heal Block
|
|upkeep
|turn|29
|
|t:|1759073036
|move|p1a: 赛哥们|Make It Rain|p2a: Derechos Trans
|-supereffective|p2a: Derechos Trans
|-damage|p2a: Derechos Trans|0 fnt
|-unboost|p1a: 赛哥们|spa|1
|faint|p2a: Derechos Trans
|
|-end|p1a: 赛哥们|move: Heal Block
|upkeep
|
|t:|1759073041
|switch|p2a: Changoctm|Rillaboom, M|46/100
|-fieldstart|move: Grassy Terrain|[from] ability: Grassy Surge|[of] p2a: Changoctm
|turn|30
|inactive|xpp233 has 120 seconds left.
|c|☆Nyamai|omae wa kowaii desu
|
|t:|1759073053
|switch|p1a: 大酱|Kingambit, F|71/100
|move|p2a: Changoctm|Grassy Glide|p1a: 大酱
|-resisted|p1a: 大酱
|-damage|p1a: 大酱|54/100
|-damage|p2a: Changoctm|36/100|[from] item: Life Orb
|
|-heal|p2a: Changoctm|42/100|[from] Grassy Terrain
|-heal|p1a: 大酱|60/100|[from] Grassy Terrain
|upkeep
|turn|31
|inactive|xpp233 has 120 seconds left.
|
|t:|1759073063
|move|p2a: Changoctm|Taunt|p1a: 大酱
|-start|p1a: 大酱|move: Taunt
|move|p1a: 大酱|Iron Head|p2a: Changoctm
|-damage|p2a: Changoctm|0 fnt
|faint|p2a: Changoctm
|
|win|xpp233
|raw|xpp233's rating: 1221 &rarr; <strong>1249</strong><br />(+28 for winning)
|raw|Nyamai's rating: 1259 &rarr; <strong>1231</strong><br />(-28 for losing)
|l|☆Nyamai
|player|p2|
