|j|☆kenxniper
|j|☆zuoxi_QAQ
|t:|1758936009
|gametype|singles
|player|p1|kenxniper|gladion-masters|1483
|player|p2|zuoxi_QAQ|iono|1509
|gen|9
|tier|[Gen 9] OU
|rated|
|rule|HP Percentage Mod: HP is shown in percentages
|rule|Endless Battle Clause: Forcing endless battles is banned
|rule|Species Clause: Limit one of each Pokémon
|rule|OHKO Clause: OHKO moves are banned
|rule|Evasion Items Clause: Evasion items are banned
|rule|Evasion Moves Clause: Evasion moves are banned
|rule|Evasion Abilities Clause: Evasion abilities are banned
|rule|Sleep Moves Clause: Sleep-inducing moves are banned
|clearpoke
|poke|p1|Primarina, F|
|poke|p1|Raging Bolt|
|poke|p1|Scizor, M|
|poke|p1|Gholdengo|
|poke|p1|Great Tusk|
|poke|p1|Ogerpon-Wellspring, F|
|poke|p2|Inteleon, F|
|poke|p2|Zapdos|
|poke|p2|Iron Crown|
|poke|p2|Ting-Lu|
|poke|p2|Ogerpon-Wellspring, F|
|poke|p2|Great Tusk|
|teampreview
|
|t:|1758936017
|teamsize|p1|6
|teamsize|p2|6
|start
|switch|p1a: Ogerpon|Ogerpon-Wellspring, F|100/100
|switch|p2a: Inteleon|Inteleon, F|100/100
|turn|1
|inactive|Battle timer is ON: inactive players will automatically lose when time's up. (requested by kenxniper)
|
|t:|1758936025
|move|p2a: Inteleon|U-turn|p1a: Ogerpon
|-supereffective|p1a: Ogerpon
|-damage|p1a: Ogerpon|64/100
|
|t:|1758936038
|switch|p2a: Zapdos|Zapdos|100/100|[from] U-turn
|move|p1a: Ogerpon|Knock Off|p2a: Zapdos
|-damage|p2a: Zapdos|69/100
|-enditem|p2a: Zapdos|Heavy-Duty Boots|[from] move: Knock Off|[of] p1a: Ogerpon
|
|upkeep
|turn|2
|
|t:|1758936050
|switch|p1a: Raging Bolt|Raging Bolt|100/100
|move|p2a: Zapdos|Heat Wave|p1a: Raging Bolt
|-resisted|p1a: Raging Bolt
|-damage|p1a: Raging Bolt|89/100
|
|-heal|p1a: Raging Bolt|96/100|[from] item: Leftovers
|upkeep
|turn|3
|
|t:|1758936053
|move|p2a: Zapdos|Roost|p2a: Zapdos
|-heal|p2a: Zapdos|100/100
|-singleturn|p2a: Zapdos|move: Roost
|move|p1a: Raging Bolt|Volt Switch|p2a: Zapdos
|-resisted|p2a: Zapdos
|-damage|p2a: Zapdos|81/100
|
|t:|1758936058
|-end|p1a: Raging Bolt|Protosynthesis|[silent]
|switch|p1a: Ogerpon|Ogerpon-Wellspring, F|64/100|[from] Volt Switch
|
|upkeep
|turn|4
|
|t:|1758936068
|move|p1a: Ogerpon|Ivy Cudgel|p2a: Zapdos|[anim] Ivy Cudgel Water
|-damage|p2a: Zapdos|32/100
|move|p2a: Zapdos|Thunder Wave|p1a: Ogerpon
|-status|p1a: Ogerpon|par
|
|upkeep
|turn|5
|
|t:|1758936078
|move|p2a: Zapdos|Roost|p2a: Zapdos
|-heal|p2a: Zapdos|82/100
|-singleturn|p2a: Zapdos|move: Roost
|move|p1a: Ogerpon|Ivy Cudgel|p2a: Zapdos|[anim] Ivy Cudgel Water
|-damage|p2a: Zapdos|31/100
|
|upkeep
|turn|6
|
|t:|1758936083
|move|p2a: Zapdos|Roost|p2a: Zapdos
|-heal|p2a: Zapdos|81/100
|-singleturn|p2a: Zapdos|move: Roost
|move|p1a: Ogerpon|Ivy Cudgel|p2a: Zapdos|[anim] Ivy Cudgel Water
|-damage|p2a: Zapdos|34/100
|
|upkeep
|turn|7
|inactive|kenxniper has 120 seconds left.
|
|t:|1758936127
|move|p2a: Zapdos|Roost|p2a: Zapdos
|-heal|p2a: Zapdos|84/100
|-singleturn|p2a: Zapdos|move: Roost
|move|p1a: Ogerpon|Ivy Cudgel|p2a: Zapdos|[anim] Ivy Cudgel Water
|-damage|p2a: Zapdos|32/100
|
|upkeep
|turn|8
|
|t:|1758936131
|move|p2a: Zapdos|Roost|p2a: Zapdos
|-heal|p2a: Zapdos|82/100
|-singleturn|p2a: Zapdos|move: Roost
|move|p1a: Ogerpon|Ivy Cudgel|p2a: Zapdos|[anim] Ivy Cudgel Water
|-damage|p2a: Zapdos|32/100
|
|upkeep
|turn|9
|inactive|kenxniper has 120 seconds left.
|
|t:|1758936158
|move|p2a: Zapdos|Volt Switch|p1a: Ogerpon
|-damage|p1a: Ogerpon|26/100 par
|
|t:|1758936161
|switch|p2a: Ogerpon|Ogerpon-Wellspring, F|100/100|[from] Volt Switch
|move|p1a: Ogerpon|Ivy Cudgel|p2a: Ogerpon|[anim] Ivy Cudgel Water
|-immune|p2a: Ogerpon|[from] ability: Water Absorb
|
|upkeep
|turn|10
|
|t:|1758936168
|switch|p2a: Zapdos|Zapdos|32/100
|move|p1a: Ogerpon|Wood Hammer|p2a: Zapdos
|-resisted|p2a: Zapdos
|-damage|p2a: Zapdos|3/100
|-damage|p1a: Ogerpon|14/100 par|[from] Recoil
|
|upkeep
|turn|11
|
|t:|1758936177
|move|p2a: Zapdos|Roost|p2a: Zapdos
|-heal|p2a: Zapdos|53/100
|-singleturn|p2a: Zapdos|move: Roost
|move|p1a: Ogerpon|Wood Hammer|p2a: Zapdos
|-damage|p2a: Zapdos|0 fnt
|faint|p2a: Zapdos
|-damage|p1a: Ogerpon|0 fnt|[from] Recoil
|faint|p1a: Ogerpon
|
|upkeep
|inactive|kenxniper has 120 seconds left.
|
|t:|1758936192
|switch|p1a: Primarina|Primarina, F|100/100
|switch|p2a: Iron Crown|Iron Crown|100/100
|turn|12
|
|t:|1758936204
|move|p2a: Iron Crown|Volt Switch|p1a: Primarina
|-supereffective|p1a: Primarina
|-damage|p1a: Primarina|63/100
|
|t:|1758936209
|-end|p2a: Iron Crown|Quark Drive|[silent]
|switch|p2a: Ogerpon|Ogerpon-Wellspring, F|100/100|[from] Volt Switch
|move|p1a: Primarina|Moonblast|p2a: Ogerpon
|-damage|p2a: Ogerpon|36/100
|
|upkeep
|turn|13
|
|t:|1758936218
|-terastallize|p1a: Primarina|Grass
|move|p2a: Ogerpon|Horn Leech|p1a: Primarina
|-resisted|p1a: Primarina
|-damage|p1a: Primarina|37/100
|-heal|p2a: Ogerpon|51/100|[from] drain|[of] p1a: Primarina
|move|p1a: Primarina|Moonblast|p2a: Ogerpon
|-damage|p2a: Ogerpon|0 fnt
|faint|p2a: Ogerpon
|
|upkeep
|
|t:|1758936222
|switch|p2a: Iron Crown|Iron Crown|100/100
|turn|14
|
|t:|1758936231
|switch|p1a: Gholdengo|Gholdengo|100/100
|move|p2a: Iron Crown|Psyshock|p1a: Gholdengo
|-resisted|p1a: Gholdengo
|-damage|p1a: Gholdengo|74/100
|
|-heal|p1a: Gholdengo|80/100|[from] item: Leftovers
|upkeep
|turn|15
|
|t:|1758936234
|-end|p2a: Iron Crown|Quark Drive|[silent]
|switch|p2a: Ting-Lu|Ting-Lu|100/100
|-ability|p2a: Ting-Lu|Vessel of Ruin
|move|p1a: Gholdengo|Thunder Wave|p2a: Ting-Lu
|-immune|p2a: Ting-Lu
|
|-heal|p1a: Gholdengo|86/100|[from] item: Leftovers
|upkeep
|turn|16
|
|t:|1758936246
|switch|p1a: Scizor|Scizor, M|100/100
|switch|p2a: Iron Crown|Iron Crown|100/100
|
|upkeep
|turn|17
|
|t:|1758936252
|move|p2a: Iron Crown|Volt Switch|p1a: Scizor
|-damage|p1a: Scizor|61/100
|
|t:|1758936254
|-end|p2a: Iron Crown|Quark Drive|[silent]
|switch|p2a: Great Tusk|Great Tusk|100/100|[from] Volt Switch
|-enditem|p2a: Great Tusk|Booster Energy
|-activate|p2a: Great Tusk|ability: Protosynthesis|[fromitem]
|-start|p2a: Great Tusk|protosynthesisatk
|move|p1a: Scizor|Bug Bite|p2a: Great Tusk
|-resisted|p2a: Great Tusk
|-damage|p2a: Great Tusk|81/100
|
|-heal|p1a: Scizor|67/100|[from] item: Leftovers
|upkeep
|turn|18
|
|t:|1758936270
|switch|p1a: Primarina|Primarina, F, tera:Grass|37/100
|move|p2a: Great Tusk|Rapid Spin|p1a: Primarina
|-damage|p1a: Primarina|11/100
|-boost|p2a: Great Tusk|spe|1
|
|upkeep
|turn|19
|
|t:|1758936275
|move|p2a: Great Tusk|Ice Spinner|p1a: Primarina
|-supereffective|p1a: Primarina
|-damage|p1a: Primarina|0 fnt
|faint|p1a: Primarina
|
|upkeep
|
|t:|1758936287
|switch|p1a: Scizor|Scizor, M|67/100
|turn|20
|
|t:|1758936292
|move|p1a: Scizor|Bullet Punch|p2a: Great Tusk
|-damage|p2a: Great Tusk|57/100
|move|p2a: Great Tusk|Headlong Rush|p1a: Scizor
|-damage|p1a: Scizor|0 fnt
|-unboost|p2a: Great Tusk|def|1
|-unboost|p2a: Great Tusk|spd|1
|faint|p1a: Scizor
|
|upkeep
|
|t:|1758936298
|switch|p1a: Great Tusk|Great Tusk|100/100
|turn|21
|
|t:|1758936317
|-end|p2a: Great Tusk|Protosynthesis|[silent]
|switch|p2a: Ting-Lu|Ting-Lu|100/100
|-ability|p2a: Ting-Lu|Vessel of Ruin
|move|p1a: Great Tusk|Rapid Spin|p2a: Ting-Lu
|-damage|p2a: Ting-Lu|94/100
|-boost|p1a: Great Tusk|spe|1
|
|-heal|p2a: Ting-Lu|99/100|[from] item: Leftovers
|upkeep
|turn|22
|
|t:|1758936328
|move|p1a: Great Tusk|Close Combat|p2a: Ting-Lu
|-supereffective|p2a: Ting-Lu
|-damage|p2a: Ting-Lu|49/100
|-unboost|p1a: Great Tusk|def|1
|-unboost|p1a: Great Tusk|spd|1
|move|p2a: Ting-Lu|Whirlwind|p1a: Great Tusk
|-end|p1a: Great Tusk|Protosynthesis|[silent]
|drag|p1a: Raging Bolt|Raging Bolt|96/100
|
|-heal|p1a: Raging Bolt|100/100|[from] item: Leftovers
|-heal|p2a: Ting-Lu|56/100|[from] item: Leftovers
|upkeep
|turn|23
|
|t:|1758936336
|move|p1a: Raging Bolt|Calm Mind|p1a: Raging Bolt
|-boost|p1a: Raging Bolt|spa|1
|-boost|p1a: Raging Bolt|spd|1
|move|p2a: Ting-Lu|Earthquake|p1a: Raging Bolt
|-supereffective|p1a: Raging Bolt
|-damage|p1a: Raging Bolt|42/100
|
|-heal|p1a: Raging Bolt|48/100|[from] item: Leftovers
|-heal|p2a: Ting-Lu|62/100|[from] item: Leftovers
|upkeep
|turn|24
|
|t:|1758936342
|-end|p1a: Raging Bolt|Protosynthesis|[silent]
|switch|p1a: Great Tusk|Great Tusk|100/100
|move|p2a: Ting-Lu|Whirlwind|p1a: Great Tusk
|-end|p1a: Great Tusk|Protosynthesis|[silent]
|drag|p1a: Gholdengo|Gholdengo|86/100
|
|-heal|p1a: Gholdengo|93/100|[from] item: Leftovers
|-heal|p2a: Ting-Lu|68/100|[from] item: Leftovers
|upkeep
|turn|25
|
|t:|1758936346
|switch|p1a: Great Tusk|Great Tusk|100/100
|move|p2a: Ting-Lu|Earthquake|p1a: Great Tusk
|-damage|p1a: Great Tusk|73/100
|
|-heal|p2a: Ting-Lu|74/100|[from] item: Leftovers
|upkeep
|turn|26
|
|t:|1758936353
|move|p1a: Great Tusk|Rapid Spin|p2a: Ting-Lu
|-damage|p2a: Ting-Lu|67/100
|-boost|p1a: Great Tusk|spe|1
|move|p2a: Ting-Lu|Whirlwind|p1a: Great Tusk
|-end|p1a: Great Tusk|Protosynthesis|[silent]
|drag|p1a: Gholdengo|Gholdengo|93/100
|
|-heal|p1a: Gholdengo|99/100|[from] item: Leftovers
|-heal|p2a: Ting-Lu|73/100|[from] item: Leftovers
|upkeep
|turn|27
|
|t:|1758936379
|move|p1a: Gholdengo|Recover|p1a: Gholdengo
|-heal|p1a: Gholdengo|100/100
|move|p2a: Ting-Lu|Earthquake|p1a: Gholdengo
|-supereffective|p1a: Gholdengo
|-damage|p1a: Gholdengo|27/100
|
|-heal|p1a: Gholdengo|33/100|[from] item: Leftovers
|-heal|p2a: Ting-Lu|79/100|[from] item: Leftovers
|upkeep
|turn|28
|
|t:|1758936389
|move|p1a: Gholdengo|Recover|p1a: Gholdengo
|-heal|p1a: Gholdengo|83/100
|move|p2a: Ting-Lu|Earthquake|p1a: Gholdengo
|-supereffective|p1a: Gholdengo
|-damage|p1a: Gholdengo|9/100
|
|-heal|p1a: Gholdengo|16/100|[from] item: Leftovers
|-heal|p2a: Ting-Lu|86/100|[from] item: Leftovers
|upkeep
|turn|29
|
|t:|1758936399
|switch|p1a: Great Tusk|Great Tusk|73/100
|move|p2a: Ting-Lu|Earthquake|p1a: Great Tusk
|-damage|p1a: Great Tusk|48/100
|
|-heal|p2a: Ting-Lu|92/100|[from] item: Leftovers
|upkeep
|turn|30
|
|t:|1758936406
|move|p1a: Great Tusk|Close Combat|p2a: Ting-Lu
|-supereffective|p2a: Ting-Lu
|-damage|p2a: Ting-Lu|43/100
|-unboost|p1a: Great Tusk|def|1
|-unboost|p1a: Great Tusk|spd|1
|move|p2a: Ting-Lu|Whirlwind|p1a: Great Tusk
|-end|p1a: Great Tusk|Protosynthesis|[silent]
|drag|p1a: Raging Bolt|Raging Bolt|48/100
|
|-heal|p1a: Raging Bolt|54/100|[from] item: Leftovers
|-heal|p2a: Ting-Lu|49/100|[from] item: Leftovers
|upkeep
|turn|31
|
|t:|1758936414
|-end|p1a: Raging Bolt|Protosynthesis|[silent]
|switch|p1a: Great Tusk|Great Tusk|48/100
|move|p2a: Ting-Lu|Earthquake|p1a: Great Tusk
|-damage|p1a: Great Tusk|22/100
|
|-heal|p2a: Ting-Lu|55/100|[from] item: Leftovers
|upkeep
|turn|32
|
|t:|1758936425
|move|p1a: Great Tusk|Close Combat|p2a: Ting-Lu
|-supereffective|p2a: Ting-Lu
|-damage|p2a: Ting-Lu|2/100
|-unboost|p1a: Great Tusk|def|1
|-unboost|p1a: Great Tusk|spd|1
|move|p2a: Ting-Lu|Earthquake|p1a: Great Tusk
|-damage|p1a: Great Tusk|0 fnt
|faint|p1a: Great Tusk
|-end|p1a: Great Tusk|Protosynthesis|[silent]
|
|-heal|p2a: Ting-Lu|9/100|[from] item: Leftovers
|upkeep
|
|t:|1758936434
|switch|p1a: Gholdengo|Gholdengo|16/100
|turn|33
|
|t:|1758936437
|move|p1a: Gholdengo|Hex|p2a: Ting-Lu
|-resisted|p2a: Ting-Lu
|-damage|p2a: Ting-Lu|0 fnt
|faint|p2a: Ting-Lu
|
|-heal|p1a: Gholdengo|22/100|[from] item: Leftovers
|upkeep
|
|t:|1758936444
|switch|p2a: Inteleon|Inteleon, F|100/100
|turn|34
|
|t:|1758936447
|move|p2a: Inteleon|Snipe Shot|p1a: Gholdengo
|-damage|p1a: Gholdengo|0 fnt
|faint|p1a: Gholdengo
|
|upkeep
|
|t:|1758936449
|switch|p1a: Raging Bolt|Raging Bolt|54/100
|turn|35
|
|t:|1758936454
|-terastallize|p2a: Inteleon|Ground
|move|p2a: Inteleon|Ice Beam|p1a: Raging Bolt
|-supereffective|p1a: Raging Bolt
|-crit|p1a: Raging Bolt
|-damage|p1a: Raging Bolt|0 fnt
|faint|p1a: Raging Bolt
|-end|p1a: Raging Bolt|Protosynthesis|[silent]
|
|win|zuoxi_QAQ
|raw|kenxniper's rating: 1483 &rarr; <strong>1464</strong><br />(-19 for losing)
|raw|zuoxi_QAQ's rating: 1509 &rarr; <strong>1528</strong><br />(+19 for winning)
|l|☆kenxniper
|player|p1|
|l|☆zuoxi_QAQ
|player|p2|
