|j|☆ooo01w
|j|☆ultraminkey
|t:|1758953184
|gametype|singles
|player|p1|ooo01w|1|1560
|player|p2|ultraminkey|lusamine-nihilego|1518
|gen|9
|tier|[Gen 9] OU
|rated|
|rule|HP Percentage Mod: HP is shown in percentages
|rule|Endless Battle Clause: Forcing endless battles is banned
|rule|Species Clause: Limit one of each Pokémon
|rule|OHKO Clause: OHKO moves are banned
|rule|Evasion Items Clause: Evasion items are banned
|rule|Evasion Moves Clause: Evasion moves are banned
|rule|Evasion Abilities Clause: Evasion abilities are banned
|rule|Sleep Moves Clause: Sleep-inducing moves are banned
|clearpoke
|poke|p1|Araquanid, F|
|poke|p1|Raging Bolt|
|poke|p1|Iron Moth|
|poke|p1|Great Tusk|
|poke|p1|Gholdengo|
|poke|p1|Kingambit, F|
|poke|p2|Meowscarada, M|
|poke|p2|Great Tusk|
|poke|p2|Slowking-Galar, F|
|poke|p2|Dragapult, F|
|poke|p2|Alomomola, M|
|poke|p2|Garchomp, M|
|teampreview
|c|☆ultraminkey|gl
|
|t:|1758953192
|teamsize|p1|6
|teamsize|p2|6
|start
|switch|p1a: Araquanid|Araquanid, F|100/100
|switch|p2a: Garchomp|Garchomp, M|100/100
|turn|1
|
|t:|1758953199
|move|p2a: Garchomp|Stealth Rock|p1a: Araquanid
|-sidestart|p1: ooo01w|move: Stealth Rock
|move|p1a: Araquanid|Sticky Web|p2a: Garchomp
|-sidestart|p2: ultraminkey|move: Sticky Web
|
|upkeep
|turn|2
|
|t:|1758953205
|move|p1a: Araquanid|Lunge|p2a: Garchomp
|-damage|p2a: Garchomp|87/100
|-unboost|p2a: Garchomp|atk|1
|-damage|p1a: Araquanid|88/100|[from] ability: Rough Skin|[of] p2a: Garchomp
|-damage|p1a: Araquanid|72/100|[from] item: Rocky Helmet|[of] p2a: Garchomp
|move|p2a: Garchomp|Dragon Tail|p1a: Araquanid
|-damage|p1a: Araquanid|56/100
|drag|p1a: Raging Bolt|Raging Bolt|100/100
|-damage|p1a: Raging Bolt|88/100|[from] Stealth Rock
|-enditem|p1a: Raging Bolt|Booster Energy
|-activate|p1a: Raging Bolt|ability: Protosynthesis|[fromitem]
|-start|p1a: Raging Bolt|protosynthesisspa
|
|upkeep
|turn|3
|
|t:|1758953246
|-terastallize|p1a: Raging Bolt|Bug
|move|p2a: Garchomp|Earthquake|p1a: Raging Bolt
|-resisted|p1a: Raging Bolt
|-damage|p1a: Raging Bolt|75/100
|move|p1a: Raging Bolt|Dragon Pulse|p2a: Garchomp
|-supereffective|p2a: Garchomp
|-damage|p2a: Garchomp|0 fnt
|faint|p2a: Garchomp
|
|upkeep
|inactive|Battle timer is ON: inactive players will automatically lose when time's up. (requested by ooo01w)
|
|t:|1758953258
|switch|p2a: Dragapult|Dragapult, F|100/100
|-activate|p2a: Dragapult|move: Sticky Web
|-unboost|p2a: Dragapult|spe|1
|turn|4
|
|t:|1758953265
|move|p2a: Dragapult|Flamethrower|p1a: Raging Bolt
|-supereffective|p1a: Raging Bolt
|-damage|p1a: Raging Bolt|2/100
|move|p1a: Raging Bolt|Dragon Pulse|p2a: Dragapult
|-supereffective|p2a: Dragapult
|-damage|p2a: Dragapult|0 fnt
|faint|p2a: Dragapult
|
|upkeep
|
|t:|1758953273
|switch|p2a: Great Tusk|Great Tusk|100/100
|turn|5
|
|t:|1758953282
|-end|p1a: Raging Bolt|Protosynthesis|[silent]
|switch|p1a: Gholdengo|Gholdengo|100/100
|-damage|p1a: Gholdengo|94/100|[from] Stealth Rock
|-item|p1a: Gholdengo|Air Balloon
|move|p2a: Great Tusk|Rapid Spin|p1a: Gholdengo
|-immune|p1a: Gholdengo
|
|upkeep
|turn|6
|
|t:|1758953294
|move|p2a: Great Tusk|Knock Off|p1a: Gholdengo
|-supereffective|p1a: Gholdengo
|-damage|p1a: Gholdengo|15/100
|-enditem|p1a: Gholdengo|Air Balloon
|move|p1a: Gholdengo|Dazzling Gleam|p2a: Great Tusk
|-supereffective|p2a: Great Tusk
|-damage|p2a: Great Tusk|8/100
|
|upkeep
|turn|7
|
|t:|1758953308
|move|p2a: Great Tusk|Knock Off|p1a: Gholdengo
|-supereffective|p1a: Gholdengo
|-damage|p1a: Gholdengo|0 fnt
|faint|p1a: Gholdengo
|
|upkeep
|
|t:|1758953323
|switch|p1a: Araquanid|Araquanid, F|56/100
|-damage|p1a: Araquanid|31/100|[from] Stealth Rock
|turn|8
|
|t:|1758953333
|-end|p2a: Great Tusk|Protosynthesis|[silent]
|switch|p2a: Slowking|Slowking-Galar, F|100/100
|move|p1a: Araquanid|Liquidation|p2a: Slowking
|-damage|p2a: Slowking|81/100
|
|upkeep
|turn|9
|
|t:|1758953338
|move|p2a: Slowking|Sludge Bomb|p1a: Araquanid
|-damage|p1a: Araquanid|11/100
|move|p1a: Araquanid|Mirror Coat|p2a: Slowking
|-damage|p2a: Slowking|46/100
|
|upkeep
|turn|10
|
|t:|1758953358
|switch|p1a: Kingambit|Kingambit, F|100/100
|-damage|p1a: Kingambit|94/100|[from] Stealth Rock
|-activate|p1a: Kingambit|ability: Supreme Overlord
|-start|p1a: Kingambit|fallen1|[silent]
|move|p2a: Slowking|Sludge Bomb|p1a: Kingambit
|-immune|p1a: Kingambit
|
|upkeep
|turn|11
|
|t:|1758953373
|-end|p1a: Kingambit|fallen1|[silent]
|switch|p1a: Great Tusk|Great Tusk|100/100
|-damage|p1a: Great Tusk|98/100|[from] Stealth Rock
|-enditem|p1a: Great Tusk|Booster Energy
|-activate|p1a: Great Tusk|ability: Protosynthesis|[fromitem]
|-start|p1a: Great Tusk|protosynthesisatk
|switch|p2a: Alomomola|Alomomola, M|100/100
|-activate|p2a: Alomomola|move: Sticky Web
|-unboost|p2a: Alomomola|spe|1
|
|upkeep
|turn|12
|
|t:|1758953382
|move|p1a: Great Tusk|Rapid Spin|p2a: Alomomola
|-damage|p2a: Alomomola|87/100
|-boost|p1a: Great Tusk|spe|1
|-sideend|p1: ooo01w|Stealth Rock|[from] move: Rapid Spin|[of] p1a: Great Tusk
|move|p2a: Alomomola|Ice Beam|p1a: Great Tusk
|-supereffective|p1a: Great Tusk
|-damage|p1a: Great Tusk|66/100
|
|upkeep
|turn|13
|
|t:|1758953391
|move|p1a: Great Tusk|Headlong Rush|p2a: Alomomola
|-damage|p2a: Alomomola|34/100
|-unboost|p1a: Great Tusk|def|1
|-unboost|p1a: Great Tusk|spd|1
|move|p2a: Alomomola|Flip Turn|p1a: Great Tusk
|-supereffective|p1a: Great Tusk
|-damage|p1a: Great Tusk|30/100
|
|t:|1758953394
|switch|p2a: Meowscarada|Meowscarada, M|100/100|[from] Flip Turn
|-activate|p2a: Meowscarada|move: Sticky Web
|-unboost|p2a: Meowscarada|spe|1
|
|upkeep
|turn|14
|
|t:|1758953405
|move|p1a: Great Tusk|Ice Spinner|p2a: Meowscarada
|-supereffective|p2a: Meowscarada
|-damage|p2a: Meowscarada|0 fnt
|faint|p2a: Meowscarada
|
|upkeep
|-message|ultraminkey forfeited.
|
|win|ooo01w
|raw|ooo01w's rating: 1560 &rarr; <strong>1578</strong><br />(+18 for winning)
|raw|ultraminkey's rating: 1518 &rarr; <strong>1500</strong><br />(-18 for losing)
|l|☆ultraminkey
|player|p2|
|l|☆ooo01w
|player|p1|
