|j|☆GymLeader Avery
|j|☆Taerabol
|t:|1759023209
|gametype|singles
|player|p1|GymLeader Avery|giovanni-gen1|
|player|p2|Taerabol|cynthia-gen4|
|gen|9
|tier|[Gen 9] OU
|rule|HP Percentage Mod: HP is shown in percentages
|rule|Endless Battle Clause: Forcing endless battles is banned
|rule|Species Clause: Limit one of each Pokémon
|rule|OHKO Clause: OHKO moves are banned
|rule|Evasion Items Clause: Evasion items are banned
|rule|Evasion Moves Clause: Evasion moves are banned
|rule|Evasion Abilities Clause: Evasion abilities are banned
|rule|Sleep Moves Clause: Sleep-inducing moves are banned
|clearpoke
|poke|p1|Meowth-Alola, L5, F|
|poke|p1|Gimmighoul-Roaming, L5|
|poke|p1|Froakie, L5, M|
|poke|p1|Hatenna, L5, F|
|poke|p1|Grimer, L5, F|
|poke|p1|Munchlax, L5, M|
|poke|p2|Mienfoo, L5, M|
|poke|p2|Growlithe-Hisui, L5, M|
|poke|p2|Finneon, L5, M|
|poke|p2|Buizel, L5, M|
|poke|p2|Treecko, L5, M|
|poke|p2|Larvitar, L5, F|
|teampreview
|c|☆GymLeader Avery|ight glhf
|c|☆Taerabol|glhf
|
|t:|1759023298
|teamsize|p1|6
|teamsize|p2|6
|start
|switch|p1a: Woakie|Froakie, L5, M|100/100
|switch|p2a: Twee|Treecko, L5, M|100/100
|turn|1
|
|t:|1759023307
|move|p1a: Woakie|Toxic Spikes|p2a: Twee
|-start|p1a: Woakie|typechange|Poison|[from] ability: Protean
|-sidestart|p2: Taerabol|move: Toxic Spikes
|move|p2a: Twee|Trailblaze|p1a: Woakie
|-resisted|p1a: Woakie
|-damage|p1a: Woakie|85/100
|-boost|p2a: Twee|spe|1
|
|upkeep
|turn|2
|
|t:|1759023316
|move|p1a: Woakie|Protect|p1a: Woakie
|-singleturn|p1a: Woakie|Protect
|move|p2a: Twee|Rock Slide|p1a: Woakie
|-activate|p1a: Woakie|move: Protect
|
|upkeep
|turn|3
|
|t:|1759023323
|move|p2a: Twee|Rock Slide|p1a: Woakie
|-damage|p1a: Woakie|55/100
|move|p1a: Woakie|Ice Beam|p2a: Twee
|-supereffective|p2a: Twee
|-damage|p2a: Twee|10/100
|
|upkeep
|turn|4
|
|t:|1759023335
|move|p2a: Twee|Rock Slide|p1a: Woakie
|-damage|p1a: Woakie|30/100
|move|p1a: Woakie|Ice Beam|p2a: Twee
|-supereffective|p2a: Twee
|-damage|p2a: Twee|0 fnt
|faint|p2a: Twee
|
|upkeep
|
|t:|1759023345
|switch|p2a: King|Mienfoo, L5, M|100/100
|-status|p2a: King|psn
|turn|5
|
|t:|1759023352
|move|p1a: Woakie|Protect|p1a: Woakie
|-singleturn|p1a: Woakie|Protect
|move|p2a: King|Knock Off|p1a: Woakie
|-activate|p1a: Woakie|move: Protect
|
|-damage|p2a: King|91/100 psn|[from] psn
|upkeep
|turn|6
|
|t:|1759023363
|move|p2a: King|U-turn|p1a: Woakie
|-resisted|p1a: Woakie
|-damage|p1a: Woakie|15/100
|
|t:|1759023370
|switch|p2a: Fish|Finneon, L5, M|100/100|[from] U-turn
|-status|p2a: Fish|psn
|move|p1a: Woakie|Surf|p2a: Fish
|-ability|p2a: Fish|Storm Drain|boost
|-boost|p2a: Fish|spa|1
|
|-damage|p2a: Fish|91/100 psn|[from] psn
|upkeep
|turn|7
|
|t:|1759023384
|move|p1a: Woakie|Protect|p1a: Woakie
|-singleturn|p1a: Woakie|Protect
|move|p2a: Fish|Tailwind|p2a: Fish
|-sidestart|p2: Taerabol|move: Tailwind
|
|-damage|p2a: Fish|82/100 psn|[from] psn
|upkeep
|turn|8
|
|t:|1759023394
|switch|p1a: Goopular|Grimer, L5, F|100/100
|move|p2a: Fish|Acrobatics|p1a: Goopular
|-damage|p1a: Goopular|85/100
|
|-damage|p2a: Fish|73/100 psn|[from] psn
|upkeep
|turn|9
|
|t:|1759023402
|move|p2a: Fish|Flip Turn|p1a: Goopular
|-damage|p1a: Goopular|62/100
|
|t:|1759023414
|switch|p2a: King|Mienfoo, L5, M|100/100 psn|[from] Flip Turn
|move|p1a: Goopular|Drain Punch|p2a: King
|-damage|p2a: King|72/100 psn
|-heal|p1a: Goopular|74/100|[from] drain|[of] p2a: King
|
|-damage|p2a: King|62/100 psn|[from] psn
|upkeep
|turn|10
|
|t:|1759023422
|move|p2a: King|Knock Off|p1a: Goopular
|-damage|p1a: Goopular|47/100
|-activate|p1a: Goopular|ability: Sticky Hold
|move|p1a: Goopular|Drain Punch|p2a: King
|-damage|p2a: King|34/100 psn
|-heal|p1a: Goopular|58/100|[from] drain|[of] p2a: King
|
|-damage|p2a: King|24/100 psn|[from] psn
|-sideend|p2: Taerabol|move: Tailwind
|upkeep
|turn|11
|
|t:|1759023434
|move|p2a: King|High Jump Kick|p1a: Goopular
|-resisted|p1a: Goopular
|-damage|p1a: Goopular|35/100
|move|p1a: Goopular|Drain Punch|p2a: King
|-damage|p2a: King|0 fnt
|-heal|p1a: Goopular|47/100|[from] drain|[of] p2a: King
|faint|p2a: King
|
|upkeep
|
|t:|1759023442
|switch|p2a: Bam|Larvitar, L5, F|100/100
|-status|p2a: Bam|psn
|turn|12
|
|t:|1759023454
|move|p2a: Bam|Iron Head|p1a: Goopular
|-damage|p1a: Goopular|12/100
|move|p1a: Goopular|Drain Punch|p2a: Bam
|-supereffective|p2a: Bam
|-damage|p2a: Bam|34/100 psn
|-heal|p1a: Goopular|39/100|[from] drain|[of] p2a: Bam
|
|-damage|p2a: Bam|24/100 psn|[from] psn
|upkeep
|turn|13
|
|t:|1759023464
|move|p2a: Bam|Iron Head|p1a: Goopular
|-damage|p1a: Goopular|8/100
|move|p1a: Goopular|Rest|p1a: Goopular
|-status|p1a: Goopular|slp|[from] move: Rest
|-heal|p1a: Goopular|100/100 slp|[silent]
|
|-damage|p2a: Bam|15/100 psn|[from] psn
|upkeep
|turn|14
|
|t:|1759023475
|switch|p1a: Woakie|Froakie, L5, M|15/100
|move|p2a: Bam|Dragon Dance|p2a: Bam
|-boost|p2a: Bam|atk|1
|-boost|p2a: Bam|spe|1
|
|-damage|p2a: Bam|5/100 psn|[from] psn
|upkeep
|turn|15
|
|t:|1759023489
|switch|p2a: Fish|Finneon, L5, M|73/100 psn
|move|p1a: Woakie|Ice Beam|p2a: Fish
|-start|p1a: Woakie|typechange|Ice|[from] ability: Protean
|-resisted|p2a: Fish
|-damage|p2a: Fish|50/100 psn
|
|-damage|p2a: Fish|41/100 psn|[from] psn
|upkeep
|turn|16
|
|t:|1759023499
|move|p1a: Woakie|Ice Beam|p2a: Fish
|-resisted|p2a: Fish
|-damage|p2a: Fish|14/100 psn
|move|p2a: Fish|Tailwind|p2a: Fish
|-sidestart|p2: Taerabol|move: Tailwind
|
|-damage|p2a: Fish|5/100 psn|[from] psn
|upkeep
|turn|17
|
|t:|1759023506
|move|p1a: Woakie|Protect|p1a: Woakie
|-singleturn|p1a: Woakie|Protect
|move|p2a: Fish|Acrobatics|p1a: Woakie
|-activate|p1a: Woakie|move: Protect
|
|-damage|p2a: Fish|0 fnt|[from] psn
|faint|p2a: Fish
|upkeep
|
|t:|1759023514
|switch|p2a: Bwee|Buizel, L5, M|100/100
|-status|p2a: Bwee|psn
|turn|18
|
|t:|1759023524
|move|p2a: Bwee|Surf|p1a: Woakie
|-damage|p1a: Woakie|0 fnt
|faint|p1a: Woakie
|
|-damage|p2a: Bwee|91/100 psn|[from] psn
|upkeep
|
|t:|1759023535
|switch|p1a: Big Ounce|Munchlax, L5, M|100/100
|turn|19
|
|t:|1759023550
|move|p1a: Big Ounce|Protect|p1a: Big Ounce
|-singleturn|p1a: Big Ounce|Protect
|move|p2a: Bwee|Flip Turn|p1a: Big Ounce
|-activate|p1a: Big Ounce|move: Protect
|
|-damage|p2a: Bwee|82/100 psn|[from] psn
|-sideend|p2: Taerabol|move: Tailwind
|upkeep
|turn|20
|
|t:|1759023561
|move|p2a: Bwee|Flip Turn|p1a: Big Ounce
|-damage|p1a: Big Ounce|77/100
|
|t:|1759023565
|switch|p2a: Bam|Larvitar, L5, F|5/100 psn|[from] Flip Turn
|move|p1a: Big Ounce|Earthquake|p2a: Bam
|-supereffective|p2a: Bam
|-damage|p2a: Bam|0 fnt
|faint|p2a: Bam
|
|upkeep
|
|t:|1759023571
|switch|p2a: Boof|Growlithe-Hisui, L5, M|100/100
|-status|p2a: Boof|psn
|turn|21
|
|t:|1759023576
|move|p2a: Boof|Close Combat|p1a: Big Ounce
|-supereffective|p1a: Big Ounce
|-enditem|p1a: Big Ounce|Chople Berry|[eat]
|-enditem|p1a: Big Ounce|Chople Berry|[weaken]
|-damage|p1a: Big Ounce|37/100
|-unboost|p2a: Boof|def|1
|-unboost|p2a: Boof|spd|1
|move|p1a: Big Ounce|Earthquake|p2a: Boof
|-supereffective|p2a: Boof
|-damage|p2a: Boof|0 fnt
|faint|p2a: Boof
|
|upkeep
|
|t:|1759023585
|switch|p2a: Bwee|Buizel, L5, M|82/100 psn
|turn|22
|
|t:|1759023590
|move|p2a: Bwee|Ice Beam|p1a: Big Ounce
|-damage|p1a: Big Ounce|24/100
|move|p1a: Big Ounce|Double-Edge|p2a: Bwee
|-damage|p2a: Bwee|0 fnt
|faint|p2a: Bwee
|-damage|p1a: Big Ounce|4/100|[from] Recoil
|
|win|GymLeader Avery
|c|☆GymLeader Avery|ggs
|c|☆Taerabol|gg
|l|☆GymLeader Avery
|player|p1|
