|badge|p1|silver|gen9ou|30-6
|html|<div class="broadcast-red"><strong>This battle is required to be public due to one or more player having a season medal.</strong><br />During the public phase, you can discuss the state of the ladder <a href="/seasondiscussion">in a special chatroom.</a></div>
|uhtml|medal-msg|<div class="broadcast-blue">Curious what those medals under the avatar are? PS now has Ladder Seasons! For more information, check out the <a href="https://www.smogon.com/forums/threads/3740067/">thread on Smogon.</a></div>
|raw|<div class="broadcast-blue"><strong>This battle is required to be public due to a player having a name starting with 'medal'.</div>
|j|☆LT124YH Ghoul
|j|☆Dr Greg H
|t:|1758983734
|gametype|singles
|player|p1|LT124YH Ghoul|#wcop2024asia|1954
|player|p2|Dr Greg H|pokemonbreeder-gen4|1817
|gen|9
|tier|[Gen 9] OU
|rated|
|rule|HP Percentage Mod: HP is shown in percentages
|rule|Endless Battle Clause: Forcing endless battles is banned
|rule|Species Clause: Limit one of each Pokémon
|rule|OHKO Clause: OHKO moves are banned
|rule|Evasion Items Clause: Evasion items are banned
|rule|Evasion Moves Clause: Evasion moves are banned
|rule|Evasion Abilities Clause: Evasion abilities are banned
|rule|Sleep Moves Clause: Sleep-inducing moves are banned
|clearpoke
|poke|p1|Enamorus, F|
|poke|p1|Araquanid, M|
|poke|p1|Gholdengo|
|poke|p1|Iron Valiant|
|poke|p1|Kingambit, M|
|poke|p1|Great Tusk|
|poke|p2|Rotom-Wash|
|poke|p2|Garchomp, F|
|poke|p2|Slowking-Galar, F|
|poke|p2|Zamazenta-*|
|poke|p2|Landorus-Therian, M|
|poke|p2|Kingambit, F|
|teampreview
|inactive|Battle timer is ON: inactive players will automatically lose when time's up. (requested by Dr Greg H)
|inactive|LT124YH Ghoul also wants the timer to be on.
|
|t:|1758983755
|teamsize|p1|6
|teamsize|p2|6
|start
|switch|p1a: Doc Seismic|Araquanid, M, shiny|100/100
|switch|p2a: Garchomp|Garchomp, F|100/100
|turn|1
|j| yrmpa
|
|t:|1758983764
|move|p2a: Garchomp|Swords Dance|p2a: Garchomp
|-boost|p2a: Garchomp|atk|2
|move|p1a: Doc Seismic|Sticky Web|p2a: Garchomp
|-sidestart|p2: Dr Greg H|move: Sticky Web
|
|upkeep
|turn|2
|
|t:|1758983774
|switch|p1a: Conquest|Enamorus, F|100/100
|move|p2a: Garchomp|Fire Fang|p1a: Conquest
|-damage|p1a: Conquest|0 fnt
|faint|p1a: Conquest
|-damage|p2a: Garchomp|91/100|[from] item: Life Orb
|
|upkeep
|
|t:|1758983781
|switch|p1a: Invincible|Great Tusk|100/100
|-enditem|p1a: Invincible|Booster Energy
|-activate|p1a: Invincible|ability: Protosynthesis|[fromitem]
|-start|p1a: Invincible|protosynthesisspe
|turn|3
|
|t:|1758983785
|switch|p2a: Bottom-Wash|Rotom-Wash|100/100
|move|p1a: Invincible|Knock Off|p2a: Bottom-Wash
|-damage|p2a: Bottom-Wash|79/100
|-enditem|p2a: Bottom-Wash|Leftovers|[from] move: Knock Off|[of] p1a: Invincible
|
|upkeep
|turn|4
|
|t:|1758983792
|-end|p1a: Invincible|Protosynthesis|[silent]
|switch|p1a: Doc Seismic|Araquanid, M, shiny|100/100
|move|p2a: Bottom-Wash|Volt Switch|p1a: Doc Seismic
|-supereffective|p1a: Doc Seismic
|-damage|p1a: Doc Seismic|56/100
|
|t:|1758983797
|switch|p2a: Garchomp|Garchomp, F|91/100|[from] Volt Switch
|-activate|p2a: Garchomp|move: Sticky Web
|-unboost|p2a: Garchomp|spe|1
|
|upkeep
|turn|5
|
|t:|1758983800
|move|p2a: Garchomp|Outrage|p1a: Doc Seismic
|-damage|p1a: Doc Seismic|0 fnt
|faint|p1a: Doc Seismic
|-damage|p2a: Garchomp|81/100|[from] item: Life Orb
|
|upkeep
|
|t:|1758983821
|switch|p1a: Atom Eve|Iron Valiant|100/100
|-enditem|p1a: Atom Eve|Booster Energy
|-activate|p1a: Atom Eve|ability: Quark Drive|[fromitem]
|-start|p1a: Atom Eve|quarkdrivespa
|turn|6
|
|t:|1758983823
|move|p1a: Atom Eve|Calm Mind|p1a: Atom Eve
|-boost|p1a: Atom Eve|spa|1
|-boost|p1a: Atom Eve|spd|1
|move|p2a: Garchomp|Outrage|p1a: Atom Eve|[from] lockedmove
|-immune|p1a: Atom Eve
|
|upkeep
|turn|7
|
|t:|1758983828
|move|p1a: Atom Eve|Calm Mind|p1a: Atom Eve
|-boost|p1a: Atom Eve|spa|1
|-boost|p1a: Atom Eve|spd|1
|move|p2a: Garchomp|Earthquake|p1a: Atom Eve
|-damage|p1a: Atom Eve|13/100
|-damage|p2a: Garchomp|71/100|[from] item: Life Orb
|
|upkeep
|turn|8
|j| cryyysneasel
|
|t:|1758983832
|move|p1a: Atom Eve|Moonblast|p2a: Garchomp
|-supereffective|p2a: Garchomp
|-damage|p2a: Garchomp|0 fnt
|faint|p2a: Garchomp
|
|upkeep
|j| wgw2333
|
|t:|1758983837
|switch|p2a: Zamazenta|Zamazenta|100/100
|-ability|p2a: Zamazenta|Dauntless Shield|boost
|-boost|p2a: Zamazenta|def|1
|turn|9
|
|t:|1758983841
|move|p1a: Atom Eve|Vacuum Wave|p2a: Zamazenta
|-damage|p2a: Zamazenta|49/100
|move|p2a: Zamazenta|Heavy Slam|p1a: Atom Eve
|-supereffective|p1a: Atom Eve
|-damage|p1a: Atom Eve|0 fnt
|faint|p1a: Atom Eve
|-end|p1a: Atom Eve|Quark Drive|[silent]
|
|upkeep
|
|t:|1758983857
|switch|p1a: Invincible|Great Tusk|100/100
|turn|10
|
|t:|1758983860
|switch|p2a: Bottom-Wash|Rotom-Wash|79/100
|move|p1a: Invincible|Rapid Spin|p2a: Bottom-Wash
|-damage|p2a: Bottom-Wash|68/100
|-boost|p1a: Invincible|spe|1
|
|upkeep
|turn|11
|
|t:|1758983867
|-end|p1a: Invincible|Protosynthesis|[silent]
|switch|p1a: Robot|Gholdengo|100/100
|move|p2a: Bottom-Wash|Hydro Pump|p1a: Robot|[miss]
|-miss|p2a: Bottom-Wash|p1a: Robot
|
|upkeep
|turn|12
|j| IM AT MY LIMIT
|
|t:|1758983874
|switch|p2a: Kingambit|Kingambit, F|100/100
|-activate|p2a: Kingambit|move: Sticky Web
|-unboost|p2a: Kingambit|spe|1
|-activate|p2a: Kingambit|ability: Supreme Overlord
|-start|p2a: Kingambit|fallen1|[silent]
|move|p1a: Robot|Shadow Ball|p2a: Kingambit
|-resisted|p2a: Kingambit
|-damage|p2a: Kingambit|82/100
|
|-heal|p2a: Kingambit|88/100|[from] item: Leftovers
|upkeep
|turn|13
|
|t:|1758983878
|switch|p1a: Invincible|Great Tusk|100/100
|move|p2a: Kingambit|Sucker Punch||[still]
|-fail|p2a: Kingambit
|
|-heal|p2a: Kingambit|94/100|[from] item: Leftovers
|upkeep
|turn|14
|
|t:|1758983883
|-end|p1a: Invincible|Protosynthesis|[silent]
|switch|p1a: Robot|Gholdengo|100/100
|-end|p2a: Kingambit|fallen1|[silent]
|switch|p2a: Bottom-Wash|Rotom-Wash|68/100
|
|upkeep
|turn|15
|
|t:|1758983888
|switch|p2a: Kingambit|Kingambit, F|94/100
|-activate|p2a: Kingambit|move: Sticky Web
|-unboost|p2a: Kingambit|spe|1
|-activate|p2a: Kingambit|ability: Supreme Overlord
|-start|p2a: Kingambit|fallen1|[silent]
|move|p1a: Robot|Shadow Ball|p2a: Kingambit
|-resisted|p2a: Kingambit
|-damage|p2a: Kingambit|77/100
|
|-heal|p2a: Kingambit|83/100|[from] item: Leftovers
|upkeep
|turn|16
|
|t:|1758983892
|switch|p1a: Invincible|Great Tusk|100/100
|move|p2a: Kingambit|Iron Head|p1a: Invincible
|-damage|p1a: Invincible|71/100
|
|-heal|p2a: Kingambit|89/100|[from] item: Leftovers
|upkeep
|turn|17
|
|t:|1758983899
|-end|p2a: Kingambit|fallen1|[silent]
|switch|p2a: Bottom-Wash|Rotom-Wash|68/100
|move|p1a: Invincible|Head Smash|p2a: Bottom-Wash
|-damage|p2a: Bottom-Wash|34/100
|-damage|p1a: Invincible|59/100|[from] Recoil
|
|upkeep
|turn|18
|
|t:|1758983905
|-end|p1a: Invincible|Protosynthesis|[silent]
|switch|p1a: Robot|Gholdengo|100/100
|switch|p2a: Landorus|Landorus-Therian, M|100/100
|-ability|p2a: Landorus|Intimidate|boost
|-unboost|p1a: Robot|atk|1
|
|upkeep
|turn|19
|j| seiko leich
|
|t:|1758983925
|-terastallize|p1a: Robot|Flying
|move|p2a: Landorus|U-turn|p1a: Robot
|-resisted|p1a: Robot
|-damage|p1a: Robot|90/100
|
|t:|1758983928
|switch|p2a: Slowking|Slowking-Galar, F|100/100|[from] U-turn
|move|p1a: Robot|Nasty Plot|p1a: Robot
|-boost|p1a: Robot|spa|2
|
|upkeep
|turn|20
|
|t:|1758983931
|move|p1a: Robot|Shadow Ball|p2a: Slowking
|-supereffective|p2a: Slowking
|-damage|p2a: Slowking|11/100
|move|p2a: Slowking|Sludge Bomb|p1a: Robot
|-damage|p1a: Robot|56/100
|
|upkeep
|turn|21
|j| Eqb07
|j| Despote
|inactive|LT124YH Ghoul has 120 seconds left.
|
|t:|1758983961
|move|p1a: Robot|Recover|p1a: Robot
|-heal|p1a: Robot|100/100
|move|p2a: Slowking|Sludge Bomb|p1a: Robot
|-damage|p1a: Robot|70/100
|
|upkeep
|turn|22
|
|t:|1758983968
|move|p1a: Robot|Nasty Plot|p1a: Robot
|-boost|p1a: Robot|spa|2
|move|p2a: Slowking|Sludge Bomb|p1a: Robot
|-damage|p1a: Robot|37/100
|
|upkeep
|turn|23
|
|t:|1758983970
|move|p1a: Robot|Recover|p1a: Robot
|-heal|p1a: Robot|87/100
|move|p2a: Slowking|Sludge Bomb|p1a: Robot
|-damage|p1a: Robot|56/100
|
|upkeep
|turn|24
|
|t:|1758983972
|move|p1a: Robot|Recover|p1a: Robot
|-heal|p1a: Robot|100/100
|move|p2a: Slowking|Sludge Bomb|p1a: Robot
|-damage|p1a: Robot|68/100
|
|upkeep
|turn|25
|
|t:|1758983975
|move|p1a: Robot|Nasty Plot|p1a: Robot
|-boost|p1a: Robot|spa|2
|move|p2a: Slowking|Sludge Bomb|p1a: Robot
|-damage|p1a: Robot|36/100
|
|upkeep
|turn|26
|
|t:|1758983977
|move|p1a: Robot|Recover|p1a: Robot
|-heal|p1a: Robot|86/100
|move|p2a: Slowking|Sludge Bomb|p1a: Robot
|-damage|p1a: Robot|52/100
|
|upkeep
|turn|27
|
|t:|1758983979
|move|p1a: Robot|Recover|p1a: Robot
|-heal|p1a: Robot|100/100
|move|p2a: Slowking|Sludge Bomb|p1a: Robot
|-damage|p1a: Robot|68/100
|
|upkeep
|turn|28
|
|t:|1758983982
|move|p1a: Robot|Shadow Ball|p2a: Slowking
|-supereffective|p2a: Slowking
|-damage|p2a: Slowking|0 fnt
|faint|p2a: Slowking
|
|upkeep
|
|t:|1758983984
|switch|p2a: Kingambit|Kingambit, F|89/100
|-activate|p2a: Kingambit|move: Sticky Web
|-unboost|p2a: Kingambit|spe|1
|-activate|p2a: Kingambit|ability: Supreme Overlord
|-start|p2a: Kingambit|fallen2|[silent]
|turn|29
|
|t:|1758983987
|move|p2a: Kingambit|Sucker Punch|p1a: Robot
|-damage|p1a: Robot|25/100
|move|p1a: Robot|Make It Rain|p2a: Kingambit
|-resisted|p2a: Kingambit
|-damage|p2a: Kingambit|0 fnt
|-unboost|p1a: Robot|spa|1
|faint|p2a: Kingambit
|-end|p2a: Kingambit|fallen2|[silent]
|
|upkeep
|
|t:|1758983990
|switch|p2a: Zamazenta|Zamazenta|49/100
|turn|30
|
|t:|1758983997
|move|p2a: Zamazenta|Heavy Slam|p1a: Robot
|-damage|p1a: Robot|0 fnt
|faint|p1a: Robot
|
|upkeep
|
|t:|1758983999
|switch|p1a: Invincible|Great Tusk|59/100
|turn|31
|
|t:|1758984004
|switch|p2a: Landorus|Landorus-Therian, M|100/100
|-ability|p2a: Landorus|Intimidate|boost
|-unboost|p1a: Invincible|atk|1
|move|p1a: Invincible|Knock Off|p2a: Landorus
|-damage|p2a: Landorus|82/100
|-damage|p1a: Invincible|42/100|[from] item: Rocky Helmet|[of] p2a: Landorus
|-enditem|p2a: Landorus|Rocky Helmet|[from] move: Knock Off|[of] p1a: Invincible
|
|upkeep
|turn|32
|
|t:|1758984015
|-end|p1a: Invincible|Protosynthesis|[silent]
|switch|p1a: Omni-Man|Kingambit, M|100/100
|-activate|p1a: Omni-Man|ability: Supreme Overlord
|-start|p1a: Omni-Man|fallen4|[silent]
|-item|p1a: Omni-Man|Air Balloon
|move|p2a: Landorus|Earth Power|p1a: Omni-Man
|-immune|p1a: Omni-Man
|
|upkeep
|turn|33
|l| yrmpa
|
|t:|1758984041
|move|p2a: Landorus|Taunt|p1a: Omni-Man
|-start|p1a: Omni-Man|move: Taunt
|cant|p1a: Omni-Man|move: Taunt|Swords Dance
|
|upkeep
|turn|34
|
|t:|1758984046
|move|p2a: Landorus|U-turn|p1a: Omni-Man
|-damage|p1a: Omni-Man|82/100
|-enditem|p1a: Omni-Man|Air Balloon
|
|t:|1758984049
|switch|p2a: Bottom-Wash|Rotom-Wash|34/100|[from] U-turn
|move|p1a: Omni-Man|Iron Head|p2a: Bottom-Wash
|-resisted|p2a: Bottom-Wash
|-damage|p2a: Bottom-Wash|23/100
|
|upkeep
|turn|35
|l| wgw2333
|
|t:|1758984059
|move|p2a: Bottom-Wash|Hydro Pump|p1a: Omni-Man
|-damage|p1a: Omni-Man|35/100
|move|p1a: Omni-Man|Iron Head|p2a: Bottom-Wash
|-resisted|p2a: Bottom-Wash
|-damage|p2a: Bottom-Wash|11/100
|
|-end|p1a: Omni-Man|move: Taunt
|upkeep
|turn|36
|j| wgw2333
|j| yrmpa
|
|t:|1758984063
|move|p1a: Omni-Man|Sucker Punch||[still]
|-fail|p1a: Omni-Man
|move|p2a: Bottom-Wash|Will-O-Wisp|p1a: Omni-Man
|-status|p1a: Omni-Man|brn
|
|-damage|p1a: Omni-Man|29/100 brn|[from] brn
|upkeep
|turn|37
|
|t:|1758984066
|move|p1a: Omni-Man|Sucker Punch|p2a: Bottom-Wash
|-damage|p2a: Bottom-Wash|0 fnt
|faint|p2a: Bottom-Wash
|
|-damage|p1a: Omni-Man|23/100 brn|[from] brn
|upkeep
|
|t:|1758984068
|switch|p2a: Landorus|Landorus-Therian, M|82/100
|-ability|p2a: Landorus|Intimidate|boost
|-unboost|p1a: Omni-Man|atk|1
|turn|38
|-message|LT124YH Ghoul forfeited.
|
|win|Dr Greg H
|raw|LT124YH Ghoul's rating: 1954 &rarr; <strong>1926</strong><br />(-28 for losing)
|raw|Dr Greg H's rating: 1817 &rarr; <strong>1845</strong><br />(+28 for winning)
|l|☆LT124YH Ghoul
|player|p1|
|l| cryyysneasel
|l|☆Dr Greg H
|player|p2|
|l| IM AT MY LIMIT
|l| wgw2333
