|j|☆Empereur Spoink
|j|☆Avl2121
|t:|1759065335
|gametype|singles
|player|p1|Empereur Spoink|ghetsis|1264
|player|p2|Avl2121|dragontamer|1254
|gen|9
|tier|[Gen 9] OU
|rated|
|rule|HP Percentage Mod: HP is shown in percentages
|rule|Endless Battle Clause: Forcing endless battles is banned
|rule|Species Clause: Limit one of each Pokémon
|rule|OHKO Clause: OHKO moves are banned
|rule|Evasion Items Clause: Evasion items are banned
|rule|Evasion Moves Clause: Evasion moves are banned
|rule|Evasion Abilities Clause: Evasion abilities are banned
|rule|Sleep Moves Clause: Sleep-inducing moves are banned
|clearpoke
|poke|p1|Moltres-Galar|
|poke|p1|Great Tusk|
|poke|p1|Iron Moth|
|poke|p1|Araquanid, M|
|poke|p1|Landorus-Therian, M|
|poke|p1|Weavile, F|
|poke|p2|Dragapult, M|
|poke|p2|Quaquaval, F|
|poke|p2|Garganacl, M|
|poke|p2|Revavroom, M|
|poke|p2|Garchomp, M|
|poke|p2|Frosmoth, M|
|teampreview
|inactive|Battle timer is ON: inactive players will automatically lose when time's up. (requested by Avl2121)
|
|t:|1759065343
|teamsize|p1|6
|teamsize|p2|6
|start
|switch|p1a: Araquanid|Araquanid, M|100/100
|switch|p2a: Dragapult|Dragapult, M|100/100
|turn|1
|
|t:|1759065350
|move|p2a: Dragapult|Thunder Wave|p1a: Araquanid
|-status|p1a: Araquanid|par
|cant|p1a: Araquanid|par
|
|upkeep
|turn|2
|
|t:|1759065354
|move|p2a: Dragapult|Thunder Wave|p1a: Araquanid
|-fail|p1a: Araquanid|par
|move|p1a: Araquanid|Sticky Web|p2a: Dragapult
|-sidestart|p2: Avl2121|move: Sticky Web
|
|upkeep
|turn|3
|
|t:|1759065360
|switch|p2a: Frosmoth|Frosmoth, M|100/100
|move|p1a: Araquanid|Endeavor|p2a: Frosmoth
|-immune|p2a: Frosmoth
|
|upkeep
|turn|4
|
|t:|1759065365
|move|p2a: Frosmoth|Quiver Dance|p2a: Frosmoth
|-boost|p2a: Frosmoth|spa|1
|-boost|p2a: Frosmoth|spd|1
|-boost|p2a: Frosmoth|spe|1
|move|p1a: Araquanid|Surf|p2a: Frosmoth
|-damage|p2a: Frosmoth|78/100
|
|upkeep
|turn|5
|
|t:|1759065370
|cant|p1a: Araquanid|par
|move|p2a: Frosmoth|Defog|p1a: Araquanid
|-unboost|p1a: Araquanid|evasion|1
|-sideend|p2: Avl2121|Sticky Web|[from] move: Defog|[of] p2a: Frosmoth
|
|upkeep
|turn|6
|
|t:|1759065373
|move|p2a: Frosmoth|Giga Drain|p1a: Araquanid
|-damage|p1a: Araquanid|67/100 par
|-heal|p2a: Frosmoth|98/100|[from] drain|[of] p1a: Araquanid
|cant|p1a: Araquanid|par
|
|upkeep
|turn|7
|
|t:|1759065377
|move|p2a: Frosmoth|Quiver Dance|p2a: Frosmoth
|-boost|p2a: Frosmoth|spa|1
|-boost|p2a: Frosmoth|spd|1
|-boost|p2a: Frosmoth|spe|1
|move|p1a: Araquanid|Sticky Web|p2a: Frosmoth
|-sidestart|p2: Avl2121|move: Sticky Web
|
|upkeep
|turn|8
|
|t:|1759065380
|move|p1a: Araquanid|Endure|p1a: Araquanid
|-singleturn|p1a: Araquanid|move: Endure
|move|p2a: Frosmoth|Giga Drain|p1a: Araquanid
|-damage|p1a: Araquanid|22/100 par
|-heal|p2a: Frosmoth|100/100|[from] drain|[of] p1a: Araquanid
|
|upkeep
|turn|9
|-enditem|p1a: Araquanid|Custap Berry|[eat]
|-activate|p1a: Araquanid|item: Custap Berry|[consumed]
|
|t:|1759065387
|cant|p1a: Araquanid|par
|move|p2a: Frosmoth|Giga Drain|p1a: Araquanid
|-damage|p1a: Araquanid|0 fnt
|faint|p1a: Araquanid
|
|upkeep
|
|t:|1759065394
|switch|p1a: Iron Moth|Iron Moth|100/100
|-enditem|p1a: Iron Moth|Booster Energy
|-activate|p1a: Iron Moth|ability: Quark Drive|[fromitem]
|-start|p1a: Iron Moth|quarkdrivespe
|turn|10
|
|t:|1759065400
|-terastallize|p2a: Frosmoth|Water
|move|p1a: Iron Moth|Fiery Dance|p2a: Frosmoth
|-resisted|p2a: Frosmoth
|-damage|p2a: Frosmoth|94/100
|-boost|p1a: Iron Moth|spa|1
|move|p2a: Frosmoth|Ice Beam|p1a: Iron Moth
|-resisted|p1a: Iron Moth
|-damage|p1a: Iron Moth|52/100
|
|upkeep
|turn|11
|
|t:|1759065406
|move|p1a: Iron Moth|Sludge Wave|p2a: Frosmoth
|-damage|p2a: Frosmoth|70/100
|move|p2a: Frosmoth|Ice Beam|p1a: Iron Moth
|-resisted|p1a: Iron Moth
|-damage|p1a: Iron Moth|0 fnt
|faint|p1a: Iron Moth
|-end|p1a: Iron Moth|Quark Drive|[silent]
|
|upkeep
|
|t:|1759065411
|switch|p1a: Weavile|Weavile, F|100/100
|-ability|p1a: Weavile|Pressure
|turn|12
|
|t:|1759065415
|move|p2a: Frosmoth|Giga Drain|p1a: Weavile
|-damage|p1a: Weavile|27/100
|-heal|p2a: Frosmoth|100/100|[from] drain|[of] p1a: Weavile
|move|p1a: Weavile|Knock Off|p2a: Frosmoth
|-damage|p2a: Frosmoth|5/100
|-enditem|p2a: Frosmoth|Heavy-Duty Boots|[from] move: Knock Off|[of] p1a: Weavile
|
|upkeep
|turn|13
|
|t:|1759065421
|move|p1a: Weavile|Ice Shard|p2a: Frosmoth
|-resisted|p2a: Frosmoth
|-damage|p2a: Frosmoth|0 fnt
|faint|p2a: Frosmoth
|
|upkeep
|
|t:|1759065426
|switch|p2a: Revavroom|Revavroom, M|100/100
|-item|p2a: Revavroom|Air Balloon
|turn|14
|
|t:|1759065436
|move|p1a: Weavile|Knock Off|p2a: Revavroom
|-damage|p2a: Revavroom|37/100
|-enditem|p2a: Revavroom|Air Balloon
|move|p2a: Revavroom|Shift Gear|p2a: Revavroom
|-boost|p2a: Revavroom|spe|2
|-boost|p2a: Revavroom|atk|1
|
|upkeep
|turn|15
|
|t:|1759065444
|switch|p1a: Great Tusk|Great Tusk|100/100
|-enditem|p1a: Great Tusk|Booster Energy
|-activate|p1a: Great Tusk|ability: Protosynthesis|[fromitem]
|-start|p1a: Great Tusk|protosynthesisspe
|move|p2a: Revavroom|Iron Head|p1a: Great Tusk
|-damage|p1a: Great Tusk|61/100
|
|upkeep
|turn|16
|
|t:|1759065447
|move|p2a: Revavroom|Poison Jab|p1a: Great Tusk
|-resisted|p1a: Great Tusk
|-damage|p1a: Great Tusk|41/100
|-status|p1a: Great Tusk|psn
|move|p1a: Great Tusk|Rapid Spin|p2a: Revavroom
|-resisted|p2a: Revavroom
|-damage|p2a: Revavroom|28/100
|-boost|p1a: Great Tusk|spe|1
|
|-damage|p1a: Great Tusk|28/100 psn|[from] psn
|upkeep
|turn|17
|
|t:|1759065455
|move|p1a: Great Tusk|Headlong Rush|p2a: Revavroom
|-supereffective|p2a: Revavroom
|-damage|p2a: Revavroom|0 fnt
|-unboost|p1a: Great Tusk|def|1
|-unboost|p1a: Great Tusk|spd|1
|faint|p2a: Revavroom
|
|-damage|p1a: Great Tusk|16/100 psn|[from] psn
|upkeep
|
|t:|1759065459
|switch|p2a: Quaquaval|Quaquaval, F|100/100
|-activate|p2a: Quaquaval|move: Sticky Web
|-unboost|p2a: Quaquaval|spe|1
|turn|18
|
|t:|1759065463
|move|p1a: Great Tusk|Headlong Rush|p2a: Quaquaval
|-damage|p2a: Quaquaval|33/100
|-unboost|p1a: Great Tusk|def|1
|-unboost|p1a: Great Tusk|spd|1
|move|p2a: Quaquaval|Rapid Spin|p1a: Great Tusk
|-damage|p1a: Great Tusk|0 fnt
|-boost|p2a: Quaquaval|spe|1
|-sideend|p2: Avl2121|Sticky Web|[from] move: Rapid Spin|[of] p2a: Quaquaval
|faint|p1a: Great Tusk
|-end|p1a: Great Tusk|Protosynthesis|[silent]
|-ability|p2a: Quaquaval|Moxie|boost
|-boost|p2a: Quaquaval|atk|1
|-damage|p2a: Quaquaval|23/100|[from] item: Life Orb
|
|upkeep
|
|t:|1759065471
|switch|p1a: Weavile|Weavile, F|27/100
|-ability|p1a: Weavile|Pressure
|turn|19
|
|t:|1759065475
|-terastallize|p1a: Weavile|Ice
|move|p1a: Weavile|Triple Axel|p2a: Quaquaval
|-resisted|p2a: Quaquaval
|-damage|p2a: Quaquaval|13/100
|-resisted|p2a: Quaquaval
|-damage|p2a: Quaquaval|0 fnt
|faint|p2a: Quaquaval
|-hitcount|p2: Quaquaval|2
|
|upkeep
|
|t:|1759065479
|switch|p2a: Garganacl|Garganacl, M|100/100
|turn|20
|
|t:|1759065483
|switch|p1a: Landorus|Landorus-Therian, M|100/100
|-ability|p1a: Landorus|Intimidate|boost
|-unboost|p2a: Garganacl|atk|1
|move|p2a: Garganacl|Curse|p2a: Garganacl
|-unboost|p2a: Garganacl|spe|1
|-boost|p2a: Garganacl|atk|1
|-boost|p2a: Garganacl|def|1
|
|upkeep
|turn|21
|
|t:|1759065487
|move|p1a: Landorus|Swords Dance|p1a: Landorus
|-boost|p1a: Landorus|atk|2
|move|p2a: Garganacl|Curse|p2a: Garganacl
|-unboost|p2a: Garganacl|spe|1
|-boost|p2a: Garganacl|atk|1
|-boost|p2a: Garganacl|def|1
|
|upkeep
|turn|22
|
|t:|1759065488
|move|p1a: Landorus|Swords Dance|p1a: Landorus
|-boost|p1a: Landorus|atk|2
|move|p2a: Garganacl|Salt Cure|p1a: Landorus
|-damage|p1a: Landorus|77/100
|-start|p1a: Landorus|Salt Cure
|
|-damage|p1a: Landorus|64/100|[from] Salt Cure
|upkeep
|turn|23
|
|t:|1759065490
|move|p1a: Landorus|Earthquake|p2a: Garganacl
|-supereffective|p2a: Garganacl
|-damage|p2a: Garganacl|5/100
|move|p2a: Garganacl|Curse|p2a: Garganacl
|-unboost|p2a: Garganacl|spe|1
|-boost|p2a: Garganacl|atk|1
|-boost|p2a: Garganacl|def|1
|
|-heal|p2a: Garganacl|11/100|[from] item: Leftovers
|-damage|p1a: Landorus|52/100|[from] Salt Cure
|upkeep
|turn|24
|
|t:|1759065493
|move|p2a: Garganacl|Protect|p2a: Garganacl
|-singleturn|p2a: Garganacl|Protect
|move|p1a: Landorus|Earthquake|p2a: Garganacl
|-activate|p2a: Garganacl|move: Protect
|
|-heal|p2a: Garganacl|17/100|[from] item: Leftovers
|-damage|p1a: Landorus|39/100|[from] Salt Cure
|upkeep
|turn|25
|
|t:|1759065500
|switch|p2a: Garchomp|Garchomp, M|100/100
|move|p1a: Landorus|Earthquake|p2a: Garchomp
|-damage|p2a: Garchomp|0 fnt
|faint|p2a: Garchomp
|
|-damage|p1a: Landorus|27/100|[from] Salt Cure
|upkeep
|
|t:|1759065503
|switch|p2a: Garganacl|Garganacl, M|17/100
|turn|26
|
|t:|1759065505
|move|p2a: Garganacl|Protect|p2a: Garganacl
|-singleturn|p2a: Garganacl|Protect
|move|p1a: Landorus|Earthquake|p2a: Garganacl
|-activate|p2a: Garganacl|move: Protect
|
|-heal|p2a: Garganacl|24/100|[from] item: Leftovers
|-damage|p1a: Landorus|15/100|[from] Salt Cure
|upkeep
|turn|27
|
|t:|1759065510
|move|p1a: Landorus|Earthquake|p2a: Garganacl
|-supereffective|p2a: Garganacl
|-damage|p2a: Garganacl|0 fnt
|faint|p2a: Garganacl
|
|-damage|p1a: Landorus|2/100|[from] Salt Cure
|upkeep
|
|t:|1759065511
|switch|p2a: Dragapult|Dragapult, M|100/100
|turn|28
|
|t:|1759065515
|move|p2a: Dragapult|Hex|p1a: Landorus
|-damage|p1a: Landorus|0 fnt
|faint|p1a: Landorus
|
|upkeep
|
|t:|1759065517
|switch|p1a: Moltres|Moltres-Galar|100/100
|turn|29
|
|t:|1759065521
|move|p2a: Dragapult|Thunder Wave|p1a: Moltres
|-status|p1a: Moltres|par
|cant|p1a: Moltres|par
|
|upkeep
|turn|30
|
|t:|1759065524
|move|p2a: Dragapult|Hex|p1a: Moltres
|-resisted|p1a: Moltres
|-damage|p1a: Moltres|80/100 par
|cant|p1a: Moltres|par
|
|upkeep
|turn|31
|
|t:|1759065526
|move|p2a: Dragapult|Draco Meteor|p1a: Moltres
|-damage|p1a: Moltres|38/100 par
|-unboost|p2a: Dragapult|spa|2
|-ability|p1a: Moltres|Berserk|boost
|-boost|p1a: Moltres|spa|1
|-enditem|p1a: Moltres|Sitrus Berry|[eat]
|-heal|p1a: Moltres|63/100 par|[from] item: Sitrus Berry
|cant|p1a: Moltres|par
|
|upkeep
|turn|32
|
|t:|1759065531
|move|p2a: Dragapult|Hex|p1a: Moltres
|-resisted|p1a: Moltres
|-damage|p1a: Moltres|53/100 par
|move|p1a: Moltres|Fiery Wrath|p2a: Dragapult
|-supereffective|p2a: Dragapult
|-damage|p2a: Dragapult|0 fnt
|faint|p2a: Dragapult
|
|win|Empereur Spoink
|raw|Empereur Spoink's rating: 1264 &rarr; <strong>1288</strong><br />(+24 for winning)
|raw|Avl2121's rating: 1254 &rarr; <strong>1230</strong><br />(-24 for losing)
|l|☆Empereur Spoink
|player|p1|
|l|☆Avl2121
|player|p2|
