|j|☆biryanilover
|j|☆sus skibidi
|t:|1759035344
|gametype|singles
|player|p1|biryanilover|101|1398
|player|p2|sus skibidi|miku-ice|1402
|gen|9
|tier|[Gen 9] OU
|rated|
|rule|HP Percentage Mod: HP is shown in percentages
|rule|Endless Battle Clause: Forcing endless battles is banned
|rule|Species Clause: Limit one of each Pokémon
|rule|OHKO Clause: OHKO moves are banned
|rule|Evasion Items Clause: Evasion items are banned
|rule|Evasion Moves Clause: Evasion moves are banned
|rule|Evasion Abilities Clause: Evasion abilities are banned
|rule|Sleep Moves Clause: Sleep-inducing moves are banned
|clearpoke
|poke|p1|Hatterene, F|
|poke|p1|Great Tusk|
|poke|p1|Iron Hands|
|poke|p1|Moltres|
|poke|p1|Slowking-Galar, F|
|poke|p1|Umbreon, M|
|poke|p2|Incineroar, F|
|poke|p2|Clefable, M|
|poke|p2|Ogerpon-Cornerstone, F|
|poke|p2|Gholdengo|
|poke|p2|Great Tusk|
|poke|p2|Dragonite, F|
|teampreview
|inactive|Battle timer is ON: inactive players will automatically lose when time's up. (requested by sus skibidi)
|inactive|biryanilover also wants the timer to be on.
|inactive|sus skibidi has 120 seconds left.
|
|t:|1759035378
|teamsize|p1|6
|teamsize|p2|6
|start
|switch|p1a: Great Tusk|Great Tusk|100/100
|switch|p2a: World Champ|Incineroar, F|100/100
|-ability|p2a: World Champ|Intimidate|boost
|-unboost|p1a: Great Tusk|atk|1
|turn|1
|
|t:|1759035387
|switch|p2a: Flying-type|Clefable, M|100/100
|move|p1a: Great Tusk|Knock Off|p2a: Flying-type
|-resisted|p2a: Flying-type
|-damage|p2a: Flying-type|93/100
|-damage|p1a: Great Tusk|84/100|[from] item: Rocky Helmet|[of] p2a: Flying-type
|-enditem|p2a: Flying-type|Rocky Helmet|[from] move: Knock Off|[of] p1a: Great Tusk
|
|upkeep
|turn|2
|
|t:|1759035401
|-end|p1a: Great Tusk|Protosynthesis|[silent]
|switch|p1a: Slowking|Slowking-Galar, F|100/100
|move|p2a: Flying-type|Knock Off|p1a: Slowking
|-supereffective|p1a: Slowking
|-damage|p1a: Slowking|67/100
|-enditem|p1a: Slowking|Heavy-Duty Boots|[from] move: Knock Off|[of] p2a: Flying-type
|
|upkeep
|turn|3
|
|t:|1759035416
|switch|p2a: Black MiRer|Gholdengo|100/100
|move|p1a: Slowking|Thunder Wave|p2a: Black MiRer
|-immune|p2a: Black MiRer|[from] ability: Good as Gold
|
|upkeep
|turn|4
|
|t:|1759035425
|switch|p1a: Umbreon|Umbreon, M|100/100
|move|p2a: Black MiRer|Shadow Ball|p1a: Umbreon
|-resisted|p1a: Umbreon
|-damage|p1a: Umbreon|91/100
|
|-heal|p1a: Umbreon|97/100|[from] item: Leftovers
|upkeep
|turn|5
|
|t:|1759035430
|move|p2a: Black MiRer|Nasty Plot|p2a: Black MiRer
|-boost|p2a: Black MiRer|spa|2
|move|p1a: Umbreon|Thunder Wave|p2a: Black MiRer
|-immune|p2a: Black MiRer|[from] ability: Good as Gold
|
|-heal|p1a: Umbreon|100/100|[from] item: Leftovers
|upkeep
|turn|6
|
|t:|1759035438
|move|p2a: Black MiRer|Nasty Plot|p2a: Black MiRer
|-boost|p2a: Black MiRer|spa|2
|move|p1a: Umbreon|Foul Play|p2a: Black MiRer
|-supereffective|p2a: Black MiRer
|-damage|p2a: Black MiRer|80/100
|
|upkeep
|turn|7
|
|t:|1759035443
|switch|p1a: Iron Hands|Iron Hands|100/100
|move|p2a: Black MiRer|Nasty Plot|p2a: Black MiRer
|-boost|p2a: Black MiRer|spa|2
|
|upkeep
|turn|8
|
|t:|1759035448
|move|p2a: Black MiRer|Dazzling Gleam|p1a: Iron Hands
|-supereffective|p1a: Iron Hands
|-damage|p1a: Iron Hands|6/100
|move|p1a: Iron Hands|Earthquake|p2a: Black MiRer
|-supereffective|p2a: Black MiRer
|-damage|p2a: Black MiRer|26/100
|
|upkeep
|turn|9
|
|t:|1759035456
|-terastallize|p2a: Black MiRer|Fairy
|move|p2a: Black MiRer|Recover|p2a: Black MiRer
|-heal|p2a: Black MiRer|76/100
|move|p1a: Iron Hands|Earthquake|p2a: Black MiRer
|-damage|p2a: Black MiRer|46/100
|
|upkeep
|turn|10
|
|t:|1759035466
|move|p2a: Black MiRer|Recover|p2a: Black MiRer
|-heal|p2a: Black MiRer|96/100
|move|p1a: Iron Hands|Wild Charge|p2a: Black MiRer
|-damage|p2a: Black MiRer|60/100
|-damage|p1a: Iron Hands|0 fnt|[from] Recoil
|faint|p1a: Iron Hands
|-end|p1a: Iron Hands|Quark Drive|[silent]
|
|upkeep
|
|t:|1759035470
|switch|p1a: Great Tusk|Great Tusk|84/100
|turn|11
|
|t:|1759035476
|move|p1a: Great Tusk|Headlong Rush|p2a: Black MiRer
|-damage|p2a: Black MiRer|22/100
|-unboost|p1a: Great Tusk|def|1
|-unboost|p1a: Great Tusk|spd|1
|move|p2a: Black MiRer|Recover|p2a: Black MiRer
|-heal|p2a: Black MiRer|72/100
|
|upkeep
|turn|12
|-message|biryanilover forfeited.
|
|win|sus skibidi
|raw|biryanilover's rating: 1398 &rarr; <strong>1378</strong><br />(-20 for losing)
|raw|sus skibidi's rating: 1402 &rarr; <strong>1422</strong><br />(+20 for winning)
|l|☆biryanilover
|player|p1|
|l|☆sus skibidi
|player|p2|
