|j|☆bum ass f
|j|☆zmq20100511
|t:|1759039769
|gametype|singles
|player|p1|bum ass f|102|1134
|player|p2|zmq20100511|cynthia|1078
|gen|9
|tier|[Gen 9] OU
|rated|
|rule|HP Percentage Mod: HP is shown in percentages
|rule|Endless Battle Clause: Forcing endless battles is banned
|rule|Species Clause: Limit one of each Pokémon
|rule|OHKO Clause: OHKO moves are banned
|rule|Evasion Items Clause: Evasion items are banned
|rule|Evasion Moves Clause: Evasion moves are banned
|rule|Evasion Abilities Clause: Evasion abilities are banned
|rule|Sleep Moves Clause: Sleep-inducing moves are banned
|clearpoke
|poke|p1|Torkoal, M|
|poke|p1|Ceruledge, F|
|poke|p1|Venusaur, F|
|poke|p1|Heatran, F|
|poke|p1|Great Tusk|
|poke|p1|Walking Wake|
|poke|p2|Grimmsnarl, M|
|poke|p2|Serperior, M|
|poke|p2|Spidops, F|
|poke|p2|Politoed, F|
|poke|p2|Exeggutor-Alola, F|
|poke|p2|Kingambit, M|
|teampreview
|
|t:|1759039784
|teamsize|p1|6
|teamsize|p2|6
|start
|switch|p1a: Walking Wake|Walking Wake|100/100
|switch|p2a: Spidops|Spidops, F, shiny|100/100
|turn|1
|
|t:|1759039801
|move|p1a: Walking Wake|Flamethrower|p2a: Spidops
|-supereffective|p2a: Spidops
|-damage|p2a: Spidops|0 fnt
|faint|p2a: Spidops
|
|upkeep
|
|t:|1759039809
|switch|p2a: Grimmsnarl|Grimmsnarl, M, shiny|100/100
|turn|2
|
|t:|1759039816
|-end|p1a: Walking Wake|Protosynthesis|[silent]
|switch|p1a: Heatran|Heatran, F|100/100
|-item|p1a: Heatran|Air Balloon
|move|p2a: Grimmsnarl|Fake Out|p1a: Heatran
|-resisted|p1a: Heatran
|-damage|p1a: Heatran|94/100
|-enditem|p1a: Heatran|Air Balloon
|
|upkeep
|turn|3
|
|t:|1759039826
|move|p2a: Grimmsnarl|Light Screen|p2a: Grimmsnarl
|-sidestart|p2: zmq20100511|move: Light Screen
|move|p1a: Heatran|Magma Storm|p2a: Grimmsnarl
|-damage|p2a: Grimmsnarl|70/100
|-activate|p2a: Grimmsnarl|move: Magma Storm|[of] p1a: Heatran
|
|-damage|p2a: Grimmsnarl|58/100|[from] move: Magma Storm|[partiallytrapped]
|upkeep
|turn|4
|
|t:|1759039840
|move|p1a: Heatran|Taunt|p2a: Grimmsnarl
|-start|p2a: Grimmsnarl|move: Taunt
|move|p2a: Grimmsnarl|Spirit Break|p1a: Heatran
|-resisted|p1a: Heatran
|-damage|p1a: Heatran|86/100
|-unboost|p1a: Heatran|spa|1
|
|-damage|p2a: Grimmsnarl|46/100|[from] move: Magma Storm|[partiallytrapped]
|upkeep
|turn|5
|
|t:|1759039860
|move|p1a: Heatran|Stealth Rock|p2a: Grimmsnarl
|-sidestart|p2: zmq20100511|move: Stealth Rock
|move|p2a: Grimmsnarl|Spirit Break|p1a: Heatran
|-resisted|p1a: Heatran
|-damage|p1a: Heatran|77/100
|-unboost|p1a: Heatran|spa|1
|
|-damage|p2a: Grimmsnarl|33/100|[from] move: Magma Storm|[partiallytrapped]
|upkeep
|turn|6
|
|t:|1759039876
|move|p1a: Heatran|Earth Power|p2a: Grimmsnarl
|-crit|p2a: Grimmsnarl
|-damage|p2a: Grimmsnarl|0 fnt
|faint|p2a: Grimmsnarl
|
|upkeep
|
|t:|1759039882
|switch|p2a: Politoed|Politoed, F, shiny|100/100
|-damage|p2a: Politoed|88/100|[from] Stealth Rock
|-weather|RainDance|[from] ability: Drizzle|[of] p2a: Politoed
|turn|7
|
|t:|1759039891
|switch|p1a: Torkoal|Torkoal, M|100/100
|-weather|SunnyDay|[from] ability: Drought|[of] p1a: Torkoal
|move|p2a: Politoed|Weather Ball|p1a: Torkoal
|-resisted|p1a: Torkoal
|-damage|p1a: Torkoal|81/100
|
|-weather|SunnyDay|[upkeep]
|upkeep
|turn|8
|
|t:|1759039907
|switch|p1a: Ceruledge|Ceruledge, F|100/100
|move|p2a: Politoed|Ice Beam|p1a: Ceruledge
|-resisted|p1a: Ceruledge
|-damage|p1a: Ceruledge|89/100
|
|-weather|SunnyDay|[upkeep]
|upkeep
|turn|9
|
|t:|1759039922
|switch|p2a: Exeggutor|Exeggutor-Alola, F|100/100
|-damage|p2a: Exeggutor|88/100|[from] Stealth Rock
|move|p1a: Ceruledge|Bitter Blade|p2a: Exeggutor
|-damage|p2a: Exeggutor|34/100
|-heal|p1a: Ceruledge|100/100|[from] drain|[of] p2a: Exeggutor
|-enditem|p2a: Exeggutor|Sitrus Berry|[eat]
|-heal|p2a: Exeggutor|59/100|[from] item: Sitrus Berry
|
|-weather|SunnyDay|[upkeep]
|-item|p2a: Exeggutor|Sitrus Berry|[from] ability: Harvest
|upkeep
|turn|10
|
|t:|1759039938
|move|p1a: Ceruledge|Swords Dance|p1a: Ceruledge
|-boost|p1a: Ceruledge|atk|2
|move|p2a: Exeggutor|Leech Seed|p1a: Ceruledge
|-start|p1a: Ceruledge|move: Leech Seed
|
|-weather|SunnyDay|[upkeep]
|-damage|p1a: Ceruledge|88/100|[from] Leech Seed|[of] p2a: Exeggutor
|-heal|p2a: Exeggutor|68/100|[silent]
|-sideend|p2: zmq20100511|move: Light Screen
|upkeep
|turn|11
|
|t:|1759039958
|move|p2a: Exeggutor|Protect|p2a: Exeggutor
|-singleturn|p2a: Exeggutor|Protect
|move|p1a: Ceruledge|Bitter Blade|p2a: Exeggutor
|-activate|p2a: Exeggutor|move: Protect
|
|-weather|SunnyDay|[upkeep]
|-damage|p1a: Ceruledge|76/100|[from] Leech Seed|[of] p2a: Exeggutor
|-heal|p2a: Exeggutor|77/100|[silent]
|upkeep
|turn|12
|
|t:|1759039970
|move|p1a: Ceruledge|Bitter Blade|p2a: Exeggutor
|-damage|p2a: Exeggutor|0 fnt
|-heal|p1a: Ceruledge|100/100|[from] drain|[of] p2a: Exeggutor
|faint|p2a: Exeggutor
|
|-weather|SunnyDay|[upkeep]
|upkeep
|
|t:|1759039978
|switch|p2a: Politoed|Politoed, F, shiny|88/100
|-damage|p2a: Politoed|75/100|[from] Stealth Rock
|-weather|RainDance|[from] ability: Drizzle|[of] p2a: Politoed
|turn|13
|
|t:|1759039990
|switch|p1a: Torkoal|Torkoal, M|81/100
|-weather|SunnyDay|[from] ability: Drought|[of] p1a: Torkoal
|move|p2a: Politoed|Weather Ball|p1a: Torkoal
|-resisted|p1a: Torkoal
|-damage|p1a: Torkoal|59/100
|
|-weather|SunnyDay|[upkeep]
|upkeep
|turn|14
|
|t:|1759040004
|switch|p1a: Walking Wake|Walking Wake|100/100
|-activate|p1a: Walking Wake|ability: Protosynthesis
|-start|p1a: Walking Wake|protosynthesisspa
|move|p2a: Politoed|Weather Ball|p1a: Walking Wake
|-resisted|p1a: Walking Wake
|-damage|p1a: Walking Wake|92/100
|
|-weather|SunnyDay|[upkeep]
|upkeep
|turn|15
|
|t:|1759040026
|move|p1a: Walking Wake|Flamethrower|p2a: Politoed
|-resisted|p2a: Politoed
|-damage|p2a: Politoed|31/100
|move|p2a: Politoed|Ice Beam|p1a: Walking Wake
|-damage|p1a: Walking Wake|70/100
|
|-weather|SunnyDay|[upkeep]
|upkeep
|turn|16
|-message|zmq20100511 forfeited.
|
|win|bum ass f
|raw|bum ass f's rating: 1134 &rarr; <strong>1155</strong><br />(+21 for winning)
|raw|zmq20100511's rating: 1078 &rarr; <strong>1060</strong><br />(-18 for losing)
|l|☆zmq20100511
|player|p2|
|l|☆bum ass f
|player|p1|
