|badge|p2|silver|gen9ou|30-6
|html|<div class="broadcast-red"><strong>This battle is required to be public due to one or more player having a season medal.</strong><br />During the public phase, you can discuss the state of the ladder <a href="/seasondiscussion">in a special chatroom.</a></div>
|uhtml|medal-msg|<div class="broadcast-blue">Curious what those medals under the avatar are? PS now has Ladder Seasons! For more information, check out the <a href="https://www.smogon.com/forums/threads/3740067/">thread on Smogon.</a></div>
|raw|<div class="broadcast-blue"><strong>This battle is required to be public due to a player having a name starting with 'medal'.</div>
|j|☆Javi
|j|☆send it to me
|t:|1759053202
|gametype|singles
|player|p1|Javi|#wcop2023spain|1864
|player|p2|send it to me|pokemonrangerf-gen4|1960
|gen|9
|tier|[Gen 9] OU
|rated|
|rule|HP Percentage Mod: HP is shown in percentages
|rule|Endless Battle Clause: Forcing endless battles is banned
|rule|Species Clause: Limit one of each Pokémon
|rule|OHKO Clause: OHKO moves are banned
|rule|Evasion Items Clause: Evasion items are banned
|rule|Evasion Moves Clause: Evasion moves are banned
|rule|Evasion Abilities Clause: Evasion abilities are banned
|rule|Sleep Moves Clause: Sleep-inducing moves are banned
|clearpoke
|poke|p1|Kyurem|
|poke|p1|Tornadus-Therian, M|
|poke|p1|Gholdengo|
|poke|p1|Great Tusk|
|poke|p1|Samurott-Hisui, M|
|poke|p1|Zamazenta-*|
|poke|p2|Araquanid, F|
|poke|p2|Heatran, F|
|poke|p2|Iron Thorns|
|poke|p2|Gholdengo|
|poke|p2|Iron Valiant|
|poke|p2|Great Tusk|
|teampreview
|
|t:|1759053210
|teamsize|p1|6
|teamsize|p2|6
|start
|switch|p1a: Kyurem|Kyurem|100/100
|switch|p2a: Araquanid|Araquanid, F|100/100
|-ability|p1a: Kyurem|Pressure
|turn|1
|j| cynasaurus
|j| catarina valentine
|j| wgw2333
|j| lt124yh 925
|inactive|Battle timer is ON: inactive players will automatically lose when time's up. (requested by Javi)
|
|t:|1759053291
|move|p1a: Kyurem|Freeze-Dry|p2a: Araquanid
|-supereffective|p2a: Araquanid
|-damage|p2a: Araquanid|28/100
|move|p2a: Araquanid|Sticky Web|p1a: Kyurem
|-sidestart|p1: Javi|move: Sticky Web
|
|upkeep
|turn|2
|
|t:|1759053298
|switch|p2a: Heatran|Heatran, F|100/100
|move|p1a: Kyurem|Freeze-Dry|p2a: Heatran
|-resisted|p2a: Heatran
|-damage|p2a: Heatran|86/100
|
|upkeep
|turn|3
|
|t:|1759053303
|switch|p1a: Samurott|Samurott-Hisui, M|100/100
|-activate|p1a: Samurott|move: Sticky Web
|-unboost|p1a: Samurott|spe|1
|move|p2a: Heatran|Will-O-Wisp|p1a: Samurott|[miss]
|-miss|p2a: Heatran|p1a: Samurott
|
|upkeep
|turn|4
|
|t:|1759053307
|move|p2a: Heatran|Will-O-Wisp|p1a: Samurott
|-status|p1a: Samurott|brn
|move|p1a: Samurott|Ceaseless Edge|p2a: Heatran|[miss]
|-miss|p1a: Samurott|p2a: Heatran
|
|-damage|p1a: Samurott|94/100 brn|[from] brn
|upkeep
|turn|5
|
|t:|1759053309
|switch|p2a: Great Tusk|Great Tusk|100/100
|move|p1a: Samurott|Ceaseless Edge|p2a: Great Tusk
|-resisted|p2a: Great Tusk
|-damage|p2a: Great Tusk|92/100
|-sidestart|p2: send it to me|Spikes
|
|-damage|p1a: Samurott|88/100 brn|[from] brn
|upkeep
|turn|6
|
|t:|1759053314
|switch|p1a: Tornadus|Tornadus-Therian, M|100/100
|move|p2a: Great Tusk|Ice Spinner|p1a: Tornadus
|-supereffective|p1a: Tornadus
|-damage|p1a: Tornadus|41/100
|
|upkeep
|turn|7
|
|t:|1759053320
|-end|p2a: Great Tusk|Protosynthesis|[silent]
|switch|p2a: Heatran|Heatran, F|86/100
|-damage|p2a: Heatran|74/100|[from] Spikes
|move|p1a: Tornadus|Bleakwind Storm|p2a: Heatran|[miss]
|-miss|p1a: Tornadus|p2a: Heatran
|
|upkeep
|turn|8
|
|t:|1759053324
|move|p1a: Tornadus|U-turn|p2a: Heatran
|-resisted|p2a: Heatran
|-damage|p2a: Heatran|70/100
|
|t:|1759053326
|switch|p1a: Samurott|Samurott-Hisui, M|88/100 brn|[from] U-turn
|-activate|p1a: Samurott|move: Sticky Web
|-unboost|p1a: Samurott|spe|1
|move|p2a: Heatran|Overheat|p1a: Samurott
|-resisted|p1a: Samurott
|-damage|p1a: Samurott|64/100 brn
|-unboost|p2a: Heatran|spa|2
|-enditem|p2a: Heatran|Eject Pack
|
|t:|1759053328
|switch|p2a: Great Tusk|Great Tusk|92/100
|-damage|p2a: Great Tusk|80/100|[from] Spikes
|
|-damage|p1a: Samurott|58/100 brn|[from] brn
|upkeep
|turn|9
|j| Calamity149
|
|t:|1759053339
|switch|p1a: Tornadus|Tornadus-Therian, M|74/100
|move|p2a: Great Tusk|Rapid Spin|p1a: Tornadus
|-damage|p1a: Tornadus|54/100
|-boost|p2a: Great Tusk|spe|1
|-sideend|p2: send it to me|Spikes|[from] move: Rapid Spin|[of] p2a: Great Tusk
|
|upkeep
|turn|10
|
|t:|1759053344
|switch|p1a: Great Tusk|Great Tusk|100/100
|move|p2a: Great Tusk|Ice Spinner|p1a: Great Tusk
|-supereffective|p1a: Great Tusk
|-crit|p1a: Great Tusk
|-damage|p1a: Great Tusk|43/100
|
|upkeep
|turn|11
|
|t:|1759053348
|move|p2a: Great Tusk|Close Combat|p1a: Great Tusk
|-damage|p1a: Great Tusk|0 fnt
|-unboost|p2a: Great Tusk|def|1
|-unboost|p2a: Great Tusk|spd|1
|faint|p1a: Great Tusk
|-end|p1a: Great Tusk|Protosynthesis|[silent]
|
|upkeep
|
|t:|1759053352
|switch|p1a: Tornadus|Tornadus-Therian, M|88/100
|turn|12
|
|t:|1759053374
|-end|p2a: Great Tusk|Protosynthesis|[silent]
|switch|p2a: Heatran|Heatran, F|70/100
|move|p1a: Tornadus|U-turn|p2a: Heatran
|-resisted|p2a: Heatran
|-damage|p2a: Heatran|67/100
|
|t:|1759053379
|switch|p1a: Samurott|Samurott-Hisui, M|58/100 brn|[from] U-turn
|-activate|p1a: Samurott|move: Sticky Web
|-unboost|p1a: Samurott|spe|1
|
|-damage|p1a: Samurott|52/100 brn|[from] brn
|upkeep
|turn|13
|
|t:|1759053386
|switch|p2a: Great Tusk|Great Tusk|80/100
|move|p1a: Samurott|Ceaseless Edge|p2a: Great Tusk
|-resisted|p2a: Great Tusk
|-damage|p2a: Great Tusk|72/100
|-sidestart|p2: send it to me|Spikes
|
|-damage|p1a: Samurott|46/100 brn|[from] brn
|upkeep
|turn|14
|
|t:|1759053393
|switch|p1a: Gholdengo|Gholdengo|100/100
|-item|p1a: Gholdengo|Air Balloon
|move|p2a: Great Tusk|Rapid Spin|p1a: Gholdengo
|-immune|p1a: Gholdengo
|
|upkeep
|turn|15
|
|t:|1759053400
|-end|p2a: Great Tusk|Protosynthesis|[silent]
|switch|p2a: Araquanid|Araquanid, F|28/100
|-damage|p2a: Araquanid|16/100|[from] Spikes
|move|p1a: Gholdengo|Make It Rain|p2a: Araquanid
|-resisted|p2a: Araquanid
|-damage|p2a: Araquanid|0 fnt
|-unboost|p1a: Gholdengo|spa|1
|faint|p2a: Araquanid
|
|upkeep
|
|t:|1759053404
|switch|p2a: Gholdengo|Gholdengo|100/100
|-item|p2a: Gholdengo|Air Balloon
|turn|16
|
|t:|1759053410
|switch|p1a: Tornadus|Tornadus-Therian, M|100/100
|move|p2a: Gholdengo|Hex|p1a: Tornadus
|-damage|p1a: Tornadus|58/100
|
|upkeep
|turn|17
|
|t:|1759053416
|move|p1a: Tornadus|Heat Wave|p2a: Gholdengo
|-supereffective|p2a: Gholdengo
|-damage|p2a: Gholdengo|44/100
|-enditem|p2a: Gholdengo|Air Balloon
|move|p2a: Gholdengo|Hex|p1a: Tornadus
|-damage|p1a: Tornadus|21/100
|
|upkeep
|turn|18
|l| wgw2333
|
|t:|1759053422
|move|p1a: Tornadus|Heat Wave|p2a: Gholdengo
|-supereffective|p2a: Gholdengo
|-damage|p2a: Gholdengo|0 fnt
|faint|p2a: Gholdengo
|
|upkeep
|j| wgw2333
|
|t:|1759053430
|switch|p2a: Iron Thorns|Iron Thorns|100/100
|-damage|p2a: Iron Thorns|88/100|[from] Spikes
|-enditem|p2a: Iron Thorns|Booster Energy
|-activate|p2a: Iron Thorns|ability: Quark Drive|[fromitem]
|-start|p2a: Iron Thorns|quarkdriveatk
|turn|19
|
|t:|1759053436
|move|p1a: Tornadus|U-turn|p2a: Iron Thorns
|-damage|p2a: Iron Thorns|74/100
|
|t:|1759053437
|switch|p1a: Zamazenta|Zamazenta|100/100|[from] U-turn
|-activate|p1a: Zamazenta|move: Sticky Web
|-unboost|p1a: Zamazenta|spe|1
|-ability|p1a: Zamazenta|Dauntless Shield|boost
|-boost|p1a: Zamazenta|def|1
|move|p2a: Iron Thorns|Dragon Dance|p2a: Iron Thorns
|-boost|p2a: Iron Thorns|atk|1
|-boost|p2a: Iron Thorns|spe|1
|
|upkeep
|turn|20
|j| Kyurem
|
|t:|1759053442
|-terastallize|p2a: Iron Thorns|Flying
|move|p2a: Iron Thorns|Tera Blast|p1a: Zamazenta|[anim] Tera Blast Flying
|-supereffective|p1a: Zamazenta
|-damage|p1a: Zamazenta|15/100
|move|p1a: Zamazenta|Body Press|p2a: Iron Thorns
|-resisted|p2a: Iron Thorns
|-damage|p2a: Iron Thorns|50/100
|
|-heal|p1a: Zamazenta|22/100|[from] item: Leftovers
|upkeep
|turn|21
|
|t:|1759053450
|move|p2a: Iron Thorns|Tera Blast|p1a: Zamazenta|[anim] Tera Blast Flying
|-supereffective|p1a: Zamazenta
|-damage|p1a: Zamazenta|0 fnt
|faint|p1a: Zamazenta
|
|upkeep
|
|t:|1759053453
|switch|p1a: Gholdengo|Gholdengo|100/100
|-item|p1a: Gholdengo|Air Balloon
|turn|22
|
|t:|1759053461
|move|p2a: Iron Thorns|Tera Blast|p1a: Gholdengo|[anim] Tera Blast Flying
|-resisted|p1a: Gholdengo
|-damage|p1a: Gholdengo|70/100
|-enditem|p1a: Gholdengo|Air Balloon
|move|p1a: Gholdengo|Make It Rain|p2a: Iron Thorns
|-damage|p2a: Iron Thorns|0 fnt
|-unboost|p1a: Gholdengo|spa|1
|faint|p2a: Iron Thorns
|-end|p2a: Iron Thorns|Quark Drive|[silent]
|
|upkeep
|
|t:|1759053467
|switch|p2a: Great Tusk|Great Tusk|72/100
|-damage|p2a: Great Tusk|60/100|[from] Spikes
|turn|23
|
|t:|1759053472
|switch|p1a: Tornadus|Tornadus-Therian, M|55/100
|move|p2a: Great Tusk|Ice Spinner|p1a: Tornadus
|-supereffective|p1a: Tornadus
|-crit|p1a: Tornadus
|-damage|p1a: Tornadus|0 fnt
|faint|p1a: Tornadus
|
|upkeep
|c|☆Javi|i can also win like that
|c|☆Javi|like
|c|☆Javi|fr
|
|t:|1759053485
|switch|p1a: Kyurem|Kyurem|100/100
|-activate|p1a: Kyurem|move: Sticky Web
|-unboost|p1a: Kyurem|spe|1
|-ability|p1a: Kyurem|Pressure
|turn|24
|
|t:|1759053490
|move|p2a: Great Tusk|Close Combat|p1a: Kyurem
|-supereffective|p1a: Kyurem
|-damage|p1a: Kyurem|0 fnt
|-unboost|p2a: Great Tusk|def|1
|-unboost|p2a: Great Tusk|spd|1
|faint|p1a: Kyurem
|
|upkeep
|
|t:|1759053494
|switch|p1a: Gholdengo|Gholdengo|70/100
|-activate|p1a: Gholdengo|move: Sticky Web
|-unboost|p1a: Gholdengo|spe|1
|turn|25
|
|t:|1759053498
|-terastallize|p1a: Gholdengo|Fairy
|move|p2a: Great Tusk|Headlong Rush|p1a: Gholdengo
|-damage|p1a: Gholdengo|23/100
|-unboost|p2a: Great Tusk|def|1
|-unboost|p2a: Great Tusk|spd|1
|move|p1a: Gholdengo|Hex|p2a: Great Tusk
|-crit|p2a: Great Tusk
|-damage|p2a: Great Tusk|0 fnt
|faint|p2a: Great Tusk
|-end|p2a: Great Tusk|Protosynthesis|[silent]
|
|upkeep
|
|t:|1759053504
|switch|p2a: Iron Valiant|Iron Valiant|100/100
|-damage|p2a: Iron Valiant|88/100|[from] Spikes
|-enditem|p2a: Iron Valiant|Booster Energy
|-activate|p2a: Iron Valiant|ability: Quark Drive|[fromitem]
|-start|p2a: Iron Valiant|quarkdrivespa
|turn|26
|
|t:|1759053506
|move|p2a: Iron Valiant|Moonblast|p1a: Gholdengo
|-damage|p1a: Gholdengo|0 fnt
|faint|p1a: Gholdengo
|
|upkeep
|-message|Javi forfeited.
|
|win|send it to me
|raw|Javi's rating: 1864 &rarr; <strong>1849</strong><br />(-15 for losing)
|raw|send it to me's rating: 1960 &rarr; <strong>1975</strong><br />(+15 for winning)
|l|☆Javi
|player|p1|
|c|☆send it to me|gg
|l| cynasaurus
|l| catarina valentine
|l|☆send it to me
|player|p2|
|j| thepokemonuploads
|l| thepokemonuploads
|l| Calamity149
|l| wgw2333
