|j|☆jimmyjohns212
|j|☆o monstro01
|t:|1759040182
|gametype|singles
|player|p1|jimmyjohns212|giovanni|1349
|player|p2|o monstro01|clay|1428
|gen|9
|tier|[Gen 9] OU
|rated|
|rule|HP Percentage Mod: HP is shown in percentages
|rule|Endless Battle Clause: Forcing endless battles is banned
|rule|Species Clause: Limit one of each Pokémon
|rule|OHKO Clause: OHKO moves are banned
|rule|Evasion Items Clause: Evasion items are banned
|rule|Evasion Moves Clause: Evasion moves are banned
|rule|Evasion Abilities Clause: Evasion abilities are banned
|rule|Sleep Moves Clause: Sleep-inducing moves are banned
|clearpoke
|poke|p1|Araquanid, F|
|poke|p1|Enamorus, F|
|poke|p1|Serperior, M|
|poke|p1|Cinderace, F|
|poke|p1|Milotic, M|
|poke|p1|Kingambit, F|
|poke|p2|Iron Valiant|
|poke|p2|Slowking-Galar, F|
|poke|p2|Landorus-Therian, M|
|poke|p2|Dragapult, M|
|poke|p2|Iron Crown|
|poke|p2|Great Tusk|
|teampreview
|inactive|Battle timer is ON: inactive players will automatically lose when time's up. (requested by jimmyjohns212)
|inactive|jimmyjohns212 has 120 seconds left.
|
|t:|1759040221
|teamsize|p1|6
|teamsize|p2|6
|start
|switch|p1a: Milotic|Milotic, M|100/100
|switch|p2a: Iron Crown|Iron Crown|100/100
|turn|1
|
|t:|1759040233
|move|p2a: Iron Crown|Calm Mind|p2a: Iron Crown
|-boost|p2a: Iron Crown|spa|1
|-boost|p2a: Iron Crown|spd|1
|move|p1a: Milotic|Surf|p2a: Iron Crown
|-damage|p2a: Iron Crown|56/100
|
|-heal|p2a: Iron Crown|62/100|[from] item: Leftovers
|upkeep
|turn|2
|
|t:|1759040247
|switch|p1a: Cinderace|Cinderace, F|100/100
|move|p2a: Iron Crown|Psychic Noise|p1a: Cinderace
|-damage|p1a: Cinderace|25/100
|-start|p1a: Cinderace|move: Heal Block
|
|-heal|p2a: Iron Crown|68/100|[from] item: Leftovers
|upkeep
|turn|3
|
|t:|1759040257
|-end|p2a: Iron Crown|Quark Drive|[silent]
|switch|p2a: Landorus|Landorus-Therian, M|100/100
|-ability|p2a: Landorus|Intimidate|boost
|-unboost|p1a: Cinderace|atk|1
|move|p1a: Cinderace|Pyro Ball|p2a: Landorus
|-damage|p2a: Landorus|57/100
|
|-end|p1a: Cinderace|move: Heal Block
|upkeep
|turn|4
|
|t:|1759040268
|switch|p1a: Araquanid|Araquanid, F|100/100
|move|p2a: Landorus|Rock Slide|p1a: Araquanid
|-supereffective|p1a: Araquanid
|-damage|p1a: Araquanid|54/100
|
|upkeep
|turn|5
|
|t:|1759040275
|move|p2a: Landorus|Rock Slide|p1a: Araquanid
|-supereffective|p1a: Araquanid
|-damage|p1a: Araquanid|8/100
|move|p1a: Araquanid|Sticky Web|p2a: Landorus
|-sidestart|p2: o monstro01|move: Sticky Web
|
|upkeep
|turn|6
|-enditem|p1a: Araquanid|Custap Berry|[eat]
|-activate|p1a: Araquanid|item: Custap Berry|[consumed]
|
|t:|1759040282
|move|p1a: Araquanid|Surf|p2a: Landorus
|-supereffective|p2a: Landorus
|-damage|p2a: Landorus|0 fnt
|faint|p2a: Landorus
|
|upkeep
|
|t:|1759040307
|switch|p2a: Great Tusk|Great Tusk|100/100
|-activate|p2a: Great Tusk|move: Sticky Web
|-unboost|p2a: Great Tusk|spe|1
|-enditem|p2a: Great Tusk|Booster Energy
|-activate|p2a: Great Tusk|ability: Protosynthesis|[fromitem]
|-start|p2a: Great Tusk|protosynthesisatk
|turn|7
|
|t:|1759040317
|-terastallize|p2a: Great Tusk|Water
|-terastallize|p1a: Araquanid|Ghost
|move|p2a: Great Tusk|Rapid Spin|p1a: Araquanid
|-immune|p1a: Araquanid
|move|p1a: Araquanid|Surf|p2a: Great Tusk
|-resisted|p2a: Great Tusk
|-damage|p2a: Great Tusk|55/100
|
|upkeep
|turn|8
|
|t:|1759040331
|move|p2a: Great Tusk|Ice Spinner|p1a: Araquanid
|-damage|p1a: Araquanid|0 fnt
|faint|p1a: Araquanid
|
|upkeep
|
|t:|1759040340
|switch|p1a: Cinderace|Cinderace, F|25/100
|turn|9
|
|t:|1759040345
|move|p1a: Cinderace|Court Change|p1a: Cinderace
|-swapsideconditions
|-activate|p1a: Cinderace|move: Court Change
|move|p2a: Great Tusk|Rapid Spin|p1a: Cinderace
|-damage|p1a: Cinderace|0 fnt
|-boost|p2a: Great Tusk|spe|1
|faint|p1a: Cinderace
|
|upkeep
|
|t:|1759040347
|switch|p1a: Serperior|Serperior, M|100/100
|-activate|p1a: Serperior|move: Sticky Web
|-boost|p1a: Serperior|spe|1
|turn|10
|
|t:|1759040358
|-end|p2a: Great Tusk|Protosynthesis|[silent]
|switch|p2a: Iron Crown|Iron Crown|68/100
|move|p1a: Serperior|Leaf Storm|p2a: Iron Crown
|-resisted|p2a: Iron Crown
|-damage|p2a: Iron Crown|47/100
|-boost|p1a: Serperior|spa|2
|
|-heal|p2a: Iron Crown|53/100|[from] item: Leftovers
|upkeep
|turn|11
|
|t:|1759040368
|move|p1a: Serperior|Glare|p2a: Iron Crown
|-status|p2a: Iron Crown|par
|move|p2a: Iron Crown|Psychic Noise|p1a: Serperior
|-damage|p1a: Serperior|58/100
|-start|p1a: Serperior|move: Heal Block
|
|-heal|p2a: Iron Crown|59/100 par|[from] item: Leftovers
|upkeep
|turn|12
|
|t:|1759040379
|move|p1a: Serperior|Substitute|p1a: Serperior
|-start|p1a: Serperior|Substitute
|-damage|p1a: Serperior|33/100
|move|p2a: Iron Crown|Tachyon Cutter|p1a: Serperior
|-end|p1a: Serperior|Substitute
|-damage|p1a: Serperior|2/100
|-hitcount|p1a: Serperior|2
|
|-heal|p2a: Iron Crown|65/100 par|[from] item: Leftovers
|-end|p1a: Serperior|move: Heal Block
|upkeep
|turn|13
|
|t:|1759040392
|move|p1a: Serperior|Leaf Storm|p2a: Iron Crown
|-resisted|p2a: Iron Crown
|-damage|p2a: Iron Crown|20/100 par
|-boost|p1a: Serperior|spa|2
|cant|p2a: Iron Crown|par
|
|-heal|p1a: Serperior|8/100|[from] item: Leftovers
|-heal|p2a: Iron Crown|26/100 par|[from] item: Leftovers
|upkeep
|turn|14
|
|t:|1759040402
|move|p1a: Serperior|Leaf Storm|p2a: Iron Crown
|-resisted|p2a: Iron Crown
|-damage|p2a: Iron Crown|0 fnt
|-boost|p1a: Serperior|spa|2
|faint|p2a: Iron Crown
|-end|p2a: Iron Crown|Quark Drive|[silent]
|
|-heal|p1a: Serperior|14/100|[from] item: Leftovers
|upkeep
|
|t:|1759040418
|switch|p2a: Slowking|Slowking-Galar, F|100/100
|turn|15
|
|t:|1759040427
|move|p1a: Serperior|Tera Blast|p2a: Slowking
|-damage|p2a: Slowking|54/100
|move|p2a: Slowking|Sludge Bomb|p1a: Serperior
|-supereffective|p1a: Serperior
|-damage|p1a: Serperior|0 fnt
|faint|p1a: Serperior
|
|upkeep
|
|t:|1759040432
|switch|p1a: Enamorus|Enamorus, F|100/100
|turn|16
|
|t:|1759040439
|move|p1a: Enamorus|Earth Power|p2a: Slowking
|-supereffective|p2a: Slowking
|-damage|p2a: Slowking|0 fnt
|faint|p2a: Slowking
|
|upkeep
|
|t:|1759040452
|switch|p2a: Iron Valiant|Iron Valiant|100/100
|-enditem|p2a: Iron Valiant|Booster Energy
|-activate|p2a: Iron Valiant|ability: Quark Drive|[fromitem]
|-start|p2a: Iron Valiant|quarkdrivespe
|turn|17
|
|t:|1759040458
|switch|p1a: Milotic|Milotic, M|100/100
|-activate|p1a: Milotic|move: Sticky Web
|-unboost|p1a: Milotic|spe|1
|-ability|p1a: Milotic|Competitive|boost
|-boost|p1a: Milotic|spa|2
|move|p2a: Iron Valiant|Knock Off|p1a: Milotic
|-damage|p1a: Milotic|66/100
|-enditem|p1a: Milotic|Choice Specs|[from] move: Knock Off|[of] p2a: Iron Valiant
|
|upkeep
|turn|18
|
|t:|1759040484
|-end|p2a: Iron Valiant|Quark Drive|[silent]
|switch|p2a: Great Tusk|Great Tusk, tera:Water|55/100
|move|p1a: Milotic|Draining Kiss|p2a: Great Tusk
|-damage|p2a: Great Tusk|5/100
|-heal|p1a: Milotic|100/100|[from] drain|[of] p2a: Great Tusk
|
|upkeep
|turn|19
|
|t:|1759040493
|switch|p1a: Enamorus|Enamorus, F|100/100
|move|p2a: Great Tusk|Earthquake|p1a: Enamorus
|-immune|p1a: Enamorus
|
|upkeep
|turn|20
|
|t:|1759040502
|move|p1a: Enamorus|Moonblast|p2a: Great Tusk
|-damage|p2a: Great Tusk|0 fnt
|faint|p2a: Great Tusk
|-end|p2a: Great Tusk|Protosynthesis|[silent]
|
|upkeep
|
|t:|1759040510
|switch|p2a: Iron Valiant|Iron Valiant|100/100
|turn|21
|
|t:|1759040513
|move|p2a: Iron Valiant|Knock Off|p1a: Enamorus
|-resisted|p1a: Enamorus
|-damage|p1a: Enamorus|74/100
|-enditem|p1a: Enamorus|Choice Specs|[from] move: Knock Off|[of] p2a: Iron Valiant
|move|p1a: Enamorus|Moonblast|p2a: Iron Valiant
|-supereffective|p2a: Iron Valiant
|-damage|p2a: Iron Valiant|0 fnt
|faint|p2a: Iron Valiant
|-end|p2a: Iron Valiant|Quark Drive|[silent]
|
|upkeep
|
|t:|1759040522
|switch|p2a: Dragapult|Dragapult, M|100/100
|turn|22
|
|t:|1759040530
|move|p2a: Dragapult|Tera Blast|p1a: Enamorus
|-damage|p1a: Enamorus|50/100
|move|p1a: Enamorus|Moonblast|p2a: Dragapult
|-supereffective|p2a: Dragapult
|-damage|p2a: Dragapult|0 fnt
|faint|p2a: Dragapult
|
|win|jimmyjohns212
|raw|jimmyjohns212's rating: 1349 &rarr; <strong>1373</strong><br />(+24 for winning)
|raw|o monstro01's rating: 1428 &rarr; <strong>1404</strong><br />(-24 for losing)
|l|☆jimmyjohns212
|player|p1|
|l|☆o monstro01
|player|p2|
