|j|☆xiaoqian123
|j|☆ChiefTriceracop
|t:|1759035459
|gametype|singles
|player|p1|xiaoqian123|1|1307
|player|p2|ChiefTriceracop|169|1306
|gen|9
|tier|[Gen 9] OU
|rated|
|rule|HP Percentage Mod: HP is shown in percentages
|rule|Endless Battle Clause: Forcing endless battles is banned
|rule|Species Clause: Limit one of each Pokémon
|rule|OHKO Clause: OHKO moves are banned
|rule|Evasion Items Clause: Evasion items are banned
|rule|Evasion Moves Clause: Evasion moves are banned
|rule|Evasion Abilities Clause: Evasion abilities are banned
|rule|Sleep Moves Clause: Sleep-inducing moves are banned
|clearpoke
|poke|p1|Suicune|
|poke|p1|Scream Tail|
|poke|p1|Amoonguss, M|
|poke|p1|Dragonite, F|
|poke|p1|Tyranitar, F|
|poke|p1|Skeledirge, F|
|poke|p2|Pelipper, F|
|poke|p2|Hatterene, F|
|poke|p2|Iron Treads|
|poke|p2|Toxicroak, F|
|poke|p2|Barraskewda, F|
|poke|p2|Zapdos|
|teampreview
|inactive|Battle timer is ON: inactive players will automatically lose when time's up. (requested by ChiefTriceracop)
|inactive|xiaoqian123 also wants the timer to be on.
|
|t:|1759035475
|teamsize|p1|6
|teamsize|p2|6
|start
|switch|p1a: Scream Tail|Scream Tail|100/100
|switch|p2a: Barraskewda|Barraskewda, F|100/100
|turn|1
|
|t:|1759035480
|move|p2a: Barraskewda|Flip Turn|p1a: Scream Tail
|-damage|p1a: Scream Tail|61/100
|
|t:|1759035484
|switch|p2a: Pelipper|Pelipper, F|100/100|[from] Flip Turn
|-weather|RainDance|[from] ability: Drizzle|[of] p2a: Pelipper
|move|p1a: Scream Tail|Thunder Wave|p2a: Pelipper
|-status|p2a: Pelipper|par
|
|-weather|RainDance|[upkeep]
|-heal|p1a: Scream Tail|67/100|[from] item: Leftovers
|upkeep
|turn|2
|
|t:|1759035492
|move|p1a: Scream Tail|Stealth Rock|p2a: Pelipper
|-sidestart|p2: ChiefTriceracop|move: Stealth Rock
|move|p2a: Pelipper|U-turn|p1a: Scream Tail
|-damage|p1a: Scream Tail|59/100
|
|t:|1759035495
|switch|p2a: Iron Treads|Iron Treads|100/100|[from] U-turn
|-damage|p2a: Iron Treads|98/100|[from] Stealth Rock
|
|-weather|RainDance|[upkeep]
|-heal|p1a: Scream Tail|66/100|[from] item: Leftovers
|-heal|p2a: Iron Treads|100/100|[from] item: Leftovers
|upkeep
|turn|3
|
|t:|1759035503
|-end|p1a: Scream Tail|Protosynthesis|[silent]
|switch|p1a: Skeledirge|Skeledirge, F|100/100
|move|p2a: Iron Treads|Stealth Rock|p1a: Skeledirge
|-sidestart|p1: xiaoqian123|move: Stealth Rock
|
|-weather|RainDance|[upkeep]
|upkeep
|turn|4
|
|t:|1759035507
|move|p2a: Iron Treads|Volt Switch|p1a: Skeledirge
|-damage|p1a: Skeledirge|88/100
|
|t:|1759035511
|-end|p2a: Iron Treads|Quark Drive|[silent]
|switch|p2a: Hatterene|Hatterene, F|100/100|[from] Volt Switch
|-damage|p2a: Hatterene|88/100|[from] Stealth Rock
|move|p1a: Skeledirge|Torch Song|p2a: Hatterene
|-damage|p2a: Hatterene|69/100
|-boost|p1a: Skeledirge|spa|1
|-enditem|p2a: Hatterene|Eject Button
|
|t:|1759035516
|switch|p2a: Barraskewda|Barraskewda, F|100/100
|-damage|p2a: Barraskewda|88/100|[from] Stealth Rock
|
|-weather|RainDance|[upkeep]
|upkeep
|turn|5
|
|t:|1759035522
|switch|p1a: Amoonguss|Amoonguss, M|100/100
|-damage|p1a: Amoonguss|88/100|[from] Stealth Rock
|move|p2a: Barraskewda|Flip Turn|p1a: Amoonguss
|-resisted|p1a: Amoonguss
|-damage|p1a: Amoonguss|60/100
|-damage|p2a: Barraskewda|72/100|[from] item: Rocky Helmet|[of] p1a: Amoonguss
|
|t:|1759035533
|switch|p2a: Iron Treads|Iron Treads|100/100|[from] Flip Turn
|-damage|p2a: Iron Treads|98/100|[from] Stealth Rock
|
|-weather|RainDance|[upkeep]
|-heal|p2a: Iron Treads|100/100|[from] item: Leftovers
|upkeep
|turn|6
|
|t:|1759035539
|move|p1a: Amoonguss|Protect|p1a: Amoonguss
|-singleturn|p1a: Amoonguss|Protect
|move|p2a: Iron Treads|Earthquake|p1a: Amoonguss
|-activate|p1a: Amoonguss|move: Protect
|
|-weather|RainDance|[upkeep]
|upkeep
|turn|7
|
|t:|1759035556
|switch|p1a: Suicune|Suicune|100/100
|-damage|p1a: Suicune|88/100|[from] Stealth Rock
|-ability|p1a: Suicune|Pressure
|move|p2a: Iron Treads|Rapid Spin|p1a: Suicune
|-damage|p1a: Suicune|81/100
|-boost|p2a: Iron Treads|spe|1
|-sideend|p2: ChiefTriceracop|Stealth Rock|[from] move: Rapid Spin|[of] p2a: Iron Treads
|
|-weather|RainDance|[upkeep]
|-heal|p1a: Suicune|87/100|[from] item: Leftovers
|upkeep
|turn|8
|
|t:|1759035565
|-end|p2a: Iron Treads|Quark Drive|[silent]
|switch|p2a: Toxicroak|Toxicroak, F|100/100
|move|p1a: Suicune|Scald|p2a: Toxicroak
|-immune|p2a: Toxicroak|[from] ability: Dry Skin
|
|-weather|none
|-heal|p1a: Suicune|94/100|[from] item: Leftovers
|upkeep
|turn|9
|
|t:|1759035574
|switch|p1a: Scream Tail|Scream Tail|66/100
|-damage|p1a: Scream Tail|53/100|[from] Stealth Rock
|move|p2a: Toxicroak|Encore||[still]
|-fail|p2a: Toxicroak
|
|-heal|p1a: Scream Tail|59/100|[from] item: Leftovers
|upkeep
|turn|10
|
|t:|1759035579
|switch|p2a: Iron Treads|Iron Treads|100/100
|move|p1a: Scream Tail|Thunder Wave|p2a: Iron Treads
|-immune|p2a: Iron Treads
|
|-heal|p1a: Scream Tail|66/100|[from] item: Leftovers
|upkeep
|turn|11
|
|t:|1759035585
|move|p1a: Scream Tail|Stealth Rock|p2a: Iron Treads
|-sidestart|p2: ChiefTriceracop|move: Stealth Rock
|move|p2a: Iron Treads|Volt Switch|p1a: Scream Tail
|-damage|p1a: Scream Tail|60/100
|
|t:|1759035590
|-end|p2a: Iron Treads|Quark Drive|[silent]
|switch|p2a: Pelipper|Pelipper, F|100/100 par|[from] Volt Switch
|-damage|p2a: Pelipper|76/100 par|[from] Stealth Rock
|-weather|RainDance|[from] ability: Drizzle|[of] p2a: Pelipper
|
|-weather|RainDance|[upkeep]
|-heal|p1a: Scream Tail|66/100|[from] item: Leftovers
|upkeep
|turn|12
|
|t:|1759035599
|-end|p1a: Scream Tail|Protosynthesis|[silent]
|switch|p1a: Amoonguss|Amoonguss, M|93/100
|-damage|p1a: Amoonguss|81/100|[from] Stealth Rock
|move|p2a: Pelipper|U-turn|p1a: Amoonguss
|-damage|p1a: Amoonguss|74/100
|-damage|p2a: Pelipper|59/100 par|[from] item: Rocky Helmet|[of] p1a: Amoonguss
|
|t:|1759035606
|switch|p2a: Zapdos|Zapdos|100/100|[from] U-turn
|-damage|p2a: Zapdos|76/100|[from] Stealth Rock
|
|-weather|RainDance|[upkeep]
|upkeep
|turn|13
|
|t:|1759035614
|move|p1a: Amoonguss|Protect|p1a: Amoonguss
|-singleturn|p1a: Amoonguss|Protect
|move|p2a: Zapdos|Hurricane|p1a: Amoonguss
|-activate|p1a: Amoonguss|move: Protect
|
|-weather|RainDance|[upkeep]
|upkeep
|turn|14
|
|t:|1759035620
|switch|p1a: Tyranitar|Tyranitar, F, shiny|100/100
|-damage|p1a: Tyranitar|88/100|[from] Stealth Rock
|-weather|Sandstorm|[from] ability: Sand Stream|[of] p1a: Tyranitar
|move|p2a: Zapdos|Hurricane|p1a: Tyranitar|[miss]
|-miss|p2a: Zapdos|p1a: Tyranitar
|
|-weather|Sandstorm|[upkeep]
|-damage|p2a: Zapdos|69/100|[from] Sandstorm
|upkeep
|turn|15
|
|t:|1759035635
|switch|p2a: Pelipper|Pelipper, F|59/100 par
|-damage|p2a: Pelipper|35/100 par|[from] Stealth Rock
|-weather|RainDance|[from] ability: Drizzle|[of] p2a: Pelipper
|move|p1a: Tyranitar|Earthquake|p2a: Pelipper
|-immune|p2a: Pelipper
|
|-weather|RainDance|[upkeep]
|upkeep
|turn|16
|
|t:|1759035642
|switch|p1a: Amoonguss|Amoonguss, M|100/100
|-damage|p1a: Amoonguss|88/100|[from] Stealth Rock
|switch|p2a: Toxicroak|Toxicroak, F|100/100
|-damage|p2a: Toxicroak|94/100|[from] Stealth Rock
|
|-weather|RainDance|[upkeep]
|-heal|p2a: Toxicroak|100/100|[from] ability: Dry Skin
|upkeep
|turn|17
|
|t:|1759035653
|move|p2a: Toxicroak|Knock Off|p1a: Amoonguss
|-damage|p1a: Amoonguss|72/100
|-damage|p2a: Toxicroak|84/100|[from] item: Rocky Helmet|[of] p1a: Amoonguss
|-enditem|p1a: Amoonguss|Rocky Helmet|[from] move: Knock Off|[of] p2a: Toxicroak
|move|p1a: Amoonguss|Giga Drain|p2a: Toxicroak
|-resisted|p2a: Toxicroak
|-damage|p2a: Toxicroak|70/100
|-heal|p1a: Amoonguss|78/100|[from] drain|[of] p2a: Toxicroak
|
|-weather|RainDance|[upkeep]
|-heal|p2a: Toxicroak|83/100|[from] ability: Dry Skin
|upkeep
|turn|18
|
|t:|1759035663
|switch|p1a: Scream Tail|Scream Tail|66/100
|-damage|p1a: Scream Tail|54/100|[from] Stealth Rock
|move|p2a: Toxicroak|Drain Punch|p1a: Scream Tail
|-resisted|p1a: Scream Tail
|-damage|p1a: Scream Tail|49/100
|-heal|p2a: Toxicroak|86/100|[from] drain|[of] p1a: Scream Tail
|
|-weather|RainDance|[upkeep]
|-heal|p2a: Toxicroak|98/100|[from] ability: Dry Skin
|-heal|p1a: Scream Tail|55/100|[from] item: Leftovers
|upkeep
|turn|19
|
|t:|1759035670
|switch|p2a: Iron Treads|Iron Treads|100/100
|-damage|p2a: Iron Treads|98/100|[from] Stealth Rock
|move|p1a: Scream Tail|Thunder Wave|p2a: Iron Treads
|-immune|p2a: Iron Treads
|
|-weather|RainDance|[upkeep]
|-heal|p1a: Scream Tail|61/100|[from] item: Leftovers
|-heal|p2a: Iron Treads|100/100|[from] item: Leftovers
|upkeep
|turn|20
|
|t:|1759035683
|-end|p1a: Scream Tail|Protosynthesis|[silent]
|switch|p1a: Skeledirge|Skeledirge, F|88/100
|move|p2a: Iron Treads|Earthquake|p1a: Skeledirge
|-supereffective|p1a: Skeledirge
|-damage|p1a: Skeledirge|35/100
|
|-weather|RainDance|[upkeep]
|upkeep
|turn|21
|
|t:|1759035695
|switch|p1a: Suicune|Suicune|94/100
|-damage|p1a: Suicune|81/100|[from] Stealth Rock
|-ability|p1a: Suicune|Pressure
|move|p2a: Iron Treads|Earthquake|p1a: Suicune
|-damage|p1a: Suicune|62/100
|
|-weather|RainDance|[upkeep]
|-heal|p1a: Suicune|68/100|[from] item: Leftovers
|upkeep
|turn|22
|
|t:|1759035706
|switch|p1a: Scream Tail|Scream Tail|61/100
|-damage|p1a: Scream Tail|49/100|[from] Stealth Rock
|move|p2a: Iron Treads|Volt Switch|p1a: Scream Tail
|-damage|p1a: Scream Tail|43/100
|
|t:|1759035712
|-end|p2a: Iron Treads|Quark Drive|[silent]
|switch|p2a: Barraskewda|Barraskewda, F|72/100|[from] Volt Switch
|-damage|p2a: Barraskewda|60/100|[from] Stealth Rock
|
|-weather|none
|-heal|p1a: Scream Tail|49/100|[from] item: Leftovers
|upkeep
|turn|23
|
|t:|1759035717
|move|p2a: Barraskewda|Liquidation|p1a: Scream Tail
|-damage|p1a: Scream Tail|0 fnt
|faint|p1a: Scream Tail
|-end|p1a: Scream Tail|Protosynthesis|[silent]
|
|upkeep
|
|t:|1759035726
|switch|p1a: Amoonguss|Amoonguss, M|100/100
|-damage|p1a: Amoonguss|88/100|[from] Stealth Rock
|turn|24
|
|t:|1759035732
|switch|p2a: Iron Treads|Iron Treads|100/100
|-damage|p2a: Iron Treads|98/100|[from] Stealth Rock
|move|p1a: Amoonguss|Toxic|p2a: Iron Treads
|-immune|p2a: Iron Treads
|
|-heal|p2a: Iron Treads|100/100|[from] item: Leftovers
|upkeep
|turn|25
|
|t:|1759035735
|switch|p1a: Suicune|Suicune|68/100
|-damage|p1a: Suicune|55/100|[from] Stealth Rock
|-ability|p1a: Suicune|Pressure
|move|p2a: Iron Treads|Rapid Spin|p1a: Suicune
|-damage|p1a: Suicune|48/100
|-boost|p2a: Iron Treads|spe|1
|-sideend|p2: ChiefTriceracop|Stealth Rock|[from] move: Rapid Spin|[of] p2a: Iron Treads
|
|-heal|p1a: Suicune|54/100|[from] item: Leftovers
|upkeep
|turn|26
|
|t:|1759035744
|move|p2a: Iron Treads|Volt Switch|p1a: Suicune
|-supereffective|p1a: Suicune
|-damage|p1a: Suicune|36/100
|
|t:|1759035747
|-end|p2a: Iron Treads|Quark Drive|[silent]
|switch|p2a: Toxicroak|Toxicroak, F|98/100|[from] Volt Switch
|move|p1a: Suicune|Rest|p1a: Suicune
|-status|p1a: Suicune|slp|[from] move: Rest
|-heal|p1a: Suicune|100/100 slp|[silent]
|
|upkeep
|turn|27
|
|t:|1759035754
|switch|p1a: Tyranitar|Tyranitar, F, shiny|88/100
|-damage|p1a: Tyranitar|76/100|[from] Stealth Rock
|-weather|Sandstorm|[from] ability: Sand Stream|[of] p1a: Tyranitar
|move|p2a: Toxicroak|Knock Off|p1a: Tyranitar
|-resisted|p1a: Tyranitar
|-damage|p1a: Tyranitar|68/100
|-enditem|p1a: Tyranitar|Assault Vest|[from] move: Knock Off|[of] p2a: Toxicroak
|
|-weather|Sandstorm|[upkeep]
|-damage|p2a: Toxicroak|92/100|[from] Sandstorm
|upkeep
|turn|28
|
|t:|1759035764
|move|p2a: Toxicroak|Drain Punch|p1a: Tyranitar
|-supereffective|p1a: Tyranitar
|-damage|p1a: Tyranitar|0 fnt
|-heal|p2a: Toxicroak|100/100|[from] drain|[of] p1a: Tyranitar
|faint|p1a: Tyranitar
|
|-weather|Sandstorm|[upkeep]
|-damage|p2a: Toxicroak|94/100|[from] Sandstorm
|upkeep
|
|t:|1759035775
|switch|p1a: Skeledirge|Skeledirge, F|35/100
|turn|29
|
|t:|1759035779
|switch|p2a: Pelipper|Pelipper, F|35/100 par
|-weather|RainDance|[from] ability: Drizzle|[of] p2a: Pelipper
|move|p1a: Skeledirge|Rest|p1a: Skeledirge
|-status|p1a: Skeledirge|slp|[from] move: Rest
|-heal|p1a: Skeledirge|100/100 slp|[silent]
|
|-weather|RainDance|[upkeep]
|upkeep
|turn|30
|
|t:|1759035783
|switch|p1a: Suicune|Suicune|100/100 slp
|-damage|p1a: Suicune|88/100 slp|[from] Stealth Rock
|-ability|p1a: Suicune|Pressure
|cant|p2a: Pelipper|par
|
|-weather|RainDance|[upkeep]
|-heal|p1a: Suicune|94/100 slp|[from] item: Leftovers
|upkeep
|turn|31
|
|t:|1759035789
|cant|p1a: Suicune|slp
|move|p2a: Pelipper|Roost|p2a: Pelipper
|-heal|p2a: Pelipper|85/100 par
|-singleturn|p2a: Pelipper|move: Roost
|
|-weather|RainDance|[upkeep]
|-heal|p1a: Suicune|100/100 slp|[from] item: Leftovers
|upkeep
|turn|32
|
|t:|1759035797
|cant|p1a: Suicune|slp
|move|p1a: Suicune|Sleep Talk|p1a: Suicune
|move|p1a: Suicune|Rest||[from] move: Sleep Talk|[still]
|-fail|p1a: Suicune
|move|p2a: Pelipper|U-turn|p1a: Suicune
|-damage|p1a: Suicune|95/100 slp
|
|t:|1759035803
|switch|p2a: Zapdos|Zapdos|69/100|[from] U-turn
|
|-weather|RainDance|[upkeep]
|-heal|p1a: Suicune|100/100 slp|[from] item: Leftovers
|upkeep
|turn|33
|
|t:|1759035817
|move|p2a: Zapdos|Thunder|p1a: Suicune
|-supereffective|p1a: Suicune
|-damage|p1a: Suicune|0 fnt
|faint|p1a: Suicune
|
|-weather|RainDance|[upkeep]
|upkeep
|
|t:|1759035823
|switch|p1a: Dragonite|Dragonite, F, shiny|100/100
|turn|34
|
|t:|1759035828
|-terastallize|p1a: Dragonite|Normal
|move|p2a: Zapdos|Thunder|p1a: Dragonite
|-damage|p1a: Dragonite|55/100
|move|p1a: Dragonite|Dragon Dance|p1a: Dragonite
|-boost|p1a: Dragonite|atk|1
|-boost|p1a: Dragonite|spe|1
|
|-weather|RainDance|[upkeep]
|upkeep
|turn|35
|
|t:|1759035841
|switch|p2a: Iron Treads|Iron Treads|100/100
|move|p1a: Dragonite|Ice Spinner|p2a: Iron Treads
|-damage|p2a: Iron Treads|67/100
|
|-weather|RainDance|[upkeep]
|-heal|p2a: Iron Treads|73/100|[from] item: Leftovers
|upkeep
|turn|36
|
|t:|1759035852
|move|p1a: Dragonite|Earthquake|p2a: Iron Treads
|-supereffective|p2a: Iron Treads
|-damage|p2a: Iron Treads|0 fnt
|faint|p2a: Iron Treads
|-end|p2a: Iron Treads|Quark Drive|[silent]
|
|-weather|none
|upkeep
|
|t:|1759035856
|switch|p2a: Pelipper|Pelipper, F|85/100 par
|-weather|RainDance|[from] ability: Drizzle|[of] p2a: Pelipper
|turn|37
|
|t:|1759035862
|move|p1a: Dragonite|Dragon Dance|p1a: Dragonite
|-boost|p1a: Dragonite|atk|1
|-boost|p1a: Dragonite|spe|1
|move|p2a: Pelipper|U-turn|p1a: Dragonite
|-damage|p1a: Dragonite|45/100
|
|t:|1759035867
|switch|p2a: Barraskewda|Barraskewda, F|60/100|[from] U-turn
|
|-weather|RainDance|[upkeep]
|upkeep
|turn|38
|
|t:|1759035880
|switch|p2a: Toxicroak|Toxicroak, F|94/100
|move|p1a: Dragonite|Extreme Speed|p2a: Toxicroak
|-damage|p2a: Toxicroak|1/100
|-damage|p1a: Dragonite|29/100|[from] item: Rocky Helmet|[of] p2a: Toxicroak
|
|-weather|RainDance|[upkeep]
|-heal|p2a: Toxicroak|14/100|[from] ability: Dry Skin
|upkeep
|turn|39
|
|t:|1759035894
|move|p1a: Dragonite|Earthquake|p2a: Toxicroak
|-supereffective|p2a: Toxicroak
|-damage|p2a: Toxicroak|0 fnt
|faint|p2a: Toxicroak
|
|-weather|RainDance|[upkeep]
|upkeep
|
|t:|1759035898
|switch|p2a: Zapdos|Zapdos|69/100
|turn|40
|
|t:|1759035904
|move|p1a: Dragonite|Ice Spinner|p2a: Zapdos
|-supereffective|p2a: Zapdos
|-damage|p2a: Zapdos|0 fnt
|faint|p2a: Zapdos
|
|-weather|RainDance|[upkeep]
|upkeep
|
|t:|1759035907
|switch|p2a: Barraskewda|Barraskewda, F|60/100
|turn|41
|
|t:|1759035917
|move|p1a: Dragonite|Extreme Speed|p2a: Barraskewda
|-damage|p2a: Barraskewda|0 fnt
|faint|p2a: Barraskewda
|
|-weather|RainDance|[upkeep]
|upkeep
|-message|ChiefTriceracop forfeited.
|
|win|xiaoqian123
|raw|xiaoqian123's rating: 1307 &rarr; <strong>1327</strong><br />(+20 for winning)
|raw|ChiefTriceracop's rating: 1306 &rarr; <strong>1286</strong><br />(-20 for losing)
|l|☆ChiefTriceracop
|player|p2|
|c|☆xiaoqian123|gg
|l|☆xiaoqian123
|player|p1|
