|j|☆Mega Belibolt
|j|☆jahleel
|t:|1759027190
|gametype|singles
|player|p1|Mega Belibolt|101|1599
|player|p2|jahleel|dancer|1640
|gen|9
|tier|[Gen 9] OU
|rated|
|rule|HP Percentage Mod: HP is shown in percentages
|rule|Endless Battle Clause: Forcing endless battles is banned
|rule|Species Clause: Limit one of each Pokémon
|rule|OHKO Clause: OHKO moves are banned
|rule|Evasion Items Clause: Evasion items are banned
|rule|Evasion Moves Clause: Evasion moves are banned
|rule|Evasion Abilities Clause: Evasion abilities are banned
|rule|Sleep Moves Clause: Sleep-inducing moves are banned
|clearpoke
|poke|p1|Rillaboom, M|
|poke|p1|Meowscarada, M|
|poke|p1|Great Tusk|
|poke|p1|Hawlucha, F|
|poke|p1|Iron Crown|
|poke|p1|Haxorus, F|
|poke|p2|Iron Valiant|
|poke|p2|Cinderace, M|
|poke|p2|Slowking-Galar, M|
|poke|p2|Corviknight, M|
|poke|p2|Garganacl, F|
|poke|p2|Great Tusk|
|teampreview
|
|t:|1759027202
|teamsize|p1|6
|teamsize|p2|6
|start
|switch|p1a: Rillaboom|Rillaboom, M|100/100
|switch|p2a: HotPocket|Cinderace, M|100/100
|-fieldstart|move: Grassy Terrain|[from] ability: Grassy Surge|[of] p1a: Rillaboom
|turn|1
|
|t:|1759027222
|move|p2a: HotPocket|Pyro Ball|p1a: Rillaboom
|-supereffective|p1a: Rillaboom
|-damage|p1a: Rillaboom|0 fnt
|faint|p1a: Rillaboom
|
|upkeep
|
|t:|1759027238
|switch|p1a: Hawlucha|Hawlucha, F|100/100
|-enditem|p1a: Hawlucha|Grassy Seed
|-boost|p1a: Hawlucha|def|1|[from] item: Grassy Seed
|turn|2
|
|t:|1759027247
|move|p1a: Hawlucha|Substitute|p1a: Hawlucha
|-start|p1a: Hawlucha|Substitute
|-damage|p1a: Hawlucha|76/100
|move|p2a: HotPocket|Pyro Ball|p1a: Hawlucha
|-end|p1a: Hawlucha|Substitute
|
|upkeep
|turn|3
|
|t:|1759027255
|move|p1a: Hawlucha|Acrobatics|p2a: HotPocket
|-damage|p2a: HotPocket|31/100
|move|p2a: HotPocket|Pyro Ball|p1a: Hawlucha
|-damage|p1a: Hawlucha|16/100
|
|-heal|p2a: HotPocket|37/100|[from] Grassy Terrain
|upkeep
|turn|4
|
|t:|1759027260
|switch|p2a: BigBird|Corviknight, M|100/100
|-ability|p2a: BigBird|Pressure
|move|p1a: Hawlucha|Close Combat|p2a: BigBird
|-damage|p2a: BigBird|67/100
|-unboost|p1a: Hawlucha|def|1
|-unboost|p1a: Hawlucha|spd|1
|-damage|p1a: Hawlucha|0 fnt|[from] item: Rocky Helmet|[of] p2a: BigBird
|faint|p1a: Hawlucha
|
|upkeep
|
|t:|1759027271
|switch|p1a: Iron Crown|Iron Crown|100/100
|-enditem|p1a: Iron Crown|Booster Energy
|-activate|p1a: Iron Crown|ability: Quark Drive|[fromitem]
|-start|p1a: Iron Crown|quarkdrivespe
|turn|5
|
|t:|1759027295
|switch|p2a: HotPocket|Cinderace, M|37/100
|move|p1a: Iron Crown|Iron Defense|p1a: Iron Crown
|-boost|p1a: Iron Crown|def|2
|
|-heal|p2a: HotPocket|43/100|[from] Grassy Terrain
|-fieldend|move: Grassy Terrain
|upkeep
|turn|6
|
|t:|1759027305
|-terastallize|p1a: Iron Crown|Psychic
|move|p2a: HotPocket|Sucker Punch||[still]
|-fail|p2a: HotPocket
|move|p1a: Iron Crown|Iron Defense|p1a: Iron Crown
|-boost|p1a: Iron Crown|def|2
|
|upkeep
|turn|7
|
|t:|1759027311
|move|p1a: Iron Crown|Iron Defense|p1a: Iron Crown
|-boost|p1a: Iron Crown|def|2
|move|p2a: HotPocket|U-turn|p1a: Iron Crown
|-start|p2a: HotPocket|typechange|Bug|[from] ability: Libero
|-supereffective|p1a: Iron Crown
|-damage|p1a: Iron Crown|83/100
|
|t:|1759027318
|switch|p2a: McSalt|Garganacl, F|100/100|[from] U-turn
|
|upkeep
|turn|8
|
|t:|1759027329
|-terastallize|p2a: McSalt|Water
|move|p1a: Iron Crown|Tachyon Cutter|p2a: McSalt
|-resisted|p2a: McSalt
|-damage|p2a: McSalt|92/100
|-resisted|p2a: McSalt
|-damage|p2a: McSalt|85/100
|-hitcount|p2a: McSalt|2
|move|p2a: McSalt|Salt Cure|p1a: Iron Crown
|-damage|p1a: Iron Crown|79/100
|-start|p1a: Iron Crown|Salt Cure
|
|-heal|p2a: McSalt|91/100|[from] item: Leftovers
|-damage|p1a: Iron Crown|67/100|[from] Salt Cure
|upkeep
|turn|9
|
|t:|1759027338
|switch|p2a: ShrimpKing|Slowking-Galar, M|100/100
|move|p1a: Iron Crown|Calm Mind|p1a: Iron Crown
|-boost|p1a: Iron Crown|spa|1
|-boost|p1a: Iron Crown|spd|1
|
|-damage|p1a: Iron Crown|55/100|[from] Salt Cure
|upkeep
|turn|10
|
|t:|1759027343
|move|p1a: Iron Crown|Stored Power|p2a: ShrimpKing
|-damage|p2a: ShrimpKing|7/100
|move|p2a: ShrimpKing|Sludge Bomb|p1a: Iron Crown
|-damage|p1a: Iron Crown|33/100
|
|-damage|p1a: Iron Crown|20/100|[from] Salt Cure
|upkeep
|turn|11
|
|t:|1759027353
|move|p1a: Iron Crown|Stored Power|p2a: ShrimpKing
|-damage|p2a: ShrimpKing|0 fnt
|faint|p2a: ShrimpKing
|
|-damage|p1a: Iron Crown|8/100|[from] Salt Cure
|upkeep
|inactive|Battle timer is ON: inactive players will automatically lose when time's up. (requested by Mega Belibolt)
|
|t:|1759027356
|switch|p2a: McSalt|Garganacl, F, tera:Water|91/100
|turn|12
|
|t:|1759027360
|move|p2a: McSalt|Protect|p2a: McSalt
|-singleturn|p2a: McSalt|Protect
|move|p1a: Iron Crown|Stored Power|p2a: McSalt
|-activate|p2a: McSalt|move: Protect
|
|-heal|p2a: McSalt|97/100|[from] item: Leftovers
|-damage|p1a: Iron Crown|0 fnt|[from] Salt Cure
|faint|p1a: Iron Crown
|-end|p1a: Iron Crown|Quark Drive|[silent]
|upkeep
|
|t:|1759027369
|switch|p1a: Meowscarada|Meowscarada, M|100/100
|turn|13
|
|t:|1759027372
|switch|p2a: BigBird|Corviknight, M|67/100
|-ability|p2a: BigBird|Pressure
|move|p1a: Meowscarada|U-turn|p2a: BigBird
|-start|p1a: Meowscarada|typechange|Bug|[from] ability: Protean
|-resisted|p2a: BigBird
|-damage|p2a: BigBird|59/100
|-damage|p1a: Meowscarada|84/100|[from] item: Rocky Helmet|[of] p2a: BigBird
|
|t:|1759027376
|switch|p1a: Haxorus|Haxorus, F|100/100|[from] U-turn
|-ability|p1a: Haxorus|Mold Breaker
|
|upkeep
|turn|14
|
|t:|1759027379
|move|p1a: Haxorus|Swords Dance|p1a: Haxorus
|-boost|p1a: Haxorus|atk|2
|move|p2a: BigBird|Iron Defense|p2a: BigBird
|-boost|p2a: BigBird|def|2
|
|upkeep
|turn|15
|
|t:|1759027383
|move|p1a: Haxorus|Close Combat|p2a: BigBird
|-crit|p2a: BigBird
|-damage|p2a: BigBird|0 fnt
|-unboost|p1a: Haxorus|def|1
|-unboost|p1a: Haxorus|spd|1
|-damage|p1a: Haxorus|84/100|[from] item: Rocky Helmet|[of] p2a: BigBird
|faint|p2a: BigBird
|
|upkeep
|
|t:|1759027390
|switch|p2a: Judgment|Iron Valiant|100/100
|turn|16
|
|t:|1759027393
|move|p2a: Judgment|Moonblast|p1a: Haxorus
|-supereffective|p1a: Haxorus
|-damage|p1a: Haxorus|0 fnt
|faint|p1a: Haxorus
|
|upkeep
|
|t:|1759027395
|switch|p1a: Great Tusk|Great Tusk|100/100
|-enditem|p1a: Great Tusk|Booster Energy
|-activate|p1a: Great Tusk|ability: Protosynthesis|[fromitem]
|-start|p1a: Great Tusk|protosynthesisspe
|turn|17
|
|t:|1759027401
|move|p1a: Great Tusk|Headlong Rush|p2a: Judgment
|-damage|p2a: Judgment|34/100
|-unboost|p1a: Great Tusk|def|1
|-unboost|p1a: Great Tusk|spd|1
|move|p2a: Judgment|Moonblast|p1a: Great Tusk
|-supereffective|p1a: Great Tusk
|-damage|p1a: Great Tusk|0 fnt
|faint|p1a: Great Tusk
|-end|p1a: Great Tusk|Protosynthesis|[silent]
|
|upkeep
|-message|Mega Belibolt forfeited.
|
|win|jahleel
|raw|Mega Belibolt's rating: 1599 &rarr; <strong>1581</strong><br />(-18 for losing)
|raw|jahleel's rating: 1640 &rarr; <strong>1658</strong><br />(+18 for winning)
|l|☆Mega Belibolt
|player|p1|
|l|☆jahleel
|player|p2|
