|j|☆sondaryu
|j|☆1211zoro
|t:|1759007751
|gametype|singles
|player|p1|sondaryu|n|1122
|player|p2|1211zoro|102|1089
|gen|9
|tier|[Gen 9] OU
|rated|
|rule|HP Percentage Mod: HP is shown in percentages
|rule|Endless Battle Clause: Forcing endless battles is banned
|rule|Species Clause: Limit one of each Pokémon
|rule|OHKO Clause: OHKO moves are banned
|rule|Evasion Items Clause: Evasion items are banned
|rule|Evasion Moves Clause: Evasion moves are banned
|rule|Evasion Abilities Clause: Evasion abilities are banned
|rule|Sleep Moves Clause: Sleep-inducing moves are banned
|clearpoke
|poke|p1|Scizor, M|
|poke|p1|Alomomola, F|
|poke|p1|Cinderace, F|
|poke|p1|Hydrapple, M|
|poke|p1|Clefable, F|
|poke|p1|Kilowattrel, F|
|poke|p2|Glimmora, M|
|poke|p2|Nosepass, L1, M|
|poke|p2|Registeel|
|poke|p2|Cinderace, M|
|poke|p2|Meowscarada, M|
|poke|p2|Gliscor, M|
|teampreview
|
|t:|1759007768
|teamsize|p1|6
|teamsize|p2|6
|start
|switch|p1a: Scizor|Scizor, M|100/100
|switch|p2a: Glimmora|Glimmora, M|100/100
|turn|1
|
|t:|1759007775
|move|p1a: Scizor|Bullet Punch|p2a: Glimmora
|-supereffective|p2a: Glimmora
|-damage|p2a: Glimmora|0 fnt
|-activate|p2a: Glimmora|ability: Toxic Debris
|-sidestart|p1: sondaryu|move: Toxic Spikes
|faint|p2a: Glimmora
|
|upkeep
|
|t:|1759007798
|switch|p2a: Cinderace|Cinderace, M|100/100
|turn|2
|
|t:|1759007813
|switch|p1a: Alomomola|Alomomola, F, shiny|100/100
|-status|p1a: Alomomola|psn
|move|p2a: Cinderace|Flame Charge|p1a: Alomomola
|-resisted|p1a: Alomomola
|-damage|p1a: Alomomola|93/100 psn
|-boost|p2a: Cinderace|spe|1
|
|-heal|p1a: Alomomola|99/100 psn|[from] item: Leftovers
|-damage|p1a: Alomomola|87/100 psn|[from] psn
|upkeep
|turn|3
|
|t:|1759007832
|switch|p2a: Meowscarada|Meowscarada, M|100/100
|move|p1a: Alomomola|Wish|p1a: Alomomola
|
|-heal|p1a: Alomomola|93/100 psn|[from] item: Leftovers
|-damage|p1a: Alomomola|81/100 psn|[from] psn
|upkeep
|turn|4
|
|t:|1759007842
|switch|p1a: Scizor|Scizor, M|100/100
|move|p2a: Meowscarada|Flower Trick|p1a: Scizor
|-start|p2a: Meowscarada|typechange|Grass|[from] ability: Protean
|-resisted|p1a: Scizor
|-crit|p1a: Scizor
|-damage|p1a: Scizor|86/100
|
|-heal|p1a: Scizor|100/100|[from] move: Wish|[wisher] Alomomola
|upkeep
|turn|5
|
|t:|1759007861
|switch|p2a: Cinderace|Cinderace, M|100/100
|move|p1a: Scizor|Knock Off|p2a: Cinderace
|-damage|p2a: Cinderace|21/100
|-enditem|p2a: Cinderace|Focus Sash|[from] move: Knock Off|[of] p1a: Scizor
|
|upkeep
|turn|6
|inactive|Battle timer is ON: inactive players will automatically lose when time's up. (requested by sondaryu)
|
|t:|1759007881
|switch|p1a: Alomomola|Alomomola, F, shiny|100/100 psn
|move|p2a: Cinderace|Pyro Ball|p1a: Alomomola
|-resisted|p1a: Alomomola
|-damage|p1a: Alomomola|83/100 psn
|
|-heal|p1a: Alomomola|89/100 psn|[from] item: Leftovers
|-damage|p1a: Alomomola|77/100 psn|[from] psn
|upkeep
|turn|7
|
|t:|1759007899
|switch|p2a: Registeel|Registeel|100/100
|move|p1a: Alomomola|Wish|p1a: Alomomola
|
|-heal|p1a: Alomomola|83/100 psn|[from] item: Leftovers
|-damage|p1a: Alomomola|70/100 psn|[from] psn
|upkeep
|turn|8
|
|t:|1759007909
|move|p1a: Alomomola|Flip Turn|p2a: Registeel
|-damage|p2a: Registeel|91/100
|
|t:|1759007912
|switch|p1a: Cinderace|Cinderace, F, shiny|100/100|[from] Flip Turn
|-status|p1a: Cinderace|psn
|move|p2a: Registeel|Iron Defense|p2a: Registeel
|-boost|p2a: Registeel|def|2
|
|-damage|p1a: Cinderace|88/100 psn|[from] psn
|upkeep
|turn|9
|
|t:|1759007923
|-terastallize|p2a: Registeel|Water
|move|p1a: Cinderace|Pyro Ball|p2a: Registeel
|-resisted|p2a: Registeel
|-damage|p2a: Registeel|82/100
|-damage|p1a: Cinderace|78/100 psn|[from] item: Life Orb
|move|p2a: Registeel|Iron Defense|p2a: Registeel
|-boost|p2a: Registeel|def|2
|
|-damage|p1a: Cinderace|66/100 psn|[from] psn
|upkeep
|turn|10
|
|t:|1759007936
|move|p1a: Cinderace|U-turn|p2a: Registeel
|-start|p1a: Cinderace|typechange|Bug|[from] ability: Libero
|-damage|p2a: Registeel|73/100
|-damage|p1a: Cinderace|56/100 psn|[from] item: Life Orb
|
|t:|1759007940
|switch|p1a: Kilowattrel|Kilowattrel, F, shiny|100/100|[from] U-turn
|move|p2a: Registeel|Iron Defense|p2a: Registeel
|-boost|p2a: Registeel|def|2
|
|upkeep
|turn|11
|
|t:|1759007955
|move|p1a: Kilowattrel|Thunderbolt|p2a: Registeel
|-supereffective|p2a: Registeel
|-damage|p2a: Registeel|15/100
|move|p2a: Registeel|Body Press|p1a: Kilowattrel
|-resisted|p1a: Kilowattrel
|-damage|p1a: Kilowattrel|0 fnt
|faint|p1a: Kilowattrel
|
|upkeep
|
|t:|1759007973
|switch|p1a: Hydrapple|Hydrapple, M, shiny|100/100
|-status|p1a: Hydrapple|psn
|turn|12
|
|t:|1759007983
|move|p2a: Registeel|Rest|p2a: Registeel
|-status|p2a: Registeel|slp|[from] move: Rest
|-heal|p2a: Registeel|100/100 slp|[silent]
|-enditem|p2a: Registeel|Chesto Berry|[eat]
|-curestatus|p2a: Registeel|slp|[msg]
|move|p1a: Hydrapple|Giga Drain|p2a: Registeel
|-supereffective|p2a: Registeel
|-damage|p2a: Registeel|46/100
|
|-damage|p1a: Hydrapple|88/100 psn|[from] psn
|upkeep
|turn|13
|
|t:|1759008006
|move|p2a: Registeel|Body Press|p1a: Hydrapple
|-crit|p1a: Hydrapple
|-damage|p1a: Hydrapple|0 fnt
|faint|p1a: Hydrapple
|
|upkeep
|
|t:|1759008012
|switch|p1a: Clefable|Clefable, F, shiny|100/100
|-status|p1a: Clefable|psn
|turn|14
|
|t:|1759008019
|move|p1a: Clefable|Thunder Wave|p2a: Registeel
|-status|p2a: Registeel|par
|move|p2a: Registeel|Body Press|p1a: Clefable
|-resisted|p1a: Clefable
|-crit|p1a: Clefable
|-damage|p1a: Clefable|27/100 psn
|
|-heal|p1a: Clefable|33/100 psn|[from] item: Leftovers
|upkeep
|turn|15
|
|t:|1759008044
|switch|p2a: Meowscarada|Meowscarada, M|100/100
|move|p1a: Clefable|Moonblast|p2a: Meowscarada
|-supereffective|p2a: Meowscarada
|-damage|p2a: Meowscarada|2/100
|
|-heal|p1a: Clefable|39/100 psn|[from] item: Leftovers
|upkeep
|turn|16
|
|t:|1759008054
|move|p2a: Meowscarada|U-turn|p1a: Clefable
|-start|p2a: Meowscarada|typechange|Bug|[from] ability: Protean
|-resisted|p1a: Clefable
|-damage|p1a: Clefable|25/100 psn
|inactive|1211zoro has 120 seconds left.
|
|t:|1759008070
|switch|p2a: Registeel|Registeel, tera:Water|46/100 par|[from] U-turn
|move|p1a: Clefable|Moonlight|p1a: Clefable
|-heal|p1a: Clefable|75/100 psn
|
|-heal|p1a: Clefable|81/100 psn|[from] item: Leftovers
|upkeep
|turn|17
|
|t:|1759008079
|move|p1a: Clefable|Moonblast|p2a: Registeel
|-damage|p2a: Registeel|27/100 par
|move|p2a: Registeel|Rest|p2a: Registeel
|-status|p2a: Registeel|slp|[from] move: Rest
|-heal|p2a: Registeel|100/100 slp|[silent]
|
|-heal|p1a: Clefable|87/100 psn|[from] item: Leftovers
|upkeep
|turn|18
|
|t:|1759008093
|switch|p1a: Scizor|Scizor, M|100/100
|cant|p2a: Registeel|slp
|
|upkeep
|turn|19
|
|t:|1759008102
|move|p1a: Scizor|Close Combat|p2a: Registeel
|-crit|p2a: Registeel
|-damage|p2a: Registeel|47/100 slp
|-unboost|p1a: Scizor|def|1
|-unboost|p1a: Scizor|spd|1
|cant|p2a: Registeel|slp
|
|upkeep
|turn|20
|inactive|1211zoro has 120 seconds left.
|
|t:|1759008133
|move|p1a: Scizor|Close Combat|p2a: Registeel
|-damage|p2a: Registeel|7/100 slp
|-unboost|p1a: Scizor|def|1
|-unboost|p1a: Scizor|spd|1
|-curestatus|p2a: Registeel|slp|[msg]
|move|p2a: Registeel|Iron Defense|p2a: Registeel
|-boost|p2a: Registeel|def|2
|
|upkeep
|turn|21
|inactive|1211zoro has 120 seconds left.
|
|t:|1759008139
|move|p1a: Scizor|Close Combat|p2a: Registeel
|-damage|p2a: Registeel|0 fnt
|-unboost|p1a: Scizor|def|1
|-unboost|p1a: Scizor|spd|1
|faint|p2a: Registeel
|
|upkeep
|inactive|1211zoro has 120 seconds left.
|
|t:|1759008149
|switch|p2a: Nosepass|Nosepass, L1, M|100/100
|turn|22
|
|t:|1759008156
|move|p1a: Scizor|Close Combat|p2a: Nosepass
|-supereffective|p2a: Nosepass
|-ability|p2a: Nosepass|Sturdy
|-damage|p2a: Nosepass|10/100
|-unboost|p1a: Scizor|def|1
|-unboost|p1a: Scizor|spd|1
|move|p2a: Nosepass|Pain Split|p1a: Scizor
|-sethp|p1a: Scizor|51/100|[from] move: Pain Split|[silent]
|-sethp|p2a: Nosepass|100/100|[from] move: Pain Split
|
|upkeep
|turn|23
|
|t:|1759008167
|switch|p1a: Clefable|Clefable, F, shiny|87/100 psn
|move|p2a: Nosepass|Pain Split|p1a: Clefable
|-sethp|p1a: Clefable|45/100 psn|[from] move: Pain Split|[silent]
|-sethp|p2a: Nosepass|100/100|[from] move: Pain Split
|
|-heal|p1a: Clefable|51/100 psn|[from] item: Leftovers
|upkeep
|turn|24
|
|t:|1759008177
|move|p1a: Clefable|Thunder Wave|p2a: Nosepass
|-status|p2a: Nosepass|par
|move|p2a: Nosepass|Pain Split|p1a: Clefable
|-sethp|p1a: Clefable|27/100 psn|[from] move: Pain Split|[silent]
|-sethp|p2a: Nosepass|100/100 par|[from] move: Pain Split
|
|-heal|p1a: Clefable|33/100 psn|[from] item: Leftovers
|upkeep
|turn|25
|inactive|1211zoro has 120 seconds left.
|
|t:|1759008204
|switch|p2a: Cinderace|Cinderace, M|21/100
|move|p1a: Clefable|Stealth Rock|p2a: Cinderace
|-sidestart|p2: 1211zoro|move: Stealth Rock
|
|-heal|p1a: Clefable|39/100 psn|[from] item: Leftovers
|upkeep
|turn|26
|inactive|1211zoro has 120 seconds left.
|
|t:|1759008220
|switch|p1a: Alomomola|Alomomola, F, shiny|100/100 psn
|move|p2a: Cinderace|Flame Charge|p1a: Alomomola
|-resisted|p1a: Alomomola
|-damage|p1a: Alomomola|94/100 psn
|-boost|p2a: Cinderace|spe|1
|
|-heal|p1a: Alomomola|99/100 psn|[from] item: Leftovers
|-damage|p1a: Alomomola|88/100 psn|[from] psn
|upkeep
|turn|27
|inactive|1211zoro has 120 seconds left.
|-message|1211zoro forfeited.
|
|win|sondaryu
|raw|sondaryu's rating: 1122 &rarr; <strong>1145</strong><br />(+23 for winning)
|raw|1211zoro's rating: 1089 &rarr; <strong>1068</strong><br />(-21 for losing)
|l|☆1211zoro
|player|p2|
|l|☆sondaryu
|player|p1|
