|j|☆AshReturnsInGen9
|j|☆jynmfh
|t:|1759008047
|gametype|singles
|player|p1|AshReturnsInGen9|lucas|1276
|player|p2|jynmfh|rocketgrunt|1255
|gen|9
|tier|[Gen 9] OU
|rated|
|rule|HP Percentage Mod: HP is shown in percentages
|rule|Endless Battle Clause: Forcing endless battles is banned
|rule|Species Clause: Limit one of each Pokémon
|rule|OHKO Clause: OHKO moves are banned
|rule|Evasion Items Clause: Evasion items are banned
|rule|Evasion Moves Clause: Evasion moves are banned
|rule|Evasion Abilities Clause: Evasion abilities are banned
|rule|Sleep Moves Clause: Sleep-inducing moves are banned
|clearpoke
|poke|p1|Charizard, M|
|poke|p1|Venusaur, M|
|poke|p1|Lapras, M|
|poke|p1|Blastoise, M|
|poke|p1|Snorlax, F|
|poke|p1|Clefable, M|
|poke|p2|Alomomola, F|
|poke|p2|Iron Hands|
|poke|p2|Cinderace, F|
|poke|p2|Kingambit, F|
|poke|p2|Scovillain, M|
|poke|p2|Muk, F|
|teampreview
|l|☆jynmfh
|player|p2|
|j|☆jynmfh
|player|p2|jynmfh|rocketgrunt|
|
|t:|1759008071
|teamsize|p1|6
|teamsize|p2|6
|start
|switch|p1a: Snorlax|Snorlax, F|100/100
|switch|p2a: Muk|Muk, F|100/100
|turn|1
|
|t:|1759008073
|move|p2a: Muk|Curse|p2a: Muk
|-unboost|p2a: Muk|spe|1
|-boost|p2a: Muk|atk|1
|-boost|p2a: Muk|def|1
|move|p1a: Snorlax|Earthquake|p2a: Muk
|-supereffective|p2a: Muk
|-damage|p2a: Muk|56/100
|
|upkeep
|turn|2
|inactive|Battle timer is ON: inactive players will automatically lose when time's up. (requested by jynmfh)
|inactive|AshReturnsInGen9 also wants the timer to be on.
|
|t:|1759008077
|move|p1a: Snorlax|Earthquake|p2a: Muk
|-supereffective|p2a: Muk
|-damage|p2a: Muk|7/100
|move|p2a: Muk|Drain Punch|p1a: Snorlax
|-supereffective|p1a: Snorlax
|-damage|p1a: Snorlax|6/100
|-heal|p2a: Muk|66/100|[from] drain|[of] p1a: Snorlax
|-damage|p2a: Muk|57/100|[from] item: Life Orb
|
|upkeep
|turn|3
|-enditem|p1a: Snorlax|Custap Berry|[eat]
|-activate|p1a: Snorlax|item: Custap Berry|[consumed]
|
|t:|1759008079
|move|p1a: Snorlax|Earthquake|p2a: Muk
|-supereffective|p2a: Muk
|-damage|p2a: Muk|9/100
|move|p2a: Muk|Knock Off|p1a: Snorlax
|-damage|p1a: Snorlax|0 fnt
|faint|p1a: Snorlax
|-damage|p2a: Muk|0 fnt|[from] item: Life Orb
|faint|p2a: Muk
|
|upkeep
|
|t:|1759008085
|switch|p2a: Scovillain|Scovillain, M|100/100
|switch|p1a: Charizard|Charizard, M|100/100
|turn|4
|
|t:|1759008090
|switch|p2a: Alomomola|Alomomola, F, shiny|100/100
|move|p1a: Charizard|Air Slash|p2a: Alomomola
|-damage|p2a: Alomomola|55/100
|
|-heal|p2a: Alomomola|62/100|[from] item: Leftovers
|upkeep
|turn|5
|
|t:|1759008093
|switch|p1a: Lapras|Lapras, M|100/100
|move|p2a: Alomomola|Scald|p1a: Lapras
|-immune|p1a: Lapras|[from] ability: Water Absorb
|
|-heal|p2a: Alomomola|68/100|[from] item: Leftovers
|upkeep
|turn|6
|
|t:|1759008101
|switch|p2a: Cinderace|Cinderace, F|100/100
|move|p1a: Lapras|Freeze-Dry|p2a: Cinderace
|-resisted|p2a: Cinderace
|-damage|p2a: Cinderace|71/100
|
|upkeep
|turn|7
|
|t:|1759008108
|switch|p1a: Charizard|Charizard, M|100/100
|move|p2a: Cinderace|U-turn|p1a: Charizard
|-start|p2a: Cinderace|typechange|Bug|[from] ability: Libero
|-resisted|p1a: Charizard
|-damage|p1a: Charizard|90/100
|
|t:|1759008111
|switch|p2a: Iron Hands|Iron Hands|100/100|[from] U-turn
|-enditem|p2a: Iron Hands|Booster Energy
|-activate|p2a: Iron Hands|ability: Quark Drive|[fromitem]
|-start|p2a: Iron Hands|quarkdriveatk
|
|upkeep
|turn|8
|
|t:|1759008134
|move|p1a: Charizard|Overheat|p2a: Iron Hands
|-damage|p2a: Iron Hands|43/100
|-unboost|p1a: Charizard|spa|2
|move|p2a: Iron Hands|Thunder Punch|p1a: Charizard
|-supereffective|p1a: Charizard
|-damage|p1a: Charizard|0 fnt
|faint|p1a: Charizard
|
|upkeep
|
|t:|1759008148
|switch|p1a: Venusaur|Venusaur, M|100/100
|turn|9
|
|t:|1759008152
|move|p1a: Venusaur|Sludge Bomb|p2a: Iron Hands
|-damage|p2a: Iron Hands|4/100
|move|p2a: Iron Hands|Ice Punch|p1a: Venusaur
|-supereffective|p1a: Venusaur
|-damage|p1a: Venusaur|0 fnt
|faint|p1a: Venusaur
|
|upkeep
|
|t:|1759008155
|switch|p1a: Blastoise|Blastoise, M|100/100
|turn|10
|
|t:|1759008157
|move|p1a: Blastoise|Surf|p2a: Iron Hands
|-damage|p2a: Iron Hands|0 fnt
|faint|p2a: Iron Hands
|-end|p2a: Iron Hands|Quark Drive|[silent]
|
|upkeep
|
|t:|1759008160
|switch|p2a: Scovillain|Scovillain, M|100/100
|turn|11
|
|t:|1759008164
|-terastallize|p2a: Scovillain|Grass
|move|p1a: Blastoise|Shell Smash|p1a: Blastoise
|-unboost|p1a: Blastoise|def|1
|-unboost|p1a: Blastoise|spd|1
|-boost|p1a: Blastoise|atk|2
|-boost|p1a: Blastoise|spa|2
|-boost|p1a: Blastoise|spe|2
|-enditem|p1a: Blastoise|White Herb
|-clearnegativeboost|p1a: Blastoise|[silent]
|move|p2a: Scovillain|Trailblaze|p1a: Blastoise
|-supereffective|p1a: Blastoise
|-damage|p1a: Blastoise|38/100
|-boost|p2a: Scovillain|spe|1
|
|upkeep
|turn|12
|
|t:|1759008168
|move|p1a: Blastoise|Ice Beam|p2a: Scovillain
|-supereffective|p2a: Scovillain
|-damage|p2a: Scovillain|0 fnt
|faint|p2a: Scovillain
|
|upkeep
|
|t:|1759008171
|switch|p2a: Cinderace|Cinderace, F|71/100
|turn|13
|
|t:|1759008175
|move|p2a: Cinderace|Sucker Punch|p1a: Blastoise
|-start|p2a: Cinderace|typechange|Dark|[from] ability: Libero
|-damage|p1a: Blastoise|0 fnt
|faint|p1a: Blastoise
|
|upkeep
|
|t:|1759008181
|switch|p1a: Lapras|Lapras, M|100/100
|turn|14
|
|t:|1759008185
|move|p2a: Cinderace|Pyro Ball|p1a: Lapras
|-crit|p1a: Lapras
|-damage|p1a: Lapras|48/100
|move|p1a: Lapras|Surf|p2a: Cinderace
|-damage|p2a: Cinderace|0 fnt
|faint|p2a: Cinderace
|
|upkeep
|
|t:|1759008189
|switch|p2a: Kingambit|Kingambit, F|100/100
|-activate|p2a: Kingambit|ability: Supreme Overlord
|-start|p2a: Kingambit|fallen4|[silent]
|turn|15
|
|t:|1759008191
|move|p1a: Lapras|Surf|p2a: Kingambit
|-damage|p2a: Kingambit|41/100
|move|p2a: Kingambit|Low Kick|p1a: Lapras
|-supereffective|p1a: Lapras
|-damage|p1a: Lapras|0 fnt
|faint|p1a: Lapras
|
|-heal|p2a: Kingambit|47/100|[from] item: Leftovers
|upkeep
|
|t:|1759008193
|switch|p1a: Clefable|Clefable, M|100/100
|turn|16
|
|t:|1759008195
|-terastallize|p1a: Clefable|Poison
|move|p1a: Clefable|Cosmic Power|p1a: Clefable
|-boost|p1a: Clefable|def|1
|-boost|p1a: Clefable|spd|1
|move|p2a: Kingambit|Iron Head|p1a: Clefable
|-damage|p1a: Clefable|65/100
|
|-heal|p1a: Clefable|71/100|[from] item: Leftovers
|-heal|p2a: Kingambit|53/100|[from] item: Leftovers
|upkeep
|turn|17
|
|t:|1759008198
|move|p2a: Kingambit|Sucker Punch||[still]
|-fail|p2a: Kingambit
|move|p1a: Clefable|Cosmic Power|p1a: Clefable
|-boost|p1a: Clefable|def|1
|-boost|p1a: Clefable|spd|1
|
|-heal|p1a: Clefable|77/100|[from] item: Leftovers
|-heal|p2a: Kingambit|59/100|[from] item: Leftovers
|upkeep
|turn|18
|
|t:|1759008200
|move|p1a: Clefable|Cosmic Power|p1a: Clefable
|-boost|p1a: Clefable|def|1
|-boost|p1a: Clefable|spd|1
|move|p2a: Kingambit|Iron Head|p1a: Clefable
|-damage|p1a: Clefable|57/100
|
|-heal|p1a: Clefable|63/100|[from] item: Leftovers
|-heal|p2a: Kingambit|66/100|[from] item: Leftovers
|upkeep
|turn|19
|
|t:|1759008202
|move|p1a: Clefable|Moonlight|p1a: Clefable
|-heal|p1a: Clefable|100/100
|move|p2a: Kingambit|Swords Dance|p2a: Kingambit
|-boost|p2a: Kingambit|atk|2
|
|-heal|p2a: Kingambit|72/100|[from] item: Leftovers
|upkeep
|turn|20
|
|t:|1759008204
|move|p1a: Clefable|Cosmic Power|p1a: Clefable
|-boost|p1a: Clefable|def|1
|-boost|p1a: Clefable|spd|1
|move|p2a: Kingambit|Iron Head|p1a: Clefable
|-damage|p1a: Clefable|83/100
|
|-heal|p1a: Clefable|89/100|[from] item: Leftovers
|-heal|p2a: Kingambit|78/100|[from] item: Leftovers
|upkeep
|turn|21
|
|t:|1759008206
|move|p1a: Clefable|Cosmic Power|p1a: Clefable
|-boost|p1a: Clefable|def|1
|-boost|p1a: Clefable|spd|1
|move|p2a: Kingambit|Swords Dance|p2a: Kingambit
|-boost|p2a: Kingambit|atk|2
|
|-heal|p1a: Clefable|95/100|[from] item: Leftovers
|-heal|p2a: Kingambit|84/100|[from] item: Leftovers
|upkeep
|turn|22
|-message|jynmfh forfeited.
|
|win|AshReturnsInGen9
|raw|AshReturnsInGen9's rating: 1276 &rarr; <strong>1299</strong><br />(+23 for winning)
|raw|jynmfh's rating: 1255 &rarr; <strong>1232</strong><br />(-23 for losing)
|l|☆jynmfh
|player|p2|
