|j|☆obezer
|j|☆victory 4 u
|t:|1759059424
|gametype|singles
|player|p1|obezer|marshal|1134
|player|p2|victory 4 u|102|1128
|gen|9
|tier|[Gen 9] OU
|rated|
|rule|HP Percentage Mod: HP is shown in percentages
|rule|Endless Battle Clause: Forcing endless battles is banned
|rule|Species Clause: Limit one of each Pokémon
|rule|OHKO Clause: OHKO moves are banned
|rule|Evasion Items Clause: Evasion items are banned
|rule|Evasion Moves Clause: Evasion moves are banned
|rule|Evasion Abilities Clause: Evasion abilities are banned
|rule|Sleep Moves Clause: Sleep-inducing moves are banned
|clearpoke
|poke|p1|Pincurchin, F|
|poke|p1|Raichu-Alola, F|
|poke|p1|Hawlucha, M|
|poke|p1|Rotom-Wash|
|poke|p1|Pawmot, M|
|poke|p1|Weezing-Galar, M|
|poke|p2|Gengar, F|
|poke|p2|Sudowoodo, F|
|poke|p2|Articuno-Galar|
|poke|p2|Hitmontop, M|
|poke|p2|Incineroar, F|
|poke|p2|Iron Valiant|
|teampreview
|
|t:|1759059449
|teamsize|p1|6
|teamsize|p2|6
|start
|switch|p1a: Pincurchin|Pincurchin, F|100/100
|switch|p2a: Sudowoodo|Sudowoodo, F|100/100
|-fieldstart|move: Electric Terrain|[from] ability: Electric Surge|[of] p1a: Pincurchin
|turn|1
|
|t:|1759059457
|switch|p1a: Weezing|Weezing-Galar, M|100/100
|-ability|p1a: Weezing|Neutralizing Gas
|move|p2a: Sudowoodo|Head Smash|p1a: Weezing
|-damage|p1a: Weezing|21/100
|-damage|p2a: Sudowoodo|84/100|[from] item: Rocky Helmet|[of] p1a: Weezing
|-damage|p2a: Sudowoodo|45/100|[from] Recoil
|
|upkeep
|turn|2
|
|t:|1759059469
|move|p1a: Weezing|Will-O-Wisp|p2a: Sudowoodo|[miss]
|-miss|p1a: Weezing|p2a: Sudowoodo
|move|p2a: Sudowoodo|Head Smash|p1a: Weezing|[miss]
|-miss|p2a: Sudowoodo|p1a: Weezing
|
|upkeep
|turn|3
|
|t:|1759059476
|move|p1a: Weezing|Will-O-Wisp|p2a: Sudowoodo|[miss]
|-miss|p1a: Weezing|p2a: Sudowoodo
|move|p2a: Sudowoodo|Head Smash|p1a: Weezing
|-damage|p1a: Weezing|0 fnt
|-damage|p2a: Sudowoodo|28/100|[from] item: Rocky Helmet|[of] p1a: Weezing
|faint|p1a: Weezing
|-end|p1a: Weezing|ability: Neutralizing Gas
|-damage|p2a: Sudowoodo|18/100|[from] Recoil
|
|upkeep
|
|t:|1759059482
|switch|p1a: Rotom|Rotom-Wash|100/100
|turn|4
|
|t:|1759059487
|move|p1a: Rotom|Reflect|p1a: Rotom
|-sidestart|p1: obezer|Reflect
|move|p2a: Sudowoodo|Head Smash|p1a: Rotom
|-damage|p1a: Rotom|27/100
|-damage|p2a: Sudowoodo|0 fnt|[from] Recoil
|faint|p2a: Sudowoodo
|
|upkeep
|
|t:|1759059510
|switch|p2a: Gengar|Gengar, F|100/100
|turn|5
|
|t:|1759059522
|move|p2a: Gengar|Shadow Ball|p1a: Rotom
|-damage|p1a: Rotom|0 fnt
|faint|p1a: Rotom
|
|upkeep
|
|t:|1759059528
|switch|p1a: Raichu|Raichu-Alola, F|100/100
|turn|6
|
|t:|1759059533
|switch|p2a: Incineroar|Incineroar, F|100/100
|-ability|p2a: Incineroar|Intimidate|boost
|-unboost|p1a: Raichu|atk|1
|move|p1a: Raichu|Psyshock|p2a: Incineroar
|-immune|p2a: Incineroar
|
|upkeep
|turn|7
|
|t:|1759059551
|move|p1a: Raichu|Focus Blast|p2a: Incineroar
|-supereffective|p2a: Incineroar
|-crit|p2a: Incineroar
|-damage|p2a: Incineroar|0 fnt
|faint|p2a: Incineroar
|-damage|p1a: Raichu|91/100|[from] item: Life Orb
|
|upkeep
|
|t:|1759059583
|switch|p2a: Gengar|Gengar, F|100/100
|turn|8
|
|t:|1759059606
|-terastallize|p2a: Gengar|Ghost
|move|p1a: Raichu|Psyshock|p2a: Gengar
|-damage|p2a: Gengar|2/100
|-damage|p1a: Raichu|81/100|[from] item: Life Orb
|move|p2a: Gengar|Shadow Ball|p1a: Raichu
|-supereffective|p1a: Raichu
|-damage|p1a: Raichu|0 fnt
|faint|p1a: Raichu
|
|-fieldend|move: Electric Terrain
|upkeep
|
|t:|1759059618
|switch|p1a: Pawmot|Pawmot, M|100/100
|turn|9
|
|t:|1759059622
|move|p2a: Gengar|Shadow Ball|p1a: Pawmot
|-damage|p1a: Pawmot|0 fnt
|faint|p1a: Pawmot
|
|upkeep
|
|t:|1759059626
|switch|p1a: Pincurchin|Pincurchin, F|100/100
|-fieldstart|move: Electric Terrain|[from] ability: Electric Surge|[of] p1a: Pincurchin
|turn|10
|
|t:|1759059637
|move|p1a: Pincurchin|Sucker Punch|p2a: Gengar
|-supereffective|p2a: Gengar
|-damage|p2a: Gengar|0 fnt
|faint|p2a: Gengar
|
|upkeep
|
|t:|1759059646
|switch|p2a: Hitmontop|Hitmontop, M|100/100
|-ability|p2a: Hitmontop|Intimidate|boost
|-unboost|p1a: Pincurchin|atk|1
|turn|11
|
|t:|1759059655
|move|p2a: Hitmontop|Ice Spinner|p1a: Pincurchin
|-damage|p1a: Pincurchin|84/100
|-fieldend|move: Electric Terrain
|move|p1a: Pincurchin|Thunder Wave|p2a: Hitmontop|[miss]
|-miss|p1a: Pincurchin|p2a: Hitmontop
|
|-sideend|p1: obezer|Reflect
|upkeep
|turn|12
|
|t:|1759059670
|switch|p1a: Hawlucha|Hawlucha, M|100/100
|move|p2a: Hitmontop|Ice Spinner|p1a: Hawlucha
|-supereffective|p1a: Hawlucha
|-damage|p1a: Hawlucha|19/100
|
|upkeep
|turn|13
|-message|obezer forfeited.
|
|win|victory 4 u
|raw|obezer's rating: 1134 &rarr; <strong>1109</strong><br />(-25 for losing)
|raw|victory 4 u's rating: 1128 &rarr; <strong>1153</strong><br />(+25 for winning)
|l|☆obezer
|player|p1|
