|j|☆Kukuryuk
|j|☆forgettablealex
|t:|1758948383
|gametype|singles
|player|p1|Kukuryuk|worker-gen4|1070
|player|p2|forgettablealex|102|1079
|gen|9
|tier|[Gen 9] OU
|rated|
|rule|HP Percentage Mod: HP is shown in percentages
|rule|Endless Battle Clause: Forcing endless battles is banned
|rule|Species Clause: Limit one of each Pokémon
|rule|OHKO Clause: OHKO moves are banned
|rule|Evasion Items Clause: Evasion items are banned
|rule|Evasion Moves Clause: Evasion moves are banned
|rule|Evasion Abilities Clause: Evasion abilities are banned
|rule|Sleep Moves Clause: Sleep-inducing moves are banned
|clearpoke
|poke|p1|Scizor, M|
|poke|p1|Gliscor, M|
|poke|p1|Raging Bolt|
|poke|p1|Ogerpon, F|
|poke|p1|Garganacl, F|
|poke|p1|Armarouge, M|
|poke|p2|Gliscor, F|
|poke|p2|Grafaiai, M|
|poke|p2|Zoroark-Hisui, M|
|poke|p2|Weavile, M|
|poke|p2|Bastiodon, M|
|poke|p2|Reuniclus, M|
|teampreview
|inactive|Battle timer is ON: inactive players will automatically lose when time's up. (requested by Kukuryuk)
|
|t:|1758948435
|teamsize|p1|6
|teamsize|p2|6
|start
|switch|p1a: Garganacl|Garganacl, F|100/100
|switch|p2a: Grafaiai|Grafaiai, M|100/100
|turn|1
|
|t:|1758948445
|move|p2a: Grafaiai|Switcheroo|p1a: Garganacl
|-activate|p2a: Grafaiai|move: Trick|[of] p1a: Garganacl
|-item|p1a: Garganacl|Flame Orb|[from] move: Switcheroo
|-item|p2a: Grafaiai|Leftovers|[from] move: Switcheroo
|move|p1a: Garganacl|Salt Cure|p2a: Grafaiai
|-damage|p2a: Grafaiai|74/100
|-start|p2a: Grafaiai|Salt Cure
|
|-heal|p2a: Grafaiai|80/100|[from] item: Leftovers
|-damage|p2a: Grafaiai|68/100|[from] Salt Cure
|upkeep
|turn|2
|
|t:|1758948462
|move|p2a: Grafaiai|Parting Shot|p1a: Garganacl
|-unboost|p1a: Garganacl|atk|1
|-unboost|p1a: Garganacl|spa|1
|
|t:|1758948470
|switch|p2a: Gliscor|Gliscor, F, shiny|100/100|[from] Parting Shot
|move|p1a: Garganacl|Heavy Slam|p2a: Gliscor
|-damage|p2a: Gliscor|77/100
|
|-status|p2a: Gliscor|tox|[from] item: Toxic Orb
|upkeep
|turn|3
|
|t:|1758948479
|move|p2a: Gliscor|Swords Dance|p2a: Gliscor
|-boost|p2a: Gliscor|atk|2
|move|p1a: Garganacl|Salt Cure|p2a: Gliscor
|-damage|p2a: Gliscor|66/100 tox
|-start|p2a: Gliscor|Salt Cure
|
|-heal|p2a: Gliscor|79/100 tox|[from] ability: Poison Heal
|-damage|p2a: Gliscor|66/100 tox|[from] Salt Cure
|upkeep
|turn|4
|
|t:|1758948499
|move|p1a: Garganacl|Protect|p1a: Garganacl
|-singleturn|p1a: Garganacl|Protect
|move|p2a: Gliscor|Earthquake|p1a: Garganacl
|-activate|p1a: Garganacl|move: Protect
|
|-heal|p2a: Gliscor|79/100 tox|[from] ability: Poison Heal
|-damage|p2a: Gliscor|66/100 tox|[from] Salt Cure
|upkeep
|turn|5
|
|t:|1758948511
|switch|p1a: Gliscor|Gliscor, M|100/100
|move|p2a: Gliscor|Facade|p1a: Gliscor
|-crit|p1a: Gliscor
|-damage|p1a: Gliscor|0 fnt
|faint|p1a: Gliscor
|
|-heal|p2a: Gliscor|79/100 tox|[from] ability: Poison Heal
|-damage|p2a: Gliscor|66/100 tox|[from] Salt Cure
|upkeep
|inactive|Kukuryuk has 120 seconds left.
|
|t:|1758948531
|switch|p1a: Ogerpon|Ogerpon, F|100/100
|turn|6
|
|t:|1758948537
|-terastallize|p1a: Ogerpon|Grass
|detailschange|p1a: Ogerpon|Ogerpon-Teal-Tera, F, tera:Grass
|-ability|p1a: Ogerpon|Embody Aspect (Teal)|boost
|-boost|p1a: Ogerpon|spe|1
|move|p2a: Gliscor|Protect|p2a: Gliscor
|-singleturn|p2a: Gliscor|Protect
|move|p1a: Ogerpon|Ivy Cudgel|p2a: Gliscor
|-activate|p2a: Gliscor|move: Protect
|
|-heal|p2a: Gliscor|79/100 tox|[from] ability: Poison Heal
|-damage|p2a: Gliscor|66/100 tox|[from] Salt Cure
|upkeep
|turn|7
|
|t:|1758948551
|move|p1a: Ogerpon|Ivy Cudgel|p2a: Gliscor
|-damage|p2a: Gliscor|2/100 tox
|move|p2a: Gliscor|Facade|p1a: Ogerpon
|-damage|p1a: Ogerpon|6/100
|
|-heal|p2a: Gliscor|14/100 tox|[from] ability: Poison Heal
|-damage|p2a: Gliscor|2/100 tox|[from] Salt Cure
|upkeep
|turn|8
|
|t:|1758948563
|move|p1a: Ogerpon|Horn Leech|p2a: Gliscor
|-damage|p2a: Gliscor|0 fnt
|-heal|p1a: Ogerpon|7/100|[from] drain|[of] p2a: Gliscor
|faint|p2a: Gliscor
|
|upkeep
|
|t:|1758948572
|switch|p2a: Grafaiai|Grafaiai, M|100/100
|turn|9
|
|t:|1758948589
|switch|p1a: Garganacl|Garganacl, F|100/100
|move|p2a: Grafaiai|Sludge Bomb|p1a: Garganacl
|-resisted|p1a: Garganacl
|-damage|p1a: Garganacl|79/100
|-damage|p2a: Grafaiai|91/100|[from] item: Life Orb
|
|upkeep
|turn|10
|
|t:|1758948601
|move|p2a: Grafaiai|Nasty Plot|p2a: Grafaiai
|-boost|p2a: Grafaiai|spa|2
|move|p1a: Garganacl|Salt Cure|p2a: Grafaiai
|-damage|p2a: Grafaiai|54/100
|-start|p2a: Grafaiai|Salt Cure
|replace|p2a: Zoroark|Zoroark-Hisui, M
|-end|p2a: Zoroark|Illusion
|
|-damage|p2a: Zoroark|42/100|[from] Salt Cure
|upkeep
|turn|11
|
|t:|1758948616
|move|p2a: Zoroark|Flamethrower|p1a: Garganacl
|-resisted|p1a: Garganacl
|-damage|p1a: Garganacl|43/100
|-damage|p2a: Zoroark|32/100|[from] item: Life Orb
|move|p1a: Garganacl|Recover|p1a: Garganacl
|-heal|p1a: Garganacl|93/100
|
|-damage|p2a: Zoroark|20/100|[from] Salt Cure
|upkeep
|turn|12
|
|t:|1758948627
|switch|p2a: Grafaiai|Grafaiai, M|68/100
|move|p1a: Garganacl|Salt Cure|p2a: Grafaiai
|-damage|p2a: Grafaiai|41/100
|-start|p2a: Grafaiai|Salt Cure
|
|-heal|p2a: Grafaiai|47/100|[from] item: Leftovers
|-damage|p2a: Grafaiai|35/100|[from] Salt Cure
|upkeep
|turn|13
|
|t:|1758948639
|move|p2a: Grafaiai|Taunt|p1a: Garganacl
|-start|p1a: Garganacl|move: Taunt
|move|p1a: Garganacl|Salt Cure|p2a: Grafaiai
|-damage|p2a: Grafaiai|8/100
|
|-heal|p2a: Grafaiai|14/100|[from] item: Leftovers
|-damage|p2a: Grafaiai|2/100|[from] Salt Cure
|upkeep
|turn|14
|
|t:|1758948650
|move|p2a: Grafaiai|Parting Shot|p1a: Garganacl
|-unboost|p1a: Garganacl|atk|1
|-unboost|p1a: Garganacl|spa|1
|
|t:|1758948655
|switch|p2a: Reuniclus|Reuniclus, M|100/100|[from] Parting Shot
|move|p1a: Garganacl|Salt Cure|p2a: Reuniclus
|-damage|p2a: Reuniclus|90/100
|-start|p2a: Reuniclus|Salt Cure
|
|-heal|p2a: Reuniclus|96/100|[from] item: Leftovers
|upkeep
|turn|15
|
|t:|1758948672
|switch|p1a: Scizor|Scizor, M|100/100
|move|p2a: Reuniclus|Calm Mind|p2a: Reuniclus
|-boost|p2a: Reuniclus|spa|1
|-boost|p2a: Reuniclus|spd|1
|
|-heal|p2a: Reuniclus|100/100|[from] item: Leftovers
|upkeep
|turn|16
|
|t:|1758948683
|-terastallize|p2a: Reuniclus|Fighting
|move|p1a: Scizor|Swords Dance|p1a: Scizor
|-boost|p1a: Scizor|atk|2
|move|p2a: Reuniclus|Tera Blast|p1a: Scizor|[anim] Tera Blast Fighting
|-damage|p1a: Scizor|14/100
|
|upkeep
|turn|17
|
|t:|1758948692
|move|p1a: Scizor|Dual Wingbeat|p2a: Reuniclus
|-supereffective|p2a: Reuniclus
|-damage|p2a: Reuniclus|1/100
|-supereffective|p2a: Reuniclus
|-damage|p2a: Reuniclus|0 fnt
|faint|p2a: Reuniclus
|-hitcount|p2: Reuniclus|2
|-damage|p1a: Scizor|4/100|[from] item: Life Orb
|
|upkeep
|
|t:|1758948703
|switch|p2a: Bastiodon|Bastiodon, M|100/100
|turn|18
|
|t:|1758948708
|move|p1a: Scizor|Bullet Punch|p2a: Bastiodon
|-crit|p2a: Bastiodon
|-damage|p2a: Bastiodon|42/100
|-damage|p1a: Scizor|0 fnt|[from] item: Rocky Helmet|[of] p2a: Bastiodon
|faint|p1a: Scizor
|move|p2a: Bastiodon|Stealth Rock|p1: Scizor
|-sidestart|p1: Kukuryuk|move: Stealth Rock
|
|upkeep
|
|t:|1758948723
|switch|p1a: Armarouge|Armarouge, M|100/100
|turn|19
|
|t:|1758948728
|move|p1a: Armarouge|Aura Sphere|p2a: Bastiodon
|-supereffective|p2a: Bastiodon
|-damage|p2a: Bastiodon|0 fnt
|faint|p2a: Bastiodon
|
|upkeep
|
|t:|1758948740
|switch|p2a: Grafaiai|Grafaiai, M|2/100
|turn|20
|
|t:|1758948752
|move|p2a: Grafaiai|Switcheroo|p1a: Armarouge
|-activate|p2a: Grafaiai|move: Trick|[of] p1a: Armarouge
|-item|p1a: Armarouge|Leftovers|[from] move: Switcheroo
|-item|p2a: Grafaiai|Heavy-Duty Boots|[from] move: Switcheroo
|move|p1a: Armarouge|Armor Cannon|p2a: Grafaiai
|-damage|p2a: Grafaiai|0 fnt
|-unboost|p1a: Armarouge|def|1
|-unboost|p1a: Armarouge|spd|1
|faint|p2a: Grafaiai
|
|upkeep
|
|t:|1758948766
|switch|p2a: Weavile|Weavile, M|100/100
|-ability|p2a: Weavile|Pressure
|turn|21
|
|t:|1758948778
|switch|p1a: Garganacl|Garganacl, F|93/100
|-damage|p1a: Garganacl|81/100|[from] Stealth Rock
|move|p2a: Weavile|Knock Off|p1a: Garganacl
|-damage|p1a: Garganacl|43/100
|-enditem|p1a: Garganacl|Flame Orb|[from] move: Knock Off|[of] p2a: Weavile
|-damage|p2a: Weavile|91/100|[from] item: Life Orb
|
|upkeep
|turn|22
|
|t:|1758948788
|move|p2a: Weavile|Triple Axel|p1a: Garganacl
|-damage|p1a: Garganacl|35/100
|-damage|p1a: Garganacl|20/100
|-damage|p1a: Garganacl|0 fnt
|faint|p1a: Garganacl
|-hitcount|p1: Garganacl|3
|-damage|p2a: Weavile|81/100|[from] item: Life Orb
|
|upkeep
|
|t:|1758948797
|switch|p1a: Raging Bolt|Raging Bolt|100/100
|-damage|p1a: Raging Bolt|88/100|[from] Stealth Rock
|turn|23
|
|t:|1758948804
|switch|p2a: Weavile|Weavile, M|20/100
|move|p1a: Raging Bolt|Thunderclap||[still]
|-fail|p1a: Raging Bolt
|
|-heal|p1a: Raging Bolt|94/100|[from] item: Leftovers
|upkeep
|turn|24
|
|t:|1758948813
|move|p1a: Raging Bolt|Thunderclap|p2a: Weavile
|-crit|p2a: Weavile
|-damage|p2a: Weavile|0 fnt
|replace|p2a: Zoroark|Zoroark-Hisui, M
|-end|p2a: Zoroark|Illusion
|faint|p2a: Zoroark
|
|-heal|p1a: Raging Bolt|100/100|[from] item: Leftovers
|upkeep
|
|t:|1758948820
|switch|p2a: Weavile|Weavile, M|81/100
|-ability|p2a: Weavile|Pressure
|turn|25
|
|t:|1758948826
|move|p2a: Weavile|Triple Axel|p1a: Raging Bolt
|-supereffective|p1a: Raging Bolt
|-damage|p1a: Raging Bolt|79/100
|-supereffective|p1a: Raging Bolt
|-damage|p1a: Raging Bolt|38/100
|-supereffective|p1a: Raging Bolt
|-damage|p1a: Raging Bolt|0 fnt
|faint|p1a: Raging Bolt
|-end|p1a: Raging Bolt|Protosynthesis|[silent]
|-hitcount|p1: Raging Bolt|3
|-damage|p2a: Weavile|71/100|[from] item: Life Orb
|
|upkeep
|
|t:|1758948839
|switch|p1a: Ogerpon|Ogerpon-Teal-Tera, F, tera:Grass|7/100
|-ability|p1a: Ogerpon|Embody Aspect (Teal)|boost
|-boost|p1a: Ogerpon|spe|1
|turn|26
|
|t:|1758948847
|move|p1a: Ogerpon|Play Rough|p2a: Weavile
|-supereffective|p2a: Weavile
|-damage|p2a: Weavile|0 fnt
|faint|p2a: Weavile
|
|win|Kukuryuk
|raw|Kukuryuk's rating: 1070 &rarr; <strong>1100</strong><br />(+30 for winning)
|raw|forgettablealex's rating: 1079 &rarr; <strong>1057</strong><br />(-22 for losing)
|l|☆forgettablealex
|player|p2|
|l|☆Kukuryuk
|player|p1|
