|j|☆M.C.9
|j|☆ebon51
|t:|1758983797
|gametype|singles
|player|p1|M.C.9|n|1294
|player|p2|ebon51|hilbert|1264
|gen|9
|tier|[Gen 9] OU
|rated|
|rule|HP Percentage Mod: HP is shown in percentages
|rule|Endless Battle Clause: Forcing endless battles is banned
|rule|Species Clause: Limit one of each Pokémon
|rule|OHKO Clause: OHKO moves are banned
|rule|Evasion Items Clause: Evasion items are banned
|rule|Evasion Moves Clause: Evasion moves are banned
|rule|Evasion Abilities Clause: Evasion abilities are banned
|rule|Sleep Moves Clause: Sleep-inducing moves are banned
|clearpoke
|poke|p1|Ogerpon-Cornerstone, F|
|poke|p1|Meowscarada, F|
|poke|p1|Rillaboom, M|
|poke|p1|Iron Leaves|
|poke|p1|Rotom-Mow|
|poke|p1|Hydrapple, F|
|poke|p2|Enamorus, F|
|poke|p2|Iron Moth|
|poke|p2|Hatterene, F|
|poke|p2|Pecharunt|
|poke|p2|Dragonite, F|
|poke|p2|Iron Treads|
|teampreview
|inactive|Battle timer is ON: inactive players will automatically lose when time's up. (requested by M.C.9)
|
|t:|1758983818
|teamsize|p1|6
|teamsize|p2|6
|start
|switch|p1a: Meowscarada|Meowscarada, F|100/100
|switch|p2a: Pecharunt|Pecharunt|100/100
|turn|1
|
|t:|1758983833
|move|p1a: Meowscarada|Knock Off|p2a: Pecharunt
|-start|p1a: Meowscarada|typechange|Dark|[from] ability: Protean
|-supereffective|p2a: Pecharunt
|-damage|p2a: Pecharunt|45/100
|-enditem|p2a: Pecharunt|Heavy-Duty Boots|[from] move: Knock Off|[of] p1a: Meowscarada
|move|p2a: Pecharunt|Malignant Chain|p1a: Meowscarada
|-damage|p1a: Meowscarada|50/100
|
|upkeep
|turn|2
|
|t:|1758983847
|move|p1a: Meowscarada|Knock Off|p2a: Pecharunt
|-supereffective|p2a: Pecharunt
|-damage|p2a: Pecharunt|9/100
|move|p2a: Pecharunt|Recover|p2a: Pecharunt
|-heal|p2a: Pecharunt|59/100
|
|upkeep
|turn|3
|
|t:|1758983855
|move|p1a: Meowscarada|Knock Off|p2a: Pecharunt
|-supereffective|p2a: Pecharunt
|-crit|p2a: Pecharunt
|-damage|p2a: Pecharunt|6/100
|move|p2a: Pecharunt|Recover|p2a: Pecharunt
|-heal|p2a: Pecharunt|56/100
|
|upkeep
|turn|4
|inactive|M.C.9 has 120 seconds left.
|
|t:|1758983892
|switch|p1a: Rillaboom|Rillaboom, M|100/100
|-fieldstart|move: Grassy Terrain|[from] ability: Grassy Surge|[of] p1a: Rillaboom
|move|p2a: Pecharunt|Recover|p2a: Pecharunt
|-heal|p2a: Pecharunt|100/100
|
|upkeep
|turn|5
|inactive|M.C.9 has 120 seconds left.
|
|t:|1758983904
|move|p2a: Pecharunt|Parting Shot|p1a: Rillaboom
|-unboost|p1a: Rillaboom|atk|1
|-unboost|p1a: Rillaboom|spa|1
|
|t:|1758983920
|switch|p2a: Iron Moth|Iron Moth|100/100|[from] Parting Shot
|-enditem|p2a: Iron Moth|Booster Energy
|-activate|p2a: Iron Moth|ability: Quark Drive|[fromitem]
|-start|p2a: Iron Moth|quarkdrivespe
|move|p1a: Rillaboom|High Horsepower|p2a: Iron Moth
|-supereffective|p2a: Iron Moth
|-damage|p2a: Iron Moth|0 fnt
|faint|p2a: Iron Moth
|-end|p2a: Iron Moth|Quark Drive|[silent]
|
|upkeep
|inactive|ebon51 has 120 seconds left.
|
|t:|1758983938
|switch|p2a: Dragonite|Dragonite, F|100/100
|turn|6
|
|t:|1758983942
|move|p1a: Rillaboom|Knock Off|p2a: Dragonite
|-crit|p2a: Dragonite
|-damage|p2a: Dragonite|70/100
|-enditem|p2a: Dragonite|Choice Band|[from] move: Knock Off|[of] p1a: Rillaboom
|move|p2a: Dragonite|Ice Spinner|p1a: Rillaboom
|-supereffective|p1a: Rillaboom
|-damage|p1a: Rillaboom|30/100
|-fieldend|move: Grassy Terrain
|
|upkeep
|turn|7
|inactive|M.C.9 has 120 seconds left.
|
|t:|1758983980
|move|p2a: Dragonite|Extreme Speed|p1a: Rillaboom
|-damage|p1a: Rillaboom|0 fnt
|faint|p1a: Rillaboom
|
|upkeep
|
|t:|1758983986
|switch|p1a: Meowscarada|Meowscarada, F|50/100
|turn|8
|
|t:|1758983994
|-terastallize|p2a: Dragonite|Normal
|move|p2a: Dragonite|Extreme Speed|p1a: Meowscarada
|-crit|p1a: Meowscarada
|-damage|p1a: Meowscarada|0 fnt
|faint|p1a: Meowscarada
|
|upkeep
|inactive|M.C.9 has 120 seconds left.
|
|t:|1758984022
|switch|p1a: Ogerpon|Ogerpon-Cornerstone, F|100/100
|turn|9
|
|t:|1758984040
|switch|p2a: Iron Treads|Iron Treads|100/100
|-enditem|p2a: Iron Treads|Booster Energy
|-activate|p2a: Iron Treads|ability: Quark Drive|[fromitem]
|-start|p2a: Iron Treads|quarkdrivespe
|move|p1a: Ogerpon|Swords Dance|p1a: Ogerpon
|-boost|p1a: Ogerpon|atk|2
|
|upkeep
|turn|10
|
|t:|1758984060
|move|p2a: Iron Treads|Steel Beam|p1a: Ogerpon
|-supereffective|p1a: Ogerpon
|-ability|p1a: Ogerpon|Sturdy
|-damage|p1a: Ogerpon|1/100
|-damage|p2a: Iron Treads|50/100|[from] steelbeam
|move|p1a: Ogerpon|Horn Leech|p2a: Iron Treads
|-damage|p2a: Iron Treads|0 fnt
|-heal|p1a: Ogerpon|27/100|[from] drain|[of] p2a: Iron Treads
|faint|p2a: Iron Treads
|-end|p2a: Iron Treads|Quark Drive|[silent]
|
|upkeep
|
|t:|1758984072
|switch|p2a: Dragonite|Dragonite, F, tera:Normal|70/100
|turn|11
|
|t:|1758984077
|move|p2a: Dragonite|Extreme Speed|p1a: Ogerpon
|-resisted|p1a: Ogerpon
|-damage|p1a: Ogerpon|0 fnt
|faint|p1a: Ogerpon
|
|upkeep
|inactive|M.C.9 has 120 seconds left.
|
|t:|1758984111
|switch|p1a: Rotom|Rotom-Mow|100/100
|turn|12
|
|t:|1758984120
|switch|p2a: Pecharunt|Pecharunt|100/100
|-terastallize|p1a: Rotom|Steel
|move|p1a: Rotom|Nasty Plot|p1a: Rotom
|-boost|p1a: Rotom|spa|2
|
|upkeep
|turn|13
|
|t:|1758984132
|move|p2a: Pecharunt|Parting Shot|p1a: Rotom
|-unboost|p1a: Rotom|atk|1
|-unboost|p1a: Rotom|spa|1
|
|t:|1758984136
|switch|p2a: Enamorus|Enamorus, F|100/100|[from] Parting Shot
|move|p1a: Rotom|Thunderbolt|p2a: Enamorus
|-supereffective|p2a: Enamorus
|-damage|p2a: Enamorus|0 fnt
|faint|p2a: Enamorus
|
|upkeep
|
|t:|1758984149
|switch|p2a: Pecharunt|Pecharunt|100/100
|turn|14
|
|t:|1758984153
|move|p2a: Pecharunt|Parting Shot|p1a: Rotom
|-unboost|p1a: Rotom|atk|1
|-unboost|p1a: Rotom|spa|1
|
|t:|1758984156
|switch|p2a: Hatterene|Hatterene, F|100/100|[from] Parting Shot
|move|p1a: Rotom|Nasty Plot|p1a: Rotom
|-boost|p1a: Rotom|spa|2
|
|upkeep
|turn|15
|
|t:|1758984169
|move|p1a: Rotom|Thunderbolt|p2a: Hatterene
|-damage|p2a: Hatterene|36/100
|-enditem|p2a: Hatterene|Eject Button
|
|t:|1758984184
|switch|p2a: Pecharunt|Pecharunt|100/100
|
|upkeep
|turn|16
|
|t:|1758984196
|move|p2a: Pecharunt|Parting Shot|p1a: Rotom
|-unboost|p1a: Rotom|atk|1
|-unboost|p1a: Rotom|spa|1
|
|t:|1758984204
|switch|p2a: Hatterene|Hatterene, F|36/100|[from] Parting Shot
|move|p1a: Rotom|Thunderbolt|p2a: Hatterene
|-damage|p2a: Hatterene|0 fnt
|faint|p2a: Hatterene
|
|upkeep
|
|t:|1758984212
|switch|p2a: Dragonite|Dragonite, F, tera:Normal|70/100
|turn|17
|
|t:|1758984218
|move|p1a: Rotom|Thunderbolt|p2a: Dragonite
|-damage|p2a: Dragonite|16/100
|move|p2a: Dragonite|Fire Punch|p1a: Rotom
|-supereffective|p1a: Rotom
|-damage|p1a: Rotom|39/100
|
|-heal|p1a: Rotom|46/100|[from] item: Leftovers
|upkeep
|turn|18
|
|t:|1758984226
|move|p2a: Dragonite|Extreme Speed|p1a: Rotom
|-resisted|p1a: Rotom
|-damage|p1a: Rotom|20/100
|move|p1a: Rotom|Thunderbolt|p2a: Dragonite
|-damage|p2a: Dragonite|0 fnt
|faint|p2a: Dragonite
|
|-heal|p1a: Rotom|26/100|[from] item: Leftovers
|upkeep
|-message|ebon51 forfeited.
|
|win|M.C.9
|raw|M.C.9's rating: 1294 &rarr; <strong>1317</strong><br />(+23 for winning)
|raw|ebon51's rating: 1264 &rarr; <strong>1241</strong><br />(-23 for losing)
|l|☆ebon51
|player|p2|
|l|☆M.C.9
|player|p1|
