|j|☆bellaisokay
|j|☆shierr
|t:|1759041776
|gametype|singles
|player|p1|bellaisokay|sabrina|1607
|player|p2|shierr|1|1787
|gen|9
|tier|[Gen 9] OU
|rated|
|rule|HP Percentage Mod: HP is shown in percentages
|rule|Endless Battle Clause: Forcing endless battles is banned
|rule|Species Clause: Limit one of each Pokémon
|rule|OHKO Clause: OHKO moves are banned
|rule|Evasion Items Clause: Evasion items are banned
|rule|Evasion Moves Clause: Evasion moves are banned
|rule|Evasion Abilities Clause: Evasion abilities are banned
|rule|Sleep Moves Clause: Sleep-inducing moves are banned
|clearpoke
|poke|p1|Landorus-Therian, M|
|poke|p1|Serperior, F|
|poke|p1|Greninja-*, M|
|poke|p1|Hatterene, F|
|poke|p1|Kingambit, M|
|poke|p1|Zamazenta-*|
|poke|p2|Dragapult, M|
|poke|p2|Great Tusk|
|poke|p2|Ogerpon-Wellspring, F|
|poke|p2|Moltres|
|poke|p2|Kingambit, F|
|poke|p2|Iron Treads|
|teampreview
|inactive|Battle timer is ON: inactive players will automatically lose when time's up. (requested by shierr)
|
|t:|1759041795
|teamsize|p1|6
|teamsize|p2|6
|start
|switch|p1a: Landorus|Landorus-Therian, M|100/100
|switch|p2a: Dragapult|Dragapult, M|100/100
|-ability|p1a: Landorus|Intimidate|boost
|-fail|p2a: Dragapult|unboost|[from] ability: Clear Body|[of] p2a: Dragapult
|turn|1
|
|t:|1759041800
|move|p2a: Dragapult|U-turn|p1a: Landorus
|-resisted|p1a: Landorus
|-crit|p1a: Landorus
|-damage|p1a: Landorus|77/100
|
|t:|1759041804
|switch|p2a: Great Tusk|Great Tusk|100/100|[from] U-turn
|move|p1a: Landorus|Fling|p2a: Great Tusk
|-resisted|p2a: Great Tusk
|-damage|p2a: Great Tusk|97/100
|-status|p2a: Great Tusk|par
|-enditem|p1a: Landorus|Light Ball|[from] move: Fling
|
|-heal|p2a: Great Tusk|100/100 par|[from] item: Leftovers
|upkeep
|turn|2
|
|t:|1759041814
|move|p1a: Landorus|U-turn|p2a: Great Tusk
|-resisted|p2a: Great Tusk
|-damage|p2a: Great Tusk|92/100 par
|
|t:|1759041815
|switch|p1a: Hatterene|Hatterene, F|100/100|[from] U-turn
|cant|p2a: Great Tusk|par
|
|-heal|p2a: Great Tusk|99/100 par|[from] item: Leftovers
|upkeep
|turn|3
|
|t:|1759041820
|-end|p2a: Great Tusk|Protosynthesis|[silent]
|switch|p2a: Iron Treads|Iron Treads|100/100
|move|p1a: Hatterene|Psychic Noise|p2a: Iron Treads
|-resisted|p2a: Iron Treads
|-damage|p2a: Iron Treads|92/100
|-start|p2a: Iron Treads|move: Heal Block
|
|upkeep
|turn|4
|
|t:|1759041824
|switch|p1a: Landorus|Landorus-Therian, M|77/100
|-ability|p1a: Landorus|Intimidate|boost
|-unboost|p2a: Iron Treads|atk|1
|move|p2a: Iron Treads|Knock Off|p1a: Landorus
|-damage|p1a: Landorus|66/100
|
|-end|p2a: Iron Treads|move: Heal Block
|upkeep
|turn|5
|
|t:|1759041829
|switch|p1a: Hatterene|Hatterene, F|100/100
|-end|p2a: Iron Treads|Quark Drive|[silent]
|switch|p2a: Great Tusk|Great Tusk|99/100 par
|
|-heal|p2a: Great Tusk|100/100 par|[from] item: Leftovers
|upkeep
|turn|6
|
|t:|1759041834
|-end|p2a: Great Tusk|Protosynthesis|[silent]
|switch|p2a: Iron Treads|Iron Treads|92/100
|move|p1a: Hatterene|Draining Kiss|p2a: Iron Treads
|-resisted|p2a: Iron Treads
|-damage|p2a: Iron Treads|86/100
|
|upkeep
|turn|7
|
|t:|1759041837
|-end|p2a: Iron Treads|Quark Drive|[silent]
|switch|p2a: Great Tusk|Great Tusk|100/100 par
|switch|p1a: Landorus|Landorus-Therian, M|66/100
|-ability|p1a: Landorus|Intimidate|boost
|-unboost|p2a: Great Tusk|atk|1
|
|upkeep
|turn|8
|
|t:|1759041844
|move|p1a: Landorus|U-turn|p2a: Great Tusk
|-resisted|p2a: Great Tusk
|-damage|p2a: Great Tusk|92/100 par
|
|t:|1759041845
|switch|p1a: Hatterene|Hatterene, F|100/100|[from] U-turn
|move|p2a: Great Tusk|Earthquake|p1a: Hatterene
|-damage|p1a: Hatterene|69/100
|
|-heal|p2a: Great Tusk|98/100 par|[from] item: Leftovers
|-heal|p1a: Hatterene|75/100|[from] item: Leftovers
|upkeep
|turn|9
|
|t:|1759041852
|-end|p2a: Great Tusk|Protosynthesis|[silent]
|switch|p2a: Kingambit|Kingambit, F|100/100
|move|p1a: Hatterene|Draining Kiss|p2a: Kingambit
|-damage|p2a: Kingambit|78/100
|-heal|p1a: Hatterene|97/100|[from] drain|[of] p2a: Kingambit
|
|-heal|p2a: Kingambit|84/100|[from] item: Leftovers
|-heal|p1a: Hatterene|100/100|[from] item: Leftovers
|upkeep
|turn|10
|
|t:|1759041867
|switch|p1a: Landorus|Landorus-Therian, M|66/100
|-ability|p1a: Landorus|Intimidate|boost
|-unboost|p2a: Kingambit|atk|1
|move|p2a: Kingambit|Iron Head|p1a: Landorus
|-damage|p1a: Landorus|34/100
|
|-heal|p2a: Kingambit|91/100|[from] item: Leftovers
|upkeep
|turn|11
|j| LuLuNaNaRaRa
|
|t:|1759041883
|-end|p2a: Kingambit|fallenundefined|[silent]
|switch|p2a: Great Tusk|Great Tusk|98/100 par
|move|p1a: Landorus|Earthquake|p2a: Great Tusk
|-damage|p2a: Great Tusk|61/100 par
|
|-heal|p2a: Great Tusk|67/100 par|[from] item: Leftovers
|upkeep
|turn|12
|
|t:|1759041887
|move|p1a: Landorus|Earthquake|p2a: Great Tusk
|-damage|p2a: Great Tusk|31/100 par
|move|p2a: Great Tusk|Ice Spinner|p1a: Landorus
|-supereffective|p1a: Landorus
|-damage|p1a: Landorus|0 fnt
|faint|p1a: Landorus
|
|-heal|p2a: Great Tusk|37/100 par|[from] item: Leftovers
|upkeep
|
|t:|1759041895
|switch|p1a: Serperior|Serperior, F|100/100
|turn|13
|
|t:|1759041898
|-end|p2a: Great Tusk|Protosynthesis|[silent]
|switch|p2a: Moltres|Moltres|100/100
|move|p1a: Serperior|Leaf Storm|p2a: Moltres
|-resisted|p2a: Moltres
|-damage|p2a: Moltres|91/100
|-boost|p1a: Serperior|spa|2
|
|upkeep
|turn|14
|
|t:|1759041901
|move|p1a: Serperior|Light Screen|p1a: Serperior
|-sidestart|p1: bellaisokay|move: Light Screen
|move|p2a: Moltres|U-turn|p1a: Serperior
|-supereffective|p1a: Serperior
|-damage|p1a: Serperior|72/100
|
|t:|1759041905
|switch|p2a: Dragapult|Dragapult, M|100/100|[from] U-turn
|
|upkeep
|turn|15
|
|t:|1759041909
|switch|p1a: Hatterene|Hatterene, F|100/100
|move|p2a: Dragapult|U-turn|p1a: Hatterene
|-damage|p1a: Hatterene|73/100
|
|t:|1759041915
|switch|p2a: Kingambit|Kingambit, F|91/100|[from] U-turn
|
|-heal|p2a: Kingambit|97/100|[from] item: Leftovers
|-heal|p1a: Hatterene|79/100|[from] item: Leftovers
|upkeep
|turn|16
|
|t:|1759041926
|switch|p1a: Zamazenta|Zamazenta|100/100
|-ability|p1a: Zamazenta|Dauntless Shield|boost
|-boost|p1a: Zamazenta|def|1
|move|p2a: Kingambit|Iron Head|p1a: Zamazenta
|-damage|p1a: Zamazenta|79/100
|
|-heal|p1a: Zamazenta|86/100|[from] item: Leftovers
|-heal|p2a: Kingambit|100/100|[from] item: Leftovers
|upkeep
|turn|17
|
|t:|1759041932
|switch|p1a: Serperior|Serperior, F|72/100
|-end|p2a: Kingambit|fallenundefined|[silent]
|switch|p2a: Moltres|Moltres|91/100
|
|upkeep
|turn|18
|
|t:|1759041935
|move|p1a: Serperior|Glare|p2a: Moltres
|-status|p2a: Moltres|par
|cant|p2a: Moltres|par
|
|upkeep
|turn|19
|
|t:|1759041938
|move|p1a: Serperior|Reflect|p1a: Serperior
|-sidestart|p1: bellaisokay|Reflect
|move|p2a: Moltres|U-turn|p1a: Serperior
|-supereffective|p1a: Serperior
|-damage|p1a: Serperior|59/100
|
|t:|1759041947
|switch|p2a: Dragapult|Dragapult, M|100/100|[from] U-turn
|
|upkeep
|turn|20
|
|t:|1759041953
|move|p2a: Dragapult|U-turn|p1a: Serperior
|-supereffective|p1a: Serperior
|-damage|p1a: Serperior|25/100
|
|t:|1759041956
|switch|p2a: Moltres|Moltres|91/100 par|[from] U-turn
|move|p1a: Serperior|Glare|p2a: Moltres
|-fail|p2a: Moltres|par
|
|upkeep
|turn|21
|
|t:|1759041959
|switch|p1a: Greninja|Greninja, M|100/100
|move|p2a: Moltres|U-turn|p1a: Greninja
|-supereffective|p1a: Greninja
|-damage|p1a: Greninja|77/100
|
|t:|1759041963
|switch|p2a: Dragapult|Dragapult, M|100/100|[from] U-turn
|
|-sideend|p1: bellaisokay|move: Light Screen
|upkeep
|turn|22
|
|t:|1759041970
|move|p2a: Dragapult|U-turn|p1a: Greninja
|-supereffective|p1a: Greninja
|-damage|p1a: Greninja|18/100
|
|t:|1759041973
|switch|p2a: Ogerpon|Ogerpon-Wellspring, F|100/100|[from] U-turn
|move|p1a: Greninja|Hydro Pump|p2a: Ogerpon
|-immune|p2a: Ogerpon|[from] ability: Water Absorb
|
|upkeep
|turn|23
|
|t:|1759041977
|move|p2a: Ogerpon|Ivy Cudgel|p1a: Greninja|[anim] Ivy Cudgel Water
|-resisted|p1a: Greninja
|-damage|p1a: Greninja|0 fnt
|faint|p1a: Greninja
|
|upkeep
|
|t:|1759041986
|switch|p1a: Zamazenta|Zamazenta|86/100
|turn|24
|
|t:|1759041990
|switch|p2a: Moltres|Moltres|91/100 par
|move|p1a: Zamazenta|Substitute|p1a: Zamazenta
|-start|p1a: Zamazenta|Substitute
|-damage|p1a: Zamazenta|61/100
|
|-heal|p1a: Zamazenta|67/100|[from] item: Leftovers
|upkeep
|turn|25
|
|t:|1759041993
|move|p1a: Zamazenta|Iron Defense|p1a: Zamazenta
|-boost|p1a: Zamazenta|def|2
|move|p2a: Moltres|Flamethrower|p1a: Zamazenta
|-end|p1a: Zamazenta|Substitute
|
|-heal|p1a: Zamazenta|73/100|[from] item: Leftovers
|upkeep
|turn|26
|
|t:|1759041996
|-terastallize|p1a: Zamazenta|Fire
|move|p1a: Zamazenta|Substitute|p1a: Zamazenta
|-start|p1a: Zamazenta|Substitute
|-damage|p1a: Zamazenta|48/100
|move|p2a: Moltres|Flamethrower|p1a: Zamazenta
|-resisted|p1a: Zamazenta
|-activate|p1a: Zamazenta|move: Substitute|[damage]
|
|-heal|p1a: Zamazenta|54/100|[from] item: Leftovers
|-sideend|p1: bellaisokay|Reflect
|upkeep
|turn|27
|
|t:|1759042004
|move|p1a: Zamazenta|Iron Defense|p1a: Zamazenta
|-boost|p1a: Zamazenta|def|2
|cant|p2a: Moltres|par
|
|-heal|p1a: Zamazenta|60/100|[from] item: Leftovers
|upkeep
|turn|28
|
|t:|1759042007
|move|p1a: Zamazenta|Body Press|p2a: Moltres
|-resisted|p2a: Moltres
|-damage|p2a: Moltres|55/100 par
|cant|p2a: Moltres|par
|
|-heal|p1a: Zamazenta|66/100|[from] item: Leftovers
|upkeep
|turn|29
|
|t:|1759042011
|move|p1a: Zamazenta|Body Press|p2a: Moltres
|-resisted|p2a: Moltres
|-damage|p2a: Moltres|17/100 par
|move|p2a: Moltres|Roost|p2a: Moltres
|-heal|p2a: Moltres|68/100 par
|-singleturn|p2a: Moltres|move: Roost
|
|-heal|p1a: Zamazenta|73/100|[from] item: Leftovers
|upkeep
|turn|30
|
|t:|1759042019
|move|p1a: Zamazenta|Iron Defense|p1a: Zamazenta
|-boost|p1a: Zamazenta|def|2
|move|p2a: Moltres|Roost|p2a: Moltres
|-heal|p2a: Moltres|100/100 par
|-singleturn|p2a: Moltres|move: Roost
|
|-heal|p1a: Zamazenta|79/100|[from] item: Leftovers
|upkeep
|turn|31
|
|t:|1759042021
|move|p1a: Zamazenta|Body Press|p2a: Moltres
|-resisted|p2a: Moltres
|-damage|p2a: Moltres|54/100 par
|move|p2a: Moltres|Flamethrower|p1a: Zamazenta
|-resisted|p1a: Zamazenta
|-end|p1a: Zamazenta|Substitute
|
|-heal|p1a: Zamazenta|85/100|[from] item: Leftovers
|upkeep
|turn|32
|
|t:|1759042024
|move|p1a: Zamazenta|Substitute|p1a: Zamazenta
|-start|p1a: Zamazenta|Substitute
|-damage|p1a: Zamazenta|60/100
|move|p2a: Moltres|Roost|p2a: Moltres
|-heal|p2a: Moltres|100/100 par
|-singleturn|p2a: Moltres|move: Roost
|
|-heal|p1a: Zamazenta|66/100|[from] item: Leftovers
|upkeep
|turn|33
|
|t:|1759042030
|switch|p2a: Dragapult|Dragapult, M|100/100
|move|p1a: Zamazenta|Body Press|p2a: Dragapult
|-immune|p2a: Dragapult
|
|-heal|p1a: Zamazenta|72/100|[from] item: Leftovers
|upkeep
|turn|34
|
|t:|1759042032
|switch|p2a: Moltres|Moltres|100/100 par
|move|p1a: Zamazenta|Crunch|p2a: Moltres
|-damage|p2a: Moltres|84/100 par
|
|-heal|p1a: Zamazenta|79/100|[from] item: Leftovers
|upkeep
|turn|35
|
|t:|1759042035
|move|p1a: Zamazenta|Body Press|p2a: Moltres
|-resisted|p2a: Moltres
|-damage|p2a: Moltres|38/100 par
|cant|p2a: Moltres|par
|
|-heal|p1a: Zamazenta|85/100|[from] item: Leftovers
|upkeep
|turn|36
|
|t:|1759042038
|move|p1a: Zamazenta|Crunch|p2a: Moltres
|-damage|p2a: Moltres|22/100 par
|move|p2a: Moltres|Roost|p2a: Moltres
|-heal|p2a: Moltres|73/100 par
|-singleturn|p2a: Moltres|move: Roost
|
|-heal|p1a: Zamazenta|91/100|[from] item: Leftovers
|upkeep
|turn|37
|
|t:|1759042041
|switch|p2a: Dragapult|Dragapult, M|100/100
|move|p1a: Zamazenta|Crunch|p2a: Dragapult
|-supereffective|p2a: Dragapult
|-damage|p2a: Dragapult|39/100
|
|-heal|p1a: Zamazenta|97/100|[from] item: Leftovers
|upkeep
|turn|38
|
|t:|1759042044
|switch|p2a: Moltres|Moltres|73/100 par
|move|p1a: Zamazenta|Crunch|p2a: Moltres
|-damage|p2a: Moltres|58/100 par
|-unboost|p2a: Moltres|def|1
|
|-heal|p1a: Zamazenta|100/100|[from] item: Leftovers
|upkeep
|turn|39
|
|t:|1759042048
|switch|p2a: Great Tusk|Great Tusk|37/100 par
|move|p1a: Zamazenta|Crunch|p2a: Great Tusk
|-resisted|p2a: Great Tusk
|-damage|p2a: Great Tusk|30/100 par
|
|-heal|p2a: Great Tusk|36/100 par|[from] item: Leftovers
|upkeep
|turn|40
|
|t:|1759042051
|move|p1a: Zamazenta|Body Press|p2a: Great Tusk
|-damage|p2a: Great Tusk|0 fnt
|faint|p2a: Great Tusk
|-end|p2a: Great Tusk|Protosynthesis|[silent]
|
|upkeep
|
|t:|1759042053
|switch|p2a: Moltres|Moltres|58/100 par
|turn|41
|
|t:|1759042056
|move|p1a: Zamazenta|Body Press|p2a: Moltres
|-resisted|p2a: Moltres
|-damage|p2a: Moltres|11/100 par
|move|p2a: Moltres|Roost|p2a: Moltres
|-heal|p2a: Moltres|61/100 par
|-singleturn|p2a: Moltres|move: Roost
|
|upkeep
|turn|42
|
|t:|1759042059
|move|p1a: Zamazenta|Crunch|p2a: Moltres
|-damage|p2a: Moltres|45/100 par
|move|p2a: Moltres|Roost|p2a: Moltres
|-heal|p2a: Moltres|95/100 par
|-singleturn|p2a: Moltres|move: Roost
|
|upkeep
|turn|43
|
|t:|1759042063
|move|p1a: Zamazenta|Crunch|p2a: Moltres
|-damage|p2a: Moltres|80/100 par
|move|p2a: Moltres|Flamethrower|p1a: Zamazenta
|-resisted|p1a: Zamazenta
|-activate|p1a: Zamazenta|move: Substitute|[damage]
|
|upkeep
|turn|44
|
|t:|1759042065
|move|p1a: Zamazenta|Crunch|p2a: Moltres
|-damage|p2a: Moltres|66/100 par
|cant|p2a: Moltres|par
|
|upkeep
|turn|45
|
|t:|1759042068
|move|p1a: Zamazenta|Crunch|p2a: Moltres
|-damage|p2a: Moltres|51/100 par
|move|p2a: Moltres|Flamethrower|p1a: Zamazenta
|-resisted|p1a: Zamazenta
|-end|p1a: Zamazenta|Substitute
|
|upkeep
|turn|46
|
|t:|1759042070
|move|p1a: Zamazenta|Substitute|p1a: Zamazenta
|-start|p1a: Zamazenta|Substitute
|-damage|p1a: Zamazenta|75/100
|move|p2a: Moltres|Roost|p2a: Moltres
|-heal|p2a: Moltres|100/100 par
|-singleturn|p2a: Moltres|move: Roost
|
|-heal|p1a: Zamazenta|82/100|[from] item: Leftovers
|upkeep
|turn|47
|
|t:|1759042072
|move|p1a: Zamazenta|Crunch|p2a: Moltres
|-damage|p2a: Moltres|86/100 par
|move|p2a: Moltres|Flamethrower|p1a: Zamazenta
|-resisted|p1a: Zamazenta
|-activate|p1a: Zamazenta|move: Substitute|[damage]
|
|-heal|p1a: Zamazenta|88/100|[from] item: Leftovers
|upkeep
|turn|48
|
|t:|1759042074
|move|p1a: Zamazenta|Crunch|p2a: Moltres
|-damage|p2a: Moltres|72/100 par
|move|p2a: Moltres|Flamethrower|p1a: Zamazenta
|-resisted|p1a: Zamazenta
|-end|p1a: Zamazenta|Substitute
|
|-heal|p1a: Zamazenta|94/100|[from] item: Leftovers
|upkeep
|turn|49
|
|t:|1759042079
|move|p1a: Zamazenta|Substitute|p1a: Zamazenta
|-start|p1a: Zamazenta|Substitute
|-damage|p1a: Zamazenta|69/100
|move|p2a: Moltres|Flamethrower|p1a: Zamazenta
|-resisted|p1a: Zamazenta
|-activate|p1a: Zamazenta|move: Substitute|[damage]
|
|-heal|p1a: Zamazenta|75/100|[from] item: Leftovers
|upkeep
|turn|50
|
|t:|1759042082
|move|p1a: Zamazenta|Crunch|p2a: Moltres
|-damage|p2a: Moltres|57/100 par
|cant|p2a: Moltres|par
|
|-heal|p1a: Zamazenta|81/100|[from] item: Leftovers
|upkeep
|turn|51
|
|t:|1759042085
|move|p1a: Zamazenta|Body Press|p2a: Moltres
|-resisted|p2a: Moltres
|-damage|p2a: Moltres|10/100 par
|cant|p2a: Moltres|par
|
|-heal|p1a: Zamazenta|88/100|[from] item: Leftovers
|upkeep
|turn|52
|
|t:|1759042090
|move|p1a: Zamazenta|Crunch|p2a: Moltres
|-damage|p2a: Moltres|0 fnt
|faint|p2a: Moltres
|
|-heal|p1a: Zamazenta|94/100|[from] item: Leftovers
|upkeep
|
|t:|1759042096
|switch|p2a: Ogerpon|Ogerpon-Wellspring, F|100/100
|turn|53
|
|t:|1759042099
|move|p1a: Zamazenta|Crunch|p2a: Ogerpon
|-damage|p2a: Ogerpon|70/100
|move|p2a: Ogerpon|Ivy Cudgel|p1a: Zamazenta|[anim] Ivy Cudgel Water
|-supereffective|p1a: Zamazenta
|-crit|p1a: Zamazenta
|-end|p1a: Zamazenta|Substitute
|
|-heal|p1a: Zamazenta|99/100|[from] item: Leftovers
|upkeep
|turn|54
|
|t:|1759042104
|move|p1a: Zamazenta|Body Press|p2a: Ogerpon
|-damage|p2a: Ogerpon|0 fnt
|faint|p2a: Ogerpon
|
|-heal|p1a: Zamazenta|100/100|[from] item: Leftovers
|upkeep
|
|t:|1759042110
|switch|p2a: Dragapult|Dragapult, M|39/100
|turn|55
|
|t:|1759042113
|move|p2a: Dragapult|Dragon Darts|p1a: Zamazenta
|-damage|p1a: Zamazenta|94/100
|-anim|p2a: Dragapult|Dragon Darts|p1a: Zamazenta
|-damage|p1a: Zamazenta|87/100
|move|p1a: Zamazenta|Crunch|p2a: Dragapult
|-supereffective|p2a: Dragapult
|-damage|p2a: Dragapult|0 fnt
|faint|p2a: Dragapult
|
|-heal|p1a: Zamazenta|93/100|[from] item: Leftovers
|upkeep
|-message|shierr forfeited.
|
|win|bellaisokay
|raw|bellaisokay's rating: 1607 &rarr; <strong>1637</strong><br />(+30 for winning)
|raw|shierr's rating: 1787 &rarr; <strong>1757</strong><br />(-30 for losing)
|l|☆shierr
|player|p2|
