|j|☆SBYK
|j|☆kaz2109
|t:|1758970857
|gametype|singles
|player|p1|SBYK|aaron|1470
|player|p2|kaz2109|lady-gen4|1436
|gen|9
|tier|[Gen 9] OU
|rated|
|rule|HP Percentage Mod: HP is shown in percentages
|rule|Endless Battle Clause: Forcing endless battles is banned
|rule|Species Clause: Limit one of each Pokémon
|rule|OHKO Clause: OHKO moves are banned
|rule|Evasion Items Clause: Evasion items are banned
|rule|Evasion Moves Clause: Evasion moves are banned
|rule|Evasion Abilities Clause: Evasion abilities are banned
|rule|Sleep Moves Clause: Sleep-inducing moves are banned
|clearpoke
|poke|p1|Kingambit, M|
|poke|p1|Garchomp, M|
|poke|p1|Gastrodon-East, M|
|poke|p1|Weezing-Galar, M|
|poke|p1|Tornadus-Therian, M|
|poke|p1|Meowscarada, M|
|poke|p2|Slowking-Galar, F|
|poke|p2|Kyurem|
|poke|p2|Great Tusk|
|poke|p2|Gholdengo|
|poke|p2|Zapdos|
|poke|p2|Zamazenta-*|
|teampreview
|inactive|Battle timer is ON: inactive players will automatically lose when time's up. (requested by SBYK)
|
|t:|1758970865
|teamsize|p1|6
|teamsize|p2|6
|start
|switch|p1a: Tornadus|Tornadus-Therian, M, shiny|100/100
|switch|p2a: Zapdos|Zapdos|100/100
|turn|1
|
|t:|1758970876
|move|p1a: Tornadus|Heat Wave|p2a: Zapdos
|-damage|p2a: Zapdos|70/100
|move|p2a: Zapdos|U-turn|p1a: Tornadus
|-resisted|p1a: Tornadus
|-damage|p1a: Tornadus|92/100
|
|t:|1758970880
|switch|p2a: Slowking|Slowking-Galar, F|100/100|[from] U-turn
|
|upkeep
|turn|2
|
|t:|1758970885
|move|p1a: Tornadus|Knock Off|p2a: Slowking
|-supereffective|p2a: Slowking
|-damage|p2a: Slowking|55/100
|-enditem|p2a: Slowking|Heavy-Duty Boots|[from] move: Knock Off|[of] p1a: Tornadus
|move|p2a: Slowking|Thunder Wave|p1a: Tornadus
|-status|p1a: Tornadus|par
|
|upkeep
|turn|3
|
|t:|1758970890
|move|p1a: Tornadus|U-turn|p2a: Slowking
|-damage|p2a: Slowking|39/100
|
|t:|1758970893
|switch|p1a: Meowscarada|Meowscarada, M, shiny|100/100|[from] U-turn
|move|p2a: Slowking|Future Sight|p1a: Meowscarada
|-start|p2a: Slowking|move: Future Sight
|
|upkeep
|turn|4
|
|t:|1758970898
|switch|p2a: Zamazenta|Zamazenta|100/100
|-ability|p2a: Zamazenta|Dauntless Shield|boost
|-boost|p2a: Zamazenta|def|1
|move|p1a: Meowscarada|Triple Axel|p2a: Zamazenta
|-start|p1a: Meowscarada|typechange|Ice|[from] ability: Protean
|-damage|p2a: Zamazenta|96/100
|-damage|p2a: Zamazenta|86/100
|-damage|p2a: Zamazenta|72/100
|-hitcount|p2a: Zamazenta|3
|
|-heal|p2a: Zamazenta|79/100|[from] item: Leftovers
|upkeep
|turn|5
|
|t:|1758970907
|switch|p1a: Tornadus|Tornadus-Therian, M, shiny|100/100 par
|move|p2a: Zamazenta|Substitute|p2a: Zamazenta
|-start|p2a: Zamazenta|Substitute
|-damage|p2a: Zamazenta|54/100
|
|-end|p1a: Tornadus|move: Future Sight
|-damage|p1a: Tornadus|75/100 par
|-heal|p2a: Zamazenta|60/100|[from] item: Leftovers
|upkeep
|turn|6
|
|t:|1758970910
|move|p2a: Zamazenta|Iron Defense|p2a: Zamazenta
|-boost|p2a: Zamazenta|def|2
|move|p1a: Tornadus|Bleakwind Storm|p2a: Zamazenta
|-supereffective|p2a: Zamazenta
|-end|p2a: Zamazenta|Substitute
|
|-heal|p2a: Zamazenta|66/100|[from] item: Leftovers
|upkeep
|turn|7
|
|t:|1758970918
|-terastallize|p2a: Zamazenta|Fire
|move|p2a: Zamazenta|Body Press|p1a: Tornadus
|-resisted|p1a: Tornadus
|-damage|p1a: Tornadus|21/100 par
|move|p1a: Tornadus|Bleakwind Storm|p2a: Zamazenta
|-damage|p2a: Zamazenta|30/100
|
|-heal|p2a: Zamazenta|36/100|[from] item: Leftovers
|upkeep
|turn|8
|
|t:|1758970929
|move|p2a: Zamazenta|Body Press|p1a: Tornadus
|-resisted|p1a: Tornadus
|-damage|p1a: Tornadus|0 fnt
|faint|p1a: Tornadus
|
|-heal|p2a: Zamazenta|43/100|[from] item: Leftovers
|upkeep
|
|t:|1758970944
|switch|p1a: Gastrodon|Gastrodon-East, M|100/100
|-item|p1a: Gastrodon|Air Balloon
|turn|9
|
|t:|1758970950
|move|p2a: Zamazenta|Substitute|p2a: Zamazenta
|-start|p2a: Zamazenta|Substitute
|-damage|p2a: Zamazenta|18/100
|move|p1a: Gastrodon|Earth Power|p2a: Zamazenta
|-supereffective|p2a: Zamazenta
|-end|p2a: Zamazenta|Substitute
|
|-heal|p2a: Zamazenta|24/100|[from] item: Leftovers
|upkeep
|turn|10
|
|t:|1758970955
|move|p2a: Zamazenta|Body Press|p1a: Gastrodon
|-damage|p1a: Gastrodon|11/100
|-enditem|p1a: Gastrodon|Air Balloon
|move|p1a: Gastrodon|Earth Power|p2a: Zamazenta
|-supereffective|p2a: Zamazenta
|-damage|p2a: Zamazenta|0 fnt
|faint|p2a: Zamazenta
|
|upkeep
|
|t:|1758970973
|switch|p2a: Great Tusk|Great Tusk|100/100
|turn|11
|
|t:|1758970983
|move|p2a: Great Tusk|Rapid Spin|p1a: Gastrodon
|-damage|p1a: Gastrodon|0 fnt
|-boost|p2a: Great Tusk|spe|1
|faint|p1a: Gastrodon
|
|upkeep
|
|t:|1758970992
|switch|p1a: Garchomp|Garchomp, M, shiny|100/100
|turn|12
|
|t:|1758970998
|move|p2a: Great Tusk|Ice Spinner|p1a: Garchomp
|-supereffective|p1a: Garchomp
|-damage|p1a: Garchomp|25/100
|-damage|p2a: Great Tusk|88/100|[from] ability: Rough Skin|[of] p1a: Garchomp
|move|p1a: Garchomp|Scale Shot|p2a: Great Tusk|[miss]
|-miss|p1a: Garchomp|p2a: Great Tusk
|
|upkeep
|turn|13
|
|t:|1758971005
|move|p2a: Great Tusk|Ice Spinner|p1a: Garchomp
|-supereffective|p1a: Garchomp
|-damage|p1a: Garchomp|0 fnt
|-damage|p2a: Great Tusk|76/100|[from] ability: Rough Skin|[of] p1a: Garchomp
|faint|p1a: Garchomp
|
|upkeep
|
|t:|1758971009
|switch|p1a: Weezing|Weezing-Galar, M, shiny|100/100
|-ability|p1a: Weezing|Neutralizing Gas
|turn|14
|
|t:|1758971014
|-end|p2a: Great Tusk|Protosynthesis|[silent]
|switch|p2a: Gholdengo|Gholdengo|100/100
|move|p1a: Weezing|Will-O-Wisp|p2a: Gholdengo
|-status|p2a: Gholdengo|brn
|
|-damage|p2a: Gholdengo|94/100 brn|[from] brn
|upkeep
|turn|15
|
|t:|1758971020
|-end|p1a: Weezing|ability: Neutralizing Gas
|switch|p1a: Kingambit|Kingambit, M, shiny|100/100
|-activate|p1a: Kingambit|ability: Supreme Overlord
|-start|p1a: Kingambit|fallen3|[silent]
|move|p2a: Gholdengo|Thunder Wave|p1a: Kingambit
|-status|p1a: Kingambit|par
|
|-heal|p2a: Gholdengo|100/100 brn|[from] item: Leftovers
|-damage|p2a: Gholdengo|94/100 brn|[from] brn
|upkeep
|turn|16
|
|t:|1758971025
|switch|p2a: Great Tusk|Great Tusk|76/100
|move|p1a: Kingambit|Kowtow Cleave|p2a: Great Tusk
|-resisted|p2a: Great Tusk
|-damage|p2a: Great Tusk|48/100
|
|upkeep
|turn|17
|
|t:|1758971032
|-end|p1a: Kingambit|fallen3|[silent]
|switch|p1a: Meowscarada|Meowscarada, M, shiny|100/100
|move|p2a: Great Tusk|Close Combat|p1a: Meowscarada
|-supereffective|p1a: Meowscarada
|-damage|p1a: Meowscarada|0 fnt
|-unboost|p2a: Great Tusk|def|1
|-unboost|p2a: Great Tusk|spd|1
|faint|p1a: Meowscarada
|-enditem|p2a: Great Tusk|Eject Pack
|inactive|kaz2109 has 120 seconds left.
|inactive|kaz2109 has 90 seconds left.
|
|t:|1758971114
|-end|p2a: Great Tusk|Protosynthesis|[silent]
|switch|p2a: Zapdos|Zapdos|70/100
|
|upkeep
|
|t:|1758971117
|switch|p1a: Weezing|Weezing-Galar, M, shiny|100/100
|-ability|p1a: Weezing|Neutralizing Gas
|turn|18
|
|t:|1758971121
|move|p2a: Zapdos|Discharge|p1a: Weezing
|-damage|p1a: Weezing|60/100
|move|p1a: Weezing|Strange Steam|p2a: Zapdos
|-damage|p2a: Zapdos|43/100
|
|-heal|p1a: Weezing|66/100|[from] item: Leftovers
|upkeep
|turn|19
|inactive|kaz2109 has 90 seconds left.
|
|t:|1758971127
|move|p2a: Zapdos|Discharge|p1a: Weezing
|-damage|p1a: Weezing|29/100
|move|p1a: Weezing|Will-O-Wisp|p2a: Zapdos
|-status|p2a: Zapdos|brn
|
|-heal|p1a: Weezing|36/100|[from] item: Leftovers
|-damage|p2a: Zapdos|37/100 brn|[from] brn
|upkeep
|turn|20
|
|t:|1758971131
|move|p2a: Zapdos|Discharge|p1a: Weezing
|-damage|p1a: Weezing|0 fnt
|faint|p1a: Weezing
|-end|p1a: Weezing|ability: Neutralizing Gas
|
|-damage|p2a: Zapdos|30/100 brn|[from] brn
|upkeep
|
|t:|1758971134
|switch|p1a: Kingambit|Kingambit, M, shiny|100/100 par
|-activate|p1a: Kingambit|ability: Supreme Overlord
|-start|p1a: Kingambit|fallen5|[silent]
|turn|21
|
|t:|1758971141
|move|p2a: Zapdos|Heat Wave|p1a: Kingambit
|-supereffective|p1a: Kingambit
|-damage|p1a: Kingambit|37/100 par
|move|p1a: Kingambit|Kowtow Cleave|p2a: Zapdos
|-damage|p2a: Zapdos|0 fnt
|faint|p2a: Zapdos
|
|upkeep
|
|t:|1758971145
|switch|p2a: Kyurem|Kyurem|100/100
|-ability|p2a: Kyurem|Pressure
|turn|22
|
|t:|1758971147
|-terastallize|p1a: Kingambit|Dark
|move|p1a: Kingambit|Sucker Punch|p2a: Kyurem
|-damage|p2a: Kyurem|11/100
|move|p2a: Kyurem|Earth Power|p1a: Kingambit
|-damage|p1a: Kingambit|0 fnt
|faint|p1a: Kingambit
|-end|p1a: Kingambit|fallen5|[silent]
|
|win|kaz2109
|raw|SBYK's rating: 1470 &rarr; <strong>1448</strong><br />(-22 for losing)
|raw|kaz2109's rating: 1436 &rarr; <strong>1458</strong><br />(+22 for winning)
|l|☆SBYK
|player|p1|
|l|☆kaz2109
|player|p2|
