|j|‽solascriptura1521
|j|☆orca amasu
|t:|1759056306
|gametype|singles
|player|p1|solascriptura1521|170|1480
|player|p2|orca amasu|ghetsis-gen5bw|1423
|gen|9
|tier|[Gen 9] OU
|rated|
|rule|HP Percentage Mod: HP is shown in percentages
|rule|Endless Battle Clause: Forcing endless battles is banned
|rule|Species Clause: Limit one of each Pokémon
|rule|OHKO Clause: OHKO moves are banned
|rule|Evasion Items Clause: Evasion items are banned
|rule|Evasion Moves Clause: Evasion moves are banned
|rule|Evasion Abilities Clause: Evasion abilities are banned
|rule|Sleep Moves Clause: Sleep-inducing moves are banned
|clearpoke
|poke|p1|Torkoal, F|
|poke|p1|Walking Wake|
|poke|p1|Raging Bolt|
|poke|p1|Kingambit, F|
|poke|p1|Great Tusk|
|poke|p1|Hatterene, F|
|poke|p2|Primarina, F|
|poke|p2|Latias, F|
|poke|p2|Iron Treads|
|poke|p2|Arcanine-Hisui, M|
|poke|p2|Zapdos|
|poke|p2|Hydreigon, M|
|teampreview
|inactive|Battle timer is ON: inactive players will automatically lose when time's up. (requested by orca amasu)
|inactive|orca amasu has 120 seconds left.
|
|t:|1759056363
|teamsize|p1|6
|teamsize|p2|6
|start
|switch|p1a: Walking Wake|Walking Wake|100/100
|switch|p2a: Hydreigon|Hydreigon, M|100/100
|turn|1
|inactive|orca amasu has 120 seconds left.
|
|t:|1759056403
|move|p1a: Walking Wake|Draco Meteor|p2a: Hydreigon
|-supereffective|p2a: Hydreigon
|-damage|p2a: Hydreigon|0 fnt
|-unboost|p1a: Walking Wake|spa|2
|faint|p2a: Hydreigon
|
|upkeep
|
|t:|1759056405
|switch|p2a: Primarina|Primarina, F|100/100
|turn|2
|
|t:|1759056414
|-end|p1a: Walking Wake|Protosynthesis|[silent]
|switch|p1a: Torkoal|Torkoal, F|100/100
|-weather|SunnyDay|[from] ability: Drought|[of] p1a: Torkoal
|switch|p2a: Iron Treads|Iron Treads|100/100
|
|-weather|SunnyDay|[upkeep]
|upkeep
|turn|3
|
|t:|1759056419
|move|p2a: Iron Treads|Earthquake|p1a: Torkoal
|-supereffective|p1a: Torkoal
|-damage|p1a: Torkoal|44/100
|move|p1a: Torkoal|Lava Plume|p2a: Iron Treads
|-supereffective|p2a: Iron Treads
|-damage|p2a: Iron Treads|30/100
|
|-weather|SunnyDay|[upkeep]
|-heal|p2a: Iron Treads|36/100|[from] item: Leftovers
|upkeep
|turn|4
|
|t:|1759056426
|switch|p1a: Great Tusk|Great Tusk|100/100
|-activate|p1a: Great Tusk|ability: Protosynthesis
|-start|p1a: Great Tusk|protosynthesisatk
|move|p2a: Iron Treads|Stealth Rock|p1a: Great Tusk
|-sidestart|p1: solascriptura1521|move: Stealth Rock
|
|-weather|SunnyDay|[upkeep]
|-heal|p2a: Iron Treads|42/100|[from] item: Leftovers
|upkeep
|turn|5
|
|t:|1759056431
|-end|p2a: Iron Treads|Quark Drive|[silent]
|switch|p2a: Zapdos|Zapdos|100/100
|move|p1a: Great Tusk|Rapid Spin|p2a: Zapdos
|-damage|p2a: Zapdos|79/100
|-boost|p1a: Great Tusk|spe|1
|-sideend|p1: solascriptura1521|Stealth Rock|[from] move: Rapid Spin|[of] p1a: Great Tusk
|
|-weather|SunnyDay|[upkeep]
|-heal|p2a: Zapdos|85/100|[from] item: Leftovers
|upkeep
|turn|6
|
|t:|1759056437
|-end|p1a: Great Tusk|Protosynthesis|[silent]
|switch|p1a: Raging Bolt|Raging Bolt|100/100
|-activate|p1a: Raging Bolt|ability: Protosynthesis
|-start|p1a: Raging Bolt|protosynthesisspa
|move|p2a: Zapdos|Hurricane|p1a: Raging Bolt|[miss]
|-miss|p2a: Zapdos|p1a: Raging Bolt
|
|-weather|SunnyDay|[upkeep]
|-heal|p2a: Zapdos|91/100|[from] item: Leftovers
|upkeep
|turn|7
|
|t:|1759056446
|switch|p2a: Iron Treads|Iron Treads|42/100
|move|p1a: Raging Bolt|Draco Meteor|p2a: Iron Treads
|-resisted|p2a: Iron Treads
|-damage|p2a: Iron Treads|0 fnt
|-unboost|p1a: Raging Bolt|spa|2
|faint|p2a: Iron Treads
|-end|p2a: Iron Treads|Quark Drive|[silent]
|
|-weather|SunnyDay|[upkeep]
|upkeep
|
|t:|1759056452
|switch|p2a: Latias|Latias, F|100/100
|turn|8
|
|t:|1759056456
|move|p2a: Latias|Calm Mind|p2a: Latias
|-boost|p2a: Latias|spa|1
|-boost|p2a: Latias|spd|1
|move|p1a: Raging Bolt|Draco Meteor|p2a: Latias
|-supereffective|p2a: Latias
|-damage|p2a: Latias|42/100
|-unboost|p1a: Raging Bolt|spa|2
|
|-weather|SunnyDay|[upkeep]
|upkeep
|turn|9
|
|t:|1759056461
|-end|p1a: Raging Bolt|Protosynthesis|[silent]
|switch|p1a: Kingambit|Kingambit, F|100/100
|move|p2a: Latias|Dragon Pulse|p1a: Kingambit
|-resisted|p1a: Kingambit
|-damage|p1a: Kingambit|64/100
|
|-weather|none
|upkeep
|turn|10
|
|t:|1759056468
|switch|p2a: Zapdos|Zapdos|91/100
|move|p1a: Kingambit|Sucker Punch||[still]
|-fail|p1a: Kingambit
|
|-heal|p2a: Zapdos|98/100|[from] item: Leftovers
|upkeep
|turn|11
|
|t:|1759056490
|move|p2a: Zapdos|Heat Wave|p1a: Kingambit
|-supereffective|p1a: Kingambit
|-damage|p1a: Kingambit|0 fnt
|faint|p1a: Kingambit
|-end|p1a: Kingambit|fallenundefined|[silent]
|
|-heal|p2a: Zapdos|100/100|[from] item: Leftovers
|upkeep
|
|t:|1759056497
|switch|p1a: Raging Bolt|Raging Bolt|100/100
|turn|12
|
|t:|1759056503
|move|p2a: Zapdos|Roost||[still]
|-fail|p2a: Zapdos|heal
|move|p1a: Raging Bolt|Thunderbolt|p2a: Zapdos
|-damage|p2a: Zapdos|53/100
|
|-heal|p2a: Zapdos|59/100|[from] item: Leftovers
|upkeep
|turn|13
|
|t:|1759056521
|move|p2a: Zapdos|Hurricane|p1a: Raging Bolt
|-resisted|p1a: Raging Bolt
|-damage|p1a: Raging Bolt|83/100
|move|p1a: Raging Bolt|Thunderbolt|p2a: Zapdos
|-damage|p2a: Zapdos|10/100
|
|-heal|p2a: Zapdos|16/100|[from] item: Leftovers
|upkeep
|turn|14
|
|t:|1759056527
|move|p2a: Zapdos|Roost|p2a: Zapdos
|-heal|p2a: Zapdos|66/100
|-singleturn|p2a: Zapdos|move: Roost
|move|p1a: Raging Bolt|Draco Meteor|p2a: Zapdos
|-damage|p2a: Zapdos|0 fnt
|-unboost|p1a: Raging Bolt|spa|2
|faint|p2a: Zapdos
|
|upkeep
|
|t:|1759056537
|switch|p2a: Arcanine|Arcanine-Hisui, M|100/100
|turn|15
|
|t:|1759056547
|-end|p1a: Raging Bolt|Protosynthesis|[silent]
|switch|p1a: Great Tusk|Great Tusk|100/100
|move|p2a: Arcanine|Rock Slide|p1a: Great Tusk
|-resisted|p1a: Great Tusk
|-damage|p1a: Great Tusk|95/100
|
|-heal|p1a: Great Tusk|100/100|[from] item: Leftovers
|upkeep
|turn|16
|
|t:|1759056555
|switch|p2a: Primarina|Primarina, F|100/100
|move|p1a: Great Tusk|Rapid Spin|p2a: Primarina
|-damage|p2a: Primarina|79/100
|-boost|p1a: Great Tusk|spe|1
|
|upkeep
|turn|17
|
|t:|1759056563
|-terastallize|p1a: Great Tusk|Ground
|move|p1a: Great Tusk|Headlong Rush|p2a: Primarina
|-damage|p2a: Primarina|0 fnt
|-unboost|p1a: Great Tusk|def|1
|-unboost|p1a: Great Tusk|spd|1
|faint|p2a: Primarina
|
|upkeep
|
|t:|1759056567
|switch|p2a: Latias|Latias, F|42/100
|turn|18
|
|t:|1759056571
|-end|p1a: Great Tusk|Protosynthesis|[silent]
|switch|p1a: Hatterene|Hatterene, F|100/100
|move|p2a: Latias|Ice Beam|p1a: Hatterene
|-damage|p1a: Hatterene|72/100
|
|-heal|p1a: Hatterene|78/100|[from] item: Leftovers
|upkeep
|turn|19
|
|t:|1759056575
|switch|p2a: Arcanine|Arcanine-Hisui, M|100/100
|move|p1a: Hatterene|Draining Kiss|p2a: Arcanine
|-resisted|p2a: Arcanine
|-damage|p2a: Arcanine|87/100
|-heal|p1a: Hatterene|89/100|[from] drain|[of] p2a: Arcanine
|
|-heal|p1a: Hatterene|95/100|[from] item: Leftovers
|upkeep
|turn|20
|
|t:|1759056582
|switch|p1a: Torkoal|Torkoal, F|44/100
|-weather|SunnyDay|[from] ability: Drought|[of] p1a: Torkoal
|move|p2a: Arcanine|Flare Blitz|p1a: Torkoal
|-resisted|p1a: Torkoal
|-damage|p1a: Torkoal|17/100
|
|-weather|SunnyDay|[upkeep]
|upkeep
|turn|21
|
|t:|1759056585
|move|p2a: Arcanine|Flare Blitz|p1a: Torkoal
|-resisted|p1a: Torkoal
|-damage|p1a: Torkoal|0 fnt
|faint|p1a: Torkoal
|
|-weather|SunnyDay|[upkeep]
|upkeep
|
|t:|1759056589
|switch|p1a: Walking Wake|Walking Wake|100/100
|-activate|p1a: Walking Wake|ability: Protosynthesis
|-start|p1a: Walking Wake|protosynthesisspa
|turn|22
|
|t:|1759056596
|-terastallize|p2a: Arcanine|Fire
|move|p2a: Arcanine|Flare Blitz|p1a: Walking Wake
|-resisted|p1a: Walking Wake
|-damage|p1a: Walking Wake|70/100
|-status|p1a: Walking Wake|brn
|move|p1a: Walking Wake|Hydro Steam|p2a: Arcanine
|-supereffective|p2a: Arcanine
|-damage|p2a: Arcanine|0 fnt
|faint|p2a: Arcanine
|
|-weather|SunnyDay|[upkeep]
|-damage|p1a: Walking Wake|64/100 brn|[from] brn
|upkeep
|
|t:|1759056601
|switch|p2a: Latias|Latias, F|42/100
|turn|23
|
|t:|1759056605
|move|p2a: Latias|Ice Beam|p1a: Walking Wake
|-crit|p1a: Walking Wake
|-damage|p1a: Walking Wake|19/100 brn
|move|p1a: Walking Wake|Hydro Steam|p2a: Latias
|-resisted|p2a: Latias
|-damage|p2a: Latias|0 fnt
|faint|p2a: Latias
|
|win|solascriptura1521
|raw|solascriptura1521's rating: 1480 &rarr; <strong>1497</strong><br />(+17 for winning)
|raw|orca amasu's rating: 1423 &rarr; <strong>1406</strong><br />(-17 for losing)
|l|‽solascriptura1521
|player|p1|
|l|☆orca amasu
|player|p2|
