|j|☆Yajityyy
|j|☆n dfdcn
|t:|1759077734
|gametype|singles
|player|p1|Yajityyy|burglar|1288
|player|p2|n dfdcn|nate|1342
|gen|9
|tier|[Gen 9] OU
|rated|
|rule|HP Percentage Mod: HP is shown in percentages
|rule|Endless Battle Clause: Forcing endless battles is banned
|rule|Species Clause: Limit one of each Pokémon
|rule|OHKO Clause: OHKO moves are banned
|rule|Evasion Items Clause: Evasion items are banned
|rule|Evasion Moves Clause: Evasion moves are banned
|rule|Evasion Abilities Clause: Evasion abilities are banned
|rule|Sleep Moves Clause: Sleep-inducing moves are banned
|clearpoke
|poke|p1|Dragonite, F|
|poke|p1|Zamazenta-*|
|poke|p1|Landorus-Therian, M|
|poke|p1|Gholdengo|
|poke|p1|Darkrai|
|poke|p1|Hatterene, F|
|poke|p2|Great Tusk|
|poke|p2|Kingambit, M|
|poke|p2|Raging Bolt|
|poke|p2|Walking Wake|
|poke|p2|Ninetales, F|
|poke|p2|Ceruledge, F|
|teampreview
|inactive|Battle timer is ON: inactive players will automatically lose when time's up. (requested by Yajityyy)
|
|t:|1759077764
|teamsize|p1|6
|teamsize|p2|6
|start
|switch|p1a: Landorus|Landorus-Therian, M|100/100
|switch|p2a: suicune from wish|Walking Wake|100/100
|-ability|p1a: Landorus|Intimidate|boost
|-unboost|p2a: suicune from wish|atk|1
|turn|1
|
|t:|1759077781
|switch|p1a: Hatterene|Hatterene, F|100/100
|move|p2a: suicune from wish|Hydro Steam|p1a: Hatterene
|-damage|p1a: Hatterene|73/100
|
|upkeep
|turn|2
|
|t:|1759077796
|move|p2a: suicune from wish|Flip Turn|p1a: Hatterene
|-damage|p1a: Hatterene|62/100
|
|t:|1759077801
|-end|p2a: suicune from wish|Protosynthesis|[silent]
|switch|p2a: Donphan from wish|Great Tusk, shiny|100/100|[from] Flip Turn
|move|p1a: Hatterene|Psyshock|p2a: Donphan from wish
|-supereffective|p2a: Donphan from wish
|-damage|p2a: Donphan from wish|39/100
|
|upkeep
|turn|3
|
|t:|1759077817
|-end|p2a: Donphan from wish|Protosynthesis|[silent]
|switch|p2a: Better flareon|Ninetales, F, shiny|100/100
|-weather|SunnyDay|[from] ability: Drought|[of] p2a: Better flareon
|switch|p1a: Dragonite|Dragonite, F|100/100
|
|-weather|SunnyDay|[upkeep]
|upkeep
|turn|4
|
|t:|1759077830
|move|p2a: Better flareon|Will-O-Wisp|p1a: Dragonite|[miss]
|-miss|p2a: Better flareon|p1a: Dragonite
|move|p1a: Dragonite|Dragon Dance|p1a: Dragonite
|-boost|p1a: Dragonite|atk|1
|-boost|p1a: Dragonite|spe|1
|
|-weather|SunnyDay|[upkeep]
|upkeep
|turn|5
|
|t:|1759077838
|move|p1a: Dragonite|Dragon Dance|p1a: Dragonite
|-boost|p1a: Dragonite|atk|1
|-boost|p1a: Dragonite|spe|1
|move|p2a: Better flareon|Will-O-Wisp|p1a: Dragonite
|-status|p1a: Dragonite|brn
|-enditem|p1a: Dragonite|Lum Berry|[eat]
|-curestatus|p1a: Dragonite|brn|[msg]
|
|-weather|SunnyDay|[upkeep]
|upkeep
|turn|6
|
|t:|1759077849
|move|p1a: Dragonite|Earthquake|p2a: Better flareon
|-supereffective|p2a: Better flareon
|-damage|p2a: Better flareon|0 fnt
|faint|p2a: Better flareon
|
|-weather|SunnyDay|[upkeep]
|upkeep
|
|t:|1759077855
|switch|p2a: KING GAMBIT|Kingambit, M|100/100
|-activate|p2a: KING GAMBIT|ability: Supreme Overlord
|-start|p2a: KING GAMBIT|fallen1|[silent]
|turn|7
|
|t:|1759077862
|-terastallize|p2a: KING GAMBIT|Flying
|move|p1a: Dragonite|Earthquake|p2a: KING GAMBIT
|-immune|p2a: KING GAMBIT
|move|p2a: KING GAMBIT|Iron Head|p1a: Dragonite
|-crit|p1a: Dragonite
|-damage|p1a: Dragonite|55/100
|
|-weather|SunnyDay|[upkeep]
|upkeep
|turn|8
|
|t:|1759077878
|-terastallize|p1a: Dragonite|Flying
|move|p2a: KING GAMBIT|Sucker Punch|p1a: Dragonite
|-damage|p1a: Dragonite|8/100
|move|p1a: Dragonite|Tera Blast|p2a: KING GAMBIT|[anim] Tera Blast Flying
|-damage|p2a: KING GAMBIT|21/100
|
|-weather|SunnyDay|[upkeep]
|-heal|p2a: KING GAMBIT|27/100|[from] item: Leftovers
|upkeep
|turn|9
|
|t:|1759077888
|move|p1a: Dragonite|Extreme Speed|p2a: KING GAMBIT
|-damage|p2a: KING GAMBIT|0 fnt
|faint|p2a: KING GAMBIT
|-end|p2a: KING GAMBIT|fallen1|[silent]
|
|-weather|SunnyDay|[upkeep]
|upkeep
|
|t:|1759077893
|switch|p2a: funny giraffe lol|Raging Bolt|100/100
|-activate|p2a: funny giraffe lol|ability: Protosynthesis
|-start|p2a: funny giraffe lol|protosynthesisspa
|turn|10
|
|t:|1759077911
|move|p1a: Dragonite|Extreme Speed|p2a: funny giraffe lol
|-damage|p2a: funny giraffe lol|58/100
|move|p2a: funny giraffe lol|Dragon Pulse|p1a: Dragonite
|-damage|p1a: Dragonite|0 fnt
|faint|p1a: Dragonite
|-damage|p2a: funny giraffe lol|48/100|[from] item: Life Orb
|
|-weather|none
|-end|p2a: funny giraffe lol|Protosynthesis
|upkeep
|inactive|Yajityyy has 120 seconds left.
|
|t:|1759077932
|switch|p1a: Darkrai|Darkrai|100/100
|turn|11
|inactive|Yajityyy has 120 seconds left.
|
|t:|1759077945
|move|p2a: funny giraffe lol|Thunderclap||[still]
|-fail|p2a: funny giraffe lol
|move|p1a: Darkrai|Taunt|p2a: funny giraffe lol
|-start|p2a: funny giraffe lol|move: Taunt
|
|upkeep
|turn|12
|
|t:|1759077958
|move|p1a: Darkrai|Ice Beam|p2a: funny giraffe lol
|-supereffective|p2a: funny giraffe lol
|-damage|p2a: funny giraffe lol|0 fnt
|faint|p2a: funny giraffe lol
|-end|p2a: funny giraffe lol|Protosynthesis|[silent]
|
|upkeep
|
|t:|1759077970
|switch|p2a: suicune from wish|Walking Wake|100/100
|turn|13
|inactive|Yajityyy has 120 seconds left.
|
|t:|1759078011
|switch|p1a: Hatterene|Hatterene, F|62/100
|move|p2a: suicune from wish|Hydro Steam|p1a: Hatterene
|-damage|p1a: Hatterene|32/100
|
|upkeep
|turn|14
|
|t:|1759078029
|move|p2a: suicune from wish|Flip Turn|p1a: Hatterene
|-damage|p1a: Hatterene|13/100
|
|t:|1759078036
|-end|p2a: suicune from wish|Protosynthesis|[silent]
|switch|p2a: Donphan from wish|Great Tusk, shiny|39/100|[from] Flip Turn
|move|p1a: Hatterene|Draining Kiss|p2a: Donphan from wish
|-supereffective|p2a: Donphan from wish
|-damage|p2a: Donphan from wish|0 fnt
|-heal|p1a: Hatterene|47/100|[from] drain|[of] p2a: Donphan from wish
|faint|p2a: Donphan from wish
|-end|p2a: Donphan from wish|Protosynthesis|[silent]
|
|upkeep
|
|t:|1759078043
|switch|p2a: Edgy boi|Ceruledge, F, shiny|100/100
|turn|15
|inactive|Yajityyy has 120 seconds left.
|
|t:|1759078065
|move|p2a: Edgy boi|Swords Dance|p2a: Edgy boi
|-boost|p2a: Edgy boi|atk|2
|move|p1a: Hatterene|Psychic Noise|p2a: Edgy boi
|-crit|p2a: Edgy boi
|-damage|p2a: Edgy boi|49/100
|-start|p2a: Edgy boi|move: Heal Block
|
|upkeep
|turn|16
|
|t:|1759078077
|move|p2a: Edgy boi|Poltergeist|p1a: Hatterene
|-activate|p1a: Hatterene|move: Poltergeist|Assault Vest
|-supereffective|p1a: Hatterene
|-damage|p1a: Hatterene|0 fnt
|faint|p1a: Hatterene
|
|-end|p2a: Edgy boi|move: Heal Block
|upkeep
|
|t:|1759078083
|switch|p1a: Landorus|Landorus-Therian, M|100/100
|-ability|p1a: Landorus|Intimidate|boost
|-unboost|p2a: Edgy boi|atk|1
|turn|17
|inactive|Yajityyy has 120 seconds left.
|
|t:|1759078106
|move|p1a: Landorus|Earthquake|p2a: Edgy boi
|-supereffective|p2a: Edgy boi
|-damage|p2a: Edgy boi|0 fnt
|faint|p2a: Edgy boi
|
|upkeep
|
|t:|1759078114
|switch|p2a: suicune from wish|Walking Wake|100/100
|turn|18
|c|☆Yajityyy|Gg
|c|☆n dfdcn|gg
|
|t:|1759078127
|switch|p1a: Darkrai|Darkrai|100/100
|move|p2a: suicune from wish|Hydro Steam|p1a: Darkrai
|-damage|p1a: Darkrai|48/100
|
|upkeep
|turn|19
|
|t:|1759078136
|move|p1a: Darkrai|Dark Pulse|p2a: suicune from wish
|-crit|p2a: suicune from wish
|-damage|p2a: suicune from wish|38/100
|move|p2a: suicune from wish|Hydro Steam|p1a: Darkrai
|-damage|p1a: Darkrai|0 fnt
|faint|p1a: Darkrai
|
|upkeep
|c|☆n dfdcn|bet it all on suicune from wish
|
|t:|1759078144
|switch|p1a: Zamazenta|Zamazenta|100/100
|-ability|p1a: Zamazenta|Dauntless Shield|boost
|-boost|p1a: Zamazenta|def|1
|turn|20
|
|t:|1759078149
|move|p1a: Zamazenta|Body Press|p2a: suicune from wish
|-damage|p2a: suicune from wish|0 fnt
|faint|p2a: suicune from wish
|-end|p2a: suicune from wish|Protosynthesis|[silent]
|
|win|Yajityyy
|raw|Yajityyy's rating: 1288 &rarr; <strong>1317</strong><br />(+29 for winning)
|raw|n dfdcn's rating: 1342 &rarr; <strong>1319</strong><br />(-23 for losing)
|c|☆n dfdcn|if that didnt crit
|l|☆n dfdcn
|player|p2|
|l|☆Yajityyy
|player|p1|
|j|☆Yajityyy
|player|p1|Yajityyy|burglar|
