|badge|p1|silver|gen9ou|30-6
|html|<div class="broadcast-red"><strong>This battle is required to be public due to one or more player having a season medal.</strong><br />During the public phase, you can discuss the state of the ladder <a href="/seasondiscussion">in a special chatroom.</a></div>
|uhtml|medal-msg|<div class="broadcast-blue">Curious what those medals under the avatar are? PS now has Ladder Seasons! For more information, check out the <a href="https://www.smogon.com/forums/threads/3740067/">thread on Smogon.</a></div>
|badge|p2|silver|gen9ou|30-6
|uhtml|medal-msg|<div class="broadcast-blue">Curious what those medals under the avatar are? PS now has Ladder Seasons! For more information, check out the <a href="https://www.smogon.com/forums/threads/3740067/">thread on Smogon.</a></div>
|raw|<div class="broadcast-blue"><strong>This battle is required to be public due to a player having a name starting with 'medal'.</div>
|j|☆chusei20
|j|☆send it to me
|t:|1758971668
|gametype|singles
|player|p1|chusei20|265|1928
|player|p2|send it to me|musician|1967
|gen|9
|tier|[Gen 9] OU
|rated|
|rule|HP Percentage Mod: HP is shown in percentages
|rule|Endless Battle Clause: Forcing endless battles is banned
|rule|Species Clause: Limit one of each Pokémon
|rule|OHKO Clause: OHKO moves are banned
|rule|Evasion Items Clause: Evasion items are banned
|rule|Evasion Moves Clause: Evasion moves are banned
|rule|Evasion Abilities Clause: Evasion abilities are banned
|rule|Sleep Moves Clause: Sleep-inducing moves are banned
|clearpoke
|poke|p1|Kyurem|
|poke|p1|Ting-Lu|
|poke|p1|Iron Valiant|
|poke|p1|Glimmora, F|
|poke|p1|Moltres|
|poke|p1|Raging Bolt|
|poke|p2|Ting-Lu|
|poke|p2|Gholdengo|
|poke|p2|Ogerpon-Wellspring, F|
|poke|p2|Dragonite, M|
|poke|p2|Great Tusk|
|poke|p2|Enamorus, F|
|teampreview
|j| ybah
|inactive|Battle timer is ON: inactive players will automatically lose when time's up. (requested by chusei20)
|
|t:|1758971690
|teamsize|p1|6
|teamsize|p2|6
|start
|switch|p1a: Glimmora|Glimmora, F|100/100
|switch|p2a: Enamorus|Enamorus, F|100/100
|turn|1
|
|t:|1758971697
|switch|p2a: Ting-Lu|Ting-Lu|100/100
|-ability|p2a: Ting-Lu|Vessel of Ruin
|move|p1a: Glimmora|Sludge Wave|p2a: Ting-Lu
|-resisted|p2a: Ting-Lu
|-damage|p2a: Ting-Lu|90/100
|
|-heal|p2a: Ting-Lu|96/100|[from] item: Leftovers
|upkeep
|turn|2
|j| LT124YH Ghoul
|
|t:|1758971705
|move|p1a: Glimmora|Mortal Spin|p2a: Ting-Lu
|-resisted|p2a: Ting-Lu
|-damage|p2a: Ting-Lu|94/100
|-status|p2a: Ting-Lu|psn
|move|p2a: Ting-Lu|Ruination|p1a: Glimmora
|-damage|p1a: Glimmora|51/100
|
|-heal|p2a: Ting-Lu|100/100 psn|[from] item: Leftovers
|-damage|p2a: Ting-Lu|88/100 psn|[from] psn
|upkeep
|turn|3
|
|t:|1758971710
|switch|p2a: Gholdengo|Gholdengo|100/100
|move|p1a: Glimmora|Earth Power|p2a: Gholdengo
|-supereffective|p2a: Gholdengo
|-damage|p2a: Gholdengo|43/100
|
|upkeep
|turn|4
|
|t:|1758971712
|switch|p2a: Ogerpon|Ogerpon-Wellspring, F|100/100
|move|p1a: Glimmora|Earth Power|p2a: Ogerpon
|-resisted|p2a: Ogerpon
|-damage|p2a: Ogerpon|84/100
|
|upkeep
|turn|5
|
|t:|1758971714
|move|p2a: Ogerpon|Ivy Cudgel|p1a: Glimmora|[anim] Ivy Cudgel Water
|-supereffective|p1a: Glimmora
|-damage|p1a: Glimmora|0 fnt
|-activate|p1a: Glimmora|ability: Toxic Debris
|-sidestart|p2: send it to me|move: Toxic Spikes
|faint|p1a: Glimmora
|
|upkeep
|
|t:|1758971715
|switch|p1a: Kyurem|Kyurem|100/100
|-ability|p1a: Kyurem|Pressure
|turn|6
|
|t:|1758971718
|switch|p2a: Ting-Lu|Ting-Lu|88/100 psn
|-ability|p2a: Ting-Lu|Vessel of Ruin
|move|p1a: Kyurem|Freeze-Dry|p2a: Ting-Lu
|-supereffective|p2a: Ting-Lu
|-damage|p2a: Ting-Lu|56/100 psn
|
|-heal|p2a: Ting-Lu|62/100 psn|[from] item: Leftovers
|-damage|p2a: Ting-Lu|50/100 psn|[from] psn
|upkeep
|turn|7
|
|t:|1758971721
|move|p1a: Kyurem|Freeze-Dry|p2a: Ting-Lu
|-supereffective|p2a: Ting-Lu
|-damage|p2a: Ting-Lu|18/100 psn
|move|p2a: Ting-Lu|Stealth Rock|p1a: Kyurem
|-sidestart|p1: chusei20|move: Stealth Rock
|
|-heal|p2a: Ting-Lu|24/100 psn|[from] item: Leftovers
|-damage|p2a: Ting-Lu|12/100 psn|[from] psn
|upkeep
|turn|8
|
|t:|1758971724
|move|p1a: Kyurem|Freeze-Dry|p2a: Ting-Lu
|-supereffective|p2a: Ting-Lu
|-damage|p2a: Ting-Lu|0 fnt
|faint|p2a: Ting-Lu
|
|upkeep
|
|t:|1758971735
|switch|p2a: Enamorus|Enamorus, F|100/100
|turn|9
|
|t:|1758971737
|-terastallize|p1a: Kyurem|Ground
|move|p2a: Enamorus|Moonblast|p1a: Kyurem
|-crit|p1a: Kyurem
|-damage|p1a: Kyurem|14/100
|move|p1a: Kyurem|Freeze-Dry|p2a: Enamorus
|-supereffective|p2a: Enamorus
|-damage|p2a: Enamorus|0 fnt
|faint|p2a: Enamorus
|
|-heal|p1a: Kyurem|20/100|[from] item: Leftovers
|upkeep
|
|t:|1758971739
|switch|p2a: Dragonite|Dragonite, M|100/100
|turn|10
|j| MVA Monotype
|
|t:|1758971744
|switch|p1a: Moltres|Moltres|100/100
|move|p2a: Dragonite|Extreme Speed|p1a: Moltres
|-damage|p1a: Moltres|80/100
|
|upkeep
|turn|11
|j| Rizzofreko
|
|t:|1758971747
|switch|p2a: Great Tusk|Great Tusk|100/100
|move|p1a: Moltres|Flamethrower|p2a: Great Tusk
|-damage|p2a: Great Tusk|40/100
|
|upkeep
|turn|12
|
|t:|1758971753
|move|p2a: Great Tusk|Rapid Spin|p1a: Moltres
|-damage|p1a: Moltres|69/100
|-boost|p2a: Great Tusk|spe|1
|-status|p2a: Great Tusk|brn|[from] ability: Flame Body|[of] p1a: Moltres
|-sideend|p2: send it to me|Toxic Spikes|[from] move: Rapid Spin|[of] p2a: Great Tusk
|move|p1a: Moltres|Flamethrower|p2a: Great Tusk
|-damage|p2a: Great Tusk|0 fnt
|faint|p2a: Great Tusk
|-end|p2a: Great Tusk|Protosynthesis|[silent]
|
|upkeep
|
|t:|1758971754
|switch|p2a: Ogerpon|Ogerpon-Wellspring, F|84/100
|turn|13
|
|t:|1758971756
|move|p2a: Ogerpon|Ivy Cudgel|p1a: Moltres|[anim] Ivy Cudgel Water
|-supereffective|p1a: Moltres
|-damage|p1a: Moltres|0 fnt
|faint|p1a: Moltres
|
|upkeep
|
|t:|1758971758
|switch|p1a: Iron Valiant|Iron Valiant|100/100
|-damage|p1a: Iron Valiant|94/100|[from] Stealth Rock
|-enditem|p1a: Iron Valiant|Booster Energy
|-activate|p1a: Iron Valiant|ability: Quark Drive|[fromitem]
|-start|p1a: Iron Valiant|quarkdrivespe
|turn|14
|
|t:|1758971762
|switch|p2a: Gholdengo|Gholdengo|43/100
|move|p1a: Iron Valiant|Close Combat|p2a: Gholdengo
|-immune|p2a: Gholdengo
|
|upkeep
|turn|15
|
|t:|1758971772
|-terastallize|p2a: Gholdengo|Fairy
|move|p1a: Iron Valiant|Knock Off|p2a: Gholdengo
|-resisted|p2a: Gholdengo
|-damage|p2a: Gholdengo|32/100
|-enditem|p2a: Gholdengo|Ability Shield|[from] move: Knock Off|[of] p1a: Iron Valiant
|move|p2a: Gholdengo|Recover|p2a: Gholdengo
|-heal|p2a: Gholdengo|82/100
|
|upkeep
|turn|16
|
|t:|1758971776
|move|p1a: Iron Valiant|Moonblast|p2a: Gholdengo
|-damage|p2a: Gholdengo|47/100
|move|p2a: Gholdengo|Nasty Plot|p2a: Gholdengo
|-boost|p2a: Gholdengo|spa|2
|
|upkeep
|turn|17
|
|t:|1758971778
|move|p1a: Iron Valiant|Moonblast|p2a: Gholdengo
|-damage|p2a: Gholdengo|11/100
|-unboost|p2a: Gholdengo|spa|1
|move|p2a: Gholdengo|Recover|p2a: Gholdengo
|-heal|p2a: Gholdengo|61/100
|
|upkeep
|turn|18
|
|t:|1758971781
|-end|p1a: Iron Valiant|Quark Drive|[silent]
|switch|p1a: Raging Bolt|Raging Bolt|100/100
|-damage|p1a: Raging Bolt|88/100|[from] Stealth Rock
|-enditem|p1a: Raging Bolt|Booster Energy
|-activate|p1a: Raging Bolt|ability: Protosynthesis|[fromitem]
|-start|p1a: Raging Bolt|protosynthesisspa
|move|p2a: Gholdengo|Recover|p2a: Gholdengo
|-heal|p2a: Gholdengo|100/100
|
|upkeep
|turn|19
|
|t:|1758971783
|move|p1a: Raging Bolt|Thunderclap|p2a: Gholdengo
|-damage|p2a: Gholdengo|45/100
|move|p2a: Gholdengo|Dazzling Gleam|p1a: Raging Bolt
|-supereffective|p1a: Raging Bolt
|-damage|p1a: Raging Bolt|0 fnt
|faint|p1a: Raging Bolt
|-end|p1a: Raging Bolt|Protosynthesis|[silent]
|
|upkeep
|
|t:|1758971786
|switch|p1a: Kyurem|Kyurem, tera:Ground|20/100
|-damage|p1a: Kyurem|14/100|[from] Stealth Rock
|-ability|p1a: Kyurem|Pressure
|turn|20
|
|t:|1758971788
|switch|p2a: Dragonite|Dragonite, M|100/100
|move|p1a: Kyurem|Earth Power|p2a: Dragonite
|-immune|p2a: Dragonite
|
|-heal|p1a: Kyurem|20/100|[from] item: Leftovers
|upkeep
|turn|21
|
|t:|1758971791
|move|p1a: Kyurem|Protect|p1a: Kyurem
|-singleturn|p1a: Kyurem|Protect
|move|p2a: Dragonite|Extreme Speed|p1a: Kyurem
|-activate|p1a: Kyurem|move: Protect
|
|-heal|p1a: Kyurem|26/100|[from] item: Leftovers
|upkeep
|turn|22
|
|t:|1758971798
|move|p2a: Dragonite|Extreme Speed|p1a: Kyurem
|-damage|p1a: Kyurem|0 fnt
|faint|p1a: Kyurem
|
|upkeep
|
|t:|1758971800
|switch|p1a: Iron Valiant|Iron Valiant|94/100
|-damage|p1a: Iron Valiant|88/100|[from] Stealth Rock
|turn|23
|l| MVA Monotype
|
|t:|1758971804
|move|p1a: Iron Valiant|Moonblast|p2a: Dragonite
|-supereffective|p2a: Dragonite
|-crit|p2a: Dragonite
|-damage|p2a: Dragonite|43/100
|-unboost|p2a: Dragonite|spa|1
|move|p2a: Dragonite|Earthquake|p1a: Iron Valiant
|-damage|p1a: Iron Valiant|39/100
|
|upkeep
|turn|24
|
|t:|1758971808
|move|p2a: Dragonite|Extreme Speed|p1a: Iron Valiant
|-damage|p1a: Iron Valiant|0 fnt
|faint|p1a: Iron Valiant
|-end|p1a: Iron Valiant|Quark Drive|[silent]
|
|upkeep
|-message|chusei20 forfeited.
|
|win|send it to me
|raw|chusei20's rating: 1928 &rarr; <strong>1910</strong><br />(-18 for losing)
|raw|send it to me's rating: 1967 &rarr; <strong>1985</strong><br />(+18 for winning)
|l|☆chusei20
|player|p1|
|l|☆send it to me
|player|p2|
|l| LT124YH Ghoul
|l| Rizzofreko
|j| locked in bro
|l| locked in bro
|j| locked in bro
|l| locked in bro
