|j|☆Supersayan999
|j|☆Rigid123456
|t:|1758924584
|gametype|singles
|player|p1|Supersayan999|palmer|1333
|player|p2|Rigid123456|red|1364
|gen|9
|tier|[Gen 9] OU
|rated|
|rule|HP Percentage Mod: HP is shown in percentages
|rule|Endless Battle Clause: Forcing endless battles is banned
|rule|Species Clause: Limit one of each Pokémon
|rule|OHKO Clause: OHKO moves are banned
|rule|Evasion Items Clause: Evasion items are banned
|rule|Evasion Moves Clause: Evasion moves are banned
|rule|Evasion Abilities Clause: Evasion abilities are banned
|rule|Sleep Moves Clause: Sleep-inducing moves are banned
|clearpoke
|poke|p1|Scizor, M|
|poke|p1|Great Tusk|
|poke|p1|Araquanid, F|
|poke|p1|Regice|
|poke|p1|Regirock|
|poke|p1|Dragapult, F|
|poke|p2|Blaziken, M|
|poke|p2|Corviknight, M|
|poke|p2|Rillaboom, M|
|poke|p2|Porygon-Z|
|poke|p2|Gliscor, F|
|poke|p2|Clefable, M|
|teampreview
|inactive|Battle timer is ON: inactive players will automatically lose when time's up. (requested by Rigid123456)
|
|t:|1758924597
|teamsize|p1|6
|teamsize|p2|6
|start
|switch|p1a: Araquanid|Araquanid, F|100/100
|switch|p2a: Corviknight|Corviknight, M|100/100
|turn|1
|
|t:|1758924611
|switch|p1a: Regirock|Regirock|100/100
|move|p2a: Corviknight|Brave Bird|p1a: Regirock
|-resisted|p1a: Regirock
|-damage|p1a: Regirock|91/100
|-damage|p2a: Corviknight|98/100|[from] Recoil
|
|-heal|p1a: Regirock|97/100|[from] item: Leftovers
|upkeep
|turn|2
|
|t:|1758924623
|move|p2a: Corviknight|U-turn|p1a: Regirock
|-crit|p1a: Regirock
|-damage|p1a: Regirock|87/100
|
|t:|1758924627
|switch|p2a: Rillaboom|Rillaboom, M|100/100|[from] U-turn
|-fieldstart|move: Grassy Terrain|[from] ability: Grassy Surge|[of] p2a: Rillaboom
|move|p1a: Regirock|Stealth Rock|p2a: Rillaboom
|-sidestart|p2: Rigid123456|move: Stealth Rock
|
|-heal|p1a: Regirock|93/100|[from] Grassy Terrain
|-heal|p1a: Regirock|99/100|[from] item: Leftovers
|upkeep
|turn|3
|
|t:|1758924638
|switch|p1a: Scizor|Scizor, M|100/100
|move|p2a: Rillaboom|Wood Hammer|p1a: Scizor
|-resisted|p1a: Scizor
|-crit|p1a: Scizor
|-damage|p1a: Scizor|55/100
|-damage|p2a: Rillaboom|86/100|[from] Recoil
|
|-heal|p2a: Rillaboom|92/100|[from] Grassy Terrain
|-heal|p1a: Scizor|61/100|[from] Grassy Terrain
|-heal|p1a: Scizor|67/100|[from] item: Leftovers
|upkeep
|turn|4
|
|t:|1758924653
|switch|p2a: Corviknight|Corviknight, M|98/100
|-damage|p2a: Corviknight|85/100|[from] Stealth Rock
|move|p1a: Scizor|Swords Dance|p1a: Scizor
|-boost|p1a: Scizor|atk|2
|
|-heal|p1a: Scizor|74/100|[from] Grassy Terrain
|-heal|p1a: Scizor|80/100|[from] item: Leftovers
|upkeep
|turn|5
|
|t:|1758924663
|move|p1a: Scizor|Knock Off|p2a: Corviknight
|-damage|p2a: Corviknight|28/100
|-damage|p1a: Scizor|63/100|[from] item: Rocky Helmet|[of] p2a: Corviknight
|-enditem|p2a: Corviknight|Rocky Helmet|[from] move: Knock Off|[of] p1a: Scizor
|move|p2a: Corviknight|Brave Bird|p1a: Scizor
|-damage|p1a: Scizor|24/100
|-damage|p2a: Corviknight|17/100|[from] Recoil
|
|-heal|p1a: Scizor|31/100|[from] Grassy Terrain
|-heal|p1a: Scizor|37/100|[from] item: Leftovers
|upkeep
|turn|6
|
|t:|1758924680
|move|p1a: Scizor|Knock Off|p2a: Corviknight
|-damage|p2a: Corviknight|0 fnt
|faint|p2a: Corviknight
|
|-heal|p1a: Scizor|43/100|[from] Grassy Terrain
|-heal|p1a: Scizor|49/100|[from] item: Leftovers
|-fieldend|move: Grassy Terrain
|upkeep
|
|t:|1758924690
|switch|p2a: Blaziken|Blaziken, M|100/100
|-damage|p2a: Blaziken|88/100|[from] Stealth Rock
|turn|7
|
|t:|1758924699
|switch|p1a: Dragapult|Dragapult, F|100/100
|move|p2a: Blaziken|Flare Blitz|p1a: Dragapult
|-resisted|p1a: Dragapult
|-damage|p1a: Dragapult|48/100
|-damage|p2a: Blaziken|70/100|[from] Recoil
|-damage|p2a: Blaziken|60/100|[from] item: Life Orb
|
|-ability|p2a: Blaziken|Speed Boost|boost
|-boost|p2a: Blaziken|spe|1
|upkeep
|turn|8
|
|t:|1758924711
|move|p1a: Dragapult|Dragon Darts|p2a: Blaziken
|-damage|p2a: Blaziken|21/100
|-anim|p1a: Dragapult|Dragon Darts|p2a: Blaziken
|-crit|p2a: Blaziken
|-damage|p2a: Blaziken|0 fnt
|faint|p2a: Blaziken
|
|upkeep
|
|t:|1758924720
|switch|p2a: Clefable|Clefable, M|100/100
|-damage|p2a: Clefable|88/100|[from] Stealth Rock
|turn|9
|
|t:|1758924744
|switch|p1a: Araquanid|Araquanid, F|100/100
|move|p2a: Clefable|Cosmic Power|p2a: Clefable
|-boost|p2a: Clefable|def|1
|-boost|p2a: Clefable|spd|1
|
|-heal|p2a: Clefable|94/100|[from] item: Leftovers
|upkeep
|turn|10
|inactive|Supersayan999 has 120 seconds left.
|
|t:|1758924782
|switch|p2a: Rillaboom|Rillaboom, M|92/100
|-damage|p2a: Rillaboom|79/100|[from] Stealth Rock
|-fieldstart|move: Grassy Terrain|[from] ability: Grassy Surge|[of] p2a: Rillaboom
|switch|p1a: Scizor|Scizor, M|49/100
|
|-heal|p2a: Rillaboom|86/100|[from] Grassy Terrain
|-heal|p1a: Scizor|55/100|[from] Grassy Terrain
|-heal|p1a: Scizor|62/100|[from] item: Leftovers
|upkeep
|turn|11
|
|t:|1758924805
|-terastallize|p2a: Rillaboom|Grass
|move|p2a: Rillaboom|Wood Hammer|p1a: Scizor
|-resisted|p1a: Scizor
|-damage|p1a: Scizor|25/100
|-damage|p2a: Rillaboom|74/100|[from] Recoil
|move|p1a: Scizor|U-turn|p2a: Rillaboom
|-supereffective|p2a: Rillaboom
|-crit|p2a: Rillaboom
|-damage|p2a: Rillaboom|0 fnt
|faint|p2a: Rillaboom
|-message|Rigid123456 forfeited.
|
|win|Supersayan999
|raw|Supersayan999's rating: 1333 &rarr; <strong>1355</strong><br />(+22 for winning)
|raw|Rigid123456's rating: 1364 &rarr; <strong>1342</strong><br />(-22 for losing)
|l|☆Rigid123456
|player|p2|
|l|☆Supersayan999
|player|p1|
