|badge|p1|silver|gen9ou|30-6
|html|<div class="broadcast-red"><strong>This battle is required to be public due to one or more player having a season medal.</strong><br />During the public phase, you can discuss the state of the ladder <a href="/seasondiscussion">in a special chatroom.</a></div>
|uhtml|medal-msg|<div class="broadcast-blue">Curious what those medals under the avatar are? PS now has Ladder Seasons! For more information, check out the <a href="https://www.smogon.com/forums/threads/3740067/">thread on Smogon.</a></div>
|badge|p2|silver|gen9ou|30-6
|uhtml|medal-msg|<div class="broadcast-blue">Curious what those medals under the avatar are? PS now has Ladder Seasons! For more information, check out the <a href="https://www.smogon.com/forums/threads/3740067/">thread on Smogon.</a></div>
|raw|<div class="broadcast-blue"><strong>This battle is required to be public due to a player having a name starting with 'medal'.</div>
|j|☆chusei20
|j|☆LT124YH Ghoul
|t:|1759076265
|gametype|singles
|player|p1|chusei20|265|1927
|player|p2|LT124YH Ghoul|#wcop2024asia|1943
|gen|9
|tier|[Gen 9] OU
|rated|
|rule|HP Percentage Mod: HP is shown in percentages
|rule|Endless Battle Clause: Forcing endless battles is banned
|rule|Species Clause: Limit one of each Pokémon
|rule|OHKO Clause: OHKO moves are banned
|rule|Evasion Items Clause: Evasion items are banned
|rule|Evasion Moves Clause: Evasion moves are banned
|rule|Evasion Abilities Clause: Evasion abilities are banned
|rule|Sleep Moves Clause: Sleep-inducing moves are banned
|clearpoke
|poke|p1|Kyurem|
|poke|p1|Ting-Lu|
|poke|p1|Iron Valiant|
|poke|p1|Glimmora, F|
|poke|p1|Moltres|
|poke|p1|Raging Bolt|
|poke|p2|Veluza, F|
|poke|p2|Hatterene, F|
|poke|p2|Deoxys-Speed|
|poke|p2|Iron Valiant|
|poke|p2|Glimmora, M|
|poke|p2|Gliscor, M|
|teampreview
|inactive|Battle timer is ON: inactive players will automatically lose when time's up. (requested by LT124YH Ghoul)
|j| IM AT MY LIMIT!
|j| catarina valentine
|inactive|LT124YH Ghoul has 120 seconds left.
|
|t:|1759076296
|teamsize|p1|6
|teamsize|p2|6
|start
|switch|p1a: Iron Valiant|Iron Valiant|100/100
|switch|p2a: Deoxys|Deoxys-Speed|100/100
|-ability|p2a: Deoxys|Pressure
|-enditem|p1a: Iron Valiant|Booster Energy
|-activate|p1a: Iron Valiant|ability: Quark Drive|[fromitem]
|-start|p1a: Iron Valiant|quarkdrivespe
|turn|1
|j| l53re
|l| catarina valentine
|
|t:|1759076307
|switch|p2a: Glimmora|Glimmora, M|100/100
|move|p1a: Iron Valiant|Knock Off|p2a: Glimmora
|-damage|p2a: Glimmora|75/100
|-activate|p2a: Glimmora|ability: Toxic Debris
|-sidestart|p1: chusei20|move: Toxic Spikes
|-enditem|p2a: Glimmora|Red Card|[from] move: Knock Off|[of] p1a: Iron Valiant
|
|upkeep
|turn|2
|
|t:|1759076311
|move|p1a: Iron Valiant|Close Combat|p2a: Glimmora
|-damage|p2a: Glimmora|29/100
|-unboost|p1a: Iron Valiant|def|1
|-unboost|p1a: Iron Valiant|spd|1
|-activate|p2a: Glimmora|ability: Toxic Debris
|-sidestart|p1: chusei20|move: Toxic Spikes
|move|p2a: Glimmora|Mortal Spin|p1a: Iron Valiant
|-supereffective|p1a: Iron Valiant
|-damage|p1a: Iron Valiant|78/100
|-status|p1a: Iron Valiant|psn
|
|-damage|p1a: Iron Valiant|65/100 psn|[from] psn
|upkeep
|turn|3
|
|t:|1759076320
|move|p1a: Iron Valiant|Knock Off|p2a: Glimmora
|-damage|p2a: Glimmora|12/100
|move|p2a: Glimmora|Stealth Rock|p1a: Iron Valiant
|-sidestart|p1: chusei20|move: Stealth Rock
|
|-damage|p1a: Iron Valiant|53/100 psn|[from] psn
|upkeep
|turn|4
|
|t:|1759076324
|move|p1a: Iron Valiant|Knock Off|p2a: Glimmora
|-damage|p2a: Glimmora|0 fnt
|faint|p2a: Glimmora
|
|-damage|p1a: Iron Valiant|40/100 psn|[from] psn
|upkeep
|
|t:|1759076336
|switch|p2a: Gliscor|Gliscor, M|100/100
|turn|5
|
|t:|1759076340
|move|p2a: Gliscor|Protect|p2a: Gliscor
|-singleturn|p2a: Gliscor|Protect
|move|p1a: Iron Valiant|Moonblast|p2a: Gliscor
|-activate|p2a: Gliscor|move: Protect
|
|-damage|p1a: Iron Valiant|28/100 psn|[from] psn
|-status|p2a: Gliscor|tox|[from] item: Toxic Orb
|upkeep
|turn|6
|
|t:|1759076342
|move|p1a: Iron Valiant|Moonblast|p2a: Gliscor
|-damage|p2a: Gliscor|52/100 tox
|move|p2a: Gliscor|Earthquake|p1a: Iron Valiant
|-damage|p1a: Iron Valiant|0 fnt
|faint|p1a: Iron Valiant
|-end|p1a: Iron Valiant|Quark Drive|[silent]
|
|-heal|p2a: Gliscor|64/100 tox|[from] ability: Poison Heal
|upkeep
|
|t:|1759076344
|switch|p1a: Glimmora|Glimmora, F|100/100
|-sideend|p1: chusei20|move: Toxic Spikes|[of] p1a: Glimmora
|-damage|p1a: Glimmora|88/100|[from] Stealth Rock
|turn|7
|
|t:|1759076350
|move|p2a: Gliscor|Protect|p2a: Gliscor
|-singleturn|p2a: Gliscor|Protect
|move|p1a: Glimmora|Mortal Spin|p2a: Gliscor
|-activate|p2a: Gliscor|move: Protect
|
|-heal|p2a: Gliscor|77/100 tox|[from] ability: Poison Heal
|upkeep
|turn|8
|
|t:|1759076352
|move|p2a: Gliscor|Earthquake|p1a: Glimmora
|-supereffective|p1a: Glimmora
|-damage|p1a: Glimmora|0 fnt
|-activate|p1a: Glimmora|ability: Toxic Debris
|-sidestart|p2: LT124YH Ghoul|move: Toxic Spikes
|faint|p1a: Glimmora
|
|-heal|p2a: Gliscor|89/100 tox|[from] ability: Poison Heal
|upkeep
|
|t:|1759076354
|switch|p1a: Kyurem|Kyurem|100/100
|-damage|p1a: Kyurem|76/100|[from] Stealth Rock
|-ability|p1a: Kyurem|Pressure
|turn|9
|
|t:|1759076367
|switch|p2a: Deoxys|Deoxys-Speed|100/100
|-status|p2a: Deoxys|psn
|-ability|p2a: Deoxys|Pressure
|move|p1a: Kyurem|Freeze-Dry|p2a: Deoxys
|-damage|p2a: Deoxys|56/100 psn
|
|-heal|p1a: Kyurem|82/100|[from] item: Leftovers
|-damage|p2a: Deoxys|43/100 psn|[from] psn
|upkeep
|turn|10
|j| Nikator98
|
|t:|1759076370
|move|p2a: Deoxys|Light Screen|p2a: Deoxys
|-sidestart|p2: LT124YH Ghoul|move: Light Screen
|move|p1a: Kyurem|Freeze-Dry|p2a: Deoxys
|-damage|p2a: Deoxys|23/100 psn
|
|-heal|p1a: Kyurem|88/100|[from] item: Leftovers
|-damage|p2a: Deoxys|10/100 psn|[from] psn
|upkeep
|turn|11
|
|t:|1759076372
|move|p1a: Kyurem|Protect|p1a: Kyurem
|-singleturn|p1a: Kyurem|Protect
|move|p2a: Deoxys|Reflect|p2a: Deoxys
|-sidestart|p2: LT124YH Ghoul|Reflect
|
|-heal|p1a: Kyurem|94/100|[from] item: Leftovers
|-damage|p2a: Deoxys|0 fnt|[from] psn
|faint|p2a: Deoxys
|upkeep
|l| Nikator98
|j| catarina valentine
|
|t:|1759076379
|switch|p2a: Hatterene|Hatterene, F|100/100
|-status|p2a: Hatterene|psn
|turn|12
|
|t:|1759076383
|switch|p1a: Moltres|Moltres|100/100
|move|p2a: Hatterene|Calm Mind|p2a: Hatterene
|-boost|p2a: Hatterene|spa|1
|-boost|p2a: Hatterene|spd|1
|
|-damage|p2a: Hatterene|88/100 psn|[from] psn
|upkeep
|turn|13
|
|t:|1759076386
|move|p1a: Moltres|Flamethrower|p2a: Hatterene
|-damage|p2a: Hatterene|73/100 psn
|move|p2a: Hatterene|Calm Mind|p2a: Hatterene
|-boost|p2a: Hatterene|spa|1
|-boost|p2a: Hatterene|spd|1
|
|-heal|p2a: Hatterene|79/100 psn|[from] item: Leftovers
|-damage|p2a: Hatterene|67/100 psn|[from] psn
|upkeep
|turn|14
|j| tiochicodobos
|l| catarina valentine
|j| cynasaurus
|
|t:|1759076403
|move|p1a: Moltres|Flamethrower|p2a: Hatterene
|-damage|p2a: Hatterene|56/100 psn
|move|p2a: Hatterene|Stored Power|p1a: Moltres
|-damage|p1a: Moltres|0 fnt
|faint|p1a: Moltres
|
|-heal|p2a: Hatterene|62/100 psn|[from] item: Leftovers
|-damage|p2a: Hatterene|49/100 psn|[from] psn
|upkeep
|
|t:|1759076409
|switch|p1a: Kyurem|Kyurem|94/100
|-damage|p1a: Kyurem|69/100|[from] Stealth Rock
|-ability|p1a: Kyurem|Pressure
|turn|15
|j| waffle04
|
|t:|1759076414
|move|p1a: Kyurem|Protect|p1a: Kyurem
|-singleturn|p1a: Kyurem|Protect
|move|p2a: Hatterene|Draining Kiss|p1a: Kyurem
|-activate|p1a: Kyurem|move: Protect
|
|-heal|p1a: Kyurem|75/100|[from] item: Leftovers
|-heal|p2a: Hatterene|55/100 psn|[from] item: Leftovers
|-damage|p2a: Hatterene|43/100 psn|[from] psn
|upkeep
|turn|16
|
|t:|1759076418
|-terastallize|p1a: Kyurem|Ground
|move|p1a: Kyurem|Earth Power|p2a: Hatterene
|-damage|p2a: Hatterene|30/100 psn
|move|p2a: Hatterene|Draining Kiss|p1a: Kyurem
|-damage|p1a: Kyurem|21/100
|-heal|p2a: Hatterene|84/100 psn|[from] drain|[of] p1a: Kyurem
|
|-heal|p1a: Kyurem|27/100|[from] item: Leftovers
|-heal|p2a: Hatterene|90/100 psn|[from] item: Leftovers
|-damage|p2a: Hatterene|78/100 psn|[from] psn
|upkeep
|turn|17
|-message|chusei20 forfeited.
|
|win|LT124YH Ghoul
|raw|chusei20's rating: 1927 &rarr; <strong>1908</strong><br />(-19 for losing)
|raw|LT124YH Ghoul's rating: 1943 &rarr; <strong>1962</strong><br />(+19 for winning)
|j| tapu moxo
|l|☆chusei20
|player|p1|
|l|☆LT124YH Ghoul
|player|p2|
|l| IM AT MY LIMIT!
|l| l53re
|l| tiochicodobos
|j| cyber crimes
|l| cyber crimes
|l| cynasaurus
|l| waffle04
|j| catarina valentine
