|j|☆Campyy
|j|☆Stotochi
|t:|1758950319
|gametype|singles
|player|p1|Campyy|2|1223
|player|p2|Stotochi|2|1234
|gen|9
|tier|[Gen 9] OU
|rated|
|rule|HP Percentage Mod: HP is shown in percentages
|rule|Endless Battle Clause: Forcing endless battles is banned
|rule|Species Clause: Limit one of each Pokémon
|rule|OHKO Clause: OHKO moves are banned
|rule|Evasion Items Clause: Evasion items are banned
|rule|Evasion Moves Clause: Evasion moves are banned
|rule|Evasion Abilities Clause: Evasion abilities are banned
|rule|Sleep Moves Clause: Sleep-inducing moves are banned
|clearpoke
|poke|p1|Kommo-o, M|
|poke|p1|Gholdengo|
|poke|p1|Ninetales-Alola, M|
|poke|p1|Hatterene, F|
|poke|p1|Zamazenta-*|
|poke|p1|Kingambit, M|
|poke|p2|Hydreigon, M|
|poke|p2|Frosmoth, M|
|poke|p2|Kingambit, M|
|poke|p2|Glimmora, M|
|poke|p2|Amoonguss, M|
|poke|p2|Great Tusk|
|teampreview
|inactive|Battle timer is ON: inactive players will automatically lose when time's up. (requested by Stotochi)
|
|t:|1758950341
|teamsize|p1|6
|teamsize|p2|6
|start
|switch|p1a: Ninetales|Ninetales-Alola, M|100/100
|switch|p2a: Frosmoth|Frosmoth, M|100/100
|-weather|Snowscape|[from] ability: Snow Warning|[of] p1a: Ninetales
|turn|1
|
|t:|1758950348
|move|p1a: Ninetales|Aurora Veil|p1a: Ninetales
|-sidestart|p1: Campyy|move: Aurora Veil
|move|p2a: Frosmoth|Quiver Dance|p2a: Frosmoth
|-boost|p2a: Frosmoth|spa|1
|-boost|p2a: Frosmoth|spd|1
|-boost|p2a: Frosmoth|spe|1
|
|-weather|Snowscape|[upkeep]
|upkeep
|turn|2
|
|t:|1758950351
|move|p2a: Frosmoth|Quiver Dance|p2a: Frosmoth
|-boost|p2a: Frosmoth|spa|1
|-boost|p2a: Frosmoth|spd|1
|-boost|p2a: Frosmoth|spe|1
|move|p1a: Ninetales|Encore|p2a: Frosmoth
|-start|p2a: Frosmoth|Encore
|
|-weather|Snowscape|[upkeep]
|upkeep
|turn|3
|
|t:|1758950362
|switch|p1a: Kingambit|Kingambit, M|100/100
|-item|p1a: Kingambit|Air Balloon
|move|p2a: Frosmoth|Quiver Dance|p2a: Frosmoth
|-boost|p2a: Frosmoth|spa|1
|-boost|p2a: Frosmoth|spd|1
|-boost|p2a: Frosmoth|spe|1
|
|-weather|Snowscape|[upkeep]
|upkeep
|turn|4
|
|t:|1758950365
|switch|p2a: Amoonguss|Amoonguss, M|100/100
|move|p1a: Kingambit|Iron Head|p2a: Amoonguss
|-damage|p2a: Amoonguss|66/100
|
|-weather|Snowscape|[upkeep]
|-heal|p2a: Amoonguss|73/100|[from] item: Black Sludge
|upkeep
|turn|5
|
|t:|1758950369
|-end|p1a: Kingambit|fallenundefined|[silent]
|switch|p1a: Hatterene|Hatterene, F|100/100
|move|p2a: Amoonguss|Stun Spore|p1a: Hatterene
|move|p1a: Hatterene|Stun Spore|p2a: Amoonguss|[from] ability: Magic Bounce
|-immune|p2a: Amoonguss
|
|-weather|none
|-heal|p2a: Amoonguss|79/100|[from] item: Black Sludge
|upkeep
|turn|6
|
|t:|1758950378
|move|p1a: Hatterene|Psychic Noise|p2a: Amoonguss
|-supereffective|p2a: Amoonguss
|-damage|p2a: Amoonguss|25/100
|-start|p2a: Amoonguss|move: Heal Block
|move|p2a: Amoonguss|Sludge Bomb|p1a: Hatterene
|-supereffective|p1a: Hatterene
|-damage|p1a: Hatterene|72/100
|
|upkeep
|turn|7
|
|t:|1758950387
|switch|p2a: Kingambit|Kingambit, M|100/100
|move|p1a: Hatterene|Nuzzle|p2a: Kingambit
|-damage|p2a: Kingambit|98/100
|-status|p2a: Kingambit|par
|
|upkeep
|turn|8
|
|t:|1758950393
|switch|p1a: Zamazenta|Zamazenta|100/100
|-ability|p1a: Zamazenta|Dauntless Shield|boost
|-boost|p1a: Zamazenta|def|1
|move|p2a: Kingambit|Iron Head|p1a: Zamazenta
|-damage|p1a: Zamazenta|87/100
|
|-sideend|p1: Campyy|move: Aurora Veil
|upkeep
|turn|9
|
|t:|1758950403
|-end|p2a: Kingambit|fallenundefined|[silent]
|switch|p2a: Glimmora|Glimmora, M|100/100
|move|p1a: Zamazenta|Close Combat|p2a: Glimmora
|-damage|p2a: Glimmora|3/100
|-unboost|p1a: Zamazenta|def|1
|-unboost|p1a: Zamazenta|spd|1
|-activate|p2a: Glimmora|ability: Toxic Debris
|-sidestart|p1: Campyy|move: Toxic Spikes
|-damage|p1a: Zamazenta|77/100|[from] item: Life Orb
|
|upkeep
|turn|10
|
|t:|1758950408
|switch|p1a: Hatterene|Hatterene, F|72/100
|-status|p1a: Hatterene|psn
|move|p2a: Glimmora|Mortal Spin|p1a: Hatterene
|-supereffective|p1a: Hatterene
|-damage|p1a: Hatterene|64/100 psn
|
|-damage|p1a: Hatterene|52/100 psn|[from] psn
|upkeep
|turn|11
|
|t:|1758950419
|move|p2a: Glimmora|Sludge Wave|p1a: Hatterene
|-supereffective|p1a: Hatterene
|-damage|p1a: Hatterene|0 fnt
|faint|p1a: Hatterene
|
|upkeep
|
|t:|1758950423
|switch|p1a: Ninetales|Ninetales-Alola, M|100/100
|-status|p1a: Ninetales|psn
|-weather|Snowscape|[from] ability: Snow Warning|[of] p1a: Ninetales
|turn|12
|
|t:|1758950425
|move|p1a: Ninetales|Aurora Veil|p1a: Ninetales
|-sidestart|p1: Campyy|move: Aurora Veil
|move|p2a: Glimmora|Power Gem|p1a: Ninetales
|-supereffective|p1a: Ninetales
|-damage|p1a: Ninetales|61/100 psn
|
|-weather|Snowscape|[upkeep]
|-damage|p1a: Ninetales|48/100 psn|[from] psn
|upkeep
|turn|13
|
|t:|1758950430
|move|p1a: Ninetales|Freeze-Dry|p2a: Glimmora
|-damage|p2a: Glimmora|0 fnt
|faint|p2a: Glimmora
|
|-weather|Snowscape|[upkeep]
|-damage|p1a: Ninetales|36/100 psn|[from] psn
|upkeep
|
|t:|1758950438
|switch|p2a: Frosmoth|Frosmoth, M|100/100
|turn|14
|
|t:|1758950444
|move|p1a: Ninetales|Freeze-Dry|p2a: Frosmoth
|-resisted|p2a: Frosmoth
|-damage|p2a: Frosmoth|93/100
|move|p2a: Frosmoth|Bug Buzz|p1a: Ninetales
|-resisted|p1a: Ninetales
|-damage|p1a: Ninetales|24/100 psn
|
|-weather|Snowscape|[upkeep]
|-damage|p1a: Ninetales|12/100 psn|[from] psn
|upkeep
|turn|15
|
|t:|1758950452
|switch|p1a: Kommo-o|Kommo-o, M|100/100
|-status|p1a: Kommo-o|psn
|move|p2a: Frosmoth|Bug Buzz|p1a: Kommo-o
|-immune|p1a: Kommo-o|[from] ability: Soundproof
|
|-weather|Snowscape|[upkeep]
|-damage|p1a: Kommo-o|88/100 psn|[from] psn
|upkeep
|turn|16
|
|t:|1758950459
|switch|p2a: Amoonguss|Amoonguss, M|58/100
|move|p1a: Kommo-o|Clangorous Soul|p1a: Kommo-o
|-boost|p1a: Kommo-o|atk|1
|-boost|p1a: Kommo-o|def|1
|-boost|p1a: Kommo-o|spa|1
|-boost|p1a: Kommo-o|spd|1
|-boost|p1a: Kommo-o|spe|1
|-damage|p1a: Kommo-o|55/100 psn
|-enditem|p1a: Kommo-o|Throat Spray
|-boost|p1a: Kommo-o|spa|1|[from] item: Throat Spray
|
|-weather|none
|-heal|p2a: Amoonguss|64/100|[from] item: Black Sludge
|-damage|p1a: Kommo-o|43/100 psn|[from] psn
|upkeep
|turn|17
|
|t:|1758950462
|move|p1a: Kommo-o|Flamethrower|p2a: Amoonguss
|-supereffective|p2a: Amoonguss
|-damage|p2a: Amoonguss|0 fnt
|faint|p2a: Amoonguss
|
|-damage|p1a: Kommo-o|30/100 psn|[from] psn
|upkeep
|
|t:|1758950467
|switch|p2a: Kingambit|Kingambit, M|98/100 par
|-activate|p2a: Kingambit|ability: Supreme Overlord
|-start|p2a: Kingambit|fallen2|[silent]
|turn|18
|
|t:|1758950470
|move|p2a: Kingambit|Sucker Punch|p1a: Kommo-o
|-resisted|p1a: Kommo-o
|-damage|p1a: Kommo-o|21/100 psn
|move|p1a: Kommo-o|Flamethrower|p2a: Kingambit
|-supereffective|p2a: Kingambit
|-damage|p2a: Kingambit|0 fnt
|faint|p2a: Kingambit
|-end|p2a: Kingambit|fallen2|[silent]
|
|-damage|p1a: Kommo-o|8/100 psn|[from] psn
|upkeep
|
|t:|1758950474
|switch|p2a: Great Tusk|Great Tusk|100/100
|turn|19
|
|t:|1758950476
|-terastallize|p1a: Kommo-o|Normal
|move|p1a: Kommo-o|Boomburst|p2a: Great Tusk
|-damage|p2a: Great Tusk|0 fnt
|faint|p2a: Great Tusk
|-end|p2a: Great Tusk|Protosynthesis|[silent]
|
|-damage|p1a: Kommo-o|0 fnt|[from] psn
|faint|p1a: Kommo-o
|-sideend|p1: Campyy|move: Aurora Veil
|upkeep
|
|t:|1758950482
|switch|p1a: Ninetales|Ninetales-Alola, M|12/100 psn
|switch|p2a: Hydreigon|Hydreigon, M|100/100
|-weather|Snowscape|[from] ability: Snow Warning|[of] p1a: Ninetales
|turn|20
|
|t:|1758950485
|move|p1a: Ninetales|Aurora Veil|p1a: Ninetales
|-sidestart|p1: Campyy|move: Aurora Veil
|move|p2a: Hydreigon|Flash Cannon|p1a: Ninetales
|-supereffective|p1a: Ninetales
|-damage|p1a: Ninetales|0 fnt
|faint|p1a: Ninetales
|
|-weather|Snowscape|[upkeep]
|upkeep
|
|t:|1758950490
|switch|p1a: Zamazenta|Zamazenta|77/100
|-status|p1a: Zamazenta|psn
|turn|21
|
|t:|1758950495
|move|p1a: Zamazenta|Close Combat|p2a: Hydreigon
|-supereffective|p2a: Hydreigon
|-damage|p2a: Hydreigon|0 fnt
|-unboost|p1a: Zamazenta|def|1
|-unboost|p1a: Zamazenta|spd|1
|faint|p2a: Hydreigon
|-damage|p1a: Zamazenta|67/100 psn|[from] item: Life Orb
|
|-weather|Snowscape|[upkeep]
|-damage|p1a: Zamazenta|55/100 psn|[from] psn
|upkeep
|
|t:|1758950497
|switch|p2a: Frosmoth|Frosmoth, M|93/100
|turn|22
|
|t:|1758950498
|move|p1a: Zamazenta|Close Combat|p2a: Frosmoth
|-damage|p2a: Frosmoth|0 fnt
|-unboost|p1a: Zamazenta|def|1
|-unboost|p1a: Zamazenta|spd|1
|faint|p2a: Frosmoth
|-damage|p1a: Zamazenta|45/100 psn|[from] item: Life Orb
|
|win|Campyy
|raw|Campyy's rating: 1223 &rarr; <strong>1249</strong><br />(+26 for winning)
|raw|Stotochi's rating: 1234 &rarr; <strong>1208</strong><br />(-26 for losing)
|l|☆Stotochi
|player|p2|
|l|☆Campyy
|player|p1|
