|badge|p2|bronze|gen9ou|100-6
|html|<div class="broadcast-red"><strong>This battle is required to be public due to one or more player having a season medal.</strong><br />During the public phase, you can discuss the state of the ladder <a href="/seasondiscussion">in a special chatroom.</a></div>
|uhtml|medal-msg|<div class="broadcast-blue">Curious what those medals under the avatar are? PS now has Ladder Seasons! For more information, check out the <a href="https://www.smogon.com/forums/threads/3740067/">thread on Smogon.</a></div>
|raw|<div class="broadcast-blue"><strong>This battle is required to be public due to a player having a name starting with 'medal'.</div>
|j|☆wqx1 zmx
|j|☆Dr Greg H
|t:|1758992045
|gametype|singles
|player|p1|wqx1 zmx|pokemonbreederf-gen4|1826
|player|p2|Dr Greg H|pokemonbreeder-gen4|1863
|gen|9
|tier|[Gen 9] OU
|rated|
|rule|HP Percentage Mod: HP is shown in percentages
|rule|Endless Battle Clause: Forcing endless battles is banned
|rule|Species Clause: Limit one of each Pokémon
|rule|OHKO Clause: OHKO moves are banned
|rule|Evasion Items Clause: Evasion items are banned
|rule|Evasion Moves Clause: Evasion moves are banned
|rule|Evasion Abilities Clause: Evasion abilities are banned
|rule|Sleep Moves Clause: Sleep-inducing moves are banned
|clearpoke
|poke|p1|Glimmora, M|
|poke|p1|Dragapult, F|
|poke|p1|Ceruledge, M|
|poke|p1|Great Tusk|
|poke|p1|Iron Valiant|
|poke|p1|Samurott-Hisui, F|
|poke|p2|Hatterene, F|
|poke|p2|Great Tusk|
|poke|p2|Ceruledge, F|
|poke|p2|Ting-Lu|
|poke|p2|Dragonite, F|
|poke|p2|Kyurem|
|teampreview
|inactive|Battle timer is ON: inactive players will automatically lose when time's up. (requested by wqx1 zmx)
|inactive|Dr Greg H also wants the timer to be on.
|
|t:|1758992055
|teamsize|p1|6
|teamsize|p2|6
|start
|switch|p1a: Samurott|Samurott-Hisui, F|100/100
|switch|p2a: Hatterene|Hatterene, F|100/100
|turn|1
|
|t:|1758992059
|move|p1a: Samurott|Ceaseless Edge|p2a: Hatterene
|-damage|p2a: Hatterene|55/100
|-sidestart|p2: Dr Greg H|Spikes
|move|p2a: Hatterene|Draining Kiss|p1a: Samurott
|-supereffective|p1a: Samurott
|-damage|p1a: Samurott|20/100
|-heal|p2a: Hatterene|100/100|[from] drain|[of] p1a: Samurott
|
|upkeep
|turn|2
|
|t:|1758992062
|move|p1a: Samurott|Ceaseless Edge|p2a: Hatterene|[miss]
|-miss|p1a: Samurott|p2a: Hatterene
|move|p2a: Hatterene|Draining Kiss|p1a: Samurott
|-supereffective|p1a: Samurott
|-damage|p1a: Samurott|0 fnt
|faint|p1a: Samurott
|
|upkeep
|
|t:|1758992068
|switch|p1a: Ceruledge|Ceruledge, M|100/100
|turn|3
|
|t:|1758992071
|move|p1a: Ceruledge|Swords Dance|p1a: Ceruledge
|-boost|p1a: Ceruledge|atk|2
|move|p2a: Hatterene|Nuzzle|p1a: Ceruledge
|-damage|p1a: Ceruledge|95/100
|-status|p1a: Ceruledge|par
|-ability|p1a: Ceruledge|Weak Armor|boost
|-unboost|p1a: Ceruledge|def|1
|-boost|p1a: Ceruledge|spe|2
|
|upkeep
|turn|4
|
|t:|1758992078
|switch|p2a: Great Tusk|Great Tusk|100/100
|-damage|p2a: Great Tusk|88/100|[from] Spikes
|move|p1a: Ceruledge|Poltergeist|p2a: Great Tusk
|-activate|p2a: Great Tusk|move: Poltergeist|Leftovers
|-damage|p2a: Great Tusk|30/100
|
|-heal|p2a: Great Tusk|37/100|[from] item: Leftovers
|upkeep
|turn|5
|
|t:|1758992082
|move|p1a: Ceruledge|Bitter Blade|p2a: Great Tusk
|-damage|p2a: Great Tusk|0 fnt
|-heal|p1a: Ceruledge|100/100 par|[from] drain|[of] p2a: Great Tusk
|faint|p2a: Great Tusk
|-end|p2a: Great Tusk|Protosynthesis|[silent]
|
|upkeep
|
|t:|1758992086
|switch|p2a: Ting-Lu|Ting-Lu|100/100
|-damage|p2a: Ting-Lu|88/100|[from] Spikes
|-ability|p2a: Ting-Lu|Vessel of Ruin
|turn|6
|
|t:|1758992091
|cant|p1a: Ceruledge|par
|move|p2a: Ting-Lu|Whirlwind|p1a: Ceruledge
|drag|p1a: Great Tusk|Great Tusk|100/100
|-enditem|p1a: Great Tusk|Booster Energy
|-activate|p1a: Great Tusk|ability: Protosynthesis|[fromitem]
|-start|p1a: Great Tusk|protosynthesisatk
|
|-heal|p2a: Ting-Lu|94/100|[from] item: Leftovers
|upkeep
|turn|7
|
|t:|1758992098
|switch|p2a: Hatterene|Hatterene, F|100/100
|-damage|p2a: Hatterene|88/100|[from] Spikes
|move|p1a: Great Tusk|Ice Spinner|p2a: Hatterene
|-damage|p2a: Hatterene|53/100
|
|upkeep
|turn|8
|
|t:|1758992106
|move|p1a: Great Tusk|Headlong Rush|p2a: Hatterene
|-damage|p2a: Hatterene|0 fnt
|-unboost|p1a: Great Tusk|def|1
|-unboost|p1a: Great Tusk|spd|1
|faint|p2a: Hatterene
|
|upkeep
|
|t:|1758992108
|switch|p2a: Kyurem|Kyurem|100/100
|-damage|p2a: Kyurem|88/100|[from] Spikes
|-ability|p2a: Kyurem|Pressure
|turn|9
|
|t:|1758992112
|-terastallize|p1a: Great Tusk|Fire
|move|p2a: Kyurem|Ice Beam|p1a: Great Tusk
|-resisted|p1a: Great Tusk
|-damage|p1a: Great Tusk|23/100
|move|p1a: Great Tusk|Headlong Rush|p2a: Kyurem
|-damage|p2a: Kyurem|11/100
|-unboost|p1a: Great Tusk|def|1
|-unboost|p1a: Great Tusk|spd|1
|
|upkeep
|turn|10
|j| cryyysneasel
|
|t:|1758992131
|-end|p1a: Great Tusk|Protosynthesis|[silent]
|switch|p1a: Ceruledge|Ceruledge, M|100/100 par
|move|p2a: Kyurem|Ice Beam|p1a: Ceruledge
|-resisted|p1a: Ceruledge
|-crit|p1a: Ceruledge
|-damage|p1a: Ceruledge|35/100 par
|
|upkeep
|turn|11
|
|t:|1758992135
|switch|p2a: Ting-Lu|Ting-Lu|94/100
|-damage|p2a: Ting-Lu|82/100|[from] Spikes
|-ability|p2a: Ting-Lu|Vessel of Ruin
|move|p1a: Ceruledge|Bitter Blade|p2a: Ting-Lu
|-damage|p2a: Ting-Lu|56/100
|-heal|p1a: Ceruledge|57/100 par|[from] drain|[of] p2a: Ting-Lu
|
|-heal|p2a: Ting-Lu|63/100|[from] item: Leftovers
|upkeep
|turn|12
|
|t:|1758992141
|move|p1a: Ceruledge|Close Combat|p2a: Ting-Lu
|-supereffective|p2a: Ting-Lu
|-damage|p2a: Ting-Lu|24/100
|-unboost|p1a: Ceruledge|def|1
|-unboost|p1a: Ceruledge|spd|1
|move|p2a: Ting-Lu|Stealth Rock|p1a: Ceruledge
|-sidestart|p1: wqx1 zmx|move: Stealth Rock
|
|-heal|p2a: Ting-Lu|30/100|[from] item: Leftovers
|upkeep
|turn|13
|
|t:|1758992148
|cant|p1a: Ceruledge|par
|move|p2a: Ting-Lu|Ruination|p1a: Ceruledge
|-damage|p1a: Ceruledge|29/100 par
|
|-heal|p2a: Ting-Lu|37/100|[from] item: Leftovers
|upkeep
|turn|14
|
|t:|1758992152
|move|p1a: Ceruledge|Close Combat|p2a: Ting-Lu
|-supereffective|p2a: Ting-Lu
|-damage|p2a: Ting-Lu|0 fnt
|-unboost|p1a: Ceruledge|def|1
|-unboost|p1a: Ceruledge|spd|1
|faint|p2a: Ting-Lu
|
|upkeep
|
|t:|1758992154
|switch|p2a: Dragonite|Dragonite, F|100/100
|turn|15
|
|t:|1758992156
|move|p2a: Dragonite|Dragon Dance|p2a: Dragonite
|-boost|p2a: Dragonite|atk|1
|-boost|p2a: Dragonite|spe|1
|move|p1a: Ceruledge|Poltergeist|p2a: Dragonite
|-activate|p2a: Dragonite|move: Poltergeist|Leftovers
|-damage|p2a: Dragonite|74/100
|
|-heal|p2a: Dragonite|80/100|[from] item: Leftovers
|upkeep
|turn|16
|
|t:|1758992160
|move|p2a: Dragonite|Dragon Dance|p2a: Dragonite
|-boost|p2a: Dragonite|atk|1
|-boost|p2a: Dragonite|spe|1
|move|p1a: Ceruledge|Poltergeist|p2a: Dragonite
|-activate|p2a: Dragonite|move: Poltergeist|Leftovers
|-damage|p2a: Dragonite|28/100
|
|-heal|p2a: Dragonite|34/100|[from] item: Leftovers
|upkeep
|turn|17
|
|t:|1758992166
|move|p2a: Dragonite|Roost|p2a: Dragonite
|-heal|p2a: Dragonite|84/100
|-singleturn|p2a: Dragonite|move: Roost
|move|p1a: Ceruledge|Poltergeist|p2a: Dragonite|[miss]
|-miss|p1a: Ceruledge|p2a: Dragonite
|
|-heal|p2a: Dragonite|90/100|[from] item: Leftovers
|upkeep
|turn|18
|
|t:|1758992170
|move|p2a: Dragonite|Dragon Dance|p2a: Dragonite
|-boost|p2a: Dragonite|atk|1
|-boost|p2a: Dragonite|spe|1
|move|p1a: Ceruledge|Poltergeist|p2a: Dragonite
|-activate|p2a: Dragonite|move: Poltergeist|Leftovers
|-damage|p2a: Dragonite|41/100
|
|-heal|p2a: Dragonite|47/100|[from] item: Leftovers
|upkeep
|turn|19
|l| cryyysneasel
|
|t:|1758992196
|move|p2a: Dragonite|Roost|p2a: Dragonite
|-heal|p2a: Dragonite|97/100
|-singleturn|p2a: Dragonite|move: Roost
|cant|p1a: Ceruledge|par
|
|-heal|p2a: Dragonite|100/100|[from] item: Leftovers
|upkeep
|turn|20
|-message|wqx1 zmx forfeited.
|
|win|Dr Greg H
|raw|wqx1 zmx's rating: 1826 &rarr; <strong>1808</strong><br />(-18 for losing)
|raw|Dr Greg H's rating: 1863 &rarr; <strong>1881</strong><br />(+18 for winning)
|l|☆wqx1 zmx
|player|p1|
|j| ivo-arg
|l|☆Dr Greg H
|player|p2|
