|badge|p2|bronze|gen9ou|100-6
|html|<div class="broadcast-red"><strong>This battle is required to be public due to one or more player having a season medal.</strong><br />During the public phase, you can discuss the state of the ladder <a href="/seasondiscussion">in a special chatroom.</a></div>
|uhtml|medal-msg|<div class="broadcast-blue">Curious what those medals under the avatar are? PS now has Ladder Seasons! For more information, check out the <a href="https://www.smogon.com/forums/threads/3740067/">thread on Smogon.</a></div>
|raw|<div class="broadcast-blue"><strong>This battle is required to be public due to a player having a name starting with 'medal'.</div>
|j|☆ascended tusk 69
|j|☆MunchlaxTheGodKing
|t:|1758997411
|gametype|singles
|player|p1|ascended tusk 69|biker|1798
|player|p2|MunchlaxTheGodKing|furisodegirl-black|1830
|gen|9
|tier|[Gen 9] OU
|rated|
|rule|HP Percentage Mod: HP is shown in percentages
|rule|Endless Battle Clause: Forcing endless battles is banned
|rule|Species Clause: Limit one of each Pokémon
|rule|OHKO Clause: OHKO moves are banned
|rule|Evasion Items Clause: Evasion items are banned
|rule|Evasion Moves Clause: Evasion moves are banned
|rule|Evasion Abilities Clause: Evasion abilities are banned
|rule|Sleep Moves Clause: Sleep-inducing moves are banned
|clearpoke
|poke|p1|Ninetales-Alola, M|
|poke|p1|Darkrai|
|poke|p1|Slowbro-Galar, M|
|poke|p1|Kingambit, M|
|poke|p1|Latias, F|
|poke|p1|Okidogi, M|
|poke|p2|Zamazenta-*|
|poke|p2|Dragapult, M|
|poke|p2|Raging Bolt|
|poke|p2|Moltres|
|poke|p2|Iron Treads|
|poke|p2|Samurott-Hisui, F|
|teampreview
|inactive|Battle timer is ON: inactive players will automatically lose when time's up. (requested by MunchlaxTheGodKing)
|
|t:|1758997426
|teamsize|p1|6
|teamsize|p2|6
|start
|switch|p1a: Dog Shit|Darkrai|100/100
|switch|p2a: 踩踩背|Iron Treads|100/100
|turn|1
|j| tiochicodobos
|l| tiochicodobos
|j| tiochicodobos
|inactive|MunchlaxTheGodKing has 120 seconds left.
|inactive|MunchlaxTheGodKing has 90 seconds left.
|
|t:|1758997490
|move|p1a: Dog Shit|Swords Dance|p1a: Dog Shit
|-boost|p1a: Dog Shit|atk|2
|move|p2a: 踩踩背|Rapid Spin|p1a: Dog Shit
|-damage|p1a: Dog Shit|85/100
|-boost|p2a: 踩踩背|spe|1
|
|upkeep
|turn|2
|
|t:|1758997499
|move|p2a: 踩踩背|Earthquake|p1a: Dog Shit
|-damage|p1a: Dog Shit|38/100
|move|p1a: Dog Shit|Knock Off|p2a: 踩踩背
|-crit|p2a: 踩踩背
|-damage|p2a: 踩踩背|0 fnt
|-enditem|p2a: 踩踩背|Leftovers|[from] move: Knock Off|[of] p1a: Dog Shit
|faint|p2a: 踩踩背
|-end|p2a: 踩踩背|Quark Drive|[silent]
|-damage|p1a: Dog Shit|28/100|[from] item: Life Orb
|
|upkeep
|
|t:|1758997504
|switch|p2a: 24岁 喜欢发射孩子|Dragapult, M|100/100
|turn|3
|
|t:|1758997507
|move|p1a: Dog Shit|Sucker Punch|p2a: 24岁 喜欢发射孩子
|-supereffective|p2a: 24岁 喜欢发射孩子
|-damage|p2a: 24岁 喜欢发射孩子|0 fnt
|faint|p2a: 24岁 喜欢发射孩子
|-damage|p1a: Dog Shit|18/100|[from] item: Life Orb
|
|upkeep
|
|t:|1758997518
|switch|p2a: 脑袋尖尖的|Zamazenta|100/100
|-ability|p2a: 脑袋尖尖的|Dauntless Shield|boost
|-boost|p2a: 脑袋尖尖的|def|1
|turn|4
|
|t:|1758997522
|move|p2a: 脑袋尖尖的|Crunch|p1a: Dog Shit
|-resisted|p1a: Dog Shit
|-damage|p1a: Dog Shit|0 fnt
|faint|p1a: Dog Shit
|-damage|p2a: 脑袋尖尖的|91/100|[from] item: Life Orb
|
|upkeep
|j| Terrible Tudors
|
|t:|1758997527
|switch|p1a: LUCKY DOG|Okidogi, M|100/100
|turn|5
|
|t:|1758997532
|move|p2a: 脑袋尖尖的|Psychic Fangs|p1a: LUCKY DOG
|-supereffective|p1a: LUCKY DOG
|-crit|p1a: LUCKY DOG
|-damage|p1a: LUCKY DOG|0 fnt
|faint|p1a: LUCKY DOG
|-damage|p2a: 脑袋尖尖的|81/100|[from] item: Life Orb
|
|upkeep
|
|t:|1758997539
|switch|p1a: Stuart Semple|Slowbro-Galar, M|100/100
|turn|6
|
|t:|1758997544
|switch|p2a: 90%≠don't blunder|Samurott-Hisui, F|100/100
|move|p1a: Stuart Semple|Psyshock|p2a: 90%≠don't blunder
|-immune|p2a: 90%≠don't blunder
|
|upkeep
|turn|7
|
|t:|1758997547
|switch|p1a: 68tales|Ninetales-Alola, M|100/100
|-weather|Snowscape|[from] ability: Snow Warning|[of] p1a: 68tales
|move|p2a: 90%≠don't blunder|Ceaseless Edge|p1a: 68tales
|-resisted|p1a: 68tales
|-damage|p1a: 68tales|71/100
|-sidestart|p1: ascended tusk 69|Spikes
|
|-weather|Snowscape|[upkeep]
|upkeep
|turn|8
|
|t:|1758997558
|switch|p2a: Moltres|Moltres|100/100
|move|p1a: 68tales|Aurora Veil|p1a: 68tales
|-sidestart|p1: ascended tusk 69|move: Aurora Veil
|
|-weather|Snowscape|[upkeep]
|upkeep
|turn|9
|
|t:|1758997567
|switch|p1a: Stuart Semple|Slowbro-Galar, M|100/100
|-damage|p1a: Stuart Semple|88/100|[from] Spikes
|move|p2a: Moltres|U-turn|p1a: Stuart Semple
|-damage|p1a: Stuart Semple|81/100
|
|t:|1758997573
|switch|p2a: 90%≠don't blunder|Samurott-Hisui, F|100/100|[from] U-turn
|
|-weather|Snowscape|[upkeep]
|upkeep
|turn|10
|
|t:|1758997580
|switch|p1a: 68tales|Ninetales-Alola, M|71/100
|-damage|p1a: 68tales|58/100|[from] Spikes
|move|p2a: 90%≠don't blunder|Ceaseless Edge|p1a: 68tales
|-resisted|p1a: 68tales
|-damage|p1a: 68tales|43/100
|-sidestart|p1: ascended tusk 69|Spikes
|
|-weather|Snowscape|[upkeep]
|upkeep
|turn|11
|
|t:|1758997587
|switch|p2a: Moltres|Moltres|100/100
|move|p1a: 68tales|Freeze-Dry|p2a: Moltres
|-damage|p2a: Moltres|79/100
|
|-weather|none
|upkeep
|turn|12
|
|t:|1758997595
|switch|p1a: Stuart Semple|Slowbro-Galar, M|81/100
|-damage|p1a: Stuart Semple|65/100|[from] Spikes
|move|p2a: Moltres|U-turn|p1a: Stuart Semple
|-crit|p1a: Stuart Semple
|-damage|p1a: Stuart Semple|45/100
|
|t:|1758997597
|switch|p2a: 脑袋尖尖的|Zamazenta|81/100|[from] U-turn
|
|upkeep
|turn|13
|
|t:|1758997607
|move|p2a: 脑袋尖尖的|Psychic Fangs|p1a: Stuart Semple
|-sideend|p1: ascended tusk 69|move: Aurora Veil
|-damage|p1a: Stuart Semple|15/100
|-damage|p2a: 脑袋尖尖的|71/100|[from] item: Life Orb
|move|p1a: Stuart Semple|Sludge Bomb|p2a: 脑袋尖尖的
|-crit|p2a: 脑袋尖尖的
|-damage|p2a: 脑袋尖尖的|14/100
|
|upkeep
|turn|14
|
|t:|1758997615
|move|p2a: 脑袋尖尖的|Crunch|p1a: Stuart Semple
|-supereffective|p1a: Stuart Semple
|-damage|p1a: Stuart Semple|0 fnt
|faint|p1a: Stuart Semple
|-damage|p2a: 脑袋尖尖的|4/100|[from] item: Life Orb
|
|upkeep
|
|t:|1758997619
|switch|p1a: DEATH SENTENCE|Kingambit, M|100/100
|-damage|p1a: DEATH SENTENCE|84/100|[from] Spikes
|-activate|p1a: DEATH SENTENCE|ability: Supreme Overlord
|-start|p1a: DEATH SENTENCE|fallen3|[silent]
|turn|15
|
|t:|1758997626
|switch|p2a: Moltres|Moltres|79/100
|move|p1a: DEATH SENTENCE|Sucker Punch||[still]
|-fail|p1a: DEATH SENTENCE
|
|-heal|p1a: DEATH SENTENCE|90/100|[from] item: Leftovers
|upkeep
|turn|16
|
|t:|1758997630
|-end|p1a: DEATH SENTENCE|fallen3|[silent]
|switch|p1a: 68tales|Ninetales-Alola, M|43/100
|-damage|p1a: 68tales|27/100|[from] Spikes
|-weather|Snowscape|[from] ability: Snow Warning|[of] p1a: 68tales
|move|p2a: Moltres|Flamethrower|p1a: 68tales
|-supereffective|p1a: 68tales
|-damage|p1a: 68tales|0 fnt
|faint|p1a: 68tales
|
|-weather|Snowscape|[upkeep]
|upkeep
|
|t:|1758997632
|switch|p1a: Goatias|Latias, F|100/100
|turn|17
|
|t:|1758997635
|move|p1a: Goatias|Agility|p1a: Goatias
|-boost|p1a: Goatias|spe|2
|move|p2a: Moltres|U-turn|p1a: Goatias
|-supereffective|p1a: Goatias
|-damage|p1a: Goatias|74/100
|
|t:|1758997639
|switch|p2a: 长脖奶龙|Raging Bolt|100/100|[from] U-turn
|
|-weather|Snowscape|[upkeep]
|-heal|p1a: Goatias|81/100|[from] item: Leftovers
|upkeep
|turn|18
|
|t:|1758997644
|-terastallize|p2a: 长脖奶龙|Fairy
|move|p1a: Goatias|Calm Mind|p1a: Goatias
|-boost|p1a: Goatias|spa|1
|-boost|p1a: Goatias|spd|1
|move|p2a: 长脖奶龙|Draco Meteor|p1a: Goatias
|-supereffective|p1a: Goatias
|-crit|p1a: Goatias
|-damage|p1a: Goatias|0 fnt
|-unboost|p2a: 长脖奶龙|spa|2
|faint|p1a: Goatias
|
|-weather|Snowscape|[upkeep]
|upkeep
|c|☆ascended tusk 69|so much crit
|
|t:|1758997658
|switch|p1a: DEATH SENTENCE|Kingambit, M|90/100
|-damage|p1a: DEATH SENTENCE|73/100|[from] Spikes
|-activate|p1a: DEATH SENTENCE|ability: Supreme Overlord
|-start|p1a: DEATH SENTENCE|fallen5|[silent]
|turn|19
|
|t:|1758997661
|move|p2a: 长脖奶龙|Volt Switch|p1a: DEATH SENTENCE
|-damage|p1a: DEATH SENTENCE|48/100
|
|t:|1758997662
|-end|p2a: 长脖奶龙|Protosynthesis|[silent]
|switch|p2a: 90%≠don't blunder|Samurott-Hisui, F|100/100|[from] Volt Switch
|move|p1a: DEATH SENTENCE|Swords Dance|p1a: DEATH SENTENCE
|-boost|p1a: DEATH SENTENCE|atk|2
|
|-weather|Snowscape|[upkeep]
|-heal|p1a: DEATH SENTENCE|54/100|[from] item: Leftovers
|upkeep
|turn|20
|
|t:|1758997667
|-terastallize|p1a: DEATH SENTENCE|Fairy
|move|p2a: 90%≠don't blunder|Razor Shell|p1a: DEATH SENTENCE
|-damage|p1a: DEATH SENTENCE|0 fnt
|faint|p1a: DEATH SENTENCE
|-end|p1a: DEATH SENTENCE|fallen5|[silent]
|
|win|MunchlaxTheGodKing
|raw|ascended tusk 69's rating: 1798 &rarr; <strong>1781</strong><br />(-17 for losing)
|raw|MunchlaxTheGodKing's rating: 1843 &rarr; <strong>1860</strong><br />(+17 for winning)
|l|☆MunchlaxTheGodKing
|player|p2|
|l| tiochicodobos
