|j|☆rayninja07
|j|☆St. Saturn
|t:|1758956722
|gametype|singles
|player|p1|rayninja07|n|1191
|player|p2|St. Saturn|veteran|1220
|gen|9
|tier|[Gen 9] OU
|rated|
|rule|HP Percentage Mod: HP is shown in percentages
|rule|Endless Battle Clause: Forcing endless battles is banned
|rule|Species Clause: Limit one of each Pokémon
|rule|OHKO Clause: OHKO moves are banned
|rule|Evasion Items Clause: Evasion items are banned
|rule|Evasion Moves Clause: Evasion moves are banned
|rule|Evasion Abilities Clause: Evasion abilities are banned
|rule|Sleep Moves Clause: Sleep-inducing moves are banned
|clearpoke
|poke|p1|Hariyama, M|
|poke|p1|Mimikyu, M|
|poke|p1|Umbreon, F|
|poke|p1|Hawlucha, M|
|poke|p1|Dragonite, F|
|poke|p1|Excadrill, F|
|poke|p2|Great Tusk|
|poke|p2|Moltres|
|poke|p2|Slowking-Galar, M|
|poke|p2|Kyurem|
|poke|p2|Iron Valiant|
|poke|p2|Samurott-Hisui, M|
|teampreview
|inactive|Battle timer is ON: inactive players will automatically lose when time's up. (requested by St. Saturn)
|inactive|rayninja07 also wants the timer to be on.
|
|t:|1758956733
|teamsize|p1|6
|teamsize|p2|6
|start
|switch|p1a: Excadrill|Excadrill, F|100/100
|switch|p2a: Samurott|Samurott-Hisui, M|100/100
|-ability|p1a: Excadrill|Mold Breaker
|turn|1
|
|t:|1758956739
|move|p1a: Excadrill|Stealth Rock|p2a: Samurott
|-sidestart|p2: St. Saturn|move: Stealth Rock
|move|p2a: Samurott|Razor Shell|p1a: Excadrill
|-supereffective|p1a: Excadrill
|-damage|p1a: Excadrill|0 fnt
|faint|p1a: Excadrill
|
|upkeep
|
|t:|1758956748
|switch|p1a: Umbreon|Umbreon, F, shiny|100/100
|turn|2
|
|t:|1758956752
|move|p2a: Samurott|Ceaseless Edge|p1a: Umbreon|[miss]
|-miss|p2a: Samurott|p1a: Umbreon
|move|p1a: Umbreon|Toxic|p2a: Samurott
|-status|p2a: Samurott|tox
|
|-damage|p2a: Samurott|94/100 tox|[from] psn
|upkeep
|turn|3
|
|t:|1758956763
|move|p2a: Samurott|Ceaseless Edge|p1a: Umbreon
|-resisted|p1a: Umbreon
|-damage|p1a: Umbreon|83/100
|-sidestart|p1: rayninja07|Spikes
|move|p1a: Umbreon|Wish|p1a: Umbreon
|
|-heal|p1a: Umbreon|89/100|[from] item: Leftovers
|-damage|p2a: Samurott|82/100 tox|[from] psn
|upkeep
|turn|4
|
|t:|1758956770
|switch|p2a: Slowking|Slowking-Galar, M|100/100
|move|p1a: Umbreon|Foul Play|p2a: Slowking
|-supereffective|p2a: Slowking
|-damage|p2a: Slowking|65/100
|
|-heal|p1a: Umbreon|100/100|[from] move: Wish|[wisher] Umbreon
|upkeep
|turn|5
|
|t:|1758956780
|switch|p1a: Dragonite|Dragonite, F|100/100
|move|p2a: Slowking|Thunder Wave|p1a: Dragonite
|-status|p1a: Dragonite|par
|
|upkeep
|turn|6
|
|t:|1758956787
|cant|p1a: Dragonite|par
|-prepare|p2a: Slowking|Chilly Reception|[premajor]
|move|p2a: Slowking|Chilly Reception|p2a: Slowking
|-weather|Snowscape
|
|t:|1758956792
|switch|p2a: Great Tusk|Great Tusk|100/100|[from] Chilly Reception
|
|-weather|Snowscape|[upkeep]
|upkeep
|turn|7
|
|t:|1758956800
|move|p2a: Great Tusk|Rapid Spin|p1a: Dragonite
|-damage|p1a: Dragonite|94/100 par
|-boost|p2a: Great Tusk|spe|1
|-sideend|p2: St. Saturn|Stealth Rock|[from] move: Rapid Spin|[of] p2a: Great Tusk
|move|p1a: Dragonite|Dragon Tail|p2a: Great Tusk
|-damage|p2a: Great Tusk|81/100
|-end|p2a: Great Tusk|Protosynthesis|[silent]
|drag|p2a: Samurott|Samurott-Hisui, M|82/100 tox
|
|-weather|Snowscape|[upkeep]
|-heal|p1a: Dragonite|99/100 par|[from] item: Leftovers
|-damage|p2a: Samurott|76/100 tox|[from] psn
|upkeep
|turn|8
|
|t:|1758956812
|move|p2a: Samurott|Ceaseless Edge|p1a: Dragonite
|-damage|p1a: Dragonite|68/100 par
|-sidestart|p1: rayninja07|Spikes
|move|p1a: Dragonite|Substitute|p1a: Dragonite
|-start|p1a: Dragonite|Substitute
|-damage|p1a: Dragonite|43/100 par
|
|-weather|Snowscape|[upkeep]
|-heal|p1a: Dragonite|49/100 par|[from] item: Leftovers
|-damage|p2a: Samurott|64/100 tox|[from] psn
|upkeep
|turn|9
|
|t:|1758956819
|move|p2a: Samurott|Razor Shell|p1a: Dragonite
|-resisted|p1a: Dragonite
|-activate|p1a: Dragonite|move: Substitute|[damage]
|move|p1a: Dragonite|Dragon Tail|p2a: Samurott
|-damage|p2a: Samurott|34/100 tox
|drag|p2a: Slowking|Slowking-Galar, M|98/100
|
|-weather|Snowscape|[upkeep]
|-heal|p1a: Dragonite|55/100 par|[from] item: Leftovers
|upkeep
|turn|10
|
|t:|1758956835
|switch|p2a: Samurott|Samurott-Hisui, M|34/100 tox
|move|p1a: Dragonite|Dragon Tail|p2a: Samurott
|-damage|p2a: Samurott|7/100 tox
|drag|p2a: Iron Valiant|Iron Valiant|100/100
|-enditem|p2a: Iron Valiant|Booster Energy
|-activate|p2a: Iron Valiant|ability: Quark Drive|[fromitem]
|-start|p2a: Iron Valiant|quarkdrivespe
|
|-weather|none
|-heal|p1a: Dragonite|61/100 par|[from] item: Leftovers
|upkeep
|turn|11
|
|t:|1758956846
|move|p2a: Iron Valiant|Moonblast|p1a: Dragonite
|-supereffective|p1a: Dragonite
|-end|p1a: Dragonite|Substitute
|move|p1a: Dragonite|Thunder Wave|p2a: Iron Valiant
|-status|p2a: Iron Valiant|par
|
|-heal|p1a: Dragonite|68/100 par|[from] item: Leftovers
|upkeep
|turn|12
|
|t:|1758956855
|move|p2a: Iron Valiant|Moonblast|p1a: Dragonite
|-supereffective|p1a: Dragonite
|-damage|p1a: Dragonite|0 fnt
|faint|p1a: Dragonite
|
|upkeep
|
|t:|1758956864
|switch|p1a: Hawlucha|Hawlucha, M|100/100
|turn|13
|
|t:|1758956869
|-terastallize|p2a: Iron Valiant|Steel
|move|p1a: Hawlucha|Sky Attack||[still]
|-prepare|p1a: Hawlucha|Sky Attack
|-enditem|p1a: Hawlucha|Power Herb
|-anim|p1a: Hawlucha|Sky Attack|p2a: Iron Valiant|[miss]
|-miss|p1a: Hawlucha|p2a: Iron Valiant
|move|p2a: Iron Valiant|Moonblast|p1a: Hawlucha
|-supereffective|p1a: Hawlucha
|-damage|p1a: Hawlucha|0 fnt
|faint|p1a: Hawlucha
|
|upkeep
|
|t:|1758956877
|switch|p1a: Mimikyu|Mimikyu, M, shiny|100/100
|-damage|p1a: Mimikyu|84/100|[from] Spikes
|turn|14
|
|t:|1758956881
|move|p1a: Mimikyu|Swords Dance|p1a: Mimikyu
|-boost|p1a: Mimikyu|atk|2
|move|p2a: Iron Valiant|Knock Off|p1a: Mimikyu
|-activate|p1a: Mimikyu|ability: Disguise
|-damage|p1a: Mimikyu|84/100
|-enditem|p1a: Mimikyu|Life Orb|[from] move: Knock Off|[of] p2a: Iron Valiant
|detailschange|p1a: Mimikyu|Mimikyu-Busted, M, shiny
|-damage|p1a: Mimikyu|72/100|[from] pokemon: Mimikyu-Busted
|
|upkeep
|turn|15
|
|t:|1758956886
|move|p1a: Mimikyu|Play Rough|p2a: Iron Valiant
|-resisted|p2a: Iron Valiant
|-crit|p2a: Iron Valiant
|-damage|p2a: Iron Valiant|28/100 par
|move|p2a: Iron Valiant|Knock Off|p1a: Mimikyu
|-damage|p1a: Mimikyu|43/100
|
|upkeep
|turn|16
|
|t:|1758956894
|move|p1a: Mimikyu|Shadow Claw|p2a: Iron Valiant
|-damage|p2a: Iron Valiant|0 fnt
|faint|p2a: Iron Valiant
|-end|p2a: Iron Valiant|Quark Drive|[silent]
|
|upkeep
|
|t:|1758956907
|switch|p2a: Moltres|Moltres|100/100
|turn|17
|
|t:|1758956915
|move|p1a: Mimikyu|Shadow Claw|p2a: Moltres
|-crit|p2a: Moltres
|-damage|p2a: Moltres|46/100
|move|p2a: Moltres|Flamethrower|p1a: Mimikyu
|-damage|p1a: Mimikyu|0 fnt
|faint|p1a: Mimikyu
|
|upkeep
|
|t:|1758956924
|switch|p1a: Hariyama|Hariyama, M|100/100
|-damage|p1a: Hariyama|84/100|[from] Spikes
|turn|18
|
|t:|1758956931
|move|p2a: Moltres|Hurricane|p1a: Hariyama
|-supereffective|p1a: Hariyama
|-damage|p1a: Hariyama|0 fnt
|faint|p1a: Hariyama
|
|upkeep
|
|t:|1758956935
|switch|p1a: Umbreon|Umbreon, F, shiny|100/100
|-damage|p1a: Umbreon|84/100|[from] Spikes
|turn|19
|
|t:|1758956939
|move|p2a: Moltres|Flamethrower|p1a: Umbreon
|-damage|p1a: Umbreon|65/100
|-status|p1a: Umbreon|brn
|move|p1a: Umbreon|Toxic|p2a: Moltres
|-status|p2a: Moltres|tox
|
|-heal|p1a: Umbreon|72/100 brn|[from] item: Leftovers
|-damage|p2a: Moltres|40/100 tox|[from] psn
|-damage|p1a: Umbreon|65/100 brn|[from] brn
|upkeep
|turn|20
|
|t:|1758956946
|move|p2a: Moltres|Roost|p2a: Moltres
|-heal|p2a: Moltres|91/100 tox
|-singleturn|p2a: Moltres|move: Roost
|move|p1a: Umbreon|Wish|p1a: Umbreon
|
|-heal|p1a: Umbreon|72/100 brn|[from] item: Leftovers
|-damage|p2a: Moltres|79/100 tox|[from] psn
|-damage|p1a: Umbreon|65/100 brn|[from] brn
|upkeep
|turn|21
|
|t:|1758956952
|move|p2a: Moltres|Hurricane|p1a: Umbreon
|-damage|p1a: Umbreon|42/100 brn
|move|p1a: Umbreon|Foul Play|p2a: Moltres
|-crit|p2a: Moltres
|-damage|p2a: Moltres|63/100 tox
|
|-heal|p1a: Umbreon|92/100 brn|[from] move: Wish|[wisher] Umbreon
|-heal|p1a: Umbreon|98/100 brn|[from] item: Leftovers
|-damage|p2a: Moltres|45/100 tox|[from] psn
|-damage|p1a: Umbreon|92/100 brn|[from] brn
|upkeep
|turn|22
|
|t:|1758956960
|move|p2a: Moltres|U-turn|p1a: Umbreon
|-supereffective|p1a: Umbreon
|-damage|p1a: Umbreon|67/100 brn
|
|t:|1758956963
|switch|p2a: Slowking|Slowking-Galar, M|100/100|[from] U-turn
|move|p1a: Umbreon|Wish|p1a: Umbreon
|
|-heal|p1a: Umbreon|73/100 brn|[from] item: Leftovers
|-damage|p1a: Umbreon|67/100 brn|[from] brn
|upkeep
|turn|23
|
|t:|1758956972
|move|p1a: Umbreon|Foul Play|p2a: Slowking
|-supereffective|p2a: Slowking
|-damage|p2a: Slowking|83/100
|move|p2a: Slowking|Sludge Bomb|p1a: Umbreon
|-damage|p1a: Umbreon|50/100 brn
|
|-heal|p1a: Umbreon|99/100 brn|[from] move: Wish|[wisher] Umbreon
|-heal|p1a: Umbreon|100/100 brn|[from] item: Leftovers
|-damage|p1a: Umbreon|94/100 brn|[from] brn
|upkeep
|turn|24
|
|t:|1758956980
|move|p1a: Umbreon|Foul Play|p2a: Slowking
|-supereffective|p2a: Slowking
|-damage|p2a: Slowking|63/100
|move|p2a: Slowking|Sludge Bomb|p1a: Umbreon
|-damage|p1a: Umbreon|76/100 brn
|
|-heal|p1a: Umbreon|82/100 brn|[from] item: Leftovers
|-damage|p1a: Umbreon|76/100 brn|[from] brn
|upkeep
|turn|25
|
|t:|1758956991
|switch|p2a: Samurott|Samurott-Hisui, M|7/100 tox
|move|p1a: Umbreon|Foul Play|p2a: Samurott
|-resisted|p2a: Samurott
|-crit|p2a: Samurott
|-damage|p2a: Samurott|0 fnt
|faint|p2a: Samurott
|
|-heal|p1a: Umbreon|82/100 brn|[from] item: Leftovers
|-damage|p1a: Umbreon|76/100 brn|[from] brn
|upkeep
|
|t:|1758956996
|switch|p2a: Moltres|Moltres|45/100 tox
|turn|26
|
|t:|1758957001
|move|p2a: Moltres|Roost|p2a: Moltres
|-heal|p2a: Moltres|95/100 tox
|-singleturn|p2a: Moltres|move: Roost
|move|p1a: Umbreon|Wish|p1a: Umbreon
|
|-heal|p1a: Umbreon|82/100 brn|[from] item: Leftovers
|-damage|p2a: Moltres|89/100 tox|[from] psn
|-damage|p1a: Umbreon|76/100 brn|[from] brn
|upkeep
|turn|27
|
|t:|1758957006
|switch|p2a: Slowking|Slowking-Galar, M|96/100
|move|p1a: Umbreon|Foul Play|p2a: Slowking
|-supereffective|p2a: Slowking
|-damage|p2a: Slowking|76/100
|
|-heal|p1a: Umbreon|100/100 brn|[from] move: Wish|[wisher] Umbreon
|-damage|p1a: Umbreon|94/100 brn|[from] brn
|upkeep
|turn|28
|
|t:|1758957013
|move|p1a: Umbreon|Foul Play|p2a: Slowking
|-supereffective|p2a: Slowking
|-damage|p2a: Slowking|56/100
|move|p2a: Slowking|Sludge Bomb|p1a: Umbreon
|-damage|p1a: Umbreon|75/100 brn
|
|-heal|p1a: Umbreon|81/100 brn|[from] item: Leftovers
|-damage|p1a: Umbreon|75/100 brn|[from] brn
|upkeep
|turn|29
|
|t:|1758957019
|move|p1a: Umbreon|Foul Play|p2a: Slowking
|-supereffective|p2a: Slowking
|-damage|p2a: Slowking|36/100
|move|p2a: Slowking|Sludge Bomb|p1a: Umbreon
|-damage|p1a: Umbreon|56/100 brn
|
|-heal|p1a: Umbreon|62/100 brn|[from] item: Leftovers
|-damage|p1a: Umbreon|56/100 brn|[from] brn
|upkeep
|turn|30
|
|t:|1758957034
|move|p1a: Umbreon|Foul Play|p2a: Slowking
|-supereffective|p2a: Slowking
|-damage|p2a: Slowking|18/100
|-prepare|p2a: Slowking|Chilly Reception|[premajor]
|move|p2a: Slowking|Chilly Reception|p2a: Slowking
|-weather|Snowscape
|
|t:|1758957039
|switch|p2a: Kyurem|Kyurem|100/100|[from] Chilly Reception
|-ability|p2a: Kyurem|Pressure
|
|-weather|Snowscape|[upkeep]
|-heal|p1a: Umbreon|62/100 brn|[from] item: Leftovers
|-damage|p1a: Umbreon|56/100 brn|[from] brn
|upkeep
|turn|31
|
|t:|1758957052
|move|p2a: Kyurem|Dragon Dance|p2a: Kyurem
|-boost|p2a: Kyurem|atk|1
|-boost|p2a: Kyurem|spe|1
|move|p1a: Umbreon|Toxic|p2a: Kyurem
|-status|p2a: Kyurem|tox
|
|-weather|Snowscape|[upkeep]
|-heal|p1a: Umbreon|62/100 brn|[from] item: Leftovers
|-damage|p2a: Kyurem|94/100 tox|[from] psn
|-damage|p1a: Umbreon|56/100 brn|[from] brn
|upkeep
|turn|32
|
|t:|1758957062
|move|p2a: Kyurem|Icicle Spear|p1a: Umbreon
|-damage|p1a: Umbreon|37/100 brn
|-damage|p1a: Umbreon|20/100 brn
|-damage|p1a: Umbreon|3/100 brn
|-damage|p1a: Umbreon|0 fnt
|faint|p1a: Umbreon
|-hitcount|p1: Umbreon|4
|
|win|St. Saturn
|raw|rayninja07's rating: 1191 &rarr; <strong>1168</strong><br />(-23 for losing)
|raw|St. Saturn's rating: 1220 &rarr; <strong>1243</strong><br />(+23 for winning)
|l|☆rayninja07
|player|p1|
|l|☆St. Saturn
|player|p2|
