|j|☆will1994
|j|☆uber-mom
|t:|1758921470
|gametype|singles
|player|p1|will1994|red|1683
|player|p2|uber-mom|lucas|1668
|gen|9
|tier|[Gen 9] OU
|rated|
|rule|HP Percentage Mod: HP is shown in percentages
|rule|Endless Battle Clause: Forcing endless battles is banned
|rule|Species Clause: Limit one of each Pokémon
|rule|OHKO Clause: OHKO moves are banned
|rule|Evasion Items Clause: Evasion items are banned
|rule|Evasion Moves Clause: Evasion moves are banned
|rule|Evasion Abilities Clause: Evasion abilities are banned
|rule|Sleep Moves Clause: Sleep-inducing moves are banned
|clearpoke
|poke|p1|Rillaboom, F|
|poke|p1|Charizard, M|
|poke|p1|Corviknight, F|
|poke|p1|Kleavor, M|
|poke|p1|Clodsire, F|
|poke|p1|Samurott-Hisui, F|
|poke|p2|Cinderace, F|
|poke|p2|Samurott-Hisui, F|
|poke|p2|Iron Crown|
|poke|p2|Pecharunt|
|poke|p2|Enamorus, F|
|poke|p2|Great Tusk|
|teampreview
|inactive|Battle timer is ON: inactive players will automatically lose when time's up. (requested by uber-mom)
|
|t:|1758921479
|teamsize|p1|6
|teamsize|p2|6
|start
|switch|p1a: Kleavor|Kleavor, M|100/100
|switch|p2a: Samurott|Samurott-Hisui, F, shiny|100/100
|turn|1
|j| roarcat
|
|t:|1758921483
|move|p2a: Samurott|Razor Shell|p1a: Kleavor
|-supereffective|p1a: Kleavor
|-damage|p1a: Kleavor|0 fnt
|faint|p1a: Kleavor
|
|upkeep
|
|t:|1758921491
|switch|p1a: Rillaboom|Rillaboom, F|100/100
|-fieldstart|move: Grassy Terrain|[from] ability: Grassy Surge|[of] p1a: Rillaboom
|turn|2
|
|t:|1758921501
|switch|p2a: Iron Crown|Iron Crown|100/100
|move|p1a: Rillaboom|Knock Off|p2a: Iron Crown
|-supereffective|p2a: Iron Crown
|-damage|p2a: Iron Crown|0 fnt
|-enditem|p2a: Iron Crown|Assault Vest|[from] move: Knock Off|[of] p1a: Rillaboom
|faint|p2a: Iron Crown
|-end|p2a: Iron Crown|Quark Drive|[silent]
|
|upkeep
|
|t:|1758921504
|switch|p2a: Pecharunt|Pecharunt|100/100
|turn|3
|
|t:|1758921511
|switch|p1a: Corviknight|Corviknight, F|100/100
|-ability|p1a: Corviknight|Pressure
|move|p2a: Pecharunt|Malignant Chain|p1a: Corviknight
|-immune|p1a: Corviknight
|
|upkeep
|turn|4
|
|t:|1758921517
|switch|p1a: Samurott|Samurott-Hisui, F|100/100
|move|p2a: Pecharunt|Parting Shot|p1a: Samurott
|-unboost|p1a: Samurott|atk|1
|-unboost|p1a: Samurott|spa|1
|
|t:|1758921528
|switch|p2a: Cinderace|Cinderace, F|100/100|[from] Parting Shot
|
|upkeep
|turn|5
|
|t:|1758921535
|switch|p1a: Clodsire|Clodsire, F|100/100
|move|p2a: Cinderace|U-turn|p1a: Clodsire
|-start|p2a: Cinderace|typechange|Bug|[from] ability: Libero
|-resisted|p1a: Clodsire
|-damage|p1a: Clodsire|90/100
|j| fuguier
|
|t:|1758921549
|switch|p2a: Samurott|Samurott-Hisui, F, shiny|100/100|[from] U-turn
|
|-heal|p1a: Clodsire|96/100|[from] Grassy Terrain
|-heal|p1a: Clodsire|100/100|[from] item: Leftovers
|upkeep
|turn|6
|j| sirpeanutcronch
|l| sirpeanutcronch
|
|t:|1758921562
|move|p2a: Samurott|Ceaseless Edge|p1a: Clodsire
|-damage|p1a: Clodsire|68/100
|-sidestart|p1: will1994|Spikes
|move|p1a: Clodsire|Stockpile|p1a: Clodsire
|-start|p1a: Clodsire|stockpile1
|-boost|p1a: Clodsire|def|1
|-boost|p1a: Clodsire|spd|1
|
|-heal|p1a: Clodsire|74/100|[from] Grassy Terrain
|-heal|p1a: Clodsire|80/100|[from] item: Leftovers
|-fieldend|move: Grassy Terrain
|upkeep
|turn|7
|
|t:|1758921567
|move|p2a: Samurott|Ceaseless Edge|p1a: Clodsire
|-damage|p1a: Clodsire|59/100
|-sidestart|p1: will1994|Spikes
|move|p1a: Clodsire|Toxic|p2a: Samurott
|-status|p2a: Samurott|tox
|
|-heal|p1a: Clodsire|65/100|[from] item: Leftovers
|-damage|p2a: Samurott|94/100 tox|[from] psn
|upkeep
|turn|8
|
|t:|1758921570
|move|p2a: Samurott|Ceaseless Edge|p1a: Clodsire
|-damage|p1a: Clodsire|43/100
|-sidestart|p1: will1994|Spikes
|move|p1a: Clodsire|Recover|p1a: Clodsire
|-heal|p1a: Clodsire|93/100
|
|-heal|p1a: Clodsire|99/100|[from] item: Leftovers
|-damage|p2a: Samurott|82/100 tox|[from] psn
|upkeep
|turn|9
|
|t:|1758921573
|move|p2a: Samurott|Ceaseless Edge|p1a: Clodsire
|-damage|p1a: Clodsire|78/100
|move|p1a: Clodsire|Stockpile|p1a: Clodsire
|-start|p1a: Clodsire|stockpile2
|-boost|p1a: Clodsire|def|1
|-boost|p1a: Clodsire|spd|1
|
|-heal|p1a: Clodsire|84/100|[from] item: Leftovers
|-damage|p2a: Samurott|63/100 tox|[from] psn
|upkeep
|turn|10
|
|t:|1758921577
|switch|p2a: Great Tusk|Great Tusk|100/100
|move|p1a: Clodsire|Body Press|p2a: Great Tusk
|-damage|p2a: Great Tusk|75/100
|
|-heal|p1a: Clodsire|91/100|[from] item: Leftovers
|upkeep
|turn|11
|
|t:|1758921580
|move|p2a: Great Tusk|Headlong Rush|p1a: Clodsire
|-supereffective|p1a: Clodsire
|-damage|p1a: Clodsire|16/100
|-unboost|p2a: Great Tusk|def|1
|-unboost|p2a: Great Tusk|spd|1
|move|p1a: Clodsire|Toxic|p2a: Great Tusk
|-status|p2a: Great Tusk|tox
|
|-heal|p1a: Clodsire|23/100|[from] item: Leftovers
|-damage|p2a: Great Tusk|68/100 tox|[from] psn
|upkeep
|turn|12
|
|t:|1758921587
|-end|p2a: Great Tusk|Protosynthesis|[silent]
|switch|p2a: Samurott|Samurott-Hisui, F, shiny|63/100 tox
|switch|p1a: Corviknight|Corviknight, F|100/100
|-ability|p1a: Corviknight|Pressure
|
|-damage|p2a: Samurott|57/100 tox|[from] psn
|upkeep
|turn|13
|
|t:|1758921590
|move|p2a: Samurott|Knock Off|p1a: Corviknight
|-crit|p1a: Corviknight
|-damage|p1a: Corviknight|64/100
|-damage|p2a: Samurott|40/100 tox|[from] item: Rocky Helmet|[of] p1a: Corviknight
|-enditem|p1a: Corviknight|Rocky Helmet|[from] move: Knock Off|[of] p2a: Samurott
|move|p1a: Corviknight|Defog|p2a: Samurott
|-unboost|p2a: Samurott|evasion|1
|-sideend|p1: will1994|Spikes|[from] move: Defog|[of] p1a: Corviknight
|
|-damage|p2a: Samurott|28/100 tox|[from] psn
|upkeep
|turn|14
|
|t:|1758921594
|switch|p2a: Cinderace|Cinderace, F|100/100
|move|p1a: Corviknight|Roost|p1a: Corviknight
|-heal|p1a: Corviknight|100/100
|-singleturn|p1a: Corviknight|move: Roost
|
|upkeep
|turn|15
|
|t:|1758921603
|switch|p1a: Charizard|Charizard, M|100/100
|move|p2a: Cinderace|U-turn|p1a: Charizard
|-start|p2a: Cinderace|typechange|Bug|[from] ability: Libero
|-resisted|p1a: Charizard
|-crit|p1a: Charizard
|-damage|p1a: Charizard|87/100
|
|t:|1758921607
|switch|p2a: Samurott|Samurott-Hisui, F, shiny|28/100 tox|[from] U-turn
|
|-damage|p2a: Samurott|22/100 tox|[from] psn
|upkeep
|turn|16
|l| fuguier
|
|t:|1758921617
|switch|p1a: Corviknight|Corviknight, F|100/100
|-ability|p1a: Corviknight|Pressure
|move|p2a: Samurott|Razor Shell|p1a: Corviknight
|-damage|p1a: Corviknight|68/100
|
|-damage|p2a: Samurott|9/100 tox|[from] psn
|upkeep
|turn|17
|
|t:|1758921620
|move|p2a: Samurott|Razor Shell|p1a: Corviknight
|-damage|p1a: Corviknight|39/100
|move|p1a: Corviknight|Roost|p1a: Corviknight
|-heal|p1a: Corviknight|89/100
|-singleturn|p1a: Corviknight|move: Roost
|
|-damage|p2a: Samurott|0 fnt|[from] psn
|faint|p2a: Samurott
|upkeep
|
|t:|1758921623
|switch|p2a: Cinderace|Cinderace, F|100/100
|turn|18
|
|t:|1758921630
|switch|p1a: Charizard|Charizard, M|87/100
|move|p2a: Cinderace|Pyro Ball|p1a: Charizard|[miss]
|-miss|p2a: Cinderace|p1a: Charizard
|
|upkeep
|turn|19
|
|t:|1758921638
|move|p2a: Cinderace|U-turn|p1a: Charizard
|-start|p2a: Cinderace|typechange|Bug|[from] ability: Libero
|-resisted|p1a: Charizard
|-damage|p1a: Charizard|77/100
|
|t:|1758921643
|switch|p2a: Pecharunt|Pecharunt|100/100|[from] U-turn
|move|p1a: Charizard|Air Slash|p2a: Pecharunt
|-damage|p2a: Pecharunt|47/100
|
|upkeep
|turn|20
|
|t:|1758921648
|move|p1a: Charizard|Air Slash|p2a: Pecharunt
|-damage|p2a: Pecharunt|0 fnt
|faint|p2a: Pecharunt
|
|upkeep
|
|t:|1758921650
|switch|p2a: Enamorus|Enamorus, F|100/100
|turn|21
|
|t:|1758921657
|switch|p1a: Clodsire|Clodsire, F|23/100
|-terastallize|p2a: Enamorus|Stellar
|move|p2a: Enamorus|Tera Blast|p1a: Clodsire|[anim] Tera Blast Stellar
|-damage|p1a: Clodsire|0 fnt
|-boost|p2a: Enamorus|atk|1
|-boost|p2a: Enamorus|spa|1
|faint|p1a: Clodsire
|
|upkeep
|
|t:|1758921680
|switch|p1a: Corviknight|Corviknight, F|89/100
|-ability|p1a: Corviknight|Pressure
|turn|22
|
|t:|1758921683
|move|p2a: Enamorus|Tera Blast|p1a: Corviknight|[anim] Tera Blast Stellar
|-damage|p1a: Corviknight|9/100
|-boost|p2a: Enamorus|atk|1
|-boost|p2a: Enamorus|spa|1
|move|p1a: Corviknight|Brave Bird|p2a: Enamorus
|-damage|p2a: Enamorus|41/100
|-damage|p1a: Corviknight|0 fnt|[from] Recoil
|faint|p1a: Corviknight
|
|upkeep
|
|t:|1758921697
|switch|p1a: Samurott|Samurott-Hisui, F|100/100
|turn|23
|
|t:|1758921701
|-terastallize|p1a: Samurott|Fairy
|move|p2a: Enamorus|Tera Blast|p1a: Samurott|[anim] Tera Blast Stellar
|-supereffective|p1a: Samurott
|-damage|p1a: Samurott|0 fnt
|-boost|p2a: Enamorus|atk|1
|-boost|p2a: Enamorus|spa|1
|faint|p1a: Samurott
|
|upkeep
|
|t:|1758921706
|switch|p1a: Rillaboom|Rillaboom, F|100/100
|-fieldstart|move: Grassy Terrain|[from] ability: Grassy Surge|[of] p1a: Rillaboom
|turn|24
|
|t:|1758921708
|move|p1a: Rillaboom|Grassy Glide|p2a: Enamorus
|-resisted|p2a: Enamorus
|-damage|p2a: Enamorus|0 fnt
|faint|p2a: Enamorus
|
|upkeep
|
|t:|1758921711
|switch|p2a: Cinderace|Cinderace, F|100/100
|turn|25
|
|t:|1758921717
|move|p1a: Rillaboom|Grassy Glide|p2a: Cinderace
|-resisted|p2a: Cinderace
|-damage|p2a: Cinderace|67/100
|move|p2a: Cinderace|U-turn|p1a: Rillaboom
|-start|p2a: Cinderace|typechange|Bug|[from] ability: Libero
|-supereffective|p1a: Rillaboom
|-damage|p1a: Rillaboom|41/100
|
|t:|1758921720
|switch|p2a: Great Tusk|Great Tusk|68/100 tox|[from] U-turn
|
|-heal|p2a: Great Tusk|75/100 tox|[from] Grassy Terrain
|-heal|p1a: Rillaboom|47/100|[from] Grassy Terrain
|-damage|p2a: Great Tusk|68/100 tox|[from] psn
|upkeep
|turn|26
|
|t:|1758921728
|-end|p2a: Great Tusk|Protosynthesis|[silent]
|switch|p2a: Cinderace|Cinderace, F|67/100
|move|p1a: Rillaboom|Grassy Glide|p2a: Cinderace
|-resisted|p2a: Cinderace
|-damage|p2a: Cinderace|31/100
|
|-heal|p2a: Cinderace|37/100|[from] Grassy Terrain
|-heal|p1a: Rillaboom|53/100|[from] Grassy Terrain
|upkeep
|turn|27
|
|t:|1758921731
|move|p1a: Rillaboom|Grassy Glide|p2a: Cinderace
|-resisted|p2a: Cinderace
|-damage|p2a: Cinderace|1/100
|move|p2a: Cinderace|Pyro Ball|p1a: Rillaboom
|-supereffective|p1a: Rillaboom
|-damage|p1a: Rillaboom|0 fnt
|faint|p1a: Rillaboom
|
|-heal|p2a: Cinderace|7/100|[from] Grassy Terrain
|upkeep
|
|t:|1758921734
|switch|p1a: Charizard|Charizard, M|77/100
|turn|28
|
|t:|1758921740
|move|p2a: Cinderace|Pyro Ball|p1a: Charizard
|-resisted|p1a: Charizard
|-damage|p1a: Charizard|44/100
|move|p1a: Charizard|Flamethrower|p2a: Cinderace
|-resisted|p2a: Cinderace
|-damage|p2a: Cinderace|0 fnt
|faint|p2a: Cinderace
|
|-fieldend|move: Grassy Terrain
|upkeep
|
|t:|1758921742
|switch|p2a: Great Tusk|Great Tusk|68/100 tox
|turn|29
|
|t:|1758921745
|move|p1a: Charizard|Flamethrower|p2a: Great Tusk
|-damage|p2a: Great Tusk|0 fnt
|faint|p2a: Great Tusk
|-end|p2a: Great Tusk|Protosynthesis|[silent]
|
|win|will1994
|raw|will1994's rating: 1683 &rarr; <strong>1702</strong><br />(+19 for winning)
|raw|uber-mom's rating: 1668 &rarr; <strong>1649</strong><br />(-19 for losing)
