|j|☆Tyrtle li
|j|☆MiaTaylor612
|t:|1758947336
|gametype|singles
|player|p1|Tyrtle li|266|1635
|player|p2|MiaTaylor612|lady-gen4|1605
|gen|9
|tier|[Gen 9] OU
|rated|
|rule|HP Percentage Mod: HP is shown in percentages
|rule|Endless Battle Clause: Forcing endless battles is banned
|rule|Species Clause: Limit one of each Pokémon
|rule|OHKO Clause: OHKO moves are banned
|rule|Evasion Items Clause: Evasion items are banned
|rule|Evasion Moves Clause: Evasion moves are banned
|rule|Evasion Abilities Clause: Evasion abilities are banned
|rule|Sleep Moves Clause: Sleep-inducing moves are banned
|clearpoke
|poke|p1|Landorus-Therian, M|
|poke|p1|Samurott-Hisui, M|
|poke|p1|Pecharunt|
|poke|p1|Scizor, F|
|poke|p1|Latios, M|
|poke|p1|Zamazenta-*|
|poke|p2|Hoopa-Unbound|
|poke|p2|Pecharunt|
|poke|p2|Slowking-Galar, M|
|poke|p2|Great Tusk|
|poke|p2|Corviknight, M|
|poke|p2|Cinderace, M|
|teampreview
|inactive|Battle timer is ON: inactive players will automatically lose when time's up. (requested by MiaTaylor612)
|inactive|Tyrtle li has 120 seconds left.
|inactive|MiaTaylor612 has 120 seconds left.
|
|t:|1758947395
|teamsize|p1|6
|teamsize|p2|6
|start
|switch|p1a: Landorus|Landorus-Therian, M|100/100
|switch|p2a: Corviknight|Corviknight, M|100/100
|-ability|p1a: Landorus|Intimidate|boost
|-unboost|p2a: Corviknight|atk|1
|-ability|p2a: Corviknight|Pressure
|turn|1
|inactive|MiaTaylor612 has 120 seconds left.
|
|t:|1758947440
|switch|p2a: Great Tusk|Great Tusk|100/100
|move|p1a: Landorus|Stealth Rock|p2a: Great Tusk
|-sidestart|p2: MiaTaylor612|move: Stealth Rock
|
|upkeep
|turn|2
|
|t:|1758947445
|switch|p1a: Pecharunt|Pecharunt|100/100
|move|p2a: Great Tusk|Stealth Rock|p1a: Pecharunt
|-sidestart|p1: Tyrtle li|move: Stealth Rock
|
|upkeep
|turn|3
|
|t:|1758947449
|move|p1a: Pecharunt|Malignant Chain|p2a: Great Tusk
|-resisted|p2a: Great Tusk
|-damage|p2a: Great Tusk|78/100
|-status|p2a: Great Tusk|tox
|-start|p2a: Great Tusk|confusion|[from] ability: Poison Puppeteer|[of] p1a: Pecharunt
|-activate|p2a: Great Tusk|confusion
|move|p2a: Great Tusk|Headlong Rush|p1a: Pecharunt
|-supereffective|p1a: Pecharunt
|-damage|p1a: Pecharunt|32/100
|-unboost|p2a: Great Tusk|def|1
|-unboost|p2a: Great Tusk|spd|1
|
|-damage|p2a: Great Tusk|71/100 tox|[from] psn
|upkeep
|turn|4
|
|t:|1758947473
|-end|p2a: Great Tusk|Protosynthesis|[silent]
|switch|p2a: Slowking|Slowking-Galar, M|100/100
|move|p1a: Pecharunt|Recover|p1a: Pecharunt
|-heal|p1a: Pecharunt|82/100
|
|upkeep
|turn|5
|inactive|MiaTaylor612 has 120 seconds left.
|inactive|Tyrtle li has 120 seconds left.
|
|t:|1758947514
|move|p1a: Pecharunt|Parting Shot|p2a: Slowking
|-unboost|p2a: Slowking|atk|1
|-unboost|p2a: Slowking|spa|1
|
|t:|1758947516
|switch|p1a: Samurott|Samurott-Hisui, M|100/100|[from] Parting Shot
|-damage|p1a: Samurott|88/100|[from] Stealth Rock
|move|p2a: Slowking|Thunder Wave|p1a: Samurott
|-status|p1a: Samurott|par
|
|upkeep
|turn|6
|inactive|Tyrtle li has 120 seconds left.
|inactive|MiaTaylor612 has 120 seconds left.
|
|t:|1758947526
|switch|p2a: Corviknight|Corviknight, M|100/100
|-damage|p2a: Corviknight|88/100|[from] Stealth Rock
|-ability|p2a: Corviknight|Pressure
|move|p1a: Samurott|Knock Off|p2a: Corviknight
|-damage|p2a: Corviknight|59/100
|-damage|p1a: Samurott|72/100 par|[from] item: Rocky Helmet|[of] p2a: Corviknight
|-enditem|p2a: Corviknight|Rocky Helmet|[from] move: Knock Off|[of] p1a: Samurott
|
|upkeep
|turn|7
|inactive|Tyrtle li has 120 seconds left.
|
|t:|1758947543
|switch|p1a: Pecharunt|Pecharunt|82/100
|move|p2a: Corviknight|Roost|p2a: Corviknight
|-heal|p2a: Corviknight|100/100
|-singleturn|p2a: Corviknight|move: Roost
|
|upkeep
|turn|8
|inactive|Tyrtle li has 120 seconds left.
|inactive|MiaTaylor612 has 120 seconds left.
|
|t:|1758947573
|move|p1a: Pecharunt|Shadow Ball|p2a: Corviknight
|-damage|p2a: Corviknight|76/100
|-unboost|p2a: Corviknight|spd|1
|move|p2a: Corviknight|U-turn|p1a: Pecharunt
|-resisted|p1a: Pecharunt
|-damage|p1a: Pecharunt|80/100
|
|t:|1758947578
|switch|p2a: Slowking|Slowking-Galar, M|100/100|[from] U-turn
|
|upkeep
|turn|9
|
|t:|1758947583
|move|p1a: Pecharunt|Parting Shot|p2a: Slowking
|-unboost|p2a: Slowking|atk|1
|-unboost|p2a: Slowking|spa|1
|
|t:|1758947585
|switch|p1a: Samurott|Samurott-Hisui, M|72/100 par|[from] Parting Shot
|-damage|p1a: Samurott|59/100 par|[from] Stealth Rock
|move|p2a: Slowking|Sludge Bomb|p1a: Samurott
|-damage|p1a: Samurott|39/100 par
|
|upkeep
|turn|10
|
|t:|1758947594
|switch|p2a: Great Tusk|Great Tusk|71/100 tox
|move|p1a: Samurott|Ceaseless Edge|p2a: Great Tusk
|-resisted|p2a: Great Tusk
|-damage|p2a: Great Tusk|54/100 tox
|-sidestart|p2: MiaTaylor612|Spikes
|
|-damage|p2a: Great Tusk|48/100 tox|[from] psn
|upkeep
|turn|11
|
|t:|1758947599
|move|p2a: Great Tusk|Headlong Rush|p1a: Samurott
|-damage|p1a: Samurott|0 fnt
|-unboost|p2a: Great Tusk|def|1
|-unboost|p2a: Great Tusk|spd|1
|faint|p1a: Samurott
|
|-damage|p2a: Great Tusk|36/100 tox|[from] psn
|upkeep
|
|t:|1758947601
|switch|p1a: Latios|Latios, M|100/100
|-damage|p1a: Latios|88/100|[from] Stealth Rock
|turn|12
|
|t:|1758947607
|move|p1a: Latios|Psychic Noise|p2a: Great Tusk
|-supereffective|p2a: Great Tusk
|-damage|p2a: Great Tusk|0 fnt
|faint|p2a: Great Tusk
|-end|p2a: Great Tusk|Protosynthesis|[silent]
|
|upkeep
|
|t:|1758947609
|switch|p2a: Cinderace|Cinderace, M|100/100
|turn|13
|
|t:|1758947615
|move|p2a: Cinderace|Court Change|p2a: Cinderace
|-start|p2a: Cinderace|typechange|Normal|[from] ability: Libero
|-swapsideconditions
|-activate|p2a: Cinderace|move: Court Change
|move|p1a: Latios|Draco Meteor|p2a: Cinderace
|-damage|p2a: Cinderace|0 fnt
|-unboost|p1a: Latios|spa|2
|faint|p2a: Cinderace
|
|upkeep
|
|t:|1758947618
|switch|p2a: Hoopa|Hoopa-Unbound|100/100
|-damage|p2a: Hoopa|88/100|[from] Stealth Rock
|turn|14
|
|t:|1758947631
|switch|p1a: Pecharunt|Pecharunt|80/100
|move|p2a: Hoopa|Knock Off|p1a: Pecharunt
|-supereffective|p1a: Pecharunt
|-damage|p1a: Pecharunt|18/100
|-enditem|p1a: Pecharunt|Heavy-Duty Boots|[from] move: Knock Off|[of] p2a: Hoopa
|
|upkeep
|turn|15
|
|t:|1758947640
|move|p1a: Pecharunt|Malignant Chain|p2a: Hoopa
|-damage|p2a: Hoopa|70/100
|move|p2a: Hoopa|Psychic Noise|p1a: Pecharunt
|-supereffective|p1a: Pecharunt
|-damage|p1a: Pecharunt|0 fnt
|faint|p1a: Pecharunt
|
|upkeep
|
|t:|1758947647
|switch|p1a: Landorus|Landorus-Therian, M|100/100
|-damage|p1a: Landorus|88/100|[from] Stealth Rock
|-ability|p1a: Landorus|Intimidate|boost
|-unboost|p2a: Hoopa|atk|1
|turn|16
|
|t:|1758947654
|switch|p2a: Corviknight|Corviknight, M|76/100
|-damage|p2a: Corviknight|63/100|[from] Stealth Rock
|-ability|p2a: Corviknight|Pressure
|move|p1a: Landorus|U-turn|p2a: Corviknight
|-resisted|p2a: Corviknight
|-damage|p2a: Corviknight|60/100
|
|t:|1758947660
|switch|p1a: Latios|Latios, M|88/100|[from] U-turn
|-damage|p1a: Latios|76/100|[from] Stealth Rock
|
|upkeep
|turn|17
|
|t:|1758947666
|move|p1a: Latios|Calm Mind|p1a: Latios
|-boost|p1a: Latios|spa|1
|-boost|p1a: Latios|spd|1
|move|p2a: Corviknight|Roost|p2a: Corviknight
|-heal|p2a: Corviknight|100/100
|-singleturn|p2a: Corviknight|move: Roost
|
|upkeep
|turn|18
|
|t:|1758947668
|move|p1a: Latios|Calm Mind|p1a: Latios
|-boost|p1a: Latios|spa|1
|-boost|p1a: Latios|spd|1
|move|p2a: Corviknight|U-turn|p1a: Latios
|-supereffective|p1a: Latios
|-damage|p1a: Latios|39/100
|
|t:|1758947670
|switch|p2a: Slowking|Slowking-Galar, M|100/100|[from] U-turn
|
|upkeep
|turn|19
|
|t:|1758947673
|-terastallize|p1a: Latios|Steel
|move|p1a: Latios|Recover|p1a: Latios
|-heal|p1a: Latios|89/100
|move|p2a: Slowking|Thunder Wave|p1a: Latios
|-status|p1a: Latios|par
|
|upkeep
|turn|20
|
|t:|1758947678
|move|p1a: Latios|Draco Meteor|p2a: Slowking
|-damage|p2a: Slowking|9/100
|-unboost|p1a: Latios|spa|2
|-prepare|p2a: Slowking|Chilly Reception|[premajor]
|move|p2a: Slowking|Chilly Reception|p2a: Slowking
|-weather|Snowscape
|
|t:|1758947682
|switch|p2a: Hoopa|Hoopa-Unbound|70/100|[from] Chilly Reception
|-damage|p2a: Hoopa|58/100|[from] Stealth Rock
|
|-weather|Snowscape|[upkeep]
|upkeep
|turn|21
|
|t:|1758947689
|switch|p1a: Zamazenta|Zamazenta|100/100
|-damage|p1a: Zamazenta|94/100|[from] Stealth Rock
|-damage|p1a: Zamazenta|82/100|[from] Spikes
|-ability|p1a: Zamazenta|Dauntless Shield|boost
|-boost|p1a: Zamazenta|def|1
|move|p2a: Hoopa|Knock Off|p1a: Zamazenta
|-resisted|p1a: Zamazenta
|-damage|p1a: Zamazenta|70/100
|-enditem|p1a: Zamazenta|Leftovers|[from] move: Knock Off|[of] p2a: Hoopa
|
|-weather|Snowscape|[upkeep]
|upkeep
|turn|22
|
|t:|1758947700
|switch|p1a: Latios|Latios, M, tera:Steel|89/100 par
|-damage|p1a: Latios|83/100 par|[from] Stealth Rock
|switch|p2a: Pecharunt|Pecharunt|100/100
|
|-weather|Snowscape|[upkeep]
|upkeep
|turn|23
|
|t:|1758947706
|move|p2a: Pecharunt|Parting Shot|p1a: Latios
|-unboost|p1a: Latios|atk|1
|-unboost|p1a: Latios|spa|1
|
|t:|1758947708
|switch|p2a: Hoopa|Hoopa-Unbound|58/100|[from] Parting Shot
|-damage|p2a: Hoopa|46/100|[from] Stealth Rock
|move|p1a: Latios|Psychic Noise|p2a: Hoopa
|-immune|p2a: Hoopa
|
|-weather|Snowscape|[upkeep]
|upkeep
|turn|24
|
|t:|1758947718
|switch|p1a: Zamazenta|Zamazenta|70/100
|-damage|p1a: Zamazenta|64/100|[from] Stealth Rock
|-damage|p1a: Zamazenta|51/100|[from] Spikes
|move|p2a: Hoopa|Psychic Noise|p1a: Zamazenta
|-supereffective|p1a: Zamazenta
|-damage|p1a: Zamazenta|0 fnt
|faint|p1a: Zamazenta
|
|-weather|none
|upkeep
|
|t:|1758947725
|switch|p1a: Landorus|Landorus-Therian, M|88/100
|-damage|p1a: Landorus|76/100|[from] Stealth Rock
|-ability|p1a: Landorus|Intimidate|boost
|-unboost|p2a: Hoopa|atk|1
|turn|25
|
|t:|1758947729
|switch|p2a: Corviknight|Corviknight, M|100/100
|-damage|p2a: Corviknight|88/100|[from] Stealth Rock
|-ability|p2a: Corviknight|Pressure
|move|p1a: Landorus|U-turn|p2a: Corviknight
|-resisted|p2a: Corviknight
|-damage|p2a: Corviknight|85/100
|
|t:|1758947736
|switch|p1a: Latios|Latios, M, tera:Steel|83/100 par|[from] U-turn
|-damage|p1a: Latios|77/100 par|[from] Stealth Rock
|
|upkeep
|turn|26
|
|t:|1758947742
|move|p2a: Corviknight|Body Press|p1a: Latios
|-supereffective|p1a: Latios
|-damage|p1a: Latios|11/100 par
|cant|p1a: Latios|par
|
|upkeep
|turn|27
|-message|Tyrtle li forfeited.
|
|win|MiaTaylor612
|raw|Tyrtle li's rating: 1635 &rarr; <strong>1613</strong><br />(-22 for losing)
|raw|MiaTaylor612's rating: 1605 &rarr; <strong>1627</strong><br />(+22 for winning)
|l|☆Tyrtle li
|player|p1|
|l|☆MiaTaylor612
|player|p2|
