|j|☆qxzwwzxq
|j|☆lacoperon0109
|t:|1758946275
|gametype|singles
|player|p1|qxzwwzxq|1|1248
|player|p2|lacoperon0109|n|1202
|gen|9
|tier|[Gen 9] OU
|rated|
|rule|HP Percentage Mod: HP is shown in percentages
|rule|Endless Battle Clause: Forcing endless battles is banned
|rule|Species Clause: Limit one of each Pokémon
|rule|OHKO Clause: OHKO moves are banned
|rule|Evasion Items Clause: Evasion items are banned
|rule|Evasion Moves Clause: Evasion moves are banned
|rule|Evasion Abilities Clause: Evasion abilities are banned
|rule|Sleep Moves Clause: Sleep-inducing moves are banned
|clearpoke
|poke|p1|Sandy Shocks|
|poke|p1|Slither Wing|
|poke|p1|Dragonite, F|
|poke|p1|Primarina, M|
|poke|p1|Gholdengo|
|poke|p1|Iron Treads|
|poke|p2|Glastrier|
|poke|p2|Slowking-Galar, F|
|poke|p2|Ninetales-Alola, F|
|poke|p2|Kyurem|
|poke|p2|Kingambit, M|
|poke|p2|Ceruledge, M|
|teampreview
|inactive|Battle timer is ON: inactive players will automatically lose when time's up. (requested by qxzwwzxq)
|
|t:|1758946286
|teamsize|p1|6
|teamsize|p2|6
|start
|switch|p1a: 能用地震反杀资本家的工人|Iron Treads, shiny|100/100
|switch|p2a: Ninetales|Ninetales-Alola, F|100/100
|-weather|Snowscape|[from] ability: Snow Warning|[of] p2a: Ninetales
|turn|1
|
|t:|1758946294
|move|p2a: Ninetales|Aurora Veil|p2a: Ninetales
|-sidestart|p2: lacoperon0109|move: Aurora Veil
|move|p1a: 能用地震反杀资本家的工人|Stealth Rock|p2a: Ninetales
|-sidestart|p2: lacoperon0109|move: Stealth Rock
|
|-weather|Snowscape|[upkeep]
|upkeep
|turn|2
|
|t:|1758946297
|move|p2a: Ninetales|Freeze-Dry|p1a: 能用地震反杀资本家的工人
|-damage|p1a: 能用地震反杀资本家的工人|72/100
|move|p1a: 能用地震反杀资本家的工人|Knock Off|p2a: Ninetales
|-resisted|p2a: Ninetales
|-damage|p2a: Ninetales|95/100
|-enditem|p2a: Ninetales|Icy Rock|[from] move: Knock Off|[of] p1a: 能用地震反杀资本家的工人
|
|-weather|Snowscape|[upkeep]
|-heal|p1a: 能用地震反杀资本家的工人|78/100|[from] item: Leftovers
|upkeep
|turn|3
|
|t:|1758946305
|switch|p2a: Kyurem|Kyurem|100/100
|-damage|p2a: Kyurem|76/100|[from] Stealth Rock
|-ability|p2a: Kyurem|Pressure
|-end|p1a: 能用地震反杀资本家的工人|Quark Drive|[silent]
|switch|p1a: 热知识：这货特防高达105|Slither Wing, shiny|100/100
|
|-weather|Snowscape|[upkeep]
|upkeep
|turn|4
|
|t:|1758946317
|move|p2a: Kyurem|Blizzard|p1a: 热知识：这货特防高达105
|-damage|p1a: 热知识：这货特防高达105|49/100
|move|p1a: 热知识：这货特防高达105|Will-O-Wisp|p2a: Kyurem
|-status|p2a: Kyurem|brn
|
|-weather|Snowscape|[upkeep]
|-damage|p2a: Kyurem|69/100 brn|[from] brn
|upkeep
|turn|5
|
|t:|1758946330
|-end|p1a: 热知识：这货特防高达105|Protosynthesis|[silent]
|switch|p1a: 有人说爬地翅适合配这个就用了这个|Primarina, M, shiny|100/100
|move|p2a: Kyurem|Blizzard|p1a: 有人说爬地翅适合配这个就用了这个
|-resisted|p1a: 有人说爬地翅适合配这个就用了这个
|-damage|p1a: 有人说爬地翅适合配这个就用了这个|83/100
|
|-weather|Snowscape|[upkeep]
|-damage|p2a: Kyurem|63/100 brn|[from] brn
|-sideend|p2: lacoperon0109|move: Aurora Veil
|upkeep
|turn|6
|
|t:|1758946342
|move|p2a: Kyurem|Freeze-Dry|p1a: 有人说爬地翅适合配这个就用了这个
|-supereffective|p1a: 有人说爬地翅适合配这个就用了这个
|-crit|p1a: 有人说爬地翅适合配这个就用了这个
|-damage|p1a: 有人说爬地翅适合配这个就用了这个|18/100
|move|p1a: 有人说爬地翅适合配这个就用了这个|Flip Turn|p2a: Kyurem
|-resisted|p2a: Kyurem
|-damage|p2a: Kyurem|57/100 brn
|
|t:|1758946366
|switch|p1a: 能用地震反杀资本家的工人|Iron Treads, shiny|78/100|[from] Flip Turn
|
|-weather|Snowscape|[upkeep]
|-heal|p1a: 能用地震反杀资本家的工人|84/100|[from] item: Leftovers
|-damage|p2a: Kyurem|50/100 brn|[from] brn
|upkeep
|turn|7
|
|t:|1758946375
|move|p1a: 能用地震反杀资本家的工人|Earthquake|p2a: Kyurem
|-damage|p2a: Kyurem|20/100 brn
|move|p2a: Kyurem|Blizzard|p1a: 能用地震反杀资本家的工人
|-damage|p1a: 能用地震反杀资本家的工人|12/100
|
|-weather|Snowscape|[upkeep]
|-heal|p1a: 能用地震反杀资本家的工人|18/100|[from] item: Leftovers
|-damage|p2a: Kyurem|14/100 brn|[from] brn
|upkeep
|turn|8
|
|t:|1758946384
|move|p1a: 能用地震反杀资本家的工人|Knock Off|p2a: Kyurem
|-damage|p2a: Kyurem|0 fnt
|-enditem|p2a: Kyurem|Assault Vest|[from] move: Knock Off|[of] p1a: 能用地震反杀资本家的工人
|faint|p2a: Kyurem
|
|-weather|none
|-heal|p1a: 能用地震反杀资本家的工人|24/100|[from] item: Leftovers
|upkeep
|
|t:|1758946389
|switch|p2a: Ceruledge|Ceruledge, M|100/100
|-damage|p2a: Ceruledge|76/100|[from] Stealth Rock
|turn|9
|
|t:|1758946393
|move|p1a: 能用地震反杀资本家的工人|Earthquake|p2a: Ceruledge
|-supereffective|p2a: Ceruledge
|-damage|p2a: Ceruledge|0 fnt
|faint|p2a: Ceruledge
|
|-heal|p1a: 能用地震反杀资本家的工人|31/100|[from] item: Leftovers
|upkeep
|
|t:|1758946399
|switch|p2a: Slowking|Slowking-Galar, F|100/100
|-damage|p2a: Slowking|88/100|[from] Stealth Rock
|turn|10
|
|t:|1758946403
|move|p1a: 能用地震反杀资本家的工人|Stealth Rock||[still]
|-fail|p1a: 能用地震反杀资本家的工人
|move|p2a: Slowking|Flamethrower|p1a: 能用地震反杀资本家的工人
|-supereffective|p1a: 能用地震反杀资本家的工人
|-damage|p1a: 能用地震反杀资本家的工人|0 fnt
|faint|p1a: 能用地震反杀资本家的工人
|-end|p1a: 能用地震反杀资本家的工人|Quark Drive|[silent]
|
|upkeep
|
|t:|1758946412
|switch|p1a: 冷知识：这货物防高达97|Sandy Shocks, shiny|100/100
|turn|11
|
|t:|1758946420
|move|p1a: 冷知识：这货物防高达97|Earth Power|p2a: Slowking
|-supereffective|p2a: Slowking
|-damage|p2a: Slowking|33/100
|move|p2a: Slowking|Trick Room|p2a: Slowking
|-fieldstart|move: Trick Room|[of] p2a: Slowking
|
|upkeep
|turn|12
|
|t:|1758946429
|switch|p2a: Glastrier|Glastrier|100/100
|move|p1a: 冷知识：这货物防高达97|Iron Defense|p1a: 冷知识：这货物防高达97
|-boost|p1a: 冷知识：这货物防高达97|def|2
|
|upkeep
|turn|13
|
|t:|1758946444
|-terastallize|p2a: Glastrier|Ground
|move|p2a: Glastrier|Swords Dance|p2a: Glastrier
|-boost|p2a: Glastrier|atk|2
|move|p1a: 冷知识：这货物防高达97|Body Press|p2a: Glastrier
|-damage|p2a: Glastrier|68/100
|
|upkeep
|turn|14
|
|t:|1758946465
|move|p2a: Glastrier|Icicle Crash|p1a: 冷知识：这货物防高达97|[miss]
|-miss|p2a: Glastrier|p1a: 冷知识：这货物防高达97
|move|p1a: 冷知识：这货物防高达97|Body Press|p2a: Glastrier
|-damage|p2a: Glastrier|40/100
|
|upkeep
|turn|15
|inactive|lacoperon0109 has 120 seconds left.
|
|t:|1758946512
|move|p2a: Glastrier|Icicle Crash|p1a: 冷知识：这货物防高达97
|-supereffective|p1a: 冷知识：这货物防高达97
|-damage|p1a: 冷知识：这货物防高达97|20/100
|move|p1a: 冷知识：这货物防高达97|Earth Power|p2a: Glastrier
|-crit|p2a: Glastrier
|-damage|p2a: Glastrier|0 fnt
|faint|p2a: Glastrier
|
|-heal|p1a: 冷知识：这货物防高达97|26/100|[from] item: Leftovers
|-fieldend|move: Trick Room
|upkeep
|
|t:|1758946519
|switch|p2a: Slowking|Slowking-Galar, F|66/100
|-damage|p2a: Slowking|54/100|[from] Stealth Rock
|turn|16
|
|t:|1758946523
|move|p1a: 冷知识：这货物防高达97|Earth Power|p2a: Slowking
|-supereffective|p2a: Slowking
|-damage|p2a: Slowking|0 fnt
|faint|p2a: Slowking
|
|-heal|p1a: 冷知识：这货物防高达97|33/100|[from] item: Leftovers
|upkeep
|
|t:|1758946528
|switch|p2a: Ninetales|Ninetales-Alola, F|95/100
|-damage|p2a: Ninetales|70/100|[from] Stealth Rock
|-weather|Snowscape|[from] ability: Snow Warning|[of] p2a: Ninetales
|turn|17
|
|t:|1758946541
|move|p2a: Ninetales|Aurora Veil|p2a: Ninetales
|-sidestart|p2: lacoperon0109|move: Aurora Veil
|move|p1a: 冷知识：这货物防高达97|Earth Power|p2a: Ninetales
|-damage|p2a: Ninetales|52/100
|-unboost|p2a: Ninetales|spd|1
|
|-weather|Snowscape|[upkeep]
|-heal|p1a: 冷知识：这货物防高达97|39/100|[from] item: Leftovers
|upkeep
|turn|18
|inactive|lacoperon0109 has 120 seconds left.
|
|t:|1758946566
|move|p2a: Ninetales|Freeze-Dry|p1a: 冷知识：这货物防高达97
|-supereffective|p1a: 冷知识：这货物防高达97
|-damage|p1a: 冷知识：这货物防高达97|2/100
|move|p1a: 冷知识：这货物防高达97|Earth Power|p2a: Ninetales
|-damage|p2a: Ninetales|23/100
|-unboost|p2a: Ninetales|spd|1
|
|-weather|Snowscape|[upkeep]
|-heal|p1a: 冷知识：这货物防高达97|8/100|[from] item: Leftovers
|upkeep
|turn|19
|inactive|lacoperon0109 has 120 seconds left.
|
|t:|1758946573
|move|p2a: Ninetales|Freeze-Dry|p1a: 冷知识：这货物防高达97
|-supereffective|p1a: 冷知识：这货物防高达97
|-damage|p1a: 冷知识：这货物防高达97|0 fnt
|faint|p1a: 冷知识：这货物防高达97
|-end|p1a: 冷知识：这货物防高达97|Protosynthesis|[silent]
|
|-weather|Snowscape|[upkeep]
|upkeep
|
|t:|1758946591
|switch|p1a: 热知识：这货特防高达105|Slither Wing, shiny|49/100
|turn|20
|inactive|lacoperon0109 has 120 seconds left.
|
|t:|1758946625
|move|p2a: Ninetales|Freeze-Dry|p1a: 热知识：这货特防高达105
|-damage|p1a: 热知识：这货特防高达105|30/100
|-status|p1a: 热知识：这货特防高达105|frz
|cant|p1a: 热知识：这货特防高达105|frz
|
|-weather|Snowscape|[upkeep]
|upkeep
|turn|21
|
|t:|1758946631
|move|p2a: Ninetales|Moonblast|p1a: 热知识：这货特防高达105
|-supereffective|p1a: 热知识：这货特防高达105
|-damage|p1a: 热知识：这货特防高达105|0 fnt
|faint|p1a: 热知识：这货特防高达105
|-end|p1a: 热知识：这货特防高达105|Protosynthesis|[silent]
|
|-weather|none
|-sideend|p2: lacoperon0109|move: Aurora Veil
|upkeep
|
|t:|1758946635
|switch|p1a: 温知识：这货速度比爬地翅还慢1点|Dragonite, F, shiny|100/100
|turn|22
|
|t:|1758946638
|move|p1a: 温知识：这货速度比爬地翅还慢1点|Extreme Speed|p2a: Ninetales
|-damage|p2a: Ninetales|0 fnt
|faint|p2a: Ninetales
|
|upkeep
|
|t:|1758946641
|switch|p2a: Kingambit|Kingambit, M|100/100
|-damage|p2a: Kingambit|94/100|[from] Stealth Rock
|-activate|p2a: Kingambit|ability: Supreme Overlord
|-start|p2a: Kingambit|fallen5|[silent]
|turn|23
|
|t:|1758946658
|move|p1a: 温知识：这货速度比爬地翅还慢1点|Earthquake|p2a: Kingambit
|-supereffective|p2a: Kingambit
|-damage|p2a: Kingambit|23/100
|move|p2a: Kingambit|Swords Dance|p2a: Kingambit
|-boost|p2a: Kingambit|atk|2
|
|upkeep
|turn|24
|
|t:|1758946664
|move|p2a: Kingambit|Sucker Punch|p1a: 温知识：这货速度比爬地翅还慢1点
|-damage|p1a: 温知识：这货速度比爬地翅还慢1点|0 fnt
|faint|p1a: 温知识：这货速度比爬地翅还慢1点
|
|upkeep
|
|t:|1758946669
|switch|p1a: 有人说爬地翅适合配这个就用了这个|Primarina, M, shiny|18/100
|turn|25
|
|t:|1758946692
|move|p2a: Kingambit|Sucker Punch|p1a: 有人说爬地翅适合配这个就用了这个
|-resisted|p1a: 有人说爬地翅适合配这个就用了这个
|-damage|p1a: 有人说爬地翅适合配这个就用了这个|0 fnt
|faint|p1a: 有人说爬地翅适合配这个就用了这个
|
|upkeep
|
|t:|1758946696
|switch|p1a: 万恶的资本家|Gholdengo|100/100
|turn|26
|
|t:|1758946707
|-terastallize|p1a: 万恶的资本家|Water
|move|p2a: Kingambit|Sucker Punch|p1a: 万恶的资本家
|-damage|p1a: 万恶的资本家|0 fnt
|faint|p1a: 万恶的资本家
|
|win|lacoperon0109
|raw|qxzwwzxq's rating: 1248 &rarr; <strong>1220</strong><br />(-28 for losing)
|raw|lacoperon0109's rating: 1202 &rarr; <strong>1230</strong><br />(+28 for winning)
|l|☆qxzwwzxq
|player|p1|
|l|☆lacoperon0109
|player|p2|
