|j|☆mir merchant
|j|☆Shibuya Arc
|t:|1758950075
|gametype|singles
|player|p1|mir merchant|266|1706
|player|p2|Shibuya Arc|265|1555
|gen|9
|tier|[Gen 9] OU
|rated|
|rule|HP Percentage Mod: HP is shown in percentages
|rule|Endless Battle Clause: Forcing endless battles is banned
|rule|Species Clause: Limit one of each Pokémon
|rule|OHKO Clause: OHKO moves are banned
|rule|Evasion Items Clause: Evasion items are banned
|rule|Evasion Moves Clause: Evasion moves are banned
|rule|Evasion Abilities Clause: Evasion abilities are banned
|rule|Sleep Moves Clause: Sleep-inducing moves are banned
|clearpoke
|poke|p1|Kyurem|
|poke|p1|Iron Moth|
|poke|p1|Kingambit, M|
|poke|p1|Landorus-Therian, M|
|poke|p1|Hatterene, F|
|poke|p1|Zamazenta-*|
|poke|p2|Dragapult, F|
|poke|p2|Dragonite, F|
|poke|p2|Ting-Lu|
|poke|p2|Weezing-Galar, F|
|poke|p2|Iron Crown|
|poke|p2|Zapdos|
|teampreview
|
|t:|1758950085
|teamsize|p1|6
|teamsize|p2|6
|start
|switch|p1a: Hatterene|Hatterene, F|100/100
|switch|p2a: Zapdos|Zapdos|100/100
|turn|1
|inactive|Battle timer is ON: inactive players will automatically lose when time's up. (requested by Shibuya Arc)
|
|t:|1758950092
|move|p2a: Zapdos|Hurricane|p1a: Hatterene
|-damage|p1a: Hatterene|40/100
|move|p1a: Hatterene|Psychic Noise|p2a: Zapdos
|-damage|p2a: Zapdos|60/100
|-start|p2a: Zapdos|move: Heal Block
|
|upkeep
|turn|2
|
|t:|1758950105
|move|p2a: Zapdos|Hurricane|p1a: Hatterene
|-damage|p1a: Hatterene|0 fnt
|faint|p1a: Hatterene
|
|-end|p2a: Zapdos|move: Heal Block
|upkeep
|
|t:|1758950107
|switch|p1a: Kyurem|Kyurem|100/100
|-ability|p1a: Kyurem|Pressure
|turn|3
|
|t:|1758950114
|move|p2a: Zapdos|Volt Switch|p1a: Kyurem
|-resisted|p1a: Kyurem
|-damage|p1a: Kyurem|84/100
|
|t:|1758950122
|switch|p2a: Ting-Lu|Ting-Lu|100/100|[from] Volt Switch
|-ability|p2a: Ting-Lu|Vessel of Ruin
|move|p1a: Kyurem|Dragon Dance|p1a: Kyurem
|-boost|p1a: Kyurem|atk|1
|-boost|p1a: Kyurem|spe|1
|
|upkeep
|turn|4
|
|t:|1758950129
|-terastallize|p2a: Ting-Lu|Water
|move|p1a: Kyurem|Icicle Spear|p2a: Ting-Lu
|-resisted|p2a: Ting-Lu
|-damage|p2a: Ting-Lu|95/100
|-resisted|p2a: Ting-Lu
|-damage|p2a: Ting-Lu|89/100
|-resisted|p2a: Ting-Lu
|-damage|p2a: Ting-Lu|83/100
|-resisted|p2a: Ting-Lu
|-damage|p2a: Ting-Lu|77/100
|-hitcount|p2a: Ting-Lu|4
|move|p2a: Ting-Lu|Stealth Rock|p1a: Kyurem
|-sidestart|p1: mir merchant|move: Stealth Rock
|
|-heal|p2a: Ting-Lu|84/100|[from] item: Leftovers
|upkeep
|turn|5
|
|t:|1758950139
|-terastallize|p1a: Kyurem|Electric
|move|p1a: Kyurem|Tera Blast|p2a: Ting-Lu|[anim] Tera Blast Electric
|-supereffective|p2a: Ting-Lu
|-damage|p2a: Ting-Lu|9/100
|move|p2a: Ting-Lu|Whirlwind|p1a: Kyurem
|drag|p1a: Kingambit|Kingambit, M|100/100
|-damage|p1a: Kingambit|94/100|[from] Stealth Rock
|-activate|p1a: Kingambit|ability: Supreme Overlord
|-start|p1a: Kingambit|fallen1|[silent]
|
|-heal|p1a: Kingambit|100/100|[from] item: Leftovers
|-heal|p2a: Ting-Lu|16/100|[from] item: Leftovers
|upkeep
|turn|6
|
|t:|1758950146
|move|p1a: Kingambit|Low Kick|p2a: Ting-Lu
|-damage|p2a: Ting-Lu|0 fnt
|faint|p2a: Ting-Lu
|
|upkeep
|
|t:|1758950157
|switch|p2a: Zapdos|Zapdos|60/100
|turn|7
|
|t:|1758950164
|-end|p1a: Kingambit|fallen1|[silent]
|switch|p1a: Landorus|Landorus-Therian, M|100/100
|-damage|p1a: Landorus|88/100|[from] Stealth Rock
|-ability|p1a: Landorus|Intimidate|boost
|-unboost|p2a: Zapdos|atk|1
|move|p2a: Zapdos|Heat Wave|p1a: Landorus
|-damage|p1a: Landorus|51/100
|
|upkeep
|turn|8
|
|t:|1758950172
|move|p2a: Zapdos|Hurricane|p1a: Landorus
|-damage|p1a: Landorus|0 fnt
|faint|p1a: Landorus
|
|upkeep
|
|t:|1758950174
|switch|p1a: Kyurem|Kyurem, tera:Electric|84/100
|-damage|p1a: Kyurem|72/100|[from] Stealth Rock
|-ability|p1a: Kyurem|Pressure
|turn|9
|
|t:|1758950180
|move|p2a: Zapdos|Volt Switch|p1a: Kyurem
|-resisted|p1a: Kyurem
|-damage|p1a: Kyurem|56/100
|
|t:|1758950188
|switch|p2a: Weezing|Weezing-Galar, F|100/100|[from] Volt Switch
|-ability|p2a: Weezing|Neutralizing Gas
|move|p1a: Kyurem|Dragon Dance|p1a: Kyurem
|-boost|p1a: Kyurem|atk|1
|-boost|p1a: Kyurem|spe|1
|
|upkeep
|turn|10
|
|t:|1758950194
|move|p1a: Kyurem|Icicle Spear|p2a: Weezing
|-damage|p2a: Weezing|88/100
|-damage|p2a: Weezing|73/100
|-damage|p2a: Weezing|58/100
|-damage|p2a: Weezing|44/100
|-damage|p2a: Weezing|31/100
|-hitcount|p2a: Weezing|5
|move|p2a: Weezing|Will-O-Wisp|p1a: Kyurem
|-status|p1a: Kyurem|brn
|
|-damage|p1a: Kyurem|50/100 brn|[from] brn
|upkeep
|turn|11
|
|t:|1758950201
|move|p1a: Kyurem|Icicle Spear|p2a: Weezing
|-crit|p2a: Weezing
|-damage|p2a: Weezing|20/100
|-damage|p2a: Weezing|13/100
|-damage|p2a: Weezing|6/100
|-damage|p2a: Weezing|0 fnt
|faint|p2a: Weezing
|-end|p2a: Weezing|ability: Neutralizing Gas
|-ability|p1a: Kyurem|Pressure
|-hitcount|p2: Weezing|4
|
|-damage|p1a: Kyurem|44/100 brn|[from] brn
|upkeep
|
|t:|1758950208
|switch|p2a: Iron Crown|Iron Crown|100/100
|turn|12
|
|t:|1758950215
|move|p1a: Kyurem|Tera Blast|p2a: Iron Crown|[anim] Tera Blast Electric
|-damage|p2a: Iron Crown|63/100
|move|p2a: Iron Crown|Volt Switch|p1a: Kyurem
|-resisted|p1a: Kyurem
|-damage|p1a: Kyurem|26/100 brn
|
|t:|1758950223
|-end|p2a: Iron Crown|Quark Drive|[silent]
|switch|p2a: Dragonite|Dragonite, F|100/100|[from] Volt Switch
|
|-damage|p1a: Kyurem|20/100 brn|[from] brn
|upkeep
|turn|13
|
|t:|1758950229
|move|p2a: Dragonite|Extreme Speed|p1a: Kyurem
|-damage|p1a: Kyurem|0 fnt
|faint|p1a: Kyurem
|
|upkeep
|
|t:|1758950233
|switch|p1a: Zamazenta|Zamazenta|100/100
|-damage|p1a: Zamazenta|95/100|[from] Stealth Rock
|-ability|p1a: Zamazenta|Dauntless Shield|boost
|-boost|p1a: Zamazenta|def|1
|turn|14
|
|t:|1758950240
|switch|p2a: Zapdos|Zapdos|60/100
|move|p1a: Zamazenta|Iron Defense|p1a: Zamazenta
|-boost|p1a: Zamazenta|def|2
|
|-heal|p1a: Zamazenta|100/100|[from] item: Leftovers
|upkeep
|turn|15
|inactive|mir merchant has 120 seconds left.
|
|t:|1758950272
|move|p1a: Zamazenta|Iron Defense|p1a: Zamazenta
|-boost|p1a: Zamazenta|def|2
|move|p2a: Zapdos|Hurricane|p1a: Zamazenta
|-supereffective|p1a: Zamazenta
|-damage|p1a: Zamazenta|1/100
|
|-heal|p1a: Zamazenta|7/100|[from] item: Leftovers
|upkeep
|turn|16
|
|t:|1758950280
|switch|p2a: Dragapult|Dragapult, F|100/100
|move|p1a: Zamazenta|Body Press|p2a: Dragapult
|-immune|p2a: Dragapult
|
|-heal|p1a: Zamazenta|13/100|[from] item: Leftovers
|upkeep
|turn|17
|
|t:|1758950287
|move|p2a: Dragapult|Hex|p1a: Zamazenta
|-damage|p1a: Zamazenta|0 fnt
|faint|p1a: Zamazenta
|
|upkeep
|
|t:|1758950289
|switch|p1a: Iron Moth|Iron Moth|100/100
|-damage|p1a: Iron Moth|76/100|[from] Stealth Rock
|-enditem|p1a: Iron Moth|Booster Energy
|-activate|p1a: Iron Moth|ability: Quark Drive|[fromitem]
|-start|p1a: Iron Moth|quarkdrivespe
|turn|18
|
|t:|1758950295
|move|p1a: Iron Moth|Dazzling Gleam|p2a: Dragapult
|-supereffective|p2a: Dragapult
|-damage|p2a: Dragapult|25/100
|move|p2a: Dragapult|U-turn|p1a: Iron Moth
|-resisted|p1a: Iron Moth
|-damage|p1a: Iron Moth|69/100
|
|t:|1758950304
|switch|p2a: Dragonite|Dragonite, F|100/100|[from] U-turn
|
|upkeep
|turn|19
|inactive|mir merchant has 120 seconds left.
|
|t:|1758950350
|move|p1a: Iron Moth|Dazzling Gleam|p2a: Dragonite
|-supereffective|p2a: Dragonite
|-damage|p2a: Dragonite|75/100
|move|p2a: Dragonite|Earthquake|p1a: Iron Moth
|-supereffective|p1a: Iron Moth
|-damage|p1a: Iron Moth|0 fnt
|faint|p1a: Iron Moth
|-end|p1a: Iron Moth|Quark Drive|[silent]
|
|upkeep
|
|t:|1758950352
|switch|p1a: Kingambit|Kingambit, M|100/100
|-damage|p1a: Kingambit|94/100|[from] Stealth Rock
|-activate|p1a: Kingambit|ability: Supreme Overlord
|-start|p1a: Kingambit|fallen5|[silent]
|turn|20
|
|t:|1758950358
|move|p2a: Dragonite|Earthquake|p1a: Kingambit
|-supereffective|p1a: Kingambit
|-damage|p1a: Kingambit|36/100
|move|p1a: Kingambit|Swords Dance|p1a: Kingambit
|-boost|p1a: Kingambit|atk|2
|
|-heal|p1a: Kingambit|42/100|[from] item: Leftovers
|upkeep
|turn|21
|
|t:|1758950369
|move|p2a: Dragonite|Roost|p2a: Dragonite
|-heal|p2a: Dragonite|100/100
|-singleturn|p2a: Dragonite|move: Roost
|move|p1a: Kingambit|Iron Head|p2a: Dragonite
|-damage|p2a: Dragonite|26/100
|
|-heal|p1a: Kingambit|48/100|[from] item: Leftovers
|upkeep
|turn|22
|
|t:|1758950379
|move|p2a: Dragonite|Roost|p2a: Dragonite
|-heal|p2a: Dragonite|76/100
|-singleturn|p2a: Dragonite|move: Roost
|move|p1a: Kingambit|Iron Head|p2a: Dragonite
|-damage|p2a: Dragonite|0 fnt
|faint|p2a: Dragonite
|
|-heal|p1a: Kingambit|54/100|[from] item: Leftovers
|upkeep
|
|t:|1758950388
|switch|p2a: Dragapult|Dragapult, F|25/100
|turn|23
|
|t:|1758950395
|move|p2a: Dragapult|Will-O-Wisp|p1a: Kingambit
|-status|p1a: Kingambit|brn
|move|p1a: Kingambit|Iron Head|p2a: Dragapult
|-damage|p2a: Dragapult|0 fnt
|faint|p2a: Dragapult
|
|-heal|p1a: Kingambit|61/100 brn|[from] item: Leftovers
|-damage|p1a: Kingambit|54/100 brn|[from] brn
|upkeep
|
|t:|1758950403
|switch|p2a: Zapdos|Zapdos|60/100
|turn|24
|
|t:|1758950416
|move|p1a: Kingambit|Sucker Punch||[still]
|-fail|p1a: Kingambit
|move|p2a: Zapdos|Roost|p2a: Zapdos
|-heal|p2a: Zapdos|100/100
|-singleturn|p2a: Zapdos|move: Roost
|
|-heal|p1a: Kingambit|61/100 brn|[from] item: Leftovers
|-damage|p1a: Kingambit|54/100 brn|[from] brn
|upkeep
|turn|25
|
|t:|1758950422
|move|p1a: Kingambit|Sucker Punch|p2a: Zapdos
|-damage|p2a: Zapdos|31/100
|move|p2a: Zapdos|Heat Wave|p1a: Kingambit|[miss]
|-miss|p2a: Zapdos|p1a: Kingambit
|
|-heal|p1a: Kingambit|61/100 brn|[from] item: Leftovers
|-damage|p1a: Kingambit|54/100 brn|[from] brn
|upkeep
|turn|26
|
|t:|1758950431
|move|p2a: Zapdos|Roost|p2a: Zapdos
|-heal|p2a: Zapdos|81/100
|-singleturn|p2a: Zapdos|move: Roost
|move|p1a: Kingambit|Swords Dance|p1a: Kingambit
|-boost|p1a: Kingambit|atk|2
|
|-heal|p1a: Kingambit|61/100 brn|[from] item: Leftovers
|-damage|p1a: Kingambit|54/100 brn|[from] brn
|upkeep
|turn|27
|
|t:|1758950437
|move|p2a: Zapdos|Roost|p2a: Zapdos
|-heal|p2a: Zapdos|100/100
|-singleturn|p2a: Zapdos|move: Roost
|move|p1a: Kingambit|Swords Dance|p1a: Kingambit
|-boost|p1a: Kingambit|atk|2
|
|-heal|p1a: Kingambit|61/100 brn|[from] item: Leftovers
|-damage|p1a: Kingambit|54/100 brn|[from] brn
|upkeep
|turn|28
|
|t:|1758950443
|move|p1a: Kingambit|Sucker Punch||[still]
|-fail|p1a: Kingambit
|move|p2a: Zapdos|Roost||[still]
|-fail|p2a: Zapdos|heal
|
|-heal|p1a: Kingambit|61/100 brn|[from] item: Leftovers
|-damage|p1a: Kingambit|54/100 brn|[from] brn
|upkeep
|turn|29
|
|t:|1758950449
|move|p1a: Kingambit|Sucker Punch||[still]
|-fail|p1a: Kingambit
|move|p2a: Zapdos|Roost||[still]
|-fail|p2a: Zapdos|heal
|
|-heal|p1a: Kingambit|61/100 brn|[from] item: Leftovers
|-damage|p1a: Kingambit|54/100 brn|[from] brn
|upkeep
|turn|30
|
|t:|1758950456
|switch|p2a: Iron Crown|Iron Crown|63/100
|move|p1a: Kingambit|Iron Head|p2a: Iron Crown
|-resisted|p2a: Iron Crown
|-damage|p2a: Iron Crown|0 fnt
|faint|p2a: Iron Crown
|-end|p2a: Iron Crown|Quark Drive|[silent]
|
|-heal|p1a: Kingambit|61/100 brn|[from] item: Leftovers
|-damage|p1a: Kingambit|54/100 brn|[from] brn
|upkeep
|
|t:|1758950464
|switch|p2a: Zapdos|Zapdos|100/100
|turn|31
|
|t:|1758950467
|move|p1a: Kingambit|Sucker Punch||[still]
|-fail|p1a: Kingambit
|move|p2a: Zapdos|Roost||[still]
|-fail|p2a: Zapdos|heal
|
|-heal|p1a: Kingambit|61/100 brn|[from] item: Leftovers
|-damage|p1a: Kingambit|54/100 brn|[from] brn
|upkeep
|turn|32
|
|t:|1758950471
|move|p1a: Kingambit|Sucker Punch||[still]
|-fail|p1a: Kingambit
|move|p2a: Zapdos|Roost||[still]
|-fail|p2a: Zapdos|heal
|
|-heal|p1a: Kingambit|61/100 brn|[from] item: Leftovers
|-damage|p1a: Kingambit|54/100 brn|[from] brn
|upkeep
|turn|33
|
|t:|1758950475
|move|p1a: Kingambit|Sucker Punch||[still]
|-fail|p1a: Kingambit
|move|p2a: Zapdos|Roost||[still]
|-fail|p2a: Zapdos|heal
|
|-heal|p1a: Kingambit|61/100 brn|[from] item: Leftovers
|-damage|p1a: Kingambit|54/100 brn|[from] brn
|upkeep
|turn|34
|
|t:|1758950479
|move|p1a: Kingambit|Sucker Punch|p2a: Zapdos
|-damage|p2a: Zapdos|0 fnt
|faint|p2a: Zapdos
|
|win|mir merchant
|raw|mir merchant's rating: 1706 &rarr; <strong>1718</strong><br />(+12 for winning)
|raw|Shibuya Arc's rating: 1555 &rarr; <strong>1543</strong><br />(-12 for losing)
