|badge|p2|silver|gen9ou|30-6
|html|<div class="broadcast-red"><strong>This battle is required to be public due to one or more player having a season medal.</strong><br />During the public phase, you can discuss the state of the ladder <a href="/seasondiscussion">in a special chatroom.</a></div>
|uhtml|medal-msg|<div class="broadcast-blue">Curious what those medals under the avatar are? PS now has Ladder Seasons! For more information, check out the <a href="https://www.smogon.com/forums/threads/3740067/">thread on Smogon.</a></div>
|raw|<div class="broadcast-blue"><strong>This battle is required to be public due to a player having a name starting with 'medal'.</div>
|j|☆Prwellz
|j|☆OUWW Miguel o Hara
|t:|1759040657
|gametype|singles
|player|p1|Prwellz|brock|1783
|player|p2|OUWW Miguel o Hara|giovanni|1924
|gen|9
|tier|[Gen 9] OU
|rated|
|rule|HP Percentage Mod: HP is shown in percentages
|rule|Endless Battle Clause: Forcing endless battles is banned
|rule|Species Clause: Limit one of each Pokémon
|rule|OHKO Clause: OHKO moves are banned
|rule|Evasion Items Clause: Evasion items are banned
|rule|Evasion Moves Clause: Evasion moves are banned
|rule|Evasion Abilities Clause: Evasion abilities are banned
|rule|Sleep Moves Clause: Sleep-inducing moves are banned
|clearpoke
|poke|p1|Ogerpon-Wellspring, F|
|poke|p1|Dragonite, F|
|poke|p1|Cinderace, F|
|poke|p1|Iron Treads|
|poke|p1|Enamorus, F|
|poke|p1|Raging Bolt|
|poke|p2|Clefable, M|
|poke|p2|Iron Moth|
|poke|p2|Gliscor, M|
|poke|p2|Blissey, F|
|poke|p2|Zamazenta-*|
|poke|p2|Dragapult, F|
|teampreview
|inactive|Battle timer is ON: inactive players will automatically lose when time's up. (requested by Prwellz)
|j| amefurikoneko
|
|t:|1759040677
|teamsize|p1|6
|teamsize|p2|6
|start
|switch|p1a: Iron Treads|Iron Treads|100/100
|switch|p2a: Zamazenta|Zamazenta|100/100
|-ability|p2a: Zamazenta|Dauntless Shield|boost
|-boost|p2a: Zamazenta|def|1
|-item|p1a: Iron Treads|Air Balloon
|turn|1
|
|t:|1759040700
|-terastallize|p1a: Iron Treads|Ghost
|move|p2a: Zamazenta|Body Press|p1a: Iron Treads
|-immune|p1a: Iron Treads
|move|p1a: Iron Treads|Knock Off|p2a: Zamazenta
|-resisted|p2a: Zamazenta
|-damage|p2a: Zamazenta|95/100
|-enditem|p2a: Zamazenta|Leftovers|[from] move: Knock Off|[of] p1a: Iron Treads
|
|upkeep
|turn|2
|
|t:|1759040708
|switch|p2a: Blissey|Blissey, F|100/100
|move|p1a: Iron Treads|Stealth Rock|p2a: Blissey
|-sidestart|p2: OUWW Miguel o Hara|move: Stealth Rock
|
|upkeep
|turn|3
|
|t:|1759040717
|move|p1a: Iron Treads|Knock Off|p2a: Blissey
|-damage|p2a: Blissey|78/100
|-enditem|p2a: Blissey|Heavy-Duty Boots|[from] move: Knock Off|[of] p1a: Iron Treads
|move|p2a: Blissey|Thunder Wave|p1a: Iron Treads
|-status|p1a: Iron Treads|par
|
|upkeep
|turn|4
|j| Nitro611
|
|t:|1759040724
|move|p1a: Iron Treads|Knock Off|p2a: Blissey
|-damage|p2a: Blissey|64/100
|move|p2a: Blissey|Stealth Rock|p1a: Iron Treads
|-sidestart|p1: Prwellz|move: Stealth Rock
|
|upkeep
|turn|5
|
|t:|1759040728
|move|p1a: Iron Treads|Knock Off|p2a: Blissey
|-damage|p2a: Blissey|50/100
|move|p2a: Blissey|Soft-Boiled|p2a: Blissey
|-heal|p2a: Blissey|99/100
|
|upkeep
|turn|6
|j| PrincessGardevoir
|
|t:|1759040730
|move|p1a: Iron Treads|Knock Off|p2a: Blissey
|-damage|p2a: Blissey|87/100
|move|p2a: Blissey|Ice Beam|p1a: Iron Treads
|-damage|p1a: Iron Treads|83/100 par
|-enditem|p1a: Iron Treads|Air Balloon
|
|upkeep
|turn|7
|
|t:|1759040733
|move|p1a: Iron Treads|Earthquake|p2a: Blissey
|-damage|p2a: Blissey|54/100
|move|p2a: Blissey|Ice Beam|p1a: Iron Treads
|-damage|p1a: Iron Treads|67/100 par
|
|upkeep
|turn|8
|
|t:|1759040736
|move|p1a: Iron Treads|Knock Off|p2a: Blissey
|-damage|p2a: Blissey|40/100
|move|p2a: Blissey|Soft-Boiled|p2a: Blissey
|-heal|p2a: Blissey|90/100
|
|upkeep
|turn|9
|
|t:|1759040738
|move|p1a: Iron Treads|Earthquake|p2a: Blissey
|-damage|p2a: Blissey|57/100
|move|p2a: Blissey|Ice Beam|p1a: Iron Treads
|-damage|p1a: Iron Treads|50/100 par
|
|upkeep
|turn|10
|
|t:|1759040743
|cant|p1a: Iron Treads|par
|move|p2a: Blissey|Soft-Boiled|p2a: Blissey
|-heal|p2a: Blissey|100/100
|
|upkeep
|turn|11
|
|t:|1759040747
|move|p1a: Iron Treads|Knock Off|p2a: Blissey
|-damage|p2a: Blissey|87/100
|move|p2a: Blissey|Ice Beam|p1a: Iron Treads
|-damage|p1a: Iron Treads|33/100 par
|
|upkeep
|turn|12
|
|t:|1759040750
|cant|p1a: Iron Treads|par
|move|p2a: Blissey|Ice Beam|p1a: Iron Treads
|-damage|p1a: Iron Treads|17/100 par
|
|upkeep
|turn|13
|
|t:|1759040754
|cant|p1a: Iron Treads|par
|move|p2a: Blissey|Ice Beam|p1a: Iron Treads
|-damage|p1a: Iron Treads|2/100 par
|
|upkeep
|turn|14
|
|t:|1759040758
|cant|p1a: Iron Treads|par
|move|p2a: Blissey|Ice Beam|p1a: Iron Treads
|-damage|p1a: Iron Treads|0 fnt
|faint|p1a: Iron Treads
|-end|p1a: Iron Treads|Quark Drive|[silent]
|
|upkeep
|l| Nitro611
|
|t:|1759040764
|switch|p1a: Ogerpon|Ogerpon-Wellspring, F|100/100
|-damage|p1a: Ogerpon|88/100|[from] Stealth Rock
|turn|15
|j| catarina valentine
|
|t:|1759040773
|switch|p2a: Zamazenta|Zamazenta|95/100
|-damage|p2a: Zamazenta|89/100|[from] Stealth Rock
|move|p1a: Ogerpon|Swords Dance|p1a: Ogerpon
|-boost|p1a: Ogerpon|atk|2
|
|upkeep
|turn|16
|
|t:|1759040778
|move|p2a: Zamazenta|Iron Defense|p2a: Zamazenta
|-boost|p2a: Zamazenta|def|2
|move|p1a: Ogerpon|Ivy Cudgel|p2a: Zamazenta|[anim] Ivy Cudgel Water
|-damage|p2a: Zamazenta|50/100
|
|upkeep
|turn|17
|
|t:|1759040783
|switch|p1a: Enamorus|Enamorus, F|100/100
|-damage|p1a: Enamorus|76/100|[from] Stealth Rock
|move|p2a: Zamazenta|Body Press|p1a: Enamorus
|-resisted|p1a: Enamorus
|-damage|p1a: Enamorus|44/100
|
|upkeep
|turn|18
|
|t:|1759040793
|move|p1a: Enamorus|Healing Wish|p1a: Enamorus
|faint|p1a: Enamorus
|move|p2a: Zamazenta|Body Press|p1: Enamorus|[notarget]
|-fail|p2a: Zamazenta
|
|upkeep
|
|t:|1759040797
|switch|p1a: Raging Bolt|Raging Bolt|100/100
|-damage|p1a: Raging Bolt|88/100|[from] Stealth Rock
|turn|19
|
|t:|1759040801
|move|p2a: Zamazenta|Body Press|p1a: Raging Bolt
|-crit|p1a: Raging Bolt
|-damage|p1a: Raging Bolt|0 fnt
|faint|p1a: Raging Bolt
|-end|p1a: Raging Bolt|Protosynthesis|[silent]
|
|upkeep
|-message|Prwellz forfeited.
|
|win|OUWW Miguel o Hara
|raw|Prwellz's rating: 1783 &rarr; <strong>1771</strong><br />(-12 for losing)
|raw|OUWW Miguel o Hara's rating: 1924 &rarr; <strong>1936</strong><br />(+12 for winning)
|l|☆Prwellz
|player|p1|
|l| amefurikoneko
|l| PrincessGardevoir
