|j|☆triforceofchozo
|j|☆senlinpingzi
|t:|1758974098
|gametype|singles
|player|p1|triforceofchozo|lady-gen4|1095
|player|p2|senlinpingzi|pokemaniac|1113
|gen|9
|tier|[Gen 9] OU
|rated|
|rule|HP Percentage Mod: HP is shown in percentages
|rule|Endless Battle Clause: Forcing endless battles is banned
|rule|Species Clause: Limit one of each Pokémon
|rule|OHKO Clause: OHKO moves are banned
|rule|Evasion Items Clause: Evasion items are banned
|rule|Evasion Moves Clause: Evasion moves are banned
|rule|Evasion Abilities Clause: Evasion abilities are banned
|rule|Sleep Moves Clause: Sleep-inducing moves are banned
|clearpoke
|poke|p1|Polteageist-Antique|
|poke|p1|Glimmora, M|
|poke|p1|Indeedee-F, F|
|poke|p1|Galvantula, M|
|poke|p1|Gholdengo|
|poke|p1|Primarina, F|
|poke|p2|Scizor, M|
|poke|p2|Pelipper, M|
|poke|p2|Kingdra, F|
|poke|p2|Dragonite, M|
|poke|p2|Excadrill, M|
|poke|p2|Zapdos|
|teampreview
|
|t:|1758974111
|teamsize|p1|6
|teamsize|p2|6
|start
|switch|p1a: Galvantula|Galvantula, M|100/100
|switch|p2a: Zapdos|Zapdos, shiny|100/100
|-ability|p2a: Zapdos|Pressure
|turn|1
|
|t:|1758974120
|move|p1a: Galvantula|Sticky Web|p2a: Zapdos
|-sidestart|p2: senlinpingzi|move: Sticky Web
|move|p2a: Zapdos|Volt Switch|p1a: Galvantula
|-resisted|p1a: Galvantula
|-damage|p1a: Galvantula|67/100
|
|t:|1758974126
|switch|p2a: Pelipper|Pelipper, M, shiny|100/100|[from] Volt Switch
|-weather|RainDance|[from] ability: Drizzle|[of] p2a: Pelipper
|
|-weather|RainDance|[upkeep]
|upkeep
|turn|2
|
|t:|1758974133
|move|p1a: Galvantula|Thunder|p2a: Pelipper
|-supereffective|p2a: Pelipper
|-damage|p2a: Pelipper|0 fnt
|faint|p2a: Pelipper
|
|-weather|RainDance|[upkeep]
|upkeep
|
|t:|1758974141
|switch|p2a: Zapdos|Zapdos, shiny|100/100
|-ability|p2a: Zapdos|Pressure
|turn|3
|
|t:|1758974149
|switch|p1a: Glimmora|Glimmora, M|100/100
|move|p2a: Zapdos|Weather Ball|p1a: Glimmora
|-supereffective|p1a: Glimmora
|-damage|p1a: Glimmora|0 fnt
|faint|p1a: Glimmora
|
|-weather|RainDance|[upkeep]
|upkeep
|
|t:|1758974159
|switch|p1a: Indeedee|Indeedee-F, F|100/100
|-fieldstart|move: Psychic Terrain|[from] ability: Psychic Surge|[of] p1a: Indeedee
|turn|4
|
|t:|1758974168
|move|p2a: Zapdos|Weather Ball|p1a: Indeedee
|-damage|p1a: Indeedee|50/100
|move|p1a: Indeedee|Light Screen|p1a: Indeedee
|-sidestart|p1: triforceofchozo|move: Light Screen
|
|-weather|RainDance|[upkeep]
|upkeep
|turn|5
|
|t:|1758974179
|move|p2a: Zapdos|Weather Ball|p1a: Indeedee
|-damage|p1a: Indeedee|25/100
|move|p1a: Indeedee|Reflect|p1a: Indeedee
|-sidestart|p1: triforceofchozo|Reflect
|
|-weather|RainDance|[upkeep]
|upkeep
|turn|6
|
|t:|1758974190
|move|p2a: Zapdos|Weather Ball|p1a: Indeedee
|-damage|p1a: Indeedee|0 fnt
|faint|p1a: Indeedee
|
|-weather|RainDance|[upkeep]
|upkeep
|
|t:|1758974197
|switch|p1a: Polteageist|Polteageist-Antique|100/100
|turn|7
|
|t:|1758974214
|switch|p2a: Scizor|Scizor, M|100/100
|-activate|p2a: Scizor|move: Sticky Web
|-unboost|p2a: Scizor|spe|1
|move|p1a: Polteageist|Shell Smash|p1a: Polteageist
|-unboost|p1a: Polteageist|def|1
|-unboost|p1a: Polteageist|spd|1
|-boost|p1a: Polteageist|atk|2
|-boost|p1a: Polteageist|spa|2
|-boost|p1a: Polteageist|spe|2
|
|-weather|RainDance|[upkeep]
|upkeep
|turn|8
|
|t:|1758974252
|switch|p2a: Excadrill|Excadrill, M, shiny|100/100
|-activate|p2a: Excadrill|move: Sticky Web
|-unboost|p2a: Excadrill|spe|1
|-ability|p2a: Excadrill|Mold Breaker
|-terastallize|p1a: Polteageist|Fighting
|move|p1a: Polteageist|Tera Blast|p2a: Excadrill|[anim] Tera Blast Fighting
|-supereffective|p2a: Excadrill
|-enditem|p2a: Excadrill|Focus Sash
|-damage|p2a: Excadrill|1/100
|
|-weather|none
|-sideend|p1: triforceofchozo|move: Light Screen
|upkeep
|turn|9
|
|t:|1758974266
|move|p1a: Polteageist|Shadow Ball|p2a: Excadrill
|-damage|p2a: Excadrill|0 fnt
|faint|p2a: Excadrill
|
|-sideend|p1: triforceofchozo|Reflect
|upkeep
|
|t:|1758974279
|switch|p2a: Dragonite|Dragonite, M|100/100
|turn|10
|
|t:|1758974290
|-terastallize|p2a: Dragonite|Normal
|move|p2a: Dragonite|Extreme Speed|p1a: Polteageist
|-activate|p1a: Polteageist|move: Psychic Terrain
|move|p1a: Polteageist|Stored Power|p2a: Dragonite
|-damage|p2a: Dragonite|27/100
|
|-heal|p2a: Dragonite|33/100|[from] item: Leftovers
|upkeep
|turn|11
|
|t:|1758974301
|move|p1a: Polteageist|Stored Power|p2a: Dragonite
|-damage|p2a: Dragonite|0 fnt
|faint|p2a: Dragonite
|
|-fieldend|move: Psychic Terrain
|upkeep
|
|t:|1758974309
|switch|p2a: Scizor|Scizor, M|100/100
|-activate|p2a: Scizor|move: Sticky Web
|-unboost|p2a: Scizor|spe|1
|turn|12
|
|t:|1758974315
|move|p1a: Polteageist|Tera Blast|p2a: Scizor|[anim] Tera Blast Fighting
|-damage|p2a: Scizor|0 fnt
|faint|p2a: Scizor
|
|upkeep
|
|t:|1758974320
|switch|p2a: Zapdos|Zapdos, shiny|100/100
|-ability|p2a: Zapdos|Pressure
|turn|13
|
|t:|1758974326
|move|p1a: Polteageist|Stored Power|p2a: Zapdos
|-damage|p2a: Zapdos|0 fnt
|faint|p2a: Zapdos
|
|upkeep
|
|t:|1758974330
|switch|p2a: Kingdra|Kingdra, F, shiny|100/100
|-activate|p2a: Kingdra|move: Sticky Web
|-unboost|p2a: Kingdra|spe|1
|turn|14
|
|t:|1758974335
|move|p1a: Polteageist|Stored Power|p2a: Kingdra
|-damage|p2a: Kingdra|0 fnt
|faint|p2a: Kingdra
|
|win|triforceofchozo
|raw|triforceofchozo's rating: 1095 &rarr; <strong>1122</strong><br />(+27 for winning)
|raw|senlinpingzi's rating: 1113 &rarr; <strong>1087</strong><br />(-26 for losing)
|l|☆senlinpingzi
|player|p2|
|c|☆triforceofchozo|Gg
