|j|‽cacao1
|j|☆NicoTexUs
|t:|1759071079
|gametype|singles
|player|p1|cacao1|102|1300
|player|p2|NicoTexUs|ethan|1336
|gen|9
|tier|[Gen 9] OU
|rated|
|rule|HP Percentage Mod: HP is shown in percentages
|rule|Endless Battle Clause: Forcing endless battles is banned
|rule|Species Clause: Limit one of each Pokémon
|rule|OHKO Clause: OHKO moves are banned
|rule|Evasion Items Clause: Evasion items are banned
|rule|Evasion Moves Clause: Evasion moves are banned
|rule|Evasion Abilities Clause: Evasion abilities are banned
|rule|Sleep Moves Clause: Sleep-inducing moves are banned
|clearpoke
|poke|p1|Cinderace, M|
|poke|p1|Rillaboom, M|
|poke|p1|Greninja-*, M|
|poke|p1|Meowscarada, M|
|poke|p1|Primarina, F|
|poke|p1|Infernape, F|
|poke|p2|Kingambit, F|
|poke|p2|Iron Valiant|
|poke|p2|Corviknight, F|
|poke|p2|Slowking-Galar, M|
|poke|p2|Garganacl, M|
|poke|p2|Ogerpon-Wellspring, F|
|teampreview
|inactive|Battle timer is ON: inactive players will automatically lose when time's up. (requested by cacao1)
|inactive|NicoTexUs also wants the timer to be on.
|
|t:|1759071093
|teamsize|p1|6
|teamsize|p2|6
|start
|switch|p1a: Rillaboom|Rillaboom, M|100/100
|switch|p2a: Corviknight|Corviknight, F, shiny|100/100
|-fieldstart|move: Grassy Terrain|[from] ability: Grassy Surge|[of] p1a: Rillaboom
|-ability|p2a: Corviknight|Pressure
|turn|1
|
|t:|1759071113
|move|p1a: Rillaboom|Knock Off|p2a: Corviknight
|-damage|p2a: Corviknight|70/100
|-damage|p1a: Rillaboom|84/100|[from] item: Rocky Helmet|[of] p2a: Corviknight
|-enditem|p2a: Corviknight|Rocky Helmet|[from] move: Knock Off|[of] p1a: Rillaboom
|move|p2a: Corviknight|U-turn|p1a: Rillaboom
|-supereffective|p1a: Rillaboom
|-damage|p1a: Rillaboom|51/100
|inactive|NicoTexUs has 120 seconds left.
|
|t:|1759071134
|switch|p2a: Slowking|Slowking-Galar, M, shiny|100/100|[from] U-turn
|
|-heal|p1a: Rillaboom|57/100|[from] Grassy Terrain
|upkeep
|turn|2
|
|t:|1759071141
|move|p1a: Rillaboom|Knock Off|p2a: Slowking
|-supereffective|p2a: Slowking
|-damage|p2a: Slowking|0 fnt
|-enditem|p2a: Slowking|Assault Vest|[from] move: Knock Off|[of] p1a: Rillaboom
|faint|p2a: Slowking
|
|-heal|p1a: Rillaboom|63/100|[from] Grassy Terrain
|upkeep
|
|t:|1759071148
|switch|p2a: Corviknight|Corviknight, F, shiny|70/100
|-ability|p2a: Corviknight|Pressure
|turn|3
|
|t:|1759071153
|switch|p1a: Cinderace|Cinderace, M|100/100
|move|p2a: Corviknight|Brave Bird|p1a: Cinderace
|-damage|p1a: Cinderace|43/100
|-damage|p2a: Corviknight|55/100|[from] Recoil
|
|-heal|p1a: Cinderace|49/100|[from] Grassy Terrain
|upkeep
|turn|4
|
|t:|1759071166
|-terastallize|p2a: Corviknight|Water
|move|p1a: Cinderace|Pyro Ball|p2a: Corviknight
|-resisted|p2a: Corviknight
|-damage|p2a: Corviknight|39/100
|move|p2a: Corviknight|Brave Bird|p1a: Cinderace
|-damage|p1a: Cinderace|0 fnt
|faint|p1a: Cinderace
|-damage|p2a: Corviknight|26/100|[from] Recoil
|
|-heal|p2a: Corviknight|32/100|[from] Grassy Terrain
|upkeep
|
|t:|1759071181
|switch|p1a: Rillaboom|Rillaboom, M|63/100
|turn|5
|
|t:|1759071191
|switch|p2a: Kingambit|Kingambit, F, shiny|100/100
|-activate|p2a: Kingambit|ability: Supreme Overlord
|-start|p2a: Kingambit|fallen1|[silent]
|move|p1a: Rillaboom|Wood Hammer|p2a: Kingambit
|-resisted|p2a: Kingambit
|-damage|p2a: Kingambit|53/100
|-damage|p1a: Rillaboom|45/100|[from] Recoil
|
|-heal|p1a: Rillaboom|51/100|[from] Grassy Terrain
|-heal|p2a: Kingambit|59/100|[from] Grassy Terrain
|-fieldend|move: Grassy Terrain
|upkeep
|turn|6
|
|t:|1759071208
|switch|p1a: Infernape|Infernape, F|100/100
|move|p2a: Kingambit|Iron Head|p1a: Infernape
|-resisted|p1a: Infernape
|-damage|p1a: Infernape|60/100
|
|upkeep
|turn|7
|
|t:|1759071227
|-end|p2a: Kingambit|fallen1|[silent]
|switch|p2a: Ogerpon|Ogerpon-Wellspring, F|100/100
|move|p1a: Infernape|Fire Blast|p2a: Ogerpon
|-damage|p2a: Ogerpon|29/100
|-damage|p1a: Infernape|50/100|[from] item: Life Orb
|
|upkeep
|turn|8
|
|t:|1759071236
|switch|p1a: Meowscarada|Meowscarada, M|100/100
|move|p2a: Ogerpon|Ivy Cudgel|p1a: Meowscarada|[anim] Ivy Cudgel Water
|-resisted|p1a: Meowscarada
|-damage|p1a: Meowscarada|53/100
|
|upkeep
|turn|9
|
|t:|1759071251
|switch|p2a: Kingambit|Kingambit, F, shiny|59/100
|-activate|p2a: Kingambit|ability: Supreme Overlord
|-start|p2a: Kingambit|fallen1|[silent]
|move|p1a: Meowscarada|U-turn|p2a: Kingambit
|-start|p1a: Meowscarada|typechange|Bug|[from] ability: Protean
|-damage|p2a: Kingambit|36/100
|
|t:|1759071268
|switch|p1a: Infernape|Infernape, F|50/100|[from] U-turn
|
|upkeep
|turn|10
|
|t:|1759071284
|-end|p2a: Kingambit|fallen1|[silent]
|switch|p2a: Corviknight|Corviknight, F, shiny, tera:Water|32/100
|-ability|p2a: Corviknight|Pressure
|move|p1a: Infernape|Vacuum Wave|p2a: Corviknight
|-crit|p2a: Corviknight
|-damage|p2a: Corviknight|0 fnt
|faint|p2a: Corviknight
|-damage|p1a: Infernape|40/100|[from] item: Life Orb
|
|upkeep
|
|t:|1759071293
|switch|p2a: Iron Valiant|Iron Valiant, shiny|100/100
|turn|11
|
|t:|1759071300
|switch|p1a: Primarina|Primarina, F|100/100
|move|p2a: Iron Valiant|Thunderbolt|p1a: Primarina
|-supereffective|p1a: Primarina
|-damage|p1a: Primarina|55/100
|
|upkeep
|turn|12
|
|t:|1759071310
|-end|p2a: Iron Valiant|Quark Drive|[silent]
|switch|p2a: Ogerpon|Ogerpon-Wellspring, F|29/100
|move|p1a: Primarina|Moonblast|p2a: Ogerpon
|-damage|p2a: Ogerpon|0 fnt
|faint|p2a: Ogerpon
|
|upkeep
|
|t:|1759071320
|switch|p2a: Kingambit|Kingambit, F, shiny|36/100
|-activate|p2a: Kingambit|ability: Supreme Overlord
|-start|p2a: Kingambit|fallen3|[silent]
|turn|13
|
|t:|1759071324
|move|p1a: Primarina|Moonblast|p2a: Kingambit
|-damage|p2a: Kingambit|0 fnt
|faint|p2a: Kingambit
|-end|p2a: Kingambit|fallen3|[silent]
|
|upkeep
|
|t:|1759071335
|switch|p2a: Garganacl|Garganacl, M, shiny|100/100
|turn|14
|
|t:|1759071349
|move|p1a: Primarina|Surf|p2a: Garganacl
|-supereffective|p2a: Garganacl
|-damage|p2a: Garganacl|29/100
|move|p2a: Garganacl|Salt Cure|p1a: Primarina
|-damage|p1a: Primarina|40/100
|-start|p1a: Primarina|Salt Cure
|
|-heal|p2a: Garganacl|35/100|[from] item: Leftovers
|-damage|p1a: Primarina|15/100|[from] Salt Cure
|upkeep
|turn|15
|
|t:|1759071357
|move|p2a: Garganacl|Protect|p2a: Garganacl
|-singleturn|p2a: Garganacl|Protect
|move|p1a: Primarina|Surf|p2a: Garganacl
|-activate|p2a: Garganacl|move: Protect
|
|-heal|p2a: Garganacl|41/100|[from] item: Leftovers
|-damage|p1a: Primarina|0 fnt|[from] Salt Cure
|faint|p1a: Primarina
|upkeep
|
|t:|1759071365
|switch|p1a: Greninja|Greninja, M|100/100
|turn|16
|
|t:|1759071370
|move|p1a: Greninja|Hydro Pump|p2a: Garganacl
|-supereffective|p2a: Garganacl
|-damage|p2a: Garganacl|0 fnt
|faint|p2a: Garganacl
|-ability|p1a: Greninja|Battle Bond|boost
|-boost|p1a: Greninja|atk|1
|-boost|p1a: Greninja|spa|1
|-boost|p1a: Greninja|spe|1
|-activate|p1a: Greninja|ability: Battle Bond
|
|upkeep
|
|t:|1759071378
|switch|p2a: Iron Valiant|Iron Valiant, shiny|100/100
|turn|17
|-message|NicoTexUs forfeited.
|
|win|cacao1
|raw|cacao1's rating: 1300 &rarr; <strong>1328</strong><br />(+28 for winning)
|raw|NicoTexUs's rating: 1336 &rarr; <strong>1314</strong><br />(-22 for losing)
|l|☆NicoTexUs
|player|p2|
|l|‽cacao1
|player|p1|
