|j|☆clouddaearth
|j|☆iyasih
|t:|1759061605
|gametype|singles
|player|p1|clouddaearth|265|1269
|player|p2|iyasih|1|1244
|gen|9
|tier|[Gen 9] OU
|rated|
|rule|HP Percentage Mod: HP is shown in percentages
|rule|Endless Battle Clause: Forcing endless battles is banned
|rule|Species Clause: Limit one of each Pokémon
|rule|OHKO Clause: OHKO moves are banned
|rule|Evasion Items Clause: Evasion items are banned
|rule|Evasion Moves Clause: Evasion moves are banned
|rule|Evasion Abilities Clause: Evasion abilities are banned
|rule|Sleep Moves Clause: Sleep-inducing moves are banned
|clearpoke
|poke|p1|Dragonite, F|
|poke|p1|Weavile, F|
|poke|p1|Gengar, M|
|poke|p1|Azumarill, M|
|poke|p1|Iron Treads|
|poke|p1|Blaziken, M|
|poke|p2|Hatterene, F|
|poke|p2|Slowking-Galar, M|
|poke|p2|Hoopa-Unbound|
|poke|p2|Rabsca, F|
|poke|p2|Ursaluna, M|
|poke|p2|Indeedee-F, F|
|teampreview
|inactive|Battle timer is ON: inactive players will automatically lose when time's up. (requested by clouddaearth)
|c|☆clouddaearth|Glhf
|inactive|iyasih has 120 seconds left.
|
|t:|1759061654
|teamsize|p1|6
|teamsize|p2|6
|start
|switch|p1a: Weavile|Weavile, F|100/100
|switch|p2a: Hatterene|Hatterene, F|100/100
|turn|1
|
|t:|1759061662
|move|p1a: Weavile|Triple Axel|p2a: Hatterene
|-damage|p2a: Hatterene|90/100
|-damage|p2a: Hatterene|68/100
|-damage|p2a: Hatterene|37/100
|-hitcount|p2a: Hatterene|3
|move|p2a: Hatterene|Trick Room|p2a: Hatterene
|-fieldstart|move: Trick Room|[of] p2a: Hatterene
|
|-heal|p2a: Hatterene|42/100|[from] item: Leftovers
|upkeep
|turn|2
|
|t:|1759061672
|move|p2a: Hatterene|Draining Kiss|p1a: Weavile
|-supereffective|p1a: Weavile
|-damage|p1a: Weavile|42/100
|-heal|p2a: Hatterene|91/100|[from] drain|[of] p1a: Weavile
|move|p1a: Weavile|Knock Off|p2a: Hatterene
|-damage|p2a: Hatterene|34/100
|-enditem|p2a: Hatterene|Leftovers|[from] move: Knock Off|[of] p1a: Weavile
|
|upkeep
|turn|3
|
|t:|1759061684
|switch|p1a: Iron Treads|Iron Treads|100/100
|-enditem|p1a: Iron Treads|Booster Energy
|-activate|p1a: Iron Treads|ability: Quark Drive|[fromitem]
|-start|p1a: Iron Treads|quarkdrivespe
|move|p2a: Hatterene|Draining Kiss|p1a: Iron Treads
|-resisted|p1a: Iron Treads
|-damage|p1a: Iron Treads|85/100
|-heal|p2a: Hatterene|49/100|[from] drain|[of] p1a: Iron Treads
|
|upkeep
|turn|4
|
|t:|1759061695
|switch|p2a: Ursaluna|Ursaluna, M|100/100
|move|p1a: Iron Treads|Iron Head|p2a: Ursaluna
|-damage|p2a: Ursaluna|72/100
|
|-status|p2a: Ursaluna|brn|[from] item: Flame Orb
|upkeep
|turn|5
|
|t:|1759061705
|-end|p1a: Iron Treads|Quark Drive|[silent]
|switch|p1a: Dragonite|Dragonite, F|100/100
|move|p2a: Ursaluna|Drain Punch|p1a: Dragonite
|-resisted|p1a: Dragonite
|-damage|p1a: Dragonite|87/100
|-heal|p2a: Ursaluna|77/100 brn|[from] drain|[of] p1a: Dragonite
|
|-damage|p2a: Ursaluna|71/100 brn|[from] brn
|-fieldend|move: Trick Room
|upkeep
|turn|6
|
|t:|1759061717
|move|p1a: Dragonite|Dragon Dance|p1a: Dragonite
|-boost|p1a: Dragonite|atk|1
|-boost|p1a: Dragonite|spe|1
|move|p2a: Ursaluna|Facade|p1a: Dragonite
|-damage|p1a: Dragonite|0 fnt
|faint|p1a: Dragonite
|
|-damage|p2a: Ursaluna|65/100 brn|[from] brn
|upkeep
|
|t:|1759061724
|switch|p1a: Weavile|Weavile, F|42/100
|turn|7
|
|t:|1759061745
|switch|p2a: Indeedee|Indeedee-F, F|100/100
|-fieldstart|move: Psychic Terrain|[from] ability: Psychic Surge|[of] p2a: Indeedee
|move|p1a: Weavile|Triple Axel|p2a: Indeedee
|-damage|p2a: Indeedee|84/100
|-damage|p2a: Indeedee|50/100
|-damage|p2a: Indeedee|0 fnt
|faint|p2a: Indeedee
|-hitcount|p2: Indeedee|3
|
|upkeep
|c|☆clouddaearth|Eye for an eye
|inactive|iyasih has 120 seconds left.
|
|t:|1759061762
|switch|p2a: Slowking|Slowking-Galar, M|100/100
|turn|8
|c|☆clouddaearth|Tooth for a tooth
|
|t:|1759061771
|-terastallize|p2a: Slowking|Poison
|move|p1a: Weavile|Knock Off|p2a: Slowking
|-damage|p2a: Slowking|54/100
|-enditem|p2a: Slowking|Leftovers|[from] move: Knock Off|[of] p1a: Weavile
|move|p2a: Slowking|Trick Room|p2a: Slowking
|-fieldstart|move: Trick Room|[of] p2a: Slowking
|
|upkeep
|turn|9
|
|t:|1759061786
|switch|p1a: Iron Treads|Iron Treads|85/100
|move|p2a: Slowking|Flamethrower|p1a: Iron Treads
|-supereffective|p1a: Iron Treads
|-damage|p1a: Iron Treads|3/100
|
|upkeep
|turn|10
|inactive|iyasih has 120 seconds left.
|
|t:|1759061802
|-prepare|p2a: Slowking|Chilly Reception|[premajor]
|move|p2a: Slowking|Chilly Reception|p2a: Slowking
|-weather|Snowscape
|inactive|iyasih has 120 seconds left.
|
|t:|1759061810
|switch|p2a: Rabsca|Rabsca, F|100/100|[from] Chilly Reception
|move|p1a: Iron Treads|Earthquake|p2a: Rabsca
|-resisted|p2a: Rabsca
|-damage|p2a: Rabsca|78/100
|
|-weather|Snowscape|[upkeep]
|-heal|p2a: Rabsca|84/100|[from] item: Leftovers
|upkeep
|turn|11
|inactive|iyasih has 120 seconds left.
|
|t:|1759061822
|move|p2a: Rabsca|Psychic Noise|p1a: Iron Treads
|-resisted|p1a: Iron Treads
|-damage|p1a: Iron Treads|0 fnt
|faint|p1a: Iron Treads
|-end|p1a: Iron Treads|Quark Drive|[silent]
|
|-weather|Snowscape|[upkeep]
|-heal|p2a: Rabsca|90/100|[from] item: Leftovers
|upkeep
|
|t:|1759061828
|switch|p1a: Blaziken|Blaziken, M|100/100
|turn|12
|inactive|iyasih has 120 seconds left.
|
|t:|1759061844
|move|p1a: Blaziken|Protect|p1a: Blaziken
|-singleturn|p1a: Blaziken|Protect
|move|p2a: Rabsca|Psychic Noise|p1a: Blaziken
|-activate|p1a: Blaziken|move: Protect
|
|-weather|Snowscape|[upkeep]
|-heal|p2a: Rabsca|96/100|[from] item: Leftovers
|-fieldend|move: Trick Room
|-ability|p1a: Blaziken|Speed Boost|boost
|-boost|p1a: Blaziken|spe|1
|upkeep
|turn|13
|inactive|iyasih has 120 seconds left.
|
|t:|1759061859
|move|p1a: Blaziken|Flare Blitz|p2a: Rabsca
|-supereffective|p2a: Rabsca
|-damage|p2a: Rabsca|0 fnt
|faint|p2a: Rabsca
|-damage|p1a: Blaziken|70/100|[from] Recoil
|-damage|p1a: Blaziken|60/100|[from] item: Life Orb
|
|-weather|Snowscape|[upkeep]
|-ability|p1a: Blaziken|Speed Boost|boost
|-boost|p1a: Blaziken|spe|1
|upkeep
|inactive|iyasih has 120 seconds left.
|
|t:|1759061875
|switch|p2a: Slowking|Slowking-Galar, M, tera:Poison|88/100
|turn|14
|
|t:|1759061879
|-terastallize|p1a: Blaziken|Fire
|move|p1a: Blaziken|Flare Blitz|p2a: Slowking
|-damage|p2a: Slowking|0 fnt
|faint|p2a: Slowking
|-damage|p1a: Blaziken|28/100|[from] Recoil
|-damage|p1a: Blaziken|18/100|[from] item: Life Orb
|
|-weather|none
|-fieldend|move: Psychic Terrain
|-ability|p1a: Blaziken|Speed Boost|boost
|-boost|p1a: Blaziken|spe|1
|upkeep
|inactive|iyasih has 120 seconds left.
|
|t:|1759061901
|switch|p2a: Hoopa|Hoopa-Unbound|100/100
|turn|15
|c|☆clouddaearth|No trick room 4 you
|inactive|iyasih has 90 seconds left.
|c|☆iyasih|hmm
|c|☆clouddaearth|Hoopa is a beast
|
|t:|1759061941
|move|p1a: Blaziken|Flare Blitz|p2a: Hoopa
|-damage|p2a: Hoopa|0 fnt
|faint|p2a: Hoopa
|-damage|p1a: Blaziken|0 fnt|[from] Recoil
|faint|p1a: Blaziken
|
|upkeep
|c|☆iyasih|i know
|c|☆iyasih|now i know what adjustment
|c|☆iyasih|need to be made
|
|t:|1759061962
|switch|p2a: Hatterene|Hatterene, F|49/100
|switch|p1a: Weavile|Weavile, F|42/100
|turn|16
|c|☆clouddaearth|Facts
|
|t:|1759061969
|move|p1a: Weavile|Triple Axel|p2a: Hatterene
|-damage|p2a: Hatterene|38/100
|-damage|p2a: Hatterene|17/100
|-damage|p2a: Hatterene|0 fnt
|faint|p2a: Hatterene
|-hitcount|p2: Hatterene|3
|
|upkeep
|
|t:|1759061976
|switch|p2a: Ursaluna|Ursaluna, M|65/100 brn
|turn|17
|
|t:|1759061980
|move|p1a: Weavile|Triple Axel|p2a: Ursaluna
|-supereffective|p2a: Ursaluna
|-damage|p2a: Ursaluna|48/100 brn
|-hitcount|p2a: Ursaluna|1
|move|p2a: Ursaluna|Drain Punch|p1a: Weavile
|-supereffective|p1a: Weavile
|-damage|p1a: Weavile|0 fnt
|-heal|p2a: Ursaluna|62/100 brn|[from] drain|[of] p1a: Weavile
|faint|p1a: Weavile
|
|-damage|p2a: Ursaluna|56/100 brn|[from] brn
|upkeep
|
|t:|1759061990
|switch|p1a: Gengar|Gengar, M|100/100
|turn|18
|
|t:|1759061995
|move|p1a: Gengar|Encore|p2a: Ursaluna
|-start|p2a: Ursaluna|Encore
|move|p2a: Ursaluna|Drain Punch|p1a: Gengar
|-immune|p1a: Gengar
|
|-damage|p2a: Ursaluna|50/100 brn|[from] brn
|upkeep
|turn|19
|c|☆iyasih|yow
|c|☆iyasih|come on
|c|☆clouddaearth|Lol encore clutch
|
|t:|1759062014
|switch|p1a: Azumarill|Azumarill, M|100/100
|move|p2a: Ursaluna|Drain Punch|p1a: Azumarill
|-resisted|p1a: Azumarill
|-damage|p1a: Azumarill|78/100
|-heal|p2a: Ursaluna|61/100 brn|[from] drain|[of] p1a: Azumarill
|
|-damage|p2a: Ursaluna|55/100 brn|[from] brn
|upkeep
|turn|20
|c|☆clouddaearth|Gg
|
|t:|1759062023
|move|p1a: Azumarill|Belly Drum|p1a: Azumarill
|-damage|p1a: Azumarill|28/100
|-setboost|p1a: Azumarill|atk|6|[from] move: Belly Drum
|-enditem|p1a: Azumarill|Sitrus Berry|[eat]
|-heal|p1a: Azumarill|53/100|[from] item: Sitrus Berry
|move|p2a: Ursaluna|Drain Punch|p1a: Azumarill
|-resisted|p1a: Azumarill
|-damage|p1a: Azumarill|28/100
|-heal|p2a: Ursaluna|68/100 brn|[from] drain|[of] p1a: Azumarill
|
|-damage|p2a: Ursaluna|61/100 brn|[from] brn
|-end|p2a: Ursaluna|Encore
|upkeep
|turn|21
|c|☆iyasih|gg
|c|☆iyasih|i like marril too
|
|t:|1759062037
|move|p1a: Azumarill|Aqua Jet|p2a: Ursaluna
|-supereffective|p2a: Ursaluna
|-damage|p2a: Ursaluna|0 fnt
|faint|p2a: Ursaluna
|
|win|clouddaearth
|raw|clouddaearth's rating: 1269 &rarr; <strong>1292</strong><br />(+23 for winning)
|raw|iyasih's rating: 1244 &rarr; <strong>1221</strong><br />(-23 for losing)
|c|☆clouddaearth|Yea
|c|☆clouddaearth|Belly drum
|c|☆clouddaearth|Rematch ?
|l|☆clouddaearth
|player|p1|
|c|☆iyasih|sure
|l|☆iyasih
|player|p2|
