|j|☆Dew123
|j|☆mattersort
|t:|1759064252
|gametype|singles
|player|p1|Dew123|biker-gen4|1126
|player|p2|mattersort|2|1059
|gen|9
|tier|[Gen 9] OU
|rated|
|rule|HP Percentage Mod: HP is shown in percentages
|rule|Endless Battle Clause: Forcing endless battles is banned
|rule|Species Clause: Limit one of each Pokémon
|rule|OHKO Clause: OHKO moves are banned
|rule|Evasion Items Clause: Evasion items are banned
|rule|Evasion Moves Clause: Evasion moves are banned
|rule|Evasion Abilities Clause: Evasion abilities are banned
|rule|Sleep Moves Clause: Sleep-inducing moves are banned
|clearpoke
|poke|p1|Venusaur, M|
|poke|p1|Sawsbuck, M|
|poke|p1|Walking Wake|
|poke|p1|Dragapult, F|
|poke|p1|Great Tusk|
|poke|p1|Torkoal, M|
|poke|p2|Sandy Shocks|
|poke|p2|Maushold-Four|
|poke|p2|Zoroark-Hisui, M|
|poke|p2|Slowking-Galar, F|
|poke|p2|Kingambit, M|
|poke|p2|Primarina, M|
|teampreview
|inactive|Battle timer is ON: inactive players will automatically lose when time's up. (requested by Dew123)
|
|t:|1759064260
|teamsize|p1|6
|teamsize|p2|6
|start
|switch|p1a: Dragapult|Dragapult, F|100/100
|switch|p2a: Sandy Shocks|Sandy Shocks|100/100
|turn|1
|
|t:|1759064266
|move|p1a: Dragapult|Sunny Day|p1a: Dragapult
|-weather|SunnyDay
|-activate|p2a: Sandy Shocks|ability: Protosynthesis
|-start|p2a: Sandy Shocks|protosynthesisspa
|move|p2a: Sandy Shocks|Stealth Rock|p1a: Dragapult
|-sidestart|p1: Dew123|move: Stealth Rock
|
|-weather|SunnyDay|[upkeep]
|upkeep
|turn|2
|
|t:|1759064273
|move|p1a: Dragapult|U-turn|p2a: Sandy Shocks
|-damage|p2a: Sandy Shocks|80/100
|
|t:|1759064275
|switch|p1a: Sawsbuck|Sawsbuck, M|100/100|[from] U-turn
|-damage|p1a: Sawsbuck|88/100|[from] Stealth Rock
|move|p2a: Sandy Shocks|Volt Switch|p1a: Sawsbuck
|-resisted|p1a: Sawsbuck
|-damage|p1a: Sawsbuck|56/100
|
|t:|1759064285
|-end|p2a: Sandy Shocks|Protosynthesis|[silent]
|switch|p2a: Slowking|Slowking-Galar, F|100/100|[from] Volt Switch
|
|-weather|SunnyDay|[upkeep]
|upkeep
|turn|3
|
|t:|1759064291
|-terastallize|p1a: Sawsbuck|Normal
|move|p1a: Sawsbuck|Swords Dance|p1a: Sawsbuck
|-boost|p1a: Sawsbuck|atk|2
|move|p2a: Slowking|Flamethrower|p1a: Sawsbuck
|-damage|p1a: Sawsbuck|6/100
|
|-weather|SunnyDay|[upkeep]
|upkeep
|turn|4
|
|t:|1759064304
|move|p1a: Sawsbuck|High Horsepower|p2a: Slowking
|-supereffective|p2a: Slowking
|-damage|p2a: Slowking|0 fnt
|faint|p2a: Slowking
|
|-weather|SunnyDay|[upkeep]
|upkeep
|
|t:|1759064313
|switch|p2a: Sandy Shocks|Sandy Shocks|80/100
|-activate|p2a: Sandy Shocks|ability: Protosynthesis
|-start|p2a: Sandy Shocks|protosynthesisspa
|turn|5
|
|t:|1759064321
|move|p1a: Sawsbuck|Horn Leech|p2a: Sandy Shocks
|-supereffective|p2a: Sandy Shocks
|-damage|p2a: Sandy Shocks|0 fnt
|-heal|p1a: Sawsbuck|47/100|[from] drain|[of] p2a: Sandy Shocks
|faint|p2a: Sandy Shocks
|-end|p2a: Sandy Shocks|Protosynthesis|[silent]
|
|-weather|SunnyDay|[upkeep]
|upkeep
|
|t:|1759064329
|switch|p2a: Maushold|Maushold-Four|100/100
|turn|6
|
|t:|1759064333
|move|p1a: Sawsbuck|Horn Leech|p2a: Maushold
|-damage|p2a: Maushold|0 fnt
|-heal|p1a: Sawsbuck|95/100|[from] drain|[of] p2a: Maushold
|faint|p2a: Maushold
|
|-weather|SunnyDay|[upkeep]
|upkeep
|-message|mattersort forfeited.
|
|win|Dew123
|raw|Dew123's rating: 1126 &rarr; <strong>1146</strong><br />(+20 for winning)
|raw|mattersort's rating: 1059 &rarr; <strong>1044</strong><br />(-15 for losing)
|l|☆mattersort
|player|p2|
