|j|☆BigG5
|j|☆AnOriginalName3
|t:|1758925712
|gametype|singles
|player|p1|BigG5|169|1489
|player|p2|AnOriginalName3|1|1521
|gen|9
|tier|[Gen 9] OU
|rated|
|rule|HP Percentage Mod: HP is shown in percentages
|rule|Endless Battle Clause: Forcing endless battles is banned
|rule|Species Clause: Limit one of each Pokémon
|rule|OHKO Clause: OHKO moves are banned
|rule|Evasion Items Clause: Evasion items are banned
|rule|Evasion Moves Clause: Evasion moves are banned
|rule|Evasion Abilities Clause: Evasion abilities are banned
|rule|Sleep Moves Clause: Sleep-inducing moves are banned
|clearpoke
|poke|p1|Pelipper, M|
|poke|p1|Moltres|
|poke|p1|Basculegion, M|
|poke|p1|Raging Bolt|
|poke|p1|Iron Treads|
|poke|p1|Keldeo|
|poke|p2|Glimmora, M|
|poke|p2|Gholdengo|
|poke|p2|Ceruledge, M|
|poke|p2|Great Tusk|
|poke|p2|Scizor, M|
|poke|p2|Bellossom, M|
|teampreview
|inactive|Battle timer is ON: inactive players will automatically lose when time's up. (requested by BigG5)
|
|t:|1758925716
|teamsize|p1|6
|teamsize|p2|6
|start
|switch|p1a: Keldeo|Keldeo|100/100
|switch|p2a: Glimmora|Glimmora, M|100/100
|turn|1
|
|t:|1758925719
|move|p1a: Keldeo|Surf|p2a: Glimmora
|-supereffective|p2a: Glimmora
|-enditem|p2a: Glimmora|Focus Sash
|-damage|p2a: Glimmora|1/100
|move|p2a: Glimmora|Stealth Rock|p1a: Keldeo
|-sidestart|p1: BigG5|move: Stealth Rock
|
|upkeep
|turn|2
|
|t:|1758925728
|move|p1a: Keldeo|Surf|p2a: Glimmora
|-supereffective|p2a: Glimmora
|-damage|p2a: Glimmora|0 fnt
|faint|p2a: Glimmora
|
|upkeep
|
|t:|1758925730
|switch|p2a: Bellossom|Bellossom, M|100/100
|turn|3
|
|t:|1758925734
|move|p1a: Keldeo|Flip Turn|p2a: Bellossom
|-resisted|p2a: Bellossom
|-damage|p2a: Bellossom|94/100
|
|t:|1758925738
|switch|p1a: Moltres|Moltres|100/100|[from] Flip Turn
|move|p2a: Bellossom|Quiver Dance|p2a: Bellossom
|-boost|p2a: Bellossom|spa|1
|-boost|p2a: Bellossom|spd|1
|-boost|p2a: Bellossom|spe|1
|
|-heal|p2a: Bellossom|99/100|[from] item: Leftovers
|upkeep
|turn|4
|
|t:|1758925749
|move|p2a: Bellossom|Quiver Dance|p2a: Bellossom
|-boost|p2a: Bellossom|spa|1
|-boost|p2a: Bellossom|spd|1
|-boost|p2a: Bellossom|spe|1
|move|p1a: Moltres|U-turn|p2a: Bellossom
|-supereffective|p2a: Bellossom
|-damage|p2a: Bellossom|72/100
|
|t:|1758925765
|switch|p1a: Pelipper|Pelipper, M|100/100|[from] U-turn
|-damage|p1a: Pelipper|76/100|[from] Stealth Rock
|-weather|RainDance|[from] ability: Drizzle|[of] p1a: Pelipper
|
|-weather|RainDance|[upkeep]
|-heal|p2a: Bellossom|78/100|[from] item: Leftovers
|upkeep
|turn|5
|
|t:|1758925768
|switch|p1a: Moltres|Moltres|100/100
|-terastallize|p2a: Bellossom|Grass
|move|p2a: Bellossom|Giga Drain|p1a: Moltres
|-resisted|p1a: Moltres
|-damage|p1a: Moltres|85/100
|-heal|p2a: Bellossom|88/100|[from] drain|[of] p1a: Moltres
|
|-weather|RainDance|[upkeep]
|-heal|p2a: Bellossom|95/100|[from] item: Leftovers
|upkeep
|turn|6
|
|t:|1758925773
|move|p2a: Bellossom|Quiver Dance|p2a: Bellossom
|-boost|p2a: Bellossom|spa|1
|-boost|p2a: Bellossom|spd|1
|-boost|p2a: Bellossom|spe|1
|move|p1a: Moltres|Hurricane|p2a: Bellossom
|-supereffective|p2a: Bellossom
|-damage|p2a: Bellossom|55/100
|
|-weather|RainDance|[upkeep]
|-heal|p2a: Bellossom|61/100|[from] item: Leftovers
|upkeep
|turn|7
|
|t:|1758925778
|move|p2a: Bellossom|Dazzling Gleam|p1a: Moltres
|-resisted|p1a: Moltres
|-damage|p1a: Moltres|64/100
|move|p1a: Moltres|U-turn|p2a: Bellossom
|-supereffective|p2a: Bellossom
|-damage|p2a: Bellossom|33/100
|
|t:|1758925784
|switch|p1a: Basculegion|Basculegion, M, shiny|100/100|[from] U-turn
|-damage|p1a: Basculegion|88/100|[from] Stealth Rock
|
|-weather|RainDance|[upkeep]
|-heal|p2a: Bellossom|40/100|[from] item: Leftovers
|upkeep
|turn|8
|
|t:|1758925788
|move|p1a: Basculegion|Aqua Jet|p2a: Bellossom
|-resisted|p2a: Bellossom
|-damage|p2a: Bellossom|19/100
|move|p2a: Bellossom|Giga Drain|p1a: Basculegion
|-supereffective|p1a: Basculegion
|-damage|p1a: Basculegion|0 fnt
|-heal|p2a: Bellossom|78/100|[from] drain|[of] p1a: Basculegion
|faint|p1a: Basculegion
|
|-weather|RainDance|[upkeep]
|-heal|p2a: Bellossom|84/100|[from] item: Leftovers
|upkeep
|
|t:|1758925807
|switch|p1a: Iron Treads|Iron Treads|100/100
|-damage|p1a: Iron Treads|98/100|[from] Stealth Rock
|turn|9
|
|t:|1758925811
|move|p2a: Bellossom|Quiver Dance|p2a: Bellossom
|-boost|p2a: Bellossom|spa|1
|-boost|p2a: Bellossom|spd|1
|-boost|p2a: Bellossom|spe|1
|move|p1a: Iron Treads|Knock Off|p2a: Bellossom
|-damage|p2a: Bellossom|58/100
|-enditem|p2a: Bellossom|Leftovers|[from] move: Knock Off|[of] p1a: Iron Treads
|
|-weather|RainDance|[upkeep]
|-heal|p1a: Iron Treads|100/100|[from] item: Leftovers
|upkeep
|turn|10
|
|t:|1758925816
|move|p2a: Bellossom|Giga Drain|p1a: Iron Treads
|-damage|p1a: Iron Treads|19/100
|-heal|p2a: Bellossom|100/100|[from] drain|[of] p1a: Iron Treads
|move|p1a: Iron Treads|Rapid Spin|p2a: Bellossom
|-damage|p2a: Bellossom|89/100
|-boost|p1a: Iron Treads|spe|1
|-sideend|p1: BigG5|Stealth Rock|[from] move: Rapid Spin|[of] p1a: Iron Treads
|
|-weather|RainDance|[upkeep]
|-heal|p1a: Iron Treads|25/100|[from] item: Leftovers
|upkeep
|turn|11
|
|t:|1758925818
|move|p2a: Bellossom|Giga Drain|p1a: Iron Treads
|-damage|p1a: Iron Treads|0 fnt
|-heal|p2a: Bellossom|100/100|[from] drain|[of] p1a: Iron Treads
|faint|p1a: Iron Treads
|-end|p1a: Iron Treads|Quark Drive|[silent]
|
|-weather|none
|upkeep
|
|t:|1758925830
|switch|p1a: Raging Bolt|Raging Bolt|100/100
|-enditem|p1a: Raging Bolt|Booster Energy
|-activate|p1a: Raging Bolt|ability: Protosynthesis|[fromitem]
|-start|p1a: Raging Bolt|protosynthesisspa
|turn|12
|
|t:|1758925833
|-terastallize|p1a: Raging Bolt|Fairy
|move|p2a: Bellossom|Dazzling Gleam|p1a: Raging Bolt
|-damage|p1a: Raging Bolt|57/100
|move|p1a: Raging Bolt|Calm Mind|p1a: Raging Bolt
|-boost|p1a: Raging Bolt|spa|1
|-boost|p1a: Raging Bolt|spd|1
|
|upkeep
|turn|13
|
|t:|1758925842
|move|p2a: Bellossom|Giga Drain|p1a: Raging Bolt
|-damage|p1a: Raging Bolt|5/100
|move|p1a: Raging Bolt|Thunder|p2a: Bellossom
|-resisted|p2a: Bellossom
|-damage|p2a: Bellossom|77/100
|-status|p2a: Bellossom|par
|
|upkeep
|turn|14
|
|t:|1758925846
|move|p2a: Bellossom|Giga Drain|p1a: Raging Bolt
|-damage|p1a: Raging Bolt|0 fnt
|-heal|p2a: Bellossom|81/100 par|[from] drain|[of] p1a: Raging Bolt
|faint|p1a: Raging Bolt
|-end|p1a: Raging Bolt|Protosynthesis|[silent]
|
|upkeep
|
|t:|1758925851
|switch|p1a: Pelipper|Pelipper, M|76/100
|-weather|RainDance|[from] ability: Drizzle|[of] p1a: Pelipper
|turn|15
|
|t:|1758925853
|cant|p2a: Bellossom|par
|move|p1a: Pelipper|Hurricane|p2a: Bellossom
|-supereffective|p2a: Bellossom
|-damage|p2a: Bellossom|49/100 par
|
|-weather|RainDance|[upkeep]
|upkeep
|turn|16
|
|t:|1758925854
|move|p2a: Bellossom|Giga Drain|p1a: Pelipper
|-damage|p1a: Pelipper|0 fnt
|-heal|p2a: Bellossom|91/100 par|[from] drain|[of] p1a: Pelipper
|faint|p1a: Pelipper
|
|-weather|RainDance|[upkeep]
|upkeep
|
|t:|1758925857
|switch|p1a: Keldeo|Keldeo|100/100
|turn|17
|
|t:|1758925859
|move|p1a: Keldeo|Aura Sphere|p2a: Bellossom
|-damage|p2a: Bellossom|74/100 par
|move|p2a: Bellossom|Giga Drain|p1a: Keldeo
|-supereffective|p1a: Keldeo
|-damage|p1a: Keldeo|0 fnt
|-heal|p2a: Bellossom|100/100 par|[from] drain|[of] p1a: Keldeo
|faint|p1a: Keldeo
|
|-weather|RainDance|[upkeep]
|upkeep
|-message|BigG5 forfeited.
|
|win|AnOriginalName3
|raw|BigG5's rating: 1489 &rarr; <strong>1471</strong><br />(-18 for losing)
|raw|AnOriginalName3's rating: 1521 &rarr; <strong>1539</strong><br />(+18 for winning)
|l|☆BigG5
|player|p1|
|l|☆AnOriginalName3
|player|p2|
