|j|☆gary lopez
|j|☆Ninnetales
|t:|1758919492
|gametype|singles
|player|p1|gary lopez|brock|1078
|player|p2|Ninnetales|169|1108
|gen|9
|tier|[Gen 9] OU
|rated|
|rule|HP Percentage Mod: HP is shown in percentages
|rule|Endless Battle Clause: Forcing endless battles is banned
|rule|Species Clause: Limit one of each Pokémon
|rule|OHKO Clause: OHKO moves are banned
|rule|Evasion Items Clause: Evasion items are banned
|rule|Evasion Moves Clause: Evasion moves are banned
|rule|Evasion Abilities Clause: Evasion abilities are banned
|rule|Sleep Moves Clause: Sleep-inducing moves are banned
|clearpoke
|poke|p1|Glimmora, M|
|poke|p1|Scizor, F|
|poke|p1|Dragapult, M|
|poke|p1|Weavile, F|
|poke|p1|Corviknight, F|
|poke|p1|Iron Valiant|
|poke|p2|Zapdos|
|poke|p2|Hydrapple, F|
|poke|p2|Zamazenta-*|
|poke|p2|Slowking-Galar, F|
|poke|p2|Tinkaton, F|
|poke|p2|Ting-Lu|
|teampreview
|
|t:|1758919497
|teamsize|p1|6
|teamsize|p2|6
|start
|switch|p1a: Dragapult|Dragapult, M|100/100
|switch|p2a: Ting-Lu|Ting-Lu|100/100
|-ability|p2a: Ting-Lu|Vessel of Ruin
|turn|1
|
|t:|1758919503
|move|p1a: Dragapult|U-turn|p2a: Ting-Lu
|-supereffective|p2a: Ting-Lu
|-damage|p2a: Ting-Lu|66/100
|
|t:|1758919523
|switch|p1a: Corviknight|Corviknight, F|100/100|[from] U-turn
|-ability|p1a: Corviknight|Pressure
|move|p2a: Ting-Lu|Earthquake|p1a: Corviknight
|-immune|p1a: Corviknight
|
|-heal|p2a: Ting-Lu|72/100|[from] item: Leftovers
|upkeep
|turn|2
|
|t:|1758919527
|move|p2a: Ting-Lu|Ruination|p1a: Corviknight
|-damage|p1a: Corviknight|51/100
|move|p1a: Corviknight|U-turn|p2a: Ting-Lu
|-supereffective|p2a: Ting-Lu
|-damage|p2a: Ting-Lu|60/100
|
|t:|1758919529
|switch|p1a: Weavile|Weavile, F|100/100|[from] U-turn
|-ability|p1a: Weavile|Pressure
|
|-heal|p2a: Ting-Lu|66/100|[from] item: Leftovers
|upkeep
|turn|3
|
|t:|1758919535
|switch|p2a: Zamazenta|Zamazenta|100/100
|-ability|p2a: Zamazenta|Dauntless Shield|boost
|-boost|p2a: Zamazenta|def|1
|move|p1a: Weavile|Triple Axel|p2a: Zamazenta|[miss]
|-miss|p1a: Weavile|p2a: Zamazenta
|
|upkeep
|turn|4
|
|t:|1758919547
|switch|p1a: Glimmora|Glimmora, M|100/100
|move|p2a: Zamazenta|Close Combat|p1a: Glimmora
|-damage|p1a: Glimmora|34/100
|-unboost|p2a: Zamazenta|def|1
|-unboost|p2a: Zamazenta|spd|1
|-activate|p1a: Glimmora|ability: Toxic Debris
|-sidestart|p2: Ninnetales|move: Toxic Spikes
|-enditem|p1a: Glimmora|Red Card|[of] p2a: Zamazenta
|drag|p2a: Zapdos|Zapdos|100/100
|
|upkeep
|turn|5
|
|t:|1758919557
|move|p2a: Zapdos|Volt Switch|p1a: Glimmora
|-damage|p1a: Glimmora|0 fnt
|faint|p1a: Glimmora
|
|t:|1758919560
|switch|p2a: Slowking|Slowking-Galar, F|100/100|[from] Volt Switch
|-sideend|p2: Ninnetales|move: Toxic Spikes|[of] p2a: Slowking
|
|upkeep
|
|t:|1758919567
|switch|p1a: Weavile|Weavile, F|100/100
|-ability|p1a: Weavile|Pressure
|turn|6
|
|t:|1758919573
|switch|p2a: Zamazenta|Zamazenta|100/100
|move|p1a: Weavile|Knock Off|p2a: Zamazenta
|-resisted|p2a: Zamazenta
|-damage|p2a: Zamazenta|77/100
|-enditem|p2a: Zamazenta|Heavy-Duty Boots|[from] move: Knock Off|[of] p1a: Weavile
|
|upkeep
|turn|7
|
|t:|1758919586
|switch|p1a: Dragapult|Dragapult, M|100/100
|move|p2a: Zamazenta|Close Combat|p1a: Dragapult
|-immune|p1a: Dragapult
|
|upkeep
|turn|8
|
|t:|1758919613
|-terastallize|p1a: Dragapult|Ghost
|move|p2a: Zamazenta|Crunch|p1a: Dragapult
|-supereffective|p1a: Dragapult
|-damage|p1a: Dragapult|25/100
|move|p1a: Dragapult|Tera Blast|p2a: Zamazenta|[anim] Tera Blast Ghost
|-damage|p2a: Zamazenta|0 fnt
|faint|p2a: Zamazenta
|
|upkeep
|
|t:|1758919650
|switch|p2a: Slowking|Slowking-Galar, F|100/100
|turn|9
|
|t:|1758919657
|switch|p1a: Corviknight|Corviknight, F|51/100
|-ability|p1a: Corviknight|Pressure
|-terastallize|p2a: Slowking|Water
|move|p2a: Slowking|Sludge Bomb|p1a: Corviknight
|-immune|p1a: Corviknight
|
|upkeep
|turn|10
|
|t:|1758919660
|move|p1a: Corviknight|Roost|p1a: Corviknight
|-heal|p1a: Corviknight|100/100
|-singleturn|p1a: Corviknight|move: Roost
|move|p2a: Slowking|Flamethrower|p1a: Corviknight
|-supereffective|p1a: Corviknight
|-damage|p1a: Corviknight|67/100
|
|upkeep
|turn|11
|
|t:|1758919665
|move|p1a: Corviknight|U-turn|p2a: Slowking
|-damage|p2a: Slowking|86/100
|
|t:|1758919667
|switch|p1a: Iron Valiant|Iron Valiant, shiny|100/100|[from] U-turn
|-enditem|p1a: Iron Valiant|Booster Energy
|-activate|p1a: Iron Valiant|ability: Quark Drive|[fromitem]
|-start|p1a: Iron Valiant|quarkdrivespe
|move|p2a: Slowking|Flamethrower|p1a: Iron Valiant
|-damage|p1a: Iron Valiant|64/100
|
|upkeep
|turn|12
|
|t:|1758919676
|switch|p2a: Zapdos|Zapdos|100/100
|move|p1a: Iron Valiant|Energy Ball|p2a: Zapdos
|-resisted|p2a: Zapdos
|-damage|p2a: Zapdos|86/100
|
|upkeep
|turn|13
|
|t:|1758919683
|move|p1a: Iron Valiant|Moonblast|p2a: Zapdos
|-damage|p2a: Zapdos|40/100
|move|p2a: Zapdos|Hurricane|p1a: Iron Valiant|[miss]
|-miss|p2a: Zapdos|p1a: Iron Valiant
|
|upkeep
|turn|14
|
|t:|1758919689
|move|p1a: Iron Valiant|Moonblast|p2a: Zapdos
|-damage|p2a: Zapdos|0 fnt
|faint|p2a: Zapdos
|
|upkeep
|
|t:|1758919694
|switch|p2a: Hydrapple|Hydrapple, F|100/100
|turn|15
|
|t:|1758919701
|-end|p1a: Iron Valiant|Quark Drive|[silent]
|switch|p1a: Corviknight|Corviknight, F|67/100
|-ability|p1a: Corviknight|Pressure
|move|p2a: Hydrapple|Giga Drain|p1a: Corviknight
|-resisted|p1a: Corviknight
|-damage|p1a: Corviknight|61/100
|
|upkeep
|turn|16
|
|t:|1758919703
|move|p2a: Hydrapple|Nasty Plot|p2a: Hydrapple
|-boost|p2a: Hydrapple|spa|2
|move|p1a: Corviknight|Roost|p1a: Corviknight
|-heal|p1a: Corviknight|100/100
|-singleturn|p1a: Corviknight|move: Roost
|
|upkeep
|turn|17
|
|t:|1758919706
|move|p2a: Hydrapple|Draco Meteor|p1a: Corviknight
|-resisted|p1a: Corviknight
|-damage|p1a: Corviknight|59/100
|-unboost|p2a: Hydrapple|spa|2
|move|p1a: Corviknight|U-turn|p2a: Hydrapple
|-supereffective|p2a: Hydrapple
|-damage|p2a: Hydrapple|79/100
|
|t:|1758919712
|switch|p1a: Weavile|Weavile, F|100/100|[from] U-turn
|-ability|p1a: Weavile|Pressure
|
|upkeep
|turn|18
|
|t:|1758919715
|switch|p2a: Slowking|Slowking-Galar, F, tera:Water|100/100
|move|p1a: Weavile|Triple Axel|p2a: Slowking
|-resisted|p2a: Slowking
|-damage|p2a: Slowking|95/100
|-resisted|p2a: Slowking
|-damage|p2a: Slowking|85/100
|-resisted|p2a: Slowking
|-damage|p2a: Slowking|68/100
|-hitcount|p2a: Slowking|3
|
|upkeep
|turn|19
|
|t:|1758919720
|move|p1a: Weavile|Knock Off|p2a: Slowking
|-damage|p2a: Slowking|22/100
|-enditem|p2a: Slowking|Heavy-Duty Boots|[from] move: Knock Off|[of] p1a: Weavile
|move|p2a: Slowking|Flamethrower|p1a: Weavile
|-supereffective|p1a: Weavile
|-damage|p1a: Weavile|35/100
|
|upkeep
|turn|20
|-message|Ninnetales forfeited.
|
|win|gary lopez
|raw|gary lopez's rating: 1078 &rarr; <strong>1109</strong><br />(+31 for winning)
|raw|Ninnetales's rating: 1108 &rarr; <strong>1081</strong><br />(-27 for losing)
|l|☆Ninnetales
|player|p2|
|c|☆gary lopez|r r r r what a dumbass
