|j|☆vivek1245s
|j|☆vghhjg
|t:|1758979737
|gametype|singles
|player|p1|vivek1245s|aromalady|1531
|player|p2|vghhjg|266|1512
|gen|9
|tier|[Gen 9] OU
|rated|
|rule|HP Percentage Mod: HP is shown in percentages
|rule|Endless Battle Clause: Forcing endless battles is banned
|rule|Species Clause: Limit one of each Pokémon
|rule|OHKO Clause: OHKO moves are banned
|rule|Evasion Items Clause: Evasion items are banned
|rule|Evasion Moves Clause: Evasion moves are banned
|rule|Evasion Abilities Clause: Evasion abilities are banned
|rule|Sleep Moves Clause: Sleep-inducing moves are banned
|clearpoke
|poke|p1|Lokix, M|
|poke|p1|Cinderace, M|
|poke|p1|Great Tusk|
|poke|p1|Alomomola, M|
|poke|p1|Enamorus, F|
|poke|p1|Slowking-Galar, F|
|poke|p2|Gholdengo|
|poke|p2|Ribombee, M|
|poke|p2|Dragonite, M|
|poke|p2|Comfey, M|
|poke|p2|Primarina, F|
|poke|p2|Revavroom, M|
|teampreview
|
|t:|1758979766
|teamsize|p1|6
|teamsize|p2|6
|start
|switch|p1a: Slowking|Slowking-Galar, F|100/100
|switch|p2a: Ribombee|Ribombee, M|100/100
|turn|1
|
|t:|1758979809
|move|p2a: Ribombee|Sticky Web|p1a: Slowking
|-sidestart|p1: vivek1245s|move: Sticky Web
|move|p1a: Slowking|Sludge Bomb|p2a: Ribombee
|-supereffective|p2a: Ribombee
|-enditem|p2a: Ribombee|Focus Sash
|-damage|p2a: Ribombee|1/100
|
|upkeep
|turn|2
|
|t:|1758979876
|move|p2a: Ribombee|Stun Spore|p1a: Slowking
|-status|p1a: Slowking|par
|move|p1a: Slowking|Future Sight|p2a: Ribombee
|-start|p1a: Slowking|move: Future Sight
|
|upkeep
|turn|3
|
|t:|1758979896
|move|p2a: Ribombee|Psychic Noise|p1a: Slowking
|-damage|p1a: Slowking|83/100 par
|-start|p1a: Slowking|move: Heal Block
|-prepare|p1a: Slowking|Chilly Reception|[premajor]
|move|p1a: Slowking|Chilly Reception|p1a: Slowking
|-weather|Snowscape
|
|t:|1758979903
|switch|p1a: Cinderace|Cinderace, M|100/100|[from] Chilly Reception
|
|-weather|Snowscape|[upkeep]
|upkeep
|turn|4
|
|t:|1758979910
|move|p2a: Ribombee|Stun Spore|p1a: Cinderace
|-status|p1a: Cinderace|par
|move|p1a: Cinderace|Court Change|p1a: Cinderace
|-swapsideconditions
|-activate|p1a: Cinderace|move: Court Change
|
|-weather|Snowscape|[upkeep]
|-end|p2a: Ribombee|move: Future Sight
|-damage|p2a: Ribombee|0 fnt
|faint|p2a: Ribombee
|upkeep
|
|t:|1758979927
|switch|p2a: Primarina|Primarina, F|100/100
|-activate|p2a: Primarina|move: Sticky Web
|-unboost|p2a: Primarina|spe|1
|turn|5
|
|t:|1758979933
|move|p1a: Cinderace|U-turn|p2a: Primarina
|-resisted|p2a: Primarina
|-damage|p2a: Primarina|86/100
|
|t:|1758979935
|switch|p1a: Alomomola|Alomomola, M|100/100|[from] U-turn
|move|p2a: Primarina|Substitute|p2a: Primarina
|-start|p2a: Primarina|Substitute
|-damage|p2a: Primarina|61/100
|
|-weather|Snowscape|[upkeep]
|-heal|p2a: Primarina|67/100|[from] item: Leftovers
|upkeep
|turn|6
|
|t:|1758979942
|move|p2a: Primarina|Calm Mind|p2a: Primarina
|-boost|p2a: Primarina|spa|1
|-boost|p2a: Primarina|spd|1
|move|p1a: Alomomola|Flip Turn|p2a: Primarina
|-resisted|p2a: Primarina
|-activate|p2a: Primarina|move: Substitute|[damage]
|
|t:|1758979943
|switch|p1a: Lokix|Lokix, M|100/100|[from] Flip Turn
|
|-weather|Snowscape|[upkeep]
|-heal|p2a: Primarina|73/100|[from] item: Leftovers
|upkeep
|turn|7
|
|t:|1758979947
|move|p1a: Lokix|U-turn|p2a: Primarina
|-resisted|p2a: Primarina
|-end|p2a: Primarina|Substitute
|
|t:|1758979952
|switch|p1a: Slowking|Slowking-Galar, F|100/100 par|[from] U-turn
|move|p2a: Primarina|Moonblast|p1a: Slowking
|-resisted|p1a: Slowking
|-damage|p1a: Slowking|71/100 par
|
|-weather|none
|-heal|p2a: Primarina|79/100|[from] item: Leftovers
|upkeep
|turn|8
|
|t:|1758979956
|move|p2a: Primarina|Substitute|p2a: Primarina
|-start|p2a: Primarina|Substitute
|-damage|p2a: Primarina|54/100
|cant|p1a: Slowking|par
|
|-heal|p2a: Primarina|60/100|[from] item: Leftovers
|upkeep
|turn|9
|
|t:|1758979960
|move|p2a: Primarina|Calm Mind|p2a: Primarina
|-boost|p2a: Primarina|spa|1
|-boost|p2a: Primarina|spd|1
|cant|p1a: Slowking|par
|
|-heal|p2a: Primarina|66/100|[from] item: Leftovers
|upkeep
|turn|10
|
|t:|1758979965
|move|p2a: Primarina|Calm Mind|p2a: Primarina
|-boost|p2a: Primarina|spa|1
|-boost|p2a: Primarina|spd|1
|move|p1a: Slowking|Sludge Bomb|p2a: Primarina
|-supereffective|p2a: Primarina
|-crit|p2a: Primarina
|-end|p2a: Primarina|Substitute
|
|-heal|p2a: Primarina|72/100|[from] item: Leftovers
|upkeep
|turn|11
|
|t:|1758979968
|move|p2a: Primarina|Substitute|p2a: Primarina
|-start|p2a: Primarina|Substitute
|-damage|p2a: Primarina|47/100
|move|p1a: Slowking|Sludge Bomb|p2a: Primarina
|-supereffective|p2a: Primarina
|-activate|p2a: Primarina|move: Substitute|[damage]
|
|-heal|p2a: Primarina|53/100|[from] item: Leftovers
|upkeep
|turn|12
|
|t:|1758979971
|move|p2a: Primarina|Calm Mind|p2a: Primarina
|-boost|p2a: Primarina|spa|1
|-boost|p2a: Primarina|spd|1
|move|p1a: Slowking|Sludge Bomb|p2a: Primarina
|-supereffective|p2a: Primarina
|-end|p2a: Primarina|Substitute
|
|-heal|p2a: Primarina|59/100|[from] item: Leftovers
|upkeep
|turn|13
|
|t:|1758979975
|move|p2a: Primarina|Substitute|p2a: Primarina
|-start|p2a: Primarina|Substitute
|-damage|p2a: Primarina|34/100
|cant|p1a: Slowking|par
|
|-heal|p2a: Primarina|40/100|[from] item: Leftovers
|upkeep
|turn|14
|
|t:|1758979980
|move|p2a: Primarina|Calm Mind|p2a: Primarina
|-boost|p2a: Primarina|spa|1
|-boost|p2a: Primarina|spd|1
|move|p1a: Slowking|Sludge Bomb|p2a: Primarina
|-supereffective|p2a: Primarina
|-activate|p2a: Primarina|move: Substitute|[damage]
|
|-heal|p2a: Primarina|46/100|[from] item: Leftovers
|upkeep
|turn|15
|
|t:|1758979986
|move|p2a: Primarina|Surf|p1a: Slowking
|-damage|p1a: Slowking|0 fnt
|faint|p1a: Slowking
|
|-heal|p2a: Primarina|52/100|[from] item: Leftovers
|upkeep
|
|t:|1758979989
|switch|p1a: Lokix|Lokix, M|100/100
|turn|16
|
|t:|1758979995
|move|p1a: Lokix|U-turn|p2a: Primarina
|-resisted|p2a: Primarina
|-end|p2a: Primarina|Substitute
|
|t:|1758979997
|switch|p1a: Great Tusk|Great Tusk|100/100|[from] U-turn
|move|p2a: Primarina|Substitute|p2a: Primarina
|-start|p2a: Primarina|Substitute
|-damage|p2a: Primarina|27/100
|
|-heal|p2a: Primarina|33/100|[from] item: Leftovers
|upkeep
|turn|17
|
|t:|1758980001
|move|p1a: Great Tusk|Earthquake|p2a: Primarina
|-end|p2a: Primarina|Substitute
|move|p2a: Primarina|Surf|p1a: Great Tusk
|-supereffective|p1a: Great Tusk
|-damage|p1a: Great Tusk|0 fnt
|faint|p1a: Great Tusk
|-end|p1a: Great Tusk|Protosynthesis|[silent]
|
|-heal|p2a: Primarina|39/100|[from] item: Leftovers
|upkeep
|
|t:|1758980004
|switch|p1a: Lokix|Lokix, M|100/100
|turn|18
|
|t:|1758980007
|switch|p2a: Revavroom|Revavroom, M|100/100
|-activate|p2a: Revavroom|move: Sticky Web
|-unboost|p2a: Revavroom|spe|1
|move|p1a: Lokix|U-turn|p2a: Revavroom
|-resisted|p2a: Revavroom
|-damage|p2a: Revavroom|72/100
|
|t:|1758980015
|switch|p1a: Enamorus|Enamorus, F|100/100|[from] U-turn
|
|upkeep
|turn|19
|
|t:|1758980019
|move|p1a: Enamorus|Earth Power|p2a: Revavroom
|-supereffective|p2a: Revavroom
|-crit|p2a: Revavroom
|-damage|p2a: Revavroom|0 fnt
|faint|p2a: Revavroom
|
|upkeep
|
|t:|1758980026
|switch|p2a: Comfey|Comfey, M|100/100
|-activate|p2a: Comfey|move: Sticky Web
|-unboost|p2a: Comfey|spe|1
|turn|20
|
|t:|1758980032
|switch|p1a: Cinderace|Cinderace, M|100/100 par
|move|p2a: Comfey|Calm Mind|p2a: Comfey
|-boost|p2a: Comfey|spa|1
|-boost|p2a: Comfey|spd|1
|
|upkeep
|turn|21
|
|t:|1758980064
|-terastallize|p2a: Comfey|Ground
|cant|p1a: Cinderace|par
|move|p2a: Comfey|Tera Blast|p1a: Cinderace|[anim] Tera Blast Ground
|-supereffective|p1a: Cinderace
|-damage|p1a: Cinderace|0 fnt
|faint|p1a: Cinderace
|-damage|p2a: Comfey|91/100|[from] item: Life Orb
|
|upkeep
|
|t:|1758980093
|switch|p1a: Alomomola|Alomomola, M|100/100
|turn|22
|
|t:|1758980118
|move|p2a: Comfey|Calm Mind|p2a: Comfey
|-boost|p2a: Comfey|spa|1
|-boost|p2a: Comfey|spd|1
|move|p1a: Alomomola|Flip Turn|p2a: Comfey
|-supereffective|p2a: Comfey
|-damage|p2a: Comfey|51/100
|
|t:|1758980122
|switch|p1a: Lokix|Lokix, M|100/100|[from] Flip Turn
|
|upkeep
|turn|23
|
|t:|1758980124
|-terastallize|p1a: Lokix|Bug
|move|p2a: Comfey|Draining Kiss|p1a: Lokix
|-damage|p1a: Lokix|0 fnt
|-heal|p2a: Comfey|100/100|[from] drain|[of] p1a: Lokix
|faint|p1a: Lokix
|-damage|p2a: Comfey|91/100|[from] item: Life Orb
|
|upkeep
|
|t:|1758980128
|switch|p1a: Alomomola|Alomomola, M|100/100
|turn|24
|
|t:|1758980133
|move|p1a: Alomomola|Aqua Jet|p2a: Comfey
|-supereffective|p2a: Comfey
|-damage|p2a: Comfey|65/100
|move|p2a: Comfey|Calm Mind|p2a: Comfey
|-boost|p2a: Comfey|spa|1
|-boost|p2a: Comfey|spd|1
|
|upkeep
|turn|25
|
|t:|1758980137
|move|p1a: Alomomola|Aqua Jet|p2a: Comfey
|-supereffective|p2a: Comfey
|-damage|p2a: Comfey|39/100
|move|p2a: Comfey|Calm Mind|p2a: Comfey
|-boost|p2a: Comfey|spa|1
|-boost|p2a: Comfey|spd|1
|
|upkeep
|turn|26
|
|t:|1758980142
|move|p2a: Comfey|Draining Kiss|p1a: Alomomola
|-damage|p1a: Alomomola|63/100
|-heal|p2a: Comfey|88/100|[from] drain|[of] p1a: Alomomola
|-damage|p2a: Comfey|78/100|[from] item: Life Orb
|move|p1a: Alomomola|Mirror Coat|p2a: Comfey
|-damage|p2a: Comfey|0 fnt
|faint|p2a: Comfey
|
|upkeep
|
|t:|1758980154
|switch|p2a: Primarina|Primarina, F|39/100
|-activate|p2a: Primarina|move: Sticky Web
|-unboost|p2a: Primarina|spe|1
|turn|27
|
|t:|1758980158
|move|p2a: Primarina|Substitute|p2a: Primarina
|-start|p2a: Primarina|Substitute
|-damage|p2a: Primarina|14/100
|move|p1a: Alomomola|Flip Turn|p2a: Primarina
|-resisted|p2a: Primarina
|-activate|p2a: Primarina|move: Substitute|[damage]
|
|t:|1758980160
|switch|p1a: Enamorus|Enamorus, F|100/100|[from] Flip Turn
|
|-heal|p2a: Primarina|20/100|[from] item: Leftovers
|upkeep
|turn|28
|
|t:|1758980165
|move|p1a: Enamorus|Moonblast|p2a: Primarina
|-end|p2a: Primarina|Substitute
|move|p2a: Primarina|Moonblast|p1a: Enamorus
|-damage|p1a: Enamorus|34/100
|
|-heal|p2a: Primarina|26/100|[from] item: Leftovers
|upkeep
|turn|29
|
|t:|1758980171
|move|p1a: Enamorus|Moonblast|p2a: Primarina
|-damage|p2a: Primarina|0 fnt
|faint|p2a: Primarina
|
|upkeep
|
|t:|1758980195
|switch|p2a: Gholdengo|Gholdengo|100/100
|-item|p2a: Gholdengo|Air Balloon
|turn|30
|
|t:|1758980212
|switch|p1a: Alomomola|Alomomola, M|97/100
|move|p2a: Gholdengo|Nasty Plot|p2a: Gholdengo
|-boost|p2a: Gholdengo|spa|2
|
|upkeep
|turn|31
|
|t:|1758980216
|move|p2a: Gholdengo|Nasty Plot|p2a: Gholdengo
|-boost|p2a: Gholdengo|spa|2
|move|p1a: Alomomola|Mirror Coat||[still]
|-fail|p1a: Alomomola
|
|upkeep
|turn|32
|
|t:|1758980220
|move|p2a: Gholdengo|Nasty Plot|p2a: Gholdengo
|-boost|p2a: Gholdengo|spa|2
|move|p1a: Alomomola|Mirror Coat||[still]
|-fail|p1a: Alomomola
|
|upkeep
|turn|33
|
|t:|1758980230
|move|p2a: Gholdengo|Shadow Ball|p1a: Alomomola
|-damage|p1a: Alomomola|10/100
|move|p1a: Alomomola|Mirror Coat|p2a: Gholdengo
|-damage|p2a: Gholdengo|0 fnt
|-enditem|p2a: Gholdengo|Air Balloon
|faint|p2a: Gholdengo
|
|upkeep
|
|t:|1758980233
|switch|p2a: Dragonite|Dragonite, M|100/100
|turn|34
|
|t:|1758980253
|move|p2a: Dragonite|Tera Blast|p1a: Alomomola
|-damage|p1a: Alomomola|2/100
|move|p1a: Alomomola|Flip Turn|p2a: Dragonite
|-resisted|p2a: Dragonite
|-damage|p2a: Dragonite|96/100
|
|t:|1758980255
|switch|p1a: Enamorus|Enamorus, F|34/100|[from] Flip Turn
|
|upkeep
|turn|35
|
|t:|1758980270
|move|p1a: Enamorus|Moonblast|p2a: Dragonite
|-supereffective|p2a: Dragonite
|-damage|p2a: Dragonite|0 fnt
|faint|p2a: Dragonite
|
|win|vivek1245s
|raw|vivek1245s's rating: 1531 &rarr; <strong>1550</strong><br />(+19 for winning)
|raw|vghhjg's rating: 1512 &rarr; <strong>1493</strong><br />(-19 for losing)
|l|☆vghhjg
|player|p2|
|l|☆vivek1245s
|player|p1|
