|j|☆GhostDumbDumb
|j|☆qunyangtuo
|t:|1759077291
|gametype|singles
|player|p1|GhostDumbDumb|unknown|1289
|player|p2|qunyangtuo|red|1244
|gen|9
|tier|[Gen 9] OU
|rated|
|rule|HP Percentage Mod: HP is shown in percentages
|rule|Endless Battle Clause: Forcing endless battles is banned
|rule|Species Clause: Limit one of each Pokémon
|rule|OHKO Clause: OHKO moves are banned
|rule|Evasion Items Clause: Evasion items are banned
|rule|Evasion Moves Clause: Evasion moves are banned
|rule|Evasion Abilities Clause: Evasion abilities are banned
|rule|Sleep Moves Clause: Sleep-inducing moves are banned
|clearpoke
|poke|p1|Reuniclus, F|
|poke|p1|Zoroark, F|
|poke|p1|Appletun, F|
|poke|p1|Pincurchin, M|
|poke|p1|Alcremie, F|
|poke|p1|Ambipom, M|
|poke|p2|Kingambit, F|
|poke|p2|Cinderace, F|
|poke|p2|Landorus-Therian, M|
|poke|p2|Iron Valiant|
|poke|p2|Kyurem|
|poke|p2|Slowking-Galar, M|
|teampreview
|
|t:|1759077323
|teamsize|p1|6
|teamsize|p2|6
|start
|switch|p1a: Typhlosions Lawyer|Ambipom, M, shiny|100/100
|switch|p2a: Chillionaire|Slowking-Galar, M, shiny|100/100
|turn|1
|
|t:|1759077332
|move|p1a: Typhlosions Lawyer|Fake Out|p2a: Chillionaire
|-damage|p2a: Chillionaire|75/100
|-prepare|p2a: Chillionaire|Chilly Reception|[premajor]
|cant|p2a: Chillionaire|flinch
|
|upkeep
|turn|2
|
|t:|1759077344
|move|p1a: Typhlosions Lawyer|Beat Up|p2a: Chillionaire
|-supereffective|p2a: Chillionaire
|-crit|p2a: Chillionaire
|-damage|p2a: Chillionaire|55/100
|-supereffective|p2a: Chillionaire
|-damage|p2a: Chillionaire|45/100
|-supereffective|p2a: Chillionaire
|-damage|p2a: Chillionaire|33/100
|-supereffective|p2a: Chillionaire
|-crit|p2a: Chillionaire
|-damage|p2a: Chillionaire|15/100
|-supereffective|p2a: Chillionaire
|-damage|p2a: Chillionaire|1/100
|-supereffective|p2a: Chillionaire
|-damage|p2a: Chillionaire|0 fnt
|faint|p2a: Chillionaire
|-hitcount|p2: Chillionaire|6
|
|upkeep
|
|t:|1759077381
|switch|p2a: Homelandor|Landorus-Therian, M, shiny|100/100
|-ability|p2a: Homelandor|Intimidate|boost
|-unboost|p1a: Typhlosions Lawyer|atk|1
|turn|3
|
|t:|1759077386
|move|p1a: Typhlosions Lawyer|Triple Axel|p2a: Homelandor
|-supereffective|p2a: Homelandor
|-damage|p2a: Homelandor|82/100
|-damage|p1a: Typhlosions Lawyer|84/100|[from] item: Rocky Helmet|[of] p2a: Homelandor
|-supereffective|p2a: Homelandor
|-damage|p2a: Homelandor|46/100
|-damage|p1a: Typhlosions Lawyer|68/100|[from] item: Rocky Helmet|[of] p2a: Homelandor
|-supereffective|p2a: Homelandor
|-damage|p2a: Homelandor|0 fnt
|-damage|p1a: Typhlosions Lawyer|51/100|[from] item: Rocky Helmet|[of] p2a: Homelandor
|faint|p2a: Homelandor
|-hitcount|p2: Homelandor|3
|
|upkeep
|
|t:|1759077408
|switch|p2a: Kristine|Cinderace, F, shiny|100/100
|turn|4
|
|t:|1759077421
|switch|p1a: Smiff|Pincurchin, M, shiny|100/100
|-fieldstart|move: Electric Terrain|[from] ability: Electric Surge|[of] p1a: Smiff
|move|p2a: Kristine|Will-O-Wisp|p1a: Smiff
|-status|p1a: Smiff|brn
|
|-damage|p1a: Smiff|94/100 brn|[from] brn
|upkeep
|turn|5
|
|t:|1759077433
|move|p2a: Kristine|Pyro Ball|p1a: Smiff
|-damage|p1a: Smiff|27/100 brn
|move|p1a: Smiff|Thunder Wave|p2a: Kristine
|-status|p2a: Kristine|par
|
|-damage|p1a: Smiff|21/100 brn|[from] brn
|upkeep
|turn|6
|
|t:|1759077444
|move|p2a: Kristine|U-turn|p1a: Smiff
|-damage|p1a: Smiff|0 fnt
|faint|p1a: Smiff
|
|t:|1759077451
|switch|p2a: WALL-Y|Iron Valiant|100/100|[from] U-turn
|-activate|p2a: WALL-Y|ability: Quark Drive
|-start|p2a: WALL-Y|quarkdrivespe
|
|upkeep
|inactive|Battle timer is ON: inactive players will automatically lose when time's up. (requested by qunyangtuo)
|
|t:|1759077484
|switch|p1a: Typhlosions Lawyer|Ambipom, M, shiny|51/100
|-enditem|p1a: Typhlosions Lawyer|Electric Seed
|-boost|p1a: Typhlosions Lawyer|def|1|[from] item: Electric Seed
|turn|7
|inactive|qunyangtuo has 120 seconds left.
|
|t:|1759077520
|-terastallize|p2a: WALL-Y|Ghost
|move|p1a: Typhlosions Lawyer|Fake Out|p2a: WALL-Y
|-immune|p2a: WALL-Y
|move|p2a: WALL-Y|Calm Mind|p2a: WALL-Y
|-boost|p2a: WALL-Y|spa|1
|-boost|p2a: WALL-Y|spd|1
|
|upkeep
|turn|8
|inactive|qunyangtuo has 120 seconds left.
|
|t:|1759077548
|move|p2a: WALL-Y|Calm Mind|p2a: WALL-Y
|-boost|p2a: WALL-Y|spa|1
|-boost|p2a: WALL-Y|spd|1
|move|p1a: Typhlosions Lawyer|Beat Up|p2a: WALL-Y
|-supereffective|p2a: WALL-Y
|-damage|p2a: WALL-Y|83/100
|-supereffective|p2a: WALL-Y
|-damage|p2a: WALL-Y|71/100
|-supereffective|p2a: WALL-Y
|-damage|p2a: WALL-Y|54/100
|-supereffective|p2a: WALL-Y
|-damage|p2a: WALL-Y|39/100
|-supereffective|p2a: WALL-Y
|-damage|p2a: WALL-Y|26/100
|-hitcount|p2a: WALL-Y|5
|
|upkeep
|turn|9
|inactive|qunyangtuo has 120 seconds left.
|
|t:|1759077562
|move|p2a: WALL-Y|Shadow Ball|p1a: Typhlosions Lawyer
|-immune|p1a: Typhlosions Lawyer
|move|p1a: Typhlosions Lawyer|Beat Up|p2a: WALL-Y
|-supereffective|p2a: WALL-Y
|-damage|p2a: WALL-Y|9/100
|-supereffective|p2a: WALL-Y
|-damage|p2a: WALL-Y|0 fnt
|faint|p2a: WALL-Y
|-end|p2a: WALL-Y|Quark Drive|[silent]
|-hitcount|p2: WALL-Y|2
|
|upkeep
|
|t:|1759077580
|switch|p2a: Mr. Freeze|Kyurem, shiny|100/100
|-ability|p2a: Mr. Freeze|Pressure
|turn|10
|
|t:|1759077588
|move|p1a: Typhlosions Lawyer|Covet|p2a: Mr. Freeze
|-damage|p2a: Mr. Freeze|66/100
|-item|p1a: Typhlosions Lawyer|Leftovers|[from] move: Covet|[of] p2a: Mr. Freeze
|move|p2a: Mr. Freeze|Freeze-Dry|p1a: Typhlosions Lawyer
|-damage|p1a: Typhlosions Lawyer|0 fnt
|faint|p1a: Typhlosions Lawyer
|
|upkeep
|
|t:|1759077600
|switch|p1a: Phub Catergory|Alcremie, F, shiny|100/100
|-enditem|p1a: Phub Catergory|Electric Seed
|-boost|p1a: Phub Catergory|def|1|[from] item: Electric Seed
|turn|11
|inactive|qunyangtuo has 120 seconds left.
|
|t:|1759077610
|switch|p2a: Daenerys|Kingambit, F|100/100
|-activate|p2a: Daenerys|ability: Supreme Overlord
|-start|p2a: Daenerys|fallen3|[silent]
|move|p1a: Phub Catergory|Thief|p2a: Daenerys
|-resisted|p2a: Daenerys
|-damage|p2a: Daenerys|89/100
|-enditem|p2a: Daenerys|Leftovers|[silent]|[from] move: Thief|[of] p1a: Phub Catergory
|-item|p1a: Phub Catergory|Leftovers|[from] move: Thief|[of] p2a: Daenerys
|
|-fieldend|move: Electric Terrain
|upkeep
|turn|12
|inactive|qunyangtuo has 120 seconds left.
|
|t:|1759077622
|move|p1a: Phub Catergory|Brick Break|p2a: Daenerys
|-supereffective|p2a: Daenerys
|-damage|p2a: Daenerys|24/100
|move|p2a: Daenerys|Swords Dance|p2a: Daenerys
|-boost|p2a: Daenerys|atk|2
|
|upkeep
|turn|13
|
|t:|1759077632
|move|p2a: Daenerys|Sucker Punch||[still]
|-fail|p2a: Daenerys
|move|p1a: Phub Catergory|Encore|p2a: Daenerys
|-start|p2a: Daenerys|Encore
|
|upkeep
|turn|14
|
|t:|1759077657
|-end|p2a: Daenerys|fallen3|[silent]
|switch|p2a: Kristine|Cinderace, F, shiny|100/100 par
|move|p1a: Phub Catergory|Brick Break|p2a: Kristine
|-damage|p2a: Kristine|71/100 par
|
|upkeep
|turn|15
|
|t:|1759077672
|move|p1a: Phub Catergory|U-turn|p2a: Kristine
|-resisted|p2a: Kristine
|-damage|p2a: Kristine|57/100 par
|inactive|GhostDumbDumb has 120 seconds left.
|
|t:|1759077690
|switch|p1a: Smiff Jr.|Appletun, F, shiny|100/100|[from] U-turn
|move|p2a: Kristine|Will-O-Wisp|p1a: Smiff Jr.
|-status|p1a: Smiff Jr.|brn
|
|-damage|p1a: Smiff Jr.|94/100 brn|[from] brn
|upkeep
|turn|16
|inactive|GhostDumbDumb has 120 seconds left.
|
|t:|1759077700
|move|p2a: Kristine|Pyro Ball|p1a: Smiff Jr.
|-damage|p1a: Smiff Jr.|67/100 brn
|move|p1a: Smiff Jr.|Iron Defense|p1a: Smiff Jr.
|-boost|p1a: Smiff Jr.|def|2
|
|-heal|p1a: Smiff Jr.|74/100 brn|[from] item: Leftovers
|-damage|p1a: Smiff Jr.|67/100 brn|[from] brn
|upkeep
|turn|17
|inactive|GhostDumbDumb has 120 seconds left.
|
|t:|1759077713
|move|p2a: Kristine|Pyro Ball|p1a: Smiff Jr.
|-damage|p1a: Smiff Jr.|54/100 brn
|move|p1a: Smiff Jr.|Amnesia|p1a: Smiff Jr.
|-boost|p1a: Smiff Jr.|spd|2
|
|-heal|p1a: Smiff Jr.|61/100 brn|[from] item: Leftovers
|-damage|p1a: Smiff Jr.|54/100 brn|[from] brn
|upkeep
|turn|18
|
|t:|1759077724
|move|p2a: Kristine|U-turn|p1a: Smiff Jr.
|-supereffective|p1a: Smiff Jr.
|-damage|p1a: Smiff Jr.|32/100 brn
|
|t:|1759077727
|switch|p2a: Mr. Freeze|Kyurem, shiny|66/100|[from] U-turn
|-ability|p2a: Mr. Freeze|Pressure
|move|p1a: Smiff Jr.|Substitute|p1a: Smiff Jr.
|-start|p1a: Smiff Jr.|Substitute
|-damage|p1a: Smiff Jr.|7/100 brn
|
|-heal|p1a: Smiff Jr.|14/100 brn|[from] item: Leftovers
|-damage|p1a: Smiff Jr.|7/100 brn|[from] brn
|upkeep
|turn|19
|
|t:|1759077747
|move|p2a: Mr. Freeze|Freeze-Dry|p1a: Smiff Jr.
|-supereffective|p1a: Smiff Jr.
|-end|p1a: Smiff Jr.|Substitute
|move|p1a: Smiff Jr.|Apple Acid|p2a: Mr. Freeze
|-resisted|p2a: Mr. Freeze
|-damage|p2a: Mr. Freeze|53/100
|-unboost|p2a: Mr. Freeze|spd|1
|
|-heal|p1a: Smiff Jr.|14/100 brn|[from] item: Leftovers
|-damage|p1a: Smiff Jr.|7/100 brn|[from] brn
|upkeep
|turn|20
|
|t:|1759077759
|move|p2a: Mr. Freeze|Freeze-Dry|p1a: Smiff Jr.
|-supereffective|p1a: Smiff Jr.
|-damage|p1a: Smiff Jr.|0 fnt
|faint|p1a: Smiff Jr.
|
|upkeep
|
|t:|1759077764
|switch|p1a: Phub Catergory|Alcremie, F, shiny|100/100
|turn|21
|
|t:|1759077771
|switch|p2a: Kristine|Cinderace, F, shiny|57/100 par
|-terastallize|p1a: Phub Catergory|Steel
|move|p1a: Phub Catergory|Acid Armor|p1a: Phub Catergory
|-boost|p1a: Phub Catergory|def|2
|
|upkeep
|turn|22
|
|t:|1759077779
|move|p2a: Kristine|Pyro Ball|p1a: Phub Catergory
|-supereffective|p1a: Phub Catergory
|-damage|p1a: Phub Catergory|46/100
|move|p1a: Phub Catergory|Acid Armor|p1a: Phub Catergory
|-boost|p1a: Phub Catergory|def|2
|
|-heal|p1a: Phub Catergory|52/100|[from] item: Leftovers
|upkeep
|turn|23
|
|t:|1759077787
|move|p2a: Kristine|Will-O-Wisp|p1a: Phub Catergory|[miss]
|-miss|p2a: Kristine|p1a: Phub Catergory
|move|p1a: Phub Catergory|Recover|p1a: Phub Catergory
|-heal|p1a: Phub Catergory|100/100
|
|upkeep
|turn|24
|
|t:|1759077794
|cant|p2a: Kristine|par
|move|p1a: Phub Catergory|Calm Mind|p1a: Phub Catergory
|-boost|p1a: Phub Catergory|spa|1
|-boost|p1a: Phub Catergory|spd|1
|
|upkeep
|turn|25
|
|t:|1759077821
|move|p2a: Kristine|Will-O-Wisp|p1a: Phub Catergory
|-status|p1a: Phub Catergory|brn
|move|p1a: Phub Catergory|Acid Armor|p1a: Phub Catergory
|-boost|p1a: Phub Catergory|def|2
|
|-damage|p1a: Phub Catergory|95/100 brn|[from] brn
|upkeep
|turn|26
|
|t:|1759077830
|move|p2a: Kristine|Pyro Ball|p1a: Phub Catergory
|-supereffective|p1a: Phub Catergory
|-damage|p1a: Phub Catergory|68/100 brn
|move|p1a: Phub Catergory|Calm Mind|p1a: Phub Catergory
|-boost|p1a: Phub Catergory|spa|1
|-boost|p1a: Phub Catergory|spd|1
|
|-heal|p1a: Phub Catergory|74/100 brn|[from] item: Leftovers
|-damage|p1a: Phub Catergory|68/100 brn|[from] brn
|upkeep
|turn|27
|
|t:|1759077840
|cant|p2a: Kristine|par
|move|p1a: Phub Catergory|Calm Mind|p1a: Phub Catergory
|-boost|p1a: Phub Catergory|spa|1
|-boost|p1a: Phub Catergory|spd|1
|
|-heal|p1a: Phub Catergory|74/100 brn|[from] item: Leftovers
|-damage|p1a: Phub Catergory|68/100 brn|[from] brn
|upkeep
|turn|28
|
|t:|1759077848
|move|p2a: Kristine|Pyro Ball|p1a: Phub Catergory
|-supereffective|p1a: Phub Catergory
|-damage|p1a: Phub Catergory|39/100 brn
|move|p1a: Phub Catergory|Recover|p1a: Phub Catergory
|-heal|p1a: Phub Catergory|89/100 brn
|
|-heal|p1a: Phub Catergory|95/100 brn|[from] item: Leftovers
|-damage|p1a: Phub Catergory|89/100 brn|[from] brn
|upkeep
|turn|29
|
|t:|1759077859
|switch|p2a: Daenerys|Kingambit, F|24/100
|-activate|p2a: Daenerys|ability: Supreme Overlord
|-start|p2a: Daenerys|fallen3|[silent]
|move|p1a: Phub Catergory|Calm Mind|p1a: Phub Catergory
|-boost|p1a: Phub Catergory|spa|1
|-boost|p1a: Phub Catergory|spd|1
|
|-heal|p1a: Phub Catergory|95/100 brn|[from] item: Leftovers
|-damage|p1a: Phub Catergory|89/100 brn|[from] brn
|upkeep
|turn|30
|
|t:|1759077870
|move|p2a: Daenerys|Swords Dance|p2a: Daenerys
|-boost|p2a: Daenerys|atk|2
|move|p1a: Phub Catergory|Draining Kiss|p2a: Daenerys
|-damage|p2a: Daenerys|0 fnt
|-heal|p1a: Phub Catergory|100/100 brn|[from] drain|[of] p2a: Daenerys
|faint|p2a: Daenerys
|-end|p2a: Daenerys|fallen3|[silent]
|
|-damage|p1a: Phub Catergory|95/100 brn|[from] brn
|upkeep
|
|t:|1759077881
|switch|p2a: Kristine|Cinderace, F, shiny|57/100 par
|turn|31
|
|t:|1759077890
|cant|p2a: Kristine|par
|move|p1a: Phub Catergory|Calm Mind|p1a: Phub Catergory
|-boost|p1a: Phub Catergory|spa|1
|-boost|p1a: Phub Catergory|spd|1
|
|-heal|p1a: Phub Catergory|100/100 brn|[from] item: Leftovers
|-damage|p1a: Phub Catergory|95/100 brn|[from] brn
|upkeep
|turn|32
|
|t:|1759077899
|cant|p2a: Kristine|par
|move|p1a: Phub Catergory|Calm Mind|p1a: Phub Catergory
|-boost|p1a: Phub Catergory|spa|1
|-boost|p1a: Phub Catergory|spd|1
|
|-heal|p1a: Phub Catergory|100/100 brn|[from] item: Leftovers
|-damage|p1a: Phub Catergory|95/100 brn|[from] brn
|upkeep
|turn|33
|-message|qunyangtuo forfeited.
|
|win|GhostDumbDumb
|raw|GhostDumbDumb's rating: 1289 &rarr; <strong>1311</strong><br />(+22 for winning)
|raw|qunyangtuo's rating: 1244 &rarr; <strong>1222</strong><br />(-22 for losing)
|l|☆qunyangtuo
|player|p2|
|l|☆GhostDumbDumb
|player|p1|
