|j|☆shinka2006
|j|☆pikaragedd
|t:|1758962216
|gametype|singles
|player|p1|shinka2006|ethan|1056
|player|p2|pikaragedd|170|1082
|gen|9
|tier|[Gen 9] OU
|rated|
|rule|HP Percentage Mod: HP is shown in percentages
|rule|Endless Battle Clause: Forcing endless battles is banned
|rule|Species Clause: Limit one of each Pokémon
|rule|OHKO Clause: OHKO moves are banned
|rule|Evasion Items Clause: Evasion items are banned
|rule|Evasion Moves Clause: Evasion moves are banned
|rule|Evasion Abilities Clause: Evasion abilities are banned
|rule|Sleep Moves Clause: Sleep-inducing moves are banned
|clearpoke
|poke|p1|Gyarados, F|
|poke|p1|Gliscor, F|
|poke|p1|Metagross|
|poke|p1|Salamence, F|
|poke|p1|Tentacruel, F|
|poke|p1|Weavile, F|
|poke|p2|Electrode|
|poke|p2|Iron Hands|
|poke|p2|Magnezone|
|poke|p2|Zapdos|
|poke|p2|Galvantula, F|
|poke|p2|Raging Bolt|
|teampreview
|inactive|Battle timer is ON: inactive players will automatically lose when time's up. (requested by shinka2006)
|inactive|pikaragedd also wants the timer to be on.
|
|t:|1758962231
|teamsize|p1|6
|teamsize|p2|6
|start
|switch|p1a: Gliscor|Gliscor, F, shiny|100/100
|switch|p2a: Electrode|Electrode|100/100
|turn|1
|
|t:|1758962238
|move|p2a: Electrode|Taunt|p1a: Gliscor
|-start|p1a: Gliscor|move: Taunt
|cant|p1a: Gliscor|move: Taunt|Stealth Rock
|
|-status|p1a: Gliscor|tox|[from] item: Toxic Orb
|upkeep
|turn|2
|
|t:|1758962257
|switch|p2a: Zapdos|Zapdos|100/100
|move|p1a: Gliscor|Knock Off|p2a: Zapdos
|-damage|p2a: Zapdos|84/100
|-enditem|p2a: Zapdos|Light Clay|[from] move: Knock Off|[of] p1a: Gliscor
|
|upkeep
|turn|3
|
|t:|1758962268
|move|p2a: Zapdos|U-turn|p1a: Gliscor
|-resisted|p1a: Gliscor
|-damage|p1a: Gliscor|96/100 tox
|
|t:|1758962279
|switch|p2a: Raging Bolt|Raging Bolt|100/100|[from] U-turn
|-enditem|p2a: Raging Bolt|Booster Energy
|-activate|p2a: Raging Bolt|ability: Protosynthesis|[fromitem]
|-start|p2a: Raging Bolt|protosynthesisspa
|move|p1a: Gliscor|Knock Off|p2a: Raging Bolt
|-damage|p2a: Raging Bolt|89/100
|
|-heal|p1a: Gliscor|100/100 tox|[from] ability: Poison Heal
|-end|p1a: Gliscor|move: Taunt
|upkeep
|turn|4
|
|t:|1758962293
|move|p1a: Gliscor|Stealth Rock|p2a: Raging Bolt
|-sidestart|p2: pikaragedd|move: Stealth Rock
|move|p2a: Raging Bolt|Draco Meteor|p1a: Gliscor
|-damage|p1a: Gliscor|17/100 tox
|-unboost|p2a: Raging Bolt|spa|2
|
|-heal|p1a: Gliscor|30/100 tox|[from] ability: Poison Heal
|upkeep
|turn|5
|
|t:|1758962306
|move|p1a: Gliscor|U-turn|p2a: Raging Bolt
|-damage|p2a: Raging Bolt|77/100
|
|t:|1758962320
|switch|p1a: Weavile|Weavile, F, shiny|100/100|[from] U-turn
|move|p2a: Raging Bolt|Calm Mind|p2a: Raging Bolt
|-boost|p2a: Raging Bolt|spa|1
|-boost|p2a: Raging Bolt|spd|1
|
|upkeep
|turn|6
|
|t:|1758962340
|move|p1a: Weavile|Calm Mind|p1a: Weavile
|-boost|p1a: Weavile|spa|1
|-boost|p1a: Weavile|spd|1
|move|p2a: Raging Bolt|Calm Mind|p2a: Raging Bolt
|-boost|p2a: Raging Bolt|spa|1
|-boost|p2a: Raging Bolt|spd|1
|
|upkeep
|turn|7
|
|t:|1758962349
|move|p2a: Raging Bolt|Thunderclap|p1a: Weavile
|-damage|p1a: Weavile|68/100
|move|p1a: Weavile|Ice Beam|p2a: Raging Bolt
|-supereffective|p2a: Raging Bolt
|-damage|p2a: Raging Bolt|57/100
|
|-heal|p1a: Weavile|74/100|[from] item: Leftovers
|upkeep
|turn|8
|
|t:|1758962361
|move|p1a: Weavile|Calm Mind|p1a: Weavile
|-boost|p1a: Weavile|spa|1
|-boost|p1a: Weavile|spd|1
|move|p2a: Raging Bolt|Draco Meteor|p1a: Weavile
|-damage|p1a: Weavile|28/100
|-unboost|p2a: Raging Bolt|spa|2
|
|-heal|p1a: Weavile|34/100|[from] item: Leftovers
|upkeep
|turn|9
|
|t:|1758962374
|move|p1a: Weavile|Calm Mind|p1a: Weavile
|-boost|p1a: Weavile|spa|1
|-boost|p1a: Weavile|spd|1
|move|p2a: Raging Bolt|Draco Meteor|p1a: Weavile
|-damage|p1a: Weavile|16/100
|-unboost|p2a: Raging Bolt|spa|2
|
|-heal|p1a: Weavile|22/100|[from] item: Leftovers
|upkeep
|turn|10
|
|t:|1758962384
|move|p1a: Weavile|Calm Mind|p1a: Weavile
|-boost|p1a: Weavile|spa|1
|-boost|p1a: Weavile|spd|1
|move|p2a: Raging Bolt|Draco Meteor|p1a: Weavile|[miss]
|-miss|p2a: Raging Bolt|p1a: Weavile
|
|-heal|p1a: Weavile|28/100|[from] item: Leftovers
|upkeep
|turn|11
|
|t:|1758962398
|-end|p2a: Raging Bolt|Protosynthesis|[silent]
|switch|p2a: Electrode|Electrode|100/100
|-damage|p2a: Electrode|88/100|[from] Stealth Rock
|move|p1a: Weavile|Calm Mind|p1a: Weavile
|-boost|p1a: Weavile|spa|1
|-boost|p1a: Weavile|spd|1
|
|-heal|p1a: Weavile|34/100|[from] item: Leftovers
|upkeep
|turn|12
|
|t:|1758962414
|move|p2a: Electrode|Volt Switch|p1a: Weavile
|-damage|p1a: Weavile|25/100
|
|t:|1758962422
|switch|p2a: Magnezone|Magnezone|100/100|[from] Volt Switch
|-damage|p2a: Magnezone|94/100|[from] Stealth Rock
|move|p1a: Weavile|Dark Pulse|p2a: Magnezone
|-damage|p2a: Magnezone|20/100
|
|-heal|p1a: Weavile|31/100|[from] item: Leftovers
|upkeep
|turn|13
|
|t:|1758962437
|move|p1a: Weavile|Dark Pulse|p2a: Magnezone
|-damage|p2a: Magnezone|0 fnt
|faint|p2a: Magnezone
|
|-heal|p1a: Weavile|37/100|[from] item: Leftovers
|upkeep
|
|t:|1758962446
|switch|p2a: Iron Hands|Iron Hands|100/100
|-damage|p2a: Iron Hands|94/100|[from] Stealth Rock
|turn|14
|
|t:|1758962453
|move|p1a: Weavile|Chilling Water|p2a: Iron Hands
|-damage|p2a: Iron Hands|82/100
|-unboost|p2a: Iron Hands|atk|1
|move|p2a: Iron Hands|Drain Punch|p1a: Weavile
|-supereffective|p1a: Weavile
|-damage|p1a: Weavile|0 fnt
|-heal|p2a: Iron Hands|92/100|[from] drain|[of] p1a: Weavile
|faint|p1a: Weavile
|
|upkeep
|
|t:|1758962467
|switch|p1a: Salamence|Salamence, F, shiny|100/100
|-ability|p1a: Salamence|Intimidate|boost
|-unboost|p2a: Iron Hands|atk|1
|turn|15
|
|t:|1758962480
|move|p1a: Salamence|Breaking Swipe|p2a: Iron Hands
|-damage|p2a: Iron Hands|76/100
|-unboost|p2a: Iron Hands|atk|1
|move|p2a: Iron Hands|Ice Punch|p1a: Salamence
|-supereffective|p1a: Salamence
|-damage|p1a: Salamence|51/100
|
|-heal|p1a: Salamence|57/100|[from] item: Leftovers
|upkeep
|turn|16
|
|t:|1758962492
|-end|p2a: Iron Hands|Quark Drive|[silent]
|switch|p2a: Electrode|Electrode|88/100
|-damage|p2a: Electrode|76/100|[from] Stealth Rock
|move|p1a: Salamence|Breaking Swipe|p2a: Electrode
|-damage|p2a: Electrode|27/100
|-unboost|p2a: Electrode|atk|1
|
|-heal|p1a: Salamence|63/100|[from] item: Leftovers
|upkeep
|turn|17
|
|t:|1758962504
|move|p2a: Electrode|Electric Terrain|p2a: Electrode
|-fieldstart|move: Electric Terrain
|move|p1a: Salamence|Breaking Swipe|p2a: Electrode
|-damage|p2a: Electrode|0 fnt
|faint|p2a: Electrode
|
|-heal|p1a: Salamence|69/100|[from] item: Leftovers
|upkeep
|
|t:|1758962515
|switch|p2a: Iron Hands|Iron Hands|76/100
|-damage|p2a: Iron Hands|70/100|[from] Stealth Rock
|-activate|p2a: Iron Hands|ability: Quark Drive
|-start|p2a: Iron Hands|quarkdriveatk
|turn|18
|
|t:|1758962535
|switch|p1a: Gyarados|Gyarados, F, shiny|100/100
|-ability|p1a: Gyarados|Intimidate|boost
|-unboost|p2a: Iron Hands|atk|1
|move|p2a: Iron Hands|Ice Punch|p1a: Gyarados
|-damage|p1a: Gyarados|76/100
|
|-heal|p1a: Gyarados|82/100|[from] item: Leftovers
|upkeep
|turn|19
|
|t:|1758962555
|switch|p1a: Gliscor|Gliscor, F, shiny|30/100 tox
|move|p2a: Iron Hands|Ice Punch|p1a: Gliscor
|-supereffective|p1a: Gliscor
|-damage|p1a: Gliscor|0 fnt
|faint|p1a: Gliscor
|
|upkeep
|
|t:|1758962562
|switch|p1a: Salamence|Salamence, F, shiny|69/100
|-ability|p1a: Salamence|Intimidate|boost
|-unboost|p2a: Iron Hands|atk|1
|turn|20
|
|t:|1758962573
|-end|p2a: Iron Hands|Quark Drive|[silent]
|switch|p2a: Galvantula|Galvantula, F|100/100
|-damage|p2a: Galvantula|76/100|[from] Stealth Rock
|move|p1a: Salamence|Breaking Swipe|p2a: Galvantula
|-damage|p2a: Galvantula|27/100
|-unboost|p2a: Galvantula|atk|1
|
|-heal|p1a: Salamence|75/100|[from] item: Leftovers
|upkeep
|turn|21
|
|t:|1758962586
|move|p2a: Galvantula|Thunder|p1a: Salamence|[miss]
|-miss|p2a: Galvantula|p1a: Salamence
|move|p1a: Salamence|Breaking Swipe|p2a: Galvantula
|-damage|p2a: Galvantula|0 fnt
|faint|p2a: Galvantula
|
|-heal|p1a: Salamence|81/100|[from] item: Leftovers
|upkeep
|
|t:|1758962600
|switch|p2a: Raging Bolt|Raging Bolt|57/100
|-damage|p2a: Raging Bolt|44/100|[from] Stealth Rock
|turn|22
|
|t:|1758962606
|move|p2a: Raging Bolt|Thunderclap|p1a: Salamence
|-damage|p1a: Salamence|37/100
|move|p1a: Salamence|Dragon Tail|p2a: Raging Bolt
|-supereffective|p2a: Raging Bolt
|-damage|p2a: Raging Bolt|0 fnt
|faint|p2a: Raging Bolt
|-end|p2a: Raging Bolt|Protosynthesis|[silent]
|
|-heal|p1a: Salamence|43/100|[from] item: Leftovers
|upkeep
|
|t:|1758962616
|switch|p2a: Zapdos|Zapdos|84/100
|-damage|p2a: Zapdos|59/100|[from] Stealth Rock
|turn|23
|-message|pikaragedd forfeited.
|
|win|shinka2006
|raw|shinka2006's rating: 1056 &rarr; <strong>1090</strong><br />(+34 for winning)
|raw|pikaragedd's rating: 1082 &rarr; <strong>1058</strong><br />(-24 for losing)
|l|☆pikaragedd
|player|p2|
|l|☆shinka2006
|player|p1|
