|j|☆Inspector 47
|j|☆lotadfan22
|t:|1759028203
|gametype|singles
|player|p1|Inspector 47|lucas|1133
|player|p2|lotadfan22|blaine|1107
|gen|9
|tier|[Gen 9] OU
|rated|
|rule|HP Percentage Mod: HP is shown in percentages
|rule|Endless Battle Clause: Forcing endless battles is banned
|rule|Species Clause: Limit one of each Pokémon
|rule|OHKO Clause: OHKO moves are banned
|rule|Evasion Items Clause: Evasion items are banned
|rule|Evasion Moves Clause: Evasion moves are banned
|rule|Evasion Abilities Clause: Evasion abilities are banned
|rule|Sleep Moves Clause: Sleep-inducing moves are banned
|clearpoke
|poke|p1|Glaceon, F|
|poke|p1|Ninetales-Alola, F|
|poke|p1|Slowking-Galar, M|
|poke|p1|Blissey, F|
|poke|p1|Weavile, M|
|poke|p1|Clefable, M|
|poke|p2|Ludicolo, F|
|poke|p2|Altaria, F|
|poke|p2|Ninetales, F|
|poke|p2|Goodra-Hisui, M|
|poke|p2|Vileplume, F|
|poke|p2|Dragonite, F|
|teampreview
|
|t:|1759028254
|teamsize|p1|6
|teamsize|p2|6
|start
|switch|p1a: Slowking|Slowking-Galar, M|100/100
|switch|p2a: Ninetales|Ninetales, F|100/100
|-weather|SunnyDay|[from] ability: Drought|[of] p2a: Ninetales
|turn|1
|
|t:|1759028267
|switch|p2a: Goodra|Goodra-Hisui, M|100/100
|move|p1a: Slowking|Trick Room|p1a: Slowking
|-fieldstart|move: Trick Room|[of] p1a: Slowking
|
|-weather|SunnyDay|[upkeep]
|upkeep
|turn|2
|
|t:|1759028272
|-prepare|p1a: Slowking|Chilly Reception|[premajor]
|move|p1a: Slowking|Chilly Reception|p1a: Slowking
|-weather|Snowscape
|
|t:|1759028299
|switch|p1a: Glaceon|Glaceon, F|100/100|[from] Chilly Reception
|move|p2a: Goodra|Knock Off|p1a: Glaceon
|-damage|p1a: Glaceon|90/100
|-enditem|p1a: Glaceon|Leftovers|[from] move: Knock Off|[of] p2a: Goodra
|
|-weather|Snowscape|[upkeep]
|-heal|p1a: Glaceon|96/100|[from] ability: Ice Body
|upkeep
|turn|3
|
|t:|1759028314
|-terastallize|p1a: Glaceon|Water
|move|p1a: Glaceon|Calm Mind|p1a: Glaceon
|-boost|p1a: Glaceon|spa|1
|-boost|p1a: Glaceon|spd|1
|move|p2a: Goodra|Flash Cannon|p1a: Glaceon
|-resisted|p1a: Glaceon
|-damage|p1a: Glaceon|82/100
|
|-weather|Snowscape|[upkeep]
|-heal|p1a: Glaceon|89/100|[from] ability: Ice Body
|upkeep
|turn|4
|
|t:|1759028324
|switch|p2a: Ludicolo|Ludicolo, F|100/100
|move|p1a: Glaceon|Calm Mind|p1a: Glaceon
|-boost|p1a: Glaceon|spa|1
|-boost|p1a: Glaceon|spd|1
|
|-weather|Snowscape|[upkeep]
|-heal|p1a: Glaceon|95/100|[from] ability: Ice Body
|upkeep
|turn|5
|
|t:|1759028333
|move|p1a: Glaceon|Freeze-Dry|p2a: Ludicolo
|-supereffective|p2a: Ludicolo
|-damage|p2a: Ludicolo|0 fnt
|faint|p2a: Ludicolo
|
|-weather|Snowscape|[upkeep]
|-heal|p1a: Glaceon|100/100|[from] ability: Ice Body
|-fieldend|move: Trick Room
|upkeep
|
|t:|1759028364
|switch|p2a: Dragonite|Dragonite, F|100/100
|turn|6
|
|t:|1759028387
|-terastallize|p2a: Dragonite|Fairy
|move|p2a: Dragonite|Tera Blast|p1a: Glaceon|[anim] Tera Blast Fairy
|-damage|p1a: Glaceon|56/100
|move|p1a: Glaceon|Wish|p1a: Glaceon
|
|-weather|none
|upkeep
|turn|7
|
|t:|1759028398
|move|p1a: Glaceon|Protect|p1a: Glaceon
|-singleturn|p1a: Glaceon|Protect
|move|p2a: Dragonite|Dragon Dance|p2a: Dragonite
|-boost|p2a: Dragonite|atk|1
|-boost|p2a: Dragonite|spe|1
|
|-heal|p1a: Glaceon|100/100|[from] move: Wish|[wisher] Glaceon
|upkeep
|turn|8
|
|t:|1759028422
|switch|p1a: Clefable|Clefable, M|100/100
|move|p2a: Dragonite|Tera Blast|p1a: Clefable|[anim] Tera Blast Fairy
|-damage|p1a: Clefable|40/100
|
|-heal|p1a: Clefable|46/100|[from] item: Leftovers
|upkeep
|turn|9
|
|t:|1759028443
|move|p2a: Dragonite|Tera Blast|p1a: Clefable|[anim] Tera Blast Fairy
|-damage|p1a: Clefable|0 fnt
|faint|p1a: Clefable
|
|upkeep
|
|t:|1759028455
|switch|p1a: Ninetales|Ninetales-Alola, F|100/100
|-weather|Snowscape|[from] ability: Snow Warning|[of] p1a: Ninetales
|turn|10
|
|t:|1759028463
|move|p1a: Ninetales|Aurora Veil|p1a: Ninetales
|-sidestart|p1: Inspector 47|move: Aurora Veil
|move|p2a: Dragonite|Dragon Dance|p2a: Dragonite
|-boost|p2a: Dragonite|atk|1
|-boost|p2a: Dragonite|spe|1
|
|-weather|Snowscape|[upkeep]
|upkeep
|turn|11
|
|t:|1759028468
|move|p2a: Dragonite|Dragon Dance|p2a: Dragonite
|-boost|p2a: Dragonite|atk|1
|-boost|p2a: Dragonite|spe|1
|move|p1a: Ninetales|Blizzard|p2a: Dragonite
|-damage|p2a: Dragonite|82/100
|
|-weather|Snowscape|[upkeep]
|upkeep
|turn|12
|
|t:|1759028476
|move|p2a: Dragonite|Dragon Dance|p2a: Dragonite
|-boost|p2a: Dragonite|atk|1
|-boost|p2a: Dragonite|spe|1
|move|p1a: Ninetales|Blizzard|p2a: Dragonite
|-damage|p2a: Dragonite|45/100
|
|-weather|Snowscape|[upkeep]
|upkeep
|turn|13
|
|t:|1759028483
|move|p2a: Dragonite|Roost|p2a: Dragonite
|-heal|p2a: Dragonite|95/100
|move|p1a: Ninetales|Blizzard|p2a: Dragonite
|-damage|p2a: Dragonite|58/100
|
|-weather|Snowscape|[upkeep]
|upkeep
|turn|14
|
|t:|1759028489
|move|p2a: Dragonite|Roost|p2a: Dragonite
|-heal|p2a: Dragonite|100/100
|move|p1a: Ninetales|Blizzard|p2a: Dragonite
|-damage|p2a: Dragonite|83/100
|
|-weather|none
|upkeep
|turn|15
|
|t:|1759028500
|move|p2a: Dragonite|Fire Punch|p1a: Ninetales
|-supereffective|p1a: Ninetales
|-damage|p1a: Ninetales|0 fnt
|faint|p1a: Ninetales
|
|upkeep
|
|t:|1759028505
|switch|p1a: Glaceon|Glaceon, F, tera:Water|100/100
|turn|16
|
|t:|1759028512
|move|p2a: Dragonite|Roost|p2a: Dragonite
|-heal|p2a: Dragonite|100/100
|move|p1a: Glaceon|Wish|p1a: Glaceon
|
|upkeep
|turn|17
|
|t:|1759028522
|move|p2a: Dragonite|Tera Blast|p1a: Glaceon|[anim] Tera Blast Fairy
|-damage|p1a: Glaceon|28/100
|move|p1a: Glaceon|Calm Mind|p1a: Glaceon
|-boost|p1a: Glaceon|spa|1
|-boost|p1a: Glaceon|spd|1
|
|-heal|p1a: Glaceon|78/100|[from] move: Wish|[wisher] Glaceon
|-sideend|p1: Inspector 47|move: Aurora Veil
|upkeep
|turn|18
|
|t:|1759028530
|move|p2a: Dragonite|Tera Blast|p1a: Glaceon|[anim] Tera Blast Fairy
|-damage|p1a: Glaceon|0 fnt
|faint|p1a: Glaceon
|
|upkeep
|-message|Inspector 47 forfeited.
|
|win|lotadfan22
|raw|Inspector 47's rating: 1133 &rarr; <strong>1106</strong><br />(-27 for losing)
|raw|lotadfan22's rating: 1107 &rarr; <strong>1134</strong><br />(+27 for winning)
|l|☆Inspector 47
|player|p1|
