|j|☆inthestation
|j|☆jibreel69
|t:|1759063518
|gametype|singles
|player|p1|inthestation|pokemonbreeder|1513
|player|p2|jibreel69|265|1485
|gen|9
|tier|[Gen 9] OU
|rated|
|rule|HP Percentage Mod: HP is shown in percentages
|rule|Endless Battle Clause: Forcing endless battles is banned
|rule|Species Clause: Limit one of each Pokémon
|rule|OHKO Clause: OHKO moves are banned
|rule|Evasion Items Clause: Evasion items are banned
|rule|Evasion Moves Clause: Evasion moves are banned
|rule|Evasion Abilities Clause: Evasion abilities are banned
|rule|Sleep Moves Clause: Sleep-inducing moves are banned
|clearpoke
|poke|p1|Ninetales-Alola, F|
|poke|p1|Kyurem|
|poke|p1|Hatterene, F|
|poke|p1|Weezing-Galar, M|
|poke|p1|Kingambit, M|
|poke|p1|Iron Moth|
|poke|p2|Kyurem|
|poke|p2|Ting-Lu|
|poke|p2|Corviknight, M|
|poke|p2|Weezing-Galar, M|
|poke|p2|Zamazenta-*|
|poke|p2|Toxapex, M|
|teampreview
|
|t:|1759063532
|teamsize|p1|6
|teamsize|p2|6
|start
|switch|p1a: Ninetales|Ninetales-Alola, F|100/100
|switch|p2a: Sentinel|Weezing-Galar, M, shiny|100/100
|-ability|p2a: Sentinel|Neutralizing Gas
|turn|1
|
|t:|1759063543
|switch|p1a: Iron Moth|Iron Moth|100/100
|move|p2a: Sentinel|Will-O-Wisp|p1a: Iron Moth
|-immune|p1a: Iron Moth
|
|upkeep
|turn|2
|
|t:|1759063558
|-end|p2a: Sentinel|ability: Neutralizing Gas
|switch|p2a: Serpentine|Toxapex, M, shiny|100/100
|-enditem|p1a: Iron Moth|Booster Energy
|-activate|p1a: Iron Moth|ability: Quark Drive|[fromitem]
|-start|p1a: Iron Moth|quarkdrivespe
|move|p1a: Iron Moth|Substitute|p1a: Iron Moth
|-start|p1a: Iron Moth|Substitute
|-damage|p1a: Iron Moth|76/100
|
|upkeep
|turn|3
|
|t:|1759063568
|-end|p1a: Iron Moth|Quark Drive|[silent]
|switch|p1a: Hatterene|Hatterene, F|100/100
|move|p2a: Serpentine|Surf|p1a: Hatterene
|-damage|p1a: Hatterene|68/100
|
|-heal|p1a: Hatterene|74/100|[from] item: Leftovers
|upkeep
|turn|4
|
|t:|1759063577
|move|p1a: Hatterene|Calm Mind|p1a: Hatterene
|-boost|p1a: Hatterene|spa|1
|-boost|p1a: Hatterene|spd|1
|move|p2a: Serpentine|Sludge Bomb|p1a: Hatterene
|-supereffective|p1a: Hatterene
|-damage|p1a: Hatterene|31/100
|
|-heal|p1a: Hatterene|37/100|[from] item: Leftovers
|upkeep
|turn|5
|
|t:|1759063586
|-terastallize|p1a: Hatterene|Water
|move|p1a: Hatterene|Psyshock|p2a: Serpentine
|-supereffective|p2a: Serpentine
|-damage|p2a: Serpentine|17/100
|move|p2a: Serpentine|Sludge Bomb|p1a: Hatterene
|-damage|p1a: Hatterene|16/100
|-status|p1a: Hatterene|psn
|
|-heal|p1a: Hatterene|22/100 psn|[from] item: Leftovers
|-damage|p1a: Hatterene|10/100 psn|[from] psn
|upkeep
|turn|6
|
|t:|1759063602
|switch|p2a: Yami|Corviknight, M, shiny|100/100
|-ability|p2a: Yami|Pressure
|move|p1a: Hatterene|Draining Kiss|p2a: Yami
|-resisted|p2a: Yami
|-damage|p2a: Yami|83/100
|-heal|p1a: Hatterene|26/100 psn|[from] drain|[of] p2a: Yami
|-damage|p1a: Hatterene|9/100 psn|[from] item: Rocky Helmet|[of] p2a: Yami
|
|-heal|p1a: Hatterene|15/100 psn|[from] item: Leftovers
|-damage|p1a: Hatterene|3/100 psn|[from] psn
|upkeep
|turn|7
|
|t:|1759063611
|move|p2a: Yami|U-turn|p1a: Hatterene
|-damage|p1a: Hatterene|0 fnt
|faint|p1a: Hatterene
|
|t:|1759063615
|switch|p2a: Serpentine|Toxapex, M, shiny|51/100|[from] U-turn
|
|upkeep
|
|t:|1759063622
|switch|p1a: Kyurem|Kyurem|100/100
|-ability|p1a: Kyurem|Pressure
|turn|8
|
|t:|1759063637
|switch|p2a: Yami|Corviknight, M, shiny|83/100
|-ability|p2a: Yami|Pressure
|move|p1a: Kyurem|Dragon Dance|p1a: Kyurem
|-boost|p1a: Kyurem|atk|1
|-boost|p1a: Kyurem|spe|1
|
|upkeep
|turn|9
|
|t:|1759063649
|move|p1a: Kyurem|Icicle Spear|p2a: Yami
|-damage|p2a: Yami|69/100
|-damage|p2a: Yami|57/100
|-damage|p2a: Yami|43/100
|-hitcount|p2a: Yami|3
|move|p2a: Yami|Iron Defense|p2a: Yami
|-boost|p2a: Yami|def|2
|
|upkeep
|turn|10
|
|t:|1759063658
|switch|p1a: Iron Moth|Iron Moth|76/100
|move|p2a: Yami|Roost|p2a: Yami
|-heal|p2a: Yami|93/100
|-singleturn|p2a: Yami|move: Roost
|
|upkeep
|turn|11
|
|t:|1759063671
|switch|p2a: Goliath|Ting-Lu|100/100
|-ability|p2a: Goliath|Vessel of Ruin
|move|p1a: Iron Moth|Fiery Dance|p2a: Goliath
|-damage|p2a: Goliath|84/100
|
|-heal|p2a: Goliath|90/100|[from] item: Leftovers
|upkeep
|turn|12
|
|t:|1759063685
|-end|p1a: Iron Moth|Quark Drive|[silent]
|switch|p1a: Kyurem|Kyurem|100/100
|-ability|p1a: Kyurem|Pressure
|move|p2a: Goliath|Stealth Rock|p1a: Kyurem
|-sidestart|p1: inthestation|move: Stealth Rock
|
|-heal|p2a: Goliath|97/100|[from] item: Leftovers
|upkeep
|turn|13
|
|t:|1759063693
|switch|p2a: Yami|Corviknight, M, shiny|93/100
|-ability|p2a: Yami|Pressure
|move|p1a: Kyurem|Icicle Spear|p2a: Yami
|-damage|p2a: Yami|83/100
|-damage|p2a: Yami|74/100
|-damage|p2a: Yami|65/100
|-damage|p2a: Yami|56/100
|-hitcount|p2a: Yami|4
|
|upkeep
|turn|14
|
|t:|1759063704
|move|p1a: Kyurem|Freeze-Dry|p2a: Yami
|-damage|p2a: Yami|17/100
|move|p2a: Yami|Roost|p2a: Yami
|-heal|p2a: Yami|67/100
|-singleturn|p2a: Yami|move: Roost
|
|upkeep
|turn|15
|
|t:|1759063712
|move|p1a: Kyurem|Icicle Spear|p2a: Yami
|-damage|p2a: Yami|58/100
|-damage|p2a: Yami|49/100
|-hitcount|p2a: Yami|2
|move|p2a: Yami|Roost|p2a: Yami
|-heal|p2a: Yami|99/100
|-singleturn|p2a: Yami|move: Roost
|
|upkeep
|turn|16
|
|t:|1759063716
|switch|p1a: Weezing|Weezing-Galar, M|100/100
|-ability|p1a: Weezing|Neutralizing Gas
|move|p2a: Yami|Iron Defense|p2a: Yami
|-boost|p2a: Yami|def|2
|
|upkeep
|turn|17
|
|t:|1759063727
|move|p1a: Weezing|Defog|p2a: Yami
|-unboost|p2a: Yami|evasion|1
|-sideend|p1: inthestation|Stealth Rock|[from] move: Defog|[of] p1a: Weezing
|move|p2a: Yami|U-turn|p1a: Weezing
|-resisted|p1a: Weezing
|-damage|p1a: Weezing|98/100
|
|t:|1759063734
|switch|p2a: Kyotaro|Kyurem, shiny|100/100|[from] U-turn
|
|upkeep
|turn|18
|
|t:|1759063742
|-end|p1a: Weezing|ability: Neutralizing Gas
|-ability|p2a: Kyotaro|Pressure
|switch|p1a: Ninetales|Ninetales-Alola, F|100/100
|-weather|Snowscape|[from] ability: Snow Warning|[of] p1a: Ninetales
|move|p2a: Kyotaro|Substitute|p2a: Kyotaro
|-start|p2a: Kyotaro|Substitute
|-damage|p2a: Kyotaro|76/100
|
|-weather|Snowscape|[upkeep]
|-heal|p2a: Kyotaro|82/100|[from] item: Leftovers
|upkeep
|turn|19
|
|t:|1759063755
|move|p1a: Ninetales|Encore|p2a: Kyotaro
|-start|p2a: Kyotaro|Encore
|move|p2a: Kyotaro|Substitute|p2a: Kyotaro
|-fail|p2a: Kyotaro|move: Substitute
|
|-weather|Snowscape|[upkeep]
|-heal|p2a: Kyotaro|88/100|[from] item: Leftovers
|upkeep
|turn|20
|
|t:|1759063767
|switch|p1a: Kingambit|Kingambit, M|100/100
|-activate|p1a: Kingambit|ability: Supreme Overlord
|-start|p1a: Kingambit|fallen1|[silent]
|switch|p2a: Sentinel|Weezing-Galar, M, shiny|100/100
|-ability|p2a: Sentinel|Neutralizing Gas
|
|-weather|Snowscape|[upkeep]
|upkeep
|turn|21
|
|t:|1759063775
|move|p2a: Sentinel|Will-O-Wisp|p1a: Kingambit|[miss]
|-miss|p2a: Sentinel|p1a: Kingambit
|move|p1a: Kingambit|Iron Head|p2a: Sentinel
|-supereffective|p2a: Sentinel
|-damage|p2a: Sentinel|36/100
|
|-weather|Snowscape|[upkeep]
|upkeep
|turn|22
|
|t:|1759063779
|-end|p1a: Kingambit|fallen1|[silent]
|switch|p1a: Iron Moth|Iron Moth|76/100
|move|p2a: Sentinel|Will-O-Wisp|p1a: Iron Moth
|-immune|p1a: Iron Moth
|
|-weather|none
|upkeep
|turn|23
|
|t:|1759063788
|-end|p2a: Sentinel|ability: Neutralizing Gas
|switch|p2a: Goliath|Ting-Lu|97/100
|-ability|p2a: Goliath|Vessel of Ruin
|move|p1a: Iron Moth|Fiery Dance|p2a: Goliath
|-damage|p2a: Goliath|81/100
|
|-heal|p2a: Goliath|87/100|[from] item: Leftovers
|upkeep
|turn|24
|
|t:|1759063799
|-end|p1a: Iron Moth|Quark Drive|[silent]
|switch|p1a: Kyurem|Kyurem|100/100
|-ability|p1a: Kyurem|Pressure
|move|p2a: Goliath|Ruination|p1a: Kyurem
|-damage|p1a: Kyurem|51/100
|
|-heal|p2a: Goliath|93/100|[from] item: Leftovers
|upkeep
|turn|25
|
|t:|1759063809
|switch|p2a: Yami|Corviknight, M, shiny|99/100
|-ability|p2a: Yami|Pressure
|move|p1a: Kyurem|Icicle Spear|p2a: Yami
|-damage|p2a: Yami|90/100
|-damage|p2a: Yami|80/100
|-damage|p2a: Yami|71/100
|-hitcount|p2a: Yami|3
|
|upkeep
|turn|26
|
|t:|1759063821
|switch|p1a: Weezing|Weezing-Galar, M|98/100
|-ability|p1a: Weezing|Neutralizing Gas
|move|p2a: Yami|U-turn|p1a: Weezing
|-resisted|p1a: Weezing
|-damage|p1a: Weezing|96/100
|
|t:|1759063833
|switch|p2a: Kyotaro|Kyurem, shiny|88/100|[from] U-turn
|
|-heal|p2a: Kyotaro|94/100|[from] item: Leftovers
|upkeep
|turn|27
|
|t:|1759063843
|move|p2a: Kyotaro|Earth Power|p1a: Weezing
|-supereffective|p1a: Weezing
|-damage|p1a: Weezing|15/100
|move|p1a: Weezing|Strange Steam|p2a: Kyotaro
|-supereffective|p2a: Kyotaro
|-damage|p2a: Kyotaro|41/100
|
|-heal|p2a: Kyotaro|47/100|[from] item: Leftovers
|upkeep
|turn|28
|
|t:|1759063852
|-end|p1a: Weezing|ability: Neutralizing Gas
|-ability|p2a: Kyotaro|Pressure
|switch|p1a: Ninetales|Ninetales-Alola, F|100/100
|-weather|Snowscape|[from] ability: Snow Warning|[of] p1a: Ninetales
|move|p2a: Kyotaro|Earth Power|p1a: Ninetales
|-damage|p1a: Ninetales|72/100
|
|-weather|Snowscape|[upkeep]
|-heal|p2a: Kyotaro|53/100|[from] item: Leftovers
|upkeep
|turn|29
|
|t:|1759063860
|switch|p2a: Sentinel|Weezing-Galar, M, shiny|36/100
|-ability|p2a: Sentinel|Neutralizing Gas
|move|p1a: Ninetales|Aurora Veil|p1a: Ninetales
|-sidestart|p1: inthestation|move: Aurora Veil
|
|-weather|Snowscape|[upkeep]
|upkeep
|turn|30
|
|t:|1759063870
|switch|p1a: Iron Moth|Iron Moth|76/100
|move|p2a: Sentinel|Defog|p1a: Iron Moth
|-unboost|p1a: Iron Moth|evasion|1
|-sideend|p1: inthestation|move: Aurora Veil
|
|-weather|Snowscape|[upkeep]
|upkeep
|turn|31
|
|t:|1759063877
|-end|p2a: Sentinel|ability: Neutralizing Gas
|switch|p2a: Goliath|Ting-Lu|93/100
|-ability|p2a: Goliath|Vessel of Ruin
|move|p1a: Iron Moth|Fiery Dance|p2a: Goliath
|-damage|p2a: Goliath|77/100
|-boost|p1a: Iron Moth|spa|1
|
|-weather|Snowscape|[upkeep]
|-heal|p2a: Goliath|84/100|[from] item: Leftovers
|upkeep
|turn|32
|
|t:|1759063888
|move|p1a: Iron Moth|Energy Ball|p2a: Goliath
|-supereffective|p2a: Goliath
|-damage|p2a: Goliath|45/100
|move|p2a: Goliath|Earthquake|p1a: Iron Moth
|-supereffective|p1a: Iron Moth
|-damage|p1a: Iron Moth|0 fnt
|faint|p1a: Iron Moth
|-end|p1a: Iron Moth|Quark Drive|[silent]
|
|-weather|none
|-heal|p2a: Goliath|51/100|[from] item: Leftovers
|upkeep
|
|t:|1759063892
|switch|p1a: Kyurem|Kyurem|51/100
|-ability|p1a: Kyurem|Pressure
|turn|33
|
|t:|1759063901
|switch|p2a: Yami|Corviknight, M, shiny|71/100
|-ability|p2a: Yami|Pressure
|move|p1a: Kyurem|Icicle Spear|p2a: Yami
|-damage|p2a: Yami|61/100
|-damage|p2a: Yami|52/100
|-damage|p2a: Yami|43/100
|-hitcount|p2a: Yami|3
|
|upkeep
|turn|34
|
|t:|1759063907
|move|p1a: Kyurem|Icicle Spear|p2a: Yami
|-damage|p2a: Yami|33/100
|-damage|p2a: Yami|25/100
|-damage|p2a: Yami|16/100
|-damage|p2a: Yami|6/100
|-hitcount|p2a: Yami|4
|move|p2a: Yami|Roost|p2a: Yami
|-heal|p2a: Yami|56/100
|-singleturn|p2a: Yami|move: Roost
|
|upkeep
|turn|35
|
|t:|1759063917
|switch|p1a: Ninetales|Ninetales-Alola, F|72/100
|-weather|Snowscape|[from] ability: Snow Warning|[of] p1a: Ninetales
|move|p2a: Yami|Roost|p2a: Yami
|-heal|p2a: Yami|100/100
|-singleturn|p2a: Yami|move: Roost
|
|-weather|Snowscape|[upkeep]
|upkeep
|turn|36
|
|t:|1759063921
|move|p1a: Ninetales|Encore|p2a: Yami
|-start|p2a: Yami|Encore
|move|p2a: Yami|Roost||[still]
|-fail|p2a: Yami|heal
|
|-weather|Snowscape|[upkeep]
|upkeep
|turn|37
|
|t:|1759063939
|switch|p2a: Trojan|Zamazenta, shiny|100/100
|-ability|p2a: Trojan|Dauntless Shield|boost
|-boost|p2a: Trojan|def|1
|move|p1a: Ninetales|Aurora Veil|p1a: Ninetales
|-sidestart|p1: inthestation|move: Aurora Veil
|
|-weather|Snowscape|[upkeep]
|upkeep
|turn|38
|
|t:|1759063947
|switch|p1a: Weezing|Weezing-Galar, M|15/100
|-ability|p1a: Weezing|Neutralizing Gas
|move|p2a: Trojan|Heavy Slam|p1a: Weezing
|-supereffective|p1a: Weezing
|-damage|p1a: Weezing|0 fnt
|faint|p1a: Weezing
|-end|p1a: Weezing|ability: Neutralizing Gas
|
|-weather|Snowscape|[upkeep]
|upkeep
|
|t:|1759063960
|switch|p1a: Ninetales|Ninetales-Alola, F|72/100
|turn|39
|inactive|Battle timer is ON: inactive players will automatically lose when time's up. (requested by inthestation)
|
|t:|1759063982
|move|p2a: Trojan|Heavy Slam|p1a: Ninetales
|-supereffective|p1a: Ninetales
|-damage|p1a: Ninetales|0 fnt
|faint|p1a: Ninetales
|
|-weather|none
|upkeep
|
|t:|1759063990
|switch|p1a: Kyurem|Kyurem|51/100
|-ability|p1a: Kyurem|Pressure
|turn|40
|
|t:|1759063996
|switch|p2a: Yami|Corviknight, M, shiny|100/100
|-ability|p2a: Yami|Pressure
|move|p1a: Kyurem|Dragon Dance|p1a: Kyurem
|-boost|p1a: Kyurem|atk|1
|-boost|p1a: Kyurem|spe|1
|
|upkeep
|turn|41
|
|t:|1759064002
|move|p1a: Kyurem|Icicle Spear|p2a: Yami
|-damage|p2a: Yami|87/100
|-damage|p2a: Yami|74/100
|-hitcount|p2a: Yami|2
|move|p2a: Yami|Iron Defense|p2a: Yami
|-boost|p2a: Yami|def|2
|
|upkeep
|turn|42
|
|t:|1759064009
|move|p1a: Kyurem|Freeze-Dry|p2a: Yami
|-damage|p2a: Yami|35/100
|move|p2a: Yami|Roost|p2a: Yami
|-heal|p2a: Yami|85/100
|-singleturn|p2a: Yami|move: Roost
|
|upkeep
|turn|43
|
|t:|1759064025
|move|p1a: Kyurem|Freeze-Dry|p2a: Yami
|-damage|p2a: Yami|46/100
|move|p2a: Yami|Iron Defense|p2a: Yami
|-boost|p2a: Yami|def|2
|
|upkeep
|turn|44
|
|t:|1759064029
|move|p1a: Kyurem|Freeze-Dry|p2a: Yami
|-damage|p2a: Yami|8/100
|move|p2a: Yami|Roost|p2a: Yami
|-heal|p2a: Yami|58/100
|-singleturn|p2a: Yami|move: Roost
|
|-sideend|p1: inthestation|move: Aurora Veil
|upkeep
|turn|45
|
|t:|1759064042
|move|p1a: Kyurem|Freeze-Dry|p2a: Yami
|-damage|p2a: Yami|23/100
|move|p2a: Yami|Brave Bird|p1a: Kyurem
|-damage|p1a: Kyurem|9/100
|-damage|p2a: Yami|9/100|[from] Recoil
|
|upkeep
|turn|46
|
|t:|1759064051
|move|p1a: Kyurem|Icicle Spear|p2a: Yami
|-damage|p2a: Yami|4/100
|-damage|p2a: Yami|0 fnt
|faint|p2a: Yami
|-hitcount|p2: Yami|2
|
|upkeep
|
|t:|1759064060
|switch|p2a: Serpentine|Toxapex, M, shiny|84/100
|turn|47
|
|t:|1759064066
|move|p1a: Kyurem|Freeze-Dry|p2a: Serpentine
|-supereffective|p2a: Serpentine
|-damage|p2a: Serpentine|44/100
|move|p2a: Serpentine|Surf|p1a: Kyurem
|-resisted|p1a: Kyurem
|-damage|p1a: Kyurem|0 fnt
|faint|p1a: Kyurem
|
|upkeep
|
|t:|1759064071
|switch|p1a: Kingambit|Kingambit, M|100/100
|-activate|p1a: Kingambit|ability: Supreme Overlord
|-start|p1a: Kingambit|fallen5|[silent]
|turn|48
|
|t:|1759064079
|switch|p2a: Trojan|Zamazenta, shiny|100/100
|move|p1a: Kingambit|Swords Dance|p1a: Kingambit
|-boost|p1a: Kingambit|atk|2
|
|upkeep
|turn|49
|
|t:|1759064085
|-terastallize|p2a: Trojan|Fighting
|move|p2a: Trojan|Close Combat|p1a: Kingambit
|-supereffective|p1a: Kingambit
|-damage|p1a: Kingambit|0 fnt
|-unboost|p2a: Trojan|def|1
|-unboost|p2a: Trojan|spd|1
|faint|p1a: Kingambit
|-end|p1a: Kingambit|fallen5|[silent]
|
|win|jibreel69
|raw|inthestation's rating: 1513 &rarr; <strong>1491</strong><br />(-22 for losing)
|raw|jibreel69's rating: 1485 &rarr; <strong>1507</strong><br />(+22 for winning)
|l|☆inthestation
|player|p1|
|l|☆jibreel69
|player|p2|
|j|☆jibreel69
|player|p2|jibreel69|265|
