|j|☆Nandu-17
|j|☆UchihaSusgay
|t:|1758947010
|gametype|singles
|player|p1|Nandu-17|101|1495
|player|p2|UchihaSusgay|roxie|1487
|gen|9
|tier|[Gen 9] OU
|rated|
|rule|HP Percentage Mod: HP is shown in percentages
|rule|Endless Battle Clause: Forcing endless battles is banned
|rule|Species Clause: Limit one of each Pokémon
|rule|OHKO Clause: OHKO moves are banned
|rule|Evasion Items Clause: Evasion items are banned
|rule|Evasion Moves Clause: Evasion moves are banned
|rule|Evasion Abilities Clause: Evasion abilities are banned
|rule|Sleep Moves Clause: Sleep-inducing moves are banned
|clearpoke
|poke|p1|Ting-Lu|
|poke|p1|Dragonite, M|
|poke|p1|Great Tusk|
|poke|p1|Sinistcha|
|poke|p1|Blissey, F|
|poke|p1|Iron Crown|
|poke|p2|Flygon, M|
|poke|p2|Alomomola, M|
|poke|p2|Weezing-Galar, F|
|poke|p2|Rotom-Heat|
|poke|p2|Enamorus, F|
|poke|p2|Kingambit, F|
|teampreview
|
|t:|1758947016
|teamsize|p1|6
|teamsize|p2|6
|start
|switch|p1a: Ting-Lu|Ting-Lu|100/100
|switch|p2a: Flygon|Flygon, M|100/100
|-ability|p1a: Ting-Lu|Vessel of Ruin
|turn|1
|inactive|Battle timer is ON: inactive players will automatically lose when time's up. (requested by Nandu-17)
|
|t:|1758947020
|move|p2a: Flygon|U-turn|p1a: Ting-Lu
|-supereffective|p1a: Ting-Lu
|-damage|p1a: Ting-Lu|70/100
|
|t:|1758947024
|switch|p2a: Enamorus|Enamorus, F|100/100|[from] U-turn
|move|p1a: Ting-Lu|Stealth Rock|p2a: Enamorus
|-sidestart|p2: UchihaSusgay|move: Stealth Rock
|
|-heal|p1a: Ting-Lu|76/100|[from] item: Leftovers
|upkeep
|turn|2
|
|t:|1758947029
|switch|p1a: Blissey|Blissey, F|100/100
|move|p2a: Enamorus|Moonblast|p1a: Blissey
|-damage|p1a: Blissey|86/100
|-unboost|p1a: Blissey|spa|1
|
|upkeep
|turn|3
|
|t:|1758947043
|switch|p2a: Weezing|Weezing-Galar, F|100/100
|-ability|p2a: Weezing|Neutralizing Gas
|switch|p1a: Ting-Lu|Ting-Lu|76/100
|
|-heal|p1a: Ting-Lu|82/100|[from] item: Leftovers
|upkeep
|turn|4
|
|t:|1758947046
|switch|p1a: Iron Crown|Iron Crown|100/100
|move|p2a: Weezing|Defog|p1a: Iron Crown
|-unboost|p1a: Iron Crown|evasion|1
|-sideend|p2: UchihaSusgay|Stealth Rock|[from] move: Defog|[of] p2a: Weezing
|
|upkeep
|turn|5
|
|t:|1758947053
|-end|p2a: Weezing|ability: Neutralizing Gas
|switch|p2a: Flygon|Flygon, M|100/100
|move|p1a: Iron Crown|Psychic Noise|p2a: Flygon
|-damage|p2a: Flygon|52/100
|-start|p2a: Flygon|move: Heal Block
|
|upkeep
|turn|6
|
|t:|1758947063
|-end|p1a: Iron Crown|Quark Drive|[silent]
|switch|p1a: Sinistcha|Sinistcha|100/100
|move|p2a: Flygon|Outrage|p1a: Sinistcha
|-damage|p1a: Sinistcha|44/100
|
|-heal|p1a: Sinistcha|50/100|[from] item: Leftovers
|-end|p2a: Flygon|move: Heal Block
|upkeep
|turn|7
|
|t:|1758947069
|switch|p1a: Iron Crown|Iron Crown|100/100
|move|p2a: Flygon|Outrage|p1a: Iron Crown|[from] lockedmove
|-resisted|p1a: Iron Crown
|-damage|p1a: Iron Crown|53/100
|-start|p2a: Flygon|confusion|[fatigue]
|
|upkeep
|turn|8
|
|t:|1758947073
|switch|p2a: Rotom|Rotom-Heat|100/100
|move|p1a: Iron Crown|Psychic Noise|p2a: Rotom
|-damage|p2a: Rotom|61/100
|-start|p2a: Rotom|move: Heal Block
|
|upkeep
|turn|9
|
|t:|1758947079
|-end|p1a: Iron Crown|Quark Drive|[silent]
|switch|p1a: Ting-Lu|Ting-Lu|82/100
|-ability|p1a: Ting-Lu|Vessel of Ruin
|move|p2a: Rotom|Volt Switch|p1a: Ting-Lu
|-immune|p1a: Ting-Lu
|
|-heal|p1a: Ting-Lu|88/100|[from] item: Leftovers
|-end|p2a: Rotom|move: Heal Block
|upkeep
|turn|10
|j| mustang Dijon
|
|t:|1758947086
|switch|p2a: Flygon|Flygon, M|52/100
|move|p1a: Ting-Lu|Stealth Rock|p2a: Flygon
|-sidestart|p2: UchihaSusgay|move: Stealth Rock
|
|-heal|p1a: Ting-Lu|95/100|[from] item: Leftovers
|upkeep
|turn|11
|
|t:|1758947090
|move|p2a: Flygon|U-turn|p1a: Ting-Lu
|-supereffective|p1a: Ting-Lu
|-damage|p1a: Ting-Lu|65/100
|
|t:|1758947093
|switch|p2a: Weezing|Weezing-Galar, F|100/100|[from] U-turn
|-ability|p2a: Weezing|Neutralizing Gas
|move|p1a: Ting-Lu|Whirlwind|p2a: Weezing
|-end|p2a: Weezing|ability: Neutralizing Gas
|-ability|p1a: Ting-Lu|Vessel of Ruin
|drag|p2a: Enamorus|Enamorus, F|100/100
|-damage|p2a: Enamorus|76/100|[from] Stealth Rock
|
|-heal|p1a: Ting-Lu|71/100|[from] item: Leftovers
|upkeep
|turn|12
|
|t:|1758947105
|switch|p2a: Alomomola|Alomomola, M|100/100
|move|p1a: Ting-Lu|Whirlwind|p2a: Alomomola
|drag|p2a: Weezing|Weezing-Galar, F|100/100
|-ability|p2a: Weezing|Neutralizing Gas
|
|-heal|p1a: Ting-Lu|77/100|[from] item: Leftovers
|upkeep
|turn|13
|
|t:|1758947112
|switch|p1a: Iron Crown|Iron Crown|53/100
|move|p2a: Weezing|Defog|p1a: Iron Crown
|-unboost|p1a: Iron Crown|evasion|1
|-sideend|p2: UchihaSusgay|Stealth Rock|[from] move: Defog|[of] p2a: Weezing
|
|upkeep
|turn|14
|
|t:|1758947119
|-end|p2a: Weezing|ability: Neutralizing Gas
|switch|p2a: Alomomola|Alomomola, M|100/100
|move|p1a: Iron Crown|Sacred Sword|p2a: Alomomola
|-damage|p2a: Alomomola|90/100
|
|upkeep
|turn|15
|
|t:|1758947131
|-end|p1a: Iron Crown|Quark Drive|[silent]
|switch|p1a: Sinistcha|Sinistcha|50/100
|move|p2a: Alomomola|Wish|p2a: Alomomola
|
|-heal|p1a: Sinistcha|56/100|[from] item: Leftovers
|upkeep
|turn|16
|
|t:|1758947133
|move|p1a: Sinistcha|Strength Sap|p2a: Alomomola
|-unboost|p2a: Alomomola|atk|1
|-heal|p1a: Sinistcha|100/100
|move|p2a: Alomomola|Flip Turn|p1a: Sinistcha
|-resisted|p1a: Sinistcha
|-damage|p1a: Sinistcha|97/100
|
|t:|1758947142
|switch|p2a: Rotom|Rotom-Heat|61/100|[from] Flip Turn
|
|-heal|p2a: Rotom|100/100|[from] move: Wish|[wisher] Alomomola
|-heal|p1a: Sinistcha|100/100|[from] item: Leftovers
|upkeep
|turn|17
|
|t:|1758947148
|switch|p1a: Blissey|Blissey, F|86/100
|move|p2a: Rotom|Overheat|p1a: Blissey|[miss]
|-miss|p2a: Rotom|p1a: Blissey
|
|upkeep
|turn|18
|
|t:|1758947152
|switch|p2a: Flygon|Flygon, M|52/100
|move|p1a: Blissey|Thunder Wave|p2a: Flygon
|-immune|p2a: Flygon
|
|upkeep
|turn|19
|
|t:|1758947160
|switch|p1a: Sinistcha|Sinistcha|100/100
|move|p2a: Flygon|Earthquake|p1a: Sinistcha
|-resisted|p1a: Sinistcha
|-damage|p1a: Sinistcha|76/100
|
|-heal|p1a: Sinistcha|82/100|[from] item: Leftovers
|upkeep
|turn|20
|
|t:|1758947165
|switch|p2a: Rotom|Rotom-Heat|100/100
|move|p1a: Sinistcha|Calm Mind|p1a: Sinistcha
|-boost|p1a: Sinistcha|spa|1
|-boost|p1a: Sinistcha|spd|1
|
|-heal|p1a: Sinistcha|88/100|[from] item: Leftovers
|upkeep
|turn|21
|
|t:|1758947175
|move|p2a: Rotom|Trick|p1a: Sinistcha
|-activate|p2a: Rotom|move: Trick|[of] p1a: Sinistcha
|-item|p1a: Sinistcha|Choice Specs|[from] move: Trick
|-item|p2a: Rotom|Leftovers|[from] move: Trick
|move|p1a: Sinistcha|Hex|p2a: Rotom
|-damage|p2a: Rotom|32/100
|
|-heal|p2a: Rotom|39/100|[from] item: Leftovers
|upkeep
|turn|22
|
|t:|1758947181
|move|p2a: Rotom|Overheat|p1a: Sinistcha|[miss]
|-miss|p2a: Rotom|p1a: Sinistcha
|move|p1a: Sinistcha|Hex|p2a: Rotom
|-damage|p2a: Rotom|0 fnt
|faint|p2a: Rotom
|
|upkeep
|
|t:|1758947183
|switch|p2a: Kingambit|Kingambit, F|100/100
|-activate|p2a: Kingambit|ability: Supreme Overlord
|-start|p2a: Kingambit|fallen1|[silent]
|turn|23
|
|t:|1758947188
|switch|p1a: Ting-Lu|Ting-Lu|77/100
|-ability|p1a: Ting-Lu|Vessel of Ruin
|move|p2a: Kingambit|Iron Head|p1a: Ting-Lu
|-damage|p1a: Ting-Lu|55/100
|
|-heal|p1a: Ting-Lu|62/100|[from] item: Leftovers
|upkeep
|turn|24
|
|t:|1758947191
|-end|p2a: Kingambit|fallen1|[silent]
|switch|p2a: Flygon|Flygon, M|52/100
|move|p1a: Ting-Lu|Earthquake|p2a: Flygon
|-immune|p2a: Flygon|[from] ability: Levitate
|
|-heal|p1a: Ting-Lu|68/100|[from] item: Leftovers
|upkeep
|turn|25
|
|t:|1758947197
|-terastallize|p2a: Flygon|Bug
|move|p2a: Flygon|First Impression|p1a: Ting-Lu
|-supereffective|p1a: Ting-Lu
|-damage|p1a: Ting-Lu|16/100
|move|p1a: Ting-Lu|Stealth Rock|p2a: Flygon
|-sidestart|p2: UchihaSusgay|move: Stealth Rock
|
|-heal|p1a: Ting-Lu|22/100|[from] item: Leftovers
|upkeep
|turn|26
|
|t:|1758947202
|switch|p2a: Alomomola|Alomomola, M|100/100
|move|p1a: Ting-Lu|Whirlwind|p2a: Alomomola
|drag|p2a: Weezing|Weezing-Galar, F|100/100
|-ability|p2a: Weezing|Neutralizing Gas
|
|-heal|p1a: Ting-Lu|29/100|[from] item: Leftovers
|upkeep
|turn|27
|
|t:|1758947206
|move|p2a: Weezing|Strange Steam|p1a: Ting-Lu
|-supereffective|p1a: Ting-Lu
|-damage|p1a: Ting-Lu|0 fnt
|faint|p1a: Ting-Lu
|
|upkeep
|
|t:|1758947208
|switch|p1a: Iron Crown|Iron Crown|53/100
|turn|28
|
|t:|1758947212
|-end|p2a: Weezing|ability: Neutralizing Gas
|switch|p2a: Alomomola|Alomomola, M|100/100
|move|p1a: Iron Crown|Tachyon Cutter|p2a: Alomomola
|-resisted|p2a: Alomomola
|-crit|p2a: Alomomola
|-damage|p2a: Alomomola|85/100
|-resisted|p2a: Alomomola
|-damage|p2a: Alomomola|74/100
|-hitcount|p2a: Alomomola|2
|
|upkeep
|turn|29
|
|t:|1758947215
|move|p1a: Iron Crown|Tachyon Cutter|p2a: Alomomola
|-resisted|p2a: Alomomola
|-damage|p2a: Alomomola|62/100
|-resisted|p2a: Alomomola
|-crit|p2a: Alomomola
|-damage|p2a: Alomomola|46/100
|-hitcount|p2a: Alomomola|2
|move|p2a: Alomomola|Flip Turn|p1a: Iron Crown
|-damage|p1a: Iron Crown|35/100
|
|t:|1758947219
|switch|p2a: Kingambit|Kingambit, F|100/100|[from] Flip Turn
|-damage|p2a: Kingambit|94/100|[from] Stealth Rock
|-activate|p2a: Kingambit|ability: Supreme Overlord
|-start|p2a: Kingambit|fallen1|[silent]
|
|upkeep
|turn|30
|
|t:|1758947229
|-end|p1a: Iron Crown|Quark Drive|[silent]
|switch|p1a: Blissey|Blissey, F|86/100
|move|p2a: Kingambit|Swords Dance|p2a: Kingambit
|-boost|p2a: Kingambit|atk|2
|
|upkeep
|turn|31
|
|t:|1758947233
|move|p2a: Kingambit|Kowtow Cleave|p1a: Blissey
|-damage|p1a: Blissey|0 fnt
|faint|p1a: Blissey
|
|upkeep
|
|t:|1758947235
|switch|p1a: Great Tusk|Great Tusk|100/100
|turn|32
|
|t:|1758947245
|-end|p2a: Kingambit|fallen1|[silent]
|switch|p2a: Flygon|Flygon, M, tera:Bug|52/100
|-damage|p2a: Flygon|27/100|[from] Stealth Rock
|move|p1a: Great Tusk|Close Combat|p2a: Flygon
|-resisted|p2a: Flygon
|-damage|p2a: Flygon|0 fnt
|-unboost|p1a: Great Tusk|def|1
|-unboost|p1a: Great Tusk|spd|1
|faint|p2a: Flygon
|
|upkeep
|
|t:|1758947252
|switch|p2a: Weezing|Weezing-Galar, F|100/100
|-ability|p2a: Weezing|Neutralizing Gas
|turn|33
|
|t:|1758947259
|-end|p1a: Great Tusk|Protosynthesis|[silent]
|switch|p1a: Sinistcha|Sinistcha|88/100
|move|p2a: Weezing|Defog|p1a: Sinistcha
|-unboost|p1a: Sinistcha|evasion|1
|-sideend|p2: UchihaSusgay|Stealth Rock|[from] move: Defog|[of] p2a: Weezing
|
|upkeep
|turn|34
|
|t:|1758947264
|-end|p2a: Weezing|ability: Neutralizing Gas
|switch|p2a: Kingambit|Kingambit, F|94/100
|-activate|p2a: Kingambit|ability: Supreme Overlord
|-start|p2a: Kingambit|fallen2|[silent]
|move|p1a: Sinistcha|Matcha Gotcha|p2a: Kingambit|[miss]
|-miss|p1a: Sinistcha|p2a: Kingambit
|
|upkeep
|turn|35
|
|t:|1758947279
|move|p2a: Kingambit|Kowtow Cleave|p1a: Sinistcha
|-supereffective|p1a: Sinistcha
|-damage|p1a: Sinistcha|0 fnt
|faint|p1a: Sinistcha
|
|upkeep
|
|t:|1758947282
|switch|p1a: Great Tusk|Great Tusk|100/100
|turn|36
|
|t:|1758947285
|-end|p2a: Kingambit|fallen2|[silent]
|switch|p2a: Alomomola|Alomomola, M|79/100
|move|p1a: Great Tusk|Knock Off|p2a: Alomomola
|-damage|p2a: Alomomola|59/100
|-enditem|p2a: Alomomola|Heavy-Duty Boots|[from] move: Knock Off|[of] p1a: Great Tusk
|
|upkeep
|turn|37
|
|t:|1758947289
|move|p1a: Great Tusk|Close Combat|p2a: Alomomola
|-damage|p2a: Alomomola|19/100
|-unboost|p1a: Great Tusk|def|1
|-unboost|p1a: Great Tusk|spd|1
|move|p2a: Alomomola|Wish|p2a: Alomomola
|
|upkeep
|turn|38
|
|t:|1758947294
|switch|p2a: Weezing|Weezing-Galar, F|100/100
|-ability|p2a: Weezing|Neutralizing Gas
|move|p1a: Great Tusk|Close Combat|p2a: Weezing
|-resisted|p2a: Weezing
|-damage|p2a: Weezing|88/100
|-unboost|p1a: Great Tusk|def|1
|-unboost|p1a: Great Tusk|spd|1
|
|-heal|p2a: Weezing|100/100|[from] move: Wish|[wisher] Alomomola
|upkeep
|turn|39
|
|t:|1758947303
|-end|p1a: Great Tusk|Protosynthesis|[silent]
|switch|p1a: Iron Crown|Iron Crown|35/100
|move|p2a: Weezing|Strange Steam|p1a: Iron Crown
|-resisted|p1a: Iron Crown
|-damage|p1a: Iron Crown|20/100
|
|upkeep
|turn|40
|
|t:|1758947308
|-end|p2a: Weezing|ability: Neutralizing Gas
|switch|p2a: Alomomola|Alomomola, M|53/100
|move|p1a: Iron Crown|Volt Switch|p2a: Alomomola
|-supereffective|p2a: Alomomola
|-damage|p2a: Alomomola|9/100
|
|t:|1758947317
|-end|p1a: Iron Crown|Quark Drive|[silent]
|switch|p1a: Great Tusk|Great Tusk|100/100|[from] Volt Switch
|
|upkeep
|turn|41
|
|t:|1758947319
|move|p1a: Great Tusk|Knock Off|p2a: Alomomola
|-damage|p2a: Alomomola|0 fnt
|faint|p2a: Alomomola
|
|upkeep
|
|t:|1758947322
|switch|p2a: Enamorus|Enamorus, F|76/100
|turn|42
|
|t:|1758947329
|move|p2a: Enamorus|Moonblast|p1a: Great Tusk
|-supereffective|p1a: Great Tusk
|-damage|p1a: Great Tusk|0 fnt
|faint|p1a: Great Tusk
|-end|p1a: Great Tusk|Protosynthesis|[silent]
|
|upkeep
|
|t:|1758947332
|switch|p1a: Iron Crown|Iron Crown|20/100
|turn|43
|
|t:|1758947339
|move|p1a: Iron Crown|Tachyon Cutter|p2a: Enamorus
|-supereffective|p2a: Enamorus
|-damage|p2a: Enamorus|7/100
|-supereffective|p2a: Enamorus
|-damage|p2a: Enamorus|0 fnt
|faint|p2a: Enamorus
|-hitcount|p2: Enamorus|2
|
|upkeep
|
|t:|1758947340
|switch|p2a: Kingambit|Kingambit, F|94/100
|-activate|p2a: Kingambit|ability: Supreme Overlord
|-start|p2a: Kingambit|fallen4|[silent]
|turn|44
|
|t:|1758947346
|move|p1a: Iron Crown|Tachyon Cutter|p2a: Kingambit
|-resisted|p2a: Kingambit
|-damage|p2a: Kingambit|81/100
|-resisted|p2a: Kingambit
|-damage|p2a: Kingambit|68/100
|-hitcount|p2a: Kingambit|2
|move|p2a: Kingambit|Swords Dance|p2a: Kingambit
|-boost|p2a: Kingambit|atk|2
|
|upkeep
|turn|45
|
|t:|1758947350
|move|p2a: Kingambit|Sucker Punch|p1a: Iron Crown
|-supereffective|p1a: Iron Crown
|-damage|p1a: Iron Crown|0 fnt
|faint|p1a: Iron Crown
|-end|p1a: Iron Crown|Quark Drive|[silent]
|
|upkeep
|
|t:|1758947352
|switch|p1a: Dragonite|Dragonite, M|100/100
|turn|46
|
|t:|1758947355
|move|p1a: Dragonite|Earthquake|p2a: Kingambit
|-supereffective|p2a: Kingambit
|-damage|p2a: Kingambit|6/100
|move|p2a: Kingambit|Kowtow Cleave|p1a: Dragonite
|-damage|p1a: Dragonite|16/100
|
|upkeep
|turn|47
|
|t:|1758947365
|move|p1a: Dragonite|Dragon Dance|p1a: Dragonite
|-boost|p1a: Dragonite|atk|1
|-boost|p1a: Dragonite|spe|1
|move|p2a: Kingambit|Kowtow Cleave|p1a: Dragonite
|-damage|p1a: Dragonite|0 fnt
|faint|p1a: Dragonite
|
|win|UchihaSusgay
|raw|Nandu-17's rating: 1495 &rarr; <strong>1475</strong><br />(-20 for losing)
|raw|UchihaSusgay's rating: 1487 &rarr; <strong>1507</strong><br />(+20 for winning)
|l|☆Nandu-17
|player|p1|
|l|☆UchihaSusgay
|player|p2|
|l| mustang Dijon
