|j|☆lerendezvous
|j|☆bertoskyT
|t:|1758951036
|gametype|singles
|player|p1|lerendezvous|101|1653
|player|p2|bertoskyT|ethan|1546
|gen|9
|tier|[Gen 9] OU
|rated|
|rule|HP Percentage Mod: HP is shown in percentages
|rule|Endless Battle Clause: Forcing endless battles is banned
|rule|Species Clause: Limit one of each Pokémon
|rule|OHKO Clause: OHKO moves are banned
|rule|Evasion Items Clause: Evasion items are banned
|rule|Evasion Moves Clause: Evasion moves are banned
|rule|Evasion Abilities Clause: Evasion abilities are banned
|rule|Sleep Moves Clause: Sleep-inducing moves are banned
|clearpoke
|poke|p1|Ogerpon-Wellspring, F|
|poke|p1|Slowking-Galar, M|
|poke|p1|Great Tusk|
|poke|p1|Moltres|
|poke|p1|Dragapult, F|
|poke|p1|Kingambit, M|
|poke|p2|Dragapult, M|
|poke|p2|Landorus-Therian, M|
|poke|p2|Ogerpon-Wellspring, F|
|poke|p2|Greninja-*, M|
|poke|p2|Slowking-Galar, M|
|poke|p2|Forretress, F|
|teampreview
|inactive|Battle timer is ON: inactive players will automatically lose when time's up. (requested by lerendezvous)
|inactive|bertoskyT has 120 seconds left.
|inactive|bertoskyT has 90 seconds left.
|
|t:|1758951125
|teamsize|p1|6
|teamsize|p2|6
|start
|switch|p1a: Slowking|Slowking-Galar, M|100/100
|switch|p2a: Landorus|Landorus-Therian, M|100/100
|-ability|p2a: Landorus|Intimidate|boost
|-unboost|p1a: Slowking|atk|1
|turn|1
|
|t:|1758951132
|switch|p2a: Slowking|Slowking-Galar, M|100/100
|move|p1a: Slowking|Ice Beam|p2a: Slowking
|-damage|p2a: Slowking|83/100
|
|upkeep
|turn|2
|
|t:|1758951140
|move|p1a: Slowking|Psyshock|p2a: Slowking
|-damage|p2a: Slowking|48/100
|-prepare|p2a: Slowking|Chilly Reception|[premajor]
|move|p2a: Slowking|Chilly Reception|p2a: Slowking
|-weather|Snowscape
|
|t:|1758951151
|switch|p2a: Dragapult|Dragapult, M|100/100|[from] Chilly Reception
|
|-weather|Snowscape|[upkeep]
|upkeep
|turn|3
|
|t:|1758951155
|-terastallize|p2a: Dragapult|Ghost
|move|p2a: Dragapult|Tera Blast|p1a: Slowking|[anim] Tera Blast Ghost
|-supereffective|p1a: Slowking
|-damage|p1a: Slowking|0 fnt
|faint|p1a: Slowking
|
|-weather|Snowscape|[upkeep]
|upkeep
|
|t:|1758951164
|switch|p1a: Kingambit|Kingambit, M|100/100
|-activate|p1a: Kingambit|ability: Supreme Overlord
|-start|p1a: Kingambit|fallen1|[silent]
|turn|4
|
|t:|1758951191
|switch|p2a: Landorus|Landorus-Therian, M|100/100
|-ability|p2a: Landorus|Intimidate|boost
|-unboost|p1a: Kingambit|atk|1
|move|p1a: Kingambit|Swords Dance|p1a: Kingambit
|-boost|p1a: Kingambit|atk|2
|
|-weather|Snowscape|[upkeep]
|upkeep
|turn|5
|
|t:|1758951196
|move|p2a: Landorus|Earth Power|p1a: Kingambit
|-supereffective|p1a: Kingambit
|-damage|p1a: Kingambit|29/100
|move|p1a: Kingambit|Iron Head|p2a: Landorus
|-damage|p2a: Landorus|49/100
|-damage|p1a: Kingambit|13/100|[from] item: Rocky Helmet|[of] p2a: Landorus
|
|-weather|Snowscape|[upkeep]
|-heal|p1a: Kingambit|19/100|[from] item: Leftovers
|upkeep
|turn|6
|
|t:|1758951205
|-end|p1a: Kingambit|fallen1|[silent]
|switch|p1a: Moltres|Moltres|100/100
|move|p2a: Landorus|Earth Power|p1a: Moltres
|-immune|p1a: Moltres
|
|-weather|none
|upkeep
|turn|7
|
|t:|1758951210
|move|p1a: Moltres|Flamethrower|p2a: Landorus
|-damage|p2a: Landorus|6/100
|move|p2a: Landorus|Stealth Rock|p1a: Moltres
|-sidestart|p1: lerendezvous|move: Stealth Rock
|
|upkeep
|turn|8
|
|t:|1758951215
|switch|p2a: Slowking|Slowking-Galar, M|81/100
|move|p1a: Moltres|Flamethrower|p2a: Slowking
|-damage|p2a: Slowking|61/100
|
|upkeep
|turn|9
|
|t:|1758951221
|move|p1a: Moltres|Flamethrower|p2a: Slowking
|-damage|p2a: Slowking|39/100
|-prepare|p2a: Slowking|Chilly Reception|[premajor]
|move|p2a: Slowking|Chilly Reception|p2a: Slowking
|-weather|Snowscape
|inactive|bertoskyT has 120 seconds left.
|
|t:|1758951253
|switch|p2a: Greninja|Greninja, M|100/100|[from] Chilly Reception
|
|-weather|Snowscape|[upkeep]
|upkeep
|turn|10
|
|t:|1758951258
|move|p2a: Greninja|Dark Pulse|p1a: Moltres
|-damage|p1a: Moltres|57/100
|-damage|p2a: Greninja|91/100|[from] item: Life Orb
|move|p1a: Moltres|Flamethrower|p2a: Greninja
|-resisted|p2a: Greninja
|-damage|p2a: Greninja|60/100
|
|-weather|Snowscape|[upkeep]
|upkeep
|turn|11
|
|t:|1758951267
|-terastallize|p1a: Moltres|Fairy
|move|p2a: Greninja|Surf|p1a: Moltres
|-damage|p1a: Moltres|4/100
|-damage|p2a: Greninja|51/100|[from] item: Life Orb
|move|p1a: Moltres|U-turn|p2a: Greninja
|-supereffective|p2a: Greninja
|-damage|p2a: Greninja|6/100
|
|t:|1758951273
|switch|p1a: Dragapult|Dragapult, F|100/100|[from] U-turn
|
|-weather|Snowscape|[upkeep]
|upkeep
|turn|12
|inactive|bertoskyT has 120 seconds left.
|
|t:|1758951327
|switch|p1a: Moltres|Moltres, tera:Fairy|4/100
|switch|p2a: Landorus|Landorus-Therian, M|6/100
|-ability|p2a: Landorus|Intimidate|boost
|-unboost|p1a: Moltres|atk|1
|
|-weather|Snowscape|[upkeep]
|upkeep
|turn|13
|
|t:|1758951333
|move|p1a: Moltres|Flamethrower|p2a: Landorus
|-damage|p2a: Landorus|0 fnt
|faint|p2a: Landorus
|
|-weather|none
|upkeep
|
|t:|1758951344
|switch|p2a: Dragapult|Dragapult, M, tera:Ghost|100/100
|turn|14
|
|t:|1758951349
|move|p2a: Dragapult|Dragon Darts|p1a: Moltres
|-immune|p1a: Moltres
|move|p1a: Moltres|Roar|p2a: Dragapult
|drag|p2a: Slowking|Slowking-Galar, M|72/100
|
|upkeep
|turn|15
|
|t:|1758951361
|switch|p1a: Kingambit|Kingambit, M|19/100
|-damage|p1a: Kingambit|13/100|[from] Stealth Rock
|-activate|p1a: Kingambit|ability: Supreme Overlord
|-start|p1a: Kingambit|fallen1|[silent]
|move|p2a: Slowking|Sludge Bomb|p1a: Kingambit
|-immune|p1a: Kingambit
|
|-heal|p1a: Kingambit|19/100|[from] item: Leftovers
|upkeep
|turn|16
|
|t:|1758951365
|switch|p2a: Greninja|Greninja, M|6/100
|move|p1a: Kingambit|Iron Head|p2a: Greninja
|-resisted|p2a: Greninja
|-damage|p2a: Greninja|0 fnt
|faint|p2a: Greninja
|
|-heal|p1a: Kingambit|25/100|[from] item: Leftovers
|upkeep
|
|t:|1758951369
|switch|p2a: Forretress|Forretress, F|100/100
|turn|17
|
|t:|1758951374
|move|p1a: Kingambit|Swords Dance|p1a: Kingambit
|-boost|p1a: Kingambit|atk|2
|move|p2a: Forretress|Body Press|p1a: Kingambit
|-supereffective|p1a: Kingambit
|-damage|p1a: Kingambit|0 fnt
|faint|p1a: Kingambit
|-end|p1a: Kingambit|fallen1|[silent]
|
|upkeep
|l|☆bertoskyT
|inactive|bertoskyT disconnected and has a minute to reconnect!
|player|p2|
|
|t:|1758951381
|switch|p1a: Great Tusk|Great Tusk|100/100
|-damage|p1a: Great Tusk|98/100|[from] Stealth Rock
|turn|18
|j|☆bertoskyT
|inactive|bertoskyT reconnected and has 130 seconds left.
|player|p2|bertoskyT|ethan|
|
|t:|1758951408
|switch|p2a: Ogerpon|Ogerpon-Wellspring, F|100/100
|move|p1a: Great Tusk|Ice Spinner|p2a: Ogerpon
|-damage|p2a: Ogerpon|66/100
|
|upkeep
|turn|19
|
|t:|1758951413
|-end|p1a: Great Tusk|Protosynthesis|[silent]
|switch|p1a: Moltres|Moltres, tera:Fairy|4/100
|move|p2a: Ogerpon|Swords Dance|p2a: Ogerpon
|-boost|p2a: Ogerpon|atk|2
|
|upkeep
|turn|20
|
|t:|1758951417
|switch|p1a: Ogerpon|Ogerpon-Wellspring, F|100/100
|-damage|p1a: Ogerpon|88/100|[from] Stealth Rock
|move|p2a: Ogerpon|Knock Off|p1a: Ogerpon
|-damage|p1a: Ogerpon|25/100
|
|upkeep
|turn|21
|
|t:|1758951422
|move|p1a: Ogerpon|U-turn|p2a: Ogerpon
|-supereffective|p2a: Ogerpon
|-damage|p2a: Ogerpon|0 fnt
|faint|p2a: Ogerpon
|
|t:|1758951426
|switch|p1a: Great Tusk|Great Tusk|98/100|[from] U-turn
|-damage|p1a: Great Tusk|95/100|[from] Stealth Rock
|
|upkeep
|
|t:|1758951429
|switch|p2a: Dragapult|Dragapult, M, tera:Ghost|100/100
|turn|22
|
|t:|1758951434
|move|p2a: Dragapult|Tera Blast|p1a: Great Tusk|[anim] Tera Blast Ghost
|-damage|p1a: Great Tusk|36/100
|move|p1a: Great Tusk|Headlong Rush|p2a: Dragapult
|-damage|p2a: Dragapult|19/100
|-unboost|p1a: Great Tusk|def|1
|-unboost|p1a: Great Tusk|spd|1
|
|upkeep
|turn|23
|
|t:|1758951440
|-end|p1a: Great Tusk|Protosynthesis|[silent]
|switch|p1a: Ogerpon|Ogerpon-Wellspring, F|25/100
|-damage|p1a: Ogerpon|12/100|[from] Stealth Rock
|move|p2a: Dragapult|Tera Blast|p1a: Ogerpon|[anim] Tera Blast Ghost
|-damage|p1a: Ogerpon|0 fnt
|faint|p1a: Ogerpon
|
|upkeep
|
|t:|1758951445
|switch|p1a: Dragapult|Dragapult, F|100/100
|turn|24
|
|t:|1758951449
|switch|p2a: Forretress|Forretress, F|100/100
|move|p1a: Dragapult|Hex|p2a: Forretress
|-damage|p2a: Forretress|59/100
|
|upkeep
|turn|25
|
|t:|1758951458
|move|p1a: Dragapult|Will-O-Wisp|p2a: Forretress
|-status|p2a: Forretress|brn
|move|p2a: Forretress|Volt Switch|p1a: Dragapult
|-resisted|p1a: Dragapult
|-damage|p1a: Dragapult|93/100
|
|t:|1758951463
|switch|p2a: Slowking|Slowking-Galar, M|100/100|[from] Volt Switch
|
|upkeep
|turn|26
|
|t:|1758951469
|move|p1a: Dragapult|Will-O-Wisp|p2a: Slowking
|-status|p2a: Slowking|brn
|move|p2a: Slowking|Sludge Bomb|p1a: Dragapult
|-resisted|p1a: Dragapult
|-damage|p1a: Dragapult|67/100
|-status|p1a: Dragapult|psn
|
|-damage|p1a: Dragapult|55/100 psn|[from] psn
|-damage|p2a: Slowking|94/100 brn|[from] brn
|upkeep
|turn|27
|
|t:|1758951477
|move|p1a: Dragapult|Hex|p2a: Slowking
|-supereffective|p2a: Slowking
|-damage|p2a: Slowking|33/100 brn
|move|p2a: Slowking|Sludge Bomb|p1a: Dragapult
|-resisted|p1a: Dragapult
|-damage|p1a: Dragapult|31/100 psn
|
|-damage|p1a: Dragapult|18/100 psn|[from] psn
|-damage|p2a: Slowking|27/100 brn|[from] brn
|upkeep
|turn|28
|
|t:|1758951484
|switch|p1a: Moltres|Moltres, tera:Fairy|4/100
|switch|p2a: Forretress|Forretress, F|59/100 brn
|
|-damage|p2a: Forretress|53/100 brn|[from] brn
|upkeep
|turn|29
|
|t:|1758951488
|move|p1a: Moltres|Flamethrower|p2a: Forretress
|-supereffective|p2a: Forretress
|-damage|p2a: Forretress|0 fnt
|faint|p2a: Forretress
|
|upkeep
|
|t:|1758951491
|switch|p2a: Dragapult|Dragapult, M, tera:Ghost|19/100
|turn|30
|
|t:|1758951495
|switch|p1a: Great Tusk|Great Tusk|36/100
|-damage|p1a: Great Tusk|33/100|[from] Stealth Rock
|move|p2a: Dragapult|Tera Blast|p1a: Great Tusk|[anim] Tera Blast Ghost
|-damage|p1a: Great Tusk|0 fnt
|faint|p1a: Great Tusk
|-end|p1a: Great Tusk|Protosynthesis|[silent]
|
|upkeep
|
|t:|1758951499
|switch|p1a: Dragapult|Dragapult, F|18/100 psn
|turn|31
|
|t:|1758951503
|move|p2a: Dragapult|Tera Blast|p1a: Dragapult|[anim] Tera Blast Ghost
|-supereffective|p1a: Dragapult
|-damage|p1a: Dragapult|0 fnt
|faint|p1a: Dragapult
|
|upkeep
|
|t:|1758951507
|switch|p1a: Moltres|Moltres, tera:Fairy|4/100
|turn|32
|
|t:|1758951509
|move|p2a: Dragapult|Tera Blast|p1a: Moltres|[anim] Tera Blast Ghost
|-damage|p1a: Moltres|0 fnt
|faint|p1a: Moltres
|
|win|bertoskyT
|raw|lerendezvous's rating: 1653 &rarr; <strong>1627</strong><br />(-26 for losing)
|raw|bertoskyT's rating: 1546 &rarr; <strong>1572</strong><br />(+26 for winning)
