|badge|p2|bronze|gen9ou|100-6
|badge|p2|bronze|gen9monotype|100-6
|html|<div class="broadcast-red"><strong>This battle is required to be public due to one or more player having a season medal.</strong><br />During the public phase, you can discuss the state of the ladder <a href="/seasondiscussion">in a special chatroom.</a></div>
|uhtml|medal-msg|<div class="broadcast-blue">Curious what those medals under the avatar are? PS now has Ladder Seasons! For more information, check out the <a href="https://www.smogon.com/forums/threads/3740067/">thread on Smogon.</a></div>
|raw|<div class="broadcast-blue"><strong>This battle is required to be public due to a player having a name starting with 'medal'.</div>
|j|☆trunksdelfuturoo
|j|☆abravioustinkaton
|t:|1758974917
|gametype|singles
|player|p1|trunksdelfuturoo|265|1769
|player|p2|abravioustinkaton|miku-ice|1845
|gen|9
|tier|[Gen 9] OU
|rated|
|rule|HP Percentage Mod: HP is shown in percentages
|rule|Endless Battle Clause: Forcing endless battles is banned
|rule|Species Clause: Limit one of each Pokémon
|rule|OHKO Clause: OHKO moves are banned
|rule|Evasion Items Clause: Evasion items are banned
|rule|Evasion Moves Clause: Evasion moves are banned
|rule|Evasion Abilities Clause: Evasion abilities are banned
|rule|Sleep Moves Clause: Sleep-inducing moves are banned
|clearpoke
|poke|p1|Samurott-Hisui, M|
|poke|p1|Zamazenta-*|
|poke|p1|Glimmora, M|
|poke|p1|Dragapult, F|
|poke|p1|Raging Bolt|
|poke|p1|Blissey, F|
|poke|p2|Zapdos|
|poke|p2|Iron Crown|
|poke|p2|Garganacl, F|
|poke|p2|Great Tusk|
|poke|p2|Samurott-Hisui, F|
|poke|p2|Dragapult, M|
|teampreview
|j| Despote
|inactive|Battle timer is ON: inactive players will automatically lose when time's up. (requested by trunksdelfuturoo)
|
|t:|1758974921
|teamsize|p1|6
|teamsize|p2|6
|start
|switch|p1a: Korabas|Dragapult, F|100/100
|switch|p2a: Club Paratwice|Zapdos|100/100
|turn|1
|j| amefurikoneko
|j| Tsareennn
|j| locked in bro
|
|t:|1758974943
|move|p1a: Korabas|Dragon Darts|p2a: Club Paratwice
|-damage|p2a: Club Paratwice|70/100
|-anim|p1a: Korabas|Dragon Darts|p2a: Club Paratwice
|-damage|p2a: Club Paratwice|40/100
|move|p2a: Club Paratwice|Thunder Wave|p1a: Korabas
|-status|p1a: Korabas|par
|
|upkeep
|turn|2
|j| Dionysos
|l| Dionysos
|j| Distance rectangle
|inactive|trunksdelfuturoo has 120 seconds left.
|
|t:|1758974965
|move|p2a: Club Paratwice|Roost|p2a: Club Paratwice
|-heal|p2a: Club Paratwice|90/100
|-singleturn|p2a: Club Paratwice|move: Roost
|cant|p1a: Korabas|par
|
|upkeep
|turn|3
|
|t:|1758974971
|move|p2a: Club Paratwice|Volt Switch|p1a: Korabas
|-resisted|p1a: Korabas
|-damage|p1a: Korabas|81/100 par
|
|t:|1758974973
|switch|p2a: Great Tusk|Great Tusk|100/100|[from] Volt Switch
|move|p1a: Korabas|Dragon Darts|p2a: Great Tusk
|-damage|p2a: Great Tusk|70/100
|-anim|p1a: Korabas|Dragon Darts|p2a: Great Tusk
|-damage|p2a: Great Tusk|41/100
|
|upkeep
|turn|4
|
|t:|1758974981
|move|p2a: Great Tusk|Stealth Rock|p1a: Korabas
|-sidestart|p1: trunksdelfuturoo|move: Stealth Rock
|move|p1a: Korabas|Dragon Darts|p2a: Great Tusk
|-damage|p2a: Great Tusk|13/100
|-anim|p1a: Korabas|Dragon Darts|p2a: Great Tusk
|-damage|p2a: Great Tusk|0 fnt
|faint|p2a: Great Tusk
|-end|p2a: Great Tusk|Protosynthesis|[silent]
|
|upkeep
|
|t:|1758974985
|switch|p2a: Dragapult|Dragapult, M|100/100
|turn|5
|
|t:|1758974993
|switch|p1a: Itkovian|Glimmora, M, shiny|100/100
|-damage|p1a: Itkovian|88/100|[from] Stealth Rock
|move|p2a: Dragapult|Dragon Darts|p1a: Itkovian
|-damage|p1a: Itkovian|65/100
|-activate|p1a: Itkovian|ability: Toxic Debris
|-sidestart|p2: abravioustinkaton|move: Toxic Spikes
|-anim|p2a: Dragapult|Dragon Darts|p1a: Itkovian
|-damage|p1a: Itkovian|42/100
|-activate|p1a: Itkovian|ability: Toxic Debris
|-sidestart|p2: abravioustinkaton|move: Toxic Spikes
|
|upkeep
|turn|6
|
|t:|1758975001
|move|p2a: Dragapult|Dragon Darts|p1a: Itkovian
|-damage|p1a: Itkovian|20/100
|-anim|p2a: Dragapult|Dragon Darts|p1a: Itkovian
|-damage|p1a: Itkovian|0 fnt
|faint|p1a: Itkovian
|
|upkeep
|
|t:|1758975005
|switch|p1a: Gesler|Zamazenta|100/100
|-damage|p1a: Gesler|94/100|[from] Stealth Rock
|-ability|p1a: Gesler|Dauntless Shield|boost
|-boost|p1a: Gesler|def|1
|turn|7
|
|t:|1758975010
|move|p2a: Dragapult|Will-O-Wisp|p1a: Gesler|[miss]
|-miss|p2a: Dragapult|p1a: Gesler
|move|p1a: Gesler|Iron Defense|p1a: Gesler
|-boost|p1a: Gesler|def|2
|
|-heal|p1a: Gesler|100/100|[from] item: Leftovers
|upkeep
|turn|8
|
|t:|1758975014
|move|p2a: Dragapult|Will-O-Wisp|p1a: Gesler
|-status|p1a: Gesler|brn
|move|p1a: Gesler|Crunch|p2a: Dragapult
|-supereffective|p2a: Dragapult
|-damage|p2a: Dragapult|65/100
|
|-damage|p1a: Gesler|94/100 brn|[from] brn
|upkeep
|turn|9
|
|t:|1758975019
|move|p2a: Dragapult|Hex|p1a: Gesler
|-crit|p1a: Gesler
|-damage|p1a: Gesler|35/100 brn
|move|p1a: Gesler|Crunch|p2a: Dragapult
|-supereffective|p2a: Dragapult
|-damage|p2a: Dragapult|33/100
|-unboost|p2a: Dragapult|def|1
|
|-heal|p1a: Gesler|41/100 brn|[from] item: Leftovers
|-damage|p1a: Gesler|35/100 brn|[from] brn
|upkeep
|turn|10
|
|t:|1758975024
|move|p2a: Dragapult|Hex|p1a: Gesler
|-damage|p1a: Gesler|0 fnt
|faint|p1a: Gesler
|
|upkeep
|
|t:|1758975026
|switch|p1a: Icarium|Raging Bolt|100/100
|-damage|p1a: Icarium|88/100|[from] Stealth Rock
|turn|11
|
|t:|1758975030
|move|p1a: Icarium|Thunderclap||[still]
|-fail|p1a: Icarium
|move|p2a: Dragapult|Will-O-Wisp|p1a: Icarium
|-status|p1a: Icarium|brn
|
|-damage|p1a: Icarium|82/100 brn|[from] brn
|upkeep
|turn|12
|
|t:|1758975034
|move|p1a: Icarium|Thunderclap|p2a: Dragapult
|-resisted|p2a: Dragapult
|-damage|p2a: Dragapult|4/100
|move|p2a: Dragapult|Dragon Darts|p1a: Icarium
|-supereffective|p1a: Icarium
|-damage|p1a: Icarium|42/100 brn
|-anim|p2a: Dragapult|Dragon Darts|p1a: Icarium
|-supereffective|p1a: Icarium
|-damage|p1a: Icarium|0 fnt
|faint|p1a: Icarium
|-end|p1a: Icarium|Protosynthesis|[silent]
|
|upkeep
|-message|trunksdelfuturoo forfeited.
|
|win|abravioustinkaton
|raw|trunksdelfuturoo's rating: 1769 &rarr; <strong>1753</strong><br />(-16 for losing)
|raw|abravioustinkaton's rating: 1845 &rarr; <strong>1861</strong><br />(+16 for winning)
|l| locked in bro
|l|☆trunksdelfuturoo
|player|p1|
|l|☆abravioustinkaton
|player|p2|
|l| Despote
|l| Tsareennn
|l| Distance rectangle
|j| dsvdv
|l| dsvdv
