|j|☆lensch
|j|☆acespec23
|t:|1758970458
|gametype|singles
|player|p1|lensch|169|1096
|player|p2|acespec23|2|1130
|gen|9
|tier|[Gen 9] OU
|rated|
|rule|HP Percentage Mod: HP is shown in percentages
|rule|Endless Battle Clause: Forcing endless battles is banned
|rule|Species Clause: Limit one of each Pokémon
|rule|OHKO Clause: OHKO moves are banned
|rule|Evasion Items Clause: Evasion items are banned
|rule|Evasion Moves Clause: Evasion moves are banned
|rule|Evasion Abilities Clause: Evasion abilities are banned
|rule|Sleep Moves Clause: Sleep-inducing moves are banned
|clearpoke
|poke|p1|Scizor, F|
|poke|p1|Mandibuzz, F|
|poke|p1|Mamoswine, M|
|poke|p1|Gardevoir, M|
|poke|p1|Dragapult, M|
|poke|p1|Naclstack, M|
|poke|p2|Torkoal, F|
|poke|p2|Hatterene, F|
|poke|p2|Raging Bolt|
|poke|p2|Slither Wing|
|poke|p2|Venusaur, M|
|poke|p2|Walking Wake|
|teampreview
|j| larp legion
|l| larp legion
|
|t:|1758970486
|teamsize|p1|6
|teamsize|p2|6
|start
|switch|p1a: Gardevoir|Gardevoir, M|100/100
|switch|p2a: Torkoal|Torkoal, F|100/100
|-weather|SunnyDay|[from] ability: Drought|[of] p2a: Torkoal
|turn|1
|inactive|Battle timer is ON: inactive players will automatically lose when time's up. (requested by lensch)
|
|t:|1758970499
|move|p1a: Gardevoir|Trick|p2a: Torkoal
|-activate|p1a: Gardevoir|move: Trick|[of] p2a: Torkoal
|-item|p2a: Torkoal|Choice Scarf|[from] move: Trick
|-item|p1a: Gardevoir|Heat Rock|[from] move: Trick
|move|p2a: Torkoal|Stealth Rock|p1a: Gardevoir
|-sidestart|p1: lensch|move: Stealth Rock
|
|-weather|SunnyDay|[upkeep]
|upkeep
|turn|2
|
|t:|1758970516
|switch|p2a: Slither Wing|Slither Wing|100/100
|-activate|p2a: Slither Wing|ability: Protosynthesis
|-start|p2a: Slither Wing|protosynthesisatk
|move|p1a: Gardevoir|Future Sight|p2a: Slither Wing
|-start|p1a: Gardevoir|move: Future Sight
|
|-weather|SunnyDay|[upkeep]
|upkeep
|turn|3
|
|t:|1758970528
|move|p2a: Slither Wing|First Impression|p1a: Gardevoir
|-damage|p1a: Gardevoir|21/100
|move|p1a: Gardevoir|Teleport|p1a: Gardevoir
|
|t:|1758970541
|switch|p1a: Scizor|Scizor, F|100/100|[from] Teleport
|
|-weather|SunnyDay|[upkeep]
|upkeep
|turn|4
|
|t:|1758970552
|move|p2a: Slither Wing|Temper Flare|p1a: Scizor
|-supereffective|p1a: Scizor
|-damage|p1a: Scizor|0 fnt
|faint|p1a: Scizor
|
|-weather|SunnyDay|[upkeep]
|-end|p2a: Slither Wing|move: Future Sight
|-supereffective|p2a: Slither Wing
|-damage|p2a: Slither Wing|29/100
|upkeep
|
|t:|1758970564
|switch|p1a: Mandibuzz|Mandibuzz, F|100/100
|-damage|p1a: Mandibuzz|75/100|[from] Stealth Rock
|turn|5
|
|t:|1758970581
|-end|p2a: Slither Wing|Protosynthesis|[silent]
|switch|p2a: Raging Bolt|Raging Bolt|100/100
|-activate|p2a: Raging Bolt|ability: Protosynthesis
|-start|p2a: Raging Bolt|protosynthesisspa
|move|p1a: Mandibuzz|Roost|p1a: Mandibuzz
|-heal|p1a: Mandibuzz|100/100
|-singleturn|p1a: Mandibuzz|move: Roost
|
|-weather|SunnyDay|[upkeep]
|upkeep
|turn|6
|
|t:|1758970605
|-terastallize|p1a: Mandibuzz|Steel
|move|p2a: Raging Bolt|Thunderclap|p1a: Mandibuzz
|-damage|p1a: Mandibuzz|39/100
|-damage|p2a: Raging Bolt|91/100|[from] item: Life Orb
|move|p1a: Mandibuzz|Knock Off|p2a: Raging Bolt
|-damage|p2a: Raging Bolt|66/100
|-enditem|p2a: Raging Bolt|Life Orb|[from] move: Knock Off|[of] p1a: Mandibuzz
|
|-weather|SunnyDay|[upkeep]
|upkeep
|turn|7
|inactive|lensch has 120 seconds left.
|inactive|acespec23 has 120 seconds left.
|
|t:|1758970622
|move|p2a: Raging Bolt|Dragon Pulse|p1a: Mandibuzz
|-resisted|p1a: Mandibuzz
|-damage|p1a: Mandibuzz|14/100
|move|p1a: Mandibuzz|Whirlwind|p2a: Raging Bolt
|-end|p2a: Raging Bolt|Protosynthesis|[silent]
|drag|p2a: Hatterene|Hatterene, F|100/100
|-item|p2a: Hatterene|Air Balloon
|
|-weather|SunnyDay|[upkeep]
|upkeep
|turn|8
|inactive|acespec23 has 120 seconds left.
|
|t:|1758970643
|move|p1a: Mandibuzz|Roost|p1a: Mandibuzz
|-heal|p1a: Mandibuzz|64/100
|move|p2a: Hatterene|Psychic Noise|p1a: Mandibuzz
|-resisted|p1a: Mandibuzz
|-damage|p1a: Mandibuzz|49/100
|-start|p1a: Mandibuzz|move: Heal Block
|
|-weather|none
|upkeep
|turn|9
|
|t:|1758970655
|switch|p2a: Torkoal|Torkoal, F|100/100
|-weather|SunnyDay|[from] ability: Drought|[of] p2a: Torkoal
|move|p1a: Mandibuzz|Knock Off|p2a: Torkoal
|-damage|p2a: Torkoal|79/100
|-enditem|p2a: Torkoal|Choice Scarf|[from] move: Knock Off|[of] p1a: Mandibuzz
|
|-weather|SunnyDay|[upkeep]
|-end|p1a: Mandibuzz|move: Heal Block
|upkeep
|turn|10
|inactive|acespec23 has 120 seconds left.
|
|t:|1758970668
|move|p1a: Mandibuzz|U-turn|p2a: Torkoal
|-resisted|p2a: Torkoal
|-damage|p2a: Torkoal|73/100
|
|t:|1758970673
|switch|p1a: Gardevoir|Gardevoir, M|21/100|[from] U-turn
|-damage|p1a: Gardevoir|9/100|[from] Stealth Rock
|move|p2a: Torkoal|Eruption|p1a: Gardevoir
|-damage|p1a: Gardevoir|0 fnt
|faint|p1a: Gardevoir
|
|-weather|SunnyDay|[upkeep]
|upkeep
|inactive|lensch has 120 seconds left.
|
|t:|1758970684
|switch|p1a: Mamoswine|Mamoswine, M|100/100
|-damage|p1a: Mamoswine|88/100|[from] Stealth Rock
|turn|11
|
|t:|1758970693
|move|p1a: Mamoswine|Earthquake|p2a: Torkoal
|-supereffective|p2a: Torkoal
|-damage|p2a: Torkoal|0 fnt
|faint|p2a: Torkoal
|
|-weather|SunnyDay|[upkeep]
|upkeep
|
|t:|1758970706
|switch|p2a: Venusaur|Venusaur, M|100/100
|turn|12
|
|t:|1758970715
|switch|p1a: Mandibuzz|Mandibuzz, F, tera:Steel|49/100
|-damage|p1a: Mandibuzz|43/100|[from] Stealth Rock
|move|p2a: Venusaur|Weather Ball|p1a: Mandibuzz
|-supereffective|p1a: Mandibuzz
|-damage|p1a: Mandibuzz|0 fnt
|faint|p1a: Mandibuzz
|-damage|p2a: Venusaur|91/100|[from] item: Life Orb
|
|-weather|SunnyDay|[upkeep]
|upkeep
|inactive|lensch has 120 seconds left.
|
|t:|1758970738
|switch|p1a: Naclstack|Naclstack, M|100/100
|-damage|p1a: Naclstack|88/100|[from] Stealth Rock
|turn|13
|inactive|lensch has 120 seconds left.
|
|t:|1758970767
|move|p2a: Venusaur|Giga Drain|p1a: Naclstack
|-supereffective|p1a: Naclstack
|-damage|p1a: Naclstack|25/100
|-heal|p2a: Venusaur|100/100|[from] drain|[of] p1a: Naclstack
|-damage|p2a: Venusaur|91/100|[from] item: Life Orb
|move|p1a: Naclstack|Salt Cure|p2a: Venusaur
|-damage|p2a: Venusaur|78/100
|-start|p2a: Venusaur|Salt Cure
|
|-weather|none
|-damage|p2a: Venusaur|66/100|[from] Salt Cure
|upkeep
|turn|14
|
|t:|1758970797
|move|p2a: Venusaur|Earthquake|p1a: Naclstack
|-supereffective|p1a: Naclstack
|-damage|p1a: Naclstack|0 fnt
|faint|p1a: Naclstack
|-damage|p2a: Venusaur|56/100|[from] item: Life Orb
|
|-damage|p2a: Venusaur|44/100|[from] Salt Cure
|upkeep
|
|t:|1758970814
|switch|p1a: Mamoswine|Mamoswine, M|88/100
|-damage|p1a: Mamoswine|76/100|[from] Stealth Rock
|turn|15
|inactive|acespec23 has 120 seconds left.
|
|t:|1758970835
|move|p1a: Mamoswine|Ice Shard|p2a: Venusaur
|-supereffective|p2a: Venusaur
|-damage|p2a: Venusaur|0 fnt
|faint|p2a: Venusaur
|
|upkeep
|inactive|acespec23 has 120 seconds left.
|
|t:|1758970841
|switch|p2a: Slither Wing|Slither Wing|29/100
|turn|16
|
|t:|1758970849
|move|p1a: Mamoswine|Ice Shard|p2a: Slither Wing
|-damage|p2a: Slither Wing|0 fnt
|faint|p2a: Slither Wing
|-end|p2a: Slither Wing|Protosynthesis|[silent]
|
|upkeep
|
|t:|1758970861
|switch|p2a: Walking Wake|Walking Wake|100/100
|turn|17
|inactive|lensch has 120 seconds left.
|
|t:|1758970872
|-terastallize|p2a: Walking Wake|Fairy
|move|p2a: Walking Wake|Hydro Steam|p1a: Mamoswine
|-supereffective|p1a: Mamoswine
|-damage|p1a: Mamoswine|12/100
|move|p1a: Mamoswine|Earthquake|p2a: Walking Wake
|-damage|p2a: Walking Wake|48/100
|
|upkeep
|turn|18
|inactive|lensch has 120 seconds left.
|
|t:|1758970885
|move|p1a: Mamoswine|Ice Shard|p2a: Walking Wake
|-damage|p2a: Walking Wake|27/100
|move|p2a: Walking Wake|Flip Turn|p1a: Mamoswine
|-supereffective|p1a: Mamoswine
|-damage|p1a: Mamoswine|0 fnt
|faint|p1a: Mamoswine
|
|t:|1758970892
|-end|p2a: Walking Wake|Protosynthesis|[silent]
|switch|p2a: Hatterene|Hatterene, F|100/100|[from] Flip Turn
|-item|p2a: Hatterene|Air Balloon
|
|upkeep
|inactive|lensch has 120 seconds left.
|
|t:|1758970900
|switch|p1a: Dragapult|Dragapult, M|100/100
|-damage|p1a: Dragapult|88/100|[from] Stealth Rock
|turn|19
|
|t:|1758970908
|move|p1a: Dragapult|Curse|p2a: Hatterene
|-start|p2a: Hatterene|Curse|[of] p1a: Dragapult
|-damage|p1a: Dragapult|38/100
|move|p2a: Hatterene|Dazzling Gleam|p1a: Dragapult
|-supereffective|p1a: Dragapult
|-damage|p1a: Dragapult|0 fnt
|faint|p1a: Dragapult
|
|win|acespec23
|raw|lensch's rating: 1096 &rarr; <strong>1074</strong><br />(-22 for losing)
|raw|acespec23's rating: 1130 &rarr; <strong>1153</strong><br />(+23 for winning)
|l|☆lensch
|player|p1|
