|j|☆Xeno1994
|j|☆Yomoma’sash
|t:|1758949481
|gametype|singles
|player|p1|Xeno1994|pokemonranger-gen4|1330
|player|p2|Yomoma’sash|266|1360
|gen|9
|tier|[Gen 9] OU
|rated|
|rule|HP Percentage Mod: HP is shown in percentages
|rule|Endless Battle Clause: Forcing endless battles is banned
|rule|Species Clause: Limit one of each Pokémon
|rule|OHKO Clause: OHKO moves are banned
|rule|Evasion Items Clause: Evasion items are banned
|rule|Evasion Moves Clause: Evasion moves are banned
|rule|Evasion Abilities Clause: Evasion abilities are banned
|rule|Sleep Moves Clause: Sleep-inducing moves are banned
|clearpoke
|poke|p1|Cinderace, M|
|poke|p1|Comfey, F|
|poke|p1|Pecharunt|
|poke|p1|Greninja-*, M|
|poke|p1|Iron Treads|
|poke|p1|Iron Valiant|
|poke|p2|Charizard, F|
|poke|p2|Venusaur, M|
|poke|p2|Lapras, F|
|poke|p2|Blastoise, M|
|poke|p2|Snorlax, M|
|poke|p2|Clefable, M|
|teampreview
|inactive|Battle timer is ON: inactive players will automatically lose when time's up. (requested by Xeno1994)
|
|t:|1758949501
|teamsize|p1|6
|teamsize|p2|6
|start
|switch|p1a: Iron Valiant|Iron Valiant|100/100
|switch|p2a: Charizard|Charizard, F|100/100
|-enditem|p1a: Iron Valiant|Booster Energy
|-activate|p1a: Iron Valiant|ability: Quark Drive|[fromitem]
|-start|p1a: Iron Valiant|quarkdrivespe
|turn|1
|
|t:|1758949512
|move|p1a: Iron Valiant|Swords Dance|p1a: Iron Valiant
|-boost|p1a: Iron Valiant|atk|2
|move|p2a: Charizard|Air Slash|p1a: Iron Valiant
|-supereffective|p1a: Iron Valiant
|-damage|p1a: Iron Valiant|0 fnt
|faint|p1a: Iron Valiant
|-end|p1a: Iron Valiant|Quark Drive|[silent]
|
|upkeep
|
|t:|1758949522
|switch|p1a: Greninja|Greninja, M, shiny|100/100
|turn|2
|
|t:|1758949533
|switch|p2a: Lapras|Lapras, F|100/100
|move|p1a: Greninja|Dark Pulse|p2a: Lapras
|-start|p1a: Greninja|typechange|Dark|[from] ability: Protean
|-damage|p2a: Lapras|70/100
|
|upkeep
|turn|3
|
|t:|1758949548
|switch|p1a: Comfey|Comfey, F|100/100
|move|p2a: Lapras|Surf|p1a: Comfey
|-damage|p1a: Comfey|63/100
|
|upkeep
|turn|4
|
|t:|1758949570
|move|p1a: Comfey|Giga Drain|p2a: Lapras
|-supereffective|p2a: Lapras
|-damage|p2a: Lapras|35/100
|-heal|p1a: Comfey|89/100|[from] drain|[of] p2a: Lapras
|move|p2a: Lapras|Surf|p1a: Comfey
|-damage|p1a: Comfey|46/100
|
|upkeep
|turn|5
|
|t:|1758949578
|switch|p2a: Venusaur|Venusaur, M|100/100
|move|p1a: Comfey|Draining Kiss|p2a: Venusaur
|-resisted|p2a: Venusaur
|-damage|p2a: Venusaur|89/100
|-heal|p1a: Comfey|55/100|[from] drain|[of] p2a: Venusaur
|
|upkeep
|turn|6
|
|t:|1758949590
|switch|p2a: Snorlax|Snorlax, M|100/100
|switch|p1a: Iron Treads|Iron Treads|100/100
|
|upkeep
|turn|7
|
|t:|1758949599
|move|p1a: Iron Treads|Knock Off|p2a: Snorlax
|-damage|p2a: Snorlax|71/100
|-enditem|p2a: Snorlax|Custap Berry|[from] move: Knock Off|[of] p1a: Iron Treads
|move|p2a: Snorlax|Earthquake|p1a: Iron Treads
|-supereffective|p1a: Iron Treads
|-damage|p1a: Iron Treads|41/100
|
|-heal|p1a: Iron Treads|47/100|[from] item: Leftovers
|upkeep
|turn|8
|
|t:|1758949610
|move|p1a: Iron Treads|Stealth Rock|p2a: Snorlax
|-sidestart|p2: Yomoma’sash|move: Stealth Rock
|move|p2a: Snorlax|Earthquake|p1a: Iron Treads
|-supereffective|p1a: Iron Treads
|-damage|p1a: Iron Treads|0 fnt
|faint|p1a: Iron Treads
|-end|p1a: Iron Treads|Quark Drive|[silent]
|
|upkeep
|
|t:|1758949619
|switch|p1a: Cinderace|Cinderace, M|100/100
|turn|9
|
|t:|1758949623
|move|p1a: Cinderace|Pyro Ball|p2a: Snorlax|[miss]
|-miss|p1a: Cinderace|p2a: Snorlax
|move|p2a: Snorlax|Earthquake|p1a: Cinderace
|-supereffective|p1a: Cinderace
|-damage|p1a: Cinderace|7/100
|
|upkeep
|turn|10
|
|t:|1758949630
|move|p1a: Cinderace|Pyro Ball|p2a: Snorlax
|-damage|p2a: Snorlax|3/100
|-damage|p1a: Cinderace|0 fnt|[from] item: Life Orb
|faint|p1a: Cinderace
|move|p2a: Snorlax|Earthquake|p1: Cinderace|[notarget]
|-fail|p2a: Snorlax
|
|upkeep
|
|t:|1758949639
|switch|p1a: Comfey|Comfey, F|55/100
|turn|11
|
|t:|1758949643
|move|p1a: Comfey|Draining Kiss|p2a: Snorlax
|-damage|p2a: Snorlax|0 fnt
|-heal|p1a: Comfey|58/100|[from] drain|[of] p2a: Snorlax
|faint|p2a: Snorlax
|
|upkeep
|
|t:|1758949648
|switch|p2a: Venusaur|Venusaur, M|89/100
|-damage|p2a: Venusaur|77/100|[from] Stealth Rock
|turn|12
|
|t:|1758949655
|switch|p1a: Pecharunt|Pecharunt|100/100
|move|p2a: Venusaur|Sunny Day|p2a: Venusaur
|-weather|SunnyDay
|
|-weather|SunnyDay|[upkeep]
|upkeep
|turn|13
|
|t:|1758949665
|move|p2a: Venusaur|Weather Ball|p1a: Pecharunt
|-damage|p1a: Pecharunt|52/100
|move|p1a: Pecharunt|Malignant Chain|p2a: Venusaur
|-damage|p2a: Venusaur|40/100
|
|-weather|SunnyDay|[upkeep]
|-heal|p1a: Pecharunt|58/100|[from] item: Black Sludge
|upkeep
|turn|14
|
|t:|1758949676
|switch|p2a: Charizard|Charizard, F|100/100
|-damage|p2a: Charizard|51/100|[from] Stealth Rock
|move|p1a: Pecharunt|Malignant Chain|p2a: Charizard
|-damage|p2a: Charizard|6/100
|
|-weather|SunnyDay|[upkeep]
|-damage|p2a: Charizard|0 fnt|[from] ability: Solar Power|[of] p2a: Charizard
|faint|p2a: Charizard
|-heal|p1a: Pecharunt|64/100|[from] item: Black Sludge
|upkeep
|
|t:|1758949681
|switch|p2a: Blastoise|Blastoise, M|100/100
|-damage|p2a: Blastoise|88/100|[from] Stealth Rock
|turn|15
|
|t:|1758949693
|switch|p1a: Comfey|Comfey, F|58/100
|move|p2a: Blastoise|Shell Smash|p2a: Blastoise
|-unboost|p2a: Blastoise|def|1
|-unboost|p2a: Blastoise|spd|1
|-boost|p2a: Blastoise|atk|2
|-boost|p2a: Blastoise|spa|2
|-boost|p2a: Blastoise|spe|2
|-enditem|p2a: Blastoise|White Herb
|-clearnegativeboost|p2a: Blastoise|[silent]
|
|-weather|SunnyDay|[upkeep]
|upkeep
|turn|16
|
|t:|1758949705
|move|p1a: Comfey|Giga Drain|p2a: Blastoise
|-supereffective|p2a: Blastoise
|-damage|p2a: Blastoise|42/100
|-heal|p1a: Comfey|81/100|[from] drain|[of] p2a: Blastoise
|move|p2a: Blastoise|Ice Beam|p1a: Comfey
|-damage|p1a: Comfey|46/100
|
|-weather|SunnyDay|[upkeep]
|upkeep
|turn|17
|
|t:|1758949714
|move|p1a: Comfey|Giga Drain|p2a: Blastoise
|-supereffective|p2a: Blastoise
|-damage|p2a: Blastoise|0 fnt
|-heal|p1a: Comfey|66/100|[from] drain|[of] p2a: Blastoise
|faint|p2a: Blastoise
|
|-weather|SunnyDay|[upkeep]
|upkeep
|
|t:|1758949715
|switch|p2a: Venusaur|Venusaur, M|40/100
|-damage|p2a: Venusaur|28/100|[from] Stealth Rock
|turn|18
|
|t:|1758949725
|switch|p1a: Pecharunt|Pecharunt|64/100
|move|p2a: Venusaur|Sludge Bomb|p1a: Pecharunt
|-resisted|p1a: Pecharunt
|-damage|p1a: Pecharunt|53/100
|
|-weather|SunnyDay|[upkeep]
|-heal|p1a: Pecharunt|59/100|[from] item: Black Sludge
|upkeep
|turn|19
|
|t:|1758949736
|move|p2a: Venusaur|Weather Ball|p1a: Pecharunt
|-damage|p1a: Pecharunt|10/100
|move|p1a: Pecharunt|Recover|p1a: Pecharunt
|-heal|p1a: Pecharunt|60/100
|
|-weather|none
|-heal|p1a: Pecharunt|67/100|[from] item: Black Sludge
|upkeep
|turn|20
|
|t:|1758949746
|move|p2a: Venusaur|Giga Drain|p1a: Pecharunt
|-resisted|p1a: Pecharunt
|-damage|p1a: Pecharunt|47/100
|-heal|p2a: Venusaur|40/100|[from] drain|[of] p1a: Pecharunt
|move|p1a: Pecharunt|Shadow Ball|p2a: Venusaur
|-damage|p2a: Venusaur|10/100
|-unboost|p2a: Venusaur|spd|1
|
|-heal|p1a: Pecharunt|53/100|[from] item: Black Sludge
|upkeep
|turn|21
|
|t:|1758949757
|switch|p1a: Comfey|Comfey, F|66/100
|move|p2a: Venusaur|Sludge Bomb|p1a: Comfey
|-supereffective|p1a: Comfey
|-damage|p1a: Comfey|1/100
|-status|p1a: Comfey|psn
|
|-damage|p1a: Comfey|0 fnt|[from] psn
|faint|p1a: Comfey
|upkeep
|
|t:|1758949768
|switch|p1a: Greninja|Greninja, M, shiny|100/100
|turn|22
|
|t:|1758949782
|move|p1a: Greninja|Sludge Wave|p2a: Venusaur
|-start|p1a: Greninja|typechange|Poison|[from] ability: Protean
|-damage|p2a: Venusaur|0 fnt
|faint|p2a: Venusaur
|
|upkeep
|
|t:|1758949787
|switch|p2a: Lapras|Lapras, F|35/100
|-damage|p2a: Lapras|11/100|[from] Stealth Rock
|turn|23
|
|t:|1758949792
|move|p1a: Greninja|Sludge Wave|p2a: Lapras
|-damage|p2a: Lapras|0 fnt
|faint|p2a: Lapras
|
|upkeep
|
|t:|1758949794
|switch|p2a: Clefable|Clefable, M|100/100
|-damage|p2a: Clefable|88/100|[from] Stealth Rock
|turn|24
|
|t:|1758949800
|-terastallize|p2a: Clefable|Steel
|move|p1a: Greninja|Sludge Wave|p2a: Clefable
|-immune|p2a: Clefable
|move|p2a: Clefable|Cosmic Power|p2a: Clefable
|-boost|p2a: Clefable|def|1
|-boost|p2a: Clefable|spd|1
|
|-heal|p2a: Clefable|94/100|[from] item: Leftovers
|upkeep
|turn|25
|
|t:|1758949811
|switch|p1a: Pecharunt|Pecharunt|53/100
|move|p2a: Clefable|Cosmic Power|p2a: Clefable
|-boost|p2a: Clefable|def|1
|-boost|p2a: Clefable|spd|1
|
|-heal|p1a: Pecharunt|59/100|[from] item: Black Sludge
|-heal|p2a: Clefable|99/100|[from] item: Leftovers
|upkeep
|turn|26
|
|t:|1758949822
|move|p1a: Pecharunt|Parting Shot|p2a: Clefable
|-unboost|p2a: Clefable|atk|1
|-unboost|p2a: Clefable|spa|1
|
|t:|1758949826
|switch|p1a: Greninja|Greninja, M, shiny|100/100|[from] Parting Shot
|move|p2a: Clefable|Cosmic Power|p2a: Clefable
|-boost|p2a: Clefable|def|1
|-boost|p2a: Clefable|spd|1
|
|-heal|p2a: Clefable|100/100|[from] item: Leftovers
|upkeep
|turn|27
|
|t:|1758949843
|move|p1a: Greninja|Dark Pulse|p2a: Clefable
|-start|p1a: Greninja|typechange|Dark|[from] ability: Protean
|-damage|p2a: Clefable|87/100
|move|p2a: Clefable|Stored Power|p1a: Greninja
|-immune|p1a: Greninja
|
|-heal|p2a: Clefable|93/100|[from] item: Leftovers
|upkeep
|turn|28
|
|t:|1758949854
|move|p1a: Greninja|Dark Pulse|p2a: Clefable
|-damage|p2a: Clefable|79/100
|move|p2a: Clefable|Stored Power|p1a: Greninja
|-immune|p1a: Greninja
|
|-heal|p2a: Clefable|85/100|[from] item: Leftovers
|upkeep
|turn|29
|
|t:|1758949865
|move|p1a: Greninja|Ice Beam|p2a: Clefable
|-resisted|p2a: Clefable
|-damage|p2a: Clefable|79/100
|move|p2a: Clefable|Cosmic Power|p2a: Clefable
|-boost|p2a: Clefable|def|1
|-boost|p2a: Clefable|spd|1
|
|-heal|p2a: Clefable|85/100|[from] item: Leftovers
|upkeep
|turn|30
|
|t:|1758949875
|move|p1a: Greninja|Ice Beam|p2a: Clefable
|-resisted|p2a: Clefable
|-damage|p2a: Clefable|81/100
|move|p2a: Clefable|Stored Power|p1a: Greninja
|-immune|p1a: Greninja
|
|-heal|p2a: Clefable|87/100|[from] item: Leftovers
|upkeep
|turn|31
|
|t:|1758949884
|move|p1a: Greninja|Ice Beam|p2a: Clefable
|-resisted|p2a: Clefable
|-damage|p2a: Clefable|82/100
|move|p2a: Clefable|Cosmic Power|p2a: Clefable
|-boost|p2a: Clefable|def|1
|-boost|p2a: Clefable|spd|1
|
|-heal|p2a: Clefable|89/100|[from] item: Leftovers
|upkeep
|turn|32
|
|t:|1758949894
|move|p1a: Greninja|Ice Beam|p2a: Clefable
|-resisted|p2a: Clefable
|-damage|p2a: Clefable|85/100
|move|p2a: Clefable|Cosmic Power|p2a: Clefable
|-boost|p2a: Clefable|def|1
|-boost|p2a: Clefable|spd|1
|
|-heal|p2a: Clefable|91/100|[from] item: Leftovers
|upkeep
|turn|33
|
|t:|1758949904
|move|p1a: Greninja|Ice Beam|p2a: Clefable
|-resisted|p2a: Clefable
|-damage|p2a: Clefable|87/100
|move|p2a: Clefable|Moonblast|p1a: Greninja
|-supereffective|p1a: Greninja
|-damage|p1a: Greninja|35/100
|
|-heal|p2a: Clefable|93/100|[from] item: Leftovers
|upkeep
|turn|34
|-message|Xeno1994 forfeited.
|
|win|Yomoma’sash
|raw|Xeno1994's rating: 1330 &rarr; <strong>1312</strong><br />(-18 for losing)
|raw|Yomoma’sash's rating: 1360 &rarr; <strong>1378</strong><br />(+18 for winning)
|l|☆Xeno1994
|player|p1|
