|j|☆malpicatepica
|j|☆Qazxcdewsf
|t:|1759053447
|gametype|singles
|player|p1|malpicatepica|266|1429
|player|p2|Qazxcdewsf|170|1518
|gen|9
|tier|[Gen 9] OU
|rated|
|rule|HP Percentage Mod: HP is shown in percentages
|rule|Endless Battle Clause: Forcing endless battles is banned
|rule|Species Clause: Limit one of each Pokémon
|rule|OHKO Clause: OHKO moves are banned
|rule|Evasion Items Clause: Evasion items are banned
|rule|Evasion Moves Clause: Evasion moves are banned
|rule|Evasion Abilities Clause: Evasion abilities are banned
|rule|Sleep Moves Clause: Sleep-inducing moves are banned
|clearpoke
|poke|p1|Great Tusk|
|poke|p1|Muk-Alola, M|
|poke|p1|Clefable, M|
|poke|p1|Kyurem|
|poke|p1|Landorus-Therian, M|
|poke|p1|Slowking-Galar, F|
|poke|p2|Gliscor, M|
|poke|p2|Moltres|
|poke|p2|Scizor, F|
|poke|p2|Darkrai|
|poke|p2|Latios, M|
|poke|p2|Alomomola, M|
|teampreview
|
|t:|1759053462
|teamsize|p1|6
|teamsize|p2|6
|start
|switch|p1a: Clefable|Clefable, M|100/100
|switch|p2a: Moltres|Moltres|100/100
|turn|1
|inactive|Battle timer is ON: inactive players will automatically lose when time's up. (requested by Qazxcdewsf)
|
|t:|1759053476
|move|p1a: Clefable|Trick|p2a: Moltres
|-activate|p1a: Clefable|move: Trick|[of] p2a: Moltres
|-item|p2a: Moltres|Choice Scarf|[from] move: Trick
|-item|p1a: Clefable|Heavy-Duty Boots|[from] move: Trick
|move|p2a: Moltres|U-turn|p1a: Clefable
|-resisted|p1a: Clefable
|-damage|p1a: Clefable|91/100
|
|t:|1759053484
|switch|p2a: Gliscor|Gliscor, M|100/100|[from] U-turn
|
|-status|p2a: Gliscor|tox|[from] item: Toxic Orb
|upkeep
|turn|2
|
|t:|1759053499
|switch|p1a: Landorus|Landorus-Therian, M|100/100
|-ability|p1a: Landorus|Intimidate|boost
|-unboost|p2a: Gliscor|atk|1
|move|p2a: Gliscor|Swords Dance|p2a: Gliscor
|-boost|p2a: Gliscor|atk|2
|
|upkeep
|turn|3
|
|t:|1759053507
|move|p1a: Landorus|Taunt|p2a: Gliscor
|-start|p2a: Gliscor|move: Taunt
|cant|p2a: Gliscor|move: Taunt|Toxic Spikes
|
|upkeep
|turn|4
|
|t:|1759053519
|move|p1a: Landorus|Stealth Rock|p2a: Gliscor
|-sidestart|p2: Qazxcdewsf|move: Stealth Rock
|move|p2a: Gliscor|Earthquake|p1a: Landorus
|-immune|p1a: Landorus
|
|upkeep
|turn|5
|
|t:|1759053531
|move|p1a: Landorus|Earthquake|p2a: Gliscor
|-immune|p2a: Gliscor
|move|p2a: Gliscor|Earthquake|p1a: Landorus
|-immune|p1a: Landorus
|
|-end|p2a: Gliscor|move: Taunt
|upkeep
|turn|6
|
|t:|1759053536
|switch|p2a: Darkrai|Darkrai|100/100
|move|p1a: Landorus|Taunt|p2a: Darkrai
|-start|p2a: Darkrai|move: Taunt
|
|upkeep
|turn|7
|
|t:|1759053548
|switch|p1a: Muk|Muk-Alola, M|100/100
|move|p2a: Darkrai|Ice Beam|p1a: Muk
|-damage|p1a: Muk|86/100
|-status|p1a: Muk|frz
|
|upkeep
|turn|8
|
|t:|1759053560
|switch|p2a: Gliscor|Gliscor, M|100/100 tox
|-damage|p2a: Gliscor|88/100 tox|[from] Stealth Rock
|-curestatus|p1a: Muk|frz|[msg]
|move|p1a: Muk|Drain Punch|p2a: Gliscor
|-resisted|p2a: Gliscor
|-damage|p2a: Gliscor|80/100 tox
|-heal|p1a: Muk|89/100|[from] drain|[of] p2a: Gliscor
|
|-heal|p2a: Gliscor|93/100 tox|[from] ability: Poison Heal
|upkeep
|turn|9
|
|t:|1759053567
|switch|p1a: Kyurem|Kyurem|100/100
|-ability|p1a: Kyurem|Pressure
|move|p2a: Gliscor|Toxic Spikes|p1a: Kyurem
|-sidestart|p1: malpicatepica|move: Toxic Spikes
|
|-heal|p2a: Gliscor|100/100 tox|[from] ability: Poison Heal
|upkeep
|turn|10
|
|t:|1759053572
|switch|p2a: Moltres|Moltres|100/100
|-damage|p2a: Moltres|51/100|[from] Stealth Rock
|move|p1a: Kyurem|Freeze-Dry|p2a: Moltres
|-damage|p2a: Moltres|23/100
|
|upkeep
|turn|11
|
|t:|1759053579
|move|p2a: Moltres|Roost|p2a: Moltres
|-heal|p2a: Moltres|73/100
|-singleturn|p2a: Moltres|move: Roost
|move|p1a: Kyurem|Freeze-Dry|p2a: Moltres
|-resisted|p2a: Moltres
|-damage|p2a: Moltres|61/100
|
|upkeep
|turn|12
|
|t:|1759053586
|move|p2a: Moltres|Roost|p2a: Moltres
|-heal|p2a: Moltres|100/100
|-singleturn|p2a: Moltres|move: Roost
|move|p1a: Kyurem|Earth Power|p2a: Moltres
|-supereffective|p2a: Moltres
|-damage|p2a: Moltres|52/100
|
|upkeep
|turn|13
|
|t:|1759053592
|move|p2a: Moltres|Roost|p2a: Moltres
|-heal|p2a: Moltres|100/100
|-singleturn|p2a: Moltres|move: Roost
|move|p1a: Kyurem|Earth Power|p2a: Moltres
|-supereffective|p2a: Moltres
|-damage|p2a: Moltres|52/100
|
|upkeep
|turn|14
|
|t:|1759053598
|move|p2a: Moltres|Roost|p2a: Moltres
|-heal|p2a: Moltres|100/100
|-singleturn|p2a: Moltres|move: Roost
|move|p1a: Kyurem|Earth Power|p2a: Moltres
|-supereffective|p2a: Moltres
|-damage|p2a: Moltres|53/100
|
|upkeep
|turn|15
|
|t:|1759053603
|switch|p2a: Latios|Latios, M|100/100
|-damage|p2a: Latios|88/100|[from] Stealth Rock
|move|p1a: Kyurem|Earth Power|p2a: Latios
|-immune|p2a: Latios|[from] ability: Levitate
|
|-heal|p2a: Latios|94/100|[from] item: Leftovers
|upkeep
|turn|16
|
|t:|1759053618
|switch|p1a: Muk|Muk-Alola, M|89/100
|-sideend|p1: malpicatepica|move: Toxic Spikes|[of] p1a: Muk
|move|p2a: Latios|Calm Mind|p2a: Latios
|-boost|p2a: Latios|spa|1
|-boost|p2a: Latios|spd|1
|
|-heal|p2a: Latios|99/100|[from] item: Leftovers
|upkeep
|turn|17
|
|t:|1759053629
|-terastallize|p2a: Latios|Steel
|move|p2a: Latios|Calm Mind|p2a: Latios
|-boost|p2a: Latios|spa|1
|-boost|p2a: Latios|spd|1
|move|p1a: Muk|Knock Off|p2a: Latios
|-damage|p2a: Latios|69/100
|-enditem|p2a: Latios|Leftovers|[from] move: Knock Off|[of] p1a: Muk
|
|upkeep
|turn|18
|
|t:|1759053642
|move|p2a: Latios|Calm Mind|p2a: Latios
|-boost|p2a: Latios|spa|1
|-boost|p2a: Latios|spd|1
|move|p1a: Muk|Drain Punch|p2a: Latios
|-supereffective|p2a: Latios
|-damage|p2a: Latios|37/100
|-heal|p1a: Muk|100/100|[from] drain|[of] p2a: Latios
|
|upkeep
|turn|19
|
|t:|1759053648
|move|p2a: Latios|Recover|p2a: Latios
|-heal|p2a: Latios|87/100
|move|p1a: Muk|Drain Punch|p2a: Latios
|-supereffective|p2a: Latios
|-damage|p2a: Latios|57/100
|
|upkeep
|turn|20
|
|t:|1759053653
|move|p2a: Latios|Recover|p2a: Latios
|-heal|p2a: Latios|100/100
|move|p1a: Muk|Drain Punch|p2a: Latios
|-supereffective|p2a: Latios
|-damage|p2a: Latios|69/100
|
|upkeep
|turn|21
|
|t:|1759053659
|move|p2a: Latios|Calm Mind|p2a: Latios
|-boost|p2a: Latios|spa|1
|-boost|p2a: Latios|spd|1
|move|p1a: Muk|Drain Punch|p2a: Latios
|-supereffective|p2a: Latios
|-damage|p2a: Latios|36/100
|
|upkeep
|turn|22
|
|t:|1759053664
|switch|p1a: Clefable|Clefable, M|91/100
|move|p2a: Latios|Recover|p2a: Latios
|-heal|p2a: Latios|86/100
|
|upkeep
|turn|23
|
|t:|1759053668
|move|p2a: Latios|Stored Power|p1a: Clefable
|-damage|p1a: Clefable|0 fnt
|faint|p1a: Clefable
|
|upkeep
|
|t:|1759053672
|switch|p1a: Muk|Muk-Alola, M|100/100
|turn|24
|
|t:|1759053680
|move|p2a: Latios|Calm Mind|p2a: Latios
|-boost|p2a: Latios|spa|1
|-boost|p2a: Latios|spd|1
|move|p1a: Muk|Drain Punch|p2a: Latios
|-supereffective|p2a: Latios
|-damage|p2a: Latios|54/100
|
|upkeep
|turn|25
|
|t:|1759053686
|move|p2a: Latios|Recover|p2a: Latios
|-heal|p2a: Latios|100/100
|move|p1a: Muk|Drain Punch|p2a: Latios
|-supereffective|p2a: Latios
|-damage|p2a: Latios|72/100
|
|upkeep
|turn|26
|
|t:|1759053691
|move|p2a: Latios|Aura Sphere|p1a: Muk
|-damage|p1a: Muk|63/100
|move|p1a: Muk|Drain Punch|p2a: Latios
|-supereffective|p2a: Latios
|-damage|p2a: Latios|43/100
|-heal|p1a: Muk|75/100|[from] drain|[of] p2a: Latios
|
|upkeep
|turn|27
|
|t:|1759053697
|move|p2a: Latios|Recover|p2a: Latios
|-heal|p2a: Latios|93/100
|move|p1a: Muk|Drain Punch|p2a: Latios
|-supereffective|p2a: Latios
|-damage|p2a: Latios|61/100
|-heal|p1a: Muk|89/100|[from] drain|[of] p2a: Latios
|
|upkeep
|turn|28
|
|t:|1759053703
|move|p2a: Latios|Calm Mind|p2a: Latios
|-boost|p2a: Latios|spa|1
|-boost|p2a: Latios|spd|1
|move|p1a: Muk|Drain Punch|p2a: Latios
|-supereffective|p2a: Latios
|-damage|p2a: Latios|32/100
|-heal|p1a: Muk|100/100|[from] drain|[of] p2a: Latios
|
|upkeep
|turn|29
|
|t:|1759053707
|move|p2a: Latios|Recover|p2a: Latios
|-heal|p2a: Latios|82/100
|move|p1a: Muk|Knock Off|p2a: Latios
|-damage|p2a: Latios|61/100
|
|upkeep
|turn|30
|
|t:|1759053711
|move|p2a: Latios|Aura Sphere|p1a: Muk
|-damage|p1a: Muk|60/100
|move|p1a: Muk|Drain Punch|p2a: Latios
|-supereffective|p2a: Latios
|-crit|p2a: Latios
|-damage|p2a: Latios|17/100
|-heal|p1a: Muk|79/100|[from] drain|[of] p2a: Latios
|
|upkeep
|turn|31
|
|t:|1759053716
|move|p2a: Latios|Recover|p2a: Latios
|-heal|p2a: Latios|67/100
|move|p1a: Muk|Drain Punch|p2a: Latios
|-supereffective|p2a: Latios
|-damage|p2a: Latios|34/100
|-heal|p1a: Muk|93/100|[from] drain|[of] p2a: Latios
|
|upkeep
|turn|32
|
|t:|1759053718
|move|p2a: Latios|Recover|p2a: Latios
|-heal|p2a: Latios|84/100
|move|p1a: Muk|Drain Punch|p2a: Latios
|-supereffective|p2a: Latios
|-damage|p2a: Latios|54/100
|-heal|p1a: Muk|100/100|[from] drain|[of] p2a: Latios
|
|upkeep
|turn|33
|
|t:|1759053721
|move|p2a: Latios|Aura Sphere|p1a: Muk
|-damage|p1a: Muk|60/100
|move|p1a: Muk|Drain Punch|p2a: Latios
|-supereffective|p2a: Latios
|-damage|p2a: Latios|24/100
|-heal|p1a: Muk|73/100|[from] drain|[of] p2a: Latios
|
|upkeep
|turn|34
|
|t:|1759053724
|move|p2a: Latios|Aura Sphere|p1a: Muk
|-damage|p1a: Muk|35/100
|move|p1a: Muk|Drain Punch|p2a: Latios
|-supereffective|p2a: Latios
|-damage|p2a: Latios|0 fnt
|-heal|p1a: Muk|46/100|[from] drain|[of] p2a: Latios
|faint|p2a: Latios
|
|upkeep
|
|t:|1759053731
|switch|p2a: Gliscor|Gliscor, M|100/100 tox
|-damage|p2a: Gliscor|88/100 tox|[from] Stealth Rock
|turn|35
|
|t:|1759053744
|switch|p1a: Kyurem|Kyurem|100/100
|-ability|p1a: Kyurem|Pressure
|move|p2a: Gliscor|Stealth Rock|p1a: Kyurem
|-sidestart|p1: malpicatepica|move: Stealth Rock
|
|-heal|p2a: Gliscor|100/100 tox|[from] ability: Poison Heal
|upkeep
|turn|36
|
|t:|1759053749
|switch|p2a: Moltres|Moltres|53/100
|-damage|p2a: Moltres|3/100|[from] Stealth Rock
|move|p1a: Kyurem|Freeze-Dry|p2a: Moltres
|-damage|p2a: Moltres|0 fnt
|faint|p2a: Moltres
|
|upkeep
|
|t:|1759053756
|switch|p2a: Scizor|Scizor, F|100/100
|-damage|p2a: Scizor|88/100|[from] Stealth Rock
|turn|37
|
|t:|1759053758
|switch|p1a: Landorus|Landorus-Therian, M|100/100
|-damage|p1a: Landorus|88/100|[from] Stealth Rock
|-ability|p1a: Landorus|Intimidate|boost
|-unboost|p2a: Scizor|atk|1
|move|p2a: Scizor|Bullet Punch|p1a: Landorus
|-damage|p1a: Landorus|60/100
|-damage|p2a: Scizor|72/100|[from] item: Rocky Helmet|[of] p1a: Landorus
|
|upkeep
|turn|38
|
|t:|1759053769
|switch|p2a: Alomomola|Alomomola, M|100/100
|-damage|p2a: Alomomola|88/100|[from] Stealth Rock
|move|p1a: Landorus|U-turn|p2a: Alomomola
|-damage|p2a: Alomomola|76/100
|
|t:|1759053775
|switch|p1a: Kyurem|Kyurem|100/100|[from] U-turn
|-ability|p1a: Kyurem|Pressure
|
|-heal|p2a: Alomomola|82/100|[from] item: Leftovers
|upkeep
|turn|39
|
|t:|1759053788
|-terastallize|p1a: Kyurem|Ice
|move|p1a: Kyurem|Freeze-Dry|p2a: Alomomola
|-supereffective|p2a: Alomomola
|-damage|p2a: Alomomola|0 fnt
|faint|p2a: Alomomola
|
|upkeep
|
|t:|1759053798
|switch|p2a: Scizor|Scizor, F|72/100
|-damage|p2a: Scizor|59/100|[from] Stealth Rock
|turn|40
|
|t:|1759053803
|switch|p1a: Landorus|Landorus-Therian, M|60/100
|-damage|p1a: Landorus|48/100|[from] Stealth Rock
|-ability|p1a: Landorus|Intimidate|boost
|-unboost|p2a: Scizor|atk|1
|move|p2a: Scizor|Bullet Punch|p1a: Landorus
|-damage|p1a: Landorus|19/100
|-damage|p2a: Scizor|43/100|[from] item: Rocky Helmet|[of] p1a: Landorus
|
|upkeep
|turn|41
|
|t:|1759053810
|move|p2a: Scizor|Bullet Punch|p1a: Landorus
|-damage|p1a: Landorus|0 fnt
|-damage|p2a: Scizor|26/100|[from] item: Rocky Helmet|[of] p1a: Landorus
|faint|p1a: Landorus
|
|upkeep
|
|t:|1759053812
|switch|p1a: Great Tusk|Great Tusk|100/100
|turn|42
|
|t:|1759053815
|switch|p2a: Gliscor|Gliscor, M|100/100 tox
|-damage|p2a: Gliscor|88/100 tox|[from] Stealth Rock
|move|p1a: Great Tusk|Rapid Spin|p2a: Gliscor
|-damage|p2a: Gliscor|77/100 tox
|-boost|p1a: Great Tusk|spe|1
|-sideend|p1: malpicatepica|Stealth Rock|[from] move: Rapid Spin|[of] p1a: Great Tusk
|
|-heal|p2a: Gliscor|89/100 tox|[from] ability: Poison Heal
|upkeep
|turn|43
|
|t:|1759053821
|move|p1a: Great Tusk|Ice Spinner|p2a: Gliscor
|-supereffective|p2a: Gliscor
|-damage|p2a: Gliscor|17/100 tox
|move|p2a: Gliscor|Earthquake|p1a: Great Tusk
|-damage|p1a: Great Tusk|77/100
|
|-heal|p2a: Gliscor|29/100 tox|[from] ability: Poison Heal
|upkeep
|turn|44
|
|t:|1759053830
|move|p1a: Great Tusk|Ice Spinner|p2a: Gliscor
|-supereffective|p2a: Gliscor
|-damage|p2a: Gliscor|0 fnt
|faint|p2a: Gliscor
|
|upkeep
|
|t:|1759053832
|switch|p2a: Darkrai|Darkrai|100/100
|turn|45
|
|t:|1759053836
|-end|p1a: Great Tusk|Protosynthesis|[silent]
|switch|p1a: Muk|Muk-Alola, M|46/100
|move|p2a: Darkrai|Ice Beam|p1a: Muk
|-damage|p1a: Muk|30/100
|
|upkeep
|turn|46
|
|t:|1759053862
|move|p2a: Darkrai|Will-O-Wisp|p1a: Muk|[miss]
|-miss|p2a: Darkrai|p1a: Muk
|move|p1a: Muk|Drain Punch|p2a: Darkrai
|-supereffective|p2a: Darkrai
|-damage|p2a: Darkrai|52/100
|-heal|p1a: Muk|47/100|[from] drain|[of] p2a: Darkrai
|
|upkeep
|turn|47
|
|t:|1759053865
|move|p2a: Darkrai|Will-O-Wisp|p1a: Muk|[miss]
|-miss|p2a: Darkrai|p1a: Muk
|move|p1a: Muk|Poison Jab|p2a: Darkrai
|-damage|p2a: Darkrai|10/100
|
|upkeep
|turn|48
|-message|Qazxcdewsf forfeited.
|
|win|malpicatepica
|raw|malpicatepica's rating: 1444 &rarr; <strong>1468</strong><br />(+24 for winning)
|raw|Qazxcdewsf's rating: 1518 &rarr; <strong>1494</strong><br />(-24 for losing)
|l|☆Qazxcdewsf
|player|p2|
|l|☆malpicatepica
|player|p1|
