|j|☆victory 4 u
|j|☆ayyyyyyuhsucconme
|t:|1759012679
|gametype|singles
|player|p1|victory 4 u|266|1108
|player|p2|ayyyyyyuhsucconme|linebacker|1147
|gen|9
|tier|[Gen 9] OU
|rated|
|rule|HP Percentage Mod: HP is shown in percentages
|rule|Endless Battle Clause: Forcing endless battles is banned
|rule|Species Clause: Limit one of each Pokémon
|rule|OHKO Clause: OHKO moves are banned
|rule|Evasion Items Clause: Evasion items are banned
|rule|Evasion Moves Clause: Evasion moves are banned
|rule|Evasion Abilities Clause: Evasion abilities are banned
|rule|Sleep Moves Clause: Sleep-inducing moves are banned
|clearpoke
|poke|p1|Typhlosion, F|
|poke|p1|Basculegion-F, F|
|poke|p1|Meowstic, M|
|poke|p1|Tentacruel, M|
|poke|p1|Ting-Lu|
|poke|p1|Ogerpon, F|
|poke|p2|Quaquaval, F|
|poke|p2|Heatran, M|
|poke|p2|Zoroark, M|
|poke|p2|Hydrapple, F|
|poke|p2|Landorus-Therian, M|
|poke|p2|Weezing-Galar, M|
|teampreview
|
|t:|1759012691
|teamsize|p1|6
|teamsize|p2|6
|start
|switch|p1a: Lostelle II|Typhlosion, F|100/100
|switch|p2a: Quaquaval|Quaquaval, F, shiny|100/100
|turn|1
|
|t:|1759012696
|move|p2a: Quaquaval|Trick|p1a: Lostelle II
|-activate|p2a: Quaquaval|move: Trick|[of] p1a: Lostelle II
|-item|p1a: Lostelle II|Choice Scarf|[from] move: Trick
|-item|p2a: Quaquaval|Choice Specs|[from] move: Trick
|move|p1a: Lostelle II|Will-O-Wisp|p2a: Quaquaval
|-status|p2a: Quaquaval|brn
|
|-damage|p2a: Quaquaval|94/100 brn|[from] brn
|upkeep
|turn|2
|
|t:|1759012707
|move|p1a: Lostelle II|Will-O-Wisp|p2a: Quaquaval
|-fail|p2a: Quaquaval|brn
|move|p2a: Quaquaval|Knock Off|p1a: Lostelle II
|-damage|p1a: Lostelle II|80/100
|-enditem|p1a: Lostelle II|Choice Scarf|[from] move: Knock Off|[of] p2a: Quaquaval
|
|-damage|p2a: Quaquaval|88/100 brn|[from] brn
|upkeep
|turn|3
|
|t:|1759012715
|switch|p2a: Heatran|Heatran, M, shiny|100/100
|move|p1a: Lostelle II|Focus Blast|p2a: Heatran
|-supereffective|p2a: Heatran
|-damage|p2a: Heatran|63/100
|
|-heal|p2a: Heatran|69/100|[from] item: Leftovers
|upkeep
|turn|4
|
|t:|1759012724
|switch|p1a: Hero|Tentacruel, M|100/100
|move|p2a: Heatran|Magma Storm|p1a: Hero
|-resisted|p1a: Hero
|-damage|p1a: Hero|86/100
|-activate|p1a: Hero|move: Magma Storm|[of] p2a: Heatran
|
|-heal|p1a: Hero|92/100|[from] item: Leftovers
|-heal|p2a: Heatran|76/100|[from] item: Leftovers
|-damage|p1a: Hero|80/100|[from] move: Magma Storm|[partiallytrapped]
|upkeep
|turn|5
|
|t:|1759012735
|move|p2a: Heatran|Protect|p2a: Heatran
|-singleturn|p2a: Heatran|Protect
|move|p1a: Hero|Knock Off|p2a: Heatran
|-activate|p2a: Heatran|move: Protect
|
|-heal|p1a: Hero|86/100|[from] item: Leftovers
|-heal|p2a: Heatran|82/100|[from] item: Leftovers
|-damage|p1a: Hero|74/100|[from] move: Magma Storm|[partiallytrapped]
|upkeep
|turn|6
|
|t:|1759012744
|switch|p2a: Landorus|Landorus-Therian, M|100/100
|-ability|p2a: Landorus|Intimidate|boost
|-fail|p1a: Hero|unboost|[from] ability: Clear Body|[of] p1a: Hero
|move|p1a: Hero|Rapid Spin|p2a: Landorus
|-damage|p2a: Landorus|93/100
|-boost|p1a: Hero|spe|1
|-end|p1a: Hero|Magma Storm|[partiallytrapped]
|
|-heal|p1a: Hero|80/100|[from] item: Leftovers
|-heal|p2a: Landorus|99/100|[from] item: Leftovers
|upkeep
|turn|7
|
|t:|1759012753
|move|p1a: Hero|Surf|p2a: Landorus
|-supereffective|p2a: Landorus
|-damage|p2a: Landorus|48/100
|move|p2a: Landorus|Earthquake|p1a: Hero
|-supereffective|p1a: Hero
|-damage|p1a: Hero|0 fnt
|faint|p1a: Hero
|
|-heal|p2a: Landorus|54/100|[from] item: Leftovers
|upkeep
|
|t:|1759012778
|switch|p1a: Lostelle II|Typhlosion, F|80/100
|turn|8
|
|t:|1759012799
|move|p1a: Lostelle II|Will-O-Wisp|p2a: Landorus
|-status|p2a: Landorus|brn
|move|p2a: Landorus|Earthquake|p1a: Lostelle II
|-supereffective|p1a: Lostelle II
|-damage|p1a: Lostelle II|18/100
|
|-heal|p2a: Landorus|60/100 brn|[from] item: Leftovers
|-damage|p2a: Landorus|54/100 brn|[from] brn
|upkeep
|turn|9
|
|t:|1759012807
|move|p1a: Lostelle II|Flamethrower|p2a: Landorus
|-damage|p2a: Landorus|20/100 brn
|move|p2a: Landorus|Stealth Rock|p1a: Lostelle II
|-sidestart|p1: victory 4 u|move: Stealth Rock
|
|-heal|p2a: Landorus|26/100 brn|[from] item: Leftovers
|-damage|p2a: Landorus|20/100 brn|[from] brn
|upkeep
|turn|10
|
|t:|1759012816
|switch|p2a: Heatran|Heatran, M, shiny|82/100
|move|p1a: Lostelle II|Focus Blast|p2a: Heatran
|-supereffective|p2a: Heatran
|-damage|p2a: Heatran|44/100
|
|-heal|p2a: Heatran|50/100|[from] item: Leftovers
|upkeep
|turn|11
|
|t:|1759012824
|move|p1a: Lostelle II|Focus Blast|p2a: Heatran
|-supereffective|p2a: Heatran
|-damage|p2a: Heatran|13/100
|move|p2a: Heatran|Magma Storm|p1a: Lostelle II
|-start|p1a: Lostelle II|ability: Flash Fire
|
|-heal|p2a: Heatran|19/100|[from] item: Leftovers
|upkeep
|turn|12
|-message|ayyyyyyuhsucconme forfeited.
|
|win|victory 4 u
|raw|victory 4 u's rating: 1126 &rarr; <strong>1153</strong><br />(+27 for winning)
|raw|ayyyyyyuhsucconme's rating: 1147 &rarr; <strong>1120</strong><br />(-27 for losing)
|l|☆ayyyyyyuhsucconme
|player|p2|
|c|☆victory 4 u|gg
