|j|☆Yourragez
|j|☆nglimfaded
|t:|1758959337
|gametype|singles
|player|p1|Yourragez|266|1360
|player|p2|nglimfaded|miku-grass|1377
|gen|9
|tier|[Gen 9] OU
|rated|
|rule|HP Percentage Mod: HP is shown in percentages
|rule|Endless Battle Clause: Forcing endless battles is banned
|rule|Species Clause: Limit one of each Pokémon
|rule|OHKO Clause: OHKO moves are banned
|rule|Evasion Items Clause: Evasion items are banned
|rule|Evasion Moves Clause: Evasion moves are banned
|rule|Evasion Abilities Clause: Evasion abilities are banned
|rule|Sleep Moves Clause: Sleep-inducing moves are banned
|clearpoke
|poke|p1|Slowking-Galar, M|
|poke|p1|Scizor, M|
|poke|p1|Moltres|
|poke|p1|Meowscarada, F|
|poke|p1|Raging Bolt|
|poke|p1|Great Tusk|
|poke|p2|Skeledirge, M|
|poke|p2|Ogerpon, F|
|poke|p2|Corviknight, F|
|poke|p2|Weezing-Galar, F|
|poke|p2|Keldeo-Resolute|
|poke|p2|Ting-Lu|
|teampreview
|
|t:|1758959357
|teamsize|p1|6
|teamsize|p2|6
|start
|switch|p1a: Meowscarada|Meowscarada, F|100/100
|switch|p2a: Keldeo|Keldeo-Resolute|100/100
|turn|1
|
|t:|1758959361
|switch|p2a: Weezing|Weezing-Galar, F|100/100
|-ability|p2a: Weezing|Neutralizing Gas
|move|p1a: Meowscarada|Flower Trick|p2a: Weezing
|-resisted|p2a: Weezing
|-crit|p2a: Weezing
|-damage|p2a: Weezing|84/100
|
|upkeep
|turn|2
|
|t:|1758959366
|switch|p1a: Slowking|Slowking-Galar, M|100/100
|move|p2a: Weezing|Will-O-Wisp|p1a: Slowking
|-status|p1a: Slowking|brn
|
|-damage|p1a: Slowking|94/100 brn|[from] brn
|upkeep
|turn|3
|inactive|Battle timer is ON: inactive players will automatically lose when time's up. (requested by Yourragez)
|
|t:|1758959372
|-end|p2a: Weezing|ability: Neutralizing Gas
|switch|p2a: Corviknight|Corviknight, F|100/100
|-ability|p2a: Corviknight|Pressure
|move|p1a: Slowking|Future Sight|p2a: Corviknight
|-start|p1a: Slowking|move: Future Sight
|
|-damage|p1a: Slowking|88/100 brn|[from] brn
|upkeep
|turn|4
|
|t:|1758959377
|move|p2a: Corviknight|Bulk Up|p2a: Corviknight
|-boost|p2a: Corviknight|atk|1
|-boost|p2a: Corviknight|def|1
|-prepare|p1a: Slowking|Chilly Reception|[premajor]
|move|p1a: Slowking|Chilly Reception|p1a: Slowking
|-weather|Snowscape
|
|t:|1758959382
|switch|p1a: Moltres|Moltres|100/100|[from] Chilly Reception
|
|-weather|Snowscape|[upkeep]
|upkeep
|turn|5
|
|t:|1758959386
|switch|p2a: Ting-Lu|Ting-Lu|100/100
|-ability|p2a: Ting-Lu|Vessel of Ruin
|move|p1a: Moltres|Flamethrower|p2a: Ting-Lu
|-damage|p2a: Ting-Lu|85/100
|
|-weather|Snowscape|[upkeep]
|-end|p2a: Ting-Lu|move: Future Sight
|-immune|p2a: Ting-Lu
|-heal|p2a: Ting-Lu|91/100|[from] item: Leftovers
|upkeep
|turn|6
|
|t:|1758959389
|move|p1a: Moltres|Will-O-Wisp|p2a: Ting-Lu|[miss]
|-miss|p1a: Moltres|p2a: Ting-Lu
|move|p2a: Ting-Lu|Stealth Rock|p1a: Moltres
|-sidestart|p1: Yourragez|move: Stealth Rock
|
|-weather|Snowscape|[upkeep]
|-heal|p2a: Ting-Lu|97/100|[from] item: Leftovers
|upkeep
|turn|7
|
|t:|1758959393
|switch|p2a: Skeledirge|Skeledirge, M|100/100
|move|p1a: Moltres|U-turn|p2a: Skeledirge
|-resisted|p2a: Skeledirge
|-damage|p2a: Skeledirge|98/100
|
|t:|1758959400
|switch|p1a: Raging Bolt|Raging Bolt|100/100|[from] U-turn
|-damage|p1a: Raging Bolt|88/100|[from] Stealth Rock
|
|-weather|Snowscape|[upkeep]
|upkeep
|turn|8
|
|t:|1758959406
|move|p1a: Raging Bolt|Draco Meteor|p2a: Skeledirge
|-damage|p2a: Skeledirge|0 fnt
|-unboost|p1a: Raging Bolt|spa|2
|faint|p2a: Skeledirge
|
|-weather|none
|upkeep
|
|t:|1758959410
|switch|p2a: Ogerpon|Ogerpon, F|100/100
|turn|9
|
|t:|1758959414
|-end|p1a: Raging Bolt|Protosynthesis|[silent]
|switch|p1a: Moltres|Moltres|100/100
|move|p2a: Ogerpon|Rock Tomb|p1a: Moltres
|-supereffective|p1a: Moltres
|-damage|p1a: Moltres|23/100
|-unboost|p1a: Moltres|spe|1
|
|upkeep
|turn|10
|
|t:|1758959422
|switch|p1a: Great Tusk|Great Tusk|100/100
|move|p2a: Ogerpon|Rock Tomb|p1a: Great Tusk
|-resisted|p1a: Great Tusk
|-damage|p1a: Great Tusk|95/100
|-unboost|p1a: Great Tusk|spe|1
|
|upkeep
|turn|11
|
|t:|1758959427
|switch|p2a: Corviknight|Corviknight, F|100/100
|-ability|p2a: Corviknight|Pressure
|move|p1a: Great Tusk|Rapid Spin|p2a: Corviknight
|-resisted|p2a: Corviknight
|-damage|p2a: Corviknight|93/100
|-boost|p1a: Great Tusk|spe|1
|-sideend|p1: Yourragez|Stealth Rock|[from] move: Rapid Spin|[of] p1a: Great Tusk
|
|upkeep
|turn|12
|
|t:|1758959430
|-end|p1a: Great Tusk|Protosynthesis|[silent]
|switch|p1a: Moltres|Moltres|23/100
|move|p2a: Corviknight|Bulk Up|p2a: Corviknight
|-boost|p2a: Corviknight|atk|1
|-boost|p2a: Corviknight|def|1
|
|upkeep
|turn|13
|
|t:|1758959434
|switch|p2a: Ting-Lu|Ting-Lu|97/100
|-ability|p2a: Ting-Lu|Vessel of Ruin
|move|p1a: Moltres|Roost|p1a: Moltres
|-heal|p1a: Moltres|73/100
|-singleturn|p1a: Moltres|move: Roost
|
|-heal|p2a: Ting-Lu|100/100|[from] item: Leftovers
|upkeep
|turn|14
|
|t:|1758959439
|move|p1a: Moltres|Will-O-Wisp|p2a: Ting-Lu
|-status|p2a: Ting-Lu|brn
|move|p2a: Ting-Lu|Stealth Rock|p1a: Moltres
|-sidestart|p1: Yourragez|move: Stealth Rock
|
|-damage|p2a: Ting-Lu|94/100 brn|[from] brn
|upkeep
|turn|15
|
|t:|1758959442
|move|p1a: Moltres|U-turn|p2a: Ting-Lu
|-supereffective|p2a: Ting-Lu
|-damage|p2a: Ting-Lu|77/100 brn
|
|t:|1758959444
|switch|p1a: Great Tusk|Great Tusk|95/100|[from] U-turn
|move|p2a: Ting-Lu|Ruination|p1a: Great Tusk
|-damage|p1a: Great Tusk|48/100
|
|-heal|p2a: Ting-Lu|83/100 brn|[from] item: Leftovers
|-damage|p2a: Ting-Lu|77/100 brn|[from] brn
|upkeep
|turn|16
|
|t:|1758959449
|switch|p2a: Corviknight|Corviknight, F|93/100
|-ability|p2a: Corviknight|Pressure
|move|p1a: Great Tusk|Rapid Spin|p2a: Corviknight
|-resisted|p2a: Corviknight
|-damage|p2a: Corviknight|87/100
|-boost|p1a: Great Tusk|spe|1
|-sideend|p1: Yourragez|Stealth Rock|[from] move: Rapid Spin|[of] p1a: Great Tusk
|
|upkeep
|turn|17
|
|t:|1758959456
|-end|p1a: Great Tusk|Protosynthesis|[silent]
|switch|p1a: Moltres|Moltres|73/100
|move|p2a: Corviknight|U-turn|p1a: Moltres
|-resisted|p1a: Moltres
|-damage|p1a: Moltres|71/100
|
|t:|1758959458
|switch|p2a: Ogerpon|Ogerpon, F|100/100|[from] U-turn
|
|upkeep
|turn|18
|
|t:|1758959462
|move|p2a: Ogerpon|Rock Tomb|p1a: Moltres
|-supereffective|p1a: Moltres
|-damage|p1a: Moltres|0 fnt
|faint|p1a: Moltres
|
|upkeep
|
|t:|1758959465
|switch|p1a: Meowscarada|Meowscarada, F|100/100
|turn|19
|
|t:|1758959469
|switch|p2a: Weezing|Weezing-Galar, F|84/100
|-ability|p2a: Weezing|Neutralizing Gas
|move|p1a: Meowscarada|U-turn|p2a: Weezing
|-resisted|p2a: Weezing
|-damage|p2a: Weezing|81/100
|
|t:|1758959481
|switch|p1a: Scizor|Scizor, M, shiny|100/100|[from] U-turn
|
|upkeep
|turn|20
|
|t:|1758959494
|move|p1a: Scizor|U-turn|p2a: Weezing
|-resisted|p2a: Weezing
|-damage|p2a: Weezing|72/100
|
|t:|1758959497
|switch|p1a: Slowking|Slowking-Galar, M|100/100 brn|[from] U-turn
|move|p2a: Weezing|Will-O-Wisp|p1a: Slowking
|-fail|p1a: Slowking|brn
|
|-damage|p1a: Slowking|94/100 brn|[from] brn
|upkeep
|turn|21
|
|t:|1758959504
|-end|p2a: Weezing|ability: Neutralizing Gas
|switch|p2a: Ting-Lu|Ting-Lu|77/100 brn
|-ability|p2a: Ting-Lu|Vessel of Ruin
|move|p1a: Slowking|Future Sight|p2a: Ting-Lu
|-start|p1a: Slowking|move: Future Sight
|
|-heal|p2a: Ting-Lu|83/100 brn|[from] item: Leftovers
|-damage|p2a: Ting-Lu|77/100 brn|[from] brn
|-damage|p1a: Slowking|88/100 brn|[from] brn
|upkeep
|turn|22
|
|t:|1758959508
|move|p2a: Ting-Lu|Ruination|p1a: Slowking
|-damage|p1a: Slowking|44/100 brn
|-prepare|p1a: Slowking|Chilly Reception|[premajor]
|move|p1a: Slowking|Chilly Reception|p1a: Slowking
|-weather|Snowscape
|
|t:|1758959517
|switch|p1a: Scizor|Scizor, M, shiny|100/100|[from] Chilly Reception
|
|-weather|Snowscape|[upkeep]
|-heal|p2a: Ting-Lu|83/100 brn|[from] item: Leftovers
|-damage|p2a: Ting-Lu|77/100 brn|[from] brn
|upkeep
|turn|23
|
|t:|1758959526
|switch|p2a: Corviknight|Corviknight, F|87/100
|-ability|p2a: Corviknight|Pressure
|move|p1a: Scizor|Bullet Punch|p2a: Corviknight
|-resisted|p2a: Corviknight
|-damage|p2a: Corviknight|66/100
|
|-weather|Snowscape|[upkeep]
|-end|p2a: Corviknight|move: Future Sight
|-resisted|p2a: Corviknight
|-damage|p2a: Corviknight|52/100
|upkeep
|turn|24
|
|t:|1758959537
|switch|p1a: Raging Bolt|Raging Bolt|88/100
|move|p2a: Corviknight|U-turn|p1a: Raging Bolt
|-damage|p1a: Raging Bolt|76/100
|
|t:|1758959541
|switch|p2a: Ting-Lu|Ting-Lu|77/100 brn|[from] U-turn
|-ability|p2a: Ting-Lu|Vessel of Ruin
|
|-weather|Snowscape|[upkeep]
|-heal|p2a: Ting-Lu|83/100 brn|[from] item: Leftovers
|-damage|p2a: Ting-Lu|77/100 brn|[from] brn
|upkeep
|turn|25
|
|t:|1758959546
|-end|p1a: Raging Bolt|Protosynthesis|[silent]
|switch|p1a: Meowscarada|Meowscarada, F|100/100
|switch|p2a: Keldeo|Keldeo-Resolute|100/100
|
|-weather|Snowscape|[upkeep]
|upkeep
|turn|26
|
|t:|1758959549
|switch|p2a: Weezing|Weezing-Galar, F|72/100
|-ability|p2a: Weezing|Neutralizing Gas
|move|p1a: Meowscarada|Flower Trick|p2a: Weezing
|-resisted|p2a: Weezing
|-crit|p2a: Weezing
|-damage|p2a: Weezing|56/100
|
|-weather|none
|upkeep
|turn|27
|
|t:|1758959552
|switch|p1a: Raging Bolt|Raging Bolt|76/100
|move|p2a: Weezing|Pain Split|p1a: Raging Bolt
|-sethp|p1a: Raging Bolt|62/100|[from] move: Pain Split|[silent]
|-sethp|p2a: Weezing|73/100|[from] move: Pain Split
|
|upkeep
|turn|28
|
|t:|1758959557
|-end|p2a: Weezing|ability: Neutralizing Gas
|switch|p2a: Ting-Lu|Ting-Lu|77/100 brn
|-ability|p2a: Ting-Lu|Vessel of Ruin
|move|p1a: Raging Bolt|Draco Meteor|p2a: Ting-Lu|[miss]
|-miss|p1a: Raging Bolt|p2a: Ting-Lu
|
|-heal|p2a: Ting-Lu|83/100 brn|[from] item: Leftovers
|-damage|p2a: Ting-Lu|77/100 brn|[from] brn
|upkeep
|turn|29
|
|t:|1758959568
|-end|p1a: Raging Bolt|Protosynthesis|[silent]
|switch|p1a: Scizor|Scizor, M, shiny|100/100
|move|p2a: Ting-Lu|Stealth Rock|p1a: Scizor
|-sidestart|p1: Yourragez|move: Stealth Rock
|
|-heal|p2a: Ting-Lu|83/100 brn|[from] item: Leftovers
|-damage|p2a: Ting-Lu|77/100 brn|[from] brn
|upkeep
|turn|30
|
|t:|1758959572
|switch|p2a: Corviknight|Corviknight, F|52/100
|-ability|p2a: Corviknight|Pressure
|move|p1a: Scizor|U-turn|p2a: Corviknight
|-resisted|p2a: Corviknight
|-damage|p2a: Corviknight|39/100
|
|t:|1758959577
|switch|p1a: Raging Bolt|Raging Bolt|62/100|[from] U-turn
|-damage|p1a: Raging Bolt|50/100|[from] Stealth Rock
|
|upkeep
|turn|31
|
|t:|1758959580
|move|p1a: Raging Bolt|Draco Meteor|p2a: Corviknight
|-resisted|p2a: Corviknight
|-damage|p2a: Corviknight|1/100
|-unboost|p1a: Raging Bolt|spa|2
|move|p2a: Corviknight|Roost|p2a: Corviknight
|-heal|p2a: Corviknight|51/100
|-singleturn|p2a: Corviknight|move: Roost
|
|upkeep
|turn|32
|
|t:|1758959586
|-end|p1a: Raging Bolt|Protosynthesis|[silent]
|switch|p1a: Slowking|Slowking-Galar, M|78/100 brn
|move|p2a: Corviknight|Roost|p2a: Corviknight
|-heal|p2a: Corviknight|100/100
|-singleturn|p2a: Corviknight|move: Roost
|
|-damage|p1a: Slowking|72/100 brn|[from] brn
|upkeep
|turn|33
|
|t:|1758959592
|move|p2a: Corviknight|Bulk Up|p2a: Corviknight
|-boost|p2a: Corviknight|atk|1
|-boost|p2a: Corviknight|def|1
|move|p1a: Slowking|Ice Beam|p2a: Corviknight
|-damage|p2a: Corviknight|86/100
|
|-damage|p1a: Slowking|65/100 brn|[from] brn
|upkeep
|turn|34
|
|t:|1758959596
|move|p2a: Corviknight|Brave Bird|p1a: Slowking
|-damage|p1a: Slowking|10/100 brn
|-damage|p2a: Corviknight|68/100|[from] Recoil
|-prepare|p1a: Slowking|Chilly Reception|[premajor]
|move|p1a: Slowking|Chilly Reception|p1a: Slowking
|-weather|Snowscape
|
|t:|1758959598
|switch|p1a: Raging Bolt|Raging Bolt|50/100|[from] Chilly Reception
|-damage|p1a: Raging Bolt|37/100|[from] Stealth Rock
|
|-weather|Snowscape|[upkeep]
|upkeep
|turn|35
|
|t:|1758959603
|switch|p2a: Ting-Lu|Ting-Lu|77/100 brn
|-ability|p2a: Ting-Lu|Vessel of Ruin
|move|p1a: Raging Bolt|Thunderclap||[still]
|-fail|p1a: Raging Bolt
|
|-weather|Snowscape|[upkeep]
|-heal|p2a: Ting-Lu|83/100 brn|[from] item: Leftovers
|-damage|p2a: Ting-Lu|77/100 brn|[from] brn
|upkeep
|turn|36
|
|t:|1758959607
|-end|p1a: Raging Bolt|Protosynthesis|[silent]
|switch|p1a: Great Tusk|Great Tusk|48/100
|move|p2a: Ting-Lu|Whirlwind|p1a: Great Tusk
|-end|p1a: Great Tusk|Protosynthesis|[silent]
|drag|p1a: Meowscarada|Meowscarada, F|100/100
|-damage|p1a: Meowscarada|88/100|[from] Stealth Rock
|
|-weather|Snowscape|[upkeep]
|-heal|p2a: Ting-Lu|83/100 brn|[from] item: Leftovers
|-damage|p2a: Ting-Lu|77/100 brn|[from] brn
|upkeep
|turn|37
|
|t:|1758959613
|switch|p2a: Weezing|Weezing-Galar, F|73/100
|-ability|p2a: Weezing|Neutralizing Gas
|move|p1a: Meowscarada|U-turn|p2a: Weezing
|-resisted|p2a: Weezing
|-damage|p2a: Weezing|69/100
|
|t:|1758959616
|switch|p1a: Raging Bolt|Raging Bolt|37/100|[from] U-turn
|-damage|p1a: Raging Bolt|25/100|[from] Stealth Rock
|
|-weather|Snowscape|[upkeep]
|upkeep
|turn|38
|
|t:|1758959619
|-end|p2a: Weezing|ability: Neutralizing Gas
|switch|p2a: Ting-Lu|Ting-Lu|77/100 brn
|-ability|p2a: Ting-Lu|Vessel of Ruin
|move|p1a: Raging Bolt|Volt Switch|p2a: Ting-Lu
|-immune|p2a: Ting-Lu
|
|-weather|none
|-heal|p2a: Ting-Lu|83/100 brn|[from] item: Leftovers
|-damage|p2a: Ting-Lu|77/100 brn|[from] brn
|upkeep
|turn|39
|
|t:|1758959623
|-end|p1a: Raging Bolt|Protosynthesis|[silent]
|switch|p1a: Great Tusk|Great Tusk|48/100
|move|p2a: Ting-Lu|Whirlwind|p1a: Great Tusk
|-end|p1a: Great Tusk|Protosynthesis|[silent]
|drag|p1a: Raging Bolt|Raging Bolt|25/100
|-damage|p1a: Raging Bolt|13/100|[from] Stealth Rock
|
|-heal|p2a: Ting-Lu|83/100 brn|[from] item: Leftovers
|-damage|p2a: Ting-Lu|77/100 brn|[from] brn
|upkeep
|turn|40
|
|t:|1758959627
|move|p1a: Raging Bolt|Draco Meteor|p2a: Ting-Lu
|-damage|p2a: Ting-Lu|27/100 brn
|-unboost|p1a: Raging Bolt|spa|2
|move|p2a: Ting-Lu|Whirlwind|p1a: Raging Bolt
|-end|p1a: Raging Bolt|Protosynthesis|[silent]
|drag|p1a: Meowscarada|Meowscarada, F|88/100
|-damage|p1a: Meowscarada|76/100|[from] Stealth Rock
|
|-heal|p2a: Ting-Lu|33/100 brn|[from] item: Leftovers
|-damage|p2a: Ting-Lu|27/100 brn|[from] brn
|upkeep
|turn|41
|
|t:|1758959631
|switch|p2a: Weezing|Weezing-Galar, F|69/100
|-ability|p2a: Weezing|Neutralizing Gas
|move|p1a: Meowscarada|Triple Axel|p2a: Weezing
|-damage|p2a: Weezing|65/100
|-hitcount|p2a: Weezing|1
|
|upkeep
|turn|42
|
|t:|1758959640
|switch|p1a: Scizor|Scizor, M, shiny|100/100
|-damage|p1a: Scizor|88/100|[from] Stealth Rock
|move|p2a: Weezing|Will-O-Wisp|p1a: Scizor
|-status|p1a: Scizor|brn
|
|-damage|p1a: Scizor|82/100 brn|[from] brn
|upkeep
|turn|43
|
|t:|1758959647
|move|p1a: Scizor|Bullet Punch|p2a: Weezing
|-supereffective|p2a: Weezing
|-damage|p2a: Weezing|42/100
|move|p2a: Weezing|Pain Split|p1a: Scizor
|-sethp|p1a: Scizor|65/100 brn|[from] move: Pain Split|[silent]
|-sethp|p2a: Weezing|55/100|[from] move: Pain Split
|
|-damage|p1a: Scizor|59/100 brn|[from] brn
|upkeep
|turn|44
|-message|Yourragez forfeited.
|
|win|nglimfaded
|raw|Yourragez's rating: 1360 &rarr; <strong>1341</strong><br />(-19 for losing)
|raw|nglimfaded's rating: 1377 &rarr; <strong>1396</strong><br />(+19 for winning)
|l|☆Yourragez
|player|p1|
