|j|☆redcolorcap
|j|☆UltraGodGreninja
|t:|1759040568
|gametype|singles
|player|p1|redcolorcap|gentleman|1351
|player|p2|UltraGodGreninja|skyla|1399
|gen|9
|tier|[Gen 9] OU
|rated|
|rule|HP Percentage Mod: HP is shown in percentages
|rule|Endless Battle Clause: Forcing endless battles is banned
|rule|Species Clause: Limit one of each Pokémon
|rule|OHKO Clause: OHKO moves are banned
|rule|Evasion Items Clause: Evasion items are banned
|rule|Evasion Moves Clause: Evasion moves are banned
|rule|Evasion Abilities Clause: Evasion abilities are banned
|rule|Sleep Moves Clause: Sleep-inducing moves are banned
|clearpoke
|poke|p1|Infernape, F|
|poke|p1|Slowking, M|
|poke|p1|Dragapult, M|
|poke|p1|Samurott-Hisui, F|
|poke|p1|Gholdengo|
|poke|p1|Landorus-Therian, M|
|poke|p2|Greninja-*, F|
|poke|p2|Great Tusk|
|poke|p2|Heatran, F|
|poke|p2|Lokix, M|
|poke|p2|Zapdos|
|poke|p2|Alomomola, F|
|teampreview
|inactive|Battle timer is ON: inactive players will automatically lose when time's up. (requested by redcolorcap)
|
|t:|1759040589
|teamsize|p1|6
|teamsize|p2|6
|start
|switch|p1a: Samurott|Samurott-Hisui, F|100/100
|switch|p2a: Lokix|Lokix, M|100/100
|turn|1
|
|t:|1759040610
|switch|p1a: Landorus|Landorus-Therian, M|100/100
|-ability|p1a: Landorus|Intimidate|boost
|-unboost|p2a: Lokix|atk|1
|-terastallize|p2a: Lokix|Bug
|move|p2a: Lokix|First Impression|p1a: Landorus
|-resisted|p1a: Landorus
|-damage|p1a: Landorus|49/100
|-damage|p2a: Lokix|84/100|[from] item: Rocky Helmet|[of] p1a: Landorus
|
|upkeep
|turn|2
|
|t:|1759040622
|switch|p2a: Greninja|Greninja, F|100/100
|move|p1a: Landorus|U-turn|p2a: Greninja
|-supereffective|p2a: Greninja
|-damage|p2a: Greninja|20/100
|inactive|redcolorcap has 120 seconds left.
|
|t:|1759040647
|switch|p1a: Samurott|Samurott-Hisui, F|100/100|[from] U-turn
|
|upkeep
|turn|3
|inactive|UltraGodGreninja has 120 seconds left.
|
|t:|1759040679
|switch|p2a: Zapdos|Zapdos|100/100
|move|p1a: Samurott|Ceaseless Edge|p2a: Zapdos
|-damage|p2a: Zapdos|69/100
|-status|p1a: Samurott|par|[from] ability: Static|[of] p2a: Zapdos
|-sidestart|p2: UltraGodGreninja|Spikes
|
|upkeep
|turn|4
|inactive|redcolorcap has 120 seconds left.
|
|t:|1759040698
|switch|p1a: Gholdengo|Gholdengo|100/100
|move|p2a: Zapdos|U-turn|p1a: Gholdengo
|-resisted|p1a: Gholdengo
|-damage|p1a: Gholdengo|98/100
|
|t:|1759040704
|switch|p2a: Heatran|Heatran, F|100/100|[from] U-turn
|-damage|p2a: Heatran|88/100|[from] Spikes
|
|-heal|p1a: Gholdengo|100/100|[from] item: Leftovers
|-heal|p2a: Heatran|94/100|[from] item: Leftovers
|upkeep
|turn|5
|inactive|redcolorcap has 120 seconds left.
|
|t:|1759040723
|switch|p1a: Slowking|Slowking, M|100/100
|move|p2a: Heatran|Stealth Rock|p1a: Slowking
|-sidestart|p1: redcolorcap|move: Stealth Rock
|
|-heal|p2a: Heatran|100/100|[from] item: Leftovers
|upkeep
|turn|6
|
|t:|1759040736
|move|p2a: Heatran|Taunt|p1a: Slowking
|-start|p1a: Slowking|move: Taunt
|move|p1a: Slowking|Future Sight|p2a: Heatran
|-start|p1a: Slowking|move: Future Sight
|
|upkeep
|turn|7
|inactive|redcolorcap has 120 seconds left.
|
|t:|1759040761
|switch|p2a: Alomomola|Alomomola, F|100/100
|-damage|p2a: Alomomola|88/100|[from] Spikes
|switch|p1a: Landorus|Landorus-Therian, M|49/100
|-damage|p1a: Landorus|36/100|[from] Stealth Rock
|-ability|p1a: Landorus|Intimidate|boost
|-unboost|p2a: Alomomola|atk|1
|
|upkeep
|turn|8
|inactive|redcolorcap has 120 seconds left.
|
|t:|1759040774
|move|p1a: Landorus|Stealth Rock|p2a: Alomomola
|-sidestart|p2: UltraGodGreninja|move: Stealth Rock
|move|p2a: Alomomola|Flip Turn|p1a: Landorus
|-supereffective|p1a: Landorus
|-damage|p1a: Landorus|16/100
|-damage|p2a: Alomomola|72/100|[from] item: Rocky Helmet|[of] p1a: Landorus
|
|t:|1759040778
|switch|p2a: Great Tusk|Great Tusk|100/100|[from] Flip Turn
|
|-end|p2a: Great Tusk|move: Future Sight
|-supereffective|p2a: Great Tusk
|-crit|p2a: Great Tusk
|-damage|p2a: Great Tusk|0 fnt
|faint|p2a: Great Tusk
|-end|p2a: Great Tusk|Protosynthesis|[silent]
|upkeep
|
|t:|1759040783
|switch|p2a: Alomomola|Alomomola, F|100/100
|-damage|p2a: Alomomola|88/100|[from] Spikes
|-damage|p2a: Alomomola|76/100|[from] Stealth Rock
|turn|9
|-message|UltraGodGreninja forfeited.
|
|win|redcolorcap
|raw|redcolorcap's rating: 1351 &rarr; <strong>1375</strong><br />(+24 for winning)
|raw|UltraGodGreninja's rating: 1420 &rarr; <strong>1396</strong><br />(-24 for losing)
|l|☆UltraGodGreninja
|player|p2|
|l|☆redcolorcap
|player|p1|
