|j|☆aexilyth
|j|☆Miniomaster
|t:|1758947394
|gametype|singles
|player|p1|aexilyth|102|1015
|player|p2|Miniomaster|lucas|1000
|gen|9
|tier|[Gen 9] OU
|rated|
|rule|HP Percentage Mod: HP is shown in percentages
|rule|Endless Battle Clause: Forcing endless battles is banned
|rule|Species Clause: Limit one of each Pokémon
|rule|OHKO Clause: OHKO moves are banned
|rule|Evasion Items Clause: Evasion items are banned
|rule|Evasion Moves Clause: Evasion moves are banned
|rule|Evasion Abilities Clause: Evasion abilities are banned
|rule|Sleep Moves Clause: Sleep-inducing moves are banned
|clearpoke
|poke|p1|Garganacl, F|
|poke|p1|Iron Valiant|
|poke|p1|Scizor, M|
|poke|p1|Dragonite, M|
|poke|p1|Gliscor, F|
|poke|p1|Darkrai|
|poke|p2|Hoopa-Unbound|
|poke|p2|Mimikyu, F|
|poke|p2|Cinderace, M|
|poke|p2|Meowscarada, M|
|poke|p2|Espeon, M|
|poke|p2|Clefable, M|
|teampreview
|inactive|Battle timer is ON: inactive players will automatically lose when time's up. (requested by Miniomaster)
|inactive|aexilyth also wants the timer to be on.
|
|t:|1758947407
|teamsize|p1|6
|teamsize|p2|6
|start
|switch|p1a: Garganacl|Garganacl, F|100/100
|switch|p2a: Hoopa|Hoopa-Unbound|100/100
|turn|1
|
|t:|1758947415
|move|p2a: Hoopa|Dark Pulse|p1a: Garganacl
|-damage|p1a: Garganacl|50/100
|move|p1a: Garganacl|Stealth Rock|p2a: Hoopa
|-sidestart|p2: Miniomaster|move: Stealth Rock
|
|upkeep
|turn|2
|
|t:|1758947420
|move|p2a: Hoopa|Dark Pulse|p1a: Garganacl
|-damage|p1a: Garganacl|2/100
|move|p1a: Garganacl|Earthquake|p2a: Hoopa
|-damage|p2a: Hoopa|49/100
|
|upkeep
|turn|3
|j| 1guy1jarjarbinks
|-enditem|p1a: Garganacl|Custap Berry|[eat]
|-activate|p1a: Garganacl|item: Custap Berry|[consumed]
|
|t:|1758947426
|move|p1a: Garganacl|Explosion|p2a: Hoopa
|-damage|p2a: Hoopa|0 fnt
|faint|p1a: Garganacl
|faint|p2a: Hoopa
|
|upkeep
|
|t:|1758947435
|switch|p2a: Espeon|Espeon, M|100/100
|switch|p1a: Dragonite|Dragonite, M|100/100
|-damage|p2a: Espeon|88/100|[from] Stealth Rock
|turn|4
|
|t:|1758947445
|move|p2a: Espeon|Reflect|p2a: Espeon
|-sidestart|p2: Miniomaster|Reflect
|move|p1a: Dragonite|Substitute|p1a: Dragonite
|-start|p1a: Dragonite|Substitute
|-damage|p1a: Dragonite|75/100
|
|upkeep
|turn|5
|
|t:|1758947450
|move|p2a: Espeon|Calm Mind|p2a: Espeon
|-boost|p2a: Espeon|spa|1
|-boost|p2a: Espeon|spd|1
|move|p1a: Dragonite|Dragon Dance|p1a: Dragonite
|-boost|p1a: Dragonite|atk|1
|-boost|p1a: Dragonite|spe|1
|-enditem|p2a: Espeon|Mirror Herb
|-boost|p2a: Espeon|atk|1|[from] item: Mirror Herb
|-boost|p2a: Espeon|spe|1|[from] item: Mirror Herb
|
|upkeep
|turn|6
|
|t:|1758947461
|move|p2a: Espeon|Stored Power|p1a: Dragonite
|-end|p1a: Dragonite|Substitute
|move|p1a: Dragonite|Roost|p1a: Dragonite
|-heal|p1a: Dragonite|100/100
|-singleturn|p1a: Dragonite|move: Roost
|
|upkeep
|turn|7
|
|t:|1758947467
|move|p2a: Espeon|Stored Power|p1a: Dragonite
|-damage|p1a: Dragonite|61/100
|move|p1a: Dragonite|Dragon Dance|p1a: Dragonite
|-boost|p1a: Dragonite|atk|1
|-boost|p1a: Dragonite|spe|1
|
|upkeep
|turn|8
|
|t:|1758947474
|move|p1a: Dragonite|Scale Shot|p2a: Espeon
|-damage|p2a: Espeon|65/100
|-damage|p2a: Espeon|43/100
|-hitcount|p2a: Espeon|2
|-unboost|p1a: Dragonite|def|1
|-boost|p1a: Dragonite|spe|1
|move|p2a: Espeon|Calm Mind|p2a: Espeon
|-boost|p2a: Espeon|spa|1
|-boost|p2a: Espeon|spd|1
|
|-sideend|p2: Miniomaster|Reflect
|upkeep
|turn|9
|
|t:|1758947483
|move|p1a: Dragonite|Scale Shot|p2a: Espeon
|-damage|p2a: Espeon|0 fnt
|faint|p2a: Espeon
|-hitcount|p2: Espeon|1
|-unboost|p1a: Dragonite|def|1
|-boost|p1a: Dragonite|spe|1
|
|upkeep
|
|t:|1758947495
|switch|p2a: Mimikyu|Mimikyu, F|100/100
|-damage|p2a: Mimikyu|88/100|[from] Stealth Rock
|turn|10
|
|t:|1758947499
|-terastallize|p1a: Dragonite|Fairy
|move|p1a: Dragonite|Scale Shot|p2a: Mimikyu
|-immune|p2a: Mimikyu
|move|p2a: Mimikyu|Copycat|p2a: Mimikyu
|move|p2a: Mimikyu|Scale Shot|p1a: Dragonite|[from] move: Copycat
|-immune|p1a: Dragonite
|
|-heal|p2a: Mimikyu|94/100|[from] item: Leftovers
|upkeep
|turn|11
|
|t:|1758947512
|move|p1a: Dragonite|Roost|p1a: Dragonite
|-heal|p1a: Dragonite|100/100
|move|p2a: Mimikyu|Mimic|p1a: Dragonite
|-start|p2a: Mimikyu|Mimic|Roost
|
|-heal|p2a: Mimikyu|99/100|[from] item: Leftovers
|upkeep
|turn|12
|l| 1guy1jarjarbinks
|
|t:|1758947522
|move|p1a: Dragonite|Substitute|p1a: Dragonite
|-start|p1a: Dragonite|Substitute
|-damage|p1a: Dragonite|75/100
|move|p2a: Mimikyu|Copycat|p2a: Mimikyu
|move|p2a: Mimikyu|Substitute|p2a: Mimikyu|[from] move: Copycat
|-start|p2a: Mimikyu|Substitute
|-damage|p2a: Mimikyu|75/100
|
|-heal|p2a: Mimikyu|81/100|[from] item: Leftovers
|upkeep
|turn|13
|
|t:|1758947531
|move|p1a: Dragonite|Dragon Dance|p1a: Dragonite
|-boost|p1a: Dragonite|atk|1
|-boost|p1a: Dragonite|spe|1
|move|p2a: Mimikyu|Copycat|p2a: Mimikyu
|move|p2a: Mimikyu|Dragon Dance|p2a: Mimikyu|[from] move: Copycat
|-boost|p2a: Mimikyu|atk|1
|-boost|p2a: Mimikyu|spe|1
|
|-heal|p2a: Mimikyu|87/100|[from] item: Leftovers
|upkeep
|turn|14
|
|t:|1758947541
|move|p1a: Dragonite|Roost|p1a: Dragonite
|-heal|p1a: Dragonite|100/100
|move|p2a: Mimikyu|Copycat|p2a: Mimikyu
|move|p2a: Mimikyu|Roost|p2a: Mimikyu|[from] move: Copycat
|-heal|p2a: Mimikyu|100/100
|-singleturn|p2a: Mimikyu|move: Roost
|
|upkeep
|turn|15
|
|t:|1758947553
|move|p1a: Dragonite|Scale Shot|p2a: Mimikyu
|-immune|p2a: Mimikyu
|move|p2a: Mimikyu|Copycat|p2a: Mimikyu
|move|p2a: Mimikyu|Scale Shot|p1a: Dragonite|[from] move: Copycat
|-immune|p1a: Dragonite
|
|upkeep
|turn|16
|
|t:|1758947561
|move|p1a: Dragonite|Scale Shot|p2a: Mimikyu
|-immune|p2a: Mimikyu
|move|p2a: Mimikyu|Copycat|p2a: Mimikyu
|move|p2a: Mimikyu|Scale Shot|p1a: Dragonite|[from] move: Copycat
|-immune|p1a: Dragonite
|
|upkeep
|turn|17
|
|t:|1758947574
|switch|p1a: Gliscor|Gliscor, F|100/100
|move|p2a: Mimikyu|Copycat|p2a: Mimikyu
|move|p2a: Mimikyu|Scale Shot|p1a: Gliscor|[from] move: Copycat|[miss]
|-miss|p2a: Mimikyu|p1a: Gliscor
|
|-status|p1a: Gliscor|tox|[from] item: Toxic Orb
|upkeep
|turn|18
|
|t:|1758947583
|move|p1a: Gliscor|Protect|p1a: Gliscor
|-singleturn|p1a: Gliscor|Protect
|move|p2a: Mimikyu|Copycat||[still]
|-fail|p2a: Mimikyu
|
|upkeep
|turn|19
|
|t:|1758947590
|move|p2a: Mimikyu|Copycat||[still]
|-fail|p2a: Mimikyu
|move|p1a: Gliscor|Swords Dance|p1a: Gliscor
|-boost|p1a: Gliscor|atk|2
|
|upkeep
|turn|20
|
|t:|1758947594
|move|p2a: Mimikyu|Copycat|p2a: Mimikyu
|move|p2a: Mimikyu|Swords Dance|p2a: Mimikyu|[from] move: Copycat
|-boost|p2a: Mimikyu|atk|2
|move|p1a: Gliscor|Facade|p2a: Mimikyu
|-immune|p2a: Mimikyu
|
|upkeep
|turn|21
|
|t:|1758947603
|move|p2a: Mimikyu|Copycat|p2a: Mimikyu
|move|p2a: Mimikyu|Facade|p1a: Gliscor|[from] move: Copycat
|-damage|p1a: Gliscor|68/100 tox
|move|p1a: Gliscor|U-turn|p2a: Mimikyu
|-resisted|p2a: Mimikyu
|-activate|p2a: Mimikyu|move: Substitute|[damage]
|
|t:|1758947617
|switch|p1a: Dragonite|Dragonite, M, tera:Fairy|100/100|[from] U-turn
|
|upkeep
|turn|22
|
|t:|1758947623
|move|p2a: Mimikyu|Copycat|p2a: Mimikyu
|move|p2a: Mimikyu|U-turn|p1a: Dragonite|[from] move: Copycat
|-resisted|p1a: Dragonite
|-damage|p1a: Dragonite|91/100
|
|t:|1758947631
|switch|p2a: Meowscarada|Meowscarada, M|100/100|[from] U-turn
|move|p1a: Dragonite|Dragon Dance|p1a: Dragonite
|-boost|p1a: Dragonite|atk|1
|-boost|p1a: Dragonite|spe|1
|
|upkeep
|turn|23
|
|t:|1758947641
|move|p1a: Dragonite|Substitute|p1a: Dragonite
|-start|p1a: Dragonite|Substitute
|-damage|p1a: Dragonite|66/100
|move|p2a: Meowscarada|Triple Axel|p1a: Dragonite
|-start|p2a: Meowscarada|typechange|Ice|[from] ability: Protean
|-activate|p1a: Dragonite|move: Substitute|[damage]
|-end|p1a: Dragonite|Substitute
|-damage|p1a: Dragonite|34/100
|-hitcount|p1a: Dragonite|3
|
|upkeep
|turn|24
|
|t:|1758947653
|move|p1a: Dragonite|Roost|p1a: Dragonite
|-heal|p1a: Dragonite|84/100
|move|p2a: Meowscarada|Triple Axel|p1a: Dragonite
|-damage|p1a: Dragonite|73/100
|-damage|p1a: Dragonite|52/100
|-damage|p1a: Dragonite|19/100
|-enditem|p1a: Dragonite|Lansat Berry|[eat]
|-start|p1a: Dragonite|move: Focus Energy
|-hitcount|p1a: Dragonite|3
|
|upkeep
|turn|25
|
|t:|1758947663
|move|p1a: Dragonite|Scale Shot|p2a: Meowscarada
|-crit|p2a: Meowscarada
|-damage|p2a: Meowscarada|47/100
|-crit|p2a: Meowscarada
|-damage|p2a: Meowscarada|0 fnt
|faint|p2a: Meowscarada
|-hitcount|p2: Meowscarada|2
|-unboost|p1a: Dragonite|def|1
|-boost|p1a: Dragonite|spe|1
|
|upkeep
|
|t:|1758947672
|switch|p2a: Mimikyu|Mimikyu, F|100/100
|-damage|p2a: Mimikyu|88/100|[from] Stealth Rock
|turn|26
|
|t:|1758947682
|switch|p1a: Darkrai|Darkrai|100/100
|move|p2a: Mimikyu|Mimic||[still]
|-fail|p2a: Mimikyu
|
|-heal|p2a: Mimikyu|94/100|[from] item: Leftovers
|upkeep
|turn|27
|
|t:|1758947691
|move|p1a: Darkrai|Sludge Bomb|p2a: Mimikyu
|-activate|p2a: Mimikyu|ability: Disguise
|-damage|p2a: Mimikyu|94/100
|detailschange|p2a: Mimikyu|Mimikyu-Busted, F
|-damage|p2a: Mimikyu|82/100|[from] pokemon: Mimikyu-Busted
|move|p2a: Mimikyu|Mimic|p1a: Darkrai
|-start|p2a: Mimikyu|Mimic|Sludge Bomb
|
|-heal|p2a: Mimikyu|88/100|[from] item: Leftovers
|upkeep
|turn|28
|
|t:|1758947701
|move|p2a: Mimikyu|Protect|p2a: Mimikyu
|-singleturn|p2a: Mimikyu|Protect
|move|p1a: Darkrai|Sludge Bomb|p2a: Mimikyu
|-activate|p2a: Mimikyu|move: Protect
|
|-heal|p2a: Mimikyu|94/100|[from] item: Leftovers
|upkeep
|turn|29
|
|t:|1758947709
|move|p1a: Darkrai|Sludge Bomb|p2a: Mimikyu
|-damage|p2a: Mimikyu|67/100
|-status|p2a: Mimikyu|psn
|move|p2a: Mimikyu|Copycat|p2a: Mimikyu
|move|p2a: Mimikyu|Sludge Bomb|p1a: Darkrai|[from] move: Copycat
|-damage|p1a: Darkrai|83/100
|-status|p1a: Darkrai|psn
|
|-heal|p2a: Mimikyu|73/100 psn|[from] item: Leftovers
|-damage|p1a: Darkrai|71/100 psn|[from] psn
|-damage|p2a: Mimikyu|61/100 psn|[from] psn
|upkeep
|turn|30
|
|t:|1758947722
|move|p1a: Darkrai|Sludge Bomb|p2a: Mimikyu
|-damage|p2a: Mimikyu|34/100 psn
|move|p2a: Mimikyu|Pain Split|p1a: Darkrai
|-sethp|p1a: Darkrai|54/100 psn|[from] move: Pain Split|[silent]
|-sethp|p2a: Mimikyu|49/100 psn|[from] move: Pain Split
|
|-heal|p2a: Mimikyu|55/100 psn|[from] item: Leftovers
|-damage|p1a: Darkrai|42/100 psn|[from] psn
|-damage|p2a: Mimikyu|42/100 psn|[from] psn
|upkeep
|turn|31
|
|t:|1758947735
|switch|p1a: Dragonite|Dragonite, M, tera:Fairy|19/100
|move|p2a: Mimikyu|Pain Split|p1a: Dragonite
|-sethp|p1a: Dragonite|30/100|[from] move: Pain Split|[silent]
|-sethp|p2a: Mimikyu|31/100 psn|[from] move: Pain Split
|
|-heal|p2a: Mimikyu|37/100 psn|[from] item: Leftovers
|-damage|p2a: Mimikyu|24/100 psn|[from] psn
|upkeep
|turn|32
|
|t:|1758947749
|move|p1a: Dragonite|Dragon Dance|p1a: Dragonite
|-boost|p1a: Dragonite|atk|1
|-boost|p1a: Dragonite|spe|1
|move|p2a: Mimikyu|Sludge Bomb|p1a: Dragonite
|-supereffective|p1a: Dragonite
|-damage|p1a: Dragonite|4/100
|
|-heal|p2a: Mimikyu|30/100 psn|[from] item: Leftovers
|-damage|p2a: Mimikyu|18/100 psn|[from] psn
|upkeep
|turn|33
|c|☆Miniomaster|uhhh u made a mistake
|
|t:|1758947760
|move|p1a: Dragonite|Roost|p1a: Dragonite
|-heal|p1a: Dragonite|54/100
|move|p2a: Mimikyu|Sludge Bomb|p1a: Dragonite
|-supereffective|p1a: Dragonite
|-damage|p1a: Dragonite|29/100
|
|-heal|p2a: Mimikyu|24/100 psn|[from] item: Leftovers
|-damage|p2a: Mimikyu|12/100 psn|[from] psn
|upkeep
|turn|34
|
|t:|1758947770
|switch|p1a: Scizor|Scizor, M|100/100
|move|p2a: Mimikyu|Copycat|p2a: Mimikyu
|move|p2a: Mimikyu|Sludge Bomb|p1a: Scizor|[from] move: Copycat
|-immune|p1a: Scizor
|
|-heal|p2a: Mimikyu|18/100 psn|[from] item: Leftovers
|-damage|p2a: Mimikyu|5/100 psn|[from] psn
|upkeep
|turn|35
|
|t:|1758947781
|move|p2a: Mimikyu|Pain Split|p1a: Scizor
|-sethp|p1a: Scizor|53/100|[from] move: Pain Split|[silent]
|-sethp|p2a: Mimikyu|58/100 psn|[from] move: Pain Split
|move|p1a: Scizor|Swords Dance|p1a: Scizor
|-boost|p1a: Scizor|atk|2
|
|-heal|p2a: Mimikyu|64/100 psn|[from] item: Leftovers
|-damage|p2a: Mimikyu|51/100 psn|[from] psn
|upkeep
|turn|36
|
|t:|1758947788
|move|p2a: Mimikyu|Copycat|p2a: Mimikyu
|move|p2a: Mimikyu|Swords Dance|p2a: Mimikyu|[from] move: Copycat
|-boost|p2a: Mimikyu|atk|2
|move|p1a: Scizor|Aerial Ace|p2a: Mimikyu
|-damage|p2a: Mimikyu|0 fnt
|faint|p2a: Mimikyu
|
|upkeep
|
|t:|1758947796
|switch|p2a: Cinderace|Cinderace, M|100/100
|-damage|p2a: Cinderace|76/100|[from] Stealth Rock
|-item|p2a: Cinderace|Air Balloon
|turn|37
|
|t:|1758947808
|switch|p1a: Gliscor|Gliscor, F|68/100 tox
|move|p2a: Cinderace|Pyro Ball|p1a: Gliscor
|-crit|p1a: Gliscor
|-damage|p1a: Gliscor|0 fnt
|faint|p1a: Gliscor
|
|upkeep
|
|t:|1758947814
|switch|p1a: Darkrai|Darkrai|42/100 psn
|turn|38
|
|t:|1758947819
|move|p1a: Darkrai|Dark Pulse|p2a: Cinderace
|-damage|p2a: Cinderace|13/100
|-enditem|p2a: Cinderace|Air Balloon
|move|p2a: Cinderace|Pyro Ball|p1a: Darkrai
|-damage|p1a: Darkrai|0 fnt
|faint|p1a: Darkrai
|
|upkeep
|
|t:|1758947826
|switch|p1a: Dragonite|Dragonite, M, tera:Fairy|29/100
|turn|39
|
|t:|1758947830
|move|p2a: Cinderace|Pyro Ball|p1a: Dragonite
|-damage|p1a: Dragonite|0 fnt
|faint|p1a: Dragonite
|
|upkeep
|
|t:|1758947833
|switch|p1a: Scizor|Scizor, M|53/100
|turn|40
|
|t:|1758947839
|move|p1a: Scizor|Quick Attack|p2a: Cinderace
|-damage|p2a: Cinderace|0 fnt
|faint|p2a: Cinderace
|
|upkeep
|
|t:|1758947842
|switch|p2a: Clefable|Clefable, M|100/100
|turn|41
|
|t:|1758947848
|move|p1a: Scizor|Swords Dance|p1a: Scizor
|-boost|p1a: Scizor|atk|2
|move|p2a: Clefable|Metronome|p2a: Clefable
|move|p2a: Clefable|Spite|p1a: Scizor|[from] move: Metronome
|-activate|p1a: Scizor|move: Spite|Swords Dance|4
|
|upkeep
|turn|42
|
|t:|1758947856
|move|p1a: Scizor|Aerial Ace|p2a: Clefable
|-damage|p2a: Clefable|36/100
|move|p2a: Clefable|Encore|p1a: Scizor
|-start|p1a: Scizor|Encore
|
|-heal|p2a: Clefable|42/100|[from] item: Leftovers
|upkeep
|turn|43
|c|☆aexilyth|Ggs
|
|t:|1758947871
|move|p2a: Clefable|Protect|p2a: Clefable
|-singleturn|p2a: Clefable|Protect
|move|p1a: Scizor|Aerial Ace|p2a: Clefable
|-activate|p2a: Clefable|move: Protect
|
|-heal|p2a: Clefable|48/100|[from] item: Leftovers
|upkeep
|turn|44
|c|☆Miniomaster|gg
|
|t:|1758947876
|move|p1a: Scizor|Aerial Ace|p2a: Clefable
|-damage|p2a: Clefable|0 fnt
|faint|p2a: Clefable
|
|win|aexilyth
|raw|aexilyth's rating: 1015 &rarr; <strong>1051</strong><br />(+36 for winning)
|raw|Miniomaster's rating: 1000 &rarr; <strong>1000</strong><br />(+0 for losing)
