|badge|p2|silver|gen9ou|30-6
|html|<div class="broadcast-red"><strong>This battle is required to be public due to one or more player having a season medal.</strong><br />During the public phase, you can discuss the state of the ladder <a href="/seasondiscussion">in a special chatroom.</a></div>
|uhtml|medal-msg|<div class="broadcast-blue">Curious what those medals under the avatar are? PS now has Ladder Seasons! For more information, check out the <a href="https://www.smogon.com/forums/threads/3740067/">thread on Smogon.</a></div>
|raw|<div class="broadcast-blue"><strong>This battle is required to be public due to a player having a name starting with 'medal'.</div>
|j|☆Halfgallon67
|j|☆send it to me
|t:|1758996912
|gametype|singles
|player|p1|Halfgallon67|170|1757
|player|p2|send it to me|musician|1981
|gen|9
|tier|[Gen 9] OU
|rated|
|rule|HP Percentage Mod: HP is shown in percentages
|rule|Endless Battle Clause: Forcing endless battles is banned
|rule|Species Clause: Limit one of each Pokémon
|rule|OHKO Clause: OHKO moves are banned
|rule|Evasion Items Clause: Evasion items are banned
|rule|Evasion Moves Clause: Evasion moves are banned
|rule|Evasion Abilities Clause: Evasion abilities are banned
|rule|Sleep Moves Clause: Sleep-inducing moves are banned
|clearpoke
|poke|p1|Pelipper, F|
|poke|p1|Hatterene, F|
|poke|p1|Iron Treads|
|poke|p1|Toxicroak, F|
|poke|p1|Barraskewda, F|
|poke|p1|Zapdos|
|poke|p2|Dragonite, F|
|poke|p2|Pecharunt|
|poke|p2|Iron Treads|
|poke|p2|Fezandipiti, M|
|poke|p2|Samurott-Hisui, M|
|poke|p2|Zamazenta-*|
|teampreview
|j| bluemoonlight2
|inactive|Battle timer is ON: inactive players will automatically lose when time's up. (requested by send it to me)
|
|t:|1758996949
|teamsize|p1|6
|teamsize|p2|6
|start
|switch|p1a: I.B.Gulpin|Pelipper, F|100/100
|switch|p2a: Samurott|Samurott-Hisui, M|100/100
|-weather|RainDance|[from] ability: Drizzle|[of] p1a: I.B.Gulpin
|turn|1
|
|t:|1758996952
|switch|p1a: Agent Oso|Toxicroak, F|100/100
|move|p2a: Samurott|Ceaseless Edge|p1a: Agent Oso
|-resisted|p1a: Agent Oso
|-crit|p1a: Agent Oso
|-damage|p1a: Agent Oso|67/100
|-damage|p2a: Samurott|84/100|[from] item: Rocky Helmet|[of] p1a: Agent Oso
|-sidestart|p1: Halfgallon67|Spikes
|
|-weather|RainDance|[upkeep]
|-heal|p1a: Agent Oso|80/100|[from] ability: Dry Skin
|upkeep
|turn|2
|
|t:|1758996958
|switch|p2a: Iron Treads|Iron Treads|100/100
|switch|p1a: Storm|Zapdos|100/100
|
|-weather|RainDance|[upkeep]
|upkeep
|turn|3
|
|t:|1758996963
|-end|p2a: Iron Treads|Quark Drive|[silent]
|switch|p2a: Samurott|Samurott-Hisui, M|84/100
|move|p1a: Storm|Weather Ball|p2a: Samurott
|-resisted|p2a: Samurott
|-damage|p2a: Samurott|25/100
|
|-weather|RainDance|[upkeep]
|upkeep
|turn|4
|
|t:|1758996966
|move|p2a: Samurott|Razor Shell|p1a: Storm
|-damage|p1a: Storm|7/100
|-unboost|p1a: Storm|def|1
|move|p1a: Storm|Weather Ball|p2a: Samurott
|-resisted|p2a: Samurott
|-damage|p2a: Samurott|0 fnt
|faint|p2a: Samurott
|
|-weather|RainDance|[upkeep]
|upkeep
|
|t:|1758996981
|switch|p2a: Fezandipiti|Fezandipiti, M|100/100
|turn|5
|j| cryyysneasel
|
|t:|1758996991
|switch|p1a: Ramsay|Iron Treads|100/100
|-damage|p1a: Ramsay|88/100|[from] Spikes
|move|p2a: Fezandipiti|Moonblast|p1a: Ramsay
|-resisted|p1a: Ramsay
|-damage|p1a: Ramsay|78/100
|
|-weather|RainDance|[upkeep]
|-heal|p1a: Ramsay|84/100|[from] item: Leftovers
|upkeep
|turn|6
|
|t:|1758997002
|switch|p2a: Zamazenta|Zamazenta|100/100
|-ability|p2a: Zamazenta|Dauntless Shield|boost
|-boost|p2a: Zamazenta|def|1
|move|p1a: Ramsay|Stealth Rock|p2a: Zamazenta
|-sidestart|p2: send it to me|move: Stealth Rock
|
|-weather|RainDance|[upkeep]
|-heal|p1a: Ramsay|90/100|[from] item: Leftovers
|upkeep
|turn|7
|
|t:|1758997008
|-end|p1a: Ramsay|Quark Drive|[silent]
|switch|p1a: Agent Oso|Toxicroak, F|80/100
|-damage|p1a: Agent Oso|67/100|[from] Spikes
|move|p2a: Zamazenta|Body Press|p1a: Agent Oso
|-resisted|p1a: Agent Oso
|-damage|p1a: Agent Oso|39/100
|-damage|p2a: Zamazenta|84/100|[from] item: Rocky Helmet|[of] p1a: Agent Oso
|
|-weather|RainDance|[upkeep]
|-heal|p1a: Agent Oso|51/100|[from] ability: Dry Skin
|-heal|p2a: Zamazenta|90/100|[from] item: Leftovers
|upkeep
|turn|8
|
|t:|1758997020
|move|p2a: Zamazenta|Body Press|p1a: Agent Oso
|-resisted|p1a: Agent Oso
|-damage|p1a: Agent Oso|25/100
|-damage|p2a: Zamazenta|74/100|[from] item: Rocky Helmet|[of] p1a: Agent Oso
|move|p1a: Agent Oso|Knock Off|p2a: Zamazenta
|-resisted|p2a: Zamazenta
|-damage|p2a: Zamazenta|68/100
|-enditem|p2a: Zamazenta|Leftovers|[from] move: Knock Off|[of] p1a: Agent Oso
|
|-weather|none
|upkeep
|turn|9
|
|t:|1758997025
|switch|p2a: Iron Treads|Iron Treads|100/100
|-damage|p2a: Iron Treads|97/100|[from] Stealth Rock
|switch|p1a: I.B.Gulpin|Pelipper, F|100/100
|-weather|RainDance|[from] ability: Drizzle|[of] p1a: I.B.Gulpin
|
|-weather|RainDance|[upkeep]
|-heal|p2a: Iron Treads|100/100|[from] item: Leftovers
|upkeep
|turn|10
|j| tiochicodobos
|
|t:|1758997032
|move|p2a: Iron Treads|Stealth Rock|p1a: I.B.Gulpin
|-sidestart|p1: Halfgallon67|move: Stealth Rock
|move|p1a: I.B.Gulpin|U-turn|p2a: Iron Treads
|-resisted|p2a: Iron Treads
|-damage|p2a: Iron Treads|97/100
|
|t:|1758997037
|switch|p1a: Laminar Flow|Barraskewda, F|100/100|[from] U-turn
|-damage|p1a: Laminar Flow|88/100|[from] Spikes
|-damage|p1a: Laminar Flow|76/100|[from] Stealth Rock
|
|-weather|RainDance|[upkeep]
|-heal|p2a: Iron Treads|100/100|[from] item: Leftovers
|upkeep
|turn|11
|
|t:|1758997059
|-terastallize|p2a: Iron Treads|Water
|move|p1a: Laminar Flow|Flip Turn|p2a: Iron Treads
|-resisted|p2a: Iron Treads
|-damage|p2a: Iron Treads|71/100
|j| Youressi
|j| Le Bouquetin
|inactive|Halfgallon67 has 120 seconds left.
|
|t:|1758997092
|switch|p1a: Ramsay|Iron Treads|90/100|[from] Flip Turn
|-damage|p1a: Ramsay|77/100|[from] Spikes
|-damage|p1a: Ramsay|74/100|[from] Stealth Rock
|move|p2a: Iron Treads|Earthquake|p1a: Ramsay
|-supereffective|p1a: Ramsay
|-damage|p1a: Ramsay|13/100
|
|-weather|RainDance|[upkeep]
|-heal|p2a: Iron Treads|78/100|[from] item: Leftovers
|-heal|p1a: Ramsay|19/100|[from] item: Leftovers
|upkeep
|turn|12
|
|t:|1758997100
|move|p2a: Iron Treads|Rapid Spin|p1a: Ramsay
|-resisted|p1a: Ramsay
|-damage|p1a: Ramsay|14/100
|-boost|p2a: Iron Treads|spe|1
|-sideend|p2: send it to me|Stealth Rock|[from] move: Rapid Spin|[of] p2a: Iron Treads
|move|p1a: Ramsay|Rapid Spin|p2a: Iron Treads
|-damage|p2a: Iron Treads|70/100
|-boost|p1a: Ramsay|spe|1
|-sideend|p1: Halfgallon67|Spikes|[from] move: Rapid Spin|[of] p1a: Ramsay
|-sideend|p1: Halfgallon67|Stealth Rock|[from] move: Rapid Spin|[of] p1a: Ramsay
|
|-weather|RainDance|[upkeep]
|-heal|p2a: Iron Treads|76/100|[from] item: Leftovers
|-heal|p1a: Ramsay|20/100|[from] item: Leftovers
|upkeep
|turn|13
|
|t:|1758997110
|-end|p1a: Ramsay|Quark Drive|[silent]
|switch|p1a: Miss Maker|Hatterene, F|100/100
|move|p2a: Iron Treads|Earthquake|p1a: Miss Maker
|-damage|p1a: Miss Maker|68/100
|-enditem|p1a: Miss Maker|Eject Button
|
|t:|1758997123
|switch|p1a: Laminar Flow|Barraskewda, F|76/100
|
|-weather|RainDance|[upkeep]
|-heal|p2a: Iron Treads|82/100|[from] item: Leftovers
|upkeep
|turn|14
|
|t:|1758997138
|move|p1a: Laminar Flow|Flip Turn|p2a: Iron Treads
|-resisted|p2a: Iron Treads
|-damage|p2a: Iron Treads|52/100
|
|t:|1758997143
|switch|p1a: Miss Maker|Hatterene, F|68/100|[from] Flip Turn
|move|p2a: Iron Treads|Earthquake|p1a: Miss Maker
|-damage|p1a: Miss Maker|32/100
|
|-weather|RainDance|[upkeep]
|-heal|p2a: Iron Treads|59/100|[from] item: Leftovers
|upkeep
|turn|15
|
|t:|1758997152
|switch|p1a: I.B.Gulpin|Pelipper, F|100/100
|move|p2a: Iron Treads|Earthquake|p1a: I.B.Gulpin
|-immune|p1a: I.B.Gulpin
|
|-weather|RainDance|[upkeep]
|-heal|p2a: Iron Treads|65/100|[from] item: Leftovers
|upkeep
|turn|16
|
|t:|1758997156
|move|p2a: Iron Treads|Knock Off|p1a: I.B.Gulpin
|-damage|p1a: I.B.Gulpin|74/100
|-enditem|p1a: I.B.Gulpin|Damp Rock|[from] move: Knock Off|[of] p2a: Iron Treads
|move|p1a: I.B.Gulpin|Hurricane|p2a: Iron Treads
|-damage|p2a: Iron Treads|33/100
|
|-weather|none
|-heal|p2a: Iron Treads|39/100|[from] item: Leftovers
|upkeep
|turn|17
|
|t:|1758997160
|move|p2a: Iron Treads|Stealth Rock|p1a: I.B.Gulpin
|-sidestart|p1: Halfgallon67|move: Stealth Rock
|move|p1a: I.B.Gulpin|U-turn|p2a: Iron Treads
|-crit|p2a: Iron Treads
|-damage|p2a: Iron Treads|28/100
|
|t:|1758997166
|switch|p1a: Ramsay|Iron Treads|20/100|[from] U-turn
|-damage|p1a: Ramsay|17/100|[from] Stealth Rock
|
|-heal|p2a: Iron Treads|34/100|[from] item: Leftovers
|-heal|p1a: Ramsay|23/100|[from] item: Leftovers
|upkeep
|turn|18
|
|t:|1758997170
|-end|p1a: Ramsay|Quark Drive|[silent]
|switch|p1a: I.B.Gulpin|Pelipper, F|74/100
|-damage|p1a: I.B.Gulpin|50/100|[from] Stealth Rock
|-weather|RainDance|[from] ability: Drizzle|[of] p1a: I.B.Gulpin
|move|p2a: Iron Treads|Earthquake|p1a: I.B.Gulpin
|-immune|p1a: I.B.Gulpin
|
|-weather|RainDance|[upkeep]
|-heal|p2a: Iron Treads|40/100|[from] item: Leftovers
|upkeep
|turn|19
|
|t:|1758997177
|-end|p2a: Iron Treads|Quark Drive|[silent]
|switch|p2a: Pecharunt|Pecharunt|100/100
|move|p1a: I.B.Gulpin|U-turn|p2a: Pecharunt
|-resisted|p2a: Pecharunt
|-damage|p2a: Pecharunt|99/100
|
|t:|1758997185
|switch|p1a: Ramsay|Iron Treads|23/100|[from] U-turn
|-damage|p1a: Ramsay|20/100|[from] Stealth Rock
|
|-weather|RainDance|[upkeep]
|-heal|p1a: Ramsay|26/100|[from] item: Leftovers
|upkeep
|turn|20
|
|t:|1758997187
|move|p2a: Pecharunt|Shadow Ball|p1a: Ramsay
|-damage|p1a: Ramsay|5/100
|-unboost|p1a: Ramsay|spd|1
|move|p1a: Ramsay|Earthquake|p2a: Pecharunt
|-supereffective|p2a: Pecharunt
|-damage|p2a: Pecharunt|55/100
|
|-weather|RainDance|[upkeep]
|-heal|p1a: Ramsay|11/100|[from] item: Leftovers
|upkeep
|turn|21
|
|t:|1758997197
|move|p2a: Pecharunt|Shadow Ball|p1a: Ramsay
|-damage|p1a: Ramsay|0 fnt
|faint|p1a: Ramsay
|-end|p1a: Ramsay|Quark Drive|[silent]
|
|-weather|RainDance|[upkeep]
|upkeep
|
|t:|1758997200
|switch|p1a: Laminar Flow|Barraskewda, F|76/100
|-damage|p1a: Laminar Flow|64/100|[from] Stealth Rock
|turn|22
|
|t:|1758997215
|switch|p2a: Dragonite|Dragonite, F|100/100
|-terastallize|p1a: Laminar Flow|Water
|move|p1a: Laminar Flow|Liquidation|p2a: Dragonite
|-resisted|p2a: Dragonite
|-damage|p2a: Dragonite|76/100
|-damage|p1a: Laminar Flow|48/100|[from] item: Rocky Helmet|[of] p2a: Dragonite
|
|-weather|none
|upkeep
|turn|23
|
|t:|1758997222
|switch|p1a: I.B.Gulpin|Pelipper, F|50/100
|-damage|p1a: I.B.Gulpin|25/100|[from] Stealth Rock
|-weather|RainDance|[from] ability: Drizzle|[of] p1a: I.B.Gulpin
|move|p2a: Dragonite|Roost|p2a: Dragonite
|-heal|p2a: Dragonite|100/100
|-singleturn|p2a: Dragonite|move: Roost
|
|-weather|RainDance|[upkeep]
|upkeep
|turn|24
|-message|Halfgallon67 forfeited.
|
|win|send it to me
|raw|Halfgallon67's rating: 1757 &rarr; <strong>1748</strong><br />(-9 for losing)
|raw|send it to me's rating: 1981 &rarr; <strong>1990</strong><br />(+9 for winning)
|l|☆Halfgallon67
|player|p1|
|l|☆send it to me
|player|p2|
|l| Youressi
|l| tiochicodobos
|l| bluemoonlight2
