|j|☆flygonisdragon
|j|☆fregene97
|t:|1759007755
|gametype|singles
|player|p1|flygonisdragon|serena-masters|1494
|player|p2|fregene97|cyclist-gen4|1540
|gen|9
|tier|[Gen 9] OU
|rated|
|rule|HP Percentage Mod: HP is shown in percentages
|rule|Endless Battle Clause: Forcing endless battles is banned
|rule|Species Clause: Limit one of each Pokémon
|rule|OHKO Clause: OHKO moves are banned
|rule|Evasion Items Clause: Evasion items are banned
|rule|Evasion Moves Clause: Evasion moves are banned
|rule|Evasion Abilities Clause: Evasion abilities are banned
|rule|Sleep Moves Clause: Sleep-inducing moves are banned
|clearpoke
|poke|p1|Ninetales-Alola, M|
|poke|p1|Kyurem|
|poke|p1|Gholdengo|
|poke|p1|Raging Bolt|
|poke|p1|Latias, F|
|poke|p1|Cinderace, M|
|poke|p2|Bellibolt, M|
|poke|p2|Basculegion, M|
|poke|p2|Dragonite, M|
|poke|p2|Iron Treads|
|poke|p2|Barraskewda, F|
|poke|p2|Pelipper, M|
|teampreview
|inactive|Battle timer is ON: inactive players will automatically lose when time's up. (requested by fregene97)
|
|t:|1759007764
|teamsize|p1|6
|teamsize|p2|6
|start
|switch|p1a: Kyurem|Kyurem|100/100
|switch|p2a: Bellibolt|Bellibolt, M|100/100
|-ability|p1a: Kyurem|Pressure
|turn|1
|
|t:|1759007770
|-terastallize|p2a: Bellibolt|Fairy
|move|p1a: Kyurem|Ice Beam|p2a: Bellibolt
|-damage|p2a: Bellibolt|68/100
|-start|p2a: Bellibolt|Charge|Ice Beam|[from] ability: Electromorphosis
|move|p2a: Bellibolt|Tera Blast|p1a: Kyurem|[anim] Tera Blast Fairy
|-supereffective|p1a: Kyurem
|-damage|p1a: Kyurem|29/100
|
|upkeep
|turn|2
|
|t:|1759007776
|switch|p1a: Ninetales|Ninetales-Alola, M|100/100
|-weather|Snowscape|[from] ability: Snow Warning|[of] p1a: Ninetales
|move|p2a: Bellibolt|Thunder|p1a: Ninetales
|-damage|p1a: Ninetales|0 fnt
|faint|p1a: Ninetales
|-end|p2a: Bellibolt|Charge|[silent]
|
|-weather|Snowscape|[upkeep]
|upkeep
|
|t:|1759007790
|switch|p1a: Gholdengo|Gholdengo|100/100
|-item|p1a: Gholdengo|Air Balloon
|turn|3
|
|t:|1759007794
|switch|p2a: Pelipper|Pelipper, M|100/100
|-weather|RainDance|[from] ability: Drizzle|[of] p2a: Pelipper
|move|p1a: Gholdengo|Nasty Plot|p1a: Gholdengo
|-boost|p1a: Gholdengo|spa|2
|
|-weather|RainDance|[upkeep]
|upkeep
|turn|4
|
|t:|1759007797
|move|p1a: Gholdengo|Shadow Ball|p2a: Pelipper
|-damage|p2a: Pelipper|0 fnt
|faint|p2a: Pelipper
|
|-weather|RainDance|[upkeep]
|upkeep
|
|t:|1759007803
|switch|p2a: Barraskewda|Barraskewda, F|100/100
|turn|5
|
|t:|1759007812
|move|p2a: Barraskewda|Liquidation|p1a: Gholdengo
|-damage|p1a: Gholdengo|30/100
|-enditem|p1a: Gholdengo|Air Balloon
|move|p1a: Gholdengo|Shadow Ball|p2a: Barraskewda
|-damage|p2a: Barraskewda|0 fnt
|faint|p2a: Barraskewda
|
|-weather|RainDance|[upkeep]
|upkeep
|
|t:|1759007819
|switch|p2a: Basculegion|Basculegion, M|100/100
|turn|6
|
|t:|1759007828
|move|p2a: Basculegion|Aqua Jet|p1a: Gholdengo
|-damage|p1a: Gholdengo|0 fnt
|faint|p1a: Gholdengo
|
|-weather|RainDance|[upkeep]
|upkeep
|
|t:|1759007831
|switch|p1a: Raging Bolt|Raging Bolt|100/100
|-enditem|p1a: Raging Bolt|Booster Energy
|-activate|p1a: Raging Bolt|ability: Protosynthesis|[fromitem]
|-start|p1a: Raging Bolt|protosynthesisspa
|turn|7
|
|t:|1759007837
|switch|p2a: Iron Treads|Iron Treads|100/100
|move|p1a: Raging Bolt|Dragon Pulse|p2a: Iron Treads
|-resisted|p2a: Iron Treads
|-damage|p2a: Iron Treads|62/100
|-enditem|p2a: Iron Treads|Eject Button
|
|t:|1759007839
|-end|p2a: Iron Treads|Quark Drive|[silent]
|switch|p2a: Bellibolt|Bellibolt, M, tera:Fairy|68/100
|
|-weather|RainDance|[upkeep]
|upkeep
|turn|8
|
|t:|1759007845
|-end|p1a: Raging Bolt|Protosynthesis|[silent]
|switch|p1a: Cinderace|Cinderace, M|100/100
|move|p2a: Bellibolt|Thunder|p1a: Cinderace
|-damage|p1a: Cinderace|30/100
|
|-weather|RainDance|[upkeep]
|upkeep
|turn|9
|
|t:|1759007849
|move|p1a: Cinderace|High Jump Kick|p2a: Bellibolt
|-start|p1a: Cinderace|typechange|Fighting|[from] ability: Libero
|-resisted|p2a: Bellibolt
|-damage|p2a: Bellibolt|38/100
|-start|p2a: Bellibolt|Charge|High Jump Kick|[from] ability: Electromorphosis
|move|p2a: Bellibolt|Volt Switch|p1a: Cinderace
|-damage|p1a: Cinderace|0 fnt
|faint|p1a: Cinderace
|-end|p2a: Bellibolt|Charge|[silent]
|
|t:|1759007855
|switch|p2a: Dragonite|Dragonite, M|100/100|[from] Volt Switch
|
|-weather|RainDance|[upkeep]
|upkeep
|
|t:|1759007859
|switch|p1a: Kyurem|Kyurem|29/100
|-ability|p1a: Kyurem|Pressure
|turn|10
|
|t:|1759007863
|switch|p2a: Iron Treads|Iron Treads|62/100
|move|p1a: Kyurem|Ice Beam|p2a: Iron Treads
|-damage|p2a: Iron Treads|0 fnt
|faint|p2a: Iron Treads
|-end|p2a: Iron Treads|Quark Drive|[silent]
|
|-weather|none
|upkeep
|
|t:|1759007870
|switch|p2a: Basculegion|Basculegion, M|100/100
|turn|11
|
|t:|1759007875
|switch|p1a: Raging Bolt|Raging Bolt|100/100
|move|p2a: Basculegion|Aqua Jet|p1a: Raging Bolt
|-resisted|p1a: Raging Bolt
|-damage|p1a: Raging Bolt|79/100
|
|upkeep
|turn|12
|
|t:|1759007885
|switch|p2a: Bellibolt|Bellibolt, M, tera:Fairy|38/100
|move|p1a: Raging Bolt|Thunderbolt|p2a: Bellibolt
|-damage|p2a: Bellibolt|3/100
|-start|p2a: Bellibolt|Charge|Thunderbolt|[from] ability: Electromorphosis
|
|upkeep
|turn|13
|
|t:|1759007906
|move|p1a: Raging Bolt|Thunderbolt|p2a: Bellibolt
|-damage|p2a: Bellibolt|0 fnt
|faint|p2a: Bellibolt
|
|upkeep
|
|t:|1759007909
|switch|p2a: Dragonite|Dragonite, M|100/100
|turn|14
|
|t:|1759007916
|move|p2a: Dragonite|Draco Meteor|p1a: Raging Bolt
|-supereffective|p1a: Raging Bolt
|-damage|p1a: Raging Bolt|0 fnt
|-unboost|p2a: Dragonite|spa|2
|faint|p1a: Raging Bolt
|-end|p1a: Raging Bolt|Protosynthesis|[silent]
|-enditem|p2a: Dragonite|Eject Pack
|
|t:|1759007919
|switch|p2a: Basculegion|Basculegion, M|100/100
|
|upkeep
|
|t:|1759007922
|switch|p1a: Kyurem|Kyurem|29/100
|-ability|p1a: Kyurem|Pressure
|turn|15
|
|t:|1759007928
|move|p2a: Basculegion|Aqua Jet|p1a: Kyurem
|-resisted|p1a: Kyurem
|-damage|p1a: Kyurem|8/100
|move|p1a: Kyurem|Freeze-Dry|p2a: Basculegion
|-supereffective|p2a: Basculegion
|-damage|p2a: Basculegion|17/100
|-status|p2a: Basculegion|frz
|
|upkeep
|turn|16
|
|t:|1759007934
|cant|p2a: Basculegion|frz
|move|p1a: Kyurem|Freeze-Dry|p2a: Basculegion
|-supereffective|p2a: Basculegion
|-damage|p2a: Basculegion|0 fnt
|faint|p2a: Basculegion
|
|upkeep
|
|t:|1759007937
|switch|p2a: Dragonite|Dragonite, M|100/100
|turn|17
|
|t:|1759007941
|move|p1a: Kyurem|Freeze-Dry|p2a: Dragonite
|-supereffective|p2a: Dragonite
|-damage|p2a: Dragonite|2/100
|move|p2a: Dragonite|Low Kick|p1a: Kyurem
|-supereffective|p1a: Kyurem
|-damage|p1a: Kyurem|0 fnt
|faint|p1a: Kyurem
|
|upkeep
|
|t:|1759007945
|switch|p1a: Latias|Latias, F|100/100
|turn|18
|
|t:|1759007950
|-terastallize|p1a: Latias|Poison
|move|p1a: Latias|Aura Sphere|p2a: Dragonite
|-resisted|p2a: Dragonite
|-damage|p2a: Dragonite|0 fnt
|faint|p2a: Dragonite
|
|win|flygonisdragon
|raw|flygonisdragon's rating: 1494 &rarr; <strong>1517</strong><br />(+23 for winning)
|raw|fregene97's rating: 1540 &rarr; <strong>1517</strong><br />(-23 for losing)
|l|☆fregene97
|player|p2|
|l|☆flygonisdragon
|player|p1|
