|j|☆osaragiiscute
|j|☆chang bu
|t:|1759067590
|gametype|singles
|player|p1|osaragiiscute|wallace|1182
|player|p2|chang bu|265|1141
|gen|9
|tier|[Gen 9] OU
|rated|
|rule|HP Percentage Mod: HP is shown in percentages
|rule|Endless Battle Clause: Forcing endless battles is banned
|rule|Species Clause: Limit one of each Pokémon
|rule|OHKO Clause: OHKO moves are banned
|rule|Evasion Items Clause: Evasion items are banned
|rule|Evasion Moves Clause: Evasion moves are banned
|rule|Evasion Abilities Clause: Evasion abilities are banned
|rule|Sleep Moves Clause: Sleep-inducing moves are banned
|clearpoke
|poke|p1|Blaziken, F|
|poke|p1|Blastoise, F|
|poke|p1|Venusaur, F|
|poke|p1|Snorlax, F|
|poke|p1|Glaceon, F|
|poke|p1|Altaria, F|
|poke|p2|Barraskewda, M|
|poke|p2|Alomomola, F|
|poke|p2|Clodsire, F|
|poke|p2|Kingdra, F|
|poke|p2|Pelipper, F|
|poke|p2|Corviknight, F|
|teampreview
|inactive|Battle timer is ON: inactive players will automatically lose when time's up. (requested by osaragiiscute)
|c|☆osaragiiscute|stage on!
|
|t:|1759067621
|teamsize|p1|6
|teamsize|p2|6
|start
|switch|p1a: Glaceon|Glaceon, F|100/100
|switch|p2a: Barraskewda|Barraskewda, M, shiny|100/100
|turn|1
|
|t:|1759067643
|switch|p1a: Altaria|Altaria, F|100/100
|move|p2a: Barraskewda|Close Combat|p1a: Altaria
|-resisted|p1a: Altaria
|-damage|p1a: Altaria|71/100
|-unboost|p2a: Barraskewda|def|1
|-unboost|p2a: Barraskewda|spd|1
|
|upkeep
|turn|2
|inactive|chang bu has 120 seconds left.
|
|t:|1759067674
|switch|p2a: Alomomola|Alomomola, F, shiny|100/100
|move|p1a: Altaria|Draco Meteor|p2a: Alomomola
|-damage|p2a: Alomomola|27/100
|-unboost|p1a: Altaria|spa|2
|-damage|p1a: Altaria|61/100|[from] item: Life Orb
|
|upkeep
|turn|3
|
|t:|1759067683
|switch|p2a: Clodsire|Clodsire, F|100/100
|move|p1a: Altaria|Roost|p1a: Altaria
|-heal|p1a: Altaria|100/100
|-singleturn|p1a: Altaria|move: Roost
|
|upkeep
|turn|4
|
|t:|1759067693
|move|p1a: Altaria|Will-O-Wisp|p2a: Clodsire
|-status|p2a: Clodsire|brn
|move|p2a: Clodsire|Stealth Rock|p1a: Altaria
|-sidestart|p1: osaragiiscute|move: Stealth Rock
|
|-damage|p2a: Clodsire|94/100 brn|[from] brn
|upkeep
|turn|5
|
|t:|1759067701
|switch|p1a: Blastoise|Blastoise, F|100/100
|-damage|p1a: Blastoise|88/100|[from] Stealth Rock
|move|p2a: Clodsire|Toxic|p1a: Blastoise
|-status|p1a: Blastoise|tox
|
|-heal|p2a: Clodsire|100/100 brn|[from] item: Leftovers
|-damage|p1a: Blastoise|82/100 tox|[from] psn
|-damage|p2a: Clodsire|94/100 brn|[from] brn
|upkeep
|turn|6
|
|t:|1759067720
|move|p1a: Blastoise|Rapid Spin|p2a: Clodsire
|-damage|p2a: Clodsire|84/100 brn
|-boost|p1a: Blastoise|spe|1
|-sideend|p1: osaragiiscute|Stealth Rock|[from] move: Rapid Spin|[of] p1a: Blastoise
|move|p2a: Clodsire|Earthquake|p1a: Blastoise
|-damage|p1a: Blastoise|70/100 tox
|
|-heal|p2a: Clodsire|90/100 brn|[from] item: Leftovers
|-damage|p1a: Blastoise|58/100 tox|[from] psn
|-damage|p2a: Clodsire|84/100 brn|[from] brn
|upkeep
|turn|7
|
|t:|1759067732
|move|p1a: Blastoise|Surf|p2a: Clodsire
|-supereffective|p2a: Clodsire
|-damage|p2a: Clodsire|41/100 brn
|move|p2a: Clodsire|Stealth Rock|p1a: Blastoise
|-sidestart|p1: osaragiiscute|move: Stealth Rock
|
|-heal|p2a: Clodsire|47/100 brn|[from] item: Leftovers
|-damage|p1a: Blastoise|39/100 tox|[from] psn
|-damage|p2a: Clodsire|41/100 brn|[from] brn
|upkeep
|turn|8
|
|t:|1759067743
|move|p1a: Blastoise|Rapid Spin|p2a: Clodsire
|-damage|p2a: Clodsire|30/100 brn
|-boost|p1a: Blastoise|spe|1
|-sideend|p1: osaragiiscute|Stealth Rock|[from] move: Rapid Spin|[of] p1a: Blastoise
|move|p2a: Clodsire|Recover|p2a: Clodsire
|-heal|p2a: Clodsire|80/100 brn
|
|-heal|p2a: Clodsire|87/100 brn|[from] item: Leftovers
|-damage|p1a: Blastoise|15/100 tox|[from] psn
|-damage|p2a: Clodsire|80/100 brn|[from] brn
|upkeep
|turn|9
|
|t:|1759067754
|move|p1a: Blastoise|Surf|p2a: Clodsire
|-supereffective|p2a: Clodsire
|-damage|p2a: Clodsire|40/100 brn
|move|p2a: Clodsire|Stealth Rock|p1a: Blastoise
|-sidestart|p1: osaragiiscute|move: Stealth Rock
|
|-heal|p2a: Clodsire|46/100 brn|[from] item: Leftovers
|-damage|p1a: Blastoise|0 fnt|[from] psn
|faint|p1a: Blastoise
|-damage|p2a: Clodsire|40/100 brn|[from] brn
|upkeep
|
|t:|1759067765
|switch|p1a: Venusaur|Venusaur, F|100/100
|-damage|p1a: Venusaur|88/100|[from] Stealth Rock
|turn|10
|
|t:|1759067773
|move|p1a: Venusaur|Earth Power|p2a: Clodsire
|-supereffective|p2a: Clodsire
|-damage|p2a: Clodsire|9/100 brn
|move|p2a: Clodsire|Recover|p2a: Clodsire
|-heal|p2a: Clodsire|59/100 brn
|
|-heal|p2a: Clodsire|65/100 brn|[from] item: Leftovers
|-damage|p2a: Clodsire|59/100 brn|[from] brn
|upkeep
|turn|11
|
|t:|1759067783
|move|p1a: Venusaur|Knock Off|p2a: Clodsire
|-damage|p2a: Clodsire|40/100 brn
|-enditem|p2a: Clodsire|Leftovers|[from] move: Knock Off|[of] p1a: Venusaur
|move|p2a: Clodsire|Recover|p2a: Clodsire
|-heal|p2a: Clodsire|90/100 brn
|
|-damage|p2a: Clodsire|84/100 brn|[from] brn
|upkeep
|turn|12
|
|t:|1759067794
|switch|p2a: Corviknight|Corviknight, F|100/100
|move|p1a: Venusaur|Giga Drain|p2a: Corviknight
|-resisted|p2a: Corviknight
|-damage|p2a: Corviknight|93/100
|-heal|p1a: Venusaur|92/100|[from] drain|[of] p2a: Corviknight
|
|-heal|p2a: Corviknight|99/100|[from] item: Leftovers
|upkeep
|turn|13
|
|t:|1759067806
|move|p1a: Venusaur|Knock Off|p2a: Corviknight
|-damage|p2a: Corviknight|86/100
|-enditem|p2a: Corviknight|Leftovers|[from] move: Knock Off|[of] p1a: Venusaur
|move|p2a: Corviknight|U-turn|p1a: Venusaur
|-damage|p1a: Venusaur|75/100
|
|t:|1759067813
|switch|p2a: Pelipper|Pelipper, F, shiny|100/100|[from] U-turn
|-weather|RainDance|[from] ability: Drizzle|[of] p2a: Pelipper
|
|-weather|RainDance|[upkeep]
|upkeep
|turn|14
|
|t:|1759067823
|switch|p1a: Snorlax|Snorlax, F|100/100
|-damage|p1a: Snorlax|88/100|[from] Stealth Rock
|move|p2a: Pelipper|U-turn|p1a: Snorlax
|-damage|p1a: Snorlax|80/100
|
|t:|1759067829
|switch|p2a: Barraskewda|Barraskewda, M, shiny|100/100|[from] U-turn
|
|-weather|RainDance|[upkeep]
|-heal|p1a: Snorlax|86/100|[from] item: Leftovers
|upkeep
|turn|15
|inactive|osaragiiscute has 120 seconds left.
|
|t:|1759067863
|-terastallize|p2a: Barraskewda|Water
|move|p1a: Snorlax|Protect|p1a: Snorlax
|-singleturn|p1a: Snorlax|Protect
|move|p2a: Barraskewda|Flip Turn|p1a: Snorlax
|-activate|p1a: Snorlax|move: Protect
|
|-weather|RainDance|[upkeep]
|-heal|p1a: Snorlax|92/100|[from] item: Leftovers
|upkeep
|turn|16
|inactive|osaragiiscute has 120 seconds left.
|
|t:|1759067880
|move|p2a: Barraskewda|Flip Turn|p1a: Snorlax
|-damage|p1a: Snorlax|9/100
|
|t:|1759067886
|switch|p2a: Alomomola|Alomomola, F, shiny|60/100|[from] Flip Turn
|move|p1a: Snorlax|Body Slam|p2a: Alomomola
|-damage|p2a: Alomomola|42/100
|-damage|p1a: Snorlax|0 fnt|[from] item: Rocky Helmet|[of] p2a: Alomomola
|faint|p1a: Snorlax
|
|-weather|RainDance|[upkeep]
|upkeep
|inactive|osaragiiscute has 120 seconds left.
|
|t:|1759067909
|switch|p1a: Venusaur|Venusaur, F|75/100
|-damage|p1a: Venusaur|63/100|[from] Stealth Rock
|turn|17
|
|t:|1759067924
|switch|p2a: Kingdra|Kingdra, F|100/100
|move|p1a: Venusaur|Giga Drain|p2a: Kingdra
|-damage|p2a: Kingdra|54/100
|-heal|p1a: Venusaur|82/100|[from] drain|[of] p2a: Kingdra
|
|-weather|RainDance|[upkeep]
|upkeep
|turn|18
|
|t:|1759067937
|move|p2a: Kingdra|Hurricane|p1a: Venusaur
|-supereffective|p1a: Venusaur
|-damage|p1a: Venusaur|0 fnt
|faint|p1a: Venusaur
|-damage|p2a: Kingdra|44/100|[from] item: Life Orb
|
|-weather|RainDance|[upkeep]
|upkeep
|
|t:|1759067945
|switch|p1a: Glaceon|Glaceon, F|100/100
|-damage|p1a: Glaceon|75/100|[from] Stealth Rock
|turn|19
|
|t:|1759067951
|move|p2a: Kingdra|Hydro Pump|p1a: Glaceon|[miss]
|-miss|p2a: Kingdra|p1a: Glaceon
|move|p1a: Glaceon|Freeze-Dry|p2a: Kingdra
|-supereffective|p2a: Kingdra
|-damage|p2a: Kingdra|0 fnt
|faint|p2a: Kingdra
|
|-weather|RainDance|[upkeep]
|upkeep
|
|t:|1759067961
|switch|p2a: Barraskewda|Barraskewda, M, shiny, tera:Water|100/100
|turn|20
|
|t:|1759067967
|-terastallize|p1a: Glaceon|Ghost
|move|p2a: Barraskewda|Flip Turn|p1a: Glaceon
|-crit|p1a: Glaceon
|-damage|p1a: Glaceon|0 fnt
|faint|p1a: Glaceon
|
|t:|1759067979
|switch|p2a: Pelipper|Pelipper, F, shiny|100/100|[from] Flip Turn
|
|-weather|none
|upkeep
|
|t:|1759067988
|switch|p1a: Blaziken|Blaziken, F|100/100
|-damage|p1a: Blaziken|88/100|[from] Stealth Rock
|turn|21
|
|t:|1759067996
|move|p1a: Blaziken|Knock Off|p2a: Pelipper
|-damage|p2a: Pelipper|72/100
|-enditem|p2a: Pelipper|Damp Rock|[from] move: Knock Off|[of] p1a: Blaziken
|move|p2a: Pelipper|Hurricane|p1a: Blaziken
|-supereffective|p1a: Blaziken
|-damage|p1a: Blaziken|0 fnt
|faint|p1a: Blaziken
|
|upkeep
|-message|osaragiiscute forfeited.
|
|win|chang bu
|raw|osaragiiscute's rating: 1182 &rarr; <strong>1152</strong><br />(-30 for losing)
|raw|chang bu's rating: 1117 &rarr; <strong>1147</strong><br />(+30 for winning)
|l|☆osaragiiscute
|player|p1|
|l|☆chang bu
|player|p2|
