|j|☆mistrz niemych
|j|☆Tuan Pham
|t:|1759047934
|gametype|singles
|player|p1|mistrz niemych|veteran|1141
|player|p2|Tuan Pham|youngster-gen4dp|1108
|gen|9
|tier|[Gen 9] OU
|rated|
|rule|HP Percentage Mod: HP is shown in percentages
|rule|Endless Battle Clause: Forcing endless battles is banned
|rule|Species Clause: Limit one of each Pokémon
|rule|OHKO Clause: OHKO moves are banned
|rule|Evasion Items Clause: Evasion items are banned
|rule|Evasion Moves Clause: Evasion moves are banned
|rule|Evasion Abilities Clause: Evasion abilities are banned
|rule|Sleep Moves Clause: Sleep-inducing moves are banned
|clearpoke
|poke|p1|Ceruledge, M|
|poke|p1|Hydreigon, F|
|poke|p1|Frosmoth, M|
|poke|p1|Oricorio-Pom-Pom, M|
|poke|p1|Hydrapple, M|
|poke|p1|Kleavor, F|
|poke|p2|Gliscor, M|
|poke|p2|Garganacl, F|
|poke|p2|Sylveon, M|
|poke|p2|Wo-Chien|
|poke|p2|Corviknight, M|
|poke|p2|Toxapex, F|
|teampreview
|
|t:|1759047948
|teamsize|p1|6
|teamsize|p2|6
|start
|switch|p1a: Hydrapple|Hydrapple, M|100/100
|switch|p2a: Gliscor|Gliscor, M|100/100
|turn|1
|l|☆Tuan Pham
|player|p2|
|j|☆Tuan Pham
|player|p2|Tuan Pham|youngster-gen4dp|
|
|t:|1759047995
|move|p2a: Gliscor|Substitute|p2a: Gliscor
|-start|p2a: Gliscor|Substitute
|-damage|p2a: Gliscor|76/100
|move|p1a: Hydrapple|Nasty Plot|p1a: Hydrapple
|-boost|p1a: Hydrapple|spa|2
|
|-status|p2a: Gliscor|tox|[from] item: Toxic Orb
|upkeep
|turn|2
|l|☆Tuan Pham
|player|p2|
|j|☆Tuan Pham
|player|p2|Tuan Pham|youngster-gen4dp|
|inactive|Battle timer is ON: inactive players will automatically lose when time's up. (requested by mistrz niemych)
|
|t:|1759048032
|move|p2a: Gliscor|Toxic|p1a: Hydrapple|[miss]
|-miss|p2a: Gliscor|p1a: Hydrapple
|move|p1a: Hydrapple|Giga Drain|p2a: Gliscor
|-end|p2a: Gliscor|Substitute
|
|-heal|p2a: Gliscor|88/100 tox|[from] ability: Poison Heal
|upkeep
|turn|3
|
|t:|1759048040
|move|p2a: Gliscor|Toxic|p1a: Hydrapple
|-status|p1a: Hydrapple|tox
|move|p1a: Hydrapple|Fickle Beam|p2a: Gliscor
|-damage|p2a: Gliscor|0 fnt
|faint|p2a: Gliscor
|
|-damage|p1a: Hydrapple|94/100 tox|[from] psn
|upkeep
|
|t:|1759048066
|switch|p2a: Sylveon|Sylveon, M|100/100
|turn|4
|
|t:|1759048076
|-terastallize|p1a: Hydrapple|Steel
|move|p2a: Sylveon|Calm Mind|p2a: Sylveon
|-boost|p2a: Sylveon|spa|1
|-boost|p2a: Sylveon|spd|1
|move|p1a: Hydrapple|Giga Drain|p2a: Sylveon
|-damage|p2a: Sylveon|56/100
|-heal|p1a: Hydrapple|100/100 tox|[from] drain|[of] p2a: Sylveon
|
|-heal|p2a: Sylveon|62/100|[from] item: Leftovers
|-damage|p1a: Hydrapple|88/100 tox|[from] psn
|upkeep
|turn|5
|inactive|Tuan Pham has 120 seconds left.
|
|t:|1759048115
|move|p2a: Sylveon|Wish|p2a: Sylveon
|move|p1a: Hydrapple|Giga Drain|p2a: Sylveon
|-damage|p2a: Sylveon|16/100
|-heal|p1a: Hydrapple|100/100 tox|[from] drain|[of] p2a: Sylveon
|
|-heal|p2a: Sylveon|22/100|[from] item: Leftovers
|-damage|p1a: Hydrapple|82/100 tox|[from] psn
|upkeep
|turn|6
|
|t:|1759048129
|move|p2a: Sylveon|Protect|p2a: Sylveon
|-singleturn|p2a: Sylveon|Protect
|move|p1a: Hydrapple|Nasty Plot|p1a: Hydrapple
|-boost|p1a: Hydrapple|spa|2
|
|-heal|p2a: Sylveon|72/100|[from] move: Wish|[wisher] Sylveon
|-heal|p2a: Sylveon|78/100|[from] item: Leftovers
|-damage|p1a: Hydrapple|58/100 tox|[from] psn
|upkeep
|turn|7
|
|t:|1759048134
|move|p2a: Sylveon|Hyper Voice|p1a: Hydrapple
|-resisted|p1a: Hydrapple
|-damage|p1a: Hydrapple|17/100 tox
|move|p1a: Hydrapple|Giga Drain|p2a: Sylveon
|-damage|p2a: Sylveon|6/100
|-heal|p1a: Hydrapple|46/100 tox|[from] drain|[of] p2a: Sylveon
|
|-heal|p2a: Sylveon|12/100|[from] item: Leftovers
|-damage|p1a: Hydrapple|15/100 tox|[from] psn
|upkeep
|turn|8
|
|t:|1759048144
|move|p2a: Sylveon|Hyper Voice|p1a: Hydrapple
|-resisted|p1a: Hydrapple
|-damage|p1a: Hydrapple|0 fnt
|faint|p1a: Hydrapple
|
|-heal|p2a: Sylveon|18/100|[from] item: Leftovers
|upkeep
|
|t:|1759048147
|switch|p1a: Ceruledge|Ceruledge, M|100/100
|turn|9
|
|t:|1759048167
|move|p1a: Ceruledge|Swords Dance|p1a: Ceruledge
|-boost|p1a: Ceruledge|atk|2
|move|p2a: Sylveon|Hyper Voice|p1a: Ceruledge
|-resisted|p1a: Ceruledge
|-damage|p1a: Ceruledge|52/100
|
|-heal|p2a: Sylveon|24/100|[from] item: Leftovers
|upkeep
|turn|10
|
|t:|1759048173
|move|p1a: Ceruledge|Bitter Blade|p2a: Sylveon
|-damage|p2a: Sylveon|0 fnt
|-heal|p1a: Ceruledge|65/100|[from] drain|[of] p2a: Sylveon
|faint|p2a: Sylveon
|
|upkeep
|
|t:|1759048181
|switch|p2a: Toxapex|Toxapex, F|100/100
|turn|11
|
|t:|1759048184
|switch|p1a: Oricorio|Oricorio-Pom-Pom, M|100/100
|move|p2a: Toxapex|Liquidation|p1a: Oricorio
|-damage|p1a: Oricorio|84/100
|
|upkeep
|turn|12
|
|t:|1759048211
|move|p1a: Oricorio|Quiver Dance|p1a: Oricorio
|-boost|p1a: Oricorio|spa|1
|-boost|p1a: Oricorio|spd|1
|-boost|p1a: Oricorio|spe|1
|move|p2a: Toxapex|Toxic|p1a: Oricorio
|-status|p1a: Oricorio|tox
|
|-damage|p1a: Oricorio|77/100 tox|[from] psn
|upkeep
|turn|13
|inactive|Tuan Pham has 120 seconds left.
|
|t:|1759048237
|move|p1a: Oricorio|Revelation Dance|p2a: Toxapex
|-supereffective|p2a: Toxapex
|-damage|p2a: Toxapex|35/100
|move|p2a: Toxapex|Haze|p2a: Toxapex
|-clearallboost
|
|-heal|p2a: Toxapex|41/100|[from] item: Leftovers
|-damage|p1a: Oricorio|65/100 tox|[from] psn
|upkeep
|turn|14
|
|t:|1759048245
|move|p1a: Oricorio|Revelation Dance|p2a: Toxapex
|-supereffective|p2a: Toxapex
|-damage|p2a: Toxapex|0 fnt
|faint|p2a: Toxapex
|
|-damage|p1a: Oricorio|46/100 tox|[from] psn
|upkeep
|
|t:|1759048254
|switch|p2a: Garganacl|Garganacl, F|100/100
|turn|15
|
|t:|1759048257
|move|p1a: Oricorio|Revelation Dance|p2a: Garganacl
|-damage|p2a: Garganacl|80/100
|move|p2a: Garganacl|Salt Cure|p1a: Oricorio
|-supereffective|p1a: Oricorio
|-damage|p1a: Oricorio|19/100 tox
|-start|p1a: Oricorio|Salt Cure
|
|-heal|p2a: Garganacl|86/100|[from] item: Leftovers
|-damage|p1a: Oricorio|0 fnt|[from] psn
|faint|p1a: Oricorio
|upkeep
|
|t:|1759048263
|switch|p1a: Kleavor|Kleavor, F|100/100
|turn|16
|
|t:|1759048282
|move|p1a: Kleavor|Close Combat|p2a: Garganacl
|-supereffective|p2a: Garganacl
|-damage|p2a: Garganacl|25/100
|-unboost|p1a: Kleavor|def|1
|-unboost|p1a: Kleavor|spd|1
|move|p2a: Garganacl|Salt Cure|p1a: Kleavor
|-supereffective|p1a: Kleavor
|-damage|p1a: Kleavor|49/100
|-start|p1a: Kleavor|Salt Cure
|
|-heal|p2a: Garganacl|31/100|[from] item: Leftovers
|-damage|p1a: Kleavor|36/100|[from] Salt Cure
|upkeep
|turn|17
|
|t:|1759048292
|-terastallize|p2a: Garganacl|Ghost
|move|p1a: Kleavor|Close Combat|p2a: Garganacl
|-immune|p2a: Garganacl
|move|p2a: Garganacl|Recover|p2a: Garganacl
|-heal|p2a: Garganacl|81/100
|
|-heal|p2a: Garganacl|87/100|[from] item: Leftovers
|-damage|p1a: Kleavor|24/100|[from] Salt Cure
|upkeep
|turn|18
|
|t:|1759048296
|move|p1a: Kleavor|Stone Axe|p2a: Garganacl
|-damage|p2a: Garganacl|54/100
|-sidestart|p2: Tuan Pham|move: Stealth Rock
|move|p2a: Garganacl|Iron Defense|p2a: Garganacl
|-boost|p2a: Garganacl|def|2
|
|-heal|p2a: Garganacl|60/100|[from] item: Leftovers
|-damage|p1a: Kleavor|11/100|[from] Salt Cure
|upkeep
|turn|19
|
|t:|1759048301
|move|p1a: Kleavor|Stone Axe|p2a: Garganacl
|-damage|p2a: Garganacl|41/100
|move|p2a: Garganacl|Recover|p2a: Garganacl
|-heal|p2a: Garganacl|91/100
|
|-heal|p2a: Garganacl|97/100|[from] item: Leftovers
|-damage|p1a: Kleavor|0 fnt|[from] Salt Cure
|faint|p1a: Kleavor
|upkeep
|
|t:|1759048307
|switch|p1a: Frosmoth|Frosmoth, M|100/100
|turn|20
|
|t:|1759048310
|move|p1a: Frosmoth|Ice Beam|p2a: Garganacl
|-damage|p2a: Garganacl|66/100
|move|p2a: Garganacl|Salt Cure|p1a: Frosmoth
|-supereffective|p1a: Frosmoth
|-damage|p1a: Frosmoth|1/100
|-start|p1a: Frosmoth|Salt Cure
|
|-heal|p2a: Garganacl|72/100|[from] item: Leftovers
|-damage|p1a: Frosmoth|0 fnt|[from] Salt Cure
|faint|p1a: Frosmoth
|upkeep
|
|t:|1759048316
|switch|p1a: Hydreigon|Hydreigon, F|100/100
|turn|21
|
|t:|1759048319
|move|p1a: Hydreigon|Dark Pulse|p2a: Garganacl
|-supereffective|p2a: Garganacl
|-damage|p2a: Garganacl|20/100
|move|p2a: Garganacl|Salt Cure|p1a: Hydreigon
|-damage|p1a: Hydreigon|86/100
|-start|p1a: Hydreigon|Salt Cure
|
|-heal|p1a: Hydreigon|92/100|[from] item: Leftovers
|-heal|p2a: Garganacl|26/100|[from] item: Leftovers
|-damage|p1a: Hydreigon|80/100|[from] Salt Cure
|upkeep
|turn|22
|
|t:|1759048331
|switch|p2a: Corviknight|Corviknight, M|100/100
|-damage|p2a: Corviknight|88/100|[from] Stealth Rock
|move|p1a: Hydreigon|Dark Pulse|p2a: Corviknight
|-damage|p2a: Corviknight|55/100
|
|-heal|p1a: Hydreigon|86/100|[from] item: Leftovers
|-damage|p1a: Hydreigon|73/100|[from] Salt Cure
|upkeep
|turn|23
|
|t:|1759048338
|switch|p1a: Ceruledge|Ceruledge, M|65/100
|move|p2a: Corviknight|Roost|p2a: Corviknight
|-heal|p2a: Corviknight|100/100
|-singleturn|p2a: Corviknight|move: Roost
|
|upkeep
|turn|24
|
|t:|1759048343
|move|p1a: Ceruledge|Swords Dance|p1a: Ceruledge
|-boost|p1a: Ceruledge|atk|2
|move|p2a: Corviknight|Defog|p1a: Ceruledge
|-unboost|p1a: Ceruledge|evasion|1
|-sideend|p2: Tuan Pham|Stealth Rock|[from] move: Defog|[of] p2a: Corviknight
|
|upkeep
|turn|25
|
|t:|1759048349
|move|p1a: Ceruledge|Bitter Blade|p2a: Corviknight
|-supereffective|p2a: Corviknight
|-damage|p2a: Corviknight|0 fnt
|-heal|p1a: Ceruledge|100/100|[from] drain|[of] p2a: Corviknight
|-damage|p1a: Ceruledge|84/100|[from] item: Rocky Helmet|[of] p2a: Corviknight
|faint|p2a: Corviknight
|
|upkeep
|
|t:|1759048365
|switch|p2a: Wo-Chien|Wo-Chien|100/100
|-ability|p2a: Wo-Chien|Tablets of Ruin
|turn|26
|
|t:|1759048370
|move|p1a: Ceruledge|Bitter Blade|p2a: Wo-Chien
|-supereffective|p2a: Wo-Chien
|-damage|p2a: Wo-Chien|0 fnt
|-heal|p1a: Ceruledge|100/100|[from] drain|[of] p2a: Wo-Chien
|faint|p2a: Wo-Chien
|
|upkeep
|
|t:|1759048387
|switch|p2a: Garganacl|Garganacl, F, tera:Ghost|26/100
|turn|27
|
|t:|1759048390
|move|p1a: Ceruledge|Shadow Sneak|p2a: Garganacl
|-supereffective|p2a: Garganacl
|-damage|p2a: Garganacl|0 fnt
|faint|p2a: Garganacl
|
|win|mistrz niemych
|raw|mistrz niemych's rating: 1141 &rarr; <strong>1167</strong><br />(+26 for winning)
|raw|Tuan Pham's rating: 1152 &rarr; <strong>1126</strong><br />(-26 for losing)
|l|☆mistrz niemych
|player|p1|
|l|☆Tuan Pham
|player|p2|
|j|☆Tuan Pham
|player|p2|Tuan Pham|youngster-gen4dp|
|l|☆Tuan Pham
|player|p2|
