|j|‽MyNameJeeeeff
|j|☆123qazwsx
|t:|1758946472
|gametype|singles
|player|p1|MyNameJeeeeff|102|1398
|player|p2|123qazwsx|swimmerf|1356
|gen|9
|tier|[Gen 9] OU
|rated|
|rule|HP Percentage Mod: HP is shown in percentages
|rule|Endless Battle Clause: Forcing endless battles is banned
|rule|Species Clause: Limit one of each Pokémon
|rule|OHKO Clause: OHKO moves are banned
|rule|Evasion Items Clause: Evasion items are banned
|rule|Evasion Moves Clause: Evasion moves are banned
|rule|Evasion Abilities Clause: Evasion abilities are banned
|rule|Sleep Moves Clause: Sleep-inducing moves are banned
|clearpoke
|poke|p1|Garganacl, M|
|poke|p1|Kyurem|
|poke|p1|Enamorus, F|
|poke|p1|Rillaboom, F|
|poke|p1|Talonflame, F|
|poke|p1|Excadrill, F|
|poke|p2|Torkoal, M|
|poke|p2|Great Tusk|
|poke|p2|Lilligant-Hisui, F|
|poke|p2|Walking Wake|
|poke|p2|Raging Bolt|
|poke|p2|Slowking-Galar, F|
|teampreview
|inactive|Battle timer is ON: inactive players will automatically lose when time's up. (requested by MyNameJeeeeff)
|inactive|123qazwsx also wants the timer to be on.
|inactive|123qazwsx has 120 seconds left.
|
|t:|1758946502
|teamsize|p1|6
|teamsize|p2|6
|start
|switch|p1a: Excadrill|Excadrill, F|100/100
|switch|p2a: 河内恭介|Torkoal, M|100/100
|-ability|p1a: Excadrill|Mold Breaker
|-weather|SunnyDay|[from] ability: Drought|[of] p2a: 河内恭介
|turn|1
|
|t:|1758946516
|move|p1a: Excadrill|Earthquake|p2a: 河内恭介
|-supereffective|p2a: 河内恭介
|-damage|p2a: 河内恭介|38/100
|move|p2a: 河内恭介|Will-O-Wisp|p1a: Excadrill
|-status|p1a: Excadrill|brn
|
|-weather|SunnyDay|[upkeep]
|-damage|p1a: Excadrill|94/100 brn|[from] brn
|upkeep
|turn|2
|
|t:|1758946534
|switch|p2a: 松代健|Great Tusk|100/100
|-activate|p2a: 松代健|ability: Protosynthesis
|-start|p2a: 松代健|protosynthesisatk
|move|p1a: Excadrill|Earthquake|p2a: 松代健
|-damage|p2a: 松代健|79/100
|
|-weather|SunnyDay|[upkeep]
|-damage|p1a: Excadrill|88/100 brn|[from] brn
|upkeep
|turn|3
|
|t:|1758946541
|move|p1a: Excadrill|Earthquake|p2a: 松代健
|-damage|p2a: 松代健|59/100
|move|p2a: 松代健|Knock Off|p1a: Excadrill
|-damage|p1a: Excadrill|27/100 brn
|-enditem|p1a: Excadrill|Focus Sash|[from] move: Knock Off|[of] p2a: 松代健
|
|-weather|SunnyDay|[upkeep]
|-damage|p1a: Excadrill|21/100 brn|[from] brn
|upkeep
|turn|4
|
|t:|1758946555
|move|p1a: Excadrill|Stealth Rock|p2a: 松代健
|-sidestart|p2: 123qazwsx|move: Stealth Rock
|move|p2a: 松代健|Rapid Spin|p1a: Excadrill
|-resisted|p1a: Excadrill
|-damage|p1a: Excadrill|5/100 brn
|-boost|p2a: 松代健|spe|1
|-sideend|p2: 123qazwsx|Stealth Rock|[from] move: Rapid Spin|[of] p2a: 松代健
|
|-weather|SunnyDay|[upkeep]
|-damage|p1a: Excadrill|0 fnt|[from] brn
|faint|p1a: Excadrill
|upkeep
|
|t:|1758946560
|switch|p1a: Kyurem|Kyurem|100/100
|-ability|p1a: Kyurem|Pressure
|turn|5
|
|t:|1758946567
|move|p2a: 松代健|Close Combat|p1a: Kyurem
|-supereffective|p1a: Kyurem
|-damage|p1a: Kyurem|0 fnt
|-unboost|p2a: 松代健|def|1
|-unboost|p2a: 松代健|spd|1
|faint|p1a: Kyurem
|-enditem|p2a: 松代健|Eject Pack
|
|t:|1758946575
|-end|p2a: 松代健|Protosynthesis|[silent]
|switch|p2a: Raging Bolt|Raging Bolt|100/100
|-activate|p2a: Raging Bolt|ability: Protosynthesis
|-start|p2a: Raging Bolt|protosynthesisspa
|
|-weather|SunnyDay|[upkeep]
|upkeep
|
|t:|1758946582
|switch|p1a: Garganacl|Garganacl, M|100/100
|turn|6
|
|t:|1758946591
|move|p2a: Raging Bolt|Volt Switch|p1a: Garganacl
|-damage|p1a: Garganacl|67/100
|
|t:|1758946595
|-end|p2a: Raging Bolt|Protosynthesis|[silent]
|switch|p2a: 松代健|Great Tusk|59/100|[from] Volt Switch
|-activate|p2a: 松代健|ability: Protosynthesis
|-start|p2a: 松代健|protosynthesisatk
|move|p1a: Garganacl|Salt Cure|p2a: 松代健
|-resisted|p2a: 松代健
|-damage|p2a: 松代健|57/100
|-start|p2a: 松代健|Salt Cure
|
|-weather|SunnyDay|[upkeep]
|-heal|p1a: Garganacl|74/100|[from] item: Leftovers
|-damage|p2a: 松代健|45/100|[from] Salt Cure
|upkeep
|turn|7
|
|t:|1758946599
|move|p1a: Garganacl|Protect|p1a: Garganacl
|-singleturn|p1a: Garganacl|Protect
|move|p2a: 松代健|Knock Off|p1a: Garganacl
|-activate|p1a: Garganacl|move: Protect
|
|-weather|SunnyDay|[upkeep]
|-heal|p1a: Garganacl|80/100|[from] item: Leftovers
|-damage|p2a: 松代健|32/100|[from] Salt Cure
|upkeep
|turn|8
|
|t:|1758946603
|move|p2a: 松代健|Knock Off|p1a: Garganacl
|-damage|p1a: Garganacl|52/100
|-enditem|p1a: Garganacl|Leftovers|[from] move: Knock Off|[of] p2a: 松代健
|move|p1a: Garganacl|Iron Defense|p1a: Garganacl
|-boost|p1a: Garganacl|def|2
|
|-weather|none
|-end|p2a: 松代健|Protosynthesis
|-damage|p2a: 松代健|20/100|[from] Salt Cure
|upkeep
|turn|9
|
|t:|1758946613
|-end|p2a: 松代健|Protosynthesis|[silent]
|switch|p2a: 河内恭介|Torkoal, M|38/100
|-weather|SunnyDay|[from] ability: Drought|[of] p2a: 河内恭介
|move|p1a: Garganacl|Recover|p1a: Garganacl
|-heal|p1a: Garganacl|100/100
|
|-weather|SunnyDay|[upkeep]
|upkeep
|turn|10
|
|t:|1758946618
|move|p2a: 河内恭介|Clear Smog|p1a: Garganacl
|-resisted|p1a: Garganacl
|-damage|p1a: Garganacl|97/100
|-clearboost|p1a: Garganacl
|move|p1a: Garganacl|Salt Cure|p2a: 河内恭介
|-supereffective|p2a: 河内恭介
|-damage|p2a: 河内恭介|22/100
|-start|p2a: 河内恭介|Salt Cure
|
|-weather|SunnyDay|[upkeep]
|-damage|p2a: 河内恭介|10/100|[from] Salt Cure
|upkeep
|turn|11
|
|t:|1758946633
|move|p2a: 河内恭介|Stealth Rock|p1a: Garganacl
|-sidestart|p1: MyNameJeeeeff|move: Stealth Rock
|move|p1a: Garganacl|Iron Defense|p1a: Garganacl
|-boost|p1a: Garganacl|def|2
|
|-weather|SunnyDay|[upkeep]
|-damage|p2a: 河内恭介|0 fnt|[from] Salt Cure
|faint|p2a: 河内恭介
|upkeep
|
|t:|1758946638
|switch|p2a: 冠茂|Walking Wake|100/100
|-activate|p2a: 冠茂|ability: Protosynthesis
|-start|p2a: 冠茂|protosynthesisspe
|turn|12
|
|t:|1758946650
|move|p1a: Garganacl|Protect|p1a: Garganacl
|-singleturn|p1a: Garganacl|Protect
|move|p2a: 冠茂|Hydro Steam|p1a: Garganacl
|-activate|p1a: Garganacl|move: Protect
|
|-weather|SunnyDay|[upkeep]
|upkeep
|turn|13
|
|t:|1758946653
|-terastallize|p2a: 冠茂|Water
|move|p2a: 冠茂|Hydro Steam|p1a: Garganacl
|-supereffective|p1a: Garganacl
|-damage|p1a: Garganacl|0 fnt
|faint|p1a: Garganacl
|-damage|p2a: 冠茂|91/100|[from] item: Life Orb
|
|-weather|SunnyDay|[upkeep]
|upkeep
|
|t:|1758946657
|switch|p1a: Talonflame|Talonflame, F|100/100
|turn|14
|
|t:|1758946661
|move|p1a: Talonflame|Tailwind|p1a: Talonflame
|-sidestart|p1: MyNameJeeeeff|move: Tailwind
|move|p2a: 冠茂|Hydro Steam|p1a: Talonflame
|-supereffective|p1a: Talonflame
|-damage|p1a: Talonflame|0 fnt
|faint|p1a: Talonflame
|-damage|p2a: 冠茂|81/100|[from] item: Life Orb
|
|-weather|SunnyDay|[upkeep]
|upkeep
|
|t:|1758946664
|switch|p1a: Rillaboom|Rillaboom, F|100/100
|-damage|p1a: Rillaboom|88/100|[from] Stealth Rock
|-fieldstart|move: Grassy Terrain|[from] ability: Grassy Surge|[of] p1a: Rillaboom
|turn|15
|
|t:|1758946676
|-end|p2a: 冠茂|Protosynthesis|[silent]
|switch|p2a: 松代健|Great Tusk|20/100
|-activate|p2a: 松代健|ability: Protosynthesis
|-start|p2a: 松代健|protosynthesisatk
|move|p1a: Rillaboom|Swords Dance|p1a: Rillaboom
|-boost|p1a: Rillaboom|atk|2
|
|-weather|SunnyDay|[upkeep]
|-heal|p1a: Rillaboom|94/100|[from] Grassy Terrain
|-heal|p2a: 松代健|26/100|[from] Grassy Terrain
|upkeep
|turn|16
|
|t:|1758946686
|move|p1a: Rillaboom|Grassy Glide|p2a: 松代健
|-supereffective|p2a: 松代健
|-damage|p2a: 松代健|0 fnt
|faint|p2a: 松代健
|-end|p2a: 松代健|Protosynthesis|[silent]
|-damage|p1a: Rillaboom|84/100|[from] item: Life Orb
|
|-weather|none
|-heal|p1a: Rillaboom|90/100|[from] Grassy Terrain
|upkeep
|
|t:|1758946700
|switch|p2a: 诹访原戒|Lilligant-Hisui, F|100/100
|turn|17
|
|t:|1758946709
|move|p1a: Rillaboom|Knock Off|p2a: 诹访原戒
|-resisted|p2a: 诹访原戒
|-damage|p2a: 诹访原戒|25/100
|-enditem|p2a: 诹访原戒|Life Orb|[from] move: Knock Off|[of] p1a: Rillaboom
|-damage|p1a: Rillaboom|80/100|[from] item: Life Orb
|move|p2a: 诹访原戒|Triple Axel|p1a: Rillaboom
|-supereffective|p1a: Rillaboom
|-damage|p1a: Rillaboom|68/100
|-supereffective|p1a: Rillaboom
|-damage|p1a: Rillaboom|41/100
|-supereffective|p1a: Rillaboom
|-damage|p1a: Rillaboom|0 fnt
|faint|p1a: Rillaboom
|-hitcount|p1: Rillaboom|3
|
|-heal|p2a: 诹访原戒|31/100|[from] Grassy Terrain
|-sideend|p1: MyNameJeeeeff|move: Tailwind
|upkeep
|
|t:|1758946714
|switch|p1a: Enamorus|Enamorus, F|100/100
|-damage|p1a: Enamorus|76/100|[from] Stealth Rock
|turn|18
|
|t:|1758946719
|-terastallize|p1a: Enamorus|Stellar
|move|p1a: Enamorus|Tera Blast|p2a: 诹访原戒|[anim] Tera Blast Stellar
|-damage|p2a: 诹访原戒|0 fnt
|-boost|p1a: Enamorus|atk|1
|-boost|p1a: Enamorus|spa|1
|faint|p2a: 诹访原戒
|
|upkeep
|
|t:|1758946729
|switch|p2a: 冠茂|Walking Wake, tera:Water|81/100
|turn|19
|
|t:|1758946734
|move|p1a: Enamorus|Tera Blast|p2a: 冠茂|[anim] Tera Blast Stellar
|-supereffective|p2a: 冠茂
|-damage|p2a: 冠茂|0 fnt
|-boost|p1a: Enamorus|atk|1
|-boost|p1a: Enamorus|spa|1
|faint|p2a: 冠茂
|-end|p2a: 冠茂|Protosynthesis|[silent]
|
|-fieldend|move: Grassy Terrain
|upkeep
|
|t:|1758946740
|switch|p2a: Raging Bolt|Raging Bolt|100/100
|turn|20
|
|t:|1758946750
|move|p1a: Enamorus|Tera Blast|p2a: Raging Bolt|[anim] Tera Blast Stellar
|-damage|p2a: Raging Bolt|19/100
|-boost|p1a: Enamorus|atk|1
|-boost|p1a: Enamorus|spa|1
|move|p2a: Raging Bolt|Thunderbolt|p1a: Enamorus
|-supereffective|p1a: Enamorus
|-damage|p1a: Enamorus|0 fnt
|faint|p1a: Enamorus
|
|win|123qazwsx
|raw|MyNameJeeeeff's rating: 1398 &rarr; <strong>1376</strong><br />(-22 for losing)
|raw|123qazwsx's rating: 1356 &rarr; <strong>1378</strong><br />(+22 for winning)
|l|‽MyNameJeeeeff
|player|p1|
|l|☆123qazwsx
|player|p2|
