|j|☆jumbolino
|j|☆rayninja07
|t:|1758957707
|gametype|singles
|player|p1|jumbolino|169|1076
|player|p2|rayninja07|n|1141
|gen|9
|tier|[Gen 9] OU
|rated|
|rule|HP Percentage Mod: HP is shown in percentages
|rule|Endless Battle Clause: Forcing endless battles is banned
|rule|Species Clause: Limit one of each Pokémon
|rule|OHKO Clause: OHKO moves are banned
|rule|Evasion Items Clause: Evasion items are banned
|rule|Evasion Moves Clause: Evasion moves are banned
|rule|Evasion Abilities Clause: Evasion abilities are banned
|rule|Sleep Moves Clause: Sleep-inducing moves are banned
|clearpoke
|poke|p1|Zapdos|
|poke|p1|Magnezone|
|poke|p1|Jolteon, M|
|poke|p1|Rotom-Wash|
|poke|p1|Pawmot, M|
|poke|p1|Golem-Alola, M|
|poke|p2|Hariyama, M|
|poke|p2|Mimikyu, F|
|poke|p2|Umbreon, F|
|poke|p2|Hawlucha, F|
|poke|p2|Dragonite, F|
|poke|p2|Forretress, M|
|teampreview
|inactive|Battle timer is ON: inactive players will automatically lose when time's up. (requested by rayninja07)
|
|t:|1758957720
|teamsize|p1|6
|teamsize|p2|6
|start
|switch|p1a: Zapdos|Zapdos|100/100
|switch|p2a: Forretress|Forretress, M|100/100
|turn|1
|
|t:|1758957730
|move|p1a: Zapdos|Heat Wave|p2a: Forretress
|-supereffective|p2a: Forretress
|-ability|p2a: Forretress|Sturdy
|-damage|p2a: Forretress|1/100
|-enditem|p2a: Forretress|Red Card|[of] p1a: Zapdos
|drag|p1a: Pawmot|Pawmot, M|100/100
|move|p2a: Forretress|Stealth Rock|p1a: Pawmot
|-sidestart|p1: jumbolino|move: Stealth Rock
|
|upkeep
|turn|2
|
|t:|1758957742
|move|p1a: Pawmot|Nuzzle|p2a: Forretress
|-damage|p2a: Forretress|0 fnt
|faint|p2a: Forretress
|
|upkeep
|
|t:|1758957754
|switch|p2a: Hariyama|Hariyama, M|100/100
|turn|3
|
|t:|1758957761
|move|p1a: Pawmot|Nuzzle|p2a: Hariyama
|-damage|p2a: Hariyama|89/100
|-status|p2a: Hariyama|par
|move|p2a: Hariyama|Belly Drum|p2a: Hariyama
|-damage|p2a: Hariyama|39/100 par
|-setboost|p2a: Hariyama|atk|6|[from] move: Belly Drum
|
|upkeep
|turn|4
|
|t:|1758957789
|move|p1a: Pawmot|Seed Bomb|p2a: Hariyama
|-damage|p2a: Hariyama|15/100 par
|move|p2a: Hariyama|Drain Punch|p1a: Pawmot
|-enditem|p1a: Pawmot|Focus Sash
|-damage|p1a: Pawmot|1/100
|-heal|p2a: Hariyama|43/100 par|[from] drain|[of] p1a: Pawmot
|
|upkeep
|turn|5
|
|t:|1758957799
|move|p2a: Hariyama|Bullet Punch|p1a: Pawmot
|-resisted|p1a: Pawmot
|-damage|p1a: Pawmot|0 fnt
|faint|p1a: Pawmot
|
|upkeep
|
|t:|1758957818
|switch|p1a: Magnezone|Magnezone|100/100
|-damage|p1a: Magnezone|94/100|[from] Stealth Rock
|turn|6
|
|t:|1758957828
|move|p1a: Magnezone|Volt Switch|p2a: Hariyama
|-damage|p2a: Hariyama|11/100 par
|
|t:|1758957831
|switch|p1a: Golem|Golem-Alola, M|100/100|[from] Volt Switch
|-damage|p1a: Golem|88/100|[from] Stealth Rock
|move|p2a: Hariyama|Drain Punch|p1a: Golem
|-supereffective|p1a: Golem
|-damage|p1a: Golem|0 fnt
|-heal|p2a: Hariyama|39/100 par|[from] drain|[of] p1a: Golem
|faint|p1a: Golem
|
|upkeep
|
|t:|1758957846
|switch|p1a: Jolteon|Jolteon, M|100/100
|-damage|p1a: Jolteon|88/100|[from] Stealth Rock
|turn|7
|
|t:|1758957855
|move|p2a: Hariyama|Bullet Punch|p1a: Jolteon
|-resisted|p1a: Jolteon
|-crit|p1a: Jolteon
|-damage|p1a: Jolteon|0 fnt
|faint|p1a: Jolteon
|
|upkeep
|
|t:|1758957861
|switch|p1a: Magnezone|Magnezone|94/100
|-damage|p1a: Magnezone|88/100|[from] Stealth Rock
|turn|8
|
|t:|1758957866
|move|p1a: Magnezone|Flash Cannon|p2a: Hariyama
|-damage|p2a: Hariyama|3/100 par
|-unboost|p2a: Hariyama|spd|1
|move|p2a: Hariyama|Drain Punch|p1a: Magnezone
|-supereffective|p1a: Magnezone
|-damage|p1a: Magnezone|0 fnt
|-heal|p2a: Hariyama|34/100 par|[from] drain|[of] p1a: Magnezone
|faint|p1a: Magnezone
|
|upkeep
|-message|jumbolino forfeited.
|
|win|rayninja07
|raw|jumbolino's rating: 1076 &rarr; <strong>1057</strong><br />(-19 for losing)
|raw|rayninja07's rating: 1115 &rarr; <strong>1137</strong><br />(+22 for winning)
|l|☆jumbolino
|player|p1|
|l|☆rayninja07
|player|p2|
