|j|☆spawn007
|j|☆edrawed
|t:|1758916677
|gametype|singles
|player|p1|spawn007|swimmerf-gen4|1119
|player|p2|edrawed|266|1172
|gen|9
|tier|[Gen 9] OU
|rated|
|rule|HP Percentage Mod: HP is shown in percentages
|rule|Endless Battle Clause: Forcing endless battles is banned
|rule|Species Clause: Limit one of each Pokémon
|rule|OHKO Clause: OHKO moves are banned
|rule|Evasion Items Clause: Evasion items are banned
|rule|Evasion Moves Clause: Evasion moves are banned
|rule|Evasion Abilities Clause: Evasion abilities are banned
|rule|Sleep Moves Clause: Sleep-inducing moves are banned
|clearpoke
|poke|p1|Cinderace, M|
|poke|p1|Hatterene, F|
|poke|p1|Samurott-Hisui, F|
|poke|p1|Sinistcha|
|poke|p1|Darkrai|
|poke|p1|Ting-Lu|
|poke|p2|Delphox, F|
|poke|p2|Bisharp, M|
|poke|p2|Cetitan, M|
|poke|p2|Pawmot, M|
|poke|p2|Slowking-Galar, F|
|poke|p2|Lurantis, M|
|teampreview
|
|t:|1758916691
|teamsize|p1|6
|teamsize|p2|6
|start
|switch|p1a: Samurott|Samurott-Hisui, F|100/100
|switch|p2a: Slowking|Slowking-Galar, F, shiny|100/100
|turn|1
|
|t:|1758916702
|move|p1a: Samurott|Ceaseless Edge|p2a: Slowking
|-supereffective|p2a: Slowking
|-damage|p2a: Slowking|15/100
|-sidestart|p2: edrawed|Spikes
|-prepare|p2a: Slowking|Chilly Reception|[premajor]
|move|p2a: Slowking|Chilly Reception|p2a: Slowking
|-weather|Snowscape
|
|t:|1758916713
|switch|p2a: Cetitan|Cetitan, M, shiny|100/100|[from] Chilly Reception
|-damage|p2a: Cetitan|88/100|[from] Spikes
|
|-weather|Snowscape|[upkeep]
|upkeep
|turn|2
|
|t:|1758916730
|move|p2a: Cetitan|Belly Drum|p2a: Cetitan
|-damage|p2a: Cetitan|38/100
|-setboost|p2a: Cetitan|atk|6|[from] move: Belly Drum
|-enditem|p2a: Cetitan|Sitrus Berry|[eat]
|-heal|p2a: Cetitan|63/100|[from] item: Sitrus Berry
|move|p1a: Samurott|Knock Off|p2a: Cetitan
|-damage|p2a: Cetitan|44/100
|
|-weather|Snowscape|[upkeep]
|upkeep
|turn|3
|
|t:|1758916740
|move|p2a: Cetitan|Icicle Crash|p1a: Samurott
|-resisted|p1a: Samurott
|-damage|p1a: Samurott|9/100
|move|p1a: Samurott|Ceaseless Edge|p2a: Cetitan
|-damage|p2a: Cetitan|17/100
|-sidestart|p2: edrawed|Spikes
|
|-weather|Snowscape|[upkeep]
|upkeep
|turn|4
|
|t:|1758916750
|move|p1a: Samurott|Sucker Punch|p2a: Cetitan
|-damage|p2a: Cetitan|0 fnt
|faint|p2a: Cetitan
|
|-weather|Snowscape|[upkeep]
|upkeep
|
|t:|1758916759
|switch|p2a: Pawmot|Pawmot, M, shiny|100/100
|-damage|p2a: Pawmot|84/100|[from] Spikes
|turn|5
|
|t:|1758916766
|move|p2a: Pawmot|Fake Out|p1a: Samurott
|-damage|p1a: Samurott|0 fnt
|faint|p1a: Samurott
|-damage|p2a: Pawmot|74/100|[from] item: Life Orb
|
|-weather|none
|upkeep
|
|t:|1758916775
|switch|p1a: Ting-Lu|Ting-Lu|100/100
|-ability|p1a: Ting-Lu|Vessel of Ruin
|turn|6
|
|t:|1758916781
|move|p2a: Pawmot|Close Combat|p1a: Ting-Lu
|-supereffective|p1a: Ting-Lu
|-damage|p1a: Ting-Lu|19/100
|-unboost|p2a: Pawmot|def|1
|-unboost|p2a: Pawmot|spd|1
|-damage|p2a: Pawmot|64/100|[from] item: Life Orb
|move|p1a: Ting-Lu|Stealth Rock|p2a: Pawmot
|-sidestart|p2: edrawed|move: Stealth Rock
|
|-heal|p1a: Ting-Lu|25/100|[from] item: Leftovers
|upkeep
|turn|7
|
|t:|1758916792
|switch|p1a: Sinistcha|Sinistcha|100/100
|move|p2a: Pawmot|Close Combat|p1a: Sinistcha
|-immune|p1a: Sinistcha
|
|upkeep
|turn|8
|
|t:|1758916804
|switch|p2a: Slowking|Slowking-Galar, F, shiny|48/100
|-damage|p2a: Slowking|31/100|[from] Spikes
|-damage|p2a: Slowking|19/100|[from] Stealth Rock
|move|p1a: Sinistcha|Strength Sap|p2a: Slowking
|-unboost|p2a: Slowking|atk|1
|
|-heal|p2a: Slowking|25/100|[from] item: Leftovers
|upkeep
|turn|9
|
|t:|1758916824
|move|p1a: Sinistcha|Matcha Gotcha|p2a: Slowking
|-resisted|p2a: Slowking
|-damage|p2a: Slowking|13/100
|-prepare|p2a: Slowking|Chilly Reception|[premajor]
|move|p2a: Slowking|Chilly Reception|p2a: Slowking
|-weather|Snowscape
|
|t:|1758916829
|switch|p2a: Delphox|Delphox, F, shiny|100/100|[from] Chilly Reception
|-damage|p2a: Delphox|84/100|[from] Spikes
|-damage|p2a: Delphox|59/100|[from] Stealth Rock
|
|-weather|Snowscape|[upkeep]
|upkeep
|turn|10
|
|t:|1758916893
|move|p2a: Delphox|Flamethrower|p1a: Sinistcha
|-supereffective|p1a: Sinistcha
|-damage|p1a: Sinistcha|16/100
|move|p1a: Sinistcha|Shadow Ball|p2a: Delphox
|-supereffective|p2a: Delphox
|-damage|p2a: Delphox|0 fnt
|faint|p2a: Delphox
|
|-weather|Snowscape|[upkeep]
|upkeep
|
|t:|1758916924
|switch|p2a: Bisharp|Bisharp, M, shiny|100/100
|-damage|p2a: Bisharp|84/100|[from] Spikes
|-damage|p2a: Bisharp|78/100|[from] Stealth Rock
|turn|11
|
|t:|1758916932
|move|p2a: Bisharp|Throat Chop|p1a: Sinistcha
|-supereffective|p1a: Sinistcha
|-damage|p1a: Sinistcha|0 fnt
|faint|p1a: Sinistcha
|
|-weather|Snowscape|[upkeep]
|upkeep
|
|t:|1758916945
|switch|p1a: Cinderace|Cinderace, M|100/100
|turn|12
|
|t:|1758916953
|switch|p2a: Slowking|Slowking-Galar, F, shiny|46/100
|-damage|p2a: Slowking|30/100|[from] Spikes
|-damage|p2a: Slowking|17/100|[from] Stealth Rock
|move|p1a: Cinderace|Swords Dance|p1a: Cinderace
|-start|p1a: Cinderace|typechange|Normal|[from] ability: Libero
|-boost|p1a: Cinderace|atk|2
|
|-weather|Snowscape|[upkeep]
|-heal|p2a: Slowking|23/100|[from] item: Leftovers
|upkeep
|turn|13
|
|t:|1758916968
|move|p1a: Cinderace|Pyro Ball|p2a: Slowking
|-damage|p2a: Slowking|0 fnt
|faint|p2a: Slowking
|
|-weather|none
|upkeep
|
|t:|1758916975
|switch|p2a: Lurantis|Lurantis, M, shiny|100/100
|-damage|p2a: Lurantis|84/100|[from] Spikes
|-damage|p2a: Lurantis|71/100|[from] Stealth Rock
|turn|14
|
|t:|1758916983
|-terastallize|p1a: Cinderace|Grass
|-terastallize|p2a: Lurantis|Water
|move|p1a: Cinderace|Trailblaze|p2a: Lurantis
|-supereffective|p2a: Lurantis
|-crit|p2a: Lurantis
|-damage|p2a: Lurantis|0 fnt
|-boost|p1a: Cinderace|spe|1
|faint|p2a: Lurantis
|
|upkeep
|
|t:|1758916995
|switch|p2a: Pawmot|Pawmot, M, shiny|64/100
|-damage|p2a: Pawmot|48/100|[from] Spikes
|-damage|p2a: Pawmot|42/100|[from] Stealth Rock
|turn|15
|
|t:|1758917001
|move|p2a: Pawmot|Fake Out|p1a: Cinderace
|-damage|p1a: Cinderace|79/100
|-damage|p2a: Pawmot|32/100|[from] item: Life Orb
|cant|p1a: Cinderace|flinch
|
|upkeep
|turn|16
|
|t:|1758917007
|move|p1a: Cinderace|Trailblaze|p2a: Pawmot
|-damage|p2a: Pawmot|0 fnt
|-boost|p1a: Cinderace|spe|1
|faint|p2a: Pawmot
|
|upkeep
|
|t:|1758917010
|switch|p2a: Bisharp|Bisharp, M, shiny|78/100
|-damage|p2a: Bisharp|62/100|[from] Spikes
|-damage|p2a: Bisharp|56/100|[from] Stealth Rock
|turn|17
|
|t:|1758917020
|move|p1a: Cinderace|Pyro Ball|p2a: Bisharp
|-supereffective|p2a: Bisharp
|-damage|p2a: Bisharp|0 fnt
|faint|p2a: Bisharp
|
|win|spawn007
|raw|spawn007's rating: 1119 &rarr; <strong>1148</strong><br />(+29 for winning)
|raw|edrawed's rating: 1172 &rarr; <strong>1143</strong><br />(-29 for losing)
