|j|☆mestesso0
|j|☆Carletous
|t:|1759000691
|gametype|singles
|player|p1|mestesso0|170|1337
|player|p2|Carletous|101|1394
|gen|9
|tier|[Gen 9] OU
|rated|
|rule|HP Percentage Mod: HP is shown in percentages
|rule|Endless Battle Clause: Forcing endless battles is banned
|rule|Species Clause: Limit one of each Pokémon
|rule|OHKO Clause: OHKO moves are banned
|rule|Evasion Items Clause: Evasion items are banned
|rule|Evasion Moves Clause: Evasion moves are banned
|rule|Evasion Abilities Clause: Evasion abilities are banned
|rule|Sleep Moves Clause: Sleep-inducing moves are banned
|clearpoke
|poke|p1|Pecharunt|
|poke|p1|Great Tusk|
|poke|p1|Ogerpon-Wellspring, F|
|poke|p1|Iron Crown|
|poke|p1|Landorus-Therian, M|
|poke|p1|Samurott-Hisui, F|
|poke|p2|Glimmora, M|
|poke|p2|Ninetales-Alola, F|
|poke|p2|Lucario, M|
|poke|p2|Samurott-Hisui, M|
|poke|p2|Skeledirge, M|
|poke|p2|Salamence, M|
|teampreview
|inactive|Battle timer is ON: inactive players will automatically lose when time's up. (requested by mestesso0)
|
|t:|1759000708
|teamsize|p1|6
|teamsize|p2|6
|start
|switch|p1a: Samurott|Samurott-Hisui, F|100/100
|switch|p2a: Samurott|Samurott-Hisui, M, shiny|100/100
|turn|1
|
|t:|1759000732
|move|p2a: Samurott|Sacred Sword|p1a: Samurott
|-supereffective|p1a: Samurott
|-damage|p1a: Samurott|0 fnt
|faint|p1a: Samurott
|
|upkeep
|
|t:|1759000746
|switch|p1a: Pecharunt|Pecharunt|100/100
|turn|2
|
|t:|1759000763
|switch|p2a: Glimmora|Glimmora, M|100/100
|move|p1a: Pecharunt|Parting Shot|p2a: Glimmora
|-unboost|p2a: Glimmora|atk|1
|-unboost|p2a: Glimmora|spa|1
|
|t:|1759000770
|switch|p1a: Great Tusk|Great Tusk|100/100|[from] Parting Shot
|-enditem|p1a: Great Tusk|Booster Energy
|-activate|p1a: Great Tusk|ability: Protosynthesis|[fromitem]
|-start|p1a: Great Tusk|protosynthesisspe
|
|upkeep
|turn|3
|
|t:|1759000780
|-terastallize|p2a: Glimmora|Grass
|move|p1a: Great Tusk|Rapid Spin|p2a: Glimmora
|-damage|p2a: Glimmora|90/100
|-boost|p1a: Great Tusk|spe|1
|-activate|p2a: Glimmora|ability: Toxic Debris
|-sidestart|p1: mestesso0|move: Toxic Spikes
|-sideend|p1: mestesso0|Toxic Spikes|[from] move: Rapid Spin|[of] p1a: Great Tusk
|move|p2a: Glimmora|Energy Ball|p1a: Great Tusk
|-supereffective|p1a: Great Tusk
|-damage|p1a: Great Tusk|36/100
|
|-heal|p2a: Glimmora|96/100|[from] item: Leftovers
|upkeep
|turn|4
|
|t:|1759000798
|-end|p1a: Great Tusk|Protosynthesis|[silent]
|switch|p1a: Pecharunt|Pecharunt|100/100
|move|p2a: Glimmora|Stealth Rock|p1a: Pecharunt
|-sidestart|p1: mestesso0|move: Stealth Rock
|
|-heal|p2a: Glimmora|100/100|[from] item: Leftovers
|upkeep
|turn|5
|
|t:|1759000812
|switch|p2a: Salamence|Salamence, M|100/100
|move|p1a: Pecharunt|Malignant Chain|p2a: Salamence
|-damage|p2a: Salamence|64/100
|-status|p2a: Salamence|tox
|-start|p2a: Salamence|confusion|[from] ability: Poison Puppeteer|[of] p1a: Pecharunt
|-enditem|p2a: Salamence|Lum Berry|[eat]
|-curestatus|p2a: Salamence|tox|[msg]
|-end|p2a: Salamence|confusion
|
|upkeep
|turn|6
|
|t:|1759000833
|move|p2a: Salamence|Dragon Dance|p2a: Salamence
|-boost|p2a: Salamence|atk|1
|-boost|p2a: Salamence|spe|1
|move|p1a: Pecharunt|Malignant Chain|p2a: Salamence
|-damage|p2a: Salamence|26/100
|
|upkeep
|turn|7
|inactive|Carletous has 120 seconds left.
|
|t:|1759000849
|move|p2a: Salamence|Earthquake|p1a: Pecharunt
|-supereffective|p1a: Pecharunt
|-damage|p1a: Pecharunt|45/100
|move|p1a: Pecharunt|Malignant Chain|p2a: Salamence
|-damage|p2a: Salamence|0 fnt
|faint|p2a: Salamence
|
|upkeep
|inactive|Carletous has 120 seconds left.
|
|t:|1759000861
|switch|p2a: Samurott|Samurott-Hisui, M, shiny|100/100
|turn|8
|
|t:|1759000868
|switch|p1a: Landorus|Landorus-Therian, M|100/100
|-damage|p1a: Landorus|88/100|[from] Stealth Rock
|-ability|p1a: Landorus|Intimidate|boost
|-unboost|p2a: Samurott|atk|1
|move|p2a: Samurott|Ceaseless Edge|p1a: Landorus
|-damage|p1a: Landorus|56/100
|-sidestart|p1: mestesso0|Spikes
|
|upkeep
|turn|9
|
|t:|1759000880
|switch|p2a: Glimmora|Glimmora, M, tera:Grass|100/100
|move|p1a: Landorus|U-turn|p2a: Glimmora
|-supereffective|p2a: Glimmora
|-damage|p2a: Glimmora|56/100
|-activate|p2a: Glimmora|ability: Toxic Debris
|-sidestart|p1: mestesso0|move: Toxic Spikes
|
|t:|1759000888
|switch|p1a: Great Tusk|Great Tusk|36/100|[from] U-turn
|-damage|p1a: Great Tusk|33/100|[from] Stealth Rock
|-damage|p1a: Great Tusk|20/100|[from] Spikes
|-status|p1a: Great Tusk|psn
|
|-heal|p2a: Glimmora|62/100|[from] item: Leftovers
|-damage|p1a: Great Tusk|8/100 psn|[from] psn
|upkeep
|turn|10
|
|t:|1759000902
|move|p1a: Great Tusk|Headlong Rush|p2a: Glimmora
|-resisted|p2a: Glimmora
|-damage|p2a: Glimmora|44/100
|-unboost|p1a: Great Tusk|def|1
|-unboost|p1a: Great Tusk|spd|1
|-activate|p2a: Glimmora|ability: Toxic Debris
|-sidestart|p1: mestesso0|move: Toxic Spikes
|move|p2a: Glimmora|Energy Ball|p1a: Great Tusk
|-supereffective|p1a: Great Tusk
|-damage|p1a: Great Tusk|0 fnt
|faint|p1a: Great Tusk
|-end|p1a: Great Tusk|Protosynthesis|[silent]
|
|-heal|p2a: Glimmora|50/100|[from] item: Leftovers
|upkeep
|
|t:|1759000916
|switch|p1a: Pecharunt|Pecharunt|45/100
|-damage|p1a: Pecharunt|32/100|[from] Stealth Rock
|-damage|p1a: Pecharunt|20/100|[from] Spikes
|-sideend|p1: mestesso0|move: Toxic Spikes|[of] p1a: Pecharunt
|turn|11
|
|t:|1759000930
|switch|p2a: Lucario|Lucario, M|100/100
|move|p1a: Pecharunt|Malignant Chain|p2a: Lucario
|-immune|p2a: Lucario
|
|upkeep
|turn|12
|
|t:|1759000939
|move|p2a: Lucario|Swords Dance|p2a: Lucario
|-boost|p2a: Lucario|atk|2
|move|p1a: Pecharunt|Recover|p1a: Pecharunt
|-heal|p1a: Pecharunt|70/100
|
|upkeep
|turn|13
|
|t:|1759000949
|move|p2a: Lucario|Swords Dance|p2a: Lucario
|-boost|p2a: Lucario|atk|2
|move|p1a: Pecharunt|Parting Shot|p2a: Lucario
|-unboost|p2a: Lucario|atk|1
|-unboost|p2a: Lucario|spa|1
|
|t:|1759000962
|switch|p1a: Landorus|Landorus-Therian, M|56/100|[from] Parting Shot
|-damage|p1a: Landorus|44/100|[from] Stealth Rock
|-ability|p1a: Landorus|Intimidate|boost
|-unboost|p2a: Lucario|atk|1
|
|upkeep
|turn|14
|
|t:|1759000977
|move|p2a: Lucario|Extreme Speed|p1a: Landorus
|-damage|p1a: Landorus|0 fnt
|faint|p1a: Landorus
|
|upkeep
|
|t:|1759000981
|switch|p1a: Iron Crown|Iron Crown|100/100
|-damage|p1a: Iron Crown|94/100|[from] Stealth Rock
|-damage|p1a: Iron Crown|82/100|[from] Spikes
|turn|15
|
|t:|1759000994
|switch|p2a: Glimmora|Glimmora, M, tera:Grass|50/100
|move|p1a: Iron Crown|Focus Blast|p2a: Glimmora
|-damage|p2a: Glimmora|0 fnt
|faint|p2a: Glimmora
|
|upkeep
|
|t:|1759001001
|switch|p2a: Samurott|Samurott-Hisui, M, shiny|100/100
|turn|16
|
|t:|1759001011
|move|p2a: Samurott|Knock Off|p1a: Iron Crown
|-supereffective|p1a: Iron Crown
|-damage|p1a: Iron Crown|0 fnt
|-enditem|p1a: Iron Crown|Choice Specs|[from] move: Knock Off|[of] p2a: Samurott
|faint|p1a: Iron Crown
|-end|p1a: Iron Crown|Quark Drive|[silent]
|
|upkeep
|
|t:|1759001015
|switch|p1a: Ogerpon|Ogerpon-Wellspring, F|100/100
|-damage|p1a: Ogerpon|88/100|[from] Stealth Rock
|-damage|p1a: Ogerpon|76/100|[from] Spikes
|turn|17
|
|t:|1759001037
|switch|p2a: Lucario|Lucario, M|100/100
|move|p1a: Ogerpon|Trailblaze|p2a: Lucario
|-resisted|p2a: Lucario
|-damage|p2a: Lucario|80/100
|-boost|p1a: Ogerpon|spe|1
|
|upkeep
|turn|18
|
|t:|1759001047
|move|p1a: Ogerpon|Ivy Cudgel|p2a: Lucario|[anim] Ivy Cudgel Water
|-damage|p2a: Lucario|0 fnt
|faint|p2a: Lucario
|
|upkeep
|
|t:|1759001054
|switch|p2a: Ninetales|Ninetales-Alola, F|100/100
|-weather|Snowscape|[from] ability: Snow Warning|[of] p2a: Ninetales
|turn|19
|
|t:|1759001068
|-terastallize|p1a: Ogerpon|Water
|detailschange|p1a: Ogerpon|Ogerpon-Wellspring-Tera, F, tera:Water
|-ability|p1a: Ogerpon|Embody Aspect (Wellspring)|boost
|-boost|p1a: Ogerpon|spd|1
|move|p1a: Ogerpon|Swords Dance|p1a: Ogerpon
|-boost|p1a: Ogerpon|atk|2
|move|p2a: Ninetales|Freeze-Dry|p1a: Ogerpon
|-supereffective|p1a: Ogerpon
|-damage|p1a: Ogerpon|40/100
|
|-weather|Snowscape|[upkeep]
|upkeep
|turn|20
|
|t:|1759001081
|move|p1a: Ogerpon|Synthesis|p1a: Ogerpon
|-heal|p1a: Ogerpon|65/100
|move|p2a: Ninetales|Aurora Veil|p2a: Ninetales
|-sidestart|p2: Carletous|move: Aurora Veil
|
|-weather|Snowscape|[upkeep]
|upkeep
|turn|21
|
|t:|1759001088
|move|p1a: Ogerpon|Synthesis|p1a: Ogerpon
|-heal|p1a: Ogerpon|90/100
|move|p2a: Ninetales|Encore|p1a: Ogerpon
|-start|p1a: Ogerpon|Encore
|
|-weather|Snowscape|[upkeep]
|upkeep
|turn|22
|
|t:|1759001104
|move|p1a: Ogerpon|Synthesis|p1a: Ogerpon
|-heal|p1a: Ogerpon|100/100
|move|p2a: Ninetales|Freeze-Dry|p1a: Ogerpon
|-supereffective|p1a: Ogerpon
|-damage|p1a: Ogerpon|68/100
|
|-weather|Snowscape|[upkeep]
|upkeep
|turn|23
|
|t:|1759001114
|move|p1a: Ogerpon|Synthesis|p1a: Ogerpon
|-heal|p1a: Ogerpon|93/100
|move|p2a: Ninetales|Freeze-Dry|p1a: Ogerpon
|-supereffective|p1a: Ogerpon
|-damage|p1a: Ogerpon|56/100
|
|-weather|none
|upkeep
|turn|24
|
|t:|1759001122
|move|p1a: Ogerpon|Synthesis|p1a: Ogerpon
|-heal|p1a: Ogerpon|100/100
|move|p2a: Ninetales|Encore||[still]
|-fail|p2a: Ninetales
|
|-end|p1a: Ogerpon|Encore
|upkeep
|turn|25
|
|t:|1759001135
|move|p1a: Ogerpon|Ivy Cudgel|p2a: Ninetales|[anim] Ivy Cudgel Water
|-damage|p2a: Ninetales|0 fnt
|faint|p2a: Ninetales
|
|upkeep
|
|t:|1759001143
|switch|p2a: Skeledirge|Skeledirge, M|100/100
|turn|26
|
|t:|1759001147
|move|p1a: Ogerpon|Ivy Cudgel|p2a: Skeledirge|[anim] Ivy Cudgel Water
|-supereffective|p2a: Skeledirge
|-damage|p2a: Skeledirge|61/100
|move|p2a: Skeledirge|Will-O-Wisp|p1a: Ogerpon
|-status|p1a: Ogerpon|brn
|
|-heal|p2a: Skeledirge|67/100|[from] item: Leftovers
|-damage|p1a: Ogerpon|94/100 brn|[from] brn
|upkeep
|turn|27
|
|t:|1759001157
|move|p1a: Ogerpon|Ivy Cudgel|p2a: Skeledirge|[anim] Ivy Cudgel Water
|-supereffective|p2a: Skeledirge
|-damage|p2a: Skeledirge|45/100
|move|p2a: Skeledirge|Torch Song|p1a: Ogerpon
|-resisted|p1a: Ogerpon
|-damage|p1a: Ogerpon|80/100 brn
|-boost|p2a: Skeledirge|spa|1
|
|-heal|p2a: Skeledirge|51/100|[from] item: Leftovers
|-damage|p1a: Ogerpon|74/100 brn|[from] brn
|-sideend|p2: Carletous|move: Aurora Veil
|upkeep
|turn|28
|
|t:|1759001165
|move|p1a: Ogerpon|Ivy Cudgel|p2a: Skeledirge|[anim] Ivy Cudgel Water
|-supereffective|p2a: Skeledirge
|-damage|p2a: Skeledirge|5/100
|move|p2a: Skeledirge|Slack Off|p2a: Skeledirge
|-heal|p2a: Skeledirge|55/100
|
|-heal|p2a: Skeledirge|61/100|[from] item: Leftovers
|-damage|p1a: Ogerpon|68/100 brn|[from] brn
|upkeep
|turn|29
|
|t:|1759001176
|move|p1a: Ogerpon|Ivy Cudgel|p2a: Skeledirge|[anim] Ivy Cudgel Water
|-supereffective|p2a: Skeledirge
|-damage|p2a: Skeledirge|15/100
|move|p2a: Skeledirge|Slack Off|p2a: Skeledirge
|-heal|p2a: Skeledirge|65/100
|
|-heal|p2a: Skeledirge|72/100|[from] item: Leftovers
|-damage|p1a: Ogerpon|61/100 brn|[from] brn
|upkeep
|turn|30
|
|t:|1759001184
|move|p1a: Ogerpon|Ivy Cudgel|p2a: Skeledirge|[anim] Ivy Cudgel Water
|-supereffective|p2a: Skeledirge
|-crit|p2a: Skeledirge
|-damage|p2a: Skeledirge|2/100
|move|p2a: Skeledirge|Slack Off|p2a: Skeledirge
|-heal|p2a: Skeledirge|53/100
|
|-heal|p2a: Skeledirge|59/100|[from] item: Leftovers
|-damage|p1a: Ogerpon|55/100 brn|[from] brn
|upkeep
|turn|31
|
|t:|1759001195
|move|p1a: Ogerpon|Ivy Cudgel|p2a: Skeledirge|[anim] Ivy Cudgel Water
|-supereffective|p2a: Skeledirge
|-crit|p2a: Skeledirge
|-damage|p2a: Skeledirge|0 fnt
|faint|p2a: Skeledirge
|
|-damage|p1a: Ogerpon|49/100 brn|[from] brn
|upkeep
|
|t:|1759001205
|switch|p2a: Samurott|Samurott-Hisui, M, shiny|100/100
|turn|32
|
|t:|1759001221
|move|p2a: Samurott|Ceaseless Edge|p1a: Ogerpon
|-damage|p1a: Ogerpon|7/100 brn
|-sidestart|p1: mestesso0|Spikes
|move|p1a: Ogerpon|Trailblaze|p2a: Samurott
|-supereffective|p2a: Samurott
|-damage|p2a: Samurott|27/100
|-boost|p1a: Ogerpon|spe|1
|
|-damage|p1a: Ogerpon|1/100 brn|[from] brn
|upkeep
|turn|33
|
|t:|1759001232
|move|p1a: Ogerpon|Trailblaze|p2a: Samurott
|-supereffective|p2a: Samurott
|-damage|p2a: Samurott|0 fnt
|-boost|p1a: Ogerpon|spe|1
|faint|p2a: Samurott
|
|win|mestesso0
|raw|mestesso0's rating: 1337 &rarr; <strong>1360</strong><br />(+23 for winning)
|raw|Carletous's rating: 1394 &rarr; <strong>1371</strong><br />(-23 for losing)
|l|☆Carletous
|player|p2|
|l|☆mestesso0
|player|p1|
