|j|☆ingunar3
|j|☆December233
|t:|1758982042
|gametype|singles
|player|p1|ingunar3|265|1310
|player|p2|December233|evelyn|1363
|gen|9
|tier|[Gen 9] OU
|rated|
|rule|HP Percentage Mod: HP is shown in percentages
|rule|Endless Battle Clause: Forcing endless battles is banned
|rule|Species Clause: Limit one of each Pokémon
|rule|OHKO Clause: OHKO moves are banned
|rule|Evasion Items Clause: Evasion items are banned
|rule|Evasion Moves Clause: Evasion moves are banned
|rule|Evasion Abilities Clause: Evasion abilities are banned
|rule|Sleep Moves Clause: Sleep-inducing moves are banned
|clearpoke
|poke|p1|Pecharunt|
|poke|p1|Ogerpon-Wellspring, F|
|poke|p1|Dragapult, M|
|poke|p1|Garganacl, F|
|poke|p1|Slither Wing|
|poke|p1|Clefable, F|
|poke|p2|Skuntank, F|
|poke|p2|Porygon2|
|poke|p2|Gholdengo|
|poke|p2|Great Tusk|
|poke|p2|Primarina, F|
|poke|p2|Darkrai|
|teampreview
|
|t:|1758982072
|teamsize|p1|6
|teamsize|p2|6
|start
|switch|p1a: Ogerpon|Ogerpon-Wellspring, F|100/100
|switch|p2a: Skuntank|Skuntank, F|100/100
|turn|1
|
|t:|1758982083
|move|p1a: Ogerpon|U-turn|p2a: Skuntank
|-damage|p2a: Skuntank|80/100
|-damage|p1a: Ogerpon|84/100|[from] item: Rocky Helmet|[of] p2a: Skuntank
|
|t:|1758982091
|switch|p1a: Dragapult|Dragapult, M|100/100|[from] U-turn
|move|p2a: Skuntank|Toxic|p1a: Dragapult
|-status|p1a: Dragapult|tox
|
|-damage|p1a: Dragapult|95/100 tox|[from] psn
|upkeep
|turn|2
|
|t:|1758982099
|move|p1a: Dragapult|Dragon Darts|p2a: Skuntank
|-damage|p2a: Skuntank|64/100
|-anim|p1a: Dragapult|Dragon Darts|p2a: Skuntank
|-damage|p2a: Skuntank|49/100
|move|p2a: Skuntank|Foul Play|p1a: Dragapult
|-supereffective|p1a: Dragapult
|-damage|p1a: Dragapult|0 fnt
|faint|p1a: Dragapult
|
|upkeep
|
|t:|1758982105
|switch|p1a: Garganacl|Garganacl, F|100/100
|turn|3
|
|t:|1758982109
|move|p2a: Skuntank|Taunt|p1a: Garganacl
|-start|p1a: Garganacl|move: Taunt
|move|p1a: Garganacl|Salt Cure|p2a: Skuntank
|-damage|p2a: Skuntank|38/100
|-start|p2a: Skuntank|Salt Cure
|
|-damage|p2a: Skuntank|25/100|[from] Salt Cure
|upkeep
|turn|4
|
|t:|1758982117
|switch|p1a: Pecharunt|Pecharunt|100/100
|move|p2a: Skuntank|Toxic Spikes|p1a: Pecharunt
|-sidestart|p1: ingunar3|move: Toxic Spikes
|
|-damage|p2a: Skuntank|13/100|[from] Salt Cure
|upkeep
|turn|5
|
|t:|1758982126
|move|p1a: Pecharunt|Malignant Chain|p2a: Skuntank
|-resisted|p2a: Skuntank
|-damage|p2a: Skuntank|0 fnt
|faint|p2a: Skuntank
|
|upkeep
|
|t:|1758982130
|switch|p2a: Darkrai|Darkrai|100/100
|turn|6
|
|t:|1758982148
|move|p2a: Darkrai|Substitute|p2a: Darkrai
|-start|p2a: Darkrai|Substitute
|-damage|p2a: Darkrai|76/100
|move|p1a: Pecharunt|Parting Shot|p2a: Darkrai
|-unboost|p2a: Darkrai|atk|1
|-unboost|p2a: Darkrai|spa|1
|
|t:|1758982161
|switch|p1a: Slither Wing|Slither Wing|100/100|[from] Parting Shot
|
|-heal|p2a: Darkrai|82/100|[from] item: Leftovers
|upkeep
|turn|7
|
|t:|1758982166
|move|p1a: Slither Wing|First Impression|p2a: Darkrai
|-supereffective|p2a: Darkrai
|-end|p2a: Darkrai|Substitute
|move|p2a: Darkrai|Nasty Plot|p2a: Darkrai
|-boost|p2a: Darkrai|spa|2
|
|-heal|p2a: Darkrai|88/100|[from] item: Leftovers
|upkeep
|turn|8
|
|t:|1758982173
|move|p2a: Darkrai|Substitute|p2a: Darkrai
|-start|p2a: Darkrai|Substitute
|-damage|p2a: Darkrai|63/100
|move|p1a: Slither Wing|U-turn|p2a: Darkrai
|-supereffective|p2a: Darkrai
|-end|p2a: Darkrai|Substitute
|
|t:|1758982178
|-end|p1a: Slither Wing|Protosynthesis|[silent]
|switch|p1a: Pecharunt|Pecharunt|100/100|[from] U-turn
|-sideend|p1: ingunar3|move: Toxic Spikes|[of] p1a: Pecharunt
|
|-heal|p2a: Darkrai|69/100|[from] item: Leftovers
|upkeep
|turn|9
|
|t:|1758982184
|switch|p1a: Slither Wing|Slither Wing|100/100
|move|p2a: Darkrai|Dark Pulse|p1a: Slither Wing
|-resisted|p1a: Slither Wing
|-damage|p1a: Slither Wing|74/100
|
|-heal|p2a: Darkrai|75/100|[from] item: Leftovers
|upkeep
|turn|10
|
|t:|1758982197
|switch|p2a: Porygon2|Porygon2|100/100
|move|p1a: Slither Wing|First Impression|p2a: Porygon2
|-damage|p2a: Porygon2|82/100
|
|upkeep
|turn|11
|
|t:|1758982210
|move|p1a: Slither Wing|Will-O-Wisp|p2a: Porygon2
|-status|p2a: Porygon2|brn
|move|p2a: Porygon2|Ice Beam|p1a: Slither Wing
|-damage|p1a: Slither Wing|55/100
|
|-damage|p2a: Porygon2|76/100 brn|[from] brn
|upkeep
|turn|12
|
|t:|1758982219
|move|p1a: Slither Wing|Morning Sun|p1a: Slither Wing
|-heal|p1a: Slither Wing|100/100
|move|p2a: Porygon2|Discharge|p1a: Slither Wing
|-damage|p1a: Slither Wing|85/100
|
|-damage|p2a: Porygon2|70/100 brn|[from] brn
|upkeep
|turn|13
|
|t:|1758982224
|switch|p2a: Primarina|Primarina, F|100/100
|move|p1a: Slither Wing|U-turn|p2a: Primarina
|-resisted|p2a: Primarina
|-damage|p2a: Primarina|83/100
|
|t:|1758982227
|-end|p1a: Slither Wing|Protosynthesis|[silent]
|switch|p1a: Ogerpon|Ogerpon-Wellspring, F|84/100|[from] U-turn
|
|-heal|p2a: Primarina|89/100|[from] item: Leftovers
|upkeep
|turn|14
|
|t:|1758982232
|switch|p2a: Porygon2|Porygon2|70/100 brn
|-ability|p2a: Porygon2|Water Absorb|Trace|[from] ability: Trace|[of] p1a: Ogerpon
|move|p1a: Ogerpon|Horn Leech|p2a: Porygon2
|-damage|p2a: Porygon2|50/100 brn
|-heal|p1a: Ogerpon|96/100|[from] drain|[of] p2a: Porygon2
|
|-damage|p2a: Porygon2|44/100 brn|[from] brn
|upkeep
|turn|15
|
|t:|1758982239
|move|p1a: Ogerpon|Knock Off|p2a: Porygon2
|-damage|p2a: Porygon2|27/100 brn
|-enditem|p2a: Porygon2|Eviolite|[from] move: Knock Off|[of] p1a: Ogerpon
|move|p2a: Porygon2|Recover|p2a: Porygon2
|-heal|p2a: Porygon2|77/100 brn
|
|-damage|p2a: Porygon2|71/100 brn|[from] brn
|upkeep
|turn|16
|
|t:|1758982258
|move|p1a: Ogerpon|U-turn|p2a: Porygon2
|-damage|p2a: Porygon2|50/100 brn
|
|t:|1758982262
|switch|p1a: Clefable|Clefable, F|100/100|[from] U-turn
|move|p2a: Porygon2|Discharge|p1a: Clefable
|-damage|p1a: Clefable|82/100
|-status|p1a: Clefable|par
|
|-heal|p1a: Clefable|88/100 par|[from] item: Leftovers
|-damage|p2a: Porygon2|44/100 brn|[from] brn
|upkeep
|turn|17
|
|t:|1758982270
|move|p2a: Porygon2|Recover|p2a: Porygon2
|-heal|p2a: Porygon2|94/100 brn
|move|p1a: Clefable|Moonblast|p2a: Porygon2
|-damage|p2a: Porygon2|64/100 brn
|-unboost|p2a: Porygon2|spa|1
|
|-heal|p1a: Clefable|94/100 par|[from] item: Leftovers
|-damage|p2a: Porygon2|58/100 brn|[from] brn
|upkeep
|turn|18
|
|t:|1758982277
|switch|p2a: Gholdengo|Gholdengo|100/100
|move|p1a: Clefable|Moonblast|p2a: Gholdengo
|-resisted|p2a: Gholdengo
|-damage|p2a: Gholdengo|83/100
|-unboost|p2a: Gholdengo|spa|1
|
|-heal|p1a: Clefable|99/100 par|[from] item: Leftovers
|upkeep
|turn|19
|
|t:|1758982287
|move|p2a: Gholdengo|Trick|p1a: Clefable
|-activate|p2a: Gholdengo|move: Trick|[of] p1a: Clefable
|-item|p1a: Clefable|Choice Scarf|[from] move: Trick
|-item|p2a: Gholdengo|Leftovers|[from] move: Trick
|move|p1a: Clefable|Knock Off|p2a: Gholdengo
|-supereffective|p2a: Gholdengo
|-damage|p2a: Gholdengo|51/100
|-enditem|p2a: Gholdengo|Leftovers|[from] move: Knock Off|[of] p1a: Clefable
|
|upkeep
|turn|20
|
|t:|1758982303
|switch|p1a: Pecharunt|Pecharunt|100/100
|move|p2a: Gholdengo|Recover|p2a: Gholdengo
|-heal|p2a: Gholdengo|100/100
|
|upkeep
|turn|21
|
|t:|1758982309
|switch|p2a: Porygon2|Porygon2|58/100 brn
|move|p1a: Pecharunt|Hex|p2a: Porygon2
|-immune|p2a: Porygon2
|
|-damage|p2a: Porygon2|52/100 brn|[from] brn
|upkeep
|turn|22
|
|t:|1758982313
|move|p1a: Pecharunt|Malignant Chain|p2a: Porygon2
|-damage|p2a: Porygon2|24/100 brn
|move|p2a: Porygon2|Recover|p2a: Porygon2
|-heal|p2a: Porygon2|74/100 brn
|
|-damage|p2a: Porygon2|68/100 brn|[from] brn
|upkeep
|turn|23
|
|t:|1758982321
|move|p1a: Pecharunt|Parting Shot|p2a: Porygon2
|-unboost|p2a: Porygon2|atk|1
|-unboost|p2a: Porygon2|spa|1
|
|t:|1758982328
|switch|p1a: Ogerpon|Ogerpon-Wellspring, F|96/100|[from] Parting Shot
|-ability|p2a: Porygon2|Water Absorb|Trace|[from] ability: Trace|[of] p1a: Ogerpon
|move|p2a: Porygon2|Discharge|p1a: Ogerpon
|-damage|p1a: Ogerpon|79/100
|-status|p1a: Ogerpon|par
|
|-damage|p2a: Porygon2|62/100 brn|[from] brn
|upkeep
|turn|24
|
|t:|1758982350
|move|p1a: Ogerpon|Ivy Cudgel|p2a: Porygon2|[anim] Ivy Cudgel Water
|-heal|p2a: Porygon2|87/100 brn|[from] ability: Water Absorb|[of] p1a: Ogerpon
|move|p2a: Porygon2|Recover|p2a: Porygon2
|-heal|p2a: Porygon2|100/100 brn
|
|-damage|p2a: Porygon2|94/100 brn|[from] brn
|upkeep
|turn|25
|
|t:|1758982357
|move|p1a: Ogerpon|U-turn|p2a: Porygon2
|-damage|p2a: Porygon2|73/100 brn
|
|t:|1758982362
|switch|p1a: Slither Wing|Slither Wing|85/100|[from] U-turn
|move|p2a: Porygon2|Discharge|p1a: Slither Wing
|-damage|p1a: Slither Wing|73/100
|-status|p1a: Slither Wing|par
|
|-damage|p2a: Porygon2|67/100 brn|[from] brn
|upkeep
|turn|26
|
|t:|1758982370
|switch|p2a: Gholdengo|Gholdengo|100/100
|cant|p1a: Slither Wing|par
|
|upkeep
|turn|27
|
|t:|1758982376
|move|p2a: Gholdengo|Shadow Ball|p1a: Slither Wing
|-damage|p1a: Slither Wing|38/100 par
|move|p1a: Slither Wing|U-turn|p2a: Gholdengo
|-resisted|p2a: Gholdengo
|-damage|p2a: Gholdengo|91/100
|
|t:|1758982385
|-end|p1a: Slither Wing|Protosynthesis|[silent]
|switch|p1a: Garganacl|Garganacl, F|100/100|[from] U-turn
|
|upkeep
|turn|28
|
|t:|1758982390
|move|p2a: Gholdengo|Make It Rain|p1a: Garganacl
|-supereffective|p1a: Garganacl
|-damage|p1a: Garganacl|13/100
|-unboost|p2a: Gholdengo|spa|1
|move|p1a: Garganacl|Salt Cure|p2a: Gholdengo
|-resisted|p2a: Gholdengo
|-damage|p2a: Gholdengo|84/100
|-start|p2a: Gholdengo|Salt Cure
|
|-heal|p1a: Garganacl|19/100|[from] item: Leftovers
|-damage|p2a: Gholdengo|59/100|[from] Salt Cure
|upkeep
|turn|29
|
|t:|1758982402
|move|p1a: Garganacl|Protect|p1a: Garganacl
|-singleturn|p1a: Garganacl|Protect
|move|p2a: Gholdengo|Recover|p2a: Gholdengo
|-heal|p2a: Gholdengo|100/100
|
|-heal|p1a: Garganacl|25/100|[from] item: Leftovers
|-damage|p2a: Gholdengo|76/100|[from] Salt Cure
|upkeep
|turn|30
|
|t:|1758982410
|switch|p2a: Great Tusk|Great Tusk|100/100
|switch|p1a: Pecharunt|Pecharunt|100/100
|
|upkeep
|turn|31
|
|t:|1758982416
|move|p2a: Great Tusk|Stealth Rock|p1a: Pecharunt
|-sidestart|p1: ingunar3|move: Stealth Rock
|move|p1a: Pecharunt|Malignant Chain|p2a: Great Tusk
|-resisted|p2a: Great Tusk
|-crit|p2a: Great Tusk
|-damage|p2a: Great Tusk|64/100
|
|upkeep
|turn|32
|
|t:|1758982424
|move|p2a: Great Tusk|Headlong Rush|p1a: Pecharunt
|-supereffective|p1a: Pecharunt
|-damage|p1a: Pecharunt|44/100
|-unboost|p2a: Great Tusk|def|1
|-unboost|p2a: Great Tusk|spd|1
|move|p1a: Pecharunt|Malignant Chain|p2a: Great Tusk
|-resisted|p2a: Great Tusk
|-damage|p2a: Great Tusk|26/100
|-status|p2a: Great Tusk|tox
|-start|p2a: Great Tusk|confusion|[from] ability: Poison Puppeteer|[of] p1a: Pecharunt
|
|-damage|p2a: Great Tusk|20/100 tox|[from] psn
|upkeep
|turn|33
|
|t:|1758982434
|-activate|p2a: Great Tusk|confusion
|move|p2a: Great Tusk|Headlong Rush|p1a: Pecharunt
|-supereffective|p1a: Pecharunt
|-crit|p1a: Pecharunt
|-damage|p1a: Pecharunt|0 fnt
|-unboost|p2a: Great Tusk|def|1
|-unboost|p2a: Great Tusk|spd|1
|faint|p1a: Pecharunt
|
|-damage|p2a: Great Tusk|8/100 tox|[from] psn
|upkeep
|
|t:|1758982438
|switch|p1a: Slither Wing|Slither Wing|38/100 par
|turn|34
|
|t:|1758982446
|-activate|p2a: Great Tusk|confusion
|move|p2a: Great Tusk|Close Combat|p1a: Slither Wing
|-resisted|p1a: Slither Wing
|-damage|p1a: Slither Wing|15/100 par
|-unboost|p2a: Great Tusk|def|1
|-unboost|p2a: Great Tusk|spd|1
|move|p1a: Slither Wing|Morning Sun|p1a: Slither Wing
|-heal|p1a: Slither Wing|65/100 par
|
|-damage|p2a: Great Tusk|0 fnt|[from] psn
|faint|p2a: Great Tusk
|-end|p2a: Great Tusk|Protosynthesis|[silent]
|upkeep
|
|t:|1758982454
|switch|p2a: Primarina|Primarina, F|89/100
|turn|35
|
|t:|1758982466
|-end|p1a: Slither Wing|Protosynthesis|[silent]
|switch|p1a: Clefable|Clefable, F|99/100 par
|move|p2a: Primarina|Moonblast|p1a: Clefable
|-damage|p1a: Clefable|54/100 par
|
|-heal|p2a: Primarina|95/100|[from] item: Leftovers
|upkeep
|turn|36
|
|t:|1758982474
|move|p2a: Primarina|Substitute|p2a: Primarina
|-start|p2a: Primarina|Substitute
|-damage|p2a: Primarina|70/100
|move|p1a: Clefable|Thunder Wave||[still]
|-fail|p1a: Clefable
|
|-heal|p2a: Primarina|76/100|[from] item: Leftovers
|upkeep
|turn|37
|
|t:|1758982479
|switch|p1a: Ogerpon|Ogerpon-Wellspring, F|79/100 par
|-damage|p1a: Ogerpon|67/100 par|[from] Stealth Rock
|move|p2a: Primarina|Calm Mind|p2a: Primarina
|-boost|p2a: Primarina|spa|1
|-boost|p2a: Primarina|spd|1
|
|-heal|p2a: Primarina|82/100|[from] item: Leftovers
|upkeep
|turn|38
|
|t:|1758982487
|-terastallize|p1a: Ogerpon|Water
|detailschange|p1a: Ogerpon|Ogerpon-Wellspring-Tera, F, tera:Water
|-ability|p1a: Ogerpon|Embody Aspect (Wellspring)|boost
|-boost|p1a: Ogerpon|spd|1
|cant|p1a: Ogerpon|par
|move|p2a: Primarina|Moonblast|p1a: Ogerpon
|-damage|p1a: Ogerpon|10/100 par
|
|-heal|p2a: Primarina|88/100|[from] item: Leftovers
|upkeep
|turn|39
|
|t:|1758982498
|move|p1a: Ogerpon|Horn Leech|p2a: Primarina
|-supereffective|p2a: Primarina
|-end|p2a: Primarina|Substitute
|-heal|p1a: Ogerpon|25/100 par|[from] drain|[of] p2a: Primarina
|move|p2a: Primarina|Moonblast|p1a: Ogerpon
|-damage|p1a: Ogerpon|0 fnt
|faint|p1a: Ogerpon
|detailschange|p1: Ogerpon|Ogerpon-Wellspring, F|[silent]
|
|-heal|p2a: Primarina|94/100|[from] item: Leftovers
|upkeep
|-message|ingunar3 forfeited.
|
|win|December233
|raw|ingunar3's rating: 1310 &rarr; <strong>1293</strong><br />(-17 for losing)
|raw|December233's rating: 1363 &rarr; <strong>1380</strong><br />(+17 for winning)
|l|☆ingunar3
|player|p1|
