|j|☆qaqkiller
|j|☆ybg mihan
|t:|1758948229
|gametype|singles
|player|p1|qaqkiller|maid|1546
|player|p2|ybg mihan|266|1638
|gen|9
|tier|[Gen 9] OU
|rated|
|rule|HP Percentage Mod: HP is shown in percentages
|rule|Endless Battle Clause: Forcing endless battles is banned
|rule|Species Clause: Limit one of each Pokémon
|rule|OHKO Clause: OHKO moves are banned
|rule|Evasion Items Clause: Evasion items are banned
|rule|Evasion Moves Clause: Evasion moves are banned
|rule|Evasion Abilities Clause: Evasion abilities are banned
|rule|Sleep Moves Clause: Sleep-inducing moves are banned
|clearpoke
|poke|p1|Darkrai|
|poke|p1|Clodsire, M|
|poke|p1|Rillaboom, M|
|poke|p1|Zapdos|
|poke|p1|Gholdengo|
|poke|p1|Garganacl, M|
|poke|p2|Scizor, F|
|poke|p2|Slowking-Galar, F|
|poke|p2|Great Tusk|
|poke|p2|Dragonite, M|
|poke|p2|Zamazenta-*|
|poke|p2|Kyurem|
|teampreview
|inactive|Battle timer is ON: inactive players will automatically lose when time's up. (requested by ybg mihan)
|
|t:|1758948248
|teamsize|p1|6
|teamsize|p2|6
|start
|switch|p1a: Zapdos|Zapdos, shiny|100/100
|switch|p2a: Scizor|Scizor, F|100/100
|turn|1
|
|t:|1758948251
|switch|p2a: Slowking|Slowking-Galar, F|100/100
|move|p1a: Zapdos|Heat Wave|p2a: Slowking
|-damage|p2a: Slowking|85/100
|
|upkeep
|turn|2
|
|t:|1758948256
|move|p1a: Zapdos|Volt Switch|p2a: Slowking
|-damage|p2a: Slowking|68/100
|
|t:|1758948263
|switch|p1a: Clodsire|Clodsire, M, shiny|100/100|[from] Volt Switch
|-prepare|p2a: Slowking|Chilly Reception|[premajor]
|move|p2a: Slowking|Chilly Reception|p2a: Slowking
|-weather|Snowscape
|
|t:|1758948276
|switch|p2a: Great Tusk|Great Tusk|100/100|[from] Chilly Reception
|
|-weather|Snowscape|[upkeep]
|upkeep
|turn|3
|
|t:|1758948284
|switch|p1a: Zapdos|Zapdos, shiny|100/100
|move|p2a: Great Tusk|Stealth Rock|p1a: Zapdos
|-sidestart|p1: qaqkiller|move: Stealth Rock
|
|-weather|Snowscape|[upkeep]
|upkeep
|turn|4
|
|t:|1758948291
|-end|p2a: Great Tusk|Protosynthesis|[silent]
|switch|p2a: Slowking|Slowking-Galar, F|100/100
|move|p1a: Zapdos|Volt Switch|p2a: Slowking
|-damage|p2a: Slowking|83/100
|
|t:|1758948296
|switch|p1a: Garganacl|Garganacl, M|100/100|[from] Volt Switch
|-damage|p1a: Garganacl|88/100|[from] Stealth Rock
|
|-weather|Snowscape|[upkeep]
|-heal|p1a: Garganacl|94/100|[from] item: Leftovers
|upkeep
|turn|5
|
|t:|1758948304
|move|p1a: Garganacl|Stealth Rock|p2a: Slowking
|-sidestart|p2: ybg mihan|move: Stealth Rock
|move|p2a: Slowking|Future Sight|p1a: Garganacl
|-start|p2a: Slowking|move: Future Sight
|
|-weather|Snowscape|[upkeep]
|-heal|p1a: Garganacl|100/100|[from] item: Leftovers
|upkeep
|turn|6
|
|t:|1758948309
|move|p1a: Garganacl|Salt Cure|p2a: Slowking
|-damage|p2a: Slowking|70/100
|-start|p2a: Slowking|Salt Cure
|-prepare|p2a: Slowking|Chilly Reception|[premajor]
|move|p2a: Slowking|Chilly Reception|p2a: Slowking
|
|t:|1758948317
|switch|p2a: Scizor|Scizor, F|100/100|[from] Chilly Reception
|-damage|p2a: Scizor|88/100|[from] Stealth Rock
|
|-weather|none
|upkeep
|turn|7
|
|t:|1758948323
|-terastallize|p2a: Scizor|Steel
|move|p1a: Garganacl|Protect|p1a: Garganacl
|-singleturn|p1a: Garganacl|Protect
|move|p2a: Scizor|Bullet Punch|p1a: Garganacl
|-activate|p1a: Garganacl|move: Protect
|
|-end|p1a: Garganacl|move: Future Sight
|-damage|p1a: Garganacl|68/100
|-heal|p1a: Garganacl|74/100|[from] item: Leftovers
|upkeep
|turn|8
|
|t:|1758948330
|-terastallize|p1a: Garganacl|Water
|move|p2a: Scizor|Bullet Punch|p1a: Garganacl
|-resisted|p1a: Garganacl
|-damage|p1a: Garganacl|51/100
|move|p1a: Garganacl|Salt Cure|p2a: Scizor
|-resisted|p2a: Scizor
|-damage|p2a: Scizor|81/100
|-start|p2a: Scizor|Salt Cure
|
|-heal|p1a: Garganacl|58/100|[from] item: Leftovers
|-damage|p2a: Scizor|56/100|[from] Salt Cure
|upkeep
|turn|9
|
|t:|1758948334
|switch|p2a: Slowking|Slowking-Galar, F|100/100
|move|p1a: Garganacl|Recover|p1a: Garganacl
|-heal|p1a: Garganacl|100/100
|
|upkeep
|turn|10
|
|t:|1758948347
|switch|p1a: Darkrai|Darkrai, shiny|100/100
|-damage|p1a: Darkrai|88/100|[from] Stealth Rock
|move|p2a: Slowking|Future Sight|p1a: Darkrai
|-start|p2a: Slowking|move: Future Sight
|
|-heal|p1a: Darkrai|94/100|[from] item: Leftovers
|upkeep
|turn|11
|
|t:|1758948354
|move|p1a: Darkrai|Dark Pulse|p2a: Slowking
|-supereffective|p2a: Slowking
|-damage|p2a: Slowking|54/100
|-prepare|p2a: Slowking|Chilly Reception|[premajor]
|move|p2a: Slowking|Chilly Reception|p2a: Slowking
|-weather|Snowscape
|
|t:|1758948362
|switch|p2a: Scizor|Scizor, F, tera:Steel|56/100|[from] Chilly Reception
|-damage|p2a: Scizor|50/100|[from] Stealth Rock
|
|-weather|Snowscape|[upkeep]
|-heal|p1a: Darkrai|99/100|[from] item: Leftovers
|upkeep
|turn|12
|
|t:|1758948367
|switch|p1a: Zapdos|Zapdos, shiny|100/100
|move|p2a: Scizor|Bullet Punch|p1a: Zapdos
|-resisted|p1a: Zapdos
|-damage|p1a: Zapdos|76/100
|
|-weather|Snowscape|[upkeep]
|-end|p1a: Zapdos|move: Future Sight
|-damage|p1a: Zapdos|29/100
|upkeep
|turn|13
|
|t:|1758948373
|move|p2a: Scizor|Bullet Punch|p1a: Zapdos
|-resisted|p1a: Zapdos
|-damage|p1a: Zapdos|5/100
|-status|p2a: Scizor|par|[from] ability: Static|[of] p1a: Zapdos
|move|p1a: Zapdos|Roost|p1a: Zapdos
|-heal|p1a: Zapdos|55/100
|-singleturn|p1a: Zapdos|move: Roost
|
|-weather|Snowscape|[upkeep]
|upkeep
|turn|14
|
|t:|1758948376
|switch|p2a: Slowking|Slowking-Galar, F|88/100
|move|p1a: Zapdos|Roost|p1a: Zapdos
|-heal|p1a: Zapdos|100/100
|-singleturn|p1a: Zapdos|move: Roost
|
|-weather|Snowscape|[upkeep]
|upkeep
|turn|15
|
|t:|1758948381
|move|p1a: Zapdos|Volt Switch|p2a: Slowking
|-damage|p2a: Slowking|72/100
|
|t:|1758948384
|switch|p1a: Garganacl|Garganacl, M, tera:Water|100/100|[from] Volt Switch
|-damage|p1a: Garganacl|88/100|[from] Stealth Rock
|-prepare|p2a: Slowking|Chilly Reception|[premajor]
|move|p2a: Slowking|Chilly Reception|p2a: Slowking
|
|t:|1758948387
|switch|p2a: Kyurem|Kyurem|100/100|[from] Chilly Reception
|-damage|p2a: Kyurem|76/100|[from] Stealth Rock
|-ability|p2a: Kyurem|Pressure
|
|-weather|none
|-heal|p1a: Garganacl|94/100|[from] item: Leftovers
|upkeep
|turn|16
|
|t:|1758948401
|move|p2a: Kyurem|Freeze-Dry|p1a: Garganacl
|-supereffective|p1a: Garganacl
|-damage|p1a: Garganacl|25/100
|move|p1a: Garganacl|Salt Cure|p2a: Kyurem
|-supereffective|p2a: Kyurem
|-damage|p2a: Kyurem|51/100
|-start|p2a: Kyurem|Salt Cure
|
|-heal|p1a: Garganacl|31/100|[from] item: Leftovers
|-damage|p2a: Kyurem|38/100|[from] Salt Cure
|upkeep
|turn|17
|
|t:|1758948405
|move|p1a: Garganacl|Protect|p1a: Garganacl
|-singleturn|p1a: Garganacl|Protect
|move|p2a: Kyurem|Freeze-Dry|p1a: Garganacl
|-activate|p1a: Garganacl|move: Protect
|
|-heal|p1a: Garganacl|37/100|[from] item: Leftovers
|-damage|p2a: Kyurem|26/100|[from] Salt Cure
|upkeep
|turn|18
|
|t:|1758948415
|switch|p2a: Slowking|Slowking-Galar, F|100/100
|switch|p1a: Gholdengo|Gholdengo|100/100
|-damage|p1a: Gholdengo|94/100|[from] Stealth Rock
|
|upkeep
|turn|19
|
|t:|1758948419
|move|p1a: Gholdengo|Nasty Plot|p1a: Gholdengo
|-boost|p1a: Gholdengo|spa|2
|-prepare|p2a: Slowking|Chilly Reception|[premajor]
|move|p2a: Slowking|Chilly Reception|p2a: Slowking
|-weather|Snowscape
|
|t:|1758948422
|switch|p2a: Great Tusk|Great Tusk|100/100|[from] Chilly Reception
|
|-weather|Snowscape|[upkeep]
|upkeep
|turn|20
|
|t:|1758948430
|switch|p1a: Zapdos|Zapdos, shiny|100/100
|move|p2a: Great Tusk|Headlong Rush|p1a: Zapdos
|-immune|p1a: Zapdos
|
|-weather|Snowscape|[upkeep]
|upkeep
|turn|21
|
|t:|1758948436
|move|p2a: Great Tusk|Rapid Spin|p1a: Zapdos
|-damage|p1a: Zapdos|87/100
|-boost|p2a: Great Tusk|spe|1
|-status|p2a: Great Tusk|par|[from] ability: Static|[of] p1a: Zapdos
|-sideend|p2: ybg mihan|Stealth Rock|[from] move: Rapid Spin|[of] p2a: Great Tusk
|move|p1a: Zapdos|Hurricane|p2a: Great Tusk
|-supereffective|p2a: Great Tusk
|-damage|p2a: Great Tusk|0 fnt
|faint|p2a: Great Tusk
|-end|p2a: Great Tusk|Protosynthesis|[silent]
|
|-weather|Snowscape|[upkeep]
|upkeep
|
|t:|1758948441
|switch|p2a: Kyurem|Kyurem|26/100
|-ability|p2a: Kyurem|Pressure
|turn|22
|
|t:|1758948451
|switch|p1a: Garganacl|Garganacl, M, tera:Water|37/100
|-damage|p1a: Garganacl|25/100|[from] Stealth Rock
|move|p2a: Kyurem|Blizzard|p1a: Garganacl
|-resisted|p1a: Garganacl
|-damage|p1a: Garganacl|0 fnt
|faint|p1a: Garganacl
|
|-weather|Snowscape|[upkeep]
|upkeep
|
|t:|1758948476
|switch|p1a: Darkrai|Darkrai, shiny|99/100
|-damage|p1a: Darkrai|88/100|[from] Stealth Rock
|turn|23
|
|t:|1758948481
|switch|p2a: Dragonite|Dragonite, M|100/100
|move|p1a: Darkrai|Dark Pulse|p2a: Dragonite
|-damage|p2a: Dragonite|79/100
|
|-weather|none
|-heal|p1a: Darkrai|94/100|[from] item: Leftovers
|upkeep
|turn|24
|
|t:|1758948485
|switch|p1a: Zapdos|Zapdos, shiny|87/100
|move|p2a: Dragonite|Extreme Speed|p1a: Zapdos
|-damage|p1a: Zapdos|52/100
|
|upkeep
|turn|25
|
|t:|1758948490
|switch|p2a: Slowking|Slowking-Galar, F|100/100
|move|p1a: Zapdos|Roost|p1a: Zapdos
|-heal|p1a: Zapdos|100/100
|-singleturn|p1a: Zapdos|move: Roost
|
|upkeep
|turn|26
|
|t:|1758948493
|move|p1a: Zapdos|Volt Switch|p2a: Slowking
|-damage|p2a: Slowking|83/100
|
|t:|1758948498
|switch|p1a: Gholdengo|Gholdengo|94/100|[from] Volt Switch
|-damage|p1a: Gholdengo|88/100|[from] Stealth Rock
|-prepare|p2a: Slowking|Chilly Reception|[premajor]
|move|p2a: Slowking|Chilly Reception|p2a: Slowking
|-weather|Snowscape
|
|t:|1758948505
|switch|p2a: Kyurem|Kyurem|26/100|[from] Chilly Reception
|-ability|p2a: Kyurem|Pressure
|
|-weather|Snowscape|[upkeep]
|upkeep
|turn|27
|
|t:|1758948510
|move|p2a: Kyurem|Earth Power|p1a: Gholdengo
|-supereffective|p1a: Gholdengo
|-damage|p1a: Gholdengo|21/100
|move|p1a: Gholdengo|Dazzling Gleam|p2a: Kyurem
|-supereffective|p2a: Kyurem
|-damage|p2a: Kyurem|0 fnt
|faint|p2a: Kyurem
|
|-weather|Snowscape|[upkeep]
|upkeep
|
|t:|1758948518
|switch|p2a: Zamazenta|Zamazenta|100/100
|-ability|p2a: Zamazenta|Dauntless Shield|boost
|-boost|p2a: Zamazenta|def|1
|turn|28
|
|t:|1758948528
|move|p2a: Zamazenta|Crunch|p1a: Gholdengo
|-supereffective|p1a: Gholdengo
|-damage|p1a: Gholdengo|0 fnt
|faint|p1a: Gholdengo
|
|-weather|Snowscape|[upkeep]
|upkeep
|
|t:|1758948534
|switch|p1a: Zapdos|Zapdos, shiny|100/100
|turn|29
|
|t:|1758948539
|switch|p2a: Slowking|Slowking-Galar, F|100/100
|move|p1a: Zapdos|Hurricane|p2a: Slowking
|-damage|p2a: Slowking|75/100
|
|-weather|Snowscape|[upkeep]
|upkeep
|turn|30
|
|t:|1758948546
|move|p1a: Zapdos|Volt Switch|p2a: Slowking
|-damage|p2a: Slowking|58/100
|
|t:|1758948548
|switch|p1a: Rillaboom|Rillaboom, M, shiny|100/100|[from] Volt Switch
|-damage|p1a: Rillaboom|88/100|[from] Stealth Rock
|-fieldstart|move: Grassy Terrain|[from] ability: Grassy Surge|[of] p1a: Rillaboom
|move|p2a: Slowking|Toxic|p1a: Rillaboom
|-status|p1a: Rillaboom|tox
|
|-weather|none
|-heal|p1a: Rillaboom|94/100 tox|[from] Grassy Terrain
|-heal|p2a: Slowking|64/100|[from] Grassy Terrain
|-damage|p1a: Rillaboom|88/100 tox|[from] psn
|upkeep
|turn|31
|
|t:|1758948555
|switch|p2a: Dragonite|Dragonite, M|79/100
|move|p1a: Rillaboom|Knock Off|p2a: Dragonite
|-damage|p2a: Dragonite|16/100
|-enditem|p2a: Dragonite|Choice Band|[from] move: Knock Off|[of] p1a: Rillaboom
|
|-heal|p1a: Rillaboom|94/100 tox|[from] Grassy Terrain
|-damage|p1a: Rillaboom|82/100 tox|[from] psn
|upkeep
|turn|32
|
|t:|1758948563
|switch|p1a: Zapdos|Zapdos, shiny|100/100
|move|p2a: Dragonite|Extreme Speed|p1a: Zapdos
|-damage|p1a: Zapdos|77/100
|
|upkeep
|turn|33
|
|t:|1758948569
|switch|p2a: Slowking|Slowking-Galar, F|97/100
|move|p1a: Zapdos|Roost|p1a: Zapdos
|-heal|p1a: Zapdos|100/100
|-singleturn|p1a: Zapdos|move: Roost
|
|-heal|p2a: Slowking|100/100|[from] Grassy Terrain
|upkeep
|turn|34
|
|t:|1758948576
|move|p1a: Zapdos|Volt Switch|p2a: Slowking
|-damage|p2a: Slowking|84/100
|
|t:|1758948580
|switch|p1a: Clodsire|Clodsire, M, shiny|100/100|[from] Volt Switch
|-prepare|p2a: Slowking|Chilly Reception|[premajor]
|move|p2a: Slowking|Chilly Reception|p2a: Slowking
|-weather|Snowscape
|
|t:|1758948585
|switch|p2a: Dragonite|Dragonite, M|16/100|[from] Chilly Reception
|
|-weather|Snowscape|[upkeep]
|-fieldend|move: Grassy Terrain
|upkeep
|turn|35
|
|t:|1758948594
|switch|p1a: Zapdos|Zapdos, shiny|100/100
|move|p2a: Dragonite|Earthquake|p1a: Zapdos
|-immune|p1a: Zapdos
|
|-weather|Snowscape|[upkeep]
|upkeep
|turn|36
|
|t:|1758948601
|switch|p2a: Slowking|Slowking-Galar, F|100/100
|move|p1a: Zapdos|Volt Switch|p2a: Slowking
|-damage|p2a: Slowking|84/100
|
|t:|1758948605
|switch|p1a: Clodsire|Clodsire, M, shiny|100/100|[from] Volt Switch
|
|-weather|Snowscape|[upkeep]
|upkeep
|turn|37
|
|t:|1758948609
|move|p1a: Clodsire|Spikes|p2a: Slowking
|-sidestart|p2: ybg mihan|Spikes
|-prepare|p2a: Slowking|Chilly Reception|[premajor]
|move|p2a: Slowking|Chilly Reception|p2a: Slowking
|
|t:|1758948612
|switch|p2a: Dragonite|Dragonite, M|16/100|[from] Chilly Reception
|
|-weather|Snowscape|[upkeep]
|upkeep
|turn|38
|
|t:|1758948616
|switch|p1a: Zapdos|Zapdos, shiny|100/100
|move|p2a: Dragonite|Outrage|p1a: Zapdos
|-damage|p1a: Zapdos|46/100
|
|-weather|none
|upkeep
|turn|39
|
|t:|1758948620
|move|p2a: Dragonite|Outrage|p1a: Zapdos|[from] lockedmove
|-damage|p1a: Zapdos|0 fnt
|faint|p1a: Zapdos
|-start|p2a: Dragonite|confusion|[fatigue]
|
|upkeep
|
|t:|1758948630
|switch|p1a: Darkrai|Darkrai, shiny|94/100
|-damage|p1a: Darkrai|81/100|[from] Stealth Rock
|turn|40
|
|t:|1758948638
|-activate|p2a: Dragonite|confusion
|move|p2a: Dragonite|Extreme Speed|p1a: Darkrai
|-damage|p1a: Darkrai|37/100
|move|p1a: Darkrai|Dark Pulse|p2a: Dragonite
|-damage|p2a: Dragonite|0 fnt
|faint|p2a: Dragonite
|
|-heal|p1a: Darkrai|43/100|[from] item: Leftovers
|upkeep
|
|t:|1758948642
|switch|p2a: Scizor|Scizor, F, tera:Steel|50/100 par
|-damage|p2a: Scizor|38/100 par|[from] Spikes
|turn|41
|
|t:|1758948656
|move|p2a: Scizor|Bullet Punch|p1a: Darkrai
|-damage|p1a: Darkrai|0 fnt
|faint|p1a: Darkrai
|
|upkeep
|
|t:|1758948668
|switch|p1a: Rillaboom|Rillaboom, M, shiny|82/100 tox
|-damage|p1a: Rillaboom|70/100 tox|[from] Stealth Rock
|-fieldstart|move: Grassy Terrain|[from] ability: Grassy Surge|[of] p1a: Rillaboom
|turn|42
|
|t:|1758948675
|move|p1a: Rillaboom|Grassy Glide|p2a: Scizor
|-resisted|p2a: Scizor
|-crit|p2a: Scizor
|-damage|p2a: Scizor|0 fnt
|faint|p2a: Scizor
|
|-heal|p1a: Rillaboom|76/100 tox|[from] Grassy Terrain
|-damage|p1a: Rillaboom|70/100 tox|[from] psn
|upkeep
|
|t:|1758948679
|switch|p2a: Zamazenta|Zamazenta|100/100
|-damage|p2a: Zamazenta|88/100|[from] Spikes
|turn|43
|
|t:|1758948683
|move|p1a: Rillaboom|Grassy Glide|p2a: Zamazenta
|-damage|p2a: Zamazenta|46/100
|move|p2a: Zamazenta|Iron Defense|p2a: Zamazenta
|-boost|p2a: Zamazenta|def|2
|
|-heal|p2a: Zamazenta|53/100|[from] Grassy Terrain
|-heal|p2a: Zamazenta|59/100|[from] item: Leftovers
|-heal|p1a: Rillaboom|76/100 tox|[from] Grassy Terrain
|-damage|p1a: Rillaboom|64/100 tox|[from] psn
|upkeep
|turn|44
|
|t:|1758948689
|switch|p1a: Clodsire|Clodsire, M, shiny|100/100
|move|p2a: Zamazenta|Iron Defense|p2a: Zamazenta
|-boost|p2a: Zamazenta|def|2
|
|-heal|p2a: Zamazenta|65/100|[from] Grassy Terrain
|-heal|p2a: Zamazenta|71/100|[from] item: Leftovers
|upkeep
|turn|45
|
|t:|1758948694
|move|p2a: Zamazenta|Body Press|p1a: Clodsire
|-resisted|p1a: Clodsire
|-damage|p1a: Clodsire|45/100
|move|p1a: Clodsire|Toxic|p2a: Zamazenta
|-status|p2a: Zamazenta|tox
|
|-heal|p2a: Zamazenta|77/100 tox|[from] Grassy Terrain
|-heal|p2a: Zamazenta|83/100 tox|[from] item: Leftovers
|-heal|p1a: Clodsire|51/100|[from] Grassy Terrain
|-damage|p2a: Zamazenta|77/100 tox|[from] psn
|upkeep
|turn|46
|
|t:|1758948697
|move|p2a: Zamazenta|Body Press|p1a: Clodsire
|-resisted|p1a: Clodsire
|-damage|p1a: Clodsire|0 fnt
|faint|p1a: Clodsire
|
|-heal|p2a: Zamazenta|83/100 tox|[from] Grassy Terrain
|-heal|p2a: Zamazenta|90/100 tox|[from] item: Leftovers
|-damage|p2a: Zamazenta|77/100 tox|[from] psn
|-fieldend|move: Grassy Terrain
|upkeep
|
|t:|1758948700
|switch|p1a: Rillaboom|Rillaboom, M, shiny|64/100 tox
|-damage|p1a: Rillaboom|51/100 tox|[from] Stealth Rock
|-fieldstart|move: Grassy Terrain|[from] ability: Grassy Surge|[of] p1a: Rillaboom
|turn|47
|
|t:|1758948703
|move|p2a: Zamazenta|Body Press|p1a: Rillaboom
|-damage|p1a: Rillaboom|0 fnt
|faint|p1a: Rillaboom
|
|win|ybg mihan
|raw|qaqkiller's rating: 1546 &rarr; <strong>1531</strong><br />(-15 for losing)
|raw|ybg mihan's rating: 1638 &rarr; <strong>1653</strong><br />(+15 for winning)
|l|☆qaqkiller
|player|p1|
|l|☆ybg mihan
|player|p2|
