|j|☆Natorito
|j|☆iwanttowinthisgame
|t:|1758989424
|gametype|singles
|player|p1|Natorito|169|1318
|player|p2|iwanttowinthisgame|cheryl|1330
|gen|9
|tier|[Gen 9] OU
|rated|
|rule|HP Percentage Mod: HP is shown in percentages
|rule|Endless Battle Clause: Forcing endless battles is banned
|rule|Species Clause: Limit one of each Pokémon
|rule|OHKO Clause: OHKO moves are banned
|rule|Evasion Items Clause: Evasion items are banned
|rule|Evasion Moves Clause: Evasion moves are banned
|rule|Evasion Abilities Clause: Evasion abilities are banned
|rule|Sleep Moves Clause: Sleep-inducing moves are banned
|clearpoke
|poke|p1|Victreebel, F|
|poke|p1|Hitmontop, M|
|poke|p1|Ditto|
|poke|p1|Snorlax, F|
|poke|p1|Lapras, M|
|poke|p1|Torkoal, M|
|poke|p2|Weezing-Galar, M|
|poke|p2|Rillaboom, F|
|poke|p2|Heatran, M|
|poke|p2|Blaziken, F|
|poke|p2|Landorus-Therian, M|
|poke|p2|Slowking, F|
|teampreview
|
|t:|1758989437
|teamsize|p1|6
|teamsize|p2|6
|start
|switch|p1a: Lapras|Lapras, M|100/100
|switch|p2a: Heatran|Heatran, M|100/100
|turn|1
|
|t:|1758989448
|move|p2a: Heatran|Protect|p2a: Heatran
|-singleturn|p2a: Heatran|Protect
|move|p1a: Lapras|Freeze-Dry|p2a: Heatran
|-activate|p2a: Heatran|move: Protect
|
|upkeep
|turn|2
|
|t:|1758989454
|move|p2a: Heatran|Magma Storm|p1a: Lapras
|-damage|p1a: Lapras|73/100
|-activate|p1a: Lapras|move: Magma Storm|[of] p2a: Heatran
|move|p1a: Lapras|Hydro Pump|p2a: Heatran
|-supereffective|p2a: Heatran
|-damage|p2a: Heatran|22/100
|
|-heal|p2a: Heatran|29/100|[from] item: Leftovers
|-damage|p1a: Lapras|61/100|[from] move: Magma Storm|[partiallytrapped]
|upkeep
|turn|3
|
|t:|1758989466
|move|p2a: Heatran|Protect|p2a: Heatran
|-singleturn|p2a: Heatran|Protect
|move|p1a: Lapras|Freeze-Dry|p2a: Heatran
|-activate|p2a: Heatran|move: Protect
|
|-heal|p2a: Heatran|35/100|[from] item: Leftovers
|-damage|p1a: Lapras|48/100|[from] move: Magma Storm|[partiallytrapped]
|upkeep
|turn|4
|
|t:|1758989484
|switch|p2a: Weezing|Weezing-Galar, M|100/100
|-ability|p2a: Weezing|Neutralizing Gas
|move|p1a: Lapras|Hydro Pump|p2a: Weezing
|-damage|p2a: Weezing|38/100
|
|-heal|p2a: Weezing|44/100|[from] item: Black Sludge
|-end|p1a: Lapras|Magma Storm|[partiallytrapped]|[silent]
|upkeep
|turn|5
|
|t:|1758989498
|-end|p2a: Weezing|ability: Neutralizing Gas
|switch|p2a: Slowking|Slowking, F|100/100
|move|p1a: Lapras|Psychic|p2a: Slowking
|-resisted|p2a: Slowking
|-damage|p2a: Slowking|92/100
|
|upkeep
|turn|6
|
|t:|1758989506
|move|p1a: Lapras|Freeze-Dry|p2a: Slowking
|-supereffective|p2a: Slowking
|-damage|p2a: Slowking|53/100
|move|p2a: Slowking|Thunder Wave|p1a: Lapras
|-status|p1a: Lapras|par
|
|upkeep
|turn|7
|
|t:|1758989515
|switch|p1a: Snorlax|Snorlax, F|100/100
|-prepare|p2a: Slowking|Chilly Reception|[premajor]
|move|p2a: Slowking|Chilly Reception|p2a: Slowking
|-weather|Snowscape
|
|t:|1758989520
|switch|p2a: Heatran|Heatran, M|35/100|[from] Chilly Reception
|
|-weather|Snowscape|[upkeep]
|-heal|p2a: Heatran|41/100|[from] item: Leftovers
|upkeep
|turn|8
|
|t:|1758989529
|move|p2a: Heatran|Protect|p2a: Heatran
|-singleturn|p2a: Heatran|Protect
|move|p1a: Snorlax|Curse|p1a: Snorlax
|-unboost|p1a: Snorlax|spe|1
|-boost|p1a: Snorlax|atk|1
|-boost|p1a: Snorlax|def|1
|
|-weather|Snowscape|[upkeep]
|-heal|p2a: Heatran|47/100|[from] item: Leftovers
|upkeep
|turn|9
|
|t:|1758989539
|switch|p2a: Landorus|Landorus-Therian, M|100/100
|-ability|p2a: Landorus|Intimidate|boost
|-unboost|p1a: Snorlax|atk|1
|move|p1a: Snorlax|Crunch|p2a: Landorus
|-damage|p2a: Landorus|79/100
|-damage|p1a: Snorlax|84/100|[from] item: Rocky Helmet|[of] p2a: Landorus
|
|-weather|Snowscape|[upkeep]
|-heal|p1a: Snorlax|90/100|[from] item: Leftovers
|upkeep
|turn|10
|
|t:|1758989549
|move|p2a: Landorus|Taunt|p1a: Snorlax
|-start|p1a: Snorlax|move: Taunt
|cant|p1a: Snorlax|move: Taunt|Curse
|
|-weather|Snowscape|[upkeep]
|-heal|p1a: Snorlax|96/100|[from] item: Leftovers
|upkeep
|turn|11
|
|t:|1758989558
|move|p2a: Landorus|Scorching Sands|p1a: Snorlax
|-crit|p1a: Snorlax
|-damage|p1a: Snorlax|78/100
|-status|p1a: Snorlax|brn
|move|p1a: Snorlax|Crunch|p2a: Landorus
|-damage|p2a: Landorus|69/100
|-damage|p1a: Snorlax|61/100 brn|[from] item: Rocky Helmet|[of] p2a: Landorus
|
|-weather|none
|-heal|p1a: Snorlax|67/100 brn|[from] item: Leftovers
|-damage|p1a: Snorlax|61/100 brn|[from] brn
|upkeep
|turn|12
|
|t:|1758989569
|switch|p1a: Torkoal|Torkoal, M|100/100
|-weather|SunnyDay|[from] ability: Drought|[of] p1a: Torkoal
|move|p2a: Landorus|Scorching Sands|p1a: Torkoal
|-supereffective|p1a: Torkoal
|-damage|p1a: Torkoal|32/100
|
|-weather|SunnyDay|[upkeep]
|upkeep
|turn|13
|
|t:|1758989584
|switch|p1a: Ditto|Ditto|100/100
|-transform|p1a: Ditto|p2a: Landorus|[from] ability: Imposter
|-ability|p1a: Ditto|Intimidate|boost
|-unboost|p2a: Landorus|atk|1
|move|p2a: Landorus|Scorching Sands|p1a: Ditto
|-immune|p1a: Ditto
|
|-weather|SunnyDay|[upkeep]
|upkeep
|turn|14
|
|t:|1758989601
|move|p1a: Ditto|Stealth Rock|p2a: Landorus
|-sidestart|p2: iwanttowinthisgame|move: Stealth Rock
|move|p2a: Landorus|Stealth Rock|p1a: Ditto
|-sidestart|p1: Natorito|move: Stealth Rock
|
|-weather|SunnyDay|[upkeep]
|upkeep
|turn|15
|
|t:|1758989608
|switch|p1a: Hitmontop|Hitmontop, M|100/100
|-damage|p1a: Hitmontop|94/100|[from] Stealth Rock
|-ability|p1a: Hitmontop|Intimidate|boost
|-unboost|p2a: Landorus|atk|1
|switch|p2a: Weezing|Weezing-Galar, M|44/100
|-ability|p2a: Weezing|Neutralizing Gas
|-damage|p2a: Weezing|32/100|[from] Stealth Rock
|
|-weather|SunnyDay|[upkeep]
|-heal|p1a: Hitmontop|100/100|[from] item: Leftovers
|-heal|p2a: Weezing|38/100|[from] item: Black Sludge
|upkeep
|turn|16
|
|t:|1758989627
|move|p1a: Hitmontop|Rapid Spin|p2a: Weezing
|-damage|p2a: Weezing|31/100
|-boost|p1a: Hitmontop|spe|1
|-sideend|p1: Natorito|Stealth Rock|[from] move: Rapid Spin|[of] p1a: Hitmontop
|move|p2a: Weezing|Toxic|p1a: Hitmontop
|-status|p1a: Hitmontop|tox
|
|-weather|none
|-heal|p2a: Weezing|37/100|[from] item: Black Sludge
|-damage|p1a: Hitmontop|94/100 tox|[from] psn
|upkeep
|turn|17
|
|t:|1758989638
|switch|p1a: Snorlax|Snorlax, F|61/100 brn
|move|p2a: Weezing|Pain Split|p1a: Snorlax
|-sethp|p1a: Snorlax|42/100 brn|[from] move: Pain Split|[silent]
|-sethp|p2a: Weezing|66/100|[from] move: Pain Split
|
|-heal|p2a: Weezing|72/100|[from] item: Black Sludge
|-heal|p1a: Snorlax|48/100 brn|[from] item: Leftovers
|-damage|p1a: Snorlax|42/100 brn|[from] brn
|upkeep
|turn|18
|
|t:|1758989650
|move|p2a: Weezing|Defog|p1a: Snorlax
|-unboost|p1a: Snorlax|evasion|1
|-sideend|p2: iwanttowinthisgame|Stealth Rock|[from] move: Defog|[of] p2a: Weezing
|move|p1a: Snorlax|Curse|p1a: Snorlax
|-unboost|p1a: Snorlax|spe|1
|-boost|p1a: Snorlax|atk|1
|-boost|p1a: Snorlax|def|1
|
|-heal|p2a: Weezing|78/100|[from] item: Black Sludge
|-heal|p1a: Snorlax|48/100 brn|[from] item: Leftovers
|-damage|p1a: Snorlax|42/100 brn|[from] brn
|upkeep
|turn|19
|
|t:|1758989668
|-end|p2a: Weezing|ability: Neutralizing Gas
|switch|p2a: Landorus|Landorus-Therian, M|69/100
|-ability|p2a: Landorus|Intimidate|boost
|-unboost|p1a: Snorlax|atk|1
|move|p1a: Snorlax|Rest|p1a: Snorlax
|-status|p1a: Snorlax|slp|[from] move: Rest
|-heal|p1a: Snorlax|100/100 slp|[silent]
|
|upkeep
|turn|20
|
|t:|1758989679
|move|p2a: Landorus|Taunt|p1a: Snorlax
|-start|p1a: Snorlax|move: Taunt
|cant|p1a: Snorlax|slp
|
|upkeep
|turn|21
|
|t:|1758989686
|move|p2a: Landorus|U-turn|p1a: Snorlax
|-damage|p1a: Snorlax|88/100 slp
|
|t:|1758989692
|switch|p2a: Rillaboom|Rillaboom, F|100/100|[from] U-turn
|-fieldstart|move: Grassy Terrain|[from] ability: Grassy Surge|[of] p2a: Rillaboom
|cant|p1a: Snorlax|slp
|
|-heal|p1a: Snorlax|95/100 slp|[from] Grassy Terrain
|-heal|p1a: Snorlax|100/100 slp|[from] item: Leftovers
|upkeep
|turn|22
|
|t:|1758989705
|move|p2a: Rillaboom|Knock Off|p1a: Snorlax
|-damage|p1a: Snorlax|80/100 slp
|-enditem|p1a: Snorlax|Leftovers|[from] move: Knock Off|[of] p2a: Rillaboom
|-curestatus|p1a: Snorlax|slp|[msg]
|move|p1a: Snorlax|Body Slam|p2a: Rillaboom
|-damage|p2a: Rillaboom|72/100
|
|-heal|p2a: Rillaboom|78/100|[from] Grassy Terrain
|-heal|p1a: Snorlax|86/100|[from] Grassy Terrain
|-end|p1a: Snorlax|move: Taunt
|upkeep
|turn|23
|
|t:|1758989717
|move|p2a: Rillaboom|U-turn|p1a: Snorlax
|-damage|p1a: Snorlax|70/100
|
|t:|1758989719
|switch|p2a: Landorus|Landorus-Therian, M|69/100|[from] U-turn
|-ability|p2a: Landorus|Intimidate|boost
|-unboost|p1a: Snorlax|atk|1
|move|p1a: Snorlax|Curse|p1a: Snorlax
|-unboost|p1a: Snorlax|spe|1
|-boost|p1a: Snorlax|atk|1
|-boost|p1a: Snorlax|def|1
|
|-heal|p1a: Snorlax|76/100|[from] Grassy Terrain
|upkeep
|turn|24
|
|t:|1758989733
|move|p2a: Landorus|Taunt|p1a: Snorlax
|-start|p1a: Snorlax|move: Taunt
|move|p1a: Snorlax|Body Slam|p2a: Landorus
|-damage|p2a: Landorus|34/100
|-damage|p1a: Snorlax|59/100|[from] item: Rocky Helmet|[of] p2a: Landorus
|
|-heal|p1a: Snorlax|65/100|[from] Grassy Terrain
|upkeep
|turn|25
|
|t:|1758989748
|move|p2a: Landorus|U-turn|p1a: Snorlax
|-damage|p1a: Snorlax|57/100
|
|t:|1758989751
|switch|p2a: Weezing|Weezing-Galar, M|78/100|[from] U-turn
|-ability|p2a: Weezing|Neutralizing Gas
|move|p1a: Snorlax|Body Slam|p2a: Weezing
|-damage|p2a: Weezing|56/100
|
|-heal|p2a: Weezing|62/100|[from] Grassy Terrain
|-heal|p2a: Weezing|68/100|[from] item: Black Sludge
|-heal|p1a: Snorlax|63/100|[from] Grassy Terrain
|-fieldend|move: Grassy Terrain
|upkeep
|turn|26
|
|t:|1758989765
|move|p2a: Weezing|Toxic|p1a: Snorlax
|-status|p1a: Snorlax|tox
|move|p1a: Snorlax|Body Slam|p2a: Weezing
|-damage|p2a: Weezing|45/100
|-status|p2a: Weezing|par
|
|-heal|p2a: Weezing|51/100 par|[from] item: Black Sludge
|-damage|p1a: Snorlax|57/100 tox|[from] psn
|-end|p1a: Snorlax|move: Taunt
|upkeep
|turn|27
|
|t:|1758989798
|-end|p2a: Weezing|ability: Neutralizing Gas
|switch|p2a: Landorus|Landorus-Therian, M|34/100
|-ability|p2a: Landorus|Intimidate|boost
|-unboost|p1a: Snorlax|atk|1
|move|p1a: Snorlax|Rest|p1a: Snorlax
|-status|p1a: Snorlax|slp|[from] move: Rest
|-heal|p1a: Snorlax|100/100 slp|[silent]
|
|upkeep
|turn|28
|
|t:|1758989809
|move|p2a: Landorus|Stealth Rock|p1a: Snorlax
|-sidestart|p1: Natorito|move: Stealth Rock
|cant|p1a: Snorlax|slp
|
|upkeep
|turn|29
|
|t:|1758989818
|move|p2a: Landorus|Scorching Sands|p1a: Snorlax
|-damage|p1a: Snorlax|89/100 slp
|cant|p1a: Snorlax|slp
|
|upkeep
|turn|30
|
|t:|1758989825
|move|p2a: Landorus|Scorching Sands|p1a: Snorlax
|-damage|p1a: Snorlax|76/100 slp
|-curestatus|p1a: Snorlax|slp|[msg]
|move|p1a: Snorlax|Body Slam|p2a: Landorus
|-damage|p2a: Landorus|12/100
|-damage|p1a: Snorlax|60/100|[from] item: Rocky Helmet|[of] p2a: Landorus
|
|upkeep
|turn|31
|
|t:|1758989835
|move|p2a: Landorus|Taunt|p1a: Snorlax
|-start|p1a: Snorlax|move: Taunt
|move|p1a: Snorlax|Body Slam|p2a: Landorus
|-damage|p2a: Landorus|0 fnt
|-damage|p1a: Snorlax|43/100|[from] item: Rocky Helmet|[of] p2a: Landorus
|faint|p2a: Landorus
|
|upkeep
|
|t:|1758989840
|switch|p2a: Heatran|Heatran, M|47/100
|turn|32
|
|t:|1758989852
|move|p2a: Heatran|Magma Storm|p1a: Snorlax
|-damage|p1a: Snorlax|33/100
|-activate|p1a: Snorlax|move: Magma Storm|[of] p2a: Heatran
|move|p1a: Snorlax|Crunch|p2a: Heatran
|-damage|p2a: Heatran|37/100
|
|-heal|p2a: Heatran|43/100|[from] item: Leftovers
|-damage|p1a: Snorlax|20/100|[from] move: Magma Storm|[partiallytrapped]
|upkeep
|turn|33
|
|t:|1758989874
|move|p2a: Heatran|Protect|p2a: Heatran
|-singleturn|p2a: Heatran|Protect
|move|p1a: Snorlax|Crunch|p2a: Heatran
|-activate|p2a: Heatran|move: Protect
|
|-heal|p2a: Heatran|49/100|[from] item: Leftovers
|-damage|p1a: Snorlax|8/100|[from] move: Magma Storm|[partiallytrapped]
|-end|p1a: Snorlax|move: Taunt
|upkeep
|turn|34
|
|t:|1758989885
|move|p2a: Heatran|Taunt|p1a: Snorlax
|-start|p1a: Snorlax|move: Taunt
|cant|p1a: Snorlax|move: Taunt|Rest
|
|-heal|p2a: Heatran|55/100|[from] item: Leftovers
|-damage|p1a: Snorlax|0 fnt|[from] move: Magma Storm|[partiallytrapped]
|faint|p1a: Snorlax
|upkeep
|
|t:|1758989894
|switch|p1a: Hitmontop|Hitmontop, M|94/100 tox
|-damage|p1a: Hitmontop|88/100 tox|[from] Stealth Rock
|-ability|p1a: Hitmontop|Intimidate|boost
|-unboost|p2a: Heatran|atk|1
|turn|35
|
|t:|1758989910
|move|p2a: Heatran|Magma Storm|p1a: Hitmontop
|-damage|p1a: Hitmontop|35/100 tox
|-activate|p1a: Hitmontop|move: Magma Storm|[of] p2a: Heatran
|move|p1a: Hitmontop|Rapid Spin|p2a: Heatran
|-resisted|p2a: Heatran
|-damage|p2a: Heatran|51/100
|-boost|p1a: Hitmontop|spe|1
|-sideend|p1: Natorito|Stealth Rock|[from] move: Rapid Spin|[of] p1a: Hitmontop
|-end|p1a: Hitmontop|Magma Storm|[partiallytrapped]
|
|-heal|p1a: Hitmontop|41/100 tox|[from] item: Leftovers
|-heal|p2a: Heatran|58/100|[from] item: Leftovers
|-damage|p1a: Hitmontop|35/100 tox|[from] psn
|upkeep
|turn|36
|
|t:|1758989928
|switch|p2a: Weezing|Weezing-Galar, M|51/100 par
|-ability|p2a: Weezing|Neutralizing Gas
|move|p1a: Hitmontop|Endeavor|p2a: Weezing
|-damage|p2a: Weezing|32/100 par
|
|-heal|p1a: Hitmontop|41/100 tox|[from] item: Leftovers
|-heal|p2a: Weezing|38/100 par|[from] item: Black Sludge
|-damage|p1a: Hitmontop|28/100 tox|[from] psn
|upkeep
|turn|37
|
|t:|1758989950
|switch|p1a: Lapras|Lapras, M|48/100 par
|move|p2a: Weezing|Strange Steam|p1a: Lapras|[miss]
|-miss|p2a: Weezing|p1a: Lapras
|
|-heal|p2a: Weezing|44/100 par|[from] item: Black Sludge
|upkeep
|turn|38
|
|t:|1758989961
|-end|p2a: Weezing|ability: Neutralizing Gas
|switch|p2a: Slowking|Slowking, F|86/100
|move|p1a: Lapras|Freeze-Dry|p2a: Slowking
|-supereffective|p2a: Slowking
|-damage|p2a: Slowking|45/100
|
|upkeep
|turn|39
|
|t:|1758989974
|-prepare|p2a: Slowking|Chilly Reception|[premajor]
|move|p2a: Slowking|Chilly Reception|p2a: Slowking
|-weather|Snowscape
|
|t:|1758990031
|switch|p2a: Blaziken|Blaziken, F|100/100|[from] Chilly Reception
|cant|p1a: Lapras|par
|
|-weather|Snowscape|[upkeep]
|upkeep
|turn|40
|
|t:|1758990050
|switch|p1a: Hitmontop|Hitmontop, M|28/100 tox
|-ability|p1a: Hitmontop|Intimidate|boost
|-unboost|p2a: Blaziken|atk|1
|move|p2a: Blaziken|Close Combat|p1a: Hitmontop
|-damage|p1a: Hitmontop|0 fnt
|-unboost|p2a: Blaziken|def|1
|-unboost|p2a: Blaziken|spd|1
|faint|p1a: Hitmontop
|
|-weather|Snowscape|[upkeep]
|-ability|p2a: Blaziken|Speed Boost|boost
|-boost|p2a: Blaziken|spe|1
|upkeep
|
|t:|1758990071
|switch|p1a: Torkoal|Torkoal, M|32/100
|-weather|SunnyDay|[from] ability: Drought|[of] p1a: Torkoal
|turn|41
|
|t:|1758990098
|switch|p2a: Heatran|Heatran, M|58/100
|move|p1a: Torkoal|Body Press|p2a: Heatran
|-supereffective|p2a: Heatran
|-damage|p2a: Heatran|8/100
|
|-weather|SunnyDay|[upkeep]
|-heal|p2a: Heatran|14/100|[from] item: Leftovers
|upkeep
|turn|42
|
|t:|1758990109
|move|p2a: Heatran|Protect|p2a: Heatran
|-singleturn|p2a: Heatran|Protect
|move|p1a: Torkoal|Stealth Rock|p2a: Heatran
|-sidestart|p2: iwanttowinthisgame|move: Stealth Rock
|
|-weather|SunnyDay|[upkeep]
|-heal|p2a: Heatran|20/100|[from] item: Leftovers
|upkeep
|turn|43
|
|t:|1758990117
|move|p2a: Heatran|Magma Storm|p1a: Torkoal
|-resisted|p1a: Torkoal
|-damage|p1a: Torkoal|0 fnt
|faint|p1a: Torkoal
|
|-weather|SunnyDay|[upkeep]
|-heal|p2a: Heatran|26/100|[from] item: Leftovers
|upkeep
|
|t:|1758990131
|switch|p1a: Ditto|Ditto|100/100
|-transform|p1a: Ditto|p2a: Heatran|[from] ability: Imposter
|turn|44
|
|t:|1758990137
|move|p2a: Heatran|Protect|p2a: Heatran
|-singleturn|p2a: Heatran|Protect
|move|p1a: Ditto|Earth Power|p2a: Heatran
|-activate|p2a: Heatran|move: Protect
|
|-weather|SunnyDay|[upkeep]
|-heal|p2a: Heatran|32/100|[from] item: Leftovers
|upkeep
|turn|45
|inactive|Battle timer is ON: inactive players will automatically lose when time's up. (requested by Natorito)
|inactive|iwanttowinthisgame has 120 seconds left.
|
|t:|1758990193
|switch|p1a: Lapras|Lapras, M|48/100 par
|switch|p2a: Slowking|Slowking, F|78/100
|
|-weather|none
|upkeep
|turn|46
|inactive|iwanttowinthisgame has 120 seconds left.
|
|t:|1758990227
|-prepare|p2a: Slowking|Chilly Reception|[premajor]
|move|p2a: Slowking|Chilly Reception|p2a: Slowking
|-weather|Snowscape
|inactive|iwanttowinthisgame has 120 seconds left.
|
|t:|1758990248
|switch|p2a: Heatran|Heatran, M|32/100|[from] Chilly Reception
|-damage|p2a: Heatran|20/100|[from] Stealth Rock
|move|p1a: Lapras|Hydro Pump|p2a: Heatran
|-supereffective|p2a: Heatran
|-damage|p2a: Heatran|0 fnt
|faint|p2a: Heatran
|
|-weather|Snowscape|[upkeep]
|upkeep
|inactive|iwanttowinthisgame has 90 seconds left.
|inactive|iwanttowinthisgame has 60 seconds left.
|
|t:|1758990311
|switch|p2a: Slowking|Slowking, F|100/100
|turn|47
|inactive|iwanttowinthisgame has 30 seconds left.
|
|t:|1758990344
|move|p2a: Slowking|Power Gem|p1a: Lapras
|-supereffective|p1a: Lapras
|-damage|p1a: Lapras|23/100 par
|move|p1a: Lapras|Freeze-Dry|p2a: Slowking
|-supereffective|p2a: Slowking
|-damage|p2a: Slowking|55/100
|
|-weather|Snowscape|[upkeep]
|upkeep
|turn|48
|inactive|iwanttowinthisgame has 30 seconds left.
|inactive|iwanttowinthisgame has 20 seconds left.
|
|t:|1758990367
|move|p2a: Slowking|Power Gem|p1a: Lapras
|-supereffective|p1a: Lapras
|-damage|p1a: Lapras|2/100 par
|cant|p1a: Lapras|par
|
|-weather|Snowscape|[upkeep]
|upkeep
|turn|49
|inactive|iwanttowinthisgame has 30 seconds left this turn.
|inactive|Natorito has 120 seconds left.
|
|t:|1758990387
|cant|p1a: Lapras|par
|move|p2a: Slowking|Power Gem|p1a: Lapras
|-supereffective|p1a: Lapras
|-damage|p1a: Lapras|0 fnt
|faint|p1a: Lapras
|
|-weather|Snowscape|[upkeep]
|upkeep
|inactive|Natorito has 120 seconds left.
|
|t:|1758990395
|switch|p1a: Victreebel|Victreebel, F|100/100
|turn|50
|
|t:|1758990404
|move|p1a: Victreebel|Swords Dance|p1a: Victreebel
|-boost|p1a: Victreebel|atk|2
|move|p2a: Slowking|Thunder Wave|p1a: Victreebel|[miss]
|-miss|p2a: Slowking|p1a: Victreebel
|
|-weather|none
|upkeep
|turn|51
|inactive|iwanttowinthisgame has 30 seconds left.
|inactive|iwanttowinthisgame has 20 seconds left.
|
|t:|1758990433
|move|p1a: Victreebel|Leaf Blade|p2a: Slowking
|-supereffective|p2a: Slowking
|-crit|p2a: Slowking
|-damage|p2a: Slowking|0 fnt
|faint|p2a: Slowking
|
|upkeep
|inactive|iwanttowinthisgame has 25 seconds left this turn.
|inactive|iwanttowinthisgame has 20 seconds left.
|inactive|iwanttowinthisgame has 15 seconds left.
|inactive|iwanttowinthisgame has 10 seconds left.
|
|t:|1758990452
|switch|p2a: Weezing|Weezing-Galar, M|44/100 par
|-ability|p2a: Weezing|Neutralizing Gas
|-damage|p2a: Weezing|31/100 par|[from] Stealth Rock
|turn|52
|inactive|iwanttowinthisgame has 20 seconds left this turn.
|
|t:|1758990457
|move|p1a: Victreebel|Leaf Blade|p2a: Weezing
|-resisted|p2a: Weezing
|-damage|p2a: Weezing|1/100 par
|move|p2a: Weezing|Toxic|p1a: Victreebel
|-immune|p1a: Victreebel
|
|-heal|p2a: Weezing|7/100 par|[from] item: Black Sludge
|upkeep
|turn|53
|inactive|iwanttowinthisgame has 30 seconds left this turn.
|inactive|iwanttowinthisgame has 20 seconds left.
|
|t:|1758990471
|move|p1a: Victreebel|Leaf Blade|p2a: Weezing
|-resisted|p2a: Weezing
|-damage|p2a: Weezing|0 fnt
|faint|p2a: Weezing
|-end|p2a: Weezing|ability: Neutralizing Gas
|
|upkeep
|inactive|iwanttowinthisgame has 25 seconds left this turn.
|inactive|iwanttowinthisgame has 20 seconds left.
|inactive|iwanttowinthisgame has 15 seconds left.
|inactive|iwanttowinthisgame has 10 seconds left.
|
|t:|1758990487
|switch|p2a: Blaziken|Blaziken, F|100/100
|-damage|p2a: Blaziken|88/100|[from] Stealth Rock
|turn|54
|inactive|iwanttowinthisgame has 20 seconds left this turn.
|
|t:|1758990492
|-terastallize|p2a: Blaziken|Poison
|move|p2a: Blaziken|Flare Blitz|p1a: Victreebel
|-supereffective|p1a: Victreebel
|-enditem|p1a: Victreebel|Focus Sash
|-damage|p1a: Victreebel|1/100
|-damage|p2a: Blaziken|59/100|[from] Recoil
|move|p1a: Victreebel|Leaf Blade|p2a: Blaziken
|-resisted|p2a: Blaziken
|-damage|p2a: Blaziken|0 fnt
|faint|p2a: Blaziken
|
|upkeep
|inactive|iwanttowinthisgame has 25 seconds left this turn.
|inactive|iwanttowinthisgame has 20 seconds left.
|inactive|iwanttowinthisgame has 15 seconds left.
|inactive|iwanttowinthisgame has 10 seconds left.
|inactive|iwanttowinthisgame has 5 seconds left.
|-message|iwanttowinthisgame lost due to inactivity.
|
|win|Natorito
|raw|Natorito's rating: 1318 &rarr; <strong>1339</strong><br />(+21 for winning)
|raw|iwanttowinthisgame's rating: 1330 &rarr; <strong>1309</strong><br />(-21 for losing)
|l|☆Natorito
|player|p1|
