|j|☆KrishKalra43
|j|☆Tg3loading
|t:|1758997009
|gametype|singles
|player|p1|KrishKalra43|ethan|1072
|player|p2|Tg3loading|170|1082
|gen|9
|tier|[Gen 9] OU
|rated|
|rule|HP Percentage Mod: HP is shown in percentages
|rule|Endless Battle Clause: Forcing endless battles is banned
|rule|Species Clause: Limit one of each Pokémon
|rule|OHKO Clause: OHKO moves are banned
|rule|Evasion Items Clause: Evasion items are banned
|rule|Evasion Moves Clause: Evasion moves are banned
|rule|Evasion Abilities Clause: Evasion abilities are banned
|rule|Sleep Moves Clause: Sleep-inducing moves are banned
|clearpoke
|poke|p1|Dondozo, F|
|poke|p1|Blissey, F|
|poke|p1|Corviknight, M|
|poke|p1|Weezing-Galar, F|
|poke|p1|Gliscor, F|
|poke|p1|Toxapex, F|
|poke|p2|Metagross|
|poke|p2|Garchomp, F|
|poke|p2|Granbull, M|
|poke|p2|Regirock|
|poke|p2|Quaquaval, M|
|poke|p2|Iron Jugulis|
|teampreview
|inactive|Battle timer is ON: inactive players will automatically lose when time's up. (requested by KrishKalra43)
|
|t:|1758997029
|teamsize|p1|6
|teamsize|p2|6
|start
|switch|p1a: Weezing|Weezing-Galar, F|100/100
|switch|p2a: Garchomp|Garchomp, F|100/100
|-ability|p1a: Weezing|Neutralizing Gas
|turn|1
|
|t:|1758997037
|-end|p1a: Weezing|ability: Neutralizing Gas
|switch|p1a: Gliscor|Gliscor, F|100/100
|move|p2a: Garchomp|Stealth Rock|p1a: Gliscor
|-sidestart|p1: KrishKalra43|move: Stealth Rock
|
|-status|p1a: Gliscor|tox|[from] item: Toxic Orb
|upkeep
|turn|2
|
|t:|1758997045
|switch|p2a: Regirock|Regirock|100/100
|move|p1a: Gliscor|Spikes|p2a: Regirock
|-sidestart|p2: Tg3loading|Spikes
|
|upkeep
|turn|3
|
|t:|1758997051
|move|p1a: Gliscor|Knock Off|p2a: Regirock
|-crit|p2a: Regirock
|-damage|p2a: Regirock|85/100
|-enditem|p2a: Regirock|Custap Berry|[from] move: Knock Off|[of] p1a: Gliscor
|move|p2a: Regirock|Rock Slide|p1a: Gliscor
|-damage|p1a: Gliscor|74/100 tox
|
|-heal|p1a: Gliscor|87/100 tox|[from] ability: Poison Heal
|upkeep
|turn|4
|
|t:|1758997062
|move|p1a: Gliscor|Earthquake|p2a: Regirock
|-supereffective|p2a: Regirock
|-damage|p2a: Regirock|53/100
|move|p2a: Regirock|Body Press|p1a: Gliscor
|-resisted|p1a: Gliscor
|-crit|p1a: Gliscor
|-damage|p1a: Gliscor|66/100 tox
|
|-heal|p1a: Gliscor|78/100 tox|[from] ability: Poison Heal
|upkeep
|turn|5
|
|t:|1758997069
|move|p1a: Gliscor|Earthquake|p2a: Regirock
|-supereffective|p2a: Regirock
|-damage|p2a: Regirock|22/100
|move|p2a: Regirock|Rock Slide|p1a: Gliscor
|-damage|p1a: Gliscor|50/100 tox
|
|-heal|p1a: Gliscor|62/100 tox|[from] ability: Poison Heal
|upkeep
|turn|6
|
|t:|1758997085
|move|p1a: Gliscor|Earthquake|p2a: Regirock
|-supereffective|p2a: Regirock
|-damage|p2a: Regirock|0 fnt
|faint|p2a: Regirock
|
|-heal|p1a: Gliscor|75/100 tox|[from] ability: Poison Heal
|upkeep
|
|t:|1758997094
|switch|p2a: Quaquaval|Quaquaval, M|100/100
|-damage|p2a: Quaquaval|88/100|[from] Spikes
|turn|7
|
|t:|1758997115
|move|p1a: Gliscor|Protect|p1a: Gliscor
|-singleturn|p1a: Gliscor|Protect
|move|p2a: Quaquaval|Ice Spinner|p1a: Gliscor
|-activate|p1a: Gliscor|move: Protect
|
|-heal|p1a: Gliscor|87/100 tox|[from] ability: Poison Heal
|upkeep
|turn|8
|
|t:|1758997124
|switch|p1a: Weezing|Weezing-Galar, F|100/100
|-ability|p1a: Weezing|Neutralizing Gas
|move|p2a: Quaquaval|Aqua Step|p1a: Weezing
|-damage|p1a: Weezing|79/100
|-boost|p2a: Quaquaval|spe|1
|
|upkeep
|turn|9
|
|t:|1758997141
|switch|p2a: Granbull|Granbull, M|100/100
|-damage|p2a: Granbull|88/100|[from] Spikes
|move|p1a: Weezing|Strange Steam|p2a: Granbull
|-damage|p2a: Granbull|63/100
|
|upkeep
|turn|10
|
|t:|1758997146
|move|p1a: Weezing|Defog|p2a: Granbull
|-unboost|p2a: Granbull|evasion|1
|-sideend|p2: Tg3loading|Spikes|[from] move: Defog|[of] p1a: Weezing
|-sideend|p1: KrishKalra43|Stealth Rock|[from] move: Defog|[of] p1a: Weezing
|move|p2a: Granbull|Psychic Fangs|p1a: Weezing
|-supereffective|p1a: Weezing
|-damage|p1a: Weezing|42/100
|
|upkeep
|turn|11
|
|t:|1758997152
|move|p1a: Weezing|Will-O-Wisp|p2a: Granbull
|-status|p2a: Granbull|brn
|move|p2a: Granbull|Psychic Fangs|p1a: Weezing
|-supereffective|p1a: Weezing
|-damage|p1a: Weezing|23/100
|
|-damage|p2a: Granbull|57/100 brn|[from] brn
|upkeep
|turn|12
|
|t:|1758997159
|move|p1a: Weezing|Strange Steam|p2a: Granbull
|-damage|p2a: Granbull|32/100 brn
|move|p2a: Granbull|Psychic Fangs|p1a: Weezing
|-supereffective|p1a: Weezing
|-damage|p1a: Weezing|5/100
|
|-damage|p2a: Granbull|26/100 brn|[from] brn
|upkeep
|turn|13
|
|t:|1758997163
|move|p1a: Weezing|Pain Split|p2a: Granbull
|-sethp|p2a: Granbull|15/100 brn|[from] move: Pain Split|[silent]
|-sethp|p1a: Weezing|17/100|[from] move: Pain Split
|move|p2a: Granbull|Earthquake|p1a: Weezing
|-supereffective|p1a: Weezing
|-damage|p1a: Weezing|0 fnt
|faint|p1a: Weezing
|-end|p1a: Weezing|ability: Neutralizing Gas
|
|-damage|p2a: Granbull|9/100 brn|[from] brn
|upkeep
|
|t:|1758997171
|switch|p1a: Gliscor|Gliscor, F|87/100 tox
|turn|14
|
|t:|1758997175
|move|p1a: Gliscor|Knock Off|p2a: Granbull
|-resisted|p2a: Granbull
|-damage|p2a: Granbull|0 fnt
|-enditem|p2a: Granbull|Assault Vest|[from] move: Knock Off|[of] p1a: Gliscor
|faint|p2a: Granbull
|
|-heal|p1a: Gliscor|99/100 tox|[from] ability: Poison Heal
|upkeep
|
|t:|1758997191
|switch|p2a: Garchomp|Garchomp, F|100/100
|turn|15
|
|t:|1758997200
|switch|p1a: Corviknight|Corviknight, M|100/100
|-ability|p1a: Corviknight|Pressure
|move|p2a: Garchomp|Stealth Rock|p1a: Corviknight
|-sidestart|p1: KrishKalra43|move: Stealth Rock
|
|upkeep
|turn|16
|
|t:|1758997203
|move|p2a: Garchomp|Fire Fang|p1a: Corviknight
|-supereffective|p1a: Corviknight
|-damage|p1a: Corviknight|78/100
|move|p1a: Corviknight|Defog|p2a: Garchomp
|-unboost|p2a: Garchomp|evasion|1
|-sideend|p1: KrishKalra43|Stealth Rock|[from] move: Defog|[of] p1a: Corviknight
|
|-heal|p1a: Corviknight|84/100|[from] item: Leftovers
|upkeep
|turn|17
|
|t:|1758997217
|switch|p1a: Dondozo|Dondozo, F|100/100
|move|p2a: Garchomp|Stealth Rock|p1a: Dondozo
|-sidestart|p1: KrishKalra43|move: Stealth Rock
|
|upkeep
|turn|18
|
|t:|1758997225
|move|p1a: Dondozo|Avalanche|p2a: Garchomp
|-supereffective|p2a: Garchomp
|-damage|p2a: Garchomp|66/100
|-damage|p1a: Dondozo|88/100|[from] ability: Rough Skin|[of] p2a: Garchomp
|-damage|p1a: Dondozo|72/100|[from] item: Rocky Helmet|[of] p2a: Garchomp
|move|p2a: Garchomp|Dragon Tail|p1a: Dondozo|[miss]
|-miss|p2a: Garchomp|p1a: Dondozo
|
|-heal|p1a: Dondozo|78/100|[from] item: Leftovers
|upkeep
|turn|19
|
|t:|1758997234
|move|p1a: Dondozo|Avalanche|p2a: Garchomp
|-supereffective|p2a: Garchomp
|-damage|p2a: Garchomp|27/100
|-damage|p1a: Dondozo|66/100|[from] ability: Rough Skin|[of] p2a: Garchomp
|-damage|p1a: Dondozo|49/100|[from] item: Rocky Helmet|[of] p2a: Garchomp
|move|p2a: Garchomp|Dragon Tail|p1a: Dondozo
|-damage|p1a: Dondozo|37/100
|drag|p1a: Blissey|Blissey, F|100/100
|-damage|p1a: Blissey|88/100|[from] Stealth Rock
|
|-heal|p1a: Blissey|94/100|[from] item: Leftovers
|upkeep
|turn|20
|
|t:|1758997245
|move|p2a: Garchomp|Earthquake|p1a: Blissey
|-damage|p1a: Blissey|53/100
|move|p1a: Blissey|Seismic Toss|p2a: Garchomp
|-damage|p2a: Garchomp|3/100
|-damage|p1a: Blissey|40/100|[from] ability: Rough Skin|[of] p2a: Garchomp
|-damage|p1a: Blissey|24/100|[from] item: Rocky Helmet|[of] p2a: Garchomp
|
|-heal|p1a: Blissey|30/100|[from] item: Leftovers
|upkeep
|turn|21
|
|t:|1758997252
|move|p2a: Garchomp|Fire Fang|p1a: Blissey
|-damage|p1a: Blissey|11/100
|move|p1a: Blissey|Soft-Boiled|p1a: Blissey
|-heal|p1a: Blissey|61/100
|
|-heal|p1a: Blissey|68/100|[from] item: Leftovers
|upkeep
|turn|22
|
|t:|1758997256
|move|p2a: Garchomp|Earthquake|p1a: Blissey
|-damage|p1a: Blissey|26/100
|move|p1a: Blissey|Soft-Boiled|p1a: Blissey
|-heal|p1a: Blissey|76/100
|
|-heal|p1a: Blissey|82/100|[from] item: Leftovers
|upkeep
|turn|23
|
|t:|1758997260
|move|p2a: Garchomp|Earthquake|p1a: Blissey
|-damage|p1a: Blissey|41/100
|move|p1a: Blissey|Seismic Toss|p2a: Garchomp
|-damage|p2a: Garchomp|0 fnt
|-damage|p1a: Blissey|28/100|[from] ability: Rough Skin|[of] p2a: Garchomp
|-damage|p1a: Blissey|12/100|[from] item: Rocky Helmet|[of] p2a: Garchomp
|faint|p2a: Garchomp
|
|-heal|p1a: Blissey|18/100|[from] item: Leftovers
|upkeep
|
|t:|1758997277
|switch|p2a: Quaquaval|Quaquaval, M|88/100
|turn|24
|
|t:|1758997294
|move|p2a: Quaquaval|Aqua Step|p1a: Blissey
|-damage|p1a: Blissey|0 fnt
|-boost|p2a: Quaquaval|spe|1
|faint|p1a: Blissey
|-ability|p2a: Quaquaval|Moxie|boost
|-boost|p2a: Quaquaval|atk|1
|
|upkeep
|
|t:|1758997297
|switch|p1a: Toxapex|Toxapex, F|100/100
|-damage|p1a: Toxapex|88/100|[from] Stealth Rock
|turn|25
|
|t:|1758997305
|move|p2a: Quaquaval|Close Combat|p1a: Toxapex
|-resisted|p1a: Toxapex
|-damage|p1a: Toxapex|61/100
|-unboost|p2a: Quaquaval|def|1
|-unboost|p2a: Quaquaval|spd|1
|move|p1a: Toxapex|Haze|p1a: Toxapex
|-clearallboost
|
|-heal|p1a: Toxapex|67/100|[from] item: Leftovers
|upkeep
|turn|26
|c|☆KrishKalra43|dang
|c|☆KrishKalra43|wp
|
|t:|1758997317
|switch|p2a: Xbox|Metagross|100/100
|move|p1a: Toxapex|Toxic|p2a: Xbox
|-immune|p2a: Xbox
|
|-heal|p1a: Toxapex|74/100|[from] item: Leftovers
|upkeep
|turn|27
|
|t:|1758997323
|switch|p1a: Gliscor|Gliscor, F|99/100 tox
|-damage|p1a: Gliscor|87/100 tox|[from] Stealth Rock
|move|p2a: Xbox|Agility|p2a: Xbox
|-boost|p2a: Xbox|spe|2
|
|-heal|p1a: Gliscor|99/100 tox|[from] ability: Poison Heal
|upkeep
|turn|28
|
|t:|1758997329
|move|p2a: Xbox|Zen Headbutt|p1a: Gliscor
|-damage|p1a: Gliscor|73/100 tox
|move|p1a: Gliscor|Knock Off|p2a: Xbox
|-supereffective|p2a: Xbox
|-damage|p2a: Xbox|66/100
|-enditem|p2a: Xbox|Weakness Policy
|-boost|p2a: Xbox|atk|2|[from] item: Weakness Policy
|-boost|p2a: Xbox|spa|2|[from] item: Weakness Policy
|
|-heal|p1a: Gliscor|85/100 tox|[from] ability: Poison Heal
|upkeep
|turn|29
|
|t:|1758997337
|move|p1a: Gliscor|Protect|p1a: Gliscor
|-singleturn|p1a: Gliscor|Protect
|move|p2a: Xbox|Zen Headbutt|p1a: Gliscor
|-activate|p1a: Gliscor|move: Protect
|
|-heal|p1a: Gliscor|98/100 tox|[from] ability: Poison Heal
|upkeep
|turn|30
|
|t:|1758997355
|move|p2a: Xbox|Zen Headbutt|p1a: Gliscor
|-damage|p1a: Gliscor|45/100 tox
|move|p1a: Gliscor|Earthquake|p2a: Xbox
|-supereffective|p2a: Xbox
|-damage|p2a: Xbox|11/100
|
|-heal|p1a: Gliscor|58/100 tox|[from] ability: Poison Heal
|upkeep
|turn|31
|
|t:|1758997361
|move|p2a: Xbox|Zen Headbutt|p1a: Gliscor
|-damage|p1a: Gliscor|6/100 tox
|move|p1a: Gliscor|Knock Off|p2a: Xbox
|-supereffective|p2a: Xbox
|-damage|p2a: Xbox|0 fnt
|faint|p2a: Xbox
|
|-heal|p1a: Gliscor|18/100 tox|[from] ability: Poison Heal
|upkeep
|
|t:|1758997365
|switch|p2a: Iron Jugulis|Iron Jugulis|100/100
|-enditem|p2a: Iron Jugulis|Booster Energy
|-activate|p2a: Iron Jugulis|ability: Quark Drive|[fromitem]
|-start|p2a: Iron Jugulis|quarkdrivespe
|turn|32
|
|t:|1758997368
|move|p1a: Gliscor|Protect|p1a: Gliscor
|-singleturn|p1a: Gliscor|Protect
|move|p2a: Iron Jugulis|Dark Pulse|p1a: Gliscor
|-activate|p1a: Gliscor|move: Protect
|
|-heal|p1a: Gliscor|31/100 tox|[from] ability: Poison Heal
|upkeep
|turn|33
|
|t:|1758997386
|switch|p1a: Toxapex|Toxapex, F|100/100
|-damage|p1a: Toxapex|88/100|[from] Stealth Rock
|move|p2a: Iron Jugulis|Dark Pulse|p1a: Toxapex
|-damage|p1a: Toxapex|64/100
|
|-heal|p1a: Toxapex|71/100|[from] item: Leftovers
|upkeep
|turn|34
|
|t:|1758997391
|move|p2a: Iron Jugulis|Hurricane|p1a: Toxapex
|-damage|p1a: Toxapex|39/100
|move|p1a: Toxapex|Toxic|p2a: Iron Jugulis
|-status|p2a: Iron Jugulis|tox
|
|-heal|p1a: Toxapex|45/100|[from] item: Leftovers
|-damage|p2a: Iron Jugulis|94/100 tox|[from] psn
|upkeep
|turn|35
|
|t:|1758997398
|move|p2a: Iron Jugulis|Hurricane|p1a: Toxapex
|-damage|p1a: Toxapex|11/100
|move|p1a: Toxapex|Recover|p1a: Toxapex
|-heal|p1a: Toxapex|61/100
|
|-heal|p1a: Toxapex|68/100|[from] item: Leftovers
|-damage|p2a: Iron Jugulis|82/100 tox|[from] psn
|upkeep
|turn|36
|-message|Tg3loading forfeited.
|
|win|KrishKalra43
|raw|KrishKalra43's rating: 1072 &rarr; <strong>1102</strong><br />(+30 for winning)
|raw|Tg3loading's rating: 1082 &rarr; <strong>1059</strong><br />(-23 for losing)
|l|☆Tg3loading
|player|p2|
