|j|‽Rigid123456
|j|☆trentmane6610
|t:|1759061967
|gametype|singles
|player|p1|Rigid123456|red|1316
|player|p2|trentmane6610|170|1325
|gen|9
|tier|[Gen 9] OU
|rated|
|rule|HP Percentage Mod: HP is shown in percentages
|rule|Endless Battle Clause: Forcing endless battles is banned
|rule|Species Clause: Limit one of each Pokémon
|rule|OHKO Clause: OHKO moves are banned
|rule|Evasion Items Clause: Evasion items are banned
|rule|Evasion Moves Clause: Evasion moves are banned
|rule|Evasion Abilities Clause: Evasion abilities are banned
|rule|Sleep Moves Clause: Sleep-inducing moves are banned
|clearpoke
|poke|p1|Blaziken, M|
|poke|p1|Corviknight, F|
|poke|p1|Rillaboom, M|
|poke|p1|Porygon-Z|
|poke|p1|Gliscor, M|
|poke|p1|Clefable, F|
|poke|p2|Pelipper, M|
|poke|p2|Torkoal, M|
|poke|p2|Quaquaval, M|
|poke|p2|Lilligant-Hisui, F|
|poke|p2|Walking Wake|
|poke|p2|Scovillain, M|
|teampreview
|inactive|Battle timer is ON: inactive players will automatically lose when time's up. (requested by Rigid123456)
|
|t:|1759061990
|teamsize|p1|6
|teamsize|p2|6
|start
|switch|p1a: Porygon-Z|Porygon-Z|100/100
|switch|p2a: Pelipper|Pelipper, M|100/100
|-weather|RainDance|[from] ability: Drizzle|[of] p2a: Pelipper
|turn|1
|inactive|trentmane6610 has 120 seconds left.
|
|t:|1759062034
|switch|p2a: Torkoal|Torkoal, M|100/100
|-weather|SunnyDay|[from] ability: Drought|[of] p2a: Torkoal
|-terastallize|p1a: Porygon-Z|Normal
|move|p1a: Porygon-Z|Tri Attack|p2a: Torkoal
|-damage|p2a: Torkoal|6/100
|
|-weather|SunnyDay|[upkeep]
|upkeep
|turn|2
|inactive|trentmane6610 has 120 seconds left.
|
|t:|1759062056
|move|p1a: Porygon-Z|Tri Attack|p2a: Torkoal
|-damage|p2a: Torkoal|0 fnt
|faint|p2a: Torkoal
|
|-weather|SunnyDay|[upkeep]
|upkeep
|
|t:|1759062073
|switch|p2a: Scovillain|Scovillain, M|100/100
|turn|3
|
|t:|1759062086
|switch|p1a: Gliscor|Gliscor, M|100/100
|move|p2a: Scovillain|Flamethrower|p1a: Gliscor
|-damage|p1a: Gliscor|0 fnt
|faint|p1a: Gliscor
|-damage|p2a: Scovillain|91/100|[from] item: Life Orb
|
|-weather|SunnyDay|[upkeep]
|upkeep
|
|t:|1759062101
|switch|p1a: Corviknight|Corviknight, F|100/100
|turn|4
|
|t:|1759062113
|switch|p1a: Blaziken|Blaziken, M|100/100
|move|p2a: Scovillain|Flamethrower|p1a: Blaziken
|-resisted|p1a: Blaziken
|-damage|p1a: Blaziken|35/100
|-damage|p2a: Scovillain|81/100|[from] item: Life Orb
|
|-weather|SunnyDay|[upkeep]
|upkeep
|turn|5
|inactive|trentmane6610 has 120 seconds left.
|
|t:|1759062124
|move|p1a: Blaziken|Protect|p1a: Blaziken
|-singleturn|p1a: Blaziken|Protect
|move|p2a: Scovillain|Flamethrower|p1a: Blaziken
|-activate|p1a: Blaziken|move: Protect
|
|-weather|SunnyDay|[upkeep]
|-ability|p1a: Blaziken|Speed Boost|boost
|-boost|p1a: Blaziken|spe|1
|upkeep
|turn|6
|
|t:|1759062133
|move|p1a: Blaziken|Protect||[still]
|-fail|p1a: Blaziken
|move|p2a: Scovillain|Flamethrower|p1a: Blaziken
|-resisted|p1a: Blaziken
|-damage|p1a: Blaziken|0 fnt
|faint|p1a: Blaziken
|-damage|p2a: Scovillain|71/100|[from] item: Life Orb
|
|-weather|SunnyDay|[upkeep]
|upkeep
|
|t:|1759062136
|switch|p1a: Clefable|Clefable, F|100/100
|turn|7
|
|t:|1759062145
|move|p1a: Clefable|Protect|p1a: Clefable
|-singleturn|p1a: Clefable|Protect
|move|p2a: Scovillain|Flamethrower|p1a: Clefable
|-activate|p1a: Clefable|move: Protect
|
|-weather|SunnyDay|[upkeep]
|upkeep
|turn|8
|
|t:|1759062152
|move|p2a: Scovillain|Flamethrower|p1a: Clefable
|-damage|p1a: Clefable|23/100
|-damage|p2a: Scovillain|61/100|[from] item: Life Orb
|move|p1a: Clefable|Cosmic Power|p1a: Clefable
|-boost|p1a: Clefable|def|1
|-boost|p1a: Clefable|spd|1
|
|-weather|none
|-heal|p1a: Clefable|29/100|[from] item: Leftovers
|upkeep
|turn|9
|
|t:|1759062164
|move|p1a: Clefable|Protect|p1a: Clefable
|-singleturn|p1a: Clefable|Protect
|move|p2a: Scovillain|Sunny Day|p2a: Scovillain
|-weather|SunnyDay
|
|-weather|SunnyDay|[upkeep]
|-heal|p1a: Clefable|36/100|[from] item: Leftovers
|upkeep
|turn|10
|
|t:|1759062179
|move|p2a: Scovillain|Flamethrower|p1a: Clefable
|-damage|p1a: Clefable|0 fnt
|faint|p1a: Clefable
|-damage|p2a: Scovillain|51/100|[from] item: Life Orb
|
|-weather|SunnyDay|[upkeep]
|upkeep
|
|t:|1759062186
|switch|p1a: Rillaboom|Rillaboom, M|100/100
|-fieldstart|move: Grassy Terrain|[from] ability: Grassy Surge|[of] p1a: Rillaboom
|turn|11
|
|t:|1759062192
|move|p1a: Rillaboom|Grassy Glide|p2a: Scovillain
|-resisted|p2a: Scovillain
|-damage|p2a: Scovillain|25/100
|move|p2a: Scovillain|Flamethrower|p1a: Rillaboom
|-supereffective|p1a: Rillaboom
|-crit|p1a: Rillaboom
|-damage|p1a: Rillaboom|0 fnt
|faint|p1a: Rillaboom
|-damage|p2a: Scovillain|15/100|[from] item: Life Orb
|
|-weather|SunnyDay|[upkeep]
|-heal|p2a: Scovillain|21/100|[from] Grassy Terrain
|upkeep
|-message|Rigid123456 forfeited.
|
|win|trentmane6610
|raw|Rigid123456's rating: 1316 &rarr; <strong>1297</strong><br />(-19 for losing)
|raw|trentmane6610's rating: 1325 &rarr; <strong>1344</strong><br />(+19 for winning)
|l|‽Rigid123456
|player|p1|
|l|☆trentmane6610
|player|p2|
