|badge|p2|bronze|gen9ou|100-6
|html|<div class="broadcast-red"><strong>This battle is required to be public due to one or more player having a season medal.</strong><br />During the public phase, you can discuss the state of the ladder <a href="/seasondiscussion">in a special chatroom.</a></div>
|uhtml|medal-msg|<div class="broadcast-blue">Curious what those medals under the avatar are? PS now has Ladder Seasons! For more information, check out the <a href="https://www.smogon.com/forums/threads/3740067/">thread on Smogon.</a></div>
|raw|<div class="broadcast-blue"><strong>This battle is required to be public due to a player having a name starting with 'medal'.</div>
|j|☆CloudyEJ
|j|☆yesterdaymister
|t:|1758978324
|gametype|singles
|player|p1|CloudyEJ|fisherman-gen1|1749
|player|p2|yesterdaymister|striker|1881
|gen|9
|tier|[Gen 9] OU
|rated|
|rule|HP Percentage Mod: HP is shown in percentages
|rule|Endless Battle Clause: Forcing endless battles is banned
|rule|Species Clause: Limit one of each Pokémon
|rule|OHKO Clause: OHKO moves are banned
|rule|Evasion Items Clause: Evasion items are banned
|rule|Evasion Moves Clause: Evasion moves are banned
|rule|Evasion Abilities Clause: Evasion abilities are banned
|rule|Sleep Moves Clause: Sleep-inducing moves are banned
|clearpoke
|poke|p1|Kingambit, F|
|poke|p1|Dragonite, F|
|poke|p1|Great Tusk|
|poke|p1|Iron Moth|
|poke|p1|Gholdengo|
|poke|p1|Araquanid, F|
|poke|p2|Ninetales, M|
|poke|p2|Ceruledge, M|
|poke|p2|Venusaur, M|
|poke|p2|Hatterene, F|
|poke|p2|Great Tusk|
|poke|p2|Walking Wake|
|teampreview
|inactive|Battle timer is ON: inactive players will automatically lose when time's up. (requested by yesterdaymister)
|j| cryyysneasel
|c|☆yesterdaymister|why is this game public?
|
|t:|1758978344
|teamsize|p1|6
|teamsize|p2|6
|start
|switch|p1a: Iron Moth|Iron Moth, shiny|100/100
|switch|p2a: arda guler|Ninetales, M|100/100
|-weather|SunnyDay|[from] ability: Drought|[of] p2a: arda guler
|-enditem|p1a: Iron Moth|Booster Energy
|-activate|p1a: Iron Moth|ability: Quark Drive|[fromitem]
|-start|p1a: Iron Moth|quarkdrivespa
|turn|1
|
|t:|1758978360
|switch|p2a: maccabi|Hatterene, F|100/100
|move|p1a: Iron Moth|Sludge Wave|p2a: maccabi
|-supereffective|p2a: maccabi
|-damage|p2a: maccabi|0 fnt
|faint|p2a: maccabi
|
|-weather|SunnyDay|[upkeep]
|upkeep
|
|t:|1758978366
|switch|p2a: mignolet|Great Tusk|100/100
|-activate|p2a: mignolet|ability: Protosynthesis
|-start|p2a: mignolet|protosynthesisspe
|turn|2
|j| seiko leich
|inactive|CloudyEJ has 120 seconds left.
|
|t:|1758978400
|-end|p1a: Iron Moth|Quark Drive|[silent]
|switch|p1a: Araquanid|Araquanid, F, shiny|100/100
|move|p2a: mignolet|Headlong Rush|p1a: Araquanid
|-resisted|p1a: Araquanid
|-damage|p1a: Araquanid|79/100
|-unboost|p2a: mignolet|def|1
|-unboost|p2a: mignolet|spd|1
|
|-weather|SunnyDay|[upkeep]
|upkeep
|turn|3
|
|t:|1758978405
|move|p2a: mignolet|Stealth Rock|p1a: Araquanid
|-sidestart|p1: CloudyEJ|move: Stealth Rock
|move|p1a: Araquanid|Sticky Web|p2a: mignolet
|-sidestart|p2: yesterdaymister|move: Sticky Web
|
|-weather|SunnyDay|[upkeep]
|upkeep
|turn|4
|j| ZATUGRO
|inactive|CloudyEJ has 120 seconds left.
|inactive|CloudyEJ has 90 seconds left.
|
|t:|1758978466
|-end|p2a: mignolet|Protosynthesis|[silent]
|switch|p2a: lebron|Ceruledge, M|100/100
|-activate|p2a: lebron|move: Sticky Web
|-unboost|p2a: lebron|spe|1
|move|p1a: Araquanid|Surf|p2a: lebron
|-supereffective|p2a: lebron
|-damage|p2a: lebron|63/100
|
|-weather|SunnyDay|[upkeep]
|upkeep
|turn|5
|j| wgw2333
|
|t:|1758978487
|move|p2a: lebron|Swords Dance|p2a: lebron
|-boost|p2a: lebron|atk|2
|move|p1a: Araquanid|Surf|p2a: lebron
|-supereffective|p2a: lebron
|-damage|p2a: lebron|25/100
|
|-weather|SunnyDay|[upkeep]
|upkeep
|turn|6
|j| Raining Drawing
|inactive|CloudyEJ has 90 seconds left.
|
|t:|1758978498
|move|p2a: lebron|Bitter Blade|p1a: Araquanid
|-damage|p1a: Araquanid|23/100
|-heal|p2a: lebron|58/100|[from] drain|[of] p1a: Araquanid
|move|p1a: Araquanid|Surf|p2a: lebron
|-supereffective|p2a: lebron
|-damage|p2a: lebron|20/100
|
|-weather|SunnyDay|[upkeep]
|upkeep
|turn|7
|-enditem|p1a: Araquanid|Custap Berry|[eat]
|-activate|p1a: Araquanid|item: Custap Berry|[consumed]
|
|t:|1758978504
|move|p1a: Araquanid|Surf|p2a: lebron
|-supereffective|p2a: lebron
|-damage|p2a: lebron|0 fnt
|faint|p2a: lebron
|
|-weather|SunnyDay|[upkeep]
|upkeep
|
|t:|1758978511
|switch|p2a: hans vanaken|Venusaur, M|100/100
|-activate|p2a: hans vanaken|move: Sticky Web
|-unboost|p2a: hans vanaken|spe|1
|turn|8
|
|t:|1758978514
|move|p2a: hans vanaken|Giga Drain|p1a: Araquanid
|-damage|p1a: Araquanid|0 fnt
|faint|p1a: Araquanid
|-damage|p2a: hans vanaken|91/100|[from] item: Life Orb
|
|-weather|none
|upkeep
|
|t:|1758978516
|switch|p1a: Great Tusk|Great Tusk|100/100
|-damage|p1a: Great Tusk|98/100|[from] Stealth Rock
|-enditem|p1a: Great Tusk|Booster Energy
|-activate|p1a: Great Tusk|ability: Protosynthesis|[fromitem]
|-start|p1a: Great Tusk|protosynthesisatk
|turn|9
|
|t:|1758978523
|switch|p2a: mignolet|Great Tusk|100/100
|-activate|p2a: mignolet|move: Sticky Web
|-unboost|p2a: mignolet|spe|1
|move|p1a: Great Tusk|Ice Spinner|p2a: mignolet
|-supereffective|p2a: mignolet
|-damage|p2a: mignolet|46/100
|-damage|p1a: Great Tusk|81/100|[from] item: Rocky Helmet|[of] p2a: mignolet
|
|upkeep
|turn|10
|inactive|CloudyEJ has 120 seconds left.
|
|t:|1758978558
|-end|p2a: mignolet|Protosynthesis|[silent]
|switch|p2a: arda guler|Ninetales, M|100/100
|-activate|p2a: arda guler|move: Sticky Web
|-unboost|p2a: arda guler|spe|1
|-weather|SunnyDay|[from] ability: Drought|[of] p2a: arda guler
|move|p1a: Great Tusk|Headlong Rush|p2a: arda guler
|-supereffective|p2a: arda guler
|-damage|p2a: arda guler|0 fnt
|-unboost|p1a: Great Tusk|def|1
|-unboost|p1a: Great Tusk|spd|1
|faint|p2a: arda guler
|
|-weather|SunnyDay|[upkeep]
|upkeep
|
|t:|1758978563
|switch|p2a: hans vanaken|Venusaur, M|91/100
|-activate|p2a: hans vanaken|move: Sticky Web
|-unboost|p2a: hans vanaken|spe|1
|turn|11
|
|t:|1758978573
|-end|p1a: Great Tusk|Protosynthesis|[silent]
|switch|p1a: Iron Moth|Iron Moth, shiny|100/100
|-damage|p1a: Iron Moth|76/100|[from] Stealth Rock
|move|p2a: hans vanaken|Weather Ball|p1a: Iron Moth
|-resisted|p1a: Iron Moth
|-damage|p1a: Iron Moth|45/100
|-damage|p2a: hans vanaken|81/100|[from] item: Life Orb
|
|-weather|SunnyDay|[upkeep]
|upkeep
|turn|12
|
|t:|1758978583
|-terastallize|p2a: hans vanaken|Fire
|move|p1a: Iron Moth|Fiery Dance|p2a: hans vanaken
|-resisted|p2a: hans vanaken
|-damage|p2a: hans vanaken|41/100
|move|p2a: hans vanaken|Weather Ball|p1a: Iron Moth
|-resisted|p1a: Iron Moth
|-damage|p1a: Iron Moth|0 fnt
|faint|p1a: Iron Moth
|-end|p1a: Iron Moth|Quark Drive|[silent]
|-damage|p2a: hans vanaken|31/100|[from] item: Life Orb
|
|-weather|SunnyDay|[upkeep]
|upkeep
|j| amefurikoneko
|inactive|CloudyEJ has 120 seconds left.
|inactive|CloudyEJ has 90 seconds left.
|
|t:|1758978673
|switch|p1a: Kingambit|Kingambit, F, shiny|100/100
|-damage|p1a: Kingambit|94/100|[from] Stealth Rock
|-activate|p1a: Kingambit|ability: Supreme Overlord
|-start|p1a: Kingambit|fallen2|[silent]
|turn|13
|
|t:|1758978678
|switch|p2a: mignolet|Great Tusk|46/100
|-activate|p2a: mignolet|move: Sticky Web
|-unboost|p2a: mignolet|spe|1
|-activate|p2a: mignolet|ability: Protosynthesis
|-start|p2a: mignolet|protosynthesisatk
|move|p1a: Kingambit|Sucker Punch||[still]
|-fail|p1a: Kingambit
|
|-weather|SunnyDay|[upkeep]
|upkeep
|turn|14
|j| amimec
|inactive|CloudyEJ has 60 seconds left.
|inactive|yesterdaymister has 120 seconds left.
|
|t:|1758978733
|-end|p1a: Kingambit|fallen2|[silent]
|switch|p1a: Gholdengo|Gholdengo, shiny|100/100
|-damage|p1a: Gholdengo|94/100|[from] Stealth Rock
|-item|p1a: Gholdengo|Air Balloon
|move|p2a: mignolet|Ice Spinner|p1a: Gholdengo
|-resisted|p1a: Gholdengo
|-damage|p1a: Gholdengo|76/100
|-enditem|p1a: Gholdengo|Air Balloon
|
|-weather|SunnyDay|[upkeep]
|upkeep
|turn|15
|inactive|yesterdaymister has 120 seconds left.
|
|t:|1758978752
|-end|p2a: mignolet|Protosynthesis|[silent]
|switch|p2a: hans vanaken|Venusaur, M, tera:Fire|31/100
|-activate|p2a: hans vanaken|move: Sticky Web
|-unboost|p2a: hans vanaken|spe|1
|move|p1a: Gholdengo|Make It Rain|p2a: hans vanaken
|-resisted|p2a: hans vanaken
|-damage|p2a: hans vanaken|0 fnt
|-unboost|p1a: Gholdengo|spa|1
|faint|p2a: hans vanaken
|
|-weather|SunnyDay|[upkeep]
|upkeep
|
|t:|1758978754
|switch|p2a: chama|Walking Wake|100/100
|-activate|p2a: chama|move: Sticky Web
|-unboost|p2a: chama|spe|1
|-activate|p2a: chama|ability: Protosynthesis
|-start|p2a: chama|protosynthesisspa
|turn|16
|
|t:|1758978763
|move|p1a: Gholdengo|Shadow Ball|p2a: chama
|-damage|p2a: chama|65/100
|move|p2a: chama|Hydro Steam|p1a: Gholdengo
|-damage|p1a: Gholdengo|0 fnt
|faint|p1a: Gholdengo
|
|-weather|SunnyDay|[upkeep]
|upkeep
|
|t:|1758978767
|switch|p1a: Great Tusk|Great Tusk|81/100
|-damage|p1a: Great Tusk|78/100|[from] Stealth Rock
|-activate|p1a: Great Tusk|ability: Protosynthesis
|-start|p1a: Great Tusk|protosynthesisatk
|turn|17
|
|t:|1758978773
|-end|p2a: chama|Protosynthesis|[silent]
|switch|p2a: mignolet|Great Tusk|46/100
|-activate|p2a: mignolet|move: Sticky Web
|-unboost|p2a: mignolet|spe|1
|-activate|p2a: mignolet|ability: Protosynthesis
|-start|p2a: mignolet|protosynthesisatk
|move|p1a: Great Tusk|Headlong Rush|p2a: mignolet
|-damage|p2a: mignolet|0 fnt
|-unboost|p1a: Great Tusk|def|1
|-unboost|p1a: Great Tusk|spd|1
|-damage|p1a: Great Tusk|62/100|[from] item: Rocky Helmet|[of] p2a: mignolet
|faint|p2a: mignolet
|-end|p2a: mignolet|Protosynthesis|[silent]
|
|-weather|none
|-end|p1a: Great Tusk|Protosynthesis
|upkeep
|
|t:|1758978776
|switch|p2a: chama|Walking Wake|65/100
|-activate|p2a: chama|move: Sticky Web
|-unboost|p2a: chama|spe|1
|turn|18
|
|t:|1758978797
|move|p1a: Great Tusk|Headlong Rush|p2a: chama
|-damage|p2a: chama|0 fnt
|-unboost|p1a: Great Tusk|def|1
|-unboost|p1a: Great Tusk|spd|1
|faint|p2a: chama
|-end|p2a: chama|Protosynthesis|[silent]
|
|win|CloudyEJ
|raw|CloudyEJ's rating: 1749 &rarr; <strong>1776</strong><br />(+27 for winning)
|raw|yesterdaymister's rating: 1881 &rarr; <strong>1854</strong><br />(-27 for losing)
|l|☆yesterdaymister
|player|p2|
|l|☆CloudyEJ
|player|p1|
|l| ZATUGRO
|l| cryyysneasel
