|j|☆Flarefofo
|j|☆Kingkaz101
|t:|1758991060
|gametype|singles
|player|p1|Flarefofo|102|1556
|player|p2|Kingkaz101|2|1636
|gen|9
|tier|[Gen 9] OU
|rated|
|rule|HP Percentage Mod: HP is shown in percentages
|rule|Endless Battle Clause: Forcing endless battles is banned
|rule|Species Clause: Limit one of each Pokémon
|rule|OHKO Clause: OHKO moves are banned
|rule|Evasion Items Clause: Evasion items are banned
|rule|Evasion Moves Clause: Evasion moves are banned
|rule|Evasion Abilities Clause: Evasion abilities are banned
|rule|Sleep Moves Clause: Sleep-inducing moves are banned
|clearpoke
|poke|p1|Tyranitar, M|
|poke|p1|Moltres|
|poke|p1|Zamazenta-*|
|poke|p1|Ogerpon-Wellspring, F|
|poke|p1|Great Tusk|
|poke|p1|Pecharunt|
|poke|p2|Lokix, M|
|poke|p2|Mandibuzz, F|
|poke|p2|Ursaluna, F|
|poke|p2|Slowking, M|
|poke|p2|Ninetales-Alola, F|
|poke|p2|Porygon-Z|
|teampreview
|inactive|Battle timer is ON: inactive players will automatically lose when time's up. (requested by Kingkaz101)
|
|t:|1758991081
|teamsize|p1|6
|teamsize|p2|6
|start
|switch|p1a: Ogerpon|Ogerpon-Wellspring, F|100/100
|switch|p2a: Lokix|Lokix, M|100/100
|turn|1
|
|t:|1758991090
|switch|p1a: Great Tusk|Great Tusk, shiny|100/100
|switch|p2a: Ursaluna|Ursaluna, F|100/100
|
|-status|p2a: Ursaluna|brn|[from] item: Flame Orb
|upkeep
|turn|2
|
|t:|1758991095
|switch|p2a: Ninetales|Ninetales-Alola, F|100/100
|-weather|Snowscape|[from] ability: Snow Warning|[of] p2a: Ninetales
|move|p1a: Great Tusk|Ice Spinner|p2a: Ninetales
|-resisted|p2a: Ninetales
|-damage|p2a: Ninetales|88/100
|
|-weather|Snowscape|[upkeep]
|upkeep
|turn|3
|inactive|Flarefofo has 120 seconds left.
|
|t:|1758991152
|-end|p1a: Great Tusk|Protosynthesis|[silent]
|switch|p1a: Tyranitar|Tyranitar, M, shiny|100/100
|-weather|Sandstorm|[from] ability: Sand Stream|[of] p1a: Tyranitar
|move|p2a: Ninetales|Moonblast|p1a: Tyranitar
|-supereffective|p1a: Tyranitar
|-damage|p1a: Tyranitar|65/100
|-unboost|p1a: Tyranitar|spa|1
|
|-weather|Sandstorm|[upkeep]
|-damage|p2a: Ninetales|82/100|[from] Sandstorm
|upkeep
|turn|4
|
|t:|1758991160
|switch|p2a: Ursaluna|Ursaluna, F|100/100 brn
|move|p1a: Tyranitar|Dragon Dance|p1a: Tyranitar
|-boost|p1a: Tyranitar|atk|1
|-boost|p1a: Tyranitar|spe|1
|
|-weather|Sandstorm|[upkeep]
|-damage|p2a: Ursaluna|94/100 brn|[from] brn
|upkeep
|turn|5
|
|t:|1758991168
|switch|p1a: Pecharunt|Pecharunt|100/100
|move|p2a: Ursaluna|Drain Punch|p1a: Pecharunt
|-immune|p1a: Pecharunt
|
|-weather|Sandstorm|[upkeep]
|-damage|p1a: Pecharunt|94/100|[from] Sandstorm
|-damage|p2a: Ursaluna|88/100 brn|[from] brn
|upkeep
|turn|6
|
|t:|1758991172
|move|p1a: Pecharunt|Parting Shot|p2a: Ursaluna
|-unboost|p2a: Ursaluna|atk|1
|-unboost|p2a: Ursaluna|spa|1
|
|t:|1758991175
|switch|p1a: Ogerpon|Ogerpon-Wellspring, F|100/100|[from] Parting Shot
|move|p2a: Ursaluna|Earthquake|p1a: Ogerpon
|-resisted|p1a: Ogerpon
|-damage|p1a: Ogerpon|67/100
|
|-weather|Sandstorm|[upkeep]
|-damage|p1a: Ogerpon|61/100|[from] Sandstorm
|-damage|p2a: Ursaluna|82/100 brn|[from] brn
|upkeep
|turn|7
|
|t:|1758991180
|switch|p2a: Mandibuzz|Mandibuzz, F|100/100
|move|p1a: Ogerpon|Horn Leech|p2a: Mandibuzz
|-resisted|p2a: Mandibuzz
|-crit|p2a: Mandibuzz
|-damage|p2a: Mandibuzz|81/100
|-heal|p1a: Ogerpon|75/100|[from] drain|[of] p2a: Mandibuzz
|
|-weather|none
|upkeep
|turn|8
|
|t:|1758991184
|move|p1a: Ogerpon|Ivy Cudgel|p2a: Mandibuzz|[anim] Ivy Cudgel Water
|-damage|p2a: Mandibuzz|45/100
|move|p2a: Mandibuzz|U-turn|p1a: Ogerpon
|-supereffective|p1a: Ogerpon
|-damage|p1a: Ogerpon|47/100
|
|t:|1758991187
|switch|p2a: Lokix|Lokix, M|100/100|[from] U-turn
|
|upkeep
|turn|9
|
|t:|1758991194
|switch|p1a: Great Tusk|Great Tusk, shiny|100/100
|switch|p2a: Ursaluna|Ursaluna, F|82/100 brn
|
|-damage|p2a: Ursaluna|76/100 brn|[from] brn
|upkeep
|turn|10
|
|t:|1758991198
|switch|p2a: Mandibuzz|Mandibuzz, F|45/100
|move|p1a: Great Tusk|Ice Spinner|p2a: Mandibuzz
|-supereffective|p2a: Mandibuzz
|-damage|p2a: Mandibuzz|15/100
|
|upkeep
|turn|11
|
|t:|1758991207
|switch|p2a: Ninetales|Ninetales-Alola, F|82/100
|-weather|Snowscape|[from] ability: Snow Warning|[of] p2a: Ninetales
|move|p1a: Great Tusk|Ice Spinner|p2a: Ninetales
|-resisted|p2a: Ninetales
|-damage|p2a: Ninetales|70/100
|
|-weather|Snowscape|[upkeep]
|upkeep
|turn|12
|
|t:|1758991210
|-end|p1a: Great Tusk|Protosynthesis|[silent]
|switch|p1a: Tyranitar|Tyranitar, M, shiny|65/100
|-weather|Sandstorm|[from] ability: Sand Stream|[of] p1a: Tyranitar
|move|p2a: Ninetales|Aurora Veil||[still]
|-fail|p2a: Ninetales
|
|-weather|Sandstorm|[upkeep]
|-damage|p2a: Ninetales|64/100|[from] Sandstorm
|upkeep
|turn|13
|
|t:|1758991216
|switch|p2a: Mandibuzz|Mandibuzz, F|15/100
|move|p1a: Tyranitar|Stone Edge|p2a: Mandibuzz
|-supereffective|p2a: Mandibuzz
|-damage|p2a: Mandibuzz|0 fnt
|faint|p2a: Mandibuzz
|
|-weather|Sandstorm|[upkeep]
|upkeep
|
|t:|1758991219
|switch|p2a: Lokix|Lokix, M|100/100
|turn|14
|
|t:|1758991222
|switch|p1a: Great Tusk|Great Tusk, shiny|100/100
|move|p2a: Lokix|U-turn|p1a: Great Tusk
|-resisted|p1a: Great Tusk
|-damage|p1a: Great Tusk|71/100
|-damage|p2a: Lokix|91/100|[from] item: Life Orb
|
|t:|1758991225
|switch|p2a: Ninetales|Ninetales-Alola, F|64/100|[from] U-turn
|-weather|Snowscape|[from] ability: Snow Warning|[of] p2a: Ninetales
|
|-weather|Snowscape|[upkeep]
|upkeep
|turn|15
|
|t:|1758991230
|-end|p1a: Great Tusk|Protosynthesis|[silent]
|switch|p1a: Tyranitar|Tyranitar, M, shiny|65/100
|-weather|Sandstorm|[from] ability: Sand Stream|[of] p1a: Tyranitar
|move|p2a: Ninetales|Moonblast|p1a: Tyranitar
|-supereffective|p1a: Tyranitar
|-damage|p1a: Tyranitar|27/100
|
|-weather|Sandstorm|[upkeep]
|-damage|p2a: Ninetales|58/100|[from] Sandstorm
|upkeep
|turn|16
|
|t:|1758991232
|switch|p1a: Pecharunt|Pecharunt|94/100
|move|p2a: Ninetales|Moonblast|p1a: Pecharunt
|-resisted|p1a: Pecharunt
|-damage|p1a: Pecharunt|81/100
|
|-weather|Sandstorm|[upkeep]
|-damage|p2a: Ninetales|52/100|[from] Sandstorm
|-damage|p1a: Pecharunt|75/100|[from] Sandstorm
|upkeep
|turn|17
|
|t:|1758991242
|switch|p2a: Ursaluna|Ursaluna, F|76/100 brn
|move|p1a: Pecharunt|Parting Shot|p2a: Ursaluna
|-unboost|p2a: Ursaluna|atk|1
|-unboost|p2a: Ursaluna|spa|1
|
|t:|1758991244
|switch|p1a: Ogerpon|Ogerpon-Wellspring, F|47/100|[from] Parting Shot
|
|-weather|Sandstorm|[upkeep]
|-damage|p1a: Ogerpon|41/100|[from] Sandstorm
|-damage|p2a: Ursaluna|70/100 brn|[from] brn
|upkeep
|turn|18
|
|t:|1758991255
|-terastallize|p2a: Ursaluna|Normal
|move|p1a: Ogerpon|Ivy Cudgel|p2a: Ursaluna|[anim] Ivy Cudgel Water
|-damage|p2a: Ursaluna|28/100 brn
|move|p2a: Ursaluna|Drain Punch|p1a: Ogerpon
|-damage|p1a: Ogerpon|5/100
|-heal|p2a: Ursaluna|40/100 brn|[from] drain|[of] p1a: Ogerpon
|
|-weather|Sandstorm|[upkeep]
|-damage|p1a: Ogerpon|0 fnt|[from] Sandstorm
|-damage|p2a: Ursaluna|34/100 brn|[from] Sandstorm
|faint|p1a: Ogerpon
|-damage|p2a: Ursaluna|28/100 brn|[from] brn
|upkeep
|
|t:|1758991270
|switch|p1a: Great Tusk|Great Tusk, shiny|71/100
|turn|19
|
|t:|1758991274
|switch|p2a: Ninetales|Ninetales-Alola, F|52/100
|-weather|Snowscape|[from] ability: Snow Warning|[of] p2a: Ninetales
|move|p1a: Great Tusk|Headlong Rush|p2a: Ninetales
|-damage|p2a: Ninetales|0 fnt
|-unboost|p1a: Great Tusk|def|1
|-unboost|p1a: Great Tusk|spd|1
|faint|p2a: Ninetales
|
|-weather|Snowscape|[upkeep]
|upkeep
|
|t:|1758991290
|switch|p2a: Porygon-Z|Porygon-Z|100/100
|turn|20
|
|t:|1758991295
|-end|p1a: Great Tusk|Protosynthesis|[silent]
|switch|p1a: Moltres|Moltres, shiny|100/100
|move|p2a: Porygon-Z|Tri Attack|p1a: Moltres
|-damage|p1a: Moltres|38/100
|
|-weather|Snowscape|[upkeep]
|upkeep
|turn|21
|
|t:|1758991298
|move|p2a: Porygon-Z|Tri Attack|p1a: Moltres
|-damage|p1a: Moltres|0 fnt
|faint|p1a: Moltres
|
|-weather|Snowscape|[upkeep]
|upkeep
|
|t:|1758991299
|switch|p1a: Tyranitar|Tyranitar, M, shiny|27/100
|-weather|Sandstorm|[from] ability: Sand Stream|[of] p1a: Tyranitar
|turn|22
|
|t:|1758991305
|switch|p2a: Ursaluna|Ursaluna, F, tera:Normal|28/100 brn
|move|p1a: Tyranitar|Dragon Dance|p1a: Tyranitar
|-boost|p1a: Tyranitar|atk|1
|-boost|p1a: Tyranitar|spe|1
|
|-weather|Sandstorm|[upkeep]
|-damage|p2a: Ursaluna|22/100 brn|[from] Sandstorm
|-damage|p2a: Ursaluna|16/100 brn|[from] brn
|upkeep
|turn|23
|
|t:|1758991308
|move|p1a: Tyranitar|Knock Off|p2a: Ursaluna
|-damage|p2a: Ursaluna|0 fnt
|-enditem|p2a: Ursaluna|Flame Orb|[from] move: Knock Off|[of] p1a: Tyranitar
|faint|p2a: Ursaluna
|
|-weather|Sandstorm|[upkeep]
|upkeep
|
|t:|1758991309
|switch|p2a: Lokix|Lokix, M|91/100
|turn|24
|
|t:|1758991312
|switch|p1a: Great Tusk|Great Tusk, shiny|71/100
|move|p2a: Lokix|First Impression|p1a: Great Tusk
|-resisted|p1a: Great Tusk
|-damage|p1a: Great Tusk|35/100
|-damage|p2a: Lokix|81/100|[from] item: Life Orb
|
|-weather|Sandstorm|[upkeep]
|-damage|p2a: Lokix|75/100|[from] Sandstorm
|upkeep
|turn|25
|
|t:|1758991319
|move|p2a: Lokix|U-turn|p1a: Great Tusk
|-resisted|p1a: Great Tusk
|-damage|p1a: Great Tusk|8/100
|-damage|p2a: Lokix|65/100|[from] item: Life Orb
|
|t:|1758991320
|switch|p2a: Slowking|Slowking, M|100/100|[from] U-turn
|move|p1a: Great Tusk|Headlong Rush|p2a: Slowking
|-damage|p2a: Slowking|35/100
|-unboost|p1a: Great Tusk|def|1
|-unboost|p1a: Great Tusk|spd|1
|
|-weather|Sandstorm|[upkeep]
|-damage|p2a: Slowking|29/100|[from] Sandstorm
|upkeep
|turn|26
|
|t:|1758991326
|switch|p2a: Porygon-Z|Porygon-Z|100/100
|move|p1a: Great Tusk|Knock Off|p2a: Porygon-Z
|-damage|p2a: Porygon-Z|53/100
|-enditem|p2a: Porygon-Z|Choice Specs|[from] move: Knock Off|[of] p1a: Great Tusk
|
|-weather|none
|upkeep
|turn|27
|
|t:|1758991333
|move|p2a: Porygon-Z|Shadow Ball|p1a: Great Tusk
|-damage|p1a: Great Tusk|0 fnt
|faint|p1a: Great Tusk
|-end|p1a: Great Tusk|Protosynthesis|[silent]
|
|upkeep
|
|t:|1758991338
|switch|p1a: Zamazenta|Zamazenta, shiny|100/100
|-ability|p1a: Zamazenta|Dauntless Shield|boost
|-boost|p1a: Zamazenta|def|1
|turn|28
|
|t:|1758991341
|switch|p2a: Slowking|Slowking, M|62/100
|move|p1a: Zamazenta|Body Press|p2a: Slowking
|-resisted|p2a: Slowking
|-damage|p2a: Slowking|36/100
|
|upkeep
|turn|29
|
|t:|1758991346
|switch|p2a: Porygon-Z|Porygon-Z|53/100
|move|p1a: Zamazenta|Crunch|p2a: Porygon-Z
|-damage|p2a: Porygon-Z|22/100
|
|upkeep
|turn|30
|
|t:|1758991351
|move|p1a: Zamazenta|Crunch|p2a: Porygon-Z
|-damage|p2a: Porygon-Z|0 fnt
|faint|p2a: Porygon-Z
|
|upkeep
|
|t:|1758991353
|switch|p2a: Slowking|Slowking, M|69/100
|turn|31
|
|t:|1758991357
|switch|p1a: Tyranitar|Tyranitar, M, shiny|27/100
|-weather|Sandstorm|[from] ability: Sand Stream|[of] p1a: Tyranitar
|move|p2a: Slowking|Scald|p1a: Tyranitar
|-supereffective|p1a: Tyranitar
|-damage|p1a: Tyranitar|0 fnt
|faint|p1a: Tyranitar
|
|-weather|Sandstorm|[upkeep]
|-damage|p2a: Slowking|63/100|[from] Sandstorm
|upkeep
|
|t:|1758991361
|switch|p1a: Pecharunt|Pecharunt|75/100
|turn|32
|
|t:|1758991363
|move|p1a: Pecharunt|Malignant Chain|p2a: Slowking
|-damage|p2a: Slowking|46/100
|move|p2a: Slowking|Future Sight|p1a: Pecharunt
|-start|p2a: Slowking|move: Future Sight
|
|-weather|Sandstorm|[upkeep]
|-damage|p1a: Pecharunt|69/100|[from] Sandstorm
|-damage|p2a: Slowking|40/100|[from] Sandstorm
|upkeep
|turn|33
|
|t:|1758991372
|move|p1a: Pecharunt|Malignant Chain|p2a: Slowking
|-damage|p2a: Slowking|23/100
|-status|p2a: Slowking|tox
|-start|p2a: Slowking|confusion|[from] ability: Poison Puppeteer|[of] p1a: Pecharunt
|-activate|p2a: Slowking|confusion
|move|p2a: Slowking|Scald|p1a: Pecharunt
|-damage|p1a: Pecharunt|32/100
|
|-weather|Sandstorm|[upkeep]
|-damage|p1a: Pecharunt|26/100|[from] Sandstorm
|-damage|p2a: Slowking|17/100 tox|[from] Sandstorm
|-damage|p2a: Slowking|11/100 tox|[from] psn
|upkeep
|turn|34
|
|t:|1758991378
|switch|p2a: Lokix|Lokix, M|65/100
|-terastallize|p1a: Pecharunt|Water
|move|p1a: Pecharunt|Recover|p1a: Pecharunt
|-heal|p1a: Pecharunt|76/100
|
|-weather|Sandstorm|[upkeep]
|-damage|p2a: Lokix|59/100|[from] Sandstorm
|-damage|p1a: Pecharunt|70/100|[from] Sandstorm
|-end|p1a: Pecharunt|move: Future Sight
|-damage|p1a: Pecharunt|12/100
|upkeep
|turn|35
|
|t:|1758991383
|move|p2a: Lokix|U-turn|p1a: Pecharunt
|-damage|p1a: Pecharunt|0 fnt
|faint|p1a: Pecharunt
|-damage|p2a: Lokix|49/100|[from] item: Life Orb
|
|t:|1758991385
|switch|p2a: Slowking|Slowking, M|44/100 tox|[from] U-turn
|
|-weather|none
|-damage|p2a: Slowking|38/100 tox|[from] psn
|upkeep
|
|t:|1758991386
|switch|p1a: Zamazenta|Zamazenta, shiny|100/100
|turn|36
|
|t:|1758991389
|switch|p2a: Lokix|Lokix, M|49/100
|move|p1a: Zamazenta|Crunch|p2a: Lokix
|-resisted|p2a: Lokix
|-damage|p2a: Lokix|32/100
|
|upkeep
|turn|37
|
|t:|1758991393
|move|p2a: Lokix|First Impression|p1a: Zamazenta
|-resisted|p1a: Zamazenta
|-damage|p1a: Zamazenta|62/100
|-damage|p2a: Lokix|22/100|[from] item: Life Orb
|move|p1a: Zamazenta|Iron Defense|p1a: Zamazenta
|-boost|p1a: Zamazenta|def|2
|
|-heal|p1a: Zamazenta|69/100|[from] item: Leftovers
|upkeep
|turn|38
|
|t:|1758991395
|move|p1a: Zamazenta|Iron Defense|p1a: Zamazenta
|-boost|p1a: Zamazenta|def|2
|move|p2a: Lokix|U-turn|p1a: Zamazenta
|-resisted|p1a: Zamazenta
|-damage|p1a: Zamazenta|58/100
|-damage|p2a: Lokix|12/100|[from] item: Life Orb
|
|t:|1758991396
|switch|p2a: Slowking|Slowking, M|71/100 tox|[from] U-turn
|
|-heal|p1a: Zamazenta|65/100|[from] item: Leftovers
|-damage|p2a: Slowking|65/100 tox|[from] psn
|upkeep
|turn|39
|
|t:|1758991398
|move|p1a: Zamazenta|Body Press|p2a: Slowking
|-resisted|p2a: Slowking
|-damage|p2a: Slowking|17/100 tox
|move|p2a: Slowking|Future Sight|p1a: Zamazenta
|-start|p2a: Slowking|move: Future Sight
|
|-heal|p1a: Zamazenta|71/100|[from] item: Leftovers
|-damage|p2a: Slowking|5/100 tox|[from] psn
|upkeep
|turn|40
|
|t:|1758991401
|move|p1a: Zamazenta|Body Press|p2a: Slowking
|-resisted|p2a: Slowking
|-damage|p2a: Slowking|0 fnt
|faint|p2a: Slowking
|
|-heal|p1a: Zamazenta|77/100|[from] item: Leftovers
|upkeep
|
|t:|1758991402
|switch|p2a: Lokix|Lokix, M|12/100
|turn|41
|
|t:|1758991404
|move|p2a: Lokix|First Impression|p1a: Zamazenta
|-resisted|p1a: Zamazenta
|-damage|p1a: Zamazenta|64/100
|-damage|p2a: Lokix|2/100|[from] item: Life Orb
|move|p1a: Zamazenta|Body Press|p2a: Lokix
|-damage|p2a: Lokix|0 fnt
|faint|p2a: Lokix
|
|win|Flarefofo
|raw|Flarefofo's rating: 1556 &rarr; <strong>1581</strong><br />(+25 for winning)
|raw|Kingkaz101's rating: 1636 &rarr; <strong>1611</strong><br />(-25 for losing)
|l|☆Kingkaz101
|player|p2|
|l|☆Flarefofo
|player|p1|
