|j|☆apotato135
|j|☆fuhfyjddhh
|t:|1758917746
|gametype|singles
|player|p1|apotato135|swimmer-gen4dp|1530
|player|p2|fuhfyjddhh|schoolkid-gen4|1476
|gen|9
|tier|[Gen 9] OU
|rated|
|rule|HP Percentage Mod: HP is shown in percentages
|rule|Endless Battle Clause: Forcing endless battles is banned
|rule|Species Clause: Limit one of each Pokémon
|rule|OHKO Clause: OHKO moves are banned
|rule|Evasion Items Clause: Evasion items are banned
|rule|Evasion Moves Clause: Evasion moves are banned
|rule|Evasion Abilities Clause: Evasion abilities are banned
|rule|Sleep Moves Clause: Sleep-inducing moves are banned
|clearpoke
|poke|p1|Ninetales-Alola, F|
|poke|p1|Kyurem|
|poke|p1|Primeape, F|
|poke|p1|Enamorus, F|
|poke|p1|Tornadus-Therian, M|
|poke|p1|Iron Treads|
|poke|p2|Kyurem|
|poke|p2|Enamorus, F|
|poke|p2|Ogerpon-Wellspring, F|
|poke|p2|Glimmora, M|
|poke|p2|Great Tusk|
|poke|p2|Kingambit, M|
|teampreview
|
|t:|1758917756
|teamsize|p1|6
|teamsize|p2|6
|start
|switch|p1a: Iron Treads|Iron Treads|100/100
|switch|p2a: Kingambit|Kingambit, M, shiny|100/100
|-enditem|p1a: Iron Treads|Booster Energy
|-activate|p1a: Iron Treads|ability: Quark Drive|[fromitem]
|-start|p1a: Iron Treads|quarkdrivespe
|turn|1
|inactive|Battle timer is ON: inactive players will automatically lose when time's up. (requested by apotato135)
|
|t:|1758917763
|-end|p2a: Kingambit|fallenundefined|[silent]
|switch|p2a: Ogerpon|Ogerpon-Wellspring, F|100/100
|move|p1a: Iron Treads|Earth Power|p2a: Ogerpon
|-resisted|p2a: Ogerpon
|-damage|p2a: Ogerpon|83/100
|
|upkeep
|turn|2
|
|t:|1758917767
|move|p1a: Iron Treads|Stealth Rock|p2a: Ogerpon
|-sidestart|p2: fuhfyjddhh|move: Stealth Rock
|move|p2a: Ogerpon|Ivy Cudgel|p1a: Iron Treads|[anim] Ivy Cudgel Water
|-supereffective|p1a: Iron Treads
|-damage|p1a: Iron Treads|0 fnt
|faint|p1a: Iron Treads
|-end|p1a: Iron Treads|Quark Drive|[silent]
|
|upkeep
|
|t:|1758917781
|switch|p1a: Kyurem|Kyurem|100/100
|-ability|p1a: Kyurem|Pressure
|turn|3
|
|t:|1758917787
|move|p2a: Ogerpon|Knock Off|p1a: Kyurem
|-damage|p1a: Kyurem|65/100
|-enditem|p1a: Kyurem|Loaded Dice|[from] move: Knock Off|[of] p2a: Ogerpon
|move|p1a: Kyurem|Dragon Dance|p1a: Kyurem
|-boost|p1a: Kyurem|atk|1
|-boost|p1a: Kyurem|spe|1
|
|upkeep
|turn|4
|
|t:|1758917793
|move|p1a: Kyurem|Icicle Spear|p2a: Ogerpon
|-damage|p2a: Ogerpon|56/100
|-damage|p2a: Ogerpon|30/100
|-damage|p2a: Ogerpon|1/100
|-damage|p2a: Ogerpon|0 fnt
|faint|p2a: Ogerpon
|-hitcount|p2: Ogerpon|4
|
|upkeep
|
|t:|1758917801
|switch|p2a: Enamorus|Enamorus, F|100/100
|-damage|p2a: Enamorus|76/100|[from] Stealth Rock
|turn|5
|
|t:|1758917806
|move|p2a: Enamorus|Moonblast|p1a: Kyurem
|-supereffective|p1a: Kyurem
|-damage|p1a: Kyurem|0 fnt
|faint|p1a: Kyurem
|
|upkeep
|
|t:|1758917810
|switch|p1a: Ninetales|Ninetales-Alola, F|100/100
|-weather|Snowscape|[from] ability: Snow Warning|[of] p1a: Ninetales
|turn|6
|
|t:|1758917815
|-terastallize|p2a: Enamorus|Stellar
|move|p2a: Enamorus|Moonblast|p1a: Ninetales
|-damage|p1a: Ninetales|29/100
|move|p1a: Ninetales|Freeze-Dry|p2a: Enamorus
|-supereffective|p2a: Enamorus
|-damage|p2a: Enamorus|17/100
|
|-weather|Snowscape|[upkeep]
|upkeep
|turn|7
|
|t:|1758917823
|move|p2a: Enamorus|Moonblast|p1a: Ninetales
|-damage|p1a: Ninetales|0 fnt
|faint|p1a: Ninetales
|
|-weather|Snowscape|[upkeep]
|upkeep
|
|t:|1758917830
|switch|p1a: Tornadus|Tornadus-Therian, M|100/100
|turn|8
|
|t:|1758917835
|move|p2a: Enamorus|Moonblast|p1a: Tornadus
|-damage|p1a: Tornadus|42/100
|move|p1a: Tornadus|Heat Wave|p2a: Enamorus
|-damage|p2a: Enamorus|0 fnt
|faint|p2a: Enamorus
|-damage|p1a: Tornadus|33/100|[from] item: Life Orb
|
|-weather|Snowscape|[upkeep]
|upkeep
|
|t:|1758917841
|switch|p2a: Kyurem|Kyurem, shiny|100/100
|-damage|p2a: Kyurem|76/100|[from] Stealth Rock
|-ability|p2a: Kyurem|Pressure
|turn|9
|
|t:|1758917845
|switch|p1a: Primeape|Primeape, F|100/100
|move|p2a: Kyurem|Dragon Dance|p2a: Kyurem
|-boost|p2a: Kyurem|atk|1
|-boost|p2a: Kyurem|spe|1
|
|-weather|Snowscape|[upkeep]
|upkeep
|turn|10
|
|t:|1758917851
|move|p2a: Kyurem|Icicle Spear|p1a: Primeape
|-crit|p1a: Primeape
|-damage|p1a: Primeape|72/100
|-damage|p1a: Primeape|52/100
|-damage|p1a: Primeape|34/100
|-damage|p1a: Primeape|16/100
|-hitcount|p1a: Primeape|4
|move|p1a: Primeape|Taunt|p2a: Kyurem
|-start|p2a: Kyurem|move: Taunt
|
|-weather|none
|upkeep
|turn|11
|
|t:|1758917857
|move|p2a: Kyurem|Icicle Spear|p1a: Primeape
|-damage|p1a: Primeape|0 fnt
|faint|p1a: Primeape
|-hitcount|p1: Primeape|1
|
|upkeep
|
|t:|1758917858
|switch|p1a: Enamorus|Enamorus, F|100/100
|turn|12
|
|t:|1758917862
|switch|p2a: Glimmora|Glimmora, M|100/100
|-damage|p2a: Glimmora|88/100|[from] Stealth Rock
|move|p1a: Enamorus|Moonblast|p2a: Glimmora
|-resisted|p2a: Glimmora
|-damage|p2a: Glimmora|56/100
|-enditem|p2a: Glimmora|Red Card|[of] p1a: Enamorus
|drag|p1a: Tornadus|Tornadus-Therian, M|66/100
|
|upkeep
|turn|13
|
|t:|1758917868
|move|p1a: Tornadus|Nasty Plot|p1a: Tornadus
|-boost|p1a: Tornadus|spa|2
|move|p2a: Glimmora|Power Gem|p1a: Tornadus
|-supereffective|p1a: Tornadus
|-damage|p1a: Tornadus|0 fnt
|faint|p1a: Tornadus
|
|upkeep
|
|t:|1758917871
|switch|p1a: Enamorus|Enamorus, F|100/100
|turn|14
|
|t:|1758917881
|-terastallize|p1a: Enamorus|Ground
|move|p1a: Enamorus|Earth Power|p2a: Glimmora
|-supereffective|p2a: Glimmora
|-damage|p2a: Glimmora|0 fnt
|faint|p2a: Glimmora
|
|upkeep
|
|t:|1758917897
|switch|p2a: Kyurem|Kyurem, shiny|76/100
|-damage|p2a: Kyurem|51/100|[from] Stealth Rock
|-ability|p2a: Kyurem|Pressure
|turn|15
|
|t:|1758917899
|move|p1a: Enamorus|Earth Power|p2a: Kyurem
|-damage|p2a: Kyurem|1/100
|move|p2a: Kyurem|Icicle Spear|p1a: Enamorus
|-supereffective|p1a: Enamorus
|-damage|p1a: Enamorus|59/100
|-supereffective|p1a: Enamorus
|-damage|p1a: Enamorus|24/100
|-supereffective|p1a: Enamorus
|-damage|p1a: Enamorus|0 fnt
|faint|p1a: Enamorus
|-hitcount|p1: Enamorus|3
|
|win|fuhfyjddhh
|raw|apotato135's rating: 1530 &rarr; <strong>1507</strong><br />(-23 for losing)
|raw|fuhfyjddhh's rating: 1476 &rarr; <strong>1499</strong><br />(+23 for winning)
|l|☆apotato135
|player|p1|
|l|☆fuhfyjddhh
|player|p2|
