|j|☆AlexanderLC20
|j|☆Team BBIO 38
|t:|1758934560
|gametype|singles
|player|p1|AlexanderLC20|gambler|1307
|player|p2|Team BBIO 38|dragontamer|1324
|gen|9
|tier|[Gen 9] OU
|rated|
|rule|HP Percentage Mod: HP is shown in percentages
|rule|Endless Battle Clause: Forcing endless battles is banned
|rule|Species Clause: Limit one of each Pokémon
|rule|OHKO Clause: OHKO moves are banned
|rule|Evasion Items Clause: Evasion items are banned
|rule|Evasion Moves Clause: Evasion moves are banned
|rule|Evasion Abilities Clause: Evasion abilities are banned
|rule|Sleep Moves Clause: Sleep-inducing moves are banned
|clearpoke
|poke|p1|Samurott-Hisui, M|
|poke|p1|Pecharunt|
|poke|p1|Arcanine-Hisui, M|
|poke|p1|Landorus-Therian, M|
|poke|p1|Hydrapple, F|
|poke|p1|Zapdos|
|poke|p2|Dusclops, M|
|poke|p2|Blissey, F|
|poke|p2|Flamigo, M|
|poke|p2|Latias, F|
|poke|p2|Darkrai|
|poke|p2|Rotom|
|teampreview
|inactive|Battle timer is ON: inactive players will automatically lose when time's up. (requested by Team BBIO 38)
|
|t:|1758934568
|teamsize|p1|6
|teamsize|p2|6
|start
|switch|p1a: Samurott|Samurott-Hisui, M|100/100
|switch|p2a: Rotom|Rotom|100/100
|turn|1
|
|t:|1758934573
|move|p2a: Rotom|Thunderbolt|p1a: Samurott
|-supereffective|p1a: Samurott
|-damage|p1a: Samurott|0 fnt
|faint|p1a: Samurott
|
|upkeep
|
|t:|1758934579
|switch|p1a: Landorus|Landorus-Therian, M|100/100
|-ability|p1a: Landorus|Intimidate|boost
|-unboost|p2a: Rotom|atk|1
|turn|2
|
|t:|1758934584
|switch|p2a: Dusclops|Dusclops, M|100/100
|-item|p1a: Landorus|Rocky Helmet|[from] ability: Frisk|[of] p2a: Dusclops
|move|p1a: Landorus|Stealth Rock|p2a: Dusclops
|-sidestart|p2: Team BBIO 38|move: Stealth Rock
|
|upkeep
|turn|3
|
|t:|1758934589
|move|p1a: Landorus|U-turn|p2a: Dusclops
|-resisted|p2a: Dusclops
|-damage|p2a: Dusclops|96/100
|
|t:|1758934591
|switch|p1a: Arcanine|Arcanine-Hisui, M|100/100|[from] U-turn
|move|p2a: Dusclops|Will-O-Wisp|p1a: Arcanine
|-immune|p1a: Arcanine
|
|upkeep
|turn|4
|
|t:|1758934601
|move|p1a: Arcanine|Head Smash|p2a: Dusclops|[miss]
|-miss|p1a: Arcanine|p2a: Dusclops
|move|p2a: Dusclops|Night Shade|p1a: Arcanine
|-damage|p1a: Arcanine|70/100
|
|upkeep
|turn|5
|
|t:|1758934606
|move|p1a: Arcanine|Head Smash|p2a: Dusclops|[miss]
|-miss|p1a: Arcanine|p2a: Dusclops
|move|p2a: Dusclops|Night Shade|p1a: Arcanine
|-damage|p1a: Arcanine|40/100
|
|upkeep
|turn|6
|
|t:|1758934613
|switch|p1a: Landorus|Landorus-Therian, M|100/100
|-ability|p1a: Landorus|Intimidate|boost
|-unboost|p2a: Dusclops|atk|1
|move|p2a: Dusclops|Night Shade|p1a: Landorus
|-damage|p1a: Landorus|74/100
|
|upkeep
|turn|7
|
|t:|1758934619
|move|p1a: Landorus|Taunt|p2a: Dusclops
|-start|p2a: Dusclops|move: Taunt
|move|p2a: Dusclops|Night Shade|p1a: Landorus
|-damage|p1a: Landorus|48/100
|
|upkeep
|turn|8
|
|t:|1758934627
|move|p1a: Landorus|U-turn|p2a: Dusclops
|-resisted|p2a: Dusclops
|-damage|p2a: Dusclops|91/100
|
|t:|1758934630
|switch|p1a: Zapdos|Zapdos|100/100|[from] U-turn
|move|p2a: Dusclops|Night Shade|p1a: Zapdos
|-damage|p1a: Zapdos|69/100
|
|upkeep
|turn|9
|
|t:|1758934636
|switch|p2a: Blissey|Blissey, F|100/100
|-damage|p2a: Blissey|88/100|[from] Stealth Rock
|move|p1a: Zapdos|Heat Wave|p2a: Blissey
|-damage|p2a: Blissey|77/100
|
|-heal|p2a: Blissey|83/100|[from] item: Leftovers
|upkeep
|turn|10
|
|t:|1758934644
|move|p1a: Zapdos|Volt Switch|p2a: Blissey
|-damage|p2a: Blissey|70/100
|
|t:|1758934650
|switch|p1a: Arcanine|Arcanine-Hisui, M|40/100|[from] Volt Switch
|move|p2a: Blissey|Seismic Toss|p1a: Arcanine
|-damage|p1a: Arcanine|10/100
|
|-heal|p2a: Blissey|76/100|[from] item: Leftovers
|upkeep
|turn|11
|
|t:|1758934658
|move|p1a: Arcanine|Flare Blitz|p2a: Blissey
|-damage|p2a: Blissey|1/100
|move|p2a: Blissey|Seismic Toss|p1a: Arcanine
|-damage|p1a: Arcanine|0 fnt
|faint|p1a: Arcanine
|
|-heal|p2a: Blissey|7/100|[from] item: Leftovers
|upkeep
|-message|AlexanderLC20 forfeited.
|
|win|Team BBIO 38
|raw|AlexanderLC20's rating: 1307 &rarr; <strong>1288</strong><br />(-19 for losing)
|raw|Team BBIO 38's rating: 1324 &rarr; <strong>1343</strong><br />(+19 for winning)
|l|☆Team BBIO 38
|player|p2|
