|j|☆YumeKasumi76
|j|☆Ai Specialist 144
|t:|1759004621
|gametype|singles
|player|p1|YumeKasumi76|170|1396
|player|p2|Ai Specialist 144|marley|1413
|gen|9
|tier|[Gen 9] OU
|rated|
|rule|HP Percentage Mod: HP is shown in percentages
|rule|Endless Battle Clause: Forcing endless battles is banned
|rule|Species Clause: Limit one of each Pokémon
|rule|OHKO Clause: OHKO moves are banned
|rule|Evasion Items Clause: Evasion items are banned
|rule|Evasion Moves Clause: Evasion moves are banned
|rule|Evasion Abilities Clause: Evasion abilities are banned
|rule|Sleep Moves Clause: Sleep-inducing moves are banned
|clearpoke
|poke|p1|Cobalion|
|poke|p1|Weezing-Galar, M|
|poke|p1|Lokix, F|
|poke|p1|Arboliva, M|
|poke|p1|Ceruledge, F|
|poke|p1|Latios, M|
|poke|p2|Charizard, M|
|poke|p2|Ceruledge, M|
|poke|p2|Raging Bolt|
|poke|p2|Ninetales, F|
|poke|p2|Hatterene, F|
|poke|p2|Great Tusk|
|teampreview
|
|t:|1759004624
|teamsize|p1|6
|teamsize|p2|6
|start
|switch|p1a: Jalter|Ceruledge, F|100/100
|switch|p2a: SUN SH1N9|Ninetales, F, shiny|100/100
|-weather|SunnyDay|[from] ability: Drought|[of] p2a: SUN SH1N9
|turn|1
|inactive|Battle timer is ON: inactive players will automatically lose when time's up. (requested by YumeKasumi76)
|
|t:|1759004634
|move|p2a: SUN SH1N9|Weather Ball|p1a: Jalter
|-start|p1a: Jalter|ability: Flash Fire
|move|p1a: Jalter|Poltergeist|p2a: SUN SH1N9
|-activate|p2a: SUN SH1N9|move: Poltergeist|Heat Rock
|-damage|p2a: SUN SH1N9|37/100
|
|-weather|SunnyDay|[upkeep]
|upkeep
|turn|2
|
|t:|1759004644
|switch|p2a: S4M04N SP1K3|Great Tusk, shiny|100/100
|-activate|p2a: S4M04N SP1K3|ability: Protosynthesis
|-start|p2a: S4M04N SP1K3|protosynthesisdef
|move|p1a: Jalter|Poltergeist|p2a: S4M04N SP1K3
|-activate|p2a: S4M04N SP1K3|move: Poltergeist|Heavy-Duty Boots
|-damage|p2a: S4M04N SP1K3|75/100
|
|-weather|SunnyDay|[upkeep]
|upkeep
|turn|3
|
|t:|1759004661
|move|p2a: S4M04N SP1K3|Stealth Rock|p1a: Jalter
|-sidestart|p1: YumeKasumi76|move: Stealth Rock
|move|p1a: Jalter|Bitter Blade|p2a: S4M04N SP1K3
|-crit|p2a: S4M04N SP1K3
|-damage|p2a: S4M04N SP1K3|17/100
|
|-weather|SunnyDay|[upkeep]
|upkeep
|turn|4
|
|t:|1759004672
|move|p2a: S4M04N SP1K3|Headlong Rush|p1a: Jalter
|-supereffective|p1a: Jalter
|-damage|p1a: Jalter|0 fnt
|-unboost|p2a: S4M04N SP1K3|def|1
|-unboost|p2a: S4M04N SP1K3|spd|1
|faint|p1a: Jalter
|
|-weather|SunnyDay|[upkeep]
|upkeep
|
|t:|1759004678
|switch|p1a: Iverson|Latios, M|100/100
|-damage|p1a: Iverson|88/100|[from] Stealth Rock
|turn|5
|
|t:|1759004686
|switch|p1a: Ironhyde|Cobalion|100/100
|-damage|p1a: Ironhyde|98/100|[from] Stealth Rock
|move|p2a: S4M04N SP1K3|Ice Spinner|p1a: Ironhyde
|-resisted|p1a: Ironhyde
|-damage|p1a: Ironhyde|91/100
|-damage|p2a: S4M04N SP1K3|0 fnt|[from] item: Rocky Helmet|[of] p1a: Ironhyde
|faint|p2a: S4M04N SP1K3
|-end|p2a: S4M04N SP1K3|Protosynthesis|[silent]
|
|-weather|SunnyDay|[upkeep]
|upkeep
|
|t:|1759004697
|switch|p2a: DR4G0N B0RN|Charizard, M, shiny|100/100
|turn|6
|
|t:|1759004706
|switch|p1a: Iverson|Latios, M|88/100
|-damage|p1a: Iverson|76/100|[from] Stealth Rock
|move|p2a: DR4G0N B0RN|Weather Ball|p1a: Iverson
|-resisted|p1a: Iverson
|-damage|p1a: Iverson|16/100
|
|-weather|SunnyDay|[upkeep]
|-damage|p2a: DR4G0N B0RN|88/100|[from] ability: Solar Power|[of] p2a: DR4G0N B0RN
|upkeep
|turn|7
|
|t:|1759004717
|switch|p2a: Hatterene|Hatterene, F, shiny|100/100
|move|p1a: Iverson|Flip Turn|p2a: Hatterene
|-damage|p2a: Hatterene|95/100
|-enditem|p2a: Hatterene|Eject Button
|
|t:|1759004724
|switch|p2a: EBONY W4RR10R|Ceruledge, M|100/100
|
|-weather|SunnyDay|[upkeep]
|upkeep
|turn|8
|
|t:|1759004733
|switch|p1a: Ironhyde|Cobalion|91/100
|-damage|p1a: Ironhyde|88/100|[from] Stealth Rock
|move|p2a: EBONY W4RR10R|Swords Dance|p2a: EBONY W4RR10R
|-boost|p2a: EBONY W4RR10R|atk|2
|
|-weather|none
|upkeep
|turn|9
|
|t:|1759004741
|move|p1a: Ironhyde|Steel Beam|p2a: EBONY W4RR10R
|-resisted|p2a: EBONY W4RR10R
|-damage|p2a: EBONY W4RR10R|73/100
|-damage|p1a: Ironhyde|38/100|[from] steelbeam
|move|p2a: EBONY W4RR10R|Bitter Blade|p1a: Ironhyde
|-supereffective|p1a: Ironhyde
|-damage|p1a: Ironhyde|0 fnt
|-heal|p2a: EBONY W4RR10R|96/100|[from] drain|[of] p1a: Ironhyde
|-damage|p2a: EBONY W4RR10R|79/100|[from] item: Rocky Helmet|[of] p1a: Ironhyde
|faint|p1a: Ironhyde
|
|upkeep
|
|t:|1759004754
|switch|p1a: Satsuki|Lokix, F, shiny|100/100
|-damage|p1a: Satsuki|76/100|[from] Stealth Rock
|turn|10
|
|t:|1759004761
|switch|p2a: SUN SH1N9|Ninetales, F, shiny|37/100
|-weather|SunnyDay|[from] ability: Drought|[of] p2a: SUN SH1N9
|-terastallize|p1a: Satsuki|Bug
|move|p1a: Satsuki|First Impression|p2a: SUN SH1N9
|-resisted|p2a: SUN SH1N9
|-damage|p2a: SUN SH1N9|0 fnt
|faint|p2a: SUN SH1N9
|
|-weather|SunnyDay|[upkeep]
|upkeep
|
|t:|1759004773
|switch|p2a: DR4G0N B0RN|Charizard, M, shiny|88/100
|turn|11
|-message|YumeKasumi76 forfeited.
|
|win|Ai Specialist 144
|raw|YumeKasumi76's rating: 1396 &rarr; <strong>1377</strong><br />(-19 for losing)
|raw|Ai Specialist 144's rating: 1413 &rarr; <strong>1432</strong><br />(+19 for winning)
|l|☆YumeKasumi76
|player|p1|
