|j|☆Pityplatsch
|j|☆Ostenberg
|t:|1759049322
|gametype|singles
|player|p1|Pityplatsch|wallace|1064
|player|p2|Ostenberg|170|1088
|gen|9
|tier|[Gen 9] OU
|rated|
|rule|HP Percentage Mod: HP is shown in percentages
|rule|Endless Battle Clause: Forcing endless battles is banned
|rule|Species Clause: Limit one of each Pokémon
|rule|OHKO Clause: OHKO moves are banned
|rule|Evasion Items Clause: Evasion items are banned
|rule|Evasion Moves Clause: Evasion moves are banned
|rule|Evasion Abilities Clause: Evasion abilities are banned
|rule|Sleep Moves Clause: Sleep-inducing moves are banned
|clearpoke
|poke|p1|Alomomola, M|
|poke|p1|Hatterene, F|
|poke|p1|Gliscor, M|
|poke|p1|Comfey, F|
|poke|p1|Slowking-Galar, M|
|poke|p1|Latias, F|
|poke|p2|Dragonite, M|
|poke|p2|Metagross|
|poke|p2|Gliscor, F|
|poke|p2|Iron Valiant|
|poke|p2|Meowscarada, F|
|poke|p2|Iron Treads|
|teampreview
|
|t:|1759049332
|teamsize|p1|6
|teamsize|p2|6
|start
|switch|p1a: Ruhepol|Alomomola, M, shiny|100/100
|switch|p2a: Metagross|Metagross|100/100
|turn|1
|
|t:|1759049340
|move|p2a: Metagross|Knock Off|p1a: Ruhepol
|-damage|p1a: Ruhepol|79/100
|-damage|p2a: Metagross|84/100|[from] item: Rocky Helmet|[of] p1a: Ruhepol
|-enditem|p1a: Ruhepol|Rocky Helmet|[from] move: Knock Off|[of] p2a: Metagross
|move|p1a: Ruhepol|Whirlpool|p2a: Metagross|[miss]
|-miss|p1a: Ruhepol|p2a: Metagross
|
|upkeep
|turn|2
|
|t:|1759049351
|move|p2a: Metagross|Psychic Fangs|p1a: Ruhepol
|-damage|p1a: Ruhepol|54/100
|move|p1a: Ruhepol|Scald|p2a: Metagross
|-damage|p2a: Metagross|68/100
|
|upkeep
|turn|3
|
|t:|1759049366
|switch|p2a: Iron Treads|Iron Treads|100/100
|-enditem|p2a: Iron Treads|Booster Energy
|-activate|p2a: Iron Treads|ability: Quark Drive|[fromitem]
|-start|p2a: Iron Treads|quarkdrivespe
|move|p1a: Ruhepol|Wish|p1a: Ruhepol
|
|upkeep
|turn|4
|
|t:|1759049376
|move|p2a: Iron Treads|Supercell Slam|p1a: Ruhepol
|-supereffective|p1a: Ruhepol
|-damage|p1a: Ruhepol|23/100
|move|p1a: Ruhepol|Scald|p2a: Iron Treads
|-supereffective|p2a: Iron Treads
|-damage|p2a: Iron Treads|59/100
|
|-heal|p1a: Ruhepol|73/100|[from] move: Wish|[wisher] Ruhepol
|upkeep
|turn|5
|
|t:|1759049387
|-terastallize|p2a: Iron Treads|Electric
|move|p2a: Iron Treads|Supercell Slam|p1a: Ruhepol
|-supereffective|p1a: Ruhepol
|-damage|p1a: Ruhepol|24/100
|move|p1a: Ruhepol|Wish|p1a: Ruhepol
|
|upkeep
|turn|6
|
|t:|1759049402
|switch|p1a: Nachtwache|Gliscor, M|100/100
|move|p2a: Iron Treads|Ice Spinner|p1a: Nachtwache
|-supereffective|p1a: Nachtwache
|-damage|p1a: Nachtwache|11/100
|
|-heal|p1a: Nachtwache|100/100|[from] move: Wish|[wisher] Ruhepol
|-status|p1a: Nachtwache|tox|[from] item: Toxic Orb
|upkeep
|turn|7
|
|t:|1759049419
|switch|p1a: Ruhepol|Alomomola, M, shiny|57/100
|move|p2a: Iron Treads|Ice Spinner|p1a: Ruhepol
|-resisted|p1a: Ruhepol
|-damage|p1a: Ruhepol|50/100
|
|upkeep
|turn|8
|
|t:|1759049433
|switch|p1a: Nachtwache|Gliscor, M|100/100 tox
|move|p2a: Iron Treads|Stealth Rock|p1a: Nachtwache
|-sidestart|p1: Pityplatsch|move: Stealth Rock
|
|upkeep
|turn|9
|
|t:|1759049442
|move|p2a: Iron Treads|Ice Spinner|p1a: Nachtwache
|-supereffective|p1a: Nachtwache
|-damage|p1a: Nachtwache|4/100 tox
|move|p1a: Nachtwache|Earthquake|p2a: Iron Treads
|-supereffective|p2a: Iron Treads
|-damage|p2a: Iron Treads|0 fnt
|faint|p2a: Iron Treads
|-end|p2a: Iron Treads|Quark Drive|[silent]
|
|-heal|p1a: Nachtwache|17/100 tox|[from] ability: Poison Heal
|upkeep
|
|t:|1759049480
|switch|p2a: Meowscarada|Meowscarada, F|100/100
|turn|10
|
|t:|1759049493
|switch|p1a: Ruhepol|Alomomola, M, shiny|84/100
|-damage|p1a: Ruhepol|71/100|[from] Stealth Rock
|move|p2a: Meowscarada|Flower Trick|p1a: Ruhepol
|-start|p2a: Meowscarada|typechange|Grass|[from] ability: Protean
|-supereffective|p1a: Ruhepol
|-crit|p1a: Ruhepol
|-damage|p1a: Ruhepol|0 fnt
|faint|p1a: Ruhepol
|-damage|p2a: Meowscarada|91/100|[from] item: Life Orb
|
|upkeep
|
|t:|1759049516
|switch|p1a: Disturbia|Hatterene, F|100/100
|-damage|p1a: Disturbia|88/100|[from] Stealth Rock
|turn|11
|
|t:|1759049524
|switch|p2a: Metagross|Metagross|68/100
|move|p1a: Disturbia|Trick Room|p1a: Disturbia
|-fieldstart|move: Trick Room|[of] p1a: Disturbia
|
|upkeep
|turn|12
|
|t:|1759049534
|move|p1a: Disturbia|Mystical Fire|p2a: Metagross
|-supereffective|p2a: Metagross
|-damage|p2a: Metagross|0 fnt
|faint|p2a: Metagross
|-damage|p1a: Disturbia|78/100|[from] item: Life Orb
|
|upkeep
|
|t:|1759049546
|switch|p2a: Dragonite|Dragonite, M|100/100
|turn|13
|
|t:|1759049555
|move|p1a: Disturbia|Dazzling Gleam|p2a: Dragonite
|-supereffective|p2a: Dragonite
|-damage|p2a: Dragonite|42/100
|-enditem|p2a: Dragonite|Weakness Policy
|-boost|p2a: Dragonite|atk|2|[from] item: Weakness Policy
|-boost|p2a: Dragonite|spa|2|[from] item: Weakness Policy
|-damage|p1a: Disturbia|69/100|[from] item: Life Orb
|move|p2a: Dragonite|Roost|p2a: Dragonite
|-heal|p2a: Dragonite|92/100
|-singleturn|p2a: Dragonite|move: Roost
|
|upkeep
|turn|14
|
|t:|1759049568
|move|p2a: Dragonite|Extreme Speed|p1a: Disturbia
|-damage|p1a: Disturbia|0 fnt
|faint|p1a: Disturbia
|
|upkeep
|
|t:|1759049585
|switch|p1a: Good as Gold|Latias, F, shiny|100/100
|-damage|p1a: Good as Gold|88/100|[from] Stealth Rock
|turn|15
|
|t:|1759049596
|move|p2a: Dragonite|Extreme Speed|p1a: Good as Gold
|-damage|p1a: Good as Gold|25/100
|move|p1a: Good as Gold|Draco Meteor|p2a: Dragonite
|-supereffective|p2a: Dragonite
|-damage|p2a: Dragonite|0 fnt
|-unboost|p1a: Good as Gold|spa|2
|faint|p2a: Dragonite
|
|-fieldend|move: Trick Room
|upkeep
|
|t:|1759049630
|switch|p2a: Meowscarada|Meowscarada, F|91/100
|turn|16
|
|t:|1759049656
|switch|p1a: Showtime Glow|Slowking-Galar, M|100/100
|-damage|p1a: Showtime Glow|88/100|[from] Stealth Rock
|move|p2a: Meowscarada|Triple Axel|p1a: Showtime Glow
|-start|p2a: Meowscarada|typechange|Ice|[from] ability: Protean
|-damage|p1a: Showtime Glow|75/100
|-damage|p1a: Showtime Glow|49/100
|-damage|p1a: Showtime Glow|8/100
|-hitcount|p1a: Showtime Glow|3
|-damage|p2a: Meowscarada|81/100|[from] item: Life Orb
|
|upkeep
|turn|17
|
|t:|1759049670
|move|p2a: Meowscarada|Flower Trick|p1a: Showtime Glow
|-resisted|p1a: Showtime Glow
|-crit|p1a: Showtime Glow
|-damage|p1a: Showtime Glow|0 fnt
|faint|p1a: Showtime Glow
|-damage|p2a: Meowscarada|71/100|[from] item: Life Orb
|
|upkeep
|
|t:|1759049692
|switch|p1a: Light Crown|Comfey, F|100/100
|-damage|p1a: Light Crown|88/100|[from] Stealth Rock
|turn|18
|
|t:|1759049705
|move|p2a: Meowscarada|Triple Axel|p1a: Light Crown|[miss]
|-miss|p2a: Meowscarada|p1a: Light Crown
|move|p1a: Light Crown|Calm Mind|p1a: Light Crown
|-boost|p1a: Light Crown|spa|1
|-boost|p1a: Light Crown|spd|1
|
|-heal|p1a: Light Crown|94/100|[from] item: Leftovers
|upkeep
|turn|19
|
|t:|1759049714
|move|p1a: Light Crown|Draining Kiss|p2a: Meowscarada
|-damage|p2a: Meowscarada|23/100
|-heal|p1a: Light Crown|100/100|[from] drain|[of] p2a: Meowscarada
|move|p2a: Meowscarada|Triple Axel|p1a: Light Crown
|-damage|p1a: Light Crown|86/100
|-damage|p1a: Light Crown|58/100
|-damage|p1a: Light Crown|11/100
|-hitcount|p1a: Light Crown|3
|-damage|p2a: Meowscarada|13/100|[from] item: Life Orb
|
|-heal|p1a: Light Crown|17/100|[from] item: Leftovers
|upkeep
|turn|20
|
|t:|1759049728
|move|p1a: Light Crown|Draining Kiss|p2a: Meowscarada
|-damage|p2a: Meowscarada|0 fnt
|-heal|p1a: Light Crown|27/100|[from] drain|[of] p2a: Meowscarada
|faint|p2a: Meowscarada
|
|-heal|p1a: Light Crown|33/100|[from] item: Leftovers
|upkeep
|
|t:|1759049741
|switch|p2a: Iron Valiant|Iron Valiant|100/100
|-enditem|p2a: Iron Valiant|Booster Energy
|-activate|p2a: Iron Valiant|ability: Quark Drive|[fromitem]
|-start|p2a: Iron Valiant|quarkdrivespa
|turn|21
|c|☆Pityplatsch|GG
|
|t:|1759049790
|move|p1a: Light Crown|Draining Kiss|p2a: Iron Valiant
|-supereffective|p2a: Iron Valiant
|-damage|p2a: Iron Valiant|0 fnt
|-heal|p1a: Light Crown|100/100|[from] drain|[of] p2a: Iron Valiant
|faint|p2a: Iron Valiant
|-end|p2a: Iron Valiant|Quark Drive|[silent]
|
|upkeep
|
|t:|1759049796
|switch|p2a: Gliscor|Gliscor, F|100/100
|turn|22
|
|t:|1759049803
|move|p1a: Light Crown|Calm Mind|p1a: Light Crown
|-boost|p1a: Light Crown|spa|1
|-boost|p1a: Light Crown|spd|1
|move|p2a: Gliscor|Toxic|p1a: Light Crown
|-status|p1a: Light Crown|tox
|
|-damage|p1a: Light Crown|94/100 tox|[from] psn
|-status|p2a: Gliscor|tox|[from] item: Toxic Orb
|upkeep
|turn|23
|
|t:|1759049816
|move|p2a: Gliscor|Protect|p2a: Gliscor
|-singleturn|p2a: Gliscor|Protect
|move|p1a: Light Crown|Calm Mind|p1a: Light Crown
|-boost|p1a: Light Crown|spa|1
|-boost|p1a: Light Crown|spd|1
|
|-heal|p1a: Light Crown|100/100 tox|[from] item: Leftovers
|-damage|p1a: Light Crown|88/100 tox|[from] psn
|upkeep
|turn|24
|
|t:|1759049828
|-terastallize|p1a: Light Crown|Ground
|move|p1a: Light Crown|Stored Power|p2a: Gliscor
|-damage|p2a: Gliscor|0 fnt
|faint|p2a: Gliscor
|
|win|Pityplatsch
|raw|Pityplatsch's rating: 1064 &rarr; <strong>1096</strong><br />(+32 for winning)
|raw|Ostenberg's rating: 1088 &rarr; <strong>1063</strong><br />(-25 for losing)
