|j|☆AlmightyHD
|j|☆jxrx
|t:|1758999403
|gametype|singles
|player|p1|AlmightyHD|acetrainerf-gen4dp|1497
|player|p2|jxrx|norman|1508
|gen|9
|tier|[Gen 9] OU
|rated|
|rule|HP Percentage Mod: HP is shown in percentages
|rule|Endless Battle Clause: Forcing endless battles is banned
|rule|Species Clause: Limit one of each Pokémon
|rule|OHKO Clause: OHKO moves are banned
|rule|Evasion Items Clause: Evasion items are banned
|rule|Evasion Moves Clause: Evasion moves are banned
|rule|Evasion Abilities Clause: Evasion abilities are banned
|rule|Sleep Moves Clause: Sleep-inducing moves are banned
|clearpoke
|poke|p1|Reuniclus, F|
|poke|p1|Mandibuzz, F|
|poke|p1|Chesnaught, F|
|poke|p1|Kingambit, M|
|poke|p1|Slowking-Galar, M|
|poke|p1|Fezandipiti, M|
|poke|p2|Garganacl, F|
|poke|p2|Hoopa-Unbound|
|poke|p2|Dragapult, M|
|poke|p2|Vileplume, M|
|poke|p2|Scizor, M|
|poke|p2|Zoroark-Hisui, M|
|teampreview
|inactive|Battle timer is ON: inactive players will automatically lose when time's up. (requested by jxrx)
|
|t:|1758999417
|teamsize|p1|6
|teamsize|p2|6
|start
|switch|p1a: Kingambit|Kingambit, M|100/100
|switch|p2a: Scizor|Scizor, M|100/100
|turn|1
|inactive|jxrx has 120 seconds left.
|
|t:|1758999452
|move|p2a: Scizor|Close Combat|p1a: Kingambit
|-supereffective|p1a: Kingambit
|-damage|p1a: Kingambit|0 fnt
|-unboost|p2a: Scizor|def|1
|-unboost|p2a: Scizor|spd|1
|faint|p1a: Kingambit
|-end|p1a: Kingambit|fallenundefined|[silent]
|
|upkeep
|
|t:|1758999454
|switch|p1a: Chesnaught|Chesnaught, F, shiny|100/100
|turn|2
|
|t:|1758999462
|switch|p2a: Vileplume|Vileplume, M|100/100
|move|p1a: Chesnaught|Spikes|p2a: Vileplume
|-sidestart|p2: jxrx|Spikes
|
|upkeep
|turn|3
|
|t:|1758999465
|move|p1a: Chesnaught|Spikes|p2a: Vileplume
|-sidestart|p2: jxrx|Spikes
|move|p2a: Vileplume|Sludge Wave|p1a: Chesnaught
|-supereffective|p1a: Chesnaught
|-damage|p1a: Chesnaught|17/100
|
|upkeep
|turn|4
|
|t:|1758999471
|switch|p1a: Reuniclus|Reuniclus, F, shiny|100/100
|move|p2a: Vileplume|Sludge Wave|p1a: Reuniclus
|-damage|p1a: Reuniclus|66/100
|-status|p1a: Reuniclus|psn
|
|upkeep
|turn|5
|
|t:|1758999484
|switch|p2a: Garganacl|Garganacl, F|100/100
|-damage|p2a: Garganacl|84/100|[from] Spikes
|move|p1a: Reuniclus|Knock Off|p2a: Garganacl
|-supereffective|p2a: Garganacl
|-damage|p2a: Garganacl|4/100
|replace|p2a: Zoroark|Zoroark-Hisui, M
|-end|p2a: Zoroark|Illusion
|-enditem|p2a: Zoroark|Choice Specs|[from] move: Knock Off|[of] p1a: Reuniclus
|
|upkeep
|turn|6
|
|t:|1758999491
|switch|p1a: Fezandipiti|Fezandipiti, M|100/100
|move|p2a: Zoroark|Hyper Voice|p1a: Fezandipiti
|-damage|p1a: Fezandipiti|74/100
|
|upkeep
|turn|7
|
|t:|1758999494
|move|p2a: Zoroark|Trick|p1a: Fezandipiti
|-activate|p2a: Zoroark|move: Trick|[of] p1a: Fezandipiti
|-enditem|p1a: Fezandipiti|Heavy-Duty Boots|[silent]|[from] move: Trick
|-item|p2a: Zoroark|Heavy-Duty Boots|[from] move: Trick
|move|p1a: Fezandipiti|Roost|p1a: Fezandipiti
|-heal|p1a: Fezandipiti|100/100
|-singleturn|p1a: Fezandipiti|move: Roost
|
|upkeep
|turn|8
|
|t:|1758999503
|switch|p2a: Vileplume|Vileplume, M|100/100
|-damage|p2a: Vileplume|84/100|[from] Spikes
|move|p1a: Fezandipiti|Moonblast|p2a: Vileplume
|-resisted|p2a: Vileplume
|-damage|p2a: Vileplume|71/100
|-unboost|p2a: Vileplume|spa|1
|
|upkeep
|turn|9
|
|t:|1758999508
|move|p1a: Fezandipiti|Calm Mind|p1a: Fezandipiti
|-boost|p1a: Fezandipiti|spa|1
|-boost|p1a: Fezandipiti|spd|1
|move|p2a: Vileplume|Leech Seed|p1a: Fezandipiti
|-start|p1a: Fezandipiti|move: Leech Seed
|
|-damage|p1a: Fezandipiti|88/100|[from] Leech Seed|[of] p2a: Vileplume
|-heal|p2a: Vileplume|84/100|[silent]
|upkeep
|turn|10
|
|t:|1758999513
|switch|p2a: Garganacl|Garganacl, F|100/100
|-damage|p2a: Garganacl|84/100|[from] Spikes
|move|p1a: Fezandipiti|Heat Wave|p2a: Garganacl
|-resisted|p2a: Garganacl
|-damage|p2a: Garganacl|76/100
|
|-heal|p2a: Garganacl|82/100|[from] item: Leftovers
|-damage|p1a: Fezandipiti|76/100|[from] Leech Seed|[of] p2a: Garganacl
|-heal|p2a: Garganacl|94/100|[silent]
|upkeep
|turn|11
|
|t:|1758999517
|switch|p1a: Reuniclus|Reuniclus, F, shiny|66/100 psn
|move|p2a: Garganacl|Salt Cure|p1a: Reuniclus
|-damage|p1a: Reuniclus|51/100 psn
|-start|p1a: Reuniclus|Salt Cure
|
|-heal|p2a: Garganacl|99/100|[from] item: Leftovers
|upkeep
|turn|12
|
|t:|1758999524
|move|p1a: Reuniclus|Knock Off|p2a: Garganacl
|-damage|p2a: Garganacl|88/100
|-enditem|p2a: Garganacl|Leftovers|[from] move: Knock Off|[of] p1a: Reuniclus
|move|p2a: Garganacl|Stealth Rock|p1a: Reuniclus
|-sidestart|p1: AlmightyHD|move: Stealth Rock
|
|upkeep
|turn|13
|
|t:|1758999535
|switch|p2a: Vileplume|Vileplume, M|4/100
|move|p1a: Reuniclus|Knock Off|p2a: Vileplume
|-supereffective|p2a: Vileplume
|-damage|p2a: Vileplume|0 fnt
|replace|p2a: Zoroark|Zoroark-Hisui, M
|-end|p2a: Zoroark|Illusion
|-enditem|p2a: Zoroark|Heavy-Duty Boots|[from] move: Knock Off|[of] p1a: Reuniclus
|faint|p2a: Zoroark
|
|upkeep
|
|t:|1758999541
|switch|p2a: Hoopa|Hoopa-Unbound|100/100
|-damage|p2a: Hoopa|84/100|[from] Spikes
|turn|14
|
|t:|1758999548
|switch|p1a: Fezandipiti|Fezandipiti, M|76/100
|-damage|p1a: Fezandipiti|63/100|[from] Stealth Rock
|move|p2a: Hoopa|Psychic Noise|p1a: Fezandipiti
|-supereffective|p1a: Fezandipiti
|-damage|p1a: Fezandipiti|14/100
|-start|p1a: Fezandipiti|move: Heal Block
|
|upkeep
|turn|15
|
|t:|1758999569
|move|p1a: Fezandipiti|Moonblast|p2a: Hoopa
|-supereffective|p2a: Hoopa
|-damage|p2a: Hoopa|57/100
|move|p2a: Hoopa|Psychic Noise|p1a: Fezandipiti
|-supereffective|p1a: Fezandipiti
|-damage|p1a: Fezandipiti|0 fnt
|faint|p1a: Fezandipiti
|
|upkeep
|
|t:|1758999573
|switch|p1a: Mandibuzz|Mandibuzz, F|100/100
|-damage|p1a: Mandibuzz|75/100|[from] Stealth Rock
|turn|16
|
|t:|1758999594
|move|p1a: Mandibuzz|Defog|p2a: Hoopa
|-unboost|p2a: Hoopa|evasion|1
|-sideend|p2: jxrx|Spikes|[from] move: Defog|[of] p1a: Mandibuzz
|-sideend|p1: AlmightyHD|Stealth Rock|[from] move: Defog|[of] p1a: Mandibuzz
|move|p2a: Hoopa|Thunderbolt|p1a: Mandibuzz
|-supereffective|p1a: Mandibuzz
|-damage|p1a: Mandibuzz|12/100
|-status|p1a: Mandibuzz|par
|
|upkeep
|turn|17
|-message|AlmightyHD forfeited.
|
|win|jxrx
|raw|AlmightyHD's rating: 1497 &rarr; <strong>1479</strong><br />(-18 for losing)
|raw|jxrx's rating: 1526 &rarr; <strong>1544</strong><br />(+18 for winning)
|l|☆AlmightyHD
|player|p1|
|l|☆jxrx
|player|p2|
