|j|☆BigG5
|j|☆KingKaido107
|t:|1758942343
|gametype|singles
|player|p1|BigG5|170|1512
|player|p2|KingKaido107|dragontamer-gen6|1695
|gen|9
|tier|[Gen 9] OU
|rated|
|rule|HP Percentage Mod: HP is shown in percentages
|rule|Endless Battle Clause: Forcing endless battles is banned
|rule|Species Clause: Limit one of each Pokémon
|rule|OHKO Clause: OHKO moves are banned
|rule|Evasion Items Clause: Evasion items are banned
|rule|Evasion Moves Clause: Evasion moves are banned
|rule|Evasion Abilities Clause: Evasion abilities are banned
|rule|Sleep Moves Clause: Sleep-inducing moves are banned
|clearpoke
|poke|p1|Pelipper, F|
|poke|p1|Moltres|
|poke|p1|Basculegion, M|
|poke|p1|Raging Bolt|
|poke|p1|Iron Treads|
|poke|p1|Keldeo|
|poke|p2|Kingambit, F|
|poke|p2|Slowking-Galar, F|
|poke|p2|Magnezone|
|poke|p2|Ting-Lu|
|poke|p2|Kyurem|
|poke|p2|Corviknight, F|
|teampreview
|inactive|Battle timer is ON: inactive players will automatically lose when time's up. (requested by KingKaido107)
|inactive|KingKaido107 has 120 seconds left.
|inactive|KingKaido107 has 90 seconds left.
|
|t:|1758942433
|teamsize|p1|6
|teamsize|p2|6
|start
|switch|p1a: Iron Treads|Iron Treads|100/100
|switch|p2a: Slowking|Slowking-Galar, F|100/100
|-item|p1a: Iron Treads|Air Balloon
|turn|1
|
|t:|1758942439
|move|p1a: Iron Treads|Knock Off|p2a: Slowking
|-supereffective|p2a: Slowking
|-enditem|p2a: Slowking|Colbur Berry|[eat]
|-enditem|p2a: Slowking|Colbur Berry|[weaken]
|-damage|p2a: Slowking|83/100
|move|p2a: Slowking|Ice Beam|p1a: Iron Treads
|-damage|p1a: Iron Treads|75/100
|-enditem|p1a: Iron Treads|Air Balloon
|
|upkeep
|turn|2
|
|t:|1758942444
|move|p1a: Iron Treads|Stealth Rock|p2a: Slowking
|-sidestart|p2: KingKaido107|move: Stealth Rock
|-prepare|p2a: Slowking|Chilly Reception|[premajor]
|move|p2a: Slowking|Chilly Reception|p2a: Slowking
|-weather|Snowscape
|
|t:|1758942447
|switch|p2a: Ting-Lu|Ting-Lu|100/100|[from] Chilly Reception
|-damage|p2a: Ting-Lu|94/100|[from] Stealth Rock
|-ability|p2a: Ting-Lu|Vessel of Ruin
|
|-weather|Snowscape|[upkeep]
|-heal|p2a: Ting-Lu|100/100|[from] item: Leftovers
|upkeep
|turn|3
|
|t:|1758942453
|-end|p1a: Iron Treads|Quark Drive|[silent]
|switch|p1a: Pelipper|Pelipper, F|100/100
|-weather|RainDance|[from] ability: Drizzle|[of] p1a: Pelipper
|move|p2a: Ting-Lu|Earthquake|p1a: Pelipper
|-immune|p1a: Pelipper
|
|-weather|RainDance|[upkeep]
|upkeep
|turn|4
|
|t:|1758942457
|move|p2a: Ting-Lu|Stealth Rock|p1a: Pelipper
|-sidestart|p1: BigG5|move: Stealth Rock
|move|p1a: Pelipper|U-turn|p2a: Ting-Lu
|-supereffective|p2a: Ting-Lu
|-damage|p2a: Ting-Lu|90/100
|
|t:|1758942458
|switch|p1a: Basculegion|Basculegion, M, shiny|100/100|[from] U-turn
|-damage|p1a: Basculegion|88/100|[from] Stealth Rock
|
|-weather|RainDance|[upkeep]
|-heal|p2a: Ting-Lu|96/100|[from] item: Leftovers
|upkeep
|turn|5
|
|t:|1758942474
|switch|p2a: Magnezone|Magnezone|100/100
|-damage|p2a: Magnezone|94/100|[from] Stealth Rock
|move|p1a: Basculegion|Wave Crash|p2a: Magnezone
|-damage|p2a: Magnezone|5/100
|-damage|p1a: Basculegion|65/100|[from] Recoil
|
|-weather|RainDance|[upkeep]
|upkeep
|turn|6
|
|t:|1758942478
|move|p1a: Basculegion|Wave Crash|p2a: Magnezone
|-damage|p2a: Magnezone|0 fnt
|faint|p2a: Magnezone
|-damage|p1a: Basculegion|64/100|[from] Recoil
|
|-weather|RainDance|[upkeep]
|upkeep
|
|t:|1758942484
|switch|p2a: Kingambit|Kingambit, F|100/100
|-damage|p2a: Kingambit|94/100|[from] Stealth Rock
|-activate|p2a: Kingambit|ability: Supreme Overlord
|-start|p2a: Kingambit|fallen1|[silent]
|turn|7
|
|t:|1758942492
|switch|p1a: Keldeo|Keldeo|100/100
|-end|p2a: Kingambit|fallen1|[silent]
|switch|p2a: Slowking|Slowking-Galar, F|100/100
|-damage|p2a: Slowking|88/100|[from] Stealth Rock
|
|-weather|RainDance|[upkeep]
|upkeep
|turn|8
|
|t:|1758942496
|move|p1a: Keldeo|Surf|p2a: Slowking
|-damage|p2a: Slowking|29/100
|move|p2a: Slowking|Toxic|p1a: Keldeo
|-status|p1a: Keldeo|tox
|
|-weather|RainDance|[upkeep]
|-damage|p1a: Keldeo|94/100 tox|[from] psn
|upkeep
|turn|9
|
|t:|1758942501
|switch|p2a: Corviknight|Corviknight, F|100/100
|-damage|p2a: Corviknight|88/100|[from] Stealth Rock
|-ability|p2a: Corviknight|Pressure
|move|p1a: Keldeo|Surf|p2a: Corviknight
|-damage|p2a: Corviknight|39/100
|
|-weather|RainDance|[upkeep]
|-heal|p2a: Corviknight|45/100|[from] item: Leftovers
|-damage|p1a: Keldeo|82/100 tox|[from] psn
|upkeep
|turn|10
|
|t:|1758942508
|-terastallize|p2a: Corviknight|Dragon
|move|p1a: Keldeo|Surf|p2a: Corviknight
|-resisted|p2a: Corviknight
|-damage|p2a: Corviknight|22/100
|move|p2a: Corviknight|Roost|p2a: Corviknight
|-heal|p2a: Corviknight|72/100
|
|-weather|none
|-heal|p2a: Corviknight|78/100|[from] item: Leftovers
|-damage|p1a: Keldeo|63/100 tox|[from] psn
|upkeep
|turn|11
|
|t:|1758942513
|switch|p2a: Slowking|Slowking-Galar, F|63/100
|-damage|p2a: Slowking|50/100|[from] Stealth Rock
|move|p1a: Keldeo|Flip Turn|p2a: Slowking
|-damage|p2a: Slowking|40/100
|
|t:|1758942522
|switch|p1a: Iron Treads|Iron Treads|75/100|[from] Flip Turn
|-damage|p1a: Iron Treads|72/100|[from] Stealth Rock
|
|upkeep
|turn|12
|
|t:|1758942528
|switch|p2a: Ting-Lu|Ting-Lu|96/100
|-damage|p2a: Ting-Lu|90/100|[from] Stealth Rock
|-ability|p2a: Ting-Lu|Vessel of Ruin
|move|p1a: Iron Treads|Rapid Spin|p2a: Ting-Lu
|-damage|p2a: Ting-Lu|83/100
|-boost|p1a: Iron Treads|spe|1
|-sideend|p1: BigG5|Stealth Rock|[from] move: Rapid Spin|[of] p1a: Iron Treads
|
|-heal|p2a: Ting-Lu|89/100|[from] item: Leftovers
|upkeep
|turn|13
|
|t:|1758942531
|-end|p1a: Iron Treads|Quark Drive|[silent]
|switch|p1a: Pelipper|Pelipper, F|100/100
|-weather|RainDance|[from] ability: Drizzle|[of] p1a: Pelipper
|move|p2a: Ting-Lu|Stealth Rock|p1a: Pelipper
|-sidestart|p1: BigG5|move: Stealth Rock
|
|-weather|RainDance|[upkeep]
|-heal|p2a: Ting-Lu|95/100|[from] item: Leftovers
|upkeep
|turn|14
|
|t:|1758942533
|move|p1a: Pelipper|U-turn|p2a: Ting-Lu
|-supereffective|p2a: Ting-Lu
|-damage|p2a: Ting-Lu|85/100
|
|t:|1758942538
|switch|p1a: Basculegion|Basculegion, M, shiny|64/100|[from] U-turn
|-damage|p1a: Basculegion|52/100|[from] Stealth Rock
|move|p2a: Ting-Lu|Whirlwind|p1a: Basculegion
|drag|p1a: Moltres|Moltres|100/100
|
|-weather|RainDance|[upkeep]
|-heal|p2a: Ting-Lu|92/100|[from] item: Leftovers
|upkeep
|turn|15
|
|t:|1758942546
|move|p1a: Moltres|Will-O-Wisp|p2a: Ting-Lu
|-status|p2a: Ting-Lu|brn
|move|p2a: Ting-Lu|Ruination|p1a: Moltres
|-damage|p1a: Moltres|51/100
|
|-weather|RainDance|[upkeep]
|-heal|p2a: Ting-Lu|98/100 brn|[from] item: Leftovers
|-damage|p2a: Ting-Lu|92/100 brn|[from] brn
|upkeep
|turn|16
|
|t:|1758942549
|move|p1a: Moltres|U-turn|p2a: Ting-Lu
|-supereffective|p2a: Ting-Lu
|-damage|p2a: Ting-Lu|75/100 brn
|
|t:|1758942556
|switch|p1a: Basculegion|Basculegion, M, shiny|52/100|[from] U-turn
|-damage|p1a: Basculegion|39/100|[from] Stealth Rock
|move|p2a: Ting-Lu|Whirlwind|p1a: Basculegion
|drag|p1a: Pelipper|Pelipper, F|100/100
|-damage|p1a: Pelipper|76/100|[from] Stealth Rock
|
|-weather|RainDance|[upkeep]
|-heal|p2a: Ting-Lu|81/100 brn|[from] item: Leftovers
|-damage|p2a: Ting-Lu|75/100 brn|[from] brn
|upkeep
|turn|17
|
|t:|1758942564
|switch|p2a: Slowking|Slowking-Galar, F|73/100
|-damage|p2a: Slowking|60/100|[from] Stealth Rock
|move|p1a: Pelipper|Knock Off|p2a: Slowking
|-supereffective|p2a: Slowking
|-damage|p2a: Slowking|47/100
|
|-weather|RainDance|[upkeep]
|upkeep
|turn|18
|
|t:|1758942568
|move|p1a: Pelipper|U-turn|p2a: Slowking
|-damage|p2a: Slowking|41/100
|
|t:|1758942571
|switch|p1a: Iron Treads|Iron Treads|72/100|[from] U-turn
|-damage|p1a: Iron Treads|68/100|[from] Stealth Rock
|-prepare|p2a: Slowking|Chilly Reception|[premajor]
|move|p2a: Slowking|Chilly Reception|p2a: Slowking
|-weather|Snowscape
|
|t:|1758942576
|switch|p2a: Kyurem|Kyurem|100/100|[from] Chilly Reception
|-damage|p2a: Kyurem|76/100|[from] Stealth Rock
|-ability|p2a: Kyurem|Pressure
|
|-weather|Snowscape|[upkeep]
|upkeep
|turn|19
|
|t:|1758942584
|move|p1a: Iron Treads|Rapid Spin|p2a: Kyurem
|-damage|p2a: Kyurem|68/100
|-boost|p1a: Iron Treads|spe|1
|-sideend|p1: BigG5|Stealth Rock|[from] move: Rapid Spin|[of] p1a: Iron Treads
|move|p2a: Kyurem|Freeze-Dry|p1a: Iron Treads
|-damage|p1a: Iron Treads|0 fnt
|faint|p1a: Iron Treads
|-end|p1a: Iron Treads|Quark Drive|[silent]
|
|-weather|Snowscape|[upkeep]
|upkeep
|
|t:|1758942597
|switch|p1a: Keldeo|Keldeo|63/100 tox
|turn|20
|
|t:|1758942601
|switch|p2a: Slowking|Slowking-Galar, F|74/100
|-damage|p2a: Slowking|62/100|[from] Stealth Rock
|move|p1a: Keldeo|Flip Turn|p2a: Slowking
|-damage|p2a: Slowking|52/100
|
|t:|1758942620
|switch|p1a: Basculegion|Basculegion, M, shiny|39/100|[from] Flip Turn
|
|-weather|Snowscape|[upkeep]
|upkeep
|turn|21
|
|t:|1758942627
|move|p1a: Basculegion|Wave Crash|p2a: Slowking
|-damage|p2a: Slowking|0 fnt
|faint|p2a: Slowking
|-damage|p1a: Basculegion|22/100|[from] Recoil
|
|-weather|Snowscape|[upkeep]
|upkeep
|
|t:|1758942636
|switch|p2a: Ting-Lu|Ting-Lu|75/100 brn
|-damage|p2a: Ting-Lu|69/100 brn|[from] Stealth Rock
|-ability|p2a: Ting-Lu|Vessel of Ruin
|turn|22
|
|t:|1758942641
|move|p1a: Basculegion|Wave Crash|p2a: Ting-Lu
|-supereffective|p2a: Ting-Lu
|-damage|p2a: Ting-Lu|0 fnt
|faint|p2a: Ting-Lu
|-damage|p1a: Basculegion|0 fnt|[from] Recoil
|faint|p1a: Basculegion
|
|-weather|none
|upkeep
|
|t:|1758942649
|switch|p1a: Pelipper|Pelipper, F|76/100
|switch|p2a: Corviknight|Corviknight, F, tera:Dragon|78/100
|-damage|p2a: Corviknight|66/100|[from] Stealth Rock
|-ability|p2a: Corviknight|Pressure
|-weather|RainDance|[from] ability: Drizzle|[of] p1a: Pelipper
|turn|23
|
|t:|1758942653
|move|p2a: Corviknight|Defog|p1a: Pelipper
|-unboost|p1a: Pelipper|evasion|1
|-sideend|p2: KingKaido107|Stealth Rock|[from] move: Defog|[of] p2a: Corviknight
|move|p1a: Pelipper|U-turn|p2a: Corviknight
|-damage|p2a: Corviknight|58/100
|
|t:|1758942656
|switch|p1a: Raging Bolt|Raging Bolt|100/100|[from] U-turn
|-enditem|p1a: Raging Bolt|Booster Energy
|-activate|p1a: Raging Bolt|ability: Protosynthesis|[fromitem]
|-start|p1a: Raging Bolt|protosynthesisspa
|
|-weather|RainDance|[upkeep]
|-heal|p2a: Corviknight|64/100|[from] item: Leftovers
|upkeep
|turn|24
|
|t:|1758942661
|move|p1a: Raging Bolt|Dragon Pulse|p2a: Corviknight
|-supereffective|p2a: Corviknight
|-damage|p2a: Corviknight|0 fnt
|faint|p2a: Corviknight
|
|-weather|RainDance|[upkeep]
|upkeep
|
|t:|1758942662
|switch|p2a: Kyurem|Kyurem|68/100
|-ability|p2a: Kyurem|Pressure
|turn|25
|
|t:|1758942669
|-terastallize|p1a: Raging Bolt|Fairy
|move|p2a: Kyurem|Blizzard|p1a: Raging Bolt|[miss]
|-miss|p2a: Kyurem|p1a: Raging Bolt
|move|p1a: Raging Bolt|Dragon Pulse|p2a: Kyurem
|-supereffective|p2a: Kyurem
|-damage|p2a: Kyurem|0 fnt
|faint|p2a: Kyurem
|
|-weather|RainDance|[upkeep]
|upkeep
|
|t:|1758942672
|switch|p2a: Kingambit|Kingambit, F|94/100
|-activate|p2a: Kingambit|ability: Supreme Overlord
|-start|p2a: Kingambit|fallen5|[silent]
|turn|26
|
|t:|1758942676
|move|p1a: Raging Bolt|Thunder|p2a: Kingambit
|-damage|p2a: Kingambit|0 fnt
|faint|p2a: Kingambit
|-end|p2a: Kingambit|fallen5|[silent]
|
|win|BigG5
|raw|BigG5's rating: 1512 &rarr; <strong>1542</strong><br />(+30 for winning)
|raw|KingKaido107's rating: 1695 &rarr; <strong>1665</strong><br />(-30 for losing)
|l|☆KingKaido107
|player|p2|
