|j|☆QingKe
|j|☆jsjfmwnmdd
|t:|1758962257
|gametype|singles
|player|p1|QingKe|firebreather|1101
|player|p2|jsjfmwnmdd|266|1146
|gen|9
|tier|[Gen 9] OU
|rated|
|rule|HP Percentage Mod: HP is shown in percentages
|rule|Endless Battle Clause: Forcing endless battles is banned
|rule|Species Clause: Limit one of each Pokémon
|rule|OHKO Clause: OHKO moves are banned
|rule|Evasion Items Clause: Evasion items are banned
|rule|Evasion Moves Clause: Evasion moves are banned
|rule|Evasion Abilities Clause: Evasion abilities are banned
|rule|Sleep Moves Clause: Sleep-inducing moves are banned
|clearpoke
|poke|p1|Walking Wake|
|poke|p1|Landorus-Therian, M|
|poke|p1|Leafeon, M|
|poke|p1|Heatran, F|
|poke|p1|Torkoal, F|
|poke|p1|Hatterene, F|
|poke|p2|Gliscor, M|
|poke|p2|Walking Wake|
|poke|p2|Slowking-Galar, F|
|poke|p2|Zamazenta-*|
|poke|p2|Ting-Lu|
|poke|p2|Kingambit, F|
|teampreview
|
|t:|1758962275
|teamsize|p1|6
|teamsize|p2|6
|start
|switch|p1a: Walking Wake|Walking Wake|100/100
|switch|p2a: Ting-Lu|Ting-Lu|100/100
|-ability|p2a: Ting-Lu|Vessel of Ruin
|turn|1
|
|t:|1758962290
|-end|p1a: Walking Wake|Protosynthesis|[silent]
|switch|p1a: Hatterene|Hatterene, F, shiny|100/100
|move|p2a: Ting-Lu|Stealth Rock|p1a: Hatterene
|move|p1a: Hatterene|Stealth Rock|p2a: Ting-Lu|[from] ability: Magic Bounce
|-sidestart|p2: jsjfmwnmdd|move: Stealth Rock
|
|upkeep
|turn|2
|
|t:|1758962301
|switch|p2a: Slowking|Slowking-Galar, F|100/100
|move|p1a: Hatterene|Dazzling Gleam|p2a: Slowking
|-resisted|p2a: Slowking
|-damage|p2a: Slowking|88/100
|
|upkeep
|turn|3
|
|t:|1758962311
|switch|p1a: Heatran|Heatran, F|100/100
|move|p2a: Slowking|Future Sight|p1a: Heatran
|-start|p2a: Slowking|move: Future Sight
|
|upkeep
|turn|4
|
|t:|1758962323
|move|p1a: Heatran|Taunt|p2a: Slowking
|-start|p2a: Slowking|move: Taunt
|-prepare|p2a: Slowking|Chilly Reception|[premajor]
|cant|p2a: Slowking|move: Taunt|Chilly Reception
|
|upkeep
|turn|5
|
|t:|1758962333
|switch|p1a: Torkoal|Torkoal, F|100/100
|-weather|SunnyDay|[from] ability: Drought|[of] p1a: Torkoal
|switch|p2a: Gliscor|Gliscor, M|100/100
|-damage|p2a: Gliscor|88/100|[from] Stealth Rock
|
|-weather|SunnyDay|[upkeep]
|-end|p1a: Torkoal|move: Future Sight
|-damage|p1a: Torkoal|43/100
|-status|p2a: Gliscor|tox|[from] item: Toxic Orb
|upkeep
|turn|6
|
|t:|1758962345
|switch|p1a: Hatterene|Hatterene, F, shiny|100/100
|move|p2a: Gliscor|Swords Dance|p2a: Gliscor
|-boost|p2a: Gliscor|atk|2
|
|-weather|SunnyDay|[upkeep]
|-heal|p2a: Gliscor|100/100 tox|[from] ability: Poison Heal
|upkeep
|turn|7
|
|t:|1758962351
|move|p2a: Gliscor|Earthquake|p1a: Hatterene
|-damage|p1a: Hatterene|29/100
|-enditem|p1a: Hatterene|Eject Button
|
|t:|1758962361
|switch|p1a: Leafeon|Leafeon, M, shiny|100/100
|
|-weather|SunnyDay|[upkeep]
|upkeep
|turn|8
|
|t:|1758962370
|move|p1a: Leafeon|Solar Blade||[still]
|-prepare|p1a: Leafeon|Solar Blade
|-anim|p1a: Leafeon|Solar Blade|p2a: Gliscor
|-damage|p2a: Gliscor|36/100 tox
|-damage|p1a: Leafeon|91/100|[from] item: Life Orb
|move|p2a: Gliscor|Ice Fang|p1a: Leafeon|[miss]
|-miss|p2a: Gliscor|p1a: Leafeon
|
|-weather|SunnyDay|[upkeep]
|-heal|p2a: Gliscor|49/100 tox|[from] ability: Poison Heal
|upkeep
|turn|9
|
|t:|1758962378
|move|p2a: Gliscor|Protect|p2a: Gliscor
|-singleturn|p2a: Gliscor|Protect
|move|p1a: Leafeon|Solar Blade||[still]
|-prepare|p1a: Leafeon|Solar Blade
|-anim|p1a: Leafeon|Solar Blade|p2a: Gliscor
|-activate|p2a: Gliscor|move: Protect
|
|-weather|SunnyDay|[upkeep]
|-heal|p2a: Gliscor|61/100 tox|[from] ability: Poison Heal
|upkeep
|turn|10
|
|t:|1758962383
|move|p1a: Leafeon|Solar Blade||[still]
|-prepare|p1a: Leafeon|Solar Blade
|-anim|p1a: Leafeon|Solar Blade|p2a: Gliscor
|-damage|p2a: Gliscor|0 fnt
|faint|p2a: Gliscor
|-damage|p1a: Leafeon|81/100|[from] item: Life Orb
|
|-weather|SunnyDay|[upkeep]
|upkeep
|inactive|Battle timer is ON: inactive players will automatically lose when time's up. (requested by QingKe)
|
|t:|1758962442
|switch|p2a: Slowking|Slowking-Galar, F|100/100
|turn|11
|
|t:|1758962449
|move|p1a: Leafeon|Knock Off|p2a: Slowking
|-supereffective|p2a: Slowking
|-damage|p2a: Slowking|6/100
|-enditem|p2a: Slowking|Heavy-Duty Boots|[from] move: Knock Off|[of] p1a: Leafeon
|-damage|p1a: Leafeon|71/100|[from] item: Life Orb
|move|p2a: Slowking|Future Sight|p1a: Leafeon
|-start|p2a: Slowking|move: Future Sight
|
|-weather|SunnyDay|[upkeep]
|upkeep
|turn|12
|
|t:|1758962468
|switch|p2a: Zamazenta|Zamazenta|100/100
|-ability|p2a: Zamazenta|Dauntless Shield|boost
|-boost|p2a: Zamazenta|def|1
|move|p1a: Leafeon|Knock Off|p2a: Zamazenta
|-resisted|p2a: Zamazenta
|-damage|p2a: Zamazenta|89/100
|-enditem|p2a: Zamazenta|Heavy-Duty Boots|[from] move: Knock Off|[of] p1a: Leafeon
|-damage|p1a: Leafeon|61/100|[from] item: Life Orb
|
|-weather|none
|upkeep
|turn|13
|
|t:|1758962479
|switch|p1a: Landorus|Landorus-Therian, M|100/100
|-ability|p1a: Landorus|Intimidate|boost
|-unboost|p2a: Zamazenta|atk|1
|move|p2a: Zamazenta|Close Combat|p1a: Landorus
|-resisted|p1a: Landorus
|-damage|p1a: Landorus|81/100
|-unboost|p2a: Zamazenta|def|1
|-unboost|p2a: Zamazenta|spd|1
|
|-end|p1a: Landorus|move: Future Sight
|-damage|p1a: Landorus|22/100
|-heal|p1a: Landorus|28/100|[from] item: Leftovers
|upkeep
|turn|14
|inactive|QingKe has 120 seconds left.
|inactive|jsjfmwnmdd has 120 seconds left.
|
|t:|1758962525
|-terastallize|p2a: Zamazenta|Steel
|move|p2a: Zamazenta|Heavy Slam|p1a: Landorus
|-damage|p1a: Landorus|6/100
|move|p1a: Landorus|Earthquake|p2a: Zamazenta
|-supereffective|p2a: Zamazenta
|-damage|p2a: Zamazenta|0 fnt
|faint|p2a: Zamazenta
|
|-heal|p1a: Landorus|12/100|[from] item: Leftovers
|upkeep
|
|t:|1758962533
|switch|p2a: Walking Wake|Walking Wake|100/100
|turn|15
|inactive|QingKe has 120 seconds left.
|
|t:|1758962541
|move|p2a: Walking Wake|Knock Off|p1a: Landorus
|-damage|p1a: Landorus|0 fnt
|-enditem|p1a: Landorus|Leftovers|[from] move: Knock Off|[of] p2a: Walking Wake
|faint|p1a: Landorus
|
|upkeep
|inactive|QingKe has 120 seconds left.
|
|t:|1758962547
|switch|p1a: Walking Wake|Walking Wake|100/100
|turn|16
|inactive|QingKe has 120 seconds left.
|inactive|jsjfmwnmdd has 120 seconds left.
|
|t:|1758962566
|-end|p2a: Walking Wake|Protosynthesis|[silent]
|switch|p2a: Ting-Lu|Ting-Lu|100/100
|-damage|p2a: Ting-Lu|94/100|[from] Stealth Rock
|-ability|p2a: Ting-Lu|Vessel of Ruin
|move|p1a: Walking Wake|Draco Meteor|p2a: Ting-Lu
|-damage|p2a: Ting-Lu|49/100
|-unboost|p1a: Walking Wake|spa|2
|
|-heal|p2a: Ting-Lu|55/100|[from] item: Leftovers
|upkeep
|turn|17
|inactive|jsjfmwnmdd has 120 seconds left.
|inactive|QingKe has 120 seconds left.
|
|t:|1758962583
|-end|p1a: Walking Wake|Protosynthesis|[silent]
|switch|p1a: Hatterene|Hatterene, F, shiny|29/100
|move|p2a: Ting-Lu|Earthquake|p1a: Hatterene
|-damage|p1a: Hatterene|0 fnt
|faint|p1a: Hatterene
|
|-heal|p2a: Ting-Lu|62/100|[from] item: Leftovers
|upkeep
|
|t:|1758962586
|switch|p1a: Torkoal|Torkoal, F|43/100
|-weather|SunnyDay|[from] ability: Drought|[of] p1a: Torkoal
|turn|18
|
|t:|1758962594
|move|p2a: Ting-Lu|Stealth Rock|p1a: Torkoal
|-sidestart|p1: QingKe|move: Stealth Rock
|move|p1a: Torkoal|Body Press|p2a: Ting-Lu
|-supereffective|p2a: Ting-Lu
|-damage|p2a: Ting-Lu|30/100
|
|-weather|SunnyDay|[upkeep]
|-heal|p2a: Ting-Lu|36/100|[from] item: Leftovers
|upkeep
|turn|19
|
|t:|1758962599
|move|p2a: Ting-Lu|Earthquake|p1a: Torkoal
|-supereffective|p1a: Torkoal
|-damage|p1a: Torkoal|2/100
|move|p1a: Torkoal|Rapid Spin|p2a: Ting-Lu
|-damage|p2a: Ting-Lu|30/100
|-boost|p1a: Torkoal|spe|1
|-sideend|p1: QingKe|Stealth Rock|[from] move: Rapid Spin|[of] p1a: Torkoal
|
|-weather|SunnyDay|[upkeep]
|-heal|p2a: Ting-Lu|37/100|[from] item: Leftovers
|upkeep
|turn|20
|
|t:|1758962606
|switch|p1a: Leafeon|Leafeon, M, shiny|61/100
|move|p2a: Ting-Lu|Stealth Rock|p1a: Leafeon
|-sidestart|p1: QingKe|move: Stealth Rock
|
|-weather|SunnyDay|[upkeep]
|-heal|p2a: Ting-Lu|43/100|[from] item: Leftovers
|upkeep
|turn|21
|inactive|jsjfmwnmdd has 120 seconds left.
|
|t:|1758962660
|switch|p2a: Slowking|Slowking-Galar, F|39/100
|-damage|p2a: Slowking|27/100|[from] Stealth Rock
|move|p1a: Leafeon|Solar Blade||[still]
|-prepare|p1a: Leafeon|Solar Blade
|-anim|p1a: Leafeon|Solar Blade|p2a: Slowking
|-resisted|p2a: Slowking
|-damage|p2a: Slowking|0 fnt
|faint|p2a: Slowking
|-damage|p1a: Leafeon|51/100|[from] item: Life Orb
|
|-weather|SunnyDay|[upkeep]
|upkeep
|
|t:|1758962673
|switch|p2a: Kingambit|Kingambit, F|100/100
|-damage|p2a: Kingambit|94/100|[from] Stealth Rock
|-activate|p2a: Kingambit|ability: Supreme Overlord
|-start|p2a: Kingambit|fallen3|[silent]
|turn|22
|
|t:|1758962680
|-terastallize|p1a: Leafeon|Fire
|move|p1a: Leafeon|Tera Blast|p2a: Kingambit|[anim] Tera Blast Fire
|-supereffective|p2a: Kingambit
|-damage|p2a: Kingambit|0 fnt
|faint|p2a: Kingambit
|-end|p2a: Kingambit|fallen3|[silent]
|-damage|p1a: Leafeon|41/100|[from] item: Life Orb
|
|-weather|SunnyDay|[upkeep]
|upkeep
|
|t:|1758962685
|switch|p2a: Walking Wake|Walking Wake|100/100
|-activate|p2a: Walking Wake|ability: Protosynthesis
|-start|p2a: Walking Wake|protosynthesisspa
|turn|23
|
|t:|1758962693
|move|p1a: Leafeon|Solar Blade||[still]
|-prepare|p1a: Leafeon|Solar Blade
|-anim|p1a: Leafeon|Solar Blade|p2a: Walking Wake
|-damage|p2a: Walking Wake|3/100
|-damage|p1a: Leafeon|31/100|[from] item: Life Orb
|move|p2a: Walking Wake|Scald|p1a: Leafeon
|-supereffective|p1a: Leafeon
|-damage|p1a: Leafeon|0 fnt
|faint|p1a: Leafeon
|
|-weather|SunnyDay|[upkeep]
|upkeep
|
|t:|1758962699
|switch|p1a: Walking Wake|Walking Wake|100/100
|-damage|p1a: Walking Wake|88/100|[from] Stealth Rock
|-activate|p1a: Walking Wake|ability: Protosynthesis
|-start|p1a: Walking Wake|protosynthesisspe
|turn|24
|inactive|jsjfmwnmdd has 120 seconds left.
|
|t:|1758962720
|move|p1a: Walking Wake|Hydro Steam|p2a: Walking Wake
|-resisted|p2a: Walking Wake
|-damage|p2a: Walking Wake|0 fnt
|faint|p2a: Walking Wake
|-end|p2a: Walking Wake|Protosynthesis|[silent]
|
|-weather|SunnyDay|[upkeep]
|upkeep
|
|t:|1758962722
|switch|p2a: Ting-Lu|Ting-Lu|43/100
|-damage|p2a: Ting-Lu|37/100|[from] Stealth Rock
|-ability|p2a: Ting-Lu|Vessel of Ruin
|turn|25
|
|t:|1758962724
|move|p1a: Walking Wake|Hydro Steam|p2a: Ting-Lu
|-supereffective|p2a: Ting-Lu
|-damage|p2a: Ting-Lu|0 fnt
|faint|p2a: Ting-Lu
|
|win|QingKe
|raw|QingKe's rating: 1101 &rarr; <strong>1129</strong><br />(+28 for winning)
|raw|jsjfmwnmdd's rating: 1146 &rarr; <strong>1118</strong><br />(-28 for losing)
|l|☆jsjfmwnmdd
|player|p2|
|l|☆QingKe
|player|p1|
