|j|☆Cho7 le fripon
|j|☆Thelumberzach
|t:|1759041648
|gametype|singles
|player|p1|Cho7 le fripon|interviewers|1257
|player|p2|Thelumberzach|wattson|1239
|gen|9
|tier|[Gen 9] OU
|rated|
|rule|HP Percentage Mod: HP is shown in percentages
|rule|Endless Battle Clause: Forcing endless battles is banned
|rule|Species Clause: Limit one of each Pokémon
|rule|OHKO Clause: OHKO moves are banned
|rule|Evasion Items Clause: Evasion items are banned
|rule|Evasion Moves Clause: Evasion moves are banned
|rule|Evasion Abilities Clause: Evasion abilities are banned
|rule|Sleep Moves Clause: Sleep-inducing moves are banned
|clearpoke
|poke|p1|Basculin, F|
|poke|p1|Pelipper, M|
|poke|p1|Barraskewda, F|
|poke|p1|Landorus-Therian, M|
|poke|p1|Ogerpon-Wellspring, F|
|poke|p1|Scizor, M|
|poke|p2|Rotom-Wash|
|poke|p2|Goodra-Hisui, M|
|poke|p2|Iron Valiant|
|poke|p2|Dragapult, F|
|poke|p2|Avalugg, M|
|poke|p2|Cinderace, M|
|teampreview
|c|☆Cho7 le fripon|glhf
|
|t:|1759041657
|teamsize|p1|6
|teamsize|p2|6
|start
|switch|p1a: fort-ivoire|Landorus-Therian, M|100/100
|switch|p2a: Rotom|Rotom-Wash|100/100
|-ability|p1a: fort-ivoire|Intimidate|boost
|-unboost|p2a: Rotom|atk|1
|turn|1
|inactive|Battle timer is ON: inactive players will automatically lose when time's up. (requested by Thelumberzach)
|
|t:|1759041664
|move|p1a: fort-ivoire|U-turn|p2a: Rotom
|-damage|p2a: Rotom|83/100
|
|t:|1759041667
|switch|p1a: Larry|Ogerpon-Wellspring, F|100/100|[from] U-turn
|move|p2a: Rotom|Will-O-Wisp|p1a: Larry|[miss]
|-miss|p2a: Rotom|p1a: Larry
|
|-heal|p2a: Rotom|89/100|[from] item: Leftovers
|upkeep
|turn|2
|
|t:|1759041679
|switch|p2a: Avalugg|Avalugg, M|100/100
|move|p1a: Larry|Horn Leech|p2a: Avalugg
|-damage|p2a: Avalugg|82/100
|
|upkeep
|turn|3
|
|t:|1759041688
|switch|p1a: l'insecte|Scizor, M|100/100
|move|p2a: Avalugg|Body Press|p1a: l'insecte
|-damage|p1a: l'insecte|60/100
|
|-heal|p1a: l'insecte|66/100|[from] item: Leftovers
|upkeep
|turn|4
|
|t:|1759041698
|switch|p2a: Rotom|Rotom-Wash|89/100
|move|p1a: l'insecte|Bullet Punch|p2a: Rotom
|-resisted|p2a: Rotom
|-damage|p2a: Rotom|82/100
|
|-heal|p2a: Rotom|88/100|[from] item: Leftovers
|-heal|p1a: l'insecte|72/100|[from] item: Leftovers
|upkeep
|turn|5
|
|t:|1759041709
|switch|p1a: it's raining babe|Pelipper, M|100/100
|-weather|RainDance|[from] ability: Drizzle|[of] p1a: it's raining babe
|move|p2a: Rotom|Will-O-Wisp|p1a: it's raining babe
|-status|p1a: it's raining babe|brn
|
|-weather|RainDance|[upkeep]
|-heal|p2a: Rotom|95/100|[from] item: Leftovers
|-damage|p1a: it's raining babe|94/100 brn|[from] brn
|upkeep
|turn|6
|
|t:|1759041728
|switch|p1a: fort-ivoire|Landorus-Therian, M|100/100
|-ability|p1a: fort-ivoire|Intimidate|boost
|-unboost|p2a: Rotom|atk|1
|move|p2a: Rotom|Volt Switch|p1a: fort-ivoire
|-immune|p1a: fort-ivoire
|
|-weather|RainDance|[upkeep]
|-heal|p2a: Rotom|100/100|[from] item: Leftovers
|upkeep
|turn|7
|
|t:|1759041745
|move|p1a: fort-ivoire|Taunt|p2a: Rotom
|-start|p2a: Rotom|move: Taunt
|cant|p2a: Rotom|move: Taunt|Will-O-Wisp
|
|-weather|RainDance|[upkeep]
|upkeep
|turn|8
|
|t:|1759041751
|move|p1a: fort-ivoire|Stealth Rock|p2a: Rotom
|-sidestart|p2: Thelumberzach|move: Stealth Rock
|move|p2a: Rotom|Volt Switch|p1a: fort-ivoire
|-immune|p1a: fort-ivoire
|
|-weather|RainDance|[upkeep]
|upkeep
|turn|9
|
|t:|1759041757
|move|p1a: fort-ivoire|U-turn|p2a: Rotom
|-damage|p2a: Rotom|81/100
|
|t:|1759041762
|switch|p1a: petit poisson|Basculin, F|100/100|[from] U-turn
|move|p2a: Rotom|Volt Switch|p1a: petit poisson
|-supereffective|p1a: petit poisson
|-damage|p1a: petit poisson|9/100
|
|t:|1759041773
|switch|p2a: Dragapult|Dragapult, F|100/100|[from] Volt Switch
|-damage|p2a: Dragapult|88/100|[from] Stealth Rock
|
|-weather|RainDance|[upkeep]
|upkeep
|turn|10
|
|t:|1759041782
|move|p1a: petit poisson|Aqua Jet|p2a: Dragapult
|-resisted|p2a: Dragapult
|-damage|p2a: Dragapult|64/100
|move|p2a: Dragapult|U-turn|p1a: petit poisson
|-damage|p1a: petit poisson|0 fnt
|faint|p1a: petit poisson
|
|t:|1759041786
|switch|p2a: Rotom|Rotom-Wash|81/100|[from] U-turn
|-damage|p2a: Rotom|69/100|[from] Stealth Rock
|
|-weather|RainDance|[upkeep]
|-heal|p2a: Rotom|75/100|[from] item: Leftovers
|upkeep
|
|t:|1759041798
|switch|p1a: long poisson|Barraskewda, F|100/100
|turn|11
|
|t:|1759041813
|-terastallize|p1a: long poisson|Fighting
|move|p2a: Rotom|Protect|p2a: Rotom
|-singleturn|p2a: Rotom|Protect
|move|p1a: long poisson|Close Combat|p2a: Rotom
|-activate|p2a: Rotom|move: Protect
|
|-weather|RainDance|[upkeep]
|-heal|p2a: Rotom|81/100|[from] item: Leftovers
|upkeep
|turn|12
|
|t:|1759041825
|switch|p1a: fort-ivoire|Landorus-Therian, M|100/100
|-ability|p1a: fort-ivoire|Intimidate|boost
|-unboost|p2a: Rotom|atk|1
|switch|p2a: Dragapult|Dragapult, F|64/100
|-damage|p2a: Dragapult|51/100|[from] Stealth Rock
|
|-weather|none
|upkeep
|turn|13
|
|t:|1759041835
|move|p2a: Dragapult|Draco Meteor|p1a: fort-ivoire
|-damage|p1a: fort-ivoire|0 fnt
|-unboost|p2a: Dragapult|spa|2
|faint|p1a: fort-ivoire
|
|upkeep
|
|t:|1759041843
|switch|p1a: long poisson|Barraskewda, F, tera:Fighting|100/100
|turn|14
|
|t:|1759041855
|switch|p2a: Avalugg|Avalugg, M|82/100
|move|p1a: long poisson|Liquidation|p2a: Avalugg
|-damage|p2a: Avalugg|53/100
|
|upkeep
|turn|15
|
|t:|1759041864
|switch|p1a: it's raining babe|Pelipper, M|94/100 brn
|-weather|RainDance|[from] ability: Drizzle|[of] p1a: it's raining babe
|move|p2a: Avalugg|Rapid Spin|p1a: it's raining babe
|-damage|p1a: it's raining babe|84/100 brn
|-boost|p2a: Avalugg|spe|1
|-sideend|p2: Thelumberzach|Stealth Rock|[from] move: Rapid Spin|[of] p2a: Avalugg
|
|-weather|RainDance|[upkeep]
|-damage|p1a: it's raining babe|78/100 brn|[from] brn
|upkeep
|turn|16
|
|t:|1759041877
|switch|p2a: Goodra|Goodra-Hisui, M|100/100
|move|p1a: it's raining babe|U-turn|p2a: Goodra
|-resisted|p2a: Goodra
|-damage|p2a: Goodra|98/100
|
|t:|1759041882
|switch|p1a: long poisson|Barraskewda, F, tera:Fighting|100/100|[from] U-turn
|
|-weather|RainDance|[upkeep]
|upkeep
|turn|17
|
|t:|1759041891
|move|p1a: long poisson|Throat Chop|p2a: Goodra
|-damage|p2a: Goodra|58/100
|-start|p2a: Goodra|Throat Chop|[silent]
|move|p2a: Goodra|Draco Meteor|p1a: long poisson|[miss]
|-miss|p2a: Goodra|p1a: long poisson
|
|-weather|RainDance|[upkeep]
|upkeep
|turn|18
|
|t:|1759041899
|switch|p1a: l'insecte|Scizor, M|72/100
|move|p2a: Goodra|Draco Meteor|p1a: l'insecte|[miss]
|-miss|p2a: Goodra|p1a: l'insecte
|
|-weather|RainDance|[upkeep]
|-heal|p1a: l'insecte|78/100|[from] item: Leftovers
|-end|p2a: Goodra|Throat Chop|[silent]
|upkeep
|turn|19
|
|t:|1759041907
|move|p2a: Goodra|Fire Blast|p1a: l'insecte|[miss]
|-miss|p2a: Goodra|p1a: l'insecte
|move|p1a: l'insecte|Swords Dance|p1a: l'insecte
|-boost|p1a: l'insecte|atk|2
|
|-weather|RainDance|[upkeep]
|-heal|p1a: l'insecte|84/100|[from] item: Leftovers
|upkeep
|turn|20
|c|☆Cho7 le fripon|i'm so sorry bro what is my luck
|c|☆Thelumberzach|This is crazy
|
|t:|1759041931
|move|p2a: Goodra|Fire Blast|p1a: l'insecte|[miss]
|-miss|p2a: Goodra|p1a: l'insecte
|move|p1a: l'insecte|Knock Off|p2a: Goodra
|-damage|p2a: Goodra|0 fnt
|-enditem|p2a: Goodra|Assault Vest|[from] move: Knock Off|[of] p1a: l'insecte
|faint|p2a: Goodra
|
|-weather|RainDance|[upkeep]
|-heal|p1a: l'insecte|90/100|[from] item: Leftovers
|upkeep
|c|☆Cho7 le fripon|NO WAY
|
|t:|1759041940
|switch|p2a: Avalugg|Avalugg, M|53/100
|turn|21
|
|t:|1759041945
|-terastallize|p2a: Avalugg|Fighting
|move|p1a: l'insecte|Knock Off|p2a: Avalugg
|-resisted|p2a: Avalugg
|-damage|p2a: Avalugg|38/100
|-enditem|p2a: Avalugg|Heavy-Duty Boots|[from] move: Knock Off|[of] p1a: l'insecte
|move|p2a: Avalugg|Body Press|p1a: l'insecte
|-damage|p1a: l'insecte|31/100
|
|-weather|RainDance|[upkeep]
|-heal|p1a: l'insecte|37/100|[from] item: Leftovers
|upkeep
|turn|22
|
|t:|1759041955
|move|p1a: l'insecte|Bullet Punch|p2a: Avalugg
|-damage|p2a: Avalugg|12/100
|move|p2a: Avalugg|Body Press|p1a: l'insecte
|-damage|p1a: l'insecte|0 fnt
|faint|p1a: l'insecte
|
|-weather|none
|upkeep
|
|t:|1759041961
|switch|p1a: it's raining babe|Pelipper, M|78/100 brn
|-weather|RainDance|[from] ability: Drizzle|[of] p1a: it's raining babe
|turn|23
|
|t:|1759041968
|move|p1a: it's raining babe|Hurricane|p2a: Avalugg
|-supereffective|p2a: Avalugg
|-damage|p2a: Avalugg|0 fnt
|faint|p2a: Avalugg
|
|-weather|RainDance|[upkeep]
|-damage|p1a: it's raining babe|72/100 brn|[from] brn
|upkeep
|
|t:|1759041973
|switch|p2a: Rotom|Rotom-Wash|81/100
|turn|24
|
|t:|1759041980
|switch|p1a: Larry|Ogerpon-Wellspring, F|100/100
|move|p2a: Rotom|Volt Switch|p1a: Larry
|-damage|p1a: Larry|73/100
|
|t:|1759041983
|switch|p2a: Cinderace|Cinderace, M|100/100|[from] Volt Switch
|
|-weather|RainDance|[upkeep]
|upkeep
|turn|25
|
|t:|1759041994
|move|p2a: Cinderace|High Jump Kick|p1a: Larry
|-start|p2a: Cinderace|typechange|Fighting|[from] ability: Libero
|-damage|p1a: Larry|0 fnt
|faint|p1a: Larry
|
|-weather|RainDance|[upkeep]
|upkeep
|
|t:|1759042001
|switch|p1a: long poisson|Barraskewda, F, tera:Fighting|100/100
|turn|26
|
|t:|1759042008
|move|p1a: long poisson|Liquidation|p2a: Cinderace
|-damage|p2a: Cinderace|0 fnt
|faint|p2a: Cinderace
|
|-weather|RainDance|[upkeep]
|upkeep
|
|t:|1759042012
|switch|p2a: Dragapult|Dragapult, F|51/100
|turn|27
|
|t:|1759042022
|move|p1a: long poisson|Liquidation|p2a: Dragapult
|-resisted|p2a: Dragapult
|-damage|p2a: Dragapult|0 fnt
|faint|p2a: Dragapult
|
|-weather|RainDance|[upkeep]
|upkeep
|
|t:|1759042026
|switch|p2a: Rotom|Rotom-Wash|81/100
|turn|28
|
|t:|1759042030
|switch|p1a: it's raining babe|Pelipper, M|72/100 brn
|move|p2a: Rotom|Hydro Pump|p1a: it's raining babe
|-resisted|p1a: it's raining babe
|-damage|p1a: it's raining babe|32/100 brn
|
|-weather|RainDance|[upkeep]
|-heal|p2a: Rotom|87/100|[from] item: Leftovers
|-damage|p1a: it's raining babe|26/100 brn|[from] brn
|upkeep
|turn|29
|
|t:|1759042041
|move|p2a: Rotom|Volt Switch|p1a: it's raining babe
|-supereffective|p1a: it's raining babe
|-damage|p1a: it's raining babe|0 fnt
|faint|p1a: it's raining babe
|
|t:|1759042044
|switch|p2a: Iron Valiant|Iron Valiant|100/100|[from] Volt Switch
|
|-weather|RainDance|[upkeep]
|upkeep
|
|t:|1759042049
|switch|p1a: long poisson|Barraskewda, F, tera:Fighting|100/100
|turn|30
|
|t:|1759042059
|move|p1a: long poisson|Liquidation|p2a: Iron Valiant
|-crit|p2a: Iron Valiant
|-damage|p2a: Iron Valiant|0 fnt
|faint|p2a: Iron Valiant
|-end|p2a: Iron Valiant|Quark Drive|[silent]
|
|-weather|none
|upkeep
|
|t:|1759042063
|switch|p2a: Rotom|Rotom-Wash|87/100
|turn|31
|
|t:|1759042072
|move|p1a: long poisson|Liquidation|p2a: Rotom
|-resisted|p2a: Rotom
|-damage|p2a: Rotom|57/100
|move|p2a: Rotom|Will-O-Wisp|p1a: long poisson
|-status|p1a: long poisson|brn
|
|-heal|p2a: Rotom|64/100|[from] item: Leftovers
|-damage|p1a: long poisson|94/100 brn|[from] brn
|upkeep
|turn|32
|c|☆Cho7 le fripon|yeup gg you deserved it for a long time lmao
|
|t:|1759042091
|move|p2a: Rotom|Protect|p2a: Rotom
|-singleturn|p2a: Rotom|Protect
|move|p1a: long poisson|Liquidation|p2a: Rotom
|-activate|p2a: Rotom|move: Protect
|
|-heal|p2a: Rotom|70/100|[from] item: Leftovers
|-damage|p1a: long poisson|88/100 brn|[from] brn
|upkeep
|turn|33
|c|☆Thelumberzach|Rotonda countered this team
|c|☆Thelumberzach|Rotom
|c|☆Thelumberzach|Ggs
|-message|Cho7 le fripon forfeited.
|
|win|Thelumberzach
|raw|Cho7 le fripon's rating: 1257 &rarr; <strong>1231</strong><br />(-26 for losing)
|raw|Thelumberzach's rating: 1239 &rarr; <strong>1265</strong><br />(+26 for winning)
|l|☆Cho7 le fripon
|player|p1|
|l|☆Thelumberzach
|player|p2|
