|j|☆wsnid
|j|☆LordFueg
|t:|1758949231
|gametype|singles
|player|p1|wsnid|hilbert|1369
|player|p2|LordFueg|170|1389
|gen|9
|tier|[Gen 9] OU
|rated|
|rule|HP Percentage Mod: HP is shown in percentages
|rule|Endless Battle Clause: Forcing endless battles is banned
|rule|Species Clause: Limit one of each Pokémon
|rule|OHKO Clause: OHKO moves are banned
|rule|Evasion Items Clause: Evasion items are banned
|rule|Evasion Moves Clause: Evasion moves are banned
|rule|Evasion Abilities Clause: Evasion abilities are banned
|rule|Sleep Moves Clause: Sleep-inducing moves are banned
|clearpoke
|poke|p1|Zapdos|
|poke|p1|Pelipper, M|
|poke|p1|Iron Treads|
|poke|p1|Barraskewda, M|
|poke|p1|Greninja-*, M|
|poke|p1|Azumarill, M|
|poke|p2|Cresselia, F|
|poke|p2|Hatterene, F|
|poke|p2|Iron Hands|
|poke|p2|Ursaluna, F|
|poke|p2|Torkoal, F|
|poke|p2|Scream Tail|
|teampreview
|inactive|Battle timer is ON: inactive players will automatically lose when time's up. (requested by LordFueg)
|inactive|wsnid also wants the timer to be on.
|
|t:|1758949244
|teamsize|p1|6
|teamsize|p2|6
|start
|switch|p1a: Iron Treads|Iron Treads|100/100
|switch|p2a: Scream Tail|Scream Tail|100/100
|-enditem|p1a: Iron Treads|Booster Energy
|-activate|p1a: Iron Treads|ability: Quark Drive|[fromitem]
|-start|p1a: Iron Treads|quarkdrivespe
|turn|1
|
|t:|1758949254
|-end|p2a: Scream Tail|Protosynthesis|[silent]
|switch|p2a: Hatterene|Hatterene, F|100/100
|move|p1a: Iron Treads|Iron Head|p2a: Hatterene
|-supereffective|p2a: Hatterene
|-damage|p2a: Hatterene|23/100
|
|upkeep
|turn|2
|
|t:|1758949260
|move|p1a: Iron Treads|Iron Head|p2a: Hatterene
|-supereffective|p2a: Hatterene
|-damage|p2a: Hatterene|0 fnt
|faint|p2a: Hatterene
|
|upkeep
|
|t:|1758949269
|switch|p2a: Ursaluna|Ursaluna, F|100/100
|turn|3
|
|t:|1758949273
|move|p1a: Iron Treads|Stealth Rock|p2a: Ursaluna
|-sidestart|p2: LordFueg|move: Stealth Rock
|move|p2a: Ursaluna|Headlong Rush|p1a: Iron Treads
|-supereffective|p1a: Iron Treads
|-damage|p1a: Iron Treads|0 fnt
|-unboost|p2a: Ursaluna|def|1
|-unboost|p2a: Ursaluna|spd|1
|faint|p1a: Iron Treads
|-end|p1a: Iron Treads|Quark Drive|[silent]
|
|-status|p2a: Ursaluna|brn|[from] item: Flame Orb
|upkeep
|
|t:|1758949283
|switch|p1a: Barraskewda|Barraskewda, M|100/100
|turn|4
|
|t:|1758949296
|switch|p2a: Scream Tail|Scream Tail|100/100
|-damage|p2a: Scream Tail|88/100|[from] Stealth Rock
|move|p1a: Barraskewda|Flip Turn|p2a: Scream Tail
|-crit|p2a: Scream Tail
|-damage|p2a: Scream Tail|32/100
|
|t:|1758949305
|switch|p1a: Zapdos|Zapdos|100/100|[from] Flip Turn
|
|upkeep
|turn|5
|
|t:|1758949311
|move|p1a: Zapdos|Thunderbolt|p2a: Scream Tail
|-damage|p2a: Scream Tail|2/100
|move|p2a: Scream Tail|Trick Room|p2a: Scream Tail
|-fieldstart|move: Trick Room|[of] p2a: Scream Tail
|
|upkeep
|turn|6
|
|t:|1758949323
|move|p2a: Scream Tail|Stealth Rock|p1a: Zapdos
|-sidestart|p1: wsnid|move: Stealth Rock
|move|p1a: Zapdos|Hurricane|p2a: Scream Tail|[miss]
|-miss|p1a: Zapdos|p2a: Scream Tail
|
|upkeep
|turn|7
|
|t:|1758949331
|move|p2a: Scream Tail|Misty Explosion|p1a: Zapdos
|-damage|p1a: Zapdos|79/100
|faint|p2a: Scream Tail
|-end|p2a: Scream Tail|Protosynthesis|[silent]
|move|p1a: Zapdos|Hurricane|p2: Scream Tail|[notarget]
|-fail|p1a: Zapdos
|
|upkeep
|
|t:|1758949345
|switch|p2a: Ursaluna|Ursaluna, F|100/100 brn
|-damage|p2a: Ursaluna|94/100 brn|[from] Stealth Rock
|turn|8
|
|t:|1758949351
|move|p2a: Ursaluna|Facade|p1a: Zapdos
|-damage|p1a: Zapdos|0 fnt
|-damage|p2a: Ursaluna|78/100 brn|[from] item: Rocky Helmet|[of] p1a: Zapdos
|faint|p1a: Zapdos
|
|-damage|p2a: Ursaluna|71/100 brn|[from] brn
|upkeep
|
|t:|1758949360
|switch|p1a: Azumarill|Azumarill, M|100/100
|-damage|p1a: Azumarill|88/100|[from] Stealth Rock
|turn|9
|
|t:|1758949373
|-terastallize|p2a: Ursaluna|Normal
|move|p1a: Azumarill|Aqua Jet|p2a: Ursaluna
|-damage|p2a: Ursaluna|47/100 brn
|move|p2a: Ursaluna|Facade|p1a: Azumarill
|-damage|p1a: Azumarill|0 fnt
|faint|p1a: Azumarill
|
|-damage|p2a: Ursaluna|40/100 brn|[from] brn
|-fieldend|move: Trick Room
|upkeep
|
|t:|1758949383
|switch|p1a: Barraskewda|Barraskewda, M|100/100
|-damage|p1a: Barraskewda|88/100|[from] Stealth Rock
|turn|10
|
|t:|1758949391
|switch|p2a: Torkoal|Torkoal, F|100/100
|-damage|p2a: Torkoal|76/100|[from] Stealth Rock
|-weather|SunnyDay|[from] ability: Drought|[of] p2a: Torkoal
|move|p1a: Barraskewda|Liquidation|p2a: Torkoal
|-supereffective|p2a: Torkoal
|-damage|p2a: Torkoal|23/100
|
|-weather|SunnyDay|[upkeep]
|upkeep
|turn|11
|
|t:|1758949402
|move|p1a: Barraskewda|Liquidation|p2a: Torkoal
|-supereffective|p2a: Torkoal
|-damage|p2a: Torkoal|0 fnt
|faint|p2a: Torkoal
|
|-weather|SunnyDay|[upkeep]
|upkeep
|
|t:|1758949404
|switch|p2a: Cresselia|Cresselia, F|100/100
|-damage|p2a: Cresselia|88/100|[from] Stealth Rock
|turn|12
|
|t:|1758949414
|-terastallize|p1a: Barraskewda|Water
|move|p1a: Barraskewda|Liquidation|p2a: Cresselia
|-damage|p2a: Cresselia|63/100
|move|p2a: Cresselia|Trick Room|p2a: Cresselia
|-fieldstart|move: Trick Room|[of] p2a: Cresselia
|
|-weather|SunnyDay|[upkeep]
|upkeep
|turn|13
|
|t:|1758949440
|switch|p1a: Pelipper|Pelipper, M|100/100
|-damage|p1a: Pelipper|76/100|[from] Stealth Rock
|-weather|RainDance|[from] ability: Drizzle|[of] p1a: Pelipper
|move|p2a: Cresselia|Lunar Dance|p2a: Cresselia
|faint|p2a: Cresselia
|
|-weather|RainDance|[upkeep]
|upkeep
|
|t:|1758949444
|switch|p2a: Iron Hands|Iron Hands|100/100
|-damage|p2a: Iron Hands|94/100|[from] Stealth Rock
|-enditem|p2a: Iron Hands|Booster Energy
|-activate|p2a: Iron Hands|ability: Quark Drive|[fromitem]
|-start|p2a: Iron Hands|quarkdriveatk
|turn|14
|
|t:|1758949456
|move|p2a: Iron Hands|Supercell Slam|p1a: Pelipper
|-supereffective|p1a: Pelipper
|-damage|p1a: Pelipper|0 fnt
|faint|p1a: Pelipper
|
|-weather|RainDance|[upkeep]
|upkeep
|
|t:|1758949464
|switch|p1a: Greninja|Greninja, M|100/100
|-damage|p1a: Greninja|88/100|[from] Stealth Rock
|turn|15
|
|t:|1758949469
|move|p1a: Greninja|Water Shuriken|p2a: Iron Hands
|-damage|p2a: Iron Hands|83/100
|-damage|p2a: Iron Hands|71/100
|-hitcount|p2a: Iron Hands|2
|-damage|p1a: Greninja|78/100|[from] item: Life Orb
|move|p2a: Iron Hands|Supercell Slam|p1a: Greninja
|-supereffective|p1a: Greninja
|-damage|p1a: Greninja|0 fnt
|faint|p1a: Greninja
|
|-weather|RainDance|[upkeep]
|upkeep
|
|t:|1758949476
|switch|p1a: Barraskewda|Barraskewda, M, tera:Water|88/100
|-damage|p1a: Barraskewda|76/100|[from] Stealth Rock
|turn|16
|
|t:|1758949481
|move|p2a: Iron Hands|Close Combat|p1a: Barraskewda
|-damage|p1a: Barraskewda|0 fnt
|-unboost|p2a: Iron Hands|def|1
|-unboost|p2a: Iron Hands|spd|1
|faint|p1a: Barraskewda
|
|win|LordFueg
|raw|wsnid's rating: 1369 &rarr; <strong>1350</strong><br />(-19 for losing)
|raw|LordFueg's rating: 1389 &rarr; <strong>1408</strong><br />(+19 for winning)
|l|☆LordFueg
|player|p2|
|l|☆wsnid
|player|p1|
