|j|☆sailormooo
|j|☆maquinatotal
|t:|1758941294
|gametype|singles
|player|p1|sailormooo|whitney-gen2|1148
|player|p2|maquinatotal|lady|1175
|gen|9
|tier|[Gen 9] OU
|rated|
|rule|HP Percentage Mod: HP is shown in percentages
|rule|Endless Battle Clause: Forcing endless battles is banned
|rule|Species Clause: Limit one of each Pokémon
|rule|OHKO Clause: OHKO moves are banned
|rule|Evasion Items Clause: Evasion items are banned
|rule|Evasion Moves Clause: Evasion moves are banned
|rule|Evasion Abilities Clause: Evasion abilities are banned
|rule|Sleep Moves Clause: Sleep-inducing moves are banned
|clearpoke
|poke|p1|Pawmot, F|
|poke|p1|Rotom-Wash|
|poke|p1|Toxtricity-Low-Key, F|
|poke|p1|Raichu-Alola, F|
|poke|p1|Zapdos|
|poke|p1|Sandy Shocks|
|poke|p2|Delphox, M|
|poke|p2|Hawlucha, M|
|poke|p2|Raichu, M|
|poke|p2|Dragonite, M|
|poke|p2|Chesnaught, F|
|poke|p2|Greninja-*, M|
|teampreview
|inactive|Battle timer is ON: inactive players will automatically lose when time's up. (requested by sailormooo)
|inactive|maquinatotal has 120 seconds left.
|
|t:|1758941331
|teamsize|p1|6
|teamsize|p2|6
|start
|switch|p1a: Zapdos|Zapdos|100/100
|switch|p2a: Chesnaught|Chesnaught, F|100/100
|-ability|p1a: Zapdos|Pressure
|turn|1
|
|t:|1758941340
|move|p1a: Zapdos|Thunder Wave|p2a: Chesnaught
|-status|p2a: Chesnaught|par
|move|p2a: Chesnaught|Knock Off|p1a: Zapdos
|-damage|p1a: Zapdos|78/100
|-enditem|p1a: Zapdos|Wide Lens|[from] move: Knock Off|[of] p2a: Chesnaught
|
|upkeep
|turn|2
|
|t:|1758941350
|move|p1a: Zapdos|Hurricane|p2a: Chesnaught|[miss]
|-miss|p1a: Zapdos|p2a: Chesnaught
|cant|p2a: Chesnaught|par
|
|upkeep
|turn|3
|
|t:|1758941363
|switch|p2a: Delphox|Delphox, M|100/100
|move|p1a: Zapdos|Hurricane|p2a: Delphox|[miss]
|-miss|p1a: Zapdos|p2a: Delphox
|
|upkeep
|turn|4
|
|t:|1758941373
|move|p2a: Delphox|Nasty Plot|p2a: Delphox
|-boost|p2a: Delphox|spa|2
|move|p1a: Zapdos|Thunder Wave|p2a: Delphox
|-status|p2a: Delphox|par
|
|upkeep
|turn|5
|
|t:|1758941381
|move|p1a: Zapdos|Thunder|p2a: Delphox|[miss]
|-miss|p1a: Zapdos|p2a: Delphox
|move|p2a: Delphox|Fire Blast|p1a: Zapdos
|-damage|p1a: Zapdos|0 fnt
|faint|p1a: Zapdos
|
|upkeep
|
|t:|1758941386
|switch|p1a: Sandy Shocks|Sandy Shocks, shiny|100/100
|-enditem|p1a: Sandy Shocks|Booster Energy
|-activate|p1a: Sandy Shocks|ability: Protosynthesis|[fromitem]
|-start|p1a: Sandy Shocks|protosynthesisspa
|turn|6
|
|t:|1758941403
|-terastallize|p2a: Delphox|Fairy
|move|p1a: Sandy Shocks|Power Gem|p2a: Delphox
|-damage|p2a: Delphox|59/100 par
|move|p2a: Delphox|Fire Blast|p1a: Sandy Shocks
|-damage|p1a: Sandy Shocks|0 fnt
|faint|p1a: Sandy Shocks
|-end|p1a: Sandy Shocks|Protosynthesis|[silent]
|
|upkeep
|
|t:|1758941413
|switch|p1a: Toxtricity|Toxtricity-Low-Key, F, shiny|100/100
|turn|7
|
|t:|1758941427
|move|p1a: Toxtricity|Acid Spray|p2a: Delphox
|-supereffective|p2a: Delphox
|-damage|p2a: Delphox|11/100 par
|-unboost|p2a: Delphox|spd|2
|move|p2a: Delphox|Psyshock|p1a: Toxtricity
|-supereffective|p1a: Toxtricity
|-damage|p1a: Toxtricity|0 fnt
|faint|p1a: Toxtricity
|
|upkeep
|
|t:|1758941432
|switch|p1a: Pawmot|Pawmot, F, shiny|100/100
|turn|8
|
|t:|1758941442
|switch|p2a: Raichu|Raichu, M|100/100
|move|p1a: Pawmot|Thunder Punch|p2a: Raichu
|-ability|p2a: Raichu|Lightning Rod|boost
|-boost|p2a: Raichu|spa|1
|
|upkeep
|turn|9
|
|t:|1758941452
|move|p2a: Raichu|Surf|p1a: Pawmot
|-damage|p1a: Pawmot|31/100
|move|p1a: Pawmot|Ice Punch|p2a: Raichu
|-damage|p2a: Raichu|28/100
|
|upkeep
|turn|10
|
|t:|1758941460
|move|p2a: Raichu|Surf|p1a: Pawmot
|-damage|p1a: Pawmot|0 fnt
|faint|p1a: Pawmot
|
|upkeep
|
|t:|1758941463
|switch|p1a: Rotom|Rotom-Wash, shiny|100/100
|turn|11
|
|t:|1758941469
|switch|p2a: Delphox|Delphox, M, tera:Fairy|11/100 par
|move|p1a: Rotom|Hydro Pump|p2a: Delphox
|-damage|p2a: Delphox|0 fnt
|faint|p2a: Delphox
|
|upkeep
|-message|sailormooo forfeited.
|
|win|maquinatotal
|raw|sailormooo's rating: 1148 &rarr; <strong>1125</strong><br />(-23 for losing)
|raw|maquinatotal's rating: 1175 &rarr; <strong>1198</strong><br />(+23 for winning)
|l|☆sailormooo
|player|p1|
|l|☆maquinatotal
|player|p2|
