|j|☆Herris456
|j|☆Gible808
|t:|1758920745
|gametype|singles
|player|p1|Herris456|pryce|1565
|player|p2|Gible808|2|1561
|gen|9
|tier|[Gen 9] OU
|rated|
|rule|HP Percentage Mod: HP is shown in percentages
|rule|Endless Battle Clause: Forcing endless battles is banned
|rule|Species Clause: Limit one of each Pokémon
|rule|OHKO Clause: OHKO moves are banned
|rule|Evasion Items Clause: Evasion items are banned
|rule|Evasion Moves Clause: Evasion moves are banned
|rule|Evasion Abilities Clause: Evasion abilities are banned
|rule|Sleep Moves Clause: Sleep-inducing moves are banned
|clearpoke
|poke|p1|Kyurem|
|poke|p1|Slowking-Galar, F|
|poke|p1|Cinderace, M|
|poke|p1|Ting-Lu|
|poke|p1|Corviknight, M|
|poke|p1|Dragapult, F|
|poke|p2|Cinderace, F|
|poke|p2|Tinkaton, F|
|poke|p2|Great Tusk|
|poke|p2|Dragapult, M|
|poke|p2|Muk-Alola, M|
|poke|p2|Alomomola, M|
|teampreview
|
|t:|1758920773
|teamsize|p1|6
|teamsize|p2|6
|start
|switch|p1a: Slowking|Slowking-Galar, F, shiny|100/100
|switch|p2a: Cinderace|Cinderace, F|100/100
|turn|1
|
|t:|1758920780
|move|p2a: Cinderace|Pyro Ball|p1a: Slowking
|-damage|p1a: Slowking|40/100
|-prepare|p1a: Slowking|Chilly Reception|[premajor]
|move|p1a: Slowking|Chilly Reception|p1a: Slowking
|-weather|Snowscape
|inactive|Battle timer is ON: inactive players will automatically lose when time's up. (requested by Gible808)
|
|t:|1758920797
|switch|p1a: Dragapult|Dragapult, F|100/100|[from] Chilly Reception
|
|-weather|Snowscape|[upkeep]
|upkeep
|turn|2
|
|t:|1758920805
|move|p2a: Cinderace|Sucker Punch|p1a: Dragapult
|-start|p2a: Cinderace|typechange|Dark|[from] ability: Libero
|-supereffective|p1a: Dragapult
|-damage|p1a: Dragapult|13/100
|move|p1a: Dragapult|Shadow Ball|p2a: Cinderace
|-resisted|p2a: Cinderace
|-damage|p2a: Cinderace|68/100
|-damage|p1a: Dragapult|3/100|[from] item: Life Orb
|
|-weather|Snowscape|[upkeep]
|upkeep
|turn|3
|
|t:|1758920811
|switch|p1a: Corviknight|Corviknight, M|100/100
|-ability|p1a: Corviknight|Pressure
|move|p2a: Cinderace|Will-O-Wisp|p1a: Corviknight|[miss]
|-miss|p2a: Cinderace|p1a: Corviknight
|
|-weather|Snowscape|[upkeep]
|upkeep
|turn|4
|
|t:|1758920819
|switch|p2a: Tinkaton|Tinkaton, F|100/100
|-item|p2a: Tinkaton|Air Balloon
|move|p1a: Corviknight|Body Press|p2a: Tinkaton
|-damage|p2a: Tinkaton|68/100
|-enditem|p2a: Tinkaton|Air Balloon
|-enditem|p1a: Corviknight|Rocky Helmet|[silent]|[from] ability: Pickpocket|[of] p1a: Corviknight
|-item|p2a: Tinkaton|Rocky Helmet|[from] ability: Pickpocket|[of] p1a: Corviknight
|
|-weather|Snowscape|[upkeep]
|upkeep
|turn|5
|
|t:|1758920823
|move|p2a: Tinkaton|Stealth Rock|p1a: Corviknight
|-sidestart|p1: Herris456|move: Stealth Rock
|move|p1a: Corviknight|U-turn|p2a: Tinkaton
|-resisted|p2a: Tinkaton
|-damage|p2a: Tinkaton|63/100
|-damage|p1a: Corviknight|84/100|[from] item: Rocky Helmet|[of] p2a: Tinkaton
|
|t:|1758920827
|switch|p1a: Cinderace|Cinderace, M|100/100|[from] U-turn
|
|-weather|none
|upkeep
|turn|6
|
|t:|1758920834
|switch|p2a: Alomomola|Alomomola, M|100/100
|move|p1a: Cinderace|Will-O-Wisp|p2a: Alomomola|[miss]
|-miss|p1a: Cinderace|p2a: Alomomola
|
|upkeep
|turn|7
|
|t:|1758920839
|move|p1a: Cinderace|Court Change|p1a: Cinderace
|-swapsideconditions
|-activate|p1a: Cinderace|move: Court Change
|move|p2a: Alomomola|Body Slam|p1a: Cinderace
|-damage|p1a: Cinderace|83/100
|
|upkeep
|turn|8
|
|t:|1758920843
|move|p1a: Cinderace|Will-O-Wisp|p2a: Alomomola
|-status|p2a: Alomomola|brn
|move|p2a: Alomomola|Flip Turn|p1a: Cinderace
|-supereffective|p1a: Cinderace
|-damage|p1a: Cinderace|62/100
|
|t:|1758920856
|switch|p2a: Dragapult|Dragapult, M|100/100|[from] Flip Turn
|-damage|p2a: Dragapult|88/100|[from] Stealth Rock
|
|upkeep
|turn|9
|
|t:|1758920863
|switch|p2a: Alomomola|Alomomola, M|100/100 brn
|-damage|p2a: Alomomola|88/100 brn|[from] Stealth Rock
|switch|p1a: Ting-Lu|Ting-Lu|100/100
|-ability|p1a: Ting-Lu|Vessel of Ruin
|
|-damage|p2a: Alomomola|82/100 brn|[from] brn
|upkeep
|turn|10
|
|t:|1758920868
|move|p2a: Alomomola|Body Slam|p1a: Ting-Lu
|-crit|p1a: Ting-Lu
|-damage|p1a: Ting-Lu|95/100
|move|p1a: Ting-Lu|Ruination|p2a: Alomomola
|-damage|p2a: Alomomola|41/100 brn
|
|-heal|p1a: Ting-Lu|100/100|[from] item: Leftovers
|-damage|p2a: Alomomola|35/100 brn|[from] brn
|upkeep
|turn|11
|
|t:|1758920879
|move|p2a: Alomomola|Flip Turn|p1a: Ting-Lu
|-supereffective|p1a: Ting-Lu
|-damage|p1a: Ting-Lu|94/100
|inactive|Gible808 has 120 seconds left.
|inactive|Gible808 has 90 seconds left.
|
|t:|1758920959
|switch|p2a: Tinkaton|Tinkaton, F|63/100|[from] Flip Turn
|-damage|p2a: Tinkaton|57/100|[from] Stealth Rock
|move|p1a: Ting-Lu|Earthquake|p2a: Tinkaton
|-supereffective|p2a: Tinkaton
|-damage|p2a: Tinkaton|0 fnt
|faint|p2a: Tinkaton
|
|-heal|p1a: Ting-Lu|99/100|[from] item: Leftovers
|upkeep
|
|t:|1758920966
|switch|p2a: Great Tusk|Great Tusk|100/100
|turn|12
|
|t:|1758920973
|switch|p1a: Corviknight|Corviknight, M|84/100
|-ability|p1a: Corviknight|Pressure
|move|p2a: Great Tusk|Rapid Spin|p1a: Corviknight
|-resisted|p1a: Corviknight
|-crit|p1a: Corviknight
|-damage|p1a: Corviknight|75/100
|-boost|p2a: Great Tusk|spe|1
|-sideend|p2: Gible808|Stealth Rock|[from] move: Rapid Spin|[of] p2a: Great Tusk
|
|upkeep
|turn|13
|
|t:|1758920981
|move|p2a: Great Tusk|Bulk Up|p2a: Great Tusk
|-boost|p2a: Great Tusk|atk|1
|-boost|p2a: Great Tusk|def|1
|move|p1a: Corviknight|U-turn|p2a: Great Tusk
|-resisted|p2a: Great Tusk
|-damage|p2a: Great Tusk|97/100
|
|t:|1758920990
|switch|p1a: Dragapult|Dragapult, F|3/100|[from] U-turn
|
|upkeep
|turn|14
|
|t:|1758920994
|move|p2a: Great Tusk|Ice Spinner|p1a: Dragapult
|-supereffective|p1a: Dragapult
|-damage|p1a: Dragapult|0 fnt
|faint|p1a: Dragapult
|
|upkeep
|
|t:|1758921000
|switch|p1a: Kyurem|Kyurem|100/100
|-ability|p1a: Kyurem|Pressure
|turn|15
|inactive|Gible808 has 120 seconds left.
|
|t:|1758921019
|-end|p2a: Great Tusk|Protosynthesis|[silent]
|switch|p2a: Muk|Muk-Alola, M|100/100
|-terastallize|p1a: Kyurem|Ground
|move|p1a: Kyurem|Draco Meteor|p2a: Muk|[miss]
|-miss|p1a: Kyurem|p2a: Muk
|
|upkeep
|turn|16
|
|t:|1758921028
|switch|p1a: Slowking|Slowking-Galar, F, shiny|73/100
|move|p2a: Muk|Knock Off|p1a: Slowking
|-supereffective|p1a: Slowking
|-damage|p1a: Slowking|0 fnt
|-enditem|p1a: Slowking|Heavy-Duty Boots|[from] move: Knock Off|[of] p2a: Muk
|faint|p1a: Slowking
|
|upkeep
|
|t:|1758921036
|switch|p1a: Cinderace|Cinderace, M|62/100
|turn|17
|
|t:|1758921039
|switch|p2a: Alomomola|Alomomola, M|68/100 brn
|move|p1a: Cinderace|U-turn|p2a: Alomomola
|-damage|p2a: Alomomola|58/100 brn
|-damage|p1a: Cinderace|46/100|[from] item: Rocky Helmet|[of] p2a: Alomomola
|
|t:|1758921043
|switch|p1a: Kyurem|Kyurem, tera:Ground|100/100|[from] U-turn
|-ability|p1a: Kyurem|Pressure
|
|-damage|p2a: Alomomola|52/100 brn|[from] brn
|upkeep
|turn|18
|
|t:|1758921055
|switch|p2a: Muk|Muk-Alola, M|100/100
|move|p1a: Kyurem|Freeze-Dry|p2a: Muk
|-damage|p2a: Muk|72/100
|
|upkeep
|turn|19
|
|t:|1758921061
|switch|p1a: Corviknight|Corviknight, M|75/100
|-ability|p1a: Corviknight|Pressure
|move|p2a: Muk|Drain Punch|p1a: Corviknight
|-damage|p1a: Corviknight|61/100
|-heal|p2a: Muk|79/100|[from] drain|[of] p1a: Corviknight
|
|upkeep
|turn|20
|
|t:|1758921071
|switch|p2a: Alomomola|Alomomola, M|86/100 brn
|move|p1a: Corviknight|Roost|p1a: Corviknight
|-heal|p1a: Corviknight|100/100
|-singleturn|p1a: Corviknight|move: Roost
|
|-damage|p2a: Alomomola|79/100 brn|[from] brn
|upkeep
|turn|21
|
|t:|1758921075
|move|p1a: Corviknight|Body Press|p2a: Alomomola
|-damage|p2a: Alomomola|66/100 brn
|-damage|p1a: Corviknight|84/100|[from] item: Rocky Helmet|[of] p2a: Alomomola
|move|p2a: Alomomola|Flip Turn|p1a: Corviknight
|-damage|p1a: Corviknight|79/100
|
|t:|1758921084
|switch|p2a: Cinderace|Cinderace, F|68/100|[from] Flip Turn
|
|upkeep
|turn|22
|
|t:|1758921091
|switch|p1a: Cinderace|Cinderace, M|46/100
|move|p2a: Cinderace|U-turn|p1a: Cinderace
|-start|p2a: Cinderace|typechange|Bug|[from] ability: Libero
|-resisted|p1a: Cinderace
|-damage|p1a: Cinderace|25/100
|
|t:|1758921094
|switch|p2a: Alomomola|Alomomola, M|99/100 brn|[from] U-turn
|
|-damage|p2a: Alomomola|93/100 brn|[from] brn
|upkeep
|turn|23
|
|t:|1758921097
|move|p1a: Cinderace|U-turn|p2a: Alomomola
|-damage|p2a: Alomomola|83/100 brn
|-damage|p1a: Cinderace|9/100|[from] item: Rocky Helmet|[of] p2a: Alomomola
|
|t:|1758921100
|switch|p1a: Ting-Lu|Ting-Lu|99/100|[from] U-turn
|-ability|p1a: Ting-Lu|Vessel of Ruin
|move|p2a: Alomomola|Flip Turn|p1a: Ting-Lu
|-supereffective|p1a: Ting-Lu
|-damage|p1a: Ting-Lu|92/100
|
|t:|1758921105
|switch|p2a: Great Tusk|Great Tusk|97/100|[from] Flip Turn
|
|-heal|p1a: Ting-Lu|99/100|[from] item: Leftovers
|upkeep
|turn|24
|
|t:|1758921111
|move|p2a: Great Tusk|Ice Spinner|p1a: Ting-Lu
|-supereffective|p1a: Ting-Lu
|-damage|p1a: Ting-Lu|74/100
|move|p1a: Ting-Lu|Ruination|p2a: Great Tusk
|-damage|p2a: Great Tusk|49/100
|
|-heal|p1a: Ting-Lu|81/100|[from] item: Leftovers
|upkeep
|turn|25
|
|t:|1758921116
|move|p2a: Great Tusk|Ice Spinner|p1a: Ting-Lu
|-supereffective|p1a: Ting-Lu
|-damage|p1a: Ting-Lu|58/100
|move|p1a: Ting-Lu|Ruination|p2a: Great Tusk
|-damage|p2a: Great Tusk|25/100
|
|-heal|p1a: Ting-Lu|64/100|[from] item: Leftovers
|upkeep
|turn|26
|
|t:|1758921126
|-end|p2a: Great Tusk|Protosynthesis|[silent]
|switch|p2a: Alomomola|Alomomola, M|100/100 brn
|move|p1a: Ting-Lu|Earthquake|p2a: Alomomola
|-damage|p2a: Alomomola|81/100 brn
|
|-heal|p1a: Ting-Lu|70/100|[from] item: Leftovers
|-damage|p2a: Alomomola|75/100 brn|[from] brn
|upkeep
|turn|27
|
|t:|1758921130
|move|p2a: Alomomola|Wish|p2a: Alomomola
|move|p1a: Ting-Lu|Ruination|p2a: Alomomola
|-damage|p2a: Alomomola|38/100 brn
|
|-heal|p1a: Ting-Lu|76/100|[from] item: Leftovers
|-damage|p2a: Alomomola|32/100 brn|[from] brn
|upkeep
|turn|28
|
|t:|1758921133
|move|p2a: Alomomola|Flip Turn|p1a: Ting-Lu
|-supereffective|p1a: Ting-Lu
|-damage|p1a: Ting-Lu|69/100
|
|t:|1758921135
|switch|p2a: Great Tusk|Great Tusk|25/100|[from] Flip Turn
|move|p1a: Ting-Lu|Earthquake|p2a: Great Tusk
|-damage|p2a: Great Tusk|0 fnt
|faint|p2a: Great Tusk
|-end|p2a: Great Tusk|Protosynthesis|[silent]
|
|-heal|p1a: Ting-Lu|76/100|[from] item: Leftovers
|upkeep
|
|t:|1758921140
|switch|p2a: Dragapult|Dragapult, M|88/100
|turn|29
|
|t:|1758921146
|switch|p1a: Corviknight|Corviknight, M|79/100
|-ability|p1a: Corviknight|Pressure
|move|p2a: Dragapult|Draco Meteor|p1a: Corviknight
|-resisted|p1a: Corviknight
|-damage|p1a: Corviknight|39/100
|-unboost|p2a: Dragapult|spa|2
|
|upkeep
|turn|30
|
|t:|1758921149
|switch|p2a: Alomomola|Alomomola, M|65/100 brn
|move|p1a: Corviknight|Roost|p1a: Corviknight
|-heal|p1a: Corviknight|89/100
|-singleturn|p1a: Corviknight|move: Roost
|
|-damage|p2a: Alomomola|59/100 brn|[from] brn
|upkeep
|turn|31
|
|t:|1758921153
|move|p1a: Corviknight|Body Press|p2a: Alomomola
|-damage|p2a: Alomomola|45/100 brn
|-damage|p1a: Corviknight|72/100|[from] item: Rocky Helmet|[of] p2a: Alomomola
|move|p2a: Alomomola|Flip Turn|p1a: Corviknight
|-damage|p1a: Corviknight|67/100
|
|t:|1758921158
|switch|p2a: Dragapult|Dragapult, M|88/100|[from] Flip Turn
|
|upkeep
|turn|32
|
|t:|1758921166
|-terastallize|p2a: Dragapult|Ghost
|move|p2a: Dragapult|Shadow Ball|p1a: Corviknight
|-damage|p1a: Corviknight|3/100
|move|p1a: Corviknight|Roost|p1a: Corviknight
|-heal|p1a: Corviknight|53/100
|-singleturn|p1a: Corviknight|move: Roost
|
|upkeep
|turn|33
|
|t:|1758921174
|switch|p1a: Ting-Lu|Ting-Lu|76/100
|-ability|p1a: Ting-Lu|Vessel of Ruin
|move|p2a: Dragapult|Shadow Ball|p1a: Ting-Lu
|-resisted|p1a: Ting-Lu
|-damage|p1a: Ting-Lu|56/100
|
|-heal|p1a: Ting-Lu|62/100|[from] item: Leftovers
|upkeep
|turn|34
|
|t:|1758921178
|switch|p2a: Alomomola|Alomomola, M|78/100 brn
|move|p1a: Ting-Lu|Ruination|p2a: Alomomola
|-damage|p2a: Alomomola|39/100 brn
|
|-heal|p1a: Ting-Lu|68/100|[from] item: Leftovers
|-damage|p2a: Alomomola|33/100 brn|[from] brn
|upkeep
|turn|35
|
|t:|1758921183
|move|p2a: Alomomola|Flip Turn|p1a: Ting-Lu
|-supereffective|p1a: Ting-Lu
|-damage|p1a: Ting-Lu|60/100
|
|t:|1758921186
|switch|p2a: Muk|Muk-Alola, M|79/100|[from] Flip Turn
|move|p1a: Ting-Lu|Earthquake|p2a: Muk
|-supereffective|p2a: Muk
|-damage|p2a: Muk|4/100
|
|-heal|p1a: Ting-Lu|66/100|[from] item: Leftovers
|upkeep
|turn|36
|
|t:|1758921193
|switch|p1a: Cinderace|Cinderace, M|9/100
|move|p2a: Muk|Drain Punch|p1a: Cinderace
|-damage|p1a: Cinderace|0 fnt
|-heal|p2a: Muk|8/100|[from] drain|[of] p1a: Cinderace
|faint|p1a: Cinderace
|
|upkeep
|
|t:|1758921200
|switch|p1a: Kyurem|Kyurem, tera:Ground|100/100
|-ability|p1a: Kyurem|Pressure
|turn|37
|
|t:|1758921205
|move|p1a: Kyurem|Freeze-Dry|p2a: Muk
|-damage|p2a: Muk|0 fnt
|faint|p2a: Muk
|
|upkeep
|
|t:|1758921209
|switch|p2a: Dragapult|Dragapult, M, tera:Ghost|88/100
|turn|38
|
|t:|1758921213
|switch|p1a: Ting-Lu|Ting-Lu|66/100
|-ability|p1a: Ting-Lu|Vessel of Ruin
|move|p2a: Dragapult|Draco Meteor|p1a: Ting-Lu
|-damage|p1a: Ting-Lu|19/100
|-unboost|p2a: Dragapult|spa|2
|
|-heal|p1a: Ting-Lu|25/100|[from] item: Leftovers
|upkeep
|turn|39
|
|t:|1758921222
|switch|p2a: Alomomola|Alomomola, M|66/100 brn
|move|p1a: Ting-Lu|Rest|p1a: Ting-Lu
|-status|p1a: Ting-Lu|slp|[from] move: Rest
|-heal|p1a: Ting-Lu|100/100 slp|[silent]
|
|-damage|p2a: Alomomola|60/100 brn|[from] brn
|upkeep
|turn|40
|
|t:|1758921227
|move|p2a: Alomomola|Wish|p2a: Alomomola
|cant|p1a: Ting-Lu|slp
|move|p1a: Ting-Lu|Sleep Talk|p1a: Ting-Lu
|move|p1a: Ting-Lu|Rest||[from] move: Sleep Talk|[still]
|-fail|p1a: Ting-Lu
|
|-damage|p2a: Alomomola|54/100 brn|[from] brn
|upkeep
|turn|41
|
|t:|1758921233
|move|p2a: Alomomola|Tickle|p1a: Ting-Lu
|-unboost|p1a: Ting-Lu|atk|1
|-unboost|p1a: Ting-Lu|def|1
|cant|p1a: Ting-Lu|slp
|move|p1a: Ting-Lu|Sleep Talk|p1a: Ting-Lu
|move|p1a: Ting-Lu|Earthquake|p2a: Alomomola|[from] move: Sleep Talk
|-damage|p2a: Alomomola|41/100 brn
|
|-heal|p2a: Alomomola|91/100 brn|[from] move: Wish|[wisher] Alomomola
|-damage|p2a: Alomomola|85/100 brn|[from] brn
|upkeep
|turn|42
|
|t:|1758921237
|move|p2a: Alomomola|Wish|p2a: Alomomola
|-curestatus|p1a: Ting-Lu|slp|[msg]
|move|p1a: Ting-Lu|Ruination|p2a: Alomomola
|-damage|p2a: Alomomola|43/100 brn
|
|-damage|p2a: Alomomola|36/100 brn|[from] brn
|upkeep
|turn|43
|
|t:|1758921247
|move|p2a: Alomomola|Flip Turn|p1a: Ting-Lu
|-supereffective|p1a: Ting-Lu
|-damage|p1a: Ting-Lu|89/100
|
|t:|1758921249
|switch|p2a: Cinderace|Cinderace, F|68/100|[from] Flip Turn
|move|p1a: Ting-Lu|Earthquake|p2a: Cinderace
|-supereffective|p2a: Cinderace
|-damage|p2a: Cinderace|0 fnt
|faint|p2a: Cinderace
|
|-heal|p1a: Ting-Lu|95/100|[from] item: Leftovers
|upkeep
|
|t:|1758921251
|switch|p2a: Dragapult|Dragapult, M, tera:Ghost|88/100
|turn|44
|
|t:|1758921257
|move|p2a: Dragapult|Dragon Darts|p1a: Ting-Lu
|-damage|p1a: Ting-Lu|84/100
|-anim|p2a: Dragapult|Dragon Darts|p1a: Ting-Lu
|-damage|p1a: Ting-Lu|71/100
|move|p1a: Ting-Lu|Ruination|p2a: Dragapult
|-damage|p2a: Dragapult|44/100
|
|-heal|p1a: Ting-Lu|77/100|[from] item: Leftovers
|upkeep
|turn|45
|
|t:|1758921262
|move|p2a: Dragapult|Dragon Darts|p1a: Ting-Lu
|-damage|p1a: Ting-Lu|65/100
|-anim|p2a: Dragapult|Dragon Darts|p1a: Ting-Lu
|-damage|p1a: Ting-Lu|52/100
|move|p1a: Ting-Lu|Ruination|p2a: Dragapult
|-damage|p2a: Dragapult|23/100
|
|-heal|p1a: Ting-Lu|59/100|[from] item: Leftovers
|upkeep
|turn|46
|
|t:|1758921264
|switch|p2a: Alomomola|Alomomola, M|70/100 brn
|move|p1a: Ting-Lu|Earthquake|p2a: Alomomola
|-damage|p2a: Alomomola|57/100 brn
|
|-heal|p1a: Ting-Lu|65/100|[from] item: Leftovers
|-damage|p2a: Alomomola|50/100 brn|[from] brn
|upkeep
|turn|47
|
|t:|1758921266
|move|p2a: Alomomola|Wish|p2a: Alomomola
|move|p1a: Ting-Lu|Ruination|p2a: Alomomola
|-damage|p2a: Alomomola|26/100 brn
|
|-heal|p1a: Ting-Lu|71/100|[from] item: Leftovers
|-damage|p2a: Alomomola|19/100 brn|[from] brn
|upkeep
|turn|48
|
|t:|1758921269
|move|p2a: Alomomola|Flip Turn|p1a: Ting-Lu
|-supereffective|p1a: Ting-Lu
|-damage|p1a: Ting-Lu|61/100
|
|t:|1758921270
|switch|p2a: Dragapult|Dragapult, M, tera:Ghost|23/100|[from] Flip Turn
|move|p1a: Ting-Lu|Earthquake|p2a: Dragapult
|-damage|p2a: Dragapult|0 fnt
|faint|p2a: Dragapult
|
|-heal|p1a: Ting-Lu|67/100|[from] item: Leftovers
|upkeep
|-message|Gible808 forfeited.
|
|win|Herris456
|raw|Herris456's rating: 1565 &rarr; <strong>1585</strong><br />(+20 for winning)
|raw|Gible808's rating: 1561 &rarr; <strong>1541</strong><br />(-20 for losing)
|l|☆Gible808
|player|p2|
