|j|☆kkkkanchor
|j|☆firecharmander004
|t:|1759003263
|gametype|singles
|player|p1|kkkkanchor|acetrainerf-gen4dp|1461
|player|p2|firecharmander004|1|1476
|gen|9
|tier|[Gen 9] OU
|rated|
|rule|HP Percentage Mod: HP is shown in percentages
|rule|Endless Battle Clause: Forcing endless battles is banned
|rule|Species Clause: Limit one of each Pokémon
|rule|OHKO Clause: OHKO moves are banned
|rule|Evasion Items Clause: Evasion items are banned
|rule|Evasion Moves Clause: Evasion moves are banned
|rule|Evasion Abilities Clause: Evasion abilities are banned
|rule|Sleep Moves Clause: Sleep-inducing moves are banned
|clearpoke
|poke|p1|Ogerpon-Wellspring, F|
|poke|p1|Kingambit, F|
|poke|p1|Landorus-Therian, M|
|poke|p1|Glimmora, F|
|poke|p1|Dragapult, F|
|poke|p1|Iron Valiant|
|poke|p2|Ogerpon-Wellspring, F|
|poke|p2|Pecharunt|
|poke|p2|Cinderace, M|
|poke|p2|Iron Crown|
|poke|p2|Landorus-Therian, M|
|poke|p2|Meowscarada, F|
|teampreview
|inactive|Battle timer is ON: inactive players will automatically lose when time's up. (requested by firecharmander004)
|
|t:|1759003271
|teamsize|p1|6
|teamsize|p2|6
|start
|switch|p1a: Glimmora|Glimmora, F|100/100
|switch|p2a: Iron Crown|Iron Crown|100/100
|turn|1
|inactive|kkkkanchor has 120 seconds left.
|
|t:|1759003325
|switch|p1a: Kingambit|Kingambit, F|100/100
|move|p2a: Iron Crown|Tachyon Cutter|p1a: Kingambit
|-resisted|p1a: Kingambit
|-damage|p1a: Kingambit|89/100
|-resisted|p1a: Kingambit
|-damage|p1a: Kingambit|78/100
|-hitcount|p1a: Kingambit|2
|
|-heal|p1a: Kingambit|84/100|[from] item: Leftovers
|upkeep
|turn|2
|
|t:|1759003338
|-end|p2a: Iron Crown|Quark Drive|[silent]
|switch|p2a: Landorus|Landorus-Therian, M, shiny|100/100
|-ability|p2a: Landorus|Intimidate|boost
|-unboost|p1a: Kingambit|atk|1
|-terastallize|p1a: Kingambit|Ghost
|move|p1a: Kingambit|Kowtow Cleave|p2a: Landorus
|-damage|p2a: Landorus|70/100
|-damage|p1a: Kingambit|68/100|[from] item: Rocky Helmet|[of] p2a: Landorus
|
|-heal|p1a: Kingambit|74/100|[from] item: Leftovers
|upkeep
|turn|3
|
|t:|1759003351
|-end|p1a: Kingambit|fallenundefined|[silent]
|switch|p1a: Landorus|Landorus-Therian, M|100/100
|-ability|p1a: Landorus|Intimidate|boost
|-unboost|p2a: Landorus|atk|1
|move|p2a: Landorus|Taunt|p1a: Landorus
|-start|p1a: Landorus|move: Taunt
|
|upkeep
|turn|4
|
|t:|1759003357
|move|p2a: Landorus|Stealth Rock|p1a: Landorus
|-sidestart|p1: kkkkanchor|move: Stealth Rock
|move|p1a: Landorus|U-turn|p2a: Landorus
|-resisted|p2a: Landorus
|-damage|p2a: Landorus|59/100
|-damage|p1a: Landorus|84/100|[from] item: Rocky Helmet|[of] p2a: Landorus
|
|t:|1759003362
|switch|p1a: Ogerpon|Ogerpon-Wellspring, F|100/100|[from] U-turn
|-damage|p1a: Ogerpon|88/100|[from] Stealth Rock
|
|upkeep
|turn|5
|
|t:|1759003392
|switch|p2a: Meowscarada|Meowscarada, F, shiny|100/100
|move|p1a: Ogerpon|Horn Leech|p2a: Meowscarada
|-resisted|p2a: Meowscarada
|-damage|p2a: Meowscarada|68/100
|-heal|p1a: Ogerpon|100/100|[from] drain|[of] p2a: Meowscarada
|
|upkeep
|turn|6
|
|t:|1759003407
|switch|p1a: Landorus|Landorus-Therian, M|84/100
|-damage|p1a: Landorus|72/100|[from] Stealth Rock
|-ability|p1a: Landorus|Intimidate|boost
|-unboost|p2a: Meowscarada|atk|1
|move|p2a: Meowscarada|U-turn|p1a: Landorus
|-start|p2a: Meowscarada|typechange|Bug|[from] ability: Protean
|-resisted|p1a: Landorus
|-damage|p1a: Landorus|62/100
|-damage|p2a: Meowscarada|52/100|[from] item: Rocky Helmet|[of] p1a: Landorus
|
|t:|1759003411
|switch|p2a: Ogerpon|Ogerpon-Wellspring, F|100/100|[from] U-turn
|
|upkeep
|turn|7
|
|t:|1759003418
|switch|p1a: Ogerpon|Ogerpon-Wellspring, F|100/100
|-damage|p1a: Ogerpon|88/100|[from] Stealth Rock
|move|p2a: Ogerpon|Ivy Cudgel|p1a: Ogerpon|[anim] Ivy Cudgel Water
|-heal|p1a: Ogerpon|100/100|[from] ability: Water Absorb|[of] p2a: Ogerpon
|
|upkeep
|turn|8
|
|t:|1759003427
|move|p2a: Ogerpon|Power Whip|p1a: Ogerpon
|-damage|p1a: Ogerpon|7/100
|move|p1a: Ogerpon|Horn Leech|p2a: Ogerpon
|-damage|p2a: Ogerpon|39/100
|-heal|p1a: Ogerpon|38/100|[from] drain|[of] p2a: Ogerpon
|
|upkeep
|turn|9
|inactive|kkkkanchor has 120 seconds left.
|
|t:|1759003440
|switch|p2a: Pecharunt|Pecharunt|100/100
|move|p1a: Ogerpon|Horn Leech|p2a: Pecharunt
|-resisted|p2a: Pecharunt
|-damage|p2a: Pecharunt|91/100
|-heal|p1a: Ogerpon|44/100|[from] drain|[of] p2a: Pecharunt
|
|upkeep
|turn|10
|inactive|kkkkanchor has 120 seconds left.
|
|t:|1759003464
|switch|p1a: Glimmora|Glimmora, F|100/100
|-damage|p1a: Glimmora|88/100|[from] Stealth Rock
|move|p2a: Pecharunt|Parting Shot|p1a: Glimmora
|-unboost|p1a: Glimmora|atk|1
|-unboost|p1a: Glimmora|spa|1
|
|t:|1759003472
|switch|p2a: Iron Crown|Iron Crown|100/100|[from] Parting Shot
|
|upkeep
|turn|11
|
|t:|1759003480
|move|p2a: Iron Crown|Tachyon Cutter|p1a: Glimmora
|-supereffective|p1a: Glimmora
|-damage|p1a: Glimmora|22/100
|-supereffective|p1a: Glimmora
|-damage|p1a: Glimmora|0 fnt
|faint|p1a: Glimmora
|-hitcount|p1: Glimmora|2
|
|upkeep
|
|t:|1759003486
|switch|p1a: Dragapult|Dragapult, F|100/100
|-damage|p1a: Dragapult|88/100|[from] Stealth Rock
|turn|12
|
|t:|1759003498
|move|p1a: Dragapult|Shadow Ball|p2a: Iron Crown
|-supereffective|p2a: Iron Crown
|-damage|p2a: Iron Crown|31/100
|move|p2a: Iron Crown|Tachyon Cutter|p1a: Dragapult
|-crit|p1a: Dragapult
|-damage|p1a: Dragapult|35/100
|-damage|p1a: Dragapult|2/100
|-hitcount|p1a: Dragapult|2
|
|upkeep
|turn|13
|
|t:|1759003505
|move|p1a: Dragapult|Shadow Ball|p2a: Iron Crown
|-supereffective|p2a: Iron Crown
|-damage|p2a: Iron Crown|0 fnt
|faint|p2a: Iron Crown
|-end|p2a: Iron Crown|Quark Drive|[silent]
|
|upkeep
|
|t:|1759003516
|switch|p2a: Meowscarada|Meowscarada, F, shiny|52/100
|turn|14
|
|t:|1759003518
|move|p2a: Meowscarada|U-turn|p1a: Dragapult
|-start|p2a: Meowscarada|typechange|Bug|[from] ability: Protean
|-resisted|p1a: Dragapult
|-damage|p1a: Dragapult|0 fnt
|faint|p1a: Dragapult
|
|t:|1759003528
|switch|p2a: Cinderace|Cinderace, M|100/100|[from] U-turn
|
|upkeep
|
|t:|1759003531
|switch|p1a: Ogerpon|Ogerpon-Wellspring, F|44/100
|-damage|p1a: Ogerpon|32/100|[from] Stealth Rock
|turn|15
|
|t:|1759003544
|move|p2a: Cinderace|U-turn|p1a: Ogerpon
|-supereffective|p1a: Ogerpon
|-damage|p1a: Ogerpon|0 fnt
|faint|p1a: Ogerpon
|
|t:|1759003551
|switch|p2a: Landorus|Landorus-Therian, M, shiny|59/100|[from] U-turn
|
|upkeep
|-message|kkkkanchor forfeited.
|
|win|firecharmander004
|raw|kkkkanchor's rating: 1461 &rarr; <strong>1442</strong><br />(-19 for losing)
|raw|firecharmander004's rating: 1476 &rarr; <strong>1495</strong><br />(+19 for winning)
|l|☆kkkkanchor
|player|p1|
