|j|☆seethemalldie
|j|☆peopleisdogs1
|t:|1758971227
|gametype|singles
|player|p1|seethemalldie|unknown|1360
|player|p2|peopleisdogs1|265|1428
|gen|9
|tier|[Gen 9] OU
|rated|
|rule|HP Percentage Mod: HP is shown in percentages
|rule|Endless Battle Clause: Forcing endless battles is banned
|rule|Species Clause: Limit one of each Pokémon
|rule|OHKO Clause: OHKO moves are banned
|rule|Evasion Items Clause: Evasion items are banned
|rule|Evasion Moves Clause: Evasion moves are banned
|rule|Evasion Abilities Clause: Evasion abilities are banned
|rule|Sleep Moves Clause: Sleep-inducing moves are banned
|clearpoke
|poke|p1|Scizor, M|
|poke|p1|Toxtricity-Low-Key, M|
|poke|p1|Hydreigon, F|
|poke|p1|Iron Valiant|
|poke|p1|Ogerpon-Wellspring, F|
|poke|p1|Arcanine-Hisui, M|
|poke|p2|Moltres|
|poke|p2|Garchomp, M|
|poke|p2|Alomomola, M|
|poke|p2|Ogerpon, F|
|poke|p2|Weavile, F|
|poke|p2|Corviknight, M|
|teampreview
|inactive|Battle timer is ON: inactive players will automatically lose when time's up. (requested by seethemalldie)
|inactive|seethemalldie has 120 seconds left.
|inactive|peopleisdogs1 has 120 seconds left.
|inactive|peopleisdogs1 has 90 seconds left.
|
|t:|1758971302
|teamsize|p1|6
|teamsize|p2|6
|start
|switch|p1a: Trip|Hydreigon, F, shiny|100/100
|switch|p2a: Ogerpon|Ogerpon, F|100/100
|turn|1
|
|t:|1758971316
|switch|p2a: Alomomola|Alomomola, M|100/100
|move|p1a: Trip|Tailwind|p1a: Trip
|-sidestart|p1: seethemalldie|move: Tailwind
|
|upkeep
|turn|2
|
|t:|1758971328
|move|p1a: Trip|Draco Meteor|p2a: Alomomola
|-damage|p2a: Alomomola|52/100
|-unboost|p1a: Trip|spa|2
|-enditem|p1a: Trip|Eject Pack
|
|t:|1758971334
|switch|p1a: Berry|Ogerpon-Wellspring, F|100/100
|move|p2a: Alomomola|Mirror Coat|p1a: Berry
|-damage|p1a: Berry|0 fnt
|faint|p1a: Berry
|
|-heal|p2a: Alomomola|58/100|[from] item: Leftovers
|upkeep
|
|t:|1758971347
|switch|p1a: Chili|Toxtricity-Low-Key, M|100/100
|turn|3
|
|t:|1758971360
|-terastallize|p1a: Chili|Normal
|move|p2a: Alomomola|Protect|p2a: Alomomola
|-singleturn|p2a: Alomomola|Protect
|move|p1a: Chili|Boomburst|p2a: Alomomola
|-activate|p2a: Alomomola|move: Protect
|
|-heal|p2a: Alomomola|65/100|[from] item: Leftovers
|upkeep
|turn|4
|
|t:|1758971368
|switch|p2a: Corviknight|Corviknight, M|100/100
|-ability|p2a: Corviknight|Pressure
|move|p1a: Chili|Boomburst|p2a: Corviknight
|-resisted|p2a: Corviknight
|-damage|p2a: Corviknight|50/100
|
|-heal|p2a: Corviknight|56/100|[from] item: Leftovers
|-sideend|p1: seethemalldie|move: Tailwind
|upkeep
|turn|5
|
|t:|1758971377
|move|p1a: Chili|Boomburst|p2a: Corviknight
|-resisted|p2a: Corviknight
|-damage|p2a: Corviknight|9/100
|move|p2a: Corviknight|Roost|p2a: Corviknight
|-heal|p2a: Corviknight|59/100
|-singleturn|p2a: Corviknight|move: Roost
|
|-heal|p2a: Corviknight|65/100|[from] item: Leftovers
|upkeep
|turn|6
|
|t:|1758971387
|move|p1a: Chili|Boomburst|p2a: Corviknight
|-resisted|p2a: Corviknight
|-damage|p2a: Corviknight|16/100
|move|p2a: Corviknight|Roost|p2a: Corviknight
|-heal|p2a: Corviknight|66/100
|-singleturn|p2a: Corviknight|move: Roost
|
|-heal|p2a: Corviknight|72/100|[from] item: Leftovers
|upkeep
|turn|7
|
|t:|1758971399
|move|p1a: Chili|Boomburst|p2a: Corviknight
|-resisted|p2a: Corviknight
|-damage|p2a: Corviknight|23/100
|move|p2a: Corviknight|Roost|p2a: Corviknight
|-heal|p2a: Corviknight|73/100
|-singleturn|p2a: Corviknight|move: Roost
|
|-heal|p2a: Corviknight|79/100|[from] item: Leftovers
|upkeep
|turn|8
|
|t:|1758971409
|move|p1a: Chili|Boomburst|p2a: Corviknight
|-resisted|p2a: Corviknight
|-damage|p2a: Corviknight|35/100
|move|p2a: Corviknight|Roost|p2a: Corviknight
|-heal|p2a: Corviknight|85/100
|-singleturn|p2a: Corviknight|move: Roost
|
|-heal|p2a: Corviknight|91/100|[from] item: Leftovers
|upkeep
|turn|9
|
|t:|1758971417
|move|p1a: Chili|Boomburst|p2a: Corviknight
|-resisted|p2a: Corviknight
|-damage|p2a: Corviknight|42/100
|move|p2a: Corviknight|Roost|p2a: Corviknight
|-heal|p2a: Corviknight|92/100
|-singleturn|p2a: Corviknight|move: Roost
|
|-heal|p2a: Corviknight|99/100|[from] item: Leftovers
|upkeep
|turn|10
|
|t:|1758971425
|move|p1a: Chili|Boomburst|p2a: Corviknight
|-resisted|p2a: Corviknight
|-damage|p2a: Corviknight|48/100
|move|p2a: Corviknight|Roost|p2a: Corviknight
|-heal|p2a: Corviknight|98/100
|-singleturn|p2a: Corviknight|move: Roost
|
|-heal|p2a: Corviknight|100/100|[from] item: Leftovers
|upkeep
|turn|11
|
|t:|1758971433
|move|p1a: Chili|Boomburst|p2a: Corviknight
|-resisted|p2a: Corviknight
|-damage|p2a: Corviknight|51/100
|move|p2a: Corviknight|U-turn|p1a: Chili
|-damage|p1a: Chili|80/100
|
|t:|1758971439
|switch|p2a: Ogerpon|Ogerpon, F|100/100|[from] U-turn
|
|upkeep
|turn|12
|
|t:|1758971444
|switch|p1a: Solid|Scizor, M|100/100
|move|p2a: Ogerpon|Knock Off|p1a: Solid
|-damage|p1a: Solid|71/100
|-enditem|p1a: Solid|Heavy-Duty Boots|[from] move: Knock Off|[of] p2a: Ogerpon
|
|upkeep
|turn|13
|inactive|peopleisdogs1 has 120 seconds left.
|
|t:|1758971502
|switch|p2a: Garchomp|Garchomp, M|100/100
|move|p1a: Solid|U-turn|p2a: Garchomp
|-crit|p2a: Garchomp
|-damage|p2a: Garchomp|65/100
|-damage|p1a: Solid|59/100|[from] ability: Rough Skin|[of] p2a: Garchomp
|-damage|p1a: Solid|42/100|[from] item: Rocky Helmet|[of] p2a: Garchomp
|
|t:|1758971524
|switch|p1a: Nite|Iron Valiant, shiny|100/100|[from] U-turn
|
|upkeep
|turn|14
|inactive|peopleisdogs1 has 90 seconds left.
|
|t:|1758971553
|switch|p2a: Alomomola|Alomomola, M|98/100
|move|p1a: Nite|Moonblast|p2a: Alomomola
|-damage|p2a: Alomomola|47/100
|
|-heal|p2a: Alomomola|53/100|[from] item: Leftovers
|upkeep
|turn|15
|inactive|peopleisdogs1 has 90 seconds left.
|
|t:|1758971563
|move|p2a: Alomomola|Protect|p2a: Alomomola
|-singleturn|p2a: Alomomola|Protect
|move|p1a: Nite|Moonblast|p2a: Alomomola
|-activate|p2a: Alomomola|move: Protect
|
|-heal|p2a: Alomomola|59/100|[from] item: Leftovers
|upkeep
|turn|16
|
|t:|1758971581
|-end|p1a: Nite|Quark Drive|[silent]
|switch|p1a: Chili|Toxtricity-Low-Key, M, tera:Normal|80/100
|move|p2a: Alomomola|Wish|p2a: Alomomola
|
|-heal|p2a: Alomomola|65/100|[from] item: Leftovers
|upkeep
|turn|17
|
|t:|1758971590
|move|p2a: Alomomola|Protect|p2a: Alomomola
|-singleturn|p2a: Alomomola|Protect
|move|p1a: Chili|Sludge Wave|p2a: Alomomola
|-activate|p2a: Alomomola|move: Protect
|
|-heal|p2a: Alomomola|100/100|[from] move: Wish|[wisher] Alomomola
|upkeep
|turn|18
|
|t:|1758971598
|switch|p1a: Archie|Arcanine-Hisui, M|100/100
|move|p2a: Alomomola|Mirror Coat||[still]
|-fail|p2a: Alomomola
|
|upkeep
|turn|19
|
|t:|1758971609
|switch|p1a: Trip|Hydreigon, F, shiny|100/100
|move|p2a: Alomomola|Flip Turn|p1a: Trip
|-resisted|p1a: Trip
|-damage|p1a: Trip|92/100
|
|t:|1758971613
|switch|p2a: Weavile|Weavile, F|100/100|[from] Flip Turn
|-ability|p2a: Weavile|Pressure
|
|upkeep
|turn|20
|inactive|peopleisdogs1 has 120 seconds left.
|
|t:|1758971642
|switch|p1a: Archie|Arcanine-Hisui, M|100/100
|move|p2a: Weavile|Triple Axel|p1a: Archie
|-resisted|p1a: Archie
|-damage|p1a: Archie|91/100
|-resisted|p1a: Archie
|-damage|p1a: Archie|72/100
|-resisted|p1a: Archie
|-damage|p1a: Archie|44/100
|-hitcount|p1a: Archie|3
|
|upkeep
|turn|21
|
|t:|1758971672
|switch|p2a: Garchomp|Garchomp, M|65/100
|move|p1a: Archie|Extreme Speed|p2a: Garchomp
|-damage|p2a: Garchomp|41/100
|-damage|p1a: Archie|32/100|[from] ability: Rough Skin|[of] p2a: Garchomp
|-damage|p1a: Archie|15/100|[from] item: Rocky Helmet|[of] p2a: Garchomp
|
|upkeep
|turn|22
|inactive|seethemalldie has 120 seconds left.
|c|☆seethemalldie|bruh you got me, i really didnt see you using mirror coat on a dark mon
|-message|seethemalldie forfeited.
|
|win|peopleisdogs1
|raw|seethemalldie's rating: 1360 &rarr; <strong>1344</strong><br />(-16 for losing)
|raw|peopleisdogs1's rating: 1428 &rarr; <strong>1444</strong><br />(+16 for winning)
|l|☆seethemalldie
|player|p1|
|c|☆peopleisdogs1|yea XD
|l|☆peopleisdogs1
|player|p2|
