|j|☆Princessjosie1001!
|j|☆busto2412
|t:|1759011945
|gametype|singles
|player|p1|Princessjosie1001!|nurse|1406
|player|p2|busto2412|hilbert-wonderlauncher|1431
|gen|9
|tier|[Gen 9] OU
|rated|
|rule|HP Percentage Mod: HP is shown in percentages
|rule|Endless Battle Clause: Forcing endless battles is banned
|rule|Species Clause: Limit one of each Pokémon
|rule|OHKO Clause: OHKO moves are banned
|rule|Evasion Items Clause: Evasion items are banned
|rule|Evasion Moves Clause: Evasion moves are banned
|rule|Evasion Abilities Clause: Evasion abilities are banned
|rule|Sleep Moves Clause: Sleep-inducing moves are banned
|clearpoke
|poke|p1|Yanmega, F|
|poke|p1|Cloyster, M|
|poke|p1|Salazzle, F|
|poke|p1|Espeon, M|
|poke|p1|Jirachi|
|poke|p1|Maushold-Four|
|poke|p2|Ursaluna, M|
|poke|p2|Dragapult, M|
|poke|p2|Zamazenta-*|
|poke|p2|Greninja-*, M|
|poke|p2|Zapdos|
|poke|p2|Hoopa-Unbound|
|teampreview
|
|t:|1759011989
|teamsize|p1|6
|teamsize|p2|6
|start
|switch|p1a: Jirachi|Jirachi|100/100
|switch|p2a: Zapdos|Zapdos, shiny|100/100
|turn|1
|
|t:|1759011995
|switch|p1a: No hazard allowed|Espeon, M|100/100
|move|p2a: Zapdos|Heat Wave|p1a: No hazard allowed
|-damage|p1a: No hazard allowed|67/100
|
|upkeep
|turn|2
|
|t:|1759012001
|move|p1a: No hazard allowed|Psychic|p2a: Zapdos
|-damage|p2a: Zapdos|50/100
|move|p2a: Zapdos|Discharge|p1a: No hazard allowed
|-damage|p1a: No hazard allowed|24/100
|
|upkeep
|turn|3
|
|t:|1759012008
|switch|p1a: Yanmega|Yanmega, F|100/100
|switch|p2a: Greninja|Greninja, M|100/100
|
|upkeep
|turn|4
|
|t:|1759012013
|move|p1a: Yanmega|Protect|p1a: Yanmega
|-singleturn|p1a: Yanmega|Protect
|move|p2a: Greninja|Ice Beam|p1a: Yanmega
|-activate|p1a: Yanmega|move: Protect
|
|-ability|p1a: Yanmega|Speed Boost|boost
|-boost|p1a: Yanmega|spe|1
|upkeep
|turn|5
|
|t:|1759012020
|switch|p2a: Zapdos|Zapdos, shiny|50/100
|move|p1a: Yanmega|Bug Buzz|p2a: Zapdos
|-resisted|p2a: Zapdos
|-crit|p2a: Zapdos
|-damage|p2a: Zapdos|8/100
|-damage|p1a: Yanmega|91/100|[from] item: Life Orb
|
|-ability|p1a: Yanmega|Speed Boost|boost
|-boost|p1a: Yanmega|spe|1
|upkeep
|turn|6
|
|t:|1759012029
|move|p1a: Yanmega|Ancient Power|p2a: Zapdos
|-supereffective|p2a: Zapdos
|-damage|p2a: Zapdos|0 fnt
|faint|p2a: Zapdos
|-damage|p1a: Yanmega|81/100|[from] item: Life Orb
|
|-ability|p1a: Yanmega|Speed Boost|boost
|-boost|p1a: Yanmega|spe|1
|upkeep
|
|t:|1759012036
|switch|p2a: Dragapult|Dragapult, M, shiny|100/100
|turn|7
|
|t:|1759012042
|move|p1a: Yanmega|Air Slash|p2a: Dragapult
|-damage|p2a: Dragapult|34/100
|-damage|p1a: Yanmega|71/100|[from] item: Life Orb
|move|p2a: Dragapult|Dragon Darts|p1a: Yanmega
|-damage|p1a: Yanmega|22/100
|-anim|p2a: Dragapult|Dragon Darts|p1a: Yanmega
|-damage|p1a: Yanmega|0 fnt
|faint|p1a: Yanmega
|
|upkeep
|
|t:|1759012053
|switch|p1a: Jirachi|Jirachi|100/100
|turn|8
|
|t:|1759012057
|switch|p2a: Hoopa|Hoopa-Unbound|100/100
|move|p1a: Jirachi|Iron Head|p2a: Hoopa
|-crit|p2a: Hoopa
|-damage|p2a: Hoopa|37/100
|
|upkeep
|turn|9
|
|t:|1759012063
|move|p1a: Jirachi|Iron Head|p2a: Hoopa
|-crit|p2a: Hoopa
|-damage|p2a: Hoopa|0 fnt
|faint|p2a: Hoopa
|
|upkeep
|
|t:|1759012067
|switch|p2a: Greninja|Greninja, M|100/100
|turn|10
|
|t:|1759012070
|move|p1a: Jirachi|Iron Head|p2a: Greninja
|-resisted|p2a: Greninja
|-damage|p2a: Greninja|71/100
|cant|p2a: Greninja|flinch
|
|upkeep
|turn|11
|
|t:|1759012075
|move|p1a: Jirachi|Iron Head|p2a: Greninja
|-resisted|p2a: Greninja
|-damage|p2a: Greninja|37/100
|move|p2a: Greninja|Dark Pulse|p1a: Jirachi
|-supereffective|p1a: Jirachi
|-damage|p1a: Jirachi|11/100
|-damage|p2a: Greninja|28/100|[from] item: Life Orb
|
|upkeep
|turn|12
|
|t:|1759012083
|move|p2a: Greninja|Water Shuriken|p1a: Jirachi
|-damage|p1a: Jirachi|2/100
|-crit|p1a: Jirachi
|-damage|p1a: Jirachi|0 fnt
|faint|p1a: Jirachi
|-ability|p2a: Greninja|Battle Bond|boost
|-boost|p2a: Greninja|atk|1
|-boost|p2a: Greninja|spa|1
|-boost|p2a: Greninja|spe|1
|-activate|p2a: Greninja|ability: Battle Bond
|-hitcount|p1: Jirachi|2
|-damage|p2a: Greninja|18/100|[from] item: Life Orb
|
|upkeep
|
|t:|1759012097
|switch|p1a: Maushold|Maushold-Four|100/100
|turn|13
|
|t:|1759012101
|move|p2a: Greninja|Surf|p1a: Maushold
|-damage|p1a: Maushold|0 fnt
|faint|p1a: Maushold
|-damage|p2a: Greninja|8/100|[from] item: Life Orb
|
|upkeep
|
|t:|1759012106
|switch|p1a: Cloyster|Cloyster, M|100/100
|turn|14
|
|t:|1759012110
|move|p1a: Cloyster|Ice Shard|p2a: Greninja
|-resisted|p2a: Greninja
|-damage|p2a: Greninja|0 fnt
|faint|p2a: Greninja
|
|upkeep
|
|t:|1759012116
|switch|p2a: Dragapult|Dragapult, M, shiny|34/100
|turn|15
|
|t:|1759012120
|move|p1a: Cloyster|Ice Shard|p2a: Dragapult
|-supereffective|p2a: Dragapult
|-damage|p2a: Dragapult|0 fnt
|faint|p2a: Dragapult
|
|upkeep
|
|t:|1759012125
|switch|p2a: Zamazenta|Zamazenta|100/100
|-ability|p2a: Zamazenta|Dauntless Shield|boost
|-boost|p2a: Zamazenta|def|1
|turn|16
|
|t:|1759012134
|switch|p1a: Salazzle|Salazzle, F|100/100
|move|p2a: Zamazenta|Close Combat|p1a: Salazzle
|-resisted|p1a: Salazzle
|-damage|p1a: Salazzle|17/100
|-unboost|p2a: Zamazenta|def|1
|-unboost|p2a: Zamazenta|spd|1
|-damage|p2a: Zamazenta|91/100|[from] item: Life Orb
|
|upkeep
|turn|17
|
|t:|1759012143
|move|p2a: Zamazenta|Psychic Fangs|p1a: Salazzle
|-supereffective|p1a: Salazzle
|-damage|p1a: Salazzle|0 fnt
|faint|p1a: Salazzle
|-damage|p2a: Zamazenta|81/100|[from] item: Life Orb
|
|upkeep
|
|t:|1759012151
|switch|p1a: No hazard allowed|Espeon, M|24/100
|turn|18
|
|t:|1759012155
|move|p1a: No hazard allowed|Psychic|p2a: Zamazenta
|-supereffective|p2a: Zamazenta
|-damage|p2a: Zamazenta|0 fnt
|faint|p2a: Zamazenta
|
|upkeep
|
|t:|1759012159
|switch|p2a: Ursaluna|Ursaluna, M, shiny|100/100
|turn|19
|
|t:|1759012162
|move|p1a: No hazard allowed|Psychic|p2a: Ursaluna
|-crit|p2a: Ursaluna
|-damage|p2a: Ursaluna|28/100
|move|p2a: Ursaluna|Facade|p1a: No hazard allowed
|-damage|p1a: No hazard allowed|0 fnt
|faint|p1a: No hazard allowed
|
|-status|p2a: Ursaluna|brn|[from] item: Flame Orb
|upkeep
|
|t:|1759012170
|switch|p1a: Cloyster|Cloyster, M|100/100
|turn|20
|
|t:|1759012175
|-terastallize|p2a: Ursaluna|Dragon
|move|p1a: Cloyster|Shell Smash|p1a: Cloyster
|-unboost|p1a: Cloyster|def|1
|-unboost|p1a: Cloyster|spd|1
|-boost|p1a: Cloyster|atk|2
|-boost|p1a: Cloyster|spa|2
|-boost|p1a: Cloyster|spe|2
|move|p2a: Ursaluna|Facade|p1a: Cloyster
|-enditem|p1a: Cloyster|Focus Sash
|-damage|p1a: Cloyster|1/100
|
|-damage|p2a: Ursaluna|22/100 brn|[from] brn
|upkeep
|turn|21
|c|☆busto2412|gg
|
|t:|1759012188
|move|p1a: Cloyster|Ice Shard|p2a: Ursaluna
|-supereffective|p2a: Ursaluna
|-damage|p2a: Ursaluna|0 fnt
|faint|p2a: Ursaluna
|
|win|Princessjosie1001!
|raw|Princessjosie1001!'s rating: 1406 &rarr; <strong>1427</strong><br />(+21 for winning)
|raw|busto2412's rating: 1431 &rarr; <strong>1410</strong><br />(-21 for losing)
|c|☆Princessjosie1001!|Gg wp
|l|☆busto2412
|player|p2|
|l|☆Princessjosie1001!
|player|p1|
|j| chachechi
|l| chachechi
