|j|☆Alcreamie_ai
|j|☆adriji 12
|t:|1758995769
|gametype|singles
|player|p1|Alcreamie_ai|blue-lgpe|1107
|player|p2|adriji 12|2|1159
|gen|9
|tier|[Gen 9] OU
|rated|
|rule|HP Percentage Mod: HP is shown in percentages
|rule|Endless Battle Clause: Forcing endless battles is banned
|rule|Species Clause: Limit one of each Pokémon
|rule|OHKO Clause: OHKO moves are banned
|rule|Evasion Items Clause: Evasion items are banned
|rule|Evasion Moves Clause: Evasion moves are banned
|rule|Evasion Abilities Clause: Evasion abilities are banned
|rule|Sleep Moves Clause: Sleep-inducing moves are banned
|clearpoke
|poke|p1|Alcremie-Rainbow-Swirl, F|
|poke|p2|Dragapult, M|
|poke|p2|Ting-Lu|
|poke|p2|Weezing-Galar, F|
|poke|p2|Iron Crown|
|poke|p2|Ogerpon-Wellspring, F|
|poke|p2|Gliscor, F|
|teampreview
|inactive|Battle timer is ON: inactive players will automatically lose when time's up. (requested by Alcreamie_ai)
|inactive|adriji 12 also wants the timer to be on.
|c|☆Alcreamie_ai|Are you ready to lose human?
|
|t:|1758995778
|teamsize|p1|1
|teamsize|p2|6
|start
|switch|p1a: Alcremie|Alcremie-Rainbow-Swirl, F|100/100
|switch|p2a: Iron Crown|Iron Crown|100/100
|turn|1
|
|t:|1758995784
|-terastallize|p1a: Alcremie|Steel
|move|p2a: Iron Crown|Tachyon Cutter|p1a: Alcremie
|-resisted|p1a: Alcremie
|-damage|p1a: Alcremie|83/100
|-resisted|p1a: Alcremie
|-damage|p1a: Alcremie|66/100
|-hitcount|p1a: Alcremie|2
|move|p1a: Alcremie|Calm Mind|p1a: Alcremie
|-boost|p1a: Alcremie|spa|1
|-boost|p1a: Alcremie|spd|1
|
|-heal|p1a: Alcremie|72/100|[from] item: Leftovers
|upkeep
|turn|2
|c|☆adriji 12|I am scared
|inactive|adriji 12 has 120 seconds left.
|
|t:|1758995828
|-end|p2a: Iron Crown|Quark Drive|[silent]
|switch|p2a: Ting-Lu|Ting-Lu|100/100
|-ability|p2a: Ting-Lu|Vessel of Ruin
|move|p1a: Alcremie|Calm Mind|p1a: Alcremie
|-boost|p1a: Alcremie|spa|1
|-boost|p1a: Alcremie|spd|1
|
|-heal|p1a: Alcremie|78/100|[from] item: Leftovers
|upkeep
|turn|3
|
|t:|1758995840
|move|p1a: Alcremie|Acid Armor|p1a: Alcremie
|-boost|p1a: Alcremie|def|2
|move|p2a: Ting-Lu|Earthquake|p1a: Alcremie
|-supereffective|p1a: Alcremie
|-damage|p1a: Alcremie|34/100
|
|-heal|p1a: Alcremie|40/100|[from] item: Leftovers
|upkeep
|turn|4
|inactive|adriji 12 has 120 seconds left.
|
|t:|1758995852
|move|p1a: Alcremie|Recover|p1a: Alcremie
|-heal|p1a: Alcremie|90/100
|move|p2a: Ting-Lu|Earthquake|p1a: Alcremie
|-supereffective|p1a: Alcremie
|-damage|p1a: Alcremie|48/100
|
|-heal|p1a: Alcremie|54/100|[from] item: Leftovers
|upkeep
|turn|5
|inactive|adriji 12 has 120 seconds left.
|
|t:|1758995859
|move|p1a: Alcremie|Acid Armor|p1a: Alcremie
|-boost|p1a: Alcremie|def|2
|move|p2a: Ting-Lu|Ruination|p1a: Alcremie
|-damage|p1a: Alcremie|27/100
|
|-heal|p1a: Alcremie|34/100|[from] item: Leftovers
|upkeep
|turn|6
|
|t:|1758995869
|move|p1a: Alcremie|Acid Armor|p1a: Alcremie
|-boost|p1a: Alcremie|def|2
|move|p2a: Ting-Lu|Earthquake|p1a: Alcremie
|-supereffective|p1a: Alcremie
|-damage|p1a: Alcremie|11/100
|
|-heal|p1a: Alcremie|17/100|[from] item: Leftovers
|upkeep
|turn|7
|
|t:|1758995881
|move|p1a: Alcremie|Recover|p1a: Alcremie
|-heal|p1a: Alcremie|67/100
|move|p2a: Ting-Lu|Earthquake|p1a: Alcremie
|-supereffective|p1a: Alcremie
|-damage|p1a: Alcremie|49/100
|
|-heal|p1a: Alcremie|55/100|[from] item: Leftovers
|upkeep
|turn|8
|
|t:|1758995889
|move|p1a: Alcremie|Calm Mind|p1a: Alcremie
|-boost|p1a: Alcremie|spa|1
|-boost|p1a: Alcremie|spd|1
|move|p2a: Ting-Lu|Ruination|p1a: Alcremie
|-damage|p1a: Alcremie|28/100
|
|-heal|p1a: Alcremie|34/100|[from] item: Leftovers
|upkeep
|turn|9
|
|t:|1758995896
|move|p1a: Alcremie|Calm Mind|p1a: Alcremie
|-boost|p1a: Alcremie|spa|1
|-boost|p1a: Alcremie|spd|1
|move|p2a: Ting-Lu|Ruination|p1a: Alcremie
|-damage|p1a: Alcremie|17/100
|
|-heal|p1a: Alcremie|24/100|[from] item: Leftovers
|upkeep
|turn|10
|
|t:|1758995907
|move|p1a: Alcremie|Calm Mind|p1a: Alcremie
|-boost|p1a: Alcremie|spa|1
|-boost|p1a: Alcremie|spd|1
|move|p2a: Ting-Lu|Ruination|p1a: Alcremie
|-damage|p1a: Alcremie|12/100
|
|-heal|p1a: Alcremie|19/100|[from] item: Leftovers
|upkeep
|turn|11
|inactive|adriji 12 has 120 seconds left.
|
|t:|1758995944
|move|p1a: Alcremie|Recover|p1a: Alcremie
|-heal|p1a: Alcremie|69/100
|move|p2a: Ting-Lu|Earthquake|p1a: Alcremie
|-supereffective|p1a: Alcremie
|-damage|p1a: Alcremie|48/100
|
|-heal|p1a: Alcremie|54/100|[from] item: Leftovers
|upkeep
|turn|12
|
|t:|1758995954
|move|p1a: Alcremie|Calm Mind|p1a: Alcremie
|-boost|p1a: Alcremie|spa|1
|-boost|p1a: Alcremie|spd|1
|move|p2a: Ting-Lu|Earthquake|p1a: Alcremie
|-supereffective|p1a: Alcremie
|-damage|p1a: Alcremie|34/100
|
|-heal|p1a: Alcremie|41/100|[from] item: Leftovers
|upkeep
|turn|13
|inactive|adriji 12 has 120 seconds left.
|
|t:|1758995967
|switch|p2a: Gliscor|Gliscor, F|100/100
|move|p1a: Alcremie|Draining Kiss|p2a: Gliscor
|-damage|p2a: Gliscor|39/100
|-heal|p1a: Alcremie|100/100|[from] drain|[of] p2a: Gliscor
|
|-status|p2a: Gliscor|tox|[from] item: Toxic Orb
|upkeep
|turn|14
|inactive|adriji 12 has 120 seconds left.
|
|t:|1758995978
|move|p2a: Gliscor|Protect|p2a: Gliscor
|-singleturn|p2a: Gliscor|Protect
|move|p1a: Alcremie|Acid Armor|p1a: Alcremie
|-boost|p1a: Alcremie|def|0
|
|-heal|p2a: Gliscor|51/100 tox|[from] ability: Poison Heal
|upkeep
|turn|15
|
|t:|1758995987
|switch|p2a: Weezing|Weezing-Galar, F|100/100
|-ability|p2a: Weezing|Neutralizing Gas
|move|p1a: Alcremie|Draining Kiss|p2a: Weezing
|-resisted|p2a: Weezing
|-crit|p2a: Weezing
|-damage|p2a: Weezing|28/100
|
|upkeep
|turn|16
|
|t:|1758995996
|move|p1a: Alcremie|Draining Kiss|p2a: Weezing
|-resisted|p2a: Weezing
|-damage|p2a: Weezing|0 fnt
|faint|p2a: Weezing
|-end|p2a: Weezing|ability: Neutralizing Gas
|
|upkeep
|
|t:|1758996010
|switch|p2a: Iron Crown|Iron Crown|100/100
|turn|17
|
|t:|1758996022
|move|p2a: Iron Crown|Focus Blast|p1a: Alcremie
|-supereffective|p1a: Alcremie
|-damage|p1a: Alcremie|76/100
|move|p1a: Alcremie|Draining Kiss|p2a: Iron Crown
|-resisted|p2a: Iron Crown
|-damage|p2a: Iron Crown|65/100
|-heal|p1a: Alcremie|100/100|[from] drain|[of] p2a: Iron Crown
|
|upkeep
|turn|18
|
|t:|1758996030
|move|p2a: Iron Crown|Focus Blast|p1a: Alcremie|[miss]
|-miss|p2a: Iron Crown|p1a: Alcremie
|move|p1a: Alcremie|Draining Kiss|p2a: Iron Crown
|-resisted|p2a: Iron Crown
|-damage|p2a: Iron Crown|31/100
|
|upkeep
|turn|19
|
|t:|1758996037
|move|p2a: Iron Crown|Focus Blast|p1a: Alcremie|[miss]
|-miss|p2a: Iron Crown|p1a: Alcremie
|move|p1a: Alcremie|Draining Kiss|p2a: Iron Crown
|-resisted|p2a: Iron Crown
|-damage|p2a: Iron Crown|0 fnt
|faint|p2a: Iron Crown
|-end|p2a: Iron Crown|Quark Drive|[silent]
|
|upkeep
|inactive|adriji 12 has 120 seconds left.
|c|☆adriji 12|Out of 19 turns not a single crit
|
|t:|1758996079
|switch|p2a: Ogerpon|Ogerpon-Wellspring, F|100/100
|turn|20
|
|t:|1758996094
|-terastallize|p2a: Ogerpon|Water
|detailschange|p2a: Ogerpon|Ogerpon-Wellspring-Tera, F, tera:Water
|-ability|p2a: Ogerpon|Embody Aspect (Wellspring)|boost
|-boost|p2a: Ogerpon|spd|1
|move|p2a: Ogerpon|Ivy Cudgel|p1a: Alcremie|[anim] Ivy Cudgel Water
|-damage|p1a: Alcremie|78/100
|move|p1a: Alcremie|Draining Kiss|p2a: Ogerpon
|-crit|p2a: Ogerpon
|-damage|p2a: Ogerpon|0 fnt
|-heal|p1a: Alcremie|100/100|[from] drain|[of] p2a: Ogerpon
|faint|p2a: Ogerpon
|detailschange|p2: Ogerpon|Ogerpon-Wellspring, F|[silent]
|
|upkeep
|
|t:|1758996104
|switch|p2a: Dragapult|Dragapult, M|100/100
|turn|21
|
|t:|1758996108
|move|p2a: Dragapult|Hex|p1a: Alcremie
|-crit|p1a: Alcremie
|-damage|p1a: Alcremie|64/100
|move|p1a: Alcremie|Draining Kiss|p2a: Dragapult
|-supereffective|p2a: Dragapult
|-damage|p2a: Dragapult|0 fnt
|-heal|p1a: Alcremie|100/100|[from] drain|[of] p2a: Dragapult
|faint|p2a: Dragapult
|
|upkeep
|c|☆adriji 12|Yeah I am done
|
|t:|1758996120
|switch|p2a: Gliscor|Gliscor, F|51/100 tox
|turn|22
|
|t:|1758996128
|move|p2a: Gliscor|Protect|p2a: Gliscor
|-singleturn|p2a: Gliscor|Protect
|move|p1a: Alcremie|Draining Kiss|p2a: Gliscor
|-activate|p2a: Gliscor|move: Protect
|
|-heal|p2a: Gliscor|64/100 tox|[from] ability: Poison Heal
|upkeep
|turn|23
|
|t:|1758996148
|move|p2a: Gliscor|Knock Off|p1a: Alcremie
|-crit|p1a: Alcremie
|-damage|p1a: Alcremie|65/100
|-enditem|p1a: Alcremie|Leftovers|[from] move: Knock Off|[of] p2a: Gliscor
|move|p1a: Alcremie|Draining Kiss|p2a: Gliscor
|-damage|p2a: Gliscor|0 fnt
|-heal|p1a: Alcremie|100/100|[from] drain|[of] p2a: Gliscor
|faint|p2a: Gliscor
|
|upkeep
|
|t:|1758996155
|switch|p2a: Ting-Lu|Ting-Lu|100/100
|-ability|p2a: Ting-Lu|Vessel of Ruin
|turn|24
|
|t:|1758996159
|move|p1a: Alcremie|Draining Kiss|p2a: Ting-Lu
|-supereffective|p2a: Ting-Lu
|-damage|p2a: Ting-Lu|41/100
|move|p2a: Ting-Lu|Earthquake|p1a: Alcremie
|-supereffective|p1a: Alcremie
|-damage|p1a: Alcremie|80/100
|
|-heal|p2a: Ting-Lu|47/100|[from] item: Leftovers
|upkeep
|turn|25
|
|t:|1758996167
|move|p1a: Alcremie|Draining Kiss|p2a: Ting-Lu
|-supereffective|p2a: Ting-Lu
|-damage|p2a: Ting-Lu|0 fnt
|-heal|p1a: Alcremie|100/100|[from] drain|[of] p2a: Ting-Lu
|faint|p2a: Ting-Lu
|
|win|Alcreamie_ai
|raw|Alcreamie_ai's rating: 1107 &rarr; <strong>1136</strong><br />(+29 for winning)
|raw|adriji 12's rating: 1159 &rarr; <strong>1130</strong><br />(-29 for losing)
|c|☆Alcreamie_ai|gg human
|c|☆adriji 12|I just got unlucky
|c|☆adriji 12|GG
|l|☆Alcreamie_ai
|player|p1|
|c|☆adriji 12|I guess I am human after all
