|j|☆keviin
|j|☆fatbozo440
|t:|1758991510
|gametype|singles
|player|p1|keviin|richboy-gen4|1233
|player|p2|fatbozo440|biker|1165
|gen|9
|tier|[Gen 9] OU
|rated|
|rule|HP Percentage Mod: HP is shown in percentages
|rule|Endless Battle Clause: Forcing endless battles is banned
|rule|Species Clause: Limit one of each Pokémon
|rule|OHKO Clause: OHKO moves are banned
|rule|Evasion Items Clause: Evasion items are banned
|rule|Evasion Moves Clause: Evasion moves are banned
|rule|Evasion Abilities Clause: Evasion abilities are banned
|rule|Sleep Moves Clause: Sleep-inducing moves are banned
|clearpoke
|poke|p1|Misdreavus, M|
|poke|p1|Hitmontop, M|
|poke|p1|Tsareena, F|
|poke|p1|Magcargo, F|
|poke|p1|Magnezone|
|poke|p1|Gastrodon, M|
|poke|p2|Scizor, M|
|poke|p2|Ogerpon-Cornerstone, F|
|poke|p2|Comfey, M|
|poke|p2|Blaziken, F|
|poke|p2|Hoopa-Unbound|
|poke|p2|Maushold-Four|
|teampreview
|inactive|Battle timer is ON: inactive players will automatically lose when time's up. (requested by fatbozo440)
|
|t:|1758991541
|teamsize|p1|6
|teamsize|p2|6
|start
|switch|p1a: Magcargo|Magcargo, F|100/100
|switch|p2a: Ogerpon|Ogerpon-Cornerstone, F|100/100
|turn|1
|inactive|keviin has 120 seconds left.
|
|t:|1758991588
|switch|p1a: Magnezone|Magnezone|100/100
|-item|p1a: Magnezone|Air Balloon
|move|p2a: Ogerpon|Ivy Cudgel|p1a: Magnezone|[anim] Ivy Cudgel Rock
|-resisted|p1a: Magnezone
|-damage|p1a: Magnezone|75/100
|-enditem|p1a: Magnezone|Air Balloon
|
|upkeep
|turn|2
|inactive|fatbozo440 has 120 seconds left.
|
|t:|1758991629
|move|p2a: Ogerpon|Spikes|p1a: Magnezone
|-sidestart|p1: keviin|Spikes
|move|p1a: Magnezone|Flash Cannon|p2a: Ogerpon
|-supereffective|p2a: Ogerpon
|-ability|p2a: Ogerpon|Sturdy
|-damage|p2a: Ogerpon|1/100
|
|upkeep
|turn|3
|
|t:|1758991649
|move|p2a: Ogerpon|Superpower|p1a: Magnezone
|-supereffective|p1a: Magnezone
|-damage|p1a: Magnezone|0 fnt
|-unboost|p2a: Ogerpon|atk|1
|-unboost|p2a: Ogerpon|def|1
|faint|p1a: Magnezone
|
|upkeep
|
|t:|1758991653
|switch|p1a: Hitmontop|Hitmontop, M|100/100
|-damage|p1a: Hitmontop|88/100|[from] Spikes
|turn|4
|inactive|fatbozo440 has 120 seconds left.
|
|t:|1758991690
|move|p2a: Ogerpon|Wood Hammer|p1a: Hitmontop
|-crit|p1a: Hitmontop
|-damage|p1a: Hitmontop|0 fnt
|faint|p1a: Hitmontop
|-damage|p2a: Ogerpon|0 fnt|[from] Recoil
|faint|p2a: Ogerpon
|
|upkeep
|inactive|keviin has 120 seconds left.
|
|t:|1758991703
|switch|p2a: Blaziken|Blaziken, F|100/100
|switch|p1a: Magcargo|Magcargo, F|100/100
|turn|5
|inactive|fatbozo440 has 90 seconds left.
|
|t:|1758991721
|move|p2a: Blaziken|Close Combat|p1a: Magcargo
|-supereffective|p1a: Magcargo
|-crit|p1a: Magcargo
|-damage|p1a: Magcargo|0 fnt
|-unboost|p2a: Blaziken|def|1
|-unboost|p2a: Blaziken|spd|1
|faint|p1a: Magcargo
|-damage|p2a: Blaziken|91/100|[from] item: Life Orb
|
|-ability|p2a: Blaziken|Speed Boost|boost
|-boost|p2a: Blaziken|spe|1
|upkeep
|c|☆keviin|sure
|inactive|keviin has 120 seconds left.
|c|☆fatbozo440|XD
|c|☆fatbozo440|gotta hit
|c|☆fatbozo440|the lottery
|c|☆fatbozo440|ngl
|
|t:|1758991745
|switch|p1a: Gastrodon|Gastrodon, M|100/100
|-damage|p1a: Gastrodon|88/100|[from] Spikes
|turn|6
|c|☆keviin|now i'm gonna miss hydro pump
|
|t:|1758991772
|move|p2a: Blaziken|Close Combat|p1a: Gastrodon
|-damage|p1a: Gastrodon|0 fnt
|-unboost|p2a: Blaziken|def|1
|-unboost|p2a: Blaziken|spd|1
|faint|p1a: Gastrodon
|-damage|p2a: Blaziken|81/100|[from] item: Life Orb
|
|-ability|p2a: Blaziken|Speed Boost|boost
|-boost|p2a: Blaziken|spe|1
|upkeep
|c|☆keviin|no need to, sure
|inactive|keviin has 90 seconds left.
|
|t:|1758991783
|switch|p1a: Misdreavus|Misdreavus, M|100/100
|turn|7
|inactive|keviin has 90 seconds left.
|
|t:|1758991805
|move|p2a: Blaziken|Blaze Kick|p1a: Misdreavus
|-crit|p1a: Misdreavus
|-damage|p1a: Misdreavus|15/100
|-damage|p2a: Blaziken|71/100|[from] item: Life Orb
|move|p1a: Misdreavus|Hex|p2a: Blaziken
|-damage|p2a: Blaziken|0 fnt
|faint|p2a: Blaziken
|
|upkeep
|c|☆fatbozo440|bro
|c|☆fatbozo440|how is
|c|☆fatbozo440|this
|c|☆fatbozo440|happening
|
|t:|1758991819
|switch|p2a: Comfey|Comfey, M|100/100
|turn|8
|inactive|keviin has 90 seconds left.
|c|☆keviin|it's bc my team is trash, that's how
|
|t:|1758991828
|switch|p1a: Tsareena|Tsareena, F|100/100
|-damage|p1a: Tsareena|88/100|[from] Spikes
|move|p2a: Comfey|Giga Drain||[still]
|cant|p1a: Tsareena|ability: Queenly Majesty|Giga Drain|[of] p2a: Comfey
|
|upkeep
|turn|9
|c|☆fatbozo440|3 crits tho i mean
|inactive|fatbozo440 has 120 seconds left.
|inactive|keviin has 90 seconds left.
|
|t:|1758991857
|switch|p2a: Scizor|Scizor, M|100/100
|move|p1a: Tsareena|Power Whip|p2a: Scizor
|-resisted|p2a: Scizor
|-damage|p2a: Scizor|87/100
|
|upkeep
|turn|10
|inactive|keviin has 90 seconds left.
|c|☆keviin|+ u really needed the ogerpon crit
|
|t:|1758991876
|switch|p1a: Misdreavus|Misdreavus, M|15/100
|move|p2a: Scizor|Bug Bite|p1a: Misdreavus
|-resisted|p1a: Misdreavus
|-damage|p1a: Misdreavus|0 fnt
|faint|p1a: Misdreavus
|
|upkeep
|
|t:|1758991878
|switch|p1a: Tsareena|Tsareena, F|88/100
|-damage|p1a: Tsareena|76/100|[from] Spikes
|turn|11
|inactive|keviin has 90 seconds left.
|inactive|fatbozo440 has 120 seconds left.
|
|t:|1758991892
|-terastallize|p1a: Tsareena|Rock
|move|p1a: Tsareena|High Jump Kick|p2a: Scizor
|-damage|p2a: Scizor|44/100
|move|p2a: Scizor|Bug Bite|p1a: Tsareena
|-damage|p1a: Tsareena|16/100
|
|upkeep
|turn|12
|inactive|keviin has 90 seconds left.
|inactive|fatbozo440 has 120 seconds left.
|
|t:|1758991902
|move|p1a: Tsareena|High Jump Kick|p2a: Scizor
|-damage|p2a: Scizor|5/100
|move|p2a: Scizor|Close Combat|p1a: Tsareena
|-supereffective|p1a: Tsareena
|-damage|p1a: Tsareena|0 fnt
|-unboost|p2a: Scizor|def|1
|-unboost|p2a: Scizor|spd|1
|faint|p1a: Tsareena
|
|win|fatbozo440
|raw|keviin's rating: 1233 &rarr; <strong>1203</strong><br />(-30 for losing)
|raw|fatbozo440's rating: 1165 &rarr; <strong>1195</strong><br />(+30 for winning)
|c|☆fatbozo440|wp gg unlucky
|c|☆keviin|as unlucky as it gets
|l|☆fatbozo440
|player|p2|
|l|☆keviin
|player|p1|
