|j|☆Blushweaver
|j|☆nglimfaded
|t:|1759053642
|gametype|singles
|player|p1|Blushweaver|fantina|1485
|player|p2|nglimfaded|miku-grass|1461
|gen|9
|tier|[Gen 9] OU
|rated|
|rule|HP Percentage Mod: HP is shown in percentages
|rule|Endless Battle Clause: Forcing endless battles is banned
|rule|Species Clause: Limit one of each Pokémon
|rule|OHKO Clause: OHKO moves are banned
|rule|Evasion Items Clause: Evasion items are banned
|rule|Evasion Moves Clause: Evasion moves are banned
|rule|Evasion Abilities Clause: Evasion abilities are banned
|rule|Sleep Moves Clause: Sleep-inducing moves are banned
|clearpoke
|poke|p1|Slaking, M|
|poke|p1|Samurott-Hisui, M|
|poke|p1|Gholdengo|
|poke|p1|Pecharunt|
|poke|p1|Raging Bolt|
|poke|p1|Landorus-Therian, M|
|poke|p2|Tyranitar, M|
|poke|p2|Excadrill, M|
|poke|p2|Kingambit, F|
|poke|p2|Garchomp, M|
|poke|p2|Pecharunt|
|poke|p2|Rotom-Wash|
|teampreview
|
|t:|1759053663
|teamsize|p1|6
|teamsize|p2|6
|start
|switch|p1a: Landorus|Landorus-Therian, M|100/100
|switch|p2a: Garchomp|Garchomp, M|100/100
|-ability|p1a: Landorus|Intimidate|boost
|-unboost|p2a: Garchomp|atk|1
|turn|1
|
|t:|1759053667
|switch|p2a: Rotom|Rotom-Wash|100/100
|move|p1a: Landorus|Stealth Rock|p2a: Rotom
|-sidestart|p2: nglimfaded|move: Stealth Rock
|
|upkeep
|turn|2
|
|t:|1759053671
|move|p1a: Landorus|U-turn|p2a: Rotom
|-damage|p2a: Rotom|82/100
|
|t:|1759053674
|switch|p1a: Raging Bolt|Raging Bolt|100/100|[from] U-turn
|move|p2a: Rotom|Will-O-Wisp|p1a: Raging Bolt
|-status|p1a: Raging Bolt|brn
|
|-heal|p2a: Rotom|89/100|[from] item: Leftovers
|-damage|p1a: Raging Bolt|94/100 brn|[from] brn
|upkeep
|turn|3
|
|t:|1759053684
|switch|p2a: Tyranitar|Tyranitar, M|100/100
|-damage|p2a: Tyranitar|88/100|[from] Stealth Rock
|-weather|Sandstorm|[from] ability: Sand Stream|[of] p2a: Tyranitar
|move|p1a: Raging Bolt|Thunderclap||[still]
|-fail|p1a: Raging Bolt
|
|-weather|Sandstorm|[upkeep]
|-damage|p1a: Raging Bolt|88/100 brn|[from] Sandstorm
|-damage|p1a: Raging Bolt|82/100 brn|[from] brn
|upkeep
|turn|4
|
|t:|1759053696
|-end|p1a: Raging Bolt|Protosynthesis|[silent]
|switch|p1a: Samurott|Samurott-Hisui, M|100/100
|move|p2a: Tyranitar|Stealth Rock|p1a: Samurott
|-sidestart|p1: Blushweaver|move: Stealth Rock
|
|-weather|Sandstorm|[upkeep]
|-damage|p1a: Samurott|94/100|[from] Sandstorm
|upkeep
|turn|5
|
|t:|1759053714
|switch|p2a: Excadrill|Excadrill, M|100/100
|-damage|p2a: Excadrill|97/100|[from] Stealth Rock
|move|p1a: Samurott|Knock Off|p2a: Excadrill
|-damage|p2a: Excadrill|30/100
|-enditem|p2a: Excadrill|Life Orb|[from] move: Knock Off|[of] p1a: Samurott
|
|-weather|Sandstorm|[upkeep]
|-damage|p1a: Samurott|88/100|[from] Sandstorm
|upkeep
|turn|6
|
|t:|1759053723
|move|p1a: Samurott|Sucker Punch|p2a: Excadrill
|-damage|p2a: Excadrill|0 fnt
|faint|p2a: Excadrill
|
|-weather|Sandstorm|[upkeep]
|-damage|p1a: Samurott|82/100|[from] Sandstorm
|upkeep
|
|t:|1759053728
|switch|p2a: Garchomp|Garchomp, M|100/100
|-damage|p2a: Garchomp|94/100|[from] Stealth Rock
|turn|7
|
|t:|1759053737
|move|p2a: Garchomp|Swords Dance|p2a: Garchomp
|-boost|p2a: Garchomp|atk|2
|move|p1a: Samurott|Knock Off|p2a: Garchomp
|-damage|p2a: Garchomp|51/100
|-damage|p1a: Samurott|69/100|[from] ability: Rough Skin|[of] p2a: Garchomp
|-enditem|p2a: Garchomp|Loaded Dice|[from] move: Knock Off|[of] p1a: Samurott
|
|-weather|Sandstorm|[upkeep]
|-damage|p1a: Samurott|63/100|[from] Sandstorm
|upkeep
|turn|8
|j| ffmhbf
|
|t:|1759053756
|move|p1a: Samurott|Sucker Punch|p2a: Garchomp
|-damage|p2a: Garchomp|16/100
|-damage|p1a: Samurott|51/100|[from] ability: Rough Skin|[of] p2a: Garchomp
|move|p2a: Garchomp|Scale Shot|p1a: Samurott
|-damage|p1a: Samurott|20/100
|-damage|p1a: Samurott|0 fnt
|faint|p1a: Samurott
|-hitcount|p1: Samurott|2
|-unboost|p2a: Garchomp|def|1
|-boost|p2a: Garchomp|spe|1
|
|-weather|Sandstorm|[upkeep]
|upkeep
|
|t:|1759053765
|switch|p1a: Landorus|Landorus-Therian, M|100/100
|-damage|p1a: Landorus|88/100|[from] Stealth Rock
|-ability|p1a: Landorus|Intimidate|boost
|-unboost|p2a: Garchomp|atk|1
|turn|9
|
|t:|1759053769
|move|p2a: Garchomp|Scale Shot|p1a: Landorus
|-damage|p1a: Landorus|67/100
|-damage|p1a: Landorus|43/100
|-damage|p1a: Landorus|19/100
|-hitcount|p1a: Landorus|3
|-unboost|p2a: Garchomp|def|1
|-boost|p2a: Garchomp|spe|1
|move|p1a: Landorus|Earth Power|p2a: Garchomp
|-damage|p2a: Garchomp|0 fnt
|faint|p2a: Garchomp
|
|-weather|Sandstorm|[upkeep]
|upkeep
|
|t:|1759053791
|switch|p2a: Rotom|Rotom-Wash|89/100
|-damage|p2a: Rotom|76/100|[from] Stealth Rock
|turn|10
|
|t:|1759053801
|move|p1a: Landorus|U-turn|p2a: Rotom
|-damage|p2a: Rotom|59/100
|
|t:|1759053805
|switch|p1a: Raging Bolt|Raging Bolt|82/100 brn|[from] U-turn
|move|p2a: Rotom|Hydro Pump|p1a: Raging Bolt
|-resisted|p1a: Raging Bolt
|-damage|p1a: Raging Bolt|64/100 brn
|
|-weather|none
|-heal|p2a: Rotom|66/100|[from] item: Leftovers
|-damage|p1a: Raging Bolt|57/100 brn|[from] brn
|upkeep
|turn|11
|
|t:|1759053813
|move|p1a: Raging Bolt|Volt Switch|p2a: Rotom
|-damage|p2a: Rotom|24/100
|
|t:|1759053823
|-end|p1a: Raging Bolt|Protosynthesis|[silent]
|switch|p1a: Landorus|Landorus-Therian, M|19/100|[from] Volt Switch
|-damage|p1a: Landorus|7/100|[from] Stealth Rock
|-ability|p1a: Landorus|Intimidate|boost
|-unboost|p2a: Rotom|atk|1
|move|p2a: Rotom|Pain Split|p1a: Landorus
|-sethp|p1a: Landorus|15/100|[from] move: Pain Split|[silent]
|-sethp|p2a: Rotom|16/100|[from] move: Pain Split
|
|-heal|p2a: Rotom|22/100|[from] item: Leftovers
|upkeep
|turn|12
|
|t:|1759053829
|move|p1a: Landorus|U-turn|p2a: Rotom
|-damage|p2a: Rotom|4/100
|
|t:|1759053833
|switch|p1a: Raging Bolt|Raging Bolt|57/100 brn|[from] U-turn
|move|p2a: Rotom|Pain Split|p1a: Raging Bolt
|-sethp|p1a: Raging Bolt|30/100 brn|[from] move: Pain Split|[silent]
|-sethp|p2a: Rotom|42/100|[from] move: Pain Split
|
|-heal|p2a: Rotom|48/100|[from] item: Leftovers
|-damage|p1a: Raging Bolt|24/100 brn|[from] brn
|upkeep
|turn|13
|
|t:|1759053847
|move|p1a: Raging Bolt|Thunderbolt|p2a: Rotom
|-damage|p2a: Rotom|0 fnt
|faint|p2a: Rotom
|
|-damage|p1a: Raging Bolt|18/100 brn|[from] brn
|upkeep
|
|t:|1759053853
|switch|p2a: Tyranitar|Tyranitar, M|88/100
|-damage|p2a: Tyranitar|76/100|[from] Stealth Rock
|-weather|Sandstorm|[from] ability: Sand Stream|[of] p2a: Tyranitar
|turn|14
|
|t:|1759053864
|-end|p1a: Raging Bolt|Protosynthesis|[silent]
|switch|p1a: Landorus|Landorus-Therian, M|15/100
|-damage|p1a: Landorus|3/100|[from] Stealth Rock
|-ability|p1a: Landorus|Intimidate|boost
|-unboost|p2a: Tyranitar|atk|1
|move|p2a: Tyranitar|Knock Off|p1a: Landorus
|-damage|p1a: Landorus|0 fnt
|-damage|p2a: Tyranitar|59/100|[from] item: Rocky Helmet|[of] p1a: Landorus
|-enditem|p1a: Landorus|Rocky Helmet|[from] move: Knock Off|[of] p2a: Tyranitar
|faint|p1a: Landorus
|
|-weather|Sandstorm|[upkeep]
|upkeep
|
|t:|1759053867
|switch|p1a: Slaking|Slaking, M|100/100
|-damage|p1a: Slaking|88/100|[from] Stealth Rock
|turn|15
|
|t:|1759053872
|move|p1a: Slaking|Earthquake|p2a: Tyranitar
|-supereffective|p2a: Tyranitar
|-damage|p2a: Tyranitar|0 fnt
|faint|p2a: Tyranitar
|
|-weather|Sandstorm|[upkeep]
|-damage|p1a: Slaking|82/100|[from] Sandstorm
|upkeep
|
|t:|1759053874
|switch|p2a: Kingambit|Kingambit, F|100/100
|-damage|p2a: Kingambit|94/100|[from] Stealth Rock
|-activate|p2a: Kingambit|ability: Supreme Overlord
|-start|p2a: Kingambit|fallen4|[silent]
|turn|16
|
|t:|1759053876
|switch|p1a: Gholdengo|Gholdengo|100/100
|-damage|p1a: Gholdengo|94/100|[from] Stealth Rock
|move|p2a: Kingambit|Swords Dance|p2a: Kingambit
|-boost|p2a: Kingambit|atk|2
|
|-weather|Sandstorm|[upkeep]
|upkeep
|turn|17
|
|t:|1759053893
|-terastallize|p1a: Gholdengo|Fighting
|move|p1a: Gholdengo|Focus Blast|p2a: Kingambit|[miss]
|-miss|p1a: Gholdengo|p2a: Kingambit
|move|p2a: Kingambit|Iron Head|p1a: Gholdengo
|-damage|p1a: Gholdengo|0 fnt
|faint|p1a: Gholdengo
|
|-weather|Sandstorm|[upkeep]
|upkeep
|
|t:|1759053899
|switch|p1a: Slaking|Slaking, M|82/100
|-damage|p1a: Slaking|69/100|[from] Stealth Rock
|turn|18
|
|t:|1759053903
|-terastallize|p2a: Kingambit|Dark
|move|p2a: Kingambit|Sucker Punch|p1a: Slaking
|-damage|p1a: Slaking|0 fnt
|faint|p1a: Slaking
|
|-weather|Sandstorm|[upkeep]
|-damage|p2a: Kingambit|88/100|[from] Sandstorm
|upkeep
|
|t:|1759053907
|switch|p1a: Pecharunt|Pecharunt|100/100
|turn|19
|
|t:|1759053910
|move|p2a: Kingambit|Sucker Punch||[still]
|-fail|p2a: Kingambit
|move|p1a: Pecharunt|Nasty Plot|p1a: Pecharunt
|-boost|p1a: Pecharunt|spa|2
|
|-weather|Sandstorm|[upkeep]
|-damage|p1a: Pecharunt|95/100|[from] Sandstorm
|-damage|p2a: Kingambit|82/100|[from] Sandstorm
|upkeep
|turn|20
|
|t:|1759053913
|move|p2a: Kingambit|Sucker Punch||[still]
|-fail|p2a: Kingambit
|move|p1a: Pecharunt|Nasty Plot|p1a: Pecharunt
|-boost|p1a: Pecharunt|spa|2
|
|-weather|Sandstorm|[upkeep]
|-damage|p1a: Pecharunt|89/100|[from] Sandstorm
|-damage|p2a: Kingambit|76/100|[from] Sandstorm
|upkeep
|turn|21
|
|t:|1759053915
|move|p2a: Kingambit|Sucker Punch||[still]
|-fail|p2a: Kingambit
|move|p1a: Pecharunt|Nasty Plot|p1a: Pecharunt
|-boost|p1a: Pecharunt|spa|2
|
|-weather|none
|upkeep
|turn|22
|
|t:|1759053920
|move|p2a: Kingambit|Sucker Punch||[still]
|-fail|p2a: Kingambit
|move|p1a: Pecharunt|Nasty Plot|p1a: Pecharunt
|-boost|p1a: Pecharunt|spa|0
|
|upkeep
|turn|23
|
|t:|1759053922
|move|p2a: Kingambit|Sucker Punch|p1a: Pecharunt
|-supereffective|p1a: Pecharunt
|-damage|p1a: Pecharunt|0 fnt
|faint|p1a: Pecharunt
|
|upkeep
|
|t:|1759053926
|switch|p1a: Raging Bolt|Raging Bolt|18/100 brn
|turn|24
|l| ffmhbf
|
|t:|1759053930
|move|p1a: Raging Bolt|Thunderclap|p2a: Kingambit
|-crit|p2a: Kingambit
|-damage|p2a: Kingambit|8/100
|move|p2a: Kingambit|Sucker Punch||[still]
|-fail|p2a: Kingambit
|
|-damage|p1a: Raging Bolt|12/100 brn|[from] brn
|upkeep
|turn|25
|
|t:|1759053935
|move|p1a: Raging Bolt|Thunderclap||[still]
|-fail|p1a: Raging Bolt
|move|p2a: Kingambit|Swords Dance|p2a: Kingambit
|-boost|p2a: Kingambit|atk|2
|
|-damage|p1a: Raging Bolt|5/100 brn|[from] brn
|upkeep
|turn|26
|
|t:|1759053938
|move|p2a: Kingambit|Sucker Punch|p1a: Raging Bolt
|-damage|p1a: Raging Bolt|0 fnt
|faint|p1a: Raging Bolt
|-end|p1a: Raging Bolt|Protosynthesis|[silent]
|
|win|nglimfaded
|raw|Blushweaver's rating: 1485 &rarr; <strong>1464</strong><br />(-21 for losing)
|raw|nglimfaded's rating: 1461 &rarr; <strong>1482</strong><br />(+21 for winning)
|l|☆Blushweaver
|player|p1|
|l|☆nglimfaded
|player|p2|
