|j|☆pipotron
|j|☆Mega Belibolt
|t:|1759026413
|gametype|singles
|player|p1|pipotron|2|1569
|player|p2|Mega Belibolt|101|1578
|gen|9
|tier|[Gen 9] OU
|rated|
|rule|HP Percentage Mod: HP is shown in percentages
|rule|Endless Battle Clause: Forcing endless battles is banned
|rule|Species Clause: Limit one of each Pokémon
|rule|OHKO Clause: OHKO moves are banned
|rule|Evasion Items Clause: Evasion items are banned
|rule|Evasion Moves Clause: Evasion moves are banned
|rule|Evasion Abilities Clause: Evasion abilities are banned
|rule|Sleep Moves Clause: Sleep-inducing moves are banned
|clearpoke
|poke|p1|Pecharunt|
|poke|p1|Garganacl, M|
|poke|p1|Sylveon, F|
|poke|p1|Ogerpon-Wellspring, F|
|poke|p1|Iron Treads|
|poke|p1|Zamazenta-*|
|poke|p2|Dragonite, M|
|poke|p2|Ribombee, F|
|poke|p2|Gholdengo|
|poke|p2|Iron Valiant|
|poke|p2|Great Tusk|
|poke|p2|Iron Moth|
|teampreview
|inactive|Battle timer is ON: inactive players will automatically lose when time's up. (requested by Mega Belibolt)
|
|t:|1759026426
|teamsize|p1|6
|teamsize|p2|6
|start
|switch|p1a: Pecharunt|Pecharunt|100/100
|switch|p2a: Ribombee|Ribombee, F|100/100
|turn|1
|
|t:|1759026430
|move|p2a: Ribombee|Sticky Web|p1a: Pecharunt
|-sidestart|p1: pipotron|move: Sticky Web
|move|p1a: Pecharunt|Malignant Chain|p2a: Ribombee
|-supereffective|p2a: Ribombee
|-enditem|p2a: Ribombee|Focus Sash
|-damage|p2a: Ribombee|1/100
|
|upkeep
|turn|2
|
|t:|1759026436
|move|p2a: Ribombee|Stun Spore|p1a: Pecharunt
|-status|p1a: Pecharunt|par
|cant|p1a: Pecharunt|par
|
|upkeep
|turn|3
|
|t:|1759026440
|move|p2a: Ribombee|Moonblast|p1a: Pecharunt
|-resisted|p1a: Pecharunt
|-damage|p1a: Pecharunt|78/100 par
|-unboost|p1a: Pecharunt|spa|1
|move|p1a: Pecharunt|Shadow Ball|p2a: Ribombee
|-damage|p2a: Ribombee|0 fnt
|faint|p2a: Ribombee
|
|upkeep
|
|t:|1759026447
|switch|p2a: Gholdengo|Gholdengo|100/100
|-item|p2a: Gholdengo|Air Balloon
|turn|4
|
|t:|1759026454
|move|p2a: Gholdengo|Shadow Ball|p1a: Pecharunt
|-supereffective|p1a: Pecharunt
|-damage|p1a: Pecharunt|0 fnt
|faint|p1a: Pecharunt
|
|upkeep
|
|t:|1759026455
|switch|p1a: Ogerpon|Ogerpon-Wellspring, F|100/100
|-activate|p1a: Ogerpon|move: Sticky Web
|-unboost|p1a: Ogerpon|spe|1
|turn|5
|
|t:|1759026465
|move|p2a: Gholdengo|Shadow Ball|p1a: Ogerpon
|-damage|p1a: Ogerpon|48/100
|move|p1a: Ogerpon|Knock Off|p2a: Gholdengo
|-supereffective|p2a: Gholdengo
|-damage|p2a: Gholdengo|19/100
|-enditem|p2a: Gholdengo|Air Balloon
|
|upkeep
|turn|6
|
|t:|1759026492
|move|p2a: Gholdengo|Shadow Ball|p1a: Ogerpon
|-damage|p1a: Ogerpon|2/100
|move|p1a: Ogerpon|Knock Off|p2a: Gholdengo
|-supereffective|p2a: Gholdengo
|-damage|p2a: Gholdengo|0 fnt
|faint|p2a: Gholdengo
|
|upkeep
|
|t:|1759026502
|switch|p2a: Iron Valiant|Iron Valiant|100/100
|-enditem|p2a: Iron Valiant|Booster Energy
|-activate|p2a: Iron Valiant|ability: Quark Drive|[fromitem]
|-start|p2a: Iron Valiant|quarkdriveatk
|turn|7
|
|t:|1759026505
|move|p2a: Iron Valiant|Spirit Break|p1a: Ogerpon
|-crit|p1a: Ogerpon
|-damage|p1a: Ogerpon|0 fnt
|faint|p1a: Ogerpon
|
|upkeep
|
|t:|1759026513
|switch|p1a: Sylveon|Sylveon, F|100/100
|-activate|p1a: Sylveon|move: Sticky Web
|-unboost|p1a: Sylveon|spe|1
|turn|8
|
|t:|1759026518
|-end|p2a: Iron Valiant|Quark Drive|[silent]
|switch|p2a: Iron Moth|Iron Moth|100/100
|-enditem|p2a: Iron Moth|Booster Energy
|-activate|p2a: Iron Moth|ability: Quark Drive|[fromitem]
|-start|p2a: Iron Moth|quarkdrivespa
|move|p1a: Sylveon|Draining Kiss|p2a: Iron Moth
|-resisted|p2a: Iron Moth
|-damage|p2a: Iron Moth|95/100
|
|upkeep
|turn|9
|
|t:|1759026523
|switch|p1a: Garganacl|Garganacl, M|100/100
|-activate|p1a: Garganacl|move: Sticky Web
|-unboost|p1a: Garganacl|spe|1
|move|p2a: Iron Moth|Sludge Wave|p1a: Garganacl
|-resisted|p1a: Garganacl
|-crit|p1a: Garganacl
|-damage|p1a: Garganacl|49/100
|
|-heal|p1a: Garganacl|55/100|[from] item: Leftovers
|upkeep
|turn|10
|
|t:|1759026529
|move|p2a: Iron Moth|Energy Ball|p1a: Garganacl
|-supereffective|p1a: Garganacl
|-damage|p1a: Garganacl|0 fnt
|faint|p1a: Garganacl
|
|upkeep
|
|t:|1759026535
|switch|p1a: Iron Treads|Iron Treads|100/100
|-activate|p1a: Iron Treads|move: Sticky Web
|-unboost|p1a: Iron Treads|spe|1
|-enditem|p1a: Iron Treads|Booster Energy
|-activate|p1a: Iron Treads|ability: Quark Drive|[fromitem]
|-start|p1a: Iron Treads|quarkdriveatk
|turn|11
|
|t:|1759026539
|-terastallize|p1a: Iron Treads|Ground
|move|p2a: Iron Moth|Fiery Dance|p1a: Iron Treads
|-damage|p1a: Iron Treads|11/100
|-boost|p2a: Iron Moth|spa|1
|move|p1a: Iron Treads|Rapid Spin|p2a: Iron Moth
|-damage|p2a: Iron Moth|54/100
|-boost|p1a: Iron Treads|spe|1
|-sideend|p1: pipotron|Sticky Web|[from] move: Rapid Spin|[of] p1a: Iron Treads
|
|upkeep
|turn|12
|
|t:|1759026551
|-end|p2a: Iron Moth|Quark Drive|[silent]
|switch|p2a: Dragonite|Dragonite, M|100/100
|move|p1a: Iron Treads|Earthquake|p2a: Dragonite
|-immune|p2a: Dragonite
|
|upkeep
|turn|13
|
|t:|1759026556
|-end|p1a: Iron Treads|Quark Drive|[silent]
|switch|p1a: Sylveon|Sylveon, F|100/100
|move|p2a: Dragonite|Extreme Speed|p1a: Sylveon
|-damage|p1a: Sylveon|64/100
|
|upkeep
|turn|14
|
|t:|1759026562
|move|p2a: Dragonite|Dragon Dance|p2a: Dragonite
|-boost|p2a: Dragonite|atk|1
|-boost|p2a: Dragonite|spe|1
|move|p1a: Sylveon|Misty Explosion|p2a: Dragonite
|-supereffective|p2a: Dragonite
|-damage|p2a: Dragonite|52/100
|-enditem|p2a: Dragonite|Weakness Policy
|-boost|p2a: Dragonite|atk|2|[from] item: Weakness Policy
|-boost|p2a: Dragonite|spa|2|[from] item: Weakness Policy
|faint|p1a: Sylveon
|
|upkeep
|
|t:|1759026566
|switch|p1a: Zamazenta|Zamazenta|100/100
|-ability|p1a: Zamazenta|Dauntless Shield|boost
|-boost|p1a: Zamazenta|def|1
|turn|15
|
|t:|1759026571
|-terastallize|p2a: Dragonite|Normal
|move|p2a: Dragonite|Extreme Speed|p1a: Zamazenta
|-damage|p1a: Zamazenta|27/100
|move|p1a: Zamazenta|Iron Defense|p1a: Zamazenta
|-boost|p1a: Zamazenta|def|2
|
|upkeep
|turn|16
|
|t:|1759026580
|move|p1a: Zamazenta|Body Press|p2a: Dragonite
|-supereffective|p2a: Dragonite
|-crit|p2a: Dragonite
|-damage|p2a: Dragonite|0 fnt
|faint|p2a: Dragonite
|
|upkeep
|
|t:|1759026588
|switch|p2a: Great Tusk|Great Tusk|100/100
|-enditem|p2a: Great Tusk|Booster Energy
|-activate|p2a: Great Tusk|ability: Protosynthesis|[fromitem]
|-start|p2a: Great Tusk|protosynthesisspe
|turn|17
|
|t:|1759026593
|move|p2a: Great Tusk|Headlong Rush|p1a: Zamazenta
|-damage|p1a: Zamazenta|8/100
|-unboost|p2a: Great Tusk|def|1
|-unboost|p2a: Great Tusk|spd|1
|move|p1a: Zamazenta|Body Press|p2a: Great Tusk
|-damage|p2a: Great Tusk|28/100
|
|upkeep
|turn|18
|
|t:|1759026598
|move|p2a: Great Tusk|Headlong Rush|p1a: Zamazenta
|-damage|p1a: Zamazenta|0 fnt
|-unboost|p2a: Great Tusk|def|1
|-unboost|p2a: Great Tusk|spd|1
|faint|p1a: Zamazenta
|
|upkeep
|-message|pipotron forfeited.
|
|win|Mega Belibolt
|raw|pipotron's rating: 1569 &rarr; <strong>1550</strong><br />(-19 for losing)
|raw|Mega Belibolt's rating: 1578 &rarr; <strong>1597</strong><br />(+19 for winning)
|l|☆pipotron
|player|p1|
