|j|☆64Unitesdespleen
|j|☆jahleel
|t:|1759066401
|gametype|singles
|player|p1|64Unitesdespleen|winona|1539
|player|p2|jahleel|dancer|1633
|gen|9
|tier|[Gen 9] OU
|rated|
|rule|HP Percentage Mod: HP is shown in percentages
|rule|Endless Battle Clause: Forcing endless battles is banned
|rule|Species Clause: Limit one of each Pokémon
|rule|OHKO Clause: OHKO moves are banned
|rule|Evasion Items Clause: Evasion items are banned
|rule|Evasion Moves Clause: Evasion moves are banned
|rule|Evasion Abilities Clause: Evasion abilities are banned
|rule|Sleep Moves Clause: Sleep-inducing moves are banned
|clearpoke
|poke|p1|Hatterene, F|
|poke|p1|Torkoal, F|
|poke|p1|Crabominable, F|
|poke|p1|Slowking-Galar, M|
|poke|p1|Cresselia, F|
|poke|p1|Ursaluna, F|
|poke|p2|Iron Valiant|
|poke|p2|Cinderace, M|
|poke|p2|Slowking-Galar, F|
|poke|p2|Corviknight, F|
|poke|p2|Garganacl, M|
|poke|p2|Great Tusk|
|teampreview
|inactive|Battle timer is ON: inactive players will automatically lose when time's up. (requested by 64Unitesdespleen)
|
|t:|1759066421
|teamsize|p1|6
|teamsize|p2|6
|start
|switch|p1a: Hatterene|Hatterene, F|100/100
|switch|p2a: ShrimpKing|Slowking-Galar, F|100/100
|turn|1
|inactive|64Unitesdespleen has 120 seconds left.
|
|t:|1759066455
|move|p2a: ShrimpKing|Sludge Bomb|p1a: Hatterene
|-supereffective|p1a: Hatterene
|-crit|p1a: Hatterene
|-enditem|p1a: Hatterene|Focus Sash
|-damage|p1a: Hatterene|1/100
|move|p1a: Hatterene|Trick Room|p1a: Hatterene
|-fieldstart|move: Trick Room|[of] p1a: Hatterene
|
|upkeep
|turn|2
|inactive|64Unitesdespleen has 120 seconds left.
|
|t:|1759066468
|move|p1a: Hatterene|Psyshock|p2a: ShrimpKing
|-damage|p2a: ShrimpKing|51/100
|move|p2a: ShrimpKing|Sludge Bomb|p1a: Hatterene
|-supereffective|p1a: Hatterene
|-damage|p1a: Hatterene|0 fnt
|faint|p1a: Hatterene
|
|upkeep
|inactive|64Unitesdespleen has 120 seconds left.
|
|t:|1759066478
|switch|p1a: Torkoal|Torkoal, F|100/100
|-weather|SunnyDay|[from] ability: Drought|[of] p1a: Torkoal
|turn|3
|inactive|64Unitesdespleen has 120 seconds left.
|
|t:|1759066495
|-terastallize|p2a: ShrimpKing|Water
|move|p1a: Torkoal|Eruption|p2a: ShrimpKing
|-resisted|p2a: ShrimpKing
|-damage|p2a: ShrimpKing|6/100
|-prepare|p2a: ShrimpKing|Chilly Reception|[premajor]
|move|p2a: ShrimpKing|Chilly Reception|p2a: ShrimpKing
|-weather|Snowscape
|
|t:|1759066506
|switch|p2a: Garganacl|Garganacl, M|100/100|[from] Chilly Reception
|
|-weather|Snowscape|[upkeep]
|upkeep
|turn|4
|
|t:|1759066520
|switch|p1a: Ursaluna|Ursaluna, F|100/100
|move|p2a: Garganacl|Stealth Rock|p1a: Ursaluna
|-sidestart|p1: 64Unitesdespleen|move: Stealth Rock
|
|-weather|Snowscape|[upkeep]
|-status|p1a: Ursaluna|brn|[from] item: Flame Orb
|upkeep
|turn|5
|inactive|jahleel has 120 seconds left.
|
|t:|1759066542
|switch|p2a: BigBird|Corviknight, F|100/100
|-ability|p2a: BigBird|Pressure
|move|p1a: Ursaluna|Swords Dance|p1a: Ursaluna
|-boost|p1a: Ursaluna|atk|2
|
|-weather|Snowscape|[upkeep]
|-damage|p1a: Ursaluna|94/100 brn|[from] brn
|-fieldend|move: Trick Room
|upkeep
|turn|6
|
|t:|1759066550
|move|p2a: BigBird|Body Press|p1a: Ursaluna
|-supereffective|p1a: Ursaluna
|-damage|p1a: Ursaluna|60/100 brn
|move|p1a: Ursaluna|Fire Punch|p2a: BigBird
|-supereffective|p2a: BigBird
|-damage|p2a: BigBird|0 fnt
|-damage|p1a: Ursaluna|43/100 brn|[from] item: Rocky Helmet|[of] p2a: BigBird
|faint|p2a: BigBird
|
|-weather|Snowscape|[upkeep]
|-damage|p1a: Ursaluna|37/100 brn|[from] brn
|upkeep
|inactive|jahleel has 120 seconds left.
|
|t:|1759066564
|switch|p2a: Judgment|Iron Valiant|100/100
|turn|7
|inactive|jahleel has 120 seconds left.
|
|t:|1759066581
|switch|p1a: Cresselia|Cresselia, F|100/100
|-damage|p1a: Cresselia|88/100|[from] Stealth Rock
|move|p2a: Judgment|Moonblast|p1a: Cresselia
|-damage|p1a: Cresselia|43/100
|
|-weather|none
|upkeep
|turn|8
|
|t:|1759066589
|switch|p1a: Slowking|Slowking-Galar, M|100/100
|move|p2a: Judgment|Moonblast|p1a: Slowking
|-resisted|p1a: Slowking
|-damage|p1a: Slowking|79/100
|
|upkeep
|turn|9
|
|t:|1759066593
|-end|p2a: Judgment|Quark Drive|[silent]
|switch|p2a: ShrimpKing|Slowking-Galar, F, tera:Water|39/100
|move|p1a: Slowking|Trick Room|p1a: Slowking
|-fieldstart|move: Trick Room|[of] p1a: Slowking
|
|upkeep
|turn|10
|
|t:|1759066600
|switch|p2a: Garganacl|Garganacl, M|100/100
|move|p1a: Slowking|Sludge Bomb|p2a: Garganacl
|-resisted|p2a: Garganacl
|-damage|p2a: Garganacl|90/100
|
|-heal|p2a: Garganacl|96/100|[from] item: Leftovers
|upkeep
|turn|11
|inactive|jahleel has 120 seconds left.
|
|t:|1759066633
|switch|p2a: ShrimpKing|Slowking-Galar, F, tera:Water|73/100
|-prepare|p1a: Slowking|Chilly Reception|[premajor]
|move|p1a: Slowking|Chilly Reception|p1a: Slowking
|-weather|Snowscape
|
|t:|1759066637
|switch|p1a: Ursaluna|Ursaluna, F|37/100 brn|[from] Chilly Reception
|-damage|p1a: Ursaluna|31/100 brn|[from] Stealth Rock
|
|-weather|Snowscape|[upkeep]
|-damage|p1a: Ursaluna|25/100 brn|[from] brn
|upkeep
|turn|12
|inactive|jahleel has 120 seconds left.
|
|t:|1759066657
|switch|p2a: TuskyHustle|Great Tusk|100/100
|move|p1a: Ursaluna|Headlong Rush|p2a: TuskyHustle
|-damage|p2a: TuskyHustle|27/100
|-unboost|p1a: Ursaluna|def|1
|-unboost|p1a: Ursaluna|spd|1
|
|-weather|Snowscape|[upkeep]
|-damage|p1a: Ursaluna|19/100 brn|[from] brn
|upkeep
|turn|13
|
|t:|1759066662
|move|p1a: Ursaluna|Headlong Rush|p2a: TuskyHustle
|-damage|p2a: TuskyHustle|0 fnt
|-unboost|p1a: Ursaluna|def|1
|-unboost|p1a: Ursaluna|spd|1
|faint|p2a: TuskyHustle
|-end|p2a: TuskyHustle|Protosynthesis|[silent]
|
|-weather|Snowscape|[upkeep]
|-damage|p1a: Ursaluna|13/100 brn|[from] brn
|-fieldend|move: Trick Room
|upkeep
|
|t:|1759066671
|switch|p2a: HotPocket|Cinderace, M|100/100
|turn|14
|
|t:|1759066690
|switch|p1a: Crabominable|Crabominable, F|100/100
|-damage|p1a: Crabominable|88/100|[from] Stealth Rock
|move|p2a: HotPocket|U-turn|p1a: Crabominable
|-start|p2a: HotPocket|typechange|Bug|[from] ability: Libero
|-resisted|p1a: Crabominable
|-damage|p1a: Crabominable|77/100
|
|t:|1759066705
|switch|p2a: Judgment|Iron Valiant|100/100|[from] U-turn
|
|-weather|Snowscape|[upkeep]
|upkeep
|turn|15
|
|t:|1759066708
|move|p2a: Judgment|Knock Off|p1a: Crabominable
|-resisted|p1a: Crabominable
|-damage|p1a: Crabominable|68/100
|-enditem|p1a: Crabominable|Punching Glove|[from] move: Knock Off|[of] p2a: Judgment
|move|p1a: Crabominable|Ice Hammer|p2a: Judgment
|-damage|p2a: Judgment|13/100
|-unboost|p1a: Crabominable|spe|1
|
|-weather|none
|upkeep
|turn|16
|
|t:|1759066717
|-end|p2a: Judgment|Quark Drive|[silent]
|switch|p2a: HotPocket|Cinderace, M|100/100
|move|p1a: Crabominable|Ice Hammer|p2a: HotPocket
|-resisted|p2a: HotPocket
|-damage|p2a: HotPocket|48/100
|-unboost|p1a: Crabominable|spe|1
|
|upkeep
|turn|17
|
|t:|1759066722
|move|p2a: HotPocket|Pyro Ball|p1a: Crabominable
|-supereffective|p1a: Crabominable
|-damage|p1a: Crabominable|0 fnt
|faint|p1a: Crabominable
|
|upkeep
|
|t:|1759066724
|switch|p1a: Slowking|Slowking-Galar, M|100/100
|turn|18
|
|t:|1759066728
|move|p2a: HotPocket|Pyro Ball|p1a: Slowking
|-damage|p1a: Slowking|37/100
|-status|p1a: Slowking|brn
|-prepare|p1a: Slowking|Chilly Reception|[premajor]
|move|p1a: Slowking|Chilly Reception|p1a: Slowking
|-weather|Snowscape
|
|t:|1759066732
|switch|p1a: Torkoal|Torkoal, F|100/100|[from] Chilly Reception
|-damage|p1a: Torkoal|76/100|[from] Stealth Rock
|-weather|SunnyDay|[from] ability: Drought|[of] p1a: Torkoal
|
|-weather|SunnyDay|[upkeep]
|upkeep
|turn|19
|
|t:|1759066739
|move|p2a: HotPocket|U-turn|p1a: Torkoal
|-start|p2a: HotPocket|typechange|Bug|[from] ability: Libero
|-resisted|p1a: Torkoal
|-damage|p1a: Torkoal|63/100
|
|t:|1759066744
|switch|p2a: Garganacl|Garganacl, M|96/100|[from] U-turn
|move|p1a: Torkoal|Earth Power|p2a: Garganacl
|-supereffective|p2a: Garganacl
|-damage|p2a: Garganacl|49/100
|
|-weather|SunnyDay|[upkeep]
|-heal|p2a: Garganacl|55/100|[from] item: Leftovers
|upkeep
|turn|20
|
|t:|1759066752
|move|p2a: Garganacl|Protect|p2a: Garganacl
|-singleturn|p2a: Garganacl|Protect
|move|p1a: Torkoal|Earth Power|p2a: Garganacl
|-activate|p2a: Garganacl|move: Protect
|
|-weather|SunnyDay|[upkeep]
|-heal|p2a: Garganacl|61/100|[from] item: Leftovers
|upkeep
|turn|21
|
|t:|1759066756
|switch|p2a: ShrimpKing|Slowking-Galar, F, tera:Water|100/100
|move|p1a: Torkoal|Earth Power|p2a: ShrimpKing
|-damage|p2a: ShrimpKing|77/100
|-unboost|p2a: ShrimpKing|spd|1
|
|-weather|SunnyDay|[upkeep]
|upkeep
|turn|22
|
|t:|1759066759
|switch|p1a: Cresselia|Cresselia, F|43/100
|-damage|p1a: Cresselia|31/100|[from] Stealth Rock
|-prepare|p2a: ShrimpKing|Chilly Reception|[premajor]
|move|p2a: ShrimpKing|Chilly Reception|p2a: ShrimpKing
|-weather|Snowscape
|
|t:|1759066763
|switch|p2a: Judgment|Iron Valiant|13/100|[from] Chilly Reception
|
|-weather|Snowscape|[upkeep]
|upkeep
|turn|23
|
|t:|1759066770
|move|p2a: Judgment|Shadow Ball|p1a: Cresselia
|-supereffective|p1a: Cresselia
|-damage|p1a: Cresselia|0 fnt
|faint|p1a: Cresselia
|
|-weather|Snowscape|[upkeep]
|upkeep
|
|t:|1759066778
|switch|p1a: Ursaluna|Ursaluna, F|13/100 brn
|-damage|p1a: Ursaluna|7/100 brn|[from] Stealth Rock
|turn|24
|
|t:|1759066793
|move|p2a: Judgment|Shadow Ball|p1a: Ursaluna
|-immune|p1a: Ursaluna
|move|p1a: Ursaluna|Facade|p2a: Judgment
|-damage|p2a: Judgment|0 fnt
|faint|p2a: Judgment
|-end|p2a: Judgment|Quark Drive|[silent]
|
|-weather|Snowscape|[upkeep]
|-damage|p1a: Ursaluna|1/100 brn|[from] brn
|upkeep
|
|t:|1759066796
|switch|p2a: HotPocket|Cinderace, M|48/100
|turn|25
|
|t:|1759066801
|move|p2a: HotPocket|U-turn|p1a: Ursaluna
|-start|p2a: HotPocket|typechange|Bug|[from] ability: Libero
|-damage|p1a: Ursaluna|0 fnt
|faint|p1a: Ursaluna
|-message|64Unitesdespleen forfeited.
|
|win|jahleel
|raw|64Unitesdespleen's rating: 1539 &rarr; <strong>1524</strong><br />(-15 for losing)
|raw|jahleel's rating: 1633 &rarr; <strong>1648</strong><br />(+15 for winning)
|l|☆64Unitesdespleen
|player|p1|
|l|☆jahleel
|player|p2|
