|j|☆icebeamprodigy
|j|☆zxcj1221
|t:|1759032781
|gametype|singles
|player|p1|icebeamprodigy|2|1680
|player|p2|zxcj1221|101|1730
|gen|9
|tier|[Gen 9] OU
|rated|
|rule|HP Percentage Mod: HP is shown in percentages
|rule|Endless Battle Clause: Forcing endless battles is banned
|rule|Species Clause: Limit one of each Pokémon
|rule|OHKO Clause: OHKO moves are banned
|rule|Evasion Items Clause: Evasion items are banned
|rule|Evasion Moves Clause: Evasion moves are banned
|rule|Evasion Abilities Clause: Evasion abilities are banned
|rule|Sleep Moves Clause: Sleep-inducing moves are banned
|clearpoke
|poke|p1|Pelipper, F|
|poke|p1|Barraskewda, F|
|poke|p1|Zapdos|
|poke|p1|Iron Treads|
|poke|p1|Ogerpon-Wellspring, F|
|poke|p1|Keldeo-Resolute|
|poke|p2|Greninja-*, M|
|poke|p2|Pelipper, F|
|poke|p2|Manaphy|
|poke|p2|Basculegion, M|
|poke|p2|Araquanid, F|
|poke|p2|Sandy Shocks|
|teampreview
|
|t:|1759032787
|teamsize|p1|6
|teamsize|p2|6
|start
|switch|p1a: Zapdos|Zapdos|100/100
|switch|p2a: Araquanid|Araquanid, F|100/100
|turn|1
|
|t:|1759032792
|move|p1a: Zapdos|Hurricane|p2a: Araquanid
|-supereffective|p2a: Araquanid
|-damage|p2a: Araquanid|0 fnt
|faint|p2a: Araquanid
|
|upkeep
|
|t:|1759032795
|switch|p2a: Sandy Shocks|Sandy Shocks|100/100
|-enditem|p2a: Sandy Shocks|Booster Energy
|-activate|p2a: Sandy Shocks|ability: Protosynthesis|[fromitem]
|-start|p2a: Sandy Shocks|protosynthesisspe
|turn|2
|
|t:|1759032800
|switch|p1a: Iron Treads|Iron Treads|100/100
|move|p2a: Sandy Shocks|Stealth Rock|p1a: Iron Treads
|-sidestart|p1: icebeamprodigy|move: Stealth Rock
|
|upkeep
|turn|3
|
|t:|1759032805
|-end|p1a: Iron Treads|Quark Drive|[silent]
|switch|p1a: Pelipper|Pelipper, F|100/100
|-damage|p1a: Pelipper|76/100|[from] Stealth Rock
|-weather|RainDance|[from] ability: Drizzle|[of] p1a: Pelipper
|move|p2a: Sandy Shocks|Earth Power|p1a: Pelipper
|-immune|p1a: Pelipper
|
|-weather|RainDance|[upkeep]
|upkeep
|turn|4
|
|t:|1759032809
|switch|p1a: Iron Treads|Iron Treads|100/100
|-damage|p1a: Iron Treads|97/100|[from] Stealth Rock
|move|p2a: Sandy Shocks|Thunderbolt|p1a: Iron Treads
|-immune|p1a: Iron Treads
|
|-weather|RainDance|[upkeep]
|upkeep
|turn|5
|
|t:|1759032813
|move|p2a: Sandy Shocks|Earth Power|p1a: Iron Treads
|-supereffective|p1a: Iron Treads
|-damage|p1a: Iron Treads|23/100
|-enditem|p1a: Iron Treads|Eject Button
|
|t:|1759032817
|-end|p1a: Iron Treads|Quark Drive|[silent]
|switch|p1a: Barraskewda|Barraskewda, F|100/100
|-damage|p1a: Barraskewda|88/100|[from] Stealth Rock
|
|-weather|RainDance|[upkeep]
|upkeep
|turn|6
|
|t:|1759032822
|-terastallize|p2a: Sandy Shocks|Ice
|move|p1a: Barraskewda|Liquidation|p2a: Sandy Shocks
|-damage|p2a: Sandy Shocks|28/100
|-unboost|p2a: Sandy Shocks|def|1
|move|p2a: Sandy Shocks|Thunderbolt|p1a: Barraskewda
|-supereffective|p1a: Barraskewda
|-damage|p1a: Barraskewda|0 fnt
|faint|p1a: Barraskewda
|
|-weather|RainDance|[upkeep]
|upkeep
|
|t:|1759032825
|switch|p1a: Keldeo|Keldeo-Resolute|100/100
|-damage|p1a: Keldeo|94/100|[from] Stealth Rock
|turn|7
|
|t:|1759032830
|move|p1a: Keldeo|Vacuum Wave|p2a: Sandy Shocks
|-supereffective|p2a: Sandy Shocks
|-damage|p2a: Sandy Shocks|0 fnt
|faint|p2a: Sandy Shocks
|-end|p2a: Sandy Shocks|Protosynthesis|[silent]
|
|-weather|RainDance|[upkeep]
|upkeep
|
|t:|1759032834
|switch|p2a: Basculegion|Basculegion, M|100/100
|turn|8
|
|t:|1759032838
|switch|p1a: Iron Treads|Iron Treads|23/100
|-damage|p1a: Iron Treads|20/100|[from] Stealth Rock
|move|p2a: Basculegion|Head Smash|p1a: Iron Treads|[miss]
|-miss|p2a: Basculegion|p1a: Iron Treads
|
|-weather|RainDance|[upkeep]
|upkeep
|turn|9
|
|t:|1759032843
|switch|p2a: Manaphy|Manaphy|100/100
|move|p1a: Iron Treads|Knock Off|p2a: Manaphy
|-damage|p2a: Manaphy|78/100
|-enditem|p2a: Manaphy|Heavy-Duty Boots|[from] move: Knock Off|[of] p1a: Iron Treads
|
|-weather|RainDance|[upkeep]
|upkeep
|turn|10
|
|t:|1759032849
|move|p1a: Iron Treads|Rapid Spin|p2a: Manaphy
|-damage|p2a: Manaphy|66/100
|-boost|p1a: Iron Treads|spe|1
|-sideend|p1: icebeamprodigy|Stealth Rock|[from] move: Rapid Spin|[of] p1a: Iron Treads
|move|p2a: Manaphy|Tail Glow|p2a: Manaphy
|-boost|p2a: Manaphy|spa|3
|
|-weather|none
|upkeep
|turn|11
|
|t:|1759032853
|move|p1a: Iron Treads|Earthquake|p2a: Manaphy
|-damage|p2a: Manaphy|36/100
|move|p2a: Manaphy|Surf|p1a: Iron Treads
|-supereffective|p1a: Iron Treads
|-damage|p1a: Iron Treads|0 fnt
|faint|p1a: Iron Treads
|-end|p1a: Iron Treads|Quark Drive|[silent]
|
|upkeep
|inactive|Battle timer is ON: inactive players will automatically lose when time's up. (requested by zxcj1221)
|
|t:|1759032874
|switch|p1a: Keldeo|Keldeo-Resolute|94/100
|turn|12
|
|t:|1759032892
|switch|p2a: Pelipper|Pelipper, F|100/100
|-weather|RainDance|[from] ability: Drizzle|[of] p2a: Pelipper
|move|p1a: Keldeo|Aura Sphere|p2a: Pelipper
|-resisted|p2a: Pelipper
|-crit|p2a: Pelipper
|-damage|p2a: Pelipper|33/100
|
|-weather|RainDance|[upkeep]
|upkeep
|turn|13
|inactive|zxcj1221 has 120 seconds left.
|
|t:|1759032922
|move|p1a: Keldeo|Aura Sphere|p2a: Pelipper
|-resisted|p2a: Pelipper
|-damage|p2a: Pelipper|0 fnt
|faint|p2a: Pelipper
|
|-weather|RainDance|[upkeep]
|upkeep
|
|t:|1759032927
|switch|p2a: Basculegion|Basculegion, M|100/100
|turn|14
|
|t:|1759032940
|switch|p1a: Pelipper|Pelipper, F|76/100
|move|p2a: Basculegion|Head Smash|p1a: Pelipper
|-supereffective|p1a: Pelipper
|-damage|p1a: Pelipper|0 fnt
|faint|p1a: Pelipper
|-damage|p2a: Basculegion|68/100|[from] Recoil
|
|-weather|RainDance|[upkeep]
|upkeep
|
|t:|1759032957
|switch|p1a: Ogerpon|Ogerpon-Wellspring, F|100/100
|turn|15
|
|t:|1759032967
|move|p2a: Basculegion|Head Smash|p1a: Ogerpon
|-damage|p1a: Ogerpon|0 fnt
|faint|p1a: Ogerpon
|-damage|p2a: Basculegion|29/100|[from] Recoil
|
|-weather|RainDance|[upkeep]
|upkeep
|
|t:|1759032984
|switch|p1a: Zapdos|Zapdos|100/100
|turn|16
|
|t:|1759032990
|move|p2a: Basculegion|Head Smash|p1a: Zapdos
|-supereffective|p1a: Zapdos
|-damage|p1a: Zapdos|0 fnt
|faint|p1a: Zapdos
|-damage|p2a: Basculegion|0 fnt|[from] Recoil
|faint|p2a: Basculegion
|
|-weather|RainDance|[upkeep]
|upkeep
|
|t:|1759032993
|switch|p1a: Keldeo|Keldeo-Resolute|94/100
|switch|p2a: Greninja|Greninja, M|100/100
|turn|17
|
|t:|1759032997
|-terastallize|p1a: Keldeo|Fighting
|move|p1a: Keldeo|Vacuum Wave|p2a: Greninja
|-supereffective|p2a: Greninja
|-damage|p2a: Greninja|0 fnt
|faint|p2a: Greninja
|
|-weather|RainDance|[upkeep]
|upkeep
|
|t:|1759033001
|switch|p2a: Manaphy|Manaphy|36/100
|turn|18
|j| narwhale37
|
|t:|1759033003
|move|p1a: Keldeo|Vacuum Wave|p2a: Manaphy
|-damage|p2a: Manaphy|3/100
|move|p2a: Manaphy|Rest|p2a: Manaphy
|-status|p2a: Manaphy|slp|[from] move: Rest
|-heal|p2a: Manaphy|100/100 slp|[silent]
|
|-weather|RainDance|[upkeep]
|-activate|p2a: Manaphy|ability: Hydration
|-curestatus|p2a: Manaphy|slp|[msg]
|upkeep
|turn|19
|
|t:|1759033007
|move|p1a: Keldeo|Vacuum Wave|p2a: Manaphy
|-damage|p2a: Manaphy|64/100
|move|p2a: Manaphy|Surf|p1a: Keldeo
|-damage|p1a: Keldeo|20/100
|
|-weather|none
|upkeep
|turn|20
|
|t:|1759033010
|move|p1a: Keldeo|Vacuum Wave|p2a: Manaphy
|-damage|p2a: Manaphy|28/100
|move|p2a: Manaphy|Surf|p1a: Keldeo
|-damage|p1a: Keldeo|0 fnt
|faint|p1a: Keldeo
|
|win|zxcj1221
|raw|icebeamprodigy's rating: 1680 &rarr; <strong>1663</strong><br />(-17 for losing)
|raw|zxcj1221's rating: 1730 &rarr; <strong>1747</strong><br />(+17 for winning)
|l|☆icebeamprodigy
|player|p1|
|l|☆zxcj1221
|player|p2|
|l| narwhale37
