|j|☆lightnight92
|j|☆Sauron dark
|t:|1759062529
|gametype|singles
|player|p1|lightnight92|266|1222
|player|p2|Sauron dark|266|1275
|gen|9
|tier|[Gen 9] OU
|rated|
|rule|HP Percentage Mod: HP is shown in percentages
|rule|Endless Battle Clause: Forcing endless battles is banned
|rule|Species Clause: Limit one of each Pokémon
|rule|OHKO Clause: OHKO moves are banned
|rule|Evasion Items Clause: Evasion items are banned
|rule|Evasion Moves Clause: Evasion moves are banned
|rule|Evasion Abilities Clause: Evasion abilities are banned
|rule|Sleep Moves Clause: Sleep-inducing moves are banned
|clearpoke
|poke|p1|Grimmsnarl, M|
|poke|p1|Kleavor, F|
|poke|p1|Farigiraf, F|
|poke|p1|Hitmontop, M|
|poke|p1|Dusknoir, F|
|poke|p1|Weezing-Galar, F|
|poke|p2|Alomomola, M|
|poke|p2|Corviknight, M|
|poke|p2|Great Tusk|
|poke|p2|Iron Moth|
|poke|p2|Gliscor, M|
|poke|p2|Gholdengo|
|teampreview
|inactive|Battle timer is ON: inactive players will automatically lose when time's up. (requested by Sauron dark)
|
|t:|1759062557
|teamsize|p1|6
|teamsize|p2|6
|start
|switch|p1a: Dusknoir|Dusknoir, F|100/100
|switch|p2a: Gliscor|Gliscor, M|100/100
|-item|p2a: Gliscor|Toxic Orb|[from] ability: Frisk|[of] p1a: Dusknoir
|turn|1
|
|t:|1759062566
|move|p2a: Gliscor|Protect|p2a: Gliscor
|-singleturn|p2a: Gliscor|Protect
|move|p1a: Dusknoir|Ice Punch|p2a: Gliscor
|-activate|p2a: Gliscor|move: Protect
|
|-status|p2a: Gliscor|tox|[from] item: Toxic Orb
|upkeep
|turn|2
|
|t:|1759062586
|switch|p1a: Kleavor|Kleavor, F|100/100
|move|p2a: Gliscor|Toxic|p1a: Kleavor
|-status|p1a: Kleavor|tox
|
|-damage|p1a: Kleavor|94/100 tox|[from] psn
|upkeep
|turn|3
|
|t:|1759062599
|move|p1a: Kleavor|Trailblaze|p2a: Gliscor
|-damage|p2a: Gliscor|88/100 tox
|-boost|p1a: Kleavor|spe|1
|move|p2a: Gliscor|Stealth Rock|p1a: Kleavor
|-sidestart|p1: lightnight92|move: Stealth Rock
|
|-damage|p1a: Kleavor|82/100 tox|[from] psn
|-heal|p2a: Gliscor|100/100 tox|[from] ability: Poison Heal
|upkeep
|turn|4
|
|t:|1759062609
|move|p1a: Kleavor|Swords Dance|p1a: Kleavor
|-boost|p1a: Kleavor|atk|2
|move|p2a: Gliscor|Earthquake|p1a: Kleavor
|-damage|p1a: Kleavor|38/100 tox
|
|-damage|p1a: Kleavor|19/100 tox|[from] psn
|upkeep
|turn|5
|
|t:|1759062617
|move|p2a: Gliscor|Protect|p2a: Gliscor
|-singleturn|p2a: Gliscor|Protect
|move|p1a: Kleavor|Stone Axe|p2a: Gliscor
|-activate|p2a: Gliscor|move: Protect
|
|-damage|p1a: Kleavor|0 fnt|[from] psn
|faint|p1a: Kleavor
|upkeep
|
|t:|1759062625
|switch|p1a: Hitmontop|Hitmontop, M|100/100
|-ability|p1a: Hitmontop|Intimidate|boost
|-unboost|p2a: Gliscor|atk|1
|turn|6
|
|t:|1759062632
|switch|p2a: Gholdengo|Gholdengo|100/100
|move|p1a: Hitmontop|Ice Spinner|p2a: Gholdengo
|-resisted|p2a: Gholdengo
|-damage|p2a: Gholdengo|86/100
|
|upkeep
|turn|7
|
|t:|1759062651
|move|p1a: Hitmontop|Sucker Punch|p2a: Gholdengo
|-supereffective|p2a: Gholdengo
|-damage|p2a: Gholdengo|37/100
|move|p2a: Gholdengo|Make It Rain|p1a: Hitmontop
|-damage|p1a: Hitmontop|32/100
|-unboost|p2a: Gholdengo|spa|1
|
|upkeep
|turn|8
|
|t:|1759062666
|switch|p2a: Alomomola|Alomomola, M|100/100
|switch|p1a: Dusknoir|Dusknoir, F|100/100
|-damage|p1a: Dusknoir|88/100|[from] Stealth Rock
|-item|p2a: Alomomola|Heavy-Duty Boots|[from] ability: Frisk|[of] p1a: Dusknoir
|
|upkeep
|turn|9
|
|t:|1759062680
|move|p1a: Dusknoir|Poltergeist|p2a: Alomomola
|-activate|p2a: Alomomola|move: Poltergeist|Heavy-Duty Boots
|-damage|p2a: Alomomola|38/100
|move|p2a: Alomomola|Wish|p2a: Alomomola
|
|upkeep
|turn|10
|
|t:|1759062687
|switch|p2a: Corviknight|Corviknight, M|100/100
|move|p1a: Dusknoir|Poltergeist|p2a: Corviknight
|-activate|p2a: Corviknight|move: Poltergeist|Rocky Helmet
|-damage|p2a: Corviknight|41/100
|
|-heal|p2a: Corviknight|100/100|[from] move: Wish|[wisher] Alomomola
|upkeep
|turn|11
|
|t:|1759062710
|move|p2a: Corviknight|Bulk Up|p2a: Corviknight
|-boost|p2a: Corviknight|atk|1
|-boost|p2a: Corviknight|def|1
|move|p1a: Dusknoir|Poltergeist|p2a: Corviknight
|-activate|p2a: Corviknight|move: Poltergeist|Rocky Helmet
|-damage|p2a: Corviknight|60/100
|
|upkeep
|turn|12
|
|t:|1759062727
|switch|p1a: Hitmontop|Hitmontop, M|32/100
|-ability|p1a: Hitmontop|Intimidate|boost
|-ability|p2a: Corviknight|Mirror Armor
|-unboost|p1a: Hitmontop|atk|1
|move|p2a: Corviknight|Roost|p2a: Corviknight
|-heal|p2a: Corviknight|100/100
|-singleturn|p2a: Corviknight|move: Roost
|
|upkeep
|turn|13
|
|t:|1759062742
|move|p1a: Hitmontop|Rapid Spin|p2a: Corviknight
|-resisted|p2a: Corviknight
|-damage|p2a: Corviknight|98/100
|-boost|p1a: Hitmontop|spe|1
|-damage|p1a: Hitmontop|16/100|[from] item: Rocky Helmet|[of] p2a: Corviknight
|-sideend|p1: lightnight92|Stealth Rock|[from] move: Rapid Spin|[of] p1a: Hitmontop
|move|p2a: Corviknight|Bulk Up|p2a: Corviknight
|-boost|p2a: Corviknight|atk|1
|-boost|p2a: Corviknight|def|1
|
|upkeep
|turn|14
|
|t:|1759062757
|switch|p1a: Weezing|Weezing-Galar, F|100/100
|move|p2a: Corviknight|Bulk Up|p2a: Corviknight
|-boost|p2a: Corviknight|atk|1
|-boost|p2a: Corviknight|def|1
|
|upkeep
|turn|15
|
|t:|1759062766
|move|p2a: Corviknight|Brave Bird|p1a: Weezing
|-damage|p1a: Weezing|45/100
|-damage|p2a: Corviknight|82/100|[from] Recoil
|move|p1a: Weezing|Will-O-Wisp|p2a: Corviknight
|-status|p2a: Corviknight|brn
|
|-heal|p1a: Weezing|50/100|[from] item: Black Sludge
|-damage|p2a: Corviknight|76/100 brn|[from] brn
|upkeep
|turn|16
|
|t:|1759062782
|move|p2a: Corviknight|Bulk Up|p2a: Corviknight
|-boost|p2a: Corviknight|atk|1
|-boost|p2a: Corviknight|def|1
|move|p1a: Weezing|Pain Split|p2a: Corviknight
|-sethp|p2a: Corviknight|59/100 brn|[from] move: Pain Split|[silent]
|-sethp|p1a: Weezing|71/100|[from] move: Pain Split
|
|-heal|p1a: Weezing|77/100|[from] item: Black Sludge
|-damage|p2a: Corviknight|53/100 brn|[from] brn
|upkeep
|turn|17
|
|t:|1759062804
|switch|p1a: Grimmsnarl|Grimmsnarl, M|100/100
|move|p2a: Corviknight|Bulk Up|p2a: Corviknight
|-boost|p2a: Corviknight|atk|1
|-boost|p2a: Corviknight|def|1
|
|-damage|p2a: Corviknight|46/100 brn|[from] brn
|upkeep
|turn|18
|
|t:|1759062813
|move|p1a: Grimmsnarl|Reflect|p1a: Grimmsnarl
|-sidestart|p1: lightnight92|Reflect
|move|p2a: Corviknight|Roost|p2a: Corviknight
|-heal|p2a: Corviknight|96/100 brn
|-singleturn|p2a: Corviknight|move: Roost
|
|-damage|p2a: Corviknight|90/100 brn|[from] brn
|upkeep
|turn|19
|
|t:|1759062821
|move|p1a: Grimmsnarl|Light Screen|p1a: Grimmsnarl
|-sidestart|p1: lightnight92|move: Light Screen
|move|p2a: Corviknight|Bulk Up|p2a: Corviknight
|-boost|p2a: Corviknight|atk|1
|-boost|p2a: Corviknight|def|1
|
|-damage|p2a: Corviknight|84/100 brn|[from] brn
|upkeep
|turn|20
|
|t:|1759062841
|move|p1a: Grimmsnarl|Parting Shot|p2a: Corviknight
|-ability|p2a: Corviknight|Mirror Armor
|-unboost|p1a: Grimmsnarl|atk|1
|-ability|p2a: Corviknight|Mirror Armor
|-unboost|p1a: Grimmsnarl|spa|1
|
|t:|1759062852
|switch|p1a: Farigiraf|Farigiraf, F|100/100|[from] Parting Shot
|move|p2a: Corviknight|Body Press|p1a: Farigiraf
|-damage|p1a: Farigiraf|80/100
|
|-damage|p2a: Corviknight|78/100 brn|[from] brn
|upkeep
|turn|21
|
|t:|1759062865
|move|p1a: Farigiraf|Agility|p1a: Farigiraf
|-boost|p1a: Farigiraf|spe|2
|move|p2a: Corviknight|Body Press|p1a: Farigiraf
|-damage|p1a: Farigiraf|58/100
|
|-damage|p2a: Corviknight|71/100 brn|[from] brn
|upkeep
|turn|22
|
|t:|1759062875
|switch|p2a: Gholdengo|Gholdengo|37/100
|move|p1a: Farigiraf|Nasty Plot|p1a: Farigiraf
|-boost|p1a: Farigiraf|spa|2
|
|upkeep
|turn|23
|
|t:|1759062888
|-terastallize|p1a: Farigiraf|Fire
|move|p2a: Gholdengo|Trick|p1a: Farigiraf
|-activate|p2a: Gholdengo|move: Trick|[of] p1a: Farigiraf
|-item|p1a: Farigiraf|Choice Scarf|[from] move: Trick
|-item|p2a: Gholdengo|Weakness Policy|[from] move: Trick
|move|p1a: Farigiraf|Tera Blast|p2a: Gholdengo|[anim] Tera Blast Fire
|-supereffective|p2a: Gholdengo
|-damage|p2a: Gholdengo|0 fnt
|faint|p2a: Gholdengo
|
|upkeep
|
|t:|1759062899
|switch|p2a: Alomomola|Alomomola, M|71/100
|turn|24
|
|t:|1759062909
|move|p2a: Alomomola|Protect|p2a: Alomomola
|-singleturn|p2a: Alomomola|Protect
|move|p1a: Farigiraf|Tera Blast|p2a: Alomomola|[anim] Tera Blast Fire
|-activate|p2a: Alomomola|move: Protect
|
|upkeep
|turn|25
|
|t:|1759062933
|move|p1a: Farigiraf|Tera Blast|p2a: Alomomola|[anim] Tera Blast Fire
|-resisted|p2a: Alomomola
|-damage|p2a: Alomomola|40/100
|move|p2a: Alomomola|Wish|p2a: Alomomola
|
|-sideend|p1: lightnight92|Reflect
|upkeep
|turn|26
|
|t:|1759062947
|move|p1a: Farigiraf|Tera Blast|p2a: Alomomola|[anim] Tera Blast Fire
|-resisted|p2a: Alomomola
|-damage|p2a: Alomomola|10/100
|move|p2a: Alomomola|Mirror Coat|p1a: Farigiraf
|-damage|p1a: Farigiraf|0 fnt
|faint|p1a: Farigiraf
|
|-heal|p2a: Alomomola|60/100|[from] move: Wish|[wisher] Alomomola
|-sideend|p1: lightnight92|move: Light Screen
|upkeep
|
|t:|1759062960
|switch|p1a: Dusknoir|Dusknoir, F|88/100
|-item|p2a: Alomomola|Heavy-Duty Boots|[from] ability: Frisk|[of] p1a: Dusknoir
|turn|27
|
|t:|1759062966
|switch|p2a: Corviknight|Corviknight, M|71/100 brn
|move|p1a: Dusknoir|Poltergeist|p2a: Corviknight
|-activate|p2a: Corviknight|move: Poltergeist|Rocky Helmet
|-damage|p2a: Corviknight|10/100 brn
|
|-damage|p2a: Corviknight|4/100 brn|[from] brn
|upkeep
|turn|28
|
|t:|1759062975
|move|p2a: Corviknight|Brave Bird|p1a: Dusknoir
|-damage|p1a: Dusknoir|72/100
|-damage|p2a: Corviknight|0 fnt|[from] Recoil
|faint|p2a: Corviknight
|move|p1a: Dusknoir|Poltergeist|p2: Corviknight|[notarget]
|-fail|p1a: Dusknoir
|
|upkeep
|
|t:|1759062987
|switch|p2a: Gliscor|Gliscor, M|100/100 tox
|turn|29
|
|t:|1759062995
|switch|p1a: Weezing|Weezing-Galar, F|77/100
|move|p2a: Gliscor|Toxic|p1a: Weezing
|-immune|p1a: Weezing
|
|-heal|p1a: Weezing|83/100|[from] item: Black Sludge
|upkeep
|turn|30
|
|t:|1759063004
|move|p2a: Gliscor|Stealth Rock|p1a: Weezing
|-sidestart|p1: lightnight92|move: Stealth Rock
|move|p1a: Weezing|Toxic Spikes|p2a: Gliscor
|-sidestart|p2: Sauron dark|move: Toxic Spikes
|
|-heal|p1a: Weezing|89/100|[from] item: Black Sludge
|upkeep
|turn|31
|
|t:|1759063024
|switch|p2a: Alomomola|Alomomola, M|94/100
|move|p1a: Weezing|Toxic Spikes|p2a: Alomomola
|-sidestart|p2: Sauron dark|move: Toxic Spikes
|
|-heal|p1a: Weezing|95/100|[from] item: Black Sludge
|upkeep
|turn|32
|
|t:|1759063033
|move|p1a: Weezing|Will-O-Wisp|p2a: Alomomola
|-status|p2a: Alomomola|brn
|move|p2a: Alomomola|Wish|p2a: Alomomola
|
|-heal|p1a: Weezing|100/100|[from] item: Black Sludge
|-damage|p2a: Alomomola|87/100 brn|[from] brn
|upkeep
|turn|33
|
|t:|1759063046
|move|p1a: Weezing|Sludge Bomb|p2a: Alomomola
|-damage|p2a: Alomomola|69/100 brn
|move|p2a: Alomomola|Flip Turn|p1a: Weezing
|-damage|p1a: Weezing|95/100
|
|t:|1759063052
|switch|p2a: Iron Moth|Iron Moth|100/100|[from] Flip Turn
|-sideend|p2: Sauron dark|move: Toxic Spikes|[of] p2a: Iron Moth
|-enditem|p2a: Iron Moth|Booster Energy
|-activate|p2a: Iron Moth|ability: Quark Drive|[fromitem]
|-start|p2a: Iron Moth|quarkdrivespa
|
|-heal|p1a: Weezing|100/100|[from] item: Black Sludge
|upkeep
|turn|34
|
|t:|1759063072
|switch|p1a: Grimmsnarl|Grimmsnarl, M|100/100
|-damage|p1a: Grimmsnarl|88/100|[from] Stealth Rock
|move|p2a: Iron Moth|Substitute|p2a: Iron Moth
|-start|p2a: Iron Moth|Substitute
|-damage|p2a: Iron Moth|76/100
|
|upkeep
|turn|35
|
|t:|1759063081
|move|p1a: Grimmsnarl|Light Screen|p1a: Grimmsnarl
|-sidestart|p1: lightnight92|move: Light Screen
|move|p2a: Iron Moth|Fiery Dance|p1a: Grimmsnarl
|-damage|p1a: Grimmsnarl|58/100
|
|upkeep
|turn|36
|
|t:|1759063089
|move|p1a: Grimmsnarl|Reflect|p1a: Grimmsnarl
|-sidestart|p1: lightnight92|Reflect
|move|p2a: Iron Moth|Fiery Dance|p1a: Grimmsnarl
|-damage|p1a: Grimmsnarl|27/100
|-boost|p2a: Iron Moth|spa|1
|
|upkeep
|turn|37
|
|t:|1759063098
|move|p2a: Iron Moth|Fiery Dance|p1a: Grimmsnarl
|-damage|p1a: Grimmsnarl|0 fnt
|-boost|p2a: Iron Moth|spa|1
|faint|p1a: Grimmsnarl
|
|upkeep
|
|t:|1759063103
|switch|p1a: Dusknoir|Dusknoir, F|72/100
|-damage|p1a: Dusknoir|59/100|[from] Stealth Rock
|turn|38
|
|t:|1759063111
|move|p2a: Iron Moth|Fiery Dance|p1a: Dusknoir
|-damage|p1a: Dusknoir|12/100
|-boost|p2a: Iron Moth|spa|1
|move|p1a: Dusknoir|Poltergeist||[still]
|-fail|p1a: Dusknoir
|
|upkeep
|turn|39
|l|☆lightnight92
|inactive|lightnight92 disconnected and has a minute to reconnect!
|player|p1|
|inactive|lightnight92 has 30 seconds to reconnect!
|inactive|lightnight92 has 20 seconds to reconnect!
|inactive|lightnight92 has 15 seconds to reconnect!
|inactive|lightnight92 has 10 seconds to reconnect!
|inactive|lightnight92 has 5 seconds to reconnect!
|-message|lightnight92 lost due to inactivity.
|
|win|Sauron dark
|raw|lightnight92's rating: 1222 &rarr; <strong>1201</strong><br />(-21 for losing)
|raw|Sauron dark's rating: 1275 &rarr; <strong>1296</strong><br />(+21 for winning)
|l|☆Sauron dark
|player|p2|
