|badge|p2|silver|gen9ou|30-6
|html|<div class="broadcast-red"><strong>This battle is required to be public due to one or more player having a season medal.</strong><br />During the public phase, you can discuss the state of the ladder <a href="/seasondiscussion">in a special chatroom.</a></div>
|uhtml|medal-msg|<div class="broadcast-blue">Curious what those medals under the avatar are? PS now has Ladder Seasons! For more information, check out the <a href="https://www.smogon.com/forums/threads/3740067/">thread on Smogon.</a></div>
|raw|<div class="broadcast-blue"><strong>This battle is required to be public due to a player having a name starting with 'medal'.</div>
|j|☆leezee-yy
|j|☆Almighty Sa'
|t:|1759036448
|gametype|singles
|player|p1|leezee-yy|steven|1713
|player|p2|Almighty Sa'|ethan|1941
|gen|9
|tier|[Gen 9] OU
|rated|
|rule|HP Percentage Mod: HP is shown in percentages
|rule|Endless Battle Clause: Forcing endless battles is banned
|rule|Species Clause: Limit one of each Pokémon
|rule|OHKO Clause: OHKO moves are banned
|rule|Evasion Items Clause: Evasion items are banned
|rule|Evasion Moves Clause: Evasion moves are banned
|rule|Evasion Abilities Clause: Evasion abilities are banned
|rule|Sleep Moves Clause: Sleep-inducing moves are banned
|clearpoke
|poke|p1|Gengar, M|
|poke|p1|Conkeldurr, F|
|poke|p1|Metagross|
|poke|p1|Zapdos|
|poke|p1|Meowscarada, M|
|poke|p1|Zamazenta-*|
|poke|p2|Hoopa-Unbound|
|poke|p2|Zamazenta-*|
|poke|p2|Iron Moth|
|poke|p2|Hatterene, F|
|poke|p2|Iron Treads|
|poke|p2|Dragonite, M|
|teampreview
|inactive|Battle timer is ON: inactive players will automatically lose when time's up. (requested by leezee-yy)
|j| catarina valentine
|l| catarina valentine
|inactive|Almighty Sa' has 120 seconds left.
|inactive|Almighty Sa' has 90 seconds left.
|inactive|Almighty Sa' has 60 seconds left.
|
|t:|1759036567
|teamsize|p1|6
|teamsize|p2|6
|start
|switch|p1a: Meowscarada|Meowscarada, M|100/100
|switch|p2a: Iron Treads|Iron Treads|100/100
|turn|1
|
|t:|1759036575
|move|p1a: Meowscarada|U-turn|p2a: Iron Treads
|-start|p1a: Meowscarada|typechange|Bug|[from] ability: Protean
|-resisted|p2a: Iron Treads
|-damage|p2a: Iron Treads|77/100
|
|t:|1759036577
|switch|p1a: Conkeldurr|Conkeldurr, F|100/100|[from] U-turn
|move|p2a: Iron Treads|Knock Off|p1a: Conkeldurr
|-resisted|p1a: Conkeldurr
|-damage|p1a: Conkeldurr|87/100
|-enditem|p1a: Conkeldurr|Leftovers|[from] move: Knock Off|[of] p2a: Iron Treads
|
|-heal|p2a: Iron Treads|84/100|[from] item: Leftovers
|upkeep
|turn|2
|
|t:|1759036582
|-end|p2a: Iron Treads|Quark Drive|[silent]
|switch|p2a: Hatterene|Hatterene, F|100/100
|move|p1a: Conkeldurr|Fire Punch|p2a: Hatterene
|-damage|p2a: Hatterene|75/100
|-damage|p1a: Conkeldurr|70/100|[from] item: Rocky Helmet|[of] p2a: Hatterene
|
|upkeep
|turn|3
|
|t:|1759036590
|switch|p1a: Metagross|Metagross, shiny|100/100
|move|p2a: Hatterene|Mystical Fire|p1a: Metagross
|-supereffective|p1a: Metagross
|-damage|p1a: Metagross|54/100
|
|-heal|p1a: Metagross|60/100|[from] item: Leftovers
|upkeep
|turn|4
|inactive|Almighty Sa' has 120 seconds left.
|inactive|Almighty Sa' has 90 seconds left.
|
|t:|1759036643
|switch|p2a: Iron Treads|Iron Treads|84/100
|move|p1a: Metagross|Knock Off|p2a: Iron Treads
|-damage|p2a: Iron Treads|51/100
|-enditem|p2a: Iron Treads|Leftovers|[from] move: Knock Off|[of] p1a: Metagross
|
|-heal|p1a: Metagross|66/100|[from] item: Leftovers
|upkeep
|turn|5
|
|t:|1759036667
|switch|p1a: Conkeldurr|Conkeldurr, F|70/100
|move|p2a: Iron Treads|Earthquake|p1a: Conkeldurr
|-damage|p1a: Conkeldurr|31/100
|
|upkeep
|turn|6
|
|t:|1759036676
|move|p1a: Conkeldurr|Mach Punch|p2a: Iron Treads
|-supereffective|p2a: Iron Treads
|-damage|p2a: Iron Treads|4/100
|move|p2a: Iron Treads|Earthquake|p1a: Conkeldurr
|-damage|p1a: Conkeldurr|0 fnt
|faint|p1a: Conkeldurr
|
|upkeep
|
|t:|1759036680
|switch|p1a: Meowscarada|Meowscarada, M|100/100
|turn|7
|
|t:|1759036683
|-end|p2a: Iron Treads|Quark Drive|[silent]
|switch|p2a: Hatterene|Hatterene, F|75/100
|move|p1a: Meowscarada|U-turn|p2a: Hatterene
|-start|p1a: Meowscarada|typechange|Bug|[from] ability: Protean
|-damage|p2a: Hatterene|37/100
|-damage|p1a: Meowscarada|84/100|[from] item: Rocky Helmet|[of] p2a: Hatterene
|
|t:|1759036687
|switch|p1a: Gengar|Gengar, M|100/100|[from] U-turn
|
|upkeep
|turn|8
|
|t:|1759036690
|switch|p1a: Meowscarada|Meowscarada, M|84/100
|switch|p2a: Hoopa|Hoopa-Unbound|100/100
|
|upkeep
|turn|9
|
|t:|1759036703
|switch|p2a: Iron Moth|Iron Moth|100/100
|-enditem|p2a: Iron Moth|Booster Energy
|-activate|p2a: Iron Moth|ability: Quark Drive|[fromitem]
|-start|p2a: Iron Moth|quarkdrivespe
|move|p1a: Meowscarada|U-turn|p2a: Iron Moth
|-start|p1a: Meowscarada|typechange|Bug|[from] ability: Protean
|-resisted|p2a: Iron Moth
|-damage|p2a: Iron Moth|84/100
|
|t:|1759036713
|switch|p1a: Zamazenta|Zamazenta|100/100|[from] U-turn
|-ability|p1a: Zamazenta|Dauntless Shield|boost
|-boost|p1a: Zamazenta|def|1
|
|upkeep
|turn|10
|
|t:|1759036716
|move|p2a: Iron Moth|Fiery Dance|p1a: Zamazenta
|-damage|p1a: Zamazenta|77/100
|-boost|p2a: Iron Moth|spa|1
|move|p1a: Zamazenta|Psychic Fangs|p2a: Iron Moth
|-supereffective|p2a: Iron Moth
|-damage|p2a: Iron Moth|4/100
|
|upkeep
|turn|11
|
|t:|1759036726
|move|p2a: Iron Moth|Sludge Wave|p1a: Zamazenta
|-damage|p1a: Zamazenta|32/100
|move|p1a: Zamazenta|Psychic Fangs|p2a: Iron Moth
|-supereffective|p2a: Iron Moth
|-damage|p2a: Iron Moth|0 fnt
|faint|p2a: Iron Moth
|-end|p2a: Iron Moth|Quark Drive|[silent]
|
|upkeep
|
|t:|1759036734
|switch|p2a: Hoopa|Hoopa-Unbound|100/100
|turn|12
|j| lvBreakfast
|l| lvBreakfast
|
|t:|1759036740
|move|p2a: Hoopa|Psychic|p1a: Zamazenta
|-supereffective|p1a: Zamazenta
|-damage|p1a: Zamazenta|0 fnt
|faint|p1a: Zamazenta
|
|upkeep
|
|t:|1759036743
|switch|p1a: Meowscarada|Meowscarada, M|84/100
|turn|13
|
|t:|1759036748
|switch|p2a: Hatterene|Hatterene, F|37/100
|move|p1a: Meowscarada|U-turn|p2a: Hatterene
|-start|p1a: Meowscarada|typechange|Bug|[from] ability: Protean
|-damage|p2a: Hatterene|0 fnt
|-damage|p1a: Meowscarada|67/100|[from] item: Rocky Helmet|[of] p2a: Hatterene
|faint|p2a: Hatterene
|
|t:|1759036753
|switch|p1a: Zapdos|Zapdos|100/100|[from] U-turn
|
|upkeep
|
|t:|1759036759
|switch|p2a: Iron Treads|Iron Treads|4/100
|turn|14
|
|t:|1759036762
|move|p2a: Iron Treads|Stealth Rock|p1a: Zapdos
|-sidestart|p1: leezee-yy|move: Stealth Rock
|move|p1a: Zapdos|Heat Wave|p2a: Iron Treads
|-supereffective|p2a: Iron Treads
|-damage|p2a: Iron Treads|0 fnt
|faint|p2a: Iron Treads
|-end|p2a: Iron Treads|Quark Drive|[silent]
|
|upkeep
|
|t:|1759036767
|switch|p2a: Hoopa|Hoopa-Unbound|100/100
|turn|15
|
|t:|1759036772
|move|p2a: Hoopa|Knock Off|p1a: Zapdos
|-crit|p1a: Zapdos
|-damage|p1a: Zapdos|43/100
|-damage|p2a: Hoopa|84/100|[from] item: Rocky Helmet|[of] p1a: Zapdos
|-enditem|p1a: Zapdos|Rocky Helmet|[from] move: Knock Off|[of] p2a: Hoopa
|move|p1a: Zapdos|Discharge|p2a: Hoopa
|-damage|p2a: Hoopa|55/100
|
|upkeep
|turn|16
|
|t:|1759036791
|switch|p2a: Zamasu|Zamazenta|100/100
|-ability|p2a: Zamasu|Dauntless Shield|boost
|-boost|p2a: Zamasu|def|1
|move|p1a: Zapdos|Roost|p1a: Zapdos
|-heal|p1a: Zapdos|93/100
|-singleturn|p1a: Zapdos|move: Roost
|
|upkeep
|turn|17
|
|t:|1759036797
|move|p2a: Zamasu|Ice Fang|p1a: Zapdos
|-supereffective|p1a: Zapdos
|-damage|p1a: Zapdos|58/100
|-status|p1a: Zapdos|frz
|cant|p1a: Zapdos|frz
|
|upkeep
|turn|18
|c|☆leezee-yy|？
|
|t:|1759036807
|move|p2a: Zamasu|Ice Fang|p1a: Zapdos
|-supereffective|p1a: Zapdos
|-damage|p1a: Zapdos|21/100 frz
|cant|p1a: Zapdos|frz
|
|upkeep
|turn|19
|
|t:|1759036812
|switch|p1a: Metagross|Metagross, shiny|66/100
|-damage|p1a: Metagross|60/100|[from] Stealth Rock
|move|p2a: Zamasu|Ice Fang|p1a: Metagross
|-resisted|p1a: Metagross
|-damage|p1a: Metagross|52/100
|-status|p1a: Metagross|frz
|
|-heal|p1a: Metagross|58/100 frz|[from] item: Leftovers
|upkeep
|turn|20
|c|☆leezee-yy|？？
|
|t:|1759036819
|move|p2a: Zamasu|Crunch|p1a: Metagross
|-supereffective|p1a: Metagross
|-damage|p1a: Metagross|15/100 frz
|cant|p1a: Metagross|frz
|
|-heal|p1a: Metagross|21/100 frz|[from] item: Leftovers
|upkeep
|turn|21
|
|t:|1759036829
|move|p2a: Zamasu|Crunch|p1a: Metagross
|-supereffective|p1a: Metagross
|-damage|p1a: Metagross|0 fnt
|faint|p1a: Metagross
|
|upkeep
|c|☆Almighty Sa'|gotta spend more time w ur mons player
|c|☆Almighty Sa'|that friendship level aint looking too hot
|j| Shucklepilled
|
|t:|1759036852
|switch|p1a: Meowscarada|Meowscarada, M|67/100
|-damage|p1a: Meowscarada|55/100|[from] Stealth Rock
|turn|22
|
|t:|1759036859
|-terastallize|p1a: Meowscarada|Rock
|move|p2a: Zamasu|Heavy Slam|p1a: Meowscarada
|-supereffective|p1a: Meowscarada
|-damage|p1a: Meowscarada|0 fnt
|faint|p1a: Meowscarada
|
|upkeep
|inactive|leezee-yy has 120 seconds left.
|
|t:|1759036879
|switch|p1a: Gengar|Gengar, M|100/100
|-damage|p1a: Gengar|88/100|[from] Stealth Rock
|turn|23
|c|☆leezee-yy|gg
|c|☆Almighty Sa'|gg
|
|t:|1759036899
|move|p2a: Zamasu|Crunch|p1a: Gengar
|-supereffective|p1a: Gengar
|-crit|p1a: Gengar
|-damage|p1a: Gengar|0 fnt
|-start|p2a: Zamasu|Disable|Crunch|[from] ability: Cursed Body|[of] p1a: Gengar
|faint|p1a: Gengar
|
|upkeep
|
|t:|1759036905
|switch|p1a: Zapdos|Zapdos|21/100 frz
|-damage|p1a: Zapdos|0 fnt|[from] Stealth Rock
|faint|p1a: Zapdos
|
|win|Almighty Sa'
|raw|leezee-yy's rating: 1713 &rarr; <strong>1705</strong><br />(-8 for losing)
|raw|Almighty Sa&apos;'s rating: 1941 &rarr; <strong>1949</strong><br />(+8 for winning)
|l|☆leezee-yy
|player|p1|
|l|☆Almighty Sa'
|player|p2|
|l| Shucklepilled
|j| amefurikoneko
|l| amefurikoneko
