|j|☆lucawk
|j|☆Lolpoopypants
|t:|1759038402
|gametype|singles
|player|p1|lucawk|scientist-gen4dp|1562
|player|p2|Lolpoopypants|102|1522
|gen|9
|tier|[Gen 9] OU
|rated|
|rule|HP Percentage Mod: HP is shown in percentages
|rule|Endless Battle Clause: Forcing endless battles is banned
|rule|Species Clause: Limit one of each Pokémon
|rule|OHKO Clause: OHKO moves are banned
|rule|Evasion Items Clause: Evasion items are banned
|rule|Evasion Moves Clause: Evasion moves are banned
|rule|Evasion Abilities Clause: Evasion abilities are banned
|rule|Sleep Moves Clause: Sleep-inducing moves are banned
|clearpoke
|poke|p1|Iron Valiant|
|poke|p1|Great Tusk|
|poke|p1|Scizor, M|
|poke|p1|Greninja-*, M|
|poke|p1|Kyurem|
|poke|p1|Polteageist|
|poke|p2|Primarina, M|
|poke|p2|Great Tusk|
|poke|p2|Kingambit, M|
|poke|p2|Slowking-Galar, M|
|poke|p2|Ogerpon, F|
|poke|p2|Enamorus, F|
|teampreview
|inactive|Battle timer is ON: inactive players will automatically lose when time's up. (requested by Lolpoopypants)
|
|t:|1759038429
|teamsize|p1|6
|teamsize|p2|6
|start
|switch|p1a: Greninja|Greninja, M|100/100
|switch|p2a: Mantra|Slowking-Galar, M, shiny|100/100
|turn|1
|
|t:|1759038455
|move|p1a: Greninja|Swords Dance|p1a: Greninja
|-boost|p1a: Greninja|atk|2
|move|p2a: Mantra|Sludge Bomb|p1a: Greninja
|-damage|p1a: Greninja|49/100
|
|upkeep
|turn|2
|
|t:|1759038463
|switch|p2a: Behemoth|Great Tusk, shiny|100/100
|move|p1a: Greninja|Waterfall|p2a: Behemoth
|-supereffective|p2a: Behemoth
|-damage|p2a: Behemoth|0 fnt
|-damage|p1a: Greninja|32/100|[from] item: Rocky Helmet|[of] p2a: Behemoth
|faint|p2a: Behemoth
|-end|p2a: Behemoth|Protosynthesis|[silent]
|-ability|p1a: Greninja|Battle Bond|boost
|-boost|p1a: Greninja|atk|1
|-boost|p1a: Greninja|spa|1
|-boost|p1a: Greninja|spe|1
|-activate|p1a: Greninja|ability: Battle Bond
|
|upkeep
|
|t:|1759038467
|switch|p2a: Gin|Enamorus, F, shiny|100/100
|turn|3
|
|t:|1759038470
|move|p1a: Greninja|Waterfall|p2a: Gin
|-damage|p2a: Gin|0 fnt
|faint|p2a: Gin
|
|upkeep
|
|t:|1759038477
|switch|p2a: Celestine|Primarina, M, shiny|100/100
|turn|4
|
|t:|1759038482
|move|p1a: Greninja|Waterfall|p2a: Celestine
|-resisted|p2a: Celestine
|-damage|p2a: Celestine|30/100
|move|p2a: Celestine|Moonblast|p1a: Greninja
|-supereffective|p1a: Greninja
|-damage|p1a: Greninja|0 fnt
|faint|p1a: Greninja
|
|-heal|p2a: Celestine|36/100|[from] item: Leftovers
|upkeep
|
|t:|1759038494
|switch|p1a: Iron Valiant|Iron Valiant|100/100
|-enditem|p1a: Iron Valiant|Booster Energy
|-activate|p1a: Iron Valiant|ability: Quark Drive|[fromitem]
|-start|p1a: Iron Valiant|quarkdrivespe
|turn|5
|
|t:|1759038497
|move|p1a: Iron Valiant|Calm Mind|p1a: Iron Valiant
|-boost|p1a: Iron Valiant|spa|1
|-boost|p1a: Iron Valiant|spd|1
|move|p2a: Celestine|Moonblast|p1a: Iron Valiant
|-supereffective|p1a: Iron Valiant
|-damage|p1a: Iron Valiant|0 fnt
|faint|p1a: Iron Valiant
|-end|p1a: Iron Valiant|Quark Drive|[silent]
|
|-heal|p2a: Celestine|42/100|[from] item: Leftovers
|upkeep
|j| Rizzofreko
|
|t:|1759038509
|switch|p1a: Scizor|Scizor, M|100/100
|turn|6
|
|t:|1759038514
|move|p2a: Celestine|Surf|p1a: Scizor
|-damage|p1a: Scizor|44/100
|move|p1a: Scizor|Swords Dance|p1a: Scizor
|-boost|p1a: Scizor|atk|2
|
|-heal|p2a: Celestine|48/100|[from] item: Leftovers
|upkeep
|turn|7
|
|t:|1759038516
|move|p1a: Scizor|Bullet Punch|p2a: Celestine
|-damage|p2a: Celestine|0 fnt
|faint|p2a: Celestine
|
|upkeep
|
|t:|1759038519
|switch|p2a: Mantra|Slowking-Galar, M, shiny|100/100
|turn|8
|
|t:|1759038524
|move|p1a: Scizor|Dual Wingbeat|p2a: Mantra
|-damage|p2a: Mantra|69/100
|-damage|p2a: Mantra|36/100
|-hitcount|p2a: Mantra|2
|move|p2a: Mantra|Flamethrower|p1a: Scizor
|-supereffective|p1a: Scizor
|-damage|p1a: Scizor|0 fnt
|faint|p1a: Scizor
|
|upkeep
|
|t:|1759038535
|switch|p1a: Kyurem|Kyurem|100/100
|-ability|p1a: Kyurem|Pressure
|turn|9
|
|t:|1759038540
|move|p1a: Kyurem|Dragon Dance|p1a: Kyurem
|-boost|p1a: Kyurem|atk|1
|-boost|p1a: Kyurem|spe|1
|move|p2a: Mantra|Sludge Bomb|p1a: Kyurem
|-damage|p1a: Kyurem|67/100
|-status|p1a: Kyurem|psn
|
|-damage|p1a: Kyurem|55/100 psn|[from] psn
|upkeep
|turn|10
|
|t:|1759038547
|move|p1a: Kyurem|Icicle Spear|p2a: Mantra
|-damage|p2a: Mantra|21/100
|-damage|p2a: Mantra|6/100
|-damage|p2a: Mantra|0 fnt
|faint|p2a: Mantra
|-hitcount|p2: Mantra|3
|
|-damage|p1a: Kyurem|42/100 psn|[from] psn
|upkeep
|
|t:|1759038548
|switch|p2a: Overgod|Kingambit, M, shiny|100/100
|-activate|p2a: Overgod|ability: Supreme Overlord
|-start|p2a: Overgod|fallen4|[silent]
|turn|11
|
|t:|1759038552
|move|p2a: Overgod|Sucker Punch|p1a: Kyurem
|-damage|p1a: Kyurem|0 fnt
|faint|p1a: Kyurem
|
|upkeep
|
|t:|1759038554
|switch|p1a: Great Tusk|Great Tusk|100/100
|-enditem|p1a: Great Tusk|Booster Energy
|-activate|p1a: Great Tusk|ability: Protosynthesis|[fromitem]
|-start|p1a: Great Tusk|protosynthesisspe
|turn|12
|
|t:|1759038561
|move|p2a: Overgod|Sucker Punch||[still]
|-fail|p2a: Overgod
|move|p1a: Great Tusk|Bulk Up|p1a: Great Tusk
|-boost|p1a: Great Tusk|atk|1
|-boost|p1a: Great Tusk|def|1
|
|upkeep
|turn|13
|
|t:|1759038565
|-end|p2a: Overgod|fallen4|[silent]
|switch|p2a: Anonymous|Ogerpon, F|100/100
|move|p1a: Great Tusk|Headlong Rush|p2a: Anonymous
|-resisted|p2a: Anonymous
|-damage|p2a: Anonymous|47/100
|-unboost|p1a: Great Tusk|def|1
|-unboost|p1a: Great Tusk|spd|1
|
|upkeep
|turn|14
|
|t:|1759038567
|-terastallize|p2a: Anonymous|Grass
|detailschange|p2a: Anonymous|Ogerpon-Teal-Tera, F, tera:Grass
|-ability|p2a: Anonymous|Embody Aspect (Teal)|boost
|-boost|p2a: Anonymous|spe|1
|move|p2a: Anonymous|Ivy Cudgel|p1a: Great Tusk
|-supereffective|p1a: Great Tusk
|-damage|p1a: Great Tusk|0 fnt
|faint|p1a: Great Tusk
|-end|p1a: Great Tusk|Protosynthesis|[silent]
|
|upkeep
|
|t:|1759038574
|switch|p1a: Polteageist|Polteageist|100/100
|turn|15
|
|t:|1759038576
|move|p2a: Anonymous|Ivy Cudgel|p1a: Polteageist
|-enditem|p1a: Polteageist|Focus Sash
|-damage|p1a: Polteageist|1/100
|-ability|p1a: Polteageist|Weak Armor|boost
|-unboost|p1a: Polteageist|def|1
|-boost|p1a: Polteageist|spe|2
|move|p1a: Polteageist|Shell Smash|p1a: Polteageist
|-unboost|p1a: Polteageist|def|1
|-unboost|p1a: Polteageist|spd|1
|-boost|p1a: Polteageist|atk|2
|-boost|p1a: Polteageist|spa|2
|-boost|p1a: Polteageist|spe|2
|
|upkeep
|turn|16
|
|t:|1759038579
|move|p1a: Polteageist|Stored Power|p2a: Anonymous
|-damage|p2a: Anonymous|0 fnt
|faint|p2a: Anonymous
|detailschange|p2: Anonymous|Ogerpon, F|[silent]
|
|upkeep
|
|t:|1759038581
|switch|p2a: Overgod|Kingambit, M, shiny|100/100
|-activate|p2a: Overgod|ability: Supreme Overlord
|-start|p2a: Overgod|fallen5|[silent]
|turn|17
|
|t:|1759038583
|move|p2a: Overgod|Sucker Punch||[still]
|-fail|p2a: Overgod
|move|p1a: Polteageist|Shell Smash|p1a: Polteageist
|-unboost|p1a: Polteageist|def|1
|-unboost|p1a: Polteageist|spd|1
|-boost|p1a: Polteageist|atk|2
|-boost|p1a: Polteageist|spa|2
|-boost|p1a: Polteageist|spe|2
|
|upkeep
|turn|18
|
|t:|1759038586
|move|p2a: Overgod|Sucker Punch||[still]
|-fail|p2a: Overgod
|move|p1a: Polteageist|Shell Smash|p1a: Polteageist
|-unboost|p1a: Polteageist|def|1
|-unboost|p1a: Polteageist|spd|1
|-boost|p1a: Polteageist|atk|2
|-boost|p1a: Polteageist|spa|2
|-boost|p1a: Polteageist|spe|0
|
|upkeep
|turn|19
|
|t:|1759038589
|move|p2a: Overgod|Sucker Punch||[still]
|-fail|p2a: Overgod
|move|p1a: Polteageist|Shell Smash|p1a: Polteageist
|-unboost|p1a: Polteageist|def|1
|-unboost|p1a: Polteageist|spd|1
|-boost|p1a: Polteageist|atk|0
|-boost|p1a: Polteageist|spa|0
|-boost|p1a: Polteageist|spe|0
|
|upkeep
|turn|20
|
|t:|1759038592
|move|p1a: Polteageist|Shell Smash|p1a: Polteageist
|-unboost|p1a: Polteageist|def|1
|-unboost|p1a: Polteageist|spd|1
|-boost|p1a: Polteageist|atk|0
|-boost|p1a: Polteageist|spa|0
|-boost|p1a: Polteageist|spe|0
|move|p2a: Overgod|Kowtow Cleave|p1a: Polteageist
|-supereffective|p1a: Polteageist
|-damage|p1a: Polteageist|0 fnt
|faint|p1a: Polteageist
|
|win|Lolpoopypants
|raw|lucawk's rating: 1562 &rarr; <strong>1540</strong><br />(-22 for losing)
|raw|Lolpoopypants's rating: 1522 &rarr; <strong>1544</strong><br />(+22 for winning)
|l|☆lucawk
|player|p1|
|l|☆Lolpoopypants
|player|p2|
|l| Rizzofreko
