|j|☆msksherlock
|j|☆suaiaj
|t:|1759033140
|gametype|singles
|player|p1|msksherlock|169|1320
|player|p2|suaiaj|wallace|1371
|gen|9
|tier|[Gen 9] OU
|rated|
|rule|HP Percentage Mod: HP is shown in percentages
|rule|Endless Battle Clause: Forcing endless battles is banned
|rule|Species Clause: Limit one of each Pokémon
|rule|OHKO Clause: OHKO moves are banned
|rule|Evasion Items Clause: Evasion items are banned
|rule|Evasion Moves Clause: Evasion moves are banned
|rule|Evasion Abilities Clause: Evasion abilities are banned
|rule|Sleep Moves Clause: Sleep-inducing moves are banned
|clearpoke
|poke|p1|Ninetales-Alola, M|
|poke|p1|Polteageist|
|poke|p1|Ogerpon-Wellspring, F|
|poke|p1|Iron Treads|
|poke|p1|Latias, F|
|poke|p1|Kingambit, F|
|poke|p2|Araquanid, M|
|poke|p2|Cinderace, F|
|poke|p2|Kingambit, F|
|poke|p2|Serperior, F|
|poke|p2|Malamar, F|
|poke|p2|Scizor, F|
|teampreview
|inactive|Battle timer is ON: inactive players will automatically lose when time's up. (requested by msksherlock)
|
|t:|1759033150
|teamsize|p1|6
|teamsize|p2|6
|start
|switch|p1a: Gujarat|Iron Treads, shiny|100/100
|switch|p2a: Araquanid|Araquanid, M|100/100
|-enditem|p1a: Gujarat|Booster Energy
|-activate|p1a: Gujarat|ability: Quark Drive|[fromitem]
|-start|p1a: Gujarat|quarkdrivespe
|turn|1
|
|t:|1759033159
|move|p1a: Gujarat|Stealth Rock|p2a: Araquanid
|-sidestart|p2: suaiaj|move: Stealth Rock
|move|p2a: Araquanid|Lunge|p1a: Gujarat
|-resisted|p1a: Gujarat
|-damage|p1a: Gujarat|89/100
|-unboost|p1a: Gujarat|atk|1
|
|upkeep
|turn|2
|
|t:|1759033167
|move|p1a: Gujarat|Steel Beam|p2a: Araquanid
|-resisted|p2a: Araquanid
|-damage|p2a: Araquanid|81/100
|-damage|p1a: Gujarat|39/100|[from] steelbeam
|move|p2a: Araquanid|Lunge|p1a: Gujarat
|-resisted|p1a: Gujarat
|-damage|p1a: Gujarat|28/100
|-unboost|p1a: Gujarat|atk|1
|
|upkeep
|turn|3
|
|t:|1759033177
|move|p1a: Gujarat|Steel Beam|p2a: Araquanid
|-resisted|p2a: Araquanid
|-damage|p2a: Araquanid|63/100
|-damage|p1a: Gujarat|0 fnt|[from] steelbeam
|faint|p1a: Gujarat
|-end|p1a: Gujarat|Quark Drive|[silent]
|move|p2a: Araquanid|Lunge|p1: Gujarat|[notarget]
|-fail|p2a: Araquanid
|
|upkeep
|
|t:|1759033182
|switch|p1a: Assam|Polteageist, shiny|100/100
|turn|4
|
|t:|1759033189
|move|p1a: Assam|Shell Smash|p1a: Assam
|-unboost|p1a: Assam|def|1
|-unboost|p1a: Assam|spd|1
|-boost|p1a: Assam|atk|2
|-boost|p1a: Assam|spa|2
|-boost|p1a: Assam|spe|2
|-enditem|p1a: Assam|White Herb
|-clearnegativeboost|p1a: Assam|[silent]
|move|p2a: Araquanid|Sticky Web|p1a: Assam
|-sidestart|p1: msksherlock|move: Sticky Web
|
|upkeep
|turn|5
|c|☆msksherlock|Looks like a anti webs team
|
|t:|1759033213
|switch|p2a: Cinderace|Cinderace, F|100/100
|-damage|p2a: Cinderace|76/100|[from] Stealth Rock
|move|p1a: Assam|Shadow Ball|p2a: Cinderace
|-damage|p2a: Cinderace|0 fnt
|faint|p2a: Cinderace
|
|upkeep
|c|☆msksherlock|Now it doesn't
|inactive|suaiaj has 120 seconds left.
|
|t:|1759033239
|switch|p2a: Malamar|Malamar, F, shiny|100/100
|-damage|p2a: Malamar|88/100|[from] Stealth Rock
|turn|6
|
|t:|1759033257
|move|p1a: Assam|Shadow Ball|p2a: Malamar
|-damage|p2a: Malamar|0 fnt
|faint|p2a: Malamar
|
|upkeep
|
|t:|1759033263
|switch|p2a: Serperior|Serperior, F, shiny|100/100
|-damage|p2a: Serperior|88/100|[from] Stealth Rock
|turn|7
|c|☆msksherlock|Well
|inactive|suaiaj has 120 seconds left.
|
|t:|1759033273
|move|p1a: Assam|Shadow Ball|p2a: Serperior
|-damage|p2a: Serperior|33/100
|move|p2a: Serperior|Mirror Coat|p1a: Assam
|-damage|p1a: Assam|2/100
|-start|p2a: Serperior|Disable|Mirror Coat|[from] ability: Cursed Body|[of] p1a: Assam
|
|upkeep
|turn|8
|inactive|suaiaj has 120 seconds left.
|
|t:|1759033292
|switch|p2a: Araquanid|Araquanid, M|63/100
|-damage|p2a: Araquanid|38/100|[from] Stealth Rock
|move|p1a: Assam|Shadow Ball|p2a: Araquanid
|-damage|p2a: Araquanid|0 fnt
|faint|p2a: Araquanid
|
|upkeep
|inactive|suaiaj has 120 seconds left.
|
|t:|1759033301
|switch|p2a: Scizor|Scizor, F|100/100
|-damage|p2a: Scizor|88/100|[from] Stealth Rock
|turn|9
|
|t:|1759033306
|move|p2a: Scizor|Bullet Punch|p1a: Assam
|-damage|p1a: Assam|0 fnt
|-start|p2a: Scizor|Disable|Bullet Punch|[from] ability: Cursed Body|[of] p1a: Assam
|faint|p1a: Assam
|
|upkeep
|
|t:|1759033315
|switch|p1a: Karnataka|Latias, F|100/100
|turn|10
|
|t:|1759033326
|-terastallize|p1a: Karnataka|Steel
|move|p1a: Karnataka|Agility|p1a: Karnataka
|-boost|p1a: Karnataka|spe|2
|move|p2a: Scizor|Lunge|p1a: Karnataka
|-resisted|p1a: Karnataka
|-damage|p1a: Karnataka|74/100
|-unboost|p1a: Karnataka|atk|1
|
|-heal|p1a: Karnataka|80/100|[from] item: Leftovers
|upkeep
|turn|11
|
|t:|1759033339
|move|p1a: Karnataka|Calm Mind|p1a: Karnataka
|-boost|p1a: Karnataka|spa|1
|-boost|p1a: Karnataka|spd|1
|move|p2a: Scizor|Close Combat|p1a: Karnataka
|-supereffective|p1a: Karnataka
|-damage|p1a: Karnataka|0 fnt
|-unboost|p2a: Scizor|def|1
|-unboost|p2a: Scizor|spd|1
|faint|p1a: Karnataka
|
|upkeep
|
|t:|1759033348
|switch|p1a: Kerala|Ogerpon-Wellspring, F|100/100
|-activate|p1a: Kerala|move: Sticky Web
|-unboost|p1a: Kerala|spe|1
|turn|12
|
|t:|1759033359
|-terastallize|p2a: Scizor|Water
|move|p1a: Kerala|Ivy Cudgel|p2a: Scizor|[anim] Ivy Cudgel Water
|-resisted|p2a: Scizor
|-damage|p2a: Scizor|46/100
|move|p2a: Scizor|Lunge|p1a: Kerala
|-supereffective|p1a: Kerala
|-damage|p1a: Kerala|0 fnt
|faint|p1a: Kerala
|
|-end|p2a: Scizor|Disable
|upkeep
|
|t:|1759033365
|switch|p1a: Himachal|Ninetales-Alola, M, shiny|100/100
|-activate|p1a: Himachal|move: Sticky Web
|-unboost|p1a: Himachal|spe|1
|-weather|Snowscape|[from] ability: Snow Warning|[of] p1a: Himachal
|turn|13
|
|t:|1759033377
|move|p1a: Himachal|Freeze-Dry|p2a: Scizor
|-supereffective|p2a: Scizor
|-damage|p2a: Scizor|0 fnt
|faint|p2a: Scizor
|
|-weather|Snowscape|[upkeep]
|upkeep
|
|t:|1759033385
|switch|p2a: Serperior|Serperior, F, shiny|33/100
|-damage|p2a: Serperior|21/100|[from] Stealth Rock
|turn|14
|c|☆msksherlock|Scizor it's coated
|c|☆msksherlock|Goated
|
|t:|1759033399
|move|p2a: Serperior|Leaf Storm|p1a: Himachal
|-damage|p1a: Himachal|35/100
|-boost|p2a: Serperior|spa|2
|move|p1a: Himachal|Freeze-Dry|p2a: Serperior
|-supereffective|p2a: Serperior
|-damage|p2a: Serperior|0 fnt
|faint|p2a: Serperior
|
|-weather|Snowscape|[upkeep]
|upkeep
|
|t:|1759033410
|switch|p2a: Kingambit|Kingambit, F|100/100
|-damage|p2a: Kingambit|94/100|[from] Stealth Rock
|turn|15
|
|t:|1759033426
|move|p1a: Himachal|Aurora Veil|p1a: Himachal
|-sidestart|p1: msksherlock|move: Aurora Veil
|move|p2a: Kingambit|Iron Head|p1a: Himachal
|-supereffective|p1a: Himachal
|-damage|p1a: Himachal|0 fnt
|faint|p1a: Himachal
|-damage|p2a: Kingambit|84/100|[from] item: Life Orb
|
|-weather|Snowscape|[upkeep]
|upkeep
|
|t:|1759033436
|switch|p1a: Tamil nadu|Kingambit, F|100/100
|-activate|p1a: Tamil nadu|move: Sticky Web
|-unboost|p1a: Tamil nadu|spe|1
|-activate|p1a: Tamil nadu|ability: Supreme Overlord
|-start|p1a: Tamil nadu|fallen5|[silent]
|turn|16
|
|t:|1759033443
|move|p2a: Kingambit|Kowtow Cleave|p1a: Tamil nadu
|-resisted|p1a: Tamil nadu
|-damage|p1a: Tamil nadu|89/100
|-damage|p2a: Kingambit|75/100|[from] item: Life Orb
|move|p1a: Tamil nadu|Kowtow Cleave|p2a: Kingambit
|-resisted|p2a: Kingambit
|-damage|p2a: Kingambit|40/100
|
|-weather|Snowscape|[upkeep]
|upkeep
|turn|17
|
|t:|1759033457
|move|p2a: Kingambit|Kowtow Cleave|p1a: Tamil nadu
|-resisted|p1a: Tamil nadu
|-damage|p1a: Tamil nadu|78/100
|-damage|p2a: Kingambit|30/100|[from] item: Life Orb
|move|p1a: Tamil nadu|Kowtow Cleave|p2a: Kingambit
|-resisted|p2a: Kingambit
|-damage|p2a: Kingambit|0 fnt
|faint|p2a: Kingambit
|
|win|msksherlock
|raw|msksherlock's rating: 1320 &rarr; <strong>1343</strong><br />(+23 for winning)
|raw|suaiaj's rating: 1371 &rarr; <strong>1348</strong><br />(-23 for losing)
|l|☆msksherlock
|player|p1|
|l|☆suaiaj
|player|p2|
