|j|☆KingKaido107
|j|☆zassdasd
|t:|1758936017
|gametype|singles
|player|p1|KingKaido107|dragontamer-gen6|1643
|player|p2|zassdasd|102|1654
|gen|9
|tier|[Gen 9] OU
|rated|
|rule|HP Percentage Mod: HP is shown in percentages
|rule|Endless Battle Clause: Forcing endless battles is banned
|rule|Species Clause: Limit one of each Pokémon
|rule|OHKO Clause: OHKO moves are banned
|rule|Evasion Items Clause: Evasion items are banned
|rule|Evasion Moves Clause: Evasion moves are banned
|rule|Evasion Abilities Clause: Evasion abilities are banned
|rule|Sleep Moves Clause: Sleep-inducing moves are banned
|clearpoke
|poke|p1|Kingambit, F|
|poke|p1|Slowking-Galar, M|
|poke|p1|Magnezone|
|poke|p1|Ting-Lu|
|poke|p1|Kyurem|
|poke|p1|Corviknight, M|
|poke|p2|Slither Wing|
|poke|p2|Ninetales, F|
|poke|p2|Raging Bolt|
|poke|p2|Dragapult, F|
|poke|p2|Great Tusk|
|poke|p2|Fezandipiti, M|
|teampreview
|inactive|Battle timer is ON: inactive players will automatically lose when time's up. (requested by KingKaido107)
|inactive|KingKaido107 has 120 seconds left.
|inactive|KingKaido107 has 90 seconds left.
|inactive|KingKaido107 has 60 seconds left.
|inactive|KingKaido107 has 30 seconds left.
|
|t:|1758936146
|teamsize|p1|6
|teamsize|p2|6
|start
|switch|p1a: Slowking|Slowking-Galar, M|100/100
|switch|p2a: Great Tusk|Great Tusk|100/100
|turn|1
|
|t:|1758936156
|move|p2a: Great Tusk|Stealth Rock|p1a: Slowking
|-sidestart|p1: KingKaido107|move: Stealth Rock
|move|p1a: Slowking|Toxic|p2a: Great Tusk
|-status|p2a: Great Tusk|tox
|
|-damage|p2a: Great Tusk|94/100 tox|[from] psn
|upkeep
|turn|2
|
|t:|1758936160
|move|p2a: Great Tusk|Headlong Rush|p1a: Slowking
|-supereffective|p1a: Slowking
|-damage|p1a: Slowking|0 fnt
|-unboost|p2a: Great Tusk|def|1
|-unboost|p2a: Great Tusk|spd|1
|faint|p1a: Slowking
|
|-damage|p2a: Great Tusk|82/100 tox|[from] psn
|upkeep
|
|t:|1758936163
|switch|p1a: Corviknight|Corviknight, M|100/100
|-damage|p1a: Corviknight|88/100|[from] Stealth Rock
|-ability|p1a: Corviknight|Pressure
|turn|3
|
|t:|1758936166
|-end|p2a: Great Tusk|Protosynthesis|[silent]
|switch|p2a: Ninetales|Ninetales, F|100/100
|-weather|SunnyDay|[from] ability: Drought|[of] p2a: Ninetales
|move|p1a: Corviknight|Defog|p2a: Ninetales
|-unboost|p2a: Ninetales|evasion|1
|-sideend|p1: KingKaido107|Stealth Rock|[from] move: Defog|[of] p1a: Corviknight
|
|-weather|SunnyDay|[upkeep]
|-heal|p1a: Corviknight|94/100|[from] item: Leftovers
|upkeep
|turn|4
|
|t:|1758936169
|switch|p2a: Slither Wing|Slither Wing|100/100
|-activate|p2a: Slither Wing|ability: Protosynthesis
|-start|p2a: Slither Wing|protosynthesisatk
|switch|p1a: Ting-Lu|Ting-Lu|100/100
|-ability|p1a: Ting-Lu|Vessel of Ruin
|
|-weather|SunnyDay|[upkeep]
|upkeep
|turn|5
|
|t:|1758936176
|move|p2a: Slither Wing|Close Combat|p1a: Ting-Lu
|-supereffective|p1a: Ting-Lu
|-damage|p1a: Ting-Lu|0 fnt
|-unboost|p2a: Slither Wing|def|1
|-unboost|p2a: Slither Wing|spd|1
|faint|p1a: Ting-Lu
|
|-weather|SunnyDay|[upkeep]
|upkeep
|
|t:|1758936178
|switch|p1a: Kyurem|Kyurem|100/100
|-ability|p1a: Kyurem|Pressure
|turn|6
|
|t:|1758936183
|move|p1a: Kyurem|Blizzard|p2a: Slither Wing
|-damage|p2a: Slither Wing|0 fnt
|faint|p2a: Slither Wing
|-end|p2a: Slither Wing|Protosynthesis|[silent]
|
|-weather|SunnyDay|[upkeep]
|upkeep
|
|t:|1758936187
|switch|p2a: Fezandipiti|Fezandipiti, M|100/100
|turn|7
|
|t:|1758936189
|switch|p1a: Corviknight|Corviknight, M|94/100
|-ability|p1a: Corviknight|Pressure
|move|p2a: Fezandipiti|U-turn|p1a: Corviknight
|-resisted|p1a: Corviknight
|-damage|p1a: Corviknight|91/100
|
|t:|1758936194
|switch|p2a: Raging Bolt|Raging Bolt|100/100|[from] U-turn
|-activate|p2a: Raging Bolt|ability: Protosynthesis
|-start|p2a: Raging Bolt|protosynthesisspa
|
|-weather|SunnyDay|[upkeep]
|-heal|p1a: Corviknight|97/100|[from] item: Leftovers
|upkeep
|turn|8
|
|t:|1758936196
|switch|p1a: Kyurem|Kyurem|100/100
|-ability|p1a: Kyurem|Pressure
|move|p2a: Raging Bolt|Volt Switch|p1a: Kyurem
|-resisted|p1a: Kyurem
|-damage|p1a: Kyurem|63/100
|
|t:|1758936201
|-end|p2a: Raging Bolt|Protosynthesis|[silent]
|switch|p2a: Fezandipiti|Fezandipiti, M|100/100|[from] Volt Switch
|
|-weather|SunnyDay|[upkeep]
|upkeep
|turn|9
|
|t:|1758936204
|switch|p1a: Magnezone|Magnezone|100/100
|move|p2a: Fezandipiti|U-turn|p1a: Magnezone
|-resisted|p1a: Magnezone
|-damage|p1a: Magnezone|94/100
|
|t:|1758936210
|switch|p2a: Ninetales|Ninetales, F|100/100|[from] U-turn
|
|-weather|SunnyDay|[upkeep]
|upkeep
|turn|10
|
|t:|1758936215
|move|p2a: Ninetales|Weather Ball|p1a: Magnezone
|-supereffective|p1a: Magnezone
|-damage|p1a: Magnezone|0 fnt
|faint|p1a: Magnezone
|
|-weather|none
|upkeep
|
|t:|1758936216
|switch|p1a: Kyurem|Kyurem|63/100
|-ability|p1a: Kyurem|Pressure
|turn|11
|
|t:|1758936219
|switch|p2a: Fezandipiti|Fezandipiti, M|100/100
|move|p1a: Kyurem|Earth Power|p2a: Fezandipiti
|-supereffective|p2a: Fezandipiti
|-damage|p2a: Fezandipiti|44/100
|
|upkeep
|turn|12
|
|t:|1758936234
|-terastallize|p2a: Fezandipiti|Dark
|move|p1a: Kyurem|Earth Power|p2a: Fezandipiti
|-damage|p2a: Fezandipiti|13/100
|move|p2a: Fezandipiti|Roost|p2a: Fezandipiti
|-heal|p2a: Fezandipiti|63/100
|
|upkeep
|turn|13
|
|t:|1758936239
|switch|p1a: Corviknight|Corviknight, M|97/100
|-ability|p1a: Corviknight|Pressure
|move|p2a: Fezandipiti|Roost|p2a: Fezandipiti
|-heal|p2a: Fezandipiti|100/100
|
|-heal|p1a: Corviknight|100/100|[from] item: Leftovers
|upkeep
|turn|14
|
|t:|1758936241
|move|p2a: Fezandipiti|U-turn|p1a: Corviknight
|-resisted|p1a: Corviknight
|-damage|p1a: Corviknight|97/100
|
|t:|1758936242
|switch|p2a: Ninetales|Ninetales, F|100/100|[from] U-turn
|-weather|SunnyDay|[from] ability: Drought|[of] p2a: Ninetales
|move|p1a: Corviknight|Body Press|p2a: Ninetales
|-damage|p2a: Ninetales|75/100
|
|-weather|SunnyDay|[upkeep]
|-heal|p1a: Corviknight|100/100|[from] item: Leftovers
|upkeep
|turn|15
|
|t:|1758936245
|move|p2a: Ninetales|Weather Ball|p1a: Corviknight
|-supereffective|p1a: Corviknight
|-damage|p1a: Corviknight|41/100
|move|p1a: Corviknight|Body Press|p2a: Ninetales
|-damage|p2a: Ninetales|52/100
|
|-weather|SunnyDay|[upkeep]
|-heal|p1a: Corviknight|47/100|[from] item: Leftovers
|upkeep
|turn|16
|
|t:|1758936247
|move|p2a: Ninetales|Weather Ball|p1a: Corviknight
|-supereffective|p1a: Corviknight
|-damage|p1a: Corviknight|0 fnt
|faint|p1a: Corviknight
|
|-weather|SunnyDay|[upkeep]
|upkeep
|
|t:|1758936249
|switch|p1a: Kyurem|Kyurem|63/100
|-ability|p1a: Kyurem|Pressure
|turn|17
|
|t:|1758936252
|switch|p2a: Fezandipiti|Fezandipiti, M, tera:Dark|100/100
|move|p1a: Kyurem|Blizzard|p2a: Fezandipiti|[miss]
|-miss|p1a: Kyurem|p2a: Fezandipiti
|
|-weather|SunnyDay|[upkeep]
|upkeep
|turn|18
|
|t:|1758936255
|move|p1a: Kyurem|Blizzard|p2a: Fezandipiti
|-damage|p2a: Fezandipiti|49/100
|move|p2a: Fezandipiti|U-turn|p1a: Kyurem
|-damage|p1a: Kyurem|45/100
|
|t:|1758936261
|switch|p2a: Ninetales|Ninetales, F|52/100|[from] U-turn
|
|-weather|SunnyDay|[upkeep]
|upkeep
|turn|19
|
|t:|1758936263
|move|p2a: Ninetales|Weather Ball|p1a: Kyurem
|-damage|p1a: Kyurem|4/100
|move|p1a: Kyurem|Blizzard|p2a: Ninetales
|-resisted|p2a: Ninetales
|-damage|p2a: Ninetales|13/100
|
|-weather|SunnyDay|[upkeep]
|upkeep
|turn|20
|
|t:|1758936266
|move|p2a: Ninetales|Weather Ball|p1a: Kyurem
|-damage|p1a: Kyurem|0 fnt
|faint|p1a: Kyurem
|
|-weather|SunnyDay|[upkeep]
|upkeep
|
|t:|1758936266
|switch|p1a: Kingambit|Kingambit, F|100/100
|-activate|p1a: Kingambit|ability: Supreme Overlord
|-start|p1a: Kingambit|fallen5|[silent]
|turn|21
|
|t:|1758936269
|move|p2a: Ninetales|Will-O-Wisp|p1a: Kingambit|[miss]
|-miss|p2a: Ninetales|p1a: Kingambit
|move|p1a: Kingambit|Iron Head|p2a: Ninetales
|-resisted|p2a: Ninetales
|-damage|p2a: Ninetales|0 fnt
|faint|p2a: Ninetales
|
|-weather|none
|upkeep
|
|t:|1758936272
|switch|p2a: Great Tusk|Great Tusk|82/100 tox
|turn|22
|
|t:|1758936275
|-terastallize|p1a: Kingambit|Fighting
|move|p2a: Great Tusk|Headlong Rush|p1a: Kingambit
|-damage|p1a: Kingambit|46/100
|-unboost|p2a: Great Tusk|def|1
|-unboost|p2a: Great Tusk|spd|1
|move|p1a: Kingambit|Swords Dance|p1a: Kingambit
|-boost|p1a: Kingambit|atk|2
|
|-damage|p2a: Great Tusk|76/100 tox|[from] psn
|upkeep
|turn|23
|
|t:|1758936278
|move|p1a: Kingambit|Sucker Punch|p2a: Great Tusk
|-resisted|p2a: Great Tusk
|-damage|p2a: Great Tusk|16/100 tox
|move|p2a: Great Tusk|Headlong Rush|p1a: Kingambit
|-damage|p1a: Kingambit|0 fnt
|-unboost|p2a: Great Tusk|def|1
|-unboost|p2a: Great Tusk|spd|1
|faint|p1a: Kingambit
|-end|p1a: Kingambit|fallen5|[silent]
|
|win|zassdasd
|raw|KingKaido107's rating: 1643 &rarr; <strong>1624</strong><br />(-19 for losing)
|raw|zassdasd's rating: 1654 &rarr; <strong>1673</strong><br />(+19 for winning)
|l|☆KingKaido107
|player|p1|
|l|☆zassdasd
|player|p2|
