|j|☆castillo919
|j|☆Shell7
|t:|1759041253
|gametype|singles
|player|p1|castillo919|102|1500
|player|p2|Shell7|102|1471
|gen|9
|tier|[Gen 9] OU
|rated|
|rule|HP Percentage Mod: HP is shown in percentages
|rule|Endless Battle Clause: Forcing endless battles is banned
|rule|Species Clause: Limit one of each Pokémon
|rule|OHKO Clause: OHKO moves are banned
|rule|Evasion Items Clause: Evasion items are banned
|rule|Evasion Moves Clause: Evasion moves are banned
|rule|Evasion Abilities Clause: Evasion abilities are banned
|rule|Sleep Moves Clause: Sleep-inducing moves are banned
|clearpoke
|poke|p1|Garganacl, F|
|poke|p1|Sinistcha-Masterpiece|
|poke|p1|Samurott-Hisui, M|
|poke|p1|Tinkaton, F|
|poke|p1|Darkrai|
|poke|p1|Moltres|
|poke|p2|Gliscor, F|
|poke|p2|Ceruledge, M|
|poke|p2|Ninetales-Alola, F|
|poke|p2|Scizor, M|
|poke|p2|Raging Bolt|
|poke|p2|Iron Treads|
|teampreview
|
|t:|1759041263
|teamsize|p1|6
|teamsize|p2|6
|start
|switch|p1a: Tinkaton|Tinkaton, F|100/100
|switch|p2a: Scizor|Scizor, M, shiny|100/100
|-ability|p1a: Tinkaton|Mold Breaker
|-item|p1a: Tinkaton|Air Balloon
|turn|1
|
|t:|1759041273
|switch|p1a: Moltres|Moltres|100/100
|move|p2a: Scizor|Bullet Punch|p1a: Moltres
|-resisted|p1a: Moltres
|-damage|p1a: Moltres|82/100
|
|upkeep
|turn|2
|
|t:|1759041281
|switch|p2a: Gliscor|Gliscor, F, shiny|100/100
|move|p1a: Moltres|U-turn|p2a: Gliscor
|-resisted|p2a: Gliscor
|-damage|p2a: Gliscor|94/100
|
|t:|1759041288
|switch|p1a: Darkrai|Darkrai|100/100|[from] U-turn
|
|-status|p2a: Gliscor|tox|[from] item: Toxic Orb
|upkeep
|turn|3
|
|t:|1759041297
|switch|p2a: Ninetales|Ninetales-Alola, F|100/100
|-weather|Snowscape|[from] ability: Snow Warning|[of] p2a: Ninetales
|move|p1a: Darkrai|Substitute|p1a: Darkrai
|-start|p1a: Darkrai|Substitute
|-damage|p1a: Darkrai|76/100
|
|-weather|Snowscape|[upkeep]
|-heal|p1a: Darkrai|82/100|[from] item: Leftovers
|upkeep
|turn|4
|
|t:|1759041308
|move|p1a: Darkrai|Dark Pulse|p2a: Ninetales
|-resisted|p2a: Ninetales
|-damage|p2a: Ninetales|75/100
|move|p2a: Ninetales|Encore|p1a: Darkrai
|-start|p1a: Darkrai|Encore
|
|-weather|Snowscape|[upkeep]
|-heal|p1a: Darkrai|88/100|[from] item: Leftovers
|upkeep
|turn|5
|
|t:|1759041319
|move|p1a: Darkrai|Dark Pulse|p2a: Ninetales
|-resisted|p2a: Ninetales
|-damage|p2a: Ninetales|49/100
|move|p2a: Ninetales|Aurora Veil|p2a: Ninetales
|-sidestart|p2: Shell7|move: Aurora Veil
|
|-weather|Snowscape|[upkeep]
|-heal|p1a: Darkrai|94/100|[from] item: Leftovers
|upkeep
|turn|6
|
|t:|1759041328
|move|p1a: Darkrai|Dark Pulse|p2a: Ninetales
|-resisted|p2a: Ninetales
|-damage|p2a: Ninetales|36/100
|move|p2a: Ninetales|Moonblast|p1a: Darkrai
|-supereffective|p1a: Darkrai
|-end|p1a: Darkrai|Substitute
|
|-weather|Snowscape|[upkeep]
|-heal|p1a: Darkrai|99/100|[from] item: Leftovers
|upkeep
|turn|7
|
|t:|1759041343
|switch|p1a: Tinkaton|Tinkaton, F|100/100
|-ability|p1a: Tinkaton|Mold Breaker
|-item|p1a: Tinkaton|Air Balloon
|switch|p2a: Raging Bolt|Raging Bolt|100/100
|
|-weather|none
|upkeep
|turn|8
|
|t:|1759041368
|switch|p1a: Garganacl|Garganacl, F|100/100
|move|p2a: Raging Bolt|Calm Mind|p2a: Raging Bolt
|-boost|p2a: Raging Bolt|spa|1
|-boost|p2a: Raging Bolt|spd|1
|
|upkeep
|turn|9
|
|t:|1759041378
|move|p2a: Raging Bolt|Thunderbolt|p1a: Garganacl
|-damage|p1a: Garganacl|50/100
|move|p1a: Garganacl|Salt Cure|p2a: Raging Bolt
|-damage|p2a: Raging Bolt|94/100
|-start|p2a: Raging Bolt|Salt Cure
|
|-heal|p1a: Garganacl|56/100|[from] item: Leftovers
|-damage|p2a: Raging Bolt|81/100|[from] Salt Cure
|upkeep
|turn|10
|
|t:|1759041389
|move|p2a: Raging Bolt|Thunderbolt|p1a: Garganacl
|-damage|p1a: Garganacl|12/100
|move|p1a: Garganacl|Recover|p1a: Garganacl
|-heal|p1a: Garganacl|62/100
|
|-heal|p1a: Garganacl|68/100|[from] item: Leftovers
|-damage|p2a: Raging Bolt|69/100|[from] Salt Cure
|upkeep
|turn|11
|
|t:|1759041402
|move|p2a: Raging Bolt|Calm Mind|p2a: Raging Bolt
|-boost|p2a: Raging Bolt|spa|1
|-boost|p2a: Raging Bolt|spd|1
|move|p1a: Garganacl|Recover|p1a: Garganacl
|-heal|p1a: Garganacl|100/100
|
|-damage|p2a: Raging Bolt|57/100|[from] Salt Cure
|upkeep
|turn|12
|
|t:|1759041413
|move|p2a: Raging Bolt|Thunderbolt|p1a: Garganacl
|-damage|p1a: Garganacl|41/100
|move|p1a: Garganacl|Earthquake|p2a: Raging Bolt
|-supereffective|p2a: Raging Bolt
|-damage|p2a: Raging Bolt|35/100
|
|-heal|p1a: Garganacl|47/100|[from] item: Leftovers
|-damage|p2a: Raging Bolt|23/100|[from] Salt Cure
|-sideend|p2: Shell7|move: Aurora Veil
|upkeep
|turn|13
|
|t:|1759041424
|switch|p1a: Sinistcha|Sinistcha-Masterpiece|100/100
|move|p2a: Raging Bolt|Thunderbolt|p1a: Sinistcha
|-resisted|p1a: Sinistcha
|-damage|p1a: Sinistcha|40/100
|
|-heal|p1a: Sinistcha|46/100|[from] item: Leftovers
|-damage|p2a: Raging Bolt|11/100|[from] Salt Cure
|upkeep
|turn|14
|
|t:|1759041435
|switch|p1a: Tinkaton|Tinkaton, F|100/100
|-ability|p1a: Tinkaton|Mold Breaker
|-item|p1a: Tinkaton|Air Balloon
|move|p2a: Raging Bolt|Thunderbolt|p1a: Tinkaton
|-damage|p1a: Tinkaton|20/100
|-enditem|p1a: Tinkaton|Air Balloon
|
|-damage|p2a: Raging Bolt|0 fnt|[from] Salt Cure
|faint|p2a: Raging Bolt
|-end|p2a: Raging Bolt|Protosynthesis|[silent]
|upkeep
|
|t:|1759041446
|switch|p2a: Scizor|Scizor, M, shiny|100/100
|turn|15
|
|t:|1759041452
|switch|p1a: Moltres|Moltres|82/100
|move|p2a: Scizor|U-turn|p1a: Moltres
|-resisted|p1a: Moltres
|-crit|p1a: Moltres
|-damage|p1a: Moltres|67/100
|
|t:|1759041456
|switch|p2a: Ceruledge|Ceruledge, M, shiny|100/100|[from] U-turn
|
|upkeep
|turn|16
|
|t:|1759041478
|move|p2a: Ceruledge|Bulk Up|p2a: Ceruledge
|-boost|p2a: Ceruledge|atk|1
|-boost|p2a: Ceruledge|def|1
|move|p1a: Moltres|Roost|p1a: Moltres
|-heal|p1a: Moltres|100/100
|-singleturn|p1a: Moltres|move: Roost
|
|upkeep
|turn|17
|
|t:|1759041486
|move|p2a: Ceruledge|Bulk Up|p2a: Ceruledge
|-boost|p2a: Ceruledge|atk|1
|-boost|p2a: Ceruledge|def|1
|move|p1a: Moltres|Roar|p2a: Ceruledge
|drag|p2a: Scizor|Scizor, M, shiny|100/100
|
|upkeep
|turn|18
|
|t:|1759041499
|switch|p2a: Gliscor|Gliscor, F, shiny|94/100 tox
|move|p1a: Moltres|Roar|p2a: Gliscor
|drag|p2a: Ninetales|Ninetales-Alola, F|36/100
|-weather|Snowscape|[from] ability: Snow Warning|[of] p2a: Ninetales
|
|-weather|Snowscape|[upkeep]
|upkeep
|turn|19
|
|t:|1759041514
|move|p2a: Ninetales|Aurora Veil|p2a: Ninetales
|-sidestart|p2: Shell7|move: Aurora Veil
|move|p1a: Moltres|Flamethrower|p2a: Ninetales
|-supereffective|p2a: Ninetales
|-damage|p2a: Ninetales|0 fnt
|faint|p2a: Ninetales
|
|-weather|Snowscape|[upkeep]
|upkeep
|
|t:|1759041527
|switch|p2a: Scizor|Scizor, M, shiny|100/100
|turn|20
|
|t:|1759041534
|switch|p2a: Ceruledge|Ceruledge, M, shiny|100/100
|move|p1a: Moltres|Roar|p2a: Ceruledge
|drag|p2a: Gliscor|Gliscor, F, shiny|94/100 tox
|
|-weather|Snowscape|[upkeep]
|-heal|p2a: Gliscor|100/100 tox|[from] ability: Poison Heal
|upkeep
|turn|21
|
|t:|1759041546
|switch|p1a: Tinkaton|Tinkaton, F|20/100
|-ability|p1a: Tinkaton|Mold Breaker
|move|p2a: Gliscor|Swords Dance|p2a: Gliscor
|-boost|p2a: Gliscor|atk|2
|
|-weather|Snowscape|[upkeep]
|upkeep
|turn|22
|
|t:|1759041560
|move|p2a: Gliscor|Earthquake|p1a: Tinkaton
|-supereffective|p1a: Tinkaton
|-damage|p1a: Tinkaton|0 fnt
|faint|p1a: Tinkaton
|
|-weather|none
|upkeep
|
|t:|1759041567
|switch|p1a: Darkrai|Darkrai|99/100
|turn|23
|
|t:|1759041572
|-terastallize|p2a: Gliscor|Normal
|move|p1a: Darkrai|Ice Beam|p2a: Gliscor
|-damage|p2a: Gliscor|75/100 tox
|move|p2a: Gliscor|Facade|p1a: Darkrai
|-damage|p1a: Darkrai|0 fnt
|faint|p1a: Darkrai
|
|-heal|p2a: Gliscor|88/100 tox|[from] ability: Poison Heal
|upkeep
|
|t:|1759041592
|switch|p1a: Sinistcha|Sinistcha-Masterpiece|46/100
|turn|24
|
|t:|1759041600
|move|p2a: Gliscor|Earthquake|p1a: Sinistcha
|-resisted|p1a: Sinistcha
|-damage|p1a: Sinistcha|17/100
|move|p1a: Sinistcha|Strength Sap|p2a: Gliscor
|-unboost|p2a: Gliscor|atk|1
|-heal|p1a: Sinistcha|100/100
|
|-heal|p2a: Gliscor|99/100 tox|[from] ability: Poison Heal
|upkeep
|turn|25
|
|t:|1759041612
|switch|p2a: Scizor|Scizor, M, shiny|100/100
|move|p1a: Sinistcha|Calm Mind|p1a: Sinistcha
|-boost|p1a: Sinistcha|spa|1
|-boost|p1a: Sinistcha|spd|1
|
|upkeep
|turn|26
|
|t:|1759041620
|move|p1a: Sinistcha|Strength Sap|p2a: Scizor
|-unboost|p2a: Scizor|atk|1
|move|p2a: Scizor|Knock Off|p1a: Sinistcha
|-supereffective|p1a: Sinistcha
|-damage|p1a: Sinistcha|53/100
|-enditem|p1a: Sinistcha|Leftovers|[from] move: Knock Off|[of] p2a: Scizor
|
|-sideend|p2: Shell7|move: Aurora Veil
|upkeep
|turn|27
|
|t:|1759041631
|switch|p2a: Ceruledge|Ceruledge, M, shiny|100/100
|move|p1a: Sinistcha|Strength Sap|p2a: Ceruledge
|-unboost|p2a: Ceruledge|atk|1
|-heal|p1a: Sinistcha|100/100
|
|upkeep
|turn|28
|
|t:|1759041647
|-terastallize|p1a: Sinistcha|Poison
|move|p2a: Ceruledge|Taunt|p1a: Sinistcha
|-start|p1a: Sinistcha|move: Taunt
|cant|p1a: Sinistcha|move: Taunt|Calm Mind
|
|upkeep
|turn|29
|
|t:|1759041655
|move|p2a: Ceruledge|Bulk Up|p2a: Ceruledge
|-boost|p2a: Ceruledge|atk|1
|-boost|p2a: Ceruledge|def|1
|move|p1a: Sinistcha|Shadow Ball|p2a: Ceruledge
|-supereffective|p2a: Ceruledge
|-damage|p2a: Ceruledge|0 fnt
|faint|p2a: Ceruledge
|
|upkeep
|
|t:|1759041662
|switch|p2a: Gliscor|Gliscor, F, shiny, tera:Normal|99/100 tox
|turn|30
|
|t:|1759041668
|move|p2a: Gliscor|Swords Dance|p2a: Gliscor
|-boost|p2a: Gliscor|atk|2
|move|p1a: Sinistcha|Matcha Gotcha|p2a: Gliscor
|-damage|p2a: Gliscor|32/100 tox
|
|-heal|p2a: Gliscor|44/100 tox|[from] ability: Poison Heal
|-end|p1a: Sinistcha|move: Taunt
|upkeep
|turn|31
|
|t:|1759041683
|move|p2a: Gliscor|Protect|p2a: Gliscor
|-singleturn|p2a: Gliscor|Protect
|move|p1a: Sinistcha|Matcha Gotcha|p2a: Gliscor
|-activate|p2a: Gliscor|move: Protect
|
|-heal|p2a: Gliscor|57/100 tox|[from] ability: Poison Heal
|upkeep
|turn|32
|
|t:|1759041694
|move|p2a: Gliscor|Earthquake|p1a: Sinistcha
|-supereffective|p1a: Sinistcha
|-damage|p1a: Sinistcha|0 fnt
|faint|p1a: Sinistcha
|
|-heal|p2a: Gliscor|69/100 tox|[from] ability: Poison Heal
|upkeep
|
|t:|1759041704
|switch|p1a: Moltres|Moltres|100/100
|turn|33
|
|t:|1759041708
|move|p2a: Gliscor|Protect|p2a: Gliscor
|-singleturn|p2a: Gliscor|Protect
|move|p1a: Moltres|Roar|p2a: Gliscor
|drag|p2a: Scizor|Scizor, M, shiny|100/100
|
|upkeep
|turn|34
|
|t:|1759041721
|switch|p2a: Gliscor|Gliscor, F, shiny, tera:Normal|69/100 tox
|move|p1a: Moltres|Flamethrower|p2a: Gliscor
|-damage|p2a: Gliscor|15/100 tox
|
|-heal|p2a: Gliscor|28/100 tox|[from] ability: Poison Heal
|upkeep
|turn|35
|
|t:|1759041732
|move|p2a: Gliscor|Protect|p2a: Gliscor
|-singleturn|p2a: Gliscor|Protect
|move|p1a: Moltres|Roar|p2a: Gliscor
|drag|p2a: Scizor|Scizor, M, shiny|100/100
|
|upkeep
|turn|36
|
|t:|1759041741
|move|p1a: Moltres|Flamethrower|p2a: Scizor
|-supereffective|p2a: Scizor
|-damage|p2a: Scizor|0 fnt
|faint|p2a: Scizor
|
|upkeep
|-message|Shell7 forfeited.
|
|win|castillo919
|raw|castillo919's rating: 1500 &rarr; <strong>1518</strong><br />(+18 for winning)
|raw|Shell7's rating: 1471 &rarr; <strong>1453</strong><br />(-18 for losing)
|l|☆Shell7
|player|p2|
