|badge|p2|bronze|gen9ou|100-6
|html|<div class="broadcast-red"><strong>This battle is required to be public due to one or more player having a season medal.</strong><br />During the public phase, you can discuss the state of the ladder <a href="/seasondiscussion">in a special chatroom.</a></div>
|uhtml|medal-msg|<div class="broadcast-blue">Curious what those medals under the avatar are? PS now has Ladder Seasons! For more information, check out the <a href="https://www.smogon.com/forums/threads/3740067/">thread on Smogon.</a></div>
|raw|<div class="broadcast-blue"><strong>This battle is required to be public due to a player having a name starting with 'medal'.</div>
|j|☆lerendezvous
|j|☆chusei20
|t:|1758996802
|gametype|singles
|player|p1|lerendezvous|101|1788
|player|p2|chusei20|101|1845
|gen|9
|tier|[Gen 9] OU
|rated|
|rule|HP Percentage Mod: HP is shown in percentages
|rule|Endless Battle Clause: Forcing endless battles is banned
|rule|Species Clause: Limit one of each Pokémon
|rule|OHKO Clause: OHKO moves are banned
|rule|Evasion Items Clause: Evasion items are banned
|rule|Evasion Moves Clause: Evasion moves are banned
|rule|Evasion Abilities Clause: Evasion abilities are banned
|rule|Sleep Moves Clause: Sleep-inducing moves are banned
|clearpoke
|poke|p1|Ogerpon-Wellspring, F|
|poke|p1|Slowking-Galar, M|
|poke|p1|Great Tusk|
|poke|p1|Moltres|
|poke|p1|Dragapult, F|
|poke|p1|Kingambit, M|
|poke|p2|Kyurem|
|poke|p2|Ting-Lu|
|poke|p2|Iron Valiant|
|poke|p2|Glimmora, M|
|poke|p2|Moltres|
|poke|p2|Raging Bolt|
|teampreview
|
|t:|1758996810
|teamsize|p1|6
|teamsize|p2|6
|start
|switch|p1a: Ogerpon|Ogerpon-Wellspring, F|100/100
|switch|p2a: Iron Valiant|Iron Valiant|100/100
|-enditem|p2a: Iron Valiant|Booster Energy
|-activate|p2a: Iron Valiant|ability: Quark Drive|[fromitem]
|-start|p2a: Iron Valiant|quarkdrivespe
|turn|1
|inactive|Battle timer is ON: inactive players will automatically lose when time's up. (requested by lerendezvous)
|
|t:|1758996814
|move|p2a: Iron Valiant|Close Combat|p1a: Ogerpon
|-damage|p1a: Ogerpon|19/100
|-unboost|p2a: Iron Valiant|def|1
|-unboost|p2a: Iron Valiant|spd|1
|move|p1a: Ogerpon|Ivy Cudgel|p2a: Iron Valiant|[anim] Ivy Cudgel Water
|-crit|p2a: Iron Valiant
|-damage|p2a: Iron Valiant|0 fnt
|faint|p2a: Iron Valiant
|-end|p2a: Iron Valiant|Quark Drive|[silent]
|
|upkeep
|
|t:|1758996817
|switch|p2a: Glimmora|Glimmora, M|100/100
|turn|2
|
|t:|1758996821
|switch|p2a: Ting-Lu|Ting-Lu|100/100
|-ability|p2a: Ting-Lu|Vessel of Ruin
|move|p1a: Ogerpon|Ivy Cudgel|p2a: Ting-Lu|[anim] Ivy Cudgel Water
|-supereffective|p2a: Ting-Lu
|-damage|p2a: Ting-Lu|39/100
|
|-heal|p2a: Ting-Lu|45/100|[from] item: Leftovers
|upkeep
|turn|3
|
|t:|1758996828
|switch|p2a: Kyurem|Kyurem|100/100
|-ability|p2a: Kyurem|Pressure
|move|p1a: Ogerpon|U-turn|p2a: Kyurem
|-damage|p2a: Kyurem|74/100
|j| tiochicodobos
|l| tiochicodobos
|
|t:|1758996833
|switch|p1a: Dragapult|Dragapult, F|100/100|[from] U-turn
|
|-heal|p2a: Kyurem|80/100|[from] item: Leftovers
|upkeep
|turn|4
|
|t:|1758996838
|move|p1a: Dragapult|U-turn|p2a: Kyurem
|-damage|p2a: Kyurem|60/100
|
|t:|1758996844
|switch|p1a: Slowking|Slowking-Galar, M|100/100|[from] U-turn
|move|p2a: Kyurem|Earth Power|p1a: Slowking
|-supereffective|p1a: Slowking
|-damage|p1a: Slowking|67/100
|
|-heal|p2a: Kyurem|66/100|[from] item: Leftovers
|upkeep
|turn|5
|
|t:|1758996850
|move|p2a: Kyurem|Earth Power|p1a: Slowking
|-supereffective|p1a: Slowking
|-damage|p1a: Slowking|32/100
|move|p1a: Slowking|Sludge Bomb|p2a: Kyurem
|-damage|p2a: Kyurem|25/100
|-status|p2a: Kyurem|psn
|
|-heal|p2a: Kyurem|31/100 psn|[from] item: Leftovers
|-damage|p2a: Kyurem|19/100 psn|[from] psn
|upkeep
|turn|6
|
|t:|1758996856
|switch|p1a: Kingambit|Kingambit, M|100/100
|move|p2a: Kyurem|Freeze-Dry|p1a: Kingambit
|-resisted|p1a: Kingambit
|-damage|p1a: Kingambit|79/100
|
|-heal|p2a: Kyurem|25/100 psn|[from] item: Leftovers
|-heal|p1a: Kingambit|86/100|[from] item: Leftovers
|-damage|p2a: Kyurem|13/100 psn|[from] psn
|upkeep
|turn|7
|
|t:|1758996861
|switch|p2a: Moltres|Moltres|100/100
|-end|p1a: Kingambit|fallenundefined|[silent]
|switch|p1a: Ogerpon|Ogerpon-Wellspring, F|19/100
|
|upkeep
|turn|8
|j| wgw2333
|
|t:|1758996866
|move|p1a: Ogerpon|U-turn|p2a: Moltres
|-resisted|p2a: Moltres
|-damage|p2a: Moltres|96/100
|-status|p1a: Ogerpon|brn|[from] ability: Flame Body|[of] p2a: Moltres
|
|t:|1758996873
|switch|p1a: Slowking|Slowking-Galar, M|66/100|[from] U-turn
|move|p2a: Moltres|U-turn|p1a: Slowking
|-damage|p1a: Slowking|51/100
|
|t:|1758996875
|switch|p2a: Ting-Lu|Ting-Lu|45/100|[from] U-turn
|-ability|p2a: Ting-Lu|Vessel of Ruin
|
|-heal|p2a: Ting-Lu|51/100|[from] item: Leftovers
|upkeep
|turn|9
|l| wgw2333
|
|t:|1758996879
|switch|p1a: Ogerpon|Ogerpon-Wellspring, F|19/100 brn
|move|p2a: Ting-Lu|Spikes|p1a: Ogerpon
|-sidestart|p1: lerendezvous|Spikes
|
|-heal|p2a: Ting-Lu|57/100|[from] item: Leftovers
|-damage|p1a: Ogerpon|13/100 brn|[from] brn
|upkeep
|turn|10
|
|t:|1758996884
|move|p1a: Ogerpon|U-turn|p2a: Ting-Lu
|-supereffective|p2a: Ting-Lu
|-damage|p2a: Ting-Lu|41/100
|
|t:|1758996890
|switch|p1a: Great Tusk|Great Tusk|100/100|[from] U-turn
|-damage|p1a: Great Tusk|88/100|[from] Spikes
|move|p2a: Ting-Lu|Earthquake|p1a: Great Tusk
|-damage|p1a: Great Tusk|63/100
|
|-heal|p2a: Ting-Lu|48/100|[from] item: Leftovers
|upkeep
|turn|11
|
|t:|1758996895
|move|p1a: Great Tusk|Rapid Spin|p2a: Ting-Lu
|-damage|p2a: Ting-Lu|37/100
|-boost|p1a: Great Tusk|spe|1
|-sideend|p1: lerendezvous|Spikes|[from] move: Rapid Spin|[of] p1a: Great Tusk
|move|p2a: Ting-Lu|Earthquake|p1a: Great Tusk
|-damage|p1a: Great Tusk|35/100
|
|-heal|p2a: Ting-Lu|43/100|[from] item: Leftovers
|upkeep
|turn|12
|
|t:|1758996901
|switch|p2a: Moltres|Moltres|96/100
|move|p1a: Great Tusk|Ice Spinner|p2a: Moltres
|-damage|p2a: Moltres|77/100
|
|upkeep
|turn|13
|
|t:|1758996907
|-end|p1a: Great Tusk|Protosynthesis|[silent]
|switch|p1a: Slowking|Slowking-Galar, M|84/100
|move|p2a: Moltres|U-turn|p1a: Slowking
|-crit|p1a: Slowking
|-damage|p1a: Slowking|64/100
|
|t:|1758996909
|switch|p2a: Ting-Lu|Ting-Lu|43/100|[from] U-turn
|-ability|p2a: Ting-Lu|Vessel of Ruin
|
|-heal|p2a: Ting-Lu|50/100|[from] item: Leftovers
|upkeep
|turn|14
|
|t:|1758996913
|switch|p1a: Ogerpon|Ogerpon-Wellspring, F|13/100 brn
|move|p2a: Ting-Lu|Spikes|p1a: Ogerpon
|-sidestart|p1: lerendezvous|Spikes
|
|-heal|p2a: Ting-Lu|56/100|[from] item: Leftovers
|-damage|p1a: Ogerpon|7/100 brn|[from] brn
|upkeep
|turn|15
|
|t:|1758996918
|move|p1a: Ogerpon|Ivy Cudgel|p2a: Ting-Lu|[anim] Ivy Cudgel Water
|-supereffective|p2a: Ting-Lu
|-damage|p2a: Ting-Lu|24/100
|move|p2a: Ting-Lu|Spikes|p1a: Ogerpon
|-sidestart|p1: lerendezvous|Spikes
|
|-heal|p2a: Ting-Lu|31/100|[from] item: Leftovers
|-damage|p1a: Ogerpon|1/100 brn|[from] brn
|upkeep
|turn|16
|
|t:|1758996923
|switch|p2a: Kyurem|Kyurem|13/100 psn
|-ability|p2a: Kyurem|Pressure
|move|p1a: Ogerpon|Ivy Cudgel|p2a: Kyurem|[anim] Ivy Cudgel Water
|-resisted|p2a: Kyurem
|-crit|p2a: Kyurem
|-damage|p2a: Kyurem|0 fnt
|faint|p2a: Kyurem
|
|-damage|p1a: Ogerpon|0 fnt|[from] brn
|faint|p1a: Ogerpon
|upkeep
|
|t:|1758996928
|switch|p1a: Great Tusk|Great Tusk|35/100
|switch|p2a: Moltres|Moltres|77/100
|-damage|p1a: Great Tusk|19/100|[from] Spikes
|turn|17
|
|t:|1758996932
|move|p1a: Great Tusk|Rapid Spin|p2a: Moltres
|-damage|p2a: Moltres|66/100
|-boost|p1a: Great Tusk|spe|1
|-status|p1a: Great Tusk|brn|[from] ability: Flame Body|[of] p2a: Moltres
|-sideend|p1: lerendezvous|Spikes|[from] move: Rapid Spin|[of] p1a: Great Tusk
|move|p2a: Moltres|Flamethrower|p1a: Great Tusk
|-damage|p1a: Great Tusk|0 fnt
|faint|p1a: Great Tusk
|-end|p1a: Great Tusk|Protosynthesis|[silent]
|
|upkeep
|
|t:|1758996939
|switch|p1a: Slowking|Slowking-Galar, M|97/100
|turn|18
|
|t:|1758996943
|switch|p1a: Kingambit|Kingambit, M|86/100
|-activate|p1a: Kingambit|ability: Supreme Overlord
|-start|p1a: Kingambit|fallen2|[silent]
|move|p2a: Moltres|U-turn|p1a: Kingambit
|-damage|p1a: Kingambit|74/100
|
|t:|1758996946
|switch|p2a: Ting-Lu|Ting-Lu|31/100|[from] U-turn
|-ability|p2a: Ting-Lu|Vessel of Ruin
|
|-heal|p1a: Kingambit|80/100|[from] item: Leftovers
|-heal|p2a: Ting-Lu|37/100|[from] item: Leftovers
|upkeep
|turn|19
|
|t:|1758996951
|switch|p2a: Moltres|Moltres|66/100
|move|p1a: Kingambit|Swords Dance|p1a: Kingambit
|-boost|p1a: Kingambit|atk|2
|
|-heal|p1a: Kingambit|86/100|[from] item: Leftovers
|upkeep
|turn|20
|
|t:|1758996955
|-end|p1a: Kingambit|fallen2|[silent]
|switch|p1a: Slowking|Slowking-Galar, M|100/100
|move|p2a: Moltres|Roost|p2a: Moltres
|-heal|p2a: Moltres|100/100
|-singleturn|p2a: Moltres|move: Roost
|
|upkeep
|turn|21
|
|t:|1758996960
|move|p2a: Moltres|U-turn|p1a: Slowking
|-damage|p1a: Slowking|86/100
|
|t:|1758996961
|switch|p2a: Ting-Lu|Ting-Lu|37/100|[from] U-turn
|-ability|p2a: Ting-Lu|Vessel of Ruin
|move|p1a: Slowking|Ice Beam|p2a: Ting-Lu
|-supereffective|p2a: Ting-Lu
|-damage|p2a: Ting-Lu|15/100
|
|-heal|p2a: Ting-Lu|21/100|[from] item: Leftovers
|upkeep
|turn|22
|
|t:|1758996966
|switch|p1a: Kingambit|Kingambit, M|86/100
|-activate|p1a: Kingambit|ability: Supreme Overlord
|-start|p1a: Kingambit|fallen2|[silent]
|move|p2a: Ting-Lu|Earthquake|p1a: Kingambit
|-supereffective|p1a: Kingambit
|-damage|p1a: Kingambit|27/100
|
|-heal|p1a: Kingambit|33/100|[from] item: Leftovers
|-heal|p2a: Ting-Lu|27/100|[from] item: Leftovers
|upkeep
|turn|23
|
|t:|1758996971
|switch|p2a: Moltres|Moltres|100/100
|move|p1a: Kingambit|Iron Head|p2a: Moltres
|-resisted|p2a: Moltres
|-damage|p2a: Moltres|84/100
|-status|p1a: Kingambit|brn|[from] ability: Flame Body|[of] p2a: Moltres
|
|-heal|p1a: Kingambit|39/100 brn|[from] item: Leftovers
|-damage|p1a: Kingambit|33/100 brn|[from] brn
|upkeep
|turn|24
|
|t:|1758996976
|move|p2a: Moltres|U-turn|p1a: Kingambit
|-damage|p1a: Kingambit|22/100 brn
|
|t:|1758996978
|switch|p2a: Ting-Lu|Ting-Lu|27/100|[from] U-turn
|-ability|p2a: Ting-Lu|Vessel of Ruin
|move|p1a: Kingambit|Low Kick|p2a: Ting-Lu
|-supereffective|p2a: Ting-Lu
|-damage|p2a: Ting-Lu|0 fnt
|faint|p2a: Ting-Lu
|
|-heal|p1a: Kingambit|28/100 brn|[from] item: Leftovers
|-damage|p1a: Kingambit|22/100 brn|[from] brn
|upkeep
|
|t:|1758996980
|switch|p2a: Moltres|Moltres|84/100
|turn|25
|
|t:|1758996985
|-end|p1a: Kingambit|fallen2|[silent]
|switch|p1a: Slowking|Slowking-Galar, M|100/100
|move|p2a: Moltres|Roost|p2a: Moltres
|-heal|p2a: Moltres|100/100
|-singleturn|p2a: Moltres|move: Roost
|
|upkeep
|turn|26
|
|t:|1758996990
|move|p2a: Moltres|Flamethrower|p1a: Slowking
|-damage|p1a: Slowking|82/100
|move|p1a: Slowking|Sludge Bomb|p2a: Moltres
|-damage|p2a: Moltres|56/100
|
|upkeep
|turn|27
|
|t:|1758996995
|move|p2a: Moltres|Flamethrower|p1a: Slowking
|-damage|p1a: Slowking|62/100
|move|p1a: Slowking|Sludge Bomb|p2a: Moltres
|-damage|p2a: Moltres|11/100
|
|upkeep
|turn|28
|
|t:|1758997000
|move|p2a: Moltres|Flamethrower|p1a: Slowking
|-damage|p1a: Slowking|41/100
|move|p1a: Slowking|Sludge Bomb|p2a: Moltres
|-damage|p2a: Moltres|0 fnt
|faint|p2a: Moltres
|
|upkeep
|
|t:|1758997002
|switch|p2a: Glimmora|Glimmora, M|100/100
|turn|29
|
|t:|1758997006
|move|p2a: Glimmora|Earth Power|p1a: Slowking
|-supereffective|p1a: Slowking
|-damage|p1a: Slowking|9/100
|move|p1a: Slowking|Psyshock|p2a: Glimmora
|-supereffective|p2a: Glimmora
|-damage|p2a: Glimmora|4/100
|
|upkeep
|turn|30
|
|t:|1758997016
|switch|p1a: Kingambit|Kingambit, M|22/100 brn
|-activate|p1a: Kingambit|ability: Supreme Overlord
|-start|p1a: Kingambit|fallen2|[silent]
|move|p2a: Glimmora|Earth Power|p1a: Kingambit
|-supereffective|p1a: Kingambit
|-damage|p1a: Kingambit|0 fnt
|faint|p1a: Kingambit
|-end|p1a: Kingambit|fallen2|[silent]
|
|upkeep
|
|t:|1758997021
|switch|p1a: Slowking|Slowking-Galar, M|42/100
|turn|31
|
|t:|1758997026
|switch|p1a: Dragapult|Dragapult, F|100/100
|move|p2a: Glimmora|Power Gem|p1a: Dragapult
|-damage|p1a: Dragapult|33/100
|
|upkeep
|turn|32
|
|t:|1758997031
|move|p1a: Dragapult|U-turn|p2a: Glimmora
|-resisted|p2a: Glimmora
|-damage|p2a: Glimmora|0 fnt
|-activate|p2a: Glimmora|ability: Toxic Debris
|-sidestart|p1: lerendezvous|move: Toxic Spikes
|faint|p2a: Glimmora
|
|t:|1758997036
|switch|p1a: Slowking|Slowking-Galar, M|76/100|[from] U-turn
|-sideend|p1: lerendezvous|move: Toxic Spikes|[of] p1a: Slowking
|
|upkeep
|
|t:|1758997039
|switch|p2a: Raging Bolt|Raging Bolt|100/100
|-enditem|p2a: Raging Bolt|Booster Energy
|-activate|p2a: Raging Bolt|ability: Protosynthesis|[fromitem]
|-start|p2a: Raging Bolt|protosynthesisspa
|turn|33
|
|t:|1758997043
|move|p2a: Raging Bolt|Thunderbolt|p1a: Slowking
|-damage|p1a: Slowking|40/100
|move|p1a: Slowking|Sludge Bomb|p2a: Raging Bolt
|-damage|p2a: Raging Bolt|60/100
|
|upkeep
|turn|34
|
|t:|1758997050
|move|p2a: Raging Bolt|Calm Mind|p2a: Raging Bolt
|-boost|p2a: Raging Bolt|spa|1
|-boost|p2a: Raging Bolt|spd|1
|move|p1a: Slowking|Sludge Bomb|p2a: Raging Bolt
|-damage|p2a: Raging Bolt|35/100
|
|upkeep
|turn|35
|
|t:|1758997055
|switch|p1a: Dragapult|Dragapult, F|33/100
|move|p2a: Raging Bolt|Thunderbolt|p1a: Dragapult
|-resisted|p1a: Dragapult
|-damage|p1a: Dragapult|0 fnt
|faint|p1a: Dragapult
|
|upkeep
|
|t:|1758997061
|switch|p1a: Slowking|Slowking-Galar, M|73/100
|turn|36
|
|t:|1758997065
|move|p2a: Raging Bolt|Calm Mind|p2a: Raging Bolt
|-boost|p2a: Raging Bolt|spa|1
|-boost|p2a: Raging Bolt|spd|1
|move|p1a: Slowking|Ice Beam|p2a: Raging Bolt
|-supereffective|p2a: Raging Bolt
|-damage|p2a: Raging Bolt|7/100
|
|upkeep
|turn|37
|
|t:|1758997074
|switch|p1a: Moltres|Moltres|100/100
|move|p2a: Raging Bolt|Calm Mind|p2a: Raging Bolt
|-boost|p2a: Raging Bolt|spa|1
|-boost|p2a: Raging Bolt|spd|1
|
|upkeep
|turn|38
|
|t:|1758997078
|-terastallize|p1a: Moltres|Fairy
|move|p2a: Raging Bolt|Thunderbolt|p1a: Moltres
|-damage|p1a: Moltres|0 fnt
|faint|p1a: Moltres
|
|upkeep
|
|t:|1758997083
|switch|p1a: Slowking|Slowking-Galar, M|100/100
|turn|39
|
|t:|1758997087
|move|p2a: Raging Bolt|Thunderbolt|p1a: Slowking
|-damage|p1a: Slowking|19/100
|move|p1a: Slowking|Psyshock|p2a: Raging Bolt
|-damage|p2a: Raging Bolt|0 fnt
|faint|p2a: Raging Bolt
|-end|p2a: Raging Bolt|Protosynthesis|[silent]
|
|win|lerendezvous
|raw|lerendezvous's rating: 1788 &rarr; <strong>1811</strong><br />(+23 for winning)
|raw|chusei20's rating: 1845 &rarr; <strong>1822</strong><br />(-23 for losing)
