|j|☆dreepy airlines
|j|☆gas litten
|inactive|Battle timer is ON: inactive players will automatically lose when time's up.
|t:|1758968234
|gametype|singles
|player|p1|dreepy airlines|marley|
|player|p2|gas litten|miku-ghost|
|gen|9
|tier|[Gen 9] OU
|rated|Tournament battle
|rule|HP Percentage Mod: HP is shown in percentages
|rule|Endless Battle Clause: Forcing endless battles is banned
|rule|Species Clause: Limit one of each Pokémon
|rule|OHKO Clause: OHKO moves are banned
|rule|Evasion Items Clause: Evasion items are banned
|rule|Evasion Moves Clause: Evasion moves are banned
|rule|Evasion Abilities Clause: Evasion abilities are banned
|rule|Sleep Moves Clause: Sleep-inducing moves are banned
|rule|Inverse Mod: Weaknesses become resistances, while resistances and immunities become weaknesses.
|rule|Blitz: Super-fast timer
|raw|<div class="infobox"><details class="readmore" open><summary><strong>2 custom rules:</strong></summary> Inverse Mod, Blitz</details></div>
|clearpoke
|poke|p1|Rillaboom, F|
|poke|p1|Samurott-Hisui, M|
|poke|p1|Porygon-Z|
|poke|p1|Dragonite, M|
|poke|p1|Darkrai|
|poke|p1|Grimmsnarl, M|
|poke|p2|Ogerpon, F|
|poke|p2|Iron Hands|
|poke|p2|Darkrai|
|poke|p2|Rotom-Wash|
|poke|p2|Enamorus-Therian, F|
|poke|p2|Dragonite, F|
|teampreview
|j|*Lady Monita ☀
|inactive|dreepy airlines also wants the timer to be on.
|
|t:|1758968242
|teamsize|p1|6
|teamsize|p2|6
|start
|switch|p1a: Samurott|Samurott-Hisui, M|100/100
|switch|p2a: Rotom|Rotom-Wash|100/100
|turn|1
|c|☆gas litten|gkhf
|inactive|dreepy airlines has 10 seconds left.
|
|t:|1758968248
|move|p1a: Samurott|Ceaseless Edge|p2a: Rotom
|-damage|p2a: Rotom|67/100
|-sidestart|p2: gas litten|Spikes
|move|p2a: Rotom|Hydro Pump|p1a: Samurott
|-supereffective|p1a: Samurott
|-enditem|p1a: Samurott|Focus Sash
|-damage|p1a: Samurott|1/100
|
|upkeep
|turn|2
|inactive|gas litten has 10 seconds left.
|
|t:|1758968253
|move|p1a: Samurott|Razor Shell|p2a: Rotom
|-supereffective|p2a: Rotom
|-damage|p2a: Rotom|0 fnt
|faint|p2a: Rotom
|
|upkeep
|inactive|gas litten has 10 seconds left.
|
|t:|1758968259
|switch|p2a: Dragonite|Dragonite, F|100/100
|turn|3
|
|t:|1758968263
|move|p1a: Samurott|Razor Shell|p2a: Dragonite
|-supereffective|p2a: Dragonite
|-damage|p2a: Dragonite|39/100
|move|p2a: Dragonite|Dragon Dance|p2a: Dragonite
|-boost|p2a: Dragonite|atk|1
|-boost|p2a: Dragonite|spe|1
|
|upkeep
|turn|4
|c|☆gas litten|glhf
|
|t:|1758968268
|move|p2a: Dragonite|Dragon Claw|p1a: Samurott
|-damage|p1a: Samurott|0 fnt
|faint|p1a: Samurott
|
|upkeep
|c|☆gas litten|ima lose
|
|t:|1758968271
|switch|p1a: Rillaboom|Rillaboom, F|100/100
|-fieldstart|move: Grassy Terrain|[from] ability: Grassy Surge|[of] p1a: Rillaboom
|turn|5
|
|t:|1758968276
|move|p1a: Rillaboom|Grassy Glide|p2a: Dragonite
|-supereffective|p2a: Dragonite
|-damage|p2a: Dragonite|0 fnt
|faint|p2a: Dragonite
|
|upkeep
|
|t:|1758968280
|switch|p2a: Darkrai|Darkrai|100/100
|-damage|p2a: Darkrai|88/100|[from] Spikes
|turn|6
|inactive|dreepy airlines has 10 seconds left.
|c|☆gas litten|gg
|
|t:|1758968287
|-terastallize|p1a: Rillaboom|Grass
|move|p1a: Rillaboom|Grassy Glide|p2a: Darkrai
|-damage|p2a: Darkrai|0 fnt
|faint|p2a: Darkrai
|
|upkeep
|c|☆gas litten|u won
|c|☆gas litten|have fun
|
|t:|1758968290
|switch|p2a: Iron Hands|Iron Hands, shiny|100/100
|-damage|p2a: Iron Hands|88/100|[from] Spikes
|turn|7
|inactive|dreepy airlines has 10 seconds left.
|j|^Prateekkp
|
|t:|1758968297
|switch|p1a: Grimmsnarl|Grimmsnarl, M|100/100
|move|p2a: Iron Hands|Thunder Punch|p1a: Grimmsnarl
|-damage|p1a: Grimmsnarl|46/100
|
|-heal|p1a: Grimmsnarl|53/100|[from] Grassy Terrain
|-heal|p2a: Iron Hands|94/100|[from] Grassy Terrain
|upkeep
|turn|8
|
|t:|1758968301
|move|p1a: Grimmsnarl|Reflect|p1a: Grimmsnarl
|-sidestart|p1: dreepy airlines|Reflect
|move|p2a: Iron Hands|Drain Punch|p1a: Grimmsnarl
|-damage|p1a: Grimmsnarl|23/100
|-heal|p2a: Iron Hands|100/100|[from] drain|[of] p1a: Grimmsnarl
|
|-heal|p1a: Grimmsnarl|29/100|[from] Grassy Terrain
|upkeep
|turn|9
|
|t:|1758968304
|move|p1a: Grimmsnarl|Light Screen|p1a: Grimmsnarl
|-sidestart|p1: dreepy airlines|move: Light Screen
|move|p2a: Iron Hands|Swords Dance|p2a: Iron Hands
|-boost|p2a: Iron Hands|atk|2
|
|-heal|p1a: Grimmsnarl|36/100|[from] Grassy Terrain
|-fieldend|move: Grassy Terrain
|upkeep
|turn|10
|
|t:|1758968307
|move|p1a: Grimmsnarl|Parting Shot|p2a: Iron Hands
|-unboost|p2a: Iron Hands|atk|1
|-unboost|p2a: Iron Hands|spa|1
|
|t:|1758968309
|switch|p1a: Dragonite|Dragonite, M|100/100|[from] Parting Shot
|move|p2a: Iron Hands|Drain Punch|p1a: Dragonite
|-supereffective|p1a: Dragonite
|-crit|p1a: Dragonite
|-damage|p1a: Dragonite|0 fnt
|faint|p1a: Dragonite
|
|upkeep
|
|t:|1758968312
|switch|p1a: Darkrai|Darkrai|100/100
|turn|11
|
|t:|1758968315
|move|p1a: Darkrai|Dark Pulse|p2a: Iron Hands
|-supereffective|p2a: Iron Hands
|-damage|p2a: Iron Hands|0 fnt
|faint|p2a: Iron Hands
|-end|p2a: Iron Hands|Quark Drive|[silent]
|
|upkeep
|
|t:|1758968319
|switch|p2a: Ogerpon|Ogerpon, F|100/100
|-damage|p2a: Ogerpon|88/100|[from] Spikes
|turn|12
|
|t:|1758968321
|move|p1a: Darkrai|Dark Pulse|p2a: Ogerpon
|-damage|p2a: Ogerpon|57/100
|move|p2a: Ogerpon|Knock Off|p1a: Darkrai
|-supereffective|p1a: Darkrai
|-damage|p1a: Darkrai|57/100
|-enditem|p1a: Darkrai|Expert Belt|[from] move: Knock Off|[of] p2a: Ogerpon
|
|upkeep
|turn|13
|c|☆gas litten|lol
|
|t:|1758968324
|move|p1a: Darkrai|Dark Pulse|p2a: Ogerpon
|-damage|p2a: Ogerpon|22/100
|move|p2a: Ogerpon|Knock Off|p1a: Darkrai
|-supereffective|p1a: Darkrai
|-crit|p1a: Darkrai
|-damage|p1a: Darkrai|0 fnt
|faint|p1a: Darkrai
|
|upkeep
|
|t:|1758968328
|switch|p1a: Rillaboom|Rillaboom, F, tera:Grass|100/100
|-fieldstart|move: Grassy Terrain|[from] ability: Grassy Surge|[of] p1a: Rillaboom
|turn|14
|
|t:|1758968331
|move|p1a: Rillaboom|Grassy Glide|p2a: Ogerpon
|-supereffective|p2a: Ogerpon
|-damage|p2a: Ogerpon|0 fnt
|faint|p2a: Ogerpon
|
|upkeep
|inactive|gas litten has 10 seconds left.
|
|t:|1758968338
|switch|p2a: Enamorus|Enamorus-Therian, F|100/100
|turn|15
|
|t:|1758968342
|-terastallize|p2a: Enamorus|Fairy
|move|p1a: Rillaboom|Grassy Glide|p2a: Enamorus
|-damage|p2a: Enamorus|34/100
|move|p2a: Enamorus|Grass Knot|p1a: Rillaboom
|-supereffective|p1a: Rillaboom
|-damage|p1a: Rillaboom|47/100
|
|-heal|p1a: Rillaboom|53/100|[from] Grassy Terrain
|-heal|p2a: Enamorus|40/100|[from] Grassy Terrain
|-heal|p2a: Enamorus|46/100|[from] item: Leftovers
|-sideend|p1: dreepy airlines|Reflect
|upkeep
|turn|16
|c|☆gas litten|well
|l|^Prateekkp
|
|t:|1758968347
|move|p1a: Rillaboom|Grassy Glide|p2a: Enamorus
|-damage|p2a: Enamorus|0 fnt
|faint|p2a: Enamorus
|
|win|dreepy airlines
|n|☆dreepy airlines|dreepyairlines
|n|☆gas litten|gaslitten
|n|*Lady Monita ☀|ladymonita
