|j|☆crazey19
|j|☆monkeyzooland
|t:|1758989143
|gametype|singles
|player|p1|crazey19|101|1366
|player|p2|monkeyzooland|169|1412
|gen|9
|tier|[Gen 9] OU
|rated|
|rule|HP Percentage Mod: HP is shown in percentages
|rule|Endless Battle Clause: Forcing endless battles is banned
|rule|Species Clause: Limit one of each Pokémon
|rule|OHKO Clause: OHKO moves are banned
|rule|Evasion Items Clause: Evasion items are banned
|rule|Evasion Moves Clause: Evasion moves are banned
|rule|Evasion Abilities Clause: Evasion abilities are banned
|rule|Sleep Moves Clause: Sleep-inducing moves are banned
|clearpoke
|poke|p1|Scizor, F|
|poke|p1|Heatran, M|
|poke|p1|Garchomp, M|
|poke|p1|Thundurus-Therian, M|
|poke|p1|Glimmora, M|
|poke|p1|Zarude-Dada|
|poke|p2|Ogerpon-Wellspring, F|
|poke|p2|Weezing-Galar, M|
|poke|p2|Garganacl, M|
|poke|p2|Iron Valiant|
|poke|p2|Gliscor, F|
|poke|p2|Alomomola, M|
|teampreview
|
|t:|1758989164
|teamsize|p1|6
|teamsize|p2|6
|start
|switch|p1a: Glimmora|Glimmora, M, shiny|100/100
|switch|p2a: Alomomola|Alomomola, M|100/100
|turn|1
|
|t:|1758989180
|move|p1a: Glimmora|Stealth Rock|p2a: Alomomola
|-sidestart|p2: monkeyzooland|move: Stealth Rock
|move|p2a: Alomomola|Flip Turn|p1a: Glimmora
|-supereffective|p1a: Glimmora
|-damage|p1a: Glimmora|61/100
|-activate|p1a: Glimmora|ability: Toxic Debris
|-sidestart|p2: monkeyzooland|move: Toxic Spikes
|
|t:|1758989187
|switch|p2a: Gliscor|Gliscor, F|100/100|[from] Flip Turn
|-damage|p2a: Gliscor|88/100|[from] Stealth Rock
|
|-status|p2a: Gliscor|tox|[from] item: Toxic Orb
|upkeep
|turn|2
|
|t:|1758989227
|move|p1a: Glimmora|Power Gem|p2a: Gliscor
|-damage|p2a: Gliscor|36/100 tox
|move|p2a: Gliscor|Earthquake|p1a: Glimmora
|-supereffective|p1a: Glimmora
|-damage|p1a: Glimmora|0 fnt
|-activate|p1a: Glimmora|ability: Toxic Debris
|-sidestart|p2: monkeyzooland|move: Toxic Spikes
|faint|p1a: Glimmora
|
|-heal|p2a: Gliscor|48/100 tox|[from] ability: Poison Heal
|upkeep
|
|t:|1758989241
|switch|p1a: Thundurus|Thundurus-Therian, M, shiny|100/100
|turn|3
|
|t:|1758989246
|-terastallize|p1a: Thundurus|Flying
|move|p2a: Gliscor|Protect|p2a: Gliscor
|-singleturn|p2a: Gliscor|Protect
|move|p1a: Thundurus|Tera Blast|p2a: Gliscor|[anim] Tera Blast Flying
|-activate|p2a: Gliscor|move: Protect
|
|-heal|p2a: Gliscor|61/100 tox|[from] ability: Poison Heal
|upkeep
|turn|4
|
|t:|1758989256
|switch|p2a: Garganacl|Garganacl, M|100/100
|-damage|p2a: Garganacl|88/100|[from] Stealth Rock
|move|p1a: Thundurus|Tera Blast|p2a: Garganacl|[anim] Tera Blast Flying
|-resisted|p2a: Garganacl
|-damage|p2a: Garganacl|66/100
|
|-heal|p2a: Garganacl|72/100|[from] item: Leftovers
|upkeep
|turn|5
|
|t:|1758989264
|switch|p1a: Zarude|Zarude-Dada|100/100
|move|p2a: Garganacl|Stealth Rock|p1a: Zarude
|-sidestart|p1: crazey19|move: Stealth Rock
|
|-heal|p2a: Garganacl|78/100|[from] item: Leftovers
|upkeep
|turn|6
|
|t:|1758989268
|switch|p2a: Weezing|Weezing-Galar, M|100/100
|-ability|p2a: Weezing|Neutralizing Gas
|-sideend|p2: monkeyzooland|move: Toxic Spikes|[of] p2a: Weezing
|move|p1a: Zarude|Swords Dance|p1a: Zarude
|-boost|p1a: Zarude|atk|2
|
|upkeep
|turn|7
|
|t:|1758989277
|switch|p1a: Heatran|Heatran, M|100/100
|-damage|p1a: Heatran|88/100|[from] Stealth Rock
|-item|p1a: Heatran|Air Balloon
|move|p2a: Weezing|Toxic|p1a: Heatran
|-immune|p1a: Heatran
|
|upkeep
|turn|8
|
|t:|1758989284
|-end|p2a: Weezing|ability: Neutralizing Gas
|switch|p2a: Garganacl|Garganacl, M|78/100
|-damage|p2a: Garganacl|66/100|[from] Stealth Rock
|move|p1a: Heatran|Magma Storm|p2a: Garganacl
|-resisted|p2a: Garganacl
|-damage|p2a: Garganacl|51/100
|-activate|p2a: Garganacl|move: Magma Storm|[of] p1a: Heatran
|
|-heal|p2a: Garganacl|57/100|[from] item: Leftovers
|-damage|p2a: Garganacl|45/100|[from] move: Magma Storm|[partiallytrapped]
|upkeep
|turn|9
|
|t:|1758989291
|move|p1a: Heatran|Taunt|p2a: Garganacl
|-start|p2a: Garganacl|move: Taunt
|cant|p2a: Garganacl|move: Taunt|Recover
|
|-heal|p2a: Garganacl|51/100|[from] item: Leftovers
|-damage|p2a: Garganacl|39/100|[from] move: Magma Storm|[partiallytrapped]
|upkeep
|turn|10
|
|t:|1758989296
|move|p1a: Heatran|Scorching Sands|p2a: Garganacl
|-supereffective|p2a: Garganacl
|-damage|p2a: Garganacl|10/100
|move|p2a: Garganacl|Salt Cure|p1a: Heatran
|-damage|p1a: Heatran|80/100
|-start|p1a: Heatran|Salt Cure
|-enditem|p1a: Heatran|Air Balloon
|
|-heal|p2a: Garganacl|16/100|[from] item: Leftovers
|-damage|p1a: Heatran|55/100|[from] Salt Cure
|-damage|p2a: Garganacl|4/100|[from] move: Magma Storm|[partiallytrapped]
|upkeep
|turn|11
|
|t:|1758989306
|move|p1a: Heatran|Scorching Sands|p2a: Garganacl
|-supereffective|p2a: Garganacl
|-damage|p2a: Garganacl|0 fnt
|faint|p2a: Garganacl
|
|-damage|p1a: Heatran|30/100|[from] Salt Cure
|upkeep
|c|☆monkeyzooland|MY BOY
|
|t:|1758989314
|switch|p2a: Ogerpon|Ogerpon-Wellspring, F|100/100
|-damage|p2a: Ogerpon|88/100|[from] Stealth Rock
|turn|12
|
|t:|1758989328
|switch|p1a: Zarude|Zarude-Dada|100/100
|move|p2a: Ogerpon|Ivy Cudgel|p1a: Zarude|[anim] Ivy Cudgel Water
|-resisted|p1a: Zarude
|-damage|p1a: Zarude|72/100
|
|upkeep
|turn|13
|
|t:|1758989344
|switch|p2a: Weezing|Weezing-Galar, M|100/100
|-ability|p2a: Weezing|Neutralizing Gas
|switch|p1a: Scizor|Scizor, F|100/100
|-damage|p1a: Scizor|88/100|[from] Stealth Rock
|
|upkeep
|turn|14
|
|t:|1758989351
|move|p1a: Scizor|Bullet Punch|p2a: Weezing
|-supereffective|p2a: Weezing
|-damage|p2a: Weezing|70/100
|move|p2a: Weezing|Flamethrower|p1a: Scizor
|-supereffective|p1a: Scizor
|-damage|p1a: Scizor|0 fnt
|faint|p1a: Scizor
|
|upkeep
|
|t:|1758989358
|switch|p1a: Heatran|Heatran, M|30/100
|-damage|p1a: Heatran|18/100|[from] Stealth Rock
|turn|15
|
|t:|1758989368
|-end|p2a: Weezing|ability: Neutralizing Gas
|switch|p2a: Alomomola|Alomomola, M|100/100
|-damage|p2a: Alomomola|88/100|[from] Stealth Rock
|move|p1a: Heatran|Magma Storm|p2a: Alomomola|[miss]
|-miss|p1a: Heatran|p2a: Alomomola
|
|upkeep
|turn|16
|
|t:|1758989376
|switch|p1a: Zarude|Zarude-Dada|72/100
|move|p2a: Alomomola|Flip Turn|p1a: Zarude
|-resisted|p1a: Zarude
|-damage|p1a: Zarude|64/100
|
|t:|1758989385
|switch|p2a: Iron Valiant|Iron Valiant|100/100|[from] Flip Turn
|-damage|p2a: Iron Valiant|94/100|[from] Stealth Rock
|
|upkeep
|turn|17
|
|t:|1758989389
|move|p2a: Iron Valiant|Moonblast|p1a: Zarude
|-supereffective|p1a: Zarude
|-damage|p1a: Zarude|0 fnt
|faint|p1a: Zarude
|
|upkeep
|
|t:|1758989394
|switch|p1a: Thundurus|Thundurus-Therian, M, shiny, tera:Flying|100/100
|-damage|p1a: Thundurus|76/100|[from] Stealth Rock
|turn|18
|
|t:|1758989406
|-end|p2a: Iron Valiant|Quark Drive|[silent]
|switch|p2a: Alomomola|Alomomola, M|100/100
|-damage|p2a: Alomomola|88/100|[from] Stealth Rock
|move|p1a: Thundurus|Tera Blast|p2a: Alomomola|[anim] Tera Blast Flying
|-damage|p2a: Alomomola|41/100
|
|upkeep
|turn|19
|
|t:|1758989420
|move|p2a: Alomomola|Protect|p2a: Alomomola
|-singleturn|p2a: Alomomola|Protect
|move|p1a: Thundurus|Tera Blast|p2a: Alomomola|[anim] Tera Blast Flying
|-activate|p2a: Alomomola|move: Protect
|
|upkeep
|turn|20
|
|t:|1758989425
|switch|p2a: Weezing|Weezing-Galar, M|70/100
|-ability|p2a: Weezing|Neutralizing Gas
|move|p1a: Thundurus|Tera Blast|p2a: Weezing|[anim] Tera Blast Flying
|-damage|p2a: Weezing|0 fnt
|faint|p2a: Weezing
|-end|p2a: Weezing|ability: Neutralizing Gas
|
|upkeep
|
|t:|1758989436
|switch|p2a: Ogerpon|Ogerpon-Wellspring, F|88/100
|-damage|p2a: Ogerpon|76/100|[from] Stealth Rock
|turn|21
|
|t:|1758989457
|switch|p1a: Heatran|Heatran, M|18/100
|-damage|p1a: Heatran|5/100|[from] Stealth Rock
|-terastallize|p2a: Ogerpon|Water
|detailschange|p2a: Ogerpon|Ogerpon-Wellspring-Tera, F, tera:Water
|-ability|p2a: Ogerpon|Embody Aspect (Wellspring)|boost
|-boost|p2a: Ogerpon|spd|1
|move|p2a: Ogerpon|Ivy Cudgel|p1a: Heatran|[anim] Ivy Cudgel Water
|-supereffective|p1a: Heatran
|-damage|p1a: Heatran|0 fnt
|faint|p1a: Heatran
|
|upkeep
|inactive|Battle timer is ON: inactive players will automatically lose when time's up. (requested by crazey19)
|
|t:|1758989465
|switch|p1a: Garchomp|Garchomp, M|100/100
|-damage|p1a: Garchomp|94/100|[from] Stealth Rock
|turn|22
|
|t:|1758989470
|move|p2a: Ogerpon|Ivy Cudgel|p1a: Garchomp|[anim] Ivy Cudgel Water
|-damage|p1a: Garchomp|19/100
|move|p1a: Garchomp|Earthquake|p2a: Ogerpon
|-damage|p2a: Ogerpon|2/100
|
|upkeep
|turn|23
|
|t:|1758989475
|move|p2a: Ogerpon|Ivy Cudgel|p1a: Garchomp|[anim] Ivy Cudgel Water
|-crit|p1a: Garchomp
|-damage|p1a: Garchomp|0 fnt
|faint|p1a: Garchomp
|
|upkeep
|
|t:|1758989478
|switch|p1a: Thundurus|Thundurus-Therian, M, shiny, tera:Flying|76/100
|-damage|p1a: Thundurus|51/100|[from] Stealth Rock
|turn|24
|
|t:|1758989485
|move|p1a: Thundurus|Tera Blast|p2a: Ogerpon|[anim] Tera Blast Flying
|-damage|p2a: Ogerpon|0 fnt
|faint|p2a: Ogerpon
|detailschange|p2: Ogerpon|Ogerpon-Wellspring, F|[silent]
|
|upkeep
|
|t:|1758989491
|switch|p2a: Gliscor|Gliscor, F|61/100 tox
|-damage|p2a: Gliscor|48/100 tox|[from] Stealth Rock
|turn|25
|
|t:|1758989498
|move|p2a: Gliscor|Protect|p2a: Gliscor
|-singleturn|p2a: Gliscor|Protect
|move|p1a: Thundurus|Tera Blast|p2a: Gliscor|[anim] Tera Blast Flying
|-activate|p2a: Gliscor|move: Protect
|
|-heal|p2a: Gliscor|61/100 tox|[from] ability: Poison Heal
|upkeep
|turn|26
|
|t:|1758989505
|move|p1a: Thundurus|Tera Blast|p2a: Gliscor|[anim] Tera Blast Flying
|-damage|p2a: Gliscor|0 fnt
|faint|p2a: Gliscor
|
|upkeep
|
|t:|1758989509
|switch|p2a: Alomomola|Alomomola, M|74/100
|-damage|p2a: Alomomola|62/100|[from] Stealth Rock
|turn|27
|
|t:|1758989513
|move|p2a: Alomomola|Protect|p2a: Alomomola
|-singleturn|p2a: Alomomola|Protect
|move|p1a: Thundurus|Tera Blast|p2a: Alomomola|[anim] Tera Blast Flying
|-activate|p2a: Alomomola|move: Protect
|
|upkeep
|turn|28
|
|t:|1758989534
|move|p1a: Thundurus|Tera Blast|p2a: Alomomola|[anim] Tera Blast Flying
|-damage|p2a: Alomomola|15/100
|move|p2a: Alomomola|Wish|p2a: Alomomola
|
|upkeep
|turn|29
|
|t:|1758989540
|move|p2a: Alomomola|Protect|p2a: Alomomola
|-singleturn|p2a: Alomomola|Protect
|move|p1a: Thundurus|Tera Blast|p2a: Alomomola|[anim] Tera Blast Flying
|-activate|p2a: Alomomola|move: Protect
|
|-heal|p2a: Alomomola|65/100|[from] move: Wish|[wisher] Alomomola
|upkeep
|turn|30
|
|t:|1758989545
|move|p1a: Thundurus|Tera Blast|p2a: Alomomola|[anim] Tera Blast Flying
|-damage|p2a: Alomomola|14/100
|move|p2a: Alomomola|Wish|p2a: Alomomola
|
|upkeep
|turn|31
|
|t:|1758989550
|move|p2a: Alomomola|Protect|p2a: Alomomola
|-singleturn|p2a: Alomomola|Protect
|move|p1a: Thundurus|Tera Blast|p2a: Alomomola|[anim] Tera Blast Flying
|-activate|p2a: Alomomola|move: Protect
|
|-heal|p2a: Alomomola|64/100|[from] move: Wish|[wisher] Alomomola
|upkeep
|turn|32
|
|t:|1758989557
|move|p1a: Thundurus|Tera Blast|p2a: Alomomola|[anim] Tera Blast Flying
|-damage|p2a: Alomomola|16/100
|move|p2a: Alomomola|Wish|p2a: Alomomola
|
|upkeep
|turn|33
|
|t:|1758989561
|move|p2a: Alomomola|Protect|p2a: Alomomola
|-singleturn|p2a: Alomomola|Protect
|move|p1a: Thundurus|Tera Blast|p2a: Alomomola|[anim] Tera Blast Flying
|-activate|p2a: Alomomola|move: Protect
|
|-heal|p2a: Alomomola|66/100|[from] move: Wish|[wisher] Alomomola
|upkeep
|turn|34
|
|t:|1758989566
|move|p1a: Thundurus|Tera Blast|p2a: Alomomola|[anim] Tera Blast Flying
|-damage|p2a: Alomomola|16/100
|move|p2a: Alomomola|Wish|p2a: Alomomola
|
|upkeep
|turn|35
|-message|crazey19 forfeited.
|
|win|monkeyzooland
|raw|crazey19's rating: 1366 &rarr; <strong>1348</strong><br />(-18 for losing)
|raw|monkeyzooland's rating: 1394 &rarr; <strong>1412</strong><br />(+18 for winning)
|l|☆crazey19
|player|p1|
|c|☆monkeyzooland|gg
|l|☆monkeyzooland
|player|p2|
