|j|☆serial 01216
|j|☆YeatLover267
|t:|1758939093
|gametype|singles
|player|p1|serial 01216|101|1485
|player|p2|YeatLover267|backersf|1511
|gen|9
|tier|[Gen 9] OU
|rated|
|rule|HP Percentage Mod: HP is shown in percentages
|rule|Endless Battle Clause: Forcing endless battles is banned
|rule|Species Clause: Limit one of each Pokémon
|rule|OHKO Clause: OHKO moves are banned
|rule|Evasion Items Clause: Evasion items are banned
|rule|Evasion Moves Clause: Evasion moves are banned
|rule|Evasion Abilities Clause: Evasion abilities are banned
|rule|Sleep Moves Clause: Sleep-inducing moves are banned
|clearpoke
|poke|p1|Raging Bolt|
|poke|p1|Iron Treads|
|poke|p1|Manaphy|
|poke|p1|Ninetales-Alola, F|
|poke|p1|Dragonite, M|
|poke|p1|Scizor, F|
|poke|p2|Lycanroc-Dusk, M|
|poke|p2|Great Tusk|
|poke|p2|Darkrai|
|poke|p2|Rotom-Wash|
|poke|p2|Blissey, F|
|poke|p2|Ceruledge, F|
|teampreview
|inactive|Battle timer is ON: inactive players will automatically lose when time's up. (requested by YeatLover267)
|
|t:|1758939112
|teamsize|p1|6
|teamsize|p2|6
|start
|switch|p1a: Scizor|Scizor, F|100/100
|switch|p2a: Ceruledge|Ceruledge, F|100/100
|turn|1
|
|t:|1758939121
|switch|p1a: Manaphy|Manaphy|100/100
|move|p2a: Ceruledge|Swords Dance|p2a: Ceruledge
|-boost|p2a: Ceruledge|atk|2
|
|upkeep
|turn|2
|
|t:|1758939124
|move|p1a: Manaphy|Scald|p2a: Ceruledge
|-supereffective|p2a: Ceruledge
|-damage|p2a: Ceruledge|26/100
|move|p2a: Ceruledge|Poltergeist|p1a: Manaphy
|-activate|p1a: Manaphy|move: Poltergeist|Leftovers
|-damage|p1a: Manaphy|0 fnt
|faint|p1a: Manaphy
|
|upkeep
|
|t:|1758939140
|switch|p1a: Iron Treads|Iron Treads|100/100
|-enditem|p1a: Iron Treads|Booster Energy
|-activate|p1a: Iron Treads|ability: Quark Drive|[fromitem]
|-start|p1a: Iron Treads|quarkdrivespe
|turn|3
|
|t:|1758939144
|switch|p2a: Rotom|Rotom-Wash|100/100
|move|p1a: Iron Treads|Earthquake|p2a: Rotom
|-immune|p2a: Rotom|[from] ability: Levitate
|
|upkeep
|turn|4
|
|t:|1758939147
|move|p1a: Iron Treads|Stealth Rock|p2a: Rotom
|-sidestart|p2: YeatLover267|move: Stealth Rock
|move|p2a: Rotom|Hydro Pump|p1a: Iron Treads|[miss]
|-miss|p2a: Rotom|p1a: Iron Treads
|
|upkeep
|turn|5
|
|t:|1758939152
|-end|p1a: Iron Treads|Quark Drive|[silent]
|switch|p1a: Ninetales|Ninetales-Alola, F|100/100
|-weather|Snowscape|[from] ability: Snow Warning|[of] p1a: Ninetales
|move|p2a: Rotom|Volt Switch|p1a: Ninetales
|-damage|p1a: Ninetales|65/100
|
|t:|1758939156
|switch|p2a: Lycanroc|Lycanroc-Dusk, M|100/100|[from] Volt Switch
|-damage|p2a: Lycanroc|88/100|[from] Stealth Rock
|
|-weather|Snowscape|[upkeep]
|upkeep
|turn|6
|
|t:|1758939162
|move|p2a: Lycanroc|Accelerock|p1a: Ninetales
|-supereffective|p1a: Ninetales
|-damage|p1a: Ninetales|0 fnt
|faint|p1a: Ninetales
|-damage|p2a: Lycanroc|78/100|[from] item: Life Orb
|
|-weather|Snowscape|[upkeep]
|upkeep
|
|t:|1758939165
|switch|p1a: Iron Treads|Iron Treads|100/100
|turn|7
|
|t:|1758939170
|switch|p2a: Rotom|Rotom-Wash|100/100
|-damage|p2a: Rotom|88/100|[from] Stealth Rock
|move|p1a: Iron Treads|Rapid Spin|p2a: Rotom
|-damage|p2a: Rotom|68/100
|-boost|p1a: Iron Treads|spe|1
|
|-weather|Snowscape|[upkeep]
|upkeep
|turn|8
|
|t:|1758939182
|-end|p1a: Iron Treads|Quark Drive|[silent]
|switch|p1a: Raging Bolt|Raging Bolt|100/100
|-enditem|p1a: Raging Bolt|Booster Energy
|-activate|p1a: Raging Bolt|ability: Protosynthesis|[fromitem]
|-start|p1a: Raging Bolt|protosynthesisspa
|move|p2a: Rotom|Volt Switch|p1a: Raging Bolt
|-resisted|p1a: Raging Bolt
|-damage|p1a: Raging Bolt|93/100
|
|t:|1758939184
|switch|p2a: Great Tusk|Great Tusk|100/100|[from] Volt Switch
|-damage|p2a: Great Tusk|98/100|[from] Stealth Rock
|
|-weather|Snowscape|[upkeep]
|-heal|p2a: Great Tusk|100/100|[from] item: Leftovers
|upkeep
|turn|9
|
|t:|1758939192
|-terastallize|p1a: Raging Bolt|Ghost
|move|p1a: Raging Bolt|Calm Mind|p1a: Raging Bolt
|-boost|p1a: Raging Bolt|spa|1
|-boost|p1a: Raging Bolt|spd|1
|move|p2a: Great Tusk|Earthquake|p1a: Raging Bolt
|-damage|p1a: Raging Bolt|57/100
|
|-weather|none
|upkeep
|turn|10
|
|t:|1758939203
|-end|p2a: Great Tusk|Protosynthesis|[silent]
|switch|p2a: Lycanroc|Lycanroc-Dusk, M|78/100
|-damage|p2a: Lycanroc|66/100|[from] Stealth Rock
|move|p1a: Raging Bolt|Dragon Pulse|p2a: Lycanroc
|-damage|p2a: Lycanroc|0 fnt
|faint|p2a: Lycanroc
|
|upkeep
|
|t:|1758939209
|switch|p2a: Ceruledge|Ceruledge, F|26/100
|-damage|p2a: Ceruledge|2/100|[from] Stealth Rock
|turn|11
|
|t:|1758939213
|move|p1a: Raging Bolt|Thunderclap||[still]
|-fail|p1a: Raging Bolt
|move|p2a: Ceruledge|Swords Dance|p2a: Ceruledge
|-boost|p2a: Ceruledge|atk|2
|
|upkeep
|turn|12
|
|t:|1758939215
|move|p1a: Raging Bolt|Thunderclap||[still]
|-fail|p1a: Raging Bolt
|move|p2a: Ceruledge|Swords Dance|p2a: Ceruledge
|-boost|p2a: Ceruledge|atk|2
|
|upkeep
|turn|13
|
|t:|1758939218
|move|p2a: Ceruledge|Bitter Blade|p1a: Raging Bolt
|-damage|p1a: Raging Bolt|0 fnt
|-heal|p2a: Ceruledge|41/100|[from] drain|[of] p1a: Raging Bolt
|faint|p1a: Raging Bolt
|-end|p1a: Raging Bolt|Protosynthesis|[silent]
|
|upkeep
|
|t:|1758939222
|switch|p1a: Dragonite|Dragonite, M|100/100
|turn|14
|
|t:|1758939225
|move|p2a: Ceruledge|Poltergeist|p1a: Dragonite
|-activate|p1a: Dragonite|move: Poltergeist|Loaded Dice
|-damage|p1a: Dragonite|6/100
|move|p1a: Dragonite|Scale Shot|p2a: Ceruledge
|-damage|p2a: Ceruledge|19/100
|-ability|p2a: Ceruledge|Weak Armor|boost
|-unboost|p2a: Ceruledge|def|1
|-boost|p2a: Ceruledge|spe|2
|-damage|p2a: Ceruledge|0 fnt
|faint|p2a: Ceruledge
|-hitcount|p2: Ceruledge|2
|-unboost|p1a: Dragonite|def|1
|-boost|p1a: Dragonite|spe|1
|
|upkeep
|
|t:|1758939230
|switch|p2a: Great Tusk|Great Tusk|100/100
|-damage|p2a: Great Tusk|98/100|[from] Stealth Rock
|turn|15
|
|t:|1758939235
|move|p1a: Dragonite|Scale Shot|p2a: Great Tusk|[miss]
|-miss|p1a: Dragonite|p2a: Great Tusk
|move|p2a: Great Tusk|Rapid Spin|p1a: Dragonite
|-damage|p1a: Dragonite|0 fnt
|-boost|p2a: Great Tusk|spe|1
|-sideend|p2: YeatLover267|Stealth Rock|[from] move: Rapid Spin|[of] p2a: Great Tusk
|faint|p1a: Dragonite
|
|-heal|p2a: Great Tusk|100/100|[from] item: Leftovers
|upkeep
|
|t:|1758939239
|switch|p1a: Scizor|Scizor, F|100/100
|turn|16
|
|t:|1758939241
|move|p2a: Great Tusk|Body Press|p1a: Scizor
|-damage|p1a: Scizor|52/100
|move|p1a: Scizor|Swords Dance|p1a: Scizor
|-boost|p1a: Scizor|atk|2
|
|-heal|p1a: Scizor|59/100|[from] item: Leftovers
|upkeep
|turn|17
|
|t:|1758939246
|-end|p2a: Great Tusk|Protosynthesis|[silent]
|switch|p2a: Rotom|Rotom-Wash|68/100
|move|p1a: Scizor|Bullet Punch|p2a: Rotom
|-resisted|p2a: Rotom
|-damage|p2a: Rotom|49/100
|
|-heal|p1a: Scizor|65/100|[from] item: Leftovers
|upkeep
|turn|18
|
|t:|1758939253
|move|p2a: Rotom|Hydro Pump|p1a: Scizor
|-damage|p1a: Scizor|0 fnt
|faint|p1a: Scizor
|
|upkeep
|-message|serial 01216 forfeited.
|
|win|YeatLover267
|raw|serial 01216's rating: 1485 &rarr; <strong>1466</strong><br />(-19 for losing)
|raw|YeatLover267's rating: 1511 &rarr; <strong>1530</strong><br />(+19 for winning)
|l|☆serial 01216
|player|p1|
|l|☆YeatLover267
|player|p2|
