|j|☆DDDWCNM
|j|☆Plata251
|t:|1758936510
|gametype|singles
|player|p1|DDDWCNM|fisherman-gen4|1119
|player|p2|Plata251|pokefan-gen2|1065
|gen|9
|tier|[Gen 9] OU
|rated|
|rule|HP Percentage Mod: HP is shown in percentages
|rule|Endless Battle Clause: Forcing endless battles is banned
|rule|Species Clause: Limit one of each Pokémon
|rule|OHKO Clause: OHKO moves are banned
|rule|Evasion Items Clause: Evasion items are banned
|rule|Evasion Moves Clause: Evasion moves are banned
|rule|Evasion Abilities Clause: Evasion abilities are banned
|rule|Sleep Moves Clause: Sleep-inducing moves are banned
|clearpoke
|poke|p1|Dragonite, M|
|poke|p1|Great Tusk|
|poke|p1|Walking Wake|
|poke|p1|Scizor, F|
|poke|p1|Ting-Lu|
|poke|p1|Ogerpon-Wellspring, F|
|poke|p2|Wigglytuff, M|
|poke|p2|Salazzle, F|
|poke|p2|Zoroark-Hisui, M|
|poke|p2|Gholdengo|
|poke|p2|Ariados, F|
|poke|p2|Garganacl, M|
|teampreview
|inactive|Battle timer is ON: inactive players will automatically lose when time's up. (requested by DDDWCNM)
|
|t:|1758936527
|teamsize|p1|6
|teamsize|p2|6
|start
|switch|p1a: Scizor|Scizor, F|100/100
|switch|p2a: Ariados|Ariados, F|100/100
|turn|1
|
|t:|1758936537
|move|p1a: Scizor|Dual Wingbeat|p2a: Ariados
|-supereffective|p2a: Ariados
|-enditem|p2a: Ariados|Focus Sash
|-damage|p2a: Ariados|1/100
|-supereffective|p2a: Ariados
|-damage|p2a: Ariados|0 fnt
|faint|p2a: Ariados
|-hitcount|p2: Ariados|2
|
|upkeep
|
|t:|1758936542
|switch|p2a: Salazzle|Salazzle, F|100/100
|turn|2
|
|t:|1758936550
|switch|p1a: Great Tusk|Great Tusk|100/100
|-enditem|p1a: Great Tusk|Booster Energy
|-activate|p1a: Great Tusk|ability: Protosynthesis|[fromitem]
|-start|p1a: Great Tusk|protosynthesisatk
|move|p2a: Salazzle|Substitute|p2a: Salazzle
|-start|p2a: Salazzle|Substitute
|-damage|p2a: Salazzle|76/100
|
|-heal|p2a: Salazzle|82/100|[from] item: Leftovers
|upkeep
|turn|3
|
|t:|1758936562
|move|p2a: Salazzle|Toxic|p1a: Great Tusk
|-status|p1a: Great Tusk|tox
|move|p1a: Great Tusk|Headlong Rush|p2a: Salazzle
|-supereffective|p2a: Salazzle
|-end|p2a: Salazzle|Substitute
|-unboost|p1a: Great Tusk|def|1
|-unboost|p1a: Great Tusk|spd|1
|
|-heal|p2a: Salazzle|88/100|[from] item: Leftovers
|-damage|p1a: Great Tusk|94/100 tox|[from] psn
|upkeep
|turn|4
|
|t:|1758936574
|move|p2a: Salazzle|Protect|p2a: Salazzle
|-singleturn|p2a: Salazzle|Protect
|move|p1a: Great Tusk|Headlong Rush|p2a: Salazzle
|-activate|p2a: Salazzle|move: Protect
|
|-heal|p2a: Salazzle|94/100|[from] item: Leftovers
|-damage|p1a: Great Tusk|82/100 tox|[from] psn
|upkeep
|turn|5
|
|t:|1758936584
|move|p2a: Salazzle|Substitute|p2a: Salazzle
|-start|p2a: Salazzle|Substitute
|-damage|p2a: Salazzle|70/100
|move|p1a: Great Tusk|Headlong Rush|p2a: Salazzle
|-supereffective|p2a: Salazzle
|-end|p2a: Salazzle|Substitute
|-unboost|p1a: Great Tusk|def|1
|-unboost|p1a: Great Tusk|spd|1
|
|-heal|p2a: Salazzle|76/100|[from] item: Leftovers
|-damage|p1a: Great Tusk|63/100 tox|[from] psn
|upkeep
|turn|6
|-message|DDDWCNM forfeited.
|
|win|Plata251
|raw|DDDWCNM's rating: 1119 &rarr; <strong>1090</strong><br />(-29 for losing)
|raw|Plata251's rating: 1065 &rarr; <strong>1100</strong><br />(+35 for winning)
|l|☆DDDWCNM
|player|p1|
|l|☆Plata251
|player|p2|
