|j|☆VelvetSucubbus
|j|☆Pr0geny
|t:|1758932297
|gametype|singles
|player|p1|VelvetSucubbus|cyclistf-gen4|1435
|player|p2|Pr0geny|cogita|1414
|gen|9
|tier|[Gen 9] OU
|rated|
|rule|HP Percentage Mod: HP is shown in percentages
|rule|Endless Battle Clause: Forcing endless battles is banned
|rule|Species Clause: Limit one of each Pokémon
|rule|OHKO Clause: OHKO moves are banned
|rule|Evasion Items Clause: Evasion items are banned
|rule|Evasion Moves Clause: Evasion moves are banned
|rule|Evasion Abilities Clause: Evasion abilities are banned
|rule|Sleep Moves Clause: Sleep-inducing moves are banned
|clearpoke
|poke|p1|Ogerpon-Wellspring, F|
|poke|p1|Kingambit, M|
|poke|p1|Landorus-Therian, M|
|poke|p1|Glimmora, M|
|poke|p1|Dragapult, M|
|poke|p1|Iron Valiant|
|poke|p2|Raging Bolt|
|poke|p2|Ting-Lu|
|poke|p2|Ogerpon-Wellspring, F|
|poke|p2|Gholdengo|
|poke|p2|Weezing-Galar, M|
|poke|p2|Iron Valiant|
|teampreview
|inactive|Battle timer is ON: inactive players will automatically lose when time's up. (requested by Pr0geny)
|inactive|VelvetSucubbus has 120 seconds left.
|
|t:|1758932334
|teamsize|p1|6
|teamsize|p2|6
|start
|switch|p1a: Glimmora|Glimmora, M|100/100
|switch|p2a: Cheesed|Gholdengo|100/100
|turn|1
|
|t:|1758932356
|move|p2a: Cheesed|Make It Rain|p1a: Glimmora
|-supereffective|p1a: Glimmora
|-damage|p1a: Glimmora|0 fnt
|-unboost|p2a: Cheesed|spa|1
|faint|p1a: Glimmora
|
|upkeep
|
|t:|1758932370
|switch|p1a: Landorus|Landorus-Therian, M|100/100
|-ability|p1a: Landorus|Intimidate|boost
|-unboost|p2a: Cheesed|atk|1
|turn|2
|
|t:|1758932376
|switch|p2a: Pon De Replay|Ogerpon-Wellspring, F|100/100
|move|p1a: Landorus|Stealth Rock|p2a: Pon De Replay
|-sidestart|p2: Pr0geny|move: Stealth Rock
|
|upkeep
|turn|3
|
|t:|1758932381
|-terastallize|p2a: Pon De Replay|Water
|detailschange|p2a: Pon De Replay|Ogerpon-Wellspring-Tera, F, tera:Water
|-ability|p2a: Pon De Replay|Embody Aspect (Wellspring)|boost
|-boost|p2a: Pon De Replay|spd|1
|move|p2a: Pon De Replay|Swords Dance|p2a: Pon De Replay
|-boost|p2a: Pon De Replay|atk|2
|move|p1a: Landorus|U-turn|p2a: Pon De Replay
|-damage|p2a: Pon De Replay|72/100
|
|t:|1758932389
|switch|p1a: Iron Valiant|Iron Valiant, shiny|100/100|[from] U-turn
|-enditem|p1a: Iron Valiant|Booster Energy
|-activate|p1a: Iron Valiant|ability: Quark Drive|[fromitem]
|-start|p1a: Iron Valiant|quarkdrivespe
|
|upkeep
|turn|4
|
|t:|1758932399
|move|p1a: Iron Valiant|Encore|p2a: Pon De Replay
|-start|p2a: Pon De Replay|Encore
|move|p2a: Pon De Replay|Swords Dance|p2a: Pon De Replay
|-boost|p2a: Pon De Replay|atk|2
|
|upkeep
|turn|5
|
|t:|1758932405
|switch|p2a: Cheesed|Gholdengo|100/100
|-damage|p2a: Cheesed|94/100|[from] Stealth Rock
|move|p1a: Iron Valiant|Swords Dance|p1a: Iron Valiant
|-boost|p1a: Iron Valiant|atk|2
|
|upkeep
|turn|6
|
|t:|1758932414
|move|p1a: Iron Valiant|Knock Off|p2a: Cheesed
|-supereffective|p2a: Cheesed
|-damage|p2a: Cheesed|0 fnt
|-enditem|p2a: Cheesed|Metal Coat|[from] move: Knock Off|[of] p1a: Iron Valiant
|faint|p2a: Cheesed
|
|upkeep
|
|t:|1758932418
|switch|p2a: DougDimmadome|Weezing-Galar, M|100/100
|-ability|p2a: DougDimmadome|Neutralizing Gas
|-damage|p2a: DougDimmadome|88/100|[from] Stealth Rock
|turn|7
|
|t:|1758932424
|-terastallize|p1a: Iron Valiant|Dark
|move|p1a: Iron Valiant|Knock Off|p2a: DougDimmadome
|-resisted|p2a: DougDimmadome
|-damage|p2a: DougDimmadome|55/100
|-enditem|p2a: DougDimmadome|Black Sludge|[from] move: Knock Off|[of] p1a: Iron Valiant
|move|p2a: DougDimmadome|Will-O-Wisp|p1a: Iron Valiant
|-status|p1a: Iron Valiant|brn
|
|-damage|p1a: Iron Valiant|94/100 brn|[from] brn
|upkeep
|turn|8
|
|t:|1758932434
|move|p1a: Iron Valiant|Encore|p2a: DougDimmadome
|-start|p2a: DougDimmadome|Encore
|move|p2a: DougDimmadome|Will-O-Wisp|p1a: Iron Valiant
|-fail|p1a: Iron Valiant|brn
|
|-damage|p1a: Iron Valiant|88/100 brn|[from] brn
|upkeep
|turn|9
|
|t:|1758932460
|-end|p2a: DougDimmadome|ability: Neutralizing Gas
|switch|p2a: Bing Su|Ting-Lu, shiny|100/100
|-damage|p2a: Bing Su|94/100|[from] Stealth Rock
|-ability|p2a: Bing Su|Vessel of Ruin
|move|p1a: Iron Valiant|Swords Dance|p1a: Iron Valiant
|-boost|p1a: Iron Valiant|atk|2
|
|-heal|p2a: Bing Su|100/100|[from] item: Leftovers
|-damage|p1a: Iron Valiant|82/100 brn|[from] brn
|upkeep
|turn|10
|c|☆Pr0geny|ur annoying lmfao
|
|t:|1758932471
|move|p1a: Iron Valiant|Spirit Break|p2a: Bing Su
|-supereffective|p2a: Bing Su
|-damage|p2a: Bing Su|53/100
|-unboost|p2a: Bing Su|spa|1
|move|p2a: Bing Su|Whirlwind|p1a: Iron Valiant
|-end|p1a: Iron Valiant|Quark Drive|[silent]
|drag|p1a: Landorus|Landorus-Therian, M|100/100
|-ability|p1a: Landorus|Intimidate|boost
|-unboost|p2a: Bing Su|atk|1
|
|-heal|p2a: Bing Su|60/100|[from] item: Leftovers
|upkeep
|turn|11
|
|t:|1758932483
|move|p1a: Landorus|Taunt|p2a: Bing Su
|-start|p2a: Bing Su|move: Taunt
|cant|p2a: Bing Su|move: Taunt|Stealth Rock
|
|-heal|p2a: Bing Su|66/100|[from] item: Leftovers
|upkeep
|turn|12
|
|t:|1758932489
|move|p1a: Landorus|U-turn|p2a: Bing Su
|-supereffective|p2a: Bing Su
|-damage|p2a: Bing Su|46/100
|
|t:|1758932493
|switch|p1a: Ogerpon|Ogerpon-Wellspring, F|100/100|[from] U-turn
|move|p2a: Bing Su|Ruination|p1a: Ogerpon
|-damage|p1a: Ogerpon|51/100
|
|-heal|p2a: Bing Su|52/100|[from] item: Leftovers
|upkeep
|turn|13
|
|t:|1758932501
|switch|p2a: DougDimmadome|Weezing-Galar, M|55/100
|-ability|p2a: DougDimmadome|Neutralizing Gas
|-damage|p2a: DougDimmadome|42/100|[from] Stealth Rock
|move|p1a: Ogerpon|Horn Leech|p2a: DougDimmadome
|-resisted|p2a: DougDimmadome
|-damage|p2a: DougDimmadome|28/100
|-heal|p1a: Ogerpon|59/100|[from] drain|[of] p2a: DougDimmadome
|
|upkeep
|turn|14
|
|t:|1758932511
|-end|p2a: DougDimmadome|ability: Neutralizing Gas
|switch|p2a: Raging Neck|Raging Bolt|100/100
|-damage|p2a: Raging Neck|88/100|[from] Stealth Rock
|move|p1a: Ogerpon|Ivy Cudgel|p2a: Raging Neck|[anim] Ivy Cudgel Water
|-resisted|p2a: Raging Neck
|-damage|p2a: Raging Neck|60/100
|
|upkeep
|turn|15
|
|t:|1758932520
|move|p1a: Ogerpon|Play Rough|p2a: Raging Neck
|-supereffective|p2a: Raging Neck
|-damage|p2a: Raging Neck|0 fnt
|faint|p2a: Raging Neck
|-end|p2a: Raging Neck|Protosynthesis|[silent]
|
|upkeep
|inactive|Pr0geny has 120 seconds left.
|
|t:|1758932557
|switch|p2a: They/Them|Iron Valiant|100/100
|-damage|p2a: They/Them|94/100|[from] Stealth Rock
|-enditem|p2a: They/Them|Booster Energy
|-activate|p2a: They/Them|ability: Quark Drive|[fromitem]
|-start|p2a: They/Them|quarkdrivespe
|turn|16
|
|t:|1758932567
|switch|p1a: Iron Valiant|Iron Valiant, shiny, tera:Dark|82/100 brn
|move|p2a: They/Them|Calm Mind|p2a: They/Them
|-boost|p2a: They/Them|spa|1
|-boost|p2a: They/Them|spd|1
|
|-damage|p1a: Iron Valiant|76/100 brn|[from] brn
|upkeep
|turn|17
|
|t:|1758932575
|move|p2a: They/Them|Moonblast|p1a: Iron Valiant
|-supereffective|p1a: Iron Valiant
|-damage|p1a: Iron Valiant|0 fnt
|faint|p1a: Iron Valiant
|-end|p1a: Iron Valiant|Quark Drive|[silent]
|
|upkeep
|
|t:|1758932592
|switch|p1a: Kingambit|Kingambit, M|100/100
|-activate|p1a: Kingambit|ability: Supreme Overlord
|-start|p1a: Kingambit|fallen2|[silent]
|turn|18
|c|☆Pr0geny|yeah
|c|☆VelvetSucubbus|daam
|
|t:|1758932601
|move|p2a: They/Them|Vacuum Wave|p1a: Kingambit
|-supereffective|p1a: Kingambit
|-damage|p1a: Kingambit|0 fnt
|faint|p1a: Kingambit
|-end|p1a: Kingambit|fallen2|[silent]
|
|upkeep
|c|☆Pr0geny|deserved as fuck w ur greedy self
|c|☆VelvetSucubbus|kkkkkkk
|c|☆VelvetSucubbus|gg
|-message|VelvetSucubbus forfeited.
|
|win|Pr0geny
