|j|☆summmm
|j|☆xc03
|t:|1758951184
|gametype|singles
|player|p1|summmm|101|1443
|player|p2|xc03|170|1416
|gen|9
|tier|[Gen 9] OU
|rated|
|rule|HP Percentage Mod: HP is shown in percentages
|rule|Endless Battle Clause: Forcing endless battles is banned
|rule|Species Clause: Limit one of each Pokémon
|rule|OHKO Clause: OHKO moves are banned
|rule|Evasion Items Clause: Evasion items are banned
|rule|Evasion Moves Clause: Evasion moves are banned
|rule|Evasion Abilities Clause: Evasion abilities are banned
|rule|Sleep Moves Clause: Sleep-inducing moves are banned
|clearpoke
|poke|p1|Cinderace, F|
|poke|p1|Landorus-Therian, M|
|poke|p1|Alomomola, M|
|poke|p1|Weavile, M|
|poke|p1|Hydrapple, F|
|poke|p1|Iron Valiant|
|poke|p2|Necrozma|
|poke|p2|Clefable, M|
|poke|p2|Great Tusk|
|poke|p2|Kommo-o, F|
|poke|p2|Gholdengo|
|poke|p2|Scizor, F|
|teampreview
|inactive|Battle timer is ON: inactive players will automatically lose when time's up. (requested by summmm)
|
|t:|1758951207
|teamsize|p1|6
|teamsize|p2|6
|start
|switch|p1a: Weavile|Weavile, M|100/100
|switch|p2a: Great Tusk|Great Tusk|100/100
|-ability|p1a: Weavile|Pressure
|turn|1
|
|t:|1758951215
|move|p1a: Weavile|Icicle Crash|p2a: Great Tusk
|-supereffective|p2a: Great Tusk
|-damage|p2a: Great Tusk|42/100
|cant|p2a: Great Tusk|flinch
|
|-heal|p2a: Great Tusk|48/100|[from] item: Leftovers
|upkeep
|turn|2
|
|t:|1758951224
|-end|p2a: Great Tusk|Protosynthesis|[silent]
|switch|p2a: Gholdengo|Gholdengo|100/100
|move|p1a: Weavile|Icicle Crash|p2a: Gholdengo
|-resisted|p2a: Gholdengo
|-damage|p2a: Gholdengo|76/100
|
|upkeep
|turn|3
|
|t:|1758951231
|move|p2a: Gholdengo|Make It Rain|p1a: Weavile
|-supereffective|p1a: Weavile
|-enditem|p1a: Weavile|Focus Sash
|-damage|p1a: Weavile|1/100
|-unboost|p2a: Gholdengo|spa|1
|move|p1a: Weavile|Knock Off|p2a: Gholdengo
|-supereffective|p2a: Gholdengo
|-damage|p2a: Gholdengo|0 fnt
|-enditem|p2a: Gholdengo|Choice Scarf|[from] move: Knock Off|[of] p1a: Weavile
|faint|p2a: Gholdengo
|
|upkeep
|
|t:|1758951243
|switch|p2a: Kommo-o|Kommo-o, F|100/100
|turn|4
|
|t:|1758951247
|move|p1a: Weavile|Icicle Crash|p2a: Kommo-o
|-supereffective|p2a: Kommo-o
|-damage|p2a: Kommo-o|37/100
|move|p2a: Kommo-o|Stealth Rock|p1a: Weavile
|-sidestart|p1: summmm|move: Stealth Rock
|
|-heal|p2a: Kommo-o|43/100|[from] item: Leftovers
|upkeep
|turn|5
|
|t:|1758951256
|switch|p2a: Scizor|Scizor, F|100/100
|move|p1a: Weavile|Icicle Crash|p2a: Scizor
|-resisted|p2a: Scizor
|-damage|p2a: Scizor|77/100
|
|upkeep
|turn|6
|
|t:|1758951264
|move|p1a: Weavile|Ice Shard|p2a: Scizor
|-resisted|p2a: Scizor
|-damage|p2a: Scizor|66/100
|move|p2a: Scizor|Bullet Punch|p1a: Weavile
|-supereffective|p1a: Weavile
|-damage|p1a: Weavile|0 fnt
|faint|p1a: Weavile
|
|upkeep
|
|t:|1758951267
|switch|p1a: Cinderace|Cinderace, F|100/100
|turn|7
|
|t:|1758951276
|switch|p2a: Great Tusk|Great Tusk|48/100
|move|p1a: Cinderace|Court Change|p1a: Cinderace
|-start|p1a: Cinderace|typechange|Normal|[from] ability: Libero
|-swapsideconditions
|-activate|p1a: Cinderace|move: Court Change
|
|-heal|p2a: Great Tusk|54/100|[from] item: Leftovers
|upkeep
|turn|8
|
|t:|1758951285
|move|p1a: Cinderace|Will-O-Wisp|p2a: Great Tusk
|-status|p2a: Great Tusk|brn
|move|p2a: Great Tusk|Rapid Spin|p1a: Cinderace
|-crit|p1a: Cinderace
|-damage|p1a: Cinderace|86/100
|-boost|p2a: Great Tusk|spe|1
|-sideend|p2: xc03|Stealth Rock|[from] move: Rapid Spin|[of] p2a: Great Tusk
|
|-heal|p2a: Great Tusk|60/100 brn|[from] item: Leftovers
|-damage|p2a: Great Tusk|54/100 brn|[from] brn
|upkeep
|turn|9
|
|t:|1758951297
|move|p2a: Great Tusk|Headlong Rush|p1a: Cinderace
|-damage|p1a: Cinderace|46/100
|-unboost|p2a: Great Tusk|def|1
|-unboost|p2a: Great Tusk|spd|1
|move|p1a: Cinderace|Pyro Ball|p2a: Great Tusk|[miss]
|-miss|p1a: Cinderace|p2a: Great Tusk
|
|-heal|p2a: Great Tusk|60/100 brn|[from] item: Leftovers
|-damage|p2a: Great Tusk|54/100 brn|[from] brn
|upkeep
|turn|10
|
|t:|1758951308
|switch|p1a: Landorus|Landorus-Therian, M|100/100
|-ability|p1a: Landorus|Intimidate|boost
|-unboost|p2a: Great Tusk|atk|1
|move|p2a: Great Tusk|Headlong Rush|p1a: Landorus
|-immune|p1a: Landorus
|
|-heal|p2a: Great Tusk|60/100 brn|[from] item: Leftovers
|-damage|p2a: Great Tusk|54/100 brn|[from] brn
|upkeep
|turn|11
|
|t:|1758951321
|-end|p2a: Great Tusk|Protosynthesis|[silent]
|switch|p2a: Kommo-o|Kommo-o, F|43/100
|move|p1a: Landorus|Earthquake|p2a: Kommo-o
|-damage|p2a: Kommo-o|0 fnt
|faint|p2a: Kommo-o
|
|upkeep
|
|t:|1758951328
|switch|p2a: Clefable|Clefable, M|100/100
|turn|12
|
|t:|1758951333
|switch|p1a: Alomomola|Alomomola, M|100/100
|move|p2a: Clefable|Cosmic Power|p2a: Clefable
|-boost|p2a: Clefable|def|1
|-boost|p2a: Clefable|spd|1
|
|upkeep
|turn|13
|
|t:|1758951340
|move|p2a: Clefable|Cosmic Power|p2a: Clefable
|-boost|p2a: Clefable|def|1
|-boost|p2a: Clefable|spd|1
|move|p1a: Alomomola|Flip Turn|p2a: Clefable
|-damage|p2a: Clefable|94/100
|
|t:|1758951343
|switch|p1a: Cinderace|Cinderace, F|46/100|[from] Flip Turn
|
|-heal|p2a: Clefable|99/100|[from] item: Leftovers
|upkeep
|turn|14
|
|t:|1758951353
|move|p1a: Cinderace|Will-O-Wisp|p2a: Clefable
|-status|p2a: Clefable|brn
|move|p2a: Clefable|Meteor Beam||[still]
|-prepare|p2a: Clefable|Meteor Beam
|-boost|p2a: Clefable|spa|1
|
|-heal|p2a: Clefable|100/100 brn|[from] item: Leftovers
|-damage|p2a: Clefable|94/100 brn|[from] brn
|upkeep
|turn|15
|
|t:|1758951363
|move|p1a: Cinderace|Pyro Ball|p2a: Clefable|[miss]
|-miss|p1a: Cinderace|p2a: Clefable
|move|p2a: Clefable|Meteor Beam|p1a: Cinderace|[from] lockedmove
|-supereffective|p1a: Cinderace
|-damage|p1a: Cinderace|0 fnt
|faint|p1a: Cinderace
|
|-heal|p2a: Clefable|100/100 brn|[from] item: Leftovers
|-damage|p2a: Clefable|94/100 brn|[from] brn
|upkeep
|
|t:|1758951366
|switch|p1a: Alomomola|Alomomola, M|100/100
|turn|16
|
|t:|1758951378
|move|p2a: Clefable|Meteor Beam||[still]
|-prepare|p2a: Clefable|Meteor Beam
|-boost|p2a: Clefable|spa|1
|move|p1a: Alomomola|Mirror Coat||[still]
|-fail|p1a: Alomomola
|
|-heal|p2a: Clefable|100/100 brn|[from] item: Leftovers
|-damage|p2a: Clefable|94/100 brn|[from] brn
|upkeep
|turn|17
|
|t:|1758951391
|move|p2a: Clefable|Meteor Beam|p1a: Alomomola|[from] lockedmove
|-damage|p1a: Alomomola|73/100
|move|p1a: Alomomola|Mirror Coat|p2a: Clefable
|-damage|p2a: Clefable|21/100 brn
|
|-heal|p2a: Clefable|27/100 brn|[from] item: Leftovers
|-damage|p2a: Clefable|21/100 brn|[from] brn
|upkeep
|turn|18
|
|t:|1758951402
|move|p2a: Clefable|Moonlight|p2a: Clefable
|-heal|p2a: Clefable|70/100 brn
|move|p1a: Alomomola|Body Slam|p2a: Clefable
|-damage|p2a: Clefable|64/100 brn
|
|-heal|p2a: Clefable|70/100 brn|[from] item: Leftovers
|-damage|p2a: Clefable|64/100 brn|[from] brn
|upkeep
|turn|19
|
|t:|1758951413
|move|p2a: Clefable|Cosmic Power|p2a: Clefable
|-boost|p2a: Clefable|def|1
|-boost|p2a: Clefable|spd|1
|move|p1a: Alomomola|Mirror Coat||[still]
|-fail|p1a: Alomomola
|
|-heal|p2a: Clefable|70/100 brn|[from] item: Leftovers
|-damage|p2a: Clefable|64/100 brn|[from] brn
|upkeep
|turn|20
|
|t:|1758951423
|move|p2a: Clefable|Cosmic Power|p2a: Clefable
|-boost|p2a: Clefable|def|1
|-boost|p2a: Clefable|spd|1
|move|p1a: Alomomola|Flip Turn|p2a: Clefable
|-damage|p2a: Clefable|59/100 brn
|
|t:|1758951426
|switch|p1a: Landorus|Landorus-Therian, M|100/100|[from] Flip Turn
|-ability|p1a: Landorus|Intimidate|boost
|-unboost|p2a: Clefable|atk|1
|
|-heal|p2a: Clefable|65/100 brn|[from] item: Leftovers
|-damage|p2a: Clefable|59/100 brn|[from] brn
|upkeep
|turn|21
|
|t:|1758951438
|move|p1a: Landorus|Earthquake|p2a: Clefable
|-damage|p2a: Clefable|43/100 brn
|move|p2a: Clefable|Moonlight|p2a: Clefable
|-heal|p2a: Clefable|93/100 brn
|
|-heal|p2a: Clefable|99/100 brn|[from] item: Leftovers
|-damage|p2a: Clefable|93/100 brn|[from] brn
|upkeep
|turn|22
|
|t:|1758951453
|move|p1a: Landorus|Substitute|p1a: Landorus
|-start|p1a: Landorus|Substitute
|-damage|p1a: Landorus|75/100
|move|p2a: Clefable|Stored Power|p1a: Landorus
|-end|p1a: Landorus|Substitute
|
|-heal|p1a: Landorus|82/100|[from] item: Leftovers
|-heal|p2a: Clefable|99/100 brn|[from] item: Leftovers
|-damage|p2a: Clefable|93/100 brn|[from] brn
|upkeep
|turn|23
|-message|summmm forfeited.
|
|win|xc03
|raw|summmm's rating: 1443 &rarr; <strong>1421</strong><br />(-22 for losing)
|raw|xc03's rating: 1416 &rarr; <strong>1438</strong><br />(+22 for winning)
|l|☆summmm
|player|p1|
|l|☆xc03
|player|p2|
