|j|☆Shibuya Arc
|j|☆Mr.X&Y97
|t:|1758999516
|gametype|singles
|player|p1|Shibuya Arc|169|1756
|player|p2|Mr.X&Y97|ingo|1633
|gen|9
|tier|[Gen 9] OU
|rated|
|rule|HP Percentage Mod: HP is shown in percentages
|rule|Endless Battle Clause: Forcing endless battles is banned
|rule|Species Clause: Limit one of each Pokémon
|rule|OHKO Clause: OHKO moves are banned
|rule|Evasion Items Clause: Evasion items are banned
|rule|Evasion Moves Clause: Evasion moves are banned
|rule|Evasion Abilities Clause: Evasion abilities are banned
|rule|Sleep Moves Clause: Sleep-inducing moves are banned
|clearpoke
|poke|p1|Dragapult, F|
|poke|p1|Dragonite, F|
|poke|p1|Ting-Lu|
|poke|p1|Weezing-Galar, F|
|poke|p1|Iron Crown|
|poke|p1|Zapdos|
|poke|p2|Ursaluna, M|
|poke|p2|Hatterene, F|
|poke|p2|Keldeo-Resolute|
|poke|p2|Cresselia, F|
|poke|p2|Iron Valiant|
|poke|p2|Ogerpon, F|
|teampreview
|inactive|Battle timer is ON: inactive players will automatically lose when time's up. (requested by Mr.X&Y97)
|inactive|Shibuya Arc also wants the timer to be on.
|
|t:|1758999531
|teamsize|p1|6
|teamsize|p2|6
|start
|switch|p1a: Iron Crown|Iron Crown|100/100
|switch|p2a: Hatterene|Hatterene, F|100/100
|turn|1
|
|t:|1758999541
|switch|p2a: Cresselia|Cresselia, F|100/100
|move|p1a: Iron Crown|Volt Switch|p2a: Cresselia
|-damage|p2a: Cresselia|80/100
|
|t:|1758999548
|-end|p1a: Iron Crown|Quark Drive|[silent]
|switch|p1a: Zapdos|Zapdos|100/100|[from] Volt Switch
|
|upkeep
|turn|2
|
|t:|1758999554
|switch|p1a: Iron Crown|Iron Crown|100/100
|move|p2a: Cresselia|Trick Room|p2a: Cresselia
|-fieldstart|move: Trick Room|[of] p2a: Cresselia
|
|upkeep
|turn|3
|
|t:|1758999575
|move|p2a: Cresselia|Lunar Dance|p2a: Cresselia
|faint|p2a: Cresselia
|move|p1a: Iron Crown|Tachyon Cutter|p2: Cresselia|[notarget]
|-fail|p1a: Iron Crown
|
|upkeep
|
|t:|1758999577
|switch|p2a: Ursaluna|Ursaluna, M|100/100
|turn|4
|
|t:|1758999584
|-end|p1a: Iron Crown|Quark Drive|[silent]
|switch|p1a: Ting-Lu|Ting-Lu|100/100
|-ability|p1a: Ting-Lu|Vessel of Ruin
|move|p2a: Ursaluna|Headlong Rush|p1a: Ting-Lu
|-damage|p1a: Ting-Lu|60/100
|-unboost|p2a: Ursaluna|def|1
|-unboost|p2a: Ursaluna|spd|1
|
|-heal|p1a: Ting-Lu|66/100|[from] item: Leftovers
|-status|p2a: Ursaluna|brn|[from] item: Flame Orb
|upkeep
|turn|5
|
|t:|1758999594
|move|p2a: Ursaluna|Facade|p1a: Ting-Lu
|-damage|p1a: Ting-Lu|0 fnt
|faint|p1a: Ting-Lu
|
|-damage|p2a: Ursaluna|94/100 brn|[from] brn
|upkeep
|
|t:|1758999601
|switch|p1a: Dragonite|Dragonite, F|100/100
|turn|6
|
|t:|1758999607
|move|p2a: Ursaluna|Ice Punch|p1a: Dragonite
|-supereffective|p1a: Dragonite
|-damage|p1a: Dragonite|12/100
|move|p1a: Dragonite|Earthquake|p2a: Ursaluna
|-damage|p2a: Ursaluna|52/100 brn
|
|-damage|p2a: Ursaluna|46/100 brn|[from] brn
|-fieldend|move: Trick Room
|upkeep
|turn|7
|
|t:|1758999614
|switch|p2a: Hatterene|Hatterene, F|100/100
|move|p1a: Dragonite|Roost|p1a: Dragonite
|-heal|p1a: Dragonite|62/100
|-singleturn|p1a: Dragonite|move: Roost
|
|upkeep
|turn|8
|
|t:|1758999619
|-terastallize|p1a: Dragonite|Normal
|move|p1a: Dragonite|Roost|p1a: Dragonite
|-heal|p1a: Dragonite|100/100
|move|p2a: Hatterene|Psychic Noise|p1a: Dragonite
|-damage|p1a: Dragonite|78/100
|-start|p1a: Dragonite|move: Heal Block
|
|upkeep
|turn|9
|
|t:|1758999638
|move|p1a: Dragonite|Extreme Speed|p2a: Hatterene
|-crit|p2a: Hatterene
|-damage|p2a: Hatterene|24/100
|move|p2a: Hatterene|Trick Room|p2a: Hatterene
|-fieldstart|move: Trick Room|[of] p2a: Hatterene
|
|-end|p1a: Dragonite|move: Heal Block
|upkeep
|turn|10
|
|t:|1758999657
|move|p1a: Dragonite|Extreme Speed|p2a: Hatterene
|-damage|p2a: Hatterene|0 fnt
|faint|p2a: Hatterene
|
|upkeep
|
|t:|1758999659
|switch|p2a: Iron Valiant|Iron Valiant|100/100
|-enditem|p2a: Iron Valiant|Booster Energy
|-activate|p2a: Iron Valiant|ability: Quark Drive|[fromitem]
|-start|p2a: Iron Valiant|quarkdrivespe
|turn|11
|
|t:|1758999664
|-terastallize|p2a: Iron Valiant|Ghost
|move|p1a: Dragonite|Earthquake|p2a: Iron Valiant
|-damage|p2a: Iron Valiant|51/100
|move|p2a: Iron Valiant|Close Combat|p1a: Dragonite
|-supereffective|p1a: Dragonite
|-damage|p1a: Dragonite|0 fnt
|-unboost|p2a: Iron Valiant|def|1
|-unboost|p2a: Iron Valiant|spd|1
|faint|p1a: Dragonite
|
|upkeep
|
|t:|1758999674
|switch|p1a: Iron Crown|Iron Crown|100/100
|turn|12
|
|t:|1758999680
|-end|p2a: Iron Valiant|Quark Drive|[silent]
|switch|p2a: Keldeo|Keldeo-Resolute|100/100
|move|p1a: Iron Crown|Psyshock|p2a: Keldeo
|-supereffective|p2a: Keldeo
|-damage|p2a: Keldeo|0 fnt
|faint|p2a: Keldeo
|
|upkeep
|
|t:|1758999685
|switch|p2a: Ogerpon|Ogerpon, F|100/100
|turn|13
|
|t:|1758999691
|-end|p1a: Iron Crown|Quark Drive|[silent]
|switch|p1a: Zapdos|Zapdos|100/100
|move|p2a: Ogerpon|Knock Off|p1a: Zapdos
|-damage|p1a: Zapdos|47/100
|-enditem|p1a: Zapdos|Heavy-Duty Boots|[from] move: Knock Off|[of] p2a: Ogerpon
|
|-fieldend|move: Trick Room
|upkeep
|turn|14
|
|t:|1758999700
|switch|p2a: Ursaluna|Ursaluna, M|46/100 brn
|-heal|p2a: Ursaluna|100/100|[from] move: Lunar Dance
|move|p1a: Zapdos|Roost|p1a: Zapdos
|-heal|p1a: Zapdos|97/100
|-singleturn|p1a: Zapdos|move: Roost
|
|-status|p2a: Ursaluna|brn|[from] item: Flame Orb
|upkeep
|turn|15
|
|t:|1758999714
|move|p1a: Zapdos|Hurricane|p2a: Ursaluna
|-crit|p2a: Ursaluna
|-damage|p2a: Ursaluna|26/100 brn
|move|p2a: Ursaluna|Headlong Rush|p1a: Zapdos
|-immune|p1a: Zapdos
|
|-damage|p2a: Ursaluna|20/100 brn|[from] brn
|upkeep
|turn|16
|
|t:|1758999720
|move|p1a: Zapdos|Heat Wave|p2a: Ursaluna
|-damage|p2a: Ursaluna|0 fnt
|faint|p2a: Ursaluna
|
|upkeep
|
|t:|1758999723
|switch|p2a: Iron Valiant|Iron Valiant, tera:Ghost|51/100
|turn|17
|
|t:|1758999733
|move|p2a: Iron Valiant|Destiny Bond|p2a: Iron Valiant
|-singlemove|p2a: Iron Valiant|Destiny Bond
|move|p1a: Zapdos|Heat Wave|p2a: Iron Valiant
|-damage|p2a: Iron Valiant|0 fnt
|faint|p2a: Iron Valiant
|-activate|p2a: Iron Valiant|move: Destiny Bond
|-end|p2a: Iron Valiant|Quark Drive|[silent]
|faint|p1a: Zapdos
|
|upkeep
|
|t:|1758999740
|switch|p2a: Ogerpon|Ogerpon, F|100/100
|switch|p1a: Dragapult|Dragapult, F|100/100
|turn|18
|
|t:|1758999745
|move|p1a: Dragapult|Will-O-Wisp|p2a: Ogerpon
|-status|p2a: Ogerpon|brn
|move|p2a: Ogerpon|Ivy Cudgel|p1a: Dragapult
|-resisted|p1a: Dragapult
|-damage|p1a: Dragapult|74/100
|
|-damage|p2a: Ogerpon|95/100 brn|[from] brn
|upkeep
|turn|19
|-message|Mr.X&Y97 forfeited.
|
|win|Shibuya Arc
|raw|Shibuya Arc's rating: 1756 &rarr; <strong>1769</strong><br />(+13 for winning)
|raw|Mr.X&amp;Y97's rating: 1633 &rarr; <strong>1620</strong><br />(-13 for losing)
|l|☆Mr.X&Y97
|player|p2|
