|j|☆rosemune
|j|☆cherrytranslady
|t:|1758936585
|gametype|singles
|player|p1|rosemune|brycen|1218
|player|p2|cherrytranslady|caitlin|1238
|gen|9
|tier|[Gen 9] OU
|rated|
|rule|HP Percentage Mod: HP is shown in percentages
|rule|Endless Battle Clause: Forcing endless battles is banned
|rule|Species Clause: Limit one of each Pokémon
|rule|OHKO Clause: OHKO moves are banned
|rule|Evasion Items Clause: Evasion items are banned
|rule|Evasion Moves Clause: Evasion moves are banned
|rule|Evasion Abilities Clause: Evasion abilities are banned
|rule|Sleep Moves Clause: Sleep-inducing moves are banned
|clearpoke
|poke|p1|Serperior, M|
|poke|p1|Ursaluna, M|
|poke|p1|Ninetales-Alola, F|
|poke|p1|Kingambit, F|
|poke|p1|Salamence, F|
|poke|p1|Rotom-Wash|
|poke|p2|Qwilfish, F|
|poke|p2|Darkrai|
|poke|p2|Mandibuzz, F|
|poke|p2|Gengar, M|
|poke|p2|Iron Treads|
|poke|p2|Cinderace, M|
|teampreview
|
|t:|1758936603
|teamsize|p1|6
|teamsize|p2|6
|start
|switch|p1a: Ninetales|Ninetales-Alola, F|100/100
|switch|p2a: spikecif|Qwilfish, F, shiny|100/100
|-weather|Snowscape|[from] ability: Snow Warning|[of] p1a: Ninetales
|-ability|p2a: spikecif|Intimidate|boost
|-unboost|p1a: Ninetales|atk|1
|turn|1
|
|t:|1758936613
|move|p1a: Ninetales|Aurora Veil|p1a: Ninetales
|-sidestart|p1: rosemune|move: Aurora Veil
|move|p2a: spikecif|Taunt|p1a: Ninetales
|-start|p1a: Ninetales|move: Taunt
|
|-weather|Snowscape|[upkeep]
|upkeep
|turn|2
|
|t:|1758936626
|move|p1a: Ninetales|Freeze-Dry|p2a: spikecif
|-supereffective|p2a: spikecif
|-damage|p2a: spikecif|35/100
|move|p2a: spikecif|Toxic|p1a: Ninetales
|-status|p1a: Ninetales|tox
|
|-weather|Snowscape|[upkeep]
|-heal|p2a: spikecif|41/100|[from] item: Leftovers
|-damage|p1a: Ninetales|94/100 tox|[from] psn
|upkeep
|turn|3
|
|t:|1758936647
|switch|p2a: slungus|Cinderace, M, shiny|100/100
|move|p1a: Ninetales|Freeze-Dry|p2a: slungus
|-resisted|p2a: slungus
|-damage|p2a: slungus|85/100
|
|-weather|Snowscape|[upkeep]
|-damage|p1a: Ninetales|82/100 tox|[from] psn
|upkeep
|turn|4
|
|t:|1758936659
|move|p2a: slungus|U-turn|p1a: Ninetales
|-start|p2a: slungus|typechange|Bug|[from] ability: Libero
|-resisted|p1a: Ninetales
|-damage|p1a: Ninetales|73/100 tox
|
|t:|1758936668
|switch|p2a: mechanism.|Iron Treads|100/100|[from] U-turn
|move|p1a: Ninetales|Moonblast|p2a: mechanism.
|-resisted|p2a: mechanism.
|-crit|p2a: mechanism.
|-damage|p2a: mechanism.|80/100
|
|-weather|Snowscape|[upkeep]
|-damage|p1a: Ninetales|55/100 tox|[from] psn
|-end|p1a: Ninetales|move: Taunt
|upkeep
|turn|5
|
|t:|1758936683
|switch|p1a: Serperior|Serperior, M, shiny|100/100
|move|p2a: mechanism.|Knock Off|p1a: Serperior
|-damage|p1a: Serperior|85/100
|-enditem|p1a: Serperior|Leftovers|[from] move: Knock Off|[of] p2a: mechanism.
|
|-weather|none
|upkeep
|turn|6
|
|t:|1758936694
|move|p1a: Serperior|Substitute|p1a: Serperior
|-start|p1a: Serperior|Substitute
|-damage|p1a: Serperior|60/100
|move|p2a: mechanism.|Stealth Rock|p1a: Serperior
|-sidestart|p1: rosemune|move: Stealth Rock
|
|upkeep
|turn|7
|
|t:|1758936701
|move|p1a: Serperior|Leaf Storm|p2a: mechanism.
|-damage|p2a: mechanism.|33/100
|-boost|p1a: Serperior|spa|2
|move|p2a: mechanism.|Knock Off|p1a: Serperior
|-activate|p1a: Serperior|move: Substitute|[damage]
|
|upkeep
|turn|8
|
|t:|1758936709
|move|p1a: Serperior|Leaf Storm|p2a: mechanism.
|-damage|p2a: mechanism.|0 fnt
|-boost|p1a: Serperior|spa|2
|faint|p2a: mechanism.
|-end|p2a: mechanism.|Quark Drive|[silent]
|
|-sideend|p1: rosemune|move: Aurora Veil
|upkeep
|
|t:|1758936714
|switch|p2a: beautiful lesbian|Mandibuzz, F, shiny|100/100
|turn|9
|
|t:|1758936719
|-terastallize|p1a: Serperior|Fire
|move|p1a: Serperior|Tera Blast|p2a: beautiful lesbian|[anim] Tera Blast Fire
|-damage|p2a: beautiful lesbian|33/100
|move|p2a: beautiful lesbian|U-turn|p1a: Serperior
|-resisted|p1a: Serperior
|-crit|p1a: Serperior
|-activate|p1a: Serperior|move: Substitute|[damage]
|
|t:|1758936734
|switch|p2a: slungus|Cinderace, M, shiny|85/100|[from] U-turn
|
|upkeep
|turn|10
|
|t:|1758936741
|move|p2a: slungus|U-turn|p1a: Serperior
|-start|p2a: slungus|typechange|Bug|[from] ability: Libero
|-resisted|p1a: Serperior
|-end|p1a: Serperior|Substitute
|
|t:|1758936744
|switch|p2a: beautiful lesbian|Mandibuzz, F, shiny|33/100|[from] U-turn
|move|p1a: Serperior|Glare|p2a: beautiful lesbian
|-status|p2a: beautiful lesbian|par
|
|upkeep
|turn|11
|
|t:|1758936752
|move|p1a: Serperior|Leaf Storm|p2a: beautiful lesbian|[miss]
|-miss|p1a: Serperior|p2a: beautiful lesbian
|move|p2a: beautiful lesbian|U-turn|p1a: Serperior
|-resisted|p1a: Serperior
|-damage|p1a: Serperior|53/100
|
|t:|1758936767
|switch|p2a: why he ourple??|Darkrai, shiny|100/100|[from] U-turn
|
|upkeep
|turn|12
|
|t:|1758936774
|move|p2a: why he ourple??|Dark Pulse|p1a: Serperior
|-damage|p1a: Serperior|0 fnt
|faint|p1a: Serperior
|
|upkeep
|
|t:|1758936781
|switch|p1a: Ninetales|Ninetales-Alola, F|55/100 tox
|-damage|p1a: Ninetales|30/100 tox|[from] Stealth Rock
|-weather|Snowscape|[from] ability: Snow Warning|[of] p1a: Ninetales
|turn|13
|
|t:|1758936787
|move|p2a: why he ourple??|Sludge Bomb|p1a: Ninetales
|-supereffective|p1a: Ninetales
|-damage|p1a: Ninetales|0 fnt
|faint|p1a: Ninetales
|
|-weather|Snowscape|[upkeep]
|upkeep
|
|t:|1758936793
|switch|p1a: Ursaluna|Ursaluna, M|100/100
|-damage|p1a: Ursaluna|94/100|[from] Stealth Rock
|turn|14
|
|t:|1758936809
|switch|p2a: spikecif|Qwilfish, F, shiny|41/100
|-ability|p2a: spikecif|Intimidate|boost
|-unboost|p1a: Ursaluna|atk|1
|move|p1a: Ursaluna|Swords Dance|p1a: Ursaluna
|-boost|p1a: Ursaluna|atk|2
|
|-weather|Snowscape|[upkeep]
|-heal|p2a: spikecif|47/100|[from] item: Leftovers
|-status|p1a: Ursaluna|brn|[from] item: Flame Orb
|upkeep
|turn|15
|
|t:|1758936821
|move|p2a: spikecif|Spikes|p1a: Ursaluna
|-sidestart|p1: rosemune|Spikes
|move|p1a: Ursaluna|Facade|p2a: spikecif
|-damage|p2a: spikecif|0 fnt
|faint|p2a: spikecif
|
|-weather|Snowscape|[upkeep]
|-damage|p1a: Ursaluna|88/100 brn|[from] brn
|upkeep
|
|t:|1758936828
|switch|p2a: slungus|Cinderace, M, shiny|85/100
|turn|16
|
|t:|1758936839
|move|p2a: slungus|High Jump Kick|p1a: Ursaluna
|-start|p2a: slungus|typechange|Fighting|[from] ability: Libero
|-supereffective|p1a: Ursaluna
|-damage|p1a: Ursaluna|0 fnt
|faint|p1a: Ursaluna
|
|-weather|Snowscape|[upkeep]
|upkeep
|
|t:|1758936848
|switch|p1a: Rotom|Rotom-Wash|100/100
|-damage|p1a: Rotom|88/100|[from] Stealth Rock
|turn|17
|
|t:|1758936861
|switch|p2a: beautiful lesbian|Mandibuzz, F, shiny|33/100 par
|move|p1a: Rotom|Hydro Pump|p2a: beautiful lesbian
|-damage|p2a: beautiful lesbian|0 fnt
|faint|p2a: beautiful lesbian
|
|-weather|none
|upkeep
|
|t:|1758936877
|switch|p2a: transgengar|Gengar, M|100/100
|turn|18
|
|t:|1758936884
|move|p2a: transgengar|Sludge Wave|p1a: Rotom
|-damage|p1a: Rotom|37/100
|move|p1a: Rotom|Volt Switch|p2a: transgengar
|-damage|p2a: transgengar|58/100
|
|t:|1758936893
|switch|p1a: Salamence|Salamence, F|100/100|[from] Volt Switch
|
|-heal|p2a: transgengar|64/100|[from] item: Leftovers
|upkeep
|turn|19
|
|t:|1758936901
|move|p2a: transgengar|Sludge Wave|p1a: Salamence
|-damage|p1a: Salamence|38/100
|move|p1a: Salamence|Dragon Dance|p1a: Salamence
|-boost|p1a: Salamence|atk|1
|-boost|p1a: Salamence|spe|1
|
|-heal|p2a: transgengar|70/100|[from] item: Leftovers
|upkeep
|turn|20
|
|t:|1758936911
|move|p1a: Salamence|Earthquake|p2a: transgengar
|-supereffective|p2a: transgengar
|-damage|p2a: transgengar|0 fnt
|faint|p2a: transgengar
|-ability|p1a: Salamence|Moxie|boost
|-boost|p1a: Salamence|atk|1
|
|upkeep
|
|t:|1758936914
|switch|p2a: why he ourple??|Darkrai, shiny|100/100
|turn|21
|inactive|Battle timer is ON: inactive players will automatically lose when time's up. (requested by rosemune)
|-message|cherrytranslady forfeited.
|
|win|rosemune
|raw|rosemune's rating: 1218 &rarr; <strong>1244</strong><br />(+26 for winning)
|raw|cherrytranslady's rating: 1238 &rarr; <strong>1212</strong><br />(-26 for losing)
|l|☆cherrytranslady
|player|p2|
