|j|☆Kyokatsu2009
|j|☆yutt7
|t:|1759034835
|gametype|singles
|player|p1|Kyokatsu2009|1|1199
|player|p2|yutt7|266|1235
|gen|9
|tier|[Gen 9] OU
|rated|
|rule|HP Percentage Mod: HP is shown in percentages
|rule|Endless Battle Clause: Forcing endless battles is banned
|rule|Species Clause: Limit one of each Pokémon
|rule|OHKO Clause: OHKO moves are banned
|rule|Evasion Items Clause: Evasion items are banned
|rule|Evasion Moves Clause: Evasion moves are banned
|rule|Evasion Abilities Clause: Evasion abilities are banned
|rule|Sleep Moves Clause: Sleep-inducing moves are banned
|clearpoke
|poke|p1|Dragapult, M|
|poke|p1|Magnezone|
|poke|p1|Landorus-Therian, M|
|poke|p1|Weezing-Galar, M|
|poke|p1|Slowking, M|
|poke|p1|Ninetales-Alola, F|
|poke|p2|Pelipper, F|
|poke|p2|Garchomp, M|
|poke|p2|Kingdra, M|
|poke|p2|Araquanid, F|
|poke|p2|Clefable, M|
|poke|p2|Jirachi|
|teampreview
|
|t:|1759034865
|teamsize|p1|6
|teamsize|p2|6
|start
|switch|p1a: Ninetales|Ninetales-Alola, F|100/100
|switch|p2a: Garchomp|Garchomp, M|100/100
|-weather|Snowscape|[from] ability: Snow Warning|[of] p1a: Ninetales
|turn|1
|
|t:|1759034875
|-terastallize|p2a: Garchomp|Steel
|move|p1a: Ninetales|Aurora Veil|p1a: Ninetales
|-sidestart|p1: Kyokatsu2009|move: Aurora Veil
|move|p2a: Garchomp|Swords Dance|p2a: Garchomp
|-boost|p2a: Garchomp|atk|2
|
|-weather|Snowscape|[upkeep]
|upkeep
|turn|2
|
|t:|1759034893
|switch|p1a: Landorus|Landorus-Therian, M|100/100
|-ability|p1a: Landorus|Intimidate|boost
|-unboost|p2a: Garchomp|atk|1
|move|p2a: Garchomp|Scale Shot|p1a: Landorus
|-damage|p1a: Landorus|92/100
|-damage|p1a: Landorus|83/100
|-hitcount|p1a: Landorus|2
|-unboost|p2a: Garchomp|def|1
|-boost|p2a: Garchomp|spe|1
|-damage|p2a: Garchomp|91/100|[from] item: Life Orb
|
|-weather|Snowscape|[upkeep]
|upkeep
|turn|3
|
|t:|1759034908
|switch|p2a: Pelipper|Pelipper, F|100/100
|-weather|RainDance|[from] ability: Drizzle|[of] p2a: Pelipper
|move|p1a: Landorus|Earthquake|p2a: Pelipper
|-immune|p2a: Pelipper
|
|-weather|RainDance|[upkeep]
|upkeep
|turn|4
|
|t:|1759034918
|move|p1a: Landorus|Stealth Rock|p2a: Pelipper
|-sidestart|p2: yutt7|move: Stealth Rock
|move|p2a: Pelipper|U-turn|p1a: Landorus
|-resisted|p1a: Landorus
|-damage|p1a: Landorus|81/100
|-damage|p2a: Pelipper|84/100|[from] item: Rocky Helmet|[of] p1a: Landorus
|
|t:|1759034924
|switch|p2a: Kingdra|Kingdra, M|100/100|[from] U-turn
|-damage|p2a: Kingdra|88/100|[from] Stealth Rock
|
|-weather|RainDance|[upkeep]
|upkeep
|turn|5
|
|t:|1759034932
|move|p2a: Kingdra|Wave Crash|p1a: Landorus
|-supereffective|p1a: Landorus
|-damage|p1a: Landorus|0 fnt
|-damage|p2a: Kingdra|72/100|[from] item: Rocky Helmet|[of] p1a: Landorus
|faint|p1a: Landorus
|-damage|p2a: Kingdra|39/100|[from] Recoil
|
|-weather|RainDance|[upkeep]
|upkeep
|
|t:|1759034945
|switch|p1a: Weezing|Weezing-Galar, M|100/100
|-ability|p1a: Weezing|Neutralizing Gas
|turn|6
|
|t:|1759034949
|move|p2a: Kingdra|Wave Crash|p1a: Weezing
|-damage|p1a: Weezing|59/100
|-damage|p2a: Kingdra|24/100|[from] Recoil
|move|p1a: Weezing|Will-O-Wisp|p2a: Kingdra
|-status|p2a: Kingdra|brn
|
|-weather|RainDance|[upkeep]
|-heal|p1a: Weezing|65/100|[from] item: Leftovers
|-damage|p2a: Kingdra|18/100 brn|[from] brn
|upkeep
|turn|7
|
|t:|1759034966
|switch|p2a: Jirachi|Jirachi|100/100
|-damage|p2a: Jirachi|94/100|[from] Stealth Rock
|-end|p1a: Weezing|ability: Neutralizing Gas
|switch|p1a: Dragapult|Dragapult, M|100/100
|
|-weather|none
|upkeep
|turn|8
|
|t:|1759034973
|move|p2a: Jirachi|Iron Head|p1a: Dragapult
|-damage|p1a: Dragapult|80/100
|cant|p1a: Dragapult|flinch
|
|-sideend|p1: Kyokatsu2009|move: Aurora Veil
|upkeep
|turn|9
|
|t:|1759034979
|move|p1a: Dragapult|Sucker Punch|p2a: Jirachi
|-supereffective|p2a: Jirachi
|-damage|p2a: Jirachi|42/100
|move|p2a: Jirachi|Iron Head|p1a: Dragapult
|-damage|p1a: Dragapult|40/100
|
|upkeep
|turn|10
|inactive|Battle timer is ON: inactive players will automatically lose when time's up. (requested by yutt7)
|
|t:|1759034999
|switch|p2a: Clefable|Clefable, M|100/100
|-damage|p2a: Clefable|88/100|[from] Stealth Rock
|move|p1a: Dragapult|Dragon Dance|p1a: Dragapult
|-boost|p1a: Dragapult|atk|1
|-boost|p1a: Dragapult|spe|1
|
|-heal|p2a: Clefable|94/100|[from] item: Leftovers
|upkeep
|turn|11
|
|t:|1759035010
|switch|p1a: Magnezone|Magnezone|100/100
|move|p2a: Clefable|Draining Kiss|p1a: Magnezone
|-resisted|p1a: Magnezone
|-damage|p1a: Magnezone|94/100
|-heal|p2a: Clefable|98/100|[from] drain|[of] p1a: Magnezone
|
|-heal|p2a: Clefable|100/100|[from] item: Leftovers
|upkeep
|turn|12
|
|t:|1759035019
|move|p2a: Clefable|Wish|p2a: Clefable
|move|p1a: Magnezone|Flash Cannon|p2a: Clefable
|-supereffective|p2a: Clefable
|-damage|p2a: Clefable|26/100
|
|-heal|p2a: Clefable|33/100|[from] item: Leftovers
|upkeep
|turn|13
|
|t:|1759035034
|switch|p2a: Jirachi|Jirachi|42/100
|-damage|p2a: Jirachi|36/100|[from] Stealth Rock
|move|p1a: Magnezone|Thunderbolt|p2a: Jirachi
|-damage|p2a: Jirachi|0 fnt
|faint|p2a: Jirachi
|
|upkeep
|
|t:|1759035041
|switch|p2a: Garchomp|Garchomp, M, tera:Steel|91/100
|-damage|p2a: Garchomp|85/100|[from] Stealth Rock
|turn|14
|
|t:|1759035060
|move|p2a: Garchomp|Iron Head|p1a: Magnezone
|-resisted|p1a: Magnezone
|-damage|p1a: Magnezone|83/100
|-damage|p2a: Garchomp|75/100|[from] item: Life Orb
|move|p1a: Magnezone|Volt Switch|p2a: Garchomp
|-damage|p2a: Garchomp|32/100
|inactive|Kyokatsu2009 has 120 seconds left.
|
|t:|1759035083
|switch|p1a: Slowking|Slowking, M|100/100|[from] Volt Switch
|
|upkeep
|turn|15
|
|t:|1759035088
|move|p2a: Garchomp|Swords Dance|p2a: Garchomp
|-boost|p2a: Garchomp|atk|2
|-prepare|p1a: Slowking|Chilly Reception|[premajor]
|move|p1a: Slowking|Chilly Reception|p1a: Slowking
|-weather|Snowscape
|
|t:|1759035092
|switch|p1a: Dragapult|Dragapult, M|40/100|[from] Chilly Reception
|
|-weather|Snowscape|[upkeep]
|upkeep
|turn|16
|
|t:|1759035102
|switch|p2a: Kingdra|Kingdra, M|18/100 brn
|-damage|p2a: Kingdra|6/100 brn|[from] Stealth Rock
|move|p1a: Dragapult|Phantom Force||[still]
|-prepare|p1a: Dragapult|Phantom Force
|
|-weather|Snowscape|[upkeep]
|-damage|p2a: Kingdra|0 fnt|[from] brn
|faint|p2a: Kingdra
|upkeep
|
|t:|1759035122
|switch|p2a: Pelipper|Pelipper, F|84/100
|-damage|p2a: Pelipper|59/100|[from] Stealth Rock
|-weather|RainDance|[from] ability: Drizzle|[of] p2a: Pelipper
|turn|17
|
|t:|1759035129
|move|p1a: Dragapult|Phantom Force|p2a: Pelipper|[from] lockedmove
|-damage|p2a: Pelipper|7/100
|move|p2a: Pelipper|Hurricane|p1a: Dragapult
|-damage|p1a: Dragapult|0 fnt
|faint|p1a: Dragapult
|
|-weather|RainDance|[upkeep]
|upkeep
|
|t:|1759035134
|switch|p1a: Ninetales|Ninetales-Alola, F|100/100
|-weather|Snowscape|[from] ability: Snow Warning|[of] p1a: Ninetales
|turn|18
|
|t:|1759035149
|switch|p2a: Garchomp|Garchomp, M, tera:Steel|32/100
|-damage|p2a: Garchomp|26/100|[from] Stealth Rock
|move|p1a: Ninetales|Aurora Veil|p1a: Ninetales
|-sidestart|p1: Kyokatsu2009|move: Aurora Veil
|
|-weather|Snowscape|[upkeep]
|upkeep
|turn|19
|
|t:|1759035160
|switch|p1a: Magnezone|Magnezone|83/100
|move|p2a: Garchomp|Iron Head|p1a: Magnezone
|-resisted|p1a: Magnezone
|-damage|p1a: Magnezone|77/100
|-damage|p2a: Garchomp|16/100|[from] item: Life Orb
|
|-weather|Snowscape|[upkeep]
|upkeep
|turn|20
|
|t:|1759035168
|move|p2a: Garchomp|Earthquake|p1a: Magnezone
|-supereffective|p1a: Magnezone
|-crit|p1a: Magnezone
|-damage|p1a: Magnezone|0 fnt
|faint|p1a: Magnezone
|-damage|p2a: Garchomp|6/100|[from] item: Life Orb
|
|-weather|Snowscape|[upkeep]
|upkeep
|
|t:|1759035173
|switch|p1a: Ninetales|Ninetales-Alola, F|100/100
|turn|21
|
|t:|1759035185
|switch|p2a: Pelipper|Pelipper, F|7/100
|-damage|p2a: Pelipper|0 fnt|[from] Stealth Rock
|faint|p2a: Pelipper
|move|p1a: Ninetales|Blizzard|p2: Pelipper|[notarget]
|-fail|p1a: Ninetales
|
|-weather|Snowscape|[upkeep]
|upkeep
|
|t:|1759035194
|switch|p2a: Araquanid|Araquanid, F|100/100
|-damage|p2a: Araquanid|76/100|[from] Stealth Rock
|turn|22
|
|t:|1759035200
|move|p1a: Ninetales|Nasty Plot|p1a: Ninetales
|-boost|p1a: Ninetales|spa|2
|move|p2a: Araquanid|Liquidation|p1a: Ninetales
|-damage|p1a: Ninetales|69/100
|
|-weather|none
|upkeep
|turn|23
|
|t:|1759035211
|move|p1a: Ninetales|Moonblast|p2a: Araquanid
|-damage|p2a: Araquanid|16/100
|-unboost|p2a: Araquanid|spa|1
|move|p2a: Araquanid|Sticky Web|p1a: Ninetales
|-sidestart|p1: Kyokatsu2009|move: Sticky Web
|
|upkeep
|turn|24
|
|t:|1759035218
|move|p1a: Ninetales|Moonblast|p2a: Araquanid
|-damage|p2a: Araquanid|0 fnt
|faint|p2a: Araquanid
|
|upkeep
|
|t:|1759035224
|switch|p2a: Clefable|Clefable, M|33/100
|-damage|p2a: Clefable|20/100|[from] Stealth Rock
|turn|25
|
|t:|1759035230
|move|p1a: Ninetales|Moonblast|p2a: Clefable
|-damage|p2a: Clefable|0 fnt
|faint|p2a: Clefable
|
|-sideend|p1: Kyokatsu2009|move: Aurora Veil
|upkeep
|-message|yutt7 forfeited.
|
|win|Kyokatsu2009
|raw|Kyokatsu2009's rating: 1199 &rarr; <strong>1227</strong><br />(+28 for winning)
|raw|yutt7's rating: 1235 &rarr; <strong>1207</strong><br />(-28 for losing)
|l|☆yutt7
|player|p2|
|l|☆Kyokatsu2009
|player|p1|
