|inactive|Battle timer is ON: inactive players will automatically lose when time's up.
|t:|1759020490
|gametype|singles
|player|p1|MRH1106|miku-ghost|
|player|p2|leng loi|#scl4machines2|
|gen|9
|tier|[Gen 9] OU
|rule|HP Percentage Mod: HP is shown in percentages
|rule|Endless Battle Clause: Forcing endless battles is banned
|rule|Species Clause: Limit one of each Pokémon
|rule|OHKO Clause: OHKO moves are banned
|rule|Evasion Items Clause: Evasion items are banned
|rule|Evasion Moves Clause: Evasion moves are banned
|rule|Evasion Abilities Clause: Evasion abilities are banned
|rule|Sleep Moves Clause: Sleep-inducing moves are banned
|clearpoke
|poke|p1|Dondozo, F|
|poke|p1|Blissey, F|
|poke|p1|Corviknight, F|
|poke|p1|Weezing-Galar, M|
|poke|p1|Gliscor, M|
|poke|p1|Toxapex, M|
|poke|p2|Tyranitar, F|
|poke|p2|Excadrill, F|
|poke|p2|Heatran, M|
|poke|p2|Pecharunt|
|poke|p2|Ogerpon-Wellspring, F|
|poke|p2|Zamazenta-*|
|teampreview
|c|☆MRH1106|oo sand
|c|☆leng loi|hf
|c|☆MRH1106|u2
|c|☆MRH1106|im sorry for having to bring stall btw
|inactive|leng loi has 270 seconds left.
|inactive|leng loi has 240 seconds left.
|
|t:|1759020551
|teamsize|p1|6
|teamsize|p2|6
|start
|switch|p1a: Gliscor|Gliscor, M|100/100
|switch|p2a: Yavimaya|Ogerpon-Wellspring, F|100/100
|turn|1
|
|t:|1759020557
|move|p1a: Gliscor|Protect|p1a: Gliscor
|-singleturn|p1a: Gliscor|Protect
|move|p2a: Yavimaya|Taunt|p1a: Gliscor
|-activate|p1a: Gliscor|move: Protect
|
|-status|p1a: Gliscor|tox|[from] item: Toxic Orb
|upkeep
|turn|2
|
|t:|1759020567
|switch|p1a: Corviknight|Corviknight, F|100/100
|-ability|p1a: Corviknight|Pressure
|move|p2a: Yavimaya|Taunt|p1a: Corviknight
|-start|p1a: Corviknight|move: Taunt
|
|upkeep
|turn|3
|
|t:|1759020597
|switch|p2a: Expanse|Pecharunt|100/100
|-item|p2a: Expanse|Air Balloon
|move|p1a: Corviknight|Body Press|p2a: Expanse
|-immune|p2a: Expanse
|
|upkeep
|turn|4
|
|t:|1759020603
|switch|p1a: Gliscor|Gliscor, M|100/100 tox
|move|p2a: Expanse|Parting Shot|p1a: Gliscor
|-unboost|p1a: Gliscor|atk|1
|-unboost|p1a: Gliscor|spa|1
|
|t:|1759020608
|switch|p2a: Yavimaya|Ogerpon-Wellspring, F|100/100|[from] Parting Shot
|
|upkeep
|turn|5
|
|t:|1759020613
|move|p1a: Gliscor|Protect|p1a: Gliscor
|-singleturn|p1a: Gliscor|Protect
|move|p2a: Yavimaya|Ivy Cudgel|p1a: Gliscor|[anim] Ivy Cudgel Water
|-activate|p1a: Gliscor|move: Protect
|
|upkeep
|turn|6
|
|t:|1759020620
|switch|p1a: Dondozo|Dondozo, F|100/100
|move|p2a: Yavimaya|Ivy Cudgel|p1a: Dondozo|[anim] Ivy Cudgel Water
|-resisted|p1a: Dondozo
|-damage|p1a: Dondozo|87/100
|
|-heal|p1a: Dondozo|94/100|[from] item: Leftovers
|upkeep
|turn|7
|
|t:|1759020627
|move|p2a: Yavimaya|Trailblaze|p1a: Dondozo
|-supereffective|p1a: Dondozo
|-damage|p1a: Dondozo|67/100
|-boost|p2a: Yavimaya|spe|1
|move|p1a: Dondozo|Body Press|p2a: Yavimaya
|-damage|p2a: Yavimaya|66/100
|
|-heal|p1a: Dondozo|73/100|[from] item: Leftovers
|upkeep
|turn|8
|
|t:|1759020636
|switch|p2a: Expanse|Pecharunt|100/100
|-item|p2a: Expanse|Air Balloon
|move|p1a: Dondozo|Body Press|p2a: Expanse
|-immune|p2a: Expanse
|
|-heal|p1a: Dondozo|79/100|[from] item: Leftovers
|upkeep
|turn|9
|
|t:|1759020641
|switch|p1a: Gliscor|Gliscor, M|100/100 tox
|move|p2a: Expanse|Malignant Chain|p1a: Gliscor
|-resisted|p1a: Gliscor
|-damage|p1a: Gliscor|86/100 tox
|
|-heal|p1a: Gliscor|99/100 tox|[from] ability: Poison Heal
|upkeep
|turn|10
|
|t:|1759020647
|move|p2a: Expanse|Parting Shot|p1a: Gliscor
|-unboost|p1a: Gliscor|atk|1
|-unboost|p1a: Gliscor|spa|1
|
|t:|1759020656
|switch|p2a: Yavimaya|Ogerpon-Wellspring, F|66/100|[from] Parting Shot
|move|p1a: Gliscor|Spikes|p2a: Yavimaya
|-sidestart|p2: leng loi|Spikes
|
|-heal|p1a: Gliscor|100/100 tox|[from] ability: Poison Heal
|upkeep
|turn|11
|
|t:|1759020691
|switch|p1a: Corviknight|Corviknight, F|100/100
|-ability|p1a: Corviknight|Pressure
|move|p2a: Yavimaya|Trailblaze|p1a: Corviknight
|-resisted|p1a: Corviknight
|-damage|p1a: Corviknight|96/100
|-boost|p2a: Yavimaya|spe|1
|
|-heal|p1a: Corviknight|100/100|[from] item: Leftovers
|upkeep
|turn|12
|
|t:|1759020696
|switch|p2a: Expanse|Pecharunt|100/100
|-item|p2a: Expanse|Air Balloon
|move|p1a: Corviknight|Body Press|p2a: Expanse
|-immune|p2a: Expanse
|
|upkeep
|turn|13
|
|t:|1759020711
|switch|p1a: Weezing|Weezing-Galar, M|100/100
|-ability|p1a: Weezing|Neutralizing Gas
|move|p2a: Expanse|Parting Shot|p1a: Weezing
|-unboost|p1a: Weezing|atk|1
|-unboost|p1a: Weezing|spa|1
|
|t:|1759020715
|switch|p2a: Summit|Heatran, M|100/100|[from] Parting Shot
|-damage|p2a: Summit|88/100|[from] Spikes
|
|-heal|p2a: Summit|94/100|[from] item: Leftovers
|upkeep
|turn|14
|
|t:|1759020727
|-end|p1a: Weezing|ability: Neutralizing Gas
|switch|p1a: Toxapex|Toxapex, M|100/100
|move|p2a: Summit|Magma Storm|p1a: Toxapex|[miss]
|-miss|p2a: Summit|p1a: Toxapex
|
|-heal|p2a: Summit|100/100|[from] item: Leftovers
|upkeep
|turn|15
|
|t:|1759020732
|move|p2a: Summit|Magma Storm|p1a: Toxapex
|-resisted|p1a: Toxapex
|-damage|p1a: Toxapex|87/100
|-activate|p1a: Toxapex|move: Magma Storm|[of] p2a: Summit
|move|p1a: Toxapex|Toxic Spikes|p2a: Summit
|-sidestart|p2: leng loi|move: Toxic Spikes
|
|-heal|p1a: Toxapex|93/100|[from] item: Leftovers
|-damage|p1a: Toxapex|81/100|[from] move: Magma Storm|[partiallytrapped]
|upkeep
|turn|16
|
|t:|1759020738
|move|p2a: Summit|Taunt|p1a: Toxapex
|-start|p1a: Toxapex|move: Taunt
|cant|p1a: Toxapex|move: Taunt|Toxic Spikes
|
|-heal|p1a: Toxapex|87/100|[from] item: Leftovers
|-damage|p1a: Toxapex|75/100|[from] move: Magma Storm|[partiallytrapped]
|upkeep
|turn|17
|c|☆MRH1106|oh fuck
|c|+mala☆huju|mrh brought stall 😭
|c|+mala☆huju|hf gamers
|
|t:|1759020747
|move|p2a: Summit|Earth Power|p1a: Toxapex
|-supereffective|p1a: Toxapex
|-damage|p1a: Toxapex|41/100
|-activate|p1a: Toxapex|move: Struggle
|move|p1a: Toxapex|Struggle|p2a: Summit
|-damage|p2a: Summit|96/100
|-damage|p1a: Toxapex|16/100|[from] recoil
|
|-heal|p2a: Summit|100/100|[from] item: Leftovers
|-heal|p1a: Toxapex|22/100|[from] item: Leftovers
|-damage|p1a: Toxapex|10/100|[from] move: Magma Storm|[partiallytrapped]
|upkeep
|turn|18
|c|☆MRH1106|wow
|
|t:|1759020755
|move|p2a: Summit|Earth Power|p1a: Toxapex
|-supereffective|p1a: Toxapex
|-damage|p1a: Toxapex|0 fnt
|faint|p1a: Toxapex
|
|upkeep
|
|t:|1759020760
|switch|p1a: Gliscor|Gliscor, M|100/100 tox
|turn|19
|
|t:|1759020770
|switch|p2a: Expanse|Pecharunt|100/100
|-item|p2a: Expanse|Air Balloon
|move|p1a: Gliscor|Spikes|p2a: Expanse
|-sidestart|p2: leng loi|Spikes
|
|upkeep
|turn|20
|
|t:|1759020776
|move|p2a: Expanse|Parting Shot|p1a: Gliscor
|-unboost|p1a: Gliscor|atk|1
|-unboost|p1a: Gliscor|spa|1
|
|t:|1759020781
|switch|p2a: Passage|Excadrill, F|100/100|[from] Parting Shot
|-damage|p2a: Passage|84/100|[from] Spikes
|move|p1a: Gliscor|Spikes|p2a: Passage
|-sidestart|p2: leng loi|Spikes
|
|-heal|p2a: Passage|90/100|[from] item: Leftovers
|upkeep
|turn|21
|
|t:|1759020789
|move|p2a: Passage|Rapid Spin|p1a: Gliscor
|-damage|p1a: Gliscor|86/100 tox
|-boost|p2a: Passage|spe|1
|-sideend|p2: leng loi|Spikes|[from] move: Rapid Spin|[of] p2a: Passage
|-sideend|p2: leng loi|Toxic Spikes|[from] move: Rapid Spin|[of] p2a: Passage
|move|p1a: Gliscor|Earthquake|p2a: Passage
|-supereffective|p2a: Passage
|-damage|p2a: Passage|23/100
|
|-heal|p2a: Passage|29/100|[from] item: Leftovers
|-heal|p1a: Gliscor|99/100 tox|[from] ability: Poison Heal
|upkeep
|turn|22
|
|t:|1759020795
|switch|p2a: Yavimaya|Ogerpon-Wellspring, F|66/100
|move|p1a: Gliscor|Spikes|p2a: Yavimaya
|-sidestart|p2: leng loi|Spikes
|
|-heal|p1a: Gliscor|100/100 tox|[from] ability: Poison Heal
|upkeep
|turn|23
|
|t:|1759020810
|switch|p1a: Corviknight|Corviknight, F|100/100
|-ability|p1a: Corviknight|Pressure
|move|p2a: Yavimaya|Ivy Cudgel|p1a: Corviknight|[anim] Ivy Cudgel Water
|-damage|p1a: Corviknight|64/100
|
|-heal|p1a: Corviknight|70/100|[from] item: Leftovers
|upkeep
|turn|24
|inactive|leng loi has 270 seconds left.
|
|t:|1759020836
|switch|p2a: Expanse|Pecharunt|100/100
|-item|p2a: Expanse|Air Balloon
|move|p1a: Corviknight|Body Press|p2a: Expanse
|-immune|p2a: Expanse
|
|-heal|p1a: Corviknight|76/100|[from] item: Leftovers
|upkeep
|turn|25
|
|t:|1759020846
|move|p2a: Expanse|Parting Shot|p1a: Corviknight
|-unboost|p1a: Corviknight|atk|1
|-unboost|p1a: Corviknight|spa|1
|
|t:|1759020847
|switch|p2a: Summit|Heatran, M|100/100|[from] Parting Shot
|-damage|p2a: Summit|88/100|[from] Spikes
|move|p1a: Corviknight|Iron Defense|p1a: Corviknight
|-boost|p1a: Corviknight|def|2
|
|-heal|p2a: Summit|94/100|[from] item: Leftovers
|-heal|p1a: Corviknight|82/100|[from] item: Leftovers
|upkeep
|turn|26
|inactive|leng loi has 270 seconds left.
|
|t:|1759020877
|switch|p1a: Blissey|Blissey, F|100/100
|-terastallize|p2a: Summit|Ghost
|move|p2a: Summit|Magma Storm|p1a: Blissey
|-damage|p1a: Blissey|86/100
|-activate|p1a: Blissey|move: Magma Storm|[of] p2a: Summit
|
|-heal|p2a: Summit|100/100|[from] item: Leftovers
|-heal|p1a: Blissey|93/100|[from] item: Leftovers
|-damage|p1a: Blissey|80/100|[from] move: Magma Storm|[partiallytrapped]
|upkeep
|turn|27
|
|t:|1759020882
|move|p2a: Summit|Taunt|p1a: Blissey
|-start|p1a: Blissey|move: Taunt
|cant|p1a: Blissey|move: Taunt|Stealth Rock
|
|-heal|p1a: Blissey|86/100|[from] item: Leftovers
|-damage|p1a: Blissey|74/100|[from] move: Magma Storm|[partiallytrapped]
|upkeep
|turn|28
|
|t:|1759020887
|move|p2a: Summit|Earth Power|p1a: Blissey
|-damage|p1a: Blissey|66/100
|-unboost|p1a: Blissey|spd|1
|move|p1a: Blissey|Seismic Toss|p2a: Summit
|-immune|p2a: Summit
|
|-heal|p1a: Blissey|72/100|[from] item: Leftovers
|-damage|p1a: Blissey|60/100|[from] move: Magma Storm|[partiallytrapped]
|upkeep
|turn|29
|
|t:|1759020889
|move|p2a: Summit|Earth Power|p1a: Blissey
|-damage|p1a: Blissey|47/100
|move|p1a: Blissey|Seismic Toss|p2a: Summit
|-immune|p2a: Summit
|
|-heal|p1a: Blissey|53/100|[from] item: Leftovers
|-damage|p1a: Blissey|40/100|[from] move: Magma Storm|[partiallytrapped]
|-end|p1a: Blissey|move: Taunt
|upkeep
|turn|30
|
|t:|1759020897
|move|p2a: Summit|Taunt|p1a: Blissey
|-start|p1a: Blissey|move: Taunt
|cant|p1a: Blissey|move: Taunt|Soft-Boiled
|
|-heal|p1a: Blissey|47/100|[from] item: Leftovers
|-end|p1a: Blissey|Magma Storm|[partiallytrapped]
|upkeep
|turn|31
|
|t:|1759020903
|switch|p1a: Gliscor|Gliscor, M|100/100 tox
|move|p2a: Summit|Magma Storm|p1a: Gliscor
|-damage|p1a: Gliscor|63/100 tox
|-activate|p1a: Gliscor|move: Magma Storm|[of] p2a: Summit
|
|-heal|p1a: Gliscor|75/100 tox|[from] ability: Poison Heal
|-damage|p1a: Gliscor|63/100 tox|[from] move: Magma Storm|[partiallytrapped]
|upkeep
|turn|32
|
|t:|1759020922
|move|p1a: Gliscor|Protect|p1a: Gliscor
|-singleturn|p1a: Gliscor|Protect
|move|p2a: Summit|Protect||[still]
|-fail|p2a: Summit
|
|-heal|p1a: Gliscor|75/100 tox|[from] ability: Poison Heal
|-damage|p1a: Gliscor|63/100 tox|[from] move: Magma Storm|[partiallytrapped]
|upkeep
|turn|33
|
|t:|1759020927
|move|p1a: Gliscor|Knock Off|p2a: Summit
|-supereffective|p2a: Summit
|-damage|p2a: Summit|64/100
|-enditem|p2a: Summit|Leftovers|[from] move: Knock Off|[of] p1a: Gliscor
|move|p2a: Summit|Magma Storm|p1a: Gliscor|[miss]
|-miss|p2a: Summit|p1a: Gliscor
|
|-heal|p1a: Gliscor|75/100 tox|[from] ability: Poison Heal
|-damage|p1a: Gliscor|63/100 tox|[from] move: Magma Storm|[partiallytrapped]
|upkeep
|turn|34
|
|t:|1759020938
|move|p2a: Summit|Protect|p2a: Summit
|-singleturn|p2a: Summit|Protect
|move|p1a: Gliscor|Knock Off|p2a: Summit
|-activate|p2a: Summit|move: Protect
|
|-heal|p1a: Gliscor|75/100 tox|[from] ability: Poison Heal
|-damage|p1a: Gliscor|63/100 tox|[from] move: Magma Storm|[partiallytrapped]
|upkeep
|turn|35
|
|t:|1759020946
|switch|p2a: Catacombs|Tyranitar, F|100/100
|-damage|p2a: Catacombs|88/100|[from] Spikes
|-weather|Sandstorm|[from] ability: Sand Stream|[of] p2a: Catacombs
|move|p1a: Gliscor|Knock Off|p2a: Catacombs
|-resisted|p2a: Catacombs
|-damage|p2a: Catacombs|80/100
|-enditem|p2a: Catacombs|Smooth Rock|[from] move: Knock Off|[of] p1a: Gliscor
|
|-weather|Sandstorm|[upkeep]
|-heal|p1a: Gliscor|75/100 tox|[from] ability: Poison Heal
|-end|p1a: Gliscor|Magma Storm|[partiallytrapped]
|upkeep
|turn|36
|
|t:|1759020951
|move|p1a: Gliscor|Earthquake|p2a: Catacombs
|-supereffective|p2a: Catacombs
|-damage|p2a: Catacombs|29/100
|move|p2a: Catacombs|Stealth Rock|p1a: Gliscor
|-sidestart|p1: MRH1106|move: Stealth Rock
|
|-weather|Sandstorm|[upkeep]
|-heal|p1a: Gliscor|88/100 tox|[from] ability: Poison Heal
|upkeep
|turn|37
|
|t:|1759020961
|switch|p2a: Expanse|Pecharunt|100/100
|-item|p2a: Expanse|Air Balloon
|move|p1a: Gliscor|Earthquake|p2a: Expanse
|-immune|p2a: Expanse
|
|-weather|Sandstorm|[upkeep]
|-damage|p2a: Expanse|94/100|[from] Sandstorm
|-heal|p1a: Gliscor|100/100 tox|[from] ability: Poison Heal
|upkeep
|turn|38
|
|t:|1759020968
|move|p2a: Expanse|Parting Shot|p1a: Gliscor
|-unboost|p1a: Gliscor|atk|1
|-unboost|p1a: Gliscor|spa|1
|
|t:|1759020981
|switch|p2a: Catacombs|Tyranitar, F|29/100|[from] Parting Shot
|-damage|p2a: Catacombs|16/100|[from] Spikes
|move|p1a: Gliscor|Knock Off|p2a: Catacombs
|-resisted|p2a: Catacombs
|-damage|p2a: Catacombs|13/100
|
|-weather|Sandstorm|[upkeep]
|upkeep
|turn|39
|
|t:|1759020992
|move|p1a: Gliscor|Earthquake|p2a: Catacombs
|-supereffective|p2a: Catacombs
|-damage|p2a: Catacombs|0 fnt
|faint|p2a: Catacombs
|
|-weather|Sandstorm|[upkeep]
|upkeep
|
|t:|1759020999
|switch|p2a: Yavimaya|Ogerpon-Wellspring, F|66/100
|-damage|p2a: Yavimaya|54/100|[from] Spikes
|turn|40
|
|t:|1759021011
|switch|p1a: Corviknight|Corviknight, F|82/100
|-damage|p1a: Corviknight|70/100|[from] Stealth Rock
|-ability|p1a: Corviknight|Pressure
|move|p2a: Yavimaya|Ivy Cudgel|p1a: Corviknight|[anim] Ivy Cudgel Water
|-damage|p1a: Corviknight|30/100
|
|-weather|Sandstorm|[upkeep]
|-damage|p2a: Yavimaya|48/100|[from] Sandstorm
|-heal|p1a: Corviknight|36/100|[from] item: Leftovers
|upkeep
|turn|41
|
|t:|1759021023
|switch|p1a: Dondozo|Dondozo, F|79/100
|-damage|p1a: Dondozo|67/100|[from] Stealth Rock
|move|p2a: Yavimaya|Ivy Cudgel|p1a: Dondozo|[anim] Ivy Cudgel Water
|-resisted|p1a: Dondozo
|-damage|p1a: Dondozo|53/100
|
|-weather|Sandstorm|[upkeep]
|-damage|p2a: Yavimaya|42/100|[from] Sandstorm
|-damage|p1a: Dondozo|47/100|[from] Sandstorm
|-heal|p1a: Dondozo|53/100|[from] item: Leftovers
|upkeep
|turn|42
|
|t:|1759021031
|switch|p2a: Summit|Heatran, M, tera:Ghost|64/100
|-damage|p2a: Summit|52/100|[from] Spikes
|-terastallize|p1a: Dondozo|Dragon
|move|p1a: Dondozo|Body Press|p2a: Summit
|-immune|p2a: Summit
|
|-weather|none
|-heal|p1a: Dondozo|59/100|[from] item: Leftovers
|upkeep
|turn|43
|
|t:|1759021041
|switch|p1a: Gliscor|Gliscor, M|100/100 tox
|-damage|p1a: Gliscor|88/100 tox|[from] Stealth Rock
|move|p2a: Summit|Magma Storm|p1a: Gliscor
|-damage|p1a: Gliscor|52/100 tox
|-activate|p1a: Gliscor|move: Magma Storm|[of] p2a: Summit
|
|-heal|p1a: Gliscor|65/100 tox|[from] ability: Poison Heal
|-damage|p1a: Gliscor|52/100 tox|[from] move: Magma Storm|[partiallytrapped]
|upkeep
|turn|44
|
|t:|1759021058
|move|p1a: Gliscor|Knock Off|p2a: Summit
|-supereffective|p2a: Summit
|-damage|p2a: Summit|30/100
|move|p2a: Summit|Magma Storm|p1a: Gliscor
|-damage|p1a: Gliscor|16/100 tox
|
|-heal|p1a: Gliscor|28/100 tox|[from] ability: Poison Heal
|-damage|p1a: Gliscor|16/100 tox|[from] move: Magma Storm|[partiallytrapped]
|upkeep
|turn|45
|
|t:|1759021081
|move|p2a: Summit|Protect|p2a: Summit
|-singleturn|p2a: Summit|Protect
|move|p1a: Gliscor|Earthquake|p2a: Summit
|-activate|p2a: Summit|move: Protect
|
|-heal|p1a: Gliscor|28/100 tox|[from] ability: Poison Heal
|-damage|p1a: Gliscor|16/100 tox|[from] move: Magma Storm|[partiallytrapped]
|upkeep
|turn|46
|
|t:|1759021089
|move|p1a: Gliscor|Protect|p1a: Gliscor
|-singleturn|p1a: Gliscor|Protect
|move|p2a: Summit|Protect||[still]
|-fail|p2a: Summit
|
|-heal|p1a: Gliscor|28/100 tox|[from] ability: Poison Heal
|-damage|p1a: Gliscor|16/100 tox|[from] move: Magma Storm|[partiallytrapped]
|upkeep
|turn|47
|
|t:|1759021092
|move|p1a: Gliscor|Earthquake|p2a: Summit
|-damage|p2a: Summit|2/100
|move|p2a: Summit|Magma Storm|p1a: Gliscor
|-damage|p1a: Gliscor|0 fnt
|faint|p1a: Gliscor
|
|upkeep
|
|t:|1759021101
|switch|p1a: Weezing|Weezing-Galar, M|100/100
|-ability|p1a: Weezing|Neutralizing Gas
|turn|48
|
|t:|1759021109
|move|p2a: Summit|Earth Power|p1a: Weezing
|-supereffective|p1a: Weezing
|-damage|p1a: Weezing|27/100
|move|p1a: Weezing|Strange Steam|p2a: Summit
|-damage|p2a: Summit|0 fnt
|faint|p2a: Summit
|
|upkeep
|
|t:|1759021122
|switch|p2a: Yavimaya|Ogerpon-Wellspring, F|42/100
|-damage|p2a: Yavimaya|29/100|[from] Spikes
|turn|49
|
|t:|1759021127
|move|p2a: Yavimaya|Ivy Cudgel|p1a: Weezing|[anim] Ivy Cudgel Water
|-damage|p1a: Weezing|0 fnt
|faint|p1a: Weezing
|-end|p1a: Weezing|ability: Neutralizing Gas
|
|upkeep
|
|t:|1759021128
|switch|p1a: Dondozo|Dondozo, F, tera:Dragon|59/100
|-damage|p1a: Dondozo|47/100|[from] Stealth Rock
|turn|50
|
|t:|1759021132
|move|p2a: Yavimaya|Play Rough|p1a: Dondozo|[miss]
|-miss|p2a: Yavimaya|p1a: Dondozo
|move|p1a: Dondozo|Body Press|p2a: Yavimaya
|-damage|p2a: Yavimaya|0 fnt
|faint|p2a: Yavimaya
|
|-heal|p1a: Dondozo|53/100|[from] item: Leftovers
|upkeep
|
|t:|1759021138
|switch|p2a: Expanse|Pecharunt|94/100
|-item|p2a: Expanse|Air Balloon
|turn|51
|
|t:|1759021143
|move|p2a: Expanse|Malignant Chain|p1a: Dondozo
|-damage|p1a: Dondozo|24/100
|-status|p1a: Dondozo|tox
|-start|p1a: Dondozo|confusion|[from] ability: Poison Puppeteer|[of] p2a: Expanse
|-activate|p1a: Dondozo|confusion
|move|p1a: Dondozo|Rest|p1a: Dondozo
|-status|p1a: Dondozo|slp|[from] move: Rest
|-heal|p1a: Dondozo|100/100 slp|[silent]
|
|upkeep
|turn|52
|
|t:|1759021151
|switch|p1a: Corviknight|Corviknight, F|36/100
|-damage|p1a: Corviknight|24/100|[from] Stealth Rock
|-ability|p1a: Corviknight|Pressure
|move|p2a: Expanse|Parting Shot|p1a: Corviknight
|-unboost|p1a: Corviknight|atk|1
|-unboost|p1a: Corviknight|spa|1
|
|t:|1759021153
|switch|p2a: Tarn|Zamazenta|100/100|[from] Parting Shot
|-damage|p2a: Tarn|88/100|[from] Spikes
|-ability|p2a: Tarn|Dauntless Shield|boost
|-boost|p2a: Tarn|def|1
|
|-heal|p2a: Tarn|94/100|[from] item: Leftovers
|-heal|p1a: Corviknight|30/100|[from] item: Leftovers
|upkeep
|turn|53
|
|t:|1759021160
|switch|p1a: Dondozo|Dondozo, F, tera:Dragon|100/100 slp
|-damage|p1a: Dondozo|88/100 slp|[from] Stealth Rock
|move|p2a: Tarn|Body Press|p1a: Dondozo
|-damage|p1a: Dondozo|72/100 slp
|
|-heal|p2a: Tarn|100/100|[from] item: Leftovers
|-heal|p1a: Dondozo|78/100 slp|[from] item: Leftovers
|upkeep
|turn|54
|
|t:|1759021165
|switch|p2a: Expanse|Pecharunt|94/100
|-item|p2a: Expanse|Air Balloon
|cant|p1a: Dondozo|slp
|move|p1a: Dondozo|Sleep Talk|p1a: Dondozo
|move|p1a: Dondozo|Body Press|p2a: Expanse|[from] move: Sleep Talk
|-immune|p2a: Expanse
|
|-heal|p1a: Dondozo|84/100 slp|[from] item: Leftovers
|upkeep
|turn|55
|
|t:|1759021180
|move|p2a: Expanse|Parting Shot|p1a: Dondozo
|-unboost|p1a: Dondozo|atk|1
|-unboost|p1a: Dondozo|spa|1
|inactive|leng loi has 270 seconds left.
|
|t:|1759021201
|switch|p2a: Tarn|Zamazenta|100/100|[from] Parting Shot
|-damage|p2a: Tarn|88/100|[from] Spikes
|cant|p1a: Dondozo|slp
|move|p1a: Dondozo|Sleep Talk|p1a: Dondozo
|move|p1a: Dondozo|Body Press|p2a: Tarn|[from] move: Sleep Talk
|-damage|p2a: Tarn|66/100
|
|-heal|p2a: Tarn|72/100|[from] item: Leftovers
|-heal|p1a: Dondozo|90/100 slp|[from] item: Leftovers
|upkeep
|turn|56
|
|t:|1759021205
|move|p2a: Tarn|Crunch|p1a: Dondozo
|-damage|p1a: Dondozo|79/100 slp
|-curestatus|p1a: Dondozo|slp|[msg]
|move|p1a: Dondozo|Sleep Talk||[still]
|-fail|p1a: Dondozo
|
|-heal|p2a: Tarn|79/100|[from] item: Leftovers
|-heal|p1a: Dondozo|85/100|[from] item: Leftovers
|upkeep
|turn|57
|
|t:|1759021212
|move|p2a: Tarn|Crunch|p1a: Dondozo
|-damage|p1a: Dondozo|75/100
|move|p1a: Dondozo|Avalanche|p2a: Tarn
|-damage|p2a: Tarn|64/100
|
|-heal|p2a: Tarn|70/100|[from] item: Leftovers
|-heal|p1a: Dondozo|81/100|[from] item: Leftovers
|upkeep
|turn|58
|
|t:|1759021215
|move|p2a: Tarn|Crunch|p1a: Dondozo
|-damage|p1a: Dondozo|70/100
|move|p1a: Dondozo|Body Press|p2a: Tarn
|-damage|p2a: Tarn|50/100
|
|-heal|p2a: Tarn|56/100|[from] item: Leftovers
|-heal|p1a: Dondozo|77/100|[from] item: Leftovers
|upkeep
|turn|59
|
|t:|1759021222
|switch|p2a: Expanse|Pecharunt|94/100
|-item|p2a: Expanse|Air Balloon
|move|p1a: Dondozo|Avalanche|p2a: Expanse
|-damage|p2a: Expanse|90/100
|-enditem|p2a: Expanse|Air Balloon
|
|-heal|p1a: Dondozo|83/100|[from] item: Leftovers
|upkeep
|turn|60
|
|t:|1759021238
|switch|p1a: Corviknight|Corviknight, F|30/100
|-damage|p1a: Corviknight|18/100|[from] Stealth Rock
|-ability|p1a: Corviknight|Pressure
|move|p2a: Expanse|Parting Shot|p1a: Corviknight
|-unboost|p1a: Corviknight|atk|1
|-unboost|p1a: Corviknight|spa|1
|
|t:|1759021242
|switch|p2a: Passage|Excadrill, F|29/100|[from] Parting Shot
|-damage|p2a: Passage|17/100|[from] Spikes
|
|-heal|p2a: Passage|23/100|[from] item: Leftovers
|-heal|p1a: Corviknight|24/100|[from] item: Leftovers
|upkeep
|turn|61
|c|☆MRH1106|well played
|
|t:|1759021247
|move|p2a: Passage|Rock Slide|p1a: Corviknight
|-damage|p1a: Corviknight|6/100
|cant|p1a: Corviknight|flinch
|
|-heal|p2a: Passage|29/100|[from] item: Leftovers
|-heal|p1a: Corviknight|12/100|[from] item: Leftovers
|upkeep
|turn|62
|c|☆MRH1106|fuck
|
|t:|1759021262
|move|p2a: Passage|Rock Slide|p1a: Corviknight|[miss]
|-miss|p2a: Passage|p1a: Corviknight
|move|p1a: Corviknight|Roost|p1a: Corviknight
|-heal|p1a: Corviknight|62/100
|-singleturn|p1a: Corviknight|move: Roost
|
|-heal|p2a: Passage|35/100|[from] item: Leftovers
|-heal|p1a: Corviknight|68/100|[from] item: Leftovers
|upkeep
|turn|63
|c|☆MRH1106|thank god
|
|t:|1759021272
|move|p2a: Passage|Rapid Spin|p1a: Corviknight
|-resisted|p1a: Corviknight
|-damage|p1a: Corviknight|63/100
|-boost|p2a: Passage|spe|1
|-sideend|p2: leng loi|Spikes|[from] move: Rapid Spin|[of] p2a: Passage
|move|p1a: Corviknight|Iron Defense|p1a: Corviknight
|-boost|p1a: Corviknight|def|2
|
|-heal|p2a: Passage|41/100|[from] item: Leftovers
|-heal|p1a: Corviknight|69/100|[from] item: Leftovers
|upkeep
|turn|64
|
|t:|1759021276
|switch|p2a: Expanse|Pecharunt|90/100
|move|p1a: Corviknight|Body Press|p2a: Expanse
|-immune|p2a: Expanse
|
|-heal|p1a: Corviknight|75/100|[from] item: Leftovers
|upkeep
|turn|65
|
|t:|1759021286
|move|p2a: Expanse|Parting Shot|p1a: Corviknight
|-unboost|p1a: Corviknight|atk|1
|-unboost|p1a: Corviknight|spa|1
|
|t:|1759021287
|switch|p2a: Tarn|Zamazenta|56/100|[from] Parting Shot
|move|p1a: Corviknight|Defog|p2a: Tarn
|-unboost|p2a: Tarn|evasion|1
|-sideend|p1: MRH1106|Stealth Rock|[from] move: Defog|[of] p1a: Corviknight
|
|-heal|p2a: Tarn|62/100|[from] item: Leftovers
|-heal|p1a: Corviknight|81/100|[from] item: Leftovers
|upkeep
|turn|66
|
|t:|1759021292
|switch|p2a: Expanse|Pecharunt|90/100
|move|p1a: Corviknight|Body Press|p2a: Expanse
|-immune|p2a: Expanse
|
|-heal|p1a: Corviknight|88/100|[from] item: Leftovers
|upkeep
|turn|67
|
|t:|1759021298
|move|p2a: Expanse|Parting Shot|p1a: Corviknight
|-unboost|p1a: Corviknight|atk|1
|-unboost|p1a: Corviknight|spa|1
|
|t:|1759021300
|switch|p2a: Tarn|Zamazenta|62/100|[from] Parting Shot
|move|p1a: Corviknight|Iron Defense|p1a: Corviknight
|-boost|p1a: Corviknight|def|2
|
|-heal|p2a: Tarn|68/100|[from] item: Leftovers
|-heal|p1a: Corviknight|94/100|[from] item: Leftovers
|upkeep
|turn|68
|
|t:|1759021303
|switch|p2a: Expanse|Pecharunt|90/100
|move|p1a: Corviknight|Iron Defense|p1a: Corviknight
|-boost|p1a: Corviknight|def|2
|
|-heal|p1a: Corviknight|99/100|[from] item: Leftovers
|upkeep
|turn|69
|
|t:|1759021307
|move|p2a: Expanse|Foul Play|p1a: Corviknight
|-damage|p1a: Corviknight|99/100
|move|p1a: Corviknight|Body Press|p2a: Expanse
|-immune|p2a: Expanse
|
|-heal|p1a: Corviknight|100/100|[from] item: Leftovers
|upkeep
|turn|70
|
|t:|1759021317
|move|p2a: Expanse|Parting Shot|p1a: Corviknight
|-unboost|p1a: Corviknight|atk|1
|-unboost|p1a: Corviknight|spa|1
|
|t:|1759021318
|switch|p2a: Tarn|Zamazenta|68/100|[from] Parting Shot
|move|p1a: Corviknight|Body Press|p2a: Tarn
|-damage|p2a: Tarn|0 fnt
|faint|p2a: Tarn
|
|upkeep
|-message|leng loi forfeited.
|
|win|MRH1106
|c|☆MRH1106|ggs
|c|+Gilbert arenas|Apologizing for stall -1000 aura dude
|c|+colorednaem|cant lose aura if you had none to begin with
|player|p2|
