|j|☆Apolo_k9e
|j|☆baran110
|t:|1758961870
|gametype|singles
|player|p1|Apolo_k9e|steven|1171
|player|p2|baran110|drayden|1158
|gen|9
|tier|[Gen 9] OU
|rated|
|rule|HP Percentage Mod: HP is shown in percentages
|rule|Endless Battle Clause: Forcing endless battles is banned
|rule|Species Clause: Limit one of each Pokémon
|rule|OHKO Clause: OHKO moves are banned
|rule|Evasion Items Clause: Evasion items are banned
|rule|Evasion Moves Clause: Evasion moves are banned
|rule|Evasion Abilities Clause: Evasion abilities are banned
|rule|Sleep Moves Clause: Sleep-inducing moves are banned
|clearpoke
|poke|p1|Gliscor, M|
|poke|p1|Toxapex, F|
|poke|p1|Grimmsnarl, M|
|poke|p1|Dragapult, M|
|poke|p1|Garganacl, M|
|poke|p1|Tyranitar, F|
|poke|p2|Galvantula, F|
|poke|p2|Cinderace, M|
|poke|p2|Gyarados, F|
|poke|p2|Gardevoir, F|
|poke|p2|Tsareena, F|
|poke|p2|Lucario, M|
|teampreview
|
|t:|1758961884
|teamsize|p1|6
|teamsize|p2|6
|start
|switch|p1a: Grimmsnarl|Grimmsnarl, M|100/100
|switch|p2a: Cinderace|Cinderace, M|100/100
|turn|1
|
|t:|1758961892
|move|p1a: Grimmsnarl|Reflect|p1a: Grimmsnarl
|-sidestart|p1: Apolo_k9e|Reflect
|move|p2a: Cinderace|Gunk Shot|p1a: Grimmsnarl
|-start|p2a: Cinderace|typechange|Poison|[from] ability: Libero
|-supereffective|p1a: Grimmsnarl
|-damage|p1a: Grimmsnarl|50/100
|
|upkeep
|turn|2
|
|t:|1758961899
|move|p1a: Grimmsnarl|Parting Shot|p2a: Cinderace
|-unboost|p2a: Cinderace|atk|1
|-unboost|p2a: Cinderace|spa|1
|
|t:|1758961903
|switch|p1a: Dragapult|Dragapult, M|100/100|[from] Parting Shot
|move|p2a: Cinderace|Gunk Shot|p1a: Dragapult
|-resisted|p1a: Dragapult
|-damage|p1a: Dragapult|88/100
|
|upkeep
|turn|3
|
|t:|1758961912
|move|p1a: Dragapult|Dragon Darts|p2a: Cinderace
|-damage|p2a: Cinderace|53/100
|-anim|p1a: Dragapult|Dragon Darts|p2a: Cinderace
|-damage|p2a: Cinderace|0 fnt
|faint|p2a: Cinderace
|
|upkeep
|
|t:|1758961925
|switch|p2a: Galvantula|Galvantula, F|100/100
|turn|4
|
|t:|1758961928
|move|p1a: Dragapult|Dragon Darts|p2a: Galvantula
|-damage|p2a: Galvantula|36/100
|-anim|p1a: Dragapult|Dragon Darts|p2a: Galvantula
|-damage|p2a: Galvantula|0 fnt
|faint|p2a: Galvantula
|
|upkeep
|
|t:|1758961936
|switch|p2a: Gardevoir|Gardevoir, F|100/100
|-ability|p2a: Gardevoir|Cursed Body|Trace|[from] ability: Trace|[of] p1a: Dragapult
|turn|5
|
|t:|1758961948
|switch|p1a: Gliscor|Gliscor, M|100/100
|move|p2a: Gardevoir|Draining Kiss|p1a: Gliscor
|-damage|p1a: Gliscor|67/100
|
|-status|p1a: Gliscor|tox|[from] item: Toxic Orb
|upkeep
|turn|6
|
|t:|1758961959
|switch|p2a: Lucario|Lucario, M|100/100
|move|p1a: Gliscor|Toxic|p2a: Lucario
|-immune|p2a: Lucario
|
|-heal|p1a: Gliscor|79/100 tox|[from] ability: Poison Heal
|upkeep
|turn|7
|
|t:|1758961969
|switch|p2a: Tsareena|Tsareena, F|100/100
|move|p1a: Gliscor|Protect||[still]
|-fail|p1a: Gliscor
|
|-heal|p1a: Gliscor|91/100 tox|[from] ability: Poison Heal
|upkeep
|turn|8
|
|t:|1758961978
|switch|p2a: Gardevoir|Gardevoir, F|100/100
|-ability|p2a: Gardevoir|Poison Heal|Trace|[from] ability: Trace|[of] p1a: Gliscor
|move|p1a: Gliscor|Toxic|p2a: Gardevoir
|-status|p2a: Gardevoir|tox
|
|-heal|p1a: Gliscor|100/100 tox|[from] ability: Poison Heal
|-sideend|p1: Apolo_k9e|Reflect
|upkeep
|turn|9
|
|t:|1758961991
|move|p2a: Gardevoir|Calm Mind|p2a: Gardevoir
|-boost|p2a: Gardevoir|spa|1
|-boost|p2a: Gardevoir|spd|1
|move|p1a: Gliscor|Earthquake|p2a: Gardevoir
|-damage|p2a: Gardevoir|49/100 tox
|
|-heal|p2a: Gardevoir|55/100 tox|[from] item: Leftovers
|-heal|p2a: Gardevoir|67/100 tox|[from] ability: Poison Heal
|upkeep
|turn|10
|
|t:|1758962001
|move|p2a: Gardevoir|Draining Kiss|p1a: Gliscor
|-damage|p1a: Gliscor|50/100 tox
|-heal|p2a: Gardevoir|100/100 tox|[from] drain|[of] p1a: Gliscor
|move|p1a: Gliscor|Earthquake|p2a: Gardevoir
|-damage|p2a: Gardevoir|47/100 tox
|
|-heal|p2a: Gardevoir|53/100 tox|[from] item: Leftovers
|-heal|p2a: Gardevoir|65/100 tox|[from] ability: Poison Heal
|-heal|p1a: Gliscor|63/100 tox|[from] ability: Poison Heal
|upkeep
|turn|11
|
|t:|1758962012
|move|p2a: Gardevoir|Calm Mind|p2a: Gardevoir
|-boost|p2a: Gardevoir|spa|1
|-boost|p2a: Gardevoir|spd|1
|move|p1a: Gliscor|Earthquake|p2a: Gardevoir
|-damage|p2a: Gardevoir|11/100 tox
|
|-heal|p2a: Gardevoir|17/100 tox|[from] item: Leftovers
|-heal|p2a: Gardevoir|29/100 tox|[from] ability: Poison Heal
|-heal|p1a: Gliscor|75/100 tox|[from] ability: Poison Heal
|upkeep
|turn|12
|
|t:|1758962022
|move|p2a: Gardevoir|Draining Kiss|p1a: Gliscor
|-damage|p1a: Gliscor|17/100 tox
|-heal|p2a: Gardevoir|85/100 tox|[from] drain|[of] p1a: Gliscor
|move|p1a: Gliscor|Earthquake|p2a: Gardevoir
|-damage|p2a: Gardevoir|35/100 tox
|
|-heal|p2a: Gardevoir|41/100 tox|[from] item: Leftovers
|-heal|p2a: Gardevoir|54/100 tox|[from] ability: Poison Heal
|-heal|p1a: Gliscor|29/100 tox|[from] ability: Poison Heal
|upkeep
|turn|13
|
|t:|1758962034
|move|p1a: Gliscor|Protect|p1a: Gliscor
|-singleturn|p1a: Gliscor|Protect
|move|p2a: Gardevoir|Draining Kiss|p1a: Gliscor
|-activate|p1a: Gliscor|move: Protect
|
|-heal|p2a: Gardevoir|60/100 tox|[from] item: Leftovers
|-heal|p2a: Gardevoir|72/100 tox|[from] ability: Poison Heal
|-heal|p1a: Gliscor|42/100 tox|[from] ability: Poison Heal
|upkeep
|turn|14
|
|t:|1758962046
|move|p2a: Gardevoir|Draining Kiss|p1a: Gliscor
|-damage|p1a: Gliscor|0 fnt
|-heal|p2a: Gardevoir|100/100 tox|[from] drain|[of] p1a: Gliscor
|faint|p1a: Gliscor
|
|upkeep
|
|t:|1758962062
|switch|p1a: Garganacl|Garganacl, M, shiny|100/100
|turn|15
|
|t:|1758962074
|-terastallize|p2a: Gardevoir|Steel
|move|p2a: Gardevoir|Psychic|p1a: Garganacl
|-damage|p1a: Garganacl|21/100
|move|p1a: Garganacl|Salt Cure|p2a: Gardevoir
|-resisted|p2a: Gardevoir
|-damage|p2a: Gardevoir|90/100 tox
|-start|p2a: Gardevoir|Salt Cure
|
|-heal|p2a: Gardevoir|96/100 tox|[from] item: Leftovers
|-heal|p1a: Garganacl|27/100|[from] item: Leftovers
|-heal|p2a: Gardevoir|100/100 tox|[from] ability: Poison Heal
|-damage|p2a: Gardevoir|76/100 tox|[from] Salt Cure
|upkeep
|turn|16
|
|t:|1758962088
|move|p2a: Gardevoir|Psychic|p1a: Garganacl
|-damage|p1a: Garganacl|0 fnt
|faint|p1a: Garganacl
|
|-heal|p2a: Gardevoir|82/100 tox|[from] item: Leftovers
|-heal|p2a: Gardevoir|94/100 tox|[from] ability: Poison Heal
|-damage|p2a: Gardevoir|69/100 tox|[from] Salt Cure
|upkeep
|
|t:|1758962099
|switch|p1a: Grimmsnarl|Grimmsnarl, M|50/100
|turn|17
|
|t:|1758962103
|move|p1a: Grimmsnarl|Parting Shot|p2a: Gardevoir
|-unboost|p2a: Gardevoir|atk|1
|-unboost|p2a: Gardevoir|spa|1
|
|t:|1758962108
|switch|p1a: Toxapex|Toxapex, F|100/100|[from] Parting Shot
|move|p2a: Gardevoir|Draining Kiss|p1a: Toxapex
|-resisted|p1a: Toxapex
|-damage|p1a: Toxapex|89/100
|-heal|p2a: Gardevoir|78/100 tox|[from] drain|[of] p1a: Toxapex
|
|-heal|p2a: Gardevoir|85/100 tox|[from] item: Leftovers
|-heal|p1a: Toxapex|96/100|[from] item: Black Sludge
|-heal|p2a: Gardevoir|97/100 tox|[from] ability: Poison Heal
|-damage|p2a: Gardevoir|72/100 tox|[from] Salt Cure
|upkeep
|turn|18
|
|t:|1758962126
|move|p1a: Toxapex|Baneful Bunker|p1a: Toxapex
|-singleturn|p1a: Toxapex|move: Protect
|move|p2a: Gardevoir|Calm Mind|p2a: Gardevoir
|-boost|p2a: Gardevoir|spa|1
|-boost|p2a: Gardevoir|spd|1
|
|-heal|p2a: Gardevoir|78/100 tox|[from] item: Leftovers
|-heal|p1a: Toxapex|100/100|[from] item: Black Sludge
|-heal|p2a: Gardevoir|90/100 tox|[from] ability: Poison Heal
|-damage|p2a: Gardevoir|65/100 tox|[from] Salt Cure
|upkeep
|turn|19
|
|t:|1758962138
|move|p2a: Gardevoir|Psychic|p1a: Toxapex
|-supereffective|p1a: Toxapex
|-damage|p1a: Toxapex|0 fnt
|faint|p1a: Toxapex
|
|-heal|p2a: Gardevoir|72/100 tox|[from] item: Leftovers
|-heal|p2a: Gardevoir|84/100 tox|[from] ability: Poison Heal
|-damage|p2a: Gardevoir|59/100 tox|[from] Salt Cure
|upkeep
|
|t:|1758962149
|switch|p1a: Dragapult|Dragapult, M|88/100
|turn|20
|
|t:|1758962153
|move|p1a: Dragapult|Phantom Force||[still]
|-prepare|p1a: Dragapult|Phantom Force
|move|p2a: Gardevoir|Draining Kiss|p1a: Dragapult|[miss]
|-miss|p2a: Gardevoir|p1a: Dragapult
|
|-heal|p2a: Gardevoir|65/100 tox|[from] item: Leftovers
|-heal|p2a: Gardevoir|77/100 tox|[from] ability: Poison Heal
|-damage|p2a: Gardevoir|52/100 tox|[from] Salt Cure
|upkeep
|turn|21
|
|t:|1758962162
|move|p1a: Dragapult|Phantom Force|p2a: Gardevoir|[from] lockedmove
|-damage|p2a: Gardevoir|0 fnt
|faint|p2a: Gardevoir
|
|upkeep
|
|t:|1758962177
|switch|p2a: Tsareena|Tsareena, F|100/100
|turn|22
|
|t:|1758962183
|switch|p1a: Grimmsnarl|Grimmsnarl, M|50/100
|move|p2a: Tsareena|Knock Off|p1a: Grimmsnarl
|-resisted|p1a: Grimmsnarl
|-damage|p1a: Grimmsnarl|43/100
|-enditem|p1a: Grimmsnarl|Light Clay|[from] move: Knock Off|[of] p2a: Tsareena
|
|upkeep
|turn|23
|
|t:|1758962190
|move|p1a: Grimmsnarl|Parting Shot||[still]
|cant|p2a: Tsareena|ability: Queenly Majesty|Parting Shot|[of] p1a: Grimmsnarl
|move|p2a: Tsareena|Play Rough|p1a: Grimmsnarl
|-supereffective|p1a: Grimmsnarl
|-damage|p1a: Grimmsnarl|0 fnt
|faint|p1a: Grimmsnarl
|
|upkeep
|
|t:|1758962199
|switch|p1a: Dragapult|Dragapult, M|88/100
|turn|24
|
|t:|1758962202
|move|p1a: Dragapult|Dragon Darts|p2a: Tsareena
|-damage|p2a: Tsareena|59/100
|-anim|p1a: Dragapult|Dragon Darts|p2a: Tsareena
|-damage|p2a: Tsareena|16/100
|move|p2a: Tsareena|Knock Off|p1a: Dragapult
|-supereffective|p1a: Dragapult
|-damage|p1a: Dragapult|0 fnt
|-enditem|p1a: Dragapult|Choice Band|[from] move: Knock Off|[of] p2a: Tsareena
|faint|p1a: Dragapult
|
|upkeep
|
|t:|1758962212
|switch|p1a: Tyranitar|Tyranitar, F|100/100
|-weather|Sandstorm|[from] ability: Sand Stream|[of] p1a: Tyranitar
|turn|25
|
|t:|1758962217
|-terastallize|p1a: Tyranitar|Rock
|move|p2a: Tsareena|Petal Blizzard|p1a: Tyranitar
|-supereffective|p1a: Tyranitar
|-damage|p1a: Tyranitar|1/100
|move|p1a: Tyranitar|Dragon Dance|p1a: Tyranitar
|-boost|p1a: Tyranitar|atk|1
|-boost|p1a: Tyranitar|spe|1
|
|-weather|Sandstorm|[upkeep]
|-damage|p2a: Tsareena|10/100|[from] Sandstorm
|upkeep
|turn|26
|
|t:|1758962230
|move|p2a: Tsareena|Knock Off|p1a: Tyranitar
|-damage|p1a: Tyranitar|0 fnt
|-damage|p2a: Tsareena|0 fnt|[from] item: Rocky Helmet|[of] p1a: Tyranitar
|faint|p1a: Tyranitar
|faint|p2a: Tsareena
|
|win|baran110
|raw|Apolo_k9e's rating: 1171 &rarr; <strong>1145</strong><br />(-26 for losing)
|raw|baran110's rating: 1158 &rarr; <strong>1184</strong><br />(+26 for winning)
|c|☆baran110|gg
|l|☆Apolo_k9e
|player|p1|
|l|☆baran110
|player|p2|
