|j|☆xdye
|j|☆Obito 2001
|t:|1758919636
|gametype|singles
|player|p1|xdye|iris-gen5bw2|1690
|player|p2|Obito 2001|blue-gen3two|1740
|gen|9
|tier|[Gen 9] OU
|rated|
|rule|HP Percentage Mod: HP is shown in percentages
|rule|Endless Battle Clause: Forcing endless battles is banned
|rule|Species Clause: Limit one of each Pokémon
|rule|OHKO Clause: OHKO moves are banned
|rule|Evasion Items Clause: Evasion items are banned
|rule|Evasion Moves Clause: Evasion moves are banned
|rule|Evasion Abilities Clause: Evasion abilities are banned
|rule|Sleep Moves Clause: Sleep-inducing moves are banned
|clearpoke
|poke|p1|Alomomola, F|
|poke|p1|Mandibuzz, F|
|poke|p1|Tyranitar, F|
|poke|p1|Excadrill, F|
|poke|p1|Ogerpon-Wellspring, F|
|poke|p1|Gholdengo|
|poke|p2|Alcremie-Salted-Cream, F|
|poke|p2|Tornadus-Therian, M|
|poke|p2|Ursaluna, M|
|poke|p2|Weezing-Galar, F|
|poke|p2|Dragapult, F|
|poke|p2|Dragonite, F|
|teampreview
|inactive|Battle timer is ON: inactive players will automatically lose when time's up. (requested by Obito 2001)
|c|☆xdye|hf
|inactive|xdye has 120 seconds left.
|
|t:|1758919681
|teamsize|p1|6
|teamsize|p2|6
|start
|switch|p1a: Mandibuzz|Mandibuzz, F|100/100
|switch|p2a: Tornadus|Tornadus-Therian, M|100/100
|turn|1
|
|t:|1758919686
|move|p2a: Tornadus|Knock Off|p1a: Mandibuzz
|-resisted|p1a: Mandibuzz
|-damage|p1a: Mandibuzz|95/100
|-enditem|p1a: Mandibuzz|Heavy-Duty Boots|[from] move: Knock Off|[of] p2a: Tornadus
|move|p1a: Mandibuzz|Toxic|p2a: Tornadus
|-status|p2a: Tornadus|tox
|
|-damage|p2a: Tornadus|94/100 tox|[from] psn
|upkeep
|turn|2
|
|t:|1758919693
|switch|p1a: Alomomola|Alomomola, F|100/100
|move|p2a: Tornadus|U-turn|p1a: Alomomola
|-damage|p1a: Alomomola|91/100
|
|t:|1758919696
|switch|p2a: Brock Lesnar|Ursaluna, M|100/100|[from] U-turn
|
|-status|p2a: Brock Lesnar|brn|[from] item: Flame Orb
|upkeep
|turn|3
|
|t:|1758919713
|move|p1a: Alomomola|Protect|p1a: Alomomola
|-singleturn|p1a: Alomomola|Protect
|move|p2a: Brock Lesnar|Facade|p1a: Alomomola
|-activate|p1a: Alomomola|move: Protect
|
|-damage|p2a: Brock Lesnar|94/100 brn|[from] brn
|upkeep
|turn|4
|
|t:|1758919721
|switch|p1a: Mandibuzz|Mandibuzz, F|95/100
|move|p2a: Brock Lesnar|Facade|p1a: Mandibuzz
|-damage|p1a: Mandibuzz|29/100
|
|-damage|p2a: Brock Lesnar|88/100 brn|[from] brn
|upkeep
|turn|5
|
|t:|1758919727
|move|p1a: Mandibuzz|Foul Play|p2a: Brock Lesnar
|-damage|p2a: Brock Lesnar|44/100 brn
|move|p2a: Brock Lesnar|Drain Punch|p1a: Mandibuzz
|-damage|p1a: Mandibuzz|2/100
|-heal|p2a: Brock Lesnar|58/100 brn|[from] drain|[of] p1a: Mandibuzz
|
|-damage|p2a: Brock Lesnar|52/100 brn|[from] brn
|upkeep
|turn|6
|
|t:|1758919733
|move|p1a: Mandibuzz|Foul Play|p2a: Brock Lesnar
|-damage|p2a: Brock Lesnar|10/100 brn
|move|p2a: Brock Lesnar|Drain Punch|p1a: Mandibuzz
|-damage|p1a: Mandibuzz|0 fnt
|-heal|p2a: Brock Lesnar|11/100 brn|[from] drain|[of] p1a: Mandibuzz
|faint|p1a: Mandibuzz
|
|-damage|p2a: Brock Lesnar|5/100 brn|[from] brn
|upkeep
|
|t:|1758919740
|switch|p1a: Ogerpon|Ogerpon-Wellspring, F|100/100
|turn|7
|
|t:|1758919746
|move|p1a: Ogerpon|U-turn|p2a: Brock Lesnar
|-damage|p2a: Brock Lesnar|0 fnt
|faint|p2a: Brock Lesnar
|
|t:|1758919751
|switch|p1a: Tyranitar|Tyranitar, F|100/100|[from] U-turn
|-weather|Sandstorm|[from] ability: Sand Stream|[of] p1a: Tyranitar
|
|-weather|Sandstorm|[upkeep]
|upkeep
|
|t:|1758919760
|switch|p2a: 👻DraGhost🐉|Dragapult, F|100/100
|turn|8
|
|t:|1758919767
|move|p2a: 👻DraGhost🐉|Reflect|p2a: 👻DraGhost🐉
|-sidestart|p2: Obito 2001|Reflect
|move|p1a: Tyranitar|Knock Off|p2a: 👻DraGhost🐉
|-supereffective|p2a: 👻DraGhost🐉
|-damage|p2a: 👻DraGhost🐉|46/100
|-enditem|p2a: 👻DraGhost🐉|Light Clay|[from] move: Knock Off|[of] p1a: Tyranitar
|
|-weather|Sandstorm|[upkeep]
|-damage|p2a: 👻DraGhost🐉|40/100|[from] Sandstorm
|upkeep
|turn|9
|
|t:|1758919774
|move|p2a: 👻DraGhost🐉|Light Screen|p2a: 👻DraGhost🐉
|-sidestart|p2: Obito 2001|move: Light Screen
|move|p1a: Tyranitar|Stealth Rock|p2a: 👻DraGhost🐉
|-sidestart|p2: Obito 2001|move: Stealth Rock
|
|-weather|Sandstorm|[upkeep]
|-damage|p2a: 👻DraGhost🐉|34/100|[from] Sandstorm
|upkeep
|turn|10
|
|t:|1758919793
|move|p2a: 👻DraGhost🐉|Curse|p1a: Tyranitar
|-start|p1a: Tyranitar|Curse|[of] p2a: 👻DraGhost🐉
|-damage|p2a: 👻DraGhost🐉|0 fnt
|faint|p2a: 👻DraGhost🐉
|move|p1a: Tyranitar|Knock Off|p2: 👻DraGhost🐉|[notarget]
|-fail|p1a: Tyranitar
|
|-weather|Sandstorm|[upkeep]
|-damage|p1a: Tyranitar|75/100|[from] Curse
|upkeep
|
|t:|1758919796
|switch|p2a: Sakura Miyawaki🤍|Alcremie-Salted-Cream, F|100/100
|-damage|p2a: Sakura Miyawaki🤍|88/100|[from] Stealth Rock
|turn|11
|
|t:|1758919800
|switch|p1a: Gholdengo|Gholdengo|100/100
|move|p2a: Sakura Miyawaki🤍|Acid Armor|p2a: Sakura Miyawaki🤍
|-boost|p2a: Sakura Miyawaki🤍|def|2
|
|-weather|Sandstorm|[upkeep]
|-damage|p2a: Sakura Miyawaki🤍|82/100|[from] Sandstorm
|-heal|p2a: Sakura Miyawaki🤍|88/100|[from] item: Leftovers
|upkeep
|turn|12
|
|t:|1758919803
|switch|p2a: Tornadus|Tornadus-Therian, M|100/100 tox
|move|p1a: Gholdengo|Trick|p2a: Tornadus
|-activate|p1a: Gholdengo|move: Trick|[of] p2a: Tornadus
|-item|p2a: Tornadus|Choice Scarf|[from] move: Trick
|-item|p1a: Gholdengo|Heavy-Duty Boots|[from] move: Trick
|
|-weather|Sandstorm|[upkeep]
|-damage|p2a: Tornadus|94/100 tox|[from] Sandstorm
|-damage|p2a: Tornadus|88/100 tox|[from] psn
|upkeep
|turn|13
|
|t:|1758919807
|switch|p1a: Alomomola|Alomomola, F|100/100
|move|p2a: Tornadus|Heat Wave|p1a: Alomomola
|-resisted|p1a: Alomomola
|-damage|p1a: Alomomola|91/100
|
|-weather|Sandstorm|[upkeep]
|-damage|p2a: Tornadus|82/100 tox|[from] Sandstorm
|-damage|p1a: Alomomola|84/100|[from] Sandstorm
|-damage|p2a: Tornadus|70/100 tox|[from] psn
|-sideend|p2: Obito 2001|move: Light Screen
|upkeep
|turn|14
|
|t:|1758919815
|switch|p2a: Fk hazard noobs|Weezing-Galar, F|100/100
|-ability|p2a: Fk hazard noobs|Neutralizing Gas
|move|p1a: Alomomola|Flip Turn|p2a: Fk hazard noobs
|-damage|p2a: Fk hazard noobs|95/100
|
|t:|1758919822
|switch|p1a: Gholdengo|Gholdengo|100/100|[from] Flip Turn
|
|-weather|none
|upkeep
|turn|15
|
|t:|1758919828
|move|p1a: Gholdengo|Make It Rain|p2a: Fk hazard noobs
|-supereffective|p2a: Fk hazard noobs
|-damage|p2a: Fk hazard noobs|0 fnt
|-unboost|p1a: Gholdengo|spa|1
|faint|p2a: Fk hazard noobs
|-end|p2a: Fk hazard noobs|ability: Neutralizing Gas
|
|-sideend|p2: Obito 2001|Reflect
|upkeep
|
|t:|1758919837
|switch|p2a: OG👑|Dragonite, F|100/100
|-damage|p2a: OG👑|76/100|[from] Stealth Rock
|turn|16
|
|t:|1758919842
|switch|p1a: Tyranitar|Tyranitar, F|75/100
|-weather|Sandstorm|[from] ability: Sand Stream|[of] p1a: Tyranitar
|move|p2a: OG👑|Dragon Dance|p2a: OG👑
|-boost|p2a: OG👑|atk|1
|-boost|p2a: OG👑|spe|1
|
|-weather|Sandstorm|[upkeep]
|-damage|p2a: OG👑|70/100|[from] Sandstorm
|-heal|p2a: OG👑|76/100|[from] item: Leftovers
|upkeep
|turn|17
|
|t:|1758919849
|move|p2a: OG👑|Earthquake|p1a: Tyranitar
|-supereffective|p1a: Tyranitar
|-damage|p1a: Tyranitar|0 fnt
|faint|p1a: Tyranitar
|
|-weather|Sandstorm|[upkeep]
|-damage|p2a: OG👑|70/100|[from] Sandstorm
|-heal|p2a: OG👑|76/100|[from] item: Leftovers
|upkeep
|
|t:|1758919868
|switch|p1a: Excadrill|Excadrill, F|100/100
|turn|18
|
|t:|1758919890
|-terastallize|p1a: Excadrill|Ghost
|move|p1a: Excadrill|Tera Blast|p2a: OG👑|[anim] Tera Blast Ghost
|-damage|p2a: OG👑|13/100
|-damage|p1a: Excadrill|91/100|[from] item: Life Orb
|move|p2a: OG👑|Earthquake|p1a: Excadrill
|-damage|p1a: Excadrill|10/100
|
|-weather|Sandstorm|[upkeep]
|-damage|p2a: OG👑|7/100|[from] Sandstorm
|-heal|p2a: OG👑|13/100|[from] item: Leftovers
|upkeep
|turn|19
|
|t:|1758919906
|move|p1a: Excadrill|Tera Blast|p2a: OG👑|[anim] Tera Blast Ghost
|-damage|p2a: OG👑|0 fnt
|faint|p2a: OG👑
|-damage|p1a: Excadrill|0 fnt|[from] item: Life Orb
|faint|p1a: Excadrill
|
|-weather|Sandstorm|[upkeep]
|upkeep
|
|t:|1758919914
|switch|p1a: Ogerpon|Ogerpon-Wellspring, F|100/100
|switch|p2a: Tornadus|Tornadus-Therian, M|100/100 tox
|-damage|p2a: Tornadus|76/100 tox|[from] Stealth Rock
|turn|20
|
|t:|1758919919
|switch|p1a: Alomomola|Alomomola, F|84/100
|move|p2a: Tornadus|U-turn|p1a: Alomomola
|-damage|p1a: Alomomola|76/100
|
|t:|1758919921
|switch|p2a: Sakura Miyawaki🤍|Alcremie-Salted-Cream, F|88/100|[from] U-turn
|-damage|p2a: Sakura Miyawaki🤍|76/100|[from] Stealth Rock
|
|-weather|Sandstorm|[upkeep]
|-damage|p2a: Sakura Miyawaki🤍|70/100|[from] Sandstorm
|-damage|p1a: Alomomola|70/100|[from] Sandstorm
|-heal|p2a: Sakura Miyawaki🤍|76/100|[from] item: Leftovers
|upkeep
|turn|21
|
|t:|1758919925
|move|p2a: Sakura Miyawaki🤍|Acid Armor|p2a: Sakura Miyawaki🤍
|-boost|p2a: Sakura Miyawaki🤍|def|2
|move|p1a: Alomomola|Flip Turn|p2a: Sakura Miyawaki🤍
|-damage|p2a: Sakura Miyawaki🤍|67/100
|
|t:|1758919927
|switch|p1a: Ogerpon|Ogerpon-Wellspring, F|100/100|[from] Flip Turn
|
|-weather|Sandstorm|[upkeep]
|-damage|p1a: Ogerpon|95/100|[from] Sandstorm
|-damage|p2a: Sakura Miyawaki🤍|61/100|[from] Sandstorm
|-heal|p2a: Sakura Miyawaki🤍|67/100|[from] item: Leftovers
|upkeep
|turn|22
|
|t:|1758919939
|move|p1a: Ogerpon|Ivy Cudgel|p2a: Sakura Miyawaki🤍|[anim] Ivy Cudgel Water
|-damage|p2a: Sakura Miyawaki🤍|33/100
|move|p2a: Sakura Miyawaki🤍|Acid Armor|p2a: Sakura Miyawaki🤍
|-boost|p2a: Sakura Miyawaki🤍|def|2
|
|-weather|Sandstorm|[upkeep]
|-damage|p1a: Ogerpon|89/100|[from] Sandstorm
|-damage|p2a: Sakura Miyawaki🤍|27/100|[from] Sandstorm
|-heal|p2a: Sakura Miyawaki🤍|33/100|[from] item: Leftovers
|upkeep
|turn|23
|
|t:|1758919949
|move|p1a: Ogerpon|U-turn|p2a: Sakura Miyawaki🤍
|-resisted|p2a: Sakura Miyawaki🤍
|-damage|p2a: Sakura Miyawaki🤍|27/100
|
|t:|1758919951
|switch|p1a: Gholdengo|Gholdengo|100/100|[from] U-turn
|move|p2a: Sakura Miyawaki🤍|Draining Kiss|p1a: Gholdengo
|-resisted|p1a: Gholdengo
|-damage|p1a: Gholdengo|90/100
|-heal|p2a: Sakura Miyawaki🤍|35/100|[from] drain|[of] p1a: Gholdengo
|
|-weather|none
|-heal|p2a: Sakura Miyawaki🤍|41/100|[from] item: Leftovers
|upkeep
|turn|24
|
|t:|1758919956
|-terastallize|p2a: Sakura Miyawaki🤍|Steel
|move|p1a: Gholdengo|Make It Rain|p2a: Sakura Miyawaki🤍
|-resisted|p2a: Sakura Miyawaki🤍
|-damage|p2a: Sakura Miyawaki🤍|11/100
|-unboost|p1a: Gholdengo|spa|1
|move|p2a: Sakura Miyawaki🤍|Calm Mind|p2a: Sakura Miyawaki🤍
|-boost|p2a: Sakura Miyawaki🤍|spa|1
|-boost|p2a: Sakura Miyawaki🤍|spd|1
|
|-heal|p2a: Sakura Miyawaki🤍|17/100|[from] item: Leftovers
|upkeep
|turn|25
|
|t:|1758919962
|move|p1a: Gholdengo|Shadow Ball|p2a: Sakura Miyawaki🤍
|-damage|p2a: Sakura Miyawaki🤍|0 fnt
|faint|p2a: Sakura Miyawaki🤍
|
|upkeep
|-message|Obito 2001 forfeited.
|
|win|xdye
|raw|xdye's rating: 1690 &rarr; <strong>1713</strong><br />(+23 for winning)
|raw|Obito 2001's rating: 1740 &rarr; <strong>1717</strong><br />(-23 for losing)
|l|☆Obito 2001
|player|p2|
|l|☆xdye
|player|p1|
