|badge|p1|bronze|gen9randombattle|100-6
|uhtml|medal-msg|<div class="broadcast-blue">Curious what those medals under the avatar are? PS now has Ladder Seasons! For more information, check out the <a href="https://www.smogon.com/forums/threads/3740067/">thread on Smogon.</a></div>
|j|☆Playing Foul
|j|☆Crooksieee
|t:|1759032061
|gametype|singles
|player|p1|Playing Foul|ethan-gen2|1736
|player|p2|Crooksieee|170|1602
|gen|9
|tier|[Gen 9] OU
|rated|
|rule|HP Percentage Mod: HP is shown in percentages
|rule|Endless Battle Clause: Forcing endless battles is banned
|rule|Species Clause: Limit one of each Pokémon
|rule|OHKO Clause: OHKO moves are banned
|rule|Evasion Items Clause: Evasion items are banned
|rule|Evasion Moves Clause: Evasion moves are banned
|rule|Evasion Abilities Clause: Evasion abilities are banned
|rule|Sleep Moves Clause: Sleep-inducing moves are banned
|clearpoke
|poke|p1|Zamazenta-*|
|poke|p1|Landorus-Therian, M|
|poke|p1|Dragapult, M|
|poke|p1|Iron Crown|
|poke|p1|Great Tusk|
|poke|p1|Samurott-Hisui, M|
|poke|p2|Scizor, F|
|poke|p2|Glimmora, F|
|poke|p2|Samurott-Hisui, M|
|poke|p2|Great Tusk|
|poke|p2|Gholdengo|
|poke|p2|Dragapult, F|
|teampreview
|inactive|Battle timer is ON: inactive players will automatically lose when time's up. (requested by Playing Foul)
|
|t:|1759032076
|teamsize|p1|6
|teamsize|p2|6
|start
|switch|p1a: Samurott|Samurott-Hisui, M|100/100
|switch|p2a: Gholdengo|Gholdengo|100/100
|turn|1
|
|t:|1759032094
|switch|p2a: Samurott|Samurott-Hisui, M|100/100
|move|p1a: Samurott|Ceaseless Edge|p2a: Samurott
|-resisted|p2a: Samurott
|-damage|p2a: Samurott|75/100
|-sidestart|p2: Crooksieee|Spikes
|
|upkeep
|turn|2
|
|t:|1759032102
|move|p1a: Samurott|Ceaseless Edge|p2a: Samurott
|-resisted|p2a: Samurott
|-damage|p2a: Samurott|51/100
|-sidestart|p2: Crooksieee|Spikes
|move|p2a: Samurott|Sacred Sword|p1a: Samurott
|-supereffective|p1a: Samurott
|-damage|p1a: Samurott|0 fnt
|faint|p1a: Samurott
|
|upkeep
|
|t:|1759032110
|switch|p1a: Landorus|Landorus-Therian, M|100/100
|-ability|p1a: Landorus|Intimidate|boost
|-unboost|p2a: Samurott|atk|1
|turn|3
|
|t:|1759032119
|switch|p2a: Great Tusk|Great Tusk|100/100
|-damage|p2a: Great Tusk|84/100|[from] Spikes
|move|p1a: Landorus|Earthquake|p2a: Great Tusk
|-damage|p2a: Great Tusk|32/100
|
|-heal|p2a: Great Tusk|39/100|[from] item: Leftovers
|upkeep
|turn|4
|
|t:|1759032134
|-terastallize|p2a: Great Tusk|Grass
|move|p1a: Landorus|Earthquake|p2a: Great Tusk
|-resisted|p2a: Great Tusk
|-damage|p2a: Great Tusk|13/100
|move|p2a: Great Tusk|Rapid Spin|p1a: Landorus
|-damage|p1a: Landorus|83/100
|-boost|p2a: Great Tusk|spe|1
|-sideend|p2: Crooksieee|Spikes|[from] move: Rapid Spin|[of] p2a: Great Tusk
|
|-heal|p2a: Great Tusk|20/100|[from] item: Leftovers
|upkeep
|turn|5
|
|t:|1759032146
|switch|p1a: Zamazenta|Zamazenta|100/100
|-ability|p1a: Zamazenta|Dauntless Shield|boost
|-boost|p1a: Zamazenta|def|1
|move|p2a: Great Tusk|Ice Spinner|p1a: Zamazenta
|-damage|p1a: Zamazenta|85/100
|
|-heal|p2a: Great Tusk|26/100|[from] item: Leftovers
|upkeep
|turn|6
|
|t:|1759032156
|move|p2a: Great Tusk|Bulk Up|p2a: Great Tusk
|-boost|p2a: Great Tusk|atk|1
|-boost|p2a: Great Tusk|def|1
|move|p1a: Zamazenta|Crunch|p2a: Great Tusk
|-damage|p2a: Great Tusk|8/100
|
|-heal|p2a: Great Tusk|14/100|[from] item: Leftovers
|upkeep
|turn|7
|
|t:|1759032166
|move|p2a: Great Tusk|Headlong Rush|p1a: Zamazenta
|-damage|p1a: Zamazenta|37/100
|-unboost|p2a: Great Tusk|def|1
|-unboost|p2a: Great Tusk|spd|1
|move|p1a: Zamazenta|Crunch|p2a: Great Tusk
|-damage|p2a: Great Tusk|0 fnt
|faint|p2a: Great Tusk
|-end|p2a: Great Tusk|Protosynthesis|[silent]
|
|upkeep
|
|t:|1759032176
|switch|p2a: Dragapult|Dragapult, F|100/100
|turn|8
|
|t:|1759032183
|move|p2a: Dragapult|Draco Meteor|p1a: Zamazenta
|-damage|p1a: Zamazenta|0 fnt
|-unboost|p2a: Dragapult|spa|2
|faint|p1a: Zamazenta
|-enditem|p2a: Dragapult|Eject Pack
|
|t:|1759032193
|switch|p2a: Scizor|Scizor, F|100/100
|
|upkeep
|
|t:|1759032201
|switch|p1a: Landorus|Landorus-Therian, M|83/100
|-ability|p1a: Landorus|Intimidate|boost
|-unboost|p2a: Scizor|atk|1
|turn|9
|
|t:|1759032208
|move|p1a: Landorus|Earthquake|p2a: Scizor
|-damage|p2a: Scizor|38/100
|move|p2a: Scizor|Swords Dance|p2a: Scizor
|-boost|p2a: Scizor|atk|2
|
|upkeep
|turn|10
|
|t:|1759032216
|switch|p1a: Great Tusk|Great Tusk|100/100
|move|p2a: Scizor|Bullet Punch|p1a: Great Tusk
|-damage|p1a: Great Tusk|55/100
|-damage|p2a: Scizor|21/100|[from] item: Rocky Helmet|[of] p1a: Great Tusk
|
|upkeep
|turn|11
|
|t:|1759032224
|move|p2a: Scizor|Bullet Punch|p1a: Great Tusk
|-damage|p1a: Great Tusk|11/100
|-damage|p2a: Scizor|4/100|[from] item: Rocky Helmet|[of] p1a: Great Tusk
|move|p1a: Great Tusk|Knock Off|p2a: Scizor
|-damage|p2a: Scizor|0 fnt
|-enditem|p2a: Scizor|Metal Coat|[from] move: Knock Off|[of] p1a: Great Tusk
|faint|p2a: Scizor
|
|upkeep
|
|t:|1759032234
|switch|p2a: Dragapult|Dragapult, F|100/100
|turn|12
|
|t:|1759032242
|-end|p1a: Great Tusk|Protosynthesis|[silent]
|switch|p1a: Iron Crown|Iron Crown|100/100
|move|p2a: Dragapult|Hex|p1a: Iron Crown
|-supereffective|p1a: Iron Crown
|-damage|p1a: Iron Crown|62/100
|
|upkeep
|turn|13
|
|t:|1759032251
|move|p2a: Dragapult|Hex|p1a: Iron Crown
|-supereffective|p1a: Iron Crown
|-damage|p1a: Iron Crown|23/100
|move|p1a: Iron Crown|Volt Switch|p2a: Dragapult
|-resisted|p2a: Dragapult
|-damage|p2a: Dragapult|84/100
|
|t:|1759032259
|-end|p1a: Iron Crown|Quark Drive|[silent]
|switch|p1a: Dragapult|Dragapult, M|100/100|[from] Volt Switch
|
|upkeep
|turn|14
|
|t:|1759032267
|move|p2a: Dragapult|Draco Meteor|p1a: Dragapult
|-supereffective|p1a: Dragapult
|-damage|p1a: Dragapult|0 fnt
|-unboost|p2a: Dragapult|spa|2
|faint|p1a: Dragapult
|
|upkeep
|
|t:|1759032274
|switch|p1a: Landorus|Landorus-Therian, M|83/100
|-ability|p1a: Landorus|Intimidate|boost
|-fail|p2a: Dragapult|unboost|[from] ability: Clear Body|[of] p2a: Dragapult
|turn|15
|
|t:|1759032281
|move|p2a: Dragapult|Will-O-Wisp|p1a: Landorus
|-status|p1a: Landorus|brn
|move|p1a: Landorus|Earthquake|p2a: Dragapult
|-damage|p2a: Dragapult|40/100
|
|-damage|p1a: Landorus|77/100 brn|[from] brn
|upkeep
|turn|16
|
|t:|1759032297
|switch|p2a: Samurott|Samurott-Hisui, M|51/100
|move|p1a: Landorus|Stealth Rock|p2a: Samurott
|-sidestart|p2: Crooksieee|move: Stealth Rock
|
|-damage|p1a: Landorus|71/100 brn|[from] brn
|upkeep
|turn|17
|
|t:|1759032305
|move|p1a: Landorus|U-turn|p2a: Samurott
|-supereffective|p2a: Samurott
|-damage|p2a: Samurott|22/100
|
|t:|1759032312
|switch|p1a: Great Tusk|Great Tusk|11/100|[from] U-turn
|move|p2a: Samurott|Ceaseless Edge|p1a: Great Tusk
|-resisted|p1a: Great Tusk
|-damage|p1a: Great Tusk|0 fnt
|-damage|p2a: Samurott|6/100|[from] item: Rocky Helmet|[of] p1a: Great Tusk
|-sidestart|p1: Playing Foul|Spikes
|faint|p1a: Great Tusk
|-end|p1a: Great Tusk|Protosynthesis|[silent]
|
|upkeep
|
|t:|1759032318
|switch|p1a: Iron Crown|Iron Crown|23/100
|-damage|p1a: Iron Crown|10/100|[from] Spikes
|turn|18
|
|t:|1759032325
|move|p2a: Samurott|Sucker Punch|p1a: Iron Crown
|-supereffective|p1a: Iron Crown
|-damage|p1a: Iron Crown|0 fnt
|faint|p1a: Iron Crown
|-end|p1a: Iron Crown|Quark Drive|[silent]
|
|upkeep
|
|t:|1759032328
|switch|p1a: Landorus|Landorus-Therian, M|71/100 brn
|-ability|p1a: Landorus|Intimidate|boost
|-unboost|p2a: Samurott|atk|1
|turn|19
|
|t:|1759032333
|move|p2a: Samurott|Sucker Punch||[still]
|-fail|p2a: Samurott
|move|p1a: Landorus|Stealth Rock||[still]
|-fail|p1a: Landorus
|
|-damage|p1a: Landorus|65/100 brn|[from] brn
|upkeep
|turn|20
|
|t:|1759032341
|-terastallize|p1a: Landorus|Ground
|move|p2a: Samurott|Sucker Punch|p1a: Landorus
|-damage|p1a: Landorus|39/100 brn
|move|p1a: Landorus|Earthquake|p2a: Samurott
|-damage|p2a: Samurott|0 fnt
|faint|p2a: Samurott
|
|-damage|p1a: Landorus|33/100 brn|[from] brn
|upkeep
|
|t:|1759032354
|switch|p2a: Dragapult|Dragapult, F|40/100
|-damage|p2a: Dragapult|28/100|[from] Stealth Rock
|turn|21
|
|t:|1759032358
|move|p2a: Dragapult|Hex|p1a: Landorus
|-damage|p1a: Landorus|0 fnt
|faint|p1a: Landorus
|
|win|Crooksieee
|raw|Playing Foul's rating: 1736 &rarr; <strong>1709</strong><br />(-27 for losing)
|raw|Crooksieee's rating: 1602 &rarr; <strong>1629</strong><br />(+27 for winning)
|l|☆Playing Foul
|player|p1|
|c|☆Crooksieee|Gg
|l|☆Crooksieee
|player|p2|
