|j|☆bluebrine
|j|☆digiwayne003
|t:|1759037716
|gametype|singles
|player|p1|bluebrine|tuber|1394
|player|p2|digiwayne003|beauty|1486
|gen|9
|tier|[Gen 9] OU
|rated|
|rule|HP Percentage Mod: HP is shown in percentages
|rule|Endless Battle Clause: Forcing endless battles is banned
|rule|Species Clause: Limit one of each Pokémon
|rule|OHKO Clause: OHKO moves are banned
|rule|Evasion Items Clause: Evasion items are banned
|rule|Evasion Moves Clause: Evasion moves are banned
|rule|Evasion Abilities Clause: Evasion abilities are banned
|rule|Sleep Moves Clause: Sleep-inducing moves are banned
|clearpoke
|poke|p1|Clefable, F|
|poke|p1|Magnezone|
|poke|p1|Pecharunt|
|poke|p1|Landorus-Therian, M|
|poke|p1|Meowscarada, F|
|poke|p1|Volcanion|
|poke|p2|Armarouge, F|
|poke|p2|Indeedee, M|
|poke|p2|Deoxys-Speed|
|poke|p2|Volcanion|
|poke|p2|Ting-Lu|
|poke|p2|Great Tusk|
|teampreview
|
|t:|1759037728
|teamsize|p1|6
|teamsize|p2|6
|start
|switch|p1a: Meowscarada|Meowscarada, F|100/100
|switch|p2a: Ting-Lu|Ting-Lu|100/100
|-ability|p2a: Ting-Lu|Vessel of Ruin
|turn|1
|inactive|Battle timer is ON: inactive players will automatically lose when time's up. (requested by digiwayne003)
|
|t:|1759037735
|move|p1a: Meowscarada|Triple Axel|p2a: Ting-Lu|[miss]
|-start|p1a: Meowscarada|typechange|Ice|[from] ability: Protean
|-miss|p1a: Meowscarada|p2a: Ting-Lu
|move|p2a: Ting-Lu|Stealth Rock|p1a: Meowscarada
|-sidestart|p1: bluebrine|move: Stealth Rock
|
|upkeep
|turn|2
|
|t:|1759037740
|move|p1a: Meowscarada|Triple Axel|p2a: Ting-Lu
|-supereffective|p2a: Ting-Lu
|-damage|p2a: Ting-Lu|91/100
|-supereffective|p2a: Ting-Lu
|-damage|p2a: Ting-Lu|72/100
|-supereffective|p2a: Ting-Lu
|-damage|p2a: Ting-Lu|43/100
|-hitcount|p2a: Ting-Lu|3
|move|p2a: Ting-Lu|Ruination|p1a: Meowscarada
|-damage|p1a: Meowscarada|51/100
|
|-heal|p2a: Ting-Lu|49/100|[from] item: Leftovers
|upkeep
|turn|3
|
|t:|1759037746
|move|p1a: Meowscarada|Triple Axel|p2a: Ting-Lu|[miss]
|-miss|p1a: Meowscarada|p2a: Ting-Lu
|move|p2a: Ting-Lu|Whirlwind|p1a: Meowscarada
|drag|p1a: Pecharunt|Pecharunt|100/100
|
|-heal|p2a: Ting-Lu|55/100|[from] item: Leftovers
|upkeep
|turn|4
|
|t:|1759037751
|move|p1a: Pecharunt|Parting Shot|p2a: Ting-Lu
|-unboost|p2a: Ting-Lu|atk|1
|-unboost|p2a: Ting-Lu|spa|1
|
|t:|1759037754
|switch|p1a: Meowscarada|Meowscarada, F|51/100|[from] Parting Shot
|move|p2a: Ting-Lu|Ruination|p1a: Meowscarada
|-damage|p1a: Meowscarada|26/100
|
|-heal|p2a: Ting-Lu|61/100|[from] item: Leftovers
|upkeep
|turn|5
|
|t:|1759037760
|move|p1a: Meowscarada|Flower Trick|p2a: Ting-Lu
|-start|p1a: Meowscarada|typechange|Grass|[from] ability: Protean
|-supereffective|p2a: Ting-Lu
|-crit|p2a: Ting-Lu
|-damage|p2a: Ting-Lu|13/100
|move|p2a: Ting-Lu|Earthquake|p1a: Meowscarada
|-resisted|p1a: Meowscarada
|-damage|p1a: Meowscarada|7/100
|
|-heal|p2a: Ting-Lu|19/100|[from] item: Leftovers
|upkeep
|turn|6
|
|t:|1759037768
|move|p1a: Meowscarada|Knock Off|p2a: Ting-Lu
|-resisted|p2a: Ting-Lu
|-damage|p2a: Ting-Lu|13/100
|-enditem|p2a: Ting-Lu|Leftovers|[from] move: Knock Off|[of] p1a: Meowscarada
|move|p2a: Ting-Lu|Ruination|p1a: Meowscarada|[miss]
|-miss|p2a: Ting-Lu|p1a: Meowscarada
|
|upkeep
|turn|7
|
|t:|1759037772
|move|p1a: Meowscarada|Flower Trick|p2a: Ting-Lu
|-supereffective|p2a: Ting-Lu
|-crit|p2a: Ting-Lu
|-damage|p2a: Ting-Lu|0 fnt
|faint|p2a: Ting-Lu
|
|upkeep
|
|t:|1759037775
|switch|p2a: Great Tusk|Great Tusk|100/100
|-enditem|p2a: Great Tusk|Booster Energy
|-activate|p2a: Great Tusk|ability: Protosynthesis|[fromitem]
|-start|p2a: Great Tusk|protosynthesisspe
|turn|8
|
|t:|1759037781
|switch|p1a: Landorus|Landorus-Therian, M|100/100
|-damage|p1a: Landorus|88/100|[from] Stealth Rock
|-ability|p1a: Landorus|Intimidate|boost
|-unboost|p2a: Great Tusk|atk|1
|move|p2a: Great Tusk|Ice Spinner|p1a: Landorus
|-supereffective|p1a: Landorus
|-damage|p1a: Landorus|17/100
|
|-heal|p1a: Landorus|23/100|[from] item: Leftovers
|upkeep
|turn|9
|
|t:|1759037786
|switch|p1a: Pecharunt|Pecharunt|100/100
|move|p2a: Great Tusk|Bulk Up|p2a: Great Tusk
|-boost|p2a: Great Tusk|atk|1
|-boost|p2a: Great Tusk|def|1
|
|upkeep
|turn|10
|
|t:|1759037790
|move|p2a: Great Tusk|Headlong Rush|p1a: Pecharunt
|-supereffective|p1a: Pecharunt
|-damage|p1a: Pecharunt|51/100
|-unboost|p2a: Great Tusk|def|1
|-unboost|p2a: Great Tusk|spd|1
|move|p1a: Pecharunt|Malignant Chain|p2a: Great Tusk
|-resisted|p2a: Great Tusk
|-damage|p2a: Great Tusk|75/100
|
|upkeep
|turn|11
|
|t:|1759037799
|-end|p2a: Great Tusk|Protosynthesis|[silent]
|switch|p2a: Indeedee|Indeedee, M|100/100
|-fieldstart|move: Psychic Terrain|[from] ability: Psychic Surge|[of] p2a: Indeedee
|move|p1a: Pecharunt|Recover|p1a: Pecharunt
|-heal|p1a: Pecharunt|100/100
|
|upkeep
|turn|12
|
|t:|1759037809
|move|p2a: Indeedee|Shadow Ball|p1a: Pecharunt
|-supereffective|p1a: Pecharunt
|-damage|p1a: Pecharunt|56/100
|move|p1a: Pecharunt|Parting Shot|p2a: Indeedee
|-unboost|p2a: Indeedee|atk|1
|-unboost|p2a: Indeedee|spa|1
|
|t:|1759037815
|switch|p1a: Meowscarada|Meowscarada, F|7/100|[from] Parting Shot
|
|upkeep
|turn|13
|
|t:|1759037829
|switch|p2a: Great Tusk|Great Tusk|75/100
|move|p1a: Meowscarada|Triple Axel|p2a: Great Tusk
|-start|p1a: Meowscarada|typechange|Ice|[from] ability: Protean
|-supereffective|p2a: Great Tusk
|-damage|p2a: Great Tusk|61/100
|-supereffective|p2a: Great Tusk
|-damage|p2a: Great Tusk|38/100
|-supereffective|p2a: Great Tusk
|-damage|p2a: Great Tusk|0 fnt
|faint|p2a: Great Tusk
|-end|p2a: Great Tusk|Protosynthesis|[silent]
|-hitcount|p2: Great Tusk|3
|
|upkeep
|
|t:|1759037839
|switch|p2a: Deoxys|Deoxys-Speed|100/100
|-ability|p2a: Deoxys|Pressure
|turn|14
|
|t:|1759037845
|switch|p1a: Magnezone|Magnezone|100/100
|-damage|p1a: Magnezone|94/100|[from] Stealth Rock
|move|p2a: Deoxys|Nasty Plot|p2a: Deoxys
|-boost|p2a: Deoxys|spa|2
|
|-heal|p1a: Magnezone|100/100|[from] item: Leftovers
|upkeep
|turn|15
|
|t:|1759037866
|-terastallize|p2a: Deoxys|Electric
|-terastallize|p1a: Magnezone|Ghost
|move|p2a: Deoxys|Nasty Plot|p2a: Deoxys
|-boost|p2a: Deoxys|spa|2
|move|p1a: Magnezone|Thunderbolt|p2a: Deoxys
|-resisted|p2a: Deoxys
|-damage|p2a: Deoxys|61/100
|
|upkeep
|turn|16
|
|t:|1759037875
|switch|p1a: Meowscarada|Meowscarada, F|7/100
|move|p2a: Deoxys|Psyshock|p1a: Meowscarada
|-immune|p1a: Meowscarada
|
|upkeep
|turn|17
|
|t:|1759037882
|switch|p1a: Landorus|Landorus-Therian, M|23/100
|-damage|p1a: Landorus|11/100|[from] Stealth Rock
|-ability|p1a: Landorus|Intimidate|boost
|-unboost|p2a: Deoxys|atk|1
|move|p2a: Deoxys|Ice Beam|p1a: Landorus
|-supereffective|p1a: Landorus
|-crit|p1a: Landorus
|-damage|p1a: Landorus|0 fnt
|faint|p1a: Landorus
|
|upkeep
|
|t:|1759037889
|switch|p1a: Clefable|Clefable, F|100/100
|turn|18
|
|t:|1759037892
|move|p2a: Deoxys|Psyshock|p1a: Clefable
|-damage|p1a: Clefable|0 fnt
|faint|p1a: Clefable
|
|-fieldend|move: Psychic Terrain
|upkeep
|
|t:|1759037897
|switch|p1a: Meowscarada|Meowscarada, F|7/100
|turn|19
|
|t:|1759037902
|move|p2a: Deoxys|Ice Beam|p1a: Meowscarada
|-supereffective|p1a: Meowscarada
|-damage|p1a: Meowscarada|0 fnt
|faint|p1a: Meowscarada
|
|upkeep
|-message|bluebrine forfeited.
|
|win|digiwayne003
|raw|bluebrine's rating: 1394 &rarr; <strong>1379</strong><br />(-15 for losing)
|raw|digiwayne003's rating: 1486 &rarr; <strong>1501</strong><br />(+15 for winning)
|l|☆bluebrine
|player|p1|
