|j|☆XinFeng
|j|☆Shibuya Arc
|t:|1758955317
|gametype|singles
|player|p1|XinFeng|bellelba|1557
|player|p2|Shibuya Arc|265|1577
|gen|9
|tier|[Gen 9] OU
|rated|
|rule|HP Percentage Mod: HP is shown in percentages
|rule|Endless Battle Clause: Forcing endless battles is banned
|rule|Species Clause: Limit one of each Pokémon
|rule|OHKO Clause: OHKO moves are banned
|rule|Evasion Items Clause: Evasion items are banned
|rule|Evasion Moves Clause: Evasion moves are banned
|rule|Evasion Abilities Clause: Evasion abilities are banned
|rule|Sleep Moves Clause: Sleep-inducing moves are banned
|clearpoke
|poke|p1|Charizard, M|
|poke|p1|Torkoal, F|
|poke|p1|Walking Wake|
|poke|p1|Lilligant-Hisui, F|
|poke|p1|Hatterene, F|
|poke|p1|Great Tusk|
|poke|p2|Dragapult, F|
|poke|p2|Dragonite, F|
|poke|p2|Ting-Lu|
|poke|p2|Weezing-Galar, F|
|poke|p2|Iron Crown|
|poke|p2|Zapdos|
|teampreview
|inactive|Battle timer is ON: inactive players will automatically lose when time's up. (requested by Shibuya Arc)
|
|t:|1758955335
|teamsize|p1|6
|teamsize|p2|6
|start
|switch|p1a: Torkoal|Torkoal, F, shiny|100/100
|switch|p2a: Ting-Lu|Ting-Lu|100/100
|-ability|p2a: Ting-Lu|Vessel of Ruin
|-weather|SunnyDay|[from] ability: Drought|[of] p1a: Torkoal
|turn|1
|
|t:|1758955342
|switch|p1a: Hatterene|Hatterene, F|100/100
|move|p2a: Ting-Lu|Ruination|p1a: Hatterene
|-damage|p1a: Hatterene|50/100
|-enditem|p1a: Hatterene|Eject Button
|
|t:|1758955348
|switch|p1a: Lilligant|Lilligant-Hisui, F, shiny|100/100
|
|-weather|SunnyDay|[upkeep]
|upkeep
|turn|2
|
|t:|1758955355
|move|p1a: Lilligant|Solar Blade||[still]
|-prepare|p1a: Lilligant|Solar Blade
|-anim|p1a: Lilligant|Solar Blade|p2a: Ting-Lu
|-supereffective|p2a: Ting-Lu
|-damage|p2a: Ting-Lu|12/100
|-damage|p1a: Lilligant|91/100|[from] item: Life Orb
|move|p2a: Ting-Lu|Stealth Rock|p1a: Lilligant
|-sidestart|p1: XinFeng|move: Stealth Rock
|
|-weather|SunnyDay|[upkeep]
|-heal|p2a: Ting-Lu|18/100|[from] item: Leftovers
|upkeep
|turn|3
|
|t:|1758955375
|switch|p2a: Weezing|Weezing-Galar, F|100/100
|-ability|p2a: Weezing|Neutralizing Gas
|move|p1a: Lilligant|Triple Axel|p2a: Weezing
|-damage|p2a: Weezing|95/100
|-damage|p2a: Weezing|83/100
|-hitcount|p2a: Weezing|2
|-damage|p1a: Lilligant|81/100|[from] item: Life Orb
|
|-weather|SunnyDay|[upkeep]
|upkeep
|turn|4
|
|t:|1758955382
|switch|p1a: Great Tusk|Great Tusk, shiny|100/100
|-damage|p1a: Great Tusk|98/100|[from] Stealth Rock
|move|p2a: Weezing|Toxic Spikes|p1a: Great Tusk
|-sidestart|p1: XinFeng|move: Toxic Spikes
|
|-weather|SunnyDay|[upkeep]
|upkeep
|turn|5
|
|t:|1758955394
|-terastallize|p1a: Great Tusk|Steel
|-terastallize|p2a: Weezing|Ghost
|move|p1a: Great Tusk|Rapid Spin|p2a: Weezing
|-immune|p2a: Weezing
|move|p2a: Weezing|Will-O-Wisp|p1a: Great Tusk|[miss]
|-miss|p2a: Weezing|p1a: Great Tusk
|
|-weather|SunnyDay|[upkeep]
|upkeep
|turn|6
|
|t:|1758955401
|move|p1a: Great Tusk|Knock Off|p2a: Weezing
|-supereffective|p2a: Weezing
|-damage|p2a: Weezing|39/100
|-enditem|p2a: Weezing|Heavy-Duty Boots|[from] move: Knock Off|[of] p1a: Great Tusk
|move|p2a: Weezing|Will-O-Wisp|p1a: Great Tusk
|-status|p1a: Great Tusk|brn
|
|-weather|SunnyDay|[upkeep]
|-damage|p1a: Great Tusk|91/100 brn|[from] brn
|upkeep
|turn|7
|
|t:|1758955409
|move|p1a: Great Tusk|Headlong Rush|p2a: Weezing
|-damage|p2a: Weezing|18/100
|-unboost|p1a: Great Tusk|def|1
|-unboost|p1a: Great Tusk|spd|1
|-enditem|p1a: Great Tusk|Eject Pack
|
|t:|1758955413
|-end|p1a: Great Tusk|Protosynthesis|[silent]
|switch|p1a: Hatterene|Hatterene, F|50/100
|-damage|p1a: Hatterene|38/100|[from] Stealth Rock
|-status|p1a: Hatterene|psn
|move|p2a: Weezing|Pain Split|p1a: Hatterene
|-sethp|p1a: Hatterene|29/100 psn|[from] move: Pain Split|[silent]
|-sethp|p2a: Weezing|27/100|[from] move: Pain Split
|
|-weather|SunnyDay|[upkeep]
|-damage|p1a: Hatterene|17/100 psn|[from] psn
|upkeep
|turn|8
|
|t:|1758955420
|-end|p2a: Weezing|ability: Neutralizing Gas
|switch|p2a: Dragapult|Dragapult, F|100/100
|move|p1a: Hatterene|Healing Wish|p1a: Hatterene
|faint|p1a: Hatterene
|
|-weather|none
|upkeep
|
|t:|1758955430
|switch|p1a: Great Tusk|Great Tusk, shiny, tera:Steel|91/100 brn
|-heal|p1a: Great Tusk|100/100|[from] move: Healing Wish
|-damage|p1a: Great Tusk|94/100|[from] Stealth Rock
|turn|9
|
|t:|1758955437
|move|p2a: Dragapult|Hex|p1a: Great Tusk
|-damage|p1a: Great Tusk|55/100
|move|p1a: Great Tusk|Knock Off|p2a: Dragapult
|-supereffective|p2a: Dragapult
|-damage|p2a: Dragapult|11/100
|-enditem|p2a: Dragapult|Heavy-Duty Boots|[from] move: Knock Off|[of] p1a: Great Tusk
|
|upkeep
|turn|10
|
|t:|1758955445
|move|p2a: Dragapult|Hex|p1a: Great Tusk
|-damage|p1a: Great Tusk|15/100
|move|p1a: Great Tusk|Knock Off|p2a: Dragapult
|-supereffective|p2a: Dragapult
|-damage|p2a: Dragapult|0 fnt
|-start|p1a: Great Tusk|Disable|Knock Off|[from] ability: Cursed Body|[of] p2a: Dragapult
|faint|p2a: Dragapult
|
|upkeep
|
|t:|1758955453
|switch|p2a: Iron Crown|Iron Crown|100/100
|turn|11
|
|t:|1758955462
|move|p2a: Iron Crown|Volt Switch|p1a: Great Tusk
|-damage|p1a: Great Tusk|0 fnt
|faint|p1a: Great Tusk
|-end|p1a: Great Tusk|Protosynthesis|[silent]
|
|t:|1758955470
|-end|p2a: Iron Crown|Quark Drive|[silent]
|switch|p2a: Dragonite|Dragonite, F|100/100|[from] Volt Switch
|
|upkeep
|
|t:|1758955483
|switch|p1a: Lilligant|Lilligant-Hisui, F, shiny|81/100
|-damage|p1a: Lilligant|75/100|[from] Stealth Rock
|-status|p1a: Lilligant|psn
|turn|12
|
|t:|1758955489
|switch|p2a: Iron Crown|Iron Crown|100/100
|move|p1a: Lilligant|Triple Axel|p2a: Iron Crown|[miss]
|-miss|p1a: Lilligant|p2a: Iron Crown
|
|-damage|p1a: Lilligant|62/100 psn|[from] psn
|upkeep
|turn|13
|
|t:|1758955497
|move|p2a: Iron Crown|Psyshock|p1a: Lilligant
|-supereffective|p1a: Lilligant
|-damage|p1a: Lilligant|0 fnt
|faint|p1a: Lilligant
|
|upkeep
|
|t:|1758955499
|switch|p1a: Torkoal|Torkoal, F, shiny|100/100
|-damage|p1a: Torkoal|75/100|[from] Stealth Rock
|-status|p1a: Torkoal|psn
|-weather|SunnyDay|[from] ability: Drought|[of] p1a: Torkoal
|turn|14
|
|t:|1758955506
|move|p2a: Iron Crown|Psyshock|p1a: Torkoal
|-damage|p1a: Torkoal|33/100 psn
|move|p1a: Torkoal|Rapid Spin|p2a: Iron Crown
|-resisted|p2a: Iron Crown
|-damage|p2a: Iron Crown|96/100
|-boost|p1a: Torkoal|spe|1
|-sideend|p1: XinFeng|Toxic Spikes|[from] move: Rapid Spin|[of] p1a: Torkoal
|-sideend|p1: XinFeng|Stealth Rock|[from] move: Rapid Spin|[of] p1a: Torkoal
|
|-weather|SunnyDay|[upkeep]
|-damage|p1a: Torkoal|20/100 psn|[from] psn
|upkeep
|turn|15
|
|t:|1758955520
|-end|p2a: Iron Crown|Quark Drive|[silent]
|switch|p2a: Ting-Lu|Ting-Lu|18/100
|-ability|p2a: Ting-Lu|Vessel of Ruin
|switch|p1a: Charizard|Charizard, M|100/100
|
|-weather|SunnyDay|[upkeep]
|-damage|p1a: Charizard|88/100|[from] ability: Solar Power|[of] p1a: Charizard
|-heal|p2a: Ting-Lu|24/100|[from] item: Leftovers
|upkeep
|turn|16
|
|t:|1758955526
|move|p1a: Charizard|Flamethrower|p2a: Ting-Lu
|-damage|p2a: Ting-Lu|0 fnt
|faint|p2a: Ting-Lu
|
|-weather|SunnyDay|[upkeep]
|-damage|p1a: Charizard|76/100|[from] ability: Solar Power|[of] p1a: Charizard
|upkeep
|
|t:|1758955535
|switch|p2a: Dragonite|Dragonite, F|100/100
|turn|17
|
|t:|1758955542
|move|p1a: Charizard|Flamethrower|p2a: Dragonite
|-resisted|p2a: Dragonite
|-damage|p2a: Dragonite|68/100
|move|p2a: Dragonite|Dragon Dance|p2a: Dragonite
|-boost|p2a: Dragonite|atk|1
|-boost|p2a: Dragonite|spe|1
|
|-weather|SunnyDay|[upkeep]
|-damage|p1a: Charizard|63/100|[from] ability: Solar Power|[of] p1a: Charizard
|upkeep
|turn|18
|
|t:|1758955551
|move|p2a: Dragonite|Roost|p2a: Dragonite
|-heal|p2a: Dragonite|100/100
|-singleturn|p2a: Dragonite|move: Roost
|move|p1a: Charizard|Flamethrower|p2a: Dragonite
|-resisted|p2a: Dragonite
|-damage|p2a: Dragonite|68/100
|
|-weather|SunnyDay|[upkeep]
|-damage|p1a: Charizard|51/100|[from] ability: Solar Power|[of] p1a: Charizard
|upkeep
|turn|19
|
|t:|1758955557
|move|p2a: Dragonite|Extreme Speed|p1a: Charizard
|-damage|p1a: Charizard|0 fnt
|faint|p1a: Charizard
|
|-weather|SunnyDay|[upkeep]
|upkeep
|
|t:|1758955561
|switch|p1a: Walking Wake|Walking Wake|100/100
|-activate|p1a: Walking Wake|ability: Protosynthesis
|-start|p1a: Walking Wake|protosynthesisspe
|turn|20
|
|t:|1758955568
|move|p2a: Dragonite|Extreme Speed|p1a: Walking Wake
|-damage|p1a: Walking Wake|47/100
|move|p1a: Walking Wake|Hydro Steam|p2a: Dragonite
|-resisted|p2a: Dragonite
|-damage|p2a: Dragonite|27/100
|
|-weather|SunnyDay|[upkeep]
|upkeep
|turn|21
|-message|XinFeng forfeited.
|
|win|Shibuya Arc
|raw|XinFeng's rating: 1557 &rarr; <strong>1538</strong><br />(-19 for losing)
|raw|Shibuya Arc's rating: 1577 &rarr; <strong>1596</strong><br />(+19 for winning)
|l|☆XinFeng
|player|p1|
|l|☆Shibuya Arc
|player|p2|
