|j|☆pokefanfdj
|j|☆Faisha7
|t:|1758947519
|gametype|singles
|player|p1|pokefanfdj|102|1289
|player|p2|Faisha7|youngster-gen4dp|1306
|gen|9
|tier|[Gen 9] OU
|rated|
|rule|HP Percentage Mod: HP is shown in percentages
|rule|Endless Battle Clause: Forcing endless battles is banned
|rule|Species Clause: Limit one of each Pokémon
|rule|OHKO Clause: OHKO moves are banned
|rule|Evasion Items Clause: Evasion items are banned
|rule|Evasion Moves Clause: Evasion moves are banned
|rule|Evasion Abilities Clause: Evasion abilities are banned
|rule|Sleep Moves Clause: Sleep-inducing moves are banned
|clearpoke
|poke|p1|Kleavor, F|
|poke|p1|Brambleghast, M|
|poke|p1|Moltres|
|poke|p1|Kingambit, F|
|poke|p1|Blissey, F|
|poke|p1|Lokix, M|
|poke|p2|Torkoal, F|
|poke|p2|Walking Wake|
|poke|p2|Great Tusk|
|poke|p2|Ceruledge, M|
|poke|p2|Hatterene, F|
|poke|p2|Corviknight, M|
|teampreview
|inactive|Battle timer is ON: inactive players will automatically lose when time's up. (requested by pokefanfdj)
|
|t:|1758947522
|teamsize|p1|6
|teamsize|p2|6
|start
|switch|p1a: Kleavor|Kleavor, F|100/100
|switch|p2a: Great Tusk|Great Tusk|100/100
|turn|1
|
|t:|1758947527
|move|p1a: Kleavor|Tailwind|p1a: Kleavor
|-sidestart|p1: pokefanfdj|move: Tailwind
|move|p2a: Great Tusk|Rapid Spin|p1a: Kleavor
|-resisted|p1a: Kleavor
|-damage|p1a: Kleavor|89/100
|-boost|p2a: Great Tusk|spe|1
|
|upkeep
|turn|2
|
|t:|1758947531
|move|p1a: Kleavor|Aerial Ace|p2a: Great Tusk
|-supereffective|p2a: Great Tusk
|-damage|p2a: Great Tusk|59/100
|move|p2a: Great Tusk|Rapid Spin|p1a: Kleavor
|-resisted|p1a: Kleavor
|-damage|p1a: Kleavor|78/100
|-boost|p2a: Great Tusk|spe|1
|
|upkeep
|turn|3
|
|t:|1758947537
|move|p1a: Kleavor|Aerial Ace|p2a: Great Tusk
|-supereffective|p2a: Great Tusk
|-damage|p2a: Great Tusk|12/100
|move|p2a: Great Tusk|Close Combat|p1a: Kleavor
|-damage|p1a: Kleavor|0 fnt
|-unboost|p2a: Great Tusk|def|1
|-unboost|p2a: Great Tusk|spd|1
|faint|p1a: Kleavor
|
|upkeep
|
|t:|1758947542
|switch|p1a: Brambleghast|Brambleghast, M|100/100
|-ability|p1a: Brambleghast|Wind Rider|boost
|-boost|p1a: Brambleghast|atk|1
|turn|4
|
|t:|1758947545
|-end|p2a: Great Tusk|Protosynthesis|[silent]
|switch|p2a: Corviknight|Corviknight, M|100/100
|-ability|p2a: Corviknight|Pressure
|move|p1a: Brambleghast|Rapid Spin|p2a: Corviknight
|-resisted|p2a: Corviknight
|-damage|p2a: Corviknight|88/100
|-boost|p1a: Brambleghast|spe|1
|-damage|p1a: Brambleghast|91/100|[from] item: Life Orb
|
|-sideend|p1: pokefanfdj|move: Tailwind
|upkeep
|turn|5
|
|t:|1758947556
|switch|p1a: Moltres|Moltres|100/100
|move|p2a: Corviknight|U-turn|p1a: Moltres
|-resisted|p1a: Moltres
|-damage|p1a: Moltres|97/100
|-status|p2a: Corviknight|brn|[from] ability: Flame Body|[of] p1a: Moltres
|
|t:|1758947559
|switch|p2a: Walking Wake|Walking Wake|100/100|[from] U-turn
|
|upkeep
|turn|6
|
|t:|1758947564
|-end|p2a: Walking Wake|Protosynthesis|[silent]
|switch|p2a: Ceruledge|Ceruledge, M|100/100
|switch|p1a: Blissey|Blissey, F|100/100
|
|upkeep
|turn|7
|
|t:|1758947568
|move|p2a: Ceruledge|Swords Dance|p2a: Ceruledge
|-boost|p2a: Ceruledge|atk|2
|move|p1a: Blissey|Thunder Wave|p2a: Ceruledge
|-status|p2a: Ceruledge|par
|
|upkeep
|turn|8
|
|t:|1758947571
|switch|p1a: Moltres|Moltres|97/100
|move|p2a: Ceruledge|Bitter Blade|p1a: Moltres
|-resisted|p1a: Moltres
|-damage|p1a: Moltres|49/100
|
|upkeep
|turn|9
|
|t:|1758947578
|move|p1a: Moltres|Roost|p1a: Moltres
|-heal|p1a: Moltres|99/100
|-singleturn|p1a: Moltres|move: Roost
|cant|p2a: Ceruledge|par
|
|upkeep
|turn|10
|
|t:|1758947585
|move|p1a: Moltres|Tailwind|p1a: Moltres
|-sidestart|p1: pokefanfdj|move: Tailwind
|move|p2a: Ceruledge|Bitter Blade|p1a: Moltres
|-resisted|p1a: Moltres
|-damage|p1a: Moltres|53/100
|
|upkeep
|turn|11
|
|t:|1758947588
|move|p1a: Moltres|Air Slash|p2a: Ceruledge
|-damage|p2a: Ceruledge|52/100 par
|cant|p2a: Ceruledge|flinch
|
|upkeep
|turn|12
|
|t:|1758947592
|move|p1a: Moltres|Air Slash|p2a: Ceruledge
|-damage|p2a: Ceruledge|7/100 par
|move|p2a: Ceruledge|Bitter Blade|p1a: Moltres
|-resisted|p1a: Moltres
|-damage|p1a: Moltres|2/100
|-heal|p2a: Ceruledge|40/100 par|[from] drain|[of] p1a: Moltres
|
|upkeep
|turn|13
|
|t:|1758947595
|move|p2a: Ceruledge|Shadow Sneak|p1a: Moltres
|-damage|p1a: Moltres|0 fnt
|faint|p1a: Moltres
|
|-sideend|p1: pokefanfdj|move: Tailwind
|upkeep
|
|t:|1758947598
|switch|p1a: Brambleghast|Brambleghast, M|91/100
|turn|14
|
|t:|1758947602
|move|p2a: Ceruledge|Shadow Sneak|p1a: Brambleghast
|-supereffective|p1a: Brambleghast
|-damage|p1a: Brambleghast|0 fnt
|faint|p1a: Brambleghast
|
|upkeep
|
|t:|1758947605
|switch|p1a: Lokix|Lokix, M|100/100
|turn|15
|
|t:|1758947611
|switch|p2a: Torkoal|Torkoal, F|100/100
|-weather|SunnyDay|[from] ability: Drought|[of] p2a: Torkoal
|move|p1a: Lokix|First Impression|p2a: Torkoal
|-resisted|p2a: Torkoal
|-damage|p2a: Torkoal|66/100
|
|-weather|SunnyDay|[upkeep]
|upkeep
|turn|16
|
|t:|1758947622
|switch|p1a: Kingambit|Kingambit, F|100/100
|-activate|p1a: Kingambit|ability: Supreme Overlord
|-start|p1a: Kingambit|fallen3|[silent]
|move|p2a: Torkoal|Will-O-Wisp|p1a: Kingambit|[miss]
|-miss|p2a: Torkoal|p1a: Kingambit
|
|-weather|SunnyDay|[upkeep]
|upkeep
|turn|17
|
|t:|1758947629
|move|p1a: Kingambit|Low Kick|p2a: Torkoal
|-damage|p2a: Torkoal|45/100
|move|p2a: Torkoal|Lava Plume|p1a: Kingambit
|-supereffective|p1a: Kingambit
|-damage|p1a: Kingambit|20/100
|
|-weather|SunnyDay|[upkeep]
|upkeep
|turn|18
|
|t:|1758947632
|move|p1a: Kingambit|Kowtow Cleave|p2a: Torkoal
|-damage|p2a: Torkoal|3/100
|move|p2a: Torkoal|Lava Plume|p1a: Kingambit
|-supereffective|p1a: Kingambit
|-damage|p1a: Kingambit|0 fnt
|faint|p1a: Kingambit
|-end|p1a: Kingambit|fallen3|[silent]
|
|-weather|SunnyDay|[upkeep]
|upkeep
|
|t:|1758947636
|switch|p1a: Blissey|Blissey, F|100/100
|turn|19
|-message|pokefanfdj forfeited.
|
|win|Faisha7
|raw|pokefanfdj's rating: 1289 &rarr; <strong>1265</strong><br />(-24 for losing)
|raw|Faisha7's rating: 1306 &rarr; <strong>1325</strong><br />(+19 for winning)
|l|☆pokefanfdj
|player|p1|
|l|☆Faisha7
|player|p2|
