|j|☆dodino
|j|☆DDanMurp
|t:|1758940916
|gametype|singles
|player|p1|dodino|lucas|1245
|player|p2|DDanMurp|170|1292
|gen|9
|tier|[Gen 9] OU
|rated|
|rule|HP Percentage Mod: HP is shown in percentages
|rule|Endless Battle Clause: Forcing endless battles is banned
|rule|Species Clause: Limit one of each Pokémon
|rule|OHKO Clause: OHKO moves are banned
|rule|Evasion Items Clause: Evasion items are banned
|rule|Evasion Moves Clause: Evasion moves are banned
|rule|Evasion Abilities Clause: Evasion abilities are banned
|rule|Sleep Moves Clause: Sleep-inducing moves are banned
|clearpoke
|poke|p1|Charjabug, F|
|poke|p1|Reuniclus, F|
|poke|p1|Iron Moth|
|poke|p1|Araquanid, M|
|poke|p1|Glimmora, F|
|poke|p1|Dudunsparce-*, M|
|poke|p2|Thundurus, M|
|poke|p2|Iron Valiant|
|poke|p2|Iron Treads|
|poke|p2|Raging Bolt|
|poke|p2|Iron Hands|
|poke|p2|Iron Leaves|
|teampreview
|inactive|Battle timer is ON: inactive players will automatically lose when time's up. (requested by dodino)
|
|t:|1758940924
|teamsize|p1|6
|teamsize|p2|6
|start
|switch|p1a: 깨비물거미|Araquanid, M|100/100
|switch|p2a: Iron Treads|Iron Treads|100/100
|turn|1
|
|t:|1758940935
|-end|p2a: Iron Treads|Quark Drive|[silent]
|switch|p2a: HeHeHeHa!|Thundurus, M|100/100
|move|p1a: 깨비물거미|Liquidation|p2a: HeHeHeHa!
|-damage|p2a: HeHeHeHa!|0 fnt
|faint|p2a: HeHeHeHa!
|
|upkeep
|
|t:|1758940941
|switch|p2a: Raging Bolt|Raging Bolt|100/100
|turn|2
|
|t:|1758940945
|move|p2a: Raging Bolt|Thunderbolt|p1a: 깨비물거미
|-supereffective|p1a: 깨비물거미
|-damage|p1a: 깨비물거미|44/100
|move|p1a: 깨비물거미|Mirror Coat|p2a: Raging Bolt
|-damage|p2a: Raging Bolt|3/100
|
|upkeep
|turn|3
|
|t:|1758940952
|move|p2a: Raging Bolt|Thunderbolt|p1a: 깨비물거미
|-supereffective|p1a: 깨비물거미
|-damage|p1a: 깨비물거미|0 fnt
|faint|p1a: 깨비물거미
|
|upkeep
|
|t:|1758940960
|switch|p1a: 전지충이|Charjabug, F|100/100
|turn|4
|
|t:|1758940964
|move|p2a: Raging Bolt|Volt Switch|p1a: 전지충이
|-resisted|p1a: 전지충이
|-damage|p1a: 전지충이|87/100
|
|t:|1758940968
|-end|p2a: Raging Bolt|Protosynthesis|[silent]
|switch|p2a: Iron Treads|Iron Treads|100/100|[from] Volt Switch
|move|p1a: 전지충이|Sticky Web|p2a: Iron Treads
|-sidestart|p2: DDanMurp|move: Sticky Web
|
|upkeep
|turn|5
|
|t:|1758940974
|move|p2a: Iron Treads|Stealth Rock|p1a: 전지충이
|-sidestart|p1: dodino|move: Stealth Rock
|move|p1a: 전지충이|Lunge|p2a: Iron Treads
|-resisted|p2a: Iron Treads
|-damage|p2a: Iron Treads|92/100
|-unboost|p2a: Iron Treads|atk|1
|
|-heal|p2a: Iron Treads|98/100|[from] item: Leftovers
|upkeep
|turn|6
|
|t:|1758940984
|move|p2a: Iron Treads|Rapid Spin|p1a: 전지충이
|-damage|p1a: 전지충이|80/100
|-boost|p2a: Iron Treads|spe|1
|-sideend|p2: DDanMurp|Sticky Web|[from] move: Rapid Spin|[of] p2a: Iron Treads
|move|p1a: 전지충이|Lunge|p2a: Iron Treads
|-resisted|p2a: Iron Treads
|-damage|p2a: Iron Treads|90/100
|-unboost|p2a: Iron Treads|atk|1
|
|-heal|p2a: Iron Treads|96/100|[from] item: Leftovers
|upkeep
|turn|7
|
|t:|1758940995
|-end|p2a: Iron Treads|Quark Drive|[silent]
|switch|p2a: Iron Valiant|Iron Valiant|100/100
|move|p1a: 전지충이|Lunge|p2a: Iron Valiant
|-resisted|p2a: Iron Valiant
|-damage|p2a: Iron Valiant|94/100
|-unboost|p2a: Iron Valiant|atk|1
|
|upkeep
|turn|8
|
|t:|1758941004
|move|p2a: Iron Valiant|Moonblast|p1a: 전지충이
|-damage|p1a: 전지충이|35/100
|move|p1a: 전지충이|Thunder Wave|p2a: Iron Valiant
|-status|p2a: Iron Valiant|par
|
|upkeep
|turn|9
|
|t:|1758941012
|cant|p2a: Iron Valiant|par
|move|p1a: 전지충이|Eerie Impulse|p2a: Iron Valiant
|-unboost|p2a: Iron Valiant|spa|2
|
|upkeep
|turn|10
|
|t:|1758941022
|move|p2a: Iron Valiant|Moonblast|p1a: 전지충이
|-damage|p1a: 전지충이|12/100
|move|p1a: 전지충이|Eerie Impulse|p2a: Iron Valiant
|-unboost|p2a: Iron Valiant|spa|2
|
|upkeep
|turn|11
|
|t:|1758941035
|-end|p2a: Iron Valiant|Quark Drive|[silent]
|switch|p2a: Iron Leaves|Iron Leaves|100/100
|-enditem|p2a: Iron Leaves|Booster Energy
|-activate|p2a: Iron Leaves|ability: Quark Drive|[fromitem]
|-start|p2a: Iron Leaves|quarkdrivespe
|move|p1a: 전지충이|Sticky Web|p2a: Iron Leaves
|-sidestart|p2: DDanMurp|move: Sticky Web
|
|upkeep
|turn|12
|
|t:|1758941046
|-terastallize|p2a: Iron Leaves|Fairy
|move|p2a: Iron Leaves|Swords Dance|p2a: Iron Leaves
|-boost|p2a: Iron Leaves|atk|2
|move|p1a: 전지충이|Lunge|p2a: Iron Leaves
|-resisted|p2a: Iron Leaves
|-damage|p2a: Iron Leaves|88/100
|-unboost|p2a: Iron Leaves|atk|1
|
|upkeep
|turn|13
|
|t:|1758941056
|move|p2a: Iron Leaves|Psyblade|p1a: 전지충이
|-damage|p1a: 전지충이|0 fnt
|faint|p1a: 전지충이
|
|upkeep
|
|t:|1758941063
|switch|p1a: 무쇠독나방|Iron Moth|100/100
|-damage|p1a: 무쇠독나방|75/100|[from] Stealth Rock
|-enditem|p1a: 무쇠독나방|Booster Energy
|-activate|p1a: 무쇠독나방|ability: Quark Drive|[fromitem]
|-start|p1a: 무쇠독나방|quarkdrivespe
|turn|14
|
|t:|1758941070
|move|p1a: 무쇠독나방|Sludge Wave|p2a: Iron Leaves
|-supereffective|p2a: Iron Leaves
|-damage|p2a: Iron Leaves|7/100
|move|p2a: Iron Leaves|Psyblade|p1a: 무쇠독나방
|-supereffective|p1a: 무쇠독나방
|-damage|p1a: 무쇠독나방|0 fnt
|faint|p1a: 무쇠독나방
|-end|p1a: 무쇠독나방|Quark Drive|[silent]
|
|upkeep
|
|t:|1758941079
|switch|p1a: 킬라플로르|Glimmora, F|100/100
|turn|15
|
|t:|1758941086
|move|p2a: Iron Leaves|Psyblade|p1a: 킬라플로르
|-supereffective|p1a: 킬라플로르
|-damage|p1a: 킬라플로르|0 fnt
|-activate|p1a: 킬라플로르|ability: Toxic Debris
|-sidestart|p2: DDanMurp|move: Toxic Spikes
|faint|p1a: 킬라플로르
|
|upkeep
|
|t:|1758941092
|switch|p1a: 란쿨루스|Reuniclus, F|100/100
|turn|16
|
|t:|1758941097
|move|p2a: Iron Leaves|Leaf Blade|p1a: 란쿨루스
|-damage|p1a: 란쿨루스|55/100
|move|p1a: 란쿨루스|Trick|p2a: Iron Leaves
|-activate|p1a: 란쿨루스|move: Trick|[of] p2a: Iron Leaves
|-item|p2a: Iron Leaves|Flame Orb|[from] move: Trick
|-enditem|p1a: 란쿨루스|Flame Orb|[silent]|[from] move: Trick
|
|-status|p2a: Iron Leaves|brn|[from] item: Flame Orb
|upkeep
|turn|17
|
|t:|1758941106
|move|p2a: Iron Leaves|Leaf Blade|p1a: 란쿨루스
|-damage|p1a: 란쿨루스|34/100
|move|p1a: 란쿨루스|Recover|p1a: 란쿨루스
|-heal|p1a: 란쿨루스|84/100
|
|-damage|p2a: Iron Leaves|1/100 brn|[from] brn
|upkeep
|turn|18
|
|t:|1758941116
|-end|p2a: Iron Leaves|Quark Drive|[silent]
|switch|p2a: Iron Valiant|Iron Valiant|94/100 par
|-activate|p2a: Iron Valiant|move: Sticky Web
|-unboost|p2a: Iron Valiant|spe|1
|move|p1a: 란쿨루스|Calm Mind|p1a: 란쿨루스
|-boost|p1a: 란쿨루스|spa|1
|-boost|p1a: 란쿨루스|spd|1
|
|upkeep
|turn|19
|
|t:|1758941124
|cant|p2a: Iron Valiant|par
|move|p1a: 란쿨루스|Calm Mind|p1a: 란쿨루스
|-boost|p1a: 란쿨루스|spa|1
|-boost|p1a: 란쿨루스|spd|1
|
|upkeep
|turn|20
|
|t:|1758941130
|move|p2a: Iron Valiant|Trick|p1a: 란쿨루스
|-activate|p2a: Iron Valiant|move: Trick|[of] p1a: 란쿨루스
|-item|p1a: 란쿨루스|Choice Specs|[from] move: Trick
|-enditem|p2a: Iron Valiant|Choice Specs|[silent]|[from] move: Trick
|move|p1a: 란쿨루스|Recover|p1a: 란쿨루스
|-heal|p1a: 란쿨루스|100/100
|
|upkeep
|turn|21
|
|t:|1758941141
|-end|p2a: Iron Valiant|Quark Drive|[silent]
|switch|p2a: Iron Treads|Iron Treads|96/100
|-activate|p2a: Iron Treads|move: Sticky Web
|-unboost|p2a: Iron Treads|spe|1
|switch|p1a: 노고고치|Dudunsparce, M|100/100
|-damage|p1a: 노고고치|88/100|[from] Stealth Rock
|
|-heal|p2a: Iron Treads|100/100|[from] item: Leftovers
|upkeep
|turn|22
|
|t:|1758941152
|move|p2a: Iron Treads|Rapid Spin|p1a: 노고고치
|-damage|p1a: 노고고치|74/100
|-boost|p2a: Iron Treads|spe|1
|-sideend|p2: DDanMurp|Toxic Spikes|[from] move: Rapid Spin|[of] p2a: Iron Treads
|-sideend|p2: DDanMurp|Sticky Web|[from] move: Rapid Spin|[of] p2a: Iron Treads
|move|p1a: 노고고치|Agility|p1a: 노고고치
|-boost|p1a: 노고고치|spe|2
|
|upkeep
|turn|23
|
|t:|1758941168
|-end|p2a: Iron Treads|Quark Drive|[silent]
|switch|p2a: Iron Leaves|Iron Leaves, tera:Fairy|1/100 brn
|move|p1a: 노고고치|Earth Power|p2a: Iron Leaves
|-damage|p2a: Iron Leaves|0 fnt
|faint|p2a: Iron Leaves
|-end|p2a: Iron Leaves|Quark Drive|[silent]
|
|upkeep
|
|t:|1758941174
|switch|p2a: Iron Hands|Iron Hands|100/100
|turn|24
|
|t:|1758941180
|move|p1a: 노고고치|Boomburst|p2a: Iron Hands
|-damage|p2a: Iron Hands|33/100
|-enditem|p1a: 노고고치|Throat Spray
|-boost|p1a: 노고고치|spa|1|[from] item: Throat Spray
|move|p2a: Iron Hands|Drain Punch|p1a: 노고고치
|-supereffective|p1a: 노고고치
|-damage|p1a: 노고고치|0 fnt
|-heal|p2a: Iron Hands|70/100|[from] drain|[of] p1a: 노고고치
|faint|p1a: 노고고치
|
|upkeep
|
|t:|1758941191
|switch|p1a: 란쿨루스|Reuniclus, F|100/100
|turn|25
|
|t:|1758941213
|-end|p2a: Iron Hands|Quark Drive|[silent]
|switch|p2a: Iron Valiant|Iron Valiant|94/100 par
|move|p1a: 란쿨루스|Psychic Noise|p2a: Iron Valiant
|-supereffective|p2a: Iron Valiant
|-damage|p2a: Iron Valiant|0 fnt
|faint|p2a: Iron Valiant
|-end|p2a: Iron Valiant|Quark Drive|[silent]
|
|upkeep
|
|t:|1758941223
|switch|p2a: Iron Treads|Iron Treads|100/100
|turn|26
|
|t:|1758941227
|move|p2a: Iron Treads|Earthquake|p1a: 란쿨루스
|-damage|p1a: 란쿨루스|68/100
|move|p1a: 란쿨루스|Psychic Noise|p2a: Iron Treads
|-resisted|p2a: Iron Treads
|-damage|p2a: Iron Treads|70/100
|-start|p2a: Iron Treads|move: Heal Block
|
|upkeep
|turn|27
|
|t:|1758941235
|move|p2a: Iron Treads|Earthquake|p1a: 란쿨루스
|-damage|p1a: 란쿨루스|36/100
|move|p1a: 란쿨루스|Psychic Noise|p2a: Iron Treads
|-resisted|p2a: Iron Treads
|-damage|p2a: Iron Treads|38/100
|
|-end|p2a: Iron Treads|move: Heal Block
|upkeep
|turn|28
|
|t:|1758941244
|move|p2a: Iron Treads|Iron Head|p1a: 란쿨루스
|-damage|p1a: 란쿨루스|8/100
|cant|p1a: 란쿨루스|flinch
|
|-heal|p2a: Iron Treads|44/100|[from] item: Leftovers
|upkeep
|turn|29
|
|t:|1758941255
|move|p2a: Iron Treads|Iron Head|p1a: 란쿨루스
|-damage|p1a: 란쿨루스|0 fnt
|faint|p1a: 란쿨루스
|
|win|DDanMurp
|raw|dodino's rating: 1245 &rarr; <strong>1223</strong><br />(-22 for losing)
|raw|DDanMurp's rating: 1292 &rarr; <strong>1314</strong><br />(+22 for winning)
|l|☆dodino
|player|p1|
|l|☆DDanMurp
|player|p2|
