|j|☆youpie
|j|☆zIsak
|t:|1759067112
|gametype|singles
|player|p1|youpie|266|1177
|player|p2|zIsak|barry|1216
|gen|9
|tier|[Gen 9] OU
|rated|
|rule|HP Percentage Mod: HP is shown in percentages
|rule|Endless Battle Clause: Forcing endless battles is banned
|rule|Species Clause: Limit one of each Pokémon
|rule|OHKO Clause: OHKO moves are banned
|rule|Evasion Items Clause: Evasion items are banned
|rule|Evasion Moves Clause: Evasion moves are banned
|rule|Evasion Abilities Clause: Evasion abilities are banned
|rule|Sleep Moves Clause: Sleep-inducing moves are banned
|clearpoke
|poke|p1|Dragapult, M|
|poke|p1|Samurott-Hisui, M|
|poke|p1|Ceruledge, M|
|poke|p1|Hatterene, F|
|poke|p1|Iron Treads|
|poke|p1|Meowscarada, F|
|poke|p2|Electrode-Hisui|
|poke|p2|Araquanid, M|
|poke|p2|Corviknight, F|
|poke|p2|Cinderace, F|
|poke|p2|Hydrapple, F|
|poke|p2|Flamigo, F|
|teampreview
|inactive|Battle timer is ON: inactive players will automatically lose when time's up. (requested by zIsak)
|
|t:|1759067119
|teamsize|p1|6
|teamsize|p2|6
|start
|switch|p1a: Samurott|Samurott-Hisui, M|100/100
|switch|p2a: Araquanid|Araquanid, M|100/100
|turn|1
|
|t:|1759067124
|switch|p1a: Hatterene|Hatterene, F|100/100
|move|p2a: Araquanid|Leech Life|p1a: Hatterene
|-damage|p1a: Hatterene|75/100
|-enditem|p1a: Hatterene|Eject Button
|
|t:|1759067131
|switch|p1a: Dragapult|Dragapult, M|100/100
|
|upkeep
|turn|2
|
|t:|1759067156
|move|p1a: Dragapult|U-turn|p2a: Araquanid
|-damage|p2a: Araquanid|63/100
|
|t:|1759067159
|switch|p1a: Hatterene|Hatterene, F|75/100|[from] U-turn
|move|p2a: Araquanid|Mirror Coat||[still]
|-fail|p2a: Araquanid
|
|-heal|p2a: Araquanid|69/100|[from] item: Leftovers
|upkeep
|turn|3
|
|t:|1759067166
|move|p2a: Araquanid|Liquidation|p1a: Hatterene
|-damage|p1a: Hatterene|25/100
|move|p1a: Hatterene|Nuzzle|p2a: Araquanid
|-supereffective|p2a: Araquanid
|-damage|p2a: Araquanid|61/100
|-status|p2a: Araquanid|par
|
|-heal|p2a: Araquanid|67/100 par|[from] item: Leftovers
|upkeep
|turn|4
|
|t:|1759067178
|move|p1a: Hatterene|Healing Wish|p1a: Hatterene
|faint|p1a: Hatterene
|cant|p2a: Araquanid|par
|
|-heal|p2a: Araquanid|73/100 par|[from] item: Leftovers
|upkeep
|
|t:|1759067184
|switch|p1a: Dragapult|Dragapult, M|100/100
|turn|5
|
|t:|1759067191
|switch|p2a: Corviknight|Corviknight, F|100/100
|-terastallize|p1a: Dragapult|Ghost
|move|p1a: Dragapult|Tera Blast|p2a: Corviknight|[anim] Tera Blast Ghost
|-damage|p2a: Corviknight|50/100
|
|upkeep
|turn|6
|
|t:|1759067205
|move|p1a: Dragapult|Tera Blast|p2a: Corviknight|[anim] Tera Blast Ghost
|-damage|p2a: Corviknight|2/100
|move|p2a: Corviknight|U-turn|p1a: Dragapult
|-resisted|p1a: Dragapult
|-damage|p1a: Dragapult|91/100
|
|t:|1759067212
|switch|p2a: Cinderace|Cinderace, F|100/100|[from] U-turn
|
|upkeep
|turn|7
|
|t:|1759067220
|move|p1a: Dragapult|Tera Blast|p2a: Cinderace|[anim] Tera Blast Ghost
|-damage|p2a: Cinderace|0 fnt
|faint|p2a: Cinderace
|
|upkeep
|
|t:|1759067225
|switch|p2a: Electrode|Electrode-Hisui|100/100
|turn|8
|
|t:|1759067239
|switch|p1a: Meowscarada|Meowscarada, F|100/100
|move|p2a: Electrode|Thunderbolt|p1a: Meowscarada
|-resisted|p1a: Meowscarada
|-damage|p1a: Meowscarada|59/100
|
|upkeep
|turn|9
|
|t:|1759067246
|switch|p2a: Corviknight|Corviknight, F|2/100
|move|p1a: Meowscarada|Knock Off|p2a: Corviknight
|-start|p1a: Meowscarada|typechange|Dark|[from] ability: Protean
|-damage|p2a: Corviknight|0 fnt
|-damage|p1a: Meowscarada|43/100|[from] item: Rocky Helmet|[of] p2a: Corviknight
|-enditem|p2a: Corviknight|Rocky Helmet|[from] move: Knock Off|[of] p1a: Meowscarada
|faint|p2a: Corviknight
|
|upkeep
|
|t:|1759067259
|switch|p2a: Electrode|Electrode-Hisui|100/100
|turn|10
|
|t:|1759067274
|move|p1a: Meowscarada|Knock Off|p2a: Electrode
|-damage|p2a: Electrode|7/100
|-enditem|p2a: Electrode|Choice Specs|[from] move: Knock Off|[of] p1a: Meowscarada
|move|p2a: Electrode|Leaf Storm|p1a: Meowscarada
|-damage|p1a: Meowscarada|0 fnt
|-unboost|p2a: Electrode|spa|2
|faint|p1a: Meowscarada
|
|upkeep
|
|t:|1759067284
|switch|p1a: Iron Treads|Iron Treads|100/100
|-enditem|p1a: Iron Treads|Booster Energy
|-activate|p1a: Iron Treads|ability: Quark Drive|[fromitem]
|-start|p1a: Iron Treads|quarkdrivespe
|turn|11
|
|t:|1759067290
|switch|p2a: Hydrapple|Hydrapple, F|100/100
|move|p1a: Iron Treads|Stealth Rock|p2a: Hydrapple
|-sidestart|p2: zIsak|move: Stealth Rock
|
|upkeep
|turn|12
|
|t:|1759067310
|move|p1a: Iron Treads|Knock Off|p2a: Hydrapple
|-damage|p2a: Hydrapple|83/100
|-enditem|p2a: Hydrapple|Assault Vest|[from] move: Knock Off|[of] p1a: Iron Treads
|move|p2a: Hydrapple|Giga Drain|p1a: Iron Treads
|-damage|p1a: Iron Treads|55/100
|-heal|p2a: Hydrapple|100/100|[from] drain|[of] p1a: Iron Treads
|
|upkeep
|turn|13
|
|t:|1759067321
|move|p1a: Iron Treads|Knock Off|p2a: Hydrapple
|-damage|p2a: Hydrapple|87/100
|move|p2a: Hydrapple|Earth Power|p1a: Iron Treads
|-supereffective|p1a: Iron Treads
|-damage|p1a: Iron Treads|0 fnt
|faint|p1a: Iron Treads
|-end|p1a: Iron Treads|Quark Drive|[silent]
|
|upkeep
|
|t:|1759067326
|switch|p1a: Dragapult|Dragapult, M, tera:Ghost|91/100
|-heal|p1a: Dragapult|100/100|[from] move: Healing Wish
|turn|14
|
|t:|1759067338
|-terastallize|p2a: Hydrapple|Steel
|move|p1a: Dragapult|Dragon Darts|p2a: Hydrapple
|-resisted|p2a: Hydrapple
|-damage|p2a: Hydrapple|72/100
|-anim|p1a: Dragapult|Dragon Darts|p2a: Hydrapple
|-resisted|p2a: Hydrapple
|-damage|p2a: Hydrapple|57/100
|move|p2a: Hydrapple|Fickle Beam|p1a: Dragapult
|-damage|p1a: Dragapult|46/100
|
|upkeep
|turn|15
|
|t:|1759067354
|switch|p1a: Ceruledge|Ceruledge, M|100/100
|switch|p2a: Electrode|Electrode-Hisui|7/100
|-damage|p2a: Electrode|0 fnt|[from] Stealth Rock
|faint|p2a: Electrode
|
|upkeep
|inactive|zIsak has 120 seconds left.
|
|t:|1759067382
|switch|p2a: Flamigo|Flamigo, F|100/100
|-damage|p2a: Flamigo|88/100|[from] Stealth Rock
|turn|16
|inactive|zIsak has 120 seconds left.
|
|t:|1759067393
|move|p2a: Flamigo|Brave Bird|p1a: Ceruledge
|-enditem|p1a: Ceruledge|Focus Sash
|-damage|p1a: Ceruledge|1/100
|-ability|p1a: Ceruledge|Weak Armor|boost
|-unboost|p1a: Ceruledge|def|1
|-boost|p1a: Ceruledge|spe|2
|-damage|p2a: Flamigo|57/100|[from] Recoil
|-damage|p2a: Flamigo|47/100|[from] item: Life Orb
|move|p1a: Ceruledge|Swords Dance|p1a: Ceruledge
|-boost|p1a: Ceruledge|atk|2
|
|upkeep
|turn|17
|inactive|zIsak has 120 seconds left.
|
|t:|1759067406
|move|p1a: Ceruledge|Bitter Blade|p2a: Flamigo
|-damage|p2a: Flamigo|0 fnt
|-heal|p1a: Ceruledge|25/100|[from] drain|[of] p2a: Flamigo
|faint|p2a: Flamigo
|
|upkeep
|
|t:|1759067413
|switch|p2a: Araquanid|Araquanid, M|73/100 par
|-damage|p2a: Araquanid|48/100 par|[from] Stealth Rock
|turn|18
|-message|zIsak forfeited.
|
|win|youpie
|raw|youpie's rating: 1177 &rarr; <strong>1205</strong><br />(+28 for winning)
|raw|zIsak's rating: 1216 &rarr; <strong>1188</strong><br />(-28 for losing)
|l|☆zIsak
|player|p2|
|l|☆youpie
|player|p1|
