|j|☆you should now
|j|☆DIGIWAYNE123
|t:|1758952735
|gametype|singles
|player|p1|you should now|170|1475
|player|p2|DIGIWAYNE123|linebacker|1524
|gen|9
|tier|[Gen 9] OU
|rated|
|rule|HP Percentage Mod: HP is shown in percentages
|rule|Endless Battle Clause: Forcing endless battles is banned
|rule|Species Clause: Limit one of each Pokémon
|rule|OHKO Clause: OHKO moves are banned
|rule|Evasion Items Clause: Evasion items are banned
|rule|Evasion Moves Clause: Evasion moves are banned
|rule|Evasion Abilities Clause: Evasion abilities are banned
|rule|Sleep Moves Clause: Sleep-inducing moves are banned
|clearpoke
|poke|p1|Meloetta|
|poke|p1|Iron Moth|
|poke|p1|Corviknight, M|
|poke|p1|Slowking-Galar, F|
|poke|p1|Great Tusk|
|poke|p1|Lokix, F|
|poke|p2|Armarouge, M|
|poke|p2|Indeedee, M|
|poke|p2|Weezing-Galar, M|
|poke|p2|Deoxys-Speed|
|poke|p2|Iron Treads|
|poke|p2|Great Tusk|
|teampreview
|inactive|Battle timer is ON: inactive players will automatically lose when time's up. (requested by DIGIWAYNE123)
|inactive|you should now has 120 seconds left.
|
|t:|1758952797
|teamsize|p1|6
|teamsize|p2|6
|start
|switch|p1a: Lokix|Lokix, F|100/100
|switch|p2a: Iron Treads|Iron Treads|100/100
|-enditem|p2a: Iron Treads|Booster Energy
|-activate|p2a: Iron Treads|ability: Quark Drive|[fromitem]
|-start|p2a: Iron Treads|quarkdrivespe
|turn|1
|
|t:|1758952814
|move|p2a: Iron Treads|Knock Off|p1a: Lokix
|-resisted|p1a: Lokix
|-damage|p1a: Lokix|79/100
|-enditem|p1a: Lokix|Choice Band|[from] move: Knock Off|[of] p2a: Iron Treads
|move|p1a: Lokix|U-turn|p2a: Iron Treads
|-resisted|p2a: Iron Treads
|-damage|p2a: Iron Treads|73/100
|
|t:|1758952822
|switch|p1a: Great Tusk|Great Tusk|100/100|[from] U-turn
|
|upkeep
|turn|2
|
|t:|1758952830
|-end|p2a: Iron Treads|Quark Drive|[silent]
|switch|p2a: Indeedee|Indeedee, M|100/100
|-fieldstart|move: Psychic Terrain|[from] ability: Psychic Surge|[of] p2a: Indeedee
|move|p1a: Great Tusk|Headlong Rush|p2a: Indeedee
|-damage|p2a: Indeedee|0 fnt
|-unboost|p1a: Great Tusk|def|1
|-unboost|p1a: Great Tusk|spd|1
|faint|p2a: Indeedee
|
|upkeep
|
|t:|1758952837
|switch|p2a: Armarouge|Armarouge, M|100/100
|turn|3
|
|t:|1758952866
|-end|p1a: Great Tusk|Protosynthesis|[silent]
|switch|p1a: Meloetta|Meloetta|100/100
|move|p2a: Armarouge|Armor Cannon|p1a: Meloetta
|-damage|p1a: Meloetta|51/100
|-unboost|p2a: Armarouge|def|1
|-unboost|p2a: Armarouge|spd|1
|
|upkeep
|turn|4
|
|t:|1758952876
|move|p1a: Meloetta|Shadow Ball|p2a: Armarouge
|-supereffective|p2a: Armarouge
|-enditem|p2a: Armarouge|Focus Sash
|-damage|p2a: Armarouge|1/100
|move|p2a: Armarouge|Armor Cannon|p1a: Meloetta
|-damage|p1a: Meloetta|1/100
|-unboost|p2a: Armarouge|def|1
|-unboost|p2a: Armarouge|spd|1
|
|upkeep
|turn|5
|
|t:|1758952888
|switch|p2a: Iron Treads|Iron Treads|73/100
|move|p1a: Meloetta|Shadow Ball|p2a: Iron Treads
|-damage|p2a: Iron Treads|29/100
|-unboost|p2a: Iron Treads|spd|1
|
|upkeep
|turn|6
|
|t:|1758952899
|switch|p1a: Great Tusk|Great Tusk|100/100
|move|p2a: Iron Treads|Rapid Spin|p1a: Great Tusk
|-damage|p1a: Great Tusk|92/100
|-boost|p2a: Iron Treads|spe|1
|
|-heal|p1a: Great Tusk|98/100|[from] item: Leftovers
|upkeep
|turn|7
|
|t:|1758952908
|move|p2a: Iron Treads|Stealth Rock|p1a: Great Tusk
|-sidestart|p1: you should now|move: Stealth Rock
|move|p1a: Great Tusk|Stealth Rock|p2a: Iron Treads
|-sidestart|p2: DIGIWAYNE123|move: Stealth Rock
|
|-heal|p1a: Great Tusk|100/100|[from] item: Leftovers
|upkeep
|turn|8
|
|t:|1758952913
|move|p2a: Iron Treads|Rapid Spin|p1a: Great Tusk
|-damage|p1a: Great Tusk|93/100
|-boost|p2a: Iron Treads|spe|1
|-sideend|p2: DIGIWAYNE123|Stealth Rock|[from] move: Rapid Spin|[of] p2a: Iron Treads
|move|p1a: Great Tusk|Rapid Spin|p2a: Iron Treads
|-resisted|p2a: Iron Treads
|-damage|p2a: Iron Treads|23/100
|-boost|p1a: Great Tusk|spe|1
|-sideend|p1: you should now|Stealth Rock|[from] move: Rapid Spin|[of] p1a: Great Tusk
|
|-heal|p1a: Great Tusk|99/100|[from] item: Leftovers
|upkeep
|turn|9
|
|t:|1758952921
|move|p2a: Iron Treads|Stealth Rock|p1a: Great Tusk
|-sidestart|p1: you should now|move: Stealth Rock
|move|p1a: Great Tusk|Stealth Rock|p2a: Iron Treads
|-sidestart|p2: DIGIWAYNE123|move: Stealth Rock
|
|-heal|p1a: Great Tusk|100/100|[from] item: Leftovers
|-fieldend|move: Psychic Terrain
|upkeep
|turn|10
|
|t:|1758952924
|move|p2a: Iron Treads|Rapid Spin|p1a: Great Tusk
|-damage|p1a: Great Tusk|92/100
|-boost|p2a: Iron Treads|spe|1
|-sideend|p2: DIGIWAYNE123|Stealth Rock|[from] move: Rapid Spin|[of] p2a: Iron Treads
|move|p1a: Great Tusk|Rapid Spin|p2a: Iron Treads
|-resisted|p2a: Iron Treads
|-damage|p2a: Iron Treads|16/100
|-boost|p1a: Great Tusk|spe|1
|-sideend|p1: you should now|Stealth Rock|[from] move: Rapid Spin|[of] p1a: Great Tusk
|
|-heal|p1a: Great Tusk|98/100|[from] item: Leftovers
|upkeep
|turn|11
|
|t:|1758952933
|move|p2a: Iron Treads|Stealth Rock|p1a: Great Tusk
|-sidestart|p1: you should now|move: Stealth Rock
|move|p1a: Great Tusk|Stealth Rock|p2a: Iron Treads
|-sidestart|p2: DIGIWAYNE123|move: Stealth Rock
|
|-heal|p1a: Great Tusk|100/100|[from] item: Leftovers
|upkeep
|turn|12
|
|t:|1758952937
|move|p2a: Iron Treads|Rapid Spin|p1a: Great Tusk
|-damage|p1a: Great Tusk|92/100
|-boost|p2a: Iron Treads|spe|1
|-sideend|p2: DIGIWAYNE123|Stealth Rock|[from] move: Rapid Spin|[of] p2a: Iron Treads
|move|p1a: Great Tusk|Rapid Spin|p2a: Iron Treads
|-resisted|p2a: Iron Treads
|-damage|p2a: Iron Treads|10/100
|-boost|p1a: Great Tusk|spe|1
|-sideend|p1: you should now|Stealth Rock|[from] move: Rapid Spin|[of] p1a: Great Tusk
|
|-heal|p1a: Great Tusk|98/100|[from] item: Leftovers
|upkeep
|turn|13
|
|t:|1758952945
|move|p2a: Iron Treads|Stealth Rock|p1a: Great Tusk
|-sidestart|p1: you should now|move: Stealth Rock
|move|p1a: Great Tusk|Stealth Rock|p2a: Iron Treads
|-sidestart|p2: DIGIWAYNE123|move: Stealth Rock
|
|-heal|p1a: Great Tusk|100/100|[from] item: Leftovers
|upkeep
|turn|14
|
|t:|1758952948
|move|p2a: Iron Treads|Rapid Spin|p1a: Great Tusk
|-damage|p1a: Great Tusk|92/100
|-boost|p2a: Iron Treads|spe|1
|-sideend|p2: DIGIWAYNE123|Stealth Rock|[from] move: Rapid Spin|[of] p2a: Iron Treads
|move|p1a: Great Tusk|Rapid Spin|p2a: Iron Treads
|-resisted|p2a: Iron Treads
|-damage|p2a: Iron Treads|3/100
|-boost|p1a: Great Tusk|spe|1
|-sideend|p1: you should now|Stealth Rock|[from] move: Rapid Spin|[of] p1a: Great Tusk
|
|-heal|p1a: Great Tusk|98/100|[from] item: Leftovers
|upkeep
|turn|15
|
|t:|1758952956
|move|p2a: Iron Treads|Stealth Rock|p1a: Great Tusk
|-sidestart|p1: you should now|move: Stealth Rock
|move|p1a: Great Tusk|Stealth Rock|p2a: Iron Treads
|-sidestart|p2: DIGIWAYNE123|move: Stealth Rock
|
|-heal|p1a: Great Tusk|100/100|[from] item: Leftovers
|upkeep
|turn|16
|
|t:|1758952968
|move|p2a: Iron Treads|Rapid Spin|p1a: Great Tusk
|-damage|p1a: Great Tusk|92/100
|-boost|p2a: Iron Treads|spe|1
|-sideend|p2: DIGIWAYNE123|Stealth Rock|[from] move: Rapid Spin|[of] p2a: Iron Treads
|move|p1a: Great Tusk|Rapid Spin|p2a: Iron Treads
|-resisted|p2a: Iron Treads
|-damage|p2a: Iron Treads|0 fnt
|-boost|p1a: Great Tusk|spe|1
|-sideend|p1: you should now|Stealth Rock|[from] move: Rapid Spin|[of] p1a: Great Tusk
|faint|p2a: Iron Treads
|-end|p2a: Iron Treads|Quark Drive|[silent]
|
|-heal|p1a: Great Tusk|98/100|[from] item: Leftovers
|upkeep
|
|t:|1758952973
|switch|p2a: Armarouge|Armarouge, M|1/100
|turn|17
|
|t:|1758952991
|move|p1a: Great Tusk|Headlong Rush|p2a: Armarouge
|-supereffective|p2a: Armarouge
|-damage|p2a: Armarouge|0 fnt
|-unboost|p1a: Great Tusk|def|1
|-unboost|p1a: Great Tusk|spd|1
|faint|p2a: Armarouge
|
|-heal|p1a: Great Tusk|100/100|[from] item: Leftovers
|upkeep
|
|t:|1758952996
|switch|p2a: Great Tusk|Great Tusk|100/100
|-enditem|p2a: Great Tusk|Booster Energy
|-activate|p2a: Great Tusk|ability: Protosynthesis|[fromitem]
|-start|p2a: Great Tusk|protosynthesisspe
|turn|18
|
|t:|1758953003
|move|p1a: Great Tusk|Headlong Rush|p2a: Great Tusk
|-damage|p2a: Great Tusk|64/100
|-unboost|p1a: Great Tusk|def|1
|-unboost|p1a: Great Tusk|spd|1
|move|p2a: Great Tusk|Bulk Up|p2a: Great Tusk
|-boost|p2a: Great Tusk|atk|1
|-boost|p2a: Great Tusk|def|1
|
|upkeep
|turn|19
|
|t:|1758953019
|-end|p1a: Great Tusk|Protosynthesis|[silent]
|switch|p1a: Corviknight|Corviknight, M|100/100
|-ability|p1a: Corviknight|Pressure
|move|p2a: Great Tusk|Ice Spinner|p1a: Corviknight
|-damage|p1a: Corviknight|80/100
|-damage|p2a: Great Tusk|47/100|[from] item: Rocky Helmet|[of] p1a: Corviknight
|
|upkeep
|turn|20
|
|t:|1758953026
|move|p2a: Great Tusk|Bulk Up|p2a: Great Tusk
|-boost|p2a: Great Tusk|atk|1
|-boost|p2a: Great Tusk|def|1
|move|p1a: Corviknight|Brave Bird|p2a: Great Tusk
|-supereffective|p2a: Great Tusk
|-damage|p2a: Great Tusk|23/100
|-damage|p1a: Corviknight|73/100|[from] Recoil
|
|upkeep
|turn|21
|
|t:|1758953033
|move|p2a: Great Tusk|Close Combat|p1a: Corviknight
|-damage|p1a: Corviknight|6/100
|-unboost|p2a: Great Tusk|def|1
|-unboost|p2a: Great Tusk|spd|1
|-damage|p2a: Great Tusk|6/100|[from] item: Rocky Helmet|[of] p1a: Corviknight
|move|p1a: Corviknight|Brave Bird|p2a: Great Tusk
|-supereffective|p2a: Great Tusk
|-damage|p2a: Great Tusk|0 fnt
|faint|p2a: Great Tusk
|-end|p2a: Great Tusk|Protosynthesis|[silent]
|-damage|p1a: Corviknight|4/100|[from] Recoil
|
|upkeep
|
|t:|1758953039
|switch|p2a: Weezing|Weezing-Galar, M|100/100
|-ability|p2a: Weezing|Neutralizing Gas
|turn|22
|
|t:|1758953044
|move|p2a: Weezing|Flamethrower|p1a: Corviknight
|-supereffective|p1a: Corviknight
|-damage|p1a: Corviknight|0 fnt
|faint|p1a: Corviknight
|
|upkeep
|
|t:|1758953047
|switch|p1a: Meloetta|Meloetta|1/100
|turn|23
|
|t:|1758953052
|move|p1a: Meloetta|Psychic|p2a: Weezing
|-supereffective|p2a: Weezing
|-damage|p2a: Weezing|0 fnt
|faint|p2a: Weezing
|-end|p2a: Weezing|ability: Neutralizing Gas
|
|upkeep
|
|t:|1758953054
|switch|p2a: Deoxys|Deoxys-Speed, shiny|100/100
|-ability|p2a: Deoxys|Pressure
|turn|24
|
|t:|1758953059
|move|p2a: Deoxys|Psyshock|p1a: Meloetta
|-resisted|p1a: Meloetta
|-damage|p1a: Meloetta|0 fnt
|faint|p1a: Meloetta
|
|upkeep
|
|t:|1758953069
|switch|p1a: Lokix|Lokix, F|79/100
|turn|25
|
|t:|1758953075
|-terastallize|p2a: Deoxys|Electric
|move|p1a: Lokix|First Impression|p2a: Deoxys
|-damage|p2a: Deoxys|27/100
|move|p2a: Deoxys|Thunderbolt|p1a: Lokix
|-damage|p1a: Lokix|8/100
|
|upkeep
|turn|26
|
|t:|1758953088
|move|p2a: Deoxys|Ice Beam|p1a: Lokix
|-damage|p1a: Lokix|0 fnt
|faint|p1a: Lokix
|
|upkeep
|-message|DIGIWAYNE123 forfeited.
|
|win|you should now
|raw|you should now's rating: 1475 &rarr; <strong>1498</strong><br />(+23 for winning)
|raw|DIGIWAYNE123's rating: 1524 &rarr; <strong>1501</strong><br />(-23 for losing)
|l|☆DIGIWAYNE123
|player|p2|
|l|☆you should now
|player|p1|
