|j|☆dwembox
|j|☆King.Wilkes.420
|t:|1759032863
|gametype|singles
|player|p1|dwembox|170|1143
|player|p2|King.Wilkes.420|pokemaniac|1175
|gen|9
|tier|[Gen 9] OU
|rated|
|rule|HP Percentage Mod: HP is shown in percentages
|rule|Endless Battle Clause: Forcing endless battles is banned
|rule|Species Clause: Limit one of each Pokémon
|rule|OHKO Clause: OHKO moves are banned
|rule|Evasion Items Clause: Evasion items are banned
|rule|Evasion Moves Clause: Evasion moves are banned
|rule|Evasion Abilities Clause: Evasion abilities are banned
|rule|Sleep Moves Clause: Sleep-inducing moves are banned
|clearpoke
|poke|p1|Avalugg, M|
|poke|p1|Gliscor, M|
|poke|p1|Beartic, F|
|poke|p1|Alomomola, F|
|poke|p1|Cetitan, F|
|poke|p1|Abomasnow, F|
|poke|p2|Pelipper, F|
|poke|p2|Kingdra, F|
|poke|p2|Basculegion, M|
|poke|p2|Goodra-Hisui, F|
|poke|p2|Gliscor, M|
|poke|p2|Zapdos|
|teampreview
|
|t:|1759032880
|teamsize|p1|6
|teamsize|p2|6
|start
|switch|p1a: Abomasnow|Abomasnow, F|100/100
|switch|p2a: Pelipper|Pelipper, F|100/100
|-weather|Snowscape|[from] ability: Snow Warning|[of] p1a: Abomasnow
|-weather|RainDance|[from] ability: Drizzle|[of] p2a: Pelipper
|turn|1
|
|t:|1759032902
|switch|p1a: Alomomola|Alomomola, F|100/100
|switch|p2a: Goodra|Goodra-Hisui, F|100/100
|
|-weather|RainDance|[upkeep]
|upkeep
|turn|2
|
|t:|1759032915
|switch|p2a: Zapdos|Zapdos|100/100
|move|p1a: Alomomola|Flip Turn|p2a: Zapdos
|-damage|p2a: Zapdos|69/100
|-status|p1a: Alomomola|par|[from] ability: Static|[of] p2a: Zapdos
|
|t:|1759032924
|switch|p1a: Abomasnow|Abomasnow, F|100/100|[from] Flip Turn
|-weather|Snowscape|[from] ability: Snow Warning|[of] p1a: Abomasnow
|
|-weather|Snowscape|[upkeep]
|upkeep
|turn|3
|
|t:|1759032934
|switch|p2a: Pelipper|Pelipper, F|100/100
|-weather|RainDance|[from] ability: Drizzle|[of] p2a: Pelipper
|-terastallize|p1a: Abomasnow|Water
|move|p1a: Abomasnow|Blizzard|p2a: Pelipper
|-damage|p2a: Pelipper|36/100
|-status|p2a: Pelipper|frz
|
|-weather|RainDance|[upkeep]
|upkeep
|turn|4
|
|t:|1759032962
|switch|p2a: Kingdra|Kingdra, F|100/100
|move|p1a: Abomasnow|Energy Ball|p2a: Kingdra
|-damage|p2a: Kingdra|51/100
|
|-weather|RainDance|[upkeep]
|upkeep
|turn|5
|
|t:|1759032972
|switch|p1a: Alomomola|Alomomola, F|100/100 par
|move|p2a: Kingdra|Draco Meteor|p1a: Alomomola
|-damage|p1a: Alomomola|2/100 par
|-unboost|p2a: Kingdra|spa|2
|
|-weather|RainDance|[upkeep]
|upkeep
|turn|6
|
|t:|1759032980
|switch|p1a: Abomasnow|Abomasnow, F, tera:Water|100/100
|-weather|Snowscape|[from] ability: Snow Warning|[of] p1a: Abomasnow
|move|p2a: Kingdra|Draco Meteor|p1a: Abomasnow
|-damage|p1a: Abomasnow|56/100
|-unboost|p2a: Kingdra|spa|2
|
|-weather|Snowscape|[upkeep]
|upkeep
|turn|7
|
|t:|1759032994
|switch|p2a: Pelipper|Pelipper, F|36/100 frz
|-weather|RainDance|[from] ability: Drizzle|[of] p2a: Pelipper
|move|p1a: Abomasnow|Leech Seed|p2a: Pelipper
|-start|p2a: Pelipper|move: Leech Seed
|
|-weather|RainDance|[upkeep]
|-damage|p2a: Pelipper|24/100 frz|[from] Leech Seed|[of] p1a: Abomasnow
|-heal|p1a: Abomasnow|66/100|[silent]
|upkeep
|turn|8
|
|t:|1759033006
|switch|p2a: Goodra|Goodra-Hisui, F|100/100
|move|p1a: Abomasnow|Energy Ball|p2a: Goodra
|-ability|p2a: Goodra|Sap Sipper|boost
|-boost|p2a: Goodra|atk|1
|
|-weather|RainDance|[upkeep]
|upkeep
|turn|9
|
|t:|1759033015
|switch|p1a: Alomomola|Alomomola, F|35/100 par
|move|p2a: Goodra|Flash Cannon|p1a: Alomomola
|-resisted|p1a: Alomomola
|-damage|p1a: Alomomola|15/100 par
|
|-weather|RainDance|[upkeep]
|upkeep
|turn|10
|
|t:|1759033024
|switch|p1a: Abomasnow|Abomasnow, F, tera:Water|66/100
|-weather|Snowscape|[from] ability: Snow Warning|[of] p1a: Abomasnow
|move|p2a: Goodra|Earthquake|p1a: Abomasnow
|-damage|p1a: Abomasnow|27/100
|
|-weather|Snowscape|[upkeep]
|upkeep
|turn|11
|
|t:|1759033042
|switch|p1a: Avalugg|Avalugg, M|100/100
|move|p2a: Goodra|Earthquake|p1a: Avalugg
|-damage|p1a: Avalugg|90/100
|
|-weather|Snowscape|[upkeep]
|-heal|p1a: Avalugg|96/100|[from] ability: Ice Body
|-heal|p1a: Avalugg|100/100|[from] item: Leftovers
|upkeep
|turn|12
|
|t:|1759033055
|move|p2a: Goodra|Flash Cannon|p1a: Avalugg
|-supereffective|p1a: Avalugg
|-damage|p1a: Avalugg|0 fnt
|faint|p1a: Avalugg
|
|-weather|Snowscape|[upkeep]
|upkeep
|
|t:|1759033062
|switch|p1a: Cetitan|Cetitan, F|100/100
|turn|13
|
|t:|1759033068
|move|p1a: Cetitan|Earthquake|p2a: Goodra
|-supereffective|p2a: Goodra
|-damage|p2a: Goodra|0 fnt
|faint|p2a: Goodra
|
|-weather|Snowscape|[upkeep]
|upkeep
|
|t:|1759033089
|switch|p2a: Basculegion|Basculegion, M|100/100
|turn|14
|
|t:|1759033097
|move|p1a: Cetitan|Earthquake|p2a: Basculegion
|-damage|p2a: Basculegion|34/100
|move|p2a: Basculegion|Flip Turn|p1a: Cetitan
|-damage|p1a: Cetitan|71/100
|
|t:|1759033102
|switch|p2a: Pelipper|Pelipper, F|24/100 frz|[from] Flip Turn
|-weather|RainDance|[from] ability: Drizzle|[of] p2a: Pelipper
|
|-weather|RainDance|[upkeep]
|upkeep
|turn|15
|
|t:|1759033121
|switch|p2a: Zapdos|Zapdos|69/100
|move|p1a: Cetitan|Earthquake|p2a: Zapdos
|-immune|p2a: Zapdos
|
|-weather|RainDance|[upkeep]
|upkeep
|turn|16
|
|t:|1759033131
|switch|p1a: Gliscor|Gliscor, M|100/100
|move|p2a: Zapdos|Thunder|p1a: Gliscor
|-immune|p1a: Gliscor
|
|-weather|RainDance|[upkeep]
|-status|p1a: Gliscor|tox|[from] item: Toxic Orb
|upkeep
|turn|17
|
|t:|1759033140
|move|p2a: Zapdos|Hurricane|p1a: Gliscor
|-damage|p1a: Gliscor|48/100 tox
|-start|p1a: Gliscor|confusion
|-activate|p1a: Gliscor|confusion
|-damage|p1a: Gliscor|41/100 tox|[from] confusion
|
|-weather|RainDance|[upkeep]
|-heal|p1a: Gliscor|54/100 tox|[from] ability: Poison Heal
|upkeep
|turn|18
|
|t:|1759033167
|move|p2a: Zapdos|Hurricane|p1a: Gliscor
|-damage|p1a: Gliscor|6/100 tox
|-activate|p1a: Gliscor|confusion
|move|p1a: Gliscor|U-turn|p2a: Zapdos
|-resisted|p2a: Zapdos
|-damage|p2a: Zapdos|59/100
|
|t:|1759033173
|switch|p1a: Abomasnow|Abomasnow, F, tera:Water|27/100|[from] U-turn
|-weather|Snowscape|[from] ability: Snow Warning|[of] p1a: Abomasnow
|
|-weather|Snowscape|[upkeep]
|upkeep
|turn|19
|
|t:|1759033185
|move|p2a: Zapdos|Volt Switch|p1a: Abomasnow
|-supereffective|p1a: Abomasnow
|-damage|p1a: Abomasnow|0 fnt
|faint|p1a: Abomasnow
|
|t:|1759033190
|switch|p2a: Pelipper|Pelipper, F|24/100 frz|[from] Volt Switch
|-weather|RainDance|[from] ability: Drizzle|[of] p2a: Pelipper
|
|-weather|RainDance|[upkeep]
|upkeep
|
|t:|1759033195
|switch|p1a: Cetitan|Cetitan, F|71/100
|turn|20
|
|t:|1759033212
|switch|p2a: Basculegion|Basculegion, M|34/100
|move|p1a: Cetitan|Icicle Crash|p2a: Basculegion
|-resisted|p2a: Basculegion
|-damage|p2a: Basculegion|0 fnt
|faint|p2a: Basculegion
|
|-weather|RainDance|[upkeep]
|upkeep
|
|t:|1759033220
|switch|p2a: Kingdra|Kingdra, F|51/100
|turn|21
|
|t:|1759033227
|switch|p1a: Gliscor|Gliscor, M|6/100 tox
|move|p2a: Kingdra|Draco Meteor|p1a: Gliscor
|-damage|p1a: Gliscor|0 fnt
|-unboost|p2a: Kingdra|spa|2
|faint|p1a: Gliscor
|
|-weather|RainDance|[upkeep]
|upkeep
|
|t:|1759033231
|switch|p1a: Alomomola|Alomomola, F|48/100 par
|turn|22
|
|t:|1759033245
|switch|p2a: Gliscor|Gliscor, M|100/100
|move|p1a: Alomomola|Flip Turn|p2a: Gliscor
|-supereffective|p2a: Gliscor
|-crit|p2a: Gliscor
|-damage|p2a: Gliscor|42/100
|
|t:|1759033251
|switch|p1a: Cetitan|Cetitan, F|71/100|[from] Flip Turn
|
|-weather|RainDance|[upkeep]
|-status|p2a: Gliscor|tox|[from] item: Toxic Orb
|upkeep
|turn|23
|
|t:|1759033259
|move|p1a: Cetitan|Ice Shard|p2a: Gliscor
|-supereffective|p2a: Gliscor
|-damage|p2a: Gliscor|0 fnt
|faint|p2a: Gliscor
|
|-weather|RainDance|[upkeep]
|upkeep
|
|t:|1759033264
|switch|p2a: Kingdra|Kingdra, F|51/100
|turn|24
|
|t:|1759033270
|move|p1a: Cetitan|Ice Shard|p2a: Kingdra
|-damage|p2a: Kingdra|11/100
|move|p2a: Kingdra|Draco Meteor|p1a: Cetitan
|-damage|p1a: Cetitan|0 fnt
|-unboost|p2a: Kingdra|spa|2
|faint|p1a: Cetitan
|
|-weather|RainDance|[upkeep]
|upkeep
|
|t:|1759033282
|switch|p1a: Beartic|Beartic, F|100/100
|turn|25
|
|t:|1759033292
|move|p2a: Kingdra|Draco Meteor|p1a: Beartic
|-damage|p1a: Beartic|49/100
|-unboost|p2a: Kingdra|spa|2
|move|p1a: Beartic|Icicle Crash|p2a: Kingdra
|-damage|p2a: Kingdra|0 fnt
|faint|p2a: Kingdra
|
|-weather|RainDance|[upkeep]
|upkeep
|
|t:|1759033300
|switch|p2a: Zapdos|Zapdos|59/100
|turn|26
|
|t:|1759033306
|move|p2a: Zapdos|Thunder|p1a: Beartic
|-damage|p1a: Beartic|0 fnt
|faint|p1a: Beartic
|
|-weather|none
|upkeep
|-message|dwembox forfeited.
|
|win|King.Wilkes.420
|raw|dwembox's rating: 1143 &rarr; <strong>1120</strong><br />(-23 for losing)
|raw|King.Wilkes.420's rating: 1175 &rarr; <strong>1198</strong><br />(+23 for winning)
|l|☆dwembox
|player|p1|
|l|☆King.Wilkes.420
|player|p2|
