|j|☆lxyz098
|j|☆DDanMurp
|t:|1759033339
|gametype|singles
|player|p1|lxyz098|cynthia|1339
|player|p2|DDanMurp|266|1369
|gen|9
|tier|[Gen 9] OU
|rated|
|rule|HP Percentage Mod: HP is shown in percentages
|rule|Endless Battle Clause: Forcing endless battles is banned
|rule|Species Clause: Limit one of each Pokémon
|rule|OHKO Clause: OHKO moves are banned
|rule|Evasion Items Clause: Evasion items are banned
|rule|Evasion Moves Clause: Evasion moves are banned
|rule|Evasion Abilities Clause: Evasion abilities are banned
|rule|Sleep Moves Clause: Sleep-inducing moves are banned
|clearpoke
|poke|p1|Primarina, F|
|poke|p1|Garchomp, F|
|poke|p1|Gardevoir, M|
|poke|p1|Corviknight, F|
|poke|p1|Ogerpon-Wellspring, F|
|poke|p1|Scizor, M|
|poke|p2|Thundurus, M|
|poke|p2|Iron Valiant|
|poke|p2|Iron Treads|
|poke|p2|Raging Bolt|
|poke|p2|Iron Hands|
|poke|p2|Iron Leaves|
|teampreview
|
|t:|1759033354
|teamsize|p1|6
|teamsize|p2|6
|start
|switch|p1a: Ogerpon|Ogerpon-Wellspring, F|100/100
|switch|p2a: Raging Bolt|Raging Bolt|100/100
|turn|1
|l|☆DDanMurp
|player|p2|
|inactive|Battle timer is ON: inactive players will automatically lose when time's up. (requested by lxyz098)
|j|☆DDanMurp
|inactive|DDanMurp reconnected and has 130 seconds left.
|player|p2|DDanMurp|266|
|inactive|DDanMurp has 120 seconds left.
|
|t:|1759033411
|move|p1a: Ogerpon|Knock Off|p2a: Raging Bolt
|-damage|p2a: Raging Bolt|62/100
|-enditem|p2a: Raging Bolt|Assault Vest|[from] move: Knock Off|[of] p1a: Ogerpon
|move|p2a: Raging Bolt|Draco Meteor|p1a: Ogerpon
|-damage|p1a: Ogerpon|3/100
|-unboost|p2a: Raging Bolt|spa|2
|
|upkeep
|turn|2
|inactive|lxyz098 has 120 seconds left.
|
|t:|1759033444
|move|p2a: Raging Bolt|Thunderclap|p1a: Ogerpon
|-damage|p1a: Ogerpon|0 fnt
|faint|p1a: Ogerpon
|
|upkeep
|
|t:|1759033449
|switch|p1a: Garchomp|Garchomp, F, shiny|100/100
|turn|3
|
|t:|1759033462
|-end|p2a: Raging Bolt|Protosynthesis|[silent]
|switch|p2a: Iron Valiant|Iron Valiant|100/100
|move|p1a: Garchomp|Earthquake|p2a: Iron Valiant
|-damage|p2a: Iron Valiant|12/100
|-damage|p1a: Garchomp|91/100|[from] item: Life Orb
|
|upkeep
|turn|4
|
|t:|1759033474
|-terastallize|p1a: Garchomp|Fire
|move|p2a: Iron Valiant|Moonblast|p1a: Garchomp
|-resisted|p1a: Garchomp
|-damage|p1a: Garchomp|53/100
|move|p1a: Garchomp|Tera Blast|p2a: Iron Valiant|[anim] Tera Blast Fire
|-damage|p2a: Iron Valiant|0 fnt
|faint|p2a: Iron Valiant
|-end|p2a: Iron Valiant|Quark Drive|[silent]
|-damage|p1a: Garchomp|43/100|[from] item: Life Orb
|
|upkeep
|
|t:|1759033497
|switch|p2a: HeHeHeHa!|Thundurus, M|100/100
|turn|5
|
|t:|1759033508
|move|p2a: HeHeHeHa!|Supercell Slam|p1a: Garchomp
|-damage|p1a: Garchomp|0 fnt
|-damage|p2a: HeHeHeHa!|88/100|[from] ability: Rough Skin|[of] p1a: Garchomp
|faint|p1a: Garchomp
|
|upkeep
|
|t:|1759033516
|switch|p1a: Gardevoir|Gardevoir, M, shiny|100/100
|-ability|p1a: Gardevoir|Prankster|Trace|[from] ability: Trace|[of] p2a: HeHeHeHa!
|turn|6
|
|t:|1759033523
|move|p2a: HeHeHeHa!|Electric Terrain|p2a: HeHeHeHa!
|-fieldstart|move: Electric Terrain
|move|p1a: Gardevoir|Mystical Fire|p2a: HeHeHeHa!
|-damage|p2a: HeHeHeHa!|51/100
|-unboost|p2a: HeHeHeHa!|spa|1
|
|upkeep
|turn|7
|
|t:|1759033531
|move|p1a: Gardevoir|Mystical Fire|p2a: HeHeHeHa!
|-damage|p2a: HeHeHeHa!|12/100
|-unboost|p2a: HeHeHeHa!|spa|1
|move|p2a: HeHeHeHa!|Knock Off|p1a: Gardevoir
|-damage|p1a: Gardevoir|43/100
|-enditem|p1a: Gardevoir|Choice Scarf|[from] move: Knock Off|[of] p2a: HeHeHeHa!
|
|upkeep
|turn|8
|-message|lxyz098 forfeited.
|
|win|DDanMurp
|raw|lxyz098's rating: 1339 &rarr; <strong>1321</strong><br />(-18 for losing)
|raw|DDanMurp's rating: 1369 &rarr; <strong>1387</strong><br />(+18 for winning)
|l|☆lxyz098
|player|p1|
|l|☆DDanMurp
|player|p2|
