|j|☆Sadie1996
|j|☆DeCompaniu
|t:|1758998544
|gametype|singles
|player|p1|Sadie1996|1|1165
|player|p2|DeCompaniu|richboy|1254
|gen|9
|tier|[Gen 9] OU
|rated|
|rule|HP Percentage Mod: HP is shown in percentages
|rule|Endless Battle Clause: Forcing endless battles is banned
|rule|Species Clause: Limit one of each Pokémon
|rule|OHKO Clause: OHKO moves are banned
|rule|Evasion Items Clause: Evasion items are banned
|rule|Evasion Moves Clause: Evasion moves are banned
|rule|Evasion Abilities Clause: Evasion abilities are banned
|rule|Sleep Moves Clause: Sleep-inducing moves are banned
|clearpoke
|poke|p1|Slowking-Galar, F|
|poke|p1|Alomomola, M|
|poke|p1|Goodra-Hisui, M|
|poke|p1|Sinistcha-Masterpiece|
|poke|p1|Lucario, F|
|poke|p1|Garchomp, F|
|poke|p2|Greedent, M|
|poke|p2|Hawlucha, F|
|poke|p2|Glimmora, F|
|poke|p2|Indeedee, M|
|poke|p2|Polteageist-Antique|
|poke|p2|Golurk|
|teampreview
|
|t:|1758998559
|teamsize|p1|6
|teamsize|p2|6
|start
|switch|p1a: Goodra|Goodra-Hisui, M|100/100
|switch|p2a: Golurk|Golurk|100/100
|turn|1
|inactive|Battle timer is ON: inactive players will automatically lose when time's up. (requested by DeCompaniu)
|
|t:|1758998582
|switch|p1a: Lucario|Lucario, F|100/100
|move|p2a: Golurk|High Horsepower|p1a: Lucario
|-supereffective|p1a: Lucario
|-damage|p1a: Lucario|0 fnt
|faint|p1a: Lucario
|
|upkeep
|
|t:|1758998593
|switch|p1a: Garchomp|Garchomp, F|100/100
|turn|2
|
|t:|1758998598
|switch|p2a: Glimmora|Glimmora, F|100/100
|move|p1a: Garchomp|Stealth Rock|p2a: Glimmora
|-sidestart|p2: DeCompaniu|move: Stealth Rock
|
|upkeep
|turn|3
|
|t:|1758998605
|switch|p1a: Goodra|Goodra-Hisui, M|100/100
|move|p2a: Glimmora|Mortal Spin|p1a: Goodra
|-immune|p1a: Goodra
|
|upkeep
|turn|4
|
|t:|1758998612
|move|p2a: Glimmora|Stealth Rock|p1a: Goodra
|-sidestart|p1: Sadie1996|move: Stealth Rock
|move|p1a: Goodra|Flash Cannon|p2a: Glimmora
|-supereffective|p2a: Glimmora
|-damage|p2a: Glimmora|18/100
|
|upkeep
|turn|5
|
|t:|1758998621
|switch|p2a: Golurk|Golurk|100/100
|-damage|p2a: Golurk|94/100|[from] Stealth Rock
|move|p1a: Goodra|Flash Cannon|p2a: Golurk
|-damage|p2a: Golurk|47/100
|
|upkeep
|turn|6
|
|t:|1758998633
|move|p1a: Goodra|Ice Beam|p2a: Golurk
|-supereffective|p2a: Golurk
|-damage|p2a: Golurk|0 fnt
|faint|p2a: Golurk
|
|upkeep
|
|t:|1758998649
|switch|p2a: Indeedee|Indeedee, M|100/100
|-damage|p2a: Indeedee|88/100|[from] Stealth Rock
|-fieldstart|move: Psychic Terrain|[from] ability: Psychic Surge|[of] p2a: Indeedee
|turn|7
|
|t:|1758998661
|move|p2a: Indeedee|Trick|p1a: Goodra
|-activate|p2a: Indeedee|move: Trick|[of] p1a: Goodra
|-item|p1a: Goodra|Choice Scarf|[from] move: Trick
|-item|p2a: Indeedee|Assault Vest|[from] move: Trick
|move|p1a: Goodra|Flash Cannon|p2a: Indeedee
|-damage|p2a: Indeedee|49/100
|
|upkeep
|turn|8
|
|t:|1758998678
|switch|p2a: Hawlucha|Hawlucha, F|100/100
|-damage|p2a: Hawlucha|88/100|[from] Stealth Rock
|-enditem|p2a: Hawlucha|Psychic Seed
|-boost|p2a: Hawlucha|spd|1|[from] item: Psychic Seed
|move|p1a: Goodra|Flash Cannon|p2a: Hawlucha
|-damage|p2a: Hawlucha|43/100
|
|upkeep
|turn|9
|inactive|DeCompaniu has 120 seconds left.
|-message|DeCompaniu forfeited.
|
|win|Sadie1996
|raw|Sadie1996's rating: 1165 &rarr; <strong>1196</strong><br />(+31 for winning)
|raw|DeCompaniu's rating: 1254 &rarr; <strong>1223</strong><br />(-31 for losing)
|l|☆DeCompaniu
|player|p2|
|l|☆Sadie1996
|player|p1|
