|j|☆Rabzzz
|j|☆Shibuya Arc
|t:|1759000688
|gametype|singles
|player|p1|Rabzzz|#mwpvimurkrows|1643
|player|p2|Shibuya Arc|169|1778
|gen|9
|tier|[Gen 9] OU
|rated|
|rule|HP Percentage Mod: HP is shown in percentages
|rule|Endless Battle Clause: Forcing endless battles is banned
|rule|Species Clause: Limit one of each Pokémon
|rule|OHKO Clause: OHKO moves are banned
|rule|Evasion Items Clause: Evasion items are banned
|rule|Evasion Moves Clause: Evasion moves are banned
|rule|Evasion Abilities Clause: Evasion abilities are banned
|rule|Sleep Moves Clause: Sleep-inducing moves are banned
|clearpoke
|poke|p1|Alomomola, M|
|poke|p1|Hoopa-Unbound|
|poke|p1|Pecharunt|
|poke|p1|Raging Bolt|
|poke|p1|Great Tusk|
|poke|p1|Moltres|
|poke|p2|Dragapult, M|
|poke|p2|Dragonite, F|
|poke|p2|Ting-Lu|
|poke|p2|Weezing-Galar, F|
|poke|p2|Iron Crown|
|poke|p2|Zapdos|
|teampreview
|inactive|Battle timer is ON: inactive players will automatically lose when time's up. (requested by Shibuya Arc)
|
|t:|1759000720
|teamsize|p1|6
|teamsize|p2|6
|start
|switch|p1a: Raging Bolt|Raging Bolt|100/100
|switch|p2a: Ting-Lu|Ting-Lu|100/100
|-ability|p2a: Ting-Lu|Vessel of Ruin
|turn|1
|
|t:|1759000729
|-end|p1a: Raging Bolt|Protosynthesis|[silent]
|switch|p1a: Alomomola|Alomomola, M|100/100
|move|p2a: Ting-Lu|Ruination|p1a: Alomomola
|-damage|p1a: Alomomola|50/100
|
|upkeep
|turn|2
|
|t:|1759000739
|move|p2a: Ting-Lu|Ruination|p1a: Alomomola
|-damage|p1a: Alomomola|26/100
|move|p1a: Alomomola|Scald|p2a: Ting-Lu
|-supereffective|p2a: Ting-Lu
|-damage|p2a: Ting-Lu|90/100
|
|-heal|p2a: Ting-Lu|96/100|[from] item: Leftovers
|upkeep
|turn|3
|
|t:|1759000753
|move|p2a: Ting-Lu|Earthquake|p1a: Alomomola
|-damage|p1a: Alomomola|5/100
|move|p1a: Alomomola|Flip Turn|p2a: Ting-Lu
|-supereffective|p2a: Ting-Lu
|-damage|p2a: Ting-Lu|79/100
|
|t:|1759000758
|switch|p1a: Great Tusk|Great Tusk|100/100|[from] Flip Turn
|
|-heal|p2a: Ting-Lu|85/100|[from] item: Leftovers
|upkeep
|turn|4
|
|t:|1759000764
|move|p1a: Great Tusk|Stealth Rock|p2a: Ting-Lu
|-sidestart|p2: Shibuya Arc|move: Stealth Rock
|move|p2a: Ting-Lu|Ruination|p1a: Great Tusk
|-damage|p1a: Great Tusk|51/100
|
|-heal|p2a: Ting-Lu|91/100|[from] item: Leftovers
|upkeep
|turn|5
|
|t:|1759000771
|-end|p1a: Great Tusk|Protosynthesis|[silent]
|switch|p1a: Alomomola|Alomomola, M|38/100
|move|p2a: Ting-Lu|Earthquake|p1a: Alomomola
|-damage|p1a: Alomomola|19/100
|
|-heal|p2a: Ting-Lu|97/100|[from] item: Leftovers
|upkeep
|turn|6
|
|t:|1759000796
|switch|p1a: Moltres|Moltres|100/100
|move|p2a: Ting-Lu|Ruination|p1a: Moltres
|-damage|p1a: Moltres|51/100
|
|-heal|p2a: Ting-Lu|100/100|[from] item: Leftovers
|upkeep
|turn|7
|
|t:|1759000804
|move|p1a: Moltres|Roost|p1a: Moltres
|-heal|p1a: Moltres|100/100
|-singleturn|p1a: Moltres|move: Roost
|move|p2a: Ting-Lu|Stealth Rock|p1a: Moltres
|-sidestart|p1: Rabzzz|move: Stealth Rock
|
|upkeep
|turn|8
|
|t:|1759000810
|move|p1a: Moltres|U-turn|p2a: Ting-Lu
|-supereffective|p2a: Ting-Lu
|-damage|p2a: Ting-Lu|85/100
|
|t:|1759000812
|switch|p1a: Alomomola|Alomomola, M|53/100|[from] U-turn
|move|p2a: Ting-Lu|Ruination|p1a: Alomomola
|-damage|p1a: Alomomola|27/100
|
|-heal|p2a: Ting-Lu|91/100|[from] item: Leftovers
|upkeep
|turn|9
|
|t:|1759000818
|move|p2a: Ting-Lu|Ruination|p1a: Alomomola
|-damage|p1a: Alomomola|14/100
|move|p1a: Alomomola|Wish|p1a: Alomomola
|
|-heal|p2a: Ting-Lu|97/100|[from] item: Leftovers
|upkeep
|turn|10
|
|t:|1759000825
|switch|p1a: Great Tusk|Great Tusk|51/100
|-damage|p1a: Great Tusk|48/100|[from] Stealth Rock
|move|p2a: Ting-Lu|Whirlwind|p1a: Great Tusk
|-end|p1a: Great Tusk|Protosynthesis|[silent]
|drag|p1a: Moltres|Moltres|100/100
|
|-heal|p2a: Ting-Lu|100/100|[from] item: Leftovers
|upkeep
|turn|11
|
|t:|1759000838
|move|p2a: Ting-Lu|Ruination|p1a: Moltres
|-damage|p1a: Moltres|51/100
|move|p1a: Moltres|Roar|p2a: Ting-Lu
|drag|p2a: Zapdos|Zapdos|100/100
|
|upkeep
|turn|12
|
|t:|1759000845
|switch|p1a: Raging Bolt|Raging Bolt|100/100
|-damage|p1a: Raging Bolt|88/100|[from] Stealth Rock
|move|p2a: Zapdos|Volt Switch|p1a: Raging Bolt
|-resisted|p1a: Raging Bolt
|-damage|p1a: Raging Bolt|81/100
|
|t:|1759000853
|switch|p2a: Dragonite|Dragonite, F|100/100|[from] Volt Switch
|
|-heal|p1a: Raging Bolt|87/100|[from] item: Leftovers
|upkeep
|turn|13
|
|t:|1759000867
|-end|p1a: Raging Bolt|Protosynthesis|[silent]
|switch|p1a: Great Tusk|Great Tusk|48/100
|-damage|p1a: Great Tusk|45/100|[from] Stealth Rock
|move|p2a: Dragonite|Earthquake|p1a: Great Tusk
|-damage|p1a: Great Tusk|14/100
|
|upkeep
|turn|14
|
|t:|1759000874
|-end|p1a: Great Tusk|Protosynthesis|[silent]
|switch|p1a: Moltres|Moltres|51/100
|move|p2a: Dragonite|Extreme Speed|p1a: Moltres
|-damage|p1a: Moltres|21/100
|
|upkeep
|turn|15
|
|t:|1759000882
|switch|p1a: Pecharunt|Pecharunt|100/100
|move|p2a: Dragonite|Extreme Speed|p1a: Pecharunt
|-immune|p1a: Pecharunt
|
|upkeep
|turn|16
|
|t:|1759000888
|move|p2a: Dragonite|Dragon Dance|p2a: Dragonite
|-boost|p2a: Dragonite|atk|1
|-boost|p2a: Dragonite|spe|1
|move|p1a: Pecharunt|Parting Shot|p2a: Dragonite
|-unboost|p2a: Dragonite|atk|1
|-unboost|p2a: Dragonite|spa|1
|
|t:|1759000905
|switch|p1a: Moltres|Moltres|21/100|[from] Parting Shot
|
|upkeep
|turn|17
|
|t:|1759000911
|switch|p1a: Pecharunt|Pecharunt|100/100
|move|p2a: Dragonite|Extreme Speed|p1a: Pecharunt
|-immune|p1a: Pecharunt
|
|upkeep
|turn|18
|
|t:|1759000916
|move|p2a: Dragonite|Dragon Dance|p2a: Dragonite
|-boost|p2a: Dragonite|atk|1
|-boost|p2a: Dragonite|spe|1
|move|p1a: Pecharunt|Malignant Chain|p2a: Dragonite
|-damage|p2a: Dragonite|85/100
|
|upkeep
|turn|19
|
|t:|1759000923
|-terastallize|p1a: Pecharunt|Ghost
|move|p2a: Dragonite|Earthquake|p1a: Pecharunt
|-damage|p1a: Pecharunt|74/100
|move|p1a: Pecharunt|Malignant Chain|p2a: Dragonite
|-damage|p2a: Dragonite|57/100
|
|upkeep
|turn|20
|
|t:|1759000933
|switch|p2a: Iron Crown|Iron Crown|100/100
|-damage|p2a: Iron Crown|94/100|[from] Stealth Rock
|move|p1a: Pecharunt|Shadow Ball|p2a: Iron Crown
|-supereffective|p2a: Iron Crown
|-damage|p2a: Iron Crown|26/100
|
|upkeep
|turn|21
|
|t:|1759000954
|switch|p1a: Moltres|Moltres|21/100
|move|p2a: Iron Crown|Tachyon Cutter|p1a: Moltres
|-resisted|p1a: Moltres
|-damage|p1a: Moltres|8/100
|-resisted|p1a: Moltres
|-damage|p1a: Moltres|0 fnt
|faint|p1a: Moltres
|-hitcount|p1: Moltres|2
|
|upkeep
|
|t:|1759000963
|switch|p1a: Hoopa|Hoopa-Unbound|100/100
|-damage|p1a: Hoopa|88/100|[from] Stealth Rock
|turn|22
|
|t:|1759000968
|move|p2a: Iron Crown|Tachyon Cutter|p1a: Hoopa
|-damage|p1a: Hoopa|70/100
|-damage|p1a: Hoopa|52/100
|-hitcount|p1a: Hoopa|2
|move|p1a: Hoopa|Knock Off|p2a: Iron Crown
|-supereffective|p2a: Iron Crown
|-damage|p2a: Iron Crown|0 fnt
|-enditem|p2a: Iron Crown|Choice Specs|[from] move: Knock Off|[of] p1a: Hoopa
|faint|p2a: Iron Crown
|-end|p2a: Iron Crown|Quark Drive|[silent]
|
|upkeep
|
|t:|1759000975
|switch|p2a: Dragapult|Dragapult, M|100/100
|turn|23
|
|t:|1759000982
|switch|p1a: Great Tusk|Great Tusk|14/100
|-damage|p1a: Great Tusk|11/100|[from] Stealth Rock
|move|p2a: Dragapult|Dragon Darts|p1a: Great Tusk
|-damage|p1a: Great Tusk|0 fnt
|faint|p1a: Great Tusk
|-end|p1a: Great Tusk|Protosynthesis|[silent]
|
|upkeep
|
|t:|1759000990
|switch|p1a: Alomomola|Alomomola, M|47/100
|turn|24
|
|t:|1759000996
|-terastallize|p2a: Dragapult|Dragon
|move|p2a: Dragapult|Dragon Darts|p1a: Alomomola
|-damage|p1a: Alomomola|31/100
|-anim|p2a: Dragapult|Dragon Darts|p1a: Alomomola
|-damage|p1a: Alomomola|17/100
|move|p1a: Alomomola|Wish|p1a: Alomomola
|
|upkeep
|turn|25
|
|t:|1759001003
|move|p1a: Alomomola|Protect|p1a: Alomomola
|-singleturn|p1a: Alomomola|Protect
|move|p2a: Dragapult|Will-O-Wisp|p1a: Alomomola
|-activate|p1a: Alomomola|move: Protect
|
|-heal|p1a: Alomomola|67/100|[from] move: Wish|[wisher] Alomomola
|upkeep
|turn|26
|
|t:|1759001011
|move|p2a: Dragapult|Dragon Darts|p1a: Alomomola
|-damage|p1a: Alomomola|51/100
|-anim|p2a: Dragapult|Dragon Darts|p1a: Alomomola
|-damage|p1a: Alomomola|36/100
|move|p1a: Alomomola|Wish|p1a: Alomomola
|
|upkeep
|turn|27
|
|t:|1759001034
|move|p2a: Dragapult|Dragon Darts|p1a: Alomomola
|-damage|p1a: Alomomola|21/100
|-anim|p2a: Dragapult|Dragon Darts|p1a: Alomomola
|-damage|p1a: Alomomola|6/100
|move|p1a: Alomomola|Flip Turn|p2a: Dragapult
|-resisted|p2a: Dragapult
|-damage|p2a: Dragapult|89/100
|
|t:|1759001039
|switch|p1a: Hoopa|Hoopa-Unbound|52/100|[from] Flip Turn
|-damage|p1a: Hoopa|40/100|[from] Stealth Rock
|
|-heal|p1a: Hoopa|100/100|[from] move: Wish|[wisher] Alomomola
|upkeep
|turn|28
|
|t:|1759001046
|move|p2a: Dragapult|Dragon Darts|p1a: Hoopa
|-damage|p1a: Hoopa|70/100
|-anim|p2a: Dragapult|Dragon Darts|p1a: Hoopa
|-damage|p1a: Hoopa|39/100
|move|p1a: Hoopa|Psychic Noise|p2a: Dragapult
|-damage|p2a: Dragapult|12/100
|-start|p2a: Dragapult|move: Heal Block
|
|upkeep
|turn|29
|
|t:|1759001055
|move|p2a: Dragapult|Dragon Darts|p1a: Hoopa
|-damage|p1a: Hoopa|7/100
|-anim|p2a: Dragapult|Dragon Darts|p1a: Hoopa
|-damage|p1a: Hoopa|0 fnt
|faint|p1a: Hoopa
|
|-end|p2a: Dragapult|move: Heal Block
|upkeep
|
|t:|1759001063
|switch|p1a: Raging Bolt|Raging Bolt|87/100
|-damage|p1a: Raging Bolt|75/100|[from] Stealth Rock
|turn|30
|
|t:|1759001069
|switch|p2a: Ting-Lu|Ting-Lu|100/100
|-damage|p2a: Ting-Lu|94/100|[from] Stealth Rock
|-ability|p2a: Ting-Lu|Vessel of Ruin
|move|p1a: Raging Bolt|Dragon Pulse|p2a: Ting-Lu
|-damage|p2a: Ting-Lu|74/100
|
|-heal|p1a: Raging Bolt|81/100|[from] item: Leftovers
|-heal|p2a: Ting-Lu|80/100|[from] item: Leftovers
|upkeep
|turn|31
|
|t:|1759001076
|-end|p1a: Raging Bolt|Protosynthesis|[silent]
|switch|p1a: Pecharunt|Pecharunt, tera:Ghost|74/100
|move|p2a: Ting-Lu|Ruination|p1a: Pecharunt
|-damage|p1a: Pecharunt|37/100
|
|-heal|p2a: Ting-Lu|86/100|[from] item: Leftovers
|upkeep
|turn|32
|
|t:|1759001083
|switch|p2a: Zapdos|Zapdos|100/100
|move|p1a: Pecharunt|Malignant Chain|p2a: Zapdos
|-damage|p2a: Zapdos|64/100
|-status|p2a: Zapdos|tox
|-start|p2a: Zapdos|confusion|[from] ability: Poison Puppeteer|[of] p1a: Pecharunt
|
|-damage|p2a: Zapdos|58/100 tox|[from] psn
|upkeep
|turn|33
|
|t:|1759001090
|-activate|p2a: Zapdos|confusion
|move|p2a: Zapdos|Volt Switch|p1a: Pecharunt
|-damage|p1a: Pecharunt|0 fnt
|faint|p1a: Pecharunt
|
|t:|1759001097
|switch|p2a: Dragapult|Dragapult, M, tera:Dragon|12/100|[from] Volt Switch
|
|upkeep
|
|t:|1759001105
|switch|p1a: Raging Bolt|Raging Bolt|81/100
|-damage|p1a: Raging Bolt|68/100|[from] Stealth Rock
|turn|34
|
|t:|1759001114
|move|p1a: Raging Bolt|Thunderclap|p2a: Dragapult
|-resisted|p2a: Dragapult
|-damage|p2a: Dragapult|0 fnt
|-start|p1a: Raging Bolt|Disable|Thunderclap|[from] ability: Cursed Body|[of] p2a: Dragapult
|faint|p2a: Dragapult
|
|-heal|p1a: Raging Bolt|75/100|[from] item: Leftovers
|upkeep
|
|t:|1759001121
|switch|p2a: Ting-Lu|Ting-Lu|86/100
|-damage|p2a: Ting-Lu|80/100|[from] Stealth Rock
|-ability|p2a: Ting-Lu|Vessel of Ruin
|turn|35
|
|t:|1759001127
|-end|p1a: Raging Bolt|Protosynthesis|[silent]
|switch|p1a: Alomomola|Alomomola, M|39/100
|move|p2a: Ting-Lu|Earthquake|p1a: Alomomola
|-damage|p1a: Alomomola|21/100
|
|-heal|p2a: Ting-Lu|86/100|[from] item: Leftovers
|upkeep
|turn|36
|
|t:|1759001134
|move|p2a: Ting-Lu|Earthquake|p1a: Alomomola
|-damage|p1a: Alomomola|3/100
|move|p1a: Alomomola|Wish|p1a: Alomomola
|
|-heal|p2a: Ting-Lu|92/100|[from] item: Leftovers
|upkeep
|turn|37
|
|t:|1759001144
|move|p2a: Ting-Lu|Earthquake|p1a: Alomomola
|-damage|p1a: Alomomola|0 fnt
|faint|p1a: Alomomola
|
|-heal|p2a: Ting-Lu|99/100|[from] item: Leftovers
|upkeep
|-message|Rabzzz forfeited.
|
|win|Shibuya Arc
|raw|Rabzzz's rating: 1643 &rarr; <strong>1630</strong><br />(-13 for losing)
|raw|Shibuya Arc's rating: 1778 &rarr; <strong>1791</strong><br />(+13 for winning)
