|badge|p2|bronze|gen9ou|100-6
|uhtml|medal-msg|<div class="broadcast-blue">Curious what those medals under the avatar are? PS now has Ladder Seasons! For more information, check out the <a href="https://www.smogon.com/forums/threads/3740067/">thread on Smogon.</a></div>
|j|☆LegitimatePotato
|j|☆winslowyoudog
|t:|1758916862
|gametype|singles
|player|p1|LegitimatePotato|ltsurge|1733
|player|p2|winslowyoudog|102|1794
|gen|9
|tier|[Gen 9] OU
|rated|
|rule|HP Percentage Mod: HP is shown in percentages
|rule|Endless Battle Clause: Forcing endless battles is banned
|rule|Species Clause: Limit one of each Pokémon
|rule|OHKO Clause: OHKO moves are banned
|rule|Evasion Items Clause: Evasion items are banned
|rule|Evasion Moves Clause: Evasion moves are banned
|rule|Evasion Abilities Clause: Evasion abilities are banned
|rule|Sleep Moves Clause: Sleep-inducing moves are banned
|clearpoke
|poke|p1|Landorus-Therian, M|
|poke|p1|Samurott-Hisui, M|
|poke|p1|Pecharunt|
|poke|p1|Scizor, F|
|poke|p1|Latios, M|
|poke|p1|Zamazenta-*|
|poke|p2|Darkrai|
|poke|p2|Enamorus, F|
|poke|p2|Cinderace, M|
|poke|p2|Great Tusk|
|poke|p2|Alomomola, F|
|poke|p2|Amoonguss, M|
|teampreview
|inactive|Battle timer is ON: inactive players will automatically lose when time's up. (requested by LegitimatePotato)
|
|t:|1758916881
|teamsize|p1|6
|teamsize|p2|6
|start
|switch|p1a: Pecharunt|Pecharunt|100/100
|switch|p2a: Darkrai|Darkrai|100/100
|turn|1
|
|t:|1758916888
|switch|p1a: Samurott|Samurott-Hisui, M|100/100
|move|p2a: Darkrai|Knock Off|p1a: Samurott
|-resisted|p1a: Samurott
|-damage|p1a: Samurott|83/100
|-enditem|p1a: Samurott|Assault Vest|[from] move: Knock Off|[of] p2a: Darkrai
|
|upkeep
|turn|2
|
|t:|1758916893
|move|p2a: Darkrai|Will-O-Wisp|p1a: Samurott|[miss]
|-miss|p2a: Darkrai|p1a: Samurott
|move|p1a: Samurott|Ceaseless Edge|p2a: Darkrai
|-resisted|p2a: Darkrai
|-damage|p2a: Darkrai|64/100
|-sidestart|p2: winslowyoudog|Spikes
|
|upkeep
|turn|3
|
|t:|1758916901
|move|p2a: Darkrai|Will-O-Wisp|p1a: Samurott
|-status|p1a: Samurott|brn
|move|p1a: Samurott|Ceaseless Edge|p2a: Darkrai
|-resisted|p2a: Darkrai
|-damage|p2a: Darkrai|45/100
|-sidestart|p2: winslowyoudog|Spikes
|
|-damage|p1a: Samurott|76/100 brn|[from] brn
|upkeep
|turn|4
|
|t:|1758916917
|switch|p2a: Enamorus|Enamorus, F|100/100
|move|p1a: Samurott|Knock Off|p2a: Enamorus
|-resisted|p2a: Enamorus
|-damage|p2a: Enamorus|81/100
|-enditem|p2a: Enamorus|Choice Specs|[from] move: Knock Off|[of] p1a: Samurott
|
|-damage|p1a: Samurott|70/100 brn|[from] brn
|upkeep
|turn|5
|j| 976-EVILL
|
|t:|1758916927
|switch|p1a: Pecharunt|Pecharunt|100/100
|move|p2a: Enamorus|Mystical Fire|p1a: Pecharunt
|-damage|p1a: Pecharunt|72/100
|-unboost|p1a: Pecharunt|spa|1
|
|upkeep
|turn|6
|
|t:|1758916937
|move|p2a: Enamorus|Earth Power|p1a: Pecharunt
|-supereffective|p1a: Pecharunt
|-damage|p1a: Pecharunt|4/100
|move|p1a: Pecharunt|Malignant Chain|p2a: Enamorus
|-supereffective|p2a: Enamorus
|-damage|p2a: Enamorus|20/100
|
|upkeep
|turn|7
|
|t:|1758916946
|move|p2a: Enamorus|Moonblast|p1a: Pecharunt
|-resisted|p1a: Pecharunt
|-damage|p1a: Pecharunt|0 fnt
|faint|p1a: Pecharunt
|
|upkeep
|
|t:|1758916950
|switch|p1a: Scizor|Scizor, F|100/100
|turn|8
|
|t:|1758916958
|move|p1a: Scizor|Bullet Punch|p2a: Enamorus
|-supereffective|p2a: Enamorus
|-damage|p2a: Enamorus|0 fnt
|faint|p2a: Enamorus
|
|upkeep
|
|t:|1758916962
|switch|p2a: Cinderace|Cinderace, M|100/100
|turn|9
|
|t:|1758916971
|move|p2a: Cinderace|Court Change|p2a: Cinderace
|-start|p2a: Cinderace|typechange|Normal|[from] ability: Libero
|-swapsideconditions
|-activate|p2a: Cinderace|move: Court Change
|move|p1a: Scizor|Knock Off|p2a: Cinderace
|-damage|p2a: Cinderace|55/100
|-enditem|p2a: Cinderace|Heavy-Duty Boots|[from] move: Knock Off|[of] p1a: Scizor
|
|upkeep
|turn|10
|
|t:|1758916991
|switch|p1a: Landorus|Landorus-Therian, M|100/100
|-ability|p1a: Landorus|Intimidate|boost
|-unboost|p2a: Cinderace|atk|1
|move|p2a: Cinderace|Pyro Ball|p1a: Landorus
|-damage|p1a: Landorus|81/100
|
|upkeep
|turn|11
|
|t:|1758916998
|move|p2a: Cinderace|Will-O-Wisp|p1a: Landorus
|-status|p1a: Landorus|brn
|move|p1a: Landorus|Stealth Rock|p2a: Cinderace
|-sidestart|p2: winslowyoudog|move: Stealth Rock
|
|-damage|p1a: Landorus|75/100 brn|[from] brn
|upkeep
|turn|12
|
|t:|1758917015
|move|p2a: Cinderace|U-turn|p1a: Landorus
|-resisted|p1a: Landorus
|-damage|p1a: Landorus|70/100 brn
|-damage|p2a: Cinderace|38/100|[from] item: Rocky Helmet|[of] p1a: Landorus
|
|t:|1758917017
|switch|p2a: Great Tusk|Great Tusk|100/100|[from] U-turn
|-damage|p2a: Great Tusk|98/100|[from] Stealth Rock
|move|p1a: Landorus|U-turn|p2a: Great Tusk
|-resisted|p2a: Great Tusk
|-damage|p2a: Great Tusk|93/100
|
|t:|1758917028
|switch|p1a: Latios|Latios, M|100/100|[from] U-turn
|
|upkeep
|turn|13
|
|t:|1758917039
|-end|p2a: Great Tusk|Protosynthesis|[silent]
|switch|p2a: Alomomola|Alomomola, F|100/100
|-damage|p2a: Alomomola|88/100|[from] Stealth Rock
|move|p1a: Latios|Draco Meteor|p2a: Alomomola
|-damage|p2a: Alomomola|48/100
|-unboost|p1a: Latios|spa|2
|
|upkeep
|turn|14
|
|t:|1758917048
|switch|p1a: Samurott|Samurott-Hisui, M|70/100 brn
|-damage|p1a: Samurott|54/100 brn|[from] Spikes
|move|p2a: Alomomola|Flip Turn|p1a: Samurott
|-resisted|p1a: Samurott
|-damage|p1a: Samurott|44/100 brn
|
|t:|1758917057
|switch|p2a: Great Tusk|Great Tusk|93/100|[from] Flip Turn
|-damage|p2a: Great Tusk|90/100|[from] Stealth Rock
|
|-damage|p1a: Samurott|38/100 brn|[from] brn
|upkeep
|turn|15
|
|t:|1758917067
|move|p2a: Great Tusk|Close Combat|p1a: Samurott
|-supereffective|p1a: Samurott
|-damage|p1a: Samurott|0 fnt
|-unboost|p2a: Great Tusk|def|1
|-unboost|p2a: Great Tusk|spd|1
|faint|p1a: Samurott
|
|upkeep
|
|t:|1758917073
|switch|p1a: Scizor|Scizor, F|100/100
|turn|16
|
|t:|1758917093
|-end|p2a: Great Tusk|Protosynthesis|[silent]
|switch|p2a: Amoonguss|Amoonguss, M|100/100
|-damage|p2a: Amoonguss|88/100|[from] Stealth Rock
|move|p1a: Scizor|Swords Dance|p1a: Scizor
|-boost|p1a: Scizor|atk|2
|
|upkeep
|turn|17
|
|t:|1758917102
|move|p1a: Scizor|Knock Off|p2a: Amoonguss
|-damage|p2a: Amoonguss|33/100
|-enditem|p2a: Amoonguss|Eject Pack|[from] move: Knock Off|[of] p1a: Scizor
|move|p2a: Amoonguss|Foul Play|p1a: Scizor
|-damage|p1a: Scizor|17/100
|
|upkeep
|turn|18
|
|t:|1758917124
|switch|p2a: Cinderace|Cinderace, M|38/100
|-damage|p2a: Cinderace|13/100|[from] Stealth Rock
|move|p1a: Scizor|Bullet Punch|p2a: Cinderace
|-resisted|p2a: Cinderace
|-damage|p2a: Cinderace|0 fnt
|faint|p2a: Cinderace
|
|upkeep
|
|t:|1758917125
|switch|p2a: Great Tusk|Great Tusk|90/100
|-damage|p2a: Great Tusk|87/100|[from] Stealth Rock
|turn|19
|
|t:|1758917136
|move|p1a: Scizor|Bullet Punch|p2a: Great Tusk
|-damage|p2a: Great Tusk|36/100
|move|p2a: Great Tusk|Knock Off|p1a: Scizor
|-damage|p1a: Scizor|0 fnt
|-enditem|p1a: Scizor|Heavy-Duty Boots|[from] move: Knock Off|[of] p2a: Great Tusk
|faint|p1a: Scizor
|
|upkeep
|
|t:|1758917149
|switch|p1a: Latios|Latios, M|100/100
|turn|20
|j| Cheisyxhwjq
|
|t:|1758917154
|-end|p2a: Great Tusk|Protosynthesis|[silent]
|switch|p2a: Alomomola|Alomomola, F|81/100
|-damage|p2a: Alomomola|68/100|[from] Stealth Rock
|move|p1a: Latios|Calm Mind|p1a: Latios
|-boost|p1a: Latios|spa|1
|-boost|p1a: Latios|spd|1
|
|upkeep
|turn|21
|l| Cheisyxhwjq
|
|t:|1758917163
|move|p1a: Latios|Calm Mind|p1a: Latios
|-boost|p1a: Latios|spa|1
|-boost|p1a: Latios|spd|1
|move|p2a: Alomomola|Flip Turn|p1a: Latios
|-resisted|p1a: Latios
|-damage|p1a: Latios|89/100
|
|t:|1758917171
|switch|p2a: Great Tusk|Great Tusk|36/100|[from] Flip Turn
|-damage|p2a: Great Tusk|33/100|[from] Stealth Rock
|
|upkeep
|turn|22
|
|t:|1758917185
|move|p2a: Great Tusk|Knock Off|p1a: Latios
|-supereffective|p1a: Latios
|-damage|p1a: Latios|0 fnt
|-enditem|p1a: Latios|Soul Dew|[from] move: Knock Off|[of] p2a: Great Tusk
|faint|p1a: Latios
|
|upkeep
|
|t:|1758917193
|switch|p1a: Zamazenta|Zamazenta|100/100
|-damage|p1a: Zamazenta|84/100|[from] Spikes
|-ability|p1a: Zamazenta|Dauntless Shield|boost
|-boost|p1a: Zamazenta|def|1
|turn|23
|
|t:|1758917198
|-end|p2a: Great Tusk|Protosynthesis|[silent]
|switch|p2a: Amoonguss|Amoonguss, M|66/100
|-damage|p2a: Amoonguss|54/100|[from] Stealth Rock
|move|p1a: Zamazenta|Iron Defense|p1a: Zamazenta
|-boost|p1a: Zamazenta|def|2
|
|-heal|p1a: Zamazenta|90/100|[from] item: Leftovers
|upkeep
|turn|24
|
|t:|1758917203
|move|p1a: Zamazenta|Iron Defense|p1a: Zamazenta
|-boost|p1a: Zamazenta|def|2
|move|p2a: Amoonguss|Toxic|p1a: Zamazenta
|-status|p1a: Zamazenta|tox
|
|-heal|p1a: Zamazenta|96/100 tox|[from] item: Leftovers
|-damage|p1a: Zamazenta|90/100 tox|[from] psn
|upkeep
|turn|25
|
|t:|1758917209
|move|p1a: Zamazenta|Body Press|p2a: Amoonguss
|-resisted|p2a: Amoonguss
|-damage|p2a: Amoonguss|8/100
|move|p2a: Amoonguss|Leaf Storm|p1a: Zamazenta
|-damage|p1a: Zamazenta|53/100 tox
|-unboost|p2a: Amoonguss|spa|2
|
|-heal|p1a: Zamazenta|59/100 tox|[from] item: Leftovers
|-damage|p1a: Zamazenta|46/100 tox|[from] psn
|upkeep
|turn|26
|
|t:|1758917215
|move|p2a: Amoonguss|Protect|p2a: Amoonguss
|-singleturn|p2a: Amoonguss|Protect
|move|p1a: Zamazenta|Body Press|p2a: Amoonguss
|-activate|p2a: Amoonguss|move: Protect
|
|-heal|p1a: Zamazenta|53/100 tox|[from] item: Leftovers
|-damage|p1a: Zamazenta|34/100 tox|[from] psn
|upkeep
|turn|27
|
|t:|1758917225
|switch|p2a: Alomomola|Alomomola, F|100/100
|-damage|p2a: Alomomola|88/100|[from] Stealth Rock
|move|p1a: Zamazenta|Body Press|p2a: Alomomola
|-damage|p2a: Alomomola|0 fnt
|faint|p2a: Alomomola
|
|-heal|p1a: Zamazenta|40/100 tox|[from] item: Leftovers
|-damage|p1a: Zamazenta|16/100 tox|[from] psn
|upkeep
|
|t:|1758917226
|switch|p2a: Amoonguss|Amoonguss, M|41/100
|-damage|p2a: Amoonguss|29/100|[from] Stealth Rock
|turn|28
|j| Gyokuroo
|
|t:|1758917239
|move|p2a: Amoonguss|Protect|p2a: Amoonguss
|-singleturn|p2a: Amoonguss|Protect
|move|p1a: Zamazenta|Roar|p2a: Amoonguss
|drag|p2a: Darkrai|Darkrai|45/100
|-damage|p2a: Darkrai|33/100|[from] Stealth Rock
|
|-heal|p1a: Zamazenta|22/100 tox|[from] item: Leftovers
|-damage|p1a: Zamazenta|0 fnt|[from] psn
|faint|p1a: Zamazenta
|upkeep
|
|t:|1758917249
|switch|p1a: Landorus|Landorus-Therian, M|70/100 brn
|-ability|p1a: Landorus|Intimidate|boost
|-unboost|p2a: Darkrai|atk|1
|turn|29
|
|t:|1758917252
|move|p2a: Darkrai|Dark Pulse|p1a: Landorus
|-damage|p1a: Landorus|24/100 brn
|move|p1a: Landorus|Earthquake|p2a: Darkrai
|-damage|p2a: Darkrai|0 fnt
|faint|p2a: Darkrai
|
|-damage|p1a: Landorus|18/100 brn|[from] brn
|upkeep
|
|t:|1758917256
|switch|p2a: Great Tusk|Great Tusk|33/100
|-damage|p2a: Great Tusk|30/100|[from] Stealth Rock
|turn|30
|
|t:|1758917268
|move|p2a: Great Tusk|Close Combat|p1a: Landorus
|-resisted|p1a: Landorus
|-damage|p1a: Landorus|0 fnt
|-unboost|p2a: Great Tusk|def|1
|-unboost|p2a: Great Tusk|spd|1
|-damage|p2a: Great Tusk|14/100|[from] item: Rocky Helmet|[of] p1a: Landorus
|faint|p1a: Landorus
|
|win|winslowyoudog
|raw|LegitimatePotato's rating: 1733 &rarr; <strong>1716</strong><br />(-17 for losing)
|raw|winslowyoudog's rating: 1794 &rarr; <strong>1811</strong><br />(+17 for winning)
|l|☆winslowyoudog
|player|p2|
|l| Gyokuroo
|l|☆LegitimatePotato
|player|p1|
