|j|☆Mcqueenloko
|j|☆G-lolo-69
|t:|1759000258
|gametype|singles
|player|p1|Mcqueenloko|idol|1219
|player|p2|G-lolo-69|swimmerf-gen4|1202
|gen|9
|tier|[Gen 9] OU
|rated|
|rule|HP Percentage Mod: HP is shown in percentages
|rule|Endless Battle Clause: Forcing endless battles is banned
|rule|Species Clause: Limit one of each Pokémon
|rule|OHKO Clause: OHKO moves are banned
|rule|Evasion Items Clause: Evasion items are banned
|rule|Evasion Moves Clause: Evasion moves are banned
|rule|Evasion Abilities Clause: Evasion abilities are banned
|rule|Sleep Moves Clause: Sleep-inducing moves are banned
|clearpoke
|poke|p1|Scizor, M|
|poke|p1|Corviknight, M|
|poke|p1|Landorus-Therian, M|
|poke|p1|Pecharunt|
|poke|p1|Keldeo-Resolute|
|poke|p1|Ogerpon-Cornerstone, F|
|poke|p2|Breloom, M|
|poke|p2|Toxapex, M|
|poke|p2|Thundurus-Therian, M|
|poke|p2|Great Tusk|
|poke|p2|Dragonite, F|
|poke|p2|Heatran, M|
|teampreview
|inactive|Battle timer is ON: inactive players will automatically lose when time's up. (requested by Mcqueenloko)
|
|t:|1759000274
|teamsize|p1|6
|teamsize|p2|6
|start
|switch|p1a: Landorus|Landorus-Therian, M|100/100
|switch|p2a: Dragonite|Dragonite, F|100/100
|-ability|p1a: Landorus|Intimidate|boost
|-unboost|p2a: Dragonite|atk|1
|turn|1
|
|t:|1759000282
|move|p1a: Landorus|Taunt|p2a: Dragonite
|-start|p2a: Dragonite|move: Taunt
|cant|p2a: Dragonite|move: Taunt|Dragon Dance
|
|upkeep
|turn|2
|
|t:|1759000287
|move|p1a: Landorus|Stealth Rock|p2a: Dragonite
|-sidestart|p2: G-lolo-69|move: Stealth Rock
|move|p2a: Dragonite|Ice Spinner|p1a: Landorus
|-supereffective|p1a: Landorus
|-enditem|p1a: Landorus|Yache Berry|[eat]
|-enditem|p1a: Landorus|Yache Berry|[weaken]
|-damage|p1a: Landorus|54/100
|
|upkeep
|turn|3
|
|t:|1759000295
|move|p1a: Landorus|U-turn|p2a: Dragonite
|-resisted|p2a: Dragonite
|-damage|p2a: Dragonite|95/100
|
|t:|1759000299
|switch|p1a: Scizor|Scizor, M|100/100|[from] U-turn
|move|p2a: Dragonite|Ice Spinner|p1a: Scizor
|-resisted|p1a: Scizor
|-damage|p1a: Scizor|90/100
|
|-end|p2a: Dragonite|move: Taunt
|upkeep
|turn|4
|
|t:|1759000312
|switch|p2a: Heatran|Heatran, M|100/100
|-damage|p2a: Heatran|88/100|[from] Stealth Rock
|move|p1a: Scizor|Swords Dance|p1a: Scizor
|-boost|p1a: Scizor|atk|2
|
|-heal|p2a: Heatran|94/100|[from] item: Leftovers
|upkeep
|turn|5
|
|t:|1759000338
|switch|p1a: Keldeo|Keldeo-Resolute|100/100
|move|p2a: Heatran|Magma Storm|p1a: Keldeo
|-resisted|p1a: Keldeo
|-damage|p1a: Keldeo|70/100
|-activate|p1a: Keldeo|move: Magma Storm|[of] p2a: Heatran
|
|-heal|p2a: Heatran|100/100|[from] item: Leftovers
|-damage|p1a: Keldeo|57/100|[from] move: Magma Storm|[partiallytrapped]
|upkeep
|turn|6
|
|t:|1759000351
|switch|p2a: Toxapex|Toxapex, M|100/100
|-damage|p2a: Toxapex|88/100|[from] Stealth Rock
|move|p1a: Keldeo|Surf|p2a: Toxapex
|-resisted|p2a: Toxapex
|-damage|p2a: Toxapex|63/100
|
|-heal|p2a: Toxapex|69/100|[from] item: Black Sludge
|-end|p1a: Keldeo|Magma Storm|[partiallytrapped]|[silent]
|upkeep
|turn|7
|
|t:|1759000362
|switch|p1a: Pecharunt|Pecharunt|100/100
|move|p2a: Toxapex|Sludge Bomb|p1a: Pecharunt
|-resisted|p1a: Pecharunt
|-damage|p1a: Pecharunt|95/100
|
|-heal|p2a: Toxapex|75/100|[from] item: Black Sludge
|upkeep
|turn|8
|
|t:|1759000374
|switch|p2a: Heatran|Heatran, M|100/100
|-damage|p2a: Heatran|88/100|[from] Stealth Rock
|move|p1a: Pecharunt|Hex|p2a: Heatran
|-damage|p2a: Heatran|66/100
|
|-heal|p2a: Heatran|73/100|[from] item: Leftovers
|upkeep
|turn|9
|
|t:|1759000388
|move|p1a: Pecharunt|Parting Shot|p2a: Heatran
|-unboost|p2a: Heatran|atk|1
|-unboost|p2a: Heatran|spa|1
|
|t:|1759000395
|switch|p1a: Keldeo|Keldeo-Resolute|57/100|[from] Parting Shot
|move|p2a: Heatran|Stealth Rock|p1a: Keldeo
|-sidestart|p1: Mcqueenloko|move: Stealth Rock
|
|-heal|p2a: Heatran|79/100|[from] item: Leftovers
|upkeep
|turn|10
|
|t:|1759000416
|switch|p2a: Toxapex|Toxapex, M|100/100
|-damage|p2a: Toxapex|88/100|[from] Stealth Rock
|move|p1a: Keldeo|Calm Mind|p1a: Keldeo
|-boost|p1a: Keldeo|spa|1
|-boost|p1a: Keldeo|spd|1
|
|-heal|p2a: Toxapex|94/100|[from] item: Black Sludge
|upkeep
|turn|11
|
|t:|1759000426
|move|p1a: Keldeo|Surf|p2a: Toxapex
|-resisted|p2a: Toxapex
|-damage|p2a: Toxapex|59/100
|move|p2a: Toxapex|Sludge Bomb|p1a: Keldeo
|-damage|p1a: Keldeo|39/100
|
|-heal|p2a: Toxapex|65/100|[from] item: Black Sludge
|upkeep
|turn|12
|
|t:|1759000436
|move|p1a: Keldeo|Surf|p2a: Toxapex
|-resisted|p2a: Toxapex
|-damage|p2a: Toxapex|33/100
|move|p2a: Toxapex|Sludge Bomb|p1a: Keldeo
|-damage|p1a: Keldeo|20/100
|
|-heal|p2a: Toxapex|39/100|[from] item: Black Sludge
|upkeep
|turn|13
|
|t:|1759000449
|move|p1a: Keldeo|Surf|p2a: Toxapex
|-resisted|p2a: Toxapex
|-damage|p2a: Toxapex|4/100
|move|p2a: Toxapex|Sludge Bomb|p1a: Keldeo
|-damage|p1a: Keldeo|1/100
|
|-heal|p2a: Toxapex|10/100|[from] item: Black Sludge
|upkeep
|turn|14
|
|t:|1759000458
|move|p1a: Keldeo|Secret Sword|p2a: Toxapex
|-resisted|p2a: Toxapex
|-damage|p2a: Toxapex|0 fnt
|faint|p2a: Toxapex
|
|upkeep
|
|t:|1759000466
|switch|p2a: Breloom|Breloom, M|100/100
|-damage|p2a: Breloom|94/100|[from] Stealth Rock
|turn|15
|
|t:|1759000472
|move|p1a: Keldeo|Vacuum Wave|p2a: Breloom
|-damage|p2a: Breloom|33/100
|move|p2a: Breloom|Mach Punch|p1a: Keldeo
|-damage|p1a: Keldeo|0 fnt
|faint|p1a: Keldeo
|
|upkeep
|
|t:|1759000480
|switch|p1a: Landorus|Landorus-Therian, M|54/100
|-damage|p1a: Landorus|42/100|[from] Stealth Rock
|-ability|p1a: Landorus|Intimidate|boost
|-unboost|p2a: Breloom|atk|1
|turn|16
|
|t:|1759000490
|move|p2a: Breloom|Mach Punch|p1a: Landorus
|-resisted|p1a: Landorus
|-damage|p1a: Landorus|24/100
|move|p1a: Landorus|U-turn|p2a: Breloom
|-damage|p2a: Breloom|0 fnt
|faint|p2a: Breloom
|
|t:|1759000501
|switch|p1a: Ogerpon|Ogerpon-Cornerstone, F|100/100|[from] U-turn
|-damage|p1a: Ogerpon|88/100|[from] Stealth Rock
|
|upkeep
|
|t:|1759000508
|switch|p2a: Heatran|Heatran, M|79/100
|-damage|p2a: Heatran|66/100|[from] Stealth Rock
|turn|17
|
|t:|1759000516
|-terastallize|p1a: Ogerpon|Rock
|detailschange|p1a: Ogerpon|Ogerpon-Cornerstone-Tera, F, tera:Rock
|-ability|p1a: Ogerpon|Embody Aspect (Cornerstone)|boost
|-boost|p1a: Ogerpon|def|1
|move|p1a: Ogerpon|Ivy Cudgel|p2a: Heatran|[anim] Ivy Cudgel Rock
|-crit|p2a: Heatran
|-damage|p2a: Heatran|0 fnt
|faint|p2a: Heatran
|
|upkeep
|
|t:|1759000528
|switch|p2a: Great Tusk|Great Tusk|100/100
|-damage|p2a: Great Tusk|98/100|[from] Stealth Rock
|-enditem|p2a: Great Tusk|Booster Energy
|-activate|p2a: Great Tusk|ability: Protosynthesis|[fromitem]
|-start|p2a: Great Tusk|protosynthesisatk
|turn|18
|
|t:|1759000538
|move|p1a: Ogerpon|U-turn|p2a: Great Tusk
|-resisted|p2a: Great Tusk
|-damage|p2a: Great Tusk|88/100
|
|t:|1759000541
|switch|p1a: Corviknight|Corviknight, M, shiny|100/100|[from] U-turn
|-damage|p1a: Corviknight|88/100|[from] Stealth Rock
|-ability|p1a: Corviknight|Pressure
|move|p2a: Great Tusk|Knock Off|p1a: Corviknight
|-damage|p1a: Corviknight|58/100
|-damage|p2a: Great Tusk|72/100|[from] item: Rocky Helmet|[of] p1a: Corviknight
|-enditem|p1a: Corviknight|Rocky Helmet|[from] move: Knock Off|[of] p2a: Great Tusk
|
|upkeep
|turn|19
|
|t:|1759000553
|move|p2a: Great Tusk|Close Combat|p1a: Corviknight
|-damage|p1a: Corviknight|3/100
|-unboost|p2a: Great Tusk|def|1
|-unboost|p2a: Great Tusk|spd|1
|move|p1a: Corviknight|Roost|p1a: Corviknight
|-heal|p1a: Corviknight|53/100
|-singleturn|p1a: Corviknight|move: Roost
|
|upkeep
|turn|20
|
|t:|1759000564
|move|p2a: Great Tusk|Close Combat|p1a: Corviknight
|-damage|p1a: Corviknight|1/100
|-unboost|p2a: Great Tusk|def|1
|-unboost|p2a: Great Tusk|spd|1
|move|p1a: Corviknight|Body Press|p2a: Great Tusk
|-damage|p2a: Great Tusk|34/100
|
|upkeep
|turn|21
|inactive|Mcqueenloko has 120 seconds left.
|
|t:|1759000596
|move|p2a: Great Tusk|Rapid Spin|p1a: Corviknight
|-resisted|p1a: Corviknight
|-damage|p1a: Corviknight|0 fnt
|-boost|p2a: Great Tusk|spe|1
|-sideend|p2: G-lolo-69|Stealth Rock|[from] move: Rapid Spin|[of] p2a: Great Tusk
|faint|p1a: Corviknight
|
|upkeep
|
|t:|1759000600
|switch|p1a: Scizor|Scizor, M|90/100
|-damage|p1a: Scizor|78/100|[from] Stealth Rock
|turn|22
|
|t:|1759000609
|move|p1a: Scizor|Bullet Punch|p2a: Great Tusk
|-damage|p2a: Great Tusk|0 fnt
|faint|p2a: Great Tusk
|-end|p2a: Great Tusk|Protosynthesis|[silent]
|
|upkeep
|
|t:|1759000631
|switch|p2a: Thundurus|Thundurus-Therian, M|100/100
|turn|23
|
|t:|1759000638
|-terastallize|p2a: Thundurus|Water
|move|p2a: Thundurus|Nasty Plot|p2a: Thundurus
|-boost|p2a: Thundurus|spa|2
|move|p1a: Scizor|Knock Off|p2a: Thundurus
|-damage|p2a: Thundurus|36/100
|-enditem|p2a: Thundurus|Life Orb|[from] move: Knock Off|[of] p1a: Scizor
|
|upkeep
|turn|24
|
|t:|1759000650
|move|p2a: Thundurus|Discharge|p1a: Scizor
|-damage|p1a: Scizor|0 fnt
|faint|p1a: Scizor
|
|upkeep
|
|t:|1759000659
|switch|p1a: Landorus|Landorus-Therian, M|24/100
|-damage|p1a: Landorus|12/100|[from] Stealth Rock
|-ability|p1a: Landorus|Intimidate|boost
|-unboost|p2a: Thundurus|atk|1
|turn|25
|
|t:|1759000665
|move|p2a: Thundurus|Tera Blast|p1a: Landorus|[anim] Tera Blast Water
|-supereffective|p1a: Landorus
|-damage|p1a: Landorus|0 fnt
|faint|p1a: Landorus
|
|upkeep
|
|t:|1759000668
|switch|p1a: Ogerpon|Ogerpon-Cornerstone-Tera, F, tera:Rock|88/100
|-damage|p1a: Ogerpon|76/100|[from] Stealth Rock
|-ability|p1a: Ogerpon|Embody Aspect (Cornerstone)|boost
|-boost|p1a: Ogerpon|def|1
|turn|26
|
|t:|1759000678
|move|p1a: Ogerpon|Horn Leech|p2a: Thundurus
|-supereffective|p2a: Thundurus
|-damage|p2a: Thundurus|0 fnt
|-heal|p1a: Ogerpon|94/100|[from] drain|[of] p2a: Thundurus
|faint|p2a: Thundurus
|
|upkeep
|
|t:|1759000685
|switch|p2a: Dragonite|Dragonite, F|95/100
|turn|27
|
|t:|1759000690
|move|p1a: Ogerpon|Ivy Cudgel|p2a: Dragonite|[anim] Ivy Cudgel Rock
|-supereffective|p2a: Dragonite
|-damage|p2a: Dragonite|0 fnt
|faint|p2a: Dragonite
|
|win|Mcqueenloko
|raw|Mcqueenloko's rating: 1219 &rarr; <strong>1243</strong><br />(+24 for winning)
|raw|G-lolo-69's rating: 1202 &rarr; <strong>1178</strong><br />(-24 for losing)
