|j|☆alpoudin
|j|☆Norbert71
|t:|1758985067
|gametype|singles
|player|p1|alpoudin|1|1307
|player|p2|Norbert71|colress|1334
|gen|9
|tier|[Gen 9] OU
|rated|
|rule|HP Percentage Mod: HP is shown in percentages
|rule|Endless Battle Clause: Forcing endless battles is banned
|rule|Species Clause: Limit one of each Pokémon
|rule|OHKO Clause: OHKO moves are banned
|rule|Evasion Items Clause: Evasion items are banned
|rule|Evasion Moves Clause: Evasion moves are banned
|rule|Evasion Abilities Clause: Evasion abilities are banned
|rule|Sleep Moves Clause: Sleep-inducing moves are banned
|clearpoke
|poke|p1|Lokix, F|
|poke|p1|Cinderace, F|
|poke|p1|Great Tusk|
|poke|p1|Alomomola, F|
|poke|p1|Enamorus, F|
|poke|p1|Slowking-Galar, M|
|poke|p2|Alomomola, F|
|poke|p2|Heatran, M|
|poke|p2|Ogerpon-Cornerstone, F|
|poke|p2|Raging Bolt|
|poke|p2|Great Tusk|
|poke|p2|Iron Valiant|
|teampreview
|inactive|Battle timer is ON: inactive players will automatically lose when time's up. (requested by Norbert71)
|
|t:|1758985073
|teamsize|p1|6
|teamsize|p2|6
|start
|switch|p1a: Lokix|Lokix, F|100/100
|switch|p2a: Ogerpon|Ogerpon-Cornerstone, F|100/100
|turn|1
|
|t:|1758985078
|switch|p2a: Alomomola|Alomomola, F|100/100
|switch|p1a: Great Tusk|Great Tusk|100/100
|
|upkeep
|turn|2
|
|t:|1758985082
|move|p1a: Great Tusk|Knock Off|p2a: Alomomola
|-damage|p2a: Alomomola|86/100
|-damage|p1a: Great Tusk|84/100|[from] item: Rocky Helmet|[of] p2a: Alomomola
|-enditem|p2a: Alomomola|Rocky Helmet|[from] move: Knock Off|[of] p1a: Great Tusk
|move|p2a: Alomomola|Flip Turn|p1a: Great Tusk
|-supereffective|p1a: Great Tusk
|-damage|p1a: Great Tusk|67/100
|
|t:|1758985089
|switch|p2a: Iron Valiant|Iron Valiant|100/100|[from] Flip Turn
|-enditem|p2a: Iron Valiant|Booster Energy
|-activate|p2a: Iron Valiant|ability: Quark Drive|[fromitem]
|-start|p2a: Iron Valiant|quarkdrivespe
|
|-heal|p1a: Great Tusk|73/100|[from] item: Leftovers
|upkeep
|turn|3
|
|t:|1758985094
|-end|p1a: Great Tusk|Protosynthesis|[silent]
|switch|p1a: Alomomola|Alomomola, F|100/100
|move|p2a: Iron Valiant|Calm Mind|p2a: Iron Valiant
|-boost|p2a: Iron Valiant|spa|1
|-boost|p2a: Iron Valiant|spd|1
|
|upkeep
|turn|4
|
|t:|1758985099
|move|p2a: Iron Valiant|Moonblast|p1a: Alomomola
|-damage|p1a: Alomomola|67/100
|-unboost|p1a: Alomomola|spa|1
|move|p1a: Alomomola|Body Slam|p2a: Iron Valiant
|-damage|p2a: Iron Valiant|82/100
|
|upkeep
|turn|5
|
|t:|1758985111
|move|p2a: Iron Valiant|Calm Mind|p2a: Iron Valiant
|-boost|p2a: Iron Valiant|spa|1
|-boost|p2a: Iron Valiant|spd|1
|move|p1a: Alomomola|Mirror Coat||[still]
|-fail|p1a: Alomomola
|
|upkeep
|turn|6
|
|t:|1758985121
|switch|p1a: Cinderace|Cinderace, F|100/100
|move|p2a: Iron Valiant|Encore||[still]
|-fail|p2a: Iron Valiant
|
|upkeep
|turn|7
|
|t:|1758985128
|move|p2a: Iron Valiant|Psyshock|p1a: Cinderace
|-damage|p1a: Cinderace|33/100
|move|p1a: Cinderace|Pyro Ball|p2a: Iron Valiant
|-damage|p2a: Iron Valiant|0 fnt
|faint|p2a: Iron Valiant
|-end|p2a: Iron Valiant|Quark Drive|[silent]
|
|upkeep
|
|t:|1758985136
|switch|p2a: Alomomola|Alomomola, F|100/100
|turn|8
|
|t:|1758985142
|move|p1a: Cinderace|Will-O-Wisp|p2a: Alomomola
|-status|p2a: Alomomola|brn
|move|p2a: Alomomola|Flip Turn|p1a: Cinderace
|-supereffective|p1a: Cinderace
|-damage|p1a: Cinderace|13/100
|
|t:|1758985153
|switch|p2a: Heatran|Heatran, M|100/100|[from] Flip Turn
|-item|p2a: Heatran|Air Balloon
|
|upkeep
|turn|9
|
|t:|1758985158
|move|p1a: Cinderace|U-turn|p2a: Heatran
|-resisted|p2a: Heatran
|-damage|p2a: Heatran|96/100
|-enditem|p2a: Heatran|Air Balloon
|
|t:|1758985161
|switch|p1a: Alomomola|Alomomola, F|100/100|[from] U-turn
|move|p2a: Heatran|Flamethrower|p1a: Alomomola
|-resisted|p1a: Alomomola
|-damage|p1a: Alomomola|88/100
|
|upkeep
|turn|10
|
|t:|1758985167
|switch|p2a: Raging Bolt|Raging Bolt|100/100
|move|p1a: Alomomola|Flip Turn|p2a: Raging Bolt
|-resisted|p2a: Raging Bolt
|-damage|p2a: Raging Bolt|94/100
|
|t:|1758985176
|switch|p1a: Lokix|Lokix, F|100/100|[from] Flip Turn
|
|upkeep
|turn|11
|
|t:|1758985181
|-end|p2a: Raging Bolt|Protosynthesis|[silent]
|switch|p2a: Alomomola|Alomomola, F|100/100 brn
|-terastallize|p1a: Lokix|Bug
|move|p1a: Lokix|U-turn|p2a: Alomomola
|-damage|p2a: Alomomola|66/100 brn
|
|t:|1758985198
|switch|p1a: Slowking|Slowking-Galar, M|100/100|[from] U-turn
|
|-damage|p2a: Alomomola|59/100 brn|[from] brn
|upkeep
|turn|12
|
|t:|1758985202
|move|p2a: Alomomola|Flip Turn|p1a: Slowking
|-damage|p1a: Slowking|94/100
|
|t:|1758985206
|switch|p2a: Great Tusk|Great Tusk|100/100|[from] Flip Turn
|move|p1a: Slowking|Future Sight|p2a: Great Tusk
|-start|p1a: Slowking|move: Future Sight
|
|upkeep
|turn|13
|
|t:|1758985212
|move|p2a: Great Tusk|Knock Off|p1a: Slowking
|-supereffective|p1a: Slowking
|-damage|p1a: Slowking|44/100
|-enditem|p1a: Slowking|Shuca Berry|[from] move: Knock Off|[of] p2a: Great Tusk
|-prepare|p1a: Slowking|Chilly Reception|[premajor]
|move|p1a: Slowking|Chilly Reception|p1a: Slowking
|-weather|Snowscape
|
|t:|1758985220
|switch|p1a: Great Tusk|Great Tusk|73/100|[from] Chilly Reception
|
|-weather|Snowscape|[upkeep]
|-heal|p1a: Great Tusk|79/100|[from] item: Leftovers
|upkeep
|turn|14
|
|t:|1758985224
|-end|p2a: Great Tusk|Protosynthesis|[silent]
|switch|p2a: Alomomola|Alomomola, F|93/100 brn
|move|p1a: Great Tusk|Bulk Up|p1a: Great Tusk
|-boost|p1a: Great Tusk|atk|1
|-boost|p1a: Great Tusk|def|1
|
|-weather|Snowscape|[upkeep]
|-end|p2a: Alomomola|move: Future Sight
|-damage|p2a: Alomomola|42/100 brn
|-heal|p1a: Great Tusk|86/100|[from] item: Leftovers
|-damage|p2a: Alomomola|36/100 brn|[from] brn
|upkeep
|turn|15
|
|t:|1758985234
|move|p1a: Great Tusk|Bulk Up|p1a: Great Tusk
|-boost|p1a: Great Tusk|atk|1
|-boost|p1a: Great Tusk|def|1
|move|p2a: Alomomola|Scald|p1a: Great Tusk
|-supereffective|p1a: Great Tusk
|-damage|p1a: Great Tusk|52/100
|-status|p1a: Great Tusk|brn
|
|-weather|Snowscape|[upkeep]
|-heal|p1a: Great Tusk|59/100 brn|[from] item: Leftovers
|-damage|p1a: Great Tusk|52/100 brn|[from] brn
|-damage|p2a: Alomomola|29/100 brn|[from] brn
|upkeep
|turn|16
|
|t:|1758985244
|move|p1a: Great Tusk|Bulk Up|p1a: Great Tusk
|-boost|p1a: Great Tusk|atk|1
|-boost|p1a: Great Tusk|def|1
|move|p2a: Alomomola|Flip Turn|p1a: Great Tusk
|-supereffective|p1a: Great Tusk
|-damage|p1a: Great Tusk|49/100 brn
|
|t:|1758985257
|switch|p2a: Raging Bolt|Raging Bolt|94/100|[from] Flip Turn
|
|-weather|Snowscape|[upkeep]
|-heal|p1a: Great Tusk|55/100 brn|[from] item: Leftovers
|-damage|p1a: Great Tusk|49/100 brn|[from] brn
|upkeep
|turn|17
|
|t:|1758985261
|-terastallize|p2a: Raging Bolt|Ice
|move|p1a: Great Tusk|Earthquake|p2a: Raging Bolt
|-damage|p2a: Raging Bolt|65/100
|move|p2a: Raging Bolt|Tera Blast|p1a: Great Tusk|[anim] Tera Blast Ice
|-supereffective|p1a: Great Tusk
|-damage|p1a: Great Tusk|0 fnt
|faint|p1a: Great Tusk
|-end|p1a: Great Tusk|Protosynthesis|[silent]
|
|-weather|none
|upkeep
|
|t:|1758985273
|switch|p1a: Alomomola|Alomomola, F|100/100
|turn|18
|
|t:|1758985275
|move|p2a: Raging Bolt|Volt Switch|p1a: Alomomola
|-supereffective|p1a: Alomomola
|-damage|p1a: Alomomola|58/100
|
|t:|1758985279
|-end|p2a: Raging Bolt|Protosynthesis|[silent]
|switch|p2a: Alomomola|Alomomola, F|63/100 brn|[from] Volt Switch
|move|p1a: Alomomola|Mirror Coat|p2a: Alomomola
|-damage|p2a: Alomomola|0 fnt
|faint|p2a: Alomomola
|
|upkeep
|
|t:|1758985284
|switch|p2a: Ogerpon|Ogerpon-Cornerstone, F|100/100
|turn|19
|
|t:|1758985290
|switch|p1a: Slowking|Slowking-Galar, M|77/100
|move|p2a: Ogerpon|Ivy Cudgel|p1a: Slowking|[anim] Ivy Cudgel Rock
|-damage|p1a: Slowking|33/100
|
|upkeep
|turn|20
|
|t:|1758985297
|switch|p1a: Alomomola|Alomomola, F|91/100
|move|p2a: Ogerpon|Ivy Cudgel|p1a: Alomomola|[anim] Ivy Cudgel Rock
|-crit|p1a: Alomomola
|-damage|p1a: Alomomola|22/100
|
|upkeep
|turn|21
|
|t:|1758985302
|switch|p1a: Slowking|Slowking-Galar, M|66/100
|move|p2a: Ogerpon|Ivy Cudgel|p1a: Slowking|[anim] Ivy Cudgel Rock
|-damage|p1a: Slowking|26/100
|
|upkeep
|turn|22
|
|t:|1758985310
|move|p2a: Ogerpon|Swords Dance|p2a: Ogerpon
|-boost|p2a: Ogerpon|atk|2
|move|p1a: Slowking|Future Sight|p2a: Ogerpon
|-start|p1a: Slowking|move: Future Sight
|
|upkeep
|turn|23
|
|t:|1758985313
|move|p2a: Ogerpon|Ivy Cudgel|p1a: Slowking|[anim] Ivy Cudgel Rock
|-damage|p1a: Slowking|0 fnt
|faint|p1a: Slowking
|
|upkeep
|
|t:|1758985317
|switch|p1a: Cinderace|Cinderace, F|13/100
|turn|24
|
|t:|1758985323
|switch|p2a: Heatran|Heatran, M|96/100
|move|p1a: Cinderace|Pyro Ball|p2a: Heatran
|-start|p2a: Heatran|ability: Flash Fire
|
|-end|p2a: Heatran|move: Future Sight
|-resisted|p2a: Heatran
|-damage|p2a: Heatran|74/100
|upkeep
|turn|25
|
|t:|1758985327
|move|p1a: Cinderace|U-turn|p2a: Heatran
|-resisted|p2a: Heatran
|-damage|p2a: Heatran|70/100
|
|t:|1758985331
|switch|p1a: Alomomola|Alomomola, F|55/100|[from] U-turn
|move|p2a: Heatran|Stealth Rock|p1a: Alomomola
|-sidestart|p1: alpoudin|move: Stealth Rock
|
|upkeep
|turn|26
|
|t:|1758985337
|-end|p2a: Heatran|ability: Flash Fire|[silent]
|switch|p2a: Raging Bolt|Raging Bolt, tera:Ice|65/100
|move|p1a: Alomomola|Flip Turn|p2a: Raging Bolt
|-damage|p2a: Raging Bolt|52/100
|
|t:|1758985349
|switch|p1a: Cinderace|Cinderace, F|13/100|[from] Flip Turn
|
|upkeep
|turn|27
|
|t:|1758985352
|move|p2a: Raging Bolt|Thunderclap||[still]
|-fail|p2a: Raging Bolt
|move|p1a: Cinderace|Court Change|p1a: Cinderace
|-swapsideconditions
|-activate|p1a: Cinderace|move: Court Change
|
|upkeep
|turn|28
|
|t:|1758985358
|switch|p1a: Alomomola|Alomomola, F|89/100
|move|p2a: Raging Bolt|Thunderclap||[still]
|-fail|p2a: Raging Bolt
|
|upkeep
|turn|29
|
|t:|1758985364
|-end|p2a: Raging Bolt|Protosynthesis|[silent]
|switch|p2a: Great Tusk|Great Tusk|100/100
|-damage|p2a: Great Tusk|97/100|[from] Stealth Rock
|move|p1a: Alomomola|Mirror Coat||[still]
|-fail|p1a: Alomomola
|
|upkeep
|turn|30
|
|t:|1758985368
|move|p2a: Great Tusk|Rapid Spin|p1a: Alomomola
|-damage|p1a: Alomomola|74/100
|-boost|p2a: Great Tusk|spe|1
|-sideend|p2: Norbert71|Stealth Rock|[from] move: Rapid Spin|[of] p2a: Great Tusk
|move|p1a: Alomomola|Flip Turn|p2a: Great Tusk
|-supereffective|p2a: Great Tusk
|-damage|p2a: Great Tusk|77/100
|
|t:|1758985371
|switch|p1a: Enamorus|Enamorus, F|100/100|[from] Flip Turn
|
|upkeep
|turn|31
|
|t:|1758985378
|-end|p2a: Great Tusk|Protosynthesis|[silent]
|switch|p2a: Heatran|Heatran, M|70/100
|move|p1a: Enamorus|Earth Power|p2a: Heatran
|-supereffective|p2a: Heatran
|-damage|p2a: Heatran|0 fnt
|faint|p2a: Heatran
|
|upkeep
|
|t:|1758985388
|switch|p2a: Ogerpon|Ogerpon-Cornerstone, F|100/100
|turn|32
|
|t:|1758985399
|move|p1a: Enamorus|Earth Power|p2a: Ogerpon
|-damage|p2a: Ogerpon|62/100
|move|p2a: Ogerpon|Ivy Cudgel|p1a: Enamorus|[anim] Ivy Cudgel Rock
|-supereffective|p1a: Enamorus
|-damage|p1a: Enamorus|0 fnt
|faint|p1a: Enamorus
|
|upkeep
|
|t:|1758985405
|switch|p1a: Lokix|Lokix, F, tera:Bug|100/100
|turn|33
|
|t:|1758985413
|switch|p2a: Raging Bolt|Raging Bolt, tera:Ice|52/100
|move|p1a: Lokix|First Impression|p2a: Raging Bolt
|-damage|p2a: Raging Bolt|0 fnt
|faint|p2a: Raging Bolt
|-end|p2a: Raging Bolt|Protosynthesis|[silent]
|
|upkeep
|
|t:|1758985418
|switch|p2a: Great Tusk|Great Tusk|77/100
|turn|34
|
|t:|1758985425
|switch|p1a: Alomomola|Alomomola, F|100/100
|move|p2a: Great Tusk|Earthquake|p1a: Alomomola
|-damage|p1a: Alomomola|62/100
|
|upkeep
|turn|35
|
|t:|1758985434
|move|p2a: Great Tusk|Earthquake|p1a: Alomomola
|-damage|p1a: Alomomola|21/100
|move|p1a: Alomomola|Flip Turn|p2a: Great Tusk
|-supereffective|p2a: Great Tusk
|-damage|p2a: Great Tusk|55/100
|
|t:|1758985447
|switch|p1a: Cinderace|Cinderace, F|13/100|[from] Flip Turn
|
|upkeep
|turn|36
|
|t:|1758985452
|move|p1a: Cinderace|Pyro Ball|p2a: Great Tusk
|-damage|p2a: Great Tusk|11/100
|move|p2a: Great Tusk|Rapid Spin|p1a: Cinderace
|-damage|p1a: Cinderace|0 fnt
|-boost|p2a: Great Tusk|spe|1
|faint|p1a: Cinderace
|
|upkeep
|
|t:|1758985456
|switch|p1a: Lokix|Lokix, F, tera:Bug|100/100
|turn|37
|
|t:|1758985459
|move|p1a: Lokix|First Impression|p2a: Great Tusk
|-resisted|p2a: Great Tusk
|-damage|p2a: Great Tusk|0 fnt
|faint|p2a: Great Tusk
|-end|p2a: Great Tusk|Protosynthesis|[silent]
|
|upkeep
|
|t:|1758985461
|switch|p2a: Ogerpon|Ogerpon-Cornerstone, F|62/100
|turn|38
|
|t:|1758985464
|switch|p1a: Alomomola|Alomomola, F|54/100
|move|p2a: Ogerpon|Ivy Cudgel|p1a: Alomomola|[anim] Ivy Cudgel Rock
|-damage|p1a: Alomomola|12/100
|
|upkeep
|turn|39
|
|t:|1758985469
|move|p1a: Alomomola|Aqua Jet|p2a: Ogerpon
|-damage|p2a: Ogerpon|46/100
|move|p2a: Ogerpon|Ivy Cudgel|p1a: Alomomola|[anim] Ivy Cudgel Rock
|-crit|p1a: Alomomola
|-damage|p1a: Alomomola|0 fnt
|faint|p1a: Alomomola
|
|upkeep
|
|t:|1758985474
|switch|p1a: Lokix|Lokix, F, tera:Bug|100/100
|turn|40
|
|t:|1758985477
|move|p1a: Lokix|First Impression|p2a: Ogerpon
|-supereffective|p2a: Ogerpon
|-damage|p2a: Ogerpon|0 fnt
|faint|p2a: Ogerpon
|
|win|alpoudin
|raw|alpoudin's rating: 1307 &rarr; <strong>1329</strong><br />(+22 for winning)
|raw|Norbert71's rating: 1334 &rarr; <strong>1312</strong><br />(-22 for losing)
|l|☆Norbert71
|player|p2|
