|j|☆yeyibu
|j|☆Calcublast
|t:|1759068619
|gametype|singles
|player|p1|yeyibu|miku-ghost|1448
|player|p2|Calcublast|thorton|1356
|gen|9
|tier|[Gen 9] OU
|rated|
|rule|HP Percentage Mod: HP is shown in percentages
|rule|Endless Battle Clause: Forcing endless battles is banned
|rule|Species Clause: Limit one of each Pokémon
|rule|OHKO Clause: OHKO moves are banned
|rule|Evasion Items Clause: Evasion items are banned
|rule|Evasion Moves Clause: Evasion moves are banned
|rule|Evasion Abilities Clause: Evasion abilities are banned
|rule|Sleep Moves Clause: Sleep-inducing moves are banned
|clearpoke
|poke|p1|Deoxys-Speed|
|poke|p1|Dragonite, F|
|poke|p1|Darkrai|
|poke|p1|Iron Moth|
|poke|p1|Scizor, M|
|poke|p1|Great Tusk|
|poke|p2|Braviary-Hisui, M|
|poke|p2|Kleavor, F|
|poke|p2|Hydrapple, F|
|poke|p2|Magnezone|
|poke|p2|Granbull, F|
|poke|p2|Cryogonal|
|teampreview
|inactive|Battle timer is ON: inactive players will automatically lose when time's up. (requested by Calcublast)
|
|t:|1759068650
|teamsize|p1|6
|teamsize|p2|6
|start
|switch|p1a: Deoxys|Deoxys-Speed|100/100
|switch|p2a: Stone Age|Kleavor, F|100/100
|-ability|p1a: Deoxys|Pressure
|turn|1
|
|t:|1759068671
|move|p1a: Deoxys|Stealth Rock|p2a: Stone Age
|-sidestart|p2: Calcublast|move: Stealth Rock
|move|p2a: Stone Age|U-turn|p1a: Deoxys
|-supereffective|p1a: Deoxys
|-damage|p1a: Deoxys|13/100
|-damage|p2a: Stone Age|84/100|[from] item: Rocky Helmet|[of] p1a: Deoxys
|
|t:|1759068677
|switch|p2a: Snowquake|Cryogonal|100/100|[from] U-turn
|
|upkeep
|turn|2
|
|t:|1759068700
|move|p1a: Deoxys|Psycho Boost|p2a: Snowquake
|-damage|p2a: Snowquake|64/100
|-unboost|p1a: Deoxys|spa|2
|move|p2a: Snowquake|Rapid Spin|p1a: Deoxys
|-damage|p1a: Deoxys|5/100
|-boost|p2a: Snowquake|spe|1
|-damage|p2a: Snowquake|48/100|[from] item: Rocky Helmet|[of] p1a: Deoxys
|-sideend|p2: Calcublast|Stealth Rock|[from] move: Rapid Spin|[of] p2a: Snowquake
|
|upkeep
|turn|3
|
|t:|1759068719
|move|p2a: Snowquake|Freeze-Dry|p1a: Deoxys
|-damage|p1a: Deoxys|0 fnt
|faint|p1a: Deoxys
|
|upkeep
|
|t:|1759068724
|switch|p1a: Scizor|Scizor, M|100/100
|turn|4
|
|t:|1759068730
|switch|p2a: Triclops|Magnezone|100/100
|move|p1a: Scizor|U-turn|p2a: Triclops
|-resisted|p2a: Triclops
|-damage|p2a: Triclops|80/100
|
|t:|1759068745
|switch|p1a: Iron Moth|Iron Moth|100/100|[from] U-turn
|-enditem|p1a: Iron Moth|Booster Energy
|-activate|p1a: Iron Moth|ability: Quark Drive|[fromitem]
|-start|p1a: Iron Moth|quarkdrivespe
|
|-heal|p2a: Triclops|86/100|[from] item: Leftovers
|upkeep
|turn|5
|inactive|Calcublast has 120 seconds left.
|
|t:|1759068777
|switch|p2a: Snowquake|Cryogonal|48/100
|move|p1a: Iron Moth|Fiery Dance|p2a: Snowquake
|-supereffective|p2a: Snowquake
|-damage|p2a: Snowquake|0 fnt
|-boost|p1a: Iron Moth|spa|1
|faint|p2a: Snowquake
|
|upkeep
|
|t:|1759068780
|switch|p2a: Canada|Braviary-Hisui, M|100/100
|turn|6
|
|t:|1759068788
|-terastallize|p1a: Iron Moth|Fairy
|move|p1a: Iron Moth|Fiery Dance|p2a: Canada
|-damage|p2a: Canada|35/100
|move|p2a: Canada|Psychic|p1a: Iron Moth
|-damage|p1a: Iron Moth|33/100
|
|upkeep
|turn|7
|
|t:|1759068798
|move|p1a: Iron Moth|Fiery Dance|p2a: Canada
|-damage|p2a: Canada|0 fnt
|faint|p2a: Canada
|
|upkeep
|
|t:|1759068809
|switch|p2a: Wormy|Hydrapple, F|100/100
|turn|8
|
|t:|1759068816
|-terastallize|p2a: Wormy|Grass
|move|p1a: Iron Moth|Sludge Wave|p2a: Wormy
|-supereffective|p2a: Wormy
|-damage|p2a: Wormy|25/100
|move|p2a: Wormy|Giga Drain|p1a: Iron Moth
|-damage|p1a: Iron Moth|0 fnt
|-heal|p2a: Wormy|37/100|[from] drain|[of] p1a: Iron Moth
|faint|p1a: Iron Moth
|-end|p1a: Iron Moth|Quark Drive|[silent]
|
|upkeep
|
|t:|1759068825
|switch|p1a: Darkrai|Darkrai|100/100
|turn|9
|
|t:|1759068831
|switch|p2a: Stone Age|Kleavor, F|84/100
|move|p1a: Darkrai|Ice Beam|p2a: Stone Age
|-damage|p2a: Stone Age|15/100
|-damage|p1a: Darkrai|91/100|[from] item: Life Orb
|
|upkeep
|turn|10
|
|t:|1759068840
|move|p2a: Stone Age|U-turn|p1a: Darkrai
|-supereffective|p1a: Darkrai
|-damage|p1a: Darkrai|0 fnt
|faint|p1a: Darkrai
|
|t:|1759068847
|switch|p2a: Triclops|Magnezone|86/100|[from] U-turn
|
|-heal|p2a: Triclops|92/100|[from] item: Leftovers
|upkeep
|
|t:|1759068850
|switch|p1a: Great Tusk|Great Tusk|100/100
|-enditem|p1a: Great Tusk|Booster Energy
|-activate|p1a: Great Tusk|ability: Protosynthesis|[fromitem]
|-start|p1a: Great Tusk|protosynthesisspe
|turn|11
|
|t:|1759068862
|switch|p2a: Vicktim|Granbull, F|100/100
|-ability|p2a: Vicktim|Intimidate|boost
|-unboost|p1a: Great Tusk|atk|1
|move|p1a: Great Tusk|Bulk Up|p1a: Great Tusk
|-boost|p1a: Great Tusk|atk|1
|-boost|p1a: Great Tusk|def|1
|
|upkeep
|turn|12
|inactive|yeyibu has 120 seconds left.
|
|t:|1759068893
|move|p1a: Great Tusk|Ice Spinner|p2a: Vicktim
|-damage|p2a: Vicktim|83/100
|-damage|p1a: Great Tusk|84/100|[from] item: Rocky Helmet|[of] p2a: Vicktim
|move|p2a: Vicktim|Bulk Up|p2a: Vicktim
|-boost|p2a: Vicktim|atk|1
|-boost|p2a: Vicktim|def|1
|
|upkeep
|turn|13
|
|t:|1759068898
|move|p1a: Great Tusk|Bulk Up|p1a: Great Tusk
|-boost|p1a: Great Tusk|atk|1
|-boost|p1a: Great Tusk|def|1
|move|p2a: Vicktim|Bulk Up|p2a: Vicktim
|-boost|p2a: Vicktim|atk|1
|-boost|p2a: Vicktim|def|1
|
|upkeep
|turn|14
|
|t:|1759068902
|move|p1a: Great Tusk|Headlong Rush|p2a: Vicktim
|-damage|p2a: Vicktim|53/100
|-unboost|p1a: Great Tusk|def|1
|-unboost|p1a: Great Tusk|spd|1
|-damage|p1a: Great Tusk|67/100|[from] item: Rocky Helmet|[of] p2a: Vicktim
|move|p2a: Vicktim|Play Rough|p1a: Great Tusk
|-supereffective|p1a: Great Tusk
|-damage|p1a: Great Tusk|11/100
|
|upkeep
|turn|15
|
|t:|1759068911
|move|p1a: Great Tusk|Headlong Rush|p2a: Vicktim
|-damage|p2a: Vicktim|20/100
|-unboost|p1a: Great Tusk|def|1
|-unboost|p1a: Great Tusk|spd|1
|-damage|p1a: Great Tusk|0 fnt|[from] item: Rocky Helmet|[of] p2a: Vicktim
|faint|p1a: Great Tusk
|-end|p1a: Great Tusk|Protosynthesis|[silent]
|move|p2a: Vicktim|Bulk Up|p2a: Vicktim
|-boost|p2a: Vicktim|atk|1
|-boost|p2a: Vicktim|def|1
|
|upkeep
|inactive|yeyibu has 120 seconds left.
|
|t:|1759068960
|switch|p1a: Scizor|Scizor, M|100/100
|turn|16
|
|t:|1759068985
|move|p1a: Scizor|Bullet Punch|p2a: Vicktim
|-supereffective|p2a: Vicktim
|-damage|p2a: Vicktim|0 fnt
|-damage|p1a: Scizor|84/100|[from] item: Rocky Helmet|[of] p2a: Vicktim
|faint|p2a: Vicktim
|
|upkeep
|
|t:|1759068990
|switch|p2a: Triclops|Magnezone|92/100
|turn|17
|
|t:|1759068993
|switch|p1a: Dragonite|Dragonite, F|100/100
|move|p2a: Triclops|Iron Defense|p2a: Triclops
|-boost|p2a: Triclops|def|2
|
|-heal|p2a: Triclops|98/100|[from] item: Leftovers
|upkeep
|turn|18
|
|t:|1759068999
|move|p1a: Dragonite|Encore|p2a: Triclops
|-start|p2a: Triclops|Encore
|move|p2a: Triclops|Iron Defense|p2a: Triclops
|-boost|p2a: Triclops|def|2
|
|-heal|p2a: Triclops|100/100|[from] item: Leftovers
|upkeep
|turn|19
|
|t:|1759069005
|switch|p2a: Wormy|Hydrapple, F, tera:Grass|70/100
|move|p1a: Dragonite|Dragon Dance|p1a: Dragonite
|-boost|p1a: Dragonite|atk|1
|-boost|p1a: Dragonite|spe|1
|
|upkeep
|turn|20
|
|t:|1759069012
|move|p1a: Dragonite|Dragon Dance|p1a: Dragonite
|-boost|p1a: Dragonite|atk|1
|-boost|p1a: Dragonite|spe|1
|move|p2a: Wormy|Fickle Beam|p1a: Dragonite
|-supereffective|p1a: Dragonite
|-damage|p1a: Dragonite|60/100
|
|upkeep
|turn|21
|
|t:|1759069018
|move|p1a: Dragonite|Low Kick|p2a: Wormy
|-damage|p2a: Wormy|22/100
|move|p2a: Wormy|Fickle Beam|p1a: Dragonite|[anim] Fickle Beam All Out
|-activate|p2a: Wormy|move: Fickle Beam
|-supereffective|p1a: Dragonite
|-damage|p1a: Dragonite|0 fnt
|faint|p1a: Dragonite
|
|upkeep
|
|t:|1759069020
|switch|p1a: Scizor|Scizor, M|84/100
|turn|22
|
|t:|1759069026
|move|p1a: Scizor|Bullet Punch|p2a: Wormy
|-damage|p2a: Wormy|0 fnt
|faint|p2a: Wormy
|
|upkeep
|
|t:|1759069031
|switch|p2a: Triclops|Magnezone|100/100
|turn|23
|
|t:|1759069034
|move|p1a: Scizor|Bullet Punch|p2a: Triclops
|-resisted|p2a: Triclops
|-damage|p2a: Triclops|91/100
|move|p2a: Triclops|Iron Defense|p2a: Triclops
|-boost|p2a: Triclops|def|2
|
|-heal|p2a: Triclops|97/100|[from] item: Leftovers
|upkeep
|turn|24
|-message|yeyibu forfeited.
|
|win|Calcublast
|raw|yeyibu's rating: 1448 &rarr; <strong>1423</strong><br />(-25 for losing)
|raw|Calcublast's rating: 1356 &rarr; <strong>1381</strong><br />(+25 for winning)
|l|☆yeyibu
|player|p1|
|l|☆Calcublast
|player|p2|
