|j|☆ee111
|j|☆K3 Lao Ge
|t:|1758957482
|gametype|singles
|player|p1|ee111|170|1177
|player|p2|K3 Lao Ge|1|1241
|gen|9
|tier|[Gen 9] OU
|rated|
|rule|HP Percentage Mod: HP is shown in percentages
|rule|Endless Battle Clause: Forcing endless battles is banned
|rule|Species Clause: Limit one of each Pokémon
|rule|OHKO Clause: OHKO moves are banned
|rule|Evasion Items Clause: Evasion items are banned
|rule|Evasion Moves Clause: Evasion moves are banned
|rule|Evasion Abilities Clause: Evasion abilities are banned
|rule|Sleep Moves Clause: Sleep-inducing moves are banned
|clearpoke
|poke|p1|Kingambit, M|
|poke|p1|Salamence, M|
|poke|p1|Scizor, F|
|poke|p1|Gyarados, M|
|poke|p1|Meowscarada, F|
|poke|p1|Slowking-Galar, F|
|poke|p2|Clefable, F|
|poke|p2|Sinistcha|
|poke|p2|Darkrai|
|poke|p2|Kyurem|
|poke|p2|Ninetales-Alola, F|
|poke|p2|Iron Treads|
|teampreview
|inactive|Battle timer is ON: inactive players will automatically lose when time's up. (requested by K3 Lao Ge)
|
|t:|1758957495
|teamsize|p1|6
|teamsize|p2|6
|start
|switch|p1a: Kingambit|Kingambit, M, shiny|100/100
|switch|p2a: Sinistcha|Sinistcha|100/100
|turn|1
|
|t:|1758957522
|switch|p2a: Iron Treads|Iron Treads|100/100
|move|p1a: Kingambit|Kowtow Cleave|p2a: Iron Treads
|-damage|p2a: Iron Treads|47/100
|
|-heal|p2a: Iron Treads|54/100|[from] item: Leftovers
|upkeep
|turn|2
|
|t:|1758957533
|-end|p1a: Kingambit|fallenundefined|[silent]
|switch|p1a: Gyarados|Gyarados, M, shiny|100/100
|move|p2a: Iron Treads|Volt Switch|p1a: Gyarados
|-supereffective|p1a: Gyarados
|-damage|p1a: Gyarados|53/100
|
|t:|1758957542
|-end|p2a: Iron Treads|Quark Drive|[silent]
|switch|p2a: Darkrai|Darkrai|100/100|[from] Volt Switch
|
|upkeep
|turn|3
|inactive|K3 Lao Ge has 120 seconds left.
|
|t:|1758957557
|switch|p2a: Iron Treads|Iron Treads|54/100
|move|p1a: Gyarados|Dragon Dance|p1a: Gyarados
|-boost|p1a: Gyarados|atk|1
|-boost|p1a: Gyarados|spe|1
|
|-heal|p2a: Iron Treads|60/100|[from] item: Leftovers
|upkeep
|turn|4
|
|t:|1758957566
|move|p1a: Gyarados|Waterfall|p2a: Iron Treads
|-supereffective|p2a: Iron Treads
|-damage|p2a: Iron Treads|0 fnt
|faint|p2a: Iron Treads
|-end|p2a: Iron Treads|Quark Drive|[silent]
|-ability|p1a: Gyarados|Moxie|boost
|-boost|p1a: Gyarados|atk|1
|
|upkeep
|
|t:|1758957575
|switch|p2a: Clefable|Clefable, F|100/100
|turn|5
|
|t:|1758957580
|-terastallize|p1a: Gyarados|Water
|move|p1a: Gyarados|Waterfall|p2a: Clefable
|-damage|p2a: Clefable|42/100
|move|p2a: Clefable|Cosmic Power|p2a: Clefable
|-boost|p2a: Clefable|def|1
|-boost|p2a: Clefable|spd|1
|
|-heal|p2a: Clefable|48/100|[from] item: Leftovers
|upkeep
|turn|6
|
|t:|1758957590
|move|p1a: Gyarados|Waterfall|p2a: Clefable
|-damage|p2a: Clefable|12/100
|move|p2a: Clefable|Moonlight|p2a: Clefable
|-heal|p2a: Clefable|62/100
|
|-heal|p2a: Clefable|68/100|[from] item: Leftovers
|upkeep
|turn|7
|
|t:|1758957600
|move|p1a: Gyarados|Waterfall|p2a: Clefable
|-damage|p2a: Clefable|34/100
|move|p2a: Clefable|Cosmic Power|p2a: Clefable
|-boost|p2a: Clefable|def|1
|-boost|p2a: Clefable|spd|1
|
|-heal|p2a: Clefable|40/100|[from] item: Leftovers
|upkeep
|turn|8
|
|t:|1758957607
|move|p1a: Gyarados|Waterfall|p2a: Clefable
|-damage|p2a: Clefable|11/100
|cant|p2a: Clefable|flinch
|
|-heal|p2a: Clefable|17/100|[from] item: Leftovers
|upkeep
|turn|9
|
|t:|1758957614
|switch|p2a: Sinistcha|Sinistcha|100/100
|move|p1a: Gyarados|Waterfall|p2a: Sinistcha
|-resisted|p2a: Sinistcha
|-damage|p2a: Sinistcha|59/100
|-damage|p1a: Gyarados|37/100|[from] item: Rocky Helmet|[of] p2a: Sinistcha
|
|upkeep
|turn|10
|
|t:|1758957625
|-terastallize|p2a: Sinistcha|Fairy
|move|p1a: Gyarados|Scale Shot|p2a: Sinistcha
|-immune|p2a: Sinistcha
|move|p2a: Sinistcha|Matcha Gotcha|p1a: Gyarados
|-supereffective|p1a: Gyarados
|-damage|p1a: Gyarados|0 fnt
|-heal|p2a: Sinistcha|76/100|[from] drain|[of] p1a: Gyarados
|faint|p1a: Gyarados
|
|upkeep
|
|t:|1758957635
|switch|p1a: Salamence|Salamence, M, shiny|100/100
|turn|11
|
|t:|1758957641
|move|p1a: Salamence|Dual Wingbeat|p2a: Sinistcha
|-damage|p2a: Sinistcha|62/100
|-damage|p1a: Salamence|84/100|[from] item: Rocky Helmet|[of] p2a: Sinistcha
|-damage|p2a: Sinistcha|48/100
|-damage|p1a: Salamence|67/100|[from] item: Rocky Helmet|[of] p2a: Sinistcha
|-hitcount|p2a: Sinistcha|2
|move|p2a: Sinistcha|Strength Sap|p1a: Salamence
|-unboost|p1a: Salamence|atk|1
|-heal|p2a: Sinistcha|100/100
|
|-heal|p1a: Salamence|73/100|[from] item: Leftovers
|upkeep
|turn|12
|
|t:|1758957655
|switch|p1a: Kingambit|Kingambit, M, shiny|100/100
|-activate|p1a: Kingambit|ability: Supreme Overlord
|-start|p1a: Kingambit|fallen1|[silent]
|move|p2a: Sinistcha|Scald|p1a: Kingambit
|-damage|p1a: Kingambit|81/100
|
|upkeep
|turn|13
|
|t:|1758957665
|switch|p2a: Clefable|Clefable, F|17/100
|move|p1a: Kingambit|Iron Head|p2a: Clefable
|-supereffective|p2a: Clefable
|-damage|p2a: Clefable|0 fnt
|faint|p2a: Clefable
|
|upkeep
|
|t:|1758957671
|switch|p2a: Ninetales|Ninetales-Alola, F|100/100
|-weather|Snowscape|[from] ability: Snow Warning|[of] p2a: Ninetales
|turn|14
|
|t:|1758957675
|move|p2a: Ninetales|Aurora Veil|p2a: Ninetales
|-sidestart|p2: K3 Lao Ge|move: Aurora Veil
|move|p1a: Kingambit|Iron Head|p2a: Ninetales
|-supereffective|p2a: Ninetales
|-damage|p2a: Ninetales|0 fnt
|faint|p2a: Ninetales
|
|-weather|Snowscape|[upkeep]
|upkeep
|
|t:|1758957685
|switch|p2a: Darkrai|Darkrai|100/100
|turn|15
|
|t:|1758957690
|-end|p1a: Kingambit|fallen1|[silent]
|switch|p1a: Slowking|Slowking-Galar, F, shiny|100/100
|-singleturn|p2a: Darkrai|move: Focus Punch
|move|p2a: Darkrai|Focus Punch|p1a: Slowking
|-resisted|p1a: Slowking
|-damage|p1a: Slowking|94/100
|
|-weather|Snowscape|[upkeep]
|upkeep
|turn|16
|
|t:|1758957700
|switch|p2a: Kyurem|Kyurem|100/100
|-ability|p2a: Kyurem|Pressure
|move|p1a: Slowking|Toxic|p2a: Kyurem
|-status|p2a: Kyurem|tox
|
|-weather|Snowscape|[upkeep]
|-damage|p2a: Kyurem|94/100 tox|[from] psn
|upkeep
|turn|17
|-message|K3 Lao Ge forfeited.
|
|win|ee111
|raw|ee111's rating: 1177 &rarr; <strong>1207</strong><br />(+30 for winning)
|raw|K3 Lao Ge's rating: 1241 &rarr; <strong>1211</strong><br />(-30 for losing)
|l|☆K3 Lao Ge
|player|p2|
|l|☆ee111
|player|p1|
