|j|☆refind
|j|☆MiaTaylor612
|t:|1758951994
|gametype|singles
|player|p1|refind|elesa|1587
|player|p2|MiaTaylor612|lady-gen4|1720
|gen|9
|tier|[Gen 9] OU
|rated|
|rule|HP Percentage Mod: HP is shown in percentages
|rule|Endless Battle Clause: Forcing endless battles is banned
|rule|Species Clause: Limit one of each Pokémon
|rule|OHKO Clause: OHKO moves are banned
|rule|Evasion Items Clause: Evasion items are banned
|rule|Evasion Moves Clause: Evasion moves are banned
|rule|Evasion Abilities Clause: Evasion abilities are banned
|rule|Sleep Moves Clause: Sleep-inducing moves are banned
|clearpoke
|poke|p1|Samurott-Hisui, M|
|poke|p1|Ogerpon-Cornerstone, F|
|poke|p1|Hydrapple, M|
|poke|p1|Alomomola, F|
|poke|p1|Iron Crown|
|poke|p1|Great Tusk|
|poke|p2|Hoopa-Unbound|
|poke|p2|Pecharunt|
|poke|p2|Slowking-Galar, M|
|poke|p2|Great Tusk|
|poke|p2|Corviknight, M|
|poke|p2|Cinderace, M|
|teampreview
|inactive|Battle timer is ON: inactive players will automatically lose when time's up. (requested by MiaTaylor612)
|inactive|MiaTaylor612 has 120 seconds left.
|
|t:|1758952027
|teamsize|p1|6
|teamsize|p2|6
|start
|switch|p1a: Iron Crown|Iron Crown|100/100
|switch|p2a: Corviknight|Corviknight, M|100/100
|-ability|p2a: Corviknight|Pressure
|turn|1
|
|t:|1758952042
|switch|p2a: Slowking|Slowking-Galar, M|100/100
|move|p1a: Iron Crown|Volt Switch|p2a: Slowking
|-damage|p2a: Slowking|81/100
|
|t:|1758952049
|-end|p1a: Iron Crown|Quark Drive|[silent]
|switch|p1a: Great Tusk|Great Tusk|100/100|[from] Volt Switch
|
|upkeep
|turn|2
|
|t:|1758952055
|switch|p2a: Corviknight|Corviknight, M|100/100
|-ability|p2a: Corviknight|Pressure
|move|p1a: Great Tusk|Knock Off|p2a: Corviknight
|-damage|p2a: Corviknight|84/100
|-damage|p1a: Great Tusk|84/100|[from] item: Rocky Helmet|[of] p2a: Corviknight
|-enditem|p2a: Corviknight|Rocky Helmet|[from] move: Knock Off|[of] p1a: Great Tusk
|
|-heal|p1a: Great Tusk|90/100|[from] item: Leftovers
|upkeep
|turn|3
|
|t:|1758952079
|-end|p1a: Great Tusk|Protosynthesis|[silent]
|switch|p1a: Alomomola|Alomomola, F|100/100
|move|p2a: Corviknight|Iron Defense|p2a: Corviknight
|-boost|p2a: Corviknight|def|2
|
|upkeep
|turn|4
|
|t:|1758952085
|switch|p2a: Slowking|Slowking-Galar, M|100/100
|move|p1a: Alomomola|Flip Turn|p2a: Slowking
|-damage|p2a: Slowking|87/100
|
|t:|1758952092
|switch|p1a: Samurott|Samurott-Hisui, M|100/100|[from] Flip Turn
|
|upkeep
|turn|5
|
|t:|1758952105
|switch|p2a: Corviknight|Corviknight, M|84/100
|-ability|p2a: Corviknight|Pressure
|move|p1a: Samurott|Ceaseless Edge|p2a: Corviknight
|-damage|p2a: Corviknight|59/100
|-sidestart|p2: MiaTaylor612|Spikes
|
|upkeep
|turn|6
|
|t:|1758952115
|switch|p1a: Iron Crown|Iron Crown|100/100
|move|p2a: Corviknight|Roost|p2a: Corviknight
|-heal|p2a: Corviknight|100/100
|-singleturn|p2a: Corviknight|move: Roost
|
|upkeep
|turn|7
|
|t:|1758952123
|switch|p2a: Slowking|Slowking-Galar, M|100/100
|move|p1a: Iron Crown|Tachyon Cutter|p2a: Slowking
|-damage|p2a: Slowking|77/100
|-damage|p2a: Slowking|56/100
|-hitcount|p2a: Slowking|2
|
|upkeep
|turn|8
|
|t:|1758952129
|-terastallize|p1a: Iron Crown|Steel
|move|p1a: Iron Crown|Tachyon Cutter|p2a: Slowking
|-damage|p2a: Slowking|27/100
|-damage|p2a: Slowking|0 fnt
|faint|p2a: Slowking
|-hitcount|p2: Slowking|2
|
|upkeep
|
|t:|1758952132
|switch|p2a: Cinderace|Cinderace, M|100/100
|turn|9
|
|t:|1758952135
|-end|p1a: Iron Crown|Quark Drive|[silent]
|switch|p1a: Great Tusk|Great Tusk|90/100
|move|p2a: Cinderace|Court Change|p2a: Cinderace
|-start|p2a: Cinderace|typechange|Normal|[from] ability: Libero
|-swapsideconditions
|-activate|p2a: Cinderace|move: Court Change
|
|-heal|p1a: Great Tusk|96/100|[from] item: Leftovers
|upkeep
|turn|10
|
|t:|1758952139
|switch|p2a: Pecharunt|Pecharunt|100/100
|move|p1a: Great Tusk|Knock Off|p2a: Pecharunt
|-supereffective|p2a: Pecharunt
|-damage|p2a: Pecharunt|64/100
|-enditem|p2a: Pecharunt|Heavy-Duty Boots|[from] move: Knock Off|[of] p1a: Great Tusk
|
|-heal|p1a: Great Tusk|100/100|[from] item: Leftovers
|upkeep
|turn|11
|
|t:|1758952145
|move|p2a: Pecharunt|Recover|p2a: Pecharunt
|-heal|p2a: Pecharunt|100/100
|move|p1a: Great Tusk|Headlong Rush|p2a: Pecharunt
|-supereffective|p2a: Pecharunt
|-damage|p2a: Pecharunt|35/100
|-unboost|p1a: Great Tusk|def|1
|-unboost|p1a: Great Tusk|spd|1
|
|upkeep
|turn|12
|
|t:|1758952148
|-end|p1a: Great Tusk|Protosynthesis|[silent]
|switch|p1a: Samurott|Samurott-Hisui, M|100/100
|-damage|p1a: Samurott|88/100|[from] Spikes
|move|p2a: Pecharunt|Recover|p2a: Pecharunt
|-heal|p2a: Pecharunt|85/100
|
|upkeep
|turn|13
|
|t:|1758952153
|move|p1a: Samurott|Ceaseless Edge|p2a: Pecharunt
|-supereffective|p2a: Pecharunt
|-damage|p2a: Pecharunt|36/100
|-sidestart|p2: MiaTaylor612|Spikes
|move|p2a: Pecharunt|Malignant Chain|p1a: Samurott
|-damage|p1a: Samurott|37/100
|
|upkeep
|turn|14
|
|t:|1758952159
|-terastallize|p2a: Pecharunt|Dark
|move|p1a: Samurott|Ceaseless Edge|p2a: Pecharunt
|-resisted|p2a: Pecharunt
|-damage|p2a: Pecharunt|23/100
|-sidestart|p2: MiaTaylor612|Spikes
|move|p2a: Pecharunt|Recover|p2a: Pecharunt
|-heal|p2a: Pecharunt|73/100
|
|upkeep
|turn|15
|
|t:|1758952164
|move|p1a: Samurott|Ceaseless Edge|p2a: Pecharunt
|-resisted|p2a: Pecharunt
|-damage|p2a: Pecharunt|60/100
|-sidestart|p2: MiaTaylor612|Spikes
|move|p2a: Pecharunt|Parting Shot|p1a: Samurott
|-unboost|p1a: Samurott|atk|1
|-unboost|p1a: Samurott|spa|1
|
|t:|1758952167
|switch|p2a: Great Tusk|Great Tusk|100/100|[from] Parting Shot
|
|upkeep
|turn|16
|
|t:|1758952172
|switch|p1a: Alomomola|Alomomola, F|100/100
|move|p2a: Great Tusk|Rapid Spin|p1a: Alomomola
|-damage|p1a: Alomomola|91/100
|-boost|p2a: Great Tusk|spe|1
|-sideend|p2: MiaTaylor612|Spikes|[from] move: Rapid Spin|[of] p2a: Great Tusk
|
|upkeep
|turn|17
|
|t:|1758952175
|move|p2a: Great Tusk|Stealth Rock|p1a: Alomomola
|-sidestart|p1: refind|move: Stealth Rock
|move|p1a: Alomomola|Flip Turn|p2a: Great Tusk
|-supereffective|p2a: Great Tusk
|-damage|p2a: Great Tusk|79/100
|
|t:|1758952179
|switch|p1a: Great Tusk|Great Tusk|100/100|[from] Flip Turn
|-damage|p1a: Great Tusk|88/100|[from] Spikes
|-damage|p1a: Great Tusk|85/100|[from] Stealth Rock
|
|-heal|p1a: Great Tusk|91/100|[from] item: Leftovers
|upkeep
|turn|18
|
|t:|1758952182
|move|p2a: Great Tusk|Ice Spinner|p1a: Great Tusk
|-supereffective|p1a: Great Tusk
|-damage|p1a: Great Tusk|64/100
|move|p1a: Great Tusk|Rapid Spin|p2a: Great Tusk
|-damage|p2a: Great Tusk|69/100
|-boost|p1a: Great Tusk|spe|1
|-sideend|p1: refind|Spikes|[from] move: Rapid Spin|[of] p1a: Great Tusk
|-sideend|p1: refind|Stealth Rock|[from] move: Rapid Spin|[of] p1a: Great Tusk
|
|-heal|p1a: Great Tusk|70/100|[from] item: Leftovers
|upkeep
|turn|19
|
|t:|1758952187
|-end|p2a: Great Tusk|Protosynthesis|[silent]
|switch|p2a: Corviknight|Corviknight, M|100/100
|-ability|p2a: Corviknight|Pressure
|move|p1a: Great Tusk|Ice Spinner|p2a: Corviknight
|-damage|p2a: Corviknight|87/100
|
|-heal|p1a: Great Tusk|76/100|[from] item: Leftovers
|upkeep
|turn|20
|
|t:|1758952193
|-end|p1a: Great Tusk|Protosynthesis|[silent]
|switch|p1a: Iron Crown|Iron Crown, tera:Steel|100/100
|move|p2a: Corviknight|U-turn|p1a: Iron Crown
|-resisted|p1a: Iron Crown
|-damage|p1a: Iron Crown|92/100
|
|t:|1758952199
|switch|p2a: Hoopa|Hoopa-Unbound|100/100|[from] U-turn
|
|upkeep
|turn|21
|
|t:|1758952203
|move|p1a: Iron Crown|Volt Switch|p2a: Hoopa
|-damage|p2a: Hoopa|78/100
|
|t:|1758952206
|-end|p1a: Iron Crown|Quark Drive|[silent]
|switch|p1a: Alomomola|Alomomola, F|100/100|[from] Volt Switch
|move|p2a: Hoopa|Drain Punch|p1a: Alomomola
|-damage|p1a: Alomomola|86/100
|-heal|p2a: Hoopa|92/100|[from] drain|[of] p1a: Alomomola
|
|upkeep
|turn|22
|
|t:|1758952211
|move|p2a: Hoopa|Thunderbolt|p1a: Alomomola
|-supereffective|p1a: Alomomola
|-damage|p1a: Alomomola|0 fnt
|faint|p1a: Alomomola
|
|upkeep
|
|t:|1758952228
|switch|p1a: Samurott|Samurott-Hisui, M|37/100
|turn|23
|
|t:|1758952244
|switch|p2a: Corviknight|Corviknight, M|87/100
|-ability|p2a: Corviknight|Pressure
|move|p1a: Samurott|Flip Turn|p2a: Corviknight
|-damage|p2a: Corviknight|70/100
|
|t:|1758952250
|switch|p1a: Iron Crown|Iron Crown, tera:Steel|92/100|[from] Flip Turn
|
|upkeep
|turn|24
|
|t:|1758952261
|switch|p2a: Great Tusk|Great Tusk|69/100
|move|p1a: Iron Crown|Tachyon Cutter|p2a: Great Tusk
|-damage|p2a: Great Tusk|0 fnt
|faint|p2a: Great Tusk
|-end|p2a: Great Tusk|Protosynthesis|[silent]
|-hitcount|p2: Great Tusk|1
|
|upkeep
|
|t:|1758952265
|switch|p2a: Hoopa|Hoopa-Unbound|92/100
|turn|25
|
|t:|1758952270
|-end|p1a: Iron Crown|Quark Drive|[silent]
|switch|p1a: Hydrapple|Hydrapple, M|100/100
|move|p2a: Hoopa|Psychic Noise|p1a: Hydrapple
|-damage|p1a: Hydrapple|75/100
|-start|p1a: Hydrapple|move: Heal Block
|
|upkeep
|turn|26
|
|t:|1758952276
|move|p2a: Hoopa|Knock Off|p1a: Hydrapple
|-damage|p1a: Hydrapple|36/100
|-enditem|p1a: Hydrapple|Assault Vest|[from] move: Knock Off|[of] p2a: Hoopa
|move|p1a: Hydrapple|Fickle Beam|p2a: Hoopa|[anim] Fickle Beam All Out
|-activate|p1a: Hydrapple|move: Fickle Beam
|-damage|p2a: Hoopa|49/100
|
|-end|p1a: Hydrapple|move: Heal Block
|upkeep
|turn|27
|
|t:|1758952282
|switch|p1a: Great Tusk|Great Tusk|76/100
|move|p2a: Hoopa|Psychic Noise|p1a: Great Tusk
|-supereffective|p1a: Great Tusk
|-damage|p1a: Great Tusk|0 fnt
|faint|p1a: Great Tusk
|-end|p1a: Great Tusk|Protosynthesis|[silent]
|
|upkeep
|
|t:|1758952287
|switch|p1a: Ogerpon|Ogerpon-Cornerstone, F|100/100
|turn|28
|
|t:|1758952291
|switch|p2a: Corviknight|Corviknight, M|70/100
|-ability|p2a: Corviknight|Pressure
|move|p1a: Ogerpon|Ivy Cudgel|p2a: Corviknight|[anim] Ivy Cudgel Rock
|-crit|p2a: Corviknight
|-damage|p2a: Corviknight|18/100
|
|upkeep
|turn|29
|
|t:|1758952297
|move|p1a: Ogerpon|Ivy Cudgel|p2a: Corviknight|[anim] Ivy Cudgel Rock
|-damage|p2a: Corviknight|0 fnt
|faint|p2a: Corviknight
|
|upkeep
|
|t:|1758952299
|switch|p2a: Pecharunt|Pecharunt, tera:Dark|60/100
|turn|30
|
|t:|1758952302
|switch|p1a: Iron Crown|Iron Crown, tera:Steel|92/100
|move|p2a: Pecharunt|Parting Shot|p1a: Iron Crown
|-unboost|p1a: Iron Crown|atk|1
|-unboost|p1a: Iron Crown|spa|1
|
|t:|1758952304
|switch|p2a: Cinderace|Cinderace, M|100/100|[from] Parting Shot
|
|upkeep
|turn|31
|
|t:|1758952307
|-end|p1a: Iron Crown|Quark Drive|[silent]
|switch|p1a: Hydrapple|Hydrapple, M|69/100
|move|p2a: Cinderace|Pyro Ball|p1a: Hydrapple
|-damage|p1a: Hydrapple|25/100
|
|upkeep
|turn|32
|
|t:|1758952311
|move|p2a: Cinderace|Pyro Ball|p1a: Hydrapple
|-damage|p1a: Hydrapple|0 fnt
|faint|p1a: Hydrapple
|
|upkeep
|
|t:|1758952313
|switch|p1a: Samurott|Samurott-Hisui, M|37/100
|turn|33
|
|t:|1758952321
|move|p2a: Cinderace|Sucker Punch|p1a: Samurott
|-start|p2a: Cinderace|typechange|Dark|[from] ability: Libero
|-resisted|p1a: Samurott
|-damage|p1a: Samurott|17/100
|move|p1a: Samurott|Razor Shell|p2a: Cinderace
|-damage|p2a: Cinderace|21/100
|
|upkeep
|turn|34
|
|t:|1758952330
|move|p2a: Cinderace|Sucker Punch|p1a: Samurott
|-resisted|p1a: Samurott
|-damage|p1a: Samurott|0 fnt
|faint|p1a: Samurott
|
|upkeep
|
|t:|1758952333
|switch|p1a: Iron Crown|Iron Crown, tera:Steel|92/100
|turn|35
|
|t:|1758952336
|move|p2a: Cinderace|U-turn|p1a: Iron Crown
|-resisted|p1a: Iron Crown
|-damage|p1a: Iron Crown|80/100
|
|t:|1758952339
|switch|p2a: Hoopa|Hoopa-Unbound|49/100|[from] U-turn
|move|p1a: Iron Crown|Volt Switch|p2a: Hoopa
|-damage|p2a: Hoopa|27/100
|
|t:|1758952341
|-end|p1a: Iron Crown|Quark Drive|[silent]
|switch|p1a: Ogerpon|Ogerpon-Cornerstone, F|100/100|[from] Volt Switch
|
|upkeep
|turn|36
|
|t:|1758952343
|move|p1a: Ogerpon|Ivy Cudgel|p2a: Hoopa|[anim] Ivy Cudgel Rock
|-crit|p2a: Hoopa
|-damage|p2a: Hoopa|0 fnt
|faint|p2a: Hoopa
|
|upkeep
|
|t:|1758952345
|switch|p2a: Cinderace|Cinderace, M|21/100
|turn|37
|
|t:|1758952348
|move|p2a: Cinderace|U-turn|p1a: Ogerpon
|-start|p2a: Cinderace|typechange|Bug|[from] ability: Libero
|-supereffective|p1a: Ogerpon
|-damage|p1a: Ogerpon|20/100
|
|t:|1758952350
|switch|p2a: Pecharunt|Pecharunt, tera:Dark|60/100|[from] U-turn
|move|p1a: Ogerpon|Ivy Cudgel|p2a: Pecharunt|[anim] Ivy Cudgel Rock
|-damage|p2a: Pecharunt|25/100
|
|upkeep
|turn|38
|
|t:|1758952354
|move|p1a: Ogerpon|Ivy Cudgel|p2a: Pecharunt|[anim] Ivy Cudgel Rock
|-crit|p2a: Pecharunt
|-damage|p2a: Pecharunt|0 fnt
|faint|p2a: Pecharunt
|
|upkeep
|
|t:|1758952356
|switch|p2a: Cinderace|Cinderace, M|21/100
|turn|39
|
|t:|1758952359
|move|p2a: Cinderace|Pyro Ball|p1a: Ogerpon
|-damage|p1a: Ogerpon|0 fnt
|faint|p1a: Ogerpon
|
|upkeep
|
|t:|1758952361
|switch|p1a: Iron Crown|Iron Crown, tera:Steel|80/100
|turn|40
|
|t:|1758952363
|move|p2a: Cinderace|Pyro Ball|p1a: Iron Crown
|-supereffective|p1a: Iron Crown
|-damage|p1a: Iron Crown|0 fnt
|faint|p1a: Iron Crown
|-end|p1a: Iron Crown|Quark Drive|[silent]
|
|win|MiaTaylor612
|raw|refind's rating: 1587 &rarr; <strong>1574</strong><br />(-13 for losing)
|raw|MiaTaylor612's rating: 1720 &rarr; <strong>1733</strong><br />(+13 for winning)
|l|☆refind
|player|p1|
|l|☆MiaTaylor612
|player|p2|
