|j|☆victory 4 u
|j|☆qiji125
|t:|1759070226
|gametype|singles
|player|p1|victory 4 u|169|1181
|player|p2|qiji125|n|1220
|gen|9
|tier|[Gen 9] OU
|rated|
|rule|HP Percentage Mod: HP is shown in percentages
|rule|Endless Battle Clause: Forcing endless battles is banned
|rule|Species Clause: Limit one of each Pokémon
|rule|OHKO Clause: OHKO moves are banned
|rule|Evasion Items Clause: Evasion items are banned
|rule|Evasion Moves Clause: Evasion moves are banned
|rule|Evasion Abilities Clause: Evasion abilities are banned
|rule|Sleep Moves Clause: Sleep-inducing moves are banned
|clearpoke
|poke|p1|Litwick, F|
|poke|p1|Zweilous, F|
|poke|p1|Ogerpon-Wellspring, F|
|poke|p1|Slowbro, F|
|poke|p1|Mandibuzz, F|
|poke|p1|Chesnaught, F|
|poke|p2|Zamazenta-*|
|poke|p2|Darkrai|
|poke|p2|Samurott-Hisui, M|
|poke|p2|Zapdos|
|poke|p2|Meowscarada, F|
|poke|p2|Alomomola, M|
|teampreview
|
|t:|1759070268
|teamsize|p1|6
|teamsize|p2|6
|start
|switch|p1a: arnold|Litwick, F|100/100
|switch|p2a: Meowscarada|Meowscarada, F|100/100
|turn|1
|
|t:|1759070281
|move|p2a: Meowscarada|Knock Off|p1a: arnold
|-start|p2a: Meowscarada|typechange|Dark|[from] ability: Protean
|-supereffective|p1a: arnold
|-enditem|p1a: arnold|Focus Sash
|-damage|p1a: arnold|1/100
|move|p1a: arnold|Trick Room|p1a: arnold
|-fieldstart|move: Trick Room|[of] p1a: arnold
|
|upkeep
|turn|2
|
|t:|1759070293
|move|p1a: arnold|Will-O-Wisp|p2a: Meowscarada
|-status|p2a: Meowscarada|brn
|move|p2a: Meowscarada|Knock Off|p1a: arnold
|-supereffective|p1a: arnold
|-damage|p1a: arnold|0 fnt
|faint|p1a: arnold
|
|-damage|p2a: Meowscarada|94/100 brn|[from] brn
|upkeep
|
|t:|1759070302
|switch|p1a: bepa|Zweilous, F|100/100
|turn|3
|
|t:|1759070309
|move|p1a: bepa|Outrage|p2a: Meowscarada
|-damage|p2a: Meowscarada|0 fnt
|faint|p2a: Meowscarada
|
|upkeep
|
|t:|1759070328
|switch|p2a: Zamazenta|Zamazenta|100/100
|-ability|p2a: Zamazenta|Dauntless Shield|boost
|-boost|p2a: Zamazenta|def|1
|turn|4
|
|t:|1759070338
|move|p1a: bepa|Outrage|p2a: Zamazenta|[from] lockedmove
|-damage|p2a: Zamazenta|25/100
|move|p2a: Zamazenta|Close Combat|p1a: bepa
|-supereffective|p1a: bepa
|-damage|p1a: bepa|0 fnt
|-unboost|p2a: Zamazenta|def|1
|-unboost|p2a: Zamazenta|spd|1
|faint|p1a: bepa
|
|upkeep
|
|t:|1759070359
|switch|p1a: this is|Mandibuzz, F|100/100
|turn|5
|
|t:|1759070368
|switch|p2a: Alomomola|Alomomola, M|100/100
|move|p1a: this is|Nasty Plot|p1a: this is
|-boost|p1a: this is|spa|2
|
|-fieldend|move: Trick Room
|upkeep
|turn|6
|
|t:|1759070383
|move|p1a: this is|Nasty Plot|p1a: this is
|-boost|p1a: this is|spa|2
|move|p2a: Alomomola|Mirror Coat||[still]
|-fail|p2a: Alomomola
|
|upkeep
|turn|7
|
|t:|1759070393
|move|p1a: this is|Nasty Plot|p1a: this is
|-boost|p1a: this is|spa|2
|move|p2a: Alomomola|Mirror Coat||[still]
|-fail|p2a: Alomomola
|
|upkeep
|turn|8
|
|t:|1759070405
|move|p1a: this is|Nasty Plot|p1a: this is
|-boost|p1a: this is|spa|0
|move|p2a: Alomomola|Mirror Coat||[still]
|-fail|p2a: Alomomola
|
|upkeep
|turn|9
|
|t:|1759070414
|move|p1a: this is|Dark Pulse|p2a: Alomomola
|-damage|p2a: Alomomola|41/100
|cant|p2a: Alomomola|flinch
|
|upkeep
|turn|10
|c|☆qiji125|hax
|
|t:|1759070437
|move|p1a: this is|Dark Pulse|p2a: Alomomola
|-crit|p2a: Alomomola
|-damage|p2a: Alomomola|0 fnt
|faint|p2a: Alomomola
|
|upkeep
|c|☆victory 4 u|its immune to mirror coat
|
|t:|1759070453
|switch|p2a: Zapdos|Zapdos|100/100
|-ability|p2a: Zapdos|Pressure
|turn|11
|
|t:|1759070471
|-terastallize|p1a: this is|Ice
|move|p2a: Zapdos|Volt Switch|p1a: this is
|-damage|p1a: this is|49/100
|
|t:|1759070478
|switch|p2a: Zamazenta|Zamazenta|25/100|[from] Volt Switch
|move|p1a: this is|Tera Blast|p2a: Zamazenta|[anim] Tera Blast Ice
|-damage|p2a: Zamazenta|0 fnt
|faint|p2a: Zamazenta
|
|-heal|p1a: this is|55/100|[from] item: Leftovers
|upkeep
|
|t:|1759070491
|switch|p2a: Zapdos|Zapdos|100/100
|-ability|p2a: Zapdos|Pressure
|turn|12
|
|t:|1759070499
|move|p2a: Zapdos|Heat Wave|p1a: this is|[miss]
|-miss|p2a: Zapdos|p1a: this is
|move|p1a: this is|Tera Blast|p2a: Zapdos|[anim] Tera Blast Ice
|-supereffective|p2a: Zapdos
|-damage|p2a: Zapdos|0 fnt
|faint|p2a: Zapdos
|
|-heal|p1a: this is|61/100|[from] item: Leftovers
|upkeep
|c|☆victory 4 u|thats hax
|c|☆qiji125|。
|
|t:|1759070520
|switch|p2a: Darkrai|Darkrai|100/100
|turn|13
|
|t:|1759070527
|move|p2a: Darkrai|Focus Blast|p1a: this is
|-supereffective|p1a: this is
|-damage|p1a: this is|0 fnt
|faint|p1a: this is
|
|upkeep
|
|t:|1759070545
|switch|p1a: intel|Ogerpon-Wellspring, F|100/100
|turn|14
|
|t:|1759070551
|move|p2a: Darkrai|Focus Blast|p1a: intel
|-damage|p1a: intel|37/100
|move|p1a: intel|Play Rough|p2a: Darkrai
|-supereffective|p2a: Darkrai
|-damage|p2a: Darkrai|24/100
|
|upkeep
|turn|15
|
|t:|1759070561
|switch|p1a: amor|Slowbro, F|100/100
|move|p2a: Darkrai|Focus Blast|p1a: amor
|-resisted|p1a: amor
|-damage|p1a: amor|68/100
|
|upkeep
|turn|16
|
|t:|1759070572
|switch|p2a: Samurott|Samurott-Hisui, M|100/100
|move|p1a: amor|Scald|p2a: Samurott
|-resisted|p2a: Samurott
|-damage|p2a: Samurott|68/100
|-status|p2a: Samurott|brn
|
|-damage|p2a: Samurott|62/100 brn|[from] brn
|upkeep
|turn|17
|c|☆qiji125|hax
|
|t:|1759070592
|switch|p1a: intel|Ogerpon-Wellspring, F|37/100
|move|p2a: Samurott|Ceaseless Edge|p1a: intel
|-damage|p1a: intel|9/100
|-sidestart|p1: victory 4 u|Spikes
|
|-damage|p2a: Samurott|56/100 brn|[from] brn
|upkeep
|turn|18
|
|t:|1759070606
|move|p2a: Samurott|Ceaseless Edge|p1a: intel
|-damage|p1a: intel|0 fnt
|-sidestart|p1: victory 4 u|Spikes
|faint|p1a: intel
|
|-damage|p2a: Samurott|50/100 brn|[from] brn
|upkeep
|
|t:|1759070613
|switch|p1a: code|Chesnaught, F|100/100
|turn|19
|
|t:|1759070622
|move|p2a: Samurott|Ceaseless Edge|p1a: code|[miss]
|-miss|p2a: Samurott|p1a: code
|move|p1a: code|Body Press|p2a: Samurott
|-supereffective|p2a: Samurott
|-damage|p2a: Samurott|0 fnt
|faint|p2a: Samurott
|
|upkeep
|
|t:|1759070633
|switch|p2a: Darkrai|Darkrai|24/100
|turn|20
|
|t:|1759070654
|-terastallize|p2a: Darkrai|Fairy
|move|p2a: Darkrai|Trick|p1a: code
|-activate|p2a: Darkrai|move: Trick|[of] p1a: code
|-item|p1a: code|Choice Specs|[from] move: Trick
|-item|p2a: Darkrai|Heavy-Duty Boots|[from] move: Trick
|move|p1a: code|Body Press|p2a: Darkrai
|-resisted|p2a: Darkrai
|-damage|p2a: Darkrai|0 fnt
|faint|p2a: Darkrai
|
|win|victory 4 u
|raw|victory 4 u's rating: 1181 &rarr; <strong>1209</strong><br />(+28 for winning)
|raw|qiji125's rating: 1220 &rarr; <strong>1192</strong><br />(-28 for losing)
|c|☆victory 4 u|gg
|l|☆qiji125
|player|p2|
|l|☆victory 4 u
|player|p1|
