|badge|p2|bronze|gen9randombattle|100-6
|uhtml|medal-msg|<div class="broadcast-blue">Curious what those medals under the avatar are? PS now has Ladder Seasons! For more information, check out the <a href="https://www.smogon.com/forums/threads/3740067/">thread on Smogon.</a></div>
|j|☆jb291
|j|☆Admirable Deer
|inactive|Battle timer is ON: inactive players will automatically lose when time's up.
|t:|1759044671
|gametype|singles
|player|p1|jb291|cyrus-masters|
|player|p2|Admirable Deer|bugcatcher-gen4dp|
|gen|9
|tier|[Gen 9] OU
|rated|Tournament battle
|rule|HP Percentage Mod: HP is shown in percentages
|rule|Endless Battle Clause: Forcing endless battles is banned
|rule|Species Clause: Limit one of each Pokémon
|rule|OHKO Clause: OHKO moves are banned
|rule|Evasion Items Clause: Evasion items are banned
|rule|Evasion Moves Clause: Evasion moves are banned
|rule|Evasion Abilities Clause: Evasion abilities are banned
|rule|Sleep Moves Clause: Sleep-inducing moves are banned
|clearpoke
|poke|p1|Samurott-Hisui, F|
|poke|p1|Slowking-Galar, M|
|poke|p1|Clefable, F|
|poke|p1|Iron Valiant|
|poke|p1|Corviknight, F|
|poke|p1|Iron Crown|
|poke|p2|Scizor, M|
|poke|p2|Iron Valiant|
|poke|p2|Kyurem|
|poke|p2|Ting-Lu|
|poke|p2|Gholdengo|
|poke|p2|Deoxys-Speed|
|teampreview
|j|*Lady Monita ☀
|j| BB-8-NU
|inactive|jb291 also wants the timer to be on.
|inactive|Admirable Deer also wants the timer to be on.
|j| StarCalyrex
|j|%GentleDnite
|j| PokeArt2004❤
|j| Etjx
|j| Raichu95lucario
|l| StarCalyrex
|j| MegaGardevoirVgc
|inactive|Admirable Deer has 120 seconds left.
|
|t:|1759044714
|teamsize|p1|6
|teamsize|p2|6
|start
|switch|p1a: Samurott|Samurott-Hisui, F|100/100
|switch|p2a: Scizor|Scizor, M|100/100
|turn|1
|
|t:|1759044718
|move|p1a: Samurott|Flip Turn|p2a: Scizor
|-crit|p2a: Scizor
|-damage|p2a: Scizor|52/100
|
|t:|1759044722
|switch|p1a: Slowking|Slowking-Galar, M|100/100|[from] Flip Turn
|move|p2a: Scizor|Close Combat|p1a: Slowking
|-resisted|p1a: Slowking
|-damage|p1a: Slowking|88/100
|-unboost|p2a: Scizor|def|1
|-unboost|p2a: Scizor|spd|1
|
|upkeep
|turn|2
|l|%GentleDnite
|j| The_Moonool
|j|+Fragments
|
|t:|1759044729
|switch|p2a: Ting-Lu|Ting-Lu|100/100
|-ability|p2a: Ting-Lu|Vessel of Ruin
|-prepare|p1a: Slowking|Chilly Reception|[premajor]
|move|p1a: Slowking|Chilly Reception|p1a: Slowking
|-weather|Snowscape
|j| WooperFanPurple
|
|t:|1759044736
|switch|p1a: Samurott|Samurott-Hisui, F|100/100|[from] Chilly Reception
|
|-weather|Snowscape|[upkeep]
|upkeep
|turn|3
|l|+Fragments
|
|t:|1759044740
|move|p1a: Samurott|Ceaseless Edge|p2a: Ting-Lu
|-resisted|p2a: Ting-Lu
|-damage|p2a: Ting-Lu|88/100
|-damage|p1a: Samurott|84/100|[from] item: Rocky Helmet|[of] p2a: Ting-Lu
|-sidestart|p2: Admirable Deer|Spikes
|move|p2a: Ting-Lu|Earthquake|p1a: Samurott
|-damage|p1a: Samurott|30/100
|
|-weather|Snowscape|[upkeep]
|upkeep
|turn|4
|l| WooperFanPurple
|
|t:|1759044745
|switch|p1a: Clefable|Clefable, F|100/100
|move|p2a: Ting-Lu|Spikes|p1a: Clefable
|-sidestart|p1: jb291|Spikes
|
|-weather|Snowscape|[upkeep]
|upkeep
|turn|5
|j| WooperFanPurple
|
|t:|1759044748
|switch|p2a: Scizor|Scizor, M|52/100
|-damage|p2a: Scizor|39/100|[from] Spikes
|move|p1a: Clefable|Knock Off|p2a: Scizor
|-crit|p2a: Scizor
|-damage|p2a: Scizor|14/100
|-enditem|p2a: Scizor|Clear Amulet|[from] move: Knock Off|[of] p1a: Clefable
|
|-weather|Snowscape|[upkeep]
|upkeep
|turn|6
|j| drop 6 nukers
|l| The_Moonool
|
|t:|1759044752
|switch|p1a: Corviknight|Corviknight, F|100/100
|-ability|p1a: Corviknight|Pressure
|move|p2a: Scizor|Swords Dance|p2a: Scizor
|-boost|p2a: Scizor|atk|2
|
|-weather|none
|upkeep
|turn|7
|l| WooperFanPurple
|
|t:|1759044758
|move|p2a: Scizor|Knock Off|p1a: Corviknight
|-damage|p1a: Corviknight|59/100
|-damage|p2a: Scizor|0 fnt|[from] item: Rocky Helmet|[of] p1a: Corviknight
|faint|p2a: Scizor
|move|p1a: Corviknight|Roost|p1a: Corviknight
|-heal|p1a: Corviknight|100/100
|-singleturn|p1a: Corviknight|move: Roost
|
|upkeep
|j| 3130a
|
|t:|1759044768
|switch|p2a: Gholdengo|Gholdengo|100/100
|-item|p2a: Gholdengo|Air Balloon
|turn|8
|
|t:|1759044771
|switch|p1a: Samurott|Samurott-Hisui, F|30/100
|move|p2a: Gholdengo|Shadow Ball|p1a: Samurott
|-resisted|p1a: Samurott
|-damage|p1a: Samurott|0 fnt
|faint|p1a: Samurott
|
|upkeep
|
|t:|1759044781
|switch|p1a: Iron Crown|Iron Crown|100/100
|-damage|p1a: Iron Crown|88/100|[from] Spikes
|turn|9
|
|t:|1759044788
|switch|p2a: Ting-Lu|Ting-Lu|88/100
|-damage|p2a: Ting-Lu|75/100|[from] Spikes
|-ability|p2a: Ting-Lu|Vessel of Ruin
|move|p1a: Iron Crown|Volt Switch|p2a: Ting-Lu
|-immune|p2a: Ting-Lu
|
|upkeep
|turn|10
|j| sojabhai3am
|j| meowscardaily
|
|t:|1759044796
|-end|p1a: Iron Crown|Quark Drive|[silent]
|switch|p1a: Clefable|Clefable, F|100/100
|switch|p2a: Gholdengo|Gholdengo|100/100
|-item|p2a: Gholdengo|Air Balloon
|
|upkeep
|turn|11
|
|t:|1759044802
|switch|p1a: Corviknight|Corviknight, F|100/100
|-ability|p1a: Corviknight|Pressure
|move|p2a: Gholdengo|Nasty Plot|p2a: Gholdengo
|-boost|p2a: Gholdengo|spa|2
|
|upkeep
|turn|12
|
|t:|1759044804
|move|p2a: Gholdengo|Shadow Ball|p1a: Corviknight
|-damage|p1a: Corviknight|9/100
|move|p1a: Corviknight|U-turn|p2a: Gholdengo
|-resisted|p2a: Gholdengo
|-damage|p2a: Gholdengo|97/100
|-enditem|p2a: Gholdengo|Air Balloon
|
|t:|1759044806
|switch|p1a: Iron Valiant|Iron Valiant|100/100|[from] U-turn
|
|upkeep
|turn|13
|
|t:|1759044810
|switch|p2a: Ting-Lu|Ting-Lu|75/100
|-damage|p2a: Ting-Lu|63/100|[from] Spikes
|-ability|p2a: Ting-Lu|Vessel of Ruin
|move|p1a: Iron Valiant|Destiny Bond|p1a: Iron Valiant
|-singlemove|p1a: Iron Valiant|Destiny Bond
|
|upkeep
|turn|14
|j| The_Moonool
|l| The_Moonool
|
|t:|1759044826
|move|p1a: Iron Valiant|Close Combat|p2a: Ting-Lu
|-supereffective|p2a: Ting-Lu
|-damage|p2a: Ting-Lu|0 fnt
|-unboost|p1a: Iron Valiant|def|1
|-unboost|p1a: Iron Valiant|spd|1
|-damage|p1a: Iron Valiant|84/100|[from] item: Rocky Helmet|[of] p2a: Ting-Lu
|faint|p2a: Ting-Lu
|
|upkeep
|
|t:|1759044830
|switch|p2a: Deoxys|Deoxys-Speed|100/100
|-damage|p2a: Deoxys|88/100|[from] Spikes
|-ability|p2a: Deoxys|Pressure
|turn|15
|
|t:|1759044832
|-end|p1a: Iron Valiant|Quark Drive|[silent]
|switch|p1a: Clefable|Clefable, F|100/100
|move|p2a: Deoxys|Stealth Rock|p1a: Clefable
|-sidestart|p1: jb291|move: Stealth Rock
|
|upkeep
|turn|16
|
|t:|1759044844
|switch|p2a: Gholdengo|Gholdengo|97/100
|-damage|p2a: Gholdengo|85/100|[from] Spikes
|move|p1a: Clefable|Stealth Rock|p2a: Gholdengo
|-sidestart|p2: Admirable Deer|move: Stealth Rock
|
|upkeep
|turn|17
|
|t:|1759044851
|switch|p1a: Corviknight|Corviknight, F|9/100
|-damage|p1a: Corviknight|0 fnt|[from] Stealth Rock
|faint|p1a: Corviknight
|move|p2a: Gholdengo|Shadow Ball|p1: Corviknight|[notarget]
|-fail|p2a: Gholdengo
|
|upkeep
|
|t:|1759044855
|switch|p1a: Iron Valiant|Iron Valiant|84/100
|turn|18
|
|t:|1759044860
|move|p1a: Iron Valiant|Destiny Bond|p1a: Iron Valiant
|-singlemove|p1a: Iron Valiant|Destiny Bond
|move|p2a: Gholdengo|Make It Rain|p1a: Iron Valiant
|-supereffective|p1a: Iron Valiant
|-damage|p1a: Iron Valiant|0 fnt
|-unboost|p2a: Gholdengo|spa|1
|faint|p1a: Iron Valiant
|-activate|p1a: Iron Valiant|move: Destiny Bond
|-end|p1a: Iron Valiant|Quark Drive|[silent]
|faint|p2a: Gholdengo
|
|upkeep
|j| MyPokemonRBad12
|
|t:|1759044875
|switch|p1a: Iron Crown|Iron Crown|88/100
|switch|p2a: Iron Valiant|Iron Valiant|100/100
|-damage|p2a: Iron Valiant|88/100|[from] Spikes
|-damage|p2a: Iron Valiant|82/100|[from] Stealth Rock
|-damage|p1a: Iron Crown|76/100|[from] Spikes
|-damage|p1a: Iron Crown|69/100|[from] Stealth Rock
|-enditem|p2a: Iron Valiant|Booster Energy
|-activate|p2a: Iron Valiant|ability: Quark Drive|[fromitem]
|-start|p2a: Iron Valiant|quarkdrivespe
|turn|19
|j|+Fragments
|
|t:|1759044883
|move|p2a: Iron Valiant|Knock Off|p1a: Iron Crown
|-supereffective|p1a: Iron Crown
|-damage|p1a: Iron Crown|0 fnt
|-enditem|p1a: Iron Crown|Choice Specs|[from] move: Knock Off|[of] p2a: Iron Valiant
|faint|p1a: Iron Crown
|-end|p1a: Iron Crown|Quark Drive|[silent]
|
|upkeep
|j| ElPrincipeMilito
|
|t:|1759044886
|switch|p1a: Clefable|Clefable, F|100/100
|turn|20
|
|t:|1759044891
|move|p2a: Iron Valiant|Moonblast|p1a: Clefable
|-damage|p1a: Clefable|64/100
|move|p1a: Clefable|Moonblast|p2a: Iron Valiant
|-supereffective|p2a: Iron Valiant
|-damage|p2a: Iron Valiant|0 fnt
|faint|p2a: Iron Valiant
|-end|p2a: Iron Valiant|Quark Drive|[silent]
|
|upkeep
|
|t:|1759044894
|switch|p2a: Kyurem|Kyurem|100/100
|-damage|p2a: Kyurem|88/100|[from] Spikes
|-damage|p2a: Kyurem|63/100|[from] Stealth Rock
|-ability|p2a: Kyurem|Pressure
|turn|21
|l| Etjx
|
|t:|1759044900
|-terastallize|p2a: Kyurem|Ground
|-terastallize|p1a: Clefable|Steel
|move|p2a: Kyurem|Dragon Dance|p2a: Kyurem
|-boost|p2a: Kyurem|atk|1
|-boost|p2a: Kyurem|spe|1
|move|p1a: Clefable|Moonblast|p2a: Kyurem
|-damage|p2a: Kyurem|32/100
|-unboost|p2a: Kyurem|spa|1
|
|upkeep
|turn|22
|
|t:|1759044904
|move|p2a: Kyurem|Tera Blast|p1a: Clefable|[anim] Tera Blast Ground
|-supereffective|p1a: Clefable
|-damage|p1a: Clefable|0 fnt
|faint|p1a: Clefable
|
|upkeep
|j|%GentleDnite
|
|t:|1759044918
|switch|p1a: Slowking|Slowking-Galar, M|100/100
|turn|23
|
|t:|1759044921
|move|p2a: Kyurem|Tera Blast|p1a: Slowking|[anim] Tera Blast Ground
|-supereffective|p1a: Slowking
|-damage|p1a: Slowking|0 fnt
|faint|p1a: Slowking
|
|win|Admirable Deer
|n|☆jb291|jb291
|n|☆Admirable Deer|admirabledeer
|n|*Lady Monita ☀|ladymonita
|n| BB-8-NU|bb8nu
|n| PokeArt2004❤|pokeart2004
|n| Raichu95lucario|raichu95lucario
|n| MegaGardevoirVgc|megagardevoirvgc
|n| drop 6 nukers|drop6nukers
|n| 3130a|3130a
|n| sojabhai3am|sojabhai3am
|n| meowscardaily|meowscardaily
|n| MyPokemonRBad12|mypokemonrbad12
|n|+Fragments|fragments
|n| ElPrincipeMilito|elprincipemilito
|n|+GentleDnite|gentlednite
|l|*Lady Monita ☀
