|j|☆frostcrush
|j|☆moomania
|t:|1759022455
|gametype|singles
|player|p1|frostcrush|169|1154
|player|p2|moomania|linebacker|1088
|gen|9
|tier|[Gen 9] OU
|rated|
|rule|HP Percentage Mod: HP is shown in percentages
|rule|Endless Battle Clause: Forcing endless battles is banned
|rule|Species Clause: Limit one of each Pokémon
|rule|OHKO Clause: OHKO moves are banned
|rule|Evasion Items Clause: Evasion items are banned
|rule|Evasion Moves Clause: Evasion moves are banned
|rule|Evasion Abilities Clause: Evasion abilities are banned
|rule|Sleep Moves Clause: Sleep-inducing moves are banned
|clearpoke
|poke|p1|Glimmora, F|
|poke|p1|Ogerpon-Wellspring, F|
|poke|p1|Haxorus, F|
|poke|p1|Great Tusk|
|poke|p1|Skeledirge, F|
|poke|p1|Ribombee, F|
|poke|p2|Infernape, M|
|poke|p2|Dragonite, M|
|poke|p2|Venusaur, M|
|poke|p2|Azumarill, F|
|poke|p2|Darkrai|
|poke|p2|Metagross|
|teampreview
|
|t:|1759022467
|teamsize|p1|6
|teamsize|p2|6
|start
|switch|p1a: Glimmora|Glimmora, F|100/100
|switch|p2a: Azumarill|Azumarill, F|100/100
|turn|1
|
|t:|1759022474
|move|p1a: Glimmora|Sludge Wave|p2a: Azumarill
|-supereffective|p2a: Azumarill
|-damage|p2a: Azumarill|0 fnt
|faint|p2a: Azumarill
|
|upkeep
|
|t:|1759022480
|switch|p2a: Metagross|Metagross, shiny|100/100
|turn|2
|
|t:|1759022529
|move|p1a: Glimmora|Toxic|p2a: Metagross
|-status|p2a: Metagross|tox
|move|p2a: Metagross|Earthquake|p1a: Glimmora
|-supereffective|p1a: Glimmora
|-enditem|p1a: Glimmora|Focus Sash
|-damage|p1a: Glimmora|1/100
|
|-damage|p2a: Metagross|94/100 tox|[from] psn
|upkeep
|turn|3
|
|t:|1759022539
|switch|p1a: Ogerpon|Ogerpon-Wellspring, F|100/100
|move|p2a: Metagross|Bullet Punch|p1a: Ogerpon
|-resisted|p1a: Ogerpon
|-crit|p1a: Ogerpon
|-damage|p1a: Ogerpon|76/100
|
|-damage|p2a: Metagross|82/100 tox|[from] psn
|upkeep
|turn|4
|
|t:|1759022550
|move|p1a: Ogerpon|Stomping Tantrum|p2a: Metagross
|-supereffective|p2a: Metagross
|-damage|p2a: Metagross|40/100 tox
|move|p2a: Metagross|Psychic Fangs|p1a: Ogerpon
|-damage|p1a: Ogerpon|15/100
|
|-damage|p2a: Metagross|22/100 tox|[from] psn
|upkeep
|turn|5
|
|t:|1759022561
|move|p2a: Metagross|Bullet Punch|p1a: Ogerpon
|-resisted|p1a: Ogerpon
|-damage|p1a: Ogerpon|1/100
|move|p1a: Ogerpon|Stomping Tantrum|p2a: Metagross
|-supereffective|p2a: Metagross
|-damage|p2a: Metagross|0 fnt
|faint|p2a: Metagross
|
|upkeep
|
|t:|1759022569
|switch|p2a: Infernape|Infernape, M|100/100
|-item|p2a: Infernape|Air Balloon
|turn|6
|
|t:|1759022576
|move|p2a: Infernape|Vacuum Wave|p1a: Ogerpon
|-damage|p1a: Ogerpon|0 fnt
|faint|p1a: Ogerpon
|
|upkeep
|
|t:|1759022581
|switch|p1a: Great Tusk|Great Tusk|100/100
|turn|7
|
|t:|1759022586
|move|p2a: Infernape|Grass Knot|p1a: Great Tusk
|-supereffective|p1a: Great Tusk
|-damage|p1a: Great Tusk|44/100
|move|p1a: Great Tusk|Rapid Spin|p2a: Infernape
|-damage|p2a: Infernape|71/100
|-boost|p1a: Great Tusk|spe|1
|-enditem|p2a: Infernape|Air Balloon
|
|upkeep
|turn|8
|
|t:|1759022594
|move|p1a: Great Tusk|Earthquake|p2a: Infernape
|-supereffective|p2a: Infernape
|-damage|p2a: Infernape|0 fnt
|faint|p2a: Infernape
|
|upkeep
|
|t:|1759022600
|switch|p2a: Darkrai|Darkrai|100/100
|turn|9
|
|t:|1759022604
|move|p1a: Great Tusk|Earthquake|p2a: Darkrai
|-damage|p2a: Darkrai|34/100
|move|p2a: Darkrai|Ice Beam|p1a: Great Tusk
|-supereffective|p1a: Great Tusk
|-damage|p1a: Great Tusk|0 fnt
|faint|p1a: Great Tusk
|-end|p1a: Great Tusk|Protosynthesis|[silent]
|-damage|p2a: Darkrai|24/100|[from] item: Life Orb
|
|upkeep
|
|t:|1759022616
|switch|p1a: Ribombee|Ribombee, F|100/100
|turn|10
|
|t:|1759022621
|move|p2a: Darkrai|Ice Beam|p1a: Ribombee
|-damage|p1a: Ribombee|25/100
|-damage|p2a: Darkrai|14/100|[from] item: Life Orb
|move|p1a: Ribombee|Alluring Voice|p2a: Darkrai
|-supereffective|p2a: Darkrai
|-damage|p2a: Darkrai|0 fnt
|faint|p2a: Darkrai
|
|upkeep
|
|t:|1759022628
|switch|p2a: Dragonite|Dragonite, M|100/100
|turn|11
|
|t:|1759022631
|move|p2a: Dragonite|Extreme Speed|p1a: Ribombee
|-damage|p1a: Ribombee|0 fnt
|faint|p1a: Ribombee
|
|upkeep
|
|t:|1759022637
|switch|p1a: Haxorus|Haxorus, F|100/100
|-ability|p1a: Haxorus|Mold Breaker
|turn|12
|
|t:|1759022642
|move|p1a: Haxorus|Outrage|p2a: Dragonite
|-supereffective|p2a: Dragonite
|-damage|p2a: Dragonite|0 fnt
|faint|p2a: Dragonite
|
|upkeep
|
|t:|1759022646
|switch|p2a: Venusaur|Venusaur, M|100/100
|turn|13
|
|t:|1759022655
|move|p1a: Haxorus|Outrage|p2a: Venusaur|[from] lockedmove
|-damage|p2a: Venusaur|18/100
|move|p2a: Venusaur|Sludge Bomb|p1a: Haxorus
|-damage|p1a: Haxorus|53/100
|
|-heal|p1a: Haxorus|60/100|[from] item: Leftovers
|-heal|p2a: Venusaur|24/100|[from] item: Leftovers
|upkeep
|turn|14
|c|☆frostcrush|gg
|
|t:|1759022663
|move|p1a: Haxorus|Outrage|p2a: Venusaur|[from] lockedmove
|-damage|p2a: Venusaur|0 fnt
|faint|p2a: Venusaur
|-start|p1a: Haxorus|confusion|[fatigue]
|
|win|frostcrush
|raw|frostcrush's rating: 1154 &rarr; <strong>1174</strong><br />(+20 for winning)
|raw|moomania's rating: 1088 &rarr; <strong>1069</strong><br />(-19 for losing)
