|j|☆isochrysis
|j|☆Gurden
|t:|1759004506
|gametype|singles
|player|p1|isochrysis|psychic-gen4|1109
|player|p2|Gurden|1|1081
|gen|9
|tier|[Gen 9] OU
|rated|
|rule|HP Percentage Mod: HP is shown in percentages
|rule|Endless Battle Clause: Forcing endless battles is banned
|rule|Species Clause: Limit one of each Pokémon
|rule|OHKO Clause: OHKO moves are banned
|rule|Evasion Items Clause: Evasion items are banned
|rule|Evasion Moves Clause: Evasion moves are banned
|rule|Evasion Abilities Clause: Evasion abilities are banned
|rule|Sleep Moves Clause: Sleep-inducing moves are banned
|clearpoke
|poke|p1|Thundurus, M|
|poke|p1|Weavile, M|
|poke|p1|Gyarados, F|
|poke|p1|Jirachi|
|poke|p1|Pecharunt|
|poke|p1|Garchomp, M|
|poke|p2|Hydreigon, M|
|poke|p2|Serperior, F|
|poke|p2|Tauros-Paldea-Aqua, M|
|poke|p2|Talonflame, F|
|poke|p2|Galvantula, F|
|poke|p2|Infernape, M|
|teampreview
|
|t:|1759004516
|teamsize|p1|6
|teamsize|p2|6
|start
|switch|p1a: Thundurus|Thundurus, M|100/100
|switch|p2a: Galvantula|Galvantula, F|100/100
|turn|1
|
|t:|1759004544
|move|p1a: Thundurus|Taunt|p2a: Galvantula
|-start|p2a: Galvantula|move: Taunt
|move|p2a: Galvantula|Thunder|p1a: Thundurus
|-damage|p1a: Thundurus|47/100
|
|upkeep
|turn|2
|
|t:|1759004556
|switch|p1a: Pecharunt|Pecharunt|100/100
|move|p2a: Galvantula|Thunder|p1a: Pecharunt
|-damage|p1a: Pecharunt|29/100
|
|-heal|p1a: Pecharunt|35/100|[from] item: Black Sludge
|upkeep
|turn|3
|
|t:|1759004570
|switch|p1a: Garchomp|Garchomp, M|100/100
|move|p2a: Galvantula|Thunder|p1a: Garchomp
|-immune|p1a: Garchomp
|
|-end|p2a: Galvantula|move: Taunt
|upkeep
|turn|4
|
|t:|1759004585
|switch|p2a: Tauros|Tauros-Paldea-Aqua, M|100/100
|move|p1a: Garchomp|Swords Dance|p1a: Garchomp
|-boost|p1a: Garchomp|atk|2
|
|upkeep
|turn|5
|
|t:|1759004601
|-terastallize|p1a: Garchomp|Fairy
|move|p1a: Garchomp|Earthquake|p2a: Tauros
|-damage|p2a: Tauros|0 fnt
|faint|p2a: Tauros
|
|upkeep
|
|t:|1759004621
|switch|p2a: Hydreigon|Hydreigon, M|100/100
|turn|6
|
|t:|1759004625
|-terastallize|p2a: Hydreigon|Fairy
|move|p1a: Garchomp|Tera Blast|p2a: Hydreigon|[anim] Tera Blast Fairy
|-damage|p2a: Hydreigon|8/100
|move|p2a: Hydreigon|Flash Cannon|p1a: Garchomp
|-supereffective|p1a: Garchomp
|-damage|p1a: Garchomp|40/100
|
|upkeep
|turn|7
|
|t:|1759004635
|move|p1a: Garchomp|Tera Blast|p2a: Hydreigon|[anim] Tera Blast Fairy
|-damage|p2a: Hydreigon|0 fnt
|faint|p2a: Hydreigon
|
|upkeep
|
|t:|1759004641
|switch|p2a: Serperior|Serperior, F|100/100
|turn|8
|
|t:|1759004646
|move|p2a: Serperior|Leaf Storm|p1a: Garchomp
|-damage|p1a: Garchomp|0 fnt
|-boost|p2a: Serperior|spa|2
|faint|p1a: Garchomp
|-damage|p2a: Serperior|91/100|[from] item: Life Orb
|
|upkeep
|
|t:|1759004655
|switch|p1a: Weavile|Weavile, M|100/100
|turn|9
|
|t:|1759004661
|move|p1a: Weavile|Fake Out|p2a: Serperior
|-damage|p2a: Serperior|75/100
|cant|p2a: Serperior|flinch
|
|upkeep
|turn|10
|
|t:|1759004670
|switch|p2a: Galvantula|Galvantula, F|100/100
|move|p1a: Weavile|Icicle Crash|p2a: Galvantula
|-damage|p2a: Galvantula|21/100
|
|upkeep
|turn|11
|
|t:|1759004683
|move|p1a: Weavile|Icicle Crash|p2a: Galvantula
|-damage|p2a: Galvantula|0 fnt
|faint|p2a: Galvantula
|
|upkeep
|
|t:|1759004689
|switch|p2a: Talonflame|Talonflame, F|100/100
|turn|12
|
|t:|1759004706
|switch|p1a: Gyarados|Gyarados, F|100/100
|-ability|p1a: Gyarados|Intimidate|boost
|-unboost|p2a: Talonflame|atk|1
|move|p2a: Talonflame|Tailwind|p2a: Talonflame
|-sidestart|p2: Gurden|move: Tailwind
|
|upkeep
|turn|13
|
|t:|1759004717
|move|p2a: Talonflame|Will-O-Wisp|p1a: Gyarados
|-status|p1a: Gyarados|brn
|move|p1a: Gyarados|Dragon Dance|p1a: Gyarados
|-boost|p1a: Gyarados|atk|1
|-boost|p1a: Gyarados|spe|1
|
|-damage|p1a: Gyarados|94/100 brn|[from] brn
|upkeep
|turn|14
|
|t:|1759004727
|move|p2a: Talonflame|Brave Bird|p1a: Gyarados
|-damage|p1a: Gyarados|55/100 brn
|-damage|p2a: Talonflame|84/100|[from] item: Rocky Helmet|[of] p1a: Gyarados
|-damage|p2a: Talonflame|70/100|[from] Recoil
|move|p1a: Gyarados|Waterfall|p2a: Talonflame
|-supereffective|p2a: Talonflame
|-damage|p2a: Talonflame|0 fnt
|faint|p2a: Talonflame
|
|-damage|p1a: Gyarados|49/100 brn|[from] brn
|upkeep
|
|t:|1759004739
|switch|p2a: Serperior|Serperior, F|75/100
|turn|15
|l|☆isochrysis
|player|p1|
|inactive|Battle timer is ON: inactive players will automatically lose when time's up. (requested by Gurden)
|inactive|isochrysis has 30 seconds to reconnect!
|inactive|isochrysis has 20 seconds to reconnect!
|inactive|isochrysis has 15 seconds to reconnect!
|inactive|isochrysis has 10 seconds to reconnect!
|inactive|isochrysis has 5 seconds to reconnect!
|-message|isochrysis lost due to inactivity.
|
|win|Gurden
|raw|isochrysis's rating: 1109 &rarr; <strong>1082</strong><br />(-27 for losing)
|raw|Gurden's rating: 1081 &rarr; <strong>1111</strong><br />(+30 for winning)
|l|☆Gurden
|player|p2|
|j|☆isochrysis
|player|p1|isochrysis|psychic-gen4|
|l|☆isochrysis
|player|p1|
