|j|☆paulmair93
|j|‽Spaniel_PKMN
|t:|1758974898
|gametype|singles
|player|p1|paulmair93|linebacker|1026
|player|p2|Spaniel_PKMN|hugh|1062
|gen|9
|tier|[Gen 9] OU
|rated|
|rule|HP Percentage Mod: HP is shown in percentages
|rule|Endless Battle Clause: Forcing endless battles is banned
|rule|Species Clause: Limit one of each Pokémon
|rule|OHKO Clause: OHKO moves are banned
|rule|Evasion Items Clause: Evasion items are banned
|rule|Evasion Moves Clause: Evasion moves are banned
|rule|Evasion Abilities Clause: Evasion abilities are banned
|rule|Sleep Moves Clause: Sleep-inducing moves are banned
|clearpoke
|poke|p1|Exeggutor, F|
|poke|p1|Gliscor, F|
|poke|p1|Slowbro, F|
|poke|p1|Cloyster, M|
|poke|p1|Arbok, M|
|poke|p1|Rhydon, F|
|poke|p2|Minior-Blue|
|poke|p2|Slowking-Galar, M|
|poke|p2|Gliscor, M|
|poke|p2|Rotom-Wash|
|poke|p2|Dragonite, M|
|poke|p2|Scizor, M|
|teampreview
|
|t:|1758974910
|teamsize|p1|6
|teamsize|p2|6
|start
|switch|p1a: Gliscor|Gliscor, F|100/100
|switch|p2a: Slowking|Slowking-Galar, M, shiny|100/100
|turn|1
|
|t:|1758974929
|move|p1a: Gliscor|Knock Off|p2a: Slowking
|-supereffective|p2a: Slowking
|-damage|p2a: Slowking|40/100
|-enditem|p2a: Slowking|Heavy-Duty Boots|[from] move: Knock Off|[of] p1a: Gliscor
|move|p2a: Slowking|Future Sight|p1a: Gliscor
|-start|p2a: Slowking|move: Future Sight
|
|-status|p1a: Gliscor|tox|[from] item: Toxic Orb
|upkeep
|turn|2
|
|t:|1758974942
|move|p1a: Gliscor|Knock Off|p2a: Slowking
|-supereffective|p2a: Slowking
|-damage|p2a: Slowking|2/100
|-prepare|p2a: Slowking|Chilly Reception|[premajor]
|move|p2a: Slowking|Chilly Reception|p2a: Slowking
|-weather|Snowscape
|
|t:|1758974949
|switch|p2a: Minior|Minior-Blue, shiny|100/100|[from] Chilly Reception
|-formechange|p2a: Minior|Minior-Meteor||[from] ability: Shields Down
|
|-weather|Snowscape|[upkeep]
|upkeep
|turn|3
|
|t:|1758974963
|move|p1a: Gliscor|Spikes|p2a: Minior
|-sidestart|p2: Spaniel_PKMN|Spikes
|move|p2a: Minior|Shell Smash|p2a: Minior
|-unboost|p2a: Minior|def|1
|-unboost|p2a: Minior|spd|1
|-boost|p2a: Minior|atk|2
|-boost|p2a: Minior|spa|2
|-boost|p2a: Minior|spe|2
|-enditem|p2a: Minior|White Herb
|-clearnegativeboost|p2a: Minior|[silent]
|
|-weather|Snowscape|[upkeep]
|-end|p1a: Gliscor|move: Future Sight
|-damage|p1a: Gliscor|43/100 tox
|-heal|p1a: Gliscor|56/100 tox|[from] ability: Poison Heal
|upkeep
|turn|4
|
|t:|1758974977
|move|p2a: Minior|Shell Smash|p2a: Minior
|-unboost|p2a: Minior|def|1
|-unboost|p2a: Minior|spd|1
|-boost|p2a: Minior|atk|2
|-boost|p2a: Minior|spa|2
|-boost|p2a: Minior|spe|2
|move|p1a: Gliscor|Stealth Rock|p2a: Minior
|-sidestart|p2: Spaniel_PKMN|move: Stealth Rock
|
|-weather|Snowscape|[upkeep]
|-heal|p1a: Gliscor|68/100 tox|[from] ability: Poison Heal
|upkeep
|turn|5
|
|t:|1758974991
|move|p2a: Minior|Acrobatics|p1a: Gliscor
|-damage|p1a: Gliscor|0 fnt
|faint|p1a: Gliscor
|
|-weather|Snowscape|[upkeep]
|upkeep
|
|t:|1758974995
|switch|p1a: Exeggutor|Exeggutor, F|100/100
|turn|6
|
|t:|1758975001
|move|p2a: Minior|Acrobatics|p1a: Exeggutor
|-supereffective|p1a: Exeggutor
|-enditem|p1a: Exeggutor|Coba Berry|[eat]
|-enditem|p1a: Exeggutor|Coba Berry|[weaken]
|-damage|p1a: Exeggutor|9/100
|move|p1a: Exeggutor|Stun Spore|p2a: Minior|[miss]
|-miss|p1a: Exeggutor|p2a: Minior
|
|-weather|none
|upkeep
|turn|7
|-message|paulmair93 forfeited.
|
|win|Spaniel_PKMN
|raw|paulmair93's rating: 1026 &rarr; <strong>1014</strong><br />(-12 for losing)
|raw|Spaniel_PKMN's rating: 1062 &rarr; <strong>1090</strong><br />(+28 for winning)
|l|☆paulmair93
|player|p1|
