|j|☆Vnshee
|j|☆missingyat
|t:|1758983715
|gametype|singles
|player|p1|Vnshee|1|1191
|player|p2|missingyat|clerk|1186
|gen|9
|tier|[Gen 9] OU
|rated|
|rule|HP Percentage Mod: HP is shown in percentages
|rule|Endless Battle Clause: Forcing endless battles is banned
|rule|Species Clause: Limit one of each Pokémon
|rule|OHKO Clause: OHKO moves are banned
|rule|Evasion Items Clause: Evasion items are banned
|rule|Evasion Moves Clause: Evasion moves are banned
|rule|Evasion Abilities Clause: Evasion abilities are banned
|rule|Sleep Moves Clause: Sleep-inducing moves are banned
|clearpoke
|poke|p1|Hydreigon, M|
|poke|p1|Feraligatr, M|
|poke|p1|Garchomp, M|
|poke|p1|Tyranitar, F|
|poke|p1|Tinkaton, F|
|poke|p1|Slowking-Galar, M|
|poke|p2|Komala, F|
|poke|p2|Moltres|
|poke|p2|Shiftry, M|
|poke|p2|Milotic, F|
|poke|p2|Conkeldurr, M|
|poke|p2|Whimsicott, M|
|teampreview
|
|t:|1758983723
|teamsize|p1|6
|teamsize|p2|6
|start
|switch|p1a: Tinkaton|Tinkaton, F|100/100
|switch|p2a: Whimsicott|Whimsicott, M|100/100
|-ability|p1a: Tinkaton|Mold Breaker
|turn|1
|
|t:|1758983735
|move|p2a: Whimsicott|Leech Seed|p1a: Tinkaton
|-start|p1a: Tinkaton|move: Leech Seed
|move|p1a: Tinkaton|Gigaton Hammer|p2a: Whimsicott
|-supereffective|p2a: Whimsicott
|-damage|p2a: Whimsicott|0 fnt
|faint|p2a: Whimsicott
|
|upkeep
|
|t:|1758983746
|switch|p2a: KFC|Moltres|100/100
|turn|2
|
|t:|1758983750
|move|p1a: Tinkaton|Stealth Rock|p2a: KFC
|-sidestart|p2: missingyat|move: Stealth Rock
|move|p2a: KFC|U-turn|p1a: Tinkaton
|-resisted|p1a: Tinkaton
|-damage|p1a: Tinkaton|97/100
|
|t:|1758983758
|switch|p2a: Slizzy|Komala, F, shiny|100/100|[from] U-turn
|-damage|p2a: Slizzy|88/100|[from] Stealth Rock
|-ability|p2a: Slizzy|Comatose
|
|-heal|p1a: Tinkaton|100/100|[from] item: Leftovers
|-damage|p1a: Tinkaton|88/100|[from] Leech Seed|[of] p2a: Slizzy
|-heal|p2a: Slizzy|100/100|[silent]
|upkeep
|turn|3
|
|t:|1758983772
|move|p1a: Tinkaton|Gigaton Hammer|p2a: Slizzy
|-damage|p2a: Slizzy|45/100
|move|p2a: Slizzy|Rapid Spin|p1a: Tinkaton
|-resisted|p1a: Tinkaton
|-damage|p1a: Tinkaton|78/100
|-boost|p2a: Slizzy|spe|1
|-sideend|p2: missingyat|Stealth Rock|[from] move: Rapid Spin|[of] p2a: Slizzy
|
|-heal|p1a: Tinkaton|84/100|[from] item: Leftovers
|-damage|p1a: Tinkaton|72/100|[from] Leech Seed|[of] p2a: Slizzy
|-heal|p2a: Slizzy|62/100|[silent]
|upkeep
|turn|4
|
|t:|1758983783
|move|p2a: Slizzy|Body Slam|p1a: Tinkaton
|-resisted|p1a: Tinkaton
|-damage|p1a: Tinkaton|52/100
|move|p1a: Tinkaton|Encore|p2a: Slizzy
|-start|p2a: Slizzy|Encore
|
|-heal|p1a: Tinkaton|58/100|[from] item: Leftovers
|-damage|p1a: Tinkaton|46/100|[from] Leech Seed|[of] p2a: Slizzy
|-heal|p2a: Slizzy|79/100|[silent]
|upkeep
|turn|5
|
|t:|1758983792
|move|p2a: Slizzy|Body Slam|p1a: Tinkaton
|-resisted|p1a: Tinkaton
|-damage|p1a: Tinkaton|28/100
|move|p1a: Tinkaton|Stealth Rock|p2a: Slizzy
|-sidestart|p2: missingyat|move: Stealth Rock
|
|-heal|p1a: Tinkaton|34/100|[from] item: Leftovers
|-damage|p1a: Tinkaton|22/100|[from] Leech Seed|[of] p2a: Slizzy
|-heal|p2a: Slizzy|96/100|[silent]
|upkeep
|turn|6
|
|t:|1758983801
|move|p2a: Slizzy|Body Slam|p1a: Tinkaton
|-resisted|p1a: Tinkaton
|-damage|p1a: Tinkaton|4/100
|move|p1a: Tinkaton|Gigaton Hammer|p2a: Slizzy
|-damage|p2a: Slizzy|41/100
|
|-heal|p1a: Tinkaton|10/100|[from] item: Leftovers
|-damage|p1a: Tinkaton|0 fnt|[from] Leech Seed|[of] p2a: Slizzy
|-heal|p2a: Slizzy|54/100|[silent]
|faint|p1a: Tinkaton
|upkeep
|
|t:|1758983811
|switch|p1a: Hydreigon|Hydreigon, M|100/100
|turn|7
|
|t:|1758983840
|move|p1a: Hydreigon|Draco Meteor|p2a: Slizzy
|-crit|p2a: Slizzy
|-damage|p2a: Slizzy|0 fnt
|-unboost|p1a: Hydreigon|spa|2
|faint|p2a: Slizzy
|
|upkeep
|
|t:|1758983846
|switch|p2a: Milotic|Milotic, F|100/100
|-damage|p2a: Milotic|88/100|[from] Stealth Rock
|turn|8
|
|t:|1758983851
|switch|p1a: Tyranitar|Tyranitar, F|100/100
|-weather|Sandstorm|[from] ability: Sand Stream|[of] p1a: Tyranitar
|move|p2a: Milotic|Dragon Tail|p1a: Tyranitar
|-damage|p1a: Tyranitar|94/100
|drag|p1a: Hydreigon|Hydreigon, M|100/100
|
|-weather|Sandstorm|[upkeep]
|-damage|p1a: Hydreigon|94/100|[from] Sandstorm
|-damage|p2a: Milotic|82/100|[from] Sandstorm
|-status|p2a: Milotic|brn|[from] item: Flame Orb
|upkeep
|turn|9
|
|t:|1758983864
|move|p1a: Hydreigon|Draco Meteor|p2a: Milotic
|-damage|p2a: Milotic|32/100 brn
|-unboost|p1a: Hydreigon|spa|2
|move|p2a: Milotic|Flip Turn|p1a: Hydreigon
|-resisted|p1a: Hydreigon
|-damage|p1a: Hydreigon|91/100
|
|t:|1758983872
|switch|p2a: Conkeldurr|Conkeldurr, M|100/100|[from] Flip Turn
|-damage|p2a: Conkeldurr|95/100|[from] Stealth Rock
|
|-weather|Sandstorm|[upkeep]
|-damage|p1a: Hydreigon|85/100|[from] Sandstorm
|-damage|p2a: Conkeldurr|89/100|[from] Sandstorm
|upkeep
|turn|10
|
|t:|1758983885
|switch|p1a: Feraligatr|Feraligatr, M|100/100
|move|p2a: Conkeldurr|Bulk Up|p2a: Conkeldurr
|-boost|p2a: Conkeldurr|atk|1
|-boost|p2a: Conkeldurr|def|1
|
|-weather|Sandstorm|[upkeep]
|-damage|p2a: Conkeldurr|83/100|[from] Sandstorm
|-damage|p1a: Feraligatr|94/100|[from] Sandstorm
|upkeep
|turn|11
|
|t:|1758983894
|move|p2a: Conkeldurr|Dynamic Punch|p1a: Feraligatr
|-damage|p1a: Feraligatr|23/100
|-start|p1a: Feraligatr|confusion
|-activate|p1a: Feraligatr|confusion
|move|p1a: Feraligatr|Psychic Fangs|p2a: Conkeldurr
|-supereffective|p2a: Conkeldurr
|-damage|p2a: Conkeldurr|43/100
|-damage|p1a: Feraligatr|13/100|[from] item: Life Orb
|
|-weather|Sandstorm|[upkeep]
|-damage|p2a: Conkeldurr|37/100|[from] Sandstorm
|-damage|p1a: Feraligatr|7/100|[from] Sandstorm
|upkeep
|turn|12
|
|t:|1758983905
|move|p2a: Conkeldurr|Drain Punch|p1a: Feraligatr
|-damage|p1a: Feraligatr|0 fnt
|-heal|p2a: Conkeldurr|40/100|[from] drain|[of] p1a: Feraligatr
|faint|p1a: Feraligatr
|
|-weather|none
|upkeep
|
|t:|1758983914
|switch|p1a: Hydreigon|Hydreigon, M|85/100
|turn|13
|
|t:|1758983918
|move|p1a: Hydreigon|Draco Meteor|p2a: Conkeldurr
|-damage|p2a: Conkeldurr|0 fnt
|-unboost|p1a: Hydreigon|spa|2
|faint|p2a: Conkeldurr
|
|upkeep
|
|t:|1758983925
|switch|p2a: Milotic|Milotic, F|32/100 brn
|-damage|p2a: Milotic|20/100 brn|[from] Stealth Rock
|turn|14
|
|t:|1758983928
|move|p1a: Hydreigon|Draco Meteor|p2a: Milotic
|-damage|p2a: Milotic|0 fnt
|-unboost|p1a: Hydreigon|spa|2
|faint|p2a: Milotic
|
|upkeep
|
|t:|1758983933
|switch|p2a: Shiftry|Shiftry, M|100/100
|-damage|p2a: Shiftry|88/100|[from] Stealth Rock
|turn|15
|
|t:|1758983938
|switch|p1a: Tyranitar|Tyranitar, F|94/100
|-weather|Sandstorm|[from] ability: Sand Stream|[of] p1a: Tyranitar
|move|p2a: Shiftry|Tailwind|p2a: Shiftry
|-sidestart|p2: missingyat|move: Tailwind
|-ability|p2a: Shiftry|Wind Rider|boost
|-boost|p2a: Shiftry|atk|1
|
|-weather|Sandstorm|[upkeep]
|-damage|p2a: Shiftry|82/100|[from] Sandstorm
|upkeep
|turn|16
|
|t:|1758983952
|-terastallize|p2a: Shiftry|Dark
|move|p2a: Shiftry|Knock Off|p1a: Tyranitar
|-resisted|p1a: Tyranitar
|-damage|p1a: Tyranitar|60/100
|-enditem|p1a: Tyranitar|Assault Vest|[from] move: Knock Off|[of] p2a: Shiftry
|move|p1a: Tyranitar|Dragon Tail|p2a: Shiftry
|-damage|p2a: Shiftry|53/100
|drag|p2a: KFC|Moltres|100/100
|
|-weather|Sandstorm|[upkeep]
|-damage|p2a: KFC|94/100|[from] Sandstorm
|upkeep
|turn|17
|
|t:|1758983977
|move|p2a: KFC|U-turn|p1a: Tyranitar
|-supereffective|p1a: Tyranitar
|-damage|p1a: Tyranitar|36/100
|
|t:|1758983980
|switch|p2a: Shiftry|Shiftry, M, tera:Dark|53/100|[from] U-turn
|-damage|p2a: Shiftry|41/100|[from] Stealth Rock
|-ability|p2a: Shiftry|Wind Rider|boost
|-boost|p2a: Shiftry|atk|1
|move|p1a: Tyranitar|Stone Edge|p2a: Shiftry
|-damage|p2a: Shiftry|0 fnt
|faint|p2a: Shiftry
|
|-weather|Sandstorm|[upkeep]
|upkeep
|
|t:|1758983987
|switch|p2a: KFC|Moltres|94/100
|turn|18
|
|t:|1758983991
|move|p2a: KFC|Hurricane|p1a: Tyranitar
|-resisted|p1a: Tyranitar
|-damage|p1a: Tyranitar|25/100
|move|p1a: Tyranitar|Stone Edge|p2a: KFC|[miss]
|-miss|p1a: Tyranitar|p2a: KFC
|
|-weather|Sandstorm|[upkeep]
|-damage|p2a: KFC|88/100|[from] Sandstorm
|-sideend|p2: missingyat|move: Tailwind
|upkeep
|turn|19
|
|t:|1758984004
|move|p2a: KFC|Flamethrower|p1a: Tyranitar
|-resisted|p1a: Tyranitar
|-damage|p1a: Tyranitar|17/100
|move|p1a: Tyranitar|Stone Edge|p2a: KFC
|-supereffective|p2a: KFC
|-damage|p2a: KFC|0 fnt
|faint|p2a: KFC
|
|win|Vnshee
|raw|Vnshee's rating: 1191 &rarr; <strong>1216</strong><br />(+25 for winning)
|raw|missingyat's rating: 1186 &rarr; <strong>1161</strong><br />(-25 for losing)
|l|☆missingyat
|player|p2|
|l|☆Vnshee
|player|p1|
