|j|☆PIICHON
|j|☆PepeNike
|t:|1758946328
|gametype|singles
|player|p1|PIICHON|169|1446
|player|p2|PepeNike|102|1523
|gen|9
|tier|[Gen 9] OU
|rated|
|rule|HP Percentage Mod: HP is shown in percentages
|rule|Endless Battle Clause: Forcing endless battles is banned
|rule|Species Clause: Limit one of each Pokémon
|rule|OHKO Clause: OHKO moves are banned
|rule|Evasion Items Clause: Evasion items are banned
|rule|Evasion Moves Clause: Evasion moves are banned
|rule|Evasion Abilities Clause: Evasion abilities are banned
|rule|Sleep Moves Clause: Sleep-inducing moves are banned
|clearpoke
|poke|p1|Tyranitar, M|
|poke|p1|Excadrill, F|
|poke|p1|Ogerpon-Wellspring, F|
|poke|p1|Raging Bolt|
|poke|p1|Corviknight, F|
|poke|p1|Dragapult, F|
|poke|p2|Glimmora, F|
|poke|p2|Dragapult, F|
|poke|p2|Gholdengo|
|poke|p2|Weavile, F|
|poke|p2|Dragonite, F|
|poke|p2|Greninja-*, M|
|teampreview
|inactive|Battle timer is ON: inactive players will automatically lose when time's up. (requested by PepeNike)
|
|t:|1758946341
|teamsize|p1|6
|teamsize|p2|6
|start
|switch|p1a: Excadrill|Excadrill, F|100/100
|switch|p2a: Glimmora|Glimmora, F|100/100
|-item|p1a: Excadrill|Air Balloon
|turn|1
|
|t:|1758946349
|switch|p2a: Gholdengo|Gholdengo|100/100
|-item|p2a: Gholdengo|Air Balloon
|move|p1a: Excadrill|Earthquake|p2a: Gholdengo
|-immune|p2a: Gholdengo
|
|upkeep
|turn|2
|
|t:|1758946365
|switch|p1a: Corviknight|Corviknight, F|100/100
|-ability|p1a: Corviknight|Pressure
|switch|p2a: Greninja|Greninja, M|100/100
|
|upkeep
|turn|3
|
|t:|1758946370
|switch|p2a: Glimmora|Glimmora, F|100/100
|move|p1a: Corviknight|U-turn|p2a: Glimmora
|-resisted|p2a: Glimmora
|-damage|p2a: Glimmora|93/100
|-activate|p2a: Glimmora|ability: Toxic Debris
|-sidestart|p1: PIICHON|move: Toxic Spikes
|
|t:|1758946378
|switch|p1a: Excadrill|Excadrill, F|100/100|[from] U-turn
|-item|p1a: Excadrill|Air Balloon
|
|upkeep
|turn|4
|
|t:|1758946392
|switch|p2a: Gholdengo|Gholdengo|100/100
|-item|p2a: Gholdengo|Air Balloon
|move|p1a: Excadrill|Earthquake|p2a: Gholdengo
|-immune|p2a: Gholdengo
|
|upkeep
|turn|5
|
|t:|1758946402
|switch|p1a: Tyranitar|Tyranitar, M|100/100
|-status|p1a: Tyranitar|psn
|-weather|Sandstorm|[from] ability: Sand Stream|[of] p1a: Tyranitar
|move|p2a: Gholdengo|Hex|p1a: Tyranitar
|-resisted|p1a: Tyranitar
|-damage|p1a: Tyranitar|85/100 psn
|
|-weather|Sandstorm|[upkeep]
|-damage|p1a: Tyranitar|72/100 psn|[from] psn
|upkeep
|turn|6
|
|t:|1758946410
|switch|p2a: Glimmora|Glimmora, F|93/100
|switch|p1a: Corviknight|Corviknight, F|100/100
|-ability|p1a: Corviknight|Pressure
|
|-weather|Sandstorm|[upkeep]
|upkeep
|turn|7
|
|t:|1758946417
|move|p2a: Glimmora|Stealth Rock|p1a: Corviknight
|-sidestart|p1: PIICHON|move: Stealth Rock
|move|p1a: Corviknight|U-turn|p2a: Glimmora
|-resisted|p2a: Glimmora
|-damage|p2a: Glimmora|86/100
|-activate|p2a: Glimmora|ability: Toxic Debris
|-sidestart|p1: PIICHON|move: Toxic Spikes
|
|t:|1758946427
|switch|p1a: Excadrill|Excadrill, F|100/100|[from] U-turn
|-damage|p1a: Excadrill|97/100|[from] Stealth Rock
|-item|p1a: Excadrill|Air Balloon
|
|-weather|Sandstorm|[upkeep]
|upkeep
|turn|8
|
|t:|1758946444
|switch|p2a: Gholdengo|Gholdengo|100/100
|-item|p2a: Gholdengo|Air Balloon
|move|p1a: Excadrill|Swords Dance|p1a: Excadrill
|-boost|p1a: Excadrill|atk|2
|
|-weather|Sandstorm|[upkeep]
|upkeep
|turn|9
|inactive|PIICHON has 120 seconds left.
|
|t:|1758946471
|move|p1a: Excadrill|Swords Dance|p1a: Excadrill
|-boost|p1a: Excadrill|atk|2
|move|p2a: Gholdengo|Hex|p1a: Excadrill
|-damage|p1a: Excadrill|64/100
|-enditem|p1a: Excadrill|Air Balloon
|
|-weather|Sandstorm|[upkeep]
|upkeep
|turn|10
|inactive|PIICHON has 120 seconds left.
|
|t:|1758946486
|-terastallize|p1a: Excadrill|Water
|move|p1a: Excadrill|Tera Blast|p2a: Gholdengo|[anim] Tera Blast Water
|-damage|p2a: Gholdengo|24/100
|-enditem|p2a: Gholdengo|Air Balloon
|move|p2a: Gholdengo|Hex|p1a: Excadrill
|-damage|p1a: Excadrill|33/100
|
|-weather|Sandstorm|[upkeep]
|upkeep
|turn|11
|inactive|PIICHON has 120 seconds left.
|inactive|PepeNike has 120 seconds left.
|inactive|PepeNike has 90 seconds left.
|
|t:|1758946558
|move|p1a: Excadrill|Tera Blast|p2a: Gholdengo|[anim] Tera Blast Water
|-damage|p2a: Gholdengo|0 fnt
|faint|p2a: Gholdengo
|
|-weather|Sandstorm|[upkeep]
|upkeep
|
|t:|1758946561
|switch|p2a: Dragonite|Dragonite, F|100/100
|turn|12
|
|t:|1758946566
|switch|p1a: Corviknight|Corviknight, F|100/100
|-damage|p1a: Corviknight|88/100|[from] Stealth Rock
|-ability|p1a: Corviknight|Pressure
|move|p2a: Dragonite|Extreme Speed|p1a: Corviknight
|-resisted|p1a: Corviknight
|-damage|p1a: Corviknight|79/100
|-damage|p2a: Dragonite|84/100|[from] item: Rocky Helmet|[of] p1a: Corviknight
|
|-weather|none
|upkeep
|turn|13
|inactive|PepeNike has 90 seconds left.
|
|t:|1758946597
|switch|p2a: Glimmora|Glimmora, F|86/100
|move|p1a: Corviknight|Defog|p2a: Glimmora
|-unboost|p2a: Glimmora|evasion|1
|-sideend|p1: PIICHON|Toxic Spikes|[from] move: Defog|[of] p1a: Corviknight
|-sideend|p1: PIICHON|Stealth Rock|[from] move: Defog|[of] p1a: Corviknight
|
|upkeep
|turn|14
|
|t:|1758946621
|switch|p1a: Dragapult|Dragapult, F|100/100
|move|p2a: Glimmora|Stealth Rock|p1a: Dragapult
|-sidestart|p1: PIICHON|move: Stealth Rock
|
|upkeep
|turn|15
|inactive|PepeNike has 90 seconds left.
|
|t:|1758946641
|move|p1a: Dragapult|Draco Meteor|p2a: Glimmora
|-damage|p2a: Glimmora|0 fnt
|-unboost|p1a: Dragapult|spa|2
|faint|p2a: Glimmora
|
|upkeep
|
|t:|1758946645
|switch|p2a: Weavile|Weavile, F|100/100
|turn|16
|
|t:|1758946657
|switch|p1a: Corviknight|Corviknight, F|79/100
|-damage|p1a: Corviknight|67/100|[from] Stealth Rock
|-ability|p1a: Corviknight|Pressure
|move|p2a: Weavile|Swords Dance|p2a: Weavile
|-boost|p2a: Weavile|atk|2
|
|upkeep
|turn|17
|
|t:|1758946664
|move|p2a: Weavile|Knock Off|p1a: Corviknight
|-damage|p1a: Corviknight|8/100
|-damage|p2a: Weavile|84/100|[from] item: Rocky Helmet|[of] p1a: Corviknight
|-enditem|p1a: Corviknight|Rocky Helmet|[from] move: Knock Off|[of] p2a: Weavile
|move|p1a: Corviknight|Roost|p1a: Corviknight
|-heal|p1a: Corviknight|58/100
|-singleturn|p1a: Corviknight|move: Roost
|
|upkeep
|turn|18
|
|t:|1758946675
|move|p2a: Weavile|Triple Axel|p1a: Corviknight
|-damage|p1a: Corviknight|45/100
|-hitcount|p1a: Corviknight|1
|move|p1a: Corviknight|Roost|p1a: Corviknight
|-heal|p1a: Corviknight|95/100
|-singleturn|p1a: Corviknight|move: Roost
|
|upkeep
|turn|19
|
|t:|1758946699
|switch|p2a: Dragapult|Dragapult, F|100/100
|move|p1a: Corviknight|Body Press|p2a: Dragapult
|-immune|p2a: Dragapult
|
|upkeep
|turn|20
|
|t:|1758946713
|switch|p1a: Tyranitar|Tyranitar, M|72/100 psn
|-damage|p1a: Tyranitar|60/100 psn|[from] Stealth Rock
|-weather|Sandstorm|[from] ability: Sand Stream|[of] p1a: Tyranitar
|move|p2a: Dragapult|Shadow Ball|p1a: Tyranitar
|-resisted|p1a: Tyranitar
|-damage|p1a: Tyranitar|45/100 psn
|-unboost|p1a: Tyranitar|spd|1
|
|-weather|Sandstorm|[upkeep]
|-damage|p2a: Dragapult|95/100|[from] Sandstorm
|-damage|p1a: Tyranitar|33/100 psn|[from] psn
|upkeep
|turn|21
|
|t:|1758946731
|switch|p2a: Weavile|Weavile, F|84/100
|move|p1a: Tyranitar|Knock Off|p2a: Weavile
|-resisted|p2a: Weavile
|-damage|p2a: Weavile|45/100
|-enditem|p2a: Weavile|Heavy-Duty Boots|[from] move: Knock Off|[of] p1a: Tyranitar
|-enditem|p1a: Tyranitar|Smooth Rock|[silent]|[from] ability: Pickpocket|[of] p1a: Tyranitar
|-item|p2a: Weavile|Smooth Rock|[from] ability: Pickpocket|[of] p1a: Tyranitar
|
|-weather|Sandstorm|[upkeep]
|-damage|p2a: Weavile|39/100|[from] Sandstorm
|-damage|p1a: Tyranitar|20/100 psn|[from] psn
|upkeep
|turn|22
|inactive|PepeNike has 120 seconds left.
|
|t:|1758946747
|move|p2a: Weavile|Knock Off|p1a: Tyranitar
|-resisted|p1a: Tyranitar
|-damage|p1a: Tyranitar|11/100 psn
|move|p1a: Tyranitar|Thunder Wave|p2a: Weavile
|-status|p2a: Weavile|par
|
|-weather|Sandstorm|[upkeep]
|-damage|p2a: Weavile|33/100 par|[from] Sandstorm
|-damage|p1a: Tyranitar|0 fnt|[from] psn
|faint|p1a: Tyranitar
|upkeep
|inactive|PIICHON has 120 seconds left.
|
|t:|1758946767
|switch|p1a: Excadrill|Excadrill, F, tera:Water|33/100
|-damage|p1a: Excadrill|20/100|[from] Stealth Rock
|turn|23
|
|t:|1758946779
|move|p1a: Excadrill|Rock Slide|p2a: Weavile
|-supereffective|p2a: Weavile
|-damage|p2a: Weavile|0 fnt
|faint|p2a: Weavile
|
|-weather|Sandstorm|[upkeep]
|upkeep
|
|t:|1758946783
|switch|p2a: Dragonite|Dragonite, F|84/100
|turn|24
|
|t:|1758946785
|move|p2a: Dragonite|Extreme Speed|p1a: Excadrill
|-damage|p1a: Excadrill|0 fnt
|faint|p1a: Excadrill
|
|-weather|Sandstorm|[upkeep]
|-damage|p2a: Dragonite|78/100|[from] Sandstorm
|upkeep
|inactive|PIICHON has 120 seconds left.
|
|t:|1758946815
|switch|p1a: Dragapult|Dragapult, F|100/100
|-damage|p1a: Dragapult|88/100|[from] Stealth Rock
|turn|25
|
|t:|1758946843
|move|p1a: Dragapult|Draco Meteor|p2a: Dragonite
|-supereffective|p2a: Dragonite
|-damage|p2a: Dragonite|0 fnt
|-unboost|p1a: Dragapult|spa|2
|faint|p2a: Dragonite
|
|-weather|Sandstorm|[upkeep]
|-damage|p1a: Dragapult|82/100|[from] Sandstorm
|upkeep
|
|t:|1758946844
|switch|p2a: Greninja|Greninja, M|100/100
|turn|26
|
|t:|1758946856
|switch|p1a: Corviknight|Corviknight, F|95/100
|-damage|p1a: Corviknight|83/100|[from] Stealth Rock
|-ability|p1a: Corviknight|Pressure
|move|p2a: Greninja|Dark Pulse|p1a: Corviknight
|-damage|p1a: Corviknight|31/100
|-damage|p2a: Greninja|91/100|[from] item: Life Orb
|
|-weather|Sandstorm|[upkeep]
|-damage|p2a: Greninja|85/100|[from] Sandstorm
|upkeep
|turn|27
|inactive|PepeNike has 120 seconds left.
|inactive|PepeNike has 90 seconds left.
|inactive|PepeNike has 60 seconds left.
|inactive|PepeNike has 30 seconds left.
|inactive|PepeNike has 20 seconds left.
|inactive|PepeNike has 15 seconds left.
|inactive|PepeNike has 10 seconds left.
|inactive|PepeNike has 5 seconds left.
|-message|PepeNike lost due to inactivity.
|
|win|PIICHON
|raw|PIICHON's rating: 1446 &rarr; <strong>1470</strong><br />(+24 for winning)
|raw|PepeNike's rating: 1523 &rarr; <strong>1499</strong><br />(-24 for losing)
