|j|☆swift_uhm
|j|☆CheetosD
|t:|1759009298
|gametype|singles
|player|p1|swift_uhm|firebreather|1242
|player|p2|CheetosD|veteranf|1233
|gen|9
|tier|[Gen 9] OU
|rated|
|rule|HP Percentage Mod: HP is shown in percentages
|rule|Endless Battle Clause: Forcing endless battles is banned
|rule|Species Clause: Limit one of each Pokémon
|rule|OHKO Clause: OHKO moves are banned
|rule|Evasion Items Clause: Evasion items are banned
|rule|Evasion Moves Clause: Evasion moves are banned
|rule|Evasion Abilities Clause: Evasion abilities are banned
|rule|Sleep Moves Clause: Sleep-inducing moves are banned
|clearpoke
|poke|p1|Arcanine-Hisui, F|
|poke|p1|Garchomp, F|
|poke|p1|Empoleon, M|
|poke|p1|Forretress, M|
|poke|p1|Hatterene, F|
|poke|p1|Trevenant, M|
|poke|p2|Gastrodon, M|
|poke|p2|Toxapex, M|
|poke|p2|Alomomola, F|
|poke|p2|Suicune|
|poke|p2|Greninja-*, F|
|poke|p2|Empoleon, F|
|teampreview
|inactive|Battle timer is ON: inactive players will automatically lose when time's up. (requested by CheetosD)
|
|t:|1759009309
|teamsize|p1|6
|teamsize|p2|6
|start
|switch|p1a: Forretress|Forretress, M|100/100
|switch|p2a: Suicune|Suicune|100/100
|-ability|p2a: Suicune|Pressure
|turn|1
|
|t:|1759009315
|move|p2a: Suicune|Calm Mind|p2a: Suicune
|-boost|p2a: Suicune|spa|1
|-boost|p2a: Suicune|spd|1
|move|p1a: Forretress|Spikes|p2a: Suicune
|-sidestart|p2: CheetosD|Spikes
|
|upkeep
|turn|2
|
|t:|1759009320
|move|p2a: Suicune|Calm Mind|p2a: Suicune
|-boost|p2a: Suicune|spa|1
|-boost|p2a: Suicune|spd|1
|move|p1a: Forretress|Sunny Day|p1a: Forretress
|-weather|SunnyDay
|
|-weather|SunnyDay|[upkeep]
|upkeep
|turn|3
|
|t:|1759009332
|switch|p1a: Trevenant|Trevenant, M|100/100
|move|p2a: Suicune|Substitute|p2a: Suicune
|-start|p2a: Suicune|Substitute
|-damage|p2a: Suicune|75/100
|
|-weather|SunnyDay|[upkeep]
|-heal|p2a: Suicune|82/100|[from] item: Leftovers
|upkeep
|turn|4
|
|t:|1759009339
|move|p2a: Suicune|Calm Mind|p2a: Suicune
|-boost|p2a: Suicune|spa|1
|-boost|p2a: Suicune|spd|1
|move|p1a: Trevenant|Horn Leech|p2a: Suicune
|-supereffective|p2a: Suicune
|-end|p2a: Suicune|Substitute
|
|-weather|SunnyDay|[upkeep]
|-heal|p2a: Suicune|88/100|[from] item: Leftovers
|upkeep
|turn|5
|
|t:|1759009344
|move|p2a: Suicune|Substitute|p2a: Suicune
|-start|p2a: Suicune|Substitute
|-damage|p2a: Suicune|63/100
|move|p1a: Trevenant|Leech Seed||[still]
|-fail|p1a: Trevenant
|
|-weather|SunnyDay|[upkeep]
|-heal|p2a: Suicune|69/100|[from] item: Leftovers
|upkeep
|turn|6
|
|t:|1759009348
|move|p2a: Suicune|Calm Mind|p2a: Suicune
|-boost|p2a: Suicune|spa|1
|-boost|p2a: Suicune|spd|1
|move|p1a: Trevenant|Knock Off|p2a: Suicune
|-activate|p2a: Suicune|move: Substitute|[damage]
|
|-weather|none
|-heal|p2a: Suicune|75/100|[from] item: Leftovers
|upkeep
|turn|7
|
|t:|1759009353
|move|p2a: Suicune|Calm Mind|p2a: Suicune
|-boost|p2a: Suicune|spa|1
|-boost|p2a: Suicune|spd|1
|move|p1a: Trevenant|Horn Leech|p2a: Suicune
|-supereffective|p2a: Suicune
|-end|p2a: Suicune|Substitute
|
|-heal|p2a: Suicune|81/100|[from] item: Leftovers
|upkeep
|turn|8
|
|t:|1759009358
|move|p2a: Suicune|Substitute|p2a: Suicune
|-start|p2a: Suicune|Substitute
|-damage|p2a: Suicune|56/100
|move|p1a: Trevenant|Knock Off|p2a: Suicune
|-crit|p2a: Suicune
|-end|p2a: Suicune|Substitute
|
|-heal|p2a: Suicune|63/100|[from] item: Leftovers
|upkeep
|turn|9
|
|t:|1759009365
|move|p2a: Suicune|Substitute|p2a: Suicune
|-start|p2a: Suicune|Substitute
|-damage|p2a: Suicune|38/100
|move|p1a: Trevenant|Horn Leech|p2a: Suicune
|-supereffective|p2a: Suicune
|-end|p2a: Suicune|Substitute
|
|-heal|p2a: Suicune|44/100|[from] item: Leftovers
|upkeep
|turn|10
|
|t:|1759009371
|move|p2a: Suicune|Substitute|p2a: Suicune
|-start|p2a: Suicune|Substitute
|-damage|p2a: Suicune|19/100
|move|p1a: Trevenant|Horn Leech|p2a: Suicune
|-supereffective|p2a: Suicune
|-end|p2a: Suicune|Substitute
|
|-heal|p2a: Suicune|25/100|[from] item: Leftovers
|upkeep
|turn|11
|
|t:|1759009390
|-terastallize|p2a: Suicune|Grass
|move|p2a: Suicune|Surf|p1a: Trevenant
|-resisted|p1a: Trevenant
|-damage|p1a: Trevenant|46/100
|move|p1a: Trevenant|Horn Leech|p2a: Suicune
|-resisted|p2a: Suicune
|-damage|p2a: Suicune|11/100
|-heal|p1a: Trevenant|54/100|[from] drain|[of] p2a: Suicune
|
|-heal|p2a: Suicune|17/100|[from] item: Leftovers
|upkeep
|turn|12
|
|t:|1759009418
|move|p2a: Suicune|Rest|p2a: Suicune
|-status|p2a: Suicune|slp|[from] move: Rest
|-heal|p2a: Suicune|100/100 slp|[silent]
|move|p1a: Trevenant|Knock Off|p2a: Suicune
|-damage|p2a: Suicune|74/100 slp
|-enditem|p2a: Suicune|Leftovers|[from] move: Knock Off|[of] p1a: Trevenant
|
|upkeep
|turn|13
|
|t:|1759009439
|switch|p1a: Empoleon|Empoleon, M|100/100
|cant|p2a: Suicune|slp
|
|upkeep
|turn|14
|
|t:|1759009446
|cant|p2a: Suicune|slp
|move|p1a: Empoleon|Agility|p1a: Empoleon
|-boost|p1a: Empoleon|spe|2
|
|upkeep
|turn|15
|
|t:|1759009450
|move|p1a: Empoleon|Metal Sound|p2a: Suicune
|-unboost|p2a: Suicune|spd|2
|-enditem|p1a: Empoleon|Throat Spray
|-boost|p1a: Empoleon|spa|1|[from] item: Throat Spray
|-curestatus|p2a: Suicune|slp|[msg]
|move|p2a: Suicune|Calm Mind|p2a: Suicune
|-boost|p2a: Suicune|spa|1
|-boost|p2a: Suicune|spd|1
|
|upkeep
|turn|16
|
|t:|1759009457
|move|p1a: Empoleon|Ice Beam|p2a: Suicune
|-supereffective|p2a: Suicune
|-damage|p2a: Suicune|52/100
|move|p2a: Suicune|Surf|p1a: Empoleon
|-resisted|p1a: Empoleon
|-damage|p1a: Empoleon|39/100
|
|upkeep
|turn|17
|
|t:|1759009470
|move|p1a: Empoleon|Metal Sound|p2a: Suicune
|-unboost|p2a: Suicune|spd|2
|move|p2a: Suicune|Surf|p1a: Empoleon
|-resisted|p1a: Empoleon
|-damage|p1a: Empoleon|0 fnt
|faint|p1a: Empoleon
|
|upkeep
|
|t:|1759009481
|switch|p1a: Arcanine|Arcanine-Hisui, F|100/100
|turn|18
|
|t:|1759009498
|switch|p2a: Toxapex|Toxapex, M|100/100
|-damage|p2a: Toxapex|88/100|[from] Spikes
|move|p1a: Arcanine|Flare Blitz|p2a: Toxapex
|-resisted|p2a: Toxapex
|-damage|p2a: Toxapex|69/100
|
|-heal|p2a: Toxapex|75/100|[from] item: Black Sludge
|upkeep
|turn|19
|
|t:|1759009507
|switch|p1a: Trevenant|Trevenant, M|54/100
|move|p2a: Toxapex|Toxic Spikes|p1a: Trevenant
|-sidestart|p1: swift_uhm|move: Toxic Spikes
|
|-heal|p2a: Toxapex|81/100|[from] item: Black Sludge
|upkeep
|turn|20
|
|t:|1759009512
|switch|p2a: Suicune|Suicune, tera:Grass|52/100
|-damage|p2a: Suicune|39/100|[from] Spikes
|-ability|p2a: Suicune|Pressure
|move|p1a: Trevenant|Leech Seed|p2a: Suicune
|-immune|p2a: Suicune
|
|upkeep
|turn|21
|
|t:|1759009520
|move|p2a: Suicune|Surf|p1a: Trevenant
|-resisted|p1a: Trevenant
|-damage|p1a: Trevenant|38/100
|move|p1a: Trevenant|Knock Off|p2a: Suicune
|-damage|p2a: Suicune|24/100
|
|upkeep
|turn|22
|
|t:|1759009526
|switch|p1a: Forretress|Forretress, M|100/100
|move|p2a: Suicune|Rest|p2a: Suicune
|-status|p2a: Suicune|slp|[from] move: Rest
|-heal|p2a: Suicune|100/100 slp|[silent]
|
|upkeep
|turn|23
|
|t:|1759009528
|cant|p2a: Suicune|slp
|move|p1a: Forretress|Rapid Spin|p2a: Suicune
|-damage|p2a: Suicune|94/100 slp
|-boost|p1a: Forretress|spe|1
|-sideend|p1: swift_uhm|Toxic Spikes|[from] move: Rapid Spin|[of] p1a: Forretress
|
|upkeep
|turn|24
|
|t:|1759009535
|cant|p2a: Suicune|slp
|move|p1a: Forretress|Spikes|p2a: Suicune
|-sidestart|p2: CheetosD|Spikes
|
|upkeep
|turn|25
|
|t:|1759009539
|-curestatus|p2a: Suicune|slp|[msg]
|move|p2a: Suicune|Calm Mind|p2a: Suicune
|-boost|p2a: Suicune|spa|1
|-boost|p2a: Suicune|spd|1
|move|p1a: Forretress|Sunny Day|p1a: Forretress
|-weather|SunnyDay
|
|-weather|SunnyDay|[upkeep]
|upkeep
|turn|26
|
|t:|1759009544
|move|p2a: Suicune|Substitute|p2a: Suicune
|-start|p2a: Suicune|Substitute
|-damage|p2a: Suicune|69/100
|move|p1a: Forretress|Spikes|p2a: Suicune
|-sidestart|p2: CheetosD|Spikes
|
|-weather|SunnyDay|[upkeep]
|upkeep
|turn|27
|
|t:|1759009548
|move|p2a: Suicune|Calm Mind|p2a: Suicune
|-boost|p2a: Suicune|spa|1
|-boost|p2a: Suicune|spd|1
|move|p1a: Forretress|Body Press|p2a: Suicune
|-activate|p2a: Suicune|move: Substitute|[damage]
|
|-weather|SunnyDay|[upkeep]
|upkeep
|turn|28
|
|t:|1759009558
|switch|p1a: Hatterene|Hatterene, F|100/100
|move|p2a: Suicune|Calm Mind|p2a: Suicune
|-boost|p2a: Suicune|spa|1
|-boost|p2a: Suicune|spd|1
|
|-weather|SunnyDay|[upkeep]
|upkeep
|turn|29
|
|t:|1759009561
|move|p2a: Suicune|Surf|p1a: Hatterene
|-damage|p1a: Hatterene|62/100
|-enditem|p1a: Hatterene|Red Card|[of] p2a: Suicune
|drag|p2a: Toxapex|Toxapex, M|100/100
|-damage|p2a: Toxapex|75/100|[from] Spikes
|move|p1a: Hatterene|Mystical Fire|p2a: Toxapex
|-resisted|p2a: Toxapex
|-damage|p2a: Toxapex|57/100
|-unboost|p2a: Toxapex|spa|1
|
|-weather|none
|-heal|p2a: Toxapex|63/100|[from] item: Black Sludge
|upkeep
|turn|30
|
|t:|1759009573
|move|p2a: Toxapex|Toxic Spikes|p1a: Hatterene
|move|p1a: Hatterene|Toxic Spikes|p2a: Toxapex|[from] ability: Magic Bounce
|-sidestart|p2: CheetosD|move: Toxic Spikes
|move|p1a: Hatterene|Shadow Ball|p2a: Toxapex
|-damage|p2a: Toxapex|39/100
|
|-heal|p2a: Toxapex|46/100|[from] item: Black Sludge
|upkeep
|turn|31
|
|t:|1759009578
|move|p2a: Toxapex|Recover|p2a: Toxapex
|-heal|p2a: Toxapex|96/100
|move|p1a: Hatterene|Calm Mind|p1a: Hatterene
|-boost|p1a: Hatterene|spa|1
|-boost|p1a: Hatterene|spd|1
|
|-heal|p2a: Toxapex|100/100|[from] item: Black Sludge
|upkeep
|turn|32
|
|t:|1759009589
|move|p2a: Toxapex|Liquidation|p1a: Hatterene
|-damage|p1a: Hatterene|40/100
|move|p1a: Hatterene|Calm Mind|p1a: Hatterene
|-boost|p1a: Hatterene|spa|1
|-boost|p1a: Hatterene|spd|1
|
|upkeep
|turn|33
|
|t:|1759009593
|move|p2a: Toxapex|Liquidation|p1a: Hatterene
|-damage|p1a: Hatterene|16/100
|move|p1a: Hatterene|Shadow Ball|p2a: Toxapex
|-damage|p2a: Toxapex|50/100
|
|-heal|p2a: Toxapex|57/100|[from] item: Black Sludge
|upkeep
|turn|34
|
|t:|1759009608
|switch|p1a: Forretress|Forretress, M|100/100
|move|p2a: Toxapex|Liquidation|p1a: Forretress
|-damage|p1a: Forretress|89/100
|
|-heal|p1a: Forretress|96/100|[from] item: Leftovers
|-heal|p2a: Toxapex|63/100|[from] item: Black Sludge
|upkeep
|turn|35
|
|t:|1759009616
|switch|p2a: Suicune|Suicune, tera:Grass|69/100
|-damage|p2a: Suicune|44/100|[from] Spikes
|-status|p2a: Suicune|psn
|-ability|p2a: Suicune|Pressure
|move|p1a: Forretress|Sunny Day|p1a: Forretress
|-weather|SunnyDay
|
|-weather|SunnyDay|[upkeep]
|-heal|p1a: Forretress|100/100|[from] item: Leftovers
|-damage|p2a: Suicune|31/100 psn|[from] psn
|upkeep
|turn|36
|
|t:|1759009625
|switch|p1a: Hatterene|Hatterene, F|16/100
|move|p2a: Suicune|Rest|p2a: Suicune
|-status|p2a: Suicune|slp|[from] move: Rest
|-heal|p2a: Suicune|100/100 slp|[silent]
|
|-weather|SunnyDay|[upkeep]
|upkeep
|turn|37
|
|t:|1759009629
|switch|p2a: Toxapex|Toxapex, M|96/100
|-damage|p2a: Toxapex|71/100|[from] Spikes
|-sideend|p2: CheetosD|move: Toxic Spikes|[of] p2a: Toxapex
|move|p1a: Hatterene|Mystical Fire|p2a: Toxapex
|-resisted|p2a: Toxapex
|-damage|p2a: Toxapex|54/100
|-unboost|p2a: Toxapex|spa|1
|
|-weather|SunnyDay|[upkeep]
|-heal|p2a: Toxapex|60/100|[from] item: Black Sludge
|upkeep
|turn|38
|
|t:|1759009634
|switch|p1a: Forretress|Forretress, M|100/100
|move|p2a: Toxapex|Liquidation|p1a: Forretress
|-damage|p1a: Forretress|95/100
|
|-weather|SunnyDay|[upkeep]
|-heal|p1a: Forretress|100/100|[from] item: Leftovers
|-heal|p2a: Toxapex|67/100|[from] item: Black Sludge
|upkeep
|turn|39
|
|t:|1759009643
|switch|p2a: Empoleon|Empoleon, F|100/100
|move|p1a: Forretress|Body Press|p2a: Empoleon
|-supereffective|p2a: Empoleon
|-damage|p2a: Empoleon|29/100
|
|-weather|none
|upkeep
|turn|40
|
|t:|1759009651
|switch|p2a: Gastrodon|Gastrodon, M|100/100
|-damage|p2a: Gastrodon|76/100|[from] Spikes
|move|p1a: Forretress|Body Press|p2a: Gastrodon
|-crit|p2a: Gastrodon
|-damage|p2a: Gastrodon|20/100
|-damage|p1a: Forretress|84/100|[from] item: Rocky Helmet|[of] p2a: Gastrodon
|
|-heal|p1a: Forretress|90/100|[from] item: Leftovers
|upkeep
|turn|41
|
|t:|1759009666
|move|p1a: Forretress|Body Press|p2a: Gastrodon
|-damage|p2a: Gastrodon|0 fnt
|-damage|p1a: Forretress|73/100|[from] item: Rocky Helmet|[of] p2a: Gastrodon
|faint|p2a: Gastrodon
|
|-heal|p1a: Forretress|80/100|[from] item: Leftovers
|upkeep
|
|t:|1759009672
|switch|p2a: Suicune|Suicune, tera:Grass|100/100 slp
|-damage|p2a: Suicune|75/100 slp|[from] Spikes
|-ability|p2a: Suicune|Pressure
|turn|42
|
|t:|1759009689
|cant|p2a: Suicune|slp
|move|p1a: Forretress|Body Press|p2a: Suicune
|-damage|p2a: Suicune|52/100 slp
|
|-heal|p1a: Forretress|86/100|[from] item: Leftovers
|upkeep
|turn|43
|
|t:|1759009695
|switch|p1a: Garchomp|Garchomp, F|100/100
|cant|p2a: Suicune|slp
|
|upkeep
|turn|44
|
|t:|1759009700
|move|p1a: Garchomp|Dragon Claw|p2a: Suicune
|-damage|p2a: Suicune|22/100 slp
|-curestatus|p2a: Suicune|slp|[msg]
|move|p2a: Suicune|Rest|p2a: Suicune
|-status|p2a: Suicune|slp|[from] move: Rest
|-heal|p2a: Suicune|100/100 slp|[silent]
|
|upkeep
|turn|45
|
|t:|1759009706
|switch|p1a: Arcanine|Arcanine-Hisui, F|100/100
|cant|p2a: Suicune|slp
|
|upkeep
|turn|46
|
|t:|1759009710
|switch|p2a: Toxapex|Toxapex, M|99/100
|-damage|p2a: Toxapex|75/100|[from] Spikes
|move|p1a: Arcanine|Head Smash|p2a: Toxapex
|-damage|p2a: Toxapex|28/100
|
|-heal|p2a: Toxapex|35/100|[from] item: Black Sludge
|upkeep
|turn|47
|
|t:|1759009717
|switch|p2a: Alomomola|Alomomola, F|100/100
|-damage|p2a: Alomomola|76/100|[from] Spikes
|move|p1a: Arcanine|Head Smash|p2a: Alomomola|[miss]
|-miss|p1a: Arcanine|p2a: Alomomola
|
|upkeep
|turn|48
|
|t:|1759009721
|switch|p1a: Garchomp|Garchomp, F|100/100
|move|p2a: Alomomola|Wish|p2a: Alomomola
|
|upkeep
|turn|49
|
|t:|1759009731
|move|p1a: Garchomp|Earthquake|p2a: Alomomola
|-damage|p2a: Alomomola|49/100
|move|p2a: Alomomola|Flip Turn|p1a: Garchomp
|-damage|p1a: Garchomp|85/100
|-damage|p2a: Alomomola|36/100|[from] ability: Rough Skin|[of] p1a: Garchomp
|-damage|p2a: Alomomola|20/100|[from] item: Rocky Helmet|[of] p1a: Garchomp
|
|t:|1759009738
|switch|p2a: Suicune|Suicune, tera:Grass|100/100 slp|[from] Flip Turn
|-damage|p2a: Suicune|75/100 slp|[from] Spikes
|-ability|p2a: Suicune|Pressure
|
|-heal|p2a: Suicune|100/100 slp|[from] move: Wish|[wisher] Alomomola
|upkeep
|turn|50
|
|t:|1759009751
|switch|p1a: Arcanine|Arcanine-Hisui, F|100/100
|cant|p2a: Suicune|slp
|
|upkeep
|turn|51
|
|t:|1759009761
|switch|p2a: Toxapex|Toxapex, M|68/100
|-damage|p2a: Toxapex|43/100|[from] Spikes
|move|p1a: Arcanine|Wild Charge|p2a: Toxapex
|-supereffective|p2a: Toxapex
|-damage|p2a: Toxapex|4/100
|
|-heal|p2a: Toxapex|10/100|[from] item: Black Sludge
|upkeep
|turn|52
|
|t:|1759009772
|switch|p2a: Suicune|Suicune, tera:Grass|100/100 slp
|-damage|p2a: Suicune|75/100 slp|[from] Spikes
|-ability|p2a: Suicune|Pressure
|move|p1a: Arcanine|Wild Charge|p2a: Suicune
|-resisted|p2a: Suicune
|-damage|p2a: Suicune|64/100 slp
|
|upkeep
|turn|53
|
|t:|1759009783
|switch|p1a: Garchomp|Garchomp, F|85/100
|switch|p2a: Alomomola|Alomomola, F|53/100
|-damage|p2a: Alomomola|28/100|[from] Spikes
|
|upkeep
|turn|54
|
|t:|1759009796
|move|p2a: Alomomola|Protect|p2a: Alomomola
|-singleturn|p2a: Alomomola|Protect
|move|p1a: Garchomp|Earthquake|p2a: Alomomola
|-activate|p2a: Alomomola|move: Protect
|
|upkeep
|turn|55
|
|t:|1759009802
|switch|p2a: Suicune|Suicune, tera:Grass|64/100 slp
|-damage|p2a: Suicune|39/100 slp|[from] Spikes
|-ability|p2a: Suicune|Pressure
|move|p1a: Garchomp|Earthquake|p2a: Suicune
|-resisted|p2a: Suicune
|-damage|p2a: Suicune|20/100 slp
|
|upkeep
|turn|56
|
|t:|1759009811
|switch|p2a: Alomomola|Alomomola, F|61/100
|-damage|p2a: Alomomola|36/100|[from] Spikes
|move|p1a: Garchomp|Dragon Claw|p2a: Alomomola
|-damage|p2a: Alomomola|13/100
|-damage|p1a: Garchomp|68/100|[from] item: Rocky Helmet|[of] p2a: Alomomola
|
|upkeep
|turn|57
|
|t:|1759009820
|switch|p2a: Toxapex|Toxapex, M|44/100
|-damage|p2a: Toxapex|19/100|[from] Spikes
|move|p1a: Garchomp|Dragon Claw|p2a: Toxapex
|-damage|p2a: Toxapex|0 fnt
|faint|p2a: Toxapex
|
|upkeep
|
|t:|1759009828
|switch|p2a: Greninja|Greninja, F|100/100
|-damage|p2a: Greninja|76/100|[from] Spikes
|turn|58
|
|t:|1759009837
|switch|p1a: Forretress|Forretress, M|86/100
|move|p2a: Greninja|Hydro Pump|p1a: Forretress
|-start|p2a: Greninja|typechange|Water|[from] ability: Protean
|-damage|p1a: Forretress|0 fnt
|faint|p1a: Forretress
|
|upkeep
|
|t:|1759009857
|switch|p1a: Trevenant|Trevenant, M|38/100
|turn|59
|
|t:|1759009868
|move|p2a: Greninja|Hydro Pump|p1a: Trevenant
|-resisted|p1a: Trevenant
|-damage|p1a: Trevenant|0 fnt
|faint|p1a: Trevenant
|
|upkeep
|
|t:|1759009872
|switch|p1a: Garchomp|Garchomp, F|68/100
|turn|60
|
|t:|1759009880
|move|p2a: Greninja|Hydro Pump|p1a: Garchomp
|-damage|p1a: Garchomp|0 fnt
|faint|p1a: Garchomp
|
|upkeep
|
|t:|1759009885
|switch|p1a: Arcanine|Arcanine-Hisui, F|100/100
|turn|61
|
|t:|1759009904
|move|p1a: Arcanine|Wild Charge|p2a: Greninja
|-supereffective|p2a: Greninja
|-damage|p2a: Greninja|0 fnt
|faint|p2a: Greninja
|
|upkeep
|
|t:|1759009921
|switch|p2a: Alomomola|Alomomola, F|47/100
|-damage|p2a: Alomomola|22/100|[from] Spikes
|turn|62
|
|t:|1759009926
|move|p2a: Alomomola|Protect|p2a: Alomomola
|-singleturn|p2a: Alomomola|Protect
|move|p1a: Arcanine|Wild Charge|p2a: Alomomola
|-activate|p2a: Alomomola|move: Protect
|
|upkeep
|turn|63
|
|t:|1759009937
|move|p1a: Arcanine|Wild Charge|p2a: Alomomola
|-supereffective|p2a: Alomomola
|-damage|p2a: Alomomola|0 fnt
|-damage|p1a: Arcanine|84/100|[from] item: Rocky Helmet|[of] p2a: Alomomola
|faint|p2a: Alomomola
|
|upkeep
|
|t:|1759009939
|switch|p2a: Suicune|Suicune, tera:Grass|20/100 slp
|-damage|p2a: Suicune|0 fnt|[from] Spikes
|faint|p2a: Suicune
|
|t:|1759009941
|switch|p2a: Empoleon|Empoleon, F|29/100
|turn|64
|
|t:|1759009945
|move|p1a: Arcanine|Wild Charge|p2a: Empoleon
|-supereffective|p2a: Empoleon
|-damage|p2a: Empoleon|0 fnt
|faint|p2a: Empoleon
|
|win|swift_uhm
|raw|swift_uhm's rating: 1242 &rarr; <strong>1266</strong><br />(+24 for winning)
|raw|CheetosD's rating: 1233 &rarr; <strong>1209</strong><br />(-24 for losing)
|l|☆CheetosD
|player|p2|
|c|☆swift_uhm|gg
