|badge|p1|bronze|gen9ou|100-6
|html|<div class="broadcast-red"><strong>This battle is required to be public due to one or more player having a season medal.</strong><br />During the public phase, you can discuss the state of the ladder <a href="/seasondiscussion">in a special chatroom.</a></div>
|uhtml|medal-msg|<div class="broadcast-blue">Curious what those medals under the avatar are? PS now has Ladder Seasons! For more information, check out the <a href="https://www.smogon.com/forums/threads/3740067/">thread on Smogon.</a></div>
|raw|<div class="broadcast-blue"><strong>This battle is required to be public due to a player having a name starting with 'medal'.</div>
|j|☆LT124 SPEEDRUNNING
|j|☆seven starsss
|t:|1758984024
|gametype|singles
|player|p1|LT124 SPEEDRUNNING|hiker-gen4|1847
|player|p2|seven starsss|dawn|1624
|gen|9
|tier|[Gen 9] OU
|rated|
|rule|HP Percentage Mod: HP is shown in percentages
|rule|Endless Battle Clause: Forcing endless battles is banned
|rule|Species Clause: Limit one of each Pokémon
|rule|OHKO Clause: OHKO moves are banned
|rule|Evasion Items Clause: Evasion items are banned
|rule|Evasion Moves Clause: Evasion moves are banned
|rule|Evasion Abilities Clause: Evasion abilities are banned
|rule|Sleep Moves Clause: Sleep-inducing moves are banned
|clearpoke
|poke|p1|Heatran, M|
|poke|p1|Tornadus-Therian, M|
|poke|p1|Weavile, F|
|poke|p1|Great Tusk|
|poke|p1|Ogerpon-Wellspring, F|
|poke|p1|Pecharunt|
|poke|p2|Ogerpon-Wellspring, F|
|poke|p2|Kingambit, F|
|poke|p2|Landorus-Therian, M|
|poke|p2|Glimmora, M|
|poke|p2|Dragapult, F|
|poke|p2|Iron Valiant|
|teampreview
|
|t:|1758984036
|teamsize|p1|6
|teamsize|p2|6
|start
|switch|p1a: Tornadus|Tornadus-Therian, M|100/100
|switch|p2a: Dragapult|Dragapult, F|100/100
|turn|1
|
|t:|1758984040
|switch|p1a: Heatran|Heatran, M|100/100
|move|p2a: Dragapult|U-turn|p1a: Heatran
|-resisted|p1a: Heatran
|-damage|p1a: Heatran|97/100
|
|t:|1758984044
|switch|p2a: Ogerpon|Ogerpon-Wellspring, F|100/100|[from] U-turn
|
|-heal|p1a: Heatran|100/100|[from] item: Leftovers
|upkeep
|turn|2
|
|t:|1758984047
|switch|p1a: Pecharunt|Pecharunt|100/100
|move|p2a: Ogerpon|Ivy Cudgel|p1a: Pecharunt|[anim] Ivy Cudgel Water
|-damage|p1a: Pecharunt|73/100
|
|upkeep
|turn|3
|
|t:|1758984051
|switch|p2a: Glimmora|Glimmora, M|100/100
|move|p1a: Pecharunt|Recover|p1a: Pecharunt
|-heal|p1a: Pecharunt|100/100
|
|upkeep
|turn|4
|
|t:|1758984055
|switch|p1a: Great Tusk|Great Tusk|100/100
|move|p2a: Glimmora|Spikes|p1a: Great Tusk
|-sidestart|p1: LT124 SPEEDRUNNING|Spikes
|
|upkeep
|turn|5
|
|t:|1758984058
|switch|p2a: Landorus|Landorus-Therian, M|100/100
|-ability|p2a: Landorus|Intimidate|boost
|-unboost|p1a: Great Tusk|atk|1
|move|p1a: Great Tusk|Stealth Rock|p2a: Landorus
|-sidestart|p2: seven starsss|move: Stealth Rock
|
|upkeep
|turn|6
|
|t:|1758984065
|move|p2a: Landorus|Earthquake|p1a: Great Tusk
|-crit|p1a: Great Tusk
|-damage|p1a: Great Tusk|52/100
|move|p1a: Great Tusk|Rapid Spin|p2a: Landorus
|-damage|p2a: Landorus|91/100
|-boost|p1a: Great Tusk|spe|1
|-damage|p1a: Great Tusk|36/100|[from] item: Rocky Helmet|[of] p2a: Landorus
|-sideend|p1: LT124 SPEEDRUNNING|Spikes|[from] move: Rapid Spin|[of] p1a: Great Tusk
|
|-heal|p1a: Great Tusk|42/100|[from] item: Leftovers
|upkeep
|turn|7
|
|t:|1758984076
|-end|p1a: Great Tusk|Protosynthesis|[silent]
|switch|p1a: Ogerpon|Ogerpon-Wellspring, F|100/100
|switch|p2a: Ogerpon|Ogerpon-Wellspring, F|100/100
|-damage|p2a: Ogerpon|88/100|[from] Stealth Rock
|
|upkeep
|turn|8
|
|t:|1758984081
|switch|p2a: Landorus|Landorus-Therian, M|91/100
|-damage|p2a: Landorus|78/100|[from] Stealth Rock
|-ability|p2a: Landorus|Intimidate|boost
|-unboost|p1a: Ogerpon|atk|1
|move|p1a: Ogerpon|Power Whip|p2a: Landorus
|-damage|p2a: Landorus|31/100
|-damage|p1a: Ogerpon|84/100|[from] item: Rocky Helmet|[of] p2a: Landorus
|
|upkeep
|turn|9
|
|t:|1758984093
|switch|p2a: Dragapult|Dragapult, F|100/100
|-damage|p2a: Dragapult|88/100|[from] Stealth Rock
|move|p1a: Ogerpon|Power Whip|p2a: Dragapult
|-resisted|p2a: Dragapult
|-damage|p2a: Dragapult|58/100
|
|upkeep
|turn|10
|
|t:|1758984099
|switch|p1a: Heatran|Heatran, M|100/100
|move|p2a: Dragapult|Draco Meteor|p1a: Heatran
|-resisted|p1a: Heatran
|-damage|p1a: Heatran|74/100
|-unboost|p2a: Dragapult|spa|2
|
|-heal|p1a: Heatran|80/100|[from] item: Leftovers
|upkeep
|turn|11
|
|t:|1758984105
|switch|p2a: Glimmora|Glimmora, M|100/100
|-damage|p2a: Glimmora|88/100|[from] Stealth Rock
|move|p1a: Heatran|Magma Storm|p2a: Glimmora
|-resisted|p2a: Glimmora
|-damage|p2a: Glimmora|62/100
|-activate|p2a: Glimmora|move: Magma Storm|[of] p1a: Heatran
|
|-heal|p1a: Heatran|87/100|[from] item: Leftovers
|-damage|p2a: Glimmora|49/100|[from] move: Magma Storm|[partiallytrapped]
|upkeep
|turn|12
|
|t:|1758984111
|switch|p1a: Great Tusk|Great Tusk|42/100
|move|p2a: Glimmora|Earth Power|p1a: Great Tusk
|-damage|p1a: Great Tusk|0 fnt
|faint|p1a: Great Tusk
|-end|p1a: Great Tusk|Protosynthesis|[silent]
|
|-end|p2a: Glimmora|Magma Storm|[partiallytrapped]|[silent]
|upkeep
|
|t:|1758984114
|switch|p1a: Ogerpon|Ogerpon-Wellspring, F|84/100
|turn|13
|
|t:|1758984129
|switch|p2a: Kingambit|Kingambit, F|100/100
|-damage|p2a: Kingambit|94/100|[from] Stealth Rock
|move|p1a: Ogerpon|Power Whip|p2a: Kingambit|[miss]
|-miss|p1a: Ogerpon|p2a: Kingambit
|
|-heal|p2a: Kingambit|100/100|[from] item: Leftovers
|upkeep
|turn|14
|j| cryyysneasel
|
|t:|1758984138
|move|p1a: Ogerpon|Ivy Cudgel|p2a: Kingambit|[anim] Ivy Cudgel Water
|-crit|p2a: Kingambit
|-damage|p2a: Kingambit|35/100
|move|p2a: Kingambit|Kowtow Cleave|p1a: Ogerpon
|-damage|p1a: Ogerpon|13/100
|
|-heal|p2a: Kingambit|41/100|[from] item: Leftovers
|upkeep
|turn|15
|
|t:|1758984143
|move|p2a: Kingambit|Sucker Punch||[still]
|-fail|p2a: Kingambit
|move|p1a: Ogerpon|Synthesis|p1a: Ogerpon
|-heal|p1a: Ogerpon|63/100
|
|-heal|p2a: Kingambit|48/100|[from] item: Leftovers
|upkeep
|turn|16
|
|t:|1758984150
|switch|p1a: Heatran|Heatran, M|87/100
|move|p2a: Kingambit|Kowtow Cleave|p1a: Heatran
|-damage|p1a: Heatran|45/100
|
|-heal|p1a: Heatran|51/100|[from] item: Leftovers
|-heal|p2a: Kingambit|54/100|[from] item: Leftovers
|upkeep
|turn|17
|
|t:|1758984161
|-end|p2a: Kingambit|fallenundefined|[silent]
|switch|p2a: Glimmora|Glimmora, M|49/100
|-damage|p2a: Glimmora|37/100|[from] Stealth Rock
|move|p1a: Heatran|Magma Storm|p2a: Glimmora
|-resisted|p2a: Glimmora
|-damage|p2a: Glimmora|6/100
|-activate|p2a: Glimmora|move: Magma Storm|[of] p1a: Heatran
|
|-heal|p1a: Heatran|57/100|[from] item: Leftovers
|-damage|p2a: Glimmora|0 fnt|[from] move: Magma Storm|[partiallytrapped]
|faint|p2a: Glimmora
|upkeep
|
|t:|1758984167
|switch|p2a: Ogerpon|Ogerpon-Wellspring, F|88/100
|-damage|p2a: Ogerpon|76/100|[from] Stealth Rock
|turn|18
|
|t:|1758984172
|switch|p1a: Pecharunt|Pecharunt|100/100
|move|p2a: Ogerpon|Horn Leech|p1a: Pecharunt
|-resisted|p1a: Pecharunt
|-damage|p1a: Pecharunt|90/100
|-heal|p2a: Ogerpon|82/100|[from] drain|[of] p1a: Pecharunt
|
|upkeep
|turn|19
|
|t:|1758984177
|switch|p2a: Landorus|Landorus-Therian, M|31/100
|-damage|p2a: Landorus|19/100|[from] Stealth Rock
|-ability|p2a: Landorus|Intimidate|boost
|-unboost|p1a: Pecharunt|atk|1
|move|p1a: Pecharunt|Parting Shot|p2a: Landorus
|-unboost|p2a: Landorus|atk|1
|-unboost|p2a: Landorus|spa|1
|
|t:|1758984180
|switch|p1a: Tornadus|Tornadus-Therian, M|100/100|[from] Parting Shot
|
|upkeep
|turn|20
|
|t:|1758984188
|move|p1a: Tornadus|Heat Wave|p2a: Landorus
|-damage|p2a: Landorus|0 fnt
|faint|p2a: Landorus
|
|upkeep
|
|t:|1758984190
|switch|p2a: Dragapult|Dragapult, F|58/100
|-damage|p2a: Dragapult|46/100|[from] Stealth Rock
|turn|21
|
|t:|1758984192
|move|p2a: Dragapult|Shadow Ball|p1a: Tornadus
|-damage|p1a: Tornadus|43/100
|move|p1a: Tornadus|Knock Off|p2a: Dragapult
|-supereffective|p2a: Dragapult
|-damage|p2a: Dragapult|0 fnt
|-enditem|p2a: Dragapult|Choice Specs|[from] move: Knock Off|[of] p1a: Tornadus
|faint|p2a: Dragapult
|
|upkeep
|
|t:|1758984198
|switch|p2a: Iron Valiant|Iron Valiant|100/100
|-damage|p2a: Iron Valiant|94/100|[from] Stealth Rock
|-enditem|p2a: Iron Valiant|Booster Energy
|-activate|p2a: Iron Valiant|ability: Quark Drive|[fromitem]
|-start|p2a: Iron Valiant|quarkdrivespe
|turn|22
|
|t:|1758984202
|switch|p1a: Pecharunt|Pecharunt|90/100
|move|p2a: Iron Valiant|Encore||[still]
|-fail|p2a: Iron Valiant
|
|upkeep
|turn|23
|
|t:|1758984207
|move|p2a: Iron Valiant|Swords Dance|p2a: Iron Valiant
|-boost|p2a: Iron Valiant|atk|2
|move|p1a: Pecharunt|Foul Play|p2a: Iron Valiant
|-resisted|p2a: Iron Valiant
|-damage|p2a: Iron Valiant|73/100
|
|upkeep
|turn|24
|
|t:|1758984215
|move|p2a: Iron Valiant|Knock Off|p1a: Pecharunt
|-supereffective|p1a: Pecharunt
|-damage|p1a: Pecharunt|26/100
|-enditem|p1a: Pecharunt|Heavy-Duty Boots|[from] move: Knock Off|[of] p2a: Iron Valiant
|move|p1a: Pecharunt|Malignant Chain|p2a: Iron Valiant
|-supereffective|p2a: Iron Valiant
|-damage|p2a: Iron Valiant|0 fnt
|faint|p2a: Iron Valiant
|-end|p2a: Iron Valiant|Quark Drive|[silent]
|
|upkeep
|
|t:|1758984225
|switch|p2a: Ogerpon|Ogerpon-Wellspring, F|82/100
|-damage|p2a: Ogerpon|70/100|[from] Stealth Rock
|turn|25
|
|t:|1758984229
|switch|p1a: Ogerpon|Ogerpon-Wellspring, F|63/100
|move|p2a: Ogerpon|Ivy Cudgel|p1a: Ogerpon|[anim] Ivy Cudgel Water
|-heal|p1a: Ogerpon|88/100|[from] ability: Water Absorb|[of] p2a: Ogerpon
|
|upkeep
|turn|26
|
|t:|1758984231
|move|p1a: Ogerpon|Power Whip|p2a: Ogerpon
|-damage|p2a: Ogerpon|0 fnt
|faint|p2a: Ogerpon
|
|upkeep
|-message|seven starsss forfeited.
|
|win|LT124 SPEEDRUNNING
|raw|LT124 SPEEDRUNNING's rating: 1847 &rarr; <strong>1855</strong><br />(+8 for winning)
|raw|seven starsss's rating: 1607 &rarr; <strong>1599</strong><br />(-8 for losing)
|l|☆seven starsss
|player|p2|
|l|☆LT124 SPEEDRUNNING
|player|p1|
