|j|☆acrenb
|j|☆doodieray
|t:|1758990095
|gametype|singles
|player|p1|acrenb|roughneck|1326
|player|p2|doodieray|medium|1351
|gen|9
|tier|[Gen 9] OU
|rated|
|rule|HP Percentage Mod: HP is shown in percentages
|rule|Endless Battle Clause: Forcing endless battles is banned
|rule|Species Clause: Limit one of each Pokémon
|rule|OHKO Clause: OHKO moves are banned
|rule|Evasion Items Clause: Evasion items are banned
|rule|Evasion Moves Clause: Evasion moves are banned
|rule|Evasion Abilities Clause: Evasion abilities are banned
|rule|Sleep Moves Clause: Sleep-inducing moves are banned
|clearpoke
|poke|p1|Ogerpon-Wellspring, F|
|poke|p1|Dragapult, F|
|poke|p1|Zamazenta-*|
|poke|p1|Moltres|
|poke|p1|Garganacl, M|
|poke|p1|Iron Treads|
|poke|p2|Rillaboom, F|
|poke|p2|Ogerpon, F|
|poke|p2|Raging Bolt|
|poke|p2|Weezing-Galar, M|
|poke|p2|Moltres-Galar|
|poke|p2|Great Tusk|
|teampreview
|inactive|Battle timer is ON: inactive players will automatically lose when time's up. (requested by doodieray)
|inactive|doodieray has 120 seconds left.
|
|t:|1758990130
|teamsize|p1|6
|teamsize|p2|6
|start
|switch|p1a: Moltres|Moltres|100/100
|switch|p2a: Raging Bolt|Raging Bolt|100/100
|turn|1
|
|t:|1758990151
|switch|p1a: Iron Treads|Iron Treads|100/100
|move|p2a: Raging Bolt|Dragon Pulse|p1a: Iron Treads
|-resisted|p1a: Iron Treads
|-crit|p1a: Iron Treads
|-damage|p1a: Iron Treads|69/100
|
|-heal|p1a: Iron Treads|75/100|[from] item: Leftovers
|upkeep
|turn|2
|
|t:|1758990170
|-end|p2a: Raging Bolt|Protosynthesis|[silent]
|switch|p2a: Rillaboom|Rillaboom, F|100/100
|-fieldstart|move: Grassy Terrain|[from] ability: Grassy Surge|[of] p2a: Rillaboom
|move|p1a: Iron Treads|Stealth Rock|p2a: Rillaboom
|-sidestart|p2: doodieray|move: Stealth Rock
|
|-heal|p1a: Iron Treads|81/100|[from] Grassy Terrain
|-heal|p1a: Iron Treads|87/100|[from] item: Leftovers
|upkeep
|turn|3
|
|t:|1758990178
|-end|p1a: Iron Treads|Quark Drive|[silent]
|switch|p1a: Moltres|Moltres|100/100
|switch|p2a: Ogerpon|Ogerpon, F|100/100
|-damage|p2a: Ogerpon|88/100|[from] Stealth Rock
|
|-heal|p2a: Ogerpon|94/100|[from] Grassy Terrain
|upkeep
|turn|4
|
|t:|1758990187
|move|p2a: Ogerpon|Rock Tomb|p1a: Moltres
|-supereffective|p1a: Moltres
|-damage|p1a: Moltres|0 fnt
|faint|p1a: Moltres
|
|-heal|p2a: Ogerpon|99/100|[from] Grassy Terrain
|upkeep
|
|t:|1758990195
|switch|p1a: Dragapult|Dragapult, F|100/100
|turn|5
|
|t:|1758990202
|switch|p2a: Moltres|Moltres-Galar|100/100
|-damage|p2a: Moltres|76/100|[from] Stealth Rock
|move|p1a: Dragapult|Will-O-Wisp|p2a: Moltres
|-status|p2a: Moltres|brn
|
|-damage|p2a: Moltres|69/100 brn|[from] brn
|upkeep
|turn|6
|
|t:|1758990211
|move|p1a: Dragapult|U-turn|p2a: Moltres
|-damage|p2a: Moltres|50/100 brn
|-ability|p2a: Moltres|Berserk|boost
|-boost|p2a: Moltres|spa|1
|-enditem|p2a: Moltres|Sitrus Berry|[eat]
|-heal|p2a: Moltres|75/100 brn|[from] item: Sitrus Berry
|
|t:|1758990219
|switch|p1a: Garganacl|Garganacl, M|100/100|[from] U-turn
|move|p2a: Moltres|Agility|p2a: Moltres
|-boost|p2a: Moltres|spe|2
|
|-damage|p2a: Moltres|69/100 brn|[from] brn
|upkeep
|turn|7
|
|t:|1758990227
|move|p2a: Moltres|Fiery Wrath|p1a: Garganacl
|-damage|p1a: Garganacl|56/100
|move|p1a: Garganacl|Salt Cure|p2a: Moltres
|-supereffective|p2a: Moltres
|-damage|p2a: Moltres|38/100 brn
|-start|p2a: Moltres|Salt Cure
|-ability|p2a: Moltres|Berserk|boost
|-boost|p2a: Moltres|spa|1
|
|-heal|p1a: Garganacl|63/100|[from] Grassy Terrain
|-heal|p1a: Garganacl|69/100|[from] item: Leftovers
|-damage|p2a: Moltres|32/100 brn|[from] brn
|-damage|p2a: Moltres|20/100 brn|[from] Salt Cure
|upkeep
|turn|8
|
|t:|1758990239
|move|p2a: Moltres|Fiery Wrath|p1a: Garganacl
|-damage|p1a: Garganacl|8/100
|cant|p1a: Garganacl|flinch
|
|-heal|p1a: Garganacl|14/100|[from] Grassy Terrain
|-heal|p1a: Garganacl|20/100|[from] item: Leftovers
|-damage|p2a: Moltres|13/100 brn|[from] brn
|-damage|p2a: Moltres|1/100 brn|[from] Salt Cure
|upkeep
|turn|9
|
|t:|1758990251
|switch|p1a: Iron Treads|Iron Treads|87/100
|move|p2a: Moltres|Fiery Wrath|p1a: Iron Treads
|-damage|p1a: Iron Treads|20/100
|
|-heal|p1a: Iron Treads|26/100|[from] Grassy Terrain
|-heal|p1a: Iron Treads|32/100|[from] item: Leftovers
|-damage|p2a: Moltres|0 fnt|[from] brn
|faint|p2a: Moltres
|-fieldend|move: Grassy Terrain
|upkeep
|inactive|doodieray has 120 seconds left.
|
|t:|1758990283
|switch|p2a: Ogerpon|Ogerpon, F|99/100
|-damage|p2a: Ogerpon|88/100|[from] Stealth Rock
|turn|10
|
|t:|1758990291
|-end|p1a: Iron Treads|Quark Drive|[silent]
|switch|p1a: Dragapult|Dragapult, F|100/100
|-terastallize|p2a: Ogerpon|Grass
|detailschange|p2a: Ogerpon|Ogerpon-Teal-Tera, F, tera:Grass
|-ability|p2a: Ogerpon|Embody Aspect (Teal)|boost
|-boost|p2a: Ogerpon|spe|1
|move|p2a: Ogerpon|Ivy Cudgel|p1a: Dragapult
|-resisted|p1a: Dragapult
|-damage|p1a: Dragapult|32/100
|
|upkeep
|turn|11
|
|t:|1758990302
|move|p2a: Ogerpon|Ivy Cudgel|p1a: Dragapult
|-resisted|p1a: Dragapult
|-damage|p1a: Dragapult|0 fnt
|faint|p1a: Dragapult
|
|upkeep
|
|t:|1758990307
|switch|p1a: Zamazenta|Zamazenta|100/100
|-ability|p1a: Zamazenta|Dauntless Shield|boost
|-boost|p1a: Zamazenta|def|1
|turn|12
|
|t:|1758990312
|switch|p2a: Weezing|Weezing-Galar, M|100/100
|-ability|p2a: Weezing|Neutralizing Gas
|-damage|p2a: Weezing|88/100|[from] Stealth Rock
|move|p1a: Zamazenta|Ice Fang|p2a: Weezing
|-damage|p2a: Weezing|75/100
|
|upkeep
|turn|13
|
|t:|1758990320
|move|p1a: Zamazenta|Heavy Slam|p2a: Weezing
|-supereffective|p2a: Weezing
|-damage|p2a: Weezing|10/100
|move|p2a: Weezing|Defog|p1a: Zamazenta
|-unboost|p1a: Zamazenta|evasion|1
|-sideend|p2: doodieray|Stealth Rock|[from] move: Defog|[of] p2a: Weezing
|
|upkeep
|turn|14
|
|t:|1758990327
|move|p1a: Zamazenta|Ice Fang|p2a: Weezing
|-damage|p2a: Weezing|0 fnt
|faint|p2a: Weezing
|-end|p2a: Weezing|ability: Neutralizing Gas
|
|upkeep
|
|t:|1758990338
|switch|p2a: Rillaboom|Rillaboom, F|100/100
|-fieldstart|move: Grassy Terrain|[from] ability: Grassy Surge|[of] p2a: Rillaboom
|turn|15
|
|t:|1758990343
|move|p1a: Zamazenta|Ice Fang|p2a: Rillaboom
|-supereffective|p2a: Rillaboom
|-damage|p2a: Rillaboom|50/100
|move|p2a: Rillaboom|Wood Hammer|p1a: Zamazenta
|-damage|p1a: Zamazenta|51/100
|-damage|p2a: Rillaboom|36/100|[from] Recoil
|
|-heal|p1a: Zamazenta|57/100|[from] Grassy Terrain
|-heal|p2a: Rillaboom|42/100|[from] Grassy Terrain
|upkeep
|turn|16
|
|t:|1758990355
|switch|p2a: Great Tusk|Great Tusk|100/100
|move|p1a: Zamazenta|Ice Fang|p2a: Great Tusk
|-supereffective|p2a: Great Tusk
|-damage|p2a: Great Tusk|62/100
|
|-heal|p2a: Great Tusk|68/100|[from] Grassy Terrain
|-heal|p1a: Zamazenta|64/100|[from] Grassy Terrain
|upkeep
|turn|17
|
|t:|1758990362
|move|p2a: Great Tusk|Close Combat|p1a: Zamazenta
|-damage|p1a: Zamazenta|27/100
|-unboost|p2a: Great Tusk|def|1
|-unboost|p2a: Great Tusk|spd|1
|move|p1a: Zamazenta|Ice Fang|p2a: Great Tusk
|-supereffective|p2a: Great Tusk
|-damage|p2a: Great Tusk|12/100
|
|-heal|p2a: Great Tusk|18/100|[from] Grassy Terrain
|-heal|p1a: Zamazenta|33/100|[from] Grassy Terrain
|upkeep
|turn|18
|
|t:|1758990380
|switch|p1a: Garganacl|Garganacl, M|20/100
|move|p2a: Great Tusk|Close Combat|p1a: Garganacl
|-supereffective|p1a: Garganacl
|-damage|p1a: Garganacl|0 fnt
|-unboost|p2a: Great Tusk|def|1
|-unboost|p2a: Great Tusk|spd|1
|faint|p1a: Garganacl
|
|-heal|p2a: Great Tusk|24/100|[from] Grassy Terrain
|upkeep
|
|t:|1758990390
|switch|p1a: Ogerpon|Ogerpon-Wellspring, F|100/100
|turn|19
|
|t:|1758990394
|move|p2a: Great Tusk|Close Combat|p1a: Ogerpon
|-damage|p1a: Ogerpon|34/100
|-unboost|p2a: Great Tusk|def|1
|-unboost|p2a: Great Tusk|spd|1
|move|p1a: Ogerpon|Trailblaze|p2a: Great Tusk
|-supereffective|p2a: Great Tusk
|-damage|p2a: Great Tusk|0 fnt
|-boost|p1a: Ogerpon|spe|1
|faint|p2a: Great Tusk
|-end|p2a: Great Tusk|Protosynthesis|[silent]
|
|-heal|p1a: Ogerpon|40/100|[from] Grassy Terrain
|upkeep
|
|t:|1758990400
|switch|p2a: Ogerpon|Ogerpon-Teal-Tera, F, tera:Grass|88/100
|-ability|p2a: Ogerpon|Embody Aspect (Teal)|boost
|-boost|p2a: Ogerpon|spe|1
|turn|20
|
|t:|1758990409
|move|p2a: Ogerpon|Grassy Glide|p1a: Ogerpon
|-damage|p1a: Ogerpon|0 fnt
|faint|p1a: Ogerpon
|
|-heal|p2a: Ogerpon|94/100|[from] Grassy Terrain
|upkeep
|
|t:|1758990415
|switch|p1a: Zamazenta|Zamazenta|33/100
|turn|21
|
|t:|1758990418
|switch|p2a: Raging Bolt|Raging Bolt|100/100
|move|p1a: Zamazenta|Ice Fang|p2a: Raging Bolt
|-supereffective|p2a: Raging Bolt
|-damage|p2a: Raging Bolt|54/100
|
|-heal|p1a: Zamazenta|40/100|[from] Grassy Terrain
|-heal|p2a: Raging Bolt|61/100|[from] Grassy Terrain
|upkeep
|turn|22
|
|t:|1758990427
|move|p1a: Zamazenta|Ice Fang|p2a: Raging Bolt
|-supereffective|p2a: Raging Bolt
|-damage|p2a: Raging Bolt|8/100
|move|p2a: Raging Bolt|Dragon Pulse|p1a: Zamazenta
|-damage|p1a: Zamazenta|0 fnt
|faint|p1a: Zamazenta
|
|-heal|p2a: Raging Bolt|15/100|[from] Grassy Terrain
|-fieldend|move: Grassy Terrain
|upkeep
|-message|acrenb forfeited.
|
|win|doodieray
|raw|acrenb's rating: 1326 &rarr; <strong>1307</strong><br />(-19 for losing)
|raw|doodieray's rating: 1351 &rarr; <strong>1370</strong><br />(+19 for winning)
|l|☆acrenb
|player|p1|
