|j|☆BBT94
|j|☆syk1307
|t:|1758998621
|gametype|singles
|player|p1|BBT94|170|1531
|player|p2|syk1307|giovanni|1499
|gen|9
|tier|[Gen 9] OU
|rated|
|rule|HP Percentage Mod: HP is shown in percentages
|rule|Endless Battle Clause: Forcing endless battles is banned
|rule|Species Clause: Limit one of each Pokémon
|rule|OHKO Clause: OHKO moves are banned
|rule|Evasion Items Clause: Evasion items are banned
|rule|Evasion Moves Clause: Evasion moves are banned
|rule|Evasion Abilities Clause: Evasion abilities are banned
|rule|Sleep Moves Clause: Sleep-inducing moves are banned
|clearpoke
|poke|p1|Great Tusk|
|poke|p1|Dragapult, F|
|poke|p1|Alomomola, F|
|poke|p1|Slowking-Galar, F|
|poke|p1|Kingambit, F|
|poke|p1|Enamorus, F|
|poke|p2|Jolteon, M|
|poke|p2|Gyarados, M|
|poke|p2|Arcanine, M|
|poke|p2|Scizor, M|
|poke|p2|Corviknight, M|
|poke|p2|Mew|
|teampreview
|inactive|Battle timer is ON: inactive players will automatically lose when time's up. (requested by BBT94)
|
|t:|1758998644
|teamsize|p1|6
|teamsize|p2|6
|start
|switch|p1a: Great Tusk|Great Tusk|100/100
|switch|p2a: Gyarados|Gyarados, M|100/100
|-enditem|p1a: Great Tusk|Booster Energy
|-activate|p1a: Great Tusk|ability: Protosynthesis|[fromitem]
|-start|p1a: Great Tusk|protosynthesisspe
|turn|1
|
|t:|1758998656
|switch|p2a: Corviknight|Corviknight, M|100/100
|move|p1a: Great Tusk|Stealth Rock|p2a: Corviknight
|-sidestart|p2: syk1307|move: Stealth Rock
|
|upkeep
|turn|2
|
|t:|1758998661
|-end|p1a: Great Tusk|Protosynthesis|[silent]
|switch|p1a: Enamorus|Enamorus, F|100/100
|move|p2a: Corviknight|Defog|p1a: Enamorus
|-boost|p1a: Enamorus|evasion|1
|-sideend|p2: syk1307|Stealth Rock|[from] move: Defog|[of] p2a: Corviknight
|
|upkeep
|turn|3
|
|t:|1758998668
|switch|p2a: Arcanine|Arcanine, M|100/100
|move|p1a: Enamorus|Mystical Fire|p2a: Arcanine
|-start|p2a: Arcanine|ability: Flash Fire
|
|upkeep
|turn|4
|
|t:|1758998674
|switch|p1a: Alomomola|Alomomola, F|100/100
|move|p2a: Arcanine|Flare Blitz|p1a: Alomomola
|-resisted|p1a: Alomomola
|-damage|p1a: Alomomola|62/100
|-damage|p2a: Arcanine|79/100|[from] Recoil
|
|upkeep
|turn|5
|
|t:|1758998683
|move|p2a: Arcanine|Flare Blitz|p1a: Alomomola
|-resisted|p1a: Alomomola
|-damage|p1a: Alomomola|28/100
|-damage|p2a: Arcanine|61/100|[from] Recoil
|move|p1a: Alomomola|Flip Turn|p2a: Arcanine
|-supereffective|p2a: Arcanine
|-damage|p2a: Arcanine|20/100
|
|t:|1758998687
|switch|p1a: Great Tusk|Great Tusk|100/100|[from] Flip Turn
|
|upkeep
|turn|6
|
|t:|1758998692
|move|p1a: Great Tusk|Stealth Rock|p2a: Arcanine
|-sidestart|p2: syk1307|move: Stealth Rock
|move|p2a: Arcanine|Flare Blitz|p1a: Great Tusk
|-damage|p1a: Great Tusk|15/100
|-damage|p2a: Arcanine|0 fnt|[from] Recoil
|faint|p2a: Arcanine
|
|upkeep
|
|t:|1758998699
|switch|p2a: Corviknight|Corviknight, M|100/100
|-damage|p2a: Corviknight|88/100|[from] Stealth Rock
|turn|7
|
|t:|1758998702
|-end|p1a: Great Tusk|Protosynthesis|[silent]
|switch|p1a: Enamorus|Enamorus, F|100/100
|move|p2a: Corviknight|Defog|p1a: Enamorus
|-boost|p1a: Enamorus|evasion|1
|-sideend|p2: syk1307|Stealth Rock|[from] move: Defog|[of] p2a: Corviknight
|
|upkeep
|turn|8
|
|t:|1758998720
|switch|p2a: Gyarados|Gyarados, M|100/100
|move|p1a: Enamorus|Moonblast|p2a: Gyarados
|-damage|p2a: Gyarados|47/100
|
|upkeep
|turn|9
|
|t:|1758998728
|move|p1a: Enamorus|Moonblast|p2a: Gyarados
|-damage|p2a: Gyarados|0 fnt
|faint|p2a: Gyarados
|
|upkeep
|
|t:|1758998742
|switch|p2a: Scizor|Scizor, M|100/100
|turn|10
|
|t:|1758998749
|switch|p1a: Alomomola|Alomomola, F|61/100
|move|p2a: Scizor|Bullet Punch|p1a: Alomomola
|-resisted|p1a: Alomomola
|-damage|p1a: Alomomola|48/100
|
|upkeep
|turn|11
|
|t:|1758998755
|switch|p2a: Corviknight|Corviknight, M|88/100
|move|p1a: Alomomola|Flip Turn|p2a: Corviknight
|-damage|p2a: Corviknight|79/100
|-damage|p1a: Alomomola|32/100|[from] item: Rocky Helmet|[of] p2a: Corviknight
|
|t:|1758998760
|switch|p1a: Enamorus|Enamorus, F|100/100|[from] Flip Turn
|
|upkeep
|turn|12
|
|t:|1758998766
|move|p1a: Enamorus|Mystical Fire|p2a: Corviknight
|-supereffective|p2a: Corviknight
|-damage|p2a: Corviknight|27/100
|-ability|p2a: Corviknight|Mirror Armor
|-boost|p1a: Enamorus|spa|1
|move|p2a: Corviknight|U-turn|p1a: Enamorus
|-resisted|p1a: Enamorus
|-damage|p1a: Enamorus|95/100
|
|t:|1758998774
|switch|p2a: Scizor|Scizor, M|100/100|[from] U-turn
|
|upkeep
|turn|13
|
|t:|1758998783
|switch|p1a: Alomomola|Alomomola, F|65/100
|move|p2a: Scizor|Bullet Punch|p1a: Alomomola
|-resisted|p1a: Alomomola
|-damage|p1a: Alomomola|50/100
|
|upkeep
|turn|14
|
|t:|1758998789
|move|p2a: Scizor|Bullet Punch|p1a: Alomomola
|-resisted|p1a: Alomomola
|-damage|p1a: Alomomola|38/100
|move|p1a: Alomomola|Wish|p1a: Alomomola
|
|upkeep
|turn|15
|
|t:|1758998794
|switch|p2a: Jolteon|Jolteon, M|100/100
|move|p1a: Alomomola|Scald|p2a: Jolteon
|-damage|p2a: Jolteon|82/100
|
|-heal|p1a: Alomomola|88/100|[from] move: Wish|[wisher] Alomomola
|upkeep
|turn|16
|
|t:|1758998803
|move|p1a: Alomomola|Protect|p1a: Alomomola
|-singleturn|p1a: Alomomola|Protect
|move|p2a: Jolteon|Shadow Ball|p1a: Alomomola
|-activate|p1a: Alomomola|move: Protect
|
|upkeep
|turn|17
|
|t:|1758998809
|move|p2a: Jolteon|Shadow Ball|p1a: Alomomola
|-damage|p1a: Alomomola|46/100
|move|p1a: Alomomola|Wish|p1a: Alomomola
|
|upkeep
|turn|18
|
|t:|1758998815
|move|p2a: Jolteon|Shadow Ball|p1a: Alomomola
|-damage|p1a: Alomomola|5/100
|-unboost|p1a: Alomomola|spd|1
|move|p1a: Alomomola|Flip Turn|p2a: Jolteon
|-damage|p2a: Jolteon|51/100
|
|t:|1758998818
|switch|p1a: Great Tusk|Great Tusk|15/100|[from] Flip Turn
|
|-heal|p1a: Great Tusk|76/100|[from] move: Wish|[wisher] Alomomola
|upkeep
|turn|19
|
|t:|1758998830
|move|p2a: Jolteon|Shadow Ball|p1a: Great Tusk
|-damage|p1a: Great Tusk|24/100
|move|p1a: Great Tusk|Stealth Rock|p2a: Jolteon
|-sidestart|p2: syk1307|move: Stealth Rock
|
|upkeep
|turn|20
|
|t:|1758998836
|-end|p1a: Great Tusk|Protosynthesis|[silent]
|switch|p1a: Kingambit|Kingambit, F|100/100
|move|p2a: Jolteon|Shadow Ball|p1a: Kingambit
|-resisted|p1a: Kingambit
|-damage|p1a: Kingambit|81/100
|
|-heal|p1a: Kingambit|87/100|[from] item: Leftovers
|upkeep
|turn|21
|
|t:|1758998848
|switch|p2a: Corviknight|Corviknight, M|27/100
|-damage|p2a: Corviknight|14/100|[from] Stealth Rock
|move|p1a: Kingambit|Swords Dance|p1a: Kingambit
|-boost|p1a: Kingambit|atk|2
|
|-heal|p1a: Kingambit|93/100|[from] item: Leftovers
|upkeep
|turn|22
|
|t:|1758998857
|move|p1a: Kingambit|Kowtow Cleave|p2a: Corviknight
|-damage|p2a: Corviknight|0 fnt
|-damage|p1a: Kingambit|77/100|[from] item: Rocky Helmet|[of] p2a: Corviknight
|faint|p2a: Corviknight
|
|-heal|p1a: Kingambit|83/100|[from] item: Leftovers
|upkeep
|
|t:|1758998868
|switch|p2a: Mew|Mew, shiny|100/100
|-damage|p2a: Mew|88/100|[from] Stealth Rock
|turn|23
|
|t:|1758998883
|-terastallize|p2a: Mew|Fairy
|move|p2a: Mew|Nasty Plot|p2a: Mew
|-boost|p2a: Mew|spa|2
|move|p1a: Kingambit|Low Kick|p2a: Mew
|-resisted|p2a: Mew
|-damage|p2a: Mew|82/100
|
|-heal|p1a: Kingambit|89/100|[from] item: Leftovers
|upkeep
|turn|24
|
|t:|1758998894
|move|p2a: Mew|Earth Power|p1a: Kingambit
|-supereffective|p1a: Kingambit
|-damage|p1a: Kingambit|0 fnt
|faint|p1a: Kingambit
|-end|p1a: Kingambit|fallenundefined|[silent]
|
|upkeep
|
|t:|1758998900
|switch|p1a: Slowking|Slowking-Galar, F|100/100
|turn|25
|
|t:|1758998908
|move|p2a: Mew|Earth Power|p1a: Slowking
|-supereffective|p1a: Slowking
|-damage|p1a: Slowking|34/100
|move|p1a: Slowking|Sludge Bomb|p2a: Mew
|-supereffective|p2a: Mew
|-damage|p2a: Mew|17/100
|-enditem|p2a: Mew|Sitrus Berry|[eat]
|-heal|p2a: Mew|42/100|[from] item: Sitrus Berry
|
|upkeep
|turn|26
|
|t:|1758998919
|move|p2a: Mew|Draining Kiss|p1a: Slowking
|-resisted|p1a: Slowking
|-damage|p1a: Slowking|18/100
|-heal|p2a: Mew|55/100|[from] drain|[of] p1a: Slowking
|move|p1a: Slowking|Sludge Bomb|p2a: Mew
|-supereffective|p2a: Mew
|-damage|p2a: Mew|1/100
|
|upkeep
|turn|27
|
|t:|1758998929
|switch|p1a: Great Tusk|Great Tusk|24/100
|move|p2a: Mew|Earth Power|p1a: Great Tusk
|-damage|p1a: Great Tusk|0 fnt
|faint|p1a: Great Tusk
|-end|p1a: Great Tusk|Protosynthesis|[silent]
|
|upkeep
|
|t:|1758998936
|switch|p1a: Enamorus|Enamorus, F|95/100
|turn|28
|
|t:|1758998938
|move|p1a: Enamorus|Moonblast|p2a: Mew
|-damage|p2a: Mew|0 fnt
|faint|p2a: Mew
|
|upkeep
|
|t:|1758998942
|switch|p2a: Jolteon|Jolteon, M|51/100
|-damage|p2a: Jolteon|39/100|[from] Stealth Rock
|turn|29
|
|t:|1758998977
|-terastallize|p1a: Enamorus|Fairy
|move|p2a: Jolteon|Shadow Ball|p1a: Enamorus
|-damage|p1a: Enamorus|43/100
|move|p1a: Enamorus|Healing Wish|p1a: Enamorus
|faint|p1a: Enamorus
|
|upkeep
|
|t:|1758998982
|switch|p1a: Alomomola|Alomomola, F|38/100
|-heal|p1a: Alomomola|100/100|[from] move: Healing Wish
|turn|30
|
|t:|1758998989
|switch|p2a: Scizor|Scizor, M|100/100
|-damage|p2a: Scizor|88/100|[from] Stealth Rock
|move|p1a: Alomomola|Flip Turn|p2a: Scizor
|-damage|p2a: Scizor|72/100
|
|t:|1758998992
|switch|p1a: Dragapult|Dragapult, F|100/100|[from] Flip Turn
|
|upkeep
|turn|31
|
|t:|1758998999
|move|p2a: Scizor|Bullet Punch|p1a: Dragapult
|-damage|p1a: Dragapult|36/100
|move|p1a: Dragapult|Phantom Force||[still]
|-prepare|p1a: Dragapult|Phantom Force
|
|upkeep
|turn|32
|
|t:|1758999004
|move|p2a: Scizor|Bullet Punch|p1a: Dragapult|[miss]
|-miss|p2a: Scizor|p1a: Dragapult
|move|p1a: Dragapult|Phantom Force|p2a: Scizor|[from] lockedmove
|-damage|p2a: Scizor|7/100
|
|upkeep
|turn|33
|
|t:|1758999013
|switch|p1a: Alomomola|Alomomola, F|100/100
|move|p2a: Scizor|Bullet Punch|p1a: Alomomola
|-resisted|p1a: Alomomola
|-damage|p1a: Alomomola|88/100
|
|upkeep
|turn|34
|
|t:|1758999018
|move|p2a: Scizor|Bullet Punch|p1a: Alomomola
|-resisted|p1a: Alomomola
|-damage|p1a: Alomomola|74/100
|move|p1a: Alomomola|Flip Turn|p2a: Scizor
|-damage|p2a: Scizor|0 fnt
|faint|p2a: Scizor
|
|t:|1758999021
|switch|p1a: Slowking|Slowking-Galar, F|52/100|[from] Flip Turn
|
|upkeep
|
|t:|1758999026
|switch|p2a: Jolteon|Jolteon, M|39/100
|-damage|p2a: Jolteon|26/100|[from] Stealth Rock
|turn|35
|
|t:|1758999030
|switch|p1a: Alomomola|Alomomola, F|100/100
|move|p2a: Jolteon|Thunderbolt|p1a: Alomomola
|-supereffective|p1a: Alomomola
|-damage|p1a: Alomomola|0 fnt
|faint|p1a: Alomomola
|
|upkeep
|
|t:|1758999032
|switch|p1a: Slowking|Slowking-Galar, F|85/100
|turn|36
|c|☆BBT94|gg
|
|t:|1758999038
|move|p2a: Jolteon|Thunderbolt|p1a: Slowking
|-crit|p1a: Slowking
|-damage|p1a: Slowking|27/100
|move|p1a: Slowking|Sludge Bomb|p2a: Jolteon
|-damage|p2a: Jolteon|0 fnt
|faint|p2a: Jolteon
|
|win|BBT94
|raw|BBT94's rating: 1531 &rarr; <strong>1549</strong><br />(+18 for winning)
|raw|syk1307's rating: 1499 &rarr; <strong>1481</strong><br />(-18 for losing)
|l|☆syk1307
|player|p2|
|l|☆BBT94
|player|p1|
