|j|☆lulusparco
|j|☆polgo
|t:|1758989321
|gametype|singles
|player|p1|lulusparco|lucas-gen4pt|1152
|player|p2|polgo|swimmer-gen4|1173
|gen|9
|tier|[Gen 9] OU
|rated|
|rule|HP Percentage Mod: HP is shown in percentages
|rule|Endless Battle Clause: Forcing endless battles is banned
|rule|Species Clause: Limit one of each Pokémon
|rule|OHKO Clause: OHKO moves are banned
|rule|Evasion Items Clause: Evasion items are banned
|rule|Evasion Moves Clause: Evasion moves are banned
|rule|Evasion Abilities Clause: Evasion abilities are banned
|rule|Sleep Moves Clause: Sleep-inducing moves are banned
|clearpoke
|poke|p1|Ogerpon-Wellspring, F|
|poke|p1|Clefable, F|
|poke|p1|Garganacl, M|
|poke|p1|Moltres-Galar|
|poke|p1|Mandibuzz, F|
|poke|p1|Iron Moth|
|poke|p2|Krookodile, F|
|poke|p2|Ariados, F|
|poke|p2|Scrafty, F|
|poke|p2|Drifblim, M|
|poke|p2|Dewgong, F|
|poke|p2|Magnezone|
|teampreview
|inactive|Battle timer is ON: inactive players will automatically lose when time's up. (requested by lulusparco)
|
|t:|1758989338
|teamsize|p1|6
|teamsize|p2|6
|start
|switch|p1a: Garganacl|Garganacl, M|100/100
|switch|p2a: Krookodile|Krookodile, F, shiny|100/100
|turn|1
|
|t:|1758989343
|switch|p1a: Mandibuzz|Mandibuzz, F, shiny|100/100
|move|p2a: Krookodile|Taunt|p1a: Mandibuzz
|-start|p1a: Mandibuzz|move: Taunt
|
|upkeep
|turn|2
|
|t:|1758989346
|move|p2a: Krookodile|Bulk Up|p2a: Krookodile
|-boost|p2a: Krookodile|atk|1
|-boost|p2a: Krookodile|def|1
|move|p1a: Mandibuzz|Knock Off|p2a: Krookodile
|-resisted|p2a: Krookodile
|-damage|p2a: Krookodile|93/100
|-enditem|p2a: Krookodile|Weakness Policy|[from] move: Knock Off|[of] p1a: Mandibuzz
|
|upkeep
|turn|3
|
|t:|1758989352
|switch|p1a: Clefable|Clefable, F, shiny|100/100
|move|p2a: Krookodile|Bulk Up|p2a: Krookodile
|-boost|p2a: Krookodile|atk|1
|-boost|p2a: Krookodile|def|1
|
|upkeep
|turn|4
|
|t:|1758989355
|move|p2a: Krookodile|Knock Off|p1a: Clefable
|-resisted|p1a: Clefable
|-damage|p1a: Clefable|55/100
|-enditem|p1a: Clefable|Leftovers|[from] move: Knock Off|[of] p2a: Krookodile
|move|p1a: Clefable|Moonblast|p2a: Krookodile
|-supereffective|p2a: Krookodile
|-damage|p2a: Krookodile|0 fnt
|faint|p2a: Krookodile
|
|upkeep
|
|t:|1758989363
|switch|p2a: Magnezone|Magnezone, shiny|100/100
|turn|5
|
|t:|1758989368
|move|p1a: Clefable|Flamethrower|p2a: Magnezone
|-supereffective|p2a: Magnezone
|-damage|p2a: Magnezone|59/100
|move|p2a: Magnezone|Thunderbolt|p1a: Clefable
|-damage|p1a: Clefable|2/100
|
|upkeep
|turn|6
|
|t:|1758989375
|switch|p2a: Dewgong|Dewgong, F, shiny|100/100
|move|p1a: Clefable|Flamethrower|p2a: Dewgong
|-damage|p2a: Dewgong|91/100
|
|-heal|p2a: Dewgong|98/100|[from] item: Leftovers
|upkeep
|turn|7
|
|t:|1758989380
|move|p2a: Dewgong|Fake Out|p1a: Clefable
|-damage|p1a: Clefable|0 fnt
|faint|p1a: Clefable
|
|-heal|p2a: Dewgong|100/100|[from] item: Leftovers
|upkeep
|
|t:|1758989392
|switch|p1a: Mandibuzz|Mandibuzz, F, shiny|100/100
|turn|8
|
|t:|1758989399
|move|p1a: Mandibuzz|Knock Off|p2a: Dewgong
|-damage|p2a: Dewgong|75/100
|-enditem|p2a: Dewgong|Leftovers|[from] move: Knock Off|[of] p1a: Mandibuzz
|move|p2a: Dewgong|Whirlpool|p1a: Mandibuzz|[miss]
|-miss|p2a: Dewgong|p1a: Mandibuzz
|
|upkeep
|turn|9
|
|t:|1758989406
|switch|p2a: Ariados|Ariados, F, shiny|100/100
|move|p1a: Mandibuzz|Toxic|p2a: Ariados
|-immune|p2a: Ariados
|
|upkeep
|turn|10
|
|t:|1758989412
|move|p1a: Mandibuzz|Knock Off|p2a: Ariados
|-damage|p2a: Ariados|68/100
|-enditem|p2a: Ariados|Focus Sash|[from] move: Knock Off|[of] p1a: Mandibuzz
|move|p2a: Ariados|Sticky Web|p1a: Mandibuzz
|-sidestart|p1: lulusparco|move: Sticky Web
|
|upkeep
|turn|11
|
|t:|1758989418
|move|p1a: Mandibuzz|Defog|p2a: Ariados
|-unboost|p2a: Ariados|evasion|1
|-sideend|p1: lulusparco|Sticky Web|[from] move: Defog|[of] p1a: Mandibuzz
|move|p2a: Ariados|Lunge|p1a: Mandibuzz
|-damage|p1a: Mandibuzz|71/100
|-unboost|p1a: Mandibuzz|atk|1
|
|-heal|p1a: Mandibuzz|77/100|[from] item: Leftovers
|upkeep
|turn|12
|
|t:|1758989425
|switch|p1a: Garganacl|Garganacl, M|100/100
|move|p2a: Ariados|Lunge|p1a: Garganacl
|-damage|p1a: Garganacl|83/100
|-unboost|p1a: Garganacl|atk|1
|-damage|p2a: Ariados|51/100|[from] item: Rocky Helmet|[of] p1a: Garganacl
|
|upkeep
|turn|13
|
|t:|1758989429
|move|p2a: Ariados|Sticky Web|p1a: Garganacl
|-sidestart|p1: lulusparco|move: Sticky Web
|move|p1a: Garganacl|Salt Cure|p2a: Ariados
|-supereffective|p2a: Ariados
|-damage|p2a: Ariados|28/100
|-start|p2a: Ariados|Salt Cure
|
|-damage|p2a: Ariados|16/100|[from] Salt Cure
|upkeep
|turn|14
|
|t:|1758989432
|switch|p1a: Mandibuzz|Mandibuzz, F, shiny|77/100
|move|p2a: Ariados|Lunge|p1a: Mandibuzz
|-damage|p1a: Mandibuzz|51/100
|-unboost|p1a: Mandibuzz|atk|1
|
|-heal|p1a: Mandibuzz|57/100|[from] item: Leftovers
|-damage|p2a: Ariados|3/100|[from] Salt Cure
|upkeep
|turn|15
|
|t:|1758989436
|move|p1a: Mandibuzz|Defog|p2a: Ariados
|-unboost|p2a: Ariados|evasion|1
|-sideend|p1: lulusparco|Sticky Web|[from] move: Defog|[of] p1a: Mandibuzz
|move|p2a: Ariados|Lunge|p1a: Mandibuzz
|-damage|p1a: Mandibuzz|31/100
|-unboost|p1a: Mandibuzz|atk|1
|
|-heal|p1a: Mandibuzz|37/100|[from] item: Leftovers
|-damage|p2a: Ariados|0 fnt|[from] Salt Cure
|faint|p2a: Ariados
|upkeep
|
|t:|1758989443
|switch|p2a: Scrafty|Scrafty, F, shiny|100/100
|turn|16
|
|t:|1758989446
|move|p1a: Mandibuzz|Toxic|p2a: Scrafty
|-status|p2a: Scrafty|tox
|move|p2a: Scrafty|Bulk Up|p2a: Scrafty
|-boost|p2a: Scrafty|atk|1
|-boost|p2a: Scrafty|def|1
|
|-heal|p1a: Mandibuzz|43/100|[from] item: Leftovers
|-activate|p2a: Scrafty|ability: Shed Skin
|-curestatus|p2a: Scrafty|tox|[msg]
|upkeep
|turn|17
|
|t:|1758989449
|move|p1a: Mandibuzz|Knock Off|p2a: Scrafty
|-resisted|p2a: Scrafty
|-damage|p2a: Scrafty|99/100
|-enditem|p2a: Scrafty|Leftovers|[from] move: Knock Off|[of] p1a: Mandibuzz
|move|p2a: Scrafty|Drain Punch|p1a: Mandibuzz
|-damage|p1a: Mandibuzz|18/100
|-heal|p2a: Scrafty|100/100|[from] drain|[of] p1a: Mandibuzz
|
|-heal|p1a: Mandibuzz|24/100|[from] item: Leftovers
|upkeep
|turn|18
|
|t:|1758989458
|move|p1a: Mandibuzz|Toxic|p2a: Scrafty
|-status|p2a: Scrafty|tox
|move|p2a: Scrafty|Drain Punch|p1a: Mandibuzz
|-damage|p1a: Mandibuzz|0 fnt
|faint|p1a: Mandibuzz
|
|-damage|p2a: Scrafty|95/100 tox|[from] psn
|upkeep
|
|t:|1758989466
|switch|p1a: Moltres|Moltres-Galar|100/100
|turn|19
|
|t:|1758989469
|move|p1a: Moltres|Hurricane|p2a: Scrafty|[miss]
|-miss|p1a: Moltres|p2a: Scrafty
|move|p2a: Scrafty|Drain Punch|p1a: Moltres
|-damage|p1a: Moltres|58/100
|-heal|p2a: Scrafty|100/100 tox|[from] drain|[of] p1a: Moltres
|
|-damage|p2a: Scrafty|89/100 tox|[from] psn
|upkeep
|turn|20
|
|t:|1758989479
|switch|p2a: Magnezone|Magnezone, shiny|59/100
|move|p1a: Moltres|Hurricane|p2a: Magnezone
|-resisted|p2a: Magnezone
|-damage|p2a: Magnezone|46/100
|-start|p2a: Magnezone|confusion
|
|upkeep
|turn|21
|
|t:|1758989485
|switch|p1a: Iron Moth|Iron Moth|100/100
|-enditem|p1a: Iron Moth|Booster Energy
|-activate|p1a: Iron Moth|ability: Quark Drive|[fromitem]
|-start|p1a: Iron Moth|quarkdrivespa
|-activate|p2a: Magnezone|confusion
|move|p2a: Magnezone|Volt Switch|p1a: Iron Moth
|-damage|p1a: Iron Moth|51/100
|
|t:|1758989496
|switch|p2a: Dewgong|Dewgong, F, shiny|75/100|[from] Volt Switch
|
|upkeep
|turn|22
|
|t:|1758989503
|move|p2a: Dewgong|Fake Out|p1a: Iron Moth
|-damage|p1a: Iron Moth|40/100
|cant|p1a: Iron Moth|flinch
|
|upkeep
|turn|23
|
|t:|1758989508
|move|p1a: Iron Moth|Energy Ball|p2a: Dewgong
|-supereffective|p2a: Dewgong
|-damage|p2a: Dewgong|12/100
|move|p2a: Dewgong|Whirlpool|p1a: Iron Moth
|-supereffective|p1a: Iron Moth
|-damage|p1a: Iron Moth|18/100
|-activate|p1a: Iron Moth|move: Whirlpool|[of] p2a: Dewgong
|
|-damage|p1a: Iron Moth|6/100|[from] move: Whirlpool|[partiallytrapped]
|upkeep
|turn|24
|
|t:|1758989521
|move|p1a: Iron Moth|Fiery Dance|p2a: Dewgong
|-damage|p2a: Dewgong|0 fnt
|faint|p2a: Dewgong
|
|-end|p1a: Iron Moth|Whirlpool|[partiallytrapped]|[silent]
|upkeep
|
|t:|1758989527
|switch|p2a: Scrafty|Scrafty, F, shiny|89/100 tox
|turn|25
|
|t:|1758989533
|move|p1a: Iron Moth|Fiery Dance|p2a: Scrafty
|-damage|p2a: Scrafty|46/100 tox
|move|p2a: Scrafty|Bulk Up|p2a: Scrafty
|-boost|p2a: Scrafty|atk|1
|-boost|p2a: Scrafty|def|1
|
|-damage|p2a: Scrafty|40/100 tox|[from] psn
|upkeep
|turn|26
|
|t:|1758989538
|move|p1a: Iron Moth|Sludge Wave|p2a: Scrafty
|-damage|p2a: Scrafty|0 fnt
|faint|p2a: Scrafty
|
|upkeep
|-message|polgo forfeited.
|
|win|lulusparco
|raw|lulusparco's rating: 1152 &rarr; <strong>1179</strong><br />(+27 for winning)
|raw|polgo's rating: 1173 &rarr; <strong>1146</strong><br />(-27 for losing)
|l|☆polgo
|player|p2|
|l|☆lulusparco
|player|p1|
