|j|☆Smitchos
|j|☆hewstonisgay
|t:|1758977818
|gametype|singles
|player|p1|Smitchos|ingo|1254
|player|p2|hewstonisgay|rosa|1238
|gen|9
|tier|[Gen 9] OU
|rated|
|rule|HP Percentage Mod: HP is shown in percentages
|rule|Endless Battle Clause: Forcing endless battles is banned
|rule|Species Clause: Limit one of each Pokémon
|rule|OHKO Clause: OHKO moves are banned
|rule|Evasion Items Clause: Evasion items are banned
|rule|Evasion Moves Clause: Evasion moves are banned
|rule|Evasion Abilities Clause: Evasion abilities are banned
|rule|Sleep Moves Clause: Sleep-inducing moves are banned
|clearpoke
|poke|p1|Ludicolo, F|
|poke|p1|Pelipper, M|
|poke|p1|Barraskewda, F|
|poke|p1|Iron Crown|
|poke|p1|Great Tusk|
|poke|p1|Moltres|
|poke|p2|Skeledirge, M|
|poke|p2|Moltres-Galar|
|poke|p2|Quaquaval, M|
|poke|p2|Gengar, F|
|poke|p2|Ting-Lu|
|poke|p2|Enamorus, F|
|teampreview
|inactive|Battle timer is ON: inactive players will automatically lose when time's up. (requested by hewstonisgay)
|inactive|hewstonisgay has 120 seconds left.
|
|t:|1758977849
|teamsize|p1|6
|teamsize|p2|6
|start
|switch|p1a: Sergio Perez|Iron Crown|100/100
|switch|p2a: rubber duck|Moltres-Galar, shiny|100/100
|turn|1
|
|t:|1758977860
|move|p1a: Sergio Perez|Volt Switch|p2a: rubber duck
|-supereffective|p2a: rubber duck
|-damage|p2a: rubber duck|62/100
|
|t:|1758977869
|-end|p1a: Sergio Perez|Quark Drive|[silent]
|switch|p1a: Del Toro|Great Tusk|100/100|[from] Volt Switch
|-enditem|p1a: Del Toro|Booster Energy
|-activate|p1a: Del Toro|ability: Protosynthesis|[fromitem]
|-start|p1a: Del Toro|protosynthesisatk
|move|p2a: rubber duck|Nasty Plot|p2a: rubber duck
|-boost|p2a: rubber duck|spa|2
|
|upkeep
|turn|2
|
|t:|1758977884
|-terastallize|p2a: rubber duck|Fairy
|move|p2a: rubber duck|Tera Blast|p1a: Del Toro|[anim] Tera Blast Fairy
|-supereffective|p1a: Del Toro
|-damage|p1a: Del Toro|0 fnt
|faint|p1a: Del Toro
|-end|p1a: Del Toro|Protosynthesis|[silent]
|
|upkeep
|
|t:|1758977893
|switch|p1a: Sergio Perez|Iron Crown|100/100
|turn|3
|
|t:|1758977902
|switch|p2a: croc|Skeledirge, M|100/100
|move|p1a: Sergio Perez|Tachyon Cutter|p2a: croc
|-resisted|p2a: croc
|-damage|p2a: croc|92/100
|-resisted|p2a: croc
|-damage|p2a: croc|83/100
|-hitcount|p2a: croc|2
|
|upkeep
|turn|4
|
|t:|1758977915
|move|p1a: Sergio Perez|Volt Switch|p2a: croc
|-damage|p2a: croc|67/100
|
|t:|1758977922
|-end|p1a: Sergio Perez|Quark Drive|[silent]
|switch|p1a: Frida Khalo|Pelipper, M|100/100|[from] Volt Switch
|-weather|RainDance|[from] ability: Drizzle|[of] p1a: Frida Khalo
|move|p2a: croc|Will-O-Wisp|p1a: Frida Khalo
|-status|p1a: Frida Khalo|brn
|
|-weather|RainDance|[upkeep]
|-damage|p1a: Frida Khalo|94/100 brn|[from] brn
|upkeep
|turn|5
|
|t:|1758977935
|switch|p2a: Quaquaval|Quaquaval, M|100/100
|move|p1a: Frida Khalo|U-turn|p2a: Quaquaval
|-resisted|p2a: Quaquaval
|-damage|p2a: Quaquaval|98/100
|
|t:|1758977940
|switch|p1a: El Chapo|Ludicolo, F|100/100|[from] U-turn
|
|-weather|RainDance|[upkeep]
|upkeep
|turn|6
|
|t:|1758977961
|switch|p2a: rubber duck|Moltres-Galar, shiny, tera:Fairy|62/100
|move|p1a: El Chapo|Hydro Pump|p2a: rubber duck
|-damage|p2a: rubber duck|0 fnt
|faint|p2a: rubber duck
|-damage|p1a: El Chapo|91/100|[from] item: Life Orb
|
|-weather|RainDance|[upkeep]
|upkeep
|
|t:|1758977972
|switch|p2a: wut da hail|Enamorus, F|100/100
|turn|7
|
|t:|1758977984
|move|p1a: El Chapo|Ice Beam|p2a: wut da hail
|-supereffective|p2a: wut da hail
|-damage|p2a: wut da hail|0 fnt
|faint|p2a: wut da hail
|-damage|p1a: El Chapo|81/100|[from] item: Life Orb
|
|-weather|RainDance|[upkeep]
|upkeep
|
|t:|1758977996
|switch|p2a: nyehehehehe|Gengar, F|100/100
|turn|8
|inactive|hewstonisgay has 120 seconds left.
|
|t:|1758978020
|move|p1a: El Chapo|Hydro Pump|p2a: nyehehehehe
|-enditem|p2a: nyehehehehe|Focus Sash
|-damage|p2a: nyehehehehe|1/100
|-damage|p1a: El Chapo|71/100|[from] item: Life Orb
|move|p2a: nyehehehehe|Shadow Ball|p1a: El Chapo
|-damage|p1a: El Chapo|26/100
|
|-weather|RainDance|[upkeep]
|upkeep
|turn|9
|inactive|hewstonisgay has 120 seconds left.
|
|t:|1758978031
|switch|p2a: Quaquaval|Quaquaval, M|98/100
|move|p1a: El Chapo|Giga Drain|p2a: Quaquaval
|-supereffective|p2a: Quaquaval
|-damage|p2a: Quaquaval|0 fnt
|-heal|p1a: El Chapo|76/100|[from] drain|[of] p2a: Quaquaval
|faint|p2a: Quaquaval
|-damage|p1a: El Chapo|66/100|[from] item: Life Orb
|
|-weather|RainDance|[upkeep]
|upkeep
|c|☆Smitchos|why
|-message|hewstonisgay forfeited.
|
|win|Smitchos
|raw|Smitchos's rating: 1254 &rarr; <strong>1278</strong><br />(+24 for winning)
|raw|hewstonisgay's rating: 1238 &rarr; <strong>1214</strong><br />(-24 for losing)
|l|☆hewstonisgay
|player|p2|
|l|☆Smitchos
|player|p1|
