|j|☆pixirin
|j|☆mysunshine
|t:|1759077149
|gametype|singles
|player|p1|pixirin|101|1325
|player|p2|mysunshine|waitress|1388
|gen|9
|tier|[Gen 9] OU
|rated|
|rule|HP Percentage Mod: HP is shown in percentages
|rule|Endless Battle Clause: Forcing endless battles is banned
|rule|Species Clause: Limit one of each Pokémon
|rule|OHKO Clause: OHKO moves are banned
|rule|Evasion Items Clause: Evasion items are banned
|rule|Evasion Moves Clause: Evasion moves are banned
|rule|Evasion Abilities Clause: Evasion abilities are banned
|rule|Sleep Moves Clause: Sleep-inducing moves are banned
|clearpoke
|poke|p1|Iron Moth|
|poke|p1|Raging Bolt|
|poke|p1|Rillaboom, M|
|poke|p1|Great Tusk|
|poke|p1|Slowking-Galar, F|
|poke|p1|Garganacl, F|
|poke|p2|Empoleon, M|
|poke|p2|Dragapult, F|
|poke|p2|Gliscor, F|
|poke|p2|Slowking-Galar, F|
|poke|p2|Great Tusk|
|poke|p2|Rillaboom, F|
|teampreview
|inactive|Battle timer is ON: inactive players will automatically lose when time's up. (requested by mysunshine)
|inactive|pixirin has 120 seconds left.
|inactive|mysunshine has 120 seconds left.
|
|t:|1759077202
|teamsize|p1|6
|teamsize|p2|6
|start
|switch|p1a: Rillaboom|Rillaboom, M|100/100
|switch|p2a: Slowking|Slowking-Galar, F, shiny|100/100
|-fieldstart|move: Grassy Terrain|[from] ability: Grassy Surge|[of] p1a: Rillaboom
|turn|1
|c|☆mysunshine|rilla boomin' make it boom
|
|t:|1759077217
|move|p1a: Rillaboom|Knock Off|p2a: Slowking
|-supereffective|p2a: Slowking
|-damage|p2a: Slowking|29/100
|-enditem|p2a: Slowking|Assault Vest|[from] move: Knock Off|[of] p1a: Rillaboom
|move|p2a: Slowking|Ice Beam|p1a: Rillaboom
|-supereffective|p1a: Rillaboom
|-damage|p1a: Rillaboom|27/100
|
|-heal|p1a: Rillaboom|33/100|[from] Grassy Terrain
|-heal|p2a: Slowking|35/100|[from] Grassy Terrain
|upkeep
|turn|2
|c|☆mysunshine|rilla boomin' make it boom-oom
|
|t:|1759077231
|move|p1a: Rillaboom|U-turn|p2a: Slowking
|-damage|p2a: Slowking|10/100
|
|t:|1759077237
|switch|p1a: Garganacl|Garganacl, F|100/100|[from] U-turn
|move|p2a: Slowking|Ice Beam|p1a: Garganacl
|-damage|p1a: Garganacl|83/100
|
|-heal|p1a: Garganacl|89/100|[from] Grassy Terrain
|-heal|p1a: Garganacl|95/100|[from] item: Leftovers
|-heal|p2a: Slowking|16/100|[from] Grassy Terrain
|upkeep
|turn|3
|
|t:|1759077249
|move|p1a: Garganacl|Stealth Rock|p2a: Slowking
|-sidestart|p2: mysunshine|move: Stealth Rock
|move|p2a: Slowking|Psychic Noise|p1a: Garganacl
|-damage|p1a: Garganacl|73/100
|-start|p1a: Garganacl|move: Heal Block
|
|-heal|p2a: Slowking|22/100|[from] Grassy Terrain
|upkeep
|turn|4
|
|t:|1759077268
|move|p1a: Garganacl|Salt Cure|p2a: Slowking
|-damage|p2a: Slowking|7/100
|-start|p2a: Slowking|Salt Cure
|move|p2a: Slowking|Psychic Noise|p1a: Garganacl
|-damage|p1a: Garganacl|50/100
|
|-heal|p2a: Slowking|13/100|[from] Grassy Terrain
|-damage|p2a: Slowking|0 fnt|[from] Salt Cure
|faint|p2a: Slowking
|-end|p1a: Garganacl|move: Heal Block
|upkeep
|
|t:|1759077278
|switch|p2a: Rillaboom|Rillaboom, F, shiny|100/100
|-damage|p2a: Rillaboom|88/100|[from] Stealth Rock
|turn|5
|
|t:|1759077286
|move|p1a: Garganacl|Protect|p1a: Garganacl
|-singleturn|p1a: Garganacl|Protect
|move|p2a: Rillaboom|U-turn|p1a: Garganacl
|-activate|p1a: Garganacl|move: Protect
|
|-heal|p2a: Rillaboom|94/100|[from] Grassy Terrain
|-heal|p1a: Garganacl|56/100|[from] Grassy Terrain
|-heal|p1a: Garganacl|62/100|[from] item: Leftovers
|-fieldend|move: Grassy Terrain
|upkeep
|turn|6
|
|t:|1759077307
|switch|p1a: Great Tusk|Great Tusk|100/100
|move|p2a: Rillaboom|U-turn|p1a: Great Tusk
|-resisted|p1a: Great Tusk
|-damage|p1a: Great Tusk|88/100
|inactive|mysunshine has 120 seconds left.
|
|t:|1759077352
|switch|p2a: Dragapult|Dragapult, F, shiny|100/100|[from] U-turn
|-damage|p2a: Dragapult|88/100|[from] Stealth Rock
|
|-heal|p1a: Great Tusk|94/100|[from] item: Leftovers
|upkeep
|turn|7
|
|t:|1759077375
|-end|p1a: Great Tusk|Protosynthesis|[silent]
|switch|p1a: Slowking|Slowking-Galar, F|100/100
|move|p2a: Dragapult|Will-O-Wisp|p1a: Slowking
|-status|p1a: Slowking|brn
|
|-damage|p1a: Slowking|94/100 brn|[from] brn
|upkeep
|turn|8
|
|t:|1759077389
|switch|p2a: Gliscor|Gliscor, F|100/100
|-damage|p2a: Gliscor|88/100|[from] Stealth Rock
|move|p1a: Slowking|Future Sight|p2a: Gliscor
|-start|p1a: Slowking|move: Future Sight
|
|-damage|p1a: Slowking|88/100 brn|[from] brn
|-status|p2a: Gliscor|tox|[from] item: Toxic Orb
|upkeep
|turn|9
|
|t:|1759077400
|move|p2a: Gliscor|Stealth Rock|p1a: Slowking
|-sidestart|p1: pixirin|move: Stealth Rock
|move|p1a: Slowking|Psychic Noise|p2a: Gliscor
|-damage|p2a: Gliscor|56/100 tox
|-start|p2a: Gliscor|move: Heal Block
|
|-damage|p1a: Slowking|82/100 brn|[from] brn
|upkeep
|turn|10
|inactive|pixirin has 120 seconds left.
|
|t:|1759077416
|move|p2a: Gliscor|Earthquake|p1a: Slowking
|-supereffective|p1a: Slowking
|-damage|p1a: Slowking|35/100 brn
|-prepare|p1a: Slowking|Chilly Reception|[premajor]
|move|p1a: Slowking|Chilly Reception|p1a: Slowking
|-weather|Snowscape
|inactive|pixirin has 120 seconds left.
|inactive|pixirin has 90 seconds left.
|
|t:|1759077470
|switch|p1a: Great Tusk|Great Tusk|94/100|[from] Chilly Reception
|-damage|p1a: Great Tusk|91/100|[from] Stealth Rock
|
|-weather|Snowscape|[upkeep]
|-end|p2a: Gliscor|move: Future Sight
|-damage|p2a: Gliscor|1/100 tox
|-heal|p1a: Great Tusk|97/100|[from] item: Leftovers
|-end|p2a: Gliscor|move: Heal Block
|upkeep
|turn|11
|inactive|mysunshine has 120 seconds left.
|
|t:|1759077519
|move|p1a: Great Tusk|Ice Spinner|p2a: Gliscor
|-supereffective|p2a: Gliscor
|-damage|p2a: Gliscor|0 fnt
|faint|p2a: Gliscor
|
|-weather|Snowscape|[upkeep]
|-heal|p1a: Great Tusk|100/100|[from] item: Leftovers
|upkeep
|
|t:|1759077527
|switch|p2a: Rillaboom|Rillaboom, F, shiny|94/100
|-damage|p2a: Rillaboom|82/100|[from] Stealth Rock
|-fieldstart|move: Grassy Terrain|[from] ability: Grassy Surge|[of] p2a: Rillaboom
|turn|12
|
|t:|1759077542
|-terastallize|p1a: Great Tusk|Fire
|move|p1a: Great Tusk|Rapid Spin|p2a: Rillaboom
|-damage|p2a: Rillaboom|67/100
|-boost|p1a: Great Tusk|spe|1
|-sideend|p1: pixirin|Stealth Rock|[from] move: Rapid Spin|[of] p1a: Great Tusk
|move|p2a: Rillaboom|Wood Hammer|p1a: Great Tusk
|-resisted|p1a: Great Tusk
|-damage|p1a: Great Tusk|55/100
|-damage|p2a: Rillaboom|51/100|[from] Recoil
|
|-weather|Snowscape|[upkeep]
|-heal|p1a: Great Tusk|61/100|[from] Grassy Terrain
|-heal|p1a: Great Tusk|68/100|[from] item: Leftovers
|-heal|p2a: Rillaboom|57/100|[from] Grassy Terrain
|upkeep
|turn|13
|
|t:|1759077557
|switch|p2a: Great Tusk|Great Tusk|100/100
|move|p1a: Great Tusk|Bulk Up|p1a: Great Tusk
|-boost|p1a: Great Tusk|atk|1
|-boost|p1a: Great Tusk|def|1
|
|-weather|Snowscape|[upkeep]
|-heal|p1a: Great Tusk|74/100|[from] Grassy Terrain
|-heal|p1a: Great Tusk|80/100|[from] item: Leftovers
|upkeep
|turn|14
|
|t:|1759077573
|-terastallize|p2a: Great Tusk|Steel
|move|p1a: Great Tusk|Bulk Up|p1a: Great Tusk
|-boost|p1a: Great Tusk|atk|1
|-boost|p1a: Great Tusk|def|1
|move|p2a: Great Tusk|Headlong Rush|p1a: Great Tusk
|-supereffective|p1a: Great Tusk
|-damage|p1a: Great Tusk|29/100
|-unboost|p2a: Great Tusk|def|1
|-unboost|p2a: Great Tusk|spd|1
|
|-weather|none
|-heal|p1a: Great Tusk|36/100|[from] Grassy Terrain
|-heal|p1a: Great Tusk|42/100|[from] item: Leftovers
|upkeep
|turn|15
|
|t:|1759077590
|move|p1a: Great Tusk|Headlong Rush|p2a: Great Tusk
|-supereffective|p2a: Great Tusk
|-damage|p2a: Great Tusk|0 fnt
|-unboost|p1a: Great Tusk|def|1
|-unboost|p1a: Great Tusk|spd|1
|faint|p2a: Great Tusk
|-end|p2a: Great Tusk|Protosynthesis|[silent]
|
|-heal|p1a: Great Tusk|48/100|[from] Grassy Terrain
|-heal|p1a: Great Tusk|54/100|[from] item: Leftovers
|upkeep
|
|t:|1759077597
|switch|p2a: Dragapult|Dragapult, F, shiny|88/100
|-damage|p2a: Dragapult|76/100|[from] Stealth Rock
|turn|16
|
|t:|1759077606
|move|p1a: Great Tusk|Ice Spinner|p2a: Dragapult
|-supereffective|p2a: Dragapult
|-damage|p2a: Dragapult|0 fnt
|-fieldend|move: Grassy Terrain
|faint|p2a: Dragapult
|
|-heal|p1a: Great Tusk|60/100|[from] item: Leftovers
|upkeep
|inactive|mysunshine has 90 seconds left.
|
|t:|1759077634
|switch|p2a: Empoleon|Empoleon, M|100/100
|-damage|p2a: Empoleon|94/100|[from] Stealth Rock
|turn|17
|
|t:|1759077639
|move|p1a: Great Tusk|Headlong Rush|p2a: Empoleon
|-supereffective|p2a: Empoleon
|-damage|p2a: Empoleon|0 fnt
|-unboost|p1a: Great Tusk|def|1
|-unboost|p1a: Great Tusk|spd|1
|faint|p2a: Empoleon
|
|-heal|p1a: Great Tusk|66/100|[from] item: Leftovers
|upkeep
|
|t:|1759077641
|switch|p2a: Rillaboom|Rillaboom, F, shiny|57/100
|-damage|p2a: Rillaboom|44/100|[from] Stealth Rock
|-fieldstart|move: Grassy Terrain|[from] ability: Grassy Surge|[of] p2a: Rillaboom
|turn|18
|
|t:|1759077652
|move|p1a: Great Tusk|Ice Spinner|p2a: Rillaboom
|-supereffective|p2a: Rillaboom
|-damage|p2a: Rillaboom|0 fnt
|-fieldend|move: Grassy Terrain
|faint|p2a: Rillaboom
|
|win|pixirin
|raw|pixirin's rating: 1325 &rarr; <strong>1349</strong><br />(+24 for winning)
|raw|mysunshine's rating: 1388 &rarr; <strong>1364</strong><br />(-24 for losing)
|l|☆mysunshine
|player|p2|
