|j|☆adriicarrascoo
|j|☆jsk69
|t:|1759053433
|gametype|singles
|player|p1|adriicarrascoo|drayden|1130
|player|p2|jsk69|cynthia-gen4|1181
|gen|9
|tier|[Gen 9] OU
|rated|
|rule|HP Percentage Mod: HP is shown in percentages
|rule|Endless Battle Clause: Forcing endless battles is banned
|rule|Species Clause: Limit one of each Pokémon
|rule|OHKO Clause: OHKO moves are banned
|rule|Evasion Items Clause: Evasion items are banned
|rule|Evasion Moves Clause: Evasion moves are banned
|rule|Evasion Abilities Clause: Evasion abilities are banned
|rule|Sleep Moves Clause: Sleep-inducing moves are banned
|clearpoke
|poke|p1|Dragapult, F|
|poke|p1|Jolteon, F|
|poke|p1|Gliscor, F|
|poke|p1|Rillaboom, M|
|poke|p1|Torkoal, F|
|poke|p1|Bronzong|
|poke|p2|Toxtricity, F|
|poke|p2|Gholdengo|
|poke|p2|Cinderace, F|
|poke|p2|Meowscarada, F|
|poke|p2|Garganacl, M|
|poke|p2|Quaquaval, M|
|teampreview
|inactive|Battle timer is ON: inactive players will automatically lose when time's up. (requested by jsk69)
|
|t:|1759053443
|teamsize|p1|6
|teamsize|p2|6
|start
|switch|p1a: Torkoal|Torkoal, F|100/100
|switch|p2a: Garganacl|Garganacl, M|100/100
|-weather|SunnyDay|[from] ability: Drought|[of] p1a: Torkoal
|turn|1
|
|t:|1759053448
|move|p2a: Garganacl|Salt Cure|p1a: Torkoal
|-supereffective|p1a: Torkoal
|-damage|p1a: Torkoal|81/100
|-start|p1a: Torkoal|Salt Cure
|move|p1a: Torkoal|Stealth Rock|p2a: Garganacl
|-sidestart|p2: jsk69|move: Stealth Rock
|
|-weather|SunnyDay|[upkeep]
|-heal|p1a: Torkoal|87/100|[from] item: Leftovers
|-damage|p1a: Torkoal|74/100|[from] Salt Cure
|upkeep
|turn|2
|
|t:|1759053457
|switch|p1a: Rillaboom|Rillaboom, M|100/100
|-fieldstart|move: Grassy Terrain|[from] ability: Grassy Surge|[of] p1a: Rillaboom
|move|p2a: Garganacl|Stealth Rock|p1a: Rillaboom
|-sidestart|p1: adriicarrascoo|move: Stealth Rock
|
|-weather|SunnyDay|[upkeep]
|upkeep
|turn|3
|
|t:|1759053470
|-terastallize|p2a: Garganacl|Ghost
|move|p1a: Rillaboom|Drum Beating|p2a: Garganacl
|-damage|p2a: Garganacl|64/100
|-unboost|p2a: Garganacl|spe|1
|move|p2a: Garganacl|Avalanche|p1a: Rillaboom
|-supereffective|p1a: Rillaboom
|-damage|p1a: Rillaboom|38/100
|
|-weather|SunnyDay|[upkeep]
|-heal|p1a: Rillaboom|44/100|[from] Grassy Terrain
|-heal|p1a: Rillaboom|50/100|[from] item: Leftovers
|-heal|p2a: Garganacl|70/100|[from] Grassy Terrain
|-heal|p2a: Garganacl|76/100|[from] item: Leftovers
|upkeep
|turn|4
|
|t:|1759053484
|move|p1a: Rillaboom|Leech Seed|p2a: Garganacl
|-start|p2a: Garganacl|move: Leech Seed
|move|p2a: Garganacl|Salt Cure|p1a: Rillaboom
|-damage|p1a: Rillaboom|34/100
|-start|p1a: Rillaboom|Salt Cure
|
|-weather|SunnyDay|[upkeep]
|-heal|p1a: Rillaboom|40/100|[from] Grassy Terrain
|-heal|p1a: Rillaboom|47/100|[from] item: Leftovers
|-heal|p2a: Garganacl|83/100|[from] Grassy Terrain
|-heal|p2a: Garganacl|89/100|[from] item: Leftovers
|-damage|p2a: Garganacl|76/100|[from] Leech Seed|[of] p1a: Rillaboom
|-heal|p1a: Rillaboom|61/100|[silent]
|-damage|p1a: Rillaboom|49/100|[from] Salt Cure
|upkeep
|turn|5
|
|t:|1759053498
|switch|p1a: Bronzong|Bronzong|100/100
|-damage|p1a: Bronzong|94/100|[from] Stealth Rock
|switch|p2a: Meowscarada|Meowscarada, F|100/100
|-damage|p2a: Meowscarada|88/100|[from] Stealth Rock
|
|-weather|none
|-heal|p2a: Meowscarada|94/100|[from] Grassy Terrain
|-heal|p1a: Bronzong|100/100|[from] Grassy Terrain
|upkeep
|turn|6
|
|t:|1759053508
|move|p2a: Meowscarada|Trick|p1a: Bronzong
|-start|p2a: Meowscarada|typechange|Psychic|[from] ability: Protean
|-activate|p2a: Meowscarada|move: Trick|[of] p1a: Bronzong
|-item|p1a: Bronzong|Choice Scarf|[from] move: Trick
|-item|p2a: Meowscarada|Leftovers|[from] move: Trick
|move|p1a: Bronzong|Reflect|p1a: Bronzong
|-sidestart|p1: adriicarrascoo|Reflect
|
|-heal|p2a: Meowscarada|100/100|[from] Grassy Terrain
|-fieldend|move: Grassy Terrain
|upkeep
|turn|7
|
|t:|1759053522
|switch|p2a: Gholdengo|Gholdengo|100/100
|-damage|p2a: Gholdengo|94/100|[from] Stealth Rock
|switch|p1a: Torkoal|Torkoal, F|74/100
|-damage|p1a: Torkoal|49/100|[from] Stealth Rock
|-weather|SunnyDay|[from] ability: Drought|[of] p1a: Torkoal
|
|-weather|SunnyDay|[upkeep]
|-heal|p1a: Torkoal|55/100|[from] item: Leftovers
|upkeep
|turn|8
|
|t:|1759053537
|switch|p2a: Garganacl|Garganacl, M, tera:Ghost|76/100
|-damage|p2a: Garganacl|64/100|[from] Stealth Rock
|move|p1a: Torkoal|Flamethrower|p2a: Garganacl
|-damage|p2a: Garganacl|29/100
|
|-weather|SunnyDay|[upkeep]
|-heal|p2a: Garganacl|35/100|[from] item: Leftovers
|-heal|p1a: Torkoal|62/100|[from] item: Leftovers
|upkeep
|turn|9
|
|t:|1759053545
|move|p2a: Garganacl|Recover|p2a: Garganacl
|-heal|p2a: Garganacl|85/100
|move|p1a: Torkoal|Flamethrower|p2a: Garganacl
|-damage|p2a: Garganacl|44/100
|
|-weather|SunnyDay|[upkeep]
|-heal|p2a: Garganacl|50/100|[from] item: Leftovers
|-heal|p1a: Torkoal|68/100|[from] item: Leftovers
|upkeep
|turn|10
|
|t:|1759053554
|switch|p1a: Gliscor|Gliscor, F|100/100
|-damage|p1a: Gliscor|88/100|[from] Stealth Rock
|move|p2a: Garganacl|Salt Cure|p1a: Gliscor
|-damage|p1a: Gliscor|81/100
|-start|p1a: Gliscor|Salt Cure
|
|-weather|SunnyDay|[upkeep]
|-heal|p2a: Garganacl|56/100|[from] item: Leftovers
|-damage|p1a: Gliscor|69/100|[from] Salt Cure
|-sideend|p1: adriicarrascoo|Reflect
|-status|p1a: Gliscor|tox|[from] item: Toxic Orb
|upkeep
|turn|11
|
|t:|1759053565
|move|p1a: Gliscor|Swords Dance|p1a: Gliscor
|-boost|p1a: Gliscor|atk|2
|move|p2a: Garganacl|Recover|p2a: Garganacl
|-heal|p2a: Garganacl|100/100
|
|-weather|none
|-heal|p1a: Gliscor|81/100 tox|[from] ability: Poison Heal
|-damage|p1a: Gliscor|69/100 tox|[from] Salt Cure
|upkeep
|turn|12
|
|t:|1759053570
|move|p1a: Gliscor|Knock Off|p2a: Garganacl
|-supereffective|p2a: Garganacl
|-damage|p2a: Garganacl|23/100
|-enditem|p2a: Garganacl|Leftovers|[from] move: Knock Off|[of] p1a: Gliscor
|move|p2a: Garganacl|Avalanche|p1a: Gliscor
|-supereffective|p1a: Gliscor
|-damage|p1a: Gliscor|0 fnt
|faint|p1a: Gliscor
|
|upkeep
|
|t:|1759053577
|switch|p1a: Jolteon|Jolteon, F|100/100
|-damage|p1a: Jolteon|88/100|[from] Stealth Rock
|turn|13
|
|t:|1759053582
|move|p1a: Jolteon|Shadow Ball|p2a: Garganacl
|-supereffective|p2a: Garganacl
|-damage|p2a: Garganacl|3/100
|move|p2a: Garganacl|Salt Cure|p1a: Jolteon
|-damage|p1a: Jolteon|64/100
|-start|p1a: Jolteon|Salt Cure
|
|-damage|p1a: Jolteon|52/100|[from] Salt Cure
|upkeep
|turn|14
|
|t:|1759053591
|move|p1a: Jolteon|Shadow Ball|p2a: Garganacl
|-supereffective|p2a: Garganacl
|-damage|p2a: Garganacl|0 fnt
|faint|p2a: Garganacl
|
|-damage|p1a: Jolteon|40/100|[from] Salt Cure
|upkeep
|
|t:|1759053605
|switch|p2a: Toxtricity|Toxtricity, F|100/100
|-damage|p2a: Toxtricity|88/100|[from] Stealth Rock
|turn|15
|
|t:|1759053611
|move|p1a: Jolteon|Volt Switch|p2a: Toxtricity
|-resisted|p2a: Toxtricity
|-damage|p2a: Toxtricity|61/100
|
|t:|1759053616
|switch|p1a: Torkoal|Torkoal, F|68/100|[from] Volt Switch
|-damage|p1a: Torkoal|43/100|[from] Stealth Rock
|-weather|SunnyDay|[from] ability: Drought|[of] p1a: Torkoal
|move|p2a: Toxtricity|Shift Gear|p2a: Toxtricity
|-boost|p2a: Toxtricity|spe|2
|-boost|p2a: Toxtricity|atk|1
|
|-weather|SunnyDay|[upkeep]
|-heal|p1a: Torkoal|49/100|[from] item: Leftovers
|upkeep
|turn|16
|
|t:|1759053624
|move|p2a: Toxtricity|Boomburst|p1a: Torkoal
|-damage|p1a: Torkoal|0 fnt
|faint|p1a: Torkoal
|-enditem|p2a: Toxtricity|Throat Spray
|-boost|p2a: Toxtricity|spa|1|[from] item: Throat Spray
|
|-weather|SunnyDay|[upkeep]
|upkeep
|
|t:|1759053631
|switch|p1a: Dragapult|Dragapult, F|100/100
|-damage|p1a: Dragapult|88/100|[from] Stealth Rock
|turn|17
|
|t:|1759053636
|move|p2a: Toxtricity|Overdrive|p1a: Dragapult
|-resisted|p1a: Dragapult
|-damage|p1a: Dragapult|35/100
|move|p1a: Dragapult|Dragon Darts|p2a: Toxtricity
|-damage|p2a: Toxtricity|22/100
|-anim|p1a: Dragapult|Dragon Darts|p2a: Toxtricity
|-damage|p2a: Toxtricity|0 fnt
|faint|p2a: Toxtricity
|
|-weather|SunnyDay|[upkeep]
|upkeep
|
|t:|1759053652
|switch|p2a: Gholdengo|Gholdengo|94/100
|-damage|p2a: Gholdengo|88/100|[from] Stealth Rock
|turn|18
|
|t:|1759053659
|move|p2a: Gholdengo|Shadow Ball|p1a: Dragapult
|-supereffective|p1a: Dragapult
|-damage|p1a: Dragapult|0 fnt
|faint|p1a: Dragapult
|
|-weather|SunnyDay|[upkeep]
|upkeep
|-message|adriicarrascoo forfeited.
|
|win|jsk69
|raw|adriicarrascoo's rating: 1130 &rarr; <strong>1109</strong><br />(-21 for losing)
|raw|jsk69's rating: 1181 &rarr; <strong>1202</strong><br />(+21 for winning)
|l|☆adriicarrascoo
|player|p1|
|l|☆jsk69
|player|p2|
