|j|☆ToastSpirit
|j|☆Shiny_kairyu
|t:|1759034961
|gametype|singles
|player|p1|ToastSpirit|n|1601
|player|p2|Shiny_kairyu|burglar|1634
|gen|9
|tier|[Gen 9] OU
|rated|
|rule|HP Percentage Mod: HP is shown in percentages
|rule|Endless Battle Clause: Forcing endless battles is banned
|rule|Species Clause: Limit one of each Pokémon
|rule|OHKO Clause: OHKO moves are banned
|rule|Evasion Items Clause: Evasion items are banned
|rule|Evasion Moves Clause: Evasion moves are banned
|rule|Evasion Abilities Clause: Evasion abilities are banned
|rule|Sleep Moves Clause: Sleep-inducing moves are banned
|clearpoke
|poke|p1|Iron Boulder|
|poke|p1|Ogerpon-Wellspring, F|
|poke|p1|Glimmora, F|
|poke|p1|Kingambit, F|
|poke|p1|Dragapult, M|
|poke|p1|Iron Valiant|
|poke|p2|Iron Valiant|
|poke|p2|Glimmora, F|
|poke|p2|Araquanid, F|
|poke|p2|Dragapult, M|
|poke|p2|Kingambit, F|
|poke|p2|Landorus-Therian, M|
|teampreview
|j| IM AT MY LIMIT!
|inactive|Battle timer is ON: inactive players will automatically lose when time's up. (requested by Shiny_kairyu)
|
|t:|1759034987
|teamsize|p1|6
|teamsize|p2|6
|start
|switch|p1a: poisn|Glimmora, F|100/100
|switch|p2a: Araquanid|Araquanid, F|100/100
|turn|1
|
|t:|1759034994
|move|p1a: poisn|Power Gem|p2a: Araquanid
|-supereffective|p2a: Araquanid
|-damage|p2a: Araquanid|30/100
|move|p2a: Araquanid|Liquidation|p1a: poisn
|-supereffective|p1a: poisn
|-enditem|p1a: poisn|Focus Sash
|-damage|p1a: poisn|1/100
|-activate|p1a: poisn|ability: Toxic Debris
|-sidestart|p2: Shiny_kairyu|move: Toxic Spikes
|
|upkeep
|turn|2
|inactive|ToastSpirit has 120 seconds left.
|j| frit
|l| frit
|
|t:|1759035047
|switch|p1a: watr|Ogerpon-Wellspring, F|100/100
|move|p2a: Araquanid|Liquidation|p1a: watr
|-immune|p1a: watr|[from] ability: Water Absorb
|
|upkeep
|turn|3
|
|t:|1759035056
|move|p1a: watr|Horn Leech|p2a: Araquanid
|-damage|p2a: Araquanid|0 fnt
|faint|p2a: Araquanid
|
|upkeep
|
|t:|1759035058
|switch|p2a: Glimmora|Glimmora, F|100/100
|-sideend|p2: Shiny_kairyu|move: Toxic Spikes|[of] p2a: Glimmora
|turn|4
|inactive|ToastSpirit has 120 seconds left.
|
|t:|1759035066
|switch|p1a: sharp!|Kingambit, F|100/100
|-terastallize|p2a: Glimmora|Ghost
|move|p2a: Glimmora|Meteor Beam||[still]
|-prepare|p2a: Glimmora|Meteor Beam
|-boost|p2a: Glimmora|spa|1
|-enditem|p2a: Glimmora|Power Herb
|-anim|p2a: Glimmora|Meteor Beam|p1a: sharp!
|-resisted|p1a: sharp!
|-damage|p1a: sharp!|53/100
|
|-heal|p1a: sharp!|59/100|[from] item: Leftovers
|upkeep
|turn|5
|
|t:|1759035070
|move|p1a: sharp!|Sucker Punch|p2a: Glimmora
|-supereffective|p2a: Glimmora
|-damage|p2a: Glimmora|5/100
|-activate|p2a: Glimmora|ability: Toxic Debris
|-sidestart|p1: ToastSpirit|move: Toxic Spikes
|move|p2a: Glimmora|Earth Power|p1a: sharp!
|-supereffective|p1a: sharp!
|-damage|p1a: sharp!|0 fnt
|faint|p1a: sharp!
|-end|p1a: sharp!|fallenundefined|[silent]
|
|upkeep
|
|t:|1759035075
|switch|p1a: poisn|Glimmora, F|1/100
|-sideend|p1: ToastSpirit|move: Toxic Spikes|[of] p1a: poisn
|turn|6
|
|t:|1759035079
|move|p1a: poisn|Power Gem|p2a: Glimmora
|-damage|p2a: Glimmora|0 fnt
|faint|p2a: Glimmora
|
|upkeep
|
|t:|1759035082
|switch|p2a: Landorus|Landorus-Therian, M|100/100
|-ability|p2a: Landorus|Intimidate|boost
|-unboost|p1a: poisn|atk|1
|turn|7
|inactive|ToastSpirit has 120 seconds left.
|
|t:|1759035114
|move|p2a: Landorus|Stealth Rock|p1a: poisn
|-sidestart|p1: ToastSpirit|move: Stealth Rock
|move|p1a: poisn|Power Gem|p2a: Landorus
|-damage|p2a: Landorus|51/100
|
|upkeep
|turn|8
|
|t:|1759035119
|move|p2a: Landorus|Earth Power|p1a: poisn
|-supereffective|p1a: poisn
|-damage|p1a: poisn|0 fnt
|faint|p1a: poisn
|
|upkeep
|
|t:|1759035122
|switch|p1a: watr|Ogerpon-Wellspring, F|100/100
|-damage|p1a: watr|88/100|[from] Stealth Rock
|turn|9
|
|t:|1759035133
|move|p1a: watr|Swords Dance|p1a: watr
|-boost|p1a: watr|atk|2
|move|p2a: Landorus|U-turn|p1a: watr
|-supereffective|p1a: watr
|-damage|p1a: watr|36/100
|
|t:|1759035137
|switch|p2a: Dragapult|Dragapult, M|100/100|[from] U-turn
|
|upkeep
|turn|10
|inactive|ToastSpirit has 120 seconds left.
|
|t:|1759035175
|switch|p1a: :)|Dragapult, M|100/100
|move|p2a: Dragapult|Dragon Darts|p1a: :)
|-supereffective|p1a: :)
|-damage|p1a: :)|9/100
|-anim|p2a: Dragapult|Dragon Darts|p1a: :)
|-supereffective|p1a: :)
|-damage|p1a: :)|0 fnt
|faint|p1a: :)
|-damage|p2a: Dragapult|91/100|[from] item: Life Orb
|
|upkeep
|
|t:|1759035179
|switch|p1a: :3|Iron Valiant|100/100
|-damage|p1a: :3|94/100|[from] Stealth Rock
|-enditem|p1a: :3|Booster Energy
|-activate|p1a: :3|ability: Quark Drive|[fromitem]
|-start|p1a: :3|quarkdrivespe
|turn|11
|
|t:|1759035184
|move|p1a: :3|Calm Mind|p1a: :3
|-boost|p1a: :3|spa|1
|-boost|p1a: :3|spd|1
|move|p2a: Dragapult|Phantom Force||[still]
|-prepare|p2a: Dragapult|Phantom Force
|
|upkeep
|turn|12
|
|t:|1759035194
|move|p1a: :3|Calm Mind|p1a: :3
|-boost|p1a: :3|spa|1
|-boost|p1a: :3|spd|1
|move|p2a: Dragapult|Phantom Force|p1a: :3|[from] lockedmove
|-damage|p1a: :3|18/100
|-damage|p2a: Dragapult|81/100|[from] item: Life Orb
|
|upkeep
|turn|13
|
|t:|1759035200
|switch|p2a: Landorus|Landorus-Therian, M|51/100
|-ability|p2a: Landorus|Intimidate|boost
|-unboost|p1a: :3|atk|1
|move|p1a: :3|Moonblast|p2a: Landorus
|-damage|p2a: Landorus|0 fnt
|faint|p2a: Landorus
|
|upkeep
|
|t:|1759035204
|switch|p2a: Kingambit|Kingambit, F|100/100
|-activate|p2a: Kingambit|ability: Supreme Overlord
|-start|p2a: Kingambit|fallen3|[silent]
|turn|14
|
|t:|1759035224
|-end|p2a: Kingambit|fallen3|[silent]
|switch|p2a: Dragapult|Dragapult, M|81/100
|move|p1a: :3|Aura Sphere|p2a: Dragapult
|-immune|p2a: Dragapult
|
|upkeep
|turn|15
|
|t:|1759035232
|move|p1a: :3|Moonblast|p2a: Dragapult
|-supereffective|p2a: Dragapult
|-damage|p2a: Dragapult|0 fnt
|faint|p2a: Dragapult
|
|upkeep
|
|t:|1759035234
|switch|p2a: Iron Valiant|Iron Valiant|100/100
|-enditem|p2a: Iron Valiant|Booster Energy
|-activate|p2a: Iron Valiant|ability: Quark Drive|[fromitem]
|-start|p2a: Iron Valiant|quarkdrivespe
|turn|16
|c|☆ToastSpirit|two of them
|
|t:|1759035243
|move|p2a: Iron Valiant|Moonblast|p1a: :3
|-supereffective|p1a: :3
|-damage|p1a: :3|0 fnt
|faint|p1a: :3
|-end|p1a: :3|Quark Drive|[silent]
|
|upkeep
|c|☆ToastSpirit|one of them
|
|t:|1759035248
|switch|p1a: boldr|Iron Boulder|100/100
|-damage|p1a: boldr|88/100|[from] Stealth Rock
|-enditem|p1a: boldr|Booster Energy
|-activate|p1a: boldr|ability: Quark Drive|[fromitem]
|-start|p1a: boldr|quarkdrivespe
|turn|17
|
|t:|1759035255
|move|p1a: boldr|Earthquake|p2a: Iron Valiant
|-damage|p2a: Iron Valiant|60/100
|move|p2a: Iron Valiant|Shadow Ball|p1a: boldr
|-supereffective|p1a: boldr
|-damage|p1a: boldr|36/100
|
|upkeep
|turn|18
|
|t:|1759035258
|move|p1a: boldr|Zen Headbutt|p2a: Iron Valiant
|-supereffective|p2a: Iron Valiant
|-damage|p2a: Iron Valiant|0 fnt
|faint|p2a: Iron Valiant
|-end|p2a: Iron Valiant|Quark Drive|[silent]
|
|upkeep
|
|t:|1759035260
|switch|p2a: Kingambit|Kingambit, F|100/100
|-activate|p2a: Kingambit|ability: Supreme Overlord
|-start|p2a: Kingambit|fallen5|[silent]
|turn|19
|
|t:|1759035263
|move|p2a: Kingambit|Sucker Punch||[still]
|-fail|p2a: Kingambit
|move|p1a: boldr|Swords Dance|p1a: boldr
|-boost|p1a: boldr|atk|2
|
|upkeep
|turn|20
|
|t:|1759035265
|move|p1a: boldr|Swords Dance|p1a: boldr
|-boost|p1a: boldr|atk|2
|move|p2a: Kingambit|Kowtow Cleave|p1a: boldr
|-supereffective|p1a: boldr
|-damage|p1a: boldr|0 fnt
|faint|p1a: boldr
|-end|p1a: boldr|Quark Drive|[silent]
|
|upkeep
|
|t:|1759035267
|switch|p1a: watr|Ogerpon-Wellspring, F|36/100
|-damage|p1a: watr|24/100|[from] Stealth Rock
|turn|21
|
|t:|1759035271
|-terastallize|p1a: watr|Water
|detailschange|p1a: watr|Ogerpon-Wellspring-Tera, F, tera:Water
|-ability|p1a: watr|Embody Aspect (Wellspring)|boost
|-boost|p1a: watr|spd|1
|move|p1a: watr|Swords Dance|p1a: watr
|-boost|p1a: watr|atk|2
|move|p2a: Kingambit|Kowtow Cleave|p1a: watr
|-damage|p1a: watr|0 fnt
|faint|p1a: watr
|detailschange|p1: watr|Ogerpon-Wellspring, F|[silent]
|
|win|Shiny_kairyu
|raw|ToastSpirit's rating: 1601 &rarr; <strong>1583</strong><br />(-18 for losing)
|raw|Shiny_kairyu's rating: 1634 &rarr; <strong>1652</strong><br />(+18 for winning)
|c|☆ToastSpirit|gg
|c|☆Shiny_kairyu|gg
|l|☆ToastSpirit
|player|p1|
|l|☆Shiny_kairyu
|player|p2|
