|j|☆caterpeace
|j|☆12345q
|t:|1759024992
|gametype|singles
|player|p1|caterpeace|marshal|1206
|player|p2|12345q|archer|1291
|gen|9
|tier|[Gen 9] OU
|rated|
|rule|HP Percentage Mod: HP is shown in percentages
|rule|Endless Battle Clause: Forcing endless battles is banned
|rule|Species Clause: Limit one of each Pokémon
|rule|OHKO Clause: OHKO moves are banned
|rule|Evasion Items Clause: Evasion items are banned
|rule|Evasion Moves Clause: Evasion moves are banned
|rule|Evasion Abilities Clause: Evasion abilities are banned
|rule|Sleep Moves Clause: Sleep-inducing moves are banned
|clearpoke
|poke|p1|Ninetales-Alola, M|
|poke|p1|Eiscue, F|
|poke|p1|Ceruledge, M|
|poke|p1|Orthworm, F|
|poke|p1|Volcanion|
|poke|p1|Mandibuzz, F|
|poke|p2|Excadrill, M|
|poke|p2|Scizor, F|
|poke|p2|Crawdaunt, F|
|poke|p2|Muk-Alola, F|
|poke|p2|Magnezone|
|poke|p2|Weavile, M|
|teampreview
|inactive|Battle timer is ON: inactive players will automatically lose when time's up. (requested by caterpeace)
|
|t:|1759025002
|teamsize|p1|6
|teamsize|p2|6
|start
|switch|p1a: Ninetales|Ninetales-Alola, M|100/100
|switch|p2a: Excadrill|Excadrill, M|100/100
|-weather|Snowscape|[from] ability: Snow Warning|[of] p1a: Ninetales
|-ability|p2a: Excadrill|Mold Breaker
|turn|1
|
|t:|1759025014
|switch|p1a: Orthworm|Orthworm, F|100/100
|move|p2a: Excadrill|Iron Head|p1a: Orthworm
|-resisted|p1a: Orthworm
|-damage|p1a: Orthworm|91/100
|
|-weather|Snowscape|[upkeep]
|-heal|p1a: Orthworm|97/100|[from] item: Leftovers
|upkeep
|turn|2
|
|t:|1759025025
|move|p2a: Excadrill|Earthquake|p1a: Orthworm
|-supereffective|p1a: Orthworm
|-damage|p1a: Orthworm|51/100
|move|p1a: Orthworm|Body Press|p2a: Excadrill
|-supereffective|p2a: Excadrill
|-damage|p2a: Excadrill|16/100
|
|-weather|Snowscape|[upkeep]
|-heal|p1a: Orthworm|57/100|[from] item: Leftovers
|upkeep
|turn|3
|
|t:|1759025034
|switch|p1a: Mandibuzz|Mandibuzz, F|100/100
|move|p2a: Excadrill|Earthquake|p1a: Mandibuzz
|-immune|p1a: Mandibuzz
|
|-weather|Snowscape|[upkeep]
|upkeep
|turn|4
|
|t:|1759025042
|move|p2a: Excadrill|Rock Slide|p1a: Mandibuzz
|-supereffective|p1a: Mandibuzz
|-crit|p1a: Mandibuzz
|-damage|p1a: Mandibuzz|54/100
|move|p1a: Mandibuzz|Foul Play|p2a: Excadrill
|-damage|p2a: Excadrill|0 fnt
|faint|p2a: Excadrill
|
|-weather|Snowscape|[upkeep]
|upkeep
|
|t:|1759025052
|switch|p2a: Magnezone|Magnezone|100/100
|turn|5
|
|t:|1759025068
|switch|p1a: Orthworm|Orthworm, F|57/100
|move|p2a: Magnezone|Volt Switch|p1a: Orthworm
|-damage|p1a: Orthworm|0 fnt
|faint|p1a: Orthworm
|
|t:|1759025078
|switch|p2a: Weavile|Weavile, M|100/100|[from] Volt Switch
|-ability|p2a: Weavile|Pressure
|
|-weather|none
|upkeep
|
|t:|1759025084
|switch|p1a: Ninetales|Ninetales-Alola, M|100/100
|-weather|Snowscape|[from] ability: Snow Warning|[of] p1a: Ninetales
|turn|6
|
|t:|1759025089
|move|p2a: Weavile|Poison Jab|p1a: Ninetales
|-supereffective|p1a: Ninetales
|-damage|p1a: Ninetales|48/100
|move|p1a: Ninetales|Aurora Veil|p1a: Ninetales
|-sidestart|p1: caterpeace|move: Aurora Veil
|
|-weather|Snowscape|[upkeep]
|upkeep
|turn|7
|
|t:|1759025108
|switch|p1a: Eiscue|Eiscue, F|100/100
|move|p2a: Weavile|Poison Jab|p1a: Eiscue
|-activate|p1a: Eiscue|ability: Ice Face
|-damage|p1a: Eiscue|100/100
|-damage|p2a: Weavile|84/100|[from] item: Rocky Helmet|[of] p1a: Eiscue
|detailschange|p1a: Eiscue|Eiscue-Noice, F
|
|-weather|Snowscape|[upkeep]
|upkeep
|turn|8
|
|t:|1759025122
|move|p2a: Weavile|Knock Off|p1a: Eiscue
|-damage|p1a: Eiscue|84/100
|-damage|p2a: Weavile|68/100|[from] item: Rocky Helmet|[of] p1a: Eiscue
|-enditem|p1a: Eiscue|Rocky Helmet|[from] move: Knock Off|[of] p2a: Weavile
|move|p1a: Eiscue|Flip Turn|p2a: Weavile
|-damage|p2a: Weavile|51/100
|
|t:|1759025131
|switch|p1a: Volcanion|Volcanion|100/100|[from] Flip Turn
|
|-weather|Snowscape|[upkeep]
|upkeep
|turn|9
|
|t:|1759025137
|move|p2a: Weavile|Knock Off|p1a: Volcanion
|-damage|p1a: Volcanion|71/100
|-enditem|p1a: Volcanion|Leftovers|[from] move: Knock Off|[of] p2a: Weavile
|move|p1a: Volcanion|Flame Charge|p2a: Weavile
|-supereffective|p2a: Weavile
|-damage|p2a: Weavile|14/100
|-boost|p1a: Volcanion|spe|1
|
|-weather|Snowscape|[upkeep]
|upkeep
|turn|10
|
|t:|1759025150
|move|p1a: Volcanion|Flame Charge|p2a: Weavile
|-supereffective|p2a: Weavile
|-damage|p2a: Weavile|0 fnt
|-boost|p1a: Volcanion|spe|1
|faint|p2a: Weavile
|
|-weather|none
|upkeep
|
|t:|1759025161
|switch|p2a: Magnezone|Magnezone|100/100
|turn|11
|
|t:|1759025166
|move|p1a: Volcanion|Earth Power|p2a: Magnezone
|-supereffective|p2a: Magnezone
|-ability|p2a: Magnezone|Sturdy
|-damage|p2a: Magnezone|1/100
|-enditem|p2a: Magnezone|Weakness Policy
|-boost|p2a: Magnezone|atk|2|[from] item: Weakness Policy
|-boost|p2a: Magnezone|spa|2|[from] item: Weakness Policy
|move|p2a: Magnezone|Thunderbolt|p1a: Volcanion
|-supereffective|p1a: Volcanion
|-damage|p1a: Volcanion|0 fnt
|faint|p1a: Volcanion
|
|upkeep
|
|t:|1759025189
|switch|p1a: Ninetales|Ninetales-Alola, M|48/100
|-weather|Snowscape|[from] ability: Snow Warning|[of] p1a: Ninetales
|turn|12
|
|t:|1759025200
|move|p1a: Ninetales|Freeze-Dry|p2a: Magnezone
|-resisted|p2a: Magnezone
|-damage|p2a: Magnezone|0 fnt
|faint|p2a: Magnezone
|
|-weather|Snowscape|[upkeep]
|upkeep
|
|t:|1759025209
|switch|p2a: Scizor|Scizor, F|100/100
|turn|13
|
|t:|1759025228
|switch|p1a: Ceruledge|Ceruledge, M|100/100
|move|p2a: Scizor|Bullet Punch|p1a: Ceruledge
|-resisted|p1a: Ceruledge
|-damage|p1a: Ceruledge|88/100
|-ability|p1a: Ceruledge|Weak Armor|boost
|-unboost|p1a: Ceruledge|def|1
|-boost|p1a: Ceruledge|spe|2
|
|-weather|Snowscape|[upkeep]
|-sideend|p1: caterpeace|move: Aurora Veil
|upkeep
|turn|14
|
|t:|1759025249
|switch|p1a: Eiscue|Eiscue-Noice, F|84/100
|-activate|p1a: Eiscue|ability: Ice Face
|detailschange|p1a: Eiscue|Eiscue, F
|switch|p2a: Muk|Muk-Alola, F|100/100
|
|-weather|Snowscape|[upkeep]
|upkeep
|turn|15
|
|t:|1759025262
|move|p1a: Eiscue|Aurora Veil|p1a: Eiscue
|-sidestart|p1: caterpeace|move: Aurora Veil
|move|p2a: Muk|Knock Off|p1a: Eiscue
|-activate|p1a: Eiscue|ability: Ice Face
|-damage|p1a: Eiscue|84/100
|-status|p1a: Eiscue|psn|[from] ability: Poison Touch|[of] p2a: Muk
|detailschange|p1a: Eiscue|Eiscue-Noice, F
|
|-weather|Snowscape|[upkeep]
|-damage|p1a: Eiscue|71/100 psn|[from] psn
|upkeep
|turn|16
|
|t:|1759025276
|move|p1a: Eiscue|Flip Turn|p2a: Muk
|-damage|p2a: Muk|86/100
|
|t:|1759025284
|switch|p1a: Ceruledge|Ceruledge, M|88/100|[from] Flip Turn
|move|p2a: Muk|Poison Jab|p1a: Ceruledge
|-resisted|p1a: Ceruledge
|-crit|p1a: Ceruledge
|-damage|p1a: Ceruledge|48/100
|-ability|p1a: Ceruledge|Weak Armor|boost
|-unboost|p1a: Ceruledge|def|1
|-boost|p1a: Ceruledge|spe|2
|-status|p1a: Ceruledge|psn|[from] ability: Poison Touch|[of] p2a: Muk
|
|-weather|none
|-damage|p1a: Ceruledge|36/100 psn|[from] psn
|upkeep
|turn|17
|
|t:|1759025302
|-terastallize|p1a: Ceruledge|Fire
|move|p1a: Ceruledge|Bitter Blade|p2a: Muk
|-damage|p2a: Muk|23/100
|-heal|p1a: Ceruledge|80/100 psn|[from] drain|[of] p2a: Muk
|move|p2a: Muk|Knock Off|p1a: Ceruledge
|-damage|p1a: Ceruledge|31/100 psn
|-ability|p1a: Ceruledge|Weak Armor|boost
|-unboost|p1a: Ceruledge|def|1
|-boost|p1a: Ceruledge|spe|2
|-enditem|p1a: Ceruledge|Focus Sash|[from] move: Knock Off|[of] p2a: Muk
|
|-damage|p1a: Ceruledge|19/100 psn|[from] psn
|upkeep
|turn|18
|-enditem|p2a: Muk|Custap Berry|[eat]
|-activate|p2a: Muk|item: Custap Berry|[consumed]
|
|t:|1759025316
|move|p2a: Muk|Shadow Sneak|p1a: Ceruledge
|-damage|p1a: Ceruledge|0 fnt
|faint|p1a: Ceruledge
|
|upkeep
|
|t:|1759025325
|switch|p1a: Ninetales|Ninetales-Alola, M|48/100
|-weather|Snowscape|[from] ability: Snow Warning|[of] p1a: Ninetales
|turn|19
|
|t:|1759025331
|move|p2a: Muk|Shadow Sneak|p1a: Ninetales
|-damage|p1a: Ninetales|42/100
|move|p1a: Ninetales|Moonblast|p2a: Muk
|-damage|p2a: Muk|0 fnt
|faint|p2a: Muk
|
|-weather|Snowscape|[upkeep]
|-sideend|p1: caterpeace|move: Aurora Veil
|upkeep
|
|t:|1759025338
|switch|p2a: Scizor|Scizor, F|100/100
|turn|20
|
|t:|1759025346
|switch|p1a: Mandibuzz|Mandibuzz, F|54/100
|move|p2a: Scizor|Bullet Punch|p1a: Mandibuzz
|-damage|p1a: Mandibuzz|30/100
|
|-weather|Snowscape|[upkeep]
|upkeep
|turn|21
|
|t:|1759025356
|move|p1a: Mandibuzz|Roost|p1a: Mandibuzz
|-heal|p1a: Mandibuzz|80/100
|-singleturn|p1a: Mandibuzz|move: Roost
|move|p2a: Scizor|Close Combat|p1a: Mandibuzz
|-supereffective|p1a: Mandibuzz
|-damage|p1a: Mandibuzz|17/100
|-unboost|p2a: Scizor|def|1
|-unboost|p2a: Scizor|spd|1
|
|-weather|Snowscape|[upkeep]
|upkeep
|turn|22
|
|t:|1759025366
|move|p2a: Scizor|Bullet Punch|p1a: Mandibuzz
|-damage|p1a: Mandibuzz|0 fnt
|faint|p1a: Mandibuzz
|
|-weather|Snowscape|[upkeep]
|upkeep
|
|t:|1759025368
|switch|p1a: Eiscue|Eiscue-Noice, F|71/100 psn
|-activate|p1a: Eiscue|ability: Ice Face
|detailschange|p1a: Eiscue|Eiscue, F
|turn|23
|
|t:|1759025378
|move|p2a: Scizor|Bullet Punch|p1a: Eiscue
|-activate|p1a: Eiscue|ability: Ice Face
|-damage|p1a: Eiscue|71/100 psn
|detailschange|p1a: Eiscue|Eiscue-Noice, F
|move|p1a: Eiscue|Aurora Veil|p1a: Eiscue
|-sidestart|p1: caterpeace|move: Aurora Veil
|
|-weather|none
|-damage|p1a: Eiscue|59/100 psn|[from] psn
|upkeep
|turn|24
|
|t:|1759025389
|move|p2a: Scizor|Bullet Punch|p1a: Eiscue
|-supereffective|p1a: Eiscue
|-damage|p1a: Eiscue|20/100 psn
|move|p1a: Eiscue|Liquidation|p2a: Scizor
|-damage|p2a: Scizor|69/100
|
|-damage|p1a: Eiscue|7/100 psn|[from] psn
|upkeep
|turn|25
|
|t:|1759025397
|move|p2a: Scizor|Bullet Punch|p1a: Eiscue
|-supereffective|p1a: Eiscue
|-damage|p1a: Eiscue|0 fnt
|faint|p1a: Eiscue
|
|upkeep
|
|t:|1759025399
|switch|p1a: Ninetales|Ninetales-Alola, M|42/100
|-weather|Snowscape|[from] ability: Snow Warning|[of] p1a: Ninetales
|turn|26
|
|t:|1759025407
|move|p2a: Scizor|Bullet Punch|p1a: Ninetales
|-supereffective|p1a: Ninetales
|-damage|p1a: Ninetales|0 fnt
|faint|p1a: Ninetales
|
|win|12345q
|raw|caterpeace's rating: 1206 &rarr; <strong>1187</strong><br />(-19 for losing)
|raw|12345q's rating: 1291 &rarr; <strong>1310</strong><br />(+19 for winning)
|l|☆caterpeace
|player|p1|
|l|☆12345q
|player|p2|
