|j|☆Pokemobro
|j|☆Asuron
|t:|1759065594
|gametype|singles
|player|p1|Pokemobro|idol|1381
|player|p2|Asuron|blue|1397
|gen|9
|tier|[Gen 9] OU
|rated|
|rule|HP Percentage Mod: HP is shown in percentages
|rule|Endless Battle Clause: Forcing endless battles is banned
|rule|Species Clause: Limit one of each Pokémon
|rule|OHKO Clause: OHKO moves are banned
|rule|Evasion Items Clause: Evasion items are banned
|rule|Evasion Moves Clause: Evasion moves are banned
|rule|Evasion Abilities Clause: Evasion abilities are banned
|rule|Sleep Moves Clause: Sleep-inducing moves are banned
|clearpoke
|poke|p1|Registeel|
|poke|p1|Samurott-Hisui, F|
|poke|p1|Iron Hands|
|poke|p1|Clefable, M|
|poke|p1|Volcanion|
|poke|p1|Corviknight, F|
|poke|p2|Great Tusk|
|poke|p2|Hatterene, F|
|poke|p2|Corviknight, F|
|poke|p2|Meowscarada, F|
|poke|p2|Iron Moth|
|poke|p2|Kyurem|
|teampreview
|inactive|Battle timer is ON: inactive players will automatically lose when time's up. (requested by Pokemobro)
|
|t:|1759065607
|teamsize|p1|6
|teamsize|p2|6
|start
|switch|p1a: Iron Hands|Iron Hands|100/100
|switch|p2a: Meowscarada|Meowscarada, F|100/100
|turn|1
|
|t:|1759065618
|move|p2a: Meowscarada|Play Rough|p1a: Iron Hands
|-start|p2a: Meowscarada|typechange|Fairy|[from] ability: Protean
|-supereffective|p1a: Iron Hands
|-damage|p1a: Iron Hands|17/100
|move|p1a: Iron Hands|Heavy Slam|p2a: Meowscarada
|-supereffective|p2a: Meowscarada
|-damage|p2a: Meowscarada|0 fnt
|faint|p2a: Meowscarada
|
|upkeep
|inactive|Asuron has 120 seconds left.
|
|t:|1759065658
|switch|p2a: Iron Moth|Iron Moth|100/100
|-enditem|p2a: Iron Moth|Booster Energy
|-activate|p2a: Iron Moth|ability: Quark Drive|[fromitem]
|-start|p2a: Iron Moth|quarkdrivespa
|turn|2
|
|t:|1759065664
|-end|p1a: Iron Hands|Quark Drive|[silent]
|switch|p1a: Volcanion|Volcanion|100/100
|move|p2a: Iron Moth|Fiery Dance|p1a: Volcanion
|-resisted|p1a: Volcanion
|-damage|p1a: Volcanion|91/100
|
|upkeep
|turn|3
|inactive|Asuron has 120 seconds left.
|
|t:|1759065681
|-terastallize|p2a: Iron Moth|Flying
|move|p2a: Iron Moth|Energy Ball|p1a: Volcanion
|-damage|p1a: Volcanion|64/100
|move|p1a: Volcanion|Steam Eruption|p2a: Iron Moth
|-damage|p2a: Iron Moth|37/100
|
|upkeep
|turn|4
|
|t:|1759065693
|move|p2a: Iron Moth|Sludge Wave|p1a: Volcanion
|-damage|p1a: Volcanion|15/100
|move|p1a: Volcanion|Flamethrower|p2a: Iron Moth
|-damage|p2a: Iron Moth|0 fnt
|faint|p2a: Iron Moth
|-end|p2a: Iron Moth|Quark Drive|[silent]
|
|upkeep
|
|t:|1759065704
|switch|p2a: Kyurem|Kyurem|100/100
|-ability|p2a: Kyurem|Pressure
|turn|5
|
|t:|1759065713
|move|p2a: Kyurem|Dragon Dance|p2a: Kyurem
|-boost|p2a: Kyurem|atk|1
|-boost|p2a: Kyurem|spe|1
|move|p1a: Volcanion|Flamethrower|p2a: Kyurem
|-damage|p2a: Kyurem|48/100
|
|upkeep
|turn|6
|
|t:|1759065720
|move|p2a: Kyurem|Icicle Spear|p1a: Volcanion
|-resisted|p1a: Volcanion
|-damage|p1a: Volcanion|10/100
|-resisted|p1a: Volcanion
|-damage|p1a: Volcanion|6/100
|-resisted|p1a: Volcanion
|-damage|p1a: Volcanion|2/100
|-resisted|p1a: Volcanion
|-damage|p1a: Volcanion|0 fnt
|faint|p1a: Volcanion
|-hitcount|p1: Volcanion|4
|
|upkeep
|
|t:|1759065733
|switch|p1a: Corviknight|Corviknight, F|100/100
|turn|7
|
|t:|1759065742
|switch|p2a: Hatterene|Hatterene, F|100/100
|move|p1a: Corviknight|Body Press|p2a: Hatterene
|-resisted|p2a: Hatterene
|-damage|p2a: Hatterene|94/100
|
|upkeep
|turn|8
|
|t:|1759065750
|switch|p1a: Registeel|Registeel|100/100
|move|p2a: Hatterene|Calm Mind|p2a: Hatterene
|-boost|p2a: Hatterene|spa|1
|-boost|p2a: Hatterene|spd|1
|
|upkeep
|turn|9
|
|t:|1759065759
|switch|p2a: Great Tusk|Great Tusk|100/100
|move|p1a: Registeel|Heavy Slam|p2a: Great Tusk
|-damage|p2a: Great Tusk|92/100
|
|upkeep
|turn|10
|
|t:|1759065772
|switch|p1a: Corviknight|Corviknight, F|100/100
|move|p2a: Great Tusk|Close Combat|p1a: Corviknight
|-damage|p1a: Corviknight|58/100
|-unboost|p2a: Great Tusk|def|1
|-unboost|p2a: Great Tusk|spd|1
|-damage|p2a: Great Tusk|76/100|[from] item: Rocky Helmet|[of] p1a: Corviknight
|
|upkeep
|turn|11
|
|t:|1759065785
|-end|p2a: Great Tusk|Protosynthesis|[silent]
|switch|p2a: Hatterene|Hatterene, F|94/100
|switch|p1a: Iron Hands|Iron Hands|17/100
|
|upkeep
|turn|12
|
|t:|1759065796
|move|p1a: Iron Hands|Heavy Slam|p2a: Hatterene
|-supereffective|p2a: Hatterene
|-damage|p2a: Hatterene|0 fnt
|faint|p2a: Hatterene
|
|upkeep
|inactive|Asuron has 120 seconds left.
|
|t:|1759065826
|switch|p2a: Kyurem|Kyurem|48/100
|-ability|p2a: Kyurem|Pressure
|turn|13
|c|☆Pokemobro|Schneller bitte
|inactive|Asuron has 120 seconds left.
|
|t:|1759065838
|-end|p1a: Iron Hands|Quark Drive|[silent]
|switch|p1a: Clefable|Clefable, M|100/100
|move|p2a: Kyurem|Scale Shot|p1a: Clefable
|-immune|p1a: Clefable
|
|upkeep
|turn|14
|
|t:|1759065845
|move|p2a: Kyurem|Icicle Spear|p1a: Clefable
|-damage|p1a: Clefable|83/100
|-damage|p1a: Clefable|66/100
|-damage|p1a: Clefable|50/100
|-damage|p1a: Clefable|34/100
|-hitcount|p1a: Clefable|4
|-enditem|p1a: Clefable|Red Card|[of] p2a: Kyurem
|drag|p2a: Corviknight|Corviknight, F, shiny|100/100
|move|p1a: Clefable|Thunder Wave|p2a: Corviknight
|-status|p2a: Corviknight|par
|
|upkeep
|turn|15
|
|t:|1759065859
|move|p1a: Clefable|Moonlight|p1a: Clefable
|-heal|p1a: Clefable|84/100
|move|p2a: Corviknight|Brave Bird|p1a: Clefable
|-damage|p1a: Clefable|39/100
|-damage|p2a: Corviknight|86/100 par|[from] Recoil
|
|upkeep
|turn|16
|
|t:|1759065868
|move|p1a: Clefable|Moonlight|p1a: Clefable
|-heal|p1a: Clefable|89/100
|move|p2a: Corviknight|Brave Bird|p1a: Clefable
|-damage|p1a: Clefable|48/100
|-damage|p2a: Corviknight|73/100 par|[from] Recoil
|
|upkeep
|turn|17
|
|t:|1759065877
|switch|p2a: Great Tusk|Great Tusk|76/100
|move|p1a: Clefable|Moonlight|p1a: Clefable
|-heal|p1a: Clefable|98/100
|
|upkeep
|turn|18
|
|t:|1759065887
|move|p2a: Great Tusk|Headlong Rush|p1a: Clefable
|-damage|p1a: Clefable|15/100
|-unboost|p2a: Great Tusk|def|1
|-unboost|p2a: Great Tusk|spd|1
|move|p1a: Clefable|Moonblast|p2a: Great Tusk
|-supereffective|p2a: Great Tusk
|-damage|p2a: Great Tusk|0 fnt
|faint|p2a: Great Tusk
|-end|p2a: Great Tusk|Protosynthesis|[silent]
|
|upkeep
|
|t:|1759065897
|switch|p2a: Kyurem|Kyurem|48/100
|-ability|p2a: Kyurem|Pressure
|turn|19
|
|t:|1759065902
|move|p2a: Kyurem|Icicle Spear|p1a: Clefable
|-damage|p1a: Clefable|0 fnt
|faint|p1a: Clefable
|-hitcount|p1: Clefable|1
|
|upkeep
|
|t:|1759065905
|switch|p1a: Registeel|Registeel|100/100
|turn|20
|
|t:|1759065910
|switch|p2a: Corviknight|Corviknight, F, shiny|73/100 par
|move|p1a: Registeel|Iron Defense|p1a: Registeel
|-boost|p1a: Registeel|def|2
|
|upkeep
|turn|21
|-message|Asuron forfeited.
|
|win|Pokemobro
|raw|Pokemobro's rating: 1381 &rarr; <strong>1402</strong><br />(+21 for winning)
|raw|Asuron's rating: 1397 &rarr; <strong>1376</strong><br />(-21 for losing)
|l|☆Asuron
|player|p2|
|l|☆Pokemobro
|player|p1|
