|j|☆20PaHeMo02
|j|☆V1C7ORYY
|inactive|Battle timer is ON: inactive players will automatically lose when time's up.
|t:|1758953381
|gametype|singles
|player|p1|20PaHeMo02|dancer|
|player|p2|V1C7ORYY|bugcatcher-gen4dp|
|gen|9
|tier|[Gen 9] OU
|rated|Tournament battle
|rule|HP Percentage Mod: HP is shown in percentages
|rule|Endless Battle Clause: Forcing endless battles is banned
|rule|Species Clause: Limit one of each Pokémon
|rule|OHKO Clause: OHKO moves are banned
|rule|Evasion Items Clause: Evasion items are banned
|rule|Evasion Moves Clause: Evasion moves are banned
|rule|Evasion Abilities Clause: Evasion abilities are banned
|rule|Sleep Moves Clause: Sleep-inducing moves are banned
|raw|<div class="infobox"><details class="readmore" open><summary><strong>1 custom rule:</strong></summary> -wobbuffet</details></div>
|clearpoke
|poke|p1|Golurk|
|poke|p1|Magneton|
|poke|p1|Milotic, F|
|poke|p2|Lokix, M|
|poke|p2|Steenee, F|
|poke|p2|Clefable, M|
|teampreview
|j|*Lady Monita ☀
|
|t:|1758953387
|teamsize|p1|3
|teamsize|p2|3
|start
|switch|p1a: Golurk|Golurk|100/100
|switch|p2a: Clefable|Clefable, M|100/100
|turn|1
|
|t:|1758953399
|move|p2a: Clefable|Stealth Rock|p1a: Golurk
|-sidestart|p1: 20PaHeMo02|move: Stealth Rock
|move|p1a: Golurk|Poltergeist|p2a: Clefable
|-activate|p2a: Clefable|move: Poltergeist|Leftovers
|-damage|p2a: Clefable|28/100
|
|-heal|p2a: Clefable|34/100|[from] item: Leftovers
|upkeep
|turn|2
|
|t:|1758953410
|move|p2a: Clefable|Moonlight|p2a: Clefable
|-heal|p2a: Clefable|84/100
|move|p1a: Golurk|Poltergeist|p2a: Clefable
|-activate|p2a: Clefable|move: Poltergeist|Leftovers
|-damage|p2a: Clefable|19/100
|
|-heal|p2a: Clefable|25/100|[from] item: Leftovers
|upkeep
|turn|3
|
|t:|1758953421
|move|p2a: Clefable|Moonlight|p2a: Clefable
|-heal|p2a: Clefable|75/100
|move|p1a: Golurk|Poltergeist|p2a: Clefable
|-activate|p2a: Clefable|move: Poltergeist|Leftovers
|-damage|p2a: Clefable|1/100
|
|-heal|p2a: Clefable|7/100|[from] item: Leftovers
|upkeep
|turn|4
|
|t:|1758953428
|move|p2a: Clefable|Moonlight|p2a: Clefable
|-heal|p2a: Clefable|57/100
|move|p1a: Golurk|Poltergeist|p2a: Clefable
|-activate|p2a: Clefable|move: Poltergeist|Leftovers
|-damage|p2a: Clefable|0 fnt
|faint|p2a: Clefable
|
|upkeep
|
|t:|1758953444
|switch|p2a: Steenee|Steenee, F|100/100
|turn|5
|
|t:|1758953453
|-terastallize|p1a: Golurk|Fire
|move|p2a: Steenee|Petal Blizzard|p1a: Golurk
|-resisted|p1a: Golurk
|-damage|p1a: Golurk|92/100
|move|p1a: Golurk|Heat Crash|p2a: Steenee
|-supereffective|p2a: Steenee
|-damage|p2a: Steenee|0 fnt
|faint|p2a: Steenee
|
|upkeep
|
|t:|1758953462
|switch|p2a: Lokix|Lokix, M|100/100
|turn|6
|
|t:|1758953468
|-terastallize|p2a: Lokix|Bug
|move|p2a: Lokix|First Impression|p1a: Golurk
|-resisted|p1a: Golurk
|-damage|p1a: Golurk|21/100
|move|p1a: Golurk|Heat Crash|p2a: Lokix
|-supereffective|p2a: Lokix
|-damage|p2a: Lokix|0 fnt
|faint|p2a: Lokix
|
|win|20PaHeMo02
|n|☆20PaHeMo02|20pahemo02
|n|☆V1C7ORYY|v1c7oryy
|n|*Lady Monita ☀|ladymonita
