|j|☆lv0ry
|j|☆aawwa
|t:|1758956765
|gametype|singles
|player|p1|lv0ry|102|1306
|player|p2|aawwa|bianca-masters|1308
|gen|9
|tier|[Gen 9] OU
|rated|
|rule|HP Percentage Mod: HP is shown in percentages
|rule|Endless Battle Clause: Forcing endless battles is banned
|rule|Species Clause: Limit one of each Pokémon
|rule|OHKO Clause: OHKO moves are banned
|rule|Evasion Items Clause: Evasion items are banned
|rule|Evasion Moves Clause: Evasion moves are banned
|rule|Evasion Abilities Clause: Evasion abilities are banned
|rule|Sleep Moves Clause: Sleep-inducing moves are banned
|clearpoke
|poke|p1|Eelektross, F|
|poke|p1|Deoxys-Speed|
|poke|p1|Iron Valiant|
|poke|p1|Pecharunt|
|poke|p1|Dragonite, M|
|poke|p1|Kingambit, M|
|poke|p2|Weavile, F|
|poke|p2|Pecharunt|
|poke|p2|Ting-Lu|
|poke|p2|Tinkaton, F|
|poke|p2|Keldeo-Resolute|
|poke|p2|Dragonite, F|
|teampreview
|inactive|Battle timer is ON: inactive players will automatically lose when time's up. (requested by aawwa)
|
|t:|1758956794
|teamsize|p1|6
|teamsize|p2|6
|start
|switch|p1a: Deoxys|Deoxys-Speed|100/100
|switch|p2a: chewie|Weavile, F|100/100
|-ability|p1a: Deoxys|Pressure
|-ability|p2a: chewie|Pressure
|turn|1
|inactive|lv0ry has 120 seconds left.
|
|t:|1758956834
|move|p1a: Deoxys|Reflect|p1a: Deoxys
|-sidestart|p1: lv0ry|Reflect
|move|p2a: chewie|Knock Off|p1a: Deoxys
|-supereffective|p1a: Deoxys
|-damage|p1a: Deoxys|47/100
|-enditem|p1a: Deoxys|Light Clay|[from] move: Knock Off|[of] p2a: chewie
|
|upkeep
|turn|2
|inactive|lv0ry has 120 seconds left.
|
|t:|1758956855
|move|p1a: Deoxys|Light Screen|p1a: Deoxys
|-sidestart|p1: lv0ry|move: Light Screen
|move|p2a: chewie|Knock Off|p1a: Deoxys
|-supereffective|p1a: Deoxys
|-damage|p1a: Deoxys|4/100
|
|upkeep
|turn|3
|
|t:|1758956861
|move|p2a: chewie|Ice Shard|p1a: Deoxys
|-damage|p1a: Deoxys|0 fnt
|faint|p1a: Deoxys
|
|upkeep
|
|t:|1758956869
|switch|p1a: Eelektross|Eelektross, F|100/100
|turn|4
|
|t:|1758956877
|switch|p2a: horsie|Ting-Lu|100/100
|-ability|p2a: horsie|Vessel of Ruin
|move|p1a: Eelektross|Drain Punch|p2a: horsie
|-supereffective|p2a: horsie
|-damage|p2a: horsie|81/100
|
|-heal|p2a: horsie|87/100|[from] item: Leftovers
|upkeep
|turn|5
|
|t:|1758956888
|move|p2a: horsie|Ruination|p1a: Eelektross
|-damage|p1a: Eelektross|50/100
|move|p1a: Eelektross|Dragon Tail|p2a: horsie
|-damage|p2a: horsie|80/100
|drag|p2a: sillie|Tinkaton, F|100/100
|-item|p2a: sillie|Air Balloon
|
|-heal|p1a: Eelektross|57/100|[from] item: Leftovers
|upkeep
|turn|6
|
|t:|1758956902
|move|p2a: sillie|Encore|p1a: Eelektross
|-start|p1a: Eelektross|Encore
|move|p1a: Eelektross|Dragon Tail|p2a: sillie
|-immune|p2a: sillie
|
|-heal|p1a: Eelektross|63/100|[from] item: Leftovers
|-sideend|p1: lv0ry|move: Light Screen
|upkeep
|turn|7
|
|t:|1758956910
|switch|p1a: Iron Valiant|Iron Valiant|100/100
|-enditem|p1a: Iron Valiant|Booster Energy
|-activate|p1a: Iron Valiant|ability: Quark Drive|[fromitem]
|-start|p1a: Iron Valiant|quarkdrivespe
|move|p2a: sillie|Stealth Rock|p1a: Iron Valiant
|-sidestart|p1: lv0ry|move: Stealth Rock
|
|upkeep
|turn|8
|
|t:|1758956922
|move|p1a: Iron Valiant|Encore|p2a: sillie
|-start|p2a: sillie|Encore
|move|p2a: sillie|Stealth Rock||[still]
|-fail|p2a: sillie
|
|-sideend|p1: lv0ry|Reflect
|upkeep
|turn|9
|
|t:|1758956941
|move|p1a: Iron Valiant|Calm Mind|p1a: Iron Valiant
|-boost|p1a: Iron Valiant|spa|1
|-boost|p1a: Iron Valiant|spd|1
|move|p2a: sillie|Stealth Rock||[still]
|-fail|p2a: sillie
|
|upkeep
|turn|10
|
|t:|1758956947
|switch|p2a: horsie|Ting-Lu|80/100
|-ability|p2a: horsie|Vessel of Ruin
|move|p1a: Iron Valiant|Calm Mind|p1a: Iron Valiant
|-boost|p1a: Iron Valiant|spa|1
|-boost|p1a: Iron Valiant|spd|1
|
|-heal|p2a: horsie|86/100|[from] item: Leftovers
|upkeep
|turn|11
|
|t:|1758956957
|-terastallize|p2a: horsie|Water
|move|p1a: Iron Valiant|Moonblast|p2a: horsie
|-damage|p2a: horsie|44/100
|-unboost|p2a: horsie|spa|1
|move|p2a: horsie|Whirlwind|p1a: Iron Valiant
|-end|p1a: Iron Valiant|Quark Drive|[silent]
|drag|p1a: Dragonite|Dragonite, M|100/100
|
|-heal|p2a: horsie|50/100|[from] item: Leftovers
|upkeep
|turn|12
|inactive|lv0ry has 120 seconds left.
|
|t:|1758956992
|move|p1a: Dragonite|Extreme Speed|p2a: horsie
|-damage|p2a: horsie|35/100
|move|p2a: horsie|Ruination|p1a: Dragonite
|-damage|p1a: Dragonite|51/100
|
|-heal|p2a: horsie|41/100|[from] item: Leftovers
|upkeep
|turn|13
|inactive|lv0ry has 120 seconds left.
|
|t:|1758957016
|switch|p2a: goomie|Pecharunt|100/100
|move|p1a: Dragonite|Dragon Dance|p1a: Dragonite
|-boost|p1a: Dragonite|atk|1
|-boost|p1a: Dragonite|spe|1
|
|upkeep
|turn|14
|
|t:|1758957026
|move|p1a: Dragonite|Earthquake|p2a: goomie
|-supereffective|p2a: goomie
|-damage|p2a: goomie|49/100
|move|p2a: goomie|Malignant Chain|p1a: Dragonite
|-damage|p1a: Dragonite|21/100
|
|upkeep
|turn|15
|
|t:|1758957040
|switch|p2a: sillie|Tinkaton, F|100/100
|-item|p2a: sillie|Air Balloon
|move|p1a: Dragonite|Extreme Speed|p2a: sillie
|-resisted|p2a: sillie
|-damage|p2a: sillie|72/100
|-enditem|p2a: sillie|Air Balloon
|-enditem|p1a: Dragonite|Heavy-Duty Boots|[silent]|[from] ability: Pickpocket|[of] p1a: Dragonite
|-item|p2a: sillie|Heavy-Duty Boots|[from] ability: Pickpocket|[of] p1a: Dragonite
|
|upkeep
|turn|16
|inactive|lv0ry has 120 seconds left.
|inactive|lv0ry has 90 seconds left.
|
|t:|1758957094
|switch|p2a: barnie|Dragonite, F|100/100
|move|p1a: Dragonite|Earthquake|p2a: barnie
|-immune|p2a: barnie
|
|upkeep
|turn|17
|
|t:|1758957103
|move|p1a: Dragonite|Extreme Speed|p2a: barnie
|-damage|p2a: barnie|75/100
|move|p2a: barnie|Extreme Speed|p1a: Dragonite
|-damage|p1a: Dragonite|0 fnt
|faint|p1a: Dragonite
|
|upkeep
|inactive|lv0ry has 90 seconds left.
|
|t:|1758957115
|switch|p1a: Iron Valiant|Iron Valiant|100/100
|-damage|p1a: Iron Valiant|94/100|[from] Stealth Rock
|turn|18
|
|t:|1758957131
|switch|p2a: goomie|Pecharunt|49/100
|move|p1a: Iron Valiant|Calm Mind|p1a: Iron Valiant
|-boost|p1a: Iron Valiant|spa|1
|-boost|p1a: Iron Valiant|spd|1
|
|upkeep
|turn|19
|
|t:|1758957137
|move|p1a: Iron Valiant|Shadow Ball|p2a: goomie
|-supereffective|p2a: goomie
|-damage|p2a: goomie|0 fnt
|faint|p2a: goomie
|
|upkeep
|
|t:|1758957147
|switch|p2a: sillie|Tinkaton, F|72/100
|turn|20
|
|t:|1758957152
|-terastallize|p1a: Iron Valiant|Ghost
|move|p1a: Iron Valiant|Shadow Ball|p2a: sillie
|-damage|p2a: sillie|17/100
|move|p2a: sillie|Gigaton Hammer|p1a: Iron Valiant
|-damage|p1a: Iron Valiant|31/100
|
|upkeep
|turn|21
|inactive|lv0ry has 120 seconds left.
|
|t:|1758957167
|move|p1a: Iron Valiant|Shadow Ball|p2a: sillie
|-damage|p2a: sillie|0 fnt
|faint|p2a: sillie
|
|upkeep
|
|t:|1758957176
|switch|p2a: chewie|Weavile, F|100/100
|-ability|p2a: chewie|Pressure
|turn|22
|inactive|lv0ry has 120 seconds left.
|
|t:|1758957182
|move|p2a: chewie|Knock Off|p1a: Iron Valiant
|-supereffective|p1a: Iron Valiant
|-damage|p1a: Iron Valiant|0 fnt
|faint|p1a: Iron Valiant
|-end|p1a: Iron Valiant|Quark Drive|[silent]
|
|upkeep
|inactive|lv0ry has 120 seconds left.
|
|t:|1758957192
|switch|p1a: Eelektross|Eelektross, F|63/100
|-damage|p1a: Eelektross|50/100|[from] Stealth Rock
|turn|23
|
|t:|1758957201
|move|p2a: chewie|Knock Off|p1a: Eelektross
|-damage|p1a: Eelektross|0 fnt
|-enditem|p1a: Eelektross|Leftovers|[from] move: Knock Off|[of] p2a: chewie
|faint|p1a: Eelektross
|
|upkeep
|
|t:|1758957207
|switch|p1a: Kingambit|Kingambit, M|100/100
|-damage|p1a: Kingambit|94/100|[from] Stealth Rock
|-activate|p1a: Kingambit|ability: Supreme Overlord
|-start|p1a: Kingambit|fallen4|[silent]
|turn|24
|
|t:|1758957215
|switch|p2a: horsie|Ting-Lu, tera:Water|41/100
|-ability|p2a: horsie|Vessel of Ruin
|move|p1a: Kingambit|Swords Dance|p1a: Kingambit
|-boost|p1a: Kingambit|atk|2
|
|-heal|p2a: horsie|47/100|[from] item: Leftovers
|upkeep
|turn|25
|
|t:|1758957225
|move|p1a: Kingambit|Kowtow Cleave|p2a: horsie
|-damage|p2a: horsie|0 fnt
|faint|p2a: horsie
|
|upkeep
|
|t:|1758957235
|switch|p2a: ponie|Keldeo-Resolute|100/100
|turn|26
|
|t:|1758957242
|move|p1a: Kingambit|Sucker Punch|p2a: ponie
|-resisted|p2a: ponie
|-damage|p2a: ponie|35/100
|-ability|p2a: ponie|Justified|boost
|-boost|p2a: ponie|atk|1
|move|p2a: ponie|Secret Sword|p1a: Kingambit
|-supereffective|p1a: Kingambit
|-damage|p1a: Kingambit|0 fnt
|faint|p1a: Kingambit
|-end|p1a: Kingambit|fallen4|[silent]
|
|upkeep
|
|t:|1758957252
|switch|p1a: Pecharunt|Pecharunt|100/100
|turn|27
|
|t:|1758957255
|move|p2a: ponie|Hydro Pump|p1a: Pecharunt|[miss]
|-miss|p2a: ponie|p1a: Pecharunt
|move|p1a: Pecharunt|Malignant Chain|p2a: ponie
|-damage|p2a: ponie|0 fnt
|faint|p2a: ponie
|
|upkeep
|
|t:|1758957263
|switch|p2a: chewie|Weavile, F|100/100
|-ability|p2a: chewie|Pressure
|turn|28
|
|t:|1758957268
|move|p2a: chewie|Knock Off|p1a: Pecharunt
|-supereffective|p1a: Pecharunt
|-damage|p1a: Pecharunt|45/100
|-enditem|p1a: Pecharunt|Heavy-Duty Boots|[from] move: Knock Off|[of] p2a: chewie
|move|p1a: Pecharunt|Malignant Chain|p2a: chewie
|-damage|p2a: chewie|61/100
|
|upkeep
|turn|29
|
|t:|1758957281
|move|p2a: chewie|Knock Off|p1a: Pecharunt
|-supereffective|p1a: Pecharunt
|-damage|p1a: Pecharunt|3/100
|move|p1a: Pecharunt|Malignant Chain|p2a: chewie
|-damage|p2a: chewie|20/100
|
|upkeep
|turn|30
|
|t:|1758957288
|move|p2a: chewie|Knock Off|p1a: Pecharunt
|-supereffective|p1a: Pecharunt
|-damage|p1a: Pecharunt|0 fnt
|faint|p1a: Pecharunt
|
|win|aawwa
|raw|lv0ry's rating: 1306 &rarr; <strong>1286</strong><br />(-20 for losing)
|raw|aawwa's rating: 1308 &rarr; <strong>1328</strong><br />(+20 for winning)
|l|☆lv0ry
|player|p1|
|l|☆aawwa
|player|p2|
