|j|☆99steps_stuts
|j|☆you should now
|t:|1758960244
|gametype|singles
|player|p1|99steps_stuts|brycenman|1516
|player|p2|you should now|170|1537
|gen|9
|tier|[Gen 9] OU
|rated|
|rule|HP Percentage Mod: HP is shown in percentages
|rule|Endless Battle Clause: Forcing endless battles is banned
|rule|Species Clause: Limit one of each Pokémon
|rule|OHKO Clause: OHKO moves are banned
|rule|Evasion Items Clause: Evasion items are banned
|rule|Evasion Moves Clause: Evasion moves are banned
|rule|Evasion Abilities Clause: Evasion abilities are banned
|rule|Sleep Moves Clause: Sleep-inducing moves are banned
|clearpoke
|poke|p1|Clefable, M|
|poke|p1|Incineroar, M|
|poke|p1|Clodsire, F|
|poke|p1|Zapdos-Galar|
|poke|p1|Gholdengo|
|poke|p1|Dragapult, F|
|poke|p2|Meloetta|
|poke|p2|Iron Moth|
|poke|p2|Corviknight, M|
|poke|p2|Slowking-Galar, M|
|poke|p2|Great Tusk|
|poke|p2|Lokix, M|
|teampreview
|inactive|Battle timer is ON: inactive players will automatically lose when time's up. (requested by 99steps_stuts)
|inactive|you should now has 120 seconds left.
|
|t:|1758960294
|teamsize|p1|6
|teamsize|p2|6
|start
|switch|p1a: Incineroar|Incineroar, M, shiny|100/100
|switch|p2a: Slowking|Slowking-Galar, M|100/100
|-ability|p1a: Incineroar|Intimidate|boost
|-unboost|p2a: Slowking|atk|1
|turn|1
|
|t:|1758960300
|switch|p2a: Great Tusk|Great Tusk|100/100
|move|p1a: Incineroar|Knock Off|p2a: Great Tusk
|-resisted|p2a: Great Tusk
|-damage|p2a: Great Tusk|86/100
|-enditem|p2a: Great Tusk|Leftovers|[from] move: Knock Off|[of] p1a: Incineroar
|
|upkeep
|turn|2
|
|t:|1758960308
|move|p2a: Great Tusk|Stealth Rock|p1a: Incineroar
|-sidestart|p1: 99steps_stuts|move: Stealth Rock
|move|p1a: Incineroar|Will-O-Wisp|p2a: Great Tusk
|-status|p2a: Great Tusk|brn
|
|-damage|p2a: Great Tusk|80/100 brn|[from] brn
|upkeep
|turn|3
|
|t:|1758960314
|switch|p1a: Gholdengo|Gholdengo, shiny|100/100
|-damage|p1a: Gholdengo|94/100|[from] Stealth Rock
|-item|p1a: Gholdengo|Air Balloon
|move|p2a: Great Tusk|Headlong Rush|p1a: Gholdengo
|-immune|p1a: Gholdengo
|
|-damage|p2a: Great Tusk|74/100 brn|[from] brn
|upkeep
|turn|4
|
|t:|1758960325
|-end|p2a: Great Tusk|Protosynthesis|[silent]
|switch|p2a: Meloetta|Meloetta|100/100
|move|p1a: Gholdengo|Make It Rain|p2a: Meloetta
|-damage|p2a: Meloetta|45/100
|-unboost|p1a: Gholdengo|spa|1
|
|upkeep
|turn|5
|
|t:|1758960335
|switch|p1a: Incineroar|Incineroar, M, shiny|100/100
|-ability|p1a: Incineroar|Intimidate|boost
|-unboost|p2a: Meloetta|atk|1
|move|p2a: Meloetta|Knock Off|p1a: Incineroar
|-resisted|p1a: Incineroar
|-damage|p1a: Incineroar|95/100
|-enditem|p1a: Incineroar|Heavy-Duty Boots|[from] move: Knock Off|[of] p2a: Meloetta
|
|upkeep
|turn|6
|
|t:|1758960347
|switch|p2a: Great Tusk|Great Tusk|74/100 brn
|move|p1a: Incineroar|U-turn|p2a: Great Tusk
|-resisted|p2a: Great Tusk
|-damage|p2a: Great Tusk|67/100 brn
|
|t:|1758960349
|switch|p1a: Dragapult|Dragapult, F|100/100|[from] U-turn
|
|-damage|p2a: Great Tusk|61/100 brn|[from] brn
|upkeep
|turn|7
|
|t:|1758960363
|-end|p2a: Great Tusk|Protosynthesis|[silent]
|switch|p2a: Slowking|Slowking-Galar, M|100/100
|move|p1a: Dragapult|Hex|p2a: Slowking
|-supereffective|p2a: Slowking
|-damage|p2a: Slowking|70/100
|
|upkeep
|turn|8
|
|t:|1758960372
|move|p1a: Dragapult|U-turn|p2a: Slowking
|-damage|p2a: Slowking|48/100
|
|t:|1758960375
|switch|p1a: Quaqsire|Clodsire, F, shiny|100/100|[from] U-turn
|-damage|p1a: Quaqsire|94/100|[from] Stealth Rock
|move|p2a: Slowking|Ice Beam|p1a: Quaqsire
|-supereffective|p1a: Quaqsire
|-damage|p1a: Quaqsire|69/100
|-status|p1a: Quaqsire|frz
|
|-heal|p1a: Quaqsire|75/100 frz|[from] item: Black Sludge
|upkeep
|turn|9
|c|☆99steps_stuts|？？
|
|t:|1758960390
|switch|p2a: Great Tusk|Great Tusk|61/100 brn
|-curestatus|p1a: Quaqsire|frz|[msg]
|move|p1a: Quaqsire|Stealth Rock|p2a: Great Tusk
|-sidestart|p2: you should now|move: Stealth Rock
|
|-heal|p1a: Quaqsire|81/100|[from] item: Black Sludge
|-damage|p2a: Great Tusk|55/100 brn|[from] brn
|upkeep
|turn|10
|
|t:|1758960398
|switch|p1a: Gholdengo|Gholdengo, shiny|94/100
|-damage|p1a: Gholdengo|88/100|[from] Stealth Rock
|-item|p1a: Gholdengo|Air Balloon
|move|p2a: Great Tusk|Ice Spinner|p1a: Gholdengo
|-resisted|p1a: Gholdengo
|-damage|p1a: Gholdengo|82/100
|-enditem|p1a: Gholdengo|Air Balloon
|
|-damage|p2a: Great Tusk|49/100 brn|[from] brn
|upkeep
|turn|11
|
|t:|1758960415
|move|p2a: Great Tusk|Headlong Rush|p1a: Gholdengo
|-supereffective|p1a: Gholdengo
|-damage|p1a: Gholdengo|26/100
|-unboost|p2a: Great Tusk|def|1
|-unboost|p2a: Great Tusk|spd|1
|move|p1a: Gholdengo|Shadow Ball|p2a: Great Tusk
|-damage|p2a: Great Tusk|0 fnt
|faint|p2a: Great Tusk
|-end|p2a: Great Tusk|Protosynthesis|[silent]
|
|upkeep
|inactive|you should now has 120 seconds left.
|
|t:|1758960456
|switch|p2a: Iron Moth|Iron Moth|100/100
|-damage|p2a: Iron Moth|76/100|[from] Stealth Rock
|turn|12
|
|t:|1758960467
|move|p2a: Iron Moth|Fiery Dance|p1a: Gholdengo
|-supereffective|p1a: Gholdengo
|-damage|p1a: Gholdengo|0 fnt
|faint|p1a: Gholdengo
|
|upkeep
|
|t:|1758960475
|switch|p1a: Dragapult|Dragapult, F|100/100
|turn|13
|inactive|you should now has 120 seconds left.
|
|t:|1758960504
|-end|p2a: Iron Moth|Quark Drive|[silent]
|switch|p2a: Corviknight|Corviknight, M|100/100
|-damage|p2a: Corviknight|88/100|[from] Stealth Rock
|-ability|p2a: Corviknight|Pressure
|move|p1a: Dragapult|Dragon Darts|p2a: Corviknight
|-resisted|p2a: Corviknight
|-damage|p2a: Corviknight|81/100
|-anim|p1a: Dragapult|Dragon Darts|p2a: Corviknight
|-resisted|p2a: Corviknight
|-damage|p2a: Corviknight|73/100
|
|upkeep
|turn|14
|
|t:|1758960520
|move|p1a: Dragapult|Will-O-Wisp|p2a: Corviknight
|-status|p2a: Corviknight|brn
|move|p2a: Corviknight|U-turn|p1a: Dragapult
|-resisted|p1a: Dragapult
|-damage|p1a: Dragapult|96/100
|inactive|you should now has 90 seconds left.
|
|t:|1758960544
|switch|p2a: Lokix|Lokix, M|100/100|[from] U-turn
|-damage|p2a: Lokix|76/100|[from] Stealth Rock
|
|upkeep
|turn|15
|
|t:|1758960559
|switch|p1a: Incineroar|Incineroar, M, shiny|95/100
|-damage|p1a: Incineroar|70/100|[from] Stealth Rock
|-ability|p1a: Incineroar|Intimidate|boost
|-unboost|p2a: Lokix|atk|1
|-terastallize|p2a: Lokix|Bug
|move|p2a: Lokix|First Impression|p1a: Incineroar
|-damage|p1a: Incineroar|15/100
|
|upkeep
|turn|16
|inactive|you should now has 90 seconds left.
|
|t:|1758960581
|switch|p2a: Meloetta|Meloetta|45/100
|-damage|p2a: Meloetta|32/100|[from] Stealth Rock
|move|p1a: Incineroar|Flare Blitz|p2a: Meloetta
|-damage|p2a: Meloetta|0 fnt
|faint|p2a: Meloetta
|-damage|p1a: Incineroar|6/100|[from] Recoil
|
|upkeep
|inactive|you should now has 90 seconds left.
|
|t:|1758960596
|switch|p2a: Lokix|Lokix, M, tera:Bug|76/100
|-damage|p2a: Lokix|51/100|[from] Stealth Rock
|turn|17
|
|t:|1758960599
|move|p2a: Lokix|U-turn|p1a: Incineroar
|-damage|p1a: Incineroar|0 fnt
|faint|p1a: Incineroar
|inactive|you should now has 90 seconds left.
|
|t:|1758960607
|switch|p2a: Slowking|Slowking-Galar, M|82/100|[from] U-turn
|
|upkeep
|
|t:|1758960617
|switch|p1a: Quaqsire|Clodsire, F, shiny|81/100
|-damage|p1a: Quaqsire|75/100|[from] Stealth Rock
|turn|18
|
|t:|1758960631
|move|p1a: Quaqsire|Earthquake|p2a: Slowking
|-supereffective|p2a: Slowking
|-damage|p2a: Slowking|24/100
|-prepare|p2a: Slowking|Chilly Reception|[premajor]
|move|p2a: Slowking|Chilly Reception|p2a: Slowking
|-weather|Snowscape
|
|t:|1758960634
|switch|p2a: Corviknight|Corviknight, M|73/100 brn|[from] Chilly Reception
|-damage|p2a: Corviknight|61/100 brn|[from] Stealth Rock
|-ability|p2a: Corviknight|Pressure
|
|-weather|Snowscape|[upkeep]
|-heal|p1a: Quaqsire|81/100|[from] item: Black Sludge
|-damage|p2a: Corviknight|55/100 brn|[from] brn
|upkeep
|turn|19
|
|t:|1758960638
|move|p2a: Corviknight|Defog|p1a: Quaqsire
|-unboost|p1a: Quaqsire|evasion|1
|-sideend|p1: 99steps_stuts|Stealth Rock|[from] move: Defog|[of] p2a: Corviknight
|-sideend|p2: you should now|Stealth Rock|[from] move: Defog|[of] p2a: Corviknight
|move|p1a: Quaqsire|Earthquake|p2a: Corviknight
|-immune|p2a: Corviknight
|
|-weather|Snowscape|[upkeep]
|-heal|p1a: Quaqsire|88/100|[from] item: Black Sludge
|-damage|p2a: Corviknight|49/100 brn|[from] brn
|upkeep
|turn|20
|
|t:|1758960664
|move|p2a: Corviknight|Roost|p2a: Corviknight
|-heal|p2a: Corviknight|99/100 brn
|-singleturn|p2a: Corviknight|move: Roost
|move|p1a: Quaqsire|Stealth Rock|p2a: Corviknight
|-sidestart|p2: you should now|move: Stealth Rock
|
|-weather|Snowscape|[upkeep]
|-heal|p1a: Quaqsire|94/100|[from] item: Black Sludge
|-damage|p2a: Corviknight|93/100 brn|[from] brn
|upkeep
|turn|21
|
|t:|1758960672
|switch|p1a: Zapdos|Zapdos-Galar, shiny|100/100
|move|p2a: Corviknight|Brave Bird|p1a: Zapdos
|-supereffective|p1a: Zapdos
|-damage|p1a: Zapdos|56/100
|-damage|p2a: Corviknight|81/100 brn|[from] Recoil
|
|-weather|Snowscape|[upkeep]
|-damage|p2a: Corviknight|75/100 brn|[from] brn
|upkeep
|turn|22
|inactive|you should now has 90 seconds left.
|
|t:|1758960694
|move|p1a: Zapdos|Bulk Up|p1a: Zapdos
|-boost|p1a: Zapdos|atk|1
|-boost|p1a: Zapdos|def|1
|move|p2a: Corviknight|Brave Bird|p1a: Zapdos
|-supereffective|p1a: Zapdos
|-damage|p1a: Zapdos|28/100
|-damage|p2a: Corviknight|68/100 brn|[from] Recoil
|
|-weather|none
|-damage|p2a: Corviknight|62/100 brn|[from] brn
|upkeep
|turn|23
|inactive|you should now has 90 seconds left.
|inactive|you should now has 60 seconds left.
|
|t:|1758960741
|move|p1a: Zapdos|Thunderous Kick|p2a: Corviknight
|-damage|p2a: Corviknight|19/100 brn
|-unboost|p2a: Corviknight|def|1
|-damage|p1a: Zapdos|11/100|[from] item: Rocky Helmet|[of] p2a: Corviknight
|move|p2a: Corviknight|U-turn|p1a: Zapdos
|-resisted|p1a: Zapdos
|-damage|p1a: Zapdos|10/100
|inactive|you should now has 60 seconds left.
|
|t:|1758960747
|switch|p2a: Iron Moth|Iron Moth|76/100|[from] U-turn
|-damage|p2a: Iron Moth|51/100|[from] Stealth Rock
|
|upkeep
|turn|24
|
|t:|1758960752
|switch|p1a: Quaqsire|Clodsire, F, shiny|94/100
|move|p2a: Iron Moth|Fiery Dance|p1a: Quaqsire
|-damage|p1a: Quaqsire|56/100
|
|-heal|p1a: Quaqsire|62/100|[from] item: Black Sludge
|upkeep
|turn|25
|inactive|you should now has 60 seconds left.
|
|t:|1758960772
|move|p2a: Iron Moth|Fiery Dance|p1a: Quaqsire
|-damage|p1a: Quaqsire|23/100
|-boost|p2a: Iron Moth|spa|1
|move|p1a: Quaqsire|Recover|p1a: Quaqsire
|-heal|p1a: Quaqsire|73/100
|
|-heal|p1a: Quaqsire|79/100|[from] item: Black Sludge
|upkeep
|turn|26
|inactive|you should now has 60 seconds left.
|
|t:|1758960779
|move|p2a: Iron Moth|Fiery Dance|p1a: Quaqsire
|-damage|p1a: Quaqsire|25/100
|-boost|p2a: Iron Moth|spa|1
|move|p1a: Quaqsire|Earthquake|p2a: Iron Moth
|-supereffective|p2a: Iron Moth
|-damage|p2a: Iron Moth|0 fnt
|faint|p2a: Iron Moth
|-end|p2a: Iron Moth|Quark Drive|[silent]
|
|-heal|p1a: Quaqsire|31/100|[from] item: Black Sludge
|upkeep
|inactive|you should now has 60 seconds left.
|
|t:|1758960786
|switch|p2a: Corviknight|Corviknight, M|19/100 brn
|-damage|p2a: Corviknight|7/100 brn|[from] Stealth Rock
|-ability|p2a: Corviknight|Pressure
|turn|27
|
|t:|1758960794
|switch|p1a: Dragapult|Dragapult, F|96/100
|move|p2a: Corviknight|Defog|p1a: Dragapult
|-unboost|p1a: Dragapult|evasion|1
|-sideend|p2: you should now|Stealth Rock|[from] move: Defog|[of] p2a: Corviknight
|
|-damage|p2a: Corviknight|1/100 brn|[from] brn
|upkeep
|turn|28
|
|t:|1758960802
|move|p1a: Dragapult|Hex|p2a: Corviknight
|-damage|p2a: Corviknight|0 fnt
|faint|p2a: Corviknight
|
|upkeep
|
|t:|1758960804
|switch|p2a: Lokix|Lokix, M, tera:Bug|51/100
|turn|29
|
|t:|1758960809
|switch|p1a: Quaqsire|Clodsire, F, shiny|31/100
|move|p2a: Lokix|U-turn|p1a: Quaqsire
|-resisted|p1a: Quaqsire
|-damage|p1a: Quaqsire|0 fnt
|faint|p1a: Quaqsire
|
|t:|1758960812
|switch|p2a: Slowking|Slowking-Galar, M|57/100|[from] U-turn
|
|upkeep
|
|t:|1758960818
|switch|p1a: Zapdos|Zapdos-Galar, shiny|10/100
|turn|30
|
|t:|1758960828
|move|p1a: Zapdos|Knock Off|p2a: Slowking
|-supereffective|p2a: Slowking
|-damage|p2a: Slowking|0 fnt
|-enditem|p2a: Slowking|Heavy-Duty Boots|[from] move: Knock Off|[of] p1a: Zapdos
|faint|p2a: Slowking
|
|upkeep
|-message|you should now forfeited.
|
|win|99steps_stuts
|raw|99steps_stuts's rating: 1516 &rarr; <strong>1537</strong><br />(+21 for winning)
|raw|you should now's rating: 1537 &rarr; <strong>1516</strong><br />(-21 for losing)
|l|☆you should now
|player|p2|
