|j|☆LordFueg
|j|☆sam playplu
|t:|1758978965
|gametype|singles
|player|p1|LordFueg|170|1407
|player|p2|sam playplu|170|1383
|gen|9
|tier|[Gen 9] OU
|rated|
|rule|HP Percentage Mod: HP is shown in percentages
|rule|Endless Battle Clause: Forcing endless battles is banned
|rule|Species Clause: Limit one of each Pokémon
|rule|OHKO Clause: OHKO moves are banned
|rule|Evasion Items Clause: Evasion items are banned
|rule|Evasion Moves Clause: Evasion moves are banned
|rule|Evasion Abilities Clause: Evasion abilities are banned
|rule|Sleep Moves Clause: Sleep-inducing moves are banned
|clearpoke
|poke|p1|Cresselia, F|
|poke|p1|Hatterene, F|
|poke|p1|Iron Hands|
|poke|p1|Ursaluna, M|
|poke|p1|Torkoal, M|
|poke|p1|Scream Tail|
|poke|p2|Ninetales, M|
|poke|p2|Charizard, F|
|poke|p2|Great Tusk|
|poke|p2|Walking Wake|
|poke|p2|Raging Bolt|
|poke|p2|Hatterene, F|
|teampreview
|inactive|Battle timer is ON: inactive players will automatically lose when time's up. (requested by sam playplu)
|inactive|LordFueg also wants the timer to be on.
|
|t:|1758978981
|teamsize|p1|6
|teamsize|p2|6
|start
|switch|p1a: Hatterene|Hatterene, F|100/100
|switch|p2a: Great Tusk|Great Tusk|100/100
|turn|1
|
|t:|1758978989
|move|p2a: Great Tusk|Headlong Rush|p1a: Hatterene
|-damage|p1a: Hatterene|40/100
|-unboost|p2a: Great Tusk|def|1
|-unboost|p2a: Great Tusk|spd|1
|move|p1a: Hatterene|Trick Room|p1a: Hatterene
|-fieldstart|move: Trick Room|[of] p1a: Hatterene
|
|upkeep
|turn|2
|
|t:|1758979003
|-end|p2a: Great Tusk|Protosynthesis|[silent]
|switch|p2a: Ninetales|Ninetales, M|100/100
|-weather|SunnyDay|[from] ability: Drought|[of] p2a: Ninetales
|move|p1a: Hatterene|Misty Explosion|p2a: Ninetales
|-resisted|p2a: Ninetales
|-damage|p2a: Ninetales|73/100
|faint|p1a: Hatterene
|
|-weather|SunnyDay|[upkeep]
|upkeep
|
|t:|1758979013
|switch|p1a: Ursaluna|Ursaluna, M|100/100
|turn|3
|
|t:|1758979022
|move|p1a: Ursaluna|Headlong Rush|p2a: Ninetales
|-supereffective|p2a: Ninetales
|-damage|p2a: Ninetales|0 fnt
|-unboost|p1a: Ursaluna|def|1
|-unboost|p1a: Ursaluna|spd|1
|faint|p2a: Ninetales
|
|-weather|SunnyDay|[upkeep]
|-status|p1a: Ursaluna|brn|[from] item: Flame Orb
|upkeep
|
|t:|1758979034
|switch|p2a: Great Tusk|Great Tusk|100/100
|-activate|p2a: Great Tusk|ability: Protosynthesis
|-start|p2a: Great Tusk|protosynthesisspe
|turn|4
|
|t:|1758979041
|switch|p1a: Cresselia|Cresselia, F|100/100
|move|p2a: Great Tusk|Stealth Rock|p1a: Cresselia
|-sidestart|p1: LordFueg|move: Stealth Rock
|
|-weather|SunnyDay|[upkeep]
|upkeep
|turn|5
|
|t:|1758979049
|-end|p2a: Great Tusk|Protosynthesis|[silent]
|switch|p2a: Hatterene|Hatterene, F|100/100
|move|p1a: Cresselia|Psychic|p2a: Hatterene
|-resisted|p2a: Hatterene
|-damage|p2a: Hatterene|93/100
|
|-weather|SunnyDay|[upkeep]
|-fieldend|move: Trick Room
|upkeep
|turn|6
|
|t:|1758979060
|switch|p1a: Ursaluna|Ursaluna, M|100/100 brn
|-damage|p1a: Ursaluna|94/100 brn|[from] Stealth Rock
|move|p2a: Hatterene|Mystical Fire|p1a: Ursaluna
|-damage|p1a: Ursaluna|58/100 brn
|-unboost|p1a: Ursaluna|spa|1
|
|-weather|SunnyDay|[upkeep]
|-damage|p1a: Ursaluna|51/100 brn|[from] brn
|upkeep
|turn|7
|
|t:|1758979073
|move|p2a: Hatterene|Draining Kiss|p1a: Ursaluna
|-damage|p1a: Ursaluna|26/100 brn
|-heal|p2a: Hatterene|100/100|[from] drain|[of] p1a: Ursaluna
|move|p1a: Ursaluna|Facade|p2a: Hatterene
|-damage|p2a: Hatterene|0 fnt
|faint|p2a: Hatterene
|
|-weather|SunnyDay|[upkeep]
|-damage|p1a: Ursaluna|20/100 brn|[from] brn
|upkeep
|
|t:|1758979084
|switch|p2a: Walking Wake|Walking Wake|100/100
|-activate|p2a: Walking Wake|ability: Protosynthesis
|-start|p2a: Walking Wake|protosynthesisspa
|turn|8
|
|t:|1758979089
|switch|p1a: Scream Tail|Scream Tail|100/100
|-damage|p1a: Scream Tail|88/100|[from] Stealth Rock
|-activate|p1a: Scream Tail|ability: Protosynthesis
|-start|p1a: Scream Tail|protosynthesisspd
|move|p2a: Walking Wake|Hydro Steam|p1a: Scream Tail
|-damage|p1a: Scream Tail|41/100
|
|-weather|SunnyDay|[upkeep]
|upkeep
|turn|9
|
|t:|1758979103
|-terastallize|p2a: Walking Wake|Water
|move|p2a: Walking Wake|Hydro Steam|p1a: Scream Tail
|-damage|p1a: Scream Tail|0 fnt
|faint|p1a: Scream Tail
|-end|p1a: Scream Tail|Protosynthesis|[silent]
|
|-weather|none
|-end|p2a: Walking Wake|Protosynthesis
|upkeep
|
|t:|1758979111
|switch|p1a: Cresselia|Cresselia, F|100/100
|-damage|p1a: Cresselia|88/100|[from] Stealth Rock
|turn|10
|
|t:|1758979120
|move|p2a: Walking Wake|Hydro Steam|p1a: Cresselia
|-damage|p1a: Cresselia|42/100
|move|p1a: Cresselia|Trick Room|p1a: Cresselia
|-fieldstart|move: Trick Room|[of] p1a: Cresselia
|
|upkeep
|turn|11
|
|t:|1758979135
|move|p1a: Cresselia|Lunar Dance|p1a: Cresselia
|faint|p1a: Cresselia
|move|p2a: Walking Wake|Hydro Steam|p1: Cresselia|[notarget]
|-fail|p2a: Walking Wake
|
|upkeep
|
|t:|1758979142
|switch|p1a: Iron Hands|Iron Hands|100/100
|-damage|p1a: Iron Hands|94/100|[from] Stealth Rock
|-enditem|p1a: Iron Hands|Booster Energy
|-activate|p1a: Iron Hands|ability: Quark Drive|[fromitem]
|-start|p1a: Iron Hands|quarkdriveatk
|turn|12
|
|t:|1758979149
|-end|p2a: Walking Wake|Protosynthesis|[silent]
|switch|p2a: Raging Bolt|Raging Bolt|100/100
|move|p1a: Iron Hands|Swords Dance|p1a: Iron Hands
|-boost|p1a: Iron Hands|atk|2
|
|upkeep
|turn|13
|
|t:|1758979161
|move|p1a: Iron Hands|Close Combat|p2a: Raging Bolt
|-damage|p2a: Raging Bolt|0 fnt
|-unboost|p1a: Iron Hands|def|1
|-unboost|p1a: Iron Hands|spd|1
|faint|p2a: Raging Bolt
|-end|p2a: Raging Bolt|Protosynthesis|[silent]
|
|upkeep
|
|t:|1758979169
|switch|p2a: Great Tusk|Great Tusk|100/100
|turn|14
|
|t:|1758979192
|-end|p2a: Great Tusk|Protosynthesis|[silent]
|switch|p2a: Charizard|Charizard, F, shiny|100/100
|move|p1a: Iron Hands|Close Combat|p2a: Charizard
|-resisted|p2a: Charizard
|-damage|p2a: Charizard|0 fnt
|-unboost|p1a: Iron Hands|def|1
|-unboost|p1a: Iron Hands|spd|1
|faint|p2a: Charizard
|
|-fieldend|move: Trick Room
|upkeep
|
|t:|1758979206
|switch|p2a: Great Tusk|Great Tusk|100/100
|turn|15
|inactive|LordFueg has 120 seconds left.
|
|t:|1758979247
|-end|p1a: Iron Hands|Quark Drive|[silent]
|switch|p1a: Ursaluna|Ursaluna, M|20/100 brn
|-heal|p1a: Ursaluna|100/100|[from] move: Lunar Dance
|-damage|p1a: Ursaluna|94/100|[from] Stealth Rock
|move|p2a: Great Tusk|Headlong Rush|p1a: Ursaluna
|-damage|p1a: Ursaluna|57/100
|-unboost|p2a: Great Tusk|def|1
|-unboost|p2a: Great Tusk|spd|1
|
|-status|p1a: Ursaluna|brn|[from] item: Flame Orb
|upkeep
|turn|16
|
|t:|1758979263
|move|p2a: Great Tusk|Ice Spinner|p1a: Ursaluna
|-supereffective|p1a: Ursaluna
|-damage|p1a: Ursaluna|26/100 brn
|move|p1a: Ursaluna|Facade|p2a: Great Tusk
|-damage|p2a: Great Tusk|0 fnt
|faint|p2a: Great Tusk
|-end|p2a: Great Tusk|Protosynthesis|[silent]
|
|-damage|p1a: Ursaluna|19/100 brn|[from] brn
|upkeep
|
|t:|1758979273
|switch|p2a: Walking Wake|Walking Wake, tera:Water|100/100
|turn|17
|
|t:|1758979276
|move|p2a: Walking Wake|Hydro Steam|p1a: Ursaluna
|-supereffective|p1a: Ursaluna
|-damage|p1a: Ursaluna|0 fnt
|faint|p1a: Ursaluna
|
|upkeep
|
|t:|1758979279
|switch|p1a: Iron Hands|Iron Hands|94/100
|-damage|p1a: Iron Hands|88/100|[from] Stealth Rock
|turn|18
|
|t:|1758979286
|-terastallize|p1a: Iron Hands|Water
|move|p2a: Walking Wake|Hydro Steam|p1a: Iron Hands
|-resisted|p1a: Iron Hands
|-damage|p1a: Iron Hands|60/100
|move|p1a: Iron Hands|Supercell Slam|p2a: Walking Wake
|-supereffective|p2a: Walking Wake
|-damage|p2a: Walking Wake|0 fnt
|faint|p2a: Walking Wake
|-end|p2a: Walking Wake|Protosynthesis|[silent]
|
|win|LordFueg
|raw|LordFueg's rating: 1407 &rarr; <strong>1426</strong><br />(+19 for winning)
|raw|sam playplu's rating: 1383 &rarr; <strong>1364</strong><br />(-19 for losing)
|l|☆LordFueg
|player|p1|
|l|☆sam playplu
|player|p2|
