|j|☆Nanami&Mozomi
|j|☆IamLonny
|t:|1758967725
|gametype|singles
|player|p1|Nanami&Mozomi|cynthia-gen4|1061
|player|p2|IamLonny|bruno|1042
|gen|9
|tier|[Gen 9] OU
|rated|
|rule|HP Percentage Mod: HP is shown in percentages
|rule|Endless Battle Clause: Forcing endless battles is banned
|rule|Species Clause: Limit one of each Pokémon
|rule|OHKO Clause: OHKO moves are banned
|rule|Evasion Items Clause: Evasion items are banned
|rule|Evasion Moves Clause: Evasion moves are banned
|rule|Evasion Abilities Clause: Evasion abilities are banned
|rule|Sleep Moves Clause: Sleep-inducing moves are banned
|clearpoke
|poke|p1|Dragapult, F|
|poke|p1|Great Tusk|
|poke|p1|Charizard, F|
|poke|p1|Corviknight, F|
|poke|p1|Raging Bolt|
|poke|p1|Landorus-Therian, M|
|poke|p2|Garchomp, M|
|poke|p2|Scizor, F|
|poke|p2|Rotom-Wash|
|poke|p2|Komala, M|
|poke|p2|Dusclops, F|
|poke|p2|Gardevoir, F|
|teampreview
|
|t:|1758967753
|teamsize|p1|6
|teamsize|p2|6
|start
|switch|p1a: Landorus|Landorus-Therian, M|100/100
|switch|p2a: Rotom|Rotom-Wash|100/100
|-ability|p1a: Landorus|Intimidate|boost
|-unboost|p2a: Rotom|atk|1
|turn|1
|
|t:|1758967766
|move|p2a: Rotom|Hydro Pump|p1a: Landorus
|-supereffective|p1a: Landorus
|-damage|p1a: Landorus|0 fnt
|faint|p1a: Landorus
|
|upkeep
|
|t:|1758967784
|switch|p1a: Dragapult|Dragapult, F|100/100
|turn|2
|
|t:|1758967791
|move|p1a: Dragapult|Shadow Ball|p2a: Rotom
|-damage|p2a: Rotom|31/100
|move|p2a: Rotom|Shadow Ball|p1a: Dragapult
|-supereffective|p1a: Dragapult
|-damage|p1a: Dragapult|31/100
|
|-heal|p2a: Rotom|37/100|[from] item: Leftovers
|upkeep
|turn|3
|
|t:|1758967801
|switch|p2a: Komala|Komala, M|100/100
|-ability|p2a: Komala|Comatose
|move|p1a: Dragapult|Shadow Ball|p2a: Komala
|-immune|p2a: Komala
|
|upkeep
|turn|4
|
|t:|1758967810
|switch|p1a: Corviknight|Corviknight, F, shiny|100/100
|-ability|p1a: Corviknight|Pressure
|move|p2a: Komala|Knock Off|p1a: Corviknight
|-damage|p1a: Corviknight|77/100
|-damage|p2a: Komala|84/100|[from] item: Rocky Helmet|[of] p1a: Corviknight
|-enditem|p1a: Corviknight|Rocky Helmet|[from] move: Knock Off|[of] p2a: Komala
|
|upkeep
|turn|5
|
|t:|1758967822
|move|p1a: Corviknight|Body Press|p2a: Komala
|-supereffective|p2a: Komala
|-damage|p2a: Komala|9/100
|move|p2a: Komala|Super Fang|p1a: Corviknight
|-damage|p1a: Corviknight|39/100
|
|upkeep
|turn|6
|inactive|Battle timer is ON: inactive players will automatically lose when time's up. (requested by IamLonny)
|
|t:|1758967839
|switch|p2a: Rotom|Rotom-Wash|37/100
|move|p1a: Corviknight|Roost|p1a: Corviknight
|-heal|p1a: Corviknight|89/100
|-singleturn|p1a: Corviknight|move: Roost
|
|-heal|p2a: Rotom|43/100|[from] item: Leftovers
|upkeep
|turn|7
|
|t:|1758967852
|move|p2a: Rotom|Pain Split|p1a: Corviknight
|-sethp|p1a: Corviknight|57/100|[from] move: Pain Split|[silent]
|-sethp|p2a: Rotom|95/100|[from] move: Pain Split
|move|p1a: Corviknight|U-turn|p2a: Rotom
|-damage|p2a: Rotom|76/100
|
|t:|1758967859
|switch|p1a: Dragapult|Dragapult, F|31/100|[from] U-turn
|
|-heal|p2a: Rotom|82/100|[from] item: Leftovers
|upkeep
|turn|8
|
|t:|1758967865
|move|p1a: Dragapult|Draco Meteor|p2a: Rotom
|-damage|p2a: Rotom|0 fnt
|-unboost|p1a: Dragapult|spa|2
|faint|p2a: Rotom
|
|upkeep
|
|t:|1758967884
|switch|p2a: Gardevoir|Gardevoir, F|100/100
|turn|9
|
|t:|1758967892
|switch|p1a: Charizard|Charizard, F, shiny|100/100
|move|p2a: Gardevoir|Moonblast|p1a: Charizard
|-resisted|p1a: Charizard
|-damage|p1a: Charizard|75/100
|-unboost|p1a: Charizard|spa|1
|
|upkeep
|turn|10
|
|t:|1758967902
|move|p1a: Charizard|Protect|p1a: Charizard
|-singleturn|p1a: Charizard|Protect
|move|p2a: Gardevoir|Thunderbolt|p1a: Charizard
|-activate|p1a: Charizard|move: Protect
|
|upkeep
|turn|11
|
|t:|1758967909
|move|p1a: Charizard|Sunny Day|p1a: Charizard
|-weather|SunnyDay
|move|p2a: Gardevoir|Moonblast|p1a: Charizard
|-resisted|p1a: Charizard
|-damage|p1a: Charizard|51/100
|
|-weather|SunnyDay|[upkeep]
|upkeep
|turn|12
|
|t:|1758967916
|move|p1a: Charizard|Will-O-Wisp|p2a: Gardevoir
|-status|p2a: Gardevoir|brn
|-activate|p2a: Gardevoir|ability: Synchronize
|-immune|p1a: Charizard
|move|p2a: Gardevoir|Thunderbolt|p1a: Charizard
|-supereffective|p1a: Charizard
|-damage|p1a: Charizard|0 fnt
|faint|p1a: Charizard
|
|-weather|SunnyDay|[upkeep]
|-damage|p2a: Gardevoir|94/100 brn|[from] brn
|upkeep
|
|t:|1758967927
|switch|p1a: Great Tusk|Great Tusk|100/100
|-activate|p1a: Great Tusk|ability: Protosynthesis
|-start|p1a: Great Tusk|protosynthesisspe
|turn|13
|
|t:|1758967956
|switch|p2a: Komala|Komala, M|9/100
|-ability|p2a: Komala|Comatose
|move|p1a: Great Tusk|Headlong Rush|p2a: Komala
|-damage|p2a: Komala|0 fnt
|-unboost|p1a: Great Tusk|def|1
|-unboost|p1a: Great Tusk|spd|1
|faint|p2a: Komala
|
|-weather|SunnyDay|[upkeep]
|upkeep
|
|t:|1758967973
|switch|p2a: Dusclops|Dusclops, F|100/100
|-ability|p2a: Dusclops|Pressure
|turn|14
|
|t:|1758967984
|move|p1a: Great Tusk|Headlong Rush|p2a: Dusclops
|-damage|p2a: Dusclops|66/100
|-unboost|p1a: Great Tusk|def|1
|-unboost|p1a: Great Tusk|spd|1
|move|p2a: Dusclops|Curse|p1a: Great Tusk
|-start|p1a: Great Tusk|Curse|[of] p2a: Dusclops
|-damage|p2a: Dusclops|16/100
|
|-weather|SunnyDay|[upkeep]
|-damage|p1a: Great Tusk|76/100|[from] Curse
|upkeep
|turn|15
|
|t:|1758967996
|move|p1a: Great Tusk|Ice Spinner|p2a: Dusclops
|-damage|p2a: Dusclops|0 fnt
|faint|p2a: Dusclops
|
|-weather|none
|-end|p1a: Great Tusk|Protosynthesis
|-heal|p1a: Great Tusk|82/100|[from] item: Leftovers
|-damage|p1a: Great Tusk|57/100|[from] Curse
|upkeep
|
|t:|1758968006
|switch|p2a: Scizor|Scizor, F|100/100
|turn|16
|
|t:|1758968010
|-end|p1a: Great Tusk|Protosynthesis|[silent]
|switch|p1a: Corviknight|Corviknight, F, shiny|57/100
|-ability|p1a: Corviknight|Pressure
|move|p2a: Scizor|Dual Wingbeat|p1a: Corviknight
|-resisted|p1a: Corviknight
|-damage|p1a: Corviknight|51/100
|-resisted|p1a: Corviknight
|-damage|p1a: Corviknight|44/100
|-hitcount|p1a: Corviknight|2
|
|upkeep
|turn|17
|
|t:|1758968021
|switch|p2a: Gardevoir|Gardevoir, F|94/100 brn
|move|p1a: Corviknight|Roost|p1a: Corviknight
|-heal|p1a: Corviknight|94/100
|-singleturn|p1a: Corviknight|move: Roost
|
|-damage|p2a: Gardevoir|88/100 brn|[from] brn
|upkeep
|turn|18
|
|t:|1758968038
|move|p2a: Gardevoir|Mystical Fire|p1a: Corviknight
|-supereffective|p1a: Corviknight
|-damage|p1a: Corviknight|40/100
|-unboost|p1a: Corviknight|spa|1
|move|p1a: Corviknight|Roost|p1a: Corviknight
|-heal|p1a: Corviknight|90/100
|-singleturn|p1a: Corviknight|move: Roost
|
|-damage|p2a: Gardevoir|82/100 brn|[from] brn
|upkeep
|turn|19
|
|t:|1758968054
|move|p2a: Gardevoir|Mystical Fire|p1a: Corviknight
|-supereffective|p1a: Corviknight
|-damage|p1a: Corviknight|42/100
|-unboost|p1a: Corviknight|spa|1
|move|p1a: Corviknight|U-turn|p2a: Gardevoir
|-damage|p2a: Gardevoir|58/100 brn
|
|t:|1758968060
|switch|p1a: Dragapult|Dragapult, F|31/100|[from] U-turn
|
|-damage|p2a: Gardevoir|52/100 brn|[from] brn
|upkeep
|turn|20
|
|t:|1758968079
|move|p1a: Dragapult|Shadow Ball|p2a: Gardevoir
|-supereffective|p2a: Gardevoir
|-damage|p2a: Gardevoir|0 fnt
|faint|p2a: Gardevoir
|
|upkeep
|
|t:|1758968084
|switch|p2a: Scizor|Scizor, F|100/100
|turn|21
|
|t:|1758968089
|switch|p1a: Corviknight|Corviknight, F, shiny|42/100
|-ability|p1a: Corviknight|Pressure
|move|p2a: Scizor|Bullet Punch|p1a: Corviknight
|-resisted|p1a: Corviknight
|-damage|p1a: Corviknight|32/100
|
|upkeep
|turn|22
|
|t:|1758968097
|move|p1a: Corviknight|Roost|p1a: Corviknight
|-heal|p1a: Corviknight|82/100
|-singleturn|p1a: Corviknight|move: Roost
|move|p2a: Scizor|Swords Dance|p2a: Scizor
|-boost|p2a: Scizor|atk|2
|
|upkeep
|turn|23
|
|t:|1758968107
|move|p1a: Corviknight|Body Press|p2a: Scizor
|-damage|p2a: Scizor|75/100
|move|p2a: Scizor|Bug Bite|p1a: Corviknight
|-resisted|p1a: Corviknight
|-damage|p1a: Corviknight|67/100
|
|upkeep
|turn|24
|-message|IamLonny forfeited.
|
|win|Nanami&Mozomi
|raw|Nanami&amp;Mozomi's rating: 1061 &rarr; <strong>1090</strong><br />(+29 for winning)
|raw|IamLonny's rating: 1042 &rarr; <strong>1027</strong><br />(-15 for losing)
|l|☆IamLonny
|player|p2|
