|badge|p2|bronze|gen9ou|100-6
|html|<div class="broadcast-red"><strong>This battle is required to be public due to one or more player having a season medal.</strong><br />During the public phase, you can discuss the state of the ladder <a href="/seasondiscussion">in a special chatroom.</a></div>
|uhtml|medal-msg|<div class="broadcast-blue">Curious what those medals under the avatar are? PS now has Ladder Seasons! For more information, check out the <a href="https://www.smogon.com/forums/threads/3740067/">thread on Smogon.</a></div>
|raw|<div class="broadcast-blue"><strong>This battle is required to be public due to a player having a name starting with 'medal'.</div>
|j|☆shyahngyoo
|j|☆JackRG1
|t:|1759032784
|gametype|singles
|player|p1|shyahngyoo|1|1727
|player|p2|JackRG1|dawn-gen4pt|1870
|gen|9
|tier|[Gen 9] OU
|rated|
|rule|HP Percentage Mod: HP is shown in percentages
|rule|Endless Battle Clause: Forcing endless battles is banned
|rule|Species Clause: Limit one of each Pokémon
|rule|OHKO Clause: OHKO moves are banned
|rule|Evasion Items Clause: Evasion items are banned
|rule|Evasion Moves Clause: Evasion moves are banned
|rule|Evasion Abilities Clause: Evasion abilities are banned
|rule|Sleep Moves Clause: Sleep-inducing moves are banned
|clearpoke
|poke|p1|Sandaconda, M|
|poke|p1|Deoxys-Defense|
|poke|p1|Maushold|
|poke|p1|Gyarados, F|
|poke|p1|Torterra, M|
|poke|p1|Ninetales-Alola, F|
|poke|p2|Weezing-Galar, F|
|poke|p2|Ting-Lu|
|poke|p2|Corviknight, M|
|poke|p2|Skeledirge, F|
|poke|p2|Dragapult, F|
|poke|p2|Ogerpon-Wellspring, F|
|teampreview
|inactive|Battle timer is ON: inactive players will automatically lose when time's up. (requested by JackRG1)
|inactive|shyahngyoo also wants the timer to be on.
|
|t:|1759032796
|teamsize|p1|6
|teamsize|p2|6
|start
|switch|p1a: Sandaconda|Sandaconda, M|100/100
|switch|p2a: Dragapult|Dragapult, F|100/100
|turn|1
|
|t:|1759032798
|move|p2a: Dragapult|U-turn|p1a: Sandaconda
|-damage|p1a: Sandaconda|83/100
|j| cryyysneasel
|
|t:|1759032803
|switch|p2a: Ting-Lu|Ting-Lu, shiny|100/100|[from] U-turn
|-ability|p2a: Ting-Lu|Vessel of Ruin
|move|p1a: Sandaconda|Glare|p2a: Ting-Lu
|-status|p2a: Ting-Lu|par
|
|upkeep
|turn|2
|
|t:|1759032810
|move|p1a: Sandaconda|Iron Head|p2a: Ting-Lu
|-damage|p2a: Ting-Lu|86/100 par
|cant|p2a: Ting-Lu|flinch
|
|-heal|p2a: Ting-Lu|92/100 par|[from] item: Leftovers
|upkeep
|turn|3
|
|t:|1759032816
|switch|p1a: Maushold|Maushold|100/100
|cant|p2a: Ting-Lu|par
|
|-heal|p2a: Ting-Lu|98/100 par|[from] item: Leftovers
|upkeep
|turn|4
|
|t:|1759032829
|move|p1a: Maushold|Thunder Wave|p2a: Ting-Lu
|-immune|p2a: Ting-Lu
|move|p2a: Ting-Lu|Earthquake|p1a: Maushold
|-damage|p1a: Maushold|46/100
|
|-heal|p2a: Ting-Lu|100/100 par|[from] item: Leftovers
|upkeep
|turn|5
|
|t:|1759032833
|move|p1a: Maushold|Population Bomb|p2a: Ting-Lu
|-damage|p2a: Ting-Lu|95/100 par
|-damage|p2a: Ting-Lu|89/100 par
|-damage|p2a: Ting-Lu|83/100 par
|-damage|p2a: Ting-Lu|77/100 par
|-damage|p2a: Ting-Lu|70/100 par
|-damage|p2a: Ting-Lu|65/100 par
|-damage|p2a: Ting-Lu|59/100 par
|-damage|p2a: Ting-Lu|53/100 par
|-damage|p2a: Ting-Lu|47/100 par
|-damage|p2a: Ting-Lu|41/100 par
|-hitcount|p2a: Ting-Lu|10
|cant|p2a: Ting-Lu|par
|
|-heal|p2a: Ting-Lu|47/100 par|[from] item: Leftovers
|upkeep
|turn|6
|
|t:|1759032847
|switch|p2a: Corviknight|Corviknight, M|100/100
|-ability|p2a: Corviknight|Pressure
|move|p1a: Maushold|Population Bomb|p2a: Corviknight
|-resisted|p2a: Corviknight
|-damage|p2a: Corviknight|97/100
|-damage|p1a: Maushold|30/100|[from] item: Rocky Helmet|[of] p2a: Corviknight
|-resisted|p2a: Corviknight
|-damage|p2a: Corviknight|93/100
|-damage|p1a: Maushold|13/100|[from] item: Rocky Helmet|[of] p2a: Corviknight
|-resisted|p2a: Corviknight
|-damage|p2a: Corviknight|89/100
|-damage|p1a: Maushold|0 fnt|[from] item: Rocky Helmet|[of] p2a: Corviknight
|faint|p1a: Maushold
|-hitcount|p2a: Corviknight|3
|
|upkeep
|
|t:|1759032861
|switch|p1a: Deoxys|Deoxys-Defense|100/100
|-ability|p1a: Deoxys|Pressure
|turn|7
|
|t:|1759032867
|switch|p2a: Ting-Lu|Ting-Lu, shiny|47/100 par
|-ability|p2a: Ting-Lu|Vessel of Ruin
|move|p1a: Deoxys|Cosmic Power|p1a: Deoxys
|-boost|p1a: Deoxys|def|1
|-boost|p1a: Deoxys|spd|1
|
|-heal|p2a: Ting-Lu|53/100 par|[from] item: Leftovers
|upkeep
|turn|8
|
|t:|1759032871
|move|p1a: Deoxys|Low Kick|p2a: Ting-Lu
|-supereffective|p2a: Ting-Lu
|-damage|p2a: Ting-Lu|29/100 par
|cant|p2a: Ting-Lu|par
|
|-heal|p2a: Ting-Lu|35/100 par|[from] item: Leftovers
|upkeep
|turn|9
|
|t:|1759032875
|move|p1a: Deoxys|Low Kick|p2a: Ting-Lu
|-supereffective|p2a: Ting-Lu
|-damage|p2a: Ting-Lu|11/100 par
|move|p2a: Ting-Lu|Stealth Rock|p1a: Deoxys
|-sidestart|p1: shyahngyoo|move: Stealth Rock
|
|-heal|p2a: Ting-Lu|17/100 par|[from] item: Leftovers
|upkeep
|turn|10
|
|t:|1759032879
|move|p1a: Deoxys|Low Kick|p2a: Ting-Lu
|-supereffective|p2a: Ting-Lu
|-damage|p2a: Ting-Lu|0 fnt
|faint|p2a: Ting-Lu
|
|upkeep
|
|t:|1759032881
|switch|p2a: Skeledirge|Skeledirge, F|100/100
|turn|11
|
|t:|1759032888
|-terastallize|p2a: Skeledirge|Dark
|move|p1a: Deoxys|Cosmic Power|p1a: Deoxys
|-boost|p1a: Deoxys|def|1
|-boost|p1a: Deoxys|spd|1
|move|p2a: Skeledirge|Will-O-Wisp|p1a: Deoxys
|-status|p1a: Deoxys|brn
|
|-damage|p1a: Deoxys|95/100 brn|[from] brn
|upkeep
|turn|12
|
|t:|1759032901
|switch|p1a: Sandaconda|Sandaconda, M|83/100
|-damage|p1a: Sandaconda|77/100|[from] Stealth Rock
|move|p2a: Skeledirge|Torch Song|p1a: Sandaconda
|-damage|p1a: Sandaconda|32/100
|-boost|p2a: Skeledirge|spa|1
|
|upkeep
|turn|13
|inactive|shyahngyoo has 120 seconds left.
|
|t:|1759032940
|move|p1a: Sandaconda|Stealth Rock|p2a: Skeledirge
|-sidestart|p2: JackRG1|move: Stealth Rock
|move|p2a: Skeledirge|Torch Song|p1a: Sandaconda
|-damage|p1a: Sandaconda|0 fnt
|-boost|p2a: Skeledirge|spa|1
|faint|p1a: Sandaconda
|
|upkeep
|
|t:|1759032948
|switch|p1a: Gyarados|Gyarados, F|100/100
|-ability|p1a: Gyarados|Intimidate|boost
|-unboost|p2a: Skeledirge|atk|1
|turn|14
|
|t:|1759032950
|move|p2a: Skeledirge|Will-O-Wisp|p1a: Gyarados|[miss]
|-miss|p2a: Skeledirge|p1a: Gyarados
|move|p1a: Gyarados|Dragon Tail|p2a: Skeledirge
|-damage|p2a: Skeledirge|82/100
|drag|p2a: Dragapult|Dragapult, F|100/100
|-damage|p2a: Dragapult|88/100|[from] Stealth Rock
|
|upkeep
|turn|15
|
|t:|1759032962
|switch|p1a: Deoxys|Deoxys-Defense|95/100 brn
|-damage|p1a: Deoxys|82/100 brn|[from] Stealth Rock
|-ability|p1a: Deoxys|Pressure
|move|p2a: Dragapult|Shadow Ball|p1a: Deoxys
|-supereffective|p1a: Deoxys
|-damage|p1a: Deoxys|0 fnt
|faint|p1a: Deoxys
|
|upkeep
|
|t:|1759032968
|switch|p1a: Ninetales|Ninetales-Alola, F|100/100
|-damage|p1a: Ninetales|76/100|[from] Stealth Rock
|-weather|Snowscape|[from] ability: Snow Warning|[of] p1a: Ninetales
|turn|16
|
|t:|1759032970
|move|p2a: Dragapult|Shadow Ball|p1a: Ninetales
|-damage|p1a: Ninetales|21/100
|move|p1a: Ninetales|Aurora Veil|p1a: Ninetales
|-sidestart|p1: shyahngyoo|move: Aurora Veil
|
|-weather|Snowscape|[upkeep]
|upkeep
|turn|17
|
|t:|1759032973
|move|p2a: Dragapult|Shadow Ball|p1a: Ninetales
|-damage|p1a: Ninetales|0 fnt
|faint|p1a: Ninetales
|
|-weather|Snowscape|[upkeep]
|upkeep
|
|t:|1759032977
|switch|p1a: Torterra|Torterra, M|100/100
|-damage|p1a: Torterra|94/100|[from] Stealth Rock
|turn|18
|
|t:|1759032980
|move|p2a: Dragapult|Shadow Ball|p1a: Torterra
|-damage|p1a: Torterra|64/100
|move|p1a: Torterra|Shell Smash|p1a: Torterra
|-unboost|p1a: Torterra|def|1
|-unboost|p1a: Torterra|spd|1
|-boost|p1a: Torterra|atk|2
|-boost|p1a: Torterra|spa|2
|-boost|p1a: Torterra|spe|2
|
|-weather|Snowscape|[upkeep]
|upkeep
|turn|19
|
|t:|1759032987
|move|p1a: Torterra|Headlong Rush|p2a: Dragapult
|-damage|p2a: Dragapult|0 fnt
|-unboost|p1a: Torterra|def|1
|-unboost|p1a: Torterra|spd|1
|faint|p2a: Dragapult
|
|-weather|Snowscape|[upkeep]
|upkeep
|
|t:|1759032991
|switch|p2a: Corviknight|Corviknight, M|89/100
|-damage|p2a: Corviknight|77/100|[from] Stealth Rock
|-ability|p2a: Corviknight|Pressure
|turn|20
|j| narwhale37
|
|t:|1759032995
|move|p1a: Torterra|Rock Blast|p2a: Corviknight
|-damage|p2a: Corviknight|66/100
|-damage|p2a: Corviknight|56/100
|-damage|p2a: Corviknight|46/100
|-damage|p2a: Corviknight|36/100
|-hitcount|p2a: Corviknight|4
|move|p2a: Corviknight|Iron Defense|p2a: Corviknight
|-boost|p2a: Corviknight|def|2
|
|-weather|none
|upkeep
|turn|21
|
|t:|1759033003
|move|p1a: Torterra|Rock Blast|p2a: Corviknight
|-damage|p2a: Corviknight|30/100
|-damage|p2a: Corviknight|25/100
|-damage|p2a: Corviknight|20/100
|-crit|p2a: Corviknight
|-damage|p2a: Corviknight|3/100
|-damage|p2a: Corviknight|0 fnt
|faint|p2a: Corviknight
|-hitcount|p2: Corviknight|5
|
|upkeep
|
|t:|1759033010
|switch|p2a: Skeledirge|Skeledirge, F, tera:Dark|82/100
|turn|22
|
|t:|1759033014
|move|p1a: Torterra|Bullet Seed|p2a: Skeledirge
|-damage|p2a: Skeledirge|73/100
|-damage|p2a: Skeledirge|64/100
|-damage|p2a: Skeledirge|55/100
|-damage|p2a: Skeledirge|45/100
|-damage|p2a: Skeledirge|34/100
|-hitcount|p2a: Skeledirge|5
|move|p2a: Skeledirge|Slack Off|p2a: Skeledirge
|-heal|p2a: Skeledirge|84/100
|
|upkeep
|turn|23
|
|t:|1759033031
|move|p1a: Torterra|Headlong Rush|p2a: Skeledirge
|-damage|p2a: Skeledirge|41/100
|-unboost|p1a: Torterra|def|1
|-unboost|p1a: Torterra|spd|1
|move|p2a: Skeledirge|Will-O-Wisp|p1a: Torterra
|-status|p1a: Torterra|brn
|
|-damage|p1a: Torterra|58/100 brn|[from] brn
|-sideend|p1: shyahngyoo|move: Aurora Veil
|upkeep
|turn|24
|
|t:|1759033040
|move|p1a: Torterra|Headlong Rush|p2a: Skeledirge
|-damage|p2a: Skeledirge|19/100
|-unboost|p1a: Torterra|def|1
|-unboost|p1a: Torterra|spd|1
|move|p2a: Skeledirge|Slack Off|p2a: Skeledirge
|-heal|p2a: Skeledirge|69/100
|
|-damage|p1a: Torterra|52/100 brn|[from] brn
|upkeep
|turn|25
|
|t:|1759033045
|move|p1a: Torterra|Headlong Rush|p2a: Skeledirge
|-damage|p2a: Skeledirge|46/100
|-unboost|p1a: Torterra|def|1
|-unboost|p1a: Torterra|spd|1
|move|p2a: Skeledirge|Slack Off|p2a: Skeledirge
|-heal|p2a: Skeledirge|96/100
|
|-damage|p1a: Torterra|45/100 brn|[from] brn
|upkeep
|turn|26
|
|t:|1759033048
|move|p1a: Torterra|Headlong Rush|p2a: Skeledirge
|-damage|p2a: Skeledirge|74/100
|-unboost|p1a: Torterra|def|1
|-unboost|p1a: Torterra|spd|1
|move|p2a: Skeledirge|Torch Song|p1a: Torterra
|-supereffective|p1a: Torterra
|-damage|p1a: Torterra|0 fnt
|-boost|p2a: Skeledirge|spa|1
|faint|p1a: Torterra
|
|upkeep
|
|t:|1759033053
|switch|p1a: Gyarados|Gyarados, F|100/100
|-ability|p1a: Gyarados|Intimidate|boost
|-unboost|p2a: Skeledirge|atk|1
|turn|27
|
|t:|1759033058
|move|p1a: Gyarados|Dragon Dance|p1a: Gyarados
|-boost|p1a: Gyarados|atk|1
|-boost|p1a: Gyarados|spe|1
|move|p2a: Skeledirge|Will-O-Wisp|p1a: Gyarados|[miss]
|-miss|p2a: Skeledirge|p1a: Gyarados
|
|upkeep
|turn|28
|
|t:|1759033065
|move|p1a: Gyarados|Waterfall|p2a: Skeledirge
|-damage|p2a: Skeledirge|36/100
|move|p2a: Skeledirge|Will-O-Wisp|p1a: Gyarados
|-status|p1a: Gyarados|brn
|
|-damage|p1a: Gyarados|94/100 brn|[from] brn
|upkeep
|turn|29
|
|t:|1759033081
|move|p1a: Gyarados|Waterfall|p2a: Skeledirge
|-damage|p2a: Skeledirge|16/100
|move|p2a: Skeledirge|Slack Off|p2a: Skeledirge
|-heal|p2a: Skeledirge|66/100
|
|-damage|p1a: Gyarados|88/100 brn|[from] brn
|upkeep
|turn|30
|
|t:|1759033089
|move|p1a: Gyarados|Waterfall|p2a: Skeledirge
|-damage|p2a: Skeledirge|49/100
|cant|p2a: Skeledirge|flinch
|
|-damage|p1a: Gyarados|82/100 brn|[from] brn
|upkeep
|turn|31
|
|t:|1759033094
|move|p1a: Gyarados|Waterfall|p2a: Skeledirge
|-damage|p2a: Skeledirge|31/100
|move|p2a: Skeledirge|Slack Off|p2a: Skeledirge
|-heal|p2a: Skeledirge|82/100
|
|-damage|p1a: Gyarados|76/100 brn|[from] brn
|upkeep
|turn|32
|
|t:|1759033101
|move|p1a: Gyarados|Waterfall|p2a: Skeledirge
|-damage|p2a: Skeledirge|64/100
|cant|p2a: Skeledirge|flinch
|
|-damage|p1a: Gyarados|70/100 brn|[from] brn
|upkeep
|turn|33
|
|t:|1759033107
|move|p1a: Gyarados|Waterfall|p2a: Skeledirge
|-damage|p2a: Skeledirge|44/100
|move|p2a: Skeledirge|Torch Song|p1a: Gyarados
|-resisted|p1a: Gyarados
|-damage|p1a: Gyarados|47/100 brn
|-boost|p2a: Skeledirge|spa|1
|
|-damage|p1a: Gyarados|41/100 brn|[from] brn
|upkeep
|turn|34
|
|t:|1759033112
|move|p1a: Gyarados|Waterfall|p2a: Skeledirge
|-damage|p2a: Skeledirge|26/100
|cant|p2a: Skeledirge|flinch
|
|-damage|p1a: Gyarados|35/100 brn|[from] brn
|upkeep
|turn|35
|
|t:|1759033120
|-terastallize|p1a: Gyarados|Ground
|move|p1a: Gyarados|Earthquake|p2a: Skeledirge
|-damage|p2a: Skeledirge|3/100
|move|p2a: Skeledirge|Slack Off|p2a: Skeledirge
|-heal|p2a: Skeledirge|53/100
|
|-damage|p1a: Gyarados|29/100 brn|[from] brn
|upkeep
|turn|36
|-message|shyahngyoo forfeited.
|
|win|JackRG1
|raw|shyahngyoo's rating: 1727 &rarr; <strong>1715</strong><br />(-12 for losing)
|raw|JackRG1's rating: 1870 &rarr; <strong>1882</strong><br />(+12 for winning)
|l|☆shyahngyoo
|player|p1|
|l|☆JackRG1
|player|p2|
|l| cryyysneasel
|j| cryyysneasel
|l| cryyysneasel
