|j|☆Phium
|j|☆Sinelara
|t:|1759021713
|gametype|singles
|player|p1|Phium|harlequin|1043
|player|p2|Sinelara|1|1068
|gen|9
|tier|[Gen 9] OU
|rated|
|rule|HP Percentage Mod: HP is shown in percentages
|rule|Endless Battle Clause: Forcing endless battles is banned
|rule|Species Clause: Limit one of each Pokémon
|rule|OHKO Clause: OHKO moves are banned
|rule|Evasion Items Clause: Evasion items are banned
|rule|Evasion Moves Clause: Evasion moves are banned
|rule|Evasion Abilities Clause: Evasion abilities are banned
|rule|Sleep Moves Clause: Sleep-inducing moves are banned
|clearpoke
|poke|p1|Charizard, F|
|poke|p1|Venusaur, F|
|poke|p1|Snorlax, F|
|poke|p1|Blastoise, M|
|poke|p1|Jolteon, F|
|poke|p1|Dragonite, M|
|poke|p2|Iron Crown|
|poke|p2|Metagross|
|poke|p2|Scizor, M|
|poke|p2|Skarmory, F|
|poke|p2|Iron Treads|
|poke|p2|Heatran, M|
|teampreview
|
|t:|1759021720
|teamsize|p1|6
|teamsize|p2|6
|start
|switch|p1a: Charizard|Charizard, F|100/100
|switch|p2a: Useful|Iron Treads|100/100
|turn|1
|
|t:|1759021727
|move|p2a: Useful|Volt Switch|p1a: Charizard
|-supereffective|p1a: Charizard
|-damage|p1a: Charizard|62/100
|
|t:|1759021730
|-end|p2a: Useful|Quark Drive|[silent]
|switch|p2a: Guns|Heatran, M|100/100|[from] Volt Switch
|move|p1a: Charizard|Fire Punch|p2a: Guns
|-start|p2a: Guns|ability: Flash Fire
|
|upkeep
|turn|2
|
|t:|1759021738
|switch|p1a: Blastoise|Blastoise, M|100/100
|move|p2a: Guns|Stealth Rock|p1a: Blastoise
|-sidestart|p1: Phium|move: Stealth Rock
|
|upkeep
|turn|3
|
|t:|1759021748
|move|p2a: Guns|Overheat|p1a: Blastoise
|-resisted|p1a: Blastoise
|-damage|p1a: Blastoise|58/100
|-unboost|p2a: Guns|spa|2
|move|p1a: Blastoise|Surf|p2a: Guns
|-supereffective|p2a: Guns
|-damage|p2a: Guns|15/100
|-enditem|p2a: Guns|Weakness Policy
|-boost|p2a: Guns|atk|2|[from] item: Weakness Policy
|-boost|p2a: Guns|spa|2|[from] item: Weakness Policy
|
|upkeep
|turn|4
|
|t:|1759021761
|move|p2a: Guns|Overheat|p1a: Blastoise|[miss]
|-miss|p2a: Guns|p1a: Blastoise
|move|p1a: Blastoise|Surf|p2a: Guns
|-supereffective|p2a: Guns
|-damage|p2a: Guns|0 fnt
|faint|p2a: Guns
|
|upkeep
|
|t:|1759021770
|switch|p2a: Useful|Iron Treads|100/100
|turn|5
|
|t:|1759021774
|move|p2a: Useful|Volt Switch|p1a: Blastoise
|-supereffective|p1a: Blastoise
|-damage|p1a: Blastoise|34/100
|
|t:|1759021782
|-end|p2a: Useful|Quark Drive|[silent]
|switch|p2a: Monkey|Iron Crown|100/100|[from] Volt Switch
|move|p1a: Blastoise|Rapid Spin|p2a: Monkey
|-resisted|p2a: Monkey
|-damage|p2a: Monkey|96/100
|-boost|p1a: Blastoise|spe|1
|-sideend|p1: Phium|Stealth Rock|[from] move: Rapid Spin|[of] p1a: Blastoise
|
|upkeep
|turn|6
|
|t:|1759021792
|move|p2a: Monkey|Volt Switch|p1a: Blastoise
|-supereffective|p1a: Blastoise
|-damage|p1a: Blastoise|0 fnt
|faint|p1a: Blastoise
|
|t:|1759021796
|-end|p2a: Monkey|Quark Drive|[silent]
|switch|p2a: Useful|Iron Treads|100/100|[from] Volt Switch
|
|upkeep
|
|t:|1759021801
|switch|p1a: Charizard|Charizard, F|62/100
|turn|7
|
|t:|1759021807
|move|p2a: Useful|Volt Switch|p1a: Charizard
|-supereffective|p1a: Charizard
|-damage|p1a: Charizard|26/100
|
|t:|1759021817
|-end|p2a: Useful|Quark Drive|[silent]
|switch|p2a: Only|Scizor, M|100/100|[from] Volt Switch
|move|p1a: Charizard|Fire Punch|p2a: Only
|-supereffective|p2a: Only
|-damage|p2a: Only|0 fnt
|faint|p2a: Only
|-damage|p1a: Charizard|16/100|[from] item: Life Orb
|
|upkeep
|
|t:|1759021824
|switch|p2a: Likes|Skarmory, F|100/100
|turn|8
|
|t:|1759021831
|move|p1a: Charizard|Fire Punch|p2a: Likes
|-supereffective|p2a: Likes
|-damage|p2a: Likes|32/100
|-damage|p1a: Charizard|6/100|[from] item: Life Orb
|move|p2a: Likes|Tailwind|p2a: Likes
|-sidestart|p2: Sinelara|move: Tailwind
|
|upkeep
|turn|9
|
|t:|1759021844
|move|p2a: Likes|Body Press|p1a: Charizard
|-resisted|p1a: Charizard
|-damage|p1a: Charizard|0 fnt
|faint|p1a: Charizard
|
|upkeep
|
|t:|1759021851
|switch|p1a: Snorlax|Snorlax, F|100/100
|turn|10
|
|t:|1759021857
|move|p2a: Likes|Roost|p2a: Likes
|-heal|p2a: Likes|82/100
|-singleturn|p2a: Likes|move: Roost
|move|p1a: Snorlax|Body Slam|p2a: Likes
|-resisted|p2a: Likes
|-damage|p2a: Likes|70/100
|-status|p2a: Likes|par
|
|upkeep
|turn|11
|
|t:|1759021868
|move|p1a: Snorlax|Body Slam|p2a: Likes
|-resisted|p2a: Likes
|-damage|p2a: Likes|57/100 par
|cant|p2a: Likes|par
|
|-sideend|p2: Sinelara|move: Tailwind
|upkeep
|turn|12
|
|t:|1759021876
|move|p1a: Snorlax|Body Slam|p2a: Likes
|-resisted|p2a: Likes
|-damage|p2a: Likes|45/100 par
|cant|p2a: Likes|par
|
|upkeep
|turn|13
|
|t:|1759021882
|move|p1a: Snorlax|Body Slam|p2a: Likes
|-resisted|p2a: Likes
|-damage|p2a: Likes|32/100 par
|move|p2a: Likes|Roost|p2a: Likes
|-heal|p2a: Likes|82/100 par
|-singleturn|p2a: Likes|move: Roost
|
|upkeep
|turn|14
|
|t:|1759021893
|switch|p1a: Dragonite|Dragonite, M|100/100
|move|p2a: Likes|Body Press|p1a: Dragonite
|-resisted|p1a: Dragonite
|-damage|p1a: Dragonite|84/100
|
|-heal|p1a: Dragonite|91/100|[from] item: Leftovers
|upkeep
|turn|15
|
|t:|1759021903
|move|p1a: Dragonite|Dragon Dance|p1a: Dragonite
|-boost|p1a: Dragonite|atk|1
|-boost|p1a: Dragonite|spe|1
|move|p2a: Likes|Tailwind|p2a: Likes
|-sidestart|p2: Sinelara|move: Tailwind
|
|-heal|p1a: Dragonite|97/100|[from] item: Leftovers
|upkeep
|turn|16
|
|t:|1759021911
|switch|p2a: Monkey|Iron Crown|96/100
|move|p1a: Dragonite|Dragon Dance|p1a: Dragonite
|-boost|p1a: Dragonite|atk|1
|-boost|p1a: Dragonite|spe|1
|
|-heal|p1a: Dragonite|100/100|[from] item: Leftovers
|upkeep
|turn|17
|
|t:|1759021922
|move|p2a: Monkey|Tachyon Cutter|p1a: Dragonite
|-damage|p1a: Dragonite|74/100
|-damage|p1a: Dragonite|48/100
|-hitcount|p1a: Dragonite|2
|move|p1a: Dragonite|Dragon Claw|p2a: Monkey
|-resisted|p2a: Monkey
|-damage|p2a: Monkey|48/100
|
|-heal|p1a: Dragonite|54/100|[from] item: Leftovers
|upkeep
|turn|18
|
|t:|1759021933
|move|p2a: Monkey|Tachyon Cutter|p1a: Dragonite
|-damage|p1a: Dragonite|29/100
|-damage|p1a: Dragonite|4/100
|-hitcount|p1a: Dragonite|2
|move|p1a: Dragonite|Roost|p1a: Dragonite
|-heal|p1a: Dragonite|54/100
|-singleturn|p1a: Dragonite|move: Roost
|
|-heal|p1a: Dragonite|60/100|[from] item: Leftovers
|-sideend|p2: Sinelara|move: Tailwind
|upkeep
|turn|19
|
|t:|1759021945
|move|p1a: Dragonite|Dragon Claw|p2a: Monkey
|-resisted|p2a: Monkey
|-damage|p2a: Monkey|0 fnt
|faint|p2a: Monkey
|-end|p2a: Monkey|Quark Drive|[silent]
|
|-heal|p1a: Dragonite|66/100|[from] item: Leftovers
|upkeep
|
|t:|1759021949
|switch|p2a: Useful|Iron Treads|100/100
|turn|20
|
|t:|1759021958
|move|p1a: Dragonite|Dragon Claw|p2a: Useful
|-resisted|p2a: Useful
|-damage|p2a: Useful|55/100
|move|p2a: Useful|Ice Spinner|p1a: Dragonite
|-supereffective|p1a: Dragonite
|-damage|p1a: Dragonite|0 fnt
|faint|p1a: Dragonite
|
|upkeep
|
|t:|1759021968
|switch|p1a: Snorlax|Snorlax, F|100/100
|turn|21
|
|t:|1759021972
|move|p2a: Useful|Volt Switch|p1a: Snorlax
|-crit|p1a: Snorlax
|-damage|p1a: Snorlax|89/100
|
|t:|1759021976
|-end|p2a: Useful|Quark Drive|[silent]
|switch|p2a: Likes|Skarmory, F|82/100 par|[from] Volt Switch
|move|p1a: Snorlax|Curse|p1a: Snorlax
|-unboost|p1a: Snorlax|spe|1
|-boost|p1a: Snorlax|atk|1
|-boost|p1a: Snorlax|def|1
|
|-heal|p1a: Snorlax|95/100|[from] item: Leftovers
|upkeep
|turn|22
|
|t:|1759021987
|move|p1a: Snorlax|Body Slam|p2a: Likes
|-resisted|p2a: Likes
|-damage|p2a: Likes|64/100 par
|move|p2a: Likes|Whirlwind|p1a: Snorlax
|drag|p1a: Venusaur|Venusaur, F|100/100
|
|upkeep
|turn|23
|
|t:|1759022005
|move|p1a: Venusaur|Sludge Bomb|p2a: Likes
|-immune|p2a: Likes
|move|p2a: Likes|Tailwind|p2a: Likes
|-sidestart|p2: Sinelara|move: Tailwind
|
|upkeep
|turn|24
|
|t:|1759022015
|switch|p1a: Snorlax|Snorlax, F|95/100
|switch|p2a: Use|Metagross|100/100
|
|-heal|p1a: Snorlax|100/100|[from] item: Leftovers
|upkeep
|turn|25
|
|t:|1759022024
|move|p2a: Use|Knock Off|p1a: Snorlax
|-damage|p1a: Snorlax|69/100
|-enditem|p1a: Snorlax|Leftovers|[from] move: Knock Off|[of] p2a: Use
|move|p1a: Snorlax|Earthquake|p2a: Use
|-supereffective|p2a: Use
|-damage|p2a: Use|43/100
|-enditem|p2a: Use|Weakness Policy
|-boost|p2a: Use|atk|2|[from] item: Weakness Policy
|-boost|p2a: Use|spa|2|[from] item: Weakness Policy
|
|upkeep
|turn|26
|
|t:|1759022040
|move|p2a: Use|Psychic Fangs|p1a: Snorlax
|-damage|p1a: Snorlax|0 fnt
|faint|p1a: Snorlax
|
|-sideend|p2: Sinelara|move: Tailwind
|upkeep
|
|t:|1759022046
|switch|p1a: Venusaur|Venusaur, F|100/100
|turn|27
|
|t:|1759022055
|move|p2a: Use|Psychic Fangs|p1a: Venusaur
|-supereffective|p1a: Venusaur
|-damage|p1a: Venusaur|0 fnt
|faint|p1a: Venusaur
|
|upkeep
|
|t:|1759022060
|switch|p1a: Jolteon|Jolteon, F|100/100
|turn|28
|
|t:|1759022066
|-terastallize|p2a: Use|Dark
|move|p1a: Jolteon|Shadow Ball|p2a: Use
|-resisted|p2a: Use
|-damage|p2a: Use|23/100
|-damage|p1a: Jolteon|91/100|[from] item: Life Orb
|move|p2a: Use|Agility|p2a: Use
|-boost|p2a: Use|spe|2
|
|upkeep
|turn|29
|
|t:|1759022079
|-terastallize|p1a: Jolteon|Electric
|move|p2a: Use|Knock Off|p1a: Jolteon
|-damage|p1a: Jolteon|0 fnt
|-enditem|p1a: Jolteon|Life Orb|[from] move: Knock Off|[of] p2a: Use
|faint|p1a: Jolteon
|
|win|Sinelara
|raw|Phium's rating: 1043 &rarr; <strong>1028</strong><br />(-15 for losing)
|raw|Sinelara's rating: 1068 &rarr; <strong>1096</strong><br />(+28 for winning)
|l|☆Phium
|player|p1|
|c|☆Sinelara|gg
