|j|☆raxde1
|j|☆loulsaiyantests
|t:|1759066375
|gametype|singles
|player|p1|raxde1|101|1118
|player|p2|loulsaiyantests|hiker-gen4|1121
|gen|9
|tier|[Gen 9] OU
|rated|
|rule|HP Percentage Mod: HP is shown in percentages
|rule|Endless Battle Clause: Forcing endless battles is banned
|rule|Species Clause: Limit one of each Pokémon
|rule|OHKO Clause: OHKO moves are banned
|rule|Evasion Items Clause: Evasion items are banned
|rule|Evasion Moves Clause: Evasion moves are banned
|rule|Evasion Abilities Clause: Evasion abilities are banned
|rule|Sleep Moves Clause: Sleep-inducing moves are banned
|clearpoke
|poke|p1|Enamorus, F|
|poke|p1|Alomomola, F|
|poke|p1|Gholdengo|
|poke|p1|Cinderace, F|
|poke|p1|Raging Bolt|
|poke|p1|Clodsire, M|
|poke|p2|Regice|
|poke|p2|Ribombee, M|
|poke|p2|Dragapult, M|
|poke|p2|Kingambit, M|
|poke|p2|Iron Valiant|
|poke|p2|Great Tusk|
|teampreview
|inactive|Battle timer is ON: inactive players will automatically lose when time's up. (requested by loulsaiyantests)
|inactive|raxde1 also wants the timer to be on.
|c|☆loulsaiyantests|glhf
|
|t:|1759066388
|teamsize|p1|6
|teamsize|p2|6
|start
|switch|p1a: Cinderace|Cinderace, F|100/100
|switch|p2a: MielPops|Ribombee, M, shiny|100/100
|turn|1
|
|t:|1759066397
|move|p2a: MielPops|U-turn|p1a: Cinderace
|-resisted|p1a: Cinderace
|-damage|p1a: Cinderace|91/100
|
|t:|1759066411
|switch|p2a: Sauce Blanche|Great Tusk, shiny|100/100|[from] U-turn
|-enditem|p2a: Sauce Blanche|Booster Energy
|-activate|p2a: Sauce Blanche|ability: Protosynthesis|[fromitem]
|-start|p2a: Sauce Blanche|protosynthesisdef
|move|p1a: Cinderace|U-turn|p2a: Sauce Blanche
|-resisted|p2a: Sauce Blanche
|-damage|p2a: Sauce Blanche|96/100
|
|t:|1759066415
|switch|p1a: Enamorus|Enamorus, F|100/100|[from] U-turn
|
|upkeep
|turn|2
|
|t:|1759066439
|-end|p2a: Sauce Blanche|Protosynthesis|[silent]
|switch|p2a: Matpat|Regice, shiny|100/100
|move|p1a: Enamorus|Superpower|p2a: Matpat
|-supereffective|p2a: Matpat
|-damage|p2a: Matpat|16/100
|-boost|p1a: Enamorus|atk|1
|-boost|p1a: Enamorus|def|1
|
|-heal|p2a: Matpat|22/100|[from] item: Leftovers
|upkeep
|turn|3
|
|t:|1759066456
|switch|p2a: Toothless|Dragapult, M, shiny|100/100
|move|p1a: Enamorus|Superpower|p2a: Toothless
|-immune|p2a: Toothless
|
|upkeep
|turn|4
|
|t:|1759066468
|switch|p1a: Alomomola|Alomomola, F|100/100
|-terastallize|p2a: Toothless|Ghost
|move|p2a: Toothless|Tera Blast|p1a: Alomomola|[anim] Tera Blast Ghost
|-damage|p1a: Alomomola|62/100
|
|upkeep
|turn|5
|
|t:|1759066477
|switch|p2a: Matpat|Regice, shiny|22/100
|move|p1a: Alomomola|Flip Turn|p2a: Matpat
|-damage|p2a: Matpat|11/100
|
|t:|1759066483
|switch|p1a: Enamorus|Enamorus, F|100/100|[from] Flip Turn
|
|-heal|p2a: Matpat|17/100|[from] item: Leftovers
|upkeep
|turn|6
|
|t:|1759066488
|move|p1a: Enamorus|Play Rough|p2a: Matpat
|-damage|p2a: Matpat|0 fnt
|faint|p2a: Matpat
|
|upkeep
|
|t:|1759066499
|switch|p2a: Toothless|Dragapult, M, shiny, tera:Ghost|100/100
|turn|7
|
|t:|1759066509
|move|p2a: Toothless|U-turn|p1a: Enamorus
|-resisted|p1a: Enamorus
|-damage|p1a: Enamorus|86/100
|
|t:|1759066516
|switch|p2a: MielPops|Ribombee, M, shiny|100/100|[from] U-turn
|move|p1a: Enamorus|Play Rough|p2a: MielPops
|-damage|p2a: MielPops|0 fnt
|faint|p2a: MielPops
|
|upkeep
|
|t:|1759066534
|switch|p2a: Choi|Kingambit, M, shiny|100/100
|-activate|p2a: Choi|ability: Supreme Overlord
|-start|p2a: Choi|fallen2|[silent]
|turn|8
|
|t:|1759066544
|switch|p1a: Cinderace|Cinderace, F|91/100
|move|p2a: Choi|Swords Dance|p2a: Choi
|-boost|p2a: Choi|atk|2
|
|upkeep
|turn|9
|
|t:|1759066552
|move|p1a: Cinderace|Will-O-Wisp|p2a: Choi
|-status|p2a: Choi|brn
|move|p2a: Choi|Kowtow Cleave|p1a: Cinderace
|-damage|p1a: Cinderace|6/100
|
|-damage|p2a: Choi|94/100 brn|[from] brn
|upkeep
|turn|10
|
|t:|1759066559
|move|p2a: Choi|Sucker Punch|p1a: Cinderace
|-damage|p1a: Cinderace|0 fnt
|faint|p1a: Cinderace
|
|-heal|p2a: Choi|100/100 brn|[from] item: Leftovers
|-damage|p2a: Choi|94/100 brn|[from] brn
|upkeep
|
|t:|1759066566
|switch|p1a: Alomomola|Alomomola, F|95/100
|turn|11
|
|t:|1759066575
|move|p1a: Alomomola|Flip Turn|p2a: Choi
|-damage|p2a: Choi|83/100 brn
|
|t:|1759066580
|switch|p1a: Enamorus|Enamorus, F|86/100|[from] Flip Turn
|move|p2a: Choi|Swords Dance|p2a: Choi
|-boost|p2a: Choi|atk|2
|
|-heal|p2a: Choi|89/100 brn|[from] item: Leftovers
|-damage|p2a: Choi|83/100 brn|[from] brn
|upkeep
|turn|12
|
|t:|1759066591
|move|p2a: Choi|Sucker Punch|p1a: Enamorus
|-resisted|p1a: Enamorus
|-damage|p1a: Enamorus|29/100
|move|p1a: Enamorus|Play Rough|p2a: Choi
|-damage|p2a: Choi|28/100 brn
|
|-heal|p2a: Choi|34/100 brn|[from] item: Leftovers
|-damage|p2a: Choi|28/100 brn|[from] brn
|upkeep
|turn|13
|
|t:|1759066599
|move|p2a: Choi|Sucker Punch|p1a: Enamorus
|-resisted|p1a: Enamorus
|-damage|p1a: Enamorus|0 fnt
|faint|p1a: Enamorus
|
|-heal|p2a: Choi|34/100 brn|[from] item: Leftovers
|-damage|p2a: Choi|28/100 brn|[from] brn
|upkeep
|
|t:|1759066603
|switch|p1a: Gholdengo|Gholdengo|100/100
|turn|14
|
|t:|1759066609
|switch|p1a: Alomomola|Alomomola, F|100/100
|move|p2a: Choi|Sucker Punch||[still]
|-fail|p2a: Choi
|
|-heal|p2a: Choi|34/100 brn|[from] item: Leftovers
|-damage|p2a: Choi|28/100 brn|[from] brn
|upkeep
|turn|15
|
|t:|1759066616
|move|p1a: Alomomola|Flip Turn|p2a: Choi
|-damage|p2a: Choi|17/100 brn
|
|t:|1759066619
|switch|p1a: Raging Bolt|Raging Bolt|100/100|[from] Flip Turn
|move|p2a: Choi|Kowtow Cleave|p1a: Raging Bolt
|-damage|p1a: Raging Bolt|33/100
|
|-heal|p1a: Raging Bolt|39/100|[from] item: Leftovers
|-heal|p2a: Choi|23/100 brn|[from] item: Leftovers
|-damage|p2a: Choi|17/100 brn|[from] brn
|upkeep
|turn|16
|
|t:|1759066630
|move|p2a: Choi|Sucker Punch|p1a: Raging Bolt
|-damage|p1a: Raging Bolt|0 fnt
|faint|p1a: Raging Bolt
|-end|p1a: Raging Bolt|Protosynthesis|[silent]
|
|-heal|p2a: Choi|23/100 brn|[from] item: Leftovers
|-damage|p2a: Choi|17/100 brn|[from] brn
|upkeep
|
|t:|1759066632
|switch|p1a: Alomomola|Alomomola, F|100/100
|turn|17
|
|t:|1759066638
|move|p1a: Alomomola|Scald|p2a: Choi
|-damage|p2a: Choi|4/100 brn
|move|p2a: Choi|Kowtow Cleave|p1a: Alomomola
|-damage|p1a: Alomomola|49/100
|
|-heal|p2a: Choi|10/100 brn|[from] item: Leftovers
|-damage|p2a: Choi|4/100 brn|[from] brn
|upkeep
|turn|18
|
|t:|1759066646
|move|p1a: Alomomola|Wish|p1a: Alomomola
|move|p2a: Choi|Kowtow Cleave|p1a: Alomomola
|-damage|p1a: Alomomola|0 fnt
|faint|p1a: Alomomola
|
|-heal|p2a: Choi|10/100 brn|[from] item: Leftovers
|-damage|p2a: Choi|4/100 brn|[from] brn
|upkeep
|
|t:|1759066649
|switch|p1a: Gholdengo|Gholdengo|100/100
|turn|19
|
|t:|1759066655
|switch|p1a: Clodsire|Clodsire, M|100/100
|move|p2a: Choi|Sucker Punch||[still]
|-fail|p2a: Choi
|
|-heal|p2a: Choi|10/100 brn|[from] item: Leftovers
|-damage|p2a: Choi|4/100 brn|[from] brn
|upkeep
|turn|20
|
|t:|1759066662
|move|p2a: Choi|Kowtow Cleave|p1a: Clodsire
|-damage|p1a: Clodsire|67/100
|move|p1a: Clodsire|Stealth Rock|p2a: Choi
|-sidestart|p2: loulsaiyantests|move: Stealth Rock
|
|-heal|p2a: Choi|10/100 brn|[from] item: Leftovers
|-heal|p1a: Clodsire|73/100|[from] item: Leftovers
|-damage|p2a: Choi|4/100 brn|[from] brn
|upkeep
|turn|21
|
|t:|1759066669
|move|p2a: Choi|Kowtow Cleave|p1a: Clodsire
|-damage|p1a: Clodsire|43/100
|move|p1a: Clodsire|Recover|p1a: Clodsire
|-heal|p1a: Clodsire|93/100
|
|-heal|p2a: Choi|10/100 brn|[from] item: Leftovers
|-heal|p1a: Clodsire|99/100|[from] item: Leftovers
|-damage|p2a: Choi|4/100 brn|[from] brn
|upkeep
|turn|22
|
|t:|1759066681
|move|p2a: Choi|Kowtow Cleave|p1a: Clodsire
|-damage|p1a: Clodsire|68/100
|move|p1a: Clodsire|Earthquake|p2a: Choi
|-supereffective|p2a: Choi
|-crit|p2a: Choi
|-damage|p2a: Choi|0 fnt
|faint|p2a: Choi
|-end|p2a: Choi|fallen2|[silent]
|
|-heal|p1a: Clodsire|74/100|[from] item: Leftovers
|upkeep
|
|t:|1759066696
|switch|p2a: Toothless|Dragapult, M, shiny, tera:Ghost|100/100
|-damage|p2a: Toothless|88/100|[from] Stealth Rock
|turn|23
|
|t:|1759066701
|-terastallize|p1a: Clodsire|Dark
|move|p2a: Toothless|Tera Blast|p1a: Clodsire|[anim] Tera Blast Ghost
|-resisted|p1a: Clodsire
|-damage|p1a: Clodsire|29/100
|move|p1a: Clodsire|Toxic|p2a: Toothless
|-status|p2a: Toothless|tox
|
|-heal|p1a: Clodsire|35/100|[from] item: Leftovers
|-damage|p2a: Toothless|82/100 tox|[from] psn
|upkeep
|turn|24
|
|t:|1759066710
|move|p2a: Toothless|Tera Blast|p1a: Clodsire|[anim] Tera Blast Ghost
|-resisted|p1a: Clodsire
|-damage|p1a: Clodsire|0 fnt
|faint|p1a: Clodsire
|
|-damage|p2a: Toothless|70/100 tox|[from] psn
|upkeep
|
|t:|1759066713
|switch|p1a: Gholdengo|Gholdengo|100/100
|turn|25
|
|t:|1759066718
|move|p1a: Gholdengo|Shadow Ball|p2a: Toothless
|-supereffective|p2a: Toothless
|-damage|p2a: Toothless|0 fnt
|faint|p2a: Toothless
|
|upkeep
|
|t:|1759066725
|switch|p2a: Sauce Harissa|Iron Valiant, shiny|100/100
|-damage|p2a: Sauce Harissa|94/100|[from] Stealth Rock
|-enditem|p2a: Sauce Harissa|Booster Energy
|-activate|p2a: Sauce Harissa|ability: Quark Drive|[fromitem]
|-start|p2a: Sauce Harissa|quarkdrivespe
|turn|26
|
|t:|1759066737
|move|p2a: Sauce Harissa|Shadow Ball|p1a: Gholdengo
|-supereffective|p1a: Gholdengo
|-damage|p1a: Gholdengo|35/100
|move|p1a: Gholdengo|Shadow Ball|p2a: Sauce Harissa
|-damage|p2a: Sauce Harissa|16/100
|
|upkeep
|turn|27
|
|t:|1759066743
|move|p2a: Sauce Harissa|Shadow Ball|p1a: Gholdengo
|-supereffective|p1a: Gholdengo
|-damage|p1a: Gholdengo|0 fnt
|faint|p1a: Gholdengo
|
|win|loulsaiyantests
|raw|raxde1's rating: 1118 &rarr; <strong>1093</strong><br />(-25 for losing)
|raw|loulsaiyantests's rating: 1121 &rarr; <strong>1146</strong><br />(+25 for winning)
|c|☆loulsaiyantests|gg
