|j|☆jojosworld
|j|☆salty pepperer
|t:|1758935576
|gametype|singles
|player|p1|jojosworld|cynthia|1705
|player|p2|salty pepperer|170|1652
|gen|9
|tier|[Gen 9] OU
|rated|
|rule|HP Percentage Mod: HP is shown in percentages
|rule|Endless Battle Clause: Forcing endless battles is banned
|rule|Species Clause: Limit one of each Pokémon
|rule|OHKO Clause: OHKO moves are banned
|rule|Evasion Items Clause: Evasion items are banned
|rule|Evasion Moves Clause: Evasion moves are banned
|rule|Evasion Abilities Clause: Evasion abilities are banned
|rule|Sleep Moves Clause: Sleep-inducing moves are banned
|clearpoke
|poke|p1|Alomomola, F|
|poke|p1|Amoonguss, F|
|poke|p1|Gholdengo|
|poke|p1|Great Tusk|
|poke|p1|Goodra-Hisui, F|
|poke|p1|Clefable, F|
|poke|p2|Latios, M|
|poke|p2|Tinkaton, F|
|poke|p2|Great Tusk|
|poke|p2|Ogerpon-Wellspring, F|
|poke|p2|Samurott-Hisui, F|
|poke|p2|Sinistcha|
|teampreview
|inactive|Battle timer is ON: inactive players will automatically lose when time's up. (requested by jojosworld)
|
|t:|1758935601
|teamsize|p1|6
|teamsize|p2|6
|start
|switch|p1a: Clefable|Clefable, F, shiny|100/100
|switch|p2a: Tinkaton|Tinkaton, F|100/100
|-ability|p2a: Tinkaton|Mold Breaker
|turn|1
|
|t:|1758935608
|switch|p1a: Great Tusk|Great Tusk, shiny|100/100
|move|p2a: Tinkaton|Stealth Rock|p1a: Great Tusk
|-sidestart|p1: jojosworld|move: Stealth Rock
|
|upkeep
|turn|2
|
|t:|1758935615
|switch|p2a: Sinistcha|Sinistcha|100/100
|move|p1a: Great Tusk|Knock Off|p2a: Sinistcha
|-supereffective|p2a: Sinistcha
|-damage|p2a: Sinistcha|46/100
|-damage|p1a: Great Tusk|84/100|[from] item: Rocky Helmet|[of] p2a: Sinistcha
|-enditem|p2a: Sinistcha|Rocky Helmet|[from] move: Knock Off|[of] p1a: Great Tusk
|
|upkeep
|turn|3
|
|t:|1758935623
|-end|p1a: Great Tusk|Protosynthesis|[silent]
|switch|p1a: Goodra|Goodra-Hisui, F, shiny|100/100
|-damage|p1a: Goodra|94/100|[from] Stealth Rock
|move|p2a: Sinistcha|Strength Sap|p1a: Goodra
|-ability|p1a: Goodra|Sap Sipper|boost
|-boost|p1a: Goodra|atk|1
|
|upkeep
|turn|4
|
|t:|1758935630
|switch|p2a: Tinkaton|Tinkaton, F|100/100
|-ability|p2a: Tinkaton|Mold Breaker
|move|p1a: Goodra|Knock Off|p2a: Tinkaton
|-resisted|p2a: Tinkaton
|-damage|p2a: Tinkaton|83/100
|-enditem|p2a: Tinkaton|Leftovers|[from] move: Knock Off|[of] p1a: Goodra
|
|upkeep
|turn|5
|
|t:|1758935639
|switch|p1a: Great Tusk|Great Tusk, shiny|84/100
|move|p2a: Tinkaton|Knock Off|p1a: Great Tusk
|-resisted|p1a: Great Tusk
|-damage|p1a: Great Tusk|78/100
|-enditem|p1a: Great Tusk|Heavy-Duty Boots|[from] move: Knock Off|[of] p2a: Tinkaton
|
|upkeep
|turn|6
|
|t:|1758935648
|switch|p2a: Sinistcha|Sinistcha|46/100
|move|p1a: Great Tusk|Knock Off|p2a: Sinistcha
|-supereffective|p2a: Sinistcha
|-damage|p2a: Sinistcha|8/100
|
|upkeep
|turn|7
|
|t:|1758935653
|move|p1a: Great Tusk|Knock Off|p2a: Sinistcha
|-supereffective|p2a: Sinistcha
|-damage|p2a: Sinistcha|0 fnt
|faint|p2a: Sinistcha
|
|upkeep
|
|t:|1758935659
|switch|p2a: Ogerpon|Ogerpon-Wellspring, F|100/100
|turn|8
|
|t:|1758935667
|-end|p1a: Great Tusk|Protosynthesis|[silent]
|switch|p1a: Amoonguss|Amoonguss, F, shiny|100/100
|move|p2a: Ogerpon|Ivy Cudgel|p1a: Amoonguss|[anim] Ivy Cudgel Water
|-resisted|p1a: Amoonguss
|-damage|p1a: Amoonguss|81/100
|
|upkeep
|turn|9
|
|t:|1758935673
|move|p2a: Ogerpon|Knock Off|p1a: Amoonguss
|-crit|p1a: Amoonguss
|-damage|p1a: Amoonguss|42/100
|-enditem|p1a: Amoonguss|Heavy-Duty Boots|[from] move: Knock Off|[of] p2a: Ogerpon
|move|p1a: Amoonguss|Giga Drain|p2a: Ogerpon
|-damage|p2a: Ogerpon|73/100
|-heal|p1a: Amoonguss|52/100|[from] drain|[of] p2a: Ogerpon
|
|upkeep
|turn|10
|
|t:|1758935680
|move|p2a: Ogerpon|U-turn|p1a: Amoonguss
|-damage|p1a: Amoonguss|31/100
|
|t:|1758935685
|switch|p2a: Latios|Latios, M|100/100|[from] U-turn
|move|p1a: Amoonguss|Giga Drain|p2a: Latios
|-resisted|p2a: Latios
|-damage|p2a: Latios|90/100
|-heal|p1a: Amoonguss|35/100|[from] drain|[of] p2a: Latios
|
|upkeep
|turn|11
|
|t:|1758935697
|switch|p1a: Gholdengo|Gholdengo, shiny|100/100
|-damage|p1a: Gholdengo|94/100|[from] Stealth Rock
|move|p2a: Latios|Draco Meteor|p1a: Gholdengo
|-resisted|p1a: Gholdengo
|-damage|p1a: Gholdengo|61/100
|-unboost|p2a: Latios|spa|2
|
|upkeep
|turn|12
|
|t:|1758935705
|switch|p2a: Samurott|Samurott-Hisui, F|100/100
|move|p1a: Gholdengo|Recover|p1a: Gholdengo
|-heal|p1a: Gholdengo|100/100
|
|upkeep
|turn|13
|
|t:|1758935715
|switch|p1a: Clefable|Clefable, F, shiny|100/100
|move|p2a: Samurott|Ceaseless Edge|p1a: Clefable
|-resisted|p1a: Clefable
|-damage|p1a: Clefable|82/100
|-sidestart|p1: jojosworld|Spikes
|
|-heal|p1a: Clefable|88/100|[from] item: Leftovers
|upkeep
|turn|14
|
|t:|1758935724
|switch|p2a: Tinkaton|Tinkaton, F|83/100
|-ability|p2a: Tinkaton|Mold Breaker
|move|p1a: Clefable|Thunder Wave|p2a: Tinkaton
|-status|p2a: Tinkaton|par
|
|-heal|p1a: Clefable|94/100|[from] item: Leftovers
|upkeep
|turn|15
|
|t:|1758935732
|switch|p1a: Great Tusk|Great Tusk, shiny|78/100
|-damage|p1a: Great Tusk|75/100|[from] Stealth Rock
|-damage|p1a: Great Tusk|62/100|[from] Spikes
|switch|p2a: Latios|Latios, M|90/100
|
|upkeep
|turn|16
|
|t:|1758935740
|-end|p1a: Great Tusk|Protosynthesis|[silent]
|switch|p1a: Gholdengo|Gholdengo, shiny|100/100
|-damage|p1a: Gholdengo|94/100|[from] Stealth Rock
|-damage|p1a: Gholdengo|82/100|[from] Spikes
|move|p2a: Latios|Draco Meteor|p1a: Gholdengo
|-resisted|p1a: Gholdengo
|-damage|p1a: Gholdengo|47/100
|-unboost|p2a: Latios|spa|2
|
|upkeep
|turn|17
|j| mattyR
|
|t:|1758935750
|switch|p2a: Samurott|Samurott-Hisui, F|100/100
|move|p1a: Gholdengo|Recover|p1a: Gholdengo
|-heal|p1a: Gholdengo|97/100
|
|upkeep
|turn|18
|
|t:|1758935757
|switch|p1a: Clefable|Clefable, F, shiny|94/100
|move|p2a: Samurott|Aqua Cutter|p1a: Clefable
|-damage|p1a: Clefable|55/100
|
|-heal|p1a: Clefable|61/100|[from] item: Leftovers
|upkeep
|turn|19
|
|t:|1758935769
|switch|p2a: Tinkaton|Tinkaton, F|83/100 par
|-ability|p2a: Tinkaton|Mold Breaker
|move|p1a: Clefable|Moonlight|p1a: Clefable
|-heal|p1a: Clefable|100/100
|
|upkeep
|turn|20
|
|t:|1758935776
|switch|p1a: Alomomola|Alomomola, F, shiny|100/100
|move|p2a: Tinkaton|Gigaton Hammer|p1a: Alomomola
|-resisted|p1a: Alomomola
|-damage|p1a: Alomomola|89/100
|
|upkeep
|turn|21
|
|t:|1758935783
|switch|p2a: Ogerpon|Ogerpon-Wellspring, F|73/100
|move|p1a: Alomomola|Wish|p1a: Alomomola
|
|upkeep
|turn|22
|
|t:|1758935791
|switch|p1a: Amoonguss|Amoonguss, F, shiny|68/100
|-damage|p1a: Amoonguss|56/100|[from] Stealth Rock
|-damage|p1a: Amoonguss|43/100|[from] Spikes
|move|p2a: Ogerpon|Knock Off|p1a: Amoonguss
|-damage|p1a: Amoonguss|24/100
|
|-heal|p1a: Amoonguss|86/100|[from] move: Wish|[wisher] Alomomola
|upkeep
|turn|23
|
|t:|1758935804
|move|p2a: Ogerpon|U-turn|p1a: Amoonguss
|-damage|p1a: Amoonguss|67/100
|
|t:|1758935807
|switch|p2a: Tinkaton|Tinkaton, F|83/100 par|[from] U-turn
|-ability|p2a: Tinkaton|Mold Breaker
|move|p1a: Amoonguss|Foul Play|p2a: Tinkaton
|-resisted|p2a: Tinkaton
|-damage|p2a: Tinkaton|74/100 par
|
|upkeep
|turn|24
|
|t:|1758935818
|switch|p1a: Alomomola|Alomomola, F, shiny|100/100
|move|p2a: Tinkaton|Knock Off|p1a: Alomomola
|-damage|p1a: Alomomola|90/100
|-enditem|p1a: Alomomola|Heavy-Duty Boots|[from] move: Knock Off|[of] p2a: Tinkaton
|
|upkeep
|turn|25
|
|t:|1758935824
|switch|p2a: Ogerpon|Ogerpon-Wellspring, F|73/100
|move|p1a: Alomomola|Wish|p1a: Alomomola
|
|upkeep
|turn|26
|
|t:|1758935828
|switch|p1a: Amoonguss|Amoonguss, F, shiny|100/100
|-damage|p1a: Amoonguss|88/100|[from] Stealth Rock
|-damage|p1a: Amoonguss|75/100|[from] Spikes
|move|p2a: Ogerpon|U-turn|p1a: Amoonguss
|-crit|p1a: Amoonguss
|-damage|p1a: Amoonguss|45/100
|
|t:|1758935835
|switch|p2a: Latios|Latios, M|90/100|[from] U-turn
|
|-heal|p1a: Amoonguss|100/100|[from] move: Wish|[wisher] Alomomola
|upkeep
|turn|27
|
|t:|1758935849
|switch|p1a: Gholdengo|Gholdengo, shiny|97/100
|-damage|p1a: Gholdengo|91/100|[from] Stealth Rock
|-damage|p1a: Gholdengo|79/100|[from] Spikes
|move|p2a: Latios|Luster Purge|p1a: Gholdengo
|-resisted|p1a: Gholdengo
|-damage|p1a: Gholdengo|53/100
|-unboost|p1a: Gholdengo|spd|1
|
|upkeep
|turn|28
|
|t:|1758935871
|switch|p2a: Samurott|Samurott-Hisui, F|100/100
|move|p1a: Gholdengo|Recover|p1a: Gholdengo
|-heal|p1a: Gholdengo|100/100
|
|upkeep
|turn|29
|
|t:|1758935878
|switch|p1a: Clefable|Clefable, F, shiny|100/100
|move|p2a: Samurott|Ceaseless Edge|p1a: Clefable
|-resisted|p1a: Clefable
|-damage|p1a: Clefable|82/100
|-sidestart|p1: jojosworld|Spikes
|
|-heal|p1a: Clefable|88/100|[from] item: Leftovers
|upkeep
|turn|30
|
|t:|1758935886
|switch|p2a: Tinkaton|Tinkaton, F|74/100 par
|-ability|p2a: Tinkaton|Mold Breaker
|move|p1a: Clefable|Stealth Rock|p2a: Tinkaton
|-sidestart|p2: salty pepperer|move: Stealth Rock
|
|-heal|p1a: Clefable|94/100|[from] item: Leftovers
|upkeep
|turn|31
|
|t:|1758935895
|switch|p1a: Alomomola|Alomomola, F, shiny|100/100
|-damage|p1a: Alomomola|88/100|[from] Stealth Rock
|-damage|p1a: Alomomola|71/100|[from] Spikes
|switch|p2a: Ogerpon|Ogerpon-Wellspring, F|73/100
|-damage|p2a: Ogerpon|60/100|[from] Stealth Rock
|
|upkeep
|turn|32
|
|t:|1758935909
|switch|p1a: Clefable|Clefable, F, shiny|94/100
|move|p2a: Ogerpon|U-turn|p1a: Clefable
|-resisted|p1a: Clefable
|-damage|p1a: Clefable|83/100
|
|t:|1758935915
|switch|p2a: Tinkaton|Tinkaton, F|74/100 par|[from] U-turn
|-damage|p2a: Tinkaton|68/100 par|[from] Stealth Rock
|-ability|p2a: Tinkaton|Mold Breaker
|
|-heal|p1a: Clefable|90/100|[from] item: Leftovers
|upkeep
|turn|33
|
|t:|1758935926
|switch|p1a: Alomomola|Alomomola, F, shiny|100/100
|-damage|p1a: Alomomola|88/100|[from] Stealth Rock
|-damage|p1a: Alomomola|71/100|[from] Spikes
|move|p2a: Tinkaton|Gigaton Hammer|p1a: Alomomola
|-resisted|p1a: Alomomola
|-damage|p1a: Alomomola|61/100
|
|upkeep
|turn|34
|
|t:|1758935937
|switch|p2a: Latios|Latios, M|90/100
|-damage|p2a: Latios|77/100|[from] Stealth Rock
|move|p1a: Alomomola|Wish|p1a: Alomomola
|
|upkeep
|turn|35
|
|t:|1758935949
|switch|p2a: Ogerpon|Ogerpon-Wellspring, F|60/100
|-damage|p2a: Ogerpon|48/100|[from] Stealth Rock
|switch|p1a: Gholdengo|Gholdengo, shiny|100/100
|-damage|p1a: Gholdengo|94/100|[from] Stealth Rock
|-damage|p1a: Gholdengo|78/100|[from] Spikes
|
|-heal|p1a: Gholdengo|100/100|[from] move: Wish|[wisher] Alomomola
|upkeep
|turn|36
|
|t:|1758935963
|move|p2a: Ogerpon|U-turn|p1a: Gholdengo
|-resisted|p1a: Gholdengo
|-damage|p1a: Gholdengo|96/100
|-damage|p2a: Ogerpon|31/100|[from] item: Rocky Helmet|[of] p1a: Gholdengo
|
|t:|1758935967
|switch|p2a: Samurott|Samurott-Hisui, F|100/100|[from] U-turn
|-damage|p2a: Samurott|88/100|[from] Stealth Rock
|move|p1a: Gholdengo|Hex|p2a: Samurott
|-resisted|p2a: Samurott
|-damage|p2a: Samurott|78/100
|
|upkeep
|turn|37
|
|t:|1758935973
|switch|p1a: Clefable|Clefable, F, shiny|90/100
|move|p2a: Samurott|Ceaseless Edge|p1a: Clefable
|-resisted|p1a: Clefable
|-damage|p1a: Clefable|71/100
|-sidestart|p1: jojosworld|Spikes
|
|-heal|p1a: Clefable|77/100|[from] item: Leftovers
|upkeep
|turn|38
|
|t:|1758935982
|switch|p2a: Great Tusk|Great Tusk|100/100
|move|p1a: Clefable|Moonlight|p1a: Clefable
|-heal|p1a: Clefable|100/100
|
|upkeep
|turn|39
|
|t:|1758935988
|move|p2a: Great Tusk|Knock Off|p1a: Clefable
|-resisted|p1a: Clefable
|-damage|p1a: Clefable|89/100
|-enditem|p1a: Clefable|Leftovers|[from] move: Knock Off|[of] p2a: Great Tusk
|move|p1a: Clefable|Moonblast|p2a: Great Tusk
|-supereffective|p2a: Great Tusk
|-damage|p2a: Great Tusk|8/100
|
|upkeep
|turn|40
|
|t:|1758935996
|-end|p2a: Great Tusk|Protosynthesis|[silent]
|switch|p2a: Tinkaton|Tinkaton, F|68/100 par
|-damage|p2a: Tinkaton|61/100 par|[from] Stealth Rock
|-ability|p2a: Tinkaton|Mold Breaker
|move|p1a: Clefable|Moonblast|p2a: Tinkaton
|-resisted|p2a: Tinkaton
|-damage|p2a: Tinkaton|48/100 par
|
|upkeep
|turn|41
|
|t:|1758936010
|switch|p1a: Alomomola|Alomomola, F, shiny|94/100
|-damage|p1a: Alomomola|82/100|[from] Stealth Rock
|-damage|p1a: Alomomola|57/100|[from] Spikes
|switch|p2a: Latios|Latios, M|77/100
|-damage|p2a: Latios|65/100|[from] Stealth Rock
|
|upkeep
|turn|42
|
|t:|1758936023
|move|p1a: Alomomola|Protect|p1a: Alomomola
|-singleturn|p1a: Alomomola|Protect
|move|p2a: Latios|Luster Purge|p1a: Alomomola
|-activate|p1a: Alomomola|move: Protect
|
|upkeep
|turn|43
|
|t:|1758936032
|switch|p1a: Gholdengo|Gholdengo, shiny|96/100
|-damage|p1a: Gholdengo|90/100|[from] Stealth Rock
|-damage|p1a: Gholdengo|65/100|[from] Spikes
|move|p2a: Latios|Luster Purge|p1a: Gholdengo
|-resisted|p1a: Gholdengo
|-damage|p1a: Gholdengo|39/100
|-unboost|p1a: Gholdengo|spd|1
|
|upkeep
|turn|44
|
|t:|1758936041
|move|p2a: Latios|Luster Purge|p1a: Gholdengo
|-resisted|p1a: Gholdengo
|-damage|p1a: Gholdengo|0 fnt
|faint|p1a: Gholdengo
|
|upkeep
|
|t:|1758936058
|switch|p1a: Clefable|Clefable, F, shiny|89/100
|turn|45
|
|t:|1758936063
|switch|p2a: Tinkaton|Tinkaton, F|48/100 par
|-damage|p2a: Tinkaton|42/100 par|[from] Stealth Rock
|-ability|p2a: Tinkaton|Mold Breaker
|move|p1a: Clefable|Moonblast|p2a: Tinkaton
|-resisted|p2a: Tinkaton
|-damage|p2a: Tinkaton|29/100 par
|
|upkeep
|turn|46
|
|t:|1758936074
|switch|p1a: Great Tusk|Great Tusk, shiny|62/100
|-damage|p1a: Great Tusk|60/100|[from] Stealth Rock
|-damage|p1a: Great Tusk|35/100|[from] Spikes
|switch|p2a: Latios|Latios, M|65/100
|-damage|p2a: Latios|53/100|[from] Stealth Rock
|
|upkeep
|turn|47
|
|t:|1758936084
|-end|p1a: Great Tusk|Protosynthesis|[silent]
|switch|p1a: Goodra|Goodra-Hisui, F, shiny|94/100
|-damage|p1a: Goodra|88/100|[from] Stealth Rock
|-damage|p1a: Goodra|63/100|[from] Spikes
|move|p2a: Latios|Draco Meteor|p1a: Goodra
|-damage|p1a: Goodra|37/100
|-unboost|p2a: Latios|spa|2
|
|upkeep
|turn|48
|
|t:|1758936095
|switch|p2a: Tinkaton|Tinkaton, F|29/100 par
|-damage|p2a: Tinkaton|22/100 par|[from] Stealth Rock
|-ability|p2a: Tinkaton|Mold Breaker
|move|p1a: Goodra|Knock Off|p2a: Tinkaton
|-resisted|p2a: Tinkaton
|-damage|p2a: Tinkaton|13/100 par
|
|upkeep
|turn|49
|
|t:|1758936103
|move|p2a: Tinkaton|Knock Off|p1a: Goodra
|-damage|p1a: Goodra|21/100
|-enditem|p1a: Goodra|Assault Vest|[from] move: Knock Off|[of] p2a: Tinkaton
|move|p1a: Goodra|Ice Beam|p2a: Tinkaton
|-resisted|p2a: Tinkaton
|-damage|p2a: Tinkaton|3/100 par
|
|upkeep
|turn|50
|
|t:|1758936109
|move|p2a: Tinkaton|Gigaton Hammer|p1a: Goodra
|-resisted|p1a: Goodra
|-damage|p1a: Goodra|0 fnt
|faint|p1a: Goodra
|
|upkeep
|
|t:|1758936115
|switch|p1a: Great Tusk|Great Tusk, shiny|35/100
|-damage|p1a: Great Tusk|32/100|[from] Stealth Rock
|-damage|p1a: Great Tusk|7/100|[from] Spikes
|turn|51
|
|t:|1758936135
|switch|p2a: Latios|Latios, M|53/100
|-damage|p2a: Latios|40/100|[from] Stealth Rock
|move|p1a: Great Tusk|Rapid Spin|p2a: Latios
|-damage|p2a: Latios|15/100
|-boost|p1a: Great Tusk|spe|1
|-sideend|p1: jojosworld|Spikes|[from] move: Rapid Spin|[of] p1a: Great Tusk
|-sideend|p1: jojosworld|Stealth Rock|[from] move: Rapid Spin|[of] p1a: Great Tusk
|
|upkeep
|turn|52
|
|t:|1758936143
|move|p2a: Latios|Luster Purge|p1a: Great Tusk
|-supereffective|p1a: Great Tusk
|-damage|p1a: Great Tusk|0 fnt
|faint|p1a: Great Tusk
|-end|p1a: Great Tusk|Protosynthesis|[silent]
|
|upkeep
|
|t:|1758936146
|switch|p1a: Clefable|Clefable, F, shiny|89/100
|turn|53
|
|t:|1758936155
|switch|p2a: Tinkaton|Tinkaton, F|3/100 par
|-damage|p2a: Tinkaton|0 fnt|[from] Stealth Rock
|faint|p2a: Tinkaton
|move|p1a: Clefable|Moonlight|p1a: Clefable
|-heal|p1a: Clefable|100/100
|
|upkeep
|
|t:|1758936168
|switch|p2a: Great Tusk|Great Tusk|8/100
|turn|54
|
|t:|1758936171
|move|p2a: Great Tusk|Rapid Spin|p1a: Clefable
|-damage|p1a: Clefable|87/100
|-boost|p2a: Great Tusk|spe|1
|-sideend|p2: salty pepperer|Stealth Rock|[from] move: Rapid Spin|[of] p2a: Great Tusk
|move|p1a: Clefable|Moonblast|p2a: Great Tusk
|-supereffective|p2a: Great Tusk
|-damage|p2a: Great Tusk|0 fnt
|faint|p2a: Great Tusk
|-end|p2a: Great Tusk|Protosynthesis|[silent]
|
|upkeep
|
|t:|1758936181
|switch|p2a: Ogerpon|Ogerpon-Wellspring, F|31/100
|turn|55
|
|t:|1758936184
|-terastallize|p2a: Ogerpon|Water
|detailschange|p2a: Ogerpon|Ogerpon-Wellspring-Tera, F, tera:Water
|-ability|p2a: Ogerpon|Embody Aspect (Wellspring)|boost
|-boost|p2a: Ogerpon|spd|1
|move|p2a: Ogerpon|Ivy Cudgel|p1a: Clefable|[anim] Ivy Cudgel Water
|-damage|p1a: Clefable|27/100
|move|p1a: Clefable|Moonblast|p2a: Ogerpon
|-damage|p2a: Ogerpon|5/100
|-unboost|p2a: Ogerpon|spa|1
|
|upkeep
|turn|56
|
|t:|1758936194
|switch|p1a: Amoonguss|Amoonguss, F, shiny|100/100
|move|p2a: Ogerpon|Ivy Cudgel|p1a: Amoonguss|[anim] Ivy Cudgel Water
|-resisted|p1a: Amoonguss
|-damage|p1a: Amoonguss|73/100
|
|upkeep
|turn|57
|
|t:|1758936200
|move|p2a: Ogerpon|U-turn|p1a: Amoonguss
|-damage|p1a: Amoonguss|52/100
|
|t:|1758936202
|switch|p2a: Samurott|Samurott-Hisui, F|78/100|[from] U-turn
|move|p1a: Amoonguss|Toxic|p2a: Samurott
|-status|p2a: Samurott|tox
|
|-damage|p2a: Samurott|71/100 tox|[from] psn
|upkeep
|turn|58
|
|t:|1758936209
|move|p2a: Samurott|Aqua Cutter|p1a: Amoonguss
|-resisted|p1a: Amoonguss
|-damage|p1a: Amoonguss|35/100
|move|p1a: Amoonguss|Giga Drain|p2a: Samurott
|-supereffective|p2a: Samurott
|-damage|p2a: Samurott|39/100 tox
|-heal|p1a: Amoonguss|48/100|[from] drain|[of] p2a: Samurott
|
|-damage|p2a: Samurott|27/100 tox|[from] psn
|upkeep
|turn|59
|
|t:|1758936223
|switch|p1a: Clefable|Clefable, F, shiny|27/100
|move|p2a: Samurott|Ceaseless Edge|p1a: Clefable
|-resisted|p1a: Clefable
|-damage|p1a: Clefable|10/100
|-sidestart|p1: jojosworld|Spikes
|
|-damage|p2a: Samurott|8/100 tox|[from] psn
|upkeep
|turn|60
|
|t:|1758936230
|move|p2a: Samurott|Aqua Cutter|p1a: Clefable
|-damage|p1a: Clefable|0 fnt
|faint|p1a: Clefable
|
|-damage|p2a: Samurott|0 fnt|[from] psn
|faint|p2a: Samurott
|upkeep
|
|t:|1758936241
|switch|p2a: Latios|Latios, M|15/100
|switch|p1a: Amoonguss|Amoonguss, F, shiny|81/100
|-damage|p1a: Amoonguss|69/100|[from] Spikes
|turn|61
|
|t:|1758936251
|switch|p1a: Alomomola|Alomomola, F, shiny|90/100
|-damage|p1a: Alomomola|78/100|[from] Spikes
|move|p2a: Latios|Draco Meteor|p1a: Alomomola
|-damage|p1a: Alomomola|0 fnt
|-unboost|p2a: Latios|spa|2
|faint|p1a: Alomomola
|
|upkeep
|
|t:|1758936252
|switch|p1a: Amoonguss|Amoonguss, F, shiny|100/100
|-damage|p1a: Amoonguss|88/100|[from] Spikes
|turn|62
|
|t:|1758936261
|switch|p2a: Ogerpon|Ogerpon-Wellspring-Tera, F, tera:Water|5/100
|-ability|p2a: Ogerpon|Embody Aspect (Wellspring)|boost
|-boost|p2a: Ogerpon|spd|1
|move|p1a: Amoonguss|Giga Drain|p2a: Ogerpon
|-supereffective|p2a: Ogerpon
|-damage|p2a: Ogerpon|0 fnt
|-heal|p1a: Amoonguss|90/100|[from] drain|[of] p2a: Ogerpon
|faint|p2a: Ogerpon
|detailschange|p2: Ogerpon|Ogerpon-Wellspring, F|[silent]
|
|upkeep
|
|t:|1758936269
|switch|p2a: Latios|Latios, M|15/100
|turn|63
|
|t:|1758936273
|-terastallize|p1a: Amoonguss|Water
|move|p2a: Latios|Luster Purge|p1a: Amoonguss
|-damage|p1a: Amoonguss|36/100
|-unboost|p1a: Amoonguss|spd|1
|move|p1a: Amoonguss|Foul Play|p2a: Latios
|-supereffective|p2a: Latios
|-damage|p2a: Latios|0 fnt
|faint|p2a: Latios
|
|win|jojosworld
|raw|jojosworld's rating: 1705 &rarr; <strong>1722</strong><br />(+17 for winning)
|raw|salty pepperer's rating: 1652 &rarr; <strong>1635</strong><br />(-17 for losing)
|l|☆salty pepperer
|player|p2|
|l| mattyR
