|badge|p2|bronze|gen9ou|100-6
|html|<div class="broadcast-red"><strong>This battle is required to be public due to one or more player having a season medal.</strong><br />During the public phase, you can discuss the state of the ladder <a href="/seasondiscussion">in a special chatroom.</a></div>
|uhtml|medal-msg|<div class="broadcast-blue">Curious what those medals under the avatar are? PS now has Ladder Seasons! For more information, check out the <a href="https://www.smogon.com/forums/threads/3740067/">thread on Smogon.</a></div>
|j|☆gen 9 sab truther
|j|‽JackRG1
|t:|1759015541
|gametype|singles
|player|p1|gen 9 sab truther|morty-masters|1694
|player|p2|JackRG1|dawn-gen4pt|1891
|gen|9
|tier|[Gen 9] OU
|rated|
|rule|HP Percentage Mod: HP is shown in percentages
|rule|Endless Battle Clause: Forcing endless battles is banned
|rule|Species Clause: Limit one of each Pokémon
|rule|OHKO Clause: OHKO moves are banned
|rule|Evasion Items Clause: Evasion items are banned
|rule|Evasion Moves Clause: Evasion moves are banned
|rule|Evasion Abilities Clause: Evasion abilities are banned
|rule|Sleep Moves Clause: Sleep-inducing moves are banned
|clearpoke
|poke|p1|Garganacl, F|
|poke|p1|Great Tusk|
|poke|p1|Chesnaught, M|
|poke|p1|Dragapult, F|
|poke|p1|Moltres|
|poke|p1|Kingambit, F|
|poke|p2|Weezing-Galar, M|
|poke|p2|Ting-Lu|
|poke|p2|Corviknight, F|
|poke|p2|Skeledirge, F|
|poke|p2|Dragapult, F|
|poke|p2|Ogerpon-Wellspring, F|
|teampreview
|inactive|Battle timer is ON: inactive players will automatically lose when time's up. (requested by gen 9 sab truther)
|inactive|JackRG1 also wants the timer to be on.
|j| Otsdarva9
|j| amefurikoneko
|inactive|JackRG1 has 120 seconds left.
|
|t:|1759015578
|teamsize|p1|6
|teamsize|p2|6
|start
|switch|p1a: Dragapult|Dragapult, F|100/100
|switch|p2a: Ting-Lu|Ting-Lu, shiny|100/100
|-ability|p2a: Ting-Lu|Vessel of Ruin
|turn|1
|j| larp legion
|
|t:|1759015582
|move|p1a: Dragapult|Will-O-Wisp|p2a: Ting-Lu|[miss]
|-miss|p1a: Dragapult|p2a: Ting-Lu
|move|p2a: Ting-Lu|Stealth Rock|p1a: Dragapult
|-sidestart|p1: gen 9 sab truther|move: Stealth Rock
|
|upkeep
|turn|2
|
|t:|1759015585
|move|p1a: Dragapult|Will-O-Wisp|p2a: Ting-Lu
|-status|p2a: Ting-Lu|brn
|move|p2a: Ting-Lu|Earthquake|p1a: Dragapult
|-damage|p1a: Dragapult|74/100
|
|-damage|p2a: Ting-Lu|94/100 brn|[from] brn
|upkeep
|turn|3
|
|t:|1759015589
|move|p1a: Dragapult|U-turn|p2a: Ting-Lu
|-supereffective|p2a: Ting-Lu
|-damage|p2a: Ting-Lu|74/100 brn
|
|t:|1759015592
|switch|p1a: Great Tusk|Great Tusk|100/100|[from] U-turn
|move|p2a: Ting-Lu|Earthquake|p1a: Great Tusk
|-damage|p1a: Great Tusk|88/100
|
|-heal|p2a: Ting-Lu|80/100 brn|[from] item: Leftovers
|-damage|p2a: Ting-Lu|74/100 brn|[from] brn
|upkeep
|turn|4
|
|t:|1759015601
|switch|p2a: Ogerpon|Ogerpon-Wellspring, F|100/100
|move|p1a: Great Tusk|Ice Spinner|p2a: Ogerpon
|-damage|p2a: Ogerpon|72/100
|
|upkeep
|turn|5
|
|t:|1759015605
|-end|p1a: Great Tusk|Protosynthesis|[silent]
|switch|p1a: Chesnaught|Chesnaught, M|100/100
|-damage|p1a: Chesnaught|94/100|[from] Stealth Rock
|move|p2a: Ogerpon|Knock Off|p1a: Chesnaught
|-resisted|p1a: Chesnaught
|-damage|p1a: Chesnaught|84/100
|-damage|p2a: Ogerpon|56/100|[from] item: Rocky Helmet|[of] p1a: Chesnaught
|-enditem|p1a: Chesnaught|Rocky Helmet|[from] move: Knock Off|[of] p2a: Ogerpon
|
|upkeep
|turn|6
|
|t:|1759015612
|move|p2a: Ogerpon|Synthesis|p2a: Ogerpon
|-heal|p2a: Ogerpon|100/100
|move|p1a: Chesnaught|Spikes|p2a: Ogerpon
|-sidestart|p2: JackRG1|Spikes
|
|upkeep
|turn|7
|
|t:|1759015616
|move|p2a: Ogerpon|Spikes|p1a: Chesnaught
|-sidestart|p1: gen 9 sab truther|Spikes
|move|p1a: Chesnaught|Spikes|p2a: Ogerpon
|-sidestart|p2: JackRG1|Spikes
|
|upkeep
|turn|8
|
|t:|1759015619
|switch|p2a: Weezing|Weezing-Galar, M|100/100
|-ability|p2a: Weezing|Neutralizing Gas
|move|p1a: Chesnaught|Spikes|p2a: Weezing
|-sidestart|p2: JackRG1|Spikes
|
|upkeep
|turn|9
|
|t:|1759015624
|switch|p1a: Moltres|Moltres|100/100
|move|p2a: Weezing|Sludge Bomb|p1a: Moltres
|-damage|p1a: Moltres|81/100
|
|upkeep
|turn|10
|
|t:|1759015631
|move|p1a: Moltres|Flamethrower|p2a: Weezing
|-damage|p2a: Weezing|53/100
|move|p2a: Weezing|Sludge Bomb|p1a: Moltres
|-damage|p1a: Moltres|60/100
|
|upkeep
|turn|11
|
|t:|1759015640
|-end|p2a: Weezing|ability: Neutralizing Gas
|switch|p2a: Skeledirge|Skeledirge, F|100/100
|move|p1a: Moltres|Flamethrower|p2a: Skeledirge
|-resisted|p2a: Skeledirge
|-damage|p2a: Skeledirge|87/100
|
|upkeep
|turn|12
|
|t:|1759015644
|move|p1a: Moltres|U-turn|p2a: Skeledirge
|-resisted|p2a: Skeledirge
|-damage|p2a: Skeledirge|84/100
|
|t:|1759015646
|switch|p1a: Garganacl|Garganacl, F|100/100|[from] U-turn
|-damage|p1a: Garganacl|88/100|[from] Stealth Rock
|-damage|p1a: Garganacl|76/100|[from] Spikes
|move|p2a: Skeledirge|Torch Song|p1a: Garganacl
|-resisted|p1a: Garganacl
|-crit|p1a: Garganacl
|-damage|p1a: Garganacl|62/100
|-boost|p2a: Skeledirge|spa|1
|
|-heal|p1a: Garganacl|68/100|[from] item: Leftovers
|upkeep
|turn|13
|
|t:|1759015648
|move|p2a: Skeledirge|Earth Power|p1a: Garganacl
|-supereffective|p1a: Garganacl
|-damage|p1a: Garganacl|24/100
|move|p1a: Garganacl|Salt Cure|p2a: Skeledirge
|-supereffective|p2a: Skeledirge
|-damage|p2a: Skeledirge|63/100
|-start|p2a: Skeledirge|Salt Cure
|
|-heal|p1a: Garganacl|30/100|[from] item: Leftovers
|-damage|p2a: Skeledirge|51/100|[from] Salt Cure
|upkeep
|turn|14
|
|t:|1759015654
|move|p1a: Garganacl|Protect|p1a: Garganacl
|-singleturn|p1a: Garganacl|Protect
|move|p2a: Skeledirge|Slack Off|p2a: Skeledirge
|-heal|p2a: Skeledirge|100/100
|
|-heal|p1a: Garganacl|36/100|[from] item: Leftovers
|-damage|p2a: Skeledirge|88/100|[from] Salt Cure
|upkeep
|turn|15
|
|t:|1759015656
|-terastallize|p1a: Garganacl|Water
|move|p2a: Skeledirge|Earth Power|p1a: Garganacl
|-damage|p1a: Garganacl|15/100
|move|p1a: Garganacl|Recover|p1a: Garganacl
|-heal|p1a: Garganacl|65/100
|
|-heal|p1a: Garganacl|71/100|[from] item: Leftovers
|-damage|p2a: Skeledirge|76/100|[from] Salt Cure
|upkeep
|turn|16
|
|t:|1759015661
|move|p2a: Skeledirge|Torch Song|p1a: Garganacl
|-resisted|p1a: Garganacl
|-damage|p1a: Garganacl|57/100
|-boost|p2a: Skeledirge|spa|1
|move|p1a: Garganacl|Stealth Rock|p2a: Skeledirge
|-sidestart|p2: JackRG1|move: Stealth Rock
|
|-heal|p1a: Garganacl|63/100|[from] item: Leftovers
|-damage|p2a: Skeledirge|63/100|[from] Salt Cure
|upkeep
|turn|17
|
|t:|1759015663
|move|p2a: Skeledirge|Torch Song|p1a: Garganacl
|-resisted|p1a: Garganacl
|-damage|p1a: Garganacl|42/100
|-boost|p2a: Skeledirge|spa|1
|move|p1a: Garganacl|Recover|p1a: Garganacl
|-heal|p1a: Garganacl|92/100
|
|-heal|p1a: Garganacl|98/100|[from] item: Leftovers
|-damage|p2a: Skeledirge|51/100|[from] Salt Cure
|upkeep
|turn|18
|
|t:|1759015666
|move|p2a: Skeledirge|Torch Song|p1a: Garganacl
|-resisted|p1a: Garganacl
|-damage|p1a: Garganacl|73/100
|-boost|p2a: Skeledirge|spa|1
|move|p1a: Garganacl|Salt Cure|p2a: Skeledirge
|-supereffective|p2a: Skeledirge
|-damage|p2a: Skeledirge|26/100
|
|-heal|p1a: Garganacl|79/100|[from] item: Leftovers
|-damage|p2a: Skeledirge|14/100|[from] Salt Cure
|upkeep
|turn|19
|
|t:|1759015679
|move|p2a: Skeledirge|Slack Off|p2a: Skeledirge
|-heal|p2a: Skeledirge|64/100
|move|p1a: Garganacl|Salt Cure|p2a: Skeledirge
|-supereffective|p2a: Skeledirge
|-damage|p2a: Skeledirge|40/100
|
|-heal|p1a: Garganacl|86/100|[from] item: Leftovers
|-damage|p2a: Skeledirge|28/100|[from] Salt Cure
|upkeep
|turn|20
|j| magma_man85
|
|t:|1759015682
|move|p2a: Skeledirge|Slack Off|p2a: Skeledirge
|-heal|p2a: Skeledirge|78/100
|move|p1a: Garganacl|Salt Cure|p2a: Skeledirge
|-supereffective|p2a: Skeledirge
|-damage|p2a: Skeledirge|54/100
|
|-heal|p1a: Garganacl|92/100|[from] item: Leftovers
|-damage|p2a: Skeledirge|42/100|[from] Salt Cure
|upkeep
|turn|21
|
|t:|1759015685
|move|p2a: Skeledirge|Slack Off|p2a: Skeledirge
|-heal|p2a: Skeledirge|92/100
|move|p1a: Garganacl|Salt Cure|p2a: Skeledirge
|-supereffective|p2a: Skeledirge
|-damage|p2a: Skeledirge|67/100
|
|-heal|p1a: Garganacl|98/100|[from] item: Leftovers
|-damage|p2a: Skeledirge|55/100|[from] Salt Cure
|upkeep
|turn|22
|
|t:|1759015689
|move|p2a: Skeledirge|Earth Power|p1a: Garganacl
|-damage|p1a: Garganacl|51/100
|move|p1a: Garganacl|Salt Cure|p2a: Skeledirge
|-supereffective|p2a: Skeledirge
|-damage|p2a: Skeledirge|31/100
|
|-heal|p1a: Garganacl|57/100|[from] item: Leftovers
|-damage|p2a: Skeledirge|19/100|[from] Salt Cure
|upkeep
|turn|23
|
|t:|1759015694
|move|p2a: Skeledirge|Slack Off|p2a: Skeledirge
|-heal|p2a: Skeledirge|69/100
|move|p1a: Garganacl|Salt Cure|p2a: Skeledirge
|-supereffective|p2a: Skeledirge
|-damage|p2a: Skeledirge|46/100
|
|-heal|p1a: Garganacl|64/100|[from] item: Leftovers
|-damage|p2a: Skeledirge|34/100|[from] Salt Cure
|upkeep
|turn|24
|
|t:|1759015700
|move|p2a: Skeledirge|Earth Power|p1a: Garganacl
|-damage|p1a: Garganacl|19/100
|move|p1a: Garganacl|Recover|p1a: Garganacl
|-heal|p1a: Garganacl|69/100
|
|-heal|p1a: Garganacl|75/100|[from] item: Leftovers
|-damage|p2a: Skeledirge|21/100|[from] Salt Cure
|upkeep
|turn|25
|
|t:|1759015705
|move|p2a: Skeledirge|Earth Power|p1a: Garganacl
|-damage|p1a: Garganacl|28/100
|move|p1a: Garganacl|Salt Cure|p2a: Skeledirge
|-supereffective|p2a: Skeledirge
|-damage|p2a: Skeledirge|0 fnt
|faint|p2a: Skeledirge
|
|-heal|p1a: Garganacl|34/100|[from] item: Leftovers
|upkeep
|
|t:|1759015712
|switch|p2a: Weezing|Weezing-Galar, M|53/100
|-ability|p2a: Weezing|Neutralizing Gas
|turn|26
|l| magma_man85
|
|t:|1759015720
|move|p2a: Weezing|Defog|p1a: Garganacl
|-unboost|p1a: Garganacl|evasion|1
|-sideend|p1: gen 9 sab truther|Spikes|[from] move: Defog|[of] p2a: Weezing
|-sideend|p1: gen 9 sab truther|Stealth Rock|[from] move: Defog|[of] p2a: Weezing
|-sideend|p2: JackRG1|Spikes|[from] move: Defog|[of] p2a: Weezing
|-sideend|p2: JackRG1|Stealth Rock|[from] move: Defog|[of] p2a: Weezing
|move|p1a: Garganacl|Recover|p1a: Garganacl
|-heal|p1a: Garganacl|84/100
|
|-heal|p1a: Garganacl|91/100|[from] item: Leftovers
|upkeep
|turn|27
|
|t:|1759015737
|switch|p1a: Moltres|Moltres|60/100
|move|p2a: Weezing|Will-O-Wisp|p1a: Moltres|[miss]
|-miss|p2a: Weezing|p1a: Moltres
|
|upkeep
|turn|28
|
|t:|1759015743
|-end|p2a: Weezing|ability: Neutralizing Gas
|switch|p2a: Ogerpon|Ogerpon-Wellspring, F|100/100
|move|p1a: Moltres|Flamethrower|p2a: Ogerpon
|-damage|p2a: Ogerpon|66/100
|
|upkeep
|turn|29
|
|t:|1759015755
|switch|p1a: Chesnaught|Chesnaught, M|84/100
|move|p2a: Ogerpon|Spikes|p1a: Chesnaught
|-sidestart|p1: gen 9 sab truther|Spikes
|
|upkeep
|turn|30
|
|t:|1759015761
|switch|p2a: Weezing|Weezing-Galar, M|53/100
|-ability|p2a: Weezing|Neutralizing Gas
|move|p1a: Chesnaught|Spikes|p2a: Weezing
|-sidestart|p2: JackRG1|Spikes
|
|upkeep
|turn|31
|
|t:|1759015766
|switch|p1a: Moltres|Moltres|60/100
|move|p2a: Weezing|Pain Split|p1a: Moltres
|-sethp|p1a: Moltres|53/100|[from] move: Pain Split|[silent]
|-sethp|p2a: Weezing|60/100|[from] move: Pain Split
|
|upkeep
|turn|32
|
|t:|1759015770
|-end|p2a: Weezing|ability: Neutralizing Gas
|switch|p2a: Dragapult|Dragapult, F|100/100
|-damage|p2a: Dragapult|88/100|[from] Spikes
|move|p1a: Moltres|Flamethrower|p2a: Dragapult
|-resisted|p2a: Dragapult
|-crit|p2a: Dragapult
|-damage|p2a: Dragapult|47/100
|
|upkeep
|turn|33
|
|t:|1759015779
|switch|p1a: Kingambit|Kingambit, F|100/100
|-damage|p1a: Kingambit|88/100|[from] Spikes
|move|p2a: Dragapult|Draco Meteor|p1a: Kingambit
|-resisted|p1a: Kingambit
|-damage|p1a: Kingambit|49/100
|-unboost|p2a: Dragapult|spa|2
|
|-heal|p1a: Kingambit|55/100|[from] item: Leftovers
|upkeep
|turn|34
|
|t:|1759015790
|switch|p2a: Ogerpon|Ogerpon-Wellspring, F|66/100
|-damage|p2a: Ogerpon|54/100|[from] Spikes
|-end|p1a: Kingambit|fallenundefined|[silent]
|switch|p1a: Moltres|Moltres|53/100
|
|upkeep
|turn|35
|
|t:|1759015798
|switch|p2a: Dragapult|Dragapult, F|47/100
|-damage|p2a: Dragapult|35/100|[from] Spikes
|switch|p1a: Chesnaught|Chesnaught, M|84/100
|-damage|p1a: Chesnaught|72/100|[from] Spikes
|
|upkeep
|turn|36
|
|t:|1759015821
|switch|p1a: Kingambit|Kingambit, F|55/100
|-damage|p1a: Kingambit|43/100|[from] Spikes
|move|p2a: Dragapult|U-turn|p1a: Kingambit
|-damage|p1a: Kingambit|30/100
|
|t:|1759015826
|switch|p2a: Corviknight|Corviknight, F|100/100|[from] U-turn
|-ability|p2a: Corviknight|Pressure
|
|-heal|p1a: Kingambit|36/100|[from] item: Leftovers
|upkeep
|turn|37
|
|t:|1759015830
|-end|p1a: Kingambit|fallenundefined|[silent]
|switch|p1a: Moltres|Moltres|53/100
|move|p2a: Corviknight|U-turn|p1a: Moltres
|-resisted|p1a: Moltres
|-damage|p1a: Moltres|50/100
|
|t:|1759015834
|switch|p2a: Ting-Lu|Ting-Lu, shiny|74/100 brn|[from] U-turn
|-damage|p2a: Ting-Lu|62/100 brn|[from] Spikes
|-ability|p2a: Ting-Lu|Vessel of Ruin
|
|-heal|p2a: Ting-Lu|68/100 brn|[from] item: Leftovers
|-damage|p2a: Ting-Lu|62/100 brn|[from] brn
|upkeep
|turn|38
|
|t:|1759015837
|move|p1a: Moltres|U-turn|p2a: Ting-Lu
|-supereffective|p2a: Ting-Lu
|-damage|p2a: Ting-Lu|46/100 brn
|
|t:|1759015839
|switch|p1a: Great Tusk|Great Tusk|88/100|[from] U-turn
|move|p2a: Ting-Lu|Stealth Rock|p1a: Great Tusk
|-sidestart|p1: gen 9 sab truther|move: Stealth Rock
|
|-heal|p2a: Ting-Lu|53/100 brn|[from] item: Leftovers
|-damage|p2a: Ting-Lu|46/100 brn|[from] brn
|upkeep
|turn|39
|
|t:|1759015857
|switch|p2a: Dragapult|Dragapult, F|35/100
|-damage|p2a: Dragapult|22/100|[from] Spikes
|move|p1a: Great Tusk|Knock Off|p2a: Dragapult
|-supereffective|p2a: Dragapult
|-damage|p2a: Dragapult|0 fnt
|-enditem|p2a: Dragapult|Choice Specs|[from] move: Knock Off|[of] p1a: Great Tusk
|faint|p2a: Dragapult
|
|upkeep
|
|t:|1759015860
|switch|p2a: Ogerpon|Ogerpon-Wellspring, F|54/100
|-damage|p2a: Ogerpon|42/100|[from] Spikes
|turn|40
|
|t:|1759015870
|-end|p1a: Great Tusk|Protosynthesis|[silent]
|switch|p1a: Chesnaught|Chesnaught, M|72/100
|-damage|p1a: Chesnaught|59/100|[from] Spikes
|-damage|p1a: Chesnaught|53/100|[from] Stealth Rock
|-terastallize|p2a: Ogerpon|Water
|detailschange|p2a: Ogerpon|Ogerpon-Wellspring-Tera, F, tera:Water
|-ability|p2a: Ogerpon|Embody Aspect (Wellspring)|boost
|-boost|p2a: Ogerpon|spd|1
|move|p2a: Ogerpon|Ivy Cudgel|p1a: Chesnaught|[anim] Ivy Cudgel Water
|-resisted|p1a: Chesnaught
|-damage|p1a: Chesnaught|33/100
|
|upkeep
|turn|41
|
|t:|1759015874
|move|p2a: Ogerpon|Synthesis|p2a: Ogerpon
|-heal|p2a: Ogerpon|92/100
|move|p1a: Chesnaught|Synthesis|p1a: Chesnaught
|-heal|p1a: Chesnaught|83/100
|
|upkeep
|turn|42
|
|t:|1759015879
|switch|p2a: Weezing|Weezing-Galar, M|60/100
|-ability|p2a: Weezing|Neutralizing Gas
|move|p1a: Chesnaught|Spikes|p2a: Weezing
|-sidestart|p2: JackRG1|Spikes
|
|upkeep
|turn|43
|
|t:|1759015882
|switch|p1a: Moltres|Moltres|50/100
|-end|p2a: Weezing|ability: Neutralizing Gas
|switch|p2a: Ogerpon|Ogerpon-Wellspring-Tera, F, tera:Water|92/100
|-damage|p2a: Ogerpon|75/100|[from] Spikes
|-ability|p2a: Ogerpon|Embody Aspect (Wellspring)|boost
|-boost|p2a: Ogerpon|spd|1
|
|upkeep
|turn|44
|
|t:|1759015887
|switch|p1a: Chesnaught|Chesnaught, M|83/100
|-damage|p1a: Chesnaught|70/100|[from] Spikes
|-damage|p1a: Chesnaught|64/100|[from] Stealth Rock
|move|p2a: Ogerpon|Ivy Cudgel|p1a: Chesnaught|[anim] Ivy Cudgel Water
|-resisted|p1a: Chesnaught
|-damage|p1a: Chesnaught|44/100
|
|upkeep
|turn|45
|
|t:|1759015889
|switch|p2a: Weezing|Weezing-Galar, M|60/100
|-ability|p2a: Weezing|Neutralizing Gas
|move|p1a: Chesnaught|Synthesis|p1a: Chesnaught
|-heal|p1a: Chesnaught|94/100
|
|upkeep
|turn|46
|
|t:|1759015892
|switch|p1a: Moltres|Moltres|50/100
|-end|p2a: Weezing|ability: Neutralizing Gas
|switch|p2a: Ogerpon|Ogerpon-Wellspring-Tera, F, tera:Water|75/100
|-damage|p2a: Ogerpon|59/100|[from] Spikes
|-ability|p2a: Ogerpon|Embody Aspect (Wellspring)|boost
|-boost|p2a: Ogerpon|spd|1
|
|upkeep
|turn|47
|
|t:|1759015896
|switch|p2a: Weezing|Weezing-Galar, M|60/100
|-ability|p2a: Weezing|Neutralizing Gas
|switch|p1a: Chesnaught|Chesnaught, M|94/100
|-damage|p1a: Chesnaught|82/100|[from] Spikes
|-damage|p1a: Chesnaught|76/100|[from] Stealth Rock
|
|upkeep
|turn|48
|
|t:|1759015899
|switch|p1a: Moltres|Moltres|50/100
|-end|p2a: Weezing|ability: Neutralizing Gas
|switch|p2a: Ogerpon|Ogerpon-Wellspring-Tera, F, tera:Water|59/100
|-damage|p2a: Ogerpon|42/100|[from] Spikes
|-ability|p2a: Ogerpon|Embody Aspect (Wellspring)|boost
|-boost|p2a: Ogerpon|spd|1
|
|upkeep
|turn|49
|
|t:|1759015914
|switch|p1a: Chesnaught|Chesnaught, M|76/100
|-damage|p1a: Chesnaught|63/100|[from] Spikes
|-damage|p1a: Chesnaught|57/100|[from] Stealth Rock
|move|p2a: Ogerpon|Ivy Cudgel|p1a: Chesnaught|[anim] Ivy Cudgel Water
|-resisted|p1a: Chesnaught
|-damage|p1a: Chesnaught|38/100
|
|upkeep
|turn|50
|
|t:|1759015918
|move|p2a: Ogerpon|Spikes|p1a: Chesnaught
|-sidestart|p1: gen 9 sab truther|Spikes
|move|p1a: Chesnaught|Synthesis|p1a: Chesnaught
|-heal|p1a: Chesnaught|88/100
|
|upkeep
|turn|51
|
|t:|1759015921
|move|p2a: Ogerpon|Spikes|p1a: Chesnaught
|-sidestart|p1: gen 9 sab truther|Spikes
|move|p1a: Chesnaught|Spikes|p2a: Ogerpon
|-sidestart|p2: JackRG1|Spikes
|
|upkeep
|turn|52
|
|t:|1759015928
|move|p2a: Ogerpon|Synthesis|p2a: Ogerpon
|-heal|p2a: Ogerpon|92/100
|move|p1a: Chesnaught|Body Press|p2a: Ogerpon
|-damage|p2a: Ogerpon|48/100
|
|upkeep
|turn|53
|
|t:|1759015931
|switch|p2a: Weezing|Weezing-Galar, M|60/100
|-ability|p2a: Weezing|Neutralizing Gas
|move|p1a: Chesnaught|Body Press|p2a: Weezing
|-resisted|p2a: Weezing
|-damage|p2a: Weezing|53/100
|
|upkeep
|turn|54
|
|t:|1759015941
|switch|p1a: Dragapult|Dragapult, F|74/100
|move|p2a: Weezing|Will-O-Wisp|p1a: Dragapult
|-status|p1a: Dragapult|brn
|
|-damage|p1a: Dragapult|68/100 brn|[from] brn
|upkeep
|turn|55
|
|t:|1759015949
|move|p1a: Dragapult|Will-O-Wisp|p2a: Weezing
|-status|p2a: Weezing|brn
|move|p2a: Weezing|Pain Split|p1a: Dragapult
|-sethp|p1a: Dragapult|62/100 brn|[from] move: Pain Split|[silent]
|-sethp|p2a: Weezing|59/100 brn|[from] move: Pain Split
|
|-damage|p1a: Dragapult|56/100 brn|[from] brn
|-damage|p2a: Weezing|53/100 brn|[from] brn
|upkeep
|turn|56
|-message|JackRG1 forfeited.
|
|win|gen 9 sab truther
|raw|gen 9 sab truther's rating: 1694 &rarr; <strong>1724</strong><br />(+30 for winning)
|raw|JackRG1's rating: 1891 &rarr; <strong>1861</strong><br />(-30 for losing)
|l|‽JackRG1
|player|p2|
|l| Otsdarva9
|l| amefurikoneko
|l|☆gen 9 sab truther
|player|p1|
