|j|☆SeannyE
|j|☆Kwaga
|t:|1758995941
|gametype|singles
|player|p1|SeannyE|101|1459
|player|p2|Kwaga|yellow|1464
|gen|9
|tier|[Gen 9] OU
|rated|
|rule|HP Percentage Mod: HP is shown in percentages
|rule|Endless Battle Clause: Forcing endless battles is banned
|rule|Species Clause: Limit one of each Pokémon
|rule|OHKO Clause: OHKO moves are banned
|rule|Evasion Items Clause: Evasion items are banned
|rule|Evasion Moves Clause: Evasion moves are banned
|rule|Evasion Abilities Clause: Evasion abilities are banned
|rule|Sleep Moves Clause: Sleep-inducing moves are banned
|clearpoke
|poke|p1|Cinderace, M|
|poke|p1|Keldeo-Resolute|
|poke|p1|Zapdos|
|poke|p1|Krookodile, F|
|poke|p1|Garganacl, F|
|poke|p1|Alomomola, M|
|poke|p2|Dragonite, M|
|poke|p2|Iron Moth|
|poke|p2|Hatterene, F|
|poke|p2|Ogerpon-Cornerstone, F|
|poke|p2|Clodsire, M|
|poke|p2|Corviknight, M|
|teampreview
|
|t:|1758995951
|teamsize|p1|6
|teamsize|p2|6
|start
|switch|p1a: Zapdos|Zapdos|100/100
|switch|p2a: Ogerpon|Ogerpon-Cornerstone, F|100/100
|turn|1
|
|t:|1758995954
|move|p1a: Zapdos|U-turn|p2a: Ogerpon
|-supereffective|p2a: Ogerpon
|-crit|p2a: Ogerpon
|-damage|p2a: Ogerpon|47/100
|
|t:|1758995955
|switch|p1a: Cinderace|Cinderace, M|100/100|[from] U-turn
|move|p2a: Ogerpon|Ivy Cudgel|p1a: Cinderace|[anim] Ivy Cudgel Rock
|-supereffective|p1a: Cinderace
|-crit|p1a: Cinderace
|-damage|p1a: Cinderace|0 fnt
|faint|p1a: Cinderace
|
|upkeep
|
|t:|1758995958
|switch|p1a: Zapdos|Zapdos|100/100
|turn|2
|
|t:|1758995960
|switch|p2a: Clodsire|Clodsire, M, shiny|100/100
|move|p1a: Zapdos|U-turn|p2a: Clodsire
|-resisted|p2a: Clodsire
|-damage|p2a: Clodsire|93/100
|
|t:|1758995965
|switch|p1a: Krookodile|Krookodile, F|100/100|[from] U-turn
|
|-heal|p2a: Clodsire|99/100|[from] item: Leftovers
|upkeep
|turn|3
|
|t:|1758995968
|switch|p2a: Corviknight|Corviknight, M, shiny|100/100
|-ability|p2a: Corviknight|Pressure
|move|p1a: Krookodile|Knock Off|p2a: Corviknight
|-damage|p2a: Corviknight|73/100
|-damage|p1a: Krookodile|84/100|[from] item: Rocky Helmet|[of] p2a: Corviknight
|-enditem|p2a: Corviknight|Rocky Helmet|[from] move: Knock Off|[of] p1a: Krookodile
|
|upkeep
|turn|4
|
|t:|1758995973
|switch|p1a: Zapdos|Zapdos|100/100
|move|p2a: Corviknight|Roost|p2a: Corviknight
|-heal|p2a: Corviknight|100/100
|-singleturn|p2a: Corviknight|move: Roost
|
|upkeep
|turn|5
|
|t:|1758995980
|switch|p1a: Garganacl|Garganacl, F|100/100
|switch|p2a: Clodsire|Clodsire, M, shiny|99/100
|
|-heal|p2a: Clodsire|100/100|[from] item: Leftovers
|upkeep
|turn|6
|
|t:|1758995985
|switch|p2a: Hatterene|Hatterene, F, shiny|100/100
|move|p1a: Garganacl|Salt Cure|p2a: Hatterene
|-damage|p2a: Hatterene|88/100
|-start|p2a: Hatterene|Salt Cure
|
|-heal|p2a: Hatterene|94/100|[from] item: Leftovers
|-damage|p2a: Hatterene|82/100|[from] Salt Cure
|upkeep
|turn|7
|
|t:|1758995997
|switch|p1a: Alomomola|Alomomola, M|100/100
|move|p2a: Hatterene|Calm Mind|p2a: Hatterene
|-boost|p2a: Hatterene|spa|1
|-boost|p2a: Hatterene|spd|1
|
|-heal|p2a: Hatterene|88/100|[from] item: Leftovers
|-damage|p2a: Hatterene|76/100|[from] Salt Cure
|upkeep
|turn|8
|
|t:|1758996005
|switch|p2a: Clodsire|Clodsire, M, shiny|100/100
|move|p1a: Alomomola|Mirror Coat||[still]
|-fail|p1a: Alomomola
|
|upkeep
|turn|9
|
|t:|1758996009
|switch|p1a: Garganacl|Garganacl, F|100/100
|move|p2a: Clodsire|Stealth Rock|p1a: Garganacl
|-sidestart|p1: SeannyE|move: Stealth Rock
|
|upkeep
|turn|10
|
|t:|1758996012
|switch|p2a: Hatterene|Hatterene, F, shiny|76/100
|move|p1a: Garganacl|Salt Cure|p2a: Hatterene
|-damage|p2a: Hatterene|63/100
|-start|p2a: Hatterene|Salt Cure
|
|-heal|p2a: Hatterene|69/100|[from] item: Leftovers
|-damage|p2a: Hatterene|57/100|[from] Salt Cure
|upkeep
|turn|11
|
|t:|1758996023
|move|p2a: Hatterene|Calm Mind|p2a: Hatterene
|-boost|p2a: Hatterene|spa|1
|-boost|p2a: Hatterene|spd|1
|move|p1a: Garganacl|Ice Punch|p2a: Hatterene
|-damage|p2a: Hatterene|41/100
|
|-heal|p2a: Hatterene|47/100|[from] item: Leftovers
|-damage|p2a: Hatterene|35/100|[from] Salt Cure
|upkeep
|turn|12
|
|t:|1758996030
|switch|p1a: Alomomola|Alomomola, M|100/100
|-damage|p1a: Alomomola|88/100|[from] Stealth Rock
|move|p2a: Hatterene|Draining Kiss|p1a: Alomomola
|-damage|p1a: Alomomola|73/100
|-heal|p2a: Hatterene|54/100|[from] drain|[of] p1a: Alomomola
|
|-heal|p2a: Hatterene|60/100|[from] item: Leftovers
|-damage|p2a: Hatterene|48/100|[from] Salt Cure
|upkeep
|turn|13
|
|t:|1758996037
|switch|p2a: Clodsire|Clodsire, M, shiny|100/100
|move|p1a: Alomomola|Body Slam|p2a: Clodsire
|-damage|p2a: Clodsire|83/100
|-status|p2a: Clodsire|par
|
|-heal|p2a: Clodsire|89/100 par|[from] item: Leftovers
|upkeep
|turn|14
|
|t:|1758996046
|switch|p1a: Garganacl|Garganacl, F|100/100
|-damage|p1a: Garganacl|88/100|[from] Stealth Rock
|move|p2a: Clodsire|Poison Jab|p1a: Garganacl
|-resisted|p1a: Garganacl
|-damage|p1a: Garganacl|82/100
|-damage|p2a: Clodsire|73/100 par|[from] item: Rocky Helmet|[of] p1a: Garganacl
|
|-heal|p2a: Clodsire|79/100 par|[from] item: Leftovers
|upkeep
|turn|15
|
|t:|1758996055
|move|p1a: Garganacl|Salt Cure|p2a: Clodsire
|-resisted|p2a: Clodsire
|-damage|p2a: Clodsire|71/100 par
|-start|p2a: Clodsire|Salt Cure
|move|p2a: Clodsire|Earthquake|p1a: Garganacl
|-supereffective|p1a: Garganacl
|-damage|p1a: Garganacl|52/100
|
|-heal|p2a: Clodsire|77/100 par|[from] item: Leftovers
|-damage|p2a: Clodsire|65/100 par|[from] Salt Cure
|upkeep
|turn|16
|
|t:|1758996060
|switch|p2a: Hatterene|Hatterene, F, shiny|48/100
|move|p1a: Garganacl|Recover|p1a: Garganacl
|-heal|p1a: Garganacl|100/100
|
|-heal|p2a: Hatterene|54/100|[from] item: Leftovers
|upkeep
|turn|17
|
|t:|1758996064
|move|p2a: Hatterene|Calm Mind|p2a: Hatterene
|-boost|p2a: Hatterene|spa|1
|-boost|p2a: Hatterene|spd|1
|move|p1a: Garganacl|Salt Cure|p2a: Hatterene
|-damage|p2a: Hatterene|43/100
|-start|p2a: Hatterene|Salt Cure
|
|-heal|p2a: Hatterene|49/100|[from] item: Leftovers
|-damage|p2a: Hatterene|36/100|[from] Salt Cure
|upkeep
|turn|18
|
|t:|1758996069
|switch|p1a: Alomomola|Alomomola, M|100/100
|-damage|p1a: Alomomola|88/100|[from] Stealth Rock
|move|p2a: Hatterene|Draining Kiss|p1a: Alomomola
|-damage|p1a: Alomomola|72/100
|-heal|p2a: Hatterene|57/100|[from] drain|[of] p1a: Alomomola
|
|-heal|p2a: Hatterene|63/100|[from] item: Leftovers
|-damage|p2a: Hatterene|51/100|[from] Salt Cure
|upkeep
|turn|19
|
|t:|1758996075
|switch|p2a: Ogerpon|Ogerpon-Cornerstone, F|47/100
|move|p1a: Alomomola|Body Slam|p2a: Ogerpon
|-resisted|p2a: Ogerpon
|-damage|p2a: Ogerpon|38/100
|-status|p2a: Ogerpon|par
|
|upkeep
|turn|20
|
|t:|1758996083
|move|p2a: Ogerpon|Knock Off|p1a: Alomomola
|-damage|p1a: Alomomola|44/100
|-enditem|p1a: Alomomola|Assault Vest|[from] move: Knock Off|[of] p2a: Ogerpon
|move|p1a: Alomomola|Flip Turn|p2a: Ogerpon
|-damage|p2a: Ogerpon|17/100 par
|
|t:|1758996101
|switch|p1a: Zapdos|Zapdos|100/100|[from] Flip Turn
|-damage|p1a: Zapdos|76/100|[from] Stealth Rock
|
|upkeep
|turn|21
|
|t:|1758996109
|switch|p2a: Clodsire|Clodsire, M, shiny|65/100 par
|move|p1a: Zapdos|U-turn|p2a: Clodsire
|-resisted|p2a: Clodsire
|-damage|p2a: Clodsire|58/100 par
|
|t:|1758996113
|switch|p1a: Keldeo|Keldeo-Resolute|100/100|[from] U-turn
|-damage|p1a: Keldeo|95/100|[from] Stealth Rock
|
|-heal|p1a: Keldeo|100/100|[from] item: Leftovers
|-heal|p2a: Clodsire|64/100 par|[from] item: Leftovers
|upkeep
|turn|22
|
|t:|1758996115
|move|p1a: Keldeo|Substitute|p1a: Keldeo
|-start|p1a: Keldeo|Substitute
|-damage|p1a: Keldeo|76/100
|move|p2a: Clodsire|Recover|p2a: Clodsire
|-heal|p2a: Clodsire|100/100 par
|
|-heal|p1a: Keldeo|82/100|[from] item: Leftovers
|upkeep
|turn|23
|
|t:|1758996119
|move|p1a: Keldeo|Calm Mind|p1a: Keldeo
|-boost|p1a: Keldeo|spa|1
|-boost|p1a: Keldeo|spd|1
|cant|p2a: Clodsire|par
|
|-heal|p1a: Keldeo|88/100|[from] item: Leftovers
|upkeep
|turn|24
|
|t:|1758996121
|move|p1a: Keldeo|Calm Mind|p1a: Keldeo
|-boost|p1a: Keldeo|spa|1
|-boost|p1a: Keldeo|spd|1
|cant|p2a: Clodsire|par
|
|-heal|p1a: Keldeo|94/100|[from] item: Leftovers
|upkeep
|turn|25
|
|t:|1758996123
|move|p1a: Keldeo|Calm Mind|p1a: Keldeo
|-boost|p1a: Keldeo|spa|1
|-boost|p1a: Keldeo|spd|1
|move|p2a: Clodsire|Earthquake|p1a: Keldeo
|-activate|p1a: Keldeo|move: Substitute|[damage]
|
|-heal|p1a: Keldeo|99/100|[from] item: Leftovers
|upkeep
|turn|26
|
|t:|1758996127
|move|p1a: Keldeo|Calm Mind|p1a: Keldeo
|-boost|p1a: Keldeo|spa|1
|-boost|p1a: Keldeo|spd|1
|move|p2a: Clodsire|Earthquake|p1a: Keldeo
|-end|p1a: Keldeo|Substitute
|
|-heal|p1a: Keldeo|100/100|[from] item: Leftovers
|upkeep
|turn|27
|
|t:|1758996137
|switch|p2a: Dragonite|Dragonite, M, shiny|100/100
|move|p1a: Keldeo|Substitute|p1a: Keldeo
|-start|p1a: Keldeo|Substitute
|-damage|p1a: Keldeo|76/100
|
|-heal|p1a: Keldeo|82/100|[from] item: Leftovers
|upkeep
|turn|28
|
|t:|1758996141
|move|p1a: Keldeo|Secret Sword|p2a: Dragonite
|-resisted|p2a: Dragonite
|-damage|p2a: Dragonite|68/100
|move|p2a: Dragonite|Dragon Dance|p2a: Dragonite
|-boost|p2a: Dragonite|atk|1
|-boost|p2a: Dragonite|spe|1
|
|-heal|p1a: Keldeo|88/100|[from] item: Leftovers
|upkeep
|turn|29
|
|t:|1758996156
|move|p2a: Dragonite|Dragon Dance|p2a: Dragonite
|-boost|p2a: Dragonite|atk|1
|-boost|p2a: Dragonite|spe|1
|move|p1a: Keldeo|Surf|p2a: Dragonite
|-resisted|p2a: Dragonite
|-damage|p2a: Dragonite|9/100
|
|-heal|p1a: Keldeo|94/100|[from] item: Leftovers
|upkeep
|turn|30
|
|t:|1758996161
|move|p2a: Dragonite|Earthquake|p1a: Keldeo
|-end|p1a: Keldeo|Substitute
|move|p1a: Keldeo|Surf|p2a: Dragonite
|-resisted|p2a: Dragonite
|-damage|p2a: Dragonite|0 fnt
|faint|p2a: Dragonite
|
|-heal|p1a: Keldeo|99/100|[from] item: Leftovers
|upkeep
|-message|Kwaga forfeited.
|
|win|SeannyE
|raw|SeannyE's rating: 1459 &rarr; <strong>1479</strong><br />(+20 for winning)
|raw|Kwaga's rating: 1464 &rarr; <strong>1444</strong><br />(-20 for losing)
|l|☆Kwaga
|player|p2|
|l|☆SeannyE
|player|p1|
