|j|☆Obito 2001
|j|☆MiaTaylor612
|t:|1758951242
|gametype|singles
|player|p1|Obito 2001|blue-gen3two|1695
|player|p2|MiaTaylor612|lady-gen4|1728
|gen|9
|tier|[Gen 9] OU
|rated|
|rule|HP Percentage Mod: HP is shown in percentages
|rule|Endless Battle Clause: Forcing endless battles is banned
|rule|Species Clause: Limit one of each Pokémon
|rule|OHKO Clause: OHKO moves are banned
|rule|Evasion Items Clause: Evasion items are banned
|rule|Evasion Moves Clause: Evasion moves are banned
|rule|Evasion Abilities Clause: Evasion abilities are banned
|rule|Sleep Moves Clause: Sleep-inducing moves are banned
|clearpoke
|poke|p1|Corviknight, M|
|poke|p1|Hatterene, F|
|poke|p1|Sandy Shocks|
|poke|p1|Weezing-Galar, M|
|poke|p1|Dragapult, F|
|poke|p1|Dragonite, F|
|poke|p2|Hoopa-Unbound|
|poke|p2|Pecharunt|
|poke|p2|Slowking-Galar, M|
|poke|p2|Great Tusk|
|poke|p2|Corviknight, M|
|poke|p2|Cinderace, F|
|teampreview
|inactive|Battle timer is ON: inactive players will automatically lose when time's up. (requested by MiaTaylor612)
|inactive|Obito 2001 also wants the timer to be on.
|
|t:|1758951252
|teamsize|p1|6
|teamsize|p2|6
|start
|switch|p1a: Magnetun|Sandy Shocks|100/100
|switch|p2a: Hoopa|Hoopa-Unbound|100/100
|turn|1
|
|t:|1758951257
|move|p1a: Magnetun|Volt Switch|p2a: Hoopa
|-damage|p2a: Hoopa|79/100
|
|t:|1758951260
|-end|p1a: Magnetun|Protosynthesis|[silent]
|switch|p1a: Satella|Hatterene, F|100/100|[from] Volt Switch
|move|p2a: Hoopa|Knock Off|p1a: Satella
|-damage|p1a: Satella|53/100
|-enditem|p1a: Satella|Custap Berry|[from] move: Knock Off|[of] p2a: Hoopa
|
|upkeep
|turn|2
|
|t:|1758951267
|switch|p2a: Slowking|Slowking-Galar, M|100/100
|move|p1a: Satella|Nuzzle|p2a: Slowking
|-damage|p2a: Slowking|96/100
|-status|p2a: Slowking|par
|
|upkeep
|turn|3
|
|t:|1758951277
|switch|p1a: Magnetun|Sandy Shocks|100/100
|move|p2a: Slowking|Sludge Bomb|p1a: Magnetun
|-resisted|p1a: Magnetun
|-damage|p1a: Magnetun|80/100
|
|upkeep
|turn|4
|
|t:|1758951282
|move|p1a: Magnetun|Earth Power|p2a: Slowking
|-supereffective|p2a: Slowking
|-damage|p2a: Slowking|49/100 par
|-prepare|p2a: Slowking|Chilly Reception|[premajor]
|move|p2a: Slowking|Chilly Reception|p2a: Slowking
|-weather|Snowscape
|
|t:|1758951284
|switch|p2a: Hoopa|Hoopa-Unbound|79/100|[from] Chilly Reception
|
|-weather|Snowscape|[upkeep]
|upkeep
|turn|5
|
|t:|1758951294
|move|p1a: Magnetun|Volt Switch|p2a: Hoopa
|-damage|p2a: Hoopa|55/100
|
|t:|1758951298
|-end|p1a: Magnetun|Protosynthesis|[silent]
|switch|p1a: Satella|Hatterene, F|53/100|[from] Volt Switch
|move|p2a: Hoopa|Knock Off|p1a: Satella
|-damage|p1a: Satella|24/100
|
|-weather|Snowscape|[upkeep]
|upkeep
|turn|6
|
|t:|1758951306
|move|p2a: Hoopa|Knock Off|p1a: Satella
|-damage|p1a: Satella|0 fnt
|faint|p1a: Satella
|
|-weather|Snowscape|[upkeep]
|upkeep
|
|t:|1758951309
|switch|p1a: 👻DraGhost🐉|Dragapult, F|100/100
|turn|7
|
|t:|1758951322
|switch|p1a: Magnetun|Sandy Shocks|80/100
|switch|p2a: Slowking|Slowking-Galar, M|82/100 par
|
|-weather|Snowscape|[upkeep]
|upkeep
|turn|8
|
|t:|1758951327
|move|p1a: Magnetun|Earth Power|p2a: Slowking
|-supereffective|p2a: Slowking
|-damage|p2a: Slowking|29/100 par
|-prepare|p2a: Slowking|Chilly Reception|[premajor]
|move|p2a: Slowking|Chilly Reception|p2a: Slowking
|
|t:|1758951333
|switch|p2a: Hoopa|Hoopa-Unbound|55/100|[from] Chilly Reception
|
|-weather|none
|upkeep
|turn|9
|
|t:|1758951343
|move|p1a: Magnetun|Earth Power|p2a: Hoopa
|-damage|p2a: Hoopa|28/100
|-unboost|p2a: Hoopa|spd|1
|move|p2a: Hoopa|Drain Punch|p1a: Magnetun
|-damage|p1a: Magnetun|52/100
|-heal|p2a: Hoopa|43/100|[from] drain|[of] p1a: Magnetun
|
|upkeep
|turn|10
|
|t:|1758951352
|move|p1a: Magnetun|Earth Power|p2a: Hoopa
|-damage|p2a: Hoopa|0 fnt
|faint|p2a: Hoopa
|
|upkeep
|
|t:|1758951355
|switch|p2a: Cinderace|Cinderace, F|100/100
|turn|11
|
|t:|1758951361
|-end|p1a: Magnetun|Protosynthesis|[silent]
|switch|p1a: Fk hazard noobs|Weezing-Galar, M|100/100
|-ability|p1a: Fk hazard noobs|Neutralizing Gas
|move|p2a: Cinderace|Pyro Ball|p1a: Fk hazard noobs
|-damage|p1a: Fk hazard noobs|62/100
|
|upkeep
|turn|12
|
|t:|1758951370
|switch|p2a: Slowking|Slowking-Galar, M|62/100 par
|move|p1a: Fk hazard noobs|Pain Split|p2a: Slowking
|-sethp|p2a: Slowking|57/100 par|[from] move: Pain Split|[silent]
|-sethp|p1a: Fk hazard noobs|68/100|[from] move: Pain Split
|
|upkeep
|turn|13
|
|t:|1758951378
|-end|p1a: Fk hazard noobs|ability: Neutralizing Gas
|switch|p1a: Magnetun|Sandy Shocks|52/100
|cant|p2a: Slowking|par
|
|upkeep
|turn|14
|
|t:|1758951382
|move|p1a: Magnetun|Volt Switch|p2a: Slowking
|-damage|p2a: Slowking|37/100 par
|
|t:|1758951384
|-end|p1a: Magnetun|Protosynthesis|[silent]
|switch|p1a: Fk hazard noobs|Weezing-Galar, M|68/100|[from] Volt Switch
|-ability|p1a: Fk hazard noobs|Neutralizing Gas
|-prepare|p2a: Slowking|Chilly Reception|[premajor]
|cant|p2a: Slowking|par
|
|upkeep
|turn|15
|
|t:|1758951392
|-end|p1a: Fk hazard noobs|ability: Neutralizing Gas
|switch|p1a: Corviknight|Corviknight, M|100/100
|-ability|p1a: Corviknight|Pressure
|move|p2a: Slowking|Psychic Noise|p1a: Corviknight
|-resisted|p1a: Corviknight
|-damage|p1a: Corviknight|92/100
|-start|p1a: Corviknight|move: Heal Block
|
|upkeep
|turn|16
|
|t:|1758951396
|switch|p1a: Fk hazard noobs|Weezing-Galar, M|68/100
|-ability|p1a: Fk hazard noobs|Neutralizing Gas
|switch|p2a: Corviknight|Corviknight, M|100/100
|
|upkeep
|turn|17
|
|t:|1758951401
|switch|p2a: Slowking|Slowking-Galar, M|37/100 par
|move|p1a: Fk hazard noobs|Will-O-Wisp||[still]
|-fail|p1a: Fk hazard noobs
|
|upkeep
|turn|18
|
|t:|1758951406
|-end|p1a: Fk hazard noobs|ability: Neutralizing Gas
|switch|p1a: Corviknight|Corviknight, M|92/100
|-ability|p1a: Corviknight|Pressure
|cant|p2a: Slowking|par
|
|-heal|p1a: Corviknight|98/100|[from] item: Leftovers
|upkeep
|turn|19
|
|t:|1758951412
|switch|p1a: Fk hazard noobs|Weezing-Galar, M|68/100
|-ability|p1a: Fk hazard noobs|Neutralizing Gas
|switch|p2a: Corviknight|Corviknight, M|100/100
|
|upkeep
|turn|20
|
|t:|1758951415
|switch|p2a: Slowking|Slowking-Galar, M|37/100 par
|-end|p1a: Fk hazard noobs|ability: Neutralizing Gas
|switch|p1a: Magnetun|Sandy Shocks|52/100
|
|upkeep
|turn|21
|
|t:|1758951423
|-end|p1a: Magnetun|Protosynthesis|[silent]
|switch|p1a: Fk hazard noobs|Weezing-Galar, M|68/100
|-ability|p1a: Fk hazard noobs|Neutralizing Gas
|switch|p2a: Great Tusk|Great Tusk|100/100
|
|upkeep
|turn|22
|
|t:|1758951427
|-end|p2a: Great Tusk|Protosynthesis|[silent]
|switch|p2a: Slowking|Slowking-Galar, M|37/100 par
|-end|p1a: Fk hazard noobs|ability: Neutralizing Gas
|switch|p1a: Corviknight|Corviknight, M|98/100
|-ability|p1a: Corviknight|Pressure
|
|-heal|p1a: Corviknight|100/100|[from] item: Leftovers
|upkeep
|turn|23
|
|t:|1758951430
|move|p1a: Corviknight|Brave Bird|p2a: Slowking
|-damage|p2a: Slowking|0 fnt
|faint|p2a: Slowking
|-damage|p1a: Corviknight|88/100|[from] Recoil
|
|-heal|p1a: Corviknight|95/100|[from] item: Leftovers
|upkeep
|
|t:|1758951433
|switch|p2a: Cinderace|Cinderace, F|100/100
|turn|24
|j| wgw2333
|
|t:|1758951441
|switch|p1a: 👻DraGhost🐉|Dragapult, F|100/100
|-terastallize|p2a: Cinderace|Fire
|move|p2a: Cinderace|Pyro Ball|p1a: 👻DraGhost🐉
|-resisted|p1a: 👻DraGhost🐉
|-damage|p1a: 👻DraGhost🐉|59/100
|-start|p2a: Cinderace|Disable|Pyro Ball|[from] ability: Cursed Body|[of] p1a: 👻DraGhost🐉
|
|upkeep
|turn|25
|
|t:|1758951447
|switch|p1a: Fk hazard noobs|Weezing-Galar, M|68/100
|-ability|p1a: Fk hazard noobs|Neutralizing Gas
|move|p2a: Cinderace|Sucker Punch||[still]
|-fail|p2a: Cinderace
|
|upkeep
|turn|26
|
|t:|1758951456
|move|p2a: Cinderace|U-turn|p1a: Fk hazard noobs
|-resisted|p1a: Fk hazard noobs
|-damage|p1a: Fk hazard noobs|64/100
|
|t:|1758951459
|switch|p2a: Pecharunt|Pecharunt|100/100|[from] U-turn
|move|p1a: Fk hazard noobs|Will-O-Wisp|p2a: Pecharunt|[miss]
|-miss|p1a: Fk hazard noobs|p2a: Pecharunt
|
|upkeep
|turn|27
|
|t:|1758951465
|-end|p1a: Fk hazard noobs|ability: Neutralizing Gas
|switch|p1a: Corviknight|Corviknight, M|95/100
|-ability|p1a: Corviknight|Pressure
|move|p2a: Pecharunt|Parting Shot|p1a: Corviknight
|-unboost|p1a: Corviknight|atk|1
|-unboost|p1a: Corviknight|spa|1
|
|t:|1758951468
|switch|p2a: Cinderace|Cinderace, F, tera:Fire|100/100|[from] Parting Shot
|
|-heal|p1a: Corviknight|100/100|[from] item: Leftovers
|upkeep
|turn|28
|
|t:|1758951475
|switch|p1a: Fk hazard noobs|Weezing-Galar, M|64/100
|-ability|p1a: Fk hazard noobs|Neutralizing Gas
|move|p2a: Cinderace|Pyro Ball|p1a: Fk hazard noobs
|-damage|p1a: Fk hazard noobs|9/100
|
|upkeep
|turn|29
|
|t:|1758951481
|move|p2a: Cinderace|Pyro Ball|p1a: Fk hazard noobs
|-damage|p1a: Fk hazard noobs|0 fnt
|faint|p1a: Fk hazard noobs
|-end|p1a: Fk hazard noobs|ability: Neutralizing Gas
|
|upkeep
|
|t:|1758951484
|switch|p1a: 👻DraGhost🐉|Dragapult, F|59/100
|turn|30
|
|t:|1758951489
|move|p1a: 👻DraGhost🐉|Reflect|p1a: 👻DraGhost🐉
|-sidestart|p1: Obito 2001|Reflect
|move|p2a: Cinderace|U-turn|p1a: 👻DraGhost🐉
|-resisted|p1a: 👻DraGhost🐉
|-damage|p1a: 👻DraGhost🐉|53/100
|-start|p2a: Cinderace|Disable|U-turn|[from] ability: Cursed Body|[of] p1a: 👻DraGhost🐉
|
|t:|1758951493
|switch|p2a: Great Tusk|Great Tusk|100/100|[from] U-turn
|
|upkeep
|turn|31
|
|t:|1758951502
|move|p1a: 👻DraGhost🐉|Light Screen|p1a: 👻DraGhost🐉
|-sidestart|p1: Obito 2001|move: Light Screen
|move|p2a: Great Tusk|Stealth Rock|p1a: 👻DraGhost🐉
|-sidestart|p1: Obito 2001|move: Stealth Rock
|
|upkeep
|turn|32
|
|t:|1758951505
|move|p1a: 👻DraGhost🐉|Dragon Darts|p2a: Great Tusk
|-damage|p2a: Great Tusk|86/100
|-anim|p1a: 👻DraGhost🐉|Dragon Darts|p2a: Great Tusk
|-crit|p2a: Great Tusk
|-damage|p2a: Great Tusk|64/100
|move|p2a: Great Tusk|Ice Spinner|p1a: 👻DraGhost🐉
|-supereffective|p1a: 👻DraGhost🐉
|-damage|p1a: 👻DraGhost🐉|23/100
|-start|p2a: Great Tusk|Disable|Ice Spinner|[from] ability: Cursed Body|[of] p1a: 👻DraGhost🐉
|
|upkeep
|turn|33
|
|t:|1758951510
|move|p1a: 👻DraGhost🐉|Curse|p2a: Great Tusk
|-start|p2a: Great Tusk|Curse|[of] p1a: 👻DraGhost🐉
|-damage|p1a: 👻DraGhost🐉|0 fnt
|faint|p1a: 👻DraGhost🐉
|move|p2a: Great Tusk|Headlong Rush|p1: 👻DraGhost🐉|[notarget]
|-fail|p2a: Great Tusk
|
|-damage|p2a: Great Tusk|40/100|[from] Curse
|upkeep
|
|t:|1758951512
|switch|p1a: OG👑|Dragonite, F|100/100
|-damage|p1a: OG👑|76/100|[from] Stealth Rock
|turn|34
|
|t:|1758951516
|-end|p2a: Great Tusk|Protosynthesis|[silent]
|switch|p2a: Pecharunt|Pecharunt|100/100
|move|p1a: OG👑|Dragon Dance|p1a: OG👑
|-boost|p1a: OG👑|atk|1
|-boost|p1a: OG👑|spe|1
|
|-heal|p1a: OG👑|82/100|[from] item: Leftovers
|upkeep
|turn|35
|
|t:|1758951519
|move|p1a: OG👑|Substitute|p1a: OG👑
|-start|p1a: OG👑|Substitute
|-damage|p1a: OG👑|57/100
|move|p2a: Pecharunt|Malignant Chain|p1a: OG👑
|-activate|p1a: OG👑|move: Substitute|[damage]
|
|-heal|p1a: OG👑|63/100|[from] item: Leftovers
|upkeep
|turn|36
|
|t:|1758951524
|switch|p2a: Corviknight|Corviknight, M|100/100
|-ability|p2a: Corviknight|Pressure
|move|p1a: OG👑|Dragon Dance|p1a: OG👑
|-boost|p1a: OG👑|atk|1
|-boost|p1a: OG👑|spe|1
|
|-heal|p1a: OG👑|70/100|[from] item: Leftovers
|upkeep
|turn|37
|
|t:|1758951526
|move|p1a: OG👑|Dragon Dance|p1a: OG👑
|-boost|p1a: OG👑|atk|1
|-boost|p1a: OG👑|spe|1
|move|p2a: Corviknight|Iron Defense|p2a: Corviknight
|-boost|p2a: Corviknight|def|2
|
|-heal|p1a: OG👑|76/100|[from] item: Leftovers
|-sideend|p1: Obito 2001|Reflect
|upkeep
|turn|38
|
|t:|1758951531
|move|p1a: OG👑|Dragon Dance|p1a: OG👑
|-boost|p1a: OG👑|atk|1
|-boost|p1a: OG👑|spe|1
|move|p2a: Corviknight|Iron Defense|p2a: Corviknight
|-boost|p2a: Corviknight|def|2
|
|-heal|p1a: OG👑|82/100|[from] item: Leftovers
|-sideend|p1: Obito 2001|move: Light Screen
|upkeep
|turn|39
|
|t:|1758951534
|move|p1a: OG👑|Dragon Dance|p1a: OG👑
|-boost|p1a: OG👑|atk|1
|-boost|p1a: OG👑|spe|1
|move|p2a: Corviknight|Body Press|p1a: OG👑
|-resisted|p1a: OG👑
|-end|p1a: OG👑|Substitute
|
|-heal|p1a: OG👑|88/100|[from] item: Leftovers
|upkeep
|turn|40
|
|t:|1758951541
|-terastallize|p1a: OG👑|Flying
|move|p1a: OG👑|Tera Blast|p2a: Corviknight|[anim] Tera Blast Flying
|-resisted|p2a: Corviknight
|-damage|p2a: Corviknight|79/100
|move|p2a: Corviknight|Iron Defense|p2a: Corviknight
|-boost|p2a: Corviknight|def|2
|
|-heal|p1a: OG👑|94/100|[from] item: Leftovers
|upkeep
|turn|41
|
|t:|1758951545
|move|p1a: OG👑|Tera Blast|p2a: Corviknight|[anim] Tera Blast Flying
|-resisted|p2a: Corviknight
|-damage|p2a: Corviknight|63/100
|move|p2a: Corviknight|Body Press|p1a: OG👑
|-resisted|p1a: OG👑
|-damage|p1a: OG👑|40/100
|
|-heal|p1a: OG👑|46/100|[from] item: Leftovers
|upkeep
|turn|42
|
|t:|1758951547
|move|p1a: OG👑|Tera Blast|p2a: Corviknight|[anim] Tera Blast Flying
|-resisted|p2a: Corviknight
|-damage|p2a: Corviknight|48/100
|move|p2a: Corviknight|Body Press|p1a: OG👑
|-resisted|p1a: OG👑
|-damage|p1a: OG👑|0 fnt
|faint|p1a: OG👑
|
|upkeep
|
|t:|1758951553
|switch|p1a: Magnetun|Sandy Shocks|52/100
|turn|43
|
|t:|1758951557
|switch|p2a: Great Tusk|Great Tusk|40/100
|move|p1a: Magnetun|Volt Switch|p2a: Great Tusk
|-immune|p2a: Great Tusk
|
|upkeep
|turn|44
|
|t:|1758951561
|move|p1a: Magnetun|Earth Power|p2a: Great Tusk
|-damage|p2a: Great Tusk|0 fnt
|faint|p2a: Great Tusk
|-end|p2a: Great Tusk|Protosynthesis|[silent]
|
|upkeep
|
|t:|1758951563
|switch|p2a: Cinderace|Cinderace, F, tera:Fire|100/100
|turn|45
|
|t:|1758951565
|move|p2a: Cinderace|Pyro Ball|p1a: Magnetun
|-damage|p1a: Magnetun|0 fnt
|faint|p1a: Magnetun
|-end|p1a: Magnetun|Protosynthesis|[silent]
|
|upkeep
|
|t:|1758951569
|switch|p1a: Corviknight|Corviknight, M|100/100
|-damage|p1a: Corviknight|88/100|[from] Stealth Rock
|-ability|p1a: Corviknight|Pressure
|turn|46
|
|t:|1758951570
|move|p2a: Cinderace|Pyro Ball|p1a: Corviknight
|-supereffective|p1a: Corviknight
|-damage|p1a: Corviknight|0 fnt
|faint|p1a: Corviknight
|
|win|MiaTaylor612
|raw|Obito 2001's rating: 1695 &rarr; <strong>1677</strong><br />(-18 for losing)
|raw|MiaTaylor612's rating: 1728 &rarr; <strong>1746</strong><br />(+18 for winning)
|l|☆Obito 2001
|player|p1|
|l|☆MiaTaylor612
|player|p2|
|l| wgw2333
