|j|☆Jayharo1610
|j|☆thelostsaint
|t:|1758950984
|gametype|singles
|player|p1|Jayharo1610|red|
|player|p2|thelostsaint|gambler|
|gen|9
|tier|[Gen 9] OU
|rule|HP Percentage Mod: HP is shown in percentages
|rule|Endless Battle Clause: Forcing endless battles is banned
|rule|Species Clause: Limit one of each Pokémon
|rule|OHKO Clause: OHKO moves are banned
|rule|Evasion Items Clause: Evasion items are banned
|rule|Evasion Moves Clause: Evasion moves are banned
|rule|Evasion Abilities Clause: Evasion abilities are banned
|rule|Sleep Moves Clause: Sleep-inducing moves are banned
|clearpoke
|poke|p1|Great Tusk|
|poke|p1|Moltres|
|poke|p1|Kingambit, F|
|poke|p1|Dragonite, F|
|poke|p1|Toxapex, M|
|poke|p1|Raging Bolt|
|poke|p2|Ting-Lu|
|poke|p2|Zamazenta-*|
|poke|p2|Ogerpon-Wellspring, F|
|poke|p2|Dragonite, M|
|poke|p2|Pecharunt|
|poke|p2|Iron Crown|
|teampreview
|
|t:|1758951041
|teamsize|p1|6
|teamsize|p2|6
|start
|switch|p1a: Raging Bolt|Raging Bolt|100/100
|switch|p2a: Ogerpon|Ogerpon-Wellspring, F|100/100
|turn|1
|
|t:|1758951052
|switch|p2a: Ting-Lu|Ting-Lu|100/100
|-ability|p2a: Ting-Lu|Vessel of Ruin
|-terastallize|p1a: Raging Bolt|Fairy
|move|p1a: Raging Bolt|Tera Blast|p2a: Ting-Lu|[anim] Tera Blast Fairy
|-supereffective|p2a: Ting-Lu
|-damage|p2a: Ting-Lu|46/100
|
|-heal|p2a: Ting-Lu|52/100|[from] item: Leftovers
|upkeep
|turn|2
|
|t:|1758951086
|move|p1a: Raging Bolt|Tera Blast|p2a: Ting-Lu|[anim] Tera Blast Fairy
|-supereffective|p2a: Ting-Lu
|-damage|p2a: Ting-Lu|0 fnt
|faint|p2a: Ting-Lu
|
|upkeep
|
|t:|1758951094
|switch|p2a: Iron Crown|Iron Crown|100/100
|turn|3
|
|t:|1758951108
|-end|p1a: Raging Bolt|Protosynthesis|[silent]
|switch|p1a: Kingambit|Kingambit, F|100/100
|move|p2a: Iron Crown|Tachyon Cutter|p1a: Kingambit
|-resisted|p1a: Kingambit
|-damage|p1a: Kingambit|79/100
|-resisted|p1a: Kingambit
|-damage|p1a: Kingambit|58/100
|-hitcount|p1a: Kingambit|2
|
|upkeep
|turn|4
|
|t:|1758951131
|-end|p2a: Iron Crown|Quark Drive|[silent]
|switch|p2a: Zamazenta|Zamazenta|100/100
|-ability|p2a: Zamazenta|Dauntless Shield|boost
|-boost|p2a: Zamazenta|def|1
|move|p1a: Kingambit|Swords Dance|p1a: Kingambit
|-boost|p1a: Kingambit|atk|2
|
|upkeep
|turn|5
|
|t:|1758951151
|-end|p1a: Kingambit|fallenundefined|[silent]
|switch|p1a: Moltres|Moltres|100/100
|move|p2a: Zamazenta|Stone Edge|p1a: Moltres|[miss]
|-miss|p2a: Zamazenta|p1a: Moltres
|
|upkeep
|turn|6
|
|t:|1758951158
|switch|p1a: Great Tusk|Great Tusk|100/100
|move|p2a: Zamazenta|Close Combat|p1a: Great Tusk
|-damage|p1a: Great Tusk|69/100
|-unboost|p2a: Zamazenta|def|1
|-unboost|p2a: Zamazenta|spd|1
|-damage|p2a: Zamazenta|84/100|[from] item: Rocky Helmet|[of] p1a: Great Tusk
|
|upkeep
|turn|7
|
|t:|1758951188
|switch|p2a: Ogerpon|Ogerpon-Wellspring, F|100/100
|-end|p1a: Great Tusk|Protosynthesis|[silent]
|switch|p1a: Raging Bolt|Raging Bolt, tera:Fairy|100/100
|
|upkeep
|turn|8
|
|t:|1758951207
|switch|p2a: Pecharunt|Pecharunt|100/100
|move|p1a: Raging Bolt|Volt Switch|p2a: Pecharunt
|-damage|p2a: Pecharunt|65/100
|
|t:|1758951214
|-end|p1a: Raging Bolt|Protosynthesis|[silent]
|switch|p1a: Kingambit|Kingambit, F|58/100|[from] Volt Switch
|
|-heal|p2a: Pecharunt|71/100|[from] item: Black Sludge
|upkeep
|turn|9
|
|t:|1758951236
|switch|p2a: Zamazenta|Zamazenta|84/100
|-end|p1a: Kingambit|fallenundefined|[silent]
|switch|p1a: Raging Bolt|Raging Bolt, tera:Fairy|100/100
|
|upkeep
|turn|10
|
|t:|1758951244
|-terastallize|p2a: Zamazenta|Steel
|move|p2a: Zamazenta|Heavy Slam|p1a: Raging Bolt
|-supereffective|p1a: Raging Bolt
|-damage|p1a: Raging Bolt|63/100
|move|p1a: Raging Bolt|Tera Blast|p2a: Zamazenta|[anim] Tera Blast Fairy
|-resisted|p2a: Zamazenta
|-damage|p2a: Zamazenta|69/100
|
|upkeep
|turn|11
|
|t:|1758951254
|-end|p1a: Raging Bolt|Protosynthesis|[silent]
|switch|p1a: Great Tusk|Great Tusk|69/100
|move|p2a: Zamazenta|Stone Edge|p1a: Great Tusk
|-resisted|p1a: Great Tusk
|-damage|p1a: Great Tusk|65/100
|
|upkeep
|turn|12
|
|t:|1758951274
|switch|p2a: Ogerpon|Ogerpon-Wellspring, F|100/100
|move|p1a: Great Tusk|Bulk Up|p1a: Great Tusk
|-boost|p1a: Great Tusk|atk|1
|-boost|p1a: Great Tusk|def|1
|
|upkeep
|turn|13
|
|t:|1758951283
|move|p2a: Ogerpon|Encore|p1a: Great Tusk
|-start|p1a: Great Tusk|Encore
|move|p1a: Great Tusk|Bulk Up|p1a: Great Tusk
|-boost|p1a: Great Tusk|atk|1
|-boost|p1a: Great Tusk|def|1
|
|upkeep
|turn|14
|
|t:|1758951291
|-end|p1a: Great Tusk|Protosynthesis|[silent]
|switch|p1a: Toxapex|Toxapex, M|100/100
|move|p2a: Ogerpon|Ivy Cudgel|p1a: Toxapex|[anim] Ivy Cudgel Water
|-resisted|p1a: Toxapex
|-damage|p1a: Toxapex|81/100
|
|-heal|p1a: Toxapex|87/100|[from] item: Black Sludge
|upkeep
|turn|15
|
|t:|1758951301
|switch|p2a: Iron Crown|Iron Crown|100/100
|move|p1a: Toxapex|Infestation|p2a: Iron Crown
|-damage|p2a: Iron Crown|98/100
|-activate|p2a: Iron Crown|move: Infestation|[of] p1a: Toxapex
|
|-heal|p1a: Toxapex|93/100|[from] item: Black Sludge
|-damage|p2a: Iron Crown|85/100|[from] move: Infestation|[partiallytrapped]
|upkeep
|turn|16
|
|t:|1758951317
|move|p2a: Iron Crown|Volt Switch|p1a: Toxapex
|-supereffective|p1a: Toxapex
|-damage|p1a: Toxapex|45/100
|
|t:|1758951321
|-end|p2a: Iron Crown|Quark Drive|[silent]
|switch|p2a: Pecharunt|Pecharunt|71/100|[from] Volt Switch
|move|p1a: Toxapex|Blizzard|p2a: Pecharunt|[miss]
|-miss|p1a: Toxapex|p2a: Pecharunt
|
|-heal|p2a: Pecharunt|77/100|[from] item: Black Sludge
|-heal|p1a: Toxapex|51/100|[from] item: Black Sludge
|upkeep
|turn|17
|
|t:|1758951333
|move|p2a: Pecharunt|Parting Shot|p1a: Toxapex
|-unboost|p1a: Toxapex|atk|1
|-unboost|p1a: Toxapex|spa|1
|
|t:|1758951336
|switch|p2a: Iron Crown|Iron Crown|85/100|[from] Parting Shot
|move|p1a: Toxapex|Recover|p1a: Toxapex
|-heal|p1a: Toxapex|100/100
|
|upkeep
|turn|18
|
|t:|1758951349
|switch|p1a: Kingambit|Kingambit, F|58/100
|move|p2a: Iron Crown|Psychic Noise|p1a: Kingambit
|-immune|p1a: Kingambit
|
|upkeep
|turn|19
|
|t:|1758951358
|-end|p2a: Iron Crown|Quark Drive|[silent]
|switch|p2a: Ogerpon|Ogerpon-Wellspring, F|100/100
|move|p1a: Kingambit|Kowtow Cleave|p2a: Ogerpon
|-damage|p2a: Ogerpon|17/100
|
|upkeep
|turn|20
|
|t:|1758951378
|-end|p1a: Kingambit|fallenundefined|[silent]
|switch|p1a: Toxapex|Toxapex, M|100/100
|move|p2a: Ogerpon|Encore||[still]
|-fail|p2a: Ogerpon
|
|upkeep
|turn|21
|
|t:|1758951392
|switch|p1a: Raging Bolt|Raging Bolt, tera:Fairy|63/100
|move|p2a: Ogerpon|U-turn|p1a: Raging Bolt
|-resisted|p1a: Raging Bolt
|-damage|p1a: Raging Bolt|50/100
|
|t:|1758951398
|switch|p2a: Iron Crown|Iron Crown|85/100|[from] U-turn
|
|upkeep
|turn|22
|
|t:|1758951403
|move|p1a: Raging Bolt|Volt Switch|p2a: Iron Crown
|-damage|p2a: Iron Crown|47/100
|
|t:|1758951415
|-end|p1a: Raging Bolt|Protosynthesis|[silent]
|switch|p1a: Toxapex|Toxapex, M|100/100|[from] Volt Switch
|move|p2a: Iron Crown|Psychic Noise|p1a: Toxapex
|-supereffective|p1a: Toxapex
|-damage|p1a: Toxapex|27/100
|-start|p1a: Toxapex|move: Heal Block
|
|upkeep
|turn|23
|
|t:|1758951426
|-end|p2a: Iron Crown|Quark Drive|[silent]
|switch|p2a: Zamazenta|Zamazenta, tera:Steel|69/100
|switch|p1a: Kingambit|Kingambit, F|58/100
|
|upkeep
|turn|24
|
|t:|1758951433
|-end|p1a: Kingambit|fallenundefined|[silent]
|switch|p1a: Great Tusk|Great Tusk|65/100
|move|p2a: Zamazenta|Close Combat|p1a: Great Tusk
|-damage|p1a: Great Tusk|36/100
|-unboost|p2a: Zamazenta|def|1
|-unboost|p2a: Zamazenta|spd|1
|-damage|p2a: Zamazenta|52/100|[from] item: Rocky Helmet|[of] p1a: Great Tusk
|
|upkeep
|turn|25
|
|t:|1758951445
|switch|p2a: Ogerpon|Ogerpon-Wellspring, F|17/100
|-end|p1a: Great Tusk|Protosynthesis|[silent]
|switch|p1a: Raging Bolt|Raging Bolt, tera:Fairy|50/100
|
|upkeep
|turn|26
|
|t:|1758951457
|switch|p2a: Pecharunt|Pecharunt|77/100
|move|p1a: Raging Bolt|Volt Switch|p2a: Pecharunt
|-damage|p2a: Pecharunt|40/100
|
|t:|1758951468
|-end|p1a: Raging Bolt|Protosynthesis|[silent]
|switch|p1a: Kingambit|Kingambit, F|58/100|[from] Volt Switch
|
|-heal|p2a: Pecharunt|46/100|[from] item: Black Sludge
|upkeep
|turn|27
|
|t:|1758951475
|move|p2a: Pecharunt|Recover|p2a: Pecharunt
|-heal|p2a: Pecharunt|96/100
|move|p1a: Kingambit|Kowtow Cleave|p2a: Pecharunt
|-supereffective|p2a: Pecharunt
|-damage|p2a: Pecharunt|21/100
|
|-heal|p2a: Pecharunt|27/100|[from] item: Black Sludge
|upkeep
|turn|28
|
|t:|1758951487
|move|p2a: Pecharunt|Parting Shot|p1a: Kingambit
|-unboost|p1a: Kingambit|atk|1
|-unboost|p1a: Kingambit|spa|1
|
|t:|1758951489
|switch|p2a: Zamazenta|Zamazenta, tera:Steel|52/100|[from] Parting Shot
|move|p1a: Kingambit|Kowtow Cleave|p2a: Zamazenta
|-damage|p2a: Zamazenta|12/100
|
|upkeep
|turn|29
|
|t:|1758951499
|switch|p2a: Ogerpon|Ogerpon-Wellspring, F|17/100
|move|p1a: Kingambit|Sucker Punch||[still]
|-fail|p1a: Kingambit
|
|upkeep
|turn|30
|
|t:|1758951506
|-end|p1a: Kingambit|fallenundefined|[silent]
|switch|p1a: Toxapex|Toxapex, M|61/100
|move|p2a: Ogerpon|Knock Off|p1a: Toxapex
|-damage|p1a: Toxapex|34/100
|-enditem|p1a: Toxapex|Black Sludge|[from] move: Knock Off|[of] p2a: Ogerpon
|
|upkeep
|turn|31
|
|t:|1758951519
|switch|p1a: Raging Bolt|Raging Bolt, tera:Fairy|50/100
|move|p2a: Ogerpon|U-turn|p1a: Raging Bolt
|-resisted|p1a: Raging Bolt
|-damage|p1a: Raging Bolt|37/100
|
|t:|1758951529
|switch|p2a: Pecharunt|Pecharunt|27/100|[from] U-turn
|
|-heal|p2a: Pecharunt|33/100|[from] item: Black Sludge
|upkeep
|turn|32
|
|t:|1758951535
|move|p1a: Raging Bolt|Volt Switch|p2a: Pecharunt
|-damage|p2a: Pecharunt|0 fnt
|faint|p2a: Pecharunt
|
|t:|1758951550
|-end|p1a: Raging Bolt|Protosynthesis|[silent]
|switch|p1a: Toxapex|Toxapex, M|67/100|[from] Volt Switch
|
|upkeep
|
|t:|1758951556
|switch|p2a: Iron Crown|Iron Crown|47/100
|turn|33
|
|t:|1758951560
|switch|p1a: Kingambit|Kingambit, F|58/100
|move|p2a: Iron Crown|Volt Switch|p1a: Kingambit
|-damage|p1a: Kingambit|22/100
|
|t:|1758951566
|-end|p2a: Iron Crown|Quark Drive|[silent]
|switch|p2a: Dragonite|Dragonite, M|100/100|[from] Volt Switch
|
|upkeep
|turn|34
|
|t:|1758951585
|switch|p2a: Ogerpon|Ogerpon-Wellspring, F|17/100
|-end|p1a: Kingambit|fallenundefined|[silent]
|switch|p1a: Moltres|Moltres|100/100
|
|upkeep
|turn|35
|
|t:|1758951592
|switch|p1a: Toxapex|Toxapex, M|100/100
|move|p2a: Ogerpon|Ivy Cudgel|p1a: Toxapex|[anim] Ivy Cudgel Water
|-resisted|p1a: Toxapex
|-damage|p1a: Toxapex|79/100
|
|upkeep
|turn|36
|
|t:|1758951611
|switch|p2a: Iron Crown|Iron Crown|47/100
|switch|p1a: Moltres|Moltres|100/100
|
|upkeep
|turn|37
|
|t:|1758951619
|move|p2a: Iron Crown|Volt Switch|p1a: Moltres
|-supereffective|p1a: Moltres
|-damage|p1a: Moltres|29/100
|
|t:|1758951624
|-end|p2a: Iron Crown|Quark Drive|[silent]
|switch|p2a: Ogerpon|Ogerpon-Wellspring, F|17/100|[from] Volt Switch
|move|p1a: Moltres|Fire Spin|p2a: Ogerpon
|-damage|p2a: Ogerpon|0 fnt
|faint|p2a: Ogerpon
|
|upkeep
|
|t:|1758951625
|switch|p2a: Iron Crown|Iron Crown|47/100
|turn|38
|
|t:|1758951641
|switch|p1a: Great Tusk|Great Tusk|36/100
|move|p2a: Iron Crown|Psychic Noise|p1a: Great Tusk
|-supereffective|p1a: Great Tusk
|-damage|p1a: Great Tusk|0 fnt
|faint|p1a: Great Tusk
|-end|p1a: Great Tusk|Protosynthesis|[silent]
|
|upkeep
|
|t:|1758951660
|switch|p1a: Raging Bolt|Raging Bolt, tera:Fairy|37/100
|turn|39
|
|t:|1758951666
|-end|p2a: Iron Crown|Quark Drive|[silent]
|switch|p2a: Zamazenta|Zamazenta, tera:Steel|12/100
|move|p1a: Raging Bolt|Volt Switch|p2a: Zamazenta
|-damage|p2a: Zamazenta|0 fnt
|faint|p2a: Zamazenta
|
|t:|1758951675
|-end|p1a: Raging Bolt|Protosynthesis|[silent]
|switch|p1a: Moltres|Moltres|29/100|[from] Volt Switch
|
|upkeep
|
|t:|1758951677
|switch|p2a: Iron Crown|Iron Crown|47/100
|turn|40
|
|t:|1758951681
|switch|p1a: Kingambit|Kingambit, F|22/100
|-activate|p1a: Kingambit|ability: Supreme Overlord
|-start|p1a: Kingambit|fallen1|[silent]
|move|p2a: Iron Crown|Volt Switch|p1a: Kingambit
|-damage|p1a: Kingambit|0 fnt
|faint|p1a: Kingambit
|-end|p1a: Kingambit|fallen1|[silent]
|
|t:|1758951684
|-end|p2a: Iron Crown|Quark Drive|[silent]
|switch|p2a: Dragonite|Dragonite, M|100/100|[from] Volt Switch
|
|upkeep
|
|t:|1758951694
|switch|p1a: Moltres|Moltres|29/100
|turn|41
|
|t:|1758951700
|move|p2a: Dragonite|Dragon Dance|p2a: Dragonite
|-boost|p2a: Dragonite|atk|1
|-boost|p2a: Dragonite|spe|1
|move|p1a: Moltres|Will-O-Wisp|p2a: Dragonite
|-status|p2a: Dragonite|brn
|
|-damage|p2a: Dragonite|94/100 brn|[from] brn
|upkeep
|turn|42
|
|t:|1758951711
|move|p2a: Dragonite|Dragon Dance|p2a: Dragonite
|-boost|p2a: Dragonite|atk|1
|-boost|p2a: Dragonite|spe|1
|move|p1a: Moltres|Roost|p1a: Moltres
|-heal|p1a: Moltres|79/100
|-singleturn|p1a: Moltres|move: Roost
|
|-damage|p2a: Dragonite|88/100 brn|[from] brn
|upkeep
|turn|43
|
|t:|1758951721
|move|p2a: Dragonite|Dragon Dance|p2a: Dragonite
|-boost|p2a: Dragonite|atk|1
|-boost|p2a: Dragonite|spe|1
|move|p1a: Moltres|Fire Spin|p2a: Dragonite|[miss]
|-miss|p1a: Moltres|p2a: Dragonite
|
|-damage|p2a: Dragonite|82/100 brn|[from] brn
|upkeep
|turn|44
|
|t:|1758951729
|move|p2a: Dragonite|Dragon Dance|p2a: Dragonite
|-boost|p2a: Dragonite|atk|1
|-boost|p2a: Dragonite|spe|1
|move|p1a: Moltres|Fire Spin|p2a: Dragonite
|-resisted|p2a: Dragonite
|-damage|p2a: Dragonite|74/100 brn
|-activate|p2a: Dragonite|move: Fire Spin|[of] p1a: Moltres
|
|-damage|p2a: Dragonite|68/100 brn|[from] brn
|-damage|p2a: Dragonite|56/100 brn|[from] move: Fire Spin|[partiallytrapped]
|upkeep
|turn|45
|
|t:|1758951740
|move|p2a: Dragonite|Ice Spinner|p1a: Moltres
|-damage|p1a: Moltres|44/100
|move|p1a: Moltres|Roost|p1a: Moltres
|-heal|p1a: Moltres|94/100
|-singleturn|p1a: Moltres|move: Roost
|
|-damage|p2a: Dragonite|50/100 brn|[from] brn
|-damage|p2a: Dragonite|37/100 brn|[from] move: Fire Spin|[partiallytrapped]
|upkeep
|turn|46
|
|t:|1758951750
|move|p2a: Dragonite|Dragon Dance|p2a: Dragonite
|-boost|p2a: Dragonite|atk|1
|-boost|p2a: Dragonite|spe|1
|move|p1a: Moltres|Air Slash|p2a: Dragonite
|-damage|p2a: Dragonite|6/100 brn
|
|-damage|p2a: Dragonite|0 fnt|[from] brn
|faint|p2a: Dragonite
|upkeep
|
|t:|1758951753
|switch|p2a: Iron Crown|Iron Crown|47/100
|turn|47
|
|t:|1758951765
|move|p2a: Iron Crown|Psychic Noise|p1a: Moltres
|-damage|p1a: Moltres|40/100
|-start|p1a: Moltres|move: Heal Block
|move|p1a: Moltres|Fire Spin|p2a: Iron Crown
|-supereffective|p2a: Iron Crown
|-damage|p2a: Iron Crown|16/100
|-activate|p2a: Iron Crown|move: Fire Spin|[of] p1a: Moltres
|
|-damage|p2a: Iron Crown|4/100|[from] move: Fire Spin|[partiallytrapped]
|upkeep
|turn|48
|
|t:|1758951789
|switch|p1a: Dragonite|Dragonite, F|100/100
|move|p2a: Iron Crown|Psychic Noise|p1a: Dragonite
|-damage|p1a: Dragonite|73/100
|-start|p1a: Dragonite|move: Heal Block
|
|-end|p2a: Iron Crown|Fire Spin|[partiallytrapped]|[silent]
|upkeep
|turn|49
|
|t:|1758951798
|move|p1a: Dragonite|Extreme Speed|p2a: Iron Crown
|-resisted|p2a: Iron Crown
|-damage|p2a: Iron Crown|0 fnt
|faint|p2a: Iron Crown
|-end|p2a: Iron Crown|Quark Drive|[silent]
|
|win|Jayharo1610
|l|☆thelostsaint
|player|p2|
|l|☆Jayharo1610
|player|p1|
|j|☆thelostsaint
|player|p2|thelostsaint|gambler|
