|j|☆gedagideegeda
|j|☆Battousai9419
|t:|1758992318
|gametype|singles
|player|p1|gedagideegeda|blackbelt|1136
|player|p2|Battousai9419|sage|1100
|gen|9
|tier|[Gen 9] OU
|rated|
|rule|HP Percentage Mod: HP is shown in percentages
|rule|Endless Battle Clause: Forcing endless battles is banned
|rule|Species Clause: Limit one of each Pokémon
|rule|OHKO Clause: OHKO moves are banned
|rule|Evasion Items Clause: Evasion items are banned
|rule|Evasion Moves Clause: Evasion moves are banned
|rule|Evasion Abilities Clause: Evasion abilities are banned
|rule|Sleep Moves Clause: Sleep-inducing moves are banned
|clearpoke
|poke|p1|Alomomola, M|
|poke|p1|Pawmot, M|
|poke|p1|Cinderace, M|
|poke|p1|Magnezone|
|poke|p1|Regidrago|
|poke|p1|Gholdengo|
|poke|p2|Luvdisc, F|
|poke|p2|Kilowattrel, M|
|poke|p2|Grimmsnarl, M|
|poke|p2|Pelipper, M|
|poke|p2|Forretress, M|
|poke|p2|Dragalge, M|
|teampreview
|inactive|Battle timer is ON: inactive players will automatically lose when time's up. (requested by Battousai9419)
|c|☆gedagideegeda|add a ground type to your water team
|inactive|Battousai9419 has 120 seconds left.
|c|☆gedagideegeda|this gotta be a meme team
|
|t:|1758992372
|teamsize|p1|6
|teamsize|p2|6
|start
|switch|p1a: Magnezone|Magnezone|100/100
|switch|p2a: Pelipper|Pelipper, M|100/100
|-weather|RainDance|[from] ability: Drizzle|[of] p2a: Pelipper
|turn|1
|c|☆Battousai9419|thanks for the advice
|
|t:|1758992391
|move|p2a: Pelipper|U-turn|p1a: Magnezone
|-resisted|p1a: Magnezone
|-damage|p1a: Magnezone|97/100
|-damage|p2a: Pelipper|84/100|[from] item: Rocky Helmet|[of] p1a: Magnezone
|
|t:|1758992403
|switch|p2a: Dragalge|Dragalge, M|100/100|[from] U-turn
|move|p1a: Magnezone|Volt Switch|p2a: Dragalge
|-resisted|p2a: Dragalge
|-damage|p2a: Dragalge|90/100
|
|t:|1758992410
|switch|p1a: Regidrago|Regidrago|100/100|[from] Volt Switch
|
|-weather|RainDance|[upkeep]
|upkeep
|turn|2
|
|t:|1758992423
|switch|p2a: Grimmsnarl|Grimmsnarl, M|100/100
|move|p1a: Regidrago|Dragon Energy|p2a: Grimmsnarl
|-immune|p2a: Grimmsnarl
|
|-weather|RainDance|[upkeep]
|upkeep
|turn|3
|
|t:|1758992433
|switch|p1a: Cinderace|Cinderace, M|100/100
|move|p2a: Grimmsnarl|Spirit Break|p1a: Cinderace
|-resisted|p1a: Cinderace
|-damage|p1a: Cinderace|73/100
|-unboost|p1a: Cinderace|spa|1
|
|-weather|RainDance|[upkeep]
|upkeep
|turn|4
|
|t:|1758992443
|move|p2a: Grimmsnarl|Reflect|p2a: Grimmsnarl
|-sidestart|p2: Battousai9419|Reflect
|move|p1a: Cinderace|Pyro Ball|p2a: Grimmsnarl
|-damage|p2a: Grimmsnarl|81/100
|
|-weather|RainDance|[upkeep]
|upkeep
|turn|5
|
|t:|1758992451
|move|p2a: Grimmsnarl|Parting Shot|p1a: Cinderace
|-unboost|p1a: Cinderace|atk|1
|-unboost|p1a: Cinderace|spa|1
|
|t:|1758992456
|switch|p2a: Luvdisc|Luvdisc, F|100/100|[from] Parting Shot
|move|p1a: Cinderace|Pyro Ball|p2a: Luvdisc
|-resisted|p2a: Luvdisc
|-damage|p2a: Luvdisc|90/100
|
|-weather|RainDance|[upkeep]
|-heal|p2a: Luvdisc|97/100|[from] item: Leftovers
|upkeep
|turn|6
|
|t:|1758992469
|move|p2a: Luvdisc|Whirlpool|p1a: Cinderace
|-supereffective|p1a: Cinderace
|-damage|p1a: Cinderace|47/100
|-activate|p1a: Cinderace|move: Whirlpool|[of] p2a: Luvdisc
|move|p1a: Cinderace|Court Change|p1a: Cinderace
|-start|p1a: Cinderace|typechange|Normal|[from] ability: Libero
|-swapsideconditions
|-activate|p1a: Cinderace|move: Court Change
|
|-weather|RainDance|[upkeep]
|-heal|p2a: Luvdisc|100/100|[from] item: Leftovers
|-damage|p1a: Cinderace|34/100|[from] move: Whirlpool|[partiallytrapped]
|upkeep
|turn|7
|c|☆gedagideegeda|choice scarf?
|
|t:|1758992488
|move|p2a: Luvdisc|Charm|p1a: Cinderace
|-unboost|p1a: Cinderace|atk|2
|move|p1a: Cinderace|U-turn|p2a: Luvdisc
|-damage|p2a: Luvdisc|81/100
|c|☆Battousai9419|no
|c|☆gedagideegeda|how u faster???
|
|t:|1758992505
|switch|p1a: Magnezone|Magnezone|97/100|[from] U-turn
|
|-weather|RainDance|[upkeep]
|-heal|p2a: Luvdisc|87/100|[from] item: Leftovers
|upkeep
|turn|8
|
|t:|1758992520
|move|p2a: Luvdisc|Substitute|p2a: Luvdisc
|-start|p2a: Luvdisc|Substitute
|-damage|p2a: Luvdisc|62/100
|move|p1a: Magnezone|Volt Switch|p2a: Luvdisc
|-supereffective|p2a: Luvdisc
|-end|p2a: Luvdisc|Substitute
|
|t:|1758992530
|switch|p1a: Pawmot|Pawmot, M|100/100|[from] Volt Switch
|
|-weather|none
|-heal|p2a: Luvdisc|68/100|[from] item: Leftovers
|upkeep
|turn|9
|c|☆Battousai9419|luvdisc is fast
|c|☆gedagideegeda|max speed is 322 my speed is 337?
|inactive|gedagideegeda has 120 seconds left.
|
|t:|1758992556
|move|p1a: Pawmot|Supercell Slam|p2a: Luvdisc
|-supereffective|p2a: Luvdisc
|-damage|p2a: Luvdisc|0 fnt
|faint|p2a: Luvdisc
|
|upkeep
|c|☆gedagideegeda|if u outspeed i kill myself
|c|☆gedagideegeda|ok
|inactive|Battousai9419 has 120 seconds left.
|
|t:|1758992569
|switch|p2a: Forretress|Forretress, M|100/100
|turn|10
|
|t:|1758992577
|switch|p1a: Alomomola|Alomomola, M|100/100
|move|p2a: Forretress|Lunge|p1a: Alomomola
|-crit|p1a: Alomomola
|-damage|p1a: Alomomola|75/100
|-unboost|p1a: Alomomola|atk|1
|
|-heal|p1a: Alomomola|81/100|[from] item: Leftovers
|upkeep
|turn|11
|inactive|Battousai9419 has 120 seconds left.
|c|☆gedagideegeda|explode
|
|t:|1758992599
|switch|p2a: Kilowattrel|Kilowattrel, M|100/100
|move|p1a: Alomomola|Wish|p1a: Alomomola
|
|-heal|p1a: Alomomola|87/100|[from] item: Leftovers
|-sideend|p1: gedagideegeda|Reflect
|upkeep
|turn|12
|inactive|Battousai9419 has 120 seconds left.
|
|t:|1758992611
|move|p2a: Kilowattrel|Volt Switch|p1a: Alomomola
|-supereffective|p1a: Alomomola
|-damage|p1a: Alomomola|32/100
|
|t:|1758992617
|switch|p2a: Dragalge|Dragalge, M|90/100|[from] Volt Switch
|move|p1a: Alomomola|Flip Turn|p2a: Dragalge
|-resisted|p2a: Dragalge
|-crit|p2a: Dragalge
|-damage|p2a: Dragalge|75/100
|
|t:|1758992645
|switch|p1a: Magnezone|Magnezone|97/100|[from] Flip Turn
|
|-heal|p1a: Magnezone|100/100|[from] move: Wish|[wisher] Alomomola
|upkeep
|turn|13
|c|☆Battousai9419|this is my first battle test with the team
|inactive|Battousai9419 has 120 seconds left.
|
|t:|1758992666
|move|p1a: Magnezone|Flash Cannon|p2a: Dragalge
|-damage|p2a: Dragalge|49/100
|move|p2a: Dragalge|Flip Turn|p1a: Magnezone
|-damage|p1a: Magnezone|91/100
|-damage|p2a: Dragalge|33/100|[from] item: Rocky Helmet|[of] p1a: Magnezone
|
|t:|1758992686
|switch|p2a: Forretress|Forretress, M|100/100|[from] Flip Turn
|
|upkeep
|turn|14
|c|☆gedagideegeda|get a good ground type maybe
|
|t:|1758992700
|move|p1a: Magnezone|Volt Switch|p2a: Forretress
|-damage|p2a: Forretress|41/100
|
|t:|1758992703
|switch|p1a: Alomomola|Alomomola, M|65/100|[from] Volt Switch
|move|p2a: Forretress|Stealth Rock|p1a: Alomomola
|-sidestart|p1: gedagideegeda|move: Stealth Rock
|
|-heal|p1a: Alomomola|71/100|[from] item: Leftovers
|upkeep
|turn|15
|
|t:|1758992717
|switch|p2a: Kilowattrel|Kilowattrel, M|100/100
|move|p1a: Alomomola|Wish|p1a: Alomomola
|
|-heal|p1a: Alomomola|77/100|[from] item: Leftovers
|upkeep
|turn|16
|
|t:|1758992724
|move|p2a: Kilowattrel|Thunder|p1a: Alomomola|[miss]
|-miss|p2a: Kilowattrel|p1a: Alomomola
|move|p1a: Alomomola|Flip Turn|p2a: Kilowattrel
|-damage|p2a: Kilowattrel|72/100
|c|☆gedagideegeda|oof
|
|t:|1758992741
|switch|p1a: Cinderace|Cinderace, M|34/100|[from] Flip Turn
|
|-heal|p1a: Cinderace|100/100|[from] move: Wish|[wisher] Alomomola
|upkeep
|turn|17
|
|t:|1758992748
|move|p1a: Cinderace|Sucker Punch|p2a: Kilowattrel
|-start|p1a: Cinderace|typechange|Dark|[from] ability: Libero
|-damage|p2a: Kilowattrel|5/100
|move|p2a: Kilowattrel|Thunder|p1a: Cinderace
|-damage|p1a: Cinderace|27/100
|
|upkeep
|turn|18
|
|t:|1758992759
|switch|p2a: Forretress|Forretress, M|41/100
|move|p1a: Cinderace|Sucker Punch||[still]
|-fail|p1a: Cinderace
|
|upkeep
|turn|19
|
|t:|1758992770
|move|p1a: Cinderace|Court Change|p1a: Cinderace
|-swapsideconditions
|-activate|p1a: Cinderace|move: Court Change
|move|p2a: Forretress|Lunge|p1a: Cinderace
|-supereffective|p1a: Cinderace
|-damage|p1a: Cinderace|0 fnt
|faint|p1a: Cinderace
|
|upkeep
|c|☆gedagideegeda|there it goes
|
|t:|1758992787
|switch|p1a: Pawmot|Pawmot, M|100/100
|turn|20
|
|t:|1758992795
|move|p1a: Pawmot|Revival Blessing|p1a: Pawmot
|
|t:|1758992797
|-heal|p1: Cinderace|50/100|[from] move: Revival Blessing
|move|p2a: Forretress|Lunge|p1a: Pawmot
|-resisted|p1a: Pawmot
|-damage|p1a: Pawmot|78/100
|-unboost|p1a: Pawmot|atk|1
|
|upkeep
|turn|21
|
|t:|1758992808
|switch|p1a: Alomomola|Alomomola, M|100/100
|move|p2a: Forretress|Stealth Rock|p1a: Alomomola
|-sidestart|p1: gedagideegeda|move: Stealth Rock
|
|upkeep
|turn|22
|
|t:|1758992814
|move|p1a: Alomomola|Wish|p1a: Alomomola
|move|p2a: Forretress|Rapid Spin|p1a: Alomomola
|-damage|p1a: Alomomola|92/100
|-boost|p2a: Forretress|spe|1
|-sideend|p2: Battousai9419|Stealth Rock|[from] move: Rapid Spin|[of] p2a: Forretress
|
|-heal|p1a: Alomomola|99/100|[from] item: Leftovers
|upkeep
|turn|23
|
|t:|1758992825
|switch|p2a: Pelipper|Pelipper, M|84/100
|-weather|RainDance|[from] ability: Drizzle|[of] p2a: Pelipper
|move|p1a: Alomomola|Flip Turn|p2a: Pelipper
|-resisted|p2a: Pelipper
|-damage|p2a: Pelipper|71/100
|
|t:|1758992844
|switch|p1a: Magnezone|Magnezone|91/100|[from] Flip Turn
|-damage|p1a: Magnezone|85/100|[from] Stealth Rock
|
|-weather|RainDance|[upkeep]
|-heal|p1a: Magnezone|100/100|[from] move: Wish|[wisher] Alomomola
|upkeep
|turn|24
|
|t:|1758992855
|move|p2a: Pelipper|U-turn|p1a: Magnezone
|-resisted|p1a: Magnezone
|-damage|p1a: Magnezone|97/100
|-damage|p2a: Pelipper|55/100|[from] item: Rocky Helmet|[of] p1a: Magnezone
|
|t:|1758992862
|switch|p2a: Grimmsnarl|Grimmsnarl, M|81/100|[from] U-turn
|move|p1a: Magnezone|Flash Cannon|p2a: Grimmsnarl
|-supereffective|p2a: Grimmsnarl
|-damage|p2a: Grimmsnarl|0 fnt
|faint|p2a: Grimmsnarl
|
|-weather|RainDance|[upkeep]
|upkeep
|
|t:|1758992876
|switch|p2a: Kilowattrel|Kilowattrel, M|5/100
|turn|25
|
|t:|1758992885
|move|p2a: Kilowattrel|Thunder|p1a: Magnezone
|-resisted|p1a: Magnezone
|-damage|p1a: Magnezone|71/100
|move|p1a: Magnezone|Flash Cannon|p2a: Kilowattrel
|-resisted|p2a: Kilowattrel
|-damage|p2a: Kilowattrel|0 fnt
|faint|p2a: Kilowattrel
|
|-weather|RainDance|[upkeep]
|upkeep
|c|☆gedagideegeda|umm
|
|t:|1758992902
|switch|p2a: Forretress|Forretress, M|41/100
|turn|26
|
|t:|1758992906
|move|p1a: Magnezone|Volt Switch|p2a: Forretress
|-damage|p2a: Forretress|0 fnt
|faint|p2a: Forretress
|
|t:|1758992911
|switch|p1a: Cinderace|Cinderace, M|50/100|[from] Volt Switch
|
|-weather|RainDance|[upkeep]
|upkeep
|
|t:|1758992919
|switch|p2a: Dragalge|Dragalge, M|33/100
|turn|27
|
|t:|1758992924
|move|p1a: Cinderace|Court Change|p1a: Cinderace
|-start|p1a: Cinderace|typechange|Normal|[from] ability: Libero
|-swapsideconditions
|-activate|p1a: Cinderace|move: Court Change
|move|p2a: Dragalge|Thunder|p1a: Cinderace
|-damage|p1a: Cinderace|5/100
|-status|p1a: Cinderace|par
|
|-weather|RainDance|[upkeep]
|upkeep
|turn|28
|
|t:|1758992933
|cant|p1a: Cinderace|par
|move|p2a: Dragalge|Flip Turn|p1a: Cinderace
|-damage|p1a: Cinderace|0 fnt
|faint|p1a: Cinderace
|
|t:|1758992940
|switch|p2a: Pelipper|Pelipper, M|55/100|[from] Flip Turn
|-damage|p2a: Pelipper|30/100|[from] Stealth Rock
|
|-weather|RainDance|[upkeep]
|upkeep
|
|t:|1758992948
|switch|p1a: Magnezone|Magnezone|71/100
|turn|29
|
|t:|1758992952
|move|p2a: Pelipper|Surf|p1a: Magnezone
|-damage|p1a: Magnezone|19/100
|move|p1a: Magnezone|Volt Switch|p2a: Pelipper
|-supereffective|p2a: Pelipper
|-damage|p2a: Pelipper|0 fnt
|faint|p2a: Pelipper
|
|t:|1758992958
|switch|p1a: Regidrago|Regidrago|100/100|[from] Volt Switch
|
|-weather|RainDance|[upkeep]
|upkeep
|
|t:|1758992962
|switch|p2a: Dragalge|Dragalge, M|33/100
|-damage|p2a: Dragalge|21/100|[from] Stealth Rock
|turn|30
|
|t:|1758992968
|move|p1a: Regidrago|Dragon Energy|p2a: Dragalge
|-supereffective|p2a: Dragalge
|-damage|p2a: Dragalge|0 fnt
|faint|p2a: Dragalge
|
|win|gedagideegeda
|raw|gedagideegeda's rating: 1136 &rarr; <strong>1158</strong><br />(+22 for winning)
|raw|Battousai9419's rating: 1100 &rarr; <strong>1078</strong><br />(-22 for losing)
|c|☆Battousai9419|gg
|c|☆gedagideegeda|gg
|c|☆gedagideegeda|nice team just add some more counter play
|c|☆Battousai9419|thanks i added you
|c|☆Battousai9419|Good battler
|l|☆Battousai9419
|player|p2|
|l|☆gedagideegeda
|player|p1|
