|j|☆jimmyjohns212
|j|☆A15694397177
|t:|1758960464
|gametype|singles
|player|p1|jimmyjohns212|giovanni|1285
|player|p2|A15694397177|elesa|1236
|gen|9
|tier|[Gen 9] OU
|rated|
|rule|HP Percentage Mod: HP is shown in percentages
|rule|Endless Battle Clause: Forcing endless battles is banned
|rule|Species Clause: Limit one of each Pokémon
|rule|OHKO Clause: OHKO moves are banned
|rule|Evasion Items Clause: Evasion items are banned
|rule|Evasion Moves Clause: Evasion moves are banned
|rule|Evasion Abilities Clause: Evasion abilities are banned
|rule|Sleep Moves Clause: Sleep-inducing moves are banned
|clearpoke
|poke|p1|Walking Wake|
|poke|p1|Ninetales, F|
|poke|p1|Whimsicott, M|
|poke|p1|Great Tusk|
|poke|p1|Raging Bolt|
|poke|p1|Corviknight, M|
|poke|p2|Charizard, F|
|poke|p2|Torkoal, F|
|poke|p2|Hatterene, F|
|poke|p2|Great Tusk|
|poke|p2|Lilligant-Hisui, F|
|poke|p2|Walking Wake|
|teampreview
|inactive|Battle timer is ON: inactive players will automatically lose when time's up. (requested by jimmyjohns212)
|inactive|A15694397177 also wants the timer to be on.
|
|t:|1758960503
|teamsize|p1|6
|teamsize|p2|6
|start
|switch|p1a: Walking Wake|Walking Wake|100/100
|switch|p2a: 冠茂|Walking Wake|100/100
|turn|1
|
|t:|1758960515
|-end|p2a: 冠茂|Protosynthesis|[silent]
|switch|p2a: 梓川月乃|Hatterene, F|100/100
|move|p1a: Walking Wake|Dragon Pulse|p2a: 梓川月乃
|-immune|p2a: 梓川月乃
|
|upkeep
|turn|2
|
|t:|1758960529
|-end|p1a: Walking Wake|Protosynthesis|[silent]
|switch|p1a: Ninetales|Ninetales, F|100/100
|-weather|SunnyDay|[from] ability: Drought|[of] p1a: Ninetales
|move|p2a: 梓川月乃|Trick Room|p2a: 梓川月乃
|-fieldstart|move: Trick Room|[of] p2a: 梓川月乃
|
|-weather|SunnyDay|[upkeep]
|upkeep
|turn|3
|
|t:|1758960545
|switch|p2a: 松代健|Great Tusk|100/100
|-activate|p2a: 松代健|ability: Protosynthesis
|-start|p2a: 松代健|protosynthesisatk
|move|p1a: Ninetales|Overheat|p2a: 松代健
|-damage|p2a: 松代健|0 fnt
|-unboost|p1a: Ninetales|spa|2
|faint|p2a: 松代健
|-end|p2a: 松代健|Protosynthesis|[silent]
|
|-weather|SunnyDay|[upkeep]
|upkeep
|
|t:|1758960561
|switch|p2a: 东和马|Charizard, F|100/100
|turn|4
|
|t:|1758960570
|switch|p1a: Walking Wake|Walking Wake|100/100
|-activate|p1a: Walking Wake|ability: Protosynthesis
|-start|p1a: Walking Wake|protosynthesisspe
|-terastallize|p2a: 东和马|Fire
|move|p2a: 东和马|Overheat|p1a: Walking Wake
|-resisted|p1a: Walking Wake
|-damage|p1a: Walking Wake|16/100
|-unboost|p2a: 东和马|spa|2
|
|-weather|SunnyDay|[upkeep]
|-damage|p2a: 东和马|88/100|[from] ability: Solar Power|[of] p2a: 东和马
|upkeep
|turn|5
|
|t:|1758960580
|-end|p1a: Walking Wake|Protosynthesis|[silent]
|switch|p1a: Raging Bolt|Raging Bolt|100/100
|-activate|p1a: Raging Bolt|ability: Protosynthesis
|-start|p1a: Raging Bolt|protosynthesisspa
|move|p2a: 东和马|Overheat|p1a: Raging Bolt
|-resisted|p1a: Raging Bolt
|-damage|p1a: Raging Bolt|40/100
|-unboost|p2a: 东和马|spa|2
|
|-weather|SunnyDay|[upkeep]
|-damage|p2a: 东和马|76/100|[from] ability: Solar Power|[of] p2a: 东和马
|upkeep
|turn|6
|
|t:|1758960603
|switch|p2a: 梓川月乃|Hatterene, F|100/100
|move|p1a: Raging Bolt|Volt Switch|p2a: 梓川月乃
|-damage|p2a: 梓川月乃|29/100
|-enditem|p2a: 梓川月乃|Eject Button
|
|t:|1758960611
|switch|p2a: 诹访原戒|Lilligant-Hisui, F|100/100
|
|-weather|SunnyDay|[upkeep]
|-fieldend|move: Trick Room
|upkeep
|turn|7
|
|t:|1758960615
|-end|p1a: Raging Bolt|Protosynthesis|[silent]
|switch|p1a: Corviknight|Corviknight, M|100/100
|move|p2a: 诹访原戒|Triple Axel|p1a: Corviknight
|-damage|p1a: Corviknight|94/100
|-damage|p2a: 诹访原戒|84/100|[from] item: Rocky Helmet|[of] p1a: Corviknight
|-hitcount|p1a: Corviknight|1
|-damage|p2a: 诹访原戒|74/100|[from] item: Life Orb
|
|-weather|SunnyDay|[upkeep]
|upkeep
|turn|8
|
|t:|1758960636
|switch|p2a: 东和马|Charizard, F, tera:Fire|76/100
|move|p1a: Corviknight|U-turn|p2a: 东和马
|-resisted|p2a: 东和马
|-crit|p2a: 东和马
|-damage|p2a: 东和马|61/100
|
|t:|1758960640
|switch|p1a: Walking Wake|Walking Wake|16/100|[from] U-turn
|-activate|p1a: Walking Wake|ability: Protosynthesis
|-start|p1a: Walking Wake|protosynthesisspe
|
|-weather|SunnyDay|[upkeep]
|-damage|p2a: 东和马|49/100|[from] ability: Solar Power|[of] p2a: 东和马
|upkeep
|turn|9
|
|t:|1758960652
|switch|p2a: 梓川月乃|Hatterene, F|29/100
|move|p1a: Walking Wake|Dragon Pulse|p2a: 梓川月乃
|-immune|p2a: 梓川月乃
|
|-weather|none
|-end|p1a: Walking Wake|Protosynthesis
|upkeep
|turn|10
|
|t:|1758960665
|-end|p1a: Walking Wake|Protosynthesis|[silent]
|switch|p1a: Corviknight|Corviknight, M|94/100
|move|p2a: 梓川月乃|Dazzling Gleam|p1a: Corviknight
|-resisted|p1a: Corviknight
|-damage|p1a: Corviknight|80/100
|
|upkeep
|turn|11
|
|t:|1758960678
|switch|p2a: 河内恭介|Torkoal, F|100/100
|-weather|SunnyDay|[from] ability: Drought|[of] p2a: 河内恭介
|move|p1a: Corviknight|U-turn|p2a: 河内恭介
|-resisted|p2a: 河内恭介
|-damage|p2a: 河内恭介|97/100
|
|t:|1758960683
|switch|p1a: Great Tusk|Great Tusk|100/100|[from] U-turn
|-activate|p1a: Great Tusk|ability: Protosynthesis
|-start|p1a: Great Tusk|protosynthesisspe
|
|-weather|SunnyDay|[upkeep]
|upkeep
|turn|12
|
|t:|1758960690
|switch|p2a: 东和马|Charizard, F, tera:Fire|49/100
|move|p1a: Great Tusk|Headlong Rush|p2a: 东和马
|-supereffective|p2a: 东和马
|-damage|p2a: 东和马|0 fnt
|-unboost|p1a: Great Tusk|def|1
|-unboost|p1a: Great Tusk|spd|1
|faint|p2a: 东和马
|
|-weather|SunnyDay|[upkeep]
|upkeep
|
|t:|1758960696
|switch|p2a: 冠茂|Walking Wake|100/100
|-activate|p2a: 冠茂|ability: Protosynthesis
|-start|p2a: 冠茂|protosynthesisspe
|turn|13
|
|t:|1758960701
|-end|p1a: Great Tusk|Protosynthesis|[silent]
|switch|p1a: Whimsicott|Whimsicott, M|100/100
|move|p2a: 冠茂|Hydro Steam|p1a: Whimsicott
|-resisted|p1a: Whimsicott
|-damage|p1a: Whimsicott|20/100
|
|-weather|SunnyDay|[upkeep]
|upkeep
|turn|14
|
|t:|1758960706
|move|p1a: Whimsicott|Moonblast|p2a: 冠茂
|-supereffective|p2a: 冠茂
|-damage|p2a: 冠茂|0 fnt
|faint|p2a: 冠茂
|-end|p2a: 冠茂|Protosynthesis|[silent]
|-damage|p1a: Whimsicott|10/100|[from] item: Life Orb
|
|-weather|SunnyDay|[upkeep]
|upkeep
|
|t:|1758960713
|switch|p2a: 诹访原戒|Lilligant-Hisui, F|74/100
|turn|15
|
|t:|1758960717
|move|p1a: Whimsicott|Moonblast|p2a: 诹访原戒
|-supereffective|p2a: 诹访原戒
|-damage|p2a: 诹访原戒|0 fnt
|faint|p2a: 诹访原戒
|-damage|p1a: Whimsicott|0 fnt|[from] item: Life Orb
|faint|p1a: Whimsicott
|
|-weather|SunnyDay|[upkeep]
|upkeep
|
|t:|1758960733
|switch|p1a: Raging Bolt|Raging Bolt|40/100
|switch|p2a: 梓川月乃|Hatterene, F|29/100
|-activate|p1a: Raging Bolt|ability: Protosynthesis
|-start|p1a: Raging Bolt|protosynthesisspa
|turn|16
|inactive|A15694397177 has 120 seconds left.
|inactive|A15694397177 has 90 seconds left.
|inactive|A15694397177 has 60 seconds left.
|inactive|A15694397177 has 30 seconds left.
|inactive|A15694397177 has 20 seconds left.
|inactive|A15694397177 has 15 seconds left.
|inactive|A15694397177 has 10 seconds left.
|inactive|A15694397177 has 5 seconds left.
|-message|A15694397177 lost due to inactivity.
|
|win|jimmyjohns212
|raw|jimmyjohns212's rating: 1285 &rarr; <strong>1306</strong><br />(+21 for winning)
|raw|A15694397177's rating: 1236 &rarr; <strong>1215</strong><br />(-21 for losing)
|l|☆jimmyjohns212
|player|p1|
