|j|☆lamelunaire
|j|☆JP ShinySeeker
|t:|1758922726
|gametype|singles
|player|p1|lamelunaire|steven|1253
|player|p2|JP ShinySeeker|grimsley|1272
|gen|9
|tier|[Gen 9] OU
|rated|
|rule|HP Percentage Mod: HP is shown in percentages
|rule|Endless Battle Clause: Forcing endless battles is banned
|rule|Species Clause: Limit one of each Pokémon
|rule|OHKO Clause: OHKO moves are banned
|rule|Evasion Items Clause: Evasion items are banned
|rule|Evasion Moves Clause: Evasion moves are banned
|rule|Evasion Abilities Clause: Evasion abilities are banned
|rule|Sleep Moves Clause: Sleep-inducing moves are banned
|clearpoke
|poke|p1|Ninetales, M|
|poke|p1|Landorus-Therian, M|
|poke|p1|Walking Wake|
|poke|p1|Raging Bolt|
|poke|p1|Hatterene, F|
|poke|p1|Iron Moth|
|poke|p2|Araquanid, F|
|poke|p2|Cinderace, M|
|poke|p2|Kingambit, M|
|poke|p2|Milotic, F|
|poke|p2|Gothitelle, F|
|poke|p2|Serperior, M|
|teampreview
|inactive|Battle timer is ON: inactive players will automatically lose when time's up. (requested by lamelunaire)
|
|t:|1758922749
|teamsize|p1|6
|teamsize|p2|6
|start
|switch|p1a: Kyubite|Ninetales, M|100/100
|switch|p2a: Araquanid|Araquanid, F|100/100
|-weather|SunnyDay|[from] ability: Drought|[of] p1a: Kyubite
|turn|1
|
|t:|1758922755
|switch|p1a: My Queen|Hatterene, F|100/100
|move|p2a: Araquanid|Sticky Web|p1a: My Queen
|move|p1a: My Queen|Sticky Web|p2a: Araquanid|[from] ability: Magic Bounce
|-sidestart|p2: JP ShinySeeker|move: Sticky Web
|
|-weather|SunnyDay|[upkeep]
|upkeep
|turn|2
|
|t:|1758922764
|move|p1a: My Queen|Nuzzle|p2a: Araquanid
|-supereffective|p2a: Araquanid
|-damage|p2a: Araquanid|94/100
|-status|p2a: Araquanid|par
|cant|p2a: Araquanid|par
|
|-weather|SunnyDay|[upkeep]
|upkeep
|turn|3
|
|t:|1758922775
|switch|p1a: Railongku|Raging Bolt|100/100
|-activate|p1a: Railongku|ability: Protosynthesis
|-start|p1a: Railongku|protosynthesisspa
|switch|p2a: Cinderace|Cinderace, M|100/100
|
|-weather|SunnyDay|[upkeep]
|upkeep
|turn|4
|
|t:|1758922789
|move|p2a: Cinderace|U-turn|p1a: Railongku
|-damage|p1a: Railongku|78/100
|
|t:|1758922793
|switch|p2a: Araquanid|Araquanid, F|94/100 par|[from] U-turn
|-activate|p2a: Araquanid|move: Sticky Web
|-unboost|p2a: Araquanid|spe|1
|move|p1a: Railongku|Volt Switch|p2a: Araquanid
|-supereffective|p2a: Araquanid
|-damage|p2a: Araquanid|0 fnt
|faint|p2a: Araquanid
|
|t:|1758922807
|-end|p1a: Railongku|Protosynthesis|[silent]
|switch|p1a: Berger Volant|Landorus-Therian, M|100/100|[from] Volt Switch
|
|-weather|SunnyDay|[upkeep]
|upkeep
|
|t:|1758922812
|switch|p2a: Gothitelle|Gothitelle, F|100/100
|-activate|p2a: Gothitelle|move: Sticky Web
|-unboost|p2a: Gothitelle|spe|1
|-ability|p2a: Gothitelle|Competitive|boost
|-boost|p2a: Gothitelle|spa|2
|turn|5
|
|t:|1758922828
|move|p1a: Berger Volant|Taunt|p2a: Gothitelle
|-start|p2a: Gothitelle|move: Taunt
|cant|p2a: Gothitelle|move: Taunt|Trick Room
|
|-weather|SunnyDay|[upkeep]
|upkeep
|turn|6
|
|t:|1758922837
|move|p1a: Berger Volant|Stealth Rock|p2a: Gothitelle
|-sidestart|p2: JP ShinySeeker|move: Stealth Rock
|move|p2a: Gothitelle|Psychic|p1a: Berger Volant
|-damage|p1a: Berger Volant|0 fnt
|faint|p1a: Berger Volant
|-damage|p2a: Gothitelle|91/100|[from] item: Life Orb
|
|-weather|SunnyDay|[upkeep]
|upkeep
|
|t:|1758922845
|switch|p1a: Railongku|Raging Bolt|78/100
|-activate|p1a: Railongku|ability: Protosynthesis
|-start|p1a: Railongku|protosynthesisspa
|turn|7
|
|t:|1758922850
|move|p1a: Railongku|Weather Ball|p2a: Gothitelle
|-damage|p2a: Gothitelle|0 fnt
|faint|p2a: Gothitelle
|
|-weather|SunnyDay|[upkeep]
|upkeep
|
|t:|1758922853
|switch|p2a: Cinderace|Cinderace, M|100/100
|turn|8
|
|t:|1758922863
|-end|p1a: Railongku|Protosynthesis|[silent]
|switch|p1a: My Queen|Hatterene, F|100/100
|move|p2a: Cinderace|Court Change|p2a: Cinderace
|-swapsideconditions
|-activate|p2a: Cinderace|move: Court Change
|
|-weather|none
|upkeep
|turn|9
|
|t:|1758922875
|switch|p1a: Kyubite|Ninetales, M|100/100
|-activate|p1a: Kyubite|move: Sticky Web
|-unboost|p1a: Kyubite|spe|1
|-damage|p1a: Kyubite|76/100|[from] Stealth Rock
|-weather|SunnyDay|[from] ability: Drought|[of] p1a: Kyubite
|move|p2a: Cinderace|Pyro Ball|p1a: Kyubite
|-resisted|p1a: Kyubite
|-damage|p1a: Kyubite|26/100
|
|-weather|SunnyDay|[upkeep]
|upkeep
|turn|10
|
|t:|1758922889
|switch|p1a: Double Queue|Walking Wake|100/100
|-activate|p1a: Double Queue|move: Sticky Web
|-unboost|p1a: Double Queue|spe|1
|-damage|p1a: Double Queue|88/100|[from] Stealth Rock
|-activate|p1a: Double Queue|ability: Protosynthesis
|-start|p1a: Double Queue|protosynthesisspa
|move|p2a: Cinderace|Pyro Ball|p1a: Double Queue
|-resisted|p1a: Double Queue
|-damage|p1a: Double Queue|63/100
|-status|p1a: Double Queue|brn
|
|-weather|SunnyDay|[upkeep]
|-damage|p1a: Double Queue|57/100 brn|[from] brn
|upkeep
|turn|11
|
|t:|1758922897
|move|p2a: Cinderace|Pyro Ball|p1a: Double Queue
|-resisted|p1a: Double Queue
|-damage|p1a: Double Queue|34/100 brn
|move|p1a: Double Queue|Draco Meteor|p2a: Cinderace
|-damage|p2a: Cinderace|0 fnt
|-unboost|p1a: Double Queue|spa|2
|faint|p2a: Cinderace
|
|-weather|SunnyDay|[upkeep]
|-damage|p1a: Double Queue|28/100 brn|[from] brn
|upkeep
|
|t:|1758922902
|switch|p2a: Serperior|Serperior, M|100/100
|turn|12
|
|t:|1758922911
|move|p2a: Serperior|Leaf Storm|p1a: Double Queue
|-damage|p1a: Double Queue|0 fnt
|-boost|p2a: Serperior|spa|2
|faint|p1a: Double Queue
|-end|p1a: Double Queue|Protosynthesis|[silent]
|
|-weather|SunnyDay|[upkeep]
|upkeep
|
|t:|1758922917
|switch|p1a: Railongku|Raging Bolt|78/100
|-activate|p1a: Railongku|move: Sticky Web
|-unboost|p1a: Railongku|spe|1
|-damage|p1a: Railongku|65/100|[from] Stealth Rock
|-activate|p1a: Railongku|ability: Protosynthesis
|-start|p1a: Railongku|protosynthesisspa
|turn|13
|
|t:|1758922923
|move|p2a: Serperior|Substitute|p2a: Serperior
|-start|p2a: Serperior|Substitute
|-damage|p2a: Serperior|76/100
|move|p1a: Railongku|Weather Ball|p2a: Serperior
|-supereffective|p2a: Serperior
|-end|p2a: Serperior|Substitute
|
|-weather|SunnyDay|[upkeep]
|-heal|p2a: Serperior|82/100|[from] item: Leftovers
|upkeep
|turn|14
|
|t:|1758922929
|move|p2a: Serperior|Knock Off|p1a: Railongku
|-damage|p1a: Railongku|49/100
|-enditem|p1a: Railongku|Choice Specs|[from] move: Knock Off|[of] p2a: Serperior
|move|p1a: Railongku|Weather Ball|p2a: Serperior
|-supereffective|p2a: Serperior
|-damage|p2a: Serperior|0 fnt
|faint|p2a: Serperior
|
|-weather|SunnyDay|[upkeep]
|upkeep
|
|t:|1758922951
|switch|p2a: Kingambit|Kingambit, M|100/100
|turn|15
|
|t:|1758922960
|-end|p1a: Railongku|Protosynthesis|[silent]
|switch|p1a: My Queen|Hatterene, F|100/100
|-activate|p1a: My Queen|move: Sticky Web
|-unboost|p1a: My Queen|spe|1
|-damage|p1a: My Queen|88/100|[from] Stealth Rock
|-terastallize|p2a: Kingambit|Dark
|move|p2a: Kingambit|Kowtow Cleave|p1a: My Queen
|-damage|p1a: My Queen|32/100
|-enditem|p1a: My Queen|Eject Button
|
|t:|1758922976
|switch|p1a: Boost ?|Iron Moth|100/100
|-activate|p1a: Boost ?|move: Sticky Web
|-unboost|p1a: Boost ?|spe|1
|-damage|p1a: Boost ?|76/100|[from] Stealth Rock
|-enditem|p1a: Boost ?|Booster Energy
|-activate|p1a: Boost ?|ability: Quark Drive|[fromitem]
|-start|p1a: Boost ?|quarkdrivespa
|
|-weather|SunnyDay|[upkeep]
|upkeep
|turn|16
|
|t:|1758922981
|-terastallize|p1a: Boost ?|Fairy
|move|p1a: Boost ?|Dazzling Gleam|p2a: Kingambit
|-supereffective|p2a: Kingambit
|-damage|p2a: Kingambit|32/100
|move|p2a: Kingambit|Kowtow Cleave|p1a: Boost ?
|-resisted|p1a: Boost ?
|-damage|p1a: Boost ?|26/100
|
|-weather|none
|upkeep
|turn|17
|l|☆lamelunaire
|inactive|lamelunaire disconnected and has a minute to reconnect!
|player|p1|
|inactive|lamelunaire has 30 seconds to reconnect!
|j|☆lamelunaire
|inactive|lamelunaire reconnected and has 95 seconds left.
|player|p1|lamelunaire|steven|
|inactive|lamelunaire has 90 seconds left.
|
|t:|1758923042
|move|p1a: Boost ?|Substitute|p1a: Boost ?
|-start|p1a: Boost ?|Substitute
|-damage|p1a: Boost ?|1/100
|move|p2a: Kingambit|Kowtow Cleave|p1a: Boost ?
|-resisted|p1a: Boost ?
|-end|p1a: Boost ?|Substitute
|
|upkeep
|turn|18
|
|t:|1758923051
|move|p1a: Boost ?|Dazzling Gleam|p2a: Kingambit
|-supereffective|p2a: Kingambit
|-damage|p2a: Kingambit|0 fnt
|faint|p2a: Kingambit
|
|upkeep
|
|t:|1758923053
|switch|p2a: Milotic|Milotic, F, shiny|100/100
|turn|19
|
|t:|1758923062
|move|p1a: Boost ?|Sludge Wave|p2a: Milotic
|-damage|p2a: Milotic|53/100
|move|p2a: Milotic|Draining Kiss|p1a: Boost ?
|-damage|p1a: Boost ?|0 fnt
|-heal|p2a: Milotic|53/100|[from] drain|[of] p1a: Boost ?
|faint|p1a: Boost ?
|-end|p1a: Boost ?|Quark Drive|[silent]
|
|upkeep
|
|t:|1758923068
|switch|p1a: Kyubite|Ninetales, M|26/100
|-activate|p1a: Kyubite|move: Sticky Web
|-unboost|p1a: Kyubite|spe|1
|-damage|p1a: Kyubite|1/100|[from] Stealth Rock
|-weather|SunnyDay|[from] ability: Drought|[of] p1a: Kyubite
|turn|20
|
|t:|1758923071
|move|p1a: Kyubite|Healing Wish|p1a: Kyubite
|faint|p1a: Kyubite
|move|p2a: Milotic|Draining Kiss|p1: Kyubite|[notarget]
|-fail|p2a: Milotic
|
|-weather|SunnyDay|[upkeep]
|upkeep
|
|t:|1758923076
|switch|p1a: Railongku|Raging Bolt|49/100
|-heal|p1a: Railongku|100/100|[from] move: Healing Wish
|-activate|p1a: Railongku|move: Sticky Web
|-unboost|p1a: Railongku|spe|1
|-damage|p1a: Railongku|88/100|[from] Stealth Rock
|-activate|p1a: Railongku|ability: Protosynthesis
|-start|p1a: Railongku|protosynthesisspa
|turn|21
|
|t:|1758923079
|move|p2a: Milotic|Draining Kiss|p1a: Railongku
|-supereffective|p1a: Railongku
|-damage|p1a: Railongku|41/100
|-heal|p2a: Milotic|88/100|[from] drain|[of] p1a: Railongku
|move|p1a: Railongku|Solar Beam||[still]
|-prepare|p1a: Railongku|Solar Beam
|-anim|p1a: Railongku|Solar Beam|p2a: Milotic
|-supereffective|p2a: Milotic
|-damage|p2a: Milotic|0 fnt
|faint|p2a: Milotic
|
|win|lamelunaire
|raw|lamelunaire's rating: 1253 &rarr; <strong>1279</strong><br />(+26 for winning)
|raw|JP ShinySeeker's rating: 1272 &rarr; <strong>1246</strong><br />(-26 for losing)
|l|☆JP ShinySeeker
|player|p2|
|l|☆lamelunaire
|player|p1|
