|badge|p1|silver|gen9ou|30-6
|html|<div class="broadcast-red"><strong>This battle is required to be public due to one or more player having a season medal.</strong><br />During the public phase, you can discuss the state of the ladder <a href="/seasondiscussion">in a special chatroom.</a></div>
|uhtml|medal-msg|<div class="broadcast-blue">Curious what those medals under the avatar are? PS now has Ladder Seasons! For more information, check out the <a href="https://www.smogon.com/forums/threads/3740067/">thread on Smogon.</a></div>
|badge|p2|silver|gen9ou|30-6
|uhtml|medal-msg|<div class="broadcast-blue">Curious what those medals under the avatar are? PS now has Ladder Seasons! For more information, check out the <a href="https://www.smogon.com/forums/threads/3740067/">thread on Smogon.</a></div>
|raw|<div class="broadcast-blue"><strong>This battle is required to be public due to a player having a name starting with 'medal'.</div>
|j|☆LT124YH Ghoul
|j|☆send it to me
|t:|1758971833
|gametype|singles
|player|p1|LT124YH Ghoul|#wcop2024asia|1960
|player|p2|send it to me|musician|1985
|gen|9
|tier|[Gen 9] OU
|rated|
|rule|HP Percentage Mod: HP is shown in percentages
|rule|Endless Battle Clause: Forcing endless battles is banned
|rule|Species Clause: Limit one of each Pokémon
|rule|OHKO Clause: OHKO moves are banned
|rule|Evasion Items Clause: Evasion items are banned
|rule|Evasion Moves Clause: Evasion moves are banned
|rule|Evasion Abilities Clause: Evasion abilities are banned
|rule|Sleep Moves Clause: Sleep-inducing moves are banned
|clearpoke
|poke|p1|Enamorus, F|
|poke|p1|Araquanid, M|
|poke|p1|Gholdengo|
|poke|p1|Iron Valiant|
|poke|p1|Kingambit, F|
|poke|p1|Great Tusk|
|poke|p2|Deoxys-Speed|
|poke|p2|Iron Treads|
|poke|p2|Ogerpon-Wellspring, F|
|poke|p2|Kyurem|
|poke|p2|Kingambit, F|
|poke|p2|Iron Valiant|
|teampreview
|inactive|Battle timer is ON: inactive players will automatically lose when time's up. (requested by LT124YH Ghoul)
|j| Rizzofreko
|c|☆send it to me|hf
|c|☆LT124YH Ghoul|hf
|
|t:|1758971854
|teamsize|p1|6
|teamsize|p2|6
|start
|switch|p1a: Robot|Gholdengo|100/100
|switch|p2a: Deoxys|Deoxys-Speed|100/100
|-ability|p2a: Deoxys|Pressure
|turn|1
|
|t:|1758971856
|move|p2a: Deoxys|Light Screen|p2a: Deoxys
|-sidestart|p2: send it to me|move: Light Screen
|move|p1a: Robot|Shadow Ball|p2a: Deoxys
|-supereffective|p2a: Deoxys
|-damage|p2a: Deoxys|49/100
|
|upkeep
|turn|2
|
|t:|1758971863
|switch|p2a: Iron Treads|Iron Treads|100/100
|-enditem|p2a: Iron Treads|Booster Energy
|-activate|p2a: Iron Treads|ability: Quark Drive|[fromitem]
|-start|p2a: Iron Treads|quarkdrivespe
|move|p1a: Robot|Nasty Plot|p1a: Robot
|-boost|p1a: Robot|spa|2
|
|upkeep
|turn|3
|
|t:|1758971867
|switch|p1a: Doc Seismic|Araquanid, M|100/100
|move|p2a: Iron Treads|Stealth Rock|p1a: Doc Seismic
|-sidestart|p1: LT124YH Ghoul|move: Stealth Rock
|
|upkeep
|turn|4
|
|t:|1758971872
|-end|p2a: Iron Treads|Quark Drive|[silent]
|switch|p2a: Ogerpon|Ogerpon-Wellspring, F|100/100
|move|p1a: Doc Seismic|Sticky Web|p2a: Ogerpon
|-sidestart|p2: send it to me|move: Sticky Web
|
|upkeep
|turn|5
|
|t:|1758971878
|move|p2a: Ogerpon|Swords Dance|p2a: Ogerpon
|-boost|p2a: Ogerpon|atk|2
|move|p1a: Doc Seismic|Lunge|p2a: Ogerpon
|-supereffective|p2a: Ogerpon
|-damage|p2a: Ogerpon|29/100
|-unboost|p2a: Ogerpon|atk|1
|
|upkeep
|turn|6
|
|t:|1758971881
|move|p2a: Ogerpon|Horn Leech|p1a: Doc Seismic
|-damage|p1a: Doc Seismic|16/100
|-heal|p2a: Ogerpon|73/100|[from] drain|[of] p1a: Doc Seismic
|move|p1a: Doc Seismic|Lunge|p2a: Ogerpon
|-supereffective|p2a: Ogerpon
|-damage|p2a: Ogerpon|0 fnt
|faint|p2a: Ogerpon
|
|upkeep
|
|t:|1758971886
|switch|p2a: Iron Treads|Iron Treads|100/100
|-activate|p2a: Iron Treads|move: Sticky Web
|-unboost|p2a: Iron Treads|spe|1
|turn|7
|
|t:|1758971892
|switch|p1a: Robot|Gholdengo|100/100
|-damage|p1a: Robot|94/100|[from] Stealth Rock
|move|p2a: Iron Treads|Rapid Spin|p1a: Robot
|-immune|p1a: Robot
|
|upkeep
|turn|8
|j| Heatranator
|
|t:|1758971913
|move|p1a: Robot|Nasty Plot|p1a: Robot
|-boost|p1a: Robot|spa|2
|move|p2a: Iron Treads|Earth Power|p1a: Robot
|-supereffective|p1a: Robot
|-damage|p1a: Robot|26/100
|
|-sideend|p2: send it to me|move: Light Screen
|upkeep
|turn|9
|j| locked in bro
|
|t:|1758971917
|-end|p2a: Iron Treads|Quark Drive|[silent]
|switch|p2a: Kingambit|Kingambit, F|100/100
|-activate|p2a: Kingambit|move: Sticky Web
|-unboost|p2a: Kingambit|spe|1
|-activate|p2a: Kingambit|ability: Supreme Overlord
|-start|p2a: Kingambit|fallen1|[silent]
|move|p1a: Robot|Shadow Ball|p2a: Kingambit
|-resisted|p2a: Kingambit
|-damage|p2a: Kingambit|61/100
|
|-heal|p2a: Kingambit|67/100|[from] item: Leftovers
|upkeep
|turn|10
|
|t:|1758971921
|move|p1a: Robot|Recover|p1a: Robot
|-heal|p1a: Robot|76/100
|move|p2a: Kingambit|Kowtow Cleave|p1a: Robot
|-supereffective|p1a: Robot
|-damage|p1a: Robot|0 fnt
|faint|p1a: Robot
|
|-heal|p2a: Kingambit|73/100|[from] item: Leftovers
|upkeep
|
|t:|1758971925
|switch|p1a: Invincible|Great Tusk|100/100
|-damage|p1a: Invincible|98/100|[from] Stealth Rock
|-enditem|p1a: Invincible|Booster Energy
|-activate|p1a: Invincible|ability: Protosynthesis|[fromitem]
|-start|p1a: Invincible|protosynthesisspe
|turn|11
|l| locked in bro
|
|t:|1758971940
|move|p1a: Invincible|Rapid Spin|p2a: Kingambit
|-resisted|p2a: Kingambit
|-damage|p2a: Kingambit|68/100
|-boost|p1a: Invincible|spe|1
|-sideend|p1: LT124YH Ghoul|Stealth Rock|[from] move: Rapid Spin|[of] p1a: Invincible
|move|p2a: Kingambit|Swords Dance|p2a: Kingambit
|-boost|p2a: Kingambit|atk|2
|
|-heal|p2a: Kingambit|74/100|[from] item: Leftovers
|upkeep
|turn|12
|
|t:|1758971948
|-terastallize|p2a: Kingambit|Flying
|move|p1a: Invincible|Knock Off|p2a: Kingambit
|-damage|p2a: Kingambit|55/100
|-enditem|p2a: Kingambit|Leftovers|[from] move: Knock Off|[of] p1a: Invincible
|move|p2a: Kingambit|Tera Blast|p1a: Invincible|[anim] Tera Blast Flying
|-supereffective|p1a: Invincible
|-damage|p1a: Invincible|0 fnt
|faint|p1a: Invincible
|-end|p1a: Invincible|Protosynthesis|[silent]
|
|upkeep
|j| locked in bro
|inactive|LT124YH Ghoul has 120 seconds left.
|
|t:|1758971989
|switch|p1a: Atom Eve|Iron Valiant|100/100
|-enditem|p1a: Atom Eve|Booster Energy
|-activate|p1a: Atom Eve|ability: Quark Drive|[fromitem]
|-start|p1a: Atom Eve|quarkdrivespa
|turn|13
|
|t:|1758971998
|-end|p2a: Kingambit|fallen1|[silent]
|switch|p2a: Iron Treads|Iron Treads|100/100
|-activate|p2a: Iron Treads|move: Sticky Web
|-unboost|p2a: Iron Treads|spe|1
|move|p1a: Atom Eve|Moonblast|p2a: Iron Treads
|-resisted|p2a: Iron Treads
|-damage|p2a: Iron Treads|50/100
|-unboost|p2a: Iron Treads|spa|1
|
|upkeep
|turn|14
|
|t:|1758972000
|move|p1a: Atom Eve|Vacuum Wave|p2a: Iron Treads
|-supereffective|p2a: Iron Treads
|-damage|p2a: Iron Treads|0 fnt
|faint|p2a: Iron Treads
|-end|p2a: Iron Treads|Quark Drive|[silent]
|
|upkeep
|
|t:|1758972004
|switch|p2a: Deoxys|Deoxys-Speed|49/100
|-activate|p2a: Deoxys|move: Sticky Web
|-unboost|p2a: Deoxys|spe|1
|-ability|p2a: Deoxys|Pressure
|turn|15
|
|t:|1758972009
|move|p1a: Atom Eve|Moonblast|p2a: Deoxys
|-damage|p2a: Deoxys|0 fnt
|faint|p2a: Deoxys
|
|upkeep
|c|☆LT124YH Ghoul|gg
|c|☆send it to me|gg
|-message|send it to me forfeited.
|
|win|LT124YH Ghoul
|raw|LT124YH Ghoul's rating: 1960 &rarr; <strong>1981</strong><br />(+21 for winning)
|raw|send it to me's rating: 1985 &rarr; <strong>1964</strong><br />(-21 for losing)
|l|☆send it to me
|player|p2|
|l|☆LT124YH Ghoul
|player|p1|
|l| Rizzofreko
|l| Heatranator
