|badge|p1|bronze|gen9ou|100-6
|html|<div class="broadcast-red"><strong>This battle is required to be public due to one or more player having a season medal.</strong><br />During the public phase, you can discuss the state of the ladder <a href="/seasondiscussion">in a special chatroom.</a></div>
|uhtml|medal-msg|<div class="broadcast-blue">Curious what those medals under the avatar are? PS now has Ladder Seasons! For more information, check out the <a href="https://www.smogon.com/forums/threads/3740067/">thread on Smogon.</a></div>
|badge|p2|silver|gen9ou|30-6
|uhtml|medal-msg|<div class="broadcast-blue">Curious what those medals under the avatar are? PS now has Ladder Seasons! For more information, check out the <a href="https://www.smogon.com/forums/threads/3740067/">thread on Smogon.</a></div>
|raw|<div class="broadcast-blue"><strong>This battle is required to be public due to a player having a name starting with 'medal'.</div>
|j|☆ADM02
|j|☆osiris seth
|t:|1759049211
|gametype|singles
|player|p1|ADM02|1|1868
|player|p2|osiris seth|psychicf-gen4|1959
|gen|9
|tier|[Gen 9] OU
|rated|
|rule|HP Percentage Mod: HP is shown in percentages
|rule|Endless Battle Clause: Forcing endless battles is banned
|rule|Species Clause: Limit one of each Pokémon
|rule|OHKO Clause: OHKO moves are banned
|rule|Evasion Items Clause: Evasion items are banned
|rule|Evasion Moves Clause: Evasion moves are banned
|rule|Evasion Abilities Clause: Evasion abilities are banned
|rule|Sleep Moves Clause: Sleep-inducing moves are banned
|clearpoke
|poke|p1|Cinderace, M|
|poke|p1|Clefable, F|
|poke|p1|Salamence, F|
|poke|p1|Dragonite, F|
|poke|p1|Hoopa-Unbound|
|poke|p1|Clodsire, M|
|poke|p2|Scizor, F|
|poke|p2|Great Tusk|
|poke|p2|Weavile, F|
|poke|p2|Ogerpon-Wellspring, F|
|poke|p2|Enamorus, F|
|poke|p2|Heatran, M|
|teampreview
|inactive|Battle timer is ON: inactive players will automatically lose when time's up. (requested by osiris seth)
|j| Sirpeanutcronch
|
|t:|1759049235
|teamsize|p1|6
|teamsize|p2|6
|start
|switch|p1a: Clodsire|Clodsire, M|100/100
|switch|p2a: Scizor|Scizor, F|100/100
|turn|1
|
|t:|1759049240
|move|p2a: Scizor|Knock Off|p1a: Clodsire
|-damage|p1a: Clodsire|75/100
|-damage|p2a: Scizor|84/100|[from] item: Rocky Helmet|[of] p1a: Clodsire
|-enditem|p1a: Clodsire|Rocky Helmet|[from] move: Knock Off|[of] p2a: Scizor
|move|p1a: Clodsire|Stealth Rock|p2a: Scizor
|-sidestart|p2: osiris seth|move: Stealth Rock
|
|upkeep
|turn|2
|
|t:|1759049247
|move|p2a: Scizor|Defog|p1a: Clodsire
|-unboost|p1a: Clodsire|evasion|1
|-sideend|p2: osiris seth|Stealth Rock|[from] move: Defog|[of] p2a: Scizor
|move|p1a: Clodsire|Toxic|p2a: Scizor
|-immune|p2a: Scizor
|
|upkeep
|turn|3
|
|t:|1759049250
|move|p2a: Scizor|U-turn|p1a: Clodsire
|-resisted|p1a: Clodsire
|-damage|p1a: Clodsire|60/100
|
|t:|1759049253
|switch|p2a: Weavile|Weavile, F|100/100|[from] U-turn
|-ability|p2a: Weavile|Pressure
|move|p1a: Clodsire|Stealth Rock|p2a: Weavile
|-sidestart|p2: osiris seth|move: Stealth Rock
|
|upkeep
|turn|4
|j| idjdkdkdkfi
|
|t:|1759049279
|switch|p1a: Cinderace|Cinderace, M|100/100
|move|p2a: Weavile|Triple Axel|p1a: Cinderace
|-resisted|p1a: Cinderace
|-damage|p1a: Cinderace|92/100
|-resisted|p1a: Cinderace
|-damage|p1a: Cinderace|73/100
|-resisted|p1a: Cinderace
|-damage|p1a: Cinderace|46/100
|-hitcount|p1a: Cinderace|3
|-damage|p2a: Weavile|91/100|[from] item: Life Orb
|
|upkeep
|turn|5
|inactive|ADM02 has 120 seconds left.
|
|t:|1759049299
|move|p1a: Cinderace|Sucker Punch|p2a: Weavile
|-resisted|p2a: Weavile
|-damage|p2a: Weavile|71/100
|move|p2a: Weavile|Knock Off|p1a: Cinderace
|-damage|p1a: Cinderace|0 fnt
|-enditem|p1a: Cinderace|Heavy-Duty Boots|[from] move: Knock Off|[of] p2a: Weavile
|faint|p1a: Cinderace
|-damage|p2a: Weavile|61/100|[from] item: Life Orb
|
|upkeep
|inactive|ADM02 has 120 seconds left.
|
|t:|1759049311
|switch|p1a: Clefable|Clefable, F|100/100
|turn|6
|
|t:|1759049320
|switch|p2a: Scizor|Scizor, F|84/100
|-damage|p2a: Scizor|72/100|[from] Stealth Rock
|move|p1a: Clefable|Moonblast|p2a: Scizor
|-resisted|p2a: Scizor
|-damage|p2a: Scizor|53/100
|
|upkeep
|turn|7
|
|t:|1759049328
|switch|p1a: Salamence|Salamence, F|100/100
|-ability|p1a: Salamence|Intimidate|boost
|-unboost|p2a: Scizor|atk|1
|move|p2a: Scizor|U-turn|p1a: Salamence
|-resisted|p1a: Salamence
|-damage|p1a: Salamence|90/100
|
|t:|1759049333
|switch|p2a: Enamorus|Enamorus, F|100/100|[from] U-turn
|-damage|p2a: Enamorus|76/100|[from] Stealth Rock
|
|upkeep
|turn|8
|j| catarina valentine
|
|t:|1759049339
|switch|p1a: Clodsire|Clodsire, M|60/100
|move|p2a: Enamorus|Moonblast|p1a: Clodsire
|-resisted|p1a: Clodsire
|-damage|p1a: Clodsire|39/100
|-unboost|p1a: Clodsire|spa|1
|
|upkeep
|turn|9
|
|t:|1759049346
|switch|p2a: Great Tusk|Great Tusk|100/100
|-damage|p2a: Great Tusk|97/100|[from] Stealth Rock
|-enditem|p2a: Great Tusk|Booster Energy
|-activate|p2a: Great Tusk|ability: Protosynthesis|[fromitem]
|-start|p2a: Great Tusk|protosynthesisatk
|move|p1a: Clodsire|Recover|p1a: Clodsire
|-heal|p1a: Clodsire|89/100
|
|upkeep
|turn|10
|
|t:|1759049350
|switch|p1a: Salamence|Salamence, F|90/100
|-ability|p1a: Salamence|Intimidate|boost
|-unboost|p2a: Great Tusk|atk|1
|move|p2a: Great Tusk|Rapid Spin|p1a: Salamence
|-damage|p1a: Salamence|79/100
|-boost|p2a: Great Tusk|spe|1
|-sideend|p2: osiris seth|Stealth Rock|[from] move: Rapid Spin|[of] p2a: Great Tusk
|
|upkeep
|turn|11
|
|t:|1759049352
|move|p2a: Great Tusk|Ice Spinner|p1a: Salamence
|-supereffective|p1a: Salamence
|-crit|p1a: Salamence
|-damage|p1a: Salamence|0 fnt
|faint|p1a: Salamence
|
|upkeep
|
|t:|1759049356
|switch|p1a: Clefable|Clefable, F|100/100
|turn|12
|
|t:|1759049359
|-end|p2a: Great Tusk|Protosynthesis|[silent]
|switch|p2a: Heatran|Heatran, M|100/100
|move|p1a: Clefable|Moonblast|p2a: Heatran
|-resisted|p2a: Heatran
|-damage|p2a: Heatran|95/100
|
|-heal|p2a: Heatran|100/100|[from] item: Leftovers
|upkeep
|turn|13
|
|t:|1759049363
|switch|p1a: Hoopa|Hoopa-Unbound|100/100
|move|p2a: Heatran|Magma Storm|p1a: Hoopa|[miss]
|-miss|p2a: Heatran|p1a: Hoopa
|
|upkeep
|turn|14
|
|t:|1759049372
|move|p1a: Hoopa|Focus Blast|p2a: Heatran|[miss]
|-miss|p1a: Hoopa|p2a: Heatran
|move|p2a: Heatran|Stealth Rock|p1a: Hoopa
|-sidestart|p1: ADM02|move: Stealth Rock
|
|upkeep
|turn|15
|
|t:|1759049378
|switch|p2a: Great Tusk|Great Tusk|97/100
|move|p1a: Hoopa|Knock Off|p2a: Great Tusk
|-resisted|p2a: Great Tusk
|-damage|p2a: Great Tusk|88/100
|
|upkeep
|turn|16
|
|t:|1759049385
|switch|p1a: Clefable|Clefable, F|100/100
|move|p2a: Great Tusk|Headlong Rush|p1a: Clefable
|-damage|p1a: Clefable|50/100
|-unboost|p2a: Great Tusk|def|1
|-unboost|p2a: Great Tusk|spd|1
|
|-heal|p1a: Clefable|56/100|[from] item: Leftovers
|upkeep
|turn|17
|
|t:|1759049389
|-end|p2a: Great Tusk|Protosynthesis|[silent]
|switch|p2a: Enamorus|Enamorus, F|76/100
|move|p1a: Clefable|Calm Mind|p1a: Clefable
|-boost|p1a: Clefable|spa|1
|-boost|p1a: Clefable|spd|1
|
|-heal|p1a: Clefable|62/100|[from] item: Leftovers
|upkeep
|turn|18
|
|t:|1759049392
|move|p1a: Clefable|Protect|p1a: Clefable
|-singleturn|p1a: Clefable|Protect
|move|p2a: Enamorus|Moonblast|p1a: Clefable
|-activate|p1a: Clefable|move: Protect
|
|-heal|p1a: Clefable|68/100|[from] item: Leftovers
|upkeep
|turn|19
|
|t:|1759049396
|move|p2a: Enamorus|Moonblast|p1a: Clefable
|-damage|p1a: Clefable|35/100
|move|p1a: Clefable|Moonblast|p2a: Enamorus
|-damage|p2a: Enamorus|7/100
|-boost|p2a: Enamorus|spa|1
|
|-heal|p1a: Clefable|41/100|[from] item: Leftovers
|upkeep
|turn|20
|
|t:|1759049403
|move|p1a: Clefable|Protect|p1a: Clefable
|-singleturn|p1a: Clefable|Protect
|move|p2a: Enamorus|Moonblast|p1a: Clefable
|-activate|p1a: Clefable|move: Protect
|
|-heal|p1a: Clefable|47/100|[from] item: Leftovers
|upkeep
|turn|21
|
|t:|1759049406
|switch|p1a: Clodsire|Clodsire, M|89/100
|-damage|p1a: Clodsire|83/100|[from] Stealth Rock
|move|p2a: Enamorus|Moonblast|p1a: Clodsire
|-resisted|p1a: Clodsire
|-damage|p1a: Clodsire|54/100
|
|upkeep
|turn|22
|j| amimec
|
|t:|1759049411
|switch|p2a: Ogerpon|Ogerpon-Wellspring, F|100/100
|move|p1a: Clodsire|Recover|p1a: Clodsire
|-heal|p1a: Clodsire|100/100
|
|upkeep
|turn|23
|
|t:|1759049414
|move|p2a: Ogerpon|Ivy Cudgel|p1a: Clodsire|[anim] Ivy Cudgel Water
|-immune|p1a: Clodsire|[from] ability: Water Absorb
|move|p1a: Clodsire|Stealth Rock|p2a: Ogerpon
|-sidestart|p2: osiris seth|move: Stealth Rock
|
|upkeep
|turn|24
|
|t:|1759049422
|switch|p2a: Heatran|Heatran, M|100/100
|-damage|p2a: Heatran|88/100|[from] Stealth Rock
|move|p1a: Clodsire|Earthquake|p2a: Heatran
|-supereffective|p2a: Heatran
|-damage|p2a: Heatran|9/100
|
|-heal|p2a: Heatran|15/100|[from] item: Leftovers
|upkeep
|turn|25
|
|t:|1759049431
|switch|p2a: Great Tusk|Great Tusk|88/100
|-damage|p2a: Great Tusk|85/100|[from] Stealth Rock
|move|p1a: Clodsire|Earthquake|p2a: Great Tusk
|-damage|p2a: Great Tusk|66/100
|
|upkeep
|turn|26
|j| Jasonthebaboon
|
|t:|1759049436
|move|p2a: Great Tusk|Headlong Rush|p1a: Clodsire
|-supereffective|p1a: Clodsire
|-damage|p1a: Clodsire|10/100
|-unboost|p2a: Great Tusk|def|1
|-unboost|p2a: Great Tusk|spd|1
|move|p1a: Clodsire|Toxic|p2a: Great Tusk
|-status|p2a: Great Tusk|tox
|
|-damage|p2a: Great Tusk|60/100 tox|[from] psn
|upkeep
|turn|27
|
|t:|1759049440
|move|p2a: Great Tusk|Rapid Spin|p1a: Clodsire
|-damage|p1a: Clodsire|0 fnt
|-boost|p2a: Great Tusk|spe|1
|-sideend|p2: osiris seth|Stealth Rock|[from] move: Rapid Spin|[of] p2a: Great Tusk
|faint|p1a: Clodsire
|
|-damage|p2a: Great Tusk|48/100 tox|[from] psn
|upkeep
|
|t:|1759049450
|switch|p1a: Clefable|Clefable, F|47/100
|turn|28
|
|t:|1759049453
|move|p1a: Clefable|Protect|p1a: Clefable
|-singleturn|p1a: Clefable|Protect
|move|p2a: Great Tusk|Headlong Rush|p1a: Clefable
|-activate|p1a: Clefable|move: Protect
|
|-heal|p1a: Clefable|53/100|[from] item: Leftovers
|-damage|p2a: Great Tusk|30/100 tox|[from] psn
|upkeep
|turn|29
|
|t:|1759049458
|move|p2a: Great Tusk|Headlong Rush|p1a: Clefable
|-damage|p1a: Clefable|6/100
|-unboost|p2a: Great Tusk|def|1
|-unboost|p2a: Great Tusk|spd|1
|move|p1a: Clefable|Wish|p1a: Clefable
|
|-heal|p1a: Clefable|12/100|[from] item: Leftovers
|-damage|p2a: Great Tusk|6/100 tox|[from] psn
|upkeep
|turn|30
|
|t:|1759049463
|-end|p2a: Great Tusk|Protosynthesis|[silent]
|switch|p2a: Scizor|Scizor, F|53/100
|move|p1a: Clefable|Protect||[still]
|-fail|p1a: Clefable
|
|-heal|p1a: Clefable|62/100|[from] move: Wish|[wisher] Clefable
|-heal|p1a: Clefable|68/100|[from] item: Leftovers
|upkeep
|turn|31
|
|t:|1759049468
|move|p1a: Clefable|Protect|p1a: Clefable
|-singleturn|p1a: Clefable|Protect
|move|p2a: Scizor|Bullet Punch|p1a: Clefable
|-activate|p1a: Clefable|move: Protect
|
|-heal|p1a: Clefable|74/100|[from] item: Leftovers
|upkeep
|turn|32
|
|t:|1759049477
|move|p2a: Scizor|Bullet Punch|p1a: Clefable
|-supereffective|p1a: Clefable
|-damage|p1a: Clefable|25/100
|move|p1a: Clefable|Moonblast|p2a: Scizor
|-resisted|p2a: Scizor
|-damage|p2a: Scizor|34/100
|-enditem|p2a: Scizor|Sitrus Berry|[eat]
|-heal|p2a: Scizor|59/100|[from] item: Sitrus Berry
|
|-heal|p1a: Clefable|32/100|[from] item: Leftovers
|upkeep
|turn|33
|
|t:|1759049485
|move|p1a: Clefable|Protect|p1a: Clefable
|-singleturn|p1a: Clefable|Protect
|move|p2a: Scizor|Bullet Punch|p1a: Clefable
|-activate|p1a: Clefable|move: Protect
|
|-heal|p1a: Clefable|38/100|[from] item: Leftovers
|upkeep
|turn|34
|
|t:|1759049495
|move|p2a: Scizor|Bullet Punch|p1a: Clefable
|-supereffective|p1a: Clefable
|-damage|p1a: Clefable|0 fnt
|faint|p1a: Clefable
|
|upkeep
|
|t:|1759049508
|switch|p1a: Dragonite|Dragonite, F|100/100
|turn|35
|
|t:|1759049514
|move|p1a: Dragonite|Dragon Dance|p1a: Dragonite
|-boost|p1a: Dragonite|atk|1
|-boost|p1a: Dragonite|spe|1
|move|p2a: Scizor|Knock Off|p1a: Dragonite
|-crit|p1a: Dragonite
|-damage|p1a: Dragonite|68/100
|-enditem|p1a: Dragonite|Heavy-Duty Boots|[from] move: Knock Off|[of] p2a: Scizor
|
|upkeep
|turn|36
|j| Samurajen
|inactive|ADM02 has 120 seconds left.
|
|t:|1759049552
|-terastallize|p2a: Scizor|Steel
|move|p2a: Scizor|Bullet Punch|p1a: Dragonite
|-damage|p1a: Dragonite|21/100
|move|p1a: Dragonite|Earthquake|p2a: Scizor
|-supereffective|p2a: Scizor
|-damage|p2a: Scizor|0 fnt
|faint|p2a: Scizor
|
|upkeep
|j| Itwasneroox
|j| wgw2333
|l| Itwasneroox
|
|t:|1759049559
|switch|p2a: Ogerpon|Ogerpon-Wellspring, F|100/100
|turn|37
|inactive|ADM02 has 120 seconds left.
|inactive|ADM02 has 90 seconds left.
|
|t:|1759049611
|-terastallize|p1a: Dragonite|Normal
|move|p1a: Dragonite|Extreme Speed|p2a: Ogerpon
|-damage|p2a: Ogerpon|17/100
|move|p2a: Ogerpon|Play Rough|p1a: Dragonite
|-damage|p1a: Dragonite|0 fnt
|faint|p1a: Dragonite
|
|upkeep
|-message|ADM02 forfeited.
|
|win|osiris seth
|raw|ADM02's rating: 1868 &rarr; <strong>1853</strong><br />(-15 for losing)
|raw|osiris seth's rating: 1959 &rarr; <strong>1974</strong><br />(+15 for winning)
|l|☆osiris seth
|player|p2|
|l| Sirpeanutcronch
|l| amimec
|l| Jasonthebaboon
|j| locked in bro
|l| locked in bro
|l| idjdkdkdkfi
