|j|☆Chris466
|j|☆UltraGodGreninja
|t:|1758940479
|gametype|singles
|player|p1|Chris466|red|1375
|player|p2|UltraGodGreninja|skyla|1343
|gen|9
|tier|[Gen 9] OU
|rated|
|rule|HP Percentage Mod: HP is shown in percentages
|rule|Endless Battle Clause: Forcing endless battles is banned
|rule|Species Clause: Limit one of each Pokémon
|rule|OHKO Clause: OHKO moves are banned
|rule|Evasion Items Clause: Evasion items are banned
|rule|Evasion Moves Clause: Evasion moves are banned
|rule|Evasion Abilities Clause: Evasion abilities are banned
|rule|Sleep Moves Clause: Sleep-inducing moves are banned
|clearpoke
|poke|p1|Primarina, M|
|poke|p1|Cyclizar, F|
|poke|p1|Landorus-Therian, M|
|poke|p1|Slowking-Galar, M|
|poke|p1|Okidogi, M|
|poke|p1|Rillaboom, M|
|poke|p2|Pelipper, F|
|poke|p2|Greninja-*, M|
|poke|p2|Tornadus-Therian, M|
|poke|p2|Overqwil, M|
|poke|p2|Barraskewda, F|
|poke|p2|Iron Treads|
|teampreview
|
|t:|1758940490
|teamsize|p1|6
|teamsize|p2|6
|start
|switch|p1a: Cyclizar|Cyclizar, F|100/100
|switch|p2a: Pelipper|Pelipper, F|100/100
|-weather|RainDance|[from] ability: Drizzle|[of] p2a: Pelipper
|turn|1
|
|t:|1758940499
|move|p1a: Cyclizar|Draco Meteor|p2a: Pelipper
|-damage|p2a: Pelipper|28/100
|-unboost|p1a: Cyclizar|spa|2
|move|p2a: Pelipper|U-turn|p1a: Cyclizar
|-damage|p1a: Cyclizar|85/100
|
|t:|1758940504
|switch|p2a: Greninja|Greninja, M|100/100|[from] U-turn
|
|-weather|RainDance|[upkeep]
|upkeep
|turn|2
|
|t:|1758940508
|switch|p1a: Primarina|Primarina, M|100/100
|move|p2a: Greninja|Sludge Wave|p1a: Primarina
|-supereffective|p1a: Primarina
|-damage|p1a: Primarina|38/100
|-damage|p2a: Greninja|91/100|[from] item: Life Orb
|
|-weather|RainDance|[upkeep]
|-heal|p1a: Primarina|44/100|[from] item: Leftovers
|upkeep
|turn|3
|
|t:|1758940514
|switch|p1a: Slowking|Slowking-Galar, M|100/100
|move|p2a: Greninja|Sludge Wave|p1a: Slowking
|-resisted|p1a: Slowking
|-damage|p1a: Slowking|89/100
|-damage|p2a: Greninja|81/100|[from] item: Life Orb
|
|-weather|RainDance|[upkeep]
|upkeep
|turn|4
|
|t:|1758940524
|switch|p2a: Iron Treads|Iron Treads|100/100
|-terastallize|p1a: Slowking|Water
|-prepare|p1a: Slowking|Chilly Reception|[premajor]
|move|p1a: Slowking|Chilly Reception|p1a: Slowking
|-weather|Snowscape
|
|t:|1758940526
|switch|p1a: Okidogi|Okidogi, M|100/100|[from] Chilly Reception
|
|-weather|Snowscape|[upkeep]
|upkeep
|turn|5
|
|t:|1758940538
|-end|p2a: Iron Treads|Quark Drive|[silent]
|switch|p2a: Tornadus|Tornadus-Therian, M|100/100
|move|p1a: Okidogi|Close Combat|p2a: Tornadus
|-resisted|p2a: Tornadus
|-damage|p2a: Tornadus|71/100
|-unboost|p1a: Okidogi|def|1
|-unboost|p1a: Okidogi|spd|1
|
|-weather|Snowscape|[upkeep]
|upkeep
|turn|6
|
|t:|1758940544
|switch|p1a: Cyclizar|Cyclizar, F|100/100
|move|p2a: Tornadus|Bleakwind Storm|p1a: Cyclizar
|-damage|p1a: Cyclizar|56/100
|
|-weather|Snowscape|[upkeep]
|upkeep
|turn|7
|
|t:|1758940552
|switch|p2a: Iron Treads|Iron Treads|100/100
|move|p1a: Cyclizar|Rapid Spin|p2a: Iron Treads
|-resisted|p2a: Iron Treads
|-damage|p2a: Iron Treads|94/100
|-boost|p1a: Cyclizar|spe|1
|
|-weather|Snowscape|[upkeep]
|-heal|p2a: Iron Treads|99/100|[from] item: Leftovers
|upkeep
|turn|8
|
|t:|1758940555
|move|p1a: Cyclizar|Overheat|p2a: Iron Treads
|-supereffective|p2a: Iron Treads
|-damage|p2a: Iron Treads|2/100
|-unboost|p1a: Cyclizar|spa|2
|move|p2a: Iron Treads|Stealth Rock|p1a: Cyclizar
|-sidestart|p1: Chris466|move: Stealth Rock
|
|-weather|none
|-heal|p2a: Iron Treads|8/100|[from] item: Leftovers
|upkeep
|turn|9
|
|t:|1758940562
|move|p1a: Cyclizar|Rapid Spin|p2a: Iron Treads
|-resisted|p2a: Iron Treads
|-damage|p2a: Iron Treads|1/100
|-boost|p1a: Cyclizar|spe|1
|-sideend|p1: Chris466|Stealth Rock|[from] move: Rapid Spin|[of] p1a: Cyclizar
|move|p2a: Iron Treads|Knock Off|p1a: Cyclizar
|-damage|p1a: Cyclizar|0 fnt
|-enditem|p1a: Cyclizar|Assault Vest|[from] move: Knock Off|[of] p2a: Iron Treads
|faint|p1a: Cyclizar
|
|-heal|p2a: Iron Treads|7/100|[from] item: Leftovers
|upkeep
|
|t:|1758940567
|switch|p1a: Okidogi|Okidogi, M|100/100
|turn|10
|
|t:|1758940599
|move|p1a: Okidogi|Ice Punch|p2a: Iron Treads
|-damage|p2a: Iron Treads|0 fnt
|faint|p2a: Iron Treads
|-end|p2a: Iron Treads|Quark Drive|[silent]
|
|upkeep
|
|t:|1758940601
|switch|p2a: Pelipper|Pelipper, F|28/100
|-weather|RainDance|[from] ability: Drizzle|[of] p2a: Pelipper
|turn|11
|
|t:|1758940610
|switch|p1a: Slowking|Slowking-Galar, M, tera:Water|100/100
|move|p2a: Pelipper|Roost|p2a: Pelipper
|-heal|p2a: Pelipper|78/100
|-singleturn|p2a: Pelipper|move: Roost
|
|-weather|RainDance|[upkeep]
|upkeep
|turn|12
|
|t:|1758940617
|move|p2a: Pelipper|U-turn|p1a: Slowking
|-crit|p1a: Slowking
|-damage|p1a: Slowking|86/100
|
|t:|1758940620
|switch|p2a: Tornadus|Tornadus-Therian, M|100/100|[from] U-turn
|-prepare|p1a: Slowking|Chilly Reception|[premajor]
|move|p1a: Slowking|Chilly Reception|p1a: Slowking
|-weather|Snowscape
|
|t:|1758940627
|switch|p1a: Landorus|Landorus-Therian, M|100/100|[from] Chilly Reception
|-ability|p1a: Landorus|Intimidate|boost
|-unboost|p2a: Tornadus|atk|1
|
|-weather|Snowscape|[upkeep]
|upkeep
|turn|13
|
|t:|1758940632
|switch|p1a: Slowking|Slowking-Galar, M, tera:Water|100/100
|move|p2a: Tornadus|Weather Ball|p1a: Slowking
|-resisted|p1a: Slowking
|-damage|p1a: Slowking|93/100
|
|-weather|Snowscape|[upkeep]
|upkeep
|turn|14
|-message|UltraGodGreninja forfeited.
|
|win|Chris466
|raw|Chris466's rating: 1375 &rarr; <strong>1392</strong><br />(+17 for winning)
|raw|UltraGodGreninja's rating: 1324 &rarr; <strong>1307</strong><br />(-17 for losing)
|l|☆UltraGodGreninja
|player|p2|
