|j|☆BabyGronkel
|j|☆JumboDorito
|t:|1759030538
|gametype|singles
|player|p1|BabyGronkel|juan|
|player|p2|JumboDorito|170|
|gen|9
|tier|[Gen 9] OU
|rule|HP Percentage Mod: HP is shown in percentages
|rule|Endless Battle Clause: Forcing endless battles is banned
|rule|Species Clause: Limit one of each Pokémon
|rule|OHKO Clause: OHKO moves are banned
|rule|Evasion Items Clause: Evasion items are banned
|rule|Evasion Moves Clause: Evasion moves are banned
|rule|Evasion Abilities Clause: Evasion abilities are banned
|rule|Sleep Moves Clause: Sleep-inducing moves are banned
|clearpoke
|poke|p1|Gogoat, M|
|poke|p1|Skeledirge, M|
|poke|p1|Alomomola, M|
|poke|p1|Iron Valiant|
|poke|p1|Dragonite, M|
|poke|p1|Registeel|
|poke|p2|Electrode-Hisui|
|poke|p2|Cinderace, M|
|poke|p2|Forretress, F|
|poke|p2|Rabsca, F|
|poke|p2|Magneton|
|poke|p2|Glalie, F|
|teampreview
|
|t:|1759030553
|teamsize|p1|6
|teamsize|p2|6
|start
|switch|p1a: sans.|Skeledirge, M|100/100
|switch|p2a: gun ball|Forretress, F|100/100
|turn|1
|
|t:|1759030562
|move|p1a: sans.|Torch Song|p2a: gun ball
|-supereffective|p2a: gun ball
|-ability|p2a: gun ball|Sturdy
|-damage|p2a: gun ball|1/100
|-boost|p1a: sans.|spa|1
|move|p2a: gun ball|Stealth Rock|p1a: sans.
|-sidestart|p1: BabyGronkel|move: Stealth Rock
|
|upkeep
|turn|2
|
|t:|1759030580
|switch|p2a: Ballin|Cinderace, M|100/100
|move|p1a: sans.|Torch Song|p2a: Ballin
|-resisted|p2a: Ballin
|-damage|p2a: Ballin|66/100
|-boost|p1a: sans.|spa|1
|
|upkeep
|turn|3
|
|t:|1759030587
|move|p2a: Ballin|Shadow Ball|p1a: sans.
|-supereffective|p1a: sans.
|-damage|p1a: sans.|65/100
|move|p1a: sans.|Earth Power|p2a: Ballin
|-supereffective|p2a: Ballin
|-damage|p2a: Ballin|0 fnt
|faint|p2a: Ballin
|
|upkeep
|
|t:|1759030609
|switch|p2a: Ball worshipper|Rabsca, F|100/100
|turn|4
|
|t:|1759030613
|-terastallize|p2a: Ball worshipper|Water
|move|p1a: sans.|Torch Song|p2a: Ball worshipper
|-resisted|p2a: Ball worshipper
|-damage|p2a: Ball worshipper|69/100
|-boost|p1a: sans.|spa|1
|move|p2a: Ball worshipper|Calm Mind|p2a: Ball worshipper
|-boost|p2a: Ball worshipper|spa|1
|-boost|p2a: Ball worshipper|spd|1
|
|upkeep
|turn|5
|
|t:|1759030630
|switch|p1a: Alphys|Dragonite, M|100/100
|-damage|p1a: Alphys|76/100|[from] Stealth Rock
|move|p2a: Ball worshipper|Calm Mind|p2a: Ball worshipper
|-boost|p2a: Ball worshipper|spa|1
|-boost|p2a: Ball worshipper|spd|1
|
|upkeep
|turn|6
|
|t:|1759030636
|move|p1a: Alphys|Encore|p2a: Ball worshipper
|-start|p2a: Ball worshipper|Encore
|move|p2a: Ball worshipper|Calm Mind|p2a: Ball worshipper
|-boost|p2a: Ball worshipper|spa|1
|-boost|p2a: Ball worshipper|spd|1
|
|upkeep
|turn|7
|
|t:|1759030640
|switch|p2a: 3 balls|Magneton|100/100
|move|p1a: Alphys|Roost|p1a: Alphys
|-heal|p1a: Alphys|100/100
|-singleturn|p1a: Alphys|move: Roost
|
|upkeep
|turn|8
|
|t:|1759030646
|move|p2a: 3 balls|Volt Switch|p1a: Alphys
|-damage|p1a: Alphys|85/100
|
|t:|1759030650
|switch|p2a: ice ball|Glalie, F|100/100|[from] Volt Switch
|move|p1a: Alphys|Dragon Tail|p2a: ice ball
|-damage|p2a: ice ball|62/100
|drag|p2a: gun ball|Forretress, F|1/100
|
|upkeep
|turn|9
|
|t:|1759030660
|move|p2a: gun ball|Gyro Ball|p1a: Alphys
|-damage|p1a: Alphys|66/100
|move|p1a: Alphys|Dragon Tail|p2a: gun ball
|-resisted|p2a: gun ball
|-crit|p2a: gun ball
|-damage|p2a: gun ball|0 fnt
|faint|p2a: gun ball
|
|upkeep
|
|t:|1759030664
|switch|p2a: angry ball|Electrode-Hisui|100/100
|turn|10
|
|t:|1759030667
|move|p2a: angry ball|Leech Seed|p1a: Alphys
|-start|p1a: Alphys|move: Leech Seed
|move|p1a: Alphys|Roost|p1a: Alphys
|-heal|p1a: Alphys|100/100
|-singleturn|p1a: Alphys|move: Roost
|
|-damage|p1a: Alphys|88/100|[from] Leech Seed|[of] p2a: angry ball
|upkeep
|turn|11
|
|t:|1759030678
|switch|p1a: Toriel|Gogoat, M|100/100
|-damage|p1a: Toriel|88/100|[from] Stealth Rock
|move|p2a: angry ball|Volt Switch|p1a: Toriel
|-resisted|p1a: Toriel
|-damage|p1a: Toriel|80/100
|
|t:|1759030691
|switch|p2a: Ball worshipper|Rabsca, F, tera:Water|69/100|[from] Volt Switch
|
|upkeep
|turn|12
|
|t:|1759030718
|switch|p2a: angry ball|Electrode-Hisui|100/100
|move|p1a: Toriel|Bulk Up|p1a: Toriel
|-boost|p1a: Toriel|atk|1
|-boost|p1a: Toriel|def|1
|
|upkeep
|turn|13
|
|t:|1759030723
|move|p2a: angry ball|Volt Switch|p1a: Toriel
|-resisted|p1a: Toriel
|-damage|p1a: Toriel|72/100
|
|t:|1759030728
|switch|p2a: 3 balls|Magneton|100/100|[from] Volt Switch
|move|p1a: Toriel|Horn Leech|p2a: 3 balls
|-resisted|p2a: 3 balls
|-damage|p2a: 3 balls|82/100
|-heal|p1a: Toriel|76/100|[from] drain|[of] p2a: 3 balls
|
|upkeep
|turn|14
|
|t:|1759030735
|move|p1a: Toriel|Protect|p1a: Toriel
|-singleturn|p1a: Toriel|Protect
|move|p2a: 3 balls|Flash Cannon|p1a: Toriel
|-activate|p1a: Toriel|move: Protect
|
|upkeep
|turn|15
|
|t:|1759030741
|switch|p1a: Mettaton|Registeel|100/100
|-damage|p1a: Mettaton|94/100|[from] Stealth Rock
|move|p2a: 3 balls|Flash Cannon|p1a: Mettaton
|-resisted|p1a: Mettaton
|-damage|p1a: Mettaton|84/100
|
|upkeep
|turn|16
|
|t:|1759030744
|move|p2a: 3 balls|Volt Switch|p1a: Mettaton
|-damage|p1a: Mettaton|67/100
|
|t:|1759030754
|switch|p2a: angry ball|Electrode-Hisui|100/100|[from] Volt Switch
|move|p1a: Mettaton|Body Press|p2a: angry ball
|-damage|p2a: angry ball|52/100
|
|-heal|p2a: angry ball|58/100|[from] item: Leftovers
|upkeep
|turn|17
|
|t:|1759030765
|move|p2a: angry ball|Leech Seed|p1a: Mettaton
|-start|p1a: Mettaton|move: Leech Seed
|move|p1a: Mettaton|Rest|p1a: Mettaton
|-status|p1a: Mettaton|slp|[from] move: Rest
|-heal|p1a: Mettaton|100/100 slp|[silent]
|-enditem|p1a: Mettaton|Chesto Berry|[eat]
|-curestatus|p1a: Mettaton|slp|[msg]
|
|-heal|p2a: angry ball|64/100|[from] item: Leftovers
|-damage|p1a: Mettaton|88/100|[from] Leech Seed|[of] p2a: angry ball
|-heal|p2a: angry ball|82/100|[silent]
|upkeep
|turn|18
|
|t:|1759030768
|switch|p1a: Alphys|Dragonite, M|88/100
|-damage|p1a: Alphys|63/100|[from] Stealth Rock
|move|p2a: angry ball|Volt Switch|p1a: Alphys
|-damage|p1a: Alphys|38/100
|
|t:|1759030776
|switch|p2a: ice ball|Glalie, F|62/100|[from] Volt Switch
|
|upkeep
|turn|19
|
|t:|1759030781
|move|p2a: ice ball|Switcheroo|p1a: Alphys
|-activate|p2a: ice ball|move: Trick|[of] p1a: Alphys
|-item|p1a: Alphys|Choice Scarf|[from] move: Switcheroo
|-item|p2a: ice ball|Lum Berry|[from] move: Switcheroo
|move|p1a: Alphys|Thunder Wave|p2a: ice ball|[miss]
|-miss|p1a: Alphys|p2a: ice ball
|
|upkeep
|turn|20
|
|t:|1759030788
|move|p1a: Alphys|Thunder Wave|p2a: ice ball
|-status|p2a: ice ball|par
|-enditem|p2a: ice ball|Lum Berry|[eat]
|-curestatus|p2a: ice ball|par|[msg]
|move|p2a: ice ball|Snowscape|p2a: ice ball
|-weather|Snowscape
|
|-weather|Snowscape|[upkeep]
|-heal|p2a: ice ball|68/100|[from] ability: Ice Body
|upkeep
|turn|21
|
|t:|1759030793
|move|p1a: Alphys|Thunder Wave|p2a: ice ball
|-status|p2a: ice ball|par
|move|p2a: ice ball|Weather Ball|p1a: Alphys
|-supereffective|p1a: Alphys
|-damage|p1a: Alphys|0 fnt
|faint|p1a: Alphys
|
|-weather|Snowscape|[upkeep]
|-heal|p2a: ice ball|74/100 par|[from] ability: Ice Body
|upkeep
|
|t:|1759030804
|switch|p1a: Undyne|Iron Valiant|100/100
|-damage|p1a: Undyne|94/100|[from] Stealth Rock
|-enditem|p1a: Undyne|Booster Energy
|-activate|p1a: Undyne|ability: Quark Drive|[fromitem]
|-start|p1a: Undyne|quarkdriveatk
|turn|22
|
|t:|1759030808
|move|p1a: Undyne|Close Combat|p2a: ice ball
|-supereffective|p2a: ice ball
|-damage|p2a: ice ball|0 fnt
|-unboost|p1a: Undyne|def|1
|-unboost|p1a: Undyne|spd|1
|faint|p2a: ice ball
|
|-weather|Snowscape|[upkeep]
|upkeep
|
|t:|1759030811
|switch|p2a: 3 balls|Magneton|82/100
|turn|23
|
|t:|1759030818
|move|p1a: Undyne|Close Combat|p2a: 3 balls
|-supereffective|p2a: 3 balls
|-damage|p2a: 3 balls|0 fnt
|-unboost|p1a: Undyne|def|1
|-unboost|p1a: Undyne|spd|1
|faint|p2a: 3 balls
|
|-weather|Snowscape|[upkeep]
|upkeep
|
|t:|1759030820
|switch|p2a: angry ball|Electrode-Hisui|82/100
|turn|24
|
|t:|1759030827
|-end|p1a: Undyne|Quark Drive|[silent]
|switch|p1a: Toriel|Gogoat, M|76/100
|-damage|p1a: Toriel|64/100|[from] Stealth Rock
|move|p2a: angry ball|Volt Switch|p1a: Toriel
|-resisted|p1a: Toriel
|-damage|p1a: Toriel|56/100
|
|t:|1759030833
|switch|p2a: Ball worshipper|Rabsca, F, tera:Water|69/100|[from] Volt Switch
|
|-weather|none
|upkeep
|turn|25
|
|t:|1759030837
|switch|p2a: angry ball|Electrode-Hisui|82/100
|move|p1a: Toriel|Horn Leech|p2a: angry ball
|-resisted|p2a: angry ball
|-damage|p2a: angry ball|59/100
|-heal|p1a: Toriel|62/100|[from] drain|[of] p2a: angry ball
|
|-heal|p2a: angry ball|65/100|[from] item: Leftovers
|upkeep
|turn|26
|
|t:|1759030846
|move|p2a: angry ball|Electro Ball|p1a: Toriel
|-resisted|p1a: Toriel
|-damage|p1a: Toriel|52/100
|move|p1a: Toriel|Bulk Up|p1a: Toriel
|-boost|p1a: Toriel|atk|1
|-boost|p1a: Toriel|def|1
|
|-heal|p2a: angry ball|71/100|[from] item: Leftovers
|upkeep
|turn|27
|
|t:|1759030849
|move|p2a: angry ball|Volt Switch|p1a: Toriel
|-resisted|p1a: Toriel
|-damage|p1a: Toriel|43/100
|
|t:|1759030852
|switch|p2a: Ball worshipper|Rabsca, F, tera:Water|69/100|[from] Volt Switch
|move|p1a: Toriel|Horn Leech|p2a: Ball worshipper
|-supereffective|p2a: Ball worshipper
|-damage|p2a: Ball worshipper|0 fnt
|-heal|p1a: Toriel|70/100|[from] drain|[of] p2a: Ball worshipper
|faint|p2a: Ball worshipper
|
|upkeep
|
|t:|1759030854
|switch|p2a: angry ball|Electrode-Hisui|71/100
|turn|28
|
|t:|1759030856
|move|p2a: angry ball|Electro Ball|p1a: Toriel
|-resisted|p1a: Toriel
|-damage|p1a: Toriel|62/100
|move|p1a: Toriel|Horn Leech|p2a: angry ball
|-resisted|p2a: angry ball
|-damage|p2a: angry ball|37/100
|-heal|p1a: Toriel|72/100|[from] drain|[of] p2a: angry ball
|
|-heal|p2a: angry ball|43/100|[from] item: Leftovers
|upkeep
|turn|29
|
|t:|1759030859
|move|p2a: angry ball|Electro Ball|p1a: Toriel
|-resisted|p1a: Toriel
|-damage|p1a: Toriel|63/100
|move|p1a: Toriel|Horn Leech|p2a: angry ball
|-resisted|p2a: angry ball
|-damage|p2a: angry ball|10/100
|-heal|p1a: Toriel|73/100|[from] drain|[of] p2a: angry ball
|
|-heal|p2a: angry ball|16/100|[from] item: Leftovers
|upkeep
|turn|30
|
|t:|1759030862
|move|p2a: angry ball|Electro Ball|p1a: Toriel
|-resisted|p1a: Toriel
|-damage|p1a: Toriel|64/100
|move|p1a: Toriel|Horn Leech|p2a: angry ball
|-resisted|p2a: angry ball
|-damage|p2a: angry ball|0 fnt
|-heal|p1a: Toriel|68/100|[from] drain|[of] p2a: angry ball
|-damage|p1a: Toriel|43/100|[from] ability: Aftermath|[of] p2a: angry ball
|faint|p2a: angry ball
|
|win|BabyGronkel
|l|☆BabyGronkel
|player|p1|
|l|☆JumboDorito
|player|p2|
