|j|☆Evilmantube
|j|‽Pluvio02
|t:|1759036255
|gametype|singles
|player|p1|Evilmantube|blackbelt|1170
|player|p2|Pluvio02|alder|1198
|gen|9
|tier|[Gen 9] OU
|rated|
|rule|HP Percentage Mod: HP is shown in percentages
|rule|Endless Battle Clause: Forcing endless battles is banned
|rule|Species Clause: Limit one of each Pokémon
|rule|OHKO Clause: OHKO moves are banned
|rule|Evasion Items Clause: Evasion items are banned
|rule|Evasion Moves Clause: Evasion moves are banned
|rule|Evasion Abilities Clause: Evasion abilities are banned
|rule|Sleep Moves Clause: Sleep-inducing moves are banned
|clearpoke
|poke|p1|Ninetales-Alola, F|
|poke|p1|Gliscor, F|
|poke|p1|Houndstone, F|
|poke|p1|Kleavor, F|
|poke|p1|Dragapult, F|
|poke|p1|Iron Treads|
|poke|p2|Ceruledge, M|
|poke|p2|Ursaluna, M|
|poke|p2|Dragapult, M|
|poke|p2|Kingambit, M|
|poke|p2|Araquanid, M|
|poke|p2|Glimmora, F|
|teampreview
|inactive|Battle timer is ON: inactive players will automatically lose when time's up. (requested by Pluvio02)
|
|t:|1759036277
|teamsize|p1|6
|teamsize|p2|6
|start
|switch|p1a: Ninetales|Ninetales-Alola, F|100/100
|switch|p2a: Araquanid|Araquanid, M, shiny|100/100
|-weather|Snowscape|[from] ability: Snow Warning|[of] p1a: Ninetales
|turn|1
|
|t:|1759036289
|move|p1a: Ninetales|Aurora Veil|p1a: Ninetales
|-sidestart|p1: Evilmantube|move: Aurora Veil
|move|p2a: Araquanid|Sticky Web|p1a: Ninetales
|-sidestart|p1: Evilmantube|move: Sticky Web
|
|-weather|Snowscape|[upkeep]
|upkeep
|turn|2
|
|t:|1759036295
|move|p1a: Ninetales|Encore|p2a: Araquanid
|-start|p2a: Araquanid|Encore
|move|p2a: Araquanid|Sticky Web||[still]
|-fail|p2a: Araquanid
|
|-weather|Snowscape|[upkeep]
|upkeep
|turn|3
|
|t:|1759036302
|switch|p1a: Iron Treads|Iron Treads|100/100
|-activate|p1a: Iron Treads|move: Sticky Web
|-unboost|p1a: Iron Treads|spe|1
|switch|p2a: Glimmora|Glimmora, F, shiny|100/100
|
|-weather|Snowscape|[upkeep]
|upkeep
|turn|4
|
|t:|1759036316
|switch|p2a: Araquanid|Araquanid, M, shiny|100/100
|move|p1a: Iron Treads|Earthquake|p2a: Araquanid
|-resisted|p2a: Araquanid
|-crit|p2a: Araquanid
|-damage|p2a: Araquanid|71/100
|
|-weather|Snowscape|[upkeep]
|upkeep
|turn|5
|
|t:|1759036324
|move|p1a: Iron Treads|Rapid Spin|p2a: Araquanid
|-damage|p2a: Araquanid|58/100
|-boost|p1a: Iron Treads|spe|1
|-sideend|p1: Evilmantube|Sticky Web|[from] move: Rapid Spin|[of] p1a: Iron Treads
|move|p2a: Araquanid|Surf|p1a: Iron Treads
|-supereffective|p1a: Iron Treads
|-damage|p1a: Iron Treads|37/100
|
|-weather|none
|-heal|p1a: Iron Treads|43/100|[from] item: Leftovers
|upkeep
|turn|6
|
|t:|1759036336
|-end|p1a: Iron Treads|Quark Drive|[silent]
|switch|p1a: Ninetales|Ninetales-Alola, F|100/100
|-weather|Snowscape|[from] ability: Snow Warning|[of] p1a: Ninetales
|move|p2a: Araquanid|Surf|p1a: Ninetales
|-damage|p1a: Ninetales|76/100
|
|-weather|Snowscape|[upkeep]
|upkeep
|turn|7
|
|t:|1759036351
|switch|p2a: Glimmora|Glimmora, F, shiny|100/100
|move|p1a: Ninetales|Disable||[still]
|-fail|p1a: Ninetales
|
|-weather|Snowscape|[upkeep]
|upkeep
|turn|8
|
|t:|1759036359
|switch|p1a: Gliscor|Gliscor, F|100/100
|move|p2a: Glimmora|Mortal Spin|p1a: Gliscor
|-resisted|p1a: Gliscor
|-damage|p1a: Gliscor|99/100
|-status|p1a: Gliscor|psn
|
|-weather|Snowscape|[upkeep]
|-heal|p1a: Gliscor|100/100 psn|[from] ability: Poison Heal
|-sideend|p1: Evilmantube|move: Aurora Veil
|upkeep
|turn|9
|
|t:|1759036375
|move|p2a: Glimmora|Stealth Rock|p1a: Gliscor
|-sidestart|p1: Evilmantube|move: Stealth Rock
|move|p1a: Gliscor|Thief|p2a: Glimmora
|-damage|p2a: Glimmora|83/100
|-activate|p2a: Glimmora|ability: Toxic Debris
|-sidestart|p1: Evilmantube|move: Toxic Spikes
|
|-weather|Snowscape|[upkeep]
|upkeep
|turn|10
|
|t:|1759036394
|move|p2a: Glimmora|Power Gem|p1a: Gliscor
|-damage|p1a: Gliscor|62/100 psn
|move|p1a: Gliscor|Fling|p2a: Glimmora
|-damage|p2a: Glimmora|74/100
|-activate|p2a: Glimmora|ability: Toxic Debris
|-sidestart|p1: Evilmantube|move: Toxic Spikes
|-enditem|p1a: Gliscor|Toxic Orb|[from] move: Fling
|
|-weather|none
|-heal|p1a: Gliscor|75/100 psn|[from] ability: Poison Heal
|upkeep
|turn|11
|
|t:|1759036404
|switch|p2a: Araquanid|Araquanid, M, shiny|58/100
|move|p1a: Gliscor|Thief|p2a: Araquanid
|-damage|p2a: Araquanid|45/100
|-enditem|p2a: Araquanid|Custap Berry|[silent]|[from] move: Thief|[of] p1a: Gliscor
|-item|p1a: Gliscor|Custap Berry|[from] move: Thief|[of] p2a: Araquanid
|
|-heal|p1a: Gliscor|87/100 psn|[from] ability: Poison Heal
|upkeep
|turn|12
|
|t:|1759036417
|move|p1a: Gliscor|Acrobatics|p2a: Araquanid
|-supereffective|p2a: Araquanid
|-damage|p2a: Araquanid|5/100
|move|p2a: Araquanid|Surf|p1a: Gliscor
|-supereffective|p1a: Gliscor
|-damage|p1a: Gliscor|0 fnt
|faint|p1a: Gliscor
|
|upkeep
|
|t:|1759036422
|switch|p1a: Iron Treads|Iron Treads|43/100
|-damage|p1a: Iron Treads|40/100|[from] Stealth Rock
|turn|13
|
|t:|1759036440
|-terastallize|p2a: Araquanid|Ghost
|move|p1a: Iron Treads|Ice Spinner|p2a: Araquanid
|-crit|p2a: Araquanid
|-damage|p2a: Araquanid|0 fnt
|faint|p2a: Araquanid
|
|-heal|p1a: Iron Treads|47/100|[from] item: Leftovers
|upkeep
|
|t:|1759036449
|switch|p2a: Ceruledge|Ceruledge, M, shiny|100/100
|turn|14
|
|t:|1759036457
|move|p1a: Iron Treads|Earthquake|p2a: Ceruledge
|-supereffective|p2a: Ceruledge
|-enditem|p2a: Ceruledge|Focus Sash
|-damage|p2a: Ceruledge|1/100
|-ability|p2a: Ceruledge|Weak Armor|boost
|-unboost|p2a: Ceruledge|def|1
|-boost|p2a: Ceruledge|spe|2
|move|p2a: Ceruledge|Swords Dance|p2a: Ceruledge
|-boost|p2a: Ceruledge|atk|2
|
|-heal|p1a: Iron Treads|53/100|[from] item: Leftovers
|upkeep
|turn|15
|
|t:|1759036474
|-terastallize|p1a: Iron Treads|Ground
|move|p2a: Ceruledge|Bitter Blade|p1a: Iron Treads
|-damage|p1a: Iron Treads|0 fnt
|-heal|p2a: Ceruledge|36/100|[from] drain|[of] p1a: Iron Treads
|faint|p1a: Iron Treads
|-end|p1a: Iron Treads|Quark Drive|[silent]
|
|upkeep
|
|t:|1759036476
|switch|p1a: Houndstone|Houndstone, F|100/100
|-damage|p1a: Houndstone|88/100|[from] Stealth Rock
|-status|p1a: Houndstone|tox
|turn|16
|-message|Evilmantube forfeited.
|
|win|Pluvio02
|raw|Evilmantube's rating: 1170 &rarr; <strong>1147</strong><br />(-23 for losing)
|raw|Pluvio02's rating: 1198 &rarr; <strong>1221</strong><br />(+23 for winning)
|l|☆Evilmantube
|player|p1|
