|j|☆55burgers55fries
|j|☆fulkttd
|t:|1759012490
|gametype|singles
|player|p1|55burgers55fries|miku-ground|1250
|player|p2|fulkttd|zinzolin|1309
|gen|9
|tier|[Gen 9] OU
|rated|
|rule|HP Percentage Mod: HP is shown in percentages
|rule|Endless Battle Clause: Forcing endless battles is banned
|rule|Species Clause: Limit one of each Pokémon
|rule|OHKO Clause: OHKO moves are banned
|rule|Evasion Items Clause: Evasion items are banned
|rule|Evasion Moves Clause: Evasion moves are banned
|rule|Evasion Abilities Clause: Evasion abilities are banned
|rule|Sleep Moves Clause: Sleep-inducing moves are banned
|clearpoke
|poke|p1|Tyranitar, M|
|poke|p1|Excadrill, M|
|poke|p1|Terrakion|
|poke|p1|Gliscor, M|
|poke|p1|Reuniclus, M|
|poke|p1|Skarmory, M|
|poke|p2|Weavile, M|
|poke|p2|Great Tusk|
|poke|p2|Hatterene, F|
|poke|p2|Slowking-Galar, M|
|poke|p2|Gholdengo|
|poke|p2|Ogerpon-Wellspring, F|
|teampreview
|inactive|Battle timer is ON: inactive players will automatically lose when time's up. (requested by fulkttd)
|c|☆fulkttd|Cool throwback
|inactive|fulkttd has 120 seconds left.
|
|t:|1759012531
|teamsize|p1|6
|teamsize|p2|6
|start
|switch|p1a: Skarmory|Skarmory, M|100/100
|switch|p2a: Slowking|Slowking-Galar, M|100/100
|turn|1
|
|t:|1759012536
|switch|p1a: Tyranitar|Tyranitar, M|100/100
|-weather|Sandstorm|[from] ability: Sand Stream|[of] p1a: Tyranitar
|move|p2a: Slowking|Flamethrower|p1a: Tyranitar
|-resisted|p1a: Tyranitar
|-damage|p1a: Tyranitar|94/100
|
|-weather|Sandstorm|[upkeep]
|-damage|p2a: Slowking|94/100|[from] Sandstorm
|upkeep
|turn|2
|
|t:|1759012538
|switch|p2a: Great Tusk|Great Tusk|100/100
|move|p1a: Tyranitar|Stealth Rock|p2a: Great Tusk
|-sidestart|p2: fulkttd|move: Stealth Rock
|
|-weather|Sandstorm|[upkeep]
|upkeep
|turn|3
|
|t:|1759012544
|switch|p1a: Skarmory|Skarmory, M|100/100
|move|p2a: Great Tusk|Rapid Spin|p1a: Skarmory
|-resisted|p1a: Skarmory
|-damage|p1a: Skarmory|96/100
|-boost|p2a: Great Tusk|spe|1
|-damage|p2a: Great Tusk|84/100|[from] item: Rocky Helmet|[of] p1a: Skarmory
|-sideend|p2: fulkttd|Stealth Rock|[from] move: Rapid Spin|[of] p2a: Great Tusk
|
|-weather|Sandstorm|[upkeep]
|upkeep
|turn|4
|
|t:|1759012549
|-end|p2a: Great Tusk|Protosynthesis|[silent]
|switch|p2a: Hatterene|Hatterene, F|100/100
|move|p1a: Skarmory|Brave Bird|p2a: Hatterene
|-damage|p2a: Hatterene|77/100
|-damage|p1a: Skarmory|88/100|[from] Recoil
|
|-weather|Sandstorm|[upkeep]
|-damage|p2a: Hatterene|71/100|[from] Sandstorm
|-heal|p2a: Hatterene|77/100|[from] item: Leftovers
|upkeep
|turn|5
|
|t:|1759012558
|switch|p1a: Tyranitar|Tyranitar, M|94/100
|move|p2a: Hatterene|Nuzzle|p1a: Tyranitar
|-damage|p1a: Tyranitar|90/100
|-status|p1a: Tyranitar|par
|
|-weather|Sandstorm|[upkeep]
|-damage|p2a: Hatterene|71/100|[from] Sandstorm
|-heal|p2a: Hatterene|77/100|[from] item: Leftovers
|upkeep
|turn|6
|
|t:|1759012568
|switch|p2a: Ogerpon|Ogerpon-Wellspring, F|100/100
|move|p1a: Tyranitar|Knock Off|p2a: Ogerpon
|-damage|p2a: Ogerpon|64/100
|
|-weather|Sandstorm|[upkeep]
|-damage|p2a: Ogerpon|58/100|[from] Sandstorm
|upkeep
|turn|7
|
|t:|1759012574
|switch|p1a: Skarmory|Skarmory, M|88/100
|move|p2a: Ogerpon|Ivy Cudgel|p1a: Skarmory|[anim] Ivy Cudgel Water
|-damage|p1a: Skarmory|51/100
|
|-weather|Sandstorm|[upkeep]
|-damage|p2a: Ogerpon|52/100|[from] Sandstorm
|upkeep
|turn|8
|
|t:|1759012577
|move|p2a: Ogerpon|Swords Dance|p2a: Ogerpon
|-boost|p2a: Ogerpon|atk|2
|move|p1a: Skarmory|Brave Bird|p2a: Ogerpon
|-supereffective|p2a: Ogerpon
|-damage|p2a: Ogerpon|0 fnt
|faint|p2a: Ogerpon
|-damage|p1a: Skarmory|36/100|[from] Recoil
|
|-weather|none
|upkeep
|
|t:|1759012594
|switch|p2a: Gholdengo|Gholdengo|100/100
|turn|9
|
|t:|1759012599
|switch|p1a: Tyranitar|Tyranitar, M|90/100 par
|-weather|Sandstorm|[from] ability: Sand Stream|[of] p1a: Tyranitar
|move|p2a: Gholdengo|Shadow Ball|p1a: Tyranitar
|-resisted|p1a: Tyranitar
|-damage|p1a: Tyranitar|82/100 par
|
|-weather|Sandstorm|[upkeep]
|upkeep
|turn|10
|
|t:|1759012604
|switch|p2a: Hatterene|Hatterene, F|77/100
|move|p1a: Tyranitar|Stealth Rock|p2a: Hatterene
|move|p2a: Hatterene|Stealth Rock|p1a: Tyranitar|[from] ability: Magic Bounce
|-sidestart|p1: 55burgers55fries|move: Stealth Rock
|
|-weather|Sandstorm|[upkeep]
|-damage|p2a: Hatterene|71/100|[from] Sandstorm
|-heal|p2a: Hatterene|77/100|[from] item: Leftovers
|upkeep
|turn|11
|
|t:|1759012611
|cant|p1a: Tyranitar|par
|move|p2a: Hatterene|Calm Mind|p2a: Hatterene
|-boost|p2a: Hatterene|spa|1
|-boost|p2a: Hatterene|spd|1
|
|-weather|Sandstorm|[upkeep]
|-damage|p2a: Hatterene|71/100|[from] Sandstorm
|-heal|p2a: Hatterene|77/100|[from] item: Leftovers
|upkeep
|turn|12
|
|t:|1759012616
|move|p1a: Tyranitar|Knock Off|p2a: Hatterene
|-damage|p2a: Hatterene|40/100
|-enditem|p2a: Hatterene|Leftovers|[from] move: Knock Off|[of] p1a: Tyranitar
|move|p2a: Hatterene|Draining Kiss|p1a: Tyranitar
|-supereffective|p1a: Tyranitar
|-damage|p1a: Tyranitar|55/100 par
|-heal|p2a: Hatterene|65/100|[from] drain|[of] p1a: Tyranitar
|
|-weather|Sandstorm|[upkeep]
|-damage|p2a: Hatterene|59/100|[from] Sandstorm
|upkeep
|turn|13
|
|t:|1759012620
|switch|p1a: Excadrill|Excadrill, M|100/100
|-damage|p1a: Excadrill|97/100|[from] Stealth Rock
|move|p2a: Hatterene|Draining Kiss|p1a: Excadrill
|-resisted|p1a: Excadrill
|-damage|p1a: Excadrill|75/100
|-heal|p2a: Hatterene|78/100|[from] drain|[of] p1a: Excadrill
|
|-weather|Sandstorm|[upkeep]
|-damage|p2a: Hatterene|72/100|[from] Sandstorm
|upkeep
|turn|14
|
|t:|1759012625
|-terastallize|p2a: Hatterene|Water
|move|p1a: Excadrill|Swords Dance|p1a: Excadrill
|-boost|p1a: Excadrill|atk|2
|move|p2a: Hatterene|Draining Kiss|p1a: Excadrill
|-resisted|p1a: Excadrill
|-crit|p1a: Excadrill
|-damage|p1a: Excadrill|42/100
|-heal|p2a: Hatterene|100/100|[from] drain|[of] p1a: Excadrill
|
|-weather|Sandstorm|[upkeep]
|-damage|p2a: Hatterene|95/100|[from] Sandstorm
|upkeep
|turn|15
|
|t:|1759012630
|move|p1a: Excadrill|Earthquake|p2a: Hatterene
|-damage|p2a: Hatterene|0 fnt
|faint|p2a: Hatterene
|-damage|p1a: Excadrill|32/100|[from] item: Life Orb
|
|-weather|Sandstorm|[upkeep]
|upkeep
|
|t:|1759012633
|switch|p2a: Weavile|Weavile, M|100/100
|-ability|p2a: Weavile|Pressure
|turn|16
|
|t:|1759012637
|move|p2a: Weavile|Ice Shard|p1a: Excadrill
|-damage|p1a: Excadrill|1/100
|move|p1a: Excadrill|Rock Slide|p2a: Weavile|[miss]
|-miss|p1a: Excadrill|p2a: Weavile
|
|-weather|none
|upkeep
|turn|17
|
|t:|1759012641
|move|p2a: Weavile|Ice Shard|p1a: Excadrill
|-damage|p1a: Excadrill|0 fnt
|faint|p1a: Excadrill
|
|upkeep
|
|t:|1759012648
|switch|p1a: Terrakion|Terrakion|100/100
|-damage|p1a: Terrakion|94/100|[from] Stealth Rock
|turn|18
|
|t:|1759012653
|switch|p2a: Great Tusk|Great Tusk|84/100
|move|p1a: Terrakion|Earthquake|p2a: Great Tusk
|-damage|p2a: Great Tusk|44/100
|
|upkeep
|turn|19
|
|t:|1759012659
|switch|p1a: Skarmory|Skarmory, M|36/100
|-damage|p1a: Skarmory|24/100|[from] Stealth Rock
|move|p2a: Great Tusk|Close Combat|p1a: Skarmory
|-damage|p1a: Skarmory|0 fnt
|-unboost|p2a: Great Tusk|def|1
|-unboost|p2a: Great Tusk|spd|1
|-damage|p2a: Great Tusk|27/100|[from] item: Rocky Helmet|[of] p1a: Skarmory
|faint|p1a: Skarmory
|
|upkeep
|
|t:|1759012666
|switch|p1a: Terrakion|Terrakion|94/100
|-damage|p1a: Terrakion|88/100|[from] Stealth Rock
|turn|20
|
|t:|1759012674
|-end|p2a: Great Tusk|Protosynthesis|[silent]
|switch|p2a: Weavile|Weavile, M|100/100
|-ability|p2a: Weavile|Pressure
|move|p1a: Terrakion|Earthquake|p2a: Weavile
|-damage|p2a: Weavile|17/100
|
|upkeep
|turn|21
|
|t:|1759012690
|switch|p1a: Reuniclus|Reuniclus, M|100/100
|move|p2a: Weavile|Triple Axel|p1a: Reuniclus
|-damage|p1a: Reuniclus|91/100
|-damage|p1a: Reuniclus|69/100
|-damage|p1a: Reuniclus|39/100
|-hitcount|p1a: Reuniclus|3
|
|upkeep
|turn|22
|
|t:|1759012698
|move|p2a: Weavile|Triple Axel|p1a: Reuniclus
|-damage|p1a: Reuniclus|30/100
|-damage|p1a: Reuniclus|10/100
|-damage|p1a: Reuniclus|0 fnt
|faint|p1a: Reuniclus
|-hitcount|p1: Reuniclus|3
|
|upkeep
|
|t:|1759012700
|switch|p1a: Terrakion|Terrakion|88/100
|-damage|p1a: Terrakion|82/100|[from] Stealth Rock
|turn|23
|
|t:|1759012703
|move|p1a: Terrakion|Quick Attack|p2a: Weavile
|-damage|p2a: Weavile|0 fnt
|faint|p2a: Weavile
|
|upkeep
|
|t:|1759012706
|switch|p2a: Gholdengo|Gholdengo|100/100
|turn|24
|
|t:|1759012712
|switch|p1a: Tyranitar|Tyranitar, M|55/100 par
|-damage|p1a: Tyranitar|43/100 par|[from] Stealth Rock
|-weather|Sandstorm|[from] ability: Sand Stream|[of] p1a: Tyranitar
|move|p2a: Gholdengo|Make It Rain|p1a: Tyranitar
|-supereffective|p1a: Tyranitar
|-damage|p1a: Tyranitar|0 fnt
|-unboost|p2a: Gholdengo|spa|1
|faint|p1a: Tyranitar
|
|-weather|Sandstorm|[upkeep]
|upkeep
|
|t:|1759012717
|switch|p1a: Terrakion|Terrakion|82/100
|-damage|p1a: Terrakion|76/100|[from] Stealth Rock
|turn|25
|
|t:|1759012721
|switch|p2a: Great Tusk|Great Tusk|27/100
|move|p1a: Terrakion|Earthquake|p2a: Great Tusk
|-damage|p2a: Great Tusk|0 fnt
|faint|p2a: Great Tusk
|-end|p2a: Great Tusk|Protosynthesis|[silent]
|
|-weather|Sandstorm|[upkeep]
|upkeep
|
|t:|1759012725
|switch|p2a: Slowking|Slowking-Galar, M|100/100
|turn|26
|
|t:|1759012730
|move|p1a: Terrakion|Earthquake|p2a: Slowking
|-supereffective|p2a: Slowking
|-damage|p2a: Slowking|0 fnt
|faint|p2a: Slowking
|
|-weather|Sandstorm|[upkeep]
|upkeep
|
|t:|1759012732
|switch|p2a: Gholdengo|Gholdengo|100/100
|turn|27
|
|t:|1759012738
|move|p2a: Gholdengo|Make It Rain|p1a: Terrakion
|-supereffective|p1a: Terrakion
|-damage|p1a: Terrakion|0 fnt
|-unboost|p2a: Gholdengo|spa|1
|faint|p1a: Terrakion
|
|-weather|Sandstorm|[upkeep]
|upkeep
|
|t:|1759012742
|switch|p1a: Gliscor|Gliscor, M|100/100
|-damage|p1a: Gliscor|88/100|[from] Stealth Rock
|turn|28
|
|t:|1759012745
|move|p2a: Gholdengo|Make It Rain|p1a: Gliscor
|-damage|p1a: Gliscor|20/100
|-unboost|p2a: Gholdengo|spa|1
|move|p1a: Gliscor|Knock Off|p2a: Gholdengo
|-supereffective|p2a: Gholdengo
|-damage|p2a: Gholdengo|33/100
|-enditem|p2a: Gholdengo|Choice Scarf|[from] move: Knock Off|[of] p1a: Gliscor
|
|-weather|Sandstorm|[upkeep]
|-status|p1a: Gliscor|tox|[from] item: Toxic Orb
|upkeep
|turn|29
|
|t:|1759012753
|move|p1a: Gliscor|Knock Off|p2a: Gholdengo
|-supereffective|p2a: Gholdengo
|-damage|p2a: Gholdengo|0 fnt
|faint|p2a: Gholdengo
|
|win|55burgers55fries
|raw|55burgers55fries's rating: 1250 &rarr; <strong>1279</strong><br />(+29 for winning)
|raw|fulkttd's rating: 1309 &rarr; <strong>1286</strong><br />(-23 for losing)
|l|☆fulkttd
|player|p2|
|l|☆55burgers55fries
|player|p1|
