|inactive|Battle timer is ON: inactive players will automatically lose when time's up.
|t:|1758921023
|gametype|singles
|player|p1|sire clod|#scl5machines|
|player|p2|Lava Poseidon|#wcop2025netherlands|
|gen|9
|tier|[Gen 9] OU
|rule|HP Percentage Mod: HP is shown in percentages
|rule|Endless Battle Clause: Forcing endless battles is banned
|rule|Species Clause: Limit one of each Pokémon
|rule|OHKO Clause: OHKO moves are banned
|rule|Evasion Items Clause: Evasion items are banned
|rule|Evasion Moves Clause: Evasion moves are banned
|rule|Evasion Abilities Clause: Evasion abilities are banned
|rule|Sleep Moves Clause: Sleep-inducing moves are banned
|clearpoke
|poke|p1|Ogerpon-Wellspring, F|
|poke|p1|Kyurem|
|poke|p1|Glimmora, F|
|poke|p1|Great Tusk|
|poke|p1|Kingambit, F|
|poke|p1|Enamorus, F|
|poke|p2|Gliscor, M|
|poke|p2|Slowking-Galar, M|
|poke|p2|Zamazenta-*|
|poke|p2|Ting-Lu|
|poke|p2|Kingambit, F|
|poke|p2|Dragapult, F|
|teampreview
|c|☆Lava Poseidon|hf
|c|☆sire clod|hf
|inactive|sire clod has 270 seconds left.
|inactive|Lava Poseidon has 270 seconds left.
|inactive|Lava Poseidon has 240 seconds left.
|inactive|sire clod has 240 seconds left.
|inactive|Lava Poseidon has 210 seconds left.
|
|t:|1758921114
|teamsize|p1|6
|teamsize|p2|6
|start
|switch|p1a: Kyurem|Kyurem|100/100
|switch|p2a: Ting-Lu|Ting-Lu|100/100
|-ability|p1a: Kyurem|Pressure
|-ability|p2a: Ting-Lu|Vessel of Ruin
|turn|1
|inactive|Lava Poseidon has 270 seconds left.
|inactive|Lava Poseidon has 240 seconds left.
|
|t:|1758921161
|switch|p2a: Slowking|Slowking-Galar, M|100/100
|move|p1a: Kyurem|Dragon Dance|p1a: Kyurem
|-boost|p1a: Kyurem|atk|1
|-boost|p1a: Kyurem|spe|1
|
|upkeep
|turn|2
|c|+ltx nemosse|Last chance ?
|inactive|Lava Poseidon has 240 seconds left.
|
|t:|1758921168
|move|p1a: Kyurem|Icicle Spear|p2a: Slowking
|-damage|p2a: Slowking|80/100
|-damage|p2a: Slowking|61/100
|-damage|p2a: Slowking|41/100
|-damage|p2a: Slowking|21/100
|-damage|p2a: Slowking|1/100
|-hitcount|p2a: Slowking|5
|move|p2a: Slowking|Future Sight|p1a: Kyurem
|-start|p2a: Slowking|move: Future Sight
|
|upkeep
|turn|3
|
|t:|1758921175
|move|p1a: Kyurem|Icicle Spear|p2a: Slowking
|-damage|p2a: Slowking|0 fnt
|faint|p2a: Slowking
|-hitcount|p2: Slowking|1
|
|upkeep
|inactive|Lava Poseidon has 240 seconds left.
|
|t:|1758921193
|switch|p2a: Zamazenta|Zamazenta|100/100
|-ability|p2a: Zamazenta|Dauntless Shield|boost
|-boost|p2a: Zamazenta|def|1
|turn|4
|inactive|Lava Poseidon has 240 seconds left.
|
|t:|1758921211
|move|p1a: Kyurem|Icicle Spear|p2a: Zamazenta
|-damage|p2a: Zamazenta|89/100
|-damage|p2a: Zamazenta|78/100
|-damage|p2a: Zamazenta|67/100
|-damage|p2a: Zamazenta|56/100
|-hitcount|p2a: Zamazenta|4
|move|p2a: Zamazenta|Close Combat|p1a: Kyurem
|-supereffective|p1a: Kyurem
|-damage|p1a: Kyurem|0 fnt
|-unboost|p2a: Zamazenta|def|1
|-unboost|p2a: Zamazenta|spd|1
|faint|p1a: Kyurem
|
|-hint|Future Sight did not hit because the target is fainted.
|upkeep
|
|t:|1758921221
|switch|p1a: Enamorus|Enamorus, F|100/100
|turn|5
|
|t:|1758921230
|switch|p2a: Ting-Lu|Ting-Lu|100/100
|-ability|p2a: Ting-Lu|Vessel of Ruin
|move|p1a: Enamorus|Moonblast|p2a: Ting-Lu
|-supereffective|p2a: Ting-Lu
|-damage|p2a: Ting-Lu|52/100
|
|-heal|p2a: Ting-Lu|58/100|[from] item: Leftovers
|upkeep
|turn|6
|inactive|Lava Poseidon has 240 seconds left.
|
|t:|1758921265
|move|p1a: Enamorus|Moonblast|p2a: Ting-Lu
|-supereffective|p2a: Ting-Lu
|-damage|p2a: Ting-Lu|8/100
|-unboost|p2a: Ting-Lu|spa|1
|move|p2a: Ting-Lu|Ruination|p1a: Enamorus
|-damage|p1a: Enamorus|51/100
|
|-heal|p2a: Ting-Lu|14/100|[from] item: Leftovers
|upkeep
|turn|7
|inactive|Lava Poseidon has 210 seconds left.
|inactive|Lava Poseidon has 180 seconds left.
|
|t:|1758921336
|switch|p2a: Gliscor|Gliscor, M|100/100
|move|p1a: Enamorus|Moonblast|p2a: Gliscor
|-damage|p2a: Gliscor|37/100
|-unboost|p2a: Gliscor|spa|1
|
|-status|p2a: Gliscor|tox|[from] item: Toxic Orb
|upkeep
|turn|8
|
|t:|1758921345
|move|p2a: Gliscor|Protect|p2a: Gliscor
|-singleturn|p2a: Gliscor|Protect
|move|p1a: Enamorus|Moonblast|p2a: Gliscor
|-activate|p2a: Gliscor|move: Protect
|
|-heal|p2a: Gliscor|49/100 tox|[from] ability: Poison Heal
|upkeep
|turn|9
|inactive|Lava Poseidon has 180 seconds left.
|
|t:|1758921365
|switch|p2a: Ting-Lu|Ting-Lu|14/100
|-ability|p2a: Ting-Lu|Vessel of Ruin
|move|p1a: Enamorus|Moonblast|p2a: Ting-Lu
|-supereffective|p2a: Ting-Lu
|-damage|p2a: Ting-Lu|0 fnt
|faint|p2a: Ting-Lu
|
|upkeep
|
|t:|1758921379
|switch|p2a: Kingambit|Kingambit, F|100/100
|-activate|p2a: Kingambit|ability: Supreme Overlord
|-start|p2a: Kingambit|fallen2|[silent]
|turn|10
|
|t:|1758921382
|switch|p1a: Glimmora|Glimmora, F|100/100
|move|p2a: Kingambit|Iron Head|p1a: Glimmora
|-supereffective|p1a: Glimmora
|-damage|p1a: Glimmora|21/100
|-activate|p1a: Glimmora|ability: Toxic Debris
|-sidestart|p2: Lava Poseidon|move: Toxic Spikes
|-enditem|p1a: Glimmora|Red Card|[of] p2a: Kingambit
|-end|p2a: Kingambit|fallen2|[silent]
|drag|p2a: Dragapult|Dragapult, F|100/100
|-status|p2a: Dragapult|psn
|
|-damage|p2a: Dragapult|88/100 psn|[from] psn
|upkeep
|turn|11
|inactive|Lava Poseidon has 180 seconds left.
|
|t:|1758921391
|move|p2a: Dragapult|Dragon Darts|p1a: Glimmora
|-crit|p1a: Glimmora
|-damage|p1a: Glimmora|0 fnt
|-activate|p1a: Glimmora|ability: Toxic Debris
|-sidestart|p2: Lava Poseidon|move: Toxic Spikes
|faint|p1a: Glimmora
|
|-damage|p2a: Dragapult|76/100 psn|[from] psn
|upkeep
|
|t:|1758921399
|switch|p1a: Enamorus|Enamorus, F|51/100
|turn|12
|
|t:|1758921408
|switch|p2a: Gliscor|Gliscor, M|49/100 tox
|move|p1a: Enamorus|Moonblast|p2a: Gliscor
|-damage|p2a: Gliscor|0 fnt
|faint|p2a: Gliscor
|
|upkeep
|
|t:|1758921410
|switch|p2a: Kingambit|Kingambit, F|100/100
|-activate|p2a: Kingambit|ability: Supreme Overlord
|-start|p2a: Kingambit|fallen3|[silent]
|turn|13
|
|t:|1758921418
|move|p1a: Enamorus|Moonblast|p2a: Kingambit
|-damage|p2a: Kingambit|40/100
|-unboost|p2a: Kingambit|spa|1
|move|p2a: Kingambit|Iron Head|p1a: Enamorus
|-supereffective|p1a: Enamorus
|-damage|p1a: Enamorus|0 fnt
|faint|p1a: Enamorus
|
|upkeep
|
|t:|1758921421
|switch|p1a: Great Tusk|Great Tusk|100/100
|-enditem|p1a: Great Tusk|Booster Energy
|-activate|p1a: Great Tusk|ability: Protosynthesis|[fromitem]
|-start|p1a: Great Tusk|protosynthesisspe
|turn|14
|inactive|Lava Poseidon has 210 seconds left.
|inactive|Lava Poseidon has 180 seconds left.
|
|t:|1758921481
|-end|p2a: Kingambit|fallen3|[silent]
|switch|p2a: Dragapult|Dragapult, F|76/100 psn
|move|p1a: Great Tusk|Bulk Up|p1a: Great Tusk
|-boost|p1a: Great Tusk|atk|1
|-boost|p1a: Great Tusk|def|1
|
|-damage|p2a: Dragapult|64/100 psn|[from] psn
|upkeep
|turn|15
|
|t:|1758921489
|move|p1a: Great Tusk|Headlong Rush|p2a: Dragapult
|-damage|p2a: Dragapult|0 fnt
|-unboost|p1a: Great Tusk|def|1
|-unboost|p1a: Great Tusk|spd|1
|faint|p2a: Dragapult
|
|upkeep
|
|t:|1758921498
|switch|p2a: Zamazenta|Zamazenta|56/100
|turn|16
|inactive|Lava Poseidon has 150 seconds left.
|
|t:|1758921540
|move|p1a: Great Tusk|Headlong Rush|p2a: Zamazenta
|-damage|p2a: Zamazenta|0 fnt
|-unboost|p1a: Great Tusk|def|1
|-unboost|p1a: Great Tusk|spd|1
|faint|p2a: Zamazenta
|
|upkeep
|
|t:|1758921543
|switch|p2a: Kingambit|Kingambit, F|40/100
|-activate|p2a: Kingambit|ability: Supreme Overlord
|-start|p2a: Kingambit|fallen5|[silent]
|turn|17
|c|☆Lava Poseidon|gg
|
|t:|1758921550
|-terastallize|p2a: Kingambit|Dark
|move|p1a: Great Tusk|Headlong Rush|p2a: Kingambit
|-damage|p2a: Kingambit|0 fnt
|-unboost|p1a: Great Tusk|def|1
|-unboost|p1a: Great Tusk|spd|1
|faint|p2a: Kingambit
|-end|p2a: Kingambit|fallen5|[silent]
|
|win|sire clod
