|j|☆OU Fancy
|j|☆doctromat
|t:|1759043901
|gametype|singles
|player|p1|OU Fancy|steven|1226
|player|p2|doctromat|102|1234
|gen|9
|tier|[Gen 9] OU
|rated|
|rule|HP Percentage Mod: HP is shown in percentages
|rule|Endless Battle Clause: Forcing endless battles is banned
|rule|Species Clause: Limit one of each Pokémon
|rule|OHKO Clause: OHKO moves are banned
|rule|Evasion Items Clause: Evasion items are banned
|rule|Evasion Moves Clause: Evasion moves are banned
|rule|Evasion Abilities Clause: Evasion abilities are banned
|rule|Sleep Moves Clause: Sleep-inducing moves are banned
|clearpoke
|poke|p1|Samurott-Hisui, M|
|poke|p1|Walking Wake|
|poke|p1|Zapdos|
|poke|p1|Iron Crown|
|poke|p1|Great Tusk|
|poke|p1|Iron Valiant|
|poke|p2|Bruxish, F|
|poke|p2|Alomomola, F|
|poke|p2|Pecharunt|
|poke|p2|Iron Treads|
|poke|p2|Meowscarada, F|
|poke|p2|Darkrai|
|teampreview
|
|t:|1759043932
|teamsize|p1|6
|teamsize|p2|6
|start
|switch|p1a: Nue|Zapdos, shiny|100/100
|switch|p2a: Meowscarada|Meowscarada, F|100/100
|turn|1
|
|t:|1759043940
|move|p2a: Meowscarada|Triple Axel|p1a: Nue
|-start|p2a: Meowscarada|typechange|Ice|[from] ability: Protean
|-supereffective|p1a: Nue
|-damage|p1a: Nue|71/100
|-supereffective|p1a: Nue
|-damage|p1a: Nue|8/100
|-supereffective|p1a: Nue
|-damage|p1a: Nue|0 fnt
|faint|p1a: Nue
|-hitcount|p1: Nue|3
|
|upkeep
|
|t:|1759043949
|switch|p1a: Round Deer|Iron Crown|100/100
|turn|2
|
|t:|1759043959
|switch|p2a: Alomomola|Alomomola, F|100/100
|move|p1a: Round Deer|Tachyon Cutter|p2a: Alomomola
|-resisted|p2a: Alomomola
|-damage|p2a: Alomomola|94/100
|-resisted|p2a: Alomomola
|-damage|p2a: Alomomola|88/100
|-hitcount|p2a: Alomomola|2
|
|upkeep
|turn|3
|
|t:|1759043965
|move|p1a: Round Deer|Psychic Noise|p2a: Alomomola
|-damage|p2a: Alomomola|69/100
|-start|p2a: Alomomola|move: Heal Block
|move|p2a: Alomomola|Flip Turn|p1a: Round Deer
|-crit|p1a: Round Deer
|-damage|p1a: Round Deer|78/100
|
|t:|1759043970
|switch|p2a: Meowscarada|Meowscarada, F|100/100|[from] Flip Turn
|
|upkeep
|turn|4
|
|t:|1759043973
|-end|p1a: Round Deer|Quark Drive|[silent]
|switch|p1a: Max Elephant|Great Tusk|100/100
|move|p2a: Meowscarada|Knock Off|p1a: Max Elephant
|-start|p2a: Meowscarada|typechange|Dark|[from] ability: Protean
|-resisted|p1a: Max Elephant
|-damage|p1a: Max Elephant|77/100
|-damage|p2a: Meowscarada|84/100|[from] item: Rocky Helmet|[of] p1a: Max Elephant
|-enditem|p1a: Max Elephant|Rocky Helmet|[from] move: Knock Off|[of] p2a: Meowscarada
|
|upkeep
|turn|5
|
|t:|1759043978
|switch|p2a: Pecharunt|Pecharunt|100/100
|move|p1a: Max Elephant|Stealth Rock|p2a: Pecharunt
|-sidestart|p2: doctromat|move: Stealth Rock
|
|upkeep
|turn|6
|
|t:|1759043983
|move|p1a: Max Elephant|Headlong Rush|p2a: Pecharunt
|-supereffective|p2a: Pecharunt
|-damage|p2a: Pecharunt|45/100
|-unboost|p1a: Max Elephant|def|1
|-unboost|p1a: Max Elephant|spd|1
|move|p2a: Pecharunt|Shadow Ball|p1a: Max Elephant
|-damage|p1a: Max Elephant|27/100
|
|upkeep
|turn|7
|
|t:|1759043991
|switch|p2a: Meowscarada|Meowscarada, F|84/100
|-damage|p2a: Meowscarada|72/100|[from] Stealth Rock
|move|p1a: Max Elephant|Headlong Rush|p2a: Meowscarada
|-resisted|p2a: Meowscarada
|-damage|p2a: Meowscarada|27/100
|-unboost|p1a: Max Elephant|def|1
|-unboost|p1a: Max Elephant|spd|1
|
|upkeep
|turn|8
|
|t:|1759043994
|-end|p1a: Max Elephant|Protosynthesis|[silent]
|switch|p1a: Round Deer|Iron Crown|78/100
|move|p2a: Meowscarada|Flower Trick|p1a: Round Deer
|-start|p2a: Meowscarada|typechange|Grass|[from] ability: Protean
|-resisted|p1a: Round Deer
|-crit|p1a: Round Deer
|-damage|p1a: Round Deer|45/100
|
|upkeep
|turn|9
|
|t:|1759043999
|switch|p2a: Iron Treads|Iron Treads|100/100
|-damage|p2a: Iron Treads|98/100|[from] Stealth Rock
|move|p1a: Round Deer|Volt Switch|p2a: Iron Treads
|-immune|p2a: Iron Treads
|
|-heal|p2a: Iron Treads|100/100|[from] item: Leftovers
|upkeep
|turn|10
|
|t:|1759044005
|-end|p1a: Round Deer|Quark Drive|[silent]
|switch|p1a: Max Elephant|Great Tusk|27/100
|move|p2a: Iron Treads|Rapid Spin|p1a: Max Elephant
|-damage|p1a: Max Elephant|18/100
|-boost|p2a: Iron Treads|spe|1
|-sideend|p2: doctromat|Stealth Rock|[from] move: Rapid Spin|[of] p2a: Iron Treads
|
|upkeep
|turn|11
|
|t:|1759044008
|move|p2a: Iron Treads|Earthquake|p1a: Max Elephant
|-damage|p1a: Max Elephant|0 fnt
|faint|p1a: Max Elephant
|-end|p1a: Max Elephant|Protosynthesis|[silent]
|
|upkeep
|
|t:|1759044010
|switch|p1a: Potential Man|Samurott-Hisui, M|100/100
|turn|12
|
|t:|1759044019
|move|p2a: Iron Treads|Earthquake|p1a: Potential Man
|-damage|p1a: Potential Man|56/100
|move|p1a: Potential Man|Knock Off|p2a: Iron Treads
|-damage|p2a: Iron Treads|61/100
|-enditem|p2a: Iron Treads|Leftovers|[from] move: Knock Off|[of] p1a: Potential Man
|
|upkeep
|turn|13
|
|t:|1759044024
|move|p1a: Potential Man|Sucker Punch|p2a: Iron Treads
|-damage|p2a: Iron Treads|33/100
|move|p2a: Iron Treads|Earthquake|p1a: Potential Man
|-damage|p1a: Potential Man|14/100
|
|upkeep
|turn|14
|
|t:|1759044028
|move|p2a: Iron Treads|Stealth Rock|p1a: Potential Man
|-sidestart|p1: OU Fancy|move: Stealth Rock
|move|p1a: Potential Man|Ceaseless Edge|p2a: Iron Treads
|-damage|p2a: Iron Treads|0 fnt
|-sidestart|p2: doctromat|Spikes
|faint|p2a: Iron Treads
|-end|p2a: Iron Treads|Quark Drive|[silent]
|
|upkeep
|
|t:|1759044039
|switch|p2a: Bruxish|Bruxish, F|100/100
|-damage|p2a: Bruxish|88/100|[from] Spikes
|turn|15
|c|☆OU Fancy|type shi
|
|t:|1759044044
|switch|p1a: Round Deer|Iron Crown|45/100
|-damage|p1a: Round Deer|38/100|[from] Stealth Rock
|move|p2a: Bruxish|Aqua Jet|p1a: Round Deer
|-damage|p1a: Round Deer|12/100
|
|upkeep
|turn|16
|
|t:|1759044052
|-end|p1a: Round Deer|Quark Drive|[silent]
|switch|p1a: Totality|Walking Wake|100/100
|-damage|p1a: Totality|88/100|[from] Stealth Rock
|move|p2a: Bruxish|Aqua Jet|p1a: Totality
|-resisted|p1a: Totality
|-damage|p1a: Totality|82/100
|
|-heal|p1a: Totality|88/100|[from] item: Leftovers
|upkeep
|turn|17
|
|t:|1759044061
|switch|p2a: Alomomola|Alomomola, F|100/100
|-damage|p2a: Alomomola|88/100|[from] Spikes
|move|p1a: Totality|Dragon Pulse|p2a: Alomomola
|-damage|p2a: Alomomola|66/100
|
|-heal|p1a: Totality|94/100|[from] item: Leftovers
|upkeep
|turn|18
|
|t:|1759044065
|move|p1a: Totality|Dragon Pulse|p2a: Alomomola
|-damage|p2a: Alomomola|42/100
|move|p2a: Alomomola|Flip Turn|p1a: Totality
|-resisted|p1a: Totality
|-damage|p1a: Totality|90/100
|
|t:|1759044069
|switch|p2a: Bruxish|Bruxish, F|88/100|[from] Flip Turn
|-damage|p2a: Bruxish|76/100|[from] Spikes
|
|-heal|p1a: Totality|96/100|[from] item: Leftovers
|upkeep
|turn|19
|
|t:|1759044072
|move|p1a: Totality|Dragon Pulse|p2a: Bruxish
|-damage|p2a: Bruxish|11/100
|move|p2a: Bruxish|Psychic Fangs|p1a: Totality
|-crit|p1a: Totality
|-damage|p1a: Totality|0 fnt
|faint|p1a: Totality
|-end|p1a: Totality|Protosynthesis|[silent]
|
|upkeep
|
|t:|1759044075
|switch|p1a: Potential Man|Samurott-Hisui, M|14/100
|-damage|p1a: Potential Man|2/100|[from] Stealth Rock
|turn|20
|
|t:|1759044079
|move|p2a: Bruxish|Psychic Fangs|p1a: Potential Man
|-immune|p1a: Potential Man
|move|p1a: Potential Man|Ceaseless Edge|p2a: Bruxish
|-supereffective|p2a: Bruxish
|-damage|p2a: Bruxish|0 fnt
|-sidestart|p2: doctromat|Spikes
|faint|p2a: Bruxish
|
|upkeep
|
|t:|1759044082
|switch|p2a: Darkrai|Darkrai|100/100
|-damage|p2a: Darkrai|84/100|[from] Spikes
|turn|21
|
|t:|1759044087
|switch|p1a: Round Deer|Iron Crown|12/100
|-damage|p1a: Round Deer|6/100|[from] Stealth Rock
|move|p2a: Darkrai|Will-O-Wisp|p1a: Round Deer|[miss]
|-miss|p2a: Darkrai|p1a: Round Deer
|
|upkeep
|turn|22
|
|t:|1759044096
|switch|p2a: Pecharunt|Pecharunt|45/100
|-end|p1a: Round Deer|Quark Drive|[silent]
|switch|p1a: Mahoraga|Iron Valiant, shiny|100/100
|-damage|p1a: Mahoraga|94/100|[from] Stealth Rock
|
|upkeep
|turn|23
|
|t:|1759044101
|move|p1a: Mahoraga|Shadow Ball|p2a: Pecharunt
|-supereffective|p2a: Pecharunt
|-damage|p2a: Pecharunt|0 fnt
|faint|p2a: Pecharunt
|
|upkeep
|
|t:|1759044106
|switch|p2a: Alomomola|Alomomola, F|75/100
|-damage|p2a: Alomomola|58/100|[from] Spikes
|turn|24
|
|t:|1759044109
|-end|p1a: Mahoraga|Quark Drive|[silent]
|switch|p1a: Round Deer|Iron Crown|6/100
|-damage|p1a: Round Deer|0 fnt|[from] Stealth Rock
|faint|p1a: Round Deer
|-end|p1a: Round Deer|Quark Drive|[silent]
|move|p2a: Alomomola|Mirror Coat|p1: Round Deer|[notarget]
|-fail|p2a: Alomomola
|
|upkeep
|
|t:|1759044112
|switch|p1a: Mahoraga|Iron Valiant, shiny|94/100
|-damage|p1a: Mahoraga|88/100|[from] Stealth Rock
|turn|25
|
|t:|1759044114
|move|p1a: Mahoraga|Thunderbolt|p2a: Alomomola
|-supereffective|p2a: Alomomola
|-damage|p2a: Alomomola|27/100
|move|p2a: Alomomola|Mirror Coat|p1a: Mahoraga
|-damage|p1a: Mahoraga|0 fnt
|faint|p1a: Mahoraga
|-end|p1a: Mahoraga|Quark Drive|[silent]
|
|upkeep
|
|t:|1759044119
|switch|p1a: Potential Man|Samurott-Hisui, M|2/100
|-damage|p1a: Potential Man|0 fnt|[from] Stealth Rock
|faint|p1a: Potential Man
|
|win|doctromat
|raw|OU Fancy's rating: 1226 &rarr; <strong>1202</strong><br />(-24 for losing)
|raw|doctromat's rating: 1234 &rarr; <strong>1258</strong><br />(+24 for winning)
|l|☆doctromat
|player|p2|
|l|☆OU Fancy
|player|p1|
