|j|‽grnchestnaut
|j|☆Battousai9419
|t:|1759006793
|gametype|singles
|player|p1|grnchestnaut|101|1073
|player|p2|Battousai9419|sage|1054
|gen|9
|tier|[Gen 9] OU
|rated|
|rule|HP Percentage Mod: HP is shown in percentages
|rule|Endless Battle Clause: Forcing endless battles is banned
|rule|Species Clause: Limit one of each Pokémon
|rule|OHKO Clause: OHKO moves are banned
|rule|Evasion Items Clause: Evasion items are banned
|rule|Evasion Moves Clause: Evasion moves are banned
|rule|Evasion Abilities Clause: Evasion abilities are banned
|rule|Sleep Moves Clause: Sleep-inducing moves are banned
|clearpoke
|poke|p1|Dragonite, F|
|poke|p1|Great Tusk|
|poke|p1|Cinderace, M|
|poke|p1|Samurott-Hisui, F|
|poke|p1|Raikou|
|poke|p1|Weezing-Galar, M|
|poke|p2|Luvdisc, F|
|poke|p2|Kilowattrel, M|
|poke|p2|Grimmsnarl, M|
|poke|p2|Pelipper, M|
|poke|p2|Forretress, M|
|poke|p2|Dragalge, M|
|teampreview
|inactive|Battle timer is ON: inactive players will automatically lose when time's up. (requested by Battousai9419)
|
|t:|1759006811
|teamsize|p1|6
|teamsize|p2|6
|start
|switch|p1a: Samurott|Samurott-Hisui, F|100/100
|switch|p2a: Grimmsnarl|Grimmsnarl, M|100/100
|turn|1
|
|t:|1759006821
|move|p2a: Grimmsnarl|Reflect|p2a: Grimmsnarl
|-sidestart|p2: Battousai9419|Reflect
|move|p1a: Samurott|Knock Off|p2a: Grimmsnarl
|-resisted|p2a: Grimmsnarl
|-damage|p2a: Grimmsnarl|94/100
|-enditem|p2a: Grimmsnarl|Light Clay|[from] move: Knock Off|[of] p1a: Samurott
|
|upkeep
|turn|2
|
|t:|1759006829
|switch|p1a: Cinderace|Cinderace, M|100/100
|move|p2a: Grimmsnarl|Spirit Break|p1a: Cinderace
|-resisted|p1a: Cinderace
|-damage|p1a: Cinderace|73/100
|-unboost|p1a: Cinderace|spa|1
|
|upkeep
|turn|3
|
|t:|1759006839
|move|p2a: Grimmsnarl|Parting Shot|p1a: Cinderace
|-unboost|p1a: Cinderace|atk|1
|-unboost|p1a: Cinderace|spa|1
|
|t:|1759006845
|switch|p2a: Luvdisc|Luvdisc, F|100/100|[from] Parting Shot
|move|p1a: Cinderace|U-turn|p2a: Luvdisc
|-damage|p2a: Luvdisc|86/100
|
|t:|1759006853
|switch|p1a: Raikou|Raikou|100/100|[from] U-turn
|-ability|p1a: Raikou|Pressure
|
|-heal|p2a: Luvdisc|92/100|[from] item: Leftovers
|upkeep
|turn|4
|
|t:|1759006890
|switch|p1a: Samurott|Samurott-Hisui, F|100/100
|switch|p2a: Dragalge|Dragalge, M|100/100
|
|upkeep
|turn|5
|
|t:|1759006904
|move|p1a: Samurott|Knock Off|p2a: Dragalge
|-damage|p2a: Dragalge|76/100
|-enditem|p2a: Dragalge|Assault Vest|[from] move: Knock Off|[of] p1a: Samurott
|move|p2a: Dragalge|Draco Meteor|p1a: Samurott
|-enditem|p1a: Samurott|Focus Sash
|-damage|p1a: Samurott|1/100
|-unboost|p2a: Dragalge|spa|2
|
|upkeep
|turn|6
|
|t:|1759006914
|switch|p2a: Forretress|Forretress, M|100/100
|move|p1a: Samurott|Ceaseless Edge|p2a: Forretress
|-damage|p2a: Forretress|88/100
|-damage|p1a: Samurott|0 fnt|[from] item: Rocky Helmet|[of] p2a: Forretress
|faint|p1a: Samurott
|
|upkeep
|
|t:|1759006927
|switch|p1a: Weezing|Weezing-Galar, M|100/100
|-ability|p1a: Weezing|Neutralizing Gas
|turn|7
|
|t:|1759006935
|move|p1a: Weezing|Will-O-Wisp|p2a: Forretress
|-status|p2a: Forretress|brn
|move|p2a: Forretress|Iron Head|p1a: Weezing
|-supereffective|p1a: Weezing
|-crit|p1a: Weezing
|-damage|p1a: Weezing|74/100
|
|-damage|p2a: Forretress|82/100 brn|[from] brn
|upkeep
|turn|8
|
|t:|1759006948
|-end|p1a: Weezing|ability: Neutralizing Gas
|switch|p1a: Cinderace|Cinderace, M|73/100
|move|p2a: Forretress|Iron Head|p1a: Cinderace
|-resisted|p1a: Cinderace
|-damage|p1a: Cinderace|64/100
|
|-damage|p2a: Forretress|76/100 brn|[from] brn
|-sideend|p2: Battousai9419|Reflect
|upkeep
|turn|9
|
|t:|1759006961
|move|p1a: Cinderace|Pyro Ball|p2a: Forretress
|-supereffective|p2a: Forretress
|-damage|p2a: Forretress|0 fnt
|faint|p2a: Forretress
|
|upkeep
|
|t:|1759006969
|switch|p2a: Pelipper|Pelipper, M|100/100
|-weather|RainDance|[from] ability: Drizzle|[of] p2a: Pelipper
|turn|10
|
|t:|1759006974
|move|p1a: Cinderace|U-turn|p2a: Pelipper
|-resisted|p2a: Pelipper
|-crit|p2a: Pelipper
|-damage|p2a: Pelipper|82/100
|
|t:|1759006978
|switch|p1a: Dragonite|Dragonite, F|100/100|[from] U-turn
|move|p2a: Pelipper|U-turn|p1a: Dragonite
|-resisted|p1a: Dragonite
|-damage|p1a: Dragonite|98/100
|
|t:|1759006985
|switch|p2a: Luvdisc|Luvdisc, F|92/100|[from] U-turn
|
|-weather|RainDance|[upkeep]
|-heal|p2a: Luvdisc|98/100|[from] item: Leftovers
|upkeep
|turn|11
|
|t:|1759006997
|move|p2a: Luvdisc|Charm|p1a: Dragonite
|-unboost|p1a: Dragonite|atk|2
|move|p1a: Dragonite|Earthquake|p2a: Luvdisc
|-damage|p2a: Luvdisc|46/100
|
|-weather|RainDance|[upkeep]
|-heal|p2a: Luvdisc|52/100|[from] item: Leftovers
|upkeep
|turn|12
|
|t:|1759007006
|switch|p1a: Weezing|Weezing-Galar, M|74/100
|-ability|p1a: Weezing|Neutralizing Gas
|move|p2a: Luvdisc|Whirlpool|p1a: Weezing
|-damage|p1a: Weezing|62/100
|-activate|p1a: Weezing|move: Whirlpool|[of] p2a: Luvdisc
|
|-weather|RainDance|[upkeep]
|-heal|p2a: Luvdisc|58/100|[from] item: Leftovers
|-damage|p1a: Weezing|49/100|[from] move: Whirlpool|[partiallytrapped]
|upkeep
|turn|13
|
|t:|1759007018
|move|p2a: Luvdisc|Protect|p2a: Luvdisc
|-singleturn|p2a: Luvdisc|Protect
|move|p1a: Weezing|Pain Split|p2a: Luvdisc
|-activate|p2a: Luvdisc|move: Protect
|
|-weather|RainDance|[upkeep]
|-heal|p2a: Luvdisc|64/100|[from] item: Leftovers
|-damage|p1a: Weezing|37/100|[from] move: Whirlpool|[partiallytrapped]
|upkeep
|turn|14
|
|t:|1759007045
|move|p2a: Luvdisc|Whirlpool|p1a: Weezing
|-damage|p1a: Weezing|25/100
|move|p1a: Weezing|Sludge Bomb|p2a: Luvdisc
|-crit|p2a: Luvdisc
|-damage|p2a: Luvdisc|0 fnt
|faint|p2a: Luvdisc
|
|-weather|RainDance|[upkeep]
|-end|p1a: Weezing|Whirlpool|[partiallytrapped]|[silent]
|upkeep
|inactive|Battousai9419 has 120 seconds left.
|
|t:|1759007061
|switch|p2a: Kilowattrel|Kilowattrel, M|100/100
|turn|15
|
|t:|1759007075
|-end|p1a: Weezing|ability: Neutralizing Gas
|switch|p1a: Dragonite|Dragonite, F|98/100
|move|p2a: Kilowattrel|Thunder|p1a: Dragonite
|-damage|p1a: Dragonite|50/100
|
|-weather|RainDance|[upkeep]
|upkeep
|turn|16
|
|t:|1759007086
|move|p2a: Kilowattrel|Thunder|p1a: Dragonite
|-damage|p1a: Dragonite|2/100
|-status|p1a: Dragonite|par
|cant|p1a: Dragonite|par
|
|-weather|RainDance|[upkeep]
|upkeep
|turn|17
|
|t:|1759007094
|move|p1a: Dragonite|Extreme Speed|p2a: Kilowattrel
|-damage|p2a: Kilowattrel|17/100
|move|p2a: Kilowattrel|Thunder|p1a: Dragonite
|-damage|p1a: Dragonite|0 fnt
|faint|p1a: Dragonite
|
|-weather|none
|upkeep
|
|t:|1759007098
|switch|p1a: Cinderace|Cinderace, M|64/100
|turn|18
|
|t:|1759007123
|switch|p2a: Pelipper|Pelipper, M|82/100
|-weather|RainDance|[from] ability: Drizzle|[of] p2a: Pelipper
|move|p1a: Cinderace|U-turn|p2a: Pelipper
|-resisted|p2a: Pelipper
|-damage|p2a: Pelipper|71/100
|
|t:|1759007126
|switch|p1a: Raikou|Raikou|100/100|[from] U-turn
|-ability|p1a: Raikou|Pressure
|
|-weather|RainDance|[upkeep]
|upkeep
|turn|19
|
|t:|1759007144
|switch|p2a: Dragalge|Dragalge, M|76/100
|move|p1a: Raikou|Calm Mind|p1a: Raikou
|-boost|p1a: Raikou|spa|1
|-boost|p1a: Raikou|spd|1
|
|-weather|RainDance|[upkeep]
|upkeep
|turn|20
|
|t:|1759007161
|switch|p1a: Weezing|Weezing-Galar, M|25/100
|-ability|p1a: Weezing|Neutralizing Gas
|move|p2a: Dragalge|Sludge Bomb|p1a: Weezing
|-damage|p1a: Weezing|0 fnt
|faint|p1a: Weezing
|-end|p1a: Weezing|ability: Neutralizing Gas
|
|-weather|RainDance|[upkeep]
|upkeep
|
|t:|1759007168
|switch|p1a: Great Tusk|Great Tusk|100/100
|-enditem|p1a: Great Tusk|Booster Energy
|-activate|p1a: Great Tusk|ability: Protosynthesis|[fromitem]
|-start|p1a: Great Tusk|protosynthesisspe
|turn|21
|
|t:|1759007182
|-end|p1a: Great Tusk|Protosynthesis|[silent]
|switch|p1a: Raikou|Raikou|100/100
|-ability|p1a: Raikou|Pressure
|switch|p2a: Grimmsnarl|Grimmsnarl, M|94/100
|
|-weather|RainDance|[upkeep]
|upkeep
|turn|22
|
|t:|1759007193
|move|p2a: Grimmsnarl|Light Screen|p2a: Grimmsnarl
|-sidestart|p2: Battousai9419|move: Light Screen
|move|p1a: Raikou|Calm Mind|p1a: Raikou
|-boost|p1a: Raikou|spa|1
|-boost|p1a: Raikou|spd|1
|
|-weather|RainDance|[upkeep]
|upkeep
|turn|23
|
|t:|1759007200
|move|p1a: Raikou|Calm Mind|p1a: Raikou
|-boost|p1a: Raikou|spa|1
|-boost|p1a: Raikou|spd|1
|move|p2a: Grimmsnarl|Spirit Break|p1a: Raikou
|-crit|p1a: Raikou
|-damage|p1a: Raikou|12/100
|-unboost|p1a: Raikou|spa|1
|
|-weather|RainDance|[upkeep]
|upkeep
|turn|24
|
|t:|1759007210
|move|p1a: Raikou|Thunderbolt|p2a: Grimmsnarl
|-damage|p2a: Grimmsnarl|56/100
|move|p2a: Grimmsnarl|Spirit Break|p1a: Raikou
|-damage|p1a: Raikou|0 fnt
|faint|p1a: Raikou
|
|-weather|RainDance|[upkeep]
|upkeep
|
|t:|1759007225
|switch|p1a: Great Tusk|Great Tusk|100/100
|turn|25
|
|t:|1759007231
|move|p2a: Grimmsnarl|Reflect|p2a: Grimmsnarl
|-sidestart|p2: Battousai9419|Reflect
|move|p1a: Great Tusk|Rapid Spin|p2a: Grimmsnarl
|-damage|p2a: Grimmsnarl|47/100
|-boost|p1a: Great Tusk|spe|1
|
|-weather|none
|upkeep
|turn|26
|-message|grnchestnaut forfeited.
|
|win|Battousai9419
|raw|grnchestnaut's rating: 1073 &rarr; <strong>1051</strong><br />(-22 for losing)
|raw|Battousai9419's rating: 1054 &rarr; <strong>1088</strong><br />(+34 for winning)
|l|‽grnchestnaut
|player|p1|
|l|☆Battousai9419
|player|p2|
