|j|☆Yoruichibs
|j|☆EditorialMercedes
|t:|1758991307
|gametype|singles
|player|p1|Yoruichibs|pokemonrangerf|1243
|player|p2|EditorialMercedes|shauntal|1258
|gen|9
|tier|[Gen 9] OU
|rated|
|rule|HP Percentage Mod: HP is shown in percentages
|rule|Endless Battle Clause: Forcing endless battles is banned
|rule|Species Clause: Limit one of each Pokémon
|rule|OHKO Clause: OHKO moves are banned
|rule|Evasion Items Clause: Evasion items are banned
|rule|Evasion Moves Clause: Evasion moves are banned
|rule|Evasion Abilities Clause: Evasion abilities are banned
|rule|Sleep Moves Clause: Sleep-inducing moves are banned
|clearpoke
|poke|p1|Garchomp, F|
|poke|p1|Zamazenta-*|
|poke|p1|Raging Bolt|
|poke|p1|Primarina, F|
|poke|p1|Meowscarada, F|
|poke|p1|Gholdengo|
|poke|p2|Iron Treads|
|poke|p2|Darkrai|
|poke|p2|Sylveon, M|
|poke|p2|Slowking, M|
|poke|p2|Meowscarada, F|
|poke|p2|Garchomp, F|
|teampreview
|inactive|Battle timer is ON: inactive players will automatically lose when time's up. (requested by Yoruichibs)
|
|t:|1758991334
|teamsize|p1|6
|teamsize|p2|6
|start
|switch|p1a: Wet Dreamz|Primarina, F, shiny|100/100
|switch|p2a: Darkrai|Darkrai|100/100
|turn|1
|
|t:|1758991343
|move|p2a: Darkrai|Sludge Bomb|p1a: Wet Dreamz
|-supereffective|p1a: Wet Dreamz
|-crit|p1a: Wet Dreamz
|-damage|p1a: Wet Dreamz|38/100
|move|p1a: Wet Dreamz|Surf|p2a: Darkrai
|-crit|p2a: Darkrai
|-damage|p2a: Darkrai|0 fnt
|faint|p2a: Darkrai
|
|upkeep
|c|☆Yoruichibs|what a turn
|
|t:|1758991351
|switch|p2a: Meowscarada|Meowscarada, F|100/100
|turn|2
|
|t:|1758991359
|move|p2a: Meowscarada|U-turn|p1a: Wet Dreamz
|-start|p2a: Meowscarada|typechange|Bug|[from] ability: Protean
|-resisted|p1a: Wet Dreamz
|-damage|p1a: Wet Dreamz|7/100
|
|t:|1758991364
|switch|p2a: Slowking|Slowking, M, shiny|100/100|[from] U-turn
|move|p1a: Wet Dreamz|Moonblast|p2a: Slowking
|-damage|p2a: Slowking|61/100
|
|upkeep
|turn|3
|
|t:|1758991372
|move|p1a: Wet Dreamz|Psychic Noise|p2a: Slowking
|-resisted|p2a: Slowking
|-damage|p2a: Slowking|50/100
|-start|p2a: Slowking|move: Heal Block
|move|p2a: Slowking|Scald|p1a: Wet Dreamz
|-resisted|p1a: Wet Dreamz
|-damage|p1a: Wet Dreamz|0 fnt
|faint|p1a: Wet Dreamz
|
|upkeep
|
|t:|1758991378
|switch|p1a: She Knows|Meowscarada, F|100/100
|turn|4
|
|t:|1758991385
|switch|p2a: Garchomp|Garchomp, F|100/100
|move|p1a: She Knows|Knock Off|p2a: Garchomp
|-start|p1a: She Knows|typechange|Dark|[from] ability: Protean
|-damage|p2a: Garchomp|71/100
|-damage|p1a: She Knows|88/100|[from] ability: Rough Skin|[of] p2a: Garchomp
|-damage|p1a: She Knows|72/100|[from] item: Rocky Helmet|[of] p2a: Garchomp
|-enditem|p2a: Garchomp|Rocky Helmet|[from] move: Knock Off|[of] p1a: She Knows
|
|upkeep
|turn|5
|
|t:|1758991400
|switch|p1a: Jawz|Garchomp, F, shiny|100/100
|move|p2a: Garchomp|Stealth Rock|p1a: Jawz
|-sidestart|p1: Yoruichibs|move: Stealth Rock
|
|upkeep
|turn|6
|
|t:|1758991405
|move|p1a: Jawz|Stealth Rock|p2a: Garchomp
|-sidestart|p2: EditorialMercedes|move: Stealth Rock
|move|p2a: Garchomp|Dragon Tail|p1a: Jawz
|-supereffective|p1a: Jawz
|-damage|p1a: Jawz|65/100
|-damage|p2a: Garchomp|58/100|[from] ability: Rough Skin|[of] p1a: Jawz
|-damage|p2a: Garchomp|42/100|[from] item: Rocky Helmet|[of] p1a: Jawz
|drag|p1a: She Knows|Meowscarada, F|72/100
|-damage|p1a: She Knows|60/100|[from] Stealth Rock
|
|upkeep
|turn|7
|
|t:|1758991419
|switch|p2a: Sylveon|Sylveon, M, shiny|100/100
|-damage|p2a: Sylveon|88/100|[from] Stealth Rock
|move|p1a: She Knows|Trick|p2a: Sylveon
|-start|p1a: She Knows|typechange|Psychic|[from] ability: Protean
|-activate|p1a: She Knows|move: Trick|[of] p2a: Sylveon
|-item|p2a: Sylveon|Choice Scarf|[from] move: Trick
|-item|p1a: She Knows|Leftovers|[from] move: Trick
|
|-heal|p1a: She Knows|66/100|[from] item: Leftovers
|upkeep
|turn|8
|
|t:|1758991432
|move|p1a: She Knows|U-turn|p2a: Sylveon
|-resisted|p2a: Sylveon
|-damage|p2a: Sylveon|79/100
|
|t:|1758991435
|switch|p1a: Love Yourz|Gholdengo|100/100|[from] U-turn
|-damage|p1a: Love Yourz|94/100|[from] Stealth Rock
|-item|p1a: Love Yourz|Air Balloon
|move|p2a: Sylveon|Hyper Voice|p1a: Love Yourz
|-resisted|p1a: Love Yourz
|-damage|p1a: Love Yourz|76/100
|-enditem|p1a: Love Yourz|Air Balloon
|
|upkeep
|turn|9
|
|t:|1758991447
|switch|p2a: Slowking|Slowking, M, shiny|83/100
|move|p1a: Love Yourz|Nasty Plot|p1a: Love Yourz
|-boost|p1a: Love Yourz|spa|2
|
|upkeep
|turn|10
|
|t:|1758991464
|-terastallize|p2a: Slowking|Poison
|move|p1a: Love Yourz|Shadow Ball|p2a: Slowking
|-damage|p2a: Slowking|35/100
|-unboost|p2a: Slowking|spd|1
|-prepare|p2a: Slowking|Chilly Reception|[premajor]
|move|p2a: Slowking|Chilly Reception|p2a: Slowking
|-weather|Snowscape
|
|t:|1758991473
|switch|p2a: Meowscarada|Meowscarada, F|100/100|[from] Chilly Reception
|-damage|p2a: Meowscarada|88/100|[from] Stealth Rock
|
|-weather|Snowscape|[upkeep]
|upkeep
|turn|11
|
|t:|1758991481
|switch|p1a: Jawz|Garchomp, F, shiny|65/100
|-damage|p1a: Jawz|59/100|[from] Stealth Rock
|move|p2a: Meowscarada|Knock Off|p1a: Jawz
|-start|p2a: Meowscarada|typechange|Dark|[from] ability: Protean
|-damage|p1a: Jawz|14/100
|-damage|p2a: Meowscarada|76/100|[from] ability: Rough Skin|[of] p1a: Jawz
|-damage|p2a: Meowscarada|60/100|[from] item: Rocky Helmet|[of] p1a: Jawz
|-enditem|p1a: Jawz|Rocky Helmet|[from] move: Knock Off|[of] p2a: Meowscarada
|
|-weather|Snowscape|[upkeep]
|upkeep
|turn|12
|
|t:|1758991492
|move|p2a: Meowscarada|Knock Off|p1a: Jawz
|-damage|p1a: Jawz|0 fnt
|-damage|p2a: Meowscarada|47/100|[from] ability: Rough Skin|[of] p1a: Jawz
|faint|p1a: Jawz
|
|-weather|Snowscape|[upkeep]
|upkeep
|
|t:|1758991502
|switch|p1a: Power Trip|Zamazenta|100/100
|-damage|p1a: Power Trip|94/100|[from] Stealth Rock
|-ability|p1a: Power Trip|Dauntless Shield|boost
|-boost|p1a: Power Trip|def|1
|turn|13
|
|t:|1758991509
|switch|p2a: Sylveon|Sylveon, M, shiny|79/100
|-damage|p2a: Sylveon|66/100|[from] Stealth Rock
|move|p1a: Power Trip|Body Press|p2a: Sylveon
|-resisted|p2a: Sylveon
|-damage|p2a: Sylveon|45/100
|
|-weather|Snowscape|[upkeep]
|-heal|p1a: Power Trip|100/100|[from] item: Leftovers
|upkeep
|turn|14
|
|t:|1758991520
|switch|p1a: Love Yourz|Gholdengo|76/100
|-damage|p1a: Love Yourz|70/100|[from] Stealth Rock
|move|p2a: Sylveon|Wish|p2a: Sylveon
|
|-weather|none
|upkeep
|turn|15
|
|t:|1758991532
|switch|p2a: Slowking|Slowking, M, shiny, tera:Poison|68/100
|move|p1a: Love Yourz|Nasty Plot|p1a: Love Yourz
|-boost|p1a: Love Yourz|spa|2
|
|-heal|p2a: Slowking|100/100|[from] move: Wish|[wisher] Sylveon
|upkeep
|turn|16
|
|t:|1758991540
|move|p1a: Love Yourz|Nasty Plot|p1a: Love Yourz
|-boost|p1a: Love Yourz|spa|2
|move|p2a: Slowking|Future Sight|p1a: Love Yourz
|-start|p2a: Slowking|move: Future Sight
|
|upkeep
|turn|17
|
|t:|1758991545
|move|p1a: Love Yourz|Shadow Ball|p2a: Slowking
|-damage|p2a: Slowking|28/100
|-prepare|p2a: Slowking|Chilly Reception|[premajor]
|move|p2a: Slowking|Chilly Reception|p2a: Slowking
|-weather|Snowscape
|
|t:|1758991551
|switch|p2a: Meowscarada|Meowscarada, F|47/100|[from] Chilly Reception
|-damage|p2a: Meowscarada|35/100|[from] Stealth Rock
|
|-weather|Snowscape|[upkeep]
|upkeep
|turn|18
|
|t:|1758991558
|switch|p1a: She Knows|Meowscarada, F|66/100
|-damage|p1a: She Knows|53/100|[from] Stealth Rock
|move|p2a: Meowscarada|Knock Off|p1a: She Knows
|-start|p2a: Meowscarada|typechange|Dark|[from] ability: Protean
|-resisted|p1a: She Knows
|-damage|p1a: She Knows|0 fnt
|-enditem|p1a: She Knows|Leftovers|[from] move: Knock Off|[of] p2a: Meowscarada
|faint|p1a: She Knows
|
|-weather|Snowscape|[upkeep]
|-hint|Future Sight did not hit because the target is fainted.
|upkeep
|
|t:|1758991573
|switch|p1a: Power Trip|Zamazenta|100/100
|-damage|p1a: Power Trip|94/100|[from] Stealth Rock
|turn|19
|
|t:|1758991582
|switch|p2a: Garchomp|Garchomp, F|42/100
|-damage|p2a: Garchomp|36/100|[from] Stealth Rock
|move|p1a: Power Trip|Iron Defense|p1a: Power Trip
|-boost|p1a: Power Trip|def|2
|
|-weather|Snowscape|[upkeep]
|-heal|p1a: Power Trip|100/100|[from] item: Leftovers
|upkeep
|turn|20
|
|t:|1758991594
|move|p1a: Power Trip|Iron Defense|p1a: Power Trip
|-boost|p1a: Power Trip|def|2
|move|p2a: Garchomp|Dragon Tail|p1a: Power Trip
|-damage|p1a: Power Trip|93/100
|drag|p1a: No Role Modelz|Raging Bolt|100/100
|-damage|p1a: No Role Modelz|88/100|[from] Stealth Rock
|
|-weather|Snowscape|[upkeep]
|upkeep
|turn|21
|
|t:|1758991604
|-end|p1a: No Role Modelz|Protosynthesis|[silent]
|switch|p1a: Power Trip|Zamazenta|93/100
|-damage|p1a: Power Trip|87/100|[from] Stealth Rock
|move|p2a: Garchomp|Dragon Tail|p1a: Power Trip|[miss]
|-miss|p2a: Garchomp|p1a: Power Trip
|
|-weather|none
|-heal|p1a: Power Trip|93/100|[from] item: Leftovers
|upkeep
|turn|22
|
|t:|1758991613
|move|p1a: Power Trip|Body Press|p2a: Garchomp
|-damage|p2a: Garchomp|15/100
|-damage|p1a: Power Trip|81/100|[from] ability: Rough Skin|[of] p2a: Garchomp
|move|p2a: Garchomp|Dragon Tail|p1a: Power Trip
|-damage|p1a: Power Trip|60/100
|drag|p1a: Love Yourz|Gholdengo|70/100
|-damage|p1a: Love Yourz|63/100|[from] Stealth Rock
|
|upkeep
|turn|23
|
|t:|1758991623
|move|p2a: Garchomp|Earthquake|p1a: Love Yourz
|-supereffective|p1a: Love Yourz
|-damage|p1a: Love Yourz|3/100
|move|p1a: Love Yourz|Make It Rain|p2a: Garchomp
|-damage|p2a: Garchomp|0 fnt
|-unboost|p1a: Love Yourz|spa|1
|faint|p2a: Garchomp
|
|upkeep
|
|t:|1758991632
|switch|p2a: Iron Treads|Iron Treads|100/100
|-damage|p2a: Iron Treads|97/100|[from] Stealth Rock
|-item|p2a: Iron Treads|Air Balloon
|turn|24
|
|t:|1758991651
|move|p2a: Iron Treads|Knock Off|p1a: Love Yourz
|-supereffective|p1a: Love Yourz
|-damage|p1a: Love Yourz|0 fnt
|faint|p1a: Love Yourz
|
|upkeep
|
|t:|1758991654
|switch|p1a: Power Trip|Zamazenta|60/100
|-damage|p1a: Power Trip|54/100|[from] Stealth Rock
|turn|25
|
|t:|1758991661
|-end|p2a: Iron Treads|Quark Drive|[silent]
|switch|p2a: Slowking|Slowking, M, shiny, tera:Poison|61/100
|move|p1a: Power Trip|Iron Defense|p1a: Power Trip
|-boost|p1a: Power Trip|def|2
|
|-heal|p1a: Power Trip|60/100|[from] item: Leftovers
|upkeep
|turn|26
|
|t:|1758991667
|move|p1a: Power Trip|Stone Edge|p2a: Slowking
|-damage|p2a: Slowking|36/100
|move|p2a: Slowking|Future Sight|p1a: Power Trip
|-start|p2a: Slowking|move: Future Sight
|
|-heal|p1a: Power Trip|67/100|[from] item: Leftovers
|upkeep
|turn|27
|
|t:|1758991674
|switch|p1a: No Role Modelz|Raging Bolt|88/100
|-damage|p1a: No Role Modelz|76/100|[from] Stealth Rock
|-prepare|p2a: Slowking|Chilly Reception|[premajor]
|move|p2a: Slowking|Chilly Reception|p2a: Slowking
|-weather|Snowscape
|
|t:|1758991683
|switch|p2a: Iron Treads|Iron Treads|97/100|[from] Chilly Reception
|-damage|p2a: Iron Treads|94/100|[from] Stealth Rock
|-item|p2a: Iron Treads|Air Balloon
|
|-weather|Snowscape|[upkeep]
|upkeep
|turn|28
|
|t:|1758991690
|move|p2a: Iron Treads|Earthquake|p1a: No Role Modelz
|-supereffective|p1a: No Role Modelz
|-damage|p1a: No Role Modelz|0 fnt
|faint|p1a: No Role Modelz
|-end|p1a: No Role Modelz|Protosynthesis|[silent]
|
|-weather|Snowscape|[upkeep]
|-hint|Future Sight did not hit because the target is fainted.
|upkeep
|
|t:|1758991692
|switch|p1a: Power Trip|Zamazenta|67/100
|-damage|p1a: Power Trip|60/100|[from] Stealth Rock
|turn|29
|
|t:|1758991705
|-end|p2a: Iron Treads|Quark Drive|[silent]
|switch|p2a: Slowking|Slowking, M, shiny, tera:Poison|69/100
|-terastallize|p1a: Power Trip|Fighting
|move|p1a: Power Trip|Iron Defense|p1a: Power Trip
|-boost|p1a: Power Trip|def|2
|
|-weather|Snowscape|[upkeep]
|-heal|p1a: Power Trip|67/100|[from] item: Leftovers
|upkeep
|turn|30
|
|t:|1758991713
|move|p1a: Power Trip|Iron Defense|p1a: Power Trip
|-boost|p1a: Power Trip|def|2
|move|p2a: Slowking|Future Sight|p1a: Power Trip
|-start|p2a: Slowking|move: Future Sight
|
|-weather|Snowscape|[upkeep]
|-heal|p1a: Power Trip|73/100|[from] item: Leftovers
|upkeep
|turn|31
|
|t:|1758991720
|move|p1a: Power Trip|Body Press|p2a: Slowking
|-resisted|p2a: Slowking
|-damage|p2a: Slowking|8/100
|move|p2a: Slowking|Scald|p1a: Power Trip
|-damage|p1a: Power Trip|45/100
|
|-weather|none
|-heal|p1a: Power Trip|51/100|[from] item: Leftovers
|upkeep
|turn|32
|
|t:|1758991728
|move|p1a: Power Trip|Body Press|p2a: Slowking
|-resisted|p2a: Slowking
|-damage|p2a: Slowking|0 fnt
|faint|p2a: Slowking
|
|-end|p1a: Power Trip|move: Future Sight
|-supereffective|p1a: Power Trip
|-damage|p1a: Power Trip|0 fnt
|faint|p1a: Power Trip
|
|win|EditorialMercedes
|raw|Yoruichibs's rating: 1243 &rarr; <strong>1219</strong><br />(-24 for losing)
|raw|EditorialMercedes's rating: 1258 &rarr; <strong>1282</strong><br />(+24 for winning)
|c|☆EditorialMercedes|gg
|c|☆Yoruichibs|gg
|l|☆EditorialMercedes
|player|p2|
|l|☆Yoruichibs
|player|p1|
