|j|☆peixedentrod'agua
|j|☆McDonaldsSoysauce
|t:|1758932532
|gametype|singles
|player|p1|peixedentrod'agua|170|1143
|player|p2|McDonaldsSoysauce|dawn-gen4pt|1164
|gen|9
|tier|[Gen 9] OU
|rated|
|rule|HP Percentage Mod: HP is shown in percentages
|rule|Endless Battle Clause: Forcing endless battles is banned
|rule|Species Clause: Limit one of each Pokémon
|rule|OHKO Clause: OHKO moves are banned
|rule|Evasion Items Clause: Evasion items are banned
|rule|Evasion Moves Clause: Evasion moves are banned
|rule|Evasion Abilities Clause: Evasion abilities are banned
|rule|Sleep Moves Clause: Sleep-inducing moves are banned
|clearpoke
|poke|p1|Gliscor, M|
|poke|p1|Cryogonal|
|poke|p1|Meowstic, M|
|poke|p1|Iron Crown|
|poke|p1|Haxorus, F|
|poke|p1|Raichu, F|
|poke|p2|Hatterene, F|
|poke|p2|Alomomola, F|
|poke|p2|Ogerpon-Wellspring, F|
|poke|p2|Raging Bolt|
|poke|p2|Great Tusk|
|poke|p2|Lokix, F|
|teampreview
|inactive|Battle timer is ON: inactive players will automatically lose when time's up. (requested by peixedentrod'agua)
|
|t:|1758932542
|teamsize|p1|6
|teamsize|p2|6
|start
|switch|p1a: Gliscor|Gliscor, M|100/100
|switch|p2a: Lokix|Lokix, F|100/100
|turn|1
|
|t:|1758932553
|switch|p2a: Hatterene|Hatterene, F, shiny|100/100
|move|p1a: Gliscor|Protect||[still]
|-fail|p1a: Gliscor
|
|-status|p1a: Gliscor|tox|[from] item: Toxic Orb
|upkeep
|turn|2
|
|t:|1758932565
|switch|p1a: Meowstic|Meowstic, M|100/100
|move|p2a: Hatterene|Psychic Noise|p1a: Meowstic
|-resisted|p1a: Meowstic
|-damage|p1a: Meowstic|87/100
|-start|p1a: Meowstic|move: Heal Block
|
|upkeep
|turn|3
|
|t:|1758932573
|move|p1a: Meowstic|Light Screen|p1a: Meowstic
|-sidestart|p1: peixedentrod'agua|move: Light Screen
|move|p2a: Hatterene|Nuzzle|p1a: Meowstic
|-damage|p1a: Meowstic|81/100
|-status|p1a: Meowstic|par
|
|-end|p1a: Meowstic|move: Heal Block
|upkeep
|turn|4
|
|t:|1758932582
|switch|p2a: Lokix|Lokix, F|100/100
|move|p1a: Meowstic|Reflect|p1a: Meowstic
|-sidestart|p1: peixedentrod'agua|Reflect
|
|upkeep
|turn|5
|
|t:|1758932592
|switch|p1a: Gliscor|Gliscor, M|100/100 tox
|move|p2a: Lokix|First Impression|p1a: Gliscor
|-resisted|p1a: Gliscor
|-damage|p1a: Gliscor|75/100 tox
|
|-heal|p1a: Gliscor|88/100 tox|[from] ability: Poison Heal
|upkeep
|turn|6
|
|t:|1758932606
|switch|p2a: Great Tusk|Great Tusk, shiny|100/100
|switch|p1a: Haxorus|Haxorus, F|100/100
|-ability|p1a: Haxorus|Mold Breaker
|
|upkeep
|turn|7
|
|t:|1758932616
|move|p1a: Haxorus|Focus Energy|p1a: Haxorus
|-start|p1a: Haxorus|move: Focus Energy
|move|p2a: Great Tusk|Ice Spinner|p1a: Haxorus
|-supereffective|p1a: Haxorus
|-damage|p1a: Haxorus|64/100
|
|upkeep
|turn|8
|
|t:|1758932627
|move|p1a: Haxorus|Draco Meteor|p2a: Great Tusk
|-damage|p2a: Great Tusk|38/100
|-unboost|p1a: Haxorus|spa|2
|move|p2a: Great Tusk|Ice Spinner|p1a: Haxorus
|-supereffective|p1a: Haxorus
|-damage|p1a: Haxorus|27/100
|
|upkeep
|turn|9
|
|t:|1758932638
|-end|p2a: Great Tusk|Protosynthesis|[silent]
|switch|p2a: Lokix|Lokix, F|100/100
|move|p1a: Haxorus|Draco Meteor|p2a: Lokix
|-crit|p2a: Lokix
|-damage|p2a: Lokix|0 fnt
|-unboost|p1a: Haxorus|spa|2
|faint|p2a: Lokix
|
|upkeep
|-message|McDonaldsSoysauce forfeited.
|
|win|peixedentrod'agua
|raw|peixedentrod&apos;agua's rating: 1143 &rarr; <strong>1170</strong><br />(+27 for winning)
|raw|McDonaldsSoysauce's rating: 1164 &rarr; <strong>1137</strong><br />(-27 for losing)
|l|☆McDonaldsSoysauce
|player|p2|
|l|☆peixedentrod'agua
|player|p1|
