|j|☆missingyat
|j|☆I am a chinese.
|t:|1758982101
|gametype|singles
|player|p1|missingyat|clerk|1128
|player|p2|I am a chinese.|maid|1168
|gen|9
|tier|[Gen 9] OU
|rated|
|rule|HP Percentage Mod: HP is shown in percentages
|rule|Endless Battle Clause: Forcing endless battles is banned
|rule|Species Clause: Limit one of each Pokémon
|rule|OHKO Clause: OHKO moves are banned
|rule|Evasion Items Clause: Evasion items are banned
|rule|Evasion Moves Clause: Evasion moves are banned
|rule|Evasion Abilities Clause: Evasion abilities are banned
|rule|Sleep Moves Clause: Sleep-inducing moves are banned
|clearpoke
|poke|p1|Komala, F|
|poke|p1|Moltres|
|poke|p1|Shiftry, M|
|poke|p1|Milotic, F|
|poke|p1|Conkeldurr, F|
|poke|p1|Whimsicott, M|
|poke|p2|Porygon-Z|
|poke|p2|Araquanid, M|
|poke|p2|Lokix, M|
|poke|p2|Skeledirge, M|
|poke|p2|Ogerpon-Wellspring, F|
|poke|p2|Dragapult, M|
|teampreview
|inactive|Battle timer is ON: inactive players will automatically lose when time's up. (requested by I am a chinese.)
|
|t:|1758982155
|teamsize|p1|6
|teamsize|p2|6
|start
|switch|p1a: KFC|Moltres|100/100
|switch|p2a: Lokix|Lokix, M|100/100
|turn|1
|
|t:|1758982166
|switch|p2a: Skeledirge|Skeledirge, M|100/100
|move|p1a: KFC|U-turn|p2a: Skeledirge
|-resisted|p2a: Skeledirge
|-damage|p2a: Skeledirge|98/100
|
|t:|1758982175
|switch|p1a: Milotic|Milotic, F|100/100|[from] U-turn
|
|-status|p1a: Milotic|brn|[from] item: Flame Orb
|upkeep
|turn|2
|
|t:|1758982190
|switch|p2a: Araquanid|Araquanid, M|100/100
|move|p1a: Milotic|Dragon Tail|p2a: Araquanid
|-damage|p2a: Araquanid|96/100
|drag|p2a: Skeledirge|Skeledirge, M|98/100
|
|-damage|p1a: Milotic|94/100 brn|[from] brn
|upkeep
|turn|3
|
|t:|1758982208
|switch|p2a: Araquanid|Araquanid, M|96/100
|move|p1a: Milotic|Dragon Tail|p2a: Araquanid
|-damage|p2a: Araquanid|92/100
|drag|p2a: Porygon-Z|Porygon-Z|100/100
|
|-damage|p1a: Milotic|88/100 brn|[from] brn
|upkeep
|turn|4
|
|t:|1758982217
|move|p2a: Porygon-Z|Thunderbolt|p1a: Milotic
|-supereffective|p1a: Milotic
|-damage|p1a: Milotic|23/100 brn
|move|p1a: Milotic|Dragon Tail|p2a: Porygon-Z
|-damage|p2a: Porygon-Z|94/100
|drag|p2a: Araquanid|Araquanid, M|92/100
|
|-damage|p1a: Milotic|17/100 brn|[from] brn
|upkeep
|turn|5
|
|t:|1758982225
|move|p1a: Milotic|Recover|p1a: Milotic
|-heal|p1a: Milotic|67/100 brn
|move|p2a: Araquanid|Sticky Web|p1a: Milotic
|-sidestart|p1: missingyat|move: Sticky Web
|
|-damage|p1a: Milotic|61/100 brn|[from] brn
|upkeep
|turn|6
|
|t:|1758982229
|move|p1a: Milotic|Flip Turn|p2a: Araquanid
|-resisted|p2a: Araquanid
|-damage|p2a: Araquanid|89/100
|
|t:|1758982234
|switch|p1a: Slizzy|Komala, F, shiny|100/100|[from] Flip Turn
|-activate|p1a: Slizzy|move: Sticky Web
|-unboost|p1a: Slizzy|spe|1
|-ability|p1a: Slizzy|Comatose
|move|p2a: Araquanid|Leech Life|p1a: Slizzy
|-damage|p1a: Slizzy|75/100
|-heal|p2a: Araquanid|99/100|[from] drain|[of] p1a: Slizzy
|
|upkeep
|turn|7
|
|t:|1758982241
|move|p2a: Araquanid|Liquidation|p1a: Slizzy
|-damage|p1a: Slizzy|18/100
|-unboost|p1a: Slizzy|def|1
|move|p1a: Slizzy|Rapid Spin|p2a: Araquanid
|-damage|p2a: Araquanid|72/100
|-boost|p1a: Slizzy|spe|1
|-sideend|p1: missingyat|Sticky Web|[from] move: Rapid Spin|[of] p1a: Slizzy
|
|upkeep
|turn|8
|
|t:|1758982254
|switch|p1a: Shiftry|Shiftry, M|100/100
|move|p2a: Araquanid|Sticky Web|p1a: Shiftry
|-sidestart|p1: missingyat|move: Sticky Web
|
|upkeep
|turn|9
|
|t:|1758982258
|move|p1a: Shiftry|Tailwind|p1a: Shiftry
|-sidestart|p1: missingyat|move: Tailwind
|-ability|p1a: Shiftry|Wind Rider|boost
|-boost|p1a: Shiftry|atk|1
|move|p2a: Araquanid|Leech Life|p1a: Shiftry
|-supereffective|p1a: Shiftry
|-enditem|p1a: Shiftry|Focus Sash
|-damage|p1a: Shiftry|1/100
|-heal|p2a: Araquanid|100/100|[from] drain|[of] p1a: Shiftry
|
|upkeep
|turn|10
|
|t:|1758982272
|-terastallize|p1a: Shiftry|Dark
|move|p1a: Shiftry|Knock Off|p2a: Araquanid
|-damage|p2a: Araquanid|5/100
|-enditem|p2a: Araquanid|Mental Herb|[from] move: Knock Off|[of] p1a: Shiftry
|move|p2a: Araquanid|Leech Life|p1a: Shiftry
|-supereffective|p1a: Shiftry
|-damage|p1a: Shiftry|0 fnt
|-heal|p2a: Araquanid|5/100|[from] drain|[of] p1a: Shiftry
|faint|p1a: Shiftry
|
|upkeep
|
|t:|1758982286
|switch|p1a: Slizzy|Komala, F, shiny|18/100
|-activate|p1a: Slizzy|move: Sticky Web
|-unboost|p1a: Slizzy|spe|1
|-ability|p1a: Slizzy|Comatose
|turn|11
|
|t:|1758982296
|move|p1a: Slizzy|Sucker Punch|p2a: Araquanid
|-damage|p2a: Araquanid|0 fnt
|faint|p2a: Araquanid
|
|upkeep
|
|t:|1758982301
|switch|p2a: Lokix|Lokix, M|100/100
|turn|12
|
|t:|1758982306
|switch|p1a: KFC|Moltres|100/100
|move|p2a: Lokix|U-turn|p1a: KFC
|-resisted|p1a: KFC
|-damage|p1a: KFC|90/100
|
|t:|1758982324
|switch|p2a: Ogerpon|Ogerpon-Wellspring, F|100/100|[from] U-turn
|
|-sideend|p1: missingyat|move: Tailwind
|upkeep
|turn|13
|
|t:|1758982329
|move|p2a: Ogerpon|Ivy Cudgel|p1a: KFC|[anim] Ivy Cudgel Water
|-supereffective|p1a: KFC
|-damage|p1a: KFC|0 fnt
|faint|p1a: KFC
|
|upkeep
|
|t:|1758982339
|switch|p1a: Milotic|Milotic, F|61/100 brn
|-activate|p1a: Milotic|move: Sticky Web
|-unboost|p1a: Milotic|spe|1
|turn|14
|
|t:|1758982348
|move|p2a: Ogerpon|Horn Leech|p1a: Milotic
|-supereffective|p1a: Milotic
|-damage|p1a: Milotic|10/100 brn
|move|p1a: Milotic|Dragon Tail|p2a: Ogerpon
|-damage|p2a: Ogerpon|96/100
|drag|p2a: Dragapult|Dragapult, M|100/100
|
|-damage|p1a: Milotic|4/100 brn|[from] brn
|upkeep
|turn|15
|
|t:|1758982361
|move|p2a: Dragapult|Phantom Force||[still]
|-prepare|p2a: Dragapult|Phantom Force
|move|p1a: Milotic|Recover|p1a: Milotic
|-heal|p1a: Milotic|54/100 brn
|
|-damage|p1a: Milotic|48/100 brn|[from] brn
|upkeep
|turn|16
|
|t:|1758982376
|move|p2a: Dragapult|Phantom Force|p1a: Milotic|[from] lockedmove
|-damage|p1a: Milotic|21/100 brn
|move|p1a: Milotic|Dragon Tail|p2a: Dragapult
|-supereffective|p2a: Dragapult
|-damage|p2a: Dragapult|89/100
|drag|p2a: Lokix|Lokix, M|100/100
|
|-damage|p1a: Milotic|15/100 brn|[from] brn
|upkeep
|turn|17
|
|t:|1758982387
|move|p2a: Lokix|First Impression|p1a: Milotic
|-damage|p1a: Milotic|0 fnt
|faint|p1a: Milotic
|
|upkeep
|
|t:|1758982403
|switch|p1a: Conkeldurr|Conkeldurr, F|100/100
|-activate|p1a: Conkeldurr|move: Sticky Web
|-unboost|p1a: Conkeldurr|spe|1
|turn|18
|
|t:|1758982407
|move|p2a: Lokix|U-turn|p1a: Conkeldurr
|-resisted|p1a: Conkeldurr
|-damage|p1a: Conkeldurr|69/100
|
|t:|1758982412
|switch|p2a: Skeledirge|Skeledirge, M|98/100|[from] U-turn
|move|p1a: Conkeldurr|Bulk Up|p1a: Conkeldurr
|-boost|p1a: Conkeldurr|atk|1
|-boost|p1a: Conkeldurr|def|1
|
|upkeep
|turn|19
|inactive|missingyat has 120 seconds left.
|
|t:|1758982443
|move|p2a: Skeledirge|Will-O-Wisp|p1a: Conkeldurr|[miss]
|-miss|p2a: Skeledirge|p1a: Conkeldurr
|move|p1a: Conkeldurr|Dynamic Punch|p2a: Skeledirge
|-immune|p2a: Skeledirge
|
|upkeep
|turn|20
|
|t:|1758982451
|move|p2a: Skeledirge|Will-O-Wisp|p1a: Conkeldurr
|-status|p1a: Conkeldurr|brn
|move|p1a: Conkeldurr|Stomping Tantrum|p2a: Skeledirge
|-supereffective|p2a: Skeledirge
|-damage|p2a: Skeledirge|59/100
|
|-damage|p1a: Conkeldurr|63/100 brn|[from] brn
|upkeep
|turn|21
|l|☆I am a chinese.
|inactive|I am a chinese. disconnected and has a minute to reconnect!
|player|p2|
|-message|missingyat forfeited.
|
|win|I am a chinese.
|raw|missingyat's rating: 1128 &rarr; <strong>1106</strong><br />(-22 for losing)
|raw|I am a chinese.'s rating: 1168 &rarr; <strong>1190</strong><br />(+22 for winning)
|l|☆missingyat
|player|p1|
|j|☆I am a chinese.
|player|p2|I am a chinese.|maid|
|l|☆I am a chinese.
|player|p2|
