|j|☆Kazuelasnt
|j|☆ThatBrownBoy
|t:|1759069173
|gametype|singles
|player|p1|Kazuelasnt|cress|1468
|player|p2|ThatBrownBoy|1|1415
|gen|9
|tier|[Gen 9] OU
|rated|
|rule|HP Percentage Mod: HP is shown in percentages
|rule|Endless Battle Clause: Forcing endless battles is banned
|rule|Species Clause: Limit one of each Pokémon
|rule|OHKO Clause: OHKO moves are banned
|rule|Evasion Items Clause: Evasion items are banned
|rule|Evasion Moves Clause: Evasion moves are banned
|rule|Evasion Abilities Clause: Evasion abilities are banned
|rule|Sleep Moves Clause: Sleep-inducing moves are banned
|clearpoke
|poke|p1|Ninetales, M|
|poke|p1|Lilligant-Hisui, F|
|poke|p1|Walking Wake|
|poke|p1|Great Tusk|
|poke|p1|Iron Moth|
|poke|p1|Heatran, F|
|poke|p2|Ambipom, F|
|poke|p2|Grimmsnarl, M|
|poke|p2|Ursaluna, F|
|poke|p2|Dragonite, M|
|poke|p2|Zoroark-Hisui, M|
|poke|p2|Corviknight, F|
|teampreview
|inactive|Battle timer is ON: inactive players will automatically lose when time's up. (requested by ThatBrownBoy)
|
|t:|1759069197
|teamsize|p1|6
|teamsize|p2|6
|start
|switch|p1a: Chujin|Ninetales, M, shiny|100/100
|switch|p2a: Ursaluna|Ursaluna, F, shiny|100/100
|-weather|SunnyDay|[from] ability: Drought|[of] p1a: Chujin
|turn|1
|
|t:|1759069209
|switch|p1a: Ondulagua|Walking Wake|100/100
|-activate|p1a: Ondulagua|ability: Protosynthesis
|-start|p1a: Ondulagua|protosynthesisspa
|move|p2a: Ursaluna|Headlong Rush|p1a: Ondulagua
|-damage|p1a: Ondulagua|28/100
|-unboost|p2a: Ursaluna|def|1
|-unboost|p2a: Ursaluna|spd|1
|
|-weather|SunnyDay|[upkeep]
|-status|p2a: Ursaluna|brn|[from] item: Flame Orb
|upkeep
|turn|2
|
|t:|1759069218
|switch|p2a: Corviknight|Corviknight, F|100/100
|-ability|p2a: Corviknight|Pressure
|move|p1a: Ondulagua|Hydro Steam|p2a: Corviknight
|-damage|p2a: Corviknight|0 fnt
|faint|p2a: Corviknight
|
|-weather|SunnyDay|[upkeep]
|upkeep
|
|t:|1759069221
|switch|p2a: Ambipom|Ambipom, F, shiny|100/100
|turn|3
|
|t:|1759069227
|-end|p1a: Ondulagua|Protosynthesis|[silent]
|switch|p1a: DA T U S K|Great Tusk|100/100
|-activate|p1a: DA T U S K|ability: Protosynthesis
|-start|p1a: DA T U S K|protosynthesisatk
|move|p2a: Ambipom|Fake Out|p1a: DA T U S K
|-damage|p1a: DA T U S K|79/100
|
|-weather|SunnyDay|[upkeep]
|upkeep
|turn|4
|
|t:|1759069231
|move|p2a: Ambipom|U-turn|p1a: DA T U S K
|-resisted|p1a: DA T U S K
|-damage|p1a: DA T U S K|73/100
|
|t:|1759069239
|switch|p2a: Dragonite|Dragonite, M, shiny|100/100|[from] U-turn
|move|p1a: DA T U S K|Rapid Spin|p2a: Dragonite
|-immune|p2a: Dragonite
|
|-weather|SunnyDay|[upkeep]
|upkeep
|turn|5
|
|t:|1759069249
|-end|p1a: DA T U S K|Protosynthesis|[silent]
|switch|p1a: Cosa de Lava|Heatran, F|100/100
|-item|p1a: Cosa de Lava|Air Balloon
|move|p2a: Dragonite|Nasty Plot|p2a: Dragonite
|-boost|p2a: Dragonite|spa|2
|
|-weather|SunnyDay|[upkeep]
|upkeep
|turn|6
|
|t:|1759069263
|move|p2a: Dragonite|Shadow Ball|p1a: Cosa de Lava
|-damage|p1a: Cosa de Lava|33/100
|-unboost|p1a: Cosa de Lava|spd|1
|-enditem|p1a: Cosa de Lava|Air Balloon
|move|p1a: Cosa de Lava|Magma Storm|p2a: Dragonite
|-enditem|p2a: Dragonite|Focus Sash
|-damage|p2a: Dragonite|1/100
|-activate|p2a: Dragonite|move: Magma Storm|[of] p1a: Cosa de Lava
|replace|p2a: Zoroark|Zoroark-Hisui, M, shiny
|-end|p2a: Zoroark|Illusion
|
|-weather|SunnyDay|[upkeep]
|-damage|p2a: Zoroark|0 fnt|[from] move: Magma Storm|[partiallytrapped]
|faint|p2a: Zoroark
|upkeep
|
|t:|1759069271
|switch|p2a: Ursaluna|Ursaluna, F, shiny|100/100 brn
|turn|7
|
|t:|1759069277
|move|p1a: Cosa de Lava|Stealth Rock|p2a: Ursaluna
|-sidestart|p2: ThatBrownBoy|move: Stealth Rock
|move|p2a: Ursaluna|Facade|p1a: Cosa de Lava
|-resisted|p1a: Cosa de Lava
|-damage|p1a: Cosa de Lava|0 fnt
|faint|p1a: Cosa de Lava
|
|-weather|SunnyDay|[upkeep]
|-damage|p2a: Ursaluna|94/100 brn|[from] brn
|upkeep
|
|t:|1759069287
|switch|p1a: Mi Amada <3|Lilligant-Hisui, F|100/100
|turn|8
|
|t:|1759069290
|-terastallize|p2a: Ursaluna|Steel
|move|p1a: Mi Amada <3|Triple Axel|p2a: Ursaluna
|-resisted|p2a: Ursaluna
|-damage|p2a: Ursaluna|91/100 brn
|-resisted|p2a: Ursaluna
|-damage|p2a: Ursaluna|85/100 brn
|-resisted|p2a: Ursaluna
|-damage|p2a: Ursaluna|75/100 brn
|-hitcount|p2a: Ursaluna|3
|-damage|p1a: Mi Amada <3|91/100|[from] item: Life Orb
|move|p2a: Ursaluna|Facade|p1a: Mi Amada <3
|-damage|p1a: Mi Amada <3|0 fnt
|faint|p1a: Mi Amada <3
|
|-weather|none
|-damage|p2a: Ursaluna|69/100 brn|[from] brn
|upkeep
|
|t:|1759069297
|switch|p1a: Ondulagua|Walking Wake|28/100
|turn|9
|
|t:|1759069303
|switch|p2a: Grimmsnarl|Grimmsnarl, M, shiny|100/100
|move|p1a: Ondulagua|Flamethrower|p2a: Grimmsnarl
|-damage|p2a: Grimmsnarl|47/100
|
|upkeep
|turn|10
|
|t:|1759069307
|move|p2a: Grimmsnarl|Fake Out|p1a: Ondulagua
|-damage|p1a: Ondulagua|13/100
|cant|p1a: Ondulagua|flinch
|
|upkeep
|turn|11
|
|t:|1759069311
|move|p2a: Grimmsnarl|Parting Shot|p1a: Ondulagua
|-unboost|p1a: Ondulagua|atk|1
|-unboost|p1a: Ondulagua|spa|1
|
|t:|1759069313
|switch|p2a: Dragonite|Dragonite, M, shiny|100/100|[from] Parting Shot
|move|p1a: Ondulagua|Flamethrower|p2a: Dragonite
|-resisted|p2a: Dragonite
|-damage|p2a: Dragonite|91/100
|
|upkeep
|turn|12
|
|t:|1759069317
|-end|p1a: Ondulagua|Protosynthesis|[silent]
|switch|p1a: DA T U S K|Great Tusk|73/100
|move|p2a: Dragonite|Dragon Dance|p2a: Dragonite
|-boost|p2a: Dragonite|atk|1
|-boost|p2a: Dragonite|spe|1
|
|upkeep
|turn|13
|
|t:|1759069321
|move|p2a: Dragonite|Ice Spinner|p1a: DA T U S K
|-supereffective|p1a: DA T U S K
|-damage|p1a: DA T U S K|7/100
|move|p1a: DA T U S K|Ice Spinner|p2a: Dragonite
|-supereffective|p2a: Dragonite
|-damage|p2a: Dragonite|0 fnt
|faint|p2a: Dragonite
|
|upkeep
|
|t:|1759069325
|switch|p2a: Grimmsnarl|Grimmsnarl, M, shiny|47/100
|turn|14
|
|t:|1759069328
|-end|p1a: DA T U S K|Protosynthesis|[silent]
|switch|p1a: Chujin|Ninetales, M, shiny|100/100
|-weather|SunnyDay|[from] ability: Drought|[of] p1a: Chujin
|move|p2a: Grimmsnarl|Fake Out|p1a: Chujin
|-damage|p1a: Chujin|78/100
|
|-weather|SunnyDay|[upkeep]
|upkeep
|turn|15
|
|t:|1759069332
|move|p2a: Grimmsnarl|Thunder Wave|p1a: Chujin
|-status|p1a: Chujin|par
|move|p1a: Chujin|Weather Ball|p2a: Grimmsnarl
|-damage|p2a: Grimmsnarl|0 fnt
|faint|p2a: Grimmsnarl
|
|-weather|SunnyDay|[upkeep]
|upkeep
|
|t:|1759069338
|switch|p2a: Ursaluna|Ursaluna, F, shiny, tera:Steel|69/100 brn
|-damage|p2a: Ursaluna|63/100 brn|[from] Stealth Rock
|turn|16
|
|t:|1759069340
|cant|p1a: Chujin|par
|move|p2a: Ursaluna|Facade|p1a: Chujin
|-damage|p1a: Chujin|0 fnt
|faint|p1a: Chujin
|
|-weather|SunnyDay|[upkeep]
|-damage|p2a: Ursaluna|57/100 brn|[from] brn
|upkeep
|
|t:|1759069346
|switch|p1a: DA T U S K|Great Tusk|7/100
|-activate|p1a: DA T U S K|ability: Protosynthesis
|-start|p1a: DA T U S K|protosynthesisatk
|turn|17
|
|t:|1759069351
|move|p1a: DA T U S K|Headlong Rush|p2a: Ursaluna
|-supereffective|p2a: Ursaluna
|-damage|p2a: Ursaluna|0 fnt
|-unboost|p1a: DA T U S K|def|1
|-unboost|p1a: DA T U S K|spd|1
|faint|p2a: Ursaluna
|
|-weather|SunnyDay|[upkeep]
|upkeep
|
|t:|1759069353
|switch|p2a: Ambipom|Ambipom, F, shiny|100/100
|-damage|p2a: Ambipom|88/100|[from] Stealth Rock
|turn|18
|
|t:|1759069355
|move|p2a: Ambipom|Fake Out|p1a: DA T U S K
|-damage|p1a: DA T U S K|0 fnt
|faint|p1a: DA T U S K
|-end|p1a: DA T U S K|Protosynthesis|[silent]
|
|-weather|SunnyDay|[upkeep]
|upkeep
|
|t:|1759069357
|switch|p1a: Ondulagua|Walking Wake|13/100
|-activate|p1a: Ondulagua|ability: Protosynthesis
|-start|p1a: Ondulagua|protosynthesisspa
|turn|19
|
|t:|1759069362
|move|p2a: Ambipom|Low Kick|p1a: Ondulagua
|-damage|p1a: Ondulagua|0 fnt
|faint|p1a: Ondulagua
|-end|p1a: Ondulagua|Protosynthesis|[silent]
|
|-weather|SunnyDay|[upkeep]
|upkeep
|
|t:|1759069364
|switch|p1a: Ferropolilla|Iron Moth|100/100
|-enditem|p1a: Ferropolilla|Booster Energy
|-activate|p1a: Ferropolilla|ability: Quark Drive|[fromitem]
|-start|p1a: Ferropolilla|quarkdrivespe
|turn|20
|
|t:|1759069370
|-terastallize|p1a: Ferropolilla|Ghost
|move|p1a: Ferropolilla|Fiery Dance|p2a: Ambipom
|-damage|p2a: Ambipom|0 fnt
|faint|p2a: Ambipom
|
|win|Kazuelasnt
|raw|Kazuelasnt's rating: 1468 &rarr; <strong>1485</strong><br />(+17 for winning)
|raw|ThatBrownBoy's rating: 1415 &rarr; <strong>1398</strong><br />(-17 for losing)
|l|☆ThatBrownBoy
|player|p2|
|l|☆Kazuelasnt
|player|p1|
