|j|☆almighty shiest
|j|☆ryan cowtinho
|t:|1758922291
|gametype|singles
|player|p1|almighty shiest|alec-anime|1629
|player|p2|ryan cowtinho|102|1576
|gen|9
|tier|[Gen 9] OU
|rated|
|rule|HP Percentage Mod: HP is shown in percentages
|rule|Endless Battle Clause: Forcing endless battles is banned
|rule|Species Clause: Limit one of each Pokémon
|rule|OHKO Clause: OHKO moves are banned
|rule|Evasion Items Clause: Evasion items are banned
|rule|Evasion Moves Clause: Evasion moves are banned
|rule|Evasion Abilities Clause: Evasion abilities are banned
|rule|Sleep Moves Clause: Sleep-inducing moves are banned
|clearpoke
|poke|p1|Blaziken, M|
|poke|p1|Raging Bolt|
|poke|p1|Landorus-Therian, M|
|poke|p1|Pecharunt|
|poke|p1|Hatterene, F|
|poke|p1|Darkrai|
|poke|p2|Landorus-Therian, M|
|poke|p2|Samurott-Hisui, F|
|poke|p2|Iron Crown|
|poke|p2|Zamazenta-*|
|poke|p2|Ogerpon-Wellspring, F|
|poke|p2|Dragapult, F|
|teampreview
|inactive|Battle timer is ON: inactive players will automatically lose when time's up. (requested by almighty shiest)
|
|t:|1758922321
|teamsize|p1|6
|teamsize|p2|6
|start
|switch|p1a: Darkrai|Darkrai|100/100
|switch|p2a: Landorus|Landorus-Therian, M|100/100
|-ability|p2a: Landorus|Intimidate|boost
|-unboost|p1a: Darkrai|atk|1
|turn|1
|
|t:|1758922328
|switch|p2a: Samurott|Samurott-Hisui, F|100/100
|move|p1a: Darkrai|Nasty Plot|p1a: Darkrai
|-boost|p1a: Darkrai|spa|2
|
|upkeep
|turn|2
|
|t:|1758922335
|move|p1a: Darkrai|Focus Blast|p2a: Samurott
|-supereffective|p2a: Samurott
|-damage|p2a: Samurott|0 fnt
|faint|p2a: Samurott
|
|upkeep
|
|t:|1758922338
|switch|p2a: Zamazenta|Zamazenta|100/100
|-ability|p2a: Zamazenta|Dauntless Shield|boost
|-boost|p2a: Zamazenta|def|1
|turn|3
|
|t:|1758922344
|switch|p1a: Landorus|Landorus-Therian, M|100/100
|-ability|p1a: Landorus|Intimidate|boost
|-unboost|p2a: Zamazenta|atk|1
|move|p2a: Zamazenta|Body Press|p1a: Landorus
|-resisted|p1a: Landorus
|-damage|p1a: Landorus|77/100
|-damage|p2a: Zamazenta|84/100|[from] item: Rocky Helmet|[of] p1a: Landorus
|
|-heal|p2a: Zamazenta|90/100|[from] item: Leftovers
|upkeep
|turn|4
|
|t:|1758922354
|switch|p2a: Ogerpon|Ogerpon-Wellspring, F|100/100
|move|p1a: Landorus|U-turn|p2a: Ogerpon
|-supereffective|p2a: Ogerpon
|-damage|p2a: Ogerpon|39/100
|
|t:|1758922366
|switch|p1a: Darkrai|Darkrai|100/100|[from] U-turn
|
|upkeep
|turn|5
|
|t:|1758922372
|-terastallize|p2a: Ogerpon|Water
|detailschange|p2a: Ogerpon|Ogerpon-Wellspring-Tera, F, tera:Water
|-ability|p2a: Ogerpon|Embody Aspect (Wellspring)|boost
|-boost|p2a: Ogerpon|spd|1
|move|p1a: Darkrai|Dark Pulse|p2a: Ogerpon
|-damage|p2a: Ogerpon|3/100
|move|p2a: Ogerpon|Ivy Cudgel|p1a: Darkrai|[anim] Ivy Cudgel Water
|-damage|p1a: Darkrai|0 fnt
|faint|p1a: Darkrai
|
|upkeep
|
|t:|1758922385
|switch|p1a: Blaziken|Blaziken, M, shiny|100/100
|turn|6
|
|t:|1758922389
|switch|p2a: Landorus|Landorus-Therian, M|100/100
|-ability|p2a: Landorus|Intimidate|boost
|-unboost|p1a: Blaziken|atk|1
|move|p1a: Blaziken|Protect||[still]
|-fail|p1a: Blaziken
|
|-ability|p1a: Blaziken|Speed Boost|boost
|-boost|p1a: Blaziken|spe|1
|upkeep
|turn|7
|
|t:|1758922398
|switch|p1a: Pecharunt|Pecharunt|100/100
|-item|p1a: Pecharunt|Air Balloon
|move|p2a: Landorus|Earth Power|p1a: Pecharunt
|-immune|p1a: Pecharunt
|
|upkeep
|turn|8
|
|t:|1758922407
|move|p2a: Landorus|Stealth Rock|p1a: Pecharunt
|-sidestart|p1: almighty shiest|move: Stealth Rock
|move|p1a: Pecharunt|Parting Shot|p2a: Landorus
|-unboost|p2a: Landorus|atk|1
|-unboost|p2a: Landorus|spa|1
|
|t:|1758922415
|switch|p1a: Landorus|Landorus-Therian, M|77/100|[from] Parting Shot
|-damage|p1a: Landorus|64/100|[from] Stealth Rock
|-ability|p1a: Landorus|Intimidate|boost
|-unboost|p2a: Landorus|atk|1
|
|upkeep
|turn|9
|
|t:|1758922422
|move|p2a: Landorus|U-turn|p1a: Landorus
|-resisted|p1a: Landorus
|-damage|p1a: Landorus|59/100
|-damage|p2a: Landorus|84/100|[from] item: Rocky Helmet|[of] p1a: Landorus
|
|t:|1758922426
|switch|p2a: Dragapult|Dragapult, F|100/100|[from] U-turn
|move|p1a: Landorus|Stealth Rock|p2a: Dragapult
|-sidestart|p2: ryan cowtinho|move: Stealth Rock
|
|upkeep
|turn|10
|
|t:|1758922433
|move|p2a: Dragapult|Hex|p1a: Landorus
|-damage|p1a: Landorus|28/100
|move|p1a: Landorus|Earthquake|p2a: Dragapult
|-damage|p2a: Dragapult|34/100
|
|upkeep
|turn|11
|
|t:|1758922440
|move|p2a: Dragapult|Hex|p1a: Landorus
|-damage|p1a: Landorus|0 fnt
|faint|p1a: Landorus
|
|upkeep
|
|t:|1758922448
|switch|p1a: Hatterene|Hatterene, F|100/100
|-damage|p1a: Hatterene|88/100|[from] Stealth Rock
|turn|12
|
|t:|1758922453
|switch|p2a: Iron Crown|Iron Crown|100/100
|-damage|p2a: Iron Crown|94/100|[from] Stealth Rock
|move|p1a: Hatterene|Draining Kiss|p2a: Iron Crown
|-resisted|p2a: Iron Crown
|-damage|p2a: Iron Crown|81/100
|-heal|p1a: Hatterene|98/100|[from] drain|[of] p2a: Iron Crown
|
|upkeep
|turn|13
|
|t:|1758922474
|move|p2a: Iron Crown|Tachyon Cutter|p1a: Hatterene
|-supereffective|p1a: Hatterene
|-damage|p1a: Hatterene|52/100
|-supereffective|p1a: Hatterene
|-damage|p1a: Hatterene|3/100
|-hitcount|p1a: Hatterene|2
|move|p1a: Hatterene|Mystical Fire|p2a: Iron Crown
|-supereffective|p2a: Iron Crown
|-damage|p2a: Iron Crown|32/100
|-unboost|p2a: Iron Crown|spa|1
|
|upkeep
|turn|14
|
|t:|1758922483
|move|p2a: Iron Crown|Tachyon Cutter|p1a: Hatterene
|-supereffective|p1a: Hatterene
|-damage|p1a: Hatterene|0 fnt
|faint|p1a: Hatterene
|-hitcount|p1: Hatterene|1
|
|upkeep
|
|t:|1758922488
|switch|p1a: Blaziken|Blaziken, M, shiny|100/100
|-damage|p1a: Blaziken|88/100|[from] Stealth Rock
|turn|15
|
|t:|1758922493
|move|p2a: Iron Crown|Tachyon Cutter|p1a: Blaziken
|-resisted|p1a: Blaziken
|-damage|p1a: Blaziken|68/100
|-resisted|p1a: Blaziken
|-damage|p1a: Blaziken|48/100
|-hitcount|p1a: Blaziken|2
|move|p1a: Blaziken|Swords Dance|p1a: Blaziken
|-boost|p1a: Blaziken|atk|2
|
|-heal|p1a: Blaziken|54/100|[from] item: Leftovers
|-ability|p1a: Blaziken|Speed Boost|boost
|-boost|p1a: Blaziken|spe|1
|upkeep
|turn|16
|
|t:|1758922516
|move|p1a: Blaziken|Swords Dance|p1a: Blaziken
|-boost|p1a: Blaziken|atk|2
|move|p2a: Iron Crown|Tachyon Cutter|p1a: Blaziken
|-resisted|p1a: Blaziken
|-damage|p1a: Blaziken|34/100
|-resisted|p1a: Blaziken
|-damage|p1a: Blaziken|14/100
|-hitcount|p1a: Blaziken|2
|
|-heal|p1a: Blaziken|20/100|[from] item: Leftovers
|-ability|p1a: Blaziken|Speed Boost|boost
|-boost|p1a: Blaziken|spe|1
|upkeep
|turn|17
|
|t:|1758922529
|move|p1a: Blaziken|Close Combat|p2a: Iron Crown
|-damage|p2a: Iron Crown|0 fnt
|-unboost|p1a: Blaziken|def|1
|-unboost|p1a: Blaziken|spd|1
|faint|p2a: Iron Crown
|-end|p2a: Iron Crown|Quark Drive|[silent]
|
|-heal|p1a: Blaziken|26/100|[from] item: Leftovers
|-ability|p1a: Blaziken|Speed Boost|boost
|-boost|p1a: Blaziken|spe|1
|upkeep
|
|t:|1758922534
|switch|p2a: Landorus|Landorus-Therian, M|84/100
|-damage|p2a: Landorus|72/100|[from] Stealth Rock
|-ability|p2a: Landorus|Intimidate|boost
|-unboost|p1a: Blaziken|atk|1
|turn|18
|
|t:|1758922545
|switch|p2a: Ogerpon|Ogerpon-Wellspring-Tera, F, tera:Water|3/100
|-damage|p2a: Ogerpon|0 fnt|[from] Stealth Rock
|faint|p2a: Ogerpon
|detailschange|p2: Ogerpon|Ogerpon-Wellspring, F|[silent]
|move|p1a: Blaziken|Protect||[still]
|-fail|p1a: Blaziken
|
|-heal|p1a: Blaziken|32/100|[from] item: Leftovers
|-ability|p1a: Blaziken|Speed Boost|boost
|-boost|p1a: Blaziken|spe|1
|upkeep
|
|t:|1758922550
|switch|p2a: Landorus|Landorus-Therian, M|72/100
|-damage|p2a: Landorus|59/100|[from] Stealth Rock
|-ability|p2a: Landorus|Intimidate|boost
|-unboost|p1a: Blaziken|atk|1
|turn|19
|
|t:|1758922560
|switch|p2a: Dragapult|Dragapult, F|34/100
|move|p1a: Blaziken|Close Combat|p2a: Dragapult
|-immune|p2a: Dragapult
|
|-heal|p1a: Blaziken|38/100|[from] item: Leftovers
|-ability|p1a: Blaziken|Speed Boost|boost
|-boost|p1a: Blaziken|spe|1
|upkeep
|turn|20
|
|t:|1758922570
|move|p1a: Blaziken|Flare Blitz|p2a: Dragapult
|-resisted|p2a: Dragapult
|-damage|p2a: Dragapult|0 fnt
|faint|p2a: Dragapult
|-damage|p1a: Blaziken|26/100|[from] Recoil
|
|-heal|p1a: Blaziken|32/100|[from] item: Leftovers
|-ability|p1a: Blaziken|Speed Boost|boost
|-boost|p1a: Blaziken|spe|1
|upkeep
|
|t:|1758922573
|switch|p2a: Landorus|Landorus-Therian, M|59/100
|-damage|p2a: Landorus|47/100|[from] Stealth Rock
|-ability|p2a: Landorus|Intimidate|boost
|-unboost|p1a: Blaziken|atk|1
|turn|21
|
|t:|1758922586
|move|p1a: Blaziken|Flare Blitz|p2a: Landorus
|-damage|p2a: Landorus|0 fnt
|-damage|p1a: Blaziken|16/100|[from] item: Rocky Helmet|[of] p2a: Landorus
|faint|p2a: Landorus
|-damage|p1a: Blaziken|0 fnt|[from] Recoil
|faint|p1a: Blaziken
|
|upkeep
|
|t:|1758922606
|switch|p2a: Zamazenta|Zamazenta|90/100
|switch|p1a: Pecharunt|Pecharunt|100/100
|-damage|p2a: Zamazenta|84/100|[from] Stealth Rock
|-damage|p1a: Pecharunt|88/100|[from] Stealth Rock
|-item|p1a: Pecharunt|Air Balloon
|turn|22
|
|t:|1758922612
|move|p2a: Zamazenta|Crunch|p1a: Pecharunt
|-supereffective|p1a: Pecharunt
|-damage|p1a: Pecharunt|68/100
|-enditem|p1a: Pecharunt|Air Balloon
|move|p1a: Pecharunt|Malignant Chain|p2a: Zamazenta
|-damage|p2a: Zamazenta|59/100
|-status|p2a: Zamazenta|tox
|-start|p2a: Zamazenta|confusion|[from] ability: Poison Puppeteer|[of] p1a: Pecharunt
|
|-heal|p2a: Zamazenta|65/100 tox|[from] item: Leftovers
|-damage|p2a: Zamazenta|59/100 tox|[from] psn
|upkeep
|turn|23
|-message|ryan cowtinho forfeited.
|
|win|almighty shiest
|raw|almighty shiest's rating: 1629 &rarr; <strong>1646</strong><br />(+17 for winning)
|raw|ryan cowtinho's rating: 1576 &rarr; <strong>1559</strong><br />(-17 for losing)
|l|☆ryan cowtinho
|player|p2|
