|j|☆lyn.capalott
|j|☆Psycchan
|t:|1758947226
|gametype|singles
|player|p1|lyn.capalott|169|1053
|player|p2|Psycchan|dawn-gen4pt|1124
|gen|9
|tier|[Gen 9] OU
|rated|
|rule|HP Percentage Mod: HP is shown in percentages
|rule|Endless Battle Clause: Forcing endless battles is banned
|rule|Species Clause: Limit one of each Pokémon
|rule|OHKO Clause: OHKO moves are banned
|rule|Evasion Items Clause: Evasion items are banned
|rule|Evasion Moves Clause: Evasion moves are banned
|rule|Evasion Abilities Clause: Evasion abilities are banned
|rule|Sleep Moves Clause: Sleep-inducing moves are banned
|clearpoke
|poke|p1|Toxapex, F|
|poke|p1|Zoroark-Hisui, M|
|poke|p1|Lucario, F|
|poke|p1|Delphox, F|
|poke|p1|Raichu, M|
|poke|p1|Grimmsnarl, M|
|poke|p2|Gliscor, M|
|poke|p2|Corviknight, F|
|poke|p2|Clodsire, M|
|poke|p2|Gholdengo|
|poke|p2|Primarina, F|
|poke|p2|Weavile, M|
|teampreview
|
|t:|1758947239
|teamsize|p1|6
|teamsize|p2|6
|start
|switch|p1a: Grimmsnarl|Grimmsnarl, M, shiny|100/100
|switch|p2a: Gamzee|Gliscor, M|100/100
|turn|1
|
|t:|1758947259
|move|p1a: Grimmsnarl|Nasty Plot|p1a: Grimmsnarl
|-boost|p1a: Grimmsnarl|spa|2
|move|p2a: Gamzee|Stealth Rock|p1a: Grimmsnarl
|-sidestart|p1: lyn.capalott|move: Stealth Rock
|
|-status|p2a: Gamzee|tox|[from] item: Toxic Orb
|upkeep
|turn|2
|
|t:|1758947272
|move|p1a: Grimmsnarl|Nasty Plot|p1a: Grimmsnarl
|-boost|p1a: Grimmsnarl|spa|2
|move|p2a: Gamzee|Toxic|p1a: Grimmsnarl
|-status|p1a: Grimmsnarl|tox
|
|-damage|p1a: Grimmsnarl|95/100 tox|[from] psn
|upkeep
|turn|3
|
|t:|1758947280
|switch|p2a: Becquerel|Clodsire, M|100/100
|move|p1a: Grimmsnarl|Shadow Ball|p2a: Becquerel
|-damage|p2a: Becquerel|78/100
|
|-heal|p1a: Grimmsnarl|100/100 tox|[from] item: Leftovers
|-damage|p1a: Grimmsnarl|89/100 tox|[from] psn
|upkeep
|turn|4
|
|t:|1758947290
|move|p1a: Grimmsnarl|U-turn|p2a: Becquerel
|-resisted|p2a: Becquerel
|-damage|p2a: Becquerel|69/100
|
|t:|1758947300
|switch|p1a: Raichu|Raichu, M, shiny|100/100|[from] U-turn
|-damage|p1a: Raichu|88/100|[from] Stealth Rock
|-item|p1a: Raichu|Air Balloon
|move|p2a: Becquerel|Amnesia|p2a: Becquerel
|-boost|p2a: Becquerel|spd|2
|
|upkeep
|turn|5
|
|t:|1758947315
|move|p1a: Raichu|Surf|p2a: Becquerel
|-supereffective|p2a: Becquerel
|-damage|p2a: Becquerel|56/100
|move|p2a: Becquerel|Recover|p2a: Becquerel
|-heal|p2a: Becquerel|100/100
|
|upkeep
|turn|6
|
|t:|1758947344
|move|p1a: Raichu|Surf|p2a: Becquerel
|-supereffective|p2a: Becquerel
|-damage|p2a: Becquerel|88/100
|move|p2a: Becquerel|Toxic|p1a: Raichu
|-status|p1a: Raichu|tox
|
|-damage|p1a: Raichu|82/100 tox|[from] psn
|upkeep
|turn|7
|
|t:|1758947374
|switch|p1a: Toxapex|Toxapex, F|100/100
|-damage|p1a: Toxapex|88/100|[from] Stealth Rock
|move|p2a: Becquerel|Amnesia|p2a: Becquerel
|-boost|p2a: Becquerel|spd|2
|
|-heal|p1a: Toxapex|94/100|[from] item: Black Sludge
|upkeep
|turn|8
|
|t:|1758947391
|move|p1a: Toxapex|Liquidation|p2a: Becquerel
|-supereffective|p2a: Becquerel
|-damage|p2a: Becquerel|40/100
|move|p2a: Becquerel|Earthquake|p1a: Toxapex
|-supereffective|p1a: Toxapex
|-damage|p1a: Toxapex|61/100
|
|-heal|p1a: Toxapex|67/100|[from] item: Black Sludge
|upkeep
|turn|9
|
|t:|1758947424
|switch|p2a: Nannasprite|Gholdengo|100/100
|move|p1a: Toxapex|Liquidation|p2a: Nannasprite
|-damage|p2a: Nannasprite|84/100
|-unboost|p2a: Nannasprite|def|1
|
|-heal|p2a: Nannasprite|90/100|[from] item: Leftovers
|-heal|p1a: Toxapex|72/100|[from] item: Black Sludge
|upkeep
|turn|10
|
|t:|1758947436
|move|p1a: Toxapex|Baneful Bunker|p1a: Toxapex
|-singleturn|p1a: Toxapex|move: Protect
|move|p2a: Nannasprite|Thunder Wave|p1a: Toxapex
|-activate|p1a: Toxapex|move: Protect
|
|-heal|p2a: Nannasprite|96/100|[from] item: Leftovers
|-heal|p1a: Toxapex|78/100|[from] item: Black Sludge
|upkeep
|turn|11
|
|t:|1758947455
|switch|p1a: Raichu|Raichu, M, shiny|82/100 tox
|-damage|p1a: Raichu|70/100 tox|[from] Stealth Rock
|-item|p1a: Raichu|Air Balloon
|move|p2a: Nannasprite|Thunder Wave|p1a: Raichu
|-ability|p1a: Raichu|Lightning Rod|boost
|-boost|p1a: Raichu|spa|1
|
|-heal|p2a: Nannasprite|100/100|[from] item: Leftovers
|-damage|p1a: Raichu|64/100 tox|[from] psn
|upkeep
|turn|12
|
|t:|1758947476
|move|p1a: Raichu|Nuzzle|p2a: Nannasprite
|-damage|p2a: Nannasprite|94/100
|-status|p2a: Nannasprite|par
|move|p2a: Nannasprite|Hex|p1a: Raichu
|-damage|p1a: Raichu|0 fnt
|-enditem|p1a: Raichu|Air Balloon
|faint|p1a: Raichu
|
|-heal|p2a: Nannasprite|99/100 par|[from] item: Leftovers
|upkeep
|
|t:|1758947496
|switch|p1a: Grimmsnarl|Grimmsnarl, M, shiny|89/100 tox
|-damage|p1a: Grimmsnarl|76/100 tox|[from] Stealth Rock
|turn|13
|
|t:|1758947514
|switch|p2a: Jade Harley|Primarina, F|100/100
|move|p1a: Grimmsnarl|Focus Blast|p2a: Jade Harley
|-resisted|p2a: Jade Harley
|-damage|p2a: Jade Harley|84/100
|
|-heal|p1a: Grimmsnarl|82/100 tox|[from] item: Leftovers
|-heal|p2a: Jade Harley|90/100|[from] item: Leftovers
|-damage|p1a: Grimmsnarl|76/100 tox|[from] psn
|upkeep
|turn|14
|
|t:|1758947548
|move|p1a: Grimmsnarl|Nasty Plot|p1a: Grimmsnarl
|-boost|p1a: Grimmsnarl|spa|2
|move|p2a: Jade Harley|Calm Mind|p2a: Jade Harley
|-boost|p2a: Jade Harley|spa|1
|-boost|p2a: Jade Harley|spd|1
|
|-heal|p1a: Grimmsnarl|82/100 tox|[from] item: Leftovers
|-heal|p2a: Jade Harley|96/100|[from] item: Leftovers
|-damage|p1a: Grimmsnarl|70/100 tox|[from] psn
|upkeep
|turn|15
|
|t:|1758947560
|move|p1a: Grimmsnarl|Shadow Ball|p2a: Jade Harley
|-damage|p2a: Jade Harley|49/100
|move|p2a: Jade Harley|Draining Kiss|p1a: Grimmsnarl
|-damage|p1a: Grimmsnarl|6/100 tox
|-heal|p2a: Jade Harley|82/100|[from] drain|[of] p1a: Grimmsnarl
|replace|p1a: Zoroark|Zoroark-Hisui, M, shiny
|-end|p1a: Zoroark|Illusion
|
|-heal|p1a: Zoroark|12/100 tox|[from] item: Leftovers
|-heal|p2a: Jade Harley|88/100|[from] item: Leftovers
|-damage|p1a: Zoroark|0 fnt|[from] psn
|faint|p1a: Zoroark
|upkeep
|
|t:|1758947578
|switch|p1a: Lucario|Lucario, F|100/100
|-damage|p1a: Lucario|98/100|[from] Stealth Rock
|turn|16
|
|t:|1758947601
|switch|p2a: Nannasprite|Gholdengo|99/100 par
|move|p1a: Lucario|Nasty Plot|p1a: Lucario
|-boost|p1a: Lucario|spa|2
|
|-heal|p2a: Nannasprite|100/100 par|[from] item: Leftovers
|upkeep
|turn|17
|
|t:|1758947631
|switch|p1a: Toxapex|Toxapex, F|100/100
|-damage|p1a: Toxapex|88/100|[from] Stealth Rock
|move|p2a: Nannasprite|Thunder Wave|p1a: Toxapex
|-status|p1a: Toxapex|par
|
|-heal|p1a: Toxapex|94/100 par|[from] item: Black Sludge
|upkeep
|turn|18
|
|t:|1758947657
|move|p1a: Toxapex|Baneful Bunker|p1a: Toxapex
|-singleturn|p1a: Toxapex|move: Protect
|cant|p2a: Nannasprite|par
|
|-heal|p1a: Toxapex|99/100 par|[from] item: Black Sludge
|upkeep
|turn|19
|
|t:|1758947671
|cant|p2a: Nannasprite|par
|move|p1a: Toxapex|Liquidation|p2a: Nannasprite
|-damage|p2a: Nannasprite|86/100 par
|
|-heal|p2a: Nannasprite|93/100 par|[from] item: Leftovers
|-heal|p1a: Toxapex|100/100 par|[from] item: Black Sludge
|upkeep
|turn|20
|
|t:|1758947684
|move|p1a: Toxapex|Baneful Bunker|p1a: Toxapex
|-singleturn|p1a: Toxapex|move: Protect
|cant|p2a: Nannasprite|par
|
|-heal|p2a: Nannasprite|99/100 par|[from] item: Leftovers
|upkeep
|turn|21
|
|t:|1758947702
|switch|p1a: Delphox|Delphox, F, shiny|100/100
|-damage|p1a: Delphox|76/100|[from] Stealth Rock
|cant|p2a: Nannasprite|par
|
|-heal|p2a: Nannasprite|100/100 par|[from] item: Leftovers
|upkeep
|turn|22
|
|t:|1758947715
|move|p1a: Delphox|Flamethrower|p2a: Nannasprite
|-supereffective|p2a: Nannasprite
|-damage|p2a: Nannasprite|0 fnt
|faint|p2a: Nannasprite
|
|upkeep
|
|t:|1758947726
|switch|p2a: Gamzee|Gliscor, M|100/100 tox
|turn|23
|
|t:|1758947737
|switch|p1a: Toxapex|Toxapex, F|100/100 par
|-damage|p1a: Toxapex|88/100 par|[from] Stealth Rock
|move|p2a: Gamzee|Knock Off|p1a: Toxapex
|-crit|p1a: Toxapex
|-damage|p1a: Toxapex|69/100 par
|-enditem|p1a: Toxapex|Black Sludge|[from] move: Knock Off|[of] p2a: Gamzee
|
|upkeep
|turn|24
|
|t:|1758947749
|switch|p2a: Becquerel|Clodsire, M|40/100
|move|p1a: Toxapex|Recover|p1a: Toxapex
|-heal|p1a: Toxapex|100/100 par
|
|upkeep
|turn|25
|
|t:|1758947758
|move|p2a: Becquerel|Recover|p2a: Becquerel
|-heal|p2a: Becquerel|91/100
|move|p1a: Toxapex|Liquidation|p2a: Becquerel
|-supereffective|p2a: Becquerel
|-damage|p2a: Becquerel|43/100
|
|upkeep
|turn|26
|
|t:|1758947767
|move|p2a: Becquerel|Recover|p2a: Becquerel
|-heal|p2a: Becquerel|94/100
|cant|p1a: Toxapex|par
|
|upkeep
|turn|27
|
|t:|1758947773
|switch|p2a: Jade Harley|Primarina, F|88/100
|move|p1a: Toxapex|Liquidation|p2a: Jade Harley
|-resisted|p2a: Jade Harley
|-damage|p2a: Jade Harley|79/100
|
|-heal|p2a: Jade Harley|85/100|[from] item: Leftovers
|upkeep
|turn|28
|
|t:|1758947806
|move|p1a: Toxapex|Baneful Bunker|p1a: Toxapex
|-singleturn|p1a: Toxapex|move: Protect
|move|p2a: Jade Harley|Energy Ball|p1a: Toxapex
|-activate|p1a: Toxapex|move: Protect
|
|-heal|p2a: Jade Harley|91/100|[from] item: Leftovers
|upkeep
|turn|29
|
|t:|1758947818
|move|p2a: Jade Harley|Energy Ball|p1a: Toxapex
|-damage|p1a: Toxapex|80/100 par
|move|p1a: Toxapex|Poison Jab|p2a: Jade Harley
|-supereffective|p2a: Jade Harley
|-damage|p2a: Jade Harley|58/100
|
|-heal|p2a: Jade Harley|65/100|[from] item: Leftovers
|upkeep
|turn|30
|
|t:|1758947856
|switch|p2a: Kanaya|Corviknight, F|100/100
|-ability|p2a: Kanaya|Pressure
|move|p1a: Toxapex|Poison Jab|p2a: Kanaya
|-immune|p2a: Kanaya
|
|upkeep
|turn|31
|
|t:|1758947866
|cant|p1a: Toxapex|par
|move|p2a: Kanaya|Iron Defense|p2a: Kanaya
|-boost|p2a: Kanaya|def|2
|
|upkeep
|turn|32
|
|t:|1758947878
|switch|p1a: Delphox|Delphox, F, shiny|76/100
|-damage|p1a: Delphox|51/100|[from] Stealth Rock
|move|p2a: Kanaya|Iron Defense|p2a: Kanaya
|-boost|p2a: Kanaya|def|2
|
|upkeep
|turn|33
|
|t:|1758947892
|switch|p2a: Becquerel|Clodsire, M|94/100
|move|p1a: Delphox|Flamethrower|p2a: Becquerel
|-damage|p2a: Becquerel|70/100
|
|upkeep
|turn|34
|
|t:|1758947899
|move|p1a: Delphox|Wish|p1a: Delphox
|move|p2a: Becquerel|Earthquake|p1a: Delphox
|-supereffective|p1a: Delphox
|-damage|p1a: Delphox|0 fnt
|faint|p1a: Delphox
|
|upkeep
|
|t:|1758947906
|switch|p1a: Toxapex|Toxapex, F|100/100 par
|-damage|p1a: Toxapex|88/100 par|[from] Stealth Rock
|turn|35
|
|t:|1758947911
|switch|p2a: Kanaya|Corviknight, F|100/100
|-ability|p2a: Kanaya|Pressure
|move|p1a: Toxapex|Liquidation|p2a: Kanaya
|-damage|p2a: Kanaya|89/100
|-unboost|p2a: Kanaya|def|1
|-damage|p1a: Toxapex|72/100 par|[from] item: Rocky Helmet|[of] p2a: Kanaya
|
|-heal|p1a: Toxapex|100/100 par|[from] move: Wish|[wisher] Delphox
|upkeep
|turn|36
|
|t:|1758947926
|move|p1a: Toxapex|Baneful Bunker|p1a: Toxapex
|-singleturn|p1a: Toxapex|move: Protect
|move|p2a: Kanaya|Iron Defense|p2a: Kanaya
|-boost|p2a: Kanaya|def|2
|
|upkeep
|turn|37
|
|t:|1758947935
|switch|p1a: Lucario|Lucario, F|98/100
|-damage|p1a: Lucario|95/100|[from] Stealth Rock
|move|p2a: Kanaya|Iron Defense|p2a: Kanaya
|-boost|p2a: Kanaya|def|2
|
|upkeep
|turn|38
|
|t:|1758947942
|move|p1a: Lucario|Aura Sphere|p2a: Kanaya
|-damage|p2a: Kanaya|49/100
|move|p2a: Kanaya|Body Press|p1a: Lucario
|-supereffective|p1a: Lucario
|-damage|p1a: Lucario|0 fnt
|faint|p1a: Lucario
|
|upkeep
|
|t:|1758947972
|switch|p1a: Toxapex|Toxapex, F|100/100 par
|-damage|p1a: Toxapex|88/100 par|[from] Stealth Rock
|turn|39
|
|t:|1758947977
|cant|p1a: Toxapex|par
|move|p2a: Kanaya|Roost|p2a: Kanaya
|-heal|p2a: Kanaya|99/100
|-singleturn|p2a: Kanaya|move: Roost
|
|upkeep
|turn|40
|
|t:|1758947986
|move|p2a: Kanaya|Iron Defense|p2a: Kanaya
|-boost|p2a: Kanaya|def|2
|move|p1a: Toxapex|Recover|p1a: Toxapex
|-heal|p1a: Toxapex|100/100 par
|
|upkeep
|turn|41
|
|t:|1758948002
|move|p1a: Toxapex|Baneful Bunker|p1a: Toxapex
|-singleturn|p1a: Toxapex|move: Protect
|move|p2a: Kanaya|Iron Defense|p2a: Kanaya
|-boost|p2a: Kanaya|def|1
|
|upkeep
|turn|42
|c|☆lyn.capalott|im cooked lol
|
|t:|1758948042
|move|p1a: Toxapex|Baneful Bunker||[still]
|-fail|p1a: Toxapex
|move|p2a: Kanaya|Body Press|p1a: Toxapex
|-resisted|p1a: Toxapex
|-damage|p1a: Toxapex|69/100 par
|
|upkeep
|turn|43
|c|☆Psycchan|i dont rly have a good answer for tox but
|
|t:|1758948065
|move|p2a: Kanaya|Body Press|p1a: Toxapex
|-resisted|p1a: Toxapex
|-damage|p1a: Toxapex|36/100 par
|move|p1a: Toxapex|Recover|p1a: Toxapex
|-heal|p1a: Toxapex|86/100 par
|
|upkeep
|turn|44
|c|☆Psycchan|its coming along lol
|c|☆lyn.capalott|yeah and i cant do much damage
|
|t:|1758948109
|cant|p1a: Toxapex|par
|move|p2a: Kanaya|Body Press|p1a: Toxapex
|-resisted|p1a: Toxapex
|-damage|p1a: Toxapex|55/100 par
|
|upkeep
|turn|45
|c|☆Psycchan|yeah
|
|t:|1758948122
|move|p1a: Toxapex|Baneful Bunker|p1a: Toxapex
|-singleturn|p1a: Toxapex|move: Protect
|move|p2a: Kanaya|Body Press|p1a: Toxapex
|-activate|p1a: Toxapex|move: Protect
|
|upkeep
|turn|46
|
|t:|1758948129
|move|p2a: Kanaya|Body Press|p1a: Toxapex
|-resisted|p1a: Toxapex
|-damage|p1a: Toxapex|21/100 par
|move|p1a: Toxapex|Liquidation|p2a: Kanaya
|-damage|p2a: Kanaya|96/100
|-damage|p1a: Toxapex|5/100 par|[from] item: Rocky Helmet|[of] p2a: Kanaya
|
|upkeep
|turn|47
|
|t:|1758948139
|move|p1a: Toxapex|Baneful Bunker|p1a: Toxapex
|-singleturn|p1a: Toxapex|move: Protect
|move|p2a: Kanaya|Body Press|p1a: Toxapex
|-activate|p1a: Toxapex|move: Protect
|
|upkeep
|turn|48
|
|t:|1758948146
|switch|p1a: Grimmsnarl|Grimmsnarl, M, shiny|100/100
|-damage|p1a: Grimmsnarl|88/100|[from] Stealth Rock
|move|p2a: Kanaya|Body Press|p1a: Grimmsnarl
|-damage|p1a: Grimmsnarl|0 fnt
|faint|p1a: Grimmsnarl
|
|upkeep
|
|t:|1758948155
|switch|p1a: Toxapex|Toxapex, F|38/100 par
|-damage|p1a: Toxapex|26/100 par|[from] Stealth Rock
|turn|49
|
|t:|1758948162
|move|p2a: Kanaya|Body Press|p1a: Toxapex
|-resisted|p1a: Toxapex
|-damage|p1a: Toxapex|0 fnt
|faint|p1a: Toxapex
|
|win|Psycchan
|raw|lyn.capalott's rating: 1053 &rarr; <strong>1039</strong><br />(-14 for losing)
|raw|Psycchan's rating: 1124 &rarr; <strong>1144</strong><br />(+20 for winning)
|c|☆Psycchan|ggwp
|c|☆lyn.capalott|gg
|l|☆Psycchan
|player|p2|
|l|☆lyn.capalott
|player|p1|
