|j|☆frogwithaknife
|j|☆xc03
|t:|1758964701
|gametype|singles
|player|p1|frogwithaknife|adaman|1466
|player|p2|xc03|1|1478
|gen|9
|tier|[Gen 9] OU
|rated|
|rule|HP Percentage Mod: HP is shown in percentages
|rule|Endless Battle Clause: Forcing endless battles is banned
|rule|Species Clause: Limit one of each Pokémon
|rule|OHKO Clause: OHKO moves are banned
|rule|Evasion Items Clause: Evasion items are banned
|rule|Evasion Moves Clause: Evasion moves are banned
|rule|Evasion Abilities Clause: Evasion abilities are banned
|rule|Sleep Moves Clause: Sleep-inducing moves are banned
|clearpoke
|poke|p1|Kommo-o, F|
|poke|p1|Iron Moth|
|poke|p1|Iron Treads|
|poke|p1|Ogerpon-Wellspring, F|
|poke|p1|Primarina, F|
|poke|p1|Metagross|
|poke|p2|Suicune|
|poke|p2|Alomomola, F|
|poke|p2|Great Tusk|
|poke|p2|Clefable, F|
|poke|p2|Raging Bolt|
|poke|p2|Scizor, M|
|teampreview
|inactive|Battle timer is ON: inactive players will automatically lose when time's up. (requested by xc03)
|
|t:|1758964716
|teamsize|p1|6
|teamsize|p2|6
|start
|switch|p1a: Iron Treads|Iron Treads|100/100
|switch|p2a: Great Tusk|Great Tusk|100/100
|-enditem|p1a: Iron Treads|Booster Energy
|-activate|p1a: Iron Treads|ability: Quark Drive|[fromitem]
|-start|p1a: Iron Treads|quarkdrivespe
|turn|1
|j| uuytffghhh
|
|t:|1758964734
|move|p1a: Iron Treads|Stealth Rock|p2a: Great Tusk
|-sidestart|p2: xc03|move: Stealth Rock
|move|p2a: Great Tusk|Headlong Rush|p1a: Iron Treads
|-supereffective|p1a: Iron Treads
|-damage|p1a: Iron Treads|0 fnt
|-unboost|p2a: Great Tusk|def|1
|-unboost|p2a: Great Tusk|spd|1
|faint|p1a: Iron Treads
|-end|p1a: Iron Treads|Quark Drive|[silent]
|
|upkeep
|
|t:|1758964742
|switch|p1a: Ogerpon|Ogerpon-Wellspring, F|100/100
|turn|2
|
|t:|1758964753
|-end|p2a: Great Tusk|Protosynthesis|[silent]
|switch|p2a: Raging Bolt|Raging Bolt|100/100
|-damage|p2a: Raging Bolt|88/100|[from] Stealth Rock
|move|p1a: Ogerpon|Trailblaze|p2a: Raging Bolt
|-resisted|p2a: Raging Bolt
|-damage|p2a: Raging Bolt|74/100
|-boost|p1a: Ogerpon|spe|1
|
|-heal|p2a: Raging Bolt|80/100|[from] item: Leftovers
|upkeep
|turn|3
|
|t:|1758964765
|move|p1a: Ogerpon|Ivy Cudgel|p2a: Raging Bolt|[anim] Ivy Cudgel Water
|-resisted|p2a: Raging Bolt
|-damage|p2a: Raging Bolt|50/100
|move|p2a: Raging Bolt|Draco Meteor|p1a: Ogerpon
|-crit|p1a: Ogerpon
|-damage|p1a: Ogerpon|0 fnt
|-unboost|p2a: Raging Bolt|spa|2
|faint|p1a: Ogerpon
|
|-heal|p2a: Raging Bolt|56/100|[from] item: Leftovers
|upkeep
|l| uuytffghhh
|inactive|frogwithaknife has 120 seconds left.
|
|t:|1758964816
|switch|p1a: Kommo-o|Kommo-o, F|100/100
|turn|4
|
|t:|1758964822
|-terastallize|p1a: Kommo-o|Normal
|move|p1a: Kommo-o|Clangorous Soul|p1a: Kommo-o
|-boost|p1a: Kommo-o|atk|1
|-boost|p1a: Kommo-o|def|1
|-boost|p1a: Kommo-o|spa|1
|-boost|p1a: Kommo-o|spd|1
|-boost|p1a: Kommo-o|spe|1
|-damage|p1a: Kommo-o|68/100
|move|p2a: Raging Bolt|Draco Meteor|p1a: Kommo-o
|-damage|p1a: Kommo-o|38/100
|-unboost|p2a: Raging Bolt|spa|2
|
|-heal|p2a: Raging Bolt|62/100|[from] item: Leftovers
|upkeep
|turn|5
|inactive|frogwithaknife has 90 seconds left.
|
|t:|1758964854
|-end|p2a: Raging Bolt|Protosynthesis|[silent]
|switch|p2a: Clefable|Clefable, F|100/100
|move|p1a: Kommo-o|Rest|p1a: Kommo-o
|-status|p1a: Kommo-o|slp|[from] move: Rest
|-heal|p1a: Kommo-o|100/100 slp|[silent]
|-enditem|p1a: Kommo-o|Chesto Berry|[eat]
|-curestatus|p1a: Kommo-o|slp|[msg]
|
|upkeep
|turn|6
|inactive|frogwithaknife has 90 seconds left.
|inactive|xc03 has 120 seconds left.
|
|t:|1758964873
|move|p1a: Kommo-o|Boomburst|p2a: Clefable
|-damage|p2a: Clefable|34/100
|move|p2a: Clefable|Thunder Wave|p1a: Kommo-o
|-status|p1a: Kommo-o|par
|
|-heal|p2a: Clefable|40/100|[from] item: Leftovers
|upkeep
|turn|7
|inactive|xc03 has 120 seconds left.
|
|t:|1758964884
|move|p1a: Kommo-o|Boomburst|p2a: Clefable
|-damage|p2a: Clefable|0 fnt
|faint|p2a: Clefable
|
|upkeep
|inactive|xc03 has 120 seconds left.
|
|t:|1758964890
|switch|p2a: Great Tusk|Great Tusk|100/100
|-damage|p2a: Great Tusk|98/100|[from] Stealth Rock
|turn|8
|
|t:|1758964901
|move|p2a: Great Tusk|Close Combat|p1a: Kommo-o
|-supereffective|p1a: Kommo-o
|-damage|p1a: Kommo-o|0 fnt
|-unboost|p2a: Great Tusk|def|1
|-unboost|p2a: Great Tusk|spd|1
|faint|p1a: Kommo-o
|
|upkeep
|
|t:|1758964916
|switch|p1a: Iron Moth|Iron Moth|100/100
|-enditem|p1a: Iron Moth|Booster Energy
|-activate|p1a: Iron Moth|ability: Quark Drive|[fromitem]
|-start|p1a: Iron Moth|quarkdrivespe
|turn|9
|
|t:|1758964926
|-end|p2a: Great Tusk|Protosynthesis|[silent]
|switch|p2a: Suicune|Suicune|100/100
|-damage|p2a: Suicune|88/100|[from] Stealth Rock
|-ability|p2a: Suicune|Pressure
|move|p1a: Iron Moth|Dazzling Gleam|p2a: Suicune
|-damage|p2a: Suicune|70/100
|
|-heal|p2a: Suicune|76/100|[from] item: Leftovers
|upkeep
|turn|10
|inactive|frogwithaknife has 90 seconds left.
|
|t:|1758964942
|move|p1a: Iron Moth|Sludge Wave|p2a: Suicune
|-damage|p2a: Suicune|41/100
|move|p2a: Suicune|Scald|p1a: Iron Moth
|-supereffective|p1a: Iron Moth
|-damage|p1a: Iron Moth|46/100
|
|-heal|p2a: Suicune|47/100|[from] item: Leftovers
|upkeep
|turn|11
|inactive|frogwithaknife has 90 seconds left.
|
|t:|1758964971
|-end|p1a: Iron Moth|Quark Drive|[silent]
|switch|p1a: Primarina|Primarina, F|100/100
|move|p2a: Suicune|Scald|p1a: Primarina
|-resisted|p1a: Primarina
|-damage|p1a: Primarina|92/100
|
|-heal|p2a: Suicune|54/100|[from] item: Leftovers
|upkeep
|turn|12
|
|t:|1758964990
|switch|p2a: Scizor|Scizor, M|100/100
|-damage|p2a: Scizor|88/100|[from] Stealth Rock
|move|p1a: Primarina|Moonblast|p2a: Scizor
|-resisted|p2a: Scizor
|-damage|p2a: Scizor|55/100
|
|-heal|p2a: Scizor|62/100|[from] item: Leftovers
|upkeep
|turn|13
|
|t:|1758965000
|move|p1a: Primarina|Surf|p2a: Scizor
|-crit|p2a: Scizor
|-damage|p2a: Scizor|0 fnt
|faint|p2a: Scizor
|
|upkeep
|
|t:|1758965006
|switch|p2a: Great Tusk|Great Tusk|98/100
|-damage|p2a: Great Tusk|95/100|[from] Stealth Rock
|turn|14
|inactive|frogwithaknife has 60 seconds left.
|
|t:|1758965035
|move|p2a: Great Tusk|Headlong Rush|p1a: Primarina
|-damage|p1a: Primarina|0 fnt
|-unboost|p2a: Great Tusk|def|1
|-unboost|p2a: Great Tusk|spd|1
|faint|p1a: Primarina
|
|upkeep
|inactive|frogwithaknife has 60 seconds left.
|
|t:|1758965044
|switch|p1a: Metagross|Metagross|100/100
|turn|15
|
|t:|1758965051
|-end|p2a: Great Tusk|Protosynthesis|[silent]
|switch|p2a: Alomomola|Alomomola, F|100/100
|move|p1a: Metagross|Psychic Fangs|p2a: Alomomola
|-damage|p2a: Alomomola|59/100
|
|upkeep
|turn|16
|
|t:|1758965062
|move|p1a: Metagross|Psychic Fangs|p2a: Alomomola
|-damage|p2a: Alomomola|18/100
|move|p2a: Alomomola|Flip Turn|p1a: Metagross
|-damage|p1a: Metagross|89/100
|
|t:|1758965070
|switch|p2a: Great Tusk|Great Tusk|95/100|[from] Flip Turn
|-damage|p2a: Great Tusk|92/100|[from] Stealth Rock
|
|upkeep
|turn|17
|
|t:|1758965084
|move|p2a: Great Tusk|Headlong Rush|p1a: Metagross
|-supereffective|p1a: Metagross
|-damage|p1a: Metagross|0 fnt
|-unboost|p2a: Great Tusk|def|1
|-unboost|p2a: Great Tusk|spd|1
|faint|p1a: Metagross
|
|upkeep
|
|t:|1758965099
|switch|p1a: Iron Moth|Iron Moth|46/100
|turn|18
|
|t:|1758965105
|move|p1a: Iron Moth|Fiery Dance|p2a: Great Tusk
|-damage|p2a: Great Tusk|3/100
|-boost|p1a: Iron Moth|spa|1
|move|p2a: Great Tusk|Headlong Rush|p1a: Iron Moth
|-supereffective|p1a: Iron Moth
|-damage|p1a: Iron Moth|0 fnt
|-unboost|p2a: Great Tusk|def|1
|-unboost|p2a: Great Tusk|spd|1
|faint|p1a: Iron Moth
|-end|p1a: Iron Moth|Quark Drive|[silent]
|
|win|xc03
|raw|frogwithaknife's rating: 1466 &rarr; <strong>1447</strong><br />(-19 for losing)
|raw|xc03's rating: 1478 &rarr; <strong>1497</strong><br />(+19 for winning)
|l|☆frogwithaknife
|player|p1|
|l|☆xc03
|player|p2|
