|j|☆minhoto
|j|☆kettkee
|t:|1758965235
|gametype|singles
|player|p1|minhoto|102|1421
|player|p2|kettkee|cyclist-gen4|1411
|gen|9
|tier|[Gen 9] OU
|rated|
|rule|HP Percentage Mod: HP is shown in percentages
|rule|Endless Battle Clause: Forcing endless battles is banned
|rule|Species Clause: Limit one of each Pokémon
|rule|OHKO Clause: OHKO moves are banned
|rule|Evasion Items Clause: Evasion items are banned
|rule|Evasion Moves Clause: Evasion moves are banned
|rule|Evasion Abilities Clause: Evasion abilities are banned
|rule|Sleep Moves Clause: Sleep-inducing moves are banned
|clearpoke
|poke|p1|Blissey, F|
|poke|p1|Corviknight, F|
|poke|p1|Gliscor, M|
|poke|p1|Dondozo, M|
|poke|p1|Slowking-Galar, F|
|poke|p1|Toxapex, F|
|poke|p2|Magnezone|
|poke|p2|Florges, F|
|poke|p2|Dudunsparce-*, F|
|poke|p2|Iron Thorns|
|poke|p2|Mew|
|poke|p2|Toxtricity, F|
|teampreview
|inactive|Battle timer is ON: inactive players will automatically lose when time's up. (requested by minhoto)
|
|t:|1758965243
|teamsize|p1|6
|teamsize|p2|6
|start
|switch|p1a: Slowking|Slowking-Galar, F|100/100
|switch|p2a: OG Zone|Magnezone|100/100
|turn|1
|
|t:|1758965251
|move|p2a: OG Zone|Volt Switch|p1a: Slowking
|-damage|p1a: Slowking|76/100
|
|t:|1758965252
|switch|p2a: Toxtricity|Toxtricity, F|100/100|[from] Volt Switch
|move|p1a: Slowking|Trick|p2a: Toxtricity
|-activate|p1a: Slowking|move: Trick|[of] p2a: Toxtricity
|-item|p2a: Toxtricity|Black Sludge|[from] move: Trick
|-item|p1a: Slowking|Focus Sash|[from] move: Trick
|
|upkeep
|turn|2
|
|t:|1758965264
|move|p2a: Toxtricity|Nuzzle|p1a: Slowking
|-damage|p1a: Slowking|64/100
|-status|p1a: Slowking|par
|cant|p1a: Slowking|par
|
|upkeep
|turn|3
|
|t:|1758965271
|move|p2a: Toxtricity|Shift Gear|p2a: Toxtricity
|-boost|p2a: Toxtricity|spe|2
|-boost|p2a: Toxtricity|atk|1
|cant|p1a: Slowking|par
|
|upkeep
|turn|4
|
|t:|1758965277
|switch|p1a: Dondozo|Dondozo, M|100/100
|move|p2a: Toxtricity|Shift Gear|p2a: Toxtricity
|-boost|p2a: Toxtricity|spe|2
|-boost|p2a: Toxtricity|atk|1
|
|upkeep
|turn|5
|
|t:|1758965280
|-terastallize|p2a: Toxtricity|Electric
|-terastallize|p1a: Dondozo|Steel
|move|p2a: Toxtricity|Nuzzle|p1a: Dondozo
|-damage|p1a: Dondozo|79/100
|-status|p1a: Dondozo|par
|move|p1a: Dondozo|Curse|p1a: Dondozo
|-unboost|p1a: Dondozo|spe|1
|-boost|p1a: Dondozo|atk|1
|-boost|p1a: Dondozo|def|1
|
|-damage|p2a: Toxtricity|88/100|[from] item: Black Sludge
|-heal|p1a: Dondozo|85/100 par|[from] item: Leftovers
|upkeep
|turn|6
|
|t:|1758965292
|switch|p2a: OG Zone|Magnezone|100/100
|move|p1a: Dondozo|Liquidation|p2a: OG Zone
|-damage|p2a: OG Zone|55/100
|
|-heal|p1a: Dondozo|91/100 par|[from] item: Leftovers
|upkeep
|turn|7
|
|t:|1758965300
|move|p2a: OG Zone|Steel Beam|p1a: Dondozo
|-resisted|p1a: Dondozo
|-damage|p1a: Dondozo|62/100 par
|-damage|p2a: OG Zone|5/100|[from] steelbeam
|move|p1a: Dondozo|Liquidation|p2a: OG Zone
|-damage|p2a: OG Zone|0 fnt
|faint|p2a: OG Zone
|
|-heal|p1a: Dondozo|69/100 par|[from] item: Leftovers
|upkeep
|
|t:|1758965312
|switch|p2a: 20% Please!😭|Mew|100/100
|turn|8
|
|t:|1758965316
|switch|p1a: Blissey|Blissey, F|100/100
|move|p2a: 20% Please!😭|Earthquake|p1a: Blissey
|-damage|p1a: Blissey|37/100
|
|upkeep
|turn|9
|
|t:|1758965321
|switch|p1a: Gliscor|Gliscor, M|100/100
|move|p2a: 20% Please!😭|Zen Headbutt|p1a: Gliscor
|-damage|p1a: Gliscor|75/100
|
|-status|p1a: Gliscor|tox|[from] item: Toxic Orb
|upkeep
|turn|10
|
|t:|1758965325
|move|p1a: Gliscor|Protect|p1a: Gliscor
|-singleturn|p1a: Gliscor|Protect
|move|p2a: 20% Please!😭|Triple Axel|p1a: Gliscor
|-activate|p1a: Gliscor|move: Protect
|
|-heal|p1a: Gliscor|88/100 tox|[from] ability: Poison Heal
|upkeep
|turn|11
|
|t:|1758965332
|switch|p1a: Slowking|Slowking-Galar, F|97/100 par
|move|p2a: 20% Please!😭|Dragon Dance|p2a: 20% Please!😭
|-boost|p2a: 20% Please!😭|atk|1
|-boost|p2a: 20% Please!😭|spe|1
|
|upkeep
|turn|12
|
|t:|1758965338
|switch|p1a: Corviknight|Corviknight, F|100/100
|-ability|p1a: Corviknight|Pressure
|move|p2a: 20% Please!😭|Zen Headbutt|p1a: Corviknight
|-resisted|p1a: Corviknight
|-damage|p1a: Corviknight|82/100
|-damage|p2a: 20% Please!😭|84/100|[from] item: Rocky Helmet|[of] p1a: Corviknight
|
|upkeep
|turn|13
|
|t:|1758965346
|move|p2a: 20% Please!😭|Dragon Dance|p2a: 20% Please!😭
|-boost|p2a: 20% Please!😭|atk|1
|-boost|p2a: 20% Please!😭|spe|1
|move|p1a: Corviknight|U-turn|p2a: 20% Please!😭
|-supereffective|p2a: 20% Please!😭
|-damage|p2a: 20% Please!😭|52/100
|
|t:|1758965352
|switch|p1a: Dondozo|Dondozo, M, tera:Steel|69/100 par|[from] U-turn
|
|-heal|p1a: Dondozo|75/100 par|[from] item: Leftovers
|upkeep
|turn|14
|
|t:|1758965357
|move|p2a: 20% Please!😭|Earthquake|p1a: Dondozo
|-supereffective|p1a: Dondozo
|-damage|p1a: Dondozo|44/100 par
|move|p1a: Dondozo|Curse|p1a: Dondozo
|-unboost|p1a: Dondozo|spe|1
|-boost|p1a: Dondozo|atk|1
|-boost|p1a: Dondozo|def|1
|
|-heal|p1a: Dondozo|50/100 par|[from] item: Leftovers
|upkeep
|turn|15
|
|t:|1758965362
|move|p2a: 20% Please!😭|Earthquake|p1a: Dondozo
|-supereffective|p1a: Dondozo
|-damage|p1a: Dondozo|29/100 par
|move|p1a: Dondozo|Rest|p1a: Dondozo
|-status|p1a: Dondozo|slp|[from] move: Rest
|-heal|p1a: Dondozo|100/100 slp|[silent]
|
|upkeep
|turn|16
|
|t:|1758965368
|switch|p2a: Spar|Dudunsparce-Three-Segment, F|100/100
|cant|p1a: Dondozo|slp
|move|p1a: Dondozo|Sleep Talk|p1a: Dondozo
|move|p1a: Dondozo|Liquidation|p2a: Spar|[from] move: Sleep Talk
|-damage|p2a: Spar|52/100
|
|upkeep
|turn|17
|
|t:|1758965373
|switch|p1a: Blissey|Blissey, F|37/100
|move|p2a: Spar|Agility|p2a: Spar
|-boost|p2a: Spar|spe|2
|
|upkeep
|turn|18
|
|t:|1758965376
|move|p2a: Spar|Boomburst|p1a: Blissey
|-damage|p1a: Blissey|18/100
|-enditem|p2a: Spar|Throat Spray
|-boost|p2a: Spar|spa|1|[from] item: Throat Spray
|move|p1a: Blissey|Stealth Rock|p2a: Spar
|-sidestart|p2: kettkee|move: Stealth Rock
|
|upkeep
|turn|19
|
|t:|1758965387
|switch|p1a: Dondozo|Dondozo, M, tera:Steel|100/100 slp
|move|p2a: Spar|Boomburst|p1a: Dondozo
|-resisted|p1a: Dondozo
|-damage|p1a: Dondozo|78/100 slp
|
|-heal|p1a: Dondozo|84/100 slp|[from] item: Leftovers
|upkeep
|turn|20
|
|t:|1758965390
|move|p2a: Spar|Flamethrower|p1a: Dondozo
|-supereffective|p1a: Dondozo
|-damage|p1a: Dondozo|45/100 slp
|cant|p1a: Dondozo|slp
|move|p1a: Dondozo|Sleep Talk|p1a: Dondozo
|move|p1a: Dondozo|Rest||[from] move: Sleep Talk|[still]
|-fail|p1a: Dondozo
|
|-heal|p1a: Dondozo|51/100 slp|[from] item: Leftovers
|upkeep
|turn|21
|
|t:|1758965395
|switch|p1a: Toxapex|Toxapex, F|100/100
|move|p2a: Spar|Flamethrower|p1a: Toxapex
|-resisted|p1a: Toxapex
|-damage|p1a: Toxapex|85/100
|-status|p1a: Toxapex|brn
|
|-damage|p1a: Toxapex|79/100 brn|[from] brn
|upkeep
|turn|22
|
|t:|1758965397
|move|p2a: Spar|Boomburst|p1a: Toxapex
|-damage|p1a: Toxapex|7/100 brn
|move|p1a: Toxapex|Toxic|p2a: Spar
|-status|p2a: Spar|tox
|
|-damage|p2a: Spar|46/100 tox|[from] psn
|-damage|p1a: Toxapex|1/100 brn|[from] brn
|upkeep
|turn|23
|
|t:|1758965402
|switch|p1a: Slowking|Slowking-Galar, F|100/100 par
|move|p2a: Spar|Boomburst|p1a: Slowking
|-damage|p1a: Slowking|42/100 par
|
|-damage|p2a: Spar|34/100 tox|[from] psn
|upkeep
|turn|24
|
|t:|1758965409
|switch|p1a: Gliscor|Gliscor, M|88/100 tox
|move|p2a: Spar|Boomburst|p1a: Gliscor
|-damage|p1a: Gliscor|1/100 tox
|
|-damage|p2a: Spar|16/100 tox|[from] psn
|-heal|p1a: Gliscor|13/100 tox|[from] ability: Poison Heal
|upkeep
|turn|25
|
|t:|1758965411
|move|p1a: Gliscor|Protect|p1a: Gliscor
|-singleturn|p1a: Gliscor|Protect
|move|p2a: Spar|Boomburst|p1a: Gliscor
|-activate|p1a: Gliscor|move: Protect
|
|-damage|p2a: Spar|0 fnt|[from] psn
|faint|p2a: Spar
|-heal|p1a: Gliscor|26/100 tox|[from] ability: Poison Heal
|upkeep
|
|t:|1758965419
|switch|p2a: 20% Please!😭|Mew|52/100
|-damage|p2a: 20% Please!😭|40/100|[from] Stealth Rock
|turn|26
|
|t:|1758965423
|move|p2a: 20% Please!😭|Dragon Dance|p2a: 20% Please!😭
|-boost|p2a: 20% Please!😭|atk|1
|-boost|p2a: 20% Please!😭|spe|1
|move|p1a: Gliscor|U-turn|p2a: 20% Please!😭
|-supereffective|p2a: 20% Please!😭
|-damage|p2a: 20% Please!😭|11/100
|
|t:|1758965426
|switch|p1a: Dondozo|Dondozo, M, tera:Steel|51/100 slp|[from] U-turn
|
|-heal|p1a: Dondozo|58/100 slp|[from] item: Leftovers
|upkeep
|turn|27
|
|t:|1758965428
|move|p2a: 20% Please!😭|Earthquake|p1a: Dondozo
|-supereffective|p1a: Dondozo
|-damage|p1a: Dondozo|27/100 slp
|-curestatus|p1a: Dondozo|slp|[msg]
|move|p1a: Dondozo|Sleep Talk||[still]
|-fail|p1a: Dondozo
|
|-heal|p1a: Dondozo|33/100|[from] item: Leftovers
|upkeep
|turn|28
|
|t:|1758965435
|move|p2a: 20% Please!😭|Zen Headbutt|p1a: Dondozo
|-resisted|p1a: Dondozo
|-damage|p1a: Dondozo|25/100
|cant|p1a: Dondozo|flinch
|
|-heal|p1a: Dondozo|31/100|[from] item: Leftovers
|upkeep
|turn|29
|
|t:|1758965437
|move|p2a: 20% Please!😭|Earthquake|p1a: Dondozo
|-supereffective|p1a: Dondozo
|-damage|p1a: Dondozo|0 fnt
|faint|p1a: Dondozo
|
|upkeep
|
|t:|1758965448
|switch|p1a: Corviknight|Corviknight, F|82/100
|-ability|p1a: Corviknight|Pressure
|turn|30
|
|t:|1758965451
|move|p2a: 20% Please!😭|Zen Headbutt|p1a: Corviknight
|-resisted|p1a: Corviknight
|-damage|p1a: Corviknight|64/100
|-damage|p2a: 20% Please!😭|0 fnt|[from] item: Rocky Helmet|[of] p1a: Corviknight
|faint|p2a: 20% Please!😭
|move|p1a: Corviknight|U-turn|p2: 20% Please!😭|[notarget]
|-fail|p1a: Corviknight
|
|upkeep
|
|t:|1758965455
|switch|p2a: Toxtricity|Toxtricity, F, tera:Electric|88/100
|-damage|p2a: Toxtricity|76/100|[from] Stealth Rock
|turn|31
|
|t:|1758965463
|move|p2a: Toxtricity|Shift Gear|p2a: Toxtricity
|-boost|p2a: Toxtricity|spe|2
|-boost|p2a: Toxtricity|atk|1
|move|p1a: Corviknight|U-turn|p2a: Toxtricity
|-damage|p2a: Toxtricity|54/100
|
|t:|1758965467
|switch|p1a: Slowking|Slowking-Galar, F|76/100 par|[from] U-turn
|
|-damage|p2a: Toxtricity|42/100|[from] item: Black Sludge
|upkeep
|turn|32
|
|t:|1758965470
|move|p2a: Toxtricity|Nuzzle|p1a: Slowking
|-damage|p1a: Slowking|30/100 par
|move|p1a: Slowking|Toxic|p2a: Toxtricity
|-status|p2a: Toxtricity|tox
|
|-damage|p2a: Toxtricity|29/100 tox|[from] item: Black Sludge
|-damage|p2a: Toxtricity|23/100 tox|[from] psn
|upkeep
|turn|33
|
|t:|1758965481
|switch|p1a: Gliscor|Gliscor, M|26/100 tox
|move|p2a: Toxtricity|Gunk Shot|p1a: Gliscor
|-resisted|p1a: Gliscor
|-damage|p1a: Gliscor|0 fnt
|faint|p1a: Gliscor
|
|-damage|p2a: Toxtricity|11/100 tox|[from] item: Black Sludge
|-damage|p2a: Toxtricity|0 fnt|[from] psn
|faint|p2a: Toxtricity
|upkeep
|
|t:|1758965487
|switch|p2a: Hits Those|Iron Thorns|100/100
|switch|p1a: Blissey|Blissey, F|18/100
|-damage|p2a: Hits Those|88/100|[from] Stealth Rock
|turn|34
|
|t:|1758965499
|move|p2a: Hits Those|Stone Edge|p1a: Blissey
|-damage|p1a: Blissey|0 fnt
|faint|p1a: Blissey
|
|upkeep
|
|t:|1758965502
|switch|p1a: Toxapex|Toxapex, F|34/100 brn
|turn|35
|
|t:|1758965508
|switch|p1a: Slowking|Slowking-Galar, F|64/100 par
|move|p2a: Hits Those|Supercell Slam|p1a: Slowking
|-damage|p1a: Slowking|21/100 par
|
|upkeep
|turn|36
|
|t:|1758965514
|move|p2a: Hits Those|Supercell Slam|p1a: Slowking
|-damage|p1a: Slowking|0 fnt
|faint|p1a: Slowking
|
|upkeep
|-message|minhoto forfeited.
|
|win|kettkee
|raw|minhoto's rating: 1421 &rarr; <strong>1400</strong><br />(-21 for losing)
|raw|kettkee's rating: 1411 &rarr; <strong>1432</strong><br />(+21 for winning)
|l|☆minhoto
|player|p1|
|l|☆kettkee
|player|p2|
