|j|☆SBYK
|j|☆popswrong4laughing
|t:|1758925369
|gametype|singles
|player|p1|SBYK|aaron|1563
|player|p2|popswrong4laughing|galacticgrunt|1494
|gen|9
|tier|[Gen 9] OU
|rated|
|rule|HP Percentage Mod: HP is shown in percentages
|rule|Endless Battle Clause: Forcing endless battles is banned
|rule|Species Clause: Limit one of each Pokémon
|rule|OHKO Clause: OHKO moves are banned
|rule|Evasion Items Clause: Evasion items are banned
|rule|Evasion Moves Clause: Evasion moves are banned
|rule|Evasion Abilities Clause: Evasion abilities are banned
|rule|Sleep Moves Clause: Sleep-inducing moves are banned
|clearpoke
|poke|p1|Kingambit, F|
|poke|p1|Garchomp, M|
|poke|p1|Donphan, M|
|poke|p1|Weezing-Galar, F|
|poke|p1|Tornadus-Therian, M|
|poke|p1|Meowscarada, F|
|poke|p2|Tornadus-Therian, M|
|poke|p2|Thundurus, M|
|poke|p2|Landorus-Therian, M|
|poke|p2|Entei|
|poke|p2|Suicune|
|poke|p2|Raging Bolt|
|teampreview
|inactive|Battle timer is ON: inactive players will automatically lose when time's up. (requested by SBYK)
|inactive|SBYK has 120 seconds left.
|
|t:|1758925400
|teamsize|p1|6
|teamsize|p2|6
|start
|switch|p1a: Garchomp|Garchomp, M, shiny|100/100
|switch|p2a: Entei|Entei|100/100
|turn|1
|
|t:|1758925408
|move|p1a: Garchomp|Scale Shot|p2a: Entei
|-damage|p2a: Entei|90/100
|-damage|p2a: Entei|79/100
|-damage|p2a: Entei|69/100
|-damage|p2a: Entei|57/100
|-hitcount|p2a: Entei|4
|-unboost|p1a: Garchomp|def|1
|-boost|p1a: Garchomp|spe|1
|move|p2a: Entei|Will-O-Wisp|p1a: Garchomp
|-status|p1a: Garchomp|brn
|
|-damage|p1a: Garchomp|94/100 brn|[from] brn
|upkeep
|turn|2
|
|t:|1758925415
|switch|p2a: Landorus|Landorus-Therian, M|100/100
|-ability|p2a: Landorus|Intimidate|boost
|-unboost|p1a: Garchomp|atk|1
|move|p1a: Garchomp|Swords Dance|p1a: Garchomp
|-boost|p1a: Garchomp|atk|2
|
|-damage|p1a: Garchomp|88/100 brn|[from] brn
|upkeep
|turn|3
|
|t:|1758925419
|move|p1a: Garchomp|Liquidation|p2a: Landorus
|-supereffective|p2a: Landorus
|-damage|p2a: Landorus|63/100
|-damage|p1a: Garchomp|71/100 brn|[from] item: Rocky Helmet|[of] p2a: Landorus
|move|p2a: Landorus|Earthquake|p1a: Garchomp
|-damage|p1a: Garchomp|23/100 brn
|
|-damage|p1a: Garchomp|17/100 brn|[from] brn
|upkeep
|turn|4
|
|t:|1758925428
|move|p1a: Garchomp|Scale Shot|p2a: Landorus
|-damage|p2a: Landorus|54/100
|-damage|p2a: Landorus|45/100
|-damage|p2a: Landorus|36/100
|-damage|p2a: Landorus|26/100
|-crit|p2a: Landorus
|-damage|p2a: Landorus|13/100
|-hitcount|p2a: Landorus|5
|-unboost|p1a: Garchomp|def|1
|-boost|p1a: Garchomp|spe|1
|move|p2a: Landorus|Stealth Rock|p1a: Garchomp
|-sidestart|p1: SBYK|move: Stealth Rock
|
|-damage|p1a: Garchomp|10/100 brn|[from] brn
|upkeep
|turn|5
|
|t:|1758925437
|move|p1a: Garchomp|Scale Shot|p2a: Landorus
|-damage|p2a: Landorus|4/100
|-damage|p2a: Landorus|0 fnt
|faint|p2a: Landorus
|-hitcount|p2: Landorus|2
|-unboost|p1a: Garchomp|def|1
|-boost|p1a: Garchomp|spe|1
|
|-damage|p1a: Garchomp|4/100 brn|[from] brn
|upkeep
|
|t:|1758925440
|switch|p2a: Suicune|Suicune|100/100
|-ability|p2a: Suicune|Pressure
|turn|6
|
|t:|1758925445
|move|p2a: Suicune|Protect|p2a: Suicune
|-singleturn|p2a: Suicune|Protect
|move|p1a: Garchomp|Scale Shot|p2a: Suicune
|-activate|p2a: Suicune|move: Protect
|
|-damage|p1a: Garchomp|0 fnt|[from] brn
|faint|p1a: Garchomp
|upkeep
|
|t:|1758925451
|switch|p1a: Kingambit|Kingambit, F, shiny|100/100
|-damage|p1a: Kingambit|94/100|[from] Stealth Rock
|-activate|p1a: Kingambit|ability: Supreme Overlord
|-start|p1a: Kingambit|fallen1|[silent]
|turn|7
|
|t:|1758925455
|move|p2a: Suicune|Scald|p1a: Kingambit
|-damage|p1a: Kingambit|57/100
|-status|p1a: Kingambit|brn
|move|p1a: Kingambit|Thunder Wave|p2a: Suicune
|-status|p2a: Suicune|par
|
|-damage|p1a: Kingambit|50/100 brn|[from] brn
|upkeep
|turn|8
|
|t:|1758925463
|move|p1a: Kingambit|Kowtow Cleave|p2a: Suicune
|-damage|p2a: Suicune|74/100 par
|move|p2a: Suicune|Calm Mind|p2a: Suicune
|-boost|p2a: Suicune|spa|1
|-boost|p2a: Suicune|spd|1
|
|-heal|p2a: Suicune|80/100 par|[from] item: Leftovers
|-damage|p1a: Kingambit|44/100 brn|[from] brn
|upkeep
|turn|9
|
|t:|1758925466
|move|p1a: Kingambit|Kowtow Cleave|p2a: Suicune
|-damage|p2a: Suicune|53/100 par
|move|p2a: Suicune|Scald|p1a: Kingambit
|-damage|p1a: Kingambit|0 fnt
|faint|p1a: Kingambit
|-end|p1a: Kingambit|fallen1|[silent]
|
|-heal|p2a: Suicune|59/100 par|[from] item: Leftovers
|upkeep
|
|t:|1758925472
|switch|p1a: Meowscarada|Meowscarada, F, shiny|100/100
|-damage|p1a: Meowscarada|88/100|[from] Stealth Rock
|turn|10
|
|t:|1758925477
|move|p1a: Meowscarada|Knock Off|p2a: Suicune
|-start|p1a: Meowscarada|typechange|Dark|[from] ability: Protean
|-damage|p2a: Suicune|21/100 par
|-enditem|p2a: Suicune|Leftovers|[from] move: Knock Off|[of] p1a: Meowscarada
|cant|p2a: Suicune|par
|
|upkeep
|turn|11
|
|t:|1758925481
|move|p1a: Meowscarada|Flower Trick|p2a: Suicune
|-supereffective|p2a: Suicune
|-crit|p2a: Suicune
|-damage|p2a: Suicune|0 fnt
|faint|p2a: Suicune
|
|upkeep
|
|t:|1758925486
|switch|p2a: Entei|Entei|57/100
|turn|12
|
|t:|1758925488
|switch|p1a: Donphan|Donphan, M, shiny|100/100
|-damage|p1a: Donphan|94/100|[from] Stealth Rock
|move|p2a: Entei|Sacred Fire|p1a: Donphan
|-damage|p1a: Donphan|55/100
|-status|p1a: Donphan|brn
|
|-damage|p1a: Donphan|49/100 brn|[from] brn
|upkeep
|turn|13
|
|t:|1758925493
|switch|p2a: Tornadus|Tornadus-Therian, M|100/100
|move|p1a: Donphan|Rapid Spin|p2a: Tornadus
|-damage|p2a: Tornadus|89/100
|-boost|p1a: Donphan|spe|1
|-sideend|p1: SBYK|Stealth Rock|[from] move: Rapid Spin|[of] p1a: Donphan
|
|-damage|p1a: Donphan|43/100 brn|[from] brn
|upkeep
|turn|14
|
|t:|1758925498
|move|p2a: Tornadus|Grass Knot|p1a: Donphan
|-supereffective|p1a: Donphan
|-damage|p1a: Donphan|0 fnt
|faint|p1a: Donphan
|-damage|p2a: Tornadus|79/100|[from] item: Life Orb
|
|upkeep
|
|t:|1758925503
|switch|p1a: Meowscarada|Meowscarada, F, shiny|88/100
|turn|15
|
|t:|1758925518
|move|p1a: Meowscarada|Triple Axel|p2a: Tornadus
|-start|p1a: Meowscarada|typechange|Ice|[from] ability: Protean
|-supereffective|p2a: Tornadus
|-damage|p2a: Tornadus|53/100
|-supereffective|p2a: Tornadus
|-damage|p2a: Tornadus|3/100
|-hitcount|p2a: Tornadus|2
|move|p2a: Tornadus|Bleakwind Storm|p1a: Meowscarada
|-damage|p1a: Meowscarada|2/100
|-damage|p2a: Tornadus|0 fnt|[from] item: Life Orb
|faint|p2a: Tornadus
|
|upkeep
|
|t:|1758925523
|switch|p2a: Entei|Entei|57/100
|turn|16
|
|t:|1758925527
|move|p2a: Entei|Extreme Speed|p1a: Meowscarada
|-damage|p1a: Meowscarada|0 fnt
|faint|p1a: Meowscarada
|
|upkeep
|
|t:|1758925528
|switch|p1a: Weezing|Weezing-Galar, F, shiny|100/100
|-ability|p1a: Weezing|Neutralizing Gas
|turn|17
|
|t:|1758925531
|switch|p2a: Thundurus|Thundurus, M|100/100
|move|p1a: Weezing|Strange Steam|p2a: Thundurus
|-damage|p2a: Thundurus|64/100
|
|upkeep
|turn|18
|
|t:|1758925533
|move|p2a: Thundurus|Thunderbolt|p1a: Weezing
|-damage|p1a: Weezing|43/100
|move|p1a: Weezing|Strange Steam|p2a: Thundurus
|-damage|p2a: Thundurus|26/100
|
|-heal|p1a: Weezing|49/100|[from] item: Leftovers
|upkeep
|turn|19
|
|t:|1758925535
|move|p2a: Thundurus|Thunderbolt|p1a: Weezing
|-damage|p1a: Weezing|0 fnt
|faint|p1a: Weezing
|-end|p1a: Weezing|ability: Neutralizing Gas
|
|upkeep
|
|t:|1758925536
|switch|p1a: Tornadus|Tornadus-Therian, M, shiny|100/100
|turn|20
|
|t:|1758925542
|-terastallize|p1a: Tornadus|Ground
|move|p2a: Thundurus|Thunder Wave|p1a: Tornadus
|-immune|p1a: Tornadus
|move|p1a: Tornadus|Knock Off|p2a: Thundurus
|-damage|p2a: Thundurus|0 fnt
|-enditem|p2a: Thundurus|Focus Sash|[from] move: Knock Off|[of] p1a: Tornadus
|faint|p2a: Thundurus
|
|upkeep
|
|t:|1758925550
|switch|p2a: Sneaky Bolt|Raging Bolt|100/100
|-enditem|p2a: Sneaky Bolt|Booster Energy
|-activate|p2a: Sneaky Bolt|ability: Protosynthesis|[fromitem]
|-start|p2a: Sneaky Bolt|protosynthesisspa
|turn|21
|
|t:|1758925554
|-terastallize|p2a: Sneaky Bolt|Fairy
|move|p1a: Tornadus|Bleakwind Storm|p2a: Sneaky Bolt
|-damage|p2a: Sneaky Bolt|53/100
|move|p2a: Sneaky Bolt|Dragon Pulse|p1a: Tornadus
|-damage|p1a: Tornadus|62/100
|
|upkeep
|turn|22
|
|t:|1758925560
|move|p1a: Tornadus|Bleakwind Storm|p2a: Sneaky Bolt
|-damage|p2a: Sneaky Bolt|10/100
|move|p2a: Sneaky Bolt|Dragon Pulse|p1a: Tornadus
|-damage|p1a: Tornadus|20/100
|
|upkeep
|turn|23
|
|t:|1758925567
|move|p2a: Sneaky Bolt|Thunderclap|p1a: Tornadus
|-immune|p1a: Tornadus
|move|p1a: Tornadus|Heat Wave|p2a: Sneaky Bolt
|-damage|p2a: Sneaky Bolt|0 fnt
|faint|p2a: Sneaky Bolt
|-end|p2a: Sneaky Bolt|Protosynthesis|[silent]
|
|upkeep
|
|t:|1758925568
|switch|p2a: Entei|Entei|57/100
|turn|24
|
|t:|1758925570
|move|p2a: Entei|Extreme Speed|p1a: Tornadus
|-crit|p1a: Tornadus
|-damage|p1a: Tornadus|0 fnt
|faint|p1a: Tornadus
|
|win|popswrong4laughing
|raw|SBYK's rating: 1563 &rarr; <strong>1539</strong><br />(-24 for losing)
|raw|popswrong4laughing's rating: 1494 &rarr; <strong>1518</strong><br />(+24 for winning)
|l|☆SBYK
|player|p1|
