|j|☆chaomei_shen
|j|☆IPFREELY69420
|t:|1759073280
|gametype|singles
|player|p1|chaomei_shen|266|1367
|player|p2|IPFREELY69420|flannery|1357
|gen|9
|tier|[Gen 9] OU
|rated|
|rule|HP Percentage Mod: HP is shown in percentages
|rule|Endless Battle Clause: Forcing endless battles is banned
|rule|Species Clause: Limit one of each Pokémon
|rule|OHKO Clause: OHKO moves are banned
|rule|Evasion Items Clause: Evasion items are banned
|rule|Evasion Moves Clause: Evasion moves are banned
|rule|Evasion Abilities Clause: Evasion abilities are banned
|rule|Sleep Moves Clause: Sleep-inducing moves are banned
|clearpoke
|poke|p1|Glimmora, M|
|poke|p1|Pecharunt|
|poke|p1|Scizor, M|
|poke|p1|Regice|
|poke|p1|Heatran, M|
|poke|p1|Kingambit, F|
|poke|p2|Conkeldurr, F|
|poke|p2|Alomomola, F|
|poke|p2|Great Tusk|
|poke|p2|Zapdos|
|poke|p2|Rillaboom, F|
|poke|p2|Heatran, M|
|teampreview
|inactive|Battle timer is ON: inactive players will automatically lose when time's up. (requested by chaomei_shen)
|c|☆IPFREELY69420|what is regice for
|
|t:|1759073312
|teamsize|p1|6
|teamsize|p2|6
|start
|switch|p1a: Glimmora|Glimmora, M|100/100
|switch|p2a: Great Tusk|Great Tusk|100/100
|turn|1
|
|t:|1759073322
|move|p2a: Great Tusk|Headlong Rush|p1a: Glimmora
|-supereffective|p1a: Glimmora
|-enditem|p1a: Glimmora|Focus Sash
|-damage|p1a: Glimmora|1/100
|-unboost|p2a: Great Tusk|def|1
|-unboost|p2a: Great Tusk|spd|1
|-activate|p1a: Glimmora|ability: Toxic Debris
|-sidestart|p2: IPFREELY69420|move: Toxic Spikes
|move|p1a: Glimmora|Sludge Wave|p2a: Great Tusk
|-resisted|p2a: Great Tusk
|-damage|p2a: Great Tusk|39/100
|
|upkeep
|turn|2
|
|t:|1759073328
|move|p2a: Great Tusk|Rapid Spin|p1a: Glimmora
|-resisted|p1a: Glimmora
|-damage|p1a: Glimmora|0 fnt
|-boost|p2a: Great Tusk|spe|1
|-activate|p1a: Glimmora|ability: Toxic Debris
|-sidestart|p2: IPFREELY69420|move: Toxic Spikes
|-sideend|p2: IPFREELY69420|Toxic Spikes|[from] move: Rapid Spin|[of] p2a: Great Tusk
|faint|p1a: Glimmora
|
|upkeep
|
|t:|1759073346
|switch|p1a: Kingambit|Kingambit, F|100/100
|-activate|p1a: Kingambit|ability: Supreme Overlord
|-start|p1a: Kingambit|fallen1|[silent]
|turn|3
|
|t:|1759073358
|-end|p1a: Kingambit|fallen1|[silent]
|switch|p1a: Scizor|Scizor, M|100/100
|move|p2a: Great Tusk|Headlong Rush|p1a: Scizor
|-damage|p1a: Scizor|35/100
|-unboost|p2a: Great Tusk|def|1
|-unboost|p2a: Great Tusk|spd|1
|
|upkeep
|turn|4
|
|t:|1759073367
|-end|p2a: Great Tusk|Protosynthesis|[silent]
|switch|p2a: Heatran|Heatran, M|100/100
|-item|p2a: Heatran|Air Balloon
|move|p1a: Scizor|U-turn|p2a: Heatran
|-resisted|p2a: Heatran
|-damage|p2a: Heatran|87/100
|-enditem|p2a: Heatran|Air Balloon
|
|t:|1759073377
|switch|p1a: Regice|Regice|100/100|[from] U-turn
|
|upkeep
|turn|5
|
|t:|1759073390
|move|p2a: Heatran|Stealth Rock|p1a: Regice
|-sidestart|p1: chaomei_shen|move: Stealth Rock
|move|p1a: Regice|Curse|p1a: Regice
|-unboost|p1a: Regice|spe|1
|-boost|p1a: Regice|atk|1
|-boost|p1a: Regice|def|1
|
|upkeep
|turn|6
|
|t:|1759073400
|switch|p2a: Conkeldurr|Conkeldurr, F|100/100
|move|p1a: Regice|Curse|p1a: Regice
|-unboost|p1a: Regice|spe|1
|-boost|p1a: Regice|atk|1
|-boost|p1a: Regice|def|1
|
|-status|p2a: Conkeldurr|brn|[from] item: Flame Orb
|upkeep
|turn|7
|
|t:|1759073404
|-terastallize|p1a: Regice|Water
|move|p2a: Conkeldurr|Close Combat|p1a: Regice
|-damage|p1a: Regice|53/100
|-unboost|p2a: Conkeldurr|def|1
|-unboost|p2a: Conkeldurr|spd|1
|move|p1a: Regice|Curse|p1a: Regice
|-unboost|p1a: Regice|spe|1
|-boost|p1a: Regice|atk|1
|-boost|p1a: Regice|def|1
|
|-damage|p2a: Conkeldurr|95/100 brn|[from] brn
|upkeep
|turn|8
|
|t:|1759073413
|move|p2a: Conkeldurr|Close Combat|p1a: Regice
|-damage|p1a: Regice|11/100
|-unboost|p2a: Conkeldurr|def|1
|-unboost|p2a: Conkeldurr|spd|1
|move|p1a: Regice|Body Press|p2a: Conkeldurr
|-damage|p2a: Conkeldurr|2/100 brn
|
|-damage|p2a: Conkeldurr|0 fnt|[from] brn
|faint|p2a: Conkeldurr
|upkeep
|
|t:|1759073427
|switch|p2a: Great Tusk|Great Tusk|39/100
|turn|9
|
|t:|1759073430
|move|p2a: Great Tusk|Headlong Rush|p1a: Regice
|-damage|p1a: Regice|0 fnt
|-unboost|p2a: Great Tusk|def|1
|-unboost|p2a: Great Tusk|spd|1
|faint|p1a: Regice
|
|upkeep
|
|t:|1759073436
|switch|p1a: Scizor|Scizor, M|35/100
|-damage|p1a: Scizor|22/100|[from] Stealth Rock
|turn|10
|
|t:|1759073439
|-end|p2a: Great Tusk|Protosynthesis|[silent]
|switch|p2a: Heatran|Heatran, M|87/100
|move|p1a: Scizor|Bullet Punch|p2a: Heatran
|-resisted|p2a: Heatran
|-damage|p2a: Heatran|76/100
|
|upkeep
|turn|11
|
|t:|1759073446
|switch|p1a: Heatran|Heatran, M|100/100
|-damage|p1a: Heatran|88/100|[from] Stealth Rock
|-item|p1a: Heatran|Air Balloon
|move|p2a: Heatran|Earth Power|p1a: Heatran
|-immune|p1a: Heatran
|
|upkeep
|turn|12
|
|t:|1759073453
|switch|p2a: Alomomola|Alomomola, F|100/100
|move|p1a: Heatran|Taunt|p2a: Alomomola
|-start|p2a: Alomomola|move: Taunt
|
|upkeep
|turn|13
|
|t:|1759073455
|move|p1a: Heatran|Stealth Rock|p2a: Alomomola
|-sidestart|p2: IPFREELY69420|move: Stealth Rock
|move|p2a: Alomomola|Flip Turn|p1a: Heatran
|-supereffective|p1a: Heatran
|-damage|p1a: Heatran|59/100
|-enditem|p1a: Heatran|Air Balloon
|
|t:|1759073467
|switch|p2a: Great Tusk|Great Tusk|39/100|[from] Flip Turn
|
|upkeep
|turn|14
|
|t:|1759073475
|move|p2a: Great Tusk|Headlong Rush|p1a: Heatran
|-supereffective|p1a: Heatran
|-damage|p1a: Heatran|0 fnt
|-unboost|p2a: Great Tusk|def|1
|-unboost|p2a: Great Tusk|spd|1
|faint|p1a: Heatran
|
|upkeep
|
|t:|1759073480
|switch|p1a: Kingambit|Kingambit, F|100/100
|-damage|p1a: Kingambit|94/100|[from] Stealth Rock
|-activate|p1a: Kingambit|ability: Supreme Overlord
|-start|p1a: Kingambit|fallen3|[silent]
|turn|15
|
|t:|1759073485
|-end|p2a: Great Tusk|Protosynthesis|[silent]
|switch|p2a: Heatran|Heatran, M|76/100
|-damage|p2a: Heatran|64/100|[from] Stealth Rock
|move|p1a: Kingambit|Swords Dance|p1a: Kingambit
|-boost|p1a: Kingambit|atk|2
|
|upkeep
|turn|16
|
|t:|1759073490
|move|p2a: Heatran|Lava Plume|p1a: Kingambit
|-supereffective|p1a: Kingambit
|-damage|p1a: Kingambit|28/100
|move|p1a: Kingambit|Kowtow Cleave|p2a: Heatran
|-damage|p2a: Heatran|0 fnt
|-status|p1a: Kingambit|brn|[from] ability: Flame Body|[of] p2a: Heatran
|faint|p2a: Heatran
|
|-damage|p1a: Kingambit|22/100 brn|[from] brn
|upkeep
|-message|chaomei_shen forfeited.
|
|win|IPFREELY69420
|raw|chaomei_shen's rating: 1367 &rarr; <strong>1346</strong><br />(-21 for losing)
|raw|IPFREELY69420's rating: 1357 &rarr; <strong>1378</strong><br />(+21 for winning)
|l|☆chaomei_shen
|player|p1|
|c|☆IPFREELY69420|gg
|l|☆IPFREELY69420
|player|p2|
