|j|☆pxouzza
|j|☆Vangnex
|t:|1758975982
|gametype|singles
|player|p1|pxouzza|wallace|1225
|player|p2|Vangnex|lady|1190
|gen|9
|tier|[Gen 9] OU
|rated|
|rule|HP Percentage Mod: HP is shown in percentages
|rule|Endless Battle Clause: Forcing endless battles is banned
|rule|Species Clause: Limit one of each Pokémon
|rule|OHKO Clause: OHKO moves are banned
|rule|Evasion Items Clause: Evasion items are banned
|rule|Evasion Moves Clause: Evasion moves are banned
|rule|Evasion Abilities Clause: Evasion abilities are banned
|rule|Sleep Moves Clause: Sleep-inducing moves are banned
|clearpoke
|poke|p1|Conkeldurr, F|
|poke|p1|Alomomola, F|
|poke|p1|Ogerpon-Wellspring, F|
|poke|p1|Great Tusk|
|poke|p1|Clefable, F|
|poke|p1|Gholdengo|
|poke|p2|Glimmora, M|
|poke|p2|Cinderace, F|
|poke|p2|Ursaluna, M|
|poke|p2|Jolteon, M|
|poke|p2|Zangoose, M|
|poke|p2|Conkeldurr, F|
|teampreview
|inactive|Battle timer is ON: inactive players will automatically lose when time's up. (requested by pxouzza)
|
|t:|1758975996
|teamsize|p1|6
|teamsize|p2|6
|start
|switch|p1a: Great Tusk|Great Tusk|100/100
|switch|p2a: Glimmora|Glimmora, M|100/100
|turn|1
|inactive|Vangnex has 120 seconds left.
|
|t:|1758976030
|move|p1a: Great Tusk|Headlong Rush|p2a: Glimmora
|-supereffective|p2a: Glimmora
|-enditem|p2a: Glimmora|Focus Sash
|-damage|p2a: Glimmora|1/100
|-unboost|p1a: Great Tusk|def|1
|-unboost|p1a: Great Tusk|spd|1
|-activate|p2a: Glimmora|ability: Toxic Debris
|-sidestart|p1: pxouzza|move: Toxic Spikes
|move|p2a: Glimmora|Energy Ball|p1a: Great Tusk
|-supereffective|p1a: Great Tusk
|-damage|p1a: Great Tusk|0 fnt
|faint|p1a: Great Tusk
|-end|p1a: Great Tusk|Protosynthesis|[silent]
|
|upkeep
|inactive|pxouzza has 120 seconds left.
|
|t:|1758976077
|switch|p1a: Gholdengo|Gholdengo|100/100
|-item|p1a: Gholdengo|Air Balloon
|turn|2
|inactive|Vangnex has 120 seconds left.
|
|t:|1758976105
|move|p2a: Glimmora|Power Gem|p1a: Gholdengo
|-resisted|p1a: Gholdengo
|-damage|p1a: Gholdengo|76/100
|-enditem|p1a: Gholdengo|Air Balloon
|move|p1a: Gholdengo|Hex|p2a: Glimmora
|-damage|p2a: Glimmora|0 fnt
|faint|p2a: Glimmora
|
|upkeep
|
|t:|1758976114
|switch|p2a: Cinderace|Cinderace, F|100/100
|turn|3
|l|☆Vangnex
|inactive|Vangnex disconnected and has a minute to reconnect!
|player|p2|
|inactive|Vangnex has 30 seconds to reconnect!
|inactive|Vangnex has 20 seconds to reconnect!
|inactive|Vangnex has 15 seconds to reconnect!
|j|☆Vangnex
|inactive|Vangnex reconnected and has 65 seconds left.
|player|p2|Vangnex|lady|
|inactive|Vangnex has 60 seconds left.
|
|t:|1758976174
|switch|p1a: Alomomola|Alomomola, F|100/100
|move|p2a: Cinderace|Court Change|p2a: Cinderace
|-start|p2a: Cinderace|typechange|Normal|[from] ability: Libero
|-swapsideconditions
|-activate|p2a: Cinderace|move: Court Change
|
|upkeep
|turn|4
|inactive|pxouzza has 120 seconds left.
|inactive|pxouzza has 90 seconds left.
|l|☆Vangnex
|inactive|Vangnex disconnected and has a minute to reconnect!
|player|p2|
|j|☆Vangnex
|inactive|Vangnex reconnected.
|player|p2|Vangnex|lady|
|
|t:|1758976247
|move|p2a: Cinderace|U-turn|p1a: Alomomola
|-damage|p1a: Alomomola|88/100
|
|t:|1758976251
|switch|p2a: Jolteon|Jolteon, M|100/100|[from] U-turn
|-status|p2a: Jolteon|psn
|move|p1a: Alomomola|Wish|p1a: Alomomola
|
|-damage|p2a: Jolteon|88/100 psn|[from] psn
|upkeep
|turn|5
|
|t:|1758976272
|switch|p1a: Conkeldurr|Conkeldurr, F|100/100
|move|p2a: Jolteon|Volt Switch|p1a: Conkeldurr
|-damage|p1a: Conkeldurr|41/100
|inactive|Vangnex has 60 seconds left.
|
|t:|1758976299
|switch|p2a: Cinderace|Cinderace, F|100/100|[from] Volt Switch
|
|-heal|p1a: Conkeldurr|100/100|[from] move: Wish|[wisher] Alomomola
|-status|p1a: Conkeldurr|brn|[from] item: Flame Orb
|upkeep
|turn|6
|inactive|Vangnex has 60 seconds left.
|
|t:|1758976314
|-terastallize|p1a: Conkeldurr|Normal
|move|p2a: Cinderace|High Jump Kick|p1a: Conkeldurr|[miss]
|-start|p2a: Cinderace|typechange|Fighting|[from] ability: Libero
|-miss|p2a: Cinderace|p1a: Conkeldurr
|-damage|p2a: Cinderace|51/100|[from] highjumpkick
|move|p1a: Conkeldurr|Facade|p2a: Cinderace
|-damage|p2a: Cinderace|0 fnt
|faint|p2a: Cinderace
|
|-damage|p1a: Conkeldurr|94/100 brn|[from] brn
|upkeep
|inactive|Vangnex has 60 seconds left.
|
|t:|1758976322
|switch|p2a: Zangoose|Zangoose, M|100/100
|-status|p2a: Zangoose|psn
|turn|7
|
|t:|1758976325
|-terastallize|p2a: Zangoose|Ghost
|move|p1a: Conkeldurr|Mach Punch|p2a: Zangoose
|-immune|p2a: Zangoose
|move|p2a: Zangoose|Facade|p1a: Conkeldurr
|-damage|p1a: Conkeldurr|8/100 brn
|
|-damage|p2a: Zangoose|88/100 psn|[from] psn
|-damage|p1a: Conkeldurr|2/100 brn|[from] brn
|upkeep
|turn|8
|
|t:|1758976335
|switch|p1a: Gholdengo|Gholdengo|76/100
|move|p2a: Zangoose|Facade|p1a: Gholdengo
|-immune|p1a: Gholdengo
|
|-damage|p2a: Zangoose|76/100 psn|[from] psn
|upkeep
|turn|9
|inactive|pxouzza has 90 seconds left.
|
|t:|1758976344
|switch|p2a: Ursaluna|Ursaluna, M|100/100
|-status|p2a: Ursaluna|psn
|move|p1a: Gholdengo|Hex|p2a: Ursaluna
|-immune|p2a: Ursaluna
|
|-damage|p2a: Ursaluna|88/100 psn|[from] psn
|upkeep
|turn|10
|inactive|Vangnex has 90 seconds left.
|
|t:|1758976354
|switch|p1a: Clefable|Clefable, F|100/100
|move|p2a: Ursaluna|Earthquake|p1a: Clefable
|-damage|p1a: Clefable|30/100
|
|-heal|p1a: Clefable|36/100|[from] item: Leftovers
|-damage|p2a: Ursaluna|75/100 psn|[from] psn
|upkeep
|turn|11
|
|t:|1758976361
|move|p1a: Clefable|Stealth Rock|p2a: Ursaluna
|-sidestart|p2: Vangnex|move: Stealth Rock
|move|p2a: Ursaluna|Facade|p1a: Clefable
|-damage|p1a: Clefable|0 fnt
|faint|p1a: Clefable
|
|-damage|p2a: Ursaluna|63/100 psn|[from] psn
|upkeep
|
|t:|1758976366
|switch|p1a: Ogerpon|Ogerpon-Wellspring, F|100/100
|turn|12
|
|t:|1758976369
|move|p1a: Ogerpon|Ivy Cudgel|p2a: Ursaluna|[anim] Ivy Cudgel Water
|-supereffective|p2a: Ursaluna
|-damage|p2a: Ursaluna|0 fnt
|faint|p2a: Ursaluna
|
|upkeep
|
|t:|1758976374
|switch|p2a: Jolteon|Jolteon, M|88/100 psn
|-damage|p2a: Jolteon|75/100 psn|[from] Stealth Rock
|turn|13
|
|t:|1758976378
|move|p2a: Jolteon|Volt Switch|p1a: Ogerpon
|-damage|p1a: Ogerpon|37/100
|inactive|Vangnex has 120 seconds left.
|
|t:|1758976387
|switch|p2a: Conkeldurr|Conkeldurr, F|100/100|[from] Volt Switch
|-status|p2a: Conkeldurr|psn
|-damage|p2a: Conkeldurr|94/100 psn|[from] Stealth Rock
|move|p1a: Ogerpon|Ivy Cudgel|p2a: Conkeldurr|[anim] Ivy Cudgel Water
|-damage|p2a: Conkeldurr|42/100 psn
|
|-damage|p2a: Conkeldurr|29/100 psn|[from] psn
|upkeep
|turn|14
|inactive|Vangnex has 120 seconds left.
|
|t:|1758976403
|switch|p1a: Gholdengo|Gholdengo|76/100
|move|p2a: Conkeldurr|Mach Punch|p1a: Gholdengo
|-immune|p1a: Gholdengo
|
|-damage|p2a: Conkeldurr|17/100 psn|[from] psn
|upkeep
|turn|15
|-enditem|p2a: Conkeldurr|Custap Berry|[eat]
|-activate|p2a: Conkeldurr|item: Custap Berry|[consumed]
|
|t:|1758976411
|move|p2a: Conkeldurr|Knock Off|p1a: Gholdengo
|-supereffective|p1a: Gholdengo
|-damage|p1a: Gholdengo|20/100
|move|p1a: Gholdengo|Hex|p2a: Conkeldurr
|-damage|p2a: Conkeldurr|0 fnt
|faint|p2a: Conkeldurr
|
|upkeep
|inactive|Vangnex has 120 seconds left.
|
|t:|1758976426
|switch|p2a: Zangoose|Zangoose, M, tera:Ghost|76/100 psn
|-damage|p2a: Zangoose|64/100 psn|[from] Stealth Rock
|turn|16
|
|t:|1758976429
|move|p2a: Zangoose|Knock Off|p1a: Gholdengo
|-supereffective|p1a: Gholdengo
|-damage|p1a: Gholdengo|0 fnt
|faint|p1a: Gholdengo
|
|-damage|p2a: Zangoose|52/100 psn|[from] psn
|upkeep
|
|t:|1758976443
|switch|p1a: Alomomola|Alomomola, F|100/100
|turn|17
|
|t:|1758976445
|move|p2a: Zangoose|Knock Off|p1a: Alomomola
|-damage|p1a: Alomomola|77/100
|-enditem|p1a: Alomomola|Heavy-Duty Boots|[from] move: Knock Off|[of] p2a: Zangoose
|move|p1a: Alomomola|Wish|p1a: Alomomola
|
|-damage|p2a: Zangoose|40/100 psn|[from] psn
|upkeep
|turn|18
|
|t:|1758976454
|switch|p2a: Jolteon|Jolteon, M|75/100 psn
|-damage|p2a: Jolteon|63/100 psn|[from] Stealth Rock
|move|p1a: Alomomola|Flip Turn|p2a: Jolteon
|-damage|p2a: Jolteon|33/100 psn
|
|t:|1758976458
|switch|p1a: Conkeldurr|Conkeldurr, F, tera:Normal|2/100 brn|[from] Flip Turn
|
|-heal|p1a: Conkeldurr|66/100 brn|[from] move: Wish|[wisher] Alomomola
|-damage|p2a: Jolteon|20/100 psn|[from] psn
|-damage|p1a: Conkeldurr|60/100 brn|[from] brn
|upkeep
|turn|19
|
|t:|1758976464
|switch|p2a: Zangoose|Zangoose, M, tera:Ghost|40/100 psn
|-damage|p2a: Zangoose|27/100 psn|[from] Stealth Rock
|move|p1a: Conkeldurr|Earthquake|p2a: Zangoose
|-damage|p2a: Zangoose|0 fnt
|faint|p2a: Zangoose
|
|-damage|p1a: Conkeldurr|54/100 brn|[from] brn
|upkeep
|-message|Vangnex forfeited.
|
|win|pxouzza
|raw|pxouzza's rating: 1225 &rarr; <strong>1247</strong><br />(+22 for winning)
|raw|Vangnex's rating: 1190 &rarr; <strong>1168</strong><br />(-22 for losing)
|l|☆Vangnex
|player|p2|
|l|☆pxouzza
|player|p1|
