|j|☆jxrx
|j|☆inthestation
|t:|1759065345
|gametype|singles
|player|p1|jxrx|norman|1514
|player|p2|inthestation|pokemonbreeder|1476
|gen|9
|tier|[Gen 9] OU
|rated|
|rule|HP Percentage Mod: HP is shown in percentages
|rule|Endless Battle Clause: Forcing endless battles is banned
|rule|Species Clause: Limit one of each Pokémon
|rule|OHKO Clause: OHKO moves are banned
|rule|Evasion Items Clause: Evasion items are banned
|rule|Evasion Moves Clause: Evasion moves are banned
|rule|Evasion Abilities Clause: Evasion abilities are banned
|rule|Sleep Moves Clause: Sleep-inducing moves are banned
|clearpoke
|poke|p1|Dragapult, M|
|poke|p1|Vileplume, M|
|poke|p1|Garganacl, F|
|poke|p1|Scizor, M|
|poke|p1|Houndoom, F|
|poke|p1|Grumpig, F|
|poke|p2|Ninetales-Alola, F|
|poke|p2|Iron Crown|
|poke|p2|Kyurem|
|poke|p2|Kingambit, F|
|poke|p2|Iron Valiant|
|poke|p2|Great Tusk|
|teampreview
|inactive|Battle timer is ON: inactive players will automatically lose when time's up. (requested by jxrx)
|inactive|jxrx has 120 seconds left.
|
|t:|1759065386
|teamsize|p1|6
|teamsize|p2|6
|start
|switch|p1a: Scizor|Scizor, M|100/100
|switch|p2a: Iron Crown|Iron Crown|100/100
|turn|1
|
|t:|1759065398
|move|p2a: Iron Crown|Calm Mind|p2a: Iron Crown
|-boost|p2a: Iron Crown|spa|1
|-boost|p2a: Iron Crown|spd|1
|move|p1a: Scizor|Knock Off|p2a: Iron Crown
|-supereffective|p2a: Iron Crown
|-damage|p2a: Iron Crown|41/100
|-enditem|p2a: Iron Crown|Weakness Policy
|-boost|p2a: Iron Crown|atk|2|[from] item: Weakness Policy
|-boost|p2a: Iron Crown|spa|2|[from] item: Weakness Policy
|
|upkeep
|turn|2
|
|t:|1759065414
|switch|p1a: Houndoom|Houndoom, F|100/100
|move|p2a: Iron Crown|Stored Power|p1a: Houndoom
|-immune|p1a: Houndoom
|
|upkeep
|turn|3
|
|t:|1759065419
|move|p1a: Houndoom|Dark Pulse|p2a: Iron Crown
|-supereffective|p2a: Iron Crown
|-damage|p2a: Iron Crown|0 fnt
|faint|p2a: Iron Crown
|-end|p2a: Iron Crown|Quark Drive|[silent]
|
|upkeep
|
|t:|1759065426
|switch|p2a: Ninetales|Ninetales-Alola, F|100/100
|-weather|Snowscape|[from] ability: Snow Warning|[of] p2a: Ninetales
|turn|4
|
|t:|1759065433
|move|p2a: Ninetales|Aurora Veil|p2a: Ninetales
|-sidestart|p2: inthestation|move: Aurora Veil
|move|p1a: Houndoom|Flamethrower|p2a: Ninetales
|-supereffective|p2a: Ninetales
|-damage|p2a: Ninetales|59/100
|
|-weather|Snowscape|[upkeep]
|upkeep
|turn|5
|
|t:|1759065454
|switch|p2a: Iron Valiant|Iron Valiant|100/100
|-enditem|p2a: Iron Valiant|Booster Energy
|-activate|p2a: Iron Valiant|ability: Quark Drive|[fromitem]
|-start|p2a: Iron Valiant|quarkdrivespe
|switch|p1a: Grumpig|Grumpig, F|100/100
|
|-weather|Snowscape|[upkeep]
|upkeep
|turn|6
|
|t:|1759065465
|move|p2a: Iron Valiant|Calm Mind|p2a: Iron Valiant
|-boost|p2a: Iron Valiant|spa|1
|-boost|p2a: Iron Valiant|spd|1
|move|p1a: Grumpig|Icy Wind|p2a: Iron Valiant
|-damage|p2a: Iron Valiant|91/100
|-unboost|p2a: Iron Valiant|spe|1
|
|-weather|Snowscape|[upkeep]
|upkeep
|turn|7
|
|t:|1759065481
|move|p2a: Iron Valiant|Shadow Ball|p1a: Grumpig
|-supereffective|p1a: Grumpig
|-damage|p1a: Grumpig|44/100
|-unboost|p1a: Grumpig|spd|1
|move|p1a: Grumpig|Psyshock|p2a: Iron Valiant
|-supereffective|p2a: Iron Valiant
|-damage|p2a: Iron Valiant|49/100
|
|-weather|Snowscape|[upkeep]
|upkeep
|turn|8
|
|t:|1759065490
|move|p2a: Iron Valiant|Moonblast|p1a: Grumpig
|-damage|p1a: Grumpig|0 fnt
|faint|p1a: Grumpig
|
|-weather|none
|upkeep
|
|t:|1759065494
|switch|p1a: Scizor|Scizor, M|100/100
|turn|9
|
|t:|1759065500
|move|p1a: Scizor|Bullet Punch|p2a: Iron Valiant
|-supereffective|p2a: Iron Valiant
|-damage|p2a: Iron Valiant|8/100
|move|p2a: Iron Valiant|Shadow Ball|p1a: Scizor
|-damage|p1a: Scizor|54/100
|
|upkeep
|turn|10
|
|t:|1759065505
|move|p1a: Scizor|Bullet Punch|p2a: Iron Valiant
|-supereffective|p2a: Iron Valiant
|-damage|p2a: Iron Valiant|0 fnt
|faint|p2a: Iron Valiant
|-end|p2a: Iron Valiant|Quark Drive|[silent]
|
|upkeep
|
|t:|1759065507
|switch|p2a: Kingambit|Kingambit, F|100/100
|-activate|p2a: Kingambit|ability: Supreme Overlord
|-start|p2a: Kingambit|fallen2|[silent]
|turn|11
|
|t:|1759065517
|switch|p1a: Vileplume|Vileplume, M|100/100
|move|p2a: Kingambit|Swords Dance|p2a: Kingambit
|-boost|p2a: Kingambit|atk|2
|
|-sideend|p2: inthestation|move: Aurora Veil
|upkeep
|turn|12
|
|t:|1759065541
|move|p2a: Kingambit|Kowtow Cleave|p1a: Vileplume
|-damage|p1a: Vileplume|6/100
|-damage|p2a: Kingambit|84/100|[from] item: Rocky Helmet|[of] p1a: Vileplume
|-status|p2a: Kingambit|par|[from] ability: Effect Spore|[of] p1a: Vileplume
|move|p1a: Vileplume|Strength Sap|p2a: Kingambit
|-unboost|p2a: Kingambit|atk|1
|-heal|p1a: Vileplume|100/100
|
|-heal|p2a: Kingambit|90/100 par|[from] item: Leftovers
|upkeep
|turn|13
|inactive|jxrx has 120 seconds left.
|
|t:|1759065568
|-end|p2a: Kingambit|fallen2|[silent]
|switch|p2a: Ninetales|Ninetales-Alola, F|59/100
|-weather|Snowscape|[from] ability: Snow Warning|[of] p2a: Ninetales
|move|p1a: Vileplume|Leech Seed|p2a: Ninetales
|-start|p2a: Ninetales|move: Leech Seed
|
|-weather|Snowscape|[upkeep]
|-damage|p2a: Ninetales|47/100|[from] Leech Seed|[of] p1a: Vileplume
|upkeep
|turn|14
|inactive|jxrx has 120 seconds left.
|inactive|jxrx has 90 seconds left.
|l|☆jxrx
|inactive|jxrx disconnected and has a minute to reconnect!
|player|p1|
|j|☆jxrx
|inactive|jxrx reconnected and has 85 seconds left.
|player|p1|jxrx|norman|
|
|t:|1759065619
|switch|p1a: Scizor|Scizor, M|54/100
|move|p2a: Ninetales|Aurora Veil|p2a: Ninetales
|-sidestart|p2: inthestation|move: Aurora Veil
|
|-weather|Snowscape|[upkeep]
|-damage|p2a: Ninetales|35/100|[from] Leech Seed|[of] p1a: Scizor
|-heal|p1a: Scizor|66/100|[silent]
|upkeep
|turn|15
|
|t:|1759065627
|move|p1a: Scizor|Bullet Punch|p2a: Ninetales
|-supereffective|p2a: Ninetales
|-damage|p2a: Ninetales|0 fnt
|faint|p2a: Ninetales
|
|-weather|Snowscape|[upkeep]
|upkeep
|
|t:|1759065633
|switch|p2a: Great Tusk|Great Tusk|100/100
|-enditem|p2a: Great Tusk|Booster Energy
|-activate|p2a: Great Tusk|ability: Protosynthesis|[fromitem]
|-start|p2a: Great Tusk|protosynthesisspe
|turn|16
|inactive|jxrx has 90 seconds left.
|
|t:|1759065648
|move|p2a: Great Tusk|Bulk Up|p2a: Great Tusk
|-boost|p2a: Great Tusk|atk|1
|-boost|p2a: Great Tusk|def|1
|move|p1a: Scizor|Defog|p2a: Great Tusk
|-unboost|p2a: Great Tusk|evasion|1
|-sideend|p2: inthestation|move: Aurora Veil
|
|-weather|Snowscape|[upkeep]
|upkeep
|turn|17
|
|t:|1759065654
|switch|p1a: Vileplume|Vileplume, M|100/100
|move|p2a: Great Tusk|Bulk Up|p2a: Great Tusk
|-boost|p2a: Great Tusk|atk|1
|-boost|p2a: Great Tusk|def|1
|
|-weather|none
|upkeep
|turn|18
|inactive|jxrx has 90 seconds left.
|
|t:|1759065676
|-terastallize|p2a: Great Tusk|Ice
|move|p2a: Great Tusk|Ice Spinner|p1a: Vileplume
|-supereffective|p1a: Vileplume
|-damage|p1a: Vileplume|0 fnt
|-damage|p2a: Great Tusk|84/100|[from] item: Rocky Helmet|[of] p1a: Vileplume
|faint|p1a: Vileplume
|
|upkeep
|
|t:|1759065699
|switch|p1a: Houndoom|Houndoom, F|100/100
|turn|19
|
|t:|1759065704
|move|p2a: Great Tusk|Headlong Rush|p1a: Houndoom
|-supereffective|p1a: Houndoom
|-enditem|p1a: Houndoom|Focus Sash
|-damage|p1a: Houndoom|1/100
|-unboost|p2a: Great Tusk|def|1
|-unboost|p2a: Great Tusk|spd|1
|move|p1a: Houndoom|Flamethrower|p2a: Great Tusk
|-supereffective|p2a: Great Tusk
|-damage|p2a: Great Tusk|0 fnt
|faint|p2a: Great Tusk
|-end|p2a: Great Tusk|Protosynthesis|[silent]
|
|upkeep
|
|t:|1759065714
|switch|p2a: Kyurem|Kyurem|100/100
|-ability|p2a: Kyurem|Pressure
|turn|20
|
|t:|1759065727
|move|p2a: Kyurem|Earth Power|p1a: Houndoom
|-supereffective|p1a: Houndoom
|-damage|p1a: Houndoom|0 fnt
|faint|p1a: Houndoom
|
|upkeep
|
|t:|1759065749
|switch|p1a: Garganacl|Garganacl, F|100/100
|turn|21
|inactive|jxrx has 60 seconds left.
|
|t:|1759065768
|move|p2a: Kyurem|Freeze-Dry|p1a: Garganacl
|-damage|p1a: Garganacl|75/100
|move|p1a: Garganacl|Salt Cure|p2a: Kyurem
|-supereffective|p2a: Kyurem
|-damage|p2a: Kyurem|68/100
|-start|p2a: Kyurem|Salt Cure
|
|-heal|p1a: Garganacl|81/100|[from] item: Leftovers
|-damage|p2a: Kyurem|56/100|[from] Salt Cure
|upkeep
|turn|22
|
|t:|1759065773
|move|p1a: Garganacl|Protect|p1a: Garganacl
|-singleturn|p1a: Garganacl|Protect
|move|p2a: Kyurem|Dragon Dance|p2a: Kyurem
|-boost|p2a: Kyurem|atk|1
|-boost|p2a: Kyurem|spe|1
|
|-heal|p1a: Garganacl|87/100|[from] item: Leftovers
|-damage|p2a: Kyurem|44/100|[from] Salt Cure
|upkeep
|turn|23
|
|t:|1759065782
|move|p2a: Kyurem|Icicle Spear|p1a: Garganacl
|-damage|p1a: Garganacl|73/100
|-damage|p1a: Garganacl|57/100
|-hitcount|p1a: Garganacl|2
|move|p1a: Garganacl|Recover|p1a: Garganacl
|-heal|p1a: Garganacl|100/100
|
|-damage|p2a: Kyurem|31/100|[from] Salt Cure
|upkeep
|turn|24
|
|t:|1759065788
|move|p1a: Garganacl|Protect|p1a: Garganacl
|-singleturn|p1a: Garganacl|Protect
|move|p2a: Kyurem|Earth Power|p1a: Garganacl
|-activate|p1a: Garganacl|move: Protect
|
|-damage|p2a: Kyurem|19/100|[from] Salt Cure
|upkeep
|turn|25
|
|t:|1759065793
|move|p2a: Kyurem|Earth Power|p1a: Garganacl
|-supereffective|p1a: Garganacl
|-damage|p1a: Garganacl|64/100
|move|p1a: Garganacl|Recover|p1a: Garganacl
|-heal|p1a: Garganacl|100/100
|
|-damage|p2a: Kyurem|7/100|[from] Salt Cure
|upkeep
|turn|26
|
|t:|1759065799
|move|p1a: Garganacl|Protect|p1a: Garganacl
|-singleturn|p1a: Garganacl|Protect
|move|p2a: Kyurem|Earth Power|p1a: Garganacl
|-activate|p1a: Garganacl|move: Protect
|
|-damage|p2a: Kyurem|0 fnt|[from] Salt Cure
|faint|p2a: Kyurem
|upkeep
|
|t:|1759065801
|switch|p2a: Kingambit|Kingambit, F|90/100 par
|-activate|p2a: Kingambit|ability: Supreme Overlord
|-start|p2a: Kingambit|fallen5|[silent]
|turn|27
|
|t:|1759065806
|move|p1a: Garganacl|Salt Cure|p2a: Kingambit
|-resisted|p2a: Kingambit
|-damage|p2a: Kingambit|86/100 par
|-start|p2a: Kingambit|Salt Cure
|move|p2a: Kingambit|Swords Dance|p2a: Kingambit
|-boost|p2a: Kingambit|atk|2
|
|-heal|p2a: Kingambit|92/100 par|[from] item: Leftovers
|-damage|p2a: Kingambit|67/100 par|[from] Salt Cure
|upkeep
|turn|28
|
|t:|1759065813
|switch|p1a: Scizor|Scizor, M|66/100
|move|p2a: Kingambit|Swords Dance|p2a: Kingambit
|-boost|p2a: Kingambit|atk|2
|
|-heal|p2a: Kingambit|73/100 par|[from] item: Leftovers
|-damage|p2a: Kingambit|48/100 par|[from] Salt Cure
|upkeep
|turn|29
|inactive|jxrx has 120 seconds left.
|
|t:|1759065821
|move|p2a: Kingambit|Sucker Punch|p1a: Scizor
|-damage|p1a: Scizor|0 fnt
|faint|p1a: Scizor
|
|-heal|p2a: Kingambit|54/100 par|[from] item: Leftovers
|-damage|p2a: Kingambit|29/100 par|[from] Salt Cure
|upkeep
|
|t:|1759065824
|switch|p1a: Garganacl|Garganacl, F|100/100
|turn|30
|
|t:|1759065828
|move|p1a: Garganacl|Protect|p1a: Garganacl
|-singleturn|p1a: Garganacl|Protect
|cant|p2a: Kingambit|par
|
|-heal|p2a: Kingambit|35/100 par|[from] item: Leftovers
|-damage|p2a: Kingambit|10/100 par|[from] Salt Cure
|upkeep
|turn|31
|-message|inthestation forfeited.
|
|win|jxrx
|raw|jxrx's rating: 1514 &rarr; <strong>1532</strong><br />(+18 for winning)
|raw|inthestation's rating: 1476 &rarr; <strong>1458</strong><br />(-18 for losing)
|l|☆inthestation
|player|p2|
|l|☆jxrx
|player|p1|
