|j|☆Luisao
|j|‽Phxboi
|t:|1759022273
|gametype|singles
|player|p1|Luisao|265|1385
|player|p2|Phxboi|brendan|1388
|gen|9
|tier|[Gen 9] OU
|rated|
|rule|HP Percentage Mod: HP is shown in percentages
|rule|Endless Battle Clause: Forcing endless battles is banned
|rule|Species Clause: Limit one of each Pokémon
|rule|OHKO Clause: OHKO moves are banned
|rule|Evasion Items Clause: Evasion items are banned
|rule|Evasion Moves Clause: Evasion moves are banned
|rule|Evasion Abilities Clause: Evasion abilities are banned
|rule|Sleep Moves Clause: Sleep-inducing moves are banned
|clearpoke
|poke|p1|Dragonite, M|
|poke|p1|Serperior, F|
|poke|p1|Donphan, M|
|poke|p1|Medicham, M|
|poke|p1|Scizor, M|
|poke|p1|Gengar, M|
|poke|p2|Garchomp, M|
|poke|p2|Slowking-Galar, F|
|poke|p2|Scizor, M|
|poke|p2|Quaquaval, M|
|poke|p2|Zapdos|
|poke|p2|Darkrai|
|teampreview
|inactive|Battle timer is ON: inactive players will automatically lose when time's up. (requested by Luisao)
|
|t:|1759022293
|teamsize|p1|6
|teamsize|p2|6
|start
|switch|p1a: Medicham|Medicham, M, shiny|100/100
|switch|p2a: Slowking|Slowking-Galar, F, shiny|100/100
|turn|1
|
|t:|1759022306
|switch|p1a: Donphan|Donphan, M|100/100
|switch|p2a: Garchomp|Garchomp, M|100/100
|
|upkeep
|turn|2
|
|t:|1759022318
|switch|p2a: Quaquaval|Quaquaval, M, shiny|100/100
|move|p1a: Donphan|Stealth Rock|p2a: Quaquaval
|-sidestart|p2: Phxboi|move: Stealth Rock
|
|upkeep
|turn|3
|
|t:|1759022324
|switch|p1a: Serperior|Serperior, F, shiny|100/100
|move|p2a: Quaquaval|Aqua Step|p1a: Serperior
|-resisted|p1a: Serperior
|-damage|p1a: Serperior|74/100
|-boost|p2a: Quaquaval|spe|1
|
|upkeep
|turn|4
|
|t:|1759022339
|-terastallize|p2a: Quaquaval|Ice
|move|p1a: Serperior|Leaf Storm|p2a: Quaquaval
|-damage|p2a: Quaquaval|58/100
|-boost|p1a: Serperior|spa|2
|move|p2a: Quaquaval|Ice Spinner|p1a: Serperior
|-supereffective|p1a: Serperior
|-damage|p1a: Serperior|0 fnt
|faint|p1a: Serperior
|-ability|p2a: Quaquaval|Moxie|boost
|-boost|p2a: Quaquaval|atk|1
|
|upkeep
|
|t:|1759022353
|switch|p1a: Scizor|Scizor, M|100/100
|turn|5
|
|t:|1759022358
|switch|p2a: Zapdos|Zapdos, shiny|100/100
|move|p1a: Scizor|Bullet Punch|p2a: Zapdos
|-resisted|p2a: Zapdos
|-damage|p2a: Zapdos|82/100
|-damage|p1a: Scizor|91/100|[from] item: Life Orb
|
|upkeep
|turn|6
|
|t:|1759022383
|move|p2a: Zapdos|Heat Wave|p1a: Scizor
|-supereffective|p1a: Scizor
|-damage|p1a: Scizor|0 fnt
|faint|p1a: Scizor
|
|upkeep
|
|t:|1759022388
|switch|p1a: Medicham|Medicham, M, shiny|100/100
|turn|7
|
|t:|1759022393
|move|p1a: Medicham|Ice Punch|p2a: Zapdos
|-supereffective|p2a: Zapdos
|-damage|p2a: Zapdos|9/100
|-status|p2a: Zapdos|frz
|-damage|p1a: Medicham|91/100|[from] item: Life Orb
|cant|p2a: Zapdos|frz
|
|upkeep
|turn|8
|
|t:|1759022402
|switch|p1a: Dragonite|Dragonite, M|100/100
|cant|p2a: Zapdos|frz
|
|upkeep
|turn|9
|
|t:|1759022408
|switch|p2a: Garchomp|Garchomp, M|100/100
|-damage|p2a: Garchomp|94/100|[from] Stealth Rock
|move|p1a: Dragonite|Dragon Dance|p1a: Dragonite
|-boost|p1a: Dragonite|atk|1
|-boost|p1a: Dragonite|spe|1
|
|upkeep
|turn|10
|
|t:|1759022416
|move|p1a: Dragonite|Outrage|p2a: Garchomp
|-supereffective|p2a: Garchomp
|-damage|p2a: Garchomp|0 fnt
|-damage|p1a: Dragonite|88/100|[from] ability: Rough Skin|[of] p2a: Garchomp
|-damage|p1a: Dragonite|71/100|[from] item: Rocky Helmet|[of] p2a: Garchomp
|faint|p2a: Garchomp
|
|-heal|p1a: Dragonite|78/100|[from] item: Leftovers
|upkeep
|
|t:|1759022430
|switch|p2a: Scizor|Scizor, M, shiny|100/100
|-damage|p2a: Scizor|88/100|[from] Stealth Rock
|turn|11
|
|t:|1759022437
|move|p1a: Dragonite|Outrage|p2a: Scizor|[from] lockedmove
|-resisted|p2a: Scizor
|-damage|p2a: Scizor|34/100
|-start|p1a: Dragonite|confusion|[fatigue]
|move|p2a: Scizor|Knock Off|p1a: Dragonite
|-damage|p1a: Dragonite|36/100
|-enditem|p1a: Dragonite|Leftovers|[from] move: Knock Off|[of] p2a: Scizor
|
|upkeep
|turn|12
|
|t:|1759022449
|move|p2a: Scizor|Bullet Punch|p1a: Dragonite
|-damage|p1a: Dragonite|0 fnt
|faint|p1a: Dragonite
|
|upkeep
|
|t:|1759022454
|switch|p1a: Donphan|Donphan, M|100/100
|turn|13
|
|t:|1759022459
|switch|p2a: Zapdos|Zapdos, shiny|9/100 frz
|move|p1a: Donphan|Earthquake|p2a: Zapdos
|-immune|p2a: Zapdos
|
|upkeep
|turn|14
|
|t:|1759022466
|switch|p1a: Gengar|Gengar, M, shiny|100/100
|cant|p2a: Zapdos|frz
|
|upkeep
|turn|15
|
|t:|1759022475
|move|p1a: Gengar|Nasty Plot|p1a: Gengar
|-boost|p1a: Gengar|spa|2
|cant|p2a: Zapdos|frz
|
|upkeep
|turn|16
|
|t:|1759022481
|move|p1a: Gengar|Nasty Plot|p1a: Gengar
|-boost|p1a: Gengar|spa|2
|cant|p2a: Zapdos|frz
|
|upkeep
|turn|17
|
|t:|1759022487
|move|p1a: Gengar|Nasty Plot|p1a: Gengar
|-boost|p1a: Gengar|spa|2
|cant|p2a: Zapdos|frz
|
|upkeep
|turn|18
|
|t:|1759022493
|move|p1a: Gengar|Shadow Ball|p2a: Zapdos
|-damage|p2a: Zapdos|0 fnt
|faint|p2a: Zapdos
|
|upkeep
|
|t:|1759022498
|switch|p2a: Darkrai|Darkrai, shiny|100/100
|-damage|p2a: Darkrai|88/100|[from] Stealth Rock
|turn|19
|
|t:|1759022503
|move|p2a: Darkrai|Dark Pulse|p1a: Gengar
|-supereffective|p1a: Gengar
|-enditem|p1a: Gengar|Focus Sash
|-damage|p1a: Gengar|1/100
|move|p1a: Gengar|Sludge Wave|p2a: Darkrai
|-damage|p2a: Darkrai|0 fnt
|faint|p2a: Darkrai
|
|upkeep
|
|t:|1759022512
|switch|p2a: Scizor|Scizor, M, shiny|34/100
|-damage|p2a: Scizor|21/100|[from] Stealth Rock
|turn|20
|
|t:|1759022533
|switch|p1a: Medicham|Medicham, M, shiny|91/100
|move|p2a: Scizor|Bullet Punch|p1a: Medicham
|-damage|p1a: Medicham|34/100
|
|upkeep
|turn|21
|
|t:|1759022539
|move|p1a: Medicham|Fake Out|p2a: Scizor
|-resisted|p2a: Scizor
|-damage|p2a: Scizor|8/100
|-damage|p1a: Medicham|25/100|[from] item: Life Orb
|cant|p2a: Scizor|flinch
|
|upkeep
|turn|22
|
|t:|1759022547
|move|p1a: Medicham|Bullet Punch|p2a: Scizor
|-resisted|p2a: Scizor
|-damage|p2a: Scizor|0 fnt
|faint|p2a: Scizor
|-damage|p1a: Medicham|15/100|[from] item: Life Orb
|
|upkeep
|
|t:|1759022555
|switch|p2a: Slowking|Slowking-Galar, F, shiny|100/100
|-damage|p2a: Slowking|88/100|[from] Stealth Rock
|turn|23
|
|t:|1759022560
|move|p1a: Medicham|Ice Punch|p2a: Slowking
|-damage|p2a: Slowking|44/100
|-damage|p1a: Medicham|5/100|[from] item: Life Orb
|move|p2a: Slowking|Surf|p1a: Medicham
|-damage|p1a: Medicham|0 fnt
|faint|p1a: Medicham
|
|upkeep
|
|t:|1759022569
|switch|p1a: Gengar|Gengar, M, shiny|1/100
|turn|24
|
|t:|1759022574
|move|p1a: Gengar|Shadow Ball|p2a: Slowking
|-supereffective|p2a: Slowking
|-damage|p2a: Slowking|0 fnt
|faint|p2a: Slowking
|
|upkeep
|
|t:|1759022580
|switch|p2a: Quaquaval|Quaquaval, M, shiny, tera:Ice|58/100
|-damage|p2a: Quaquaval|33/100|[from] Stealth Rock
|turn|25
|
|t:|1759022584
|move|p1a: Gengar|Destiny Bond|p1a: Gengar
|-singlemove|p1a: Gengar|Destiny Bond
|move|p2a: Quaquaval|Aqua Step|p1a: Gengar
|-damage|p1a: Gengar|0 fnt
|-boost|p2a: Quaquaval|spe|1
|faint|p1a: Gengar
|-activate|p1a: Gengar|move: Destiny Bond
|faint|p2a: Quaquaval
|
|win|Luisao
|raw|Luisao's rating: 1385 &rarr; <strong>1405</strong><br />(+20 for winning)
|raw|Phxboi's rating: 1388 &rarr; <strong>1368</strong><br />(-20 for losing)
|l|‽Phxboi
|player|p2|
|l|☆Luisao
|player|p1|
