|j|☆Shibuya Arc
|j|‽Tsaun
|t:|1758933370
|gametype|singles
|player|p1|Shibuya Arc|265|1466
|player|p2|Tsaun|170|1470
|gen|9
|tier|[Gen 9] OU
|rated|
|rule|HP Percentage Mod: HP is shown in percentages
|rule|Endless Battle Clause: Forcing endless battles is banned
|rule|Species Clause: Limit one of each Pokémon
|rule|OHKO Clause: OHKO moves are banned
|rule|Evasion Items Clause: Evasion items are banned
|rule|Evasion Moves Clause: Evasion moves are banned
|rule|Evasion Abilities Clause: Evasion abilities are banned
|rule|Sleep Moves Clause: Sleep-inducing moves are banned
|clearpoke
|poke|p1|Dragapult, F|
|poke|p1|Dragonite, F|
|poke|p1|Ting-Lu|
|poke|p1|Weezing-Galar, F|
|poke|p1|Iron Crown|
|poke|p1|Zapdos|
|poke|p2|Kyurem|
|poke|p2|Ceruledge, M|
|poke|p2|Great Tusk|
|poke|p2|Iron Crown|
|poke|p2|Slowking-Galar, F|
|poke|p2|Meowscarada, F|
|teampreview
|inactive|Battle timer is ON: inactive players will automatically lose when time's up. (requested by Tsaun)
|
|t:|1758933379
|teamsize|p1|6
|teamsize|p2|6
|start
|switch|p1a: Dragapult|Dragapult, F|100/100
|switch|p2a: Meowscarada|Meowscarada, F|100/100
|turn|1
|inactive|Shibuya Arc also wants the timer to be on.
|
|t:|1758933384
|move|p2a: Meowscarada|U-turn|p1a: Dragapult
|-start|p2a: Meowscarada|typechange|Bug|[from] ability: Protean
|-resisted|p1a: Dragapult
|-damage|p1a: Dragapult|77/100
|
|t:|1758933388
|switch|p2a: Slowking|Slowking-Galar, F|100/100|[from] U-turn
|move|p1a: Dragapult|U-turn|p2a: Slowking
|-damage|p2a: Slowking|79/100
|
|t:|1758933397
|switch|p1a: Ting-Lu|Ting-Lu|100/100|[from] U-turn
|-ability|p1a: Ting-Lu|Vessel of Ruin
|
|upkeep
|turn|2
|
|t:|1758933403
|move|p1a: Ting-Lu|Stealth Rock|p2a: Slowking
|-sidestart|p2: Tsaun|move: Stealth Rock
|-prepare|p2a: Slowking|Chilly Reception|[premajor]
|move|p2a: Slowking|Chilly Reception|p2a: Slowking
|-weather|Snowscape
|
|t:|1758933410
|switch|p2a: Meowscarada|Meowscarada, F|100/100|[from] Chilly Reception
|-damage|p2a: Meowscarada|88/100|[from] Stealth Rock
|
|-weather|Snowscape|[upkeep]
|upkeep
|turn|3
|
|t:|1758933416
|move|p2a: Meowscarada|Knock Off|p1a: Ting-Lu
|-start|p2a: Meowscarada|typechange|Dark|[from] ability: Protean
|-resisted|p1a: Ting-Lu
|-crit|p1a: Ting-Lu
|-damage|p1a: Ting-Lu|84/100
|-enditem|p1a: Ting-Lu|Leftovers|[from] move: Knock Off|[of] p2a: Meowscarada
|move|p1a: Ting-Lu|Ruination|p2a: Meowscarada|[miss]
|-miss|p1a: Ting-Lu|p2a: Meowscarada
|
|-weather|Snowscape|[upkeep]
|upkeep
|turn|4
|
|t:|1758933424
|switch|p2a: Great Tusk|Great Tusk|100/100
|move|p1a: Ting-Lu|Whirlwind|p2a: Great Tusk
|-end|p2a: Great Tusk|Protosynthesis|[silent]
|drag|p2a: Slowking|Slowking-Galar, F|100/100
|
|-weather|Snowscape|[upkeep]
|upkeep
|turn|5
|
|t:|1758933432
|move|p1a: Ting-Lu|Earthquake|p2a: Slowking
|-supereffective|p2a: Slowking
|-damage|p2a: Slowking|11/100
|-prepare|p2a: Slowking|Chilly Reception|[premajor]
|move|p2a: Slowking|Chilly Reception|p2a: Slowking
|
|t:|1758933438
|switch|p2a: Great Tusk|Great Tusk|100/100|[from] Chilly Reception
|
|-weather|Snowscape|[upkeep]
|upkeep
|turn|6
|
|t:|1758933443
|move|p2a: Great Tusk|Bulk Up|p2a: Great Tusk
|-boost|p2a: Great Tusk|atk|1
|-boost|p2a: Great Tusk|def|1
|move|p1a: Ting-Lu|Ruination|p2a: Great Tusk
|-damage|p2a: Great Tusk|50/100
|
|-weather|none
|upkeep
|turn|7
|
|t:|1758933451
|switch|p1a: Dragapult|Dragapult, F|77/100
|move|p2a: Great Tusk|Rapid Spin|p1a: Dragapult
|-immune|p1a: Dragapult
|
|upkeep
|turn|8
|
|t:|1758933456
|move|p1a: Dragapult|Will-O-Wisp|p2a: Great Tusk|[miss]
|-miss|p1a: Dragapult|p2a: Great Tusk
|move|p2a: Great Tusk|Earthquake|p1a: Dragapult
|-damage|p1a: Dragapult|0 fnt
|-start|p2a: Great Tusk|Disable|Earthquake|[from] ability: Cursed Body|[of] p1a: Dragapult
|faint|p1a: Dragapult
|
|upkeep
|
|t:|1758933463
|switch|p1a: Iron Crown|Iron Crown|100/100
|turn|9
|
|t:|1758933469
|-end|p2a: Great Tusk|Protosynthesis|[silent]
|switch|p2a: Slowking|Slowking-Galar, F|45/100
|move|p1a: Iron Crown|Tachyon Cutter|p2a: Slowking
|-damage|p2a: Slowking|23/100
|-damage|p2a: Slowking|0 fnt
|faint|p2a: Slowking
|-hitcount|p2: Slowking|2
|
|upkeep
|
|t:|1758933474
|switch|p2a: Meowscarada|Meowscarada, F|88/100
|-damage|p2a: Meowscarada|76/100|[from] Stealth Rock
|turn|10
|
|t:|1758933480
|-end|p1a: Iron Crown|Quark Drive|[silent]
|switch|p1a: Ting-Lu|Ting-Lu|84/100
|-ability|p1a: Ting-Lu|Vessel of Ruin
|move|p2a: Meowscarada|Trick|p1a: Ting-Lu
|-start|p2a: Meowscarada|typechange|Psychic|[from] ability: Protean
|-activate|p2a: Meowscarada|move: Trick|[of] p1a: Ting-Lu
|-item|p1a: Ting-Lu|Choice Scarf|[from] move: Trick
|-enditem|p2a: Meowscarada|Choice Scarf|[silent]|[from] move: Trick
|
|upkeep
|turn|11
|
|t:|1758933488
|switch|p1a: Zapdos|Zapdos|100/100
|move|p2a: Meowscarada|U-turn|p1a: Zapdos
|-resisted|p1a: Zapdos
|-damage|p1a: Zapdos|87/100
|
|t:|1758933493
|switch|p2a: Kyurem|Kyurem|100/100|[from] U-turn
|-damage|p2a: Kyurem|75/100|[from] Stealth Rock
|-ability|p2a: Kyurem|Pressure
|
|upkeep
|turn|12
|
|t:|1758933499
|move|p1a: Zapdos|Volt Switch|p2a: Kyurem
|-resisted|p2a: Kyurem
|-damage|p2a: Kyurem|58/100
|
|t:|1758933506
|switch|p1a: Iron Crown|Iron Crown|100/100|[from] Volt Switch
|move|p2a: Kyurem|Blizzard|p1a: Iron Crown
|-resisted|p1a: Iron Crown
|-damage|p1a: Iron Crown|61/100
|
|upkeep
|turn|13
|
|t:|1758933513
|switch|p2a: Iron Crown|Iron Crown|100/100
|-damage|p2a: Iron Crown|94/100|[from] Stealth Rock
|-enditem|p2a: Iron Crown|Booster Energy
|-activate|p2a: Iron Crown|ability: Quark Drive|[fromitem]
|-start|p2a: Iron Crown|quarkdrivespe
|move|p1a: Iron Crown|Tachyon Cutter|p2a: Iron Crown
|-resisted|p2a: Iron Crown
|-damage|p2a: Iron Crown|78/100
|-resisted|p2a: Iron Crown
|-crit|p2a: Iron Crown
|-damage|p2a: Iron Crown|51/100
|-hitcount|p2a: Iron Crown|2
|
|upkeep
|turn|14
|
|t:|1758933520
|move|p2a: Iron Crown|Calm Mind|p2a: Iron Crown
|-boost|p2a: Iron Crown|spa|1
|-boost|p2a: Iron Crown|spd|1
|move|p1a: Iron Crown|Tachyon Cutter|p2a: Iron Crown
|-resisted|p2a: Iron Crown
|-damage|p2a: Iron Crown|39/100
|-resisted|p2a: Iron Crown
|-damage|p2a: Iron Crown|28/100
|-hitcount|p2a: Iron Crown|2
|
|upkeep
|turn|15
|
|t:|1758933527
|move|p2a: Iron Crown|Stored Power|p1a: Iron Crown
|-resisted|p1a: Iron Crown
|-damage|p1a: Iron Crown|51/100
|move|p1a: Iron Crown|Tachyon Cutter|p2a: Iron Crown
|-resisted|p2a: Iron Crown
|-damage|p2a: Iron Crown|17/100
|-resisted|p2a: Iron Crown
|-damage|p2a: Iron Crown|6/100
|-hitcount|p2a: Iron Crown|2
|
|upkeep
|turn|16
|
|t:|1758933535
|move|p2a: Iron Crown|Stored Power|p1a: Iron Crown
|-resisted|p1a: Iron Crown
|-damage|p1a: Iron Crown|41/100
|move|p1a: Iron Crown|Tachyon Cutter|p2a: Iron Crown
|-resisted|p2a: Iron Crown
|-damage|p2a: Iron Crown|0 fnt
|faint|p2a: Iron Crown
|-end|p2a: Iron Crown|Quark Drive|[silent]
|-hitcount|p2: Iron Crown|1
|
|upkeep
|
|t:|1758933538
|switch|p2a: Ceruledge|Ceruledge, M|100/100
|-damage|p2a: Ceruledge|75/100|[from] Stealth Rock
|turn|17
|
|t:|1758933544
|-end|p1a: Iron Crown|Quark Drive|[silent]
|switch|p1a: Dragonite|Dragonite, F|100/100
|move|p2a: Ceruledge|Bitter Blade|p1a: Dragonite
|-resisted|p1a: Dragonite
|-damage|p1a: Dragonite|89/100
|-heal|p2a: Ceruledge|82/100|[from] drain|[of] p1a: Dragonite
|
|upkeep
|turn|18
|
|t:|1758933552
|switch|p2a: Great Tusk|Great Tusk|50/100
|move|p1a: Dragonite|Dragon Dance|p1a: Dragonite
|-boost|p1a: Dragonite|atk|1
|-boost|p1a: Dragonite|spe|1
|
|upkeep
|turn|19
|
|t:|1758933557
|-terastallize|p1a: Dragonite|Normal
|move|p1a: Dragonite|Extreme Speed|p2a: Great Tusk
|-damage|p2a: Great Tusk|2/100
|move|p2a: Great Tusk|Rapid Spin|p1a: Dragonite
|-damage|p1a: Dragonite|71/100
|-boost|p2a: Great Tusk|spe|1
|-sideend|p2: Tsaun|Stealth Rock|[from] move: Rapid Spin|[of] p2a: Great Tusk
|
|upkeep
|turn|20
|
|t:|1758933566
|move|p1a: Dragonite|Extreme Speed|p2a: Great Tusk
|-damage|p2a: Great Tusk|0 fnt
|faint|p2a: Great Tusk
|-end|p2a: Great Tusk|Protosynthesis|[silent]
|
|upkeep
|
|t:|1758933572
|switch|p2a: Ceruledge|Ceruledge, M|82/100
|turn|21
|
|t:|1758933578
|move|p2a: Ceruledge|Endure|p2a: Ceruledge
|-singleturn|p2a: Ceruledge|move: Endure
|move|p1a: Dragonite|Earthquake|p2a: Ceruledge
|-supereffective|p2a: Ceruledge
|-activate|p2a: Ceruledge|move: Endure
|-damage|p2a: Ceruledge|1/100
|-ability|p2a: Ceruledge|Weak Armor|boost
|-unboost|p2a: Ceruledge|def|1
|-boost|p2a: Ceruledge|spe|2
|-enditem|p2a: Ceruledge|Weakness Policy
|-boost|p2a: Ceruledge|atk|2|[from] item: Weakness Policy
|-boost|p2a: Ceruledge|spa|2|[from] item: Weakness Policy
|
|upkeep
|turn|22
|
|t:|1758933586
|move|p2a: Ceruledge|Bitter Blade|p1a: Dragonite
|-damage|p1a: Dragonite|0 fnt
|-heal|p2a: Ceruledge|43/100|[from] drain|[of] p1a: Dragonite
|faint|p1a: Dragonite
|
|upkeep
|
|t:|1758933593
|switch|p1a: Ting-Lu|Ting-Lu|84/100
|-ability|p1a: Ting-Lu|Vessel of Ruin
|turn|23
|
|t:|1758933599
|-terastallize|p2a: Ceruledge|Grass
|move|p2a: Ceruledge|Bitter Blade|p1a: Ting-Lu
|-damage|p1a: Ting-Lu|31/100
|-heal|p2a: Ceruledge|89/100|[from] drain|[of] p1a: Ting-Lu
|move|p1a: Ting-Lu|Earthquake|p2a: Ceruledge
|-resisted|p2a: Ceruledge
|-damage|p2a: Ceruledge|49/100
|-ability|p2a: Ceruledge|Weak Armor|boost
|-unboost|p2a: Ceruledge|def|1
|-boost|p2a: Ceruledge|spe|2
|
|upkeep
|turn|24
|
|t:|1758933608
|move|p2a: Ceruledge|Bitter Blade|p1a: Ting-Lu
|-damage|p1a: Ting-Lu|0 fnt
|-heal|p2a: Ceruledge|76/100|[from] drain|[of] p1a: Ting-Lu
|faint|p1a: Ting-Lu
|
|upkeep
|
|t:|1758933614
|switch|p1a: Weezing|Weezing-Galar, F|100/100
|-ability|p1a: Weezing|Neutralizing Gas
|turn|25
|
|t:|1758933620
|move|p2a: Ceruledge|Bitter Blade|p1a: Weezing
|-damage|p1a: Weezing|40/100
|-heal|p2a: Ceruledge|100/100|[from] drain|[of] p1a: Weezing
|move|p1a: Weezing|Will-O-Wisp|p2a: Ceruledge
|-status|p2a: Ceruledge|brn
|
|-damage|p2a: Ceruledge|94/100 brn|[from] brn
|upkeep
|turn|26
|
|t:|1758933627
|-end|p1a: Weezing|ability: Neutralizing Gas
|switch|p1a: Zapdos|Zapdos|87/100
|move|p2a: Ceruledge|Swords Dance|p2a: Ceruledge
|-boost|p2a: Ceruledge|atk|2
|
|-damage|p2a: Ceruledge|88/100 brn|[from] brn
|upkeep
|turn|27
|
|t:|1758933633
|move|p2a: Ceruledge|Bitter Blade|p1a: Zapdos
|-damage|p1a: Zapdos|8/100
|-heal|p2a: Ceruledge|100/100 brn|[from] drain|[of] p1a: Zapdos
|move|p1a: Zapdos|Hurricane|p2a: Ceruledge
|-supereffective|p2a: Ceruledge
|-damage|p2a: Ceruledge|0 fnt
|faint|p2a: Ceruledge
|
|upkeep
|
|t:|1758933640
|switch|p2a: Meowscarada|Meowscarada, F|76/100
|turn|28
|
|t:|1758933646
|switch|p1a: Weezing|Weezing-Galar, F|40/100
|-ability|p1a: Weezing|Neutralizing Gas
|move|p2a: Meowscarada|Flower Trick|p1a: Weezing
|-resisted|p1a: Weezing
|-crit|p1a: Weezing
|-damage|p1a: Weezing|26/100
|
|upkeep
|turn|29
|
|t:|1758933653
|move|p2a: Meowscarada|U-turn|p1a: Weezing
|-resisted|p1a: Weezing
|-damage|p1a: Weezing|22/100
|
|t:|1758933656
|switch|p2a: Kyurem|Kyurem|58/100|[from] U-turn
|move|p1a: Weezing|Pain Split|p2a: Kyurem
|-sethp|p2a: Kyurem|39/100|[from] move: Pain Split|[silent]
|-sethp|p1a: Weezing|45/100|[from] move: Pain Split
|
|upkeep
|turn|30
|
|t:|1758933662
|-end|p1a: Weezing|ability: Neutralizing Gas
|-ability|p2a: Kyurem|Pressure
|switch|p1a: Zapdos|Zapdos|8/100
|move|p2a: Kyurem|Freeze-Dry|p1a: Zapdos
|-supereffective|p1a: Zapdos
|-damage|p1a: Zapdos|0 fnt
|faint|p1a: Zapdos
|
|upkeep
|
|t:|1758933668
|switch|p1a: Iron Crown|Iron Crown|41/100
|turn|31
|
|t:|1758933673
|move|p1a: Iron Crown|Tachyon Cutter|p2a: Kyurem
|-supereffective|p2a: Kyurem
|-damage|p2a: Kyurem|0 fnt
|faint|p2a: Kyurem
|-hitcount|p2: Kyurem|1
|
|upkeep
|
|t:|1758933675
|switch|p2a: Meowscarada|Meowscarada, F|76/100
|turn|32
|
|t:|1758933681
|-end|p1a: Iron Crown|Quark Drive|[silent]
|switch|p1a: Weezing|Weezing-Galar, F|45/100
|-ability|p1a: Weezing|Neutralizing Gas
|move|p2a: Meowscarada|Knock Off|p1a: Weezing
|-resisted|p1a: Weezing
|-damage|p1a: Weezing|31/100
|-enditem|p1a: Weezing|Heavy-Duty Boots|[from] move: Knock Off|[of] p2a: Meowscarada
|
|upkeep
|turn|33
|
|t:|1758933688
|move|p2a: Meowscarada|Flower Trick|p1a: Weezing
|-resisted|p1a: Weezing
|-crit|p1a: Weezing
|-damage|p1a: Weezing|15/100
|move|p1a: Weezing|Pain Split|p2a: Meowscarada
|-sethp|p2a: Meowscarada|47/100|[from] move: Pain Split|[silent]
|-sethp|p1a: Weezing|41/100|[from] move: Pain Split
|
|upkeep
|turn|34
|
|t:|1758933696
|move|p2a: Meowscarada|Flower Trick|p1a: Weezing
|-resisted|p1a: Weezing
|-crit|p1a: Weezing
|-damage|p1a: Weezing|24/100
|move|p1a: Weezing|Will-O-Wisp|p2a: Meowscarada
|-status|p2a: Meowscarada|brn
|
|-damage|p2a: Meowscarada|41/100 brn|[from] brn
|upkeep
|turn|35
|
|t:|1758933703
|move|p2a: Meowscarada|Flower Trick|p1a: Weezing
|-resisted|p1a: Weezing
|-crit|p1a: Weezing
|-damage|p1a: Weezing|16/100
|move|p1a: Weezing|Pain Split|p2a: Meowscarada
|-sethp|p2a: Meowscarada|29/100 brn|[from] move: Pain Split|[silent]
|-sethp|p1a: Weezing|26/100|[from] move: Pain Split
|
|-damage|p2a: Meowscarada|23/100 brn|[from] brn
|upkeep
|turn|36
|
|t:|1758933710
|move|p2a: Meowscarada|Flower Trick|p1a: Weezing
|-resisted|p1a: Weezing
|-crit|p1a: Weezing
|-damage|p1a: Weezing|17/100
|move|p1a: Weezing|Toxic Spikes|p2a: Meowscarada
|-sidestart|p2: Tsaun|move: Toxic Spikes
|
|-damage|p2a: Meowscarada|17/100 brn|[from] brn
|upkeep
|turn|37
|
|t:|1758933716
|-end|p1a: Weezing|ability: Neutralizing Gas
|switch|p1a: Iron Crown|Iron Crown|41/100
|move|p2a: Meowscarada|Flower Trick|p1a: Iron Crown
|-start|p2a: Meowscarada|typechange|Grass|[from] ability: Protean
|-resisted|p1a: Iron Crown
|-crit|p1a: Iron Crown
|-damage|p1a: Iron Crown|29/100
|
|-damage|p2a: Meowscarada|11/100 brn|[from] brn
|upkeep
|turn|38
|
|t:|1758933722
|move|p2a: Meowscarada|Knock Off|p1a: Iron Crown
|-supereffective|p1a: Iron Crown
|-damage|p1a: Iron Crown|0 fnt
|-enditem|p1a: Iron Crown|Choice Specs|[from] move: Knock Off|[of] p2a: Meowscarada
|faint|p1a: Iron Crown
|-end|p1a: Iron Crown|Quark Drive|[silent]
|
|-damage|p2a: Meowscarada|5/100 brn|[from] brn
|upkeep
|
|t:|1758933728
|switch|p1a: Weezing|Weezing-Galar, F|17/100
|-ability|p1a: Weezing|Neutralizing Gas
|turn|39
|
|t:|1758933731
|move|p2a: Meowscarada|Flower Trick|p1a: Weezing
|-resisted|p1a: Weezing
|-crit|p1a: Weezing
|-damage|p1a: Weezing|10/100
|move|p1a: Weezing|Toxic Spikes|p2a: Meowscarada
|-sidestart|p2: Tsaun|move: Toxic Spikes
|
|-damage|p2a: Meowscarada|0 fnt|[from] brn
|faint|p2a: Meowscarada
|
|win|Shibuya Arc
|raw|Shibuya Arc's rating: 1466 &rarr; <strong>1486</strong><br />(+20 for winning)
|raw|Tsaun's rating: 1470 &rarr; <strong>1450</strong><br />(-20 for losing)
