|j|☆napkin_56
|j|☆ancient faith
|t:|1758953175
|gametype|singles
|player|p1|napkin_56|policeman-gen4|1269
|player|p2|ancient faith|red-gen1main|1187
|gen|9
|tier|[Gen 9] OU
|rated|
|rule|HP Percentage Mod: HP is shown in percentages
|rule|Endless Battle Clause: Forcing endless battles is banned
|rule|Species Clause: Limit one of each Pokémon
|rule|OHKO Clause: OHKO moves are banned
|rule|Evasion Items Clause: Evasion items are banned
|rule|Evasion Moves Clause: Evasion moves are banned
|rule|Evasion Abilities Clause: Evasion abilities are banned
|rule|Sleep Moves Clause: Sleep-inducing moves are banned
|clearpoke
|poke|p1|Thundurus-Therian, M|
|poke|p1|Gholdengo|
|poke|p1|Landorus-Therian, M|
|poke|p1|Samurott-Hisui, F|
|poke|p1|Zamazenta-*|
|poke|p1|Slowking-Galar, F|
|poke|p2|Iron Valiant|
|poke|p2|Dragapult, M|
|poke|p2|Glimmora, M|
|poke|p2|Ogerpon-Wellspring, F|
|poke|p2|Landorus-Therian, M|
|poke|p2|Kingambit, M|
|teampreview
|inactive|Battle timer is ON: inactive players will automatically lose when time's up. (requested by napkin_56)
|
|t:|1758953184
|teamsize|p1|6
|teamsize|p2|6
|start
|switch|p1a: Landorus|Landorus-Therian, M|100/100
|switch|p2a: Ogerpon|Ogerpon-Wellspring, F|100/100
|-ability|p1a: Landorus|Intimidate|boost
|-unboost|p2a: Ogerpon|atk|1
|turn|1
|
|t:|1758953196
|switch|p1a: Zamazenta|Zamazenta|100/100
|-ability|p1a: Zamazenta|Dauntless Shield|boost
|-boost|p1a: Zamazenta|def|1
|move|p2a: Ogerpon|Ivy Cudgel|p1a: Zamazenta|[anim] Ivy Cudgel Water
|-damage|p1a: Zamazenta|81/100
|
|upkeep
|turn|2
|
|t:|1758953208
|switch|p2a: Glimmora|Glimmora, M, shiny|100/100
|move|p1a: Zamazenta|Crunch|p2a: Glimmora
|-damage|p2a: Glimmora|75/100
|-unboost|p2a: Glimmora|def|1
|-activate|p2a: Glimmora|ability: Toxic Debris
|-sidestart|p1: napkin_56|move: Toxic Spikes
|
|upkeep
|turn|3
|
|t:|1758953218
|switch|p2a: Landorus|Landorus-Therian, M, shiny|100/100
|-ability|p2a: Landorus|Intimidate|boost
|-unboost|p1a: Zamazenta|atk|1
|move|p1a: Zamazenta|Heavy Slam|p2a: Landorus
|-damage|p2a: Landorus|87/100
|-damage|p1a: Zamazenta|65/100|[from] item: Rocky Helmet|[of] p2a: Landorus
|
|upkeep
|turn|4
|
|t:|1758953228
|switch|p1a: Landorus|Landorus-Therian, M|100/100
|-ability|p1a: Landorus|Intimidate|boost
|-unboost|p2a: Landorus|atk|1
|move|p2a: Landorus|Stealth Rock|p1a: Landorus
|-sidestart|p1: napkin_56|move: Stealth Rock
|
|upkeep
|turn|5
|
|t:|1758953233
|move|p2a: Landorus|Taunt|p1a: Landorus
|-start|p1a: Landorus|move: Taunt
|move|p1a: Landorus|U-turn|p2a: Landorus
|-resisted|p2a: Landorus
|-damage|p2a: Landorus|77/100
|-damage|p1a: Landorus|84/100|[from] item: Rocky Helmet|[of] p2a: Landorus
|
|t:|1758953241
|switch|p1a: Samurott|Samurott-Hisui, F|100/100|[from] U-turn
|
|upkeep
|turn|6
|
|t:|1758953248
|move|p2a: Landorus|U-turn|p1a: Samurott
|-supereffective|p1a: Samurott
|-damage|p1a: Samurott|67/100
|
|t:|1758953250
|switch|p2a: Ogerpon|Ogerpon-Wellspring, F|100/100|[from] U-turn
|move|p1a: Samurott|Ceaseless Edge|p2a: Ogerpon
|-damage|p2a: Ogerpon|50/100
|-sidestart|p2: ancient faith|Spikes
|
|upkeep
|turn|7
|inactive|napkin_56 has 120 seconds left.
|
|t:|1758953289
|move|p1a: Samurott|Sucker Punch|p2a: Ogerpon
|-damage|p2a: Ogerpon|14/100
|move|p2a: Ogerpon|Horn Leech|p1a: Samurott
|-supereffective|p1a: Samurott
|-damage|p1a: Samurott|0 fnt
|-heal|p2a: Ogerpon|53/100|[from] drain|[of] p1a: Samurott
|faint|p1a: Samurott
|
|upkeep
|
|t:|1758953308
|switch|p1a: Zamazenta|Zamazenta|65/100
|turn|8
|
|t:|1758953320
|switch|p1a: Landorus|Landorus-Therian, M|84/100
|-damage|p1a: Landorus|71/100|[from] Stealth Rock
|-ability|p1a: Landorus|Intimidate|boost
|-unboost|p2a: Ogerpon|atk|1
|switch|p2a: Glimmora|Glimmora, M, shiny|75/100
|-damage|p2a: Glimmora|63/100|[from] Spikes
|
|upkeep
|turn|9
|
|t:|1758953330
|move|p2a: Glimmora|Mortal Spin|p1a: Landorus
|-resisted|p1a: Landorus
|-damage|p1a: Landorus|69/100
|-status|p1a: Landorus|psn
|-damage|p2a: Glimmora|46/100|[from] item: Rocky Helmet|[of] p1a: Landorus
|-sideend|p2: ancient faith|Spikes|[from] move: Mortal Spin|[of] p2a: Glimmora
|move|p1a: Landorus|Stealth Rock|p2a: Glimmora
|-sidestart|p2: ancient faith|move: Stealth Rock
|
|-damage|p1a: Landorus|56/100 psn|[from] psn
|upkeep
|turn|10
|inactive|napkin_56 has 120 seconds left.
|
|t:|1758953338
|move|p2a: Glimmora|Meteor Beam||[still]
|-prepare|p2a: Glimmora|Meteor Beam
|-boost|p2a: Glimmora|spa|1
|-enditem|p2a: Glimmora|Power Herb
|-anim|p2a: Glimmora|Meteor Beam|p1a: Landorus
|-damage|p1a: Landorus|0 fnt
|faint|p1a: Landorus
|
|upkeep
|inactive|napkin_56 has 120 seconds left.
|
|t:|1758953346
|switch|p1a: Thundurus|Thundurus-Therian, M|100/100
|turn|11
|
|t:|1758953351
|move|p1a: Thundurus|Thunderbolt|p2a: Glimmora
|-damage|p2a: Glimmora|0 fnt
|faint|p2a: Glimmora
|
|upkeep
|
|t:|1758953358
|switch|p2a: Dragapult|Dragapult, M, shiny|100/100
|-damage|p2a: Dragapult|88/100|[from] Stealth Rock
|turn|12
|
|t:|1758953365
|switch|p1a: Slowking|Slowking-Galar, F|100/100
|-sideend|p1: napkin_56|move: Toxic Spikes|[of] p1a: Slowking
|move|p2a: Dragapult|Shadow Ball|p1a: Slowking
|-supereffective|p1a: Slowking
|-damage|p1a: Slowking|27/100
|
|upkeep
|turn|13
|
|t:|1758953374
|move|p2a: Dragapult|Shadow Ball|p1a: Slowking
|-supereffective|p1a: Slowking
|-damage|p1a: Slowking|0 fnt
|faint|p1a: Slowking
|
|upkeep
|
|t:|1758953377
|switch|p1a: Gholdengo|Gholdengo|100/100
|-damage|p1a: Gholdengo|94/100|[from] Stealth Rock
|turn|14
|
|t:|1758953394
|switch|p2a: Ogerpon|Ogerpon-Wellspring, F|53/100
|-damage|p2a: Ogerpon|40/100|[from] Stealth Rock
|move|p1a: Gholdengo|Trick||[still]
|-fail|p1a: Gholdengo
|
|upkeep
|turn|15
|-message|napkin_56 forfeited.
|
|win|ancient faith
|raw|napkin_56's rating: 1269 &rarr; <strong>1238</strong><br />(-31 for losing)
|raw|ancient faith's rating: 1187 &rarr; <strong>1218</strong><br />(+31 for winning)
|l|☆napkin_56
|player|p1|
