|j|☆4.18millionfishs
|j|☆kingjot
|t:|1758914721
|gametype|singles
|player|p1|4.18millionfishs|erika|
|player|p2|kingjot|caitlin|
|gen|9
|tier|[Gen 9] OU
|rule|HP Percentage Mod: HP is shown in percentages
|rule|Endless Battle Clause: Forcing endless battles is banned
|rule|Species Clause: Limit one of each Pokémon
|rule|OHKO Clause: OHKO moves are banned
|rule|Evasion Items Clause: Evasion items are banned
|rule|Evasion Moves Clause: Evasion moves are banned
|rule|Evasion Abilities Clause: Evasion abilities are banned
|rule|Sleep Moves Clause: Sleep-inducing moves are banned
|clearpoke
|poke|p1|Hydreigon, M|
|poke|p1|Araquanid, M|
|poke|p1|Gholdengo|
|poke|p1|Great Tusk|
|poke|p1|Zapdos|
|poke|p1|Enamorus, F|
|poke|p2|Dragapult, F|
|poke|p2|Thundurus-Therian, M|
|poke|p2|Zamazenta-*|
|poke|p2|Great Tusk|
|poke|p2|Corviknight, F|
|poke|p2|Slowking-Galar, F|
|teampreview
|c|☆kingjot|ok lemem get the team to my coputer
|
|t:|1758914740
|teamsize|p1|6
|teamsize|p2|6
|start
|switch|p1a: Araquanid|Araquanid, M|100/100
|switch|p2a: Dragapult|Dragapult, F|100/100
|turn|1
|
|t:|1758914749
|-terastallize|p2a: Dragapult|Dragon
|move|p2a: Dragapult|Dragon Darts|p1a: Araquanid
|-crit|p1a: Araquanid
|-damage|p1a: Araquanid|26/100
|-anim|p2a: Dragapult|Dragon Darts|p1a: Araquanid
|-crit|p1a: Araquanid
|-damage|p1a: Araquanid|0 fnt
|faint|p1a: Araquanid
|
|upkeep
|c|☆4.18millionfishs|sure
|c|☆kingjot|bro tf
|c|☆kingjot|ok whatever killed anyways
|c|☆4.18millionfishs|double crit wtf
|
|t:|1758914768
|switch|p1a: Enamorus|Enamorus, F|100/100
|turn|2
|
|t:|1758914796
|switch|p2a: Slowking|Slowking-Galar, F|100/100
|move|p1a: Enamorus|Moonblast|p2a: Slowking
|-resisted|p2a: Slowking
|-damage|p2a: Slowking|86/100
|
|upkeep
|turn|3
|
|t:|1758914802
|move|p1a: Enamorus|Moonblast|p2a: Slowking
|-resisted|p2a: Slowking
|-damage|p2a: Slowking|71/100
|move|p2a: Slowking|Thunder Wave|p1a: Enamorus
|-status|p1a: Enamorus|par
|
|upkeep
|turn|4
|
|t:|1758914823
|switch|p1a: Gholdengo|Gholdengo|100/100
|-item|p1a: Gholdengo|Air Balloon
|-prepare|p2a: Slowking|Chilly Reception|[premajor]
|move|p2a: Slowking|Chilly Reception|p2a: Slowking
|-weather|Snowscape
|
|t:|1758914832
|switch|p2a: Thundurus|Thundurus-Therian, M|100/100|[from] Chilly Reception
|
|-weather|Snowscape|[upkeep]
|upkeep
|turn|5
|
|t:|1758914853
|move|p2a: Thundurus|Thunderbolt|p1a: Gholdengo
|-damage|p1a: Gholdengo|30/100
|-enditem|p1a: Gholdengo|Air Balloon
|move|p1a: Gholdengo|Recover|p1a: Gholdengo
|-heal|p1a: Gholdengo|80/100
|
|-weather|Snowscape|[upkeep]
|upkeep
|turn|6
|
|t:|1758914869
|switch|p2a: Corviknight|Corviknight, F|100/100
|-ability|p2a: Corviknight|Pressure
|switch|p1a: Hydreigon|Hydreigon, M|100/100
|
|-weather|Snowscape|[upkeep]
|upkeep
|turn|7
|
|t:|1758914875
|move|p1a: Hydreigon|Substitute|p1a: Hydreigon
|-start|p1a: Hydreigon|Substitute
|-damage|p1a: Hydreigon|76/100
|move|p2a: Corviknight|U-turn|p1a: Hydreigon
|-supereffective|p1a: Hydreigon
|-end|p1a: Hydreigon|Substitute
|
|t:|1758914903
|switch|p2a: Dragapult|Dragapult, F, tera:Dragon|100/100|[from] U-turn
|
|-weather|Snowscape|[upkeep]
|-heal|p1a: Hydreigon|82/100|[from] item: Leftovers
|upkeep
|turn|8
|
|t:|1758914922
|switch|p1a: Enamorus|Enamorus, F|100/100 par
|move|p2a: Dragapult|U-turn|p1a: Enamorus
|-resisted|p1a: Enamorus
|-damage|p1a: Enamorus|88/100 par
|
|t:|1758914942
|switch|p2a: Slowking|Slowking-Galar, F|100/100|[from] U-turn
|
|-weather|none
|upkeep
|turn|9
|
|t:|1758914956
|switch|p1a: Gholdengo|Gholdengo|80/100
|move|p2a: Slowking|Future Sight|p1a: Gholdengo
|-start|p2a: Slowking|move: Future Sight
|
|upkeep
|turn|10
|
|t:|1758914962
|switch|p1a: Hydreigon|Hydreigon, M|82/100
|-prepare|p2a: Slowking|Chilly Reception|[premajor]
|move|p2a: Slowking|Chilly Reception|p2a: Slowking
|-weather|Snowscape
|
|t:|1758914973
|switch|p2a: Dragapult|Dragapult, F, tera:Dragon|100/100|[from] Chilly Reception
|
|-weather|Snowscape|[upkeep]
|-heal|p1a: Hydreigon|88/100|[from] item: Leftovers
|upkeep
|turn|11
|
|t:|1758914981
|switch|p1a: Enamorus|Enamorus, F|88/100 par
|move|p2a: Dragapult|Dragon Darts|p1a: Enamorus
|-immune|p1a: Enamorus
|
|-weather|Snowscape|[upkeep]
|-end|p1a: Enamorus|move: Future Sight
|-damage|p1a: Enamorus|30/100 par
|upkeep
|turn|12
|
|t:|1758914991
|switch|p2a: Corviknight|Corviknight, F|100/100
|-ability|p2a: Corviknight|Pressure
|move|p1a: Enamorus|Healing Wish|p1a: Enamorus
|faint|p1a: Enamorus
|
|-weather|Snowscape|[upkeep]
|upkeep
|c|☆kingjot|lol ok
|
|t:|1758915000
|switch|p1a: Hydreigon|Hydreigon, M|88/100
|-heal|p1a: Hydreigon|100/100|[from] move: Healing Wish
|turn|13
|
|t:|1758915028
|switch|p1a: Zapdos|Zapdos|100/100
|move|p2a: Corviknight|U-turn|p1a: Zapdos
|-resisted|p1a: Zapdos
|-damage|p1a: Zapdos|95/100
|
|t:|1758915042
|switch|p2a: Thundurus|Thundurus-Therian, M|100/100|[from] U-turn
|
|-weather|Snowscape|[upkeep]
|upkeep
|turn|14
|
|t:|1758915056
|switch|p1a: Great Tusk|Great Tusk|100/100
|move|p2a: Thundurus|Thunderbolt|p1a: Great Tusk
|-immune|p1a: Great Tusk
|
|-weather|none
|upkeep
|turn|15
|
|t:|1758915066
|switch|p2a: Corviknight|Corviknight, F|100/100
|-ability|p2a: Corviknight|Pressure
|move|p1a: Great Tusk|Rapid Spin|p2a: Corviknight
|-resisted|p2a: Corviknight
|-damage|p2a: Corviknight|96/100
|-boost|p1a: Great Tusk|spe|1
|
|-heal|p2a: Corviknight|100/100|[from] item: Leftovers
|upkeep
|turn|16
|
|t:|1758915077
|-end|p1a: Great Tusk|Protosynthesis|[silent]
|switch|p1a: Zapdos|Zapdos|95/100
|move|p2a: Corviknight|Brave Bird|p1a: Zapdos
|-resisted|p1a: Zapdos
|-damage|p1a: Zapdos|81/100
|-damage|p2a: Corviknight|96/100|[from] Recoil
|
|-heal|p2a: Corviknight|100/100|[from] item: Leftovers
|upkeep
|turn|17
|
|t:|1758915081
|switch|p1a: Great Tusk|Great Tusk|100/100
|move|p2a: Corviknight|U-turn|p1a: Great Tusk
|-resisted|p1a: Great Tusk
|-damage|p1a: Great Tusk|96/100
|
|t:|1758915096
|switch|p2a: Thundurus|Thundurus-Therian, M|100/100|[from] U-turn
|
|upkeep
|turn|18
|
|t:|1758915110
|-end|p1a: Great Tusk|Protosynthesis|[silent]
|switch|p1a: Hydreigon|Hydreigon, M|100/100
|move|p2a: Thundurus|Grass Knot|p1a: Hydreigon
|-resisted|p1a: Hydreigon
|-damage|p1a: Hydreigon|66/100
|
|-heal|p1a: Hydreigon|72/100|[from] item: Leftovers
|upkeep
|turn|19
|
|t:|1758915119
|switch|p2a: Dragapult|Dragapult, F, tera:Dragon|100/100
|move|p1a: Hydreigon|Draco Meteor|p2a: Dragapult
|-supereffective|p2a: Dragapult
|-damage|p2a: Dragapult|0 fnt
|-unboost|p1a: Hydreigon|spa|2
|faint|p2a: Dragapult
|
|-heal|p1a: Hydreigon|78/100|[from] item: Leftovers
|upkeep
|c|☆4.18millionfishs|omg finally
|
|t:|1758915136
|switch|p2a: Slowking|Slowking-Galar, F|100/100
|turn|20
|c|☆kingjot|oh fk
|c|☆kingjot|forgot slowking galar existed
|
|t:|1758915145
|move|p1a: Hydreigon|Substitute|p1a: Hydreigon
|-start|p1a: Hydreigon|Substitute
|-damage|p1a: Hydreigon|53/100
|-prepare|p2a: Slowking|Chilly Reception|[premajor]
|move|p2a: Slowking|Chilly Reception|p2a: Slowking
|-weather|Snowscape
|
|t:|1758915161
|switch|p2a: Zamazenta|Zamazenta|100/100|[from] Chilly Reception
|-ability|p2a: Zamazenta|Dauntless Shield|boost
|-boost|p2a: Zamazenta|def|1
|
|-weather|Snowscape|[upkeep]
|-heal|p1a: Hydreigon|59/100|[from] item: Leftovers
|upkeep
|turn|21
|
|t:|1758915176
|switch|p1a: Gholdengo|Gholdengo|80/100
|move|p2a: Zamazenta|Body Press|p1a: Gholdengo
|-immune|p1a: Gholdengo
|
|-weather|Snowscape|[upkeep]
|upkeep
|turn|22
|c|☆kingjot|also lemme make a few edits to my team rq
|c|☆kingjot|i somehow have tera blast on dragapult
|
|t:|1758915211
|move|p2a: Zamazenta|Crunch|p1a: Gholdengo
|-supereffective|p1a: Gholdengo
|-damage|p1a: Gholdengo|49/100
|move|p1a: Gholdengo|Thunder Wave|p2a: Zamazenta
|-status|p2a: Zamazenta|par
|
|-weather|Snowscape|[upkeep]
|upkeep
|turn|23
|
|t:|1758915232
|move|p1a: Gholdengo|Recover|p1a: Gholdengo
|-heal|p1a: Gholdengo|99/100
|move|p2a: Zamazenta|Roar|p1a: Gholdengo
|-immune|p1a: Gholdengo|[from] ability: Good as Gold
|
|-weather|Snowscape|[upkeep]
|upkeep
|turn|24
|c|☆kingjot|ok i admit im fraud
|c|☆4.18millionfishs|i agree
|
|t:|1758915252
|switch|p2a: Thundurus|Thundurus-Therian, M|100/100
|move|p1a: Gholdengo|Hex|p2a: Thundurus
|-damage|p2a: Thundurus|64/100
|
|-weather|none
|upkeep
|turn|25
|
|t:|1758915262
|move|p2a: Thundurus|Thunderbolt|p1a: Gholdengo
|-damage|p1a: Gholdengo|25/100
|move|p1a: Gholdengo|Recover|p1a: Gholdengo
|-heal|p1a: Gholdengo|75/100
|
|upkeep
|turn|26
|
|t:|1758915287
|switch|p2a: Great Tusk|Great Tusk|100/100
|move|p1a: Gholdengo|Recover|p1a: Gholdengo
|-heal|p1a: Gholdengo|100/100
|
|upkeep
|turn|27
|
|t:|1758915307
|switch|p1a: Zapdos|Zapdos|81/100
|move|p2a: Great Tusk|Knock Off|p1a: Zapdos
|-damage|p1a: Zapdos|60/100
|-enditem|p1a: Zapdos|Heavy-Duty Boots|[from] move: Knock Off|[of] p2a: Great Tusk
|
|upkeep
|turn|28
|
|t:|1758915329
|move|p1a: Zapdos|Roost|p1a: Zapdos
|-heal|p1a: Zapdos|100/100
|-singleturn|p1a: Zapdos|move: Roost
|move|p2a: Great Tusk|Stealth Rock|p1a: Zapdos
|-sidestart|p1: 4.18millionfishs|move: Stealth Rock
|
|upkeep
|turn|29
|
|t:|1758915341
|-end|p2a: Great Tusk|Protosynthesis|[silent]
|switch|p2a: Thundurus|Thundurus-Therian, M|64/100
|move|p1a: Zapdos|Hurricane|p2a: Thundurus|[miss]
|-miss|p1a: Zapdos|p2a: Thundurus
|
|upkeep
|turn|30
|
|t:|1758915351
|move|p2a: Thundurus|Grass Knot|p1a: Zapdos
|-resisted|p1a: Zapdos
|-damage|p1a: Zapdos|80/100
|move|p1a: Zapdos|Roost|p1a: Zapdos
|-heal|p1a: Zapdos|100/100
|-singleturn|p1a: Zapdos|move: Roost
|
|upkeep
|turn|31
|
|t:|1758915358
|switch|p2a: Zamazenta|Zamazenta|100/100 par
|move|p1a: Zapdos|Hurricane|p2a: Zamazenta
|-supereffective|p2a: Zamazenta
|-damage|p2a: Zamazenta|29/100 par
|
|-heal|p2a: Zamazenta|36/100 par|[from] item: Leftovers
|upkeep
|turn|32
|c|☆4.18millionfishs|well well well
|c|☆kingjot|i just don't want slowking paraed
|
|t:|1758915376
|move|p1a: Zapdos|Discharge|p2a: Zamazenta
|-damage|p2a: Zamazenta|8/100 par
|move|p2a: Zamazenta|Body Press|p1a: Zapdos
|-resisted|p1a: Zapdos
|-damage|p1a: Zapdos|88/100
|
|-heal|p2a: Zamazenta|15/100 par|[from] item: Leftovers
|upkeep
|turn|33
|
|t:|1758915381
|move|p1a: Zapdos|Discharge|p2a: Zamazenta
|-damage|p2a: Zamazenta|0 fnt
|faint|p2a: Zamazenta
|
|upkeep
|
|t:|1758915390
|switch|p2a: Corviknight|Corviknight, F|100/100
|-ability|p2a: Corviknight|Pressure
|turn|34
|c|☆kingjot|bruh
|
|t:|1758915402
|switch|p2a: Thundurus|Thundurus-Therian, M|64/100
|move|p1a: Zapdos|Discharge|p2a: Thundurus
|-heal|p2a: Thundurus|89/100|[from] ability: Volt Absorb|[of] p1a: Zapdos
|
|upkeep
|turn|35
|c|☆kingjot|haha jk
|
|t:|1758915414
|move|p2a: Thundurus|Volt Switch|p1a: Zapdos
|-damage|p1a: Zapdos|27/100
|
|t:|1758915418
|switch|p2a: Slowking|Slowking-Galar, F|100/100|[from] Volt Switch
|move|p1a: Zapdos|Roost|p1a: Zapdos
|-heal|p1a: Zapdos|78/100
|-singleturn|p1a: Zapdos|move: Roost
|
|upkeep
|turn|36
|
|t:|1758915431
|move|p1a: Zapdos|Hurricane|p2a: Slowking
|-damage|p2a: Slowking|74/100
|-start|p2a: Slowking|confusion
|-activate|p2a: Slowking|confusion
|move|p2a: Slowking|Future Sight|p1a: Zapdos
|-start|p2a: Slowking|move: Future Sight
|
|upkeep
|turn|37
|
|t:|1758915445
|move|p1a: Zapdos|Discharge|p2a: Slowking
|-damage|p2a: Slowking|54/100
|-prepare|p2a: Slowking|Chilly Reception|[premajor]
|-end|p2a: Slowking|confusion
|move|p2a: Slowking|Chilly Reception|p2a: Slowking
|-weather|Snowscape
|
|t:|1758915447
|switch|p2a: Thundurus|Thundurus-Therian, M|89/100|[from] Chilly Reception
|
|-weather|Snowscape|[upkeep]
|upkeep
|turn|38
|c|☆kingjot|heh
|
|t:|1758915473
|move|p2a: Thundurus|Thunderbolt|p1a: Zapdos
|-damage|p1a: Zapdos|8/100
|move|p1a: Zapdos|Roost|p1a: Zapdos
|-heal|p1a: Zapdos|58/100
|-singleturn|p1a: Zapdos|move: Roost
|
|-weather|Snowscape|[upkeep]
|-end|p1a: Zapdos|move: Future Sight
|-damage|p1a: Zapdos|12/100
|upkeep
|turn|39
|
|t:|1758915483
|switch|p1a: Great Tusk|Great Tusk|96/100
|move|p2a: Thundurus|Thunderbolt|p1a: Great Tusk
|-immune|p1a: Great Tusk
|
|-weather|Snowscape|[upkeep]
|upkeep
|turn|40
|
|t:|1758915499
|switch|p2a: Slowking|Slowking-Galar, F|87/100
|move|p1a: Great Tusk|Rapid Spin|p2a: Slowking
|-damage|p2a: Slowking|72/100
|-boost|p1a: Great Tusk|spe|1
|-sideend|p1: 4.18millionfishs|Stealth Rock|[from] move: Rapid Spin|[of] p1a: Great Tusk
|
|-weather|Snowscape|[upkeep]
|upkeep
|turn|41
|
|t:|1758915507
|switch|p2a: Corviknight|Corviknight, F|100/100
|-ability|p2a: Corviknight|Pressure
|move|p1a: Great Tusk|Knock Off|p2a: Corviknight
|-damage|p2a: Corviknight|83/100
|-enditem|p2a: Corviknight|Leftovers|[from] move: Knock Off|[of] p1a: Great Tusk
|
|-weather|none
|upkeep
|turn|42
|
|t:|1758915520
|move|p1a: Great Tusk|Stealth Rock|p2a: Corviknight
|-sidestart|p2: kingjot|move: Stealth Rock
|move|p2a: Corviknight|U-turn|p1a: Great Tusk
|-resisted|p1a: Great Tusk
|-damage|p1a: Great Tusk|91/100
|
|t:|1758915530
|switch|p2a: Great Tusk|Great Tusk|100/100|[from] U-turn
|-damage|p2a: Great Tusk|98/100|[from] Stealth Rock
|
|-heal|p2a: Great Tusk|100/100|[from] item: Leftovers
|upkeep
|turn|43
|
|t:|1758915542
|move|p1a: Great Tusk|Knock Off|p2a: Great Tusk
|-resisted|p2a: Great Tusk
|-damage|p2a: Great Tusk|91/100
|-enditem|p2a: Great Tusk|Leftovers|[from] move: Knock Off|[of] p1a: Great Tusk
|move|p2a: Great Tusk|Knock Off|p1a: Great Tusk
|-resisted|p1a: Great Tusk
|-damage|p1a: Great Tusk|83/100
|-enditem|p1a: Great Tusk|Heavy-Duty Boots|[from] move: Knock Off|[of] p2a: Great Tusk
|
|upkeep
|turn|44
|
|t:|1758915554
|move|p1a: Great Tusk|Headlong Rush|p2a: Great Tusk
|-damage|p2a: Great Tusk|56/100
|-unboost|p1a: Great Tusk|def|1
|-unboost|p1a: Great Tusk|spd|1
|move|p2a: Great Tusk|Stealth Rock|p1a: Great Tusk
|-sidestart|p1: 4.18millionfishs|move: Stealth Rock
|
|upkeep
|turn|45
|
|t:|1758915565
|move|p1a: Great Tusk|Rapid Spin|p2a: Great Tusk
|-damage|p2a: Great Tusk|47/100
|-boost|p1a: Great Tusk|spe|1
|-sideend|p1: 4.18millionfishs|Stealth Rock|[from] move: Rapid Spin|[of] p1a: Great Tusk
|move|p2a: Great Tusk|Rapid Spin|p1a: Great Tusk
|-damage|p1a: Great Tusk|68/100
|-boost|p2a: Great Tusk|spe|1
|-sideend|p2: kingjot|Stealth Rock|[from] move: Rapid Spin|[of] p2a: Great Tusk
|
|upkeep
|turn|46
|
|t:|1758915575
|move|p1a: Great Tusk|Headlong Rush|p2a: Great Tusk
|-damage|p2a: Great Tusk|12/100
|-unboost|p1a: Great Tusk|def|1
|-unboost|p1a: Great Tusk|spd|1
|move|p2a: Great Tusk|Stealth Rock|p1a: Great Tusk
|-sidestart|p1: 4.18millionfishs|move: Stealth Rock
|
|upkeep
|turn|47
|
|t:|1758915586
|move|p1a: Great Tusk|Headlong Rush|p2a: Great Tusk
|-damage|p2a: Great Tusk|0 fnt
|-unboost|p1a: Great Tusk|def|1
|-unboost|p1a: Great Tusk|spd|1
|faint|p2a: Great Tusk
|-end|p2a: Great Tusk|Protosynthesis|[silent]
|
|upkeep
|
|t:|1758915595
|switch|p2a: Corviknight|Corviknight, F|83/100
|-ability|p2a: Corviknight|Pressure
|turn|48
|c|☆kingjot|ok guys i think i just threw
|
|t:|1758915610
|-end|p1a: Great Tusk|Protosynthesis|[silent]
|switch|p1a: Gholdengo|Gholdengo|100/100
|-damage|p1a: Gholdengo|94/100|[from] Stealth Rock
|move|p2a: Corviknight|Brave Bird|p1a: Gholdengo
|-resisted|p1a: Gholdengo
|-damage|p1a: Gholdengo|81/100
|-damage|p2a: Corviknight|79/100|[from] Recoil
|
|upkeep
|turn|49
|
|t:|1758915623
|move|p1a: Gholdengo|Hex|p2a: Corviknight
|-damage|p2a: Corviknight|53/100
|move|p2a: Corviknight|U-turn|p1a: Gholdengo
|-resisted|p1a: Gholdengo
|-damage|p1a: Gholdengo|78/100
|
|t:|1758915629
|switch|p2a: Thundurus|Thundurus-Therian, M|89/100|[from] U-turn
|
|upkeep
|turn|50
|
|t:|1758915636
|move|p2a: Thundurus|Thunderbolt|p1a: Gholdengo
|-damage|p1a: Gholdengo|9/100
|-status|p1a: Gholdengo|par
|move|p1a: Gholdengo|Recover|p1a: Gholdengo
|-heal|p1a: Gholdengo|59/100 par
|
|upkeep
|turn|51
|c|☆kingjot|ok dammit
|c|☆4.18millionfishs|ah hell nah
|c|☆kingjot|i didn't need that but ok
|c|☆kingjot|well i thank them anyways
|
|t:|1758915662
|switch|p2a: Corviknight|Corviknight, F|53/100
|-ability|p2a: Corviknight|Pressure
|switch|p1a: Great Tusk|Great Tusk|68/100
|-damage|p1a: Great Tusk|65/100|[from] Stealth Rock
|
|upkeep
|turn|52
|
|t:|1758915672
|move|p1a: Great Tusk|Rapid Spin|p2a: Corviknight
|-resisted|p2a: Corviknight
|-damage|p2a: Corviknight|49/100
|-boost|p1a: Great Tusk|spe|1
|-sideend|p1: 4.18millionfishs|Stealth Rock|[from] move: Rapid Spin|[of] p1a: Great Tusk
|move|p2a: Corviknight|Brave Bird|p1a: Great Tusk
|-supereffective|p1a: Great Tusk
|-damage|p1a: Great Tusk|16/100
|-damage|p2a: Corviknight|31/100|[from] Recoil
|
|upkeep
|turn|53
|
|t:|1758915689
|move|p1a: Great Tusk|Stealth Rock|p2a: Corviknight
|-sidestart|p2: kingjot|move: Stealth Rock
|move|p2a: Corviknight|Brave Bird|p1a: Great Tusk
|-supereffective|p1a: Great Tusk
|-damage|p1a: Great Tusk|0 fnt
|faint|p1a: Great Tusk
|-end|p1a: Great Tusk|Protosynthesis|[silent]
|-damage|p2a: Corviknight|26/100|[from] Recoil
|
|upkeep
|
|t:|1758915693
|switch|p1a: Hydreigon|Hydreigon, M|59/100
|turn|54
|
|t:|1758915722
|move|p1a: Hydreigon|Flamethrower|p2a: Corviknight
|-supereffective|p2a: Corviknight
|-damage|p2a: Corviknight|0 fnt
|faint|p2a: Corviknight
|
|-heal|p1a: Hydreigon|65/100|[from] item: Leftovers
|upkeep
|
|t:|1758915732
|switch|p2a: Slowking|Slowking-Galar, F|100/100
|turn|55
|
|t:|1758915741
|move|p1a: Hydreigon|Substitute|p1a: Hydreigon
|-start|p1a: Hydreigon|Substitute
|-damage|p1a: Hydreigon|40/100
|move|p2a: Slowking|Sludge Bomb|p1a: Hydreigon
|-end|p1a: Hydreigon|Substitute
|
|-heal|p1a: Hydreigon|47/100|[from] item: Leftovers
|upkeep
|turn|56
|
|t:|1758915752
|switch|p1a: Gholdengo|Gholdengo|59/100 par
|move|p2a: Slowking|Sludge Bomb|p1a: Gholdengo
|-immune|p1a: Gholdengo
|
|upkeep
|turn|57
|
|t:|1758915756
|cant|p1a: Gholdengo|par
|-prepare|p2a: Slowking|Chilly Reception|[premajor]
|move|p2a: Slowking|Chilly Reception|p2a: Slowking
|-weather|Snowscape
|
|t:|1758915759
|switch|p2a: Thundurus|Thundurus-Therian, M|89/100|[from] Chilly Reception
|-damage|p2a: Thundurus|64/100|[from] Stealth Rock
|
|-weather|Snowscape|[upkeep]
|upkeep
|turn|58
|
|t:|1758915762
|move|p2a: Thundurus|Thunderbolt|p1a: Gholdengo
|-damage|p1a: Gholdengo|0 fnt
|faint|p1a: Gholdengo
|
|-weather|Snowscape|[upkeep]
|upkeep
|c|☆kingjot|sorry bro
|
|t:|1758915765
|switch|p1a: Hydreigon|Hydreigon, M|47/100
|turn|59
|c|☆kingjot|ggs
|
|t:|1758915770
|switch|p2a: Slowking|Slowking-Galar, F|100/100
|move|p1a: Hydreigon|Draco Meteor|p2a: Slowking|[miss]
|-miss|p1a: Hydreigon|p2a: Slowking
|
|-weather|Snowscape|[upkeep]
|-heal|p1a: Hydreigon|53/100|[from] item: Leftovers
|upkeep
|turn|60
|c|☆kingjot|unless i somehow fumble this
|c|☆kingjot|LOL
|c|☆kingjot|miss was unesscary but ok
|
|t:|1758915792
|move|p1a: Hydreigon|Nasty Plot|p1a: Hydreigon
|-boost|p1a: Hydreigon|spa|2
|move|p2a: Slowking|Sludge Bomb|p1a: Hydreigon
|-crit|p1a: Hydreigon
|-damage|p1a: Hydreigon|0 fnt
|faint|p1a: Hydreigon
|
|-weather|Snowscape|[upkeep]
|upkeep
|c|☆4.18millionfishs|bruh wtf
|c|☆kingjot|thank you to the gods of showdown
|
|t:|1758915799
|switch|p1a: Zapdos|Zapdos|12/100
|turn|61
|c|☆kingjot|tf
|c|☆kingjot|alr
|c|☆kingjot|whatever
|
|t:|1758915814
|move|p1a: Zapdos|Roost|p1a: Zapdos
|-heal|p1a: Zapdos|62/100
|-singleturn|p1a: Zapdos|move: Roost
|-prepare|p2a: Slowking|Chilly Reception|[premajor]
|move|p2a: Slowking|Chilly Reception|p2a: Slowking
|
|t:|1758915816
|switch|p2a: Thundurus|Thundurus-Therian, M|64/100|[from] Chilly Reception
|-damage|p2a: Thundurus|39/100|[from] Stealth Rock
|
|-weather|none
|upkeep
|turn|62
|c|☆kingjot|ggs
|
|t:|1758915823
|move|p2a: Thundurus|Thunderbolt|p1a: Zapdos
|-damage|p1a: Zapdos|0 fnt
|faint|p1a: Zapdos
|
|win|kingjot
|c|☆kingjot|rematch if you think is unfair
|c|☆4.18millionfishs|welp
|c|☆4.18millionfishs|homeowrk time
|c|☆4.18millionfishs|gg
|c|☆kingjot|ok then
|c|☆kingjot|gg
|c|☆4.18millionfishs|bye bye
|c|☆kingjot|cya
|l|☆4.18millionfishs
|player|p1|
