|j|☆rhhgvv
|j|☆chrxn't
|t:|1759058433
|gametype|singles
|player|p1|rhhgvv|101|1198
|player|p2|chrxn't|psychic-gen4|1157
|gen|9
|tier|[Gen 9] OU
|rated|
|rule|HP Percentage Mod: HP is shown in percentages
|rule|Endless Battle Clause: Forcing endless battles is banned
|rule|Species Clause: Limit one of each Pokémon
|rule|OHKO Clause: OHKO moves are banned
|rule|Evasion Items Clause: Evasion items are banned
|rule|Evasion Moves Clause: Evasion moves are banned
|rule|Evasion Abilities Clause: Evasion abilities are banned
|rule|Sleep Moves Clause: Sleep-inducing moves are banned
|clearpoke
|poke|p1|Glimmora, F|
|poke|p1|Zarude|
|poke|p1|Enamorus, F|
|poke|p1|Great Tusk|
|poke|p1|Kyurem|
|poke|p1|Blissey, F|
|poke|p2|Talonflame, M|
|poke|p2|Dragapult, F|
|poke|p2|Iron Valiant|
|poke|p2|Hawlucha, F|
|poke|p2|Golduck, F|
|poke|p2|Iron Treads|
|teampreview
|inactive|Battle timer is ON: inactive players will automatically lose when time's up. (requested by chrxn't)
|inactive|rhhgvv also wants the timer to be on.
|
|t:|1759058440
|teamsize|p1|6
|teamsize|p2|6
|start
|switch|p1a: Glimmora|Glimmora, F, shiny|100/100
|switch|p2a: very boring name|Iron Treads|100/100
|-item|p1a: Glimmora|Air Balloon
|-enditem|p2a: very boring name|Booster Energy
|-activate|p2a: very boring name|ability: Quark Drive|[fromitem]
|-start|p2a: very boring name|quarkdrivespe
|turn|1
|
|t:|1759058455
|switch|p1a: Great Tusk|Great Tusk|100/100
|move|p2a: very boring name|Rapid Spin|p1a: Great Tusk
|-damage|p1a: Great Tusk|92/100
|-boost|p2a: very boring name|spe|1
|
|upkeep
|turn|2
|
|t:|1759058464
|move|p2a: very boring name|Ice Spinner|p1a: Great Tusk
|-supereffective|p1a: Great Tusk
|-damage|p1a: Great Tusk|66/100
|move|p1a: Great Tusk|Close Combat|p2a: very boring name
|-supereffective|p2a: very boring name
|-damage|p2a: very boring name|0 fnt
|-unboost|p1a: Great Tusk|def|1
|-unboost|p1a: Great Tusk|spd|1
|faint|p2a: very boring name
|-end|p2a: very boring name|Quark Drive|[silent]
|
|upkeep
|
|t:|1759058469
|switch|p2a: Golduck|Golduck, F|100/100
|-ability|p2a: Golduck|Cloud Nine
|turn|3
|
|t:|1759058474
|-end|p1a: Great Tusk|Protosynthesis|[silent]
|switch|p1a: Blissey|Blissey, F|100/100
|move|p2a: Golduck|Hydro Pump|p1a: Blissey
|-damage|p1a: Blissey|81/100
|
|-heal|p1a: Blissey|88/100|[from] item: Leftovers
|upkeep
|turn|4
|
|t:|1759058476
|switch|p2a: Hawlucha|Hawlucha, F|100/100
|move|p1a: Blissey|Thunder Wave|p2a: Hawlucha
|-status|p2a: Hawlucha|par
|
|-heal|p1a: Blissey|94/100|[from] item: Leftovers
|upkeep
|turn|5
|
|t:|1759058482
|switch|p1a: Glimmora|Glimmora, F, shiny|100/100
|-item|p1a: Glimmora|Air Balloon
|cant|p2a: Hawlucha|par
|
|upkeep
|turn|6
|
|t:|1759058492
|switch|p2a: random name|Dragapult, F|100/100
|move|p1a: Glimmora|Stealth Rock|p2a: random name
|-sidestart|p2: chrxn't|move: Stealth Rock
|
|upkeep
|turn|7
|
|t:|1759058498
|switch|p1a: Blissey|Blissey, F|94/100
|move|p2a: random name|Shadow Ball|p1a: Blissey
|-immune|p1a: Blissey
|
|-heal|p1a: Blissey|99/100|[from] item: Leftovers
|upkeep
|turn|8
|
|t:|1759058509
|switch|p2a: Hawlucha|Hawlucha, F|100/100 par
|-damage|p2a: Hawlucha|88/100 par|[from] Stealth Rock
|switch|p1a: Great Tusk|Great Tusk|66/100
|
|upkeep
|turn|9
|
|t:|1759058517
|move|p2a: Hawlucha|Endure|p2a: Hawlucha
|-singleturn|p2a: Hawlucha|move: Endure
|move|p1a: Great Tusk|Ice Spinner|p2a: Hawlucha
|-supereffective|p2a: Hawlucha
|-activate|p2a: Hawlucha|move: Endure
|-damage|p2a: Hawlucha|1/100 par
|-enditem|p2a: Hawlucha|Liechi Berry|[eat]
|-boost|p2a: Hawlucha|atk|1|[from] item: Liechi Berry
|
|upkeep
|turn|10
|
|t:|1759058526
|-end|p1a: Great Tusk|Protosynthesis|[silent]
|switch|p1a: Glimmora|Glimmora, F, shiny|100/100
|-item|p1a: Glimmora|Air Balloon
|cant|p2a: Hawlucha|par
|
|upkeep
|turn|11
|
|t:|1759058532
|move|p2a: Hawlucha|Reversal|p1a: Glimmora
|-damage|p1a: Glimmora|0 fnt
|-activate|p1a: Glimmora|ability: Toxic Debris
|-sidestart|p2: chrxn't|move: Toxic Spikes
|-enditem|p1a: Glimmora|Air Balloon
|faint|p1a: Glimmora
|
|upkeep
|
|t:|1759058547
|switch|p1a: Great Tusk|Great Tusk|66/100
|turn|12
|
|t:|1759058550
|move|p2a: Hawlucha|Reversal|p1a: Great Tusk
|-damage|p1a: Great Tusk|0 fnt
|faint|p1a: Great Tusk
|-end|p1a: Great Tusk|Protosynthesis|[silent]
|
|upkeep
|
|t:|1759058553
|switch|p1a: Enamorus|Enamorus, F|100/100
|turn|13
|
|t:|1759058557
|move|p2a: Hawlucha|Reversal|p1a: Enamorus
|-resisted|p1a: Enamorus
|-damage|p1a: Enamorus|54/100
|move|p1a: Enamorus|Psychic|p2a: Hawlucha
|-supereffective|p2a: Hawlucha
|-damage|p2a: Hawlucha|0 fnt
|faint|p2a: Hawlucha
|
|upkeep
|
|t:|1759058564
|switch|p2a: off brand moltres|Talonflame, M|100/100
|-damage|p2a: off brand moltres|50/100|[from] Stealth Rock
|turn|14
|
|t:|1759058571
|switch|p1a: Blissey|Blissey, F|99/100
|move|p2a: off brand moltres|Brave Bird|p1a: Blissey
|-damage|p1a: Blissey|0 fnt
|faint|p1a: Blissey
|-damage|p2a: off brand moltres|0 fnt|[from] Recoil
|faint|p2a: off brand moltres
|
|upkeep
|
|t:|1759058577
|switch|p2a: random name|Dragapult, F|100/100
|switch|p1a: Enamorus|Enamorus, F|54/100
|-damage|p2a: random name|88/100|[from] Stealth Rock
|-status|p2a: random name|psn
|turn|15
|
|t:|1759058587
|switch|p1a: Zarude Sandstorm|Zarude|100/100
|move|p2a: random name|Thunderbolt|p1a: Zarude Sandstorm
|-resisted|p1a: Zarude Sandstorm
|-damage|p1a: Zarude Sandstorm|87/100
|
|-heal|p1a: Zarude Sandstorm|93/100|[from] item: Leftovers
|-damage|p2a: random name|76/100 psn|[from] psn
|upkeep
|turn|16
|
|t:|1759058591
|move|p2a: random name|Flamethrower|p1a: Zarude Sandstorm
|-supereffective|p1a: Zarude Sandstorm
|-damage|p1a: Zarude Sandstorm|34/100
|move|p1a: Zarude Sandstorm|Knock Off|p2a: random name
|-supereffective|p2a: random name
|-damage|p2a: random name|0 fnt
|-enditem|p2a: random name|Expert Belt|[from] move: Knock Off|[of] p1a: Zarude Sandstorm
|faint|p2a: random name
|
|-heal|p1a: Zarude Sandstorm|40/100|[from] item: Leftovers
|upkeep
|
|t:|1759058595
|switch|p2a: absolute unit|Iron Valiant|100/100
|-damage|p2a: absolute unit|94/100|[from] Stealth Rock
|-status|p2a: absolute unit|psn
|-enditem|p2a: absolute unit|Booster Energy
|-activate|p2a: absolute unit|ability: Quark Drive|[fromitem]
|-start|p2a: absolute unit|quarkdrivespe
|turn|17
|
|t:|1759058608
|-terastallize|p2a: absolute unit|Fairy
|move|p2a: absolute unit|Spirit Break|p1a: Zarude Sandstorm
|-supereffective|p1a: Zarude Sandstorm
|-damage|p1a: Zarude Sandstorm|0 fnt
|faint|p1a: Zarude Sandstorm
|
|-damage|p2a: absolute unit|82/100 psn|[from] psn
|upkeep
|
|t:|1759058613
|switch|p1a: Kyurem|Kyurem|100/100
|-ability|p1a: Kyurem|Pressure
|turn|18
|
|t:|1759058622
|move|p2a: absolute unit|Close Combat|p1a: Kyurem
|-supereffective|p1a: Kyurem
|-damage|p1a: Kyurem|0 fnt
|-unboost|p2a: absolute unit|def|1
|-unboost|p2a: absolute unit|spd|1
|faint|p1a: Kyurem
|
|-damage|p2a: absolute unit|69/100 psn|[from] psn
|upkeep
|
|t:|1759058625
|switch|p1a: Enamorus|Enamorus, F|54/100
|turn|19
|
|t:|1759058631
|move|p2a: absolute unit|Spirit Break|p1a: Enamorus
|-damage|p1a: Enamorus|0 fnt
|faint|p1a: Enamorus
|
|win|chrxn't
|raw|rhhgvv's rating: 1198 &rarr; <strong>1170</strong><br />(-28 for losing)
|raw|chrxn&apos;t's rating: 1157 &rarr; <strong>1185</strong><br />(+28 for winning)
|l|☆rhhgvv
|player|p1|
|c|☆chrxn't|good game well played!
|l|☆chrxn't
|player|p2|
