|j|☆Acepoke75
|j|☆Benji_Bejamming
|t:|1759032749
|gametype|singles
|player|p1|Acepoke75|steven|1181
|player|p2|Benji_Bejamming|maid|1181
|gen|9
|tier|[Gen 9] OU
|rated|
|rule|HP Percentage Mod: HP is shown in percentages
|rule|Endless Battle Clause: Forcing endless battles is banned
|rule|Species Clause: Limit one of each Pokémon
|rule|OHKO Clause: OHKO moves are banned
|rule|Evasion Items Clause: Evasion items are banned
|rule|Evasion Moves Clause: Evasion moves are banned
|rule|Evasion Abilities Clause: Evasion abilities are banned
|rule|Sleep Moves Clause: Sleep-inducing moves are banned
|clearpoke
|poke|p1|Ribombee, M|
|poke|p1|Great Tusk|
|poke|p1|Gholdengo|
|poke|p1|Manaphy|
|poke|p1|Kingambit, M|
|poke|p1|Iron Valiant|
|poke|p2|Rotom-Mow|
|poke|p2|Quaquaval, F|
|poke|p2|Wyrdeer, F|
|poke|p2|Mew|
|poke|p2|Ceruledge, F|
|poke|p2|Garchomp, M|
|teampreview
|inactive|Battle timer is ON: inactive players will automatically lose when time's up. (requested by Acepoke75)
|
|t:|1759032754
|teamsize|p1|6
|teamsize|p2|6
|start
|switch|p1a: Ribombee|Ribombee, M|100/100
|switch|p2a: Rotom|Rotom-Mow|100/100
|turn|1
|
|t:|1759032759
|move|p2a: Rotom|Volt Switch|p1a: Ribombee
|-damage|p1a: Ribombee|47/100
|
|t:|1759032763
|switch|p2a: Quaquaval|Quaquaval, F|100/100|[from] Volt Switch
|move|p1a: Ribombee|Sticky Web|p2a: Quaquaval
|-sidestart|p2: Benji_Bejamming|move: Sticky Web
|
|upkeep
|turn|2
|
|t:|1759032769
|-terastallize|p1a: Ribombee|Ghost
|move|p1a: Ribombee|Moonblast|p2a: Quaquaval
|-supereffective|p2a: Quaquaval
|-damage|p2a: Quaquaval|37/100
|move|p2a: Quaquaval|Rapid Spin|p1a: Ribombee
|-immune|p1a: Ribombee
|
|upkeep
|turn|3
|
|t:|1759032782
|switch|p2a: Ceruledge|Ceruledge, F|100/100
|-activate|p2a: Ceruledge|move: Sticky Web
|-unboost|p2a: Ceruledge|spe|1
|move|p1a: Ribombee|Moonblast|p2a: Ceruledge
|-resisted|p2a: Ceruledge
|-damage|p2a: Ceruledge|82/100
|
|upkeep
|turn|4
|
|t:|1759032795
|move|p1a: Ribombee|Skill Swap|p2a: Ceruledge
|-activate|p1a: Ribombee|move: Skill Swap|Weak Armor|Shield Dust|[of] p2a: Ceruledge
|move|p2a: Ceruledge|Bitter Blade|p1a: Ribombee
|-damage|p1a: Ribombee|0 fnt
|-heal|p2a: Ceruledge|100/100|[from] drain|[of] p1a: Ribombee
|faint|p1a: Ribombee
|-damage|p2a: Ceruledge|91/100|[from] item: Life Orb
|
|upkeep
|
|t:|1759032801
|switch|p1a: Great Tusk|Great Tusk|100/100
|-enditem|p1a: Great Tusk|Booster Energy
|-activate|p1a: Great Tusk|ability: Protosynthesis|[fromitem]
|-start|p1a: Great Tusk|protosynthesisatk
|turn|5
|
|t:|1759032819
|switch|p2a: Rotom|Rotom-Mow|100/100
|move|p1a: Great Tusk|Headlong Rush|p2a: Rotom
|-immune|p2a: Rotom|[from] ability: Levitate
|
|upkeep
|turn|6
|
|t:|1759032830
|move|p2a: Rotom|Leaf Storm|p1a: Great Tusk
|-supereffective|p1a: Great Tusk
|-damage|p1a: Great Tusk|0 fnt
|-unboost|p2a: Rotom|spa|2
|faint|p1a: Great Tusk
|-end|p1a: Great Tusk|Protosynthesis|[silent]
|
|upkeep
|
|t:|1759032835
|switch|p1a: Gholdengo|Gholdengo|100/100
|-item|p1a: Gholdengo|Air Balloon
|turn|7
|
|t:|1759032842
|switch|p2a: Quaquaval|Quaquaval, F|37/100
|-activate|p2a: Quaquaval|move: Sticky Web
|-unboost|p2a: Quaquaval|spe|1
|move|p1a: Gholdengo|Nasty Plot|p1a: Gholdengo
|-boost|p1a: Gholdengo|spa|2
|
|upkeep
|turn|8
|
|t:|1759032854
|move|p1a: Gholdengo|Dazzling Gleam|p2a: Quaquaval
|-supereffective|p2a: Quaquaval
|-damage|p2a: Quaquaval|0 fnt
|faint|p2a: Quaquaval
|
|upkeep
|
|t:|1759032865
|switch|p2a: Mew|Mew|100/100
|-activate|p2a: Mew|move: Sticky Web
|-unboost|p2a: Mew|spe|1
|turn|9
|
|t:|1759032876
|move|p1a: Gholdengo|Shadow Ball|p2a: Mew
|-supereffective|p2a: Mew
|-damage|p2a: Mew|0 fnt
|faint|p2a: Mew
|
|upkeep
|
|t:|1759032881
|switch|p2a: Ceruledge|Ceruledge, F|91/100
|-activate|p2a: Ceruledge|move: Sticky Web
|-unboost|p2a: Ceruledge|spe|1
|turn|10
|
|t:|1759032885
|move|p2a: Ceruledge|Shadow Sneak|p1a: Gholdengo
|-supereffective|p1a: Gholdengo
|-damage|p1a: Gholdengo|43/100
|-enditem|p1a: Gholdengo|Air Balloon
|-damage|p2a: Ceruledge|81/100|[from] item: Life Orb
|move|p1a: Gholdengo|Shadow Ball|p2a: Ceruledge
|-supereffective|p2a: Ceruledge
|-damage|p2a: Ceruledge|0 fnt
|faint|p2a: Ceruledge
|
|upkeep
|
|t:|1759032902
|switch|p2a: Rotom|Rotom-Mow|100/100
|turn|11
|
|t:|1759032908
|move|p2a: Rotom|Volt Switch|p1a: Gholdengo
|-damage|p1a: Gholdengo|3/100
|
|t:|1759032913
|switch|p2a: Garchomp|Garchomp, M|100/100|[from] Volt Switch
|-activate|p2a: Garchomp|move: Sticky Web
|-unboost|p2a: Garchomp|spe|1
|move|p1a: Gholdengo|Shadow Ball|p2a: Garchomp
|-damage|p2a: Garchomp|15/100
|
|upkeep
|turn|12
|
|t:|1759032927
|move|p1a: Gholdengo|Dazzling Gleam|p2a: Garchomp
|-supereffective|p2a: Garchomp
|-damage|p2a: Garchomp|0 fnt
|faint|p2a: Garchomp
|
|upkeep
|-message|Benji_Bejamming forfeited.
|
|win|Acepoke75
|raw|Acepoke75's rating: 1181 &rarr; <strong>1206</strong><br />(+25 for winning)
|raw|Benji_Bejamming's rating: 1181 &rarr; <strong>1156</strong><br />(-25 for losing)
|l|☆Benji_Bejamming
|player|p2|
|l|☆Acepoke75
|player|p1|
