|j|☆Yz99999
|j|☆lerendezvous
|t:|1758992242
|gametype|singles
|player|p1|Yz99999|1|1691
|player|p2|lerendezvous|101|1700
|gen|9
|tier|[Gen 9] OU
|rated|
|rule|HP Percentage Mod: HP is shown in percentages
|rule|Endless Battle Clause: Forcing endless battles is banned
|rule|Species Clause: Limit one of each Pokémon
|rule|OHKO Clause: OHKO moves are banned
|rule|Evasion Items Clause: Evasion items are banned
|rule|Evasion Moves Clause: Evasion moves are banned
|rule|Evasion Abilities Clause: Evasion abilities are banned
|rule|Sleep Moves Clause: Sleep-inducing moves are banned
|clearpoke
|poke|p1|Garganacl, F|
|poke|p1|Corviknight, F|
|poke|p1|Great Tusk|
|poke|p1|Scizor, F|
|poke|p1|Raging Bolt|
|poke|p1|Maushold|
|poke|p2|Ogerpon-Wellspring, F|
|poke|p2|Slowking-Galar, F|
|poke|p2|Great Tusk|
|poke|p2|Moltres|
|poke|p2|Dragapult, F|
|poke|p2|Kingambit, F|
|teampreview
|inactive|Battle timer is ON: inactive players will automatically lose when time's up. (requested by Yz99999)
|
|t:|1758992250
|teamsize|p1|6
|teamsize|p2|6
|start
|switch|p1a: Garganacl|Garganacl, F|100/100
|switch|p2a: Great Tusk|Great Tusk|100/100
|turn|1
|inactive|lerendezvous also wants the timer to be on.
|
|t:|1758992254
|switch|p1a: Corviknight|Corviknight, F|100/100
|-ability|p1a: Corviknight|Pressure
|move|p2a: Great Tusk|Stealth Rock|p1a: Corviknight
|-sidestart|p1: Yz99999|move: Stealth Rock
|
|upkeep
|turn|2
|
|t:|1758992258
|-end|p2a: Great Tusk|Protosynthesis|[silent]
|switch|p2a: Kingambit|Kingambit, F|100/100
|move|p1a: Corviknight|Brave Bird|p2a: Kingambit
|-resisted|p2a: Kingambit
|-damage|p2a: Kingambit|86/100
|-damage|p1a: Corviknight|96/100|[from] Recoil
|
|-heal|p2a: Kingambit|92/100|[from] item: Leftovers
|upkeep
|turn|3
|
|t:|1758992268
|move|p2a: Kingambit|Swords Dance|p2a: Kingambit
|-boost|p2a: Kingambit|atk|2
|move|p1a: Corviknight|Defog|p2a: Kingambit
|-unboost|p2a: Kingambit|evasion|1
|-sideend|p1: Yz99999|Stealth Rock|[from] move: Defog|[of] p1a: Corviknight
|
|-heal|p2a: Kingambit|98/100|[from] item: Leftovers
|upkeep
|turn|4
|
|t:|1758992272
|move|p2a: Kingambit|Sucker Punch|p1a: Corviknight
|-damage|p1a: Corviknight|36/100
|-damage|p2a: Kingambit|82/100|[from] item: Rocky Helmet|[of] p1a: Corviknight
|move|p1a: Corviknight|U-turn|p2a: Kingambit
|-damage|p2a: Kingambit|71/100
|
|t:|1758992274
|switch|p1a: Great Tusk|Great Tusk|100/100|[from] U-turn
|
|-heal|p2a: Kingambit|78/100|[from] item: Leftovers
|upkeep
|turn|5
|
|t:|1758992278
|-end|p1a: Great Tusk|Protosynthesis|[silent]
|switch|p1a: Raging Bolt|Raging Bolt|100/100
|-end|p2a: Kingambit|fallenundefined|[silent]
|switch|p2a: Moltres|Moltres|100/100
|
|upkeep
|turn|6
|
|t:|1758992283
|switch|p2a: Slowking|Slowking-Galar, F|100/100
|move|p1a: Raging Bolt|Volt Switch|p2a: Slowking
|-damage|p2a: Slowking|70/100
|
|t:|1758992286
|-end|p1a: Raging Bolt|Protosynthesis|[silent]
|switch|p1a: Scizor|Scizor, F|100/100|[from] Volt Switch
|
|upkeep
|turn|7
|
|t:|1758992291
|switch|p1a: Raging Bolt|Raging Bolt|100/100
|switch|p2a: Moltres|Moltres|100/100
|
|upkeep
|turn|8
|
|t:|1758992295
|switch|p2a: Slowking|Slowking-Galar, F|100/100
|move|p1a: Raging Bolt|Draco Meteor|p2a: Slowking|[miss]
|-miss|p1a: Raging Bolt|p2a: Slowking
|
|upkeep
|turn|9
|
|t:|1758992300
|move|p1a: Raging Bolt|Draco Meteor|p2a: Slowking
|-damage|p2a: Slowking|39/100
|-unboost|p1a: Raging Bolt|spa|2
|move|p2a: Slowking|Ice Beam|p1a: Raging Bolt
|-supereffective|p1a: Raging Bolt
|-damage|p1a: Raging Bolt|54/100
|
|upkeep
|turn|10
|
|t:|1758992306
|move|p1a: Raging Bolt|Draco Meteor|p2a: Slowking
|-damage|p2a: Slowking|12/100
|-unboost|p1a: Raging Bolt|spa|2
|move|p2a: Slowking|Ice Beam|p1a: Raging Bolt
|-supereffective|p1a: Raging Bolt
|-damage|p1a: Raging Bolt|3/100
|
|upkeep
|turn|11
|
|t:|1758992311
|switch|p2a: Ogerpon|Ogerpon-Wellspring, F|100/100
|move|p1a: Raging Bolt|Draco Meteor|p2a: Ogerpon
|-damage|p2a: Ogerpon|57/100
|-unboost|p1a: Raging Bolt|spa|2
|
|upkeep
|turn|12
|
|t:|1758992315
|-end|p1a: Raging Bolt|Protosynthesis|[silent]
|switch|p1a: Corviknight|Corviknight, F|36/100
|-ability|p1a: Corviknight|Pressure
|move|p2a: Ogerpon|Ivy Cudgel|p1a: Corviknight|[anim] Ivy Cudgel Water
|-damage|p1a: Corviknight|0 fnt
|faint|p1a: Corviknight
|
|upkeep
|
|t:|1758992319
|switch|p1a: Scizor|Scizor, F|100/100
|turn|13
|
|t:|1758992323
|move|p2a: Ogerpon|Ivy Cudgel|p1a: Scizor|[anim] Ivy Cudgel Water
|-damage|p1a: Scizor|45/100
|move|p1a: Scizor|U-turn|p2a: Ogerpon
|-supereffective|p2a: Ogerpon
|-damage|p2a: Ogerpon|0 fnt
|faint|p2a: Ogerpon
|
|t:|1758992327
|switch|p1a: Great Tusk|Great Tusk|100/100|[from] U-turn
|
|upkeep
|
|t:|1758992331
|switch|p2a: Slowking|Slowking-Galar, F|45/100
|turn|14
|
|t:|1758992336
|-end|p1a: Great Tusk|Protosynthesis|[silent]
|switch|p1a: Raging Bolt|Raging Bolt|3/100
|switch|p2a: Moltres|Moltres|100/100
|
|upkeep
|turn|15
|
|t:|1758992341
|switch|p2a: Slowking|Slowking-Galar, F|78/100
|move|p1a: Raging Bolt|Draco Meteor|p2a: Slowking
|-damage|p2a: Slowking|17/100
|-unboost|p1a: Raging Bolt|spa|2
|
|upkeep
|turn|16
|
|t:|1758992345
|switch|p2a: Kingambit|Kingambit, F|78/100
|-activate|p2a: Kingambit|ability: Supreme Overlord
|-start|p2a: Kingambit|fallen1|[silent]
|move|p1a: Raging Bolt|Draco Meteor|p2a: Kingambit
|-resisted|p2a: Kingambit
|-damage|p2a: Kingambit|48/100
|-unboost|p1a: Raging Bolt|spa|2
|
|-heal|p2a: Kingambit|55/100|[from] item: Leftovers
|upkeep
|turn|17
|
|t:|1758992350
|-end|p1a: Raging Bolt|Protosynthesis|[silent]
|switch|p1a: Scizor|Scizor, F|45/100
|-end|p2a: Kingambit|fallen1|[silent]
|switch|p2a: Slowking|Slowking-Galar, F|50/100
|
|upkeep
|turn|18
|
|t:|1758992355
|switch|p2a: Great Tusk|Great Tusk|100/100
|move|p1a: Scizor|U-turn|p2a: Great Tusk
|-resisted|p2a: Great Tusk
|-damage|p2a: Great Tusk|78/100
|-damage|p1a: Scizor|28/100|[from] item: Rocky Helmet|[of] p2a: Great Tusk
|
|t:|1758992358
|switch|p1a: Great Tusk|Great Tusk|100/100|[from] U-turn
|
|upkeep
|turn|19
|
|t:|1758992363
|-end|p2a: Great Tusk|Protosynthesis|[silent]
|switch|p2a: Moltres|Moltres|100/100
|move|p1a: Great Tusk|Knock Off|p2a: Moltres
|-damage|p2a: Moltres|76/100
|-enditem|p2a: Moltres|Heavy-Duty Boots|[from] move: Knock Off|[of] p1a: Great Tusk
|
|upkeep
|turn|20
|
|t:|1758992369
|-end|p1a: Great Tusk|Protosynthesis|[silent]
|switch|p1a: Scizor|Scizor, F|28/100
|move|p2a: Moltres|U-turn|p1a: Scizor
|-resisted|p1a: Scizor
|-damage|p1a: Scizor|22/100
|
|t:|1758992378
|switch|p2a: Kingambit|Kingambit, F|55/100|[from] U-turn
|-activate|p2a: Kingambit|ability: Supreme Overlord
|-start|p2a: Kingambit|fallen1|[silent]
|
|-heal|p2a: Kingambit|61/100|[from] item: Leftovers
|upkeep
|turn|21
|
|t:|1758992383
|move|p2a: Kingambit|Low Kick|p1a: Scizor
|-damage|p1a: Scizor|0 fnt
|faint|p1a: Scizor
|
|-heal|p2a: Kingambit|67/100|[from] item: Leftovers
|upkeep
|
|t:|1758992385
|switch|p1a: Great Tusk|Great Tusk|100/100
|turn|22
|
|t:|1758992390
|-end|p1a: Great Tusk|Protosynthesis|[silent]
|switch|p1a: Raging Bolt|Raging Bolt|3/100
|-end|p2a: Kingambit|fallen1|[silent]
|switch|p2a: Moltres|Moltres|76/100
|
|upkeep
|turn|23
|
|t:|1758992394
|switch|p2a: Slowking|Slowking-Galar, F|84/100
|move|p1a: Raging Bolt|Draco Meteor|p2a: Slowking
|-damage|p2a: Slowking|23/100
|-unboost|p1a: Raging Bolt|spa|2
|
|upkeep
|turn|24
|
|t:|1758992400
|switch|p2a: Kingambit|Kingambit, F|67/100
|-activate|p2a: Kingambit|ability: Supreme Overlord
|-start|p2a: Kingambit|fallen1|[silent]
|move|p1a: Raging Bolt|Draco Meteor|p2a: Kingambit
|-resisted|p2a: Kingambit
|-damage|p2a: Kingambit|39/100
|-unboost|p1a: Raging Bolt|spa|2
|
|-heal|p2a: Kingambit|45/100|[from] item: Leftovers
|upkeep
|turn|25
|
|t:|1758992405
|-end|p1a: Raging Bolt|Protosynthesis|[silent]
|switch|p1a: Great Tusk|Great Tusk|100/100
|move|p2a: Kingambit|Iron Head|p1a: Great Tusk
|-damage|p1a: Great Tusk|64/100
|
|-heal|p2a: Kingambit|51/100|[from] item: Leftovers
|upkeep
|turn|26
|
|t:|1758992410
|-end|p1a: Great Tusk|Protosynthesis|[silent]
|switch|p1a: Raging Bolt|Raging Bolt|3/100
|-end|p2a: Kingambit|fallen1|[silent]
|switch|p2a: Moltres|Moltres|76/100
|
|upkeep
|turn|27
|
|t:|1758992415
|-end|p1a: Raging Bolt|Protosynthesis|[silent]
|switch|p1a: Maushold|Maushold|100/100
|switch|p2a: Great Tusk|Great Tusk|78/100
|
|upkeep
|turn|28
|-message|Yz99999 forfeited.
|
|win|lerendezvous
|raw|Yz99999's rating: 1691 &rarr; <strong>1672</strong><br />(-19 for losing)
|raw|lerendezvous's rating: 1700 &rarr; <strong>1719</strong><br />(+19 for winning)
