|j|☆wiggilydiggily
|j|☆skypiaisland
|t:|1758998103
|gametype|singles
|player|p1|wiggilydiggily|169|1579
|player|p2|skypiaisland|1|1608
|gen|9
|tier|[Gen 9] OU
|rated|
|rule|HP Percentage Mod: HP is shown in percentages
|rule|Endless Battle Clause: Forcing endless battles is banned
|rule|Species Clause: Limit one of each Pokémon
|rule|OHKO Clause: OHKO moves are banned
|rule|Evasion Items Clause: Evasion items are banned
|rule|Evasion Moves Clause: Evasion moves are banned
|rule|Evasion Abilities Clause: Evasion abilities are banned
|rule|Sleep Moves Clause: Sleep-inducing moves are banned
|clearpoke
|poke|p1|Glimmora, M|
|poke|p1|Zamazenta-*|
|poke|p1|Iron Crown|
|poke|p1|Lycanroc-Dusk, M|
|poke|p1|Kyurem|
|poke|p1|Rillaboom, M|
|poke|p2|Rillaboom, F|
|poke|p2|Hoopa-Unbound|
|poke|p2|Ninetales-Alola, F|
|poke|p2|Glimmora, F|
|poke|p2|Delphox, M|
|poke|p2|Gholdengo|
|teampreview
|inactive|Battle timer is ON: inactive players will automatically lose when time's up. (requested by wiggilydiggily)
|
|t:|1758998145
|teamsize|p1|6
|teamsize|p2|6
|start
|switch|p1a: Iron Crown|Iron Crown|100/100
|switch|p2a: Gholdengo|Gholdengo|100/100
|turn|1
|
|t:|1758998151
|move|p2a: Gholdengo|Shadow Ball|p1a: Iron Crown
|-supereffective|p1a: Iron Crown
|-damage|p1a: Iron Crown|9/100
|move|p1a: Iron Crown|Volt Switch|p2a: Gholdengo
|-damage|p2a: Gholdengo|63/100
|inactive|wiggilydiggily has 120 seconds left.
|
|t:|1758998193
|-end|p1a: Iron Crown|Quark Drive|[silent]
|switch|p1a: Kyurem|Kyurem|100/100|[from] Volt Switch
|-ability|p1a: Kyurem|Pressure
|
|upkeep
|turn|2
|
|t:|1758998218
|switch|p2a: Ninetales|Ninetales-Alola, F|100/100
|-weather|Snowscape|[from] ability: Snow Warning|[of] p2a: Ninetales
|move|p1a: Kyurem|Ice Beam|p2a: Ninetales
|-resisted|p2a: Ninetales
|-damage|p2a: Ninetales|64/100
|
|-weather|Snowscape|[upkeep]
|upkeep
|turn|3
|inactive|wiggilydiggily has 120 seconds left.
|
|t:|1758998229
|move|p2a: Ninetales|Aurora Veil|p2a: Ninetales
|-sidestart|p2: skypiaisland|move: Aurora Veil
|move|p1a: Kyurem|Ice Beam|p2a: Ninetales
|-resisted|p2a: Ninetales
|-damage|p2a: Ninetales|49/100
|
|-weather|Snowscape|[upkeep]
|upkeep
|turn|4
|inactive|wiggilydiggily has 120 seconds left.
|
|t:|1758998238
|switch|p1a: Iron Crown|Iron Crown|9/100
|move|p2a: Ninetales|Moonblast|p1a: Iron Crown
|-resisted|p1a: Iron Crown
|-damage|p1a: Iron Crown|0 fnt
|faint|p1a: Iron Crown
|-end|p1a: Iron Crown|Quark Drive|[silent]
|
|-weather|Snowscape|[upkeep]
|upkeep
|inactive|wiggilydiggily has 120 seconds left.
|
|t:|1758998249
|switch|p1a: Glimmora|Glimmora, M|100/100
|turn|5
|
|t:|1758998265
|switch|p2a: Glimmora|Glimmora, F|100/100
|move|p1a: Glimmora|Stealth Rock|p2a: Glimmora
|-sidestart|p2: skypiaisland|move: Stealth Rock
|
|-weather|Snowscape|[upkeep]
|upkeep
|turn|6
|
|t:|1758998270
|move|p2a: Glimmora|Mortal Spin|p1a: Glimmora
|-resisted|p1a: Glimmora
|-damage|p1a: Glimmora|99/100
|-activate|p1a: Glimmora|ability: Toxic Debris
|-sidestart|p2: skypiaisland|move: Toxic Spikes
|-sideend|p2: skypiaisland|Toxic Spikes|[from] move: Mortal Spin|[of] p2a: Glimmora
|-sideend|p2: skypiaisland|Stealth Rock|[from] move: Mortal Spin|[of] p2a: Glimmora
|move|p1a: Glimmora|Earth Power|p2a: Glimmora
|-supereffective|p2a: Glimmora
|-damage|p2a: Glimmora|15/100
|-unboost|p2a: Glimmora|spd|1
|
|-weather|none
|upkeep
|turn|7
|
|t:|1758998273
|move|p1a: Glimmora|Earth Power|p2a: Glimmora
|-supereffective|p2a: Glimmora
|-damage|p2a: Glimmora|0 fnt
|faint|p2a: Glimmora
|
|upkeep
|
|t:|1758998277
|switch|p2a: Delphox|Delphox, M|100/100
|turn|8
|
|t:|1758998283
|move|p2a: Delphox|Nasty Plot|p2a: Delphox
|-boost|p2a: Delphox|spa|2
|move|p1a: Glimmora|Power Gem|p2a: Delphox
|-supereffective|p2a: Delphox
|-damage|p2a: Delphox|52/100
|
|upkeep
|turn|9
|
|t:|1758998290
|move|p2a: Delphox|Psyshock|p1a: Glimmora
|-supereffective|p1a: Glimmora
|-damage|p1a: Glimmora|0 fnt
|faint|p1a: Glimmora
|
|upkeep
|
|t:|1758998300
|switch|p1a: Lycanroc|Lycanroc-Dusk, M|100/100
|turn|10
|
|t:|1758998313
|switch|p2a: Rillaboom|Rillaboom, F|100/100
|-fieldstart|move: Grassy Terrain|[from] ability: Grassy Surge|[of] p2a: Rillaboom
|move|p1a: Lycanroc|Accelerock|p2a: Rillaboom
|-damage|p2a: Rillaboom|81/100
|
|-heal|p2a: Rillaboom|87/100|[from] Grassy Terrain
|-sideend|p2: skypiaisland|move: Aurora Veil
|upkeep
|turn|11
|
|t:|1758998319
|switch|p1a: Zamazenta|Zamazenta|100/100
|-ability|p1a: Zamazenta|Dauntless Shield|boost
|-boost|p1a: Zamazenta|def|1
|move|p2a: Rillaboom|U-turn|p1a: Zamazenta
|-resisted|p1a: Zamazenta
|-damage|p1a: Zamazenta|93/100
|
|t:|1758998324
|switch|p2a: Delphox|Delphox, M|52/100|[from] U-turn
|-enditem|p2a: Delphox|Grassy Seed
|-boost|p2a: Delphox|def|1|[from] item: Grassy Seed
|
|-heal|p1a: Zamazenta|99/100|[from] Grassy Terrain
|-heal|p2a: Delphox|58/100|[from] Grassy Terrain
|upkeep
|turn|12
|
|t:|1758998329
|move|p1a: Zamazenta|Crunch|p2a: Delphox
|-supereffective|p2a: Delphox
|-damage|p2a: Delphox|0 fnt
|faint|p2a: Delphox
|
|-heal|p1a: Zamazenta|100/100|[from] Grassy Terrain
|upkeep
|
|t:|1758998333
|switch|p2a: Hoopa|Hoopa-Unbound|100/100
|-enditem|p2a: Hoopa|Grassy Seed
|-boost|p2a: Hoopa|def|1|[from] item: Grassy Seed
|turn|13
|
|t:|1758998341
|switch|p1a: Kyurem|Kyurem|100/100
|-ability|p1a: Kyurem|Pressure
|move|p2a: Hoopa|Psychic|p1a: Kyurem
|-damage|p1a: Kyurem|50/100
|-item|p2a: Hoopa|Choice Specs|[from] ability: Magician|[of] p1a: Kyurem
|
|-heal|p1a: Kyurem|57/100|[from] Grassy Terrain
|upkeep
|turn|14
|
|t:|1758998353
|move|p1a: Kyurem|Draco Meteor|p2a: Hoopa
|-damage|p2a: Hoopa|36/100
|-unboost|p1a: Kyurem|spa|2
|move|p2a: Hoopa|Drain Punch|p1a: Kyurem
|-supereffective|p1a: Kyurem
|-damage|p1a: Kyurem|0 fnt
|-heal|p2a: Hoopa|73/100|[from] drain|[of] p1a: Kyurem
|faint|p1a: Kyurem
|
|-heal|p2a: Hoopa|79/100|[from] Grassy Terrain
|upkeep
|inactive|wiggilydiggily has 120 seconds left.
|
|t:|1758998378
|switch|p1a: Lycanroc|Lycanroc-Dusk, M|100/100
|turn|15
|
|t:|1758998384
|switch|p2a: Gholdengo|Gholdengo|63/100
|move|p1a: Lycanroc|Stone Edge|p2a: Gholdengo
|-resisted|p2a: Gholdengo
|-damage|p2a: Gholdengo|18/100
|
|-heal|p2a: Gholdengo|24/100|[from] Grassy Terrain
|upkeep
|turn|16
|inactive|wiggilydiggily has 120 seconds left.
|
|t:|1758998405
|switch|p1a: Zamazenta|Zamazenta|100/100
|move|p2a: Gholdengo|Make It Rain|p1a: Zamazenta
|-damage|p1a: Zamazenta|40/100
|-unboost|p2a: Gholdengo|spa|1
|
|-heal|p2a: Gholdengo|30/100|[from] Grassy Terrain
|-heal|p1a: Zamazenta|47/100|[from] Grassy Terrain
|upkeep
|turn|17
|inactive|wiggilydiggily has 120 seconds left.
|
|t:|1758998418
|switch|p2a: Ninetales|Ninetales-Alola, F|49/100
|-weather|Snowscape|[from] ability: Snow Warning|[of] p2a: Ninetales
|move|p1a: Zamazenta|Heavy Slam|p2a: Ninetales
|-supereffective|p2a: Ninetales
|-damage|p2a: Ninetales|0 fnt
|faint|p2a: Ninetales
|
|-weather|Snowscape|[upkeep]
|-heal|p1a: Zamazenta|53/100|[from] Grassy Terrain
|-fieldend|move: Grassy Terrain
|upkeep
|
|t:|1758998433
|switch|p2a: Hoopa|Hoopa-Unbound|79/100
|turn|18
|inactive|wiggilydiggily has 120 seconds left.
|
|t:|1758998452
|move|p1a: Zamazenta|Heavy Slam|p2a: Hoopa
|-damage|p2a: Hoopa|39/100
|move|p2a: Hoopa|Psychic|p1a: Zamazenta
|-supereffective|p1a: Zamazenta
|-damage|p1a: Zamazenta|0 fnt
|faint|p1a: Zamazenta
|
|-weather|Snowscape|[upkeep]
|upkeep
|
|t:|1758998473
|switch|p1a: Rillaboom|Rillaboom, M|100/100
|-fieldstart|move: Grassy Terrain|[from] ability: Grassy Surge|[of] p1a: Rillaboom
|turn|19
|
|t:|1758998477
|-terastallize|p1a: Rillaboom|Fire
|move|p1a: Rillaboom|Tera Blast|p2a: Hoopa|[anim] Tera Blast Fire
|-damage|p2a: Hoopa|0 fnt
|faint|p2a: Hoopa
|
|-weather|Snowscape|[upkeep]
|upkeep
|
|t:|1758998489
|switch|p2a: Rillaboom|Rillaboom, F|87/100
|turn|20
|
|t:|1758998492
|move|p1a: Rillaboom|Tera Blast|p2a: Rillaboom|[anim] Tera Blast Fire
|-supereffective|p2a: Rillaboom
|-damage|p2a: Rillaboom|0 fnt
|faint|p2a: Rillaboom
|
|-weather|Snowscape|[upkeep]
|upkeep
|-message|skypiaisland forfeited.
|
|win|wiggilydiggily
|raw|wiggilydiggily's rating: 1579 &rarr; <strong>1601</strong><br />(+22 for winning)
|raw|skypiaisland's rating: 1608 &rarr; <strong>1586</strong><br />(-22 for losing)
|l|☆skypiaisland
|player|p2|
|l|☆wiggilydiggily
|player|p1|
