|j|☆Nonexistent_0
|j|☆Yomoma’sash
|t:|1758950489
|gametype|singles
|player|p1|Nonexistent_0|leon-tower|1374
|player|p2|Yomoma’sash|266|1372
|gen|9
|tier|[Gen 9] OU
|rated|
|rule|HP Percentage Mod: HP is shown in percentages
|rule|Endless Battle Clause: Forcing endless battles is banned
|rule|Species Clause: Limit one of each Pokémon
|rule|OHKO Clause: OHKO moves are banned
|rule|Evasion Items Clause: Evasion items are banned
|rule|Evasion Moves Clause: Evasion moves are banned
|rule|Evasion Abilities Clause: Evasion abilities are banned
|rule|Sleep Moves Clause: Sleep-inducing moves are banned
|clearpoke
|poke|p1|Dragapult, M|
|poke|p1|Glimmora, M|
|poke|p1|Comfey, M|
|poke|p1|Kingambit, M|
|poke|p1|Ogerpon-Wellspring, F|
|poke|p1|Blaziken, M|
|poke|p2|Charizard, M|
|poke|p2|Venusaur, M|
|poke|p2|Lapras, F|
|poke|p2|Blastoise, M|
|poke|p2|Snorlax, F|
|poke|p2|Clefable, M|
|teampreview
|inactive|Battle timer is ON: inactive players will automatically lose when time's up. (requested by Nonexistent_0)
|
|t:|1758950496
|teamsize|p1|6
|teamsize|p2|6
|start
|switch|p1a: Glimmora|Glimmora, M, shiny|100/100
|switch|p2a: Lapras|Lapras, F|100/100
|turn|1
|
|t:|1758950506
|move|p1a: Glimmora|Stealth Rock|p2a: Lapras
|-sidestart|p2: Yomoma’sash|move: Stealth Rock
|move|p2a: Lapras|Surf|p1a: Glimmora
|-supereffective|p1a: Glimmora
|-damage|p1a: Glimmora|0 fnt
|faint|p1a: Glimmora
|
|upkeep
|
|t:|1758950513
|switch|p1a: Blaziken|Blaziken, M, shiny|100/100
|turn|2
|
|t:|1758950523
|move|p1a: Blaziken|Close Combat|p2a: Lapras
|-supereffective|p2a: Lapras
|-crit|p2a: Lapras
|-damage|p2a: Lapras|0 fnt
|-unboost|p1a: Blaziken|def|1
|-unboost|p1a: Blaziken|spd|1
|faint|p2a: Lapras
|-damage|p1a: Blaziken|91/100|[from] item: Life Orb
|
|-ability|p1a: Blaziken|Speed Boost|boost
|-boost|p1a: Blaziken|spe|1
|upkeep
|
|t:|1758950535
|switch|p2a: Blastoise|Blastoise, M|100/100
|-damage|p2a: Blastoise|88/100|[from] Stealth Rock
|turn|3
|
|t:|1758950539
|switch|p1a: Ogerpon|Ogerpon-Wellspring, F|100/100
|move|p2a: Blastoise|Surf|p1a: Ogerpon
|-immune|p1a: Ogerpon|[from] ability: Water Absorb
|
|upkeep
|turn|4
|
|t:|1758950543
|switch|p2a: Venusaur|Venusaur, M|100/100
|-damage|p2a: Venusaur|88/100|[from] Stealth Rock
|move|p1a: Ogerpon|U-turn|p2a: Venusaur
|-damage|p2a: Venusaur|48/100
|
|t:|1758950549
|switch|p1a: Blaziken|Blaziken, M, shiny|91/100|[from] U-turn
|
|upkeep
|turn|5
|
|t:|1758950551
|move|p1a: Blaziken|Protect|p1a: Blaziken
|-singleturn|p1a: Blaziken|Protect
|move|p2a: Venusaur|Sunny Day|p2a: Venusaur
|-weather|SunnyDay
|
|-weather|SunnyDay|[upkeep]
|-ability|p1a: Blaziken|Speed Boost|boost
|-boost|p1a: Blaziken|spe|1
|upkeep
|turn|6
|
|t:|1758950561
|move|p2a: Venusaur|Sludge Bomb|p1a: Blaziken
|-damage|p1a: Blaziken|29/100
|-status|p1a: Blaziken|psn
|move|p1a: Blaziken|Flare Blitz|p2a: Venusaur
|-supereffective|p2a: Venusaur
|-damage|p2a: Venusaur|0 fnt
|faint|p2a: Venusaur
|-damage|p1a: Blaziken|13/100 psn|[from] Recoil
|-damage|p1a: Blaziken|3/100 psn|[from] item: Life Orb
|
|-weather|SunnyDay|[upkeep]
|-damage|p1a: Blaziken|0 fnt|[from] psn
|faint|p1a: Blaziken
|upkeep
|
|t:|1758950569
|switch|p2a: Charizard|Charizard, M|100/100
|switch|p1a: Dragapult|Dragapult, M|100/100
|-damage|p2a: Charizard|51/100|[from] Stealth Rock
|turn|7
|
|t:|1758950576
|move|p2a: Charizard|Overheat|p1a: Dragapult
|-resisted|p1a: Dragapult
|-damage|p1a: Dragapult|0 fnt
|-unboost|p2a: Charizard|spa|2
|faint|p1a: Dragapult
|
|-weather|SunnyDay|[upkeep]
|-damage|p2a: Charizard|38/100|[from] ability: Solar Power|[of] p2a: Charizard
|upkeep
|
|t:|1758950603
|switch|p1a: Ogerpon|Ogerpon-Wellspring, F|100/100
|turn|8
|
|t:|1758950604
|-terastallize|p1a: Ogerpon|Water
|detailschange|p1a: Ogerpon|Ogerpon-Wellspring-Tera, F, tera:Water
|-ability|p1a: Ogerpon|Embody Aspect (Wellspring)|boost
|-boost|p1a: Ogerpon|spd|1
|move|p2a: Charizard|Overheat|p1a: Ogerpon
|-resisted|p1a: Ogerpon
|-damage|p1a: Ogerpon|70/100
|-unboost|p2a: Charizard|spa|2
|move|p1a: Ogerpon|Ivy Cudgel|p2a: Charizard|[anim] Ivy Cudgel Water
|-supereffective|p2a: Charizard
|-damage|p2a: Charizard|0 fnt
|faint|p2a: Charizard
|
|-weather|SunnyDay|[upkeep]
|upkeep
|
|t:|1758950617
|switch|p2a: Snorlax|Snorlax, F|100/100
|-damage|p2a: Snorlax|88/100|[from] Stealth Rock
|turn|9
|
|t:|1758950622
|move|p1a: Ogerpon|U-turn|p2a: Snorlax
|-damage|p2a: Snorlax|61/100
|
|t:|1758950624
|switch|p1a: Kingambit|Kingambit, M|100/100|[from] U-turn
|-activate|p1a: Kingambit|ability: Supreme Overlord
|-start|p1a: Kingambit|fallen3|[silent]
|move|p2a: Snorlax|Body Slam|p1a: Kingambit
|-resisted|p1a: Kingambit
|-damage|p1a: Kingambit|85/100
|
|-weather|SunnyDay|[upkeep]
|-heal|p1a: Kingambit|91/100|[from] item: Leftovers
|upkeep
|turn|10
|
|t:|1758950632
|move|p1a: Kingambit|Kowtow Cleave|p2a: Snorlax
|-damage|p2a: Snorlax|0 fnt
|faint|p2a: Snorlax
|
|-weather|SunnyDay|[upkeep]
|-heal|p1a: Kingambit|97/100|[from] item: Leftovers
|upkeep
|
|t:|1758950646
|switch|p2a: Blastoise|Blastoise, M|88/100
|-damage|p2a: Blastoise|76/100|[from] Stealth Rock
|turn|11
|
|t:|1758950649
|move|p2a: Blastoise|Ice Beam|p1a: Kingambit
|-resisted|p1a: Kingambit
|-damage|p1a: Kingambit|85/100
|move|p1a: Kingambit|Kowtow Cleave|p2a: Blastoise
|-damage|p2a: Blastoise|0 fnt
|faint|p2a: Blastoise
|
|-weather|SunnyDay|[upkeep]
|-heal|p1a: Kingambit|92/100|[from] item: Leftovers
|upkeep
|
|t:|1758950652
|switch|p2a: Clefable|Clefable, M|100/100
|-damage|p2a: Clefable|88/100|[from] Stealth Rock
|turn|12
|
|t:|1758950654
|-terastallize|p2a: Clefable|Steel
|move|p2a: Clefable|Cosmic Power|p2a: Clefable
|-boost|p2a: Clefable|def|1
|-boost|p2a: Clefable|spd|1
|move|p1a: Kingambit|Iron Head|p2a: Clefable
|-resisted|p2a: Clefable
|-damage|p2a: Clefable|73/100
|
|-weather|none
|-heal|p2a: Clefable|79/100|[from] item: Leftovers
|-heal|p1a: Kingambit|98/100|[from] item: Leftovers
|upkeep
|turn|13
|
|t:|1758950659
|-end|p1a: Kingambit|fallen3|[silent]
|switch|p1a: Ogerpon|Ogerpon-Wellspring-Tera, F, tera:Water|70/100
|-ability|p1a: Ogerpon|Embody Aspect (Wellspring)|boost
|-boost|p1a: Ogerpon|spd|1
|move|p2a: Clefable|Cosmic Power|p2a: Clefable
|-boost|p2a: Clefable|def|1
|-boost|p2a: Clefable|spd|1
|
|-heal|p2a: Clefable|86/100|[from] item: Leftovers
|upkeep
|turn|14
|
|t:|1758950662
|move|p1a: Ogerpon|Taunt|p2a: Clefable
|-start|p2a: Clefable|move: Taunt
|move|p2a: Clefable|Stored Power|p1a: Ogerpon
|-damage|p1a: Ogerpon|42/100
|
|-heal|p2a: Clefable|92/100|[from] item: Leftovers
|upkeep
|turn|15
|
|t:|1758950664
|move|p1a: Ogerpon|Ivy Cudgel|p2a: Clefable|[anim] Ivy Cudgel Water
|-damage|p2a: Clefable|60/100
|move|p2a: Clefable|Stored Power|p1a: Ogerpon
|-damage|p1a: Ogerpon|17/100
|
|-heal|p2a: Clefable|66/100|[from] item: Leftovers
|upkeep
|turn|16
|
|t:|1758950666
|move|p1a: Ogerpon|Ivy Cudgel|p2a: Clefable|[anim] Ivy Cudgel Water
|-damage|p2a: Clefable|36/100
|move|p2a: Clefable|Moonblast|p1a: Ogerpon
|-damage|p1a: Ogerpon|0 fnt
|faint|p1a: Ogerpon
|detailschange|p1: Ogerpon|Ogerpon-Wellspring, F|[silent]
|
|-heal|p2a: Clefable|42/100|[from] item: Leftovers
|-end|p2a: Clefable|move: Taunt
|upkeep
|
|t:|1758950669
|switch|p1a: Comfey|Comfey, M, shiny|100/100
|turn|17
|
|t:|1758950676
|switch|p1a: Kingambit|Kingambit, M|98/100
|-activate|p1a: Kingambit|ability: Supreme Overlord
|-start|p1a: Kingambit|fallen4|[silent]
|move|p2a: Clefable|Moonlight|p2a: Clefable
|-heal|p2a: Clefable|92/100
|
|-heal|p2a: Clefable|98/100|[from] item: Leftovers
|-heal|p1a: Kingambit|100/100|[from] item: Leftovers
|upkeep
|turn|18
|
|t:|1758950682
|move|p2a: Clefable|Cosmic Power|p2a: Clefable
|-boost|p2a: Clefable|def|1
|-boost|p2a: Clefable|spd|1
|move|p1a: Kingambit|Kowtow Cleave|p2a: Clefable
|-damage|p2a: Clefable|75/100
|
|-heal|p2a: Clefable|81/100|[from] item: Leftovers
|upkeep
|turn|19
|
|t:|1758950684
|move|p2a: Clefable|Cosmic Power|p2a: Clefable
|-boost|p2a: Clefable|def|1
|-boost|p2a: Clefable|spd|1
|move|p1a: Kingambit|Kowtow Cleave|p2a: Clefable
|-damage|p2a: Clefable|63/100
|
|-heal|p2a: Clefable|69/100|[from] item: Leftovers
|upkeep
|turn|20
|
|t:|1758950686
|move|p2a: Clefable|Cosmic Power|p2a: Clefable
|-boost|p2a: Clefable|def|1
|-boost|p2a: Clefable|spd|1
|move|p1a: Kingambit|Kowtow Cleave|p2a: Clefable
|-damage|p2a: Clefable|55/100
|
|-heal|p2a: Clefable|61/100|[from] item: Leftovers
|upkeep
|turn|21
|
|t:|1758950687
|move|p2a: Clefable|Moonlight|p2a: Clefable
|-heal|p2a: Clefable|100/100
|move|p1a: Kingambit|Kowtow Cleave|p2a: Clefable
|-damage|p2a: Clefable|86/100
|
|-heal|p2a: Clefable|92/100|[from] item: Leftovers
|upkeep
|turn|22
|
|t:|1758950690
|move|p2a: Clefable|Cosmic Power|p2a: Clefable
|-boost|p2a: Clefable|def|1
|-boost|p2a: Clefable|spd|1
|move|p1a: Kingambit|Kowtow Cleave|p2a: Clefable
|-damage|p2a: Clefable|77/100
|
|-heal|p2a: Clefable|83/100|[from] item: Leftovers
|upkeep
|turn|23
|
|t:|1758950692
|move|p2a: Clefable|Moonblast|p1a: Kingambit
|-damage|p1a: Kingambit|67/100
|-unboost|p1a: Kingambit|spa|1
|move|p1a: Kingambit|Kowtow Cleave|p2a: Clefable
|-damage|p2a: Clefable|69/100
|
|-heal|p2a: Clefable|75/100|[from] item: Leftovers
|-heal|p1a: Kingambit|74/100|[from] item: Leftovers
|upkeep
|turn|24
|
|t:|1758950704
|move|p2a: Clefable|Moonblast|p1a: Kingambit
|-damage|p1a: Kingambit|45/100
|-unboost|p1a: Kingambit|spa|1
|move|p1a: Kingambit|Kowtow Cleave|p2a: Clefable
|-damage|p2a: Clefable|61/100
|
|-heal|p2a: Clefable|67/100|[from] item: Leftovers
|-heal|p1a: Kingambit|51/100|[from] item: Leftovers
|upkeep
|turn|25
|
|t:|1758950706
|move|p2a: Clefable|Moonblast|p1a: Kingambit
|-damage|p1a: Kingambit|23/100
|move|p1a: Kingambit|Kowtow Cleave|p2a: Clefable
|-damage|p2a: Clefable|55/100
|
|-heal|p2a: Clefable|61/100|[from] item: Leftovers
|-heal|p1a: Kingambit|29/100|[from] item: Leftovers
|upkeep
|turn|26
|
|t:|1758950708
|move|p2a: Clefable|Moonlight|p2a: Clefable
|-heal|p2a: Clefable|100/100
|move|p1a: Kingambit|Kowtow Cleave|p2a: Clefable
|-damage|p2a: Clefable|87/100
|
|-heal|p2a: Clefable|93/100|[from] item: Leftovers
|-heal|p1a: Kingambit|35/100|[from] item: Leftovers
|upkeep
|turn|27
|
|t:|1758950710
|move|p2a: Clefable|Moonblast|p1a: Kingambit
|-damage|p1a: Kingambit|4/100
|-unboost|p1a: Kingambit|spa|1
|move|p1a: Kingambit|Kowtow Cleave|p2a: Clefable
|-damage|p2a: Clefable|80/100
|
|-heal|p2a: Clefable|86/100|[from] item: Leftovers
|-heal|p1a: Kingambit|10/100|[from] item: Leftovers
|upkeep
|turn|28
|
|t:|1758950712
|move|p1a: Kingambit|Sucker Punch|p2a: Clefable
|-damage|p2a: Clefable|75/100
|move|p2a: Clefable|Moonblast|p1a: Kingambit
|-damage|p1a: Kingambit|0 fnt
|faint|p1a: Kingambit
|-end|p1a: Kingambit|fallen4|[silent]
|
|-heal|p2a: Clefable|81/100|[from] item: Leftovers
|upkeep
|
|t:|1758950714
|switch|p1a: Comfey|Comfey, M, shiny|100/100
|turn|29
|
|t:|1758950716
|move|p1a: Comfey|Draining Kiss|p2a: Clefable
|-resisted|p2a: Clefable
|-damage|p2a: Clefable|78/100
|-damage|p1a: Comfey|91/100|[from] item: Life Orb
|move|p2a: Clefable|Stored Power|p1a: Comfey
|-damage|p1a: Comfey|36/100
|
|-heal|p2a: Clefable|84/100|[from] item: Leftovers
|upkeep
|turn|30
|
|t:|1758950717
|move|p1a: Comfey|Draining Kiss|p2a: Clefable
|-resisted|p2a: Clefable
|-damage|p2a: Clefable|81/100
|-heal|p1a: Comfey|39/100|[from] drain|[of] p2a: Clefable
|-damage|p1a: Comfey|29/100|[from] item: Life Orb
|move|p2a: Clefable|Stored Power|p1a: Comfey
|-damage|p1a: Comfey|0 fnt
|faint|p1a: Comfey
|
|win|Yomoma’sash
|raw|Nonexistent_0's rating: 1374 &rarr; <strong>1354</strong><br />(-20 for losing)
|raw|Yomoma’sash's rating: 1372 &rarr; <strong>1392</strong><br />(+20 for winning)
|l|☆Nonexistent_0
|player|p1|
