|j|☆arj.uno
|j|☆Hayabusa5812
|t:|1759042411
|gametype|singles
|player|p1|arj.uno|doctor|1050
|player|p2|Hayabusa5812|1|1103
|gen|9
|tier|[Gen 9] OU
|rated|
|rule|HP Percentage Mod: HP is shown in percentages
|rule|Endless Battle Clause: Forcing endless battles is banned
|rule|Species Clause: Limit one of each Pokémon
|rule|OHKO Clause: OHKO moves are banned
|rule|Evasion Items Clause: Evasion items are banned
|rule|Evasion Moves Clause: Evasion moves are banned
|rule|Evasion Abilities Clause: Evasion abilities are banned
|rule|Sleep Moves Clause: Sleep-inducing moves are banned
|clearpoke
|poke|p1|Scyther, F|
|poke|p1|Mismagius, M|
|poke|p1|Iron Treads|
|poke|p1|Pincurchin, M|
|poke|p1|Coalossal, M|
|poke|p1|Vikavolt, M|
|poke|p2|Meowscarada, F|
|poke|p2|Dragapult, F|
|poke|p2|Mandibuzz, F|
|poke|p2|Kingambit, F|
|poke|p2|Walking Wake|
|poke|p2|Serperior, M|
|teampreview
|
|t:|1759042424
|teamsize|p1|6
|teamsize|p2|6
|start
|switch|p1a: Scyther|Scyther, F|100/100
|switch|p2a: Serperior|Serperior, M|100/100
|turn|1
|inactive|Battle timer is ON: inactive players will automatically lose when time's up. (requested by Hayabusa5812)
|
|t:|1759042444
|switch|p2a: Dragapult|Dragapult, F|100/100
|move|p1a: Scyther|Dual Wingbeat|p2a: Dragapult
|-damage|p2a: Dragapult|62/100
|-damage|p2a: Dragapult|21/100
|-hitcount|p2a: Dragapult|2
|
|upkeep
|turn|2
|
|t:|1759042462
|move|p2a: Dragapult|Flamethrower|p1a: Scyther
|-supereffective|p1a: Scyther
|-damage|p1a: Scyther|20/100
|move|p1a: Scyther|Trailblaze|p2a: Dragapult
|-resisted|p2a: Dragapult
|-damage|p2a: Dragapult|5/100
|-boost|p1a: Scyther|spe|1
|
|upkeep
|turn|3
|
|t:|1759042477
|switch|p2a: Kingambit|Kingambit, F|100/100
|move|p1a: Scyther|Trailblaze|p2a: Kingambit
|-resisted|p2a: Kingambit
|-damage|p2a: Kingambit|93/100
|-boost|p1a: Scyther|spe|1
|-damage|p1a: Scyther|4/100|[from] item: Rocky Helmet|[of] p2a: Kingambit
|
|upkeep
|turn|4
|
|t:|1759042488
|move|p1a: Scyther|Bug Bite|p2a: Kingambit
|-damage|p2a: Kingambit|65/100
|-damage|p1a: Scyther|0 fnt|[from] item: Rocky Helmet|[of] p2a: Kingambit
|faint|p1a: Scyther
|move|p2a: Kingambit|Swords Dance|p2a: Kingambit
|-boost|p2a: Kingambit|atk|2
|
|upkeep
|
|t:|1759042491
|switch|p1a: Vikavolt|Vikavolt, M|100/100
|turn|5
|
|t:|1759042506
|-terastallize|p1a: Vikavolt|Ground
|move|p2a: Kingambit|Iron Head|p1a: Vikavolt
|-damage|p1a: Vikavolt|5/100
|cant|p1a: Vikavolt|flinch
|
|upkeep
|turn|6
|
|t:|1759042517
|move|p2a: Kingambit|Sucker Punch|p1a: Vikavolt
|-damage|p1a: Vikavolt|0 fnt
|faint|p1a: Vikavolt
|
|upkeep
|
|t:|1759042520
|switch|p1a: Pincurchin|Pincurchin, M|100/100
|-fieldstart|move: Electric Terrain|[from] ability: Electric Surge|[of] p1a: Pincurchin
|turn|7
|
|t:|1759042528
|move|p2a: Kingambit|Iron Head|p1a: Pincurchin
|-resisted|p1a: Pincurchin
|-damage|p1a: Pincurchin|59/100
|cant|p1a: Pincurchin|flinch
|
|upkeep
|turn|8
|
|t:|1759042536
|move|p2a: Kingambit|Zen Headbutt|p1a: Pincurchin
|-damage|p1a: Pincurchin|2/100
|move|p1a: Pincurchin|Memento|p2a: Kingambit
|-unboost|p2a: Kingambit|atk|2
|-unboost|p2a: Kingambit|spa|2
|faint|p1a: Pincurchin
|
|upkeep
|
|t:|1759042541
|switch|p1a: Iron Treads|Iron Treads|100/100
|-activate|p1a: Iron Treads|ability: Quark Drive
|-start|p1a: Iron Treads|quarkdrivespe
|turn|9
|
|t:|1759042551
|-end|p2a: Kingambit|fallenundefined|[silent]
|switch|p2a: Mandibuzz|Mandibuzz, F|100/100
|move|p1a: Iron Treads|Earthquake|p2a: Mandibuzz
|-immune|p2a: Mandibuzz
|
|upkeep
|turn|10
|
|t:|1759042561
|move|p1a: Iron Treads|Volt Switch|p2a: Mandibuzz
|-supereffective|p2a: Mandibuzz
|-damage|p2a: Mandibuzz|76/100
|
|t:|1759042564
|-end|p1a: Iron Treads|Quark Drive|[silent]
|switch|p1a: Coalossal|Coalossal, M|100/100|[from] Volt Switch
|move|p2a: Mandibuzz|Foul Play|p1a: Coalossal
|-damage|p1a: Coalossal|84/100
|
|-heal|p2a: Mandibuzz|83/100|[from] item: Leftovers
|upkeep
|turn|11
|
|t:|1759042576
|move|p2a: Mandibuzz|Taunt|p1a: Coalossal
|-start|p1a: Coalossal|move: Taunt
|move|p1a: Coalossal|Power Gem|p2a: Mandibuzz
|-supereffective|p2a: Mandibuzz
|-damage|p2a: Mandibuzz|38/100
|
|-heal|p2a: Mandibuzz|44/100|[from] item: Leftovers
|upkeep
|turn|12
|
|t:|1759042589
|move|p2a: Mandibuzz|Roost|p2a: Mandibuzz
|-heal|p2a: Mandibuzz|94/100
|-singleturn|p2a: Mandibuzz|move: Roost
|move|p1a: Coalossal|Heat Wave|p2a: Mandibuzz
|-damage|p2a: Mandibuzz|67/100
|
|-heal|p2a: Mandibuzz|73/100|[from] item: Leftovers
|upkeep
|turn|13
|
|t:|1759042602
|move|p2a: Mandibuzz|Foul Play|p1a: Coalossal
|-damage|p1a: Coalossal|66/100
|move|p1a: Coalossal|Heat Wave|p2a: Mandibuzz
|-damage|p2a: Mandibuzz|45/100
|
|-heal|p2a: Mandibuzz|51/100|[from] item: Leftovers
|-end|p1a: Coalossal|move: Taunt
|upkeep
|turn|14
|l|☆arj.uno
|inactive|arj.uno disconnected and has a minute to reconnect!
|player|p1|
|j|☆arj.uno
|inactive|arj.uno reconnected and has 120 seconds left.
|player|p1|arj.uno|doctor|
|
|t:|1759042634
|move|p2a: Mandibuzz|Taunt|p1a: Coalossal
|-start|p1a: Coalossal|move: Taunt
|move|p1a: Coalossal|Heat Wave|p2a: Mandibuzz
|-damage|p2a: Mandibuzz|23/100
|
|-heal|p2a: Mandibuzz|29/100|[from] item: Leftovers
|-fieldend|move: Electric Terrain
|upkeep
|turn|15
|
|t:|1759042645
|move|p2a: Mandibuzz|Roost|p2a: Mandibuzz
|-heal|p2a: Mandibuzz|79/100
|-singleturn|p2a: Mandibuzz|move: Roost
|move|p1a: Coalossal|Heat Wave|p2a: Mandibuzz
|-damage|p2a: Mandibuzz|49/100
|
|-heal|p2a: Mandibuzz|55/100|[from] item: Leftovers
|upkeep
|turn|16
|
|t:|1759042656
|move|p2a: Mandibuzz|Foul Play|p1a: Coalossal
|-damage|p1a: Coalossal|50/100
|move|p1a: Coalossal|Heat Wave|p2a: Mandibuzz
|-damage|p2a: Mandibuzz|27/100
|
|-heal|p2a: Mandibuzz|34/100|[from] item: Leftovers
|-end|p1a: Coalossal|move: Taunt
|upkeep
|turn|17
|
|t:|1759042666
|move|p2a: Mandibuzz|Roost|p2a: Mandibuzz
|-heal|p2a: Mandibuzz|84/100
|-singleturn|p2a: Mandibuzz|move: Roost
|move|p1a: Coalossal|Heat Wave|p2a: Mandibuzz
|-damage|p2a: Mandibuzz|54/100
|
|-heal|p2a: Mandibuzz|60/100|[from] item: Leftovers
|upkeep
|turn|18
|
|t:|1759042676
|move|p2a: Mandibuzz|Foul Play|p1a: Coalossal
|-damage|p1a: Coalossal|35/100
|move|p1a: Coalossal|Scald|p2a: Mandibuzz
|-damage|p2a: Mandibuzz|44/100
|
|-heal|p2a: Mandibuzz|50/100|[from] item: Leftovers
|upkeep
|turn|19
|
|t:|1759042686
|move|p2a: Mandibuzz|Foul Play|p1a: Coalossal
|-damage|p1a: Coalossal|18/100
|move|p1a: Coalossal|Scald|p2a: Mandibuzz
|-damage|p2a: Mandibuzz|33/100
|
|-heal|p2a: Mandibuzz|39/100|[from] item: Leftovers
|upkeep
|turn|20
|
|t:|1759042695
|move|p2a: Mandibuzz|Foul Play|p1a: Coalossal
|-damage|p1a: Coalossal|2/100
|move|p1a: Coalossal|Scald|p2a: Mandibuzz
|-damage|p2a: Mandibuzz|23/100
|
|-heal|p2a: Mandibuzz|30/100|[from] item: Leftovers
|upkeep
|turn|21
|
|t:|1759042708
|move|p2a: Mandibuzz|Foul Play|p1a: Coalossal
|-damage|p1a: Coalossal|0 fnt
|faint|p1a: Coalossal
|
|-heal|p2a: Mandibuzz|36/100|[from] item: Leftovers
|upkeep
|
|t:|1759042711
|switch|p1a: Mismagius|Mismagius, M|100/100
|turn|22
|
|t:|1759042720
|move|p1a: Mismagius|Charge Beam|p2a: Mandibuzz
|-supereffective|p2a: Mandibuzz
|-damage|p2a: Mandibuzz|14/100
|-boost|p1a: Mismagius|spa|1
|move|p2a: Mandibuzz|Roost|p2a: Mandibuzz
|-heal|p2a: Mandibuzz|64/100
|-singleturn|p2a: Mandibuzz|move: Roost
|
|-heal|p2a: Mandibuzz|70/100|[from] item: Leftovers
|upkeep
|turn|23
|
|t:|1759042731
|move|p1a: Mismagius|Charge Beam|p2a: Mandibuzz
|-supereffective|p2a: Mandibuzz
|-damage|p2a: Mandibuzz|35/100
|-boost|p1a: Mismagius|spa|1
|move|p2a: Mandibuzz|Foul Play|p1a: Mismagius
|-supereffective|p1a: Mismagius
|-damage|p1a: Mismagius|38/100
|
|-heal|p2a: Mandibuzz|41/100|[from] item: Leftovers
|upkeep
|turn|24
|
|t:|1759042751
|move|p1a: Mismagius|Draining Kiss|p2a: Mandibuzz
|-supereffective|p2a: Mandibuzz
|-damage|p2a: Mandibuzz|0 fnt
|-heal|p1a: Mismagius|86/100|[from] drain|[of] p2a: Mandibuzz
|faint|p2a: Mandibuzz
|
|upkeep
|
|t:|1759042760
|switch|p2a: Dragapult|Dragapult, F|5/100
|turn|25
|
|t:|1759042764
|move|p2a: Dragapult|Shadow Ball|p1a: Mismagius
|-supereffective|p1a: Mismagius
|-damage|p1a: Mismagius|0 fnt
|faint|p1a: Mismagius
|
|upkeep
|
|t:|1759042765
|switch|p1a: Iron Treads|Iron Treads|100/100
|turn|26
|
|t:|1759042774
|move|p2a: Dragapult|Shadow Ball|p1a: Iron Treads
|-damage|p1a: Iron Treads|52/100
|-unboost|p1a: Iron Treads|spd|1
|move|p1a: Iron Treads|Iron Head|p2a: Dragapult
|-damage|p2a: Dragapult|0 fnt
|faint|p2a: Dragapult
|
|upkeep
|
|t:|1759042783
|switch|p2a: Serperior|Serperior, M|100/100
|turn|27
|
|t:|1759042788
|move|p2a: Serperior|Leaf Storm|p1a: Iron Treads
|-damage|p1a: Iron Treads|0 fnt
|-boost|p2a: Serperior|spa|2
|faint|p1a: Iron Treads
|-end|p1a: Iron Treads|Quark Drive|[silent]
|
|win|Hayabusa5812
|raw|arj.uno's rating: 1084 &rarr; <strong>1063</strong><br />(-21 for losing)
|raw|Hayabusa5812's rating: 1103 &rarr; <strong>1127</strong><br />(+24 for winning)
|l|☆arj.uno
|player|p1|
