|j|☆Mik22
|j|☆lebmaster
|t:|1758948942
|gametype|singles
|player|p1|Mik22|101|1567
|player|p2|lebmaster|dahlia|1514
|gen|9
|tier|[Gen 9] OU
|rated|
|rule|HP Percentage Mod: HP is shown in percentages
|rule|Endless Battle Clause: Forcing endless battles is banned
|rule|Species Clause: Limit one of each Pokémon
|rule|OHKO Clause: OHKO moves are banned
|rule|Evasion Items Clause: Evasion items are banned
|rule|Evasion Moves Clause: Evasion moves are banned
|rule|Evasion Abilities Clause: Evasion abilities are banned
|rule|Sleep Moves Clause: Sleep-inducing moves are banned
|clearpoke
|poke|p1|Kingambit, F|
|poke|p1|Pelipper, M|
|poke|p1|Kingdra, M|
|poke|p1|Iron Hands|
|poke|p1|Ogerpon-Wellspring, F|
|poke|p1|Hoopa-Unbound|
|poke|p2|Pecharunt|
|poke|p2|Great Tusk|
|poke|p2|Ogerpon-Wellspring, F|
|poke|p2|Iron Crown|
|poke|p2|Landorus-Therian, M|
|poke|p2|Samurott-Hisui, M|
|teampreview
|inactive|Battle timer is ON: inactive players will automatically lose when time's up. (requested by Mik22)
|
|t:|1758948962
|teamsize|p1|6
|teamsize|p2|6
|start
|switch|p1a: Pelipper|Pelipper, M|100/100
|switch|p2a: Iron Crown|Iron Crown|100/100
|-weather|RainDance|[from] ability: Drizzle|[of] p1a: Pelipper
|turn|1
|
|t:|1758948967
|switch|p1a: Hoopa|Hoopa-Unbound|100/100
|move|p2a: Iron Crown|Volt Switch|p1a: Hoopa
|-damage|p1a: Hoopa|82/100
|
|t:|1758948971
|-end|p2a: Iron Crown|Quark Drive|[silent]
|switch|p2a: Landorus|Landorus-Therian, M|100/100|[from] Volt Switch
|-ability|p2a: Landorus|Intimidate|boost
|-unboost|p1a: Hoopa|atk|1
|
|-weather|RainDance|[upkeep]
|upkeep
|turn|2
|l|☆Mik22
|inactive|Mik22 disconnected and has a minute to reconnect!
|player|p1|
|j|☆Mik22
|inactive|Mik22 reconnected and has 125 seconds left.
|player|p1|Mik22|101|
|inactive|Mik22 has 120 seconds left.
|
|t:|1758949004
|switch|p1a: Iron Hands|Iron Hands|100/100
|move|p2a: Landorus|U-turn|p1a: Iron Hands
|-resisted|p1a: Iron Hands
|-damage|p1a: Iron Hands|92/100
|
|t:|1758949019
|switch|p2a: Great Tusk|Great Tusk|100/100|[from] U-turn
|-enditem|p2a: Great Tusk|Booster Energy
|-activate|p2a: Great Tusk|ability: Protosynthesis|[fromitem]
|-start|p2a: Great Tusk|protosynthesisspe
|
|-weather|RainDance|[upkeep]
|upkeep
|turn|3
|
|t:|1758949024
|move|p2a: Great Tusk|Stealth Rock|p1a: Iron Hands
|-sidestart|p1: Mik22|move: Stealth Rock
|move|p1a: Iron Hands|Swords Dance|p1a: Iron Hands
|-boost|p1a: Iron Hands|atk|2
|
|-weather|RainDance|[upkeep]
|upkeep
|turn|4
|
|t:|1758949027
|move|p2a: Great Tusk|Headlong Rush|p1a: Iron Hands
|-supereffective|p1a: Iron Hands
|-enditem|p1a: Iron Hands|Shuca Berry|[eat]
|-enditem|p1a: Iron Hands|Shuca Berry|[weaken]
|-damage|p1a: Iron Hands|57/100
|-unboost|p2a: Great Tusk|def|1
|-unboost|p2a: Great Tusk|spd|1
|move|p1a: Iron Hands|Ice Punch|p2a: Great Tusk
|-supereffective|p2a: Great Tusk
|-damage|p2a: Great Tusk|0 fnt
|faint|p2a: Great Tusk
|-end|p2a: Great Tusk|Protosynthesis|[silent]
|
|-weather|RainDance|[upkeep]
|upkeep
|
|t:|1758949036
|switch|p2a: Landorus|Landorus-Therian, M|100/100
|-ability|p2a: Landorus|Intimidate|boost
|-unboost|p1a: Iron Hands|atk|1
|turn|5
|
|t:|1758949040
|move|p2a: Landorus|Earthquake|p1a: Iron Hands
|-supereffective|p1a: Iron Hands
|-damage|p1a: Iron Hands|0 fnt
|faint|p1a: Iron Hands
|-end|p1a: Iron Hands|Quark Drive|[silent]
|
|-weather|RainDance|[upkeep]
|upkeep
|
|t:|1758949045
|switch|p1a: Kingdra|Kingdra, M, shiny|100/100
|-damage|p1a: Kingdra|88/100|[from] Stealth Rock
|turn|6
|
|t:|1758949050
|switch|p2a: Ogerpon|Ogerpon-Wellspring, F|100/100
|move|p1a: Kingdra|Hurricane|p2a: Ogerpon
|-supereffective|p2a: Ogerpon
|-damage|p2a: Ogerpon|14/100
|-start|p2a: Ogerpon|confusion
|
|-weather|RainDance|[upkeep]
|upkeep
|turn|7
|
|t:|1758949055
|switch|p2a: Samurott|Samurott-Hisui, M|100/100
|move|p1a: Kingdra|Hurricane|p2a: Samurott
|-damage|p2a: Samurott|59/100
|
|-weather|RainDance|[upkeep]
|upkeep
|turn|8
|
|t:|1758949063
|switch|p1a: Ogerpon|Ogerpon-Wellspring, F|100/100
|-damage|p1a: Ogerpon|88/100|[from] Stealth Rock
|move|p2a: Samurott|Ceaseless Edge|p1a: Ogerpon
|-damage|p1a: Ogerpon|19/100
|-sidestart|p1: Mik22|Spikes
|
|-weather|none
|upkeep
|turn|9
|
|t:|1758949069
|move|p2a: Samurott|Sucker Punch|p1a: Ogerpon
|-damage|p1a: Ogerpon|0 fnt
|faint|p1a: Ogerpon
|
|upkeep
|
|t:|1758949081
|switch|p1a: Kingambit|Kingambit, F, shiny|100/100
|-damage|p1a: Kingambit|94/100|[from] Stealth Rock
|-damage|p1a: Kingambit|82/100|[from] Spikes
|-activate|p1a: Kingambit|ability: Supreme Overlord
|-start|p1a: Kingambit|fallen2|[silent]
|turn|10
|
|t:|1758949091
|switch|p2a: Landorus|Landorus-Therian, M|100/100
|-ability|p2a: Landorus|Intimidate|boost
|-unboost|p1a: Kingambit|atk|1
|move|p1a: Kingambit|Sucker Punch||[still]
|-fail|p1a: Kingambit
|
|upkeep
|turn|11
|
|t:|1758949103
|-end|p1a: Kingambit|fallen2|[silent]
|switch|p1a: Pelipper|Pelipper, M|100/100
|-damage|p1a: Pelipper|76/100|[from] Stealth Rock
|-weather|RainDance|[from] ability: Drizzle|[of] p1a: Pelipper
|move|p2a: Landorus|Stone Edge|p1a: Pelipper
|-supereffective|p1a: Pelipper
|-damage|p1a: Pelipper|11/100
|
|-weather|RainDance|[upkeep]
|upkeep
|turn|12
|
|t:|1758949120
|switch|p2a: Ogerpon|Ogerpon-Wellspring, F|14/100
|move|p1a: Pelipper|Roost|p1a: Pelipper
|-heal|p1a: Pelipper|61/100
|-singleturn|p1a: Pelipper|move: Roost
|
|-weather|RainDance|[upkeep]
|upkeep
|turn|13
|
|t:|1758949126
|move|p2a: Ogerpon|Synthesis|p2a: Ogerpon
|-heal|p2a: Ogerpon|39/100
|move|p1a: Pelipper|U-turn|p2a: Ogerpon
|-supereffective|p2a: Ogerpon
|-damage|p2a: Ogerpon|23/100
|
|t:|1758949131
|switch|p1a: Kingdra|Kingdra, M, shiny|88/100|[from] U-turn
|-damage|p1a: Kingdra|76/100|[from] Stealth Rock
|-damage|p1a: Kingdra|63/100|[from] Spikes
|
|-weather|RainDance|[upkeep]
|upkeep
|turn|14
|
|t:|1758949135
|move|p1a: Kingdra|Draco Meteor|p2a: Ogerpon
|-crit|p2a: Ogerpon
|-damage|p2a: Ogerpon|0 fnt
|-unboost|p1a: Kingdra|spa|2
|faint|p2a: Ogerpon
|
|-weather|RainDance|[upkeep]
|upkeep
|
|t:|1758949137
|switch|p2a: Samurott|Samurott-Hisui, M|59/100
|turn|15
|
|t:|1758949143
|switch|p1a: Hoopa|Hoopa-Unbound|82/100
|-damage|p1a: Hoopa|69/100|[from] Stealth Rock
|-damage|p1a: Hoopa|57/100|[from] Spikes
|move|p2a: Samurott|Ceaseless Edge|p1a: Hoopa
|-damage|p1a: Hoopa|0 fnt
|-sidestart|p1: Mik22|Spikes
|faint|p1a: Hoopa
|
|-weather|RainDance|[upkeep]
|upkeep
|
|t:|1758949147
|switch|p1a: Kingambit|Kingambit, F, shiny|82/100
|-damage|p1a: Kingambit|76/100|[from] Stealth Rock
|-damage|p1a: Kingambit|59/100|[from] Spikes
|-activate|p1a: Kingambit|ability: Supreme Overlord
|-start|p1a: Kingambit|fallen3|[silent]
|turn|16
|
|t:|1758949155
|move|p2a: Samurott|Flip Turn|p1a: Kingambit
|-damage|p1a: Kingambit|18/100
|
|t:|1758949158
|switch|p2a: Landorus|Landorus-Therian, M|100/100|[from] Flip Turn
|-ability|p2a: Landorus|Intimidate|boost
|-unboost|p1a: Kingambit|atk|1
|move|p1a: Kingambit|Kowtow Cleave|p2a: Landorus
|-damage|p2a: Landorus|34/100
|
|-weather|RainDance|[upkeep]
|upkeep
|turn|17
|
|t:|1758949163
|switch|p2a: Samurott|Samurott-Hisui, M|59/100
|-end|p1a: Kingambit|fallen3|[silent]
|switch|p1a: Pelipper|Pelipper, M|61/100
|-damage|p1a: Pelipper|36/100|[from] Stealth Rock
|
|-weather|RainDance|[upkeep]
|upkeep
|turn|18
|
|t:|1758949167
|switch|p1a: Kingambit|Kingambit, F, shiny|18/100
|-damage|p1a: Kingambit|12/100|[from] Stealth Rock
|-damage|p1a: Kingambit|0 fnt|[from] Spikes
|faint|p1a: Kingambit
|-end|p1a: Kingambit|fallen3|[silent]
|move|p2a: Samurott|Ceaseless Edge|p1: Kingambit|[notarget]
|-fail|p2a: Samurott
|
|-weather|none
|upkeep
|
|t:|1758949169
|switch|p1a: Pelipper|Pelipper, M|36/100
|-damage|p1a: Pelipper|11/100|[from] Stealth Rock
|-weather|RainDance|[from] ability: Drizzle|[of] p1a: Pelipper
|turn|19
|
|t:|1758949174
|move|p2a: Samurott|Ceaseless Edge|p1a: Pelipper
|-damage|p1a: Pelipper|0 fnt
|-sidestart|p1: Mik22|Spikes
|faint|p1a: Pelipper
|
|-weather|RainDance|[upkeep]
|upkeep
|
|t:|1758949176
|switch|p1a: Kingdra|Kingdra, M, shiny|63/100
|-damage|p1a: Kingdra|51/100|[from] Stealth Rock
|-damage|p1a: Kingdra|26/100|[from] Spikes
|turn|20
|
|t:|1758949178
|-terastallize|p1a: Kingdra|Water
|move|p1a: Kingdra|Weather Ball|p2a: Samurott
|-resisted|p2a: Samurott
|-damage|p2a: Samurott|0 fnt
|faint|p2a: Samurott
|
|-weather|RainDance|[upkeep]
|upkeep
|
|t:|1758949185
|switch|p2a: Pecharunt|Pecharunt|100/100
|turn|21
|
|t:|1758949187
|move|p1a: Kingdra|Weather Ball|p2a: Pecharunt
|-damage|p2a: Pecharunt|0 fnt
|faint|p2a: Pecharunt
|
|-weather|RainDance|[upkeep]
|upkeep
|
|t:|1758949194
|switch|p2a: Iron Crown|Iron Crown|100/100
|turn|22
|
|t:|1758949198
|move|p1a: Kingdra|Weather Ball|p2a: Iron Crown
|-damage|p2a: Iron Crown|0 fnt
|faint|p2a: Iron Crown
|-end|p2a: Iron Crown|Quark Drive|[silent]
|
|-weather|RainDance|[upkeep]
|upkeep
|
|t:|1758949202
|switch|p2a: Landorus|Landorus-Therian, M|34/100
|-ability|p2a: Landorus|Intimidate|boost
|-unboost|p1a: Kingdra|atk|1
|turn|23
|
|t:|1758949205
|move|p1a: Kingdra|Weather Ball|p2a: Landorus
|-supereffective|p2a: Landorus
|-damage|p2a: Landorus|0 fnt
|faint|p2a: Landorus
|
|win|Mik22
|raw|Mik22's rating: 1567 &rarr; <strong>1584</strong><br />(+17 for winning)
|raw|lebmaster's rating: 1514 &rarr; <strong>1497</strong><br />(-17 for losing)
|l|☆lebmaster
|player|p2|
|l|☆Mik22
|player|p1|
