|j|☆Dragon126
|j|☆Red Icigool
|t:|1758982907
|gametype|singles
|player|p1|Dragon126|n|1116
|player|p2|Red Icigool|swimmerf-gen4|1160
|gen|9
|tier|[Gen 9] OU
|rated|
|rule|HP Percentage Mod: HP is shown in percentages
|rule|Endless Battle Clause: Forcing endless battles is banned
|rule|Species Clause: Limit one of each Pokémon
|rule|OHKO Clause: OHKO moves are banned
|rule|Evasion Items Clause: Evasion items are banned
|rule|Evasion Moves Clause: Evasion moves are banned
|rule|Evasion Abilities Clause: Evasion abilities are banned
|rule|Sleep Moves Clause: Sleep-inducing moves are banned
|clearpoke
|poke|p1|Torkoal, M|
|poke|p1|Torterra, M|
|poke|p1|Blastoise, M|
|poke|p1|Avalugg-Hisui, M|
|poke|p1|Pawmot, M|
|poke|p2|Forretress, M|
|poke|p2|Scizor, M|
|poke|p2|Kleavor, M|
|poke|p2|Yanmega, M|
|poke|p2|Araquanid, M|
|poke|p2|Vikavolt, F|
|teampreview
|inactive|Battle timer is ON: inactive players will automatically lose when time's up. (requested by Dragon126)
|
|t:|1758982923
|teamsize|p1|5
|teamsize|p2|6
|start
|switch|p1a: Splinter|Pawmot, M|100/100
|switch|p2a: Araquanid|Araquanid, M|100/100
|-item|p1a: Splinter|Air Balloon
|turn|1
|
|t:|1758982931
|move|p1a: Splinter|Encore||[still]
|-fail|p1a: Splinter
|move|p2a: Araquanid|Sticky Web|p1a: Splinter
|-sidestart|p1: Dragon126|move: Sticky Web
|
|upkeep
|turn|2
|
|t:|1758982936
|switch|p2a: Forretress|Forretress, M|100/100
|move|p1a: Splinter|Thunder Punch|p2a: Forretress
|-crit|p2a: Forretress
|-damage|p2a: Forretress|61/100
|-damage|p1a: Splinter|84/100|[from] item: Rocky Helmet|[of] p2a: Forretress
|
|upkeep
|turn|3
|
|t:|1758982948
|switch|p2a: Kleavor|Kleavor, M|100/100
|move|p1a: Splinter|Mach Punch|p2a: Kleavor
|-damage|p2a: Kleavor|67/100
|
|upkeep
|turn|4
|c|☆Red Icigool|OH ogd its the ninja turtles
|
|t:|1758982968
|move|p2a: Kleavor|Stone Axe|p1a: Splinter
|-resisted|p1a: Splinter
|-damage|p1a: Splinter|42/100
|-enditem|p1a: Splinter|Air Balloon
|-sidestart|p1: Dragon126|move: Stealth Rock
|move|p1a: Splinter|Thunder Punch|p2a: Kleavor
|-damage|p2a: Kleavor|4/100
|
|upkeep
|turn|5
|
|t:|1758982976
|move|p1a: Splinter|Mach Punch|p2a: Kleavor
|-damage|p2a: Kleavor|0 fnt
|faint|p2a: Kleavor
|
|upkeep
|
|t:|1758982981
|switch|p2a: Forretress|Forretress, M|61/100
|turn|6
|
|t:|1758982987
|move|p1a: Splinter|Thunder Punch|p2a: Forretress
|-damage|p2a: Forretress|38/100
|-damage|p1a: Splinter|26/100|[from] item: Rocky Helmet|[of] p2a: Forretress
|move|p2a: Forretress|Ice Spinner|p1a: Splinter
|-damage|p1a: Splinter|0 fnt
|faint|p1a: Splinter
|
|upkeep
|
|t:|1758982996
|switch|p1a: Donatello|Avalugg-Hisui, M|100/100
|-activate|p1a: Donatello|move: Sticky Web
|-unboost|p1a: Donatello|spe|1
|-damage|p1a: Donatello|76/100|[from] Stealth Rock
|turn|7
|
|t:|1758983002
|move|p2a: Forretress|Thunder Wave|p1a: Donatello
|-status|p1a: Donatello|par
|cant|p1a: Donatello|par
|
|-heal|p1a: Donatello|82/100 par|[from] item: Leftovers
|upkeep
|turn|8
|
|t:|1758983009
|move|p2a: Forretress|Volt Switch|p1a: Donatello
|-crit|p1a: Donatello
|-damage|p1a: Donatello|55/100 par
|
|t:|1758983012
|switch|p2a: Vikavolt|Vikavolt, F|100/100|[from] Volt Switch
|cant|p1a: Donatello|par
|
|-heal|p1a: Donatello|61/100 par|[from] item: Leftovers
|upkeep
|turn|9
|
|t:|1758983023
|move|p2a: Vikavolt|Bug Buzz|p1a: Donatello
|-damage|p1a: Donatello|0 fnt
|faint|p1a: Donatello
|-enditem|p2a: Vikavolt|Throat Spray
|-boost|p2a: Vikavolt|spa|1|[from] item: Throat Spray
|
|upkeep
|
|t:|1758983030
|switch|p1a: Raphael|Torkoal, M|100/100
|-activate|p1a: Raphael|move: Sticky Web
|-fail|p1a: Raphael|unboost|[from] ability: White Smoke|[of] p1a: Raphael
|-damage|p1a: Raphael|75/100|[from] Stealth Rock
|turn|10
|
|t:|1758983040
|-terastallize|p2a: Vikavolt|Electric
|move|p2a: Vikavolt|Thunderbolt|p1a: Raphael
|-damage|p1a: Raphael|0 fnt
|faint|p1a: Raphael
|
|upkeep
|
|t:|1758983049
|switch|p1a: Leonardo|Blastoise, M|100/100
|-activate|p1a: Leonardo|move: Sticky Web
|-unboost|p1a: Leonardo|spe|1
|-damage|p1a: Leonardo|88/100|[from] Stealth Rock
|-enditem|p1a: Leonardo|White Herb
|-clearnegativeboost|p1a: Leonardo|[silent]
|turn|11
|
|t:|1758983064
|move|p1a: Leonardo|Flash Cannon|p2a: Vikavolt
|-resisted|p2a: Vikavolt
|-damage|p2a: Vikavolt|84/100
|move|p2a: Vikavolt|Thunderbolt|p1a: Leonardo
|-supereffective|p1a: Leonardo
|-damage|p1a: Leonardo|0 fnt
|faint|p1a: Leonardo
|
|upkeep
|
|t:|1758983072
|switch|p1a: Michaelangolo|Torterra, M|100/100
|-activate|p1a: Michaelangolo|move: Sticky Web
|-unboost|p1a: Michaelangolo|spe|1
|-damage|p1a: Michaelangolo|94/100|[from] Stealth Rock
|turn|12
|
|t:|1758983079
|-terastallize|p1a: Michaelangolo|Rock
|move|p2a: Vikavolt|Bug Buzz|p1a: Michaelangolo
|-damage|p1a: Michaelangolo|0 fnt
|faint|p1a: Michaelangolo
|
|win|Red Icigool
|raw|Dragon126's rating: 1116 &rarr; <strong>1094</strong><br />(-22 for losing)
|raw|Red Icigool's rating: 1160 &rarr; <strong>1182</strong><br />(+22 for winning)
|c|☆Red Icigool|gg
|l|☆Dragon126
|player|p1|
