|j|☆Yothas
|j|☆Yourragez
|t:|1758957295
|gametype|singles
|player|p1|Yothas|170|1380
|player|p2|Yourragez|266|1356
|gen|9
|tier|[Gen 9] OU
|rated|
|rule|HP Percentage Mod: HP is shown in percentages
|rule|Endless Battle Clause: Forcing endless battles is banned
|rule|Species Clause: Limit one of each Pokémon
|rule|OHKO Clause: OHKO moves are banned
|rule|Evasion Items Clause: Evasion items are banned
|rule|Evasion Moves Clause: Evasion moves are banned
|rule|Evasion Abilities Clause: Evasion abilities are banned
|rule|Sleep Moves Clause: Sleep-inducing moves are banned
|clearpoke
|poke|p1|Skarmory, M|
|poke|p1|Meowscarada, M|
|poke|p1|Rotom-Wash|
|poke|p1|Glimmora, F|
|poke|p1|Tinkaton, F|
|poke|p1|Landorus-Therian, M|
|poke|p2|Electivire, F|
|poke|p2|Gyarados, F|
|poke|p2|Donphan, M|
|poke|p2|Dragapult, F|
|poke|p2|Iron Moth|
|poke|p2|Slither Wing|
|teampreview
|inactive|Battle timer is ON: inactive players will automatically lose when time's up. (requested by Yothas)
|inactive|Yothas has 120 seconds left.
|inactive|Yourragez has 120 seconds left.
|
|t:|1758957352
|teamsize|p1|6
|teamsize|p2|6
|start
|switch|p1a: Meowscarada|Meowscarada, M|100/100
|switch|p2a: Dragapult|Dragapult, F|100/100
|turn|1
|
|t:|1758957358
|move|p1a: Meowscarada|Knock Off|p2a: Dragapult
|-start|p1a: Meowscarada|typechange|Dark|[from] ability: Protean
|-supereffective|p2a: Dragapult
|-damage|p2a: Dragapult|0 fnt
|-enditem|p2a: Dragapult|Light Clay|[from] move: Knock Off|[of] p1a: Meowscarada
|faint|p2a: Dragapult
|
|upkeep
|
|t:|1758957372
|switch|p2a: Slither Wing|Slither Wing|100/100
|-enditem|p2a: Slither Wing|Booster Energy
|-activate|p2a: Slither Wing|ability: Protosynthesis|[fromitem]
|-start|p2a: Slither Wing|protosynthesisatk
|turn|2
|
|t:|1758957380
|switch|p1a: Skarmory|Skarmory, M|100/100
|move|p2a: Slither Wing|Flame Charge|p1a: Skarmory
|-supereffective|p1a: Skarmory
|-damage|p1a: Skarmory|73/100
|-boost|p2a: Slither Wing|spe|1
|-damage|p2a: Slither Wing|84/100|[from] item: Rocky Helmet|[of] p1a: Skarmory
|
|upkeep
|turn|3
|
|t:|1758957388
|move|p2a: Slither Wing|Bulk Up|p2a: Slither Wing
|-boost|p2a: Slither Wing|atk|1
|-boost|p2a: Slither Wing|def|1
|move|p1a: Skarmory|Stealth Rock|p2a: Slither Wing
|-sidestart|p2: Yourragez|move: Stealth Rock
|
|upkeep
|turn|4
|
|t:|1758957400
|move|p2a: Slither Wing|Flame Charge|p1a: Skarmory
|-supereffective|p1a: Skarmory
|-damage|p1a: Skarmory|29/100
|-boost|p2a: Slither Wing|spe|1
|-damage|p2a: Slither Wing|68/100|[from] item: Rocky Helmet|[of] p1a: Skarmory
|move|p1a: Skarmory|Whirlwind|p2a: Slither Wing
|-end|p2a: Slither Wing|Protosynthesis|[silent]
|drag|p2a: Donphan|Donphan, M|100/100
|-damage|p2a: Donphan|94/100|[from] Stealth Rock
|
|upkeep
|turn|5
|c|☆Yothas|Damn gg
|
|t:|1758957411
|move|p2a: Donphan|Rapid Spin|p1a: Skarmory
|-resisted|p1a: Skarmory
|-damage|p1a: Skarmory|23/100
|-boost|p2a: Donphan|spe|1
|-damage|p2a: Donphan|78/100|[from] item: Rocky Helmet|[of] p1a: Skarmory
|-sideend|p2: Yourragez|Stealth Rock|[from] move: Rapid Spin|[of] p2a: Donphan
|move|p1a: Skarmory|Roost|p1a: Skarmory
|-heal|p1a: Skarmory|73/100
|-singleturn|p1a: Skarmory|move: Roost
|
|upkeep
|turn|6
|
|t:|1758957421
|switch|p2a: Iron Moth|Iron Moth|100/100
|-enditem|p2a: Iron Moth|Booster Energy
|-activate|p2a: Iron Moth|ability: Quark Drive|[fromitem]
|-start|p2a: Iron Moth|quarkdrivespe
|move|p1a: Skarmory|Stealth Rock|p2a: Iron Moth
|-sidestart|p2: Yourragez|move: Stealth Rock
|
|upkeep
|turn|7
|
|t:|1758957434
|switch|p1a: Rotom|Rotom-Wash, shiny|100/100
|move|p2a: Iron Moth|Fiery Dance|p1a: Rotom
|-resisted|p1a: Rotom
|-damage|p1a: Rotom|71/100
|-boost|p2a: Iron Moth|spa|1
|
|upkeep
|turn|8
|
|t:|1758957440
|move|p2a: Iron Moth|Energy Ball|p1a: Rotom
|-supereffective|p1a: Rotom
|-damage|p1a: Rotom|0 fnt
|faint|p1a: Rotom
|
|upkeep
|
|t:|1758957450
|switch|p1a: Glimmora|Glimmora, F|100/100
|turn|9
|
|t:|1758957460
|move|p2a: Iron Moth|Energy Ball|p1a: Glimmora
|-damage|p1a: Glimmora|41/100
|move|p1a: Glimmora|Earth Power|p2a: Iron Moth
|-supereffective|p2a: Iron Moth
|-damage|p2a: Iron Moth|0 fnt
|faint|p2a: Iron Moth
|-end|p2a: Iron Moth|Quark Drive|[silent]
|
|upkeep
|
|t:|1758957466
|switch|p2a: Donphan|Donphan, M|78/100
|-damage|p2a: Donphan|72/100|[from] Stealth Rock
|turn|10
|
|t:|1758957474
|move|p1a: Glimmora|Mortal Spin|p2a: Donphan
|-resisted|p2a: Donphan
|-crit|p2a: Donphan
|-damage|p2a: Donphan|66/100
|-status|p2a: Donphan|psn
|move|p2a: Donphan|Rapid Spin|p1a: Glimmora
|-resisted|p1a: Glimmora
|-damage|p1a: Glimmora|30/100
|-boost|p2a: Donphan|spe|1
|-activate|p1a: Glimmora|ability: Toxic Debris
|-sidestart|p2: Yourragez|move: Toxic Spikes
|-sideend|p2: Yourragez|Toxic Spikes|[from] move: Rapid Spin|[of] p2a: Donphan
|-sideend|p2: Yourragez|Stealth Rock|[from] move: Rapid Spin|[of] p2a: Donphan
|
|-damage|p2a: Donphan|53/100 psn|[from] psn
|upkeep
|turn|11
|
|t:|1758957482
|switch|p1a: Skarmory|Skarmory, M|73/100
|move|p2a: Donphan|Earthquake|p1a: Skarmory
|-immune|p1a: Skarmory
|
|-damage|p2a: Donphan|41/100 psn|[from] psn
|upkeep
|turn|12
|
|t:|1758957486
|move|p2a: Donphan|Ice Shard|p1a: Skarmory
|-damage|p1a: Skarmory|65/100
|move|p1a: Skarmory|Stealth Rock|p2a: Donphan
|-sidestart|p2: Yourragez|move: Stealth Rock
|
|-damage|p2a: Donphan|28/100 psn|[from] psn
|upkeep
|turn|13
|
|t:|1758957492
|move|p2a: Donphan|Rapid Spin|p1a: Skarmory
|-resisted|p1a: Skarmory
|-damage|p1a: Skarmory|59/100
|-boost|p2a: Donphan|spe|1
|-damage|p2a: Donphan|12/100 psn|[from] item: Rocky Helmet|[of] p1a: Skarmory
|-sideend|p2: Yourragez|Stealth Rock|[from] move: Rapid Spin|[of] p2a: Donphan
|move|p1a: Skarmory|Roost|p1a: Skarmory
|-heal|p1a: Skarmory|100/100
|-singleturn|p1a: Skarmory|move: Roost
|
|-damage|p2a: Donphan|0 fnt|[from] psn
|faint|p2a: Donphan
|upkeep
|
|t:|1758957498
|switch|p2a: Electivire|Electivire, F|100/100
|-item|p2a: Electivire|Air Balloon
|turn|14
|
|t:|1758957505
|switch|p1a: Glimmora|Glimmora, F|30/100
|move|p2a: Electivire|Bulk Up|p2a: Electivire
|-boost|p2a: Electivire|atk|1
|-boost|p2a: Electivire|def|1
|
|upkeep
|turn|15
|
|t:|1758957513
|move|p2a: Electivire|Knock Off|p1a: Glimmora
|-damage|p1a: Glimmora|0 fnt
|-activate|p1a: Glimmora|ability: Toxic Debris
|-sidestart|p2: Yourragez|move: Toxic Spikes
|-enditem|p1a: Glimmora|Focus Sash|[from] move: Knock Off|[of] p2a: Electivire
|faint|p1a: Glimmora
|
|upkeep
|
|t:|1758957517
|switch|p1a: Meowscarada|Meowscarada, M|100/100
|turn|16
|
|t:|1758957526
|-terastallize|p2a: Electivire|Flying
|move|p1a: Meowscarada|U-turn|p2a: Electivire
|-start|p1a: Meowscarada|typechange|Bug|[from] ability: Protean
|-resisted|p2a: Electivire
|-damage|p2a: Electivire|82/100
|-enditem|p2a: Electivire|Air Balloon
|
|t:|1758957533
|switch|p1a: Skarmory|Skarmory, M|100/100|[from] U-turn
|move|p2a: Electivire|Ice Punch|p1a: Skarmory
|-damage|p1a: Skarmory|77/100
|-damage|p2a: Electivire|65/100|[from] item: Rocky Helmet|[of] p1a: Skarmory
|
|upkeep
|turn|17
|
|t:|1758957539
|move|p2a: Electivire|Supercell Slam|p1a: Skarmory
|-supereffective|p1a: Skarmory
|-damage|p1a: Skarmory|0 fnt
|-damage|p2a: Electivire|49/100|[from] item: Rocky Helmet|[of] p1a: Skarmory
|faint|p1a: Skarmory
|
|upkeep
|
|t:|1758957544
|switch|p1a: Meowscarada|Meowscarada, M|100/100
|turn|18
|
|t:|1758957548
|move|p1a: Meowscarada|Triple Axel|p2a: Electivire
|-start|p1a: Meowscarada|typechange|Ice|[from] ability: Protean
|-supereffective|p2a: Electivire
|-damage|p2a: Electivire|30/100
|-supereffective|p2a: Electivire
|-damage|p2a: Electivire|0 fnt
|faint|p2a: Electivire
|-hitcount|p2: Electivire|2
|
|upkeep
|
|t:|1758957553
|switch|p2a: Gyarados|Gyarados, F|100/100
|turn|19
|
|t:|1758957560
|move|p1a: Meowscarada|Triple Axel|p2a: Gyarados
|-damage|p2a: Gyarados|88/100
|-damage|p2a: Gyarados|66/100
|-damage|p2a: Gyarados|29/100
|-hitcount|p2a: Gyarados|3
|move|p2a: Gyarados|Dragon Dance|p2a: Gyarados
|-boost|p2a: Gyarados|atk|1
|-boost|p2a: Gyarados|spe|1
|
|upkeep
|turn|20
|
|t:|1758957566
|move|p1a: Meowscarada|Triple Axel|p2a: Gyarados
|-damage|p2a: Gyarados|17/100
|-damage|p2a: Gyarados|0 fnt
|faint|p2a: Gyarados
|-hitcount|p2: Gyarados|2
|
|upkeep
|
|t:|1758957570
|switch|p2a: Slither Wing|Slither Wing|68/100
|-status|p2a: Slither Wing|psn
|turn|21
|
|t:|1758957574
|switch|p1a: Landorus|Landorus-Therian, M|100/100
|-ability|p1a: Landorus|Intimidate|boost
|-unboost|p2a: Slither Wing|atk|1
|move|p2a: Slither Wing|Flame Charge|p1a: Landorus
|-damage|p1a: Landorus|87/100
|-boost|p2a: Slither Wing|spe|1
|
|-damage|p2a: Slither Wing|55/100 psn|[from] psn
|upkeep
|turn|22
|
|t:|1758957583
|move|p2a: Slither Wing|Bulk Up|p2a: Slither Wing
|-boost|p2a: Slither Wing|atk|1
|-boost|p2a: Slither Wing|def|1
|move|p1a: Landorus|Tera Blast|p2a: Slither Wing
|-damage|p2a: Slither Wing|39/100 psn
|
|-damage|p2a: Slither Wing|27/100 psn|[from] psn
|upkeep
|turn|23
|
|t:|1758957591
|switch|p1a: Tinkaton|Tinkaton, F|100/100
|move|p2a: Slither Wing|Leech Life|p1a: Tinkaton
|-resisted|p1a: Tinkaton
|-damage|p1a: Tinkaton|89/100
|-heal|p2a: Slither Wing|34/100 psn|[from] drain|[of] p1a: Tinkaton
|
|-damage|p2a: Slither Wing|21/100 psn|[from] psn
|upkeep
|turn|24
|
|t:|1758957594
|switch|p1a: Landorus|Landorus-Therian, M|87/100
|-ability|p1a: Landorus|Intimidate|boost
|-unboost|p2a: Slither Wing|atk|1
|move|p2a: Slither Wing|Flame Charge|p1a: Landorus
|-damage|p1a: Landorus|72/100
|-boost|p2a: Slither Wing|spe|1
|
|-damage|p2a: Slither Wing|9/100 psn|[from] psn
|upkeep
|turn|25
|
|t:|1758957601
|move|p2a: Slither Wing|Leech Life|p1a: Landorus
|-resisted|p1a: Landorus
|-damage|p1a: Landorus|55/100
|-heal|p2a: Slither Wing|18/100 psn|[from] drain|[of] p1a: Landorus
|move|p1a: Landorus|U-turn|p2a: Slither Wing
|-resisted|p2a: Slither Wing
|-damage|p2a: Slither Wing|0 fnt
|faint|p2a: Slither Wing
|-end|p2a: Slither Wing|Protosynthesis|[silent]
|
|win|Yothas
|raw|Yothas's rating: 1380 &rarr; <strong>1399</strong><br />(+19 for winning)
|raw|Yourragez's rating: 1356 &rarr; <strong>1337</strong><br />(-19 for losing)
|l|☆Yothas
|player|p1|
|l|☆Yourragez
|player|p2|
