|j|☆jonny2hats
|j|☆barrman1313
|t:|1758996364
|gametype|singles
|player|p1|jonny2hats|waiter|1566
|player|p2|barrman1313|brycenman|1523
|gen|9
|tier|[Gen 9] OU
|rated|
|rule|HP Percentage Mod: HP is shown in percentages
|rule|Endless Battle Clause: Forcing endless battles is banned
|rule|Species Clause: Limit one of each Pokémon
|rule|OHKO Clause: OHKO moves are banned
|rule|Evasion Items Clause: Evasion items are banned
|rule|Evasion Moves Clause: Evasion moves are banned
|rule|Evasion Abilities Clause: Evasion abilities are banned
|rule|Sleep Moves Clause: Sleep-inducing moves are banned
|clearpoke
|poke|p1|Deoxys-Speed|
|poke|p1|Dragonite, M|
|poke|p1|Darkrai|
|poke|p1|Iron Moth|
|poke|p1|Scizor, M|
|poke|p1|Great Tusk|
|poke|p2|Diancie|
|poke|p2|Kyurem|
|poke|p2|Necrozma|
|poke|p2|Hatterene, F|
|poke|p2|Iron Hands|
|poke|p2|Landorus-Therian, M|
|teampreview
|
|t:|1758996376
|teamsize|p1|6
|teamsize|p2|6
|start
|switch|p1a: Scizor|Scizor, M|100/100
|switch|p2a: Necrozma|Necrozma|100/100
|turn|1
|
|t:|1758996392
|move|p1a: Scizor|U-turn|p2a: Necrozma
|-supereffective|p2a: Necrozma
|-damage|p2a: Necrozma|20/100
|
|t:|1758996399
|switch|p1a: Deoxys|Deoxys-Speed|100/100|[from] U-turn
|-ability|p1a: Deoxys|Pressure
|move|p2a: Necrozma|Trick Room|p2a: Necrozma
|-fieldstart|move: Trick Room|[of] p2a: Necrozma
|
|upkeep
|turn|2
|
|t:|1758996416
|move|p2a: Necrozma|Meteor Beam||[still]
|-prepare|p2a: Necrozma|Meteor Beam
|-boost|p2a: Necrozma|spa|1
|-enditem|p2a: Necrozma|Power Herb
|-anim|p2a: Necrozma|Meteor Beam|p1a: Deoxys|[miss]
|-miss|p2a: Necrozma|p1a: Deoxys
|move|p1a: Deoxys|Taunt|p2a: Necrozma
|-start|p2a: Necrozma|move: Taunt
|
|upkeep
|turn|3
|
|t:|1758996424
|move|p2a: Necrozma|Photon Geyser|p1a: Deoxys
|-resisted|p1a: Deoxys
|-damage|p1a: Deoxys|49/100
|move|p1a: Deoxys|Stealth Rock|p2a: Necrozma
|-sidestart|p2: barrman1313|move: Stealth Rock
|
|upkeep
|turn|4
|
|t:|1758996428
|move|p2a: Necrozma|Photon Geyser|p1a: Deoxys
|-resisted|p1a: Deoxys
|-damage|p1a: Deoxys|0 fnt
|faint|p1a: Deoxys
|
|upkeep
|
|t:|1758996436
|switch|p1a: Darkrai|Darkrai|100/100
|turn|5
|
|t:|1758996441
|switch|p1a: Scizor|Scizor, M|100/100
|move|p2a: Necrozma|Heat Wave|p1a: Scizor
|-supereffective|p1a: Scizor
|-damage|p1a: Scizor|0 fnt
|faint|p1a: Scizor
|
|-end|p2a: Necrozma|move: Taunt
|-fieldend|move: Trick Room
|upkeep
|
|t:|1758996445
|switch|p1a: Iron Moth|Iron Moth|100/100
|-enditem|p1a: Iron Moth|Booster Energy
|-activate|p1a: Iron Moth|ability: Quark Drive|[fromitem]
|-start|p1a: Iron Moth|quarkdrivespe
|turn|6
|
|t:|1758996460
|move|p1a: Iron Moth|Fiery Dance|p2a: Necrozma
|-damage|p2a: Necrozma|0 fnt
|-boost|p1a: Iron Moth|spa|1
|faint|p2a: Necrozma
|
|upkeep
|
|t:|1758996478
|switch|p2a: Iron Hands|Iron Hands|100/100
|-damage|p2a: Iron Hands|94/100|[from] Stealth Rock
|-enditem|p2a: Iron Hands|Booster Energy
|-activate|p2a: Iron Hands|ability: Quark Drive|[fromitem]
|-start|p2a: Iron Hands|quarkdriveatk
|turn|7
|
|t:|1758996483
|move|p1a: Iron Moth|Dazzling Gleam|p2a: Iron Hands
|-supereffective|p2a: Iron Hands
|-damage|p2a: Iron Hands|22/100
|move|p2a: Iron Hands|Thunder Punch|p1a: Iron Moth
|-damage|p1a: Iron Moth|15/100
|
|upkeep
|turn|8
|
|t:|1758996490
|move|p1a: Iron Moth|Fiery Dance|p2a: Iron Hands
|-damage|p2a: Iron Hands|0 fnt
|-boost|p1a: Iron Moth|spa|1
|faint|p2a: Iron Hands
|-end|p2a: Iron Hands|Quark Drive|[silent]
|
|upkeep
|c|☆barrman1313|Fuck
|c|☆barrman1313|Lol
|
|t:|1758996513
|switch|p2a: Landorus|Landorus-Therian, M|100/100
|-damage|p2a: Landorus|88/100|[from] Stealth Rock
|-ability|p2a: Landorus|Intimidate|boost
|-unboost|p1a: Iron Moth|atk|1
|turn|9
|
|t:|1758996518
|move|p1a: Iron Moth|Fiery Dance|p2a: Landorus
|-damage|p2a: Landorus|0 fnt
|-boost|p1a: Iron Moth|spa|1
|faint|p2a: Landorus
|
|upkeep
|c|☆barrman1313|Gg
|c|☆barrman1313|Lol
|
|t:|1758996534
|switch|p2a: Hatterene|Hatterene, F|100/100
|-damage|p2a: Hatterene|88/100|[from] Stealth Rock
|turn|10
|
|t:|1758996537
|-terastallize|p2a: Hatterene|Steel
|move|p1a: Iron Moth|Sludge Wave|p2a: Hatterene
|-immune|p2a: Hatterene
|move|p2a: Hatterene|Trick Room|p2a: Hatterene
|-fieldstart|move: Trick Room|[of] p2a: Hatterene
|
|upkeep
|turn|11
|c|☆barrman1313|Oh thank fuck
|
|t:|1758996553
|move|p2a: Hatterene|Psyshock|p1a: Iron Moth
|-supereffective|p1a: Iron Moth
|-damage|p1a: Iron Moth|0 fnt
|faint|p1a: Iron Moth
|-end|p1a: Iron Moth|Quark Drive|[silent]
|-damage|p2a: Hatterene|78/100|[from] item: Life Orb
|
|upkeep
|
|t:|1758996571
|switch|p1a: Darkrai|Darkrai|100/100
|turn|12
|
|t:|1758996576
|move|p1a: Darkrai|Sucker Punch|p2a: Hatterene
|-damage|p2a: Hatterene|47/100
|-damage|p1a: Darkrai|91/100|[from] item: Life Orb
|move|p2a: Hatterene|Draining Kiss|p1a: Darkrai
|-supereffective|p1a: Darkrai
|-damage|p1a: Darkrai|0 fnt
|-heal|p2a: Hatterene|100/100|[from] drain|[of] p1a: Darkrai
|faint|p1a: Darkrai
|-damage|p2a: Hatterene|91/100|[from] item: Life Orb
|
|upkeep
|
|t:|1758996581
|switch|p1a: Dragonite|Dragonite, M|100/100
|turn|13
|
|t:|1758996585
|-terastallize|p1a: Dragonite|Ghost
|move|p2a: Hatterene|Draining Kiss|p1a: Dragonite
|-damage|p1a: Dragonite|81/100
|-heal|p2a: Hatterene|100/100|[from] drain|[of] p1a: Dragonite
|-damage|p2a: Hatterene|91/100|[from] item: Life Orb
|move|p1a: Dragonite|Low Kick|p2a: Hatterene
|-supereffective|p2a: Hatterene
|-damage|p2a: Hatterene|76/100
|
|upkeep
|turn|14
|
|t:|1758996597
|move|p2a: Hatterene|Psyshock|p1a: Dragonite
|-damage|p1a: Dragonite|9/100
|-damage|p2a: Hatterene|66/100|[from] item: Life Orb
|move|p1a: Dragonite|Dragon Dance|p1a: Dragonite
|-boost|p1a: Dragonite|atk|1
|-boost|p1a: Dragonite|spe|1
|
|-fieldend|move: Trick Room
|upkeep
|turn|15
|c|☆barrman1313|Aaaand still gg lol
|c|☆barrman1313|Eq too or?
|
|t:|1758996634
|move|p1a: Dragonite|Tera Blast|p2a: Hatterene|[anim] Tera Blast Ghost
|-damage|p2a: Hatterene|0 fnt
|faint|p2a: Hatterene
|
|upkeep
|
|t:|1758996642
|switch|p2a: Diancie|Diancie|100/100
|-damage|p2a: Diancie|88/100|[from] Stealth Rock
|turn|16
|
|t:|1758996647
|move|p1a: Dragonite|Tera Blast|p2a: Diancie|[anim] Tera Blast Ghost
|-damage|p2a: Diancie|31/100
|move|p2a: Diancie|Trick Room|p2a: Diancie
|-fieldstart|move: Trick Room|[of] p2a: Diancie
|
|upkeep
|turn|17
|
|t:|1758996653
|move|p2a: Diancie|Moonblast|p1a: Dragonite
|-damage|p1a: Dragonite|0 fnt
|faint|p1a: Dragonite
|
|upkeep
|l|☆jonny2hats
|player|p1|
|inactive|Battle timer is ON: inactive players will automatically lose when time's up. (requested by barrman1313)
|l|☆barrman1313
|inactive|barrman1313 disconnected and has a minute to reconnect!
|player|p2|
|inactive|jonny2hats has 30 seconds to reconnect!
|inactive|jonny2hats has 20 seconds to reconnect!
|inactive|jonny2hats has 15 seconds to reconnect!
|inactive|jonny2hats has 10 seconds to reconnect!
|j|☆barrman1313
|inactive|barrman1313 reconnected.
|player|p2|barrman1313|brycenman|
|inactive|jonny2hats has 5 seconds to reconnect!
|-message|jonny2hats lost due to inactivity.
|
|win|barrman1313
|raw|jonny2hats's rating: 1566 &rarr; <strong>1544</strong><br />(-22 for losing)
|raw|barrman1313's rating: 1523 &rarr; <strong>1545</strong><br />(+22 for winning)
|l|☆barrman1313
|player|p2|
