|j|☆zg4h11
|j|☆DMVortex38
|t:|1758950923
|gametype|singles
|player|p1|zg4h11|170|1465
|player|p2|DMVortex38|psychicf-gen4|1458
|gen|9
|tier|[Gen 9] OU
|rated|
|rule|HP Percentage Mod: HP is shown in percentages
|rule|Endless Battle Clause: Forcing endless battles is banned
|rule|Species Clause: Limit one of each Pokémon
|rule|OHKO Clause: OHKO moves are banned
|rule|Evasion Items Clause: Evasion items are banned
|rule|Evasion Moves Clause: Evasion moves are banned
|rule|Evasion Abilities Clause: Evasion abilities are banned
|rule|Sleep Moves Clause: Sleep-inducing moves are banned
|clearpoke
|poke|p1|Hatterene, F|
|poke|p1|Darkrai|
|poke|p1|Ogerpon-Wellspring, F|
|poke|p1|Thundurus-Therian, M|
|poke|p1|Tyranitar, F|
|poke|p1|Corviknight, F|
|poke|p2|Primarina, M|
|poke|p2|Great Tusk|
|poke|p2|Hydrapple, F|
|poke|p2|Tinkaton, F|
|poke|p2|Weavile, F|
|poke|p2|Pecharunt|
|teampreview
|inactive|Battle timer is ON: inactive players will automatically lose when time's up. (requested by DMVortex38)
|
|t:|1758950936
|teamsize|p1|6
|teamsize|p2|6
|start
|switch|p1a: Thundurus|Thundurus-Therian, M|100/100
|switch|p2a: Tinkaton|Tinkaton, F|100/100
|-item|p2a: Tinkaton|Air Balloon
|turn|1
|
|t:|1758950946
|move|p1a: Thundurus|Volt Switch|p2a: Tinkaton
|-damage|p2a: Tinkaton|49/100
|-enditem|p2a: Tinkaton|Air Balloon
|
|t:|1758950956
|switch|p1a: Corviknight|Corviknight, F|100/100|[from] Volt Switch
|-ability|p1a: Corviknight|Pressure
|move|p2a: Tinkaton|Stealth Rock|p1a: Corviknight
|-sidestart|p1: zg4h11|move: Stealth Rock
|
|upkeep
|turn|2
|
|t:|1758950963
|move|p2a: Tinkaton|Thunder Wave|p1a: Corviknight
|-status|p1a: Corviknight|par
|move|p1a: Corviknight|Defog|p2a: Tinkaton
|-unboost|p2a: Tinkaton|evasion|1
|-sideend|p1: zg4h11|Stealth Rock|[from] move: Defog|[of] p1a: Corviknight
|
|upkeep
|turn|3
|
|t:|1758950971
|switch|p1a: Hatterene|Hatterene, F|100/100
|move|p2a: Tinkaton|Encore|p1a: Hatterene
|move|p1a: Hatterene|Encore||[from] ability: Magic Bounce|[still]
|-fail|p1a: Hatterene
|
|upkeep
|turn|4
|
|t:|1758950979
|switch|p1a: Corviknight|Corviknight, F|100/100 par
|-ability|p1a: Corviknight|Pressure
|move|p2a: Tinkaton|Gigaton Hammer|p1a: Corviknight
|-resisted|p1a: Corviknight
|-damage|p1a: Corviknight|86/100 par
|
|upkeep
|turn|5
|
|t:|1758950989
|move|p2a: Tinkaton|Stealth Rock|p1a: Corviknight
|-sidestart|p1: zg4h11|move: Stealth Rock
|move|p1a: Corviknight|U-turn|p2a: Tinkaton
|-resisted|p2a: Tinkaton
|-damage|p2a: Tinkaton|45/100
|-enditem|p1a: Corviknight|Rocky Helmet|[silent]|[from] ability: Pickpocket|[of] p1a: Corviknight
|-item|p2a: Tinkaton|Rocky Helmet|[from] ability: Pickpocket|[of] p1a: Corviknight
|
|t:|1758950995
|switch|p1a: Thundurus|Thundurus-Therian, M|100/100|[from] U-turn
|-damage|p1a: Thundurus|75/100|[from] Stealth Rock
|
|upkeep
|turn|6
|inactive|DMVortex38 has 120 seconds left.
|
|t:|1758951055
|switch|p2a: Great Tusk|Great Tusk|100/100
|move|p1a: Thundurus|Grass Knot|p2a: Great Tusk
|-supereffective|p2a: Great Tusk
|-damage|p2a: Great Tusk|0 fnt
|-damage|p1a: Thundurus|59/100|[from] item: Rocky Helmet|[of] p2a: Great Tusk
|faint|p2a: Great Tusk
|-end|p2a: Great Tusk|Protosynthesis|[silent]
|
|upkeep
|
|t:|1758951062
|switch|p2a: Weavile|Weavile, F|100/100
|-ability|p2a: Weavile|Pressure
|turn|7
|
|t:|1758951068
|switch|p1a: Corviknight|Corviknight, F|86/100 par
|-damage|p1a: Corviknight|74/100 par|[from] Stealth Rock
|-ability|p1a: Corviknight|Pressure
|move|p2a: Weavile|Knock Off|p1a: Corviknight
|-damage|p1a: Corviknight|54/100 par
|
|upkeep
|turn|8
|
|t:|1758951079
|switch|p2a: Pecharunt|Pecharunt|100/100
|move|p1a: Corviknight|Roost|p1a: Corviknight
|-heal|p1a: Corviknight|100/100 par
|-singleturn|p1a: Corviknight|move: Roost
|
|upkeep
|turn|9
|
|t:|1758951087
|move|p2a: Pecharunt|Shadow Ball|p1a: Corviknight
|-damage|p1a: Corviknight|75/100 par
|move|p1a: Corviknight|Defog|p2a: Pecharunt
|-unboost|p2a: Pecharunt|evasion|1
|-sideend|p1: zg4h11|Stealth Rock|[from] move: Defog|[of] p1a: Corviknight
|
|upkeep
|turn|10
|
|t:|1758951103
|move|p2a: Pecharunt|Shadow Ball|p1a: Corviknight
|-damage|p1a: Corviknight|53/100 par
|move|p1a: Corviknight|U-turn|p2a: Pecharunt
|-resisted|p2a: Pecharunt
|-damage|p2a: Pecharunt|98/100
|
|t:|1758951109
|switch|p1a: Tyranitar|Tyranitar, F|100/100|[from] U-turn
|-weather|Sandstorm|[from] ability: Sand Stream|[of] p1a: Tyranitar
|
|-weather|Sandstorm|[upkeep]
|-damage|p2a: Pecharunt|92/100|[from] Sandstorm
|upkeep
|turn|11
|
|t:|1758951116
|move|p2a: Pecharunt|Parting Shot|p1a: Tyranitar
|-unboost|p1a: Tyranitar|atk|1
|-unboost|p1a: Tyranitar|spa|1
|
|t:|1758951123
|switch|p2a: Tinkaton|Tinkaton, F|45/100|[from] Parting Shot
|move|p1a: Tyranitar|Knock Off|p2a: Tinkaton
|-resisted|p2a: Tinkaton
|-damage|p2a: Tinkaton|22/100
|-damage|p1a: Tyranitar|84/100|[from] item: Rocky Helmet|[of] p2a: Tinkaton
|-enditem|p2a: Tinkaton|Rocky Helmet|[from] move: Knock Off|[of] p1a: Tyranitar
|-enditem|p1a: Tyranitar|Assault Vest|[silent]|[from] ability: Pickpocket|[of] p1a: Tyranitar
|-item|p2a: Tinkaton|Assault Vest|[from] ability: Pickpocket|[of] p1a: Tyranitar
|
|-weather|Sandstorm|[upkeep]
|upkeep
|turn|12
|
|t:|1758951162
|switch|p1a: Corviknight|Corviknight, F|53/100 par
|-ability|p1a: Corviknight|Pressure
|move|p2a: Tinkaton|Gigaton Hammer|p1a: Corviknight
|-resisted|p1a: Corviknight
|-damage|p1a: Corviknight|40/100 par
|
|-weather|Sandstorm|[upkeep]
|upkeep
|turn|13
|
|t:|1758951175
|switch|p2a: Pecharunt|Pecharunt|92/100
|move|p1a: Corviknight|Roost|p1a: Corviknight
|-heal|p1a: Corviknight|90/100 par
|-singleturn|p1a: Corviknight|move: Roost
|
|-weather|Sandstorm|[upkeep]
|-damage|p2a: Pecharunt|86/100|[from] Sandstorm
|upkeep
|turn|14
|
|t:|1758951183
|move|p2a: Pecharunt|Shadow Ball|p1a: Corviknight
|-damage|p1a: Corviknight|67/100 par
|-unboost|p1a: Corviknight|spd|1
|cant|p1a: Corviknight|par
|
|-weather|none
|upkeep
|turn|15
|
|t:|1758951193
|switch|p1a: Tyranitar|Tyranitar, F|84/100
|-weather|Sandstorm|[from] ability: Sand Stream|[of] p1a: Tyranitar
|move|p2a: Pecharunt|Parting Shot|p1a: Tyranitar
|-unboost|p1a: Tyranitar|atk|1
|-unboost|p1a: Tyranitar|spa|1
|
|t:|1758951201
|switch|p2a: Hydrapple|Hydrapple, F|100/100|[from] Parting Shot
|
|-weather|Sandstorm|[upkeep]
|-damage|p2a: Hydrapple|94/100|[from] Sandstorm
|upkeep
|turn|16
|
|t:|1758951207
|move|p1a: Tyranitar|Knock Off|p2a: Hydrapple
|-damage|p2a: Hydrapple|67/100
|-enditem|p2a: Hydrapple|Choice Specs|[from] move: Knock Off|[of] p1a: Tyranitar
|move|p2a: Hydrapple|Leaf Storm|p1a: Tyranitar
|-supereffective|p1a: Tyranitar
|-damage|p1a: Tyranitar|2/100
|-unboost|p2a: Hydrapple|spa|2
|
|-weather|Sandstorm|[upkeep]
|-damage|p2a: Hydrapple|61/100|[from] Sandstorm
|upkeep
|turn|17
|inactive|DMVortex38 has 120 seconds left.
|
|t:|1758951222
|switch|p2a: Tinkaton|Tinkaton, F|22/100
|move|p1a: Tyranitar|Ice Beam|p2a: Tinkaton
|-resisted|p2a: Tinkaton
|-damage|p2a: Tinkaton|19/100
|
|-weather|Sandstorm|[upkeep]
|upkeep
|turn|18
|
|t:|1758951231
|switch|p1a: Hatterene|Hatterene, F|100/100
|move|p2a: Tinkaton|Gigaton Hammer|p1a: Hatterene
|-supereffective|p1a: Hatterene
|-damage|p1a: Hatterene|36/100
|
|-weather|Sandstorm|[upkeep]
|-damage|p1a: Hatterene|30/100|[from] Sandstorm
|-heal|p1a: Hatterene|36/100|[from] item: Leftovers
|upkeep
|turn|19
|inactive|zg4h11 has 120 seconds left.
|
|t:|1758951265
|-activate|p2a: Tinkaton|move: Struggle
|move|p2a: Tinkaton|Struggle|p1a: Hatterene
|-damage|p1a: Hatterene|29/100
|-damage|p2a: Tinkaton|0 fnt|[from] recoil
|faint|p2a: Tinkaton
|move|p1a: Hatterene|Nuzzle|p2: Tinkaton|[notarget]
|-fail|p1a: Hatterene
|
|-weather|none
|-heal|p1a: Hatterene|35/100|[from] item: Leftovers
|upkeep
|
|t:|1758951280
|switch|p2a: Pecharunt|Pecharunt|86/100
|turn|20
|
|t:|1758951292
|switch|p1a: Tyranitar|Tyranitar, F|2/100
|-weather|Sandstorm|[from] ability: Sand Stream|[of] p1a: Tyranitar
|move|p2a: Pecharunt|Shadow Ball|p1a: Tyranitar
|-resisted|p1a: Tyranitar
|-damage|p1a: Tyranitar|0 fnt
|faint|p1a: Tyranitar
|
|-weather|Sandstorm|[upkeep]
|-damage|p2a: Pecharunt|80/100|[from] Sandstorm
|upkeep
|inactive|zg4h11 has 120 seconds left.
|
|t:|1758951302
|switch|p1a: Thundurus|Thundurus-Therian, M|59/100
|turn|21
|
|t:|1758951309
|switch|p2a: Hydrapple|Hydrapple, F|94/100
|move|p1a: Thundurus|Volt Switch|p2a: Hydrapple
|-resisted|p2a: Hydrapple
|-damage|p2a: Hydrapple|79/100
|inactive|zg4h11 has 120 seconds left.
|
|t:|1758951327
|switch|p1a: Ogerpon|Ogerpon-Wellspring, F|100/100|[from] Volt Switch
|
|-weather|Sandstorm|[upkeep]
|-damage|p1a: Ogerpon|95/100|[from] Sandstorm
|-damage|p2a: Hydrapple|73/100|[from] Sandstorm
|upkeep
|turn|22
|inactive|zg4h11 has 120 seconds left.
|
|t:|1758951342
|move|p1a: Ogerpon|Play Rough|p2a: Hydrapple
|-supereffective|p2a: Hydrapple
|-crit|p2a: Hydrapple
|-damage|p2a: Hydrapple|0 fnt
|faint|p2a: Hydrapple
|
|-weather|Sandstorm|[upkeep]
|-damage|p1a: Ogerpon|89/100|[from] Sandstorm
|upkeep
|
|t:|1758951362
|switch|p2a: Pecharunt|Pecharunt|80/100
|turn|23
|
|t:|1758951371
|switch|p1a: Hatterene|Hatterene, F|35/100
|move|p2a: Pecharunt|Shadow Ball|p1a: Hatterene
|-supereffective|p1a: Hatterene
|-damage|p1a: Hatterene|0 fnt
|faint|p1a: Hatterene
|
|-weather|Sandstorm|[upkeep]
|-damage|p2a: Pecharunt|74/100|[from] Sandstorm
|upkeep
|
|t:|1758951380
|switch|p1a: Thundurus|Thundurus-Therian, M|59/100
|turn|24
|
|t:|1758951388
|move|p1a: Thundurus|Volt Switch|p2a: Pecharunt
|-damage|p2a: Pecharunt|7/100
|
|t:|1758951392
|switch|p1a: Corviknight|Corviknight, F|67/100 par|[from] Volt Switch
|-ability|p1a: Corviknight|Pressure
|move|p2a: Pecharunt|Malignant Chain|p1a: Corviknight
|-immune|p1a: Corviknight
|
|-weather|none
|upkeep
|turn|25
|
|t:|1758951417
|move|p2a: Pecharunt|Recover|p2a: Pecharunt
|-heal|p2a: Pecharunt|57/100
|cant|p1a: Corviknight|par
|
|upkeep
|turn|26
|
|t:|1758951429
|move|p2a: Pecharunt|Malignant Chain|p1a: Corviknight
|-immune|p1a: Corviknight
|move|p1a: Corviknight|U-turn|p2a: Pecharunt
|-resisted|p2a: Pecharunt
|-damage|p2a: Pecharunt|55/100
|
|t:|1758951434
|switch|p1a: Thundurus|Thundurus-Therian, M|59/100|[from] U-turn
|
|upkeep
|turn|27
|
|t:|1758951443
|move|p1a: Thundurus|Volt Switch|p2a: Pecharunt
|-damage|p2a: Pecharunt|0 fnt
|faint|p2a: Pecharunt
|
|t:|1758951452
|switch|p1a: Ogerpon|Ogerpon-Wellspring, F|89/100|[from] Volt Switch
|
|upkeep
|
|t:|1758951460
|switch|p2a: Weavile|Weavile, F|100/100
|-ability|p2a: Weavile|Pressure
|turn|28
|
|t:|1758951482
|-terastallize|p2a: Weavile|Ice
|-terastallize|p1a: Ogerpon|Water
|detailschange|p1a: Ogerpon|Ogerpon-Wellspring-Tera, F, tera:Water
|-ability|p1a: Ogerpon|Embody Aspect (Wellspring)|boost
|-boost|p1a: Ogerpon|spd|1
|move|p2a: Weavile|Swords Dance|p2a: Weavile
|-boost|p2a: Weavile|atk|2
|move|p1a: Ogerpon|Trailblaze|p2a: Weavile
|-damage|p2a: Weavile|54/100
|-boost|p1a: Ogerpon|spe|1
|
|upkeep
|turn|29
|
|t:|1758951496
|move|p1a: Ogerpon|Ivy Cudgel|p2a: Weavile|[anim] Ivy Cudgel Water
|-damage|p2a: Weavile|0 fnt
|faint|p2a: Weavile
|
|upkeep
|
|t:|1758951498
|switch|p2a: Primarina|Primarina, M|100/100
|turn|30
|
|t:|1758951503
|move|p1a: Ogerpon|Trailblaze|p2a: Primarina
|-supereffective|p2a: Primarina
|-damage|p2a: Primarina|23/100
|-boost|p1a: Ogerpon|spe|1
|move|p2a: Primarina|Moonblast|p1a: Ogerpon
|-damage|p1a: Ogerpon|50/100
|
|upkeep
|turn|31
|
|t:|1758951511
|move|p1a: Ogerpon|Ivy Cudgel|p2a: Primarina|[anim] Ivy Cudgel Water
|-resisted|p2a: Primarina
|-damage|p2a: Primarina|0 fnt
|faint|p2a: Primarina
|
|win|zg4h11
|raw|zg4h11's rating: 1465 &rarr; <strong>1485</strong><br />(+20 for winning)
|raw|DMVortex38's rating: 1458 &rarr; <strong>1438</strong><br />(-20 for losing)
|l|☆DMVortex38
|player|p2|
