|j|☆zacian good
|j|☆master ball rus
|t:|1758947065
|gametype|singles
|player|p1|zacian good|brycen|1549
|player|p2|master ball rus|swimmer-gen4|1585
|gen|9
|tier|[Gen 9] OU
|rated|
|rule|HP Percentage Mod: HP is shown in percentages
|rule|Endless Battle Clause: Forcing endless battles is banned
|rule|Species Clause: Limit one of each Pokémon
|rule|OHKO Clause: OHKO moves are banned
|rule|Evasion Items Clause: Evasion items are banned
|rule|Evasion Moves Clause: Evasion moves are banned
|rule|Evasion Abilities Clause: Evasion abilities are banned
|rule|Sleep Moves Clause: Sleep-inducing moves are banned
|clearpoke
|poke|p1|Zamazenta-*|
|poke|p1|Raging Bolt|
|poke|p1|Gholdengo|
|poke|p1|Rillaboom, M|
|poke|p1|Primarina, M|
|poke|p1|Ogerpon-Cornerstone, F|
|poke|p2|Gholdengo|
|poke|p2|Zamazenta-*|
|poke|p2|Ting-Lu|
|poke|p2|Clefable, F|
|poke|p2|Dragonite, M|
|poke|p2|Deoxys-Speed|
|teampreview
|
|t:|1758947079
|teamsize|p1|6
|teamsize|p2|6
|start
|switch|p1a: Primarina|Primarina, M|100/100
|switch|p2a: Ting-Lu|Ting-Lu|100/100
|-ability|p2a: Ting-Lu|Vessel of Ruin
|turn|1
|
|t:|1758947088
|move|p1a: Primarina|Moonblast|p2a: Ting-Lu
|-supereffective|p2a: Ting-Lu
|-damage|p2a: Ting-Lu|34/100
|move|p2a: Ting-Lu|Ruination|p1a: Primarina
|-damage|p1a: Primarina|50/100
|
|-heal|p2a: Ting-Lu|40/100|[from] item: Leftovers
|upkeep
|turn|2
|
|t:|1758947104
|switch|p2a: Gholdengo|Gholdengo|100/100
|-item|p2a: Gholdengo|Air Balloon
|move|p1a: Primarina|Moonblast|p2a: Gholdengo
|-resisted|p2a: Gholdengo
|-damage|p2a: Gholdengo|65/100
|-unboost|p2a: Gholdengo|spa|1
|-enditem|p2a: Gholdengo|Air Balloon
|
|upkeep
|turn|3
|
|t:|1758947118
|switch|p1a: Raging Bolt|Raging Bolt|100/100
|move|p2a: Gholdengo|Shadow Ball|p1a: Raging Bolt
|-damage|p1a: Raging Bolt|79/100
|
|upkeep
|turn|4
|
|t:|1758947127
|switch|p2a: Ting-Lu|Ting-Lu|40/100
|-ability|p2a: Ting-Lu|Vessel of Ruin
|-end|p1a: Raging Bolt|Protosynthesis|[silent]
|switch|p1a: Primarina|Primarina, M|50/100
|
|-heal|p2a: Ting-Lu|46/100|[from] item: Leftovers
|upkeep
|turn|5
|
|t:|1758947148
|move|p1a: Primarina|Surf|p2a: Ting-Lu
|-supereffective|p2a: Ting-Lu
|-damage|p2a: Ting-Lu|0 fnt
|faint|p2a: Ting-Lu
|
|upkeep
|
|t:|1758947150
|switch|p2a: Gholdengo|Gholdengo|65/100
|turn|6
|
|t:|1758947155
|switch|p1a: Zamazenta|Zamazenta|100/100
|-ability|p1a: Zamazenta|Dauntless Shield|boost
|-boost|p1a: Zamazenta|def|1
|move|p2a: Gholdengo|Make It Rain|p1a: Zamazenta
|-damage|p1a: Zamazenta|74/100
|-unboost|p2a: Gholdengo|spa|1
|
|upkeep
|turn|7
|c|☆master ball rus|yo what is goin on
|
|t:|1758947190
|switch|p2a: Clefable|Clefable, F|100/100
|move|p1a: Zamazenta|Crunch|p2a: Clefable
|-resisted|p2a: Clefable
|-damage|p2a: Clefable|89/100
|-damage|p1a: Zamazenta|57/100|[from] item: Rocky Helmet|[of] p2a: Clefable
|
|upkeep
|turn|8
|
|t:|1758947201
|move|p1a: Zamazenta|Heavy Slam|p2a: Clefable
|-supereffective|p2a: Clefable
|-damage|p2a: Clefable|21/100
|-damage|p1a: Zamazenta|41/100|[from] item: Rocky Helmet|[of] p2a: Clefable
|move|p2a: Clefable|Knock Off|p1a: Zamazenta
|-resisted|p1a: Zamazenta
|-damage|p1a: Zamazenta|37/100
|-enditem|p1a: Zamazenta|Assault Vest|[from] move: Knock Off|[of] p2a: Clefable
|
|upkeep
|turn|9
|
|t:|1758947215
|switch|p2a: Zamazenta|Zamazenta|100/100
|-ability|p2a: Zamazenta|Dauntless Shield|boost
|-boost|p2a: Zamazenta|def|1
|move|p1a: Zamazenta|Close Combat|p2a: Zamazenta
|-damage|p2a: Zamazenta|62/100
|-unboost|p1a: Zamazenta|def|1
|-unboost|p1a: Zamazenta|spd|1
|
|upkeep
|turn|10
|
|t:|1758947226
|switch|p1a: Gholdengo|Gholdengo|100/100
|move|p2a: Zamazenta|Crunch|p1a: Gholdengo
|-supereffective|p1a: Gholdengo
|-damage|p1a: Gholdengo|49/100
|-unboost|p1a: Gholdengo|def|1
|
|upkeep
|turn|11
|
|t:|1758947229
|switch|p1a: Rillaboom|Rillaboom, M|100/100
|-fieldstart|move: Grassy Terrain|[from] ability: Grassy Surge|[of] p1a: Rillaboom
|move|p2a: Zamazenta|Crunch|p1a: Rillaboom
|-damage|p1a: Rillaboom|84/100
|
|-heal|p2a: Zamazenta|68/100|[from] Grassy Terrain
|-heal|p1a: Rillaboom|90/100|[from] Grassy Terrain
|-heal|p1a: Rillaboom|97/100|[from] item: Leftovers
|upkeep
|turn|12
|
|t:|1758947232
|move|p2a: Zamazenta|Ice Fang|p1a: Rillaboom
|-supereffective|p1a: Rillaboom
|-damage|p1a: Rillaboom|67/100
|move|p1a: Rillaboom|Leech Seed|p2a: Zamazenta
|-start|p2a: Zamazenta|move: Leech Seed
|
|-heal|p2a: Zamazenta|74/100|[from] Grassy Terrain
|-heal|p1a: Rillaboom|73/100|[from] Grassy Terrain
|-heal|p1a: Rillaboom|79/100|[from] item: Leftovers
|-damage|p2a: Zamazenta|62/100|[from] Leech Seed|[of] p1a: Rillaboom
|-heal|p1a: Rillaboom|90/100|[silent]
|upkeep
|turn|13
|
|t:|1758947238
|move|p2a: Zamazenta|Ice Fang|p1a: Rillaboom
|-supereffective|p1a: Rillaboom
|-damage|p1a: Rillaboom|62/100
|cant|p1a: Rillaboom|flinch
|
|-heal|p2a: Zamazenta|68/100|[from] Grassy Terrain
|-heal|p1a: Rillaboom|68/100|[from] Grassy Terrain
|-heal|p1a: Rillaboom|74/100|[from] item: Leftovers
|-damage|p2a: Zamazenta|55/100|[from] Leech Seed|[of] p1a: Rillaboom
|-heal|p1a: Rillaboom|85/100|[silent]
|upkeep
|turn|14
|
|t:|1758947244
|switch|p2a: Clefable|Clefable, F|21/100
|move|p1a: Rillaboom|Knock Off|p2a: Clefable
|-resisted|p2a: Clefable
|-crit|p2a: Clefable
|-damage|p2a: Clefable|4/100
|-damage|p1a: Rillaboom|68/100|[from] item: Rocky Helmet|[of] p2a: Clefable
|-enditem|p2a: Clefable|Rocky Helmet|[from] move: Knock Off|[of] p1a: Rillaboom
|
|-heal|p1a: Rillaboom|74/100|[from] Grassy Terrain
|-heal|p1a: Rillaboom|80/100|[from] item: Leftovers
|-heal|p2a: Clefable|10/100|[from] Grassy Terrain
|upkeep
|turn|15
|
|t:|1758947250
|move|p1a: Rillaboom|Grassy Glide|p2a: Clefable
|-damage|p2a: Clefable|0 fnt
|faint|p2a: Clefable
|
|-heal|p1a: Rillaboom|87/100|[from] Grassy Terrain
|-heal|p1a: Rillaboom|93/100|[from] item: Leftovers
|-fieldend|move: Grassy Terrain
|upkeep
|
|t:|1758947265
|switch|p2a: Deoxys|Deoxys-Speed|100/100
|-ability|p2a: Deoxys|Pressure
|turn|16
|
|t:|1758947284
|switch|p1a: Primarina|Primarina, M|50/100
|move|p2a: Deoxys|Ice Beam|p1a: Primarina
|-resisted|p1a: Primarina
|-damage|p1a: Primarina|39/100
|
|upkeep
|turn|17
|
|t:|1758947287
|-terastallize|p2a: Deoxys|Electric
|move|p2a: Deoxys|Thunderbolt|p1a: Primarina
|-supereffective|p1a: Primarina
|-damage|p1a: Primarina|0 fnt
|faint|p1a: Primarina
|
|upkeep
|
|t:|1758947307
|switch|p1a: Rillaboom|Rillaboom, M|93/100
|-fieldstart|move: Grassy Terrain|[from] ability: Grassy Surge|[of] p1a: Rillaboom
|turn|18
|
|t:|1758947311
|switch|p2a: Dragonite|Dragonite, M|100/100
|move|p1a: Rillaboom|Grassy Glide|p2a: Dragonite
|-resisted|p2a: Dragonite
|-damage|p2a: Dragonite|97/100
|
|-heal|p1a: Rillaboom|99/100|[from] Grassy Terrain
|-heal|p1a: Rillaboom|100/100|[from] item: Leftovers
|upkeep
|turn|19
|
|t:|1758947317
|move|p1a: Rillaboom|Leech Seed|p2a: Dragonite
|-start|p2a: Dragonite|move: Leech Seed
|move|p2a: Dragonite|Dragon Tail|p1a: Rillaboom
|-damage|p1a: Rillaboom|75/100
|drag|p1a: Raging Bolt|Raging Bolt|79/100
|-enditem|p1a: Raging Bolt|Grassy Seed
|-boost|p1a: Raging Bolt|def|1|[from] item: Grassy Seed
|
|-heal|p1a: Raging Bolt|86/100|[from] Grassy Terrain
|-damage|p2a: Dragonite|85/100|[from] Leech Seed|[of] p1a: Raging Bolt
|-heal|p1a: Raging Bolt|96/100|[silent]
|upkeep
|turn|20
|
|t:|1758947320
|move|p2a: Dragonite|Earthquake|p1a: Raging Bolt
|-supereffective|p1a: Raging Bolt
|-damage|p1a: Raging Bolt|74/100
|move|p1a: Raging Bolt|Dragon Pulse|p2a: Dragonite
|-supereffective|p2a: Dragonite
|-damage|p2a: Dragonite|0 fnt
|faint|p2a: Dragonite
|
|-heal|p1a: Raging Bolt|80/100|[from] Grassy Terrain
|upkeep
|
|t:|1758947334
|switch|p2a: Gholdengo|Gholdengo|65/100
|turn|21
|
|t:|1758947338
|move|p2a: Gholdengo|Shadow Ball|p1a: Raging Bolt
|-damage|p1a: Raging Bolt|52/100
|move|p1a: Raging Bolt|Thunderbolt|p2a: Gholdengo
|-damage|p2a: Gholdengo|13/100
|
|-heal|p2a: Gholdengo|20/100|[from] Grassy Terrain
|-heal|p1a: Raging Bolt|58/100|[from] Grassy Terrain
|upkeep
|turn|22
|
|t:|1758947345
|move|p2a: Gholdengo|Recover|p2a: Gholdengo
|-heal|p2a: Gholdengo|70/100
|move|p1a: Raging Bolt|Thunderbolt|p2a: Gholdengo
|-damage|p2a: Gholdengo|25/100
|-status|p2a: Gholdengo|par
|
|-heal|p1a: Raging Bolt|64/100|[from] Grassy Terrain
|-heal|p2a: Gholdengo|31/100 par|[from] Grassy Terrain
|-fieldend|move: Grassy Terrain
|upkeep
|turn|23
|
|t:|1758947349
|move|p1a: Raging Bolt|Thunderbolt|p2a: Gholdengo
|-damage|p2a: Gholdengo|0 fnt
|faint|p2a: Gholdengo
|
|upkeep
|
|t:|1758947351
|switch|p2a: Deoxys|Deoxys-Speed, tera:Electric|100/100
|-ability|p2a: Deoxys|Pressure
|turn|24
|
|t:|1758947354
|move|p2a: Deoxys|Nasty Plot|p2a: Deoxys
|-boost|p2a: Deoxys|spa|2
|move|p1a: Raging Bolt|Dragon Pulse|p2a: Deoxys
|-damage|p2a: Deoxys|23/100
|
|upkeep
|turn|25
|
|t:|1758947357
|move|p1a: Raging Bolt|Thunderclap|p2a: Deoxys
|-resisted|p2a: Deoxys
|-damage|p2a: Deoxys|0 fnt
|faint|p2a: Deoxys
|
|upkeep
|
|t:|1758947360
|switch|p2a: Zamazenta|Zamazenta|55/100
|turn|26
|-message|master ball rus forfeited.
|
|win|zacian good
|raw|zacian good's rating: 1549 &rarr; <strong>1571</strong><br />(+22 for winning)
|raw|master ball rus's rating: 1585 &rarr; <strong>1563</strong><br />(-22 for losing)
|l|☆master ball rus
|player|p2|
|l|☆zacian good
|player|p1|
