|j|☆biryanilover
|j|☆CrushforceX
|t:|1758956110
|gametype|singles
|player|p1|biryanilover|170|1371
|player|p2|CrushforceX|psychic|1368
|gen|9
|tier|[Gen 9] OU
|rated|
|rule|HP Percentage Mod: HP is shown in percentages
|rule|Endless Battle Clause: Forcing endless battles is banned
|rule|Species Clause: Limit one of each Pokémon
|rule|OHKO Clause: OHKO moves are banned
|rule|Evasion Items Clause: Evasion items are banned
|rule|Evasion Moves Clause: Evasion moves are banned
|rule|Evasion Abilities Clause: Evasion abilities are banned
|rule|Sleep Moves Clause: Sleep-inducing moves are banned
|clearpoke
|poke|p1|Hatterene, F|
|poke|p1|Great Tusk|
|poke|p1|Iron Hands|
|poke|p1|Moltres|
|poke|p1|Slowking-Galar, F|
|poke|p1|Hydrapple, M|
|poke|p2|Pecharunt|
|poke|p2|Ogerpon-Wellspring, F|
|poke|p2|Corviknight, M|
|poke|p2|Tinkaton, F|
|poke|p2|Slowking-Galar, F|
|poke|p2|Ting-Lu|
|teampreview
|inactive|Battle timer is ON: inactive players will automatically lose when time's up. (requested by biryanilover)
|inactive|CrushforceX has 120 seconds left.
|
|t:|1758956154
|teamsize|p1|6
|teamsize|p2|6
|start
|switch|p1a: Iron Hands|Iron Hands|100/100
|switch|p2a: Slowking|Slowking-Galar, F|100/100
|turn|1
|
|t:|1758956163
|move|p1a: Iron Hands|Earthquake|p2a: Slowking
|-supereffective|p2a: Slowking
|-damage|p2a: Slowking|23/100
|move|p2a: Slowking|Toxic|p1a: Iron Hands
|-status|p1a: Iron Hands|tox
|
|-damage|p1a: Iron Hands|94/100 tox|[from] psn
|upkeep
|turn|2
|
|t:|1758956170
|switch|p2a: Corviknight|Corviknight, M|100/100
|-ability|p2a: Corviknight|Pressure
|move|p1a: Iron Hands|Supercell Slam|p2a: Corviknight
|-supereffective|p2a: Corviknight
|-damage|p2a: Corviknight|29/100
|-damage|p1a: Iron Hands|78/100 tox|[from] item: Rocky Helmet|[of] p2a: Corviknight
|
|-damage|p1a: Iron Hands|65/100 tox|[from] psn
|upkeep
|turn|3
|
|t:|1758956181
|switch|p2a: Pecharunt|Pecharunt|100/100
|move|p1a: Iron Hands|Drain Punch|p2a: Pecharunt
|-immune|p2a: Pecharunt
|
|-damage|p1a: Iron Hands|47/100 tox|[from] psn
|upkeep
|turn|4
|
|t:|1758956187
|-end|p1a: Iron Hands|Quark Drive|[silent]
|switch|p1a: Slowking|Slowking-Galar, F|100/100
|move|p2a: Pecharunt|Parting Shot|p1a: Slowking
|-unboost|p1a: Slowking|atk|1
|-unboost|p1a: Slowking|spa|1
|
|t:|1758956200
|switch|p2a: Corviknight|Corviknight, M|29/100|[from] Parting Shot
|-ability|p2a: Corviknight|Pressure
|
|upkeep
|turn|5
|
|t:|1758956204
|move|p2a: Corviknight|Roost|p2a: Corviknight
|-heal|p2a: Corviknight|79/100
|-singleturn|p2a: Corviknight|move: Roost
|move|p1a: Slowking|Thunder Wave|p2a: Corviknight
|-status|p2a: Corviknight|par
|
|upkeep
|turn|6
|
|t:|1758956216
|switch|p2a: Ting-Lu|Ting-Lu|100/100
|-ability|p2a: Ting-Lu|Vessel of Ruin
|move|p1a: Slowking|Future Sight|p2a: Ting-Lu
|-start|p1a: Slowking|move: Future Sight
|
|upkeep
|turn|7
|
|t:|1758956221
|-prepare|p1a: Slowking|Chilly Reception|[premajor]
|move|p1a: Slowking|Chilly Reception|p1a: Slowking
|-weather|Snowscape
|
|t:|1758956224
|switch|p1a: Iron Hands|Iron Hands|47/100 tox|[from] Chilly Reception
|move|p2a: Ting-Lu|Whirlwind|p1a: Iron Hands
|-end|p1a: Iron Hands|Quark Drive|[silent]
|drag|p1a: Moltres|Moltres|100/100
|
|-weather|Snowscape|[upkeep]
|upkeep
|turn|8
|
|t:|1758956232
|move|p1a: Moltres|U-turn|p2a: Ting-Lu
|-supereffective|p2a: Ting-Lu
|-damage|p2a: Ting-Lu|83/100
|
|t:|1758956235
|switch|p1a: Hydrapple|Hydrapple, M|100/100|[from] U-turn
|move|p2a: Ting-Lu|Spikes|p1a: Hydrapple
|-sidestart|p1: biryanilover|Spikes
|
|-weather|Snowscape|[upkeep]
|-end|p2a: Ting-Lu|move: Future Sight
|-immune|p2a: Ting-Lu
|-heal|p2a: Ting-Lu|90/100|[from] item: Leftovers
|upkeep
|turn|9
|
|t:|1758956258
|switch|p2a: Corviknight|Corviknight, M|79/100 par
|-ability|p2a: Corviknight|Pressure
|move|p1a: Hydrapple|Giga Drain|p2a: Corviknight
|-resisted|p2a: Corviknight
|-damage|p2a: Corviknight|72/100 par
|
|-weather|Snowscape|[upkeep]
|upkeep
|turn|10
|inactive|CrushforceX has 120 seconds left.
|
|t:|1758956280
|switch|p2a: Tinkaton|Tinkaton, F|100/100
|-ability|p2a: Tinkaton|Mold Breaker
|-item|p2a: Tinkaton|Air Balloon
|move|p1a: Hydrapple|Nasty Plot|p1a: Hydrapple
|-boost|p1a: Hydrapple|spa|2
|
|-weather|Snowscape|[upkeep]
|upkeep
|turn|11
|
|t:|1758956293
|move|p2a: Tinkaton|Encore|p1a: Hydrapple
|-start|p1a: Hydrapple|Encore
|move|p1a: Hydrapple|Nasty Plot|p1a: Hydrapple
|-boost|p1a: Hydrapple|spa|2
|
|-weather|none
|upkeep
|turn|12
|
|t:|1758956297
|switch|p1a: Moltres|Moltres|100/100
|move|p2a: Tinkaton|Stealth Rock|p1a: Moltres
|-sidestart|p1: biryanilover|move: Stealth Rock
|
|upkeep
|turn|13
|
|t:|1758956307
|switch|p2a: Slowking|Slowking-Galar, F|56/100
|move|p1a: Moltres|U-turn|p2a: Slowking
|-damage|p2a: Slowking|40/100
|
|t:|1758956313
|switch|p1a: Great Tusk|Great Tusk|100/100|[from] U-turn
|-damage|p1a: Great Tusk|88/100|[from] Spikes
|-damage|p1a: Great Tusk|85/100|[from] Stealth Rock
|
|upkeep
|turn|14
|
|t:|1758956317
|switch|p2a: Corviknight|Corviknight, M|72/100 par
|-ability|p2a: Corviknight|Pressure
|move|p1a: Great Tusk|Knock Off|p2a: Corviknight
|-damage|p2a: Corviknight|55/100 par
|-damage|p1a: Great Tusk|68/100|[from] item: Rocky Helmet|[of] p2a: Corviknight
|-enditem|p2a: Corviknight|Rocky Helmet|[from] move: Knock Off|[of] p1a: Great Tusk
|
|upkeep
|turn|15
|
|t:|1758956323
|move|p1a: Great Tusk|Rapid Spin|p2a: Corviknight
|-resisted|p2a: Corviknight
|-crit|p2a: Corviknight
|-damage|p2a: Corviknight|48/100 par
|-boost|p1a: Great Tusk|spe|1
|-sideend|p1: biryanilover|Spikes|[from] move: Rapid Spin|[of] p1a: Great Tusk
|-sideend|p1: biryanilover|Stealth Rock|[from] move: Rapid Spin|[of] p1a: Great Tusk
|cant|p2a: Corviknight|par
|
|upkeep
|turn|16
|
|t:|1758956343
|-end|p1a: Great Tusk|Protosynthesis|[silent]
|switch|p1a: Hatterene|Hatterene, F|100/100
|move|p2a: Corviknight|Roost|p2a: Corviknight
|-heal|p2a: Corviknight|98/100 par
|-singleturn|p2a: Corviknight|move: Roost
|
|upkeep
|turn|17
|
|t:|1758956363
|switch|p2a: Pecharunt|Pecharunt|100/100
|move|p1a: Hatterene|Calm Mind|p1a: Hatterene
|-boost|p1a: Hatterene|spa|1
|-boost|p1a: Hatterene|spd|1
|
|upkeep
|turn|18
|
|t:|1758956369
|move|p2a: Pecharunt|Parting Shot|p1a: Hatterene
|move|p1a: Hatterene|Parting Shot|p2a: Pecharunt|[from] ability: Magic Bounce
|-unboost|p2a: Pecharunt|atk|1
|-unboost|p2a: Pecharunt|spa|1
|
|t:|1758956373
|switch|p1a: Great Tusk|Great Tusk|68/100|[from] Parting Shot
|
|upkeep
|turn|19
|
|t:|1758956383
|move|p1a: Great Tusk|Headlong Rush|p2a: Pecharunt
|-supereffective|p2a: Pecharunt
|-damage|p2a: Pecharunt|49/100
|-unboost|p1a: Great Tusk|def|1
|-unboost|p1a: Great Tusk|spd|1
|move|p2a: Pecharunt|Malignant Chain|p1a: Great Tusk
|-resisted|p1a: Great Tusk
|-damage|p1a: Great Tusk|47/100
|-status|p1a: Great Tusk|tox
|-start|p1a: Great Tusk|confusion|[from] ability: Poison Puppeteer|[of] p2a: Pecharunt
|
|-damage|p1a: Great Tusk|41/100 tox|[from] psn
|upkeep
|turn|20
|
|t:|1758956399
|switch|p2a: Ogerpon|Ogerpon-Wellspring, F|100/100
|-activate|p1a: Great Tusk|confusion
|move|p1a: Great Tusk|Knock Off|p2a: Ogerpon
|-damage|p2a: Ogerpon|73/100
|
|-damage|p1a: Great Tusk|28/100 tox|[from] psn
|upkeep
|turn|21
|inactive|biryanilover has 120 seconds left.
|
|t:|1758956430
|-end|p1a: Great Tusk|Protosynthesis|[silent]
|switch|p1a: Hydrapple|Hydrapple, M|100/100
|move|p2a: Ogerpon|Play Rough|p1a: Hydrapple
|-supereffective|p1a: Hydrapple
|-crit|p1a: Hydrapple
|-damage|p1a: Hydrapple|38/100
|
|upkeep
|turn|22
|
|t:|1758956442
|move|p2a: Ogerpon|Play Rough|p1a: Hydrapple|[miss]
|-miss|p2a: Ogerpon|p1a: Hydrapple
|move|p1a: Hydrapple|Giga Drain|p2a: Ogerpon
|-damage|p2a: Ogerpon|36/100
|-heal|p1a: Hydrapple|52/100|[from] drain|[of] p2a: Ogerpon
|
|upkeep
|turn|23
|
|t:|1758956451
|move|p2a: Ogerpon|Synthesis|p2a: Ogerpon
|-heal|p2a: Ogerpon|86/100
|move|p1a: Hydrapple|Giga Drain|p2a: Ogerpon
|-damage|p2a: Ogerpon|50/100
|-heal|p1a: Hydrapple|65/100|[from] drain|[of] p2a: Ogerpon
|
|upkeep
|turn|24
|
|t:|1758956455
|move|p2a: Ogerpon|Synthesis|p2a: Ogerpon
|-heal|p2a: Ogerpon|99/100
|move|p1a: Hydrapple|Giga Drain|p2a: Ogerpon
|-damage|p2a: Ogerpon|67/100
|-heal|p1a: Hydrapple|77/100|[from] drain|[of] p2a: Ogerpon
|
|upkeep
|turn|25
|
|t:|1758956472
|move|p2a: Ogerpon|Swords Dance|p2a: Ogerpon
|-boost|p2a: Ogerpon|atk|2
|move|p1a: Hydrapple|Giga Drain|p2a: Ogerpon
|-damage|p2a: Ogerpon|32/100
|-heal|p1a: Hydrapple|90/100|[from] drain|[of] p2a: Ogerpon
|
|upkeep
|turn|26
|
|t:|1758956484
|move|p2a: Ogerpon|Synthesis|p2a: Ogerpon
|-heal|p2a: Ogerpon|82/100
|move|p1a: Hydrapple|Nasty Plot|p1a: Hydrapple
|-boost|p1a: Hydrapple|spa|2
|
|upkeep
|turn|27
|
|t:|1758956488
|move|p2a: Ogerpon|Play Rough|p1a: Hydrapple
|-supereffective|p1a: Hydrapple
|-damage|p1a: Hydrapple|17/100
|move|p1a: Hydrapple|Giga Drain|p2a: Ogerpon
|-damage|p2a: Ogerpon|6/100
|-heal|p1a: Hydrapple|44/100|[from] drain|[of] p2a: Ogerpon
|
|upkeep
|turn|28
|
|t:|1758956496
|switch|p1a: Moltres|Moltres|100/100
|move|p2a: Ogerpon|Play Rough|p1a: Moltres
|-resisted|p1a: Moltres
|-damage|p1a: Moltres|76/100
|
|upkeep
|turn|29
|
|t:|1758956504
|move|p2a: Ogerpon|Ivy Cudgel|p1a: Moltres|[anim] Ivy Cudgel Water
|-supereffective|p1a: Moltres
|-damage|p1a: Moltres|0 fnt
|faint|p1a: Moltres
|
|upkeep
|
|t:|1758956507
|switch|p1a: Hydrapple|Hydrapple, M|78/100
|turn|30
|
|t:|1758956515
|move|p2a: Ogerpon|Synthesis|p2a: Ogerpon
|-heal|p2a: Ogerpon|56/100
|move|p1a: Hydrapple|Giga Drain|p2a: Ogerpon
|-damage|p2a: Ogerpon|21/100
|-heal|p1a: Hydrapple|90/100|[from] drain|[of] p2a: Ogerpon
|
|upkeep
|turn|31
|
|t:|1758956520
|move|p2a: Ogerpon|Synthesis|p2a: Ogerpon
|-heal|p2a: Ogerpon|71/100
|move|p1a: Hydrapple|Fickle Beam|p2a: Ogerpon
|-damage|p2a: Ogerpon|33/100
|
|upkeep
|turn|32
|
|t:|1758956524
|move|p2a: Ogerpon|Synthesis|p2a: Ogerpon
|-heal|p2a: Ogerpon|83/100
|move|p1a: Hydrapple|Fickle Beam|p2a: Ogerpon
|-damage|p2a: Ogerpon|47/100
|
|upkeep
|turn|33
|
|t:|1758956528
|move|p2a: Ogerpon|Synthesis|p2a: Ogerpon
|-heal|p2a: Ogerpon|97/100
|move|p1a: Hydrapple|Fickle Beam|p2a: Ogerpon
|-damage|p2a: Ogerpon|61/100
|
|upkeep
|turn|34
|
|t:|1758956533
|move|p2a: Ogerpon|Play Rough|p1a: Hydrapple
|-supereffective|p1a: Hydrapple
|-damage|p1a: Hydrapple|10/100
|move|p1a: Hydrapple|Fickle Beam|p2a: Ogerpon
|-crit|p2a: Ogerpon
|-damage|p2a: Ogerpon|4/100
|
|upkeep
|turn|35
|-message|biryanilover forfeited.
|
|win|CrushforceX
|raw|biryanilover's rating: 1371 &rarr; <strong>1351</strong><br />(-20 for losing)
|raw|CrushforceX's rating: 1368 &rarr; <strong>1388</strong><br />(+20 for winning)
|l|☆biryanilover
|player|p1|
|l|☆CrushforceX
|player|p2|
