|j|‽dorinkashixv
|j|☆Octo_Delta
|t:|1759011700
|gametype|singles
|player|p1|dorinkashixv|101|1184
|player|p2|Octo_Delta|miku-fire|1177
|gen|9
|tier|[Gen 9] OU
|rated|
|rule|HP Percentage Mod: HP is shown in percentages
|rule|Endless Battle Clause: Forcing endless battles is banned
|rule|Species Clause: Limit one of each Pokémon
|rule|OHKO Clause: OHKO moves are banned
|rule|Evasion Items Clause: Evasion items are banned
|rule|Evasion Moves Clause: Evasion moves are banned
|rule|Evasion Abilities Clause: Evasion abilities are banned
|rule|Sleep Moves Clause: Sleep-inducing moves are banned
|clearpoke
|poke|p1|Iron Treads|
|poke|p1|Zangoose, F|
|poke|p1|Zamazenta-*|
|poke|p1|Iron Valiant|
|poke|p1|Dragonite, F|
|poke|p1|Zapdos|
|poke|p2|Ogerpon-Wellspring, F|
|poke|p2|Great Tusk|
|poke|p2|Samurott-Hisui, M|
|poke|p2|Gholdengo|
|poke|p2|Slowking-Galar, F|
|poke|p2|Zamazenta-*|
|teampreview
|
|t:|1759011705
|teamsize|p1|6
|teamsize|p2|6
|start
|switch|p1a: Zangoose|Zangoose, F|100/100
|switch|p2a: sinnoh released!!|Slowking-Galar, F, shiny|100/100
|turn|1
|
|t:|1759011724
|move|p1a: Zangoose|Knock Off|p2a: sinnoh released!!
|-supereffective|p2a: sinnoh released!!
|-damage|p2a: sinnoh released!!|44/100
|-enditem|p2a: sinnoh released!!|Heavy-Duty Boots|[from] move: Knock Off|[of] p1a: Zangoose
|-prepare|p2a: sinnoh released!!|Chilly Reception|[premajor]
|move|p2a: sinnoh released!!|Chilly Reception|p2a: sinnoh released!!
|-weather|Snowscape
|
|t:|1759011733
|switch|p2a: shield guy|Zamazenta, shiny|100/100|[from] Chilly Reception
|-ability|p2a: shield guy|Dauntless Shield|boost
|-boost|p2a: shield guy|def|1
|
|-weather|Snowscape|[upkeep]
|upkeep
|turn|2
|
|t:|1759011742
|switch|p1a: Zapdos|Zapdos|100/100
|move|p2a: shield guy|Play Rough|p1a: Zapdos
|-damage|p1a: Zapdos|64/100
|-status|p2a: shield guy|par|[from] ability: Static|[of] p1a: Zapdos
|
|-weather|Snowscape|[upkeep]
|upkeep
|turn|3
|
|t:|1759011752
|switch|p2a: Ice Age (2002)|Great Tusk, shiny|100/100
|move|p1a: Zapdos|Volt Switch|p2a: Ice Age (2002)
|-immune|p2a: Ice Age (2002)
|
|-weather|Snowscape|[upkeep]
|upkeep
|turn|4
|
|t:|1759011765
|switch|p1a: Iron Treads|Iron Treads|100/100
|-item|p1a: Iron Treads|Air Balloon
|move|p2a: Ice Age (2002)|Ice Spinner|p1a: Iron Treads
|-damage|p1a: Iron Treads|77/100
|-enditem|p1a: Iron Treads|Air Balloon
|
|-weather|Snowscape|[upkeep]
|upkeep
|turn|5
|
|t:|1759011785
|move|p1a: Iron Treads|Ice Spinner|p2a: Ice Age (2002)
|-supereffective|p2a: Ice Age (2002)
|-damage|p2a: Ice Age (2002)|63/100
|move|p2a: Ice Age (2002)|Ice Spinner|p1a: Iron Treads
|-damage|p1a: Iron Treads|55/100
|
|-weather|none
|upkeep
|turn|6
|
|t:|1759011796
|move|p1a: Iron Treads|Ice Spinner|p2a: Ice Age (2002)
|-supereffective|p2a: Ice Age (2002)
|-damage|p2a: Ice Age (2002)|29/100
|move|p2a: Ice Age (2002)|Headlong Rush|p1a: Iron Treads
|-supereffective|p1a: Iron Treads
|-damage|p1a: Iron Treads|0 fnt
|-unboost|p2a: Ice Age (2002)|def|1
|-unboost|p2a: Ice Age (2002)|spd|1
|faint|p1a: Iron Treads
|-end|p1a: Iron Treads|Quark Drive|[silent]
|
|upkeep
|
|t:|1759011806
|switch|p1a: Dragonite|Dragonite, F|100/100
|turn|7
|
|t:|1759011811
|-end|p2a: Ice Age (2002)|Protosynthesis|[silent]
|switch|p2a: KRABBY LAND!|Gholdengo|100/100
|-item|p2a: KRABBY LAND!|Air Balloon
|-terastallize|p1a: Dragonite|Fire
|move|p1a: Dragonite|Dragon Dance|p1a: Dragonite
|-boost|p1a: Dragonite|atk|1
|-boost|p1a: Dragonite|spe|1
|
|upkeep
|turn|8
|
|t:|1759011819
|switch|p2a: i got no ideas|Samurott-Hisui, M|100/100
|move|p1a: Dragonite|Dragon Dance|p1a: Dragonite
|-boost|p1a: Dragonite|atk|1
|-boost|p1a: Dragonite|spe|1
|
|upkeep
|turn|9
|
|t:|1759011825
|move|p2a: i got no ideas|Aqua Jet|p1a: Dragonite
|-supereffective|p1a: Dragonite
|-damage|p1a: Dragonite|71/100
|-damage|p2a: i got no ideas|91/100|[from] item: Life Orb
|move|p1a: Dragonite|Scale Shot|p2a: i got no ideas
|-crit|p2a: i got no ideas
|-damage|p2a: i got no ideas|30/100
|-damage|p2a: i got no ideas|0 fnt
|faint|p2a: i got no ideas
|-hitcount|p2: i got no ideas|2
|-unboost|p1a: Dragonite|def|1
|-boost|p1a: Dragonite|spe|1
|
|upkeep
|
|t:|1759011832
|switch|p2a: the dingus|Ogerpon-Wellspring, F|100/100
|turn|10
|
|t:|1759011838
|move|p1a: Dragonite|Scale Shot|p2a: the dingus
|-crit|p2a: the dingus
|-damage|p2a: the dingus|39/100
|-damage|p2a: the dingus|0 fnt
|faint|p2a: the dingus
|-hitcount|p2: the dingus|2
|-unboost|p1a: Dragonite|def|1
|-boost|p1a: Dragonite|spe|1
|
|upkeep
|-message|Octo_Delta forfeited.
|
|win|dorinkashixv
|raw|dorinkashixv's rating: 1184 &rarr; <strong>1208</strong><br />(+24 for winning)
|raw|Octo_Delta's rating: 1177 &rarr; <strong>1153</strong><br />(-24 for losing)
|l|☆Octo_Delta
|player|p2|
|l|‽dorinkashixv
|player|p1|
