|j|☆Juicepar
|j|☆akijuen
|t:|1759041599
|gametype|singles
|player|p1|Juicepar|lucas|1530
|player|p2|akijuen|169|1506
|gen|9
|tier|[Gen 9] OU
|rated|
|rule|HP Percentage Mod: HP is shown in percentages
|rule|Endless Battle Clause: Forcing endless battles is banned
|rule|Species Clause: Limit one of each Pokémon
|rule|OHKO Clause: OHKO moves are banned
|rule|Evasion Items Clause: Evasion items are banned
|rule|Evasion Moves Clause: Evasion moves are banned
|rule|Evasion Abilities Clause: Evasion abilities are banned
|rule|Sleep Moves Clause: Sleep-inducing moves are banned
|clearpoke
|poke|p1|Great Tusk|
|poke|p1|Kingambit, F|
|poke|p1|Deoxys-Speed|
|poke|p1|Iron Moth|
|poke|p1|Dragonite, M|
|poke|p1|Primarina, M|
|poke|p2|Pelipper, F|
|poke|p2|Hatterene, F|
|poke|p2|Iron Treads|
|poke|p2|Toxicroak, F|
|poke|p2|Barraskewda, F|
|poke|p2|Zapdos|
|teampreview
|inactive|Battle timer is ON: inactive players will automatically lose when time's up. (requested by akijuen)
|l|☆akijuen
|inactive|akijuen disconnected and has a minute to reconnect!
|player|p2|
|j|☆akijuen
|inactive|akijuen reconnected and has 135 seconds left.
|player|p2|akijuen|169|
|
|t:|1759041625
|teamsize|p1|6
|teamsize|p2|6
|start
|switch|p1a: Iron Moth|Iron Moth|100/100
|switch|p2a: Zapdos|Zapdos|100/100
|-enditem|p1a: Iron Moth|Booster Energy
|-activate|p1a: Iron Moth|ability: Quark Drive|[fromitem]
|-start|p1a: Iron Moth|quarkdrivespe
|turn|1
|
|t:|1759041638
|move|p1a: Iron Moth|Fiery Dance|p2a: Zapdos
|-damage|p2a: Zapdos|53/100
|move|p2a: Zapdos|Volt Switch|p1a: Iron Moth
|-damage|p1a: Iron Moth|45/100
|
|t:|1759041644
|switch|p2a: Barraskewda|Barraskewda, F|100/100|[from] Volt Switch
|
|upkeep
|turn|2
|
|t:|1759041648
|move|p2a: Barraskewda|Aqua Jet|p1a: Iron Moth
|-supereffective|p1a: Iron Moth
|-damage|p1a: Iron Moth|0 fnt
|faint|p1a: Iron Moth
|-end|p1a: Iron Moth|Quark Drive|[silent]
|
|upkeep
|
|t:|1759041657
|switch|p1a: Deoxys|Deoxys-Speed|100/100
|-ability|p1a: Deoxys|Pressure
|turn|3
|
|t:|1759041659
|switch|p2a: Hatterene|Hatterene, F|100/100
|move|p1a: Deoxys|Psycho Boost|p2a: Hatterene
|-resisted|p2a: Hatterene
|-damage|p2a: Hatterene|60/100
|-unboost|p1a: Deoxys|spa|2
|-enditem|p2a: Hatterene|Eject Button
|-damage|p1a: Deoxys|91/100|[from] item: Life Orb
|
|t:|1759041666
|switch|p2a: Pelipper|Pelipper, F|100/100
|-weather|RainDance|[from] ability: Drizzle|[of] p2a: Pelipper
|
|-weather|RainDance|[upkeep]
|upkeep
|turn|4
|
|t:|1759041676
|switch|p1a: Primarina|Primarina, M|100/100
|switch|p2a: Hatterene|Hatterene, F|60/100
|
|-weather|RainDance|[upkeep]
|upkeep
|turn|5
|
|t:|1759041688
|move|p1a: Primarina|Whirlpool|p2a: Hatterene|[miss]
|-miss|p1a: Primarina|p2a: Hatterene
|move|p2a: Hatterene|Nuzzle|p1a: Primarina
|-supereffective|p1a: Primarina
|-damage|p1a: Primarina|89/100
|-status|p1a: Primarina|par
|
|-weather|RainDance|[upkeep]
|upkeep
|turn|6
|inactive|Juicepar has 120 seconds left.
|
|t:|1759041722
|move|p2a: Hatterene|Draining Kiss|p1a: Primarina
|-damage|p1a: Primarina|75/100 par
|-heal|p2a: Hatterene|71/100|[from] drain|[of] p1a: Primarina
|cant|p1a: Primarina|par
|
|-weather|RainDance|[upkeep]
|upkeep
|turn|7
|
|t:|1759041729
|switch|p2a: Iron Treads|Iron Treads|100/100
|move|p1a: Primarina|Surf|p2a: Iron Treads
|-supereffective|p2a: Iron Treads
|-damage|p2a: Iron Treads|0 fnt
|faint|p2a: Iron Treads
|-end|p2a: Iron Treads|Quark Drive|[silent]
|
|-weather|RainDance|[upkeep]
|upkeep
|
|t:|1759041733
|switch|p2a: Zapdos|Zapdos|53/100
|turn|8
|
|t:|1759041738
|move|p2a: Zapdos|Thunder|p1a: Primarina
|-supereffective|p1a: Primarina
|-damage|p1a: Primarina|0 fnt
|faint|p1a: Primarina
|
|-weather|RainDance|[upkeep]
|upkeep
|
|t:|1759041751
|switch|p1a: Deoxys|Deoxys-Speed|91/100
|-ability|p1a: Deoxys|Pressure
|turn|9
|
|t:|1759041753
|switch|p2a: Hatterene|Hatterene, F|71/100
|move|p1a: Deoxys|Psycho Boost|p2a: Hatterene
|-resisted|p2a: Hatterene
|-damage|p2a: Hatterene|30/100
|-unboost|p1a: Deoxys|spa|2
|-damage|p1a: Deoxys|81/100|[from] item: Life Orb
|
|-weather|RainDance|[upkeep]
|upkeep
|turn|10
|
|t:|1759041757
|move|p1a: Deoxys|Shadow Ball|p2a: Hatterene
|-supereffective|p2a: Hatterene
|-damage|p2a: Hatterene|0 fnt
|faint|p2a: Hatterene
|-damage|p1a: Deoxys|71/100|[from] item: Life Orb
|
|-weather|none
|upkeep
|
|t:|1759041761
|switch|p2a: Pelipper|Pelipper, F|100/100
|-weather|RainDance|[from] ability: Drizzle|[of] p2a: Pelipper
|turn|11
|
|t:|1759041766
|switch|p1a: Kingambit|Kingambit, F|100/100
|-activate|p1a: Kingambit|ability: Supreme Overlord
|-start|p1a: Kingambit|fallen2|[silent]
|move|p2a: Pelipper|Knock Off|p1a: Kingambit
|-resisted|p1a: Kingambit
|-damage|p1a: Kingambit|96/100
|-enditem|p1a: Kingambit|Leftovers|[from] move: Knock Off|[of] p2a: Pelipper
|
|-weather|RainDance|[upkeep]
|upkeep
|turn|12
|
|t:|1759041773
|switch|p2a: Toxicroak|Toxicroak, F|100/100
|move|p1a: Kingambit|Swords Dance|p1a: Kingambit
|-boost|p1a: Kingambit|atk|2
|
|-weather|RainDance|[upkeep]
|upkeep
|turn|13
|
|t:|1759041780
|move|p2a: Toxicroak|Encore|p1a: Kingambit
|-start|p1a: Kingambit|Encore
|move|p1a: Kingambit|Swords Dance|p1a: Kingambit
|-boost|p1a: Kingambit|atk|2
|
|-weather|RainDance|[upkeep]
|upkeep
|turn|14
|
|t:|1759041790
|-end|p1a: Kingambit|fallen2|[silent]
|switch|p1a: Great Tusk|Great Tusk|100/100
|-enditem|p1a: Great Tusk|Booster Energy
|-activate|p1a: Great Tusk|ability: Protosynthesis|[fromitem]
|-start|p1a: Great Tusk|protosynthesisatk
|move|p2a: Toxicroak|Toxic|p1a: Great Tusk
|-status|p1a: Great Tusk|tox
|
|-weather|RainDance|[upkeep]
|-damage|p1a: Great Tusk|94/100 tox|[from] psn
|upkeep
|turn|15
|
|t:|1759041798
|switch|p2a: Pelipper|Pelipper, F|100/100
|move|p1a: Great Tusk|Rapid Spin|p2a: Pelipper
|-damage|p2a: Pelipper|78/100
|-boost|p1a: Great Tusk|spe|1
|
|-weather|RainDance|[upkeep]
|-damage|p1a: Great Tusk|82/100 tox|[from] psn
|upkeep
|turn|16
|inactive|Juicepar has 120 seconds left.
|
|t:|1759041834
|move|p1a: Great Tusk|Ice Spinner|p2a: Pelipper
|-damage|p2a: Pelipper|39/100
|move|p2a: Pelipper|Hurricane|p1a: Great Tusk
|-supereffective|p1a: Great Tusk
|-damage|p1a: Great Tusk|0 fnt
|faint|p1a: Great Tusk
|-end|p1a: Great Tusk|Protosynthesis|[silent]
|
|-weather|RainDance|[upkeep]
|upkeep
|
|t:|1759041839
|switch|p1a: Deoxys|Deoxys-Speed|71/100
|-ability|p1a: Deoxys|Pressure
|turn|17
|
|t:|1759041853
|move|p1a: Deoxys|Psycho Boost|p2a: Pelipper
|-damage|p2a: Pelipper|0 fnt
|-unboost|p1a: Deoxys|spa|2
|faint|p2a: Pelipper
|-damage|p1a: Deoxys|62/100|[from] item: Life Orb
|
|-weather|RainDance|[upkeep]
|upkeep
|
|t:|1759041855
|switch|p2a: Barraskewda|Barraskewda, F|100/100
|turn|18
|inactive|Juicepar has 120 seconds left.
|
|t:|1759041898
|switch|p1a: Kingambit|Kingambit, F|96/100
|-activate|p1a: Kingambit|ability: Supreme Overlord
|-start|p1a: Kingambit|fallen3|[silent]
|move|p2a: Barraskewda|Liquidation|p1a: Kingambit
|-damage|p1a: Kingambit|21/100
|-unboost|p1a: Kingambit|def|1
|
|-weather|none
|upkeep
|turn|19
|
|t:|1759041905
|switch|p2a: Toxicroak|Toxicroak, F|100/100
|move|p1a: Kingambit|Sucker Punch||[still]
|-fail|p1a: Kingambit
|
|upkeep
|turn|20
|
|t:|1759041913
|-end|p1a: Kingambit|fallen3|[silent]
|switch|p1a: Dragonite|Dragonite, M|100/100
|move|p2a: Toxicroak|Knock Off|p1a: Dragonite
|-damage|p1a: Dragonite|89/100
|-enditem|p1a: Dragonite|Choice Band|[from] move: Knock Off|[of] p2a: Toxicroak
|
|upkeep
|turn|21
|
|t:|1759041924
|move|p1a: Dragonite|Outrage|p2a: Toxicroak
|-damage|p2a: Toxicroak|34/100
|-damage|p1a: Dragonite|72/100|[from] item: Rocky Helmet|[of] p2a: Toxicroak
|move|p2a: Toxicroak|Encore|p1a: Dragonite
|-start|p1a: Dragonite|Encore
|
|upkeep
|turn|22
|
|t:|1759041933
|move|p1a: Dragonite|Outrage|p2a: Toxicroak|[from] lockedmove
|-damage|p2a: Toxicroak|0 fnt
|-damage|p1a: Dragonite|56/100|[from] item: Rocky Helmet|[of] p2a: Toxicroak
|faint|p2a: Toxicroak
|
|upkeep
|
|t:|1759041942
|switch|p2a: Zapdos|Zapdos|53/100
|turn|23
|
|t:|1759041945
|move|p2a: Zapdos|Hurricane|p1a: Dragonite
|-damage|p1a: Dragonite|0 fnt
|faint|p1a: Dragonite
|
|upkeep
|inactive|Juicepar has 120 seconds left.
|
|t:|1759041973
|switch|p1a: Deoxys|Deoxys-Speed|62/100
|-ability|p1a: Deoxys|Pressure
|turn|24
|inactive|Juicepar has 120 seconds left.
|
|t:|1759041978
|-terastallize|p1a: Deoxys|Psychic
|move|p1a: Deoxys|Psycho Boost|p2a: Zapdos
|-damage|p2a: Zapdos|0 fnt
|-unboost|p1a: Deoxys|spa|2
|faint|p2a: Zapdos
|-damage|p1a: Deoxys|52/100|[from] item: Life Orb
|
|upkeep
|
|t:|1759041980
|switch|p2a: Barraskewda|Barraskewda, F|100/100
|turn|25
|
|t:|1759041984
|-terastallize|p2a: Barraskewda|Water
|move|p2a: Barraskewda|Aqua Jet|p1a: Deoxys
|-crit|p1a: Deoxys
|-damage|p1a: Deoxys|0 fnt
|faint|p1a: Deoxys
|
|upkeep
|
|t:|1759041988
|switch|p1a: Kingambit|Kingambit, F|21/100
|-activate|p1a: Kingambit|ability: Supreme Overlord
|-start|p1a: Kingambit|fallen5|[silent]
|turn|26
|c|☆akijuen|GG
|
|t:|1759041992
|move|p2a: Barraskewda|Aqua Jet|p1a: Kingambit
|-damage|p1a: Kingambit|0 fnt
|faint|p1a: Kingambit
|-end|p1a: Kingambit|fallen5|[silent]
|
|win|akijuen
|raw|Juicepar's rating: 1530 &rarr; <strong>1509</strong><br />(-21 for losing)
|raw|akijuen's rating: 1506 &rarr; <strong>1527</strong><br />(+21 for winning)
