|j|☆texett
|j|‽PokeRish
|t:|1758974188
|gametype|singles
|player|p1|texett|lady|1225
|player|p2|PokeRish|266|1269
|gen|9
|tier|[Gen 9] OU
|rated|
|rule|HP Percentage Mod: HP is shown in percentages
|rule|Endless Battle Clause: Forcing endless battles is banned
|rule|Species Clause: Limit one of each Pokémon
|rule|OHKO Clause: OHKO moves are banned
|rule|Evasion Items Clause: Evasion items are banned
|rule|Evasion Moves Clause: Evasion moves are banned
|rule|Evasion Abilities Clause: Evasion abilities are banned
|rule|Sleep Moves Clause: Sleep-inducing moves are banned
|clearpoke
|poke|p1|Ninetales-Alola, M|
|poke|p1|Smeargle, M|
|poke|p1|Glimmora, M|
|poke|p1|Hatterene, F|
|poke|p1|Entei|
|poke|p1|Skarmory, F|
|poke|p2|Enamorus, F|
|poke|p2|Dondozo, M|
|poke|p2|Ogerpon-Wellspring, F|
|poke|p2|Gliscor, M|
|poke|p2|Gholdengo|
|poke|p2|Iron Treads|
|teampreview
|inactive|Battle timer is ON: inactive players will automatically lose when time's up. (requested by texett)
|
|t:|1758974219
|teamsize|p1|6
|teamsize|p2|6
|start
|switch|p1a: Glimmora|Glimmora, M|100/100
|switch|p2a: Iron Treads|Iron Treads|100/100
|turn|1
|
|t:|1758974227
|switch|p1a: Hatterene|Hatterene, F, shiny|100/100
|move|p2a: Iron Treads|Stealth Rock|p1a: Hatterene
|move|p1a: Hatterene|Stealth Rock|p2a: Iron Treads|[from] ability: Magic Bounce
|-sidestart|p2: PokeRish|move: Stealth Rock
|
|upkeep
|turn|2
|
|t:|1758974236
|move|p2a: Iron Treads|Rapid Spin|p1a: Hatterene
|-damage|p1a: Hatterene|90/100
|-boost|p2a: Iron Treads|spe|1
|-sideend|p2: PokeRish|Stealth Rock|[from] move: Rapid Spin|[of] p2a: Iron Treads
|move|p1a: Hatterene|Mystical Fire|p2a: Iron Treads
|-supereffective|p2a: Iron Treads
|-damage|p2a: Iron Treads|47/100
|-unboost|p2a: Iron Treads|spa|1
|
|-heal|p1a: Hatterene|96/100|[from] item: Leftovers
|upkeep
|turn|3
|
|t:|1758974250
|-end|p2a: Iron Treads|Quark Drive|[silent]
|switch|p2a: Gliscor|Gliscor, M|100/100
|move|p1a: Hatterene|Mystical Fire|p2a: Gliscor
|-damage|p2a: Gliscor|69/100
|-unboost|p2a: Gliscor|spa|1
|
|-heal|p1a: Hatterene|100/100|[from] item: Leftovers
|-status|p2a: Gliscor|tox|[from] item: Toxic Orb
|upkeep
|turn|4
|
|t:|1758974261
|switch|p1a: Ninetales|Ninetales-Alola, M|100/100
|-weather|Snowscape|[from] ability: Snow Warning|[of] p1a: Ninetales
|move|p2a: Gliscor|Protect||[still]
|-fail|p2a: Gliscor
|
|-weather|Snowscape|[upkeep]
|-heal|p2a: Gliscor|81/100 tox|[from] ability: Poison Heal
|upkeep
|turn|5
|
|t:|1758974269
|switch|p2a: Gholdengo|Gholdengo|100/100
|move|p1a: Ninetales|Aurora Veil|p1a: Ninetales
|-sidestart|p1: texett|move: Aurora Veil
|
|-weather|Snowscape|[upkeep]
|upkeep
|turn|6
|
|t:|1758974278
|switch|p1a: Glimmora|Glimmora, M|100/100
|move|p2a: Gholdengo|Thunder Wave|p1a: Glimmora
|-status|p1a: Glimmora|par
|
|-weather|Snowscape|[upkeep]
|upkeep
|turn|7
|
|t:|1758974287
|switch|p2a: Gliscor|Gliscor, M|81/100 tox
|move|p1a: Glimmora|Stealth Rock|p2a: Gliscor
|-sidestart|p2: PokeRish|move: Stealth Rock
|
|-weather|Snowscape|[upkeep]
|-heal|p2a: Gliscor|93/100 tox|[from] ability: Poison Heal
|upkeep
|turn|8
|
|t:|1758974300
|move|p2a: Gliscor|Earthquake|p1a: Glimmora
|-supereffective|p1a: Glimmora
|-damage|p1a: Glimmora|9/100 par
|-activate|p1a: Glimmora|ability: Toxic Debris
|-sidestart|p2: PokeRish|move: Toxic Spikes
|cant|p1a: Glimmora|par
|
|-weather|none
|-heal|p2a: Gliscor|100/100 tox|[from] ability: Poison Heal
|upkeep
|turn|9
|
|t:|1758974309
|move|p2a: Gliscor|Knock Off|p1a: Glimmora
|-damage|p1a: Glimmora|0 fnt
|-activate|p1a: Glimmora|ability: Toxic Debris
|-sidestart|p2: PokeRish|move: Toxic Spikes
|-enditem|p1a: Glimmora|Focus Sash|[from] move: Knock Off|[of] p2a: Gliscor
|faint|p1a: Glimmora
|
|upkeep
|
|t:|1758974318
|switch|p1a: Entei|Entei, shiny|100/100
|-ability|p1a: Entei|Pressure
|turn|10
|
|t:|1758974323
|move|p2a: Gliscor|Protect|p2a: Gliscor
|-singleturn|p2a: Gliscor|Protect
|move|p1a: Entei|Substitute|p1a: Entei
|-start|p1a: Entei|Substitute
|-damage|p1a: Entei|76/100
|
|-heal|p1a: Entei|82/100|[from] item: Leftovers
|upkeep
|turn|11
|
|t:|1758974329
|-terastallize|p1a: Entei|Grass
|move|p2a: Gliscor|Earthquake|p1a: Entei
|-resisted|p1a: Entei
|-crit|p1a: Entei
|-activate|p1a: Entei|move: Substitute|[damage]
|move|p1a: Entei|Calm Mind|p1a: Entei
|-boost|p1a: Entei|spa|1
|-boost|p1a: Entei|spd|1
|
|-heal|p1a: Entei|88/100|[from] item: Leftovers
|upkeep
|turn|12
|
|t:|1758974340
|move|p2a: Gliscor|Knock Off|p1a: Entei
|-end|p1a: Entei|Substitute
|move|p1a: Entei|Calm Mind|p1a: Entei
|-boost|p1a: Entei|spa|1
|-boost|p1a: Entei|spd|1
|
|-heal|p1a: Entei|94/100|[from] item: Leftovers
|-sideend|p1: texett|move: Aurora Veil
|upkeep
|turn|13
|
|t:|1758974350
|switch|p2a: Dondozo|Dondozo, M|100/100
|-damage|p2a: Dondozo|88/100|[from] Stealth Rock
|-status|p2a: Dondozo|tox
|move|p1a: Entei|Substitute|p1a: Entei
|-start|p1a: Entei|Substitute
|-damage|p1a: Entei|69/100
|
|-heal|p1a: Entei|76/100|[from] item: Leftovers
|-heal|p2a: Dondozo|94/100 tox|[from] item: Leftovers
|-damage|p2a: Dondozo|88/100 tox|[from] psn
|upkeep
|turn|14
|
|t:|1758974361
|move|p1a: Entei|Calm Mind|p1a: Entei
|-boost|p1a: Entei|spa|1
|-boost|p1a: Entei|spd|1
|move|p2a: Dondozo|Rest|p2a: Dondozo
|-status|p2a: Dondozo|slp|[from] move: Rest
|-heal|p2a: Dondozo|100/100 slp|[silent]
|
|-heal|p1a: Entei|82/100|[from] item: Leftovers
|upkeep
|turn|15
|
|t:|1758974372
|move|p1a: Entei|Lava Plume|p2a: Dondozo
|-resisted|p2a: Dondozo
|-damage|p2a: Dondozo|90/100 slp
|cant|p2a: Dondozo|slp
|move|p2a: Dondozo|Sleep Talk|p2a: Dondozo
|move|p2a: Dondozo|Earthquake|p1a: Entei|[from] move: Sleep Talk
|-resisted|p1a: Entei
|-activate|p1a: Entei|move: Substitute|[damage]
|
|-heal|p1a: Entei|88/100|[from] item: Leftovers
|-heal|p2a: Dondozo|96/100 slp|[from] item: Leftovers
|upkeep
|turn|16
|
|t:|1758974384
|move|p1a: Entei|Protect|p1a: Entei
|-singleturn|p1a: Entei|Protect
|cant|p2a: Dondozo|slp
|move|p2a: Dondozo|Sleep Talk|p2a: Dondozo
|move|p2a: Dondozo|Rest||[from] move: Sleep Talk|[still]
|-fail|p2a: Dondozo
|
|-heal|p1a: Entei|94/100|[from] item: Leftovers
|-heal|p2a: Dondozo|100/100 slp|[from] item: Leftovers
|upkeep
|turn|17
|
|t:|1758974393
|move|p1a: Entei|Lava Plume|p2a: Dondozo
|-resisted|p2a: Dondozo
|-damage|p2a: Dondozo|91/100 slp
|-curestatus|p2a: Dondozo|slp|[msg]
|move|p2a: Dondozo|Sleep Talk||[still]
|-fail|p2a: Dondozo
|
|-heal|p1a: Entei|100/100|[from] item: Leftovers
|-heal|p2a: Dondozo|98/100|[from] item: Leftovers
|upkeep
|turn|18
|
|t:|1758974403
|move|p1a: Entei|Lava Plume|p2a: Dondozo
|-resisted|p2a: Dondozo
|-damage|p2a: Dondozo|88/100
|-status|p2a: Dondozo|brn
|move|p2a: Dondozo|Liquidation|p1a: Entei
|-resisted|p1a: Entei
|-activate|p1a: Entei|move: Substitute|[damage]
|
|-heal|p2a: Dondozo|95/100 brn|[from] item: Leftovers
|-damage|p2a: Dondozo|88/100 brn|[from] brn
|upkeep
|turn|19
|
|t:|1758974420
|move|p1a: Entei|Calm Mind|p1a: Entei
|-boost|p1a: Entei|spa|1
|-boost|p1a: Entei|spd|1
|move|p2a: Dondozo|Rest|p2a: Dondozo
|-status|p2a: Dondozo|slp|[from] move: Rest
|-heal|p2a: Dondozo|100/100 slp|[silent]
|
|upkeep
|turn|20
|
|t:|1758974429
|move|p1a: Entei|Calm Mind|p1a: Entei
|-boost|p1a: Entei|spa|1
|-boost|p1a: Entei|spd|1
|cant|p2a: Dondozo|slp
|move|p2a: Dondozo|Sleep Talk|p2a: Dondozo
|move|p2a: Dondozo|Earthquake|p1a: Entei|[from] move: Sleep Talk
|-resisted|p1a: Entei
|-activate|p1a: Entei|move: Substitute|[damage]
|
|upkeep
|turn|21
|
|t:|1758974439
|move|p1a: Entei|Calm Mind|p1a: Entei
|-boost|p1a: Entei|spa|1
|-boost|p1a: Entei|spd|1
|cant|p2a: Dondozo|slp
|move|p2a: Dondozo|Sleep Talk|p2a: Dondozo
|move|p2a: Dondozo|Rest||[from] move: Sleep Talk|[still]
|-fail|p2a: Dondozo
|
|upkeep
|turn|22
|
|t:|1758974448
|move|p1a: Entei|Protect|p1a: Entei
|-singleturn|p1a: Entei|Protect
|-curestatus|p2a: Dondozo|slp|[msg]
|move|p2a: Dondozo|Liquidation|p1a: Entei
|-activate|p1a: Entei|move: Protect
|
|upkeep
|turn|23
|
|t:|1758974456
|move|p1a: Entei|Lava Plume|p2a: Dondozo
|-resisted|p2a: Dondozo
|-damage|p2a: Dondozo|91/100
|move|p2a: Dondozo|Liquidation|p1a: Entei
|-resisted|p1a: Entei
|-end|p1a: Entei|Substitute
|
|-heal|p2a: Dondozo|97/100|[from] item: Leftovers
|upkeep
|turn|24
|
|t:|1758974464
|move|p1a: Entei|Substitute|p1a: Entei
|-start|p1a: Entei|Substitute
|-damage|p1a: Entei|76/100
|move|p2a: Dondozo|Liquidation|p1a: Entei
|-resisted|p1a: Entei
|-activate|p1a: Entei|move: Substitute|[damage]
|
|-heal|p1a: Entei|82/100|[from] item: Leftovers
|-heal|p2a: Dondozo|100/100|[from] item: Leftovers
|upkeep
|turn|25
|
|t:|1758974481
|move|p1a: Entei|Lava Plume|p2a: Dondozo
|-resisted|p2a: Dondozo
|-damage|p2a: Dondozo|91/100
|move|p2a: Dondozo|Earthquake|p1a: Entei
|-resisted|p1a: Entei
|-activate|p1a: Entei|move: Substitute|[damage]
|
|-heal|p1a: Entei|88/100|[from] item: Leftovers
|-heal|p2a: Dondozo|98/100|[from] item: Leftovers
|upkeep
|turn|26
|
|t:|1758974490
|move|p1a: Entei|Protect|p1a: Entei
|-singleturn|p1a: Entei|Protect
|move|p2a: Dondozo|Earthquake|p1a: Entei
|-activate|p1a: Entei|move: Protect
|
|-heal|p1a: Entei|94/100|[from] item: Leftovers
|-heal|p2a: Dondozo|100/100|[from] item: Leftovers
|upkeep
|turn|27
|
|t:|1758974497
|move|p1a: Entei|Lava Plume|p2a: Dondozo
|-resisted|p2a: Dondozo
|-damage|p2a: Dondozo|91/100
|move|p2a: Dondozo|Liquidation|p1a: Entei
|-resisted|p1a: Entei
|-end|p1a: Entei|Substitute
|
|-heal|p1a: Entei|100/100|[from] item: Leftovers
|-heal|p2a: Dondozo|98/100|[from] item: Leftovers
|upkeep
|turn|28
|
|t:|1758974508
|move|p1a: Entei|Substitute|p1a: Entei
|-start|p1a: Entei|Substitute
|-damage|p1a: Entei|76/100
|move|p2a: Dondozo|Earthquake|p1a: Entei
|-resisted|p1a: Entei
|-activate|p1a: Entei|move: Substitute|[damage]
|
|-heal|p1a: Entei|82/100|[from] item: Leftovers
|-heal|p2a: Dondozo|100/100|[from] item: Leftovers
|upkeep
|turn|29
|
|t:|1758974516
|move|p1a: Entei|Lava Plume|p2a: Dondozo
|-resisted|p2a: Dondozo
|-damage|p2a: Dondozo|91/100
|move|p2a: Dondozo|Sleep Talk||[still]
|-fail|p2a: Dondozo
|
|-heal|p1a: Entei|88/100|[from] item: Leftovers
|-heal|p2a: Dondozo|97/100|[from] item: Leftovers
|upkeep
|turn|30
|
|t:|1758974529
|move|p1a: Entei|Protect|p1a: Entei
|-singleturn|p1a: Entei|Protect
|move|p2a: Dondozo|Sleep Talk||[still]
|-fail|p2a: Dondozo
|
|-heal|p1a: Entei|94/100|[from] item: Leftovers
|-heal|p2a: Dondozo|100/100|[from] item: Leftovers
|upkeep
|turn|31
|
|t:|1758974543
|move|p1a: Entei|Calm Mind|p1a: Entei
|-boost|p1a: Entei|spa|0
|-boost|p1a: Entei|spd|0
|move|p2a: Dondozo|Rest|p2a: Dondozo
|-fail|p2a: Dondozo|heal
|
|-heal|p1a: Entei|100/100|[from] item: Leftovers
|upkeep
|turn|32
|
|t:|1758974551
|move|p1a: Entei|Calm Mind|p1a: Entei
|-boost|p1a: Entei|spa|0
|-boost|p1a: Entei|spd|0
|move|p2a: Dondozo|Sleep Talk||[still]
|-fail|p2a: Dondozo
|
|upkeep
|turn|33
|
|t:|1758974561
|move|p1a: Entei|Calm Mind|p1a: Entei
|-boost|p1a: Entei|spa|0
|-boost|p1a: Entei|spd|0
|move|p2a: Dondozo|Sleep Talk||[still]
|-fail|p2a: Dondozo
|
|upkeep
|turn|34
|
|t:|1758974569
|move|p1a: Entei|Calm Mind|p1a: Entei
|-boost|p1a: Entei|spa|0
|-boost|p1a: Entei|spd|0
|move|p2a: Dondozo|Earthquake|p1a: Entei
|-resisted|p1a: Entei
|-activate|p1a: Entei|move: Substitute|[damage]
|
|upkeep
|turn|35
|
|t:|1758974575
|move|p1a: Entei|Calm Mind|p1a: Entei
|-boost|p1a: Entei|spa|0
|-boost|p1a: Entei|spd|0
|move|p2a: Dondozo|Earthquake|p1a: Entei
|-resisted|p1a: Entei
|-end|p1a: Entei|Substitute
|
|upkeep
|turn|36
|inactive|PokeRish has 120 seconds left.
|
|t:|1758974609
|move|p1a: Entei|Substitute|p1a: Entei
|-start|p1a: Entei|Substitute
|-damage|p1a: Entei|76/100
|move|p2a: Dondozo|Earthquake|p1a: Entei
|-resisted|p1a: Entei
|-activate|p1a: Entei|move: Substitute|[damage]
|
|-heal|p1a: Entei|82/100|[from] item: Leftovers
|upkeep
|turn|37
|inactive|PokeRish has 120 seconds left.
|
|t:|1758974619
|move|p1a: Entei|Protect|p1a: Entei
|-singleturn|p1a: Entei|Protect
|move|p2a: Dondozo|Liquidation|p1a: Entei
|-activate|p1a: Entei|move: Protect
|
|-heal|p1a: Entei|88/100|[from] item: Leftovers
|upkeep
|turn|38
|
|t:|1758974628
|move|p1a: Entei|Calm Mind|p1a: Entei
|-boost|p1a: Entei|spa|0
|-boost|p1a: Entei|spd|0
|move|p2a: Dondozo|Earthquake|p1a: Entei
|-resisted|p1a: Entei
|-activate|p1a: Entei|move: Substitute|[damage]
|
|-heal|p1a: Entei|94/100|[from] item: Leftovers
|upkeep
|turn|39
|
|t:|1758974636
|move|p1a: Entei|Lava Plume|p2a: Dondozo
|-resisted|p2a: Dondozo
|-damage|p2a: Dondozo|90/100
|-status|p2a: Dondozo|brn
|move|p2a: Dondozo|Liquidation|p1a: Entei
|-resisted|p1a: Entei
|-activate|p1a: Entei|move: Substitute|[damage]
|
|-heal|p1a: Entei|100/100|[from] item: Leftovers
|-heal|p2a: Dondozo|96/100 brn|[from] item: Leftovers
|-damage|p2a: Dondozo|90/100 brn|[from] brn
|upkeep
|turn|40
|
|t:|1758974651
|move|p1a: Entei|Calm Mind|p1a: Entei
|-boost|p1a: Entei|spa|0
|-boost|p1a: Entei|spd|0
|move|p2a: Dondozo|Sleep Talk||[still]
|-fail|p2a: Dondozo
|
|-heal|p2a: Dondozo|96/100 brn|[from] item: Leftovers
|-damage|p2a: Dondozo|90/100 brn|[from] brn
|upkeep
|turn|41
|
|t:|1758974659
|move|p1a: Entei|Calm Mind|p1a: Entei
|-boost|p1a: Entei|spa|0
|-boost|p1a: Entei|spd|0
|move|p2a: Dondozo|Earthquake|p1a: Entei
|-resisted|p1a: Entei
|-end|p1a: Entei|Substitute
|
|-heal|p2a: Dondozo|96/100 brn|[from] item: Leftovers
|-damage|p2a: Dondozo|90/100 brn|[from] brn
|upkeep
|turn|42
|
|t:|1758974674
|switch|p2a: Enamorus|Enamorus, F|100/100
|move|p1a: Entei|Substitute|p1a: Entei
|-start|p1a: Entei|Substitute
|-damage|p1a: Entei|76/100
|
|-heal|p1a: Entei|82/100|[from] item: Leftovers
|upkeep
|turn|43
|
|t:|1758974688
|move|p2a: Enamorus|Mystical Fire|p1a: Entei
|-supereffective|p1a: Entei
|-activate|p1a: Entei|move: Substitute|[damage]
|move|p1a: Entei|Lava Plume|p2a: Enamorus
|-damage|p2a: Enamorus|0 fnt
|faint|p2a: Enamorus
|
|-heal|p1a: Entei|88/100|[from] item: Leftovers
|upkeep
|
|t:|1758974703
|switch|p2a: Dondozo|Dondozo, M|90/100 brn
|-damage|p2a: Dondozo|77/100 brn|[from] Stealth Rock
|turn|44
|
|t:|1758974709
|move|p1a: Entei|Calm Mind|p1a: Entei
|-boost|p1a: Entei|spa|0
|-boost|p1a: Entei|spd|0
|move|p2a: Dondozo|Liquidation|p1a: Entei
|-resisted|p1a: Entei
|-activate|p1a: Entei|move: Substitute|[damage]
|
|-heal|p1a: Entei|94/100|[from] item: Leftovers
|-heal|p2a: Dondozo|83/100 brn|[from] item: Leftovers
|-damage|p2a: Dondozo|77/100 brn|[from] brn
|upkeep
|turn|45
|
|t:|1758974721
|move|p1a: Entei|Calm Mind|p1a: Entei
|-boost|p1a: Entei|spa|0
|-boost|p1a: Entei|spd|0
|move|p2a: Dondozo|Rest|p2a: Dondozo
|-status|p2a: Dondozo|slp|[from] move: Rest
|-heal|p2a: Dondozo|100/100 slp|[silent]
|
|-heal|p1a: Entei|100/100|[from] item: Leftovers
|upkeep
|turn|46
|
|t:|1758974731
|move|p1a: Entei|Lava Plume|p2a: Dondozo
|-resisted|p2a: Dondozo
|-damage|p2a: Dondozo|90/100 slp
|cant|p2a: Dondozo|slp
|
|-heal|p2a: Dondozo|97/100 slp|[from] item: Leftovers
|upkeep
|turn|47
|
|t:|1758974739
|move|p1a: Entei|Calm Mind|p1a: Entei
|-boost|p1a: Entei|spa|0
|-boost|p1a: Entei|spd|0
|cant|p2a: Dondozo|slp
|
|-heal|p2a: Dondozo|100/100 slp|[from] item: Leftovers
|upkeep
|turn|48
|
|t:|1758974746
|move|p1a: Entei|Calm Mind|p1a: Entei
|-boost|p1a: Entei|spa|0
|-boost|p1a: Entei|spd|0
|-curestatus|p2a: Dondozo|slp|[msg]
|move|p2a: Dondozo|Rest|p2a: Dondozo
|-fail|p2a: Dondozo|heal
|
|upkeep
|turn|49
|
|t:|1758974756
|move|p1a: Entei|Calm Mind|p1a: Entei
|-boost|p1a: Entei|spa|0
|-boost|p1a: Entei|spd|0
|move|p2a: Dondozo|Sleep Talk||[still]
|-fail|p2a: Dondozo
|
|upkeep
|turn|50
|
|t:|1758974761
|move|p1a: Entei|Calm Mind|p1a: Entei
|-boost|p1a: Entei|spa|0
|-boost|p1a: Entei|spd|0
|move|p2a: Dondozo|Sleep Talk||[still]
|-fail|p2a: Dondozo
|
|upkeep
|turn|51
|
|t:|1758974767
|move|p1a: Entei|Calm Mind|p1a: Entei
|-boost|p1a: Entei|spa|0
|-boost|p1a: Entei|spd|0
|move|p2a: Dondozo|Sleep Talk||[still]
|-fail|p2a: Dondozo
|
|upkeep
|turn|52
|
|t:|1758974774
|move|p1a: Entei|Calm Mind|p1a: Entei
|-boost|p1a: Entei|spa|0
|-boost|p1a: Entei|spd|0
|move|p2a: Dondozo|Sleep Talk||[still]
|-fail|p2a: Dondozo
|
|upkeep
|turn|53
|
|t:|1758974779
|move|p1a: Entei|Calm Mind|p1a: Entei
|-boost|p1a: Entei|spa|0
|-boost|p1a: Entei|spd|0
|move|p2a: Dondozo|Rest|p2a: Dondozo
|-fail|p2a: Dondozo|heal
|
|upkeep
|turn|54
|
|t:|1758974786
|move|p1a: Entei|Calm Mind|p1a: Entei
|-boost|p1a: Entei|spa|0
|-boost|p1a: Entei|spd|0
|move|p2a: Dondozo|Rest|p2a: Dondozo
|-fail|p2a: Dondozo|heal
|
|upkeep
|turn|55
|
|t:|1758974792
|move|p1a: Entei|Calm Mind|p1a: Entei
|-boost|p1a: Entei|spa|0
|-boost|p1a: Entei|spd|0
|move|p2a: Dondozo|Rest|p2a: Dondozo
|-fail|p2a: Dondozo|heal
|
|upkeep
|turn|56
|
|t:|1758974798
|move|p1a: Entei|Lava Plume|p2a: Dondozo
|-resisted|p2a: Dondozo
|-damage|p2a: Dondozo|91/100
|-activate|p2a: Dondozo|move: Struggle
|move|p2a: Dondozo|Struggle|p1a: Entei
|-end|p1a: Entei|Substitute
|-damage|p2a: Dondozo|66/100|[from] recoil
|
|-heal|p2a: Dondozo|72/100|[from] item: Leftovers
|upkeep
|turn|57
|
|t:|1758974807
|move|p1a: Entei|Substitute|p1a: Entei
|-start|p1a: Entei|Substitute
|-damage|p1a: Entei|76/100
|-activate|p2a: Dondozo|move: Struggle
|move|p2a: Dondozo|Struggle|p1a: Entei
|-activate|p1a: Entei|move: Substitute|[damage]
|-damage|p2a: Dondozo|47/100|[from] recoil
|
|-heal|p1a: Entei|82/100|[from] item: Leftovers
|-heal|p2a: Dondozo|53/100|[from] item: Leftovers
|upkeep
|turn|58
|
|t:|1758974818
|switch|p2a: Gliscor|Gliscor, M|100/100 tox
|-damage|p2a: Gliscor|88/100 tox|[from] Stealth Rock
|move|p1a: Entei|Lava Plume|p2a: Gliscor
|-damage|p2a: Gliscor|0 fnt
|faint|p2a: Gliscor
|
|-heal|p1a: Entei|88/100|[from] item: Leftovers
|upkeep
|-message|PokeRish forfeited.
|
|win|texett
|raw|texett's rating: 1225 &rarr; <strong>1253</strong><br />(+28 for winning)
|raw|PokeRish's rating: 1269 &rarr; <strong>1241</strong><br />(-28 for losing)
|l|‽PokeRish
|player|p2|
|l|☆texett
|player|p1|
