|j|☆Bruhotti
|j|☆Caatomenta
|t:|1759066348
|gametype|singles
|player|p1|Bruhotti|psychic-gen4|1234
|player|p2|Caatomenta|marley|1346
|gen|9
|tier|[Gen 9] OU
|rated|
|rule|HP Percentage Mod: HP is shown in percentages
|rule|Endless Battle Clause: Forcing endless battles is banned
|rule|Species Clause: Limit one of each Pokémon
|rule|OHKO Clause: OHKO moves are banned
|rule|Evasion Items Clause: Evasion items are banned
|rule|Evasion Moves Clause: Evasion moves are banned
|rule|Evasion Abilities Clause: Evasion abilities are banned
|rule|Sleep Moves Clause: Sleep-inducing moves are banned
|clearpoke
|poke|p1|Hydreigon, F|
|poke|p1|Azumarill, F|
|poke|p1|Raikou|
|poke|p1|Volcanion|
|poke|p1|Porygon-Z|
|poke|p1|Gengar, F|
|poke|p2|Dragonite, M|
|poke|p2|Primarina, M|
|poke|p2|Dragapult, M|
|poke|p2|Iron Treads|
|poke|p2|Zapdos|
|poke|p2|Volbeat, M|
|teampreview
|
|t:|1759066363
|teamsize|p1|6
|teamsize|p2|6
|start
|switch|p1a: Crazy|Porygon-Z, shiny|100/100
|switch|p2a: Dragapult|Dragapult, M|100/100
|turn|1
|
|t:|1759066371
|move|p2a: Dragapult|U-turn|p1a: Crazy
|-damage|p1a: Crazy|53/100
|
|t:|1759066376
|switch|p2a: Volbeat|Volbeat, M|100/100|[from] U-turn
|move|p1a: Crazy|Ice Beam|p2a: Volbeat
|-damage|p2a: Volbeat|64/100
|
|upkeep
|turn|2
|
|t:|1759066386
|switch|p1a: Voltrix|Raikou, shiny|100/100
|-ability|p1a: Voltrix|Pressure
|-item|p1a: Voltrix|Air Balloon
|move|p2a: Volbeat|Thunder Wave|p1a: Voltrix
|-immune|p1a: Voltrix
|
|upkeep
|turn|3
|
|t:|1759066408
|move|p2a: Volbeat|Roost|p2a: Volbeat
|-heal|p2a: Volbeat|100/100
|-singleturn|p2a: Volbeat|move: Roost
|move|p1a: Voltrix|Extrasensory|p2a: Volbeat
|-damage|p2a: Volbeat|71/100
|
|upkeep
|turn|4
|
|t:|1759066422
|move|p1a: Voltrix|Calm Mind|p1a: Voltrix
|-boost|p1a: Voltrix|spa|1
|-boost|p1a: Voltrix|spd|1
|move|p2a: Volbeat|U-turn|p1a: Voltrix
|-damage|p1a: Voltrix|75/100
|-enditem|p1a: Voltrix|Air Balloon
|
|t:|1759066431
|switch|p2a: Iron Treads|Iron Treads|100/100|[from] U-turn
|-enditem|p2a: Iron Treads|Booster Energy
|-activate|p2a: Iron Treads|ability: Quark Drive|[fromitem]
|-start|p2a: Iron Treads|quarkdrivespe
|
|upkeep
|turn|5
|
|t:|1759066452
|move|p2a: Iron Treads|Stealth Rock|p1a: Voltrix
|-sidestart|p1: Bruhotti|move: Stealth Rock
|move|p1a: Voltrix|Aura Sphere|p2a: Iron Treads
|-supereffective|p2a: Iron Treads
|-damage|p2a: Iron Treads|0 fnt
|faint|p2a: Iron Treads
|-end|p2a: Iron Treads|Quark Drive|[silent]
|
|upkeep
|
|t:|1759066460
|switch|p2a: Dragapult|Dragapult, M|100/100
|turn|6
|l|☆Bruhotti
|player|p1|
|inactive|Battle timer is ON: inactive players will automatically lose when time's up. (requested by Caatomenta)
|inactiveoff|Battle timer is now OFF.
|j|☆Bruhotti
|player|p1|Bruhotti|psychic-gen4|
|inactive|Battle timer is ON: inactive players will automatically lose when time's up. (requested by Caatomenta)
|
|t:|1759066511
|move|p2a: Dragapult|Dragon Darts|p1a: Voltrix
|-damage|p1a: Voltrix|31/100
|-anim|p2a: Dragapult|Dragon Darts|p1a: Voltrix
|-damage|p1a: Voltrix|0 fnt
|faint|p1a: Voltrix
|
|upkeep
|inactive|Bruhotti has 120 seconds left.
|
|t:|1759066565
|switch|p1a: Death|Azumarill, F, shiny|100/100
|-damage|p1a: Death|88/100|[from] Stealth Rock
|turn|7
|
|t:|1759066574
|switch|p2a: Volbeat|Volbeat, M|71/100
|move|p1a: Death|Belly Drum|p1a: Death
|-damage|p1a: Death|38/100
|-setboost|p1a: Death|atk|6|[from] move: Belly Drum
|-enditem|p1a: Death|Sitrus Berry|[eat]
|-heal|p1a: Death|63/100|[from] item: Sitrus Berry
|
|upkeep
|turn|8
|
|t:|1759066584
|move|p2a: Volbeat|Encore|p1a: Death
|-start|p1a: Death|Encore
|move|p1a: Death|Belly Drum||[still]
|-fail|p1a: Death
|
|upkeep
|turn|9
|
|t:|1759066594
|move|p2a: Volbeat|Thunder Wave|p1a: Death
|-status|p1a: Death|par
|cant|p1a: Death|par
|
|upkeep
|turn|10
|
|t:|1759066601
|move|p2a: Volbeat|Roost|p2a: Volbeat
|-heal|p2a: Volbeat|100/100
|-singleturn|p2a: Volbeat|move: Roost
|move|p1a: Death|Belly Drum||[still]
|-fail|p1a: Death
|
|-end|p1a: Death|Encore
|upkeep
|turn|11
|
|t:|1759066609
|move|p2a: Volbeat|Encore|p1a: Death
|-start|p1a: Death|Encore
|move|p1a: Death|Belly Drum||[still]
|-fail|p1a: Death
|
|upkeep
|turn|12
|
|t:|1759066615
|move|p2a: Volbeat|U-turn|p1a: Death
|-resisted|p1a: Death
|-crit|p1a: Death
|-damage|p1a: Death|49/100 par
|
|t:|1759066620
|switch|p2a: Zapdos|Zapdos|100/100|[from] U-turn
|move|p1a: Death|Belly Drum||[still]
|-fail|p1a: Death
|
|upkeep
|turn|13
|
|t:|1759066629
|switch|p1a: Fulfffy|Hydreigon, F, shiny|100/100
|-damage|p1a: Fulfffy|88/100|[from] Stealth Rock
|move|p2a: Zapdos|Discharge|p1a: Fulfffy
|-resisted|p1a: Fulfffy
|-damage|p1a: Fulfffy|77/100
|-status|p1a: Fulfffy|par
|
|upkeep
|turn|14
|
|t:|1759066640
|move|p2a: Zapdos|Hurricane|p1a: Fulfffy
|-damage|p1a: Fulfffy|45/100 par
|move|p1a: Fulfffy|Dark Pulse|p2a: Zapdos
|-damage|p2a: Zapdos|65/100
|
|-heal|p2a: Zapdos|71/100|[from] item: Leftovers
|upkeep
|turn|15
|
|t:|1759066655
|move|p2a: Zapdos|Hurricane|p1a: Fulfffy
|-damage|p1a: Fulfffy|16/100 par
|-start|p1a: Fulfffy|confusion
|-activate|p1a: Fulfffy|confusion
|-damage|p1a: Fulfffy|8/100 par|[from] confusion
|
|-heal|p2a: Zapdos|77/100|[from] item: Leftovers
|upkeep
|turn|16
|
|t:|1759066665
|move|p2a: Zapdos|Roost|p2a: Zapdos
|-heal|p2a: Zapdos|100/100
|-singleturn|p2a: Zapdos|move: Roost
|-end|p1a: Fulfffy|confusion
|move|p1a: Fulfffy|Dark Pulse|p2a: Zapdos
|-damage|p2a: Zapdos|68/100
|
|-heal|p2a: Zapdos|74/100|[from] item: Leftovers
|upkeep
|turn|17
|
|t:|1759066676
|move|p2a: Zapdos|Discharge|p1a: Fulfffy
|-resisted|p1a: Fulfffy
|-damage|p1a: Fulfffy|0 fnt
|faint|p1a: Fulfffy
|
|-heal|p2a: Zapdos|80/100|[from] item: Leftovers
|upkeep
|
|t:|1759066685
|switch|p1a: Death|Azumarill, F, shiny|49/100 par
|-damage|p1a: Death|37/100 par|[from] Stealth Rock
|turn|18
|
|t:|1759066692
|move|p1a: Death|Aqua Jet|p2a: Zapdos
|-damage|p2a: Zapdos|52/100
|move|p2a: Zapdos|Discharge|p1a: Death
|-supereffective|p1a: Death
|-damage|p1a: Death|0 fnt
|faint|p1a: Death
|
|-heal|p2a: Zapdos|58/100|[from] item: Leftovers
|upkeep
|
|t:|1759066709
|switch|p1a: Casper|Gengar, F, shiny|100/100
|-damage|p1a: Casper|88/100|[from] Stealth Rock
|turn|19
|
|t:|1759066718
|move|p1a: Casper|Sludge Wave|p2a: Zapdos
|-damage|p2a: Zapdos|0 fnt
|faint|p2a: Zapdos
|
|upkeep
|
|t:|1759066726
|switch|p2a: Volbeat|Volbeat, M|100/100
|turn|20
|
|t:|1759066731
|switch|p1a: Volcanion|Volcanion|100/100
|-damage|p1a: Volcanion|76/100|[from] Stealth Rock
|move|p2a: Volbeat|Thunder Wave|p1a: Volcanion
|-status|p1a: Volcanion|par
|
|upkeep
|turn|21
|
|t:|1759066742
|move|p2a: Volbeat|U-turn|p1a: Volcanion
|-resisted|p1a: Volcanion
|-damage|p1a: Volcanion|70/100 par
|
|t:|1759066746
|switch|p2a: Dragonite|Dragonite, M, shiny|100/100|[from] U-turn
|move|p1a: Volcanion|Sludge Wave|p2a: Dragonite
|-damage|p2a: Dragonite|79/100
|-status|p2a: Dragonite|psn
|
|-damage|p2a: Dragonite|66/100 psn|[from] psn
|upkeep
|turn|22
|
|t:|1759066761
|move|p2a: Dragonite|Dragon Dance|p2a: Dragonite
|-boost|p2a: Dragonite|atk|1
|-boost|p2a: Dragonite|spe|1
|move|p1a: Volcanion|Sludge Wave|p2a: Dragonite
|-damage|p2a: Dragonite|25/100 psn
|
|-damage|p2a: Dragonite|13/100 psn|[from] psn
|upkeep
|turn|23
|
|t:|1759066770
|move|p2a: Dragonite|Outrage|p1a: Volcanion
|-damage|p1a: Volcanion|2/100 par
|move|p1a: Volcanion|Sludge Wave|p2a: Dragonite
|-damage|p2a: Dragonite|0 fnt
|faint|p2a: Dragonite
|
|upkeep
|
|t:|1759066779
|switch|p2a: Dragapult|Dragapult, M|100/100
|turn|24
|
|t:|1759066784
|move|p2a: Dragapult|Dragon Darts|p1a: Volcanion
|-damage|p1a: Volcanion|0 fnt
|faint|p1a: Volcanion
|
|upkeep
|
|t:|1759066796
|switch|p1a: Casper|Gengar, F, shiny|88/100
|-damage|p1a: Casper|76/100|[from] Stealth Rock
|turn|25
|
|t:|1759066803
|-terastallize|p2a: Dragapult|Dragon
|-terastallize|p1a: Casper|Fairy
|move|p2a: Dragapult|Dragon Darts|p1a: Casper
|-immune|p1a: Casper
|move|p1a: Casper|Dazzling Gleam|p2a: Dragapult
|-supereffective|p2a: Dragapult
|-damage|p2a: Dragapult|0 fnt
|faint|p2a: Dragapult
|
|upkeep
|
|t:|1759066816
|switch|p2a: Volbeat|Volbeat, M|100/100
|turn|26
|
|t:|1759066825
|move|p2a: Volbeat|Thunder Wave|p1a: Casper
|-status|p1a: Casper|par
|move|p1a: Casper|Sludge Wave|p2a: Volbeat
|-damage|p2a: Volbeat|44/100
|
|upkeep
|turn|27
|
|t:|1759066834
|move|p2a: Volbeat|Roost|p2a: Volbeat
|-heal|p2a: Volbeat|94/100
|-singleturn|p2a: Volbeat|move: Roost
|move|p1a: Casper|Sludge Wave|p2a: Volbeat
|-damage|p2a: Volbeat|29/100
|-status|p2a: Volbeat|psn
|
|-damage|p2a: Volbeat|16/100 psn|[from] psn
|upkeep
|turn|28
|
|t:|1759066846
|move|p2a: Volbeat|Roost|p2a: Volbeat
|-heal|p2a: Volbeat|66/100 psn
|-singleturn|p2a: Volbeat|move: Roost
|cant|p1a: Casper|par
|
|-damage|p2a: Volbeat|54/100 psn|[from] psn
|upkeep
|turn|29
|
|t:|1759066854
|move|p2a: Volbeat|Roost|p2a: Volbeat
|-heal|p2a: Volbeat|100/100 psn
|-singleturn|p2a: Volbeat|move: Roost
|move|p1a: Casper|Sludge Wave|p2a: Volbeat
|-damage|p2a: Volbeat|42/100 psn
|
|-damage|p2a: Volbeat|30/100 psn|[from] psn
|upkeep
|turn|30
|
|t:|1759066864
|move|p2a: Volbeat|Roost|p2a: Volbeat
|-heal|p2a: Volbeat|80/100 psn
|-singleturn|p2a: Volbeat|move: Roost
|move|p1a: Casper|Psychic|p2a: Volbeat
|-damage|p2a: Volbeat|44/100 psn
|
|-damage|p2a: Volbeat|31/100 psn|[from] psn
|upkeep
|turn|31
|
|t:|1759066873
|move|p2a: Volbeat|Roost|p2a: Volbeat
|-heal|p2a: Volbeat|81/100 psn
|-singleturn|p2a: Volbeat|move: Roost
|cant|p1a: Casper|par
|
|-damage|p2a: Volbeat|69/100 psn|[from] psn
|upkeep
|turn|32
|
|t:|1759066881
|switch|p2a: Primarina|Primarina, M, shiny|100/100
|move|p1a: Casper|Psychic|p2a: Primarina
|-damage|p2a: Primarina|72/100
|
|upkeep
|turn|33
|
|t:|1759066892
|move|p1a: Casper|Sludge Wave|p2a: Primarina
|-supereffective|p2a: Primarina
|-damage|p2a: Primarina|0 fnt
|faint|p2a: Primarina
|
|upkeep
|-message|Caatomenta forfeited.
|
|win|Bruhotti
|raw|Bruhotti's rating: 1234 &rarr; <strong>1267</strong><br />(+33 for winning)
|raw|Caatomenta's rating: 1346 &rarr; <strong>1320</strong><br />(-26 for losing)
|l|☆Caatomenta
|player|p2|
|l|☆Bruhotti
|player|p1|
