|j|☆SittinGamer
|j|☆zokua
|t:|1759001000
|gametype|singles
|player|p1|SittinGamer|dawn-gen4pt|1594
|player|p2|zokua|lance|1649
|gen|9
|tier|[Gen 9] OU
|rated|
|rule|HP Percentage Mod: HP is shown in percentages
|rule|Endless Battle Clause: Forcing endless battles is banned
|rule|Species Clause: Limit one of each Pokémon
|rule|OHKO Clause: OHKO moves are banned
|rule|Evasion Items Clause: Evasion items are banned
|rule|Evasion Moves Clause: Evasion moves are banned
|rule|Evasion Abilities Clause: Evasion abilities are banned
|rule|Sleep Moves Clause: Sleep-inducing moves are banned
|clearpoke
|poke|p1|Tyranitar, M|
|poke|p1|Pecharunt|
|poke|p1|Empoleon, M|
|poke|p1|Ogerpon-Wellspring, F|
|poke|p1|Zapdos|
|poke|p1|Excadrill, F|
|poke|p2|Gholdengo|
|poke|p2|Ceruledge, F|
|poke|p2|Enamorus, F|
|poke|p2|Ribombee, F|
|poke|p2|Quaquaval, F|
|poke|p2|Iron Treads|
|teampreview
|inactive|Battle timer is ON: inactive players will automatically lose when time's up. (requested by zokua)
|inactive|SittinGamer has 120 seconds left.
|
|t:|1759001046
|teamsize|p1|6
|teamsize|p2|6
|start
|switch|p1a: Empoleon|Empoleon, M|100/100
|switch|p2a: Ribombee|Ribombee, F, shiny|100/100
|turn|1
|
|t:|1759001057
|move|p2a: Ribombee|Sticky Web|p1a: Empoleon
|-sidestart|p1: SittinGamer|move: Sticky Web
|move|p1a: Empoleon|Stealth Rock|p2a: Ribombee
|-sidestart|p2: zokua|move: Stealth Rock
|
|upkeep
|turn|2
|
|t:|1759001061
|move|p2a: Ribombee|Stun Spore|p1a: Empoleon|[miss]
|-miss|p2a: Ribombee|p1a: Empoleon
|move|p1a: Empoleon|Surf|p2a: Ribombee
|-damage|p2a: Ribombee|43/100
|
|upkeep
|turn|3
|
|t:|1759001067
|switch|p1a: Ogerpon|Ogerpon-Wellspring, F|100/100
|-activate|p1a: Ogerpon|move: Sticky Web
|-unboost|p1a: Ogerpon|spe|1
|move|p2a: Ribombee|Stun Spore|p1a: Ogerpon
|-immune|p1a: Ogerpon
|
|upkeep
|turn|4
|
|t:|1759001074
|move|p2a: Ribombee|Moonblast|p1a: Ogerpon
|-damage|p1a: Ogerpon|56/100
|-unboost|p1a: Ogerpon|spa|1
|move|p1a: Ogerpon|Ivy Cudgel|p2a: Ribombee|[anim] Ivy Cudgel Water
|-damage|p2a: Ribombee|0 fnt
|faint|p2a: Ribombee
|
|upkeep
|
|t:|1759001083
|switch|p2a: Enamorus|Enamorus, F|100/100
|-damage|p2a: Enamorus|76/100|[from] Stealth Rock
|turn|5
|
|t:|1759001102
|switch|p1a: Tyranitar|Tyranitar, M|100/100
|-weather|Sandstorm|[from] ability: Sand Stream|[of] p1a: Tyranitar
|-terastallize|p2a: Enamorus|Stellar
|move|p2a: Enamorus|Tera Blast|p1a: Tyranitar|[anim] Tera Blast Stellar
|-damage|p1a: Tyranitar|66/100
|-boost|p2a: Enamorus|atk|1
|-boost|p2a: Enamorus|spa|1
|
|-weather|Sandstorm|[upkeep]
|-damage|p2a: Enamorus|69/100|[from] Sandstorm
|upkeep
|turn|6
|
|t:|1759001109
|move|p2a: Enamorus|Superpower|p1a: Tyranitar
|-supereffective|p1a: Tyranitar
|-damage|p1a: Tyranitar|0 fnt
|-boost|p2a: Enamorus|atk|1
|-boost|p2a: Enamorus|def|1
|faint|p1a: Tyranitar
|
|-weather|Sandstorm|[upkeep]
|-damage|p2a: Enamorus|63/100|[from] Sandstorm
|upkeep
|
|t:|1759001112
|switch|p1a: Excadrill|Excadrill, F|100/100
|-item|p1a: Excadrill|Air Balloon
|turn|7
|
|t:|1759001122
|move|p1a: Excadrill|Iron Head|p2a: Enamorus
|-supereffective|p2a: Enamorus
|-damage|p2a: Enamorus|0 fnt
|faint|p2a: Enamorus
|
|-weather|Sandstorm|[upkeep]
|upkeep
|
|t:|1759001125
|switch|p2a: Gholdengo|Gholdengo|100/100
|-damage|p2a: Gholdengo|94/100|[from] Stealth Rock
|-item|p2a: Gholdengo|Air Balloon
|turn|8
|
|t:|1759001131
|move|p1a: Excadrill|Iron Head|p2a: Gholdengo
|-resisted|p2a: Gholdengo
|-damage|p2a: Gholdengo|69/100
|-enditem|p2a: Gholdengo|Air Balloon
|move|p2a: Gholdengo|Shadow Ball|p1a: Excadrill
|-damage|p1a: Excadrill|35/100
|-enditem|p1a: Excadrill|Air Balloon
|
|-weather|Sandstorm|[upkeep]
|upkeep
|turn|9
|
|t:|1759001138
|move|p1a: Excadrill|Earthquake|p2a: Gholdengo
|-supereffective|p2a: Gholdengo
|-damage|p2a: Gholdengo|0 fnt
|faint|p2a: Gholdengo
|
|-weather|none
|upkeep
|
|t:|1759001140
|switch|p2a: Quaquaval|Quaquaval, F|100/100
|-damage|p2a: Quaquaval|94/100|[from] Stealth Rock
|turn|10
|
|t:|1759001148
|move|p2a: Quaquaval|Rapid Spin|p1a: Excadrill
|-resisted|p1a: Excadrill
|-damage|p1a: Excadrill|23/100
|-boost|p2a: Quaquaval|spe|1
|-sideend|p2: zokua|Stealth Rock|[from] move: Rapid Spin|[of] p2a: Quaquaval
|move|p1a: Excadrill|Earthquake|p2a: Quaquaval
|-damage|p2a: Quaquaval|12/100
|
|upkeep
|turn|11
|
|t:|1759001152
|switch|p1a: Pecharunt|Pecharunt|100/100
|-activate|p1a: Pecharunt|move: Sticky Web
|-unboost|p1a: Pecharunt|spe|1
|move|p2a: Quaquaval|Aqua Step|p1a: Pecharunt
|-crit|p1a: Pecharunt
|-damage|p1a: Pecharunt|72/100
|-boost|p2a: Quaquaval|spe|1
|-damage|p2a: Quaquaval|0 fnt|[from] item: Rocky Helmet|[of] p1a: Pecharunt
|faint|p2a: Quaquaval
|
|upkeep
|
|t:|1759001156
|switch|p2a: Iron Treads|Iron Treads|100/100
|-enditem|p2a: Iron Treads|Booster Energy
|-activate|p2a: Iron Treads|ability: Quark Drive|[fromitem]
|-start|p2a: Iron Treads|quarkdriveatk
|turn|12
|
|t:|1759001159
|move|p2a: Iron Treads|Earthquake|p1a: Pecharunt
|-supereffective|p1a: Pecharunt
|-damage|p1a: Pecharunt|13/100
|move|p1a: Pecharunt|Parting Shot|p2a: Iron Treads
|-unboost|p2a: Iron Treads|atk|1
|-unboost|p2a: Iron Treads|spa|1
|
|t:|1759001166
|switch|p1a: Ogerpon|Ogerpon-Wellspring, F|56/100|[from] Parting Shot
|-activate|p1a: Ogerpon|move: Sticky Web
|-unboost|p1a: Ogerpon|spe|1
|
|upkeep
|turn|13
|
|t:|1759001170
|move|p2a: Iron Treads|Ice Spinner|p1a: Ogerpon
|-damage|p1a: Ogerpon|24/100
|move|p1a: Ogerpon|Ivy Cudgel|p2a: Iron Treads|[anim] Ivy Cudgel Water
|-supereffective|p2a: Iron Treads
|-damage|p2a: Iron Treads|16/100
|
|upkeep
|turn|14
|
|t:|1759001173
|move|p2a: Iron Treads|Ice Spinner|p1a: Ogerpon
|-damage|p1a: Ogerpon|0 fnt
|faint|p1a: Ogerpon
|
|upkeep
|
|t:|1759001184
|switch|p1a: Zapdos|Zapdos|100/100
|turn|15
|
|t:|1759001188
|move|p1a: Zapdos|Hurricane|p2a: Iron Treads
|-resisted|p2a: Iron Treads
|-damage|p2a: Iron Treads|0 fnt
|faint|p2a: Iron Treads
|-end|p2a: Iron Treads|Quark Drive|[silent]
|
|upkeep
|
|t:|1759001190
|switch|p2a: Ceruledge|Ceruledge, F|100/100
|turn|16
|
|t:|1759001199
|move|p1a: Zapdos|Volt Switch|p2a: Ceruledge
|-damage|p2a: Ceruledge|56/100
|
|t:|1759001206
|switch|p1a: Pecharunt|Pecharunt|13/100|[from] Volt Switch
|-activate|p1a: Pecharunt|move: Sticky Web
|-unboost|p1a: Pecharunt|spe|1
|move|p2a: Ceruledge|Bitter Blade|p1a: Pecharunt
|-damage|p1a: Pecharunt|0 fnt
|-heal|p2a: Ceruledge|64/100|[from] drain|[of] p1a: Pecharunt
|-damage|p2a: Ceruledge|48/100|[from] item: Rocky Helmet|[of] p1a: Pecharunt
|faint|p1a: Pecharunt
|
|upkeep
|
|t:|1759001208
|switch|p1a: Empoleon|Empoleon, M|100/100
|-activate|p1a: Empoleon|move: Sticky Web
|-unboost|p1a: Empoleon|spe|1
|-ability|p1a: Empoleon|Competitive|boost
|-boost|p1a: Empoleon|spa|2
|turn|17
|
|t:|1759001225
|-terastallize|p1a: Empoleon|Grass
|move|p2a: Ceruledge|Bitter Blade|p1a: Empoleon
|-supereffective|p1a: Empoleon
|-damage|p1a: Empoleon|0 fnt
|-heal|p2a: Ceruledge|100/100|[from] drain|[of] p1a: Empoleon
|faint|p1a: Empoleon
|
|upkeep
|
|t:|1759001229
|switch|p1a: Zapdos|Zapdos|100/100
|turn|18
|c|☆zokua|lol
|
|t:|1759001236
|move|p1a: Zapdos|Thunder Wave|p2a: Ceruledge
|-status|p2a: Ceruledge|par
|move|p2a: Ceruledge|Bitter Blade|p1a: Zapdos
|-damage|p1a: Zapdos|37/100
|
|upkeep
|turn|19
|c|☆SittinGamer|dude the last like 20 ledges ive seen have clicked close combat
|c|☆zokua|fair
|
|t:|1759001254
|move|p1a: Zapdos|Roost|p1a: Zapdos
|-heal|p1a: Zapdos|87/100
|-singleturn|p1a: Zapdos|move: Roost
|move|p2a: Ceruledge|Swords Dance|p2a: Ceruledge
|-boost|p2a: Ceruledge|atk|2
|
|upkeep
|turn|20
|c|☆SittinGamer|ive been pavlov'd
|
|t:|1759001260
|move|p1a: Zapdos|Hurricane|p2a: Ceruledge|[miss]
|-miss|p1a: Zapdos|p2a: Ceruledge
|move|p2a: Ceruledge|Bitter Blade|p1a: Zapdos
|-damage|p1a: Zapdos|0 fnt
|faint|p1a: Zapdos
|
|upkeep
|
|t:|1759001263
|switch|p1a: Excadrill|Excadrill, F|23/100
|-activate|p1a: Excadrill|move: Sticky Web
|-unboost|p1a: Excadrill|spe|1
|turn|21
|
|t:|1759001265
|move|p2a: Ceruledge|Shadow Sneak|p1a: Excadrill
|-crit|p1a: Excadrill
|-damage|p1a: Excadrill|0 fnt
|faint|p1a: Excadrill
|
|win|zokua
|raw|SittinGamer's rating: 1594 &rarr; <strong>1577</strong><br />(-17 for losing)
|raw|zokua's rating: 1649 &rarr; <strong>1666</strong><br />(+17 for winning)
|l|☆SittinGamer
|player|p1|
|c|☆zokua|thanks
|l|☆zokua
|player|p2|
