|j|☆phevans1
|j|☆pichin
|t:|1758997253
|gametype|singles
|player|p1|phevans1|170|1081
|player|p2|pichin|mira|1120
|gen|9
|tier|[Gen 9] OU
|rated|
|rule|HP Percentage Mod: HP is shown in percentages
|rule|Endless Battle Clause: Forcing endless battles is banned
|rule|Species Clause: Limit one of each Pokémon
|rule|OHKO Clause: OHKO moves are banned
|rule|Evasion Items Clause: Evasion items are banned
|rule|Evasion Moves Clause: Evasion moves are banned
|rule|Evasion Abilities Clause: Evasion abilities are banned
|rule|Sleep Moves Clause: Sleep-inducing moves are banned
|clearpoke
|poke|p1|Alomomola, F|
|poke|p1|Ting-Lu|
|poke|p1|Zamazenta-*|
|poke|p1|Cinderace, F|
|poke|p1|Dragonite, F|
|poke|p1|Slowking-Galar, F|
|poke|p2|Hippowdon, F|
|poke|p2|Sandslash, M|
|poke|p2|Tyranitar, F|
|poke|p2|Lapras, F|
|poke|p2|Sudowoodo, L1, M|
|poke|p2|Gengar, F|
|teampreview
|
|t:|1758997258
|teamsize|p1|6
|teamsize|p2|6
|start
|switch|p1a: Ting-Lu|Ting-Lu|100/100
|switch|p2a: Gengar|Gengar, F|100/100
|-ability|p1a: Ting-Lu|Vessel of Ruin
|turn|1
|inactive|Battle timer is ON: inactive players will automatically lose when time's up. (requested by pichin)
|
|t:|1758997266
|move|p2a: Gengar|Trick|p1a: Ting-Lu
|-activate|p2a: Gengar|move: Trick|[of] p1a: Ting-Lu
|-item|p1a: Ting-Lu|Choice Scarf|[from] move: Trick
|-item|p2a: Gengar|Rocky Helmet|[from] move: Trick
|move|p1a: Ting-Lu|Earthquake|p2a: Gengar
|-supereffective|p2a: Gengar
|-damage|p2a: Gengar|0 fnt
|-start|p1a: Ting-Lu|Disable|Earthquake|[from] ability: Cursed Body|[of] p2a: Gengar
|faint|p2a: Gengar
|
|upkeep
|inactive|pichin has 120 seconds left.
|inactive|pichin has 90 seconds left.
|
|t:|1758997334
|switch|p2a: Sudowoodo|Sudowoodo, L1, M|100/100
|turn|2
|
|t:|1758997359
|switch|p1a: Dragonite|Dragonite, F|100/100
|move|p2a: Sudowoodo|Endeavor|p1a: Dragonite
|-damage|p1a: Dragonite|4/100
|
|upkeep
|turn|3
|
|t:|1758997378
|switch|p2a: Hippowdon|Hippowdon, F|100/100
|-weather|Sandstorm|[from] ability: Sand Stream|[of] p2a: Hippowdon
|move|p1a: Dragonite|Extreme Speed|p2a: Hippowdon
|-damage|p2a: Hippowdon|85/100
|-damage|p1a: Dragonite|0 fnt|[from] item: Rocky Helmet|[of] p2a: Hippowdon
|faint|p1a: Dragonite
|
|-weather|Sandstorm|[upkeep]
|upkeep
|
|t:|1758997391
|switch|p1a: Ting-Lu|Ting-Lu|100/100
|-ability|p1a: Ting-Lu|Vessel of Ruin
|turn|4
|
|t:|1758997400
|move|p1a: Ting-Lu|Spikes|p2a: Hippowdon
|-sidestart|p2: pichin|Spikes
|move|p2a: Hippowdon|Stealth Rock|p1a: Ting-Lu
|-sidestart|p1: phevans1|move: Stealth Rock
|
|-weather|Sandstorm|[upkeep]
|upkeep
|turn|5
|
|t:|1758997408
|switch|p2a: Sandslash|Sandslash, M|100/100
|-damage|p2a: Sandslash|88/100|[from] Spikes
|move|p1a: Ting-Lu|Spikes|p2a: Sandslash
|-sidestart|p2: pichin|Spikes
|
|-weather|Sandstorm|[upkeep]
|upkeep
|turn|6
|
|t:|1758997420
|switch|p1a: Zamazenta|Zamazenta|100/100
|-damage|p1a: Zamazenta|94/100|[from] Stealth Rock
|-ability|p1a: Zamazenta|Dauntless Shield|boost
|-boost|p1a: Zamazenta|def|1
|move|p2a: Sandslash|Rapid Spin|p1a: Zamazenta
|-damage|p1a: Zamazenta|84/100
|-boost|p2a: Sandslash|spe|1
|-sideend|p2: pichin|Spikes|[from] move: Rapid Spin|[of] p2a: Sandslash
|-damage|p2a: Sandslash|78/100|[from] item: Life Orb
|
|-weather|Sandstorm|[upkeep]
|-damage|p1a: Zamazenta|78/100|[from] Sandstorm
|-heal|p1a: Zamazenta|84/100|[from] item: Leftovers
|upkeep
|turn|7
|
|t:|1758997434
|switch|p2a: Hippowdon|Hippowdon, F|85/100
|move|p1a: Zamazenta|Iron Defense|p1a: Zamazenta
|-boost|p1a: Zamazenta|def|2
|
|-weather|none
|-heal|p1a: Zamazenta|90/100|[from] item: Leftovers
|upkeep
|turn|8
|
|t:|1758997443
|move|p1a: Zamazenta|Body Press|p2a: Hippowdon
|-damage|p2a: Hippowdon|37/100
|-damage|p1a: Zamazenta|74/100|[from] item: Rocky Helmet|[of] p2a: Hippowdon
|move|p2a: Hippowdon|Roar|p1a: Zamazenta
|drag|p1a: Alomomola|Alomomola, F|100/100
|
|upkeep
|turn|9
|
|t:|1758997454
|switch|p2a: Lapras|Lapras, F|100/100
|move|p1a: Alomomola|Scald|p2a: Lapras
|-immune|p2a: Lapras|[from] ability: Water Absorb
|
|upkeep
|turn|10
|
|t:|1758997464
|move|p1a: Alomomola|Protect|p1a: Alomomola
|-singleturn|p1a: Alomomola|Protect
|move|p2a: Lapras|Dragon Dance|p2a: Lapras
|-boost|p2a: Lapras|atk|1
|-boost|p2a: Lapras|spe|1
|
|upkeep
|turn|11
|
|t:|1758997474
|switch|p1a: Slowking|Slowking-Galar, F|100/100
|move|p2a: Lapras|Dragon Dance|p2a: Lapras
|-boost|p2a: Lapras|atk|1
|-boost|p2a: Lapras|spe|1
|
|upkeep
|turn|12
|
|t:|1758997482
|move|p2a: Lapras|Dragon Dance|p2a: Lapras
|-boost|p2a: Lapras|atk|1
|-boost|p2a: Lapras|spe|1
|move|p1a: Slowking|Thunder Wave|p2a: Lapras
|-status|p2a: Lapras|par
|
|upkeep
|turn|13
|
|t:|1758997489
|move|p2a: Lapras|Dragon Dance|p2a: Lapras
|-boost|p2a: Lapras|atk|1
|-boost|p2a: Lapras|spe|1
|move|p1a: Slowking|Future Sight|p2a: Lapras
|-start|p1a: Slowking|move: Future Sight
|
|upkeep
|turn|14
|
|t:|1758997494
|move|p2a: Lapras|Dragon Dance|p2a: Lapras
|-boost|p2a: Lapras|atk|1
|-boost|p2a: Lapras|spe|1
|move|p1a: Slowking|Sludge Bomb|p2a: Lapras
|-damage|p2a: Lapras|78/100 par
|
|upkeep
|turn|15
|
|t:|1758997505
|-terastallize|p1a: Slowking|Water
|move|p2a: Lapras|Dragon Dance|p2a: Lapras
|-boost|p2a: Lapras|atk|1
|-boost|p2a: Lapras|spe|1
|move|p1a: Slowking|Sludge Bomb|p2a: Lapras
|-crit|p2a: Lapras
|-damage|p2a: Lapras|45/100 par
|
|-end|p2a: Lapras|move: Future Sight
|-damage|p2a: Lapras|15/100 par
|upkeep
|turn|16
|
|t:|1758997517
|move|p2a: Lapras|Rest|p2a: Lapras
|-status|p2a: Lapras|slp|[from] move: Rest
|-heal|p2a: Lapras|100/100 slp|[silent]
|-enditem|p2a: Lapras|Chesto Berry|[eat]
|-curestatus|p2a: Lapras|slp|[msg]
|move|p1a: Slowking|Sludge Bomb|p2a: Lapras
|-damage|p2a: Lapras|76/100
|
|upkeep
|turn|17
|
|t:|1758997530
|move|p2a: Lapras|Waterfall|p1a: Slowking
|-resisted|p1a: Slowking
|-damage|p1a: Slowking|37/100
|move|p1a: Slowking|Thunder Wave|p2a: Lapras
|-status|p2a: Lapras|par
|
|upkeep
|turn|18
|
|t:|1758997538
|move|p2a: Lapras|Waterfall|p1a: Slowking
|-resisted|p1a: Slowking
|-damage|p1a: Slowking|0 fnt
|faint|p1a: Slowking
|
|upkeep
|
|t:|1758997541
|switch|p1a: Zamazenta|Zamazenta|74/100
|-damage|p1a: Zamazenta|68/100|[from] Stealth Rock
|turn|19
|
|t:|1758997550
|-terastallize|p2a: Lapras|Fire
|move|p1a: Zamazenta|Body Press|p2a: Lapras
|-damage|p2a: Lapras|50/100 par
|move|p2a: Lapras|Waterfall|p1a: Zamazenta
|-damage|p1a: Zamazenta|0 fnt
|faint|p1a: Zamazenta
|
|upkeep
|
|t:|1758997554
|switch|p1a: Ting-Lu|Ting-Lu|100/100
|-damage|p1a: Ting-Lu|94/100|[from] Stealth Rock
|-ability|p1a: Ting-Lu|Vessel of Ruin
|turn|20
|
|t:|1758997565
|cant|p2a: Lapras|par
|move|p1a: Ting-Lu|Earthquake|p2a: Lapras
|-supereffective|p2a: Lapras
|-damage|p2a: Lapras|0 fnt
|faint|p2a: Lapras
|
|upkeep
|
|t:|1758997583
|switch|p2a: Sandslash|Sandslash, M|78/100
|turn|21
|
|t:|1758997588
|switch|p1a: Alomomola|Alomomola, F|100/100
|move|p2a: Sandslash|Leech Life|p1a: Alomomola
|-damage|p1a: Alomomola|84/100
|-heal|p2a: Sandslash|93/100|[from] drain|[of] p1a: Alomomola
|-damage|p2a: Sandslash|83/100|[from] item: Life Orb
|
|upkeep
|turn|22
|
|t:|1758997600
|switch|p2a: Tyranitar|Tyranitar, F|100/100
|-weather|Sandstorm|[from] ability: Sand Stream|[of] p2a: Tyranitar
|move|p1a: Alomomola|Scald|p2a: Tyranitar
|-supereffective|p2a: Tyranitar
|-damage|p2a: Tyranitar|86/100
|
|-weather|Sandstorm|[upkeep]
|-damage|p1a: Alomomola|78/100|[from] Sandstorm
|upkeep
|turn|23
|inactive|pichin has 120 seconds left.
|
|t:|1758997659
|move|p2a: Tyranitar|Knock Off|p1a: Alomomola
|-damage|p1a: Alomomola|53/100
|-enditem|p1a: Alomomola|Heavy-Duty Boots|[from] move: Knock Off|[of] p2a: Tyranitar
|move|p1a: Alomomola|Scald|p2a: Tyranitar
|-supereffective|p2a: Tyranitar
|-damage|p2a: Tyranitar|71/100
|
|-weather|Sandstorm|[upkeep]
|-damage|p1a: Alomomola|47/100|[from] Sandstorm
|upkeep
|turn|24
|inactive|pichin has 90 seconds left.
|
|t:|1758997675
|move|p2a: Tyranitar|Knock Off|p1a: Alomomola
|-damage|p1a: Alomomola|32/100
|move|p1a: Alomomola|Wish|p1a: Alomomola
|
|-weather|Sandstorm|[upkeep]
|-damage|p1a: Alomomola|26/100|[from] Sandstorm
|upkeep
|turn|25
|
|t:|1758997682
|switch|p2a: Sudowoodo|Sudowoodo, L1, M|100/100
|move|p1a: Alomomola|Scald|p2a: Sudowoodo
|-supereffective|p2a: Sudowoodo
|-ability|p2a: Sudowoodo|Sturdy
|-damage|p2a: Sudowoodo|9/100
|-status|p2a: Sudowoodo|brn
|
|-weather|Sandstorm|[upkeep]
|-damage|p1a: Alomomola|20/100|[from] Sandstorm
|-heal|p1a: Alomomola|70/100|[from] move: Wish|[wisher] Alomomola
|-damage|p2a: Sudowoodo|0 fnt|[from] brn
|faint|p2a: Sudowoodo
|upkeep
|inactive|pichin has 90 seconds left.
|
|t:|1758997708
|switch|p2a: Sandslash|Sandslash, M|83/100
|turn|26
|
|t:|1758997712
|move|p2a: Sandslash|Earthquake|p1a: Alomomola
|-damage|p1a: Alomomola|34/100
|-damage|p2a: Sandslash|73/100|[from] item: Life Orb
|move|p1a: Alomomola|Scald|p2a: Sandslash
|-supereffective|p2a: Sandslash
|-damage|p2a: Sandslash|19/100
|
|-weather|Sandstorm|[upkeep]
|-damage|p1a: Alomomola|28/100|[from] Sandstorm
|upkeep
|turn|27
|inactive|pichin has 90 seconds left.
|
|t:|1758997723
|switch|p1a: Ting-Lu|Ting-Lu|94/100
|-damage|p1a: Ting-Lu|88/100|[from] Stealth Rock
|-ability|p1a: Ting-Lu|Vessel of Ruin
|move|p2a: Sandslash|Earthquake|p1a: Ting-Lu
|-damage|p1a: Ting-Lu|53/100
|-damage|p2a: Sandslash|9/100|[from] item: Life Orb
|
|-weather|Sandstorm|[upkeep]
|upkeep
|turn|28
|inactive|pichin has 90 seconds left.
|
|t:|1758997734
|move|p2a: Sandslash|Leech Life|p1a: Ting-Lu
|-supereffective|p1a: Ting-Lu
|-crit|p1a: Ting-Lu
|-damage|p1a: Ting-Lu|0 fnt
|-heal|p2a: Sandslash|56/100|[from] drain|[of] p1a: Ting-Lu
|faint|p1a: Ting-Lu
|-damage|p2a: Sandslash|46/100|[from] item: Life Orb
|
|-weather|Sandstorm|[upkeep]
|upkeep
|
|t:|1758997746
|switch|p1a: Cinderace|Cinderace, F|100/100
|turn|29
|
|t:|1758997752
|move|p2a: Sandslash|Earthquake|p1a: Cinderace
|-supereffective|p1a: Cinderace
|-damage|p1a: Cinderace|0 fnt
|faint|p1a: Cinderace
|-damage|p2a: Sandslash|36/100|[from] item: Life Orb
|
|-weather|none
|upkeep
|
|t:|1758997755
|switch|p1a: Alomomola|Alomomola, F|61/100
|-damage|p1a: Alomomola|49/100|[from] Stealth Rock
|turn|30
|
|t:|1758997763
|move|p2a: Sandslash|Earthquake|p1a: Alomomola
|-damage|p1a: Alomomola|14/100
|-damage|p2a: Sandslash|26/100|[from] item: Life Orb
|move|p1a: Alomomola|Wish|p1a: Alomomola
|
|upkeep
|turn|31
|
|t:|1758997771
|switch|p2a: Tyranitar|Tyranitar, F|71/100
|-weather|Sandstorm|[from] ability: Sand Stream|[of] p2a: Tyranitar
|move|p1a: Alomomola|Protect||[still]
|-fail|p1a: Alomomola
|
|-weather|Sandstorm|[upkeep]
|-damage|p1a: Alomomola|8/100|[from] Sandstorm
|-heal|p1a: Alomomola|58/100|[from] move: Wish|[wisher] Alomomola
|upkeep
|turn|32
|inactive|pichin has 120 seconds left.
|
|t:|1758997785
|move|p2a: Tyranitar|Stone Edge|p1a: Alomomola
|-damage|p1a: Alomomola|35/100
|move|p1a: Alomomola|Wish|p1a: Alomomola
|
|-weather|Sandstorm|[upkeep]
|-damage|p1a: Alomomola|28/100|[from] Sandstorm
|upkeep
|turn|33
|inactive|pichin has 120 seconds left.
|
|t:|1758997794
|move|p2a: Tyranitar|Stone Edge|p1a: Alomomola
|-damage|p1a: Alomomola|5/100
|move|p1a: Alomomola|Scald|p2a: Tyranitar
|-supereffective|p2a: Tyranitar
|-damage|p2a: Tyranitar|57/100
|
|-weather|Sandstorm|[upkeep]
|-damage|p1a: Alomomola|0 fnt|[from] Sandstorm
|faint|p1a: Alomomola
|
|win|pichin
|raw|phevans1's rating: 1081 &rarr; <strong>1061</strong><br />(-20 for losing)
|raw|pichin's rating: 1120 &rarr; <strong>1142</strong><br />(+22 for winning)
|l|☆phevans1
|player|p1|
|c|☆pichin|Gg
|l|☆pichin
|player|p2|
