|j|☆lolproplayer
|j|☆bl21812
|t:|1758969784
|gametype|singles
|player|p1|lolproplayer|101|1574
|player|p2|bl21812|janitor|1547
|gen|9
|tier|[Gen 9] OU
|rated|
|rule|HP Percentage Mod: HP is shown in percentages
|rule|Endless Battle Clause: Forcing endless battles is banned
|rule|Species Clause: Limit one of each Pokémon
|rule|OHKO Clause: OHKO moves are banned
|rule|Evasion Items Clause: Evasion items are banned
|rule|Evasion Moves Clause: Evasion moves are banned
|rule|Evasion Abilities Clause: Evasion abilities are banned
|rule|Sleep Moves Clause: Sleep-inducing moves are banned
|clearpoke
|poke|p1|Ursaluna, F|
|poke|p1|Cresselia, F|
|poke|p1|Iron Hands|
|poke|p1|Volcanion|
|poke|p1|Hatterene, F|
|poke|p1|Porygon2|
|poke|p2|Corviknight, F|
|poke|p2|Slowking-Galar, M|
|poke|p2|Dragapult, M|
|poke|p2|Ting-Lu|
|poke|p2|Hydrapple, F|
|poke|p2|Enamorus, F|
|teampreview
|
|t:|1758969808
|teamsize|p1|6
|teamsize|p2|6
|start
|switch|p1a: Neckless|Porygon2|100/100
|switch|p2a: Dragapult|Dragapult, M|100/100
|-ability|p1a: Neckless|Download|boost
|-boost|p1a: Neckless|spa|1
|turn|1
|
|t:|1758969817
|move|p2a: Dragapult|U-turn|p1a: Neckless
|-damage|p1a: Neckless|76/100
|
|t:|1758969822
|switch|p2a: Slowking|Slowking-Galar, M|100/100|[from] U-turn
|move|p1a: Neckless|Trick Room|p1a: Neckless
|-fieldstart|move: Trick Room|[of] p1a: Neckless
|
|upkeep
|turn|2
|
|t:|1758969830
|-prepare|p2a: Slowking|Chilly Reception|[premajor]
|move|p2a: Slowking|Chilly Reception|p2a: Slowking
|-weather|Snowscape
|
|t:|1758969860
|switch|p2a: Hydrapple|Hydrapple, F|100/100|[from] Chilly Reception
|move|p1a: Neckless|Tera Blast|p2a: Hydrapple
|-damage|p2a: Hydrapple|40/100
|
|-weather|Snowscape|[upkeep]
|upkeep
|turn|3
|
|t:|1758969872
|switch|p2a: Ting-Lu|Ting-Lu|100/100
|-ability|p2a: Ting-Lu|Vessel of Ruin
|move|p1a: Neckless|Ice Beam|p2a: Ting-Lu
|-supereffective|p2a: Ting-Lu
|-damage|p2a: Ting-Lu|65/100
|
|-weather|Snowscape|[upkeep]
|-heal|p2a: Ting-Lu|71/100|[from] item: Leftovers
|upkeep
|turn|4
|
|t:|1758969882
|switch|p2a: Slowking|Slowking-Galar, M|100/100
|move|p1a: Neckless|Ice Beam|p2a: Slowking
|-damage|p2a: Slowking|76/100
|
|-weather|Snowscape|[upkeep]
|upkeep
|turn|5
|
|t:|1758969892
|move|p2a: Slowking|Future Sight|p1a: Neckless
|-start|p2a: Slowking|move: Future Sight
|move|p1a: Neckless|Tera Blast|p2a: Slowking
|-damage|p2a: Slowking|44/100
|
|-weather|Snowscape|[upkeep]
|-fieldend|move: Trick Room
|upkeep
|turn|6
|
|t:|1758969900
|-terastallize|p1a: Neckless|Ground
|move|p1a: Neckless|Tera Blast|p2a: Slowking|[anim] Tera Blast Ground
|-supereffective|p2a: Slowking
|-damage|p2a: Slowking|0 fnt
|faint|p2a: Slowking
|
|-weather|none
|upkeep
|
|t:|1758969914
|switch|p2a: Hydrapple|Hydrapple, F|74/100
|turn|7
|
|t:|1758969936
|-terastallize|p2a: Hydrapple|Fairy
|move|p2a: Hydrapple|Giga Drain|p1a: Neckless
|-supereffective|p1a: Neckless
|-damage|p1a: Neckless|36/100
|-heal|p2a: Hydrapple|92/100|[from] drain|[of] p1a: Neckless
|move|p1a: Neckless|Ice Beam|p2a: Hydrapple
|-damage|p2a: Hydrapple|50/100
|
|-end|p1a: Neckless|move: Future Sight
|-damage|p1a: Neckless|9/100
|upkeep
|turn|8
|-message|lolproplayer forfeited.
|
|win|bl21812
|raw|lolproplayer's rating: 1574 &rarr; <strong>1552</strong><br />(-22 for losing)
|raw|bl21812's rating: 1547 &rarr; <strong>1569</strong><br />(+22 for winning)
|l|☆lolproplayer
|player|p1|
|l|☆bl21812
|player|p2|
