|j|☆GentleDnite
|j|☆will-i-am2
|t:|1758939463
|gametype|singles
|player|p1|GentleDnite|cheren-masters|1547
|player|p2|will-i-am2|265|1558
|gen|9
|tier|[Gen 9] OU
|rated|
|rule|HP Percentage Mod: HP is shown in percentages
|rule|Endless Battle Clause: Forcing endless battles is banned
|rule|Species Clause: Limit one of each Pokémon
|rule|OHKO Clause: OHKO moves are banned
|rule|Evasion Items Clause: Evasion items are banned
|rule|Evasion Moves Clause: Evasion moves are banned
|rule|Evasion Abilities Clause: Evasion abilities are banned
|rule|Sleep Moves Clause: Sleep-inducing moves are banned
|clearpoke
|poke|p1|Keldeo-Resolute|
|poke|p1|Dragapult, M|
|poke|p1|Slowking-Galar, F|
|poke|p1|Kingambit, M|
|poke|p1|Zapdos|
|poke|p1|Great Tusk|
|poke|p2|Registeel|
|poke|p2|Mamoswine, M|
|poke|p2|Mimikyu, F|
|poke|p2|Hydreigon, M|
|poke|p2|Slowbro, F|
|poke|p2|Mandibuzz, F|
|teampreview
|inactive|Battle timer is ON: inactive players will automatically lose when time's up. (requested by GentleDnite)
|inactive|GentleDnite has 120 seconds left.
|inactive|GentleDnite has 90 seconds left.
|
|t:|1758939529
|teamsize|p1|6
|teamsize|p2|6
|start
|switch|p1a: Baseless truths|Keldeo-Resolute|100/100
|switch|p2a: Mamoswine|Mamoswine, M|100/100
|turn|1
|
|t:|1758939535
|switch|p2a: Slowbro|Slowbro, F|100/100
|move|p1a: Baseless truths|Calm Mind|p1a: Baseless truths
|-boost|p1a: Baseless truths|spa|1
|-boost|p1a: Baseless truths|spd|1
|
|upkeep
|turn|2
|inactive|will-i-am2 has 120 seconds left.
|
|t:|1758939576
|move|p1a: Baseless truths|Substitute|p1a: Baseless truths
|-start|p1a: Baseless truths|Substitute
|-damage|p1a: Baseless truths|76/100
|move|p2a: Slowbro|Psychic|p1a: Baseless truths
|-supereffective|p1a: Baseless truths
|-end|p1a: Baseless truths|Substitute
|
|-heal|p1a: Baseless truths|82/100|[from] item: Leftovers
|upkeep
|turn|3
|
|t:|1758939593
|-terastallize|p1a: Baseless truths|Steel
|move|p1a: Baseless truths|Substitute|p1a: Baseless truths
|-start|p1a: Baseless truths|Substitute
|-damage|p1a: Baseless truths|57/100
|move|p2a: Slowbro|Psychic|p1a: Baseless truths
|-resisted|p1a: Baseless truths
|-activate|p1a: Baseless truths|move: Substitute|[damage]
|
|-heal|p1a: Baseless truths|63/100|[from] item: Leftovers
|upkeep
|turn|4
|inactive|will-i-am2 has 120 seconds left.
|
|t:|1758939604
|move|p1a: Baseless truths|Calm Mind|p1a: Baseless truths
|-boost|p1a: Baseless truths|spa|1
|-boost|p1a: Baseless truths|spd|1
|move|p2a: Slowbro|Scald|p1a: Baseless truths
|-end|p1a: Baseless truths|Substitute
|
|-heal|p1a: Baseless truths|69/100|[from] item: Leftovers
|upkeep
|turn|5
|inactive|will-i-am2 has 120 seconds left.
|
|t:|1758939615
|move|p1a: Baseless truths|Substitute|p1a: Baseless truths
|-start|p1a: Baseless truths|Substitute
|-damage|p1a: Baseless truths|44/100
|move|p2a: Slowbro|Scald|p1a: Baseless truths
|-activate|p1a: Baseless truths|move: Substitute|[damage]
|
|-heal|p1a: Baseless truths|50/100|[from] item: Leftovers
|upkeep
|turn|6
|
|t:|1758939621
|move|p1a: Baseless truths|Calm Mind|p1a: Baseless truths
|-boost|p1a: Baseless truths|spa|1
|-boost|p1a: Baseless truths|spd|1
|move|p2a: Slowbro|Scald|p1a: Baseless truths
|-end|p1a: Baseless truths|Substitute
|
|-heal|p1a: Baseless truths|56/100|[from] item: Leftovers
|upkeep
|turn|7
|
|t:|1758939628
|move|p1a: Baseless truths|Calm Mind|p1a: Baseless truths
|-boost|p1a: Baseless truths|spa|1
|-boost|p1a: Baseless truths|spd|1
|move|p2a: Slowbro|Trick Room|p2a: Slowbro
|-fieldstart|move: Trick Room|[of] p2a: Slowbro
|
|-heal|p1a: Baseless truths|62/100|[from] item: Leftovers
|upkeep
|turn|8
|
|t:|1758939632
|switch|p2a: Mimikyu|Mimikyu, F|100/100
|move|p1a: Baseless truths|Substitute|p1a: Baseless truths
|-start|p1a: Baseless truths|Substitute
|-damage|p1a: Baseless truths|37/100
|
|-heal|p1a: Baseless truths|43/100|[from] item: Leftovers
|upkeep
|turn|9
|
|t:|1758939639
|move|p2a: Mimikyu|Drain Punch|p1a: Baseless truths
|-supereffective|p1a: Baseless truths
|-end|p1a: Baseless truths|Substitute
|-damage|p2a: Mimikyu|91/100|[from] item: Life Orb
|move|p1a: Baseless truths|Surf|p2a: Mimikyu
|-activate|p2a: Mimikyu|ability: Disguise
|-damage|p2a: Mimikyu|91/100
|detailschange|p2a: Mimikyu|Mimikyu-Busted, F
|-damage|p2a: Mimikyu|78/100|[from] pokemon: Mimikyu-Busted
|
|-heal|p1a: Baseless truths|50/100|[from] item: Leftovers
|upkeep
|turn|10
|
|t:|1758939646
|-terastallize|p2a: Mimikyu|Fighting
|move|p2a: Mimikyu|Drain Punch|p1a: Baseless truths
|-supereffective|p1a: Baseless truths
|-damage|p1a: Baseless truths|0 fnt
|-heal|p2a: Mimikyu|100/100|[from] drain|[of] p1a: Baseless truths
|faint|p1a: Baseless truths
|-damage|p2a: Mimikyu|91/100|[from] item: Life Orb
|
|upkeep
|
|t:|1758939651
|switch|p1a: Prophet|Slowking-Galar, F|100/100
|turn|11
|
|t:|1758939657
|switch|p2a: Registeel|Registeel|100/100
|move|p1a: Prophet|Psyshock|p2a: Registeel
|-resisted|p2a: Registeel
|-damage|p2a: Registeel|91/100
|
|-heal|p2a: Registeel|97/100|[from] item: Leftovers
|-fieldend|move: Trick Room
|upkeep
|turn|12
|
|t:|1758939661
|move|p2a: Registeel|Stealth Rock|p1a: Prophet
|-sidestart|p1: GentleDnite|move: Stealth Rock
|move|p1a: Prophet|Trick|p2a: Registeel
|-activate|p1a: Prophet|move: Trick|[of] p2a: Registeel
|-item|p2a: Registeel|Black Sludge|[from] move: Trick
|-item|p1a: Prophet|Leftovers|[from] move: Trick
|
|-damage|p2a: Registeel|85/100|[from] item: Black Sludge
|upkeep
|turn|13
|
|t:|1758939666
|move|p2a: Registeel|Thunder Wave|p1a: Prophet
|-status|p1a: Prophet|par
|-prepare|p1a: Prophet|Chilly Reception|[premajor]
|move|p1a: Prophet|Chilly Reception|p1a: Prophet
|-weather|Snowscape
|
|t:|1758939672
|switch|p1a: Great Tusk|Great Tusk|100/100|[from] Chilly Reception
|-damage|p1a: Great Tusk|98/100|[from] Stealth Rock
|-enditem|p1a: Great Tusk|Booster Energy
|-activate|p1a: Great Tusk|ability: Protosynthesis|[fromitem]
|-start|p1a: Great Tusk|protosynthesisatk
|
|-weather|Snowscape|[upkeep]
|-damage|p2a: Registeel|72/100|[from] item: Black Sludge
|upkeep
|turn|14
|
|t:|1758939677
|switch|p2a: Slowbro|Slowbro, F|100/100
|move|p1a: Great Tusk|Rapid Spin|p2a: Slowbro
|-damage|p2a: Slowbro|84/100
|-boost|p1a: Great Tusk|spe|1
|-sideend|p1: GentleDnite|Stealth Rock|[from] move: Rapid Spin|[of] p1a: Great Tusk
|
|-weather|Snowscape|[upkeep]
|-heal|p2a: Slowbro|90/100|[from] item: Leftovers
|upkeep
|turn|15
|
|t:|1758939684
|-end|p1a: Great Tusk|Protosynthesis|[silent]
|switch|p1a: Kingambit|Kingambit, M|100/100
|-activate|p1a: Kingambit|ability: Supreme Overlord
|-start|p1a: Kingambit|fallen1|[silent]
|move|p2a: Slowbro|Scald|p1a: Kingambit
|-damage|p1a: Kingambit|59/100
|
|-weather|Snowscape|[upkeep]
|-heal|p1a: Kingambit|65/100|[from] item: Leftovers
|-heal|p2a: Slowbro|96/100|[from] item: Leftovers
|upkeep
|turn|16
|
|t:|1758939694
|-end|p1a: Kingambit|fallen1|[silent]
|switch|p1a: Zapdos|Zapdos|100/100
|move|p2a: Slowbro|Scald|p1a: Zapdos
|-damage|p1a: Zapdos|62/100
|-status|p1a: Zapdos|brn
|
|-weather|Snowscape|[upkeep]
|-heal|p2a: Slowbro|100/100|[from] item: Leftovers
|-damage|p1a: Zapdos|56/100 brn|[from] brn
|upkeep
|turn|17
|
|t:|1758939701
|move|p1a: Zapdos|Discharge|p2a: Slowbro
|-supereffective|p2a: Slowbro
|-damage|p2a: Slowbro|34/100
|move|p2a: Slowbro|Psychic|p1a: Zapdos
|-damage|p1a: Zapdos|14/100 brn
|-unboost|p1a: Zapdos|spd|1
|
|-weather|none
|-heal|p2a: Slowbro|40/100|[from] item: Leftovers
|-damage|p1a: Zapdos|8/100 brn|[from] brn
|upkeep
|turn|18
|
|t:|1758939711
|switch|p2a: Registeel|Registeel|72/100
|move|p1a: Zapdos|Discharge|p2a: Registeel
|-damage|p2a: Registeel|56/100
|
|-damage|p2a: Registeel|43/100|[from] item: Black Sludge
|-damage|p1a: Zapdos|2/100 brn|[from] brn
|upkeep
|turn|19
|
|t:|1758939716
|move|p1a: Zapdos|Roost|p1a: Zapdos
|-heal|p1a: Zapdos|52/100 brn
|-singleturn|p1a: Zapdos|move: Roost
|move|p2a: Registeel|Stealth Rock|p1a: Zapdos
|-sidestart|p1: GentleDnite|move: Stealth Rock
|
|-damage|p2a: Registeel|31/100|[from] item: Black Sludge
|-damage|p1a: Zapdos|46/100 brn|[from] brn
|upkeep
|turn|20
|
|t:|1758939721
|switch|p2a: Mamoswine|Mamoswine, M|100/100
|move|p1a: Zapdos|Roost|p1a: Zapdos
|-heal|p1a: Zapdos|97/100 brn
|-singleturn|p1a: Zapdos|move: Roost
|
|-damage|p1a: Zapdos|91/100 brn|[from] brn
|upkeep
|turn|21
|
|t:|1758939731
|switch|p1a: Great Tusk|Great Tusk|98/100
|-damage|p1a: Great Tusk|95/100|[from] Stealth Rock
|move|p2a: Mamoswine|Icicle Crash|p1a: Great Tusk
|-supereffective|p1a: Great Tusk
|-damage|p1a: Great Tusk|0 fnt
|faint|p1a: Great Tusk
|-end|p1a: Great Tusk|Protosynthesis|[silent]
|
|upkeep
|
|t:|1758939742
|switch|p1a: Kingambit|Kingambit, M|65/100
|-damage|p1a: Kingambit|59/100|[from] Stealth Rock
|-activate|p1a: Kingambit|ability: Supreme Overlord
|-start|p1a: Kingambit|fallen2|[silent]
|turn|22
|
|t:|1758939745
|switch|p2a: Mandibuzz|Mandibuzz, F|100/100
|move|p1a: Kingambit|Swords Dance|p1a: Kingambit
|-boost|p1a: Kingambit|atk|2
|
|-heal|p1a: Kingambit|65/100|[from] item: Leftovers
|upkeep
|turn|23
|
|t:|1758939748
|move|p2a: Mandibuzz|Foul Play|p1a: Kingambit
|-resisted|p1a: Kingambit
|-damage|p1a: Kingambit|26/100
|move|p1a: Kingambit|Iron Head|p2a: Mandibuzz
|-damage|p2a: Mandibuzz|42/100
|-damage|p1a: Kingambit|9/100|[from] item: Rocky Helmet|[of] p2a: Mandibuzz
|
|-heal|p1a: Kingambit|15/100|[from] item: Leftovers
|upkeep
|turn|24
|
|t:|1758939754
|-end|p1a: Kingambit|fallen2|[silent]
|switch|p1a: Zapdos|Zapdos|91/100 brn
|move|p2a: Mandibuzz|Roost|p2a: Mandibuzz
|-heal|p2a: Mandibuzz|92/100
|-singleturn|p2a: Mandibuzz|move: Roost
|
|-damage|p1a: Zapdos|85/100 brn|[from] brn
|upkeep
|turn|25
|
|t:|1758939765
|switch|p2a: Registeel|Registeel|31/100
|move|p1a: Zapdos|Hurricane|p2a: Registeel
|-resisted|p2a: Registeel
|-damage|p2a: Registeel|18/100
|-start|p2a: Registeel|confusion
|
|-damage|p2a: Registeel|5/100|[from] item: Black Sludge
|-damage|p1a: Zapdos|79/100 brn|[from] brn
|upkeep
|turn|26
|
|t:|1758939771
|move|p1a: Zapdos|Discharge|p2a: Registeel
|-damage|p2a: Registeel|0 fnt
|faint|p2a: Registeel
|
|-damage|p1a: Zapdos|73/100 brn|[from] brn
|upkeep
|
|t:|1758939773
|switch|p2a: Mamoswine|Mamoswine, M|100/100
|turn|27
|
|t:|1758939776
|switch|p1a: Kingambit|Kingambit, M|15/100
|-damage|p1a: Kingambit|9/100|[from] Stealth Rock
|-activate|p1a: Kingambit|ability: Supreme Overlord
|-start|p1a: Kingambit|fallen2|[silent]
|move|p2a: Mamoswine|Icicle Crash|p1a: Kingambit
|-resisted|p1a: Kingambit
|-damage|p1a: Kingambit|0 fnt
|faint|p1a: Kingambit
|-end|p1a: Kingambit|fallen2|[silent]
|
|upkeep
|
|t:|1758939780
|switch|p1a: Blatant|Dragapult, M|100/100
|-damage|p1a: Blatant|88/100|[from] Stealth Rock
|turn|28
|
|t:|1758939784
|switch|p2a: Mimikyu|Mimikyu-Busted, F, tera:Fighting|91/100
|move|p1a: Blatant|Dragon Darts|p2a: Mimikyu
|-damage|p2a: Mimikyu|33/100
|-anim|p1a: Blatant|Dragon Darts|p2a: Mimikyu
|-damage|p2a: Mimikyu|0 fnt
|faint|p2a: Mimikyu
|
|upkeep
|
|t:|1758939794
|switch|p2a: Mandibuzz|Mandibuzz, F|92/100
|turn|29
|
|t:|1758939799
|switch|p1a: Zapdos|Zapdos|73/100 brn
|move|p2a: Mandibuzz|Foul Play|p1a: Zapdos
|-damage|p1a: Zapdos|54/100 brn
|
|-damage|p1a: Zapdos|47/100 brn|[from] brn
|upkeep
|turn|30
|
|t:|1758939806
|switch|p2a: Hydreigon|Hydreigon, M|100/100
|move|p1a: Zapdos|U-turn|p2a: Hydreigon
|-supereffective|p2a: Hydreigon
|-damage|p2a: Hydreigon|86/100
|
|t:|1758939810
|switch|p1a: Blatant|Dragapult, M|88/100|[from] U-turn
|-damage|p1a: Blatant|76/100|[from] Stealth Rock
|
|upkeep
|turn|31
|
|t:|1758939814
|switch|p2a: Mandibuzz|Mandibuzz, F|92/100
|move|p1a: Blatant|U-turn|p2a: Mandibuzz
|-damage|p2a: Mandibuzz|72/100
|-damage|p1a: Blatant|59/100|[from] item: Rocky Helmet|[of] p2a: Mandibuzz
|
|t:|1758939817
|switch|p1a: Zapdos|Zapdos|47/100 brn|[from] U-turn
|
|-damage|p1a: Zapdos|41/100 brn|[from] brn
|upkeep
|turn|32
|
|t:|1758939822
|switch|p2a: Hydreigon|Hydreigon, M|86/100
|move|p1a: Zapdos|Discharge|p2a: Hydreigon
|-resisted|p2a: Hydreigon
|-damage|p2a: Hydreigon|65/100
|
|-damage|p1a: Zapdos|35/100 brn|[from] brn
|upkeep
|turn|33
|
|t:|1758939833
|switch|p1a: Prophet|Slowking-Galar, F|100/100 par
|-damage|p1a: Prophet|88/100 par|[from] Stealth Rock
|move|p2a: Hydreigon|Dark Pulse|p1a: Prophet
|-supereffective|p1a: Prophet
|-damage|p1a: Prophet|22/100 par
|
|-heal|p1a: Prophet|28/100 par|[from] item: Leftovers
|upkeep
|turn|34
|
|t:|1758939838
|move|p2a: Hydreigon|Dark Pulse|p1a: Prophet
|-supereffective|p1a: Prophet
|-damage|p1a: Prophet|0 fnt
|faint|p1a: Prophet
|
|upkeep
|
|t:|1758939840
|switch|p1a: Blatant|Dragapult, M|59/100
|-damage|p1a: Blatant|47/100|[from] Stealth Rock
|turn|35
|
|t:|1758939842
|switch|p2a: Mandibuzz|Mandibuzz, F|72/100
|move|p1a: Blatant|U-turn|p2a: Mandibuzz
|-damage|p2a: Mandibuzz|51/100
|-damage|p1a: Blatant|31/100|[from] item: Rocky Helmet|[of] p2a: Mandibuzz
|
|t:|1758939845
|switch|p1a: Zapdos|Zapdos|35/100 brn|[from] U-turn
|
|-damage|p1a: Zapdos|29/100 brn|[from] brn
|upkeep
|turn|36
|
|t:|1758939849
|move|p1a: Zapdos|Roost|p1a: Zapdos
|-heal|p1a: Zapdos|80/100 brn
|-singleturn|p1a: Zapdos|move: Roost
|move|p2a: Mandibuzz|Foul Play|p1a: Zapdos
|-damage|p1a: Zapdos|60/100 brn
|
|-damage|p1a: Zapdos|54/100 brn|[from] brn
|upkeep
|turn|37
|
|t:|1758939853
|move|p1a: Zapdos|Hurricane|p2a: Mandibuzz
|-damage|p2a: Mandibuzz|10/100
|move|p2a: Mandibuzz|Foul Play|p1a: Zapdos
|-damage|p1a: Zapdos|36/100 brn
|
|-damage|p1a: Zapdos|30/100 brn|[from] brn
|upkeep
|turn|38
|
|t:|1758939860
|switch|p2a: Hydreigon|Hydreigon, M|65/100
|move|p1a: Zapdos|Discharge|p2a: Hydreigon
|-resisted|p2a: Hydreigon
|-damage|p2a: Hydreigon|45/100
|
|-damage|p1a: Zapdos|24/100 brn|[from] brn
|upkeep
|turn|39
|
|t:|1758939864
|move|p2a: Hydreigon|Dark Pulse|p1a: Zapdos
|-damage|p1a: Zapdos|0 fnt
|faint|p1a: Zapdos
|
|upkeep
|
|t:|1758939866
|switch|p1a: Blatant|Dragapult, M|31/100
|-damage|p1a: Blatant|18/100|[from] Stealth Rock
|turn|40
|
|t:|1758939867
|move|p1a: Blatant|Dragon Darts|p2a: Hydreigon
|-supereffective|p2a: Hydreigon
|-damage|p2a: Hydreigon|0 fnt
|faint|p2a: Hydreigon
|
|upkeep
|
|t:|1758939869
|switch|p2a: Mamoswine|Mamoswine, M|100/100
|turn|41
|
|t:|1758939871
|move|p2a: Mamoswine|Ice Shard|p1a: Blatant
|-supereffective|p1a: Blatant
|-damage|p1a: Blatant|0 fnt
|faint|p1a: Blatant
|
|win|will-i-am2
|raw|GentleDnite's rating: 1547 &rarr; <strong>1528</strong><br />(-19 for losing)
|raw|will-i-am2's rating: 1558 &rarr; <strong>1577</strong><br />(+19 for winning)
|l|☆GentleDnite
|player|p1|
|l|☆will-i-am2
|player|p2|
