|j|☆preppy dude
|j|☆aqlek
|t:|1759042822
|gametype|singles
|player|p1|preppy dude|265|1274
|player|p2|aqlek|266|1207
|gen|9
|tier|[Gen 9] OU
|rated|
|rule|HP Percentage Mod: HP is shown in percentages
|rule|Endless Battle Clause: Forcing endless battles is banned
|rule|Species Clause: Limit one of each Pokémon
|rule|OHKO Clause: OHKO moves are banned
|rule|Evasion Items Clause: Evasion items are banned
|rule|Evasion Moves Clause: Evasion moves are banned
|rule|Evasion Abilities Clause: Evasion abilities are banned
|rule|Sleep Moves Clause: Sleep-inducing moves are banned
|clearpoke
|poke|p1|Zapdos|
|poke|p1|Golem, F|
|poke|p1|Arbok, M|
|poke|p1|Rhydon, F|
|poke|p1|Magneton|
|poke|p1|Dodrio, M|
|poke|p2|Moltres|
|poke|p2|Pelipper, F|
|poke|p2|Manaphy|
|poke|p2|Kilowattrel, F|
|poke|p2|Barraskewda, F|
|poke|p2|Goodra-Hisui, M|
|teampreview
|
|t:|1759042844
|teamsize|p1|6
|teamsize|p2|6
|start
|switch|p1a: Golem|Golem, F|100/100
|switch|p2a: Pelipper|Pelipper, F|100/100
|-weather|RainDance|[from] ability: Drizzle|[of] p2a: Pelipper
|turn|1
|
|t:|1759042863
|move|p1a: Golem|Stealth Rock|p2a: Pelipper
|-sidestart|p2: aqlek|move: Stealth Rock
|move|p2a: Pelipper|Weather Ball|p1a: Golem
|-supereffective|p1a: Golem
|-ability|p1a: Golem|Sturdy
|-damage|p1a: Golem|1/100
|
|-weather|RainDance|[upkeep]
|upkeep
|turn|2
|inactive|Battle timer is ON: inactive players will automatically lose when time's up. (requested by preppy dude)
|-enditem|p1a: Golem|Custap Berry|[eat]
|-activate|p1a: Golem|item: Custap Berry|[consumed]
|
|t:|1759042872
|move|p1a: Golem|Explosion|p2a: Pelipper
|-damage|p2a: Pelipper|3/100
|faint|p1a: Golem
|move|p2a: Pelipper|U-turn|p1: Golem|[notarget]
|-fail|p2a: Pelipper
|
|-weather|RainDance|[upkeep]
|upkeep
|
|t:|1759042885
|switch|p1a: Dodrio|Dodrio, M|100/100
|turn|3
|
|t:|1759042890
|move|p1a: Dodrio|Knock Off|p2a: Pelipper
|-damage|p2a: Pelipper|0 fnt
|-enditem|p2a: Pelipper|Damp Rock|[from] move: Knock Off|[of] p1a: Dodrio
|faint|p2a: Pelipper
|
|-weather|RainDance|[upkeep]
|upkeep
|
|t:|1759042901
|switch|p2a: Kilowattrel|Kilowattrel, F|100/100
|-damage|p2a: Kilowattrel|76/100|[from] Stealth Rock
|turn|4
|
|t:|1759042918
|switch|p1a: Zapdos|Zapdos|100/100
|move|p2a: Kilowattrel|Thunder|p1a: Zapdos
|-crit|p1a: Zapdos
|-damage|p1a: Zapdos|26/100
|-damage|p2a: Kilowattrel|66/100|[from] item: Life Orb
|
|-weather|RainDance|[upkeep]
|-heal|p1a: Zapdos|33/100|[from] item: Leftovers
|upkeep
|turn|5
|
|t:|1759042929
|move|p1a: Zapdos|Protect|p1a: Zapdos
|-singleturn|p1a: Zapdos|Protect
|move|p2a: Kilowattrel|Weather Ball|p1a: Zapdos
|-activate|p1a: Zapdos|move: Protect
|
|-weather|RainDance|[upkeep]
|-heal|p1a: Zapdos|39/100|[from] item: Leftovers
|upkeep
|turn|6
|
|t:|1759042942
|switch|p1a: Rhydon|Rhydon, F|100/100
|move|p2a: Kilowattrel|Weather Ball|p1a: Rhydon
|-supereffective|p1a: Rhydon
|-damage|p1a: Rhydon|0 fnt
|faint|p1a: Rhydon
|-damage|p2a: Kilowattrel|56/100|[from] item: Life Orb
|
|-weather|RainDance|[upkeep]
|upkeep
|
|t:|1759042960
|switch|p1a: Zapdos|Zapdos|39/100
|turn|7
|
|t:|1759042964
|move|p1a: Zapdos|Protect|p1a: Zapdos
|-singleturn|p1a: Zapdos|Protect
|move|p2a: Kilowattrel|Roost|p2a: Kilowattrel
|-heal|p2a: Kilowattrel|100/100
|-singleturn|p2a: Kilowattrel|move: Roost
|
|-weather|RainDance|[upkeep]
|-heal|p1a: Zapdos|45/100|[from] item: Leftovers
|upkeep
|turn|8
|
|t:|1759042975
|-terastallize|p1a: Zapdos|Electric
|move|p2a: Kilowattrel|Thunder|p1a: Zapdos
|-resisted|p1a: Zapdos
|-damage|p1a: Zapdos|21/100
|-damage|p2a: Kilowattrel|91/100|[from] item: Life Orb
|move|p1a: Zapdos|Roost|p1a: Zapdos
|-heal|p1a: Zapdos|71/100
|
|-weather|none
|-heal|p1a: Zapdos|78/100|[from] item: Leftovers
|upkeep
|turn|9
|
|t:|1759042993
|switch|p2a: Goodra|Goodra-Hisui, M|100/100
|-damage|p2a: Goodra|94/100|[from] Stealth Rock
|move|p1a: Zapdos|Air Cutter|p2a: Goodra
|-resisted|p2a: Goodra
|-damage|p2a: Goodra|86/100
|
|-heal|p1a: Zapdos|84/100|[from] item: Leftovers
|-heal|p2a: Goodra|92/100|[from] item: Leftovers
|upkeep
|turn|10
|
|t:|1759043004
|switch|p1a: Arbok|Arbok, M|100/100
|-ability|p1a: Arbok|Intimidate|boost
|-unboost|p2a: Goodra|atk|1
|move|p2a: Goodra|Acid Spray|p1a: Arbok
|-resisted|p1a: Arbok
|-damage|p1a: Arbok|92/100
|-unboost|p1a: Arbok|spd|2
|
|-heal|p2a: Goodra|98/100|[from] item: Leftovers
|upkeep
|turn|11
|
|t:|1759043015
|move|p1a: Arbok|Switcheroo|p2a: Goodra
|-activate|p1a: Arbok|move: Trick|[of] p2a: Goodra
|-item|p2a: Goodra|Choice Scarf|[from] move: Switcheroo
|-item|p1a: Arbok|Leftovers|[from] move: Switcheroo
|move|p2a: Goodra|Draco Meteor|p1a: Arbok
|-damage|p1a: Arbok|0 fnt
|-unboost|p2a: Goodra|spa|2
|faint|p1a: Arbok
|
|upkeep
|
|t:|1759043024
|switch|p1a: Magneton|Magneton|100/100
|turn|12
|
|t:|1759043029
|move|p1a: Magneton|Discharge|p2a: Goodra
|-resisted|p2a: Goodra
|-damage|p2a: Goodra|86/100
|move|p2a: Goodra|Draco Meteor|p1a: Magneton
|-resisted|p1a: Magneton
|-damage|p1a: Magneton|71/100
|-unboost|p2a: Goodra|spa|2
|
|upkeep
|turn|13
|
|t:|1759043037
|move|p1a: Magneton|Discharge|p2a: Goodra
|-resisted|p2a: Goodra
|-damage|p2a: Goodra|73/100
|move|p2a: Goodra|Draco Meteor|p1a: Magneton
|-resisted|p1a: Magneton
|-damage|p1a: Magneton|52/100
|-unboost|p2a: Goodra|spa|2
|
|upkeep
|turn|14
|
|t:|1759043048
|move|p1a: Magneton|Discharge|p2a: Goodra
|-resisted|p2a: Goodra
|-damage|p2a: Goodra|60/100
|move|p2a: Goodra|Draco Meteor|p1a: Magneton
|-resisted|p1a: Magneton
|-damage|p1a: Magneton|35/100
|
|upkeep
|turn|15
|
|t:|1759043055
|move|p1a: Magneton|Discharge|p2a: Goodra
|-resisted|p2a: Goodra
|-damage|p2a: Goodra|47/100
|move|p2a: Goodra|Draco Meteor|p1a: Magneton
|-resisted|p1a: Magneton
|-damage|p1a: Magneton|21/100
|
|upkeep
|turn|16
|
|t:|1759043063
|move|p1a: Magneton|Discharge|p2a: Goodra
|-resisted|p2a: Goodra
|-damage|p2a: Goodra|35/100
|-status|p2a: Goodra|par
|move|p2a: Goodra|Draco Meteor|p1a: Magneton|[miss]
|-miss|p2a: Goodra|p1a: Magneton
|
|upkeep
|turn|17
|
|t:|1759043071
|move|p1a: Magneton|Discharge|p2a: Goodra
|-resisted|p2a: Goodra
|-damage|p2a: Goodra|21/100 par
|cant|p2a: Goodra|par
|
|upkeep
|turn|18
|
|t:|1759043077
|move|p1a: Magneton|Discharge|p2a: Goodra
|-resisted|p2a: Goodra
|-damage|p2a: Goodra|7/100 par
|move|p2a: Goodra|Draco Meteor|p1a: Magneton
|-resisted|p1a: Magneton
|-damage|p1a: Magneton|4/100
|
|upkeep
|turn|19
|
|t:|1759043084
|move|p1a: Magneton|Discharge|p2a: Goodra
|-resisted|p2a: Goodra
|-damage|p2a: Goodra|0 fnt
|faint|p2a: Goodra
|
|upkeep
|
|t:|1759043097
|switch|p2a: Barraskewda|Barraskewda, F|100/100
|-damage|p2a: Barraskewda|88/100|[from] Stealth Rock
|turn|20
|
|t:|1759043104
|move|p1a: Magneton|Discharge|p2a: Barraskewda
|-supereffective|p2a: Barraskewda
|-damage|p2a: Barraskewda|0 fnt
|faint|p2a: Barraskewda
|
|upkeep
|
|t:|1759043111
|switch|p2a: Moltres|Moltres|100/100
|turn|21
|
|t:|1759043115
|switch|p2a: Kilowattrel|Kilowattrel, F|91/100
|-damage|p2a: Kilowattrel|66/100|[from] Stealth Rock
|move|p1a: Magneton|Discharge|p2a: Kilowattrel
|-heal|p2a: Kilowattrel|91/100|[from] ability: Volt Absorb|[of] p1a: Magneton
|
|upkeep
|turn|22
|
|t:|1759043129
|switch|p1a: Zapdos|Zapdos, tera:Electric|84/100
|move|p2a: Kilowattrel|Thunder|p1a: Zapdos
|-resisted|p1a: Zapdos
|-damage|p1a: Zapdos|59/100
|-damage|p2a: Kilowattrel|81/100|[from] item: Life Orb
|
|-heal|p1a: Zapdos|65/100|[from] item: Leftovers
|upkeep
|turn|23
|
|t:|1759043139
|move|p2a: Kilowattrel|Hurricane|p1a: Zapdos
|-resisted|p1a: Zapdos
|-damage|p1a: Zapdos|37/100
|-damage|p2a: Kilowattrel|71/100|[from] item: Life Orb
|move|p1a: Zapdos|Discharge|p2a: Kilowattrel
|-heal|p2a: Kilowattrel|96/100|[from] ability: Volt Absorb|[of] p1a: Zapdos
|
|-heal|p1a: Zapdos|44/100|[from] item: Leftovers
|upkeep
|turn|24
|
|t:|1759043151
|move|p1a: Zapdos|Protect|p1a: Zapdos
|-singleturn|p1a: Zapdos|Protect
|move|p2a: Kilowattrel|Weather Ball|p1a: Zapdos
|-activate|p1a: Zapdos|move: Protect
|
|-heal|p1a: Zapdos|50/100|[from] item: Leftovers
|upkeep
|turn|25
|
|t:|1759043160
|move|p2a: Kilowattrel|Hurricane|p1a: Zapdos
|-resisted|p1a: Zapdos
|-damage|p1a: Zapdos|25/100
|-damage|p2a: Kilowattrel|86/100|[from] item: Life Orb
|move|p1a: Zapdos|Roost|p1a: Zapdos
|-heal|p1a: Zapdos|75/100
|
|-heal|p1a: Zapdos|81/100|[from] item: Leftovers
|upkeep
|turn|26
|
|t:|1759043181
|move|p2a: Kilowattrel|Hurricane|p1a: Zapdos
|-resisted|p1a: Zapdos
|-crit|p1a: Zapdos
|-damage|p1a: Zapdos|45/100
|-damage|p2a: Kilowattrel|76/100|[from] item: Life Orb
|move|p1a: Zapdos|Air Cutter|p2a: Kilowattrel
|-resisted|p2a: Kilowattrel
|-damage|p2a: Kilowattrel|54/100
|
|-heal|p1a: Zapdos|51/100|[from] item: Leftovers
|upkeep
|turn|27
|
|t:|1759043191
|move|p1a: Zapdos|Protect|p1a: Zapdos
|-singleturn|p1a: Zapdos|Protect
|move|p2a: Kilowattrel|Roost|p2a: Kilowattrel
|-heal|p2a: Kilowattrel|100/100
|-singleturn|p2a: Kilowattrel|move: Roost
|
|-heal|p1a: Zapdos|58/100|[from] item: Leftovers
|upkeep
|turn|28
|
|t:|1759043200
|move|p2a: Kilowattrel|Hurricane|p1a: Zapdos
|-resisted|p1a: Zapdos
|-damage|p1a: Zapdos|31/100
|-start|p1a: Zapdos|confusion
|-damage|p2a: Kilowattrel|91/100|[from] item: Life Orb
|-activate|p1a: Zapdos|confusion
|-damage|p1a: Zapdos|24/100|[from] confusion
|
|-heal|p1a: Zapdos|31/100|[from] item: Leftovers
|upkeep
|turn|29
|
|t:|1759043214
|switch|p2a: Manaphy|Manaphy|100/100
|-damage|p2a: Manaphy|88/100|[from] Stealth Rock
|switch|p1a: Magneton|Magneton|4/100
|
|-heal|p2a: Manaphy|94/100|[from] item: Leftovers
|upkeep
|turn|30
|
|t:|1759043232
|move|p1a: Magneton|Discharge|p2a: Manaphy
|-supereffective|p2a: Manaphy
|-damage|p2a: Manaphy|30/100
|move|p2a: Manaphy|Surf|p1a: Magneton
|-damage|p1a: Magneton|0 fnt
|faint|p1a: Magneton
|
|-heal|p2a: Manaphy|37/100|[from] item: Leftovers
|upkeep
|
|t:|1759043247
|switch|p1a: Dodrio|Dodrio, M|100/100
|turn|31
|
|t:|1759043251
|move|p1a: Dodrio|Thrash|p2a: Manaphy
|-crit|p2a: Manaphy
|-damage|p2a: Manaphy|0 fnt
|faint|p2a: Manaphy
|
|upkeep
|
|t:|1759043255
|switch|p2a: Moltres|Moltres|100/100
|turn|32
|
|t:|1759043265
|move|p1a: Dodrio|Thrash|p2a: Moltres|[from] lockedmove
|-damage|p2a: Moltres|33/100
|-start|p1a: Dodrio|confusion|[fatigue]
|move|p2a: Moltres|Flamethrower|p1a: Dodrio
|-damage|p1a: Dodrio|3/100
|
|upkeep
|turn|33
|
|t:|1759043274
|-activate|p1a: Dodrio|confusion
|move|p1a: Dodrio|Thrash|p2a: Moltres
|-damage|p2a: Moltres|0 fnt
|faint|p2a: Moltres
|
|upkeep
|
|t:|1759043277
|switch|p2a: Kilowattrel|Kilowattrel, F|91/100
|-damage|p2a: Kilowattrel|66/100|[from] Stealth Rock
|turn|34
|
|t:|1759043283
|-activate|p1a: Dodrio|confusion
|move|p1a: Dodrio|Thrash|p2a: Kilowattrel|[from] lockedmove
|-damage|p2a: Kilowattrel|0 fnt
|faint|p2a: Kilowattrel
|
|win|preppy dude
|raw|preppy dude's rating: 1274 &rarr; <strong>1294</strong><br />(+20 for winning)
|raw|aqlek's rating: 1207 &rarr; <strong>1187</strong><br />(-20 for losing)
|l|☆aqlek
|player|p2|
|c|☆preppy dude|Gh
|c|☆preppy dude|Gg
|l|☆preppy dude
|player|p1|
