|j|☆hungrymane
|j|☆Yelo_Galaxy
|t:|1759033332
|gametype|singles
|player|p1|hungrymane|102|1529
|player|p2|Yelo_Galaxy|169|1602
|gen|9
|tier|[Gen 9] OU
|rated|
|rule|HP Percentage Mod: HP is shown in percentages
|rule|Endless Battle Clause: Forcing endless battles is banned
|rule|Species Clause: Limit one of each Pokémon
|rule|OHKO Clause: OHKO moves are banned
|rule|Evasion Items Clause: Evasion items are banned
|rule|Evasion Moves Clause: Evasion moves are banned
|rule|Evasion Abilities Clause: Evasion abilities are banned
|rule|Sleep Moves Clause: Sleep-inducing moves are banned
|clearpoke
|poke|p1|Greninja-*, F|
|poke|p1|Weavile, F|
|poke|p1|Enamorus, F|
|poke|p1|Volcanion|
|poke|p1|Garchomp, F|
|poke|p1|Iron Treads|
|poke|p2|Torkoal, F|
|poke|p2|Hatterene, F|
|poke|p2|Raging Bolt|
|poke|p2|Slither Wing|
|poke|p2|Venusaur, F|
|poke|p2|Walking Wake|
|teampreview
|
|t:|1759033345
|teamsize|p1|6
|teamsize|p2|6
|start
|switch|p1a: Garchomp|Garchomp, F|100/100
|switch|p2a: Slither Wing|Slither Wing|100/100
|turn|1
|
|t:|1759033351
|-end|p2a: Slither Wing|Protosynthesis|[silent]
|switch|p2a: Hatterene|Hatterene, F|100/100
|-item|p2a: Hatterene|Air Balloon
|move|p1a: Garchomp|Iron Head|p2a: Hatterene
|-supereffective|p2a: Hatterene
|-damage|p2a: Hatterene|54/100
|-enditem|p2a: Hatterene|Air Balloon
|
|upkeep
|turn|2
|
|t:|1759033357
|move|p1a: Garchomp|Iron Head|p2a: Hatterene
|-supereffective|p2a: Hatterene
|-damage|p2a: Hatterene|12/100
|move|p2a: Hatterene|Dazzling Gleam|p1a: Garchomp
|-supereffective|p1a: Garchomp
|-damage|p1a: Garchomp|55/100
|
|upkeep
|turn|3
|
|t:|1759033365
|move|p1a: Garchomp|Earthquake|p2a: Hatterene
|-damage|p2a: Hatterene|0 fnt
|faint|p2a: Hatterene
|
|upkeep
|
|t:|1759033366
|switch|p2a: Walking Wake|Walking Wake|100/100
|turn|4
|
|t:|1759033369
|-terastallize|p1a: Garchomp|Steel
|move|p2a: Walking Wake|Flip Turn|p1a: Garchomp
|-crit|p1a: Garchomp
|-damage|p1a: Garchomp|32/100
|-damage|p2a: Walking Wake|88/100|[from] ability: Rough Skin|[of] p1a: Garchomp
|
|t:|1759033378
|-end|p2a: Walking Wake|Protosynthesis|[silent]
|switch|p2a: Torkoal|Torkoal, F|100/100|[from] Flip Turn
|-weather|SunnyDay|[from] ability: Drought|[of] p2a: Torkoal
|move|p1a: Garchomp|Scale Shot|p2a: Torkoal
|-damage|p2a: Torkoal|89/100
|-damage|p2a: Torkoal|79/100
|-damage|p2a: Torkoal|68/100
|-damage|p2a: Torkoal|58/100
|-damage|p2a: Torkoal|47/100
|-hitcount|p2a: Torkoal|5
|-unboost|p1a: Garchomp|def|1
|-boost|p1a: Garchomp|spe|1
|
|-weather|SunnyDay|[upkeep]
|upkeep
|turn|5
|
|t:|1759033393
|move|p1a: Garchomp|Scale Shot|p2a: Torkoal
|-damage|p2a: Torkoal|35/100
|-damage|p2a: Torkoal|25/100
|-hitcount|p2a: Torkoal|2
|-unboost|p1a: Garchomp|def|1
|-boost|p1a: Garchomp|spe|1
|move|p2a: Torkoal|Stealth Rock|p1a: Garchomp
|-sidestart|p1: hungrymane|move: Stealth Rock
|
|-weather|SunnyDay|[upkeep]
|upkeep
|turn|6
|
|t:|1759033401
|switch|p2a: Slither Wing|Slither Wing|100/100
|-activate|p2a: Slither Wing|ability: Protosynthesis
|-start|p2a: Slither Wing|protosynthesisatk
|move|p1a: Garchomp|Scale Shot|p2a: Slither Wing
|-damage|p2a: Slither Wing|84/100
|-damage|p2a: Slither Wing|67/100
|-damage|p2a: Slither Wing|51/100
|-hitcount|p2a: Slither Wing|3
|-unboost|p1a: Garchomp|def|1
|-boost|p1a: Garchomp|spe|1
|
|-weather|SunnyDay|[upkeep]
|upkeep
|turn|7
|
|t:|1759033403
|switch|p1a: Enamorus|Enamorus, F|100/100
|move|p2a: Slither Wing|First Impression|p1a: Enamorus
|-resisted|p1a: Enamorus
|-damage|p1a: Enamorus|76/100
|
|-weather|SunnyDay|[upkeep]
|upkeep
|turn|8
|
|t:|1759033413
|move|p1a: Enamorus|Earth Power|p2a: Slither Wing
|-resisted|p2a: Slither Wing
|-damage|p2a: Slither Wing|41/100
|move|p2a: Slither Wing|U-turn|p1a: Enamorus
|-resisted|p1a: Enamorus
|-damage|p1a: Enamorus|56/100
|
|t:|1759033424
|-end|p2a: Slither Wing|Protosynthesis|[silent]
|switch|p2a: Venusaur|Venusaur, F|100/100|[from] U-turn
|
|-weather|SunnyDay|[upkeep]
|upkeep
|turn|9
|
|t:|1759033427
|move|p2a: Venusaur|Weather Ball|p1a: Enamorus
|-damage|p1a: Enamorus|0 fnt
|faint|p1a: Enamorus
|-damage|p2a: Venusaur|91/100|[from] item: Life Orb
|
|-weather|SunnyDay|[upkeep]
|upkeep
|
|t:|1759033429
|switch|p1a: Volcanion|Volcanion|100/100
|-damage|p1a: Volcanion|75/100|[from] Stealth Rock
|turn|10
|
|t:|1759033433
|move|p2a: Venusaur|Earthquake|p1a: Volcanion
|-supereffective|p1a: Volcanion
|-damage|p1a: Volcanion|38/100
|-damage|p2a: Venusaur|81/100|[from] item: Life Orb
|move|p1a: Volcanion|Flamethrower|p2a: Venusaur
|-supereffective|p2a: Venusaur
|-damage|p2a: Venusaur|0 fnt
|faint|p2a: Venusaur
|
|-weather|SunnyDay|[upkeep]
|upkeep
|
|t:|1759033438
|switch|p2a: Raging Bolt|Raging Bolt|100/100
|-activate|p2a: Raging Bolt|ability: Protosynthesis
|-start|p2a: Raging Bolt|protosynthesisspa
|turn|11
|
|t:|1759033447
|move|p2a: Raging Bolt|Dragon Pulse|p1a: Volcanion
|-damage|p1a: Volcanion|0 fnt
|faint|p1a: Volcanion
|-damage|p2a: Raging Bolt|91/100|[from] item: Life Orb
|
|-weather|none
|-end|p2a: Raging Bolt|Protosynthesis
|upkeep
|
|t:|1759033449
|switch|p1a: Greninja|Greninja, F|100/100
|-damage|p1a: Greninja|88/100|[from] Stealth Rock
|turn|12
|
|t:|1759033452
|move|p2a: Raging Bolt|Thunderclap||[still]
|-fail|p2a: Raging Bolt
|move|p1a: Greninja|Spikes|p2a: Raging Bolt
|-start|p1a: Greninja|typechange|Ground|[from] ability: Protean
|-sidestart|p2: Yelo_Galaxy|Spikes
|
|upkeep
|turn|13
|
|t:|1759033458
|-end|p2a: Raging Bolt|Protosynthesis|[silent]
|switch|p2a: Torkoal|Torkoal, F|25/100
|-damage|p2a: Torkoal|12/100|[from] Spikes
|-weather|SunnyDay|[from] ability: Drought|[of] p2a: Torkoal
|move|p1a: Greninja|Spikes|p2a: Torkoal
|-sidestart|p2: Yelo_Galaxy|Spikes
|
|-weather|SunnyDay|[upkeep]
|upkeep
|turn|14
|
|t:|1759033461
|move|p1a: Greninja|Spikes|p2a: Torkoal
|-sidestart|p2: Yelo_Galaxy|Spikes
|move|p2a: Torkoal|Eruption|p1a: Greninja
|-damage|p1a: Greninja|71/100
|
|-weather|SunnyDay|[upkeep]
|upkeep
|turn|15
|
|t:|1759033467
|move|p1a: Greninja|Taunt|p2a: Torkoal
|-start|p2a: Torkoal|move: Taunt
|move|p2a: Torkoal|Overheat|p1a: Greninja
|-damage|p1a: Greninja|0 fnt
|-unboost|p2a: Torkoal|spa|2
|faint|p1a: Greninja
|
|-weather|SunnyDay|[upkeep]
|upkeep
|
|t:|1759033473
|switch|p1a: Garchomp|Garchomp, F, tera:Steel|32/100
|-damage|p1a: Garchomp|25/100|[from] Stealth Rock
|turn|16
|
|t:|1759033476
|move|p1a: Garchomp|Scale Shot|p2a: Torkoal
|-damage|p2a: Torkoal|1/100
|-damage|p2a: Torkoal|0 fnt
|faint|p2a: Torkoal
|-hitcount|p2: Torkoal|2
|-unboost|p1a: Garchomp|def|1
|-boost|p1a: Garchomp|spe|1
|
|-weather|SunnyDay|[upkeep]
|upkeep
|
|t:|1759033479
|switch|p2a: Walking Wake|Walking Wake|88/100
|-damage|p2a: Walking Wake|63/100|[from] Spikes
|-activate|p2a: Walking Wake|ability: Protosynthesis
|-start|p2a: Walking Wake|protosynthesisspe
|turn|17
|
|t:|1759033484
|move|p2a: Walking Wake|Hydro Steam|p1a: Garchomp
|-damage|p1a: Garchomp|0 fnt
|faint|p1a: Garchomp
|
|-weather|SunnyDay|[upkeep]
|upkeep
|
|t:|1759033489
|switch|p1a: Weavile|Weavile, F|100/100
|-damage|p1a: Weavile|76/100|[from] Stealth Rock
|turn|18
|
|t:|1759033497
|move|p2a: Walking Wake|Weather Ball|p1a: Weavile
|-supereffective|p1a: Weavile
|-damage|p1a: Weavile|0 fnt
|faint|p1a: Weavile
|
|-weather|SunnyDay|[upkeep]
|upkeep
|
|t:|1759033500
|switch|p1a: Iron Treads|Iron Treads|100/100
|-damage|p1a: Iron Treads|97/100|[from] Stealth Rock
|-enditem|p1a: Iron Treads|Booster Energy
|-activate|p1a: Iron Treads|ability: Quark Drive|[fromitem]
|-start|p1a: Iron Treads|quarkdrivespe
|turn|19
|
|t:|1759033504
|move|p2a: Walking Wake|Weather Ball|p1a: Iron Treads
|-supereffective|p1a: Iron Treads
|-crit|p1a: Iron Treads
|-damage|p1a: Iron Treads|0 fnt
|faint|p1a: Iron Treads
|-end|p1a: Iron Treads|Quark Drive|[silent]
|
|win|Yelo_Galaxy
|raw|hungrymane's rating: 1529 &rarr; <strong>1513</strong><br />(-16 for losing)
|raw|Yelo_Galaxy's rating: 1602 &rarr; <strong>1618</strong><br />(+16 for winning)
|c|☆Yelo_Galaxy|Gg
|l|☆hungrymane
|player|p1|
