|j|☆NoWaY0
|j|☆tscher
|t:|1759051171
|gametype|singles
|player|p1|NoWaY0|benga|1185
|player|p2|tscher|1|1209
|gen|9
|tier|[Gen 9] OU
|rated|
|rule|HP Percentage Mod: HP is shown in percentages
|rule|Endless Battle Clause: Forcing endless battles is banned
|rule|Species Clause: Limit one of each Pokémon
|rule|OHKO Clause: OHKO moves are banned
|rule|Evasion Items Clause: Evasion items are banned
|rule|Evasion Moves Clause: Evasion moves are banned
|rule|Evasion Abilities Clause: Evasion abilities are banned
|rule|Sleep Moves Clause: Sleep-inducing moves are banned
|clearpoke
|poke|p1|Darkrai|
|poke|p1|Great Tusk|
|poke|p1|Ogerpon-Wellspring, F|
|poke|p1|Gholdengo|
|poke|p1|Dragonite, F|
|poke|p1|Ting-Lu|
|poke|p2|Glalie, M|
|poke|p2|Heatran, M|
|poke|p2|Scizor, F|
|poke|p2|Moltres|
|poke|p2|Ogerpon-Wellspring, F|
|poke|p2|Swampert, F|
|teampreview
|
|t:|1759051178
|teamsize|p1|6
|teamsize|p2|6
|start
|switch|p1a: Great Tusk|Great Tusk|100/100
|switch|p2a: Glalie|Glalie, M|100/100
|turn|1
|
|t:|1759051194
|-end|p1a: Great Tusk|Protosynthesis|[silent]
|switch|p1a: Ogerpon|Ogerpon-Wellspring, F|100/100
|move|p2a: Glalie|Switcheroo||[still]
|-fail|p2a: Glalie
|
|upkeep
|turn|2
|
|t:|1759051202
|switch|p2a: Ogerpon|Ogerpon-Wellspring, F|100/100
|move|p1a: Ogerpon|Knock Off|p2a: Ogerpon
|-damage|p2a: Ogerpon|70/100
|
|upkeep
|turn|3
|
|t:|1759051208
|move|p1a: Ogerpon|Power Whip|p2a: Ogerpon|[miss]
|-miss|p1a: Ogerpon|p2a: Ogerpon
|move|p2a: Ogerpon|Power Whip|p1a: Ogerpon
|-damage|p1a: Ogerpon|13/100
|
|upkeep
|turn|4
|
|t:|1759051216
|switch|p2a: Moltres|Moltres|100/100
|move|p1a: Ogerpon|Power Whip|p2a: Moltres
|-resisted|p2a: Moltres
|-damage|p2a: Moltres|80/100
|
|upkeep
|turn|5
|
|t:|1759051247
|switch|p1a: Great Tusk|Great Tusk|100/100
|switch|p2a: Ogerpon|Ogerpon-Wellspring, F|70/100
|
|upkeep
|turn|6
|
|t:|1759051257
|-end|p1a: Great Tusk|Protosynthesis|[silent]
|switch|p1a: Dragonite|Dragonite, F|100/100
|move|p2a: Ogerpon|Ivy Cudgel|p1a: Dragonite|[anim] Ivy Cudgel Water
|-resisted|p1a: Dragonite
|-damage|p1a: Dragonite|86/100
|
|upkeep
|turn|7
|
|t:|1759051275
|move|p2a: Ogerpon|Play Rough|p1a: Dragonite
|-supereffective|p1a: Dragonite
|-damage|p1a: Dragonite|24/100
|move|p1a: Dragonite|Dragon Tail|p2a: Ogerpon
|-crit|p2a: Ogerpon
|-damage|p2a: Ogerpon|0 fnt
|faint|p2a: Ogerpon
|
|upkeep
|inactive|Battle timer is ON: inactive players will automatically lose when time's up. (requested by NoWaY0)
|
|t:|1759051298
|switch|p2a: Glalie|Glalie, M|100/100
|turn|8
|
|t:|1759051312
|switch|p1a: Gholdengo|Gholdengo|100/100
|-item|p1a: Gholdengo|Air Balloon
|move|p2a: Glalie|Freeze-Dry|p1a: Gholdengo
|-resisted|p1a: Gholdengo
|-damage|p1a: Gholdengo|87/100
|-enditem|p1a: Gholdengo|Air Balloon
|
|upkeep
|turn|9
|
|t:|1759051322
|switch|p2a: Moltres|Moltres|80/100
|move|p1a: Gholdengo|Shadow Ball|p2a: Moltres
|-damage|p2a: Moltres|38/100
|
|upkeep
|turn|10
|
|t:|1759051328
|move|p2a: Moltres|Roost|p2a: Moltres
|-heal|p2a: Moltres|88/100
|-singleturn|p2a: Moltres|move: Roost
|move|p1a: Gholdengo|Shadow Ball|p2a: Moltres
|-damage|p2a: Moltres|48/100
|
|upkeep
|turn|11
|
|t:|1759051339
|move|p2a: Moltres|Flamethrower|p1a: Gholdengo
|-supereffective|p1a: Gholdengo
|-damage|p1a: Gholdengo|0 fnt
|faint|p1a: Gholdengo
|
|upkeep
|
|t:|1759051348
|switch|p1a: Ogerpon|Ogerpon-Wellspring, F|13/100
|turn|12
|
|t:|1759051356
|switch|p2a: Glalie|Glalie, M|100/100
|move|p1a: Ogerpon|Ivy Cudgel|p2a: Glalie|[anim] Ivy Cudgel Water
|-crit|p2a: Glalie
|-damage|p2a: Glalie|0 fnt
|faint|p2a: Glalie
|
|upkeep
|
|t:|1759051363
|switch|p2a: Scizor|Scizor, F|100/100
|turn|13
|
|t:|1759051379
|switch|p1a: Dragonite|Dragonite, F|24/100
|move|p2a: Scizor|Swords Dance|p2a: Scizor
|-boost|p2a: Scizor|atk|2
|
|upkeep
|turn|14
|
|t:|1759051386
|move|p1a: Dragonite|Extreme Speed|p2a: Scizor
|-resisted|p2a: Scizor
|-damage|p2a: Scizor|82/100
|move|p2a: Scizor|Bullet Punch|p1a: Dragonite
|-damage|p1a: Dragonite|0 fnt
|faint|p1a: Dragonite
|-damage|p2a: Scizor|72/100|[from] item: Life Orb
|
|upkeep
|
|t:|1759051407
|switch|p1a: Ting-Lu|Ting-Lu|100/100
|-ability|p1a: Ting-Lu|Vessel of Ruin
|turn|15
|
|t:|1759051416
|move|p2a: Scizor|Close Combat|p1a: Ting-Lu
|-supereffective|p1a: Ting-Lu
|-damage|p1a: Ting-Lu|0 fnt
|-unboost|p2a: Scizor|def|1
|-unboost|p2a: Scizor|spd|1
|faint|p1a: Ting-Lu
|-damage|p2a: Scizor|62/100|[from] item: Life Orb
|
|upkeep
|
|t:|1759051426
|switch|p1a: Darkrai|Darkrai|100/100
|turn|16
|
|t:|1759051431
|switch|p2a: Heatran|Heatran, M|100/100
|-terastallize|p1a: Darkrai|Poison
|move|p1a: Darkrai|Dark Pulse|p2a: Heatran
|-damage|p2a: Heatran|80/100
|
|upkeep
|turn|17
|
|t:|1759051439
|move|p1a: Darkrai|Nasty Plot|p1a: Darkrai
|-boost|p1a: Darkrai|spa|2
|move|p2a: Heatran|Magma Storm|p1a: Darkrai
|-damage|p1a: Darkrai|54/100
|-activate|p1a: Darkrai|move: Magma Storm|[of] p2a: Heatran
|
|-heal|p1a: Darkrai|60/100|[from] item: Leftovers
|-damage|p1a: Darkrai|48/100|[from] move: Magma Storm|[partiallytrapped]
|upkeep
|turn|18
|
|t:|1759051450
|move|p1a: Darkrai|Dark Pulse|p2a: Heatran
|-damage|p2a: Heatran|41/100
|move|p2a: Heatran|Earth Power|p1a: Darkrai
|-supereffective|p1a: Darkrai
|-damage|p1a: Darkrai|0 fnt
|faint|p1a: Darkrai
|
|upkeep
|
|t:|1759051459
|switch|p1a: Great Tusk|Great Tusk|100/100
|turn|19
|
|t:|1759051478
|switch|p2a: Swampert|Swampert, F|100/100
|move|p1a: Great Tusk|Rapid Spin|p2a: Swampert
|-damage|p2a: Swampert|84/100
|-boost|p1a: Great Tusk|spe|1
|
|upkeep
|turn|20
|
|t:|1759051497
|-end|p1a: Great Tusk|Protosynthesis|[silent]
|switch|p1a: Ogerpon|Ogerpon-Wellspring, F|13/100
|move|p2a: Swampert|Bulk Up|p2a: Swampert
|-boost|p2a: Swampert|atk|1
|-boost|p2a: Swampert|def|1
|
|upkeep
|turn|21
|
|t:|1759051511
|switch|p2a: Moltres|Moltres|48/100
|move|p1a: Ogerpon|Power Whip|p2a: Moltres
|-resisted|p2a: Moltres
|-damage|p2a: Moltres|29/100
|
|upkeep
|turn|22
|
|t:|1759051520
|move|p1a: Ogerpon|Ivy Cudgel|p2a: Moltres|[anim] Ivy Cudgel Water
|-supereffective|p2a: Moltres
|-damage|p2a: Moltres|0 fnt
|faint|p2a: Moltres
|
|upkeep
|
|t:|1759051522
|switch|p2a: Scizor|Scizor, F|62/100
|turn|23
|
|t:|1759051537
|switch|p1a: Great Tusk|Great Tusk|100/100
|move|p2a: Scizor|Bullet Punch|p1a: Great Tusk
|-damage|p1a: Great Tusk|70/100
|-damage|p2a: Scizor|52/100|[from] item: Life Orb
|
|upkeep
|turn|24
|
|t:|1759051548
|move|p2a: Scizor|Bullet Punch|p1a: Great Tusk
|-damage|p1a: Great Tusk|36/100
|-damage|p2a: Scizor|42/100|[from] item: Life Orb
|move|p1a: Great Tusk|Headlong Rush|p2a: Scizor
|-damage|p2a: Scizor|0 fnt
|-unboost|p1a: Great Tusk|def|1
|-unboost|p1a: Great Tusk|spd|1
|faint|p2a: Scizor
|
|upkeep
|
|t:|1759051555
|switch|p2a: Swampert|Swampert, F|84/100
|turn|25
|
|t:|1759051560
|move|p1a: Great Tusk|Headlong Rush|p2a: Swampert
|-damage|p2a: Swampert|25/100
|-unboost|p1a: Great Tusk|def|1
|-unboost|p1a: Great Tusk|spd|1
|move|p2a: Swampert|Earthquake|p1a: Great Tusk
|-damage|p1a: Great Tusk|0 fnt
|faint|p1a: Great Tusk
|-end|p1a: Great Tusk|Protosynthesis|[silent]
|
|upkeep
|
|t:|1759051570
|switch|p1a: Ogerpon|Ogerpon-Wellspring, F|13/100
|turn|26
|
|t:|1759051573
|move|p1a: Ogerpon|Ivy Cudgel|p2a: Swampert|[anim] Ivy Cudgel Water
|-damage|p2a: Swampert|0 fnt
|faint|p2a: Swampert
|
|upkeep
|
|t:|1759051576
|switch|p2a: Heatran|Heatran, M|41/100
|turn|27
|
|t:|1759051580
|-terastallize|p2a: Heatran|Grass
|move|p1a: Ogerpon|Ivy Cudgel|p2a: Heatran|[anim] Ivy Cudgel Water
|-resisted|p2a: Heatran
|-damage|p2a: Heatran|21/100
|move|p2a: Heatran|Body Press|p1a: Ogerpon
|-damage|p1a: Ogerpon|0 fnt
|faint|p1a: Ogerpon
|
|win|tscher
|raw|NoWaY0's rating: 1185 &rarr; <strong>1162</strong><br />(-23 for losing)
|raw|tscher's rating: 1209 &rarr; <strong>1232</strong><br />(+23 for winning)
|l|☆NoWaY0
|player|p1|
|l|☆tscher
|player|p2|
