|j|☆Megumin's Husband
|j|☆lerendezvous
|t:|1758915545
|gametype|singles
|player|p1|Megumin's Husband|guitarist|1696
|player|p2|lerendezvous|101|1745
|gen|9
|tier|[Gen 9] OU
|rated|
|rule|HP Percentage Mod: HP is shown in percentages
|rule|Endless Battle Clause: Forcing endless battles is banned
|rule|Species Clause: Limit one of each Pokémon
|rule|OHKO Clause: OHKO moves are banned
|rule|Evasion Items Clause: Evasion items are banned
|rule|Evasion Moves Clause: Evasion moves are banned
|rule|Evasion Abilities Clause: Evasion abilities are banned
|rule|Sleep Moves Clause: Sleep-inducing moves are banned
|clearpoke
|poke|p1|Pecharunt|
|poke|p1|Primarina, F|
|poke|p1|Heatran, M|
|poke|p1|Great Tusk|
|poke|p1|Weavile, F|
|poke|p1|Ogerpon, F|
|poke|p2|Ogerpon-Wellspring, F|
|poke|p2|Slowking-Galar, F|
|poke|p2|Great Tusk|
|poke|p2|Moltres|
|poke|p2|Dragapult, M|
|poke|p2|Kingambit, F|
|teampreview
|
|t:|1758915554
|teamsize|p1|6
|teamsize|p2|6
|start
|switch|p1a: Ogerpon|Ogerpon, F|100/100
|switch|p2a: Kingambit|Kingambit, F|100/100
|turn|1
|inactive|Battle timer is ON: inactive players will automatically lose when time's up. (requested by Megumin's Husband)
|inactive|lerendezvous also wants the timer to be on.
|
|t:|1758915565
|switch|p1a: Great Tusk|Great Tusk|100/100
|move|p2a: Kingambit|Swords Dance|p2a: Kingambit
|-boost|p2a: Kingambit|atk|2
|
|upkeep
|turn|2
|
|t:|1758915582
|-end|p2a: Kingambit|fallenundefined|[silent]
|switch|p2a: Moltres|Moltres|100/100
|move|p1a: Great Tusk|Headlong Rush|p2a: Moltres
|-immune|p2a: Moltres
|
|upkeep
|turn|3
|
|t:|1758915587
|-end|p1a: Great Tusk|Protosynthesis|[silent]
|switch|p1a: Pecharunt|Pecharunt|100/100
|move|p2a: Moltres|U-turn|p1a: Pecharunt
|-resisted|p1a: Pecharunt
|-damage|p1a: Pecharunt|99/100
|-damage|p2a: Moltres|84/100|[from] item: Rocky Helmet|[of] p1a: Pecharunt
|
|t:|1758915594
|switch|p2a: Kingambit|Kingambit, F|100/100|[from] U-turn
|
|upkeep
|turn|4
|
|t:|1758915600
|move|p1a: Pecharunt|Parting Shot|p2a: Kingambit
|-unboost|p2a: Kingambit|atk|1
|-unboost|p2a: Kingambit|spa|1
|
|t:|1758915603
|switch|p1a: Great Tusk|Great Tusk|100/100|[from] Parting Shot
|move|p2a: Kingambit|Swords Dance|p2a: Kingambit
|-boost|p2a: Kingambit|atk|2
|
|upkeep
|turn|5
|
|t:|1758915608
|-end|p2a: Kingambit|fallenundefined|[silent]
|switch|p2a: Great Tusk|Great Tusk|100/100
|move|p1a: Great Tusk|Close Combat|p2a: Great Tusk
|-damage|p2a: Great Tusk|54/100
|-unboost|p1a: Great Tusk|def|1
|-unboost|p1a: Great Tusk|spd|1
|-damage|p1a: Great Tusk|84/100|[from] item: Rocky Helmet|[of] p2a: Great Tusk
|
|upkeep
|turn|6
|
|t:|1758915631
|-end|p1a: Great Tusk|Protosynthesis|[silent]
|switch|p1a: Pecharunt|Pecharunt|99/100
|move|p2a: Great Tusk|Headlong Rush|p1a: Pecharunt
|-supereffective|p1a: Pecharunt
|-damage|p1a: Pecharunt|39/100
|-unboost|p2a: Great Tusk|def|1
|-unboost|p2a: Great Tusk|spd|1
|-damage|p2a: Great Tusk|38/100|[from] item: Rocky Helmet|[of] p1a: Pecharunt
|
|upkeep
|turn|7
|
|t:|1758915641
|switch|p1a: Heatran|Heatran, M, shiny|100/100
|-item|p1a: Heatran|Air Balloon
|move|p2a: Great Tusk|Headlong Rush|p1a: Heatran
|-immune|p1a: Heatran
|
|upkeep
|turn|8
|
|t:|1758915654
|move|p2a: Great Tusk|Stealth Rock|p1a: Heatran
|-sidestart|p1: Megumin's Husband|move: Stealth Rock
|move|p1a: Heatran|Lava Plume|p2a: Great Tusk
|-damage|p2a: Great Tusk|0 fnt
|faint|p2a: Great Tusk
|-end|p2a: Great Tusk|Protosynthesis|[silent]
|
|upkeep
|
|t:|1758915662
|switch|p2a: Ogerpon|Ogerpon-Wellspring, F|100/100
|turn|9
|
|t:|1758915668
|switch|p1a: Pecharunt|Pecharunt|39/100
|-damage|p1a: Pecharunt|26/100|[from] Stealth Rock
|move|p2a: Ogerpon|Ivy Cudgel|p1a: Pecharunt|[anim] Ivy Cudgel Water
|-damage|p1a: Pecharunt|0 fnt
|faint|p1a: Pecharunt
|
|upkeep
|
|t:|1758915674
|switch|p1a: Ogerpon|Ogerpon, F|100/100
|-damage|p1a: Ogerpon|88/100|[from] Stealth Rock
|turn|10
|
|t:|1758915679
|switch|p2a: Moltres|Moltres|84/100
|move|p1a: Ogerpon|Knock Off|p2a: Moltres
|-damage|p2a: Moltres|52/100
|-enditem|p2a: Moltres|Heavy-Duty Boots|[from] move: Knock Off|[of] p1a: Ogerpon
|
|upkeep
|turn|11
|
|t:|1758915685
|switch|p1a: Heatran|Heatran, M, shiny|100/100
|-damage|p1a: Heatran|88/100|[from] Stealth Rock
|-item|p1a: Heatran|Air Balloon
|move|p2a: Moltres|Roost|p2a: Moltres
|-heal|p2a: Moltres|100/100
|-singleturn|p2a: Moltres|move: Roost
|
|upkeep
|turn|12
|
|t:|1758915691
|move|p2a: Moltres|Flamethrower|p1a: Heatran
|-start|p1a: Heatran|ability: Flash Fire
|move|p1a: Heatran|Stealth Rock|p2a: Moltres
|-sidestart|p2: lerendezvous|move: Stealth Rock
|
|upkeep
|turn|13
|
|t:|1758915697
|move|p1a: Heatran|Lava Plume|p2a: Moltres
|-resisted|p2a: Moltres
|-damage|p2a: Moltres|72/100
|move|p2a: Moltres|Roar|p1a: Heatran
|-end|p1a: Heatran|ability: Flash Fire|[silent]
|drag|p1a: Weavile|Weavile, F|100/100
|-damage|p1a: Weavile|76/100|[from] Stealth Rock
|-ability|p1a: Weavile|Pressure
|
|upkeep
|turn|14
|
|t:|1758915709
|-terastallize|p1a: Weavile|Ice
|move|p1a: Weavile|Triple Axel|p2a: Moltres
|-damage|p2a: Moltres|57/100
|-damage|p2a: Moltres|28/100
|-status|p1a: Weavile|brn|[from] ability: Flame Body|[of] p2a: Moltres
|-damage|p2a: Moltres|7/100
|-hitcount|p2a: Moltres|3
|move|p2a: Moltres|Roost|p2a: Moltres
|-heal|p2a: Moltres|57/100
|-singleturn|p2a: Moltres|move: Roost
|
|-damage|p1a: Weavile|70/100 brn|[from] brn
|upkeep
|turn|15
|
|t:|1758915715
|move|p1a: Weavile|Triple Axel|p2a: Moltres
|-damage|p2a: Moltres|50/100
|-hitcount|p2a: Moltres|1
|move|p2a: Moltres|Roost|p2a: Moltres
|-heal|p2a: Moltres|100/100
|-singleturn|p2a: Moltres|move: Roost
|
|-damage|p1a: Weavile|63/100 brn|[from] brn
|upkeep
|turn|16
|
|t:|1758915722
|move|p1a: Weavile|Triple Axel|p2a: Moltres
|-damage|p2a: Moltres|94/100
|-hitcount|p2a: Moltres|1
|move|p2a: Moltres|U-turn|p1a: Weavile
|-damage|p1a: Weavile|38/100 brn
|
|t:|1758915731
|switch|p2a: Kingambit|Kingambit, F|100/100|[from] U-turn
|-damage|p2a: Kingambit|94/100|[from] Stealth Rock
|-activate|p2a: Kingambit|ability: Supreme Overlord
|-start|p2a: Kingambit|fallen1|[silent]
|
|-heal|p2a: Kingambit|100/100|[from] item: Leftovers
|-damage|p1a: Weavile|31/100 brn|[from] brn
|upkeep
|turn|17
|
|t:|1758915736
|switch|p1a: Great Tusk|Great Tusk|84/100
|move|p2a: Kingambit|Swords Dance|p2a: Kingambit
|-boost|p2a: Kingambit|atk|2
|
|upkeep
|turn|18
|
|t:|1758915742
|-terastallize|p2a: Kingambit|Ghost
|move|p1a: Great Tusk|Headlong Rush|p2a: Kingambit
|-damage|p2a: Kingambit|48/100
|-unboost|p1a: Great Tusk|def|1
|-unboost|p1a: Great Tusk|spd|1
|move|p2a: Kingambit|Low Kick|p1a: Great Tusk
|-crit|p1a: Great Tusk
|-damage|p1a: Great Tusk|0 fnt
|faint|p1a: Great Tusk
|-end|p1a: Great Tusk|Protosynthesis|[silent]
|
|-heal|p2a: Kingambit|55/100|[from] item: Leftovers
|upkeep
|
|t:|1758915749
|switch|p1a: Ogerpon|Ogerpon, F|88/100
|-damage|p1a: Ogerpon|76/100|[from] Stealth Rock
|turn|19
|
|t:|1758915754
|move|p2a: Kingambit|Sucker Punch|p1a: Ogerpon
|-damage|p1a: Ogerpon|0 fnt
|faint|p1a: Ogerpon
|
|-heal|p2a: Kingambit|61/100|[from] item: Leftovers
|upkeep
|-message|Megumin's Husband forfeited.
|
|win|lerendezvous
|raw|Megumin&apos;s Husband's rating: 1696 &rarr; <strong>1679</strong><br />(-17 for losing)
|raw|lerendezvous's rating: 1745 &rarr; <strong>1762</strong><br />(+17 for winning)
