|j|☆juancbas1234
|j|☆Chase5423
|t:|1759031873
|gametype|singles
|player|p1|juancbas1234|169|1301
|player|p2|Chase5423|veteran|1257
|gen|9
|tier|[Gen 9] OU
|rated|
|rule|HP Percentage Mod: HP is shown in percentages
|rule|Endless Battle Clause: Forcing endless battles is banned
|rule|Species Clause: Limit one of each Pokémon
|rule|OHKO Clause: OHKO moves are banned
|rule|Evasion Items Clause: Evasion items are banned
|rule|Evasion Moves Clause: Evasion moves are banned
|rule|Evasion Abilities Clause: Evasion abilities are banned
|rule|Sleep Moves Clause: Sleep-inducing moves are banned
|clearpoke
|poke|p1|Darkrai|
|poke|p1|Dragapult, F|
|poke|p1|Garganacl, F|
|poke|p1|Gholdengo|
|poke|p1|Great Tusk|
|poke|p1|Ogerpon-Wellspring, F|
|poke|p2|Glimmora, F|
|poke|p2|Garchomp, F|
|poke|p2|Dragapult, M|
|poke|p2|Toxapex, M|
|poke|p2|Garganacl, F|
|poke|p2|Iron Moth|
|teampreview
|
|t:|1759031878
|teamsize|p1|6
|teamsize|p2|6
|start
|switch|p1a: Gholdengo|Gholdengo|100/100
|switch|p2a: Toxapex|Toxapex, M|100/100
|turn|1
|inactive|Battle timer is ON: inactive players will automatically lose when time's up. (requested by Chase5423)
|
|t:|1759031885
|move|p1a: Gholdengo|Trick|p2a: Toxapex
|-activate|p1a: Gholdengo|move: Trick|[of] p2a: Toxapex
|-item|p2a: Toxapex|Choice Scarf|[from] move: Trick
|-item|p1a: Gholdengo|Black Sludge|[from] move: Trick
|move|p2a: Toxapex|Infestation|p1a: Gholdengo
|-resisted|p1a: Gholdengo
|-damage|p1a: Gholdengo|99/100
|-activate|p1a: Gholdengo|move: Infestation|[of] p2a: Toxapex
|
|-damage|p1a: Gholdengo|87/100|[from] item: Black Sludge
|-damage|p1a: Gholdengo|75/100|[from] move: Infestation|[partiallytrapped]
|upkeep
|turn|2
|
|t:|1759031908
|switch|p2a: Iron Moth|Iron Moth|100/100
|-enditem|p2a: Iron Moth|Booster Energy
|-activate|p2a: Iron Moth|ability: Quark Drive|[fromitem]
|-start|p2a: Iron Moth|quarkdrivespe
|move|p1a: Gholdengo|Nasty Plot|p1a: Gholdengo
|-boost|p1a: Gholdengo|spa|2
|
|-damage|p1a: Gholdengo|63/100|[from] item: Black Sludge
|-end|p1a: Gholdengo|Infestation|[partiallytrapped]|[silent]
|upkeep
|turn|3
|
|t:|1759031923
|move|p2a: Iron Moth|Substitute|p2a: Iron Moth
|-start|p2a: Iron Moth|Substitute
|-damage|p2a: Iron Moth|76/100
|move|p1a: Gholdengo|Shadow Ball|p2a: Iron Moth
|-end|p2a: Iron Moth|Substitute
|
|-damage|p1a: Gholdengo|50/100|[from] item: Black Sludge
|upkeep
|turn|4
|inactive|juancbas1234 has 120 seconds left.
|inactive|juancbas1234 has 90 seconds left.
|
|t:|1759031982
|switch|p1a: Garganacl|Garganacl, F|100/100
|move|p2a: Iron Moth|Fiery Dance|p1a: Garganacl
|-resisted|p1a: Garganacl
|-damage|p1a: Garganacl|87/100
|-boost|p2a: Iron Moth|spa|1
|
|-heal|p1a: Garganacl|93/100|[from] item: Leftovers
|upkeep
|turn|5
|
|t:|1759031993
|move|p2a: Iron Moth|Substitute|p2a: Iron Moth
|-start|p2a: Iron Moth|Substitute
|-damage|p2a: Iron Moth|51/100
|move|p1a: Garganacl|Salt Cure|p2a: Iron Moth
|-supereffective|p2a: Iron Moth
|-end|p2a: Iron Moth|Substitute
|
|-heal|p1a: Garganacl|99/100|[from] item: Leftovers
|upkeep
|turn|6
|inactive|juancbas1234 has 90 seconds left.
|
|t:|1759032004
|-terastallize|p2a: Iron Moth|Fairy
|move|p2a: Iron Moth|Substitute|p2a: Iron Moth
|-start|p2a: Iron Moth|Substitute
|-damage|p2a: Iron Moth|26/100
|move|p1a: Garganacl|Salt Cure|p2a: Iron Moth
|-activate|p2a: Iron Moth|move: Substitute|[damage]
|
|-heal|p1a: Garganacl|100/100|[from] item: Leftovers
|upkeep
|turn|7
|inactive|juancbas1234 has 90 seconds left.
|
|t:|1759032016
|move|p2a: Iron Moth|Fiery Dance|p1a: Garganacl
|-resisted|p1a: Garganacl
|-damage|p1a: Garganacl|81/100
|-boost|p2a: Iron Moth|spa|1
|move|p1a: Garganacl|Salt Cure|p2a: Iron Moth
|-end|p2a: Iron Moth|Substitute
|
|-heal|p1a: Garganacl|87/100|[from] item: Leftovers
|upkeep
|turn|8
|inactive|juancbas1234 has 90 seconds left.
|
|t:|1759032028
|move|p2a: Iron Moth|Substitute|p2a: Iron Moth
|-start|p2a: Iron Moth|Substitute
|-damage|p2a: Iron Moth|1/100
|move|p1a: Garganacl|Salt Cure|p2a: Iron Moth
|-activate|p2a: Iron Moth|move: Substitute|[damage]
|
|-heal|p1a: Garganacl|93/100|[from] item: Leftovers
|upkeep
|turn|9
|
|t:|1759032039
|move|p2a: Iron Moth|Dazzling Gleam|p1a: Garganacl
|-damage|p1a: Garganacl|43/100
|move|p1a: Garganacl|Salt Cure|p2a: Iron Moth
|-end|p2a: Iron Moth|Substitute
|
|-heal|p1a: Garganacl|49/100|[from] item: Leftovers
|upkeep
|turn|10
|
|t:|1759032052
|move|p2a: Iron Moth|Dazzling Gleam|p1a: Garganacl
|-damage|p1a: Garganacl|0 fnt
|faint|p1a: Garganacl
|
|upkeep
|
|t:|1759032060
|switch|p1a: Ogerpon|Ogerpon-Wellspring, F|100/100
|turn|11
|
|t:|1759032065
|-terastallize|p1a: Ogerpon|Water
|detailschange|p1a: Ogerpon|Ogerpon-Wellspring-Tera, F, tera:Water
|-ability|p1a: Ogerpon|Embody Aspect (Wellspring)|boost
|-boost|p1a: Ogerpon|spd|1
|move|p2a: Iron Moth|Sludge Wave|p1a: Ogerpon
|-damage|p1a: Ogerpon|26/100
|move|p1a: Ogerpon|Ivy Cudgel|p2a: Iron Moth|[anim] Ivy Cudgel Water
|-crit|p2a: Iron Moth
|-damage|p2a: Iron Moth|0 fnt
|faint|p2a: Iron Moth
|-end|p2a: Iron Moth|Quark Drive|[silent]
|
|upkeep
|
|t:|1759032083
|switch|p2a: Glimmora|Glimmora, F|100/100
|turn|12
|inactive|juancbas1234 has 90 seconds left.
|
|t:|1759032122
|move|p1a: Ogerpon|Ivy Cudgel|p2a: Glimmora|[anim] Ivy Cudgel Water
|-supereffective|p2a: Glimmora
|-crit|p2a: Glimmora
|-enditem|p2a: Glimmora|Focus Sash
|-damage|p2a: Glimmora|1/100
|-activate|p2a: Glimmora|ability: Toxic Debris
|-sidestart|p1: juancbas1234|move: Toxic Spikes
|move|p2a: Glimmora|Earth Power|p1a: Ogerpon
|-damage|p1a: Ogerpon|2/100
|
|upkeep
|turn|13
|inactive|juancbas1234 has 90 seconds left.
|
|t:|1759032136
|move|p1a: Ogerpon|Horn Leech|p2a: Glimmora
|-damage|p2a: Glimmora|0 fnt
|-heal|p1a: Ogerpon|2/100|[from] drain|[of] p2a: Glimmora
|-activate|p2a: Glimmora|ability: Toxic Debris
|-sidestart|p1: juancbas1234|move: Toxic Spikes
|faint|p2a: Glimmora
|
|upkeep
|
|t:|1759032148
|switch|p2a: Toxapex|Toxapex, M|100/100
|turn|14
|inactive|juancbas1234 has 90 seconds left.
|inactive|juancbas1234 has 60 seconds left.
|
|t:|1759032192
|move|p1a: Ogerpon|Horn Leech|p2a: Toxapex
|-damage|p2a: Toxapex|66/100
|-heal|p1a: Ogerpon|20/100|[from] drain|[of] p2a: Toxapex
|move|p2a: Toxapex|Toxic|p1a: Ogerpon
|-status|p1a: Ogerpon|tox
|
|-damage|p1a: Ogerpon|14/100 tox|[from] psn
|upkeep
|turn|15
|inactive|juancbas1234 has 60 seconds left.
|
|t:|1759032208
|switch|p2a: Garganacl|Garganacl, F|100/100
|move|p1a: Ogerpon|Swords Dance|p1a: Ogerpon
|-boost|p1a: Ogerpon|atk|2
|
|-damage|p1a: Ogerpon|2/100 tox|[from] psn
|upkeep
|turn|16
|
|t:|1759032216
|switch|p2a: Toxapex|Toxapex, M|99/100
|move|p1a: Ogerpon|Horn Leech|p2a: Toxapex
|-damage|p2a: Toxapex|35/100
|-heal|p1a: Ogerpon|34/100 tox|[from] drain|[of] p2a: Toxapex
|
|-damage|p1a: Ogerpon|16/100 tox|[from] psn
|upkeep
|turn|17
|
|t:|1759032229
|move|p1a: Ogerpon|Horn Leech|p2a: Toxapex
|-damage|p2a: Toxapex|0 fnt
|-heal|p1a: Ogerpon|34/100 tox|[from] drain|[of] p2a: Toxapex
|faint|p2a: Toxapex
|
|-damage|p1a: Ogerpon|10/100 tox|[from] psn
|upkeep
|
|t:|1759032234
|switch|p2a: Dragapult|Dragapult, M|100/100
|turn|18
|
|t:|1759032243
|move|p2a: Dragapult|Dragon Darts|p1a: Ogerpon
|-damage|p1a: Ogerpon|0 fnt
|faint|p1a: Ogerpon
|detailschange|p1: Ogerpon|Ogerpon-Wellspring, F|[silent]
|
|upkeep
|
|t:|1759032251
|switch|p1a: Dragapult|Dragapult, F|100/100
|-status|p1a: Dragapult|tox
|turn|19
|
|t:|1759032277
|move|p2a: Dragapult|Hex|p1a: Dragapult
|-supereffective|p1a: Dragapult
|-damage|p1a: Dragapult|0 fnt
|faint|p1a: Dragapult
|
|upkeep
|
|t:|1759032303
|switch|p1a: Darkrai|Darkrai|100/100
|-status|p1a: Darkrai|tox
|turn|20
|
|t:|1759032311
|move|p2a: Dragapult|U-turn|p1a: Darkrai
|-supereffective|p1a: Darkrai
|-damage|p1a: Darkrai|49/100 tox
|
|t:|1759032314
|switch|p2a: Garganacl|Garganacl, F|100/100|[from] U-turn
|move|p1a: Darkrai|Dark Pulse|p2a: Garganacl
|-damage|p2a: Garganacl|60/100
|-damage|p1a: Darkrai|39/100 tox|[from] item: Life Orb
|
|-heal|p2a: Garganacl|66/100|[from] item: Leftovers
|-damage|p1a: Darkrai|33/100 tox|[from] psn
|upkeep
|turn|21
|-message|juancbas1234 forfeited.
|
|win|Chase5423
|raw|juancbas1234's rating: 1301 &rarr; <strong>1278</strong><br />(-23 for losing)
|raw|Chase5423's rating: 1257 &rarr; <strong>1285</strong><br />(+28 for winning)
|l|☆juancbas1234
|player|p1|
|l|☆Chase5423
|player|p2|
