|j|☆jooperslooper
|j|☆Paper_Falconv2
|t:|1759010587
|gametype|singles
|player|p1|jooperslooper|101|1040
|player|p2|Paper_Falconv2|sage|1093
|gen|9
|tier|[Gen 9] OU
|rated|
|rule|HP Percentage Mod: HP is shown in percentages
|rule|Endless Battle Clause: Forcing endless battles is banned
|rule|Species Clause: Limit one of each Pokémon
|rule|OHKO Clause: OHKO moves are banned
|rule|Evasion Items Clause: Evasion items are banned
|rule|Evasion Moves Clause: Evasion moves are banned
|rule|Evasion Abilities Clause: Evasion abilities are banned
|rule|Sleep Moves Clause: Sleep-inducing moves are banned
|clearpoke
|poke|p1|Dragonite, F|
|poke|p1|Zamazenta-*|
|poke|p1|Landorus-Therian, M|
|poke|p1|Gholdengo|
|poke|p1|Darkrai|
|poke|p1|Hatterene, F|
|poke|p2|Meowscarada, M|
|poke|p2|Blastoise, M|
|poke|p2|Froslass, F|
|poke|p2|Donphan, M|
|poke|p2|Pelipper, F|
|poke|p2|Overqwil, F|
|teampreview
|c|☆Paper_Falconv2|🫩
|c|☆Paper_Falconv2|fuckass dragonite
|
|t:|1759010626
|teamsize|p1|6
|teamsize|p2|6
|start
|switch|p1a: Landorus|Landorus-Therian, M|100/100
|switch|p2a: toilet|Pelipper, F|100/100
|-ability|p1a: Landorus|Intimidate|boost
|-unboost|p2a: toilet|atk|1
|-weather|RainDance|[from] ability: Drizzle|[of] p2a: toilet
|turn|1
|
|t:|1759010656
|move|p1a: Landorus|Stealth Rock|p2a: toilet
|-sidestart|p2: Paper_Falconv2|move: Stealth Rock
|move|p2a: toilet|Ice Beam|p1a: Landorus
|-supereffective|p1a: Landorus
|-damage|p1a: Landorus|7/100
|
|-weather|RainDance|[upkeep]
|upkeep
|turn|2
|
|t:|1759010675
|move|p1a: Landorus|U-turn|p2a: toilet
|-resisted|p2a: toilet
|-damage|p2a: toilet|90/100
|
|t:|1759010700
|switch|p1a: Gholdengo|Gholdengo|100/100|[from] U-turn
|move|p2a: toilet|U-turn|p1a: Gholdengo
|-resisted|p1a: Gholdengo
|-damage|p1a: Gholdengo|99/100
|
|t:|1759010726
|switch|p2a: nagat|Froslass, F|100/100|[from] U-turn
|-damage|p2a: nagat|76/100|[from] Stealth Rock
|
|-weather|RainDance|[upkeep]
|upkeep
|turn|3
|
|t:|1759010748
|move|p2a: nagat|Poltergeist|p1a: Gholdengo
|-activate|p1a: Gholdengo|move: Poltergeist|Metal Coat
|-supereffective|p1a: Gholdengo
|-damage|p1a: Gholdengo|0 fnt
|faint|p1a: Gholdengo
|
|-weather|RainDance|[upkeep]
|upkeep
|
|t:|1759010767
|switch|p1a: Darkrai|Darkrai|100/100
|turn|4
|
|t:|1759010791
|switch|p2a: micheal|Blastoise, M|100/100
|-damage|p2a: micheal|88/100|[from] Stealth Rock
|move|p1a: Darkrai|Ice Beam|p2a: micheal
|-resisted|p2a: micheal
|-damage|p2a: micheal|75/100
|
|-weather|RainDance|[upkeep]
|-heal|p2a: micheal|81/100|[from] ability: Rain Dish
|-heal|p2a: micheal|88/100|[from] item: Leftovers
|upkeep
|turn|5
|
|t:|1759010804
|move|p1a: Darkrai|Taunt|p2a: micheal
|-start|p2a: micheal|move: Taunt
|cant|p2a: micheal|move: Taunt|Iron Defense
|
|-weather|RainDance|[upkeep]
|-heal|p2a: micheal|94/100|[from] ability: Rain Dish
|-heal|p2a: micheal|99/100|[from] item: Leftovers
|upkeep
|turn|6
|
|t:|1759010819
|move|p1a: Darkrai|Will-O-Wisp|p2a: micheal
|-status|p2a: micheal|brn
|move|p2a: micheal|Body Press|p1a: Darkrai
|-supereffective|p1a: Darkrai
|-damage|p1a: Darkrai|71/100
|
|-weather|RainDance|[upkeep]
|-heal|p2a: micheal|100/100 brn|[from] ability: Rain Dish
|-damage|p2a: micheal|94/100 brn|[from] brn
|upkeep
|turn|7
|inactive|Battle timer is ON: inactive players will automatically lose when time's up. (requested by Paper_Falconv2)
|
|t:|1759010853
|move|p1a: Darkrai|Dark Pulse|p2a: micheal
|-damage|p2a: micheal|57/100 brn
|move|p2a: micheal|Avalanche|p1a: Darkrai
|-damage|p1a: Darkrai|58/100
|
|-weather|RainDance|[upkeep]
|-heal|p2a: micheal|63/100 brn|[from] ability: Rain Dish
|-heal|p2a: micheal|69/100 brn|[from] item: Leftovers
|-damage|p2a: micheal|63/100 brn|[from] brn
|-end|p2a: micheal|move: Taunt
|upkeep
|turn|8
|
|t:|1759010871
|move|p1a: Darkrai|Dark Pulse|p2a: micheal
|-damage|p2a: micheal|29/100 brn
|move|p2a: micheal|Liquidation|p1a: Darkrai
|-damage|p1a: Darkrai|36/100
|
|-weather|none
|-heal|p2a: micheal|35/100 brn|[from] item: Leftovers
|-damage|p2a: micheal|29/100 brn|[from] brn
|upkeep
|turn|9
|
|t:|1759010883
|move|p1a: Darkrai|Dark Pulse|p2a: micheal
|-damage|p2a: micheal|0 fnt
|faint|p2a: micheal
|
|upkeep
|
|t:|1759010885
|switch|p2a: toilet|Pelipper, F|90/100
|-damage|p2a: toilet|65/100|[from] Stealth Rock
|-weather|RainDance|[from] ability: Drizzle|[of] p2a: toilet
|turn|10
|
|t:|1759010912
|move|p1a: Darkrai|Dark Pulse|p2a: toilet
|-damage|p2a: toilet|0 fnt
|faint|p2a: toilet
|
|-weather|RainDance|[upkeep]
|upkeep
|
|t:|1759010919
|switch|p2a: felps|Overqwil, F|100/100
|-damage|p2a: felps|88/100|[from] Stealth Rock
|turn|11
|inactive|jooperslooper has 120 seconds left.
|
|t:|1759010956
|switch|p1a: Landorus|Landorus-Therian, M|7/100
|-ability|p1a: Landorus|Intimidate|boost
|-unboost|p2a: felps|atk|1
|move|p2a: felps|Swords Dance|p2a: felps
|-boost|p2a: felps|atk|2
|
|-weather|RainDance|[upkeep]
|upkeep
|turn|12
|
|t:|1759010975
|move|p2a: felps|Barb Barrage|p1a: Landorus
|-resisted|p1a: Landorus
|-damage|p1a: Landorus|0 fnt
|faint|p1a: Landorus
|
|-weather|RainDance|[upkeep]
|upkeep
|inactive|jooperslooper has 90 seconds left.
|
|t:|1759011001
|switch|p1a: Zamazenta|Zamazenta|100/100
|-ability|p1a: Zamazenta|Dauntless Shield|boost
|-boost|p1a: Zamazenta|def|1
|turn|13
|inactive|jooperslooper has 60 seconds left.
|
|t:|1759011042
|move|p2a: felps|Barb Barrage|p1a: Zamazenta
|-crit|p1a: Zamazenta
|-damage|p1a: Zamazenta|51/100
|move|p1a: Zamazenta|Roar|p2a: felps
|drag|p2a: lame tusk|Donphan, M, shiny|100/100
|-damage|p2a: lame tusk|94/100|[from] Stealth Rock
|
|-weather|RainDance|[upkeep]
|-heal|p1a: Zamazenta|57/100|[from] item: Leftovers
|upkeep
|turn|14
|
|t:|1759011069
|move|p1a: Zamazenta|Iron Defense|p1a: Zamazenta
|-boost|p1a: Zamazenta|def|2
|move|p2a: lame tusk|Rapid Spin|p1a: Zamazenta
|-damage|p1a: Zamazenta|52/100
|-boost|p2a: lame tusk|spe|1
|-sideend|p2: Paper_Falconv2|Stealth Rock|[from] move: Rapid Spin|[of] p2a: lame tusk
|
|-weather|RainDance|[upkeep]
|-heal|p1a: Zamazenta|58/100|[from] item: Leftovers
|upkeep
|turn|15
|
|t:|1759011078
|move|p1a: Zamazenta|Iron Defense|p1a: Zamazenta
|-boost|p1a: Zamazenta|def|2
|move|p2a: lame tusk|Stealth Rock|p1a: Zamazenta
|-sidestart|p1: jooperslooper|move: Stealth Rock
|
|-weather|RainDance|[upkeep]
|-heal|p1a: Zamazenta|64/100|[from] item: Leftovers
|upkeep
|turn|16
|inactive|Paper_Falconv2 has 120 seconds left.
|
|t:|1759011106
|move|p1a: Zamazenta|Iron Defense|p1a: Zamazenta
|-boost|p1a: Zamazenta|def|1
|move|p2a: lame tusk|Earthquake|p1a: Zamazenta
|-damage|p1a: Zamazenta|56/100
|
|-weather|RainDance|[upkeep]
|-heal|p1a: Zamazenta|62/100|[from] item: Leftovers
|upkeep
|turn|17
|inactive|Paper_Falconv2 has 120 seconds left.
|
|t:|1759011116
|switch|p2a: nagat|Froslass, F|76/100
|move|p1a: Zamazenta|Body Press|p2a: nagat
|-immune|p2a: nagat
|
|-weather|none
|-heal|p1a: Zamazenta|68/100|[from] item: Leftovers
|upkeep
|turn|18
|inactive|Paper_Falconv2 has 120 seconds left.
|inactive|jooperslooper has 30 seconds left.
|
|t:|1759011151
|move|p1a: Zamazenta|Crunch|p2a: nagat
|-supereffective|p2a: nagat
|-damage|p2a: nagat|12/100
|move|p2a: nagat|Switcheroo|p1a: Zamazenta
|-activate|p2a: nagat|move: Trick|[of] p1a: Zamazenta
|-item|p1a: Zamazenta|Choice Band|[from] move: Switcheroo
|-item|p2a: nagat|Leftovers|[from] move: Switcheroo
|
|-heal|p2a: nagat|18/100|[from] item: Leftovers
|upkeep
|turn|19
|inactive|jooperslooper has 30 seconds left.
|inactive|Paper_Falconv2 has 120 seconds left.
|
|t:|1759011168
|move|p1a: Zamazenta|Crunch|p2a: nagat
|-supereffective|p2a: nagat
|-damage|p2a: nagat|0 fnt
|faint|p2a: nagat
|
|upkeep
|inactive|Paper_Falconv2 has 120 seconds left.
|
|t:|1759011181
|switch|p2a: lame tusk|Donphan, M, shiny|94/100
|turn|20
|inactive|Paper_Falconv2 has 120 seconds left.
|
|t:|1759011188
|move|p1a: Zamazenta|Crunch|p2a: lame tusk
|-damage|p2a: lame tusk|75/100
|-unboost|p2a: lame tusk|def|1
|-enditem|p2a: lame tusk|Red Card|[of] p1a: Zamazenta
|drag|p1a: Dragonite|Dragonite, F|100/100
|-damage|p1a: Dragonite|76/100|[from] Stealth Rock
|move|p2a: lame tusk|Knock Off|p1a: Dragonite
|-damage|p1a: Dragonite|43/100
|-enditem|p1a: Dragonite|Lum Berry|[from] move: Knock Off|[of] p2a: lame tusk
|
|upkeep
|turn|21
|inactive|Paper_Falconv2 has 120 seconds left.
|inactive|jooperslooper has 30 seconds left.
|inactive|jooperslooper has 20 seconds left.
|
|t:|1759011216
|switch|p2a: cat|Meowscarada, M, shiny|100/100
|move|p1a: Dragonite|Dragon Dance|p1a: Dragonite
|-boost|p1a: Dragonite|atk|1
|-boost|p1a: Dragonite|spe|1
|
|upkeep
|turn|22
|inactive|jooperslooper has 30 seconds left this turn.
|inactive|jooperslooper has 20 seconds left.
|
|t:|1759011228
|-terastallize|p1a: Dragonite|Flying
|move|p1a: Dragonite|Tera Blast|p2a: cat|[anim] Tera Blast Flying
|-supereffective|p2a: cat
|-enditem|p2a: cat|Focus Sash
|-damage|p2a: cat|1/100
|move|p2a: cat|Play Rough|p1a: Dragonite|[miss]
|-start|p2a: cat|typechange|Fairy|[from] ability: Protean
|-miss|p2a: cat|p1a: Dragonite
|
|upkeep
|turn|23
|inactive|jooperslooper has 30 seconds left this turn.
|inactive|jooperslooper has 20 seconds left.
|inactive|jooperslooper has 15 seconds left.
|
|t:|1759011247
|move|p1a: Dragonite|Extreme Speed|p2a: cat
|-damage|p2a: cat|0 fnt
|faint|p2a: cat
|
|upkeep
|
|t:|1759011251
|switch|p2a: felps|Overqwil, F|88/100
|turn|24
|inactive|jooperslooper has 30 seconds left this turn.
|
|t:|1759011260
|-terastallize|p2a: felps|Dragon
|move|p1a: Dragonite|Earthquake|p2a: felps
|-crit|p2a: felps
|-damage|p2a: felps|17/100
|move|p2a: felps|Scale Shot|p1a: Dragonite|[miss]
|-miss|p2a: felps|p1a: Dragonite
|
|upkeep
|turn|25
|inactive|jooperslooper has 30 seconds left.
|inactive|Paper_Falconv2 has 120 seconds left.
|-message|Paper_Falconv2 forfeited.
|
|win|jooperslooper
