|j|☆Dansiger
|j|☆Gurden
|t:|1758996822
|gametype|singles
|player|p1|Dansiger|gentleman|1060
|player|p2|Gurden|169|1078
|gen|9
|tier|[Gen 9] OU
|rated|
|rule|HP Percentage Mod: HP is shown in percentages
|rule|Endless Battle Clause: Forcing endless battles is banned
|rule|Species Clause: Limit one of each Pokémon
|rule|OHKO Clause: OHKO moves are banned
|rule|Evasion Items Clause: Evasion items are banned
|rule|Evasion Moves Clause: Evasion moves are banned
|rule|Evasion Abilities Clause: Evasion abilities are banned
|rule|Sleep Moves Clause: Sleep-inducing moves are banned
|clearpoke
|poke|p1|Arcanine, F|
|poke|p1|Raichu, M|
|poke|p1|Blastoise, F|
|poke|p1|Vileplume, M|
|poke|p1|Mamoswine, M|
|poke|p1|Umbreon, F|
|poke|p2|Hydreigon, M|
|poke|p2|Serperior, M|
|poke|p2|Tauros-Paldea-Aqua, M|
|poke|p2|Talonflame, M|
|poke|p2|Galvantula, M|
|poke|p2|Infernape, M|
|teampreview
|inactive|Battle timer is ON: inactive players will automatically lose when time's up. (requested by Gurden)
|
|t:|1758996837
|teamsize|p1|6
|teamsize|p2|6
|start
|switch|p1a: Mamoswine|Mamoswine, M|100/100
|switch|p2a: Serperior|Serperior, M|100/100
|turn|1
|
|t:|1758996851
|move|p2a: Serperior|Leaf Storm|p1a: Mamoswine
|-supereffective|p1a: Mamoswine
|-damage|p1a: Mamoswine|0 fnt
|-boost|p2a: Serperior|spa|2
|faint|p1a: Mamoswine
|-damage|p2a: Serperior|91/100|[from] item: Life Orb
|
|upkeep
|
|t:|1758996860
|switch|p1a: Vileplume|Vileplume, M|100/100
|turn|2
|
|t:|1758996863
|-terastallize|p2a: Serperior|Stellar
|move|p2a: Serperior|Tera Blast|p1a: Vileplume|[anim] Tera Blast Stellar
|-damage|p1a: Vileplume|17/100
|-boost|p2a: Serperior|atk|1
|-boost|p2a: Serperior|spa|1
|-damage|p2a: Serperior|81/100|[from] item: Life Orb
|move|p1a: Vileplume|Sludge Bomb|p2a: Serperior
|-supereffective|p2a: Serperior
|-damage|p2a: Serperior|0 fnt
|faint|p2a: Serperior
|
|-heal|p1a: Vileplume|24/100|[from] item: Leftovers
|upkeep
|
|t:|1758996879
|switch|p2a: Talonflame|Talonflame, M|100/100
|turn|3
|
|t:|1758996897
|switch|p1a: Blastoise|Blastoise, F|100/100
|move|p2a: Talonflame|Brave Bird|p1a: Blastoise
|-damage|p1a: Blastoise|44/100
|-damage|p2a: Talonflame|82/100|[from] Recoil
|
|upkeep
|turn|4
|
|t:|1758996916
|move|p2a: Talonflame|Brave Bird|p1a: Blastoise
|-damage|p1a: Blastoise|0 fnt
|faint|p1a: Blastoise
|-damage|p2a: Talonflame|68/100|[from] Recoil
|
|upkeep
|
|t:|1758996925
|switch|p1a: Hantaro|Raichu, M|100/100
|turn|5
|
|t:|1758996933
|move|p2a: Talonflame|Flare Blitz|p1a: Hantaro
|-damage|p1a: Hantaro|7/100
|-status|p2a: Talonflame|par|[from] ability: Static|[of] p1a: Hantaro
|-damage|p2a: Talonflame|40/100 par|[from] Recoil
|move|p1a: Hantaro|Thunderbolt|p2a: Talonflame
|-supereffective|p2a: Talonflame
|-damage|p2a: Talonflame|0 fnt
|faint|p2a: Talonflame
|
|upkeep
|
|t:|1758996955
|switch|p2a: Galvantula|Galvantula, M|100/100
|turn|6
|
|t:|1758996963
|move|p1a: Hantaro|Surf|p2a: Galvantula
|-damage|p2a: Galvantula|55/100
|move|p2a: Galvantula|Thunder|p1a: Hantaro
|-resisted|p1a: Hantaro
|-damage|p1a: Hantaro|0 fnt
|faint|p1a: Hantaro
|
|upkeep
|
|t:|1758996974
|switch|p1a: Paquita|Arcanine, F|100/100
|-ability|p1a: Paquita|Intimidate|boost
|-unboost|p2a: Galvantula|atk|1
|turn|7
|
|t:|1758996979
|move|p2a: Galvantula|Thunder|p1a: Paquita
|-damage|p1a: Paquita|3/100
|move|p1a: Paquita|Flare Blitz|p2a: Galvantula
|-supereffective|p2a: Galvantula
|-damage|p2a: Galvantula|0 fnt
|faint|p2a: Galvantula
|-damage|p1a: Paquita|0 fnt|[from] Recoil
|faint|p1a: Paquita
|
|upkeep
|
|t:|1758996995
|switch|p2a: Infernape|Infernape, M|100/100
|switch|p1a: Umbreon|Umbreon, F, shiny|100/100
|turn|8
|
|t:|1758997005
|-terastallize|p1a: Umbreon|Ghost
|move|p2a: Infernape|Close Combat|p1a: Umbreon
|-immune|p1a: Umbreon
|move|p1a: Umbreon|Foul Play|p2a: Infernape
|-resisted|p2a: Infernape
|-damage|p2a: Infernape|70/100
|
|upkeep
|turn|9
|
|t:|1758997015
|move|p2a: Infernape|Raging Fury|p1a: Umbreon
|-damage|p1a: Umbreon|60/100
|move|p1a: Umbreon|Toxic|p2a: Infernape
|-status|p2a: Infernape|tox
|-enditem|p2a: Infernape|Lum Berry|[eat]
|-curestatus|p2a: Infernape|tox|[msg]
|
|-heal|p1a: Umbreon|66/100|[from] item: Leftovers
|upkeep
|turn|10
|
|t:|1758997026
|move|p2a: Infernape|Raging Fury|p1a: Umbreon|[from] lockedmove
|-damage|p1a: Umbreon|20/100
|-start|p2a: Infernape|confusion|[fatigue]
|move|p1a: Umbreon|Toxic|p2a: Infernape
|-status|p2a: Infernape|tox
|
|-heal|p1a: Umbreon|26/100|[from] item: Leftovers
|-damage|p2a: Infernape|64/100 tox|[from] psn
|upkeep
|turn|11
|
|t:|1758997039
|-activate|p2a: Infernape|confusion
|-damage|p2a: Infernape|46/100 tox|[from] confusion
|move|p1a: Umbreon|Moonlight|p1a: Umbreon
|-heal|p1a: Umbreon|76/100
|
|-heal|p1a: Umbreon|82/100|[from] item: Leftovers
|-damage|p2a: Infernape|34/100 tox|[from] psn
|upkeep
|turn|12
|
|t:|1758997048
|-end|p2a: Infernape|confusion
|move|p2a: Infernape|Raging Fury|p1a: Umbreon
|-damage|p1a: Umbreon|35/100
|move|p1a: Umbreon|Mud-Slap|p2a: Infernape
|-supereffective|p2a: Infernape
|-damage|p2a: Infernape|23/100 tox
|-unboost|p2a: Infernape|accuracy|1
|
|-heal|p1a: Umbreon|41/100|[from] item: Leftovers
|-damage|p2a: Infernape|5/100 tox|[from] psn
|upkeep
|turn|13
|
|t:|1758997062
|move|p2a: Infernape|Raging Fury|p1a: Umbreon|[from] lockedmove
|-damage|p1a: Umbreon|0 fnt
|faint|p1a: Umbreon
|
|-damage|p2a: Infernape|0 fnt|[from] psn
|faint|p2a: Infernape
|upkeep
|
|t:|1758997070
|switch|p2a: Tauros|Tauros-Paldea-Aqua, M|100/100
|switch|p1a: Vileplume|Vileplume, M|24/100
|turn|14
|
|t:|1758997083
|move|p2a: Tauros|Raging Bull|p1a: Vileplume
|-resisted|p1a: Vileplume
|-damage|p1a: Vileplume|0 fnt
|faint|p1a: Vileplume
|
|win|Gurden
|raw|Dansiger's rating: 1060 &rarr; <strong>1042</strong><br />(-18 for losing)
|raw|Gurden's rating: 1078 &rarr; <strong>1105</strong><br />(+27 for winning)
|l|☆Gurden
|player|p2|
|l|☆Dansiger
|player|p1|
