|j|☆Charle_phate
|j|☆liujindadi
|t:|1758952081
|gametype|singles
|player|p1|Charle_phate|blue|1454
|player|p2|liujindadi|101|1407
|gen|9
|tier|[Gen 9] OU
|rated|
|rule|HP Percentage Mod: HP is shown in percentages
|rule|Endless Battle Clause: Forcing endless battles is banned
|rule|Species Clause: Limit one of each Pokémon
|rule|OHKO Clause: OHKO moves are banned
|rule|Evasion Items Clause: Evasion items are banned
|rule|Evasion Moves Clause: Evasion moves are banned
|rule|Evasion Abilities Clause: Evasion abilities are banned
|rule|Sleep Moves Clause: Sleep-inducing moves are banned
|clearpoke
|poke|p1|Serperior, M|
|poke|p1|Rotom-Wash|
|poke|p1|Zapdos|
|poke|p1|Heatran, F|
|poke|p1|Clefable, M|
|poke|p1|Landorus-Therian, M|
|poke|p2|Darkrai|
|poke|p2|Great Tusk|
|poke|p2|Zamazenta-*|
|poke|p2|Sinistcha-Masterpiece|
|poke|p2|Kingambit, M|
|poke|p2|Alomomola, F|
|teampreview
|inactive|Battle timer is ON: inactive players will automatically lose when time's up. (requested by Charle_phate)
|
|t:|1758952089
|teamsize|p1|6
|teamsize|p2|6
|start
|switch|p1a: Rotom|Rotom-Wash|100/100
|switch|p2a: Darkrai|Darkrai|100/100
|turn|1
|j| gimmeluv
|
|t:|1758952100
|move|p2a: Darkrai|Dark Pulse|p1a: Rotom
|-damage|p1a: Rotom|32/100
|move|p1a: Rotom|Thunder Wave|p2a: Darkrai
|-status|p2a: Darkrai|par
|
|-heal|p1a: Rotom|39/100|[from] item: Leftovers
|upkeep
|turn|2
|
|t:|1758952108
|switch|p1a: Heatran|Heatran, F|100/100
|cant|p2a: Darkrai|par
|
|upkeep
|turn|3
|
|t:|1758952114
|move|p1a: Heatran|Substitute|p1a: Heatran
|-start|p1a: Heatran|Substitute
|-damage|p1a: Heatran|76/100
|move|p2a: Darkrai|Dark Pulse|p1a: Heatran
|-end|p1a: Heatran|Substitute
|
|-heal|p1a: Heatran|82/100|[from] item: Leftovers
|upkeep
|turn|4
|
|t:|1758952123
|move|p2a: Darkrai|Dark Pulse|p1a: Heatran
|-damage|p1a: Heatran|41/100
|move|p1a: Heatran|Substitute|p1a: Heatran
|-start|p1a: Heatran|Substitute
|-damage|p1a: Heatran|16/100
|
|-heal|p1a: Heatran|22/100|[from] item: Leftovers
|upkeep
|turn|5
|l| gimmeluv
|
|t:|1758952132
|move|p2a: Darkrai|Dark Pulse|p1a: Heatran
|-end|p1a: Heatran|Substitute
|move|p1a: Heatran|Ancient Power|p2a: Darkrai
|-damage|p2a: Darkrai|79/100 par
|
|-heal|p1a: Heatran|28/100|[from] item: Leftovers
|upkeep
|turn|6
|
|t:|1758952145
|cant|p2a: Darkrai|par
|move|p1a: Heatran|Ancient Power|p2a: Darkrai
|-damage|p2a: Darkrai|58/100 par
|
|-heal|p1a: Heatran|34/100|[from] item: Leftovers
|upkeep
|turn|7
|
|t:|1758952153
|move|p2a: Darkrai|Dark Pulse|p1a: Heatran
|-crit|p1a: Heatran
|-damage|p1a: Heatran|0 fnt
|faint|p1a: Heatran
|
|upkeep
|
|t:|1758952180
|switch|p1a: Zapdos|Zapdos|100/100
|turn|8
|
|t:|1758952183
|move|p1a: Zapdos|Ancient Power|p2a: Darkrai
|-damage|p2a: Darkrai|34/100 par
|cant|p2a: Darkrai|par
|
|upkeep
|turn|9
|
|t:|1758952189
|move|p1a: Zapdos|Ancient Power|p2a: Darkrai
|-damage|p2a: Darkrai|10/100 par
|cant|p2a: Darkrai|par
|
|upkeep
|turn|10
|
|t:|1758952195
|move|p1a: Zapdos|Ancient Power|p2a: Darkrai
|-damage|p2a: Darkrai|0 fnt
|faint|p2a: Darkrai
|
|upkeep
|
|t:|1758952204
|switch|p2a: Sinistcha|Sinistcha-Masterpiece|100/100
|turn|11
|
|t:|1758952220
|move|p1a: Zapdos|Discharge|p2a: Sinistcha
|-resisted|p2a: Sinistcha
|-damage|p2a: Sinistcha|79/100
|move|p2a: Sinistcha|Calm Mind|p2a: Sinistcha
|-boost|p2a: Sinistcha|spa|1
|-boost|p2a: Sinistcha|spd|1
|
|-heal|p2a: Sinistcha|85/100|[from] item: Leftovers
|upkeep
|turn|12
|
|t:|1758952230
|move|p1a: Zapdos|Discharge|p2a: Sinistcha
|-resisted|p2a: Sinistcha
|-damage|p2a: Sinistcha|71/100
|move|p2a: Sinistcha|Calm Mind|p2a: Sinistcha
|-boost|p2a: Sinistcha|spa|1
|-boost|p2a: Sinistcha|spd|1
|
|-heal|p2a: Sinistcha|77/100|[from] item: Leftovers
|upkeep
|turn|13
|
|t:|1758952250
|move|p1a: Zapdos|Discharge|p2a: Sinistcha
|-resisted|p2a: Sinistcha
|-damage|p2a: Sinistcha|66/100
|move|p2a: Sinistcha|Calm Mind|p2a: Sinistcha
|-boost|p2a: Sinistcha|spa|1
|-boost|p2a: Sinistcha|spd|1
|
|-heal|p2a: Sinistcha|72/100|[from] item: Leftovers
|upkeep
|turn|14
|
|t:|1758952260
|move|p1a: Zapdos|Discharge|p2a: Sinistcha
|-resisted|p2a: Sinistcha
|-damage|p2a: Sinistcha|63/100
|move|p2a: Sinistcha|Matcha Gotcha|p1a: Zapdos
|-resisted|p1a: Zapdos
|-damage|p1a: Zapdos|63/100
|-heal|p2a: Sinistcha|80/100|[from] drain|[of] p1a: Zapdos
|
|-heal|p1a: Zapdos|69/100|[from] item: Leftovers
|-heal|p2a: Sinistcha|86/100|[from] item: Leftovers
|upkeep
|turn|15
|
|t:|1758952273
|move|p1a: Zapdos|Discharge|p2a: Sinistcha
|-resisted|p2a: Sinistcha
|-damage|p2a: Sinistcha|78/100
|move|p2a: Sinistcha|Shadow Ball|p1a: Zapdos
|-damage|p1a: Zapdos|0 fnt
|faint|p1a: Zapdos
|
|-heal|p2a: Sinistcha|84/100|[from] item: Leftovers
|upkeep
|
|t:|1758952281
|switch|p1a: Serperior|Serperior, M|100/100
|turn|16
|
|t:|1758952286
|move|p1a: Serperior|Glare|p2a: Sinistcha
|-status|p2a: Sinistcha|par
|move|p2a: Sinistcha|Shadow Ball|p1a: Serperior
|-damage|p1a: Serperior|0 fnt
|faint|p1a: Serperior
|
|-heal|p2a: Sinistcha|90/100 par|[from] item: Leftovers
|upkeep
|inactive|Charle_phate has 120 seconds left.
|
|t:|1758952326
|switch|p1a: Clefable|Clefable, M|100/100
|turn|17
|
|t:|1758952330
|move|p1a: Clefable|Cosmic Power|p1a: Clefable
|-boost|p1a: Clefable|def|1
|-boost|p1a: Clefable|spd|1
|move|p2a: Sinistcha|Matcha Gotcha|p1a: Clefable
|-damage|p1a: Clefable|53/100
|-heal|p2a: Sinistcha|100/100 par|[from] drain|[of] p1a: Clefable
|-status|p1a: Clefable|brn
|
|-heal|p1a: Clefable|59/100 brn|[from] item: Leftovers
|upkeep
|turn|18
|inactive|Charle_phate has 120 seconds left.
|
|t:|1758952360
|move|p1a: Clefable|Cosmic Power|p1a: Clefable
|-boost|p1a: Clefable|def|1
|-boost|p1a: Clefable|spd|1
|move|p2a: Sinistcha|Shadow Ball|p1a: Clefable
|-damage|p1a: Clefable|26/100 brn
|-unboost|p1a: Clefable|spd|1
|
|-heal|p1a: Clefable|32/100 brn|[from] item: Leftovers
|upkeep
|turn|19
|inactive|Charle_phate has 120 seconds left.
|
|t:|1758952371
|move|p1a: Clefable|Cosmic Power|p1a: Clefable
|-boost|p1a: Clefable|def|1
|-boost|p1a: Clefable|spd|1
|cant|p2a: Sinistcha|par
|
|-heal|p1a: Clefable|38/100 brn|[from] item: Leftovers
|upkeep
|turn|20
|inactive|Charle_phate has 120 seconds left.
|
|t:|1758952386
|move|p1a: Clefable|Cosmic Power|p1a: Clefable
|-boost|p1a: Clefable|def|1
|-boost|p1a: Clefable|spd|1
|move|p2a: Sinistcha|Calm Mind|p2a: Sinistcha
|-boost|p2a: Sinistcha|spa|1
|-boost|p2a: Sinistcha|spd|1
|
|-heal|p1a: Clefable|44/100 brn|[from] item: Leftovers
|upkeep
|turn|21
|
|t:|1758952395
|move|p1a: Clefable|Cosmic Power|p1a: Clefable
|-boost|p1a: Clefable|def|1
|-boost|p1a: Clefable|spd|1
|move|p2a: Sinistcha|Shadow Ball|p1a: Clefable
|-damage|p1a: Clefable|18/100 brn
|-unboost|p1a: Clefable|spd|1
|
|-heal|p1a: Clefable|24/100 brn|[from] item: Leftovers
|upkeep
|turn|22
|
|t:|1758952406
|move|p1a: Clefable|Cosmic Power|p1a: Clefable
|-boost|p1a: Clefable|def|1
|-boost|p1a: Clefable|spd|1
|move|p2a: Sinistcha|Shadow Ball|p1a: Clefable
|-damage|p1a: Clefable|0 fnt
|faint|p1a: Clefable
|
|upkeep
|inactive|Charle_phate has 120 seconds left.
|-message|Charle_phate forfeited.
|
|win|liujindadi
|raw|Charle_phate's rating: 1454 &rarr; <strong>1431</strong><br />(-23 for losing)
|raw|liujindadi's rating: 1407 &rarr; <strong>1430</strong><br />(+23 for winning)
|l|☆Charle_phate
|player|p1|
|l|☆liujindadi
|player|p2|
