|j|☆Excelio21
|j|☆SML Shrek
|t:|1759039072
|gametype|singles
|player|p1|Excelio21|riley|1415
|player|p2|SML Shrek|hiker-gen4|1464
|gen|9
|tier|[Gen 9] OU
|rated|
|rule|HP Percentage Mod: HP is shown in percentages
|rule|Endless Battle Clause: Forcing endless battles is banned
|rule|Species Clause: Limit one of each Pokémon
|rule|OHKO Clause: OHKO moves are banned
|rule|Evasion Items Clause: Evasion items are banned
|rule|Evasion Moves Clause: Evasion moves are banned
|rule|Evasion Abilities Clause: Evasion abilities are banned
|rule|Sleep Moves Clause: Sleep-inducing moves are banned
|clearpoke
|poke|p1|Ogerpon-Wellspring, F|
|poke|p1|Blissey, F|
|poke|p1|Weezing-Galar, M|
|poke|p1|Primarina, M|
|poke|p1|Weavile, M|
|poke|p1|Pelipper, F|
|poke|p2|Ribombee, F|
|poke|p2|Cinderace, F|
|poke|p2|Great Tusk|
|poke|p2|Ting-Lu|
|poke|p2|Gholdengo|
|poke|p2|Sinistcha-Masterpiece|
|teampreview
|inactive|Battle timer is ON: inactive players will automatically lose when time's up. (requested by Excelio21)
|inactive|SML Shrek also wants the timer to be on.
|
|t:|1759039092
|teamsize|p1|6
|teamsize|p2|6
|start
|switch|p1a: Pelipper|Pelipper, F|100/100
|switch|p2a: Ribombee|Ribombee, F, shiny|100/100
|-weather|RainDance|[from] ability: Drizzle|[of] p1a: Pelipper
|turn|1
|
|t:|1759039102
|move|p2a: Ribombee|Sticky Web|p1a: Pelipper
|-sidestart|p1: Excelio21|move: Sticky Web
|move|p1a: Pelipper|Hurricane|p2a: Ribombee
|-supereffective|p2a: Ribombee
|-enditem|p2a: Ribombee|Focus Sash
|-damage|p2a: Ribombee|1/100
|
|-weather|RainDance|[upkeep]
|upkeep
|turn|2
|
|t:|1759039109
|move|p2a: Ribombee|Stun Spore|p1a: Pelipper|[miss]
|-miss|p2a: Ribombee|p1a: Pelipper
|move|p1a: Pelipper|Hurricane|p2a: Ribombee
|-supereffective|p2a: Ribombee
|-damage|p2a: Ribombee|0 fnt
|faint|p2a: Ribombee
|
|-weather|RainDance|[upkeep]
|upkeep
|
|t:|1759039118
|switch|p2a: Gholdengo|Gholdengo|100/100
|-item|p2a: Gholdengo|Air Balloon
|turn|3
|
|t:|1759039127
|move|p2a: Gholdengo|Thunder Wave|p1a: Pelipper
|-status|p1a: Pelipper|par
|cant|p1a: Pelipper|par
|
|-weather|RainDance|[upkeep]
|upkeep
|turn|4
|
|t:|1759039139
|switch|p1a: Blissey|Blissey, F|100/100
|-activate|p1a: Blissey|move: Sticky Web
|-unboost|p1a: Blissey|spe|1
|move|p2a: Gholdengo|Nasty Plot|p2a: Gholdengo
|-boost|p2a: Gholdengo|spa|2
|
|-weather|RainDance|[upkeep]
|upkeep
|turn|5
|
|t:|1759039146
|switch|p2a: Ting-Lu|Ting-Lu|100/100
|-ability|p2a: Ting-Lu|Vessel of Ruin
|move|p1a: Blissey|Stealth Rock|p2a: Ting-Lu
|-sidestart|p2: SML Shrek|move: Stealth Rock
|
|-weather|none
|upkeep
|turn|6
|
|t:|1759039153
|switch|p1a: Pelipper|Pelipper, F|100/100 par
|-weather|RainDance|[from] ability: Drizzle|[of] p1a: Pelipper
|move|p2a: Ting-Lu|Stealth Rock|p1a: Pelipper
|-sidestart|p1: Excelio21|move: Stealth Rock
|
|-weather|RainDance|[upkeep]
|upkeep
|turn|7
|
|t:|1759039160
|-terastallize|p2a: Ting-Lu|Ghost
|move|p2a: Ting-Lu|Spikes|p1a: Pelipper
|-sidestart|p1: Excelio21|Spikes
|cant|p1a: Pelipper|par
|
|-weather|RainDance|[upkeep]
|upkeep
|turn|8
|
|t:|1759039168
|move|p1a: Pelipper|Surf|p2a: Ting-Lu
|-damage|p2a: Ting-Lu|65/100
|move|p2a: Ting-Lu|Whirlwind|p1a: Pelipper
|drag|p1a: Primarina|Primarina, M|100/100
|-activate|p1a: Primarina|move: Sticky Web
|-unboost|p1a: Primarina|spe|1
|-damage|p1a: Primarina|88/100|[from] Stealth Rock
|-damage|p1a: Primarina|76/100|[from] Spikes
|
|-weather|RainDance|[upkeep]
|-heal|p2a: Ting-Lu|71/100|[from] item: Leftovers
|upkeep
|turn|9
|
|t:|1759039179
|move|p2a: Ting-Lu|Spikes|p1a: Primarina
|-sidestart|p1: Excelio21|Spikes
|move|p1a: Primarina|Surf|p2a: Ting-Lu
|-damage|p2a: Ting-Lu|22/100
|
|-weather|RainDance|[upkeep]
|-heal|p2a: Ting-Lu|28/100|[from] item: Leftovers
|upkeep
|turn|10
|
|t:|1759039186
|move|p2a: Ting-Lu|Spikes|p1a: Primarina
|-sidestart|p1: Excelio21|Spikes
|move|p1a: Primarina|Surf|p2a: Ting-Lu
|-damage|p2a: Ting-Lu|0 fnt
|faint|p2a: Ting-Lu
|
|-weather|none
|upkeep
|
|t:|1759039192
|switch|p2a: Gholdengo|Gholdengo|100/100
|-damage|p2a: Gholdengo|94/100|[from] Stealth Rock
|-item|p2a: Gholdengo|Air Balloon
|turn|11
|
|t:|1759039197
|move|p2a: Gholdengo|Nasty Plot|p2a: Gholdengo
|-boost|p2a: Gholdengo|spa|2
|move|p1a: Primarina|Surf|p2a: Gholdengo
|-damage|p2a: Gholdengo|10/100
|-enditem|p2a: Gholdengo|Air Balloon
|
|upkeep
|turn|12
|
|t:|1759039203
|switch|p1a: Blissey|Blissey, F|100/100
|-activate|p1a: Blissey|move: Sticky Web
|-unboost|p1a: Blissey|spe|1
|-damage|p1a: Blissey|88/100|[from] Stealth Rock
|-damage|p1a: Blissey|63/100|[from] Spikes
|move|p2a: Gholdengo|Make It Rain|p1a: Blissey
|-damage|p1a: Blissey|13/100
|-unboost|p2a: Gholdengo|spa|1
|
|-heal|p1a: Blissey|19/100|[from] item: Leftovers
|upkeep
|turn|13
|inactive|Excelio21 has 120 seconds left.
|inactive|Excelio21 has 90 seconds left.
|
|t:|1759039267
|move|p2a: Gholdengo|Make It Rain|p1a: Blissey
|-damage|p1a: Blissey|0 fnt
|-unboost|p2a: Gholdengo|spa|1
|faint|p1a: Blissey
|
|upkeep
|
|t:|1759039270
|switch|p1a: Pelipper|Pelipper, F|100/100 par
|-damage|p1a: Pelipper|76/100 par|[from] Stealth Rock
|-weather|RainDance|[from] ability: Drizzle|[of] p1a: Pelipper
|turn|14
|
|t:|1759039290
|switch|p2a: Cinderace|Cinderace, F|100/100
|cant|p1a: Pelipper|par
|
|-weather|RainDance|[upkeep]
|upkeep
|turn|15
|
|t:|1759039302
|move|p2a: Cinderace|Pyro Ball|p1a: Pelipper
|-resisted|p1a: Pelipper
|-damage|p1a: Pelipper|61/100 par
|move|p1a: Pelipper|Hurricane|p2a: Cinderace
|-damage|p2a: Cinderace|0 fnt
|faint|p2a: Cinderace
|
|-weather|RainDance|[upkeep]
|upkeep
|
|t:|1759039312
|switch|p2a: Great Tusk|Great Tusk|100/100
|turn|16
|
|t:|1759039328
|move|p2a: Great Tusk|Rapid Spin|p1a: Pelipper
|-damage|p1a: Pelipper|43/100 par
|-boost|p2a: Great Tusk|spe|1
|-sideend|p2: SML Shrek|Stealth Rock|[from] move: Rapid Spin|[of] p2a: Great Tusk
|move|p1a: Pelipper|Hurricane|p2a: Great Tusk
|-supereffective|p2a: Great Tusk
|-damage|p2a: Great Tusk|0 fnt
|faint|p2a: Great Tusk
|-end|p2a: Great Tusk|Protosynthesis|[silent]
|
|-weather|RainDance|[upkeep]
|upkeep
|
|t:|1759039337
|switch|p2a: Sinistcha|Sinistcha-Masterpiece|100/100
|turn|17
|inactive|Excelio21 has 90 seconds left.
|
|t:|1759039368
|move|p2a: Sinistcha|Hex|p1a: Pelipper
|-damage|p1a: Pelipper|0 fnt
|faint|p1a: Pelipper
|
|-weather|RainDance|[upkeep]
|upkeep
|inactive|Excelio21 has 90 seconds left.
|
|t:|1759039376
|switch|p1a: Weezing|Weezing-Galar, M|100/100
|-damage|p1a: Weezing|88/100|[from] Stealth Rock
|turn|18
|
|t:|1759039391
|move|p2a: Sinistcha|Calm Mind|p2a: Sinistcha
|-boost|p2a: Sinistcha|spa|1
|-boost|p2a: Sinistcha|spd|1
|move|p1a: Weezing|Will-O-Wisp|p2a: Sinistcha
|-status|p2a: Sinistcha|brn
|
|-weather|none
|-heal|p1a: Weezing|94/100|[from] item: Black Sludge
|-damage|p2a: Sinistcha|98/100 brn|[from] brn
|upkeep
|turn|19
|
|t:|1759039400
|move|p2a: Sinistcha|Stun Spore|p1a: Weezing
|-status|p1a: Weezing|par
|move|p1a: Weezing|Sludge Wave|p2a: Sinistcha
|-damage|p2a: Sinistcha|73/100 brn
|
|-heal|p2a: Sinistcha|79/100 brn|[from] item: Leftovers
|-heal|p1a: Weezing|99/100 par|[from] item: Black Sludge
|-damage|p2a: Sinistcha|76/100 brn|[from] brn
|upkeep
|turn|20
|
|t:|1759039423
|move|p2a: Sinistcha|Hex|p1a: Weezing
|-damage|p1a: Weezing|30/100 par
|cant|p1a: Weezing|par
|
|-heal|p2a: Sinistcha|82/100 brn|[from] item: Leftovers
|-heal|p1a: Weezing|36/100 par|[from] item: Black Sludge
|-damage|p2a: Sinistcha|79/100 brn|[from] brn
|upkeep
|turn|21
|
|t:|1759039431
|move|p2a: Sinistcha|Hex|p1a: Weezing
|-damage|p1a: Weezing|0 fnt
|faint|p1a: Weezing
|
|-heal|p2a: Sinistcha|85/100 brn|[from] item: Leftovers
|-damage|p2a: Sinistcha|83/100 brn|[from] brn
|upkeep
|inactive|Excelio21 has 90 seconds left.
|
|t:|1759039447
|switch|p1a: Weavile|Weavile, M|100/100
|-activate|p1a: Weavile|move: Sticky Web
|-unboost|p1a: Weavile|spe|1
|-damage|p1a: Weavile|76/100|[from] Stealth Rock
|-damage|p1a: Weavile|51/100|[from] Spikes
|-ability|p1a: Weavile|Pressure
|turn|22
|
|t:|1759039454
|move|p1a: Weavile|Knock Off|p2a: Sinistcha
|-supereffective|p2a: Sinistcha
|-damage|p2a: Sinistcha|0 fnt
|-enditem|p2a: Sinistcha|Leftovers|[from] move: Knock Off|[of] p1a: Weavile
|faint|p2a: Sinistcha
|
|upkeep
|
|t:|1759039460
|switch|p2a: Gholdengo|Gholdengo|10/100
|turn|23
|
|t:|1759039470
|switch|p1a: Primarina|Primarina, M|76/100
|-activate|p1a: Primarina|move: Sticky Web
|-unboost|p1a: Primarina|spe|1
|-damage|p1a: Primarina|63/100|[from] Stealth Rock
|-damage|p1a: Primarina|38/100|[from] Spikes
|move|p2a: Gholdengo|Make It Rain|p1a: Primarina
|-damage|p1a: Primarina|0 fnt
|-unboost|p2a: Gholdengo|spa|1
|faint|p1a: Primarina
|
|upkeep
|
|t:|1759039479
|switch|p1a: Weavile|Weavile, M|51/100
|-activate|p1a: Weavile|move: Sticky Web
|-unboost|p1a: Weavile|spe|1
|-damage|p1a: Weavile|26/100|[from] Stealth Rock
|-damage|p1a: Weavile|1/100|[from] Spikes
|-ability|p1a: Weavile|Pressure
|turn|24
|
|t:|1759039487
|move|p1a: Weavile|Ice Shard|p2a: Gholdengo
|-resisted|p2a: Gholdengo
|-damage|p2a: Gholdengo|0 fnt
|faint|p2a: Gholdengo
|
|win|Excelio21
|raw|Excelio21's rating: 1415 &rarr; <strong>1438</strong><br />(+23 for winning)
|raw|SML Shrek's rating: 1464 &rarr; <strong>1441</strong><br />(-23 for losing)
|l|☆SML Shrek
|player|p2|
|l|☆Excelio21
|player|p1|
