|j|☆RiYaDz
|j|☆iyasih
|t:|1758985820
|gametype|singles
|player|p1|RiYaDz|blackbelt|1187
|player|p2|iyasih|266|1201
|gen|9
|tier|[Gen 9] OU
|rated|
|rule|HP Percentage Mod: HP is shown in percentages
|rule|Endless Battle Clause: Forcing endless battles is banned
|rule|Species Clause: Limit one of each Pokémon
|rule|OHKO Clause: OHKO moves are banned
|rule|Evasion Items Clause: Evasion items are banned
|rule|Evasion Moves Clause: Evasion moves are banned
|rule|Evasion Abilities Clause: Evasion abilities are banned
|rule|Sleep Moves Clause: Sleep-inducing moves are banned
|clearpoke
|poke|p1|Landorus-Therian, M|
|poke|p1|Samurott-Hisui, F|
|poke|p1|Pecharunt|
|poke|p1|Scizor, F|
|poke|p1|Latios, M|
|poke|p1|Zamazenta-*|
|poke|p2|Hoopa-Unbound|
|poke|p2|Alomomola, M|
|poke|p2|Haxorus, M|
|poke|p2|Gliscor, M|
|poke|p2|Kyurem|
|poke|p2|Torkoal, F|
|teampreview
|inactive|Battle timer is ON: inactive players will automatically lose when time's up. (requested by RiYaDz)
|
|t:|1758985846
|teamsize|p1|6
|teamsize|p2|6
|start
|switch|p1a: Samurott|Samurott-Hisui, F, shiny|100/100
|switch|p2a: Haxorus|Haxorus, M|100/100
|-ability|p2a: Haxorus|Mold Breaker
|turn|1
|
|t:|1758985854
|move|p2a: Haxorus|Dragon Dance|p2a: Haxorus
|-boost|p2a: Haxorus|atk|1
|-boost|p2a: Haxorus|spe|1
|move|p1a: Samurott|Ceaseless Edge|p2a: Haxorus
|-damage|p2a: Haxorus|33/100
|-sidestart|p2: iyasih|Spikes
|
|upkeep
|turn|2
|
|t:|1758985866
|move|p1a: Samurott|Aqua Jet|p2a: Haxorus
|-resisted|p2a: Haxorus
|-damage|p2a: Haxorus|20/100
|move|p2a: Haxorus|Close Combat|p1a: Samurott
|-supereffective|p1a: Samurott
|-damage|p1a: Samurott|0 fnt
|-unboost|p2a: Haxorus|def|1
|-unboost|p2a: Haxorus|spd|1
|faint|p1a: Samurott
|
|upkeep
|
|t:|1758985881
|switch|p1a: Landorus|Landorus-Therian, M, shiny|100/100
|-ability|p1a: Landorus|Intimidate|boost
|-unboost|p2a: Haxorus|atk|1
|turn|3
|
|t:|1758985890
|switch|p2a: Alomomola|Alomomola, M|100/100
|move|p1a: Landorus|Earthquake|p2a: Alomomola
|-damage|p2a: Alomomola|71/100
|
|upkeep
|turn|4
|
|t:|1758985897
|move|p1a: Landorus|Stealth Rock|p2a: Alomomola
|-sidestart|p2: iyasih|move: Stealth Rock
|move|p2a: Alomomola|Wish|p2a: Alomomola
|
|upkeep
|turn|5
|
|t:|1758985910
|move|p1a: Landorus|Earthquake|p2a: Alomomola
|-damage|p2a: Alomomola|41/100
|move|p2a: Alomomola|Flip Turn|p1a: Landorus
|-supereffective|p1a: Landorus
|-damage|p1a: Landorus|67/100
|-damage|p2a: Alomomola|24/100|[from] item: Rocky Helmet|[of] p1a: Landorus
|
|t:|1758985937
|switch|p2a: Kyurem|Kyurem|100/100|[from] Flip Turn
|-damage|p2a: Kyurem|88/100|[from] Spikes
|-damage|p2a: Kyurem|63/100|[from] Stealth Rock
|-ability|p2a: Kyurem|Pressure
|
|-heal|p2a: Kyurem|100/100|[from] move: Wish|[wisher] Alomomola
|upkeep
|turn|6
|
|t:|1758985948
|move|p1a: Landorus|Earthquake|p2a: Kyurem
|-damage|p2a: Kyurem|56/100
|move|p2a: Kyurem|Dragon Dance|p2a: Kyurem
|-boost|p2a: Kyurem|atk|1
|-boost|p2a: Kyurem|spe|1
|
|-heal|p2a: Kyurem|62/100|[from] item: Leftovers
|upkeep
|turn|7
|
|t:|1758985959
|move|p2a: Kyurem|Icicle Spear|p1a: Landorus
|-supereffective|p1a: Landorus
|-crit|p1a: Landorus
|-damage|p1a: Landorus|0 fnt
|faint|p1a: Landorus
|-hitcount|p1: Landorus|1
|
|-heal|p2a: Kyurem|68/100|[from] item: Leftovers
|upkeep
|
|t:|1758985967
|switch|p1a: Zamazenta|Zamazenta, shiny|100/100
|-ability|p1a: Zamazenta|Dauntless Shield|boost
|-boost|p1a: Zamazenta|def|1
|turn|8
|
|t:|1758985988
|switch|p2a: Torkoal|Torkoal, F|100/100
|-damage|p2a: Torkoal|88/100|[from] Spikes
|-damage|p2a: Torkoal|63/100|[from] Stealth Rock
|-weather|SunnyDay|[from] ability: Drought|[of] p2a: Torkoal
|move|p1a: Zamazenta|Body Press|p2a: Torkoal
|-damage|p2a: Torkoal|24/100
|
|-weather|SunnyDay|[upkeep]
|upkeep
|turn|9
|
|t:|1758986005
|switch|p2a: Gliscor|Gliscor, M|100/100
|-damage|p2a: Gliscor|88/100|[from] Stealth Rock
|move|p1a: Zamazenta|Iron Defense|p1a: Zamazenta
|-boost|p1a: Zamazenta|def|2
|
|-weather|SunnyDay|[upkeep]
|-status|p2a: Gliscor|tox|[from] item: Toxic Orb
|upkeep
|turn|10
|
|t:|1758986023
|move|p1a: Zamazenta|Body Press|p2a: Gliscor
|-resisted|p2a: Gliscor
|-damage|p2a: Gliscor|43/100 tox
|move|p2a: Gliscor|Earthquake|p1a: Zamazenta
|-damage|p1a: Zamazenta|88/100
|
|-weather|SunnyDay|[upkeep]
|-heal|p1a: Zamazenta|94/100|[from] item: Leftovers
|-heal|p2a: Gliscor|55/100 tox|[from] ability: Poison Heal
|upkeep
|turn|11
|
|t:|1758986037
|move|p1a: Zamazenta|Body Press|p2a: Gliscor
|-resisted|p2a: Gliscor
|-damage|p2a: Gliscor|12/100 tox
|move|p2a: Gliscor|Swords Dance|p2a: Gliscor
|-boost|p2a: Gliscor|atk|2
|
|-weather|SunnyDay|[upkeep]
|-heal|p1a: Zamazenta|100/100|[from] item: Leftovers
|-heal|p2a: Gliscor|25/100 tox|[from] ability: Poison Heal
|upkeep
|turn|12
|
|t:|1758986047
|move|p2a: Gliscor|Protect|p2a: Gliscor
|-singleturn|p2a: Gliscor|Protect
|move|p1a: Zamazenta|Body Press|p2a: Gliscor
|-activate|p2a: Gliscor|move: Protect
|
|-weather|SunnyDay|[upkeep]
|-heal|p2a: Gliscor|37/100 tox|[from] ability: Poison Heal
|upkeep
|turn|13
|
|t:|1758986056
|move|p1a: Zamazenta|Body Press|p2a: Gliscor
|-resisted|p2a: Gliscor
|-damage|p2a: Gliscor|0 fnt
|faint|p2a: Gliscor
|
|-weather|SunnyDay|[upkeep]
|upkeep
|
|t:|1758986059
|switch|p2a: Hoopa|Hoopa-Unbound|100/100
|-damage|p2a: Hoopa|88/100|[from] Spikes
|-damage|p2a: Hoopa|76/100|[from] Stealth Rock
|turn|14
|
|t:|1758986068
|-terastallize|p2a: Hoopa|Psychic
|move|p2a: Hoopa|Psychic Noise|p1a: Zamazenta
|-supereffective|p1a: Zamazenta
|-damage|p1a: Zamazenta|0 fnt
|faint|p1a: Zamazenta
|
|-weather|SunnyDay|[upkeep]
|upkeep
|
|t:|1758986080
|switch|p1a: Latios|Latios, M, shiny|100/100
|turn|15
|
|t:|1758986093
|switch|p2a: Haxorus|Haxorus, M|20/100
|-damage|p2a: Haxorus|7/100|[from] Spikes
|-damage|p2a: Haxorus|0 fnt|[from] Stealth Rock
|faint|p2a: Haxorus
|move|p1a: Latios|Draco Meteor|p2: Haxorus|[notarget]
|-fail|p1a: Latios
|
|-weather|none
|upkeep
|inactive|iyasih has 120 seconds left.
|
|t:|1758986123
|switch|p2a: Alomomola|Alomomola, M|57/100
|turn|16
|
|t:|1758986128
|move|p1a: Latios|Calm Mind|p1a: Latios
|-boost|p1a: Latios|spa|1
|-boost|p1a: Latios|spd|1
|move|p2a: Alomomola|Wish|p2a: Alomomola
|
|upkeep
|turn|17
|
|t:|1758986143
|move|p1a: Latios|Draco Meteor|p2a: Alomomola
|-damage|p2a: Alomomola|0 fnt
|-unboost|p1a: Latios|spa|2
|faint|p2a: Alomomola
|
|upkeep
|
|t:|1758986149
|switch|p2a: Hoopa|Hoopa-Unbound, tera:Psychic|76/100
|-damage|p2a: Hoopa|64/100|[from] Spikes
|-damage|p2a: Hoopa|51/100|[from] Stealth Rock
|turn|18
|
|t:|1758986160
|switch|p1a: Pecharunt|Pecharunt|100/100
|move|p2a: Hoopa|Hyperspace Fury|p1a: Pecharunt
|-supereffective|p1a: Pecharunt
|-damage|p1a: Pecharunt|36/100
|-unboost|p2a: Hoopa|def|1
|
|upkeep
|turn|19
|
|t:|1758986170
|move|p2a: Hoopa|Hyperspace Fury|p1a: Pecharunt
|-supereffective|p1a: Pecharunt
|-damage|p1a: Pecharunt|0 fnt
|-unboost|p2a: Hoopa|def|1
|faint|p1a: Pecharunt
|
|upkeep
|
|t:|1758986177
|switch|p1a: Scizor|Scizor, F|100/100
|turn|20
|
|t:|1758986194
|switch|p2a: Torkoal|Torkoal, F|24/100
|-damage|p2a: Torkoal|12/100|[from] Spikes
|-damage|p2a: Torkoal|0 fnt|[from] Stealth Rock
|faint|p2a: Torkoal
|move|p1a: Scizor|Bullet Punch|p2: Torkoal|[notarget]
|-fail|p1a: Scizor
|
|upkeep
|
|t:|1758986208
|switch|p2a: Kyurem|Kyurem|68/100
|-damage|p2a: Kyurem|56/100|[from] Spikes
|-damage|p2a: Kyurem|31/100|[from] Stealth Rock
|-ability|p2a: Kyurem|Pressure
|turn|21
|
|t:|1758986218
|-terastallize|p1a: Scizor|Electric
|move|p1a: Scizor|Bullet Punch|p2a: Kyurem
|-supereffective|p2a: Kyurem
|-damage|p2a: Kyurem|0 fnt
|faint|p2a: Kyurem
|
|upkeep
|
|t:|1758986224
|switch|p2a: Hoopa|Hoopa-Unbound, tera:Psychic|51/100
|-damage|p2a: Hoopa|39/100|[from] Spikes
|-damage|p2a: Hoopa|27/100|[from] Stealth Rock
|turn|22
|
|t:|1758986230
|move|p1a: Scizor|Bullet Punch|p2a: Hoopa
|-damage|p2a: Hoopa|0 fnt
|faint|p2a: Hoopa
|
|win|RiYaDz
|raw|RiYaDz's rating: 1187 &rarr; <strong>1213</strong><br />(+26 for winning)
|raw|iyasih's rating: 1201 &rarr; <strong>1175</strong><br />(-26 for losing)
|l|☆iyasih
|player|p2|
