|j|☆Helloimanewplayer3
|j|☆ihatecockroches
|t:|1758982752
|gametype|singles
|player|p1|Helloimanewplayer3|bruno|1090
|player|p2|ihatecockroches|fisherman-gen4|1120
|gen|9
|tier|[Gen 9] OU
|rated|
|rule|HP Percentage Mod: HP is shown in percentages
|rule|Endless Battle Clause: Forcing endless battles is banned
|rule|Species Clause: Limit one of each Pokémon
|rule|OHKO Clause: OHKO moves are banned
|rule|Evasion Items Clause: Evasion items are banned
|rule|Evasion Moves Clause: Evasion moves are banned
|rule|Evasion Abilities Clause: Evasion abilities are banned
|rule|Sleep Moves Clause: Sleep-inducing moves are banned
|clearpoke
|poke|p1|Glimmora, M|
|poke|p1|Ursaluna, F|
|poke|p1|Ceruledge, F|
|poke|p1|Slowking-Galar, M|
|poke|p1|Landorus-Therian, M|
|poke|p1|Hatterene, F|
|poke|p2|Scraggy, F|
|poke|p2|Mamoswine, M|
|poke|p2|Brambleghast, M|
|poke|p2|Dragalge, F|
|poke|p2|Milotic, F|
|poke|p2|Kleavor, F|
|teampreview
|inactive|Battle timer is ON: inactive players will automatically lose when time's up. (requested by Helloimanewplayer3)
|
|t:|1758982780
|teamsize|p1|6
|teamsize|p2|6
|start
|switch|p1a: Glimmora|Glimmora, M, shiny|100/100
|switch|p2a: Mamoswine|Mamoswine, M|100/100
|turn|1
|
|t:|1758982789
|move|p1a: Glimmora|Stealth Rock|p2a: Mamoswine
|-sidestart|p2: ihatecockroches|move: Stealth Rock
|move|p2a: Mamoswine|Earthquake|p1a: Glimmora
|-supereffective|p1a: Glimmora
|-enditem|p1a: Glimmora|Focus Sash
|-damage|p1a: Glimmora|1/100
|-activate|p1a: Glimmora|ability: Toxic Debris
|-sidestart|p2: ihatecockroches|move: Toxic Spikes
|
|upkeep
|turn|2
|
|t:|1758982802
|-terastallize|p1a: Glimmora|Flying
|move|p2a: Mamoswine|Ice Shard|p1a: Glimmora
|-supereffective|p1a: Glimmora
|-damage|p1a: Glimmora|0 fnt
|-activate|p1a: Glimmora|ability: Toxic Debris
|-sidestart|p2: ihatecockroches|move: Toxic Spikes
|faint|p1a: Glimmora
|
|upkeep
|
|t:|1758982811
|switch|p1a: Slowking|Slowking-Galar, M, shiny|100/100
|turn|3
|
|t:|1758982816
|move|p2a: Mamoswine|Earthquake|p1a: Slowking
|-supereffective|p1a: Slowking
|-damage|p1a: Slowking|1/100
|move|p1a: Slowking|Trick Room|p1a: Slowking
|-fieldstart|move: Trick Room|[of] p1a: Slowking
|
|upkeep
|turn|4
|
|t:|1758982822
|move|p2a: Mamoswine|Ice Shard|p1a: Slowking
|-damage|p1a: Slowking|0 fnt
|faint|p1a: Slowking
|
|upkeep
|
|t:|1758982828
|switch|p1a: Ursaluna|Ursaluna, F, shiny|100/100
|turn|5
|
|t:|1758982850
|switch|p2a: Dragalge|Dragalge, F|100/100
|-damage|p2a: Dragalge|88/100|[from] Stealth Rock
|-sideend|p2: ihatecockroches|move: Toxic Spikes|[of] p2a: Dragalge
|move|p1a: Ursaluna|Facade|p2a: Dragalge
|-damage|p2a: Dragalge|42/100
|
|-status|p1a: Ursaluna|brn|[from] item: Flame Orb
|upkeep
|turn|6
|
|t:|1758982865
|move|p1a: Ursaluna|Earthquake|p2a: Dragalge
|-supereffective|p2a: Dragalge
|-damage|p2a: Dragalge|0 fnt
|faint|p2a: Dragalge
|
|-damage|p1a: Ursaluna|94/100 brn|[from] brn
|upkeep
|
|t:|1758982884
|switch|p2a: Brambleghast|Brambleghast, M|100/100
|turn|7
|
|t:|1758982889
|move|p1a: Ursaluna|Headlong Rush|p2a: Brambleghast
|-resisted|p2a: Brambleghast
|-damage|p2a: Brambleghast|0 fnt
|-unboost|p1a: Ursaluna|def|1
|-unboost|p1a: Ursaluna|spd|1
|faint|p2a: Brambleghast
|
|-damage|p1a: Ursaluna|88/100 brn|[from] brn
|-fieldend|move: Trick Room
|upkeep
|
|t:|1758982897
|switch|p2a: Scraggy|Scraggy, F|100/100
|-damage|p2a: Scraggy|95/100|[from] Stealth Rock
|turn|8
|
|t:|1758982907
|switch|p1a: Ceruledge|Ceruledge, F, shiny|100/100
|move|p2a: Scraggy|Knock Off|p1a: Ceruledge
|-supereffective|p1a: Ceruledge
|-damage|p1a: Ceruledge|0 fnt
|-enditem|p1a: Ceruledge|Life Orb|[from] move: Knock Off|[of] p2a: Scraggy
|faint|p1a: Ceruledge
|
|upkeep
|
|t:|1758982917
|switch|p1a: Hatterene|Hatterene, F, shiny|100/100
|turn|9
|
|t:|1758982927
|switch|p2a: Kleavor|Kleavor, F|100/100
|-damage|p2a: Kleavor|76/100|[from] Stealth Rock
|move|p1a: Hatterene|Trick Room|p1a: Hatterene
|-fieldstart|move: Trick Room|[of] p1a: Hatterene
|
|upkeep
|turn|10
|
|t:|1758982937
|switch|p1a: Ursaluna|Ursaluna, F, shiny|88/100 brn
|move|p2a: Kleavor|Stone Axe|p1a: Ursaluna
|-resisted|p1a: Ursaluna
|-damage|p1a: Ursaluna|68/100 brn
|-sidestart|p1: Helloimanewplayer3|move: Stealth Rock
|
|-damage|p1a: Ursaluna|62/100 brn|[from] brn
|upkeep
|turn|11
|
|t:|1758982948
|move|p2a: Kleavor|Vacuum Wave|p1a: Ursaluna
|-supereffective|p1a: Ursaluna
|-damage|p1a: Ursaluna|54/100 brn
|move|p1a: Ursaluna|Earthquake|p2a: Kleavor
|-damage|p2a: Kleavor|0 fnt
|faint|p2a: Kleavor
|
|-damage|p1a: Ursaluna|48/100 brn|[from] brn
|upkeep
|
|t:|1758982958
|switch|p2a: Milotic|Milotic, F|100/100
|-damage|p2a: Milotic|88/100|[from] Stealth Rock
|turn|12
|
|t:|1758982963
|move|p1a: Ursaluna|Facade|p2a: Milotic
|-damage|p2a: Milotic|0 fnt
|faint|p2a: Milotic
|
|-damage|p1a: Ursaluna|41/100 brn|[from] brn
|upkeep
|
|t:|1758982973
|switch|p2a: Scraggy|Scraggy, F|95/100
|-damage|p2a: Scraggy|89/100|[from] Stealth Rock
|turn|13
|
|t:|1758982979
|move|p1a: Ursaluna|Earthquake|p2a: Scraggy
|-damage|p2a: Scraggy|2/100
|move|p2a: Scraggy|Drain Punch|p1a: Ursaluna
|-supereffective|p1a: Ursaluna
|-damage|p1a: Ursaluna|0 fnt
|-heal|p2a: Scraggy|34/100|[from] drain|[of] p1a: Ursaluna
|faint|p1a: Ursaluna
|
|-fieldend|move: Trick Room
|upkeep
|
|t:|1758982990
|switch|p1a: Landorus|Landorus-Therian, M, shiny|100/100
|-damage|p1a: Landorus|88/100|[from] Stealth Rock
|-ability|p1a: Landorus|Intimidate|boost
|-unboost|p2a: Scraggy|atk|1
|turn|14
|
|t:|1758983003
|move|p1a: Landorus|Hammer Arm|p2a: Scraggy
|-supereffective|p2a: Scraggy
|-damage|p2a: Scraggy|0 fnt
|-unboost|p1a: Landorus|spe|1
|faint|p2a: Scraggy
|
|upkeep
|
|t:|1758983006
|switch|p2a: Mamoswine|Mamoswine, M|100/100
|-damage|p2a: Mamoswine|88/100|[from] Stealth Rock
|turn|15
|
|t:|1758983013
|move|p2a: Mamoswine|Ice Beam|p1a: Landorus
|-supereffective|p1a: Landorus
|-damage|p1a: Landorus|0 fnt
|faint|p1a: Landorus
|
|upkeep
|
|t:|1758983018
|switch|p1a: Hatterene|Hatterene, F, shiny|100/100
|-damage|p1a: Hatterene|88/100|[from] Stealth Rock
|turn|16
|
|t:|1758983027
|move|p2a: Mamoswine|Earthquake|p1a: Hatterene
|-damage|p1a: Hatterene|39/100
|move|p1a: Hatterene|Draining Kiss|p2a: Mamoswine
|-damage|p2a: Mamoswine|38/100
|-heal|p1a: Hatterene|81/100|[from] drain|[of] p2a: Mamoswine
|-damage|p1a: Hatterene|72/100|[from] item: Life Orb
|
|upkeep
|turn|17
|
|t:|1758983037
|-terastallize|p2a: Mamoswine|Ice
|move|p2a: Mamoswine|Earthquake|p1a: Hatterene
|-damage|p1a: Hatterene|16/100
|move|p1a: Hatterene|Draining Kiss|p2a: Mamoswine
|-damage|p2a: Mamoswine|0 fnt
|-heal|p1a: Hatterene|48/100|[from] drain|[of] p2a: Mamoswine
|faint|p2a: Mamoswine
|-damage|p1a: Hatterene|39/100|[from] item: Life Orb
|
|win|Helloimanewplayer3
|raw|Helloimanewplayer3's rating: 1090 &rarr; <strong>1119</strong><br />(+29 for winning)
|raw|ihatecockroches's rating: 1120 &rarr; <strong>1093</strong><br />(-27 for losing)
|l|☆ihatecockroches
|player|p2|
|l|☆Helloimanewplayer3
|player|p1|
