|j|☆Yelo_Galaxy
|j|☆PuruglyIsUgly
|t:|1759042129
|gametype|singles
|player|p1|Yelo_Galaxy|169|1633
|player|p2|PuruglyIsUgly|1|1554
|gen|9
|tier|[Gen 9] OU
|rated|
|rule|HP Percentage Mod: HP is shown in percentages
|rule|Endless Battle Clause: Forcing endless battles is banned
|rule|Species Clause: Limit one of each Pokémon
|rule|OHKO Clause: OHKO moves are banned
|rule|Evasion Items Clause: Evasion items are banned
|rule|Evasion Moves Clause: Evasion moves are banned
|rule|Evasion Abilities Clause: Evasion abilities are banned
|rule|Sleep Moves Clause: Sleep-inducing moves are banned
|clearpoke
|poke|p1|Torkoal, M|
|poke|p1|Hatterene, F|
|poke|p1|Raging Bolt|
|poke|p1|Slither Wing|
|poke|p1|Venusaur, F|
|poke|p1|Walking Wake|
|poke|p2|Pelipper, F|
|poke|p2|Hatterene, F|
|poke|p2|Iron Treads|
|poke|p2|Toxicroak, F|
|poke|p2|Barraskewda, F|
|poke|p2|Zapdos|
|teampreview
|
|t:|1759042147
|teamsize|p1|6
|teamsize|p2|6
|start
|switch|p1a: Slither Wing|Slither Wing|100/100
|switch|p2a: Iron Treads|Iron Treads|100/100
|turn|1
|
|t:|1759042152
|-end|p1a: Slither Wing|Protosynthesis|[silent]
|switch|p1a: Hatterene|Hatterene, F|100/100
|-item|p1a: Hatterene|Air Balloon
|-end|p2a: Iron Treads|Quark Drive|[silent]
|switch|p2a: Zapdos|Zapdos|100/100
|
|upkeep
|turn|2
|
|t:|1759042159
|move|p2a: Zapdos|Volt Switch|p1a: Hatterene
|-damage|p1a: Hatterene|46/100
|-enditem|p1a: Hatterene|Air Balloon
|inactive|Battle timer is ON: inactive players will automatically lose when time's up. (requested by Yelo_Galaxy)
|
|t:|1759042164
|switch|p2a: Iron Treads|Iron Treads|100/100|[from] Volt Switch
|move|p1a: Hatterene|Psychic Noise|p2a: Iron Treads
|-resisted|p2a: Iron Treads
|-damage|p2a: Iron Treads|88/100
|-start|p2a: Iron Treads|move: Heal Block
|
|upkeep
|turn|3
|
|t:|1759042171
|switch|p1a: Slither Wing|Slither Wing|100/100
|move|p2a: Iron Treads|Earthquake|p1a: Slither Wing
|-resisted|p1a: Slither Wing
|-damage|p1a: Slither Wing|77/100
|
|-end|p2a: Iron Treads|move: Heal Block
|upkeep
|turn|4
|
|t:|1759042174
|move|p1a: Slither Wing|Earthquake|p2a: Iron Treads
|-supereffective|p2a: Iron Treads
|-damage|p2a: Iron Treads|32/100
|move|p2a: Iron Treads|Volt Switch|p1a: Slither Wing
|-damage|p1a: Slither Wing|70/100
|
|t:|1759042178
|-end|p2a: Iron Treads|Quark Drive|[silent]
|switch|p2a: Zapdos|Zapdos|100/100|[from] Volt Switch
|
|upkeep
|turn|5
|
|t:|1759042180
|-end|p1a: Slither Wing|Protosynthesis|[silent]
|switch|p1a: Torkoal|Torkoal, M|100/100
|-weather|SunnyDay|[from] ability: Drought|[of] p1a: Torkoal
|move|p2a: Zapdos|Volt Switch|p1a: Torkoal
|-damage|p1a: Torkoal|39/100
|
|t:|1759042183
|switch|p2a: Pelipper|Pelipper, F|100/100|[from] Volt Switch
|-weather|RainDance|[from] ability: Drizzle|[of] p2a: Pelipper
|
|-weather|RainDance|[upkeep]
|upkeep
|turn|6
|
|t:|1759042188
|switch|p1a: Walking Wake|Walking Wake|100/100
|move|p2a: Pelipper|U-turn|p1a: Walking Wake
|-damage|p1a: Walking Wake|91/100
|
|t:|1759042194
|switch|p2a: Zapdos|Zapdos|100/100|[from] U-turn
|
|-weather|RainDance|[upkeep]
|upkeep
|turn|7
|
|t:|1759042198
|move|p1a: Walking Wake|Weather Ball|p2a: Zapdos
|-damage|p2a: Zapdos|4/100
|move|p2a: Zapdos|Volt Switch|p1a: Walking Wake
|-damage|p1a: Walking Wake|30/100
|
|t:|1759042206
|switch|p2a: Barraskewda|Barraskewda, F|100/100|[from] Volt Switch
|
|-weather|RainDance|[upkeep]
|upkeep
|turn|8
|
|t:|1759042211
|-end|p1a: Walking Wake|Protosynthesis|[silent]
|switch|p1a: Raging Bolt|Raging Bolt|100/100
|move|p2a: Barraskewda|Close Combat|p1a: Raging Bolt
|-damage|p1a: Raging Bolt|39/100
|-unboost|p2a: Barraskewda|def|1
|-unboost|p2a: Barraskewda|spd|1
|
|-weather|RainDance|[upkeep]
|upkeep
|turn|9
|l|☆Yelo_Galaxy
|inactive|Yelo_Galaxy disconnected and has a minute to reconnect!
|player|p1|
|inactive|Yelo_Galaxy has 30 seconds to reconnect!
|inactive|Yelo_Galaxy has 20 seconds to reconnect!
|j|☆Yelo_Galaxy
|inactive|Yelo_Galaxy reconnected and has 95 seconds left.
|player|p1|Yelo_Galaxy|169|
|
|t:|1759042271
|switch|p2a: Iron Treads|Iron Treads|32/100
|move|p1a: Raging Bolt|Thunderclap||[still]
|-fail|p1a: Raging Bolt
|
|-weather|RainDance|[upkeep]
|-heal|p2a: Iron Treads|38/100|[from] item: Leftovers
|upkeep
|turn|10
|
|t:|1759042277
|-end|p1a: Raging Bolt|Protosynthesis|[silent]
|switch|p1a: Slither Wing|Slither Wing|70/100
|move|p2a: Iron Treads|Earthquake|p1a: Slither Wing
|-resisted|p1a: Slither Wing
|-damage|p1a: Slither Wing|45/100
|
|-weather|RainDance|[upkeep]
|-heal|p2a: Iron Treads|44/100|[from] item: Leftovers
|upkeep
|turn|11
|
|t:|1759042283
|-end|p2a: Iron Treads|Quark Drive|[silent]
|switch|p2a: Zapdos|Zapdos|4/100
|move|p1a: Slither Wing|U-turn|p2a: Zapdos
|-resisted|p2a: Zapdos
|-damage|p2a: Zapdos|0 fnt
|faint|p2a: Zapdos
|
|t:|1759042291
|-end|p1a: Slither Wing|Protosynthesis|[silent]
|switch|p1a: Walking Wake|Walking Wake|30/100|[from] U-turn
|
|-weather|RainDance|[upkeep]
|upkeep
|
|t:|1759042295
|switch|p2a: Barraskewda|Barraskewda, F|100/100
|turn|12
|inactive|Yelo_Galaxy has 120 seconds left.
|
|t:|1759042311
|-end|p1a: Walking Wake|Protosynthesis|[silent]
|switch|p1a: Hatterene|Hatterene, F|46/100
|move|p2a: Barraskewda|Flip Turn|p1a: Hatterene
|-damage|p1a: Hatterene|0 fnt
|faint|p1a: Hatterene
|
|t:|1759042317
|switch|p2a: Iron Treads|Iron Treads|44/100|[from] Flip Turn
|
|-weather|none
|-heal|p2a: Iron Treads|50/100|[from] item: Leftovers
|upkeep
|
|t:|1759042320
|switch|p1a: Slither Wing|Slither Wing|45/100
|turn|13
|
|t:|1759042327
|-end|p2a: Iron Treads|Quark Drive|[silent]
|switch|p2a: Toxicroak|Toxicroak, F|100/100
|move|p1a: Slither Wing|U-turn|p2a: Toxicroak
|-resisted|p2a: Toxicroak
|-damage|p2a: Toxicroak|90/100
|-damage|p1a: Slither Wing|29/100|[from] item: Rocky Helmet|[of] p2a: Toxicroak
|
|t:|1759042332
|-end|p1a: Slither Wing|Protosynthesis|[silent]
|switch|p1a: Walking Wake|Walking Wake|30/100|[from] U-turn
|
|upkeep
|turn|14
|
|t:|1759042336
|switch|p2a: Hatterene|Hatterene, F|100/100
|move|p1a: Walking Wake|Draco Meteor|p2a: Hatterene
|-immune|p2a: Hatterene
|
|upkeep
|turn|15
|
|t:|1759042343
|switch|p2a: Barraskewda|Barraskewda, F|100/100
|move|p1a: Walking Wake|Flip Turn|p2a: Barraskewda
|-resisted|p2a: Barraskewda
|-damage|p2a: Barraskewda|85/100
|
|t:|1759042346
|-end|p1a: Walking Wake|Protosynthesis|[silent]
|switch|p1a: Venusaur|Venusaur, F|100/100|[from] Flip Turn
|
|upkeep
|turn|16
|
|t:|1759042350
|move|p2a: Barraskewda|Aqua Jet|p1a: Venusaur
|-resisted|p1a: Venusaur
|-crit|p1a: Venusaur
|-damage|p1a: Venusaur|69/100
|move|p1a: Venusaur|Giga Drain|p2a: Barraskewda
|-supereffective|p2a: Barraskewda
|-damage|p2a: Barraskewda|0 fnt
|-heal|p1a: Venusaur|100/100|[from] drain|[of] p2a: Barraskewda
|faint|p2a: Barraskewda
|-damage|p1a: Venusaur|91/100|[from] item: Life Orb
|
|upkeep
|-message|PuruglyIsUgly forfeited.
|
|win|Yelo_Galaxy
|raw|Yelo_Galaxy's rating: 1633 &rarr; <strong>1649</strong><br />(+16 for winning)
|raw|PuruglyIsUgly's rating: 1554 &rarr; <strong>1538</strong><br />(-16 for losing)
|l|☆PuruglyIsUgly
|player|p2|
