|j|☆The Blxck
|j|☆axunyu
|t:|1759030211
|gametype|singles
|player|p1|The Blxck|skyla|1154
|player|p2|axunyu|benga|1236
|gen|9
|tier|[Gen 9] OU
|rated|
|rule|HP Percentage Mod: HP is shown in percentages
|rule|Endless Battle Clause: Forcing endless battles is banned
|rule|Species Clause: Limit one of each Pokémon
|rule|OHKO Clause: OHKO moves are banned
|rule|Evasion Items Clause: Evasion items are banned
|rule|Evasion Moves Clause: Evasion moves are banned
|rule|Evasion Abilities Clause: Evasion abilities are banned
|rule|Sleep Moves Clause: Sleep-inducing moves are banned
|clearpoke
|poke|p1|Mudsdale, F|
|poke|p1|Iron Valiant|
|poke|p1|Hydreigon, F|
|poke|p1|Zoroark-Hisui, M|
|poke|p1|Ceruledge, M|
|poke|p1|Tentacruel, F|
|poke|p2|Great Tusk|
|poke|p2|Pelipper, M|
|poke|p2|Weezing-Galar, F|
|poke|p2|Weavile, M|
|poke|p2|Kingambit, M|
|poke|p2|Volcanion|
|teampreview
|inactive|Battle timer is ON: inactive players will automatically lose when time's up. (requested by axunyu)
|
|t:|1759030228
|teamsize|p1|6
|teamsize|p2|6
|start
|switch|p1a: Mudsdale|Mudsdale, F|100/100
|switch|p2a: Weavile|Weavile, M|100/100
|-ability|p2a: Weavile|Pressure
|turn|1
|
|t:|1759030234
|move|p2a: Weavile|Icicle Spear|p1a: Mudsdale
|-supereffective|p1a: Mudsdale
|-damage|p1a: Mudsdale|71/100
|-ability|p1a: Mudsdale|Stamina|boost
|-boost|p1a: Mudsdale|def|1
|-supereffective|p1a: Mudsdale
|-damage|p1a: Mudsdale|48/100
|-ability|p1a: Mudsdale|Stamina|boost
|-boost|p1a: Mudsdale|def|1
|-supereffective|p1a: Mudsdale
|-damage|p1a: Mudsdale|30/100
|-ability|p1a: Mudsdale|Stamina|boost
|-boost|p1a: Mudsdale|def|1
|-hitcount|p1a: Mudsdale|3
|move|p1a: Mudsdale|Stealth Rock|p2a: Weavile
|-sidestart|p2: axunyu|move: Stealth Rock
|
|upkeep
|turn|2
|
|t:|1759030248
|move|p2a: Weavile|Icicle Spear|p1a: Mudsdale
|-supereffective|p1a: Mudsdale
|-damage|p1a: Mudsdale|17/100
|-ability|p1a: Mudsdale|Stamina|boost
|-boost|p1a: Mudsdale|def|1
|-supereffective|p1a: Mudsdale
|-damage|p1a: Mudsdale|6/100
|-ability|p1a: Mudsdale|Stamina|boost
|-boost|p1a: Mudsdale|def|1
|-supereffective|p1a: Mudsdale
|-damage|p1a: Mudsdale|0 fnt
|faint|p1a: Mudsdale
|-hitcount|p1: Mudsdale|3
|
|upkeep
|
|t:|1759030265
|switch|p1a: Ceruledge|Ceruledge, M|100/100
|turn|3
|
|t:|1759030270
|switch|p2a: Great Tusk|Great Tusk|100/100
|-damage|p2a: Great Tusk|98/100|[from] Stealth Rock
|move|p1a: Ceruledge|Swords Dance|p1a: Ceruledge
|-boost|p1a: Ceruledge|atk|2
|
|upkeep
|turn|4
|
|t:|1759030277
|move|p2a: Great Tusk|Earthquake|p1a: Ceruledge
|-supereffective|p1a: Ceruledge
|-enditem|p1a: Ceruledge|Focus Sash
|-damage|p1a: Ceruledge|1/100
|-ability|p1a: Ceruledge|Weak Armor|boost
|-unboost|p1a: Ceruledge|def|1
|-boost|p1a: Ceruledge|spe|2
|move|p1a: Ceruledge|Poltergeist|p2a: Great Tusk
|-activate|p2a: Great Tusk|move: Poltergeist|Rocky Helmet
|-damage|p2a: Great Tusk|29/100
|
|upkeep
|turn|5
|
|t:|1759030290
|move|p1a: Ceruledge|Bitter Blade|p2a: Great Tusk
|-damage|p2a: Great Tusk|0 fnt
|-heal|p1a: Ceruledge|22/100|[from] drain|[of] p2a: Great Tusk
|-damage|p1a: Ceruledge|6/100|[from] item: Rocky Helmet|[of] p2a: Great Tusk
|faint|p2a: Great Tusk
|-end|p2a: Great Tusk|Protosynthesis|[silent]
|
|upkeep
|
|t:|1759030297
|switch|p2a: Weavile|Weavile, M|100/100
|-damage|p2a: Weavile|76/100|[from] Stealth Rock
|-ability|p2a: Weavile|Pressure
|turn|6
|
|t:|1759030304
|move|p2a: Weavile|Ice Shard|p1a: Ceruledge
|-resisted|p1a: Ceruledge
|-damage|p1a: Ceruledge|0 fnt
|faint|p1a: Ceruledge
|
|upkeep
|
|t:|1759030314
|switch|p1a: Iron Valiant|Iron Valiant|100/100
|-enditem|p1a: Iron Valiant|Booster Energy
|-activate|p1a: Iron Valiant|ability: Quark Drive|[fromitem]
|-start|p1a: Iron Valiant|quarkdrivespe
|turn|7
|
|t:|1759030327
|switch|p2a: Weezing|Weezing-Galar, F|100/100
|-ability|p2a: Weezing|Neutralizing Gas
|move|p1a: Iron Valiant|Calm Mind|p1a: Iron Valiant
|-boost|p1a: Iron Valiant|spa|1
|-boost|p1a: Iron Valiant|spd|1
|
|upkeep
|turn|8
|
|t:|1759030336
|move|p1a: Iron Valiant|Moonblast|p2a: Weezing
|-resisted|p2a: Weezing
|-damage|p2a: Weezing|51/100
|move|p2a: Weezing|Defog|p1a: Iron Valiant
|-unboost|p1a: Iron Valiant|evasion|1
|-sideend|p2: axunyu|Stealth Rock|[from] move: Defog|[of] p2a: Weezing
|
|upkeep
|turn|9
|
|t:|1759030342
|move|p1a: Iron Valiant|Moonblast|p2a: Weezing
|-resisted|p2a: Weezing
|-damage|p2a: Weezing|1/100
|-unboost|p2a: Weezing|spa|1
|move|p2a: Weezing|Sludge Bomb|p1a: Iron Valiant
|-supereffective|p1a: Iron Valiant
|-damage|p1a: Iron Valiant|54/100
|
|upkeep
|turn|10
|
|t:|1759030346
|move|p1a: Iron Valiant|Moonblast|p2a: Weezing
|-resisted|p2a: Weezing
|-damage|p2a: Weezing|0 fnt
|faint|p2a: Weezing
|-end|p2a: Weezing|ability: Neutralizing Gas
|
|upkeep
|
|t:|1759030353
|switch|p2a: Volcanion|Volcanion|100/100
|turn|11
|
|t:|1759030358
|move|p1a: Iron Valiant|Aura Sphere|p2a: Volcanion
|-crit|p2a: Volcanion
|-damage|p2a: Volcanion|0 fnt
|faint|p2a: Volcanion
|
|upkeep
|
|t:|1759030362
|switch|p2a: Kingambit|Kingambit, M|100/100
|-activate|p2a: Kingambit|ability: Supreme Overlord
|-start|p2a: Kingambit|fallen3|[silent]
|turn|12
|
|t:|1759030368
|move|p2a: Kingambit|Sucker Punch|p1a: Iron Valiant
|-resisted|p1a: Iron Valiant
|-damage|p1a: Iron Valiant|32/100
|move|p1a: Iron Valiant|Aura Sphere|p2a: Kingambit
|-supereffective|p2a: Kingambit
|-damage|p2a: Kingambit|0 fnt
|faint|p2a: Kingambit
|-end|p2a: Kingambit|fallen3|[silent]
|
|upkeep
|-message|axunyu forfeited.
|
|win|The Blxck
|raw|The Blxck's rating: 1154 &rarr; <strong>1185</strong><br />(+31 for winning)
|raw|axunyu's rating: 1236 &rarr; <strong>1205</strong><br />(-31 for losing)
|l|☆axunyu
|player|p2|
|l|☆The Blxck
|player|p1|
