|j|☆Olaf Grossebaf
|j|☆ThatBrownBoy
|t:|1759069411
|gametype|singles
|player|p1|Olaf Grossebaf|rood|1361
|player|p2|ThatBrownBoy|1|1398
|gen|9
|tier|[Gen 9] OU
|rated|
|rule|HP Percentage Mod: HP is shown in percentages
|rule|Endless Battle Clause: Forcing endless battles is banned
|rule|Species Clause: Limit one of each Pokémon
|rule|OHKO Clause: OHKO moves are banned
|rule|Evasion Items Clause: Evasion items are banned
|rule|Evasion Moves Clause: Evasion moves are banned
|rule|Evasion Abilities Clause: Evasion abilities are banned
|rule|Sleep Moves Clause: Sleep-inducing moves are banned
|clearpoke
|poke|p1|Clodsire, M|
|poke|p1|Cinderace, M|
|poke|p1|Darkrai|
|poke|p1|Meowscarada, M|
|poke|p1|Heatran, F|
|poke|p1|Corviknight, M|
|poke|p2|Ambipom, F|
|poke|p2|Grimmsnarl, M|
|poke|p2|Ursaluna, F|
|poke|p2|Dragonite, M|
|poke|p2|Zoroark-Hisui, M|
|poke|p2|Corviknight, F|
|teampreview
|inactive|Battle timer is ON: inactive players will automatically lose when time's up. (requested by ThatBrownBoy)
|inactive|Olaf Grossebaf also wants the timer to be on.
|
|t:|1759069425
|teamsize|p1|6
|teamsize|p2|6
|start
|switch|p1a: Meowscarada|Meowscarada, M|100/100
|switch|p2a: Ursaluna|Ursaluna, F, shiny|100/100
|turn|1
|
|t:|1759069432
|switch|p2a: Corviknight|Corviknight, F|100/100
|-ability|p2a: Corviknight|Pressure
|move|p1a: Meowscarada|Knock Off|p2a: Corviknight
|-start|p1a: Meowscarada|typechange|Dark|[from] ability: Protean
|-damage|p2a: Corviknight|72/100
|-damage|p1a: Meowscarada|84/100|[from] item: Rocky Helmet|[of] p2a: Corviknight
|-enditem|p2a: Corviknight|Rocky Helmet|[from] move: Knock Off|[of] p1a: Meowscarada
|
|upkeep
|turn|2
|
|t:|1759069445
|switch|p1a: Corviknight|Corviknight, M|100/100
|-ability|p1a: Corviknight|Pressure
|move|p2a: Corviknight|U-turn|p1a: Corviknight
|-resisted|p1a: Corviknight
|-damage|p1a: Corviknight|98/100
|-damage|p2a: Corviknight|55/100|[from] item: Rocky Helmet|[of] p1a: Corviknight
|
|t:|1759069452
|switch|p2a: Ambipom|Ambipom, F, shiny|100/100|[from] U-turn
|
|upkeep
|turn|3
|
|t:|1759069463
|switch|p1a: Clodsire|Clodsire, M|100/100
|move|p2a: Ambipom|Nasty Plot|p2a: Ambipom
|-boost|p2a: Ambipom|spa|2
|
|upkeep
|turn|4
|
|t:|1759069472
|switch|p2a: Corviknight|Corviknight, F|55/100
|-ability|p2a: Corviknight|Pressure
|move|p1a: Clodsire|Toxic|p2a: Corviknight
|-immune|p2a: Corviknight
|
|upkeep
|turn|5
|
|t:|1759069484
|switch|p1a: Cinderace|Cinderace, M|100/100
|move|p2a: Corviknight|U-turn|p1a: Cinderace
|-resisted|p1a: Cinderace
|-damage|p1a: Cinderace|91/100
|
|t:|1759069490
|switch|p2a: Ursaluna|Ursaluna, F, shiny|100/100|[from] U-turn
|
|-status|p2a: Ursaluna|brn|[from] item: Flame Orb
|upkeep
|turn|6
|
|t:|1759069502
|move|p1a: Cinderace|High Jump Kick|p2a: Ursaluna
|-start|p1a: Cinderace|typechange|Fighting|[from] ability: Libero
|-supereffective|p2a: Ursaluna
|-damage|p2a: Ursaluna|24/100 brn
|move|p2a: Ursaluna|Facade|p1a: Cinderace
|-damage|p1a: Cinderace|0 fnt
|faint|p1a: Cinderace
|
|-damage|p2a: Ursaluna|18/100 brn|[from] brn
|upkeep
|
|t:|1759069515
|switch|p1a: Corviknight|Corviknight, M|98/100
|-ability|p1a: Corviknight|Pressure
|turn|7
|
|t:|1759069521
|switch|p2a: Corviknight|Corviknight, F|55/100
|-ability|p2a: Corviknight|Pressure
|move|p1a: Corviknight|Iron Defense|p1a: Corviknight
|-boost|p1a: Corviknight|def|2
|
|upkeep
|turn|8
|
|t:|1759069533
|move|p2a: Corviknight|Roost|p2a: Corviknight
|-heal|p2a: Corviknight|100/100
|-singleturn|p2a: Corviknight|move: Roost
|move|p1a: Corviknight|Body Press|p2a: Corviknight
|-supereffective|p2a: Corviknight
|-damage|p2a: Corviknight|42/100
|
|upkeep
|turn|9
|
|t:|1759069542
|switch|p1a: Meowscarada|Meowscarada, M|84/100
|move|p2a: Corviknight|U-turn|p1a: Meowscarada
|-supereffective|p1a: Meowscarada
|-damage|p1a: Meowscarada|0 fnt
|faint|p1a: Meowscarada
|
|t:|1759069550
|switch|p2a: Ambipom|Ambipom, F, shiny|100/100|[from] U-turn
|
|upkeep
|
|t:|1759069570
|switch|p1a: Darkrai|Darkrai|100/100
|turn|10
|
|t:|1759069575
|switch|p2a: Grimmsnarl|Grimmsnarl, M, shiny|100/100
|move|p1a: Darkrai|Thunder|p2a: Grimmsnarl
|-damage|p2a: Grimmsnarl|42/100
|-damage|p1a: Darkrai|91/100|[from] item: Life Orb
|
|upkeep
|turn|11
|
|t:|1759069583
|move|p2a: Grimmsnarl|Fake Out|p1a: Darkrai
|-damage|p1a: Darkrai|71/100
|cant|p1a: Darkrai|flinch
|
|upkeep
|turn|12
|
|t:|1759069594
|switch|p2a: Corviknight|Corviknight, F|42/100
|-ability|p2a: Corviknight|Pressure
|move|p1a: Darkrai|Thunder|p2a: Corviknight
|-supereffective|p2a: Corviknight
|-damage|p2a: Corviknight|0 fnt
|faint|p2a: Corviknight
|-damage|p1a: Darkrai|61/100|[from] item: Life Orb
|
|upkeep
|
|t:|1759069599
|switch|p2a: Ambipom|Ambipom, F, shiny|100/100
|turn|13
|inactive|Olaf Grossebaf has 120 seconds left.
|
|t:|1759069635
|switch|p1a: Clodsire|Clodsire, M|100/100
|move|p2a: Ambipom|Fake Out|p1a: Clodsire
|-damage|p1a: Clodsire|69/100
|
|-heal|p1a: Clodsire|75/100|[from] item: Leftovers
|upkeep
|turn|14
|inactive|Olaf Grossebaf has 120 seconds left.
|
|t:|1759069656
|switch|p1a: Corviknight|Corviknight, M|98/100
|-ability|p1a: Corviknight|Pressure
|move|p2a: Ambipom|U-turn|p1a: Corviknight
|-resisted|p1a: Corviknight
|-damage|p1a: Corviknight|95/100
|-damage|p2a: Ambipom|84/100|[from] item: Rocky Helmet|[of] p1a: Corviknight
|
|t:|1759069660
|switch|p2a: Dragonite|Dragonite, M, shiny|100/100|[from] U-turn
|
|upkeep
|turn|15
|
|t:|1759069672
|move|p2a: Dragonite|Nasty Plot|p2a: Dragonite
|-boost|p2a: Dragonite|spa|2
|move|p1a: Corviknight|Iron Defense|p1a: Corviknight
|-boost|p1a: Corviknight|def|2
|
|upkeep
|turn|16
|
|t:|1759069686
|switch|p1a: Clodsire|Clodsire, M|75/100
|move|p2a: Dragonite|Shadow Ball|p1a: Clodsire
|-damage|p1a: Clodsire|30/100
|-unboost|p1a: Clodsire|spd|1
|
|-heal|p1a: Clodsire|36/100|[from] item: Leftovers
|upkeep
|turn|17
|inactive|Olaf Grossebaf has 120 seconds left.
|
|t:|1759069705
|move|p1a: Clodsire|Protect|p1a: Clodsire
|-singleturn|p1a: Clodsire|Protect
|move|p2a: Dragonite|Shadow Ball|p1a: Clodsire
|-activate|p1a: Clodsire|move: Protect
|
|-heal|p1a: Clodsire|42/100|[from] item: Leftovers
|upkeep
|turn|18
|inactive|Olaf Grossebaf has 120 seconds left.
|
|t:|1759069731
|move|p2a: Dragonite|Shadow Ball|p1a: Clodsire
|-damage|p1a: Clodsire|0 fnt
|faint|p1a: Clodsire
|
|upkeep
|
|t:|1759069736
|switch|p1a: Darkrai|Darkrai|61/100
|turn|19
|
|t:|1759069746
|move|p1a: Darkrai|Thunder|p2a: Dragonite
|-damage|p2a: Dragonite|2/100
|replace|p2a: Zoroark|Zoroark-Hisui, M, shiny
|-end|p2a: Zoroark|Illusion
|-damage|p1a: Darkrai|51/100|[from] item: Life Orb
|move|p2a: Zoroark|Hyper Voice|p1a: Darkrai
|-damage|p1a: Darkrai|0 fnt
|faint|p1a: Darkrai
|
|upkeep
|
|t:|1759069756
|switch|p1a: Heatran|Heatran, F|100/100
|-item|p1a: Heatran|Air Balloon
|turn|20
|
|t:|1759069763
|-terastallize|p2a: Zoroark|Ghost
|move|p2a: Zoroark|Shadow Ball|p1a: Heatran
|-damage|p1a: Heatran|0 fnt
|-enditem|p1a: Heatran|Air Balloon
|faint|p1a: Heatran
|
|upkeep
|
|t:|1759069768
|switch|p1a: Corviknight|Corviknight, M|95/100
|-ability|p1a: Corviknight|Pressure
|turn|21
|-message|Olaf Grossebaf forfeited.
|
|win|ThatBrownBoy
|raw|Olaf Grossebaf's rating: 1361 &rarr; <strong>1343</strong><br />(-18 for losing)
|raw|ThatBrownBoy's rating: 1398 &rarr; <strong>1416</strong><br />(+18 for winning)
|l|☆Olaf Grossebaf
|player|p1|
