|j|☆AheQ647
|j|☆Joof from space
|t:|1758946970
|gametype|singles
|player|p1|AheQ647|170|1319
|player|p2|Joof from space|ingo|1280
|gen|9
|tier|[Gen 9] OU
|rated|
|rule|HP Percentage Mod: HP is shown in percentages
|rule|Endless Battle Clause: Forcing endless battles is banned
|rule|Species Clause: Limit one of each Pokémon
|rule|OHKO Clause: OHKO moves are banned
|rule|Evasion Items Clause: Evasion items are banned
|rule|Evasion Moves Clause: Evasion moves are banned
|rule|Evasion Abilities Clause: Evasion abilities are banned
|rule|Sleep Moves Clause: Sleep-inducing moves are banned
|clearpoke
|poke|p1|Zarude|
|poke|p1|Zamazenta-*|
|poke|p1|Glimmora, F|
|poke|p1|Landorus-Therian, M|
|poke|p1|Goodra-Hisui, M|
|poke|p1|Weezing-Galar, F|
|poke|p2|Ninetales-Alola, F|
|poke|p2|Darkrai|
|poke|p2|Ceruledge, M|
|poke|p2|Hatterene, F|
|poke|p2|Landorus-Therian, M|
|poke|p2|Haxorus, M|
|teampreview
|
|t:|1758947011
|teamsize|p1|6
|teamsize|p2|6
|start
|switch|p1a: Landorus|Landorus-Therian, M|100/100
|switch|p2a: Ninetales|Ninetales-Alola, F|100/100
|-ability|p1a: Landorus|Intimidate|boost
|-unboost|p2a: Ninetales|atk|1
|-weather|Snowscape|[from] ability: Snow Warning|[of] p2a: Ninetales
|turn|1
|
|t:|1758947019
|move|p1a: Landorus|U-turn|p2a: Ninetales
|-resisted|p2a: Ninetales
|-damage|p2a: Ninetales|88/100
|
|t:|1758947022
|switch|p1a: Glimmora|Glimmora, F|100/100|[from] U-turn
|move|p2a: Ninetales|Aurora Veil|p2a: Ninetales
|-sidestart|p2: Joof from space|move: Aurora Veil
|
|-weather|Snowscape|[upkeep]
|upkeep
|turn|2
|
|t:|1758947032
|switch|p2a: Darkrai|Darkrai|100/100
|move|p1a: Glimmora|Mortal Spin|p2a: Darkrai
|-damage|p2a: Darkrai|96/100
|-status|p2a: Darkrai|psn
|
|-weather|Snowscape|[upkeep]
|-heal|p2a: Darkrai|100/100 psn|[from] item: Leftovers
|-damage|p2a: Darkrai|88/100 psn|[from] psn
|upkeep
|turn|3
|
|t:|1758947043
|switch|p1a: Goodra|Goodra-Hisui, M|100/100
|move|p2a: Darkrai|Dark Pulse|p1a: Goodra
|-damage|p1a: Goodra|85/100
|
|-weather|Snowscape|[upkeep]
|-heal|p2a: Darkrai|94/100 psn|[from] item: Leftovers
|-damage|p2a: Darkrai|82/100 psn|[from] psn
|upkeep
|turn|4
|
|t:|1758947049
|switch|p2a: Ceruledge|Ceruledge, M|100/100
|move|p1a: Goodra|Dragon Tail|p2a: Ceruledge
|-damage|p2a: Ceruledge|86/100
|drag|p2a: Ninetales|Ninetales-Alola, F|88/100
|
|-weather|Snowscape|[upkeep]
|upkeep
|turn|5
|
|t:|1758947057
|move|p2a: Ninetales|Encore|p1a: Goodra
|-start|p1a: Goodra|Encore
|move|p1a: Goodra|Dragon Tail|p2a: Ninetales
|-immune|p2a: Ninetales
|
|-weather|none
|upkeep
|turn|6
|
|t:|1758947063
|move|p2a: Ninetales|Roar|p1a: Goodra
|drag|p1a: Landorus|Landorus-Therian, M|100/100
|-ability|p1a: Landorus|Intimidate|boost
|-unboost|p2a: Ninetales|atk|1
|
|upkeep
|turn|7
|
|t:|1758947068
|switch|p2a: Landorus|Landorus-Therian, M|100/100
|-ability|p2a: Landorus|Intimidate|boost
|-unboost|p1a: Landorus|atk|1
|move|p1a: Landorus|U-turn|p2a: Landorus
|-resisted|p2a: Landorus
|-damage|p2a: Landorus|95/100
|
|t:|1758947077
|switch|p1a: Weezing|Weezing-Galar, F|100/100|[from] U-turn
|
|-heal|p2a: Landorus|100/100|[from] item: Leftovers
|upkeep
|turn|8
|
|t:|1758947083
|switch|p2a: Ceruledge|Ceruledge, M|86/100
|move|p1a: Weezing|Will-O-Wisp|p2a: Ceruledge
|-start|p2a: Ceruledge|ability: Flash Fire
|
|-sideend|p2: Joof from space|move: Aurora Veil
|upkeep
|turn|9
|
|t:|1758947090
|move|p2a: Ceruledge|Bitter Blade|p1a: Weezing
|-damage|p1a: Weezing|54/100
|-heal|p2a: Ceruledge|100/100|[from] drain|[of] p1a: Weezing
|move|p1a: Weezing|Clear Smog|p2a: Ceruledge
|-resisted|p2a: Ceruledge
|-damage|p2a: Ceruledge|91/100
|-clearboost|p2a: Ceruledge
|
|-heal|p1a: Weezing|60/100|[from] item: Black Sludge
|upkeep
|turn|10
|
|t:|1758947100
|switch|p1a: Landorus|Landorus-Therian, M|100/100
|-ability|p1a: Landorus|Intimidate|boost
|-unboost|p2a: Ceruledge|atk|1
|move|p2a: Ceruledge|Bitter Blade|p1a: Landorus
|-damage|p1a: Landorus|52/100
|-heal|p2a: Ceruledge|100/100|[from] drain|[of] p1a: Landorus
|
|upkeep
|turn|11
|
|t:|1758947109
|-end|p2a: Ceruledge|ability: Flash Fire|[silent]
|switch|p2a: Landorus|Landorus-Therian, M|100/100
|-ability|p2a: Landorus|Intimidate|boost
|-unboost|p1a: Landorus|atk|1
|move|p1a: Landorus|U-turn|p2a: Landorus
|-resisted|p2a: Landorus
|-damage|p2a: Landorus|90/100
|
|t:|1758947113
|switch|p1a: The King|Zarude|100/100|[from] U-turn
|
|-heal|p2a: Landorus|96/100|[from] item: Leftovers
|upkeep
|turn|12
|
|t:|1758947119
|switch|p2a: Ninetales|Ninetales-Alola, F|88/100
|-weather|Snowscape|[from] ability: Snow Warning|[of] p2a: Ninetales
|switch|p1a: Landorus|Landorus-Therian, M|52/100
|-ability|p1a: Landorus|Intimidate|boost
|-unboost|p2a: Ninetales|atk|1
|
|-weather|Snowscape|[upkeep]
|upkeep
|turn|13
|
|t:|1758947124
|move|p1a: Landorus|Stone Edge|p2a: Ninetales
|-supereffective|p2a: Ninetales
|-crit|p2a: Ninetales
|-damage|p2a: Ninetales|0 fnt
|faint|p2a: Ninetales
|
|-weather|Snowscape|[upkeep]
|upkeep
|
|t:|1758947130
|switch|p2a: Ceruledge|Ceruledge, M|100/100
|turn|14
|
|t:|1758947133
|move|p1a: Landorus|Stone Edge|p2a: Ceruledge
|-supereffective|p2a: Ceruledge
|-damage|p2a: Ceruledge|0 fnt
|faint|p2a: Ceruledge
|
|-weather|Snowscape|[upkeep]
|upkeep
|-message|Joof from space forfeited.
|
|win|AheQ647
|raw|AheQ647's rating: 1319 &rarr; <strong>1337</strong><br />(+18 for winning)
|raw|Joof from space's rating: 1280 &rarr; <strong>1258</strong><br />(-22 for losing)
|l|☆Joof from space
|player|p2|
|l|☆AheQ647
|player|p1|
