|j|☆Shibuya Arc
|j|☆Blank_Playe_pract
|t:|1758953003
|gametype|singles
|player|p1|Shibuya Arc|265|1543
|player|p2|Blank_Playe_pract|265|1541
|gen|9
|tier|[Gen 9] OU
|rated|
|rule|HP Percentage Mod: HP is shown in percentages
|rule|Endless Battle Clause: Forcing endless battles is banned
|rule|Species Clause: Limit one of each Pokémon
|rule|OHKO Clause: OHKO moves are banned
|rule|Evasion Items Clause: Evasion items are banned
|rule|Evasion Moves Clause: Evasion moves are banned
|rule|Evasion Abilities Clause: Evasion abilities are banned
|rule|Sleep Moves Clause: Sleep-inducing moves are banned
|clearpoke
|poke|p1|Dragapult, M|
|poke|p1|Dragonite, F|
|poke|p1|Ting-Lu|
|poke|p1|Weezing-Galar, F|
|poke|p1|Iron Crown|
|poke|p1|Zapdos|
|poke|p2|Iron Valiant|
|poke|p2|Keldeo-Resolute|
|poke|p2|Iron Treads|
|poke|p2|Moltres|
|poke|p2|Sinistcha|
|poke|p2|Slowking-Galar, F|
|teampreview
|inactive|Battle timer is ON: inactive players will automatically lose when time's up. (requested by Blank_Playe_pract)
|inactive|Shibuya Arc also wants the timer to be on.
|inactive|Blank_Playe_pract has 120 seconds left.
|
|t:|1758953034
|teamsize|p1|6
|teamsize|p2|6
|start
|switch|p1a: Dragonite|Dragonite, F|100/100
|switch|p2a: Iron Valiant|Iron Valiant|100/100
|-enditem|p2a: Iron Valiant|Booster Energy
|-activate|p2a: Iron Valiant|ability: Quark Drive|[fromitem]
|-start|p2a: Iron Valiant|quarkdrivespe
|turn|1
|
|t:|1758953040
|switch|p1a: Iron Crown|Iron Crown|100/100
|move|p2a: Iron Valiant|Knock Off|p1a: Iron Crown
|-supereffective|p1a: Iron Crown
|-damage|p1a: Iron Crown|33/100
|-enditem|p1a: Iron Crown|Choice Specs|[from] move: Knock Off|[of] p2a: Iron Valiant
|
|upkeep
|turn|2
|
|t:|1758953049
|-end|p1a: Iron Crown|Quark Drive|[silent]
|switch|p1a: Zapdos|Zapdos|100/100
|move|p2a: Iron Valiant|Knock Off|p1a: Zapdos
|-damage|p1a: Zapdos|59/100
|-enditem|p1a: Zapdos|Heavy-Duty Boots|[from] move: Knock Off|[of] p2a: Iron Valiant
|
|upkeep
|turn|3
|
|t:|1758953056
|-end|p2a: Iron Valiant|Quark Drive|[silent]
|switch|p2a: Iron Treads|Iron Treads|100/100
|move|p1a: Zapdos|Hurricane|p2a: Iron Treads|[miss]
|-miss|p1a: Zapdos|p2a: Iron Treads
|
|upkeep
|turn|4
|
|t:|1758953063
|switch|p1a: Ting-Lu|Ting-Lu|100/100
|-ability|p1a: Ting-Lu|Vessel of Ruin
|move|p2a: Iron Treads|Knock Off|p1a: Ting-Lu
|-resisted|p1a: Ting-Lu
|-damage|p1a: Ting-Lu|94/100
|-enditem|p1a: Ting-Lu|Leftovers|[from] move: Knock Off|[of] p2a: Iron Treads
|
|upkeep
|turn|5
|
|t:|1758953071
|move|p2a: Iron Treads|Stealth Rock|p1a: Ting-Lu
|-sidestart|p1: Shibuya Arc|move: Stealth Rock
|move|p1a: Ting-Lu|Ruination|p2a: Iron Treads
|-damage|p2a: Iron Treads|50/100
|
|-heal|p2a: Iron Treads|57/100|[from] item: Leftovers
|upkeep
|turn|6
|
|t:|1758953079
|-end|p2a: Iron Treads|Quark Drive|[silent]
|switch|p2a: Iron Valiant|Iron Valiant|100/100
|move|p1a: Ting-Lu|Ruination|p2a: Iron Valiant
|-damage|p2a: Iron Valiant|51/100
|
|upkeep
|turn|7
|
|t:|1758953086
|move|p2a: Iron Valiant|Moonblast|p1a: Ting-Lu
|-supereffective|p1a: Ting-Lu
|-damage|p1a: Ting-Lu|64/100
|move|p1a: Ting-Lu|Earthquake|p2a: Iron Valiant
|-damage|p2a: Iron Valiant|0 fnt
|faint|p2a: Iron Valiant
|-end|p2a: Iron Valiant|Quark Drive|[silent]
|
|upkeep
|
|t:|1758953090
|switch|p2a: Keldeo|Keldeo-Resolute|100/100
|turn|8
|
|t:|1758953097
|switch|p1a: Dragonite|Dragonite, F|100/100
|move|p2a: Keldeo|Surf|p1a: Dragonite
|-resisted|p1a: Dragonite
|-damage|p1a: Dragonite|82/100
|
|upkeep
|turn|9
|
|t:|1758953105
|switch|p2a: Moltres|Moltres|100/100
|move|p1a: Dragonite|Dragon Dance|p1a: Dragonite
|-boost|p1a: Dragonite|atk|1
|-boost|p1a: Dragonite|spe|1
|
|upkeep
|turn|10
|
|t:|1758953111
|move|p1a: Dragonite|Extreme Speed|p2a: Moltres
|-crit|p2a: Moltres
|-damage|p2a: Moltres|51/100
|move|p2a: Moltres|Roar|p1a: Dragonite
|drag|p1a: Weezing|Weezing-Galar, F|100/100
|-ability|p1a: Weezing|Neutralizing Gas
|
|upkeep
|turn|11
|
|t:|1758953121
|move|p2a: Moltres|Flamethrower|p1a: Weezing
|-damage|p1a: Weezing|46/100
|move|p1a: Weezing|Defog|p2a: Moltres
|-unboost|p2a: Moltres|evasion|1
|-sideend|p1: Shibuya Arc|Stealth Rock|[from] move: Defog|[of] p1a: Weezing
|
|upkeep
|turn|12
|
|t:|1758953129
|-end|p1a: Weezing|ability: Neutralizing Gas
|switch|p1a: Zapdos|Zapdos|59/100
|move|p2a: Moltres|Roost|p2a: Moltres
|-heal|p2a: Moltres|100/100
|-singleturn|p2a: Moltres|move: Roost
|
|upkeep
|turn|13
|
|t:|1758953135
|switch|p2a: Iron Treads|Iron Treads|57/100
|move|p1a: Zapdos|Roost|p1a: Zapdos
|-heal|p1a: Zapdos|100/100
|-singleturn|p1a: Zapdos|move: Roost
|
|-heal|p2a: Iron Treads|63/100|[from] item: Leftovers
|upkeep
|turn|14
|
|t:|1758953142
|move|p1a: Zapdos|Heat Wave|p2a: Iron Treads
|-supereffective|p2a: Iron Treads
|-damage|p2a: Iron Treads|11/100
|move|p2a: Iron Treads|Stealth Rock|p1a: Zapdos
|-sidestart|p1: Shibuya Arc|move: Stealth Rock
|
|-heal|p2a: Iron Treads|18/100|[from] item: Leftovers
|upkeep
|turn|15
|
|t:|1758953150
|-end|p2a: Iron Treads|Quark Drive|[silent]
|switch|p2a: Slowking|Slowking-Galar, F|100/100
|move|p1a: Zapdos|Heat Wave|p2a: Slowking
|-damage|p2a: Slowking|83/100
|
|upkeep
|turn|16
|
|t:|1758953161
|move|p1a: Zapdos|Volt Switch|p2a: Slowking
|-damage|p2a: Slowking|64/100
|
|t:|1758953169
|switch|p1a: Dragapult|Dragapult, M|100/100|[from] Volt Switch
|-prepare|p2a: Slowking|Chilly Reception|[premajor]
|move|p2a: Slowking|Chilly Reception|p2a: Slowking
|-weather|Snowscape
|
|t:|1758953179
|switch|p2a: Iron Treads|Iron Treads|18/100|[from] Chilly Reception
|
|-weather|Snowscape|[upkeep]
|-heal|p2a: Iron Treads|24/100|[from] item: Leftovers
|upkeep
|turn|17
|
|t:|1758953185
|move|p1a: Dragapult|U-turn|p2a: Iron Treads
|-resisted|p2a: Iron Treads
|-crit|p2a: Iron Treads
|-damage|p2a: Iron Treads|12/100
|
|t:|1758953192
|switch|p1a: Zapdos|Zapdos|100/100|[from] U-turn
|-damage|p1a: Zapdos|76/100|[from] Stealth Rock
|move|p2a: Iron Treads|Knock Off|p1a: Zapdos
|-damage|p1a: Zapdos|57/100
|-status|p2a: Iron Treads|par|[from] ability: Static|[of] p1a: Zapdos
|
|-weather|Snowscape|[upkeep]
|-heal|p2a: Iron Treads|19/100 par|[from] item: Leftovers
|upkeep
|turn|18
|
|t:|1758953199
|-end|p2a: Iron Treads|Quark Drive|[silent]
|switch|p2a: Slowking|Slowking-Galar, F|97/100
|move|p1a: Zapdos|Roost|p1a: Zapdos
|-heal|p1a: Zapdos|100/100
|-singleturn|p1a: Zapdos|move: Roost
|
|-weather|Snowscape|[upkeep]
|upkeep
|turn|19
|
|t:|1758953206
|move|p1a: Zapdos|Volt Switch|p2a: Slowking
|-damage|p2a: Slowking|75/100
|
|t:|1758953214
|switch|p1a: Dragonite|Dragonite, F|82/100|[from] Volt Switch
|move|p2a: Slowking|Future Sight|p1a: Dragonite
|-start|p2a: Slowking|move: Future Sight
|
|-weather|Snowscape|[upkeep]
|upkeep
|turn|20
|
|t:|1758953220
|switch|p1a: Ting-Lu|Ting-Lu|64/100
|-damage|p1a: Ting-Lu|58/100|[from] Stealth Rock
|-ability|p1a: Ting-Lu|Vessel of Ruin
|switch|p2a: Moltres|Moltres|100/100
|
|-weather|none
|upkeep
|turn|21
|
|t:|1758953227
|move|p2a: Moltres|U-turn|p1a: Ting-Lu
|-supereffective|p1a: Ting-Lu
|-damage|p1a: Ting-Lu|41/100
|
|t:|1758953236
|switch|p2a: Sinistcha|Sinistcha|100/100|[from] U-turn
|move|p1a: Ting-Lu|Ruination|p2a: Sinistcha
|-damage|p2a: Sinistcha|50/100
|
|-end|p1a: Ting-Lu|move: Future Sight
|-immune|p1a: Ting-Lu
|-heal|p2a: Sinistcha|57/100|[from] item: Leftovers
|upkeep
|turn|22
|
|t:|1758953246
|move|p2a: Sinistcha|Matcha Gotcha|p1a: Ting-Lu
|-supereffective|p1a: Ting-Lu
|-damage|p1a: Ting-Lu|16/100
|-heal|p2a: Sinistcha|75/100|[from] drain|[of] p1a: Ting-Lu
|move|p1a: Ting-Lu|Stealth Rock|p2a: Sinistcha
|-sidestart|p2: Blank_Playe_pract|move: Stealth Rock
|
|-heal|p2a: Sinistcha|81/100|[from] item: Leftovers
|upkeep
|turn|23
|
|t:|1758953256
|switch|p1a: Zapdos|Zapdos|100/100
|-damage|p1a: Zapdos|76/100|[from] Stealth Rock
|move|p2a: Sinistcha|Matcha Gotcha|p1a: Zapdos
|-resisted|p1a: Zapdos
|-damage|p1a: Zapdos|56/100
|-heal|p2a: Sinistcha|91/100|[from] drain|[of] p1a: Zapdos
|
|-heal|p2a: Sinistcha|97/100|[from] item: Leftovers
|upkeep
|turn|24
|
|t:|1758953264
|switch|p2a: Iron Treads|Iron Treads|19/100 par
|-damage|p2a: Iron Treads|16/100 par|[from] Stealth Rock
|move|p1a: Zapdos|Roost|p1a: Zapdos
|-heal|p1a: Zapdos|100/100
|-singleturn|p1a: Zapdos|move: Roost
|
|-heal|p2a: Iron Treads|22/100 par|[from] item: Leftovers
|upkeep
|turn|25
|
|t:|1758953271
|move|p1a: Zapdos|Heat Wave|p2a: Iron Treads
|-supereffective|p2a: Iron Treads
|-damage|p2a: Iron Treads|0 fnt
|faint|p2a: Iron Treads
|-end|p2a: Iron Treads|Quark Drive|[silent]
|
|upkeep
|
|t:|1758953274
|switch|p2a: Slowking|Slowking-Galar, F|100/100
|turn|26
|
|t:|1758953281
|move|p1a: Zapdos|Hurricane|p2a: Slowking
|-damage|p2a: Slowking|68/100
|move|p2a: Slowking|Future Sight|p1a: Zapdos
|-start|p2a: Slowking|move: Future Sight
|
|upkeep
|turn|27
|
|t:|1758953289
|move|p1a: Zapdos|Hurricane|p2a: Slowking
|-damage|p2a: Slowking|38/100
|move|p2a: Slowking|Sludge Bomb|p1a: Zapdos
|-damage|p1a: Zapdos|60/100
|
|upkeep
|turn|28
|
|t:|1758953297
|move|p1a: Zapdos|Volt Switch|p2a: Slowking
|-damage|p2a: Slowking|16/100
|
|t:|1758953304
|switch|p1a: Ting-Lu|Ting-Lu|16/100|[from] Volt Switch
|-damage|p1a: Ting-Lu|10/100|[from] Stealth Rock
|-ability|p1a: Ting-Lu|Vessel of Ruin
|-prepare|p2a: Slowking|Chilly Reception|[premajor]
|move|p2a: Slowking|Chilly Reception|p2a: Slowking
|-weather|Snowscape
|
|t:|1758953308
|switch|p2a: Sinistcha|Sinistcha|97/100|[from] Chilly Reception
|-damage|p2a: Sinistcha|84/100|[from] Stealth Rock
|
|-weather|Snowscape|[upkeep]
|-end|p1a: Ting-Lu|move: Future Sight
|-immune|p1a: Ting-Lu
|-heal|p2a: Sinistcha|90/100|[from] item: Leftovers
|upkeep
|turn|29
|
|t:|1758953315
|move|p2a: Sinistcha|Calm Mind|p2a: Sinistcha
|-boost|p2a: Sinistcha|spa|1
|-boost|p2a: Sinistcha|spd|1
|move|p1a: Ting-Lu|Whirlwind|p2a: Sinistcha
|drag|p2a: Keldeo|Keldeo-Resolute|100/100
|-damage|p2a: Keldeo|94/100|[from] Stealth Rock
|
|-weather|Snowscape|[upkeep]
|upkeep
|turn|30
|
|t:|1758953322
|move|p2a: Keldeo|Flip Turn|p1a: Ting-Lu
|-supereffective|p1a: Ting-Lu
|-damage|p1a: Ting-Lu|0 fnt
|faint|p1a: Ting-Lu
|
|t:|1758953325
|switch|p2a: Slowking|Slowking-Galar, F|50/100|[from] Flip Turn
|
|-weather|Snowscape|[upkeep]
|upkeep
|
|t:|1758953332
|switch|p1a: Iron Crown|Iron Crown|33/100
|-damage|p1a: Iron Crown|27/100|[from] Stealth Rock
|turn|31
|
|t:|1758953339
|move|p1a: Iron Crown|Psyshock|p2a: Slowking
|-damage|p2a: Slowking|6/100
|-prepare|p2a: Slowking|Chilly Reception|[premajor]
|move|p2a: Slowking|Chilly Reception|p2a: Slowking
|
|t:|1758953342
|switch|p2a: Sinistcha|Sinistcha|90/100|[from] Chilly Reception
|-damage|p2a: Sinistcha|78/100|[from] Stealth Rock
|
|-weather|Snowscape|[upkeep]
|-heal|p2a: Sinistcha|84/100|[from] item: Leftovers
|upkeep
|turn|32
|
|t:|1758953349
|move|p1a: Iron Crown|Tachyon Cutter|p2a: Sinistcha
|-damage|p2a: Sinistcha|52/100
|-crit|p2a: Sinistcha
|-damage|p2a: Sinistcha|4/100
|-hitcount|p2a: Sinistcha|2
|move|p2a: Sinistcha|Calm Mind|p2a: Sinistcha
|-boost|p2a: Sinistcha|spa|1
|-boost|p2a: Sinistcha|spd|1
|
|-weather|none
|-heal|p2a: Sinistcha|10/100|[from] item: Leftovers
|upkeep
|turn|33
|-message|Blank_Playe_pract forfeited.
|
|win|Shibuya Arc
|raw|Shibuya Arc's rating: 1543 &rarr; <strong>1563</strong><br />(+20 for winning)
|raw|Blank_Playe_pract's rating: 1541 &rarr; <strong>1521</strong><br />(-20 for losing)
|l|☆Blank_Playe_pract
|player|p2|
