|j|☆aqlek
|j|☆mordyn
|t:|1758952757
|gametype|singles
|player|p1|aqlek|169|1204
|player|p2|mordyn|lance|1256
|gen|9
|tier|[Gen 9] OU
|rated|
|rule|HP Percentage Mod: HP is shown in percentages
|rule|Endless Battle Clause: Forcing endless battles is banned
|rule|Species Clause: Limit one of each Pokémon
|rule|OHKO Clause: OHKO moves are banned
|rule|Evasion Items Clause: Evasion items are banned
|rule|Evasion Moves Clause: Evasion moves are banned
|rule|Evasion Abilities Clause: Evasion abilities are banned
|rule|Sleep Moves Clause: Sleep-inducing moves are banned
|clearpoke
|poke|p1|Kleavor, M|
|poke|p1|Iron Treads|
|poke|p1|Rillaboom, M|
|poke|p1|Ogerpon-Wellspring, F|
|poke|p1|Araquanid, F|
|poke|p1|Meowscarada, F|
|poke|p2|Torkoal, M|
|poke|p2|Ceruledge, M|
|poke|p2|Venusaur, M|
|poke|p2|Walking Wake|
|poke|p2|Hatterene, F|
|poke|p2|Great Tusk|
|teampreview
|inactive|Battle timer is ON: inactive players will automatically lose when time's up. (requested by mordyn)
|
|t:|1758952774
|teamsize|p1|6
|teamsize|p2|6
|start
|switch|p1a: Kleavor|Kleavor, M|100/100
|switch|p2a: Torkoal|Torkoal, M|100/100
|-weather|SunnyDay|[from] ability: Drought|[of] p2a: Torkoal
|turn|1
|
|t:|1758952783
|move|p1a: Kleavor|Stone Axe|p2a: Torkoal
|-supereffective|p2a: Torkoal
|-damage|p2a: Torkoal|44/100
|-sidestart|p2: mordyn|move: Stealth Rock
|move|p2a: Torkoal|Will-O-Wisp|p1a: Kleavor
|-status|p1a: Kleavor|brn
|
|-weather|SunnyDay|[upkeep]
|-damage|p1a: Kleavor|94/100 brn|[from] brn
|upkeep
|turn|2
|
|t:|1758952804
|move|p1a: Kleavor|Fury Cutter|p2a: Torkoal
|-resisted|p2a: Torkoal
|-damage|p2a: Torkoal|39/100
|move|p2a: Torkoal|Rapid Spin|p1a: Kleavor
|-resisted|p1a: Kleavor
|-damage|p1a: Kleavor|89/100 brn
|-boost|p2a: Torkoal|spe|1
|-sideend|p2: mordyn|Stealth Rock|[from] move: Rapid Spin|[of] p2a: Torkoal
|
|-weather|SunnyDay|[upkeep]
|-damage|p1a: Kleavor|83/100 brn|[from] brn
|upkeep
|turn|3
|
|t:|1758952820
|move|p1a: Kleavor|Stone Axe|p2a: Torkoal
|-supereffective|p2a: Torkoal
|-damage|p2a: Torkoal|12/100
|-sidestart|p2: mordyn|move: Stealth Rock
|move|p2a: Torkoal|Stealth Rock|p1a: Kleavor
|-sidestart|p1: aqlek|move: Stealth Rock
|
|-weather|SunnyDay|[upkeep]
|-damage|p1a: Kleavor|77/100 brn|[from] brn
|upkeep
|turn|4
|
|t:|1758952829
|switch|p2a: Great Tusk|Great Tusk|100/100
|-damage|p2a: Great Tusk|98/100|[from] Stealth Rock
|-activate|p2a: Great Tusk|ability: Protosynthesis
|-start|p2a: Great Tusk|protosynthesisspe
|move|p1a: Kleavor|Stone Axe|p2a: Great Tusk
|-resisted|p2a: Great Tusk
|-damage|p2a: Great Tusk|92/100
|
|-weather|SunnyDay|[upkeep]
|-damage|p1a: Kleavor|71/100 brn|[from] brn
|upkeep
|turn|5
|
|t:|1758952842
|switch|p1a: Araquanid|Araquanid, F|100/100
|-damage|p1a: Araquanid|76/100|[from] Stealth Rock
|move|p2a: Great Tusk|Headlong Rush|p1a: Araquanid
|-resisted|p1a: Araquanid
|-damage|p1a: Araquanid|48/100
|-unboost|p2a: Great Tusk|def|1
|-unboost|p2a: Great Tusk|spd|1
|
|-weather|SunnyDay|[upkeep]
|upkeep
|turn|6
|
|t:|1758952853
|move|p2a: Great Tusk|Rapid Spin|p1a: Araquanid
|-damage|p1a: Araquanid|31/100
|-boost|p2a: Great Tusk|spe|1
|-sideend|p2: mordyn|Stealth Rock|[from] move: Rapid Spin|[of] p2a: Great Tusk
|move|p1a: Araquanid|Liquidation|p2a: Great Tusk
|-supereffective|p2a: Great Tusk
|-damage|p2a: Great Tusk|30/100
|
|-weather|SunnyDay|[upkeep]
|upkeep
|turn|7
|
|t:|1758952862
|move|p2a: Great Tusk|Headlong Rush|p1a: Araquanid
|-resisted|p1a: Araquanid
|-damage|p1a: Araquanid|4/100
|-unboost|p2a: Great Tusk|def|1
|-unboost|p2a: Great Tusk|spd|1
|move|p1a: Araquanid|Liquidation|p2a: Great Tusk
|-supereffective|p2a: Great Tusk
|-damage|p2a: Great Tusk|0 fnt
|faint|p2a: Great Tusk
|-end|p2a: Great Tusk|Protosynthesis|[silent]
|
|-weather|SunnyDay|[upkeep]
|upkeep
|
|t:|1758952875
|switch|p2a: Ceruledge|Ceruledge, M|100/100
|turn|8
|
|t:|1758952885
|move|p2a: Ceruledge|Shadow Sneak|p1a: Araquanid
|-damage|p1a: Araquanid|0 fnt
|faint|p1a: Araquanid
|
|-weather|none
|upkeep
|
|t:|1758952895
|switch|p1a: Kleavor|Kleavor, M|71/100 brn
|-damage|p1a: Kleavor|46/100 brn|[from] Stealth Rock
|turn|9
|
|t:|1758952902
|move|p2a: Ceruledge|Swords Dance|p2a: Ceruledge
|-boost|p2a: Ceruledge|atk|2
|move|p1a: Kleavor|Stone Axe|p2a: Ceruledge
|-supereffective|p2a: Ceruledge
|-damage|p2a: Ceruledge|26/100
|-ability|p2a: Ceruledge|Weak Armor|boost
|-unboost|p2a: Ceruledge|def|1
|-boost|p2a: Ceruledge|spe|2
|-sidestart|p2: mordyn|move: Stealth Rock
|
|-damage|p1a: Kleavor|40/100 brn|[from] brn
|upkeep
|turn|10
|
|t:|1758952913
|move|p2a: Ceruledge|Bitter Blade|p1a: Kleavor
|-damage|p1a: Kleavor|0 fnt
|-heal|p2a: Ceruledge|45/100|[from] drain|[of] p1a: Kleavor
|faint|p1a: Kleavor
|
|upkeep
|
|t:|1758952929
|switch|p1a: Rillaboom|Rillaboom, M|100/100
|-damage|p1a: Rillaboom|88/100|[from] Stealth Rock
|-fieldstart|move: Grassy Terrain|[from] ability: Grassy Surge|[of] p1a: Rillaboom
|turn|11
|
|t:|1758952938
|-terastallize|p1a: Rillaboom|Grass
|move|p1a: Rillaboom|Grassy Glide|p2a: Ceruledge
|-resisted|p2a: Ceruledge
|-damage|p2a: Ceruledge|0 fnt
|faint|p2a: Ceruledge
|
|-heal|p1a: Rillaboom|94/100|[from] Grassy Terrain
|upkeep
|
|t:|1758952948
|switch|p2a: Torkoal|Torkoal, M|12/100
|-damage|p2a: Torkoal|0 fnt|[from] Stealth Rock
|faint|p2a: Torkoal
|
|t:|1758952953
|switch|p2a: Walking Wake|Walking Wake|100/100
|-damage|p2a: Walking Wake|88/100|[from] Stealth Rock
|turn|12
|-message|mordyn forfeited.
|
|win|aqlek
|raw|aqlek's rating: 1204 &rarr; <strong>1233</strong><br />(+29 for winning)
|raw|mordyn's rating: 1256 &rarr; <strong>1227</strong><br />(-29 for losing)
|l|☆mordyn
|player|p2|
|l|☆aqlek
|player|p1|
