|j|☆galladeyaoi
|j|☆mkyn
|t:|1759065580
|gametype|singles
|player|p1|galladeyaoi|pokefanf-gen2|1447
|player|p2|mkyn|102|1410
|gen|9
|tier|[Gen 9] OU
|rated|
|rule|HP Percentage Mod: HP is shown in percentages
|rule|Endless Battle Clause: Forcing endless battles is banned
|rule|Species Clause: Limit one of each Pokémon
|rule|OHKO Clause: OHKO moves are banned
|rule|Evasion Items Clause: Evasion items are banned
|rule|Evasion Moves Clause: Evasion moves are banned
|rule|Evasion Abilities Clause: Evasion abilities are banned
|rule|Sleep Moves Clause: Sleep-inducing moves are banned
|clearpoke
|poke|p1|Yanmega, F|
|poke|p1|Weezing-Galar, F|
|poke|p1|Hoopa-Unbound|
|poke|p1|Muk-Alola, M|
|poke|p1|Garchomp, F|
|poke|p1|Quagsire, F|
|poke|p2|Ting-Lu|
|poke|p2|Alomomola, M|
|poke|p2|Dragapult, M|
|poke|p2|Ogerpon-Wellspring, F|
|poke|p2|Great Tusk|
|poke|p2|Hatterene, F|
|teampreview
|inactive|Battle timer is ON: inactive players will automatically lose when time's up. (requested by galladeyaoi)
|
|t:|1759065595
|teamsize|p1|6
|teamsize|p2|6
|start
|switch|p1a: Quagsire|Quagsire, F|100/100
|switch|p2a: Hatterene|Hatterene, F|100/100
|turn|1
|
|t:|1759065613
|switch|p1a: Muk|Muk-Alola, M|100/100
|move|p2a: Hatterene|Nuzzle|p1a: Muk
|-damage|p1a: Muk|97/100
|-status|p1a: Muk|par
|
|upkeep
|turn|2
|
|t:|1759065621
|switch|p2a: Ting-Lu|Ting-Lu|100/100
|-ability|p2a: Ting-Lu|Vessel of Ruin
|move|p1a: Muk|Knock Off|p2a: Ting-Lu
|-resisted|p2a: Ting-Lu
|-damage|p2a: Ting-Lu|91/100
|-enditem|p2a: Ting-Lu|Leftovers|[from] move: Knock Off|[of] p1a: Muk
|
|upkeep
|turn|3
|
|t:|1759065631
|switch|p1a: Quagsire|Quagsire, F|100/100
|move|p2a: Ting-Lu|Stealth Rock|p1a: Quagsire
|-sidestart|p1: galladeyaoi|move: Stealth Rock
|
|upkeep
|turn|4
|
|t:|1759065638
|switch|p2a: Hatterene|Hatterene, F|100/100
|switch|p1a: Weezing|Weezing-Galar, F|100/100
|-ability|p1a: Weezing|Neutralizing Gas
|-damage|p1a: Weezing|88/100|[from] Stealth Rock
|
|-heal|p1a: Weezing|94/100|[from] item: Leftovers
|upkeep
|turn|5
|
|t:|1759065647
|move|p1a: Weezing|Sludge Bomb|p2a: Hatterene
|-supereffective|p2a: Hatterene
|-damage|p2a: Hatterene|64/100
|-status|p2a: Hatterene|psn
|move|p2a: Hatterene|Psyshock|p1a: Weezing
|-supereffective|p1a: Weezing
|-damage|p1a: Weezing|37/100
|
|-heal|p1a: Weezing|43/100|[from] item: Leftovers
|-damage|p2a: Hatterene|52/100 psn|[from] psn
|upkeep
|turn|6
|
|t:|1759065659
|-terastallize|p1a: Weezing|Flying
|move|p1a: Weezing|Defog|p2a: Hatterene
|-unboost|p2a: Hatterene|evasion|1
|-sideend|p1: galladeyaoi|Stealth Rock|[from] move: Defog|[of] p1a: Weezing
|move|p2a: Hatterene|Draining Kiss|p1a: Weezing
|-damage|p1a: Weezing|7/100
|-heal|p2a: Hatterene|80/100 psn|[from] drain|[of] p1a: Weezing
|
|-heal|p1a: Weezing|13/100|[from] item: Leftovers
|-damage|p2a: Hatterene|67/100 psn|[from] psn
|upkeep
|turn|7
|
|t:|1759065671
|move|p1a: Weezing|Pain Split|p2a: Hatterene
|-sethp|p2a: Hatterene|41/100 psn|[from] move: Pain Split|[silent]
|-sethp|p1a: Weezing|39/100|[from] move: Pain Split
|move|p2a: Hatterene|Nuzzle|p1a: Weezing
|-supereffective|p1a: Weezing
|-damage|p1a: Weezing|34/100
|-status|p1a: Weezing|par
|
|-heal|p1a: Weezing|40/100 par|[from] item: Leftovers
|-damage|p2a: Hatterene|28/100 psn|[from] psn
|upkeep
|turn|8
|
|t:|1759065686
|-end|p1a: Weezing|ability: Neutralizing Gas
|switch|p1a: Hoopa|Hoopa-Unbound|100/100
|move|p2a: Hatterene|Psyshock|p1a: Hoopa
|-immune|p1a: Hoopa
|
|-damage|p2a: Hatterene|16/100 psn|[from] psn
|upkeep
|turn|9
|
|t:|1759065697
|switch|p2a: Ting-Lu|Ting-Lu|91/100
|-ability|p2a: Ting-Lu|Vessel of Ruin
|move|p1a: Hoopa|Drain Punch|p2a: Ting-Lu
|-supereffective|p2a: Ting-Lu
|-damage|p2a: Ting-Lu|61/100
|
|upkeep
|turn|10
|
|t:|1759065705
|move|p1a: Hoopa|Drain Punch|p2a: Ting-Lu
|-supereffective|p2a: Ting-Lu
|-damage|p2a: Ting-Lu|29/100
|move|p2a: Ting-Lu|Stealth Rock|p1a: Hoopa
|-sidestart|p1: galladeyaoi|move: Stealth Rock
|
|upkeep
|turn|11
|
|t:|1759065711
|switch|p2a: Alomomola|Alomomola, M|100/100
|move|p1a: Hoopa|Drain Punch|p2a: Alomomola
|-damage|p2a: Alomomola|87/100
|
|upkeep
|turn|12
|
|t:|1759065717
|move|p1a: Hoopa|Psychic Noise|p2a: Alomomola
|-damage|p2a: Alomomola|37/100
|-start|p2a: Alomomola|move: Heal Block
|cant|p2a: Alomomola|move: Heal Block|Wish
|
|upkeep
|turn|13
|
|t:|1759065724
|switch|p2a: Hatterene|Hatterene, F|16/100 psn
|move|p1a: Hoopa|Knock Off|p2a: Hatterene
|-damage|p2a: Hatterene|0 fnt
|-enditem|p2a: Hatterene|Assault Vest|[from] move: Knock Off|[of] p1a: Hoopa
|faint|p2a: Hatterene
|
|upkeep
|
|t:|1759065729
|switch|p2a: Dragapult|Dragapult, M|100/100
|turn|14
|
|t:|1759065735
|switch|p1a: Garchomp|Garchomp, F|100/100
|-damage|p1a: Garchomp|94/100|[from] Stealth Rock
|move|p2a: Dragapult|U-turn|p1a: Garchomp
|-damage|p1a: Garchomp|71/100
|-damage|p2a: Dragapult|88/100|[from] ability: Rough Skin|[of] p1a: Garchomp
|-damage|p2a: Dragapult|72/100|[from] item: Rocky Helmet|[of] p1a: Garchomp
|
|t:|1759065740
|switch|p2a: Alomomola|Alomomola, M|70/100|[from] U-turn
|
|upkeep
|turn|15
|
|t:|1759065747
|move|p2a: Alomomola|Wish|p2a: Alomomola
|move|p1a: Garchomp|Dragon Tail|p2a: Alomomola|[miss]
|-miss|p1a: Garchomp|p2a: Alomomola
|
|upkeep
|turn|16
|
|t:|1759065754
|switch|p1a: Quagsire|Quagsire, F|100/100
|-damage|p1a: Quagsire|94/100|[from] Stealth Rock
|move|p2a: Alomomola|Scald|p1a: Quagsire
|-heal|p1a: Quagsire|100/100|[from] ability: Water Absorb|[of] p2a: Alomomola
|
|-heal|p2a: Alomomola|100/100|[from] move: Wish|[wisher] Alomomola
|upkeep
|turn|17
|
|t:|1759065764
|move|p2a: Alomomola|Wish|p2a: Alomomola
|move|p1a: Quagsire|Stealth Rock|p2a: Alomomola
|-sidestart|p2: mkyn|move: Stealth Rock
|
|upkeep
|turn|18
|
|t:|1759065770
|switch|p2a: Ogerpon|Ogerpon-Wellspring, F|100/100
|-damage|p2a: Ogerpon|88/100|[from] Stealth Rock
|move|p1a: Quagsire|Toxic|p2a: Ogerpon
|-status|p2a: Ogerpon|tox
|
|-heal|p2a: Ogerpon|100/100 tox|[from] move: Wish|[wisher] Alomomola
|-damage|p2a: Ogerpon|95/100 tox|[from] psn
|upkeep
|turn|19
|
|t:|1759065787
|switch|p1a: Garchomp|Garchomp, F|71/100
|-damage|p1a: Garchomp|65/100|[from] Stealth Rock
|move|p2a: Ogerpon|Knock Off|p1a: Garchomp
|-damage|p1a: Garchomp|43/100
|-damage|p2a: Ogerpon|82/100 tox|[from] ability: Rough Skin|[of] p1a: Garchomp
|-damage|p2a: Ogerpon|66/100 tox|[from] item: Rocky Helmet|[of] p1a: Garchomp
|-enditem|p1a: Garchomp|Rocky Helmet|[from] move: Knock Off|[of] p2a: Ogerpon
|
|-damage|p2a: Ogerpon|54/100 tox|[from] psn
|upkeep
|turn|20
|
|t:|1759065798
|move|p2a: Ogerpon|Spikes|p1a: Garchomp
|-sidestart|p1: galladeyaoi|Spikes
|move|p1a: Garchomp|Spikes|p2a: Ogerpon
|-sidestart|p2: mkyn|Spikes
|
|-damage|p2a: Ogerpon|36/100 tox|[from] psn
|upkeep
|turn|21
|
|t:|1759065805
|move|p2a: Ogerpon|Spikes|p1a: Garchomp
|-sidestart|p1: galladeyaoi|Spikes
|move|p1a: Garchomp|Spikes|p2a: Ogerpon
|-sidestart|p2: mkyn|Spikes
|
|-damage|p2a: Ogerpon|12/100 tox|[from] psn
|upkeep
|turn|22
|
|t:|1759065814
|move|p2a: Ogerpon|Ivy Cudgel|p1a: Garchomp|[anim] Ivy Cudgel Water
|-damage|p1a: Garchomp|5/100
|move|p1a: Garchomp|Spikes|p2a: Ogerpon
|-sidestart|p2: mkyn|Spikes
|
|-damage|p2a: Ogerpon|0 fnt|[from] psn
|faint|p2a: Ogerpon
|upkeep
|
|t:|1759065817
|switch|p2a: Great Tusk|Great Tusk|100/100
|-damage|p2a: Great Tusk|98/100|[from] Stealth Rock
|-damage|p2a: Great Tusk|73/100|[from] Spikes
|-enditem|p2a: Great Tusk|Booster Energy
|-activate|p2a: Great Tusk|ability: Protosynthesis|[fromitem]
|-start|p2a: Great Tusk|protosynthesisspe
|turn|23
|
|t:|1759065833
|switch|p1a: Weezing|Weezing-Galar, F, tera:Flying|40/100 par
|-ability|p1a: Weezing|Neutralizing Gas
|-damage|p1a: Weezing|15/100 par|[from] Stealth Rock
|move|p2a: Great Tusk|Rapid Spin|p1a: Weezing
|-damage|p1a: Weezing|6/100 par
|-boost|p2a: Great Tusk|spe|1
|-sideend|p2: mkyn|Spikes|[from] move: Rapid Spin|[of] p2a: Great Tusk
|-sideend|p2: mkyn|Stealth Rock|[from] move: Rapid Spin|[of] p2a: Great Tusk
|
|-heal|p1a: Weezing|12/100 par|[from] item: Leftovers
|upkeep
|turn|24
|c|☆galladeyaoi|Ggwp!
|-message|galladeyaoi forfeited.
|
|win|mkyn
|raw|galladeyaoi's rating: 1447 &rarr; <strong>1425</strong><br />(-22 for losing)
|raw|mkyn's rating: 1410 &rarr; <strong>1432</strong><br />(+22 for winning)
|l|☆galladeyaoi
|player|p1|
|c|☆mkyn|gg
|l|☆mkyn
|player|p2|
