|j|☆DragonLordEXMaster
|j|☆beccastane
|t:|1759020956
|gametype|singles
|player|p1|DragonLordEXMaster|liko|1580
|player|p2|beccastane|elesa|1575
|gen|9
|tier|[Gen 9] OU
|rated|
|rule|HP Percentage Mod: HP is shown in percentages
|rule|Endless Battle Clause: Forcing endless battles is banned
|rule|Species Clause: Limit one of each Pokémon
|rule|OHKO Clause: OHKO moves are banned
|rule|Evasion Items Clause: Evasion items are banned
|rule|Evasion Moves Clause: Evasion moves are banned
|rule|Evasion Abilities Clause: Evasion abilities are banned
|rule|Sleep Moves Clause: Sleep-inducing moves are banned
|clearpoke
|poke|p1|Cloyster, M|
|poke|p1|Ninetales-Alola, F|
|poke|p1|Ogerpon-Wellspring, F|
|poke|p1|Polteageist|
|poke|p1|Dragonite, M|
|poke|p1|Iron Treads|
|poke|p2|Gholdengo|
|poke|p2|Ceruledge, F|
|poke|p2|Enamorus, F|
|poke|p2|Ribombee, M|
|poke|p2|Quaquaval, F|
|poke|p2|Iron Treads|
|teampreview
|inactive|Battle timer is ON: inactive players will automatically lose when time's up. (requested by DragonLordEXMaster)
|
|t:|1759020964
|teamsize|p1|6
|teamsize|p2|6
|start
|switch|p1a: Iron Treads|Iron Treads|100/100
|switch|p2a: Ribombee|Ribombee, M, shiny|100/100
|-enditem|p1a: Iron Treads|Booster Energy
|-activate|p1a: Iron Treads|ability: Quark Drive|[fromitem]
|-start|p1a: Iron Treads|quarkdrivespe
|turn|1
|
|t:|1759020973
|move|p1a: Iron Treads|Stealth Rock|p2a: Ribombee
|-sidestart|p2: beccastane|move: Stealth Rock
|move|p2a: Ribombee|Stun Spore|p1a: Iron Treads
|-status|p1a: Iron Treads|par
|
|upkeep
|turn|2
|
|t:|1759020980
|move|p2a: Ribombee|Sticky Web|p1a: Iron Treads
|-sidestart|p1: DragonLordEXMaster|move: Sticky Web
|move|p1a: Iron Treads|Rapid Spin|p2a: Ribombee
|-damage|p2a: Ribombee|77/100
|-boost|p1a: Iron Treads|spe|1
|-sideend|p1: DragonLordEXMaster|Sticky Web|[from] move: Rapid Spin|[of] p1a: Iron Treads
|
|upkeep
|turn|3
|
|t:|1759021003
|move|p1a: Iron Treads|Rapid Spin|p2a: Ribombee
|-damage|p2a: Ribombee|56/100
|-boost|p1a: Iron Treads|spe|1
|move|p2a: Ribombee|Sticky Web|p1a: Iron Treads
|-sidestart|p1: DragonLordEXMaster|move: Sticky Web
|
|upkeep
|turn|4
|
|t:|1759021011
|switch|p2a: Gholdengo|Gholdengo|100/100
|-damage|p2a: Gholdengo|94/100|[from] Stealth Rock
|-item|p2a: Gholdengo|Air Balloon
|move|p1a: Iron Treads|Steel Beam|p2a: Gholdengo
|-resisted|p2a: Gholdengo
|-crit|p2a: Gholdengo
|-damage|p2a: Gholdengo|54/100
|-enditem|p2a: Gholdengo|Air Balloon
|-damage|p1a: Iron Treads|50/100 par|[from] steelbeam
|
|upkeep
|turn|5
|
|t:|1759021021
|move|p1a: Iron Treads|Earth Power|p2a: Gholdengo
|-supereffective|p2a: Gholdengo
|-damage|p2a: Gholdengo|0 fnt
|faint|p2a: Gholdengo
|
|upkeep
|
|t:|1759021023
|switch|p2a: Quaquaval|Quaquaval, F|100/100
|-damage|p2a: Quaquaval|94/100|[from] Stealth Rock
|turn|6
|
|t:|1759021027
|cant|p1a: Iron Treads|par
|move|p2a: Quaquaval|Aqua Step|p1a: Iron Treads
|-supereffective|p1a: Iron Treads
|-damage|p1a: Iron Treads|0 fnt
|-boost|p2a: Quaquaval|spe|1
|faint|p1a: Iron Treads
|-end|p1a: Iron Treads|Quark Drive|[silent]
|-ability|p2a: Quaquaval|Moxie|boost
|-boost|p2a: Quaquaval|atk|1
|
|upkeep
|
|t:|1759021035
|switch|p1a: Polteageist|Polteageist, shiny|100/100
|-activate|p1a: Polteageist|move: Sticky Web
|-unboost|p1a: Polteageist|spe|1
|turn|7
|
|t:|1759021041
|move|p2a: Quaquaval|Knock Off|p1a: Polteageist
|-supereffective|p1a: Polteageist
|-enditem|p1a: Polteageist|Focus Sash
|-damage|p1a: Polteageist|1/100
|-start|p2a: Quaquaval|Disable|Knock Off|[from] ability: Cursed Body|[of] p1a: Polteageist
|move|p1a: Polteageist|Strength Sap|p2a: Quaquaval
|-unboost|p2a: Quaquaval|atk|1
|-heal|p1a: Polteageist|100/100
|
|upkeep
|turn|8
|
|t:|1759021052
|move|p2a: Quaquaval|Aqua Step|p1a: Polteageist
|-damage|p1a: Polteageist|21/100
|-boost|p2a: Quaquaval|spe|1
|move|p1a: Polteageist|Shadow Ball|p2a: Quaquaval
|-damage|p2a: Quaquaval|52/100
|
|upkeep
|turn|9
|
|t:|1759021055
|move|p2a: Quaquaval|Aqua Step|p1a: Polteageist
|-damage|p1a: Polteageist|0 fnt
|-boost|p2a: Quaquaval|spe|1
|faint|p1a: Polteageist
|-ability|p2a: Quaquaval|Moxie|boost
|-boost|p2a: Quaquaval|atk|1
|
|upkeep
|
|t:|1759021077
|switch|p1a: Dragonite|Dragonite, M|100/100
|turn|10
|
|t:|1759021086
|move|p2a: Quaquaval|Close Combat|p1a: Dragonite
|-resisted|p1a: Dragonite
|-damage|p1a: Dragonite|74/100
|-unboost|p2a: Quaquaval|def|1
|-unboost|p2a: Quaquaval|spd|1
|move|p1a: Dragonite|Dragon Dance|p1a: Dragonite
|-boost|p1a: Dragonite|atk|1
|-boost|p1a: Dragonite|spe|1
|
|-end|p2a: Quaquaval|Disable
|upkeep
|turn|11
|
|t:|1759021090
|move|p1a: Dragonite|Extreme Speed|p2a: Quaquaval
|-damage|p2a: Quaquaval|0 fnt
|faint|p2a: Quaquaval
|
|upkeep
|
|t:|1759021092
|switch|p2a: Iron Treads|Iron Treads|100/100
|-damage|p2a: Iron Treads|98/100|[from] Stealth Rock
|-enditem|p2a: Iron Treads|Booster Energy
|-activate|p2a: Iron Treads|ability: Quark Drive|[fromitem]
|-start|p2a: Iron Treads|quarkdriveatk
|turn|12
|
|t:|1759021105
|move|p1a: Dragonite|Low Kick|p2a: Iron Treads
|-supereffective|p2a: Iron Treads
|-damage|p2a: Iron Treads|0 fnt
|faint|p2a: Iron Treads
|-end|p2a: Iron Treads|Quark Drive|[silent]
|
|upkeep
|
|t:|1759021127
|switch|p2a: Ribombee|Ribombee, M, shiny|56/100
|-damage|p2a: Ribombee|31/100|[from] Stealth Rock
|turn|13
|
|t:|1759021132
|-terastallize|p2a: Ribombee|Ghost
|move|p1a: Dragonite|Ice Spinner|p2a: Ribombee
|-damage|p2a: Ribombee|0 fnt
|faint|p2a: Ribombee
|
|upkeep
|-message|beccastane forfeited.
|
|win|DragonLordEXMaster
|raw|DragonLordEXMaster's rating: 1580 &rarr; <strong>1600</strong><br />(+20 for winning)
|raw|beccastane's rating: 1575 &rarr; <strong>1555</strong><br />(-20 for losing)
|l|☆beccastane
|player|p2|
|l|☆DragonLordEXMaster
|player|p1|
