|j|☆bitter herbert
|j|☆levijoseph
|t:|1758944517
|gametype|singles
|player|p1|bitter herbert|gentleman-gen4dp|1419
|player|p2|levijoseph|nate|1471
|gen|9
|tier|[Gen 9] OU
|rated|
|rule|HP Percentage Mod: HP is shown in percentages
|rule|Endless Battle Clause: Forcing endless battles is banned
|rule|Species Clause: Limit one of each Pokémon
|rule|OHKO Clause: OHKO moves are banned
|rule|Evasion Items Clause: Evasion items are banned
|rule|Evasion Moves Clause: Evasion moves are banned
|rule|Evasion Abilities Clause: Evasion abilities are banned
|rule|Sleep Moves Clause: Sleep-inducing moves are banned
|clearpoke
|poke|p1|Ting-Lu|
|poke|p1|Dragonite, M|
|poke|p1|Zamazenta-*|
|poke|p1|Darkrai|
|poke|p1|Moltres|
|poke|p1|Slowking-Galar, M|
|poke|p2|Serperior, M|
|poke|p2|Clefable, F|
|poke|p2|Thundurus, M|
|poke|p2|Scizor, M|
|poke|p2|Smeargle, M|
|poke|p2|Ceruledge, F|
|teampreview
|inactive|Battle timer is ON: inactive players will automatically lose when time's up. (requested by bitter herbert)
|inactive|bitter herbert has 120 seconds left.
|inactive|bitter herbert has 90 seconds left.
|c|☆levijoseph|What's the matter you bitch
|c|☆levijoseph|Make a move
|inactive|bitter herbert has 60 seconds left.
|l|☆levijoseph
|inactive|levijoseph disconnected and has a minute to reconnect!
|player|p2|
|
|t:|1758944630
|teamsize|p1|6
|teamsize|p2|6
|start
|switch|p1a: Ting-Lu|Ting-Lu|100/100
|switch|p2a: Smeargle|Smeargle, M|100/100
|-ability|p1a: Ting-Lu|Vessel of Ruin
|turn|1
|j|☆levijoseph
|inactive|levijoseph reconnected and has 140 seconds left.
|player|p2|levijoseph|nate|
|
|t:|1758944647
|move|p2a: Smeargle|Salt Cure|p1a: Ting-Lu
|-resisted|p1a: Ting-Lu
|-damage|p1a: Ting-Lu|99/100
|-start|p1a: Ting-Lu|Salt Cure
|-enditem|p1a: Ting-Lu|Red Card|[of] p2a: Smeargle
|drag|p2a: Clefable|Clefable, F|100/100
|move|p1a: Ting-Lu|Stealth Rock|p2a: Clefable
|-sidestart|p2: levijoseph|move: Stealth Rock
|
|-damage|p1a: Ting-Lu|87/100|[from] Salt Cure
|upkeep
|turn|2
|
|t:|1758944659
|move|p2a: Clefable|Moonblast|p1a: Ting-Lu
|-supereffective|p1a: Ting-Lu
|-damage|p1a: Ting-Lu|52/100
|move|p1a: Ting-Lu|Ruination|p2a: Clefable
|-damage|p2a: Clefable|50/100
|
|-heal|p2a: Clefable|57/100|[from] item: Leftovers
|-damage|p1a: Ting-Lu|39/100|[from] Salt Cure
|upkeep
|turn|3
|
|t:|1758944664
|move|p2a: Clefable|Moonlight|p2a: Clefable
|-heal|p2a: Clefable|100/100
|move|p1a: Ting-Lu|Whirlwind|p2a: Clefable
|drag|p2a: Scizor|Scizor, M|100/100
|-damage|p2a: Scizor|88/100|[from] Stealth Rock
|
|-damage|p1a: Ting-Lu|27/100|[from] Salt Cure
|upkeep
|turn|4
|inactive|bitter herbert has 120 seconds left.
|
|t:|1758944673
|move|p2a: Scizor|Knock Off|p1a: Ting-Lu
|-resisted|p1a: Ting-Lu
|-damage|p1a: Ting-Lu|20/100
|move|p1a: Ting-Lu|Ruination|p2a: Scizor
|-damage|p2a: Scizor|45/100
|
|-damage|p1a: Ting-Lu|7/100|[from] Salt Cure
|upkeep
|turn|5
|
|t:|1758944680
|move|p2a: Scizor|Swords Dance|p2a: Scizor
|-boost|p2a: Scizor|atk|2
|move|p1a: Ting-Lu|Earthquake|p2a: Scizor
|-crit|p2a: Scizor
|-damage|p2a: Scizor|0 fnt
|faint|p2a: Scizor
|
|-damage|p1a: Ting-Lu|0 fnt|[from] Salt Cure
|faint|p1a: Ting-Lu
|upkeep
|inactive|bitter herbert has 120 seconds left.
|
|t:|1758944709
|switch|p2a: Thundurus|Thundurus, M|100/100
|switch|p1a: Zamazenta|Zamazenta|100/100
|-ability|p1a: Zamazenta|Dauntless Shield|boost
|-boost|p1a: Zamazenta|def|1
|-damage|p2a: Thundurus|76/100|[from] Stealth Rock
|turn|6
|
|t:|1758944717
|move|p2a: Thundurus|Thunder Wave|p1a: Zamazenta
|-status|p1a: Zamazenta|par
|move|p1a: Zamazenta|Ice Fang|p2a: Thundurus
|-supereffective|p2a: Thundurus
|-damage|p2a: Thundurus|12/100
|
|upkeep
|turn|7
|
|t:|1758944722
|move|p2a: Thundurus|Wildbolt Storm|p1a: Zamazenta|[miss]
|-miss|p2a: Thundurus|p1a: Zamazenta
|cant|p1a: Zamazenta|par
|
|upkeep
|turn|8
|
|t:|1758944729
|switch|p1a: Slowking|Slowking-Galar, M|100/100
|move|p2a: Thundurus|Wildbolt Storm|p1a: Slowking
|-damage|p1a: Slowking|75/100
|
|upkeep
|turn|9
|
|t:|1758944743
|move|p2a: Thundurus|Thunder Wave|p1a: Slowking
|-status|p1a: Slowking|par
|move|p1a: Slowking|Psyshock|p2a: Thundurus
|-damage|p2a: Thundurus|0 fnt
|faint|p2a: Thundurus
|
|upkeep
|
|t:|1758944746
|switch|p2a: Smeargle|Smeargle, M|100/100
|-damage|p2a: Smeargle|88/100|[from] Stealth Rock
|turn|10
|
|t:|1758944754
|move|p2a: Smeargle|Rapid Spin|p1a: Slowking
|-damage|p1a: Slowking|67/100 par
|-boost|p2a: Smeargle|spe|1
|-sideend|p2: levijoseph|Stealth Rock|[from] move: Rapid Spin|[of] p2a: Smeargle
|move|p1a: Slowking|Future Sight|p2a: Smeargle
|-start|p1a: Slowking|move: Future Sight
|
|upkeep
|turn|11
|
|t:|1758944763
|move|p2a: Smeargle|Stealth Rock|p1a: Slowking
|-sidestart|p1: bitter herbert|move: Stealth Rock
|move|p1a: Slowking|Sludge Bomb|p2a: Smeargle
|-damage|p2a: Smeargle|5/100
|-status|p2a: Smeargle|psn
|
|-damage|p2a: Smeargle|0 fnt|[from] psn
|faint|p2a: Smeargle
|upkeep
|
|t:|1758944766
|switch|p2a: Ceruledge|Ceruledge, F|100/100
|turn|12
|
|t:|1758944772
|move|p2a: Ceruledge|Substitute|p2a: Ceruledge
|-start|p2a: Ceruledge|Substitute
|-damage|p2a: Ceruledge|76/100
|move|p1a: Slowking|Sludge Bomb|p2a: Ceruledge
|-resisted|p2a: Ceruledge
|-crit|p2a: Ceruledge
|-activate|p2a: Ceruledge|move: Substitute|[damage]
|
|-end|p2a: Ceruledge|move: Future Sight
|-crit|p2a: Ceruledge
|-end|p2a: Ceruledge|Substitute
|-heal|p2a: Ceruledge|82/100|[from] item: Leftovers
|upkeep
|turn|13
|
|t:|1758944778
|move|p2a: Ceruledge|Substitute|p2a: Ceruledge
|-start|p2a: Ceruledge|Substitute
|-damage|p2a: Ceruledge|57/100
|cant|p1a: Slowking|par
|
|-heal|p2a: Ceruledge|63/100|[from] item: Leftovers
|upkeep
|turn|14
|
|t:|1758944785
|move|p2a: Ceruledge|Bulk Up|p2a: Ceruledge
|-boost|p2a: Ceruledge|atk|1
|-boost|p2a: Ceruledge|def|1
|move|p1a: Slowking|Sludge Bomb|p2a: Ceruledge
|-resisted|p2a: Ceruledge
|-activate|p2a: Ceruledge|move: Substitute|[damage]
|
|-heal|p2a: Ceruledge|69/100|[from] item: Leftovers
|upkeep
|turn|15
|
|t:|1758944788
|move|p2a: Ceruledge|Bulk Up|p2a: Ceruledge
|-boost|p2a: Ceruledge|atk|1
|-boost|p2a: Ceruledge|def|1
|move|p1a: Slowking|Sludge Bomb|p2a: Ceruledge
|-resisted|p2a: Ceruledge
|-end|p2a: Ceruledge|Substitute
|
|-heal|p2a: Ceruledge|76/100|[from] item: Leftovers
|upkeep
|turn|16
|inactive|bitter herbert has 120 seconds left.
|
|t:|1758944825
|switch|p1a: Moltres|Moltres|100/100
|move|p2a: Ceruledge|Substitute|p2a: Ceruledge
|-start|p2a: Ceruledge|Substitute
|-damage|p2a: Ceruledge|51/100
|
|-heal|p2a: Ceruledge|57/100|[from] item: Leftovers
|upkeep
|turn|17
|inactive|bitter herbert has 120 seconds left.
|
|t:|1758944832
|move|p1a: Moltres|Hurricane|p2a: Ceruledge
|-end|p2a: Ceruledge|Substitute
|move|p2a: Ceruledge|Shadow Claw|p1a: Moltres
|-damage|p1a: Moltres|61/100
|
|-heal|p2a: Ceruledge|63/100|[from] item: Leftovers
|upkeep
|turn|18
|
|t:|1758944839
|move|p1a: Moltres|Hurricane|p2a: Ceruledge
|-damage|p2a: Ceruledge|29/100
|move|p2a: Ceruledge|Bitter Blade|p1a: Moltres
|-resisted|p1a: Moltres
|-damage|p1a: Moltres|35/100
|-heal|p2a: Ceruledge|43/100|[from] drain|[of] p1a: Moltres
|
|-heal|p2a: Ceruledge|50/100|[from] item: Leftovers
|upkeep
|turn|19
|
|t:|1758944852
|move|p1a: Moltres|Roost|p1a: Moltres
|-heal|p1a: Moltres|85/100
|-singleturn|p1a: Moltres|move: Roost
|move|p2a: Ceruledge|Shadow Claw|p1a: Moltres
|-damage|p1a: Moltres|48/100
|
|-heal|p2a: Ceruledge|56/100|[from] item: Leftovers
|upkeep
|turn|20
|
|t:|1758944864
|move|p1a: Moltres|Hurricane|p2a: Ceruledge
|-damage|p2a: Ceruledge|23/100
|move|p2a: Ceruledge|Bitter Blade|p1a: Moltres
|-resisted|p1a: Moltres
|-damage|p1a: Moltres|20/100
|-heal|p2a: Ceruledge|38/100|[from] drain|[of] p1a: Moltres
|
|-heal|p2a: Ceruledge|44/100|[from] item: Leftovers
|upkeep
|turn|21
|
|t:|1758944874
|move|p1a: Moltres|Hurricane|p2a: Ceruledge
|-damage|p2a: Ceruledge|6/100
|move|p2a: Ceruledge|Bitter Blade|p1a: Moltres
|-resisted|p1a: Moltres
|-damage|p1a: Moltres|0 fnt
|-heal|p2a: Ceruledge|16/100|[from] drain|[of] p1a: Moltres
|faint|p1a: Moltres
|
|-heal|p2a: Ceruledge|23/100|[from] item: Leftovers
|upkeep
|
|t:|1758944886
|switch|p1a: Darkrai|Darkrai|100/100
|turn|22
|
|t:|1758944889
|move|p1a: Darkrai|Dark Pulse|p2a: Ceruledge
|-supereffective|p2a: Ceruledge
|-damage|p2a: Ceruledge|0 fnt
|faint|p2a: Ceruledge
|
|upkeep
|
|t:|1758944891
|switch|p2a: Serperior|Serperior, M|100/100
|turn|23
|
|t:|1758944898
|-terastallize|p1a: Darkrai|Poison
|move|p1a: Darkrai|Sludge Bomb|p2a: Serperior
|-supereffective|p2a: Serperior
|-damage|p2a: Serperior|6/100
|move|p2a: Serperior|Glare|p1a: Darkrai
|-status|p1a: Darkrai|par
|
|-heal|p2a: Serperior|12/100|[from] item: Leftovers
|upkeep
|turn|24
|
|t:|1758944906
|move|p2a: Serperior|Leech Seed|p1a: Darkrai
|-start|p1a: Darkrai|move: Leech Seed
|cant|p1a: Darkrai|par
|
|-heal|p2a: Serperior|18/100|[from] item: Leftovers
|-damage|p1a: Darkrai|88/100 par|[from] Leech Seed|[of] p2a: Serperior
|-heal|p2a: Serperior|28/100|[silent]
|upkeep
|turn|25
|
|t:|1758944908
|move|p2a: Serperior|Substitute|p2a: Serperior
|-start|p2a: Serperior|Substitute
|-damage|p2a: Serperior|3/100
|move|p1a: Darkrai|Sludge Bomb|p2a: Serperior
|-supereffective|p2a: Serperior
|-end|p2a: Serperior|Substitute
|
|-heal|p2a: Serperior|9/100|[from] item: Leftovers
|-damage|p1a: Darkrai|76/100 par|[from] Leech Seed|[of] p2a: Serperior
|-heal|p2a: Serperior|19/100|[silent]
|upkeep
|turn|26
|
|t:|1758944911
|move|p2a: Serperior|Leaf Storm|p1a: Darkrai
|-resisted|p1a: Darkrai
|-damage|p1a: Darkrai|51/100 par
|-boost|p2a: Serperior|spa|2
|move|p1a: Darkrai|Sludge Bomb|p2a: Serperior
|-supereffective|p2a: Serperior
|-damage|p2a: Serperior|0 fnt
|faint|p2a: Serperior
|
|upkeep
|
|t:|1758944914
|switch|p2a: Clefable|Clefable, F|100/100
|turn|27
|
|t:|1758944916
|-terastallize|p2a: Clefable|Poison
|move|p1a: Darkrai|Sludge Bomb|p2a: Clefable
|-resisted|p2a: Clefable
|-damage|p2a: Clefable|78/100
|move|p2a: Clefable|Cosmic Power|p2a: Clefable
|-boost|p2a: Clefable|def|1
|-boost|p2a: Clefable|spd|1
|
|-heal|p2a: Clefable|84/100|[from] item: Leftovers
|-damage|p1a: Darkrai|39/100 par|[from] Leech Seed|[of] p2a: Clefable
|-heal|p2a: Clefable|93/100|[silent]
|upkeep
|turn|28
|
|t:|1758944919
|cant|p1a: Darkrai|par
|move|p2a: Clefable|Cosmic Power|p2a: Clefable
|-boost|p2a: Clefable|def|1
|-boost|p2a: Clefable|spd|1
|
|-heal|p2a: Clefable|99/100|[from] item: Leftovers
|-damage|p1a: Darkrai|26/100 par|[from] Leech Seed|[of] p2a: Clefable
|-heal|p2a: Clefable|100/100|[silent]
|upkeep
|turn|29
|
|t:|1758944921
|cant|p1a: Darkrai|par
|move|p2a: Clefable|Cosmic Power|p2a: Clefable
|-boost|p2a: Clefable|def|1
|-boost|p2a: Clefable|spd|1
|
|-damage|p1a: Darkrai|14/100 par|[from] Leech Seed|[of] p2a: Clefable
|upkeep
|turn|30
|
|t:|1758944923
|move|p1a: Darkrai|Dark Pulse|p2a: Clefable
|-damage|p2a: Clefable|86/100
|move|p2a: Clefable|Cosmic Power|p2a: Clefable
|-boost|p2a: Clefable|def|1
|-boost|p2a: Clefable|spd|1
|
|-heal|p2a: Clefable|92/100|[from] item: Leftovers
|-damage|p1a: Darkrai|1/100 par|[from] Leech Seed|[of] p2a: Clefable
|-heal|p2a: Clefable|100/100|[silent]
|upkeep
|turn|31
|
|t:|1758944934
|cant|p1a: Darkrai|par
|move|p2a: Clefable|Cosmic Power|p2a: Clefable
|-boost|p2a: Clefable|def|1
|-boost|p2a: Clefable|spd|1
|
|-damage|p1a: Darkrai|0 fnt|[from] Leech Seed|[of] p2a: Clefable
|faint|p1a: Darkrai
|upkeep
|
|t:|1758944942
|switch|p1a: Dragonite|Dragonite, M|100/100
|turn|32
|
|t:|1758944966
|move|p1a: Dragonite|Earthquake|p2a: Clefable
|-supereffective|p2a: Clefable
|-damage|p2a: Clefable|77/100
|move|p2a: Clefable|Moonblast|p1a: Dragonite
|-supereffective|p1a: Dragonite
|-damage|p1a: Dragonite|54/100
|
|-heal|p2a: Clefable|83/100|[from] item: Leftovers
|upkeep
|turn|33
|
|t:|1758944969
|move|p1a: Dragonite|Earthquake|p2a: Clefable
|-supereffective|p2a: Clefable
|-damage|p2a: Clefable|58/100
|move|p2a: Clefable|Moonblast|p1a: Dragonite
|-supereffective|p1a: Dragonite
|-damage|p1a: Dragonite|0 fnt
|faint|p1a: Dragonite
|
|-heal|p2a: Clefable|64/100|[from] item: Leftovers
|upkeep
|c|☆bitter herbert|You're running paraspam unaclef and have the audacity to call ME a bitch?
|inactive|bitter herbert has 120 seconds left.
|c|☆bitter herbert|Grow up
|c|☆bitter herbert|And get a job
|c|☆levijoseph|Ff nerd
|c|☆levijoseph|Just Ff
|c|☆bitter herbert|Nah
|c|☆levijoseph|You misplayed just accept it
|inactive|bitter herbert has 90 seconds left.
|
|t:|1758945031
|switch|p1a: Slowking|Slowking-Galar, M|99/100 par
|-damage|p1a: Slowking|88/100 par|[from] Stealth Rock
|turn|34
|c|☆levijoseph|You had the chance to win and misplayed
|
|t:|1758945037
|move|p2a: Clefable|Stored Power|p1a: Slowking
|-damage|p1a: Slowking|57/100 par
|cant|p1a: Slowking|par
|
|-heal|p2a: Clefable|70/100|[from] item: Leftovers
|upkeep
|turn|35
|c|☆bitter herbert|Buddy I got para'd 16 times
|inactive|bitter herbert has 90 seconds left.
|c|☆bitter herbert|Sure I misplayed but you also didn't have to DO anything
|c|☆levijoseph|If I were in your position I would have already won. It's funny you don't see how
|c|☆bitter herbert|Idt that's funny at all
|inactive|bitter herbert has 60 seconds left.
|c|☆levijoseph|You have the tools to win and you pick the wrong play
|c|☆bitter herbert|I'll learn it so it never happens again
|c|☆bitter herbert|Get a job
|
|t:|1758945099
|move|p2a: Clefable|Stored Power|p1a: Slowking
|-damage|p1a: Slowking|26/100 par
|cant|p1a: Slowking|par
|
|-heal|p2a: Clefable|76/100|[from] item: Leftovers
|upkeep
|turn|36
|c|☆levijoseph|Does your mom eat Tylenol
|c|☆levijoseph|Seems like she loves the stuff
|
|t:|1758945111
|move|p2a: Clefable|Stored Power|p1a: Slowking
|-damage|p1a: Slowking|0 fnt
|faint|p1a: Slowking
|
|-heal|p2a: Clefable|82/100|[from] item: Leftovers
|upkeep
|
|t:|1758945114
|switch|p1a: Zamazenta|Zamazenta|100/100 par
|turn|37
|inactive|bitter herbert has 60 seconds left.
|c|☆bitter herbert|Tylenol doesn't even give you autism :skull:
|inactive|levijoseph has 120 seconds left.
|c|☆levijoseph|It increases the risk factor in utero
|c|☆bitter herbert|It doesn't
|
|t:|1758945157
|move|p1a: Zamazenta|Heavy Slam|p2a: Clefable
|-damage|p2a: Clefable|70/100
|move|p2a: Clefable|Stored Power|p1a: Zamazenta
|-supereffective|p1a: Zamazenta
|-damage|p1a: Zamazenta|0 fnt
|faint|p1a: Zamazenta
|
|win|levijoseph
|raw|bitter herbert's rating: 1419 &rarr; <strong>1402</strong><br />(-17 for losing)
|raw|levijoseph's rating: 1471 &rarr; <strong>1488</strong><br />(+17 for winning)
|c|☆bitter herbert|The study found no correlation
|c|☆bitter herbert|If you actually read it
|c|☆levijoseph|The Harvard study? Yes it did
|c|☆bitter herbert|You would know
|c|☆levijoseph|Go read it again
|l|☆levijoseph
|player|p2|
|c|☆bitter herbert|Don't need to
