|badge|p2|bronze|gen9ou|100-6
|html|<div class="broadcast-red"><strong>This battle is required to be public due to one or more player having a season medal.</strong><br />During the public phase, you can discuss the state of the ladder <a href="/seasondiscussion">in a special chatroom.</a></div>
|uhtml|medal-msg|<div class="broadcast-blue">Curious what those medals under the avatar are? PS now has Ladder Seasons! For more information, check out the <a href="https://www.smogon.com/forums/threads/3740067/">thread on Smogon.</a></div>
|raw|<div class="broadcast-blue"><strong>This battle is required to be public due to a player having a name starting with 'medal'.</div>
|j|☆Testingteam_10086
|j|☆JackRG1
|t:|1759032492
|gametype|singles
|player|p1|Testingteam_10086|2|1669
|player|p2|JackRG1|dawn-gen4pt|1885
|gen|9
|tier|[Gen 9] OU
|rated|
|rule|HP Percentage Mod: HP is shown in percentages
|rule|Endless Battle Clause: Forcing endless battles is banned
|rule|Species Clause: Limit one of each Pokémon
|rule|OHKO Clause: OHKO moves are banned
|rule|Evasion Items Clause: Evasion items are banned
|rule|Evasion Moves Clause: Evasion moves are banned
|rule|Evasion Abilities Clause: Evasion abilities are banned
|rule|Sleep Moves Clause: Sleep-inducing moves are banned
|clearpoke
|poke|p1|Tyranitar, M|
|poke|p1|Excadrill, M|
|poke|p1|Kingambit, M|
|poke|p1|Garchomp, M|
|poke|p1|Pecharunt|
|poke|p1|Rotom-Wash|
|poke|p2|Weezing-Galar, F|
|poke|p2|Ting-Lu|
|poke|p2|Corviknight, M|
|poke|p2|Skeledirge, M|
|poke|p2|Dragapult, M|
|poke|p2|Ogerpon-Wellspring, F|
|teampreview
|inactive|Battle timer is ON: inactive players will automatically lose when time's up. (requested by JackRG1)
|
|t:|1759032510
|teamsize|p1|6
|teamsize|p2|6
|start
|switch|p1a: Garchomp|Garchomp, M|100/100
|switch|p2a: Ogerpon|Ogerpon-Wellspring, F|100/100
|turn|1
|
|t:|1759032520
|move|p1a: Garchomp|Scale Shot|p2a: Ogerpon
|-damage|p2a: Ogerpon|85/100
|-damage|p2a: Ogerpon|71/100
|-damage|p2a: Ogerpon|57/100
|-damage|p2a: Ogerpon|43/100
|-hitcount|p2a: Ogerpon|4
|-unboost|p1a: Garchomp|def|1
|-boost|p1a: Garchomp|spe|1
|move|p2a: Ogerpon|Spikes|p1a: Garchomp
|-sidestart|p1: Testingteam_10086|Spikes
|
|upkeep
|turn|2
|
|t:|1759032528
|switch|p2a: Corviknight|Corviknight, M|100/100
|-ability|p2a: Corviknight|Pressure
|move|p1a: Garchomp|Swords Dance|p1a: Garchomp
|-boost|p1a: Garchomp|atk|2
|
|upkeep
|turn|3
|
|t:|1759032535
|move|p1a: Garchomp|Swords Dance|p1a: Garchomp
|-boost|p1a: Garchomp|atk|2
|move|p2a: Corviknight|Iron Defense|p2a: Corviknight
|-boost|p2a: Corviknight|def|2
|
|upkeep
|turn|4
|
|t:|1759032540
|move|p1a: Garchomp|Fire Fang|p2a: Corviknight
|-supereffective|p2a: Corviknight
|-damage|p2a: Corviknight|58/100
|-damage|p1a: Garchomp|84/100|[from] item: Rocky Helmet|[of] p2a: Corviknight
|cant|p2a: Corviknight|flinch
|
|upkeep
|turn|5
|
|t:|1759032547
|-terastallize|p1a: Garchomp|Fire
|move|p1a: Garchomp|Fire Fang|p2a: Corviknight
|-supereffective|p2a: Corviknight
|-damage|p2a: Corviknight|0 fnt
|-damage|p1a: Garchomp|67/100|[from] item: Rocky Helmet|[of] p2a: Corviknight
|faint|p2a: Corviknight
|
|upkeep
|
|t:|1759032551
|switch|p2a: Skeledirge|Skeledirge, M|100/100
|turn|6
|
|t:|1759032555
|-terastallize|p2a: Skeledirge|Dark
|move|p1a: Garchomp|Earthquake|p2a: Skeledirge
|-damage|p2a: Skeledirge|59/100
|move|p2a: Skeledirge|Earth Power|p1a: Garchomp
|-supereffective|p1a: Garchomp
|-damage|p1a: Garchomp|16/100
|-unboost|p1a: Garchomp|spd|1
|
|upkeep
|turn|7
|
|t:|1759032562
|move|p1a: Garchomp|Scale Shot|p2a: Skeledirge
|-damage|p2a: Skeledirge|48/100
|-damage|p2a: Skeledirge|37/100
|-damage|p2a: Skeledirge|26/100
|-damage|p2a: Skeledirge|16/100
|-damage|p2a: Skeledirge|4/100
|-hitcount|p2a: Skeledirge|5
|-unboost|p1a: Garchomp|def|1
|-boost|p1a: Garchomp|spe|1
|move|p2a: Skeledirge|Slack Off|p2a: Skeledirge
|-heal|p2a: Skeledirge|54/100
|
|upkeep
|turn|8
|
|t:|1759032564
|move|p1a: Garchomp|Scale Shot|p2a: Skeledirge
|-damage|p2a: Skeledirge|43/100
|-damage|p2a: Skeledirge|32/100
|-damage|p2a: Skeledirge|21/100
|-damage|p2a: Skeledirge|10/100
|-damage|p2a: Skeledirge|0 fnt
|faint|p2a: Skeledirge
|-hitcount|p2: Skeledirge|5
|-unboost|p1a: Garchomp|def|1
|-boost|p1a: Garchomp|spe|1
|
|upkeep
|-message|JackRG1 forfeited.
|
|win|Testingteam_10086
|raw|Testingteam_10086's rating: 1669 &rarr; <strong>1700</strong><br />(+31 for winning)
|raw|JackRG1's rating: 1885 &rarr; <strong>1854</strong><br />(-31 for losing)
|l|☆JackRG1
|player|p2|
|l|☆Testingteam_10086
|player|p1|
|j| cryyysneasel
