|j|☆razer534
|j|☆Bennanshi
|t:|1759050053
|gametype|singles
|player|p1|razer534|169|1096
|player|p2|Bennanshi|266|1140
|gen|9
|tier|[Gen 9] OU
|rated|
|rule|HP Percentage Mod: HP is shown in percentages
|rule|Endless Battle Clause: Forcing endless battles is banned
|rule|Species Clause: Limit one of each Pokémon
|rule|OHKO Clause: OHKO moves are banned
|rule|Evasion Items Clause: Evasion items are banned
|rule|Evasion Moves Clause: Evasion moves are banned
|rule|Evasion Abilities Clause: Evasion abilities are banned
|rule|Sleep Moves Clause: Sleep-inducing moves are banned
|clearpoke
|poke|p1|Cetitan, M|
|poke|p1|Zangoose, M|
|poke|p1|Flareon, M|
|poke|p1|Pyroar, F|
|poke|p1|Noivern, F|
|poke|p1|Cacturne, M|
|poke|p2|Clefable, M|
|poke|p2|Iron Treads|
|poke|p2|Raging Bolt|
|poke|p2|Latias, F|
|poke|p2|Dragonite, F|
|poke|p2|Weavile, M|
|teampreview
|inactive|Battle timer is ON: inactive players will automatically lose when time's up. (requested by Bennanshi)
|
|t:|1759050063
|teamsize|p1|6
|teamsize|p2|6
|start
|switch|p1a: Pyroar|Pyroar, F, shiny|100/100
|switch|p2a: Iron Treads|Iron Treads|100/100
|turn|1
|
|t:|1759050080
|-end|p2a: Iron Treads|Quark Drive|[silent]
|switch|p2a: Raging Bolt|Raging Bolt|100/100
|move|p1a: Pyroar|Entrainment|p2a: Raging Bolt
|-end|p2a: Raging Bolt|Protosynthesis|[silent]
|-ability|p2a: Raging Bolt|Rivalry|Protosynthesis|[from] move: Entrainment|[of] p1a: Pyroar
|
|upkeep
|turn|2
|
|t:|1759050093
|move|p1a: Pyroar|Noble Roar|p2a: Raging Bolt
|-unboost|p2a: Raging Bolt|atk|1
|-unboost|p2a: Raging Bolt|spa|1
|-enditem|p1a: Pyroar|Throat Spray
|-boost|p1a: Pyroar|spa|1|[from] item: Throat Spray
|move|p2a: Raging Bolt|Volt Switch|p1a: Pyroar
|-damage|p1a: Pyroar|63/100
|
|t:|1759050097
|switch|p2a: Latias|Latias, F|100/100|[from] Volt Switch
|
|upkeep
|turn|3
|
|t:|1759050107
|move|p1a: Pyroar|Entrainment|p2a: Latias
|-ability|p2a: Latias|Rivalry|Levitate|[from] move: Entrainment|[of] p1a: Pyroar
|move|p2a: Latias|Surf|p1a: Pyroar
|-supereffective|p1a: Pyroar
|-damage|p1a: Pyroar|0 fnt
|faint|p1a: Pyroar
|
|upkeep
|
|t:|1759050119
|switch|p1a: Zangoose|Zangoose, M|100/100
|turn|4
|
|t:|1759050124
|move|p2a: Latias|Thunder Wave|p1a: Zangoose
|-status|p1a: Zangoose|par
|move|p1a: Zangoose|Ice Punch|p2a: Latias
|-supereffective|p2a: Latias
|-damage|p2a: Latias|11/100
|-status|p2a: Latias|frz
|
|upkeep
|turn|5
|
|t:|1759050139
|switch|p1a: Flareon|Flareon, M|100/100
|cant|p2a: Latias|frz
|
|upkeep
|turn|6
|
|t:|1759050147
|cant|p2a: Latias|frz
|move|p1a: Flareon|Flame Charge|p2a: Latias
|-resisted|p2a: Latias
|-damage|p2a: Latias|0 fnt
|-boost|p1a: Flareon|spe|1
|faint|p2a: Latias
|
|upkeep
|
|t:|1759050173
|switch|p2a: Weavile|Weavile, M|100/100
|-ability|p2a: Weavile|Pressure
|turn|7
|
|t:|1759050181
|move|p1a: Flareon|Flame Charge|p2a: Weavile
|-supereffective|p2a: Weavile
|-damage|p2a: Weavile|2/100
|-boost|p1a: Flareon|spe|1
|move|p2a: Weavile|Counter|p1a: Flareon
|-damage|p1a: Flareon|0 fnt
|faint|p1a: Flareon
|
|upkeep
|
|t:|1759050193
|switch|p1a: Zangoose|Zangoose, M|100/100 par
|turn|8
|
|t:|1759050197
|cant|p1a: Zangoose|par
|move|p2a: Weavile|Knock Off|p1a: Zangoose
|-crit|p1a: Zangoose
|-damage|p1a: Zangoose|0 fnt
|-enditem|p1a: Zangoose|Choice Band|[from] move: Knock Off|[of] p2a: Weavile
|faint|p1a: Zangoose
|
|upkeep
|
|t:|1759050209
|switch|p1a: Noivern|Noivern, F|100/100
|turn|9
|
|t:|1759050218
|move|p2a: Weavile|Ice Spinner|p1a: Noivern
|-supereffective|p1a: Noivern
|-damage|p1a: Noivern|0 fnt
|faint|p1a: Noivern
|
|upkeep
|
|t:|1759050225
|switch|p1a: Cetitan|Cetitan, M|100/100
|turn|10
|
|t:|1759050236
|switch|p2a: Clefable|Clefable, M|100/100
|-terastallize|p1a: Cetitan|Ice
|move|p1a: Cetitan|Body Slam|p2a: Clefable
|-damage|p2a: Clefable|49/100
|
|upkeep
|turn|11
|
|t:|1759050246
|move|p1a: Cetitan|Curse|p1a: Cetitan
|-unboost|p1a: Cetitan|spe|1
|-boost|p1a: Cetitan|atk|1
|-boost|p1a: Cetitan|def|1
|move|p2a: Clefable|Flamethrower|p1a: Cetitan
|-supereffective|p1a: Cetitan
|-damage|p1a: Cetitan|13/100
|
|upkeep
|turn|12
|
|t:|1759050255
|move|p2a: Clefable|Flamethrower|p1a: Cetitan
|-supereffective|p1a: Cetitan
|-damage|p1a: Cetitan|0 fnt
|faint|p1a: Cetitan
|
|upkeep
|
|t:|1759050262
|switch|p1a: Cacturne|Cacturne, M|100/100
|turn|13
|
|t:|1759050272
|-terastallize|p2a: Clefable|Fire
|move|p2a: Clefable|Flamethrower|p1a: Cacturne
|-supereffective|p1a: Cacturne
|-damage|p1a: Cacturne|0 fnt
|faint|p1a: Cacturne
|
|win|Bennanshi
|raw|razer534's rating: 1096 &rarr; <strong>1075</strong><br />(-21 for losing)
|raw|Bennanshi's rating: 1140 &rarr; <strong>1162</strong><br />(+22 for winning)
|l|☆razer534
|player|p1|
|c|☆Bennanshi|gg
