|j|☆heatraniac
|j|☆IMMAAXX
|t:|1759053097
|gametype|singles
|player|p1|heatraniac|miku-flying|
|player|p2|IMMAAXX|lusamine-nihilego|
|gen|9
|tier|[Gen 9] OU
|rule|HP Percentage Mod: HP is shown in percentages
|rule|Endless Battle Clause: Forcing endless battles is banned
|rule|Species Clause: Limit one of each Pokémon
|rule|OHKO Clause: OHKO moves are banned
|rule|Evasion Items Clause: Evasion items are banned
|rule|Evasion Moves Clause: Evasion moves are banned
|rule|Evasion Abilities Clause: Evasion abilities are banned
|rule|Sleep Moves Clause: Sleep-inducing moves are banned
|clearpoke
|poke|p1|Cinderace, F|
|poke|p1|Volcanion|
|poke|p1|Torkoal, M|
|poke|p1|Mandibuzz, F|
|poke|p1|Great Tusk|
|poke|p1|Fezandipiti, M|
|poke|p2|Gholdengo|
|poke|p2|Iron Treads|
|poke|p2|Moltres|
|poke|p2|Samurott-Hisui, F|
|poke|p2|Sinistcha|
|poke|p2|Ting-Lu|
|teampreview
|c|☆heatraniac|glhf
|c|☆IMMAAXX|hf
|
|t:|1759053115
|teamsize|p1|6
|teamsize|p2|6
|start
|switch|p1a: Torkoal|Torkoal, M, shiny|100/100
|switch|p2a: Ting-Lu|Ting-Lu|100/100
|-ability|p2a: Ting-Lu|Vessel of Ruin
|-weather|SunnyDay|[from] ability: Drought|[of] p1a: Torkoal
|turn|1
|
|t:|1759053163
|move|p2a: Ting-Lu|Ruination|p1a: Torkoal
|-damage|p1a: Torkoal|51/100
|move|p1a: Torkoal|Stealth Rock|p2a: Ting-Lu
|-sidestart|p2: IMMAAXX|move: Stealth Rock
|
|-weather|SunnyDay|[upkeep]
|upkeep
|turn|2
|
|t:|1759053178
|switch|p1a: Volcanion|Volcanion|100/100
|move|p2a: Ting-Lu|Stealth Rock|p1a: Volcanion
|-sidestart|p1: heatraniac|move: Stealth Rock
|
|-weather|SunnyDay|[upkeep]
|upkeep
|turn|3
|inactive|Battle timer is ON: inactive players will automatically lose when time's up. (requested by IMMAAXX)
|
|t:|1759053208
|-terastallize|p2a: Ting-Lu|Water
|move|p1a: Volcanion|Fire Blast|p2a: Ting-Lu
|-resisted|p2a: Ting-Lu
|-damage|p2a: Ting-Lu|73/100
|move|p2a: Ting-Lu|Earthquake|p1a: Volcanion
|-supereffective|p1a: Volcanion
|-damage|p1a: Volcanion|35/100
|
|-weather|SunnyDay|[upkeep]
|-heal|p2a: Ting-Lu|79/100|[from] item: Leftovers
|upkeep
|turn|4
|
|t:|1759053238
|switch|p1a: Mandibuzz|Mandibuzz, F, shiny|100/100
|-damage|p1a: Mandibuzz|76/100|[from] Stealth Rock
|move|p2a: Ting-Lu|Earthquake|p1a: Mandibuzz
|-immune|p1a: Mandibuzz
|
|-weather|SunnyDay|[upkeep]
|-heal|p2a: Ting-Lu|85/100|[from] item: Leftovers
|upkeep
|turn|5
|
|t:|1759053255
|switch|p2a: Iron Treads|Iron Treads|100/100
|-damage|p2a: Iron Treads|98/100|[from] Stealth Rock
|move|p1a: Mandibuzz|Toxic|p2a: Iron Treads
|-immune|p2a: Iron Treads
|
|-weather|SunnyDay|[upkeep]
|upkeep
|turn|6
|
|t:|1759053261
|move|p2a: Iron Treads|Rapid Spin|p1a: Mandibuzz
|-damage|p1a: Mandibuzz|69/100
|-boost|p2a: Iron Treads|spe|1
|-damage|p2a: Iron Treads|81/100|[from] item: Rocky Helmet|[of] p1a: Mandibuzz
|-sideend|p2: IMMAAXX|Stealth Rock|[from] move: Rapid Spin|[of] p2a: Iron Treads
|move|p1a: Mandibuzz|Defog|p2a: Iron Treads
|-unboost|p2a: Iron Treads|evasion|1
|-sideend|p1: heatraniac|Stealth Rock|[from] move: Defog|[of] p1a: Mandibuzz
|
|-weather|SunnyDay|[upkeep]
|upkeep
|turn|7
|inactive|heatraniac has 270 seconds left.
|inactive|heatraniac has 240 seconds left.
|
|t:|1759053337
|-end|p2a: Iron Treads|Quark Drive|[silent]
|switch|p2a: Moltres|Moltres|100/100
|move|p1a: Mandibuzz|Foul Play|p2a: Moltres
|-damage|p2a: Moltres|81/100
|
|-weather|SunnyDay|[upkeep]
|upkeep
|turn|8
|
|t:|1759053346
|move|p2a: Moltres|Flamethrower|p1a: Mandibuzz
|-damage|p1a: Mandibuzz|22/100
|move|p1a: Mandibuzz|Toxic|p2a: Moltres
|-status|p2a: Moltres|tox
|
|-weather|none
|-damage|p2a: Moltres|75/100 tox|[from] psn
|upkeep
|turn|9
|
|t:|1759053357
|switch|p1a: Volcanion|Volcanion|35/100
|move|p2a: Moltres|U-turn|p1a: Volcanion
|-resisted|p1a: Volcanion
|-damage|p1a: Volcanion|29/100
|
|t:|1759053360
|switch|p2a: Samurott|Samurott-Hisui, F|100/100|[from] U-turn
|
|upkeep
|turn|10
|inactive|heatraniac has 240 seconds left.
|
|t:|1759053387
|switch|p1a: Torkoal|Torkoal, M, shiny|51/100
|-weather|SunnyDay|[from] ability: Drought|[of] p1a: Torkoal
|move|p2a: Samurott|Ceaseless Edge|p1a: Torkoal
|-damage|p1a: Torkoal|23/100
|-sidestart|p1: heatraniac|Spikes
|
|-weather|SunnyDay|[upkeep]
|upkeep
|turn|11
|
|t:|1759053398
|move|p2a: Samurott|Ceaseless Edge|p1a: Torkoal
|-damage|p1a: Torkoal|0 fnt
|-sidestart|p1: heatraniac|Spikes
|faint|p1a: Torkoal
|
|-weather|SunnyDay|[upkeep]
|upkeep
|inactive|heatraniac has 210 seconds left.
|
|t:|1759053417
|switch|p1a: Fezandipiti|Fezandipiti, M|100/100
|-damage|p1a: Fezandipiti|84/100|[from] Spikes
|turn|12
|
|t:|1759053423
|switch|p2a: Iron Treads|Iron Treads|81/100
|move|p1a: Fezandipiti|Nasty Plot|p1a: Fezandipiti
|-boost|p1a: Fezandipiti|spa|2
|
|-weather|SunnyDay|[upkeep]
|-heal|p1a: Fezandipiti|90/100|[from] item: Leftovers
|upkeep
|turn|13
|
|t:|1759053430
|-terastallize|p1a: Fezandipiti|Ground
|move|p2a: Iron Treads|Earthquake|p1a: Fezandipiti
|-damage|p1a: Fezandipiti|51/100
|move|p1a: Fezandipiti|Tera Blast|p2a: Iron Treads|[anim] Tera Blast Ground
|-supereffective|p2a: Iron Treads
|-damage|p2a: Iron Treads|0 fnt
|faint|p2a: Iron Treads
|-end|p2a: Iron Treads|Quark Drive|[silent]
|
|-weather|SunnyDay|[upkeep]
|-heal|p1a: Fezandipiti|57/100|[from] item: Leftovers
|upkeep
|
|t:|1759053451
|switch|p2a: Ting-Lu|Ting-Lu, tera:Water|85/100
|-ability|p2a: Ting-Lu|Vessel of Ruin
|turn|14
|
|t:|1759053457
|move|p1a: Fezandipiti|Sludge Bomb|p2a: Ting-Lu
|-damage|p2a: Ting-Lu|57/100
|move|p2a: Ting-Lu|Whirlwind|p1a: Fezandipiti
|drag|p1a: Mandibuzz|Mandibuzz, F, shiny|22/100
|
|-weather|SunnyDay|[upkeep]
|-heal|p2a: Ting-Lu|63/100|[from] item: Leftovers
|upkeep
|turn|15
|
|t:|1759053465
|switch|p2a: Gholdengo|Gholdengo|100/100
|move|p1a: Mandibuzz|Roost|p1a: Mandibuzz
|-heal|p1a: Mandibuzz|72/100
|-singleturn|p1a: Mandibuzz|move: Roost
|
|-weather|SunnyDay|[upkeep]
|upkeep
|turn|16
|
|t:|1759053471
|move|p2a: Gholdengo|Make It Rain|p1a: Mandibuzz
|-damage|p1a: Mandibuzz|6/100
|-unboost|p2a: Gholdengo|spa|1
|move|p1a: Mandibuzz|Foul Play|p2a: Gholdengo
|-supereffective|p2a: Gholdengo
|-damage|p2a: Gholdengo|64/100
|
|-weather|SunnyDay|[upkeep]
|upkeep
|turn|17
|
|t:|1759053480
|switch|p1a: Volcanion|Volcanion|29/100
|-damage|p1a: Volcanion|12/100|[from] Spikes
|move|p2a: Gholdengo|Make It Rain|p1a: Volcanion
|-resisted|p1a: Volcanion
|-damage|p1a: Volcanion|0 fnt
|-unboost|p2a: Gholdengo|spa|1
|faint|p1a: Volcanion
|
|-weather|none
|upkeep
|
|t:|1759053488
|switch|p1a: Cinderace|Cinderace, F|100/100
|-damage|p1a: Cinderace|84/100|[from] Spikes
|turn|18
|
|t:|1759053498
|switch|p2a: Ting-Lu|Ting-Lu, tera:Water|63/100
|-ability|p2a: Ting-Lu|Vessel of Ruin
|move|p1a: Cinderace|Court Change|p1a: Cinderace
|-start|p1a: Cinderace|typechange|Normal|[from] ability: Libero
|-swapsideconditions
|-activate|p1a: Cinderace|move: Court Change
|
|-heal|p2a: Ting-Lu|69/100|[from] item: Leftovers
|upkeep
|turn|19
|
|t:|1759053503
|switch|p1a: Mandibuzz|Mandibuzz, F, shiny|6/100
|move|p2a: Ting-Lu|Stealth Rock|p1a: Mandibuzz
|-sidestart|p1: heatraniac|move: Stealth Rock
|
|-heal|p2a: Ting-Lu|75/100|[from] item: Leftovers
|upkeep
|turn|20
|
|t:|1759053507
|switch|p2a: Samurott|Samurott-Hisui, F|100/100
|-damage|p2a: Samurott|84/100|[from] Spikes
|move|p1a: Mandibuzz|Roost|p1a: Mandibuzz
|-heal|p1a: Mandibuzz|56/100
|-singleturn|p1a: Mandibuzz|move: Roost
|
|upkeep
|turn|21
|
|t:|1759053512
|move|p2a: Samurott|Ceaseless Edge|p1a: Mandibuzz
|-resisted|p1a: Mandibuzz
|-damage|p1a: Mandibuzz|43/100
|-damage|p2a: Samurott|67/100|[from] item: Rocky Helmet|[of] p1a: Mandibuzz
|-sidestart|p1: heatraniac|Spikes
|move|p1a: Mandibuzz|Roost|p1a: Mandibuzz
|-heal|p1a: Mandibuzz|93/100
|-singleturn|p1a: Mandibuzz|move: Roost
|
|upkeep
|turn|22
|
|t:|1759053518
|switch|p2a: Gholdengo|Gholdengo|64/100
|-damage|p2a: Gholdengo|47/100|[from] Spikes
|move|p1a: Mandibuzz|Toxic|p2a: Gholdengo
|-immune|p2a: Gholdengo|[from] ability: Good as Gold
|
|upkeep
|turn|23
|
|t:|1759053522
|move|p2a: Gholdengo|Recover|p2a: Gholdengo
|-heal|p2a: Gholdengo|97/100
|move|p1a: Mandibuzz|Roost|p1a: Mandibuzz
|-heal|p1a: Mandibuzz|100/100
|-singleturn|p1a: Mandibuzz|move: Roost
|
|upkeep
|turn|24
|
|t:|1759053529
|move|p2a: Gholdengo|Nasty Plot|p2a: Gholdengo
|-boost|p2a: Gholdengo|spa|2
|move|p1a: Mandibuzz|Roost||[still]
|-fail|p1a: Mandibuzz|heal
|
|upkeep
|turn|25
|
|t:|1759053545
|switch|p1a: Great Tusk|Great Tusk, shiny|100/100
|-damage|p1a: Great Tusk|98/100|[from] Stealth Rock
|-damage|p1a: Great Tusk|85/100|[from] Spikes
|move|p2a: Gholdengo|Make It Rain|p1a: Great Tusk
|-damage|p1a: Great Tusk|0 fnt
|-unboost|p2a: Gholdengo|spa|1
|faint|p1a: Great Tusk
|-end|p1a: Great Tusk|Protosynthesis|[silent]
|
|upkeep
|
|t:|1759053547
|switch|p1a: Cinderace|Cinderace, F|84/100
|-damage|p1a: Cinderace|59/100|[from] Stealth Rock
|-damage|p1a: Cinderace|47/100|[from] Spikes
|turn|26
|
|t:|1759053550
|switch|p2a: Ting-Lu|Ting-Lu, tera:Water|75/100
|-damage|p2a: Ting-Lu|59/100|[from] Spikes
|-ability|p2a: Ting-Lu|Vessel of Ruin
|move|p1a: Cinderace|High Jump Kick|p2a: Ting-Lu
|-start|p1a: Cinderace|typechange|Fighting|[from] ability: Libero
|-damage|p2a: Ting-Lu|21/100
|
|-heal|p2a: Ting-Lu|28/100|[from] item: Leftovers
|upkeep
|turn|27
|
|t:|1759053563
|switch|p2a: Sinistcha|Sinistcha|100/100
|move|p1a: Cinderace|Pyro Ball|p2a: Sinistcha
|-supereffective|p2a: Sinistcha
|-damage|p2a: Sinistcha|68/100
|
|upkeep
|turn|28
|
|t:|1759053574
|move|p1a: Cinderace|Court Change|p1a: Cinderace
|-swapsideconditions
|-activate|p1a: Cinderace|move: Court Change
|move|p2a: Sinistcha|Strength Sap|p1a: Cinderace
|-unboost|p1a: Cinderace|atk|1
|-heal|p2a: Sinistcha|100/100
|
|upkeep
|turn|29
|
|t:|1759053579
|switch|p1a: Mandibuzz|Mandibuzz, F, shiny|100/100
|move|p2a: Sinistcha|Calm Mind|p2a: Sinistcha
|-boost|p2a: Sinistcha|spa|1
|-boost|p2a: Sinistcha|spd|1
|
|upkeep
|turn|30
|
|t:|1759053583
|switch|p2a: Gholdengo|Gholdengo|97/100
|-damage|p2a: Gholdengo|91/100|[from] Stealth Rock
|-damage|p2a: Gholdengo|79/100|[from] Spikes
|move|p1a: Mandibuzz|Toxic|p2a: Gholdengo
|-immune|p2a: Gholdengo|[from] ability: Good as Gold
|
|upkeep
|turn|31
|
|t:|1759053593
|move|p2a: Gholdengo|Nasty Plot|p2a: Gholdengo
|-boost|p2a: Gholdengo|spa|2
|move|p1a: Mandibuzz|Foul Play|p2a: Gholdengo
|-supereffective|p2a: Gholdengo
|-damage|p2a: Gholdengo|47/100
|
|upkeep
|turn|32
|
|t:|1759053596
|move|p2a: Gholdengo|Recover|p2a: Gholdengo
|-heal|p2a: Gholdengo|97/100
|move|p1a: Mandibuzz|Foul Play|p2a: Gholdengo
|-supereffective|p2a: Gholdengo
|-damage|p2a: Gholdengo|60/100
|
|upkeep
|turn|33
|
|t:|1759053601
|move|p2a: Gholdengo|Make It Rain|p1a: Mandibuzz
|-damage|p1a: Mandibuzz|0 fnt
|-unboost|p2a: Gholdengo|spa|1
|faint|p1a: Mandibuzz
|
|upkeep
|
|t:|1759053604
|switch|p1a: Cinderace|Cinderace, F|47/100
|-damage|p1a: Cinderace|30/100|[from] Spikes
|turn|34
|
|t:|1759053613
|switch|p2a: Ting-Lu|Ting-Lu, tera:Water|28/100
|-damage|p2a: Ting-Lu|15/100|[from] Stealth Rock
|-damage|p2a: Ting-Lu|3/100|[from] Spikes
|-ability|p2a: Ting-Lu|Vessel of Ruin
|move|p1a: Cinderace|Pyro Ball|p2a: Ting-Lu
|-resisted|p2a: Ting-Lu
|-damage|p2a: Ting-Lu|0 fnt
|faint|p2a: Ting-Lu
|
|upkeep
|
|t:|1759053619
|switch|p2a: Samurott|Samurott-Hisui, F|67/100
|-damage|p2a: Samurott|55/100|[from] Stealth Rock
|-damage|p2a: Samurott|43/100|[from] Spikes
|turn|35
|inactive|heatraniac has 270 seconds left.
|
|t:|1759053656
|move|p2a: Samurott|Razor Shell|p1a: Cinderace
|-supereffective|p1a: Cinderace
|-damage|p1a: Cinderace|0 fnt
|faint|p1a: Cinderace
|
|upkeep
|c|☆heatraniac|gg
|
|t:|1759053663
|switch|p1a: Fezandipiti|Fezandipiti, M, tera:Ground|57/100
|-damage|p1a: Fezandipiti|40/100|[from] Spikes
|turn|36
|c|☆IMMAAXX|ggs
|
|t:|1759053667
|move|p2a: Samurott|Razor Shell|p1a: Fezandipiti
|-supereffective|p1a: Fezandipiti
|-damage|p1a: Fezandipiti|0 fnt
|faint|p1a: Fezandipiti
|
|win|IMMAAXX
