|j|☆KuroNoTamashi
|j|☆refind
|t:|1758974643
|gametype|singles
|player|p1|KuroNoTamashi|170|1646
|player|p2|refind|elesa|1648
|gen|9
|tier|[Gen 9] OU
|rated|
|rule|HP Percentage Mod: HP is shown in percentages
|rule|Endless Battle Clause: Forcing endless battles is banned
|rule|Species Clause: Limit one of each Pokémon
|rule|OHKO Clause: OHKO moves are banned
|rule|Evasion Items Clause: Evasion items are banned
|rule|Evasion Moves Clause: Evasion moves are banned
|rule|Evasion Abilities Clause: Evasion abilities are banned
|rule|Sleep Moves Clause: Sleep-inducing moves are banned
|clearpoke
|poke|p1|Torkoal, M|
|poke|p1|Charizard, M|
|poke|p1|Victreebel, M|
|poke|p1|Hatterene, F|
|poke|p1|Arcanine-Hisui, F|
|poke|p1|Scream Tail|
|poke|p2|Zamazenta-*|
|poke|p2|Raging Bolt|
|poke|p2|Tornadus-Therian, M|
|poke|p2|Clefable, M|
|poke|p2|Iron Treads|
|poke|p2|Meowscarada, F|
|teampreview
|
|t:|1758974657
|teamsize|p1|6
|teamsize|p2|6
|start
|switch|p1a: Torkoal|Torkoal, M|100/100
|switch|p2a: Iron Treads|Iron Treads|100/100
|-weather|SunnyDay|[from] ability: Drought|[of] p1a: Torkoal
|turn|1
|inactive|Battle timer is ON: inactive players will automatically lose when time's up. (requested by refind)
|
|t:|1758974662
|move|p2a: Iron Treads|Earthquake|p1a: Torkoal
|-supereffective|p1a: Torkoal
|-damage|p1a: Torkoal|57/100
|move|p1a: Torkoal|Lava Plume|p2a: Iron Treads
|-supereffective|p2a: Iron Treads
|-damage|p2a: Iron Treads|42/100
|
|-weather|SunnyDay|[upkeep]
|-heal|p2a: Iron Treads|48/100|[from] item: Leftovers
|upkeep
|turn|2
|
|t:|1758974667
|switch|p1a: Hatterene|Hatterene, F|100/100
|move|p2a: Iron Treads|Knock Off|p1a: Hatterene
|-damage|p1a: Hatterene|80/100
|-enditem|p1a: Hatterene|Assault Vest|[from] move: Knock Off|[of] p2a: Iron Treads
|
|-weather|SunnyDay|[upkeep]
|-heal|p2a: Iron Treads|54/100|[from] item: Leftovers
|upkeep
|turn|3
|
|t:|1758974678
|move|p2a: Iron Treads|Earthquake|p1a: Hatterene
|-damage|p1a: Hatterene|50/100
|move|p1a: Hatterene|Mystical Fire|p2a: Iron Treads
|-supereffective|p2a: Iron Treads
|-damage|p2a: Iron Treads|0 fnt
|faint|p2a: Iron Treads
|-end|p2a: Iron Treads|Quark Drive|[silent]
|
|-weather|SunnyDay|[upkeep]
|upkeep
|
|t:|1758974688
|switch|p2a: Clefable|Clefable, M|100/100
|turn|4
|
|t:|1758974692
|move|p2a: Clefable|Moonblast|p1a: Hatterene
|-damage|p1a: Hatterene|19/100
|move|p1a: Hatterene|Nuzzle|p2a: Clefable
|-damage|p2a: Clefable|97/100
|-status|p2a: Clefable|par
|
|-weather|SunnyDay|[upkeep]
|-heal|p2a: Clefable|100/100 par|[from] item: Leftovers
|upkeep
|turn|5
|
|t:|1758974695
|switch|p1a: Charizard|Charizard, M, shiny|100/100
|move|p2a: Clefable|Moonblast|p1a: Charizard
|-resisted|p1a: Charizard
|-damage|p1a: Charizard|81/100
|-unboost|p1a: Charizard|spa|1
|
|-weather|SunnyDay|[upkeep]
|-damage|p1a: Charizard|69/100|[from] ability: Solar Power|[of] p1a: Charizard
|upkeep
|turn|6
|
|t:|1758974701
|move|p1a: Charizard|Overheat|p2a: Clefable
|-damage|p2a: Clefable|0 fnt
|-unboost|p1a: Charizard|spa|2
|faint|p2a: Clefable
|
|-weather|SunnyDay|[upkeep]
|-damage|p1a: Charizard|56/100|[from] ability: Solar Power|[of] p1a: Charizard
|upkeep
|
|t:|1758974705
|switch|p2a: Raging Bolt|Raging Bolt|100/100
|-activate|p2a: Raging Bolt|ability: Protosynthesis
|-start|p2a: Raging Bolt|protosynthesisspa
|turn|7
|
|t:|1758974708
|switch|p1a: Hatterene|Hatterene, F|19/100
|move|p2a: Raging Bolt|Calm Mind|p2a: Raging Bolt
|-boost|p2a: Raging Bolt|spa|1
|-boost|p2a: Raging Bolt|spd|1
|
|-weather|SunnyDay|[upkeep]
|upkeep
|turn|8
|
|t:|1758974714
|move|p2a: Raging Bolt|Thunderbolt|p1a: Hatterene
|-damage|p1a: Hatterene|0 fnt
|faint|p1a: Hatterene
|
|-weather|none
|-end|p2a: Raging Bolt|Protosynthesis
|upkeep
|
|t:|1758974717
|switch|p1a: Scream Tail|Scream Tail|100/100
|turn|9
|
|t:|1758974721
|-terastallize|p2a: Raging Bolt|Fairy
|move|p1a: Scream Tail|Encore|p2a: Raging Bolt
|-start|p2a: Raging Bolt|Encore
|move|p2a: Raging Bolt|Thunderbolt|p1a: Scream Tail
|-damage|p1a: Scream Tail|49/100
|
|upkeep
|turn|10
|
|t:|1758974727
|move|p1a: Scream Tail|Wish|p1a: Scream Tail
|move|p2a: Raging Bolt|Thunderbolt|p1a: Scream Tail
|-damage|p1a: Scream Tail|2/100
|
|upkeep
|turn|11
|
|t:|1758974736
|-end|p1a: Scream Tail|Protosynthesis|[silent]
|switch|p1a: Victreebel|Victreebel, M, shiny|100/100
|move|p2a: Raging Bolt|Thunderbolt|p1a: Victreebel
|-resisted|p1a: Victreebel
|-damage|p1a: Victreebel|29/100
|
|-heal|p1a: Victreebel|100/100|[from] move: Wish|[wisher] Scream Tail
|-end|p2a: Raging Bolt|Encore
|upkeep
|turn|12
|
|t:|1758974740
|-end|p2a: Raging Bolt|Protosynthesis|[silent]
|switch|p2a: Tornadus|Tornadus-Therian, M|100/100
|move|p1a: Victreebel|Sludge Wave|p2a: Tornadus
|-damage|p2a: Tornadus|61/100
|-damage|p1a: Victreebel|91/100|[from] item: Life Orb
|
|upkeep
|turn|13
|
|t:|1758974748
|switch|p1a: Torkoal|Torkoal, M|57/100
|-weather|SunnyDay|[from] ability: Drought|[of] p1a: Torkoal
|move|p2a: Tornadus|Knock Off|p1a: Torkoal
|-damage|p1a: Torkoal|45/100
|-enditem|p1a: Torkoal|Heat Rock|[from] move: Knock Off|[of] p2a: Tornadus
|
|-weather|SunnyDay|[upkeep]
|upkeep
|turn|14
|
|t:|1758974757
|move|p2a: Tornadus|Bleakwind Storm|p1a: Torkoal
|-damage|p1a: Torkoal|0 fnt
|faint|p1a: Torkoal
|
|-weather|SunnyDay|[upkeep]
|upkeep
|
|t:|1758974760
|switch|p1a: Victreebel|Victreebel, M, shiny|91/100
|turn|15
|
|t:|1758974764
|move|p1a: Victreebel|Weather Ball|p2a: Tornadus
|-damage|p2a: Tornadus|20/100
|-damage|p1a: Victreebel|81/100|[from] item: Life Orb
|move|p2a: Tornadus|Bleakwind Storm|p1a: Victreebel
|-supereffective|p1a: Victreebel
|-damage|p1a: Victreebel|0 fnt
|faint|p1a: Victreebel
|
|-weather|SunnyDay|[upkeep]
|upkeep
|
|t:|1758974767
|switch|p1a: Charizard|Charizard, M, shiny|56/100
|turn|16
|
|t:|1758974773
|move|p2a: Tornadus|Bleakwind Storm|p1a: Charizard
|-damage|p1a: Charizard|11/100
|-unboost|p1a: Charizard|spe|1
|move|p1a: Charizard|Overheat|p2a: Tornadus
|-damage|p2a: Tornadus|0 fnt
|-unboost|p1a: Charizard|spa|2
|faint|p2a: Tornadus
|
|-weather|SunnyDay|[upkeep]
|-damage|p1a: Charizard|0 fnt|[from] ability: Solar Power|[of] p1a: Charizard
|faint|p1a: Charizard
|upkeep
|-message|KuroNoTamashi forfeited.
|
|win|refind
|raw|KuroNoTamashi's rating: 1646 &rarr; <strong>1626</strong><br />(-20 for losing)
|raw|refind's rating: 1648 &rarr; <strong>1668</strong><br />(+20 for winning)
|l|☆KuroNoTamashi
|player|p1|
|l|☆refind
|player|p2|
