|j|☆Common Krookodile
|j|☆Maxcolor
|t:|1759018072
|gametype|singles
|player|p1|Common Krookodile|burglar|1451
|player|p2|Maxcolor|ghetsis|1477
|gen|9
|tier|[Gen 9] OU
|rated|
|rule|HP Percentage Mod: HP is shown in percentages
|rule|Endless Battle Clause: Forcing endless battles is banned
|rule|Species Clause: Limit one of each Pokémon
|rule|OHKO Clause: OHKO moves are banned
|rule|Evasion Items Clause: Evasion items are banned
|rule|Evasion Moves Clause: Evasion moves are banned
|rule|Evasion Abilities Clause: Evasion abilities are banned
|rule|Sleep Moves Clause: Sleep-inducing moves are banned
|clearpoke
|poke|p1|Ting-Lu|
|poke|p1|Alomomola, F|
|poke|p1|Iron Valiant|
|poke|p1|Kyurem|
|poke|p1|Gholdengo|
|poke|p1|Corviknight, F|
|poke|p2|Minior-Yellow|
|poke|p2|Ting-Lu|
|poke|p2|Weezing-Galar, M|
|poke|p2|Feraligatr, M|
|poke|p2|Meowstic, M|
|poke|p2|Iron Moth|
|teampreview
|inactive|Battle timer is ON: inactive players will automatically lose when time's up. (requested by Maxcolor)
|c|☆Common Krookodile|glhf
|
|t:|1759018097
|teamsize|p1|6
|teamsize|p2|6
|start
|switch|p1a: Alomomola|Alomomola, F|100/100
|switch|p2a: Mostache|Weezing-Galar, M, shiny|100/100
|-ability|p2a: Mostache|Neutralizing Gas
|turn|1
|
|t:|1759018104
|move|p1a: Alomomola|Protect|p1a: Alomomola
|-singleturn|p1a: Alomomola|Protect
|move|p2a: Mostache|Will-O-Wisp|p1a: Alomomola
|-activate|p1a: Alomomola|move: Protect
|
|upkeep
|turn|2
|
|t:|1759018109
|move|p2a: Mostache|Will-O-Wisp|p1a: Alomomola
|-status|p1a: Alomomola|brn
|move|p1a: Alomomola|Wish|p1a: Alomomola
|
|-damage|p1a: Alomomola|94/100 brn|[from] brn
|upkeep
|turn|3
|
|t:|1759018115
|move|p2a: Mostache|Strange Steam|p1a: Alomomola
|-damage|p1a: Alomomola|61/100 brn
|-start|p1a: Alomomola|confusion
|-activate|p1a: Alomomola|confusion
|move|p1a: Alomomola|Scald|p2a: Mostache
|-damage|p2a: Mostache|84/100
|-status|p2a: Mostache|brn
|
|-heal|p1a: Alomomola|100/100 brn|[from] move: Wish|[wisher] Alomomola
|-damage|p2a: Mostache|78/100 brn|[from] brn
|-damage|p1a: Alomomola|94/100 brn|[from] brn
|upkeep
|turn|4
|
|t:|1759018136
|move|p2a: Mostache|Strange Steam|p1a: Alomomola
|-damage|p1a: Alomomola|64/100 brn
|-activate|p1a: Alomomola|confusion
|-damage|p1a: Alomomola|60/100 brn|[from] confusion
|
|-damage|p2a: Mostache|72/100 brn|[from] brn
|-damage|p1a: Alomomola|54/100 brn|[from] brn
|upkeep
|turn|5
|
|t:|1759018141
|move|p2a: Mostache|Strange Steam|p1a: Alomomola
|-damage|p1a: Alomomola|22/100 brn
|-activate|p1a: Alomomola|confusion
|-damage|p1a: Alomomola|18/100 brn|[from] confusion
|
|-damage|p2a: Mostache|66/100 brn|[from] brn
|-damage|p1a: Alomomola|11/100 brn|[from] brn
|upkeep
|turn|6
|
|t:|1759018150
|switch|p1a: Gholdengo|Gholdengo|100/100
|move|p2a: Mostache|Pain Split|p1a: Gholdengo
|-sethp|p1a: Gholdengo|80/100|[from] move: Pain Split|[silent]
|-sethp|p2a: Mostache|89/100 brn|[from] move: Pain Split
|
|-damage|p2a: Mostache|83/100 brn|[from] brn
|upkeep
|turn|7
|
|t:|1759018159
|-end|p2a: Mostache|ability: Neutralizing Gas
|switch|p2a: Radina|Ting-Lu|100/100
|-ability|p2a: Radina|Vessel of Ruin
|move|p1a: Gholdengo|Make It Rain|p2a: Radina
|-damage|p2a: Radina|72/100
|-unboost|p1a: Gholdengo|spa|1
|
|-heal|p2a: Radina|78/100|[from] item: Leftovers
|upkeep
|turn|8
|
|t:|1759018178
|switch|p1a: Corviknight|Corviknight, F|100/100
|-ability|p1a: Corviknight|Pressure
|move|p2a: Radina|Stealth Rock|p1a: Corviknight
|-sidestart|p1: Common Krookodile|move: Stealth Rock
|
|-heal|p2a: Radina|84/100|[from] item: Leftovers
|upkeep
|turn|9
|
|t:|1759018192
|switch|p2a: MothaRoja|Iron Moth, shiny|100/100
|-enditem|p2a: MothaRoja|Booster Energy
|-activate|p2a: MothaRoja|ability: Quark Drive|[fromitem]
|-start|p2a: MothaRoja|quarkdrivespe
|move|p1a: Corviknight|Defog|p2a: MothaRoja
|-unboost|p2a: MothaRoja|evasion|1
|-sideend|p1: Common Krookodile|Stealth Rock|[from] move: Defog|[of] p1a: Corviknight
|
|upkeep
|turn|10
|
|t:|1759018197
|switch|p1a: Ting-Lu|Ting-Lu|100/100
|-ability|p1a: Ting-Lu|Vessel of Ruin
|move|p2a: MothaRoja|Fiery Dance|p1a: Ting-Lu
|-damage|p1a: Ting-Lu|84/100
|-boost|p2a: MothaRoja|spa|1
|
|-heal|p1a: Ting-Lu|90/100|[from] item: Leftovers
|upkeep
|turn|11
|
|t:|1759018208
|-terastallize|p2a: MothaRoja|Grass
|move|p2a: MothaRoja|Energy Ball|p1a: Ting-Lu
|-supereffective|p1a: Ting-Lu
|-damage|p1a: Ting-Lu|35/100
|move|p1a: Ting-Lu|Whirlwind|p2a: MothaRoja
|-end|p2a: MothaRoja|Quark Drive|[silent]
|drag|p2a: Meteoros|Minior-Yellow|100/100
|-formechange|p2a: Meteoros|Minior-Meteor||[from] ability: Shields Down
|
|-heal|p1a: Ting-Lu|41/100|[from] item: Leftovers
|upkeep
|turn|12
|
|t:|1759018226
|switch|p1a: Corviknight|Corviknight, F|100/100
|-ability|p1a: Corviknight|Pressure
|move|p2a: Meteoros|Shell Smash|p2a: Meteoros
|-unboost|p2a: Meteoros|def|1
|-unboost|p2a: Meteoros|spd|1
|-boost|p2a: Meteoros|atk|2
|-boost|p2a: Meteoros|spa|2
|-boost|p2a: Meteoros|spe|2
|-enditem|p2a: Meteoros|White Herb
|-clearnegativeboost|p2a: Meteoros|[silent]
|
|upkeep
|turn|13
|
|t:|1759018245
|move|p2a: Meteoros|Rock Slide|p1a: Corviknight
|-damage|p1a: Corviknight|66/100
|move|p1a: Corviknight|Body Press|p2a: Meteoros
|-damage|p2a: Meteoros|66/100
|
|upkeep
|turn|14
|
|t:|1759018254
|move|p2a: Meteoros|Shell Smash|p2a: Meteoros
|-unboost|p2a: Meteoros|def|1
|-unboost|p2a: Meteoros|spd|1
|-boost|p2a: Meteoros|atk|2
|-boost|p2a: Meteoros|spa|2
|-boost|p2a: Meteoros|spe|2
|move|p1a: Corviknight|Roost|p1a: Corviknight
|-heal|p1a: Corviknight|100/100
|-singleturn|p1a: Corviknight|move: Roost
|
|upkeep
|turn|15
|
|t:|1759018262
|move|p2a: Meteoros|Rock Slide|p1a: Corviknight
|-damage|p1a: Corviknight|57/100
|move|p1a: Corviknight|Body Press|p2a: Meteoros
|-damage|p2a: Meteoros|18/100
|
|-formechange|p2a: Meteoros|Minior-Yellow||[from] ability: Shields Down
|upkeep
|turn|16
|
|t:|1759018269
|move|p2a: Meteoros|Rock Slide|p1a: Corviknight
|-damage|p1a: Corviknight|0 fnt
|faint|p1a: Corviknight
|
|upkeep
|
|t:|1759018272
|switch|p1a: Gholdengo|Gholdengo|80/100
|turn|17
|
|t:|1759018275
|move|p2a: Meteoros|Earthquake|p1a: Gholdengo
|-supereffective|p1a: Gholdengo
|-damage|p1a: Gholdengo|0 fnt
|faint|p1a: Gholdengo
|
|upkeep
|
|t:|1759018279
|switch|p1a: Iron Valiant|Iron Valiant|100/100
|-enditem|p1a: Iron Valiant|Booster Energy
|-activate|p1a: Iron Valiant|ability: Quark Drive|[fromitem]
|-start|p1a: Iron Valiant|quarkdrivespe
|turn|18
|
|t:|1759018281
|move|p2a: Meteoros|Acrobatics|p1a: Iron Valiant
|-supereffective|p1a: Iron Valiant
|-damage|p1a: Iron Valiant|0 fnt
|faint|p1a: Iron Valiant
|-end|p1a: Iron Valiant|Quark Drive|[silent]
|
|upkeep
|
|t:|1759018284
|switch|p1a: Alomomola|Alomomola, F|11/100 brn
|turn|19
|c|☆Common Krookodile|gg
|c|☆Maxcolor|Gg
|inactive|Maxcolor has 120 seconds left.
|c|☆Maxcolor|And regenerator?
|
|t:|1759018317
|move|p2a: Meteoros|Acrobatics|p1a: Alomomola
|-damage|p1a: Alomomola|0 fnt
|faint|p1a: Alomomola
|
|upkeep
|
|t:|1759018321
|switch|p1a: Kyurem|Kyurem|100/100
|-ability|p1a: Kyurem|Pressure
|turn|20
|c|☆Common Krookodile|Your weezing was out
|
|t:|1759018336
|move|p2a: Meteoros|Rock Slide|p1a: Kyurem
|-supereffective|p1a: Kyurem
|-damage|p1a: Kyurem|0 fnt
|faint|p1a: Kyurem
|
|upkeep
|
|t:|1759018339
|switch|p1a: Ting-Lu|Ting-Lu|41/100
|-ability|p1a: Ting-Lu|Vessel of Ruin
|turn|21
|c|☆Maxcolor|Oh
|c|☆Maxcolor|I forget
|
|t:|1759018353
|move|p2a: Meteoros|Acrobatics|p1a: Ting-Lu
|-crit|p1a: Ting-Lu
|-damage|p1a: Ting-Lu|0 fnt
|faint|p1a: Ting-Lu
|
|win|Maxcolor
|raw|Common Krookodile's rating: 1451 &rarr; <strong>1432</strong><br />(-19 for losing)
|raw|Maxcolor's rating: 1477 &rarr; <strong>1496</strong><br />(+19 for winning)
|c|☆Common Krookodile|lmao me too
|l|☆Common Krookodile
|player|p1|
|l|☆Maxcolor
|player|p2|
