|j|☆fllynnthe7th
|j|☆ssss umeno
|t:|1758982344
|gametype|singles
|player|p1|fllynnthe7th|player-go|1185
|player|p2|ssss umeno|265|1184
|gen|9
|tier|[Gen 9] OU
|rated|
|rule|HP Percentage Mod: HP is shown in percentages
|rule|Endless Battle Clause: Forcing endless battles is banned
|rule|Species Clause: Limit one of each Pokémon
|rule|OHKO Clause: OHKO moves are banned
|rule|Evasion Items Clause: Evasion items are banned
|rule|Evasion Moves Clause: Evasion moves are banned
|rule|Evasion Abilities Clause: Evasion abilities are banned
|rule|Sleep Moves Clause: Sleep-inducing moves are banned
|clearpoke
|poke|p1|Decidueye, M|
|poke|p1|Haxorus, M|
|poke|p1|Iron Moth|
|poke|p1|Ninetales-Alola, F|
|poke|p1|Great Tusk|
|poke|p1|Ribombee, F|
|poke|p2|Pelipper, M|
|poke|p2|Greninja-*, M|
|poke|p2|Basculegion, M|
|poke|p2|Zapdos|
|poke|p2|Sandy Shocks|
|poke|p2|Scizor, M|
|teampreview
|inactive|Battle timer is ON: inactive players will automatically lose when time's up. (requested by ssss umeno)
|
|t:|1758982353
|teamsize|p1|6
|teamsize|p2|6
|start
|switch|p1a: Fairy|Ribombee, F, shiny|100/100
|switch|p2a: Sandy Shocks|Sandy Shocks|100/100
|-enditem|p2a: Sandy Shocks|Booster Energy
|-activate|p2a: Sandy Shocks|ability: Protosynthesis|[fromitem]
|-start|p2a: Sandy Shocks|protosynthesisspe
|turn|1
|
|t:|1758982360
|move|p2a: Sandy Shocks|Stealth Rock|p1a: Fairy
|-sidestart|p1: fllynnthe7th|move: Stealth Rock
|move|p1a: Fairy|Sticky Web|p2a: Sandy Shocks
|-sidestart|p2: ssss umeno|move: Sticky Web
|
|upkeep
|turn|2
|
|t:|1758982367
|move|p2a: Sandy Shocks|Earth Power|p1a: Fairy
|-resisted|p1a: Fairy
|-damage|p1a: Fairy|64/100
|move|p1a: Fairy|Psychic Noise|p2a: Sandy Shocks
|-damage|p2a: Sandy Shocks|74/100
|-start|p2a: Sandy Shocks|move: Heal Block
|
|upkeep
|turn|3
|
|t:|1758982375
|move|p2a: Sandy Shocks|Earth Power|p1a: Fairy
|-resisted|p1a: Fairy
|-damage|p1a: Fairy|27/100
|move|p1a: Fairy|Moonblast|p2a: Sandy Shocks
|-damage|p2a: Sandy Shocks|27/100
|
|-end|p2a: Sandy Shocks|move: Heal Block
|upkeep
|turn|4
|
|t:|1758982386
|move|p2a: Sandy Shocks|Earth Power|p1a: Fairy
|-resisted|p1a: Fairy
|-damage|p1a: Fairy|0 fnt
|faint|p1a: Fairy
|
|upkeep
|
|t:|1758982392
|switch|p1a: Ganes|Great Tusk, shiny|100/100
|-damage|p1a: Ganes|98/100|[from] Stealth Rock
|turn|5
|
|t:|1758982410
|move|p2a: Sandy Shocks|Earth Power|p1a: Ganes
|-damage|p1a: Ganes|45/100
|move|p1a: Ganes|Rapid Spin|p2a: Sandy Shocks
|-damage|p2a: Sandy Shocks|12/100
|-boost|p1a: Ganes|spe|1
|-sideend|p1: fllynnthe7th|Stealth Rock|[from] move: Rapid Spin|[of] p1a: Ganes
|
|upkeep
|turn|6
|
|t:|1758982417
|move|p2a: Sandy Shocks|Earth Power|p1a: Ganes
|-damage|p1a: Ganes|0 fnt
|faint|p1a: Ganes
|-end|p1a: Ganes|Protosynthesis|[silent]
|
|upkeep
|
|t:|1758982421
|switch|p1a: Druid|Decidueye, M, shiny|100/100
|turn|7
|
|t:|1758982446
|move|p1a: Druid|Shadow Sneak|p2a: Sandy Shocks
|-damage|p2a: Sandy Shocks|0 fnt
|faint|p2a: Sandy Shocks
|-end|p2a: Sandy Shocks|Protosynthesis|[silent]
|-damage|p1a: Druid|91/100|[from] item: Life Orb
|
|upkeep
|
|t:|1758982456
|switch|p2a: Scizor|Scizor, M|100/100
|-activate|p2a: Scizor|move: Sticky Web
|-unboost|p2a: Scizor|spe|1
|turn|8
|
|t:|1758982462
|-terastallize|p1a: Druid|Dark
|move|p1a: Druid|Swords Dance|p1a: Druid
|-boost|p1a: Druid|atk|2
|move|p2a: Scizor|U-turn|p1a: Druid
|-supereffective|p1a: Druid
|-damage|p1a: Druid|0 fnt
|faint|p1a: Druid
|-message|fllynnthe7th forfeited.
|
|win|ssss umeno
|raw|fllynnthe7th's rating: 1185 &rarr; <strong>1160</strong><br />(-25 for losing)
|raw|ssss umeno's rating: 1184 &rarr; <strong>1209</strong><br />(+25 for winning)
|l|☆fllynnthe7th
|player|p1|
|l|☆ssss umeno
|player|p2|
