|j|☆Sagazinha
|j|☆jrg123
|t:|1759072463
|gametype|singles
|player|p1|Sagazinha|#ptplvidazzlingdiancies|1590
|player|p2|jrg123|102|1542
|gen|9
|tier|[Gen 9] OU
|rated|
|rule|HP Percentage Mod: HP is shown in percentages
|rule|Endless Battle Clause: Forcing endless battles is banned
|rule|Species Clause: Limit one of each Pokémon
|rule|OHKO Clause: OHKO moves are banned
|rule|Evasion Items Clause: Evasion items are banned
|rule|Evasion Moves Clause: Evasion moves are banned
|rule|Evasion Abilities Clause: Evasion abilities are banned
|rule|Sleep Moves Clause: Sleep-inducing moves are banned
|clearpoke
|poke|p1|Great Tusk|
|poke|p1|Kingambit, F|
|poke|p1|Iron Valiant|
|poke|p1|Pecharunt|
|poke|p1|Araquanid, M|
|poke|p1|Moltres-Galar|
|poke|p2|Kyurem|
|poke|p2|Corviknight, M|
|poke|p2|Ting-Lu|
|poke|p2|Dondozo, M|
|poke|p2|Slowking-Galar, L99, F|
|poke|p2|Cinderace, M|
|teampreview
|inactive|Battle timer is ON: inactive players will automatically lose when time's up. (requested by Sagazinha)
|
|t:|1759072473
|teamsize|p1|6
|teamsize|p2|6
|start
|switch|p1a: DENIAL IS A RIVER|Araquanid, M|100/100
|switch|p2a: Kyurem|Kyurem|100/100
|-ability|p2a: Kyurem|Pressure
|turn|1
|
|t:|1759072479
|move|p2a: Kyurem|Substitute|p2a: Kyurem
|-start|p2a: Kyurem|Substitute
|-damage|p2a: Kyurem|75/100
|move|p1a: DENIAL IS A RIVER|Sticky Web|p2a: Kyurem
|-sidestart|p2: jrg123|move: Sticky Web
|
|-heal|p2a: Kyurem|82/100|[from] item: Leftovers
|upkeep
|turn|2
|c|☆jrg123|ARE YOU A YOUTUBER
|
|t:|1759072486
|move|p2a: Kyurem|Freeze-Dry|p1a: DENIAL IS A RIVER
|-supereffective|p1a: DENIAL IS A RIVER
|-damage|p1a: DENIAL IS A RIVER|48/100
|move|p1a: DENIAL IS A RIVER|Surf|p2a: Kyurem
|-resisted|p2a: Kyurem
|-activate|p2a: Kyurem|move: Substitute|[damage]
|
|-heal|p2a: Kyurem|88/100|[from] item: Leftovers
|upkeep
|turn|3
|c|☆Sagazinha|yes
|j| CDCS3 Junho
|c| CDCS3 Junho|OMG
|c| CDCS3 Junho|IS SAGAZ
|c|☆jrg123|WHAT IS YOUR YOUTUBER ACCOUNT
|
|t:|1759072503
|move|p2a: Kyurem|Freeze-Dry|p1a: DENIAL IS A RIVER
|-supereffective|p1a: DENIAL IS A RIVER
|-damage|p1a: DENIAL IS A RIVER|0 fnt
|faint|p1a: DENIAL IS A RIVER
|
|-heal|p2a: Kyurem|94/100|[from] item: Leftovers
|upkeep
|c|☆Sagazinha|OtaviioLDC on youtube
|c| CDCS3 Junho|give me an autograph pls
|inactive|Sagazinha has 120 seconds left.
|c|☆jrg123|I DONT KNOW OF THAT ACCOUNT
|
|t:|1759072544
|switch|p1a: Pro Freak|Kingambit, F, shiny|100/100
|-activate|p1a: Pro Freak|ability: Supreme Overlord
|-start|p1a: Pro Freak|fallen1|[silent]
|-item|p1a: Pro Freak|Air Balloon
|turn|4
|
|t:|1759072554
|move|p2a: Kyurem|Freeze-Dry|p1a: Pro Freak
|-resisted|p1a: Pro Freak
|-damage|p1a: Pro Freak|81/100
|-enditem|p1a: Pro Freak|Air Balloon
|move|p1a: Pro Freak|Iron Head|p2a: Kyurem
|-supereffective|p2a: Kyurem
|-end|p2a: Kyurem|Substitute
|
|-heal|p2a: Kyurem|99/100|[from] item: Leftovers
|upkeep
|turn|5
|
|t:|1759072562
|-terastallize|p2a: Kyurem|Ground
|move|p2a: Kyurem|Earth Power|p1a: Pro Freak
|-supereffective|p1a: Pro Freak
|-damage|p1a: Pro Freak|0 fnt
|faint|p1a: Pro Freak
|-end|p1a: Pro Freak|fallen1|[silent]
|
|-heal|p2a: Kyurem|100/100|[from] item: Leftovers
|upkeep
|inactive|Sagazinha has 120 seconds left.
|
|t:|1759072587
|switch|p1a: BOILED PEANUTS|Great Tusk|100/100
|-enditem|p1a: BOILED PEANUTS|Booster Energy
|-activate|p1a: BOILED PEANUTS|ability: Protosynthesis|[fromitem]
|-start|p1a: BOILED PEANUTS|protosynthesisatk
|turn|6
|
|t:|1759072594
|-terastallize|p1a: BOILED PEANUTS|Fighting
|move|p2a: Kyurem|Substitute|p2a: Kyurem
|-start|p2a: Kyurem|Substitute
|-damage|p2a: Kyurem|75/100
|move|p1a: BOILED PEANUTS|Close Combat|p2a: Kyurem
|-end|p2a: Kyurem|Substitute
|-unboost|p1a: BOILED PEANUTS|def|1
|-unboost|p1a: BOILED PEANUTS|spd|1
|
|-heal|p2a: Kyurem|82/100|[from] item: Leftovers
|upkeep
|turn|7
|
|t:|1759072605
|move|p2a: Kyurem|Protect|p2a: Kyurem
|-singleturn|p2a: Kyurem|Protect
|move|p1a: BOILED PEANUTS|Rapid Spin|p2a: Kyurem
|-activate|p2a: Kyurem|move: Protect
|
|-heal|p2a: Kyurem|88/100|[from] item: Leftovers
|upkeep
|turn|8
|inactive|Sagazinha has 120 seconds left.
|
|t:|1759072640
|-end|p1a: BOILED PEANUTS|Protosynthesis|[silent]
|switch|p1a: Black Girl Memoir|Pecharunt|100/100
|-item|p1a: Black Girl Memoir|Air Balloon
|move|p2a: Kyurem|Substitute|p2a: Kyurem
|-start|p2a: Kyurem|Substitute
|-damage|p2a: Kyurem|63/100
|
|-heal|p2a: Kyurem|69/100|[from] item: Leftovers
|upkeep
|turn|9
|c|☆jrg123|LOL
|
|t:|1759072648
|move|p2a: Kyurem|Protect|p2a: Kyurem
|-singleturn|p2a: Kyurem|Protect
|move|p1a: Black Girl Memoir|Shadow Ball|p2a: Kyurem
|-activate|p2a: Kyurem|move: Protect
|
|-heal|p2a: Kyurem|75/100|[from] item: Leftovers
|upkeep
|turn|10
|
|t:|1759072653
|move|p2a: Kyurem|Freeze-Dry|p1a: Black Girl Memoir
|-crit|p1a: Black Girl Memoir
|-damage|p1a: Black Girl Memoir|46/100
|-enditem|p1a: Black Girl Memoir|Air Balloon
|move|p1a: Black Girl Memoir|Shadow Ball|p2a: Kyurem
|-activate|p2a: Kyurem|move: Substitute|[damage]
|
|-heal|p2a: Kyurem|81/100|[from] item: Leftovers
|upkeep
|turn|11
|
|t:|1759072661
|move|p2a: Kyurem|Freeze-Dry|p1a: Black Girl Memoir
|-damage|p1a: Black Girl Memoir|8/100
|move|p1a: Black Girl Memoir|Shadow Ball|p2a: Kyurem
|-end|p2a: Kyurem|Substitute
|
|-heal|p2a: Kyurem|88/100|[from] item: Leftovers
|upkeep
|turn|12
|
|t:|1759072665
|move|p2a: Kyurem|Substitute|p2a: Kyurem
|-start|p2a: Kyurem|Substitute
|-damage|p2a: Kyurem|63/100
|move|p1a: Black Girl Memoir|Shadow Ball|p2a: Kyurem
|-activate|p2a: Kyurem|move: Substitute|[damage]
|
|-heal|p2a: Kyurem|69/100|[from] item: Leftovers
|upkeep
|turn|13
|
|t:|1759072671
|move|p2a: Kyurem|Freeze-Dry|p1a: Black Girl Memoir
|-damage|p1a: Black Girl Memoir|0 fnt
|faint|p1a: Black Girl Memoir
|
|-heal|p2a: Kyurem|75/100|[from] item: Leftovers
|upkeep
|
|t:|1759072677
|switch|p1a: BOILED PEANUTS|Great Tusk, tera:Fighting|100/100
|turn|14
|
|t:|1759072684
|move|p2a: Kyurem|Earth Power|p1a: BOILED PEANUTS
|-damage|p1a: BOILED PEANUTS|33/100
|-unboost|p1a: BOILED PEANUTS|spd|1
|move|p1a: BOILED PEANUTS|Rapid Spin|p2a: Kyurem
|-end|p2a: Kyurem|Substitute
|-boost|p1a: BOILED PEANUTS|spe|1
|
|-heal|p2a: Kyurem|81/100|[from] item: Leftovers
|upkeep
|turn|15
|
|t:|1759072692
|switch|p2a: Corviknight|Corviknight, M|100/100
|-ability|p2a: Corviknight|Pressure
|move|p1a: BOILED PEANUTS|Close Combat|p2a: Corviknight
|-damage|p2a: Corviknight|46/100
|-unboost|p1a: BOILED PEANUTS|def|1
|-unboost|p1a: BOILED PEANUTS|spd|1
|-damage|p1a: BOILED PEANUTS|17/100|[from] item: Rocky Helmet|[of] p2a: Corviknight
|
|upkeep
|turn|16
|
|t:|1759072710
|move|p1a: BOILED PEANUTS|Close Combat|p2a: Corviknight
|-damage|p2a: Corviknight|0 fnt
|-unboost|p1a: BOILED PEANUTS|def|1
|-unboost|p1a: BOILED PEANUTS|spd|1
|-damage|p1a: BOILED PEANUTS|0 fnt|[from] item: Rocky Helmet|[of] p2a: Corviknight
|faint|p2a: Corviknight
|faint|p1a: BOILED PEANUTS
|-end|p1a: BOILED PEANUTS|Protosynthesis|[silent]
|
|upkeep
|
|t:|1759072722
|switch|p1a: FIREFLIES|Moltres-Galar|100/100
|switch|p2a: Slowking|Slowking-Galar, L99, F|100/100
|turn|17
|
|t:|1759072725
|move|p1a: FIREFLIES|Taunt|p2a: Slowking
|-start|p2a: Slowking|move: Taunt
|cant|p2a: Slowking|move: Taunt|Toxic
|
|upkeep
|turn|18
|
|t:|1759072728
|move|p1a: FIREFLIES|Nasty Plot|p1a: FIREFLIES
|-boost|p1a: FIREFLIES|spa|2
|move|p2a: Slowking|Sludge Bomb|p1a: FIREFLIES
|-damage|p1a: FIREFLIES|77/100
|
|upkeep
|turn|19
|
|t:|1759072735
|move|p1a: FIREFLIES|Fiery Wrath|p2a: Slowking
|-supereffective|p2a: Slowking
|-damage|p2a: Slowking|11/100
|cant|p2a: Slowking|flinch
|
|-end|p2a: Slowking|move: Taunt
|upkeep
|turn|20
|
|t:|1759072740
|move|p1a: FIREFLIES|Fiery Wrath|p2a: Slowking
|-supereffective|p2a: Slowking
|-damage|p2a: Slowking|0 fnt
|faint|p2a: Slowking
|
|upkeep
|
|t:|1759072746
|switch|p2a: Cinderace|Cinderace, M|100/100
|turn|21
|
|t:|1759072753
|move|p2a: Cinderace|Court Change|p2a: Cinderace
|-swapsideconditions
|-activate|p2a: Cinderace|move: Court Change
|move|p1a: FIREFLIES|Hurricane|p2a: Cinderace
|-damage|p2a: Cinderace|0 fnt
|faint|p2a: Cinderace
|
|upkeep
|l| CDCS3 Junho
|
|t:|1759072761
|switch|p2a: Ting-Lu|Ting-Lu|100/100
|-ability|p2a: Ting-Lu|Vessel of Ruin
|turn|22
|
|t:|1759072766
|move|p1a: FIREFLIES|Taunt|p2a: Ting-Lu
|-start|p2a: Ting-Lu|move: Taunt
|move|p2a: Ting-Lu|Payback|p1a: FIREFLIES
|-resisted|p1a: FIREFLIES
|-damage|p1a: FIREFLIES|57/100
|
|upkeep
|turn|23
|
|t:|1759072771
|move|p1a: FIREFLIES|Hurricane|p2a: Ting-Lu
|-damage|p2a: Ting-Lu|63/100
|-start|p2a: Ting-Lu|confusion
|-activate|p2a: Ting-Lu|confusion
|-damage|p2a: Ting-Lu|58/100|[from] confusion
|
|-heal|p2a: Ting-Lu|64/100|[from] item: Leftovers
|upkeep
|turn|24
|
|t:|1759072776
|move|p1a: FIREFLIES|Hurricane|p2a: Ting-Lu
|-damage|p2a: Ting-Lu|25/100
|-activate|p2a: Ting-Lu|confusion
|move|p2a: Ting-Lu|Payback|p1a: FIREFLIES
|-resisted|p1a: FIREFLIES
|-damage|p1a: FIREFLIES|38/100
|-ability|p1a: FIREFLIES|Berserk|boost
|-boost|p1a: FIREFLIES|spa|1
|-enditem|p1a: FIREFLIES|Sitrus Berry|[eat]
|-heal|p1a: FIREFLIES|63/100|[from] item: Sitrus Berry
|
|-heal|p2a: Ting-Lu|31/100|[from] item: Leftovers
|-end|p2a: Ting-Lu|move: Taunt
|upkeep
|turn|25
|
|t:|1759072779
|move|p1a: FIREFLIES|Hurricane|p2a: Ting-Lu
|-damage|p2a: Ting-Lu|0 fnt
|faint|p2a: Ting-Lu
|
|upkeep
|
|t:|1759072788
|switch|p2a: Kyurem|Kyurem, tera:Ground|81/100
|-ability|p2a: Kyurem|Pressure
|turn|26
|
|t:|1759072798
|move|p2a: Kyurem|Substitute|p2a: Kyurem
|-start|p2a: Kyurem|Substitute
|-damage|p2a: Kyurem|56/100
|move|p1a: FIREFLIES|Fiery Wrath|p2a: Kyurem
|-end|p2a: Kyurem|Substitute
|
|-heal|p2a: Kyurem|62/100|[from] item: Leftovers
|upkeep
|turn|27
|
|t:|1759072801
|move|p2a: Kyurem|Protect|p2a: Kyurem
|-singleturn|p2a: Kyurem|Protect
|move|p1a: FIREFLIES|Fiery Wrath|p2a: Kyurem
|-activate|p2a: Kyurem|move: Protect
|
|-heal|p2a: Kyurem|69/100|[from] item: Leftovers
|upkeep
|turn|28
|
|t:|1759072805
|move|p2a: Kyurem|Substitute|p2a: Kyurem
|-start|p2a: Kyurem|Substitute
|-damage|p2a: Kyurem|44/100
|move|p1a: FIREFLIES|Fiery Wrath|p2a: Kyurem
|-end|p2a: Kyurem|Substitute
|
|-heal|p2a: Kyurem|50/100|[from] item: Leftovers
|upkeep
|turn|29
|
|t:|1759072810
|move|p2a: Kyurem|Substitute|p2a: Kyurem
|-start|p2a: Kyurem|Substitute
|-damage|p2a: Kyurem|25/100
|move|p1a: FIREFLIES|Nasty Plot|p1a: FIREFLIES
|-boost|p1a: FIREFLIES|spa|2
|
|-heal|p2a: Kyurem|31/100|[from] item: Leftovers
|upkeep
|turn|30
|
|t:|1759072815
|move|p2a: Kyurem|Freeze-Dry|p1a: FIREFLIES
|-supereffective|p1a: FIREFLIES
|-damage|p1a: FIREFLIES|12/100
|-status|p1a: FIREFLIES|frz
|-ability|p1a: FIREFLIES|Berserk|boost
|-boost|p1a: FIREFLIES|spa|1
|cant|p1a: FIREFLIES|frz
|
|-heal|p2a: Kyurem|37/100|[from] item: Leftovers
|upkeep
|turn|31
|
|t:|1759072825
|move|p2a: Kyurem|Freeze-Dry|p1a: FIREFLIES
|-supereffective|p1a: FIREFLIES
|-damage|p1a: FIREFLIES|0 fnt
|faint|p1a: FIREFLIES
|
|-heal|p2a: Kyurem|43/100|[from] item: Leftovers
|upkeep
|
|t:|1759072827
|switch|p1a: Alter Ego|Iron Valiant|100/100
|-activate|p1a: Alter Ego|move: Sticky Web
|-unboost|p1a: Alter Ego|spe|1
|-enditem|p1a: Alter Ego|Booster Energy
|-activate|p1a: Alter Ego|ability: Quark Drive|[fromitem]
|-start|p1a: Alter Ego|quarkdrivespa
|turn|32
|
|t:|1759072832
|move|p2a: Kyurem|Earth Power|p1a: Alter Ego
|-damage|p1a: Alter Ego|13/100
|move|p1a: Alter Ego|Moonblast|p2a: Kyurem
|-end|p2a: Kyurem|Substitute
|
|-heal|p2a: Kyurem|50/100|[from] item: Leftovers
|upkeep
|turn|33
|
|t:|1759072839
|move|p1a: Alter Ego|Vacuum Wave|p2a: Kyurem
|-damage|p2a: Kyurem|23/100
|move|p2a: Kyurem|Freeze-Dry|p1a: Alter Ego
|-damage|p1a: Alter Ego|0 fnt
|faint|p1a: Alter Ego
|-end|p1a: Alter Ego|Quark Drive|[silent]
|
|win|jrg123
|raw|Sagazinha's rating: 1590 &rarr; <strong>1567</strong><br />(-23 for losing)
|raw|jrg123's rating: 1542 &rarr; <strong>1565</strong><br />(+23 for winning)
|l|☆jrg123
|player|p2|
|c|☆Sagazinha|gg
|l|☆Sagazinha
|player|p1|
