|j|☆Ballingice
|j|☆metakni
|t:|1759070444
|gametype|singles
|player|p1|Ballingice|1|1428
|player|p2|metakni|hiker-gen4|1416
|gen|9
|tier|[Gen 9] OU
|rated|
|rule|HP Percentage Mod: HP is shown in percentages
|rule|Endless Battle Clause: Forcing endless battles is banned
|rule|Species Clause: Limit one of each Pokémon
|rule|OHKO Clause: OHKO moves are banned
|rule|Evasion Items Clause: Evasion items are banned
|rule|Evasion Moves Clause: Evasion moves are banned
|rule|Evasion Abilities Clause: Evasion abilities are banned
|rule|Sleep Moves Clause: Sleep-inducing moves are banned
|clearpoke
|poke|p1|Scizor, F|
|poke|p1|Primarina, F|
|poke|p1|Dragonite, M|
|poke|p1|Ting-Lu|
|poke|p1|Kyurem|
|poke|p1|Deoxys-Speed|
|poke|p2|Torterra, M|
|poke|p2|Slowking, F|
|poke|p2|Skeledirge, F|
|poke|p2|Kingambit, M|
|poke|p2|Kyurem|
|poke|p2|Great Tusk|
|teampreview
|inactive|Battle timer is ON: inactive players will automatically lose when time's up. (requested by metakni)
|
|t:|1759070461
|teamsize|p1|6
|teamsize|p2|6
|start
|switch|p1a: Scizor|Scizor, F|100/100
|switch|p2a: Céline|Skeledirge, F|100/100
|turn|1
|
|t:|1759070472
|switch|p1a: Ting-Lu|Ting-Lu|100/100
|-ability|p1a: Ting-Lu|Vessel of Ruin
|move|p2a: Céline|Will-O-Wisp|p1a: Ting-Lu
|-status|p1a: Ting-Lu|brn
|
|-damage|p1a: Ting-Lu|94/100 brn|[from] brn
|upkeep
|turn|2
|
|t:|1759070483
|move|p2a: Céline|Torch Song|p1a: Ting-Lu
|-damage|p1a: Ting-Lu|83/100 brn
|-boost|p2a: Céline|spa|1
|move|p1a: Ting-Lu|Stealth Rock|p2a: Céline
|-sidestart|p2: metakni|move: Stealth Rock
|
|-heal|p1a: Ting-Lu|89/100 brn|[from] item: Leftovers
|-damage|p1a: Ting-Lu|83/100 brn|[from] brn
|upkeep
|turn|3
|
|t:|1759070493
|move|p2a: Céline|Torch Song|p1a: Ting-Lu
|-damage|p1a: Ting-Lu|63/100 brn
|-boost|p2a: Céline|spa|1
|move|p1a: Ting-Lu|Ruination|p2a: Céline
|-damage|p2a: Céline|51/100
|
|-heal|p1a: Ting-Lu|70/100 brn|[from] item: Leftovers
|-damage|p1a: Ting-Lu|63/100 brn|[from] brn
|upkeep
|turn|4
|
|t:|1759070502
|move|p2a: Céline|Torch Song|p1a: Ting-Lu
|-damage|p1a: Ting-Lu|40/100 brn
|-boost|p2a: Céline|spa|1
|move|p1a: Ting-Lu|Spikes|p2a: Céline
|-sidestart|p2: metakni|Spikes
|
|-heal|p1a: Ting-Lu|47/100 brn|[from] item: Leftovers
|-damage|p1a: Ting-Lu|40/100 brn|[from] brn
|upkeep
|turn|5
|
|t:|1759070511
|move|p2a: Céline|Torch Song|p1a: Ting-Lu
|-damage|p1a: Ting-Lu|8/100 brn
|-boost|p2a: Céline|spa|1
|move|p1a: Ting-Lu|Spikes|p2a: Céline
|-sidestart|p2: metakni|Spikes
|
|-heal|p1a: Ting-Lu|14/100 brn|[from] item: Leftovers
|-damage|p1a: Ting-Lu|8/100 brn|[from] brn
|upkeep
|turn|6
|
|t:|1759070520
|move|p2a: Céline|Hex|p1a: Ting-Lu
|-resisted|p1a: Ting-Lu
|-damage|p1a: Ting-Lu|0 fnt
|faint|p1a: Ting-Lu
|
|upkeep
|
|t:|1759070533
|switch|p1a: Primarina|Primarina, F|100/100
|turn|7
|
|t:|1759070546
|switch|p2a: Baie St-Paul|Slowking, F|100/100
|-damage|p2a: Baie St-Paul|88/100|[from] Stealth Rock
|-damage|p2a: Baie St-Paul|72/100|[from] Spikes
|move|p1a: Primarina|Psychic Noise|p2a: Baie St-Paul
|-resisted|p2a: Baie St-Paul
|-damage|p2a: Baie St-Paul|59/100
|-start|p2a: Baie St-Paul|move: Heal Block
|
|upkeep
|turn|8
|
|t:|1759070557
|move|p1a: Primarina|Moonblast|p2a: Baie St-Paul
|-damage|p2a: Baie St-Paul|30/100
|-unboost|p2a: Baie St-Paul|spa|1
|-prepare|p2a: Baie St-Paul|Chilly Reception|[premajor]
|move|p2a: Baie St-Paul|Chilly Reception|p2a: Baie St-Paul
|-weather|Snowscape
|
|t:|1759070576
|switch|p2a: Sébastien CoRhino|Great Tusk|100/100|[from] Chilly Reception
|
|-weather|Snowscape|[upkeep]
|upkeep
|turn|9
|
|t:|1759070584
|-terastallize|p2a: Sébastien CoRhino|Steel
|move|p2a: Sébastien CoRhino|Rapid Spin|p1a: Primarina
|-damage|p1a: Primarina|79/100
|-boost|p2a: Sébastien CoRhino|spe|1
|-sideend|p2: metakni|Spikes|[from] move: Rapid Spin|[of] p2a: Sébastien CoRhino
|-sideend|p2: metakni|Stealth Rock|[from] move: Rapid Spin|[of] p2a: Sébastien CoRhino
|move|p1a: Primarina|Moonblast|p2a: Sébastien CoRhino
|-resisted|p2a: Sébastien CoRhino
|-damage|p2a: Sébastien CoRhino|60/100
|
|-weather|Snowscape|[upkeep]
|upkeep
|turn|10
|
|t:|1759070594
|move|p2a: Sébastien CoRhino|Headlong Rush|p1a: Primarina
|-damage|p1a: Primarina|8/100
|-unboost|p2a: Sébastien CoRhino|def|1
|-unboost|p2a: Sébastien CoRhino|spd|1
|move|p1a: Primarina|Psychic Noise|p2a: Sébastien CoRhino
|-damage|p2a: Sébastien CoRhino|0 fnt
|faint|p2a: Sébastien CoRhino
|-end|p2a: Sébastien CoRhino|Protosynthesis|[silent]
|
|-weather|Snowscape|[upkeep]
|upkeep
|
|t:|1759070606
|switch|p2a: Hiver|Kyurem, shiny|100/100
|-ability|p2a: Hiver|Pressure
|turn|11
|
|t:|1759070624
|move|p2a: Hiver|Earth Power|p1a: Primarina
|-damage|p1a: Primarina|0 fnt
|faint|p1a: Primarina
|
|-weather|Snowscape|[upkeep]
|upkeep
|
|t:|1759070628
|switch|p1a: Scizor|Scizor, F|100/100
|turn|12
|
|t:|1759070651
|switch|p2a: Céline|Skeledirge, F|51/100
|move|p1a: Scizor|U-turn|p2a: Céline
|-resisted|p2a: Céline
|-crit|p2a: Céline
|-damage|p2a: Céline|37/100
|
|t:|1759070673
|switch|p1a: Deoxys|Deoxys-Speed|100/100|[from] U-turn
|-ability|p1a: Deoxys|Pressure
|
|-weather|none
|upkeep
|turn|13
|
|t:|1759070682
|move|p1a: Deoxys|Psycho Boost|p2a: Céline|[miss]
|-miss|p1a: Deoxys|p2a: Céline
|move|p2a: Céline|Slack Off|p2a: Céline
|-heal|p2a: Céline|87/100
|
|upkeep
|turn|14
|
|t:|1759070691
|move|p1a: Deoxys|Psycho Boost|p2a: Céline
|-damage|p2a: Céline|0 fnt
|-unboost|p1a: Deoxys|spa|2
|faint|p2a: Céline
|
|upkeep
|inactive|metakni has 120 seconds left.
|
|t:|1759070717
|switch|p2a: Hiver|Kyurem, shiny|100/100
|-ability|p2a: Hiver|Pressure
|turn|15
|
|t:|1759070725
|switch|p1a: Scizor|Scizor, F|100/100
|move|p2a: Hiver|Draco Meteor|p1a: Scizor|[miss]
|-miss|p2a: Hiver|p1a: Scizor
|
|upkeep
|turn|16
|
|t:|1759070740
|move|p2a: Hiver|Draco Meteor|p1a: Scizor
|-resisted|p1a: Scizor
|-damage|p1a: Scizor|38/100
|-unboost|p2a: Hiver|spa|2
|move|p1a: Scizor|Iron Head|p2a: Hiver
|-supereffective|p2a: Hiver
|-damage|p2a: Hiver|0 fnt
|faint|p2a: Hiver
|
|upkeep
|inactive|metakni has 120 seconds left.
|
|t:|1759070760
|switch|p2a: Benjamin|Torterra, M|100/100
|turn|17
|
|t:|1759070768
|move|p2a: Benjamin|Shell Smash|p2a: Benjamin
|-unboost|p2a: Benjamin|def|1
|-unboost|p2a: Benjamin|spd|1
|-boost|p2a: Benjamin|atk|2
|-boost|p2a: Benjamin|spa|2
|-boost|p2a: Benjamin|spe|2
|move|p1a: Scizor|Iron Head|p2a: Benjamin
|-damage|p2a: Benjamin|0 fnt
|faint|p2a: Benjamin
|
|upkeep
|
|t:|1759070777
|switch|p2a: Roi du gambit|Kingambit, M|100/100
|-activate|p2a: Roi du gambit|ability: Supreme Overlord
|-start|p2a: Roi du gambit|fallen4|[silent]
|turn|18
|inactive|metakni has 120 seconds left.
|
|t:|1759070783
|switch|p1a: Dragonite|Dragonite, M|100/100
|move|p2a: Roi du gambit|Swords Dance|p2a: Roi du gambit
|-boost|p2a: Roi du gambit|atk|2
|
|upkeep
|turn|19
|
|t:|1759070791
|move|p2a: Roi du gambit|Kowtow Cleave|p1a: Dragonite
|-damage|p1a: Dragonite|52/100
|move|p1a: Dragonite|Dragon Tail|p2a: Roi du gambit
|-resisted|p2a: Roi du gambit
|-damage|p2a: Roi du gambit|92/100
|-end|p2a: Roi du gambit|fallen4|[silent]
|drag|p2a: Baie St-Paul|Slowking, F|63/100
|
|-heal|p2a: Baie St-Paul|69/100|[from] item: Leftovers
|upkeep
|turn|20
|
|t:|1759070803
|move|p1a: Dragonite|Roost|p1a: Dragonite
|-heal|p1a: Dragonite|100/100
|-singleturn|p1a: Dragonite|move: Roost
|move|p2a: Baie St-Paul|Future Sight|p1a: Dragonite
|-start|p2a: Baie St-Paul|move: Future Sight
|
|-heal|p2a: Baie St-Paul|75/100|[from] item: Leftovers
|upkeep
|turn|21
|
|t:|1759070810
|switch|p1a: Scizor|Scizor, F|38/100
|move|p2a: Baie St-Paul|Scald|p1a: Scizor
|-damage|p1a: Scizor|4/100
|
|-heal|p2a: Baie St-Paul|81/100|[from] item: Leftovers
|upkeep
|turn|22
|
|t:|1759070820
|move|p1a: Scizor|U-turn|p2a: Baie St-Paul
|-supereffective|p2a: Baie St-Paul
|-damage|p2a: Baie St-Paul|0 fnt
|faint|p2a: Baie St-Paul
|
|t:|1759070825
|switch|p1a: Deoxys|Deoxys-Speed|100/100|[from] U-turn
|-ability|p1a: Deoxys|Pressure
|
|-end|p1a: Deoxys|move: Future Sight
|-resisted|p1a: Deoxys
|-damage|p1a: Deoxys|68/100
|upkeep
|
|t:|1759070832
|switch|p2a: Roi du gambit|Kingambit, M|92/100
|-activate|p2a: Roi du gambit|ability: Supreme Overlord
|-start|p2a: Roi du gambit|fallen5|[silent]
|turn|23
|
|t:|1759070840
|move|p2a: Roi du gambit|Sucker Punch|p1a: Deoxys
|-supereffective|p1a: Deoxys
|-damage|p1a: Deoxys|0 fnt
|faint|p1a: Deoxys
|
|-heal|p2a: Roi du gambit|98/100|[from] item: Leftovers
|upkeep
|
|t:|1759070844
|switch|p1a: Kyurem|Kyurem|100/100
|-ability|p1a: Kyurem|Pressure
|turn|24
|
|t:|1759070854
|-terastallize|p1a: Kyurem|Fire
|move|p1a: Kyurem|Tera Blast|p2a: Roi du gambit|[anim] Tera Blast Fire
|-supereffective|p2a: Roi du gambit
|-damage|p2a: Roi du gambit|33/100
|move|p2a: Roi du gambit|Low Kick|p1a: Kyurem
|-damage|p1a: Kyurem|19/100
|
|-heal|p2a: Roi du gambit|40/100|[from] item: Leftovers
|upkeep
|turn|25
|
|t:|1759070864
|move|p2a: Roi du gambit|Sucker Punch|p1a: Kyurem
|-damage|p1a: Kyurem|0 fnt
|faint|p1a: Kyurem
|
|-heal|p2a: Roi du gambit|46/100|[from] item: Leftovers
|upkeep
|
|t:|1759070866
|switch|p1a: Scizor|Scizor, F|4/100
|turn|26
|
|t:|1759070872
|move|p1a: Scizor|Bullet Punch|p2a: Roi du gambit
|-resisted|p2a: Roi du gambit
|-damage|p2a: Roi du gambit|26/100
|move|p2a: Roi du gambit|Sucker Punch||[still]
|-fail|p2a: Roi du gambit
|
|-heal|p2a: Roi du gambit|32/100|[from] item: Leftovers
|upkeep
|turn|27
|
|t:|1759070880
|move|p1a: Scizor|Bullet Punch|p2a: Roi du gambit
|-resisted|p2a: Roi du gambit
|-damage|p2a: Roi du gambit|14/100
|move|p2a: Roi du gambit|Kowtow Cleave|p1a: Scizor
|-damage|p1a: Scizor|0 fnt
|faint|p1a: Scizor
|
|-heal|p2a: Roi du gambit|20/100|[from] item: Leftovers
|upkeep
|
|t:|1759070887
|switch|p1a: Dragonite|Dragonite, M|100/100
|turn|28
|
|t:|1759070894
|move|p1a: Dragonite|Hurricane|p2a: Roi du gambit
|-resisted|p2a: Roi du gambit
|-damage|p2a: Roi du gambit|1/100
|move|p2a: Roi du gambit|Kowtow Cleave|p1a: Dragonite
|-damage|p1a: Dragonite|76/100
|
|-heal|p2a: Roi du gambit|8/100|[from] item: Leftovers
|upkeep
|turn|29
|
|t:|1759070902
|move|p2a: Roi du gambit|Sucker Punch||[still]
|-fail|p2a: Roi du gambit
|move|p1a: Dragonite|Roost|p1a: Dragonite
|-heal|p1a: Dragonite|100/100
|-singleturn|p1a: Dragonite|move: Roost
|
|-heal|p2a: Roi du gambit|14/100|[from] item: Leftovers
|upkeep
|turn|30
|
|t:|1759070910
|move|p1a: Dragonite|Hurricane|p2a: Roi du gambit|[miss]
|-miss|p1a: Dragonite|p2a: Roi du gambit
|move|p2a: Roi du gambit|Kowtow Cleave|p1a: Dragonite
|-damage|p1a: Dragonite|76/100
|
|-heal|p2a: Roi du gambit|20/100|[from] item: Leftovers
|upkeep
|turn|31
|
|t:|1759070919
|move|p1a: Dragonite|Hurricane|p2a: Roi du gambit|[miss]
|-miss|p1a: Dragonite|p2a: Roi du gambit
|move|p2a: Roi du gambit|Kowtow Cleave|p1a: Dragonite
|-damage|p1a: Dragonite|24/100
|
|-heal|p2a: Roi du gambit|26/100|[from] item: Leftovers
|upkeep
|turn|32
|
|t:|1759070932
|move|p1a: Dragonite|Hurricane|p2a: Roi du gambit|[miss]
|-miss|p1a: Dragonite|p2a: Roi du gambit
|move|p2a: Roi du gambit|Kowtow Cleave|p1a: Dragonite
|-damage|p1a: Dragonite|0 fnt
|faint|p1a: Dragonite
|
|win|metakni
|raw|Ballingice's rating: 1428 &rarr; <strong>1407</strong><br />(-21 for losing)
|raw|metakni's rating: 1416 &rarr; <strong>1437</strong><br />(+21 for winning)
|l|☆Ballingice
|player|p1|
|l|☆metakni
|player|p2|
