|j|☆DrBunns
|j|☆DonovanIsNotHere
|t:|1758921189
|gametype|singles
|player|p1|DrBunns|266|1396
|player|p2|DonovanIsNotHere|266|1444
|gen|9
|tier|[Gen 9] OU
|rated|
|rule|HP Percentage Mod: HP is shown in percentages
|rule|Endless Battle Clause: Forcing endless battles is banned
|rule|Species Clause: Limit one of each Pokémon
|rule|OHKO Clause: OHKO moves are banned
|rule|Evasion Items Clause: Evasion items are banned
|rule|Evasion Moves Clause: Evasion moves are banned
|rule|Evasion Abilities Clause: Evasion abilities are banned
|rule|Sleep Moves Clause: Sleep-inducing moves are banned
|clearpoke
|poke|p1|Gliscor, M|
|poke|p1|Ogerpon-Wellspring, F|
|poke|p1|Moltres|
|poke|p1|Garganacl, M|
|poke|p1|Dragapult, M|
|poke|p1|Samurott-Hisui, F|
|poke|p2|Articuno|
|poke|p2|Ninetales-Alola, M|
|poke|p2|Weavile, M|
|poke|p2|Samurott-Hisui, F|
|poke|p2|Great Tusk|
|poke|p2|Slowking-Galar, M|
|teampreview
|
|t:|1758921207
|teamsize|p1|6
|teamsize|p2|6
|start
|switch|p1a: Garganacl|Garganacl, M|100/100
|switch|p2a: Leonard Spinner|Great Tusk|100/100
|turn|1
|inactive|Battle timer is ON: inactive players will automatically lose when time's up. (requested by DonovanIsNotHere)
|
|t:|1758921216
|switch|p1a: Moltres|Moltres|100/100
|-ability|p1a: Moltres|Pressure
|move|p2a: Leonard Spinner|Stealth Rock|p1a: Moltres
|-sidestart|p1: DrBunns|move: Stealth Rock
|
|upkeep
|turn|2
|
|t:|1758921222
|move|p2a: Leonard Spinner|Knock Off|p1a: Moltres
|-damage|p1a: Moltres|80/100
|-enditem|p1a: Moltres|Heavy-Duty Boots|[from] move: Knock Off|[of] p2a: Leonard Spinner
|move|p1a: Moltres|Will-O-Wisp|p2a: Leonard Spinner
|-status|p2a: Leonard Spinner|brn
|
|-damage|p2a: Leonard Spinner|94/100 brn|[from] brn
|upkeep
|turn|3
|
|t:|1758921237
|move|p2a: Leonard Spinner|Knock Off|p1a: Moltres
|-damage|p1a: Moltres|73/100
|move|p1a: Moltres|U-turn|p2a: Leonard Spinner
|-resisted|p2a: Leonard Spinner
|-damage|p2a: Leonard Spinner|89/100 brn
|
|t:|1758921254
|switch|p1a: Garganacl|Garganacl, M|100/100|[from] U-turn
|-damage|p1a: Garganacl|88/100|[from] Stealth Rock
|
|-heal|p1a: Garganacl|94/100|[from] item: Leftovers
|-damage|p2a: Leonard Spinner|83/100 brn|[from] brn
|upkeep
|turn|4
|
|t:|1758921262
|move|p2a: Leonard Spinner|Knock Off|p1a: Garganacl
|-damage|p1a: Garganacl|85/100
|-enditem|p1a: Garganacl|Leftovers|[from] move: Knock Off|[of] p2a: Leonard Spinner
|move|p1a: Garganacl|Curse|p1a: Garganacl
|-unboost|p1a: Garganacl|spe|1
|-boost|p1a: Garganacl|atk|1
|-boost|p1a: Garganacl|def|1
|
|-damage|p2a: Leonard Spinner|77/100 brn|[from] brn
|upkeep
|turn|5
|
|t:|1758921273
|-end|p2a: Leonard Spinner|Protosynthesis|[silent]
|switch|p2a: Daywalker|Slowking-Galar, M|100/100
|move|p1a: Garganacl|Salt Cure|p2a: Daywalker
|-damage|p2a: Daywalker|86/100
|-start|p2a: Daywalker|Salt Cure
|
|-damage|p2a: Daywalker|74/100|[from] Salt Cure
|upkeep
|turn|6
|
|t:|1758921287
|move|p1a: Garganacl|Curse|p1a: Garganacl
|-unboost|p1a: Garganacl|spe|1
|-boost|p1a: Garganacl|atk|1
|-boost|p1a: Garganacl|def|1
|move|p2a: Daywalker|Psychic Noise|p1a: Garganacl
|-damage|p1a: Garganacl|68/100
|-start|p1a: Garganacl|move: Heal Block
|
|-damage|p2a: Daywalker|61/100|[from] Salt Cure
|upkeep
|turn|7
|
|t:|1758921301
|move|p2a: Daywalker|Psychic Noise|p1a: Garganacl
|-damage|p1a: Garganacl|48/100
|move|p1a: Garganacl|Earthquake|p2a: Daywalker
|-supereffective|p2a: Daywalker
|-damage|p2a: Daywalker|0 fnt
|faint|p2a: Daywalker
|
|-end|p1a: Garganacl|move: Heal Block
|upkeep
|
|t:|1758921323
|switch|p2a: Urokodaki|Samurott-Hisui, F, shiny|100/100
|turn|8
|
|t:|1758921331
|move|p2a: Urokodaki|Ceaseless Edge|p1a: Garganacl
|-damage|p1a: Garganacl|34/100
|-sidestart|p1: DrBunns|Spikes
|move|p1a: Garganacl|Recover|p1a: Garganacl
|-heal|p1a: Garganacl|84/100
|
|upkeep
|turn|9
|
|t:|1758921339
|move|p2a: Urokodaki|Ceaseless Edge|p1a: Garganacl|[miss]
|-miss|p2a: Urokodaki|p1a: Garganacl
|move|p1a: Garganacl|Salt Cure|p2a: Urokodaki
|-damage|p2a: Urokodaki|72/100
|-start|p2a: Urokodaki|Salt Cure
|
|-damage|p2a: Urokodaki|47/100|[from] Salt Cure
|upkeep
|turn|10
|
|t:|1758921348
|move|p2a: Urokodaki|Ceaseless Edge|p1a: Garganacl
|-damage|p1a: Garganacl|69/100
|-sidestart|p1: DrBunns|Spikes
|move|p1a: Garganacl|Curse|p1a: Garganacl
|-unboost|p1a: Garganacl|spe|1
|-boost|p1a: Garganacl|atk|1
|-boost|p1a: Garganacl|def|1
|
|-damage|p2a: Urokodaki|22/100|[from] Salt Cure
|upkeep
|turn|11
|
|t:|1758921358
|switch|p2a: Violet|Ninetales-Alola, M, shiny|100/100
|-weather|Snowscape|[from] ability: Snow Warning|[of] p2a: Violet
|move|p1a: Garganacl|Recover|p1a: Garganacl
|-heal|p1a: Garganacl|100/100
|
|-weather|Snowscape|[upkeep]
|upkeep
|turn|12
|
|t:|1758921371
|move|p2a: Violet|Encore|p1a: Garganacl
|-start|p1a: Garganacl|Encore
|move|p1a: Garganacl|Recover||[still]
|-fail|p1a: Garganacl|heal
|
|-weather|Snowscape|[upkeep]
|upkeep
|turn|13
|
|t:|1758921390
|switch|p1a: Moltres|Moltres|73/100
|-damage|p1a: Moltres|23/100|[from] Stealth Rock
|-ability|p1a: Moltres|Pressure
|move|p2a: Violet|Blizzard|p1a: Moltres
|-damage|p1a: Moltres|0 fnt
|faint|p1a: Moltres
|
|-weather|Snowscape|[upkeep]
|upkeep
|
|t:|1758921401
|switch|p1a: Garganacl|Garganacl, M|100/100
|-damage|p1a: Garganacl|88/100|[from] Stealth Rock
|-damage|p1a: Garganacl|72/100|[from] Spikes
|turn|14
|
|t:|1758921407
|switch|p2a: Leonard Spinner|Great Tusk|77/100 brn
|move|p1a: Garganacl|Salt Cure|p2a: Leonard Spinner
|-resisted|p2a: Leonard Spinner
|-damage|p2a: Leonard Spinner|75/100 brn
|-start|p2a: Leonard Spinner|Salt Cure
|
|-weather|Snowscape|[upkeep]
|-damage|p2a: Leonard Spinner|68/100 brn|[from] brn
|-damage|p2a: Leonard Spinner|56/100 brn|[from] Salt Cure
|upkeep
|turn|15
|
|t:|1758921419
|-end|p2a: Leonard Spinner|Protosynthesis|[silent]
|switch|p2a: Violet|Ninetales-Alola, M, shiny|100/100
|move|p1a: Garganacl|Recover|p1a: Garganacl
|-heal|p1a: Garganacl|100/100
|
|-weather|none
|upkeep
|turn|16
|
|t:|1758921429
|switch|p1a: Samurott|Samurott-Hisui, F|100/100
|-damage|p1a: Samurott|88/100|[from] Stealth Rock
|-damage|p1a: Samurott|72/100|[from] Spikes
|move|p2a: Violet|Moonblast|p1a: Samurott
|-supereffective|p1a: Samurott
|-damage|p1a: Samurott|0 fnt
|faint|p1a: Samurott
|
|upkeep
|
|t:|1758921439
|switch|p1a: Garganacl|Garganacl, M|100/100
|-damage|p1a: Garganacl|88/100|[from] Stealth Rock
|-damage|p1a: Garganacl|72/100|[from] Spikes
|turn|17
|
|t:|1758921444
|switch|p2a: Leonard Spinner|Great Tusk|56/100 brn
|move|p1a: Garganacl|Salt Cure|p2a: Leonard Spinner
|-resisted|p2a: Leonard Spinner
|-damage|p2a: Leonard Spinner|54/100 brn
|-start|p2a: Leonard Spinner|Salt Cure
|
|-damage|p2a: Leonard Spinner|48/100 brn|[from] brn
|-damage|p2a: Leonard Spinner|35/100 brn|[from] Salt Cure
|upkeep
|turn|18
|
|t:|1758921454
|move|p2a: Leonard Spinner|Headlong Rush|p1a: Garganacl
|-supereffective|p1a: Garganacl
|-damage|p1a: Garganacl|36/100
|-unboost|p2a: Leonard Spinner|def|1
|-unboost|p2a: Leonard Spinner|spd|1
|move|p1a: Garganacl|Recover|p1a: Garganacl
|-heal|p1a: Garganacl|86/100
|
|-damage|p2a: Leonard Spinner|29/100 brn|[from] brn
|-damage|p2a: Leonard Spinner|16/100 brn|[from] Salt Cure
|upkeep
|turn|19
|
|t:|1758921465
|move|p2a: Leonard Spinner|Headlong Rush|p1a: Garganacl
|-supereffective|p1a: Garganacl
|-damage|p1a: Garganacl|49/100
|-unboost|p2a: Leonard Spinner|def|1
|-unboost|p2a: Leonard Spinner|spd|1
|move|p1a: Garganacl|Salt Cure|p2a: Leonard Spinner
|-resisted|p2a: Leonard Spinner
|-damage|p2a: Leonard Spinner|12/100 brn
|
|-damage|p2a: Leonard Spinner|6/100 brn|[from] brn
|-damage|p2a: Leonard Spinner|0 fnt|[from] Salt Cure
|faint|p2a: Leonard Spinner
|-end|p2a: Leonard Spinner|Protosynthesis|[silent]
|upkeep
|
|t:|1758921473
|switch|p2a: Violet|Ninetales-Alola, M, shiny|100/100
|-weather|Snowscape|[from] ability: Snow Warning|[of] p2a: Violet
|turn|20
|
|t:|1758921491
|move|p2a: Violet|Blizzard|p1a: Garganacl
|-crit|p1a: Garganacl
|-damage|p1a: Garganacl|8/100
|move|p1a: Garganacl|Salt Cure|p2a: Violet
|-supereffective|p2a: Violet
|-damage|p2a: Violet|71/100
|-start|p2a: Violet|Salt Cure
|
|-weather|Snowscape|[upkeep]
|-damage|p2a: Violet|59/100|[from] Salt Cure
|upkeep
|turn|21
|
|t:|1758921504
|move|p2a: Violet|Blizzard|p1a: Garganacl
|-damage|p1a: Garganacl|0 fnt
|faint|p1a: Garganacl
|
|-weather|Snowscape|[upkeep]
|-damage|p2a: Violet|47/100|[from] Salt Cure
|upkeep
|
|t:|1758921512
|switch|p1a: Ogerpon|Ogerpon-Wellspring, F|100/100
|-damage|p1a: Ogerpon|88/100|[from] Stealth Rock
|-damage|p1a: Ogerpon|72/100|[from] Spikes
|turn|22
|
|t:|1758921523
|switch|p2a: Dairy Queen|Articuno, shiny|100/100
|-ability|p2a: Dairy Queen|Pressure
|move|p1a: Ogerpon|Ivy Cudgel|p2a: Dairy Queen|[anim] Ivy Cudgel Water
|-damage|p2a: Dairy Queen|63/100
|
|-weather|Snowscape|[upkeep]
|upkeep
|turn|23
|
|t:|1758921542
|move|p1a: Ogerpon|Swords Dance|p1a: Ogerpon
|-boost|p1a: Ogerpon|atk|2
|move|p2a: Dairy Queen|Freeze-Dry|p1a: Ogerpon
|-supereffective|p1a: Ogerpon
|-damage|p1a: Ogerpon|0 fnt
|faint|p1a: Ogerpon
|
|-weather|Snowscape|[upkeep]
|upkeep
|
|t:|1758921552
|switch|p1a: Dragapult|Dragapult, M|100/100
|turn|24
|
|t:|1758921559
|move|p1a: Dragapult|Draco Meteor|p2a: Dairy Queen
|-damage|p2a: Dairy Queen|22/100
|-unboost|p1a: Dragapult|spa|2
|move|p2a: Dairy Queen|Blizzard|p1a: Dragapult
|-supereffective|p1a: Dragapult
|-damage|p1a: Dragapult|0 fnt
|faint|p1a: Dragapult
|
|-weather|none
|upkeep
|
|t:|1758921569
|switch|p1a: Gliscor|Gliscor, M|100/100
|-damage|p1a: Gliscor|88/100|[from] Stealth Rock
|turn|25
|inactive|DonovanIsNotHere has 120 seconds left.
|
|t:|1758921608
|-terastallize|p1a: Gliscor|Water
|-terastallize|p2a: Dairy Queen|Ice
|move|p1a: Gliscor|Ice Fang|p2a: Dairy Queen
|-resisted|p2a: Dairy Queen
|-damage|p2a: Dairy Queen|16/100
|move|p2a: Dairy Queen|Freeze-Dry|p1a: Gliscor
|-supereffective|p1a: Gliscor
|-damage|p1a: Gliscor|16/100
|
|-status|p1a: Gliscor|tox|[from] item: Toxic Orb
|upkeep
|turn|26
|inactive|DonovanIsNotHere has 120 seconds left.
|
|t:|1758921622
|move|p1a: Gliscor|Protect|p1a: Gliscor
|-singleturn|p1a: Gliscor|Protect
|move|p2a: Dairy Queen|Freeze-Dry|p1a: Gliscor
|-activate|p1a: Gliscor|move: Protect
|
|-heal|p1a: Gliscor|28/100 tox|[from] ability: Poison Heal
|upkeep
|turn|27
|
|t:|1758921631
|move|p1a: Gliscor|Earthquake|p2a: Dairy Queen
|-damage|p2a: Dairy Queen|0 fnt
|faint|p2a: Dairy Queen
|
|-heal|p1a: Gliscor|41/100 tox|[from] ability: Poison Heal
|upkeep
|inactive|DonovanIsNotHere has 120 seconds left.
|inactive|DonovanIsNotHere has 90 seconds left.
|
|t:|1758921688
|switch|p2a: Frozone|Weavile, M|100/100
|-ability|p2a: Frozone|Pressure
|turn|28
|
|t:|1758921694
|move|p1a: Gliscor|Protect|p1a: Gliscor
|-singleturn|p1a: Gliscor|Protect
|move|p2a: Frozone|Swords Dance|p2a: Frozone
|-boost|p2a: Frozone|atk|2
|
|-heal|p1a: Gliscor|53/100 tox|[from] ability: Poison Heal
|upkeep
|turn|29
|
|t:|1758921702
|move|p2a: Frozone|Knock Off|p1a: Gliscor
|-damage|p1a: Gliscor|0 fnt
|-enditem|p1a: Gliscor|Toxic Orb|[from] move: Knock Off|[of] p2a: Frozone
|faint|p1a: Gliscor
|
|win|DonovanIsNotHere
|raw|DrBunns's rating: 1396 &rarr; <strong>1379</strong><br />(-17 for losing)
|raw|DonovanIsNotHere's rating: 1444 &rarr; <strong>1461</strong><br />(+17 for winning)
|c|☆DonovanIsNotHere|gg
|l|☆DrBunns
|player|p1|
