|j|☆2(sweet)
|j|☆Surigato
|t:|1759048677
|gametype|singles
|player|p1|2(sweet)|richboy-gen4|1104
|player|p2|Surigato|169|1137
|gen|9
|tier|[Gen 9] OU
|rated|
|rule|HP Percentage Mod: HP is shown in percentages
|rule|Endless Battle Clause: Forcing endless battles is banned
|rule|Species Clause: Limit one of each Pokémon
|rule|OHKO Clause: OHKO moves are banned
|rule|Evasion Items Clause: Evasion items are banned
|rule|Evasion Moves Clause: Evasion moves are banned
|rule|Evasion Abilities Clause: Evasion abilities are banned
|rule|Sleep Moves Clause: Sleep-inducing moves are banned
|clearpoke
|poke|p1|Great Tusk|
|poke|p1|Walking Wake|
|poke|p1|Pelipper, M|
|poke|p1|Torkoal, M|
|poke|p1|Barraskewda, F|
|poke|p1|Vileplume, M|
|poke|p2|Serperior, M|
|poke|p2|Blaziken, M|
|poke|p2|Swalot, M|
|poke|p2|Alcremie-Mint-Cream, F|
|poke|p2|Vikavolt, M|
|poke|p2|Kingambit, M|
|teampreview
|
|t:|1759048701
|teamsize|p1|6
|teamsize|p2|6
|start
|switch|p1a: Torkoal|Torkoal, M|100/100
|switch|p2a: Blaziken|Blaziken, M, shiny|100/100
|-weather|SunnyDay|[from] ability: Drought|[of] p1a: Torkoal
|turn|1
|
|t:|1759048707
|move|p2a: Blaziken|Focus Energy|p2a: Blaziken
|-start|p2a: Blaziken|move: Focus Energy
|move|p1a: Torkoal|Shell Smash|p1a: Torkoal
|-unboost|p1a: Torkoal|def|1
|-unboost|p1a: Torkoal|spd|1
|-boost|p1a: Torkoal|atk|2
|-boost|p1a: Torkoal|spa|2
|-boost|p1a: Torkoal|spe|2
|
|-weather|SunnyDay|[upkeep]
|-ability|p2a: Blaziken|Speed Boost|boost
|-boost|p2a: Blaziken|spe|1
|upkeep
|turn|2
|
|t:|1759048721
|move|p2a: Blaziken|Close Combat|p1a: Torkoal
|-crit|p1a: Torkoal
|-damage|p1a: Torkoal|0 fnt
|-unboost|p2a: Blaziken|def|1
|-unboost|p2a: Blaziken|spd|1
|faint|p1a: Torkoal
|
|-weather|SunnyDay|[upkeep]
|-ability|p2a: Blaziken|Speed Boost|boost
|-boost|p2a: Blaziken|spe|1
|upkeep
|
|t:|1759048730
|switch|p1a: Walking Wake|Walking Wake|100/100
|-activate|p1a: Walking Wake|ability: Protosynthesis
|-start|p1a: Walking Wake|protosynthesisspe
|turn|3
|
|t:|1759048747
|move|p2a: Blaziken|Protect|p2a: Blaziken
|-singleturn|p2a: Blaziken|Protect
|move|p1a: Walking Wake|Hydro Steam|p2a: Blaziken
|-activate|p2a: Blaziken|move: Protect
|
|-weather|SunnyDay|[upkeep]
|-ability|p2a: Blaziken|Speed Boost|boost
|-boost|p2a: Blaziken|spe|1
|upkeep
|turn|4
|
|t:|1759048756
|move|p2a: Blaziken|Close Combat|p1a: Walking Wake
|-crit|p1a: Walking Wake
|-damage|p1a: Walking Wake|6/100
|-unboost|p2a: Blaziken|def|1
|-unboost|p2a: Blaziken|spd|1
|move|p1a: Walking Wake|Hydro Steam|p2a: Blaziken
|-supereffective|p2a: Blaziken
|-damage|p2a: Blaziken|0 fnt
|faint|p2a: Blaziken
|-damage|p1a: Walking Wake|0 fnt|[from] item: Life Orb
|faint|p1a: Walking Wake
|-end|p1a: Walking Wake|Protosynthesis|[silent]
|
|-weather|SunnyDay|[upkeep]
|upkeep
|
|t:|1759048766
|switch|p1a: Vileplume|Vileplume, M|100/100
|switch|p2a: Alcremie|Alcremie-Mint-Cream, F|100/100
|turn|5
|
|t:|1759048773
|-terastallize|p2a: Alcremie|Poison
|move|p1a: Vileplume|Sludge Wave|p2a: Alcremie
|-resisted|p2a: Alcremie
|-damage|p2a: Alcremie|79/100
|-damage|p1a: Vileplume|91/100|[from] item: Life Orb
|move|p2a: Alcremie|Calm Mind|p2a: Alcremie
|-boost|p2a: Alcremie|spa|1
|-boost|p2a: Alcremie|spd|1
|
|-weather|SunnyDay|[upkeep]
|upkeep
|turn|6
|
|t:|1759048783
|move|p1a: Vileplume|Weather Ball|p2a: Alcremie
|-damage|p2a: Alcremie|44/100
|-damage|p1a: Vileplume|81/100|[from] item: Life Orb
|move|p2a: Alcremie|Calm Mind|p2a: Alcremie
|-boost|p2a: Alcremie|spa|1
|-boost|p2a: Alcremie|spd|1
|
|-weather|SunnyDay|[upkeep]
|upkeep
|turn|7
|
|t:|1759048789
|switch|p1a: Great Tusk|Great Tusk|100/100
|-activate|p1a: Great Tusk|ability: Protosynthesis
|-start|p1a: Great Tusk|protosynthesisatk
|move|p2a: Alcremie|Draining Kiss|p1a: Great Tusk
|-supereffective|p1a: Great Tusk
|-damage|p1a: Great Tusk|0 fnt
|-heal|p2a: Alcremie|100/100|[from] drain|[of] p1a: Great Tusk
|faint|p1a: Great Tusk
|-end|p1a: Great Tusk|Protosynthesis|[silent]
|
|-weather|SunnyDay|[upkeep]
|upkeep
|l|☆2(sweet)
|player|p1|
|inactive|Battle timer is ON: inactive players will automatically lose when time's up. (requested by Surigato)
|inactive|2(sweet) has 30 seconds to reconnect!
|inactive|2(sweet) has 20 seconds to reconnect!
|j|☆2(sweet)
|inactive|2(sweet) reconnected and has 110 seconds left.
|player|p1|2(sweet)|richboy-gen4|
|
|t:|1759048847
|switch|p1a: Pelipper|Pelipper, M|100/100
|-weather|RainDance|[from] ability: Drizzle|[of] p1a: Pelipper
|turn|8
|l|☆2(sweet)
|inactive|2(sweet) disconnected and has a minute to reconnect!
|player|p1|
|inactive|2(sweet) has 30 seconds to reconnect!
|inactive|2(sweet) has 20 seconds to reconnect!
|inactive|2(sweet) has 15 seconds to reconnect!
|inactive|2(sweet) has 10 seconds to reconnect!
|inactive|2(sweet) has 5 seconds to reconnect!
|-message|2(sweet) lost due to inactivity.
|
|win|Surigato
|raw|2(sweet)'s rating: 1104 &rarr; <strong>1081</strong><br />(-23 for losing)
|raw|Surigato's rating: 1137 &rarr; <strong>1160</strong><br />(+23 for winning)
|l|☆Surigato
|player|p2|
