|j|☆Hula Shark
|j|☆SamiFawad
|t:|1759038713
|gametype|singles
|player|p1|Hula Shark|burglar|1552
|player|p2|SamiFawad|2|1550
|gen|9
|tier|[Gen 9] OU
|rated|
|rule|HP Percentage Mod: HP is shown in percentages
|rule|Endless Battle Clause: Forcing endless battles is banned
|rule|Species Clause: Limit one of each Pokémon
|rule|OHKO Clause: OHKO moves are banned
|rule|Evasion Items Clause: Evasion items are banned
|rule|Evasion Moves Clause: Evasion moves are banned
|rule|Evasion Abilities Clause: Evasion abilities are banned
|rule|Sleep Moves Clause: Sleep-inducing moves are banned
|clearpoke
|poke|p1|Great Tusk|
|poke|p1|Dragapult, F|
|poke|p1|Landorus-Therian, M|
|poke|p1|Slowking-Galar, M|
|poke|p1|Scizor, M|
|poke|p1|Kyurem|
|poke|p2|Landorus-Therian, M|
|poke|p2|Samurott-Hisui, F|
|poke|p2|Great Tusk|
|poke|p2|Dragonite, F|
|poke|p2|Slowking-Galar, M|
|poke|p2|Basculegion-F, F|
|teampreview
|inactive|Battle timer is ON: inactive players will automatically lose when time's up. (requested by Hula Shark)
|
|t:|1759038727
|teamsize|p1|6
|teamsize|p2|6
|start
|switch|p1a: Scizor|Scizor, M|100/100
|switch|p2a: Slowking|Slowking-Galar, M|100/100
|turn|1
|
|t:|1759038739
|switch|p2a: Dragonite|Dragonite, F|100/100
|move|p1a: Scizor|Knock Off|p2a: Dragonite
|-damage|p2a: Dragonite|71/100
|-enditem|p2a: Dragonite|Heavy-Duty Boots|[from] move: Knock Off|[of] p1a: Scizor
|
|upkeep
|turn|2
|
|t:|1759038747
|switch|p1a: Landorus|Landorus-Therian, M|100/100
|-ability|p1a: Landorus|Intimidate|boost
|-unboost|p2a: Dragonite|atk|1
|move|p2a: Dragonite|Fire Punch|p1a: Landorus
|-damage|p1a: Landorus|81/100
|-damage|p2a: Dragonite|54/100|[from] item: Rocky Helmet|[of] p1a: Landorus
|
|upkeep
|turn|3
|
|t:|1759038754
|move|p1a: Landorus|Stealth Rock|p2a: Dragonite
|-sidestart|p2: SamiFawad|move: Stealth Rock
|move|p2a: Dragonite|Dragon Dance|p2a: Dragonite
|-boost|p2a: Dragonite|atk|1
|-boost|p2a: Dragonite|spe|1
|
|upkeep
|turn|4
|
|t:|1759038758
|move|p2a: Dragonite|Roost|p2a: Dragonite
|-heal|p2a: Dragonite|100/100
|-singleturn|p2a: Dragonite|move: Roost
|move|p1a: Landorus|U-turn|p2a: Dragonite
|-damage|p2a: Dragonite|89/100
|
|t:|1759038762
|switch|p1a: Great Tusk|Great Tusk|100/100|[from] U-turn
|
|upkeep
|turn|5
|
|t:|1759038767
|move|p2a: Dragonite|Roost|p2a: Dragonite
|-heal|p2a: Dragonite|100/100
|-singleturn|p2a: Dragonite|move: Roost
|move|p1a: Great Tusk|Ice Spinner|p2a: Dragonite
|-supereffective|p2a: Dragonite
|-damage|p2a: Dragonite|72/100
|
|upkeep
|turn|6
|
|t:|1759038769
|move|p2a: Dragonite|Roost|p2a: Dragonite
|-heal|p2a: Dragonite|100/100
|-singleturn|p2a: Dragonite|move: Roost
|move|p1a: Great Tusk|Ice Spinner|p2a: Dragonite
|-supereffective|p2a: Dragonite
|-damage|p2a: Dragonite|69/100
|
|upkeep
|turn|7
|
|t:|1759038773
|switch|p2a: Great Tusk|Great Tusk|100/100
|-damage|p2a: Great Tusk|98/100|[from] Stealth Rock
|move|p1a: Great Tusk|Rapid Spin|p2a: Great Tusk
|-damage|p2a: Great Tusk|90/100
|-boost|p1a: Great Tusk|spe|1
|-damage|p1a: Great Tusk|84/100|[from] item: Rocky Helmet|[of] p2a: Great Tusk
|
|upkeep
|turn|8
|
|t:|1759038777
|-end|p1a: Great Tusk|Protosynthesis|[silent]
|switch|p1a: Dragapult|Dragapult, F|100/100
|move|p2a: Great Tusk|Knock Off|p1a: Dragapult
|-supereffective|p1a: Dragapult
|-damage|p1a: Dragapult|17/100
|-enditem|p1a: Dragapult|Heavy-Duty Boots|[from] move: Knock Off|[of] p2a: Great Tusk
|
|upkeep
|turn|9
|
|t:|1759038783
|-end|p2a: Great Tusk|Protosynthesis|[silent]
|switch|p2a: Slowking|Slowking-Galar, M|100/100
|-damage|p2a: Slowking|88/100|[from] Stealth Rock
|move|p1a: Dragapult|Will-O-Wisp|p2a: Slowking
|-status|p2a: Slowking|brn
|
|-damage|p2a: Slowking|82/100 brn|[from] brn
|upkeep
|turn|10
|
|t:|1759038790
|move|p1a: Dragapult|Hex|p2a: Slowking
|-supereffective|p2a: Slowking
|-damage|p2a: Slowking|23/100 brn
|move|p2a: Slowking|Flamethrower|p1a: Dragapult
|-resisted|p1a: Dragapult
|-damage|p1a: Dragapult|0 fnt
|faint|p1a: Dragapult
|
|-damage|p2a: Slowking|16/100 brn|[from] brn
|upkeep
|j| Rizzofreko
|
|t:|1759038804
|switch|p1a: Scizor|Scizor, M|100/100
|turn|11
|inactive|SamiFawad has 120 seconds left.
|l|☆Hula Shark
|inactive|Hula Shark disconnected and has a minute to reconnect!
|player|p1|
|inactive|SamiFawad has 90 seconds left.
|j|☆Hula Shark
|inactive|Hula Shark reconnected.
|player|p1|Hula Shark|burglar|
|l| Rizzofreko
|inactive|SamiFawad has 60 seconds left.
|l|☆Hula Shark
|inactive|Hula Shark disconnected and has a minute to reconnect!
|player|p1|
|inactive|SamiFawad has 30 seconds left.
|j|☆Hula Shark
|inactive|Hula Shark reconnected.
|player|p1|Hula Shark|burglar|
|inactive|SamiFawad has 20 seconds left.
|inactive|SamiFawad has 15 seconds left.
|inactive|SamiFawad has 10 seconds left.
|
|t:|1759038945
|switch|p2a: Landorus|Landorus-Therian, M|100/100
|-damage|p2a: Landorus|88/100|[from] Stealth Rock
|-ability|p2a: Landorus|Intimidate|boost
|-unboost|p1a: Scizor|atk|1
|move|p1a: Scizor|U-turn|p2a: Landorus
|-resisted|p2a: Landorus
|-damage|p2a: Landorus|66/100
|
|t:|1759038953
|switch|p1a: Kyurem|Kyurem|100/100|[from] U-turn
|-ability|p1a: Kyurem|Pressure
|
|upkeep
|turn|12
|inactive|SamiFawad has 25 seconds left this turn.
|
|t:|1759038958
|move|p2a: Landorus|U-turn|p1a: Kyurem
|-damage|p1a: Kyurem|68/100
|inactive|SamiFawad has 30 seconds left this turn.
|
|t:|1759038961
|switch|p2a: Slowking|Slowking-Galar, M|50/100 brn|[from] U-turn
|-damage|p2a: Slowking|37/100 brn|[from] Stealth Rock
|move|p1a: Kyurem|Dragon Dance|p1a: Kyurem
|-boost|p1a: Kyurem|atk|1
|-boost|p1a: Kyurem|spe|1
|
|-damage|p2a: Slowking|31/100 brn|[from] brn
|upkeep
|turn|13
|
|t:|1759038965
|switch|p2a: Basculegion|Basculegion-F, F|100/100
|-damage|p2a: Basculegion|88/100|[from] Stealth Rock
|move|p1a: Kyurem|Icicle Spear|p2a: Basculegion
|-resisted|p2a: Basculegion
|-damage|p2a: Basculegion|78/100
|-resisted|p2a: Basculegion
|-damage|p2a: Basculegion|67/100
|-resisted|p2a: Basculegion
|-damage|p2a: Basculegion|57/100
|-hitcount|p2a: Basculegion|3
|
|upkeep
|turn|14
|
|t:|1759038975
|move|p1a: Kyurem|Freeze-Dry|p2a: Basculegion
|-supereffective|p2a: Basculegion
|-damage|p2a: Basculegion|0 fnt
|faint|p2a: Basculegion
|
|upkeep
|
|t:|1759038983
|switch|p2a: Great Tusk|Great Tusk|90/100
|-damage|p2a: Great Tusk|87/100|[from] Stealth Rock
|turn|15
|
|t:|1759038995
|-terastallize|p1a: Kyurem|Ice
|-terastallize|p2a: Great Tusk|Steel
|move|p1a: Kyurem|Freeze-Dry|p2a: Great Tusk
|-resisted|p2a: Great Tusk
|-damage|p2a: Great Tusk|60/100
|move|p2a: Great Tusk|Body Press|p1a: Kyurem
|-supereffective|p1a: Kyurem
|-damage|p1a: Kyurem|0 fnt
|faint|p1a: Kyurem
|
|upkeep
|j| wgw2333
|
|t:|1759039008
|switch|p1a: Great Tusk|Great Tusk|84/100
|turn|16
|l| wgw2333
|
|t:|1759039015
|-end|p2a: Great Tusk|Protosynthesis|[silent]
|switch|p2a: Landorus|Landorus-Therian, M|66/100
|-damage|p2a: Landorus|53/100|[from] Stealth Rock
|-ability|p2a: Landorus|Intimidate|boost
|-unboost|p1a: Great Tusk|atk|1
|move|p1a: Great Tusk|Headlong Rush|p2a: Landorus
|-immune|p2a: Landorus
|
|upkeep
|turn|17
|
|t:|1759039020
|move|p2a: Landorus|U-turn|p1a: Great Tusk
|-resisted|p1a: Great Tusk
|-damage|p1a: Great Tusk|73/100
|
|t:|1759039022
|switch|p2a: Dragonite|Dragonite, F|69/100|[from] U-turn
|-damage|p2a: Dragonite|44/100|[from] Stealth Rock
|move|p1a: Great Tusk|Ice Spinner|p2a: Dragonite
|-supereffective|p2a: Dragonite
|-damage|p2a: Dragonite|0 fnt
|faint|p2a: Dragonite
|
|upkeep
|
|t:|1759039031
|switch|p2a: Landorus|Landorus-Therian, M|53/100
|-damage|p2a: Landorus|41/100|[from] Stealth Rock
|-ability|p2a: Landorus|Intimidate|boost
|-unboost|p1a: Great Tusk|atk|1
|turn|18
|
|t:|1759039037
|-end|p1a: Great Tusk|Protosynthesis|[silent]
|switch|p1a: Landorus|Landorus-Therian, M|81/100
|-ability|p1a: Landorus|Intimidate|boost
|-unboost|p2a: Landorus|atk|1
|move|p2a: Landorus|U-turn|p1a: Landorus
|-resisted|p1a: Landorus
|-damage|p1a: Landorus|72/100
|-damage|p2a: Landorus|25/100|[from] item: Rocky Helmet|[of] p1a: Landorus
|
|t:|1759039039
|switch|p2a: Great Tusk|Great Tusk, tera:Steel|60/100|[from] U-turn
|-damage|p2a: Great Tusk|53/100|[from] Stealth Rock
|
|upkeep
|turn|19
|
|t:|1759039042
|move|p1a: Landorus|Earth Power|p2a: Great Tusk
|-supereffective|p2a: Great Tusk
|-damage|p2a: Great Tusk|0 fnt
|faint|p2a: Great Tusk
|-end|p2a: Great Tusk|Protosynthesis|[silent]
|
|upkeep
|
|t:|1759039045
|switch|p2a: Samurott|Samurott-Hisui, F|100/100
|-damage|p2a: Samurott|88/100|[from] Stealth Rock
|turn|20
|
|t:|1759039048
|move|p1a: Landorus|U-turn|p2a: Samurott
|-supereffective|p2a: Samurott
|-damage|p2a: Samurott|34/100
|
|t:|1759039055
|switch|p1a: Great Tusk|Great Tusk|73/100|[from] U-turn
|move|p2a: Samurott|Razor Shell|p1a: Great Tusk
|-supereffective|p1a: Great Tusk
|-damage|p1a: Great Tusk|0 fnt
|faint|p1a: Great Tusk
|-end|p1a: Great Tusk|Protosynthesis|[silent]
|
|upkeep
|
|t:|1759039061
|switch|p1a: Landorus|Landorus-Therian, M|72/100
|-ability|p1a: Landorus|Intimidate|boost
|-unboost|p2a: Samurott|atk|1
|turn|21
|
|t:|1759039073
|switch|p2a: Landorus|Landorus-Therian, M|25/100
|-damage|p2a: Landorus|12/100|[from] Stealth Rock
|-ability|p2a: Landorus|Intimidate|boost
|-unboost|p1a: Landorus|atk|1
|move|p1a: Landorus|U-turn|p2a: Landorus
|-resisted|p2a: Landorus
|-damage|p2a: Landorus|4/100
|
|t:|1759039083
|switch|p1a: Scizor|Scizor, M|100/100|[from] U-turn
|
|upkeep
|turn|22
|
|t:|1759039088
|move|p1a: Scizor|Bullet Punch|p2a: Landorus
|-damage|p2a: Landorus|0 fnt
|faint|p2a: Landorus
|
|upkeep
|
|t:|1759039090
|switch|p2a: Samurott|Samurott-Hisui, F|34/100
|-damage|p2a: Samurott|21/100|[from] Stealth Rock
|turn|23
|
|t:|1759039095
|move|p2a: Samurott|Sucker Punch|p1a: Scizor
|-damage|p1a: Scizor|70/100
|move|p1a: Scizor|Bullet Punch|p2a: Samurott
|-resisted|p2a: Samurott
|-damage|p2a: Samurott|0 fnt
|faint|p2a: Samurott
|
|upkeep
|
|t:|1759039097
|switch|p2a: Slowking|Slowking-Galar, M|64/100 brn
|-damage|p2a: Slowking|52/100 brn|[from] Stealth Rock
|turn|24
|-message|SamiFawad forfeited.
|
|win|Hula Shark
|raw|Hula Shark's rating: 1552 &rarr; <strong>1572</strong><br />(+20 for winning)
|raw|SamiFawad's rating: 1550 &rarr; <strong>1530</strong><br />(-20 for losing)
|l|☆SamiFawad
|player|p2|
|c|☆Hula Shark|Gg
|l|☆Hula Shark
|player|p1|
