|j|☆5AH1L
|j|☆Memergg
|inactive|Battle timer is ON: inactive players will automatically lose when time's up.
|t:|1758981428
|gametype|singles
|j|*Lady Monita ☀
|player|p1|5AH1L|n-masters|
|player|p2|Memergg|colress|
|gen|9
|tier|[Gen 9] OU
|rated|Tournament battle
|rule|HP Percentage Mod: HP is shown in percentages
|rule|Endless Battle Clause: Forcing endless battles is banned
|rule|Species Clause: Limit one of each Pokémon
|rule|OHKO Clause: OHKO moves are banned
|rule|Evasion Items Clause: Evasion items are banned
|rule|Evasion Moves Clause: Evasion moves are banned
|rule|Evasion Abilities Clause: Evasion abilities are banned
|rule|Sleep Moves Clause: Sleep-inducing moves are banned
|rule|Blitz: Super-fast timer
|rule|Inverse Mod: Weaknesses become resistances, while resistances and immunities become weaknesses.
|raw|<div class="infobox"><details class="readmore" open><summary><strong>2 custom rules:</strong></summary> Blitz, Inverse Mod</details></div>
|clearpoke
|poke|p1|Kingambit, F|
|poke|p1|Iron Valiant|
|poke|p1|Cresselia, F|
|poke|p1|Samurott-Hisui, M|
|poke|p1|Great Tusk|
|poke|p1|Scizor, F|
|poke|p2|Kingambit, F|
|poke|p2|Great Tusk|
|poke|p2|Ogerpon-Wellspring, F|
|poke|p2|Glimmora, M|
|poke|p2|Iron Moth|
|poke|p2|Zamazenta-*|
|teampreview
|inactive|Memergg also wants the timer to be on.
|inactive|5AH1L also wants the timer to be on.
|
|t:|1758981434
|teamsize|p1|6
|teamsize|p2|6
|start
|switch|p1a: Scizor|Scizor, F|100/100
|switch|p2a: Glimmora|Glimmora, M|100/100
|turn|1
|inactive|Memergg has 10 seconds left.
|
|t:|1758981441
|move|p2a: Glimmora|Mortal Spin|p1a: Scizor
|-supereffective|p1a: Scizor
|-damage|p1a: Scizor|88/100
|move|p1a: Scizor|U-turn|p2a: Glimmora
|-supereffective|p2a: Glimmora
|-enditem|p2a: Glimmora|Focus Sash
|-damage|p2a: Glimmora|1/100
|-activate|p2a: Glimmora|ability: Toxic Debris
|-sidestart|p1: 5AH1L|move: Toxic Spikes
|
|t:|1758981445
|switch|p1a: Samurott|Samurott-Hisui, M|100/100|[from] U-turn
|-status|p1a: Samurott|psn
|
|-damage|p1a: Samurott|88/100 psn|[from] psn
|upkeep
|turn|2
|
|t:|1758981448
|move|p2a: Glimmora|Stealth Rock|p1a: Samurott
|-sidestart|p1: 5AH1L|move: Stealth Rock
|move|p1a: Samurott|Razor Shell|p2a: Glimmora
|-resisted|p2a: Glimmora
|-damage|p2a: Glimmora|0 fnt
|-activate|p2a: Glimmora|ability: Toxic Debris
|-sidestart|p1: 5AH1L|move: Toxic Spikes
|faint|p2a: Glimmora
|
|-damage|p1a: Samurott|76/100 psn|[from] psn
|upkeep
|inactive|Memergg has 10 seconds left.
|
|t:|1758981457
|switch|p2a: Iron Moth|Iron Moth|100/100
|-enditem|p2a: Iron Moth|Booster Energy
|-activate|p2a: Iron Moth|ability: Quark Drive|[fromitem]
|-start|p2a: Iron Moth|quarkdrivespe
|turn|3
|
|t:|1758981460
|move|p2a: Iron Moth|Fiery Dance|p1a: Samurott
|-supereffective|p1a: Samurott
|-damage|p1a: Samurott|0 fnt
|faint|p1a: Samurott
|
|upkeep
|
|t:|1758981464
|switch|p1a: Scizor|Scizor, F|88/100
|-damage|p1a: Scizor|76/100|[from] Stealth Rock
|turn|4
|inactive|Memergg has 10 seconds left.
|
|t:|1758981471
|-terastallize|p2a: Iron Moth|Fairy
|move|p1a: Scizor|Bullet Punch|p2a: Iron Moth
|-resisted|p2a: Iron Moth
|-damage|p2a: Iron Moth|67/100
|move|p2a: Iron Moth|Substitute|p2a: Iron Moth
|-start|p2a: Iron Moth|Substitute
|-damage|p2a: Iron Moth|42/100
|
|upkeep
|turn|5
|
|t:|1758981476
|switch|p1a: Kingambit|Kingambit, F|100/100
|-damage|p1a: Kingambit|76/100|[from] Stealth Rock
|-activate|p1a: Kingambit|ability: Supreme Overlord
|-start|p1a: Kingambit|fallen1|[silent]
|move|p2a: Iron Moth|Dazzling Gleam|p1a: Kingambit
|-damage|p1a: Kingambit|32/100
|
|upkeep
|turn|6
|
|t:|1758981480
|move|p1a: Kingambit|Sucker Punch|p2a: Iron Moth
|-supereffective|p2a: Iron Moth
|-end|p2a: Iron Moth|Substitute
|move|p2a: Iron Moth|Sludge Wave|p1a: Kingambit
|-supereffective|p1a: Kingambit
|-damage|p1a: Kingambit|0 fnt
|faint|p1a: Kingambit
|-end|p1a: Kingambit|fallen1|[silent]
|
|upkeep
|
|t:|1758981484
|switch|p1a: Cresselia|Cresselia, F|100/100
|-damage|p1a: Cresselia|88/100|[from] Stealth Rock
|turn|7
|
|t:|1758981488
|move|p2a: Iron Moth|Fiery Dance|p1a: Cresselia
|-damage|p1a: Cresselia|64/100
|-boost|p2a: Iron Moth|spa|1
|move|p1a: Cresselia|Calm Mind|p1a: Cresselia
|-boost|p1a: Cresselia|spa|1
|-boost|p1a: Cresselia|spd|1
|
|-heal|p1a: Cresselia|70/100|[from] item: Leftovers
|upkeep
|turn|8
|inactive|Memergg has 10 seconds left.
|
|t:|1758981497
|move|p2a: Iron Moth|Sludge Wave|p1a: Cresselia
|-damage|p1a: Cresselia|42/100
|move|p1a: Cresselia|Moonlight|p1a: Cresselia
|-heal|p1a: Cresselia|92/100
|
|-heal|p1a: Cresselia|98/100|[from] item: Leftovers
|upkeep
|turn|9
|
|t:|1758981500
|move|p2a: Iron Moth|Fiery Dance|p1a: Cresselia
|-damage|p1a: Cresselia|75/100
|move|p1a: Cresselia|Moonblast|p2a: Iron Moth
|-damage|p2a: Iron Moth|13/100
|
|-heal|p1a: Cresselia|81/100|[from] item: Leftovers
|upkeep
|turn|10
|
|t:|1758981503
|move|p2a: Iron Moth|Fiery Dance|p1a: Cresselia
|-crit|p1a: Cresselia
|-damage|p1a: Cresselia|27/100
|move|p1a: Cresselia|Moonblast|p2a: Iron Moth
|-damage|p2a: Iron Moth|0 fnt
|faint|p2a: Iron Moth
|-end|p2a: Iron Moth|Quark Drive|[silent]
|
|-heal|p1a: Cresselia|33/100|[from] item: Leftovers
|upkeep
|inactive|Memergg has 10 seconds left.
|
|t:|1758981511
|switch|p2a: Zamazenta|Zamazenta|100/100
|-ability|p2a: Zamazenta|Dauntless Shield|boost
|-boost|p2a: Zamazenta|def|1
|turn|11
|
|t:|1758981515
|move|p2a: Zamazenta|Body Press|p1a: Cresselia
|-supereffective|p1a: Cresselia
|-damage|p1a: Cresselia|0 fnt
|faint|p1a: Cresselia
|
|upkeep
|
|t:|1758981519
|switch|p1a: Scizor|Scizor, F|76/100
|-damage|p1a: Scizor|63/100|[from] Stealth Rock
|turn|12
|
|t:|1758981523
|move|p1a: Scizor|Bullet Punch|p2a: Zamazenta
|-damage|p2a: Zamazenta|77/100
|move|p2a: Zamazenta|Iron Defense|p2a: Zamazenta
|-boost|p2a: Zamazenta|def|2
|
|-heal|p2a: Zamazenta|83/100|[from] item: Leftovers
|upkeep
|turn|13
|inactive|Memergg has 10 seconds left.
|
|t:|1758981528
|move|p1a: Scizor|Bullet Punch|p2a: Zamazenta
|-damage|p2a: Zamazenta|68/100
|move|p2a: Zamazenta|Body Press|p1a: Scizor
|-damage|p1a: Scizor|0 fnt
|faint|p1a: Scizor
|
|-heal|p2a: Zamazenta|74/100|[from] item: Leftovers
|upkeep
|inactive|5AH1L has 10 seconds left.
|
|t:|1758981534
|switch|p1a: Iron Valiant|Iron Valiant|100/100
|-status|p1a: Iron Valiant|tox
|-damage|p1a: Iron Valiant|76/100 tox|[from] Stealth Rock
|-enditem|p1a: Iron Valiant|Booster Energy
|-activate|p1a: Iron Valiant|ability: Quark Drive|[fromitem]
|-start|p1a: Iron Valiant|quarkdrivespe
|turn|14
|inactive|Memergg has 10 seconds left.
|
|t:|1758981540
|move|p1a: Iron Valiant|Destiny Bond|p1a: Iron Valiant
|-singlemove|p1a: Iron Valiant|Destiny Bond
|move|p2a: Zamazenta|Roar|p1a: Iron Valiant
|-end|p1a: Iron Valiant|Quark Drive|[silent]
|drag|p1a: Great Tusk|Great Tusk|100/100
|-status|p1a: Great Tusk|tox
|-damage|p1a: Great Tusk|50/100 tox|[from] Stealth Rock
|-enditem|p1a: Great Tusk|Booster Energy
|-activate|p1a: Great Tusk|ability: Protosynthesis|[fromitem]
|-start|p1a: Great Tusk|protosynthesisspe
|
|-heal|p2a: Zamazenta|80/100|[from] item: Leftovers
|-damage|p1a: Great Tusk|44/100 tox|[from] psn
|upkeep
|turn|15
|inactive|Memergg has 10 seconds left.
|
|t:|1758981545
|move|p1a: Great Tusk|Ice Spinner|p2a: Zamazenta
|-damage|p2a: Zamazenta|73/100
|move|p2a: Zamazenta|Body Press|p1a: Great Tusk
|-damage|p1a: Great Tusk|0 fnt
|faint|p1a: Great Tusk
|-end|p1a: Great Tusk|Protosynthesis|[silent]
|
|-heal|p2a: Zamazenta|80/100|[from] item: Leftovers
|upkeep
|inactive|5AH1L has 10 seconds left.
|c|☆5AH1L|Gg all are my attack type
|inactive|5AH1L has 5 seconds left.
|
|t:|1758981556
|switch|p1a: Iron Valiant|Iron Valiant|76/100 tox
|-damage|p1a: Iron Valiant|51/100 tox|[from] Stealth Rock
|turn|16
|c|☆Memergg|Lol
|
|t:|1758981559
|move|p2a: Zamazenta|Body Press|p1a: Iron Valiant
|-supereffective|p1a: Iron Valiant
|-damage|p1a: Iron Valiant|0 fnt
|faint|p1a: Iron Valiant
|-end|p1a: Iron Valiant|Quark Drive|[silent]
|
|win|Memergg
|n|☆5AH1L|5ah1l
|n|☆Memergg|memergg
|n|*Lady Monita ☀|ladymonita
|l|*Lady Monita ☀
