|j|‽PokeRish
|j|☆lrwda
|t:|1759041588
|gametype|singles
|player|p1|PokeRish|102|1241
|player|p2|lrwda|101|1242
|gen|9
|tier|[Gen 9] OU
|rated|
|rule|HP Percentage Mod: HP is shown in percentages
|rule|Endless Battle Clause: Forcing endless battles is banned
|rule|Species Clause: Limit one of each Pokémon
|rule|OHKO Clause: OHKO moves are banned
|rule|Evasion Items Clause: Evasion items are banned
|rule|Evasion Moves Clause: Evasion moves are banned
|rule|Evasion Abilities Clause: Evasion abilities are banned
|rule|Sleep Moves Clause: Sleep-inducing moves are banned
|clearpoke
|poke|p1|Enamorus, F|
|poke|p1|Dondozo, F|
|poke|p1|Ogerpon-Wellspring, F|
|poke|p1|Gliscor, M|
|poke|p1|Gholdengo|
|poke|p1|Iron Treads|
|poke|p2|Dragapult, M|
|poke|p2|Hatterene, F|
|poke|p2|Raging Bolt|
|poke|p2|Dondozo, M|
|poke|p2|Inteleon, M|
|poke|p2|Meowscarada, M|
|teampreview
|inactive|Battle timer is ON: inactive players will automatically lose when time's up. (requested by lrwda)
|
|t:|1759041598
|teamsize|p1|6
|teamsize|p2|6
|start
|switch|p1a: Iron Treads|Iron Treads|100/100
|switch|p2a: Inteleon|Inteleon, M|100/100
|turn|1
|
|t:|1759041610
|-end|p1a: Iron Treads|Quark Drive|[silent]
|switch|p1a: Ogerpon|Ogerpon-Wellspring, F|100/100
|move|p2a: Inteleon|Scald|p1a: Ogerpon
|-immune|p1a: Ogerpon|[from] ability: Water Absorb
|
|upkeep
|turn|2
|
|t:|1759041622
|switch|p2a: Raging Bolt|Raging Bolt|100/100
|-enditem|p2a: Raging Bolt|Booster Energy
|-activate|p2a: Raging Bolt|ability: Protosynthesis|[fromitem]
|-start|p2a: Raging Bolt|protosynthesisspa
|move|p1a: Ogerpon|Swords Dance|p1a: Ogerpon
|-boost|p1a: Ogerpon|atk|2
|
|upkeep
|turn|3
|
|t:|1759041645
|move|p2a: Raging Bolt|Thunderclap|p1a: Ogerpon
|-damage|p1a: Ogerpon|35/100
|move|p1a: Ogerpon|Play Rough|p2a: Raging Bolt
|-supereffective|p2a: Raging Bolt
|-damage|p2a: Raging Bolt|0 fnt
|faint|p2a: Raging Bolt
|-end|p2a: Raging Bolt|Protosynthesis|[silent]
|
|upkeep
|
|t:|1759041653
|switch|p2a: Meowscarada|Meowscarada, M|100/100
|turn|4
|
|t:|1759041668
|move|p2a: Meowscarada|Acrobatics|p1a: Ogerpon
|-start|p2a: Meowscarada|typechange|Flying|[from] ability: Protean
|-supereffective|p1a: Ogerpon
|-damage|p1a: Ogerpon|0 fnt
|faint|p1a: Ogerpon
|
|upkeep
|
|t:|1759041679
|switch|p1a: Iron Treads|Iron Treads|100/100
|turn|5
|
|t:|1759041692
|switch|p2a: Dondozo|Dondozo, M|100/100
|move|p1a: Iron Treads|Stealth Rock|p2a: Dondozo
|-sidestart|p2: lrwda|move: Stealth Rock
|
|upkeep
|turn|6
|
|t:|1759041704
|-end|p1a: Iron Treads|Quark Drive|[silent]
|switch|p1a: Gholdengo|Gholdengo|100/100
|move|p2a: Dondozo|Curse|p2a: Dondozo
|-unboost|p2a: Dondozo|spe|1
|-boost|p2a: Dondozo|atk|1
|-boost|p2a: Dondozo|def|1
|
|upkeep
|turn|7
|
|t:|1759041715
|move|p1a: Gholdengo|Thunderbolt|p2a: Dondozo
|-supereffective|p2a: Dondozo
|-damage|p2a: Dondozo|59/100
|move|p2a: Dondozo|Curse|p2a: Dondozo
|-unboost|p2a: Dondozo|spe|1
|-boost|p2a: Dondozo|atk|1
|-boost|p2a: Dondozo|def|1
|
|-heal|p2a: Dondozo|65/100|[from] item: Leftovers
|upkeep
|turn|8
|
|t:|1759041728
|-terastallize|p2a: Dondozo|Grass
|move|p1a: Gholdengo|Thunderbolt|p2a: Dondozo
|-resisted|p2a: Dondozo
|-damage|p2a: Dondozo|55/100
|move|p2a: Dondozo|Curse|p2a: Dondozo
|-unboost|p2a: Dondozo|spe|1
|-boost|p2a: Dondozo|atk|1
|-boost|p2a: Dondozo|def|1
|
|-heal|p2a: Dondozo|62/100|[from] item: Leftovers
|upkeep
|turn|9
|
|t:|1759041740
|switch|p1a: Gliscor|Gliscor, M|100/100
|move|p2a: Dondozo|Wave Crash|p1a: Gliscor
|-supereffective|p1a: Gliscor
|-damage|p1a: Gliscor|0 fnt
|faint|p1a: Gliscor
|-damage|p2a: Dondozo|43/100|[from] Recoil
|
|-heal|p2a: Dondozo|49/100|[from] item: Leftovers
|upkeep
|
|t:|1759041752
|switch|p1a: Enamorus|Enamorus, F|100/100
|turn|10
|
|t:|1759041759
|move|p1a: Enamorus|Moonblast|p2a: Dondozo
|-crit|p2a: Dondozo
|-damage|p2a: Dondozo|0 fnt
|faint|p2a: Dondozo
|
|upkeep
|
|t:|1759041767
|switch|p2a: Inteleon|Inteleon, M|100/100
|-damage|p2a: Inteleon|88/100|[from] Stealth Rock
|turn|11
|
|t:|1759041774
|switch|p1a: Gholdengo|Gholdengo|100/100
|move|p2a: Inteleon|Ice Beam|p1a: Gholdengo
|-resisted|p1a: Gholdengo
|-damage|p1a: Gholdengo|78/100
|
|upkeep
|turn|12
|
|t:|1759041786
|switch|p2a: Hatterene|Hatterene, F|100/100
|-damage|p2a: Hatterene|88/100|[from] Stealth Rock
|move|p1a: Gholdengo|Thunder Wave|p2a: Hatterene
|move|p2a: Hatterene|Thunder Wave|p1a: Gholdengo|[from] ability: Magic Bounce
|-immune|p1a: Gholdengo|[from] ability: Good as Gold
|
|upkeep
|turn|13
|
|t:|1759041799
|switch|p1a: Iron Treads|Iron Treads|100/100
|move|p2a: Hatterene|Draining Kiss|p1a: Iron Treads
|-resisted|p1a: Iron Treads
|-damage|p1a: Iron Treads|84/100
|-heal|p2a: Hatterene|100/100|[from] drain|[of] p1a: Iron Treads
|-damage|p2a: Hatterene|84/100|[from] item: Rocky Helmet|[of] p1a: Iron Treads
|
|upkeep
|turn|14
|
|t:|1759041815
|switch|p2a: Meowscarada|Meowscarada, M|100/100
|-damage|p2a: Meowscarada|88/100|[from] Stealth Rock
|move|p1a: Iron Treads|Rapid Spin|p2a: Meowscarada
|-damage|p2a: Meowscarada|69/100
|-boost|p1a: Iron Treads|spe|1
|
|upkeep
|turn|15
|
|t:|1759041826
|move|p1a: Iron Treads|Ice Spinner|p2a: Meowscarada
|-supereffective|p2a: Meowscarada
|-damage|p2a: Meowscarada|7/100
|move|p2a: Meowscarada|Brick Break|p1a: Iron Treads
|-start|p2a: Meowscarada|typechange|Fighting|[from] ability: Protean
|-supereffective|p1a: Iron Treads
|-damage|p1a: Iron Treads|3/100
|-damage|p2a: Meowscarada|0 fnt|[from] item: Rocky Helmet|[of] p1a: Iron Treads
|faint|p2a: Meowscarada
|
|upkeep
|inactive|lrwda has 120 seconds left.
|
|t:|1759041857
|switch|p2a: Dragapult|Dragapult, M|100/100
|-damage|p2a: Dragapult|88/100|[from] Stealth Rock
|turn|16
|
|t:|1759041863
|move|p1a: Iron Treads|Ice Spinner|p2a: Dragapult
|-supereffective|p2a: Dragapult
|-damage|p2a: Dragapult|30/100
|move|p2a: Dragapult|Body Slam|p1a: Iron Treads
|-resisted|p1a: Iron Treads
|-damage|p1a: Iron Treads|0 fnt
|-damage|p2a: Dragapult|13/100|[from] item: Rocky Helmet|[of] p1a: Iron Treads
|faint|p1a: Iron Treads
|-end|p1a: Iron Treads|Quark Drive|[silent]
|-damage|p2a: Dragapult|3/100|[from] item: Life Orb
|
|upkeep
|
|t:|1759041873
|switch|p1a: Gholdengo|Gholdengo|78/100
|turn|17
|inactive|lrwda has 120 seconds left.
|
|t:|1759041884
|move|p1a: Gholdengo|Shadow Ball|p2a: Dragapult
|-supereffective|p2a: Dragapult
|-damage|p2a: Dragapult|0 fnt
|faint|p2a: Dragapult
|
|upkeep
|inactive|lrwda has 120 seconds left.
|
|t:|1759041892
|switch|p2a: Hatterene|Hatterene, F|84/100
|-damage|p2a: Hatterene|72/100|[from] Stealth Rock
|turn|18
|
|t:|1759041898
|move|p1a: Gholdengo|Shadow Ball|p2a: Hatterene
|-supereffective|p2a: Hatterene
|-damage|p2a: Hatterene|12/100
|move|p2a: Hatterene|Mystical Fire|p1a: Gholdengo
|-supereffective|p1a: Gholdengo
|-damage|p1a: Gholdengo|10/100
|-unboost|p1a: Gholdengo|spa|1
|
|upkeep
|turn|19
|
|t:|1759041907
|move|p1a: Gholdengo|Shadow Ball|p2a: Hatterene
|-supereffective|p2a: Hatterene
|-damage|p2a: Hatterene|0 fnt
|faint|p2a: Hatterene
|
|upkeep
|
|t:|1759041912
|switch|p2a: Inteleon|Inteleon, M|88/100
|-damage|p2a: Inteleon|76/100|[from] Stealth Rock
|turn|20
|
|t:|1759041917
|switch|p1a: Dondozo|Dondozo, F|100/100
|move|p2a: Inteleon|Ice Beam|p1a: Dondozo
|-resisted|p1a: Dondozo
|-crit|p1a: Dondozo
|-damage|p1a: Dondozo|67/100
|
|-heal|p1a: Dondozo|73/100|[from] item: Leftovers
|upkeep
|turn|21
|
|t:|1759041926
|move|p2a: Inteleon|Ice Beam|p1a: Dondozo
|-resisted|p1a: Dondozo
|-damage|p1a: Dondozo|56/100
|move|p1a: Dondozo|Earthquake|p2a: Inteleon
|-damage|p2a: Inteleon|29/100
|
|-heal|p1a: Dondozo|62/100|[from] item: Leftovers
|upkeep
|turn|22
|-message|lrwda forfeited.
|
|win|PokeRish
|raw|PokeRish's rating: 1241 &rarr; <strong>1266</strong><br />(+25 for winning)
|raw|lrwda's rating: 1242 &rarr; <strong>1217</strong><br />(-25 for losing)
|l|☆lrwda
|player|p2|
|l|‽PokeRish
|player|p1|
