|j|☆Cungy21
|j|☆Oran9e
|t:|1759032544
|gametype|singles
|player|p1|Cungy21|li|1147
|player|p2|Oran9e|169|1124
|gen|9
|tier|[Gen 9] OU
|rated|
|rule|HP Percentage Mod: HP is shown in percentages
|rule|Endless Battle Clause: Forcing endless battles is banned
|rule|Species Clause: Limit one of each Pokémon
|rule|OHKO Clause: OHKO moves are banned
|rule|Evasion Items Clause: Evasion items are banned
|rule|Evasion Moves Clause: Evasion moves are banned
|rule|Evasion Abilities Clause: Evasion abilities are banned
|rule|Sleep Moves Clause: Sleep-inducing moves are banned
|clearpoke
|poke|p1|Zamazenta-*|
|poke|p1|Gholdengo|
|poke|p1|Darkrai|
|poke|p1|Dragapult, F|
|poke|p1|Dragonite, M|
|poke|p1|Slowking-Galar, M|
|poke|p2|Dragapult, M|
|poke|p2|Iron Treads|
|poke|p2|Zapdos|
|poke|p2|Umbreon, M|
|poke|p2|Ogerpon-Wellspring, F|
|poke|p2|Ampharos, M|
|teampreview
|inactive|Battle timer is ON: inactive players will automatically lose when time's up. (requested by Cungy21)
|
|t:|1759032570
|teamsize|p1|6
|teamsize|p2|6
|start
|switch|p1a: Slowking|Slowking-Galar, M|100/100
|switch|p2a: Dragapult|Dragapult, M|100/100
|turn|1
|
|t:|1759032580
|move|p2a: Dragapult|U-turn|p1a: Slowking
|-damage|p1a: Slowking|80/100
|
|t:|1759032592
|switch|p2a: Umbreon|Umbreon, M|100/100|[from] U-turn
|move|p1a: Slowking|Toxic|p2a: Umbreon
|-status|p2a: Umbreon|tox
|
|-heal|p1a: Slowking|86/100|[from] item: Leftovers
|-damage|p2a: Umbreon|94/100 tox|[from] psn
|upkeep
|turn|2
|
|t:|1759032614
|-terastallize|p1a: Slowking|Poison
|move|p2a: Umbreon|Rain Dance|p2a: Umbreon
|-weather|RainDance
|move|p1a: Slowking|Sludge Wave|p2a: Umbreon
|-damage|p2a: Umbreon|58/100 tox
|
|-weather|RainDance|[upkeep]
|-heal|p1a: Slowking|92/100|[from] item: Leftovers
|-damage|p2a: Umbreon|46/100 tox|[from] psn
|upkeep
|turn|3
|
|t:|1759032636
|move|p2a: Umbreon|Weather Ball|p1a: Slowking
|-damage|p1a: Slowking|69/100
|move|p1a: Slowking|Toxic|p2a: Umbreon
|-fail|p2a: Umbreon|tox
|
|-weather|RainDance|[upkeep]
|-heal|p1a: Slowking|75/100|[from] item: Leftovers
|-damage|p2a: Umbreon|27/100 tox|[from] psn
|upkeep
|turn|4
|inactive|Oran9e has 120 seconds left.
|
|t:|1759032657
|move|p2a: Umbreon|Weather Ball|p1a: Slowking
|-damage|p1a: Slowking|53/100
|move|p1a: Slowking|Future Sight|p2a: Umbreon
|-start|p1a: Slowking|move: Future Sight
|
|-weather|RainDance|[upkeep]
|-heal|p1a: Slowking|59/100|[from] item: Leftovers
|-damage|p2a: Umbreon|2/100 tox|[from] psn
|upkeep
|turn|5
|inactive|Oran9e has 120 seconds left.
|inactive|Cungy21 has 120 seconds left.
|
|t:|1759032697
|switch|p2a: Zapdos|Zapdos|100/100
|-ability|p2a: Zapdos|Pressure
|-prepare|p1a: Slowking|Chilly Reception|[premajor]
|move|p1a: Slowking|Chilly Reception|p1a: Slowking
|-weather|Snowscape
|inactive|Cungy21 has 90 seconds left.
|
|t:|1759032714
|switch|p1a: Darkrai|Darkrai|100/100|[from] Chilly Reception
|
|-weather|Snowscape|[upkeep]
|upkeep
|turn|6
|inactive|Oran9e has 120 seconds left.
|inactive|Cungy21 has 90 seconds left.
|
|t:|1759032737
|move|p1a: Darkrai|Ice Beam|p2a: Zapdos
|-supereffective|p2a: Zapdos
|-damage|p2a: Zapdos|19/100
|move|p2a: Zapdos|Volt Switch|p1a: Darkrai
|-damage|p1a: Darkrai|55/100
|
|t:|1759032746
|switch|p2a: Ogerpon|Ogerpon-Wellspring, F|100/100|[from] Volt Switch
|
|-weather|Snowscape|[upkeep]
|-end|p2a: Ogerpon|move: Future Sight
|-damage|p2a: Ogerpon|25/100
|upkeep
|turn|7
|inactive|Oran9e has 120 seconds left.
|
|t:|1759032760
|move|p1a: Darkrai|Ice Beam|p2a: Ogerpon
|-damage|p2a: Ogerpon|0 fnt
|faint|p2a: Ogerpon
|
|-weather|Snowscape|[upkeep]
|upkeep
|
|t:|1759032778
|switch|p2a: Dragapult|Dragapult, M|100/100
|turn|8
|
|t:|1759032781
|move|p1a: Darkrai|Ice Beam|p2a: Dragapult
|-supereffective|p2a: Dragapult
|-damage|p2a: Dragapult|37/100
|move|p2a: Dragapult|U-turn|p1a: Darkrai
|-supereffective|p1a: Darkrai
|-damage|p1a: Darkrai|0 fnt
|faint|p1a: Darkrai
|
|t:|1759032793
|switch|p2a: Zapdos|Zapdos|19/100|[from] U-turn
|-ability|p2a: Zapdos|Pressure
|
|-weather|Snowscape|[upkeep]
|upkeep
|inactive|Cungy21 has 120 seconds left.
|
|t:|1759032802
|switch|p1a: Gholdengo|Gholdengo, shiny|100/100
|turn|9
|
|t:|1759032808
|move|p1a: Gholdengo|Shadow Ball|p2a: Zapdos
|-crit|p2a: Zapdos
|-damage|p2a: Zapdos|0 fnt
|faint|p2a: Zapdos
|
|-weather|none
|upkeep
|inactive|Oran9e has 120 seconds left.
|
|t:|1759032828
|switch|p2a: Ampharos|Ampharos, M|100/100
|turn|10
|
|t:|1759032838
|switch|p1a: Slowking|Slowking-Galar, M, tera:Poison|92/100
|move|p2a: Ampharos|Meteor Beam||[still]
|-prepare|p2a: Ampharos|Meteor Beam
|-boost|p2a: Ampharos|spa|1
|-enditem|p2a: Ampharos|Power Herb
|-anim|p2a: Ampharos|Meteor Beam|p1a: Slowking
|-damage|p1a: Slowking|32/100
|
|-heal|p1a: Slowking|38/100|[from] item: Leftovers
|upkeep
|turn|11
|inactive|Oran9e has 120 seconds left.
|
|t:|1759032856
|switch|p1a: Zamazenta|Zamazenta, shiny|100/100
|-ability|p1a: Zamazenta|Dauntless Shield|boost
|-boost|p1a: Zamazenta|def|1
|move|p2a: Ampharos|Thunder|p1a: Zamazenta
|-damage|p1a: Zamazenta|23/100
|-status|p1a: Zamazenta|par
|
|upkeep
|turn|12
|
|t:|1759032867
|move|p1a: Zamazenta|Play Rough|p2a: Ampharos
|-damage|p2a: Ampharos|52/100
|move|p2a: Ampharos|Dazzling Gleam|p1a: Zamazenta
|-supereffective|p1a: Zamazenta
|-damage|p1a: Zamazenta|0 fnt
|faint|p1a: Zamazenta
|
|upkeep
|inactive|Cungy21 has 120 seconds left.
|
|t:|1759032883
|switch|p1a: Gholdengo|Gholdengo, shiny|100/100
|turn|13
|
|t:|1759032891
|move|p1a: Gholdengo|Shadow Ball|p2a: Ampharos
|-crit|p2a: Ampharos
|-damage|p2a: Ampharos|0 fnt
|faint|p2a: Ampharos
|
|upkeep
|inactive|Oran9e has 120 seconds left.
|
|t:|1759032909
|switch|p2a: Iron Treads|Iron Treads|100/100
|-enditem|p2a: Iron Treads|Booster Energy
|-activate|p2a: Iron Treads|ability: Quark Drive|[fromitem]
|-start|p2a: Iron Treads|quarkdriveatk
|turn|14
|inactive|Oran9e has 120 seconds left.
|
|t:|1759032920
|switch|p1a: Dragonite|Dragonite, M|100/100
|move|p2a: Iron Treads|Earthquake|p1a: Dragonite
|-immune|p1a: Dragonite
|
|upkeep
|turn|15
|inactive|Oran9e has 120 seconds left.
|
|t:|1759032932
|-end|p2a: Iron Treads|Quark Drive|[silent]
|switch|p2a: Umbreon|Umbreon, M|2/100 tox
|move|p1a: Dragonite|Dragon Dance|p1a: Dragonite
|-boost|p1a: Dragonite|atk|1
|-boost|p1a: Dragonite|spe|1
|
|-damage|p2a: Umbreon|0 fnt|[from] psn
|faint|p2a: Umbreon
|upkeep
|
|t:|1759032942
|switch|p2a: Dragapult|Dragapult, M|37/100
|turn|16
|
|t:|1759032951
|move|p2a: Dragapult|Dragon Darts|p1a: Dragonite
|-supereffective|p1a: Dragonite
|-damage|p1a: Dragonite|74/100
|-anim|p2a: Dragapult|Dragon Darts|p1a: Dragonite
|-supereffective|p1a: Dragonite
|-damage|p1a: Dragonite|18/100
|move|p1a: Dragonite|Ice Spinner|p2a: Dragapult
|-supereffective|p2a: Dragapult
|-damage|p2a: Dragapult|0 fnt
|-start|p1a: Dragonite|Disable|Ice Spinner|[from] ability: Cursed Body|[of] p2a: Dragapult
|faint|p2a: Dragapult
|-damage|p1a: Dragonite|8/100|[from] item: Life Orb
|
|upkeep
|inactive|Oran9e has 120 seconds left.
|
|t:|1759032962
|switch|p2a: Iron Treads|Iron Treads|100/100
|turn|17
|inactive|Oran9e has 120 seconds left.
|
|t:|1759032973
|-terastallize|p2a: Iron Treads|Steel
|move|p1a: Dragonite|Earthquake|p2a: Iron Treads
|-supereffective|p2a: Iron Treads
|-damage|p2a: Iron Treads|0 fnt
|faint|p2a: Iron Treads
|-end|p2a: Iron Treads|Quark Drive|[silent]
|-damage|p1a: Dragonite|0 fnt|[from] item: Life Orb
|faint|p1a: Dragonite
|
|win|Cungy21
|raw|Cungy21's rating: 1147 &rarr; <strong>1170</strong><br />(+23 for winning)
|raw|Oran9e's rating: 1124 &rarr; <strong>1101</strong><br />(-23 for losing)
|c|☆Cungy21|gg
|l|☆Oran9e
|player|p2|
|l|☆Cungy21
|player|p1|
