|j|☆Kasper67
|j|☆tidididid
|t:|1758956611
|gametype|singles
|player|p1|Kasper67|hilbert|1060
|player|p2|tidididid|1|1077
|gen|9
|tier|[Gen 9] OU
|rated|
|rule|HP Percentage Mod: HP is shown in percentages
|rule|Endless Battle Clause: Forcing endless battles is banned
|rule|Species Clause: Limit one of each Pokémon
|rule|OHKO Clause: OHKO moves are banned
|rule|Evasion Items Clause: Evasion items are banned
|rule|Evasion Moves Clause: Evasion moves are banned
|rule|Evasion Abilities Clause: Evasion abilities are banned
|rule|Sleep Moves Clause: Sleep-inducing moves are banned
|clearpoke
|poke|p1|Slowking-Galar, F|
|poke|p1|Beartic, F|
|poke|p1|Ceruledge, F|
|poke|p1|Galvantula, F|
|poke|p1|Hitmonlee, M|
|poke|p1|Zoroark, F|
|poke|p2|Ditto|
|poke|p2|Maushold-Four|
|poke|p2|Zoroark-Hisui, M|
|poke|p2|Gliscor, F|
|poke|p2|Garganacl, M|
|poke|p2|Clefable, M|
|teampreview
|inactive|Battle timer is ON: inactive players will automatically lose when time's up. (requested by tidididid)
|
|t:|1758956632
|teamsize|p1|6
|teamsize|p2|6
|start
|switch|p1a: Slowking|Slowking-Galar, F, shiny|100/100
|switch|p2a: Garganacl|Garganacl, M|100/100
|turn|1
|
|t:|1758956643
|move|p2a: Garganacl|U-turn|p1a: Slowking
|-damage|p1a: Slowking|85/100
|
|t:|1758956647
|switch|p2a: Gliscor|Gliscor, F|100/100|[from] U-turn
|move|p1a: Slowking|Toxic Spikes|p2a: Gliscor
|-sidestart|p2: tidididid|move: Toxic Spikes
|
|-status|p2a: Gliscor|tox|[from] item: Toxic Orb
|upkeep
|turn|2
|
|t:|1758956659
|move|p2a: Gliscor|Earthquake|p1a: Slowking
|-supereffective|p1a: Slowking
|-damage|p1a: Slowking|20/100
|-prepare|p1a: Slowking|Chilly Reception|[premajor]
|move|p1a: Slowking|Chilly Reception|p1a: Slowking
|-weather|Snowscape
|
|t:|1758956666
|switch|p1a: Beartic|Beartic, F, shiny|100/100|[from] Chilly Reception
|
|-weather|Snowscape|[upkeep]
|upkeep
|turn|3
|
|t:|1758956674
|switch|p2a: Garganacl|Garganacl, M|100/100
|-terastallize|p1a: Beartic|Electric
|move|p1a: Beartic|Swords Dance|p1a: Beartic
|-boost|p1a: Beartic|atk|2
|
|-weather|Snowscape|[upkeep]
|upkeep
|turn|4
|c|☆Kasper67|big mistake
|
|t:|1758956686
|move|p1a: Beartic|Earthquake|p2a: Garganacl
|-supereffective|p2a: Garganacl
|-damage|p2a: Garganacl|11/100
|move|p2a: Garganacl|Salt Cure|p1a: Beartic
|-damage|p1a: Beartic|85/100
|-start|p1a: Beartic|Salt Cure
|
|-weather|Snowscape|[upkeep]
|-heal|p2a: Garganacl|18/100|[from] item: Leftovers
|-damage|p1a: Beartic|73/100|[from] Salt Cure
|upkeep
|turn|5
|c|☆Kasper67|Nooo
|
|t:|1758956699
|move|p1a: Beartic|Earthquake|p2a: Garganacl
|-supereffective|p2a: Garganacl
|-damage|p2a: Garganacl|0 fnt
|faint|p2a: Garganacl
|
|-weather|Snowscape|[upkeep]
|-damage|p1a: Beartic|60/100|[from] Salt Cure
|upkeep
|c|☆Kasper67|how 800 attack stat
|c|☆Kasper67|and muscle band
|
|t:|1758956716
|switch|p2a: Ditto|Ditto|100/100
|-status|p2a: Ditto|psn
|-transform|p2a: Ditto|p1a: Beartic|[from] ability: Imposter
|-start|p2a: Ditto|typechange|Ice|[silent]
|turn|6
|
|t:|1758956726
|move|p2a: Ditto|Earthquake|p1a: Beartic
|-supereffective|p1a: Beartic
|-damage|p1a: Beartic|0 fnt
|faint|p1a: Beartic
|
|-weather|Snowscape|[upkeep]
|-damage|p2a: Ditto|88/100 psn|[from] psn
|upkeep
|
|t:|1758956737
|switch|p1a: Galvantula|Galvantula, F, shiny|100/100
|turn|7
|-message|Kasper67 forfeited.
|
|win|tidididid
|raw|Kasper67's rating: 1060 &rarr; <strong>1042</strong><br />(-18 for losing)
|raw|tidididid's rating: 1077 &rarr; <strong>1104</strong><br />(+27 for winning)
|l|☆Kasper67
|player|p1|
|l|☆tidididid
|player|p2|
