|j|☆2015kembawalker
|j|☆Shibuya Arc
|t:|1758919099
|gametype|singles
|player|p1|2015kembawalker|265|1488
|player|p2|Shibuya Arc|265|1487
|gen|9
|tier|[Gen 9] OU
|rated|
|rule|HP Percentage Mod: HP is shown in percentages
|rule|Endless Battle Clause: Forcing endless battles is banned
|rule|Species Clause: Limit one of each Pokémon
|rule|OHKO Clause: OHKO moves are banned
|rule|Evasion Items Clause: Evasion items are banned
|rule|Evasion Moves Clause: Evasion moves are banned
|rule|Evasion Abilities Clause: Evasion abilities are banned
|rule|Sleep Moves Clause: Sleep-inducing moves are banned
|clearpoke
|poke|p1|Tyranitar, M|
|poke|p1|Excadrill, M|
|poke|p1|Tornadus-Therian, M|
|poke|p1|Tinkaton, F|
|poke|p1|Sinistcha|
|poke|p1|Toxapex, M|
|poke|p2|Dragapult, M|
|poke|p2|Dragonite, F|
|poke|p2|Ting-Lu|
|poke|p2|Weezing-Galar, F|
|poke|p2|Iron Crown|
|poke|p2|Zapdos|
|teampreview
|inactive|Battle timer is ON: inactive players will automatically lose when time's up. (requested by 2015kembawalker)
|inactive|Shibuya Arc also wants the timer to be on.
|
|t:|1758919118
|teamsize|p1|6
|teamsize|p2|6
|start
|switch|p1a: Tyranitar|Tyranitar, M, shiny|100/100
|switch|p2a: Iron Crown|Iron Crown|100/100
|-weather|Sandstorm|[from] ability: Sand Stream|[of] p1a: Tyranitar
|turn|1
|
|t:|1758919124
|-terastallize|p2a: Iron Crown|Steel
|move|p2a: Iron Crown|Tachyon Cutter|p1a: Tyranitar
|-supereffective|p1a: Tyranitar
|-damage|p1a: Tyranitar|34/100
|-supereffective|p1a: Tyranitar
|-damage|p1a: Tyranitar|0 fnt
|faint|p1a: Tyranitar
|-hitcount|p1: Tyranitar|2
|
|-weather|Sandstorm|[upkeep]
|upkeep
|
|t:|1758919135
|switch|p1a: Excadrill|Excadrill, M, shiny|100/100
|turn|2
|
|t:|1758919141
|-end|p2a: Iron Crown|Quark Drive|[silent]
|switch|p2a: Ting-Lu|Ting-Lu|100/100
|-ability|p2a: Ting-Lu|Vessel of Ruin
|move|p1a: Excadrill|Rock Slide|p2a: Ting-Lu|[miss]
|-miss|p1a: Excadrill|p2a: Ting-Lu
|
|-weather|Sandstorm|[upkeep]
|upkeep
|turn|3
|
|t:|1758919147
|switch|p1a: Tinkaton|Tinkaton, F, shiny|100/100
|-item|p1a: Tinkaton|Air Balloon
|switch|p2a: Iron Crown|Iron Crown, tera:Steel|100/100
|
|-weather|Sandstorm|[upkeep]
|upkeep
|turn|4
|
|t:|1758919153
|switch|p1a: Toxapex|Toxapex, M, shiny|100/100
|move|p2a: Iron Crown|Tachyon Cutter|p1a: Toxapex
|-resisted|p1a: Toxapex
|-damage|p1a: Toxapex|83/100
|-resisted|p1a: Toxapex
|-damage|p1a: Toxapex|66/100
|-hitcount|p1a: Toxapex|2
|-enditem|p1a: Toxapex|Eject Button
|
|t:|1758919156
|switch|p1a: Excadrill|Excadrill, M, shiny|100/100
|
|-weather|Sandstorm|[upkeep]
|upkeep
|turn|5
|
|t:|1758919162
|-end|p2a: Iron Crown|Quark Drive|[silent]
|switch|p2a: Ting-Lu|Ting-Lu|100/100
|-ability|p2a: Ting-Lu|Vessel of Ruin
|move|p1a: Excadrill|Rock Slide|p2a: Ting-Lu|[miss]
|-miss|p1a: Excadrill|p2a: Ting-Lu
|
|-weather|none
|upkeep
|turn|6
|
|t:|1758919168
|switch|p1a: Tornadus|Tornadus-Therian, M, shiny|100/100
|switch|p2a: Iron Crown|Iron Crown, tera:Steel|100/100
|
|upkeep
|turn|7
|
|t:|1758919174
|move|p1a: Tornadus|Heat Wave|p2a: Iron Crown
|-supereffective|p2a: Iron Crown
|-damage|p2a: Iron Crown|10/100
|move|p2a: Iron Crown|Tachyon Cutter|p1a: Tornadus
|-damage|p1a: Tornadus|42/100
|-damage|p1a: Tornadus|0 fnt
|faint|p1a: Tornadus
|-hitcount|p1: Tornadus|2
|
|upkeep
|-message|2015kembawalker forfeited.
|
|win|Shibuya Arc
|raw|2015kembawalker's rating: 1488 &rarr; <strong>1468</strong><br />(-20 for losing)
|raw|Shibuya Arc's rating: 1487 &rarr; <strong>1507</strong><br />(+20 for winning)
