|j|☆BigBungusBong
|j|☆ay cheu
|t:|1759032823
|gametype|singles
|player|p1|BigBungusBong|blackbelt-gen4dp|1446
|player|p2|ay cheu|riley|1426
|gen|9
|tier|[Gen 9] OU
|rated|
|rule|HP Percentage Mod: HP is shown in percentages
|rule|Endless Battle Clause: Forcing endless battles is banned
|rule|Species Clause: Limit one of each Pokémon
|rule|OHKO Clause: OHKO moves are banned
|rule|Evasion Items Clause: Evasion items are banned
|rule|Evasion Moves Clause: Evasion moves are banned
|rule|Evasion Abilities Clause: Evasion abilities are banned
|rule|Sleep Moves Clause: Sleep-inducing moves are banned
|clearpoke
|poke|p1|Gengar, M|
|poke|p1|Cinderace, M|
|poke|p1|Ting-Lu|
|poke|p1|Zamazenta-*|
|poke|p1|Ogerpon-Wellspring, F|
|poke|p1|Iron Valiant|
|poke|p2|Arcanine-Hisui, M|
|poke|p2|Metagross|
|poke|p2|Sandy Shocks|
|poke|p2|Zapdos-Galar|
|poke|p2|Suicune|
|poke|p2|Frosmoth, F|
|teampreview
|inactive|Battle timer is ON: inactive players will automatically lose when time's up. (requested by ay cheu)
|
|t:|1759032829
|teamsize|p1|6
|teamsize|p2|6
|start
|switch|p1a: Gengar|Gengar, M|100/100
|switch|p2a: 隼|Zapdos-Galar|100/100
|turn|1
|
|t:|1759032834
|move|p2a: 隼|Knock Off|p1a: Gengar
|-supereffective|p1a: Gengar
|-enditem|p1a: Gengar|Focus Sash
|-damage|p1a: Gengar|1/100
|move|p1a: Gengar|Will-O-Wisp|p2a: 隼
|-status|p2a: 隼|brn
|
|-damage|p2a: 隼|94/100 brn|[from] brn
|upkeep
|turn|2
|
|t:|1759032850
|switch|p1a: Ogerpon|Ogerpon-Wellspring, F|100/100
|move|p2a: 隼|Knock Off|p1a: Ogerpon
|-damage|p1a: Ogerpon|85/100
|
|-damage|p2a: 隼|88/100 brn|[from] brn
|upkeep
|turn|3
|
|t:|1759032858
|switch|p2a: 君君|Suicune|100/100
|-ability|p2a: 君君|Pressure
|move|p1a: Ogerpon|U-turn|p2a: 君君
|-damage|p2a: 君君|86/100
|
|t:|1759032879
|switch|p1a: Cinderace|Cinderace, M|100/100|[from] U-turn
|
|-heal|p2a: 君君|92/100|[from] item: Leftovers
|upkeep
|turn|4
|
|t:|1759032884
|move|p1a: Cinderace|U-turn|p2a: 君君
|-start|p1a: Cinderace|typechange|Bug|[from] ability: Libero
|-damage|p2a: 君君|73/100
|
|t:|1759032886
|switch|p1a: Ogerpon|Ogerpon-Wellspring, F|85/100|[from] U-turn
|move|p2a: 君君|Substitute|p2a: 君君
|-start|p2a: 君君|Substitute
|-damage|p2a: 君君|48/100
|
|-heal|p2a: 君君|54/100|[from] item: Leftovers
|upkeep
|turn|5
|
|t:|1759032893
|-terastallize|p2a: 君君|Grass
|move|p1a: Ogerpon|Swords Dance|p1a: Ogerpon
|-boost|p1a: Ogerpon|atk|2
|move|p2a: 君君|Calm Mind|p2a: 君君
|-boost|p2a: 君君|spa|1
|-boost|p2a: 君君|spd|1
|
|-heal|p2a: 君君|61/100|[from] item: Leftovers
|upkeep
|turn|6
|
|t:|1759032906
|move|p1a: Ogerpon|Ivy Cudgel|p2a: 君君|[anim] Ivy Cudgel Water
|-resisted|p2a: 君君
|-end|p2a: 君君|Substitute
|move|p2a: 君君|Tera Blast|p1a: Ogerpon|[anim] Tera Blast Grass
|-damage|p1a: Ogerpon|40/100
|
|-heal|p2a: 君君|67/100|[from] item: Leftovers
|upkeep
|turn|7
|
|t:|1759032912
|move|p1a: Ogerpon|U-turn|p2a: 君君
|-supereffective|p2a: 君君
|-damage|p2a: 君君|5/100
|
|t:|1759032918
|switch|p1a: Cinderace|Cinderace, M|100/100|[from] U-turn
|move|p2a: 君君|Tera Blast|p1a: Cinderace|[anim] Tera Blast Grass
|-resisted|p1a: Cinderace
|-damage|p1a: Cinderace|73/100
|
|-heal|p2a: 君君|12/100|[from] item: Leftovers
|upkeep
|turn|8
|
|t:|1759032923
|switch|p2a: 隼|Zapdos-Galar|88/100 brn
|move|p1a: Cinderace|U-turn|p2a: 隼
|-start|p1a: Cinderace|typechange|Bug|[from] ability: Libero
|-resisted|p2a: 隼
|-damage|p2a: 隼|79/100 brn
|
|t:|1759032936
|switch|p1a: Zamazenta|Zamazenta|100/100|[from] U-turn
|-ability|p1a: Zamazenta|Dauntless Shield|boost
|-boost|p1a: Zamazenta|def|1
|
|-damage|p2a: 隼|73/100 brn|[from] brn
|upkeep
|turn|9
|
|t:|1759032941
|move|p2a: 隼|U-turn|p1a: Zamazenta
|-resisted|p1a: Zamazenta
|-damage|p1a: Zamazenta|98/100
|
|t:|1759032943
|switch|p2a: 力拔山兮|Metagross, shiny|100/100|[from] U-turn
|move|p1a: Zamazenta|Iron Defense|p1a: Zamazenta
|-boost|p1a: Zamazenta|def|2
|
|-heal|p1a: Zamazenta|100/100|[from] item: Leftovers
|upkeep
|turn|10
|
|t:|1759032947
|move|p1a: Zamazenta|Body Press|p2a: 力拔山兮
|-damage|p2a: 力拔山兮|57/100
|-damage|p1a: Zamazenta|84/100|[from] item: Rocky Helmet|[of] p2a: 力拔山兮
|move|p2a: 力拔山兮|Psychic Noise|p1a: Zamazenta
|-supereffective|p1a: Zamazenta
|-damage|p1a: Zamazenta|43/100
|-start|p1a: Zamazenta|move: Heal Block
|
|upkeep
|turn|11
|
|t:|1759032955
|switch|p1a: Ting-Lu|Ting-Lu|100/100
|-ability|p1a: Ting-Lu|Vessel of Ruin
|move|p2a: 力拔山兮|Psychic Noise|p1a: Ting-Lu
|-immune|p1a: Ting-Lu
|
|upkeep
|turn|12
|
|t:|1759032984
|move|p2a: 力拔山兮|Stealth Rock|p1a: Ting-Lu
|-sidestart|p1: BigBungusBong|move: Stealth Rock
|move|p1a: Ting-Lu|Ruination|p2a: 力拔山兮
|-damage|p2a: 力拔山兮|29/100
|
|upkeep
|turn|13
|
|t:|1759032990
|switch|p2a: 隼|Zapdos-Galar|73/100 brn
|move|p1a: Ting-Lu|Earthquake|p2a: 隼
|-immune|p2a: 隼
|
|-damage|p2a: 隼|67/100 brn|[from] brn
|upkeep
|turn|14
|
|t:|1759032996
|move|p2a: 隼|Close Combat|p1a: Ting-Lu
|-supereffective|p1a: Ting-Lu
|-damage|p1a: Ting-Lu|69/100
|-unboost|p2a: 隼|def|1
|-unboost|p2a: 隼|spd|1
|move|p1a: Ting-Lu|Ruination|p2a: 隼|[miss]
|-miss|p1a: Ting-Lu|p2a: 隼
|
|-heal|p1a: Ting-Lu|76/100|[from] item: Leftovers
|-damage|p2a: 隼|60/100 brn|[from] brn
|upkeep
|turn|15
|inactive|BigBungusBong has 120 seconds left.
|
|t:|1759033039
|move|p2a: 隼|Close Combat|p1a: Ting-Lu
|-supereffective|p1a: Ting-Lu
|-crit|p1a: Ting-Lu
|-damage|p1a: Ting-Lu|23/100
|-unboost|p2a: 隼|def|1
|-unboost|p2a: 隼|spd|1
|move|p1a: Ting-Lu|Ruination|p2a: 隼
|-damage|p2a: 隼|30/100 brn
|
|-heal|p1a: Ting-Lu|29/100|[from] item: Leftovers
|-damage|p2a: 隼|24/100 brn|[from] brn
|upkeep
|turn|16
|
|t:|1759033054
|-terastallize|p1a: Ting-Lu|Water
|move|p2a: 隼|Close Combat|p1a: Ting-Lu
|-damage|p1a: Ting-Lu|12/100
|-unboost|p2a: 隼|def|1
|-unboost|p2a: 隼|spd|1
|move|p1a: Ting-Lu|Rest|p1a: Ting-Lu
|-status|p1a: Ting-Lu|slp|[from] move: Rest
|-heal|p1a: Ting-Lu|100/100 slp|[silent]
|
|-damage|p2a: 隼|18/100 brn|[from] brn
|upkeep
|turn|17
|
|t:|1759033067
|switch|p2a: Sandy Shocks|Sandy Shocks|100/100
|cant|p1a: Ting-Lu|slp
|move|p1a: Ting-Lu|Sleep Talk|p1a: Ting-Lu
|move|p1a: Ting-Lu|Ruination|p2a: Sandy Shocks|[from] move: Sleep Talk
|-damage|p2a: Sandy Shocks|50/100
|
|upkeep
|turn|18
|
|t:|1759033086
|switch|p1a: Gengar|Gengar, M|1/100
|-damage|p1a: Gengar|0 fnt|[from] Stealth Rock
|faint|p1a: Gengar
|move|p2a: Sandy Shocks|Volt Switch|p1: Gengar|[notarget]
|-fail|p2a: Sandy Shocks
|
|upkeep
|
|t:|1759033091
|switch|p1a: Cinderace|Cinderace, M|73/100
|turn|19
|
|t:|1759033096
|move|p1a: Cinderace|Court Change|p1a: Cinderace
|-start|p1a: Cinderace|typechange|Normal|[from] ability: Libero
|-swapsideconditions
|-activate|p1a: Cinderace|move: Court Change
|move|p2a: Sandy Shocks|Earth Power|p1a: Cinderace
|-damage|p1a: Cinderace|0 fnt
|faint|p1a: Cinderace
|-damage|p2a: Sandy Shocks|41/100|[from] item: Life Orb
|
|upkeep
|
|t:|1759033103
|switch|p1a: Ogerpon|Ogerpon-Wellspring, F|40/100
|turn|20
|
|t:|1759033106
|-end|p2a: Sandy Shocks|Protosynthesis|[silent]
|switch|p2a: 君君|Suicune, tera:Grass|12/100
|-damage|p2a: 君君|0 fnt|[from] Stealth Rock
|faint|p2a: 君君
|move|p1a: Ogerpon|Ivy Cudgel|p2: 君君|[notarget]
|-fail|p1a: Ogerpon
|
|upkeep
|
|t:|1759033109
|switch|p2a: 隼|Zapdos-Galar|18/100 brn
|-damage|p2a: 隼|5/100 brn|[from] Stealth Rock
|turn|21
|
|t:|1759033117
|switch|p1a: Ting-Lu|Ting-Lu, tera:Water|100/100 slp
|-ability|p1a: Ting-Lu|Vessel of Ruin
|move|p2a: 隼|U-turn|p1a: Ting-Lu
|-crit|p1a: Ting-Lu
|-damage|p1a: Ting-Lu|91/100 slp
|
|t:|1759033121
|switch|p2a: 扑火|Frosmoth, F, shiny|100/100|[from] U-turn
|
|-heal|p1a: Ting-Lu|98/100 slp|[from] item: Leftovers
|upkeep
|turn|22
|
|t:|1759033130
|switch|p1a: Iron Valiant|Iron Valiant|100/100
|-enditem|p1a: Iron Valiant|Booster Energy
|-activate|p1a: Iron Valiant|ability: Quark Drive|[fromitem]
|-start|p1a: Iron Valiant|quarkdrivespe
|move|p2a: 扑火|Defog|p1a: Iron Valiant
|-unboost|p1a: Iron Valiant|evasion|1
|-sideend|p2: ay cheu|Stealth Rock|[from] move: Defog|[of] p2a: 扑火
|
|upkeep
|turn|23
|
|t:|1759033136
|move|p1a: Iron Valiant|Taunt|p2a: 扑火
|-start|p2a: 扑火|move: Taunt
|move|p2a: 扑火|Ice Beam|p1a: Iron Valiant
|-damage|p1a: Iron Valiant|33/100
|
|upkeep
|turn|24
|
|t:|1759033147
|move|p1a: Iron Valiant|Calm Mind|p1a: Iron Valiant
|-boost|p1a: Iron Valiant|spa|1
|-boost|p1a: Iron Valiant|spd|1
|move|p2a: 扑火|U-turn|p1a: Iron Valiant
|-resisted|p1a: Iron Valiant
|-damage|p1a: Iron Valiant|29/100
|
|t:|1759033150
|switch|p2a: 隼|Zapdos-Galar|5/100 brn|[from] U-turn
|
|-damage|p2a: 隼|0 fnt|[from] brn
|faint|p2a: 隼
|upkeep
|
|t:|1759033153
|switch|p2a: 灰灰|Arcanine-Hisui, M|100/100
|turn|25
|
|t:|1759033157
|move|p2a: 灰灰|Extreme Speed|p1a: Iron Valiant
|-damage|p1a: Iron Valiant|0 fnt
|faint|p1a: Iron Valiant
|-end|p1a: Iron Valiant|Quark Drive|[silent]
|
|upkeep
|
|t:|1759033163
|switch|p1a: Ogerpon|Ogerpon-Wellspring, F|40/100
|turn|26
|
|t:|1759033165
|move|p2a: 灰灰|Extreme Speed|p1a: Ogerpon
|-damage|p1a: Ogerpon|0 fnt
|faint|p1a: Ogerpon
|
|upkeep
|
|t:|1759033168
|switch|p1a: Zamazenta|Zamazenta|43/100
|turn|27
|
|t:|1759033177
|switch|p2a: 力拔山兮|Metagross, shiny|29/100
|move|p1a: Zamazenta|Iron Defense|p1a: Zamazenta
|-boost|p1a: Zamazenta|def|2
|
|-heal|p1a: Zamazenta|49/100|[from] item: Leftovers
|upkeep
|turn|28
|
|t:|1759033183
|move|p1a: Zamazenta|Body Press|p2a: 力拔山兮
|-damage|p2a: 力拔山兮|0 fnt
|-damage|p1a: Zamazenta|33/100|[from] item: Rocky Helmet|[of] p2a: 力拔山兮
|faint|p2a: 力拔山兮
|
|-heal|p1a: Zamazenta|39/100|[from] item: Leftovers
|upkeep
|
|t:|1759033191
|switch|p2a: 扑火|Frosmoth, F, shiny|100/100
|turn|29
|inactive|BigBungusBong has 120 seconds left.
|
|t:|1759033247
|move|p1a: Zamazenta|Body Press|p2a: 扑火
|-damage|p2a: 扑火|0 fnt
|faint|p2a: 扑火
|
|-heal|p1a: Zamazenta|45/100|[from] item: Leftovers
|upkeep
|-message|ay cheu forfeited.
|
|win|BigBungusBong
|raw|BigBungusBong's rating: 1446 &rarr; <strong>1465</strong><br />(+19 for winning)
|raw|ay cheu's rating: 1426 &rarr; <strong>1407</strong><br />(-19 for losing)
|l|☆ay cheu
|player|p2|
|l|☆BigBungusBong
|player|p1|
