|j|☆tri644
|j|☆Blueyamadafr
|t:|1758936915
|gametype|singles
|player|p1|tri644|schoolkidf-gen4|1393
|player|p2|Blueyamadafr|will|1332
|gen|9
|tier|[Gen 9] OU
|rated|
|rule|HP Percentage Mod: HP is shown in percentages
|rule|Endless Battle Clause: Forcing endless battles is banned
|rule|Species Clause: Limit one of each Pokémon
|rule|OHKO Clause: OHKO moves are banned
|rule|Evasion Items Clause: Evasion items are banned
|rule|Evasion Moves Clause: Evasion moves are banned
|rule|Evasion Abilities Clause: Evasion abilities are banned
|rule|Sleep Moves Clause: Sleep-inducing moves are banned
|clearpoke
|poke|p1|Weavile, F|
|poke|p1|Scizor, M|
|poke|p1|Kleavor, M|
|poke|p1|Heracross, F|
|poke|p1|Slowbro-Galar, M|
|poke|p1|Zoroark-Hisui, F|
|poke|p2|Latios, M|
|poke|p2|Basculegion-F, F|
|poke|p2|Corviknight, F|
|poke|p2|Raging Bolt|
|poke|p2|Politoed, M|
|poke|p2|Rillaboom, F|
|teampreview
|inactive|Battle timer is ON: inactive players will automatically lose when time's up. (requested by Blueyamadafr)
|
|t:|1758936921
|teamsize|p1|6
|teamsize|p2|6
|start
|switch|p1a: Nagatora|Weavile, F|100/100
|switch|p2a: Latios|Latios, M|100/100
|turn|1
|
|t:|1758936933
|-terastallize|p2a: Latios|Fire
|move|p1a: Nagatora|Swords Dance|p1a: Nagatora
|-boost|p1a: Nagatora|atk|2
|move|p2a: Latios|Aura Sphere|p1a: Nagatora
|-supereffective|p1a: Nagatora
|-enditem|p1a: Nagatora|Focus Sash
|-damage|p1a: Nagatora|1/100
|
|upkeep
|turn|2
|
|t:|1758936937
|move|p1a: Nagatora|Beat Up|p2a: Latios
|-damage|p2a: Latios|76/100
|-damage|p2a: Latios|54/100
|-damage|p2a: Latios|31/100
|-damage|p2a: Latios|8/100
|-damage|p2a: Latios|0 fnt
|faint|p2a: Latios
|-hitcount|p2: Latios|5
|
|upkeep
|
|t:|1758936944
|switch|p2a: Rillaboom|Rillaboom, F|100/100
|-fieldstart|move: Grassy Terrain|[from] ability: Grassy Surge|[of] p2a: Rillaboom
|turn|3
|inactive|tri644 has 120 seconds left.
|
|t:|1758936982
|move|p1a: Nagatora|Ice Shard|p2a: Rillaboom
|-supereffective|p2a: Rillaboom
|-damage|p2a: Rillaboom|26/100
|move|p2a: Rillaboom|Grassy Glide|p1a: Nagatora
|-damage|p1a: Nagatora|0 fnt
|faint|p1a: Nagatora
|
|-heal|p2a: Rillaboom|32/100|[from] Grassy Terrain
|upkeep
|
|t:|1758936985
|switch|p1a: Rocky Balboa|Kleavor, M|100/100
|turn|4
|
|t:|1758936988
|move|p1a: Rocky Balboa|Stone Axe|p2a: Rillaboom
|-damage|p2a: Rillaboom|0 fnt
|-sidestart|p2: Blueyamadafr|move: Stealth Rock
|faint|p2a: Rillaboom
|
|upkeep
|
|t:|1758936991
|switch|p2a: Corviknight|Corviknight, F|100/100
|-damage|p2a: Corviknight|88/100|[from] Stealth Rock
|turn|5
|inactive|tri644 has 120 seconds left.
|inactive|tri644 has 90 seconds left.
|
|t:|1758937051
|move|p1a: Rocky Balboa|Swords Dance|p1a: Rocky Balboa
|-boost|p1a: Rocky Balboa|atk|2
|move|p2a: Corviknight|Defog|p1a: Rocky Balboa
|-unboost|p1a: Rocky Balboa|evasion|1
|-sideend|p2: Blueyamadafr|Stealth Rock|[from] move: Defog|[of] p2a: Corviknight
|-fieldend|move: Grassy Terrain
|
|upkeep
|turn|6
|
|t:|1758937057
|move|p1a: Rocky Balboa|Stone Axe|p2a: Corviknight|[miss]
|-miss|p1a: Rocky Balboa|p2a: Corviknight
|move|p2a: Corviknight|Bulk Up|p2a: Corviknight
|-boost|p2a: Corviknight|atk|1
|-boost|p2a: Corviknight|def|1
|
|upkeep
|turn|7
|
|t:|1758937069
|move|p1a: Rocky Balboa|Stone Axe|p2a: Corviknight
|-damage|p2a: Corviknight|43/100
|-damage|p1a: Rocky Balboa|84/100|[from] item: Rocky Helmet|[of] p2a: Corviknight
|-sidestart|p2: Blueyamadafr|move: Stealth Rock
|move|p2a: Corviknight|Body Press|p1a: Rocky Balboa
|-damage|p1a: Rocky Balboa|47/100
|-damage|p2a: Corviknight|26/100|[from] item: Rocky Helmet|[of] p1a: Rocky Balboa
|
|upkeep
|turn|8
|
|t:|1758937074
|move|p1a: Rocky Balboa|Stone Axe|p2a: Corviknight
|-damage|p2a: Corviknight|0 fnt
|-damage|p1a: Rocky Balboa|31/100|[from] item: Rocky Helmet|[of] p2a: Corviknight
|faint|p2a: Corviknight
|
|upkeep
|
|t:|1758937078
|switch|p2a: Raging Bolt|Raging Bolt|100/100
|-damage|p2a: Raging Bolt|88/100|[from] Stealth Rock
|-enditem|p2a: Raging Bolt|Booster Energy
|-activate|p2a: Raging Bolt|ability: Protosynthesis|[fromitem]
|-start|p2a: Raging Bolt|protosynthesisspa
|turn|9
|
|t:|1758937080
|move|p1a: Rocky Balboa|Quick Attack|p2a: Raging Bolt
|-damage|p2a: Raging Bolt|68/100
|move|p2a: Raging Bolt|Thunderclap||[still]
|-fail|p2a: Raging Bolt
|
|upkeep
|turn|10
|
|t:|1758937095
|move|p2a: Raging Bolt|Thunderclap|p1a: Rocky Balboa
|-damage|p1a: Rocky Balboa|0 fnt
|faint|p1a: Rocky Balboa
|
|upkeep
|inactive|tri644 has 120 seconds left.
|
|t:|1758937139
|switch|p1a: American School|Slowbro-Galar, M, shiny|100/100
|turn|11
|
|t:|1758937148
|move|p2a: Raging Bolt|Thunderbolt|p1a: American School
|-damage|p1a: American School|58/100
|move|p1a: American School|Shell Side Arm|p2a: Raging Bolt|[anim] Shell Side Arm Physical
|-crit|p2a: Raging Bolt
|-damage|p2a: Raging Bolt|25/100
|-hint|Physical Shell Side Arm
|
|upkeep
|turn|12
|
|t:|1758937174
|move|p2a: Raging Bolt|Thunderbolt|p1a: American School
|-damage|p1a: American School|21/100
|move|p1a: American School|Shell Side Arm|p2a: Raging Bolt|[anim] Shell Side Arm Physical
|-damage|p2a: Raging Bolt|0 fnt
|-hint|Physical Shell Side Arm
|faint|p2a: Raging Bolt
|-end|p2a: Raging Bolt|Protosynthesis|[silent]
|
|upkeep
|
|t:|1758937182
|switch|p2a: Politoed|Politoed, M|100/100
|-damage|p2a: Politoed|88/100|[from] Stealth Rock
|-weather|RainDance|[from] ability: Drizzle|[of] p2a: Politoed
|turn|13
|inactive|tri644 has 90 seconds left.
|-activate|p1a: American School|ability: Quick Draw
|
|t:|1758937229
|move|p1a: American School|Shell Side Arm|p2a: Politoed|[anim] Shell Side Arm Special
|-damage|p2a: Politoed|58/100
|-hint|Special Shell Side Arm
|move|p2a: Politoed|Surf|p1a: American School
|-damage|p1a: American School|0 fnt
|faint|p1a: American School
|-damage|p2a: Politoed|48/100|[from] item: Life Orb
|
|-weather|RainDance|[upkeep]
|upkeep
|
|t:|1758937237
|switch|p1a: Hera|Heracross, F|100/100
|turn|14
|
|t:|1758937242
|move|p1a: Hera|Trailblaze|p2a: Politoed
|-supereffective|p2a: Politoed
|-damage|p2a: Politoed|18/100
|-boost|p1a: Hera|spe|1
|move|p2a: Politoed|Surf|p1a: Hera
|-damage|p1a: Hera|35/100
|-damage|p2a: Politoed|8/100|[from] item: Life Orb
|
|-weather|RainDance|[upkeep]
|-status|p1a: Hera|brn|[from] item: Flame Orb
|upkeep
|turn|15
|
|t:|1758937260
|move|p1a: Hera|Trailblaze|p2a: Politoed
|-supereffective|p2a: Politoed
|-damage|p2a: Politoed|0 fnt
|-boost|p1a: Hera|spe|1
|faint|p2a: Politoed
|
|-weather|RainDance|[upkeep]
|-damage|p1a: Hera|29/100 brn|[from] brn
|upkeep
|
|t:|1758937262
|switch|p2a: Basculegion|Basculegion-F, F|100/100
|-damage|p2a: Basculegion|88/100|[from] Stealth Rock
|turn|16
|l|☆Blueyamadafr
|inactive|Blueyamadafr disconnected and has a minute to reconnect!
|player|p2|
|j|☆Blueyamadafr
|inactive|Blueyamadafr reconnected and has 145 seconds left.
|player|p2|Blueyamadafr|will|
|
|t:|1758937274
|move|p1a: Hera|Knock Off|p2a: Basculegion
|-supereffective|p2a: Basculegion
|-damage|p2a: Basculegion|0 fnt
|-enditem|p2a: Basculegion|Choice Specs|[from] move: Knock Off|[of] p1a: Hera
|faint|p2a: Basculegion
|
|win|tri644
|raw|tri644's rating: 1393 &rarr; <strong>1410</strong><br />(+17 for winning)
|raw|Blueyamadafr's rating: 1332 &rarr; <strong>1315</strong><br />(-17 for losing)
|l|☆Blueyamadafr
|player|p2|
|l|☆tri644
|player|p1|
