|j|☆Couchpilotjack
|j|☆war-XGeats
|t:|1759004309
|gametype|singles
|player|p1|Couchpilotjack|169|1156
|player|p2|war-XGeats|cynthia-gen4|1112
|gen|9
|tier|[Gen 9] OU
|rated|
|rule|HP Percentage Mod: HP is shown in percentages
|rule|Endless Battle Clause: Forcing endless battles is banned
|rule|Species Clause: Limit one of each Pokémon
|rule|OHKO Clause: OHKO moves are banned
|rule|Evasion Items Clause: Evasion items are banned
|rule|Evasion Moves Clause: Evasion moves are banned
|rule|Evasion Abilities Clause: Evasion abilities are banned
|rule|Sleep Moves Clause: Sleep-inducing moves are banned
|clearpoke
|poke|p1|Clodsire, M|
|poke|p1|Glimmora, F|
|poke|p1|Toxapex, M|
|poke|p1|Muk-Alola, F|
|poke|p1|Revavroom, F|
|poke|p1|Venomoth, M|
|poke|p2|Garchomp, M|
|poke|p2|Spiritomb, M|
|poke|p2|Milotic, F|
|poke|p2|Gastrodon, F|
|poke|p2|Lucario, M|
|poke|p2|Ogerpon-Wellspring, F|
|teampreview
|l|☆Couchpilotjack
|player|p1|
|inactive|Battle timer is ON: inactive players will automatically lose when time's up. (requested by war-XGeats)
|j|☆Couchpilotjack
|inactive|Couchpilotjack reconnected and has 150 seconds left.
|player|p1|Couchpilotjack|169|
|
|t:|1759004329
|teamsize|p1|6
|teamsize|p2|6
|start
|switch|p1a: Glimmora|Glimmora, F|100/100
|switch|p2a: Gastrodon|Gastrodon, F|100/100
|turn|1
|
|t:|1759004335
|move|p1a: Glimmora|Toxic|p2a: Gastrodon
|-status|p2a: Gastrodon|tox
|move|p2a: Gastrodon|Spikes|p1a: Glimmora
|-sidestart|p1: Couchpilotjack|Spikes
|
|-damage|p2a: Gastrodon|94/100 tox|[from] psn
|upkeep
|turn|2
|
|t:|1759004338
|move|p1a: Glimmora|Toxic Spikes|p2a: Gastrodon
|-sidestart|p2: war-XGeats|move: Toxic Spikes
|move|p2a: Gastrodon|Spikes|p1a: Glimmora
|-sidestart|p1: Couchpilotjack|Spikes
|
|-damage|p2a: Gastrodon|82/100 tox|[from] psn
|upkeep
|turn|3
|
|t:|1759004341
|move|p1a: Glimmora|Toxic Spikes|p2a: Gastrodon
|-sidestart|p2: war-XGeats|move: Toxic Spikes
|move|p2a: Gastrodon|Spikes|p1a: Glimmora
|-sidestart|p1: Couchpilotjack|Spikes
|
|-damage|p2a: Gastrodon|64/100 tox|[from] psn
|upkeep
|turn|4
|
|t:|1759004343
|move|p1a: Glimmora|Mortal Spin|p2a: Gastrodon
|-resisted|p2a: Gastrodon
|-damage|p2a: Gastrodon|61/100 tox
|-damage|p1a: Glimmora|84/100|[from] item: Rocky Helmet|[of] p2a: Gastrodon
|-sideend|p1: Couchpilotjack|Spikes|[from] move: Mortal Spin|[of] p1a: Glimmora
|move|p2a: Gastrodon|Earthquake|p1a: Glimmora
|-supereffective|p1a: Glimmora
|-damage|p1a: Glimmora|0 fnt
|faint|p1a: Glimmora
|
|-damage|p2a: Gastrodon|37/100 tox|[from] psn
|upkeep
|
|t:|1759004360
|switch|p1a: Muk|Muk-Alola, F|100/100
|turn|5
|
|t:|1759004365
|move|p1a: Muk|Protect|p1a: Muk
|-singleturn|p1a: Muk|Protect
|move|p2a: Gastrodon|Recover|p2a: Gastrodon
|-heal|p2a: Gastrodon|87/100 tox
|
|-damage|p2a: Gastrodon|56/100 tox|[from] psn
|upkeep
|turn|6
|
|t:|1759004370
|move|p1a: Muk|Knock Off|p2a: Gastrodon
|-damage|p2a: Gastrodon|29/100 tox
|-damage|p1a: Muk|84/100|[from] item: Rocky Helmet|[of] p2a: Gastrodon
|-activate|p2a: Gastrodon|ability: Sticky Hold
|move|p2a: Gastrodon|Spikes|p1a: Muk
|-sidestart|p1: Couchpilotjack|Spikes
|
|-heal|p1a: Muk|90/100|[from] item: Leftovers
|-damage|p2a: Gastrodon|0 fnt|[from] psn
|faint|p2a: Gastrodon
|upkeep
|
|t:|1759004377
|switch|p2a: Lucario|Lucario, M|100/100
|-item|p2a: Lucario|Air Balloon
|turn|7
|
|t:|1759004383
|move|p2a: Lucario|Swords Dance|p2a: Lucario
|-boost|p2a: Lucario|atk|2
|move|p1a: Muk|Toxic|p2a: Lucario
|-immune|p2a: Lucario
|
|-heal|p1a: Muk|96/100|[from] item: Leftovers
|upkeep
|turn|8
|inactive|Couchpilotjack has 120 seconds left.
|l|☆Couchpilotjack
|inactive|Couchpilotjack disconnected and has a minute to reconnect!
|player|p1|
|j|☆Couchpilotjack
|inactive|Couchpilotjack reconnected and has 110 seconds left.
|player|p1|Couchpilotjack|169|
|
|t:|1759004428
|switch|p1a: Clodsire|Clodsire, M|100/100
|-damage|p1a: Clodsire|88/100|[from] Spikes
|move|p2a: Lucario|Close Combat|p1a: Clodsire
|-resisted|p1a: Clodsire
|-damage|p1a: Clodsire|57/100
|-unboost|p2a: Lucario|def|1
|-unboost|p2a: Lucario|spd|1
|
|-heal|p1a: Clodsire|63/100|[from] item: Leftovers
|upkeep
|turn|9
|
|t:|1759004449
|switch|p1a: Toxapex|Toxapex, M|100/100
|-damage|p1a: Toxapex|88/100|[from] Spikes
|move|p2a: Lucario|Meteor Mash|p1a: Toxapex
|-resisted|p1a: Toxapex
|-damage|p1a: Toxapex|65/100
|
|-heal|p1a: Toxapex|71/100|[from] item: Leftovers
|upkeep
|turn|10
|
|t:|1759004459
|move|p1a: Toxapex|Baneful Bunker|p1a: Toxapex
|-singleturn|p1a: Toxapex|move: Protect
|move|p2a: Lucario|Swords Dance|p2a: Lucario
|-boost|p2a: Lucario|atk|2
|
|-heal|p1a: Toxapex|77/100|[from] item: Leftovers
|upkeep
|turn|11
|
|t:|1759004465
|move|p2a: Lucario|Meteor Mash|p1a: Toxapex|[miss]
|-miss|p2a: Lucario|p1a: Toxapex
|move|p1a: Toxapex|Liquidation|p2a: Lucario
|-damage|p2a: Lucario|47/100
|-unboost|p2a: Lucario|def|1
|-enditem|p2a: Lucario|Air Balloon
|
|-heal|p1a: Toxapex|83/100|[from] item: Leftovers
|upkeep
|turn|12
|inactive|Couchpilotjack has 120 seconds left.
|
|t:|1759004477
|move|p1a: Toxapex|Baneful Bunker|p1a: Toxapex
|-singleturn|p1a: Toxapex|move: Protect
|move|p2a: Lucario|Extreme Speed|p1a: Toxapex
|-activate|p1a: Toxapex|move: Protect
|
|-heal|p1a: Toxapex|90/100|[from] item: Leftovers
|upkeep
|turn|13
|
|t:|1759004482
|move|p2a: Lucario|Extreme Speed|p1a: Toxapex
|-crit|p1a: Toxapex
|-damage|p1a: Toxapex|21/100
|move|p1a: Toxapex|Liquidation|p2a: Lucario
|-damage|p2a: Lucario|0 fnt
|faint|p2a: Lucario
|
|-heal|p1a: Toxapex|27/100|[from] item: Leftovers
|upkeep
|
|t:|1759004489
|switch|p2a: Milotic|Milotic, F|100/100
|turn|14
|
|t:|1759004495
|move|p1a: Toxapex|Baneful Bunker|p1a: Toxapex
|-singleturn|p1a: Toxapex|move: Protect
|move|p2a: Milotic|Flip Turn|p1a: Toxapex
|-activate|p1a: Toxapex|move: Protect
|-status|p2a: Milotic|psn
|
|-heal|p1a: Toxapex|33/100|[from] item: Leftovers
|-damage|p2a: Milotic|88/100 psn|[from] psn
|upkeep
|turn|15
|
|t:|1759004501
|move|p2a: Milotic|Flip Turn|p1a: Toxapex
|-resisted|p1a: Toxapex
|-damage|p1a: Toxapex|30/100
|
|t:|1759004506
|switch|p2a: Ogerpon|Ogerpon-Wellspring, F|100/100|[from] Flip Turn
|-status|p2a: Ogerpon|tox
|move|p1a: Toxapex|Recover|p1a: Toxapex
|-heal|p1a: Toxapex|80/100
|
|-heal|p1a: Toxapex|86/100|[from] item: Leftovers
|-damage|p2a: Ogerpon|95/100 tox|[from] psn
|upkeep
|turn|16
|inactive|Couchpilotjack has 120 seconds left.
|
|t:|1759004538
|move|p1a: Toxapex|Baneful Bunker|p1a: Toxapex
|-singleturn|p1a: Toxapex|move: Protect
|move|p2a: Ogerpon|Spikes|p1a: Toxapex
|-sidestart|p1: Couchpilotjack|Spikes
|
|-heal|p1a: Toxapex|93/100|[from] item: Leftovers
|-damage|p2a: Ogerpon|83/100 tox|[from] psn
|upkeep
|turn|17
|inactive|Couchpilotjack has 120 seconds left.
|
|t:|1759004559
|switch|p1a: Revavroom|Revavroom, F|100/100
|-damage|p1a: Revavroom|84/100|[from] Spikes
|move|p2a: Ogerpon|Spikes|p1a: Revavroom
|-sidestart|p1: Couchpilotjack|Spikes
|
|-damage|p2a: Ogerpon|65/100 tox|[from] psn
|upkeep
|turn|18
|
|t:|1759004568
|move|p2a: Ogerpon|Ivy Cudgel|p1a: Revavroom|[anim] Ivy Cudgel Water
|-crit|p1a: Revavroom
|-damage|p1a: Revavroom|0 fnt
|faint|p1a: Revavroom
|
|-damage|p2a: Ogerpon|41/100 tox|[from] psn
|upkeep
|inactive|Couchpilotjack has 120 seconds left.
|
|t:|1759004589
|switch|p1a: Muk|Muk-Alola, F|96/100
|-damage|p1a: Muk|71/100|[from] Spikes
|turn|19
|
|t:|1759004594
|move|p1a: Muk|Protect|p1a: Muk
|-singleturn|p1a: Muk|Protect
|move|p2a: Ogerpon|U-turn|p1a: Muk
|-activate|p1a: Muk|move: Protect
|
|-heal|p1a: Muk|77/100|[from] item: Leftovers
|-damage|p2a: Ogerpon|11/100 tox|[from] psn
|upkeep
|turn|20
|inactive|Couchpilotjack has 120 seconds left.
|
|t:|1759004616
|move|p2a: Ogerpon|U-turn|p1a: Muk
|-damage|p1a: Muk|50/100
|
|t:|1759004619
|switch|p2a: Garchomp|Garchomp, M|100/100|[from] U-turn
|-status|p2a: Garchomp|tox
|move|p1a: Muk|Toxic|p2a: Garchomp
|-fail|p2a: Garchomp|tox
|
|-heal|p1a: Muk|56/100|[from] item: Leftovers
|-damage|p2a: Garchomp|94/100 tox|[from] psn
|upkeep
|turn|21
|
|t:|1759004626
|move|p1a: Muk|Protect|p1a: Muk
|-singleturn|p1a: Muk|Protect
|move|p2a: Garchomp|Swords Dance|p2a: Garchomp
|-boost|p2a: Garchomp|atk|2
|
|-heal|p1a: Muk|62/100|[from] item: Leftovers
|-damage|p2a: Garchomp|82/100 tox|[from] psn
|upkeep
|turn|22
|inactive|Couchpilotjack has 120 seconds left.
|
|t:|1759004632
|move|p2a: Garchomp|Scale Shot|p1a: Muk
|-damage|p1a: Muk|35/100
|-damage|p1a: Muk|7/100
|-damage|p1a: Muk|0 fnt
|faint|p1a: Muk
|-hitcount|p1: Muk|3
|-unboost|p2a: Garchomp|def|1
|-boost|p2a: Garchomp|spe|1
|
|-damage|p2a: Garchomp|64/100 tox|[from] psn
|upkeep
|
|t:|1759004634
|switch|p1a: Clodsire|Clodsire, M|63/100
|-damage|p1a: Clodsire|38/100|[from] Spikes
|turn|23
|
|t:|1759004645
|move|p1a: Clodsire|Protect|p1a: Clodsire
|-singleturn|p1a: Clodsire|Protect
|move|p2a: Garchomp|Dragon Tail|p1a: Clodsire
|-activate|p1a: Clodsire|move: Protect
|
|-heal|p1a: Clodsire|44/100|[from] item: Leftovers
|-damage|p2a: Garchomp|39/100 tox|[from] psn
|upkeep
|turn|24
|
|t:|1759004656
|move|p1a: Clodsire|Earthquake|p2a: Garchomp
|-damage|p2a: Garchomp|10/100 tox
|move|p2a: Garchomp|Dragon Tail|p1a: Clodsire
|-damage|p1a: Clodsire|7/100
|drag|p1a: Toxapex|Toxapex, M|100/100
|-damage|p1a: Toxapex|75/100|[from] Spikes
|
|-heal|p1a: Toxapex|82/100|[from] item: Leftovers
|-damage|p2a: Garchomp|0 fnt|[from] psn
|faint|p2a: Garchomp
|upkeep
|
|t:|1759004670
|switch|p2a: Spiritomb|Spiritomb, M|100/100
|-status|p2a: Spiritomb|tox
|-ability|p2a: Spiritomb|Pressure
|turn|25
|
|t:|1759004677
|move|p1a: Toxapex|Liquidation|p2a: Spiritomb
|-crit|p2a: Spiritomb
|-damage|p2a: Spiritomb|73/100 tox
|move|p2a: Spiritomb|Nasty Plot|p2a: Spiritomb
|-boost|p2a: Spiritomb|spa|2
|
|-heal|p1a: Toxapex|88/100|[from] item: Leftovers
|-heal|p2a: Spiritomb|79/100 tox|[from] item: Leftovers
|-damage|p2a: Spiritomb|73/100 tox|[from] psn
|upkeep
|turn|26
|
|t:|1759004685
|move|p1a: Toxapex|Liquidation|p2a: Spiritomb
|-damage|p2a: Spiritomb|53/100 tox
|move|p2a: Spiritomb|Dark Pulse|p1a: Toxapex
|-damage|p1a: Toxapex|43/100
|
|-heal|p1a: Toxapex|49/100|[from] item: Leftovers
|-heal|p2a: Spiritomb|59/100 tox|[from] item: Leftovers
|-damage|p2a: Spiritomb|47/100 tox|[from] psn
|upkeep
|turn|27
|
|t:|1759004691
|move|p1a: Toxapex|Liquidation|p2a: Spiritomb
|-damage|p2a: Spiritomb|25/100 tox
|move|p2a: Spiritomb|Dark Pulse|p1a: Toxapex
|-damage|p1a: Toxapex|7/100
|
|-heal|p1a: Toxapex|13/100|[from] item: Leftovers
|-heal|p2a: Spiritomb|31/100 tox|[from] item: Leftovers
|-damage|p2a: Spiritomb|13/100 tox|[from] psn
|upkeep
|turn|28
|
|t:|1759004700
|move|p2a: Spiritomb|Shadow Sneak|p1a: Toxapex
|-damage|p1a: Toxapex|6/100
|move|p1a: Toxapex|Recover|p1a: Toxapex
|-heal|p1a: Toxapex|56/100
|
|-heal|p1a: Toxapex|62/100|[from] item: Leftovers
|-heal|p2a: Spiritomb|19/100 tox|[from] item: Leftovers
|-damage|p2a: Spiritomb|0 fnt|[from] psn
|faint|p2a: Spiritomb
|upkeep
|
|t:|1759004704
|switch|p2a: Milotic|Milotic, F|88/100 psn
|turn|29
|
|t:|1759004709
|move|p1a: Toxapex|Baneful Bunker|p1a: Toxapex
|-singleturn|p1a: Toxapex|move: Protect
|move|p2a: Milotic|Flip Turn|p1a: Toxapex
|-activate|p1a: Toxapex|move: Protect
|
|-heal|p1a: Toxapex|69/100|[from] item: Leftovers
|-damage|p2a: Milotic|76/100 psn|[from] psn
|upkeep
|turn|30
|
|t:|1759004712
|move|p2a: Milotic|Flip Turn|p1a: Toxapex
|-resisted|p1a: Toxapex
|-damage|p1a: Toxapex|65/100
|
|t:|1759004715
|switch|p2a: Ogerpon|Ogerpon-Wellspring, F|11/100 tox|[from] Flip Turn
|move|p1a: Toxapex|Toxic|p2a: Ogerpon
|-fail|p2a: Ogerpon|tox
|
|-heal|p1a: Toxapex|71/100|[from] item: Leftovers
|-damage|p2a: Ogerpon|5/100 tox|[from] psn
|upkeep
|turn|31
|
|t:|1759004718
|move|p1a: Toxapex|Baneful Bunker|p1a: Toxapex
|-singleturn|p1a: Toxapex|move: Protect
|move|p2a: Ogerpon|Knock Off|p1a: Toxapex
|-activate|p1a: Toxapex|move: Protect
|
|-heal|p1a: Toxapex|77/100|[from] item: Leftovers
|-damage|p2a: Ogerpon|0 fnt|[from] psn
|faint|p2a: Ogerpon
|upkeep
|
|t:|1759004720
|switch|p2a: Milotic|Milotic, F|76/100 psn
|turn|32
|
|t:|1759004732
|move|p2a: Milotic|Scald|p1a: Toxapex
|-resisted|p1a: Toxapex
|-damage|p1a: Toxapex|66/100
|move|p1a: Toxapex|Toxic||[still]
|-fail|p1a: Toxapex
|
|-heal|p1a: Toxapex|73/100|[from] item: Leftovers
|-damage|p2a: Milotic|63/100 psn|[from] psn
|upkeep
|turn|33
|
|t:|1759004737
|move|p2a: Milotic|Scald|p1a: Toxapex
|-resisted|p1a: Toxapex
|-damage|p1a: Toxapex|61/100
|-status|p1a: Toxapex|brn
|move|p1a: Toxapex|Liquidation|p2a: Milotic
|-resisted|p2a: Milotic
|-damage|p2a: Milotic|61/100 psn
|
|-heal|p1a: Toxapex|68/100 brn|[from] item: Leftovers
|-damage|p2a: Milotic|48/100 psn|[from] psn
|-damage|p1a: Toxapex|61/100 brn|[from] brn
|upkeep
|turn|34
|
|t:|1759004740
|move|p2a: Milotic|Recover|p2a: Milotic
|-heal|p2a: Milotic|98/100 psn
|move|p1a: Toxapex|Liquidation|p2a: Milotic
|-resisted|p2a: Milotic
|-crit|p2a: Milotic
|-damage|p2a: Milotic|94/100 psn
|
|-heal|p1a: Toxapex|68/100 brn|[from] item: Leftovers
|-damage|p2a: Milotic|82/100 psn|[from] psn
|-damage|p1a: Toxapex|61/100 brn|[from] brn
|upkeep
|turn|35
|
|t:|1759004747
|move|p2a: Milotic|Scald|p1a: Toxapex
|-resisted|p1a: Toxapex
|-damage|p1a: Toxapex|50/100 brn
|move|p1a: Toxapex|Toxic||[still]
|-fail|p1a: Toxapex
|
|-heal|p1a: Toxapex|56/100 brn|[from] item: Leftovers
|-damage|p2a: Milotic|70/100 psn|[from] psn
|-damage|p1a: Toxapex|50/100 brn|[from] brn
|upkeep
|turn|36
|
|t:|1759004757
|move|p2a: Milotic|Scald|p1a: Toxapex
|-resisted|p1a: Toxapex
|-damage|p1a: Toxapex|39/100 brn
|move|p1a: Toxapex|Liquidation|p2a: Milotic
|-resisted|p2a: Milotic
|-damage|p2a: Milotic|67/100 psn
|
|-heal|p1a: Toxapex|45/100 brn|[from] item: Leftovers
|-damage|p2a: Milotic|55/100 psn|[from] psn
|-damage|p1a: Toxapex|39/100 brn|[from] brn
|upkeep
|turn|37
|
|t:|1759004761
|move|p2a: Milotic|Haze|p2a: Milotic
|-clearallboost
|move|p1a: Toxapex|Recover|p1a: Toxapex
|-heal|p1a: Toxapex|89/100 brn
|
|-heal|p1a: Toxapex|95/100 brn|[from] item: Leftovers
|-damage|p2a: Milotic|42/100 psn|[from] psn
|-damage|p1a: Toxapex|89/100 brn|[from] brn
|upkeep
|turn|38
|
|t:|1759004766
|move|p2a: Milotic|Scald|p1a: Toxapex
|-resisted|p1a: Toxapex
|-damage|p1a: Toxapex|77/100 brn
|move|p1a: Toxapex|Liquidation|p2a: Milotic
|-resisted|p2a: Milotic
|-damage|p2a: Milotic|40/100 psn
|
|-heal|p1a: Toxapex|83/100 brn|[from] item: Leftovers
|-damage|p2a: Milotic|27/100 psn|[from] psn
|-damage|p1a: Toxapex|77/100 brn|[from] brn
|upkeep
|turn|39
|
|t:|1759004774
|switch|p1a: Clodsire|Clodsire, M|7/100
|-damage|p1a: Clodsire|0 fnt|[from] Spikes
|faint|p1a: Clodsire
|move|p2a: Milotic|Recover|p2a: Milotic
|-heal|p2a: Milotic|77/100 psn
|
|-damage|p2a: Milotic|65/100 psn|[from] psn
|upkeep
|
|t:|1759004776
|switch|p1a: Venomoth|Venomoth, M|100/100
|-damage|p1a: Venomoth|76/100|[from] Spikes
|turn|40
|
|t:|1759004780
|move|p1a: Venomoth|Quiver Dance|p1a: Venomoth
|-boost|p1a: Venomoth|spa|1
|-boost|p1a: Venomoth|spd|1
|-boost|p1a: Venomoth|spe|1
|move|p2a: Milotic|Scald|p1a: Venomoth
|-damage|p1a: Venomoth|47/100
|
|-damage|p2a: Milotic|52/100 psn|[from] psn
|upkeep
|turn|41
|
|t:|1759004786
|move|p1a: Venomoth|Giga Drain|p2a: Milotic
|-supereffective|p2a: Milotic
|-damage|p2a: Milotic|0 fnt
|-heal|p1a: Venomoth|83/100|[from] drain|[of] p2a: Milotic
|faint|p2a: Milotic
|-damage|p1a: Venomoth|73/100|[from] item: Life Orb
|
|win|Couchpilotjack
|raw|Couchpilotjack's rating: 1156 &rarr; <strong>1178</strong><br />(+22 for winning)
|raw|war-XGeats's rating: 1112 &rarr; <strong>1090</strong><br />(-22 for losing)
|l|☆war-XGeats
|player|p2|
|l|☆Couchpilotjack
|player|p1|
