|j|☆gigabowser20
|j|☆Hula Shark
|t:|1759019005
|gametype|singles
|player|p1|gigabowser20|rosa|1543
|player|p2|Hula Shark|burglar|1560
|gen|9
|tier|[Gen 9] OU
|rated|
|rule|HP Percentage Mod: HP is shown in percentages
|rule|Endless Battle Clause: Forcing endless battles is banned
|rule|Species Clause: Limit one of each Pokémon
|rule|OHKO Clause: OHKO moves are banned
|rule|Evasion Items Clause: Evasion items are banned
|rule|Evasion Moves Clause: Evasion moves are banned
|rule|Evasion Abilities Clause: Evasion abilities are banned
|rule|Sleep Moves Clause: Sleep-inducing moves are banned
|clearpoke
|poke|p1|Iron Treads|
|poke|p1|Armarouge, F|
|poke|p1|Polteageist|
|poke|p1|Deoxys-Speed|
|poke|p1|Indeedee, M|
|poke|p1|Hawlucha, F|
|poke|p2|Great Tusk|
|poke|p2|Dragapult, M|
|poke|p2|Landorus-Therian, M|
|poke|p2|Slowking-Galar, M|
|poke|p2|Scizor, M|
|poke|p2|Kyurem|
|teampreview
|inactive|Battle timer is ON: inactive players will automatically lose when time's up. (requested by gigabowser20)
|l|☆Hula Shark
|inactive|Hula Shark disconnected and has a minute to reconnect!
|player|p2|
|j|☆Hula Shark
|inactive|Hula Shark reconnected and has 135 seconds left.
|player|p2|Hula Shark|burglar|
|inactive|Hula Shark has 120 seconds left.
|
|t:|1759019035
|teamsize|p1|6
|teamsize|p2|6
|start
|switch|p1a: Deoxys|Deoxys-Speed, shiny|100/100
|switch|p2a: Kyurem|Kyurem|100/100
|-ability|p1a: Deoxys|Pressure
|-ability|p2a: Kyurem|Pressure
|turn|1
|
|t:|1759019058
|move|p1a: Deoxys|Stealth Rock|p2a: Kyurem
|-sidestart|p2: Hula Shark|move: Stealth Rock
|move|p2a: Kyurem|Dragon Dance|p2a: Kyurem
|-boost|p2a: Kyurem|atk|1
|-boost|p2a: Kyurem|spe|1
|
|upkeep
|turn|2
|
|t:|1759019065
|move|p1a: Deoxys|Taunt|p2a: Kyurem
|-start|p2a: Kyurem|move: Taunt
|cant|p2a: Kyurem|move: Taunt|Dragon Dance
|
|upkeep
|turn|3
|
|t:|1759019070
|move|p1a: Deoxys|Psychic Terrain|p1a: Deoxys
|-fieldstart|move: Psychic Terrain
|move|p2a: Kyurem|Icicle Spear|p1a: Deoxys
|-damage|p1a: Deoxys|77/100
|-damage|p1a: Deoxys|54/100
|-hitcount|p1a: Deoxys|2
|
|upkeep
|turn|4
|
|t:|1759019078
|move|p1a: Deoxys|Psycho Boost|p2a: Kyurem
|-damage|p2a: Kyurem|40/100
|-unboost|p1a: Deoxys|spa|2
|move|p2a: Kyurem|Icicle Spear|p1a: Deoxys
|-damage|p1a: Deoxys|32/100
|-damage|p1a: Deoxys|10/100
|-hitcount|p1a: Deoxys|2
|
|-end|p2a: Kyurem|move: Taunt
|upkeep
|turn|5
|
|t:|1759019088
|move|p1a: Deoxys|Taunt|p2a: Kyurem
|-start|p2a: Kyurem|move: Taunt
|move|p2a: Kyurem|Icicle Spear|p1a: Deoxys
|-damage|p1a: Deoxys|0 fnt
|faint|p1a: Deoxys
|-hitcount|p1: Deoxys|1
|
|upkeep
|
|t:|1759019104
|switch|p1a: Armarouge|Armarouge, F|100/100
|turn|6
|
|t:|1759019107
|move|p2a: Kyurem|Earth Power|p1a: Armarouge
|-supereffective|p1a: Armarouge
|-damage|p1a: Armarouge|26/100
|-unboost|p1a: Armarouge|spd|1
|move|p1a: Armarouge|Expanding Force|p2a: Kyurem
|-damage|p2a: Kyurem|0 fnt
|faint|p2a: Kyurem
|
|upkeep
|
|t:|1759019133
|switch|p2a: Dragapult|Dragapult, M|100/100
|turn|7
|
|t:|1759019136
|move|p2a: Dragapult|Hex|p1a: Armarouge
|-supereffective|p1a: Armarouge
|-damage|p1a: Armarouge|0 fnt
|faint|p1a: Armarouge
|
|upkeep
|
|t:|1759019148
|switch|p1a: Iron Treads|Iron Treads|100/100
|turn|8
|
|t:|1759019156
|move|p2a: Dragapult|U-turn|p1a: Iron Treads
|-resisted|p1a: Iron Treads
|-damage|p1a: Iron Treads|92/100
|
|t:|1759019160
|switch|p2a: Scizor|Scizor, M|100/100|[from] U-turn
|-damage|p2a: Scizor|88/100|[from] Stealth Rock
|move|p1a: Iron Treads|Knock Off|p2a: Scizor
|-damage|p2a: Scizor|56/100
|-enditem|p2a: Scizor|Choice Band|[from] move: Knock Off|[of] p1a: Iron Treads
|
|upkeep
|turn|9
|
|t:|1759019166
|move|p1a: Iron Treads|Earthquake|p2a: Scizor
|-damage|p2a: Scizor|6/100
|move|p2a: Scizor|U-turn|p1a: Iron Treads
|-resisted|p1a: Iron Treads
|-damage|p1a: Iron Treads|73/100
|
|t:|1759019178
|switch|p2a: Great Tusk|Great Tusk|100/100|[from] U-turn
|
|upkeep
|turn|10
|
|t:|1759019184
|move|p1a: Iron Treads|Ice Spinner|p2a: Great Tusk
|-supereffective|p2a: Great Tusk
|-damage|p2a: Great Tusk|61/100
|-fieldend|move: Psychic Terrain
|move|p2a: Great Tusk|Rapid Spin|p1a: Iron Treads
|-resisted|p1a: Iron Treads
|-damage|p1a: Iron Treads|65/100
|-boost|p2a: Great Tusk|spe|1
|-sideend|p2: Hula Shark|Stealth Rock|[from] move: Rapid Spin|[of] p2a: Great Tusk
|
|upkeep
|turn|11
|
|t:|1759019199
|move|p2a: Great Tusk|Close Combat|p1a: Iron Treads
|-supereffective|p1a: Iron Treads
|-damage|p1a: Iron Treads|0 fnt
|-unboost|p2a: Great Tusk|def|1
|-unboost|p2a: Great Tusk|spd|1
|faint|p1a: Iron Treads
|-end|p1a: Iron Treads|Quark Drive|[silent]
|
|upkeep
|
|t:|1759019202
|switch|p1a: Indeedee|Indeedee, M, shiny|100/100
|-fieldstart|move: Psychic Terrain|[from] ability: Psychic Surge|[of] p1a: Indeedee
|turn|12
|
|t:|1759019209
|move|p2a: Great Tusk|Headlong Rush|p1a: Indeedee
|-damage|p1a: Indeedee|0 fnt
|-unboost|p2a: Great Tusk|def|1
|-unboost|p2a: Great Tusk|spd|1
|faint|p1a: Indeedee
|
|upkeep
|
|t:|1759019211
|switch|p1a: Polteageist|Polteageist|100/100
|turn|13
|
|t:|1759019220
|move|p2a: Great Tusk|Headlong Rush|p1a: Polteageist
|-enditem|p1a: Polteageist|Focus Sash
|-damage|p1a: Polteageist|1/100
|-unboost|p2a: Great Tusk|def|1
|-unboost|p2a: Great Tusk|spd|1
|-ability|p1a: Polteageist|Weak Armor|boost
|-unboost|p1a: Polteageist|def|1
|-boost|p1a: Polteageist|spe|2
|move|p1a: Polteageist|Shell Smash|p1a: Polteageist
|-unboost|p1a: Polteageist|def|1
|-unboost|p1a: Polteageist|spd|1
|-boost|p1a: Polteageist|atk|2
|-boost|p1a: Polteageist|spa|2
|-boost|p1a: Polteageist|spe|2
|
|upkeep
|turn|14
|
|t:|1759019227
|move|p1a: Polteageist|Shadow Ball|p2a: Great Tusk
|-damage|p2a: Great Tusk|0 fnt
|faint|p2a: Great Tusk
|-end|p2a: Great Tusk|Protosynthesis|[silent]
|
|upkeep
|
|t:|1759019247
|switch|p2a: Slowking|Slowking-Galar, M|100/100
|turn|15
|
|t:|1759019255
|-terastallize|p2a: Slowking|Dark
|move|p1a: Polteageist|Stored Power|p2a: Slowking
|-immune|p2a: Slowking
|move|p2a: Slowking|Psychic Noise|p1a: Polteageist
|-damage|p1a: Polteageist|0 fnt
|faint|p1a: Polteageist
|
|upkeep
|
|t:|1759019257
|switch|p1a: Hawlucha|Hawlucha, F|100/100
|-enditem|p1a: Hawlucha|Psychic Seed
|-boost|p1a: Hawlucha|spd|1|[from] item: Psychic Seed
|turn|16
|
|t:|1759019275
|move|p1a: Hawlucha|Swords Dance|p1a: Hawlucha
|-boost|p1a: Hawlucha|atk|2
|move|p2a: Slowking|Psychic Noise|p1a: Hawlucha
|-supereffective|p1a: Hawlucha
|-damage|p1a: Hawlucha|16/100
|-start|p1a: Hawlucha|move: Heal Block
|
|upkeep
|turn|17
|
|t:|1759019282
|switch|p2a: Landorus|Landorus-Therian, M|100/100
|-ability|p2a: Landorus|Intimidate|boost
|-unboost|p1a: Hawlucha|atk|1
|move|p1a: Hawlucha|Close Combat|p2a: Landorus
|-resisted|p2a: Landorus
|-damage|p2a: Landorus|59/100
|-unboost|p1a: Hawlucha|def|1
|-unboost|p1a: Hawlucha|spd|1
|-damage|p1a: Hawlucha|0 fnt|[from] item: Rocky Helmet|[of] p2a: Landorus
|faint|p1a: Hawlucha
|
|win|Hula Shark
|raw|gigabowser20's rating: 1543 &rarr; <strong>1524</strong><br />(-19 for losing)
|raw|Hula Shark's rating: 1560 &rarr; <strong>1579</strong><br />(+19 for winning)
|l|☆gigabowser20
|player|p1|
|l|☆Hula Shark
|player|p2|
