|j|☆Scoobenvonduben
|j|☆kaspair
|t:|1758951495
|gametype|singles
|player|p1|Scoobenvonduben|brawly|1278
|player|p2|kaspair|hexmaniac-gen3|1262
|gen|9
|tier|[Gen 9] OU
|rated|
|rule|HP Percentage Mod: HP is shown in percentages
|rule|Endless Battle Clause: Forcing endless battles is banned
|rule|Species Clause: Limit one of each Pokémon
|rule|OHKO Clause: OHKO moves are banned
|rule|Evasion Items Clause: Evasion items are banned
|rule|Evasion Moves Clause: Evasion moves are banned
|rule|Evasion Abilities Clause: Evasion abilities are banned
|rule|Sleep Moves Clause: Sleep-inducing moves are banned
|clearpoke
|poke|p1|Blissey, F|
|poke|p1|Gyarados, M|
|poke|p1|Gliscor, F|
|poke|p1|Corviknight, M|
|poke|p1|Skeledirge, M|
|poke|p1|Grafaiai, F|
|poke|p2|Kommo-o, M|
|poke|p2|Gholdengo|
|poke|p2|Ninetales-Alola, F|
|poke|p2|Hatterene, F|
|poke|p2|Zamazenta-*|
|poke|p2|Kingambit, F|
|teampreview
|inactive|Battle timer is ON: inactive players will automatically lose when time's up. (requested by kaspair)
|
|t:|1758951504
|teamsize|p1|6
|teamsize|p2|6
|start
|switch|p1a: Blissey|Blissey, F|100/100
|switch|p2a: Ninetales|Ninetales-Alola, F|100/100
|-weather|Snowscape|[from] ability: Snow Warning|[of] p2a: Ninetales
|turn|1
|
|t:|1758951514
|move|p2a: Ninetales|Aurora Veil|p2a: Ninetales
|-sidestart|p2: kaspair|move: Aurora Veil
|move|p1a: Blissey|Stealth Rock|p2a: Ninetales
|-sidestart|p2: kaspair|move: Stealth Rock
|
|-weather|Snowscape|[upkeep]
|upkeep
|turn|2
|
|t:|1758951519
|move|p2a: Ninetales|Encore|p1a: Blissey
|-start|p1a: Blissey|Encore
|move|p1a: Blissey|Stealth Rock||[still]
|-fail|p1a: Blissey
|
|-weather|Snowscape|[upkeep]
|upkeep
|turn|3
|
|t:|1758951528
|switch|p2a: Gholdengo|Gholdengo|100/100
|-damage|p2a: Gholdengo|94/100|[from] Stealth Rock
|switch|p1a: Grafaiai|Grafaiai, F|100/100
|
|-weather|Snowscape|[upkeep]
|upkeep
|turn|4
|
|t:|1758951536
|-terastallize|p1a: Grafaiai|Dark
|move|p2a: Gholdengo|Psyshock|p1a: Grafaiai
|-immune|p1a: Grafaiai
|move|p1a: Grafaiai|Knock Off|p2a: Gholdengo
|-supereffective|p2a: Gholdengo
|-damage|p2a: Gholdengo|60/100
|-enditem|p2a: Gholdengo|Custap Berry|[from] move: Knock Off|[of] p1a: Grafaiai
|
|-weather|Snowscape|[upkeep]
|upkeep
|turn|5
|
|t:|1758951550
|move|p2a: Gholdengo|Focus Blast|p1a: Grafaiai
|-supereffective|p1a: Grafaiai
|-damage|p1a: Grafaiai|11/100
|move|p1a: Grafaiai|Knock Off|p2a: Gholdengo
|-supereffective|p2a: Gholdengo
|-damage|p2a: Gholdengo|35/100
|
|-weather|none
|-heal|p1a: Grafaiai|17/100|[from] item: Leftovers
|upkeep
|turn|6
|
|t:|1758951559
|move|p1a: Grafaiai|Protect|p1a: Grafaiai
|-singleturn|p1a: Grafaiai|Protect
|move|p2a: Gholdengo|Shadow Ball|p1a: Grafaiai
|-activate|p1a: Grafaiai|move: Protect
|
|-heal|p1a: Grafaiai|23/100|[from] item: Leftovers
|upkeep
|turn|7
|
|t:|1758951570
|switch|p1a: Blissey|Blissey, F|100/100
|move|p2a: Gholdengo|Shadow Ball|p1a: Blissey
|-immune|p1a: Blissey
|
|upkeep
|turn|8
|
|t:|1758951580
|move|p2a: Gholdengo|Nasty Plot|p2a: Gholdengo
|-boost|p2a: Gholdengo|spa|2
|move|p1a: Blissey|Seismic Toss|p2a: Gholdengo
|-immune|p2a: Gholdengo
|
|-sideend|p2: kaspair|move: Aurora Veil
|upkeep
|turn|9
|
|t:|1758951588
|switch|p1a: Skeledirge|Skeledirge, M|100/100
|move|p2a: Gholdengo|Nasty Plot|p2a: Gholdengo
|-boost|p2a: Gholdengo|spa|2
|
|upkeep
|turn|10
|
|t:|1758951597
|move|p2a: Gholdengo|Shadow Ball|p1a: Skeledirge
|-supereffective|p1a: Skeledirge
|-damage|p1a: Skeledirge|31/100
|-unboost|p1a: Skeledirge|spd|1
|move|p1a: Skeledirge|Torch Song|p2a: Gholdengo
|-supereffective|p2a: Gholdengo
|-damage|p2a: Gholdengo|0 fnt
|-boost|p1a: Skeledirge|spa|1
|faint|p2a: Gholdengo
|
|-heal|p1a: Skeledirge|37/100|[from] item: Leftovers
|upkeep
|
|t:|1758951609
|switch|p2a: Ninetales|Ninetales-Alola, F|100/100
|-damage|p2a: Ninetales|76/100|[from] Stealth Rock
|-weather|Snowscape|[from] ability: Snow Warning|[of] p2a: Ninetales
|turn|11
|
|t:|1758951616
|move|p2a: Ninetales|Aurora Veil|p2a: Ninetales
|-sidestart|p2: kaspair|move: Aurora Veil
|move|p1a: Skeledirge|Slack Off|p1a: Skeledirge
|-heal|p1a: Skeledirge|88/100
|
|-weather|Snowscape|[upkeep]
|-heal|p1a: Skeledirge|94/100|[from] item: Leftovers
|upkeep
|turn|12
|
|t:|1758951622
|move|p2a: Ninetales|Encore|p1a: Skeledirge
|-start|p1a: Skeledirge|Encore
|move|p1a: Skeledirge|Slack Off|p1a: Skeledirge
|-heal|p1a: Skeledirge|100/100
|
|-weather|Snowscape|[upkeep]
|upkeep
|turn|13
|
|t:|1758951630
|switch|p2a: Kommo-o|Kommo-o, M|100/100
|-damage|p2a: Kommo-o|94/100|[from] Stealth Rock
|switch|p1a: Blissey|Blissey, F|100/100
|
|-weather|Snowscape|[upkeep]
|upkeep
|turn|14
|
|t:|1758951641
|switch|p2a: Zamazenta|Zamazenta|100/100
|-damage|p2a: Zamazenta|94/100|[from] Stealth Rock
|-ability|p2a: Zamazenta|Dauntless Shield|boost
|-boost|p2a: Zamazenta|def|1
|switch|p1a: Grafaiai|Grafaiai, F, tera:Dark|23/100
|
|-weather|Snowscape|[upkeep]
|-heal|p1a: Grafaiai|29/100|[from] item: Leftovers
|upkeep
|turn|15
|
|t:|1758951658
|move|p1a: Grafaiai|Protect|p1a: Grafaiai
|-singleturn|p1a: Grafaiai|Protect
|move|p2a: Zamazenta|Heavy Slam|p1a: Grafaiai
|-activate|p1a: Grafaiai|move: Protect
|
|-weather|none
|-heal|p1a: Grafaiai|35/100|[from] item: Leftovers
|upkeep
|turn|16
|
|t:|1758951668
|switch|p1a: Gyarados|Gyarados, M, shiny|100/100
|-ability|p1a: Gyarados|Intimidate|boost
|-unboost|p2a: Zamazenta|atk|1
|move|p2a: Zamazenta|Heavy Slam|p1a: Gyarados
|-resisted|p1a: Gyarados
|-damage|p1a: Gyarados|93/100
|-damage|p2a: Zamazenta|84/100|[from] item: Life Orb
|
|upkeep
|turn|17
|
|t:|1758951678
|move|p2a: Zamazenta|Stone Edge|p1a: Gyarados
|-supereffective|p1a: Gyarados
|-damage|p1a: Gyarados|24/100
|-damage|p2a: Zamazenta|75/100|[from] item: Life Orb
|move|p1a: Gyarados|Dragon Dance|p1a: Gyarados
|-boost|p1a: Gyarados|atk|1
|-boost|p1a: Gyarados|spe|1
|
|upkeep
|turn|18
|
|t:|1758951700
|move|p1a: Gyarados|Waterfall|p2a: Zamazenta
|-damage|p2a: Zamazenta|56/100
|move|p2a: Zamazenta|Crunch|p1a: Gyarados
|-damage|p1a: Gyarados|0 fnt
|faint|p1a: Gyarados
|-damage|p2a: Zamazenta|46/100|[from] item: Life Orb
|
|-sideend|p2: kaspair|move: Aurora Veil
|upkeep
|
|t:|1758951710
|switch|p1a: Gliscor|Gliscor, F, shiny|100/100
|turn|19
|
|t:|1758951719
|switch|p2a: Ninetales|Ninetales-Alola, F|76/100
|-damage|p2a: Ninetales|51/100|[from] Stealth Rock
|-weather|Snowscape|[from] ability: Snow Warning|[of] p2a: Ninetales
|move|p1a: Gliscor|Toxic|p2a: Ninetales|[miss]
|-miss|p1a: Gliscor|p2a: Ninetales
|
|-weather|Snowscape|[upkeep]
|-status|p1a: Gliscor|tox|[from] item: Toxic Orb
|upkeep
|turn|20
|
|t:|1758951731
|move|p2a: Ninetales|Encore|p1a: Gliscor
|-start|p1a: Gliscor|Encore
|move|p1a: Gliscor|Toxic|p2a: Ninetales|[miss]
|-miss|p1a: Gliscor|p2a: Ninetales
|
|-weather|Snowscape|[upkeep]
|upkeep
|turn|21
|
|t:|1758951737
|move|p2a: Ninetales|Aurora Veil|p2a: Ninetales
|-sidestart|p2: kaspair|move: Aurora Veil
|move|p1a: Gliscor|Toxic|p2a: Ninetales
|-status|p2a: Ninetales|tox
|
|-weather|Snowscape|[upkeep]
|-damage|p2a: Ninetales|45/100 tox|[from] psn
|upkeep
|turn|22
|
|t:|1758951743
|switch|p1a: Blissey|Blissey, F|100/100
|move|p2a: Ninetales|Freeze-Dry|p1a: Blissey
|-damage|p1a: Blissey|93/100
|
|-weather|Snowscape|[upkeep]
|-heal|p1a: Blissey|99/100|[from] item: Leftovers
|-damage|p2a: Ninetales|33/100 tox|[from] psn
|upkeep
|turn|23
|
|t:|1758951755
|switch|p2a: Kommo-o|Kommo-o, M|94/100
|-damage|p2a: Kommo-o|88/100|[from] Stealth Rock
|move|p1a: Blissey|Seismic Toss|p2a: Kommo-o
|-damage|p2a: Kommo-o|54/100
|
|-weather|none
|-heal|p1a: Blissey|100/100|[from] item: Leftovers
|upkeep
|turn|24
|
|t:|1758951767
|switch|p2a: Zamazenta|Zamazenta|46/100
|-damage|p2a: Zamazenta|40/100|[from] Stealth Rock
|move|p1a: Blissey|Seismic Toss|p2a: Zamazenta
|-damage|p2a: Zamazenta|9/100
|
|upkeep
|turn|25
|inactive|Scoobenvonduben has 120 seconds left.
|
|t:|1758951800
|switch|p1a: Gliscor|Gliscor, F, shiny|100/100 tox
|move|p2a: Zamazenta|Close Combat|p1a: Gliscor
|-resisted|p1a: Gliscor
|-damage|p1a: Gliscor|73/100 tox
|-unboost|p2a: Zamazenta|def|1
|-unboost|p2a: Zamazenta|spd|1
|-damage|p2a: Zamazenta|0 fnt|[from] item: Life Orb
|faint|p2a: Zamazenta
|
|-heal|p1a: Gliscor|85/100 tox|[from] ability: Poison Heal
|upkeep
|
|t:|1758951812
|switch|p2a: Ninetales|Ninetales-Alola, F|33/100 tox
|-damage|p2a: Ninetales|8/100 tox|[from] Stealth Rock
|-weather|Snowscape|[from] ability: Snow Warning|[of] p2a: Ninetales
|turn|26
|
|t:|1758951818
|move|p1a: Gliscor|Protect|p1a: Gliscor
|-singleturn|p1a: Gliscor|Protect
|move|p2a: Ninetales|Freeze-Dry|p1a: Gliscor
|-activate|p1a: Gliscor|move: Protect
|
|-weather|Snowscape|[upkeep]
|-damage|p2a: Ninetales|2/100 tox|[from] psn
|-heal|p1a: Gliscor|98/100 tox|[from] ability: Poison Heal
|upkeep
|turn|27
|
|t:|1758951828
|switch|p1a: Blissey|Blissey, F|100/100
|move|p2a: Ninetales|Freeze-Dry|p1a: Blissey
|-crit|p1a: Blissey
|-damage|p1a: Blissey|89/100
|
|-weather|Snowscape|[upkeep]
|-heal|p1a: Blissey|95/100|[from] item: Leftovers
|-damage|p2a: Ninetales|0 fnt|[from] psn
|faint|p2a: Ninetales
|upkeep
|
|t:|1758951838
|switch|p2a: Kingambit|Kingambit, F|100/100
|-damage|p2a: Kingambit|94/100|[from] Stealth Rock
|-activate|p2a: Kingambit|ability: Supreme Overlord
|-start|p2a: Kingambit|fallen3|[silent]
|-item|p2a: Kingambit|Air Balloon
|turn|28
|
|t:|1758951850
|switch|p1a: Gliscor|Gliscor, F, shiny|98/100 tox
|move|p2a: Kingambit|Swords Dance|p2a: Kingambit
|-boost|p2a: Kingambit|atk|2
|
|-weather|Snowscape|[upkeep]
|-heal|p1a: Gliscor|100/100 tox|[from] ability: Poison Heal
|-sideend|p2: kaspair|move: Aurora Veil
|upkeep
|turn|29
|
|t:|1758951859
|move|p1a: Gliscor|Earthquake|p2a: Kingambit
|-immune|p2a: Kingambit
|move|p2a: Kingambit|Swords Dance|p2a: Kingambit
|-boost|p2a: Kingambit|atk|2
|
|-weather|Snowscape|[upkeep]
|upkeep
|turn|30
|
|t:|1758951870
|move|p2a: Kingambit|Sucker Punch||[still]
|-fail|p2a: Kingambit
|move|p1a: Gliscor|Spikes|p2a: Kingambit
|-sidestart|p2: kaspair|Spikes
|
|-weather|none
|upkeep
|turn|31
|
|t:|1758951877
|move|p1a: Gliscor|Spikes|p2a: Kingambit
|-sidestart|p2: kaspair|Spikes
|move|p2a: Kingambit|Kowtow Cleave|p1a: Gliscor
|-damage|p1a: Gliscor|0 fnt
|faint|p1a: Gliscor
|
|upkeep
|
|t:|1758951885
|switch|p1a: Skeledirge|Skeledirge, M|100/100
|turn|32
|
|t:|1758951895
|move|p1a: Skeledirge|Will-O-Wisp|p2a: Kingambit
|-status|p2a: Kingambit|brn
|move|p2a: Kingambit|Kowtow Cleave|p1a: Skeledirge
|-supereffective|p1a: Skeledirge
|-damage|p1a: Skeledirge|48/100
|
|-heal|p1a: Skeledirge|54/100|[from] item: Leftovers
|-damage|p2a: Kingambit|88/100 brn|[from] brn
|upkeep
|turn|33
|
|t:|1758951907
|move|p1a: Skeledirge|Slack Off|p1a: Skeledirge
|-heal|p1a: Skeledirge|100/100
|move|p2a: Kingambit|Kowtow Cleave|p1a: Skeledirge
|-supereffective|p1a: Skeledirge
|-damage|p1a: Skeledirge|51/100
|
|-heal|p1a: Skeledirge|57/100|[from] item: Leftovers
|-damage|p2a: Kingambit|82/100 brn|[from] brn
|upkeep
|turn|34
|
|t:|1758951922
|move|p1a: Skeledirge|Torch Song|p2a: Kingambit
|-supereffective|p2a: Kingambit
|-damage|p2a: Kingambit|18/100 brn
|-boost|p1a: Skeledirge|spa|1
|-enditem|p2a: Kingambit|Air Balloon
|move|p2a: Kingambit|Swords Dance|p2a: Kingambit
|-boost|p2a: Kingambit|atk|2
|
|-heal|p1a: Skeledirge|63/100|[from] item: Leftovers
|-damage|p2a: Kingambit|12/100 brn|[from] brn
|upkeep
|turn|35
|
|t:|1758951942
|move|p1a: Skeledirge|Slack Off|p1a: Skeledirge
|-heal|p1a: Skeledirge|100/100
|move|p2a: Kingambit|Kowtow Cleave|p1a: Skeledirge
|-supereffective|p1a: Skeledirge
|-damage|p1a: Skeledirge|44/100
|
|-heal|p1a: Skeledirge|50/100|[from] item: Leftovers
|-damage|p2a: Kingambit|6/100 brn|[from] brn
|upkeep
|turn|36
|
|t:|1758951952
|move|p1a: Skeledirge|Slack Off|p1a: Skeledirge
|-heal|p1a: Skeledirge|99/100
|move|p2a: Kingambit|Kowtow Cleave|p1a: Skeledirge
|-supereffective|p1a: Skeledirge
|-damage|p1a: Skeledirge|46/100
|
|-heal|p1a: Skeledirge|52/100|[from] item: Leftovers
|-damage|p2a: Kingambit|0 fnt|[from] brn
|faint|p2a: Kingambit
|-end|p2a: Kingambit|fallen3|[silent]
|upkeep
|
|t:|1758951966
|switch|p2a: Kommo-o|Kommo-o, M|54/100
|-damage|p2a: Kommo-o|48/100|[from] Stealth Rock
|-damage|p2a: Kommo-o|31/100|[from] Spikes
|turn|37
|
|t:|1758951973
|move|p2a: Kommo-o|Clanging Scales|p1a: Skeledirge
|-damage|p1a: Skeledirge|18/100
|-unboost|p2a: Kommo-o|def|1
|-enditem|p2a: Kommo-o|Throat Spray
|-boost|p2a: Kommo-o|spa|1|[from] item: Throat Spray
|move|p1a: Skeledirge|Will-O-Wisp|p2a: Kommo-o
|-status|p2a: Kommo-o|brn
|
|-heal|p1a: Skeledirge|24/100|[from] item: Leftovers
|-damage|p2a: Kommo-o|25/100 brn|[from] brn
|upkeep
|turn|38
|
|t:|1758951985
|move|p2a: Kommo-o|Clanging Scales|p1a: Skeledirge
|-damage|p1a: Skeledirge|0 fnt
|faint|p1a: Skeledirge
|-unboost|p2a: Kommo-o|def|1
|
|-damage|p2a: Kommo-o|19/100 brn|[from] brn
|upkeep
|
|t:|1758951993
|switch|p1a: Grafaiai|Grafaiai, F, tera:Dark|35/100
|turn|39
|
|t:|1758951998
|move|p1a: Grafaiai|Protect|p1a: Grafaiai
|-singleturn|p1a: Grafaiai|Protect
|move|p2a: Kommo-o|Flamethrower|p1a: Grafaiai
|-activate|p1a: Grafaiai|move: Protect
|
|-heal|p1a: Grafaiai|41/100|[from] item: Leftovers
|-damage|p2a: Kommo-o|13/100 brn|[from] brn
|upkeep
|turn|40
|
|t:|1758952008
|switch|p1a: Blissey|Blissey, F|95/100
|move|p2a: Kommo-o|Flamethrower|p1a: Blissey
|-damage|p1a: Blissey|82/100
|
|-heal|p1a: Blissey|88/100|[from] item: Leftovers
|-damage|p2a: Kommo-o|6/100 brn|[from] brn
|upkeep
|turn|41
|
|t:|1758952019
|move|p2a: Kommo-o|Flamethrower|p1a: Blissey
|-damage|p1a: Blissey|73/100
|move|p1a: Blissey|Seismic Toss|p2a: Kommo-o
|-damage|p2a: Kommo-o|0 fnt
|faint|p2a: Kommo-o
|
|-heal|p1a: Blissey|79/100|[from] item: Leftovers
|upkeep
|
|t:|1758952027
|switch|p2a: Hatterene|Hatterene, F|100/100
|-damage|p2a: Hatterene|88/100|[from] Stealth Rock
|-damage|p2a: Hatterene|72/100|[from] Spikes
|turn|42
|
|t:|1758952036
|move|p1a: Blissey|Seismic Toss|p2a: Hatterene
|-damage|p2a: Hatterene|40/100
|move|p2a: Hatterene|Psychic Noise|p1a: Blissey
|-damage|p1a: Blissey|67/100
|-start|p1a: Blissey|move: Heal Block
|
|upkeep
|turn|43
|
|t:|1758952044
|move|p1a: Blissey|Seismic Toss|p2a: Hatterene
|-damage|p2a: Hatterene|9/100
|move|p2a: Hatterene|Draining Kiss|p1a: Blissey
|-damage|p1a: Blissey|58/100
|-heal|p2a: Hatterene|23/100|[from] drain|[of] p1a: Blissey
|
|-end|p1a: Blissey|move: Heal Block
|upkeep
|turn|44
|
|t:|1758952052
|move|p1a: Blissey|Seismic Toss|p2a: Hatterene
|-damage|p2a: Hatterene|0 fnt
|faint|p2a: Hatterene
|
|win|Scoobenvonduben
|raw|Scoobenvonduben's rating: 1278 &rarr; <strong>1302</strong><br />(+24 for winning)
|raw|kaspair's rating: 1262 &rarr; <strong>1238</strong><br />(-24 for losing)
|l|☆kaspair
|player|p2|
|l|☆Scoobenvonduben
|player|p1|
