|j|☆will1994
|j|☆G1 Forever
|t:|1758965831
|gametype|singles
|player|p1|will1994|red|1636
|player|p2|G1 Forever|unknown|1603
|gen|9
|tier|[Gen 9] OU
|rated|
|rule|HP Percentage Mod: HP is shown in percentages
|rule|Endless Battle Clause: Forcing endless battles is banned
|rule|Species Clause: Limit one of each Pokémon
|rule|OHKO Clause: OHKO moves are banned
|rule|Evasion Items Clause: Evasion items are banned
|rule|Evasion Moves Clause: Evasion moves are banned
|rule|Evasion Abilities Clause: Evasion abilities are banned
|rule|Sleep Moves Clause: Sleep-inducing moves are banned
|clearpoke
|poke|p1|Rillaboom, M|
|poke|p1|Charizard, F|
|poke|p1|Corviknight, F|
|poke|p1|Kleavor, F|
|poke|p1|Clodsire, M|
|poke|p1|Samurott-Hisui, F|
|poke|p2|Darkrai|
|poke|p2|Ogerpon-Wellspring, F|
|poke|p2|Garchomp, M|
|poke|p2|Clefable, M|
|poke|p2|Pecharunt|
|poke|p2|Iron Crown|
|teampreview
|inactive|Battle timer is ON: inactive players will automatically lose when time's up. (requested by will1994)
|
|t:|1758965836
|teamsize|p1|6
|teamsize|p2|6
|start
|switch|p1a: Kleavor|Kleavor, F|100/100
|switch|p2a: Darkrai|Darkrai|100/100
|turn|1
|
|t:|1758965841
|move|p1a: Kleavor|U-turn|p2a: Darkrai
|-supereffective|p2a: Darkrai
|-damage|p2a: Darkrai|18/100
|
|t:|1758965851
|switch|p1a: Samurott|Samurott-Hisui, F|100/100|[from] U-turn
|move|p2a: Darkrai|Will-O-Wisp|p1a: Samurott|[miss]
|-miss|p2a: Darkrai|p1a: Samurott
|
|-heal|p2a: Darkrai|24/100|[from] item: Leftovers
|upkeep
|turn|2
|
|t:|1758965859
|switch|p2a: Garchomp|Garchomp, M|100/100
|switch|p1a: Charizard|Charizard, F|100/100
|
|upkeep
|turn|3
|
|t:|1758965864
|move|p1a: Charizard|Air Slash|p2a: Garchomp
|-damage|p2a: Garchomp|53/100
|move|p2a: Garchomp|Dragon Tail|p1a: Charizard
|-damage|p1a: Charizard|62/100
|drag|p1a: Kleavor|Kleavor, F|100/100
|
|upkeep
|turn|4
|
|t:|1758965879
|move|p1a: Kleavor|U-turn|p2a: Garchomp
|-damage|p2a: Garchomp|27/100
|-damage|p1a: Kleavor|88/100|[from] ability: Rough Skin|[of] p2a: Garchomp
|-damage|p1a: Kleavor|72/100|[from] item: Rocky Helmet|[of] p2a: Garchomp
|
|t:|1758965882
|switch|p1a: Corviknight|Corviknight, F|100/100|[from] U-turn
|-ability|p1a: Corviknight|Pressure
|move|p2a: Garchomp|Stealth Rock|p1a: Corviknight
|-sidestart|p1: will1994|move: Stealth Rock
|
|upkeep
|turn|5
|
|t:|1758965889
|switch|p2a: Ogerpon|Ogerpon-Wellspring, F|100/100
|move|p1a: Corviknight|Defog|p2a: Ogerpon
|-unboost|p2a: Ogerpon|evasion|1
|-sideend|p1: will1994|Stealth Rock|[from] move: Defog|[of] p1a: Corviknight
|
|upkeep
|turn|6
|
|t:|1758965898
|move|p2a: Ogerpon|Knock Off|p1a: Corviknight
|-crit|p1a: Corviknight
|-damage|p1a: Corviknight|63/100
|-damage|p2a: Ogerpon|84/100|[from] item: Rocky Helmet|[of] p1a: Corviknight
|-enditem|p1a: Corviknight|Rocky Helmet|[from] move: Knock Off|[of] p2a: Ogerpon
|move|p1a: Corviknight|U-turn|p2a: Ogerpon
|-supereffective|p2a: Ogerpon
|-damage|p2a: Ogerpon|49/100
|
|t:|1758965904
|switch|p1a: Kleavor|Kleavor, F|72/100|[from] U-turn
|
|upkeep
|turn|7
|
|t:|1758965910
|switch|p2a: Garchomp|Garchomp, M|27/100
|move|p1a: Kleavor|U-turn|p2a: Garchomp
|-damage|p2a: Garchomp|0 fnt
|-damage|p1a: Kleavor|59/100|[from] ability: Rough Skin|[of] p2a: Garchomp
|-damage|p1a: Kleavor|43/100|[from] item: Rocky Helmet|[of] p2a: Garchomp
|faint|p2a: Garchomp
|
|t:|1758965928
|switch|p1a: Rillaboom|Rillaboom, M|100/100|[from] U-turn
|-fieldstart|move: Grassy Terrain|[from] ability: Grassy Surge|[of] p1a: Rillaboom
|
|upkeep
|
|t:|1758965933
|switch|p2a: Pecharunt|Pecharunt|100/100
|-item|p2a: Pecharunt|Air Balloon
|turn|8
|
|t:|1758965943
|switch|p1a: Clodsire|Clodsire, M|100/100
|move|p2a: Pecharunt|Parting Shot|p1a: Clodsire
|-unboost|p1a: Clodsire|atk|1
|-unboost|p1a: Clodsire|spa|1
|
|t:|1758965949
|switch|p2a: Darkrai|Darkrai|24/100|[from] Parting Shot
|
|-heal|p2a: Darkrai|31/100|[from] Grassy Terrain
|-heal|p2a: Darkrai|37/100|[from] item: Leftovers
|upkeep
|turn|9
|
|t:|1758965957
|move|p2a: Darkrai|Substitute|p2a: Darkrai
|-start|p2a: Darkrai|Substitute
|-damage|p2a: Darkrai|12/100
|move|p1a: Clodsire|Toxic||[still]
|-fail|p1a: Clodsire
|
|-heal|p2a: Darkrai|18/100|[from] Grassy Terrain
|-heal|p2a: Darkrai|24/100|[from] item: Leftovers
|upkeep
|turn|10
|
|t:|1758965964
|move|p2a: Darkrai|Taunt|p1a: Clodsire
|-start|p1a: Clodsire|move: Taunt
|cant|p1a: Clodsire|move: Taunt|Stockpile
|
|-heal|p2a: Darkrai|31/100|[from] Grassy Terrain
|-heal|p2a: Darkrai|37/100|[from] item: Leftovers
|upkeep
|turn|11
|
|t:|1758965972
|switch|p1a: Charizard|Charizard, F|62/100
|move|p2a: Darkrai|Will-O-Wisp|p1a: Charizard
|-immune|p1a: Charizard
|
|-heal|p2a: Darkrai|43/100|[from] Grassy Terrain
|-heal|p2a: Darkrai|49/100|[from] item: Leftovers
|-fieldend|move: Grassy Terrain
|upkeep
|turn|12
|
|t:|1758965980
|move|p2a: Darkrai|Dark Pulse|p1a: Charizard
|-damage|p1a: Charizard|14/100
|move|p1a: Charizard|Flamethrower|p2a: Darkrai
|-end|p2a: Darkrai|Substitute
|
|-heal|p2a: Darkrai|55/100|[from] item: Leftovers
|upkeep
|turn|13
|
|t:|1758965994
|move|p2a: Darkrai|Dark Pulse|p1a: Charizard
|-damage|p1a: Charizard|0 fnt
|faint|p1a: Charizard
|
|-heal|p2a: Darkrai|61/100|[from] item: Leftovers
|upkeep
|
|t:|1758966001
|switch|p1a: Kleavor|Kleavor, F|43/100
|turn|14
|
|t:|1758966006
|switch|p2a: Iron Crown|Iron Crown|100/100
|move|p1a: Kleavor|U-turn|p2a: Iron Crown
|-damage|p2a: Iron Crown|62/100
|
|t:|1758966011
|switch|p1a: Samurott|Samurott-Hisui, F|100/100|[from] U-turn
|
|upkeep
|turn|15
|
|t:|1758966014
|move|p2a: Iron Crown|Volt Switch|p1a: Samurott
|-supereffective|p1a: Samurott
|-damage|p1a: Samurott|73/100
|
|t:|1758966021
|-end|p2a: Iron Crown|Quark Drive|[silent]
|switch|p2a: Clefable|Clefable, M|100/100|[from] Volt Switch
|move|p1a: Samurott|Ceaseless Edge|p2a: Clefable
|-resisted|p2a: Clefable
|-damage|p2a: Clefable|88/100
|-sidestart|p2: G1 Forever|Spikes
|
|-heal|p2a: Clefable|94/100|[from] item: Leftovers
|upkeep
|turn|16
|
|t:|1758966033
|switch|p1a: Corviknight|Corviknight, F|63/100
|-ability|p1a: Corviknight|Pressure
|switch|p2a: Darkrai|Darkrai|61/100
|-damage|p2a: Darkrai|49/100|[from] Spikes
|
|-heal|p2a: Darkrai|55/100|[from] item: Leftovers
|upkeep
|turn|17
|
|t:|1758966042
|move|p2a: Darkrai|Will-O-Wisp|p1a: Corviknight
|-status|p1a: Corviknight|brn
|move|p1a: Corviknight|U-turn|p2a: Darkrai
|-supereffective|p2a: Darkrai
|-damage|p2a: Darkrai|39/100
|
|t:|1758966046
|switch|p1a: Kleavor|Kleavor, F|43/100|[from] U-turn
|
|-heal|p2a: Darkrai|45/100|[from] item: Leftovers
|upkeep
|turn|18
|
|t:|1758966051
|switch|p2a: Iron Crown|Iron Crown|62/100
|-damage|p2a: Iron Crown|50/100|[from] Spikes
|move|p1a: Kleavor|Stone Axe|p2a: Iron Crown
|-resisted|p2a: Iron Crown
|-damage|p2a: Iron Crown|24/100
|-sidestart|p2: G1 Forever|move: Stealth Rock
|
|upkeep
|turn|19
|
|t:|1758966064
|move|p2a: Iron Crown|Psyshock|p1a: Kleavor
|-damage|p1a: Kleavor|0 fnt
|faint|p1a: Kleavor
|
|upkeep
|
|t:|1758966068
|switch|p1a: Samurott|Samurott-Hisui, F|73/100
|turn|20
|
|t:|1758966076
|move|p2a: Iron Crown|Psyshock|p1a: Samurott
|-immune|p1a: Samurott
|move|p1a: Samurott|Ceaseless Edge|p2a: Iron Crown
|-supereffective|p2a: Iron Crown
|-damage|p2a: Iron Crown|0 fnt
|-sidestart|p2: G1 Forever|Spikes
|faint|p2a: Iron Crown
|-end|p2a: Iron Crown|Quark Drive|[silent]
|
|upkeep
|
|t:|1758966085
|switch|p2a: Ogerpon|Ogerpon-Wellspring, F|49/100
|-damage|p2a: Ogerpon|32/100|[from] Spikes
|-damage|p2a: Ogerpon|20/100|[from] Stealth Rock
|turn|21
|j| lanarey
|
|t:|1758966092
|switch|p1a: Corviknight|Corviknight, F|63/100 brn
|-ability|p1a: Corviknight|Pressure
|move|p2a: Ogerpon|Ivy Cudgel|p1a: Corviknight|[anim] Ivy Cudgel Water
|-crit|p1a: Corviknight
|-damage|p1a: Corviknight|8/100 brn
|
|-damage|p1a: Corviknight|2/100 brn|[from] brn
|upkeep
|turn|22
|
|t:|1758966101
|move|p2a: Ogerpon|Ivy Cudgel|p1a: Corviknight|[anim] Ivy Cudgel Water
|-damage|p1a: Corviknight|0 fnt
|faint|p1a: Corviknight
|
|upkeep
|
|t:|1758966106
|switch|p1a: Rillaboom|Rillaboom, M|100/100
|-fieldstart|move: Grassy Terrain|[from] ability: Grassy Surge|[of] p1a: Rillaboom
|turn|23
|
|t:|1758966109
|move|p1a: Rillaboom|Grassy Glide|p2a: Ogerpon
|-damage|p2a: Ogerpon|0 fnt
|faint|p2a: Ogerpon
|
|upkeep
|
|t:|1758966119
|switch|p2a: Pecharunt|Pecharunt|100/100
|-damage|p2a: Pecharunt|88/100|[from] Stealth Rock
|-item|p2a: Pecharunt|Air Balloon
|turn|24
|
|t:|1758966124
|switch|p1a: Clodsire|Clodsire, M|100/100
|move|p2a: Pecharunt|Parting Shot|p1a: Clodsire
|-unboost|p1a: Clodsire|atk|1
|-unboost|p1a: Clodsire|spa|1
|
|t:|1758966129
|switch|p2a: Darkrai|Darkrai|45/100|[from] Parting Shot
|-damage|p2a: Darkrai|29/100|[from] Spikes
|-damage|p2a: Darkrai|17/100|[from] Stealth Rock
|
|-heal|p2a: Darkrai|23/100|[from] Grassy Terrain
|-heal|p2a: Darkrai|29/100|[from] item: Leftovers
|upkeep
|turn|25
|
|t:|1758966138
|move|p2a: Darkrai|Substitute|p2a: Darkrai
|-start|p2a: Darkrai|Substitute
|-damage|p2a: Darkrai|4/100
|move|p1a: Clodsire|Body Press|p2a: Darkrai
|-supereffective|p2a: Darkrai
|-crit|p2a: Darkrai
|-end|p2a: Darkrai|Substitute
|
|-heal|p2a: Darkrai|10/100|[from] Grassy Terrain
|-heal|p2a: Darkrai|17/100|[from] item: Leftovers
|upkeep
|turn|26
|
|t:|1758966147
|-terastallize|p2a: Darkrai|Ghost
|move|p2a: Darkrai|Will-O-Wisp|p1a: Clodsire|[miss]
|-miss|p2a: Darkrai|p1a: Clodsire
|move|p1a: Clodsire|Body Press|p2a: Darkrai
|-immune|p2a: Darkrai
|
|-heal|p2a: Darkrai|23/100|[from] Grassy Terrain
|-heal|p2a: Darkrai|29/100|[from] item: Leftovers
|upkeep
|turn|27
|
|t:|1758966160
|move|p2a: Darkrai|Substitute|p2a: Darkrai
|-start|p2a: Darkrai|Substitute
|-damage|p2a: Darkrai|4/100
|move|p1a: Clodsire|Toxic||[still]
|-fail|p1a: Clodsire
|
|-heal|p2a: Darkrai|10/100|[from] Grassy Terrain
|-heal|p2a: Darkrai|17/100|[from] item: Leftovers
|-fieldend|move: Grassy Terrain
|upkeep
|turn|28
|
|t:|1758966167
|switch|p1a: Samurott|Samurott-Hisui, F|73/100
|move|p2a: Darkrai|Will-O-Wisp|p1a: Samurott
|-status|p1a: Samurott|brn
|
|-heal|p2a: Darkrai|23/100|[from] item: Leftovers
|-damage|p1a: Samurott|67/100 brn|[from] brn
|upkeep
|turn|29
|
|t:|1758966176
|move|p2a: Darkrai|Dark Pulse|p1a: Samurott
|-resisted|p1a: Samurott
|-damage|p1a: Samurott|56/100 brn
|cant|p1a: Samurott|flinch
|
|-heal|p2a: Darkrai|29/100|[from] item: Leftovers
|-damage|p1a: Samurott|50/100 brn|[from] brn
|upkeep
|turn|30
|
|t:|1758966183
|move|p2a: Darkrai|Dark Pulse|p1a: Samurott
|-resisted|p1a: Samurott
|-damage|p1a: Samurott|39/100 brn
|move|p1a: Samurott|Ceaseless Edge|p2a: Darkrai
|-supereffective|p2a: Darkrai
|-end|p2a: Darkrai|Substitute
|-sidestart|p2: G1 Forever|Spikes
|
|-heal|p2a: Darkrai|35/100|[from] item: Leftovers
|-damage|p1a: Samurott|33/100 brn|[from] brn
|upkeep
|turn|31
|
|t:|1758966194
|switch|p2a: Clefable|Clefable, M|94/100
|-damage|p2a: Clefable|69/100|[from] Spikes
|-damage|p2a: Clefable|57/100|[from] Stealth Rock
|move|p1a: Samurott|Aqua Cutter|p2a: Clefable
|-damage|p2a: Clefable|43/100
|
|-heal|p2a: Clefable|49/100|[from] item: Leftovers
|-damage|p1a: Samurott|27/100 brn|[from] brn
|upkeep
|turn|32
|
|t:|1758966205
|switch|p1a: Clodsire|Clodsire, M|100/100
|move|p2a: Clefable|Moonblast|p1a: Clodsire
|-resisted|p1a: Clodsire
|-damage|p1a: Clodsire|89/100
|-unboost|p1a: Clodsire|spa|1
|
|-heal|p2a: Clefable|56/100|[from] item: Leftovers
|-heal|p1a: Clodsire|95/100|[from] item: Leftovers
|upkeep
|turn|33
|
|t:|1758966218
|switch|p2a: Pecharunt|Pecharunt|88/100
|-damage|p2a: Pecharunt|76/100|[from] Stealth Rock
|-item|p2a: Pecharunt|Air Balloon
|move|p1a: Clodsire|Toxic|p2a: Pecharunt
|-immune|p2a: Pecharunt
|
|-heal|p1a: Clodsire|100/100|[from] item: Leftovers
|upkeep
|turn|34
|
|t:|1758966228
|move|p2a: Pecharunt|Parting Shot|p1a: Clodsire
|-unboost|p1a: Clodsire|atk|1
|-unboost|p1a: Clodsire|spa|1
|
|t:|1758966232
|switch|p2a: Darkrai|Darkrai, tera:Ghost|35/100|[from] Parting Shot
|-damage|p2a: Darkrai|10/100|[from] Spikes
|-damage|p2a: Darkrai|0 fnt|[from] Stealth Rock
|faint|p2a: Darkrai
|move|p1a: Clodsire|Stockpile|p1a: Clodsire
|-start|p1a: Clodsire|stockpile1
|-boost|p1a: Clodsire|def|1
|-boost|p1a: Clodsire|spd|1
|
|upkeep
|-message|G1 Forever forfeited.
|
|win|will1994
|raw|will1994's rating: 1636 &rarr; <strong>1654</strong><br />(+18 for winning)
|raw|G1 Forever's rating: 1603 &rarr; <strong>1585</strong><br />(-18 for losing)
|l|☆G1 Forever
|player|p2|
|l|☆will1994
|player|p1|
