|j|☆pikaragedd
|j|☆DiverOfDreams
|t:|1759019525
|gametype|singles
|player|p1|pikaragedd|lucas|1121
|player|p2|DiverOfDreams|rosa|1144
|gen|9
|tier|[Gen 9] OU
|rated|
|rule|HP Percentage Mod: HP is shown in percentages
|rule|Endless Battle Clause: Forcing endless battles is banned
|rule|Species Clause: Limit one of each Pokémon
|rule|OHKO Clause: OHKO moves are banned
|rule|Evasion Items Clause: Evasion items are banned
|rule|Evasion Moves Clause: Evasion moves are banned
|rule|Evasion Abilities Clause: Evasion abilities are banned
|rule|Sleep Moves Clause: Sleep-inducing moves are banned
|clearpoke
|poke|p1|Persian-Alola, M|
|poke|p1|Vaporeon, M|
|poke|p1|Lokix, F|
|poke|p1|Kommo-o, F|
|poke|p1|Gengar, F|
|poke|p1|Hawlucha, F|
|poke|p2|Great Tusk|
|poke|p2|Corviknight, M|
|poke|p2|Gholdengo|
|poke|p2|Dragapult, F|
|poke|p2|Kingambit, M|
|poke|p2|Iron Valiant|
|teampreview
|inactive|Battle timer is ON: inactive players will automatically lose when time's up. (requested by pikaragedd)
|
|t:|1759019549
|teamsize|p1|6
|teamsize|p2|6
|start
|switch|p1a: Hawlucha|Hawlucha, F|100/100
|switch|p2a: Tusk Act 4|Great Tusk|100/100
|-ability|p1a: Hawlucha|Mold Breaker
|turn|1
|
|t:|1759019558
|move|p1a: Hawlucha|Taunt|p2a: Tusk Act 4
|-start|p2a: Tusk Act 4|move: Taunt
|cant|p2a: Tusk Act 4|move: Taunt|Stealth Rock
|
|upkeep
|turn|2
|inactive|DiverOfDreams has 120 seconds left.
|
|t:|1759019589
|move|p1a: Hawlucha|U-turn|p2a: Tusk Act 4
|-resisted|p2a: Tusk Act 4
|-damage|p2a: Tusk Act 4|96/100
|inactive|pikaragedd has 120 seconds left.
|
|t:|1759019624
|switch|p1a: Gengar|Gengar, F|100/100|[from] U-turn
|move|p2a: Tusk Act 4|Knock Off|p1a: Gengar
|-supereffective|p1a: Gengar
|-damage|p1a: Gengar|0 fnt
|-enditem|p1a: Gengar|Choice Specs|[from] move: Knock Off|[of] p2a: Tusk Act 4
|faint|p1a: Gengar
|
|-heal|p2a: Tusk Act 4|100/100|[from] item: Leftovers
|upkeep
|
|t:|1759019637
|switch|p1a: Vaporeon|Vaporeon, M|100/100
|turn|3
|
|t:|1759019655
|-end|p2a: Tusk Act 4|Protosynthesis|[silent]
|switch|p2a: Eye Taker|Corviknight, M, shiny|100/100
|-ability|p2a: Eye Taker|Pressure
|move|p1a: Vaporeon|Scald|p2a: Eye Taker
|-damage|p2a: Eye Taker|72/100
|
|upkeep
|turn|4
|inactive|pikaragedd has 120 seconds left.
|inactive|DiverOfDreams has 120 seconds left.
|
|t:|1759019681
|move|p2a: Eye Taker|Body Press|p1a: Vaporeon
|-damage|p1a: Vaporeon|74/100
|move|p1a: Vaporeon|Scald|p2a: Eye Taker
|-damage|p2a: Eye Taker|41/100
|
|upkeep
|turn|5
|inactive|pikaragedd has 120 seconds left.
|
|t:|1759019689
|move|p2a: Eye Taker|Roost|p2a: Eye Taker
|-heal|p2a: Eye Taker|91/100
|-singleturn|p2a: Eye Taker|move: Roost
|move|p1a: Vaporeon|Wish|p1a: Vaporeon
|
|upkeep
|turn|6
|inactive|DiverOfDreams has 120 seconds left.
|
|t:|1759019695
|move|p2a: Eye Taker|Body Press|p1a: Vaporeon
|-damage|p1a: Vaporeon|47/100
|move|p1a: Vaporeon|Scald|p2a: Eye Taker
|-damage|p2a: Eye Taker|59/100
|
|-heal|p1a: Vaporeon|97/100|[from] move: Wish|[wisher] Vaporeon
|upkeep
|turn|7
|
|t:|1759019704
|move|p2a: Eye Taker|Body Press|p1a: Vaporeon
|-damage|p1a: Vaporeon|70/100
|move|p1a: Vaporeon|Scald|p2a: Eye Taker
|-damage|p2a: Eye Taker|32/100
|
|upkeep
|turn|8
|
|t:|1759019712
|move|p2a: Eye Taker|Roost|p2a: Eye Taker
|-heal|p2a: Eye Taker|82/100
|-singleturn|p2a: Eye Taker|move: Roost
|move|p1a: Vaporeon|Wish|p1a: Vaporeon
|
|upkeep
|turn|9
|
|t:|1759019720
|move|p2a: Eye Taker|Body Press|p1a: Vaporeon
|-damage|p1a: Vaporeon|42/100
|move|p1a: Vaporeon|Scald|p2a: Eye Taker
|-damage|p2a: Eye Taker|50/100
|
|-heal|p1a: Vaporeon|92/100|[from] move: Wish|[wisher] Vaporeon
|upkeep
|turn|10
|
|t:|1759019730
|move|p2a: Eye Taker|Roost|p2a: Eye Taker
|-heal|p2a: Eye Taker|100/100
|-singleturn|p2a: Eye Taker|move: Roost
|move|p1a: Vaporeon|Flip Turn|p2a: Eye Taker
|-damage|p2a: Eye Taker|93/100
|-damage|p1a: Vaporeon|75/100|[from] item: Rocky Helmet|[of] p2a: Eye Taker
|
|t:|1759019746
|switch|p1a: Kommo-o|Kommo-o, F|100/100|[from] Flip Turn
|
|upkeep
|turn|11
|
|t:|1759019759
|move|p1a: Kommo-o|Substitute|p1a: Kommo-o
|-start|p1a: Kommo-o|Substitute
|-damage|p1a: Kommo-o|76/100
|move|p2a: Eye Taker|U-turn|p1a: Kommo-o
|-resisted|p1a: Kommo-o
|-activate|p1a: Kommo-o|move: Substitute|[damage]
|
|t:|1759019782
|switch|p2a: Tusk Act 4|Great Tusk|100/100|[from] U-turn
|
|-heal|p1a: Kommo-o|82/100|[from] item: Leftovers
|upkeep
|turn|12
|
|t:|1759019794
|move|p2a: Tusk Act 4|Stealth Rock|p1a: Kommo-o
|-sidestart|p1: pikaragedd|move: Stealth Rock
|move|p1a: Kommo-o|Iron Defense|p1a: Kommo-o
|-boost|p1a: Kommo-o|def|2
|
|-heal|p1a: Kommo-o|88/100|[from] item: Leftovers
|upkeep
|turn|13
|
|t:|1759019808
|move|p2a: Tusk Act 4|Earthquake|p1a: Kommo-o
|-activate|p1a: Kommo-o|move: Substitute|[damage]
|move|p1a: Kommo-o|Body Press|p2a: Tusk Act 4
|-damage|p2a: Tusk Act 4|56/100
|
|-heal|p2a: Tusk Act 4|62/100|[from] item: Leftovers
|-heal|p1a: Kommo-o|94/100|[from] item: Leftovers
|upkeep
|turn|14
|
|t:|1759019818
|move|p2a: Tusk Act 4|Earthquake|p1a: Kommo-o
|-end|p1a: Kommo-o|Substitute
|move|p1a: Kommo-o|Iron Defense|p1a: Kommo-o
|-boost|p1a: Kommo-o|def|2
|
|-heal|p2a: Tusk Act 4|69/100|[from] item: Leftovers
|-heal|p1a: Kommo-o|100/100|[from] item: Leftovers
|upkeep
|turn|15
|
|t:|1759019831
|move|p2a: Tusk Act 4|Knock Off|p1a: Kommo-o
|-resisted|p1a: Kommo-o
|-damage|p1a: Kommo-o|97/100
|-enditem|p1a: Kommo-o|Leftovers|[from] move: Knock Off|[of] p2a: Tusk Act 4
|move|p1a: Kommo-o|Body Press|p2a: Tusk Act 4
|-damage|p2a: Tusk Act 4|9/100
|
|-heal|p2a: Tusk Act 4|15/100|[from] item: Leftovers
|upkeep
|turn|16
|
|t:|1759019848
|-end|p2a: Tusk Act 4|Protosynthesis|[silent]
|switch|p2a: Fort Knox|Gholdengo|100/100
|move|p1a: Kommo-o|Body Press|p2a: Fort Knox
|-immune|p2a: Fort Knox
|
|upkeep
|turn|17
|
|t:|1759019866
|switch|p1a: Vaporeon|Vaporeon, M|75/100
|move|p2a: Fort Knox|Shadow Ball|p1a: Vaporeon
|-damage|p1a: Vaporeon|52/100
|
|upkeep
|turn|18
|
|t:|1759019875
|move|p2a: Fort Knox|Shadow Ball|p1a: Vaporeon
|-damage|p1a: Vaporeon|26/100
|move|p1a: Vaporeon|Wish|p1a: Vaporeon
|
|upkeep
|turn|19
|
|t:|1759019885
|move|p1a: Vaporeon|Protect|p1a: Vaporeon
|-singleturn|p1a: Vaporeon|Protect
|move|p2a: Fort Knox|Shadow Ball|p1a: Vaporeon
|-activate|p1a: Vaporeon|move: Protect
|
|-heal|p1a: Vaporeon|76/100|[from] move: Wish|[wisher] Vaporeon
|upkeep
|turn|20
|inactive|DiverOfDreams has 120 seconds left.
|
|t:|1759019924
|switch|p2a: Draghost|Dragapult, F|100/100
|move|p1a: Vaporeon|Wish|p1a: Vaporeon
|
|upkeep
|turn|21
|
|t:|1759019933
|move|p2a: Draghost|Draco Meteor|p1a: Vaporeon|[miss]
|-miss|p2a: Draghost|p1a: Vaporeon
|move|p1a: Vaporeon|Flip Turn|p2a: Draghost
|-resisted|p2a: Draghost
|-crit|p2a: Draghost
|-damage|p2a: Draghost|87/100
|
|t:|1759019945
|switch|p1a: Lokix|Lokix, F|100/100|[from] Flip Turn
|-damage|p1a: Lokix|75/100|[from] Stealth Rock
|
|-heal|p1a: Lokix|100/100|[from] move: Wish|[wisher] Vaporeon
|upkeep
|turn|22
|
|t:|1759019969
|-terastallize|p1a: Lokix|Bug
|move|p1a: Lokix|First Impression|p2a: Draghost
|-resisted|p2a: Draghost
|-damage|p2a: Draghost|0 fnt
|faint|p2a: Draghost
|
|upkeep
|inactive|DiverOfDreams has 120 seconds left.
|
|t:|1759019990
|switch|p2a: Eye Taker|Corviknight, M, shiny|93/100
|-ability|p2a: Eye Taker|Pressure
|turn|23
|
|t:|1759019999
|switch|p1a: Vaporeon|Vaporeon, M|76/100
|move|p2a: Eye Taker|U-turn|p1a: Vaporeon
|-damage|p1a: Vaporeon|59/100
|
|t:|1759020017
|switch|p2a: Fort Knox|Gholdengo|100/100|[from] U-turn
|
|upkeep
|turn|24
|
|t:|1759020024
|move|p2a: Fort Knox|Make It Rain|p1a: Vaporeon
|-resisted|p1a: Vaporeon
|-damage|p1a: Vaporeon|41/100
|-unboost|p2a: Fort Knox|spa|1
|move|p1a: Vaporeon|Wish|p1a: Vaporeon
|
|upkeep
|turn|25
|
|t:|1759020035
|switch|p2a: Eye Taker|Corviknight, M, shiny|93/100
|-ability|p2a: Eye Taker|Pressure
|move|p1a: Vaporeon|Scald|p2a: Eye Taker
|-damage|p2a: Eye Taker|62/100
|
|-heal|p1a: Vaporeon|91/100|[from] move: Wish|[wisher] Vaporeon
|upkeep
|turn|26
|
|t:|1759020057
|move|p2a: Eye Taker|Body Press|p1a: Vaporeon
|-damage|p1a: Vaporeon|64/100
|move|p1a: Vaporeon|Scald|p2a: Eye Taker
|-damage|p2a: Eye Taker|33/100
|-status|p2a: Eye Taker|brn
|
|-damage|p2a: Eye Taker|27/100 brn|[from] brn
|upkeep
|turn|27
|
|t:|1759020071
|move|p2a: Eye Taker|Roost|p2a: Eye Taker
|-heal|p2a: Eye Taker|77/100 brn
|-singleturn|p2a: Eye Taker|move: Roost
|move|p1a: Vaporeon|Wish|p1a: Vaporeon
|
|-damage|p2a: Eye Taker|71/100 brn|[from] brn
|upkeep
|turn|28
|
|t:|1759020096
|move|p2a: Eye Taker|Body Press|p1a: Vaporeon
|-damage|p1a: Vaporeon|49/100
|move|p1a: Vaporeon|Flip Turn|p2a: Eye Taker
|-damage|p2a: Eye Taker|63/100 brn
|-damage|p1a: Vaporeon|33/100|[from] item: Rocky Helmet|[of] p2a: Eye Taker
|inactive|pikaragedd has 120 seconds left.
|
|t:|1759020109
|switch|p1a: Lokix|Lokix, F, tera:Bug|100/100|[from] Flip Turn
|-damage|p1a: Lokix|75/100|[from] Stealth Rock
|
|-heal|p1a: Lokix|100/100|[from] move: Wish|[wisher] Vaporeon
|-damage|p2a: Eye Taker|57/100 brn|[from] brn
|upkeep
|turn|29
|
|t:|1759020119
|move|p1a: Lokix|Knock Off|p2a: Eye Taker
|-damage|p2a: Eye Taker|15/100 brn
|-damage|p1a: Lokix|84/100|[from] item: Rocky Helmet|[of] p2a: Eye Taker
|-enditem|p2a: Eye Taker|Rocky Helmet|[from] move: Knock Off|[of] p1a: Lokix
|move|p2a: Eye Taker|Roost|p2a: Eye Taker
|-heal|p2a: Eye Taker|65/100 brn
|-singleturn|p2a: Eye Taker|move: Roost
|
|-damage|p2a: Eye Taker|58/100 brn|[from] brn
|upkeep
|turn|30
|inactive|pikaragedd has 120 seconds left.
|
|t:|1759020156
|switch|p1a: Kommo-o|Kommo-o, F|97/100
|-damage|p1a: Kommo-o|91/100|[from] Stealth Rock
|move|p2a: Eye Taker|Roost|p2a: Eye Taker
|-heal|p2a: Eye Taker|100/100 brn
|-singleturn|p2a: Eye Taker|move: Roost
|
|-damage|p2a: Eye Taker|94/100 brn|[from] brn
|upkeep
|turn|31
|inactive|pikaragedd has 90 seconds left.
|
|t:|1759020190
|move|p1a: Kommo-o|Iron Head|p2a: Eye Taker
|-resisted|p2a: Eye Taker
|-damage|p2a: Eye Taker|88/100 brn
|cant|p2a: Eye Taker|flinch
|
|-damage|p2a: Eye Taker|82/100 brn|[from] brn
|upkeep
|turn|32
|
|t:|1759020199
|move|p1a: Kommo-o|Iron Defense|p1a: Kommo-o
|-boost|p1a: Kommo-o|def|2
|move|p2a: Eye Taker|Body Press|p1a: Kommo-o
|-damage|p1a: Kommo-o|88/100
|
|-damage|p2a: Eye Taker|76/100 brn|[from] brn
|upkeep
|turn|33
|inactive|pikaragedd has 90 seconds left.
|inactive|DiverOfDreams has 120 seconds left.
|
|t:|1759020211
|move|p1a: Kommo-o|Iron Defense|p1a: Kommo-o
|-boost|p1a: Kommo-o|def|2
|move|p2a: Eye Taker|Body Press|p1a: Kommo-o
|-damage|p1a: Kommo-o|85/100
|
|-damage|p2a: Eye Taker|70/100 brn|[from] brn
|upkeep
|turn|34
|inactive|DiverOfDreams has 120 seconds left.
|
|t:|1759020221
|move|p1a: Kommo-o|Body Press|p2a: Eye Taker
|-damage|p2a: Eye Taker|0 fnt
|faint|p2a: Eye Taker
|
|upkeep
|
|t:|1759020237
|switch|p2a: Mecha Gallade|Iron Valiant, shiny|100/100
|-enditem|p2a: Mecha Gallade|Booster Energy
|-activate|p2a: Mecha Gallade|ability: Quark Drive|[fromitem]
|-start|p2a: Mecha Gallade|quarkdrivespe
|turn|35
|
|t:|1759020253
|-terastallize|p2a: Mecha Gallade|Fairy
|move|p2a: Mecha Gallade|Moonblast|p1a: Kommo-o
|-supereffective|p1a: Kommo-o
|-damage|p1a: Kommo-o|0 fnt
|faint|p1a: Kommo-o
|
|upkeep
|
|t:|1759020263
|switch|p1a: Lokix|Lokix, F, tera:Bug|84/100
|-damage|p1a: Lokix|59/100|[from] Stealth Rock
|turn|36
|
|t:|1759020272
|move|p1a: Lokix|First Impression|p2a: Mecha Gallade
|-resisted|p2a: Mecha Gallade
|-damage|p2a: Mecha Gallade|0 fnt
|faint|p2a: Mecha Gallade
|-end|p2a: Mecha Gallade|Quark Drive|[silent]
|
|upkeep
|
|t:|1759020287
|switch|p2a: I'm Still Standing|Kingambit, M|100/100
|-activate|p2a: I'm Still Standing|ability: Supreme Overlord
|-start|p2a: I'm Still Standing|fallen3|[silent]
|turn|37
|
|t:|1759020300
|switch|p1a: Vaporeon|Vaporeon, M|33/100
|move|p2a: I'm Still Standing|Sucker Punch||[still]
|-fail|p2a: I'm Still Standing
|
|upkeep
|turn|38
|inactive|DiverOfDreams has 120 seconds left.
|
|t:|1759020312
|move|p1a: Vaporeon|Wish|p1a: Vaporeon
|move|p2a: I'm Still Standing|Iron Head|p1a: Vaporeon
|-resisted|p1a: Vaporeon
|-damage|p1a: Vaporeon|0 fnt
|faint|p1a: Vaporeon
|
|upkeep
|
|t:|1759020325
|switch|p1a: Persian|Persian-Alola, M|100/100
|-damage|p1a: Persian|88/100|[from] Stealth Rock
|turn|39
|inactive|DiverOfDreams has 120 seconds left.
|
|t:|1759020345
|move|p1a: Persian|Knock Off|p2a: I'm Still Standing
|-resisted|p2a: I'm Still Standing
|-damage|p2a: I'm Still Standing|93/100
|-enditem|p2a: I'm Still Standing|Black Belt|[from] move: Knock Off|[of] p1a: Persian
|move|p2a: I'm Still Standing|Iron Head|p1a: Persian
|-damage|p1a: Persian|59/100
|-damage|p2a: I'm Still Standing|76/100|[from] item: Rocky Helmet|[of] p1a: Persian
|
|-heal|p1a: Persian|100/100|[from] move: Wish|[wisher] Vaporeon
|upkeep
|turn|40
|inactive|DiverOfDreams has 120 seconds left.
|
|t:|1759020364
|-end|p2a: I'm Still Standing|fallen3|[silent]
|switch|p2a: Tusk Act 4|Great Tusk|15/100
|move|p1a: Persian|Foul Play|p2a: Tusk Act 4
|-resisted|p2a: Tusk Act 4
|-damage|p2a: Tusk Act 4|5/100
|
|-heal|p2a: Tusk Act 4|11/100|[from] item: Leftovers
|upkeep
|turn|41
|inactive|DiverOfDreams has 120 seconds left.
|inactive|pikaragedd has 90 seconds left.
|
|t:|1759020398
|switch|p1a: Hawlucha|Hawlucha, F|100/100
|-damage|p1a: Hawlucha|88/100|[from] Stealth Rock
|-ability|p1a: Hawlucha|Mold Breaker
|move|p2a: Tusk Act 4|Knock Off|p1a: Hawlucha
|-resisted|p1a: Hawlucha
|-damage|p1a: Hawlucha|68/100
|-enditem|p1a: Hawlucha|Focus Sash|[from] move: Knock Off|[of] p2a: Tusk Act 4
|
|-heal|p2a: Tusk Act 4|18/100|[from] item: Leftovers
|upkeep
|turn|42
|inactive|pikaragedd has 90 seconds left.
|inactive|DiverOfDreams has 120 seconds left.
|
|t:|1759020420
|-end|p2a: Tusk Act 4|Protosynthesis|[silent]
|switch|p2a: Fort Knox|Gholdengo|100/100
|move|p1a: Hawlucha|High Jump Kick|p2a: Fort Knox
|-immune|p2a: Fort Knox
|-damage|p1a: Hawlucha|18/100|[from] highjumpkick
|
|upkeep
|turn|43
|
|t:|1759020440
|move|p2a: Fort Knox|Make It Rain|p1a: Hawlucha
|-damage|p1a: Hawlucha|0 fnt
|-unboost|p2a: Fort Knox|spa|1
|faint|p1a: Hawlucha
|
|upkeep
|inactive|pikaragedd has 60 seconds left.
|
|t:|1759020473
|switch|p1a: Persian|Persian-Alola, M|100/100
|-damage|p1a: Persian|88/100|[from] Stealth Rock
|turn|44
|inactive|pikaragedd has 60 seconds left.
|
|t:|1759020496
|switch|p2a: Tusk Act 4|Great Tusk|18/100
|move|p1a: Persian|Knock Off|p2a: Tusk Act 4
|-resisted|p2a: Tusk Act 4
|-damage|p2a: Tusk Act 4|13/100
|-enditem|p2a: Tusk Act 4|Leftovers|[from] move: Knock Off|[of] p1a: Persian
|
|upkeep
|turn|45
|
|t:|1759020517
|move|p1a: Persian|Parting Shot|p2a: Tusk Act 4
|-unboost|p2a: Tusk Act 4|atk|1
|-unboost|p2a: Tusk Act 4|spa|1
|
|t:|1759020521
|switch|p1a: Lokix|Lokix, F, tera:Bug|59/100|[from] Parting Shot
|-damage|p1a: Lokix|34/100|[from] Stealth Rock
|move|p2a: Tusk Act 4|Knock Off|p1a: Lokix
|-damage|p1a: Lokix|7/100
|-enditem|p1a: Lokix|Choice Band|[from] move: Knock Off|[of] p2a: Tusk Act 4
|
|upkeep
|turn|46
|inactive|pikaragedd has 60 seconds left.
|
|t:|1759020533
|move|p1a: Lokix|Knock Off|p2a: Tusk Act 4
|-resisted|p2a: Tusk Act 4
|-damage|p2a: Tusk Act 4|0 fnt
|faint|p2a: Tusk Act 4
|-end|p2a: Tusk Act 4|Protosynthesis|[silent]
|
|upkeep
|
|t:|1759020548
|switch|p2a: I'm Still Standing|Kingambit, M|76/100
|-activate|p2a: I'm Still Standing|ability: Supreme Overlord
|-start|p2a: I'm Still Standing|fallen4|[silent]
|turn|47
|
|t:|1759020557
|move|p1a: Lokix|Sucker Punch|p2a: I'm Still Standing
|-resisted|p2a: I'm Still Standing
|-damage|p2a: I'm Still Standing|54/100
|move|p2a: I'm Still Standing|Sucker Punch||[still]
|-fail|p2a: I'm Still Standing
|
|upkeep
|turn|48
|
|t:|1759020575
|move|p1a: Lokix|Knock Off|p2a: I'm Still Standing
|-resisted|p2a: I'm Still Standing
|-damage|p2a: I'm Still Standing|32/100
|move|p2a: I'm Still Standing|Kowtow Cleave|p1a: Lokix
|-damage|p1a: Lokix|0 fnt
|faint|p1a: Lokix
|
|upkeep
|
|t:|1759020583
|switch|p1a: Persian|Persian-Alola, M|88/100
|-damage|p1a: Persian|76/100|[from] Stealth Rock
|turn|49
|inactive|pikaragedd has 60 seconds left.
|
|t:|1759020601
|move|p1a: Persian|Parting Shot|p2a: I'm Still Standing
|-unboost|p2a: I'm Still Standing|atk|1
|-unboost|p2a: I'm Still Standing|spa|1
|move|p2a: I'm Still Standing|Iron Head|p1a: Persian
|-damage|p1a: Persian|55/100
|-damage|p2a: I'm Still Standing|16/100|[from] item: Rocky Helmet|[of] p1a: Persian
|
|upkeep
|turn|50
|inactive|DiverOfDreams has 120 seconds left.
|inactive|pikaragedd has 60 seconds left.
|
|t:|1759020619
|move|p1a: Persian|Foul Play|p2a: I'm Still Standing
|-resisted|p2a: I'm Still Standing
|-damage|p2a: I'm Still Standing|3/100
|move|p2a: I'm Still Standing|Iron Head|p1a: Persian
|-damage|p1a: Persian|32/100
|-damage|p2a: I'm Still Standing|0 fnt|[from] item: Rocky Helmet|[of] p1a: Persian
|faint|p2a: I'm Still Standing
|-end|p2a: I'm Still Standing|fallen4|[silent]
|
|upkeep
|-message|pikaragedd forfeited.
|
|win|DiverOfDreams
|raw|pikaragedd's rating: 1121 &rarr; <strong>1098</strong><br />(-23 for losing)
|raw|DiverOfDreams's rating: 1144 &rarr; <strong>1167</strong><br />(+23 for winning)
|l|☆pikaragedd
|player|p1|
