|j|☆Charle_phate
|j|☆lullaby disk
|t:|1759036936
|gametype|singles
|player|p1|Charle_phate|blue|1335
|player|p2|lullaby disk|roxie-masters|1385
|gen|9
|tier|[Gen 9] OU
|rated|
|rule|HP Percentage Mod: HP is shown in percentages
|rule|Endless Battle Clause: Forcing endless battles is banned
|rule|Species Clause: Limit one of each Pokémon
|rule|OHKO Clause: OHKO moves are banned
|rule|Evasion Items Clause: Evasion items are banned
|rule|Evasion Moves Clause: Evasion moves are banned
|rule|Evasion Abilities Clause: Evasion abilities are banned
|rule|Sleep Moves Clause: Sleep-inducing moves are banned
|clearpoke
|poke|p1|Serperior, M|
|poke|p1|Rotom-Wash|
|poke|p1|Zapdos|
|poke|p1|Heatran, F|
|poke|p1|Clefable, M|
|poke|p1|Landorus-Therian, M|
|poke|p2|Tyranitar, F|
|poke|p2|Excadrill, F|
|poke|p2|Ogerpon-Wellspring, F|
|poke|p2|Corviknight, F|
|poke|p2|Iron Valiant|
|poke|p2|Raging Bolt|
|teampreview
|inactive|Battle timer is ON: inactive players will automatically lose when time's up. (requested by Charle_phate)
|inactive|lullaby disk also wants the timer to be on.
|
|t:|1759036963
|teamsize|p1|6
|teamsize|p2|6
|start
|switch|p1a: Rotom|Rotom-Wash|100/100
|switch|p2a: Tyranitar|Tyranitar, F|100/100
|-weather|Sandstorm|[from] ability: Sand Stream|[of] p2a: Tyranitar
|turn|1
|
|t:|1759036973
|switch|p2a: Ogerpon|Ogerpon-Wellspring, F|100/100
|move|p1a: Rotom|Thunder Wave|p2a: Ogerpon
|-status|p2a: Ogerpon|par
|
|-weather|Sandstorm|[upkeep]
|-damage|p1a: Rotom|94/100|[from] Sandstorm
|-damage|p2a: Ogerpon|95/100 par|[from] Sandstorm
|-heal|p1a: Rotom|100/100|[from] item: Leftovers
|upkeep
|turn|2
|
|t:|1759036982
|switch|p1a: Serperior|Serperior, M|100/100
|move|p2a: Ogerpon|U-turn|p1a: Serperior
|-supereffective|p1a: Serperior
|-damage|p1a: Serperior|33/100
|
|t:|1759036988
|switch|p2a: Excadrill|Excadrill, F|100/100|[from] U-turn
|
|-weather|Sandstorm|[upkeep]
|-damage|p1a: Serperior|27/100|[from] Sandstorm
|-heal|p1a: Serperior|33/100|[from] item: Leftovers
|upkeep
|turn|3
|inactive|Charle_phate has 120 seconds left.
|
|t:|1759037019
|switch|p1a: Zapdos|Zapdos|100/100
|move|p2a: Excadrill|Iron Head|p1a: Zapdos
|-resisted|p1a: Zapdos
|-damage|p1a: Zapdos|69/100
|
|-weather|Sandstorm|[upkeep]
|-damage|p1a: Zapdos|62/100|[from] Sandstorm
|-heal|p1a: Zapdos|69/100|[from] item: Leftovers
|upkeep
|turn|4
|inactive|lullaby disk has 120 seconds left.
|
|t:|1759037051
|switch|p2a: Tyranitar|Tyranitar, F|100/100
|move|p1a: Zapdos|Heat Wave|p2a: Tyranitar
|-resisted|p2a: Tyranitar
|-damage|p2a: Tyranitar|94/100
|
|-weather|Sandstorm|[upkeep]
|-damage|p1a: Zapdos|62/100|[from] Sandstorm
|-heal|p1a: Zapdos|69/100|[from] item: Leftovers
|upkeep
|turn|5
|inactive|Charle_phate has 120 seconds left.
|
|t:|1759037072
|switch|p1a: Rotom|Rotom-Wash|100/100
|move|p2a: Tyranitar|Stealth Rock|p1a: Rotom
|-sidestart|p1: Charle_phate|move: Stealth Rock
|
|-weather|Sandstorm|[upkeep]
|-damage|p1a: Rotom|94/100|[from] Sandstorm
|-heal|p1a: Rotom|100/100|[from] item: Leftovers
|upkeep
|turn|6
|inactive|lullaby disk has 90 seconds left.
|
|t:|1759037112
|move|p1a: Rotom|Charge Beam|p2a: Tyranitar
|-damage|p2a: Tyranitar|85/100
|-boost|p1a: Rotom|spa|1
|move|p2a: Tyranitar|Knock Off|p1a: Rotom
|-damage|p1a: Rotom|53/100
|-enditem|p1a: Rotom|Leftovers|[from] move: Knock Off|[of] p2a: Tyranitar
|
|-weather|Sandstorm|[upkeep]
|-damage|p1a: Rotom|47/100|[from] Sandstorm
|upkeep
|turn|7
|
|t:|1759037121
|move|p1a: Rotom|Thunder Wave|p2a: Tyranitar
|-status|p2a: Tyranitar|par
|move|p2a: Tyranitar|Stone Edge|p1a: Rotom
|-damage|p1a: Rotom|0 fnt
|faint|p1a: Rotom
|
|-weather|Sandstorm|[upkeep]
|upkeep
|
|t:|1759037126
|switch|p1a: Serperior|Serperior, M|33/100
|-damage|p1a: Serperior|20/100|[from] Stealth Rock
|turn|8
|
|t:|1759037131
|move|p1a: Serperior|Leech Seed|p2a: Tyranitar
|-start|p2a: Tyranitar|move: Leech Seed
|cant|p2a: Tyranitar|par
|
|-weather|none
|-heal|p1a: Serperior|27/100|[from] item: Leftovers
|-damage|p2a: Tyranitar|72/100 par|[from] Leech Seed|[of] p1a: Serperior
|-heal|p1a: Serperior|44/100|[silent]
|upkeep
|turn|9
|
|t:|1759037139
|move|p1a: Serperior|Substitute|p1a: Serperior
|-start|p1a: Serperior|Substitute
|-damage|p1a: Serperior|19/100
|cant|p2a: Tyranitar|par
|
|-heal|p1a: Serperior|25/100|[from] item: Leftovers
|-damage|p2a: Tyranitar|60/100 par|[from] Leech Seed|[of] p1a: Serperior
|-heal|p1a: Serperior|42/100|[silent]
|upkeep
|turn|10
|inactive|Charle_phate has 120 seconds left.
|
|t:|1759037192
|switch|p2a: Corviknight|Corviknight, F|100/100
|-ability|p2a: Corviknight|Pressure
|move|p1a: Serperior|Leaf Storm|p2a: Corviknight|[miss]
|-miss|p1a: Serperior|p2a: Corviknight
|
|-heal|p1a: Serperior|48/100|[from] item: Leftovers
|upkeep
|turn|11
|
|t:|1759037200
|move|p1a: Serperior|Glare|p2a: Corviknight
|-status|p2a: Corviknight|par
|cant|p2a: Corviknight|par
|
|-heal|p1a: Serperior|54/100|[from] item: Leftovers
|upkeep
|turn|12
|inactive|Charle_phate has 90 seconds left.
|
|t:|1759037250
|move|p1a: Serperior|Leech Seed|p2a: Corviknight
|-start|p2a: Corviknight|move: Leech Seed
|cant|p2a: Corviknight|par
|
|-heal|p1a: Serperior|60/100|[from] item: Leftovers
|-damage|p2a: Corviknight|88/100 par|[from] Leech Seed|[of] p1a: Serperior
|-heal|p1a: Serperior|77/100|[silent]
|upkeep
|turn|13
|
|t:|1759037259
|move|p1a: Serperior|Glare|p2a: Corviknight
|-fail|p2a: Corviknight|par
|move|p2a: Corviknight|U-turn|p1a: Serperior
|-supereffective|p1a: Serperior
|-end|p1a: Serperior|Substitute
|inactive|lullaby disk has 120 seconds left.
|l|☆Charle_phate
|inactive|Charle_phate disconnected and has a minute to reconnect!
|player|p1|
|
|t:|1759037290
|switch|p2a: Iron Valiant|Iron Valiant|100/100|[from] U-turn
|-enditem|p2a: Iron Valiant|Booster Energy
|-activate|p2a: Iron Valiant|ability: Quark Drive|[fromitem]
|-start|p2a: Iron Valiant|quarkdrivespe
|
|-heal|p1a: Serperior|83/100|[from] item: Leftovers
|upkeep
|turn|14
|j|☆Charle_phate
|inactive|Charle_phate reconnected and has 85 seconds left.
|player|p1|Charle_phate|blue|
|
|t:|1759037310
|-end|p2a: Iron Valiant|Quark Drive|[silent]
|switch|p2a: Excadrill|Excadrill, F|100/100
|move|p1a: Serperior|Glare|p2a: Excadrill
|-status|p2a: Excadrill|par
|
|-heal|p1a: Serperior|90/100|[from] item: Leftovers
|upkeep
|turn|15
|inactive|Charle_phate has 60 seconds left.
|inactive|lullaby disk has 90 seconds left.
|c|☆lullaby disk|dude are you setting up my pokemon for crymotheraphy
|
|t:|1759037373
|move|p1a: Serperior|Substitute|p1a: Serperior
|-start|p1a: Serperior|Substitute
|-damage|p1a: Serperior|65/100
|move|p2a: Excadrill|Iron Head|p1a: Serperior
|-end|p1a: Serperior|Substitute
|
|-heal|p1a: Serperior|71/100|[from] item: Leftovers
|upkeep
|turn|16
|
|t:|1759037378
|move|p1a: Serperior|Substitute|p1a: Serperior
|-start|p1a: Serperior|Substitute
|-damage|p1a: Serperior|46/100
|cant|p2a: Excadrill|par
|
|-heal|p1a: Serperior|52/100|[from] item: Leftovers
|upkeep
|turn|17
|inactive|Charle_phate has 30 seconds left.
|inactive|Charle_phate has 20 seconds left.
|inactive|Charle_phate has 15 seconds left.
|
|t:|1759037427
|move|p1a: Serperior|Leaf Storm|p2a: Excadrill
|-damage|p2a: Excadrill|35/100 par
|-boost|p1a: Serperior|spa|2
|move|p2a: Excadrill|Iron Head|p1a: Serperior
|-end|p1a: Serperior|Substitute
|
|-heal|p1a: Serperior|58/100|[from] item: Leftovers
|upkeep
|turn|18
|inactive|Charle_phate has 25 seconds left this turn.
|
|t:|1759037437
|move|p1a: Serperior|Substitute|p1a: Serperior
|-start|p1a: Serperior|Substitute
|-damage|p1a: Serperior|33/100
|move|p2a: Excadrill|Iron Head|p1a: Serperior
|-end|p1a: Serperior|Substitute
|
|-heal|p1a: Serperior|39/100|[from] item: Leftovers
|upkeep
|turn|19
|inactive|Charle_phate has 30 seconds left.
|
|t:|1759037442
|move|p1a: Serperior|Substitute|p1a: Serperior
|-start|p1a: Serperior|Substitute
|-damage|p1a: Serperior|14/100
|move|p2a: Excadrill|Iron Head|p1a: Serperior
|-end|p1a: Serperior|Substitute
|
|-heal|p1a: Serperior|20/100|[from] item: Leftovers
|upkeep
|turn|20
|
|t:|1759037446
|move|p1a: Serperior|Leaf Storm|p2a: Excadrill
|-damage|p2a: Excadrill|0 fnt
|-boost|p1a: Serperior|spa|2
|faint|p2a: Excadrill
|
|-heal|p1a: Serperior|27/100|[from] item: Leftovers
|upkeep
|inactive|lullaby disk has 120 seconds left.
|
|t:|1759037462
|switch|p2a: Raging Bolt|Raging Bolt|100/100
|turn|21
|
|t:|1759037467
|move|p2a: Raging Bolt|Thunderclap|p1a: Serperior
|-resisted|p1a: Serperior
|-damage|p1a: Serperior|0 fnt
|faint|p1a: Serperior
|
|upkeep
|
|t:|1759037470
|switch|p1a: Heatran|Heatran, F|100/100
|-damage|p1a: Heatran|88/100|[from] Stealth Rock
|turn|22
|
|t:|1759037475
|-end|p2a: Raging Bolt|Protosynthesis|[silent]
|switch|p2a: Tyranitar|Tyranitar, F|60/100 par
|-weather|Sandstorm|[from] ability: Sand Stream|[of] p2a: Tyranitar
|move|p1a: Heatran|Substitute|p1a: Heatran
|-start|p1a: Heatran|Substitute
|-damage|p1a: Heatran|63/100
|
|-weather|Sandstorm|[upkeep]
|-heal|p1a: Heatran|70/100|[from] item: Leftovers
|upkeep
|turn|23
|
|t:|1759037481
|move|p1a: Heatran|Earth Power|p2a: Tyranitar
|-supereffective|p2a: Tyranitar
|-damage|p2a: Tyranitar|33/100 par
|move|p2a: Tyranitar|Stone Edge|p1a: Heatran
|-end|p1a: Heatran|Substitute
|
|-weather|Sandstorm|[upkeep]
|-heal|p1a: Heatran|76/100|[from] item: Leftovers
|upkeep
|turn|24
|
|t:|1759037502
|move|p1a: Heatran|Substitute|p1a: Heatran
|-start|p1a: Heatran|Substitute
|-damage|p1a: Heatran|51/100
|move|p2a: Tyranitar|Stone Edge|p1a: Heatran
|-end|p1a: Heatran|Substitute
|
|-weather|Sandstorm|[upkeep]
|-heal|p1a: Heatran|57/100|[from] item: Leftovers
|upkeep
|turn|25
|
|t:|1759037519
|move|p1a: Heatran|Substitute|p1a: Heatran
|-start|p1a: Heatran|Substitute
|-damage|p1a: Heatran|32/100
|cant|p2a: Tyranitar|par
|
|-weather|Sandstorm|[upkeep]
|-heal|p1a: Heatran|39/100|[from] item: Leftovers
|upkeep
|turn|26
|
|t:|1759037544
|move|p1a: Heatran|Earth Power|p2a: Tyranitar
|-supereffective|p2a: Tyranitar
|-damage|p2a: Tyranitar|7/100 par
|cant|p2a: Tyranitar|par
|
|-weather|Sandstorm|[upkeep]
|-heal|p1a: Heatran|45/100|[from] item: Leftovers
|upkeep
|turn|27
|
|t:|1759037554
|move|p1a: Heatran|Ancient Power|p2a: Tyranitar
|-damage|p2a: Tyranitar|0 fnt
|faint|p2a: Tyranitar
|
|-weather|Sandstorm|[upkeep]
|-heal|p1a: Heatran|51/100|[from] item: Leftovers
|upkeep
|
|t:|1759037558
|switch|p2a: Ogerpon|Ogerpon-Wellspring, F|95/100 par
|turn|28
|
|t:|1759037578
|-terastallize|p2a: Ogerpon|Water
|detailschange|p2a: Ogerpon|Ogerpon-Wellspring-Tera, F, tera:Water
|-ability|p2a: Ogerpon|Embody Aspect (Wellspring)|boost
|-boost|p2a: Ogerpon|spd|1
|move|p1a: Heatran|Ancient Power|p2a: Ogerpon
|-damage|p2a: Ogerpon|77/100 par
|move|p2a: Ogerpon|Ivy Cudgel|p1a: Heatran|[anim] Ivy Cudgel Water
|-supereffective|p1a: Heatran
|-end|p1a: Heatran|Substitute
|
|-weather|Sandstorm|[upkeep]
|-damage|p2a: Ogerpon|71/100 par|[from] Sandstorm
|-heal|p1a: Heatran|57/100|[from] item: Leftovers
|upkeep
|turn|29
|
|t:|1759037595
|move|p1a: Heatran|Substitute|p1a: Heatran
|-start|p1a: Heatran|Substitute
|-damage|p1a: Heatran|32/100
|move|p2a: Ogerpon|Ivy Cudgel|p1a: Heatran|[anim] Ivy Cudgel Water
|-supereffective|p1a: Heatran
|-crit|p1a: Heatran
|-end|p1a: Heatran|Substitute
|
|-weather|none
|-heal|p1a: Heatran|39/100|[from] item: Leftovers
|upkeep
|turn|30
|
|t:|1759037610
|move|p1a: Heatran|Substitute|p1a: Heatran
|-start|p1a: Heatran|Substitute
|-damage|p1a: Heatran|14/100
|move|p2a: Ogerpon|Ivy Cudgel|p1a: Heatran|[anim] Ivy Cudgel Water
|-supereffective|p1a: Heatran
|-crit|p1a: Heatran
|-end|p1a: Heatran|Substitute
|
|-heal|p1a: Heatran|20/100|[from] item: Leftovers
|upkeep
|turn|31
|
|t:|1759037617
|move|p1a: Heatran|Ancient Power|p2a: Ogerpon
|-damage|p2a: Ogerpon|54/100 par
|move|p2a: Ogerpon|Ivy Cudgel|p1a: Heatran|[anim] Ivy Cudgel Water
|-supereffective|p1a: Heatran
|-damage|p1a: Heatran|0 fnt
|faint|p1a: Heatran
|
|upkeep
|
|t:|1759037623
|switch|p1a: Zapdos|Zapdos|69/100
|-damage|p1a: Zapdos|44/100|[from] Stealth Rock
|turn|32
|
|t:|1759037645
|switch|p2a: Raging Bolt|Raging Bolt|100/100
|move|p1a: Zapdos|Roost|p1a: Zapdos
|-heal|p1a: Zapdos|94/100
|-singleturn|p1a: Zapdos|move: Roost
|
|-heal|p1a: Zapdos|99/100|[from] item: Leftovers
|upkeep
|turn|33
|inactive|Charle_phate has 90 seconds left.
|
|t:|1759037655
|move|p2a: Raging Bolt|Thunderbolt|p1a: Zapdos
|-damage|p1a: Zapdos|16/100
|move|p1a: Zapdos|Ancient Power|p2a: Raging Bolt
|-damage|p2a: Raging Bolt|81/100
|
|-heal|p1a: Zapdos|23/100|[from] item: Leftovers
|upkeep
|turn|34
|inactive|Charle_phate has 90 seconds left.
|
|t:|1759037663
|-end|p2a: Raging Bolt|Protosynthesis|[silent]
|switch|p2a: Corviknight|Corviknight, F|88/100 par
|-ability|p2a: Corviknight|Pressure
|move|p1a: Zapdos|Ancient Power|p2a: Corviknight
|-damage|p2a: Corviknight|66/100 par
|
|-heal|p1a: Zapdos|29/100|[from] item: Leftovers
|upkeep
|turn|35
|inactive|Charle_phate has 90 seconds left.
|
|t:|1759037685
|move|p1a: Zapdos|Roost|p1a: Zapdos
|-heal|p1a: Zapdos|79/100
|-singleturn|p1a: Zapdos|move: Roost
|cant|p2a: Corviknight|par
|
|-heal|p1a: Zapdos|85/100|[from] item: Leftovers
|upkeep
|turn|36
|
|t:|1759037688
|move|p1a: Zapdos|Ancient Power|p2a: Corviknight
|-damage|p2a: Corviknight|43/100 par
|move|p2a: Corviknight|U-turn|p1a: Zapdos
|-resisted|p1a: Zapdos
|-damage|p1a: Zapdos|78/100
|
|t:|1759037694
|switch|p2a: Raging Bolt|Raging Bolt|81/100|[from] U-turn
|
|-heal|p1a: Zapdos|84/100|[from] item: Leftovers
|upkeep
|turn|37
|
|t:|1759037708
|move|p2a: Raging Bolt|Draco Meteor|p1a: Zapdos
|-damage|p1a: Zapdos|0 fnt
|-unboost|p2a: Raging Bolt|spa|2
|faint|p1a: Zapdos
|
|upkeep
|
|t:|1759037717
|switch|p1a: Landorus|Landorus-Therian, M|100/100
|-damage|p1a: Landorus|88/100|[from] Stealth Rock
|-ability|p1a: Landorus|Intimidate|boost
|-unboost|p2a: Raging Bolt|atk|1
|turn|38
|
|t:|1759037722
|-end|p2a: Raging Bolt|Protosynthesis|[silent]
|switch|p2a: Corviknight|Corviknight, F|43/100 par
|-ability|p2a: Corviknight|Pressure
|move|p1a: Landorus|Swords Dance|p1a: Landorus
|-boost|p1a: Landorus|atk|2
|
|-heal|p1a: Landorus|94/100|[from] item: Leftovers
|upkeep
|turn|39
|
|t:|1759037746
|move|p1a: Landorus|Rock Slide|p2a: Corviknight
|-damage|p2a: Corviknight|10/100 par
|move|p2a: Corviknight|Roost|p2a: Corviknight
|-heal|p2a: Corviknight|60/100 par
|-singleturn|p2a: Corviknight|move: Roost
|
|-heal|p1a: Landorus|100/100|[from] item: Leftovers
|upkeep
|turn|40
|
|t:|1759037769
|move|p1a: Landorus|Rock Slide|p2a: Corviknight
|-damage|p2a: Corviknight|25/100 par
|move|p2a: Corviknight|Roost|p2a: Corviknight
|-heal|p2a: Corviknight|75/100 par
|-singleturn|p2a: Corviknight|move: Roost
|
|upkeep
|turn|41
|
|t:|1759037781
|move|p1a: Landorus|Swords Dance|p1a: Landorus
|-boost|p1a: Landorus|atk|2
|move|p2a: Corviknight|U-turn|p1a: Landorus
|-resisted|p1a: Landorus
|-damage|p1a: Landorus|91/100
|
|t:|1759037787
|switch|p2a: Iron Valiant|Iron Valiant|100/100|[from] U-turn
|
|-heal|p1a: Landorus|98/100|[from] item: Leftovers
|upkeep
|turn|42
|
|t:|1759037796
|move|p2a: Iron Valiant|Encore|p1a: Landorus
|-start|p1a: Landorus|Encore
|move|p1a: Landorus|Swords Dance|p1a: Landorus
|-boost|p1a: Landorus|atk|2
|
|-heal|p1a: Landorus|100/100|[from] item: Leftovers
|upkeep
|turn|43
|
|t:|1759037805
|switch|p1a: Clefable|Clefable, M|100/100
|move|p2a: Iron Valiant|Moonblast|p1a: Clefable
|-damage|p1a: Clefable|62/100
|-unboost|p1a: Clefable|spa|1
|
|-heal|p1a: Clefable|68/100|[from] item: Leftovers
|upkeep
|turn|44
|
|t:|1759037809
|-end|p2a: Iron Valiant|Quark Drive|[silent]
|switch|p2a: Ogerpon|Ogerpon-Wellspring-Tera, F, tera:Water|54/100 par
|-ability|p2a: Ogerpon|Embody Aspect (Wellspring)|boost
|-boost|p2a: Ogerpon|spd|1
|move|p1a: Clefable|Cosmic Power|p1a: Clefable
|-boost|p1a: Clefable|def|1
|-boost|p1a: Clefable|spd|1
|
|-heal|p1a: Clefable|74/100|[from] item: Leftovers
|upkeep
|turn|45
|inactive|Charle_phate has 120 seconds left.
|
|t:|1759037826
|move|p2a: Ogerpon|Ivy Cudgel|p1a: Clefable|[anim] Ivy Cudgel Water
|-damage|p1a: Clefable|23/100
|move|p1a: Clefable|Cosmic Power|p1a: Clefable
|-boost|p1a: Clefable|def|1
|-boost|p1a: Clefable|spd|1
|
|-heal|p1a: Clefable|30/100|[from] item: Leftovers
|upkeep
|turn|46
|
|t:|1759037831
|cant|p2a: Ogerpon|par
|move|p1a: Clefable|Draining Kiss|p2a: Ogerpon
|-damage|p2a: Ogerpon|44/100 par
|-heal|p1a: Clefable|36/100|[from] drain|[of] p2a: Ogerpon
|
|-heal|p1a: Clefable|42/100|[from] item: Leftovers
|upkeep
|turn|47
|
|t:|1759037839
|move|p2a: Ogerpon|Ivy Cudgel|p1a: Clefable|[anim] Ivy Cudgel Water
|-damage|p1a: Clefable|9/100
|move|p1a: Clefable|Cosmic Power|p1a: Clefable
|-boost|p1a: Clefable|def|1
|-boost|p1a: Clefable|spd|1
|
|-heal|p1a: Clefable|15/100|[from] item: Leftovers
|upkeep
|turn|48
|
|t:|1759037843
|move|p2a: Ogerpon|Ivy Cudgel|p1a: Clefable|[anim] Ivy Cudgel Water
|-damage|p1a: Clefable|0 fnt
|faint|p1a: Clefable
|
|upkeep
|
|t:|1759037846
|switch|p1a: Landorus|Landorus-Therian, M|100/100
|-damage|p1a: Landorus|88/100|[from] Stealth Rock
|-ability|p1a: Landorus|Intimidate|boost
|-unboost|p2a: Ogerpon|atk|1
|turn|49
|
|t:|1759037852
|move|p1a: Landorus|Swords Dance|p1a: Landorus
|-boost|p1a: Landorus|atk|2
|cant|p2a: Ogerpon|par
|
|-heal|p1a: Landorus|94/100|[from] item: Leftovers
|upkeep
|turn|50
|
|t:|1759037857
|move|p1a: Landorus|Earthquake|p2a: Ogerpon
|-damage|p2a: Ogerpon|0 fnt
|faint|p2a: Ogerpon
|detailschange|p2: Ogerpon|Ogerpon-Wellspring, F|[silent]
|
|-heal|p1a: Landorus|100/100|[from] item: Leftovers
|upkeep
|
|t:|1759037860
|switch|p2a: Iron Valiant|Iron Valiant|100/100
|turn|51
|
|t:|1759037872
|-end|p2a: Iron Valiant|Quark Drive|[silent]
|switch|p2a: Corviknight|Corviknight, F|75/100 par
|-ability|p2a: Corviknight|Pressure
|move|p1a: Landorus|Earthquake|p2a: Corviknight
|-immune|p2a: Corviknight
|
|upkeep
|turn|52
|
|t:|1759037882
|move|p1a: Landorus|Rock Slide|p2a: Corviknight
|-damage|p2a: Corviknight|39/100 par
|move|p2a: Corviknight|Body Press|p1a: Landorus
|-resisted|p1a: Landorus
|-damage|p1a: Landorus|86/100
|
|-heal|p1a: Landorus|93/100|[from] item: Leftovers
|upkeep
|turn|53
|
|t:|1759037889
|move|p1a: Landorus|Swords Dance|p1a: Landorus
|-boost|p1a: Landorus|atk|2
|move|p2a: Corviknight|U-turn|p1a: Landorus
|-resisted|p1a: Landorus
|-damage|p1a: Landorus|84/100
|
|t:|1759037896
|switch|p2a: Iron Valiant|Iron Valiant|100/100|[from] U-turn
|
|-heal|p1a: Landorus|90/100|[from] item: Leftovers
|upkeep
|turn|54
|
|t:|1759037904
|move|p2a: Iron Valiant|Encore|p1a: Landorus
|-start|p1a: Landorus|Encore
|move|p1a: Landorus|Swords Dance|p1a: Landorus
|-boost|p1a: Landorus|atk|2
|
|-heal|p1a: Landorus|97/100|[from] item: Leftovers
|upkeep
|turn|55
|
|t:|1759037910
|move|p2a: Iron Valiant|Moonblast|p1a: Landorus
|-damage|p1a: Landorus|34/100
|-unboost|p1a: Landorus|spa|1
|move|p1a: Landorus|Swords Dance|p1a: Landorus
|-boost|p1a: Landorus|atk|0
|
|-heal|p1a: Landorus|40/100|[from] item: Leftovers
|upkeep
|turn|56
|-message|Charle_phate forfeited.
|
|win|lullaby disk
|raw|Charle_phate's rating: 1377 &rarr; <strong>1357</strong><br />(-20 for losing)
|raw|lullaby disk's rating: 1385 &rarr; <strong>1405</strong><br />(+20 for winning)
|l|☆Charle_phate
|player|p1|
