|j|☆Noker_505
|j|☆serial 01216
|t:|1758985670
|gametype|singles
|player|p1|Noker_505|benga|1414
|player|p2|serial 01216|102|1403
|gen|9
|tier|[Gen 9] OU
|rated|
|rule|HP Percentage Mod: HP is shown in percentages
|rule|Endless Battle Clause: Forcing endless battles is banned
|rule|Species Clause: Limit one of each Pokémon
|rule|OHKO Clause: OHKO moves are banned
|rule|Evasion Items Clause: Evasion items are banned
|rule|Evasion Moves Clause: Evasion moves are banned
|rule|Evasion Abilities Clause: Evasion abilities are banned
|rule|Sleep Moves Clause: Sleep-inducing moves are banned
|clearpoke
|poke|p1|Slowking-Galar, F|
|poke|p1|Zamazenta-*|
|poke|p1|Samurott-Hisui, M|
|poke|p1|Landorus-Therian, M|
|poke|p1|Gholdengo|
|poke|p1|Raging Bolt|
|poke|p2|Hydrapple, M|
|poke|p2|Slowking-Galar, F|
|poke|p2|Cinderace, F|
|poke|p2|Darkrai|
|poke|p2|Manaphy|
|poke|p2|Cobalion|
|teampreview
|
|t:|1758985678
|teamsize|p1|6
|teamsize|p2|6
|start
|switch|p1a: Zamazenta|Zamazenta|100/100
|switch|p2a: Cinderace|Cinderace, F|100/100
|-ability|p1a: Zamazenta|Dauntless Shield|boost
|-boost|p1a: Zamazenta|def|1
|turn|1
|inactive|Battle timer is ON: inactive players will automatically lose when time's up. (requested by serial 01216)
|
|t:|1758985685
|switch|p2a: Slowking|Slowking-Galar, F|100/100
|move|p1a: Zamazenta|Close Combat|p2a: Slowking
|-resisted|p2a: Slowking
|-damage|p2a: Slowking|87/100
|-unboost|p1a: Zamazenta|def|1
|-unboost|p1a: Zamazenta|spd|1
|
|-heal|p2a: Slowking|93/100|[from] item: Black Sludge
|upkeep
|turn|2
|
|t:|1758985691
|switch|p1a: Samurott|Samurott-Hisui, M|100/100
|move|p2a: Slowking|Flamethrower|p1a: Samurott
|-resisted|p1a: Samurott
|-damage|p1a: Samurott|85/100
|
|-heal|p2a: Slowking|99/100|[from] item: Black Sludge
|upkeep
|turn|3
|
|t:|1758985701
|switch|p2a: Hydrapple|Hydrapple, M|100/100
|move|p1a: Samurott|Ceaseless Edge|p2a: Hydrapple
|-damage|p2a: Hydrapple|68/100
|-sidestart|p2: serial 01216|Spikes
|
|upkeep
|turn|4
|l|☆serial 01216
|inactive|serial 01216 disconnected and has a minute to reconnect!
|player|p2|
|j|☆serial 01216
|inactive|serial 01216 reconnected and has 115 seconds left.
|player|p2|serial 01216|102|
|
|t:|1758985739
|switch|p1a: Slowking|Slowking-Galar, F|100/100
|move|p2a: Hydrapple|Fickle Beam|p1a: Slowking|[anim] Fickle Beam All Out
|-activate|p2a: Hydrapple|move: Fickle Beam
|-damage|p1a: Slowking|45/100
|
|upkeep
|turn|5
|inactive|serial 01216 has 120 seconds left.
|
|t:|1758985760
|move|p2a: Hydrapple|Earth Power|p1a: Slowking
|-supereffective|p1a: Slowking
|-damage|p1a: Slowking|8/100
|-prepare|p1a: Slowking|Chilly Reception|[premajor]
|move|p1a: Slowking|Chilly Reception|p1a: Slowking
|-weather|Snowscape
|
|t:|1758985766
|switch|p1a: Zamazenta|Zamazenta|100/100|[from] Chilly Reception
|
|-weather|Snowscape|[upkeep]
|upkeep
|turn|6
|
|t:|1758985771
|move|p1a: Zamazenta|Ice Fang|p2a: Hydrapple|[miss]
|-miss|p1a: Zamazenta|p2a: Hydrapple
|move|p2a: Hydrapple|Leaf Storm|p1a: Zamazenta
|-damage|p1a: Zamazenta|34/100
|-unboost|p2a: Hydrapple|spa|2
|
|-weather|Snowscape|[upkeep]
|upkeep
|turn|7
|
|t:|1758985779
|switch|p1a: Slowking|Slowking-Galar, F|41/100
|switch|p2a: Slowking|Slowking-Galar, F|100/100
|-damage|p2a: Slowking|88/100|[from] Spikes
|
|-weather|Snowscape|[upkeep]
|-heal|p2a: Slowking|94/100|[from] item: Black Sludge
|upkeep
|turn|8
|
|t:|1758985788
|-prepare|p2a: Slowking|Chilly Reception|[premajor]
|move|p2a: Slowking|Chilly Reception|p2a: Slowking
|
|t:|1758985792
|switch|p2a: Manaphy|Manaphy|100/100|[from] Chilly Reception
|-damage|p2a: Manaphy|88/100|[from] Spikes
|-prepare|p1a: Slowking|Chilly Reception|[premajor]
|move|p1a: Slowking|Chilly Reception|p1a: Slowking
|
|t:|1758985796
|switch|p1a: Raging Bolt|Raging Bolt|100/100|[from] Chilly Reception
|
|-weather|Snowscape|[upkeep]
|-heal|p2a: Manaphy|94/100|[from] item: Leftovers
|upkeep
|turn|9
|
|t:|1758985802
|move|p2a: Manaphy|U-turn|p1a: Raging Bolt
|-damage|p1a: Raging Bolt|87/100
|
|t:|1758985805
|switch|p2a: Hydrapple|Hydrapple, M|100/100|[from] U-turn
|-damage|p2a: Hydrapple|88/100|[from] Spikes
|move|p1a: Raging Bolt|Volt Switch|p2a: Hydrapple
|-resisted|p2a: Hydrapple
|-damage|p2a: Hydrapple|81/100
|
|t:|1758985810
|-end|p1a: Raging Bolt|Protosynthesis|[silent]
|switch|p1a: Zamazenta|Zamazenta|34/100|[from] Volt Switch
|
|-weather|none
|upkeep
|turn|10
|
|t:|1758985818
|switch|p2a: Slowking|Slowking-Galar, F|100/100
|-damage|p2a: Slowking|88/100|[from] Spikes
|move|p1a: Zamazenta|Ice Fang|p2a: Slowking
|-damage|p2a: Slowking|66/100
|
|-heal|p2a: Slowking|72/100|[from] item: Black Sludge
|upkeep
|turn|11
|
|t:|1758985822
|move|p1a: Zamazenta|Crunch|p2a: Slowking
|-supereffective|p2a: Slowking
|-damage|p2a: Slowking|20/100
|-unboost|p2a: Slowking|def|1
|move|p2a: Slowking|Flamethrower|p1a: Zamazenta
|-damage|p1a: Zamazenta|12/100
|
|-heal|p2a: Slowking|26/100|[from] item: Black Sludge
|upkeep
|turn|12
|
|t:|1758985841
|switch|p2a: Cobalion|Cobalion|100/100
|-damage|p2a: Cobalion|88/100|[from] Spikes
|move|p1a: Zamazenta|Crunch|p2a: Cobalion
|-resisted|p2a: Cobalion
|-damage|p2a: Cobalion|80/100
|-ability|p2a: Cobalion|Justified|boost
|-boost|p2a: Cobalion|atk|1
|
|-heal|p2a: Cobalion|86/100|[from] item: Leftovers
|upkeep
|turn|13
|
|t:|1758985858
|switch|p1a: Landorus|Landorus-Therian, M|100/100
|-ability|p1a: Landorus|Intimidate|boost
|-unboost|p2a: Cobalion|atk|1
|move|p2a: Cobalion|Body Press|p1a: Landorus
|-resisted|p1a: Landorus
|-crit|p1a: Landorus
|-damage|p1a: Landorus|71/100
|-damage|p2a: Cobalion|69/100|[from] item: Rocky Helmet|[of] p1a: Landorus
|
|-heal|p2a: Cobalion|75/100|[from] item: Leftovers
|upkeep
|turn|14
|
|t:|1758985870
|switch|p2a: Hydrapple|Hydrapple, M|100/100
|-damage|p2a: Hydrapple|88/100|[from] Spikes
|move|p1a: Landorus|Stealth Rock|p2a: Hydrapple
|-sidestart|p2: serial 01216|move: Stealth Rock
|
|upkeep
|turn|15
|
|t:|1758985873
|move|p1a: Landorus|U-turn|p2a: Hydrapple
|-supereffective|p2a: Hydrapple
|-damage|p2a: Hydrapple|60/100
|
|t:|1758985880
|switch|p1a: Gholdengo|Gholdengo|100/100|[from] U-turn
|-item|p1a: Gholdengo|Air Balloon
|move|p2a: Hydrapple|Fickle Beam|p1a: Gholdengo
|-resisted|p1a: Gholdengo
|-damage|p1a: Gholdengo|79/100
|-enditem|p1a: Gholdengo|Air Balloon
|
|upkeep
|turn|16
|
|t:|1758985887
|move|p1a: Gholdengo|Make It Rain|p2a: Hydrapple
|-damage|p2a: Hydrapple|23/100
|-unboost|p1a: Gholdengo|spa|1
|move|p2a: Hydrapple|Earth Power|p1a: Gholdengo
|-supereffective|p1a: Gholdengo
|-damage|p1a: Gholdengo|19/100
|
|upkeep
|turn|17
|
|t:|1758985898
|switch|p2a: Cinderace|Cinderace, F|100/100
|move|p1a: Gholdengo|Make It Rain|p2a: Cinderace
|-resisted|p2a: Cinderace
|-damage|p2a: Cinderace|75/100
|-unboost|p1a: Gholdengo|spa|1
|
|upkeep
|turn|18
|
|t:|1758985905
|switch|p1a: Landorus|Landorus-Therian, M|71/100
|-ability|p1a: Landorus|Intimidate|boost
|-unboost|p2a: Cinderace|atk|1
|move|p2a: Cinderace|Court Change|p2a: Cinderace
|-start|p2a: Cinderace|typechange|Normal|[from] ability: Libero
|-swapsideconditions
|-activate|p2a: Cinderace|move: Court Change
|
|upkeep
|turn|19
|
|t:|1758985916
|switch|p2a: Darkrai|Darkrai|100/100
|move|p1a: Landorus|Stealth Rock|p2a: Darkrai
|-sidestart|p2: serial 01216|move: Stealth Rock
|
|upkeep
|turn|20
|
|t:|1758985919
|move|p2a: Darkrai|Ice Beam|p1a: Landorus
|-supereffective|p1a: Landorus
|-damage|p1a: Landorus|0 fnt
|faint|p1a: Landorus
|
|upkeep
|
|t:|1758985924
|switch|p1a: Samurott|Samurott-Hisui, M|85/100
|turn|21
|
|t:|1758985950
|move|p2a: Darkrai|Focus Blast|p1a: Samurott
|-supereffective|p1a: Samurott
|-damage|p1a: Samurott|0 fnt
|faint|p1a: Samurott
|
|upkeep
|inactive|Noker_505 has 120 seconds left.
|
|t:|1758986006
|switch|p1a: Zamazenta|Zamazenta|12/100
|turn|22
|
|t:|1758986020
|-terastallize|p2a: Darkrai|Ghost
|move|p1a: Zamazenta|Crunch|p2a: Darkrai
|-supereffective|p2a: Darkrai
|-damage|p2a: Darkrai|39/100
|move|p2a: Darkrai|Ice Beam|p1a: Zamazenta
|-damage|p1a: Zamazenta|0 fnt
|faint|p1a: Zamazenta
|
|-heal|p2a: Darkrai|45/100|[from] item: Leftovers
|upkeep
|-message|Noker_505 forfeited.
|
|win|serial 01216
|raw|Noker_505's rating: 1414 &rarr; <strong>1393</strong><br />(-21 for losing)
|raw|serial 01216's rating: 1403 &rarr; <strong>1424</strong><br />(+21 for winning)
|l|☆Noker_505
|player|p1|
|l|☆serial 01216
|player|p2|
