|j|☆Johnytt
|j|☆darksora420
|t:|1758921614
|gametype|singles
|player|p1|Johnytt|170|1303
|player|p2|darksora420|red|1266
|gen|9
|tier|[Gen 9] OU
|rated|
|rule|HP Percentage Mod: HP is shown in percentages
|rule|Endless Battle Clause: Forcing endless battles is banned
|rule|Species Clause: Limit one of each Pokémon
|rule|OHKO Clause: OHKO moves are banned
|rule|Evasion Items Clause: Evasion items are banned
|rule|Evasion Moves Clause: Evasion moves are banned
|rule|Evasion Abilities Clause: Evasion abilities are banned
|rule|Sleep Moves Clause: Sleep-inducing moves are banned
|clearpoke
|poke|p1|Samurott-Hisui, F|
|poke|p1|Sinistcha|
|poke|p1|Landorus-Therian, M|
|poke|p1|Hydreigon, M|
|poke|p1|Tinkaton, F|
|poke|p1|Moltres|
|poke|p2|Ninetales, F|
|poke|p2|Great Tusk|
|poke|p2|Walking Wake|
|poke|p2|Leavanny, M|
|poke|p2|Charizard, F|
|poke|p2|Slither Wing|
|teampreview
|inactive|Battle timer is ON: inactive players will automatically lose when time's up. (requested by Johnytt)
|
|t:|1758921623
|teamsize|p1|6
|teamsize|p2|6
|start
|switch|p1a: Landorus|Landorus-Therian, M|100/100
|switch|p2a: Ninetales|Ninetales, F|100/100
|-ability|p1a: Landorus|Intimidate|boost
|-unboost|p2a: Ninetales|atk|1
|-weather|SunnyDay|[from] ability: Drought|[of] p2a: Ninetales
|turn|1
|
|t:|1758921632
|switch|p2a: Charizard|Charizard, F|100/100
|move|p1a: Landorus|U-turn|p2a: Charizard
|-resisted|p2a: Charizard
|-damage|p2a: Charizard|91/100
|
|t:|1758921653
|switch|p1a: Hydreigon|Hydreigon, M|100/100|[from] U-turn
|
|-weather|SunnyDay|[upkeep]
|-damage|p2a: Charizard|79/100|[from] ability: Solar Power|[of] p2a: Charizard
|upkeep
|turn|2
|
|t:|1758921661
|-terastallize|p2a: Charizard|Fire
|move|p2a: Charizard|Flamethrower|p1a: Hydreigon
|-resisted|p1a: Hydreigon
|-damage|p1a: Hydreigon|0 fnt
|faint|p1a: Hydreigon
|
|-weather|SunnyDay|[upkeep]
|-damage|p2a: Charizard|66/100|[from] ability: Solar Power|[of] p2a: Charizard
|upkeep
|
|t:|1758921671
|switch|p1a: Landorus|Landorus-Therian, M|100/100
|-ability|p1a: Landorus|Intimidate|boost
|-unboost|p2a: Charizard|atk|1
|turn|3
|
|t:|1758921676
|switch|p2a: Leavanny|Leavanny, M|100/100
|move|p1a: Landorus|Earthquake|p2a: Leavanny
|-resisted|p2a: Leavanny
|-damage|p2a: Leavanny|81/100
|
|-weather|SunnyDay|[upkeep]
|upkeep
|turn|4
|
|t:|1758921682
|switch|p1a: Moltres|Moltres|100/100
|move|p2a: Leavanny|Sticky Web|p1a: Moltres
|-sidestart|p1: Johnytt|move: Sticky Web
|
|-weather|SunnyDay|[upkeep]
|upkeep
|turn|5
|
|t:|1758921685
|switch|p2a: Walking Wake|Walking Wake|100/100
|-activate|p2a: Walking Wake|ability: Protosynthesis
|-start|p2a: Walking Wake|protosynthesisspe
|move|p1a: Moltres|Flamethrower|p2a: Walking Wake
|-resisted|p2a: Walking Wake
|-damage|p2a: Walking Wake|82/100
|
|-weather|SunnyDay|[upkeep]
|upkeep
|turn|6
|
|t:|1758921709
|switch|p1a: Sinistcha|Sinistcha|100/100
|move|p2a: Walking Wake|Hydro Steam|p1a: Sinistcha
|-resisted|p1a: Sinistcha
|-damage|p1a: Sinistcha|33/100
|
|-weather|SunnyDay|[upkeep]
|upkeep
|turn|7
|
|t:|1758921719
|move|p2a: Walking Wake|Hydro Steam|p1a: Sinistcha
|-resisted|p1a: Sinistcha
|-damage|p1a: Sinistcha|0 fnt
|faint|p1a: Sinistcha
|
|-weather|SunnyDay|[upkeep]
|upkeep
|
|t:|1758921727
|switch|p1a: Samurott|Samurott-Hisui, F|100/100
|-activate|p1a: Samurott|move: Sticky Web
|-unboost|p1a: Samurott|spe|1
|turn|8
|
|t:|1758921735
|-end|p2a: Walking Wake|Protosynthesis|[silent]
|switch|p2a: Great Tusk|Great Tusk|100/100
|-activate|p2a: Great Tusk|ability: Protosynthesis
|-start|p2a: Great Tusk|protosynthesisatk
|move|p1a: Samurott|Flip Turn|p2a: Great Tusk
|-supereffective|p2a: Great Tusk
|-damage|p2a: Great Tusk|82/100
|
|t:|1758921749
|switch|p1a: Moltres|Moltres|100/100|[from] Flip Turn
|
|-weather|none
|-end|p2a: Great Tusk|Protosynthesis
|upkeep
|turn|9
|
|t:|1758921754
|-end|p2a: Great Tusk|Protosynthesis|[silent]
|switch|p2a: Ninetales|Ninetales, F|100/100
|-weather|SunnyDay|[from] ability: Drought|[of] p2a: Ninetales
|move|p1a: Moltres|Flamethrower|p2a: Ninetales
|-resisted|p2a: Ninetales
|-damage|p2a: Ninetales|56/100
|
|-weather|SunnyDay|[upkeep]
|upkeep
|turn|10
|
|t:|1758921760
|move|p2a: Ninetales|Encore|p1a: Moltres
|-start|p1a: Moltres|Encore
|move|p1a: Moltres|Flamethrower|p2a: Ninetales
|-resisted|p2a: Ninetales
|-damage|p2a: Ninetales|18/100
|
|-weather|SunnyDay|[upkeep]
|upkeep
|turn|11
|
|t:|1758921776
|switch|p2a: Walking Wake|Walking Wake|82/100
|-activate|p2a: Walking Wake|ability: Protosynthesis
|-start|p2a: Walking Wake|protosynthesisspe
|switch|p1a: Tinkaton|Tinkaton, F|100/100
|-item|p1a: Tinkaton|Air Balloon
|
|-weather|SunnyDay|[upkeep]
|upkeep
|turn|12
|
|t:|1758921786
|move|p2a: Walking Wake|Hydro Steam|p1a: Tinkaton
|-damage|p1a: Tinkaton|5/100
|-enditem|p1a: Tinkaton|Air Balloon
|move|p1a: Tinkaton|Stealth Rock|p2a: Walking Wake
|-sidestart|p2: darksora420|move: Stealth Rock
|
|-weather|SunnyDay|[upkeep]
|upkeep
|turn|13
|
|t:|1758921795
|move|p2a: Walking Wake|Hydro Steam|p1a: Tinkaton
|-damage|p1a: Tinkaton|0 fnt
|faint|p1a: Tinkaton
|
|-weather|SunnyDay|[upkeep]
|upkeep
|
|t:|1758921804
|switch|p1a: Landorus|Landorus-Therian, M|100/100
|-ability|p1a: Landorus|Intimidate|boost
|-unboost|p2a: Walking Wake|atk|1
|turn|14
|
|t:|1758921807
|-terastallize|p1a: Landorus|Water
|move|p2a: Walking Wake|Hydro Steam|p1a: Landorus
|-resisted|p1a: Landorus
|-damage|p1a: Landorus|32/100
|move|p1a: Landorus|Earthquake|p2a: Walking Wake
|-damage|p2a: Walking Wake|22/100
|
|-weather|SunnyDay|[upkeep]
|upkeep
|turn|15
|
|t:|1758921818
|switch|p1a: Samurott|Samurott-Hisui, F|100/100
|-activate|p1a: Samurott|move: Sticky Web
|-unboost|p1a: Samurott|spe|1
|move|p2a: Walking Wake|Hydro Steam|p1a: Samurott
|-resisted|p1a: Samurott
|-damage|p1a: Samurott|22/100
|
|-weather|SunnyDay|[upkeep]
|upkeep
|turn|16
|
|t:|1758921826
|-end|p2a: Walking Wake|Protosynthesis|[silent]
|switch|p2a: Great Tusk|Great Tusk|82/100
|-activate|p2a: Great Tusk|ability: Protosynthesis
|-start|p2a: Great Tusk|protosynthesisatk
|move|p1a: Samurott|Ceaseless Edge|p2a: Great Tusk
|-resisted|p2a: Great Tusk
|-damage|p2a: Great Tusk|66/100
|-sidestart|p2: darksora420|Spikes
|
|-weather|none
|-end|p2a: Great Tusk|Protosynthesis
|upkeep
|turn|17
|
|t:|1758921829
|move|p2a: Great Tusk|Rapid Spin|p1a: Samurott
|-damage|p1a: Samurott|0 fnt
|-boost|p2a: Great Tusk|spe|1
|-sideend|p2: darksora420|Spikes|[from] move: Rapid Spin|[of] p2a: Great Tusk
|-sideend|p2: darksora420|Stealth Rock|[from] move: Rapid Spin|[of] p2a: Great Tusk
|faint|p1a: Samurott
|
|upkeep
|
|t:|1758921832
|switch|p1a: Moltres|Moltres|100/100
|turn|18
|
|t:|1758921835
|-end|p2a: Great Tusk|Protosynthesis|[silent]
|switch|p2a: Ninetales|Ninetales, F|18/100
|-weather|SunnyDay|[from] ability: Drought|[of] p2a: Ninetales
|move|p1a: Moltres|U-turn|p2a: Ninetales
|-resisted|p2a: Ninetales
|-damage|p2a: Ninetales|7/100
|
|t:|1758921837
|switch|p1a: Landorus|Landorus-Therian, M, tera:Water|32/100|[from] U-turn
|-activate|p1a: Landorus|move: Sticky Web
|-unboost|p1a: Landorus|spe|1
|-ability|p1a: Landorus|Intimidate|boost
|-unboost|p2a: Ninetales|atk|1
|
|-weather|SunnyDay|[upkeep]
|upkeep
|turn|19
|
|t:|1758921839
|move|p2a: Ninetales|Solar Beam||[still]
|-prepare|p2a: Ninetales|Solar Beam
|-anim|p2a: Ninetales|Solar Beam|p1a: Landorus
|-supereffective|p1a: Landorus
|-damage|p1a: Landorus|0 fnt
|faint|p1a: Landorus
|
|-weather|SunnyDay|[upkeep]
|upkeep
|-message|Johnytt forfeited.
|
|win|darksora420
|raw|Johnytt's rating: 1303 &rarr; <strong>1281</strong><br />(-22 for losing)
|raw|darksora420's rating: 1266 &rarr; <strong>1294</strong><br />(+28 for winning)
|l|☆Johnytt
|player|p1|
|l|☆darksora420
|player|p2|
