|j|☆Pink Is My Life
|j|☆waitingmygame
|t:|1759063397
|gametype|singles
|player|p1|Pink Is My Life|parasollady|1333
|player|p2|waitingmygame|266|1338
|gen|9
|tier|[Gen 9] OU
|rated|
|rule|HP Percentage Mod: HP is shown in percentages
|rule|Endless Battle Clause: Forcing endless battles is banned
|rule|Species Clause: Limit one of each Pokémon
|rule|OHKO Clause: OHKO moves are banned
|rule|Evasion Items Clause: Evasion items are banned
|rule|Evasion Moves Clause: Evasion moves are banned
|rule|Evasion Abilities Clause: Evasion abilities are banned
|rule|Sleep Moves Clause: Sleep-inducing moves are banned
|clearpoke
|poke|p1|Alomomola, F|
|poke|p1|Tinkaton, F|
|poke|p1|Blissey, F|
|poke|p1|Heracross, F|
|poke|p1|Espeon, F|
|poke|p1|Zamazenta-*|
|poke|p2|Ogerpon-Wellspring, F|
|poke|p2|Zamazenta-*|
|poke|p2|Weavile, M|
|poke|p2|Landorus-Therian, M|
|poke|p2|Dragonite, F|
|poke|p2|Dragapult, F|
|teampreview
|inactive|Battle timer is ON: inactive players will automatically lose when time's up. (requested by Pink Is My Life)
|
|t:|1759063416
|teamsize|p1|6
|teamsize|p2|6
|start
|switch|p1a: Pink Hammerist|Tinkaton, F|100/100
|switch|p2a: Ogerpon|Ogerpon-Wellspring, F|100/100
|-item|p1a: Pink Hammerist|Air Balloon
|turn|1
|
|t:|1759063423
|switch|p2a: Landorus|Landorus-Therian, M|100/100
|-ability|p2a: Landorus|Intimidate|boost
|-unboost|p1a: Pink Hammerist|atk|1
|move|p1a: Pink Hammerist|Stealth Rock|p2a: Landorus
|-sidestart|p2: waitingmygame|move: Stealth Rock
|
|upkeep
|turn|2
|
|t:|1759063429
|move|p2a: Landorus|Stealth Rock|p1a: Pink Hammerist
|-sidestart|p1: Pink Is My Life|move: Stealth Rock
|move|p1a: Pink Hammerist|Gigaton Hammer|p2a: Landorus
|-damage|p2a: Landorus|73/100
|
|upkeep
|turn|3
|
|t:|1759063435
|move|p2a: Landorus|U-turn|p1a: Pink Hammerist
|-resisted|p1a: Pink Hammerist
|-damage|p1a: Pink Hammerist|95/100
|-enditem|p1a: Pink Hammerist|Air Balloon
|-enditem|p2a: Landorus|Rocky Helmet|[silent]|[from] ability: Pickpocket|[of] p2a: Landorus
|-item|p1a: Pink Hammerist|Rocky Helmet|[from] ability: Pickpocket|[of] p2a: Landorus
|
|t:|1759063448
|switch|p2a: Ogerpon|Ogerpon-Wellspring, F|100/100|[from] U-turn
|-damage|p2a: Ogerpon|88/100|[from] Stealth Rock
|move|p1a: Pink Hammerist|Encore||[still]
|-fail|p1a: Pink Hammerist
|
|upkeep
|turn|4
|
|t:|1759063456
|switch|p2a: Landorus|Landorus-Therian, M|73/100
|-damage|p2a: Landorus|60/100|[from] Stealth Rock
|-ability|p2a: Landorus|Intimidate|boost
|-unboost|p1a: Pink Hammerist|atk|1
|move|p1a: Pink Hammerist|Gigaton Hammer|p2a: Landorus
|-damage|p2a: Landorus|41/100
|
|upkeep
|turn|5
|
|t:|1759063466
|switch|p1a: Pink Fish|Alomomola, F|100/100
|-damage|p1a: Pink Fish|88/100|[from] Stealth Rock
|move|p2a: Landorus|Earth Power|p1a: Pink Fish
|-damage|p1a: Pink Fish|60/100
|
|upkeep
|turn|6
|
|t:|1759063474
|move|p2a: Landorus|U-turn|p1a: Pink Fish
|-damage|p1a: Pink Fish|49/100
|-damage|p2a: Landorus|24/100|[from] item: Rocky Helmet|[of] p1a: Pink Fish
|
|t:|1759063478
|switch|p2a: Ogerpon|Ogerpon-Wellspring, F|88/100|[from] U-turn
|-damage|p2a: Ogerpon|76/100|[from] Stealth Rock
|move|p1a: Pink Fish|Wish|p1a: Pink Fish
|
|upkeep
|turn|7
|
|t:|1759063484
|switch|p1a: Pink Hercules|Heracross, F, shiny|100/100
|-damage|p1a: Pink Hercules|88/100|[from] Stealth Rock
|move|p2a: Ogerpon|Swords Dance|p2a: Ogerpon
|-boost|p2a: Ogerpon|atk|2
|
|-heal|p1a: Pink Hercules|100/100|[from] move: Wish|[wisher] Pink Fish
|-status|p1a: Pink Hercules|brn|[from] item: Flame Orb
|upkeep
|turn|8
|
|t:|1759063494
|move|p2a: Ogerpon|Ivy Cudgel|p1a: Pink Hercules|[anim] Ivy Cudgel Water
|-damage|p1a: Pink Hercules|0 fnt
|faint|p1a: Pink Hercules
|
|upkeep
|
|t:|1759063499
|switch|p1a: Pink Dog|Zamazenta, shiny|100/100
|-damage|p1a: Pink Dog|94/100|[from] Stealth Rock
|-ability|p1a: Pink Dog|Dauntless Shield|boost
|-boost|p1a: Pink Dog|def|1
|turn|9
|
|t:|1759063507
|-terastallize|p2a: Ogerpon|Water
|detailschange|p2a: Ogerpon|Ogerpon-Wellspring-Tera, F, tera:Water
|-ability|p2a: Ogerpon|Embody Aspect (Wellspring)|boost
|-boost|p2a: Ogerpon|spd|1
|move|p1a: Pink Dog|Play Rough|p2a: Ogerpon
|-damage|p2a: Ogerpon|24/100
|-damage|p1a: Pink Dog|84/100|[from] item: Life Orb
|move|p2a: Ogerpon|Ivy Cudgel|p1a: Pink Dog|[anim] Ivy Cudgel Water
|-damage|p1a: Pink Dog|0 fnt
|faint|p1a: Pink Dog
|
|upkeep
|-message|Pink Is My Life forfeited.
|
|win|waitingmygame
|raw|Pink Is My Life's rating: 1333 &rarr; <strong>1313</strong><br />(-20 for losing)
|raw|waitingmygame's rating: 1338 &rarr; <strong>1358</strong><br />(+20 for winning)
|l|☆Pink Is My Life
|player|p1|
|l|☆waitingmygame
|player|p2|
