|j|☆sheroz123
|j|☆Shulkou
|t:|1759071429
|gametype|singles
|player|p1|sheroz123|cyclist|1274
|player|p2|Shulkou|volkner|1219
|gen|9
|tier|[Gen 9] OU
|rated|
|rule|HP Percentage Mod: HP is shown in percentages
|rule|Endless Battle Clause: Forcing endless battles is banned
|rule|Species Clause: Limit one of each Pokémon
|rule|OHKO Clause: OHKO moves are banned
|rule|Evasion Items Clause: Evasion items are banned
|rule|Evasion Moves Clause: Evasion moves are banned
|rule|Evasion Abilities Clause: Evasion abilities are banned
|rule|Sleep Moves Clause: Sleep-inducing moves are banned
|clearpoke
|poke|p1|Glimmora, F|
|poke|p1|Gholdengo|
|poke|p1|Samurott-Hisui, F|
|poke|p1|Great Tusk|
|poke|p1|Pecharunt|
|poke|p1|Enamorus, F|
|poke|p2|Great Tusk|
|poke|p2|Corviknight, M|
|poke|p2|Ninetales-Alola, F|
|poke|p2|Toxtricity-Low-Key, F|
|poke|p2|Meowscarada, F|
|poke|p2|Arcanine-Hisui, M|
|teampreview
|j| shreves0
|
|t:|1759071456
|teamsize|p1|6
|teamsize|p2|6
|start
|switch|p1a: Glimmora|Glimmora, F|100/100
|switch|p2a: Dark Bird|Corviknight, M, shiny|100/100
|turn|1
|
|t:|1759071464
|move|p1a: Glimmora|Stealth Rock|p2a: Dark Bird
|-sidestart|p2: Shulkou|move: Stealth Rock
|move|p2a: Dark Bird|Iron Head|p1a: Glimmora
|-supereffective|p1a: Glimmora
|-damage|p1a: Glimmora|37/100
|-activate|p1a: Glimmora|ability: Toxic Debris
|-sidestart|p2: Shulkou|move: Toxic Spikes
|
|upkeep
|turn|2
|
|t:|1759071473
|switch|p1a: Gholdengo|Gholdengo|100/100
|-item|p1a: Gholdengo|Air Balloon
|move|p2a: Dark Bird|Iron Head|p1a: Gholdengo
|-resisted|p1a: Gholdengo
|-damage|p1a: Gholdengo|86/100
|-enditem|p1a: Gholdengo|Air Balloon
|
|upkeep
|turn|3
|
|t:|1759071480
|move|p1a: Gholdengo|Nasty Plot|p1a: Gholdengo
|-boost|p1a: Gholdengo|spa|2
|move|p2a: Dark Bird|Tailwind|p2a: Dark Bird
|-sidestart|p2: Shulkou|move: Tailwind
|
|upkeep
|turn|4
|
|t:|1759071490
|switch|p2a: Shikiko|Arcanine-Hisui, M, shiny|100/100
|move|p1a: Gholdengo|Shadow Ball|p2a: Shikiko
|-damage|p2a: Shikiko|0 fnt
|faint|p2a: Shikiko
|
|upkeep
|
|t:|1759071505
|switch|p2a: Raisena|Toxtricity-Low-Key, F|100/100
|-damage|p2a: Raisena|88/100|[from] Stealth Rock
|-sideend|p2: Shulkou|move: Toxic Spikes|[of] p2a: Raisena
|turn|5
|inactive|Battle timer is ON: inactive players will automatically lose when time's up. (requested by sheroz123)
|
|t:|1759071527
|switch|p1a: Great Tusk|Great Tusk|100/100
|-enditem|p1a: Great Tusk|Booster Energy
|-activate|p1a: Great Tusk|ability: Protosynthesis|[fromitem]
|-start|p1a: Great Tusk|protosynthesisspe
|move|p2a: Raisena|Overdrive|p1a: Great Tusk
|-immune|p1a: Great Tusk
|
|upkeep
|turn|6
|
|t:|1759071536
|switch|p2a: Dark Bird|Corviknight, M, shiny|100/100
|-damage|p2a: Dark Bird|88/100|[from] Stealth Rock
|-terastallize|p1a: Great Tusk|Steel
|move|p1a: Great Tusk|Headlong Rush|p2a: Dark Bird
|-immune|p2a: Dark Bird
|
|-sideend|p2: Shulkou|move: Tailwind
|upkeep
|turn|7
|
|t:|1759071550
|-end|p1a: Great Tusk|Protosynthesis|[silent]
|switch|p1a: Pecharunt|Pecharunt|100/100
|move|p2a: Dark Bird|Defog|p1a: Pecharunt
|-unboost|p1a: Pecharunt|evasion|1
|-sideend|p2: Shulkou|Stealth Rock|[from] move: Defog|[of] p2a: Dark Bird
|
|upkeep
|turn|8
|
|t:|1759071560
|move|p1a: Pecharunt|Parting Shot|p2a: Dark Bird
|-ability|p2a: Dark Bird|Mirror Armor
|-unboost|p1a: Pecharunt|atk|1
|-ability|p2a: Dark Bird|Mirror Armor
|-unboost|p1a: Pecharunt|spa|1
|
|t:|1759071577
|switch|p1a: Gholdengo|Gholdengo|86/100|[from] Parting Shot
|move|p2a: Dark Bird|Iron Head|p1a: Gholdengo
|-resisted|p1a: Gholdengo
|-damage|p1a: Gholdengo|70/100
|
|upkeep
|turn|9
|
|t:|1759071584
|move|p1a: Gholdengo|Nasty Plot|p1a: Gholdengo
|-boost|p1a: Gholdengo|spa|2
|move|p2a: Dark Bird|Tailwind|p2a: Dark Bird
|-sidestart|p2: Shulkou|move: Tailwind
|
|upkeep
|turn|10
|
|t:|1759071595
|switch|p2a: Kyumei|Ninetales-Alola, F, shiny|100/100
|-weather|Snowscape|[from] ability: Snow Warning|[of] p2a: Kyumei
|move|p1a: Gholdengo|Shadow Ball|p2a: Kyumei
|-damage|p2a: Kyumei|5/100
|
|-weather|Snowscape|[upkeep]
|upkeep
|turn|11
|
|t:|1759071603
|move|p2a: Kyumei|Aurora Veil|p2a: Kyumei
|-sidestart|p2: Shulkou|move: Aurora Veil
|move|p1a: Gholdengo|Shadow Ball|p2a: Kyumei
|-damage|p2a: Kyumei|0 fnt
|faint|p2a: Kyumei
|
|-weather|Snowscape|[upkeep]
|upkeep
|
|t:|1759071608
|switch|p2a: Spin Ike|Great Tusk|100/100
|-enditem|p2a: Spin Ike|Booster Energy
|-activate|p2a: Spin Ike|ability: Protosynthesis|[fromitem]
|-start|p2a: Spin Ike|protosynthesisatk
|turn|12
|
|t:|1759071620
|switch|p1a: Pecharunt|Pecharunt|100/100
|move|p2a: Spin Ike|Headlong Rush|p1a: Pecharunt
|-supereffective|p1a: Pecharunt
|-crit|p1a: Pecharunt
|-damage|p1a: Pecharunt|0 fnt
|-unboost|p2a: Spin Ike|def|1
|-unboost|p2a: Spin Ike|spd|1
|faint|p1a: Pecharunt
|
|-weather|Snowscape|[upkeep]
|-sideend|p2: Shulkou|move: Tailwind
|upkeep
|
|t:|1759071630
|switch|p1a: Enamorus|Enamorus, F|100/100
|turn|13
|
|t:|1759071640
|move|p1a: Enamorus|Moonblast|p2a: Spin Ike
|-supereffective|p2a: Spin Ike
|-damage|p2a: Spin Ike|19/100
|move|p2a: Spin Ike|Ice Spinner|p1a: Enamorus
|-supereffective|p1a: Enamorus
|-damage|p1a: Enamorus|0 fnt
|faint|p1a: Enamorus
|
|-weather|Snowscape|[upkeep]
|upkeep
|
|t:|1759071657
|switch|p1a: Glimmora|Glimmora, F|37/100
|turn|14
|
|t:|1759071661
|move|p1a: Glimmora|Sludge Bomb|p2a: Spin Ike
|-resisted|p2a: Spin Ike
|-damage|p2a: Spin Ike|1/100
|-status|p2a: Spin Ike|psn
|move|p2a: Spin Ike|Headlong Rush|p1a: Glimmora
|-supereffective|p1a: Glimmora
|-damage|p1a: Glimmora|0 fnt
|-unboost|p2a: Spin Ike|def|1
|-unboost|p2a: Spin Ike|spd|1
|-activate|p1a: Glimmora|ability: Toxic Debris
|-sidestart|p2: Shulkou|move: Toxic Spikes
|faint|p1a: Glimmora
|
|-weather|none
|-damage|p2a: Spin Ike|0 fnt|[from] psn
|faint|p2a: Spin Ike
|-end|p2a: Spin Ike|Protosynthesis|[silent]
|upkeep
|
|t:|1759071672
|switch|p1a: Gholdengo|Gholdengo|70/100
|switch|p2a: Raisena|Toxtricity-Low-Key, F|88/100
|-sideend|p2: Shulkou|move: Toxic Spikes|[of] p2a: Raisena
|turn|15
|
|t:|1759071681
|move|p1a: Gholdengo|Shadow Ball|p2a: Raisena
|-damage|p2a: Raisena|58/100
|move|p2a: Raisena|Overdrive|p1a: Gholdengo
|-damage|p1a: Gholdengo|19/100
|-enditem|p2a: Raisena|Throat Spray
|-boost|p2a: Raisena|spa|1|[from] item: Throat Spray
|
|upkeep
|turn|16
|
|t:|1759071688
|move|p1a: Gholdengo|Shadow Ball|p2a: Raisena
|-damage|p2a: Raisena|23/100
|move|p2a: Raisena|Psychic Noise|p1a: Gholdengo
|-resisted|p1a: Gholdengo
|-damage|p1a: Gholdengo|0 fnt
|faint|p1a: Gholdengo
|
|upkeep
|
|t:|1759071696
|switch|p1a: Great Tusk|Great Tusk, tera:Steel|100/100
|turn|17
|
|t:|1759071704
|move|p1a: Great Tusk|Close Combat|p2a: Raisena
|-resisted|p2a: Raisena
|-crit|p2a: Raisena
|-damage|p2a: Raisena|0 fnt
|-unboost|p1a: Great Tusk|def|1
|-unboost|p1a: Great Tusk|spd|1
|faint|p2a: Raisena
|
|upkeep
|
|t:|1759071709
|switch|p2a: Makyo|Meowscarada, F|100/100
|turn|18
|
|t:|1759071716
|-terastallize|p2a: Makyo|Fighting
|move|p2a: Makyo|Brick Break|p1a: Great Tusk
|-supereffective|p1a: Great Tusk
|-damage|p1a: Great Tusk|36/100
|move|p1a: Great Tusk|Close Combat|p2a: Makyo
|-damage|p2a: Makyo|66/100
|-unboost|p1a: Great Tusk|def|1
|-unboost|p1a: Great Tusk|spd|1
|
|-sideend|p2: Shulkou|move: Aurora Veil
|upkeep
|turn|19
|
|t:|1759071726
|move|p2a: Makyo|Brick Break|p1a: Great Tusk
|-supereffective|p1a: Great Tusk
|-damage|p1a: Great Tusk|0 fnt
|faint|p1a: Great Tusk
|-end|p1a: Great Tusk|Protosynthesis|[silent]
|
|upkeep
|
|t:|1759071728
|switch|p1a: Samurott|Samurott-Hisui, F|100/100
|turn|20
|
|t:|1759071733
|move|p2a: Makyo|U-turn|p1a: Samurott
|-supereffective|p1a: Samurott
|-damage|p1a: Samurott|43/100
|
|t:|1759071735
|switch|p2a: Dark Bird|Corviknight, M, shiny|88/100|[from] U-turn
|move|p1a: Samurott|Sacred Sword|p2a: Dark Bird
|-damage|p2a: Dark Bird|54/100
|-damage|p1a: Samurott|26/100|[from] item: Rocky Helmet|[of] p2a: Dark Bird
|
|upkeep
|turn|21
|-message|sheroz123 forfeited.
|
|win|Shulkou
|raw|sheroz123's rating: 1274 &rarr; <strong>1245</strong><br />(-29 for losing)
|raw|Shulkou's rating: 1219 &rarr; <strong>1248</strong><br />(+29 for winning)
|l| shreves0
|l|☆sheroz123
|player|p1|
|l|☆Shulkou
|player|p2|
