|j|☆doodooballs69
|j|☆dragawndeeznutz
|t:|1759023930
|gametype|singles
|player|p1|doodooballs69|workerice|
|player|p2|dragawndeeznutz|169|
|gen|9
|tier|[Gen 9] OU
|rule|HP Percentage Mod: HP is shown in percentages
|rule|Endless Battle Clause: Forcing endless battles is banned
|rule|Species Clause: Limit one of each Pokémon
|rule|OHKO Clause: OHKO moves are banned
|rule|Evasion Items Clause: Evasion items are banned
|rule|Evasion Moves Clause: Evasion moves are banned
|rule|Evasion Abilities Clause: Evasion abilities are banned
|rule|Sleep Moves Clause: Sleep-inducing moves are banned
|clearpoke
|poke|p1|Pelipper, F|
|poke|p1|Hatterene, F|
|poke|p1|Iron Treads|
|poke|p1|Toxicroak, F|
|poke|p1|Barraskewda, F|
|poke|p1|Zapdos|
|poke|p2|Quaquaval, M|
|poke|p2|Rillaboom, F|
|poke|p2|Hawlucha, M|
|poke|p2|Iron Treads|
|poke|p2|Dragapult, F|
|poke|p2|Raging Bolt|
|teampreview
|inactive|Battle timer is ON: inactive players will automatically lose when time's up. (requested by doodooballs69)
|
|t:|1759023949
|teamsize|p1|6
|teamsize|p2|6
|start
|switch|p1a: Zapdos|Zapdos|100/100
|switch|p2a: Dragapult|Dragapult, F|100/100
|turn|1
|inactive|dragawndeeznutz has 270 seconds left.
|
|t:|1759023980
|switch|p2a: Iron Treads|Iron Treads|100/100
|-enditem|p2a: Iron Treads|Booster Energy
|-activate|p2a: Iron Treads|ability: Quark Drive|[fromitem]
|-start|p2a: Iron Treads|quarkdrivespe
|switch|p1a: Iron Treads|Iron Treads|100/100
|
|upkeep
|turn|2
|inactive|dragawndeeznutz has 270 seconds left.
|
|t:|1759023999
|-end|p1a: Iron Treads|Quark Drive|[silent]
|switch|p1a: Pelipper|Pelipper, F|100/100
|-weather|RainDance|[from] ability: Drizzle|[of] p1a: Pelipper
|move|p2a: Iron Treads|Earth Power|p1a: Pelipper
|-immune|p1a: Pelipper
|
|-weather|RainDance|[upkeep]
|upkeep
|turn|3
|inactive|dragawndeeznutz has 270 seconds left.
|
|t:|1759024018
|-end|p2a: Iron Treads|Quark Drive|[silent]
|switch|p2a: Rillaboom|Rillaboom, F|100/100
|-fieldstart|move: Grassy Terrain|[from] ability: Grassy Surge|[of] p2a: Rillaboom
|move|p1a: Pelipper|Knock Off|p2a: Rillaboom
|-damage|p2a: Rillaboom|87/100
|-enditem|p2a: Rillaboom|Choice Band|[from] move: Knock Off|[of] p1a: Pelipper
|
|-weather|RainDance|[upkeep]
|-heal|p2a: Rillaboom|93/100|[from] Grassy Terrain
|upkeep
|turn|4
|
|t:|1759024033
|move|p2a: Rillaboom|U-turn|p1a: Pelipper
|-resisted|p1a: Pelipper
|-damage|p1a: Pelipper|87/100
|
|t:|1759024041
|switch|p2a: Raging Bolt|Raging Bolt|100/100|[from] U-turn
|-enditem|p2a: Raging Bolt|Booster Energy
|-activate|p2a: Raging Bolt|ability: Protosynthesis|[fromitem]
|-start|p2a: Raging Bolt|protosynthesisspa
|move|p1a: Pelipper|U-turn|p2a: Raging Bolt
|-damage|p2a: Raging Bolt|92/100
|
|t:|1759024045
|switch|p1a: Iron Treads|Iron Treads|100/100|[from] U-turn
|
|-weather|RainDance|[upkeep]
|-heal|p2a: Raging Bolt|98/100|[from] Grassy Terrain
|upkeep
|turn|5
|inactive|dragawndeeznutz has 270 seconds left.
|
|t:|1759024058
|-end|p2a: Raging Bolt|Protosynthesis|[silent]
|switch|p2a: Quaquaval|Quaquaval, M|100/100
|move|p1a: Iron Treads|Stealth Rock|p2a: Quaquaval
|-sidestart|p2: dragawndeeznutz|move: Stealth Rock
|
|-weather|RainDance|[upkeep]
|upkeep
|turn|6
|inactive|dragawndeeznutz has 270 seconds left.
|
|t:|1759024066
|-end|p1a: Iron Treads|Quark Drive|[silent]
|switch|p1a: Toxicroak|Toxicroak, F|100/100
|move|p2a: Quaquaval|Knock Off|p1a: Toxicroak
|-resisted|p1a: Toxicroak
|-damage|p1a: Toxicroak|87/100
|-damage|p2a: Quaquaval|84/100|[from] item: Rocky Helmet|[of] p1a: Toxicroak
|-enditem|p1a: Toxicroak|Rocky Helmet|[from] move: Knock Off|[of] p2a: Quaquaval
|
|-weather|RainDance|[upkeep]
|-heal|p1a: Toxicroak|99/100|[from] ability: Dry Skin
|-heal|p2a: Quaquaval|90/100|[from] Grassy Terrain
|-heal|p1a: Toxicroak|100/100|[from] Grassy Terrain
|upkeep
|turn|7
|inactive|dragawndeeznutz has 270 seconds left.
|inactive|dragawndeeznutz has 240 seconds left.
|inactive|dragawndeeznutz has 210 seconds left.
|
|t:|1759024155
|switch|p2a: Raging Bolt|Raging Bolt|98/100
|-damage|p2a: Raging Bolt|86/100|[from] Stealth Rock
|move|p1a: Toxicroak|Toxic|p2a: Raging Bolt
|-status|p2a: Raging Bolt|tox
|
|-weather|RainDance|[upkeep]
|-heal|p2a: Raging Bolt|92/100 tox|[from] Grassy Terrain
|-damage|p2a: Raging Bolt|86/100 tox|[from] psn
|-fieldend|move: Grassy Terrain
|upkeep
|turn|8
|
|t:|1759024178
|-end|p2a: Raging Bolt|Protosynthesis|[silent]
|switch|p2a: Quaquaval|Quaquaval, M|90/100
|-damage|p2a: Quaquaval|84/100|[from] Stealth Rock
|switch|p1a: Iron Treads|Iron Treads|100/100
|
|-weather|RainDance|[upkeep]
|upkeep
|turn|9
|
|t:|1759024189
|-end|p1a: Iron Treads|Quark Drive|[silent]
|switch|p1a: Toxicroak|Toxicroak, F|100/100
|move|p2a: Quaquaval|Close Combat|p1a: Toxicroak
|-resisted|p1a: Toxicroak
|-damage|p1a: Toxicroak|72/100
|-unboost|p2a: Quaquaval|def|1
|-unboost|p2a: Quaquaval|spd|1
|
|-weather|none
|upkeep
|turn|10
|
|t:|1759024200
|switch|p2a: Rillaboom|Rillaboom, F|93/100
|-damage|p2a: Rillaboom|81/100|[from] Stealth Rock
|-fieldstart|move: Grassy Terrain|[from] ability: Grassy Surge|[of] p2a: Rillaboom
|switch|p1a: Pelipper|Pelipper, F|87/100
|-weather|RainDance|[from] ability: Drizzle|[of] p1a: Pelipper
|
|-weather|RainDance|[upkeep]
|-heal|p2a: Rillaboom|87/100|[from] Grassy Terrain
|upkeep
|turn|11
|
|t:|1759024210
|move|p2a: Rillaboom|U-turn|p1a: Pelipper
|-resisted|p1a: Pelipper
|-damage|p1a: Pelipper|73/100
|
|t:|1759024217
|switch|p2a: Raging Bolt|Raging Bolt|86/100 tox|[from] U-turn
|-damage|p2a: Raging Bolt|73/100 tox|[from] Stealth Rock
|move|p1a: Pelipper|U-turn|p2a: Raging Bolt
|-damage|p2a: Raging Bolt|64/100 tox
|
|t:|1759024224
|switch|p1a: Iron Treads|Iron Treads|100/100|[from] U-turn
|
|-weather|RainDance|[upkeep]
|-heal|p2a: Raging Bolt|70/100 tox|[from] Grassy Terrain
|-damage|p2a: Raging Bolt|64/100 tox|[from] psn
|upkeep
|turn|12
|
|t:|1759024241
|-end|p2a: Raging Bolt|Protosynthesis|[silent]
|switch|p2a: Rillaboom|Rillaboom, F|87/100
|-damage|p2a: Rillaboom|75/100|[from] Stealth Rock
|move|p1a: Iron Treads|Volt Switch|p2a: Rillaboom
|-resisted|p2a: Rillaboom
|-damage|p2a: Rillaboom|67/100
|
|t:|1759024247
|-end|p1a: Iron Treads|Quark Drive|[silent]
|switch|p1a: Zapdos|Zapdos|100/100|[from] Volt Switch
|
|-weather|RainDance|[upkeep]
|-heal|p2a: Rillaboom|73/100|[from] Grassy Terrain
|upkeep
|turn|13
|
|t:|1759024257
|move|p1a: Zapdos|Weather Ball|p2a: Rillaboom
|-resisted|p2a: Rillaboom
|-damage|p2a: Rillaboom|23/100
|move|p2a: Rillaboom|Knock Off|p1a: Zapdos
|-damage|p1a: Zapdos|58/100
|-status|p2a: Rillaboom|par|[from] ability: Static|[of] p1a: Zapdos
|-enditem|p1a: Zapdos|Choice Specs|[from] move: Knock Off|[of] p2a: Rillaboom
|
|-weather|RainDance|[upkeep]
|-heal|p2a: Rillaboom|29/100 par|[from] Grassy Terrain
|upkeep
|turn|14
|inactive|dragawndeeznutz has 180 seconds left.
|
|t:|1759024281
|switch|p2a: Raging Bolt|Raging Bolt|64/100 tox
|-damage|p2a: Raging Bolt|52/100 tox|[from] Stealth Rock
|move|p1a: Zapdos|Weather Ball|p2a: Raging Bolt
|-resisted|p2a: Raging Bolt
|-damage|p2a: Raging Bolt|27/100 tox
|
|-weather|RainDance|[upkeep]
|-heal|p2a: Raging Bolt|33/100 tox|[from] Grassy Terrain
|-damage|p2a: Raging Bolt|27/100 tox|[from] psn
|-fieldend|move: Grassy Terrain
|upkeep
|turn|15
|inactive|dragawndeeznutz has 180 seconds left.
|
|t:|1759024293
|switch|p1a: Iron Treads|Iron Treads|100/100
|move|p2a: Raging Bolt|Draco Meteor|p1a: Iron Treads
|-resisted|p1a: Iron Treads
|-damage|p1a: Iron Treads|70/100
|-unboost|p2a: Raging Bolt|spa|2
|
|-weather|RainDance|[upkeep]
|-heal|p1a: Iron Treads|76/100|[from] item: Leftovers
|-damage|p2a: Raging Bolt|15/100 tox|[from] psn
|upkeep
|turn|16
|inactive|dragawndeeznutz has 180 seconds left.
|
|t:|1759024305
|-end|p2a: Raging Bolt|Protosynthesis|[silent]
|switch|p2a: Rillaboom|Rillaboom, F|29/100 par
|-damage|p2a: Rillaboom|17/100 par|[from] Stealth Rock
|-fieldstart|move: Grassy Terrain|[from] ability: Grassy Surge|[of] p2a: Rillaboom
|move|p1a: Iron Treads|Earthquake|p2a: Rillaboom
|-resisted|p2a: Rillaboom
|-damage|p2a: Rillaboom|6/100 par
|
|-weather|RainDance|[upkeep]
|-heal|p1a: Iron Treads|82/100|[from] Grassy Terrain
|-heal|p1a: Iron Treads|88/100|[from] item: Leftovers
|-heal|p2a: Rillaboom|12/100 par|[from] Grassy Terrain
|upkeep
|turn|17
|inactive|dragawndeeznutz has 180 seconds left.
|
|t:|1759024316
|move|p1a: Iron Treads|Volt Switch|p2a: Rillaboom
|-resisted|p2a: Rillaboom
|-damage|p2a: Rillaboom|5/100 par
|
|t:|1759024322
|-end|p1a: Iron Treads|Quark Drive|[silent]
|switch|p1a: Zapdos|Zapdos|58/100|[from] Volt Switch
|move|p2a: Rillaboom|U-turn|p1a: Zapdos
|-resisted|p1a: Zapdos
|-crit|p1a: Zapdos
|-damage|p1a: Zapdos|36/100
|
|t:|1759024330
|switch|p2a: Iron Treads|Iron Treads|100/100|[from] U-turn
|-damage|p2a: Iron Treads|97/100|[from] Stealth Rock
|
|-weather|none
|-heal|p2a: Iron Treads|100/100|[from] Grassy Terrain
|upkeep
|turn|18
|
|t:|1759024341
|switch|p1a: Pelipper|Pelipper, F|73/100
|-weather|RainDance|[from] ability: Drizzle|[of] p1a: Pelipper
|move|p2a: Iron Treads|Rapid Spin|p1a: Pelipper
|-damage|p1a: Pelipper|60/100
|-boost|p2a: Iron Treads|spe|1
|-sideend|p2: dragawndeeznutz|Stealth Rock|[from] move: Rapid Spin|[of] p2a: Iron Treads
|
|-weather|RainDance|[upkeep]
|upkeep
|turn|19
|
|t:|1759024350
|move|p2a: Iron Treads|Stealth Rock|p1a: Pelipper
|-sidestart|p1: doodooballs69|move: Stealth Rock
|move|p1a: Pelipper|U-turn|p2a: Iron Treads
|-resisted|p2a: Iron Treads
|-damage|p2a: Iron Treads|97/100
|
|t:|1759024353
|switch|p1a: Iron Treads|Iron Treads|88/100|[from] U-turn
|-damage|p1a: Iron Treads|86/100|[from] Stealth Rock
|
|-weather|RainDance|[upkeep]
|-heal|p2a: Iron Treads|100/100|[from] Grassy Terrain
|-heal|p1a: Iron Treads|92/100|[from] Grassy Terrain
|-heal|p1a: Iron Treads|98/100|[from] item: Leftovers
|upkeep
|turn|20
|
|t:|1759024363
|move|p2a: Iron Treads|Earth Power|p1a: Iron Treads
|-supereffective|p1a: Iron Treads
|-damage|p1a: Iron Treads|41/100
|move|p1a: Iron Treads|Rapid Spin|p2a: Iron Treads
|-resisted|p2a: Iron Treads
|-damage|p2a: Iron Treads|95/100
|-boost|p1a: Iron Treads|spe|1
|-sideend|p1: doodooballs69|Stealth Rock|[from] move: Rapid Spin|[of] p1a: Iron Treads
|
|-weather|RainDance|[upkeep]
|-heal|p2a: Iron Treads|100/100|[from] Grassy Terrain
|-heal|p1a: Iron Treads|47/100|[from] Grassy Terrain
|-heal|p1a: Iron Treads|53/100|[from] item: Leftovers
|-fieldend|move: Grassy Terrain
|upkeep
|turn|21
|
|t:|1759024373
|-end|p1a: Iron Treads|Quark Drive|[silent]
|switch|p1a: Hatterene|Hatterene, F|100/100
|move|p2a: Iron Treads|Stealth Rock|p1a: Hatterene
|move|p1a: Hatterene|Stealth Rock|p2a: Iron Treads|[from] ability: Magic Bounce
|-sidestart|p2: dragawndeeznutz|move: Stealth Rock
|
|-weather|RainDance|[upkeep]
|upkeep
|turn|22
|
|t:|1759024402
|switch|p1a: Barraskewda|Barraskewda, F|100/100
|move|p2a: Iron Treads|Rapid Spin|p1a: Barraskewda
|-damage|p1a: Barraskewda|79/100
|-boost|p2a: Iron Treads|spe|1
|-sideend|p2: dragawndeeznutz|Stealth Rock|[from] move: Rapid Spin|[of] p2a: Iron Treads
|
|-weather|RainDance|[upkeep]
|upkeep
|turn|23
|inactive|dragawndeeznutz has 180 seconds left.
|inactive|dragawndeeznutz has 150 seconds left.
|
|t:|1759024462
|-terastallize|p2a: Iron Treads|Ghost
|move|p1a: Barraskewda|Liquidation|p2a: Iron Treads
|-damage|p2a: Iron Treads|1/100
|move|p2a: Iron Treads|Earth Power|p1a: Barraskewda
|-damage|p1a: Barraskewda|9/100
|
|-weather|RainDance|[upkeep]
|upkeep
|turn|24
|inactive|dragawndeeznutz has 150 seconds left.
|
|t:|1759024474
|-end|p2a: Iron Treads|Quark Drive|[silent]
|switch|p2a: Rillaboom|Rillaboom, F|5/100 par
|-fieldstart|move: Grassy Terrain|[from] ability: Grassy Surge|[of] p2a: Rillaboom
|move|p1a: Barraskewda|Liquidation|p2a: Rillaboom
|-resisted|p2a: Rillaboom
|-damage|p2a: Rillaboom|0 fnt
|faint|p2a: Rillaboom
|
|-weather|RainDance|[upkeep]
|-heal|p1a: Barraskewda|15/100|[from] Grassy Terrain
|upkeep
|inactive|dragawndeeznutz has 150 seconds left.
|
|t:|1759024494
|switch|p2a: Raging Bolt|Raging Bolt|15/100 tox
|turn|25
|
|t:|1759024501
|switch|p1a: Iron Treads|Iron Treads|53/100
|move|p2a: Raging Bolt|Thunderclap||[still]
|-fail|p2a: Raging Bolt
|
|-weather|none
|-heal|p1a: Iron Treads|59/100|[from] Grassy Terrain
|-heal|p1a: Iron Treads|65/100|[from] item: Leftovers
|-heal|p2a: Raging Bolt|21/100 tox|[from] Grassy Terrain
|-damage|p2a: Raging Bolt|15/100 tox|[from] psn
|upkeep
|turn|26
|inactive|dragawndeeznutz has 120 seconds left.
|
|t:|1759024538
|-end|p2a: Raging Bolt|Protosynthesis|[silent]
|switch|p2a: Quaquaval|Quaquaval, M|84/100
|move|p1a: Iron Treads|Stealth Rock|p2a: Quaquaval
|-sidestart|p2: dragawndeeznutz|move: Stealth Rock
|
|-heal|p2a: Quaquaval|90/100|[from] Grassy Terrain
|-heal|p1a: Iron Treads|71/100|[from] Grassy Terrain
|-heal|p1a: Iron Treads|77/100|[from] item: Leftovers
|upkeep
|turn|27
|inactive|dragawndeeznutz has 120 seconds left.
|
|t:|1759024550
|switch|p2a: Hawlucha|Hawlucha, M, shiny|100/100
|-damage|p2a: Hawlucha|88/100|[from] Stealth Rock
|-enditem|p2a: Hawlucha|Grassy Seed
|-boost|p2a: Hawlucha|def|1|[from] item: Grassy Seed
|-end|p1a: Iron Treads|Quark Drive|[silent]
|switch|p1a: Toxicroak|Toxicroak, F|72/100
|
|-heal|p1a: Toxicroak|79/100|[from] Grassy Terrain
|upkeep
|turn|28
|inactive|dragawndeeznutz has 120 seconds left.
|
|t:|1759024585
|-terastallize|p1a: Toxicroak|Ghost
|move|p2a: Hawlucha|Swords Dance|p2a: Hawlucha
|-boost|p2a: Hawlucha|atk|2
|move|p1a: Toxicroak|Encore|p2a: Hawlucha
|-start|p2a: Hawlucha|Encore
|
|-heal|p1a: Toxicroak|85/100|[from] Grassy Terrain
|-fieldend|move: Grassy Terrain
|upkeep
|turn|29
|inactive|dragawndeeznutz has 90 seconds left.
|
|t:|1759024610
|switch|p2a: Quaquaval|Quaquaval, M|90/100
|-damage|p2a: Quaquaval|84/100|[from] Stealth Rock
|move|p1a: Toxicroak|Toxic|p2a: Quaquaval
|-status|p2a: Quaquaval|tox
|
|-damage|p2a: Quaquaval|78/100 tox|[from] psn
|upkeep
|turn|30
|
|t:|1759024619
|move|p2a: Quaquaval|Knock Off|p1a: Toxicroak
|-supereffective|p1a: Toxicroak
|-damage|p1a: Toxicroak|47/100
|move|p1a: Toxicroak|Drain Punch|p2a: Quaquaval
|-damage|p2a: Quaquaval|44/100 tox
|-heal|p1a: Toxicroak|62/100|[from] drain|[of] p2a: Quaquaval
|
|-damage|p2a: Quaquaval|32/100 tox|[from] psn
|upkeep
|turn|31
|
|t:|1759024630
|switch|p1a: Pelipper|Pelipper, F|60/100
|-weather|RainDance|[from] ability: Drizzle|[of] p1a: Pelipper
|move|p2a: Quaquaval|Knock Off|p1a: Pelipper
|-damage|p1a: Pelipper|28/100
|-enditem|p1a: Pelipper|Damp Rock|[from] move: Knock Off|[of] p2a: Quaquaval
|
|-weather|RainDance|[upkeep]
|-damage|p2a: Quaquaval|13/100 tox|[from] psn
|upkeep
|turn|32
|
|t:|1759024645
|switch|p2a: Dragapult|Dragapult, F|100/100
|switch|p1a: Toxicroak|Toxicroak, F, tera:Ghost|62/100
|
|-weather|RainDance|[upkeep]
|-heal|p1a: Toxicroak|74/100|[from] ability: Dry Skin
|upkeep
|turn|33
|inactive|doodooballs69 has 270 seconds left.
|
|t:|1759024672
|switch|p1a: Hatterene|Hatterene, F|100/100
|move|p2a: Dragapult|Thunder Wave|p1a: Hatterene
|move|p1a: Hatterene|Thunder Wave|p2a: Dragapult|[from] ability: Magic Bounce
|-status|p2a: Dragapult|par
|
|-weather|RainDance|[upkeep]
|upkeep
|turn|34
|-message|dragawndeeznutz forfeited.
|
|win|doodooballs69
|l|☆dragawndeeznutz
|player|p2|
