|j|☆one_angry_jew
|j|☆BananaOnToast
|t:|1758923017
|gametype|singles
|player|p1|one_angry_jew|170|1474
|player|p2|BananaOnToast|dawn-gen4pt|1484
|gen|9
|tier|[Gen 9] OU
|rated|
|rule|HP Percentage Mod: HP is shown in percentages
|rule|Endless Battle Clause: Forcing endless battles is banned
|rule|Species Clause: Limit one of each Pokémon
|rule|OHKO Clause: OHKO moves are banned
|rule|Evasion Items Clause: Evasion items are banned
|rule|Evasion Moves Clause: Evasion moves are banned
|rule|Evasion Abilities Clause: Evasion abilities are banned
|rule|Sleep Moves Clause: Sleep-inducing moves are banned
|clearpoke
|poke|p1|Vaporeon, F|
|poke|p1|Sylveon, M|
|poke|p1|Espeon, F|
|poke|p1|Jolteon, F|
|poke|p1|Glaceon, F|
|poke|p1|Umbreon, M|
|poke|p2|Infernape, F|
|poke|p2|Garganacl, F|
|poke|p2|Great Tusk|
|poke|p2|Alomomola, F|
|poke|p2|Corviknight, M|
|poke|p2|Dragonite, M|
|teampreview
|
|t:|1758923031
|teamsize|p1|6
|teamsize|p2|6
|start
|switch|p1a: Vaporeon|Vaporeon, F|100/100
|switch|p2a: Garganacl|Garganacl, F|100/100
|turn|1
|inactive|Battle timer is ON: inactive players will automatically lose when time's up. (requested by BananaOnToast)
|
|t:|1758923042
|switch|p1a: Espeon|Espeon, F|100/100
|move|p2a: Garganacl|Salt Cure|p1a: Espeon
|-damage|p1a: Espeon|75/100
|-start|p1a: Espeon|Salt Cure
|
|-damage|p1a: Espeon|63/100|[from] Salt Cure
|upkeep
|turn|2
|
|t:|1758923063
|switch|p2a: Alomomola|Alomomola, F|100/100
|move|p1a: Espeon|Trick|p2a: Alomomola
|-activate|p1a: Espeon|move: Trick|[of] p2a: Alomomola
|-item|p2a: Alomomola|Choice Scarf|[from] move: Trick
|-item|p1a: Espeon|Heavy-Duty Boots|[from] move: Trick
|
|-damage|p1a: Espeon|50/100|[from] Salt Cure
|upkeep
|turn|3
|
|t:|1758923071
|switch|p1a: Vaporeon|Vaporeon, F|100/100
|move|p2a: Alomomola|Flip Turn|p1a: Vaporeon
|-immune|p1a: Vaporeon|[from] ability: Water Absorb
|
|upkeep
|turn|4
|
|t:|1758923080
|switch|p2a: Dragonite|Dragonite, M|100/100
|move|p1a: Vaporeon|Scald|p2a: Dragonite
|-resisted|p2a: Dragonite
|-damage|p2a: Dragonite|84/100
|
|upkeep
|turn|5
|
|t:|1758923094
|move|p2a: Dragonite|Dragon Dance|p2a: Dragonite
|-boost|p2a: Dragonite|atk|1
|-boost|p2a: Dragonite|spe|1
|move|p1a: Vaporeon|Scald|p2a: Dragonite
|-resisted|p2a: Dragonite
|-damage|p2a: Dragonite|53/100
|
|upkeep
|turn|6
|
|t:|1758923105
|switch|p1a: Glaceon|Glaceon, F|100/100
|move|p2a: Dragonite|Earthquake|p1a: Glaceon
|-damage|p1a: Glaceon|48/100
|
|upkeep
|turn|7
|
|t:|1758923120
|-terastallize|p2a: Dragonite|Normal
|move|p2a: Dragonite|Extreme Speed|p1a: Glaceon
|-damage|p1a: Glaceon|0 fnt
|faint|p1a: Glaceon
|
|upkeep
|
|t:|1758923126
|switch|p1a: Umbreon|Umbreon, M|100/100
|turn|8
|inactive|BananaOnToast has 120 seconds left.
|
|t:|1758923170
|switch|p2a: Garganacl|Garganacl, F|100/100
|move|p1a: Umbreon|Foul Play|p2a: Garganacl
|-damage|p2a: Garganacl|81/100
|
|-heal|p2a: Garganacl|87/100|[from] item: Leftovers
|upkeep
|turn|9
|
|t:|1758923175
|move|p1a: Umbreon|Protect|p1a: Umbreon
|-singleturn|p1a: Umbreon|Protect
|move|p2a: Garganacl|Salt Cure|p1a: Umbreon
|-activate|p1a: Umbreon|move: Protect
|
|-heal|p2a: Garganacl|93/100|[from] item: Leftovers
|upkeep
|turn|10
|
|t:|1758923182
|move|p1a: Umbreon|Wish|p1a: Umbreon
|move|p2a: Garganacl|Salt Cure|p1a: Umbreon
|-damage|p1a: Umbreon|92/100
|-start|p1a: Umbreon|Salt Cure
|
|-heal|p1a: Umbreon|98/100|[from] item: Leftovers
|-heal|p2a: Garganacl|99/100|[from] item: Leftovers
|-damage|p1a: Umbreon|86/100|[from] Salt Cure
|upkeep
|turn|11
|inactive|BananaOnToast has 120 seconds left.
|
|t:|1758923218
|switch|p1a: Espeon|Espeon, F|50/100
|move|p2a: Garganacl|Stealth Rock|p1a: Espeon
|move|p1a: Espeon|Stealth Rock|p2a: Garganacl|[from] ability: Magic Bounce
|-sidestart|p2: BananaOnToast|move: Stealth Rock
|
|-heal|p1a: Espeon|100/100|[from] move: Wish|[wisher] Umbreon
|-heal|p2a: Garganacl|100/100|[from] item: Leftovers
|upkeep
|turn|12
|
|t:|1758923238
|move|p1a: Espeon|Trick|p2a: Garganacl
|-activate|p1a: Espeon|move: Trick|[of] p2a: Garganacl
|-item|p2a: Garganacl|Heavy-Duty Boots|[from] move: Trick
|-item|p1a: Espeon|Leftovers|[from] move: Trick
|move|p2a: Garganacl|Salt Cure|p1a: Espeon
|-damage|p1a: Espeon|73/100
|-start|p1a: Espeon|Salt Cure
|
|-heal|p1a: Espeon|79/100|[from] item: Leftovers
|-damage|p1a: Espeon|66/100|[from] Salt Cure
|upkeep
|turn|13
|inactive|BananaOnToast has 120 seconds left.
|
|t:|1758923244
|move|p1a: Espeon|Psychic|p2a: Garganacl
|-damage|p2a: Garganacl|66/100
|move|p2a: Garganacl|Stealth Rock|p1a: Espeon
|move|p1a: Espeon|Stealth Rock||[from] ability: Magic Bounce|[still]
|-fail|p1a: Espeon
|
|-heal|p1a: Espeon|73/100|[from] item: Leftovers
|-damage|p1a: Espeon|60/100|[from] Salt Cure
|upkeep
|turn|14
|
|t:|1758923250
|switch|p1a: Vaporeon|Vaporeon, F|100/100
|move|p2a: Garganacl|Recover|p2a: Garganacl
|-heal|p2a: Garganacl|100/100
|
|upkeep
|turn|15
|
|t:|1758923255
|move|p1a: Vaporeon|Scald|p2a: Garganacl
|-supereffective|p2a: Garganacl
|-damage|p2a: Garganacl|24/100
|move|p2a: Garganacl|Salt Cure|p1a: Vaporeon
|-crit|p1a: Vaporeon
|-damage|p1a: Vaporeon|78/100
|-start|p1a: Vaporeon|Salt Cure
|
|-damage|p1a: Vaporeon|53/100|[from] Salt Cure
|upkeep
|turn|16
|
|t:|1758923260
|move|p2a: Garganacl|Protect|p2a: Garganacl
|-singleturn|p2a: Garganacl|Protect
|move|p1a: Vaporeon|Scald|p2a: Garganacl
|-activate|p2a: Garganacl|move: Protect
|
|-damage|p1a: Vaporeon|28/100|[from] Salt Cure
|upkeep
|turn|17
|inactive|BananaOnToast has 120 seconds left.
|
|t:|1758923302
|switch|p2a: Alomomola|Alomomola, F|100/100
|-damage|p2a: Alomomola|88/100|[from] Stealth Rock
|move|p1a: Vaporeon|Scald|p2a: Alomomola
|-resisted|p2a: Alomomola
|-damage|p2a: Alomomola|51/100
|-status|p2a: Alomomola|brn
|
|-damage|p2a: Alomomola|45/100 brn|[from] brn
|-damage|p1a: Vaporeon|3/100|[from] Salt Cure
|upkeep
|turn|18
|
|t:|1758923312
|move|p2a: Alomomola|Wish|p2a: Alomomola
|move|p1a: Vaporeon|Scald|p2a: Alomomola
|-resisted|p2a: Alomomola
|-damage|p2a: Alomomola|11/100 brn
|
|-damage|p2a: Alomomola|5/100 brn|[from] brn
|-damage|p1a: Vaporeon|0 fnt|[from] Salt Cure
|faint|p1a: Vaporeon
|upkeep
|
|t:|1758923317
|switch|p1a: Umbreon|Umbreon, M|86/100
|turn|19
|
|t:|1758923324
|switch|p2a: Garganacl|Garganacl, F|24/100
|move|p1a: Umbreon|Foul Play|p2a: Garganacl
|-damage|p2a: Garganacl|3/100
|
|-heal|p2a: Garganacl|69/100|[from] move: Wish|[wisher] Alomomola
|-heal|p1a: Umbreon|92/100|[from] item: Leftovers
|upkeep
|turn|20
|inactive|BananaOnToast has 120 seconds left.
|
|t:|1758923351
|move|p1a: Umbreon|Wish|p1a: Umbreon
|move|p2a: Garganacl|Salt Cure|p1a: Umbreon
|-damage|p1a: Umbreon|84/100
|-start|p1a: Umbreon|Salt Cure
|
|-heal|p1a: Umbreon|90/100|[from] item: Leftovers
|-damage|p1a: Umbreon|77/100|[from] Salt Cure
|upkeep
|turn|21
|
|t:|1758923378
|switch|p1a: Espeon|Espeon, F|60/100
|move|p2a: Garganacl|Salt Cure|p1a: Espeon
|-damage|p1a: Espeon|34/100
|-start|p1a: Espeon|Salt Cure
|
|-heal|p1a: Espeon|100/100|[from] move: Wish|[wisher] Umbreon
|-damage|p1a: Espeon|88/100|[from] Salt Cure
|upkeep
|turn|22
|inactive|BananaOnToast has 120 seconds left.
|
|t:|1758923408
|move|p2a: Garganacl|Protect|p2a: Garganacl
|-singleturn|p2a: Garganacl|Protect
|move|p1a: Espeon|Psychic|p2a: Garganacl
|-activate|p2a: Garganacl|move: Protect
|
|-heal|p1a: Espeon|94/100|[from] item: Leftovers
|-damage|p1a: Espeon|82/100|[from] Salt Cure
|upkeep
|turn|23
|
|t:|1758923414
|switch|p2a: Corviknight|Corviknight, M|100/100
|-damage|p2a: Corviknight|88/100|[from] Stealth Rock
|move|p1a: Espeon|Psychic|p2a: Corviknight
|-resisted|p2a: Corviknight
|-damage|p2a: Corviknight|71/100
|
|-heal|p1a: Espeon|88/100|[from] item: Leftovers
|-heal|p2a: Corviknight|77/100|[from] item: Leftovers
|-damage|p1a: Espeon|75/100|[from] Salt Cure
|upkeep
|turn|24
|
|t:|1758923418
|switch|p1a: Jolteon|Jolteon, F|100/100
|move|p2a: Corviknight|Defog|p1a: Jolteon
|-unboost|p1a: Jolteon|evasion|1
|-sideend|p2: BananaOnToast|Stealth Rock|[from] move: Defog|[of] p2a: Corviknight
|
|-heal|p2a: Corviknight|83/100|[from] item: Leftovers
|upkeep
|turn|25
|
|t:|1758923425
|switch|p2a: Great Tusk|Great Tusk|100/100
|move|p1a: Jolteon|Alluring Voice|p2a: Great Tusk
|-supereffective|p2a: Great Tusk
|-damage|p2a: Great Tusk|0 fnt
|faint|p2a: Great Tusk
|-end|p2a: Great Tusk|Protosynthesis|[silent]
|
|upkeep
|
|t:|1758923441
|switch|p2a: Garganacl|Garganacl, F|69/100
|turn|26
|
|t:|1758923445
|move|p1a: Jolteon|Alluring Voice|p2a: Garganacl
|-damage|p2a: Garganacl|42/100
|move|p2a: Garganacl|Recover|p2a: Garganacl
|-heal|p2a: Garganacl|92/100
|
|upkeep
|turn|27
|
|t:|1758923453
|switch|p1a: Espeon|Espeon, F|75/100
|move|p2a: Garganacl|Salt Cure|p1a: Espeon
|-damage|p1a: Espeon|50/100
|-start|p1a: Espeon|Salt Cure
|
|-heal|p1a: Espeon|56/100|[from] item: Leftovers
|-damage|p1a: Espeon|44/100|[from] Salt Cure
|upkeep
|turn|28
|
|t:|1758923462
|switch|p1a: Jolteon|Jolteon, F|100/100
|move|p2a: Garganacl|Protect||[still]
|-fail|p2a: Garganacl
|
|upkeep
|turn|29
|
|t:|1758923465
|move|p1a: Jolteon|Volt Switch|p2a: Garganacl
|-damage|p2a: Garganacl|56/100
|
|t:|1758923468
|switch|p1a: Espeon|Espeon, F|44/100|[from] Volt Switch
|move|p2a: Garganacl|Stealth Rock|p1a: Espeon
|move|p1a: Espeon|Stealth Rock|p2a: Garganacl|[from] ability: Magic Bounce
|-sidestart|p2: BananaOnToast|move: Stealth Rock
|
|-heal|p1a: Espeon|50/100|[from] item: Leftovers
|upkeep
|turn|30
|
|t:|1758923477
|switch|p2a: Corviknight|Corviknight, M|83/100
|-damage|p2a: Corviknight|71/100|[from] Stealth Rock
|move|p1a: Espeon|Psychic|p2a: Corviknight
|-resisted|p2a: Corviknight
|-damage|p2a: Corviknight|53/100
|-ability|p2a: Corviknight|Mirror Armor
|-unboost|p1a: Espeon|spd|1
|
|-heal|p1a: Espeon|56/100|[from] item: Leftovers
|-heal|p2a: Corviknight|59/100|[from] item: Leftovers
|upkeep
|turn|31
|
|t:|1758923484
|switch|p1a: Jolteon|Jolteon, F|100/100
|move|p2a: Corviknight|Defog|p1a: Jolteon
|-unboost|p1a: Jolteon|evasion|1
|-sideend|p2: BananaOnToast|Stealth Rock|[from] move: Defog|[of] p2a: Corviknight
|
|-heal|p2a: Corviknight|65/100|[from] item: Leftovers
|upkeep
|turn|32
|
|t:|1758923499
|switch|p2a: fire blast|Infernape, F|100/100
|move|p1a: Jolteon|Volt Switch|p2a: fire blast
|-damage|p2a: fire blast|39/100
|
|t:|1758923518
|switch|p1a: Sylveon|Sylveon, M|100/100|[from] Volt Switch
|
|upkeep
|turn|33
|
|t:|1758923531
|move|p2a: fire blast|Knock Off|p1a: Sylveon
|-resisted|p1a: Sylveon
|-damage|p1a: Sylveon|85/100
|-enditem|p1a: Sylveon|Assault Vest|[from] move: Knock Off|[of] p2a: fire blast
|move|p1a: Sylveon|Hyper Voice|p2a: fire blast
|-damage|p2a: fire blast|0 fnt
|faint|p2a: fire blast
|
|upkeep
|
|t:|1758923546
|switch|p2a: Alomomola|Alomomola, F|38/100 brn
|turn|34
|
|t:|1758923550
|switch|p2a: Corviknight|Corviknight, M|65/100
|move|p1a: Sylveon|Hyper Voice|p2a: Corviknight
|-resisted|p2a: Corviknight
|-damage|p2a: Corviknight|47/100
|
|-heal|p2a: Corviknight|53/100|[from] item: Leftovers
|upkeep
|turn|35
|
|t:|1758923558
|switch|p1a: Umbreon|Umbreon, M|77/100
|move|p2a: Corviknight|Roost|p2a: Corviknight
|-heal|p2a: Corviknight|100/100
|-singleturn|p2a: Corviknight|move: Roost
|
|-heal|p1a: Umbreon|83/100|[from] item: Leftovers
|upkeep
|turn|36
|
|t:|1758923569
|move|p2a: Corviknight|Taunt|p1a: Umbreon
|-start|p1a: Umbreon|move: Taunt
|cant|p1a: Umbreon|move: Taunt|Wish
|
|-heal|p1a: Umbreon|90/100|[from] item: Leftovers
|upkeep
|turn|37
|
|t:|1758923580
|switch|p2a: Garganacl|Garganacl, F|56/100
|move|p1a: Umbreon|Foul Play|p2a: Garganacl
|-damage|p2a: Garganacl|34/100
|
|-heal|p1a: Umbreon|96/100|[from] item: Leftovers
|upkeep
|turn|38
|
|t:|1758923588
|move|p1a: Umbreon|Foul Play|p2a: Garganacl
|-damage|p2a: Garganacl|12/100
|move|p2a: Garganacl|Recover|p2a: Garganacl
|-heal|p2a: Garganacl|62/100
|
|-heal|p1a: Umbreon|100/100|[from] item: Leftovers
|-end|p1a: Umbreon|move: Taunt
|upkeep
|turn|39
|
|t:|1758923593
|move|p1a: Umbreon|Foul Play|p2a: Garganacl
|-damage|p2a: Garganacl|42/100
|move|p2a: Garganacl|Stealth Rock|p1a: Umbreon
|-sidestart|p1: one_angry_jew|move: Stealth Rock
|
|upkeep
|turn|40
|
|t:|1758923604
|move|p1a: Umbreon|Foul Play|p2a: Garganacl
|-damage|p2a: Garganacl|20/100
|move|p2a: Garganacl|Recover|p2a: Garganacl
|-heal|p2a: Garganacl|70/100
|
|upkeep
|turn|41
|
|t:|1758923610
|move|p1a: Umbreon|Protect|p1a: Umbreon
|-singleturn|p1a: Umbreon|Protect
|move|p2a: Garganacl|Salt Cure|p1a: Umbreon
|-activate|p1a: Umbreon|move: Protect
|
|upkeep
|turn|42
|
|t:|1758923614
|move|p1a: Umbreon|Foul Play|p2a: Garganacl
|-damage|p2a: Garganacl|47/100
|move|p2a: Garganacl|Salt Cure|p1a: Umbreon
|-damage|p1a: Umbreon|92/100
|-start|p1a: Umbreon|Salt Cure
|
|-heal|p1a: Umbreon|98/100|[from] item: Leftovers
|-damage|p1a: Umbreon|86/100|[from] Salt Cure
|upkeep
|turn|43
|
|t:|1758923619
|move|p2a: Garganacl|Protect|p2a: Garganacl
|-singleturn|p2a: Garganacl|Protect
|move|p1a: Umbreon|Foul Play|p2a: Garganacl
|-activate|p2a: Garganacl|move: Protect
|
|-heal|p1a: Umbreon|92/100|[from] item: Leftovers
|-damage|p1a: Umbreon|79/100|[from] Salt Cure
|upkeep
|turn|44
|
|t:|1758923624
|switch|p2a: Corviknight|Corviknight, M|100/100
|move|p1a: Umbreon|Foul Play|p2a: Corviknight
|-damage|p2a: Corviknight|78/100
|
|-heal|p2a: Corviknight|84/100|[from] item: Leftovers
|-heal|p1a: Umbreon|86/100|[from] item: Leftovers
|-damage|p1a: Umbreon|73/100|[from] Salt Cure
|upkeep
|turn|45
|
|t:|1758923631
|switch|p2a: Alomomola|Alomomola, F|71/100 brn
|move|p1a: Umbreon|Wish|p1a: Umbreon
|
|-heal|p1a: Umbreon|79/100|[from] item: Leftovers
|-damage|p2a: Alomomola|65/100 brn|[from] brn
|-damage|p1a: Umbreon|67/100|[from] Salt Cure
|upkeep
|turn|46
|
|t:|1758923638
|switch|p1a: Espeon|Espeon, F|56/100
|-damage|p1a: Espeon|44/100|[from] Stealth Rock
|move|p2a: Alomomola|Wish|p2a: Alomomola
|
|-heal|p1a: Espeon|100/100|[from] move: Wish|[wisher] Umbreon
|-damage|p2a: Alomomola|59/100 brn|[from] brn
|upkeep
|turn|47
|
|t:|1758923651
|switch|p2a: Dragonite|Dragonite, M, tera:Normal|53/100
|move|p1a: Espeon|Psychic|p2a: Dragonite
|-damage|p2a: Dragonite|2/100
|
|-heal|p2a: Dragonite|84/100|[from] move: Wish|[wisher] Alomomola
|upkeep
|turn|48
|
|t:|1758923680
|move|p2a: Dragonite|Extreme Speed|p1a: Espeon
|-damage|p1a: Espeon|15/100
|move|p1a: Espeon|Psychic|p2a: Dragonite
|-damage|p2a: Dragonite|31/100
|
|-heal|p1a: Espeon|21/100|[from] item: Leftovers
|upkeep
|turn|49
|inactive|BananaOnToast has 120 seconds left.
|
|t:|1758923725
|-terastallize|p1a: Espeon|Ghost
|move|p2a: Dragonite|Extreme Speed|p1a: Espeon
|-immune|p1a: Espeon
|move|p1a: Espeon|Psychic|p2a: Dragonite
|-damage|p2a: Dragonite|0 fnt
|faint|p2a: Dragonite
|
|-heal|p1a: Espeon|28/100|[from] item: Leftovers
|upkeep
|
|t:|1758923732
|switch|p2a: Corviknight|Corviknight, M|84/100
|turn|50
|
|t:|1758923741
|move|p1a: Espeon|Psychic|p2a: Corviknight
|-resisted|p2a: Corviknight
|-damage|p2a: Corviknight|66/100
|move|p2a: Corviknight|Brave Bird|p1a: Espeon
|-damage|p1a: Espeon|0 fnt
|faint|p1a: Espeon
|-damage|p2a: Corviknight|60/100|[from] Recoil
|
|-heal|p2a: Corviknight|66/100|[from] item: Leftovers
|upkeep
|
|t:|1758923744
|switch|p1a: Jolteon|Jolteon, F|100/100
|-damage|p1a: Jolteon|88/100|[from] Stealth Rock
|turn|51
|
|t:|1758923753
|switch|p2a: Alomomola|Alomomola, F|92/100 brn
|move|p1a: Jolteon|Thunderbolt|p2a: Alomomola
|-supereffective|p2a: Alomomola
|-damage|p2a: Alomomola|0 fnt
|faint|p2a: Alomomola
|
|upkeep
|
|t:|1758923755
|switch|p2a: Garganacl|Garganacl, F|47/100
|turn|52
|c|☆one_angry_jew|congrats on using 3 extreme speeds as your only attacking option
|
|t:|1758923765
|move|p1a: Jolteon|Thunderbolt|p2a: Garganacl
|-damage|p2a: Garganacl|7/100
|move|p2a: Garganacl|Recover|p2a: Garganacl
|-heal|p2a: Garganacl|57/100
|
|upkeep
|turn|53
|
|t:|1758923782
|move|p2a: Garganacl|Protect|p2a: Garganacl
|-singleturn|p2a: Garganacl|Protect
|move|p1a: Jolteon|Thunderbolt|p2a: Garganacl
|-activate|p2a: Garganacl|move: Protect
|
|upkeep
|turn|54
|inactive|BananaOnToast has 120 seconds left.
|inactive|BananaOnToast has 90 seconds left.
|c|☆BananaOnToast|bruh chill ur at low ladder with an all evee team
|
|t:|1758923865
|move|p1a: Jolteon|Thunderbolt|p2a: Garganacl
|-damage|p2a: Garganacl|18/100
|move|p2a: Garganacl|Salt Cure|p1a: Jolteon
|-damage|p1a: Jolteon|62/100
|-start|p1a: Jolteon|Salt Cure
|
|-damage|p1a: Jolteon|49/100|[from] Salt Cure
|upkeep
|turn|55
|c|☆BananaOnToast|aint that serious
|inactive|one_angry_jew has 120 seconds left.
|c|☆BananaOnToast|take a shower or smth your mum will thank you
|inactive|one_angry_jew has 90 seconds left.
|c|☆one_angry_jew|wait
|inactive|one_angry_jew has 60 seconds left.
|c|☆one_angry_jew|are you mad ? lol
|
|t:|1758923960
|move|p2a: Garganacl|Protect|p2a: Garganacl
|-singleturn|p2a: Garganacl|Protect
|move|p1a: Jolteon|Thunderbolt|p2a: Garganacl
|-activate|p2a: Garganacl|move: Protect
|
|-damage|p1a: Jolteon|37/100|[from] Salt Cure
|upkeep
|turn|56
|inactive|BananaOnToast has 60 seconds left.
|inactive|BananaOnToast has 30 seconds left.
|c|☆BananaOnToast|the entire point of what i just said was that you shouldnt be mad its just a game
|c|☆BananaOnToast|chill
|
|t:|1758924024
|move|p2a: Garganacl|Protect||[still]
|-fail|p2a: Garganacl
|move|p1a: Jolteon|Thunderbolt|p2a: Garganacl
|-damage|p2a: Garganacl|0 fnt
|faint|p2a: Garganacl
|
|-damage|p1a: Jolteon|24/100|[from] Salt Cure
|upkeep
|inactive|BananaOnToast has 30 seconds left this turn.
|
|t:|1758924026
|switch|p2a: Corviknight|Corviknight, M|66/100
|turn|57
|
|t:|1758924028
|move|p1a: Jolteon|Thunderbolt|p2a: Corviknight
|-supereffective|p2a: Corviknight
|-damage|p2a: Corviknight|0 fnt
|faint|p2a: Corviknight
|
|win|one_angry_jew
|raw|one_angry_jew's rating: 1474 &rarr; <strong>1495</strong><br />(+21 for winning)
|raw|BananaOnToast's rating: 1484 &rarr; <strong>1463</strong><br />(-21 for losing)
|l|☆BananaOnToast
|player|p2|
|c|☆one_angry_jew|i'm chilling, it was fun for 57 turns
|l|☆one_angry_jew
|player|p1|
