|j|☆Kaleax
|j|☆Wowbigsmall
|t:|1758968175
|gametype|singles
|player|p1|Kaleax|miku-ghost|1580
|player|p2|Wowbigsmall|1|1541
|gen|9
|tier|[Gen 9] OU
|rated|
|rule|HP Percentage Mod: HP is shown in percentages
|rule|Endless Battle Clause: Forcing endless battles is banned
|rule|Species Clause: Limit one of each Pokémon
|rule|OHKO Clause: OHKO moves are banned
|rule|Evasion Items Clause: Evasion items are banned
|rule|Evasion Moves Clause: Evasion moves are banned
|rule|Evasion Abilities Clause: Evasion abilities are banned
|rule|Sleep Moves Clause: Sleep-inducing moves are banned
|clearpoke
|poke|p1|Chansey, F|
|poke|p1|Cinderace, M|
|poke|p1|Dragapult, M|
|poke|p1|Corviknight, M|
|poke|p1|Primarina, M|
|poke|p1|Ursaluna, M|
|poke|p2|Hoopa-Unbound|
|poke|p2|Enamorus, F|
|poke|p2|Garchomp, M|
|poke|p2|Pecharunt|
|poke|p2|Hatterene, F|
|poke|p2|Kingambit, M|
|teampreview
|
|t:|1758968199
|teamsize|p1|6
|teamsize|p2|6
|start
|switch|p1a: Nozomi|Primarina, M, shiny|100/100
|switch|p2a: Hoopa|Hoopa-Unbound|100/100
|turn|1
|
|t:|1758968209
|move|p2a: Hoopa|Zen Headbutt|p1a: Nozomi
|-damage|p1a: Nozomi|0 fnt
|faint|p1a: Nozomi
|
|upkeep
|
|t:|1758968222
|switch|p1a: Flynn|Corviknight, M, shiny|100/100
|-ability|p1a: Flynn|Pressure
|turn|2
|
|t:|1758968233
|switch|p2a: Garchomp|Garchomp, M|100/100
|switch|p1a: Toki|Dragapult, M, shiny|100/100
|
|upkeep
|turn|3
|
|t:|1758968245
|switch|p2a: Hatterene|Hatterene, F|100/100
|move|p1a: Toki|Will-O-Wisp|p2a: Hatterene
|move|p2a: Hatterene|Will-O-Wisp|p1a: Toki|[from] ability: Magic Bounce
|-status|p1a: Toki|brn
|
|-damage|p1a: Toki|95/100 brn|[from] brn
|upkeep
|turn|4
|
|t:|1758968263
|switch|p1a: Flynn|Corviknight, M, shiny|100/100
|-ability|p1a: Flynn|Pressure
|switch|p2a: Garchomp|Garchomp, M|100/100
|
|upkeep
|turn|5
|
|t:|1758968274
|switch|p2a: Hatterene|Hatterene, F|100/100
|switch|p1a: Gaston|Ursaluna, M, shiny|100/100
|
|upkeep
|turn|6
|
|t:|1758968284
|switch|p2a: Garchomp|Garchomp, M|100/100
|move|p1a: Gaston|Earthquake|p2a: Garchomp
|-damage|p2a: Garchomp|64/100
|
|upkeep
|turn|7
|
|t:|1758968300
|move|p2a: Garchomp|Earthquake|p1a: Gaston
|-damage|p1a: Gaston|69/100
|move|p1a: Gaston|Body Slam|p2a: Garchomp
|-damage|p2a: Garchomp|30/100
|-damage|p1a: Gaston|56/100|[from] ability: Rough Skin|[of] p2a: Garchomp
|-damage|p1a: Gaston|40/100|[from] item: Rocky Helmet|[of] p2a: Garchomp
|
|-heal|p1a: Gaston|46/100|[from] item: Leftovers
|upkeep
|turn|8
|
|t:|1758968311
|move|p1a: Gaston|Rest|p1a: Gaston
|-status|p1a: Gaston|slp|[from] move: Rest
|-heal|p1a: Gaston|100/100 slp|[silent]
|move|p2a: Garchomp|Dragon Tail|p1a: Gaston
|-crit|p1a: Gaston
|-damage|p1a: Gaston|70/100 slp
|drag|p1a: Nanashi|Cinderace, M|100/100
|
|upkeep
|turn|9
|
|t:|1758968323
|move|p1a: Nanashi|Will-O-Wisp|p2a: Garchomp
|-status|p2a: Garchomp|brn
|move|p2a: Garchomp|Earthquake|p1a: Nanashi
|-supereffective|p1a: Nanashi
|-damage|p1a: Nanashi|39/100
|
|-damage|p2a: Garchomp|24/100 brn|[from] brn
|upkeep
|turn|10
|
|t:|1758968336
|switch|p1a: Flynn|Corviknight, M, shiny|100/100
|-ability|p1a: Flynn|Pressure
|move|p2a: Garchomp|Dragon Tail|p1a: Flynn
|-resisted|p1a: Flynn
|-damage|p1a: Flynn|96/100
|-damage|p2a: Garchomp|7/100 brn|[from] item: Rocky Helmet|[of] p1a: Flynn
|drag|p1a: Asahi|Chansey, F|100/100
|
|-damage|p2a: Garchomp|1/100 brn|[from] brn
|upkeep
|turn|11
|
|t:|1758968342
|switch|p1a: Flynn|Corviknight, M, shiny|96/100
|-ability|p1a: Flynn|Pressure
|move|p2a: Garchomp|Stealth Rock|p1a: Flynn
|-sidestart|p1: Kaleax|move: Stealth Rock
|
|-damage|p2a: Garchomp|0 fnt|[from] brn
|faint|p2a: Garchomp
|upkeep
|
|t:|1758968349
|switch|p2a: Hatterene|Hatterene, F|100/100
|turn|12
|
|t:|1758968352
|move|p1a: Flynn|Defog|p2a: Hatterene
|move|p2a: Hatterene|Defog|p1a: Flynn|[from] ability: Magic Bounce
|-unboost|p1a: Flynn|evasion|1
|-sideend|p1: Kaleax|Stealth Rock|[from] move: Defog|[of] p2a: Hatterene
|move|p2a: Hatterene|Nuzzle|p1a: Flynn
|-supereffective|p1a: Flynn
|-damage|p1a: Flynn|91/100
|-status|p1a: Flynn|par
|-damage|p2a: Hatterene|84/100|[from] item: Rocky Helmet|[of] p1a: Flynn
|
|upkeep
|turn|13
|
|t:|1758968358
|switch|p1a: Gaston|Ursaluna, M, shiny|70/100 slp
|move|p2a: Hatterene|Mystical Fire|p1a: Gaston
|-damage|p1a: Gaston|46/100 slp
|-unboost|p1a: Gaston|spa|1
|
|-heal|p1a: Gaston|52/100 slp|[from] item: Leftovers
|upkeep
|turn|14
|
|t:|1758968379
|switch|p2a: Pecharunt|Pecharunt|100/100
|cant|p1a: Gaston|slp
|move|p1a: Gaston|Sleep Talk|p1a: Gaston
|move|p1a: Gaston|Rest||[from] move: Sleep Talk|[still]
|-fail|p1a: Gaston
|
|-heal|p1a: Gaston|58/100 slp|[from] item: Leftovers
|upkeep
|turn|15
|
|t:|1758968385
|move|p2a: Pecharunt|Parting Shot|p1a: Gaston
|-unboost|p1a: Gaston|atk|1
|-unboost|p1a: Gaston|spa|1
|
|t:|1758968392
|switch|p2a: Hatterene|Hatterene, F|84/100|[from] Parting Shot
|cant|p1a: Gaston|slp
|move|p1a: Gaston|Sleep Talk|p1a: Gaston
|move|p1a: Gaston|Body Slam|p2a: Hatterene|[from] move: Sleep Talk
|-damage|p2a: Hatterene|34/100
|
|-heal|p1a: Gaston|64/100 slp|[from] item: Leftovers
|upkeep
|turn|16
|
|t:|1758968405
|switch|p2a: Pecharunt|Pecharunt|100/100
|-curestatus|p1a: Gaston|slp|[msg]
|move|p1a: Gaston|Earthquake|p2a: Pecharunt
|-supereffective|p2a: Pecharunt
|-enditem|p2a: Pecharunt|Shuca Berry|[eat]
|-enditem|p2a: Pecharunt|Shuca Berry|[weaken]
|-damage|p2a: Pecharunt|76/100
|
|-heal|p1a: Gaston|71/100|[from] item: Leftovers
|upkeep
|turn|17
|
|t:|1758968412
|move|p2a: Pecharunt|Malignant Chain|p1a: Gaston
|-resisted|p1a: Gaston
|-damage|p1a: Gaston|56/100
|move|p1a: Gaston|Earthquake|p2a: Pecharunt
|-supereffective|p2a: Pecharunt
|-damage|p2a: Pecharunt|24/100
|
|-heal|p1a: Gaston|62/100|[from] item: Leftovers
|upkeep
|turn|18
|
|t:|1758968418
|move|p2a: Pecharunt|Parting Shot|p1a: Gaston
|-unboost|p1a: Gaston|atk|1
|-unboost|p1a: Gaston|spa|1
|
|t:|1758968421
|switch|p2a: Enamorus|Enamorus, F|100/100|[from] Parting Shot
|move|p1a: Gaston|Earthquake|p2a: Enamorus
|-immune|p2a: Enamorus
|
|-heal|p1a: Gaston|68/100|[from] item: Leftovers
|upkeep
|turn|19
|
|t:|1758968432
|switch|p1a: Asahi|Chansey, F|100/100
|move|p2a: Enamorus|Moonblast|p1a: Asahi
|-damage|p1a: Asahi|87/100
|
|upkeep
|turn|20
|
|t:|1758968437
|switch|p2a: Pecharunt|Pecharunt|24/100
|move|p1a: Asahi|Seismic Toss|p2a: Pecharunt
|-immune|p2a: Pecharunt
|
|upkeep
|turn|21
|
|t:|1758968440
|move|p2a: Pecharunt|Recover|p2a: Pecharunt
|-heal|p2a: Pecharunt|74/100
|move|p1a: Asahi|Thunder Wave|p2a: Pecharunt
|-status|p2a: Pecharunt|par
|
|upkeep
|turn|22
|
|t:|1758968444
|switch|p1a: Gaston|Ursaluna, M, shiny|68/100
|move|p2a: Pecharunt|Parting Shot|p1a: Gaston
|-unboost|p1a: Gaston|atk|1
|-unboost|p1a: Gaston|spa|1
|
|t:|1758968450
|switch|p2a: Hoopa|Hoopa-Unbound|100/100|[from] Parting Shot
|
|-heal|p1a: Gaston|74/100|[from] item: Leftovers
|upkeep
|turn|23
|
|t:|1758968464
|switch|p1a: Flynn|Corviknight, M, shiny|91/100 par
|-ability|p1a: Flynn|Pressure
|move|p2a: Hoopa|Hyperspace Fury|p1a: Flynn
|-damage|p1a: Flynn|32/100 par
|-unboost|p2a: Hoopa|def|1
|
|upkeep
|turn|24
|
|t:|1758968467
|move|p2a: Hoopa|Hyperspace Fury|p1a: Flynn
|-damage|p1a: Flynn|0 fnt
|-unboost|p2a: Hoopa|def|1
|faint|p1a: Flynn
|
|upkeep
|
|t:|1758968469
|switch|p1a: Nanashi|Cinderace, M|39/100
|turn|25
|
|t:|1758968479
|switch|p2a: Pecharunt|Pecharunt|74/100 par
|move|p1a: Nanashi|U-turn|p2a: Pecharunt
|-start|p1a: Nanashi|typechange|Bug|[from] ability: Libero
|-resisted|p2a: Pecharunt
|-damage|p2a: Pecharunt|69/100 par
|
|t:|1758968523
|switch|p1a: Toki|Dragapult, M, shiny|95/100 brn|[from] U-turn
|
|-heal|p1a: Toki|100/100 brn|[from] item: Leftovers
|-damage|p1a: Toki|95/100 brn|[from] brn
|upkeep
|turn|26
|
|t:|1758968539
|move|p1a: Toki|Substitute|p1a: Toki
|-start|p1a: Toki|Substitute
|-damage|p1a: Toki|70/100 brn
|move|p2a: Pecharunt|Hex|p1a: Toki
|-supereffective|p1a: Toki
|-end|p1a: Toki|Substitute
|
|-heal|p1a: Toki|76/100 brn|[from] item: Leftovers
|-damage|p1a: Toki|70/100 brn|[from] brn
|upkeep
|turn|27
|
|t:|1758968547
|move|p1a: Toki|Hex|p2a: Pecharunt
|-supereffective|p2a: Pecharunt
|-crit|p2a: Pecharunt
|-damage|p2a: Pecharunt|0 fnt
|faint|p2a: Pecharunt
|
|-heal|p1a: Toki|76/100 brn|[from] item: Leftovers
|-damage|p1a: Toki|70/100 brn|[from] brn
|upkeep
|
|t:|1758968550
|switch|p2a: Enamorus|Enamorus, F|100/100
|turn|28
|
|t:|1758968582
|switch|p1a: Asahi|Chansey, F|87/100
|move|p2a: Enamorus|Moonblast|p1a: Asahi
|-damage|p1a: Asahi|72/100
|
|upkeep
|turn|29
|
|t:|1758968590
|switch|p2a: Hatterene|Hatterene, F|34/100
|move|p1a: Asahi|Seismic Toss|p2a: Hatterene
|-damage|p2a: Hatterene|3/100
|
|upkeep
|turn|30
|
|t:|1758968597
|switch|p2a: Hoopa|Hoopa-Unbound|100/100
|move|p1a: Asahi|Seismic Toss|p2a: Hoopa
|-damage|p2a: Hoopa|67/100
|
|upkeep
|turn|31
|
|t:|1758968604
|switch|p1a: Nanashi|Cinderace, M|39/100
|move|p2a: Hoopa|Hyperspace Fury|p1a: Nanashi
|-damage|p1a: Nanashi|0 fnt
|-unboost|p2a: Hoopa|def|1
|faint|p1a: Nanashi
|
|upkeep
|
|t:|1758968607
|switch|p1a: Toki|Dragapult, M, shiny|70/100 brn
|turn|32
|
|t:|1758968611
|switch|p2a: Hatterene|Hatterene, F|3/100
|move|p1a: Toki|Substitute|p1a: Toki
|-start|p1a: Toki|Substitute
|-damage|p1a: Toki|45/100 brn
|
|-heal|p1a: Toki|51/100 brn|[from] item: Leftovers
|-damage|p1a: Toki|45/100 brn|[from] brn
|upkeep
|turn|33
|
|t:|1758968616
|move|p1a: Toki|Hex|p2a: Hatterene
|-supereffective|p2a: Hatterene
|-damage|p2a: Hatterene|0 fnt
|faint|p2a: Hatterene
|
|-heal|p1a: Toki|51/100 brn|[from] item: Leftovers
|-damage|p1a: Toki|45/100 brn|[from] brn
|upkeep
|
|t:|1758968627
|switch|p2a: Enamorus|Enamorus, F|100/100
|turn|34
|
|t:|1758968641
|move|p2a: Enamorus|Moonblast|p1a: Toki
|-supereffective|p1a: Toki
|-end|p1a: Toki|Substitute
|move|p1a: Toki|Will-O-Wisp|p2a: Enamorus|[miss]
|-miss|p1a: Toki|p2a: Enamorus
|
|-heal|p1a: Toki|51/100 brn|[from] item: Leftovers
|-damage|p1a: Toki|45/100 brn|[from] brn
|upkeep
|turn|35
|
|t:|1758968646
|switch|p1a: Asahi|Chansey, F|72/100
|move|p2a: Enamorus|Moonblast|p1a: Asahi
|-damage|p1a: Asahi|58/100
|
|upkeep
|turn|36
|
|t:|1758968661
|switch|p2a: Hoopa|Hoopa-Unbound|67/100
|move|p1a: Asahi|Thunder Wave|p2a: Hoopa|[miss]
|-miss|p1a: Asahi|p2a: Hoopa
|
|upkeep
|turn|37
|
|t:|1758968670
|-terastallize|p1a: Asahi|Dark
|move|p2a: Hoopa|Hyperspace Fury|p1a: Asahi
|-resisted|p1a: Asahi
|-damage|p1a: Asahi|25/100
|-unboost|p2a: Hoopa|def|1
|move|p1a: Asahi|Thunder Wave|p2a: Hoopa
|-status|p2a: Hoopa|par
|
|upkeep
|turn|38
|
|t:|1758968682
|move|p1a: Asahi|Soft-Boiled|p1a: Asahi
|-heal|p1a: Asahi|75/100
|move|p2a: Hoopa|Hyperspace Fury|p1a: Asahi
|-resisted|p1a: Asahi
|-damage|p1a: Asahi|38/100
|-unboost|p2a: Hoopa|def|1
|
|upkeep
|turn|39
|
|t:|1758968688
|move|p1a: Asahi|Soft-Boiled|p1a: Asahi
|-heal|p1a: Asahi|88/100
|cant|p2a: Hoopa|par
|
|upkeep
|turn|40
|
|t:|1758968714
|switch|p2a: Enamorus|Enamorus, F|100/100
|move|p1a: Asahi|Seismic Toss|p2a: Enamorus
|-damage|p2a: Enamorus|66/100
|
|upkeep
|turn|41
|
|t:|1758968719
|switch|p2a: Hoopa|Hoopa-Unbound|67/100 par
|move|p1a: Asahi|Thunder Wave|p2a: Hoopa
|-fail|p2a: Hoopa|par
|
|upkeep
|turn|42
|
|t:|1758968726
|switch|p1a: Toki|Dragapult, M, shiny|45/100 brn
|move|p2a: Hoopa|Knock Off|p1a: Toki
|-supereffective|p1a: Toki
|-damage|p1a: Toki|0 fnt
|-enditem|p1a: Toki|Leftovers|[from] move: Knock Off|[of] p2a: Hoopa
|faint|p1a: Toki
|
|upkeep
|
|t:|1758968735
|switch|p1a: Asahi|Chansey, F, tera:Dark|88/100
|turn|43
|
|t:|1758968741
|move|p1a: Asahi|Seismic Toss|p2a: Hoopa
|-damage|p2a: Hoopa|34/100 par
|move|p2a: Hoopa|Knock Off|p1a: Asahi
|-resisted|p1a: Asahi
|-damage|p1a: Asahi|53/100
|-enditem|p1a: Asahi|Eviolite|[from] move: Knock Off|[of] p2a: Hoopa
|
|upkeep
|turn|44
|
|t:|1758968761
|switch|p2a: Enamorus|Enamorus, F|66/100
|move|p1a: Asahi|Seismic Toss|p2a: Enamorus
|-damage|p2a: Enamorus|31/100
|
|upkeep
|turn|45
|
|t:|1758968770
|move|p2a: Enamorus|Healing Wish|p2a: Enamorus
|faint|p2a: Enamorus
|move|p1a: Asahi|Thunder Wave|p2: Enamorus|[notarget]
|-fail|p1a: Asahi
|
|upkeep
|
|t:|1758968772
|switch|p2a: Hoopa|Hoopa-Unbound|34/100 par
|-heal|p2a: Hoopa|100/100|[from] move: Healing Wish
|turn|46
|c|☆Kaleax|ggs
|
|t:|1758968815
|move|p2a: Hoopa|Drain Punch|p1a: Asahi
|-supereffective|p1a: Asahi
|-damage|p1a: Asahi|0 fnt
|faint|p1a: Asahi
|
|upkeep
|
|t:|1758968817
|switch|p1a: Gaston|Ursaluna, M, shiny|74/100
|turn|47
|
|t:|1758968819
|move|p2a: Hoopa|Drain Punch|p1a: Gaston
|-supereffective|p1a: Gaston
|-damage|p1a: Gaston|0 fnt
|faint|p1a: Gaston
|
|win|Wowbigsmall
|raw|Kaleax's rating: 1580 &rarr; <strong>1558</strong><br />(-22 for losing)
|raw|Wowbigsmall's rating: 1541 &rarr; <strong>1563</strong><br />(+22 for winning)
|l|☆Kaleax
|player|p1|
|l|☆Wowbigsmall
|player|p2|
