|j|☆BananaOnToast
|j|☆Kwaga
|t:|1759074215
|gametype|singles
|player|p1|BananaOnToast|dawn-gen4pt|1453
|player|p2|Kwaga|yellow|1440
|gen|9
|tier|[Gen 9] OU
|rated|
|rule|HP Percentage Mod: HP is shown in percentages
|rule|Endless Battle Clause: Forcing endless battles is banned
|rule|Species Clause: Limit one of each Pokémon
|rule|OHKO Clause: OHKO moves are banned
|rule|Evasion Items Clause: Evasion items are banned
|rule|Evasion Moves Clause: Evasion moves are banned
|rule|Evasion Abilities Clause: Evasion abilities are banned
|rule|Sleep Moves Clause: Sleep-inducing moves are banned
|clearpoke
|poke|p1|Tornadus-Therian, M|
|poke|p1|Cinderace, F|
|poke|p1|Garganacl, M|
|poke|p1|Ogerpon-Wellspring, F|
|poke|p1|Great Tusk|
|poke|p1|Hatterene, F|
|poke|p2|Iron Valiant|
|poke|p2|Dragapult, M|
|poke|p2|Glimmora, M|
|poke|p2|Ogerpon-Wellspring, F|
|poke|p2|Landorus-Therian, M|
|poke|p2|Kingambit, M|
|teampreview
|inactive|Battle timer is ON: inactive players will automatically lose when time's up. (requested by Kwaga)
|inactive|BananaOnToast has 120 seconds left.
|inactive|BananaOnToast has 90 seconds left.
|inactive|BananaOnToast has 60 seconds left.
|
|t:|1759074316
|teamsize|p1|6
|teamsize|p2|6
|start
|switch|p1a: Garganacl|Garganacl, M|100/100
|switch|p2a: Dragapult|Dragapult, M, shiny|100/100
|turn|1
|
|t:|1759074326
|move|p2a: Dragapult|U-turn|p1a: Garganacl
|-damage|p1a: Garganacl|89/100
|
|t:|1759074328
|switch|p2a: Glimmora|Glimmora, M, shiny|100/100|[from] U-turn
|move|p1a: Garganacl|Salt Cure|p2a: Glimmora
|-damage|p2a: Glimmora|84/100
|-start|p2a: Glimmora|Salt Cure
|-activate|p2a: Glimmora|ability: Toxic Debris
|-sidestart|p1: BananaOnToast|move: Toxic Spikes
|
|-heal|p1a: Garganacl|96/100|[from] item: Leftovers
|-damage|p2a: Glimmora|71/100|[from] Salt Cure
|upkeep
|turn|2
|
|t:|1759074339
|move|p2a: Glimmora|Meteor Beam||[still]
|-prepare|p2a: Glimmora|Meteor Beam
|-boost|p2a: Glimmora|spa|1
|-enditem|p2a: Glimmora|Power Herb
|-anim|p2a: Glimmora|Meteor Beam|p1a: Garganacl
|-damage|p1a: Garganacl|31/100
|move|p1a: Garganacl|Earthquake|p2a: Glimmora
|-supereffective|p2a: Glimmora
|-damage|p2a: Glimmora|0 fnt
|-activate|p2a: Glimmora|ability: Toxic Debris
|-sidestart|p1: BananaOnToast|move: Toxic Spikes
|faint|p2a: Glimmora
|
|-heal|p1a: Garganacl|37/100|[from] item: Leftovers
|upkeep
|
|t:|1759074352
|switch|p2a: Landorus|Landorus-Therian, M, shiny|100/100
|-ability|p2a: Landorus|Intimidate|boost
|-unboost|p1a: Garganacl|atk|1
|turn|3
|
|t:|1759074362
|switch|p1a: Tornadus|Tornadus-Therian, M|100/100
|move|p2a: Landorus|U-turn|p1a: Tornadus
|-resisted|p1a: Tornadus
|-damage|p1a: Tornadus|89/100
|
|t:|1759074364
|switch|p2a: Dragapult|Dragapult, M, shiny|100/100|[from] U-turn
|
|upkeep
|turn|4
|
|t:|1759074374
|move|p2a: Dragapult|Draco Meteor|p1a: Tornadus
|-damage|p1a: Tornadus|40/100
|-unboost|p2a: Dragapult|spa|2
|move|p1a: Tornadus|Knock Off|p2a: Dragapult
|-supereffective|p2a: Dragapult
|-damage|p2a: Dragapult|46/100
|-enditem|p2a: Dragapult|Choice Specs|[from] move: Knock Off|[of] p1a: Tornadus
|
|upkeep
|turn|5
|
|t:|1759074384
|move|p2a: Dragapult|U-turn|p1a: Tornadus
|-resisted|p1a: Tornadus
|-damage|p1a: Tornadus|31/100
|
|t:|1759074386
|switch|p2a: Landorus|Landorus-Therian, M, shiny|100/100|[from] U-turn
|-ability|p2a: Landorus|Intimidate|boost
|-unboost|p1a: Tornadus|atk|1
|move|p1a: Tornadus|U-turn|p2a: Landorus
|-resisted|p2a: Landorus
|-damage|p2a: Landorus|96/100
|-damage|p1a: Tornadus|14/100|[from] item: Rocky Helmet|[of] p2a: Landorus
|
|t:|1759074398
|switch|p1a: Cinderace|Cinderace, F|100/100|[from] U-turn
|
|upkeep
|turn|6
|
|t:|1759074413
|move|p1a: Cinderace|Will-O-Wisp|p2a: Landorus
|-status|p2a: Landorus|brn
|move|p2a: Landorus|Earthquake|p1a: Cinderace
|-supereffective|p1a: Cinderace
|-damage|p1a: Cinderace|44/100
|
|-damage|p2a: Landorus|90/100 brn|[from] brn
|upkeep
|turn|7
|
|t:|1759074425
|move|p1a: Cinderace|Court Change|p1a: Cinderace
|-swapsideconditions
|-activate|p1a: Cinderace|move: Court Change
|move|p2a: Landorus|Stealth Rock|p1a: Cinderace
|-sidestart|p1: BananaOnToast|move: Stealth Rock
|
|-damage|p2a: Landorus|84/100 brn|[from] brn
|upkeep
|turn|8
|
|t:|1759074440
|switch|p1a: Great Tusk|Great Tusk|100/100
|-damage|p1a: Great Tusk|97/100|[from] Stealth Rock
|move|p2a: Landorus|U-turn|p1a: Great Tusk
|-resisted|p1a: Great Tusk
|-damage|p1a: Great Tusk|95/100
|
|t:|1759074443
|switch|p2a: Ogerpon|Ogerpon-Wellspring, F|100/100|[from] U-turn
|-status|p2a: Ogerpon|tox
|
|-heal|p1a: Great Tusk|100/100|[from] item: Leftovers
|-damage|p2a: Ogerpon|95/100 tox|[from] psn
|upkeep
|turn|9
|inactive|BananaOnToast has 120 seconds left.
|
|t:|1759074479
|-end|p1a: Great Tusk|Protosynthesis|[silent]
|switch|p1a: Hatterene|Hatterene, F|100/100
|-damage|p1a: Hatterene|88/100|[from] Stealth Rock
|move|p2a: Ogerpon|Horn Leech|p1a: Hatterene
|-damage|p1a: Hatterene|50/100
|-heal|p2a: Ogerpon|100/100 tox|[from] drain|[of] p1a: Hatterene
|
|-heal|p1a: Hatterene|56/100|[from] item: Leftovers
|-damage|p2a: Ogerpon|89/100 tox|[from] psn
|upkeep
|turn|10
|inactive|BananaOnToast has 120 seconds left.
|
|t:|1759074490
|move|p2a: Ogerpon|Horn Leech|p1a: Hatterene
|-damage|p1a: Hatterene|20/100
|-heal|p2a: Ogerpon|100/100 tox|[from] drain|[of] p1a: Hatterene
|move|p1a: Hatterene|Draining Kiss|p2a: Ogerpon
|-damage|p2a: Ogerpon|72/100 tox
|-heal|p1a: Hatterene|40/100|[from] drain|[of] p2a: Ogerpon
|
|-heal|p1a: Hatterene|46/100|[from] item: Leftovers
|-damage|p2a: Ogerpon|54/100 tox|[from] psn
|upkeep
|turn|11
|
|t:|1759074498
|move|p2a: Ogerpon|Horn Leech|p1a: Hatterene
|-damage|p1a: Hatterene|11/100
|-heal|p2a: Ogerpon|73/100 tox|[from] drain|[of] p1a: Hatterene
|move|p1a: Hatterene|Draining Kiss|p2a: Ogerpon
|-damage|p2a: Ogerpon|45/100 tox
|-heal|p1a: Hatterene|31/100|[from] drain|[of] p2a: Ogerpon
|
|-heal|p1a: Hatterene|37/100|[from] item: Leftovers
|-damage|p2a: Ogerpon|21/100 tox|[from] psn
|upkeep
|turn|12
|
|t:|1759074505
|move|p2a: Ogerpon|Ivy Cudgel|p1a: Hatterene|[anim] Ivy Cudgel Water
|-damage|p1a: Hatterene|0 fnt
|faint|p1a: Hatterene
|
|-damage|p2a: Ogerpon|0 fnt|[from] psn
|faint|p2a: Ogerpon
|upkeep
|inactive|BananaOnToast has 120 seconds left.
|
|t:|1759074533
|switch|p2a: Dragapult|Dragapult, M, shiny|46/100
|switch|p1a: Garganacl|Garganacl, M|37/100
|-status|p2a: Dragapult|tox
|-damage|p1a: Garganacl|25/100|[from] Stealth Rock
|turn|13
|
|t:|1759074545
|move|p2a: Dragapult|Draco Meteor|p1a: Garganacl
|-damage|p1a: Garganacl|0 fnt
|-unboost|p2a: Dragapult|spa|2
|faint|p1a: Garganacl
|
|-damage|p2a: Dragapult|40/100 tox|[from] psn
|upkeep
|
|t:|1759074551
|switch|p1a: Great Tusk|Great Tusk|100/100
|-damage|p1a: Great Tusk|97/100|[from] Stealth Rock
|turn|14
|inactive|BananaOnToast has 120 seconds left.
|
|t:|1759074562
|move|p2a: Dragapult|Draco Meteor|p1a: Great Tusk
|-crit|p1a: Great Tusk
|-damage|p1a: Great Tusk|0 fnt
|-unboost|p2a: Dragapult|spa|2
|faint|p1a: Great Tusk
|-end|p1a: Great Tusk|Protosynthesis|[silent]
|
|-damage|p2a: Dragapult|28/100 tox|[from] psn
|upkeep
|inactive|BananaOnToast has 120 seconds left.
|
|t:|1759074573
|switch|p1a: Tornadus|Tornadus-Therian, M|48/100
|-damage|p1a: Tornadus|23/100|[from] Stealth Rock
|turn|15
|inactive|BananaOnToast has 120 seconds left.
|
|t:|1759074579
|move|p2a: Dragapult|U-turn|p1a: Tornadus
|-resisted|p1a: Tornadus
|-damage|p1a: Tornadus|14/100
|
|t:|1759074581
|switch|p2a: Landorus|Landorus-Therian, M, shiny|84/100 brn|[from] U-turn
|-ability|p2a: Landorus|Intimidate|boost
|-unboost|p1a: Tornadus|atk|1
|move|p1a: Tornadus|U-turn|p2a: Landorus
|-resisted|p2a: Landorus
|-damage|p2a: Landorus|79/100 brn
|-damage|p1a: Tornadus|0 fnt|[from] item: Rocky Helmet|[of] p2a: Landorus
|faint|p1a: Tornadus
|
|-damage|p2a: Landorus|73/100 brn|[from] brn
|upkeep
|inactive|BananaOnToast has 120 seconds left.
|
|t:|1759074593
|switch|p1a: Ogerpon|Ogerpon-Wellspring, F|100/100
|-damage|p1a: Ogerpon|88/100|[from] Stealth Rock
|turn|16
|inactive|BananaOnToast has 120 seconds left.
|
|t:|1759074620
|-terastallize|p1a: Ogerpon|Water
|detailschange|p1a: Ogerpon|Ogerpon-Wellspring-Tera, F, tera:Water
|-ability|p1a: Ogerpon|Embody Aspect (Wellspring)|boost
|-boost|p1a: Ogerpon|spd|1
|move|p1a: Ogerpon|Swords Dance|p1a: Ogerpon
|-boost|p1a: Ogerpon|atk|2
|move|p2a: Landorus|U-turn|p1a: Ogerpon
|-damage|p1a: Ogerpon|73/100
|
|t:|1759074626
|switch|p2a: Iron Valiant|Iron Valiant, shiny|100/100|[from] U-turn
|-status|p2a: Iron Valiant|tox
|-enditem|p2a: Iron Valiant|Booster Energy
|-activate|p2a: Iron Valiant|ability: Quark Drive|[fromitem]
|-start|p2a: Iron Valiant|quarkdrivespe
|
|-damage|p2a: Iron Valiant|94/100 tox|[from] psn
|upkeep
|turn|17
|
|t:|1759074639
|move|p2a: Iron Valiant|Encore|p1a: Ogerpon
|-start|p1a: Ogerpon|Encore
|move|p1a: Ogerpon|Swords Dance|p1a: Ogerpon
|-boost|p1a: Ogerpon|atk|2
|
|-damage|p2a: Iron Valiant|82/100 tox|[from] psn
|upkeep
|turn|18
|
|t:|1759074648
|move|p2a: Iron Valiant|Swords Dance|p2a: Iron Valiant
|-boost|p2a: Iron Valiant|atk|2
|move|p1a: Ogerpon|Swords Dance|p1a: Ogerpon
|-boost|p1a: Ogerpon|atk|2
|
|-damage|p2a: Iron Valiant|63/100 tox|[from] psn
|upkeep
|turn|19
|inactive|BananaOnToast has 120 seconds left.
|
|t:|1759074655
|move|p2a: Iron Valiant|Spirit Break|p1a: Ogerpon
|-damage|p1a: Ogerpon|0 fnt
|faint|p1a: Ogerpon
|detailschange|p1: Ogerpon|Ogerpon-Wellspring, F|[silent]
|
|-damage|p2a: Iron Valiant|38/100 tox|[from] psn
|upkeep
|inactive|BananaOnToast has 120 seconds left.
|-message|BananaOnToast forfeited.
|
|win|Kwaga
|raw|BananaOnToast's rating: 1453 &rarr; <strong>1432</strong><br />(-21 for losing)
|raw|Kwaga's rating: 1440 &rarr; <strong>1461</strong><br />(+21 for winning)
|l|☆BananaOnToast
|player|p1|
