|j|☆pingotan
|j|☆IBBXEF
|t:|1758978885
|gametype|singles
|player|p1|pingotan|chuck|1112
|player|p2|IBBXEF|scientist-gen4|1064
|gen|9
|tier|[Gen 9] OU
|rated|
|rule|HP Percentage Mod: HP is shown in percentages
|rule|Endless Battle Clause: Forcing endless battles is banned
|rule|Species Clause: Limit one of each Pokémon
|rule|OHKO Clause: OHKO moves are banned
|rule|Evasion Items Clause: Evasion items are banned
|rule|Evasion Moves Clause: Evasion moves are banned
|rule|Evasion Abilities Clause: Evasion abilities are banned
|rule|Sleep Moves Clause: Sleep-inducing moves are banned
|clearpoke
|poke|p1|Torkoal, F|
|poke|p1|Brute Bonnet|
|poke|p1|Walking Wake|
|poke|p1|Hatterene, F|
|poke|p1|Thundurus-Therian, M|
|poke|p1|Ceruledge, F|
|poke|p2|Weezing-Galar, F|
|poke|p2|Grafaiai, F|
|poke|p2|Ditto|
|poke|p2|Dragapult, F|
|poke|p2|Conkeldurr, M|
|poke|p2|Cinderace, F|
|teampreview
|inactive|Battle timer is ON: inactive players will automatically lose when time's up. (requested by IBBXEF)
|
|t:|1758978892
|teamsize|p1|6
|teamsize|p2|6
|start
|switch|p1a: Great Bait|Torkoal, F, shiny|100/100
|switch|p2a: Dragapult|Dragapult, F|100/100
|-weather|SunnyDay|[from] ability: Drought|[of] p1a: Great Bait
|turn|1
|
|t:|1758978912
|move|p2a: Dragapult|Light Screen|p2a: Dragapult
|-sidestart|p2: IBBXEF|move: Light Screen
|move|p1a: Great Bait|Overheat|p2a: Dragapult
|-resisted|p2a: Dragapult
|-damage|p2a: Dragapult|77/100
|-unboost|p1a: Great Bait|spa|2
|
|-weather|SunnyDay|[upkeep]
|upkeep
|turn|2
|
|t:|1758978924
|switch|p1a: Knight|Ceruledge, F|100/100
|move|p2a: Dragapult|Reflect|p2a: Dragapult
|-sidestart|p2: IBBXEF|Reflect
|
|-weather|SunnyDay|[upkeep]
|upkeep
|turn|3
|
|t:|1758978932
|move|p2a: Dragapult|U-turn|p1a: Knight
|-resisted|p1a: Knight
|-damage|p1a: Knight|94/100
|-ability|p1a: Knight|Weak Armor|boost
|-unboost|p1a: Knight|def|1
|-boost|p1a: Knight|spe|2
|
|t:|1758978940
|switch|p2a: Grafaiai|Grafaiai, F|100/100|[from] U-turn
|move|p1a: Knight|Swords Dance|p1a: Knight
|-boost|p1a: Knight|atk|2
|
|-weather|SunnyDay|[upkeep]
|upkeep
|turn|4
|inactive|pingotan has 120 seconds left.
|
|t:|1758978977
|switch|p1a: Great Bait|Torkoal, F, shiny|100/100
|move|p2a: Grafaiai|Encore||[still]
|-fail|p2a: Grafaiai
|
|-weather|SunnyDay|[upkeep]
|upkeep
|turn|5
|
|t:|1758978983
|move|p1a: Great Bait|Earthquake|p2a: Grafaiai
|-supereffective|p2a: Grafaiai
|-damage|p2a: Grafaiai|74/100
|move|p2a: Grafaiai|Dig||[still]
|-prepare|p2a: Grafaiai|Dig
|
|-weather|SunnyDay|[upkeep]
|upkeep
|turn|6
|
|t:|1758978996
|move|p1a: Great Bait|Earthquake|p2a: Grafaiai
|-supereffective|p2a: Grafaiai
|-damage|p2a: Grafaiai|25/100
|move|p2a: Grafaiai|Dig|p1a: Great Bait|[from] lockedmove
|-supereffective|p1a: Great Bait
|-damage|p1a: Great Bait|58/100
|
|-weather|SunnyDay|[upkeep]
|upkeep
|turn|7
|
|t:|1758979005
|-terastallize|p2a: Grafaiai|Flying
|move|p1a: Great Bait|Earthquake|p2a: Grafaiai
|-immune|p2a: Grafaiai
|move|p2a: Grafaiai|Dig||[still]
|-prepare|p2a: Grafaiai|Dig
|
|-weather|SunnyDay|[upkeep]
|upkeep
|turn|8
|
|t:|1758979012
|move|p1a: Great Bait|Overheat|p2a: Grafaiai|[miss]
|-miss|p1a: Great Bait|p2a: Grafaiai
|move|p2a: Grafaiai|Dig|p1a: Great Bait|[from] lockedmove
|-supereffective|p1a: Great Bait
|-damage|p1a: Great Bait|13/100
|
|-weather|none
|-sideend|p2: IBBXEF|move: Light Screen
|upkeep
|turn|9
|
|t:|1758979019
|move|p2a: Grafaiai|Copycat|p2a: Grafaiai
|move|p2a: Grafaiai|Dig||[from] move: Copycat|[still]
|-prepare|p2a: Grafaiai|Dig
|move|p1a: Great Bait|Overheat|p2a: Grafaiai|[miss]
|-miss|p1a: Great Bait|p2a: Grafaiai
|
|-sideend|p2: IBBXEF|Reflect
|upkeep
|turn|10
|
|t:|1758979032
|switch|p1a: Storm|Thundurus-Therian, M|100/100
|move|p2a: Grafaiai|Dig|p1a: Storm|[from] lockedmove
|-immune|p1a: Storm
|
|upkeep
|turn|11
|
|t:|1758979042
|switch|p2a: Dragapult|Dragapult, F|77/100
|move|p1a: Storm|Grass Knot|p2a: Dragapult
|-resisted|p2a: Dragapult
|-damage|p2a: Dragapult|53/100
|
|upkeep
|turn|12
|
|t:|1758979051
|switch|p1a: Great Bait|Torkoal, F, shiny|13/100
|-weather|SunnyDay|[from] ability: Drought|[of] p1a: Great Bait
|move|p2a: Dragapult|Light Screen|p2a: Dragapult
|-sidestart|p2: IBBXEF|move: Light Screen
|
|-weather|SunnyDay|[upkeep]
|upkeep
|turn|13
|
|t:|1758979059
|switch|p1a: Witch|Hatterene, F, shiny|100/100
|move|p2a: Dragapult|Reflect|p2a: Dragapult
|-sidestart|p2: IBBXEF|Reflect
|
|-weather|SunnyDay|[upkeep]
|upkeep
|turn|14
|
|t:|1758979067
|move|p2a: Dragapult|U-turn|p1a: Witch
|-damage|p1a: Witch|82/100
|-enditem|p1a: Witch|Eject Button
|
|t:|1758979072
|switch|p1a: BRUTE FORCE|Brute Bonnet|100/100
|-activate|p1a: BRUTE FORCE|ability: Protosynthesis
|-start|p1a: BRUTE FORCE|protosynthesisatk
|
|-weather|SunnyDay|[upkeep]
|upkeep
|turn|15
|
|t:|1758979091
|move|p2a: Dragapult|Will-O-Wisp|p1a: BRUTE FORCE
|-status|p1a: BRUTE FORCE|brn
|move|p1a: BRUTE FORCE|Growth|p1a: BRUTE FORCE
|-boost|p1a: BRUTE FORCE|atk|2
|-boost|p1a: BRUTE FORCE|spa|2
|
|-weather|SunnyDay|[upkeep]
|-damage|p1a: BRUTE FORCE|94/100 brn|[from] brn
|upkeep
|turn|16
|inactive|pingotan has 120 seconds left.
|
|t:|1758979124
|-terastallize|p1a: BRUTE FORCE|Fire
|move|p2a: Dragapult|U-turn|p1a: BRUTE FORCE
|-resisted|p1a: BRUTE FORCE
|-damage|p1a: BRUTE FORCE|86/100 brn
|
|t:|1758979131
|switch|p2a: Weezing|Weezing-Galar, F|100/100|[from] U-turn
|-ability|p2a: Weezing|Neutralizing Gas
|move|p1a: BRUTE FORCE|Bullet Seed|p2a: Weezing
|-resisted|p2a: Weezing
|-damage|p2a: Weezing|98/100
|-resisted|p2a: Weezing
|-damage|p2a: Weezing|96/100
|-resisted|p2a: Weezing
|-damage|p2a: Weezing|94/100
|-resisted|p2a: Weezing
|-damage|p2a: Weezing|92/100
|-hitcount|p2a: Weezing|4
|
|-weather|SunnyDay|[upkeep]
|-heal|p2a: Weezing|98/100|[from] item: Leftovers
|-damage|p1a: BRUTE FORCE|80/100 brn|[from] brn
|upkeep
|turn|17
|inactive|pingotan has 120 seconds left.
|
|t:|1758979161
|move|p1a: BRUTE FORCE|Growth|p1a: BRUTE FORCE
|-boost|p1a: BRUTE FORCE|atk|2
|-boost|p1a: BRUTE FORCE|spa|2
|move|p2a: Weezing|Sludge Bomb|p1a: BRUTE FORCE
|-crit|p1a: BRUTE FORCE
|-damage|p1a: BRUTE FORCE|45/100 brn
|
|-weather|SunnyDay|[upkeep]
|-heal|p2a: Weezing|100/100|[from] item: Leftovers
|-damage|p1a: BRUTE FORCE|39/100 brn|[from] brn
|upkeep
|turn|18
|inactive|IBBXEF has 120 seconds left.
|
|t:|1758979197
|move|p1a: BRUTE FORCE|Tera Blast|p2a: Weezing|[anim] Tera Blast Fire
|-damage|p2a: Weezing|65/100
|move|p2a: Weezing|Sludge Bomb|p1a: BRUTE FORCE
|-damage|p1a: BRUTE FORCE|17/100 brn
|
|-weather|SunnyDay|[upkeep]
|-heal|p2a: Weezing|71/100|[from] item: Leftovers
|-damage|p1a: BRUTE FORCE|11/100 brn|[from] brn
|upkeep
|turn|19
|inactive|IBBXEF has 120 seconds left.
|
|t:|1758979219
|-end|p1a: BRUTE FORCE|Protosynthesis|[silent]
|switch|p1a: Shark|Walking Wake|100/100
|move|p2a: Weezing|Sludge Bomb|p1a: Shark
|-damage|p1a: Shark|80/100
|
|-weather|none
|-heal|p2a: Weezing|77/100|[from] item: Leftovers
|-sideend|p2: IBBXEF|move: Light Screen
|upkeep
|turn|20
|inactive|IBBXEF has 120 seconds left.
|
|t:|1758979234
|-end|p2a: Weezing|ability: Neutralizing Gas
|switch|p2a: Dragapult|Dragapult, F|53/100
|move|p1a: Shark|Flip Turn|p2a: Dragapult
|-resisted|p2a: Dragapult
|-crit|p2a: Dragapult
|-damage|p2a: Dragapult|40/100
|
|t:|1758979242
|-end|p1a: Shark|Protosynthesis|[silent]
|switch|p1a: Great Bait|Torkoal, F, shiny|13/100|[from] Flip Turn
|-weather|SunnyDay|[from] ability: Drought|[of] p1a: Great Bait
|
|-weather|SunnyDay|[upkeep]
|-sideend|p2: IBBXEF|Reflect
|upkeep
|turn|21
|inactive|pingotan has 90 seconds left.
|
|t:|1758979267
|move|p2a: Dragapult|Light Screen|p2a: Dragapult
|-sidestart|p2: IBBXEF|move: Light Screen
|move|p1a: Great Bait|Earthquake|p2a: Dragapult
|-damage|p2a: Dragapult|18/100
|
|-weather|SunnyDay|[upkeep]
|upkeep
|turn|22
|
|t:|1758979276
|move|p2a: Dragapult|Reflect|p2a: Dragapult
|-sidestart|p2: IBBXEF|Reflect
|move|p1a: Great Bait|Earthquake|p2a: Dragapult
|-damage|p2a: Dragapult|5/100
|
|-weather|SunnyDay|[upkeep]
|upkeep
|turn|23
|
|t:|1758979284
|switch|p1a: Knight|Ceruledge, F|94/100
|move|p2a: Dragapult|U-turn|p1a: Knight
|-resisted|p1a: Knight
|-damage|p1a: Knight|88/100
|-ability|p1a: Knight|Weak Armor|boost
|-unboost|p1a: Knight|def|1
|-boost|p1a: Knight|spe|2
|
|t:|1758979290
|switch|p2a: Ditto|Ditto|100/100|[from] U-turn
|-transform|p2a: Ditto|p1a: Knight|[from] ability: Imposter
|
|-weather|SunnyDay|[upkeep]
|upkeep
|turn|24
|
|t:|1758979298
|move|p2a: Ditto|Shadow Sneak|p1a: Knight
|-supereffective|p1a: Knight
|-damage|p1a: Knight|0 fnt
|faint|p1a: Knight
|
|-weather|SunnyDay|[upkeep]
|upkeep
|
|t:|1758979312
|switch|p1a: Storm|Thundurus-Therian, M|100/100
|turn|25
|
|t:|1758979325
|switch|p2a: Dragapult|Dragapult, F|5/100
|move|p1a: Storm|Weather Ball|p2a: Dragapult
|-resisted|p2a: Dragapult
|-damage|p2a: Dragapult|0 fnt
|faint|p2a: Dragapult
|
|-weather|SunnyDay|[upkeep]
|upkeep
|
|t:|1758979337
|switch|p2a: Ditto|Ditto|100/100
|-transform|p2a: Ditto|p1a: Storm|[from] ability: Imposter
|turn|26
|
|t:|1758979343
|move|p2a: Ditto|Thunderbolt|p1a: Storm
|-immune|p1a: Storm|[from] ability: Volt Absorb
|move|p1a: Storm|Weather Ball|p2a: Ditto
|-damage|p2a: Ditto|38/100
|
|-weather|SunnyDay|[upkeep]
|upkeep
|turn|27
|inactive|pingotan has 120 seconds left.
|
|t:|1758979351
|switch|p2a: Weezing|Weezing-Galar, F|77/100
|-ability|p2a: Weezing|Neutralizing Gas
|move|p1a: Storm|Weather Ball|p2a: Weezing
|-damage|p2a: Weezing|15/100
|
|-weather|none
|-heal|p2a: Weezing|21/100|[from] item: Leftovers
|upkeep
|turn|28
|inactive|pingotan has 120 seconds left.
|
|t:|1758979363
|switch|p1a: Great Bait|Torkoal, F, shiny|13/100
|move|p2a: Weezing|Pain Split|p1a: Great Bait
|-sethp|p1a: Great Bait|18/100|[from] move: Pain Split|[silent]
|-sethp|p2a: Weezing|16/100|[from] move: Pain Split
|
|-heal|p2a: Weezing|22/100|[from] item: Leftovers
|-sideend|p2: IBBXEF|move: Light Screen
|upkeep
|turn|29
|inactive|pingotan has 120 seconds left.
|
|t:|1758979375
|move|p2a: Weezing|Sludge Bomb|p1a: Great Bait
|-damage|p1a: Great Bait|0 fnt
|faint|p1a: Great Bait
|
|-heal|p2a: Weezing|28/100|[from] item: Leftovers
|-sideend|p2: IBBXEF|Reflect
|upkeep
|inactive|pingotan has 120 seconds left.
|
|t:|1758979386
|switch|p1a: Witch|Hatterene, F, shiny|82/100
|turn|30
|
|t:|1758979390
|move|p2a: Weezing|Pain Split|p1a: Witch
|-sethp|p1a: Witch|56/100|[from] move: Pain Split|[silent]
|-sethp|p2a: Weezing|52/100|[from] move: Pain Split
|move|p1a: Witch|Psychic Noise|p2a: Weezing
|-supereffective|p2a: Weezing
|-damage|p2a: Weezing|0 fnt
|faint|p2a: Weezing
|-end|p2a: Weezing|ability: Neutralizing Gas
|
|upkeep
|
|t:|1758979401
|switch|p2a: Conkeldurr|Conkeldurr, M|100/100
|turn|31
|
|t:|1758979415
|move|p2a: Conkeldurr|Dynamic Punch|p1a: Witch|[miss]
|-miss|p2a: Conkeldurr|p1a: Witch
|-enditem|p2a: Conkeldurr|Blunder Policy
|-boost|p2a: Conkeldurr|spe|2
|move|p1a: Witch|Psychic Noise|p2a: Conkeldurr
|-supereffective|p2a: Conkeldurr
|-damage|p2a: Conkeldurr|1/100
|-start|p2a: Conkeldurr|move: Heal Block
|
|upkeep
|turn|32
|inactive|pingotan has 120 seconds left.
|
|t:|1758979440
|move|p2a: Conkeldurr|Stomping Tantrum|p1a: Witch
|-damage|p1a: Witch|8/100
|move|p1a: Witch|Psychic Noise|p2a: Conkeldurr
|-supereffective|p2a: Conkeldurr
|-damage|p2a: Conkeldurr|0 fnt
|faint|p2a: Conkeldurr
|
|upkeep
|
|t:|1758979448
|switch|p2a: Ditto|Ditto|38/100
|-transform|p2a: Ditto|p1a: Witch|[from] ability: Imposter
|turn|33
|
|t:|1758979452
|move|p2a: Ditto|Nuzzle|p1a: Witch
|-damage|p1a: Witch|5/100
|-status|p1a: Witch|par
|move|p1a: Witch|Healing Wish|p1a: Witch
|faint|p1a: Witch
|
|upkeep
|
|t:|1758979459
|switch|p1a: BRUTE FORCE|Brute Bonnet, tera:Fire|11/100 brn
|-heal|p1a: BRUTE FORCE|100/100|[from] move: Healing Wish
|turn|34
|
|t:|1758979474
|move|p1a: BRUTE FORCE|Sucker Punch|p2a: Ditto
|-damage|p2a: Ditto|0 fnt
|faint|p2a: Ditto
|
|upkeep
|
|t:|1758979479
|switch|p2a: Grafaiai|Grafaiai, F, tera:Flying|25/100
|turn|35
|
|t:|1758979490
|move|p2a: Grafaiai|Encore|p1a: BRUTE FORCE
|-start|p1a: BRUTE FORCE|Encore
|move|p1a: BRUTE FORCE|Sucker Punch||[still]
|-fail|p1a: BRUTE FORCE
|
|upkeep
|turn|36
|
|t:|1758979507
|move|p1a: BRUTE FORCE|Sucker Punch||[still]
|-fail|p1a: BRUTE FORCE
|move|p2a: Grafaiai|Switcheroo|p1a: BRUTE FORCE
|-activate|p2a: Grafaiai|move: Trick|[of] p1a: BRUTE FORCE
|-item|p1a: BRUTE FORCE|Lagging Tail|[from] move: Switcheroo
|-item|p2a: Grafaiai|Loaded Dice|[from] move: Switcheroo
|
|upkeep
|turn|37
|
|t:|1758979522
|move|p2a: Grafaiai|Copycat||[still]
|-fail|p2a: Grafaiai
|move|p1a: BRUTE FORCE|Sucker Punch||[still]
|-fail|p1a: BRUTE FORCE
|
|-end|p1a: BRUTE FORCE|Encore
|upkeep
|turn|38
|
|t:|1758979530
|move|p2a: Grafaiai|Encore|p1a: BRUTE FORCE
|-start|p1a: BRUTE FORCE|Encore
|move|p1a: BRUTE FORCE|Sucker Punch||[still]
|-fail|p1a: BRUTE FORCE
|
|upkeep
|turn|39
|
|t:|1758979533
|switch|p2a: Cinderace|Cinderace, F|100/100
|move|p1a: BRUTE FORCE|Sucker Punch||[still]
|-fail|p1a: BRUTE FORCE
|
|upkeep
|turn|40
|
|t:|1758979540
|-end|p1a: BRUTE FORCE|Protosynthesis|[silent]
|switch|p1a: Shark|Walking Wake|80/100
|move|p2a: Cinderace|Will-O-Wisp|p1a: Shark
|-status|p1a: Shark|brn
|
|-damage|p1a: Shark|74/100 brn|[from] brn
|upkeep
|turn|41
|
|t:|1758979563
|move|p2a: Cinderace|Pyro Ball|p1a: Shark
|-resisted|p1a: Shark
|-damage|p1a: Shark|62/100 brn
|move|p1a: Shark|Draco Meteor|p2a: Cinderace|[miss]
|-miss|p1a: Shark|p2a: Cinderace
|
|-damage|p1a: Shark|56/100 brn|[from] brn
|upkeep
|turn|42
|
|t:|1758979571
|move|p2a: Cinderace|Pyro Ball|p1a: Shark
|-resisted|p1a: Shark
|-damage|p1a: Shark|42/100 brn
|move|p1a: Shark|Draco Meteor|p2a: Cinderace
|-damage|p2a: Cinderace|19/100
|-unboost|p1a: Shark|spa|2
|
|-damage|p1a: Shark|36/100 brn|[from] brn
|upkeep
|turn|43
|
|t:|1758979586
|move|p2a: Cinderace|Pyro Ball|p1a: Shark
|-resisted|p1a: Shark
|-damage|p1a: Shark|22/100 brn
|move|p1a: Shark|Hydro Steam|p2a: Cinderace
|-supereffective|p2a: Cinderace
|-damage|p2a: Cinderace|0 fnt
|faint|p2a: Cinderace
|
|-damage|p1a: Shark|16/100 brn|[from] brn
|upkeep
|
|t:|1758979590
|switch|p2a: Grafaiai|Grafaiai, F, tera:Flying|25/100
|turn|44
|
|t:|1758979607
|move|p2a: Grafaiai|Copycat|p2a: Grafaiai
|move|p2a: Grafaiai|Hydro Steam|p1a: Shark|[from] move: Copycat
|-resisted|p1a: Shark
|-damage|p1a: Shark|13/100 brn
|move|p1a: Shark|Flip Turn|p2a: Grafaiai
|-damage|p2a: Grafaiai|15/100
|
|t:|1758979614
|-end|p1a: Shark|Protosynthesis|[silent]
|switch|p1a: Storm|Thundurus-Therian, M|100/100|[from] Flip Turn
|
|upkeep
|turn|45
|
|t:|1758979624
|move|p2a: Grafaiai|Encore||[still]
|-fail|p2a: Grafaiai
|move|p1a: Storm|Thunderbolt|p2a: Grafaiai
|-supereffective|p2a: Grafaiai
|-damage|p2a: Grafaiai|0 fnt
|faint|p2a: Grafaiai
|
|win|pingotan
|raw|pingotan's rating: 1112 &rarr; <strong>1134</strong><br />(+22 for winning)
|raw|IBBXEF's rating: 1064 &rarr; <strong>1047</strong><br />(-17 for losing)
|l|☆IBBXEF
|player|p2|
|l|☆pingotan
|player|p1|
