|j|☆senpako
|j|☆darkarrow
|t:|1758994461
|gametype|singles
|player|p1|senpako|koga|1313
|player|p2|darkarrow|1|1352
|gen|9
|tier|[Gen 9] OU
|rated|
|rule|HP Percentage Mod: HP is shown in percentages
|rule|Endless Battle Clause: Forcing endless battles is banned
|rule|Species Clause: Limit one of each Pokémon
|rule|OHKO Clause: OHKO moves are banned
|rule|Evasion Items Clause: Evasion items are banned
|rule|Evasion Moves Clause: Evasion moves are banned
|rule|Evasion Abilities Clause: Evasion abilities are banned
|rule|Sleep Moves Clause: Sleep-inducing moves are banned
|clearpoke
|poke|p1|Great Tusk|
|poke|p1|Greninja-*, M|
|poke|p1|Moltres-Galar|
|poke|p1|Blaziken, M|
|poke|p1|Raging Bolt|
|poke|p1|Tsareena, F|
|poke|p2|Pecharunt|
|poke|p2|Great Tusk|
|poke|p2|Ogerpon-Wellspring, F|
|poke|p2|Iron Crown|
|poke|p2|Landorus-Therian, M|
|poke|p2|Samurott-Hisui, M|
|teampreview
|inactive|Battle timer is ON: inactive players will automatically lose when time's up. (requested by senpako)
|
|t:|1758994468
|teamsize|p1|6
|teamsize|p2|6
|start
|switch|p1a: Chickenfast|Blaziken, M|100/100
|switch|p2a: Pecharunt|Pecharunt|100/100
|turn|1
|
|t:|1758994472
|move|p1a: Chickenfast|Earthquake|p2a: Pecharunt
|-supereffective|p2a: Pecharunt
|-damage|p2a: Pecharunt|67/100
|move|p2a: Pecharunt|Parting Shot|p1a: Chickenfast
|-unboost|p1a: Chickenfast|atk|1
|-unboost|p1a: Chickenfast|spa|1
|
|t:|1758994475
|switch|p2a: Landorus|Landorus-Therian, M|100/100|[from] Parting Shot
|-ability|p2a: Landorus|Intimidate|boost
|-unboost|p1a: Chickenfast|atk|1
|
|-ability|p1a: Chickenfast|Speed Boost|boost
|-boost|p1a: Chickenfast|spe|1
|upkeep
|turn|2
|
|t:|1758994479
|switch|p1a: Moltres|Moltres-Galar|100/100
|move|p2a: Landorus|U-turn|p1a: Moltres
|-damage|p1a: Moltres|69/100
|
|t:|1758994486
|switch|p2a: Samurott|Samurott-Hisui, M|100/100|[from] U-turn
|
|upkeep
|turn|3
|
|t:|1758994491
|move|p1a: Moltres|Fiery Wrath|p2a: Samurott
|-resisted|p2a: Samurott
|-damage|p2a: Samurott|83/100
|move|p2a: Samurott|Ceaseless Edge|p1a: Moltres
|-resisted|p1a: Moltres
|-damage|p1a: Moltres|39/100
|-sidestart|p1: senpako|Spikes
|-ability|p1a: Moltres|Berserk|boost
|-boost|p1a: Moltres|spa|1
|
|upkeep
|turn|4
|
|t:|1758994496
|move|p1a: Moltres|Air Slash|p2a: Samurott
|-damage|p2a: Samurott|39/100
|cant|p2a: Samurott|flinch
|
|upkeep
|turn|5
|
|t:|1758994502
|move|p2a: Samurott|Aqua Jet|p1a: Moltres
|-damage|p1a: Moltres|17/100
|move|p1a: Moltres|Air Slash|p2a: Samurott
|-damage|p2a: Samurott|0 fnt
|faint|p2a: Samurott
|
|upkeep
|
|t:|1758994506
|switch|p2a: Landorus|Landorus-Therian, M|100/100
|-ability|p2a: Landorus|Intimidate|boost
|-unboost|p1a: Moltres|atk|1
|turn|6
|
|t:|1758994510
|move|p2a: Landorus|U-turn|p1a: Moltres
|-damage|p1a: Moltres|0 fnt
|faint|p1a: Moltres
|
|t:|1758994515
|switch|p2a: Pecharunt|Pecharunt|67/100|[from] U-turn
|
|upkeep
|
|t:|1758994518
|switch|p1a: Great Tusk|Great Tusk|100/100
|-damage|p1a: Great Tusk|88/100|[from] Spikes
|-enditem|p1a: Great Tusk|Booster Energy
|-activate|p1a: Great Tusk|ability: Protosynthesis|[fromitem]
|-start|p1a: Great Tusk|protosynthesisatk
|turn|7
|
|t:|1758994521
|switch|p2a: Landorus|Landorus-Therian, M|100/100
|-ability|p2a: Landorus|Intimidate|boost
|-unboost|p1a: Great Tusk|atk|1
|move|p1a: Great Tusk|Stealth Rock|p2a: Landorus
|-sidestart|p2: darkarrow|move: Stealth Rock
|
|upkeep
|turn|8
|
|t:|1758994525
|move|p2a: Landorus|U-turn|p1a: Great Tusk
|-resisted|p1a: Great Tusk
|-damage|p1a: Great Tusk|77/100
|
|t:|1758994527
|switch|p2a: Great Tusk|Great Tusk|100/100|[from] U-turn
|-damage|p2a: Great Tusk|98/100|[from] Stealth Rock
|-enditem|p2a: Great Tusk|Booster Energy
|-activate|p2a: Great Tusk|ability: Protosynthesis|[fromitem]
|-start|p2a: Great Tusk|protosynthesisspe
|move|p1a: Great Tusk|Rapid Spin|p2a: Great Tusk
|-damage|p2a: Great Tusk|86/100
|-boost|p1a: Great Tusk|spe|1
|-sideend|p1: senpako|Spikes|[from] move: Rapid Spin|[of] p1a: Great Tusk
|
|upkeep
|turn|9
|l|☆senpako
|inactive|senpako disconnected and has a minute to reconnect!
|player|p1|
|j|☆senpako
|inactive|senpako reconnected and has 140 seconds left.
|player|p1|senpako|koga|
|
|t:|1758994541
|-terastallize|p1a: Great Tusk|Ghost
|move|p2a: Great Tusk|Rapid Spin|p1a: Great Tusk
|-immune|p1a: Great Tusk
|move|p1a: Great Tusk|Headlong Rush|p2a: Great Tusk
|-damage|p2a: Great Tusk|52/100
|-unboost|p1a: Great Tusk|def|1
|-unboost|p1a: Great Tusk|spd|1
|
|upkeep
|turn|10
|
|t:|1758994545
|move|p2a: Great Tusk|Stealth Rock|p1a: Great Tusk
|-sidestart|p1: senpako|move: Stealth Rock
|move|p1a: Great Tusk|Headlong Rush|p2a: Great Tusk
|-damage|p2a: Great Tusk|13/100
|-unboost|p1a: Great Tusk|def|1
|-unboost|p1a: Great Tusk|spd|1
|
|upkeep
|turn|11
|
|t:|1758994552
|-end|p2a: Great Tusk|Protosynthesis|[silent]
|switch|p2a: Landorus|Landorus-Therian, M|100/100
|-damage|p2a: Landorus|88/100|[from] Stealth Rock
|-ability|p2a: Landorus|Intimidate|boost
|-unboost|p1a: Great Tusk|atk|1
|move|p1a: Great Tusk|Rapid Spin|p2a: Landorus
|-damage|p2a: Landorus|74/100
|-boost|p1a: Great Tusk|spe|1
|-sideend|p1: senpako|Stealth Rock|[from] move: Rapid Spin|[of] p1a: Great Tusk
|
|upkeep
|turn|12
|l|☆senpako
|inactive|senpako disconnected and has a minute to reconnect!
|player|p1|
|j|☆senpako
|inactive|senpako reconnected and has 150 seconds left.
|player|p1|senpako|koga|
|
|t:|1758994559
|switch|p2a: Pecharunt|Pecharunt|67/100
|-damage|p2a: Pecharunt|55/100|[from] Stealth Rock
|move|p1a: Great Tusk|Temper Flare|p2a: Pecharunt
|-damage|p2a: Pecharunt|47/100
|-damage|p1a: Great Tusk|60/100|[from] item: Rocky Helmet|[of] p2a: Pecharunt
|
|upkeep
|turn|13
|
|t:|1758994561
|move|p1a: Great Tusk|Headlong Rush|p2a: Pecharunt
|-supereffective|p2a: Pecharunt
|-damage|p2a: Pecharunt|2/100
|-unboost|p1a: Great Tusk|def|1
|-unboost|p1a: Great Tusk|spd|1
|-damage|p1a: Great Tusk|44/100|[from] item: Rocky Helmet|[of] p2a: Pecharunt
|move|p2a: Pecharunt|Recover|p2a: Pecharunt
|-heal|p2a: Pecharunt|52/100
|
|upkeep
|turn|14
|
|t:|1758994566
|move|p1a: Great Tusk|Temper Flare|p2a: Pecharunt
|-damage|p2a: Pecharunt|43/100
|-damage|p1a: Great Tusk|27/100|[from] item: Rocky Helmet|[of] p2a: Pecharunt
|move|p2a: Pecharunt|Recover|p2a: Pecharunt
|-heal|p2a: Pecharunt|93/100
|
|upkeep
|turn|15
|
|t:|1758994574
|move|p1a: Great Tusk|Headlong Rush|p2a: Pecharunt
|-supereffective|p2a: Pecharunt
|-damage|p2a: Pecharunt|55/100
|-unboost|p1a: Great Tusk|def|1
|-unboost|p1a: Great Tusk|spd|1
|-damage|p1a: Great Tusk|11/100|[from] item: Rocky Helmet|[of] p2a: Pecharunt
|move|p2a: Pecharunt|Recover|p2a: Pecharunt
|-heal|p2a: Pecharunt|100/100
|
|upkeep
|turn|16
|
|t:|1758994581
|move|p1a: Great Tusk|Headlong Rush|p2a: Pecharunt
|-supereffective|p2a: Pecharunt
|-damage|p2a: Pecharunt|56/100
|-unboost|p1a: Great Tusk|def|1
|-unboost|p1a: Great Tusk|spd|1
|-damage|p1a: Great Tusk|0 fnt|[from] item: Rocky Helmet|[of] p2a: Pecharunt
|faint|p1a: Great Tusk
|-end|p1a: Great Tusk|Protosynthesis|[silent]
|move|p2a: Pecharunt|Recover|p2a: Pecharunt
|-heal|p2a: Pecharunt|100/100
|
|upkeep
|
|t:|1758994594
|switch|p1a: Raging Bolt|Raging Bolt|100/100
|-enditem|p1a: Raging Bolt|Booster Energy
|-activate|p1a: Raging Bolt|ability: Protosynthesis|[fromitem]
|-start|p1a: Raging Bolt|protosynthesisspa
|turn|17
|
|t:|1758994600
|switch|p2a: Great Tusk|Great Tusk|13/100
|-damage|p2a: Great Tusk|10/100|[from] Stealth Rock
|move|p1a: Raging Bolt|Dragon Pulse|p2a: Great Tusk
|-damage|p2a: Great Tusk|0 fnt
|faint|p2a: Great Tusk
|-end|p2a: Great Tusk|Protosynthesis|[silent]
|
|upkeep
|
|t:|1758994601
|switch|p2a: Landorus|Landorus-Therian, M|74/100
|-damage|p2a: Landorus|62/100|[from] Stealth Rock
|-ability|p2a: Landorus|Intimidate|boost
|-unboost|p1a: Raging Bolt|atk|1
|turn|18
|
|t:|1758994604
|move|p2a: Landorus|Earthquake|p1a: Raging Bolt
|-supereffective|p1a: Raging Bolt
|-crit|p1a: Raging Bolt
|-damage|p1a: Raging Bolt|0 fnt
|faint|p1a: Raging Bolt
|-end|p1a: Raging Bolt|Protosynthesis|[silent]
|
|upkeep
|
|t:|1758994608
|switch|p1a: Tsareena|Tsareena, F|100/100
|turn|19
|
|t:|1758994611
|switch|p2a: Pecharunt|Pecharunt|100/100
|-damage|p2a: Pecharunt|88/100|[from] Stealth Rock
|move|p1a: Tsareena|Triple Axel|p2a: Pecharunt
|-damage|p2a: Pecharunt|85/100
|-damage|p1a: Tsareena|84/100|[from] item: Rocky Helmet|[of] p2a: Pecharunt
|-damage|p2a: Pecharunt|79/100
|-damage|p1a: Tsareena|68/100|[from] item: Rocky Helmet|[of] p2a: Pecharunt
|-damage|p2a: Pecharunt|70/100
|-damage|p1a: Tsareena|51/100|[from] item: Rocky Helmet|[of] p2a: Pecharunt
|-hitcount|p2a: Pecharunt|3
|
|upkeep
|turn|20
|
|t:|1758994616
|move|p1a: Tsareena|Triple Axel|p2a: Pecharunt
|-damage|p2a: Pecharunt|67/100
|-damage|p1a: Tsareena|35/100|[from] item: Rocky Helmet|[of] p2a: Pecharunt
|-damage|p2a: Pecharunt|61/100
|-damage|p1a: Tsareena|18/100|[from] item: Rocky Helmet|[of] p2a: Pecharunt
|-damage|p2a: Pecharunt|52/100
|-damage|p1a: Tsareena|2/100|[from] item: Rocky Helmet|[of] p2a: Pecharunt
|-hitcount|p2a: Pecharunt|3
|move|p2a: Pecharunt|Recover|p2a: Pecharunt
|-heal|p2a: Pecharunt|100/100
|
|upkeep
|turn|21
|
|t:|1758994625
|switch|p1a: Chickenfast|Blaziken, M|100/100
|move|p2a: Pecharunt|Recover||[still]
|-fail|p2a: Pecharunt|heal
|
|upkeep
|turn|22
|
|t:|1758994628
|move|p1a: Chickenfast|Earthquake|p2a: Pecharunt
|-supereffective|p2a: Pecharunt
|-damage|p2a: Pecharunt|67/100
|move|p2a: Pecharunt|Parting Shot|p1a: Chickenfast
|-unboost|p1a: Chickenfast|atk|1
|-unboost|p1a: Chickenfast|spa|1
|
|t:|1758994631
|switch|p2a: Landorus|Landorus-Therian, M|62/100|[from] Parting Shot
|-damage|p2a: Landorus|50/100|[from] Stealth Rock
|-ability|p2a: Landorus|Intimidate|boost
|-unboost|p1a: Chickenfast|atk|1
|
|-ability|p1a: Chickenfast|Speed Boost|boost
|-boost|p1a: Chickenfast|spe|1
|upkeep
|turn|23
|
|t:|1758994638
|switch|p1a: Tsareena|Tsareena, F|2/100
|move|p2a: Landorus|Earthquake|p1a: Tsareena
|-resisted|p1a: Tsareena
|-crit|p1a: Tsareena
|-damage|p1a: Tsareena|0 fnt
|faint|p1a: Tsareena
|
|upkeep
|
|t:|1758994640
|switch|p1a: Itachi|Greninja, M|100/100
|turn|24
|
|t:|1758994645
|move|p2a: Landorus|Earthquake|p1a: Itachi
|-enditem|p1a: Itachi|Focus Sash
|-damage|p1a: Itachi|1/100
|move|p1a: Itachi|Ice Beam|p2a: Landorus
|-supereffective|p2a: Landorus
|-damage|p2a: Landorus|0 fnt
|faint|p2a: Landorus
|-ability|p1a: Itachi|Battle Bond|boost
|-boost|p1a: Itachi|atk|1
|-boost|p1a: Itachi|spa|1
|-boost|p1a: Itachi|spe|1
|-activate|p1a: Itachi|ability: Battle Bond
|
|upkeep
|
|t:|1758994652
|switch|p2a: Ogerpon|Ogerpon-Wellspring, F|100/100
|-damage|p2a: Ogerpon|88/100|[from] Stealth Rock
|turn|25
|
|t:|1758994657
|-terastallize|p2a: Ogerpon|Water
|detailschange|p2a: Ogerpon|Ogerpon-Wellspring-Tera, F, tera:Water
|-ability|p2a: Ogerpon|Embody Aspect (Wellspring)|boost
|-boost|p2a: Ogerpon|spd|1
|move|p1a: Itachi|Sludge Wave|p2a: Ogerpon
|-crit|p2a: Ogerpon
|-damage|p2a: Ogerpon|19/100
|move|p2a: Ogerpon|Trailblaze|p1a: Itachi
|-supereffective|p1a: Itachi
|-damage|p1a: Itachi|0 fnt
|-boost|p2a: Ogerpon|spe|1
|faint|p1a: Itachi
|
|upkeep
|
|t:|1758994659
|switch|p1a: Chickenfast|Blaziken, M|100/100
|turn|26
|
|t:|1758994666
|move|p2a: Ogerpon|Ivy Cudgel|p1a: Chickenfast|[anim] Ivy Cudgel Water
|-supereffective|p1a: Chickenfast
|-enditem|p1a: Chickenfast|Focus Sash
|-damage|p1a: Chickenfast|1/100
|move|p1a: Chickenfast|Earthquake|p2a: Ogerpon
|-damage|p2a: Ogerpon|0 fnt
|faint|p2a: Ogerpon
|detailschange|p2: Ogerpon|Ogerpon-Wellspring, F|[silent]
|
|-ability|p1a: Chickenfast|Speed Boost|boost
|-boost|p1a: Chickenfast|spe|1
|upkeep
|
|t:|1758994670
|switch|p2a: Pecharunt|Pecharunt|67/100
|-damage|p2a: Pecharunt|55/100|[from] Stealth Rock
|turn|27
|
|t:|1758994673
|move|p1a: Chickenfast|Earthquake|p2a: Pecharunt
|-supereffective|p2a: Pecharunt
|-damage|p2a: Pecharunt|20/100
|move|p2a: Pecharunt|Recover|p2a: Pecharunt
|-heal|p2a: Pecharunt|70/100
|
|-ability|p1a: Chickenfast|Speed Boost|boost
|-boost|p1a: Chickenfast|spe|1
|upkeep
|turn|28
|
|t:|1758994677
|move|p1a: Chickenfast|Earthquake|p2a: Pecharunt
|-supereffective|p2a: Pecharunt
|-damage|p2a: Pecharunt|38/100
|move|p2a: Pecharunt|Malignant Chain|p1a: Chickenfast
|-crit|p1a: Chickenfast
|-damage|p1a: Chickenfast|0 fnt
|faint|p1a: Chickenfast
|
|win|darkarrow
|raw|senpako's rating: 1313 &rarr; <strong>1295</strong><br />(-18 for losing)
|raw|darkarrow's rating: 1352 &rarr; <strong>1370</strong><br />(+18 for winning)
|l|☆senpako
|player|p1|
|l|☆darkarrow
|player|p2|
