|badge|p1|bronze|gen9randombattle|100-6
|uhtml|medal-msg|<div class="broadcast-blue">Curious what those medals under the avatar are? PS now has Ladder Seasons! For more information, check out the <a href="https://www.smogon.com/forums/threads/3740067/">thread on Smogon.</a></div>
|j|☆Playing Foul
|j|☆pikalyte3
|t:|1759054654
|gametype|singles
|player|p1|Playing Foul|ethan-gen2|1713
|player|p2|pikalyte3|dancer|1548
|gen|9
|tier|[Gen 9] OU
|rated|
|rule|HP Percentage Mod: HP is shown in percentages
|rule|Endless Battle Clause: Forcing endless battles is banned
|rule|Species Clause: Limit one of each Pokémon
|rule|OHKO Clause: OHKO moves are banned
|rule|Evasion Items Clause: Evasion items are banned
|rule|Evasion Moves Clause: Evasion moves are banned
|rule|Evasion Abilities Clause: Evasion abilities are banned
|rule|Sleep Moves Clause: Sleep-inducing moves are banned
|clearpoke
|poke|p1|Iron Treads|
|poke|p1|Zamazenta-*|
|poke|p1|Landorus-Therian, M|
|poke|p1|Slowking-Galar, F|
|poke|p1|Alomomola, M|
|poke|p1|Dragapult, M|
|poke|p2|Samurott-Hisui, F|
|poke|p2|Landorus-Therian, M|
|poke|p2|Iron Moth|
|poke|p2|Darkrai|
|poke|p2|Kingambit, M|
|poke|p2|Iron Valiant|
|teampreview
|inactive|Battle timer is ON: inactive players will automatically lose when time's up. (requested by Playing Foul)
|inactive|pikalyte3 has 120 seconds left.
|inactive|pikalyte3 has 90 seconds left.
|
|t:|1759054738
|teamsize|p1|6
|teamsize|p2|6
|start
|switch|p1a: Landorus|Landorus-Therian, M|100/100
|switch|p2a: Samurott|Samurott-Hisui, F|100/100
|-ability|p1a: Landorus|Intimidate|boost
|-unboost|p2a: Samurott|atk|1
|turn|1
|
|t:|1759054745
|move|p2a: Samurott|Aqua Cutter|p1a: Landorus
|-supereffective|p1a: Landorus
|-damage|p1a: Landorus|54/100
|move|p1a: Landorus|Stealth Rock|p2a: Samurott
|-sidestart|p2: pikalyte3|move: Stealth Rock
|
|upkeep
|turn|2
|
|t:|1759054759
|move|p2a: Samurott|Aqua Cutter|p1a: Landorus
|-supereffective|p1a: Landorus
|-damage|p1a: Landorus|6/100
|move|p1a: Landorus|U-turn|p2a: Samurott
|-supereffective|p2a: Samurott
|-damage|p2a: Samurott|51/100
|
|t:|1759054767
|switch|p1a: Zamazenta|Zamazenta|100/100|[from] U-turn
|-ability|p1a: Zamazenta|Dauntless Shield|boost
|-boost|p1a: Zamazenta|def|1
|
|upkeep
|turn|3
|
|t:|1759054774
|switch|p2a: land rover|Landorus-Therian, M|100/100
|-damage|p2a: land rover|88/100|[from] Stealth Rock
|-ability|p2a: land rover|Intimidate|boost
|-unboost|p1a: Zamazenta|atk|1
|move|p1a: Zamazenta|Body Press|p2a: land rover
|-resisted|p2a: land rover
|-damage|p2a: land rover|62/100
|-damage|p1a: Zamazenta|84/100|[from] item: Rocky Helmet|[of] p2a: land rover
|
|-heal|p1a: Zamazenta|90/100|[from] item: Leftovers
|upkeep
|turn|4
|
|t:|1759054783
|move|p1a: Zamazenta|Iron Defense|p1a: Zamazenta
|-boost|p1a: Zamazenta|def|2
|move|p2a: land rover|Earth Power|p1a: Zamazenta
|-damage|p1a: Zamazenta|63/100
|
|-heal|p1a: Zamazenta|69/100|[from] item: Leftovers
|upkeep
|turn|5
|
|t:|1759054791
|move|p1a: Zamazenta|Body Press|p2a: land rover
|-resisted|p2a: land rover
|-crit|p2a: land rover
|-damage|p2a: land rover|0 fnt
|-damage|p1a: Zamazenta|53/100|[from] item: Rocky Helmet|[of] p2a: land rover
|faint|p2a: land rover
|
|-heal|p1a: Zamazenta|59/100|[from] item: Leftovers
|upkeep
|
|t:|1759054807
|switch|p2a: Iron Valiant|Iron Valiant|100/100
|-damage|p2a: Iron Valiant|94/100|[from] Stealth Rock
|-enditem|p2a: Iron Valiant|Booster Energy
|-activate|p2a: Iron Valiant|ability: Quark Drive|[fromitem]
|-start|p2a: Iron Valiant|quarkdrivespe
|turn|6
|
|t:|1759054814
|-terastallize|p1a: Zamazenta|Steel
|move|p2a: Iron Valiant|Knock Off|p1a: Zamazenta
|-damage|p1a: Zamazenta|49/100
|-enditem|p1a: Zamazenta|Leftovers|[from] move: Knock Off|[of] p2a: Iron Valiant
|move|p1a: Zamazenta|Heavy Slam|p2a: Iron Valiant
|-supereffective|p2a: Iron Valiant
|-damage|p2a: Iron Valiant|7/100
|
|upkeep
|turn|7
|
|t:|1759054822
|switch|p1a: Alomomola|Alomomola, M|100/100
|move|p2a: Iron Valiant|Close Combat|p1a: Alomomola
|-damage|p1a: Alomomola|67/100
|-unboost|p2a: Iron Valiant|def|1
|-unboost|p2a: Iron Valiant|spd|1
|
|upkeep
|turn|8
|
|t:|1759054829
|move|p2a: Iron Valiant|Moonblast|p1a: Alomomola
|-damage|p1a: Alomomola|15/100
|move|p1a: Alomomola|Wish|p1a: Alomomola
|
|upkeep
|turn|9
|
|t:|1759054841
|move|p1a: Alomomola|Protect|p1a: Alomomola
|-singleturn|p1a: Alomomola|Protect
|move|p2a: Iron Valiant|Knock Off|p1a: Alomomola
|-activate|p1a: Alomomola|move: Protect
|
|-heal|p1a: Alomomola|65/100|[from] move: Wish|[wisher] Alomomola
|upkeep
|turn|10
|
|t:|1759054845
|switch|p1a: Slowking|Slowking-Galar, F, shiny|100/100
|move|p2a: Iron Valiant|Encore||[still]
|-fail|p2a: Iron Valiant
|
|upkeep
|turn|11
|
|t:|1759054849
|switch|p1a: Landorus|Landorus-Therian, M|6/100
|-ability|p1a: Landorus|Intimidate|boost
|-unboost|p2a: Iron Valiant|atk|1
|move|p2a: Iron Valiant|Knock Off|p1a: Landorus
|-damage|p1a: Landorus|0 fnt
|-damage|p2a: Iron Valiant|0 fnt|[from] item: Rocky Helmet|[of] p1a: Landorus
|faint|p1a: Landorus
|faint|p2a: Iron Valiant
|-end|p2a: Iron Valiant|Quark Drive|[silent]
|
|upkeep
|
|t:|1759054867
|switch|p2a: Darkrai|Darkrai|100/100
|switch|p1a: Zamazenta|Zamazenta, tera:Steel|49/100
|-damage|p2a: Darkrai|88/100|[from] Stealth Rock
|turn|12
|
|t:|1759054874
|switch|p2a: Samurott|Samurott-Hisui, F|51/100
|-damage|p2a: Samurott|38/100|[from] Stealth Rock
|move|p1a: Zamazenta|Body Press|p2a: Samurott
|-supereffective|p2a: Samurott
|-damage|p2a: Samurott|0 fnt
|faint|p2a: Samurott
|
|upkeep
|
|t:|1759054877
|switch|p2a: Iron Moth|Iron Moth|100/100
|-damage|p2a: Iron Moth|76/100|[from] Stealth Rock
|-enditem|p2a: Iron Moth|Booster Energy
|-activate|p2a: Iron Moth|ability: Quark Drive|[fromitem]
|-start|p2a: Iron Moth|quarkdrivespe
|turn|13
|
|t:|1759054884
|switch|p1a: Slowking|Slowking-Galar, F, shiny|100/100
|move|p2a: Iron Moth|Fiery Dance|p1a: Slowking
|-damage|p1a: Slowking|78/100
|-boost|p2a: Iron Moth|spa|1
|
|upkeep
|turn|14
|
|t:|1759054895
|move|p2a: Iron Moth|Fiery Dance|p1a: Slowking
|-damage|p1a: Slowking|39/100
|move|p1a: Slowking|Thunder Wave|p2a: Iron Moth
|-status|p2a: Iron Moth|par
|
|upkeep
|turn|15
|
|t:|1759054914
|cant|p2a: Iron Moth|par
|-prepare|p1a: Slowking|Chilly Reception|[premajor]
|move|p1a: Slowking|Chilly Reception|p1a: Slowking
|-weather|Snowscape
|
|t:|1759054921
|switch|p1a: Iron Treads|Iron Treads, shiny|100/100|[from] Chilly Reception
|-enditem|p1a: Iron Treads|Booster Energy
|-activate|p1a: Iron Treads|ability: Quark Drive|[fromitem]
|-start|p1a: Iron Treads|quarkdrivespe
|
|-weather|Snowscape|[upkeep]
|upkeep
|turn|16
|
|t:|1759054928
|move|p1a: Iron Treads|Earthquake|p2a: Iron Moth
|-supereffective|p2a: Iron Moth
|-damage|p2a: Iron Moth|0 fnt
|faint|p2a: Iron Moth
|-end|p2a: Iron Moth|Quark Drive|[silent]
|
|-weather|Snowscape|[upkeep]
|upkeep
|
|t:|1759054931
|switch|p2a: Darkrai|Darkrai|88/100
|-damage|p2a: Darkrai|76/100|[from] Stealth Rock
|turn|17
|
|t:|1759054944
|move|p1a: Iron Treads|Knock Off|p2a: Darkrai
|-resisted|p2a: Darkrai
|-damage|p2a: Darkrai|60/100
|-enditem|p2a: Darkrai|Life Orb|[from] move: Knock Off|[of] p1a: Iron Treads
|move|p2a: Darkrai|Will-O-Wisp|p1a: Iron Treads|[miss]
|-miss|p2a: Darkrai|p1a: Iron Treads
|
|-weather|Snowscape|[upkeep]
|upkeep
|turn|18
|
|t:|1759054951
|move|p1a: Iron Treads|Earthquake|p2a: Darkrai
|-damage|p2a: Darkrai|12/100
|move|p2a: Darkrai|Will-O-Wisp|p1a: Iron Treads
|-status|p1a: Iron Treads|brn
|
|-weather|Snowscape|[upkeep]
|-damage|p1a: Iron Treads|94/100 brn|[from] brn
|upkeep
|turn|19
|
|t:|1759054959
|move|p1a: Iron Treads|Knock Off|p2a: Darkrai
|-resisted|p2a: Darkrai
|-damage|p2a: Darkrai|7/100
|move|p2a: Darkrai|Dark Pulse|p1a: Iron Treads
|-damage|p1a: Iron Treads|43/100 brn
|
|-weather|none
|-damage|p1a: Iron Treads|36/100 brn|[from] brn
|upkeep
|turn|20
|
|t:|1759054967
|move|p1a: Iron Treads|Knock Off|p2a: Darkrai
|-resisted|p2a: Darkrai
|-damage|p2a: Darkrai|2/100
|move|p2a: Darkrai|Dark Pulse|p1a: Iron Treads
|-damage|p1a: Iron Treads|0 fnt
|faint|p1a: Iron Treads
|-end|p1a: Iron Treads|Quark Drive|[silent]
|
|upkeep
|
|t:|1759054974
|switch|p1a: Zamazenta|Zamazenta, tera:Steel|49/100
|turn|21
|
|t:|1759054982
|switch|p1a: Slowking|Slowking-Galar, F, shiny|72/100
|move|p2a: Darkrai|Dark Pulse|p1a: Slowking
|-supereffective|p1a: Slowking
|-damage|p1a: Slowking|24/100
|
|upkeep
|turn|22
|
|t:|1759054989
|switch|p1a: Alomomola|Alomomola, M|98/100
|move|p2a: Darkrai|Dark Pulse|p1a: Alomomola
|-damage|p1a: Alomomola|44/100
|
|upkeep
|turn|23
|
|t:|1759054997
|switch|p1a: Slowking|Slowking-Galar, F, shiny|57/100
|move|p2a: Darkrai|Dark Pulse|p1a: Slowking
|-supereffective|p1a: Slowking
|-damage|p1a: Slowking|10/100
|
|upkeep
|turn|24
|
|t:|1759055004
|switch|p1a: Alomomola|Alomomola, M|78/100
|move|p2a: Darkrai|Dark Pulse|p1a: Alomomola
|-damage|p1a: Alomomola|26/100
|
|upkeep
|turn|25
|
|t:|1759055012
|switch|p1a: Slowking|Slowking-Galar, F, shiny|43/100
|move|p2a: Darkrai|Dark Pulse|p1a: Slowking
|-supereffective|p1a: Slowking
|-damage|p1a: Slowking|0 fnt
|faint|p1a: Slowking
|
|upkeep
|
|t:|1759055019
|switch|p1a: Alomomola|Alomomola, M|59/100
|turn|26
|
|t:|1759055026
|move|p2a: Darkrai|Dark Pulse|p1a: Alomomola
|-damage|p1a: Alomomola|8/100
|move|p1a: Alomomola|Wish|p1a: Alomomola
|
|upkeep
|turn|27
|
|t:|1759055034
|move|p1a: Alomomola|Protect|p1a: Alomomola
|-singleturn|p1a: Alomomola|Protect
|move|p2a: Darkrai|Nasty Plot|p2a: Darkrai
|-boost|p2a: Darkrai|spa|2
|
|-heal|p1a: Alomomola|58/100|[from] move: Wish|[wisher] Alomomola
|upkeep
|turn|28
|
|t:|1759055037
|switch|p1a: Dragapult|Dragapult, M, shiny|100/100
|move|p2a: Darkrai|Dark Pulse|p1a: Dragapult
|-supereffective|p1a: Dragapult
|-damage|p1a: Dragapult|0 fnt
|faint|p1a: Dragapult
|
|upkeep
|
|t:|1759055040
|switch|p1a: Zamazenta|Zamazenta, tera:Steel|49/100
|turn|29
|
|t:|1759055044
|move|p1a: Zamazenta|Heavy Slam|p2a: Darkrai
|-damage|p2a: Darkrai|0 fnt
|faint|p2a: Darkrai
|
|upkeep
|
|t:|1759055046
|switch|p2a: Kingambit|Kingambit, M|100/100
|-damage|p2a: Kingambit|94/100|[from] Stealth Rock
|-activate|p2a: Kingambit|ability: Supreme Overlord
|-start|p2a: Kingambit|fallen5|[silent]
|-item|p2a: Kingambit|Air Balloon
|turn|30
|
|t:|1759055055
|-terastallize|p2a: Kingambit|Fairy
|move|p1a: Zamazenta|Crunch|p2a: Kingambit
|-resisted|p2a: Kingambit
|-damage|p2a: Kingambit|85/100
|-enditem|p2a: Kingambit|Air Balloon
|move|p2a: Kingambit|Kowtow Cleave|p1a: Zamazenta
|-damage|p1a: Zamazenta|0 fnt
|faint|p1a: Zamazenta
|
|upkeep
|
|t:|1759055063
|switch|p1a: Alomomola|Alomomola, M|91/100
|turn|31
|c|☆pikalyte3|you threw lol
|
|t:|1759055070
|move|p2a: Kingambit|Swords Dance|p2a: Kingambit
|-boost|p2a: Kingambit|atk|2
|move|p1a: Alomomola|Scald|p2a: Kingambit
|-damage|p2a: Kingambit|70/100
|
|upkeep
|turn|32
|
|t:|1759055077
|move|p1a: Alomomola|Protect|p1a: Alomomola
|-singleturn|p1a: Alomomola|Protect
|move|p2a: Kingambit|Kowtow Cleave|p1a: Alomomola
|-activate|p1a: Alomomola|move: Protect
|
|upkeep
|turn|33
|
|t:|1759055083
|move|p1a: Alomomola|Protect||[still]
|-fail|p1a: Alomomola
|move|p2a: Kingambit|Kowtow Cleave|p1a: Alomomola
|-damage|p1a: Alomomola|18/100
|
|upkeep
|turn|34
|
|t:|1759055088
|move|p1a: Alomomola|Protect|p1a: Alomomola
|-singleturn|p1a: Alomomola|Protect
|move|p2a: Kingambit|Kowtow Cleave|p1a: Alomomola
|-activate|p1a: Alomomola|move: Protect
|
|upkeep
|turn|35
|c|☆pikalyte3|gg
|c|☆pikalyte3|wtf was that switching
|
|t:|1759055097
|move|p1a: Alomomola|Protect||[still]
|-fail|p1a: Alomomola
|move|p2a: Kingambit|Kowtow Cleave|p1a: Alomomola
|-damage|p1a: Alomomola|0 fnt
|faint|p1a: Alomomola
|
|win|pikalyte3
|raw|Playing Foul's rating: 1713 &rarr; <strong>1684</strong><br />(-29 for losing)
|raw|pikalyte3's rating: 1548 &rarr; <strong>1577</strong><br />(+29 for winning)
|l|☆Playing Foul
|player|p1|
