|j|☆BlobbaBlobba
|j|☆noahthebadplayer
|t:|1759075750
|gametype|singles
|player|p1|BlobbaBlobba|102|1172
|player|p2|noahthebadplayer|2|1138
|gen|9
|tier|[Gen 9] OU
|rated|
|rule|HP Percentage Mod: HP is shown in percentages
|rule|Endless Battle Clause: Forcing endless battles is banned
|rule|Species Clause: Limit one of each Pokémon
|rule|OHKO Clause: OHKO moves are banned
|rule|Evasion Items Clause: Evasion items are banned
|rule|Evasion Moves Clause: Evasion moves are banned
|rule|Evasion Abilities Clause: Evasion abilities are banned
|rule|Sleep Moves Clause: Sleep-inducing moves are banned
|clearpoke
|poke|p1|Armarouge, F|
|poke|p1|Ogerpon-Wellspring, F|
|poke|p1|Raging Bolt|
|poke|p1|Dusclops, M|
|poke|p1|Ursaluna, M|
|poke|p1|Lokix, M|
|poke|p2|Politoed, F|
|poke|p2|Scizor, M|
|poke|p2|Tornadus-Therian, M|
|poke|p2|Iron Hands|
|poke|p2|Muk, F|
|poke|p2|Ludicolo, M|
|teampreview
|c|☆noahthebadplayer|Glhf
|
|t:|1759075765
|teamsize|p1|6
|teamsize|p2|6
|start
|switch|p1a: Dusclops|Dusclops, M|100/100
|switch|p2a: Muk|Muk, F|100/100
|-ability|p1a: Dusclops|Pressure
|turn|1
|inactive|Battle timer is ON: inactive players will automatically lose when time's up. (requested by noahthebadplayer)
|
|t:|1759075773
|move|p2a: Muk|Knock Off|p1a: Dusclops
|-supereffective|p1a: Dusclops
|-damage|p1a: Dusclops|57/100
|-status|p1a: Dusclops|psn|[from] ability: Poison Touch|[of] p2a: Muk
|-enditem|p1a: Dusclops|Eviolite|[from] move: Knock Off|[of] p2a: Muk
|move|p1a: Dusclops|Taunt|p2a: Muk
|-start|p2a: Muk|move: Taunt
|
|-damage|p1a: Dusclops|45/100 psn|[from] psn
|upkeep
|turn|2
|
|t:|1759075784
|move|p2a: Muk|Knock Off|p1a: Dusclops
|-supereffective|p1a: Dusclops
|-damage|p1a: Dusclops|0 fnt
|faint|p1a: Dusclops
|
|upkeep
|
|t:|1759075788
|switch|p1a: Armarouge|Armarouge, F|100/100
|turn|3
|
|t:|1759075797
|move|p2a: Muk|Knock Off|p1a: Armarouge
|-supereffective|p1a: Armarouge
|-damage|p1a: Armarouge|41/100
|-status|p1a: Armarouge|psn|[from] ability: Poison Touch|[of] p2a: Muk
|-enditem|p1a: Armarouge|Power Herb|[from] move: Knock Off|[of] p2a: Muk
|move|p1a: Armarouge|Trick Room|p1a: Armarouge
|-fieldstart|move: Trick Room|[of] p1a: Armarouge
|
|-damage|p1a: Armarouge|29/100 psn|[from] psn
|upkeep
|turn|4
|
|t:|1759075807
|move|p2a: Muk|Shadow Sneak|p1a: Armarouge
|-supereffective|p1a: Armarouge
|-damage|p1a: Armarouge|5/100 psn
|move|p1a: Armarouge|Meteor Beam||[still]
|-prepare|p1a: Armarouge|Meteor Beam
|-boost|p1a: Armarouge|spa|1
|
|-damage|p1a: Armarouge|0 fnt|[from] psn
|faint|p1a: Armarouge
|-end|p2a: Muk|move: Taunt
|upkeep
|
|t:|1759075816
|switch|p1a: Ursaluna|Ursaluna, M|100/100
|turn|5
|
|t:|1759075824
|move|p1a: Ursaluna|Protect|p1a: Ursaluna
|-singleturn|p1a: Ursaluna|Protect
|move|p2a: Muk|Knock Off|p1a: Ursaluna
|-activate|p1a: Ursaluna|move: Protect
|
|-status|p1a: Ursaluna|brn|[from] item: Flame Orb
|upkeep
|turn|6
|
|t:|1759075830
|switch|p2a: Tornadus|Tornadus-Therian, M|100/100
|move|p1a: Ursaluna|Facade|p2a: Tornadus
|-damage|p2a: Tornadus|0 fnt
|faint|p2a: Tornadus
|
|-damage|p1a: Ursaluna|94/100 brn|[from] brn
|upkeep
|
|t:|1759075838
|switch|p2a: Muk|Muk, F|100/100
|turn|7
|
|t:|1759075841
|move|p1a: Ursaluna|Facade|p2a: Muk
|-damage|p2a: Muk|0 fnt
|faint|p2a: Muk
|
|-damage|p1a: Ursaluna|88/100 brn|[from] brn
|-fieldend|move: Trick Room
|upkeep
|
|t:|1759075849
|switch|p2a: Politoed|Politoed, F|100/100
|-weather|RainDance|[from] ability: Drizzle|[of] p2a: Politoed
|turn|8
|
|t:|1759075855
|move|p2a: Politoed|Chilling Water|p1a: Ursaluna
|-supereffective|p1a: Ursaluna
|-damage|p1a: Ursaluna|33/100 brn
|-unboost|p1a: Ursaluna|atk|1
|move|p1a: Ursaluna|Facade|p2a: Politoed
|-damage|p2a: Politoed|3/100
|
|-weather|RainDance|[upkeep]
|-damage|p1a: Ursaluna|27/100 brn|[from] brn
|upkeep
|turn|9
|
|t:|1759075871
|move|p2a: Politoed|Weather Ball|p1a: Ursaluna
|-supereffective|p1a: Ursaluna
|-damage|p1a: Ursaluna|0 fnt
|faint|p1a: Ursaluna
|
|-weather|RainDance|[upkeep]
|upkeep
|
|t:|1759075885
|switch|p1a: Ogerpon|Ogerpon-Wellspring, F|100/100
|turn|10
|
|t:|1759075890
|switch|p2a: Scizor|Scizor, M|100/100
|move|p1a: Ogerpon|Ivy Cudgel|p2a: Scizor|[anim] Ivy Cudgel Water
|-damage|p2a: Scizor|14/100
|
|-weather|RainDance|[upkeep]
|upkeep
|turn|11
|
|t:|1759075898
|move|p1a: Ogerpon|Ivy Cudgel|p2a: Scizor|[anim] Ivy Cudgel Water
|-damage|p2a: Scizor|0 fnt
|faint|p2a: Scizor
|
|-weather|RainDance|[upkeep]
|upkeep
|
|t:|1759075900
|switch|p2a: Ludicolo|Ludicolo, M|100/100
|turn|12
|
|t:|1759075907
|move|p2a: Ludicolo|Giga Drain|p1a: Ogerpon
|-damage|p1a: Ogerpon|46/100
|-damage|p2a: Ludicolo|91/100|[from] item: Life Orb
|move|p1a: Ogerpon|U-turn|p2a: Ludicolo
|-supereffective|p2a: Ludicolo
|-damage|p2a: Ludicolo|9/100
|
|t:|1759075914
|switch|p1a: Raging Bolt|Raging Bolt|100/100|[from] U-turn
|
|-weather|RainDance|[upkeep]
|upkeep
|turn|13
|
|t:|1759075925
|-terastallize|p2a: Ludicolo|Fairy
|move|p2a: Ludicolo|Tera Blast|p1a: Raging Bolt|[anim] Tera Blast Fairy
|-supereffective|p1a: Raging Bolt
|-damage|p1a: Raging Bolt|23/100
|-damage|p2a: Ludicolo|0 fnt|[from] item: Life Orb
|faint|p2a: Ludicolo
|move|p1a: Raging Bolt|Calm Mind|p1a: Raging Bolt
|-boost|p1a: Raging Bolt|spa|1
|-boost|p1a: Raging Bolt|spd|1
|
|-weather|RainDance|[upkeep]
|-heal|p1a: Raging Bolt|29/100|[from] item: Leftovers
|upkeep
|
|t:|1759075933
|switch|p2a: Iron Hands|Iron Hands|100/100
|turn|14
|
|t:|1759075937
|move|p1a: Raging Bolt|Dragon Pulse|p2a: Iron Hands
|-crit|p2a: Iron Hands
|-damage|p2a: Iron Hands|28/100
|move|p2a: Iron Hands|Earthquake|p1a: Raging Bolt
|-supereffective|p1a: Raging Bolt
|-damage|p1a: Raging Bolt|0 fnt
|faint|p1a: Raging Bolt
|-end|p1a: Raging Bolt|Protosynthesis|[silent]
|
|-weather|RainDance|[upkeep]
|upkeep
|
|t:|1759075946
|switch|p1a: Lokix|Lokix, M|100/100
|turn|15
|
|t:|1759075949
|-end|p2a: Iron Hands|Quark Drive|[silent]
|switch|p2a: Politoed|Politoed, F|3/100
|move|p1a: Lokix|First Impression|p2a: Politoed
|-damage|p2a: Politoed|0 fnt
|faint|p2a: Politoed
|
|-weather|none
|upkeep
|
|t:|1759075954
|switch|p2a: Iron Hands|Iron Hands|28/100
|turn|16
|
|t:|1759075960
|move|p1a: Lokix|Sucker Punch|p2a: Iron Hands
|-resisted|p2a: Iron Hands
|-damage|p2a: Iron Hands|7/100
|move|p2a: Iron Hands|Drain Punch|p1a: Lokix
|-damage|p1a: Lokix|31/100
|-heal|p2a: Iron Hands|26/100|[from] drain|[of] p1a: Lokix
|
|upkeep
|turn|17
|
|t:|1759075967
|move|p1a: Lokix|Sucker Punch|p2a: Iron Hands
|-resisted|p2a: Iron Hands
|-damage|p2a: Iron Hands|5/100
|move|p2a: Iron Hands|Drain Punch|p1a: Lokix
|-damage|p1a: Lokix|0 fnt
|-heal|p2a: Iron Hands|14/100|[from] drain|[of] p1a: Lokix
|faint|p1a: Lokix
|
|upkeep
|
|t:|1759075975
|switch|p1a: Ogerpon|Ogerpon-Wellspring, F|46/100
|turn|18
|
|t:|1759075982
|move|p1a: Ogerpon|Spiky Shield|p1a: Ogerpon
|-singleturn|p1a: Ogerpon|move: Protect
|move|p2a: Iron Hands|Supercell Slam|p1a: Ogerpon
|-activate|p1a: Ogerpon|move: Protect
|-damage|p2a: Iron Hands|1/100|[from] Spiky Shield|[of] p1a: Ogerpon
|-damage|p2a: Iron Hands|0 fnt|[from] supercellslam
|faint|p2a: Iron Hands
|-end|p2a: Iron Hands|Quark Drive|[silent]
|
|win|BlobbaBlobba
|raw|BlobbaBlobba's rating: 1172 &rarr; <strong>1195</strong><br />(+23 for winning)
|raw|noahthebadplayer's rating: 1138 &rarr; <strong>1115</strong><br />(-23 for losing)
|l|☆noahthebadplayer
|player|p2|
|l|☆BlobbaBlobba
|player|p1|
