|j|☆cglob
|j|☆Jayson_Ubo
|inactive|Battle timer is ON: inactive players will automatically lose when time's up.
|t:|1758930955
|gametype|singles
|player|p1|cglob|zinzolin|
|player|p2|Jayson_Ubo|hilbert|
|gen|9
|tier|[Gen 9] OU
|rated|Tournament battle
|rule|HP Percentage Mod: HP is shown in percentages
|rule|Endless Battle Clause: Forcing endless battles is banned
|rule|Species Clause: Limit one of each Pokémon
|rule|OHKO Clause: OHKO moves are banned
|rule|Evasion Items Clause: Evasion items are banned
|rule|Evasion Moves Clause: Evasion moves are banned
|rule|Evasion Abilities Clause: Evasion abilities are banned
|rule|Sleep Moves Clause: Sleep-inducing moves are banned
|raw|<div class="infobox"><details class="readmore" open><summary><strong>1 custom rule:</strong></summary> -wobbuffet</details></div>
|clearpoke
|poke|p1|Gimmighoul|
|poke|p1|Wooper, M|
|poke|p1|Snubbull, M|
|poke|p2|Porygon2|
|poke|p2|Toucannon, M|
|poke|p2|Electabuzz, F|
|teampreview
|j|*Lady Monita ☀
|inactive|Jayson_Ubo also wants the timer to be on.
|c|☆Jayson_Ubo|glhf
|inactive|cglob has 120 seconds left.
|c|☆cglob|u too bro
|
|t:|1758931005
|teamsize|p1|3
|teamsize|p2|3
|start
|switch|p1a: Snubbull|Snubbull, M|100/100
|switch|p2a: Electabuzz|Electabuzz, F|100/100
|-ability|p1a: Snubbull|Intimidate|boost
|-unboost|p2a: Electabuzz|atk|1
|turn|1
|
|t:|1758931010
|move|p2a: Electabuzz|Knock Off|p1a: Snubbull
|-resisted|p1a: Snubbull
|-damage|p1a: Snubbull|93/100
|-enditem|p1a: Snubbull|Eviolite|[from] move: Knock Off|[of] p2a: Electabuzz
|move|p1a: Snubbull|Earthquake|p2a: Electabuzz
|-supereffective|p2a: Electabuzz
|-damage|p2a: Electabuzz|25/100
|
|upkeep
|turn|2
|
|t:|1758931019
|switch|p2a: Toucannon|Toucannon, M|100/100
|move|p1a: Snubbull|Play Rough|p2a: Toucannon|[miss]
|-miss|p1a: Snubbull|p2a: Toucannon
|
|upkeep
|turn|3
|
|t:|1758931024
|move|p2a: Toucannon|Boomburst|p1a: Snubbull
|-damage|p1a: Snubbull|0 fnt
|faint|p1a: Snubbull
|-damage|p2a: Toucannon|91/100|[from] item: Life Orb
|
|upkeep
|
|t:|1758931031
|switch|p1a: Gimmighoul|Gimmighoul|100/100
|turn|4
|
|t:|1758931044
|switch|p2a: Electabuzz|Electabuzz, F|25/100
|move|p1a: Gimmighoul|Tera Blast|p2a: Electabuzz
|-damage|p2a: Electabuzz|6/100
|
|upkeep
|turn|5
|
|t:|1758931049
|move|p2a: Electabuzz|Knock Off|p1a: Gimmighoul
|-supereffective|p1a: Gimmighoul
|-damage|p1a: Gimmighoul|63/100
|-ability|p1a: Gimmighoul|Rattled|boost
|-boost|p1a: Gimmighoul|spe|1
|-enditem|p1a: Gimmighoul|Eviolite|[from] move: Knock Off|[of] p2a: Electabuzz
|move|p1a: Gimmighoul|Tera Blast|p2a: Electabuzz
|-damage|p2a: Electabuzz|0 fnt
|faint|p2a: Electabuzz
|
|upkeep
|
|t:|1758931058
|switch|p2a: Porygon2|Porygon2|100/100
|turn|6
|
|t:|1758931065
|-terastallize|p1a: Gimmighoul|Fighting
|move|p2a: Porygon2|Thunderbolt|p1a: Gimmighoul
|-damage|p1a: Gimmighoul|15/100
|move|p1a: Gimmighoul|Tera Blast|p2a: Porygon2|[anim] Tera Blast Fighting
|-supereffective|p2a: Porygon2
|-damage|p2a: Porygon2|60/100
|
|upkeep
|turn|7
|
|t:|1758931069
|move|p2a: Porygon2|Thunderbolt|p1a: Gimmighoul
|-damage|p1a: Gimmighoul|0 fnt
|faint|p1a: Gimmighoul
|
|upkeep
|
|t:|1758931071
|switch|p1a: Wooper|Wooper, M|100/100
|turn|8
|
|t:|1758931077
|move|p2a: Porygon2|Tera Blast|p1a: Wooper
|-damage|p1a: Wooper|22/100
|move|p1a: Wooper|Toxic|p2a: Porygon2|[miss]
|-miss|p1a: Wooper|p2a: Porygon2
|
|upkeep
|turn|9
|c|☆Jayson_Ubo|gg
|
|t:|1758931081
|move|p2a: Porygon2|Tera Blast|p1a: Wooper
|-crit|p1a: Wooper
|-damage|p1a: Wooper|0 fnt
|faint|p1a: Wooper
|
|win|Jayson_Ubo
|n|☆cglob|cglob
|n|☆Jayson_Ubo|jaysonubo
|n|*Lady Monita ☀|ladymonita
