|j|☆findmyhair
|j|☆grayscaless
|t:|1758978300
|gametype|singles
|player|p1|findmyhair|acetrainercouple|1085
|player|p2|grayscaless|102|1102
|gen|9
|tier|[Gen 9] OU
|rated|
|rule|HP Percentage Mod: HP is shown in percentages
|rule|Endless Battle Clause: Forcing endless battles is banned
|rule|Species Clause: Limit one of each Pokémon
|rule|OHKO Clause: OHKO moves are banned
|rule|Evasion Items Clause: Evasion items are banned
|rule|Evasion Moves Clause: Evasion moves are banned
|rule|Evasion Abilities Clause: Evasion abilities are banned
|rule|Sleep Moves Clause: Sleep-inducing moves are banned
|clearpoke
|poke|p1|Cresselia, F|
|poke|p1|Slowking-Galar, F|
|poke|p1|Iron Hands|
|poke|p1|Ursaluna, M|
|poke|p1|Crawdaunt, F|
|poke|p1|Klefki, M|
|poke|p2|Great Tusk|
|poke|p2|Heatran, M|
|poke|p2|Weavile, M|
|poke|p2|Primarina, M|
|poke|p2|Ogerpon, F|
|poke|p2|Pecharunt|
|teampreview
|inactive|Battle timer is ON: inactive players will automatically lose when time's up. (requested by findmyhair)
|
|t:|1758978305
|teamsize|p1|6
|teamsize|p2|6
|start
|switch|p1a: Klefki|Klefki, M|100/100
|switch|p2a: Chaos|Heatran, M, shiny|100/100
|-item|p2a: Chaos|Air Balloon
|turn|1
|
|t:|1758978317
|move|p1a: Klefki|Reflect|p1a: Klefki
|-sidestart|p1: findmyhair|Reflect
|move|p2a: Chaos|Taunt|p1a: Klefki
|-start|p1a: Klefki|move: Taunt
|
|upkeep
|turn|2
|
|t:|1758978324
|switch|p1a: Cresselia|Cresselia, F|100/100
|move|p2a: Chaos|Stealth Rock|p1a: Cresselia
|-sidestart|p1: findmyhair|move: Stealth Rock
|
|upkeep
|turn|3
|j| GruesomeLovelies
|
|t:|1758978339
|switch|p2a: Bandit|Weavile, M, shiny|100/100
|-ability|p2a: Bandit|Pressure
|move|p1a: Cresselia|Trick Room|p1a: Cresselia
|-fieldstart|move: Trick Room|[of] p1a: Cresselia
|
|upkeep
|turn|4
|
|t:|1758978359
|switch|p1a: Klefki|Klefki, M|100/100
|-damage|p1a: Klefki|95/100|[from] Stealth Rock
|move|p2a: Bandit|Knock Off|p1a: Klefki
|-resisted|p1a: Klefki
|-damage|p1a: Klefki|80/100
|-enditem|p1a: Klefki|Light Clay|[from] move: Knock Off|[of] p2a: Bandit
|
|upkeep
|turn|5
|
|t:|1758978375
|switch|p2a: Overseer|Pecharunt|100/100
|move|p1a: Klefki|Spikes|p2a: Overseer
|-sidestart|p2: grayscaless|Spikes
|
|upkeep
|turn|6
|
|t:|1758978384
|move|p1a: Klefki|Thunder Wave|p2a: Overseer
|-status|p2a: Overseer|par
|move|p2a: Overseer|Malignant Chain|p1a: Klefki
|-immune|p1a: Klefki
|
|upkeep
|turn|7
|
|t:|1758978393
|move|p1a: Klefki|Spikes|p2a: Overseer
|-sidestart|p2: grayscaless|Spikes
|move|p2a: Overseer|Parting Shot|p1a: Klefki
|-unboost|p1a: Klefki|atk|1
|-unboost|p1a: Klefki|spa|1
|
|t:|1758978400
|switch|p2a: Behemoth|Great Tusk, shiny|100/100|[from] Parting Shot
|
|-fieldend|move: Trick Room
|upkeep
|turn|8
|
|t:|1758978411
|switch|p1a: Cresselia|Cresselia, F|100/100
|-damage|p1a: Cresselia|88/100|[from] Stealth Rock
|move|p2a: Behemoth|Rapid Spin|p1a: Cresselia
|-damage|p1a: Cresselia|83/100
|-boost|p2a: Behemoth|spe|1
|-sideend|p2: grayscaless|Spikes|[from] move: Rapid Spin|[of] p2a: Behemoth
|
|-sideend|p1: findmyhair|Reflect
|upkeep
|turn|9
|
|t:|1758978430
|-end|p2a: Behemoth|Protosynthesis|[silent]
|switch|p2a: Bandit|Weavile, M, shiny|100/100
|-ability|p2a: Bandit|Pressure
|move|p1a: Cresselia|Trick Room|p1a: Cresselia
|-fieldstart|move: Trick Room|[of] p1a: Cresselia
|
|upkeep
|turn|10
|
|t:|1758978438
|switch|p1a: Klefki|Klefki, M|80/100
|-damage|p1a: Klefki|74/100|[from] Stealth Rock
|move|p2a: Bandit|Low Kick|p1a: Klefki
|-damage|p1a: Klefki|66/100
|
|upkeep
|turn|11
|
|t:|1758978451
|switch|p2a: Celestine|Primarina, M, shiny|100/100
|move|p1a: Klefki|Reflect|p1a: Klefki
|-sidestart|p1: findmyhair|Reflect
|
|upkeep
|turn|12
|
|t:|1758978458
|move|p1a: Klefki|Thunder Wave|p2a: Celestine
|-status|p2a: Celestine|par
|move|p2a: Celestine|Whirlpool|p1a: Klefki
|-damage|p1a: Klefki|41/100
|-activate|p1a: Klefki|move: Whirlpool|[of] p2a: Celestine
|
|-damage|p1a: Klefki|29/100|[from] move: Whirlpool|[partiallytrapped]
|upkeep
|turn|13
|
|t:|1758978469
|move|p1a: Klefki|Light Screen|p1a: Klefki
|-sidestart|p1: findmyhair|move: Light Screen
|move|p2a: Celestine|Psychic Noise|p1a: Klefki
|-damage|p1a: Klefki|5/100
|-start|p1a: Klefki|move: Heal Block
|
|-damage|p1a: Klefki|0 fnt|[from] move: Whirlpool|[partiallytrapped]
|faint|p1a: Klefki
|-fieldend|move: Trick Room
|upkeep
|
|t:|1758978479
|switch|p1a: Slowking|Slowking-Galar, F|100/100
|-damage|p1a: Slowking|88/100|[from] Stealth Rock
|turn|14
|
|t:|1758978484
|move|p2a: Celestine|Flip Turn|p1a: Slowking
|-damage|p1a: Slowking|81/100
|
|t:|1758978499
|switch|p2a: Bandit|Weavile, M, shiny|100/100|[from] Flip Turn
|-ability|p2a: Bandit|Pressure
|move|p1a: Slowking|Trick Room|p1a: Slowking
|-fieldstart|move: Trick Room|[of] p1a: Slowking
|
|-heal|p1a: Slowking|87/100|[from] item: Black Sludge
|upkeep
|turn|15
|
|t:|1758978516
|move|p1a: Slowking|Fire Blast|p2a: Bandit
|-supereffective|p2a: Bandit
|-damage|p2a: Bandit|0 fnt
|faint|p2a: Bandit
|
|-heal|p1a: Slowking|93/100|[from] item: Black Sludge
|-sideend|p1: findmyhair|Reflect
|upkeep
|
|t:|1758978525
|switch|p2a: Anonymous|Ogerpon, F|100/100
|turn|16
|
|t:|1758978531
|move|p1a: Slowking|Sludge Bomb|p2a: Anonymous
|-supereffective|p2a: Anonymous
|-damage|p2a: Anonymous|0 fnt
|faint|p2a: Anonymous
|
|-heal|p1a: Slowking|99/100|[from] item: Black Sludge
|upkeep
|
|t:|1758978540
|switch|p2a: Chaos|Heatran, M, shiny|100/100
|-item|p2a: Chaos|Air Balloon
|turn|17
|
|t:|1758978546
|switch|p1a: Cresselia|Cresselia, F|83/100
|-damage|p1a: Cresselia|71/100|[from] Stealth Rock
|move|p2a: Chaos|Magma Storm|p1a: Cresselia|[miss]
|-miss|p2a: Chaos|p1a: Cresselia
|
|-sideend|p1: findmyhair|move: Light Screen
|upkeep
|turn|18
|
|t:|1758978557
|move|p1a: Cresselia|Psychic|p2a: Chaos
|-resisted|p2a: Chaos
|-damage|p2a: Chaos|89/100
|-enditem|p2a: Chaos|Air Balloon
|move|p2a: Chaos|Taunt|p1a: Cresselia
|-start|p1a: Cresselia|move: Taunt
|-enditem|p1a: Cresselia|Mental Herb
|-end|p1a: Cresselia|move: Taunt
|
|-fieldend|move: Trick Room
|upkeep
|turn|19
|
|t:|1758978571
|switch|p1a: Slowking|Slowking-Galar, F|100/100
|-damage|p1a: Slowking|88/100|[from] Stealth Rock
|move|p2a: Chaos|Earth Power|p1a: Slowking
|-supereffective|p1a: Slowking
|-damage|p1a: Slowking|35/100
|
|-heal|p1a: Slowking|41/100|[from] item: Black Sludge
|upkeep
|turn|20
|
|t:|1758978581
|switch|p1a: Cresselia|Cresselia, F|71/100
|-damage|p1a: Cresselia|58/100|[from] Stealth Rock
|move|p2a: Chaos|Taunt|p1a: Cresselia
|-start|p1a: Cresselia|move: Taunt
|
|upkeep
|turn|21
|
|t:|1758978590
|switch|p1a: Crawdaunt|Crawdaunt, F|100/100
|-damage|p1a: Crawdaunt|88/100|[from] Stealth Rock
|move|p2a: Chaos|Earth Power|p1a: Crawdaunt
|-damage|p1a: Crawdaunt|37/100
|
|upkeep
|turn|22
|
|t:|1758978602
|move|p1a: Crawdaunt|Aqua Jet|p2a: Chaos
|-supereffective|p2a: Chaos
|-damage|p2a: Chaos|16/100
|-damage|p1a: Crawdaunt|27/100|[from] item: Life Orb
|move|p2a: Chaos|Earth Power|p1a: Crawdaunt
|-damage|p1a: Crawdaunt|0 fnt
|faint|p1a: Crawdaunt
|
|upkeep
|
|t:|1758978609
|switch|p1a: Cresselia|Cresselia, F|58/100
|-damage|p1a: Cresselia|46/100|[from] Stealth Rock
|turn|23
|
|t:|1758978621
|move|p2a: Chaos|Earth Power|p1a: Cresselia
|-immune|p1a: Cresselia|[from] ability: Levitate
|move|p1a: Cresselia|Trick Room|p1a: Cresselia
|-fieldstart|move: Trick Room|[of] p1a: Cresselia
|
|upkeep
|turn|24
|
|t:|1758978628
|switch|p1a: Ursaluna|Ursaluna, M|100/100
|-damage|p1a: Ursaluna|94/100|[from] Stealth Rock
|move|p2a: Chaos|Magma Storm|p1a: Ursaluna
|-damage|p1a: Ursaluna|48/100
|-activate|p1a: Ursaluna|move: Magma Storm|[of] p2a: Chaos
|
|-damage|p1a: Ursaluna|36/100|[from] move: Magma Storm|[partiallytrapped]
|-status|p1a: Ursaluna|brn|[from] item: Flame Orb
|upkeep
|turn|25
|
|t:|1758978637
|move|p1a: Ursaluna|Earthquake|p2a: Chaos
|-supereffective|p2a: Chaos
|-damage|p2a: Chaos|0 fnt
|faint|p2a: Chaos
|
|-damage|p1a: Ursaluna|30/100 brn|[from] brn
|-end|p1a: Ursaluna|Magma Storm|[partiallytrapped]|[silent]
|upkeep
|
|t:|1758978645
|switch|p2a: Behemoth|Great Tusk, shiny|100/100
|turn|26
|
|t:|1758978650
|move|p1a: Ursaluna|Facade|p2a: Behemoth
|-damage|p2a: Behemoth|16/100
|move|p2a: Behemoth|Ice Spinner|p1a: Ursaluna
|-supereffective|p1a: Ursaluna
|-damage|p1a: Ursaluna|0 fnt
|faint|p1a: Ursaluna
|
|upkeep
|
|t:|1758978659
|switch|p1a: Iron Hands|Iron Hands|100/100
|-damage|p1a: Iron Hands|94/100|[from] Stealth Rock
|turn|27
|
|t:|1758978671
|-terastallize|p2a: Behemoth|Ground
|move|p1a: Iron Hands|Ice Punch|p2a: Behemoth
|-supereffective|p2a: Behemoth
|-damage|p2a: Behemoth|0 fnt
|faint|p2a: Behemoth
|-end|p2a: Behemoth|Protosynthesis|[silent]
|
|-fieldend|move: Trick Room
|upkeep
|
|t:|1758978679
|switch|p2a: Overseer|Pecharunt|100/100 par
|turn|28
|
|t:|1758978683
|move|p2a: Overseer|Malignant Chain|p1a: Iron Hands
|-damage|p1a: Iron Hands|74/100
|move|p1a: Iron Hands|Wild Charge|p2a: Overseer
|-damage|p2a: Overseer|75/100 par
|-damage|p1a: Iron Hands|58/100|[from] item: Rocky Helmet|[of] p2a: Overseer
|-damage|p1a: Iron Hands|53/100|[from] Recoil
|
|upkeep
|turn|29
|
|t:|1758978693
|-end|p1a: Iron Hands|Quark Drive|[silent]
|switch|p1a: Slowking|Slowking-Galar, F|74/100
|-damage|p1a: Slowking|62/100|[from] Stealth Rock
|move|p2a: Overseer|Shadow Ball|p1a: Slowking
|-supereffective|p1a: Slowking
|-damage|p1a: Slowking|22/100
|
|-heal|p1a: Slowking|28/100|[from] item: Black Sludge
|upkeep
|turn|30
|
|t:|1758978704
|switch|p1a: Iron Hands|Iron Hands|53/100
|-damage|p1a: Iron Hands|47/100|[from] Stealth Rock
|cant|p2a: Overseer|par
|
|upkeep
|turn|31
|c|☆findmyhair|gg i lose
|
|t:|1758978712
|move|p2a: Overseer|Recover|p2a: Overseer
|-heal|p2a: Overseer|100/100 par
|move|p1a: Iron Hands|Wild Charge|p2a: Overseer
|-damage|p2a: Overseer|75/100 par
|-damage|p1a: Iron Hands|30/100|[from] item: Rocky Helmet|[of] p2a: Overseer
|-damage|p1a: Iron Hands|25/100|[from] Recoil
|
|upkeep
|turn|32
|
|t:|1758978722
|-end|p1a: Iron Hands|Quark Drive|[silent]
|switch|p1a: Cresselia|Cresselia, F|46/100
|-damage|p1a: Cresselia|33/100|[from] Stealth Rock
|cant|p2a: Overseer|par
|
|upkeep
|turn|33
|
|t:|1758978729
|-terastallize|p1a: Cresselia|Fairy
|move|p2a: Overseer|Shadow Ball|p1a: Cresselia
|-damage|p1a: Cresselia|18/100
|move|p1a: Cresselia|Trick Room|p1a: Cresselia
|-fieldstart|move: Trick Room|[of] p1a: Cresselia
|
|upkeep
|turn|34
|
|t:|1758978738
|move|p2a: Overseer|Malignant Chain|p1a: Cresselia
|-supereffective|p1a: Cresselia
|-damage|p1a: Cresselia|0 fnt
|faint|p1a: Cresselia
|
|upkeep
|
|t:|1758978744
|switch|p1a: Slowking|Slowking-Galar, F|61/100
|-damage|p1a: Slowking|48/100|[from] Stealth Rock
|turn|35
|
|t:|1758978749
|move|p1a: Slowking|Fire Blast|p2a: Overseer
|-damage|p2a: Overseer|39/100 par
|move|p2a: Overseer|Parting Shot|p1a: Slowking
|-unboost|p1a: Slowking|atk|1
|-unboost|p1a: Slowking|spa|1
|
|t:|1758978756
|switch|p2a: Celestine|Primarina, M, shiny|100/100 par|[from] Parting Shot
|
|-heal|p1a: Slowking|55/100|[from] item: Black Sludge
|upkeep
|turn|36
|
|t:|1758978765
|move|p1a: Slowking|Nasty Plot|p1a: Slowking
|-boost|p1a: Slowking|spa|2
|cant|p2a: Celestine|par
|
|-heal|p1a: Slowking|61/100|[from] item: Black Sludge
|upkeep
|turn|37
|
|t:|1758978774
|move|p1a: Slowking|Sludge Bomb|p2a: Celestine
|-supereffective|p2a: Celestine
|-damage|p2a: Celestine|27/100 par
|move|p2a: Celestine|Whirlpool|p1a: Slowking
|-damage|p1a: Slowking|44/100
|-activate|p1a: Slowking|move: Whirlpool|[of] p2a: Celestine
|
|-heal|p1a: Slowking|50/100|[from] item: Black Sludge
|-damage|p1a: Slowking|38/100|[from] move: Whirlpool|[partiallytrapped]
|-fieldend|move: Trick Room
|upkeep
|turn|38
|
|t:|1758978786
|move|p2a: Celestine|Flip Turn|p1a: Slowking
|-damage|p1a: Slowking|23/100
|
|t:|1758978790
|switch|p2a: Overseer|Pecharunt|39/100 par|[from] Flip Turn
|move|p1a: Slowking|Sludge Bomb|p2a: Overseer
|-resisted|p2a: Overseer
|-crit|p2a: Overseer
|-damage|p2a: Overseer|12/100 par
|
|-heal|p1a: Slowking|29/100|[from] item: Black Sludge
|-end|p1a: Slowking|Whirlpool|[partiallytrapped]|[silent]
|upkeep
|turn|39
|
|t:|1758978801
|move|p2a: Overseer|Recover|p2a: Overseer
|-heal|p2a: Overseer|62/100 par
|move|p1a: Slowking|Trick Room|p1a: Slowking
|-fieldstart|move: Trick Room|[of] p1a: Slowking
|
|-heal|p1a: Slowking|36/100|[from] item: Black Sludge
|upkeep
|turn|40
|
|t:|1758978809
|move|p1a: Slowking|Nasty Plot|p1a: Slowking
|-boost|p1a: Slowking|spa|2
|move|p2a: Overseer|Recover|p2a: Overseer
|-heal|p2a: Overseer|100/100 par
|
|-heal|p1a: Slowking|42/100|[from] item: Black Sludge
|upkeep
|turn|41
|
|t:|1758978819
|move|p1a: Slowking|Fire Blast|p2a: Overseer
|-damage|p2a: Overseer|12/100 par
|move|p2a: Overseer|Shadow Ball|p1a: Slowking
|-supereffective|p1a: Slowking
|-damage|p1a: Slowking|0 fnt
|faint|p1a: Slowking
|
|upkeep
|
|t:|1758978826
|switch|p1a: Iron Hands|Iron Hands|25/100
|-damage|p1a: Iron Hands|19/100|[from] Stealth Rock
|turn|42
|
|t:|1758978833
|move|p1a: Iron Hands|Ice Punch|p2a: Overseer
|-damage|p2a: Overseer|0 fnt
|-damage|p1a: Iron Hands|3/100|[from] item: Rocky Helmet|[of] p2a: Overseer
|faint|p2a: Overseer
|
|upkeep
|
|t:|1758978839
|switch|p2a: Celestine|Primarina, M, shiny|27/100 par
|turn|43
|
|t:|1758978845
|move|p2a: Celestine|Flip Turn|p1a: Iron Hands
|-damage|p1a: Iron Hands|0 fnt
|faint|p1a: Iron Hands
|-end|p1a: Iron Hands|Quark Drive|[silent]
|
|win|grayscaless
|raw|findmyhair's rating: 1085 &rarr; <strong>1063</strong><br />(-22 for losing)
|raw|grayscaless's rating: 1102 &rarr; <strong>1126</strong><br />(+24 for winning)
|l|☆grayscaless
|player|p2|
|l|☆findmyhair
|player|p1|
|l| GruesomeLovelies
|j|☆findmyhair
|player|p1|findmyhair|acetrainercouple|
