|j|☆JP ShinySeeker
|j|☆MishTheFish
|t:|1758922288
|gametype|singles
|player|p1|JP ShinySeeker|grimsley|1272
|player|p2|MishTheFish|265|1221
|gen|9
|tier|[Gen 9] OU
|rated|
|rule|HP Percentage Mod: HP is shown in percentages
|rule|Endless Battle Clause: Forcing endless battles is banned
|rule|Species Clause: Limit one of each Pokémon
|rule|OHKO Clause: OHKO moves are banned
|rule|Evasion Items Clause: Evasion items are banned
|rule|Evasion Moves Clause: Evasion moves are banned
|rule|Evasion Abilities Clause: Evasion abilities are banned
|rule|Sleep Moves Clause: Sleep-inducing moves are banned
|clearpoke
|poke|p1|Araquanid, M|
|poke|p1|Cinderace, M|
|poke|p1|Kingambit, M|
|poke|p1|Milotic, F|
|poke|p1|Gothitelle, F|
|poke|p1|Serperior, M|
|poke|p2|Pelipper, F|
|poke|p2|Hatterene, F|
|poke|p2|Iron Treads|
|poke|p2|Toxicroak, M|
|poke|p2|Barraskewda, M|
|poke|p2|Zapdos|
|teampreview
|
|t:|1758922295
|teamsize|p1|6
|teamsize|p2|6
|start
|switch|p1a: Araquanid|Araquanid, M|100/100
|switch|p2a: Pelipper|Pelipper, F, shiny|100/100
|-weather|RainDance|[from] ability: Drizzle|[of] p2a: Pelipper
|turn|1
|
|t:|1758922300
|move|p2a: Pelipper|Hurricane|p1a: Araquanid
|-supereffective|p1a: Araquanid
|-damage|p1a: Araquanid|42/100
|move|p1a: Araquanid|Sticky Web|p2a: Pelipper
|-sidestart|p2: MishTheFish|move: Sticky Web
|
|-weather|RainDance|[upkeep]
|upkeep
|turn|2
|
|t:|1758922305
|move|p2a: Pelipper|Hurricane|p1a: Araquanid
|-supereffective|p1a: Araquanid
|-crit|p1a: Araquanid
|-damage|p1a: Araquanid|0 fnt
|faint|p1a: Araquanid
|
|-weather|RainDance|[upkeep]
|upkeep
|
|t:|1758922312
|switch|p1a: Cinderace|Cinderace, M|100/100
|turn|3
|
|t:|1758922316
|move|p1a: Cinderace|Court Change|p1a: Cinderace
|-swapsideconditions
|-activate|p1a: Cinderace|move: Court Change
|move|p2a: Pelipper|U-turn|p1a: Cinderace
|-resisted|p1a: Cinderace
|-damage|p1a: Cinderace|94/100
|
|t:|1758922323
|switch|p2a: Zapdos|Zapdos, shiny|100/100|[from] U-turn
|
|-weather|RainDance|[upkeep]
|upkeep
|turn|4
|
|t:|1758922329
|move|p1a: Cinderace|Will-O-Wisp|p2a: Zapdos
|-status|p2a: Zapdos|brn
|move|p2a: Zapdos|Hurricane|p1a: Cinderace
|-damage|p1a: Cinderace|0 fnt
|faint|p1a: Cinderace
|
|-weather|RainDance|[upkeep]
|-damage|p2a: Zapdos|94/100 brn|[from] brn
|upkeep
|
|t:|1758922337
|switch|p1a: Gothitelle|Gothitelle, F|100/100
|-activate|p1a: Gothitelle|move: Sticky Web
|-unboost|p1a: Gothitelle|spe|1
|-ability|p1a: Gothitelle|Competitive|boost
|-boost|p1a: Gothitelle|spa|2
|turn|5
|
|t:|1758922352
|switch|p2a: Iron Treads|Iron Treads, shiny|100/100
|move|p1a: Gothitelle|Trick Room|p1a: Gothitelle
|-fieldstart|move: Trick Room|[of] p1a: Gothitelle
|
|-weather|RainDance|[upkeep]
|upkeep
|turn|6
|
|t:|1758922361
|move|p1a: Gothitelle|Focus Blast|p2a: Iron Treads
|-supereffective|p2a: Iron Treads
|-damage|p2a: Iron Treads|0 fnt
|faint|p2a: Iron Treads
|-end|p2a: Iron Treads|Quark Drive|[silent]
|-damage|p1a: Gothitelle|91/100|[from] item: Life Orb
|
|-weather|RainDance|[upkeep]
|upkeep
|
|t:|1758922369
|switch|p2a: Barraskewda|Barraskewda, M, shiny|100/100
|turn|7
|
|t:|1758922372
|-terastallize|p2a: Barraskewda|Water
|move|p2a: Barraskewda|Aqua Jet|p1a: Gothitelle
|-damage|p1a: Gothitelle|15/100
|move|p1a: Gothitelle|Psychic|p2a: Barraskewda
|-crit|p2a: Barraskewda
|-damage|p2a: Barraskewda|0 fnt
|faint|p2a: Barraskewda
|-damage|p1a: Gothitelle|5/100|[from] item: Life Orb
|
|-weather|RainDance|[upkeep]
|upkeep
|
|t:|1758922389
|switch|p2a: Hatterene|Hatterene, F, shiny|100/100
|turn|8
|
|t:|1758922400
|move|p1a: Gothitelle|Shadow Ball|p2a: Hatterene
|-supereffective|p2a: Hatterene
|-damage|p2a: Hatterene|0 fnt
|faint|p2a: Hatterene
|-damage|p1a: Gothitelle|0 fnt|[from] item: Life Orb
|faint|p1a: Gothitelle
|
|-weather|none
|upkeep
|
|t:|1758922416
|switch|p1a: Kingambit|Kingambit, M|100/100
|switch|p2a: Pelipper|Pelipper, F, shiny|100/100
|-weather|RainDance|[from] ability: Drizzle|[of] p2a: Pelipper
|-activate|p1a: Kingambit|move: Sticky Web
|-unboost|p1a: Kingambit|spe|1
|-ability|p1a: Kingambit|Defiant|boost
|-boost|p1a: Kingambit|atk|2
|turn|9
|
|t:|1758922425
|move|p1a: Kingambit|Kowtow Cleave|p2a: Pelipper
|-damage|p2a: Pelipper|0 fnt
|faint|p2a: Pelipper
|
|-weather|RainDance|[upkeep]
|-fieldend|move: Trick Room
|upkeep
|
|t:|1758922428
|switch|p2a: Toxicroak|Toxicroak, M, shiny|100/100
|turn|10
|
|t:|1758922433
|move|p2a: Toxicroak|Drain Punch|p1a: Kingambit
|-supereffective|p1a: Kingambit
|-damage|p1a: Kingambit|28/100
|move|p1a: Kingambit|Kowtow Cleave|p2a: Toxicroak
|-resisted|p2a: Toxicroak
|-damage|p2a: Toxicroak|54/100
|-damage|p1a: Kingambit|12/100|[from] item: Rocky Helmet|[of] p2a: Toxicroak
|
|-weather|RainDance|[upkeep]
|-heal|p2a: Toxicroak|66/100|[from] ability: Dry Skin
|upkeep
|turn|11
|
|t:|1758922440
|move|p1a: Kingambit|Sucker Punch|p2a: Toxicroak
|-resisted|p2a: Toxicroak
|-damage|p2a: Toxicroak|29/100
|-damage|p1a: Kingambit|0 fnt|[from] item: Rocky Helmet|[of] p2a: Toxicroak
|faint|p1a: Kingambit
|move|p2a: Toxicroak|Drain Punch|p1: Kingambit|[notarget]
|-fail|p2a: Toxicroak
|
|-weather|RainDance|[upkeep]
|-heal|p2a: Toxicroak|41/100|[from] ability: Dry Skin
|upkeep
|
|t:|1758922442
|switch|p1a: Milotic|Milotic, F, shiny|100/100
|-activate|p1a: Milotic|move: Sticky Web
|-unboost|p1a: Milotic|spe|1
|-ability|p1a: Milotic|Competitive|boost
|-boost|p1a: Milotic|spa|2
|turn|12
|
|t:|1758922446
|-terastallize|p1a: Milotic|Fairy
|move|p2a: Toxicroak|Encore||[still]
|-fail|p2a: Toxicroak
|move|p1a: Milotic|Draining Kiss|p2a: Toxicroak
|-damage|p2a: Toxicroak|0 fnt
|-damage|p1a: Milotic|84/100|[from] item: Rocky Helmet|[of] p2a: Toxicroak
|faint|p2a: Toxicroak
|
|-weather|RainDance|[upkeep]
|upkeep
|
|t:|1758922451
|switch|p2a: Zapdos|Zapdos, shiny|94/100 brn
|turn|13
|
|t:|1758922453
|move|p2a: Zapdos|Hurricane|p1a: Milotic
|-damage|p1a: Milotic|19/100
|move|p1a: Milotic|Draining Kiss|p2a: Zapdos
|-damage|p2a: Zapdos|0 fnt
|-heal|p1a: Milotic|77/100|[from] drain|[of] p2a: Zapdos
|faint|p2a: Zapdos
|
|win|JP ShinySeeker
|raw|JP ShinySeeker's rating: 1272 &rarr; <strong>1293</strong><br />(+21 for winning)
|raw|MishTheFish's rating: 1221 &rarr; <strong>1200</strong><br />(-21 for losing)
|l|☆MishTheFish
|player|p2|
|l|☆JP ShinySeeker
|player|p1|
