|j|☆asukapower
|j|☆Fairytale22244!
|t:|1758938126
|gametype|singles
|player|p1|asukapower|101|1096
|player|p2|Fairytale22244!|101|1086
|gen|9
|tier|[Gen 9] OU
|rated|
|rule|HP Percentage Mod: HP is shown in percentages
|rule|Endless Battle Clause: Forcing endless battles is banned
|rule|Species Clause: Limit one of each Pokémon
|rule|OHKO Clause: OHKO moves are banned
|rule|Evasion Items Clause: Evasion items are banned
|rule|Evasion Moves Clause: Evasion moves are banned
|rule|Evasion Abilities Clause: Evasion abilities are banned
|rule|Sleep Moves Clause: Sleep-inducing moves are banned
|clearpoke
|poke|p1|Orthworm, F|
|poke|p1|Dragonite, F|
|poke|p1|Gliscor, F|
|poke|p1|Ting-Lu|
|poke|p1|Tinkaton, F|
|poke|p1|Brambleghast, F|
|poke|p2|Golduck, M|
|poke|p2|Gardevoir, M|
|poke|p2|Weezing-Galar, F|
|poke|p2|Swalot, M|
|poke|p2|Vivillon-Icy Snow, F|
|poke|p2|Vikavolt, M|
|teampreview
|
|t:|1758938185
|teamsize|p1|6
|teamsize|p2|6
|start
|switch|p1a: Brambleghast|Brambleghast, F|100/100
|switch|p2a: Vikavolt|Vikavolt, M|100/100
|turn|1
|inactive|Battle timer is ON: inactive players will automatically lose when time's up. (requested by asukapower)
|
|t:|1758938220
|switch|p1a: Raiara Jato|Gliscor, F, shiny|100/100
|move|p2a: Vikavolt|Sticky Web|p1a: Raiara Jato
|-sidestart|p1: asukapower|move: Sticky Web
|
|-status|p1a: Raiara Jato|tox|[from] item: Toxic Orb
|upkeep
|turn|2
|
|t:|1758938228
|switch|p2a: Golduck|Golduck, M|100/100
|-ability|p2a: Golduck|Cloud Nine
|move|p1a: Raiara Jato|Knock Off|p2a: Golduck
|-damage|p2a: Golduck|71/100
|-enditem|p2a: Golduck|Heavy-Duty Boots|[from] move: Knock Off|[of] p1a: Raiara Jato
|
|upkeep
|turn|3
|
|t:|1758938238
|move|p1a: Raiara Jato|Protect|p1a: Raiara Jato
|-singleturn|p1a: Raiara Jato|Protect
|move|p2a: Golduck|Simple Beam|p1a: Raiara Jato
|-activate|p1a: Raiara Jato|move: Protect
|
|upkeep
|turn|4
|inactive|Fairytale22244! has 120 seconds left.
|
|t:|1758938272
|move|p2a: Golduck|Simple Beam|p1a: Raiara Jato
|-ability|p1a: Raiara Jato|Simple|Poison Heal|[from] move: Simple Beam
|move|p1a: Raiara Jato|Toxic Spikes|p2a: Golduck
|-sidestart|p2: Fairytale22244!|move: Toxic Spikes
|
|-damage|p1a: Raiara Jato|82/100 tox|[from] psn
|upkeep
|turn|5
|
|t:|1758938288
|switch|p1a: Allita|Dragonite, F|100/100
|move|p2a: Golduck|Flip Turn|p1a: Allita
|-resisted|p1a: Allita
|-damage|p1a: Allita|96/100
|inactive|Fairytale22244! has 120 seconds left.
|
|t:|1758938307
|switch|p2a: Gardevoir|Gardevoir, M|100/100|[from] Flip Turn
|-status|p2a: Gardevoir|psn
|-ability|p2a: Gardevoir|Multiscale|Trace|[from] ability: Trace|[of] p1a: Allita
|
|-damage|p2a: Gardevoir|88/100 psn|[from] psn
|upkeep
|turn|6
|inactive|Fairytale22244! has 120 seconds left.
|
|t:|1758938321
|-terastallize|p2a: Gardevoir|Fairy
|move|p2a: Gardevoir|Calm Mind|p2a: Gardevoir
|-boost|p2a: Gardevoir|spa|1
|-boost|p2a: Gardevoir|spd|1
|move|p1a: Allita|Dragon Dance|p1a: Allita
|-boost|p1a: Allita|atk|1
|-boost|p1a: Allita|spe|1
|
|-damage|p2a: Gardevoir|76/100 psn|[from] psn
|upkeep
|turn|7
|
|t:|1758938332
|move|p1a: Allita|Earthquake|p2a: Gardevoir
|-damage|p2a: Gardevoir|0 fnt
|faint|p2a: Gardevoir
|
|upkeep
|inactive|Fairytale22244! has 120 seconds left.
|inactive|Fairytale22244! has 90 seconds left.
|
|t:|1758938383
|switch|p2a: Weezing|Weezing-Galar, F|100/100
|-sideend|p2: Fairytale22244!|move: Toxic Spikes|[of] p2a: Weezing
|-fieldstart|move: Misty Terrain|[from] ability: Misty Surge|[of] p2a: Weezing
|turn|8
|
|t:|1758938404
|move|p1a: Allita|Earthquake|p2a: Weezing
|-supereffective|p2a: Weezing
|-damage|p2a: Weezing|11/100
|move|p2a: Weezing|Strange Steam|p1a: Allita
|-supereffective|p1a: Allita
|-damage|p1a: Allita|18/100
|
|upkeep
|turn|9
|inactive|Fairytale22244! has 90 seconds left.
|
|t:|1758938417
|switch|p2a: snow white|Vivillon-Icy Snow, F, shiny|100/100
|move|p1a: Allita|Earthquake|p2a: snow white
|-immune|p2a: snow white
|
|upkeep
|turn|10
|
|t:|1758938425
|move|p1a: Allita|Roost|p1a: Allita
|-heal|p1a: Allita|68/100
|-singleturn|p1a: Allita|move: Roost
|move|p2a: snow white|Quiver Dance|p2a: snow white
|-boost|p2a: snow white|spa|1
|-boost|p2a: snow white|spd|1
|-boost|p2a: snow white|spe|1
|
|upkeep
|turn|11
|inactive|Fairytale22244! has 90 seconds left.
|
|t:|1758938449
|move|p2a: snow white|Quiver Dance|p2a: snow white
|-boost|p2a: snow white|spa|1
|-boost|p2a: snow white|spd|1
|-boost|p2a: snow white|spe|1
|move|p1a: Allita|Roost|p1a: Allita
|-heal|p1a: Allita|100/100
|-singleturn|p1a: Allita|move: Roost
|
|upkeep
|turn|12
|
|t:|1758938458
|move|p2a: snow white|Quiver Dance|p2a: snow white
|-boost|p2a: snow white|spa|1
|-boost|p2a: snow white|spd|1
|-boost|p2a: snow white|spe|1
|move|p1a: Allita|Dragon Dance|p1a: Allita
|-boost|p1a: Allita|atk|1
|-boost|p1a: Allita|spe|1
|
|-fieldend|Misty Terrain
|upkeep
|turn|13
|
|t:|1758938462
|move|p2a: snow white|Hurricane|p1a: Allita
|-damage|p1a: Allita|44/100
|move|p1a: Allita|Dragon Dance|p1a: Allita
|-boost|p1a: Allita|atk|1
|-boost|p1a: Allita|spe|1
|
|upkeep
|turn|14
|
|t:|1758938477
|move|p1a: Allita|Extreme Speed|p2a: snow white
|-enditem|p2a: snow white|Focus Sash
|-damage|p2a: snow white|1/100
|move|p2a: snow white|Hurricane|p1a: Allita
|-damage|p1a: Allita|0 fnt
|faint|p1a: Allita
|
|upkeep
|
|t:|1758938491
|switch|p1a: Brambleghast|Brambleghast, F|100/100
|-activate|p1a: Brambleghast|move: Sticky Web
|-unboost|p1a: Brambleghast|spe|1
|turn|15
|inactive|Fairytale22244! has 120 seconds left.
|
|t:|1758938526
|move|p2a: snow white|Hurricane|p1a: Brambleghast
|-ability|p1a: Brambleghast|Wind Rider|boost
|-boost|p1a: Brambleghast|atk|1
|move|p1a: Brambleghast|Rapid Spin|p2a: snow white
|-damage|p2a: snow white|0 fnt
|-boost|p1a: Brambleghast|spe|1
|-sideend|p1: asukapower|Sticky Web|[from] move: Rapid Spin|[of] p1a: Brambleghast
|faint|p2a: snow white
|
|upkeep
|c|☆Fairytale22244!|F
|c|☆Fairytale22244!|I forgot
|
|t:|1758938534
|switch|p2a: Swalot|Swalot, M, shiny|100/100
|turn|16
|c|☆asukapower|GG
|c|☆asukapower|WP
|
|t:|1758938548
|move|p1a: Brambleghast|Curse|p2a: Swalot
|-start|p2a: Swalot|Curse|[of] p1a: Brambleghast
|-damage|p1a: Brambleghast|50/100
|move|p2a: Swalot|Stuff Cheeks|p2a: Swalot
|-boost|p2a: Swalot|def|2
|-enditem|p2a: Swalot|Starf Berry|[eat]
|-boost|p2a: Swalot|spa|2|[from] item: Starf Berry
|
|-damage|p2a: Swalot|75/100|[from] Curse
|upkeep
|turn|17
|c|☆Fairytale22244!|thanks <3
|
|t:|1758938558
|move|p1a: Brambleghast|Strength Sap|p2a: Swalot
|-unboost|p2a: Swalot|atk|1
|-heal|p1a: Brambleghast|100/100
|move|p2a: Swalot|Belch|p1a: Brambleghast
|-damage|p1a: Brambleghast|7/100
|
|-damage|p2a: Swalot|50/100|[from] Curse
|upkeep
|turn|18
|inactive|Fairytale22244! has 120 seconds left.
|inactive|Fairytale22244! has 90 seconds left.
|
|t:|1758938600
|move|p1a: Brambleghast|Leech Seed|p2a: Swalot
|-start|p2a: Swalot|move: Leech Seed
|move|p2a: Swalot|Thief|p1a: Brambleghast
|-supereffective|p1a: Brambleghast
|-damage|p1a: Brambleghast|0 fnt
|-enditem|p1a: Brambleghast|Focus Sash|[silent]|[from] move: Thief|[of] p2a: Swalot
|-item|p2a: Swalot|Focus Sash|[from] move: Thief|[of] p1a: Brambleghast
|faint|p1a: Brambleghast
|
|-damage|p2a: Swalot|25/100|[from] Curse
|upkeep
|c|☆Fairytale22244!|gg what?
|
|t:|1758938613
|switch|p1a: Ting-Luize|Ting-Lu|100/100
|-ability|p1a: Ting-Luize|Vessel of Ruin
|turn|19
|inactive|Fairytale22244! has 90 seconds left.
|
|t:|1758938626
|move|p2a: Swalot|Body Press|p1a: Ting-Luize
|-supereffective|p1a: Ting-Luize
|-damage|p1a: Ting-Luize|68/100
|move|p1a: Ting-Luize|Stealth Rock|p2a: Swalot
|-sidestart|p2: Fairytale22244!|move: Stealth Rock
|
|-heal|p1a: Ting-Luize|75/100|[from] item: Leftovers
|-damage|p2a: Swalot|13/100|[from] Leech Seed|[of] p1a: Ting-Luize
|-heal|p1a: Ting-Luize|84/100|[silent]
|-damage|p2a: Swalot|0 fnt|[from] Curse
|faint|p2a: Swalot
|upkeep
|inactive|Fairytale22244! has 90 seconds left.
|
|t:|1758938632
|switch|p2a: Weezing|Weezing-Galar, F|11/100
|-damage|p2a: Weezing|0 fnt|[from] Stealth Rock
|faint|p2a: Weezing
|c|☆asukapower|Good Game
|
|t:|1758938635
|switch|p2a: Golduck|Golduck, M|71/100
|-damage|p2a: Golduck|58/100|[from] Stealth Rock
|-ability|p2a: Golduck|Cloud Nine
|turn|20
|
|t:|1758938658
|move|p2a: Golduck|Simple Beam|p1a: Ting-Luize
|-ability|p1a: Ting-Luize|Simple|Vessel of Ruin|[from] move: Simple Beam
|move|p1a: Ting-Luize|Spikes|p2a: Golduck
|-sidestart|p2: Fairytale22244!|Spikes
|
|-heal|p1a: Ting-Luize|91/100|[from] item: Leftovers
|upkeep
|turn|21
|inactive|Fairytale22244! has 90 seconds left.
|
|t:|1758938689
|move|p2a: Golduck|Liquidation|p1a: Ting-Luize
|-supereffective|p1a: Ting-Luize
|-damage|p1a: Ting-Luize|53/100
|move|p1a: Ting-Luize|Ruination|p2a: Golduck
|-damage|p2a: Golduck|29/100
|
|-heal|p1a: Ting-Luize|59/100|[from] item: Leftovers
|upkeep
|turn|22
|
|t:|1758938708
|switch|p1a: Poppy Anã|Tinkaton, F|100/100
|-ability|p1a: Poppy Anã|Mold Breaker
|move|p2a: Golduck|Liquidation|p1a: Poppy Anã
|-damage|p1a: Poppy Anã|66/100
|
|upkeep
|turn|23
|inactive|Fairytale22244! has 90 seconds left.
|
|t:|1758938736
|move|p2a: Golduck|Simple Beam|p1a: Poppy Anã
|-ability|p1a: Poppy Anã|Simple|Mold Breaker|[from] move: Simple Beam
|move|p1a: Poppy Anã|Play Rough|p2a: Golduck|[miss]
|-miss|p1a: Poppy Anã|p2a: Golduck
|
|upkeep
|turn|24
|
|t:|1758938749
|move|p2a: Golduck|Liquidation|p1a: Poppy Anã
|-damage|p1a: Poppy Anã|27/100
|move|p1a: Poppy Anã|Draining Kiss|p2a: Golduck
|-damage|p2a: Golduck|12/100
|-heal|p1a: Poppy Anã|38/100|[from] drain|[of] p2a: Golduck
|
|upkeep
|turn|25
|inactive|Fairytale22244! has 90 seconds left.
|inactive|Fairytale22244! has 60 seconds left.
|
|t:|1758938786
|move|p2a: Golduck|Liquidation|p1a: Poppy Anã
|-damage|p1a: Poppy Anã|0 fnt
|faint|p1a: Poppy Anã
|
|upkeep
|
|t:|1758938798
|switch|p1a: Raiara Jato|Gliscor, F, shiny|82/100 tox
|turn|26
|inactive|Fairytale22244! has 60 seconds left.
|inactive|Fairytale22244! has 30 seconds left.
|inactive|Fairytale22244! has 20 seconds left.
|inactive|Fairytale22244! has 15 seconds left.
|c|☆asukapower|oh man
|inactive|Fairytale22244! has 10 seconds left.
|inactive|Fairytale22244! has 5 seconds left.
|c|☆asukapower|F
|-message|Fairytale22244! lost due to inactivity.
|
|win|asukapower
|raw|asukapower's rating: 1096 &rarr; <strong>1119</strong><br />(+23 for winning)
|raw|Fairytale22244!'s rating: 1062 &rarr; <strong>1045</strong><br />(-17 for losing)
|l|☆asukapower
|player|p1|
|c|☆Fairytale22244!|sorry
|l|☆Fairytale22244!
|player|p2|
