|j|☆GhostDumbDumb
|j|☆prohunter
|t:|1758954512
|gametype|singles
|player|p1|GhostDumbDumb|unknown|1449
|player|p2|prohunter|veteran|1471
|gen|9
|tier|[Gen 9] OU
|rated|
|rule|HP Percentage Mod: HP is shown in percentages
|rule|Endless Battle Clause: Forcing endless battles is banned
|rule|Species Clause: Limit one of each Pokémon
|rule|OHKO Clause: OHKO moves are banned
|rule|Evasion Items Clause: Evasion items are banned
|rule|Evasion Moves Clause: Evasion moves are banned
|rule|Evasion Abilities Clause: Evasion abilities are banned
|rule|Sleep Moves Clause: Sleep-inducing moves are banned
|clearpoke
|poke|p1|Dragapult, F|
|poke|p1|Gliscor, F|
|poke|p1|Reuniclus, M|
|poke|p1|Sceptile, F|
|poke|p1|Greninja-*, M|
|poke|p1|Weezing-Galar, M|
|poke|p2|Great Tusk|
|poke|p2|Heatran, M|
|poke|p2|Weavile, M|
|poke|p2|Primarina, M|
|poke|p2|Ogerpon, F|
|poke|p2|Pecharunt|
|teampreview
|
|t:|1758954530
|teamsize|p1|6
|teamsize|p2|6
|start
|switch|p1a: Weezing|Weezing-Galar, M, shiny|100/100
|switch|p2a: Bandit|Weavile, M, shiny|100/100
|-ability|p1a: Weezing|Neutralizing Gas
|turn|1
|
|t:|1758954542
|switch|p2a: Overseer|Pecharunt|100/100
|move|p1a: Weezing|Strange Steam|p2a: Overseer
|-resisted|p2a: Overseer
|-damage|p2a: Overseer|82/100
|
|upkeep
|turn|2
|
|t:|1758954571
|-end|p1a: Weezing|ability: Neutralizing Gas
|switch|p1a: Smiff|Greninja, M|100/100
|move|p2a: Overseer|Parting Shot|p1a: Smiff
|-unboost|p1a: Smiff|atk|1
|-unboost|p1a: Smiff|spa|1
|
|t:|1758954608
|switch|p2a: Anonymous|Ogerpon, F|100/100|[from] Parting Shot
|
|upkeep
|turn|3
|
|t:|1758954618
|switch|p1a: Typhlosions Lawyer|Sceptile, F, shiny|100/100
|-terastallize|p2a: Anonymous|Grass
|detailschange|p2a: Anonymous|Ogerpon-Teal-Tera, F, tera:Grass
|-ability|p2a: Anonymous|Embody Aspect (Teal)|boost
|-boost|p2a: Anonymous|spe|1
|-enditem|p1a: Typhlosions Lawyer|Mirror Herb
|-boost|p1a: Typhlosions Lawyer|spe|1|[from] item: Mirror Herb
|move|p2a: Anonymous|U-turn|p1a: Typhlosions Lawyer
|-supereffective|p1a: Typhlosions Lawyer
|-damage|p1a: Typhlosions Lawyer|0 fnt
|faint|p1a: Typhlosions Lawyer
|
|t:|1758954654
|switch|p2a: Celestine|Primarina, M, shiny|100/100|[from] U-turn
|
|upkeep
|
|t:|1758954672
|switch|p1a: Shoots Kids|Dragapult, F, shiny|100/100
|turn|4
|
|t:|1758954684
|-terastallize|p1a: Shoots Kids|Steel
|move|p1a: Shoots Kids|Thunderbolt|p2a: Celestine
|-supereffective|p2a: Celestine
|-damage|p2a: Celestine|58/100
|move|p2a: Celestine|Psychic Noise|p1a: Shoots Kids
|-damage|p1a: Shoots Kids|43/100
|-start|p1a: Shoots Kids|move: Heal Block
|
|upkeep
|turn|5
|
|t:|1758954710
|move|p1a: Shoots Kids|Thunderbolt|p2a: Celestine
|-supereffective|p2a: Celestine
|-damage|p2a: Celestine|16/100
|move|p2a: Celestine|Psychic Noise|p1a: Shoots Kids
|-damage|p1a: Shoots Kids|0 fnt
|faint|p1a: Shoots Kids
|
|upkeep
|
|t:|1758954717
|switch|p1a: Smiff|Greninja, M|100/100
|turn|6
|
|t:|1758954735
|move|p1a: Smiff|Extrasensory|p2a: Celestine
|-damage|p2a: Celestine|3/100
|move|p2a: Celestine|Moonblast|p1a: Smiff
|-supereffective|p1a: Smiff
|-damage|p1a: Smiff|0 fnt
|faint|p1a: Smiff
|
|upkeep
|
|t:|1758954746
|switch|p1a: Wait...|Reuniclus, M, shiny|100/100
|turn|7
|
|t:|1758954751
|move|p2a: Celestine|Flip Turn|p1a: Wait...
|-damage|p1a: Wait...|88/100
|
|t:|1758954757
|switch|p2a: Chaos|Heatran, M, shiny|100/100|[from] Flip Turn
|-item|p2a: Chaos|Air Balloon
|move|p1a: Wait...|Calm Mind|p1a: Wait...
|-boost|p1a: Wait...|spa|1
|-boost|p1a: Wait...|spd|1
|
|-heal|p1a: Wait...|95/100|[from] item: Leftovers
|upkeep
|turn|8
|
|t:|1758954766
|move|p2a: Chaos|Taunt|p1a: Wait...
|-start|p1a: Wait...|move: Taunt
|cant|p1a: Wait...|move: Taunt|Acid Armor
|
|-heal|p1a: Wait...|100/100|[from] item: Leftovers
|upkeep
|turn|9
|
|t:|1758954774
|switch|p2a: Celestine|Primarina, M, shiny|3/100
|switch|p1a: Weezing|Weezing-Galar, M, shiny|100/100
|-ability|p1a: Weezing|Neutralizing Gas
|
|upkeep
|turn|10
|
|t:|1758954791
|move|p1a: Weezing|Thunderbolt|p2a: Celestine
|-supereffective|p2a: Celestine
|-damage|p2a: Celestine|0 fnt
|faint|p2a: Celestine
|
|upkeep
|
|t:|1758954804
|switch|p2a: Chaos|Heatran, M, shiny|100/100
|-item|p2a: Chaos|Air Balloon
|turn|11
|
|t:|1758954815
|move|p2a: Chaos|Magma Storm|p1a: Weezing
|-damage|p1a: Weezing|53/100
|-activate|p1a: Weezing|move: Magma Storm|[of] p2a: Chaos
|move|p1a: Weezing|Thunderbolt|p2a: Chaos
|-damage|p2a: Chaos|76/100
|-status|p2a: Chaos|par
|-enditem|p2a: Chaos|Air Balloon
|
|-damage|p1a: Weezing|41/100|[from] move: Magma Storm|[partiallytrapped]
|upkeep
|turn|12
|
|t:|1758954829
|move|p1a: Weezing|Thunderbolt|p2a: Chaos
|-damage|p2a: Chaos|52/100 par
|move|p2a: Chaos|Earth Power|p1a: Weezing
|-supereffective|p1a: Weezing
|-damage|p1a: Weezing|0 fnt
|faint|p1a: Weezing
|-end|p1a: Weezing|ability: Neutralizing Gas
|
|upkeep
|
|t:|1758954835
|switch|p1a: Mr Middle Finger|Gliscor, F, shiny|100/100
|turn|13
|
|t:|1758954857
|switch|p2a: Behemoth|Great Tusk, shiny|100/100
|move|p1a: Mr Middle Finger|Substitute|p1a: Mr Middle Finger
|-start|p1a: Mr Middle Finger|Substitute
|-damage|p1a: Mr Middle Finger|76/100
|
|-status|p1a: Mr Middle Finger|tox|[from] item: Toxic Orb
|upkeep
|turn|14
|
|t:|1758954865
|move|p2a: Behemoth|Ice Spinner|p1a: Mr Middle Finger
|-supereffective|p1a: Mr Middle Finger
|-end|p1a: Mr Middle Finger|Substitute
|move|p1a: Mr Middle Finger|Toxic|p2a: Behemoth
|-status|p2a: Behemoth|tox
|
|-damage|p2a: Behemoth|94/100 tox|[from] psn
|-heal|p1a: Mr Middle Finger|88/100 tox|[from] ability: Poison Heal
|upkeep
|turn|15
|
|t:|1758954897
|-end|p2a: Behemoth|Protosynthesis|[silent]
|switch|p2a: Anonymous|Ogerpon-Teal-Tera, F, tera:Grass|100/100
|-ability|p2a: Anonymous|Embody Aspect (Teal)|boost
|-boost|p2a: Anonymous|spe|1
|move|p1a: Mr Middle Finger|Protect||[still]
|-fail|p1a: Mr Middle Finger
|
|-heal|p1a: Mr Middle Finger|100/100 tox|[from] ability: Poison Heal
|upkeep
|turn|16
|
|t:|1758954906
|move|p2a: Anonymous|Ivy Cudgel|p1a: Mr Middle Finger
|-damage|p1a: Mr Middle Finger|45/100 tox
|move|p1a: Mr Middle Finger|Substitute|p1a: Mr Middle Finger
|-start|p1a: Mr Middle Finger|Substitute
|-damage|p1a: Mr Middle Finger|20/100 tox
|
|-heal|p1a: Mr Middle Finger|33/100 tox|[from] ability: Poison Heal
|upkeep
|turn|17
|
|t:|1758954913
|move|p1a: Mr Middle Finger|Protect|p1a: Mr Middle Finger
|-singleturn|p1a: Mr Middle Finger|Protect
|move|p2a: Anonymous|Ivy Cudgel|p1a: Mr Middle Finger
|-activate|p1a: Mr Middle Finger|move: Protect
|
|-heal|p1a: Mr Middle Finger|45/100 tox|[from] ability: Poison Heal
|upkeep
|turn|18
|
|t:|1758954920
|move|p2a: Anonymous|Ivy Cudgel|p1a: Mr Middle Finger
|-end|p1a: Mr Middle Finger|Substitute
|move|p1a: Mr Middle Finger|Toxic|p2a: Anonymous
|-status|p2a: Anonymous|tox
|
|-damage|p2a: Anonymous|95/100 tox|[from] psn
|-heal|p1a: Mr Middle Finger|58/100 tox|[from] ability: Poison Heal
|upkeep
|turn|19
|
|t:|1758954929
|move|p1a: Mr Middle Finger|Protect|p1a: Mr Middle Finger
|-singleturn|p1a: Mr Middle Finger|Protect
|move|p2a: Anonymous|Ivy Cudgel|p1a: Mr Middle Finger
|-activate|p1a: Mr Middle Finger|move: Protect
|
|-damage|p2a: Anonymous|83/100 tox|[from] psn
|-heal|p1a: Mr Middle Finger|70/100 tox|[from] ability: Poison Heal
|upkeep
|turn|20
|
|t:|1758954941
|move|p2a: Anonymous|Ivy Cudgel|p1a: Mr Middle Finger
|-damage|p1a: Mr Middle Finger|15/100 tox
|move|p1a: Mr Middle Finger|Substitute|p1a: Mr Middle Finger
|-fail|p1a: Mr Middle Finger|move: Substitute|[weak]
|
|-damage|p2a: Anonymous|65/100 tox|[from] psn
|-heal|p1a: Mr Middle Finger|27/100 tox|[from] ability: Poison Heal
|upkeep
|turn|21
|
|t:|1758954950
|switch|p2a: Bandit|Weavile, M, shiny|100/100
|-ability|p2a: Bandit|Pressure
|move|p1a: Mr Middle Finger|Substitute|p1a: Mr Middle Finger
|-start|p1a: Mr Middle Finger|Substitute
|-damage|p1a: Mr Middle Finger|2/100 tox
|
|-heal|p1a: Mr Middle Finger|15/100 tox|[from] ability: Poison Heal
|upkeep
|turn|22
|
|t:|1758954959
|move|p2a: Bandit|Triple Axel|p1a: Mr Middle Finger
|-supereffective|p1a: Mr Middle Finger
|-end|p1a: Mr Middle Finger|Substitute
|-supereffective|p1a: Mr Middle Finger
|-damage|p1a: Mr Middle Finger|0 fnt
|faint|p1a: Mr Middle Finger
|-hitcount|p1: Mr Middle Finger|2
|
|upkeep
|
|t:|1758954965
|switch|p1a: Wait...|Reuniclus, M, shiny|100/100
|turn|23
|
|t:|1758954978
|switch|p2a: Anonymous|Ogerpon-Teal-Tera, F, tera:Grass|65/100 tox
|-ability|p2a: Anonymous|Embody Aspect (Teal)|boost
|-boost|p2a: Anonymous|spe|1
|move|p1a: Wait...|Acid Armor|p1a: Wait...
|-boost|p1a: Wait...|def|2
|
|-damage|p2a: Anonymous|59/100 tox|[from] psn
|upkeep
|turn|24
|
|t:|1758954989
|move|p2a: Anonymous|Knock Off|p1a: Wait...
|-supereffective|p1a: Wait...
|-damage|p1a: Wait...|61/100
|-enditem|p1a: Wait...|Leftovers|[from] move: Knock Off|[of] p2a: Anonymous
|move|p1a: Wait...|Calm Mind|p1a: Wait...
|-boost|p1a: Wait...|spa|1
|-boost|p1a: Wait...|spd|1
|
|-damage|p2a: Anonymous|47/100 tox|[from] psn
|upkeep
|turn|25
|
|t:|1758955000
|switch|p2a: Overseer|Pecharunt|82/100
|move|p1a: Wait...|Recover|p1a: Wait...
|-heal|p1a: Wait...|100/100
|
|upkeep
|turn|26
|-message|prohunter forfeited.
|
|win|GhostDumbDumb
|raw|GhostDumbDumb's rating: 1449 &rarr; <strong>1470</strong><br />(+21 for winning)
|raw|prohunter's rating: 1471 &rarr; <strong>1450</strong><br />(-21 for losing)
|l|☆prohunter
|player|p2|
