|j|☆darcy macdiaval
|j|☆kuraiyagare
|t:|1759026668
|gametype|singles
|player|p1|darcy macdiaval|cheryl|1326
|player|p2|kuraiyagare|mars|1367
|gen|9
|tier|[Gen 9] OU
|rated|
|rule|HP Percentage Mod: HP is shown in percentages
|rule|Endless Battle Clause: Forcing endless battles is banned
|rule|Species Clause: Limit one of each Pokémon
|rule|OHKO Clause: OHKO moves are banned
|rule|Evasion Items Clause: Evasion items are banned
|rule|Evasion Moves Clause: Evasion moves are banned
|rule|Evasion Abilities Clause: Evasion abilities are banned
|rule|Sleep Moves Clause: Sleep-inducing moves are banned
|clearpoke
|poke|p1|Primarina, M|
|poke|p1|Corviknight, M|
|poke|p1|Ursaluna, M|
|poke|p1|Weavile, M|
|poke|p1|Glimmora, F|
|poke|p1|Hatterene, F|
|poke|p2|Talonflame, M|
|poke|p2|Drifblim, F|
|poke|p2|Bastiodon, M|
|poke|p2|Lokix, F|
|poke|p2|Gardevoir, F|
|poke|p2|Flygon, F|
|teampreview
|inactive|Battle timer is ON: inactive players will automatically lose when time's up. (requested by darcy macdiaval)
|
|t:|1759026682
|teamsize|p1|6
|teamsize|p2|6
|start
|switch|p1a: Hatterene|Hatterene, F, shiny|100/100
|switch|p2a: Gardenia|Gardevoir, F|100/100
|-ability|p2a: Gardenia|Magic Bounce|Trace|[from] ability: Trace|[of] p1a: Hatterene
|turn|1
|
|t:|1759026690
|move|p2a: Gardenia|Moonblast|p1a: Hatterene
|-crit|p1a: Hatterene
|-damage|p1a: Hatterene|56/100
|-unboost|p1a: Hatterene|spa|1
|move|p1a: Hatterene|Nuzzle|p2a: Gardenia
|-damage|p2a: Gardenia|93/100
|-status|p2a: Gardenia|par
|
|upkeep
|turn|2
|
|t:|1759026700
|move|p2a: Gardenia|Moonblast|p1a: Hatterene
|-damage|p1a: Hatterene|27/100
|-unboost|p1a: Hatterene|spa|1
|move|p1a: Hatterene|Mystical Fire|p2a: Gardenia
|-damage|p2a: Gardenia|78/100 par
|-unboost|p2a: Gardenia|spa|1
|
|upkeep
|turn|3
|
|t:|1759026709
|switch|p1a: Corviknight|Corviknight, M, shiny|100/100
|cant|p2a: Gardenia|par
|
|upkeep
|turn|4
|
|t:|1759026716
|switch|p2a: Bastiodon|Bastiodon, M|100/100
|move|p1a: Corviknight|U-turn|p2a: Bastiodon
|-resisted|p2a: Bastiodon
|-damage|p2a: Bastiodon|96/100
|
|t:|1759026722
|switch|p1a: Glimmora|Glimmora, F|100/100|[from] U-turn
|
|upkeep
|turn|5
|
|t:|1759026732
|move|p1a: Glimmora|Earth Power|p2a: Bastiodon
|-supereffective|p2a: Bastiodon
|-damage|p2a: Bastiodon|0 fnt
|faint|p2a: Bastiodon
|
|upkeep
|
|t:|1759026737
|switch|p2a: Gardenia|Gardevoir, F|78/100 par
|-ability|p2a: Gardenia|Toxic Debris|Trace|[from] ability: Trace|[of] p1a: Glimmora
|turn|6
|
|t:|1759026743
|move|p2a: Gardenia|Vacuum Wave|p1a: Glimmora
|-damage|p1a: Glimmora|82/100
|move|p1a: Glimmora|Sludge Wave|p2a: Gardenia
|-supereffective|p2a: Gardenia
|-damage|p2a: Gardenia|0 fnt
|faint|p2a: Gardenia
|
|upkeep
|
|t:|1759026746
|switch|p2a: Flygon|Flygon, F|100/100
|turn|7
|
|t:|1759026754
|switch|p1a: Corviknight|Corviknight, M, shiny|100/100
|move|p2a: Flygon|Dragon Dance|p2a: Flygon
|-boost|p2a: Flygon|atk|1
|-boost|p2a: Flygon|spe|1
|
|upkeep
|turn|8
|
|t:|1759026767
|move|p2a: Flygon|Thunder Punch|p1a: Corviknight
|-supereffective|p1a: Corviknight
|-damage|p1a: Corviknight|50/100
|-status|p1a: Corviknight|par
|move|p1a: Corviknight|Iron Defense|p1a: Corviknight
|-boost|p1a: Corviknight|def|2
|
|upkeep
|turn|9
|
|t:|1759026775
|move|p2a: Flygon|Dragon Dance|p2a: Flygon
|-boost|p2a: Flygon|atk|1
|-boost|p2a: Flygon|spe|1
|cant|p1a: Corviknight|par
|
|upkeep
|turn|10
|
|t:|1759026781
|move|p2a: Flygon|Thunder Punch|p1a: Corviknight
|-supereffective|p1a: Corviknight
|-damage|p1a: Corviknight|21/100 par
|move|p1a: Corviknight|Body Press|p2a: Flygon
|-crit|p2a: Flygon
|-damage|p2a: Flygon|0 fnt
|faint|p2a: Flygon
|
|upkeep
|
|t:|1759026785
|switch|p2a: Drifflim|Drifblim, F|100/100
|turn|11
|
|t:|1759026789
|move|p2a: Drifflim|Calm Mind|p2a: Drifflim
|-boost|p2a: Drifflim|spa|1
|-boost|p2a: Drifflim|spd|1
|cant|p1a: Corviknight|par
|
|upkeep
|turn|12
|
|t:|1759026796
|move|p2a: Drifflim|Calm Mind|p2a: Drifflim
|-boost|p2a: Drifflim|spa|1
|-boost|p2a: Drifflim|spd|1
|move|p1a: Corviknight|U-turn|p2a: Drifflim
|-resisted|p2a: Drifflim
|-damage|p2a: Drifflim|96/100
|
|t:|1759026802
|switch|p1a: Glimmora|Glimmora, F|82/100|[from] U-turn
|
|upkeep
|turn|13
|
|t:|1759026825
|move|p1a: Glimmora|Meteor Beam||[still]
|-prepare|p1a: Glimmora|Meteor Beam
|-boost|p1a: Glimmora|spa|1
|-enditem|p1a: Glimmora|Power Herb
|-anim|p1a: Glimmora|Meteor Beam|p2a: Drifflim
|-supereffective|p2a: Drifflim
|-damage|p2a: Drifflim|0 fnt
|faint|p2a: Drifflim
|
|upkeep
|-message|kuraiyagare forfeited.
|
|win|darcy macdiaval
|raw|darcy macdiaval's rating: 1326 &rarr; <strong>1348</strong><br />(+22 for winning)
|raw|kuraiyagare's rating: 1367 &rarr; <strong>1345</strong><br />(-22 for losing)
|l|☆kuraiyagare
|player|p2|
|l|☆darcy macdiaval
|player|p1|
