|j|☆Mik22
|j|☆Can't swim 7
|t:|1758948331
|gametype|singles
|player|p1|Mik22|101|1570
|player|p2|Can't swim 7|fisherman-gen4|1449
|gen|9
|tier|[Gen 9] OU
|rated|
|rule|HP Percentage Mod: HP is shown in percentages
|rule|Endless Battle Clause: Forcing endless battles is banned
|rule|Species Clause: Limit one of each Pokémon
|rule|OHKO Clause: OHKO moves are banned
|rule|Evasion Items Clause: Evasion items are banned
|rule|Evasion Moves Clause: Evasion moves are banned
|rule|Evasion Abilities Clause: Evasion abilities are banned
|rule|Sleep Moves Clause: Sleep-inducing moves are banned
|clearpoke
|poke|p1|Kingambit, M|
|poke|p1|Pelipper, F|
|poke|p1|Kingdra, M|
|poke|p1|Iron Hands|
|poke|p1|Ogerpon-Wellspring, F|
|poke|p1|Hoopa-Unbound|
|poke|p2|Gholdengo|
|poke|p2|Iron Treads|
|poke|p2|Raging Bolt|
|poke|p2|Moltres|
|poke|p2|Dragonite, M|
|poke|p2|Walking Wake|
|teampreview
|inactive|Battle timer is ON: inactive players will automatically lose when time's up. (requested by Mik22)
|
|t:|1758948344
|teamsize|p1|6
|teamsize|p2|6
|start
|switch|p1a: Pelipper|Pelipper, F|100/100
|switch|p2a: Raging Bolt|Raging Bolt|100/100
|-weather|RainDance|[from] ability: Drizzle|[of] p1a: Pelipper
|-enditem|p2a: Raging Bolt|Booster Energy
|-activate|p2a: Raging Bolt|ability: Protosynthesis|[fromitem]
|-start|p2a: Raging Bolt|protosynthesisspa
|turn|1
|
|t:|1758948355
|switch|p1a: Hoopa|Hoopa-Unbound|100/100
|move|p2a: Raging Bolt|Calm Mind|p2a: Raging Bolt
|-boost|p2a: Raging Bolt|spa|1
|-boost|p2a: Raging Bolt|spd|1
|
|-weather|RainDance|[upkeep]
|upkeep
|turn|2
|
|t:|1758948363
|move|p2a: Raging Bolt|Thunderbolt|p1a: Hoopa
|-damage|p1a: Hoopa|47/100
|move|p1a: Hoopa|Gunk Shot|p2a: Raging Bolt
|-damage|p2a: Raging Bolt|61/100
|
|-weather|RainDance|[upkeep]
|upkeep
|turn|3
|
|t:|1758948371
|move|p2a: Raging Bolt|Thunderbolt|p1a: Hoopa
|-damage|p1a: Hoopa|0 fnt
|faint|p1a: Hoopa
|
|-weather|RainDance|[upkeep]
|upkeep
|
|t:|1758948376
|switch|p1a: Kingdra|Kingdra, M, shiny|100/100
|turn|4
|
|t:|1758948380
|move|p1a: Kingdra|Draco Meteor|p2a: Raging Bolt
|-supereffective|p2a: Raging Bolt
|-damage|p2a: Raging Bolt|0 fnt
|-unboost|p1a: Kingdra|spa|2
|faint|p2a: Raging Bolt
|-end|p2a: Raging Bolt|Protosynthesis|[silent]
|
|-weather|RainDance|[upkeep]
|upkeep
|
|t:|1758948400
|switch|p2a: Dragonite|Dragonite, M|100/100
|turn|5
|
|t:|1758948413
|-terastallize|p2a: Dragonite|Normal
|move|p1a: Kingdra|Draco Meteor|p2a: Dragonite
|-damage|p2a: Dragonite|80/100
|-unboost|p1a: Kingdra|spa|2
|move|p2a: Dragonite|Dragon Dance|p2a: Dragonite
|-boost|p2a: Dragonite|atk|1
|-boost|p2a: Dragonite|spe|1
|
|-weather|RainDance|[upkeep]
|upkeep
|turn|6
|
|t:|1758948424
|switch|p1a: Iron Hands|Iron Hands|100/100
|move|p2a: Dragonite|Dragon Dance|p2a: Dragonite
|-boost|p2a: Dragonite|atk|1
|-boost|p2a: Dragonite|spe|1
|
|-weather|RainDance|[upkeep]
|upkeep
|turn|7
|
|t:|1758948432
|move|p2a: Dragonite|Earthquake|p1a: Iron Hands
|-supereffective|p1a: Iron Hands
|-enditem|p1a: Iron Hands|Shuca Berry|[eat]
|-enditem|p1a: Iron Hands|Shuca Berry|[weaken]
|-damage|p1a: Iron Hands|54/100
|move|p1a: Iron Hands|Drain Punch|p2a: Dragonite
|-supereffective|p2a: Dragonite
|-damage|p2a: Dragonite|0 fnt
|-heal|p1a: Iron Hands|82/100|[from] drain|[of] p2a: Dragonite
|faint|p2a: Dragonite
|
|-weather|RainDance|[upkeep]
|upkeep
|
|t:|1758948454
|switch|p2a: Iron Treads|Iron Treads|100/100
|turn|8
|inactive|Mik22 has 120 seconds left.
|inactive|Mik22 has 90 seconds left.
|
|t:|1758948520
|move|p2a: Iron Treads|Earthquake|p1a: Iron Hands
|-supereffective|p1a: Iron Hands
|-damage|p1a: Iron Hands|29/100
|move|p1a: Iron Hands|Drain Punch|p2a: Iron Treads
|-supereffective|p2a: Iron Treads
|-damage|p2a: Iron Treads|25/100
|-heal|p1a: Iron Hands|53/100|[from] drain|[of] p2a: Iron Treads
|
|-weather|none
|upkeep
|turn|9
|inactive|Mik22 has 90 seconds left.
|
|t:|1758948532
|move|p2a: Iron Treads|Knock Off|p1a: Iron Hands
|-resisted|p1a: Iron Hands
|-damage|p1a: Iron Hands|46/100
|move|p1a: Iron Hands|Drain Punch|p2a: Iron Treads
|-supereffective|p2a: Iron Treads
|-damage|p2a: Iron Treads|0 fnt
|-heal|p1a: Iron Hands|54/100|[from] drain|[of] p2a: Iron Treads
|faint|p2a: Iron Treads
|-end|p2a: Iron Treads|Quark Drive|[silent]
|
|upkeep
|
|t:|1758948543
|switch|p2a: Moltres|Moltres|100/100
|turn|10
|
|t:|1758948554
|move|p2a: Moltres|Scorching Sands|p1a: Iron Hands
|-supereffective|p1a: Iron Hands
|-damage|p1a: Iron Hands|18/100
|move|p1a: Iron Hands|Thunder Punch|p2a: Moltres
|-supereffective|p2a: Moltres
|-damage|p2a: Moltres|15/100
|-status|p1a: Iron Hands|brn|[from] ability: Flame Body|[of] p2a: Moltres
|
|-damage|p1a: Iron Hands|12/100 brn|[from] brn
|upkeep
|turn|11
|
|t:|1758948565
|move|p2a: Moltres|Roost|p2a: Moltres
|-heal|p2a: Moltres|65/100
|-singleturn|p2a: Moltres|move: Roost
|move|p1a: Iron Hands|Thunder Punch|p2a: Moltres
|-damage|p2a: Moltres|44/100
|-status|p2a: Moltres|par
|
|-damage|p1a: Iron Hands|6/100 brn|[from] brn
|upkeep
|turn|12
|
|t:|1758948575
|move|p1a: Iron Hands|Thunder Punch|p2a: Moltres
|-supereffective|p2a: Moltres
|-crit|p2a: Moltres
|-damage|p2a: Moltres|0 fnt
|faint|p2a: Moltres
|
|-damage|p1a: Iron Hands|0 fnt|[from] brn
|faint|p1a: Iron Hands
|-end|p1a: Iron Hands|Quark Drive|[silent]
|upkeep
|
|t:|1758948586
|switch|p2a: Walking Wake|Walking Wake|100/100
|switch|p1a: Pelipper|Pelipper, F|100/100
|-weather|RainDance|[from] ability: Drizzle|[of] p1a: Pelipper
|turn|13
|
|t:|1758948595
|move|p2a: Walking Wake|Hurricane|p1a: Pelipper
|-damage|p1a: Pelipper|42/100
|move|p1a: Pelipper|U-turn|p2a: Walking Wake
|-damage|p2a: Walking Wake|90/100
|
|t:|1758948606
|switch|p1a: Ogerpon|Ogerpon-Wellspring, F|100/100|[from] U-turn
|
|-weather|RainDance|[upkeep]
|upkeep
|turn|14
|
|t:|1758948612
|-terastallize|p1a: Ogerpon|Water
|detailschange|p1a: Ogerpon|Ogerpon-Wellspring-Tera, F, tera:Water
|-ability|p1a: Ogerpon|Embody Aspect (Wellspring)|boost
|-boost|p1a: Ogerpon|spd|1
|move|p2a: Walking Wake|Hurricane|p1a: Ogerpon
|-damage|p1a: Ogerpon|69/100
|move|p1a: Ogerpon|Swords Dance|p1a: Ogerpon
|-boost|p1a: Ogerpon|atk|2
|
|-weather|RainDance|[upkeep]
|upkeep
|turn|15
|
|t:|1758948623
|move|p2a: Walking Wake|Hurricane|p1a: Ogerpon
|-damage|p1a: Ogerpon|37/100
|-start|p1a: Ogerpon|confusion
|-activate|p1a: Ogerpon|confusion
|move|p1a: Ogerpon|Horn Leech|p2a: Walking Wake
|-damage|p2a: Walking Wake|0 fnt
|-heal|p1a: Ogerpon|88/100|[from] drain|[of] p2a: Walking Wake
|faint|p2a: Walking Wake
|-end|p2a: Walking Wake|Protosynthesis|[silent]
|
|-weather|RainDance|[upkeep]
|upkeep
|
|t:|1758948635
|switch|p2a: Gholdengo|Gholdengo|100/100
|turn|16
|
|t:|1758948640
|move|p2a: Gholdengo|Shadow Ball|p1a: Ogerpon
|-crit|p1a: Ogerpon
|-damage|p1a: Ogerpon|16/100
|-activate|p1a: Ogerpon|confusion
|-damage|p1a: Ogerpon|0 fnt|[from] confusion
|faint|p1a: Ogerpon
|detailschange|p1: Ogerpon|Ogerpon-Wellspring, F|[silent]
|
|-weather|RainDance|[upkeep]
|upkeep
|-message|Can't swim 7 forfeited.
|
|win|Mik22
|raw|Mik22's rating: 1570 &rarr; <strong>1583</strong><br />(+13 for winning)
|raw|Can&apos;t swim 7's rating: 1449 &rarr; <strong>1436</strong><br />(-13 for losing)
|l|☆Can't swim 7
|player|p2|
|l|☆Mik22
|player|p1|
