|j|☆DonovanIsNotHere
|j|☆Gabeybaby6
|t:|1758920814
|gametype|singles
|player|p1|DonovanIsNotHere|266|1459
|player|p2|Gabeybaby6|hilbert-wonderlauncher|1543
|gen|9
|tier|[Gen 9] OU
|rated|
|rule|HP Percentage Mod: HP is shown in percentages
|rule|Endless Battle Clause: Forcing endless battles is banned
|rule|Species Clause: Limit one of each Pokémon
|rule|OHKO Clause: OHKO moves are banned
|rule|Evasion Items Clause: Evasion items are banned
|rule|Evasion Moves Clause: Evasion moves are banned
|rule|Evasion Abilities Clause: Evasion abilities are banned
|rule|Sleep Moves Clause: Sleep-inducing moves are banned
|clearpoke
|poke|p1|Articuno|
|poke|p1|Ninetales-Alola, M|
|poke|p1|Weavile, F|
|poke|p1|Samurott-Hisui, F|
|poke|p1|Great Tusk|
|poke|p1|Slowking-Galar, M|
|poke|p2|Iron Valiant|
|poke|p2|Zapdos|
|poke|p2|Scizor, M|
|poke|p2|Alomomola, F|
|poke|p2|Ting-Lu|
|poke|p2|Cinderace, M|
|teampreview
|inactive|Battle timer is ON: inactive players will automatically lose when time's up. (requested by DonovanIsNotHere)
|
|t:|1758920829
|teamsize|p1|6
|teamsize|p2|6
|start
|switch|p1a: Leonard Spinner|Great Tusk|100/100
|switch|p2a: Wally Scizorbiak|Scizor, M|100/100
|turn|1
|
|t:|1758920840
|switch|p2a: Dos Equis|Zapdos|100/100
|move|p1a: Leonard Spinner|Knock Off|p2a: Dos Equis
|-damage|p2a: Dos Equis|72/100
|-damage|p1a: Leonard Spinner|84/100|[from] item: Rocky Helmet|[of] p2a: Dos Equis
|-status|p1a: Leonard Spinner|par|[from] ability: Static|[of] p2a: Dos Equis
|-enditem|p2a: Dos Equis|Rocky Helmet|[from] move: Knock Off|[of] p1a: Leonard Spinner
|
|upkeep
|turn|2
|
|t:|1758920848
|-end|p1a: Leonard Spinner|Protosynthesis|[silent]
|switch|p1a: Daywalker|Slowking-Galar, M|100/100
|move|p2a: Dos Equis|Hurricane|p1a: Daywalker
|-damage|p1a: Daywalker|53/100
|
|upkeep
|turn|3
|
|t:|1758920853
|move|p2a: Dos Equis|Hurricane|p1a: Daywalker
|-damage|p1a: Daywalker|1/100
|-start|p1a: Daywalker|confusion
|-prepare|p1a: Daywalker|Chilly Reception|[premajor]
|-activate|p1a: Daywalker|confusion
|-damage|p1a: Daywalker|0 fnt|[from] confusion
|faint|p1a: Daywalker
|
|upkeep
|
|t:|1758920860
|switch|p1a: Violet|Ninetales-Alola, M, shiny|100/100
|-weather|Snowscape|[from] ability: Snow Warning|[of] p1a: Violet
|turn|4
|
|t:|1758920865
|move|p1a: Violet|Blizzard|p2a: Dos Equis
|-supereffective|p2a: Dos Equis
|-damage|p2a: Dos Equis|0 fnt
|faint|p2a: Dos Equis
|
|-weather|Snowscape|[upkeep]
|upkeep
|
|t:|1758920869
|switch|p2a: Wally Scizorbiak|Scizor, M|100/100
|turn|5
|
|t:|1758920874
|switch|p1a: Leonard Spinner|Great Tusk|84/100 par
|move|p2a: Wally Scizorbiak|Knock Off|p1a: Leonard Spinner
|-resisted|p1a: Leonard Spinner
|-damage|p1a: Leonard Spinner|73/100 par
|-enditem|p1a: Leonard Spinner|Heavy-Duty Boots|[from] move: Knock Off|[of] p2a: Wally Scizorbiak
|
|-weather|Snowscape|[upkeep]
|upkeep
|turn|6
|
|t:|1758920883
|move|p2a: Wally Scizorbiak|U-turn|p1a: Leonard Spinner
|-resisted|p1a: Leonard Spinner
|-damage|p1a: Leonard Spinner|60/100 par
|
|t:|1758920889
|switch|p2a: AlonzomolaMourning|Alomomola, F|100/100|[from] U-turn
|move|p1a: Leonard Spinner|Headlong Rush|p2a: AlonzomolaMourning
|-damage|p2a: AlonzomolaMourning|58/100
|-unboost|p1a: Leonard Spinner|def|1
|-unboost|p1a: Leonard Spinner|spd|1
|
|-weather|Snowscape|[upkeep]
|upkeep
|turn|7
|
|t:|1758920895
|-end|p1a: Leonard Spinner|Protosynthesis|[silent]
|switch|p1a: Dairy Queen|Articuno, shiny|100/100
|-ability|p1a: Dairy Queen|Pressure
|move|p2a: AlonzomolaMourning|Scald|p1a: Dairy Queen
|-damage|p1a: Dairy Queen|89/100
|
|-weather|Snowscape|[upkeep]
|upkeep
|turn|8
|
|t:|1758920904
|move|p1a: Dairy Queen|Freeze-Dry|p2a: AlonzomolaMourning
|-supereffective|p2a: AlonzomolaMourning
|-damage|p2a: AlonzomolaMourning|26/100
|move|p2a: AlonzomolaMourning|Flip Turn|p1a: Dairy Queen
|-damage|p1a: Dairy Queen|79/100
|
|t:|1758920916
|switch|p2a: Cinderace Bailey|Cinderace, M|100/100|[from] Flip Turn
|
|-weather|none
|upkeep
|turn|9
|
|t:|1758920921
|switch|p1a: Urokodaki|Samurott-Hisui, F, shiny|100/100
|move|p2a: Cinderace Bailey|Pyro Ball|p1a: Urokodaki
|-resisted|p1a: Urokodaki
|-damage|p1a: Urokodaki|71/100
|
|upkeep
|turn|10
|
|t:|1758920929
|-terastallize|p1a: Urokodaki|Poison
|move|p2a: Cinderace Bailey|U-turn|p1a: Urokodaki
|-start|p2a: Cinderace Bailey|typechange|Bug|[from] ability: Libero
|-resisted|p1a: Urokodaki
|-damage|p1a: Urokodaki|54/100
|
|t:|1758920936
|switch|p2a: Ting-Lu Dort|Ting-Lu|100/100|[from] U-turn
|-ability|p2a: Ting-Lu Dort|Vessel of Ruin
|move|p1a: Urokodaki|Ceaseless Edge|p2a: Ting-Lu Dort
|-resisted|p2a: Ting-Lu Dort
|-damage|p2a: Ting-Lu Dort|92/100
|-sidestart|p2: Gabeybaby6|Spikes
|
|-heal|p2a: Ting-Lu Dort|98/100|[from] item: Leftovers
|upkeep
|turn|11
|
|t:|1758920948
|move|p1a: Urokodaki|Flip Turn|p2a: Ting-Lu Dort
|-supereffective|p2a: Ting-Lu Dort
|-damage|p2a: Ting-Lu Dort|75/100
|
|t:|1758920951
|switch|p1a: Violet|Ninetales-Alola, M, shiny|100/100|[from] Flip Turn
|-weather|Snowscape|[from] ability: Snow Warning|[of] p1a: Violet
|move|p2a: Ting-Lu Dort|Ruination|p1a: Violet
|-damage|p1a: Violet|51/100
|
|-weather|Snowscape|[upkeep]
|-heal|p2a: Ting-Lu Dort|81/100|[from] item: Leftovers
|upkeep
|turn|12
|
|t:|1758920960
|switch|p2a: Wally Scizorbiak|Scizor, M|100/100
|move|p1a: Violet|Blizzard|p2a: Wally Scizorbiak
|-resisted|p2a: Wally Scizorbiak
|-damage|p2a: Wally Scizorbiak|77/100
|
|-weather|Snowscape|[upkeep]
|upkeep
|turn|13
|
|t:|1758920963
|switch|p1a: Leonard Spinner|Great Tusk|60/100 par
|move|p2a: Wally Scizorbiak|Defog|p1a: Leonard Spinner
|-unboost|p1a: Leonard Spinner|evasion|1
|-sideend|p2: Gabeybaby6|Spikes|[from] move: Defog|[of] p2a: Wally Scizorbiak
|
|-weather|Snowscape|[upkeep]
|upkeep
|turn|14
|
|t:|1758920976
|move|p2a: Wally Scizorbiak|U-turn|p1a: Leonard Spinner
|-resisted|p1a: Leonard Spinner
|-damage|p1a: Leonard Spinner|47/100 par
|
|t:|1758920982
|switch|p2a: AlonzomolaMourning|Alomomola, F|59/100|[from] U-turn
|cant|p1a: Leonard Spinner|par
|
|-weather|Snowscape|[upkeep]
|upkeep
|turn|15
|inactive|Gabeybaby6 has 120 seconds left.
|
|t:|1758921013
|cant|p1a: Leonard Spinner|par
|move|p2a: AlonzomolaMourning|Flip Turn|p1a: Leonard Spinner
|-supereffective|p1a: Leonard Spinner
|-damage|p1a: Leonard Spinner|27/100 par
|inactive|Gabeybaby6 has 120 seconds left.
|
|t:|1758921025
|switch|p2a: Cinderace Bailey|Cinderace, M|100/100|[from] Flip Turn
|
|-weather|none
|upkeep
|turn|16
|
|t:|1758921032
|move|p2a: Cinderace Bailey|U-turn|p1a: Leonard Spinner
|-start|p2a: Cinderace Bailey|typechange|Bug|[from] ability: Libero
|-resisted|p1a: Leonard Spinner
|-damage|p1a: Leonard Spinner|16/100 par
|
|t:|1758921037
|switch|p2a: AlonzomolaMourning|Alomomola, F|92/100|[from] U-turn
|move|p1a: Leonard Spinner|Headlong Rush|p2a: AlonzomolaMourning
|-damage|p2a: AlonzomolaMourning|50/100
|-unboost|p1a: Leonard Spinner|def|1
|-unboost|p1a: Leonard Spinner|spd|1
|
|upkeep
|turn|17
|
|t:|1758921041
|-end|p1a: Leonard Spinner|Protosynthesis|[silent]
|switch|p1a: Violet|Ninetales-Alola, M, shiny|51/100
|-weather|Snowscape|[from] ability: Snow Warning|[of] p1a: Violet
|move|p2a: AlonzomolaMourning|Flip Turn|p1a: Violet
|-damage|p1a: Violet|35/100
|
|t:|1758921048
|switch|p2a: Wally Scizorbiak|Scizor, M|77/100|[from] Flip Turn
|
|-weather|Snowscape|[upkeep]
|upkeep
|turn|18
|
|t:|1758921058
|switch|p1a: Leonard Spinner|Great Tusk|16/100 par
|move|p2a: Wally Scizorbiak|Bullet Punch|p1a: Leonard Spinner
|-damage|p1a: Leonard Spinner|0 fnt
|faint|p1a: Leonard Spinner
|-end|p1a: Leonard Spinner|Protosynthesis|[silent]
|
|-weather|Snowscape|[upkeep]
|upkeep
|
|t:|1758921065
|switch|p1a: Urokodaki|Samurott-Hisui, F, shiny, tera:Poison|54/100
|turn|19
|
|t:|1758921082
|switch|p2a: AlonzomolaMourning|Alomomola, F|83/100
|move|p1a: Urokodaki|Ceaseless Edge|p2a: AlonzomolaMourning
|-crit|p2a: AlonzomolaMourning
|-damage|p2a: AlonzomolaMourning|35/100
|-sidestart|p2: Gabeybaby6|Spikes
|
|-weather|Snowscape|[upkeep]
|upkeep
|turn|20
|
|t:|1758921094
|move|p1a: Urokodaki|Ceaseless Edge|p2a: AlonzomolaMourning
|-damage|p2a: AlonzomolaMourning|3/100
|-sidestart|p2: Gabeybaby6|Spikes
|move|p2a: AlonzomolaMourning|Flip Turn|p1a: Urokodaki
|-damage|p1a: Urokodaki|36/100
|
|t:|1758921105
|switch|p2a: Wally Scizorbiak|Scizor, M|77/100|[from] Flip Turn
|
|-weather|Snowscape|[upkeep]
|upkeep
|turn|21
|
|t:|1758921108
|move|p1a: Urokodaki|Sucker Punch|p2a: Wally Scizorbiak
|-damage|p2a: Wally Scizorbiak|44/100
|move|p2a: Wally Scizorbiak|Bullet Punch|p1a: Urokodaki
|-damage|p1a: Urokodaki|0 fnt
|faint|p1a: Urokodaki
|
|-weather|none
|upkeep
|
|t:|1758921111
|switch|p1a: Violet|Ninetales-Alola, M, shiny|35/100
|-weather|Snowscape|[from] ability: Snow Warning|[of] p1a: Violet
|turn|22
|c|☆DonovanIsNotHere|gg
|
|t:|1758921119
|move|p1a: Violet|Aurora Veil|p1a: Violet
|-sidestart|p1: DonovanIsNotHere|move: Aurora Veil
|move|p2a: Wally Scizorbiak|Defog|p1a: Violet
|-unboost|p1a: Violet|evasion|1
|-sideend|p1: DonovanIsNotHere|move: Aurora Veil
|-sideend|p2: Gabeybaby6|Spikes|[from] move: Defog|[of] p2a: Wally Scizorbiak
|
|-weather|Snowscape|[upkeep]
|upkeep
|turn|23
|
|t:|1758921125
|move|p2a: Wally Scizorbiak|Bullet Punch|p1a: Violet
|-supereffective|p1a: Violet
|-damage|p1a: Violet|0 fnt
|faint|p1a: Violet
|
|-weather|Snowscape|[upkeep]
|upkeep
|c|☆Gabeybaby6|gg
|
|t:|1758921128
|switch|p1a: Frozone|Weavile, F|100/100
|-ability|p1a: Frozone|Pressure
|turn|24
|
|t:|1758921135
|-terastallize|p2a: Wally Scizorbiak|Steel
|move|p2a: Wally Scizorbiak|Bullet Punch|p1a: Frozone
|-supereffective|p1a: Frozone
|-damage|p1a: Frozone|0 fnt
|faint|p1a: Frozone
|
|-weather|Snowscape|[upkeep]
|upkeep
|
|t:|1758921138
|switch|p1a: Dairy Queen|Articuno, shiny|79/100
|-ability|p1a: Dairy Queen|Pressure
|turn|25
|
|t:|1758921140
|move|p2a: Wally Scizorbiak|Bullet Punch|p1a: Dairy Queen
|-supereffective|p1a: Dairy Queen
|-crit|p1a: Dairy Queen
|-damage|p1a: Dairy Queen|0 fnt
|faint|p1a: Dairy Queen
|
|win|Gabeybaby6
|raw|DonovanIsNotHere's rating: 1459 &rarr; <strong>1444</strong><br />(-15 for losing)
|raw|Gabeybaby6's rating: 1543 &rarr; <strong>1558</strong><br />(+15 for winning)
|l|☆DonovanIsNotHere
|player|p1|
|j|☆DonovanIsNotHere
|player|p1|DonovanIsNotHere|266|
|l|☆DonovanIsNotHere
|player|p1|
