|j|☆wiggilydiggily
|j|☆jxrx
|t:|1759011870
|gametype|singles
|player|p1|wiggilydiggily|265|1590
|player|p2|jxrx|norman|1569
|gen|9
|tier|[Gen 9] OU
|rated|
|rule|HP Percentage Mod: HP is shown in percentages
|rule|Endless Battle Clause: Forcing endless battles is banned
|rule|Species Clause: Limit one of each Pokémon
|rule|OHKO Clause: OHKO moves are banned
|rule|Evasion Items Clause: Evasion items are banned
|rule|Evasion Moves Clause: Evasion moves are banned
|rule|Evasion Abilities Clause: Evasion abilities are banned
|rule|Sleep Moves Clause: Sleep-inducing moves are banned
|clearpoke
|poke|p1|Glimmora, M|
|poke|p1|Zamazenta-*|
|poke|p1|Iron Crown|
|poke|p1|Lycanroc-Dusk, M|
|poke|p1|Kyurem|
|poke|p1|Rillaboom, F|
|poke|p2|Garganacl, F|
|poke|p2|Hoopa-Unbound|
|poke|p2|Dragapult, M|
|poke|p2|Vileplume, M|
|poke|p2|Scizor, M|
|poke|p2|Zoroark-Hisui, M|
|teampreview
|inactive|Battle timer is ON: inactive players will automatically lose when time's up. (requested by wiggilydiggily)
|
|t:|1759011901
|teamsize|p1|6
|teamsize|p2|6
|start
|switch|p1a: Glimmora|Glimmora, M|100/100
|switch|p2a: Scizor|Scizor, M|100/100
|turn|1
|
|t:|1759011904
|move|p2a: Scizor|Bullet Punch|p1a: Glimmora
|-supereffective|p1a: Glimmora
|-enditem|p1a: Glimmora|Focus Sash
|-damage|p1a: Glimmora|1/100
|-activate|p1a: Glimmora|ability: Toxic Debris
|-sidestart|p2: jxrx|move: Toxic Spikes
|move|p1a: Glimmora|Power Gem|p2a: Scizor
|-damage|p2a: Scizor|44/100
|
|upkeep
|turn|2
|
|t:|1759011907
|move|p2a: Scizor|Bullet Punch|p1a: Glimmora
|-supereffective|p1a: Glimmora
|-damage|p1a: Glimmora|0 fnt
|-activate|p1a: Glimmora|ability: Toxic Debris
|-sidestart|p2: jxrx|move: Toxic Spikes
|faint|p1a: Glimmora
|
|upkeep
|
|t:|1759011917
|switch|p1a: Iron Crown|Iron Crown|100/100
|turn|3
|
|t:|1759011931
|switch|p2a: Garganacl|Garganacl, F|100/100
|move|p1a: Iron Crown|Tachyon Cutter|p2a: Garganacl
|-supereffective|p2a: Garganacl
|-damage|p2a: Garganacl|53/100
|-supereffective|p2a: Garganacl
|-damage|p2a: Garganacl|0 fnt
|faint|p2a: Garganacl
|-hitcount|p2: Garganacl|2
|
|upkeep
|
|t:|1759011934
|switch|p2a: Vileplume|Vileplume, M|100/100
|-sideend|p2: jxrx|move: Toxic Spikes|[of] p2a: Vileplume
|turn|4
|
|t:|1759011940
|-terastallize|p1a: Iron Crown|Steel
|move|p1a: Iron Crown|Tachyon Cutter|p2a: Vileplume
|-damage|p2a: Vileplume|43/100
|-damage|p2a: Vileplume|0 fnt
|faint|p2a: Vileplume
|-hitcount|p2: Vileplume|2
|
|upkeep
|
|t:|1759011946
|switch|p2a: Scizor|Scizor, M|100/100
|turn|5
|
|t:|1759011954
|-end|p1a: Iron Crown|Quark Drive|[silent]
|switch|p1a: Zamazenta|Zamazenta|100/100
|-ability|p1a: Zamazenta|Dauntless Shield|boost
|-boost|p1a: Zamazenta|def|1
|move|p2a: Scizor|Flamethrower|p1a: Zamazenta
|-damage|p1a: Zamazenta|54/100
|
|upkeep
|turn|6
|
|t:|1759011963
|move|p1a: Zamazenta|Crunch|p2a: Scizor
|-supereffective|p2a: Scizor
|-damage|p2a: Scizor|0 fnt
|replace|p2a: Zoroark|Zoroark-Hisui, M
|-end|p2a: Zoroark|Illusion
|faint|p2a: Zoroark
|
|upkeep
|
|t:|1759011967
|switch|p2a: Hoopa|Hoopa-Unbound|100/100
|turn|7
|
|t:|1759011974
|move|p1a: Zamazenta|Crunch|p2a: Hoopa
|-damage|p2a: Hoopa|60/100
|move|p2a: Hoopa|Psychic Noise|p1a: Zamazenta
|-supereffective|p1a: Zamazenta
|-damage|p1a: Zamazenta|0 fnt
|faint|p1a: Zamazenta
|
|upkeep
|inactive|wiggilydiggily has 120 seconds left.
|
|t:|1759012027
|switch|p1a: Rillaboom|Rillaboom, F|100/100
|-fieldstart|move: Grassy Terrain|[from] ability: Grassy Surge|[of] p1a: Rillaboom
|turn|8
|
|t:|1759012042
|move|p1a: Rillaboom|Knock Off|p2a: Hoopa
|-damage|p2a: Hoopa|3/100
|-enditem|p2a: Hoopa|Assault Vest|[from] move: Knock Off|[of] p1a: Rillaboom
|move|p2a: Hoopa|Psychic Noise|p1a: Rillaboom
|-damage|p1a: Rillaboom|33/100
|-start|p1a: Rillaboom|move: Heal Block
|-item|p2a: Hoopa|Choice Band|[from] ability: Magician|[of] p1a: Rillaboom
|
|-heal|p2a: Hoopa|9/100|[from] Grassy Terrain
|upkeep
|turn|9
|
|t:|1759012047
|move|p1a: Rillaboom|Knock Off|p2a: Hoopa
|-damage|p2a: Hoopa|0 fnt
|-enditem|p2a: Hoopa|Choice Band|[from] move: Knock Off|[of] p1a: Rillaboom
|faint|p2a: Hoopa
|
|-end|p1a: Rillaboom|move: Heal Block
|upkeep
|
|t:|1759012050
|switch|p2a: Scizor|Scizor, M|44/100
|turn|10
|
|t:|1759012052
|move|p2a: Scizor|Bullet Punch|p1a: Rillaboom
|-damage|p1a: Rillaboom|0 fnt
|faint|p1a: Rillaboom
|
|-heal|p2a: Scizor|50/100|[from] Grassy Terrain
|upkeep
|
|t:|1759012057
|switch|p1a: Iron Crown|Iron Crown, tera:Steel|100/100
|turn|11
|
|t:|1759012059
|move|p2a: Scizor|Bullet Punch|p1a: Iron Crown
|-resisted|p1a: Iron Crown
|-damage|p1a: Iron Crown|72/100
|move|p1a: Iron Crown|Tachyon Cutter|p2a: Scizor
|-resisted|p2a: Scizor
|-damage|p2a: Scizor|19/100
|-resisted|p2a: Scizor
|-damage|p2a: Scizor|0 fnt
|faint|p2a: Scizor
|-hitcount|p2: Scizor|2
|
|-heal|p1a: Iron Crown|78/100|[from] Grassy Terrain
|upkeep
|
|t:|1759012062
|switch|p2a: Dragapult|Dragapult, M|100/100
|turn|12
|
|t:|1759012067
|move|p2a: Dragapult|Dragon Dance|p2a: Dragapult
|-boost|p2a: Dragapult|atk|1
|-boost|p2a: Dragapult|spe|1
|move|p1a: Iron Crown|Tachyon Cutter|p2a: Dragapult
|-damage|p2a: Dragapult|29/100
|-damage|p2a: Dragapult|0 fnt
|faint|p2a: Dragapult
|-hitcount|p2: Dragapult|2
|
|win|wiggilydiggily
|raw|wiggilydiggily's rating: 1590 &rarr; <strong>1609</strong><br />(+19 for winning)
|raw|jxrx's rating: 1569 &rarr; <strong>1550</strong><br />(-19 for losing)
|l|☆jxrx
|player|p2|
|l|☆wiggilydiggily
|player|p1|
