|j|‽MC_Spiny
|j|☆Sheeeesus
|t:|1759070792
|gametype|singles
|player|p1|MC_Spiny|riley|1352
|player|p2|Sheeeesus|ghetsis|1379
|gen|9
|tier|[Gen 9] OU
|rated|
|rule|HP Percentage Mod: HP is shown in percentages
|rule|Endless Battle Clause: Forcing endless battles is banned
|rule|Species Clause: Limit one of each Pokémon
|rule|OHKO Clause: OHKO moves are banned
|rule|Evasion Items Clause: Evasion items are banned
|rule|Evasion Moves Clause: Evasion moves are banned
|rule|Evasion Abilities Clause: Evasion abilities are banned
|rule|Sleep Moves Clause: Sleep-inducing moves are banned
|clearpoke
|poke|p1|Okidogi, M|
|poke|p1|Iron Treads|
|poke|p1|Alomomola, M|
|poke|p1|Gholdengo|
|poke|p1|Kyurem|
|poke|p1|Ribombee, M|
|poke|p2|Dragonite, F|
|poke|p2|Gholdengo|
|poke|p2|Regidrago|
|poke|p2|Scizor, M|
|poke|p2|Ting-Lu|
|poke|p2|Weezing-Galar, M|
|teampreview
|inactive|Battle timer is ON: inactive players will automatically lose when time's up. (requested by MC_Spiny)
|
|t:|1759070808
|teamsize|p1|6
|teamsize|p2|6
|start
|switch|p1a: Ribombee|Ribombee, M|100/100
|switch|p2a: Weezing|Weezing-Galar, M|100/100
|-ability|p2a: Weezing|Neutralizing Gas
|turn|1
|
|t:|1759070815
|move|p1a: Ribombee|Sticky Web|p2a: Weezing
|-sidestart|p2: Sheeeesus|move: Sticky Web
|move|p2a: Weezing|Will-O-Wisp|p1a: Ribombee
|-status|p1a: Ribombee|brn
|
|-damage|p1a: Ribombee|94/100 brn|[from] brn
|upkeep
|turn|2
|
|t:|1759070819
|move|p1a: Ribombee|Stun Spore|p2a: Weezing|[miss]
|-miss|p1a: Ribombee|p2a: Weezing
|move|p2a: Weezing|Defog|p1a: Ribombee
|-unboost|p1a: Ribombee|evasion|1
|-sideend|p2: Sheeeesus|Sticky Web|[from] move: Defog|[of] p2a: Weezing
|
|-damage|p1a: Ribombee|88/100 brn|[from] brn
|upkeep
|turn|3
|
|t:|1759070822
|move|p1a: Ribombee|Stun Spore|p2a: Weezing
|-status|p2a: Weezing|par
|move|p2a: Weezing|Sludge Bomb|p1a: Ribombee
|-supereffective|p1a: Ribombee
|-damage|p1a: Ribombee|5/100 brn
|
|-damage|p1a: Ribombee|0 fnt|[from] brn
|faint|p1a: Ribombee
|upkeep
|
|t:|1759070827
|switch|p1a: Gholdengo|Gholdengo|100/100
|-item|p1a: Gholdengo|Air Balloon
|turn|4
|
|t:|1759070838
|-end|p2a: Weezing|ability: Neutralizing Gas
|switch|p2a: Ting-Lu|Ting-Lu|100/100
|-ability|p2a: Ting-Lu|Vessel of Ruin
|move|p1a: Gholdengo|Nasty Plot|p1a: Gholdengo
|-boost|p1a: Gholdengo|spa|2
|
|upkeep
|turn|5
|
|t:|1759070847
|-terastallize|p1a: Gholdengo|Steel
|move|p1a: Gholdengo|Make It Rain|p2a: Ting-Lu
|-damage|p2a: Ting-Lu|19/100
|-unboost|p1a: Gholdengo|spa|1
|move|p2a: Ting-Lu|Whirlwind|p1a: Gholdengo
|-immune|p1a: Gholdengo|[from] ability: Good as Gold
|
|-heal|p2a: Ting-Lu|26/100|[from] item: Leftovers
|upkeep
|turn|6
|
|t:|1759070860
|move|p1a: Gholdengo|Make It Rain|p2a: Ting-Lu
|-damage|p2a: Ting-Lu|0 fnt
|-unboost|p1a: Gholdengo|spa|1
|faint|p2a: Ting-Lu
|
|upkeep
|
|t:|1759070865
|switch|p2a: Scizor|Scizor, M|100/100
|turn|7
|
|t:|1759070869
|switch|p1a: Alomomola|Alomomola, M|100/100
|move|p2a: Scizor|U-turn|p1a: Alomomola
|-crit|p1a: Alomomola
|-damage|p1a: Alomomola|54/100
|-damage|p2a: Scizor|84/100|[from] item: Rocky Helmet|[of] p1a: Alomomola
|
|t:|1759070884
|switch|p2a: Regidrago|Regidrago|100/100|[from] U-turn
|
|upkeep
|turn|8
|
|t:|1759070889
|switch|p1a: Iron Treads|Iron Treads|100/100
|move|p2a: Regidrago|Dragon Energy|p1a: Iron Treads
|-resisted|p1a: Iron Treads
|-damage|p1a: Iron Treads|70/100
|
|upkeep
|turn|9
|
|t:|1759070895
|switch|p2a: Weezing|Weezing-Galar, M|100/100 par
|-ability|p2a: Weezing|Neutralizing Gas
|move|p1a: Iron Treads|Knock Off|p2a: Weezing
|-resisted|p2a: Weezing
|-damage|p2a: Weezing|93/100 par
|-enditem|p2a: Weezing|Heavy-Duty Boots|[from] move: Knock Off|[of] p1a: Iron Treads
|
|upkeep
|turn|10
|
|t:|1759070906
|move|p1a: Iron Treads|Volt Switch|p2a: Weezing
|-damage|p2a: Weezing|77/100 par
|
|t:|1759070908
|-end|p1a: Iron Treads|Quark Drive|[silent]
|switch|p1a: Gholdengo|Gholdengo, tera:Steel|100/100|[from] Volt Switch
|-item|p1a: Gholdengo|Air Balloon
|move|p2a: Weezing|Will-O-Wisp|p1a: Gholdengo
|-status|p1a: Gholdengo|brn
|
|-damage|p1a: Gholdengo|94/100 brn|[from] brn
|upkeep
|turn|11
|
|t:|1759070923
|-end|p2a: Weezing|ability: Neutralizing Gas
|switch|p2a: Scizor|Scizor, M|84/100
|move|p1a: Gholdengo|Make It Rain|p2a: Scizor
|-resisted|p2a: Scizor
|-damage|p2a: Scizor|25/100
|-unboost|p1a: Gholdengo|spa|1
|
|-damage|p1a: Gholdengo|88/100 brn|[from] brn
|upkeep
|turn|12
|
|t:|1759070932
|switch|p1a: Alomomola|Alomomola, M|87/100
|move|p2a: Scizor|Bullet Punch|p1a: Alomomola
|-resisted|p1a: Alomomola
|-damage|p1a: Alomomola|74/100
|-damage|p2a: Scizor|9/100|[from] item: Rocky Helmet|[of] p1a: Alomomola
|
|upkeep
|turn|13
|
|t:|1759070939
|switch|p2a: Weezing|Weezing-Galar, M|77/100 par
|-ability|p2a: Weezing|Neutralizing Gas
|move|p1a: Alomomola|Flip Turn|p2a: Weezing
|-damage|p2a: Weezing|66/100 par
|
|t:|1759070942
|switch|p1a: Gholdengo|Gholdengo, tera:Steel|88/100 brn|[from] Flip Turn
|-item|p1a: Gholdengo|Air Balloon
|
|-damage|p1a: Gholdengo|82/100 brn|[from] brn
|upkeep
|turn|14
|
|t:|1759070953
|-end|p2a: Weezing|ability: Neutralizing Gas
|switch|p2a: Scizor|Scizor, M|9/100
|move|p1a: Gholdengo|Make It Rain|p2a: Scizor
|-resisted|p2a: Scizor
|-damage|p2a: Scizor|0 fnt
|-unboost|p1a: Gholdengo|spa|1
|faint|p2a: Scizor
|
|-damage|p1a: Gholdengo|76/100 brn|[from] brn
|upkeep
|
|t:|1759070964
|switch|p2a: Gholdengo|Gholdengo|100/100
|turn|15
|
|t:|1759070970
|switch|p1a: Iron Treads|Iron Treads|70/100
|move|p2a: Gholdengo|Nasty Plot|p2a: Gholdengo
|-boost|p2a: Gholdengo|spa|2
|
|upkeep
|turn|16
|
|t:|1759070977
|-terastallize|p2a: Gholdengo|Steel
|move|p1a: Iron Treads|Earthquake|p2a: Gholdengo
|-supereffective|p2a: Gholdengo
|-damage|p2a: Gholdengo|12/100
|move|p2a: Gholdengo|Make It Rain|p1a: Iron Treads
|-resisted|p1a: Iron Treads
|-crit|p1a: Iron Treads
|-damage|p1a: Iron Treads|0 fnt
|-unboost|p2a: Gholdengo|spa|1
|faint|p1a: Iron Treads
|-end|p1a: Iron Treads|Quark Drive|[silent]
|
|upkeep
|
|t:|1759070985
|switch|p1a: Kyurem|Kyurem|100/100
|-ability|p1a: Kyurem|Pressure
|turn|17
|
|t:|1759070989
|switch|p2a: Weezing|Weezing-Galar, M|66/100 par
|-ability|p2a: Weezing|Neutralizing Gas
|move|p1a: Kyurem|Scale Shot|p2a: Weezing
|-immune|p2a: Weezing
|
|upkeep
|turn|18
|
|t:|1759070996
|switch|p1a: Gholdengo|Gholdengo, tera:Steel|76/100 brn
|-item|p1a: Gholdengo|Air Balloon
|move|p2a: Weezing|Will-O-Wisp|p1a: Gholdengo
|-fail|p1a: Gholdengo|brn
|
|-damage|p1a: Gholdengo|70/100 brn|[from] brn
|upkeep
|turn|19
|
|t:|1759071003
|-end|p2a: Weezing|ability: Neutralizing Gas
|switch|p2a: Gholdengo|Gholdengo, tera:Steel|12/100
|move|p1a: Gholdengo|Make It Rain|p2a: Gholdengo
|-resisted|p2a: Gholdengo
|-damage|p2a: Gholdengo|0 fnt
|-unboost|p1a: Gholdengo|spa|1
|faint|p2a: Gholdengo
|
|-damage|p1a: Gholdengo|64/100 brn|[from] brn
|upkeep
|
|t:|1759071014
|switch|p2a: Regidrago|Regidrago|100/100
|turn|20
|
|t:|1759071019
|switch|p1a: Alomomola|Alomomola, M|74/100
|move|p2a: Regidrago|Dragon Energy|p1a: Alomomola
|-damage|p1a: Alomomola|0 fnt
|faint|p1a: Alomomola
|
|upkeep
|
|t:|1759071025
|switch|p1a: Kyurem|Kyurem|100/100
|-ability|p1a: Kyurem|Pressure
|turn|21
|
|t:|1759071030
|move|p2a: Regidrago|Dragon Energy|p1a: Kyurem
|-supereffective|p1a: Kyurem
|-damage|p1a: Kyurem|0 fnt
|faint|p1a: Kyurem
|
|upkeep
|-message|MC_Spiny forfeited.
|
|win|Sheeeesus
|raw|MC_Spiny's rating: 1352 &rarr; <strong>1334</strong><br />(-18 for losing)
|raw|Sheeeesus's rating: 1379 &rarr; <strong>1397</strong><br />(+18 for winning)
|l|‽MC_Spiny
|player|p1|
|l|☆Sheeeesus
|player|p2|
