|j|☆iamfrhaan007
|j|☆ohjeebus
|t:|1758954105
|gametype|singles
|player|p1|iamfrhaan007|blue|1540
|player|p2|ohjeebus|koga|1489
|gen|9
|tier|[Gen 9] OU
|rated|
|rule|HP Percentage Mod: HP is shown in percentages
|rule|Endless Battle Clause: Forcing endless battles is banned
|rule|Species Clause: Limit one of each Pokémon
|rule|OHKO Clause: OHKO moves are banned
|rule|Evasion Items Clause: Evasion items are banned
|rule|Evasion Moves Clause: Evasion moves are banned
|rule|Evasion Abilities Clause: Evasion abilities are banned
|rule|Sleep Moves Clause: Sleep-inducing moves are banned
|clearpoke
|poke|p1|Great Tusk|
|poke|p1|Landorus-Therian, M|
|poke|p1|Slowking-Galar, F|
|poke|p1|Ogerpon-Wellspring, F|
|poke|p1|Raging Bolt|
|poke|p1|Kingambit, M|
|poke|p2|Zamazenta-*|
|poke|p2|Weezing-Galar, F|
|poke|p2|Kingambit, F|
|poke|p2|Weavile, F|
|poke|p2|Ceruledge, M|
|poke|p2|Ting-Lu|
|teampreview
|inactive|Battle timer is ON: inactive players will automatically lose when time's up. (requested by ohjeebus)
|
|t:|1758954115
|teamsize|p1|6
|teamsize|p2|6
|start
|switch|p1a: Landorus|Landorus-Therian, M|100/100
|switch|p2a: Weavile|Weavile, F|100/100
|-ability|p1a: Landorus|Intimidate|boost
|-unboost|p2a: Weavile|atk|1
|-ability|p2a: Weavile|Pressure
|turn|1
|
|t:|1758954124
|switch|p1a: Kingambit|Kingambit, M, shiny|100/100
|move|p2a: Weavile|Swords Dance|p2a: Weavile
|-boost|p2a: Weavile|atk|2
|
|upkeep
|turn|2
|
|t:|1758954131
|switch|p2a: Zamazenta|Zamazenta|100/100
|-ability|p2a: Zamazenta|Dauntless Shield|boost
|-boost|p2a: Zamazenta|def|1
|move|p1a: Kingambit|Iron Head|p2a: Zamazenta
|-damage|p2a: Zamazenta|70/100
|
|upkeep
|turn|3
|
|t:|1758954139
|-end|p1a: Kingambit|fallenundefined|[silent]
|switch|p1a: Great Tusk|Great Tusk|100/100
|move|p2a: Zamazenta|Ice Fang|p1a: Great Tusk
|-supereffective|p1a: Great Tusk
|-damage|p1a: Great Tusk|73/100
|-damage|p2a: Zamazenta|53/100|[from] item: Rocky Helmet|[of] p1a: Great Tusk
|
|upkeep
|turn|4
|
|t:|1758954147
|move|p2a: Zamazenta|Close Combat|p1a: Great Tusk
|-damage|p1a: Great Tusk|38/100
|-unboost|p2a: Zamazenta|def|1
|-unboost|p2a: Zamazenta|spd|1
|-damage|p2a: Zamazenta|37/100|[from] item: Rocky Helmet|[of] p1a: Great Tusk
|move|p1a: Great Tusk|Stealth Rock|p2a: Zamazenta
|-sidestart|p2: ohjeebus|move: Stealth Rock
|
|upkeep
|turn|5
|
|t:|1758954156
|move|p2a: Zamazenta|Close Combat|p1a: Great Tusk
|-damage|p1a: Great Tusk|0 fnt
|-unboost|p2a: Zamazenta|def|1
|-unboost|p2a: Zamazenta|spd|1
|-damage|p2a: Zamazenta|20/100|[from] item: Rocky Helmet|[of] p1a: Great Tusk
|faint|p1a: Great Tusk
|-end|p1a: Great Tusk|Protosynthesis|[silent]
|
|upkeep
|
|t:|1758954167
|switch|p1a: Landorus|Landorus-Therian, M|100/100
|-ability|p1a: Landorus|Intimidate|boost
|-unboost|p2a: Zamazenta|atk|1
|turn|6
|
|t:|1758954173
|move|p1a: Landorus|Earthquake|p2a: Zamazenta
|-damage|p2a: Zamazenta|0 fnt
|faint|p2a: Zamazenta
|
|upkeep
|
|t:|1758954178
|switch|p2a: Weezing|Weezing-Galar, F|100/100
|-ability|p2a: Weezing|Neutralizing Gas
|-damage|p2a: Weezing|88/100|[from] Stealth Rock
|turn|7
|
|t:|1758954186
|switch|p1a: Slowking|Slowking-Galar, F|100/100
|move|p2a: Weezing|Defog|p1a: Slowking
|-unboost|p1a: Slowking|evasion|1
|-sideend|p2: ohjeebus|Stealth Rock|[from] move: Defog|[of] p2a: Weezing
|
|upkeep
|turn|8
|
|t:|1758954195
|move|p2a: Weezing|Will-O-Wisp|p1a: Slowking
|-status|p1a: Slowking|brn
|move|p1a: Slowking|Sludge Bomb|p2a: Weezing
|-damage|p2a: Weezing|41/100
|
|-damage|p1a: Slowking|94/100 brn|[from] brn
|upkeep
|turn|9
|
|t:|1758954204
|switch|p1a: Ogerpon|Ogerpon-Wellspring, F|100/100
|move|p2a: Weezing|Pain Split|p1a: Ogerpon
|-sethp|p1a: Ogerpon|73/100|[from] move: Pain Split|[silent]
|-sethp|p2a: Weezing|66/100|[from] move: Pain Split
|
|upkeep
|turn|10
|
|t:|1758954212
|switch|p1a: Slowking|Slowking-Galar, F|94/100 brn
|move|p2a: Weezing|Will-O-Wisp|p1a: Slowking
|-fail|p1a: Slowking|brn
|
|-damage|p1a: Slowking|88/100 brn|[from] brn
|upkeep
|turn|11
|
|t:|1758954221
|-end|p2a: Weezing|ability: Neutralizing Gas
|switch|p2a: Kingambit|Kingambit, F|100/100
|-activate|p2a: Kingambit|ability: Supreme Overlord
|-start|p2a: Kingambit|fallen1|[silent]
|move|p1a: Slowking|Sludge Bomb|p2a: Kingambit
|-immune|p2a: Kingambit
|
|-damage|p1a: Slowking|82/100 brn|[from] brn
|upkeep
|turn|12
|
|t:|1758954232
|switch|p1a: Landorus|Landorus-Therian, M|100/100
|-ability|p1a: Landorus|Intimidate|boost
|-unboost|p2a: Kingambit|atk|1
|move|p2a: Kingambit|Iron Head|p1a: Landorus
|-damage|p1a: Landorus|58/100
|
|upkeep
|turn|13
|
|t:|1758954240
|-end|p2a: Kingambit|fallen1|[silent]
|switch|p2a: Ting-Lu|Ting-Lu|100/100
|-ability|p2a: Ting-Lu|Vessel of Ruin
|move|p1a: Landorus|Earthquake|p2a: Ting-Lu
|-damage|p2a: Ting-Lu|69/100
|
|-heal|p2a: Ting-Lu|75/100|[from] item: Leftovers
|upkeep
|turn|14
|
|t:|1758954250
|switch|p1a: Ogerpon|Ogerpon-Wellspring, F|73/100
|move|p2a: Ting-Lu|Payback|p1a: Ogerpon
|-damage|p1a: Ogerpon|49/100
|
|-heal|p2a: Ting-Lu|81/100|[from] item: Leftovers
|upkeep
|turn|15
|
|t:|1758954260
|move|p1a: Ogerpon|Power Whip|p2a: Ting-Lu
|-supereffective|p2a: Ting-Lu
|-damage|p2a: Ting-Lu|1/100
|move|p2a: Ting-Lu|Payback|p1a: Ogerpon
|-damage|p1a: Ogerpon|0 fnt
|faint|p1a: Ogerpon
|
|-heal|p2a: Ting-Lu|7/100|[from] item: Leftovers
|upkeep
|
|t:|1758954270
|switch|p1a: Landorus|Landorus-Therian, M|58/100
|-ability|p1a: Landorus|Intimidate|boost
|-unboost|p2a: Ting-Lu|atk|1
|turn|16
|
|t:|1758954275
|move|p1a: Landorus|U-turn|p2a: Ting-Lu
|-supereffective|p2a: Ting-Lu
|-damage|p2a: Ting-Lu|0 fnt
|faint|p2a: Ting-Lu
|
|t:|1758954280
|switch|p1a: Kingambit|Kingambit, M, shiny|100/100|[from] U-turn
|-activate|p1a: Kingambit|ability: Supreme Overlord
|-start|p1a: Kingambit|fallen2|[silent]
|
|upkeep
|
|t:|1758954283
|switch|p2a: Weezing|Weezing-Galar, F|66/100
|-ability|p2a: Weezing|Neutralizing Gas
|turn|17
|
|t:|1758954289
|-end|p1a: Kingambit|fallen2|[silent]
|switch|p1a: Slowking|Slowking-Galar, F|100/100 brn
|move|p2a: Weezing|Will-O-Wisp|p1a: Slowking|[miss]
|-miss|p2a: Weezing|p1a: Slowking
|
|-damage|p1a: Slowking|94/100 brn|[from] brn
|upkeep
|turn|18
|
|t:|1758954302
|-end|p2a: Weezing|ability: Neutralizing Gas
|switch|p2a: Ceruledge|Ceruledge, M|100/100
|move|p1a: Slowking|Sludge Bomb|p2a: Ceruledge
|-resisted|p2a: Ceruledge
|-damage|p2a: Ceruledge|80/100
|
|-damage|p1a: Slowking|88/100 brn|[from] brn
|upkeep
|turn|19
|
|t:|1758954314
|switch|p1a: Raging Bolt|Raging Bolt|100/100
|-enditem|p1a: Raging Bolt|Booster Energy
|-activate|p1a: Raging Bolt|ability: Protosynthesis|[fromitem]
|-start|p1a: Raging Bolt|protosynthesisspa
|move|p2a: Ceruledge|Bitter Blade|p1a: Raging Bolt
|-resisted|p1a: Raging Bolt
|-damage|p1a: Raging Bolt|81/100
|-heal|p2a: Ceruledge|94/100|[from] drain|[of] p1a: Raging Bolt
|
|upkeep
|turn|20
|
|t:|1758954324
|-terastallize|p2a: Ceruledge|Fairy
|move|p2a: Ceruledge|Tera Blast|p1a: Raging Bolt|[anim] Tera Blast Fairy
|-supereffective|p1a: Raging Bolt
|-damage|p1a: Raging Bolt|16/100
|move|p1a: Raging Bolt|Calm Mind|p1a: Raging Bolt
|-boost|p1a: Raging Bolt|spa|1
|-boost|p1a: Raging Bolt|spd|1
|
|upkeep
|turn|21
|
|t:|1758954334
|move|p2a: Ceruledge|Shadow Sneak|p1a: Raging Bolt
|-damage|p1a: Raging Bolt|0 fnt
|faint|p1a: Raging Bolt
|-end|p1a: Raging Bolt|Protosynthesis|[silent]
|
|upkeep
|
|t:|1758954342
|switch|p1a: Kingambit|Kingambit, M, shiny|100/100
|-activate|p1a: Kingambit|ability: Supreme Overlord
|-start|p1a: Kingambit|fallen3|[silent]
|turn|22
|
|t:|1758954350
|switch|p2a: Kingambit|Kingambit, F|100/100
|-activate|p2a: Kingambit|ability: Supreme Overlord
|-start|p2a: Kingambit|fallen2|[silent]
|-terastallize|p1a: Kingambit|Ghost
|move|p1a: Kingambit|Iron Head|p2a: Kingambit
|-resisted|p2a: Kingambit
|-damage|p2a: Kingambit|76/100
|
|-heal|p2a: Kingambit|83/100|[from] item: Leftovers
|upkeep
|turn|23
|
|t:|1758954362
|move|p2a: Kingambit|Iron Head|p1a: Kingambit
|-damage|p1a: Kingambit|62/100
|move|p1a: Kingambit|Low Kick|p2a: Kingambit
|-supereffective|p2a: Kingambit
|-damage|p2a: Kingambit|0 fnt
|faint|p2a: Kingambit
|-end|p2a: Kingambit|fallen2|[silent]
|
|-heal|p1a: Kingambit|68/100|[from] item: Leftovers
|upkeep
|
|t:|1758954366
|switch|p2a: Weavile|Weavile, F|100/100
|-ability|p2a: Weavile|Pressure
|turn|24
|
|t:|1758954376
|move|p2a: Weavile|Knock Off|p1a: Kingambit
|-supereffective|p1a: Kingambit
|-damage|p1a: Kingambit|4/100
|-enditem|p1a: Kingambit|Leftovers|[from] move: Knock Off|[of] p2a: Weavile
|move|p1a: Kingambit|Iron Head|p2a: Weavile
|-supereffective|p2a: Weavile
|-damage|p2a: Weavile|0 fnt
|faint|p2a: Weavile
|
|upkeep
|
|t:|1758954378
|switch|p2a: Ceruledge|Ceruledge, M, tera:Fairy|94/100
|turn|25
|
|t:|1758954387
|move|p2a: Ceruledge|Shadow Sneak|p1a: Kingambit
|-supereffective|p1a: Kingambit
|-damage|p1a: Kingambit|0 fnt
|faint|p1a: Kingambit
|-end|p1a: Kingambit|fallen3|[silent]
|
|upkeep
|
|t:|1758954393
|switch|p1a: Landorus|Landorus-Therian, M|58/100
|-ability|p1a: Landorus|Intimidate|boost
|-unboost|p2a: Ceruledge|atk|1
|turn|26
|
|t:|1758954398
|move|p1a: Landorus|Earthquake|p2a: Ceruledge
|-damage|p2a: Ceruledge|2/100
|-ability|p2a: Ceruledge|Weak Armor|boost
|-unboost|p2a: Ceruledge|def|1
|-boost|p2a: Ceruledge|spe|2
|move|p2a: Ceruledge|Swords Dance|p2a: Ceruledge
|-boost|p2a: Ceruledge|atk|2
|
|upkeep
|turn|27
|
|t:|1758954406
|move|p2a: Ceruledge|Bitter Blade|p1a: Landorus
|-damage|p1a: Landorus|0 fnt
|-heal|p2a: Ceruledge|34/100|[from] drain|[of] p1a: Landorus
|faint|p1a: Landorus
|
|upkeep
|-message|iamfrhaan007 forfeited.
|
|win|ohjeebus
|raw|iamfrhaan007's rating: 1540 &rarr; <strong>1517</strong><br />(-23 for losing)
|raw|ohjeebus's rating: 1489 &rarr; <strong>1512</strong><br />(+23 for winning)
