|badge|p2|bronze|gen9ou|100-6
|html|<div class="broadcast-red"><strong>This battle is required to be public due to one or more player having a season medal.</strong><br />During the public phase, you can discuss the state of the ladder <a href="/seasondiscussion">in a special chatroom.</a></div>
|uhtml|medal-msg|<div class="broadcast-blue">Curious what those medals under the avatar are? PS now has Ladder Seasons! For more information, check out the <a href="https://www.smogon.com/forums/threads/3740067/">thread on Smogon.</a></div>
|raw|<div class="broadcast-blue"><strong>This battle is required to be public due to a player having a name starting with 'medal'.</div>
|j|☆Light SV
|j|‽JackRG1
|t:|1759005646
|gametype|singles
|player|p1|Light SV|blue-gen7|1890
|player|p2|JackRG1|dawn-gen4pt|1904
|gen|9
|tier|[Gen 9] OU
|rated|
|rule|HP Percentage Mod: HP is shown in percentages
|rule|Endless Battle Clause: Forcing endless battles is banned
|rule|Species Clause: Limit one of each Pokémon
|rule|OHKO Clause: OHKO moves are banned
|rule|Evasion Items Clause: Evasion items are banned
|rule|Evasion Moves Clause: Evasion moves are banned
|rule|Evasion Abilities Clause: Evasion abilities are banned
|rule|Sleep Moves Clause: Sleep-inducing moves are banned
|clearpoke
|poke|p1|Blissey, F|
|poke|p1|Ursaluna, M|
|poke|p1|Toxapex, F|
|poke|p1|Gliscor, F|
|poke|p1|Dondozo, M|
|poke|p1|Corviknight, F|
|poke|p2|Weezing-Galar, M|
|poke|p2|Ting-Lu|
|poke|p2|Corviknight, M|
|poke|p2|Skeledirge, F|
|poke|p2|Dragapult, M|
|poke|p2|Ogerpon-Wellspring, F|
|teampreview
|inactive|Battle timer is ON: inactive players will automatically lose when time's up. (requested by JackRG1)
|inactive|Light SV also wants the timer to be on.
|inactive|Light SV has 120 seconds left.
|
|t:|1759005677
|teamsize|p1|6
|teamsize|p2|6
|start
|switch|p1a: Toxapex|Toxapex, F|100/100
|switch|p2a: Ogerpon|Ogerpon-Wellspring, F|100/100
|turn|1
|
|t:|1759005684
|switch|p2a: Weezing|Weezing-Galar, M|100/100
|-ability|p2a: Weezing|Neutralizing Gas
|move|p1a: Toxapex|Toxic|p2a: Weezing
|-immune|p2a: Weezing
|
|upkeep
|turn|2
|
|t:|1759005689
|move|p2a: Weezing|Will-O-Wisp|p1a: Toxapex
|-status|p1a: Toxapex|brn
|move|p1a: Toxapex|Surf|p2a: Weezing
|-damage|p2a: Weezing|77/100
|
|-damage|p1a: Toxapex|94/100 brn|[from] brn
|upkeep
|turn|3
|
|t:|1759005693
|-end|p2a: Weezing|ability: Neutralizing Gas
|switch|p2a: Ting-Lu|Ting-Lu, shiny|100/100
|-ability|p2a: Ting-Lu|Vessel of Ruin
|move|p1a: Toxapex|Surf|p2a: Ting-Lu
|-supereffective|p2a: Ting-Lu
|-crit|p2a: Ting-Lu
|-damage|p2a: Ting-Lu|81/100
|
|-heal|p2a: Ting-Lu|87/100|[from] item: Leftovers
|-damage|p1a: Toxapex|88/100 brn|[from] brn
|upkeep
|turn|4
|
|t:|1759005695
|move|p2a: Ting-Lu|Stealth Rock|p1a: Toxapex
|-sidestart|p1: Light SV|move: Stealth Rock
|move|p1a: Toxapex|Toxic|p2a: Ting-Lu
|-status|p2a: Ting-Lu|tox
|
|-heal|p2a: Ting-Lu|93/100 tox|[from] item: Leftovers
|-damage|p2a: Ting-Lu|87/100 tox|[from] psn
|-damage|p1a: Toxapex|82/100 brn|[from] brn
|upkeep
|turn|5
|
|t:|1759005699
|switch|p2a: Weezing|Weezing-Galar, M|77/100
|-ability|p2a: Weezing|Neutralizing Gas
|switch|p1a: Gliscor|Gliscor, F|100/100
|-damage|p1a: Gliscor|88/100|[from] Stealth Rock
|
|-status|p1a: Gliscor|tox|[from] item: Toxic Orb
|upkeep
|turn|6
|
|t:|1759005703
|-end|p2a: Weezing|ability: Neutralizing Gas
|switch|p2a: Corviknight|Corviknight, M|100/100
|-ability|p2a: Corviknight|Pressure
|move|p1a: Gliscor|Swords Dance|p1a: Gliscor
|-boost|p1a: Gliscor|atk|2
|
|-heal|p1a: Gliscor|100/100 tox|[from] ability: Poison Heal
|upkeep
|turn|7
|
|t:|1759005706
|move|p1a: Gliscor|Knock Off|p2a: Corviknight
|-damage|p2a: Corviknight|71/100
|-damage|p1a: Gliscor|84/100 tox|[from] item: Rocky Helmet|[of] p2a: Corviknight
|-enditem|p2a: Corviknight|Rocky Helmet|[from] move: Knock Off|[of] p1a: Gliscor
|move|p2a: Corviknight|Iron Defense|p2a: Corviknight
|-boost|p2a: Corviknight|def|2
|
|-heal|p1a: Gliscor|97/100 tox|[from] ability: Poison Heal
|upkeep
|turn|8
|
|t:|1759005712
|switch|p1a: Toxapex|Toxapex, F|82/100 brn
|move|p2a: Corviknight|U-turn|p1a: Toxapex
|-resisted|p1a: Toxapex
|-crit|p1a: Toxapex
|-damage|p1a: Toxapex|76/100 brn
|
|t:|1759005718
|switch|p2a: Dragapult|Dragapult, M|100/100|[from] U-turn
|
|-damage|p1a: Toxapex|70/100 brn|[from] brn
|upkeep
|turn|9
|
|t:|1759005720
|move|p2a: Dragapult|U-turn|p1a: Toxapex
|-resisted|p1a: Toxapex
|-damage|p1a: Toxapex|64/100 brn
|
|t:|1759005724
|switch|p2a: Weezing|Weezing-Galar, M|77/100|[from] U-turn
|-ability|p2a: Weezing|Neutralizing Gas
|move|p1a: Toxapex|Toxic|p2a: Weezing
|-immune|p2a: Weezing
|
|-damage|p1a: Toxapex|58/100 brn|[from] brn
|upkeep
|turn|10
|
|t:|1759005726
|move|p2a: Weezing|Sludge Bomb|p1a: Toxapex
|-resisted|p1a: Toxapex
|-damage|p1a: Toxapex|48/100 brn
|move|p1a: Toxapex|Recover|p1a: Toxapex
|-heal|p1a: Toxapex|98/100 brn
|
|-damage|p1a: Toxapex|92/100 brn|[from] brn
|upkeep
|turn|11
|
|t:|1759005731
|-end|p2a: Weezing|ability: Neutralizing Gas
|switch|p2a: Ting-Lu|Ting-Lu, shiny|87/100 tox
|-ability|p2a: Ting-Lu|Vessel of Ruin
|move|p1a: Toxapex|Toxic Spikes|p2a: Ting-Lu
|-sidestart|p2: JackRG1|move: Toxic Spikes
|
|-heal|p2a: Ting-Lu|93/100 tox|[from] item: Leftovers
|-damage|p2a: Ting-Lu|87/100 tox|[from] psn
|-damage|p1a: Toxapex|85/100 brn|[from] brn
|upkeep
|turn|12
|
|t:|1759005735
|switch|p2a: Corviknight|Corviknight, M|71/100
|-ability|p2a: Corviknight|Pressure
|switch|p1a: Gliscor|Gliscor, F|97/100 tox
|-damage|p1a: Gliscor|84/100 tox|[from] Stealth Rock
|
|-heal|p1a: Gliscor|97/100 tox|[from] ability: Poison Heal
|upkeep
|turn|13
|
|t:|1759005737
|move|p1a: Gliscor|Swords Dance|p1a: Gliscor
|-boost|p1a: Gliscor|atk|2
|move|p2a: Corviknight|U-turn|p1a: Gliscor
|-resisted|p1a: Gliscor
|-damage|p1a: Gliscor|91/100 tox
|
|t:|1759005739
|switch|p2a: Weezing|Weezing-Galar, M|77/100|[from] U-turn
|-ability|p2a: Weezing|Neutralizing Gas
|-sideend|p2: JackRG1|move: Toxic Spikes|[of] p2a: Weezing
|
|-damage|p1a: Gliscor|78/100 tox|[from] psn
|upkeep
|turn|14
|
|t:|1759005741
|-end|p2a: Weezing|ability: Neutralizing Gas
|switch|p2a: Corviknight|Corviknight, M|71/100
|-ability|p2a: Corviknight|Pressure
|move|p1a: Gliscor|Knock Off|p2a: Corviknight
|-damage|p2a: Corviknight|51/100
|
|-heal|p1a: Gliscor|91/100 tox|[from] ability: Poison Heal
|upkeep
|turn|15
|
|t:|1759005745
|move|p1a: Gliscor|Swords Dance|p1a: Gliscor
|-boost|p1a: Gliscor|atk|2
|move|p2a: Corviknight|Roost|p2a: Corviknight
|-heal|p2a: Corviknight|100/100
|-singleturn|p2a: Corviknight|move: Roost
|
|-heal|p1a: Gliscor|100/100 tox|[from] ability: Poison Heal
|upkeep
|turn|16
|
|t:|1759005747
|move|p1a: Gliscor|Knock Off|p2a: Corviknight
|-damage|p2a: Corviknight|73/100
|move|p2a: Corviknight|Iron Defense|p2a: Corviknight
|-boost|p2a: Corviknight|def|2
|
|upkeep
|turn|17
|
|t:|1759005749
|move|p1a: Gliscor|Knock Off|p2a: Corviknight
|-damage|p2a: Corviknight|58/100
|move|p2a: Corviknight|Body Press|p1a: Gliscor
|-resisted|p1a: Gliscor
|-damage|p1a: Gliscor|81/100 tox
|
|-heal|p1a: Gliscor|94/100 tox|[from] ability: Poison Heal
|upkeep
|turn|18
|j| lvBreakfast
|
|t:|1759005753
|move|p1a: Gliscor|Knock Off|p2a: Corviknight
|-damage|p2a: Corviknight|44/100
|move|p2a: Corviknight|Roost|p2a: Corviknight
|-heal|p2a: Corviknight|94/100
|-singleturn|p2a: Corviknight|move: Roost
|
|-heal|p1a: Gliscor|100/100 tox|[from] ability: Poison Heal
|upkeep
|turn|19
|
|t:|1759005756
|move|p1a: Gliscor|Protect|p1a: Gliscor
|-singleturn|p1a: Gliscor|Protect
|move|p2a: Corviknight|Iron Defense|p2a: Corviknight
|-boost|p2a: Corviknight|def|2
|
|upkeep
|turn|20
|
|t:|1759005760
|switch|p1a: Dondozo|Dondozo, M|100/100
|move|p2a: Corviknight|U-turn|p1a: Dondozo
|-damage|p1a: Dondozo|95/100
|
|t:|1759005762
|switch|p2a: Ogerpon|Ogerpon-Wellspring, F|100/100|[from] U-turn
|
|upkeep
|turn|21
|
|t:|1759005766
|switch|p1a: Toxapex|Toxapex, F|100/100 brn
|move|p2a: Ogerpon|Knock Off|p1a: Toxapex
|-damage|p1a: Toxapex|78/100 brn
|-enditem|p1a: Toxapex|Heavy-Duty Boots|[from] move: Knock Off|[of] p2a: Ogerpon
|
|-damage|p1a: Toxapex|72/100 brn|[from] brn
|upkeep
|turn|22
|
|t:|1759005771
|switch|p2a: Weezing|Weezing-Galar, M|77/100
|-ability|p2a: Weezing|Neutralizing Gas
|move|p1a: Toxapex|Toxic Spikes|p2a: Weezing
|-sidestart|p2: JackRG1|move: Toxic Spikes
|
|-damage|p1a: Toxapex|66/100 brn|[from] brn
|upkeep
|turn|23
|
|t:|1759005774
|move|p2a: Weezing|Sludge Bomb|p1a: Toxapex
|-resisted|p1a: Toxapex
|-damage|p1a: Toxapex|54/100 brn
|move|p1a: Toxapex|Surf|p2a: Weezing
|-damage|p2a: Weezing|55/100
|
|-damage|p1a: Toxapex|48/100 brn|[from] brn
|upkeep
|turn|24
|
|t:|1759005776
|move|p2a: Weezing|Pain Split|p1a: Toxapex
|-sethp|p1a: Toxapex|54/100 brn|[from] move: Pain Split|[silent]
|-sethp|p2a: Weezing|49/100|[from] move: Pain Split
|move|p1a: Toxapex|Surf|p2a: Weezing
|-damage|p2a: Weezing|27/100
|
|-damage|p1a: Toxapex|48/100 brn|[from] brn
|upkeep
|turn|25
|
|t:|1759005781
|-end|p2a: Weezing|ability: Neutralizing Gas
|switch|p2a: Corviknight|Corviknight, M|94/100
|-ability|p2a: Corviknight|Pressure
|move|p1a: Toxapex|Surf|p2a: Corviknight
|-damage|p2a: Corviknight|75/100
|
|-damage|p1a: Toxapex|42/100 brn|[from] brn
|upkeep
|turn|26
|
|t:|1759005786
|move|p2a: Corviknight|U-turn|p1a: Toxapex
|-resisted|p1a: Toxapex
|-damage|p1a: Toxapex|37/100 brn
|
|t:|1759005788
|switch|p2a: Ting-Lu|Ting-Lu, shiny|87/100 tox|[from] U-turn
|-ability|p2a: Ting-Lu|Vessel of Ruin
|move|p1a: Toxapex|Toxic|p2a: Ting-Lu
|-fail|p2a: Ting-Lu|tox
|
|-heal|p2a: Ting-Lu|93/100 tox|[from] item: Leftovers
|-damage|p2a: Ting-Lu|87/100 tox|[from] psn
|-damage|p1a: Toxapex|31/100 brn|[from] brn
|upkeep
|turn|27
|
|t:|1759005792
|switch|p1a: Gliscor|Gliscor, F|100/100 tox
|-damage|p1a: Gliscor|88/100 tox|[from] Stealth Rock
|move|p2a: Ting-Lu|Earthquake|p1a: Gliscor
|-immune|p1a: Gliscor
|
|-heal|p2a: Ting-Lu|93/100 tox|[from] item: Leftovers
|-heal|p1a: Gliscor|100/100 tox|[from] ability: Poison Heal
|-damage|p2a: Ting-Lu|81/100 tox|[from] psn
|upkeep
|turn|28
|
|t:|1759005795
|switch|p2a: Corviknight|Corviknight, M|75/100
|-ability|p2a: Corviknight|Pressure
|move|p1a: Gliscor|Swords Dance|p1a: Gliscor
|-boost|p1a: Gliscor|atk|2
|
|upkeep
|turn|29
|
|t:|1759005798
|move|p1a: Gliscor|Knock Off|p2a: Corviknight
|-damage|p2a: Corviknight|54/100
|move|p2a: Corviknight|Iron Defense|p2a: Corviknight
|-boost|p2a: Corviknight|def|2
|
|upkeep
|turn|30
|
|t:|1759005802
|move|p1a: Gliscor|Knock Off|p2a: Corviknight
|-damage|p2a: Corviknight|45/100
|move|p2a: Corviknight|Roost|p2a: Corviknight
|-heal|p2a: Corviknight|95/100
|-singleturn|p2a: Corviknight|move: Roost
|
|upkeep
|turn|31
|l| lvBreakfast
|
|t:|1759005805
|move|p1a: Gliscor|Knock Off|p2a: Corviknight
|-damage|p2a: Corviknight|86/100
|move|p2a: Corviknight|U-turn|p1a: Gliscor
|-resisted|p1a: Gliscor
|-damage|p1a: Gliscor|95/100 tox
|
|t:|1759005807
|switch|p2a: Weezing|Weezing-Galar, M|27/100|[from] U-turn
|-ability|p2a: Weezing|Neutralizing Gas
|-sideend|p2: JackRG1|move: Toxic Spikes|[of] p2a: Weezing
|
|-damage|p1a: Gliscor|63/100 tox|[from] psn
|upkeep
|turn|32
|
|t:|1759005810
|-end|p2a: Weezing|ability: Neutralizing Gas
|switch|p2a: Corviknight|Corviknight, M|86/100
|-ability|p2a: Corviknight|Pressure
|move|p1a: Gliscor|Facade|p2a: Corviknight
|-resisted|p2a: Corviknight
|-damage|p2a: Corviknight|64/100
|
|-heal|p1a: Gliscor|76/100 tox|[from] ability: Poison Heal
|upkeep
|turn|33
|
|t:|1759005814
|move|p1a: Gliscor|Protect|p1a: Gliscor
|-singleturn|p1a: Gliscor|Protect
|move|p2a: Corviknight|Iron Defense|p2a: Corviknight
|-boost|p2a: Corviknight|def|2
|
|-heal|p1a: Gliscor|88/100 tox|[from] ability: Poison Heal
|upkeep
|turn|34
|
|t:|1759005818
|switch|p1a: Dondozo|Dondozo, M|95/100
|move|p2a: Corviknight|U-turn|p1a: Dondozo
|-damage|p1a: Dondozo|89/100
|
|t:|1759005821
|switch|p2a: Ogerpon|Ogerpon-Wellspring, F|100/100|[from] U-turn
|
|upkeep
|turn|35
|
|t:|1759005825
|switch|p1a: Toxapex|Toxapex, F|64/100 brn
|-damage|p1a: Toxapex|51/100 brn|[from] Stealth Rock
|move|p2a: Ogerpon|Spikes|p1a: Toxapex
|-sidestart|p1: Light SV|Spikes
|
|-damage|p1a: Toxapex|45/100 brn|[from] brn
|upkeep
|turn|36
|
|t:|1759005834
|switch|p2a: Corviknight|Corviknight, M|64/100
|-ability|p2a: Corviknight|Pressure
|move|p1a: Toxapex|Surf|p2a: Corviknight
|-damage|p2a: Corviknight|47/100
|
|-damage|p1a: Toxapex|39/100 brn|[from] brn
|upkeep
|turn|37
|
|t:|1759005838
|move|p2a: Corviknight|Roost|p2a: Corviknight
|-heal|p2a: Corviknight|97/100
|-singleturn|p2a: Corviknight|move: Roost
|move|p1a: Toxapex|Recover|p1a: Toxapex
|-heal|p1a: Toxapex|89/100 brn
|
|-damage|p1a: Toxapex|83/100 brn|[from] brn
|upkeep
|turn|38
|
|t:|1759005841
|move|p2a: Corviknight|U-turn|p1a: Toxapex
|-resisted|p1a: Toxapex
|-damage|p1a: Toxapex|78/100 brn
|
|t:|1759005844
|switch|p2a: Ting-Lu|Ting-Lu, shiny|81/100 tox|[from] U-turn
|-ability|p2a: Ting-Lu|Vessel of Ruin
|move|p1a: Toxapex|Surf|p2a: Ting-Lu
|-supereffective|p2a: Ting-Lu
|-damage|p2a: Ting-Lu|65/100 tox
|
|-heal|p2a: Ting-Lu|72/100 tox|[from] item: Leftovers
|-damage|p2a: Ting-Lu|65/100 tox|[from] psn
|-damage|p1a: Toxapex|72/100 brn|[from] brn
|upkeep
|turn|39
|
|t:|1759005848
|switch|p1a: Gliscor|Gliscor, F|88/100 tox
|-damage|p1a: Gliscor|76/100 tox|[from] Stealth Rock
|move|p2a: Ting-Lu|Earthquake|p1a: Gliscor
|-immune|p1a: Gliscor
|
|-heal|p2a: Ting-Lu|72/100 tox|[from] item: Leftovers
|-heal|p1a: Gliscor|88/100 tox|[from] ability: Poison Heal
|-damage|p2a: Ting-Lu|59/100 tox|[from] psn
|upkeep
|turn|40
|
|t:|1759005851
|switch|p2a: Ogerpon|Ogerpon-Wellspring, F|100/100
|move|p1a: Gliscor|Facade|p2a: Ogerpon
|-damage|p2a: Ogerpon|69/100
|
|-heal|p1a: Gliscor|100/100 tox|[from] ability: Poison Heal
|upkeep
|turn|41
|
|t:|1759005856
|switch|p1a: Toxapex|Toxapex, F|100/100 brn
|-damage|p1a: Toxapex|88/100 brn|[from] Stealth Rock
|-damage|p1a: Toxapex|75/100 brn|[from] Spikes
|move|p2a: Ogerpon|Spikes|p1a: Toxapex
|-sidestart|p1: Light SV|Spikes
|
|-damage|p1a: Toxapex|69/100 brn|[from] brn
|upkeep
|turn|42
|
|t:|1759005862
|switch|p2a: Corviknight|Corviknight, M|97/100
|-ability|p2a: Corviknight|Pressure
|move|p1a: Toxapex|Surf|p2a: Corviknight
|-damage|p2a: Corviknight|78/100
|
|-damage|p1a: Toxapex|63/100 brn|[from] brn
|upkeep
|turn|43
|
|t:|1759005865
|move|p2a: Corviknight|U-turn|p1a: Toxapex
|-resisted|p1a: Toxapex
|-damage|p1a: Toxapex|59/100 brn
|
|t:|1759005866
|switch|p2a: Ting-Lu|Ting-Lu, shiny|59/100 tox|[from] U-turn
|-ability|p2a: Ting-Lu|Vessel of Ruin
|move|p1a: Toxapex|Toxic Spikes|p2a: Ting-Lu
|-sidestart|p2: JackRG1|move: Toxic Spikes
|
|-heal|p2a: Ting-Lu|65/100 tox|[from] item: Leftovers
|-damage|p2a: Ting-Lu|59/100 tox|[from] psn
|-damage|p1a: Toxapex|53/100 brn|[from] brn
|upkeep
|turn|44
|
|t:|1759005870
|switch|p1a: Blissey|Blissey, F|100/100
|move|p2a: Ting-Lu|Rest|p2a: Ting-Lu
|-status|p2a: Ting-Lu|slp|[from] move: Rest
|-heal|p2a: Ting-Lu|100/100 slp|[silent]
|
|upkeep
|turn|45
|
|t:|1759005876
|switch|p2a: Corviknight|Corviknight, M|78/100
|-ability|p2a: Corviknight|Pressure
|move|p1a: Blissey|Stealth Rock|p2a: Corviknight
|-sidestart|p2: JackRG1|move: Stealth Rock
|
|upkeep
|turn|46
|
|t:|1759005882
|switch|p1a: Gliscor|Gliscor, F|100/100 tox
|-damage|p1a: Gliscor|88/100 tox|[from] Stealth Rock
|move|p2a: Corviknight|Body Press|p1a: Gliscor
|-resisted|p1a: Gliscor
|-damage|p1a: Gliscor|77/100 tox
|
|-heal|p1a: Gliscor|90/100 tox|[from] ability: Poison Heal
|upkeep
|turn|47
|
|t:|1759005886
|move|p1a: Gliscor|Swords Dance|p1a: Gliscor
|-boost|p1a: Gliscor|atk|2
|move|p2a: Corviknight|U-turn|p1a: Gliscor
|-resisted|p1a: Gliscor
|-crit|p1a: Gliscor
|-damage|p1a: Gliscor|81/100 tox
|
|t:|1759005888
|switch|p2a: Weezing|Weezing-Galar, M|27/100|[from] U-turn
|-ability|p2a: Weezing|Neutralizing Gas
|-sideend|p2: JackRG1|move: Toxic Spikes|[of] p2a: Weezing
|
|-damage|p1a: Gliscor|69/100 tox|[from] psn
|upkeep
|turn|48
|
|t:|1759005890
|-end|p2a: Weezing|ability: Neutralizing Gas
|switch|p2a: Corviknight|Corviknight, M|78/100
|-damage|p2a: Corviknight|66/100|[from] Stealth Rock
|-ability|p2a: Corviknight|Pressure
|move|p1a: Gliscor|Facade|p2a: Corviknight
|-resisted|p2a: Corviknight
|-damage|p2a: Corviknight|45/100
|
|-heal|p1a: Gliscor|81/100 tox|[from] ability: Poison Heal
|upkeep
|turn|49
|
|t:|1759005894
|move|p1a: Gliscor|Knock Off|p2a: Corviknight
|-damage|p2a: Corviknight|25/100
|move|p2a: Corviknight|Roost|p2a: Corviknight
|-heal|p2a: Corviknight|75/100
|-singleturn|p2a: Corviknight|move: Roost
|
|-heal|p1a: Gliscor|94/100 tox|[from] ability: Poison Heal
|upkeep
|turn|50
|
|t:|1759005896
|move|p1a: Gliscor|Knock Off|p2a: Corviknight
|-damage|p2a: Corviknight|57/100
|move|p2a: Corviknight|Iron Defense|p2a: Corviknight
|-boost|p2a: Corviknight|def|2
|
|-heal|p1a: Gliscor|100/100 tox|[from] ability: Poison Heal
|upkeep
|turn|51
|
|t:|1759005901
|switch|p1a: Toxapex|Toxapex, F|86/100 brn
|-damage|p1a: Toxapex|74/100 brn|[from] Stealth Rock
|-damage|p1a: Toxapex|57/100 brn|[from] Spikes
|move|p2a: Corviknight|Body Press|p1a: Toxapex
|-resisted|p1a: Toxapex
|-damage|p1a: Toxapex|41/100 brn
|
|-damage|p1a: Toxapex|34/100 brn|[from] brn
|upkeep
|turn|52
|j| ExplosionExplosion
|
|t:|1759005904
|move|p2a: Corviknight|Body Press|p1a: Toxapex
|-resisted|p1a: Toxapex
|-damage|p1a: Toxapex|19/100 brn
|move|p1a: Toxapex|Recover|p1a: Toxapex
|-heal|p1a: Toxapex|69/100 brn
|
|-damage|p1a: Toxapex|63/100 brn|[from] brn
|upkeep
|turn|53
|
|t:|1759005908
|move|p2a: Corviknight|Iron Defense|p2a: Corviknight
|-boost|p2a: Corviknight|def|2
|move|p1a: Toxapex|Surf|p2a: Corviknight
|-crit|p2a: Corviknight
|-damage|p2a: Corviknight|27/100
|
|-damage|p1a: Toxapex|56/100 brn|[from] brn
|upkeep
|turn|54
|
|t:|1759005911
|move|p2a: Corviknight|Roost|p2a: Corviknight
|-heal|p2a: Corviknight|77/100
|-singleturn|p2a: Corviknight|move: Roost
|move|p1a: Toxapex|Recover|p1a: Toxapex
|-heal|p1a: Toxapex|100/100 brn
|
|-damage|p1a: Toxapex|94/100 brn|[from] brn
|upkeep
|turn|55
|
|t:|1759005914
|move|p2a: Corviknight|Body Press|p1a: Toxapex
|-resisted|p1a: Toxapex
|-damage|p1a: Toxapex|70/100 brn
|move|p1a: Toxapex|Surf|p2a: Corviknight
|-damage|p2a: Corviknight|60/100
|
|-damage|p1a: Toxapex|63/100 brn|[from] brn
|upkeep
|turn|56
|
|t:|1759005917
|move|p2a: Corviknight|Body Press|p1a: Toxapex
|-resisted|p1a: Toxapex
|-damage|p1a: Toxapex|40/100 brn
|move|p1a: Toxapex|Surf|p2a: Corviknight
|-damage|p2a: Corviknight|42/100
|
|-damage|p1a: Toxapex|34/100 brn|[from] brn
|upkeep
|turn|57
|
|t:|1759005920
|move|p2a: Corviknight|Body Press|p1a: Toxapex
|-resisted|p1a: Toxapex
|-damage|p1a: Toxapex|11/100 brn
|move|p1a: Toxapex|Recover|p1a: Toxapex
|-heal|p1a: Toxapex|61/100 brn
|
|-damage|p1a: Toxapex|55/100 brn|[from] brn
|upkeep
|turn|58
|
|t:|1759005927
|move|p2a: Corviknight|Roost|p2a: Corviknight
|-heal|p2a: Corviknight|92/100
|-singleturn|p2a: Corviknight|move: Roost
|move|p1a: Toxapex|Surf|p2a: Corviknight
|-damage|p2a: Corviknight|75/100
|
|-damage|p1a: Toxapex|49/100 brn|[from] brn
|upkeep
|turn|59
|
|t:|1759005932
|move|p2a: Corviknight|U-turn|p1a: Toxapex
|-resisted|p1a: Toxapex
|-damage|p1a: Toxapex|45/100 brn
|
|t:|1759005934
|switch|p2a: Dragapult|Dragapult, M|100/100|[from] U-turn
|-damage|p2a: Dragapult|88/100|[from] Stealth Rock
|move|p1a: Toxapex|Recover|p1a: Toxapex
|-heal|p1a: Toxapex|95/100 brn
|
|-damage|p1a: Toxapex|88/100 brn|[from] brn
|upkeep
|turn|60
|
|t:|1759005938
|move|p2a: Dragapult|U-turn|p1a: Toxapex
|-resisted|p1a: Toxapex
|-damage|p1a: Toxapex|83/100 brn
|
|t:|1759005939
|switch|p2a: Ting-Lu|Ting-Lu, shiny|100/100 slp|[from] U-turn
|-damage|p2a: Ting-Lu|94/100 slp|[from] Stealth Rock
|-ability|p2a: Ting-Lu|Vessel of Ruin
|move|p1a: Toxapex|Toxic Spikes|p2a: Ting-Lu
|-sidestart|p2: JackRG1|move: Toxic Spikes
|
|-heal|p2a: Ting-Lu|100/100 slp|[from] item: Leftovers
|-damage|p1a: Toxapex|77/100 brn|[from] brn
|upkeep
|turn|61
|
|t:|1759005944
|switch|p2a: Weezing|Weezing-Galar, M|27/100
|-ability|p2a: Weezing|Neutralizing Gas
|-sideend|p2: JackRG1|move: Toxic Spikes|[of] p2a: Weezing
|switch|p1a: Gliscor|Gliscor, F|100/100 tox
|-damage|p1a: Gliscor|88/100 tox|[from] Stealth Rock
|
|-damage|p1a: Gliscor|82/100 tox|[from] psn
|upkeep
|turn|62
|
|t:|1759005948
|move|p1a: Gliscor|Facade|p2a: Weezing
|-crit|p2a: Weezing
|-damage|p2a: Weezing|0 fnt
|faint|p2a: Weezing
|-end|p2a: Weezing|ability: Neutralizing Gas
|
|-heal|p1a: Gliscor|94/100 tox|[from] ability: Poison Heal
|upkeep
|
|t:|1759005952
|switch|p2a: Ogerpon|Ogerpon-Wellspring, F|69/100
|-damage|p2a: Ogerpon|56/100|[from] Stealth Rock
|turn|63
|
|t:|1759005965
|-terastallize|p2a: Ogerpon|Water
|detailschange|p2a: Ogerpon|Ogerpon-Wellspring-Tera, F, tera:Water
|-ability|p2a: Ogerpon|Embody Aspect (Wellspring)|boost
|-boost|p2a: Ogerpon|spd|1
|-terastallize|p1a: Gliscor|Normal
|move|p2a: Ogerpon|Ivy Cudgel|p1a: Gliscor|[anim] Ivy Cudgel Water
|-damage|p1a: Gliscor|37/100 tox
|move|p1a: Gliscor|Facade|p2a: Ogerpon
|-damage|p2a: Ogerpon|2/100
|
|-heal|p1a: Gliscor|49/100 tox|[from] ability: Poison Heal
|upkeep
|turn|64
|
|t:|1759005971
|move|p1a: Gliscor|Protect|p1a: Gliscor
|-singleturn|p1a: Gliscor|Protect
|move|p2a: Ogerpon|Synthesis|p2a: Ogerpon
|-heal|p2a: Ogerpon|52/100
|
|-heal|p1a: Gliscor|62/100 tox|[from] ability: Poison Heal
|upkeep
|turn|65
|
|t:|1759005976
|move|p2a: Ogerpon|Ivy Cudgel|p1a: Gliscor|[anim] Ivy Cudgel Water
|-damage|p1a: Gliscor|2/100 tox
|move|p1a: Gliscor|Facade|p2a: Ogerpon
|-damage|p2a: Ogerpon|1/100
|
|-heal|p1a: Gliscor|14/100 tox|[from] ability: Poison Heal
|upkeep
|turn|66
|
|t:|1759005980
|move|p1a: Gliscor|Protect|p1a: Gliscor
|-singleturn|p1a: Gliscor|Protect
|move|p2a: Ogerpon|Ivy Cudgel|p1a: Gliscor|[anim] Ivy Cudgel Water
|-activate|p1a: Gliscor|move: Protect
|
|-heal|p1a: Gliscor|27/100 tox|[from] ability: Poison Heal
|upkeep
|turn|67
|
|t:|1759005983
|switch|p1a: Dondozo|Dondozo, M|89/100
|move|p2a: Ogerpon|Ivy Cudgel|p1a: Dondozo|[anim] Ivy Cudgel Water
|-resisted|p1a: Dondozo
|-damage|p1a: Dondozo|72/100
|
|upkeep
|turn|68
|
|t:|1759005986
|move|p2a: Ogerpon|Synthesis|p2a: Ogerpon
|-heal|p2a: Ogerpon|51/100
|move|p1a: Dondozo|Body Press|p2a: Ogerpon
|-damage|p2a: Ogerpon|20/100
|
|upkeep
|turn|69
|
|t:|1759005988
|move|p2a: Ogerpon|Synthesis|p2a: Ogerpon
|-heal|p2a: Ogerpon|70/100
|move|p1a: Dondozo|Body Press|p2a: Ogerpon
|-damage|p2a: Ogerpon|40/100
|
|upkeep
|turn|70
|
|t:|1759005990
|move|p2a: Ogerpon|Knock Off|p1a: Dondozo
|-damage|p1a: Dondozo|55/100
|-enditem|p1a: Dondozo|Heavy-Duty Boots|[from] move: Knock Off|[of] p2a: Ogerpon
|move|p1a: Dondozo|Body Press|p2a: Ogerpon
|-damage|p2a: Ogerpon|9/100
|
|upkeep
|turn|71
|
|t:|1759005993
|move|p2a: Ogerpon|Synthesis|p2a: Ogerpon
|-heal|p2a: Ogerpon|59/100
|move|p1a: Dondozo|Body Press|p2a: Ogerpon
|-damage|p2a: Ogerpon|26/100
|
|upkeep
|turn|72
|
|t:|1759005995
|move|p2a: Ogerpon|Synthesis|p2a: Ogerpon
|-heal|p2a: Ogerpon|76/100
|move|p1a: Dondozo|Body Press|p2a: Ogerpon
|-damage|p2a: Ogerpon|46/100
|
|upkeep
|turn|73
|
|t:|1759005998
|switch|p2a: Dragapult|Dragapult, M|88/100
|-damage|p2a: Dragapult|76/100|[from] Stealth Rock
|move|p1a: Dondozo|Body Press|p2a: Dragapult
|-immune|p2a: Dragapult
|
|upkeep
|turn|74
|
|t:|1759006002
|move|p2a: Dragapult|Draco Meteor|p1a: Dondozo
|-damage|p1a: Dondozo|0 fnt
|-unboost|p2a: Dragapult|spa|2
|faint|p1a: Dondozo
|
|upkeep
|
|t:|1759006005
|switch|p1a: Corviknight|Corviknight, F|100/100
|-damage|p1a: Corviknight|88/100|[from] Stealth Rock
|-ability|p1a: Corviknight|Pressure
|turn|75
|
|t:|1759006009
|switch|p2a: Skeledirge|Skeledirge, F|100/100
|move|p1a: Corviknight|Defog|p2a: Skeledirge
|-unboost|p2a: Skeledirge|evasion|1
|-sideend|p2: JackRG1|Stealth Rock|[from] move: Defog|[of] p1a: Corviknight
|-sideend|p1: Light SV|Spikes|[from] move: Defog|[of] p1a: Corviknight
|-sideend|p1: Light SV|Stealth Rock|[from] move: Defog|[of] p1a: Corviknight
|
|upkeep
|turn|76
|
|t:|1759006014
|switch|p1a: Toxapex|Toxapex, F|77/100 brn
|move|p2a: Skeledirge|Earth Power|p1a: Toxapex
|-supereffective|p1a: Toxapex
|-damage|p1a: Toxapex|43/100 brn
|
|-damage|p1a: Toxapex|37/100 brn|[from] brn
|upkeep
|turn|77
|
|t:|1759006018
|move|p2a: Skeledirge|Torch Song|p1a: Toxapex
|-resisted|p1a: Toxapex
|-damage|p1a: Toxapex|24/100 brn
|-boost|p2a: Skeledirge|spa|1
|move|p1a: Toxapex|Recover|p1a: Toxapex
|-heal|p1a: Toxapex|74/100 brn
|
|-damage|p1a: Toxapex|67/100 brn|[from] brn
|upkeep
|turn|78
|
|t:|1759006022
|switch|p2a: Ting-Lu|Ting-Lu, shiny|100/100 slp
|-ability|p2a: Ting-Lu|Vessel of Ruin
|move|p1a: Toxapex|Toxic||[still]
|-fail|p1a: Toxapex
|
|-damage|p1a: Toxapex|61/100 brn|[from] brn
|upkeep
|turn|79
|
|t:|1759006026
|switch|p2a: Ogerpon|Ogerpon-Wellspring-Tera, F, tera:Water|46/100
|-ability|p2a: Ogerpon|Embody Aspect (Wellspring)|boost
|-boost|p2a: Ogerpon|spd|1
|move|p1a: Toxapex|Toxic Spikes|p2a: Ogerpon
|-sidestart|p2: JackRG1|move: Toxic Spikes
|
|-damage|p1a: Toxapex|55/100 brn|[from] brn
|upkeep
|turn|80
|
|t:|1759006031
|move|p2a: Ogerpon|Spikes|p1a: Toxapex
|-sidestart|p1: Light SV|Spikes
|move|p1a: Toxapex|Recover|p1a: Toxapex
|-heal|p1a: Toxapex|100/100 brn
|
|-damage|p1a: Toxapex|94/100 brn|[from] brn
|upkeep
|turn|81
|
|t:|1759006035
|switch|p2a: Ting-Lu|Ting-Lu, shiny|100/100 slp
|-ability|p2a: Ting-Lu|Vessel of Ruin
|move|p1a: Toxapex|Toxic||[still]
|-fail|p1a: Toxapex
|
|-damage|p1a: Toxapex|88/100 brn|[from] brn
|upkeep
|turn|82
|
|t:|1759006040
|switch|p1a: Gliscor|Gliscor, F, tera:Normal|27/100 tox
|-damage|p1a: Gliscor|14/100 tox|[from] Spikes
|cant|p2a: Ting-Lu|slp
|
|-heal|p1a: Gliscor|27/100 tox|[from] ability: Poison Heal
|upkeep
|turn|83
|
|t:|1759006045
|move|p1a: Gliscor|Knock Off|p2a: Ting-Lu
|-resisted|p2a: Ting-Lu
|-damage|p2a: Ting-Lu|95/100 slp
|-enditem|p2a: Ting-Lu|Leftovers|[from] move: Knock Off|[of] p1a: Gliscor
|cant|p2a: Ting-Lu|slp
|
|-heal|p1a: Gliscor|39/100 tox|[from] ability: Poison Heal
|upkeep
|turn|84
|
|t:|1759006047
|move|p1a: Gliscor|Protect|p1a: Gliscor
|-singleturn|p1a: Gliscor|Protect
|-curestatus|p2a: Ting-Lu|slp|[msg]
|move|p2a: Ting-Lu|Stealth Rock|p1a: Gliscor
|-sidestart|p1: Light SV|move: Stealth Rock
|
|-heal|p1a: Gliscor|52/100 tox|[from] ability: Poison Heal
|upkeep
|turn|85
|j| rult85r rylon
|
|t:|1759006051
|switch|p1a: Corviknight|Corviknight, F|88/100
|-damage|p1a: Corviknight|75/100|[from] Stealth Rock
|-ability|p1a: Corviknight|Pressure
|move|p2a: Ting-Lu|Earthquake|p1a: Corviknight
|-immune|p1a: Corviknight
|
|upkeep
|turn|86
|
|t:|1759006055
|switch|p2a: Skeledirge|Skeledirge, F|100/100
|move|p1a: Corviknight|Iron Defense|p1a: Corviknight
|-boost|p1a: Corviknight|def|2
|
|upkeep
|turn|87
|
|t:|1759006061
|switch|p1a: Toxapex|Toxapex, F|100/100 brn
|-damage|p1a: Toxapex|88/100 brn|[from] Spikes
|-damage|p1a: Toxapex|75/100 brn|[from] Stealth Rock
|move|p2a: Skeledirge|Torch Song|p1a: Toxapex
|-resisted|p1a: Toxapex
|-damage|p1a: Toxapex|63/100 brn
|-boost|p2a: Skeledirge|spa|1
|
|-damage|p1a: Toxapex|57/100 brn|[from] brn
|upkeep
|turn|88
|
|t:|1759006063
|move|p2a: Skeledirge|Earth Power|p1a: Toxapex
|-supereffective|p1a: Toxapex
|-damage|p1a: Toxapex|2/100 brn
|move|p1a: Toxapex|Toxic|p2a: Skeledirge
|-status|p2a: Skeledirge|tox
|
|-damage|p2a: Skeledirge|94/100 tox|[from] psn
|-damage|p1a: Toxapex|0 fnt|[from] brn
|faint|p1a: Toxapex
|upkeep
|
|t:|1759006067
|switch|p1a: Blissey|Blissey, F|100/100
|turn|89
|
|t:|1759006071
|move|p2a: Skeledirge|Will-O-Wisp|p1a: Blissey
|-status|p1a: Blissey|brn
|move|p1a: Blissey|Stealth Rock|p2a: Skeledirge
|-sidestart|p2: JackRG1|move: Stealth Rock
|
|-damage|p2a: Skeledirge|82/100 tox|[from] psn
|-damage|p1a: Blissey|94/100 brn|[from] brn
|upkeep
|turn|90
|
|t:|1759006073
|move|p2a: Skeledirge|Torch Song|p1a: Blissey
|-damage|p1a: Blissey|81/100 brn
|-boost|p2a: Skeledirge|spa|1
|move|p1a: Blissey|Shadow Ball|p2a: Skeledirge
|-supereffective|p2a: Skeledirge
|-damage|p2a: Skeledirge|62/100 tox
|
|-damage|p2a: Skeledirge|44/100 tox|[from] psn
|-damage|p1a: Blissey|75/100 brn|[from] brn
|upkeep
|turn|91
|
|t:|1759006076
|move|p2a: Skeledirge|Torch Song|p1a: Blissey
|-damage|p1a: Blissey|58/100 brn
|-boost|p2a: Skeledirge|spa|1
|move|p1a: Blissey|Shadow Ball|p2a: Skeledirge
|-supereffective|p2a: Skeledirge
|-damage|p2a: Skeledirge|23/100 tox
|
|-damage|p2a: Skeledirge|0 fnt|[from] psn
|faint|p2a: Skeledirge
|-damage|p1a: Blissey|51/100 brn|[from] brn
|upkeep
|
|t:|1759006083
|switch|p2a: Ogerpon|Ogerpon-Wellspring-Tera, F, tera:Water|46/100
|-status|p2a: Ogerpon|psn
|-damage|p2a: Ogerpon|34/100 psn|[from] Stealth Rock
|-ability|p2a: Ogerpon|Embody Aspect (Wellspring)|boost
|-boost|p2a: Ogerpon|spd|1
|turn|92
|
|t:|1759006098
|-curestatus|p1a: Blissey|brn|[from] ability: Natural Cure
|switch|p1a: Ursaluna|Ursaluna, M|100/100
|-damage|p1a: Ursaluna|88/100|[from] Spikes
|-damage|p1a: Ursaluna|82/100|[from] Stealth Rock
|move|p2a: Ogerpon|Ivy Cudgel|p1a: Ursaluna|[anim] Ivy Cudgel Water
|-supereffective|p1a: Ursaluna
|-crit|p1a: Ursaluna
|-damage|p1a: Ursaluna|0 fnt
|faint|p1a: Ursaluna
|
|-damage|p2a: Ogerpon|22/100 psn|[from] psn
|upkeep
|
|t:|1759006103
|switch|p1a: Corviknight|Corviknight, F|75/100
|-damage|p1a: Corviknight|63/100|[from] Stealth Rock
|-ability|p1a: Corviknight|Pressure
|turn|93
|
|t:|1759006105
|move|p2a: Ogerpon|Ivy Cudgel|p1a: Corviknight|[anim] Ivy Cudgel Water
|-damage|p1a: Corviknight|16/100
|move|p1a: Corviknight|Roost|p1a: Corviknight
|-heal|p1a: Corviknight|66/100
|-singleturn|p1a: Corviknight|move: Roost
|
|-damage|p2a: Ogerpon|9/100 psn|[from] psn
|upkeep
|turn|94
|
|t:|1759006109
|move|p2a: Ogerpon|Synthesis|p2a: Ogerpon
|-heal|p2a: Ogerpon|59/100 psn
|move|p1a: Corviknight|Roost|p1a: Corviknight
|-heal|p1a: Corviknight|100/100
|-singleturn|p1a: Corviknight|move: Roost
|
|-damage|p2a: Ogerpon|47/100 psn|[from] psn
|upkeep
|turn|95
|
|t:|1759006111
|move|p2a: Ogerpon|Ivy Cudgel|p1a: Corviknight|[anim] Ivy Cudgel Water
|-damage|p1a: Corviknight|56/100
|move|p1a: Corviknight|Iron Defense|p1a: Corviknight
|-boost|p1a: Corviknight|def|2
|
|-damage|p2a: Ogerpon|35/100 psn|[from] psn
|upkeep
|turn|96
|
|t:|1759006115
|switch|p2a: Dragapult|Dragapult, M|76/100
|-status|p2a: Dragapult|psn
|-damage|p2a: Dragapult|64/100 psn|[from] Stealth Rock
|move|p1a: Corviknight|Roost|p1a: Corviknight
|-heal|p1a: Corviknight|100/100
|-singleturn|p1a: Corviknight|move: Roost
|
|-damage|p2a: Dragapult|51/100 psn|[from] psn
|upkeep
|turn|97
|
|t:|1759006121
|switch|p1a: Blissey|Blissey, F|51/100
|move|p2a: Dragapult|Shadow Ball|p1a: Blissey
|-immune|p1a: Blissey
|
|-damage|p2a: Dragapult|39/100 psn|[from] psn
|upkeep
|turn|98
|
|t:|1759006125
|switch|p2a: Corviknight|Corviknight, M|75/100
|-damage|p2a: Corviknight|62/100|[from] Stealth Rock
|-ability|p2a: Corviknight|Pressure
|move|p1a: Blissey|Soft-Boiled|p1a: Blissey
|-heal|p1a: Blissey|100/100
|
|upkeep
|turn|99
|
|t:|1759006131
|switch|p1a: Corviknight|Corviknight, F|100/100
|-damage|p1a: Corviknight|88/100|[from] Stealth Rock
|-ability|p1a: Corviknight|Pressure
|move|p2a: Corviknight|Iron Defense|p2a: Corviknight
|-boost|p2a: Corviknight|def|2
|
|upkeep
|turn|100
|
|t:|1759006133
|move|p2a: Corviknight|Iron Defense|p2a: Corviknight
|-boost|p2a: Corviknight|def|2
|move|p1a: Corviknight|Iron Defense|p1a: Corviknight
|-boost|p1a: Corviknight|def|2
|
|upkeep
|turn|101
|
|t:|1759006136
|move|p1a: Corviknight|Iron Defense|p1a: Corviknight
|-boost|p1a: Corviknight|def|2
|move|p2a: Corviknight|Iron Defense|p2a: Corviknight
|-boost|p2a: Corviknight|def|2
|
|upkeep
|turn|102
|
|t:|1759006139
|move|p2a: Corviknight|Body Press|p1a: Corviknight
|-damage|p1a: Corviknight|63/100
|-damage|p2a: Corviknight|46/100|[from] item: Rocky Helmet|[of] p1a: Corviknight
|move|p1a: Corviknight|Iron Defense|p1a: Corviknight
|-boost|p1a: Corviknight|def|2
|
|upkeep
|turn|103
|
|t:|1759006146
|move|p1a: Corviknight|Body Press|p2a: Corviknight
|-crit|p2a: Corviknight
|-damage|p2a: Corviknight|0 fnt
|faint|p2a: Corviknight
|
|upkeep
|
|t:|1759006149
|switch|p2a: Dragapult|Dragapult, M|39/100 psn
|-damage|p2a: Dragapult|27/100 psn|[from] Stealth Rock
|turn|104
|
|t:|1759006153
|switch|p1a: Blissey|Blissey, F|100/100
|move|p2a: Dragapult|Shadow Ball|p1a: Blissey
|-immune|p1a: Blissey
|
|-damage|p2a: Dragapult|14/100 psn|[from] psn
|upkeep
|turn|105
|
|t:|1759006157
|switch|p2a: Ting-Lu|Ting-Lu, shiny|95/100
|-status|p2a: Ting-Lu|psn
|-damage|p2a: Ting-Lu|89/100 psn|[from] Stealth Rock
|-ability|p2a: Ting-Lu|Vessel of Ruin
|move|p1a: Blissey|Shadow Ball|p2a: Ting-Lu
|-resisted|p2a: Ting-Lu
|-damage|p2a: Ting-Lu|86/100 psn
|
|-damage|p2a: Ting-Lu|73/100 psn|[from] psn
|upkeep
|turn|106
|
|t:|1759006163
|switch|p1a: Corviknight|Corviknight, F|63/100
|-damage|p1a: Corviknight|51/100|[from] Stealth Rock
|-ability|p1a: Corviknight|Pressure
|switch|p2a: Ogerpon|Ogerpon-Wellspring-Tera, F, tera:Water|35/100 psn
|-damage|p2a: Ogerpon|22/100 psn|[from] Stealth Rock
|-ability|p2a: Ogerpon|Embody Aspect (Wellspring)|boost
|-boost|p2a: Ogerpon|spd|1
|
|-damage|p2a: Ogerpon|10/100 psn|[from] psn
|upkeep
|turn|107
|
|t:|1759006166
|move|p2a: Ogerpon|Ivy Cudgel|p1a: Corviknight|[anim] Ivy Cudgel Water
|-damage|p1a: Corviknight|5/100
|move|p1a: Corviknight|Roost|p1a: Corviknight
|-heal|p1a: Corviknight|55/100
|-singleturn|p1a: Corviknight|move: Roost
|
|-damage|p2a: Ogerpon|0 fnt|[from] psn
|faint|p2a: Ogerpon
|detailschange|p2: Ogerpon|Ogerpon-Wellspring, F|[silent]
|upkeep
|-message|JackRG1 forfeited.
|
|win|Light SV
|raw|Light SV's rating: 1890 &rarr; <strong>1911</strong><br />(+21 for winning)
|raw|JackRG1's rating: 1904 &rarr; <strong>1883</strong><br />(-21 for losing)
|l|‽JackRG1
|player|p2|
|l|☆Light SV
|player|p1|
|l| ExplosionExplosion
|l| rult85r rylon
