|j|☆buraneo
|j|☆JD Doggin'
|t:|1758992928
|gametype|singles
|player|p1|buraneo|hoopster|1053
|player|p2|JD Doggin'|102|1092
|gen|9
|tier|[Gen 9] OU
|rated|
|rule|HP Percentage Mod: HP is shown in percentages
|rule|Endless Battle Clause: Forcing endless battles is banned
|rule|Species Clause: Limit one of each Pokémon
|rule|OHKO Clause: OHKO moves are banned
|rule|Evasion Items Clause: Evasion items are banned
|rule|Evasion Moves Clause: Evasion moves are banned
|rule|Evasion Abilities Clause: Evasion abilities are banned
|rule|Sleep Moves Clause: Sleep-inducing moves are banned
|clearpoke
|poke|p1|Excadrill, M|
|poke|p1|Toxapex, F|
|poke|p1|Iron Valiant|
|poke|p1|Weavile, M|
|poke|p1|Zapdos|
|poke|p1|Dragapult, M|
|poke|p2|Empoleon, M|
|poke|p2|Scream Tail|
|poke|p2|Rhyperior, M|
|poke|p2|Staraptor, M|
|poke|p2|Lucario, M|
|poke|p2|Toedscruel, M|
|teampreview
|inactive|Battle timer is ON: inactive players will automatically lose when time's up. (requested by buraneo)
|
|t:|1758992950
|teamsize|p1|6
|teamsize|p2|6
|start
|switch|p1a: Excadrill|Excadrill, M|100/100
|switch|p2a: Staraptor|Staraptor, M|100/100
|-ability|p1a: Excadrill|Mold Breaker
|turn|1
|
|t:|1758992963
|move|p2a: Staraptor|Close Combat|p1a: Excadrill
|-supereffective|p1a: Excadrill
|-damage|p1a: Excadrill|0 fnt
|-unboost|p2a: Staraptor|def|1
|-unboost|p2a: Staraptor|spd|1
|faint|p1a: Excadrill
|
|upkeep
|
|t:|1758992970
|switch|p1a: Zapdos|Zapdos|100/100
|turn|2
|
|t:|1758992978
|switch|p2a: Toedscruel|Toedscruel, M, shiny|100/100
|move|p1a: Zapdos|Thunderbolt|p2a: Toedscruel
|-immune|p2a: Toedscruel
|
|upkeep
|turn|3
|
|t:|1758992985
|move|p2a: Toedscruel|Knock Off|p1a: Zapdos
|-damage|p1a: Zapdos|80/100
|-enditem|p1a: Zapdos|Leftovers|[from] move: Knock Off|[of] p2a: Toedscruel
|move|p1a: Zapdos|Hurricane|p2a: Toedscruel|[miss]
|-miss|p1a: Zapdos|p2a: Toedscruel
|
|upkeep
|turn|4
|
|t:|1758992995
|switch|p2a: Rhyperior|Rhyperior, M|100/100
|move|p1a: Zapdos|Hurricane|p2a: Rhyperior
|-resisted|p2a: Rhyperior
|-damage|p2a: Rhyperior|60/100
|
|upkeep
|turn|5
|
|t:|1758993006
|move|p1a: Zapdos|U-turn|p2a: Rhyperior
|-damage|p2a: Rhyperior|50/100
|
|t:|1758993011
|switch|p1a: Toxapex|Toxapex, F|100/100|[from] U-turn
|move|p2a: Rhyperior|Stone Edge|p1a: Toxapex
|-damage|p1a: Toxapex|58/100
|
|-heal|p1a: Toxapex|64/100|[from] item: Black Sludge
|upkeep
|turn|6
|
|t:|1758993021
|move|p2a: Rhyperior|Earthquake|p1a: Toxapex
|-supereffective|p1a: Toxapex
|-damage|p1a: Toxapex|0 fnt
|faint|p1a: Toxapex
|
|upkeep
|
|t:|1758993030
|switch|p1a: Weavile|Weavile, M|100/100
|turn|7
|
|t:|1758993041
|move|p1a: Weavile|Triple Axel|p2a: Rhyperior
|-supereffective|p2a: Rhyperior
|-damage|p2a: Rhyperior|39/100
|-enditem|p2a: Rhyperior|Weakness Policy
|-boost|p2a: Rhyperior|atk|2|[from] item: Weakness Policy
|-boost|p2a: Rhyperior|spa|2|[from] item: Weakness Policy
|-supereffective|p2a: Rhyperior
|-damage|p2a: Rhyperior|17/100
|-supereffective|p2a: Rhyperior
|-damage|p2a: Rhyperior|0 fnt
|faint|p2a: Rhyperior
|-hitcount|p2: Rhyperior|3
|
|upkeep
|
|t:|1758993046
|switch|p2a: Empoleon|Empoleon, M|100/100
|turn|8
|
|t:|1758993061
|move|p1a: Weavile|Knock Off|p2a: Empoleon
|-damage|p2a: Empoleon|44/100
|-enditem|p2a: Empoleon|Petaya Berry|[from] move: Knock Off|[of] p1a: Weavile
|move|p2a: Empoleon|Agility|p2a: Empoleon
|-boost|p2a: Empoleon|spe|2
|
|upkeep
|turn|9
|
|t:|1758993072
|move|p2a: Empoleon|Surf|p1a: Weavile
|-damage|p1a: Weavile|35/100
|move|p1a: Weavile|Triple Axel|p2a: Empoleon
|-resisted|p2a: Empoleon
|-damage|p2a: Empoleon|41/100
|-resisted|p2a: Empoleon
|-damage|p2a: Empoleon|35/100
|-resisted|p2a: Empoleon
|-damage|p2a: Empoleon|27/100
|-hitcount|p2a: Empoleon|3
|
|upkeep
|turn|10
|
|t:|1758993084
|switch|p1a: Zapdos|Zapdos|80/100
|move|p2a: Empoleon|Surf|p1a: Zapdos
|-damage|p1a: Zapdos|17/100
|
|upkeep
|turn|11
|
|t:|1758993091
|move|p2a: Empoleon|Surf|p1a: Zapdos
|-damage|p1a: Zapdos|0 fnt
|faint|p1a: Zapdos
|
|upkeep
|
|t:|1758993098
|switch|p1a: Iron Valiant|Iron Valiant|100/100
|-enditem|p1a: Iron Valiant|Booster Energy
|-activate|p1a: Iron Valiant|ability: Quark Drive|[fromitem]
|-start|p1a: Iron Valiant|quarkdrivespe
|turn|12
|
|t:|1758993103
|move|p1a: Iron Valiant|Thunderbolt|p2a: Empoleon
|-supereffective|p2a: Empoleon
|-damage|p2a: Empoleon|0 fnt
|faint|p2a: Empoleon
|
|upkeep
|
|t:|1758993111
|switch|p2a: Toedscruel|Toedscruel, M, shiny|100/100
|turn|13
|
|t:|1758993120
|move|p1a: Iron Valiant|Moonblast|p2a: Toedscruel
|-damage|p2a: Toedscruel|70/100
|move|p2a: Toedscruel|Rapid Spin|p1a: Iron Valiant
|-damage|p1a: Iron Valiant|85/100
|-boost|p2a: Toedscruel|spe|1
|
|upkeep
|turn|14
|
|t:|1758993129
|move|p1a: Iron Valiant|Psychic|p2a: Toedscruel
|-damage|p2a: Toedscruel|49/100
|move|p2a: Toedscruel|Rapid Spin|p1a: Iron Valiant
|-damage|p1a: Iron Valiant|70/100
|-boost|p2a: Toedscruel|spe|1
|
|upkeep
|turn|15
|
|t:|1758993136
|move|p2a: Toedscruel|Power Whip|p1a: Iron Valiant
|-damage|p1a: Iron Valiant|12/100
|move|p1a: Iron Valiant|Aura Sphere|p2a: Toedscruel
|-damage|p2a: Toedscruel|21/100
|
|upkeep
|turn|16
|
|t:|1758993145
|move|p2a: Toedscruel|Earth Power|p1a: Iron Valiant
|-damage|p1a: Iron Valiant|0 fnt
|faint|p1a: Iron Valiant
|-end|p1a: Iron Valiant|Quark Drive|[silent]
|
|upkeep
|
|t:|1758993151
|switch|p1a: Weavile|Weavile, M|35/100
|turn|17
|-message|buraneo forfeited.
|
|win|JD Doggin'
|raw|buraneo's rating: 1053 &rarr; <strong>1037</strong><br />(-16 for losing)
|raw|JD Doggin&apos;'s rating: 1092 &rarr; <strong>1115</strong><br />(+23 for winning)
|l|☆buraneo
|player|p1|
