|j|☆cejwocj0ed
|j|☆hbjhbjjkjn
|t:|1759056216
|gametype|singles
|player|p1|cejwocj0ed|266|1107
|player|p2|hbjhbjjkjn|chili|1151
|gen|9
|tier|[Gen 9] OU
|rated|
|rule|HP Percentage Mod: HP is shown in percentages
|rule|Endless Battle Clause: Forcing endless battles is banned
|rule|Species Clause: Limit one of each Pokémon
|rule|OHKO Clause: OHKO moves are banned
|rule|Evasion Items Clause: Evasion items are banned
|rule|Evasion Moves Clause: Evasion moves are banned
|rule|Evasion Abilities Clause: Evasion abilities are banned
|rule|Sleep Moves Clause: Sleep-inducing moves are banned
|clearpoke
|poke|p1|Hoopa-Unbound|
|poke|p1|Iron Valiant|
|poke|p1|Landorus-Therian, M|
|poke|p1|Pecharunt|
|poke|p1|Alomomola, F|
|poke|p1|Cinderace, F|
|poke|p2|Slowbro, F|
|poke|p2|Gardevoir, M|
|poke|p2|Haxorus, F|
|poke|p2|Mienshao, F|
|poke|p2|Entei|
|poke|p2|Goodra-Hisui, F|
|teampreview
|
|t:|1759056254
|teamsize|p1|6
|teamsize|p2|6
|start
|switch|p1a: Landorus|Landorus-Therian, M|100/100
|switch|p2a: Mienshao|Mienshao, F|100/100
|-ability|p1a: Landorus|Intimidate|boost
|-unboost|p2a: Mienshao|atk|1
|turn|1
|
|t:|1759056265
|move|p1a: Landorus|U-turn|p2a: Mienshao
|-resisted|p2a: Mienshao
|-damage|p2a: Mienshao|77/100
|
|t:|1759056272
|switch|p1a: Pecharunt|Pecharunt|100/100|[from] U-turn
|move|p2a: Mienshao|Triple Axel|p1a: Pecharunt
|-damage|p1a: Pecharunt|97/100
|-hitcount|p1a: Pecharunt|1
|-damage|p2a: Mienshao|67/100|[from] item: Life Orb
|
|upkeep
|turn|2
|
|t:|1759056298
|move|p2a: Mienshao|U-turn|p1a: Pecharunt
|-resisted|p1a: Pecharunt
|-damage|p1a: Pecharunt|95/100
|-damage|p2a: Mienshao|57/100|[from] item: Life Orb
|
|t:|1759056299
|switch|p2a: Goodra|Goodra-Hisui, F|100/100|[from] U-turn
|move|p1a: Pecharunt|Malignant Chain|p2a: Goodra
|-immune|p2a: Goodra
|
|upkeep
|turn|3
|
|t:|1759056316
|move|p1a: Pecharunt|Parting Shot|p2a: Goodra
|-unboost|p2a: Goodra|atk|1
|-unboost|p2a: Goodra|spa|1
|
|t:|1759056320
|switch|p1a: Alomomola|Alomomola, F|100/100|[from] Parting Shot
|move|p2a: Goodra|Flash Cannon|p1a: Alomomola
|-resisted|p1a: Alomomola
|-damage|p1a: Alomomola|93/100
|-unboost|p1a: Alomomola|spd|1
|
|upkeep
|turn|4
|
|t:|1759056324
|move|p2a: Goodra|Thunderbolt|p1a: Alomomola
|-supereffective|p1a: Alomomola
|-damage|p1a: Alomomola|62/100
|move|p1a: Alomomola|Flip Turn|p2a: Goodra
|-resisted|p2a: Goodra
|-damage|p2a: Goodra|93/100
|-ability|p2a: Goodra|Gooey
|-unboost|p1a: Alomomola|spe|1
|
|t:|1759056331
|switch|p1a: Hoopa|Hoopa-Unbound|100/100|[from] Flip Turn
|
|upkeep
|turn|5
|
|t:|1759056348
|switch|p2a: Entei|Entei|100/100
|move|p1a: Hoopa|Knock Off|p2a: Entei
|-damage|p2a: Entei|0 fnt
|-enditem|p2a: Entei|Miracle Seed|[from] move: Knock Off|[of] p1a: Hoopa
|faint|p2a: Entei
|
|upkeep
|
|t:|1759056352
|switch|p2a: Mienshao|Mienshao, F|90/100
|turn|6
|
|t:|1759056363
|switch|p1a: Pecharunt|Pecharunt|95/100
|move|p2a: Mienshao|U-turn|p1a: Pecharunt
|-resisted|p1a: Pecharunt
|-damage|p1a: Pecharunt|92/100
|-damage|p2a: Mienshao|80/100|[from] item: Life Orb
|
|t:|1759056373
|switch|p2a: Slowbro|Slowbro, F|100/100|[from] U-turn
|
|upkeep
|turn|7
|
|t:|1759056379
|move|p1a: Pecharunt|Parting Shot|p2a: Slowbro
|-unboost|p2a: Slowbro|atk|1
|-unboost|p2a: Slowbro|spa|1
|
|t:|1759056383
|switch|p1a: Hoopa|Hoopa-Unbound|100/100|[from] Parting Shot
|move|p2a: Slowbro|Psychic Noise|p1a: Hoopa
|-immune|p1a: Hoopa
|
|upkeep
|turn|8
|
|t:|1759056388
|switch|p2a: Mienshao|Mienshao, F|100/100
|move|p1a: Hoopa|Knock Off|p2a: Mienshao
|-resisted|p2a: Mienshao
|-damage|p2a: Mienshao|0 fnt
|-enditem|p2a: Mienshao|Life Orb|[from] move: Knock Off|[of] p1a: Hoopa
|faint|p2a: Mienshao
|
|upkeep
|
|t:|1759056400
|switch|p2a: Haxorus|Haxorus, F|100/100
|-ability|p2a: Haxorus|Mold Breaker
|turn|9
|
|t:|1759056406
|switch|p1a: Pecharunt|Pecharunt|92/100
|-terastallize|p2a: Haxorus|Fairy
|move|p2a: Haxorus|Dragon Dance|p2a: Haxorus
|-boost|p2a: Haxorus|atk|1
|-boost|p2a: Haxorus|spe|1
|
|upkeep
|turn|10
|
|t:|1759056467
|move|p2a: Haxorus|Substitute|p2a: Haxorus
|-start|p2a: Haxorus|Substitute
|-damage|p2a: Haxorus|76/100
|move|p1a: Pecharunt|Malignant Chain|p2a: Haxorus
|-supereffective|p2a: Haxorus
|-end|p2a: Haxorus|Substitute
|
|upkeep
|turn|11
|
|t:|1759056476
|move|p2a: Haxorus|Earthquake|p1a: Pecharunt
|-supereffective|p1a: Pecharunt
|-damage|p1a: Pecharunt|38/100
|move|p1a: Pecharunt|Malignant Chain|p2a: Haxorus
|-supereffective|p2a: Haxorus
|-damage|p2a: Haxorus|0 fnt
|faint|p2a: Haxorus
|
|upkeep
|-message|hbjhbjjkjn forfeited.
|
|win|cejwocj0ed
|raw|cejwocj0ed's rating: 1107 &rarr; <strong>1135</strong><br />(+28 for winning)
|raw|hbjhbjjkjn's rating: 1151 &rarr; <strong>1123</strong><br />(-28 for losing)
|l|☆hbjhbjjkjn
|player|p2|
