|j|☆preppy dude
|j|☆wszzl
|t:|1759044373
|gametype|singles
|player|p1|preppy dude|265|1321
|player|p2|wszzl|fisherman|1317
|gen|9
|tier|[Gen 9] OU
|rated|
|rule|HP Percentage Mod: HP is shown in percentages
|rule|Endless Battle Clause: Forcing endless battles is banned
|rule|Species Clause: Limit one of each Pokémon
|rule|OHKO Clause: OHKO moves are banned
|rule|Evasion Items Clause: Evasion items are banned
|rule|Evasion Moves Clause: Evasion moves are banned
|rule|Evasion Abilities Clause: Evasion abilities are banned
|rule|Sleep Moves Clause: Sleep-inducing moves are banned
|clearpoke
|poke|p1|Zapdos|
|poke|p1|Golem, M|
|poke|p1|Arbok, M|
|poke|p1|Rhydon, F|
|poke|p1|Magneton|
|poke|p1|Dodrio, F|
|poke|p2|Samurott-Hisui, M|
|poke|p2|Mamoswine, M|
|poke|p2|Volcanion|
|poke|p2|Hydrapple, F|
|poke|p2|Gholdengo|
|poke|p2|Landorus-Therian, M|
|teampreview
|
|t:|1759044389
|teamsize|p1|6
|teamsize|p2|6
|start
|switch|p1a: Golem|Golem, M|100/100
|switch|p2a: Mamoswine|Mamoswine, M|100/100
|turn|1
|inactive|Battle timer is ON: inactive players will automatically lose when time's up. (requested by preppy dude)
|
|t:|1759044405
|move|p2a: Mamoswine|Earthquake|p1a: Golem
|-supereffective|p1a: Golem
|-ability|p1a: Golem|Sturdy
|-damage|p1a: Golem|1/100
|-damage|p2a: Mamoswine|91/100|[from] item: Life Orb
|move|p1a: Golem|Stealth Rock|p2a: Mamoswine
|-sidestart|p2: wszzl|move: Stealth Rock
|
|upkeep
|turn|2
|-enditem|p1a: Golem|Custap Berry|[eat]
|-activate|p1a: Golem|item: Custap Berry|[consumed]
|
|t:|1759044414
|move|p2a: Mamoswine|Ice Shard|p1a: Golem
|-supereffective|p1a: Golem
|-crit|p1a: Golem
|-damage|p1a: Golem|0 fnt
|faint|p1a: Golem
|-damage|p2a: Mamoswine|81/100|[from] item: Life Orb
|
|upkeep
|
|t:|1759044423
|switch|p1a: Magneton|Magneton|100/100
|turn|3
|
|t:|1759044429
|move|p1a: Magneton|Flash Cannon|p2a: Mamoswine
|-supereffective|p2a: Mamoswine
|-damage|p2a: Mamoswine|0 fnt
|faint|p2a: Mamoswine
|
|upkeep
|
|t:|1759044432
|switch|p2a: Samurott|Samurott-Hisui, M|100/100
|turn|4
|
|t:|1759044441
|switch|p1a: Arbok|Arbok, M|100/100
|-ability|p1a: Arbok|Intimidate|boost
|-unboost|p2a: Samurott|atk|1
|-terastallize|p2a: Samurott|Fairy
|move|p2a: Samurott|Ceaseless Edge|p1a: Arbok
|-damage|p1a: Arbok|52/100
|-sidestart|p1: preppy dude|Spikes
|
|upkeep
|turn|5
|
|t:|1759044453
|move|p1a: Arbok|Poison Fang|p2a: Samurott
|-supereffective|p2a: Samurott
|-damage|p2a: Samurott|61/100
|-status|p2a: Samurott|tox
|move|p2a: Samurott|Razor Shell|p1a: Arbok
|-damage|p1a: Arbok|0 fnt
|faint|p1a: Arbok
|
|-damage|p2a: Samurott|55/100 tox|[from] psn
|upkeep
|
|t:|1759044464
|switch|p1a: Dodrio|Dodrio, F|100/100
|turn|6
|
|t:|1759044468
|switch|p2a: Gholdengo|Gholdengo|100/100
|-damage|p2a: Gholdengo|94/100|[from] Stealth Rock
|-item|p2a: Gholdengo|Air Balloon
|move|p1a: Dodrio|Brave Bird|p2a: Gholdengo
|-resisted|p2a: Gholdengo
|-damage|p2a: Gholdengo|64/100
|-enditem|p2a: Gholdengo|Air Balloon
|-damage|p1a: Dodrio|86/100|[from] Recoil
|
|upkeep
|turn|7
|
|t:|1759044480
|switch|p1a: Zapdos|Zapdos|100/100
|move|p2a: Gholdengo|Thunder Wave|p1a: Zapdos|[miss]
|-miss|p2a: Gholdengo|p1a: Zapdos
|
|upkeep
|turn|8
|
|t:|1759044487
|move|p1a: Zapdos|Discharge|p2a: Gholdengo
|-damage|p2a: Gholdengo|41/100
|move|p2a: Gholdengo|Recover|p2a: Gholdengo
|-heal|p2a: Gholdengo|91/100
|
|upkeep
|turn|9
|
|t:|1759044493
|move|p1a: Zapdos|Discharge|p2a: Gholdengo
|-damage|p2a: Gholdengo|68/100
|-status|p2a: Gholdengo|par
|move|p2a: Gholdengo|Hex|p1a: Zapdos
|-damage|p1a: Zapdos|76/100
|
|-heal|p1a: Zapdos|82/100|[from] item: Leftovers
|upkeep
|turn|10
|
|t:|1759044502
|switch|p2a: Hydrapple|Hydrapple, F|100/100
|-damage|p2a: Hydrapple|88/100|[from] Stealth Rock
|move|p1a: Zapdos|Discharge|p2a: Hydrapple
|-resisted|p2a: Hydrapple
|-crit|p2a: Hydrapple
|-damage|p2a: Hydrapple|75/100
|
|-heal|p1a: Zapdos|89/100|[from] item: Leftovers
|upkeep
|turn|11
|
|t:|1759044512
|move|p1a: Zapdos|Air Cutter|p2a: Hydrapple
|-supereffective|p2a: Hydrapple
|-damage|p2a: Hydrapple|29/100
|move|p2a: Hydrapple|Nasty Plot|p2a: Hydrapple
|-boost|p2a: Hydrapple|spa|2
|
|-heal|p1a: Zapdos|95/100|[from] item: Leftovers
|upkeep
|turn|12
|
|t:|1759044521
|switch|p2a: Gholdengo|Gholdengo|68/100 par
|-damage|p2a: Gholdengo|62/100 par|[from] Stealth Rock
|move|p1a: Zapdos|Air Cutter|p2a: Gholdengo
|-resisted|p2a: Gholdengo
|-damage|p2a: Gholdengo|53/100 par
|
|-heal|p1a: Zapdos|100/100|[from] item: Leftovers
|upkeep
|turn|13
|
|t:|1759044530
|move|p1a: Zapdos|Discharge|p2a: Gholdengo
|-damage|p2a: Gholdengo|31/100 par
|move|p2a: Gholdengo|Recover|p2a: Gholdengo
|-heal|p2a: Gholdengo|81/100 par
|
|upkeep
|turn|14
|
|t:|1759044539
|move|p1a: Zapdos|Discharge|p2a: Gholdengo
|-crit|p2a: Gholdengo
|-damage|p2a: Gholdengo|46/100 par
|move|p2a: Gholdengo|Hex|p1a: Zapdos
|-damage|p1a: Zapdos|76/100
|
|-heal|p1a: Zapdos|83/100|[from] item: Leftovers
|upkeep
|turn|15
|
|t:|1759044548
|switch|p2a: Landorus|Landorus-Therian, M|100/100
|-damage|p2a: Landorus|88/100|[from] Stealth Rock
|-ability|p2a: Landorus|Intimidate|boost
|-unboost|p1a: Zapdos|atk|1
|move|p1a: Zapdos|Discharge|p2a: Landorus
|-immune|p2a: Landorus
|
|-heal|p1a: Zapdos|89/100|[from] item: Leftovers
|upkeep
|turn|16
|
|t:|1759044564
|move|p2a: Landorus|Stone Edge|p1a: Zapdos
|-supereffective|p1a: Zapdos
|-damage|p1a: Zapdos|21/100
|move|p1a: Zapdos|Air Cutter|p2a: Landorus
|-damage|p2a: Landorus|57/100
|
|-heal|p1a: Zapdos|27/100|[from] item: Leftovers
|upkeep
|turn|17
|
|t:|1759044574
|switch|p2a: Hydrapple|Hydrapple, F|62/100
|-damage|p2a: Hydrapple|50/100|[from] Stealth Rock
|move|p1a: Zapdos|Protect||[still]
|-fail|p1a: Zapdos
|
|-heal|p1a: Zapdos|34/100|[from] item: Leftovers
|upkeep
|turn|18
|
|t:|1759044583
|move|p1a: Zapdos|Roost|p1a: Zapdos
|-heal|p1a: Zapdos|84/100
|-singleturn|p1a: Zapdos|move: Roost
|move|p2a: Hydrapple|Fickle Beam|p1a: Zapdos
|-damage|p1a: Zapdos|59/100
|
|-heal|p1a: Zapdos|65/100|[from] item: Leftovers
|upkeep
|turn|19
|
|t:|1759044592
|switch|p2a: Gholdengo|Gholdengo|46/100 par
|-damage|p2a: Gholdengo|40/100 par|[from] Stealth Rock
|move|p1a: Zapdos|Protect||[still]
|-fail|p1a: Zapdos
|
|-heal|p1a: Zapdos|71/100|[from] item: Leftovers
|upkeep
|turn|20
|
|t:|1759044601
|move|p1a: Zapdos|Discharge|p2a: Gholdengo
|-damage|p2a: Gholdengo|14/100 par
|move|p2a: Gholdengo|Make It Rain|p1a: Zapdos
|-resisted|p1a: Zapdos
|-damage|p1a: Zapdos|49/100
|-unboost|p2a: Gholdengo|spa|1
|
|-heal|p1a: Zapdos|55/100|[from] item: Leftovers
|upkeep
|turn|21
|
|t:|1759044611
|switch|p2a: Hydrapple|Hydrapple, F|83/100
|-damage|p2a: Hydrapple|71/100|[from] Stealth Rock
|move|p1a: Zapdos|Discharge|p2a: Hydrapple
|-resisted|p2a: Hydrapple
|-damage|p2a: Hydrapple|62/100
|
|-heal|p1a: Zapdos|61/100|[from] item: Leftovers
|upkeep
|turn|22
|
|t:|1759044621
|switch|p2a: Gholdengo|Gholdengo|14/100 par
|-damage|p2a: Gholdengo|8/100 par|[from] Stealth Rock
|move|p1a: Zapdos|Protect||[still]
|-fail|p1a: Zapdos
|
|-heal|p1a: Zapdos|67/100|[from] item: Leftovers
|upkeep
|turn|23
|
|t:|1759044630
|move|p1a: Zapdos|Discharge|p2a: Gholdengo
|-damage|p2a: Gholdengo|0 fnt
|faint|p2a: Gholdengo
|
|-heal|p1a: Zapdos|74/100|[from] item: Leftovers
|upkeep
|
|t:|1759044634
|switch|p2a: Landorus|Landorus-Therian, M|57/100
|-damage|p2a: Landorus|45/100|[from] Stealth Rock
|-ability|p2a: Landorus|Intimidate|boost
|-unboost|p1a: Zapdos|atk|1
|turn|24
|
|t:|1759044641
|move|p1a: Zapdos|Protect|p1a: Zapdos
|-singleturn|p1a: Zapdos|Protect
|move|p2a: Landorus|Stone Edge|p1a: Zapdos
|-activate|p1a: Zapdos|move: Protect
|
|-heal|p1a: Zapdos|80/100|[from] item: Leftovers
|upkeep
|turn|25
|
|t:|1759044650
|switch|p1a: Rhydon|Rhydon, F|100/100
|-damage|p1a: Rhydon|88/100|[from] Spikes
|move|p2a: Landorus|Stone Edge|p1a: Rhydon
|-resisted|p1a: Rhydon
|-damage|p1a: Rhydon|80/100
|
|upkeep
|turn|26
|
|t:|1759044657
|switch|p2a: Hydrapple|Hydrapple, F|95/100
|-damage|p2a: Hydrapple|83/100|[from] Stealth Rock
|move|p1a: Rhydon|Avalanche|p2a: Hydrapple
|-supereffective|p2a: Hydrapple
|-damage|p2a: Hydrapple|32/100
|-damage|p1a: Rhydon|63/100|[from] item: Rocky Helmet|[of] p2a: Hydrapple
|
|upkeep
|turn|27
|
|t:|1759044677
|switch|p1a: Zapdos|Zapdos|80/100
|move|p2a: Hydrapple|Fickle Beam|p1a: Zapdos
|-damage|p1a: Zapdos|53/100
|
|-heal|p1a: Zapdos|60/100|[from] item: Leftovers
|upkeep
|turn|28
|
|t:|1759044687
|switch|p2a: Landorus|Landorus-Therian, M|45/100
|-damage|p2a: Landorus|32/100|[from] Stealth Rock
|-ability|p2a: Landorus|Intimidate|boost
|-unboost|p1a: Zapdos|atk|1
|move|p1a: Zapdos|Air Cutter|p2a: Landorus
|-damage|p2a: Landorus|1/100
|
|-heal|p1a: Zapdos|66/100|[from] item: Leftovers
|upkeep
|turn|29
|
|t:|1759044697
|move|p1a: Zapdos|Protect|p1a: Zapdos
|-singleturn|p1a: Zapdos|Protect
|move|p2a: Landorus|Stone Edge|p1a: Zapdos
|-activate|p1a: Zapdos|move: Protect
|
|-heal|p1a: Zapdos|72/100|[from] item: Leftovers
|upkeep
|turn|30
|
|t:|1759044707
|switch|p1a: Rhydon|Rhydon, F|63/100
|-damage|p1a: Rhydon|51/100|[from] Spikes
|move|p2a: Landorus|Stone Edge|p1a: Rhydon|[miss]
|-miss|p2a: Landorus|p1a: Rhydon
|
|upkeep
|turn|31
|
|t:|1759044717
|move|p2a: Landorus|Stone Edge|p1a: Rhydon|[miss]
|-miss|p2a: Landorus|p1a: Rhydon
|move|p1a: Rhydon|Avalanche|p2a: Landorus
|-supereffective|p2a: Landorus
|-damage|p2a: Landorus|0 fnt
|faint|p2a: Landorus
|
|upkeep
|
|t:|1759044720
|switch|p2a: Samurott|Samurott-Hisui, M, tera:Fairy|55/100 tox
|turn|32
|
|t:|1759044728
|switch|p1a: Dodrio|Dodrio, F|86/100
|move|p2a: Samurott|Aqua Jet|p1a: Dodrio
|-damage|p1a: Dodrio|53/100
|
|-damage|p2a: Samurott|49/100 tox|[from] psn
|upkeep
|turn|33
|
|t:|1759044746
|move|p1a: Dodrio|Thrash|p2a: Samurott
|-damage|p2a: Samurott|0 fnt
|faint|p2a: Samurott
|
|upkeep
|
|t:|1759044750
|switch|p2a: Volcanion|Volcanion|100/100
|turn|34
|
|t:|1759044753
|move|p1a: Dodrio|Thrash|p2a: Volcanion|[from] lockedmove
|-damage|p2a: Volcanion|52/100
|-start|p1a: Dodrio|confusion|[fatigue]
|move|p2a: Volcanion|Flamethrower|p1a: Dodrio
|-crit|p1a: Dodrio
|-damage|p1a: Dodrio|0 fnt
|faint|p1a: Dodrio
|
|upkeep
|-message|wszzl forfeited.
|
|win|preppy dude
|raw|preppy dude's rating: 1321 &rarr; <strong>1341</strong><br />(+20 for winning)
|raw|wszzl's rating: 1317 &rarr; <strong>1297</strong><br />(-20 for losing)
|l|☆wszzl
|player|p2|
|l|☆preppy dude
|player|p1|
