|j|☆decibelpkmn
|j|☆YumeKasumi76
|t:|1759000809
|gametype|singles
|player|p1|decibelpkmn|2|1454
|player|p2|YumeKasumi76|170|1468
|gen|9
|tier|[Gen 9] OU
|rated|
|rule|HP Percentage Mod: HP is shown in percentages
|rule|Endless Battle Clause: Forcing endless battles is banned
|rule|Species Clause: Limit one of each Pokémon
|rule|OHKO Clause: OHKO moves are banned
|rule|Evasion Items Clause: Evasion items are banned
|rule|Evasion Moves Clause: Evasion moves are banned
|rule|Evasion Abilities Clause: Evasion abilities are banned
|rule|Sleep Moves Clause: Sleep-inducing moves are banned
|clearpoke
|poke|p1|Gliscor, F|
|poke|p1|Clefable, F|
|poke|p1|Corviknight, M|
|poke|p1|Garganacl, M|
|poke|p1|Kingambit, M|
|poke|p1|Dragapult, M|
|poke|p2|Cobalion|
|poke|p2|Weezing-Galar, M|
|poke|p2|Lokix, F|
|poke|p2|Arboliva, M|
|poke|p2|Ceruledge, F|
|poke|p2|Latios, M|
|teampreview
|inactive|Battle timer is ON: inactive players will automatically lose when time's up. (requested by YumeKasumi76)
|
|t:|1759000829
|teamsize|p1|6
|teamsize|p2|6
|start
|switch|p1a: Dragapult|Dragapult, M|100/100
|switch|p2a: M'affald|Weezing-Galar, M|100/100
|-ability|p2a: M'affald|Neutralizing Gas
|turn|1
|
|t:|1759000836
|move|p1a: Dragapult|Will-O-Wisp|p2a: M'affald
|-status|p2a: M'affald|brn
|move|p2a: M'affald|Sludge Bomb|p1a: Dragapult
|-resisted|p1a: Dragapult
|-damage|p1a: Dragapult|81/100
|
|-damage|p2a: M'affald|94/100 brn|[from] brn
|upkeep
|turn|2
|
|t:|1759000839
|-end|p2a: M'affald|ability: Neutralizing Gas
|switch|p2a: Pantheon|Arboliva, M|100/100
|move|p1a: Dragapult|Hex|p2a: Pantheon
|-immune|p2a: Pantheon
|
|upkeep
|turn|3
|
|t:|1759000846
|switch|p2a: Ironhyde|Cobalion|100/100
|move|p1a: Dragapult|U-turn|p2a: Ironhyde
|-resisted|p2a: Ironhyde
|-damage|p2a: Ironhyde|97/100
|-damage|p1a: Dragapult|65/100|[from] item: Rocky Helmet|[of] p2a: Ironhyde
|
|t:|1759000855
|switch|p1a: Gliscor|Gliscor, F|100/100|[from] U-turn
|
|-status|p1a: Gliscor|tox|[from] item: Toxic Orb
|upkeep
|turn|4
|
|t:|1759000860
|move|p2a: Ironhyde|Stealth Rock|p1a: Gliscor
|-sidestart|p1: decibelpkmn|move: Stealth Rock
|move|p1a: Gliscor|Spikes|p2a: Ironhyde
|-sidestart|p2: YumeKasumi76|Spikes
|
|upkeep
|turn|5
|
|t:|1759000865
|switch|p2a: Pantheon|Arboliva, M|100/100
|-damage|p2a: Pantheon|88/100|[from] Spikes
|move|p1a: Gliscor|Earthquake|p2a: Pantheon
|-resisted|p2a: Pantheon
|-damage|p2a: Pantheon|73/100
|-fieldstart|move: Grassy Terrain|[from] ability: Seed Sower|[of] p2a: Pantheon
|
|-heal|p2a: Pantheon|79/100|[from] Grassy Terrain
|upkeep
|turn|6
|
|t:|1759000868
|move|p1a: Gliscor|Toxic|p2a: Pantheon
|-status|p2a: Pantheon|tox
|move|p2a: Pantheon|Giga Drain|p1a: Gliscor
|-damage|p1a: Gliscor|47/100 tox
|-heal|p2a: Pantheon|100/100 tox|[from] drain|[of] p1a: Gliscor
|
|-heal|p1a: Gliscor|59/100 tox|[from] ability: Poison Heal
|-damage|p2a: Pantheon|94/100 tox|[from] psn
|upkeep
|turn|7
|
|t:|1759000875
|switch|p2a: Iverson|Latios, M|100/100
|move|p1a: Gliscor|Protect||[still]
|-fail|p1a: Gliscor
|
|-heal|p1a: Gliscor|72/100 tox|[from] ability: Poison Heal
|upkeep
|turn|8
|
|t:|1759000878
|move|p2a: Iverson|Luster Purge|p1a: Gliscor
|-damage|p1a: Gliscor|6/100 tox
|-unboost|p1a: Gliscor|spd|1
|move|p1a: Gliscor|Toxic|p2a: Iverson
|-status|p2a: Iverson|tox
|
|-damage|p2a: Iverson|95/100 tox|[from] psn
|-heal|p1a: Gliscor|19/100 tox|[from] ability: Poison Heal
|upkeep
|turn|9
|
|t:|1759000883
|move|p1a: Gliscor|Protect|p1a: Gliscor
|-singleturn|p1a: Gliscor|Protect
|move|p2a: Iverson|Luster Purge|p1a: Gliscor
|-activate|p1a: Gliscor|move: Protect
|
|-damage|p2a: Iverson|83/100 tox|[from] psn
|-heal|p1a: Gliscor|31/100 tox|[from] ability: Poison Heal
|-fieldend|move: Grassy Terrain
|upkeep
|turn|10
|
|t:|1759000886
|switch|p2a: Ironhyde|Cobalion|97/100
|-damage|p2a: Ironhyde|85/100|[from] Spikes
|switch|p1a: Clefable|Clefable, F|100/100
|
|upkeep
|turn|11
|
|t:|1759000892
|move|p2a: Ironhyde|Volt Switch|p1a: Clefable
|-damage|p1a: Clefable|90/100
|
|t:|1759000894
|switch|p2a: Jalter|Ceruledge, F|100/100|[from] Volt Switch
|-damage|p2a: Jalter|88/100|[from] Spikes
|move|p1a: Clefable|Moonlight|p1a: Clefable
|-heal|p1a: Clefable|100/100
|
|-heal|p2a: Jalter|94/100|[from] item: Leftovers
|upkeep
|turn|12
|
|t:|1759000901
|move|p2a: Jalter|Bulk Up|p2a: Jalter
|-boost|p2a: Jalter|atk|1
|-boost|p2a: Jalter|def|1
|move|p1a: Clefable|Encore|p2a: Jalter
|-start|p2a: Jalter|Encore
|
|-heal|p2a: Jalter|100/100|[from] item: Leftovers
|upkeep
|turn|13
|
|t:|1759000907
|switch|p1a: Gliscor|Gliscor, F|31/100 tox
|-damage|p1a: Gliscor|19/100 tox|[from] Stealth Rock
|move|p2a: Jalter|Bulk Up|p2a: Jalter
|-boost|p2a: Jalter|atk|1
|-boost|p2a: Jalter|def|1
|
|-heal|p1a: Gliscor|31/100 tox|[from] ability: Poison Heal
|upkeep
|turn|14
|
|t:|1759000909
|move|p1a: Gliscor|Toxic|p2a: Jalter
|-status|p2a: Jalter|tox
|move|p2a: Jalter|Bulk Up|p2a: Jalter
|-boost|p2a: Jalter|atk|1
|-boost|p2a: Jalter|def|1
|
|-heal|p1a: Gliscor|43/100 tox|[from] ability: Poison Heal
|-damage|p2a: Jalter|94/100 tox|[from] psn
|upkeep
|turn|15
|
|t:|1759000912
|move|p1a: Gliscor|Spikes|p2a: Jalter
|-sidestart|p2: YumeKasumi76|Spikes
|move|p2a: Jalter|Bulk Up|p2a: Jalter
|-boost|p2a: Jalter|atk|1
|-boost|p2a: Jalter|def|1
|
|-heal|p2a: Jalter|100/100 tox|[from] item: Leftovers
|-heal|p1a: Gliscor|56/100 tox|[from] ability: Poison Heal
|-damage|p2a: Jalter|88/100 tox|[from] psn
|-end|p2a: Jalter|Encore
|upkeep
|turn|16
|
|t:|1759000919
|move|p1a: Gliscor|Protect|p1a: Gliscor
|-singleturn|p1a: Gliscor|Protect
|move|p2a: Jalter|Bulk Up|p2a: Jalter
|-boost|p2a: Jalter|atk|1
|-boost|p2a: Jalter|def|1
|
|-heal|p2a: Jalter|94/100 tox|[from] item: Leftovers
|-heal|p1a: Gliscor|68/100 tox|[from] ability: Poison Heal
|-damage|p2a: Jalter|76/100 tox|[from] psn
|upkeep
|turn|17
|
|t:|1759000925
|switch|p1a: Corviknight|Corviknight, M|100/100
|-damage|p1a: Corviknight|88/100|[from] Stealth Rock
|-ability|p1a: Corviknight|Pressure
|move|p2a: Jalter|Bitter Blade|p1a: Corviknight
|-supereffective|p1a: Corviknight
|-damage|p1a: Corviknight|0 fnt
|-heal|p2a: Jalter|100/100 tox|[from] drain|[of] p1a: Corviknight
|-damage|p2a: Jalter|84/100 tox|[from] item: Rocky Helmet|[of] p1a: Corviknight
|faint|p1a: Corviknight
|
|-heal|p2a: Jalter|90/100 tox|[from] item: Leftovers
|-damage|p2a: Jalter|66/100 tox|[from] psn
|upkeep
|
|t:|1759000939
|switch|p1a: Garganacl|Garganacl, M|100/100
|-damage|p1a: Garganacl|88/100|[from] Stealth Rock
|turn|18
|
|t:|1759000945
|move|p1a: Garganacl|Protect|p1a: Garganacl
|-singleturn|p1a: Garganacl|Protect
|move|p2a: Jalter|Poltergeist|p1a: Garganacl
|-activate|p1a: Garganacl|move: Protect
|
|-heal|p2a: Jalter|72/100 tox|[from] item: Leftovers
|-heal|p1a: Garganacl|94/100|[from] item: Leftovers
|-damage|p2a: Jalter|41/100 tox|[from] psn
|upkeep
|turn|19
|
|t:|1759000954
|move|p1a: Garganacl|Protect|p1a: Garganacl
|-singleturn|p1a: Garganacl|Protect
|move|p2a: Jalter|Bitter Blade|p1a: Garganacl
|-activate|p1a: Garganacl|move: Protect
|
|-heal|p2a: Jalter|47/100 tox|[from] item: Leftovers
|-heal|p1a: Garganacl|100/100|[from] item: Leftovers
|-damage|p2a: Jalter|10/100 tox|[from] psn
|upkeep
|turn|20
|
|t:|1759000957
|move|p2a: Jalter|Bitter Blade|p1a: Garganacl
|-resisted|p1a: Garganacl
|-crit|p1a: Garganacl
|-damage|p1a: Garganacl|34/100
|-heal|p2a: Jalter|49/100 tox|[from] drain|[of] p1a: Garganacl
|move|p1a: Garganacl|Recover|p1a: Garganacl
|-heal|p1a: Garganacl|84/100
|
|-heal|p2a: Jalter|56/100 tox|[from] item: Leftovers
|-heal|p1a: Garganacl|91/100|[from] item: Leftovers
|-damage|p2a: Jalter|13/100 tox|[from] psn
|upkeep
|turn|21
|
|t:|1759000963
|switch|p2a: Ironhyde|Cobalion|85/100
|-damage|p2a: Ironhyde|69/100|[from] Spikes
|move|p1a: Garganacl|Protect||[still]
|-fail|p1a: Garganacl
|
|-heal|p1a: Garganacl|97/100|[from] item: Leftovers
|upkeep
|turn|22
|
|t:|1759000967
|-terastallize|p1a: Garganacl|Electric
|move|p2a: Ironhyde|Body Press|p1a: Garganacl
|-damage|p1a: Garganacl|71/100
|move|p1a: Garganacl|Salt Cure|p2a: Ironhyde
|-resisted|p2a: Ironhyde
|-damage|p2a: Ironhyde|66/100
|-start|p2a: Ironhyde|Salt Cure
|
|-heal|p1a: Garganacl|77/100|[from] item: Leftovers
|-damage|p2a: Ironhyde|42/100|[from] Salt Cure
|upkeep
|turn|23
|
|t:|1759000974
|move|p2a: Ironhyde|Steel Beam|p1a: Garganacl|[miss]
|-miss|p2a: Ironhyde|p1a: Garganacl
|-damage|p2a: Ironhyde|0 fnt|[from] steelbeam
|faint|p2a: Ironhyde
|move|p1a: Garganacl|Salt Cure|p2: Ironhyde|[notarget]
|-fail|p1a: Garganacl
|
|-heal|p1a: Garganacl|84/100|[from] item: Leftovers
|upkeep
|
|t:|1759000977
|switch|p2a: Iverson|Latios, M|83/100 tox
|turn|24
|
|t:|1759000981
|move|p1a: Garganacl|Protect|p1a: Garganacl
|-singleturn|p1a: Garganacl|Protect
|move|p2a: Iverson|Trick|p1a: Garganacl
|-activate|p1a: Garganacl|move: Protect
|
|-heal|p1a: Garganacl|90/100|[from] item: Leftovers
|-damage|p2a: Iverson|77/100 tox|[from] psn
|upkeep
|turn|25
|
|t:|1759000987
|switch|p2a: Jalter|Ceruledge, F|13/100 tox
|-damage|p2a: Jalter|0 fnt|[from] Spikes
|faint|p2a: Jalter
|switch|p1a: Dragapult|Dragapult, M|65/100
|
|upkeep
|
|t:|1759000989
|switch|p2a: Iverson|Latios, M|77/100 tox
|turn|26
|
|t:|1759000998
|switch|p1a: Clefable|Clefable, F|100/100
|move|p2a: Iverson|Flip Turn|p1a: Clefable
|-damage|p1a: Clefable|88/100
|
|t:|1759001000
|switch|p2a: M'affald|Weezing-Galar, M|94/100 brn|[from] Flip Turn
|-ability|p2a: M'affald|Neutralizing Gas
|
|-heal|p1a: Clefable|94/100|[from] item: Leftovers
|-damage|p2a: M'affald|88/100 brn|[from] brn
|upkeep
|turn|27
|
|t:|1759001004
|move|p2a: M'affald|Defog|p1a: Clefable
|-unboost|p1a: Clefable|evasion|1
|-sideend|p1: decibelpkmn|Stealth Rock|[from] move: Defog|[of] p2a: M'affald
|-sideend|p2: YumeKasumi76|Spikes|[from] move: Defog|[of] p2a: M'affald
|move|p1a: Clefable|Knock Off|p2a: M'affald
|-resisted|p2a: M'affald
|-damage|p2a: M'affald|83/100 brn
|-enditem|p2a: M'affald|Heavy-Duty Boots|[from] move: Knock Off|[of] p1a: Clefable
|
|-heal|p1a: Clefable|100/100|[from] item: Leftovers
|-damage|p2a: M'affald|77/100 brn|[from] brn
|upkeep
|turn|28
|
|t:|1759001012
|move|p2a: M'affald|Sludge Bomb|p1a: Clefable
|-supereffective|p1a: Clefable
|-damage|p1a: Clefable|64/100
|move|p1a: Clefable|Encore|p2a: M'affald
|-start|p2a: M'affald|Encore
|
|-heal|p1a: Clefable|70/100|[from] item: Leftovers
|-damage|p2a: M'affald|71/100 brn|[from] brn
|upkeep
|turn|29
|
|t:|1759001018
|switch|p1a: Garganacl|Garganacl, M, tera:Electric|90/100
|move|p2a: M'affald|Sludge Bomb|p1a: Garganacl
|-damage|p1a: Garganacl|70/100
|-status|p1a: Garganacl|psn
|
|-heal|p1a: Garganacl|76/100 psn|[from] item: Leftovers
|-damage|p1a: Garganacl|64/100 psn|[from] psn
|-damage|p2a: M'affald|65/100 brn|[from] brn
|upkeep
|turn|30
|
|t:|1759001026
|-end|p2a: M'affald|ability: Neutralizing Gas
|switch|p2a: Pantheon|Arboliva, M|94/100 tox
|move|p1a: Garganacl|Salt Cure|p2a: Pantheon
|-damage|p2a: Pantheon|82/100 tox
|-start|p2a: Pantheon|Salt Cure
|-fieldstart|move: Grassy Terrain|[from] ability: Seed Sower|[of] p2a: Pantheon
|
|-heal|p2a: Pantheon|88/100 tox|[from] Grassy Terrain
|-heal|p1a: Garganacl|70/100 psn|[from] Grassy Terrain
|-heal|p1a: Garganacl|76/100 psn|[from] item: Leftovers
|-damage|p2a: Pantheon|82/100 tox|[from] psn
|-damage|p1a: Garganacl|64/100 psn|[from] psn
|-damage|p2a: Pantheon|69/100 tox|[from] Salt Cure
|upkeep
|turn|31
|
|t:|1759001036
|move|p2a: Pantheon|Giga Drain|p1a: Garganacl
|-damage|p1a: Garganacl|31/100 psn
|-heal|p2a: Pantheon|87/100 tox|[from] drain|[of] p1a: Garganacl
|move|p1a: Garganacl|Recover|p1a: Garganacl
|-heal|p1a: Garganacl|81/100 psn
|
|-heal|p2a: Pantheon|94/100 tox|[from] Grassy Terrain
|-heal|p1a: Garganacl|88/100 psn|[from] Grassy Terrain
|-heal|p1a: Garganacl|94/100 psn|[from] item: Leftovers
|-damage|p2a: Pantheon|81/100 tox|[from] psn
|-damage|p1a: Garganacl|81/100 psn|[from] psn
|-damage|p2a: Pantheon|69/100 tox|[from] Salt Cure
|upkeep
|turn|32
|
|t:|1759001046
|switch|p2a: M'affald|Weezing-Galar, M|65/100 brn
|-ability|p2a: M'affald|Neutralizing Gas
|move|p1a: Garganacl|Salt Cure|p2a: M'affald
|-damage|p2a: M'affald|55/100 brn
|-start|p2a: M'affald|Salt Cure
|
|-heal|p2a: M'affald|61/100 brn|[from] Grassy Terrain
|-heal|p1a: Garganacl|88/100 psn|[from] Grassy Terrain
|-heal|p1a: Garganacl|94/100 psn|[from] item: Leftovers
|-damage|p1a: Garganacl|81/100 psn|[from] psn
|-damage|p2a: M'affald|55/100 brn|[from] brn
|-damage|p2a: M'affald|43/100 brn|[from] Salt Cure
|upkeep
|turn|33
|
|t:|1759001053
|switch|p1a: Dragapult|Dragapult, M|65/100
|move|p2a: M'affald|Sludge Bomb|p1a: Dragapult
|-resisted|p1a: Dragapult
|-damage|p1a: Dragapult|45/100
|
|-heal|p1a: Dragapult|51/100|[from] Grassy Terrain
|-heal|p2a: M'affald|49/100 brn|[from] Grassy Terrain
|-damage|p2a: M'affald|43/100 brn|[from] brn
|-damage|p2a: M'affald|30/100 brn|[from] Salt Cure
|upkeep
|turn|34
|
|t:|1759001056
|-end|p2a: M'affald|ability: Neutralizing Gas
|switch|p2a: Pantheon|Arboliva, M|69/100 tox
|move|p1a: Dragapult|Hex|p2a: Pantheon
|-immune|p2a: Pantheon
|
|-heal|p1a: Dragapult|57/100|[from] Grassy Terrain
|-heal|p2a: Pantheon|75/100 tox|[from] Grassy Terrain
|-damage|p2a: Pantheon|69/100 tox|[from] psn
|-fieldend|move: Grassy Terrain
|upkeep
|turn|35
|
|t:|1759001062
|move|p1a: Dragapult|Draco Meteor|p2a: Pantheon
|-damage|p2a: Pantheon|35/100 tox
|-unboost|p1a: Dragapult|spa|2
|-fieldstart|move: Grassy Terrain|[from] ability: Seed Sower|[of] p2a: Pantheon
|move|p2a: Pantheon|Earth Power|p1a: Dragapult
|-damage|p1a: Dragapult|15/100
|
|-heal|p1a: Dragapult|21/100|[from] Grassy Terrain
|-heal|p2a: Pantheon|42/100 tox|[from] Grassy Terrain
|-damage|p2a: Pantheon|29/100 tox|[from] psn
|upkeep
|turn|36
|
|t:|1759001066
|move|p1a: Dragapult|U-turn|p2a: Pantheon
|-supereffective|p2a: Pantheon
|-damage|p2a: Pantheon|0 fnt
|faint|p2a: Pantheon
|
|t:|1759001073
|switch|p1a: Garganacl|Garganacl, M, tera:Electric|81/100 psn|[from] U-turn
|
|-heal|p1a: Garganacl|88/100 psn|[from] Grassy Terrain
|-heal|p1a: Garganacl|94/100 psn|[from] item: Leftovers
|-damage|p1a: Garganacl|81/100 psn|[from] psn
|upkeep
|
|t:|1759001076
|switch|p2a: M'affald|Weezing-Galar, M|30/100 brn
|-ability|p2a: M'affald|Neutralizing Gas
|turn|37
|
|t:|1759001080
|switch|p1a: Dragapult|Dragapult, M|21/100
|move|p2a: M'affald|Pain Split|p1a: Dragapult
|-sethp|p1a: Dragapult|26/100|[from] move: Pain Split|[silent]
|-sethp|p2a: M'affald|25/100 brn|[from] move: Pain Split
|
|-heal|p1a: Dragapult|32/100|[from] Grassy Terrain
|-heal|p2a: M'affald|31/100 brn|[from] Grassy Terrain
|-damage|p2a: M'affald|25/100 brn|[from] brn
|upkeep
|turn|38
|
|t:|1759001088
|move|p1a: Dragapult|Hex|p2a: M'affald
|-damage|p2a: M'affald|0 fnt
|faint|p2a: M'affald
|-end|p2a: M'affald|ability: Neutralizing Gas
|
|-heal|p1a: Dragapult|38/100|[from] Grassy Terrain
|upkeep
|
|t:|1759001090
|switch|p2a: Satsuki|Lokix, F, shiny|100/100
|turn|39
|
|t:|1759001093
|switch|p1a: Clefable|Clefable, F|70/100
|move|p2a: Satsuki|Knock Off|p1a: Clefable
|-resisted|p1a: Clefable
|-damage|p1a: Clefable|0 fnt
|-enditem|p1a: Clefable|Leftovers|[from] move: Knock Off|[of] p2a: Satsuki
|faint|p1a: Clefable
|
|-fieldend|move: Grassy Terrain
|upkeep
|
|t:|1759001095
|switch|p1a: Dragapult|Dragapult, M|38/100
|turn|40
|
|t:|1759001098
|move|p1a: Dragapult|U-turn|p2a: Satsuki
|-supereffective|p2a: Satsuki
|-damage|p2a: Satsuki|45/100
|
|t:|1759001101
|switch|p1a: Kingambit|Kingambit, M|100/100|[from] U-turn
|-activate|p1a: Kingambit|ability: Supreme Overlord
|-start|p1a: Kingambit|fallen2|[silent]
|move|p2a: Satsuki|Knock Off|p1a: Kingambit
|-resisted|p1a: Kingambit
|-damage|p1a: Kingambit|46/100
|-enditem|p1a: Kingambit|Heavy-Duty Boots|[from] move: Knock Off|[of] p2a: Satsuki
|
|upkeep
|turn|41
|
|t:|1759001106
|switch|p2a: Iverson|Latios, M|77/100 tox
|move|p1a: Kingambit|Sucker Punch||[still]
|-fail|p1a: Kingambit
|
|-damage|p2a: Iverson|71/100 tox|[from] psn
|upkeep
|turn|42
|
|t:|1759001109
|move|p1a: Kingambit|Sucker Punch||[still]
|-fail|p1a: Kingambit
|move|p2a: Iverson|Trick|p1a: Kingambit
|-activate|p2a: Iverson|move: Trick|[of] p1a: Kingambit
|-item|p1a: Kingambit|Choice Scarf|[from] move: Trick
|-enditem|p2a: Iverson|Choice Scarf|[silent]|[from] move: Trick
|
|-damage|p2a: Iverson|59/100 tox|[from] psn
|upkeep
|turn|43
|
|t:|1759001114
|-terastallize|p2a: Iverson|Dragon
|move|p2a: Iverson|Draco Meteor|p1a: Kingambit
|-resisted|p1a: Kingambit
|-damage|p1a: Kingambit|1/100
|-unboost|p2a: Iverson|spa|2
|move|p1a: Kingambit|Iron Head|p2a: Iverson
|-damage|p2a: Iverson|0 fnt
|faint|p2a: Iverson
|
|upkeep
|
|t:|1759001119
|switch|p2a: Satsuki|Lokix, F, shiny|45/100
|turn|44
|
|t:|1759001121
|move|p2a: Satsuki|Leech Life|p1a: Kingambit
|-damage|p1a: Kingambit|0 fnt
|-heal|p2a: Satsuki|46/100|[from] drain|[of] p1a: Kingambit
|faint|p1a: Kingambit
|-end|p1a: Kingambit|fallen2|[silent]
|
|upkeep
|
|t:|1759001123
|switch|p1a: Dragapult|Dragapult, M|38/100
|turn|45
|
|t:|1759001126
|move|p1a: Dragapult|Will-O-Wisp|p2a: Satsuki
|-status|p2a: Satsuki|brn
|move|p2a: Satsuki|Leech Life|p1a: Dragapult
|-resisted|p1a: Dragapult
|-damage|p1a: Dragapult|0 fnt
|-heal|p2a: Satsuki|67/100 brn|[from] drain|[of] p1a: Dragapult
|faint|p1a: Dragapult
|
|-damage|p2a: Satsuki|61/100 brn|[from] brn
|upkeep
|
|t:|1759001130
|switch|p1a: Garganacl|Garganacl, M, tera:Electric|81/100 psn
|turn|46
|-message|YumeKasumi76 forfeited.
|
|win|decibelpkmn
|raw|decibelpkmn's rating: 1454 &rarr; <strong>1475</strong><br />(+21 for winning)
|raw|YumeKasumi76's rating: 1468 &rarr; <strong>1447</strong><br />(-21 for losing)
|l|☆YumeKasumi76
|player|p2|
|l|☆decibelpkmn
|player|p1|
