|j|☆yangtao
|j|☆Alastor_D
|t:|1758955171
|gametype|singles
|player|p1|yangtao|reporter|1518
|player|p2|Alastor_D|alder|1478
|gen|9
|tier|[Gen 9] OU
|rated|
|rule|HP Percentage Mod: HP is shown in percentages
|rule|Endless Battle Clause: Forcing endless battles is banned
|rule|Species Clause: Limit one of each Pokémon
|rule|OHKO Clause: OHKO moves are banned
|rule|Evasion Items Clause: Evasion items are banned
|rule|Evasion Moves Clause: Evasion moves are banned
|rule|Evasion Abilities Clause: Evasion abilities are banned
|rule|Sleep Moves Clause: Sleep-inducing moves are banned
|clearpoke
|poke|p1|Hydreigon, M|
|poke|p1|Great Tusk|
|poke|p1|Meowscarada, M|
|poke|p1|Sinistcha|
|poke|p1|Gholdengo|
|poke|p1|Cinderace, M|
|poke|p2|Samurott-Hisui, M|
|poke|p2|Great Tusk|
|poke|p2|Volcanion|
|poke|p2|Hydrapple, M|
|poke|p2|Gholdengo|
|poke|p2|Landorus-Therian, M|
|teampreview
|c|☆yangtao|hf
|inactive|Battle timer is ON: inactive players will automatically lose when time's up. (requested by yangtao)
|
|t:|1758955202
|teamsize|p1|6
|teamsize|p2|6
|start
|switch|p1a: Meowscarada|Meowscarada, M, shiny|100/100
|switch|p2a: The Fickle Heart|Hydrapple, M|100/100
|turn|1
|
|t:|1758955215
|move|p1a: Meowscarada|Triple Axel|p2a: The Fickle Heart
|-start|p1a: Meowscarada|typechange|Ice|[from] ability: Protean
|-supereffective|p2a: The Fickle Heart
|-damage|p2a: The Fickle Heart|80/100
|-damage|p1a: Meowscarada|84/100|[from] item: Rocky Helmet|[of] p2a: The Fickle Heart
|-hitcount|p2a: The Fickle Heart|1
|move|p2a: The Fickle Heart|Fickle Beam|p1a: Meowscarada
|-damage|p1a: Meowscarada|33/100
|
|upkeep
|turn|2
|
|t:|1758955232
|switch|p1a: Hydreigon|Hydreigon, M, shiny|100/100
|switch|p2a: The Last Ronin|Samurott-Hisui, M|100/100
|
|upkeep
|turn|3
|
|t:|1758955240
|move|p1a: Hydreigon|Stealth Rock|p2a: The Last Ronin
|-sidestart|p2: Alastor_D|move: Stealth Rock
|move|p2a: The Last Ronin|Ceaseless Edge|p1a: Hydreigon
|-resisted|p1a: Hydreigon
|-crit|p1a: Hydreigon
|-damage|p1a: Hydreigon|71/100
|-sidestart|p1: yangtao|Spikes
|
|-heal|p1a: Hydreigon|78/100|[from] item: Leftovers
|upkeep
|turn|4
|
|t:|1758955249
|move|p1a: Hydreigon|Thunder Wave|p2a: The Last Ronin
|-status|p2a: The Last Ronin|par
|move|p2a: The Last Ronin|Ceaseless Edge|p1a: Hydreigon
|-resisted|p1a: Hydreigon
|-damage|p1a: Hydreigon|60/100
|-sidestart|p1: yangtao|Spikes
|
|-heal|p1a: Hydreigon|66/100|[from] item: Leftovers
|upkeep
|turn|5
|
|t:|1758955260
|move|p1a: Hydreigon|U-turn|p2a: The Last Ronin
|-supereffective|p2a: The Last Ronin
|-damage|p2a: The Last Ronin|67/100 par
|
|t:|1758955262
|switch|p1a: Great Tusk|Great Tusk|100/100|[from] U-turn
|move|p2a: The Last Ronin|Ceaseless Edge|p1a: Great Tusk|[miss]
|-miss|p2a: The Last Ronin|p1a: Great Tusk
|
|upkeep
|turn|6
|
|t:|1758955270
|switch|p2a: Heart of Ghold|Gholdengo|100/100
|-damage|p2a: Heart of Ghold|94/100|[from] Stealth Rock
|-item|p2a: Heart of Ghold|Air Balloon
|move|p1a: Great Tusk|Ice Spinner|p2a: Heart of Ghold
|-resisted|p2a: Heart of Ghold
|-damage|p2a: Heart of Ghold|82/100
|-enditem|p2a: Heart of Ghold|Air Balloon
|
|upkeep
|turn|7
|inactive|yangtao has 120 seconds left.
|
|t:|1758955301
|move|p1a: Great Tusk|Headlong Rush|p2a: Heart of Ghold
|-supereffective|p2a: Heart of Ghold
|-damage|p2a: Heart of Ghold|0 fnt
|-unboost|p1a: Great Tusk|def|1
|-unboost|p1a: Great Tusk|spd|1
|faint|p2a: Heart of Ghold
|
|upkeep
|
|t:|1758955312
|switch|p2a: Erupting Star|Volcanion|100/100
|turn|8
|
|t:|1758955316
|-end|p1a: Great Tusk|Protosynthesis|[silent]
|switch|p1a: Hydreigon|Hydreigon, M, shiny|66/100
|move|p2a: Erupting Star|Steam Eruption|p1a: Hydreigon
|-resisted|p1a: Hydreigon
|-damage|p1a: Hydreigon|46/100
|
|-heal|p1a: Hydreigon|52/100|[from] item: Leftovers
|upkeep
|turn|9
|
|t:|1758955326
|switch|p2a: The Last Ronin|Samurott-Hisui, M|67/100 par
|-damage|p2a: The Last Ronin|54/100 par|[from] Stealth Rock
|move|p1a: Hydreigon|Dark Pulse|p2a: The Last Ronin
|-resisted|p2a: The Last Ronin
|-damage|p2a: The Last Ronin|42/100 par
|
|-heal|p1a: Hydreigon|58/100|[from] item: Leftovers
|upkeep
|turn|10
|
|t:|1758955336
|move|p1a: Hydreigon|Dark Pulse|p2a: The Last Ronin
|-resisted|p2a: The Last Ronin
|-damage|p2a: The Last Ronin|31/100 par
|move|p2a: The Last Ronin|Ceaseless Edge|p1a: Hydreigon
|-resisted|p1a: Hydreigon
|-damage|p1a: Hydreigon|39/100
|-sidestart|p1: yangtao|Spikes
|
|-heal|p1a: Hydreigon|45/100|[from] item: Leftovers
|upkeep
|turn|11
|
|t:|1758955347
|move|p1a: Hydreigon|U-turn|p2a: The Last Ronin
|-supereffective|p2a: The Last Ronin
|-damage|p2a: The Last Ronin|0 fnt
|faint|p2a: The Last Ronin
|
|t:|1758955355
|switch|p1a: Cinderace|Cinderace, M|100/100|[from] U-turn
|
|upkeep
|
|t:|1758955364
|switch|p2a: Great Mustache|Landorus-Therian, M|100/100
|-damage|p2a: Great Mustache|88/100|[from] Stealth Rock
|-ability|p2a: Great Mustache|Intimidate|boost
|-unboost|p1a: Cinderace|atk|1
|turn|12
|
|t:|1758955371
|switch|p1a: Sinistcha|Sinistcha|100/100
|move|p2a: Great Mustache|Earthquake|p1a: Sinistcha
|-resisted|p1a: Sinistcha
|-damage|p1a: Sinistcha|81/100
|
|upkeep
|turn|13
|
|t:|1758955380
|switch|p2a: The Fickle Heart|Hydrapple, M|100/100
|-damage|p2a: The Fickle Heart|88/100|[from] Stealth Rock
|move|p1a: Sinistcha|Matcha Gotcha|p2a: The Fickle Heart
|-resisted|p2a: The Fickle Heart
|-damage|p2a: The Fickle Heart|80/100
|-heal|p1a: Sinistcha|86/100|[from] drain|[of] p2a: The Fickle Heart
|
|upkeep
|turn|14
|
|t:|1758955394
|switch|p1a: Hydreigon|Hydreigon, M, shiny|45/100
|move|p2a: The Fickle Heart|Nasty Plot|p2a: The Fickle Heart
|-boost|p2a: The Fickle Heart|spa|2
|
|-heal|p1a: Hydreigon|51/100|[from] item: Leftovers
|upkeep
|turn|15
|
|t:|1758955403
|move|p1a: Hydreigon|Thunder Wave|p2a: The Fickle Heart
|-status|p2a: The Fickle Heart|par
|move|p2a: The Fickle Heart|Fickle Beam|p1a: Hydreigon
|-supereffective|p1a: Hydreigon
|-damage|p1a: Hydreigon|0 fnt
|faint|p1a: Hydreigon
|
|upkeep
|
|t:|1758955418
|switch|p1a: Gholdengo|Gholdengo|100/100
|-damage|p1a: Gholdengo|75/100|[from] Spikes
|turn|16
|
|t:|1758955430
|-terastallize|p1a: Gholdengo|Fairy
|move|p1a: Gholdengo|Hex|p2a: The Fickle Heart
|-damage|p2a: The Fickle Heart|14/100 par
|move|p2a: The Fickle Heart|Earth Power|p1a: Gholdengo
|-damage|p1a: Gholdengo|23/100
|
|-heal|p1a: Gholdengo|29/100|[from] item: Leftovers
|upkeep
|turn|17
|
|t:|1758955442
|switch|p2a: Erupting Star|Volcanion|100/100
|move|p1a: Gholdengo|Recover|p1a: Gholdengo
|-heal|p1a: Gholdengo|79/100
|
|-heal|p1a: Gholdengo|85/100|[from] item: Leftovers
|upkeep
|turn|18
|
|t:|1758955453
|move|p1a: Gholdengo|Thunder Wave|p2a: Erupting Star
|-status|p2a: Erupting Star|par
|cant|p2a: Erupting Star|par
|
|-heal|p1a: Gholdengo|91/100|[from] item: Leftovers
|upkeep
|turn|19
|
|t:|1758955461
|move|p1a: Gholdengo|Hex|p2a: Erupting Star
|-damage|p2a: Erupting Star|35/100 par
|move|p2a: Erupting Star|Sludge Bomb|p1a: Gholdengo
|-supereffective|p1a: Gholdengo
|-damage|p1a: Gholdengo|25/100
|-status|p1a: Gholdengo|psn
|
|-heal|p1a: Gholdengo|32/100 psn|[from] item: Leftovers
|-damage|p1a: Gholdengo|19/100 psn|[from] psn
|upkeep
|turn|20
|
|t:|1758955473
|move|p1a: Gholdengo|Hex|p2a: Erupting Star
|-damage|p2a: Erupting Star|0 fnt
|faint|p2a: Erupting Star
|
|-heal|p1a: Gholdengo|25/100 psn|[from] item: Leftovers
|-damage|p1a: Gholdengo|13/100 psn|[from] psn
|upkeep
|
|t:|1758955482
|switch|p2a: Great Mustache|Landorus-Therian, M|88/100
|-damage|p2a: Great Mustache|76/100|[from] Stealth Rock
|-ability|p2a: Great Mustache|Intimidate|boost
|-unboost|p1a: Gholdengo|atk|1
|turn|21
|
|t:|1758955488
|move|p2a: Great Mustache|Earthquake|p1a: Gholdengo
|-damage|p1a: Gholdengo|0 fnt
|faint|p1a: Gholdengo
|
|upkeep
|
|t:|1758955490
|switch|p1a: Great Tusk|Great Tusk|100/100
|turn|22
|
|t:|1758955495
|move|p2a: Great Mustache|Earthquake|p1a: Great Tusk
|-damage|p1a: Great Tusk|57/100
|move|p1a: Great Tusk|Rapid Spin|p2a: Great Mustache
|-damage|p2a: Great Mustache|55/100
|-boost|p1a: Great Tusk|spe|1
|-sideend|p1: yangtao|Spikes|[from] move: Rapid Spin|[of] p1a: Great Tusk
|
|upkeep
|turn|23
|
|t:|1758955503
|move|p2a: Great Mustache|Earthquake|p1a: Great Tusk
|-damage|p1a: Great Tusk|18/100
|move|p1a: Great Tusk|Ice Spinner|p2a: Great Mustache
|-supereffective|p2a: Great Mustache
|-damage|p2a: Great Mustache|0 fnt
|faint|p2a: Great Mustache
|
|upkeep
|
|t:|1758955511
|switch|p2a: King Tusk|Great Tusk|100/100
|turn|24
|
|t:|1758955518
|-end|p1a: Great Tusk|Protosynthesis|[silent]
|switch|p1a: Cinderace|Cinderace, M|100/100
|move|p2a: King Tusk|Ice Spinner|p1a: Cinderace
|-resisted|p1a: Cinderace
|-damage|p1a: Cinderace|84/100
|
|upkeep
|turn|25
|
|t:|1758955526
|move|p1a: Cinderace|Will-O-Wisp|p2a: King Tusk
|-status|p2a: King Tusk|brn
|move|p2a: King Tusk|Headlong Rush|p1a: Cinderace
|-supereffective|p1a: Cinderace
|-damage|p1a: Cinderace|9/100
|-unboost|p2a: King Tusk|def|1
|-unboost|p2a: King Tusk|spd|1
|
|-damage|p2a: King Tusk|94/100 brn|[from] brn
|upkeep
|turn|26
|
|t:|1758955538
|switch|p1a: Sinistcha|Sinistcha|86/100
|move|p2a: King Tusk|Rapid Spin|p1a: Sinistcha
|-immune|p1a: Sinistcha
|
|-damage|p2a: King Tusk|88/100 brn|[from] brn
|upkeep
|turn|27
|
|t:|1758955547
|move|p2a: King Tusk|Stealth Rock|p1a: Sinistcha
|-sidestart|p1: yangtao|move: Stealth Rock
|move|p1a: Sinistcha|Hex|p2a: King Tusk
|-damage|p2a: King Tusk|0 fnt
|faint|p2a: King Tusk
|-end|p2a: King Tusk|Protosynthesis|[silent]
|
|upkeep
|
|t:|1758955553
|switch|p2a: The Fickle Heart|Hydrapple, M|48/100 par
|-damage|p2a: The Fickle Heart|35/100 par|[from] Stealth Rock
|turn|28
|
|t:|1758955559
|move|p1a: Sinistcha|Hex|p2a: The Fickle Heart
|-damage|p2a: The Fickle Heart|0 fnt
|faint|p2a: The Fickle Heart
|
|win|yangtao
|raw|yangtao's rating: 1518 &rarr; <strong>1536</strong><br />(+18 for winning)
|raw|Alastor_D's rating: 1478 &rarr; <strong>1460</strong><br />(-18 for losing)
|l|☆Alastor_D
|player|p2|
|l|☆yangtao
|player|p1|
