|j|☆20PaHeMo02
|j|☆Etjx
|inactive|Battle timer is ON: inactive players will automatically lose when time's up.
|t:|1758993349
|gametype|singles
|player|p1|20PaHeMo02|dancer|
|player|p2|Etjx|cheren-gen5bw2|
|gen|9
|tier|[Gen 9] OU
|rated|Tournament battle
|rule|HP Percentage Mod: HP is shown in percentages
|rule|Endless Battle Clause: Forcing endless battles is banned
|rule|Species Clause: Limit one of each Pokémon
|rule|OHKO Clause: OHKO moves are banned
|rule|Evasion Items Clause: Evasion items are banned
|rule|Evasion Moves Clause: Evasion moves are banned
|rule|Evasion Abilities Clause: Evasion abilities are banned
|rule|Sleep Moves Clause: Sleep-inducing moves are banned
|raw|<div class="infobox"><details class="readmore"><summary><strong>15 custom rules:</strong></summary> -burmy, -caterpie, -combee, -kricketot, -magikarp, -scatterbug, -sunkern, -tynamo, -typenull, -weedle, -wurmple, -cosmog, -blipbug, -snom, -wynaut</details></div>
|clearpoke
|poke|p1|Slowbro, F|
|poke|p1|Tyranitar, M|
|poke|p1|Houndoom, F|
|poke|p1|Skuntank, M|
|poke|p2|Polteageist|
|poke|p2|Hypno, M|
|poke|p2|Cinccino, M|
|poke|p2|Mienshao, F|
|teampreview
|j|*Lady Monita ☀
|inactive|Etjx also wants the timer to be on.
|
|t:|1758993365
|teamsize|p1|4
|teamsize|p2|4
|start
|switch|p1a: Tyranitar|Tyranitar, M|100/100
|switch|p2a: Mienshao|Mienshao, F|100/100
|-weather|Sandstorm|[from] ability: Sand Stream|[of] p1a: Tyranitar
|turn|1
|
|t:|1758993381
|switch|p1a: Slowbro|Slowbro, F|100/100
|move|p2a: Mienshao|Swords Dance|p2a: Mienshao
|-boost|p2a: Mienshao|atk|2
|
|-weather|Sandstorm|[upkeep]
|-damage|p2a: Mienshao|95/100|[from] Sandstorm
|-damage|p1a: Slowbro|94/100|[from] Sandstorm
|upkeep
|turn|2
|
|t:|1758993391
|move|p2a: Mienshao|Knock Off|p1a: Slowbro
|-supereffective|p1a: Slowbro
|-damage|p1a: Slowbro|0 fnt
|-damage|p2a: Mienshao|78/100|[from] item: Rocky Helmet|[of] p1a: Slowbro
|-enditem|p1a: Slowbro|Rocky Helmet|[from] move: Knock Off|[of] p2a: Mienshao
|faint|p1a: Slowbro
|-damage|p2a: Mienshao|68/100|[from] item: Life Orb
|
|-weather|Sandstorm|[upkeep]
|-damage|p2a: Mienshao|62/100|[from] Sandstorm
|upkeep
|
|t:|1758993406
|switch|p1a: Houndoom|Houndoom, F|100/100
|-ability|p1a: Houndoom|Unnerve
|turn|3
|
|t:|1758993417
|move|p2a: Mienshao|Close Combat|p1a: Houndoom
|-supereffective|p1a: Houndoom
|-damage|p1a: Houndoom|0 fnt
|-unboost|p2a: Mienshao|def|1
|-unboost|p2a: Mienshao|spd|1
|faint|p1a: Houndoom
|-damage|p2a: Mienshao|52/100|[from] item: Life Orb
|
|-weather|Sandstorm|[upkeep]
|-damage|p2a: Mienshao|46/100|[from] Sandstorm
|upkeep
|
|t:|1758993420
|switch|p1a: Skuntank|Skuntank, M|100/100
|turn|4
|
|t:|1758993425
|move|p1a: Skuntank|Sucker Punch|p2a: Mienshao
|-resisted|p2a: Mienshao
|-damage|p2a: Mienshao|5/100
|move|p2a: Mienshao|Close Combat|p1a: Skuntank
|-damage|p1a: Skuntank|0 fnt
|-unboost|p2a: Mienshao|def|1
|-unboost|p2a: Mienshao|spd|1
|-damage|p2a: Mienshao|0 fnt|[from] ability: Aftermath|[of] p1a: Skuntank
|faint|p1a: Skuntank
|faint|p2a: Mienshao
|
|-weather|Sandstorm|[upkeep]
|upkeep
|
|t:|1758993436
|switch|p2a: Cinccino|Cinccino, M|100/100
|switch|p1a: Tyranitar|Tyranitar, M|100/100
|turn|5
|
|t:|1758993442
|-terastallize|p1a: Tyranitar|Dragon
|move|p2a: Cinccino|Bullet Seed|p1a: Tyranitar
|-resisted|p1a: Tyranitar
|-damage|p1a: Tyranitar|96/100
|-resisted|p1a: Tyranitar
|-damage|p1a: Tyranitar|91/100
|-resisted|p1a: Tyranitar
|-damage|p1a: Tyranitar|86/100
|-resisted|p1a: Tyranitar
|-damage|p1a: Tyranitar|81/100
|-resisted|p1a: Tyranitar
|-damage|p1a: Tyranitar|76/100
|-hitcount|p1a: Tyranitar|5
|move|p1a: Tyranitar|Outrage|p2a: Cinccino
|-damage|p2a: Cinccino|0 fnt
|faint|p2a: Cinccino
|
|-weather|none
|upkeep
|
|t:|1758993448
|switch|p2a: Hypno|Hypno, M|100/100
|-activate|p2a: Hypno|ability: Forewarn|Outrage|[of] p1a: Tyranitar
|turn|6
|
|t:|1758993459
|move|p1a: Tyranitar|Outrage|p2a: Hypno|[from] lockedmove
|-damage|p2a: Hypno|16/100
|move|p2a: Hypno|Knock Off|p1a: Tyranitar
|-damage|p1a: Tyranitar|62/100
|-enditem|p1a: Tyranitar|Choice Scarf|[from] move: Knock Off|[of] p2a: Hypno
|
|-heal|p2a: Hypno|22/100|[from] item: Leftovers
|upkeep
|turn|7
|
|t:|1758993466
|move|p1a: Tyranitar|Outrage|p2a: Hypno|[from] lockedmove
|-damage|p2a: Hypno|0 fnt
|faint|p2a: Hypno
|-start|p1a: Tyranitar|confusion|[fatigue]
|
|upkeep
|
|t:|1758993469
|switch|p2a: Polteageist|Polteageist|100/100
|turn|8
|
|t:|1758993474
|move|p2a: Polteageist|Shell Smash|p2a: Polteageist
|-unboost|p2a: Polteageist|def|1
|-unboost|p2a: Polteageist|spd|1
|-boost|p2a: Polteageist|atk|2
|-boost|p2a: Polteageist|spa|2
|-boost|p2a: Polteageist|spe|2
|-activate|p1a: Tyranitar|confusion
|move|p1a: Tyranitar|Foul Play|p2a: Polteageist
|-supereffective|p2a: Polteageist
|-enditem|p2a: Polteageist|Focus Sash
|-damage|p2a: Polteageist|1/100
|-ability|p2a: Polteageist|Weak Armor|boost
|-unboost|p2a: Polteageist|def|1
|-boost|p2a: Polteageist|spe|2
|
|upkeep
|turn|9
|
|t:|1758993484
|move|p2a: Polteageist|Stored Power|p1a: Tyranitar
|-damage|p1a: Tyranitar|0 fnt
|faint|p1a: Tyranitar
|
|win|Etjx
|n|☆20PaHeMo02|20pahemo02
|n|☆Etjx|etjx
|n|*Lady Monita ☀|ladymonita
