|j|☆Kyommunism
|j|☆wholo
|t:|1758976183
|gametype|singles
|player|p1|Kyommunism|iris-gen5bw2|1508
|player|p2|wholo|allister|1496
|gen|9
|tier|[Gen 9] OU
|rated|
|rule|HP Percentage Mod: HP is shown in percentages
|rule|Endless Battle Clause: Forcing endless battles is banned
|rule|Species Clause: Limit one of each Pokémon
|rule|OHKO Clause: OHKO moves are banned
|rule|Evasion Items Clause: Evasion items are banned
|rule|Evasion Moves Clause: Evasion moves are banned
|rule|Evasion Abilities Clause: Evasion abilities are banned
|rule|Sleep Moves Clause: Sleep-inducing moves are banned
|clearpoke
|poke|p1|Skeledirge, M|
|poke|p1|Ribombee, M|
|poke|p1|Goodra-Hisui, M|
|poke|p1|Glimmora, F|
|poke|p1|Trevenant, M|
|poke|p1|Hatterene, F|
|poke|p2|Dondozo, F|
|poke|p2|Blissey, F|
|poke|p2|Corviknight, F|
|poke|p2|Weezing-Galar, F|
|poke|p2|Gliscor, M|
|poke|p2|Toxapex, F|
|teampreview
|inactive|Battle timer is ON: inactive players will automatically lose when time's up. (requested by Kyommunism)
|
|t:|1758976198
|teamsize|p1|6
|teamsize|p2|6
|start
|switch|p1a: Glimmora|Glimmora, F, shiny|100/100
|switch|p2a: Gliscor|Gliscor, M|100/100
|turn|1
|
|t:|1758976201
|move|p2a: Gliscor|Protect|p2a: Gliscor
|-singleturn|p2a: Gliscor|Protect
|move|p1a: Glimmora|Stealth Rock|p2a: Gliscor
|-sidestart|p2: wholo|move: Stealth Rock
|
|-status|p2a: Gliscor|tox|[from] item: Toxic Orb
|upkeep
|turn|2
|
|t:|1758976203
|move|p1a: Glimmora|Meteor Beam||[still]
|-prepare|p1a: Glimmora|Meteor Beam
|-boost|p1a: Glimmora|spa|1
|-enditem|p1a: Glimmora|Power Herb
|-anim|p1a: Glimmora|Meteor Beam|p2a: Gliscor
|-damage|p2a: Gliscor|25/100 tox
|move|p2a: Gliscor|Earthquake|p1a: Glimmora
|-supereffective|p1a: Glimmora
|-damage|p1a: Glimmora|0 fnt
|-activate|p1a: Glimmora|ability: Toxic Debris
|-sidestart|p2: wholo|move: Toxic Spikes
|faint|p1a: Glimmora
|
|-heal|p2a: Gliscor|37/100 tox|[from] ability: Poison Heal
|upkeep
|
|t:|1758976212
|switch|p1a: Ribombee|Ribombee, M, shiny|100/100
|turn|3
|
|t:|1758976215
|move|p2a: Gliscor|Protect|p2a: Gliscor
|-singleturn|p2a: Gliscor|Protect
|move|p1a: Ribombee|Quiver Dance|p1a: Ribombee
|-boost|p1a: Ribombee|spa|1
|-boost|p1a: Ribombee|spd|1
|-boost|p1a: Ribombee|spe|1
|
|-heal|p2a: Gliscor|50/100 tox|[from] ability: Poison Heal
|upkeep
|turn|4
|
|t:|1758976219
|switch|p2a: Toxapex|Toxapex, F|100/100
|-damage|p2a: Toxapex|88/100|[from] Stealth Rock
|-sideend|p2: wholo|move: Toxic Spikes|[of] p2a: Toxapex
|move|p1a: Ribombee|Quiver Dance|p1a: Ribombee
|-boost|p1a: Ribombee|spa|1
|-boost|p1a: Ribombee|spd|1
|-boost|p1a: Ribombee|spe|1
|
|-heal|p2a: Toxapex|94/100|[from] item: Leftovers
|upkeep
|turn|5
|
|t:|1758976221
|move|p1a: Ribombee|Stored Power|p2a: Toxapex
|-supereffective|p2a: Toxapex
|-damage|p2a: Toxapex|14/100
|move|p2a: Toxapex|Toxic|p1a: Ribombee
|-status|p1a: Ribombee|tox
|
|-heal|p2a: Toxapex|20/100|[from] item: Leftovers
|-damage|p1a: Ribombee|94/100 tox|[from] psn
|upkeep
|turn|6
|
|t:|1758976227
|switch|p2a: Blissey|Blissey, F|100/100
|-damage|p2a: Blissey|88/100|[from] Stealth Rock
|move|p1a: Ribombee|Quiver Dance|p1a: Ribombee
|-boost|p1a: Ribombee|spa|1
|-boost|p1a: Ribombee|spd|1
|-boost|p1a: Ribombee|spe|1
|
|-heal|p2a: Blissey|94/100|[from] item: Leftovers
|-damage|p1a: Ribombee|82/100 tox|[from] psn
|upkeep
|turn|7
|
|t:|1758976230
|move|p1a: Ribombee|Quiver Dance|p1a: Ribombee
|-boost|p1a: Ribombee|spa|1
|-boost|p1a: Ribombee|spd|1
|-boost|p1a: Ribombee|spe|1
|move|p2a: Blissey|Calm Mind|p2a: Blissey
|-boost|p2a: Blissey|spa|1
|-boost|p2a: Blissey|spd|1
|
|-heal|p2a: Blissey|100/100|[from] item: Leftovers
|-damage|p1a: Ribombee|63/100 tox|[from] psn
|upkeep
|turn|8
|
|t:|1758976236
|move|p1a: Ribombee|Stored Power|p2a: Blissey
|-damage|p2a: Blissey|67/100
|move|p2a: Blissey|Seismic Toss|p1a: Ribombee
|-damage|p1a: Ribombee|33/100 tox
|-enditem|p1a: Ribombee|Kee Berry|[eat]
|-boost|p1a: Ribombee|def|1|[from] item: Kee Berry
|
|-heal|p2a: Blissey|73/100|[from] item: Leftovers
|-damage|p1a: Ribombee|8/100 tox|[from] psn
|upkeep
|turn|9
|
|t:|1758976240
|move|p1a: Ribombee|Stored Power|p2a: Blissey
|-damage|p2a: Blissey|33/100
|move|p2a: Blissey|Stealth Rock|p1a: Ribombee
|-sidestart|p1: Kyommunism|move: Stealth Rock
|
|-heal|p2a: Blissey|39/100|[from] item: Leftovers
|-damage|p1a: Ribombee|0 fnt|[from] psn
|faint|p1a: Ribombee
|upkeep
|
|t:|1758976250
|switch|p1a: Hatterene|Hatterene, F, shiny|100/100
|-damage|p1a: Hatterene|88/100|[from] Stealth Rock
|turn|10
|
|t:|1758976252
|move|p2a: Blissey|Soft-Boiled|p2a: Blissey
|-heal|p2a: Blissey|89/100
|move|p1a: Hatterene|Calm Mind|p1a: Hatterene
|-boost|p1a: Hatterene|spa|1
|-boost|p1a: Hatterene|spd|1
|
|-heal|p2a: Blissey|95/100|[from] item: Leftovers
|-heal|p1a: Hatterene|94/100|[from] item: Leftovers
|upkeep
|turn|11
|
|t:|1758976255
|move|p2a: Blissey|Seismic Toss|p1a: Hatterene
|-damage|p1a: Hatterene|63/100
|move|p1a: Hatterene|Nuzzle|p2a: Blissey
|-damage|p2a: Blissey|92/100
|-status|p2a: Blissey|par
|
|-heal|p1a: Hatterene|69/100|[from] item: Leftovers
|-heal|p2a: Blissey|98/100 par|[from] item: Leftovers
|upkeep
|turn|12
|
|t:|1758976257
|move|p1a: Hatterene|Calm Mind|p1a: Hatterene
|-boost|p1a: Hatterene|spa|1
|-boost|p1a: Hatterene|spd|1
|move|p2a: Blissey|Seismic Toss|p1a: Hatterene
|-damage|p1a: Hatterene|37/100
|
|-heal|p1a: Hatterene|43/100|[from] item: Leftovers
|-heal|p2a: Blissey|100/100 par|[from] item: Leftovers
|upkeep
|turn|13
|
|t:|1758976260
|move|p1a: Hatterene|Calm Mind|p1a: Hatterene
|-boost|p1a: Hatterene|spa|1
|-boost|p1a: Hatterene|spd|1
|move|p2a: Blissey|Seismic Toss|p1a: Hatterene
|-damage|p1a: Hatterene|12/100
|
|-heal|p1a: Hatterene|18/100|[from] item: Leftovers
|upkeep
|turn|14
|
|t:|1758976262
|move|p1a: Hatterene|Draining Kiss|p2a: Blissey
|-damage|p2a: Blissey|89/100 par
|-heal|p1a: Hatterene|35/100|[from] drain|[of] p2a: Blissey
|cant|p2a: Blissey|par
|
|-heal|p1a: Hatterene|41/100|[from] item: Leftovers
|-heal|p2a: Blissey|96/100 par|[from] item: Leftovers
|upkeep
|turn|15
|
|t:|1758976267
|move|p1a: Hatterene|Calm Mind|p1a: Hatterene
|-boost|p1a: Hatterene|spa|1
|-boost|p1a: Hatterene|spd|1
|move|p2a: Blissey|Seismic Toss|p1a: Hatterene
|-damage|p1a: Hatterene|10/100
|
|-heal|p1a: Hatterene|16/100|[from] item: Leftovers
|-heal|p2a: Blissey|100/100 par|[from] item: Leftovers
|upkeep
|turn|16
|
|t:|1758976268
|move|p1a: Hatterene|Draining Kiss|p2a: Blissey
|-crit|p2a: Blissey
|-damage|p2a: Blissey|72/100 par
|-heal|p1a: Hatterene|60/100|[from] drain|[of] p2a: Blissey
|cant|p2a: Blissey|par
|
|-heal|p1a: Hatterene|66/100|[from] item: Leftovers
|-heal|p2a: Blissey|78/100 par|[from] item: Leftovers
|upkeep
|turn|17
|
|t:|1758976273
|move|p1a: Hatterene|Calm Mind|p1a: Hatterene
|-boost|p1a: Hatterene|spa|1
|-boost|p1a: Hatterene|spd|1
|move|p2a: Blissey|Seismic Toss|p1a: Hatterene
|-damage|p1a: Hatterene|35/100
|
|-heal|p1a: Hatterene|41/100|[from] item: Leftovers
|-heal|p2a: Blissey|84/100 par|[from] item: Leftovers
|upkeep
|turn|18
|
|t:|1758976278
|move|p1a: Hatterene|Draining Kiss|p2a: Blissey
|-damage|p2a: Blissey|68/100 par
|-heal|p1a: Hatterene|66/100|[from] drain|[of] p2a: Blissey
|move|p2a: Blissey|Calm Mind|p2a: Blissey
|-boost|p2a: Blissey|spa|1
|-boost|p2a: Blissey|spd|1
|
|-heal|p1a: Hatterene|72/100|[from] item: Leftovers
|-heal|p2a: Blissey|74/100 par|[from] item: Leftovers
|upkeep
|turn|19
|
|t:|1758976283
|move|p1a: Hatterene|Psychic Noise|p2a: Blissey
|-damage|p2a: Blissey|56/100 par
|-start|p2a: Blissey|move: Heal Block
|move|p2a: Blissey|Calm Mind|p2a: Blissey
|-boost|p2a: Blissey|spa|1
|-boost|p2a: Blissey|spd|1
|
|-heal|p1a: Hatterene|78/100|[from] item: Leftovers
|upkeep
|turn|20
|
|t:|1758976288
|move|p1a: Hatterene|Psychic Noise|p2a: Blissey
|-damage|p2a: Blissey|42/100 par
|move|p2a: Blissey|Calm Mind|p2a: Blissey
|-boost|p2a: Blissey|spa|1
|-boost|p2a: Blissey|spd|1
|
|-heal|p1a: Hatterene|84/100|[from] item: Leftovers
|-end|p2a: Blissey|move: Heal Block
|upkeep
|turn|21
|
|t:|1758976293
|move|p1a: Hatterene|Psychic Noise|p2a: Blissey
|-damage|p2a: Blissey|29/100 par
|-start|p2a: Blissey|move: Heal Block
|cant|p2a: Blissey|move: Heal Block|Soft-Boiled
|
|-heal|p1a: Hatterene|90/100|[from] item: Leftovers
|upkeep
|turn|22
|
|t:|1758976300
|move|p1a: Hatterene|Calm Mind|p1a: Hatterene
|-boost|p1a: Hatterene|spa|1
|-boost|p1a: Hatterene|spd|1
|move|p2a: Blissey|Seismic Toss|p1a: Hatterene
|-damage|p1a: Hatterene|58/100
|
|-heal|p1a: Hatterene|64/100|[from] item: Leftovers
|-end|p2a: Blissey|move: Heal Block
|upkeep
|turn|23
|
|t:|1758976305
|-terastallize|p2a: Blissey|Dark
|move|p1a: Hatterene|Psychic Noise|p2a: Blissey
|-immune|p2a: Blissey
|move|p2a: Blissey|Soft-Boiled|p2a: Blissey
|-heal|p2a: Blissey|79/100 par
|
|-heal|p1a: Hatterene|70/100|[from] item: Leftovers
|-heal|p2a: Blissey|85/100 par|[from] item: Leftovers
|upkeep
|turn|24
|
|t:|1758976309
|move|p1a: Hatterene|Draining Kiss|p2a: Blissey
|-supereffective|p2a: Blissey
|-damage|p2a: Blissey|68/100 par
|-heal|p1a: Hatterene|97/100|[from] drain|[of] p2a: Blissey
|cant|p2a: Blissey|par
|
|-heal|p1a: Hatterene|100/100|[from] item: Leftovers
|-heal|p2a: Blissey|74/100 par|[from] item: Leftovers
|upkeep
|turn|25
|
|t:|1758976317
|move|p1a: Hatterene|Draining Kiss|p2a: Blissey
|-supereffective|p2a: Blissey
|-damage|p2a: Blissey|56/100 par
|cant|p2a: Blissey|par
|
|-heal|p2a: Blissey|62/100 par|[from] item: Leftovers
|upkeep
|turn|26
|
|t:|1758976320
|move|p1a: Hatterene|Draining Kiss|p2a: Blissey
|-supereffective|p2a: Blissey
|-damage|p2a: Blissey|42/100 par
|move|p2a: Blissey|Soft-Boiled|p2a: Blissey
|-heal|p2a: Blissey|92/100 par
|
|-heal|p2a: Blissey|98/100 par|[from] item: Leftovers
|upkeep
|turn|27
|
|t:|1758976326
|move|p1a: Hatterene|Draining Kiss|p2a: Blissey
|-supereffective|p2a: Blissey
|-damage|p2a: Blissey|79/100 par
|move|p2a: Blissey|Calm Mind|p2a: Blissey
|-boost|p2a: Blissey|spa|1
|-boost|p2a: Blissey|spd|1
|
|-heal|p2a: Blissey|85/100 par|[from] item: Leftovers
|upkeep
|turn|28
|
|t:|1758976331
|move|p1a: Hatterene|Draining Kiss|p2a: Blissey
|-supereffective|p2a: Blissey
|-damage|p2a: Blissey|70/100 par
|move|p2a: Blissey|Calm Mind|p2a: Blissey
|-boost|p2a: Blissey|spa|1
|-boost|p2a: Blissey|spd|1
|
|-heal|p2a: Blissey|77/100 par|[from] item: Leftovers
|upkeep
|turn|29
|
|t:|1758976335
|move|p1a: Hatterene|Draining Kiss|p2a: Blissey
|-supereffective|p2a: Blissey
|-damage|p2a: Blissey|63/100 par
|move|p2a: Blissey|Seismic Toss|p1a: Hatterene
|-damage|p1a: Hatterene|69/100
|
|-heal|p1a: Hatterene|75/100|[from] item: Leftovers
|-heal|p2a: Blissey|69/100 par|[from] item: Leftovers
|upkeep
|turn|30
|
|t:|1758976339
|move|p1a: Hatterene|Draining Kiss|p2a: Blissey
|-supereffective|p2a: Blissey
|-damage|p2a: Blissey|54/100 par
|-heal|p1a: Hatterene|98/100|[from] drain|[of] p2a: Blissey
|cant|p2a: Blissey|par
|
|-heal|p1a: Hatterene|100/100|[from] item: Leftovers
|-heal|p2a: Blissey|61/100 par|[from] item: Leftovers
|upkeep
|turn|31
|
|t:|1758976344
|move|p1a: Hatterene|Calm Mind|p1a: Hatterene
|-boost|p1a: Hatterene|spa|0
|-boost|p1a: Hatterene|spd|0
|move|p2a: Blissey|Soft-Boiled|p2a: Blissey
|-heal|p2a: Blissey|100/100 par
|
|upkeep
|turn|32
|
|t:|1758976356
|switch|p1a: MourningWood|Trevenant, M, shiny|100/100
|-damage|p1a: MourningWood|88/100|[from] Stealth Rock
|cant|p2a: Blissey|par
|
|upkeep
|turn|33
|
|t:|1758976365
|-curestatus|p2a: Blissey|par|[from] ability: Natural Cure
|switch|p2a: Weezing|Weezing-Galar, F|100/100
|-ability|p2a: Weezing|Neutralizing Gas
|move|p1a: MourningWood|Poltergeist|p2a: Weezing
|-activate|p2a: Weezing|move: Poltergeist|Heavy-Duty Boots
|-damage|p2a: Weezing|63/100
|
|upkeep
|turn|34
|
|t:|1758976369
|move|p2a: Weezing|Will-O-Wisp|p1a: MourningWood
|-status|p1a: MourningWood|brn
|move|p1a: MourningWood|Earthquake|p2a: Weezing
|-supereffective|p2a: Weezing
|-damage|p2a: Weezing|39/100
|
|-damage|p1a: MourningWood|82/100 brn|[from] brn
|upkeep
|turn|35
|
|t:|1758976372
|move|p2a: Weezing|Pain Split|p1a: MourningWood
|-sethp|p1a: MourningWood|59/100 brn|[from] move: Pain Split|[silent]
|-sethp|p2a: Weezing|65/100|[from] move: Pain Split
|move|p1a: MourningWood|Earthquake|p2a: Weezing
|-supereffective|p2a: Weezing
|-damage|p2a: Weezing|42/100
|
|-damage|p1a: MourningWood|52/100 brn|[from] brn
|upkeep
|turn|36
|
|t:|1758976379
|-end|p2a: Weezing|ability: Neutralizing Gas
|switch|p2a: Toxapex|Toxapex, F|53/100
|-damage|p2a: Toxapex|41/100|[from] Stealth Rock
|move|p1a: MourningWood|Earthquake|p2a: Toxapex
|-supereffective|p2a: Toxapex
|-damage|p2a: Toxapex|12/100
|
|-heal|p2a: Toxapex|19/100|[from] item: Leftovers
|-damage|p1a: MourningWood|46/100 brn|[from] brn
|upkeep
|turn|37
|
|t:|1758976382
|switch|p2a: Gliscor|Gliscor, M|50/100 tox
|-damage|p2a: Gliscor|37/100 tox|[from] Stealth Rock
|move|p1a: MourningWood|Earthquake|p2a: Gliscor
|-immune|p2a: Gliscor
|
|-heal|p2a: Gliscor|50/100 tox|[from] ability: Poison Heal
|-damage|p1a: MourningWood|40/100 brn|[from] brn
|upkeep
|turn|38
|
|t:|1758976387
|move|p2a: Gliscor|Knock Off|p1a: MourningWood
|-supereffective|p1a: MourningWood
|-damage|p1a: MourningWood|0 fnt
|-enditem|p1a: MourningWood|Custap Berry|[from] move: Knock Off|[of] p2a: Gliscor
|faint|p1a: MourningWood
|
|-heal|p2a: Gliscor|62/100 tox|[from] ability: Poison Heal
|upkeep
|
|t:|1758976401
|switch|p1a: Skeledirge|Skeledirge, M, shiny|100/100
|-damage|p1a: Skeledirge|76/100|[from] Stealth Rock
|turn|39
|
|t:|1758976403
|move|p2a: Gliscor|Protect|p2a: Gliscor
|-singleturn|p2a: Gliscor|Protect
|move|p1a: Skeledirge|Torch Song|p2a: Gliscor
|-activate|p2a: Gliscor|move: Protect
|
|-heal|p1a: Skeledirge|82/100|[from] item: Leftovers
|-heal|p2a: Gliscor|75/100 tox|[from] ability: Poison Heal
|upkeep
|turn|40
|
|t:|1758976406
|switch|p2a: Toxapex|Toxapex, F|52/100
|-damage|p2a: Toxapex|39/100|[from] Stealth Rock
|move|p1a: Skeledirge|Torch Song|p2a: Toxapex
|-resisted|p2a: Toxapex
|-damage|p2a: Toxapex|29/100
|-boost|p1a: Skeledirge|spa|1
|
|-heal|p1a: Skeledirge|88/100|[from] item: Leftovers
|-heal|p2a: Toxapex|36/100|[from] item: Leftovers
|upkeep
|turn|41
|
|t:|1758976411
|move|p1a: Skeledirge|Earth Power|p2a: Toxapex
|-supereffective|p2a: Toxapex
|-damage|p2a: Toxapex|0 fnt
|faint|p2a: Toxapex
|
|-heal|p1a: Skeledirge|94/100|[from] item: Leftovers
|upkeep
|
|t:|1758976415
|switch|p2a: Blissey|Blissey, F, tera:Dark|100/100
|-damage|p2a: Blissey|88/100|[from] Stealth Rock
|turn|42
|
|t:|1758976416
|move|p1a: Skeledirge|Torch Song|p2a: Blissey
|-damage|p2a: Blissey|74/100
|-boost|p1a: Skeledirge|spa|1
|move|p2a: Blissey|Calm Mind|p2a: Blissey
|-boost|p2a: Blissey|spa|1
|-boost|p2a: Blissey|spd|1
|
|-heal|p1a: Skeledirge|99/100|[from] item: Leftovers
|-heal|p2a: Blissey|80/100|[from] item: Leftovers
|upkeep
|turn|43
|
|t:|1758976420
|move|p1a: Skeledirge|Torch Song|p2a: Blissey
|-damage|p2a: Blissey|63/100
|-boost|p1a: Skeledirge|spa|1
|move|p2a: Blissey|Seismic Toss|p1a: Skeledirge
|-immune|p1a: Skeledirge
|
|-heal|p1a: Skeledirge|100/100|[from] item: Leftovers
|-heal|p2a: Blissey|69/100|[from] item: Leftovers
|upkeep
|turn|44
|
|t:|1758976433
|move|p1a: Skeledirge|Earth Power|p2a: Blissey
|-damage|p2a: Blissey|51/100
|move|p2a: Blissey|Soft-Boiled|p2a: Blissey
|-heal|p2a: Blissey|100/100
|
|upkeep
|turn|45
|
|t:|1758976440
|move|p1a: Skeledirge|Torch Song|p2a: Blissey
|-damage|p2a: Blissey|79/100
|-boost|p1a: Skeledirge|spa|1
|move|p2a: Blissey|Calm Mind|p2a: Blissey
|-boost|p2a: Blissey|spa|1
|-boost|p2a: Blissey|spd|1
|
|-heal|p2a: Blissey|85/100|[from] item: Leftovers
|upkeep
|turn|46
|
|t:|1758976444
|move|p1a: Skeledirge|Torch Song|p2a: Blissey
|-damage|p2a: Blissey|60/100
|-boost|p1a: Skeledirge|spa|1
|move|p2a: Blissey|Calm Mind|p2a: Blissey
|-boost|p2a: Blissey|spa|1
|-boost|p2a: Blissey|spd|1
|
|-heal|p2a: Blissey|66/100|[from] item: Leftovers
|upkeep
|turn|47
|
|t:|1758976449
|move|p1a: Skeledirge|Torch Song|p2a: Blissey
|-damage|p2a: Blissey|36/100
|-boost|p1a: Skeledirge|spa|1
|move|p2a: Blissey|Soft-Boiled|p2a: Blissey
|-heal|p2a: Blissey|86/100
|
|-heal|p2a: Blissey|92/100|[from] item: Leftovers
|upkeep
|turn|48
|
|t:|1758976454
|move|p1a: Skeledirge|Torch Song|p2a: Blissey
|-damage|p2a: Blissey|56/100
|move|p2a: Blissey|Stealth Rock||[still]
|-fail|p2a: Blissey
|
|-heal|p2a: Blissey|62/100|[from] item: Leftovers
|upkeep
|turn|49
|
|t:|1758976458
|move|p1a: Skeledirge|Earth Power|p2a: Blissey
|-damage|p2a: Blissey|36/100
|move|p2a: Blissey|Soft-Boiled|p2a: Blissey
|-heal|p2a: Blissey|86/100
|
|-heal|p2a: Blissey|92/100|[from] item: Leftovers
|upkeep
|turn|50
|
|t:|1758976462
|move|p1a: Skeledirge|Earth Power|p2a: Blissey
|-damage|p2a: Blissey|63/100
|move|p2a: Blissey|Stealth Rock||[still]
|-fail|p2a: Blissey
|
|-heal|p2a: Blissey|69/100|[from] item: Leftovers
|upkeep
|turn|51
|
|t:|1758976466
|move|p1a: Skeledirge|Earth Power|p2a: Blissey
|-damage|p2a: Blissey|40/100
|move|p2a: Blissey|Stealth Rock||[still]
|-fail|p2a: Blissey
|
|-heal|p2a: Blissey|46/100|[from] item: Leftovers
|upkeep
|turn|52
|
|t:|1758976470
|move|p1a: Skeledirge|Earth Power|p2a: Blissey
|-damage|p2a: Blissey|19/100
|move|p2a: Blissey|Soft-Boiled|p2a: Blissey
|-heal|p2a: Blissey|69/100
|
|-heal|p2a: Blissey|76/100|[from] item: Leftovers
|upkeep
|turn|53
|
|t:|1758976473
|switch|p2a: Gliscor|Gliscor, M|75/100 tox
|-damage|p2a: Gliscor|62/100 tox|[from] Stealth Rock
|move|p1a: Skeledirge|Earth Power|p2a: Gliscor
|-immune|p2a: Gliscor
|
|-heal|p2a: Gliscor|75/100 tox|[from] ability: Poison Heal
|upkeep
|turn|54
|
|t:|1758976477
|move|p2a: Gliscor|Protect|p2a: Gliscor
|-singleturn|p2a: Gliscor|Protect
|move|p1a: Skeledirge|Torch Song|p2a: Gliscor
|-activate|p2a: Gliscor|move: Protect
|
|-heal|p2a: Gliscor|87/100 tox|[from] ability: Poison Heal
|upkeep
|turn|55
|
|t:|1758976483
|switch|p2a: Dondozo|Dondozo, F|100/100
|-damage|p2a: Dondozo|88/100|[from] Stealth Rock
|move|p1a: Skeledirge|Torch Song|p2a: Dondozo
|-resisted|p2a: Dondozo
|-damage|p2a: Dondozo|73/100
|
|-heal|p2a: Dondozo|80/100|[from] item: Leftovers
|upkeep
|turn|56
|
|t:|1758976491
|move|p1a: Skeledirge|Will-O-Wisp|p2a: Dondozo
|-status|p2a: Dondozo|brn
|move|p2a: Dondozo|Avalanche|p1a: Skeledirge
|-resisted|p1a: Skeledirge
|-damage|p1a: Skeledirge|98/100
|
|-heal|p1a: Skeledirge|100/100|[from] item: Leftovers
|-heal|p2a: Dondozo|86/100 brn|[from] item: Leftovers
|-damage|p2a: Dondozo|80/100 brn|[from] brn
|upkeep
|turn|57
|
|t:|1758976495
|move|p1a: Skeledirge|Earth Power|p2a: Dondozo
|-damage|p2a: Dondozo|60/100 brn
|move|p2a: Dondozo|Avalanche|p1a: Skeledirge
|-resisted|p1a: Skeledirge
|-damage|p1a: Skeledirge|95/100
|
|-heal|p1a: Skeledirge|100/100|[from] item: Leftovers
|-heal|p2a: Dondozo|66/100 brn|[from] item: Leftovers
|-damage|p2a: Dondozo|60/100 brn|[from] brn
|upkeep
|turn|58
|
|t:|1758976499
|move|p1a: Skeledirge|Earth Power|p2a: Dondozo
|-damage|p2a: Dondozo|39/100 brn
|move|p2a: Dondozo|Avalanche|p1a: Skeledirge
|-resisted|p1a: Skeledirge
|-damage|p1a: Skeledirge|95/100
|
|-heal|p1a: Skeledirge|100/100|[from] item: Leftovers
|-heal|p2a: Dondozo|45/100 brn|[from] item: Leftovers
|-damage|p2a: Dondozo|39/100 brn|[from] brn
|upkeep
|turn|59
|
|t:|1758976503
|move|p1a: Skeledirge|Earth Power|p2a: Dondozo
|-damage|p2a: Dondozo|17/100 brn
|move|p2a: Dondozo|Rest|p2a: Dondozo
|-status|p2a: Dondozo|slp|[from] move: Rest
|-heal|p2a: Dondozo|100/100 slp|[silent]
|
|upkeep
|turn|60
|
|t:|1758976507
|move|p1a: Skeledirge|Earth Power|p2a: Dondozo
|-damage|p2a: Dondozo|81/100 slp
|cant|p2a: Dondozo|slp
|move|p2a: Dondozo|Sleep Talk|p2a: Dondozo
|move|p2a: Dondozo|Body Press|p1a: Skeledirge|[from] move: Sleep Talk
|-immune|p1a: Skeledirge
|
|-heal|p2a: Dondozo|87/100 slp|[from] item: Leftovers
|upkeep
|turn|61
|
|t:|1758976516
|move|p1a: Skeledirge|Will-O-Wisp||[still]
|-fail|p1a: Skeledirge
|cant|p2a: Dondozo|slp
|move|p2a: Dondozo|Sleep Talk|p2a: Dondozo
|move|p2a: Dondozo|Body Press|p1a: Skeledirge|[from] move: Sleep Talk
|-immune|p1a: Skeledirge
|
|-heal|p2a: Dondozo|93/100 slp|[from] item: Leftovers
|upkeep
|turn|62
|
|t:|1758976523
|move|p1a: Skeledirge|Will-O-Wisp|p2a: Dondozo|[miss]
|-miss|p1a: Skeledirge|p2a: Dondozo
|-curestatus|p2a: Dondozo|slp|[msg]
|move|p2a: Dondozo|Avalanche|p1a: Skeledirge
|-resisted|p1a: Skeledirge
|-damage|p1a: Skeledirge|95/100
|
|-heal|p1a: Skeledirge|100/100|[from] item: Leftovers
|-heal|p2a: Dondozo|99/100|[from] item: Leftovers
|upkeep
|turn|63
|
|t:|1758976528
|move|p1a: Skeledirge|Will-O-Wisp|p2a: Dondozo|[miss]
|-miss|p1a: Skeledirge|p2a: Dondozo
|move|p2a: Dondozo|Avalanche|p1a: Skeledirge
|-resisted|p1a: Skeledirge
|-crit|p1a: Skeledirge
|-damage|p1a: Skeledirge|93/100
|
|-heal|p1a: Skeledirge|99/100|[from] item: Leftovers
|-heal|p2a: Dondozo|100/100|[from] item: Leftovers
|upkeep
|turn|64
|
|t:|1758976530
|switch|p2a: Gliscor|Gliscor, M|87/100 tox
|-damage|p2a: Gliscor|75/100 tox|[from] Stealth Rock
|move|p1a: Skeledirge|Will-O-Wisp||[still]
|-fail|p1a: Skeledirge
|
|-heal|p1a: Skeledirge|100/100|[from] item: Leftovers
|-heal|p2a: Gliscor|87/100 tox|[from] ability: Poison Heal
|upkeep
|turn|65
|
|t:|1758976534
|move|p2a: Gliscor|Protect|p2a: Gliscor
|-singleturn|p2a: Gliscor|Protect
|move|p1a: Skeledirge|Will-O-Wisp|p2a: Gliscor
|-activate|p2a: Gliscor|move: Protect
|
|-heal|p2a: Gliscor|99/100 tox|[from] ability: Poison Heal
|upkeep
|turn|66
|
|t:|1758976539
|switch|p2a: Dondozo|Dondozo, F|100/100
|-damage|p2a: Dondozo|88/100|[from] Stealth Rock
|move|p1a: Skeledirge|Torch Song|p2a: Dondozo
|-resisted|p2a: Dondozo
|-damage|p2a: Dondozo|73/100
|
|-heal|p2a: Dondozo|79/100|[from] item: Leftovers
|upkeep
|turn|67
|
|t:|1758976550
|switch|p1a: Goodra|Goodra-Hisui, M, shiny|100/100
|-damage|p1a: Goodra|94/100|[from] Stealth Rock
|move|p2a: Dondozo|Avalanche|p1a: Goodra
|-damage|p1a: Goodra|82/100
|
|-heal|p2a: Dondozo|85/100|[from] item: Leftovers
|upkeep
|turn|68
|
|t:|1758976561
|switch|p2a: Corviknight|Corviknight, F|100/100
|-damage|p2a: Corviknight|88/100|[from] Stealth Rock
|-ability|p2a: Corviknight|Pressure
|-terastallize|p1a: Goodra|Water
|move|p1a: Goodra|Curse|p1a: Goodra
|-unboost|p1a: Goodra|spe|1
|-boost|p1a: Goodra|atk|1
|-boost|p1a: Goodra|def|1
|
|-heal|p2a: Corviknight|94/100|[from] item: Leftovers
|upkeep
|turn|69
|
|t:|1758976568
|switch|p2a: Weezing|Weezing-Galar, F|42/100
|-ability|p2a: Weezing|Neutralizing Gas
|move|p1a: Goodra|Curse|p1a: Goodra
|-unboost|p1a: Goodra|spe|1
|-boost|p1a: Goodra|atk|1
|-boost|p1a: Goodra|def|1
|
|upkeep
|turn|70
|
|t:|1758976573
|move|p2a: Weezing|Will-O-Wisp|p1a: Goodra
|-status|p1a: Goodra|brn
|move|p1a: Goodra|Earthquake|p2a: Weezing
|-supereffective|p2a: Weezing
|-damage|p2a: Weezing|14/100
|
|-damage|p1a: Goodra|76/100 brn|[from] brn
|upkeep
|turn|71
|
|t:|1758976577
|move|p2a: Weezing|Pain Split|p1a: Goodra
|-sethp|p1a: Goodra|44/100 brn|[from] move: Pain Split|[silent]
|-sethp|p2a: Weezing|48/100|[from] move: Pain Split
|move|p1a: Goodra|Curse|p1a: Goodra
|-unboost|p1a: Goodra|spe|1
|-boost|p1a: Goodra|atk|1
|-boost|p1a: Goodra|def|1
|
|-damage|p1a: Goodra|38/100 brn|[from] brn
|upkeep
|turn|72
|
|t:|1758976582
|move|p2a: Weezing|Strange Steam|p1a: Goodra
|-damage|p1a: Goodra|24/100 brn
|-start|p1a: Goodra|confusion
|-enditem|p1a: Goodra|Maranga Berry|[eat]
|-boost|p1a: Goodra|spd|1|[from] item: Maranga Berry
|-activate|p1a: Goodra|confusion
|move|p1a: Goodra|Rest|p1a: Goodra
|-status|p1a: Goodra|slp|[from] move: Rest
|-heal|p1a: Goodra|100/100 slp|[silent]
|
|upkeep
|turn|73
|
|t:|1758976590
|move|p2a: Weezing|Pain Split|p1a: Goodra
|-sethp|p1a: Goodra|72/100 slp|[from] move: Pain Split|[silent]
|-sethp|p2a: Weezing|79/100|[from] move: Pain Split
|cant|p1a: Goodra|slp
|
|upkeep
|turn|74
|
|t:|1758976603
|-end|p2a: Weezing|ability: Neutralizing Gas
|switch|p2a: Corviknight|Corviknight, F|94/100
|-damage|p2a: Corviknight|82/100|[from] Stealth Rock
|-ability|p2a: Corviknight|Pressure
|cant|p1a: Goodra|slp
|
|-heal|p2a: Corviknight|88/100|[from] item: Leftovers
|upkeep
|turn|75
|
|t:|1758976608
|move|p2a: Corviknight|Iron Defense|p2a: Corviknight
|-boost|p2a: Corviknight|def|2
|-curestatus|p1a: Goodra|slp|[msg]
|-end|p1a: Goodra|confusion
|move|p1a: Goodra|Curse|p1a: Goodra
|-unboost|p1a: Goodra|spe|1
|-boost|p1a: Goodra|atk|1
|-boost|p1a: Goodra|def|1
|
|-heal|p2a: Corviknight|94/100|[from] item: Leftovers
|upkeep
|turn|76
|
|t:|1758976610
|move|p2a: Corviknight|Iron Defense|p2a: Corviknight
|-boost|p2a: Corviknight|def|2
|move|p1a: Goodra|Curse|p1a: Goodra
|-unboost|p1a: Goodra|spe|1
|-boost|p1a: Goodra|atk|1
|-boost|p1a: Goodra|def|1
|
|-heal|p2a: Corviknight|100/100|[from] item: Leftovers
|upkeep
|turn|77
|
|t:|1758976612
|move|p2a: Corviknight|Iron Defense|p2a: Corviknight
|-boost|p2a: Corviknight|def|2
|move|p1a: Goodra|Curse|p1a: Goodra
|-unboost|p1a: Goodra|spe|1
|-boost|p1a: Goodra|atk|1
|-boost|p1a: Goodra|def|1
|
|upkeep
|turn|78
|
|t:|1758976615
|move|p2a: Corviknight|Body Press|p1a: Goodra
|-damage|p1a: Goodra|50/100
|move|p1a: Goodra|Gyro Ball|p2a: Corviknight
|-resisted|p2a: Corviknight
|-damage|p2a: Corviknight|86/100
|
|-heal|p2a: Corviknight|92/100|[from] item: Leftovers
|upkeep
|turn|79
|
|t:|1758976621
|move|p2a: Corviknight|Body Press|p1a: Goodra
|-damage|p1a: Goodra|27/100
|move|p1a: Goodra|Rest|p1a: Goodra
|-status|p1a: Goodra|slp|[from] move: Rest
|-heal|p1a: Goodra|100/100 slp|[silent]
|
|-heal|p2a: Corviknight|99/100|[from] item: Leftovers
|upkeep
|turn|80
|
|t:|1758976627
|move|p2a: Corviknight|Iron Defense|p2a: Corviknight
|-boost|p2a: Corviknight|def|0
|cant|p1a: Goodra|slp
|
|-heal|p2a: Corviknight|100/100|[from] item: Leftovers
|upkeep
|turn|81
|
|t:|1758976629
|move|p2a: Corviknight|Body Press|p1a: Goodra
|-damage|p1a: Goodra|76/100 slp
|cant|p1a: Goodra|slp
|
|upkeep
|turn|82
|
|t:|1758976632
|move|p2a: Corviknight|Body Press|p1a: Goodra
|-damage|p1a: Goodra|51/100 slp
|-curestatus|p1a: Goodra|slp|[msg]
|move|p1a: Goodra|Curse|p1a: Goodra
|
|upkeep
|turn|83
|
|t:|1758976638
|move|p2a: Corviknight|Body Press|p1a: Goodra
|-damage|p1a: Goodra|25/100
|move|p1a: Goodra|Curse|p1a: Goodra
|
|upkeep
|turn|84
|
|t:|1758976640
|move|p2a: Corviknight|Body Press|p1a: Goodra
|-damage|p1a: Goodra|1/100
|move|p1a: Goodra|Rest|p1a: Goodra
|-status|p1a: Goodra|slp|[from] move: Rest
|-heal|p1a: Goodra|100/100 slp|[silent]
|
|upkeep
|turn|85
|
|t:|1758976643
|move|p2a: Corviknight|Body Press|p1a: Goodra
|-damage|p1a: Goodra|77/100 slp
|cant|p1a: Goodra|slp
|
|upkeep
|turn|86
|
|t:|1758976646
|move|p2a: Corviknight|Body Press|p1a: Goodra
|-damage|p1a: Goodra|52/100 slp
|cant|p1a: Goodra|slp
|
|upkeep
|turn|87
|
|t:|1758976648
|move|p2a: Corviknight|Body Press|p1a: Goodra
|-damage|p1a: Goodra|27/100 slp
|-curestatus|p1a: Goodra|slp|[msg]
|move|p1a: Goodra|Curse|p1a: Goodra
|
|upkeep
|turn|88
|
|t:|1758976651
|move|p2a: Corviknight|Body Press|p1a: Goodra
|-damage|p1a: Goodra|4/100
|move|p1a: Goodra|Rest|p1a: Goodra
|-status|p1a: Goodra|slp|[from] move: Rest
|-heal|p1a: Goodra|100/100 slp|[silent]
|
|upkeep
|turn|89
|
|t:|1758976660
|switch|p2a: Dondozo|Dondozo, F|85/100
|-damage|p2a: Dondozo|73/100|[from] Stealth Rock
|cant|p1a: Goodra|slp
|
|-heal|p2a: Dondozo|79/100|[from] item: Leftovers
|upkeep
|turn|90
|
|t:|1758976663
|move|p2a: Dondozo|Body Press|p1a: Goodra
|-damage|p1a: Goodra|74/100 slp
|cant|p1a: Goodra|slp
|
|-heal|p2a: Dondozo|85/100|[from] item: Leftovers
|upkeep
|turn|91
|
|t:|1758976671
|move|p2a: Dondozo|Body Press|p1a: Goodra
|-damage|p1a: Goodra|48/100 slp
|-curestatus|p1a: Goodra|slp|[msg]
|move|p1a: Goodra|Curse|p1a: Goodra
|
|-heal|p2a: Dondozo|92/100|[from] item: Leftovers
|upkeep
|turn|92
|
|t:|1758976675
|move|p2a: Dondozo|Body Press|p1a: Goodra
|-damage|p1a: Goodra|23/100
|move|p1a: Goodra|Rest|p1a: Goodra
|-status|p1a: Goodra|slp|[from] move: Rest
|-heal|p1a: Goodra|100/100 slp|[silent]
|
|-heal|p2a: Dondozo|98/100|[from] item: Leftovers
|upkeep
|turn|93
|
|t:|1758976678
|move|p2a: Dondozo|Body Press|p1a: Goodra
|-damage|p1a: Goodra|75/100 slp
|cant|p1a: Goodra|slp
|
|-heal|p2a: Dondozo|100/100|[from] item: Leftovers
|upkeep
|turn|94
|
|t:|1758976680
|move|p2a: Dondozo|Body Press|p1a: Goodra
|-damage|p1a: Goodra|50/100 slp
|cant|p1a: Goodra|slp
|
|upkeep
|turn|95
|
|t:|1758976682
|move|p2a: Dondozo|Body Press|p1a: Goodra
|-damage|p1a: Goodra|25/100 slp
|-curestatus|p1a: Goodra|slp|[msg]
|move|p1a: Goodra|Rest|p1a: Goodra
|-status|p1a: Goodra|slp|[from] move: Rest
|-heal|p1a: Goodra|100/100 slp|[silent]
|
|upkeep
|turn|96
|
|t:|1758976687
|move|p2a: Dondozo|Body Press|p1a: Goodra
|-damage|p1a: Goodra|74/100 slp
|cant|p1a: Goodra|slp
|
|upkeep
|turn|97
|
|t:|1758976689
|move|p2a: Dondozo|Body Press|p1a: Goodra
|-damage|p1a: Goodra|46/100 slp
|cant|p1a: Goodra|slp
|
|upkeep
|turn|98
|
|t:|1758976692
|move|p2a: Dondozo|Body Press|p1a: Goodra
|-damage|p1a: Goodra|20/100 slp
|-curestatus|p1a: Goodra|slp|[msg]
|move|p1a: Goodra|Rest|p1a: Goodra
|-status|p1a: Goodra|slp|[from] move: Rest
|-heal|p1a: Goodra|100/100 slp|[silent]
|
|upkeep
|turn|99
|
|t:|1758976694
|move|p2a: Dondozo|Body Press|p1a: Goodra
|-damage|p1a: Goodra|75/100 slp
|cant|p1a: Goodra|slp
|
|upkeep
|turn|100
|
|t:|1758976696
|move|p2a: Dondozo|Body Press|p1a: Goodra
|-damage|p1a: Goodra|50/100 slp
|cant|p1a: Goodra|slp
|
|upkeep
|turn|101
|
|t:|1758976698
|-curestatus|p1a: Goodra|slp|[msg]
|move|p1a: Goodra|Rest|p1a: Goodra
|-status|p1a: Goodra|slp|[from] move: Rest
|-heal|p1a: Goodra|100/100 slp|[silent]
|move|p2a: Dondozo|Avalanche|p1a: Goodra
|-resisted|p1a: Goodra
|-damage|p1a: Goodra|94/100 slp
|
|upkeep
|turn|102
|
|t:|1758976701
|move|p2a: Dondozo|Body Press|p1a: Goodra
|-damage|p1a: Goodra|65/100 slp
|cant|p1a: Goodra|slp
|
|upkeep
|turn|103
|
|t:|1758976704
|move|p2a: Dondozo|Body Press|p1a: Goodra
|-damage|p1a: Goodra|38/100 slp
|cant|p1a: Goodra|slp
|
|upkeep
|turn|104
|
|t:|1758976707
|move|p2a: Dondozo|Body Press|p1a: Goodra
|-damage|p1a: Goodra|10/100 slp
|-curestatus|p1a: Goodra|slp|[msg]
|move|p1a: Goodra|Curse|p1a: Goodra
|
|upkeep
|turn|105
|
|t:|1758976711
|move|p2a: Dondozo|Body Press|p1a: Goodra
|-damage|p1a: Goodra|0 fnt
|faint|p1a: Goodra
|
|upkeep
|
|t:|1758976714
|switch|p1a: Hatterene|Hatterene, F, shiny|100/100
|-damage|p1a: Hatterene|88/100|[from] Stealth Rock
|turn|106
|
|t:|1758976718
|switch|p2a: Blissey|Blissey, F, tera:Dark|76/100
|-damage|p2a: Blissey|63/100|[from] Stealth Rock
|move|p1a: Hatterene|Calm Mind|p1a: Hatterene
|-boost|p1a: Hatterene|spa|1
|-boost|p1a: Hatterene|spd|1
|
|-heal|p2a: Blissey|69/100|[from] item: Leftovers
|-heal|p1a: Hatterene|94/100|[from] item: Leftovers
|upkeep
|turn|107
|
|t:|1758976721
|move|p2a: Blissey|Seismic Toss|p1a: Hatterene
|-damage|p1a: Hatterene|63/100
|move|p1a: Hatterene|Calm Mind|p1a: Hatterene
|-boost|p1a: Hatterene|spa|1
|-boost|p1a: Hatterene|spd|1
|
|-heal|p2a: Blissey|76/100|[from] item: Leftovers
|-heal|p1a: Hatterene|69/100|[from] item: Leftovers
|upkeep
|turn|108
|
|t:|1758976725
|move|p2a: Blissey|Seismic Toss|p1a: Hatterene
|-damage|p1a: Hatterene|37/100
|move|p1a: Hatterene|Calm Mind|p1a: Hatterene
|-boost|p1a: Hatterene|spa|1
|-boost|p1a: Hatterene|spd|1
|
|-heal|p2a: Blissey|82/100|[from] item: Leftovers
|-heal|p1a: Hatterene|43/100|[from] item: Leftovers
|upkeep
|turn|109
|
|t:|1758976728
|move|p2a: Blissey|Seismic Toss|p1a: Hatterene
|-damage|p1a: Hatterene|12/100
|move|p1a: Hatterene|Nuzzle|p2a: Blissey
|-damage|p2a: Blissey|78/100
|-status|p2a: Blissey|par
|
|-heal|p1a: Hatterene|18/100|[from] item: Leftovers
|-heal|p2a: Blissey|84/100 par|[from] item: Leftovers
|upkeep
|turn|110
|
|t:|1758976731
|move|p1a: Hatterene|Draining Kiss|p2a: Blissey
|-supereffective|p2a: Blissey
|-damage|p2a: Blissey|49/100 par
|-heal|p1a: Hatterene|72/100|[from] drain|[of] p2a: Blissey
|move|p2a: Blissey|Seismic Toss|p1a: Hatterene
|-damage|p1a: Hatterene|41/100
|
|-heal|p1a: Hatterene|47/100|[from] item: Leftovers
|-heal|p2a: Blissey|55/100 par|[from] item: Leftovers
|upkeep
|turn|111
|
|t:|1758976734
|move|p1a: Hatterene|Calm Mind|p1a: Hatterene
|-boost|p1a: Hatterene|spa|1
|-boost|p1a: Hatterene|spd|1
|move|p2a: Blissey|Seismic Toss|p1a: Hatterene
|-damage|p1a: Hatterene|15/100
|
|-heal|p1a: Hatterene|21/100|[from] item: Leftovers
|-heal|p2a: Blissey|61/100 par|[from] item: Leftovers
|upkeep
|turn|112
|
|t:|1758976737
|move|p1a: Hatterene|Draining Kiss|p2a: Blissey
|-supereffective|p2a: Blissey
|-damage|p2a: Blissey|18/100 par
|-heal|p1a: Hatterene|88/100|[from] drain|[of] p2a: Blissey
|move|p2a: Blissey|Seismic Toss|p1a: Hatterene
|-damage|p1a: Hatterene|56/100
|
|-heal|p1a: Hatterene|62/100|[from] item: Leftovers
|-heal|p2a: Blissey|25/100 par|[from] item: Leftovers
|upkeep
|turn|113
|
|t:|1758976742
|move|p1a: Hatterene|Draining Kiss|p2a: Blissey
|-supereffective|p2a: Blissey
|-damage|p2a: Blissey|0 fnt
|-heal|p1a: Hatterene|99/100|[from] drain|[of] p2a: Blissey
|faint|p2a: Blissey
|
|-heal|p1a: Hatterene|100/100|[from] item: Leftovers
|upkeep
|
|t:|1758976763
|switch|p2a: Corviknight|Corviknight, F|100/100
|-damage|p2a: Corviknight|88/100|[from] Stealth Rock
|-ability|p2a: Corviknight|Pressure
|turn|114
|
|t:|1758976765
|move|p2a: Corviknight|Iron Defense|p2a: Corviknight
|-boost|p2a: Corviknight|def|2
|move|p1a: Hatterene|Nuzzle|p2a: Corviknight
|-supereffective|p2a: Corviknight
|-damage|p2a: Corviknight|85/100
|-status|p2a: Corviknight|par
|
|-heal|p2a: Corviknight|92/100 par|[from] item: Leftovers
|upkeep
|turn|115
|
|t:|1758976771
|move|p1a: Hatterene|Psychic Noise|p2a: Corviknight
|-resisted|p2a: Corviknight
|-damage|p2a: Corviknight|41/100 par
|-start|p2a: Corviknight|move: Heal Block
|move|p2a: Corviknight|Body Press|p1a: Hatterene
|-resisted|p1a: Hatterene
|-damage|p1a: Hatterene|89/100
|
|-heal|p1a: Hatterene|95/100|[from] item: Leftovers
|upkeep
|turn|116
|
|t:|1758976777
|move|p1a: Hatterene|Psychic Noise|p2a: Corviknight
|-resisted|p2a: Corviknight
|-damage|p2a: Corviknight|0 fnt
|faint|p2a: Corviknight
|
|-heal|p1a: Hatterene|100/100|[from] item: Leftovers
|upkeep
|
|t:|1758976782
|switch|p2a: Gliscor|Gliscor, M|99/100 tox
|-damage|p2a: Gliscor|87/100 tox|[from] Stealth Rock
|turn|117
|
|t:|1758976787
|move|p2a: Gliscor|Protect|p2a: Gliscor
|-singleturn|p2a: Gliscor|Protect
|move|p1a: Hatterene|Psychic Noise|p2a: Gliscor
|-activate|p2a: Gliscor|move: Protect
|
|-heal|p2a: Gliscor|99/100 tox|[from] ability: Poison Heal
|upkeep
|turn|118
|
|t:|1758976794
|move|p2a: Gliscor|Protect|p2a: Gliscor
|-singleturn|p2a: Gliscor|Protect
|move|p1a: Hatterene|Draining Kiss|p2a: Gliscor
|-activate|p2a: Gliscor|move: Protect
|
|-heal|p2a: Gliscor|100/100 tox|[from] ability: Poison Heal
|upkeep
|turn|119
|
|t:|1758976800
|switch|p2a: Weezing|Weezing-Galar, F|79/100
|-ability|p2a: Weezing|Neutralizing Gas
|move|p1a: Hatterene|Psychic Noise|p2a: Weezing
|-supereffective|p2a: Weezing
|-damage|p2a: Weezing|0 fnt
|faint|p2a: Weezing
|-end|p2a: Weezing|ability: Neutralizing Gas
|
|upkeep
|
|t:|1758976802
|switch|p2a: Gliscor|Gliscor, M|100/100 tox
|-damage|p2a: Gliscor|88/100 tox|[from] Stealth Rock
|turn|120
|
|t:|1758976806
|move|p2a: Gliscor|Protect|p2a: Gliscor
|-singleturn|p2a: Gliscor|Protect
|move|p1a: Hatterene|Calm Mind|p1a: Hatterene
|-boost|p1a: Hatterene|spa|1
|-boost|p1a: Hatterene|spd|1
|
|-heal|p2a: Gliscor|100/100 tox|[from] ability: Poison Heal
|upkeep
|turn|121
|
|t:|1758976809
|move|p2a: Gliscor|Protect|p2a: Gliscor
|-singleturn|p2a: Gliscor|Protect
|move|p1a: Hatterene|Psychic Noise|p2a: Gliscor
|-activate|p2a: Gliscor|move: Protect
|
|upkeep
|turn|122
|
|t:|1758976813
|move|p2a: Gliscor|Earthquake|p1a: Hatterene
|-damage|p1a: Hatterene|73/100
|move|p1a: Hatterene|Psychic Noise|p2a: Gliscor
|-damage|p2a: Gliscor|2/100 tox
|-start|p2a: Gliscor|move: Heal Block
|
|-heal|p1a: Hatterene|79/100|[from] item: Leftovers
|upkeep
|turn|123
|
|t:|1758976817
|move|p2a: Gliscor|Protect|p2a: Gliscor
|-singleturn|p2a: Gliscor|Protect
|move|p1a: Hatterene|Calm Mind|p1a: Hatterene
|-boost|p1a: Hatterene|spa|1
|-boost|p1a: Hatterene|spd|1
|
|-heal|p1a: Hatterene|85/100|[from] item: Leftovers
|-end|p2a: Gliscor|move: Heal Block
|upkeep
|turn|124
|
|t:|1758976820
|move|p2a: Gliscor|Protect|p2a: Gliscor
|-singleturn|p2a: Gliscor|Protect
|move|p1a: Hatterene|Draining Kiss|p2a: Gliscor
|-activate|p2a: Gliscor|move: Protect
|
|-heal|p1a: Hatterene|91/100|[from] item: Leftovers
|-heal|p2a: Gliscor|14/100 tox|[from] ability: Poison Heal
|upkeep
|turn|125
|
|t:|1758976823
|move|p2a: Gliscor|Protect||[still]
|-fail|p2a: Gliscor
|move|p1a: Hatterene|Psychic Noise|p2a: Gliscor
|-damage|p2a: Gliscor|0 fnt
|faint|p2a: Gliscor
|
|-heal|p1a: Hatterene|97/100|[from] item: Leftovers
|upkeep
|
|t:|1758976825
|switch|p2a: Dondozo|Dondozo, F|100/100
|-damage|p2a: Dondozo|88/100|[from] Stealth Rock
|turn|126
|
|t:|1758976829
|move|p1a: Hatterene|Nuzzle|p2a: Dondozo
|-supereffective|p2a: Dondozo
|-damage|p2a: Dondozo|85/100
|-status|p2a: Dondozo|par
|move|p2a: Dondozo|Avalanche|p1a: Hatterene
|-damage|p1a: Hatterene|72/100
|
|-heal|p1a: Hatterene|78/100|[from] item: Leftovers
|-heal|p2a: Dondozo|91/100 par|[from] item: Leftovers
|upkeep
|turn|127
|
|t:|1758976832
|move|p1a: Hatterene|Psychic Noise|p2a: Dondozo
|-damage|p2a: Dondozo|58/100 par
|-start|p2a: Dondozo|move: Heal Block
|move|p2a: Dondozo|Avalanche|p1a: Hatterene
|-damage|p1a: Hatterene|52/100
|
|-heal|p1a: Hatterene|58/100|[from] item: Leftovers
|upkeep
|turn|128
|
|t:|1758976840
|move|p1a: Hatterene|Draining Kiss|p2a: Dondozo
|-damage|p2a: Dondozo|35/100 par
|-heal|p1a: Hatterene|85/100|[from] drain|[of] p2a: Dondozo
|move|p2a: Dondozo|Avalanche|p1a: Hatterene
|-crit|p1a: Hatterene
|-damage|p1a: Hatterene|53/100
|
|-heal|p1a: Hatterene|59/100|[from] item: Leftovers
|-end|p2a: Dondozo|move: Heal Block
|upkeep
|turn|129
|
|t:|1758976844
|move|p1a: Hatterene|Psychic Noise|p2a: Dondozo
|-damage|p2a: Dondozo|5/100 par
|-start|p2a: Dondozo|move: Heal Block
|cant|p2a: Dondozo|move: Heal Block|Rest
|
|-heal|p1a: Hatterene|65/100|[from] item: Leftovers
|upkeep
|turn|130
|c|☆Kyommunism|gg
|
|t:|1758976852
|move|p1a: Hatterene|Psychic Noise|p2a: Dondozo
|-damage|p2a: Dondozo|0 fnt
|faint|p2a: Dondozo
|
|win|Kyommunism
|raw|Kyommunism's rating: 1508 &rarr; <strong>1527</strong><br />(+19 for winning)
|raw|wholo's rating: 1496 &rarr; <strong>1477</strong><br />(-19 for losing)
|l|☆wholo
|player|p2|
|l|☆Kyommunism
|player|p1|
