|j|☆Harshkoshy
|j|☆noahthebadplayer
|t:|1759051936
|gametype|singles
|player|p1|Harshkoshy|steven|1221
|player|p2|noahthebadplayer|169|1200
|gen|9
|tier|[Gen 9] OU
|rated|
|rule|HP Percentage Mod: HP is shown in percentages
|rule|Endless Battle Clause: Forcing endless battles is banned
|rule|Species Clause: Limit one of each Pokémon
|rule|OHKO Clause: OHKO moves are banned
|rule|Evasion Items Clause: Evasion items are banned
|rule|Evasion Moves Clause: Evasion moves are banned
|rule|Evasion Abilities Clause: Evasion abilities are banned
|rule|Sleep Moves Clause: Sleep-inducing moves are banned
|clearpoke
|poke|p1|Gholdengo|
|poke|p1|Raging Bolt|
|poke|p1|Dragapult, M|
|poke|p1|Greninja-*, M|
|poke|p1|Corviknight, M|
|poke|p1|Gliscor, F|
|poke|p2|Ogerpon-Wellspring, F|
|poke|p2|Cyclizar, M|
|poke|p2|Dusknoir, M|
|poke|p2|Politoed, M|
|poke|p2|Tornadus-Therian, M|
|poke|p2|Glastrier|
|teampreview
|inactive|Battle timer is ON: inactive players will automatically lose when time's up. (requested by Harshkoshy)
|
|t:|1759051953
|teamsize|p1|6
|teamsize|p2|6
|start
|switch|p1a: Gliscor|Gliscor, F|100/100
|switch|p2a: Dusknoir|Dusknoir, M|100/100
|-item|p1a: Gliscor|Toxic Orb|[from] ability: Frisk|[of] p2a: Dusknoir
|turn|1
|
|t:|1759051956
|move|p1a: Gliscor|Toxic|p2a: Dusknoir
|-status|p2a: Dusknoir|tox
|move|p2a: Dusknoir|Trick|p1a: Gliscor
|-activate|p2a: Dusknoir|move: Trick|[of] p1a: Gliscor
|-item|p1a: Gliscor|Flame Orb|[from] move: Trick
|-item|p2a: Dusknoir|Toxic Orb|[from] move: Trick
|
|-damage|p2a: Dusknoir|94/100 tox|[from] psn
|-status|p1a: Gliscor|brn|[from] item: Flame Orb
|upkeep
|turn|2
|
|t:|1759051968
|switch|p2a: Politoed|Politoed, M|100/100
|-weather|RainDance|[from] ability: Drizzle|[of] p2a: Politoed
|move|p1a: Gliscor|Earthquake|p2a: Politoed
|-damage|p2a: Politoed|82/100
|
|-weather|RainDance|[upkeep]
|-damage|p1a: Gliscor|94/100 brn|[from] brn
|upkeep
|turn|3
|
|t:|1759051976
|move|p1a: Gliscor|Toxic|p2a: Politoed
|-status|p2a: Politoed|tox
|move|p2a: Politoed|Ice Beam|p1a: Gliscor
|-supereffective|p1a: Gliscor
|-damage|p1a: Gliscor|0 fnt
|faint|p1a: Gliscor
|
|-weather|RainDance|[upkeep]
|-damage|p2a: Politoed|76/100 tox|[from] psn
|upkeep
|
|t:|1759051982
|switch|p1a: Raging Bolt|Raging Bolt|100/100
|turn|4
|
|t:|1759051991
|switch|p2a: Dusknoir|Dusknoir, M|94/100 tox
|-item|p1a: Raging Bolt|Magnet|[from] ability: Frisk|[of] p2a: Dusknoir
|move|p1a: Raging Bolt|Calm Mind|p1a: Raging Bolt
|-boost|p1a: Raging Bolt|spa|1
|-boost|p1a: Raging Bolt|spd|1
|
|-weather|RainDance|[upkeep]
|-damage|p2a: Dusknoir|88/100 tox|[from] psn
|upkeep
|turn|5
|
|t:|1759051997
|move|p1a: Raging Bolt|Thunderbolt|p2a: Dusknoir
|-damage|p2a: Dusknoir|26/100 tox
|move|p2a: Dusknoir|Trick|p1a: Raging Bolt
|-activate|p2a: Dusknoir|move: Trick|[of] p1a: Raging Bolt
|-item|p1a: Raging Bolt|Toxic Orb|[from] move: Trick
|-item|p2a: Dusknoir|Magnet|[from] move: Trick
|
|-weather|RainDance|[upkeep]
|-damage|p2a: Dusknoir|13/100 tox|[from] psn
|-status|p1a: Raging Bolt|tox|[from] item: Toxic Orb
|upkeep
|turn|6
|
|t:|1759052006
|move|p1a: Raging Bolt|Thunderbolt|p2a: Dusknoir
|-damage|p2a: Dusknoir|0 fnt
|faint|p2a: Dusknoir
|
|-weather|RainDance|[upkeep]
|-damage|p1a: Raging Bolt|94/100 tox|[from] psn
|upkeep
|
|t:|1759052016
|switch|p2a: Cyclizar|Cyclizar, M|100/100
|turn|7
|
|t:|1759052024
|move|p2a: Cyclizar|Breaking Swipe|p1a: Raging Bolt
|-supereffective|p1a: Raging Bolt
|-damage|p1a: Raging Bolt|51/100 tox
|-unboost|p1a: Raging Bolt|atk|1
|move|p1a: Raging Bolt|Dragon Pulse|p2a: Cyclizar
|-supereffective|p2a: Cyclizar
|-damage|p2a: Cyclizar|0 fnt
|faint|p2a: Cyclizar
|
|-weather|RainDance|[upkeep]
|-damage|p1a: Raging Bolt|38/100 tox|[from] psn
|upkeep
|inactive|noahthebadplayer has 120 seconds left.
|
|t:|1759052055
|switch|p2a: Politoed|Politoed, M|76/100 tox
|turn|8
|
|t:|1759052062
|move|p1a: Raging Bolt|Thunderclap|p2a: Politoed
|-supereffective|p2a: Politoed
|-damage|p2a: Politoed|0 fnt
|faint|p2a: Politoed
|
|-weather|RainDance|[upkeep]
|-damage|p1a: Raging Bolt|20/100 tox|[from] psn
|upkeep
|
|t:|1759052069
|switch|p2a: Glastrier|Glastrier|100/100
|turn|9
|
|t:|1759052077
|-terastallize|p2a: Glastrier|Electric
|move|p1a: Raging Bolt|Thunderbolt|p2a: Glastrier
|-resisted|p2a: Glastrier
|-damage|p2a: Glastrier|71/100
|move|p2a: Glastrier|Avalanche|p1a: Raging Bolt
|-supereffective|p1a: Raging Bolt
|-damage|p1a: Raging Bolt|0 fnt
|faint|p1a: Raging Bolt
|-end|p1a: Raging Bolt|Protosynthesis|[silent]
|-ability|p2a: Glastrier|Chilling Neigh|boost
|-boost|p2a: Glastrier|atk|1
|-heal|p2a: Glastrier|74/100|[from] item: Shell Bell|[of] p1: Raging Bolt
|
|-weather|none
|upkeep
|
|t:|1759052090
|switch|p1a: Dragapult|Dragapult, M|100/100
|turn|10
|
|t:|1759052097
|move|p1a: Dragapult|Will-O-Wisp|p2a: Glastrier
|-status|p2a: Glastrier|brn
|move|p2a: Glastrier|Avalanche|p1a: Dragapult
|-supereffective|p1a: Dragapult
|-damage|p1a: Dragapult|8/100
|-heal|p2a: Glastrier|83/100 brn|[from] item: Shell Bell|[of] p1a: Dragapult
|
|-damage|p2a: Glastrier|77/100 brn|[from] brn
|upkeep
|turn|11
|
|t:|1759052110
|move|p1a: Dragapult|Dragon Darts|p2a: Glastrier
|-crit|p2a: Glastrier
|-damage|p2a: Glastrier|45/100 brn
|-anim|p1a: Dragapult|Dragon Darts|p2a: Glastrier
|-damage|p2a: Glastrier|24/100 brn
|move|p2a: Glastrier|Tera Blast|p1a: Dragapult|[anim] Tera Blast Electric
|-resisted|p1a: Dragapult
|-damage|p1a: Dragapult|0 fnt
|faint|p1a: Dragapult
|-ability|p2a: Glastrier|Chilling Neigh|boost
|-boost|p2a: Glastrier|atk|1
|-heal|p2a: Glastrier|25/100 brn|[from] item: Shell Bell|[of] p1: Dragapult
|
|-damage|p2a: Glastrier|19/100 brn|[from] brn
|upkeep
|
|t:|1759052120
|switch|p1a: Greninja|Greninja, M|100/100
|turn|12
|
|t:|1759052135
|switch|p2a: Ogerpon|Ogerpon-Wellspring, F|100/100
|move|p1a: Greninja|Night Slash|p2a: Ogerpon
|-damage|p2a: Ogerpon|53/100
|-damage|p1a: Greninja|91/100|[from] item: Life Orb
|
|upkeep
|turn|13
|
|t:|1759052142
|move|p1a: Greninja|Gunk Shot|p2a: Ogerpon
|-supereffective|p2a: Ogerpon
|-damage|p2a: Ogerpon|0 fnt
|faint|p2a: Ogerpon
|-ability|p1a: Greninja|Battle Bond|boost
|-boost|p1a: Greninja|atk|1
|-boost|p1a: Greninja|spa|1
|-boost|p1a: Greninja|spe|1
|-activate|p1a: Greninja|ability: Battle Bond
|-damage|p1a: Greninja|81/100|[from] item: Life Orb
|
|upkeep
|
|t:|1759052145
|switch|p2a: Tornadus|Tornadus-Therian, M|100/100
|turn|14
|
|t:|1759052153
|-terastallize|p1a: Greninja|Poison
|move|p1a: Greninja|Gunk Shot|p2a: Tornadus
|-damage|p2a: Tornadus|0 fnt
|faint|p2a: Tornadus
|-damage|p1a: Greninja|71/100|[from] item: Life Orb
|
|upkeep
|-message|noahthebadplayer forfeited.
|
|win|Harshkoshy
|raw|Harshkoshy's rating: 1221 &rarr; <strong>1244</strong><br />(+23 for winning)
|raw|noahthebadplayer's rating: 1200 &rarr; <strong>1177</strong><br />(-23 for losing)
|l|☆noahthebadplayer
|player|p2|
|l|☆Harshkoshy
|player|p1|
