|badge|p2|bronze|gen9ou|100-6
|html|<div class="broadcast-red"><strong>This battle is required to be public due to one or more player having a season medal.</strong><br />During the public phase, you can discuss the state of the ladder <a href="/seasondiscussion">in a special chatroom.</a></div>
|uhtml|medal-msg|<div class="broadcast-blue">Curious what those medals under the avatar are? PS now has Ladder Seasons! For more information, check out the <a href="https://www.smogon.com/forums/threads/3740067/">thread on Smogon.</a></div>
|raw|<div class="broadcast-blue"><strong>This battle is required to be public due to a player having a name starting with 'medal'.</div>
|j|☆silksong is up
|j|☆ice spice enjoyer
|t:|1758991137
|gametype|singles
|player|p1|silksong is up|hilbert-wonderlauncher|1808
|player|p2|ice spice enjoyer|hoopster|1837
|gen|9
|tier|[Gen 9] OU
|rated|
|rule|HP Percentage Mod: HP is shown in percentages
|rule|Endless Battle Clause: Forcing endless battles is banned
|rule|Species Clause: Limit one of each Pokémon
|rule|OHKO Clause: OHKO moves are banned
|rule|Evasion Items Clause: Evasion items are banned
|rule|Evasion Moves Clause: Evasion moves are banned
|rule|Evasion Abilities Clause: Evasion abilities are banned
|rule|Sleep Moves Clause: Sleep-inducing moves are banned
|clearpoke
|poke|p1|Enamorus, F|
|poke|p1|Great Tusk|
|poke|p1|Iron Crown|
|poke|p1|Lokix, M|
|poke|p1|Alomomola, M|
|poke|p1|Pecharunt|
|poke|p2|Ninetales-Alola, M|
|poke|p2|Hatterene, F|
|poke|p2|Great Tusk|
|poke|p2|Ceruledge, F|
|poke|p2|Walking Wake|
|poke|p2|Moltres-Galar|
|teampreview
|inactive|Battle timer is ON: inactive players will automatically lose when time's up. (requested by silksong is up)
|inactive|ice spice enjoyer has 120 seconds left.
|inactive|silksong is up has 120 seconds left.
|inactive|ice spice enjoyer has 90 seconds left.
|inactive|ice spice enjoyer has 60 seconds left.
|
|t:|1758991247
|teamsize|p1|6
|teamsize|p2|6
|start
|switch|p1a: Behemoth|Great Tusk, shiny|100/100
|switch|p2a: Walking Wake|Walking Wake|100/100
|-enditem|p2a: Walking Wake|Booster Energy
|-activate|p2a: Walking Wake|ability: Protosynthesis|[fromitem]
|-start|p2a: Walking Wake|protosynthesisspa
|turn|1
|
|t:|1758991251
|-end|p1a: Behemoth|Protosynthesis|[silent]
|switch|p1a: Pisces|Alomomola, M, shiny|100/100
|move|p2a: Walking Wake|Dragon Pulse|p1a: Pisces
|-damage|p1a: Pisces|67/100
|
|upkeep
|turn|2
|
|t:|1758991256
|move|p2a: Walking Wake|Substitute|p2a: Walking Wake
|-start|p2a: Walking Wake|Substitute
|-damage|p2a: Walking Wake|76/100
|move|p1a: Pisces|Flip Turn|p2a: Walking Wake
|-resisted|p2a: Walking Wake
|-activate|p2a: Walking Wake|move: Substitute|[damage]
|
|t:|1758991262
|switch|p1a: Braveheart|Iron Crown|100/100|[from] Flip Turn
|
|upkeep
|turn|3
|
|t:|1758991266
|-end|p1a: Braveheart|Quark Drive|[silent]
|switch|p1a: Pisces|Alomomola, M, shiny|99/100
|move|p2a: Walking Wake|Surf|p1a: Pisces
|-resisted|p1a: Pisces
|-damage|p1a: Pisces|83/100
|
|upkeep
|turn|4
|
|t:|1758991272
|move|p2a: Walking Wake|Agility|p2a: Walking Wake
|-boost|p2a: Walking Wake|spe|2
|move|p1a: Pisces|Play Rough|p2a: Walking Wake
|-supereffective|p2a: Walking Wake
|-end|p2a: Walking Wake|Substitute
|
|upkeep
|turn|5
|
|t:|1758991279
|move|p2a: Walking Wake|Substitute|p2a: Walking Wake
|-start|p2a: Walking Wake|Substitute
|-damage|p2a: Walking Wake|51/100
|move|p1a: Pisces|Play Rough|p2a: Walking Wake
|-supereffective|p2a: Walking Wake
|-end|p2a: Walking Wake|Substitute
|
|upkeep
|turn|6
|
|t:|1758991283
|move|p2a: Walking Wake|Substitute|p2a: Walking Wake
|-start|p2a: Walking Wake|Substitute
|-damage|p2a: Walking Wake|26/100
|move|p1a: Pisces|Mirror Coat||[still]
|-fail|p1a: Pisces
|
|upkeep
|turn|7
|
|t:|1758991288
|move|p2a: Walking Wake|Dragon Pulse|p1a: Pisces
|-damage|p1a: Pisces|46/100
|move|p1a: Pisces|Mirror Coat|p2a: Walking Wake
|-end|p2a: Walking Wake|Substitute
|
|upkeep
|turn|8
|
|t:|1758991292
|move|p2a: Walking Wake|Dragon Pulse|p1a: Pisces
|-crit|p1a: Pisces
|-damage|p1a: Pisces|0 fnt
|faint|p1a: Pisces
|
|upkeep
|c|☆silksong is up|come on lol
|c|☆silksong is up|u played this awful and got rewarded for it
|
|t:|1758991306
|switch|p1a: Edgar|Lokix, M, shiny|100/100
|turn|9
|c|☆ice spice enjoyer|Yeah mb
|c|☆ice spice enjoyer|Awful is crazy tho
|c|☆silksong is up|bro u tried to 1V1 a mon u cant without crit
|c|☆silksong is up|when it was turn 1...
|c|☆silksong is up|its awful indeed!
|inactive|silksong is up has 120 seconds left.
|
|t:|1758991338
|move|p2a: Walking Wake|Surf|p1a: Edgar
|-damage|p1a: Edgar|0 fnt
|faint|p1a: Edgar
|
|upkeep
|inactive|silksong is up has 120 seconds left.
|
|t:|1758991344
|switch|p1a: Braveheart|Iron Crown|100/100
|turn|10
|c|☆ice spice enjoyer|Ok what do you call that turn then
|c|☆silksong is up|i have to make plays now
|c|☆silksong is up|to make up for that loss
|
|t:|1758991362
|move|p2a: Walking Wake|Surf|p1a: Braveheart
|-damage|p1a: Braveheart|41/100
|move|p1a: Braveheart|Volt Switch|p2a: Walking Wake
|-damage|p2a: Walking Wake|0 fnt
|faint|p2a: Walking Wake
|-end|p2a: Walking Wake|Protosynthesis|[silent]
|c|☆silksong is up|when i shudnt have
|
|t:|1758991368
|-end|p1a: Braveheart|Quark Drive|[silent]
|switch|p1a: Behemoth|Great Tusk, shiny|100/100|[from] Volt Switch
|
|upkeep
|c|☆ice spice enjoyer|Or just tera bug first impression
|inactive|ice spice enjoyer has 120 seconds left.
|c|☆silksong is up|it gives free screens
|
|t:|1758991399
|switch|p2a: Ninetales|Ninetales-Alola, M|100/100
|-weather|Snowscape|[from] ability: Snow Warning|[of] p2a: Ninetales
|turn|11
|
|t:|1758991403
|move|p2a: Ninetales|Aurora Veil|p2a: Ninetales
|-sidestart|p2: ice spice enjoyer|move: Aurora Veil
|move|p1a: Behemoth|Stealth Rock|p2a: Ninetales
|-sidestart|p2: ice spice enjoyer|move: Stealth Rock
|
|-weather|Snowscape|[upkeep]
|upkeep
|turn|12
|j| wgw2333
|inactive|ice spice enjoyer has 120 seconds left.
|inactive|ice spice enjoyer has 90 seconds left.
|
|t:|1758991453
|switch|p2a: Hatterene|Hatterene, F|100/100
|-damage|p2a: Hatterene|88/100|[from] Stealth Rock
|move|p1a: Behemoth|Headlong Rush|p2a: Hatterene
|-damage|p2a: Hatterene|61/100
|-unboost|p1a: Behemoth|def|1
|-unboost|p1a: Behemoth|spd|1
|-enditem|p2a: Hatterene|Eject Button
|j| STLSMASHTHOTS
|inactive|ice spice enjoyer has 60 seconds left.
|
|t:|1758991495
|switch|p2a: Ceruledge|Ceruledge, F|100/100
|-damage|p2a: Ceruledge|76/100|[from] Stealth Rock
|
|-weather|Snowscape|[upkeep]
|upkeep
|turn|13
|
|t:|1758991499
|-end|p1a: Behemoth|Protosynthesis|[silent]
|switch|p1a: Gin|Enamorus, F, shiny|100/100
|-terastallize|p2a: Ceruledge|Ghost
|move|p2a: Ceruledge|Swords Dance|p2a: Ceruledge
|-boost|p2a: Ceruledge|atk|2
|
|-weather|Snowscape|[upkeep]
|upkeep
|turn|14
|inactive|ice spice enjoyer has 60 seconds left.
|inactive|silksong is up has 120 seconds left.
|
|t:|1758991555
|move|p1a: Gin|Moonblast|p2a: Ceruledge
|-damage|p2a: Ceruledge|44/100
|move|p2a: Ceruledge|Bitter Blade|p1a: Gin
|-damage|p1a: Gin|0 fnt
|-heal|p2a: Ceruledge|94/100|[from] drain|[of] p1a: Gin
|faint|p1a: Gin
|-damage|p2a: Ceruledge|84/100|[from] item: Life Orb
|
|-weather|Snowscape|[upkeep]
|upkeep
|inactive|silksong is up has 90 seconds left.
|
|t:|1758991572
|switch|p1a: Overseer|Pecharunt|100/100
|turn|15
|inactive|silksong is up has 90 seconds left.
|
|t:|1758991580
|-terastallize|p1a: Overseer|Grass
|move|p2a: Ceruledge|Poltergeist|p1a: Overseer
|-activate|p1a: Overseer|move: Poltergeist|Heavy-Duty Boots
|-damage|p1a: Overseer|9/100
|-damage|p2a: Ceruledge|74/100|[from] item: Life Orb
|move|p1a: Overseer|Malignant Chain|p2a: Ceruledge
|-resisted|p2a: Ceruledge
|-damage|p2a: Ceruledge|64/100
|
|-weather|none
|upkeep
|turn|16
|inactive|silksong is up has 90 seconds left.
|c|☆silksong is up|gg, well played!
|-message|silksong is up forfeited.
|
|win|ice spice enjoyer
|raw|silksong is up's rating: 1808 &rarr; <strong>1790</strong><br />(-18 for losing)
|raw|ice spice enjoyer's rating: 1837 &rarr; <strong>1855</strong><br />(+18 for winning)
|l|☆silksong is up
|player|p1|
|c|☆ice spice enjoyer|gg man
|l|☆ice spice enjoyer
|player|p2|
|l| STLSMASHTHOTS
|l| wgw2333
