|j|☆boldenhauer
|j|☆Noobshoe
|t:|1758995167
|gametype|singles
|player|p1|boldenhauer|flannery|1376
|player|p2|Noobshoe|drayden|1401
|gen|9
|tier|[Gen 9] OU
|rated|
|rule|HP Percentage Mod: HP is shown in percentages
|rule|Endless Battle Clause: Forcing endless battles is banned
|rule|Species Clause: Limit one of each Pokémon
|rule|OHKO Clause: OHKO moves are banned
|rule|Evasion Items Clause: Evasion items are banned
|rule|Evasion Moves Clause: Evasion moves are banned
|rule|Evasion Abilities Clause: Evasion abilities are banned
|rule|Sleep Moves Clause: Sleep-inducing moves are banned
|clearpoke
|poke|p1|Malamar, M|
|poke|p1|Ursaluna, F|
|poke|p1|Avalugg-Hisui, F|
|poke|p1|Slowking-Galar, F|
|poke|p1|Cinccino, M|
|poke|p1|Rillaboom, F|
|poke|p2|Torkoal, M|
|poke|p2|Walking Wake|
|poke|p2|Raging Bolt|
|poke|p2|Ceruledge, F|
|poke|p2|Hatterene, F|
|poke|p2|Great Tusk|
|teampreview
|
|t:|1758995199
|teamsize|p1|6
|teamsize|p2|6
|start
|switch|p1a: Rillaboom|Rillaboom, F|100/100
|switch|p2a: Ceruledge|Ceruledge, F|100/100
|-fieldstart|move: Grassy Terrain|[from] ability: Grassy Surge|[of] p1a: Rillaboom
|turn|1
|
|t:|1758995223
|switch|p1a: Cinccino|Cinccino, M|100/100
|move|p2a: Ceruledge|Bitter Blade|p1a: Cinccino
|-damage|p1a: Cinccino|25/100
|
|-heal|p1a: Cinccino|31/100|[from] Grassy Terrain
|upkeep
|turn|2
|
|t:|1758995257
|switch|p1a: Ursaluna|Ursaluna, F|100/100
|switch|p2a: Torkoal|Torkoal, M|100/100
|-weather|SunnyDay|[from] ability: Drought|[of] p2a: Torkoal
|
|-weather|SunnyDay|[upkeep]
|upkeep
|turn|3
|
|t:|1758995269
|switch|p2a: Hatterene|Hatterene, F, shiny|100/100
|move|p1a: Ursaluna|Belly Drum|p1a: Ursaluna
|-damage|p1a: Ursaluna|50/100
|-setboost|p1a: Ursaluna|atk|6|[from] move: Belly Drum
|
|-weather|SunnyDay|[upkeep]
|-heal|p1a: Ursaluna|57/100|[from] Grassy Terrain
|-heal|p1a: Ursaluna|63/100|[from] item: Leftovers
|upkeep
|turn|4
|
|t:|1758995283
|move|p1a: Ursaluna|Protect|p1a: Ursaluna
|-singleturn|p1a: Ursaluna|Protect
|move|p2a: Hatterene|Nuzzle|p1a: Ursaluna
|-activate|p1a: Ursaluna|move: Protect
|
|-weather|SunnyDay|[upkeep]
|-heal|p1a: Ursaluna|69/100|[from] Grassy Terrain
|-heal|p1a: Ursaluna|75/100|[from] item: Leftovers
|upkeep
|turn|5
|
|t:|1758995290
|move|p1a: Ursaluna|Crunch|p2a: Hatterene
|-damage|p2a: Hatterene|0 fnt
|faint|p2a: Hatterene
|
|-weather|SunnyDay|[upkeep]
|-heal|p1a: Ursaluna|82/100|[from] Grassy Terrain
|-heal|p1a: Ursaluna|88/100|[from] item: Leftovers
|upkeep
|
|t:|1758995316
|switch|p2a: Walking Wake|Walking Wake|100/100
|-activate|p2a: Walking Wake|ability: Protosynthesis
|-start|p2a: Walking Wake|protosynthesisspe
|turn|6
|
|t:|1758995325
|move|p1a: Ursaluna|Protect|p1a: Ursaluna
|-singleturn|p1a: Ursaluna|Protect
|move|p2a: Walking Wake|Hydro Steam|p1a: Ursaluna
|-activate|p1a: Ursaluna|move: Protect
|
|-weather|SunnyDay|[upkeep]
|-heal|p1a: Ursaluna|94/100|[from] Grassy Terrain
|-heal|p1a: Ursaluna|100/100|[from] item: Leftovers
|upkeep
|turn|7
|
|t:|1758995334
|-terastallize|p1a: Ursaluna|Ghost
|move|p2a: Walking Wake|Hydro Steam|p1a: Ursaluna
|-damage|p1a: Ursaluna|27/100
|move|p1a: Ursaluna|Drain Punch|p2a: Walking Wake
|-damage|p2a: Walking Wake|0 fnt
|-heal|p1a: Ursaluna|64/100|[from] drain|[of] p2a: Walking Wake
|faint|p2a: Walking Wake
|-end|p2a: Walking Wake|Protosynthesis|[silent]
|
|-weather|SunnyDay|[upkeep]
|-heal|p1a: Ursaluna|70/100|[from] Grassy Terrain
|-heal|p1a: Ursaluna|76/100|[from] item: Leftovers
|upkeep
|
|t:|1758995339
|switch|p2a: Ceruledge|Ceruledge, F|100/100
|turn|8
|
|t:|1758995348
|-terastallize|p2a: Ceruledge|Fairy
|move|p2a: Ceruledge|Swords Dance|p2a: Ceruledge
|-boost|p2a: Ceruledge|atk|2
|move|p1a: Ursaluna|Crunch|p2a: Ceruledge
|-resisted|p2a: Ceruledge
|-damage|p2a: Ceruledge|24/100
|-unboost|p2a: Ceruledge|def|1
|-ability|p2a: Ceruledge|Weak Armor|boost
|-unboost|p2a: Ceruledge|def|1
|-boost|p2a: Ceruledge|spe|2
|
|-weather|SunnyDay|[upkeep]
|-heal|p2a: Ceruledge|30/100|[from] Grassy Terrain
|-heal|p1a: Ursaluna|83/100|[from] Grassy Terrain
|-heal|p1a: Ursaluna|89/100|[from] item: Leftovers
|-fieldend|move: Grassy Terrain
|upkeep
|turn|9
|
|t:|1758995353
|move|p2a: Ceruledge|Bitter Blade|p1a: Ursaluna
|-damage|p1a: Ursaluna|7/100
|-heal|p2a: Ceruledge|95/100|[from] drain|[of] p1a: Ursaluna
|move|p1a: Ursaluna|Drain Punch|p2a: Ceruledge
|-resisted|p2a: Ceruledge
|-damage|p2a: Ceruledge|0 fnt
|-heal|p1a: Ursaluna|37/100|[from] drain|[of] p2a: Ceruledge
|faint|p2a: Ceruledge
|
|-weather|none
|-heal|p1a: Ursaluna|43/100|[from] item: Leftovers
|upkeep
|-message|Noobshoe forfeited.
|
|win|boldenhauer
|raw|boldenhauer's rating: 1376 &rarr; <strong>1397</strong><br />(+21 for winning)
|raw|Noobshoe's rating: 1401 &rarr; <strong>1380</strong><br />(-21 for losing)
|l|☆Noobshoe
|player|p2|
|l|☆boldenhauer
|player|p1|
