|j|☆RizzlenDizzle
|j|☆SuchA_Nerd
|t:|1758948273
|gametype|singles
|player|p1|RizzlenDizzle|169|1269
|player|p2|SuchA_Nerd|2|1260
|gen|9
|tier|[Gen 9] OU
|rated|
|rule|HP Percentage Mod: HP is shown in percentages
|rule|Endless Battle Clause: Forcing endless battles is banned
|rule|Species Clause: Limit one of each Pokémon
|rule|OHKO Clause: OHKO moves are banned
|rule|Evasion Items Clause: Evasion items are banned
|rule|Evasion Moves Clause: Evasion moves are banned
|rule|Evasion Abilities Clause: Evasion abilities are banned
|rule|Sleep Moves Clause: Sleep-inducing moves are banned
|clearpoke
|poke|p1|Hydrapple, F|
|poke|p1|Dragonite, F|
|poke|p1|Samurott-Hisui, M|
|poke|p1|Iron Treads|
|poke|p1|Slowking-Galar, M|
|poke|p1|Hoopa-Unbound|
|poke|p2|Poliwrath, M|
|poke|p2|Gliscor, F|
|poke|p2|Talonflame, M|
|poke|p2|Blastoise, M|
|poke|p2|Rotom-Frost|
|poke|p2|Iron Moth|
|teampreview
|inactive|Battle timer is ON: inactive players will automatically lose when time's up. (requested by SuchA_Nerd)
|
|t:|1758948302
|teamsize|p1|6
|teamsize|p2|6
|start
|switch|p1a: Samurott|Samurott-Hisui, M, shiny|100/100
|switch|p2a: Poliwrath|Poliwrath, M|100/100
|turn|1
|
|t:|1758948310
|switch|p1a: Slowking|Slowking-Galar, M|100/100
|move|p2a: Poliwrath|Bulk Up|p2a: Poliwrath
|-boost|p2a: Poliwrath|atk|1
|-boost|p2a: Poliwrath|def|1
|
|upkeep
|turn|2
|
|t:|1758948321
|move|p2a: Poliwrath|Bulk Up|p2a: Poliwrath
|-boost|p2a: Poliwrath|atk|1
|-boost|p2a: Poliwrath|def|1
|move|p1a: Slowking|Psychic|p2a: Poliwrath
|-supereffective|p2a: Poliwrath
|-damage|p2a: Poliwrath|42/100
|
|-heal|p2a: Poliwrath|48/100|[from] item: Leftovers
|upkeep
|turn|3
|
|t:|1758948332
|-terastallize|p2a: Poliwrath|Dark
|move|p2a: Poliwrath|Knock Off|p1a: Slowking
|-supereffective|p1a: Slowking
|-damage|p1a: Slowking|0 fnt
|-enditem|p1a: Slowking|Assault Vest|[from] move: Knock Off|[of] p2a: Poliwrath
|faint|p1a: Slowking
|
|-heal|p2a: Poliwrath|55/100|[from] item: Leftovers
|upkeep
|
|t:|1758948352
|switch|p1a: Hydrapple|Hydrapple, F, shiny|100/100
|turn|4
|
|t:|1758948358
|move|p2a: Poliwrath|Knock Off|p1a: Hydrapple
|-damage|p1a: Hydrapple|68/100
|-enditem|p1a: Hydrapple|Leftovers|[from] move: Knock Off|[of] p2a: Poliwrath
|move|p1a: Hydrapple|Fickle Beam|p2a: Poliwrath
|-damage|p2a: Poliwrath|33/100
|
|-heal|p2a: Poliwrath|39/100|[from] item: Leftovers
|upkeep
|turn|5
|
|t:|1758948377
|move|p2a: Poliwrath|Rest|p2a: Poliwrath
|-status|p2a: Poliwrath|slp|[from] move: Rest
|-heal|p2a: Poliwrath|100/100 slp|[silent]
|move|p1a: Hydrapple|Fickle Beam|p2a: Poliwrath|[anim] Fickle Beam All Out
|-activate|p1a: Hydrapple|move: Fickle Beam
|-damage|p2a: Poliwrath|56/100 slp
|
|-heal|p2a: Poliwrath|63/100 slp|[from] item: Leftovers
|upkeep
|turn|6
|
|t:|1758948387
|cant|p2a: Poliwrath|slp
|move|p1a: Hydrapple|Fickle Beam|p2a: Poliwrath
|-damage|p2a: Poliwrath|39/100 slp
|
|-heal|p2a: Poliwrath|45/100 slp|[from] item: Leftovers
|upkeep
|turn|7
|
|t:|1758948408
|cant|p2a: Poliwrath|slp
|move|p1a: Hydrapple|Fickle Beam|p2a: Poliwrath|[anim] Fickle Beam All Out
|-activate|p1a: Hydrapple|move: Fickle Beam
|-damage|p2a: Poliwrath|4/100 slp
|
|-heal|p2a: Poliwrath|11/100 slp|[from] item: Leftovers
|upkeep
|turn|8
|inactive|SuchA_Nerd has 120 seconds left.
|
|t:|1758948430
|-curestatus|p2a: Poliwrath|slp|[msg]
|move|p2a: Poliwrath|Rest|p2a: Poliwrath
|-status|p2a: Poliwrath|slp|[from] move: Rest
|-heal|p2a: Poliwrath|100/100 slp|[silent]
|move|p1a: Hydrapple|Fickle Beam|p2a: Poliwrath
|-crit|p2a: Poliwrath
|-damage|p2a: Poliwrath|64/100 slp
|
|-heal|p2a: Poliwrath|71/100 slp|[from] item: Leftovers
|upkeep
|turn|9
|inactive|SuchA_Nerd has 120 seconds left.
|
|t:|1758948442
|cant|p2a: Poliwrath|slp
|move|p1a: Hydrapple|Earth Power|p2a: Poliwrath
|-damage|p2a: Poliwrath|54/100 slp
|
|-heal|p2a: Poliwrath|60/100 slp|[from] item: Leftovers
|upkeep
|turn|10
|
|t:|1758948449
|cant|p2a: Poliwrath|slp
|move|p1a: Hydrapple|Earth Power|p2a: Poliwrath
|-damage|p2a: Poliwrath|45/100 slp
|
|-heal|p2a: Poliwrath|51/100 slp|[from] item: Leftovers
|upkeep
|turn|11
|
|t:|1758948461
|-curestatus|p2a: Poliwrath|slp|[msg]
|move|p2a: Poliwrath|Knock Off|p1a: Hydrapple
|-damage|p1a: Hydrapple|45/100
|move|p1a: Hydrapple|Fickle Beam|p2a: Poliwrath
|-damage|p2a: Poliwrath|31/100
|
|-heal|p2a: Poliwrath|37/100|[from] item: Leftovers
|upkeep
|turn|12
|
|t:|1758948473
|switch|p1a: Samurott|Samurott-Hisui, M, shiny|100/100
|move|p2a: Poliwrath|Rest|p2a: Poliwrath
|-status|p2a: Poliwrath|slp|[from] move: Rest
|-heal|p2a: Poliwrath|100/100 slp|[silent]
|
|upkeep
|turn|13
|inactive|SuchA_Nerd has 120 seconds left.
|
|t:|1758948490
|move|p1a: Samurott|Ceaseless Edge|p2a: Poliwrath
|-resisted|p2a: Poliwrath
|-damage|p2a: Poliwrath|90/100 slp
|-sidestart|p2: SuchA_Nerd|Spikes
|cant|p2a: Poliwrath|slp
|
|-heal|p2a: Poliwrath|97/100 slp|[from] item: Leftovers
|upkeep
|turn|14
|
|t:|1758948499
|move|p1a: Samurott|Knock Off|p2a: Poliwrath
|-resisted|p2a: Poliwrath
|-damage|p2a: Poliwrath|86/100 slp
|-enditem|p2a: Poliwrath|Leftovers|[from] move: Knock Off|[of] p1a: Samurott
|cant|p2a: Poliwrath|slp
|
|upkeep
|turn|15
|
|t:|1758948507
|move|p1a: Samurott|Ceaseless Edge|p2a: Poliwrath
|-resisted|p2a: Poliwrath
|-damage|p2a: Poliwrath|75/100 slp
|-sidestart|p2: SuchA_Nerd|Spikes
|-curestatus|p2a: Poliwrath|slp|[msg]
|move|p2a: Poliwrath|Circle Throw|p1a: Samurott
|-supereffective|p1a: Samurott
|-damage|p1a: Samurott|0 fnt
|faint|p1a: Samurott
|
|upkeep
|
|t:|1758948524
|switch|p1a: Hydrapple|Hydrapple, F, shiny|78/100
|turn|16
|
|t:|1758948537
|move|p1a: Hydrapple|Fickle Beam|p2a: Poliwrath
|-damage|p2a: Poliwrath|54/100
|move|p2a: Poliwrath|Circle Throw|p1a: Hydrapple
|-damage|p1a: Hydrapple|55/100
|drag|p1a: Hoopa|Hoopa-Unbound|100/100
|
|upkeep
|turn|17
|
|t:|1758948555
|-terastallize|p1a: Hoopa|Fire
|move|p2a: Poliwrath|Circle Throw|p1a: Hoopa
|-damage|p1a: Hoopa|43/100
|drag|p1a: Iron Treads|Iron Treads|100/100
|-item|p1a: Iron Treads|Air Balloon
|
|upkeep
|turn|18
|
|t:|1758948563
|move|p1a: Iron Treads|Earthquake|p2a: Poliwrath
|-damage|p2a: Poliwrath|36/100
|move|p2a: Poliwrath|Circle Throw|p1a: Iron Treads
|-supereffective|p1a: Iron Treads
|-damage|p1a: Iron Treads|55/100
|-enditem|p1a: Iron Treads|Air Balloon
|-end|p1a: Iron Treads|Quark Drive|[silent]
|drag|p1a: Hydrapple|Hydrapple, F, shiny|88/100
|
|upkeep
|turn|19
|
|t:|1758948573
|move|p2a: Poliwrath|Rest|p2a: Poliwrath
|-status|p2a: Poliwrath|slp|[from] move: Rest
|-heal|p2a: Poliwrath|100/100 slp|[silent]
|move|p1a: Hydrapple|Leaf Storm|p2a: Poliwrath
|-damage|p2a: Poliwrath|66/100 slp
|-unboost|p1a: Hydrapple|spa|2
|
|upkeep
|turn|20
|inactive|SuchA_Nerd has 120 seconds left.
|
|t:|1758948627
|switch|p1a: Hoopa|Hoopa-Unbound, tera:Fire|43/100
|cant|p2a: Poliwrath|slp
|
|upkeep
|turn|21
|
|t:|1758948632
|move|p1a: Hoopa|Thunderbolt|p2a: Poliwrath
|-damage|p2a: Poliwrath|25/100 slp
|cant|p2a: Poliwrath|slp
|
|upkeep
|turn|22
|
|t:|1758948638
|move|p1a: Hoopa|Thunderbolt|p2a: Poliwrath
|-damage|p2a: Poliwrath|0 fnt
|faint|p2a: Poliwrath
|
|upkeep
|
|t:|1758948651
|switch|p2a: Gliscor|Gliscor, F|100/100
|turn|23
|inactive|SuchA_Nerd has 90 seconds left.
|
|t:|1758948684
|switch|p1a: Hydrapple|Hydrapple, F, shiny|100/100
|move|p2a: Gliscor|Knock Off|p1a: Hydrapple
|-damage|p1a: Hydrapple|92/100
|
|-status|p2a: Gliscor|tox|[from] item: Toxic Orb
|upkeep
|turn|24
|inactive|SuchA_Nerd has 90 seconds left.
|
|t:|1758948713
|move|p2a: Gliscor|Toxic|p1a: Hydrapple
|-status|p1a: Hydrapple|tox
|move|p1a: Hydrapple|Fickle Beam|p2a: Gliscor
|-damage|p2a: Gliscor|60/100 tox
|
|-heal|p2a: Gliscor|72/100 tox|[from] ability: Poison Heal
|-damage|p1a: Hydrapple|86/100 tox|[from] psn
|upkeep
|turn|25
|inactive|SuchA_Nerd has 60 seconds left.
|
|t:|1758948742
|move|p2a: Gliscor|Protect|p2a: Gliscor
|-singleturn|p2a: Gliscor|Protect
|move|p1a: Hydrapple|Tera Blast|p2a: Gliscor
|-activate|p2a: Gliscor|move: Protect
|
|-heal|p2a: Gliscor|85/100 tox|[from] ability: Poison Heal
|-damage|p1a: Hydrapple|74/100 tox|[from] psn
|upkeep
|turn|26
|inactive|SuchA_Nerd has 60 seconds left.
|-message|RizzlenDizzle forfeited.
|
|win|SuchA_Nerd
|raw|RizzlenDizzle's rating: 1269 &rarr; <strong>1243</strong><br />(-26 for losing)
|raw|SuchA_Nerd's rating: 1260 &rarr; <strong>1286</strong><br />(+26 for winning)
|l|☆RizzlenDizzle
|player|p1|
|l|☆SuchA_Nerd
|player|p2|
