|j|☆ohjeebus
|j|☆merry in house
|t:|1758954428
|gametype|singles
|player|p1|ohjeebus|koga|1512
|player|p2|merry in house|1|1515
|gen|9
|tier|[Gen 9] OU
|rated|
|rule|HP Percentage Mod: HP is shown in percentages
|rule|Endless Battle Clause: Forcing endless battles is banned
|rule|Species Clause: Limit one of each Pokémon
|rule|OHKO Clause: OHKO moves are banned
|rule|Evasion Items Clause: Evasion items are banned
|rule|Evasion Moves Clause: Evasion moves are banned
|rule|Evasion Abilities Clause: Evasion abilities are banned
|rule|Sleep Moves Clause: Sleep-inducing moves are banned
|clearpoke
|poke|p1|Zamazenta-*|
|poke|p1|Weezing-Galar, M|
|poke|p1|Kingambit, M|
|poke|p1|Weavile, M|
|poke|p1|Ceruledge, F|
|poke|p1|Ting-Lu|
|poke|p2|Indeedee, M|
|poke|p2|Hatterene, F|
|poke|p2|Ursaluna, F|
|poke|p2|Iron Hands|
|poke|p2|Hoopa-Unbound|
|poke|p2|Mimikyu, F|
|teampreview
|inactive|Battle timer is ON: inactive players will automatically lose when time's up. (requested by ohjeebus)
|
|t:|1758954445
|teamsize|p1|6
|teamsize|p2|6
|start
|switch|p1a: Weavile|Weavile, M|100/100
|switch|p2a: LEBRON|Iron Hands, shiny|100/100
|-ability|p1a: Weavile|Pressure
|-enditem|p2a: LEBRON|Booster Energy
|-activate|p2a: LEBRON|ability: Quark Drive|[fromitem]
|-start|p2a: LEBRON|quarkdriveatk
|turn|1
|
|t:|1758954451
|switch|p1a: Weezing|Weezing-Galar, M|100/100
|-ability|p1a: Weezing|Neutralizing Gas
|move|p2a: LEBRON|Heavy Slam|p1a: Weezing
|-supereffective|p1a: Weezing
|-damage|p1a: Weezing|41/100
|-damage|p2a: LEBRON|84/100|[from] item: Rocky Helmet|[of] p1a: Weezing
|
|upkeep
|turn|2
|
|t:|1758954458
|-end|p2a: LEBRON|Quark Drive|[silent]
|switch|p2a: Crashout YN|Ursaluna, F, shiny|100/100
|move|p1a: Weezing|Pain Split|p2a: Crashout YN
|-sethp|p2a: Crashout YN|65/100|[from] move: Pain Split|[silent]
|-sethp|p1a: Weezing|90/100|[from] move: Pain Split
|
|-status|p2a: Crashout YN|brn|[from] item: Flame Orb
|upkeep
|turn|3
|
|t:|1758954464
|-end|p1a: Weezing|ability: Neutralizing Gas
|switch|p1a: Zamazenta|Zamazenta|100/100
|-ability|p1a: Zamazenta|Dauntless Shield|boost
|-boost|p1a: Zamazenta|def|1
|move|p2a: Crashout YN|Headlong Rush|p1a: Zamazenta
|-damage|p1a: Zamazenta|33/100
|-unboost|p2a: Crashout YN|def|1
|-unboost|p2a: Crashout YN|spd|1
|
|-damage|p2a: Crashout YN|59/100 brn|[from] brn
|upkeep
|turn|4
|
|t:|1758954470
|switch|p2a: Mimi|Mimikyu, F, shiny|100/100
|move|p1a: Zamazenta|Ice Fang|p2a: Mimi
|-activate|p2a: Mimi|ability: Disguise
|-damage|p2a: Mimi|100/100
|detailschange|p2a: Mimi|Mimikyu-Busted, F, shiny
|-damage|p2a: Mimi|88/100|[from] pokemon: Mimikyu-Busted
|-enditem|p2a: Mimi|Red Card|[of] p1a: Zamazenta
|drag|p1a: Kingambit|Kingambit, M|100/100
|
|upkeep
|turn|5
|
|t:|1758954479
|move|p2a: Mimi|Destiny Bond|p2a: Mimi
|-singlemove|p2a: Mimi|Destiny Bond
|move|p1a: Kingambit|Iron Head|p2a: Mimi
|-supereffective|p2a: Mimi
|-damage|p2a: Mimi|0 fnt
|faint|p2a: Mimi
|-activate|p2a: Mimi|move: Destiny Bond
|faint|p1a: Kingambit
|-end|p1a: Kingambit|fallenundefined|[silent]
|
|upkeep
|
|t:|1758954484
|switch|p2a: Subaru|Indeedee, M, shiny|100/100
|switch|p1a: Weavile|Weavile, M|100/100
|-ability|p1a: Weavile|Pressure
|-fieldstart|move: Psychic Terrain|[from] ability: Psychic Surge|[of] p2a: Subaru
|turn|6
|
|t:|1758954489
|-terastallize|p1a: Weavile|Ice
|-terastallize|p2a: Subaru|Fairy
|move|p1a: Weavile|Triple Axel|p2a: Subaru
|-damage|p2a: Subaru|86/100
|-damage|p2a: Subaru|57/100
|-crit|p2a: Subaru
|-damage|p2a: Subaru|0 fnt
|faint|p2a: Subaru
|-hitcount|p2: Subaru|3
|
|upkeep
|
|t:|1758954495
|switch|p2a: LEBRON|Iron Hands, shiny|84/100
|turn|7
|
|t:|1758954500
|switch|p1a: Zamazenta|Zamazenta|33/100
|move|p2a: LEBRON|Heavy Slam|p1a: Zamazenta
|-damage|p1a: Zamazenta|19/100
|
|upkeep
|turn|8
|
|t:|1758954507
|-end|p2a: LEBRON|Quark Drive|[silent]
|switch|p2a: King Von|Hoopa-Unbound|100/100
|-enditem|p2a: King Von|Psychic Seed
|-boost|p2a: King Von|spd|1|[from] item: Psychic Seed
|move|p1a: Zamazenta|Close Combat|p2a: King Von
|-damage|p2a: King Von|30/100
|-unboost|p1a: Zamazenta|def|1
|-unboost|p1a: Zamazenta|spd|1
|
|upkeep
|turn|9
|
|t:|1758954510
|move|p1a: Zamazenta|Close Combat|p2a: King Von
|-damage|p2a: King Von|0 fnt
|-unboost|p1a: Zamazenta|def|1
|-unboost|p1a: Zamazenta|spd|1
|faint|p2a: King Von
|
|upkeep
|
|t:|1758954512
|switch|p2a: Satella|Hatterene, F, shiny|100/100
|turn|10
|
|t:|1758954517
|move|p1a: Zamazenta|Crunch|p2a: Satella
|-damage|p2a: Satella|71/100
|move|p2a: Satella|Trick Room|p2a: Satella
|-fieldstart|move: Trick Room|[of] p2a: Satella
|
|upkeep
|turn|11
|
|t:|1758954522
|switch|p1a: Ting-Lu|Ting-Lu|100/100
|-ability|p1a: Ting-Lu|Vessel of Ruin
|move|p2a: Satella|Draining Kiss|p1a: Ting-Lu
|-supereffective|p1a: Ting-Lu
|-damage|p1a: Ting-Lu|67/100
|-heal|p2a: Satella|100/100|[from] drain|[of] p1a: Ting-Lu
|-damage|p2a: Satella|91/100|[from] item: Life Orb
|
|-heal|p1a: Ting-Lu|73/100|[from] item: Leftovers
|upkeep
|turn|12
|
|t:|1758954526
|switch|p1a: Ceruledge|Ceruledge, F|100/100
|move|p2a: Satella|Draining Kiss|p1a: Ceruledge
|-resisted|p1a: Ceruledge
|-damage|p1a: Ceruledge|78/100
|-heal|p2a: Satella|100/100|[from] drain|[of] p1a: Ceruledge
|-damage|p2a: Satella|91/100|[from] item: Life Orb
|
|upkeep
|turn|13
|
|t:|1758954532
|switch|p1a: Ting-Lu|Ting-Lu|73/100
|-ability|p1a: Ting-Lu|Vessel of Ruin
|move|p2a: Satella|Expanding Force|p1a: Ting-Lu
|-immune|p1a: Ting-Lu
|
|-heal|p1a: Ting-Lu|80/100|[from] item: Leftovers
|-fieldend|move: Psychic Terrain
|upkeep
|turn|14
|
|t:|1758954535
|move|p2a: Satella|Draining Kiss|p1a: Ting-Lu
|-supereffective|p1a: Ting-Lu
|-crit|p1a: Ting-Lu
|-damage|p1a: Ting-Lu|33/100
|-heal|p2a: Satella|100/100|[from] drain|[of] p1a: Ting-Lu
|-damage|p2a: Satella|91/100|[from] item: Life Orb
|move|p1a: Ting-Lu|Payback|p2a: Satella
|-damage|p2a: Satella|49/100
|
|-heal|p1a: Ting-Lu|39/100|[from] item: Leftovers
|-fieldend|move: Trick Room
|upkeep
|turn|15
|
|t:|1758954538
|move|p1a: Ting-Lu|Earthquake|p2a: Satella
|-damage|p2a: Satella|3/100
|move|p2a: Satella|Trick Room|p2a: Satella
|-fieldstart|move: Trick Room|[of] p2a: Satella
|
|-heal|p1a: Ting-Lu|45/100|[from] item: Leftovers
|upkeep
|turn|16
|
|t:|1758954543
|switch|p1a: Zamazenta|Zamazenta|19/100
|move|p2a: Satella|Draining Kiss|p1a: Zamazenta
|-supereffective|p1a: Zamazenta
|-damage|p1a: Zamazenta|0 fnt
|-heal|p2a: Satella|17/100|[from] drain|[of] p1a: Zamazenta
|faint|p1a: Zamazenta
|-damage|p2a: Satella|7/100|[from] item: Life Orb
|
|upkeep
|
|t:|1758954547
|switch|p1a: Ceruledge|Ceruledge, F|78/100
|turn|17
|
|t:|1758954548
|move|p2a: Satella|Expanding Force|p1a: Ceruledge
|-damage|p1a: Ceruledge|0 fnt
|faint|p1a: Ceruledge
|-damage|p2a: Satella|0 fnt|[from] item: Life Orb
|faint|p2a: Satella
|
|upkeep
|
|t:|1758954553
|switch|p2a: LEBRON|Iron Hands, shiny|84/100
|switch|p1a: Weezing|Weezing-Galar, M|90/100
|-ability|p1a: Weezing|Neutralizing Gas
|turn|18
|
|t:|1758954556
|move|p2a: LEBRON|Heavy Slam|p1a: Weezing
|-supereffective|p1a: Weezing
|-damage|p1a: Weezing|24/100
|-damage|p2a: LEBRON|67/100|[from] item: Rocky Helmet|[of] p1a: Weezing
|move|p1a: Weezing|Will-O-Wisp|p2a: LEBRON
|-status|p2a: LEBRON|brn
|
|-damage|p2a: LEBRON|61/100 brn|[from] brn
|upkeep
|turn|19
|
|t:|1758954559
|move|p2a: LEBRON|Heavy Slam|p1a: Weezing
|-supereffective|p1a: Weezing
|-damage|p1a: Weezing|0 fnt
|-damage|p2a: LEBRON|44/100 brn|[from] item: Rocky Helmet|[of] p1a: Weezing
|faint|p1a: Weezing
|-end|p1a: Weezing|ability: Neutralizing Gas
|
|-damage|p2a: LEBRON|38/100 brn|[from] brn
|-fieldend|move: Trick Room
|upkeep
|
|t:|1758954563
|switch|p1a: Ting-Lu|Ting-Lu|45/100
|-ability|p1a: Ting-Lu|Vessel of Ruin
|turn|20
|
|t:|1758954567
|move|p2a: LEBRON|Close Combat|p1a: Ting-Lu
|-supereffective|p1a: Ting-Lu
|-damage|p1a: Ting-Lu|6/100
|-unboost|p2a: LEBRON|def|1
|-unboost|p2a: LEBRON|spd|1
|move|p1a: Ting-Lu|Earthquake|p2a: LEBRON
|-supereffective|p2a: LEBRON
|-damage|p2a: LEBRON|0 fnt
|faint|p2a: LEBRON
|-end|p2a: LEBRON|Quark Drive|[silent]
|
|-heal|p1a: Ting-Lu|12/100|[from] item: Leftovers
|upkeep
|
|t:|1758954570
|switch|p2a: Crashout YN|Ursaluna, F, shiny|59/100 brn
|turn|21
|
|t:|1758954572
|move|p1a: Ting-Lu|Earthquake|p2a: Crashout YN
|-damage|p2a: Crashout YN|33/100 brn
|move|p2a: Crashout YN|Facade|p1a: Ting-Lu
|-damage|p1a: Ting-Lu|0 fnt
|faint|p1a: Ting-Lu
|
|-damage|p2a: Crashout YN|27/100 brn|[from] brn
|upkeep
|
|t:|1758954574
|switch|p1a: Weavile|Weavile, M, tera:Ice|100/100
|-ability|p1a: Weavile|Pressure
|turn|22
|
|t:|1758954576
|move|p1a: Weavile|Ice Shard|p2a: Crashout YN
|-supereffective|p2a: Crashout YN
|-damage|p2a: Crashout YN|0 fnt
|faint|p2a: Crashout YN
|
|win|ohjeebus
|raw|ohjeebus's rating: 1512 &rarr; <strong>1532</strong><br />(+20 for winning)
|raw|merry in house's rating: 1515 &rarr; <strong>1495</strong><br />(-20 for losing)
|l|☆merry in house
|player|p2|
