|j|☆Saya_Luck
|j|☆katoluvsu
|t:|1759055031
|gametype|singles
|player|p1|Saya_Luck|dawn-gen4pt|1184
|player|p2|katoluvsu|n|1148
|gen|9
|tier|[Gen 9] OU
|rated|
|rule|HP Percentage Mod: HP is shown in percentages
|rule|Endless Battle Clause: Forcing endless battles is banned
|rule|Species Clause: Limit one of each Pokémon
|rule|OHKO Clause: OHKO moves are banned
|rule|Evasion Items Clause: Evasion items are banned
|rule|Evasion Moves Clause: Evasion moves are banned
|rule|Evasion Abilities Clause: Evasion abilities are banned
|rule|Sleep Moves Clause: Sleep-inducing moves are banned
|clearpoke
|poke|p1|Dragapult, F|
|poke|p1|Garchomp, F|
|poke|p1|Ditto|
|poke|p1|Meowscarada, F|
|poke|p1|Corviknight, M|
|poke|p1|Misdreavus, F|
|poke|p2|Leavanny, M|
|poke|p2|Braviary-Hisui, M|
|poke|p2|Kingambit, M|
|poke|p2|Typhlosion-Hisui, M|
|poke|p2|Mew|
|poke|p2|Meowstic, M|
|teampreview
|inactive|Battle timer is ON: inactive players will automatically lose when time's up. (requested by katoluvsu)
|
|t:|1759055037
|teamsize|p1|6
|teamsize|p2|6
|start
|switch|p1a: 八八夕夕力三|Misdreavus, F|100/100
|switch|p2a: Leavanny|Leavanny, M, shiny|100/100
|turn|1
|
|t:|1759055045
|move|p2a: Leavanny|Sticky Web|p1a: 八八夕夕力三
|-sidestart|p1: Saya_Luck|move: Sticky Web
|move|p1a: 八八夕夕力三|Will-O-Wisp|p2a: Leavanny
|-status|p2a: Leavanny|brn
|
|-damage|p2a: Leavanny|94/100 brn|[from] brn
|upkeep
|turn|2
|
|t:|1759055059
|switch|p2a: Mew|Mew, shiny|100/100
|move|p1a: 八八夕夕力三|Trick Room|p1a: 八八夕夕力三
|-fieldstart|move: Trick Room|[of] p1a: 八八夕夕力三
|
|upkeep
|turn|3
|
|t:|1759055070
|-terastallize|p2a: Mew|Dark
|move|p1a: 八八夕夕力三|Thunder Wave|p2a: Mew
|-status|p2a: Mew|par
|-activate|p2a: Mew|ability: Synchronize
|-status|p1a: 八八夕夕力三|par
|cant|p2a: Mew|par
|
|upkeep
|turn|4
|
|t:|1759055085
|switch|p1a: Garchomp|Garchomp, F|100/100
|-activate|p1a: Garchomp|move: Sticky Web
|-unboost|p1a: Garchomp|spe|1
|move|p2a: Mew|Toxic Spikes|p1a: Garchomp
|-sidestart|p1: Saya_Luck|move: Toxic Spikes
|
|upkeep
|turn|5
|
|t:|1759055092
|cant|p2a: Mew|par
|move|p1a: Garchomp|Swords Dance|p1a: Garchomp
|-boost|p1a: Garchomp|atk|2
|
|upkeep
|turn|6
|
|t:|1759055097
|move|p2a: Mew|Will-O-Wisp|p1a: Garchomp
|-status|p1a: Garchomp|brn
|move|p1a: Garchomp|Scale Shot|p2a: Mew
|-damage|p2a: Mew|88/100 par
|-damage|p2a: Mew|76/100 par
|-damage|p2a: Mew|64/100 par
|-damage|p2a: Mew|53/100 par
|-hitcount|p2a: Mew|4
|-unboost|p1a: Garchomp|def|1
|-boost|p1a: Garchomp|spe|1
|
|-heal|p2a: Mew|59/100 par|[from] item: Leftovers
|-damage|p1a: Garchomp|94/100 brn|[from] brn
|-fieldend|move: Trick Room
|upkeep
|turn|7
|
|t:|1759055111
|move|p1a: Garchomp|Scale Shot|p2a: Mew
|-damage|p2a: Mew|47/100 par
|-damage|p2a: Mew|35/100 par
|-damage|p2a: Mew|23/100 par
|-damage|p2a: Mew|12/100 par
|-hitcount|p2a: Mew|4
|-unboost|p1a: Garchomp|def|1
|-boost|p1a: Garchomp|spe|1
|move|p2a: Mew|Toxic Spikes|p1a: Garchomp
|-sidestart|p1: Saya_Luck|move: Toxic Spikes
|
|-heal|p2a: Mew|18/100 par|[from] item: Leftovers
|-damage|p1a: Garchomp|88/100 brn|[from] brn
|upkeep
|turn|8
|
|t:|1759055131
|move|p1a: Garchomp|Scale Shot|p2a: Mew
|-crit|p2a: Mew
|-damage|p2a: Mew|0 fnt
|faint|p2a: Mew
|-hitcount|p2: Mew|1
|-unboost|p1a: Garchomp|def|1
|-boost|p1a: Garchomp|spe|1
|
|-damage|p1a: Garchomp|82/100 brn|[from] brn
|upkeep
|
|t:|1759055136
|switch|p2a: Kingambit|Kingambit, M, shiny|100/100
|-activate|p2a: Kingambit|ability: Supreme Overlord
|-start|p2a: Kingambit|fallen1|[silent]
|turn|9
|
|t:|1759055145
|move|p1a: Garchomp|Scale Shot|p2a: Kingambit
|-resisted|p2a: Kingambit
|-damage|p2a: Kingambit|96/100
|-resisted|p2a: Kingambit
|-damage|p2a: Kingambit|90/100
|-resisted|p2a: Kingambit
|-damage|p2a: Kingambit|85/100
|-resisted|p2a: Kingambit
|-damage|p2a: Kingambit|80/100
|-hitcount|p2a: Kingambit|4
|-unboost|p1a: Garchomp|def|1
|-boost|p1a: Garchomp|spe|1
|move|p2a: Kingambit|Swords Dance|p2a: Kingambit
|-boost|p2a: Kingambit|atk|2
|
|-damage|p1a: Garchomp|76/100 brn|[from] brn
|upkeep
|turn|10
|
|t:|1759055160
|move|p2a: Kingambit|Sucker Punch||[still]
|-fail|p2a: Kingambit
|move|p1a: Garchomp|Stealth Rock|p2a: Kingambit
|-sidestart|p2: katoluvsu|move: Stealth Rock
|
|-damage|p1a: Garchomp|70/100 brn|[from] brn
|upkeep
|turn|11
|
|t:|1759055172
|move|p1a: Garchomp|Draco Meteor|p2a: Kingambit
|-resisted|p2a: Kingambit
|-damage|p2a: Kingambit|65/100
|-unboost|p1a: Garchomp|spa|2
|move|p2a: Kingambit|Kowtow Cleave|p1a: Garchomp
|-damage|p1a: Garchomp|0 fnt
|-damage|p2a: Kingambit|53/100|[from] ability: Rough Skin|[of] p1a: Garchomp
|faint|p1a: Garchomp
|
|upkeep
|
|t:|1759055181
|switch|p1a: Corviknight|Corviknight, M|100/100
|turn|12
|
|t:|1759055190
|move|p1a: Corviknight|Defog|p2a: Kingambit
|-unboost|p2a: Kingambit|evasion|1
|-sideend|p2: katoluvsu|Stealth Rock|[from] move: Defog|[of] p1a: Corviknight
|-sideend|p1: Saya_Luck|Toxic Spikes|[from] move: Defog|[of] p1a: Corviknight
|-sideend|p1: Saya_Luck|Sticky Web|[from] move: Defog|[of] p1a: Corviknight
|move|p2a: Kingambit|Kowtow Cleave|p1a: Corviknight
|-damage|p1a: Corviknight|18/100
|-damage|p2a: Kingambit|36/100|[from] item: Rocky Helmet|[of] p1a: Corviknight
|
|upkeep
|turn|13
|
|t:|1759055206
|move|p2a: Kingambit|Sucker Punch|p1a: Corviknight
|-damage|p1a: Corviknight|0 fnt
|-damage|p2a: Kingambit|20/100|[from] item: Rocky Helmet|[of] p1a: Corviknight
|faint|p1a: Corviknight
|
|upkeep
|
|t:|1759055211
|switch|p1a: Ditto|Ditto, shiny|100/100
|-transform|p1a: Ditto|p2a: Kingambit|[from] ability: Imposter
|-activate|p1a: Ditto|ability: Supreme Overlord
|-start|p1a: Ditto|fallen2|[silent]
|turn|14
|
|t:|1759055219
|move|p1a: Ditto|Sucker Punch|p2a: Kingambit
|-resisted|p2a: Kingambit
|-damage|p2a: Kingambit|0 fnt
|faint|p2a: Kingambit
|-end|p2a: Kingambit|fallen1|[silent]
|
|upkeep
|
|t:|1759055231
|switch|p2a: Leavanny|Leavanny, M, shiny|94/100 brn
|turn|15
|
|t:|1759055235
|move|p1a: Ditto|Sucker Punch||[still]
|-fail|p1a: Ditto
|move|p2a: Leavanny|Sticky Web|p1a: Ditto
|-sidestart|p1: Saya_Luck|move: Sticky Web
|
|-damage|p2a: Leavanny|88/100 brn|[from] brn
|upkeep
|turn|16
|
|t:|1759055245
|-end|p1a: Ditto|fallen2|[silent]
|switch|p1a: 八八夕夕力三|Misdreavus, F|100/100 par
|move|p2a: Leavanny|Fell Stinger|p1a: 八八夕夕力三
|-resisted|p1a: 八八夕夕力三
|-damage|p1a: 八八夕夕力三|96/100 par
|
|-damage|p2a: Leavanny|82/100 brn|[from] brn
|upkeep
|turn|17
|
|t:|1759055260
|switch|p2a: Braviary|Braviary-Hisui, M, shiny|100/100
|move|p1a: 八八夕夕力三|Will-O-Wisp|p2a: Braviary
|-status|p2a: Braviary|brn
|
|-damage|p2a: Braviary|94/100 brn|[from] brn
|upkeep
|turn|18
|
|t:|1759055268
|move|p2a: Braviary|Calm Mind|p2a: Braviary
|-boost|p2a: Braviary|spa|1
|-boost|p2a: Braviary|spd|1
|move|p1a: 八八夕夕力三|Trick Room|p1a: 八八夕夕力三
|-fieldstart|move: Trick Room|[of] p1a: 八八夕夕力三
|
|-damage|p2a: Braviary|88/100 brn|[from] brn
|upkeep
|turn|19
|
|t:|1759055277
|move|p1a: 八八夕夕力三|Destiny Bond|p1a: 八八夕夕力三
|-singlemove|p1a: 八八夕夕力三|Destiny Bond
|move|p2a: Braviary|Air Slash|p1a: 八八夕夕力三
|-damage|p1a: 八八夕夕力三|37/100 par
|-damage|p2a: Braviary|78/100 brn|[from] item: Life Orb
|
|-damage|p2a: Braviary|72/100 brn|[from] brn
|upkeep
|turn|20
|
|t:|1759055285
|move|p1a: 八八夕夕力三|Thunder Wave||[still]
|-fail|p1a: 八八夕夕力三
|move|p2a: Braviary|Calm Mind|p2a: Braviary
|-boost|p2a: Braviary|spa|1
|-boost|p2a: Braviary|spd|1
|
|-damage|p2a: Braviary|66/100 brn|[from] brn
|upkeep
|turn|21
|
|t:|1759055298
|move|p1a: 八八夕夕力三|Destiny Bond|p1a: 八八夕夕力三
|-singlemove|p1a: 八八夕夕力三|Destiny Bond
|move|p2a: Braviary|Psyshock|p1a: 八八夕夕力三
|-damage|p1a: 八八夕夕力三|0 fnt
|faint|p1a: 八八夕夕力三
|-activate|p1a: 八八夕夕力三|move: Destiny Bond
|faint|p2a: Braviary
|
|upkeep
|
|t:|1759055311
|switch|p2a: Leavanny|Leavanny, M, shiny|82/100 brn
|switch|p1a: Meowscarada|Meowscarada, F|100/100
|-activate|p1a: Meowscarada|move: Sticky Web
|-unboost|p1a: Meowscarada|spe|1
|turn|22
|
|t:|1759055319
|move|p1a: Meowscarada|U-turn|p2a: Leavanny
|-supereffective|p2a: Leavanny
|-damage|p2a: Leavanny|11/100 brn
|-enditem|p2a: Leavanny|Weakness Policy
|-boost|p2a: Leavanny|atk|2|[from] item: Weakness Policy
|-boost|p2a: Leavanny|spa|2|[from] item: Weakness Policy
|
|t:|1759055327
|switch|p1a: Ditto|Ditto, shiny|100/100|[from] U-turn
|-activate|p1a: Ditto|move: Sticky Web
|-unboost|p1a: Ditto|spe|1
|-transform|p1a: Ditto|p2a: Leavanny|[from] ability: Imposter
|move|p2a: Leavanny|Fell Stinger|p1a: Ditto
|-supereffective|p1a: Ditto
|-damage|p1a: Ditto|5/100
|
|-damage|p2a: Leavanny|5/100 brn|[from] brn
|-fieldend|move: Trick Room
|upkeep
|turn|23
|
|t:|1759055359
|switch|p2a: Typhlosion|Typhlosion-Hisui, M, shiny|100/100
|-terastallize|p1a: Ditto|Fairy
|move|p1a: Ditto|Tera Blast|p2a: Typhlosion|[anim] Tera Blast Fairy
|-resisted|p2a: Typhlosion
|-damage|p2a: Typhlosion|53/100
|
|upkeep
|turn|24
|
|t:|1759055376
|move|p2a: Typhlosion|Lava Plume|p1a: Ditto
|-crit|p1a: Ditto
|-damage|p1a: Ditto|0 fnt
|faint|p1a: Ditto
|
|upkeep
|
|t:|1759055384
|switch|p1a: Dragapult|Dragapult, F|100/100
|-activate|p1a: Dragapult|move: Sticky Web
|-fail|p1a: Dragapult|unboost|[from] ability: Clear Body|[of] p1a: Dragapult
|turn|25
|
|t:|1759055392
|switch|p2a: Leavanny|Leavanny, M, shiny|5/100 brn
|move|p1a: Dragapult|Shadow Ball|p2a: Leavanny
|-damage|p2a: Leavanny|0 fnt
|faint|p2a: Leavanny
|
|upkeep
|
|t:|1759055401
|switch|p2a: Meowstic|Meowstic, M, shiny|100/100
|turn|26
|
|t:|1759055404
|move|p2a: Meowstic|Thunder Wave|p1a: Dragapult|[miss]
|-miss|p2a: Meowstic|p1a: Dragapult
|move|p1a: Dragapult|Shadow Ball|p2a: Meowstic
|-supereffective|p2a: Meowstic
|-damage|p2a: Meowstic|0 fnt
|faint|p2a: Meowstic
|
|upkeep
|
|t:|1759055406
|switch|p2a: Typhlosion|Typhlosion-Hisui, M, shiny|53/100
|turn|27
|
|t:|1759055412
|move|p2a: Typhlosion|Shadow Ball|p1a: Dragapult
|-supereffective|p1a: Dragapult
|-damage|p1a: Dragapult|0 fnt
|faint|p1a: Dragapult
|
|upkeep
|inactive|Saya_Luck has 120 seconds left.
|l|☆Saya_Luck
|inactive|Saya_Luck disconnected and has a minute to reconnect!
|player|p1|
|l|☆katoluvsu
|inactive|katoluvsu disconnected and has a minute to reconnect!
|player|p2|
|inactive|Saya_Luck has 30 seconds to reconnect!
|inactive|Saya_Luck has 20 seconds to reconnect!
|inactive|Saya_Luck has 15 seconds to reconnect!
|inactive|Saya_Luck has 10 seconds to reconnect!
|inactive|Saya_Luck has 5 seconds to reconnect!
|-message|Saya_Luck lost due to inactivity.
|
|win|katoluvsu
|raw|Saya_Luck's rating: 1184 &rarr; <strong>1156</strong><br />(-28 for losing)
|raw|katoluvsu's rating: 1148 &rarr; <strong>1176</strong><br />(+28 for winning)
|j|☆katoluvsu
|player|p2|katoluvsu|n|
|l|☆katoluvsu
|player|p2|
