|j|☆nicepiece
|j|☆fulkttd
|t:|1758946078
|gametype|singles
|player|p1|nicepiece|swimmerf|1351
|player|p2|fulkttd|zinzolin|1360
|gen|9
|tier|[Gen 9] OU
|rated|
|rule|HP Percentage Mod: HP is shown in percentages
|rule|Endless Battle Clause: Forcing endless battles is banned
|rule|Species Clause: Limit one of each Pokémon
|rule|OHKO Clause: OHKO moves are banned
|rule|Evasion Items Clause: Evasion items are banned
|rule|Evasion Moves Clause: Evasion moves are banned
|rule|Evasion Abilities Clause: Evasion abilities are banned
|rule|Sleep Moves Clause: Sleep-inducing moves are banned
|clearpoke
|poke|p1|Indeedee, M|
|poke|p1|Hatterene, F|
|poke|p1|Ursaluna, F|
|poke|p1|Iron Hands|
|poke|p1|Hoopa-Unbound|
|poke|p1|Mimikyu, F|
|poke|p2|Dragapult, M|
|poke|p2|Great Tusk|
|poke|p2|Hatterene, F|
|poke|p2|Slowking-Galar, M|
|poke|p2|Iron Moth|
|poke|p2|Ogerpon-Wellspring, F|
|teampreview
|inactive|Battle timer is ON: inactive players will automatically lose when time's up. (requested by fulkttd)
|
|t:|1758946095
|teamsize|p1|6
|teamsize|p2|6
|start
|switch|p1a: Jordan|Iron Hands, shiny|100/100
|switch|p2a: Dragapult|Dragapult, M|100/100
|-enditem|p1a: Jordan|Booster Energy
|-activate|p1a: Jordan|ability: Quark Drive|[fromitem]
|-start|p1a: Jordan|quarkdriveatk
|turn|1
|
|t:|1758946100
|move|p2a: Dragapult|U-turn|p1a: Jordan
|-resisted|p1a: Jordan
|-damage|p1a: Jordan|92/100
|
|t:|1758946105
|switch|p2a: Great Tusk|Great Tusk|100/100|[from] U-turn
|move|p1a: Jordan|Ice Punch|p2a: Great Tusk
|-supereffective|p2a: Great Tusk
|-damage|p2a: Great Tusk|47/100
|
|upkeep
|turn|2
|
|t:|1758946117
|-end|p1a: Jordan|Quark Drive|[silent]
|switch|p1a: Mimikyu|Mimikyu, F, shiny|100/100
|move|p2a: Great Tusk|Headlong Rush|p1a: Mimikyu
|-activate|p1a: Mimikyu|ability: Disguise
|-damage|p1a: Mimikyu|100/100
|-unboost|p2a: Great Tusk|def|1
|-unboost|p2a: Great Tusk|spd|1
|detailschange|p1a: Mimikyu|Mimikyu-Busted, F, shiny
|-damage|p1a: Mimikyu|88/100|[from] pokemon: Mimikyu-Busted
|-enditem|p1a: Mimikyu|Red Card|[of] p2a: Great Tusk
|-end|p2a: Great Tusk|Protosynthesis|[silent]
|drag|p2a: Ogerpon|Ogerpon-Wellspring, F|100/100
|
|upkeep
|turn|3
|
|t:|1758946124
|move|p2a: Ogerpon|Ivy Cudgel|p1a: Mimikyu|[anim] Ivy Cudgel Water
|-damage|p1a: Mimikyu|36/100
|move|p1a: Mimikyu|Trick Room|p1a: Mimikyu
|-fieldstart|move: Trick Room|[of] p1a: Mimikyu
|
|upkeep
|turn|4
|
|t:|1758946132
|move|p1a: Mimikyu|Destiny Bond|p1a: Mimikyu
|-singlemove|p1a: Mimikyu|Destiny Bond
|move|p2a: Ogerpon|Ivy Cudgel|p1a: Mimikyu|[anim] Ivy Cudgel Water
|-damage|p1a: Mimikyu|0 fnt
|faint|p1a: Mimikyu
|-activate|p1a: Mimikyu|move: Destiny Bond
|faint|p2a: Ogerpon
|
|upkeep
|inactive|fulkttd has 120 seconds left.
|
|t:|1758946163
|switch|p1a: Ursaluna|Ursaluna, F, shiny|100/100
|switch|p2a: Slowking|Slowking-Galar, M|100/100
|turn|5
|
|t:|1758946167
|move|p2a: Slowking|Ice Beam|p1a: Ursaluna
|-supereffective|p1a: Ursaluna
|-damage|p1a: Ursaluna|43/100
|move|p1a: Ursaluna|Headlong Rush|p2a: Slowking
|-supereffective|p2a: Slowking
|-damage|p2a: Slowking|0 fnt
|-unboost|p1a: Ursaluna|def|1
|-unboost|p1a: Ursaluna|spd|1
|faint|p2a: Slowking
|
|-status|p1a: Ursaluna|brn|[from] item: Flame Orb
|upkeep
|
|t:|1758946173
|switch|p2a: Hatterene|Hatterene, F|100/100
|turn|6
|
|t:|1758946181
|move|p2a: Hatterene|Psyshock|p1a: Ursaluna
|-damage|p1a: Ursaluna|6/100 brn
|move|p1a: Ursaluna|Facade|p2a: Hatterene
|-damage|p2a: Hatterene|0 fnt
|faint|p2a: Hatterene
|
|-damage|p1a: Ursaluna|0 fnt|[from] brn
|faint|p1a: Ursaluna
|upkeep
|-message|fulkttd forfeited.
|
|win|nicepiece
|raw|nicepiece's rating: 1351 &rarr; <strong>1372</strong><br />(+21 for winning)
|raw|fulkttd's rating: 1360 &rarr; <strong>1339</strong><br />(-21 for losing)
|l|☆fulkttd
|player|p2|
|l|☆nicepiece
|player|p1|
