|j|☆guyfishing12
|j|☆99steps_stuts
|t:|1759070820
|gametype|singles
|player|p1|guyfishing12|fisherman|1487
|player|p2|99steps_stuts|brycenman|1404
|gen|9
|tier|[Gen 9] OU
|rated|
|rule|HP Percentage Mod: HP is shown in percentages
|rule|Endless Battle Clause: Forcing endless battles is banned
|rule|Species Clause: Limit one of each Pokémon
|rule|OHKO Clause: OHKO moves are banned
|rule|Evasion Items Clause: Evasion items are banned
|rule|Evasion Moves Clause: Evasion moves are banned
|rule|Evasion Abilities Clause: Evasion abilities are banned
|rule|Sleep Moves Clause: Sleep-inducing moves are banned
|clearpoke
|poke|p1|Heatran, F|
|poke|p1|Gliscor, M|
|poke|p1|Kyurem|
|poke|p1|Hatterene, F|
|poke|p1|Tornadus-Therian, M|
|poke|p1|Zamazenta-*|
|poke|p2|Clefable, F|
|poke|p2|Incineroar, M|
|poke|p2|Clodsire, F|
|poke|p2|Zapdos-Galar|
|poke|p2|Gholdengo|
|poke|p2|Dragapult, M|
|teampreview
|inactive|Battle timer is ON: inactive players will automatically lose when time's up. (requested by 99steps_stuts)
|
|t:|1759070834
|teamsize|p1|6
|teamsize|p2|6
|start
|switch|p1a: Tornadus|Tornadus-Therian, M|100/100
|switch|p2a: Gholdengo|Gholdengo, shiny|100/100
|-item|p2a: Gholdengo|Air Balloon
|turn|1
|
|t:|1759070844
|switch|p2a: Quaqsire|Clodsire, F, shiny|100/100
|move|p1a: Tornadus|Knock Off|p2a: Quaqsire
|-damage|p2a: Quaqsire|81/100
|-enditem|p2a: Quaqsire|Black Sludge|[from] move: Knock Off|[of] p1a: Tornadus
|
|upkeep
|turn|2
|
|t:|1759070850
|move|p1a: Tornadus|U-turn|p2a: Quaqsire
|-resisted|p2a: Quaqsire
|-damage|p2a: Quaqsire|73/100
|
|t:|1759070852
|switch|p1a: Hatterene|Hatterene, F|100/100|[from] U-turn
|move|p2a: Quaqsire|Gunk Shot|p1a: Hatterene
|-supereffective|p1a: Hatterene
|-damage|p1a: Hatterene|46/100
|-status|p1a: Hatterene|psn
|
|-damage|p1a: Hatterene|34/100 psn|[from] psn
|upkeep
|turn|3
|
|t:|1759070875
|switch|p2a: Incineroar|Incineroar, M, shiny|100/100
|-ability|p2a: Incineroar|Intimidate|boost
|-unboost|p1a: Hatterene|atk|1
|move|p1a: Hatterene|Psychic Noise|p2a: Incineroar
|-immune|p2a: Incineroar
|
|-damage|p1a: Hatterene|21/100 psn|[from] psn
|upkeep
|turn|4
|
|t:|1759070881
|switch|p1a: Heatran|Heatran, F|100/100
|move|p2a: Incineroar|U-turn|p1a: Heatran
|-resisted|p1a: Heatran
|-damage|p1a: Heatran|96/100
|
|t:|1759070894
|switch|p2a: Zapdos|Zapdos-Galar, shiny|100/100|[from] U-turn
|
|-heal|p1a: Heatran|100/100|[from] item: Leftovers
|upkeep
|turn|5
|
|t:|1759070908
|switch|p1a: Gliscor|Gliscor, M|100/100
|move|p2a: Zapdos|Thunderous Kick|p1a: Gliscor
|-resisted|p1a: Gliscor
|-damage|p1a: Gliscor|82/100
|-unboost|p1a: Gliscor|def|1
|
|-status|p1a: Gliscor|tox|[from] item: Toxic Orb
|upkeep
|turn|6
|
|t:|1759070918
|move|p2a: Zapdos|Bulk Up|p2a: Zapdos
|-boost|p2a: Zapdos|atk|1
|-boost|p2a: Zapdos|def|1
|move|p1a: Gliscor|Spikes|p2a: Zapdos
|-sidestart|p2: 99steps_stuts|Spikes
|
|-heal|p1a: Gliscor|94/100 tox|[from] ability: Poison Heal
|upkeep
|turn|7
|
|t:|1759070921
|move|p2a: Zapdos|Brave Bird|p1a: Gliscor
|-damage|p1a: Gliscor|0 fnt
|faint|p1a: Gliscor
|-damage|p2a: Zapdos|66/100|[from] Recoil
|
|upkeep
|
|t:|1759070925
|switch|p1a: Tornadus|Tornadus-Therian, M|100/100
|turn|8
|
|t:|1759070929
|switch|p2a: Quaqsire|Clodsire, F, shiny|73/100
|-damage|p2a: Quaqsire|61/100|[from] Spikes
|move|p1a: Tornadus|Bleakwind Storm|p2a: Quaqsire
|-damage|p2a: Quaqsire|40/100
|-unboost|p2a: Quaqsire|spe|1
|
|upkeep
|turn|9
|
|t:|1759070941
|move|p1a: Tornadus|U-turn|p2a: Quaqsire
|-resisted|p2a: Quaqsire
|-damage|p2a: Quaqsire|32/100
|
|t:|1759070942
|switch|p1a: Hatterene|Hatterene, F|21/100 psn|[from] U-turn
|move|p2a: Quaqsire|Recover|p2a: Quaqsire
|-heal|p2a: Quaqsire|82/100
|
|-damage|p1a: Hatterene|9/100 psn|[from] psn
|upkeep
|turn|10
|
|t:|1759070950
|move|p1a: Hatterene|Pain Split|p2a: Quaqsire
|-sethp|p2a: Quaqsire|44/100|[from] move: Pain Split|[silent]
|-sethp|p1a: Hatterene|64/100 psn|[from] move: Pain Split
|move|p2a: Quaqsire|Earthquake|p1a: Hatterene
|-damage|p1a: Hatterene|40/100 psn
|
|-damage|p1a: Hatterene|28/100 psn|[from] psn
|upkeep
|turn|11
|
|t:|1759070955
|move|p1a: Hatterene|Psychic Noise|p2a: Quaqsire
|-supereffective|p2a: Quaqsire
|-damage|p2a: Quaqsire|6/100
|-start|p2a: Quaqsire|move: Heal Block
|cant|p2a: Quaqsire|move: Heal Block|Recover
|
|-damage|p1a: Hatterene|15/100 psn|[from] psn
|upkeep
|turn|12
|
|t:|1759070960
|move|p1a: Hatterene|Draining Kiss|p2a: Quaqsire
|-resisted|p2a: Quaqsire
|-damage|p2a: Quaqsire|0 fnt
|-heal|p1a: Hatterene|22/100 psn|[from] drain|[of] p2a: Quaqsire
|faint|p2a: Quaqsire
|
|-damage|p1a: Hatterene|9/100 psn|[from] psn
|upkeep
|
|t:|1759070963
|switch|p2a: Dragapult|Dragapult, M|100/100
|turn|13
|
|t:|1759070971
|switch|p1a: Tornadus|Tornadus-Therian, M|100/100
|move|p2a: Dragapult|Hex|p1a: Tornadus
|-damage|p1a: Tornadus|84/100
|
|upkeep
|turn|14
|
|t:|1759070976
|move|p2a: Dragapult|U-turn|p1a: Tornadus
|-resisted|p1a: Tornadus
|-damage|p1a: Tornadus|72/100
|
|t:|1759070980
|switch|p2a: Incineroar|Incineroar, M, shiny|100/100|[from] U-turn
|-ability|p2a: Incineroar|Intimidate|boost
|-unboost|p1a: Tornadus|atk|1
|move|p1a: Tornadus|Knock Off|p2a: Incineroar
|-resisted|p2a: Incineroar
|-damage|p2a: Incineroar|95/100
|-enditem|p2a: Incineroar|Heavy-Duty Boots|[from] move: Knock Off|[of] p1a: Tornadus
|
|upkeep
|turn|15
|
|t:|1759070985
|move|p1a: Tornadus|U-turn|p2a: Incineroar
|-damage|p2a: Incineroar|85/100
|
|t:|1759070987
|switch|p1a: Heatran|Heatran, F|100/100|[from] U-turn
|move|p2a: Incineroar|Knock Off|p1a: Heatran
|-damage|p1a: Heatran|59/100
|-enditem|p1a: Heatran|Leftovers|[from] move: Knock Off|[of] p2a: Incineroar
|
|upkeep
|turn|16
|
|t:|1759070995
|move|p1a: Heatran|Stealth Rock|p2a: Incineroar
|-sidestart|p2: 99steps_stuts|move: Stealth Rock
|move|p2a: Incineroar|U-turn|p1a: Heatran
|-resisted|p1a: Heatran
|-crit|p1a: Heatran
|-damage|p1a: Heatran|50/100
|
|t:|1759070998
|switch|p2a: Zapdos|Zapdos-Galar, shiny|66/100|[from] U-turn
|-damage|p2a: Zapdos|54/100|[from] Stealth Rock
|
|upkeep
|turn|17
|
|t:|1759071003
|move|p2a: Zapdos|Thunderous Kick|p1a: Heatran
|-supereffective|p1a: Heatran
|-damage|p1a: Heatran|0 fnt
|faint|p1a: Heatran
|
|upkeep
|
|t:|1759071006
|switch|p1a: Tornadus|Tornadus-Therian, M|100/100
|turn|18
|
|t:|1759071012
|switch|p2a: Gholdengo|Gholdengo, shiny|100/100
|-damage|p2a: Gholdengo|94/100|[from] Stealth Rock
|-item|p2a: Gholdengo|Air Balloon
|move|p1a: Tornadus|Bleakwind Storm|p2a: Gholdengo|[miss]
|-miss|p1a: Tornadus|p2a: Gholdengo
|
|upkeep
|turn|19
|
|t:|1759071019
|move|p1a: Tornadus|Heat Wave|p2a: Gholdengo
|-supereffective|p2a: Gholdengo
|-damage|p2a: Gholdengo|39/100
|-enditem|p2a: Gholdengo|Air Balloon
|move|p2a: Gholdengo|Nasty Plot|p2a: Gholdengo
|-boost|p2a: Gholdengo|spa|2
|
|upkeep
|turn|20
|
|t:|1759071023
|move|p1a: Tornadus|Heat Wave|p2a: Gholdengo
|-supereffective|p2a: Gholdengo
|-damage|p2a: Gholdengo|0 fnt
|faint|p2a: Gholdengo
|
|upkeep
|
|t:|1759071031
|switch|p2a: Incineroar|Incineroar, M, shiny|85/100
|-damage|p2a: Incineroar|73/100|[from] Spikes
|-damage|p2a: Incineroar|48/100|[from] Stealth Rock
|-ability|p2a: Incineroar|Intimidate|boost
|-unboost|p1a: Tornadus|atk|1
|turn|21
|
|t:|1759071038
|move|p1a: Tornadus|U-turn|p2a: Incineroar
|-damage|p2a: Incineroar|38/100
|
|t:|1759071041
|switch|p1a: Hatterene|Hatterene, F|9/100 psn|[from] U-turn
|move|p2a: Incineroar|Knock Off|p1a: Hatterene
|-damage|p1a: Hatterene|0 fnt
|-damage|p2a: Incineroar|21/100|[from] item: Rocky Helmet|[of] p1a: Hatterene
|-enditem|p1a: Hatterene|Rocky Helmet|[from] move: Knock Off|[of] p2a: Incineroar
|faint|p1a: Hatterene
|
|upkeep
|
|t:|1759071044
|switch|p1a: Kyurem|Kyurem|100/100
|-ability|p1a: Kyurem|Pressure
|turn|22
|
|t:|1759071046
|move|p1a: Kyurem|Freeze-Dry|p2a: Incineroar
|-resisted|p2a: Incineroar
|-damage|p2a: Incineroar|4/100
|move|p2a: Incineroar|Knock Off|p1a: Kyurem
|-damage|p1a: Kyurem|51/100
|-enditem|p1a: Kyurem|Leftovers|[from] move: Knock Off|[of] p2a: Incineroar
|
|upkeep
|turn|23
|
|t:|1759071050
|move|p1a: Kyurem|Freeze-Dry|p2a: Incineroar
|-resisted|p2a: Incineroar
|-damage|p2a: Incineroar|0 fnt
|faint|p2a: Incineroar
|
|upkeep
|
|t:|1759071053
|switch|p2a: Dragapult|Dragapult, M|100/100
|turn|24
|
|t:|1759071055
|move|p2a: Dragapult|Dragon Darts|p1a: Kyurem
|-supereffective|p1a: Kyurem
|-damage|p1a: Kyurem|5/100
|-anim|p2a: Dragapult|Dragon Darts|p1a: Kyurem
|-supereffective|p1a: Kyurem
|-damage|p1a: Kyurem|0 fnt
|faint|p1a: Kyurem
|
|upkeep
|
|t:|1759071066
|switch|p1a: Tornadus|Tornadus-Therian, M|100/100
|turn|25
|
|t:|1759071083
|move|p2a: Dragapult|U-turn|p1a: Tornadus
|-resisted|p1a: Tornadus
|-damage|p1a: Tornadus|88/100
|
|t:|1759071085
|switch|p2a: Zapdos|Zapdos-Galar, shiny|54/100|[from] U-turn
|-damage|p2a: Zapdos|41/100|[from] Stealth Rock
|move|p1a: Tornadus|Bleakwind Storm|p2a: Zapdos
|-supereffective|p2a: Zapdos
|-damage|p2a: Zapdos|0 fnt
|faint|p2a: Zapdos
|
|upkeep
|
|t:|1759071086
|switch|p2a: Clefairie|Clefable, F, shiny|100/100
|-damage|p2a: Clefairie|88/100|[from] Spikes
|-damage|p2a: Clefairie|76/100|[from] Stealth Rock
|turn|26
|
|t:|1759071096
|move|p1a: Tornadus|Bleakwind Storm|p2a: Clefairie
|-damage|p2a: Clefairie|39/100
|-unboost|p2a: Clefairie|spe|1
|move|p2a: Clefairie|Wish|p2a: Clefairie
|
|-heal|p2a: Clefairie|45/100|[from] item: Leftovers
|upkeep
|turn|27
|
|t:|1759071100
|switch|p1a: Zamazenta|Zamazenta|100/100
|-ability|p1a: Zamazenta|Dauntless Shield|boost
|-boost|p1a: Zamazenta|def|1
|move|p2a: Clefairie|Moonblast|p1a: Zamazenta
|-supereffective|p1a: Zamazenta
|-damage|p1a: Zamazenta|41/100
|-unboost|p1a: Zamazenta|spa|1
|
|-heal|p2a: Clefairie|95/100|[from] move: Wish|[wisher] Clefairie
|-heal|p1a: Zamazenta|47/100|[from] item: Leftovers
|-heal|p2a: Clefairie|100/100|[from] item: Leftovers
|upkeep
|turn|28
|
|t:|1759071108
|-terastallize|p1a: Zamazenta|Electric
|move|p1a: Zamazenta|Heavy Slam|p2a: Clefairie
|-supereffective|p2a: Clefairie
|-damage|p2a: Clefairie|47/100
|move|p2a: Clefairie|Moonblast|p1a: Zamazenta
|-damage|p1a: Zamazenta|18/100
|
|-heal|p1a: Zamazenta|24/100|[from] item: Leftovers
|-heal|p2a: Clefairie|53/100|[from] item: Leftovers
|upkeep
|turn|29
|
|t:|1759071114
|move|p2a: Clefairie|Protect|p2a: Clefairie
|-singleturn|p2a: Clefairie|Protect
|move|p1a: Zamazenta|Heavy Slam|p2a: Clefairie
|-activate|p2a: Clefairie|move: Protect
|
|-heal|p1a: Zamazenta|30/100|[from] item: Leftovers
|-heal|p2a: Clefairie|59/100|[from] item: Leftovers
|upkeep
|turn|30
|
|t:|1759071120
|move|p1a: Zamazenta|Heavy Slam|p2a: Clefairie
|-supereffective|p2a: Clefairie
|-damage|p2a: Clefairie|10/100
|move|p2a: Clefairie|Moonblast|p1a: Zamazenta
|-damage|p1a: Zamazenta|0 fnt
|faint|p1a: Zamazenta
|
|-heal|p2a: Clefairie|16/100|[from] item: Leftovers
|upkeep
|
|t:|1759071125
|switch|p1a: Tornadus|Tornadus-Therian, M|100/100
|turn|31
|
|t:|1759071131
|move|p2a: Clefairie|Protect|p2a: Clefairie
|-singleturn|p2a: Clefairie|Protect
|move|p1a: Tornadus|Heat Wave|p2a: Clefairie
|-activate|p2a: Clefairie|move: Protect
|
|-heal|p2a: Clefairie|22/100|[from] item: Leftovers
|upkeep
|turn|32
|
|t:|1759071142
|move|p1a: Tornadus|Bleakwind Storm|p2a: Clefairie
|-damage|p2a: Clefairie|0 fnt
|faint|p2a: Clefairie
|
|upkeep
|
|t:|1759071144
|switch|p2a: Dragapult|Dragapult, M|100/100
|turn|33
|
|t:|1759071147
|-terastallize|p2a: Dragapult|Fairy
|move|p2a: Dragapult|Dragon Darts|p1a: Tornadus
|-damage|p1a: Tornadus|76/100
|-anim|p2a: Dragapult|Dragon Darts|p1a: Tornadus
|-damage|p1a: Tornadus|46/100
|move|p1a: Tornadus|Bleakwind Storm|p2a: Dragapult
|-damage|p2a: Dragapult|41/100
|
|upkeep
|turn|34
|
|t:|1759071155
|move|p2a: Dragapult|Dragon Darts|p1a: Tornadus
|-crit|p1a: Tornadus
|-damage|p1a: Tornadus|9/100
|-anim|p2a: Dragapult|Dragon Darts|p1a: Tornadus
|-damage|p1a: Tornadus|0 fnt
|faint|p1a: Tornadus
|
|win|99steps_stuts
|raw|guyfishing12's rating: 1487 &rarr; <strong>1462</strong><br />(-25 for losing)
|raw|99steps_stuts's rating: 1404 &rarr; <strong>1429</strong><br />(+25 for winning)
|l|☆guyfishing12
|player|p1|
