|j|‽SirPops
|j|☆Stlshockxx
|t:|1759029912
|gametype|singles
|player|p1|SirPops|red|1118
|player|p2|Stlshockxx|265|1141
|gen|9
|tier|[Gen 9] OU
|rated|
|rule|HP Percentage Mod: HP is shown in percentages
|rule|Endless Battle Clause: Forcing endless battles is banned
|rule|Species Clause: Limit one of each Pokémon
|rule|OHKO Clause: OHKO moves are banned
|rule|Evasion Items Clause: Evasion items are banned
|rule|Evasion Moves Clause: Evasion moves are banned
|rule|Evasion Abilities Clause: Evasion abilities are banned
|rule|Sleep Moves Clause: Sleep-inducing moves are banned
|clearpoke
|poke|p1|Charizard, M|
|poke|p1|Pawmot, M|
|poke|p1|Sableye, M|
|poke|p1|Basculin-White-Striped, M|
|poke|p1|Weezing-Galar, M|
|poke|p1|Spoink, F|
|poke|p2|Comfey, M|
|poke|p2|Garganacl, M|
|poke|p2|Haxorus, F|
|poke|p2|Glimmora, M|
|poke|p2|Quaquaval, F|
|poke|p2|Regice|
|teampreview
|j| infopro play392
|
|t:|1759029920
|teamsize|p1|6
|teamsize|p2|6
|start
|switch|p1a: Sableye|Sableye, M, shiny|100/100
|switch|p2a: Garganacl|Garganacl, M|100/100
|turn|1
|
|t:|1759029937
|move|p1a: Sableye|Trick|p2a: Garganacl
|-activate|p1a: Sableye|move: Trick|[of] p2a: Garganacl
|-item|p2a: Garganacl|Sticky Barb|[from] move: Trick
|-item|p1a: Sableye|Leftovers|[from] move: Trick
|move|p2a: Garganacl|Salt Cure|p1a: Sableye
|-damage|p1a: Sableye|81/100
|-start|p1a: Sableye|Salt Cure
|
|-heal|p1a: Sableye|87/100|[from] item: Leftovers
|-damage|p1a: Sableye|74/100|[from] Salt Cure
|-damage|p2a: Garganacl|88/100|[from] item: Sticky Barb
|upkeep
|turn|2
|inactive|Battle timer is ON: inactive players will automatically lose when time's up. (requested by SirPops)
|
|t:|1759029957
|switch|p2a: Regice|Regice|100/100
|move|p1a: Sableye|Metronome|p1a: Sableye
|move|p1a: Sableye|Horn Attack|p2a: Regice|[from] move: Metronome
|-damage|p2a: Regice|90/100
|
|-heal|p1a: Sableye|81/100|[from] item: Leftovers
|-heal|p2a: Regice|96/100|[from] item: Leftovers
|-damage|p1a: Sableye|68/100|[from] Salt Cure
|upkeep
|turn|3
|
|t:|1759029972
|move|p1a: Sableye|Metronome|p1a: Sableye
|move|p1a: Sableye|Super Fang|p2a: Regice|[from] move: Metronome
|-damage|p2a: Regice|48/100
|move|p2a: Regice|Thunderbolt|p1a: Sableye
|-damage|p1a: Sableye|41/100
|
|-heal|p1a: Sableye|47/100|[from] item: Leftovers
|-heal|p2a: Regice|54/100|[from] item: Leftovers
|-damage|p1a: Sableye|34/100|[from] Salt Cure
|upkeep
|turn|4
|
|t:|1759029983
|switch|p1a: Weezing|Weezing-Galar, M|100/100
|move|p2a: Regice|Ice Beam|p1a: Weezing
|-damage|p1a: Weezing|67/100
|
|-heal|p2a: Regice|60/100|[from] item: Leftovers
|upkeep
|turn|5
|
|t:|1759029991
|move|p1a: Weezing|Toxic|p2a: Regice
|-status|p2a: Regice|tox
|move|p2a: Regice|Ice Beam|p1a: Weezing
|-crit|p1a: Weezing
|-damage|p1a: Weezing|14/100
|-enditem|p1a: Weezing|Sitrus Berry|[eat]
|-heal|p1a: Weezing|39/100|[from] item: Sitrus Berry
|
|-heal|p2a: Regice|66/100 tox|[from] item: Leftovers
|-damage|p2a: Regice|60/100 tox|[from] psn
|upkeep
|turn|6
|
|t:|1759030002
|move|p1a: Weezing|Venoshock|p2a: Regice
|-damage|p2a: Regice|36/100 tox
|move|p2a: Regice|Ice Beam|p1a: Weezing
|-damage|p1a: Weezing|6/100
|
|-heal|p2a: Regice|42/100 tox|[from] item: Leftovers
|-damage|p2a: Regice|30/100 tox|[from] psn
|upkeep
|turn|7
|
|t:|1759030012
|move|p1a: Weezing|Venoshock|p2a: Regice
|-damage|p2a: Regice|7/100 tox
|move|p2a: Regice|Ice Beam|p1a: Weezing
|-damage|p1a: Weezing|0 fnt
|faint|p1a: Weezing
|
|-heal|p2a: Regice|13/100 tox|[from] item: Leftovers
|-damage|p2a: Regice|0 fnt|[from] psn
|faint|p2a: Regice
|upkeep
|
|t:|1759030025
|switch|p1a: Charizard|Charizard, M, shiny|100/100
|switch|p2a: Glimmora|Glimmora, M|100/100
|turn|8
|
|t:|1759030031
|move|p1a: Charizard|Substitute|p1a: Charizard
|-start|p1a: Charizard|Substitute
|-damage|p1a: Charizard|76/100
|move|p2a: Glimmora|Power Gem|p1a: Charizard
|-supereffective|p1a: Charizard
|-end|p1a: Charizard|Substitute
|
|upkeep
|turn|9
|
|t:|1759030048
|-terastallize|p1a: Charizard|Ground
|move|p1a: Charizard|Substitute|p1a: Charizard
|-start|p1a: Charizard|Substitute
|-damage|p1a: Charizard|51/100
|move|p2a: Glimmora|Power Gem|p1a: Charizard
|-resisted|p1a: Charizard
|-end|p1a: Charizard|Substitute
|
|upkeep
|turn|10
|
|t:|1759030059
|move|p1a: Charizard|Scorching Sands|p2a: Glimmora
|-supereffective|p2a: Glimmora
|-enditem|p2a: Glimmora|Focus Sash
|-damage|p2a: Glimmora|1/100
|-status|p2a: Glimmora|brn
|move|p2a: Glimmora|Power Gem|p1a: Charizard
|-resisted|p1a: Charizard
|-damage|p1a: Charizard|22/100
|
|-damage|p2a: Glimmora|0 fnt|[from] brn
|faint|p2a: Glimmora
|upkeep
|
|t:|1759030074
|switch|p2a: Comfey|Comfey, M|100/100
|turn|11
|
|t:|1759030086
|move|p2a: Comfey|Giga Drain|p1a: Charizard
|-supereffective|p1a: Charizard
|-damage|p1a: Charizard|0 fnt
|faint|p1a: Charizard
|-damage|p2a: Comfey|91/100|[from] item: Life Orb
|
|upkeep
|
|t:|1759030092
|switch|p1a: Spoink|Spoink, F, shiny|100/100
|turn|12
|
|t:|1759030097
|switch|p2a: Garganacl|Garganacl, M|88/100
|move|p1a: Spoink|Mirror Coat||[still]
|-fail|p1a: Spoink
|
|-damage|p2a: Garganacl|76/100|[from] item: Sticky Barb
|upkeep
|turn|13
|
|t:|1759030105
|switch|p1a: Sableye|Sableye, M, shiny|34/100
|move|p2a: Garganacl|Salt Cure|p1a: Sableye
|-damage|p1a: Sableye|15/100
|-start|p1a: Sableye|Salt Cure
|
|-heal|p1a: Sableye|22/100|[from] item: Leftovers
|-damage|p1a: Sableye|9/100|[from] Salt Cure
|-damage|p2a: Garganacl|64/100|[from] item: Sticky Barb
|upkeep
|turn|14
|l| infopro play392
|
|t:|1759030121
|switch|p2a: Comfey|Comfey, M|91/100
|move|p1a: Sableye|Metronome|p1a: Sableye
|move|p1a: Sableye|Weather Ball|p2a: Comfey|[from] move: Metronome
|-damage|p2a: Comfey|83/100
|
|-heal|p1a: Sableye|15/100|[from] item: Leftovers
|-damage|p1a: Sableye|3/100|[from] Salt Cure
|upkeep
|turn|15
|
|t:|1759030132
|move|p2a: Comfey|Draining Kiss|p1a: Sableye
|-supereffective|p1a: Sableye
|-damage|p1a: Sableye|0 fnt
|-heal|p2a: Comfey|85/100|[from] drain|[of] p1a: Sableye
|faint|p1a: Sableye
|-damage|p2a: Comfey|75/100|[from] item: Life Orb
|
|upkeep
|
|t:|1759030152
|switch|p1a: Spoink|Spoink, F, shiny|100/100
|turn|16
|
|t:|1759030160
|switch|p2a: Garganacl|Garganacl, M|64/100
|move|p1a: Spoink|Thunder Wave|p2a: Garganacl
|-immune|p2a: Garganacl|[from] ability: Purifying Salt
|
|-damage|p2a: Garganacl|51/100|[from] item: Sticky Barb
|upkeep
|turn|17
|
|t:|1759030170
|move|p1a: Spoink|Night Shade|p2a: Garganacl
|-damage|p2a: Garganacl|22/100
|move|p2a: Garganacl|Recover|p2a: Garganacl
|-heal|p2a: Garganacl|72/100
|
|-damage|p2a: Garganacl|60/100|[from] item: Sticky Barb
|upkeep
|turn|18
|
|t:|1759030179
|move|p1a: Spoink|Night Shade|p2a: Garganacl
|-damage|p2a: Garganacl|31/100
|move|p2a: Garganacl|Salt Cure|p1a: Spoink
|-damage|p1a: Spoink|70/100
|-start|p1a: Spoink|Salt Cure
|
|-damage|p1a: Spoink|57/100|[from] Salt Cure
|-damage|p2a: Garganacl|18/100|[from] item: Sticky Barb
|upkeep
|turn|19
|
|t:|1759030188
|move|p1a: Spoink|Night Shade|p2a: Garganacl
|-damage|p2a: Garganacl|0 fnt
|faint|p2a: Garganacl
|
|-damage|p1a: Spoink|45/100|[from] Salt Cure
|upkeep
|
|t:|1759030197
|switch|p2a: Quaquaval|Quaquaval, F|100/100
|turn|20
|
|t:|1759030213
|move|p1a: Spoink|Thunder Wave|p2a: Quaquaval
|-status|p2a: Quaquaval|par
|move|p2a: Quaquaval|Aqua Step|p1a: Spoink
|-damage|p1a: Spoink|0 fnt
|-boost|p2a: Quaquaval|spe|1
|faint|p1a: Spoink
|-ability|p2a: Quaquaval|Moxie|boost
|-boost|p2a: Quaquaval|atk|1
|
|upkeep
|
|t:|1759030216
|switch|p1a: Pawmot|Pawmot, M|100/100
|turn|21
|
|t:|1759030226
|move|p1a: Pawmot|Thunder Punch|p2a: Quaquaval
|-supereffective|p2a: Quaquaval
|-damage|p2a: Quaquaval|4/100 par
|cant|p2a: Quaquaval|par
|
|-heal|p2a: Quaquaval|10/100 par|[from] item: Leftovers
|upkeep
|turn|22
|
|t:|1759030234
|move|p1a: Pawmot|Thunder Punch|p2a: Quaquaval
|-supereffective|p2a: Quaquaval
|-damage|p2a: Quaquaval|0 fnt
|faint|p2a: Quaquaval
|
|upkeep
|
|t:|1759030240
|switch|p2a: Haxorus|Haxorus, F|100/100
|turn|23
|inactive|SirPops has 120 seconds left.
|inactive|SirPops has 90 seconds left.
|
|t:|1759030301
|move|p1a: Pawmot|Ice Punch|p2a: Haxorus
|-supereffective|p2a: Haxorus
|-damage|p2a: Haxorus|37/100
|move|p2a: Haxorus|Scale Shot|p1a: Pawmot
|-damage|p1a: Pawmot|82/100
|-damage|p1a: Pawmot|62/100
|-damage|p1a: Pawmot|41/100
|-damage|p1a: Pawmot|23/100
|-hitcount|p1a: Pawmot|4
|-unboost|p2a: Haxorus|def|1
|-boost|p2a: Haxorus|spe|1
|
|upkeep
|turn|24
|
|t:|1759030314
|move|p1a: Pawmot|Mach Punch|p2a: Haxorus
|-damage|p2a: Haxorus|0 fnt
|faint|p2a: Haxorus
|
|upkeep
|
|t:|1759030320
|switch|p2a: Comfey|Comfey, M|75/100
|turn|25
|
|t:|1759030341
|-terastallize|p2a: Comfey|Steel
|move|p1a: Pawmot|Thunder Punch|p2a: Comfey
|-damage|p2a: Comfey|3/100
|move|p2a: Comfey|Calm Mind|p2a: Comfey
|-boost|p2a: Comfey|spa|1
|-boost|p2a: Comfey|spd|1
|
|upkeep
|turn|26
|
|t:|1759030350
|move|p2a: Comfey|Draining Kiss|p1a: Pawmot
|-supereffective|p1a: Pawmot
|-damage|p1a: Pawmot|0 fnt
|-heal|p2a: Comfey|23/100|[from] drain|[of] p1a: Pawmot
|faint|p1a: Pawmot
|-damage|p2a: Comfey|13/100|[from] item: Life Orb
|
|upkeep
|
|t:|1759030357
|switch|p1a: Basculin|Basculin-White-Striped, M|100/100
|turn|27
|
|t:|1759030362
|move|p2a: Comfey|Giga Drain|p1a: Basculin
|-supereffective|p1a: Basculin
|-enditem|p1a: Basculin|Focus Sash
|-damage|p1a: Basculin|1/100
|-heal|p2a: Comfey|84/100|[from] drain|[of] p1a: Basculin
|-damage|p2a: Comfey|74/100|[from] item: Life Orb
|move|p1a: Basculin|Waterfall|p2a: Comfey
|-damage|p2a: Comfey|0 fnt
|faint|p2a: Comfey
|
|win|SirPops
|raw|SirPops's rating: 1065 &rarr; <strong>1102</strong><br />(+37 for winning)
|raw|Stlshockxx's rating: 1141 &rarr; <strong>1111</strong><br />(-30 for losing)
|l|☆Stlshockxx
|player|p2|
|l|‽SirPops
|player|p1|
