|j|☆Night230906
|j|☆constant sorrow
|t:|1758984979
|gametype|singles
|player|p1|Night230906|oak-gen1rb|1271
|player|p2|constant sorrow|iris-gen5bw2|1233
|gen|9
|tier|[Gen 9] OU
|rated|
|rule|HP Percentage Mod: HP is shown in percentages
|rule|Endless Battle Clause: Forcing endless battles is banned
|rule|Species Clause: Limit one of each Pokémon
|rule|OHKO Clause: OHKO moves are banned
|rule|Evasion Items Clause: Evasion items are banned
|rule|Evasion Moves Clause: Evasion moves are banned
|rule|Evasion Abilities Clause: Evasion abilities are banned
|rule|Sleep Moves Clause: Sleep-inducing moves are banned
|clearpoke
|poke|p1|Zamazenta-*|
|poke|p1|Ninetales-Alola, M|
|poke|p1|Darkrai|
|poke|p1|Ceruledge, M|
|poke|p1|Gliscor, M|
|poke|p1|Hatterene, F|
|poke|p2|Forretress, M|
|poke|p2|Dugtrio, F|
|poke|p2|Tyranitar, F|
|poke|p2|Scizor, M|
|poke|p2|Zapdos|
|poke|p2|Iron Crown|
|teampreview
|inactive|Battle timer is ON: inactive players will automatically lose when time's up. (requested by Night230906)
|
|t:|1758985002
|teamsize|p1|6
|teamsize|p2|6
|start
|switch|p1a: Ceruledge|Ceruledge, M|100/100
|switch|p2a: Iron Crown|Iron Crown|100/100
|-enditem|p2a: Iron Crown|Booster Energy
|-activate|p2a: Iron Crown|ability: Quark Drive|[fromitem]
|-start|p2a: Iron Crown|quarkdrivespa
|turn|1
|
|t:|1758985010
|-terastallize|p2a: Iron Crown|Fighting
|move|p2a: Iron Crown|Agility|p2a: Iron Crown
|-boost|p2a: Iron Crown|spe|2
|move|p1a: Ceruledge|Bulk Up|p1a: Ceruledge
|-boost|p1a: Ceruledge|atk|1
|-boost|p1a: Ceruledge|def|1
|
|upkeep
|turn|2
|
|t:|1758985017
|move|p1a: Ceruledge|Shadow Sneak|p2a: Iron Crown
|-damage|p2a: Iron Crown|72/100
|move|p2a: Iron Crown|Tachyon Cutter|p1a: Ceruledge
|-resisted|p1a: Ceruledge
|-damage|p1a: Ceruledge|87/100
|-resisted|p1a: Ceruledge
|-damage|p1a: Ceruledge|74/100
|-hitcount|p1a: Ceruledge|2
|
|upkeep
|turn|3
|
|t:|1758985027
|move|p2a: Iron Crown|Calm Mind|p2a: Iron Crown
|-boost|p2a: Iron Crown|spa|1
|-boost|p2a: Iron Crown|spd|1
|move|p1a: Ceruledge|Bitter Blade|p2a: Iron Crown
|-damage|p2a: Iron Crown|15/100
|-heal|p1a: Ceruledge|99/100|[from] drain|[of] p2a: Iron Crown
|
|upkeep
|turn|4
|
|t:|1758985029
|move|p1a: Ceruledge|Shadow Sneak|p2a: Iron Crown
|-damage|p2a: Iron Crown|0 fnt
|faint|p2a: Iron Crown
|-end|p2a: Iron Crown|Quark Drive|[silent]
|
|upkeep
|
|t:|1758985031
|switch|p2a: Tyranitar|Tyranitar, F|100/100
|-weather|Sandstorm|[from] ability: Sand Stream|[of] p2a: Tyranitar
|turn|5
|
|t:|1758985037
|move|p1a: Ceruledge|Taunt|p2a: Tyranitar
|-start|p2a: Tyranitar|move: Taunt
|move|p2a: Tyranitar|Power Gem|p1a: Ceruledge
|-supereffective|p1a: Ceruledge
|-damage|p1a: Ceruledge|60/100
|
|-weather|Sandstorm|[upkeep]
|-damage|p1a: Ceruledge|53/100|[from] Sandstorm
|upkeep
|turn|6
|
|t:|1758985046
|switch|p1a: Zamazenta|Zamazenta|100/100
|-ability|p1a: Zamazenta|Dauntless Shield|boost
|-boost|p1a: Zamazenta|def|1
|move|p2a: Tyranitar|Dark Pulse|p1a: Zamazenta
|-resisted|p1a: Zamazenta
|-damage|p1a: Zamazenta|88/100
|
|-weather|Sandstorm|[upkeep]
|-damage|p1a: Zamazenta|82/100|[from] Sandstorm
|upkeep
|turn|7
|
|t:|1758985053
|switch|p2a: Zapdos|Zapdos|100/100
|move|p1a: Zamazenta|Iron Defense|p1a: Zamazenta
|-boost|p1a: Zamazenta|def|2
|
|-weather|Sandstorm|[upkeep]
|-damage|p1a: Zamazenta|76/100|[from] Sandstorm
|-damage|p2a: Zapdos|94/100|[from] Sandstorm
|upkeep
|turn|8
|
|t:|1758985057
|move|p1a: Zamazenta|Crunch|p2a: Zapdos
|-damage|p2a: Zapdos|77/100
|move|p2a: Zapdos|Discharge|p1a: Zamazenta
|-damage|p1a: Zamazenta|47/100
|
|-weather|Sandstorm|[upkeep]
|-damage|p1a: Zamazenta|40/100|[from] Sandstorm
|-damage|p2a: Zapdos|71/100|[from] Sandstorm
|upkeep
|turn|9
|
|t:|1758985063
|move|p1a: Zamazenta|Rest|p1a: Zamazenta
|-status|p1a: Zamazenta|slp|[from] move: Rest
|-heal|p1a: Zamazenta|100/100 slp|[silent]
|-enditem|p1a: Zamazenta|Chesto Berry|[eat]
|-curestatus|p1a: Zamazenta|slp|[msg]
|move|p2a: Zapdos|Roost|p2a: Zapdos
|-heal|p2a: Zapdos|100/100
|-singleturn|p2a: Zapdos|move: Roost
|
|-weather|Sandstorm|[upkeep]
|-damage|p1a: Zamazenta|94/100|[from] Sandstorm
|-damage|p2a: Zapdos|94/100|[from] Sandstorm
|upkeep
|turn|10
|
|t:|1758985066
|move|p1a: Zamazenta|Body Press|p2a: Zapdos
|-resisted|p2a: Zapdos
|-damage|p2a: Zapdos|64/100
|move|p2a: Zapdos|Discharge|p1a: Zamazenta
|-damage|p1a: Zamazenta|65/100
|
|-weather|Sandstorm|[upkeep]
|-damage|p1a: Zamazenta|59/100|[from] Sandstorm
|-damage|p2a: Zapdos|58/100|[from] Sandstorm
|upkeep
|turn|11
|
|t:|1758985073
|move|p1a: Zamazenta|Iron Defense|p1a: Zamazenta
|-boost|p1a: Zamazenta|def|2
|move|p2a: Zapdos|Roost|p2a: Zapdos
|-heal|p2a: Zapdos|100/100
|-singleturn|p2a: Zapdos|move: Roost
|
|-weather|Sandstorm|[upkeep]
|-damage|p1a: Zamazenta|53/100|[from] Sandstorm
|-damage|p2a: Zapdos|94/100|[from] Sandstorm
|upkeep
|turn|12
|
|t:|1758985076
|move|p1a: Zamazenta|Body Press|p2a: Zapdos
|-resisted|p2a: Zapdos
|-damage|p2a: Zapdos|51/100
|move|p2a: Zapdos|Discharge|p1a: Zamazenta
|-damage|p1a: Zamazenta|20/100
|
|-weather|none
|upkeep
|turn|13
|
|t:|1758985083
|move|p1a: Zamazenta|Body Press|p2a: Zapdos
|-resisted|p2a: Zapdos
|-damage|p2a: Zapdos|8/100
|move|p2a: Zapdos|Roost|p2a: Zapdos
|-heal|p2a: Zapdos|58/100
|-singleturn|p2a: Zapdos|move: Roost
|
|upkeep
|turn|14
|
|t:|1758985086
|move|p1a: Zamazenta|Body Press|p2a: Zapdos
|-resisted|p2a: Zapdos
|-damage|p2a: Zapdos|17/100
|-status|p1a: Zamazenta|par|[from] ability: Static|[of] p2a: Zapdos
|move|p2a: Zapdos|Roost|p2a: Zapdos
|-heal|p2a: Zapdos|67/100
|-singleturn|p2a: Zapdos|move: Roost
|
|upkeep
|turn|15
|
|t:|1758985090
|move|p2a: Zapdos|Discharge|p1a: Zamazenta
|-damage|p1a: Zamazenta|0 fnt
|faint|p1a: Zamazenta
|
|upkeep
|
|t:|1758985093
|switch|p1a: Ninetales|Ninetales-Alola, M|100/100
|-weather|Snowscape|[from] ability: Snow Warning|[of] p1a: Ninetales
|turn|16
|
|t:|1758985097
|move|p1a: Ninetales|Aurora Veil|p1a: Ninetales
|-sidestart|p1: Night230906|move: Aurora Veil
|move|p2a: Zapdos|Discharge|p1a: Ninetales
|-damage|p1a: Ninetales|84/100
|
|-weather|Snowscape|[upkeep]
|upkeep
|turn|17
|
|t:|1758985102
|move|p1a: Ninetales|Freeze-Dry|p2a: Zapdos
|-supereffective|p2a: Zapdos
|-damage|p2a: Zapdos|31/100
|move|p2a: Zapdos|U-turn|p1a: Ninetales
|-resisted|p1a: Ninetales
|-damage|p1a: Ninetales|81/100
|
|t:|1758985108
|switch|p2a: Forretress|Forretress, M|100/100|[from] U-turn
|
|-weather|Snowscape|[upkeep]
|upkeep
|turn|18
|
|t:|1758985116
|switch|p1a: Ceruledge|Ceruledge, M|53/100
|move|p2a: Forretress|Body Press|p1a: Ceruledge
|-immune|p1a: Ceruledge
|
|-weather|Snowscape|[upkeep]
|upkeep
|turn|19
|
|t:|1758985121
|move|p1a: Ceruledge|Bulk Up|p1a: Ceruledge
|-boost|p1a: Ceruledge|atk|1
|-boost|p1a: Ceruledge|def|1
|move|p2a: Forretress|Thunder Wave|p1a: Ceruledge
|-status|p1a: Ceruledge|par
|
|-weather|Snowscape|[upkeep]
|upkeep
|turn|20
|
|t:|1758985125
|switch|p2a: Tyranitar|Tyranitar, F|100/100
|-weather|Sandstorm|[from] ability: Sand Stream|[of] p2a: Tyranitar
|move|p1a: Ceruledge|Bitter Blade|p2a: Tyranitar
|-resisted|p2a: Tyranitar
|-crit|p2a: Tyranitar
|-damage|p2a: Tyranitar|65/100
|-heal|p1a: Ceruledge|74/100 par|[from] drain|[of] p2a: Tyranitar
|
|-weather|Sandstorm|[upkeep]
|-damage|p1a: Ceruledge|67/100 par|[from] Sandstorm
|upkeep
|turn|21
|
|t:|1758985133
|switch|p1a: Gliscor|Gliscor, M|100/100
|move|p2a: Tyranitar|Dark Pulse|p1a: Gliscor
|-damage|p1a: Gliscor|88/100
|
|-weather|Sandstorm|[upkeep]
|-status|p1a: Gliscor|tox|[from] item: Toxic Orb
|upkeep
|turn|22
|
|t:|1758985144
|move|p1a: Gliscor|Swords Dance|p1a: Gliscor
|-boost|p1a: Gliscor|atk|2
|move|p2a: Tyranitar|Ice Beam|p1a: Gliscor
|-supereffective|p1a: Gliscor
|-damage|p1a: Gliscor|48/100 tox
|
|-weather|Sandstorm|[upkeep]
|-heal|p1a: Gliscor|60/100 tox|[from] ability: Poison Heal
|upkeep
|turn|23
|
|t:|1758985150
|switch|p2a: Zapdos|Zapdos|31/100
|move|p1a: Gliscor|Earthquake|p2a: Zapdos
|-immune|p2a: Zapdos
|
|-weather|Sandstorm|[upkeep]
|-damage|p2a: Zapdos|25/100|[from] Sandstorm
|-heal|p1a: Gliscor|73/100 tox|[from] ability: Poison Heal
|-sideend|p1: Night230906|move: Aurora Veil
|upkeep
|turn|24
|
|t:|1758985152
|move|p1a: Gliscor|Facade|p2a: Zapdos
|-damage|p2a: Zapdos|0 fnt
|faint|p2a: Zapdos
|
|-weather|Sandstorm|[upkeep]
|-heal|p1a: Gliscor|85/100 tox|[from] ability: Poison Heal
|upkeep
|
|t:|1758985157
|switch|p2a: Scizor|Scizor, M|100/100
|turn|25
|
|t:|1758985162
|move|p1a: Gliscor|Earthquake|p2a: Scizor
|-damage|p2a: Scizor|50/100
|move|p2a: Scizor|Curse|p2a: Scizor
|-unboost|p2a: Scizor|spe|1
|-boost|p2a: Scizor|atk|1
|-boost|p2a: Scizor|def|1
|
|-weather|Sandstorm|[upkeep]
|-heal|p2a: Scizor|57/100|[from] item: Leftovers
|-heal|p1a: Gliscor|98/100 tox|[from] ability: Poison Heal
|upkeep
|turn|26
|
|t:|1758985170
|move|p1a: Gliscor|Earthquake|p2a: Scizor
|-damage|p2a: Scizor|27/100
|move|p2a: Scizor|Knock Off|p1a: Gliscor
|-damage|p1a: Gliscor|65/100 tox
|-enditem|p1a: Gliscor|Toxic Orb|[from] move: Knock Off|[of] p2a: Scizor
|
|-weather|Sandstorm|[upkeep]
|-heal|p2a: Scizor|33/100|[from] item: Leftovers
|-heal|p1a: Gliscor|77/100 tox|[from] ability: Poison Heal
|upkeep
|turn|27
|
|t:|1758985173
|move|p1a: Gliscor|Earthquake|p2a: Scizor
|-damage|p2a: Scizor|2/100
|move|p2a: Scizor|Curse|p2a: Scizor
|-unboost|p2a: Scizor|spe|1
|-boost|p2a: Scizor|atk|1
|-boost|p2a: Scizor|def|1
|
|-weather|none
|-heal|p2a: Scizor|8/100|[from] item: Leftovers
|-heal|p1a: Gliscor|90/100 tox|[from] ability: Poison Heal
|upkeep
|turn|28
|
|t:|1758985176
|move|p2a: Scizor|Bullet Punch|p1a: Gliscor
|-damage|p1a: Gliscor|52/100 tox
|move|p1a: Gliscor|Earthquake|p2a: Scizor
|-damage|p2a: Scizor|0 fnt
|faint|p2a: Scizor
|
|-heal|p1a: Gliscor|65/100 tox|[from] ability: Poison Heal
|upkeep
|
|t:|1758985181
|switch|p2a: Tyranitar|Tyranitar, F|65/100
|-weather|Sandstorm|[from] ability: Sand Stream|[of] p2a: Tyranitar
|turn|29
|
|t:|1758985186
|move|p1a: Gliscor|Earthquake|p2a: Tyranitar
|-supereffective|p2a: Tyranitar
|-damage|p2a: Tyranitar|0 fnt
|faint|p2a: Tyranitar
|
|-weather|Sandstorm|[upkeep]
|-heal|p1a: Gliscor|77/100 tox|[from] ability: Poison Heal
|upkeep
|
|t:|1758985188
|switch|p2a: Dugtrio|Dugtrio, F|100/100
|turn|30
|
|t:|1758985201
|move|p2a: Dugtrio|Swords Dance|p2a: Dugtrio
|-boost|p2a: Dugtrio|atk|2
|move|p1a: Gliscor|Earthquake|p2a: Dugtrio
|-enditem|p2a: Dugtrio|Focus Sash
|-damage|p2a: Dugtrio|1/100
|
|-weather|Sandstorm|[upkeep]
|-heal|p1a: Gliscor|90/100 tox|[from] ability: Poison Heal
|upkeep
|turn|31
|
|t:|1758985207
|move|p2a: Dugtrio|Stone Edge|p1a: Gliscor
|-damage|p1a: Gliscor|33/100 tox
|move|p1a: Gliscor|Earthquake|p2a: Dugtrio
|-damage|p2a: Dugtrio|0 fnt
|faint|p2a: Dugtrio
|
|-weather|Sandstorm|[upkeep]
|-heal|p1a: Gliscor|45/100 tox|[from] ability: Poison Heal
|upkeep
|-message|constant sorrow forfeited.
|
|win|Night230906
|raw|Night230906's rating: 1271 &rarr; <strong>1293</strong><br />(+22 for winning)
|raw|constant sorrow's rating: 1233 &rarr; <strong>1211</strong><br />(-22 for losing)
|l|☆constant sorrow
|player|p2|
|l|☆Night230906
|player|p1|
