|j|☆isochrysis
|j|☆LousiV
|t:|1759005740
|gametype|singles
|player|p1|isochrysis|psychic-gen4|1139
|player|p2|LousiV|266|1100
|gen|9
|tier|[Gen 9] OU
|rated|
|rule|HP Percentage Mod: HP is shown in percentages
|rule|Endless Battle Clause: Forcing endless battles is banned
|rule|Species Clause: Limit one of each Pokémon
|rule|OHKO Clause: OHKO moves are banned
|rule|Evasion Items Clause: Evasion items are banned
|rule|Evasion Moves Clause: Evasion moves are banned
|rule|Evasion Abilities Clause: Evasion abilities are banned
|rule|Sleep Moves Clause: Sleep-inducing moves are banned
|clearpoke
|poke|p1|Thundurus, M|
|poke|p1|Weavile, M|
|poke|p1|Gyarados, F|
|poke|p1|Jirachi|
|poke|p1|Pecharunt|
|poke|p1|Garchomp, M|
|poke|p2|Weavile, M|
|poke|p2|Ariados, F|
|poke|p2|Alomomola, M|
|poke|p2|Forretress, M|
|poke|p2|Porygon-Z|
|poke|p2|Lucario, M|
|teampreview
|inactive|Battle timer is ON: inactive players will automatically lose when time's up. (requested by LousiV)
|
|t:|1759005748
|teamsize|p1|6
|teamsize|p2|6
|start
|switch|p1a: Garchomp|Garchomp, M|100/100
|switch|p2a: Ariados|Ariados, F|100/100
|turn|1
|
|t:|1759005759
|move|p1a: Garchomp|Swords Dance|p1a: Garchomp
|-boost|p1a: Garchomp|atk|2
|move|p2a: Ariados|Agility|p2a: Ariados
|-boost|p2a: Ariados|spe|2
|
|upkeep
|turn|2
|
|t:|1759005765
|move|p2a: Ariados|Focus Energy|p2a: Ariados
|-start|p2a: Ariados|move: Focus Energy
|move|p1a: Garchomp|Earthquake|p2a: Ariados
|-crit|p2a: Ariados
|-damage|p2a: Ariados|0 fnt
|faint|p2a: Ariados
|
|upkeep
|
|t:|1759005769
|switch|p2a: Weavile|Weavile, M|100/100
|-ability|p2a: Weavile|Pressure
|turn|3
|
|t:|1759005775
|-terastallize|p1a: Garchomp|Poison
|move|p2a: Weavile|Icicle Spear|p1a: Garchomp
|-damage|p1a: Garchomp|88/100
|-damage|p1a: Garchomp|76/100
|-damage|p1a: Garchomp|64/100
|-damage|p1a: Garchomp|50/100
|-hitcount|p1a: Garchomp|4
|move|p1a: Garchomp|Stealth Rock|p2a: Weavile
|-sidestart|p2: LousiV|move: Stealth Rock
|
|upkeep
|turn|4
|
|t:|1759005785
|move|p2a: Weavile|Icicle Spear|p1a: Garchomp
|-damage|p1a: Garchomp|38/100
|-damage|p1a: Garchomp|26/100
|-damage|p1a: Garchomp|12/100
|-damage|p1a: Garchomp|0 fnt
|faint|p1a: Garchomp
|-hitcount|p1: Garchomp|4
|
|upkeep
|
|t:|1759005792
|switch|p1a: Jirachi|Jirachi|100/100
|turn|5
|
|t:|1759005796
|move|p1a: Jirachi|Iron Head|p2a: Weavile
|-supereffective|p2a: Weavile
|-damage|p2a: Weavile|0 fnt
|faint|p2a: Weavile
|
|upkeep
|
|t:|1759005799
|switch|p2a: Forretress|Forretress, M|100/100
|-damage|p2a: Forretress|88/100|[from] Stealth Rock
|turn|6
|
|t:|1759005803
|switch|p1a: Thundurus|Thundurus, M|100/100
|move|p2a: Forretress|Rapid Spin|p1a: Thundurus
|-damage|p1a: Thundurus|88/100
|-boost|p2a: Forretress|spe|1
|-sideend|p2: LousiV|Stealth Rock|[from] move: Rapid Spin|[of] p2a: Forretress
|
|-heal|p2a: Forretress|94/100|[from] item: Leftovers
|upkeep
|turn|7
|
|t:|1759005811
|move|p1a: Thundurus|Thunder Wave|p2a: Forretress
|-status|p2a: Forretress|par
|move|p2a: Forretress|Stealth Rock|p1a: Thundurus
|-sidestart|p1: isochrysis|move: Stealth Rock
|
|-heal|p2a: Forretress|100/100 par|[from] item: Leftovers
|upkeep
|turn|8
|
|t:|1759005817
|move|p1a: Thundurus|Thunderbolt|p2a: Forretress
|-damage|p2a: Forretress|33/100 par
|-damage|p1a: Thundurus|78/100|[from] item: Life Orb
|move|p2a: Forretress|Volt Switch|p1a: Thundurus
|-damage|p1a: Thundurus|70/100
|
|t:|1759005829
|switch|p2a: Porygon-Z|Porygon-Z|100/100|[from] Volt Switch
|-ability|p2a: Porygon-Z|Download|boost
|-boost|p2a: Porygon-Z|atk|1
|
|upkeep
|turn|9
|
|t:|1759005834
|-terastallize|p2a: Porygon-Z|Ground
|move|p1a: Thundurus|Thunder Wave|p2a: Porygon-Z
|-immune|p2a: Porygon-Z
|move|p2a: Porygon-Z|Ice Beam|p1a: Thundurus
|-supereffective|p1a: Thundurus
|-damage|p1a: Thundurus|14/100
|
|upkeep
|turn|10
|
|t:|1759005849
|move|p1a: Thundurus|Taunt|p2a: Porygon-Z
|-start|p2a: Porygon-Z|move: Taunt
|move|p2a: Porygon-Z|Thunderbolt|p1a: Thundurus
|-damage|p1a: Thundurus|0 fnt
|faint|p1a: Thundurus
|
|upkeep
|
|t:|1759005856
|switch|p1a: Jirachi|Jirachi|100/100
|-damage|p1a: Jirachi|94/100|[from] Stealth Rock
|turn|11
|
|t:|1759005862
|switch|p2a: Forretress|Forretress, M|33/100 par
|move|p1a: Jirachi|Iron Head|p2a: Forretress
|-resisted|p2a: Forretress
|-damage|p2a: Forretress|24/100 par
|
|-heal|p2a: Forretress|30/100 par|[from] item: Leftovers
|upkeep
|turn|12
|
|t:|1759005871
|switch|p1a: Pecharunt|Pecharunt|100/100
|-damage|p1a: Pecharunt|88/100|[from] Stealth Rock
|move|p2a: Forretress|Body Press|p1a: Pecharunt
|-immune|p1a: Pecharunt
|
|-heal|p2a: Forretress|36/100 par|[from] item: Leftovers
|upkeep
|turn|13
|
|t:|1759005884
|switch|p1a: Jirachi|Jirachi|94/100
|-damage|p1a: Jirachi|88/100|[from] Stealth Rock
|move|p2a: Forretress|Volt Switch|p1a: Jirachi
|-damage|p1a: Jirachi|78/100
|
|t:|1759005891
|switch|p2a: Lucario|Lucario, M|100/100|[from] Volt Switch
|
|upkeep
|turn|14
|
|t:|1759005897
|move|p1a: Jirachi|Zen Headbutt|p2a: Lucario
|-damage|p2a: Lucario|39/100
|move|p2a: Lucario|Dark Pulse|p1a: Jirachi
|-supereffective|p1a: Jirachi
|-damage|p1a: Jirachi|10/100
|-damage|p2a: Lucario|29/100|[from] item: Life Orb
|
|upkeep
|turn|15
|
|t:|1759005903
|move|p2a: Lucario|Vacuum Wave|p1a: Jirachi
|-damage|p1a: Jirachi|0 fnt
|faint|p1a: Jirachi
|-damage|p2a: Lucario|19/100|[from] item: Life Orb
|
|upkeep
|
|t:|1759005910
|switch|p1a: Gyarados|Gyarados, F|100/100
|-damage|p1a: Gyarados|76/100|[from] Stealth Rock
|-ability|p1a: Gyarados|Intimidate|boost
|-fail|p2a: Lucario|unboost|Attack|[from] ability: Inner Focus|[of] p2a: Lucario
|turn|16
|
|t:|1759005914
|switch|p2a: Forretress|Forretress, M|36/100 par
|move|p1a: Gyarados|Earthquake|p2a: Forretress
|-damage|p2a: Forretress|14/100 par
|
|-heal|p2a: Forretress|20/100 par|[from] item: Leftovers
|upkeep
|turn|17
|
|t:|1759005926
|move|p1a: Gyarados|Earthquake|p2a: Forretress
|-damage|p2a: Forretress|0 fnt
|faint|p2a: Forretress
|
|upkeep
|
|t:|1759005930
|switch|p2a: Porygon-Z|Porygon-Z, tera:Ground|100/100
|-ability|p2a: Porygon-Z|Download|boost
|-boost|p2a: Porygon-Z|atk|1
|turn|18
|
|t:|1759005936
|switch|p1a: Pecharunt|Pecharunt|88/100
|-damage|p1a: Pecharunt|76/100|[from] Stealth Rock
|move|p2a: Porygon-Z|Thunderbolt|p1a: Pecharunt
|-damage|p1a: Pecharunt|43/100
|-status|p1a: Pecharunt|par
|-enditem|p1a: Pecharunt|Red Card|[of] p2a: Porygon-Z
|drag|p2a: Alomomola|Alomomola, M|100/100
|
|upkeep
|turn|19
|
|t:|1759005948
|move|p1a: Pecharunt|Malignant Chain|p2a: Alomomola
|-damage|p2a: Alomomola|77/100
|-status|p2a: Alomomola|tox
|-start|p2a: Alomomola|confusion|[from] ability: Poison Puppeteer|[of] p1a: Pecharunt
|-activate|p2a: Alomomola|confusion
|-damage|p2a: Alomomola|72/100 tox|[from] confusion
|
|-damage|p2a: Alomomola|66/100 tox|[from] psn
|upkeep
|turn|20
|
|t:|1759005968
|switch|p1a: Gyarados|Gyarados, F|76/100
|-damage|p1a: Gyarados|51/100|[from] Stealth Rock
|-ability|p1a: Gyarados|Intimidate|boost
|-unboost|p2a: Alomomola|atk|1
|-activate|p2a: Alomomola|confusion
|move|p2a: Alomomola|Flip Turn|p1a: Gyarados
|-resisted|p1a: Gyarados
|-damage|p1a: Gyarados|44/100
|-enditem|p1a: Gyarados|Red Card|[of] p2a: Alomomola
|drag|p2a: Lucario|Lucario, M|19/100
|
|upkeep
|turn|21
|
|t:|1759005980
|switch|p2a: Alomomola|Alomomola, M|99/100 tox
|move|p1a: Gyarados|Earthquake|p2a: Alomomola
|-damage|p2a: Alomomola|76/100 tox
|
|-damage|p2a: Alomomola|70/100 tox|[from] psn
|upkeep
|turn|22
|
|t:|1759005990
|move|p1a: Gyarados|Dragon Dance|p1a: Gyarados
|-boost|p1a: Gyarados|atk|1
|-boost|p1a: Gyarados|spe|1
|move|p2a: Alomomola|Body Slam|p1a: Gyarados
|-damage|p1a: Gyarados|26/100
|-status|p1a: Gyarados|par
|
|-damage|p2a: Alomomola|58/100 tox|[from] psn
|upkeep
|turn|23
|
|t:|1759006002
|cant|p1a: Gyarados|par
|move|p2a: Alomomola|Flip Turn|p1a: Gyarados
|-resisted|p1a: Gyarados
|-damage|p1a: Gyarados|16/100 par
|
|t:|1759006007
|switch|p2a: Porygon-Z|Porygon-Z, tera:Ground|100/100|[from] Flip Turn
|-ability|p2a: Porygon-Z|Download|boost
|-boost|p2a: Porygon-Z|atk|1
|
|upkeep
|turn|24
|
|t:|1759006011
|move|p2a: Porygon-Z|Thunderbolt|p1a: Gyarados
|-supereffective|p1a: Gyarados
|-damage|p1a: Gyarados|0 fnt
|faint|p1a: Gyarados
|
|upkeep
|
|t:|1759006015
|switch|p1a: Weavile|Weavile, M|100/100
|-damage|p1a: Weavile|76/100|[from] Stealth Rock
|turn|25
|
|t:|1759006017
|switch|p2a: Alomomola|Alomomola, M|91/100 tox
|move|p1a: Weavile|Icicle Crash|p2a: Alomomola
|-resisted|p2a: Alomomola
|-damage|p2a: Alomomola|77/100 tox
|
|-damage|p2a: Alomomola|70/100 tox|[from] psn
|upkeep
|turn|26
|
|t:|1759006022
|move|p1a: Weavile|Knock Off|p2a: Alomomola
|-damage|p2a: Alomomola|40/100 tox
|-enditem|p2a: Alomomola|Assault Vest|[from] move: Knock Off|[of] p1a: Weavile
|move|p2a: Alomomola|Scald|p1a: Weavile
|-damage|p1a: Weavile|63/100
|
|-damage|p2a: Alomomola|28/100 tox|[from] psn
|upkeep
|turn|27
|
|t:|1759006031
|move|p1a: Weavile|Icicle Crash|p2a: Alomomola|[miss]
|-miss|p1a: Weavile|p2a: Alomomola
|move|p2a: Alomomola|Body Slam|p1a: Weavile
|-damage|p1a: Weavile|39/100
|-status|p1a: Weavile|par
|
|-damage|p2a: Alomomola|10/100 tox|[from] psn
|upkeep
|turn|28
|
|t:|1759006034
|move|p1a: Weavile|Icicle Crash|p2a: Alomomola
|-resisted|p2a: Alomomola
|-damage|p2a: Alomomola|0 fnt
|faint|p2a: Alomomola
|
|upkeep
|
|t:|1759006037
|switch|p2a: Lucario|Lucario, M|19/100
|turn|29
|
|t:|1759006042
|move|p2a: Lucario|Nasty Plot|p2a: Lucario
|-boost|p2a: Lucario|spa|2
|move|p1a: Weavile|Icicle Crash|p2a: Lucario
|-resisted|p2a: Lucario
|-damage|p2a: Lucario|0 fnt
|faint|p2a: Lucario
|
|upkeep
|
|t:|1759006046
|switch|p2a: Porygon-Z|Porygon-Z, tera:Ground|100/100
|-ability|p2a: Porygon-Z|Download|boost
|-boost|p2a: Porygon-Z|atk|1
|turn|30
|
|t:|1759006054
|move|p2a: Porygon-Z|Tera Blast|p1a: Weavile|[anim] Tera Blast Ground
|-damage|p1a: Weavile|0 fnt
|faint|p1a: Weavile
|
|upkeep
|
|t:|1759006058
|switch|p1a: Pecharunt|Pecharunt|43/100 par
|-damage|p1a: Pecharunt|31/100 par|[from] Stealth Rock
|turn|31
|
|t:|1759006062
|move|p2a: Porygon-Z|Tera Blast|p1a: Pecharunt|[anim] Tera Blast Ground
|-supereffective|p1a: Pecharunt
|-damage|p1a: Pecharunt|0 fnt
|faint|p1a: Pecharunt
|
|win|LousiV
|raw|isochrysis's rating: 1139 &rarr; <strong>1111</strong><br />(-28 for losing)
|raw|LousiV's rating: 1100 &rarr; <strong>1128</strong><br />(+28 for winning)
|l|☆isochrysis
|player|p1|
|l|☆LousiV
|player|p2|
