|badge|p1|silver|gen9ou|30-6
|html|<div class="broadcast-red"><strong>This battle is required to be public due to one or more player having a season medal.</strong><br />During the public phase, you can discuss the state of the ladder <a href="/seasondiscussion">in a special chatroom.</a></div>
|uhtml|medal-msg|<div class="broadcast-blue">Curious what those medals under the avatar are? PS now has Ladder Seasons! For more information, check out the <a href="https://www.smogon.com/forums/threads/3740067/">thread on Smogon.</a></div>
|badge|p2|bronze|gen9ou|100-6
|uhtml|medal-msg|<div class="broadcast-blue">Curious what those medals under the avatar are? PS now has Ladder Seasons! For more information, check out the <a href="https://www.smogon.com/forums/threads/3740067/">thread on Smogon.</a></div>
|raw|<div class="broadcast-blue"><strong>This battle is required to be public due to a player having a name starting with 'medal'.</div>
|j|☆ShinyLucarioXD
|j|☆Light SV
|t:|1758981742
|gametype|singles
|player|p1|ShinyLucarioXD|riley|1912
|player|p2|Light SV|blue-gen7|1851
|gen|9
|tier|[Gen 9] OU
|rated|
|rule|HP Percentage Mod: HP is shown in percentages
|rule|Endless Battle Clause: Forcing endless battles is banned
|rule|Species Clause: Limit one of each Pokémon
|rule|OHKO Clause: OHKO moves are banned
|rule|Evasion Items Clause: Evasion items are banned
|rule|Evasion Moves Clause: Evasion moves are banned
|rule|Evasion Abilities Clause: Evasion abilities are banned
|rule|Sleep Moves Clause: Sleep-inducing moves are banned
|clearpoke
|poke|p1|Raging Bolt|
|poke|p1|Samurott-Hisui, F|
|poke|p1|Dragonite, F|
|poke|p1|Gholdengo|
|poke|p1|Great Tusk|
|poke|p1|Enamorus, F|
|poke|p2|Kingambit, F|
|poke|p2|Deoxys-Speed|
|poke|p2|Great Tusk|
|poke|p2|Dragonite, F|
|poke|p2|Iron Moth|
|poke|p2|Primarina, F|
|teampreview
|inactive|Battle timer is ON: inactive players will automatically lose when time's up. (requested by Light SV)
|inactive|ShinyLucarioXD also wants the timer to be on.
|j| cryyysneasel
|j| dsvdv
|inactive|Light SV has 120 seconds left.
|
|t:|1758981790
|teamsize|p1|6
|teamsize|p2|6
|start
|switch|p1a: Samurott|Samurott-Hisui, F, shiny|100/100
|switch|p2a: Siren|Primarina, F|100/100
|turn|1
|j| ouww miguel o hara
|inactive|ShinyLucarioXD has 120 seconds left.
|
|t:|1758981823
|switch|p1a: Gholdengo|Gholdengo|100/100
|move|p2a: Siren|Moonblast|p1a: Gholdengo
|-resisted|p1a: Gholdengo
|-damage|p1a: Gholdengo|68/100
|-unboost|p1a: Gholdengo|spa|1
|
|upkeep
|turn|2
|
|t:|1758981828
|move|p1a: Gholdengo|Trick|p2a: Siren
|-activate|p1a: Gholdengo|move: Trick|[of] p2a: Siren
|-item|p2a: Siren|Choice Scarf|[from] move: Trick
|-item|p1a: Gholdengo|Assault Vest|[from] move: Trick
|move|p2a: Siren|Surf|p1a: Gholdengo
|-damage|p1a: Gholdengo|27/100
|
|upkeep
|turn|3
|j| LT124YH Ghoul
|
|t:|1758981831
|switch|p1a: Samurott|Samurott-Hisui, F, shiny|100/100
|move|p2a: Siren|Surf|p1a: Samurott
|-resisted|p1a: Samurott
|-damage|p1a: Samurott|86/100
|
|upkeep
|turn|4
|
|t:|1758981836
|switch|p2a: Yoshi|Dragonite, F, shiny|100/100
|move|p1a: Samurott|Ceaseless Edge|p2a: Yoshi
|-damage|p2a: Yoshi|80/100
|-sidestart|p2: Light SV|Spikes
|
|upkeep
|turn|5
|
|t:|1758981841
|switch|p1a: Great Tusk|Great Tusk|100/100
|move|p2a: Yoshi|Outrage|p1a: Great Tusk
|-damage|p1a: Great Tusk|50/100
|
|-heal|p1a: Great Tusk|56/100|[from] item: Leftovers
|upkeep
|turn|6
|
|t:|1758981844
|-end|p1a: Great Tusk|Protosynthesis|[silent]
|switch|p1a: Enamorus|Enamorus, F|100/100
|move|p2a: Yoshi|Outrage|p1a: Enamorus|[from] lockedmove
|-immune|p1a: Enamorus
|-start|p2a: Yoshi|confusion|[fatigue]
|
|upkeep
|turn|7
|
|t:|1758981849
|switch|p2a: Siren|Primarina, F|100/100
|-damage|p2a: Siren|88/100|[from] Spikes
|move|p1a: Enamorus|Earth Power|p2a: Siren
|-damage|p2a: Siren|57/100
|
|upkeep
|turn|8
|
|t:|1758981853
|switch|p1a: Gholdengo|Gholdengo|27/100
|move|p2a: Siren|Moonblast|p1a: Gholdengo
|-resisted|p1a: Gholdengo
|-damage|p1a: Gholdengo|4/100
|-unboost|p1a: Gholdengo|spa|1
|
|upkeep
|turn|9
|
|t:|1758981855
|move|p2a: Siren|Moonblast|p1a: Gholdengo
|-resisted|p1a: Gholdengo
|-damage|p1a: Gholdengo|0 fnt
|faint|p1a: Gholdengo
|
|upkeep
|
|t:|1758981859
|switch|p1a: Raging Bolt|Raging Bolt|100/100
|-enditem|p1a: Raging Bolt|Booster Energy
|-activate|p1a: Raging Bolt|ability: Protosynthesis|[fromitem]
|-start|p1a: Raging Bolt|protosynthesisspa
|turn|10
|
|t:|1758981864
|move|p1a: Raging Bolt|Thunderclap|p2a: Siren
|-supereffective|p2a: Siren
|-damage|p2a: Siren|0 fnt
|faint|p2a: Siren
|
|upkeep
|
|t:|1758981866
|switch|p2a: Anomaly|Great Tusk|100/100
|-damage|p2a: Anomaly|88/100|[from] Spikes
|-enditem|p2a: Anomaly|Booster Energy
|-activate|p2a: Anomaly|ability: Protosynthesis|[fromitem]
|-start|p2a: Anomaly|protosynthesisatk
|turn|11
|
|t:|1758981870
|-terastallize|p1a: Raging Bolt|Fairy
|move|p2a: Anomaly|Headlong Rush|p1a: Raging Bolt
|-damage|p1a: Raging Bolt|34/100
|-unboost|p2a: Anomaly|def|1
|-unboost|p2a: Anomaly|spd|1
|move|p1a: Raging Bolt|Dragon Pulse|p2a: Anomaly
|-damage|p2a: Anomaly|0 fnt
|faint|p2a: Anomaly
|-end|p2a: Anomaly|Protosynthesis|[silent]
|
|upkeep
|
|t:|1758981878
|switch|p2a: Anomаly|Iron Moth|100/100
|-damage|p2a: Anomаly|88/100|[from] Spikes
|-enditem|p2a: Anomаly|Booster Energy
|-activate|p2a: Anomаly|ability: Quark Drive|[fromitem]
|-start|p2a: Anomаly|quarkdrivespe
|turn|12
|
|t:|1758981881
|move|p2a: Anomаly|Sludge Wave|p1a: Raging Bolt
|-supereffective|p1a: Raging Bolt
|-damage|p1a: Raging Bolt|0 fnt
|faint|p1a: Raging Bolt
|-end|p1a: Raging Bolt|Protosynthesis|[silent]
|
|upkeep
|
|t:|1758981884
|switch|p1a: Samurott|Samurott-Hisui, F, shiny|86/100
|turn|13
|j| seiko leich
|
|t:|1758981888
|move|p2a: Anomаly|Sludge Wave|p1a: Samurott
|-damage|p1a: Samurott|59/100
|move|p1a: Samurott|Ceaseless Edge|p2a: Anomаly
|-damage|p2a: Anomаly|33/100
|-sidestart|p2: Light SV|Spikes
|
|upkeep
|turn|14
|
|t:|1758981894
|move|p1a: Samurott|Sucker Punch|p2a: Anomаly
|-damage|p2a: Anomаly|0 fnt
|faint|p2a: Anomаly
|-end|p2a: Anomаly|Quark Drive|[silent]
|
|upkeep
|j| Disscratch
|
|t:|1758981898
|switch|p2a: Yoshi|Dragonite, F, shiny|80/100
|turn|15
|
|t:|1758981910
|switch|p1a: Enamorus|Enamorus, F|100/100
|move|p2a: Yoshi|Extreme Speed|p1a: Enamorus
|-damage|p1a: Enamorus|22/100
|
|-heal|p1a: Enamorus|29/100|[from] item: Leftovers
|upkeep
|turn|16
|
|t:|1758981915
|move|p2a: Yoshi|Extreme Speed|p1a: Enamorus
|-damage|p1a: Enamorus|0 fnt
|faint|p1a: Enamorus
|
|upkeep
|
|t:|1758981920
|switch|p1a: Great Tusk|Great Tusk|56/100
|turn|17
|
|t:|1758981922
|switch|p2a: Moebius|Deoxys-Speed|100/100
|-damage|p2a: Moebius|84/100|[from] Spikes
|-ability|p2a: Moebius|Pressure
|move|p1a: Great Tusk|Stealth Rock|p2a: Moebius
|-sidestart|p2: Light SV|move: Stealth Rock
|
|-heal|p1a: Great Tusk|62/100|[from] item: Leftovers
|upkeep
|turn|18
|
|t:|1758981925
|-end|p1a: Great Tusk|Protosynthesis|[silent]
|switch|p1a: Samurott|Samurott-Hisui, F, shiny|59/100
|move|p2a: Moebius|Focus Blast|p1a: Samurott|[miss]
|-miss|p2a: Moebius|p1a: Samurott
|
|upkeep
|turn|19
|
|t:|1758981930
|move|p2a: Moebius|Focus Blast|p1a: Samurott
|-supereffective|p1a: Samurott
|-damage|p1a: Samurott|3/100
|-damage|p2a: Moebius|74/100|[from] item: Life Orb
|move|p1a: Samurott|Ceaseless Edge|p2a: Moebius
|-supereffective|p2a: Moebius
|-damage|p2a: Moebius|0 fnt
|-sidestart|p2: Light SV|Spikes
|faint|p2a: Moebius
|
|upkeep
|
|t:|1758981940
|switch|p2a: Meruem|Kingambit, F|100/100
|-damage|p2a: Meruem|76/100|[from] Spikes
|-damage|p2a: Meruem|70/100|[from] Stealth Rock
|-activate|p2a: Meruem|ability: Supreme Overlord
|-start|p2a: Meruem|fallen4|[silent]
|turn|20
|
|t:|1758981944
|move|p2a: Meruem|Sucker Punch|p1a: Samurott
|-resisted|p1a: Samurott
|-damage|p1a: Samurott|0 fnt
|faint|p1a: Samurott
|
|-heal|p2a: Meruem|76/100|[from] item: Leftovers
|upkeep
|
|t:|1758981946
|switch|p1a: Great Tusk|Great Tusk|62/100
|turn|21
|
|t:|1758981949
|-terastallize|p2a: Meruem|Ghost
|move|p1a: Great Tusk|Knock Off|p2a: Meruem
|-supereffective|p2a: Meruem
|-damage|p2a: Meruem|34/100
|-enditem|p2a: Meruem|Leftovers|[from] move: Knock Off|[of] p1a: Great Tusk
|move|p2a: Meruem|Swords Dance|p2a: Meruem
|-boost|p2a: Meruem|atk|2
|
|-heal|p1a: Great Tusk|68/100|[from] item: Leftovers
|upkeep
|turn|22
|
|t:|1758981953
|move|p1a: Great Tusk|Knock Off|p2a: Meruem
|-supereffective|p2a: Meruem
|-damage|p2a: Meruem|3/100
|move|p2a: Meruem|Iron Head|p1a: Great Tusk
|-damage|p1a: Great Tusk|1/100
|
|-heal|p1a: Great Tusk|7/100|[from] item: Leftovers
|upkeep
|turn|23
|
|t:|1758981959
|move|p2a: Meruem|Sucker Punch|p1a: Great Tusk
|-resisted|p1a: Great Tusk
|-damage|p1a: Great Tusk|0 fnt
|faint|p1a: Great Tusk
|-end|p1a: Great Tusk|Protosynthesis|[silent]
|
|upkeep
|
|t:|1758981960
|switch|p1a: Dragonite|Dragonite, F, shiny|100/100
|turn|24
|
|t:|1758981974
|move|p2a: Meruem|Sucker Punch|p1a: Dragonite
|-damage|p1a: Dragonite|46/100
|move|p1a: Dragonite|Ice Spinner|p2a: Meruem
|-damage|p2a: Meruem|0 fnt
|faint|p2a: Meruem
|-end|p2a: Meruem|fallen4|[silent]
|
|upkeep
|
|t:|1758981976
|switch|p2a: Yoshi|Dragonite, F, shiny|80/100
|-damage|p2a: Yoshi|56/100|[from] Stealth Rock
|turn|25
|inactive|Light SV has 120 seconds left.
|
|t:|1758982026
|move|p2a: Yoshi|Extreme Speed|p1a: Dragonite
|-damage|p1a: Dragonite|0 fnt
|faint|p1a: Dragonite
|
|win|Light SV
|raw|ShinyLucarioXD's rating: 1912 &rarr; <strong>1889</strong><br />(-23 for losing)
|raw|Light SV's rating: 1851 &rarr; <strong>1874</strong><br />(+23 for winning)
|l|☆ShinyLucarioXD
|player|p1|
|l|☆Light SV
|player|p2|
|l| dsvdv
|l| cryyysneasel
|l| Disscratch
|l| seiko leich
|l| LT124YH Ghoul
