|badge|p1|bronze|gen9ou|100-6
|html|<div class="broadcast-red"><strong>This battle is required to be public due to one or more player having a season medal.</strong><br />During the public phase, you can discuss the state of the ladder <a href="/seasondiscussion">in a special chatroom.</a></div>
|uhtml|medal-msg|<div class="broadcast-blue">Curious what those medals under the avatar are? PS now has Ladder Seasons! For more information, check out the <a href="https://www.smogon.com/forums/threads/3740067/">thread on Smogon.</a></div>
|badge|p2|silver|gen9ou|30-6
|uhtml|medal-msg|<div class="broadcast-blue">Curious what those medals under the avatar are? PS now has Ladder Seasons! For more information, check out the <a href="https://www.smogon.com/forums/threads/3740067/">thread on Smogon.</a></div>
|raw|<div class="broadcast-blue"><strong>This battle is required to be public due to a player having a name starting with 'medal'.</div>
|j|☆JackRG1
|j|☆D Gym Teacher
|t:|1759077736
|gametype|singles
|player|p1|JackRG1|dawn-gen4pt|1878
|player|p2|D Gym Teacher|veteran|1939
|gen|9
|tier|[Gen 9] OU
|rated|
|rule|HP Percentage Mod: HP is shown in percentages
|rule|Endless Battle Clause: Forcing endless battles is banned
|rule|Species Clause: Limit one of each Pokémon
|rule|OHKO Clause: OHKO moves are banned
|rule|Evasion Items Clause: Evasion items are banned
|rule|Evasion Moves Clause: Evasion moves are banned
|rule|Evasion Abilities Clause: Evasion abilities are banned
|rule|Sleep Moves Clause: Sleep-inducing moves are banned
|clearpoke
|poke|p1|Weezing-Galar, M|
|poke|p1|Ting-Lu|
|poke|p1|Corviknight, M|
|poke|p1|Skeledirge, F|
|poke|p1|Dragapult, M|
|poke|p1|Ogerpon-Wellspring, F|
|poke|p2|Great Tusk|
|poke|p2|Slowking-Galar, M|
|poke|p2|Corviknight, F|
|poke|p2|Clefable, F|
|poke|p2|Samurott-Hisui, M|
|poke|p2|Dragapult, F|
|teampreview
|inactive|Battle timer is ON: inactive players will automatically lose when time's up. (requested by JackRG1)
|
|t:|1759077752
|teamsize|p1|6
|teamsize|p2|6
|start
|switch|p1a: Ogerpon|Ogerpon-Wellspring, F|100/100
|switch|p2a: P!nk|Clefable, F|100/100
|turn|1
|
|t:|1759077758
|switch|p2a: Voyageur|Corviknight, F|100/100
|-ability|p2a: Voyageur|Pressure
|move|p1a: Ogerpon|Spikes|p2a: Voyageur
|-sidestart|p2: D Gym Teacher|Spikes
|
|upkeep
|turn|2
|
|t:|1759077763
|switch|p1a: Skeledirge|Skeledirge, F|100/100
|move|p2a: Voyageur|U-turn|p1a: Skeledirge
|-resisted|p1a: Skeledirge
|-damage|p1a: Skeledirge|98/100
|inactive|D Gym Teacher has 120 seconds left.
|
|t:|1759077796
|switch|p2a: Jack|Samurott-Hisui, M|100/100|[from] U-turn
|
|upkeep
|turn|3
|
|t:|1759077799
|switch|p1a: Corviknight|Corviknight, M|100/100
|-ability|p1a: Corviknight|Pressure
|move|p2a: Jack|Knock Off|p1a: Corviknight
|-damage|p1a: Corviknight|73/100
|-damage|p2a: Jack|84/100|[from] item: Rocky Helmet|[of] p1a: Corviknight
|-enditem|p1a: Corviknight|Rocky Helmet|[from] move: Knock Off|[of] p2a: Jack
|
|upkeep
|turn|4
|
|t:|1759077803
|switch|p2a: Voyageur|Corviknight, F|100/100
|-ability|p2a: Voyageur|Pressure
|move|p1a: Corviknight|Roost|p1a: Corviknight
|-heal|p1a: Corviknight|100/100
|-singleturn|p1a: Corviknight|move: Roost
|
|upkeep
|turn|5
|
|t:|1759077812
|move|p1a: Corviknight|U-turn|p2a: Voyageur
|-resisted|p2a: Voyageur
|-damage|p2a: Voyageur|98/100
|-damage|p1a: Corviknight|84/100|[from] item: Rocky Helmet|[of] p2a: Voyageur
|
|t:|1759077814
|switch|p1a: GAS.|Weezing-Galar, M|100/100|[from] U-turn
|-ability|p1a: GAS.|Neutralizing Gas
|move|p2a: Voyageur|U-turn|p1a: GAS.
|-resisted|p1a: GAS.
|-damage|p1a: GAS.|98/100
|
|t:|1759077820
|switch|p2a: Alchemist|Slowking-Galar, M|100/100|[from] U-turn
|-damage|p2a: Alchemist|88/100|[from] Spikes
|
|upkeep
|turn|6
|
|t:|1759077824
|-end|p1a: GAS.|ability: Neutralizing Gas
|switch|p1a: Ting-Lu|Ting-Lu, shiny|100/100
|-ability|p1a: Ting-Lu|Vessel of Ruin
|move|p2a: Alchemist|Ice Beam|p1a: Ting-Lu
|-supereffective|p1a: Ting-Lu
|-damage|p1a: Ting-Lu|77/100
|
|-heal|p1a: Ting-Lu|84/100|[from] item: Leftovers
|upkeep
|turn|7
|
|t:|1759077837
|switch|p2a: Loxodonta|Great Tusk|100/100
|-damage|p2a: Loxodonta|88/100|[from] Spikes
|move|p1a: Ting-Lu|Stealth Rock|p2a: Loxodonta
|-sidestart|p2: D Gym Teacher|move: Stealth Rock
|
|-heal|p2a: Loxodonta|94/100|[from] item: Leftovers
|-heal|p1a: Ting-Lu|90/100|[from] item: Leftovers
|upkeep
|turn|8
|
|t:|1759077843
|switch|p1a: Ogerpon|Ogerpon-Wellspring, F|100/100
|move|p2a: Loxodonta|Headlong Rush|p1a: Ogerpon
|-resisted|p1a: Ogerpon
|-damage|p1a: Ogerpon|68/100
|-unboost|p2a: Loxodonta|def|1
|-unboost|p2a: Loxodonta|spd|1
|
|-heal|p2a: Loxodonta|100/100|[from] item: Leftovers
|upkeep
|turn|9
|
|t:|1759077850
|-end|p2a: Loxodonta|Protosynthesis|[silent]
|switch|p2a: Voyageur|Corviknight, F|98/100
|-damage|p2a: Voyageur|86/100|[from] Stealth Rock
|-ability|p2a: Voyageur|Pressure
|-terastallize|p1a: Ogerpon|Water
|detailschange|p1a: Ogerpon|Ogerpon-Wellspring-Tera, F, tera:Water
|-ability|p1a: Ogerpon|Embody Aspect (Wellspring)|boost
|-boost|p1a: Ogerpon|spd|1
|move|p1a: Ogerpon|Ivy Cudgel|p2a: Voyageur|[anim] Ivy Cudgel Water
|-damage|p2a: Voyageur|40/100
|
|upkeep
|turn|10
|j| 54 insane rats
|j| cynasaurus
|j| tiochicodobos
|
|t:|1759077866
|-terastallize|p2a: Voyageur|Dragon
|move|p1a: Ogerpon|Ivy Cudgel|p2a: Voyageur|[anim] Ivy Cudgel Water
|-resisted|p2a: Voyageur
|-damage|p2a: Voyageur|18/100
|move|p2a: Voyageur|Roost|p2a: Voyageur
|-heal|p2a: Voyageur|68/100
|
|upkeep
|turn|11
|
|t:|1759077873
|move|p1a: Ogerpon|Knock Off|p2a: Voyageur
|-damage|p2a: Voyageur|49/100
|-damage|p1a: Ogerpon|52/100|[from] item: Rocky Helmet|[of] p2a: Voyageur
|-enditem|p2a: Voyageur|Rocky Helmet|[from] move: Knock Off|[of] p1a: Ogerpon
|move|p2a: Voyageur|Roost|p2a: Voyageur
|-heal|p2a: Voyageur|99/100
|
|upkeep
|turn|12
|
|t:|1759077875
|move|p1a: Ogerpon|Synthesis|p1a: Ogerpon
|-heal|p1a: Ogerpon|100/100
|move|p2a: Voyageur|U-turn|p1a: Ogerpon
|-damage|p1a: Ogerpon|86/100
|l| cynasaurus
|
|t:|1759077889
|switch|p2a: Alchemist|Slowking-Galar, M|100/100|[from] U-turn
|-damage|p2a: Alchemist|88/100|[from] Spikes
|-damage|p2a: Alchemist|76/100|[from] Stealth Rock
|
|upkeep
|turn|13
|
|t:|1759077892
|switch|p2a: Voyageur|Corviknight, F, tera:Dragon|99/100
|-damage|p2a: Voyageur|87/100|[from] Spikes
|-damage|p2a: Voyageur|74/100|[from] Stealth Rock
|-ability|p2a: Voyageur|Pressure
|move|p1a: Ogerpon|Ivy Cudgel|p2a: Voyageur|[anim] Ivy Cudgel Water
|-resisted|p2a: Voyageur
|-damage|p2a: Voyageur|54/100
|
|upkeep
|turn|14
|
|t:|1759077896
|switch|p1a: Dragapult|Dragapult, M|100/100
|move|p2a: Voyageur|Roost|p2a: Voyageur
|-heal|p2a: Voyageur|100/100
|
|upkeep
|turn|15
|
|t:|1759077899
|switch|p2a: P!nk|Clefable, F|100/100
|move|p1a: Dragapult|U-turn|p2a: P!nk
|-resisted|p2a: P!nk
|-damage|p2a: P!nk|94/100
|
|t:|1759077901
|switch|p1a: Ogerpon|Ogerpon-Wellspring-Tera, F, tera:Water|86/100|[from] U-turn
|-ability|p1a: Ogerpon|Embody Aspect (Wellspring)|boost
|-boost|p1a: Ogerpon|spd|1
|
|-heal|p2a: P!nk|99/100|[from] item: Leftovers
|upkeep
|turn|16
|
|t:|1759077909
|switch|p1a: Dragapult|Dragapult, M|100/100
|switch|p2a: Voyageur|Corviknight, F, tera:Dragon|100/100
|-damage|p2a: Voyageur|88/100|[from] Spikes
|-damage|p2a: Voyageur|76/100|[from] Stealth Rock
|-ability|p2a: Voyageur|Pressure
|
|upkeep
|turn|17
|
|t:|1759077913
|switch|p2a: P!nk|Clefable, F|99/100
|move|p1a: Dragapult|Shadow Ball|p2a: P!nk
|-damage|p2a: P!nk|54/100
|
|-heal|p2a: P!nk|60/100|[from] item: Leftovers
|upkeep
|turn|18
|
|t:|1759077921
|move|p1a: Dragapult|Shadow Ball|p2a: P!nk
|-damage|p2a: P!nk|13/100
|-unboost|p2a: P!nk|spd|1
|move|p2a: P!nk|Stealth Rock|p1a: Dragapult
|-sidestart|p1: JackRG1|move: Stealth Rock
|
|-heal|p2a: P!nk|19/100|[from] item: Leftovers
|upkeep
|turn|19
|
|t:|1759077924
|switch|p2a: Jack|Samurott-Hisui, M|84/100
|move|p1a: Dragapult|Shadow Ball|p2a: Jack
|-resisted|p2a: Jack
|-damage|p2a: Jack|48/100
|
|upkeep
|turn|20
|
|t:|1759077928
|switch|p1a: GAS.|Weezing-Galar, M|98/100
|-ability|p1a: GAS.|Neutralizing Gas
|move|p2a: Jack|Ceaseless Edge|p1a: GAS.
|-resisted|p1a: GAS.
|-damage|p1a: GAS.|86/100
|-sidestart|p1: JackRG1|Spikes
|
|upkeep
|turn|21
|
|t:|1759077932
|switch|p2a: Alchemist|Slowking-Galar, M|100/100
|-damage|p2a: Alchemist|88/100|[from] Spikes
|-damage|p2a: Alchemist|76/100|[from] Stealth Rock
|move|p1a: GAS.|Sludge Bomb|p2a: Alchemist
|-resisted|p2a: Alchemist
|-damage|p2a: Alchemist|69/100
|
|upkeep
|turn|22
|
|t:|1759077941
|move|p1a: GAS.|Will-O-Wisp|p2a: Alchemist
|-status|p2a: Alchemist|brn
|move|p2a: Alchemist|Ice Beam|p1a: GAS.
|-damage|p1a: GAS.|46/100
|-status|p1a: GAS.|frz
|
|-damage|p2a: Alchemist|62/100 brn|[from] brn
|upkeep
|turn|23
|
|t:|1759077948
|cant|p1a: GAS.|frz
|move|p2a: Alchemist|Psyshock|p1a: GAS.
|-supereffective|p1a: GAS.
|-damage|p1a: GAS.|0 fnt
|faint|p1a: GAS.
|-end|p1a: GAS.|ability: Neutralizing Gas
|
|-damage|p2a: Alchemist|56/100 brn|[from] brn
|upkeep
|
|t:|1759077951
|switch|p1a: Ogerpon|Ogerpon-Wellspring-Tera, F, tera:Water|86/100
|-damage|p1a: Ogerpon|73/100|[from] Stealth Rock
|-damage|p1a: Ogerpon|61/100|[from] Spikes
|-ability|p1a: Ogerpon|Embody Aspect (Wellspring)|boost
|-boost|p1a: Ogerpon|spd|1
|turn|24
|
|t:|1759077968
|switch|p2a: P!nk|Clefable, F|19/100
|move|p1a: Ogerpon|Knock Off|p2a: P!nk
|-resisted|p2a: P!nk
|-damage|p2a: P!nk|6/100
|-enditem|p2a: P!nk|Leftovers|[from] move: Knock Off|[of] p1a: Ogerpon
|
|upkeep
|turn|25
|
|t:|1759077974
|move|p1a: Ogerpon|Ivy Cudgel|p2a: P!nk|[anim] Ivy Cudgel Water
|-crit|p2a: P!nk
|-damage|p2a: P!nk|0 fnt
|faint|p2a: P!nk
|
|upkeep
|j| ertyplm
|
|t:|1759077977
|switch|p2a: Voyageur|Corviknight, F, tera:Dragon|76/100
|-damage|p2a: Voyageur|64/100|[from] Spikes
|-damage|p2a: Voyageur|51/100|[from] Stealth Rock
|-ability|p2a: Voyageur|Pressure
|turn|26
|
|t:|1759077980
|move|p1a: Ogerpon|Synthesis|p1a: Ogerpon
|-heal|p1a: Ogerpon|100/100
|move|p2a: Voyageur|Roost|p2a: Voyageur
|-heal|p2a: Voyageur|100/100
|
|upkeep
|turn|27
|
|t:|1759077985
|move|p1a: Ogerpon|Knock Off|p2a: Voyageur
|-damage|p2a: Voyageur|85/100
|move|p2a: Voyageur|Iron Defense|p2a: Voyageur
|-boost|p2a: Voyageur|def|2
|
|upkeep
|turn|28
|
|t:|1759077989
|switch|p1a: Dragapult|Dragapult, M|100/100
|-damage|p1a: Dragapult|88/100|[from] Stealth Rock
|-damage|p1a: Dragapult|76/100|[from] Spikes
|move|p2a: Voyageur|Brave Bird|p1a: Dragapult
|-damage|p1a: Dragapult|26/100
|-damage|p2a: Voyageur|72/100|[from] Recoil
|
|upkeep
|turn|29
|
|t:|1759078002
|switch|p2a: Alchemist|Slowking-Galar, M|90/100 brn
|-damage|p2a: Alchemist|77/100 brn|[from] Spikes
|-damage|p2a: Alchemist|65/100 brn|[from] Stealth Rock
|move|p1a: Dragapult|Draco Meteor|p2a: Alchemist|[miss]
|-miss|p1a: Dragapult|p2a: Alchemist
|
|-damage|p2a: Alchemist|59/100 brn|[from] brn
|upkeep
|turn|30
|
|t:|1759078015
|switch|p1a: Ogerpon|Ogerpon-Wellspring-Tera, F, tera:Water|100/100
|-damage|p1a: Ogerpon|88/100|[from] Stealth Rock
|-damage|p1a: Ogerpon|76/100|[from] Spikes
|-ability|p1a: Ogerpon|Embody Aspect (Wellspring)|boost
|-boost|p1a: Ogerpon|spd|1
|move|p2a: Alchemist|Sludge Bomb|p1a: Ogerpon
|-damage|p1a: Ogerpon|49/100
|
|-damage|p2a: Alchemist|53/100 brn|[from] brn
|upkeep
|turn|31
|
|t:|1759078020
|switch|p2a: Voyageur|Corviknight, F, tera:Dragon|72/100
|-damage|p2a: Voyageur|60/100|[from] Spikes
|-damage|p2a: Voyageur|48/100|[from] Stealth Rock
|-ability|p2a: Voyageur|Pressure
|move|p1a: Ogerpon|Ivy Cudgel|p2a: Voyageur|[anim] Ivy Cudgel Water
|-resisted|p2a: Voyageur
|-damage|p2a: Voyageur|26/100
|
|upkeep
|turn|32
|
|t:|1759078025
|move|p1a: Ogerpon|Ivy Cudgel|p2a: Voyageur|[anim] Ivy Cudgel Water
|-resisted|p2a: Voyageur
|-crit|p2a: Voyageur
|-damage|p2a: Voyageur|0 fnt
|faint|p2a: Voyageur
|
|upkeep
|
|t:|1759078032
|switch|p2a: Bull's-eye|Dragapult, F|100/100
|-damage|p2a: Bull's-eye|88/100|[from] Spikes
|-damage|p2a: Bull's-eye|76/100|[from] Stealth Rock
|turn|33
|
|t:|1759078035
|move|p2a: Bull's-eye|U-turn|p1a: Ogerpon
|-damage|p1a: Ogerpon|31/100
|j| wgw2333
|
|t:|1759078041
|switch|p2a: Alchemist|Slowking-Galar, M|86/100 brn|[from] U-turn
|-damage|p2a: Alchemist|73/100 brn|[from] Spikes
|-damage|p2a: Alchemist|61/100 brn|[from] Stealth Rock
|move|p1a: Ogerpon|Synthesis|p1a: Ogerpon
|-heal|p1a: Ogerpon|81/100
|
|-damage|p2a: Alchemist|55/100 brn|[from] brn
|upkeep
|turn|34
|
|t:|1759078045
|move|p1a: Ogerpon|Ivy Cudgel|p2a: Alchemist|[anim] Ivy Cudgel Water
|-damage|p2a: Alchemist|0 fnt
|faint|p2a: Alchemist
|
|upkeep
|
|t:|1759078049
|switch|p2a: Bull's-eye|Dragapult, F|76/100
|-damage|p2a: Bull's-eye|64/100|[from] Spikes
|-damage|p2a: Bull's-eye|51/100|[from] Stealth Rock
|turn|35
|
|t:|1759078052
|move|p2a: Bull's-eye|Draco Meteor|p1a: Ogerpon
|-damage|p1a: Ogerpon|24/100
|-unboost|p2a: Bull's-eye|spa|2
|move|p1a: Ogerpon|Synthesis|p1a: Ogerpon
|-heal|p1a: Ogerpon|74/100
|
|upkeep
|turn|36
|-message|D Gym Teacher forfeited.
|
|win|JackRG1
|raw|JackRG1's rating: 1878 &rarr; <strong>1901</strong><br />(+23 for winning)
|raw|D Gym Teacher's rating: 1939 &rarr; <strong>1916</strong><br />(-23 for losing)
|l|☆D Gym Teacher
|player|p2|
|l| 54 insane rats
|l| tiochicodobos
|l| wgw2333
