|j|☆preppy dude
|j|☆Osanna
|t:|1759005499
|gametype|singles
|player|p1|preppy dude|266|1163
|player|p2|Osanna|pilot|1199
|gen|9
|tier|[Gen 9] OU
|rated|
|rule|HP Percentage Mod: HP is shown in percentages
|rule|Endless Battle Clause: Forcing endless battles is banned
|rule|Species Clause: Limit one of each Pokémon
|rule|OHKO Clause: OHKO moves are banned
|rule|Evasion Items Clause: Evasion items are banned
|rule|Evasion Moves Clause: Evasion moves are banned
|rule|Evasion Abilities Clause: Evasion abilities are banned
|rule|Sleep Moves Clause: Sleep-inducing moves are banned
|clearpoke
|poke|p1|Zapdos|
|poke|p1|Golem, M|
|poke|p1|Arbok, M|
|poke|p1|Rhydon, F|
|poke|p1|Magneton|
|poke|p1|Dodrio, F|
|poke|p2|Clefable, M|
|poke|p2|Great Tusk|
|poke|p2|Primarina, M|
|poke|p2|Corviknight, F|
|poke|p2|Meowscarada, F|
|poke|p2|Thundurus-Therian, M|
|teampreview
|
|t:|1759005521
|teamsize|p1|6
|teamsize|p2|6
|start
|switch|p1a: Golem|Golem, M|100/100
|switch|p2a: Primarina|Primarina, M|100/100
|turn|1
|
|t:|1759005527
|move|p2a: Primarina|Surf|p1a: Golem
|-supereffective|p1a: Golem
|-ability|p1a: Golem|Sturdy
|-damage|p1a: Golem|1/100
|move|p1a: Golem|Stealth Rock|p2a: Primarina
|-sidestart|p2: Osanna|move: Stealth Rock
|
|upkeep
|turn|2
|-enditem|p1a: Golem|Custap Berry|[eat]
|-activate|p1a: Golem|item: Custap Berry|[consumed]
|
|t:|1759005534
|switch|p2a: Corviknight|Corviknight, F|100/100
|-damage|p2a: Corviknight|88/100|[from] Stealth Rock
|-ability|p2a: Corviknight|Pressure
|move|p1a: Golem|Explosion|p2a: Corviknight
|-resisted|p2a: Corviknight
|-damage|p2a: Corviknight|63/100
|faint|p1a: Golem
|
|-heal|p2a: Corviknight|69/100|[from] item: Leftovers
|upkeep
|inactive|Battle timer is ON: inactive players will automatically lose when time's up. (requested by preppy dude)
|
|t:|1759005548
|switch|p1a: Magneton|Magneton|100/100
|turn|3
|
|t:|1759005558
|move|p1a: Magneton|Discharge|p2a: Corviknight
|-supereffective|p2a: Corviknight
|-damage|p2a: Corviknight|0 fnt
|faint|p2a: Corviknight
|
|upkeep
|
|t:|1759005570
|switch|p2a: Great Tusk|Great Tusk|100/100
|turn|4
|
|t:|1759005573
|switch|p1a: Zapdos|Zapdos|100/100
|move|p2a: Great Tusk|Stealth Rock|p1a: Zapdos
|-sidestart|p1: preppy dude|move: Stealth Rock
|
|upkeep
|turn|5
|
|t:|1759005579
|move|p2a: Great Tusk|Rapid Spin|p1a: Zapdos
|-damage|p1a: Zapdos|86/100
|-boost|p2a: Great Tusk|spe|1
|-status|p2a: Great Tusk|par|[from] ability: Static|[of] p1a: Zapdos
|-sideend|p2: Osanna|Stealth Rock|[from] move: Rapid Spin|[of] p2a: Great Tusk
|move|p1a: Zapdos|Air Cutter|p2a: Great Tusk
|-supereffective|p2a: Great Tusk
|-damage|p2a: Great Tusk|26/100 par
|
|-heal|p1a: Zapdos|92/100|[from] item: Leftovers
|upkeep
|turn|6
|
|t:|1759005589
|move|p1a: Zapdos|Air Cutter|p2a: Great Tusk
|-supereffective|p2a: Great Tusk
|-crit|p2a: Great Tusk
|-damage|p2a: Great Tusk|0 fnt
|faint|p2a: Great Tusk
|-end|p2a: Great Tusk|Protosynthesis|[silent]
|
|-heal|p1a: Zapdos|99/100|[from] item: Leftovers
|upkeep
|
|t:|1759005592
|switch|p2a: Thundurus|Thundurus-Therian, M|100/100
|turn|7
|
|t:|1759005601
|switch|p1a: Rhydon|Rhydon, F|100/100
|-damage|p1a: Rhydon|94/100|[from] Stealth Rock
|move|p2a: Thundurus|Nasty Plot|p2a: Thundurus
|-boost|p2a: Thundurus|spa|2
|
|upkeep
|turn|8
|
|t:|1759005609
|-terastallize|p1a: Rhydon|Ghost
|move|p2a: Thundurus|Grass Knot|p1a: Rhydon
|-damage|p1a: Rhydon|11/100
|move|p1a: Rhydon|Avalanche|p2a: Thundurus
|-supereffective|p2a: Thundurus
|-damage|p2a: Thundurus|0 fnt
|faint|p2a: Thundurus
|
|upkeep
|
|t:|1759005616
|switch|p2a: Clefable|Clefable, M|100/100
|turn|9
|
|t:|1759005621
|move|p2a: Clefable|Cosmic Power|p2a: Clefable
|-boost|p2a: Clefable|def|1
|-boost|p2a: Clefable|spd|1
|move|p1a: Rhydon|Earthquake|p2a: Clefable
|-crit|p2a: Clefable
|-damage|p2a: Clefable|37/100
|
|-heal|p2a: Clefable|43/100|[from] item: Leftovers
|upkeep
|turn|10
|
|t:|1759005630
|move|p2a: Clefable|Rest|p2a: Clefable
|-status|p2a: Clefable|slp|[from] move: Rest
|-heal|p2a: Clefable|100/100 slp|[silent]
|move|p1a: Rhydon|Earthquake|p2a: Clefable
|-damage|p2a: Clefable|75/100 slp
|
|-heal|p2a: Clefable|81/100 slp|[from] item: Leftovers
|upkeep
|turn|11
|
|t:|1759005639
|switch|p1a: Arbok|Arbok, M|100/100
|-damage|p1a: Arbok|88/100|[from] Stealth Rock
|-ability|p1a: Arbok|Intimidate|boost
|-unboost|p2a: Clefable|atk|1
|cant|p2a: Clefable|slp
|move|p2a: Clefable|Sleep Talk|p2a: Clefable
|move|p2a: Clefable|Cosmic Power|p2a: Clefable|[from] move: Sleep Talk
|-boost|p2a: Clefable|def|1
|-boost|p2a: Clefable|spd|1
|
|-heal|p2a: Clefable|87/100 slp|[from] item: Leftovers
|upkeep
|turn|12
|
|t:|1759005653
|move|p1a: Arbok|Switcheroo|p2a: Clefable
|-activate|p1a: Arbok|move: Trick|[of] p2a: Clefable
|-item|p2a: Clefable|Choice Scarf|[from] move: Switcheroo
|-item|p1a: Arbok|Leftovers|[from] move: Switcheroo
|cant|p2a: Clefable|slp
|move|p2a: Clefable|Sleep Talk|p2a: Clefable
|move|p2a: Clefable|Rest||[from] move: Sleep Talk|[still]
|-fail|p2a: Clefable
|
|-heal|p1a: Arbok|94/100|[from] item: Leftovers
|upkeep
|turn|13
|c|☆Osanna|wow
|c|☆Osanna|amazing
|c|☆Osanna|wp! what a team
|c|☆Osanna|u're so goof
|c|☆Osanna|good
|c|☆preppy dude|Thanks
|inactive|Osanna has 120 seconds left.
|
|t:|1759005684
|switch|p2a: Meowscarada|Meowscarada, F|100/100
|move|p1a: Arbok|Poison Fang|p2a: Meowscarada
|-supereffective|p2a: Meowscarada
|-damage|p2a: Meowscarada|53/100
|-status|p2a: Meowscarada|tox
|
|-heal|p1a: Arbok|100/100|[from] item: Leftovers
|-damage|p2a: Meowscarada|47/100 tox|[from] psn
|upkeep
|turn|14
|
|t:|1759005695
|move|p1a: Arbok|Protect|p1a: Arbok
|-singleturn|p1a: Arbok|Protect
|move|p2a: Meowscarada|U-turn|p1a: Arbok
|-start|p2a: Meowscarada|typechange|Bug|[from] ability: Protean
|-activate|p1a: Arbok|move: Protect
|
|-damage|p2a: Meowscarada|34/100 tox|[from] psn
|upkeep
|turn|15
|c|☆Osanna|:O
|
|t:|1759005705
|switch|p1a: Rhydon|Rhydon, F, tera:Ghost|11/100
|-damage|p1a: Rhydon|0 fnt|[from] Stealth Rock
|faint|p1a: Rhydon
|move|p2a: Meowscarada|U-turn|p1: Rhydon|[notarget]
|-fail|p2a: Meowscarada
|
|-damage|p2a: Meowscarada|16/100 tox|[from] psn
|upkeep
|
|t:|1759005714
|switch|p1a: Arbok|Arbok, M|100/100
|-damage|p1a: Arbok|88/100|[from] Stealth Rock
|-ability|p1a: Arbok|Intimidate|boost
|-unboost|p2a: Meowscarada|atk|1
|turn|16
|c|☆Osanna|u made possible to win with a Gen1 low tier team absurd
|
|t:|1759005737
|move|p1a: Arbok|Protect|p1a: Arbok
|-singleturn|p1a: Arbok|Protect
|move|p2a: Meowscarada|U-turn|p1a: Arbok
|-activate|p1a: Arbok|move: Protect
|
|-heal|p1a: Arbok|94/100|[from] item: Leftovers
|-damage|p2a: Meowscarada|0 fnt|[from] psn
|faint|p2a: Meowscarada
|upkeep
|
|t:|1759005741
|switch|p2a: Primarina|Primarina, M|100/100
|turn|17
|
|t:|1759005750
|-terastallize|p2a: Primarina|Poison
|move|p1a: Arbok|Poison Fang|p2a: Primarina
|-resisted|p2a: Primarina
|-damage|p2a: Primarina|90/100
|move|p2a: Primarina|Surf|p1a: Arbok
|-damage|p1a: Arbok|25/100
|
|-heal|p1a: Arbok|31/100|[from] item: Leftovers
|upkeep
|turn|18
|
|t:|1759005760
|move|p1a: Arbok|Pain Split|p2a: Primarina
|-sethp|p2a: Primarina|61/100|[from] move: Pain Split|[silent]
|-sethp|p1a: Arbok|60/100|[from] move: Pain Split
|move|p2a: Primarina|Surf|p1a: Arbok
|-damage|p1a: Arbok|0 fnt
|faint|p1a: Arbok
|
|upkeep
|
|t:|1759005768
|switch|p1a: Dodrio|Dodrio, F|100/100
|-damage|p1a: Dodrio|76/100|[from] Stealth Rock
|turn|19
|
|t:|1759005772
|move|p1a: Dodrio|Thrash|p2a: Primarina
|-damage|p2a: Primarina|0 fnt
|faint|p2a: Primarina
|
|upkeep
|
|t:|1759005775
|switch|p2a: Clefable|Clefable, M|87/100 slp
|turn|20
|
|t:|1759005784
|move|p1a: Dodrio|Thrash|p2a: Clefable|[from] lockedmove
|-damage|p2a: Clefable|42/100 slp
|-start|p1a: Dodrio|confusion|[fatigue]
|-curestatus|p2a: Clefable|slp|[msg]
|move|p2a: Clefable|Cosmic Power|p2a: Clefable
|-boost|p2a: Clefable|def|1
|-boost|p2a: Clefable|spd|1
|
|upkeep
|turn|21
|
|t:|1759005794
|switch|p1a: Magneton|Magneton|100/100
|-damage|p1a: Magneton|94/100|[from] Stealth Rock
|move|p2a: Clefable|Cosmic Power|p2a: Clefable
|-boost|p2a: Clefable|def|1
|-boost|p2a: Clefable|spd|1
|
|upkeep
|turn|22
|c|☆Osanna|gg
|
|t:|1759005802
|move|p1a: Magneton|Flash Cannon|p2a: Clefable
|-supereffective|p2a: Clefable
|-damage|p2a: Clefable|8/100
|move|p2a: Clefable|Cosmic Power|p2a: Clefable
|-boost|p2a: Clefable|def|1
|-boost|p2a: Clefable|spd|1
|
|upkeep
|turn|23
|c|☆preppy dude|Gg
|
|t:|1759005819
|move|p1a: Magneton|Flash Cannon|p2a: Clefable
|-supereffective|p2a: Clefable
|-damage|p2a: Clefable|0 fnt
|faint|p2a: Clefable
|
|win|preppy dude
|raw|preppy dude's rating: 1163 &rarr; <strong>1191</strong><br />(+28 for winning)
|raw|Osanna's rating: 1199 &rarr; <strong>1171</strong><br />(-28 for losing)
|l|☆preppy dude
|player|p1|
