|j|☆shoebat
|j|☆SamiFawad
|t:|1759040153
|gametype|singles
|player|p1|shoebat|sage|1446
|player|p2|SamiFawad|2|1560
|gen|9
|tier|[Gen 9] OU
|rated|
|rule|HP Percentage Mod: HP is shown in percentages
|rule|Endless Battle Clause: Forcing endless battles is banned
|rule|Species Clause: Limit one of each Pokémon
|rule|OHKO Clause: OHKO moves are banned
|rule|Evasion Items Clause: Evasion items are banned
|rule|Evasion Moves Clause: Evasion moves are banned
|rule|Evasion Abilities Clause: Evasion abilities are banned
|rule|Sleep Moves Clause: Sleep-inducing moves are banned
|clearpoke
|poke|p1|Skarmory, M|
|poke|p1|Ting-Lu|
|poke|p1|Zamazenta-*|
|poke|p1|Pecharunt|
|poke|p1|Clefable, F|
|poke|p1|Walking Wake|
|poke|p2|Landorus-Therian, M|
|poke|p2|Samurott-Hisui, M|
|poke|p2|Great Tusk|
|poke|p2|Conkeldurr, M|
|poke|p2|Slowking-Galar, M|
|poke|p2|Basculegion-F, F|
|teampreview
|inactive|Battle timer is ON: inactive players will automatically lose when time's up. (requested by shoebat)
|inactive|shoebat has 120 seconds left.
|
|t:|1759040207
|teamsize|p1|6
|teamsize|p2|6
|start
|switch|p1a: Clefable|Clefable, F|100/100
|switch|p2a: Slowking|Slowking-Galar, M|100/100
|turn|1
|
|t:|1759040228
|move|p1a: Clefable|Knock Off|p2a: Slowking
|-supereffective|p2a: Slowking
|-damage|p2a: Slowking|69/100
|-enditem|p2a: Slowking|Assault Vest|[from] move: Knock Off|[of] p1a: Clefable
|move|p2a: Slowking|Future Sight|p1a: Clefable
|-start|p2a: Slowking|move: Future Sight
|
|upkeep
|turn|2
|
|t:|1759040234
|move|p1a: Clefable|Calm Mind|p1a: Clefable
|-boost|p1a: Clefable|spa|1
|-boost|p1a: Clefable|spd|1
|move|p2a: Slowking|Sludge Bomb|p1a: Clefable
|-supereffective|p1a: Clefable
|-damage|p1a: Clefable|42/100
|-status|p1a: Clefable|psn
|
|-heal|p1a: Clefable|48/100 psn|[from] item: Leftovers
|upkeep
|turn|3
|
|t:|1759040244
|switch|p1a: Ting-Lu|Ting-Lu|100/100
|-ability|p1a: Ting-Lu|Vessel of Ruin
|move|p2a: Slowking|Acid Spray|p1a: Ting-Lu
|-resisted|p1a: Ting-Lu
|-damage|p1a: Ting-Lu|96/100
|-unboost|p1a: Ting-Lu|spd|2
|
|-end|p1a: Ting-Lu|move: Future Sight
|-immune|p1a: Ting-Lu
|-heal|p1a: Ting-Lu|100/100|[from] item: Leftovers
|upkeep
|turn|4
|
|t:|1759040256
|switch|p2a: Conkeldurr|Conkeldurr, M|100/100
|move|p1a: Ting-Lu|Stealth Rock|p2a: Conkeldurr
|-sidestart|p2: SamiFawad|move: Stealth Rock
|
|-status|p2a: Conkeldurr|brn|[from] item: Flame Orb
|upkeep
|turn|5
|
|t:|1759040264
|switch|p1a: Skarmory|Skarmory, M|100/100
|move|p2a: Conkeldurr|Knock Off|p1a: Skarmory
|-damage|p1a: Skarmory|65/100
|-damage|p2a: Conkeldurr|84/100 brn|[from] item: Rocky Helmet|[of] p1a: Skarmory
|-enditem|p1a: Skarmory|Rocky Helmet|[from] move: Knock Off|[of] p2a: Conkeldurr
|
|-damage|p2a: Conkeldurr|78/100 brn|[from] brn
|upkeep
|turn|6
|
|t:|1759040274
|move|p1a: Skarmory|Spikes|p2a: Conkeldurr
|-sidestart|p2: SamiFawad|Spikes
|move|p2a: Conkeldurr|Bulk Up|p2a: Conkeldurr
|-boost|p2a: Conkeldurr|atk|1
|-boost|p2a: Conkeldurr|def|1
|
|-damage|p2a: Conkeldurr|72/100 brn|[from] brn
|upkeep
|turn|7
|
|t:|1759040278
|move|p2a: Conkeldurr|Drain Punch|p1a: Skarmory
|-damage|p1a: Skarmory|7/100
|-heal|p2a: Conkeldurr|95/100 brn|[from] drain|[of] p1a: Skarmory
|move|p1a: Skarmory|Whirlwind|p2a: Conkeldurr
|drag|p2a: Landorus|Landorus-Therian, M|100/100
|-damage|p2a: Landorus|88/100|[from] Stealth Rock
|-ability|p2a: Landorus|Intimidate|boost
|-unboost|p1a: Skarmory|atk|1
|
|upkeep
|turn|8
|
|t:|1759040286
|move|p2a: Landorus|U-turn|p1a: Skarmory
|-resisted|p1a: Skarmory
|-damage|p1a: Skarmory|3/100
|
|t:|1759040293
|switch|p2a: Conkeldurr|Conkeldurr, M|95/100 brn|[from] U-turn
|-damage|p2a: Conkeldurr|89/100 brn|[from] Stealth Rock
|-damage|p2a: Conkeldurr|77/100 brn|[from] Spikes
|move|p1a: Skarmory|Roost|p1a: Skarmory
|-heal|p1a: Skarmory|53/100
|-singleturn|p1a: Skarmory|move: Roost
|
|-damage|p2a: Conkeldurr|71/100 brn|[from] brn
|upkeep
|turn|9
|
|t:|1759040299
|move|p1a: Skarmory|Brave Bird|p2a: Conkeldurr
|-supereffective|p2a: Conkeldurr
|-damage|p2a: Conkeldurr|32/100 brn
|-damage|p1a: Skarmory|37/100|[from] Recoil
|move|p2a: Conkeldurr|Drain Punch|p1a: Skarmory
|-damage|p1a: Skarmory|0 fnt
|-heal|p2a: Conkeldurr|47/100 brn|[from] drain|[of] p1a: Skarmory
|faint|p1a: Skarmory
|
|-damage|p2a: Conkeldurr|41/100 brn|[from] brn
|upkeep
|
|t:|1759040310
|switch|p1a: Pecharunt|Pecharunt|100/100
|turn|10
|
|t:|1759040320
|move|p1a: Pecharunt|Malignant Chain|p2a: Conkeldurr
|-damage|p2a: Conkeldurr|3/100 brn
|move|p2a: Conkeldurr|Knock Off|p1a: Pecharunt
|-supereffective|p1a: Pecharunt
|-damage|p1a: Pecharunt|44/100
|-enditem|p1a: Pecharunt|Heavy-Duty Boots|[from] move: Knock Off|[of] p2a: Conkeldurr
|
|-damage|p2a: Conkeldurr|0 fnt|[from] brn
|faint|p2a: Conkeldurr
|upkeep
|
|t:|1759040328
|switch|p2a: Samurott|Samurott-Hisui, M|100/100
|-damage|p2a: Samurott|88/100|[from] Stealth Rock
|-damage|p2a: Samurott|76/100|[from] Spikes
|turn|11
|
|t:|1759040356
|move|p2a: Samurott|Ceaseless Edge|p1a: Pecharunt
|-supereffective|p1a: Pecharunt
|-damage|p1a: Pecharunt|0 fnt
|-sidestart|p1: shoebat|Spikes
|faint|p1a: Pecharunt
|
|upkeep
|
|t:|1759040361
|switch|p1a: Clefable|Clefable, F|48/100 psn
|turn|12
|
|t:|1759040367
|switch|p2a: Slowking|Slowking-Galar, M|100/100
|-damage|p2a: Slowking|88/100|[from] Stealth Rock
|-damage|p2a: Slowking|76/100|[from] Spikes
|move|p1a: Clefable|Moonlight|p1a: Clefable
|-heal|p1a: Clefable|98/100 psn
|
|-heal|p1a: Clefable|100/100 psn|[from] item: Leftovers
|upkeep
|turn|13
|
|t:|1759040374
|move|p1a: Clefable|Calm Mind|p1a: Clefable
|-boost|p1a: Clefable|spa|1
|-boost|p1a: Clefable|spd|1
|move|p2a: Slowking|Future Sight|p1a: Clefable
|-start|p2a: Slowking|move: Future Sight
|
|upkeep
|turn|14
|
|t:|1759040385
|-terastallize|p1a: Clefable|Steel
|move|p1a: Clefable|Calm Mind|p1a: Clefable
|-boost|p1a: Clefable|spa|1
|-boost|p1a: Clefable|spd|1
|move|p2a: Slowking|Acid Spray|p1a: Clefable
|-immune|p1a: Clefable
|
|upkeep
|turn|15
|
|t:|1759040396
|move|p1a: Clefable|Moonblast|p2a: Slowking
|-resisted|p2a: Slowking
|-damage|p2a: Slowking|52/100
|move|p2a: Slowking|Flamethrower|p1a: Clefable
|-supereffective|p1a: Clefable
|-damage|p1a: Clefable|74/100 psn
|
|-end|p1a: Clefable|move: Future Sight
|-resisted|p1a: Clefable
|-damage|p1a: Clefable|58/100 psn
|-heal|p1a: Clefable|64/100 psn|[from] item: Leftovers
|upkeep
|turn|16
|
|t:|1759040401
|move|p1a: Clefable|Calm Mind|p1a: Clefable
|-boost|p1a: Clefable|spa|1
|-boost|p1a: Clefable|spd|1
|move|p2a: Slowking|Flamethrower|p1a: Clefable
|-supereffective|p1a: Clefable
|-damage|p1a: Clefable|43/100 psn
|
|-heal|p1a: Clefable|49/100 psn|[from] item: Leftovers
|upkeep
|turn|17
|
|t:|1759040406
|switch|p2a: Samurott|Samurott-Hisui, M|76/100
|-damage|p2a: Samurott|63/100|[from] Stealth Rock
|-damage|p2a: Samurott|51/100|[from] Spikes
|move|p1a: Clefable|Moonblast|p2a: Samurott
|-supereffective|p2a: Samurott
|-damage|p2a: Samurott|0 fnt
|faint|p2a: Samurott
|
|-heal|p1a: Clefable|55/100 psn|[from] item: Leftovers
|upkeep
|
|t:|1759040408
|switch|p2a: Great Tusk|Great Tusk|100/100
|-damage|p2a: Great Tusk|98/100|[from] Stealth Rock
|-damage|p2a: Great Tusk|85/100|[from] Spikes
|turn|18
|
|t:|1759040414
|-terastallize|p2a: Great Tusk|Steel
|move|p2a: Great Tusk|Rapid Spin|p1a: Clefable
|-resisted|p1a: Clefable
|-damage|p1a: Clefable|49/100 psn
|-boost|p2a: Great Tusk|spe|1
|-sideend|p2: SamiFawad|Spikes|[from] move: Rapid Spin|[of] p2a: Great Tusk
|-sideend|p2: SamiFawad|Stealth Rock|[from] move: Rapid Spin|[of] p2a: Great Tusk
|move|p1a: Clefable|Moonblast|p2a: Great Tusk
|-resisted|p2a: Great Tusk
|-damage|p2a: Great Tusk|31/100
|-unboost|p2a: Great Tusk|spa|1
|
|-heal|p1a: Clefable|55/100 psn|[from] item: Leftovers
|upkeep
|turn|19
|
|t:|1759040424
|move|p2a: Great Tusk|Body Press|p1a: Clefable
|-supereffective|p1a: Clefable
|-damage|p1a: Clefable|0 fnt
|faint|p1a: Clefable
|
|upkeep
|
|t:|1759040432
|switch|p1a: Ting-Lu|Ting-Lu|100/100
|-damage|p1a: Ting-Lu|88/100|[from] Spikes
|-ability|p1a: Ting-Lu|Vessel of Ruin
|turn|20
|
|t:|1759040436
|move|p2a: Great Tusk|Stealth Rock|p1a: Ting-Lu
|-sidestart|p1: shoebat|move: Stealth Rock
|move|p1a: Ting-Lu|Earthquake|p2a: Great Tusk
|-supereffective|p2a: Great Tusk
|-damage|p2a: Great Tusk|0 fnt
|faint|p2a: Great Tusk
|-end|p2a: Great Tusk|Protosynthesis|[silent]
|
|-heal|p1a: Ting-Lu|94/100|[from] item: Leftovers
|upkeep
|
|t:|1759040441
|switch|p2a: Basculegion|Basculegion-F, F|100/100
|turn|21
|
|t:|1759040448
|move|p2a: Basculegion|Surf|p1a: Ting-Lu
|-supereffective|p1a: Ting-Lu
|-damage|p1a: Ting-Lu|19/100
|move|p1a: Ting-Lu|Ruination|p2a: Basculegion
|-damage|p2a: Basculegion|50/100
|
|-heal|p1a: Ting-Lu|25/100|[from] item: Leftovers
|upkeep
|turn|22
|
|t:|1759040454
|move|p2a: Basculegion|Surf|p1a: Ting-Lu
|-supereffective|p1a: Ting-Lu
|-damage|p1a: Ting-Lu|0 fnt
|faint|p1a: Ting-Lu
|
|upkeep
|
|t:|1759040456
|switch|p1a: Walking Wake|Walking Wake|100/100
|turn|23
|
|t:|1759040462
|move|p1a: Walking Wake|Knock Off|p2a: Basculegion
|-supereffective|p2a: Basculegion
|-damage|p2a: Basculegion|14/100
|-enditem|p2a: Basculegion|Choice Specs|[from] move: Knock Off|[of] p1a: Walking Wake
|move|p2a: Basculegion|Surf|p1a: Walking Wake
|-resisted|p1a: Walking Wake
|-damage|p1a: Walking Wake|85/100
|
|upkeep
|turn|24
|
|t:|1759040468
|move|p1a: Walking Wake|Knock Off|p2a: Basculegion
|-supereffective|p2a: Basculegion
|-damage|p2a: Basculegion|0 fnt
|faint|p2a: Basculegion
|
|upkeep
|
|t:|1759040473
|switch|p2a: Landorus|Landorus-Therian, M|88/100
|-ability|p2a: Landorus|Intimidate|boost
|-unboost|p1a: Walking Wake|atk|1
|turn|25
|
|t:|1759040475
|move|p2a: Landorus|U-turn|p1a: Walking Wake
|-damage|p1a: Walking Wake|54/100
|
|t:|1759040478
|switch|p2a: Slowking|Slowking-Galar, M|85/100|[from] U-turn
|move|p1a: Walking Wake|Surf|p2a: Slowking
|-damage|p2a: Slowking|50/100
|
|upkeep
|turn|26
|
|t:|1759040486
|move|p1a: Walking Wake|Draco Meteor|p2a: Slowking
|-damage|p2a: Slowking|0 fnt
|-unboost|p1a: Walking Wake|spa|2
|faint|p2a: Slowking
|
|upkeep
|
|t:|1759040489
|switch|p2a: Landorus|Landorus-Therian, M|88/100
|-ability|p2a: Landorus|Intimidate|boost
|-unboost|p1a: Walking Wake|atk|1
|turn|27
|
|t:|1759040493
|-end|p1a: Walking Wake|Protosynthesis|[silent]
|switch|p1a: Zamazenta|Zamazenta|100/100
|-ability|p1a: Zamazenta|Dauntless Shield|boost
|-boost|p1a: Zamazenta|def|1
|move|p2a: Landorus|Earthquake|p1a: Zamazenta
|-damage|p1a: Zamazenta|64/100
|
|upkeep
|turn|28
|
|t:|1759040503
|move|p2a: Landorus|Earthquake|p1a: Zamazenta
|-damage|p1a: Zamazenta|25/100
|move|p1a: Zamazenta|Stone Edge|p2a: Landorus|[miss]
|-miss|p1a: Zamazenta|p2a: Landorus
|
|upkeep
|turn|29
|
|t:|1759040508
|move|p2a: Landorus|Earthquake|p1a: Zamazenta
|-damage|p1a: Zamazenta|0 fnt
|faint|p1a: Zamazenta
|
|upkeep
|
|t:|1759040511
|switch|p1a: Walking Wake|Walking Wake|54/100
|turn|30
|
|t:|1759040513
|move|p2a: Landorus|Earthquake|p1a: Walking Wake
|-damage|p1a: Walking Wake|0 fnt
|faint|p1a: Walking Wake
|-end|p1a: Walking Wake|Protosynthesis|[silent]
|
|win|SamiFawad
|raw|shoebat's rating: 1446 &rarr; <strong>1432</strong><br />(-14 for losing)
|raw|SamiFawad's rating: 1560 &rarr; <strong>1574</strong><br />(+14 for winning)
|l|☆SamiFawad
|player|p2|
|l|☆shoebat
|player|p1|
