|j|☆jimy92
|j|☆gothsaga
|t:|1759055067
|gametype|singles
|player|p1|jimy92|170|1553
|player|p2|gothsaga|zinnia-masters|1567
|gen|9
|tier|[Gen 9] OU
|rated|
|rule|HP Percentage Mod: HP is shown in percentages
|rule|Endless Battle Clause: Forcing endless battles is banned
|rule|Species Clause: Limit one of each Pokémon
|rule|OHKO Clause: OHKO moves are banned
|rule|Evasion Items Clause: Evasion items are banned
|rule|Evasion Moves Clause: Evasion moves are banned
|rule|Evasion Abilities Clause: Evasion abilities are banned
|rule|Sleep Moves Clause: Sleep-inducing moves are banned
|clearpoke
|poke|p1|Pelipper, F|
|poke|p1|Hatterene, F|
|poke|p1|Iron Treads|
|poke|p1|Toxicroak, F|
|poke|p1|Barraskewda, F|
|poke|p1|Zapdos|
|poke|p2|Pecharunt|
|poke|p2|Great Tusk|
|poke|p2|Ogerpon-Wellspring, F|
|poke|p2|Iron Crown|
|poke|p2|Landorus-Therian, M|
|poke|p2|Samurott-Hisui, M|
|teampreview
|l|☆jimy92
|player|p1|
|j|☆jimy92
|player|p1|jimy92|170|
|inactive|Battle timer is ON: inactive players will automatically lose when time's up. (requested by jimy92)
|
|t:|1759055092
|teamsize|p1|6
|teamsize|p2|6
|start
|switch|p1a: Zapdos|Zapdos|100/100
|switch|p2a: Iron Crown|Iron Crown|100/100
|turn|1
|j| hgivhigi
|inactive|gothsaga has 120 seconds left.
|
|t:|1759055126
|move|p1a: Zapdos|Volt Switch|p2a: Iron Crown
|-damage|p2a: Iron Crown|49/100
|
|t:|1759055130
|switch|p1a: Iron Treads|Iron Treads|100/100|[from] Volt Switch
|move|p2a: Iron Crown|Volt Switch|p1a: Iron Treads
|-immune|p1a: Iron Treads
|
|upkeep
|turn|2
|
|t:|1759055139
|-end|p2a: Iron Crown|Quark Drive|[silent]
|switch|p2a: Great Tusk|Great Tusk|100/100
|-enditem|p2a: Great Tusk|Booster Energy
|-activate|p2a: Great Tusk|ability: Protosynthesis|[fromitem]
|-start|p2a: Great Tusk|protosynthesisspe
|-end|p1a: Iron Treads|Quark Drive|[silent]
|switch|p1a: Zapdos|Zapdos|100/100
|
|upkeep
|turn|3
|j| Dionysos
|l| Dionysos
|inactive|gothsaga has 120 seconds left.
|
|t:|1759055163
|switch|p1a: Hatterene|Hatterene, F|100/100
|move|p2a: Great Tusk|Knock Off|p1a: Hatterene
|-damage|p1a: Hatterene|75/100
|-enditem|p1a: Hatterene|Eject Button|[from] move: Knock Off|[of] p2a: Great Tusk
|
|upkeep
|turn|4
|inactive|gothsaga has 120 seconds left.
|
|t:|1759055179
|-end|p2a: Great Tusk|Protosynthesis|[silent]
|switch|p2a: Samurott|Samurott-Hisui, M|100/100
|move|p1a: Hatterene|Psychic Noise|p2a: Samurott
|-immune|p2a: Samurott
|
|upkeep
|turn|5
|
|t:|1759055188
|switch|p1a: Pelipper|Pelipper, F|100/100
|-weather|RainDance|[from] ability: Drizzle|[of] p1a: Pelipper
|move|p2a: Samurott|Flip Turn|p1a: Pelipper
|-resisted|p1a: Pelipper
|-damage|p1a: Pelipper|76/100
|
|t:|1759055191
|switch|p2a: Iron Crown|Iron Crown|49/100|[from] Flip Turn
|
|-weather|RainDance|[upkeep]
|upkeep
|turn|6
|
|t:|1759055200
|switch|p1a: Hatterene|Hatterene, F|75/100
|move|p2a: Iron Crown|Volt Switch|p1a: Hatterene
|-damage|p1a: Hatterene|36/100
|inactive|gothsaga has 120 seconds left.
|
|t:|1759055224
|-end|p2a: Iron Crown|Quark Drive|[silent]
|switch|p2a: Pecharunt|Pecharunt|100/100|[from] Volt Switch
|
|-weather|RainDance|[upkeep]
|upkeep
|turn|7
|
|t:|1759055229
|move|p2a: Pecharunt|Malignant Chain|p1a: Hatterene
|-supereffective|p1a: Hatterene
|-damage|p1a: Hatterene|0 fnt
|faint|p1a: Hatterene
|
|-weather|RainDance|[upkeep]
|upkeep
|
|t:|1759055232
|switch|p1a: Zapdos|Zapdos|100/100
|turn|8
|
|t:|1759055254
|-terastallize|p1a: Zapdos|Flying
|move|p1a: Zapdos|Hurricane|p2a: Pecharunt
|-damage|p2a: Pecharunt|0 fnt
|faint|p2a: Pecharunt
|
|-weather|RainDance|[upkeep]
|upkeep
|
|t:|1759055261
|switch|p2a: Samurott|Samurott-Hisui, M|100/100
|turn|9
|inactive|gothsaga has 120 seconds left.
|j| Dionysos
|l| Dionysos
|inactive|jimy92 has 120 seconds left.
|
|t:|1759055304
|switch|p1a: Toxicroak|Toxicroak, F|100/100
|move|p2a: Samurott|Sucker Punch||[still]
|-fail|p2a: Samurott
|
|-weather|RainDance|[upkeep]
|upkeep
|turn|10
|
|t:|1759055318
|switch|p1a: Zapdos|Zapdos, tera:Flying|100/100
|move|p2a: Samurott|Ceaseless Edge|p1a: Zapdos
|-damage|p1a: Zapdos|39/100
|-sidestart|p1: jimy92|Spikes
|
|-weather|RainDance|[upkeep]
|upkeep
|turn|11
|c|☆jimy92|Wtf
|inactive|jimy92 has 120 seconds left.
|c|☆gothsaga|what
|c|☆jimy92|Nvm ur an idiot
|
|t:|1759055340
|switch|p1a: Toxicroak|Toxicroak, F|100/100
|-damage|p1a: Toxicroak|88/100|[from] Spikes
|move|p2a: Samurott|Sucker Punch||[still]
|-fail|p2a: Samurott
|
|-weather|RainDance|[upkeep]
|-heal|p1a: Toxicroak|100/100|[from] ability: Dry Skin
|upkeep
|turn|12
|c|☆jimy92|Ita all good
|inactive|jimy92 has 120 seconds left.
|
|t:|1759055355
|switch|p2a: Great Tusk|Great Tusk|100/100
|move|p1a: Toxicroak|Toxic|p2a: Great Tusk
|-status|p2a: Great Tusk|tox
|
|-weather|none
|-damage|p2a: Great Tusk|94/100 tox|[from] psn
|upkeep
|turn|13
|
|t:|1759055364
|switch|p1a: Pelipper|Pelipper, F|76/100
|-weather|RainDance|[from] ability: Drizzle|[of] p1a: Pelipper
|move|p2a: Great Tusk|Stealth Rock|p1a: Pelipper
|-sidestart|p1: jimy92|move: Stealth Rock
|
|-weather|RainDance|[upkeep]
|-damage|p2a: Great Tusk|82/100 tox|[from] psn
|upkeep
|turn|14
|inactive|gothsaga has 90 seconds left.
|
|t:|1759055385
|-end|p2a: Great Tusk|Protosynthesis|[silent]
|switch|p2a: Iron Crown|Iron Crown|49/100
|move|p1a: Pelipper|U-turn|p2a: Iron Crown
|-crit|p2a: Iron Crown
|-damage|p2a: Iron Crown|35/100
|c|☆jimy92|Gg
|
|t:|1759055391
|switch|p1a: Barraskewda|Barraskewda, F|100/100|[from] U-turn
|-damage|p1a: Barraskewda|88/100|[from] Spikes
|-damage|p1a: Barraskewda|76/100|[from] Stealth Rock
|
|-weather|RainDance|[upkeep]
|upkeep
|turn|15
|c|☆gothsaga|why
|c|☆jimy92|Gg hurry up
|c|☆jimy92|I lose
|inactive|gothsaga has 90 seconds left.
|
|t:|1759055409
|move|p1a: Barraskewda|Close Combat|p2a: Iron Crown
|-damage|p2a: Iron Crown|0 fnt
|-unboost|p1a: Barraskewda|def|1
|-unboost|p1a: Barraskewda|spd|1
|faint|p2a: Iron Crown
|-end|p2a: Iron Crown|Quark Drive|[silent]
|
|-weather|RainDance|[upkeep]
|upkeep
|inactive|gothsaga has 90 seconds left.
|
|t:|1759055415
|switch|p2a: Great Tusk|Great Tusk|82/100 tox
|turn|16
|inactive|gothsaga has 90 seconds left.
|
|t:|1759055428
|switch|p1a: Pelipper|Pelipper, F|76/100
|-damage|p1a: Pelipper|52/100|[from] Stealth Rock
|move|p2a: Great Tusk|Headlong Rush|p1a: Pelipper
|-immune|p1a: Pelipper
|
|-weather|RainDance|[upkeep]
|-damage|p2a: Great Tusk|76/100 tox|[from] psn
|upkeep
|turn|17
|inactive|gothsaga has 90 seconds left.
|
|t:|1759055443
|switch|p1a: Toxicroak|Toxicroak, F|100/100
|-damage|p1a: Toxicroak|88/100|[from] Spikes
|-damage|p1a: Toxicroak|82/100|[from] Stealth Rock
|move|p2a: Great Tusk|Knock Off|p1a: Toxicroak
|-resisted|p1a: Toxicroak
|-damage|p1a: Toxicroak|68/100
|-damage|p2a: Great Tusk|59/100 tox|[from] item: Rocky Helmet|[of] p1a: Toxicroak
|-enditem|p1a: Toxicroak|Rocky Helmet|[from] move: Knock Off|[of] p2a: Great Tusk
|
|-weather|RainDance|[upkeep]
|-heal|p1a: Toxicroak|80/100|[from] ability: Dry Skin
|-damage|p2a: Great Tusk|47/100 tox|[from] psn
|upkeep
|turn|18
|inactive|gothsaga has 90 seconds left.
|
|t:|1759055458
|move|p2a: Great Tusk|Headlong Rush|p1a: Toxicroak
|-supereffective|p1a: Toxicroak
|-damage|p1a: Toxicroak|0 fnt
|-unboost|p2a: Great Tusk|def|1
|-unboost|p2a: Great Tusk|spd|1
|faint|p1a: Toxicroak
|
|-weather|RainDance|[upkeep]
|-damage|p2a: Great Tusk|28/100 tox|[from] psn
|upkeep
|
|t:|1759055463
|switch|p1a: Barraskewda|Barraskewda, F|76/100
|-damage|p1a: Barraskewda|64/100|[from] Spikes
|-damage|p1a: Barraskewda|52/100|[from] Stealth Rock
|turn|19
|inactive|gothsaga has 90 seconds left.
|c|☆gothsaga|forfeit then bro
|c|☆jimy92|Hurry up
|
|t:|1759055477
|move|p1a: Barraskewda|Close Combat|p2a: Great Tusk
|-damage|p2a: Great Tusk|0 fnt
|-unboost|p1a: Barraskewda|def|1
|-unboost|p1a: Barraskewda|spd|1
|faint|p2a: Great Tusk
|-end|p2a: Great Tusk|Protosynthesis|[silent]
|
|-weather|RainDance|[upkeep]
|upkeep
|c|☆jimy92|U might be a loser and choke
|c|☆gothsaga|watch me time stall
|c|☆jimy92|U dont need to
|c|☆jimy92|U won this lol
|inactive|gothsaga has 60 seconds left.
|
|t:|1759055508
|switch|p2a: Samurott|Samurott-Hisui, M|100/100
|turn|20
|inactive|gothsaga has 60 seconds left.
|
|t:|1759055524
|switch|p1a: Iron Treads|Iron Treads|100/100
|-damage|p1a: Iron Treads|88/100|[from] Spikes
|-damage|p1a: Iron Treads|85/100|[from] Stealth Rock
|move|p2a: Samurott|Sucker Punch||[still]
|-fail|p2a: Samurott
|
|-weather|none
|-heal|p1a: Iron Treads|91/100|[from] item: Leftovers
|upkeep
|turn|21
|inactive|gothsaga has 60 seconds left.
|
|t:|1759055530
|move|p1a: Iron Treads|Rapid Spin|p2a: Samurott
|-crit|p2a: Samurott
|-damage|p2a: Samurott|77/100
|-boost|p1a: Iron Treads|spe|1
|-sideend|p1: jimy92|Spikes|[from] move: Rapid Spin|[of] p1a: Iron Treads
|-sideend|p1: jimy92|Stealth Rock|[from] move: Rapid Spin|[of] p1a: Iron Treads
|move|p2a: Samurott|Flip Turn|p1a: Iron Treads
|-supereffective|p1a: Iron Treads
|-damage|p1a: Iron Treads|44/100
|inactive|gothsaga has 60 seconds left.
|
|t:|1759055537
|switch|p2a: Ogerpon|Ogerpon-Wellspring, F|100/100|[from] Flip Turn
|
|-heal|p1a: Iron Treads|50/100|[from] item: Leftovers
|upkeep
|turn|22
|inactive|gothsaga has 60 seconds left.
|
|t:|1759055565
|move|p1a: Iron Treads|Volt Switch|p2a: Ogerpon
|-damage|p2a: Ogerpon|88/100
|
|t:|1759055569
|-end|p1a: Iron Treads|Quark Drive|[silent]
|switch|p1a: Pelipper|Pelipper, F|52/100|[from] Volt Switch
|-weather|RainDance|[from] ability: Drizzle|[of] p1a: Pelipper
|move|p2a: Ogerpon|Ivy Cudgel|p1a: Pelipper|[anim] Ivy Cudgel Water
|-resisted|p1a: Pelipper
|-damage|p1a: Pelipper|8/100
|
|-weather|RainDance|[upkeep]
|upkeep
|turn|23
|inactive|gothsaga has 60 seconds left.
|
|t:|1759055582
|switch|p1a: Iron Treads|Iron Treads|50/100
|move|p2a: Ogerpon|Ivy Cudgel|p1a: Iron Treads|[anim] Ivy Cudgel Water
|-supereffective|p1a: Iron Treads
|-damage|p1a: Iron Treads|0 fnt
|faint|p1a: Iron Treads
|-end|p1a: Iron Treads|Quark Drive|[silent]
|
|-weather|RainDance|[upkeep]
|upkeep
|
|t:|1759055586
|switch|p1a: Barraskewda|Barraskewda, F|52/100
|turn|24
|inactive|gothsaga has 60 seconds left.
|inactive|jimy92 has 120 seconds left.
|
|t:|1759055624
|move|p1a: Barraskewda|Close Combat|p2a: Ogerpon
|-damage|p2a: Ogerpon|24/100
|-unboost|p1a: Barraskewda|def|1
|-unboost|p1a: Barraskewda|spd|1
|move|p2a: Ogerpon|Trailblaze|p1a: Barraskewda
|-supereffective|p1a: Barraskewda
|-damage|p1a: Barraskewda|0 fnt
|-boost|p2a: Ogerpon|spe|1
|faint|p1a: Barraskewda
|
|-weather|RainDance|[upkeep]
|upkeep
|
|t:|1759055628
|switch|p1a: Zapdos|Zapdos, tera:Flying|39/100
|turn|25
|c|☆jimy92|See
|c|☆jimy92|Ez
|inactive|gothsaga has 60 seconds left.
|c|☆gothsaga|lmfao
|
|t:|1759055642
|move|p2a: Ogerpon|Ivy Cudgel|p1a: Zapdos|[anim] Ivy Cudgel Water
|-damage|p1a: Zapdos|0 fnt
|faint|p1a: Zapdos
|
|-weather|RainDance|[upkeep]
|upkeep
|-message|jimy92 forfeited.
|
|win|gothsaga
|raw|jimy92's rating: 1553 &rarr; <strong>1534</strong><br />(-19 for losing)
|raw|gothsaga's rating: 1567 &rarr; <strong>1586</strong><br />(+19 for winning)
|l|☆jimy92
|player|p1|
|c|☆gothsaga|ty for the point
|l| hgivhigi
|l|☆gothsaga
|player|p2|
|j|☆gothsaga
|player|p2|gothsaga|zinnia-masters|
