|j|☆ShinyAssassinx
|j|☆gugch
|t:|1758949391
|gametype|singles
|player|p1|ShinyAssassinx|2|1138
|player|p2|gugch|falkner|1120
|gen|9
|tier|[Gen 9] OU
|rated|
|rule|HP Percentage Mod: HP is shown in percentages
|rule|Endless Battle Clause: Forcing endless battles is banned
|rule|Species Clause: Limit one of each Pokémon
|rule|OHKO Clause: OHKO moves are banned
|rule|Evasion Items Clause: Evasion items are banned
|rule|Evasion Moves Clause: Evasion moves are banned
|rule|Evasion Abilities Clause: Evasion abilities are banned
|rule|Sleep Moves Clause: Sleep-inducing moves are banned
|clearpoke
|poke|p1|Breloom, F|
|poke|p1|Krookodile, M|
|poke|p1|Araquanid, F|
|poke|p1|Conkeldurr, F|
|poke|p1|Skeledirge, M|
|poke|p1|Scizor, M|
|poke|p2|Toxapex, F|
|poke|p2|Sableye, M|
|poke|p2|Blissey, F|
|poke|p2|Corviknight, F|
|poke|p2|Garganacl, M|
|poke|p2|Mew|
|teampreview
|inactive|Battle timer is ON: inactive players will automatically lose when time's up. (requested by ShinyAssassinx)
|inactive|gugch also wants the timer to be on.
|
|t:|1758949416
|teamsize|p1|6
|teamsize|p2|6
|start
|switch|p1a: Breloom|Breloom, F|100/100
|switch|p2a: Sableye|Sableye, M, shiny|100/100
|turn|1
|
|t:|1758949439
|move|p2a: Sableye|Protect|p2a: Sableye
|-singleturn|p2a: Sableye|Protect
|move|p1a: Breloom|Bullet Seed|p2a: Sableye
|-activate|p2a: Sableye|move: Protect
|
|upkeep
|turn|2
|
|t:|1758949444
|move|p2a: Sableye|Disable|p1a: Breloom
|-start|p1a: Breloom|Disable|Bullet Seed
|cant|p1a: Breloom|Disable|Bullet Seed
|
|upkeep
|turn|3
|
|t:|1758949452
|switch|p1a: Araquanid|Araquanid, F|100/100
|move|p2a: Sableye|Encore||[still]
|-fail|p2a: Sableye
|
|upkeep
|turn|4
|
|t:|1758949462
|move|p2a: Sableye|Night Shade|p1a: Araquanid
|-damage|p1a: Araquanid|64/100
|move|p1a: Araquanid|Hydro Pump|p2a: Sableye
|-damage|p2a: Sableye|0 fnt
|faint|p2a: Sableye
|
|upkeep
|
|t:|1758949476
|switch|p2a: Corviknight|Corviknight, F, shiny|100/100
|turn|5
|
|t:|1758949481
|move|p2a: Corviknight|Iron Head|p1a: Araquanid
|-resisted|p1a: Araquanid
|-damage|p1a: Araquanid|49/100
|cant|p1a: Araquanid|flinch
|
|upkeep
|turn|6
|
|t:|1758949486
|move|p2a: Corviknight|Iron Head|p1a: Araquanid
|-resisted|p1a: Araquanid
|-damage|p1a: Araquanid|33/100
|cant|p1a: Araquanid|flinch
|
|upkeep
|turn|7
|
|t:|1758949491
|move|p2a: Corviknight|Iron Head|p1a: Araquanid
|-resisted|p1a: Araquanid
|-damage|p1a: Araquanid|16/100
|cant|p1a: Araquanid|flinch
|
|upkeep
|turn|8
|
|t:|1758949502
|move|p2a: Corviknight|Iron Head|p1a: Araquanid
|-resisted|p1a: Araquanid
|-damage|p1a: Araquanid|0 fnt
|faint|p1a: Araquanid
|
|upkeep
|
|t:|1758949504
|switch|p1a: Skeledirge|Skeledirge, M|100/100
|turn|9
|
|t:|1758949511
|switch|p2a: Blissey|Blissey, F, shiny|100/100
|move|p1a: Skeledirge|Torch Song|p2a: Blissey
|-damage|p2a: Blissey|89/100
|-boost|p1a: Skeledirge|spa|1
|
|-heal|p2a: Blissey|95/100|[from] item: Leftovers
|upkeep
|turn|10
|
|t:|1758949519
|switch|p1a: Breloom|Breloom, F|100/100
|move|p2a: Blissey|Thunder Wave|p1a: Breloom
|-status|p1a: Breloom|par
|
|-heal|p2a: Blissey|100/100|[from] item: Leftovers
|upkeep
|turn|11
|
|t:|1758949529
|switch|p2a: Corviknight|Corviknight, F, shiny|100/100
|cant|p1a: Breloom|par
|
|upkeep
|turn|12
|
|t:|1758949535
|move|p2a: Corviknight|Iron Head|p1a: Breloom
|-damage|p1a: Breloom|58/100 par
|cant|p1a: Breloom|par
|
|upkeep
|turn|13
|-message|ShinyAssassinx forfeited.
|
|win|gugch
|raw|ShinyAssassinx's rating: 1138 &rarr; <strong>1112</strong><br />(-26 for losing)
|raw|gugch's rating: 1120 &rarr; <strong>1146</strong><br />(+26 for winning)
|l|☆ShinyAssassinx
|player|p1|
|j| abcdawa
|l|☆gugch
|player|p2|
|j| amefurikoneko
|j|☆gugch
|player|p2|gugch|falkner|
|l| amefurikoneko
