|j|☆Tatacool
|j|☆AsierX
|t:|1758979933
|gametype|singles
|player|p1|Tatacool|265|1181
|player|p2|AsierX|skierf|1222
|gen|9
|tier|[Gen 9] OU
|rated|
|rule|HP Percentage Mod: HP is shown in percentages
|rule|Endless Battle Clause: Forcing endless battles is banned
|rule|Species Clause: Limit one of each Pokémon
|rule|OHKO Clause: OHKO moves are banned
|rule|Evasion Items Clause: Evasion items are banned
|rule|Evasion Moves Clause: Evasion moves are banned
|rule|Evasion Abilities Clause: Evasion abilities are banned
|rule|Sleep Moves Clause: Sleep-inducing moves are banned
|clearpoke
|poke|p1|Minior-Orange|
|poke|p1|Grimmsnarl, M|
|poke|p1|Alomomola, F|
|poke|p1|Comfey, F|
|poke|p1|Gholdengo|
|poke|p1|Great Tusk|
|poke|p2|Scizor, F|
|poke|p2|Iron Valiant|
|poke|p2|Porygon-Z|
|poke|p2|Ceruledge, M|
|poke|p2|Ting-Lu|
|poke|p2|Weezing-Galar, F|
|teampreview
|
|t:|1758979940
|teamsize|p1|6
|teamsize|p2|6
|start
|switch|p1a: Maria|Great Tusk|100/100
|switch|p2a: Child Of Man|Porygon-Z|100/100
|-ability|p2a: Child Of Man|Download|boost
|-boost|p2a: Child Of Man|spa|1
|turn|1
|
|t:|1758979944
|move|p2a: Child Of Man|Ice Beam|p1a: Maria
|-supereffective|p1a: Maria
|-damage|p1a: Maria|0 fnt
|faint|p1a: Maria
|-end|p1a: Maria|Protosynthesis|[silent]
|-damage|p2a: Child Of Man|91/100|[from] item: Life Orb
|
|upkeep
|
|t:|1758979948
|switch|p1a: Grimmsnarl|Grimmsnarl, M|100/100
|turn|2
|
|t:|1758979949
|move|p1a: Grimmsnarl|Light Screen|p1a: Grimmsnarl
|-sidestart|p1: Tatacool|move: Light Screen
|move|p2a: Child Of Man|Tera Blast|p1a: Grimmsnarl
|-damage|p1a: Grimmsnarl|70/100
|-damage|p2a: Child Of Man|81/100|[from] item: Life Orb
|
|upkeep
|turn|3
|
|t:|1758979957
|switch|p2a: Object|Ting-Lu, shiny|100/100
|-ability|p2a: Object|Vessel of Ruin
|move|p1a: Grimmsnarl|Thunder Wave|p2a: Object
|-immune|p2a: Object
|
|upkeep
|turn|4
|
|t:|1758979963
|move|p1a: Grimmsnarl|Reflect|p1a: Grimmsnarl
|-sidestart|p1: Tatacool|Reflect
|move|p2a: Object|Whirlwind|p1a: Grimmsnarl
|drag|p1a: Comet|Minior-Orange|100/100
|-formechange|p1a: Comet|Minior-Meteor||[from] ability: Shields Down
|
|upkeep
|turn|5
|
|t:|1758979968
|move|p1a: Comet|Shell Smash|p1a: Comet
|-unboost|p1a: Comet|def|1
|-unboost|p1a: Comet|spd|1
|-boost|p1a: Comet|atk|2
|-boost|p1a: Comet|spa|2
|-boost|p1a: Comet|spe|2
|-enditem|p1a: Comet|White Herb
|-clearnegativeboost|p1a: Comet|[silent]
|move|p2a: Object|Ruination|p1a: Comet
|-damage|p1a: Comet|51/100
|
|upkeep
|turn|6
|
|t:|1758979976
|move|p1a: Comet|Acrobatics|p2a: Object
|-damage|p2a: Object|57/100
|move|p2a: Object|Whirlwind|p1a: Comet
|drag|p1a: Flor de Feliza|Comfey, F|100/100
|
|-heal|p2a: Object|64/100|[from] item: Leftovers
|upkeep
|turn|7
|
|t:|1758979985
|switch|p2a: Creature Of Steel|Scizor, F|100/100
|move|p1a: Flor de Feliza|Calm Mind|p1a: Flor de Feliza
|-boost|p1a: Flor de Feliza|spa|1
|-boost|p1a: Flor de Feliza|spd|1
|
|upkeep
|turn|8
|
|t:|1758979989
|move|p1a: Flor de Feliza|Leech Seed|p2a: Creature Of Steel|[miss]
|-miss|p1a: Flor de Feliza|p2a: Creature Of Steel
|move|p2a: Creature Of Steel|Swords Dance|p2a: Creature Of Steel
|-boost|p2a: Creature Of Steel|atk|2
|
|upkeep
|turn|9
|
|t:|1758979992
|switch|p1a: Grimmsnarl|Grimmsnarl, M|70/100
|move|p2a: Creature Of Steel|Bullet Punch|p1a: Grimmsnarl
|-supereffective|p1a: Grimmsnarl
|-damage|p1a: Grimmsnarl|0 fnt
|faint|p1a: Grimmsnarl
|
|-sideend|p1: Tatacool|move: Light Screen
|upkeep
|
|t:|1758979996
|switch|p1a: Cinnastick|Gholdengo|100/100
|turn|10
|
|t:|1758980002
|switch|p2a: Object|Ting-Lu, shiny|64/100
|-ability|p2a: Object|Vessel of Ruin
|move|p1a: Cinnastick|Thunder Wave|p2a: Object
|-immune|p2a: Object
|
|-heal|p2a: Object|70/100|[from] item: Leftovers
|upkeep
|turn|11
|
|t:|1758980009
|-terastallize|p1a: Cinnastick|Flying
|move|p1a: Cinnastick|Nasty Plot|p1a: Cinnastick
|-boost|p1a: Cinnastick|spa|2
|move|p2a: Object|Earthquake|p1a: Cinnastick
|-immune|p1a: Cinnastick
|
|-heal|p2a: Object|76/100|[from] item: Leftovers
|-sideend|p1: Tatacool|Reflect
|upkeep
|turn|12
|
|t:|1758980016
|move|p1a: Cinnastick|Hex|p2a: Object
|-resisted|p2a: Object
|-damage|p2a: Object|65/100
|move|p2a: Object|Whirlwind|p1a: Cinnastick
|-immune|p1a: Cinnastick|[from] ability: Good as Gold
|
|-heal|p2a: Object|71/100|[from] item: Leftovers
|upkeep
|turn|13
|
|t:|1758980020
|move|p1a: Cinnastick|Nasty Plot|p1a: Cinnastick
|-boost|p1a: Cinnastick|spa|2
|move|p2a: Object|Ruination|p1a: Cinnastick|[miss]
|-miss|p2a: Object|p1a: Cinnastick
|
|-heal|p2a: Object|77/100|[from] item: Leftovers
|upkeep
|turn|14
|
|t:|1758980025
|move|p1a: Cinnastick|Nasty Plot|p1a: Cinnastick
|-boost|p1a: Cinnastick|spa|2
|move|p2a: Object|Ruination|p1a: Cinnastick
|-damage|p1a: Cinnastick|50/100
|
|-heal|p1a: Cinnastick|57/100|[from] item: Leftovers
|-heal|p2a: Object|84/100|[from] item: Leftovers
|upkeep
|turn|15
|
|t:|1758980030
|switch|p2a: INSIGNIFICANT PUFF|Weezing-Galar, F|100/100
|-ability|p2a: INSIGNIFICANT PUFF|Neutralizing Gas
|move|p1a: Cinnastick|Hex|p2a: INSIGNIFICANT PUFF
|-damage|p2a: INSIGNIFICANT PUFF|0 fnt
|faint|p2a: INSIGNIFICANT PUFF
|-end|p2a: INSIGNIFICANT PUFF|ability: Neutralizing Gas
|
|-heal|p1a: Cinnastick|63/100|[from] item: Leftovers
|upkeep
|
|t:|1758980031
|switch|p2a: Child Of Man|Porygon-Z|81/100
|-ability|p2a: Child Of Man|Download|boost
|-boost|p2a: Child Of Man|spa|1
|turn|16
|
|t:|1758980039
|move|p2a: Child Of Man|Thunderbolt|p1a: Cinnastick
|-supereffective|p1a: Cinnastick
|-damage|p1a: Cinnastick|0 fnt
|faint|p1a: Cinnastick
|-damage|p2a: Child Of Man|71/100|[from] item: Life Orb
|
|upkeep
|
|t:|1758980045
|switch|p1a: Flor de Feliza|Comfey, F|100/100
|turn|17
|
|t:|1758980047
|move|p2a: Child Of Man|Psyshock|p1a: Flor de Feliza
|-damage|p1a: Flor de Feliza|17/100
|-damage|p2a: Child Of Man|61/100|[from] item: Life Orb
|move|p1a: Flor de Feliza|Calm Mind|p1a: Flor de Feliza
|-boost|p1a: Flor de Feliza|spa|1
|-boost|p1a: Flor de Feliza|spd|1
|
|upkeep
|turn|18
|
|t:|1758980049
|move|p1a: Flor de Feliza|Draining Kiss|p2a: Child Of Man
|-damage|p2a: Child Of Man|1/100
|-heal|p1a: Flor de Feliza|74/100|[from] drain|[of] p2a: Child Of Man
|-damage|p1a: Flor de Feliza|64/100|[from] item: Life Orb
|move|p2a: Child Of Man|Psyshock|p1a: Flor de Feliza
|-damage|p1a: Flor de Feliza|0 fnt
|faint|p1a: Flor de Feliza
|-damage|p2a: Child Of Man|0 fnt|[from] item: Life Orb
|faint|p2a: Child Of Man
|
|upkeep
|
|t:|1758980059
|switch|p2a: Weapon|Ceruledge, M|100/100
|switch|p1a: Comet|Minior-Orange|51/100
|-formechange|p1a: Comet|Minior-Meteor||[from] ability: Shields Down
|turn|19
|
|t:|1758980061
|move|p2a: Weapon|Swords Dance|p2a: Weapon
|-boost|p2a: Weapon|atk|2
|move|p1a: Comet|Shell Smash|p1a: Comet
|-unboost|p1a: Comet|def|1
|-unboost|p1a: Comet|spd|1
|-boost|p1a: Comet|atk|2
|-boost|p1a: Comet|spa|2
|-boost|p1a: Comet|spe|2
|
|upkeep
|turn|20
|
|t:|1758980064
|move|p1a: Comet|Stone Edge|p2a: Weapon
|-supereffective|p2a: Weapon
|-enditem|p2a: Weapon|Focus Sash
|-damage|p2a: Weapon|1/100
|-ability|p2a: Weapon|Weak Armor|boost
|-unboost|p2a: Weapon|def|1
|-boost|p2a: Weapon|spe|2
|move|p2a: Weapon|Poltergeist||[still]
|-fail|p2a: Weapon
|
|upkeep
|turn|21
|
|t:|1758980072
|move|p2a: Weapon|Shadow Sneak|p1a: Comet
|-damage|p1a: Comet|0 fnt
|faint|p1a: Comet
|
|upkeep
|
|t:|1758980074
|switch|p1a: Liminalia|Alomomola, F|100/100
|turn|22
|
|t:|1758980075
|move|p2a: Weapon|Bitter Blade|p1a: Liminalia
|-resisted|p1a: Liminalia
|-damage|p1a: Liminalia|77/100
|-heal|p2a: Weapon|22/100|[from] drain|[of] p1a: Liminalia
|move|p1a: Liminalia|Flip Turn|p2a: Weapon
|-supereffective|p2a: Weapon
|-damage|p2a: Weapon|0 fnt
|faint|p2a: Weapon
|
|upkeep
|-message|Tatacool forfeited.
|
|win|AsierX
|raw|Tatacool's rating: 1181 &rarr; <strong>1159</strong><br />(-22 for losing)
|raw|AsierX's rating: 1222 &rarr; <strong>1244</strong><br />(+22 for winning)
|l|☆Tatacool
|player|p1|
|l|☆AsierX
|player|p2|
