|j|☆ego_the_amigo
|j|☆theasianjew
|t:|1759040651
|gametype|singles
|player|p1|ego_the_amigo|benga|1159
|player|p2|theasianjew|jupiter|1194
|gen|9
|tier|[Gen 9] OU
|rated|
|rule|HP Percentage Mod: HP is shown in percentages
|rule|Endless Battle Clause: Forcing endless battles is banned
|rule|Species Clause: Limit one of each Pokémon
|rule|OHKO Clause: OHKO moves are banned
|rule|Evasion Items Clause: Evasion items are banned
|rule|Evasion Moves Clause: Evasion moves are banned
|rule|Evasion Abilities Clause: Evasion abilities are banned
|rule|Sleep Moves Clause: Sleep-inducing moves are banned
|clearpoke
|poke|p1|Skarmory, F|
|poke|p1|Braviary-Hisui, M|
|poke|p1|Dragapult, F|
|poke|p1|Greninja-*, M|
|poke|p1|Kingambit, M|
|poke|p1|Blaziken, M|
|poke|p2|Deoxys-Speed|
|poke|p2|Raging Bolt|
|poke|p2|Iron Treads|
|poke|p2|Quaquaval, F|
|poke|p2|Weavile, F|
|poke|p2|Moltres|
|teampreview
|inactive|Battle timer is ON: inactive players will automatically lose when time's up. (requested by ego_the_amigo)
|
|t:|1759040674
|teamsize|p1|6
|teamsize|p2|6
|start
|switch|p1a: Skarmory|Skarmory, F|100/100
|switch|p2a: Moltres|Moltres|100/100
|turn|1
|
|t:|1759040695
|move|p2a: Moltres|Hurricane|p1a: Skarmory|[miss]
|-miss|p2a: Moltres|p1a: Skarmory
|move|p1a: Skarmory|Stealth Rock|p2a: Moltres
|-sidestart|p2: theasianjew|move: Stealth Rock
|
|upkeep
|turn|2
|
|t:|1759040712
|move|p2a: Moltres|Overheat|p1a: Skarmory
|-supereffective|p1a: Skarmory
|-ability|p1a: Skarmory|Sturdy
|-damage|p1a: Skarmory|1/100
|-unboost|p2a: Moltres|spa|2
|move|p1a: Skarmory|Spikes|p2a: Moltres
|-sidestart|p2: theasianjew|Spikes
|
|-heal|p1a: Skarmory|7/100|[from] item: Leftovers
|upkeep
|turn|3
|
|t:|1759040723
|move|p2a: Moltres|Overheat|p1a: Skarmory
|-supereffective|p1a: Skarmory
|-crit|p1a: Skarmory
|-damage|p1a: Skarmory|0 fnt
|-unboost|p2a: Moltres|spa|2
|faint|p1a: Skarmory
|
|upkeep
|
|t:|1759040733
|switch|p1a: Greninja|Greninja, M|100/100
|turn|4
|
|t:|1759040745
|move|p1a: Greninja|Hydro Pump|p2a: Moltres
|-supereffective|p2a: Moltres
|-damage|p2a: Moltres|0 fnt
|faint|p2a: Moltres
|-ability|p1a: Greninja|Battle Bond|boost
|-boost|p1a: Greninja|atk|1
|-boost|p1a: Greninja|spa|1
|-boost|p1a: Greninja|spe|1
|-activate|p1a: Greninja|ability: Battle Bond
|
|upkeep
|
|t:|1759040761
|switch|p2a: Raging Bolt|Raging Bolt|100/100
|-damage|p2a: Raging Bolt|88/100|[from] Stealth Rock
|-damage|p2a: Raging Bolt|76/100|[from] Spikes
|turn|5
|
|t:|1759040774
|move|p1a: Greninja|Ice Beam|p2a: Raging Bolt
|-supereffective|p2a: Raging Bolt
|-damage|p2a: Raging Bolt|9/100
|move|p2a: Raging Bolt|Discharge|p1a: Greninja
|-supereffective|p1a: Greninja
|-damage|p1a: Greninja|0 fnt
|faint|p1a: Greninja
|
|upkeep
|
|t:|1759040785
|switch|p1a: Blaziken|Blaziken, M|100/100
|-item|p1a: Blaziken|Air Balloon
|turn|6
|
|t:|1759040795
|move|p1a: Blaziken|Swords Dance|p1a: Blaziken
|-boost|p1a: Blaziken|atk|2
|move|p2a: Raging Bolt|Zap Cannon|p1a: Blaziken
|-damage|p1a: Blaziken|0 fnt
|-enditem|p1a: Blaziken|Air Balloon
|faint|p1a: Blaziken
|
|upkeep
|
|t:|1759040802
|switch|p1a: Braviary|Braviary-Hisui, M|100/100
|turn|7
|
|t:|1759040808
|move|p2a: Raging Bolt|Discharge|p1a: Braviary
|-supereffective|p1a: Braviary
|-damage|p1a: Braviary|27/100
|move|p1a: Braviary|Psychic|p2a: Raging Bolt
|-damage|p2a: Raging Bolt|0 fnt
|faint|p2a: Raging Bolt
|-end|p2a: Raging Bolt|Protosynthesis|[silent]
|
|upkeep
|
|t:|1759040817
|switch|p2a: Iron Treads|Iron Treads|100/100
|-damage|p2a: Iron Treads|97/100|[from] Stealth Rock
|-damage|p2a: Iron Treads|85/100|[from] Spikes
|turn|8
|
|t:|1759040824
|move|p2a: Iron Treads|Knock Off|p1a: Braviary
|-supereffective|p1a: Braviary
|-crit|p1a: Braviary
|-damage|p1a: Braviary|0 fnt
|-enditem|p1a: Braviary|Assault Vest|[from] move: Knock Off|[of] p2a: Iron Treads
|faint|p1a: Braviary
|
|upkeep
|
|t:|1759040829
|switch|p1a: Kingambit|Kingambit, M|100/100
|-activate|p1a: Kingambit|ability: Supreme Overlord
|-start|p1a: Kingambit|fallen4|[silent]
|turn|9
|
|t:|1759040836
|-terastallize|p1a: Kingambit|Fighting
|move|p2a: Iron Treads|Rapid Spin|p1a: Kingambit
|-damage|p1a: Kingambit|91/100
|-boost|p2a: Iron Treads|spe|1
|-sideend|p2: theasianjew|Spikes|[from] move: Rapid Spin|[of] p2a: Iron Treads
|-sideend|p2: theasianjew|Stealth Rock|[from] move: Rapid Spin|[of] p2a: Iron Treads
|move|p1a: Kingambit|Low Sweep|p2a: Iron Treads
|-supereffective|p2a: Iron Treads
|-damage|p2a: Iron Treads|5/100
|-unboost|p2a: Iron Treads|spe|1
|-damage|p1a: Kingambit|74/100|[from] item: Rocky Helmet|[of] p2a: Iron Treads
|
|upkeep
|turn|10
|
|t:|1759040852
|move|p1a: Kingambit|Sucker Punch||[still]
|-fail|p1a: Kingambit
|move|p2a: Iron Treads|Stealth Rock|p1a: Kingambit
|-sidestart|p1: ego_the_amigo|move: Stealth Rock
|
|upkeep
|turn|11
|
|t:|1759040859
|move|p2a: Iron Treads|Knock Off|p1a: Kingambit
|-resisted|p1a: Kingambit
|-damage|p1a: Kingambit|65/100
|-enditem|p1a: Kingambit|Assault Vest|[from] move: Knock Off|[of] p2a: Iron Treads
|move|p1a: Kingambit|Kowtow Cleave|p2a: Iron Treads
|-damage|p2a: Iron Treads|0 fnt
|-damage|p1a: Kingambit|48/100|[from] item: Rocky Helmet|[of] p2a: Iron Treads
|faint|p2a: Iron Treads
|-end|p2a: Iron Treads|Quark Drive|[silent]
|
|upkeep
|inactive|theasianjew has 120 seconds left.
|
|t:|1759040894
|switch|p2a: Weavile|Weavile, F|100/100
|-ability|p2a: Weavile|Pressure
|turn|12
|inactive|theasianjew has 120 seconds left.
|
|t:|1759040903
|move|p2a: Weavile|Ice Spinner|p1a: Kingambit
|-damage|p1a: Kingambit|11/100
|-damage|p2a: Weavile|91/100|[from] item: Life Orb
|move|p1a: Kingambit|Low Sweep|p2a: Weavile
|-supereffective|p2a: Weavile
|-damage|p2a: Weavile|0 fnt
|faint|p2a: Weavile
|
|upkeep
|inactive|theasianjew has 120 seconds left.
|
|t:|1759040910
|switch|p2a: Quaquaval|Quaquaval, F|100/100
|turn|13
|
|t:|1759040915
|move|p1a: Kingambit|Sucker Punch|p2a: Quaquaval
|-resisted|p2a: Quaquaval
|-damage|p2a: Quaquaval|60/100
|move|p2a: Quaquaval|Aqua Step|p1a: Kingambit
|-damage|p1a: Kingambit|0 fnt
|-boost|p2a: Quaquaval|spe|1
|faint|p1a: Kingambit
|-end|p1a: Kingambit|fallen4|[silent]
|-ability|p2a: Quaquaval|Moxie|boost
|-boost|p2a: Quaquaval|atk|1
|
|upkeep
|
|t:|1759040924
|switch|p1a: Dragapult|Dragapult, F|100/100
|-damage|p1a: Dragapult|88/100|[from] Stealth Rock
|turn|14
|
|t:|1759040930
|move|p2a: Quaquaval|Knock Off|p1a: Dragapult
|-supereffective|p1a: Dragapult
|-damage|p1a: Dragapult|0 fnt
|-enditem|p1a: Dragapult|Leftovers|[from] move: Knock Off|[of] p2a: Quaquaval
|faint|p1a: Dragapult
|
|win|theasianjew
|raw|ego_the_amigo's rating: 1159 &rarr; <strong>1137</strong><br />(-22 for losing)
|raw|theasianjew's rating: 1194 &rarr; <strong>1216</strong><br />(+22 for winning)
|l|☆ego_the_amigo
|player|p1|
