|j|☆isochrysis
|j|☆Jinghan Yu
|t:|1758963192
|gametype|singles
|player|p1|isochrysis|psychic-gen4|1213
|player|p2|Jinghan Yu|nate|1241
|gen|9
|tier|[Gen 9] OU
|rated|
|rule|HP Percentage Mod: HP is shown in percentages
|rule|Endless Battle Clause: Forcing endless battles is banned
|rule|Species Clause: Limit one of each Pokémon
|rule|OHKO Clause: OHKO moves are banned
|rule|Evasion Items Clause: Evasion items are banned
|rule|Evasion Moves Clause: Evasion moves are banned
|rule|Evasion Abilities Clause: Evasion abilities are banned
|rule|Sleep Moves Clause: Sleep-inducing moves are banned
|clearpoke
|poke|p1|Thundurus, M|
|poke|p1|Weavile, M|
|poke|p1|Gyarados, F|
|poke|p1|Jirachi|
|poke|p1|Volbeat, M|
|poke|p1|Garchomp, F|
|poke|p2|Scizor, M|
|poke|p2|Tyranitar, M|
|poke|p2|Garchomp, M|
|poke|p2|Gyarados, M|
|poke|p2|Gengar, M|
|poke|p2|Excadrill, M|
|teampreview
|
|t:|1758963202
|teamsize|p1|6
|teamsize|p2|6
|start
|switch|p1a: Thundurus|Thundurus, M|100/100
|switch|p2a: Boden|Scizor, M, shiny|100/100
|turn|1
|
|t:|1758963208
|switch|p2a: Timothy|Tyranitar, M|100/100
|-weather|Sandstorm|[from] ability: Sand Stream|[of] p2a: Timothy
|move|p1a: Thundurus|Thunder Wave|p2a: Timothy
|-hint|Since gen 7, Dark is immune to Prankster moves.
|-immune|p2a: Timothy
|
|-weather|Sandstorm|[upkeep]
|-damage|p1a: Thundurus|94/100|[from] Sandstorm
|upkeep
|turn|2
|
|t:|1758963221
|-terastallize|p1a: Thundurus|Ice
|move|p1a: Thundurus|Tera Blast|p2a: Timothy|[anim] Tera Blast Ice
|-damage|p2a: Timothy|64/100
|-damage|p1a: Thundurus|84/100|[from] item: Life Orb
|move|p2a: Timothy|Stealth Rock|p1a: Thundurus
|-sidestart|p1: isochrysis|move: Stealth Rock
|
|-weather|Sandstorm|[upkeep]
|-damage|p1a: Thundurus|78/100|[from] Sandstorm
|upkeep
|turn|3
|
|t:|1758963231
|move|p1a: Thundurus|Thunderbolt|p2a: Timothy
|-damage|p2a: Timothy|35/100
|-damage|p1a: Thundurus|68/100|[from] item: Life Orb
|move|p2a: Timothy|Rock Slide|p1a: Thundurus|[miss]
|-miss|p2a: Timothy|p1a: Thundurus
|
|-weather|Sandstorm|[upkeep]
|-damage|p1a: Thundurus|62/100|[from] Sandstorm
|upkeep
|turn|4
|
|t:|1758963242
|switch|p2a: Boden|Scizor, M, shiny|100/100
|move|p1a: Thundurus|Tera Blast|p2a: Boden|[anim] Tera Blast Ice
|-resisted|p2a: Boden
|-damage|p2a: Boden|81/100
|-damage|p1a: Thundurus|52/100|[from] item: Life Orb
|
|-weather|Sandstorm|[upkeep]
|-damage|p1a: Thundurus|46/100|[from] Sandstorm
|upkeep
|turn|5
|
|t:|1758963250
|move|p1a: Thundurus|Thunder Wave|p2a: Boden
|-status|p2a: Boden|par
|move|p2a: Boden|Bullet Punch|p1a: Thundurus
|-supereffective|p1a: Thundurus
|-damage|p1a: Thundurus|0 fnt
|faint|p1a: Thundurus
|
|-weather|Sandstorm|[upkeep]
|upkeep
|
|t:|1758963270
|switch|p1a: Garchomp|Garchomp, F|100/100
|-damage|p1a: Garchomp|94/100|[from] Stealth Rock
|turn|6
|
|t:|1758963274
|move|p1a: Garchomp|Swords Dance|p1a: Garchomp
|-boost|p1a: Garchomp|atk|2
|move|p2a: Boden|Swords Dance|p2a: Boden
|-boost|p2a: Boden|atk|2
|
|-weather|Sandstorm|[upkeep]
|upkeep
|turn|7
|
|t:|1758963278
|move|p2a: Boden|Bullet Punch|p1a: Garchomp
|-damage|p1a: Garchomp|8/100
|-damage|p2a: Boden|68/100 par|[from] ability: Rough Skin|[of] p1a: Garchomp
|-damage|p2a: Boden|52/100 par|[from] item: Rocky Helmet|[of] p1a: Garchomp
|move|p1a: Garchomp|Earthquake|p2a: Boden
|-damage|p2a: Boden|0 fnt
|faint|p2a: Boden
|
|-weather|Sandstorm|[upkeep]
|upkeep
|
|t:|1758963286
|switch|p2a: Emmett|Excadrill, M|100/100
|-item|p2a: Emmett|Air Balloon
|turn|8
|
|t:|1758963293
|switch|p1a: Gyarados|Gyarados, F|100/100
|-damage|p1a: Gyarados|76/100|[from] Stealth Rock
|-ability|p1a: Gyarados|Intimidate|boost
|-unboost|p2a: Emmett|atk|1
|move|p2a: Emmett|Earthquake|p1a: Gyarados
|-immune|p1a: Gyarados
|
|-weather|none
|upkeep
|turn|9
|
|t:|1758963303
|switch|p2a: Timothy|Tyranitar, M|35/100
|-weather|Sandstorm|[from] ability: Sand Stream|[of] p2a: Timothy
|move|p1a: Gyarados|Dragon Dance|p1a: Gyarados
|-boost|p1a: Gyarados|atk|1
|-boost|p1a: Gyarados|spe|1
|
|-weather|Sandstorm|[upkeep]
|-damage|p1a: Gyarados|70/100|[from] Sandstorm
|upkeep
|turn|10
|
|t:|1758963310
|-terastallize|p2a: Timothy|Dragon
|move|p1a: Gyarados|Earthquake|p2a: Timothy
|-damage|p2a: Timothy|0 fnt
|faint|p2a: Timothy
|
|-weather|Sandstorm|[upkeep]
|-damage|p1a: Gyarados|64/100|[from] Sandstorm
|upkeep
|
|t:|1758963317
|switch|p2a: Mangus|Garchomp, M, shiny|100/100
|turn|11
|
|t:|1758963323
|move|p1a: Gyarados|Earthquake|p2a: Mangus
|-damage|p2a: Mangus|47/100
|move|p2a: Mangus|Scale Shot|p1a: Gyarados
|-damage|p1a: Gyarados|46/100
|-damage|p1a: Gyarados|29/100
|-damage|p1a: Gyarados|12/100
|-hitcount|p1a: Gyarados|3
|-unboost|p2a: Mangus|def|1
|-boost|p2a: Mangus|spe|1
|
|-weather|Sandstorm|[upkeep]
|-damage|p1a: Gyarados|6/100|[from] Sandstorm
|upkeep
|turn|12
|
|t:|1758963339
|move|p2a: Mangus|Shadow Claw|p1a: Gyarados
|-damage|p1a: Gyarados|0 fnt
|-damage|p2a: Mangus|31/100|[from] item: Rocky Helmet|[of] p1a: Gyarados
|faint|p1a: Gyarados
|
|-weather|Sandstorm|[upkeep]
|upkeep
|
|t:|1758963350
|switch|p1a: Garchomp|Garchomp, F|8/100
|-damage|p1a: Garchomp|1/100|[from] Stealth Rock
|turn|13
|
|t:|1758963361
|move|p2a: Mangus|Earthquake|p1a: Garchomp
|-damage|p1a: Garchomp|0 fnt
|faint|p1a: Garchomp
|
|-weather|Sandstorm|[upkeep]
|upkeep
|
|t:|1758963372
|switch|p1a: Jirachi|Jirachi|100/100
|-damage|p1a: Jirachi|94/100|[from] Stealth Rock
|turn|14
|
|t:|1758963380
|move|p1a: Jirachi|Iron Head|p2a: Mangus
|-damage|p2a: Mangus|0 fnt
|-damage|p1a: Jirachi|82/100|[from] ability: Rough Skin|[of] p2a: Mangus
|-damage|p1a: Jirachi|66/100|[from] item: Rocky Helmet|[of] p2a: Mangus
|faint|p2a: Mangus
|
|-weather|Sandstorm|[upkeep]
|upkeep
|
|t:|1758963383
|switch|p2a: Emmett|Excadrill, M|100/100
|-item|p2a: Emmett|Air Balloon
|turn|15
|
|t:|1758963392
|switch|p1a: Volbeat|Volbeat, M|100/100
|-damage|p1a: Volbeat|76/100|[from] Stealth Rock
|move|p2a: Emmett|Rapid Spin|p1a: Volbeat
|-damage|p1a: Volbeat|53/100
|-boost|p2a: Emmett|spe|1
|
|-weather|Sandstorm|[upkeep]
|-damage|p1a: Volbeat|48/100|[from] Sandstorm
|upkeep
|turn|16
|
|t:|1758963398
|move|p1a: Volbeat|Encore|p2a: Emmett
|-start|p2a: Emmett|Encore
|move|p2a: Emmett|Rapid Spin|p1a: Volbeat
|-damage|p1a: Volbeat|25/100
|-boost|p2a: Emmett|spe|1
|
|-weather|none
|upkeep
|turn|17
|
|t:|1758963404
|switch|p1a: Weavile|Weavile, M|100/100
|-damage|p1a: Weavile|76/100|[from] Stealth Rock
|move|p2a: Emmett|Rapid Spin|p1a: Weavile
|-crit|p1a: Weavile
|-damage|p1a: Weavile|27/100
|-boost|p2a: Emmett|spe|1
|
|upkeep
|turn|18
|
|t:|1758963421
|move|p2a: Emmett|Rapid Spin|p1a: Weavile
|-damage|p1a: Weavile|0 fnt
|-boost|p2a: Emmett|spe|1
|faint|p1a: Weavile
|
|-end|p2a: Emmett|Encore
|upkeep
|
|t:|1758963427
|switch|p1a: Jirachi|Jirachi|66/100
|-damage|p1a: Jirachi|59/100|[from] Stealth Rock
|turn|19
|
|t:|1758963430
|move|p2a: Emmett|Earthquake|p1a: Jirachi
|-supereffective|p1a: Jirachi
|-damage|p1a: Jirachi|0 fnt
|faint|p1a: Jirachi
|
|upkeep
|c|☆isochrysis|gg
|-message|isochrysis forfeited.
|
|win|Jinghan Yu
|raw|isochrysis's rating: 1213 &rarr; <strong>1190</strong><br />(-23 for losing)
|raw|Jinghan Yu's rating: 1241 &rarr; <strong>1264</strong><br />(+23 for winning)
|l|☆Jinghan Yu
|player|p2|
|l|☆isochrysis
|player|p1|
