|j|☆OTvoid
|j|☆FOX lRL
|t:|1758989891
|gametype|singles
|player|p1|OTvoid|steven|1415
|player|p2|FOX lRL|266|1417
|gen|9
|tier|[Gen 9] OU
|rated|
|rule|HP Percentage Mod: HP is shown in percentages
|rule|Endless Battle Clause: Forcing endless battles is banned
|rule|Species Clause: Limit one of each Pokémon
|rule|OHKO Clause: OHKO moves are banned
|rule|Evasion Items Clause: Evasion items are banned
|rule|Evasion Moves Clause: Evasion moves are banned
|rule|Evasion Abilities Clause: Evasion abilities are banned
|rule|Sleep Moves Clause: Sleep-inducing moves are banned
|clearpoke
|poke|p1|Weavile, F|
|poke|p1|Raging Bolt|
|poke|p1|Iron Valiant|
|poke|p1|Gliscor, M|
|poke|p1|Corviknight, M|
|poke|p1|Skeledirge, M|
|poke|p2|Cresselia, F|
|poke|p2|Glastrier|
|poke|p2|Ursaluna, M|
|poke|p2|Hatterene, F|
|poke|p2|Kingambit, F|
|poke|p2|Torkoal, M|
|teampreview
|inactive|Battle timer is ON: inactive players will automatically lose when time's up. (requested by OTvoid)
|
|t:|1758989911
|teamsize|p1|6
|teamsize|p2|6
|start
|switch|p1a: Gliscor|Gliscor, M|100/100
|switch|p2a: Hatterene|Hatterene, F|100/100
|turn|1
|
|t:|1758989920
|move|p1a: Gliscor|Protect|p1a: Gliscor
|-singleturn|p1a: Gliscor|Protect
|move|p2a: Hatterene|Trick Room|p2a: Hatterene
|-fieldstart|move: Trick Room|[of] p2a: Hatterene
|
|-status|p1a: Gliscor|tox|[from] item: Toxic Orb
|upkeep
|turn|2
|
|t:|1758989924
|move|p2a: Hatterene|Misty Explosion|p1a: Gliscor
|-damage|p1a: Gliscor|48/100 tox
|faint|p2a: Hatterene
|move|p1a: Gliscor|Knock Off|p2: Hatterene|[notarget]
|-fail|p1a: Gliscor
|
|-heal|p1a: Gliscor|61/100 tox|[from] ability: Poison Heal
|upkeep
|
|t:|1758989946
|switch|p2a: Glastrier|Glastrier|100/100
|turn|3
|
|t:|1758989951
|move|p1a: Gliscor|Protect|p1a: Gliscor
|-singleturn|p1a: Gliscor|Protect
|move|p2a: Glastrier|Swords Dance|p2a: Glastrier
|-boost|p2a: Glastrier|atk|2
|
|-heal|p1a: Gliscor|73/100 tox|[from] ability: Poison Heal
|upkeep
|turn|4
|inactive|FOX lRL has 120 seconds left.
|
|t:|1758990001
|switch|p1a: Skeledirge|Skeledirge, M|100/100
|-terastallize|p2a: Glastrier|Electric
|move|p2a: Glastrier|Tera Blast|p1a: Skeledirge|[anim] Tera Blast Electric
|-damage|p1a: Skeledirge|57/100
|
|upkeep
|turn|5
|
|t:|1758990023
|move|p2a: Glastrier|Tera Blast|p1a: Skeledirge|[anim] Tera Blast Electric
|-damage|p1a: Skeledirge|15/100
|move|p1a: Skeledirge|Will-O-Wisp|p2a: Glastrier
|-status|p2a: Glastrier|brn
|
|-damage|p2a: Glastrier|94/100 brn|[from] brn
|-fieldend|move: Trick Room
|upkeep
|turn|6
|inactive|FOX lRL has 90 seconds left.
|
|t:|1758990039
|switch|p2a: Ursaluna|Ursaluna, M|100/100
|move|p1a: Skeledirge|Slack Off|p1a: Skeledirge
|-heal|p1a: Skeledirge|65/100
|
|-status|p2a: Ursaluna|brn|[from] item: Flame Orb
|upkeep
|turn|7
|
|t:|1758990048
|switch|p1a: Corviknight|Corviknight, M|100/100
|-ability|p1a: Corviknight|Pressure
|move|p2a: Ursaluna|Substitute|p2a: Ursaluna
|-start|p2a: Ursaluna|Substitute
|-damage|p2a: Ursaluna|76/100 brn
|
|-damage|p2a: Ursaluna|70/100 brn|[from] brn
|upkeep
|turn|8
|
|t:|1758990055
|move|p1a: Corviknight|Brave Bird|p2a: Ursaluna
|-end|p2a: Ursaluna|Substitute
|-damage|p1a: Corviknight|91/100|[from] Recoil|[of] p2a: Ursaluna
|move|p2a: Ursaluna|Fire Punch|p1a: Corviknight
|-supereffective|p1a: Corviknight
|-damage|p1a: Corviknight|33/100
|-damage|p2a: Ursaluna|53/100 brn|[from] item: Rocky Helmet|[of] p1a: Corviknight
|
|-damage|p2a: Ursaluna|47/100 brn|[from] brn
|upkeep
|turn|9
|
|t:|1758990062
|move|p1a: Corviknight|Roost|p1a: Corviknight
|-heal|p1a: Corviknight|83/100
|-singleturn|p1a: Corviknight|move: Roost
|move|p2a: Ursaluna|Fire Punch|p1a: Corviknight
|-supereffective|p1a: Corviknight
|-damage|p1a: Corviknight|30/100
|-damage|p2a: Ursaluna|30/100 brn|[from] item: Rocky Helmet|[of] p1a: Corviknight
|
|-damage|p2a: Ursaluna|24/100 brn|[from] brn
|upkeep
|turn|10
|-message|FOX lRL forfeited.
|
|win|OTvoid
|raw|OTvoid's rating: 1415 &rarr; <strong>1435</strong><br />(+20 for winning)
|raw|FOX lRL's rating: 1417 &rarr; <strong>1397</strong><br />(-20 for losing)
|l|☆FOX lRL
|player|p2|
|l|☆OTvoid
|player|p1|
