|j|☆lerendezvous
|j|☆chaheed
|t:|1758956473
|gametype|singles
|player|p1|lerendezvous|101|1629
|player|p2|chaheed|ninjaboy|1716
|gen|9
|tier|[Gen 9] OU
|rated|
|rule|HP Percentage Mod: HP is shown in percentages
|rule|Endless Battle Clause: Forcing endless battles is banned
|rule|Species Clause: Limit one of each Pokémon
|rule|OHKO Clause: OHKO moves are banned
|rule|Evasion Items Clause: Evasion items are banned
|rule|Evasion Moves Clause: Evasion moves are banned
|rule|Evasion Abilities Clause: Evasion abilities are banned
|rule|Sleep Moves Clause: Sleep-inducing moves are banned
|clearpoke
|poke|p1|Ogerpon-Wellspring, F|
|poke|p1|Slowking-Galar, M|
|poke|p1|Great Tusk|
|poke|p1|Moltres|
|poke|p1|Dragapult, M|
|poke|p1|Kingambit, M|
|poke|p2|Dragonite, F|
|poke|p2|Dragapult, F|
|poke|p2|Iron Moth|
|poke|p2|Greninja-*, M|
|poke|p2|Serperior, M|
|poke|p2|Iron Treads|
|teampreview
|
|t:|1758956481
|teamsize|p1|6
|teamsize|p2|6
|start
|switch|p1a: Slowking|Slowking-Galar, M|100/100
|switch|p2a: Dragonite|Dragonite, F|100/100
|turn|1
|inactive|Battle timer is ON: inactive players will automatically lose when time's up. (requested by lerendezvous)
|
|t:|1758956486
|move|p2a: Dragonite|Scale Shot|p1a: Slowking
|-damage|p1a: Slowking|87/100
|-damage|p1a: Slowking|73/100
|-damage|p1a: Slowking|58/100
|-damage|p1a: Slowking|45/100
|-damage|p1a: Slowking|32/100
|-hitcount|p1a: Slowking|5
|-unboost|p2a: Dragonite|def|1
|-boost|p2a: Dragonite|spe|1
|move|p1a: Slowking|Ice Beam|p2a: Dragonite
|-supereffective|p2a: Dragonite
|-damage|p2a: Dragonite|39/100
|
|upkeep
|turn|2
|
|t:|1758956499
|switch|p1a: Kingambit|Kingambit, M|100/100
|move|p2a: Dragonite|Scale Shot|p1a: Kingambit|[miss]
|-miss|p2a: Dragonite|p1a: Kingambit
|
|upkeep
|turn|3
|
|t:|1758956504
|move|p2a: Dragonite|Fire Punch|p1a: Kingambit
|-supereffective|p1a: Kingambit
|-crit|p1a: Kingambit
|-damage|p1a: Kingambit|36/100
|move|p1a: Kingambit|Iron Head|p2a: Dragonite
|-damage|p2a: Dragonite|0 fnt
|faint|p2a: Dragonite
|
|-heal|p1a: Kingambit|42/100|[from] item: Leftovers
|upkeep
|
|t:|1758956517
|switch|p2a: Iron Moth|Iron Moth|100/100
|-enditem|p2a: Iron Moth|Booster Energy
|-activate|p2a: Iron Moth|ability: Quark Drive|[fromitem]
|-start|p2a: Iron Moth|quarkdrivespe
|turn|4
|
|t:|1758956522
|-end|p1a: Kingambit|fallenundefined|[silent]
|switch|p1a: Slowking|Slowking-Galar, M|65/100
|move|p2a: Iron Moth|Fiery Dance|p1a: Slowking
|-damage|p1a: Slowking|44/100
|
|upkeep
|turn|5
|
|t:|1758956528
|-end|p2a: Iron Moth|Quark Drive|[silent]
|switch|p2a: Greninja|Greninja, M|100/100
|move|p1a: Slowking|Sludge Bomb|p2a: Greninja
|-crit|p2a: Greninja
|-damage|p2a: Greninja|2/100
|-status|p2a: Greninja|psn
|
|-damage|p2a: Greninja|0 fnt|[from] psn
|faint|p2a: Greninja
|upkeep
|
|t:|1758956536
|switch|p2a: Dragapult|Dragapult, F|100/100
|turn|6
|
|t:|1758956541
|switch|p1a: Kingambit|Kingambit, M|42/100
|move|p2a: Dragapult|Dragon Darts|p1a: Kingambit
|-resisted|p1a: Kingambit
|-damage|p1a: Kingambit|33/100
|-anim|p2a: Dragapult|Dragon Darts|p1a: Kingambit
|-resisted|p1a: Kingambit
|-damage|p1a: Kingambit|24/100
|
|-heal|p1a: Kingambit|30/100|[from] item: Leftovers
|upkeep
|turn|7
|
|t:|1758956550
|move|p2a: Dragapult|Hydro Pump|p1a: Kingambit
|-damage|p1a: Kingambit|0 fnt
|faint|p1a: Kingambit
|-end|p1a: Kingambit|fallenundefined|[silent]
|
|upkeep
|
|t:|1758956558
|switch|p1a: Dragapult|Dragapult, M|100/100
|turn|8
|
|t:|1758956563
|-terastallize|p1a: Dragapult|Fairy
|move|p1a: Dragapult|Dragon Darts|p2a: Dragapult
|-supereffective|p2a: Dragapult
|-damage|p2a: Dragapult|37/100
|-anim|p1a: Dragapult|Dragon Darts|p2a: Dragapult
|-supereffective|p2a: Dragapult
|-damage|p2a: Dragapult|0 fnt
|faint|p2a: Dragapult
|
|upkeep
|
|t:|1758956579
|switch|p2a: Serperior|Serperior, M|100/100
|turn|9
|
|t:|1758956583
|move|p1a: Dragapult|U-turn|p2a: Serperior
|-supereffective|p2a: Serperior
|-damage|p2a: Serperior|52/100
|
|t:|1758956590
|switch|p1a: Slowking|Slowking-Galar, M|77/100|[from] U-turn
|move|p2a: Serperior|Leaf Storm|p1a: Slowking
|-resisted|p1a: Slowking
|-damage|p1a: Slowking|66/100
|-boost|p2a: Serperior|spa|2
|
|upkeep
|turn|10
|
|t:|1758956598
|-terastallize|p2a: Serperior|Ground
|move|p2a: Serperior|Tera Blast|p1a: Slowking|[anim] Tera Blast Ground
|-supereffective|p1a: Slowking
|-damage|p1a: Slowking|3/100
|move|p1a: Slowking|Ice Beam|p2a: Serperior
|-supereffective|p2a: Serperior
|-damage|p2a: Serperior|0 fnt
|faint|p2a: Serperior
|
|upkeep
|
|t:|1758956606
|switch|p2a: Iron Moth|Iron Moth|100/100
|turn|11
|
|t:|1758956610
|move|p2a: Iron Moth|Fiery Dance|p1a: Slowking
|-damage|p1a: Slowking|0 fnt
|-boost|p2a: Iron Moth|spa|1
|faint|p1a: Slowking
|
|upkeep
|
|t:|1758956616
|switch|p1a: Ogerpon|Ogerpon-Wellspring, F|100/100
|turn|12
|
|t:|1758956621
|move|p2a: Iron Moth|Sludge Wave|p1a: Ogerpon
|-supereffective|p1a: Ogerpon
|-damage|p1a: Ogerpon|0 fnt
|faint|p1a: Ogerpon
|
|upkeep
|
|t:|1758956626
|switch|p1a: Great Tusk|Great Tusk|100/100
|turn|13
|
|t:|1758956630
|move|p2a: Iron Moth|Energy Ball|p1a: Great Tusk
|-supereffective|p1a: Great Tusk
|-damage|p1a: Great Tusk|0 fnt
|faint|p1a: Great Tusk
|-end|p1a: Great Tusk|Protosynthesis|[silent]
|
|upkeep
|
|t:|1758956636
|switch|p1a: Dragapult|Dragapult, M, tera:Fairy|100/100
|turn|14
|
|t:|1758956640
|move|p1a: Dragapult|Dragon Darts|p2a: Iron Moth
|-damage|p2a: Iron Moth|65/100
|-anim|p1a: Dragapult|Dragon Darts|p2a: Iron Moth
|-damage|p2a: Iron Moth|34/100
|move|p2a: Iron Moth|Sludge Wave|p1a: Dragapult
|-supereffective|p1a: Dragapult
|-damage|p1a: Dragapult|0 fnt
|faint|p1a: Dragapult
|
|upkeep
|
|t:|1758956646
|switch|p1a: Moltres|Moltres|100/100
|turn|15
|
|t:|1758956650
|move|p2a: Iron Moth|Sludge Wave|p1a: Moltres
|-damage|p1a: Moltres|31/100
|move|p1a: Moltres|Roar|p2a: Iron Moth
|-end|p2a: Iron Moth|Quark Drive|[silent]
|drag|p2a: Iron Treads|Iron Treads|100/100
|-enditem|p2a: Iron Treads|Booster Energy
|-activate|p2a: Iron Treads|ability: Quark Drive|[fromitem]
|-start|p2a: Iron Treads|quarkdrivespe
|
|upkeep
|turn|16
|
|t:|1758956659
|-end|p2a: Iron Treads|Quark Drive|[silent]
|switch|p2a: Iron Moth|Iron Moth|34/100
|move|p1a: Moltres|Roar|p2a: Iron Moth
|-end|p2a: Iron Moth|Quark Drive|[silent]
|drag|p2a: Iron Treads|Iron Treads|100/100
|
|upkeep
|turn|17
|
|t:|1758956664
|-end|p2a: Iron Treads|Quark Drive|[silent]
|switch|p2a: Iron Moth|Iron Moth|34/100
|move|p1a: Moltres|Roar|p2a: Iron Moth
|-end|p2a: Iron Moth|Quark Drive|[silent]
|drag|p2a: Iron Treads|Iron Treads|100/100
|
|upkeep
|turn|18
|
|t:|1758956670
|-end|p2a: Iron Treads|Quark Drive|[silent]
|switch|p2a: Iron Moth|Iron Moth|34/100
|move|p1a: Moltres|Roar|p2a: Iron Moth
|-end|p2a: Iron Moth|Quark Drive|[silent]
|drag|p2a: Iron Treads|Iron Treads|100/100
|
|upkeep
|turn|19
|
|t:|1758956675
|-end|p2a: Iron Treads|Quark Drive|[silent]
|switch|p2a: Iron Moth|Iron Moth|34/100
|move|p1a: Moltres|Roar|p2a: Iron Moth
|-end|p2a: Iron Moth|Quark Drive|[silent]
|drag|p2a: Iron Treads|Iron Treads|100/100
|
|upkeep
|turn|20
|
|t:|1758956681
|-end|p2a: Iron Treads|Quark Drive|[silent]
|switch|p2a: Iron Moth|Iron Moth|34/100
|move|p1a: Moltres|Roar|p2a: Iron Moth
|-end|p2a: Iron Moth|Quark Drive|[silent]
|drag|p2a: Iron Treads|Iron Treads|100/100
|
|upkeep
|turn|21
|
|t:|1758956687
|-end|p2a: Iron Treads|Quark Drive|[silent]
|switch|p2a: Iron Moth|Iron Moth|34/100
|move|p1a: Moltres|Roar|p2a: Iron Moth
|-end|p2a: Iron Moth|Quark Drive|[silent]
|drag|p2a: Iron Treads|Iron Treads|100/100
|
|upkeep
|turn|22
|
|t:|1758956692
|-end|p2a: Iron Treads|Quark Drive|[silent]
|switch|p2a: Iron Moth|Iron Moth|34/100
|move|p1a: Moltres|Roar|p2a: Iron Moth
|-end|p2a: Iron Moth|Quark Drive|[silent]
|drag|p2a: Iron Treads|Iron Treads|100/100
|
|upkeep
|turn|23
|
|t:|1758956697
|-end|p2a: Iron Treads|Quark Drive|[silent]
|switch|p2a: Iron Moth|Iron Moth|34/100
|move|p1a: Moltres|Roar|p2a: Iron Moth
|-end|p2a: Iron Moth|Quark Drive|[silent]
|drag|p2a: Iron Treads|Iron Treads|100/100
|
|upkeep
|turn|24
|
|t:|1758956703
|-end|p2a: Iron Treads|Quark Drive|[silent]
|switch|p2a: Iron Moth|Iron Moth|34/100
|move|p1a: Moltres|Roar|p2a: Iron Moth
|-end|p2a: Iron Moth|Quark Drive|[silent]
|drag|p2a: Iron Treads|Iron Treads|100/100
|
|upkeep
|turn|25
|
|t:|1758956708
|-end|p2a: Iron Treads|Quark Drive|[silent]
|switch|p2a: Iron Moth|Iron Moth|34/100
|move|p1a: Moltres|Roar|p2a: Iron Moth
|-end|p2a: Iron Moth|Quark Drive|[silent]
|drag|p2a: Iron Treads|Iron Treads|100/100
|
|upkeep
|turn|26
|
|t:|1758956714
|-end|p2a: Iron Treads|Quark Drive|[silent]
|switch|p2a: Iron Moth|Iron Moth|34/100
|move|p1a: Moltres|Roar|p2a: Iron Moth
|-end|p2a: Iron Moth|Quark Drive|[silent]
|drag|p2a: Iron Treads|Iron Treads|100/100
|
|upkeep
|turn|27
|
|t:|1758956719
|-end|p2a: Iron Treads|Quark Drive|[silent]
|switch|p2a: Iron Moth|Iron Moth|34/100
|move|p1a: Moltres|Roar|p2a: Iron Moth
|-end|p2a: Iron Moth|Quark Drive|[silent]
|drag|p2a: Iron Treads|Iron Treads|100/100
|
|upkeep
|turn|28
|
|t:|1758956725
|-end|p2a: Iron Treads|Quark Drive|[silent]
|switch|p2a: Iron Moth|Iron Moth|34/100
|move|p1a: Moltres|Roar|p2a: Iron Moth
|-end|p2a: Iron Moth|Quark Drive|[silent]
|drag|p2a: Iron Treads|Iron Treads|100/100
|
|upkeep
|turn|29
|
|t:|1758956730
|-end|p2a: Iron Treads|Quark Drive|[silent]
|switch|p2a: Iron Moth|Iron Moth|34/100
|move|p1a: Moltres|Roar|p2a: Iron Moth
|-end|p2a: Iron Moth|Quark Drive|[silent]
|drag|p2a: Iron Treads|Iron Treads|100/100
|
|upkeep
|turn|30
|
|t:|1758956736
|move|p2a: Iron Treads|Ice Spinner|p1a: Moltres
|-damage|p1a: Moltres|14/100
|move|p1a: Moltres|Roar|p2a: Iron Treads
|-end|p2a: Iron Treads|Quark Drive|[silent]
|drag|p2a: Iron Moth|Iron Moth|34/100
|
|upkeep
|turn|31
|
|t:|1758956741
|move|p2a: Iron Moth|Sludge Wave|p1a: Moltres
|-damage|p1a: Moltres|0 fnt
|faint|p1a: Moltres
|
|win|chaheed
|raw|lerendezvous's rating: 1629 &rarr; <strong>1614</strong><br />(-15 for losing)
|raw|chaheed's rating: 1716 &rarr; <strong>1731</strong><br />(+15 for winning)
|l|☆lerendezvous
|player|p1|
|l|☆chaheed
|player|p2|
