|j|☆AteefIsThug
|j|☆capitolg
|t:|1759042178
|gametype|singles
|player|p1|AteefIsThug|ingo|1251
|player|p2|capitolg|bellelba|1234
|gen|9
|tier|[Gen 9] OU
|rated|
|rule|HP Percentage Mod: HP is shown in percentages
|rule|Endless Battle Clause: Forcing endless battles is banned
|rule|Species Clause: Limit one of each Pokémon
|rule|OHKO Clause: OHKO moves are banned
|rule|Evasion Items Clause: Evasion items are banned
|rule|Evasion Moves Clause: Evasion moves are banned
|rule|Evasion Abilities Clause: Evasion abilities are banned
|rule|Sleep Moves Clause: Sleep-inducing moves are banned
|clearpoke
|poke|p1|Cloyster, M|
|poke|p1|Glimmora, F|
|poke|p1|Dondozo, M|
|poke|p1|Dragonite, M|
|poke|p1|Corviknight, F|
|poke|p1|Iron Moth|
|poke|p2|Masquerain, F|
|poke|p2|Articuno-Galar|
|poke|p2|Smeargle, F|
|poke|p2|Empoleon, F|
|poke|p2|Passimian, F|
|poke|p2|Chandelure, F|
|teampreview
|
|t:|1759042183
|teamsize|p1|6
|teamsize|p2|6
|start
|switch|p1a: Glimmora|Glimmora, F|100/100
|switch|p2a: Masquerain|Masquerain, F|100/100
|-ability|p2a: Masquerain|Intimidate|boost
|-unboost|p1a: Glimmora|atk|1
|turn|1
|inactive|Battle timer is ON: inactive players will automatically lose when time's up. (requested by AteefIsThug)
|
|t:|1759042189
|move|p1a: Glimmora|Stealth Rock|p2a: Masquerain
|-sidestart|p2: capitolg|move: Stealth Rock
|move|p2a: Masquerain|Whirlwind|p1a: Glimmora
|drag|p1a: Dondozo|Dondozo, M|100/100
|
|upkeep
|turn|2
|
|t:|1759042196
|move|p2a: Masquerain|Sticky Web|p1a: Dondozo
|-sidestart|p1: AteefIsThug|move: Sticky Web
|move|p1a: Dondozo|Avalanche|p2a: Masquerain
|-supereffective|p2a: Masquerain
|-damage|p2a: Masquerain|60/100
|
|upkeep
|turn|3
|
|t:|1759042204
|move|p2a: Masquerain|Bug Buzz|p1a: Dondozo
|-damage|p1a: Dondozo|59/100
|-unboost|p1a: Dondozo|spd|1
|move|p1a: Dondozo|Avalanche|p2a: Masquerain
|-supereffective|p2a: Masquerain
|-damage|p2a: Masquerain|0 fnt
|faint|p2a: Masquerain
|
|-heal|p1a: Dondozo|65/100|[from] item: Leftovers
|upkeep
|
|t:|1759042206
|switch|p2a: Smeargle|Smeargle, F|100/100
|-damage|p2a: Smeargle|88/100|[from] Stealth Rock
|turn|4
|
|t:|1759042213
|move|p2a: Smeargle|Court Change|p2a: Smeargle
|-swapsideconditions
|-activate|p2a: Smeargle|move: Court Change
|move|p1a: Dondozo|Body Press|p2a: Smeargle
|-supereffective|p2a: Smeargle
|-damage|p2a: Smeargle|0 fnt
|faint|p2a: Smeargle
|
|-heal|p1a: Dondozo|71/100|[from] item: Leftovers
|upkeep
|
|t:|1759042223
|switch|p2a: Empoleon|Empoleon, F|100/100
|-activate|p2a: Empoleon|move: Sticky Web
|-unboost|p2a: Empoleon|spe|1
|-ability|p2a: Empoleon|Competitive|boost
|-boost|p2a: Empoleon|spa|2
|turn|5
|
|t:|1759042230
|move|p1a: Dondozo|Curse|p1a: Dondozo
|-unboost|p1a: Dondozo|spe|1
|-boost|p1a: Dondozo|atk|1
|-boost|p1a: Dondozo|def|1
|move|p2a: Empoleon|Grass Knot|p1a: Dondozo
|-supereffective|p1a: Dondozo
|-damage|p1a: Dondozo|0 fnt
|faint|p1a: Dondozo
|
|upkeep
|
|t:|1759042234
|switch|p1a: Glimmora|Glimmora, F|100/100
|-damage|p1a: Glimmora|88/100|[from] Stealth Rock
|turn|6
|
|t:|1759042242
|move|p1a: Glimmora|Stealth Rock|p2a: Empoleon
|-sidestart|p2: capitolg|move: Stealth Rock
|move|p2a: Empoleon|Surf|p1a: Glimmora
|-supereffective|p1a: Glimmora
|-damage|p1a: Glimmora|0 fnt
|faint|p1a: Glimmora
|
|upkeep
|
|t:|1759042251
|switch|p1a: Dragonite|Dragonite, M|100/100
|-damage|p1a: Dragonite|76/100|[from] Stealth Rock
|turn|7
|
|t:|1759042261
|-terastallize|p1a: Dragonite|Ice
|move|p1a: Dragonite|Earthquake|p2a: Empoleon
|-supereffective|p2a: Empoleon
|-damage|p2a: Empoleon|0 fnt
|faint|p2a: Empoleon
|-damage|p1a: Dragonite|66/100|[from] item: Life Orb
|
|upkeep
|
|t:|1759042273
|switch|p2a: Chandelure|Chandelure, F|100/100
|-activate|p2a: Chandelure|move: Sticky Web
|-unboost|p2a: Chandelure|spe|1
|-damage|p2a: Chandelure|76/100|[from] Stealth Rock
|turn|8
|
|t:|1759042278
|move|p1a: Dragonite|Earthquake|p2a: Chandelure
|-supereffective|p2a: Chandelure
|-damage|p2a: Chandelure|0 fnt
|faint|p2a: Chandelure
|-damage|p1a: Dragonite|56/100|[from] item: Life Orb
|
|upkeep
|
|t:|1759042285
|switch|p2a: Passimian|Passimian, F|100/100
|-activate|p2a: Passimian|move: Sticky Web
|-unboost|p2a: Passimian|spe|1
|-ability|p2a: Passimian|Defiant|boost
|-boost|p2a: Passimian|atk|2
|-damage|p2a: Passimian|94/100|[from] Stealth Rock
|turn|9
|
|t:|1759042294
|move|p1a: Dragonite|Earthquake|p2a: Passimian
|-damage|p2a: Passimian|50/100
|-damage|p1a: Dragonite|46/100|[from] item: Life Orb
|move|p2a: Passimian|Drain Punch|p1a: Dragonite
|-supereffective|p1a: Dragonite
|-damage|p1a: Dragonite|0 fnt
|-heal|p2a: Passimian|68/100|[from] drain|[of] p1a: Dragonite
|faint|p1a: Dragonite
|
|upkeep
|
|t:|1759042302
|switch|p1a: Iron Moth|Iron Moth|100/100
|-damage|p1a: Iron Moth|76/100|[from] Stealth Rock
|-enditem|p1a: Iron Moth|Booster Energy
|-activate|p1a: Iron Moth|ability: Quark Drive|[fromitem]
|-start|p1a: Iron Moth|quarkdrivespa
|turn|10
|
|t:|1759042307
|move|p1a: Iron Moth|Psychic|p2a: Passimian
|-supereffective|p2a: Passimian
|-damage|p2a: Passimian|0 fnt
|faint|p2a: Passimian
|
|upkeep
|
|t:|1759042310
|switch|p2a: Articuno|Articuno-Galar|100/100
|-activate|p2a: Articuno|move: Sticky Web
|-unboost|p2a: Articuno|spe|1
|-ability|p2a: Articuno|Competitive|boost
|-boost|p2a: Articuno|spa|2
|-damage|p2a: Articuno|76/100|[from] Stealth Rock
|turn|11
|
|t:|1759042318
|move|p1a: Iron Moth|Fiery Dance|p2a: Articuno
|-damage|p2a: Articuno|24/100
|move|p2a: Articuno|Trick Room|p2a: Articuno
|-fieldstart|move: Trick Room|[of] p2a: Articuno
|
|upkeep
|turn|12
|
|t:|1759042325
|move|p2a: Articuno|Freezing Glare|p1a: Iron Moth
|-supereffective|p1a: Iron Moth
|-damage|p1a: Iron Moth|0 fnt
|faint|p1a: Iron Moth
|-end|p1a: Iron Moth|Quark Drive|[silent]
|
|upkeep
|
|t:|1759042329
|switch|p1a: Corviknight|Corviknight, F|100/100
|-damage|p1a: Corviknight|88/100|[from] Stealth Rock
|turn|13
|
|t:|1759042335
|-terastallize|p2a: Articuno|Fighting
|move|p2a: Articuno|Tera Blast|p1a: Corviknight|[anim] Tera Blast Fighting
|-damage|p1a: Corviknight|3/100
|move|p1a: Corviknight|U-turn|p2a: Articuno
|-resisted|p2a: Articuno
|-damage|p2a: Articuno|14/100
|
|t:|1759042344
|switch|p1a: Cloyster|Cloyster, M|100/100|[from] U-turn
|-damage|p1a: Cloyster|76/100|[from] Stealth Rock
|
|upkeep
|turn|14
|
|t:|1759042347
|move|p2a: Articuno|Tera Blast|p1a: Cloyster|[anim] Tera Blast Fighting
|-supereffective|p1a: Cloyster
|-damage|p1a: Cloyster|0 fnt
|faint|p1a: Cloyster
|
|upkeep
|
|t:|1759042352
|switch|p1a: Corviknight|Corviknight, F|3/100
|-damage|p1a: Corviknight|0 fnt|[from] Stealth Rock
|faint|p1a: Corviknight
|
|win|capitolg
|raw|AteefIsThug's rating: 1251 &rarr; <strong>1225</strong><br />(-26 for losing)
|raw|capitolg's rating: 1234 &rarr; <strong>1260</strong><br />(+26 for winning)
|l|☆AteefIsThug
|player|p1|
|l|☆capitolg
|player|p2|
