|j|☆TheSoullessSeeker
|j|☆YeatLover267
|t:|1759070144
|gametype|singles
|player|p1|TheSoullessSeeker|ghetsis|1271
|player|p2|YeatLover267|170|1311
|gen|9
|tier|[Gen 9] OU
|rated|
|rule|HP Percentage Mod: HP is shown in percentages
|rule|Endless Battle Clause: Forcing endless battles is banned
|rule|Species Clause: Limit one of each Pokémon
|rule|OHKO Clause: OHKO moves are banned
|rule|Evasion Items Clause: Evasion items are banned
|rule|Evasion Moves Clause: Evasion moves are banned
|rule|Evasion Abilities Clause: Evasion abilities are banned
|rule|Sleep Moves Clause: Sleep-inducing moves are banned
|clearpoke
|poke|p1|Ogerpon-Wellspring, F|
|poke|p1|Kingambit, F|
|poke|p1|Landorus-Therian, M|
|poke|p1|Glimmora, M|
|poke|p1|Dragapult, M|
|poke|p1|Iron Valiant|
|poke|p2|Eiscue, F|
|poke|p2|Slowking, M|
|poke|p2|Ninetales-Alola, M|
|poke|p2|Sandslash-Alola, F|
|poke|p2|Kyurem|
|poke|p2|Raging Bolt|
|teampreview
|inactive|Battle timer is ON: inactive players will automatically lose when time's up. (requested by YeatLover267)
|
|t:|1759070156
|teamsize|p1|6
|teamsize|p2|6
|start
|switch|p1a: Glimmora|Glimmora, M|100/100
|switch|p2a: Slowking|Slowking, M|100/100
|turn|1
|
|t:|1759070168
|switch|p1a: Dragapult|Dragapult, M|100/100
|move|p2a: Slowking|Future Sight|p1a: Dragapult
|-start|p2a: Slowking|move: Future Sight
|
|upkeep
|turn|2
|
|t:|1759070172
|move|p1a: Dragapult|Shadow Ball|p2a: Slowking
|-supereffective|p2a: Slowking
|-damage|p2a: Slowking|38/100
|-unboost|p2a: Slowking|spd|1
|-prepare|p2a: Slowking|Chilly Reception|[premajor]
|move|p2a: Slowking|Chilly Reception|p2a: Slowking
|-weather|Snowscape
|
|t:|1759070180
|switch|p2a: Sandslash|Sandslash-Alola, F|100/100|[from] Chilly Reception
|
|-weather|Snowscape|[upkeep]
|upkeep
|turn|3
|
|t:|1759070184
|switch|p1a: Kingambit|Kingambit, F|100/100
|move|p2a: Sandslash|Ice Spinner|p1a: Kingambit
|-resisted|p1a: Kingambit
|-damage|p1a: Kingambit|86/100
|
|-weather|Snowscape|[upkeep]
|-end|p1a: Kingambit|move: Future Sight
|-immune|p1a: Kingambit
|-heal|p1a: Kingambit|93/100|[from] item: Leftovers
|upkeep
|turn|4
|
|t:|1759070190
|move|p2a: Sandslash|Swords Dance|p2a: Sandslash
|-boost|p2a: Sandslash|atk|2
|move|p1a: Kingambit|Swords Dance|p1a: Kingambit
|-boost|p1a: Kingambit|atk|2
|
|-weather|Snowscape|[upkeep]
|-heal|p1a: Kingambit|99/100|[from] item: Leftovers
|upkeep
|turn|5
|
|t:|1759070219
|-terastallize|p1a: Kingambit|Ghost
|move|p2a: Sandslash|Earthquake|p1a: Kingambit
|-damage|p1a: Kingambit|53/100
|move|p1a: Kingambit|Kowtow Cleave|p2a: Sandslash
|-damage|p2a: Sandslash|36/100
|
|-weather|Snowscape|[upkeep]
|-heal|p1a: Kingambit|59/100|[from] item: Leftovers
|upkeep
|turn|6
|
|t:|1759070227
|move|p1a: Kingambit|Sucker Punch||[still]
|-fail|p1a: Kingambit
|move|p2a: Sandslash|Swords Dance|p2a: Sandslash
|-boost|p2a: Sandslash|atk|2
|
|-weather|Snowscape|[upkeep]
|-heal|p1a: Kingambit|65/100|[from] item: Leftovers
|upkeep
|turn|7
|
|t:|1759070230
|move|p1a: Kingambit|Sucker Punch|p2a: Sandslash
|-damage|p2a: Sandslash|0 fnt
|faint|p2a: Sandslash
|
|-weather|Snowscape|[upkeep]
|-heal|p1a: Kingambit|72/100|[from] item: Leftovers
|upkeep
|
|t:|1759070239
|switch|p2a: Kyurem|Kyurem|100/100
|-ability|p2a: Kyurem|Pressure
|turn|8
|
|t:|1759070251
|move|p2a: Kyurem|Blizzard|p1a: Kingambit
|-damage|p1a: Kingambit|0 fnt
|faint|p1a: Kingambit
|-end|p1a: Kingambit|fallenundefined|[silent]
|
|-weather|Snowscape|[upkeep]
|upkeep
|
|t:|1759070270
|switch|p1a: Iron Valiant|Iron Valiant|100/100
|-enditem|p1a: Iron Valiant|Booster Energy
|-activate|p1a: Iron Valiant|ability: Quark Drive|[fromitem]
|-start|p1a: Iron Valiant|quarkdrivespe
|turn|9
|
|t:|1759070286
|switch|p2a: Slowking|Slowking, M|71/100
|move|p1a: Iron Valiant|Spirit Break|p2a: Slowking
|-damage|p2a: Slowking|28/100
|-unboost|p2a: Slowking|spa|1
|
|-weather|none
|upkeep
|turn|10
|
|t:|1759070296
|move|p1a: Iron Valiant|Spirit Break|p2a: Slowking
|-damage|p2a: Slowking|0 fnt
|faint|p2a: Slowking
|
|upkeep
|
|t:|1759070299
|switch|p2a: Ninetales|Ninetales-Alola, M|100/100
|-weather|Snowscape|[from] ability: Snow Warning|[of] p2a: Ninetales
|turn|11
|
|t:|1759070306
|move|p1a: Iron Valiant|Swords Dance|p1a: Iron Valiant
|-boost|p1a: Iron Valiant|atk|2
|move|p2a: Ninetales|Moonblast|p1a: Iron Valiant
|-supereffective|p1a: Iron Valiant
|-damage|p1a: Iron Valiant|0 fnt
|faint|p1a: Iron Valiant
|-end|p1a: Iron Valiant|Quark Drive|[silent]
|
|-weather|Snowscape|[upkeep]
|upkeep
|
|t:|1759070310
|switch|p1a: Glimmora|Glimmora, M|100/100
|turn|12
|
|t:|1759070314
|switch|p2a: Raging Bolt|Raging Bolt|100/100
|move|p1a: Glimmora|Meteor Beam||[still]
|-prepare|p1a: Glimmora|Meteor Beam
|-boost|p1a: Glimmora|spa|1
|-enditem|p1a: Glimmora|Power Herb
|-anim|p1a: Glimmora|Meteor Beam|p2a: Raging Bolt
|-damage|p2a: Raging Bolt|29/100
|
|-weather|Snowscape|[upkeep]
|upkeep
|turn|13
|
|t:|1759070328
|move|p2a: Raging Bolt|Thunderclap|p1a: Glimmora
|-damage|p1a: Glimmora|35/100
|move|p1a: Glimmora|Earth Power|p2a: Raging Bolt
|-supereffective|p2a: Raging Bolt
|-damage|p2a: Raging Bolt|0 fnt
|faint|p2a: Raging Bolt
|-end|p2a: Raging Bolt|Protosynthesis|[silent]
|
|-weather|Snowscape|[upkeep]
|upkeep
|
|t:|1759070333
|switch|p2a: Kyurem|Kyurem|100/100
|-ability|p2a: Kyurem|Pressure
|turn|14
|
|t:|1759070343
|move|p2a: Kyurem|Blizzard|p1a: Glimmora
|-crit|p1a: Glimmora
|-damage|p1a: Glimmora|0 fnt
|faint|p1a: Glimmora
|
|-weather|Snowscape|[upkeep]
|upkeep
|
|t:|1759070348
|switch|p1a: Dragapult|Dragapult, M|100/100
|turn|15
|
|t:|1759070353
|-terastallize|p2a: Kyurem|Electric
|move|p1a: Dragapult|Draco Meteor|p2a: Kyurem
|-crit|p2a: Kyurem
|-damage|p2a: Kyurem|0 fnt
|-unboost|p1a: Dragapult|spa|2
|faint|p2a: Kyurem
|
|-weather|none
|upkeep
|
|t:|1759070358
|switch|p2a: Ninetales|Ninetales-Alola, M|100/100
|-weather|Snowscape|[from] ability: Snow Warning|[of] p2a: Ninetales
|turn|16
|
|t:|1759070364
|switch|p1a: Landorus|Landorus-Therian, M|100/100
|-ability|p1a: Landorus|Intimidate|boost
|-unboost|p2a: Ninetales|atk|1
|move|p2a: Ninetales|Freeze-Dry|p1a: Landorus
|-supereffective|p1a: Landorus
|-damage|p1a: Landorus|0 fnt
|faint|p1a: Landorus
|
|-weather|Snowscape|[upkeep]
|upkeep
|
|t:|1759070371
|switch|p1a: Dragapult|Dragapult, M|100/100
|turn|17
|
|t:|1759070376
|move|p1a: Dragapult|Flamethrower|p2a: Ninetales
|-supereffective|p2a: Ninetales
|-damage|p2a: Ninetales|13/100
|move|p2a: Ninetales|Moonblast|p1a: Dragapult
|-supereffective|p1a: Dragapult
|-damage|p1a: Dragapult|0 fnt
|faint|p1a: Dragapult
|
|-weather|Snowscape|[upkeep]
|upkeep
|
|t:|1759070379
|switch|p1a: Ogerpon|Ogerpon-Wellspring, F|100/100
|turn|18
|
|t:|1759070381
|move|p1a: Ogerpon|Horn Leech|p2a: Ninetales
|-damage|p2a: Ninetales|0 fnt
|faint|p2a: Ninetales
|
|-weather|Snowscape|[upkeep]
|upkeep
|
|t:|1759070382
|switch|p2a: Eiscue|Eiscue, F|100/100
|turn|19
|c|☆TheSoullessSeeker|WP
|c|☆TheSoullessSeeker|Oh
|
|t:|1759070392
|move|p1a: Ogerpon|Ivy Cudgel|p2a: Eiscue|[anim] Ivy Cudgel Water
|-activate|p2a: Eiscue|ability: Ice Face
|-damage|p2a: Eiscue|100/100
|detailschange|p2a: Eiscue|Eiscue-Noice, F
|move|p2a: Eiscue|Freeze-Dry|p1a: Ogerpon
|-supereffective|p1a: Ogerpon
|-damage|p1a: Ogerpon|0 fnt
|faint|p1a: Ogerpon
|
|win|YeatLover267
|raw|TheSoullessSeeker's rating: 1271 &rarr; <strong>1249</strong><br />(-22 for losing)
|raw|YeatLover267's rating: 1311 &rarr; <strong>1329</strong><br />(+18 for winning)
|l|☆TheSoullessSeeker
|player|p1|
|c|☆YeatLover267|Gg
|l|☆YeatLover267
|player|p2|
