|j|☆DomCat
|j|☆gregoncalo
|t:|1759052313
|gametype|singles
|player|p1|DomCat|lady-gen4|1340
|player|p2|gregoncalo|169|1380
|gen|9
|tier|[Gen 9] OU
|rated|
|rule|HP Percentage Mod: HP is shown in percentages
|rule|Endless Battle Clause: Forcing endless battles is banned
|rule|Species Clause: Limit one of each Pokémon
|rule|OHKO Clause: OHKO moves are banned
|rule|Evasion Items Clause: Evasion items are banned
|rule|Evasion Moves Clause: Evasion moves are banned
|rule|Evasion Abilities Clause: Evasion abilities are banned
|rule|Sleep Moves Clause: Sleep-inducing moves are banned
|clearpoke
|poke|p1|Heatran, M|
|poke|p1|Quaquaval, M|
|poke|p1|Garganacl, M|
|poke|p1|Gliscor, F|
|poke|p1|Zapdos|
|poke|p1|Walking Wake|
|poke|p2|Samurott-Hisui, M|
|poke|p2|Great Tusk|
|poke|p2|Dragonite, F|
|poke|p2|Skeledirge, M|
|poke|p2|Iron Valiant|
|poke|p2|Amoonguss, M|
|teampreview
|inactive|Battle timer is ON: inactive players will automatically lose when time's up. (requested by DomCat)
|
|t:|1759052343
|teamsize|p1|6
|teamsize|p2|6
|start
|switch|p1a: Joker 2019|Quaquaval, M|100/100
|switch|p2a: Samurott|Samurott-Hisui, M|100/100
|turn|1
|
|t:|1759052359
|switch|p2a: Amoonguss|Amoonguss, M|100/100
|move|p1a: Joker 2019|Bulk Up|p1a: Joker 2019
|-boost|p1a: Joker 2019|atk|1
|-boost|p1a: Joker 2019|def|1
|
|upkeep
|turn|2
|
|t:|1759052365
|move|p1a: Joker 2019|Triple Axel|p2a: Amoonguss
|-supereffective|p2a: Amoonguss
|-damage|p2a: Amoonguss|83/100
|-damage|p1a: Joker 2019|84/100|[from] item: Rocky Helmet|[of] p2a: Amoonguss
|-supereffective|p2a: Amoonguss
|-damage|p2a: Amoonguss|51/100
|-damage|p1a: Joker 2019|68/100|[from] item: Rocky Helmet|[of] p2a: Amoonguss
|-supereffective|p2a: Amoonguss
|-damage|p2a: Amoonguss|2/100
|-damage|p1a: Joker 2019|51/100|[from] item: Rocky Helmet|[of] p2a: Amoonguss
|-hitcount|p2a: Amoonguss|3
|move|p2a: Amoonguss|Clear Smog|p1a: Joker 2019
|-damage|p1a: Joker 2019|29/100
|-clearboost|p1a: Joker 2019
|
|-heal|p1a: Joker 2019|35/100|[from] item: Leftovers
|upkeep
|turn|3
|inactive|gregoncalo has 120 seconds left.
|
|t:|1759052396
|switch|p2a: Iron Valiant|Iron Valiant|100/100
|move|p1a: Joker 2019|Aqua Step|p2a: Iron Valiant
|-damage|p2a: Iron Valiant|52/100
|-boost|p1a: Joker 2019|spe|1
|
|-heal|p1a: Joker 2019|41/100|[from] item: Leftovers
|upkeep
|turn|4
|
|t:|1759052409
|switch|p1a: Sparkuno|Zapdos|100/100
|move|p2a: Iron Valiant|Moonblast|p1a: Sparkuno
|-damage|p1a: Sparkuno|52/100
|-unboost|p1a: Sparkuno|spa|1
|
|upkeep
|turn|5
|
|t:|1759052416
|move|p2a: Iron Valiant|Moonblast|p1a: Sparkuno
|-damage|p1a: Sparkuno|9/100
|move|p1a: Sparkuno|Volt Switch|p2a: Iron Valiant
|-damage|p2a: Iron Valiant|0 fnt
|faint|p2a: Iron Valiant
|-end|p2a: Iron Valiant|Quark Drive|[silent]
|
|t:|1759052423
|switch|p1a: Joker 2019|Quaquaval, M|41/100|[from] Volt Switch
|
|-heal|p1a: Joker 2019|47/100|[from] item: Leftovers
|upkeep
|
|t:|1759052431
|switch|p2a: Amoonguss|Amoonguss, M|36/100
|turn|6
|
|t:|1759052443
|switch|p1a: Sparkuno|Zapdos|9/100
|move|p2a: Amoonguss|Giga Drain|p1a: Sparkuno
|-resisted|p1a: Sparkuno
|-damage|p1a: Sparkuno|0 fnt
|-heal|p2a: Amoonguss|39/100|[from] drain|[of] p1a: Sparkuno
|faint|p1a: Sparkuno
|
|upkeep
|
|t:|1759052450
|switch|p1a: Molten Salt|Heatran, M|100/100
|turn|7
|
|t:|1759052457
|switch|p2a: Great Tusk|Great Tusk|100/100
|move|p1a: Molten Salt|Stealth Rock|p2a: Great Tusk
|-sidestart|p2: gregoncalo|move: Stealth Rock
|
|upkeep
|turn|8
|
|t:|1759052464
|move|p2a: Great Tusk|Knock Off|p1a: Molten Salt
|-damage|p1a: Molten Salt|77/100
|-enditem|p1a: Molten Salt|Leftovers|[from] move: Knock Off|[of] p2a: Great Tusk
|move|p1a: Molten Salt|Magma Storm|p2a: Great Tusk|[miss]
|-miss|p1a: Molten Salt|p2a: Great Tusk
|
|upkeep
|turn|9
|
|t:|1759052471
|move|p2a: Great Tusk|Rapid Spin|p1a: Molten Salt
|-resisted|p1a: Molten Salt
|-damage|p1a: Molten Salt|71/100
|-boost|p2a: Great Tusk|spe|1
|-sideend|p2: gregoncalo|Stealth Rock|[from] move: Rapid Spin|[of] p2a: Great Tusk
|move|p1a: Molten Salt|Magma Storm|p2a: Great Tusk|[miss]
|-miss|p1a: Molten Salt|p2a: Great Tusk
|
|upkeep
|turn|10
|
|t:|1759052480
|switch|p1a: Boiling Dragon|Walking Wake|100/100
|move|p2a: Great Tusk|Earthquake|p1a: Boiling Dragon
|-damage|p1a: Boiling Dragon|54/100
|
|upkeep
|turn|11
|
|t:|1759052494
|-end|p2a: Great Tusk|Protosynthesis|[silent]
|switch|p2a: Amoonguss|Amoonguss, M|73/100
|move|p1a: Boiling Dragon|Draco Meteor|p2a: Amoonguss|[miss]
|-miss|p1a: Boiling Dragon|p2a: Amoonguss
|
|upkeep
|turn|12
|
|t:|1759052501
|move|p1a: Boiling Dragon|Draco Meteor|p2a: Amoonguss
|-damage|p2a: Amoonguss|0 fnt
|-unboost|p1a: Boiling Dragon|spa|2
|faint|p2a: Amoonguss
|
|upkeep
|
|t:|1759052515
|switch|p2a: Samurott|Samurott-Hisui, M|100/100
|turn|13
|
|t:|1759052524
|-end|p1a: Boiling Dragon|Protosynthesis|[silent]
|switch|p1a: Molten Salt|Heatran, M|71/100
|move|p2a: Samurott|Ceaseless Edge|p1a: Molten Salt
|-damage|p1a: Molten Salt|35/100
|-sidestart|p1: DomCat|Spikes
|
|upkeep
|turn|14
|
|t:|1759052530
|move|p2a: Samurott|Aqua Cutter|p1a: Molten Salt
|-supereffective|p1a: Molten Salt
|-damage|p1a: Molten Salt|0 fnt
|faint|p1a: Molten Salt
|
|upkeep
|
|t:|1759052536
|switch|p1a: Joker 2019|Quaquaval, M|47/100
|-damage|p1a: Joker 2019|35/100|[from] Spikes
|turn|15
|
|t:|1759052541
|move|p1a: Joker 2019|Bulk Up|p1a: Joker 2019
|-boost|p1a: Joker 2019|atk|1
|-boost|p1a: Joker 2019|def|1
|move|p2a: Samurott|Aqua Cutter|p1a: Joker 2019
|-resisted|p1a: Joker 2019
|-crit|p1a: Joker 2019
|-damage|p1a: Joker 2019|0 fnt
|faint|p1a: Joker 2019
|
|upkeep
|c|☆DomCat|gg
|-message|DomCat forfeited.
|
|win|gregoncalo
|raw|DomCat's rating: 1340 &rarr; <strong>1322</strong><br />(-18 for losing)
|raw|gregoncalo's rating: 1380 &rarr; <strong>1398</strong><br />(+18 for winning)
|l|☆DomCat
|player|p1|
|l|☆gregoncalo
|player|p2|
