|j|☆Okard47
|j|☆zeucros12
|t:|1759068459
|gametype|singles
|player|p1|Okard47|pilot|1112
|player|p2|zeucros12|266|1109
|gen|9
|tier|[Gen 9] OU
|rated|
|rule|HP Percentage Mod: HP is shown in percentages
|rule|Endless Battle Clause: Forcing endless battles is banned
|rule|Species Clause: Limit one of each Pokémon
|rule|OHKO Clause: OHKO moves are banned
|rule|Evasion Items Clause: Evasion items are banned
|rule|Evasion Moves Clause: Evasion moves are banned
|rule|Evasion Abilities Clause: Evasion abilities are banned
|rule|Sleep Moves Clause: Sleep-inducing moves are banned
|clearpoke
|poke|p1|Muk-Alola, M|
|poke|p1|Jumpluff, F|
|poke|p1|Poochyena, F|
|poke|p1|Gogoat, M|
|poke|p1|Hoopa-Unbound|
|poke|p1|Farigiraf, M|
|poke|p2|Arcanine, M|
|poke|p2|Goodra-Hisui, M|
|poke|p2|Sylveon, F|
|poke|p2|Blastoise, F|
|poke|p2|Dragonite, F|
|poke|p2|Scrafty, F|
|teampreview
|c|☆Okard47|salut
|inactive|Battle timer is ON: inactive players will automatically lose when time's up. (requested by zeucros12)
|
|t:|1759068471
|teamsize|p1|6
|teamsize|p2|6
|start
|switch|p1a: Poochyena|Poochyena, F, shiny|100/100
|switch|p2a: Scrafty|Scrafty, F|100/100
|-ability|p2a: Scrafty|Intimidate|boost
|-unboost|p1a: Poochyena|atk|1
|-ability|p1a: Poochyena|Rattled|boost
|-boost|p1a: Poochyena|spe|1
|turn|1
|
|t:|1759068489
|-terastallize|p1a: Poochyena|Ghost
|move|p1a: Poochyena|Endeavor|p2a: Scrafty
|-damage|p2a: Scrafty|83/100
|move|p2a: Scrafty|Drain Punch|p1a: Poochyena
|-immune|p1a: Poochyena
|
|upkeep
|turn|2
|
|t:|1759068504
|move|p2a: Scrafty|Knock Off|p1a: Poochyena
|-supereffective|p1a: Poochyena
|-enditem|p1a: Poochyena|Focus Sash
|-damage|p1a: Poochyena|1/100
|-ability|p1a: Poochyena|Rattled|boost
|-boost|p1a: Poochyena|spe|1
|move|p1a: Poochyena|Roar|p2a: Scrafty
|drag|p2a: Dragonite|Dragonite, F, shiny|100/100
|
|upkeep
|turn|3
|
|t:|1759068516
|move|p2a: Dragonite|Extreme Speed|p1a: Poochyena
|-immune|p1a: Poochyena
|move|p1a: Poochyena|Foul Play|p2a: Dragonite
|-crit|p2a: Dragonite
|-damage|p2a: Dragonite|74/100
|
|-heal|p2a: Dragonite|80/100|[from] item: Leftovers
|upkeep
|turn|4
|
|t:|1759068526
|move|p1a: Poochyena|Endeavor|p2a: Dragonite
|-damage|p2a: Dragonite|1/100
|move|p2a: Dragonite|Dragon Claw|p1a: Poochyena
|-damage|p1a: Poochyena|0 fnt
|faint|p1a: Poochyena
|
|-heal|p2a: Dragonite|7/100|[from] item: Leftovers
|upkeep
|inactive|Okard47 has 120 seconds left.
|c|☆Okard47|gwrnc
|
|t:|1759068552
|switch|p1a: Muk|Muk-Alola, M, shiny|100/100
|turn|5
|
|t:|1759068559
|move|p2a: Dragonite|Roost|p2a: Dragonite
|-heal|p2a: Dragonite|57/100
|-singleturn|p2a: Dragonite|move: Roost
|move|p1a: Muk|Toxic|p2a: Dragonite
|-status|p2a: Dragonite|tox
|
|-heal|p2a: Dragonite|63/100 tox|[from] item: Leftovers
|-damage|p2a: Dragonite|57/100 tox|[from] psn
|upkeep
|turn|6
|inactive|Okard47 has 120 seconds left.
|-message|Okard47 forfeited.
|
|win|zeucros12
|raw|Okard47's rating: 1112 &rarr; <strong>1087</strong><br />(-25 for losing)
|raw|zeucros12's rating: 1109 &rarr; <strong>1134</strong><br />(+25 for winning)
|l|☆Okard47
|player|p1|
|l|☆zeucros12
|player|p2|
