|j|☆IC1
|j|☆Gabiba
|t:|1758999373
|gametype|singles
|player|p1|IC1|blackbelt-gen4dp|1149
|player|p2|Gabiba|169|1163
|gen|9
|tier|[Gen 9] OU
|rated|
|rule|HP Percentage Mod: HP is shown in percentages
|rule|Endless Battle Clause: Forcing endless battles is banned
|rule|Species Clause: Limit one of each Pokémon
|rule|OHKO Clause: OHKO moves are banned
|rule|Evasion Items Clause: Evasion items are banned
|rule|Evasion Moves Clause: Evasion moves are banned
|rule|Evasion Abilities Clause: Evasion abilities are banned
|rule|Sleep Moves Clause: Sleep-inducing moves are banned
|clearpoke
|poke|p1|Ogerpon-Wellspring, F|
|poke|p1|Kingambit, F|
|poke|p1|Landorus-Therian, M|
|poke|p1|Glimmora, M|
|poke|p1|Dragapult, F|
|poke|p1|Iron Valiant|
|poke|p2|Pelipper, F|
|poke|p2|Toxicroak, M|
|poke|p2|Dragonite, M|
|poke|p2|Iron Valiant|
|poke|p2|Kingambit, M|
|poke|p2|Gholdengo|
|teampreview
|j| Kyurem
|j| dsvdv
|c|☆IC1|glhf
|
|t:|1758999430
|teamsize|p1|6
|teamsize|p2|6
|start
|switch|p1a: Glimmora|Glimmora, M|100/100
|switch|p2a: Pelipper|Pelipper, F|100/100
|-weather|RainDance|[from] ability: Drizzle|[of] p2a: Pelipper
|turn|1
|l| dsvdv
|
|t:|1758999451
|move|p1a: Glimmora|Spikes|p2a: Pelipper
|-sidestart|p2: Gabiba|Spikes
|move|p2a: Pelipper|Chilling Water|p1a: Glimmora
|-supereffective|p1a: Glimmora
|-damage|p1a: Glimmora|34/100
|-unboost|p1a: Glimmora|atk|1
|
|-weather|RainDance|[upkeep]
|upkeep
|turn|2
|
|t:|1758999462
|move|p1a: Glimmora|Meteor Beam||[still]
|-prepare|p1a: Glimmora|Meteor Beam
|-boost|p1a: Glimmora|spa|1
|-enditem|p1a: Glimmora|Power Herb
|-anim|p1a: Glimmora|Meteor Beam|p2a: Pelipper|[miss]
|-miss|p1a: Glimmora|p2a: Pelipper
|move|p2a: Pelipper|Chilling Water|p1a: Glimmora
|-supereffective|p1a: Glimmora
|-damage|p1a: Glimmora|0 fnt
|faint|p1a: Glimmora
|
|-weather|RainDance|[upkeep]
|upkeep
|c|☆IC1|COME ONN
|
|t:|1758999473
|switch|p1a: Dragapult|Dragapult, F|100/100
|turn|3
|c|☆Gabiba|The luckyest in the world
|
|t:|1758999497
|move|p1a: Dragapult|Shadow Ball|p2a: Pelipper
|-damage|p2a: Pelipper|50/100
|move|p2a: Pelipper|Chilling Water|p1a: Dragapult
|-resisted|p1a: Dragapult
|-damage|p1a: Dragapult|84/100
|-unboost|p1a: Dragapult|atk|1
|
|-weather|RainDance|[upkeep]
|upkeep
|turn|4
|c|☆IC1|IKR
|c|☆IC1|XD
|j| idkwhattoputman11
|l| idkwhattoputman11
|
|t:|1758999505
|switch|p2a: Toxicroak|Toxicroak, M|100/100
|-damage|p2a: Toxicroak|88/100|[from] Spikes
|move|p1a: Dragapult|Shadow Ball|p2a: Toxicroak
|-damage|p2a: Toxicroak|45/100
|
|-weather|RainDance|[upkeep]
|-heal|p2a: Toxicroak|57/100|[from] ability: Dry Skin
|-heal|p2a: Toxicroak|63/100|[from] item: Leftovers
|upkeep
|turn|5
|
|t:|1758999522
|switch|p1a: Landorus|Landorus-Therian, M|100/100
|-ability|p1a: Landorus|Intimidate|boost
|-unboost|p2a: Toxicroak|atk|1
|move|p2a: Toxicroak|Protect||[still]
|-fail|p2a: Toxicroak
|
|-weather|RainDance|[upkeep]
|-heal|p2a: Toxicroak|76/100|[from] ability: Dry Skin
|-heal|p2a: Toxicroak|82/100|[from] item: Leftovers
|upkeep
|turn|6
|
|t:|1758999532
|move|p1a: Landorus|Stealth Rock|p2a: Toxicroak
|-sidestart|p2: Gabiba|move: Stealth Rock
|move|p2a: Toxicroak|Ice Punch|p1a: Landorus
|-supereffective|p1a: Landorus
|-damage|p1a: Landorus|50/100
|-damage|p2a: Toxicroak|66/100|[from] item: Rocky Helmet|[of] p1a: Landorus
|
|-weather|RainDance|[upkeep]
|-heal|p2a: Toxicroak|78/100|[from] ability: Dry Skin
|-heal|p2a: Toxicroak|84/100|[from] item: Leftovers
|upkeep
|turn|7
|
|t:|1758999542
|move|p1a: Landorus|Earthquake|p2a: Toxicroak
|-supereffective|p2a: Toxicroak
|-damage|p2a: Toxicroak|0 fnt
|faint|p2a: Toxicroak
|
|-weather|RainDance|[upkeep]
|upkeep
|c|☆IC1|idk  y u didnt expect eq?
|
|t:|1758999563
|switch|p2a: Iron Valiant|Iron Valiant|100/100
|-damage|p2a: Iron Valiant|88/100|[from] Spikes
|-damage|p2a: Iron Valiant|82/100|[from] Stealth Rock
|turn|8
|
|t:|1758999579
|move|p2a: Iron Valiant|Moonblast|p1a: Landorus
|-damage|p1a: Landorus|0 fnt
|faint|p1a: Landorus
|
|-weather|none
|upkeep
|
|t:|1758999588
|switch|p1a: Kingambit|Kingambit, F|100/100
|-activate|p1a: Kingambit|ability: Supreme Overlord
|-start|p1a: Kingambit|fallen2|[silent]
|turn|9
|
|t:|1758999593
|-end|p2a: Iron Valiant|Quark Drive|[silent]
|switch|p2a: Pelipper|Pelipper, F|50/100
|-damage|p2a: Pelipper|25/100|[from] Stealth Rock
|-weather|RainDance|[from] ability: Drizzle|[of] p2a: Pelipper
|move|p1a: Kingambit|Iron Head|p2a: Pelipper
|-resisted|p2a: Pelipper
|-damage|p2a: Pelipper|0 fnt
|faint|p2a: Pelipper
|
|-weather|RainDance|[upkeep]
|upkeep
|j| f1r35t0rm_96
|
|t:|1758999599
|switch|p2a: Dragonite|Dragonite, M|100/100
|-damage|p2a: Dragonite|76/100|[from] Stealth Rock
|turn|10
|
|t:|1758999607
|-end|p1a: Kingambit|fallen2|[silent]
|switch|p1a: Iron Valiant|Iron Valiant|100/100
|-enditem|p1a: Iron Valiant|Booster Energy
|-activate|p1a: Iron Valiant|ability: Quark Drive|[fromitem]
|-start|p1a: Iron Valiant|quarkdrivespe
|move|p2a: Dragonite|Earthquake|p1a: Iron Valiant
|-damage|p1a: Iron Valiant|51/100
|
|-weather|RainDance|[upkeep]
|-heal|p2a: Dragonite|82/100|[from] item: Leftovers
|upkeep
|turn|11
|
|t:|1758999627
|-terastallize|p2a: Dragonite|Normal
|move|p1a: Iron Valiant|Spirit Break|p2a: Dragonite
|-damage|p2a: Dragonite|46/100
|-unboost|p2a: Dragonite|spa|1
|move|p2a: Dragonite|Dragon Dance|p2a: Dragonite
|-boost|p2a: Dragonite|atk|1
|-boost|p2a: Dragonite|spe|1
|
|-weather|RainDance|[upkeep]
|-heal|p2a: Dragonite|52/100|[from] item: Leftovers
|upkeep
|turn|12
|
|t:|1758999637
|move|p2a: Dragonite|Extreme Speed|p1a: Iron Valiant
|-damage|p1a: Iron Valiant|0 fnt
|faint|p1a: Iron Valiant
|-end|p1a: Iron Valiant|Quark Drive|[silent]
|
|-weather|RainDance|[upkeep]
|-heal|p2a: Dragonite|58/100|[from] item: Leftovers
|upkeep
|
|t:|1758999649
|switch|p1a: Dragapult|Dragapult, F|84/100
|turn|13
|
|t:|1758999655
|-terastallize|p1a: Dragapult|Ghost
|move|p1a: Dragapult|Draco Meteor|p2a: Dragonite
|-damage|p2a: Dragonite|0 fnt
|-unboost|p1a: Dragapult|spa|2
|faint|p2a: Dragonite
|
|-weather|RainDance|[upkeep]
|upkeep
|
|t:|1758999672
|switch|p2a: Iron Valiant|Iron Valiant|82/100
|-damage|p2a: Iron Valiant|69/100|[from] Spikes
|-damage|p2a: Iron Valiant|63/100|[from] Stealth Rock
|turn|14
|
|t:|1758999681
|switch|p1a: Kingambit|Kingambit, F|100/100
|-activate|p1a: Kingambit|ability: Supreme Overlord
|-start|p1a: Kingambit|fallen3|[silent]
|-end|p2a: Iron Valiant|Quark Drive|[silent]
|switch|p2a: Gholdengo|Gholdengo|100/100
|-damage|p2a: Gholdengo|94/100|[from] Stealth Rock
|-item|p2a: Gholdengo|Air Balloon
|
|-weather|RainDance|[upkeep]
|upkeep
|turn|15
|c|☆IC1|calm
|
|t:|1758999691
|move|p2a: Gholdengo|Make It Rain|p1a: Kingambit
|-resisted|p1a: Kingambit
|-damage|p1a: Kingambit|76/100
|-unboost|p2a: Gholdengo|spa|1
|move|p1a: Kingambit|Kowtow Cleave|p2a: Gholdengo
|-supereffective|p2a: Gholdengo
|-damage|p2a: Gholdengo|0 fnt
|-enditem|p2a: Gholdengo|Air Balloon
|faint|p2a: Gholdengo
|
|-weather|RainDance|[upkeep]
|-heal|p1a: Kingambit|82/100|[from] item: Leftovers
|upkeep
|
|t:|1758999695
|switch|p2a: Iron Valiant|Iron Valiant|63/100
|-damage|p2a: Iron Valiant|51/100|[from] Spikes
|-damage|p2a: Iron Valiant|44/100|[from] Stealth Rock
|turn|16
|
|t:|1758999747
|move|p1a: Kingambit|Sucker Punch||[still]
|-fail|p1a: Kingambit
|move|p2a: Iron Valiant|Trick|p1a: Kingambit
|-activate|p2a: Iron Valiant|move: Trick|[of] p1a: Kingambit
|-item|p1a: Kingambit|Choice Specs|[from] move: Trick
|-item|p2a: Iron Valiant|Leftovers|[from] move: Trick
|
|-weather|none
|-heal|p2a: Iron Valiant|51/100|[from] item: Leftovers
|upkeep
|turn|17
|
|t:|1758999766
|move|p2a: Iron Valiant|Moonblast|p1a: Kingambit
|-damage|p1a: Kingambit|38/100
|-unboost|p1a: Kingambit|spa|1
|move|p1a: Kingambit|Iron Head|p2a: Iron Valiant
|-supereffective|p2a: Iron Valiant
|-damage|p2a: Iron Valiant|0 fnt
|faint|p2a: Iron Valiant
|-end|p2a: Iron Valiant|Quark Drive|[silent]
|
|upkeep
|
|t:|1758999774
|switch|p2a: Kingambit|Kingambit, M|100/100
|-damage|p2a: Kingambit|88/100|[from] Spikes
|-damage|p2a: Kingambit|82/100|[from] Stealth Rock
|-activate|p2a: Kingambit|ability: Supreme Overlord
|-start|p2a: Kingambit|fallen5|[silent]
|turn|18
|
|t:|1758999796
|move|p2a: Kingambit|Swords Dance|p2a: Kingambit
|-boost|p2a: Kingambit|atk|2
|move|p1a: Kingambit|Iron Head|p2a: Kingambit
|-resisted|p2a: Kingambit
|-damage|p2a: Kingambit|57/100
|
|-heal|p2a: Kingambit|63/100|[from] item: Leftovers
|upkeep
|turn|19
|
|t:|1758999804
|move|p2a: Kingambit|Kowtow Cleave|p1a: Kingambit
|-resisted|p1a: Kingambit
|-damage|p1a: Kingambit|0 fnt
|faint|p1a: Kingambit
|-end|p1a: Kingambit|fallen3|[silent]
|
|-heal|p2a: Kingambit|69/100|[from] item: Leftovers
|upkeep
|
|t:|1758999810
|switch|p1a: Ogerpon|Ogerpon-Wellspring, F|100/100
|turn|20
|c|☆IC1|gg
|
|t:|1758999815
|move|p1a: Ogerpon|Ivy Cudgel|p2a: Kingambit|[anim] Ivy Cudgel Water
|-damage|p2a: Kingambit|16/100
|move|p2a: Kingambit|Kowtow Cleave|p1a: Ogerpon
|-damage|p1a: Ogerpon|0 fnt
|faint|p1a: Ogerpon
|
|-heal|p2a: Kingambit|22/100|[from] item: Leftovers
|upkeep
|
|t:|1758999818
|switch|p1a: Dragapult|Dragapult, F, tera:Ghost|84/100
|turn|21
|j| bunii on spotify
|
|t:|1758999821
|move|p2a: Kingambit|Sucker Punch|p1a: Dragapult
|-supereffective|p1a: Dragapult
|-damage|p1a: Dragapult|0 fnt
|faint|p1a: Dragapult
|
|win|Gabiba
|raw|IC1's rating: 1149 &rarr; <strong>1125</strong><br />(-24 for losing)
|raw|Gabiba's rating: 1163 &rarr; <strong>1187</strong><br />(+24 for winning)
|l|☆Gabiba
|player|p2|
|l| bunii on spotify
