|j|☆aaron123thebest
|j|☆notashota
|t:|1759036188
|gametype|singles
|player|p1|aaron123thebest|wattson|1107
|player|p2|notashota|riley|1070
|gen|9
|tier|[Gen 9] OU
|rated|
|rule|HP Percentage Mod: HP is shown in percentages
|rule|Endless Battle Clause: Forcing endless battles is banned
|rule|Species Clause: Limit one of each Pokémon
|rule|OHKO Clause: OHKO moves are banned
|rule|Evasion Items Clause: Evasion items are banned
|rule|Evasion Moves Clause: Evasion moves are banned
|rule|Evasion Abilities Clause: Evasion abilities are banned
|rule|Sleep Moves Clause: Sleep-inducing moves are banned
|clearpoke
|poke|p1|Kingambit, M|
|poke|p1|Deoxys-Speed|
|poke|p1|Araquanid, M|
|poke|p1|Iron Moth|
|poke|p1|Great Tusk|
|poke|p1|Clefable, M|
|poke|p2|Slowbro, M|
|poke|p2|Gengar, M|
|poke|p2|Scizor, M|
|poke|p2|Sandslash, F|
|poke|p2|Dragonite, M|
|poke|p2|Ampharos, F|
|teampreview
|
|t:|1759036193
|teamsize|p1|6
|teamsize|p2|6
|start
|switch|p1a: Araquanid|Araquanid, M|100/100
|switch|p2a: Scizor|Scizor, M|100/100
|turn|1
|
|t:|1759036199
|move|p2a: Scizor|Swords Dance|p2a: Scizor
|-boost|p2a: Scizor|atk|2
|move|p1a: Araquanid|Sticky Web|p2a: Scizor
|-sidestart|p2: notashota|move: Sticky Web
|
|upkeep
|turn|2
|
|t:|1759036210
|move|p2a: Scizor|Trailblaze|p1a: Araquanid
|-damage|p1a: Araquanid|51/100
|-boost|p2a: Scizor|spe|1
|move|p1a: Araquanid|Infestation|p2a: Scizor
|-resisted|p2a: Scizor
|-damage|p2a: Scizor|98/100
|-activate|p2a: Scizor|move: Infestation|[of] p1a: Araquanid
|
|-heal|p1a: Araquanid|57/100|[from] item: Leftovers
|-damage|p2a: Scizor|86/100|[from] move: Infestation|[partiallytrapped]
|upkeep
|turn|3
|inactive|Battle timer is ON: inactive players will automatically lose when time's up. (requested by aaron123thebest)
|
|t:|1759036220
|move|p2a: Scizor|Bullet Punch|p1a: Araquanid
|-resisted|p1a: Araquanid
|-damage|p1a: Araquanid|23/100
|move|p1a: Araquanid|Endeavor|p2a: Scizor
|-damage|p2a: Scizor|24/100
|-enditem|p2a: Scizor|Salac Berry|[eat]
|-boost|p2a: Scizor|spe|1|[from] item: Salac Berry
|
|-heal|p1a: Araquanid|29/100|[from] item: Leftovers
|-damage|p2a: Scizor|12/100|[from] move: Infestation|[partiallytrapped]
|upkeep
|turn|4
|
|t:|1759036231
|move|p2a: Scizor|Bullet Punch|p1a: Araquanid
|-resisted|p1a: Araquanid
|-damage|p1a: Araquanid|0 fnt
|faint|p1a: Araquanid
|
|-end|p2a: Scizor|Infestation|[partiallytrapped]|[silent]
|upkeep
|
|t:|1759036235
|switch|p1a: Kingambit|Kingambit, M|100/100
|-activate|p1a: Kingambit|ability: Supreme Overlord
|-start|p1a: Kingambit|fallen1|[silent]
|turn|5
|
|t:|1759036240
|move|p1a: Kingambit|Sucker Punch|p2a: Scizor
|-damage|p2a: Scizor|0 fnt
|faint|p2a: Scizor
|-damage|p1a: Kingambit|91/100|[from] item: Life Orb
|
|upkeep
|
|t:|1759036260
|switch|p2a: Sandslash|Sandslash, F|100/100
|turn|6
|
|t:|1759036270
|-end|p1a: Kingambit|fallen1|[silent]
|switch|p1a: Great Tusk|Great Tusk|100/100
|move|p2a: Sandslash|Rapid Spin|p1a: Great Tusk
|-damage|p1a: Great Tusk|90/100
|-boost|p2a: Sandslash|spe|1
|-sideend|p2: notashota|Sticky Web|[from] move: Rapid Spin|[of] p2a: Sandslash
|
|-heal|p1a: Great Tusk|96/100|[from] item: Leftovers
|upkeep
|turn|7
|
|t:|1759036279
|move|p2a: Sandslash|Knock Off|p1a: Great Tusk
|-resisted|p1a: Great Tusk
|-damage|p1a: Great Tusk|85/100
|-enditem|p1a: Great Tusk|Leftovers|[from] move: Knock Off|[of] p2a: Sandslash
|move|p1a: Great Tusk|Headlong Rush|p2a: Sandslash
|-damage|p2a: Sandslash|28/100
|-unboost|p1a: Great Tusk|def|1
|-unboost|p1a: Great Tusk|spd|1
|
|upkeep
|turn|8
|
|t:|1759036288
|switch|p2a: Slowbro|Slowbro, M|100/100
|move|p1a: Great Tusk|Headlong Rush|p2a: Slowbro
|-damage|p2a: Slowbro|59/100
|-unboost|p1a: Great Tusk|def|1
|-unboost|p1a: Great Tusk|spd|1
|
|-heal|p2a: Slowbro|65/100|[from] item: Leftovers
|upkeep
|turn|9
|
|t:|1759036298
|move|p1a: Great Tusk|Stealth Rock|p2a: Slowbro
|-sidestart|p2: notashota|move: Stealth Rock
|move|p2a: Slowbro|Future Sight|p1a: Great Tusk
|-start|p2a: Slowbro|move: Future Sight
|
|-heal|p2a: Slowbro|71/100|[from] item: Leftovers
|upkeep
|turn|10
|
|t:|1759036303
|move|p1a: Great Tusk|Headlong Rush|p2a: Slowbro
|-damage|p2a: Slowbro|31/100
|-unboost|p1a: Great Tusk|def|1
|-unboost|p1a: Great Tusk|spd|1
|move|p2a: Slowbro|Scald|p1a: Great Tusk
|-supereffective|p1a: Great Tusk
|-damage|p1a: Great Tusk|0 fnt
|faint|p1a: Great Tusk
|-end|p1a: Great Tusk|Protosynthesis|[silent]
|
|-heal|p2a: Slowbro|37/100|[from] item: Leftovers
|upkeep
|
|t:|1759036307
|switch|p1a: Kingambit|Kingambit, M|91/100
|-activate|p1a: Kingambit|ability: Supreme Overlord
|-start|p1a: Kingambit|fallen2|[silent]
|turn|11
|
|t:|1759036325
|move|p2a: Slowbro|Protect|p2a: Slowbro
|-singleturn|p2a: Slowbro|Protect
|move|p1a: Kingambit|Iron Head|p2a: Slowbro
|-activate|p2a: Slowbro|move: Protect
|
|-end|p1a: Kingambit|move: Future Sight
|-immune|p1a: Kingambit
|-heal|p2a: Slowbro|43/100|[from] item: Leftovers
|upkeep
|turn|12
|
|t:|1759036339
|switch|p2a: Ampharos|Ampharos, F|100/100
|-damage|p2a: Ampharos|88/100|[from] Stealth Rock
|-item|p2a: Ampharos|Air Balloon
|move|p1a: Kingambit|X-Scissor|p2a: Ampharos
|-damage|p2a: Ampharos|37/100
|-enditem|p2a: Ampharos|Air Balloon
|-damage|p1a: Kingambit|81/100|[from] item: Life Orb
|
|upkeep
|turn|13
|
|t:|1759036350
|-end|p1a: Kingambit|fallen2|[silent]
|switch|p1a: Clefable|Clefable, M|100/100
|move|p2a: Ampharos|Dazzling Gleam|p1a: Clefable
|-damage|p1a: Clefable|82/100
|
|-heal|p1a: Clefable|88/100|[from] item: Leftovers
|upkeep
|turn|14
|
|t:|1759036363
|move|p1a: Clefable|Thunder Wave|p2a: Ampharos
|-immune|p2a: Ampharos
|move|p2a: Ampharos|Discharge|p1a: Clefable
|-damage|p1a: Clefable|60/100
|
|-heal|p1a: Clefable|66/100|[from] item: Leftovers
|upkeep
|turn|15
|
|t:|1759036373
|move|p1a: Clefable|Wish|p1a: Clefable
|move|p2a: Ampharos|Meteor Beam||[still]
|-prepare|p2a: Ampharos|Meteor Beam
|-boost|p2a: Ampharos|spa|1
|
|-heal|p1a: Clefable|72/100|[from] item: Leftovers
|upkeep
|turn|16
|
|t:|1759036380
|move|p1a: Clefable|Moonblast|p2a: Ampharos
|-damage|p2a: Ampharos|8/100
|move|p2a: Ampharos|Meteor Beam|p1a: Clefable|[from] lockedmove
|-damage|p1a: Clefable|28/100
|
|-heal|p1a: Clefable|78/100|[from] move: Wish|[wisher] Clefable
|-heal|p1a: Clefable|84/100|[from] item: Leftovers
|upkeep
|turn|17
|
|t:|1759036391
|move|p1a: Clefable|Moonblast|p2a: Ampharos
|-damage|p2a: Ampharos|0 fnt
|faint|p2a: Ampharos
|
|-heal|p1a: Clefable|90/100|[from] item: Leftovers
|upkeep
|
|t:|1759036398
|switch|p2a: Sandslash|Sandslash, F|28/100
|turn|18
|
|t:|1759036402
|move|p2a: Sandslash|Rapid Spin|p1a: Clefable
|-damage|p1a: Clefable|72/100
|-boost|p2a: Sandslash|spe|1
|-sideend|p2: notashota|Stealth Rock|[from] move: Rapid Spin|[of] p2a: Sandslash
|move|p1a: Clefable|Moonblast|p2a: Sandslash
|-damage|p2a: Sandslash|0 fnt
|faint|p2a: Sandslash
|
|-heal|p1a: Clefable|78/100|[from] item: Leftovers
|upkeep
|
|t:|1759036411
|switch|p2a: Gengar|Gengar, M|100/100
|turn|19
|
|t:|1759036415
|move|p1a: Clefable|Protect|p1a: Clefable
|-singleturn|p1a: Clefable|Protect
|move|p2a: Gengar|Sludge Wave|p1a: Clefable
|-activate|p1a: Clefable|move: Protect
|
|-heal|p1a: Clefable|84/100|[from] item: Leftovers
|upkeep
|turn|20
|
|t:|1759036422
|switch|p1a: Kingambit|Kingambit, M|81/100
|-activate|p1a: Kingambit|ability: Supreme Overlord
|-start|p1a: Kingambit|fallen2|[silent]
|move|p2a: Gengar|Sludge Wave|p1a: Kingambit
|-immune|p1a: Kingambit
|
|upkeep
|turn|21
|
|t:|1759036431
|switch|p2a: Dragonite|Dragonite, M|100/100
|move|p1a: Kingambit|Sucker Punch||[still]
|-fail|p1a: Kingambit
|
|upkeep
|turn|22
|
|t:|1759036436
|move|p2a: Dragonite|Dragon Dance|p2a: Dragonite
|-boost|p2a: Dragonite|atk|1
|-boost|p2a: Dragonite|spe|1
|move|p1a: Kingambit|Iron Head|p2a: Dragonite
|-damage|p2a: Dragonite|58/100
|-damage|p1a: Kingambit|71/100|[from] item: Life Orb
|
|upkeep
|turn|23
|
|t:|1759036446
|move|p1a: Kingambit|Sucker Punch|p2a: Dragonite
|-damage|p2a: Dragonite|0 fnt
|faint|p2a: Dragonite
|-damage|p1a: Kingambit|61/100|[from] item: Life Orb
|
|upkeep
|
|t:|1759036459
|switch|p2a: Gengar|Gengar, M|100/100
|turn|24
|
|t:|1759036467
|move|p1a: Kingambit|Sucker Punch|p2a: Gengar
|-supereffective|p2a: Gengar
|-damage|p2a: Gengar|0 fnt
|faint|p2a: Gengar
|-damage|p1a: Kingambit|51/100|[from] item: Life Orb
|
|upkeep
|-message|notashota forfeited.
|
|win|aaron123thebest
|raw|aaron123thebest's rating: 1107 &rarr; <strong>1129</strong><br />(+22 for winning)
|raw|notashota's rating: 1070 &rarr; <strong>1052</strong><br />(-18 for losing)
|l|☆notashota
|player|p2|
|l|☆aaron123thebest
|player|p1|
