|j|☆busto2412
|j|☆kinsword
|t:|1758982392
|gametype|singles
|player|p1|busto2412|hilbert-wonderlauncher|1383
|player|p2|kinsword|169|1361
|gen|9
|tier|[Gen 9] OU
|rated|
|rule|HP Percentage Mod: HP is shown in percentages
|rule|Endless Battle Clause: Forcing endless battles is banned
|rule|Species Clause: Limit one of each Pokémon
|rule|OHKO Clause: OHKO moves are banned
|rule|Evasion Items Clause: Evasion items are banned
|rule|Evasion Moves Clause: Evasion moves are banned
|rule|Evasion Abilities Clause: Evasion abilities are banned
|rule|Sleep Moves Clause: Sleep-inducing moves are banned
|clearpoke
|poke|p1|Ursaluna, M|
|poke|p1|Dragapult, M|
|poke|p1|Zamazenta-*|
|poke|p1|Greninja-*, M|
|poke|p1|Zapdos|
|poke|p1|Hoopa-Unbound|
|poke|p2|Luxray, M|
|poke|p2|Mamoswine, M|
|poke|p2|Araquanid, F|
|poke|p2|Florges, F|
|poke|p2|Mandibuzz, F|
|poke|p2|Latios, M|
|teampreview
|inactive|Battle timer is ON: inactive players will automatically lose when time's up. (requested by kinsword)
|inactive|busto2412 has 120 seconds left.
|inactive|busto2412 has 90 seconds left.
|
|t:|1758982457
|teamsize|p1|6
|teamsize|p2|6
|start
|switch|p1a: Zapdos|Zapdos, shiny|100/100
|switch|p2a: Araquanid|Araquanid, F|100/100
|turn|1
|-activate|p2a: Araquanid|item: Quick Claw
|
|t:|1758982464
|move|p1a: Zapdos|Discharge|p2a: Araquanid
|-supereffective|p2a: Araquanid
|-damage|p2a: Araquanid|43/100
|move|p2a: Araquanid|Mirror Coat|p1a: Zapdos
|-damage|p1a: Zapdos|0 fnt
|faint|p1a: Zapdos
|
|upkeep
|
|t:|1758982480
|switch|p1a: Ursaluna|Ursaluna, M, shiny|100/100
|turn|2
|
|t:|1758982490
|move|p1a: Ursaluna|Gunk Shot|p2a: Araquanid
|-damage|p2a: Araquanid|0 fnt
|faint|p2a: Araquanid
|
|-status|p1a: Ursaluna|brn|[from] item: Flame Orb
|upkeep
|
|t:|1758982501
|switch|p2a: Mandibuzz|Mandibuzz, F|100/100
|turn|3
|
|t:|1758982505
|move|p1a: Ursaluna|Facade|p2a: Mandibuzz
|-damage|p2a: Mandibuzz|23/100
|move|p2a: Mandibuzz|Foul Play|p1a: Ursaluna
|-damage|p1a: Ursaluna|53/100 brn
|
|-damage|p1a: Ursaluna|47/100 brn|[from] brn
|upkeep
|turn|4
|
|t:|1758982515
|move|p1a: Ursaluna|Facade|p2a: Mandibuzz
|-damage|p2a: Mandibuzz|0 fnt
|faint|p2a: Mandibuzz
|
|-damage|p1a: Ursaluna|41/100 brn|[from] brn
|upkeep
|
|t:|1758982522
|switch|p2a: Mamoswine|Mamoswine, M|100/100
|turn|5
|
|t:|1758982526
|move|p2a: Mamoswine|Icicle Crash|p1a: Ursaluna
|-supereffective|p1a: Ursaluna
|-damage|p1a: Ursaluna|0 fnt
|faint|p1a: Ursaluna
|
|upkeep
|
|t:|1758982535
|switch|p1a: Hoopa|Hoopa-Unbound|100/100
|turn|6
|
|t:|1758982542
|move|p2a: Mamoswine|Knock Off|p1a: Hoopa
|-damage|p1a: Hoopa|62/100
|-enditem|p1a: Hoopa|Assault Vest|[from] move: Knock Off|[of] p2a: Mamoswine
|move|p1a: Hoopa|Psychic Noise|p2a: Mamoswine
|-damage|p2a: Mamoswine|58/100
|-start|p2a: Mamoswine|move: Heal Block
|-item|p1a: Hoopa|Assault Vest|[from] ability: Magician|[of] p2a: Mamoswine
|
|upkeep
|turn|7
|
|t:|1758982554
|move|p2a: Mamoswine|Icicle Crash|p1a: Hoopa
|-damage|p1a: Hoopa|9/100
|cant|p1a: Hoopa|flinch
|
|-end|p2a: Mamoswine|move: Heal Block
|upkeep
|turn|8
|
|t:|1758982563
|move|p2a: Mamoswine|Earthquake|p1a: Hoopa
|-damage|p1a: Hoopa|0 fnt
|faint|p1a: Hoopa
|
|upkeep
|
|t:|1758982567
|switch|p1a: Greninja|Greninja, M|100/100
|turn|9
|
|t:|1758982574
|switch|p2a: Florges|Florges, F|100/100
|move|p1a: Greninja|Surf|p2a: Florges
|-damage|p2a: Florges|73/100
|-damage|p1a: Greninja|91/100|[from] item: Life Orb
|
|upkeep
|turn|10
|
|t:|1758982585
|move|p1a: Greninja|Surf|p2a: Florges
|-damage|p2a: Florges|43/100
|-damage|p1a: Greninja|81/100|[from] item: Life Orb
|move|p2a: Florges|Moonblast|p1a: Greninja
|-supereffective|p1a: Greninja
|-damage|p1a: Greninja|0 fnt
|faint|p1a: Greninja
|
|upkeep
|
|t:|1758982592
|switch|p1a: Zamazenta|Zamazenta|100/100
|-ability|p1a: Zamazenta|Dauntless Shield|boost
|-boost|p1a: Zamazenta|def|1
|turn|11
|
|t:|1758982602
|-terastallize|p1a: Zamazenta|Steel
|move|p1a: Zamazenta|Iron Head|p2a: Florges
|-supereffective|p2a: Florges
|-damage|p2a: Florges|0 fnt
|faint|p2a: Florges
|
|upkeep
|
|t:|1758982612
|switch|p2a: Latios|Latios, M|100/100
|turn|12
|
|t:|1758982620
|move|p2a: Latios|Aura Sphere|p1a: Zamazenta
|-supereffective|p1a: Zamazenta
|-damage|p1a: Zamazenta|52/100
|move|p1a: Zamazenta|Iron Head|p2a: Latios
|-damage|p2a: Latios|7/100
|
|upkeep
|turn|13
|
|t:|1758982627
|move|p2a: Latios|Aura Sphere|p1a: Zamazenta
|-supereffective|p1a: Zamazenta
|-damage|p1a: Zamazenta|0 fnt
|faint|p1a: Zamazenta
|
|upkeep
|
|t:|1758982631
|switch|p1a: Dragapult|Dragapult, M, shiny|100/100
|turn|14
|
|t:|1758982639
|switch|p2a: Luxray|Luxray, M|100/100
|move|p1a: Dragapult|Shadow Ball|p2a: Luxray
|-damage|p2a: Luxray|24/100
|
|upkeep
|turn|15
|
|t:|1758982649
|move|p1a: Dragapult|Shadow Ball|p2a: Luxray
|-damage|p2a: Luxray|0 fnt
|faint|p2a: Luxray
|
|upkeep
|
|t:|1758982654
|switch|p2a: Latios|Latios, M|7/100
|turn|16
|
|t:|1758982657
|move|p2a: Latios|Draco Meteor|p1a: Dragapult
|-supereffective|p1a: Dragapult
|-damage|p1a: Dragapult|0 fnt
|-unboost|p2a: Latios|spa|2
|faint|p1a: Dragapult
|
|win|kinsword
|raw|busto2412's rating: 1383 &rarr; <strong>1362</strong><br />(-21 for losing)
|raw|kinsword's rating: 1361 &rarr; <strong>1382</strong><br />(+21 for winning)
|l|☆kinsword
|player|p2|
|l|☆busto2412
|player|p1|
