|j|‽Hunter_of_Keys
|j|☆SocialCreditLover
|t:|1758928782
|gametype|singles
|player|p1|Hunter_of_Keys|veteran|1599
|player|p2|SocialCreditLover|li|1703
|gen|9
|tier|[Gen 9] OU
|rated|
|rule|HP Percentage Mod: HP is shown in percentages
|rule|Endless Battle Clause: Forcing endless battles is banned
|rule|Species Clause: Limit one of each Pokémon
|rule|OHKO Clause: OHKO moves are banned
|rule|Evasion Items Clause: Evasion items are banned
|rule|Evasion Moves Clause: Evasion moves are banned
|rule|Evasion Abilities Clause: Evasion abilities are banned
|rule|Sleep Moves Clause: Sleep-inducing moves are banned
|clearpoke
|poke|p1|Espeon, M|
|poke|p1|Indeedee, M|
|poke|p1|Armarouge, F|
|poke|p1|Gallade, M|
|poke|p1|Cresselia, F|
|poke|p1|Rabsca, F|
|poke|p2|Pelipper, F|
|poke|p2|Hatterene, F|
|poke|p2|Iron Treads|
|poke|p2|Toxicroak, F|
|poke|p2|Barraskewda, F|
|poke|p2|Zapdos|
|teampreview
|inactive|Battle timer is ON: inactive players will automatically lose when time's up. (requested by Hunter_of_Keys)
|j| Just Icicle
|
|t:|1758928797
|teamsize|p1|6
|teamsize|p2|6
|start
|switch|p1a: Indeedee|Indeedee, M|100/100
|switch|p2a: Barraskewda|Barraskewda, F|100/100
|-fieldstart|move: Psychic Terrain|[from] ability: Psychic Surge|[of] p1a: Indeedee
|turn|1
|
|t:|1758928802
|switch|p1a: Cresselia|Cresselia, F|100/100
|move|p2a: Barraskewda|Flip Turn|p1a: Cresselia
|-damage|p1a: Cresselia|73/100
|-damage|p2a: Barraskewda|84/100|[from] item: Rocky Helmet|[of] p1a: Cresselia
|
|t:|1758928813
|switch|p2a: Iron Treads|Iron Treads|100/100|[from] Flip Turn
|
|upkeep
|turn|2
|
|t:|1758928816
|switch|p1a: Espeon|Espeon, M|100/100
|move|p2a: Iron Treads|Volt Switch|p1a: Espeon
|-damage|p1a: Espeon|89/100
|
|t:|1758928820
|-end|p2a: Iron Treads|Quark Drive|[silent]
|switch|p2a: Barraskewda|Barraskewda, F|84/100|[from] Volt Switch
|
|upkeep
|turn|3
|
|t:|1758928824
|move|p2a: Barraskewda|Flip Turn|p1a: Espeon
|-damage|p1a: Espeon|40/100
|
|t:|1758928844
|switch|p2a: Hatterene|Hatterene, F|100/100|[from] Flip Turn
|move|p1a: Espeon|Thunder Wave|p2a: Hatterene
|move|p2a: Hatterene|Thunder Wave|p1a: Espeon|[from] ability: Magic Bounce
|-status|p1a: Espeon|par
|
|upkeep
|turn|4
|
|t:|1758928852
|move|p2a: Hatterene|Psychic Noise|p1a: Espeon
|-resisted|p1a: Espeon
|-damage|p1a: Espeon|19/100 par
|-start|p1a: Espeon|move: Heal Block
|cant|p1a: Espeon|par
|
|upkeep
|turn|5
|j| Rizzofreko
|
|t:|1758928859
|move|p2a: Hatterene|Draining Kiss|p1a: Espeon
|-damage|p1a: Espeon|0 fnt
|faint|p1a: Espeon
|
|upkeep
|
|t:|1758928864
|switch|p1a: Armarouge|Armarouge, F|100/100
|turn|6
|
|t:|1758928867
|switch|p1a: Rabsca|Rabsca, F|100/100
|move|p2a: Hatterene|Nuzzle|p1a: Rabsca
|-damage|p1a: Rabsca|97/100
|-status|p1a: Rabsca|par
|-activate|p1a: Rabsca|ability: Synchronize
|-status|p2a: Hatterene|par
|
|upkeep
|turn|7
|
|t:|1758928876
|switch|p2a: Pelipper|Pelipper, F|100/100
|-weather|RainDance|[from] ability: Drizzle|[of] p2a: Pelipper
|move|p1a: Rabsca|Psychic Noise|p2a: Pelipper
|-damage|p2a: Pelipper|62/100
|-start|p2a: Pelipper|move: Heal Block
|
|-weather|RainDance|[upkeep]
|upkeep
|turn|8
|
|t:|1758928885
|switch|p1a: Cresselia|Cresselia, F|73/100
|move|p2a: Pelipper|U-turn|p1a: Cresselia
|-supereffective|p1a: Cresselia
|-damage|p1a: Cresselia|63/100
|-damage|p2a: Pelipper|46/100|[from] item: Rocky Helmet|[of] p1a: Cresselia
|
|t:|1758928890
|switch|p2a: Iron Treads|Iron Treads|100/100|[from] U-turn
|
|-weather|RainDance|[upkeep]
|-fieldend|move: Psychic Terrain
|upkeep
|turn|9
|
|t:|1758928896
|move|p2a: Iron Treads|Stealth Rock|p1a: Cresselia
|-sidestart|p1: Hunter_of_Keys|move: Stealth Rock
|move|p1a: Cresselia|Lunar Dance|p1a: Cresselia
|faint|p1a: Cresselia
|
|-weather|RainDance|[upkeep]
|upkeep
|
|t:|1758928898
|switch|p1a: Gallade|Gallade, M|100/100
|-damage|p1a: Gallade|94/100|[from] Stealth Rock
|turn|10
|
|t:|1758928906
|-end|p2a: Iron Treads|Quark Drive|[silent]
|switch|p2a: Toxicroak|Toxicroak, F|100/100
|move|p1a: Gallade|Sacred Sword|p2a: Toxicroak
|-resisted|p2a: Toxicroak
|-damage|p2a: Toxicroak|65/100
|-damage|p1a: Gallade|78/100|[from] item: Rocky Helmet|[of] p2a: Toxicroak
|
|-weather|RainDance|[upkeep]
|-heal|p2a: Toxicroak|77/100|[from] ability: Dry Skin
|upkeep
|turn|11
|
|t:|1758928914
|move|p1a: Gallade|Psycho Cut|p2a: Toxicroak
|-supereffective|p2a: Toxicroak
|-damage|p2a: Toxicroak|0 fnt
|faint|p2a: Toxicroak
|
|-weather|RainDance|[upkeep]
|upkeep
|
|t:|1758928916
|switch|p2a: Barraskewda|Barraskewda, F|84/100
|turn|12
|
|t:|1758928924
|move|p2a: Barraskewda|Liquidation|p1a: Gallade
|-damage|p1a: Gallade|0 fnt
|faint|p1a: Gallade
|
|-weather|RainDance|[upkeep]
|upkeep
|l| Just Icicle
|
|t:|1758928929
|switch|p1a: Rabsca|Rabsca, F|97/100 par
|-heal|p1a: Rabsca|100/100|[from] move: Lunar Dance
|-damage|p1a: Rabsca|76/100|[from] Stealth Rock
|turn|13
|
|t:|1758928954
|-terastallize|p2a: Barraskewda|Water
|-terastallize|p1a: Rabsca|Water
|move|p2a: Barraskewda|Liquidation|p1a: Rabsca
|-resisted|p1a: Rabsca
|-damage|p1a: Rabsca|10/100
|move|p1a: Rabsca|Speed Swap|p2a: Barraskewda
|-activate|p1a: Rabsca|move: Speed Swap|[of] p2a: Barraskewda
|
|-weather|RainDance|[upkeep]
|upkeep
|turn|14
|
|t:|1758928969
|switch|p2a: Iron Treads|Iron Treads|100/100
|move|p1a: Rabsca|Bug Buzz|p2a: Iron Treads
|-resisted|p2a: Iron Treads
|-damage|p2a: Iron Treads|86/100
|
|-weather|none
|-heal|p2a: Iron Treads|92/100|[from] item: Leftovers
|upkeep
|turn|15
|
|t:|1758928974
|move|p1a: Rabsca|Revival Blessing|p1a: Rabsca
|-enditem|p1a: Rabsca|Leppa Berry|[eat]
|-activate|p1a: Rabsca|item: Leppa Berry|Revival Blessing|[consumed]
|
|t:|1758928979
|-heal|p1: Cresselia|50/100|[from] move: Revival Blessing
|move|p2a: Iron Treads|Volt Switch|p1a: Rabsca
|-supereffective|p1a: Rabsca
|-damage|p1a: Rabsca|0 fnt
|faint|p1a: Rabsca
|
|t:|1758928984
|-end|p2a: Iron Treads|Quark Drive|[silent]
|switch|p2a: Pelipper|Pelipper, F|46/100|[from] Volt Switch
|-weather|RainDance|[from] ability: Drizzle|[of] p2a: Pelipper
|
|-weather|RainDance|[upkeep]
|upkeep
|
|t:|1758928987
|switch|p1a: Indeedee|Indeedee, M|100/100
|-damage|p1a: Indeedee|88/100|[from] Stealth Rock
|-fieldstart|move: Psychic Terrain|[from] ability: Psychic Surge|[of] p1a: Indeedee
|turn|16
|l| Rizzofreko
|
|t:|1758928990
|switch|p1a: Armarouge|Armarouge, F|100/100
|-damage|p1a: Armarouge|76/100|[from] Stealth Rock
|switch|p2a: Hatterene|Hatterene, F|100/100 par
|
|-weather|RainDance|[upkeep]
|upkeep
|turn|17
|
|t:|1758928995
|move|p1a: Armarouge|Armor Cannon|p2a: Hatterene
|-damage|p2a: Hatterene|66/100 par
|-unboost|p1a: Armarouge|def|1
|-unboost|p1a: Armarouge|spd|1
|-enditem|p2a: Hatterene|Eject Button
|
|t:|1758928999
|switch|p2a: Barraskewda|Barraskewda, F, tera:Water|84/100
|
|-weather|RainDance|[upkeep]
|upkeep
|turn|18
|
|t:|1758929002
|move|p1a: Armarouge|Endure|p1a: Armarouge
|-singleturn|p1a: Armarouge|move: Endure
|move|p2a: Barraskewda|Liquidation|p1a: Armarouge
|-supereffective|p1a: Armarouge
|-crit|p1a: Armarouge
|-activate|p1a: Armarouge|move: Endure
|-damage|p1a: Armarouge|1/100
|-ability|p1a: Armarouge|Weak Armor|boost
|-unboost|p1a: Armarouge|def|1
|-boost|p1a: Armarouge|spe|2
|-enditem|p1a: Armarouge|Weakness Policy
|-boost|p1a: Armarouge|atk|2|[from] item: Weakness Policy
|-boost|p1a: Armarouge|spa|2|[from] item: Weakness Policy
|
|-weather|RainDance|[upkeep]
|upkeep
|turn|19
|
|t:|1758929007
|move|p1a: Armarouge|Endure|p1a: Armarouge
|-singleturn|p1a: Armarouge|move: Endure
|move|p2a: Barraskewda|Liquidation|p1a: Armarouge
|-supereffective|p1a: Armarouge
|-activate|p1a: Armarouge|move: Endure
|-damage|p1a: Armarouge|1/100
|-ability|p1a: Armarouge|Weak Armor|boost
|-unboost|p1a: Armarouge|def|1
|-boost|p1a: Armarouge|spe|2
|
|-weather|RainDance|[upkeep]
|upkeep
|turn|20
|
|t:|1758929009
|move|p1a: Armarouge|Expanding Force|p2a: Barraskewda
|-damage|p2a: Barraskewda|0 fnt
|faint|p2a: Barraskewda
|
|-weather|RainDance|[upkeep]
|upkeep
|
|t:|1758929027
|switch|p2a: Iron Treads|Iron Treads|92/100
|turn|21
|
|t:|1758929045
|move|p1a: Armarouge|Armor Cannon|p2a: Iron Treads
|-supereffective|p2a: Iron Treads
|-damage|p2a: Iron Treads|0 fnt
|-unboost|p1a: Armarouge|def|1
|-unboost|p1a: Armarouge|spd|1
|faint|p2a: Iron Treads
|-end|p2a: Iron Treads|Quark Drive|[silent]
|
|-weather|RainDance|[upkeep]
|upkeep
|
|t:|1758929056
|switch|p2a: Zapdos|Zapdos|100/100
|turn|22
|
|t:|1758929058
|move|p1a: Armarouge|Expanding Force|p2a: Zapdos
|-damage|p2a: Zapdos|0 fnt
|faint|p2a: Zapdos
|
|-weather|none
|upkeep
|
|t:|1758929060
|switch|p2a: Hatterene|Hatterene, F|66/100 par
|turn|23
|
|t:|1758929064
|move|p1a: Armarouge|Armor Cannon|p2a: Hatterene
|-damage|p2a: Hatterene|0 fnt
|-unboost|p1a: Armarouge|def|1
|-unboost|p1a: Armarouge|spd|1
|faint|p2a: Hatterene
|
|-fieldend|move: Psychic Terrain
|upkeep
|
|t:|1758929066
|switch|p2a: Pelipper|Pelipper, F|46/100
|-weather|RainDance|[from] ability: Drizzle|[of] p2a: Pelipper
|turn|24
|-message|SocialCreditLover forfeited.
|
|win|Hunter_of_Keys
|raw|Hunter_of_Keys's rating: 1599 &rarr; <strong>1625</strong><br />(+26 for winning)
|raw|SocialCreditLover's rating: 1703 &rarr; <strong>1677</strong><br />(-26 for losing)
|l|☆SocialCreditLover
|player|p2|
|l|‽Hunter_of_Keys
|player|p1|
