|j|☆Allen2000
|j|☆kaspair
|t:|1758947337
|gametype|singles
|player|p1|Allen2000|steven|1279
|player|p2|kaspair|hexmaniac-gen3|1283
|gen|9
|tier|[Gen 9] OU
|rated|
|rule|HP Percentage Mod: HP is shown in percentages
|rule|Endless Battle Clause: Forcing endless battles is banned
|rule|Species Clause: Limit one of each Pokémon
|rule|OHKO Clause: OHKO moves are banned
|rule|Evasion Items Clause: Evasion items are banned
|rule|Evasion Moves Clause: Evasion moves are banned
|rule|Evasion Abilities Clause: Evasion abilities are banned
|rule|Sleep Moves Clause: Sleep-inducing moves are banned
|clearpoke
|poke|p1|Galvantula, F|
|poke|p1|Charizard, F|
|poke|p1|Torkoal, F|
|poke|p1|Great Tusk|
|poke|p1|Lilligant-Hisui, F|
|poke|p1|Walking Wake|
|poke|p2|Blissey, F|
|poke|p2|Toxapex, M|
|poke|p2|Sinistcha|
|poke|p2|Gliscor, F|
|poke|p2|Corviknight, M|
|poke|p2|Dondozo, F|
|teampreview
|inactive|Battle timer is ON: inactive players will automatically lose when time's up. (requested by kaspair)
|
|t:|1758947343
|teamsize|p1|6
|teamsize|p2|6
|start
|switch|p1a: 河内恭介|Torkoal, F|100/100
|switch|p2a: L'URSSAF|Toxapex, M|100/100
|-weather|SunnyDay|[from] ability: Drought|[of] p1a: 河内恭介
|turn|1
|
|t:|1758947350
|move|p2a: L'URSSAF|Toxic Spikes|p1a: 河内恭介
|-sidestart|p1: Allen2000|move: Toxic Spikes
|move|p1a: 河内恭介|Stealth Rock|p2a: L'URSSAF
|-sidestart|p2: kaspair|move: Stealth Rock
|
|-weather|SunnyDay|[upkeep]
|upkeep
|turn|2
|
|t:|1758947359
|switch|p1a: 松代健|Great Tusk|100/100
|-status|p1a: 松代健|psn
|-activate|p1a: 松代健|ability: Protosynthesis
|-start|p1a: 松代健|protosynthesisatk
|move|p2a: L'URSSAF|Baneful Bunker||[still]
|-fail|p2a: L'URSSAF
|
|-weather|SunnyDay|[upkeep]
|-damage|p1a: 松代健|88/100 psn|[from] psn
|upkeep
|turn|3
|
|t:|1758947369
|move|p2a: L'URSSAF|Baneful Bunker|p2a: L'URSSAF
|-singleturn|p2a: L'URSSAF|move: Protect
|move|p1a: 松代健|Rapid Spin|p2a: L'URSSAF
|-activate|p2a: L'URSSAF|move: Protect
|
|-weather|SunnyDay|[upkeep]
|-damage|p1a: 松代健|76/100 psn|[from] psn
|upkeep
|turn|4
|
|t:|1758947376
|switch|p2a: Petit frere|Sinistcha, shiny|100/100
|move|p1a: 松代健|Rapid Spin|p2a: Petit frere
|-immune|p2a: Petit frere
|
|-weather|SunnyDay|[upkeep]
|-damage|p1a: 松代健|63/100 psn|[from] psn
|upkeep
|turn|5
|
|t:|1758947384
|move|p1a: 松代健|Knock Off|p2a: Petit frere
|-supereffective|p2a: Petit frere
|-damage|p2a: Petit frere|39/100
|-enditem|p2a: Petit frere|Heavy-Duty Boots|[from] move: Knock Off|[of] p1a: 松代健
|move|p2a: Petit frere|Matcha Gotcha|p1a: 松代健
|-supereffective|p1a: 松代健
|-damage|p1a: 松代健|0 fnt
|-heal|p2a: Petit frere|75/100|[from] drain|[of] p1a: 松代健
|faint|p1a: 松代健
|-end|p1a: 松代健|Protosynthesis|[silent]
|
|-weather|SunnyDay|[upkeep]
|upkeep
|
|t:|1758947391
|switch|p1a: 东和马|Charizard, F|100/100
|turn|6
|
|t:|1758947401
|switch|p2a: Mon Daron|Dondozo, F|100/100
|-terastallize|p1a: 东和马|Fire
|move|p1a: 东和马|Flamethrower|p2a: Mon Daron
|-resisted|p2a: Mon Daron
|-damage|p2a: Mon Daron|4/100
|
|-weather|SunnyDay|[upkeep]
|-damage|p1a: 东和马|88/100|[from] ability: Solar Power|[of] p1a: 东和马
|upkeep
|turn|7
|
|t:|1758947411
|switch|p2a: Ma Daronne|Blissey, F, shiny|100/100
|move|p1a: 东和马|Flamethrower|p2a: Ma Daronne
|-damage|p2a: Ma Daronne|42/100
|
|-weather|SunnyDay|[upkeep]
|-damage|p1a: 东和马|76/100|[from] ability: Solar Power|[of] p1a: 东和马
|upkeep
|turn|8
|
|t:|1758947432
|switch|p2a: L'URSSAF|Toxapex, M|100/100
|move|p1a: 东和马|Flamethrower|p2a: L'URSSAF
|-resisted|p2a: L'URSSAF
|-damage|p2a: L'URSSAF|42/100
|
|-weather|none
|upkeep
|turn|9
|
|t:|1758947441
|switch|p1a: 河内恭介|Torkoal, F|100/100
|-status|p1a: 河内恭介|psn
|-weather|SunnyDay|[from] ability: Drought|[of] p1a: 河内恭介
|move|p2a: L'URSSAF|Baneful Bunker||[still]
|-fail|p2a: L'URSSAF
|
|-weather|SunnyDay|[upkeep]
|-damage|p1a: 河内恭介|88/100 psn|[from] psn
|upkeep
|turn|10
|
|t:|1758947452
|switch|p2a: Ma Daronne|Blissey, F, shiny|42/100
|move|p1a: 河内恭介|Rapid Spin|p2a: Ma Daronne
|-damage|p2a: Ma Daronne|33/100
|-boost|p1a: 河内恭介|spe|1
|-sideend|p1: Allen2000|Toxic Spikes|[from] move: Rapid Spin|[of] p1a: 河内恭介
|
|-weather|SunnyDay|[upkeep]
|-damage|p1a: 河内恭介|76/100 psn|[from] psn
|upkeep
|turn|11
|
|t:|1758947466
|switch|p1a: 诹访原戒|Lilligant-Hisui, F|100/100
|move|p2a: Ma Daronne|Soft-Boiled|p2a: Ma Daronne
|-heal|p2a: Ma Daronne|83/100
|
|-weather|SunnyDay|[upkeep]
|upkeep
|turn|12
|
|t:|1758947478
|switch|p2a: Grand frere|Corviknight, M, shiny|100/100
|-ability|p2a: Grand frere|Pressure
|move|p1a: 诹访原戒|Close Combat|p2a: Grand frere
|-damage|p2a: Grand frere|46/100
|-unboost|p1a: 诹访原戒|def|1
|-unboost|p1a: 诹访原戒|spd|1
|-damage|p1a: 诹访原戒|91/100|[from] item: Life Orb
|
|-weather|SunnyDay|[upkeep]
|upkeep
|turn|13
|
|t:|1758947489
|move|p1a: 诹访原戒|Triple Axel|p2a: Grand frere
|-damage|p2a: Grand frere|41/100
|-damage|p2a: Grand frere|29/100
|-hitcount|p2a: Grand frere|2
|-damage|p1a: 诹访原戒|81/100|[from] item: Life Orb
|move|p2a: Grand frere|Roost|p2a: Grand frere
|-heal|p2a: Grand frere|79/100
|-singleturn|p2a: Grand frere|move: Roost
|
|-weather|SunnyDay|[upkeep]
|upkeep
|turn|14
|
|t:|1758947512
|move|p1a: 诹访原戒|Close Combat|p2a: Grand frere
|-damage|p2a: Grand frere|25/100
|-unboost|p1a: 诹访原戒|def|1
|-unboost|p1a: 诹访原戒|spd|1
|-damage|p1a: 诹访原戒|71/100|[from] item: Life Orb
|move|p2a: Grand frere|Body Press|p1a: 诹访原戒
|-damage|p1a: 诹访原戒|0 fnt
|faint|p1a: 诹访原戒
|
|-weather|SunnyDay|[upkeep]
|upkeep
|
|t:|1758947517
|switch|p1a: 东和马|Charizard, F, tera:Fire|76/100
|turn|15
|
|t:|1758947526
|move|p1a: 东和马|Flamethrower|p2a: Grand frere
|-supereffective|p2a: Grand frere
|-damage|p2a: Grand frere|0 fnt
|faint|p2a: Grand frere
|
|-weather|SunnyDay|[upkeep]
|-damage|p1a: 东和马|63/100|[from] ability: Solar Power|[of] p1a: 东和马
|upkeep
|
|t:|1758947533
|switch|p2a: Ma Daronne|Blissey, F, shiny|83/100
|turn|16
|
|t:|1758947538
|move|p1a: 东和马|Flamethrower|p2a: Ma Daronne
|-crit|p2a: Ma Daronne
|-damage|p2a: Ma Daronne|0 fnt
|faint|p2a: Ma Daronne
|
|-weather|none
|upkeep
|
|t:|1758947548
|switch|p2a: Petit frere|Sinistcha, shiny|75/100
|-damage|p2a: Petit frere|63/100|[from] Stealth Rock
|turn|17
|
|t:|1758947553
|move|p1a: 东和马|Flamethrower|p2a: Petit frere
|-supereffective|p2a: Petit frere
|-damage|p2a: Petit frere|0 fnt
|faint|p2a: Petit frere
|
|upkeep
|inactive|kaspair has 120 seconds left.
|c|☆kaspair|can u pass the list for i learn pls
|
|t:|1758947594
|switch|p2a: Le 49.3|Gliscor, F, shiny|100/100
|-damage|p2a: Le 49.3|88/100|[from] Stealth Rock
|turn|18
|inactive|kaspair has 90 seconds left.
|
|t:|1758947628
|switch|p1a: 河内恭介|Torkoal, F|76/100 psn
|-weather|SunnyDay|[from] ability: Drought|[of] p1a: 河内恭介
|move|p2a: Le 49.3|Earthquake|p1a: 河内恭介
|-supereffective|p1a: 河内恭介
|-damage|p1a: 河内恭介|39/100 psn
|
|-weather|SunnyDay|[upkeep]
|-damage|p1a: 河内恭介|27/100 psn|[from] psn
|-status|p2a: Le 49.3|tox|[from] item: Toxic Orb
|upkeep
|turn|19
|inactive|kaspair has 90 seconds left.
|
|t:|1758947641
|switch|p1a: 冠茂|Walking Wake|100/100
|-activate|p1a: 冠茂|ability: Protosynthesis
|-start|p1a: 冠茂|protosynthesisspe
|move|p2a: Le 49.3|Earthquake|p1a: 冠茂
|-damage|p1a: 冠茂|64/100
|
|-weather|SunnyDay|[upkeep]
|-heal|p2a: Le 49.3|100/100 tox|[from] ability: Poison Heal
|upkeep
|turn|20
|inactive|kaspair has 90 seconds left.
|
|t:|1758947654
|move|p1a: 冠茂|Hydro Steam|p2a: Le 49.3
|-supereffective|p2a: Le 49.3
|-damage|p2a: Le 49.3|0 fnt
|faint|p2a: Le 49.3
|
|-weather|SunnyDay|[upkeep]
|upkeep
|inactive|kaspair has 90 seconds left.
|c|☆kaspair|can u pass the list for i learn pls.
|
|t:|1758947671
|switch|p2a: L'URSSAF|Toxapex, M|75/100
|turn|21
|c|☆Allen2000|？
|c|☆kaspair|export team to learn
|c|☆Allen2000|hurry up
|c|☆kaspair|pls
|inactive|kaspair has 60 seconds left.
|c|☆Allen2000|OK
|
|t:|1758947720
|-end|p1a: 冠茂|Protosynthesis|[silent]
|switch|p1a: 村野一和|Galvantula, F|100/100
|move|p2a: L'URSSAF|Recover|p2a: L'URSSAF
|-heal|p2a: L'URSSAF|100/100
|
|-weather|SunnyDay|[upkeep]
|upkeep
|turn|22
|c|☆Allen2000|adda friend
|
|t:|1758947742
|move|p1a: 村野一和|Thunder|p2a: L'URSSAF
|-supereffective|p2a: L'URSSAF
|-damage|p2a: L'URSSAF|38/100
|move|p2a: L'URSSAF|Toxic Spikes|p1a: 村野一和
|-sidestart|p1: Allen2000|move: Toxic Spikes
|
|-weather|SunnyDay|[upkeep]
|upkeep
|turn|23
|
|t:|1758947756
|-terastallize|p2a: L'URSSAF|Steel
|move|p1a: 村野一和|Thunder|p2a: L'URSSAF|[miss]
|-miss|p1a: 村野一和|p2a: L'URSSAF
|move|p2a: L'URSSAF|Recover|p2a: L'URSSAF
|-heal|p2a: L'URSSAF|89/100
|
|-weather|SunnyDay|[upkeep]
|upkeep
|turn|24
|
|t:|1758947772
|switch|p1a: 东和马|Charizard, F, tera:Fire|63/100
|-status|p1a: 东和马|psn
|move|p2a: L'URSSAF|Recover|p2a: L'URSSAF
|-heal|p2a: L'URSSAF|100/100
|
|-weather|SunnyDay|[upkeep]
|-damage|p1a: 东和马|51/100 psn|[from] ability: Solar Power|[of] p1a: 东和马
|-damage|p1a: 东和马|38/100 psn|[from] psn
|upkeep
|turn|25
|
|t:|1758947786
|move|p2a: L'URSSAF|Baneful Bunker|p2a: L'URSSAF
|-singleturn|p2a: L'URSSAF|move: Protect
|move|p1a: 东和马|Flamethrower|p2a: L'URSSAF
|-activate|p2a: L'URSSAF|move: Protect
|
|-weather|none
|-damage|p1a: 东和马|26/100 psn|[from] psn
|upkeep
|turn|26
|inactive|Allen2000 has 120 seconds left.
|
|t:|1758947833
|move|p1a: 东和马|Flamethrower|p2a: L'URSSAF
|-supereffective|p2a: L'URSSAF
|-damage|p2a: L'URSSAF|0 fnt
|faint|p2a: L'URSSAF
|
|-damage|p1a: 东和马|13/100 psn|[from] psn
|upkeep
|c|☆Allen2000|game over
|c|☆kaspair|yeah
|c|☆Allen2000|i will give you later
|inactive|kaspair has 30 seconds left.
|c|☆kaspair|send team pls want
|
|t:|1758947867
|switch|p2a: Mon Daron|Dondozo, F|4/100
|turn|27
|inactive|kaspair has 30 seconds left.
|c|☆Allen2000|i'm going to have lunch
|
|t:|1758947883
|move|p1a: 东和马|Flamethrower|p2a: Mon Daron
|-resisted|p2a: Mon Daron
|-damage|p2a: Mon Daron|0 fnt
|faint|p2a: Mon Daron
|
|win|Allen2000
|raw|Allen2000's rating: 1279 &rarr; <strong>1304</strong><br />(+25 for winning)
|raw|kaspair's rating: 1283 &rarr; <strong>1258</strong><br />(-25 for losing)
|l|☆Allen2000
|player|p1|
|l|☆kaspair
|player|p2|
