|j|☆Young Yamaka
|j|☆go b3yond
|t:|1758999448
|gametype|singles
|player|p1|Young Yamaka|102|1377
|player|p2|go b3yond|eusine|1408
|gen|9
|tier|[Gen 9] OU
|rated|
|rule|HP Percentage Mod: HP is shown in percentages
|rule|Endless Battle Clause: Forcing endless battles is banned
|rule|Species Clause: Limit one of each Pokémon
|rule|OHKO Clause: OHKO moves are banned
|rule|Evasion Items Clause: Evasion items are banned
|rule|Evasion Moves Clause: Evasion moves are banned
|rule|Evasion Abilities Clause: Evasion abilities are banned
|rule|Sleep Moves Clause: Sleep-inducing moves are banned
|clearpoke
|poke|p1|Kommo-o, F|
|poke|p1|Gholdengo|
|poke|p1|Ninetales-Alola, M|
|poke|p1|Hatterene, F|
|poke|p1|Zamazenta-*|
|poke|p1|Kingambit, F|
|poke|p2|Torkoal, M|
|poke|p2|Brute Bonnet|
|poke|p2|Walking Wake|
|poke|p2|Hatterene, F|
|poke|p2|Thundurus-Therian, M|
|poke|p2|Ceruledge, F|
|teampreview
|
|t:|1758999458
|teamsize|p1|6
|teamsize|p2|6
|start
|switch|p1a: Zamazenta|Zamazenta|100/100
|switch|p2a: Great Bait|Torkoal, M, shiny|100/100
|-ability|p1a: Zamazenta|Dauntless Shield|boost
|-boost|p1a: Zamazenta|def|1
|-weather|SunnyDay|[from] ability: Drought|[of] p2a: Great Bait
|turn|1
|
|t:|1758999468
|switch|p2a: Witch|Hatterene, F, shiny|100/100
|move|p1a: Zamazenta|Stone Edge|p2a: Witch
|-damage|p2a: Witch|64/100
|-enditem|p2a: Witch|Eject Button
|-damage|p1a: Zamazenta|91/100|[from] item: Life Orb
|inactive|Battle timer is ON: inactive players will automatically lose when time's up. (requested by go b3yond)
|
|t:|1758999479
|switch|p2a: Shark|Walking Wake|100/100
|-activate|p2a: Shark|ability: Protosynthesis
|-start|p2a: Shark|protosynthesisspe
|
|-weather|SunnyDay|[upkeep]
|upkeep
|turn|2
|
|t:|1758999487
|switch|p1a: Ninetales|Ninetales-Alola, M|100/100
|-weather|Snowscape|[from] ability: Snow Warning|[of] p1a: Ninetales
|-end|p2a: Shark|Protosynthesis
|move|p2a: Shark|Flamethrower|p1a: Ninetales
|-supereffective|p1a: Ninetales
|-damage|p1a: Ninetales|34/100
|
|-weather|Snowscape|[upkeep]
|upkeep
|turn|3
|
|t:|1758999501
|move|p1a: Ninetales|Freeze-Dry|p2a: Shark
|-supereffective|p2a: Shark
|-damage|p2a: Shark|36/100
|move|p2a: Shark|Flamethrower|p1a: Ninetales
|-supereffective|p1a: Ninetales
|-damage|p1a: Ninetales|0 fnt
|faint|p1a: Ninetales
|
|-weather|Snowscape|[upkeep]
|upkeep
|
|t:|1758999520
|switch|p1a: Zamazenta|Zamazenta|91/100
|turn|4
|
|t:|1758999535
|-end|p2a: Shark|Protosynthesis|[silent]
|switch|p2a: Great Bait|Torkoal, M, shiny|100/100
|-weather|SunnyDay|[from] ability: Drought|[of] p2a: Great Bait
|move|p1a: Zamazenta|Crunch|p2a: Great Bait
|-damage|p2a: Great Bait|74/100
|-damage|p1a: Zamazenta|81/100|[from] item: Life Orb
|
|-weather|SunnyDay|[upkeep]
|upkeep
|turn|5
|inactive|Young Yamaka has 120 seconds left.
|
|t:|1758999554
|move|p1a: Zamazenta|Stone Edge|p2a: Great Bait
|-supereffective|p2a: Great Bait
|-damage|p2a: Great Bait|0 fnt
|faint|p2a: Great Bait
|-damage|p1a: Zamazenta|71/100|[from] item: Life Orb
|
|-weather|SunnyDay|[upkeep]
|upkeep
|
|t:|1758999560
|switch|p2a: Knight|Ceruledge, F|100/100
|turn|6
|
|t:|1758999570
|move|p1a: Zamazenta|Crunch|p2a: Knight
|-supereffective|p2a: Knight
|-enditem|p2a: Knight|Focus Sash
|-damage|p2a: Knight|1/100
|-ability|p2a: Knight|Weak Armor|boost
|-unboost|p2a: Knight|def|1
|-boost|p2a: Knight|spe|2
|-damage|p1a: Zamazenta|61/100|[from] item: Life Orb
|move|p2a: Knight|Swords Dance|p2a: Knight
|-boost|p2a: Knight|atk|2
|
|-weather|SunnyDay|[upkeep]
|upkeep
|turn|7
|
|t:|1758999585
|move|p2a: Knight|Bitter Blade|p1a: Zamazenta
|-damage|p1a: Zamazenta|0 fnt
|-heal|p2a: Knight|35/100|[from] drain|[of] p1a: Zamazenta
|faint|p1a: Zamazenta
|
|-weather|SunnyDay|[upkeep]
|upkeep
|
|t:|1758999593
|switch|p1a: Kingambit|Kingambit, F|100/100
|-activate|p1a: Kingambit|ability: Supreme Overlord
|-start|p1a: Kingambit|fallen2|[silent]
|-item|p1a: Kingambit|Air Balloon
|turn|8
|
|t:|1758999602
|move|p1a: Kingambit|Sucker Punch|p2a: Knight
|-supereffective|p2a: Knight
|-damage|p2a: Knight|0 fnt
|faint|p2a: Knight
|
|-weather|SunnyDay|[upkeep]
|upkeep
|
|t:|1758999617
|switch|p2a: BRUTE FORCE|Brute Bonnet|100/100
|-activate|p2a: BRUTE FORCE|ability: Protosynthesis
|-start|p2a: BRUTE FORCE|protosynthesisatk
|turn|9
|
|t:|1758999635
|-end|p1a: Kingambit|fallen2|[silent]
|switch|p1a: Hatterene|Hatterene, F|100/100
|-terastallize|p2a: BRUTE FORCE|Fire
|move|p2a: BRUTE FORCE|Tera Blast|p1a: Hatterene|[anim] Tera Blast Fire
|-damage|p1a: Hatterene|30/100
|
|-weather|SunnyDay|[upkeep]
|upkeep
|turn|10
|inactive|Young Yamaka has 120 seconds left.
|
|t:|1758999669
|move|p2a: BRUTE FORCE|Growth|p2a: BRUTE FORCE
|-boost|p2a: BRUTE FORCE|atk|2
|-boost|p2a: BRUTE FORCE|spa|2
|move|p1a: Hatterene|Psychic Noise|p2a: BRUTE FORCE
|-damage|p2a: BRUTE FORCE|71/100
|-start|p2a: BRUTE FORCE|move: Heal Block
|
|-weather|SunnyDay|[upkeep]
|upkeep
|turn|11
|
|t:|1758999680
|move|p2a: BRUTE FORCE|Bullet Seed|p1a: Hatterene
|-damage|p1a: Hatterene|0 fnt
|faint|p1a: Hatterene
|-hitcount|p1: Hatterene|1
|
|-weather|none
|-end|p2a: BRUTE FORCE|Protosynthesis
|-end|p2a: BRUTE FORCE|move: Heal Block
|upkeep
|
|t:|1758999702
|switch|p1a: Kommo-o|Kommo-o, F|100/100
|turn|12
|
|t:|1758999710
|-terastallize|p1a: Kommo-o|Normal
|move|p1a: Kommo-o|Boomburst|p2a: BRUTE FORCE
|-damage|p2a: BRUTE FORCE|22/100
|-enditem|p1a: Kommo-o|Throat Spray
|-boost|p1a: Kommo-o|spa|1|[from] item: Throat Spray
|move|p2a: BRUTE FORCE|Bullet Seed|p1a: Kommo-o
|-damage|p1a: Kommo-o|74/100
|-damage|p1a: Kommo-o|44/100
|-damage|p1a: Kommo-o|16/100
|-damage|p1a: Kommo-o|0 fnt
|faint|p1a: Kommo-o
|-hitcount|p1: Kommo-o|4
|
|upkeep
|
|t:|1758999724
|switch|p1a: Kingambit|Kingambit, F|100/100
|-activate|p1a: Kingambit|ability: Supreme Overlord
|-start|p1a: Kingambit|fallen4|[silent]
|-item|p1a: Kingambit|Air Balloon
|turn|13
|
|t:|1758999729
|move|p2a: BRUTE FORCE|Sucker Punch|p1a: Kingambit
|-resisted|p1a: Kingambit
|-damage|p1a: Kingambit|72/100
|-enditem|p1a: Kingambit|Air Balloon
|move|p1a: Kingambit|Sucker Punch||[still]
|-fail|p1a: Kingambit
|
|upkeep
|turn|14
|
|t:|1758999736
|move|p2a: BRUTE FORCE|Sucker Punch|p1a: Kingambit
|-resisted|p1a: Kingambit
|-damage|p1a: Kingambit|42/100
|move|p1a: Kingambit|Sucker Punch||[still]
|-fail|p1a: Kingambit
|
|upkeep
|turn|15
|
|t:|1758999743
|move|p2a: BRUTE FORCE|Tera Blast|p1a: Kingambit|[anim] Tera Blast Fire
|-supereffective|p1a: Kingambit
|-crit|p1a: Kingambit
|-damage|p1a: Kingambit|0 fnt
|faint|p1a: Kingambit
|-end|p1a: Kingambit|fallen4|[silent]
|
|upkeep
|c|☆go b3yond|gg
|
|t:|1758999749
|switch|p1a: Gholdengo|Gholdengo|100/100
|turn|16
|
|t:|1758999755
|move|p2a: BRUTE FORCE|Sucker Punch|p1a: Gholdengo
|-supereffective|p1a: Gholdengo
|-damage|p1a: Gholdengo|0 fnt
|faint|p1a: Gholdengo
|
|win|go b3yond
|raw|Young Yamaka's rating: 1377 &rarr; <strong>1359</strong><br />(-18 for losing)
|raw|go b3yond's rating: 1408 &rarr; <strong>1426</strong><br />(+18 for winning)
|l|☆go b3yond
|player|p2|
|l|☆Young Yamaka
|player|p1|
