|j|☆SnomTheSnakeLover
|j|☆Allegedly Stupid
|t:|1758948140
|gametype|singles
|player|p1|SnomTheSnakeLover|steven|1463
|player|p2|Allegedly Stupid|caitlin|1408
|gen|9
|tier|[Gen 9] OU
|rated|
|rule|HP Percentage Mod: HP is shown in percentages
|rule|Endless Battle Clause: Forcing endless battles is banned
|rule|Species Clause: Limit one of each Pokémon
|rule|OHKO Clause: OHKO moves are banned
|rule|Evasion Items Clause: Evasion items are banned
|rule|Evasion Moves Clause: Evasion moves are banned
|rule|Evasion Abilities Clause: Evasion abilities are banned
|rule|Sleep Moves Clause: Sleep-inducing moves are banned
|clearpoke
|poke|p1|Mamoswine, M|
|poke|p1|Raging Bolt|
|poke|p1|Ceruledge, F|
|poke|p1|Landorus-Therian, M|
|poke|p1|Kingambit, F|
|poke|p1|Ogerpon-Wellspring, F|
|poke|p2|Ting-Lu|
|poke|p2|Clefable, M|
|poke|p2|Dragapult, F|
|poke|p2|Reuniclus, M|
|poke|p2|Skarmory, M|
|poke|p2|Empoleon, F|
|teampreview
|inactive|Battle timer is ON: inactive players will automatically lose when time's up. (requested by SnomTheSnakeLover)
|
|t:|1758948170
|teamsize|p1|6
|teamsize|p2|6
|start
|switch|p1a: Ceruledge|Ceruledge, F|100/100
|switch|p2a: Clefable|Clefable, M|100/100
|turn|1
|
|t:|1758948180
|move|p1a: Ceruledge|Swords Dance|p1a: Ceruledge
|-boost|p1a: Ceruledge|atk|2
|move|p2a: Clefable|Thunder Wave|p1a: Ceruledge
|-status|p1a: Ceruledge|par
|
|upkeep
|turn|2
|
|t:|1758948187
|move|p2a: Clefable|Knock Off|p1a: Ceruledge
|-supereffective|p1a: Ceruledge
|-damage|p1a: Ceruledge|58/100 par
|-ability|p1a: Ceruledge|Weak Armor|boost
|-unboost|p1a: Ceruledge|def|1
|-boost|p1a: Ceruledge|spe|2
|-enditem|p1a: Ceruledge|Focus Sash|[from] move: Knock Off|[of] p2a: Clefable
|cant|p1a: Ceruledge|par
|
|upkeep
|turn|3
|
|t:|1758948214
|cant|p1a: Ceruledge|par
|move|p2a: Clefable|Knock Off|p1a: Ceruledge
|-supereffective|p1a: Ceruledge
|-damage|p1a: Ceruledge|17/100 par
|-ability|p1a: Ceruledge|Weak Armor|boost
|-unboost|p1a: Ceruledge|def|1
|-boost|p1a: Ceruledge|spe|2
|
|upkeep
|turn|4
|
|t:|1758948222
|move|p1a: Ceruledge|Bitter Blade|p2a: Clefable
|-damage|p2a: Clefable|31/100
|-heal|p1a: Ceruledge|64/100 par|[from] drain|[of] p2a: Clefable
|move|p2a: Clefable|Knock Off|p1a: Ceruledge
|-supereffective|p1a: Ceruledge
|-damage|p1a: Ceruledge|5/100 par
|-ability|p1a: Ceruledge|Weak Armor|boost
|-unboost|p1a: Ceruledge|def|1
|-boost|p1a: Ceruledge|spe|2
|
|-heal|p2a: Clefable|37/100|[from] item: Leftovers
|upkeep
|turn|5
|
|t:|1758948234
|move|p1a: Ceruledge|Bitter Blade|p2a: Clefable
|-damage|p2a: Clefable|0 fnt
|-heal|p1a: Ceruledge|30/100 par|[from] drain|[of] p2a: Clefable
|faint|p2a: Clefable
|
|upkeep
|
|t:|1758948240
|switch|p2a: Ting-Lu|Ting-Lu|100/100
|-ability|p2a: Ting-Lu|Vessel of Ruin
|turn|6
|
|t:|1758948246
|move|p1a: Ceruledge|Close Combat|p2a: Ting-Lu
|-supereffective|p2a: Ting-Lu
|-damage|p2a: Ting-Lu|17/100
|-unboost|p1a: Ceruledge|def|1
|-unboost|p1a: Ceruledge|spd|1
|move|p2a: Ting-Lu|Earthquake|p1a: Ceruledge
|-supereffective|p1a: Ceruledge
|-damage|p1a: Ceruledge|0 fnt
|faint|p1a: Ceruledge
|
|-heal|p2a: Ting-Lu|23/100|[from] item: Leftovers
|upkeep
|
|t:|1758948258
|switch|p1a: Landorus|Landorus-Therian, M|100/100
|-ability|p1a: Landorus|Intimidate|boost
|-unboost|p2a: Ting-Lu|atk|1
|turn|7
|
|t:|1758948282
|move|p1a: Landorus|U-turn|p2a: Ting-Lu
|-supereffective|p2a: Ting-Lu
|-damage|p2a: Ting-Lu|3/100
|
|t:|1758948293
|switch|p1a: Ogerpon|Ogerpon-Wellspring, F|100/100|[from] U-turn
|move|p2a: Ting-Lu|Stealth Rock|p1a: Ogerpon
|-sidestart|p1: SnomTheSnakeLover|move: Stealth Rock
|
|-heal|p2a: Ting-Lu|9/100|[from] item: Leftovers
|upkeep
|turn|8
|
|t:|1758948302
|move|p1a: Ogerpon|Ivy Cudgel|p2a: Ting-Lu|[anim] Ivy Cudgel Water
|-supereffective|p2a: Ting-Lu
|-damage|p2a: Ting-Lu|0 fnt
|faint|p2a: Ting-Lu
|
|upkeep
|
|t:|1758948305
|switch|p2a: Dragapult|Dragapult, F|100/100
|turn|9
|
|t:|1758948315
|switch|p1a: Kingambit|Kingambit, F|100/100
|-damage|p1a: Kingambit|94/100|[from] Stealth Rock
|-activate|p1a: Kingambit|ability: Supreme Overlord
|-start|p1a: Kingambit|fallen1|[silent]
|move|p2a: Dragapult|Will-O-Wisp|p1a: Kingambit
|-status|p1a: Kingambit|brn
|
|-heal|p1a: Kingambit|100/100 brn|[from] item: Leftovers
|-damage|p1a: Kingambit|94/100 brn|[from] brn
|upkeep
|turn|10
|
|t:|1758948327
|move|p2a: Dragapult|U-turn|p1a: Kingambit
|-damage|p1a: Kingambit|78/100 brn
|
|t:|1758948330
|switch|p2a: Skarmory|Skarmory, M|100/100|[from] U-turn
|move|p1a: Kingambit|Swords Dance|p1a: Kingambit
|-boost|p1a: Kingambit|atk|2
|
|-heal|p1a: Kingambit|84/100 brn|[from] item: Leftovers
|-damage|p1a: Kingambit|78/100 brn|[from] brn
|upkeep
|turn|11
|
|t:|1758948341
|-terastallize|p1a: Kingambit|Ghost
|move|p2a: Skarmory|Spikes|p1a: Kingambit
|-sidestart|p1: SnomTheSnakeLover|Spikes
|move|p1a: Kingambit|Kowtow Cleave|p2a: Skarmory
|-damage|p2a: Skarmory|69/100
|-damage|p1a: Kingambit|61/100 brn|[from] item: Rocky Helmet|[of] p2a: Skarmory
|
|-heal|p1a: Kingambit|68/100 brn|[from] item: Leftovers
|-damage|p1a: Kingambit|61/100 brn|[from] brn
|upkeep
|turn|12
|
|t:|1758948355
|-end|p1a: Kingambit|fallen1|[silent]
|switch|p1a: Raging Bolt|Raging Bolt|100/100
|-damage|p1a: Raging Bolt|88/100|[from] Stealth Rock
|-damage|p1a: Raging Bolt|76/100|[from] Spikes
|-enditem|p1a: Raging Bolt|Booster Energy
|-activate|p1a: Raging Bolt|ability: Protosynthesis|[fromitem]
|-start|p1a: Raging Bolt|protosynthesisspa
|move|p2a: Skarmory|Spikes|p1a: Raging Bolt
|-sidestart|p1: SnomTheSnakeLover|Spikes
|
|upkeep
|turn|13
|
|t:|1758948366
|move|p1a: Raging Bolt|Calm Mind|p1a: Raging Bolt
|-boost|p1a: Raging Bolt|spa|1
|-boost|p1a: Raging Bolt|spd|1
|move|p2a: Skarmory|Body Press|p1a: Raging Bolt
|-damage|p1a: Raging Bolt|47/100
|
|upkeep
|turn|14
|
|t:|1758948382
|switch|p2a: Empoleon|Empoleon, F|100/100
|move|p1a: Raging Bolt|Thunderbolt|p2a: Empoleon
|-supereffective|p2a: Empoleon
|-damage|p2a: Empoleon|0 fnt
|faint|p2a: Empoleon
|
|upkeep
|
|t:|1758948384
|switch|p2a: Dragapult|Dragapult, F|100/100
|turn|15
|
|t:|1758948395
|-end|p1a: Raging Bolt|Protosynthesis|[silent]
|switch|p1a: Kingambit|Kingambit, F, tera:Ghost|61/100 brn
|-damage|p1a: Kingambit|49/100 brn|[from] Stealth Rock
|-damage|p1a: Kingambit|33/100 brn|[from] Spikes
|-activate|p1a: Kingambit|ability: Supreme Overlord
|-start|p1a: Kingambit|fallen1|[silent]
|move|p2a: Dragapult|Dragon Darts|p1a: Kingambit
|-damage|p1a: Kingambit|15/100 brn
|-anim|p2a: Dragapult|Dragon Darts|p1a: Kingambit
|-damage|p1a: Kingambit|0 fnt
|faint|p1a: Kingambit
|-end|p1a: Kingambit|fallen1|[silent]
|
|upkeep
|
|t:|1758948411
|switch|p1a: Mamoswine|Mamoswine, M|100/100
|-damage|p1a: Mamoswine|88/100|[from] Stealth Rock
|-damage|p1a: Mamoswine|71/100|[from] Spikes
|turn|16
|
|t:|1758948417
|switch|p2a: Skarmory|Skarmory, M|69/100
|move|p1a: Mamoswine|Icicle Crash|p2a: Skarmory
|-damage|p2a: Skarmory|23/100
|
|upkeep
|turn|17
|
|t:|1758948424
|move|p1a: Mamoswine|Icicle Crash|p2a: Skarmory
|-damage|p2a: Skarmory|0 fnt
|faint|p2a: Skarmory
|
|upkeep
|
|t:|1758948428
|switch|p2a: Spell icup|Reuniclus, M|100/100
|turn|18
|
|t:|1758948432
|move|p1a: Mamoswine|Icicle Crash|p2a: Spell icup
|-damage|p2a: Spell icup|31/100
|move|p2a: Spell icup|Focus Blast|p1a: Mamoswine
|-supereffective|p1a: Mamoswine
|-damage|p1a: Mamoswine|0 fnt
|faint|p1a: Mamoswine
|
|upkeep
|
|t:|1758948444
|switch|p1a: Ogerpon|Ogerpon-Wellspring, F|100/100
|-damage|p1a: Ogerpon|88/100|[from] Stealth Rock
|-damage|p1a: Ogerpon|72/100|[from] Spikes
|turn|19
|
|t:|1758948450
|move|p1a: Ogerpon|Play Rough|p2a: Spell icup
|-damage|p2a: Spell icup|0 fnt
|faint|p2a: Spell icup
|
|upkeep
|
|t:|1758948453
|switch|p2a: Dragapult|Dragapult, F|100/100
|turn|20
|
|t:|1758948459
|switch|p1a: Landorus|Landorus-Therian, M|100/100
|-damage|p1a: Landorus|88/100|[from] Stealth Rock
|-ability|p1a: Landorus|Intimidate|boost
|-unboost|p2a: Dragapult|atk|1
|-terastallize|p2a: Dragapult|Fairy
|move|p2a: Dragapult|Dragon Darts|p1a: Landorus
|-damage|p1a: Landorus|75/100
|-anim|p2a: Dragapult|Dragon Darts|p1a: Landorus
|-damage|p1a: Landorus|62/100
|
|upkeep
|turn|21
|
|t:|1758948474
|move|p2a: Dragapult|Will-O-Wisp|p1a: Landorus
|-status|p1a: Landorus|brn
|move|p1a: Landorus|Earth Power|p2a: Dragapult
|-damage|p2a: Dragapult|50/100
|
|-damage|p1a: Landorus|56/100 brn|[from] brn
|upkeep
|turn|22
|
|t:|1758948488
|move|p2a: Dragapult|Hex|p1a: Landorus
|-damage|p1a: Landorus|0 fnt
|faint|p1a: Landorus
|
|upkeep
|
|t:|1758948494
|switch|p1a: Raging Bolt|Raging Bolt|47/100
|-damage|p1a: Raging Bolt|35/100|[from] Stealth Rock
|-damage|p1a: Raging Bolt|18/100|[from] Spikes
|turn|23
|
|t:|1758948504
|move|p2a: Dragapult|Will-O-Wisp|p1a: Raging Bolt
|-status|p1a: Raging Bolt|brn
|move|p1a: Raging Bolt|Thunderbolt|p2a: Dragapult
|-damage|p2a: Dragapult|0 fnt
|faint|p2a: Dragapult
|
|win|SnomTheSnakeLover
|raw|SnomTheSnakeLover's rating: 1463 &rarr; <strong>1480</strong><br />(+17 for winning)
|raw|Allegedly Stupid's rating: 1408 &rarr; <strong>1391</strong><br />(-17 for losing)
|l|☆Allegedly Stupid
|player|p2|
|l|☆SnomTheSnakeLover
|player|p1|
