|j|☆kingkavon
|j|☆Ashreturnsingen9
|t:|1759033483
|gametype|singles
|player|p1|kingkavon|170|1400
|player|p2|Ashreturnsingen9|lucas|1402
|gen|9
|tier|[Gen 9] OU
|rated|
|rule|HP Percentage Mod: HP is shown in percentages
|rule|Endless Battle Clause: Forcing endless battles is banned
|rule|Species Clause: Limit one of each Pokémon
|rule|OHKO Clause: OHKO moves are banned
|rule|Evasion Items Clause: Evasion items are banned
|rule|Evasion Moves Clause: Evasion moves are banned
|rule|Evasion Abilities Clause: Evasion abilities are banned
|rule|Sleep Moves Clause: Sleep-inducing moves are banned
|clearpoke
|poke|p1|Ninetales, F|
|poke|p1|Great Tusk|
|poke|p1|Walking Wake|
|poke|p1|Raging Bolt|
|poke|p1|Pecharunt|
|poke|p1|Corviknight, F|
|poke|p2|Charizard, F|
|poke|p2|Venusaur, F|
|poke|p2|Lapras, F|
|poke|p2|Blastoise, F|
|poke|p2|Snorlax, M|
|poke|p2|Clefable, F|
|teampreview
|inactive|Battle timer is ON: inactive players will automatically lose when time's up. (requested by Ashreturnsingen9)
|inactive|kingkavon has 120 seconds left.
|
|t:|1759033525
|teamsize|p1|6
|teamsize|p2|6
|start
|switch|p1a: Pecharunt|Pecharunt|100/100
|switch|p2a: Charizard|Charizard, F|100/100
|turn|1
|
|t:|1759033548
|move|p2a: Charizard|Air Slash|p1a: Pecharunt
|-damage|p1a: Pecharunt|63/100
|move|p1a: Pecharunt|Malignant Chain|p2a: Charizard
|-damage|p2a: Charizard|61/100
|-status|p2a: Charizard|tox
|-start|p2a: Charizard|confusion|[from] ability: Poison Puppeteer|[of] p1a: Pecharunt
|
|-damage|p2a: Charizard|55/100 tox|[from] psn
|upkeep
|turn|2
|
|t:|1759033559
|-activate|p2a: Charizard|confusion
|-damage|p2a: Charizard|46/100 tox|[from] confusion
|move|p1a: Pecharunt|Recover|p1a: Pecharunt
|-heal|p1a: Pecharunt|100/100
|
|-damage|p2a: Charizard|34/100 tox|[from] psn
|upkeep
|turn|3
|
|t:|1759033570
|switch|p2a: Snorlax|Snorlax, M|100/100
|move|p1a: Pecharunt|Shadow Ball|p2a: Snorlax
|-immune|p2a: Snorlax
|
|upkeep
|turn|4
|
|t:|1759033582
|switch|p1a: Corviknight|Corviknight, F|100/100
|-ability|p1a: Corviknight|Pressure
|move|p2a: Snorlax|Heat Crash|p1a: Corviknight
|-supereffective|p1a: Corviknight
|-damage|p1a: Corviknight|53/100
|-damage|p2a: Snorlax|84/100|[from] item: Rocky Helmet|[of] p1a: Corviknight
|
|upkeep
|turn|5
|
|t:|1759033590
|switch|p2a: Blastoise|Blastoise, F|100/100
|move|p1a: Corviknight|Roost|p1a: Corviknight
|-heal|p1a: Corviknight|100/100
|-singleturn|p1a: Corviknight|move: Roost
|
|upkeep
|turn|6
|
|t:|1759033596
|move|p2a: Blastoise|Shell Smash|p2a: Blastoise
|-unboost|p2a: Blastoise|def|1
|-unboost|p2a: Blastoise|spd|1
|-boost|p2a: Blastoise|atk|2
|-boost|p2a: Blastoise|spa|2
|-boost|p2a: Blastoise|spe|2
|-enditem|p2a: Blastoise|White Herb
|-clearnegativeboost|p2a: Blastoise|[silent]
|move|p1a: Corviknight|U-turn|p2a: Blastoise
|-damage|p2a: Blastoise|83/100
|
|t:|1759033599
|switch|p1a: Raging Bolt|Raging Bolt|100/100|[from] U-turn
|-enditem|p1a: Raging Bolt|Booster Energy
|-activate|p1a: Raging Bolt|ability: Protosynthesis|[fromitem]
|-start|p1a: Raging Bolt|protosynthesisspa
|
|upkeep
|turn|7
|
|t:|1759033622
|-terastallize|p2a: Blastoise|Ground
|move|p1a: Raging Bolt|Thunderclap||[still]
|-fail|p1a: Raging Bolt
|move|p2a: Blastoise|Shell Smash|p2a: Blastoise
|-unboost|p2a: Blastoise|def|1
|-unboost|p2a: Blastoise|spd|1
|-boost|p2a: Blastoise|atk|2
|-boost|p2a: Blastoise|spa|2
|-boost|p2a: Blastoise|spe|2
|
|upkeep
|turn|8
|
|t:|1759033642
|move|p2a: Blastoise|Ice Beam|p1a: Raging Bolt
|-supereffective|p1a: Raging Bolt
|-damage|p1a: Raging Bolt|0 fnt
|faint|p1a: Raging Bolt
|-end|p1a: Raging Bolt|Protosynthesis|[silent]
|
|upkeep
|
|t:|1759033645
|switch|p1a: Ninetales|Ninetales, F, shiny|100/100
|-weather|SunnyDay|[from] ability: Drought|[of] p1a: Ninetales
|turn|9
|inactive|Ashreturnsingen9 has 120 seconds left.
|
|t:|1759033677
|-terastallize|p1a: Ninetales|Grass
|move|p2a: Blastoise|Surf|p1a: Ninetales
|-resisted|p1a: Ninetales
|-damage|p1a: Ninetales|71/100
|move|p1a: Ninetales|Weather Ball|p2a: Blastoise
|-damage|p2a: Blastoise|9/100
|
|-weather|SunnyDay|[upkeep]
|upkeep
|turn|10
|
|t:|1759033700
|move|p2a: Blastoise|Ice Beam|p1a: Ninetales
|-supereffective|p1a: Ninetales
|-damage|p1a: Ninetales|0 fnt
|faint|p1a: Ninetales
|
|-weather|SunnyDay|[upkeep]
|upkeep
|
|t:|1759033712
|switch|p1a: Walking Wake|Walking Wake|100/100
|-activate|p1a: Walking Wake|ability: Protosynthesis
|-start|p1a: Walking Wake|protosynthesisspe
|turn|11
|
|t:|1759033717
|move|p2a: Blastoise|Ice Beam|p1a: Walking Wake
|-damage|p1a: Walking Wake|18/100
|move|p1a: Walking Wake|Hydro Steam|p2a: Blastoise
|-supereffective|p2a: Blastoise
|-damage|p2a: Blastoise|0 fnt
|faint|p2a: Blastoise
|
|-weather|SunnyDay|[upkeep]
|upkeep
|inactive|Ashreturnsingen9 has 120 seconds left.
|
|t:|1759033749
|switch|p2a: Venusaur|Venusaur, F|100/100
|turn|12
|inactive|Ashreturnsingen9 has 120 seconds left.
|
|t:|1759033756
|move|p1a: Walking Wake|Weather Ball|p2a: Venusaur
|-supereffective|p2a: Venusaur
|-damage|p2a: Venusaur|0 fnt
|faint|p2a: Venusaur
|
|-weather|SunnyDay|[upkeep]
|upkeep
|
|t:|1759033759
|switch|p2a: Lapras|Lapras, F|100/100
|turn|13
|
|t:|1759033768
|-end|p1a: Walking Wake|Protosynthesis|[silent]
|switch|p1a: Pecharunt|Pecharunt|100/100
|move|p2a: Lapras|Ice Beam|p1a: Pecharunt
|-damage|p1a: Pecharunt|47/100
|
|-weather|SunnyDay|[upkeep]
|upkeep
|turn|14
|
|t:|1759033773
|move|p1a: Pecharunt|Malignant Chain|p2a: Lapras
|-damage|p2a: Lapras|76/100
|move|p2a: Lapras|Ice Beam|p1a: Pecharunt
|-damage|p1a: Pecharunt|0 fnt
|faint|p1a: Pecharunt
|
|-weather|SunnyDay|[upkeep]
|upkeep
|
|t:|1759033777
|switch|p1a: Great Tusk|Great Tusk|100/100
|-activate|p1a: Great Tusk|ability: Protosynthesis
|-start|p1a: Great Tusk|protosynthesisatk
|turn|15
|
|t:|1759033787
|move|p1a: Great Tusk|Close Combat|p2a: Lapras
|-supereffective|p2a: Lapras
|-damage|p2a: Lapras|0 fnt
|-unboost|p1a: Great Tusk|def|1
|-unboost|p1a: Great Tusk|spd|1
|faint|p2a: Lapras
|
|-weather|SunnyDay|[upkeep]
|upkeep
|
|t:|1759033793
|switch|p2a: Charizard|Charizard, F|34/100 tox
|turn|16
|
|t:|1759033800
|-end|p1a: Great Tusk|Protosynthesis|[silent]
|switch|p1a: Corviknight|Corviknight, F|100/100
|-ability|p1a: Corviknight|Pressure
|move|p2a: Charizard|Flamethrower|p1a: Corviknight
|-supereffective|p1a: Corviknight
|-damage|p1a: Corviknight|0 fnt
|faint|p1a: Corviknight
|
|-weather|none
|-damage|p2a: Charizard|28/100 tox|[from] psn
|upkeep
|
|t:|1759033807
|switch|p1a: Walking Wake|Walking Wake|18/100
|turn|17
|
|t:|1759033815
|switch|p2a: Snorlax|Snorlax, M|84/100
|move|p1a: Walking Wake|Flip Turn|p2a: Snorlax
|-damage|p2a: Snorlax|65/100
|
|t:|1759033817
|-end|p1a: Walking Wake|Protosynthesis|[silent]
|switch|p1a: Great Tusk|Great Tusk|100/100|[from] Flip Turn
|
|upkeep
|turn|18
|
|t:|1759033823
|move|p1a: Great Tusk|Rapid Spin|p2a: Snorlax
|-damage|p2a: Snorlax|50/100
|-boost|p1a: Great Tusk|spe|1
|move|p2a: Snorlax|Body Slam|p1a: Great Tusk
|-damage|p1a: Great Tusk|71/100
|
|upkeep
|turn|19
|-enditem|p2a: Snorlax|Custap Berry|[eat]
|-activate|p2a: Snorlax|item: Custap Berry|[consumed]
|
|t:|1759033828
|move|p2a: Snorlax|Body Slam|p1a: Great Tusk
|-damage|p1a: Great Tusk|38/100
|move|p1a: Great Tusk|Close Combat|p2a: Snorlax
|-supereffective|p2a: Snorlax
|-damage|p2a: Snorlax|0 fnt
|-unboost|p1a: Great Tusk|def|1
|-unboost|p1a: Great Tusk|spd|1
|faint|p2a: Snorlax
|
|upkeep
|
|t:|1759033831
|switch|p2a: Clefable|Clefable, F|100/100
|turn|20
|
|t:|1759033834
|move|p1a: Great Tusk|Headlong Rush|p2a: Clefable
|-damage|p2a: Clefable|50/100
|-unboost|p1a: Great Tusk|def|1
|-unboost|p1a: Great Tusk|spd|1
|move|p2a: Clefable|Moonblast|p1a: Great Tusk
|-supereffective|p1a: Great Tusk
|-damage|p1a: Great Tusk|0 fnt
|faint|p1a: Great Tusk
|-end|p1a: Great Tusk|Protosynthesis|[silent]
|
|-heal|p2a: Clefable|56/100|[from] item: Leftovers
|upkeep
|
|t:|1759033837
|switch|p1a: Walking Wake|Walking Wake|18/100
|turn|21
|
|t:|1759033840
|move|p1a: Walking Wake|Hydro Steam|p2a: Clefable
|-damage|p2a: Clefable|7/100
|move|p2a: Clefable|Moonblast|p1a: Walking Wake
|-supereffective|p1a: Walking Wake
|-crit|p1a: Walking Wake
|-damage|p1a: Walking Wake|0 fnt
|faint|p1a: Walking Wake
|-end|p1a: Walking Wake|Protosynthesis|[silent]
|
|win|Ashreturnsingen9
|raw|kingkavon's rating: 1400 &rarr; <strong>1379</strong><br />(-21 for losing)
|raw|Ashreturnsingen9's rating: 1386 &rarr; <strong>1407</strong><br />(+21 for winning)
|l|☆kingkavon
|player|p1|
