|j|☆Couchpilotjack
|j|☆kevs hairline
|t:|1759003487
|gametype|singles
|player|p1|Couchpilotjack|169|1103
|player|p2|kevs hairline|1|1084
|gen|9
|tier|[Gen 9] OU
|rated|
|rule|HP Percentage Mod: HP is shown in percentages
|rule|Endless Battle Clause: Forcing endless battles is banned
|rule|Species Clause: Limit one of each Pokémon
|rule|OHKO Clause: OHKO moves are banned
|rule|Evasion Items Clause: Evasion items are banned
|rule|Evasion Moves Clause: Evasion moves are banned
|rule|Evasion Abilities Clause: Evasion abilities are banned
|rule|Sleep Moves Clause: Sleep-inducing moves are banned
|clearpoke
|poke|p1|Clodsire, M|
|poke|p1|Glimmora, M|
|poke|p1|Toxapex, M|
|poke|p1|Swalot, F|
|poke|p1|Revavroom, M|
|poke|p1|Venomoth, F|
|poke|p2|Ting-Lu|
|poke|p2|Pecharunt|
|poke|p2|Skarmory, F|
|poke|p2|Kyurem|
|poke|p2|Deoxys-Speed|
|poke|p2|Zamazenta-*|
|teampreview
|inactive|Battle timer is ON: inactive players will automatically lose when time's up. (requested by kevs hairline)
|
|t:|1759003498
|teamsize|p1|6
|teamsize|p2|6
|start
|switch|p1a: Glimmora|Glimmora, M|100/100
|switch|p2a: Deoxys|Deoxys-Speed|100/100
|-ability|p2a: Deoxys|Pressure
|turn|1
|
|t:|1759003509
|move|p2a: Deoxys|Psycho Boost|p1a: Glimmora
|-supereffective|p1a: Glimmora
|-damage|p1a: Glimmora|0 fnt
|-unboost|p2a: Deoxys|spa|2
|faint|p1a: Glimmora
|
|upkeep
|
|t:|1759003524
|switch|p1a: Venomoth|Venomoth, F|100/100
|turn|2
|
|t:|1759003529
|-terastallize|p1a: Venomoth|Fire
|move|p2a: Deoxys|Psycho Boost|p1a: Venomoth
|-damage|p1a: Venomoth|25/100
|-unboost|p2a: Deoxys|spa|2
|move|p1a: Venomoth|Quiver Dance|p1a: Venomoth
|-boost|p1a: Venomoth|spa|1
|-boost|p1a: Venomoth|spd|1
|-boost|p1a: Venomoth|spe|1
|
|upkeep
|turn|3
|
|t:|1759003540
|move|p2a: Deoxys|Psycho Boost|p1a: Venomoth
|-crit|p1a: Venomoth
|-damage|p1a: Venomoth|0 fnt
|-unboost|p2a: Deoxys|spa|2
|faint|p1a: Venomoth
|
|upkeep
|
|t:|1759003544
|switch|p1a: Swalot|Swalot, F|100/100
|turn|4
|
|t:|1759003547
|switch|p2a: Ting-Lu|Ting-Lu|100/100
|-ability|p2a: Ting-Lu|Vessel of Ruin
|move|p1a: Swalot|Toxic|p2a: Ting-Lu
|-status|p2a: Ting-Lu|tox
|
|-damage|p2a: Ting-Lu|94/100 tox|[from] psn
|upkeep
|turn|5
|
|t:|1759003553
|move|p1a: Swalot|Acid Armor|p1a: Swalot
|-boost|p1a: Swalot|def|2
|move|p2a: Ting-Lu|Earthquake|p1a: Swalot
|-supereffective|p1a: Swalot
|-damage|p1a: Swalot|55/100
|
|-damage|p2a: Ting-Lu|82/100 tox|[from] psn
|upkeep
|turn|6
|
|t:|1759003568
|move|p1a: Swalot|Acid Armor|p1a: Swalot
|-boost|p1a: Swalot|def|2
|move|p2a: Ting-Lu|Earthquake|p1a: Swalot
|-supereffective|p1a: Swalot
|-damage|p1a: Swalot|27/100
|-enditem|p1a: Swalot|Aguav Berry|[eat]
|-heal|p1a: Swalot|60/100|[from] item: Aguav Berry
|
|-damage|p2a: Ting-Lu|64/100 tox|[from] psn
|upkeep
|turn|7
|
|t:|1759003580
|move|p1a: Swalot|Protect|p1a: Swalot
|-singleturn|p1a: Swalot|Protect
|move|p2a: Ting-Lu|Earthquake|p1a: Swalot
|-activate|p1a: Swalot|move: Protect
|
|-damage|p2a: Ting-Lu|39/100 tox|[from] psn
|upkeep
|turn|8
|
|t:|1759003585
|move|p1a: Swalot|Body Press|p2a: Ting-Lu
|-supereffective|p2a: Ting-Lu
|-damage|p2a: Ting-Lu|0 fnt
|faint|p2a: Ting-Lu
|
|upkeep
|
|t:|1759003597
|switch|p2a: Pecharunt|Pecharunt|100/100
|-item|p2a: Pecharunt|Air Balloon
|turn|9
|inactive|Couchpilotjack has 120 seconds left.
|l|☆Couchpilotjack
|inactive|Couchpilotjack disconnected and has a minute to reconnect!
|player|p1|
|j|☆Couchpilotjack
|inactive|Couchpilotjack reconnected and has 100 seconds left.
|player|p1|Couchpilotjack|169|
|
|t:|1759003655
|move|p2a: Pecharunt|Nasty Plot|p2a: Pecharunt
|-boost|p2a: Pecharunt|spa|2
|move|p1a: Swalot|Body Press|p2a: Pecharunt
|-immune|p2a: Pecharunt
|
|upkeep
|turn|10
|-message|kevs hairline forfeited.
|
|win|Couchpilotjack
|raw|Couchpilotjack's rating: 1103 &rarr; <strong>1127</strong><br />(+24 for winning)
|raw|kevs hairline's rating: 1084 &rarr; <strong>1063</strong><br />(-21 for losing)
|l|☆kevs hairline
|player|p2|
|l|☆Couchpilotjack
|player|p1|
