|j|☆lehuynhan
|j|☆romeo30001
|t:|1759034946
|gametype|singles
|player|p1|lehuynhan|dawn|1223
|player|p2|romeo30001|2|1187
|gen|9
|tier|[Gen 9] OU
|rated|
|rule|HP Percentage Mod: HP is shown in percentages
|rule|Endless Battle Clause: Forcing endless battles is banned
|rule|Species Clause: Limit one of each Pokémon
|rule|OHKO Clause: OHKO moves are banned
|rule|Evasion Items Clause: Evasion items are banned
|rule|Evasion Moves Clause: Evasion moves are banned
|rule|Evasion Abilities Clause: Evasion abilities are banned
|rule|Sleep Moves Clause: Sleep-inducing moves are banned
|clearpoke
|poke|p1|Regidrago|
|poke|p1|Granbull, F|
|poke|p1|Polteageist|
|poke|p1|Empoleon, F|
|poke|p1|Lycanroc-Dusk, F|
|poke|p1|Breloom, M|
|poke|p2|Zarude|
|poke|p2|Mamoswine, F|
|poke|p2|Alomomola, F|
|poke|p2|Toxapex, M|
|poke|p2|Thundurus-Therian, M|
|poke|p2|Hydrapple, F|
|teampreview
|inactive|Battle timer is ON: inactive players will automatically lose when time's up. (requested by romeo30001)
|
|t:|1759034957
|teamsize|p1|6
|teamsize|p2|6
|start
|switch|p1a: 1up|Breloom, M, shiny|100/100
|switch|p2a: Hydrapple|Hydrapple, F|100/100
|turn|1
|
|t:|1759034964
|move|p1a: 1up|Substitute|p1a: 1up
|-start|p1a: 1up|Substitute
|-damage|p1a: 1up|75/100
|move|p2a: Hydrapple|Fickle Beam|p1a: 1up
|-end|p1a: 1up|Substitute
|
|-status|p1a: 1up|tox|[from] item: Toxic Orb
|upkeep
|turn|2
|
|t:|1759034973
|switch|p1a: Toothfairy|Granbull, F|100/100
|-ability|p1a: Toothfairy|Intimidate|boost
|-unboost|p2a: Hydrapple|atk|1
|move|p2a: Hydrapple|Fickle Beam|p1a: Toothfairy
|-immune|p1a: Toothfairy
|
|upkeep
|turn|3
|
|t:|1759034982
|switch|p2a: Toxapex|Toxapex, M|100/100
|move|p1a: Toothfairy|Play Rough|p2a: Toxapex
|-resisted|p2a: Toxapex
|-damage|p2a: Toxapex|82/100
|
|upkeep
|turn|4
|
|t:|1759034993
|switch|p1a: 1up|Breloom, M, shiny|75/100 tox
|move|p2a: Toxapex|Surf|p1a: 1up
|-resisted|p1a: 1up
|-damage|p1a: 1up|62/100 tox
|
|-heal|p1a: 1up|74/100 tox|[from] ability: Poison Heal
|upkeep
|turn|5
|
|t:|1759034999
|switch|p2a: Hydrapple|Hydrapple, F|100/100
|move|p1a: 1up|Substitute|p1a: 1up
|-start|p1a: 1up|Substitute
|-damage|p1a: 1up|49/100 tox
|
|-heal|p1a: 1up|61/100 tox|[from] ability: Poison Heal
|upkeep
|turn|6
|
|t:|1759035016
|-singleturn|p1a: 1up|move: Focus Punch
|move|p2a: Hydrapple|Giga Drain|p1a: 1up
|-resisted|p1a: 1up
|-end|p1a: 1up|Substitute
|move|p1a: 1up|Focus Punch|p2a: Hydrapple
|-damage|p2a: Hydrapple|43/100
|
|-heal|p1a: 1up|74/100 tox|[from] ability: Poison Heal
|upkeep
|turn|7
|
|t:|1759035025
|move|p1a: 1up|Facade|p2a: Hydrapple
|-damage|p2a: Hydrapple|4/100
|move|p2a: Hydrapple|Giga Drain|p1a: 1up
|-resisted|p1a: 1up
|-damage|p1a: 1up|45/100 tox
|-heal|p2a: Hydrapple|16/100|[from] drain|[of] p1a: 1up
|
|-heal|p1a: 1up|57/100 tox|[from] ability: Poison Heal
|upkeep
|turn|8
|
|t:|1759035035
|switch|p2a: Zarude|Zarude|100/100
|move|p1a: 1up|Substitute|p1a: 1up
|-start|p1a: 1up|Substitute
|-damage|p1a: 1up|32/100 tox
|
|-heal|p1a: 1up|44/100 tox|[from] ability: Poison Heal
|upkeep
|turn|9
|
|t:|1759035045
|-singleturn|p1a: 1up|move: Focus Punch
|move|p2a: Zarude|U-turn|p1a: 1up
|-end|p1a: 1up|Substitute
|
|t:|1759035056
|switch|p2a: Toxapex|Toxapex, M|100/100|[from] U-turn
|move|p1a: 1up|Focus Punch|p2a: Toxapex
|-resisted|p2a: Toxapex
|-damage|p2a: Toxapex|68/100
|
|-heal|p1a: 1up|57/100 tox|[from] ability: Poison Heal
|upkeep
|turn|10
|
|t:|1759035069
|switch|p2a: Zarude|Zarude|100/100
|move|p1a: 1up|Leech Seed|p2a: Zarude
|-immune|p2a: Zarude
|
|-heal|p1a: 1up|69/100 tox|[from] ability: Poison Heal
|upkeep
|turn|11
|
|t:|1759035076
|switch|p1a: Toothfairy|Granbull, F|100/100
|-ability|p1a: Toothfairy|Intimidate|boost
|-unboost|p2a: Zarude|atk|1
|move|p2a: Zarude|Close Combat|p1a: Toothfairy
|-resisted|p1a: Toothfairy
|-damage|p1a: Toothfairy|75/100
|-unboost|p2a: Zarude|def|1
|-unboost|p2a: Zarude|spd|1
|
|upkeep
|turn|12
|
|t:|1759035088
|switch|p2a: Toxapex|Toxapex, M|100/100
|move|p1a: Toothfairy|Psychic Fangs|p2a: Toxapex
|-supereffective|p2a: Toxapex
|-damage|p2a: Toxapex|59/100
|
|upkeep
|turn|13
|
|t:|1759035094
|move|p1a: Toothfairy|Earthquake|p2a: Toxapex
|-supereffective|p2a: Toxapex
|-damage|p2a: Toxapex|7/100
|move|p2a: Toxapex|Toxic|p1a: Toothfairy
|-status|p1a: Toothfairy|tox
|
|-damage|p1a: Toothfairy|69/100 tox|[from] psn
|upkeep
|turn|14
|
|t:|1759035099
|switch|p1a: 1up|Breloom, M, shiny|69/100 tox
|switch|p2a: Zarude|Zarude|100/100
|
|-heal|p1a: 1up|81/100 tox|[from] ability: Poison Heal
|upkeep
|turn|15
|
|t:|1759035107
|switch|p1a: Toothfairy|Granbull, F|69/100 tox
|-ability|p1a: Toothfairy|Intimidate|boost
|-unboost|p2a: Zarude|atk|1
|move|p2a: Zarude|U-turn|p1a: Toothfairy
|-resisted|p1a: Toothfairy
|-damage|p1a: Toothfairy|55/100 tox
|
|t:|1759035126
|switch|p2a: Mamoswine|Mamoswine, F|100/100|[from] U-turn
|
|-damage|p1a: Toothfairy|49/100 tox|[from] psn
|upkeep
|turn|16
|
|t:|1759035138
|move|p2a: Mamoswine|Icicle Crash|p1a: Toothfairy
|-damage|p1a: Toothfairy|0 fnt
|faint|p1a: Toothfairy
|
|upkeep
|
|t:|1759035142
|switch|p1a: Lycanroc|Lycanroc-Dusk, F|100/100
|turn|17
|
|t:|1759035148
|switch|p2a: Alomomola|Alomomola, F|100/100
|move|p1a: Lycanroc|Stealth Rock|p2a: Alomomola
|-sidestart|p2: romeo30001|move: Stealth Rock
|
|upkeep
|turn|18
|
|t:|1759035153
|switch|p1a: 1up|Breloom, M, shiny|81/100 tox
|move|p2a: Alomomola|Scald|p1a: 1up
|-resisted|p1a: 1up
|-damage|p1a: 1up|71/100 tox
|
|-heal|p1a: 1up|84/100 tox|[from] ability: Poison Heal
|upkeep
|turn|19
|
|t:|1759035160
|move|p1a: 1up|Substitute|p1a: 1up
|-start|p1a: 1up|Substitute
|-damage|p1a: 1up|59/100 tox
|move|p2a: Alomomola|Wish|p2a: Alomomola
|
|-heal|p1a: 1up|71/100 tox|[from] ability: Poison Heal
|upkeep
|turn|20
|
|t:|1759035175
|switch|p2a: Hydrapple|Hydrapple, F|49/100
|-singleturn|p1a: 1up|move: Focus Punch
|move|p1a: 1up|Focus Punch|p2a: Hydrapple
|-damage|p2a: Hydrapple|0 fnt
|faint|p2a: Hydrapple
|
|-heal|p1a: 1up|83/100 tox|[from] ability: Poison Heal
|upkeep
|
|t:|1759035189
|switch|p2a: Thundurus|Thundurus-Therian, M|100/100
|-damage|p2a: Thundurus|76/100|[from] Stealth Rock
|turn|21
|
|t:|1759035195
|move|p2a: Thundurus|Tera Blast|p1a: 1up
|-end|p1a: 1up|Substitute
|-damage|p2a: Thundurus|66/100|[from] item: Life Orb
|move|p1a: 1up|Facade|p2a: Thundurus
|-damage|p2a: Thundurus|0 fnt
|faint|p2a: Thundurus
|
|-heal|p1a: 1up|96/100 tox|[from] ability: Poison Heal
|upkeep
|
|t:|1759035205
|switch|p2a: Mamoswine|Mamoswine, F|100/100
|-damage|p2a: Mamoswine|88/100|[from] Stealth Rock
|turn|22
|
|t:|1759035217
|-terastallize|p1a: 1up|Normal
|move|p2a: Mamoswine|Icicle Crash|p1a: 1up
|-damage|p1a: 1up|43/100 tox
|move|p1a: 1up|Leech Seed|p2a: Mamoswine
|-start|p2a: Mamoswine|move: Leech Seed
|
|-damage|p2a: Mamoswine|76/100|[from] Leech Seed|[of] p1a: 1up
|-heal|p1a: 1up|57/100 tox|[silent]
|-heal|p1a: 1up|70/100 tox|[from] ability: Poison Heal
|upkeep
|turn|23
|
|t:|1759035229
|move|p2a: Mamoswine|Icicle Crash|p1a: 1up|[miss]
|-miss|p2a: Mamoswine|p1a: 1up
|move|p1a: 1up|Facade|p2a: Mamoswine
|-damage|p2a: Mamoswine|0 fnt
|faint|p2a: Mamoswine
|
|-heal|p1a: 1up|82/100 tox|[from] ability: Poison Heal
|upkeep
|-message|romeo30001 forfeited.
|
|win|lehuynhan
|raw|lehuynhan's rating: 1223 &rarr; <strong>1245</strong><br />(+22 for winning)
|raw|romeo30001's rating: 1187 &rarr; <strong>1165</strong><br />(-22 for losing)
|l|☆romeo30001
|player|p2|
|l|☆lehuynhan
|player|p1|
