|j|☆TTHHY
|j|☆JuanIsMyLover
|t:|1759068001
|gametype|singles
|player|p1|TTHHY|red|1093
|player|p2|JuanIsMyLover|nate|1051
|gen|9
|tier|[Gen 9] OU
|rated|
|rule|HP Percentage Mod: HP is shown in percentages
|rule|Endless Battle Clause: Forcing endless battles is banned
|rule|Species Clause: Limit one of each Pokémon
|rule|OHKO Clause: OHKO moves are banned
|rule|Evasion Items Clause: Evasion items are banned
|rule|Evasion Moves Clause: Evasion moves are banned
|rule|Evasion Abilities Clause: Evasion abilities are banned
|rule|Sleep Moves Clause: Sleep-inducing moves are banned
|clearpoke
|poke|p1|Dugtrio-Alola, M|
|poke|p1|Wugtrio, M|
|poke|p1|Shiftry, M|
|poke|p1|Comfey, F|
|poke|p1|Slowking-Galar, M|
|poke|p1|Garchomp, M|
|poke|p2|Ceruledge, M|
|poke|p2|Gholdengo|
|poke|p2|Glimmora, M|
|poke|p2|Dragapult, F|
|poke|p2|Deoxys-Speed|
|poke|p2|Weezing-Galar, F|
|teampreview
|inactive|Battle timer is ON: inactive players will automatically lose when time's up. (requested by TTHHY)
|
|t:|1759068016
|teamsize|p1|6
|teamsize|p2|6
|start
|switch|p1a: Shiftry|Shiftry, M, shiny|100/100
|switch|p2a: Glimmora|Glimmora, M|100/100
|turn|1
|
|t:|1759068020
|move|p1a: Shiftry|Tailwind|p1a: Shiftry
|-sidestart|p1: TTHHY|move: Tailwind
|-ability|p1a: Shiftry|Wind Rider|boost
|-boost|p1a: Shiftry|atk|1
|move|p2a: Glimmora|Mortal Spin|p1a: Shiftry
|-supereffective|p1a: Shiftry
|-damage|p1a: Shiftry|79/100
|-status|p1a: Shiftry|psn
|
|-damage|p1a: Shiftry|67/100 psn|[from] psn
|upkeep
|turn|2
|
|t:|1759068027
|move|p1a: Shiftry|Leaf Blade|p2a: Glimmora
|-damage|p2a: Glimmora|61/100
|-activate|p2a: Glimmora|ability: Toxic Debris
|-sidestart|p1: TTHHY|move: Toxic Spikes
|move|p2a: Glimmora|Stealth Rock|p1a: Shiftry
|-sidestart|p1: TTHHY|move: Stealth Rock
|
|-damage|p1a: Shiftry|54/100 psn|[from] psn
|upkeep
|turn|3
|
|t:|1759068033
|move|p1a: Shiftry|Knock Off|p2a: Glimmora
|-damage|p2a: Glimmora|15/100
|-activate|p2a: Glimmora|ability: Toxic Debris
|-sidestart|p1: TTHHY|move: Toxic Spikes
|-enditem|p2a: Glimmora|Focus Sash|[from] move: Knock Off|[of] p1a: Shiftry
|move|p2a: Glimmora|Memento|p1a: Shiftry
|-unboost|p1a: Shiftry|atk|2
|-unboost|p1a: Shiftry|spa|2
|faint|p2a: Glimmora
|
|-damage|p1a: Shiftry|42/100 psn|[from] psn
|upkeep
|
|t:|1759068059
|switch|p2a: Deoxys|Deoxys-Speed|100/100
|-ability|p2a: Deoxys|Pressure
|turn|4
|
|t:|1759068066
|move|p2a: Deoxys|Trick|p1a: Shiftry
|-activate|p2a: Deoxys|move: Trick|[of] p1a: Shiftry
|-item|p1a: Shiftry|Choice Scarf|[from] move: Trick
|-item|p2a: Deoxys|Focus Sash|[from] move: Trick
|move|p1a: Shiftry|Knock Off|p2a: Deoxys
|-supereffective|p2a: Deoxys
|-damage|p2a: Deoxys|31/100
|-enditem|p2a: Deoxys|Focus Sash|[from] move: Knock Off|[of] p1a: Shiftry
|
|-damage|p1a: Shiftry|29/100 psn|[from] psn
|-sideend|p1: TTHHY|move: Tailwind
|upkeep
|turn|5
|
|t:|1759068073
|move|p2a: Deoxys|Knock Off|p1a: Shiftry
|-resisted|p1a: Shiftry
|-damage|p1a: Shiftry|14/100 psn
|-enditem|p1a: Shiftry|Choice Scarf|[from] move: Knock Off|[of] p2a: Deoxys
|move|p1a: Shiftry|Knock Off|p2a: Deoxys
|-supereffective|p2a: Deoxys
|-damage|p2a: Deoxys|0 fnt
|faint|p2a: Deoxys
|
|-damage|p1a: Shiftry|1/100 psn|[from] psn
|upkeep
|
|t:|1759068078
|switch|p2a: Ceruledge|Ceruledge, M|100/100
|turn|6
|
|t:|1759068081
|-terastallize|p2a: Ceruledge|Flying
|move|p2a: Ceruledge|Swords Dance|p2a: Ceruledge
|-boost|p2a: Ceruledge|atk|2
|move|p1a: Shiftry|Knock Off|p2a: Ceruledge
|-damage|p2a: Ceruledge|60/100
|-ability|p2a: Ceruledge|Weak Armor|boost
|-unboost|p2a: Ceruledge|def|1
|-boost|p2a: Ceruledge|spe|2
|-enditem|p2a: Ceruledge|Focus Sash|[from] move: Knock Off|[of] p1a: Shiftry
|
|-damage|p1a: Shiftry|0 fnt|[from] psn
|faint|p1a: Shiftry
|upkeep
|
|t:|1759068090
|switch|p1a: Comfey|Comfey, F, shiny|100/100
|-status|p1a: Comfey|tox
|-damage|p1a: Comfey|88/100 tox|[from] Stealth Rock
|turn|7
|
|t:|1759068095
|move|p2a: Ceruledge|Bitter Blade|p1a: Comfey
|-damage|p1a: Comfey|0 fnt
|-heal|p2a: Ceruledge|97/100|[from] drain|[of] p1a: Comfey
|faint|p1a: Comfey
|
|upkeep
|
|t:|1759068096
|switch|p1a: Dugtrio|Dugtrio-Alola, M|100/100
|-damage|p1a: Dugtrio|98/100|[from] Stealth Rock
|turn|8
|
|t:|1759068100
|move|p2a: Ceruledge|Bitter Blade|p1a: Dugtrio
|-supereffective|p1a: Dugtrio
|-damage|p1a: Dugtrio|0 fnt
|-heal|p2a: Ceruledge|100/100|[from] drain|[of] p1a: Dugtrio
|-ability|p1a: Dugtrio|Tangling Hair
|-unboost|p2a: Ceruledge|spe|1
|faint|p1a: Dugtrio
|
|upkeep
|
|t:|1759068105
|switch|p1a: Wugtrio|Wugtrio, M, shiny|100/100
|-status|p1a: Wugtrio|tox
|-damage|p1a: Wugtrio|88/100 tox|[from] Stealth Rock
|turn|9
|
|t:|1759068113
|move|p2a: Ceruledge|Close Combat|p1a: Wugtrio
|-damage|p1a: Wugtrio|0 fnt
|-unboost|p2a: Ceruledge|def|1
|-unboost|p2a: Ceruledge|spd|1
|-ability|p1a: Wugtrio|Gooey
|-unboost|p2a: Ceruledge|spe|1
|faint|p1a: Wugtrio
|
|upkeep
|
|t:|1759068117
|switch|p1a: Garchomp|Garchomp, M|100/100
|-status|p1a: Garchomp|tox
|-damage|p1a: Garchomp|94/100 tox|[from] Stealth Rock
|turn|10
|
|t:|1759068126
|switch|p2a: Weezing|Weezing-Galar, F|100/100
|-ability|p2a: Weezing|Neutralizing Gas
|move|p1a: Garchomp|Draco Meteor|p2a: Weezing
|-immune|p2a: Weezing
|
|-damage|p1a: Garchomp|88/100 tox|[from] psn
|upkeep
|turn|11
|
|t:|1759068137
|move|p1a: Garchomp|Earth Power|p2a: Weezing
|-supereffective|p2a: Weezing
|-damage|p2a: Weezing|41/100
|move|p2a: Weezing|Clear Smog|p1a: Garchomp
|-resisted|p1a: Garchomp
|-damage|p1a: Garchomp|81/100 tox
|-clearboost|p1a: Garchomp
|
|-damage|p1a: Garchomp|68/100 tox|[from] psn
|upkeep
|turn|12
|
|t:|1759068141
|move|p1a: Garchomp|Earth Power|p2a: Weezing
|-supereffective|p2a: Weezing
|-damage|p2a: Weezing|0 fnt
|faint|p2a: Weezing
|-end|p2a: Weezing|ability: Neutralizing Gas
|
|-damage|p1a: Garchomp|50/100 tox|[from] psn
|upkeep
|
|t:|1759068148
|switch|p2a: Dragapult|Dragapult, F|100/100
|turn|13
|
|t:|1759068151
|move|p2a: Dragapult|Phantom Force||[still]
|-prepare|p2a: Dragapult|Phantom Force
|move|p1a: Garchomp|Draco Meteor|p2a: Dragapult|[miss]
|-miss|p1a: Garchomp|p2a: Dragapult
|
|-damage|p1a: Garchomp|25/100 tox|[from] psn
|upkeep
|turn|14
|
|t:|1759068155
|move|p2a: Dragapult|Phantom Force|p1a: Garchomp|[from] lockedmove
|-damage|p1a: Garchomp|0 fnt
|-damage|p2a: Dragapult|88/100|[from] ability: Rough Skin|[of] p1a: Garchomp
|-damage|p2a: Dragapult|72/100|[from] item: Rocky Helmet|[of] p1a: Garchomp
|faint|p1a: Garchomp
|
|upkeep
|
|t:|1759068157
|switch|p1a: Slowking|Slowking-Galar, M|100/100
|-sideend|p1: TTHHY|move: Toxic Spikes|[of] p1a: Slowking
|-damage|p1a: Slowking|88/100|[from] Stealth Rock
|turn|15
|
|t:|1759068159
|move|p2a: Dragapult|Phantom Force||[still]
|-prepare|p2a: Dragapult|Phantom Force
|move|p1a: Slowking|Shadow Ball|p2a: Dragapult|[miss]
|-miss|p1a: Slowking|p2a: Dragapult
|
|-heal|p1a: Slowking|94/100|[from] item: Leftovers
|upkeep
|turn|16
|
|t:|1759068162
|move|p2a: Dragapult|Phantom Force|p1a: Slowking|[from] lockedmove
|-supereffective|p1a: Slowking
|-damage|p1a: Slowking|0 fnt
|faint|p1a: Slowking
|
|win|JuanIsMyLover
|raw|TTHHY's rating: 1093 &rarr; <strong>1066</strong><br />(-27 for losing)
|raw|JuanIsMyLover's rating: 1051 &rarr; <strong>1087</strong><br />(+36 for winning)
|l|☆TTHHY
|player|p1|
|l|☆JuanIsMyLover
|player|p2|
