|j|☆Rising Ursaring
|j|☆sprunkysprunky
|t:|1759069303
|gametype|singles
|player|p1|Rising Ursaring|burglar|1459
|player|p2|sprunkysprunky|cyrus|1407
|gen|9
|tier|[Gen 9] OU
|rated|
|rule|HP Percentage Mod: HP is shown in percentages
|rule|Endless Battle Clause: Forcing endless battles is banned
|rule|Species Clause: Limit one of each Pokémon
|rule|OHKO Clause: OHKO moves are banned
|rule|Evasion Items Clause: Evasion items are banned
|rule|Evasion Moves Clause: Evasion moves are banned
|rule|Evasion Abilities Clause: Evasion abilities are banned
|rule|Sleep Moves Clause: Sleep-inducing moves are banned
|clearpoke
|poke|p1|Raging Bolt|
|poke|p1|Wo-Chien|
|poke|p1|Empoleon, M|
|poke|p1|Ceruledge, F|
|poke|p1|Weezing-Galar, M|
|poke|p1|Landorus-Therian, M|
|poke|p2|Jirachi|
|poke|p2|Great Tusk|
|poke|p2|Latios, M|
|poke|p2|Polteageist|
|poke|p2|Gardevoir, F|
|poke|p2|Crawdaunt, M|
|teampreview
|inactive|Battle timer is ON: inactive players will automatically lose when time's up. (requested by Rising Ursaring)
|
|t:|1759069316
|teamsize|p1|6
|teamsize|p2|6
|start
|switch|p1a: Wo-Chien|Wo-Chien|100/100
|switch|p2a: Chamomile|Jirachi|100/100
|-ability|p1a: Wo-Chien|Tablets of Ruin
|turn|1
|
|t:|1759069333
|move|p2a: Chamomile|Thunder Wave|p1a: Wo-Chien
|-status|p1a: Wo-Chien|par
|move|p1a: Wo-Chien|Knock Off|p2a: Chamomile
|-supereffective|p2a: Chamomile
|-damage|p2a: Chamomile|40/100
|-enditem|p2a: Chamomile|Focus Sash|[from] move: Knock Off|[of] p1a: Wo-Chien
|
|upkeep
|turn|2
|
|t:|1759069338
|move|p2a: Chamomile|Stealth Rock|p1a: Wo-Chien
|-sidestart|p1: Rising Ursaring|move: Stealth Rock
|move|p1a: Wo-Chien|Knock Off|p2a: Chamomile
|-supereffective|p2a: Chamomile
|-damage|p2a: Chamomile|0 fnt
|faint|p2a: Chamomile
|
|upkeep
|
|t:|1759069368
|switch|p2a: Radish|Latios, M|100/100
|turn|3
|
|t:|1759069393
|move|p2a: Radish|Simple Beam|p1a: Wo-Chien
|-ability|p1a: Wo-Chien|Simple|Tablets of Ruin|[from] move: Simple Beam
|move|p1a: Wo-Chien|Knock Off|p2a: Radish
|-supereffective|p2a: Radish
|-damage|p2a: Radish|19/100
|-enditem|p2a: Radish|Light Clay|[from] move: Knock Off|[of] p1a: Wo-Chien
|
|upkeep
|turn|4
|inactive|Rising Ursaring has 120 seconds left.
|
|t:|1759069411
|move|p2a: Radish|Reflect|p2a: Radish
|-sidestart|p2: sprunkysprunky|Reflect
|move|p1a: Wo-Chien|Knock Off|p2a: Radish
|-supereffective|p2a: Radish
|-damage|p2a: Radish|0 fnt
|faint|p2a: Radish
|
|upkeep
|
|t:|1759069414
|switch|p2a: Cucumber|Gardevoir, F|100/100
|-ability|p2a: Cucumber|Simple|Trace|[from] ability: Trace|[of] p1a: Wo-Chien
|turn|5
|inactive|Rising Ursaring has 120 seconds left.
|
|t:|1759069444
|move|p2a: Cucumber|Substitute|p2a: Cucumber
|-start|p2a: Cucumber|Substitute
|-damage|p2a: Cucumber|75/100
|move|p1a: Wo-Chien|Leech Seed||[still]
|-fail|p1a: Wo-Chien
|
|upkeep
|turn|6
|
|t:|1759069447
|move|p2a: Cucumber|Calm Mind|p2a: Cucumber
|-boost|p2a: Cucumber|spa|2
|-boost|p2a: Cucumber|spd|2
|move|p1a: Wo-Chien|Knock Off|p2a: Cucumber
|-activate|p2a: Cucumber|move: Substitute|[damage]
|
|upkeep
|turn|7
|
|t:|1759069451
|move|p2a: Cucumber|Calm Mind|p2a: Cucumber
|-boost|p2a: Cucumber|spa|2
|-boost|p2a: Cucumber|spd|2
|move|p1a: Wo-Chien|Knock Off|p2a: Cucumber
|-end|p2a: Cucumber|Substitute
|
|upkeep
|turn|8
|
|t:|1759069452
|move|p2a: Cucumber|Substitute|p2a: Cucumber
|-start|p2a: Cucumber|Substitute
|-damage|p2a: Cucumber|50/100
|move|p1a: Wo-Chien|Knock Off|p2a: Cucumber
|-crit|p2a: Cucumber
|-end|p2a: Cucumber|Substitute
|
|-sideend|p2: sprunkysprunky|Reflect
|upkeep
|turn|9
|
|t:|1759069456
|move|p2a: Cucumber|Substitute|p2a: Cucumber
|-start|p2a: Cucumber|Substitute
|-damage|p2a: Cucumber|25/100
|-enditem|p2a: Cucumber|Salac Berry|[eat]
|-boost|p2a: Cucumber|spe|2|[from] item: Salac Berry
|cant|p1a: Wo-Chien|par
|
|upkeep
|turn|10
|
|t:|1759069459
|move|p2a: Cucumber|Draining Kiss|p1a: Wo-Chien
|-supereffective|p1a: Wo-Chien
|-damage|p1a: Wo-Chien|32/100 par
|-heal|p2a: Cucumber|83/100|[from] drain|[of] p1a: Wo-Chien
|cant|p1a: Wo-Chien|par
|
|-heal|p1a: Wo-Chien|38/100 par|[from] item: Leftovers
|upkeep
|turn|11
|
|t:|1759069462
|move|p2a: Cucumber|Draining Kiss|p1a: Wo-Chien
|-supereffective|p1a: Wo-Chien
|-damage|p1a: Wo-Chien|0 fnt
|-heal|p2a: Cucumber|100/100|[from] drain|[of] p1a: Wo-Chien
|faint|p1a: Wo-Chien
|
|upkeep
|
|t:|1759069467
|switch|p1a: Empoleon|Empoleon, M|100/100
|-damage|p1a: Empoleon|94/100|[from] Stealth Rock
|turn|12
|inactive|sprunkysprunky has 120 seconds left.
|
|t:|1759069500
|move|p2a: Cucumber|Calm Mind|p2a: Cucumber
|-boost|p2a: Cucumber|spa|2
|-boost|p2a: Cucumber|spd|2
|move|p1a: Empoleon|Knock Off|p2a: Cucumber
|-activate|p2a: Cucumber|move: Substitute|[damage]
|
|-heal|p1a: Empoleon|100/100|[from] item: Leftovers
|upkeep
|turn|13
|
|t:|1759069506
|move|p2a: Cucumber|Stored Power|p1a: Empoleon
|-resisted|p1a: Empoleon
|-damage|p1a: Empoleon|0 fnt
|faint|p1a: Empoleon
|
|upkeep
|
|t:|1759069513
|switch|p1a: Raging Bolt|Raging Bolt|100/100
|turn|14
|c|☆Rising Ursaring|Ohhhhhhhhhh
|c|☆Rising Ursaring|That's actually pretty cool
|inactive|sprunkysprunky has 120 seconds left.
|c|☆Rising Ursaring|Tracing simple
|inactive|sprunkysprunky has 90 seconds left.
|
|t:|1759069569
|move|p1a: Raging Bolt|Thunderclap||[still]
|-fail|p1a: Raging Bolt
|move|p2a: Cucumber|Calm Mind|p2a: Cucumber
|-boost|p2a: Cucumber|spa|0
|-boost|p2a: Cucumber|spd|0
|
|upkeep
|turn|15
|n|!Rising Ursaring|risingursaring
|
|t:|1759069572
|move|p1a: Raging Bolt|Thunderclap|p2a: Cucumber
|-activate|p2a: Cucumber|move: Substitute|[damage]
|move|p2a: Cucumber|Draining Kiss|p1a: Raging Bolt
|-supereffective|p1a: Raging Bolt
|-damage|p1a: Raging Bolt|0 fnt
|faint|p1a: Raging Bolt
|-end|p1a: Raging Bolt|Protosynthesis|[silent]
|
|upkeep
|
|t:|1759069575
|switch|p1a: Landorus|Landorus-Therian, M|100/100
|-damage|p1a: Landorus|88/100|[from] Stealth Rock
|-ability|p1a: Landorus|Intimidate|boost
|-immune|p2a: Cucumber
|turn|16
|
|t:|1759069579
|move|p2a: Cucumber|Stored Power|p1a: Landorus
|-damage|p1a: Landorus|0 fnt
|faint|p1a: Landorus
|
|upkeep
|
|t:|1759069585
|switch|p1a: Weezing|Weezing-Galar, M|100/100
|-ability|p1a: Weezing|Neutralizing Gas
|-damage|p1a: Weezing|88/100|[from] Stealth Rock
|turn|17
|
|t:|1759069587
|move|p2a: Cucumber|Stored Power|p1a: Weezing
|-supereffective|p1a: Weezing
|-damage|p1a: Weezing|0 fnt
|faint|p1a: Weezing
|-end|p1a: Weezing|ability: Neutralizing Gas
|
|upkeep
|
|t:|1759069591
|switch|p1a: Ceruledge|Ceruledge, F|100/100
|-damage|p1a: Ceruledge|76/100|[from] Stealth Rock
|turn|18
|
|t:|1759069592
|move|p1a: Ceruledge|Shadow Sneak|p2a: Cucumber
|-supereffective|p2a: Cucumber
|-end|p2a: Cucumber|Substitute
|move|p2a: Cucumber|Stored Power|p1a: Ceruledge
|-damage|p1a: Ceruledge|0 fnt
|faint|p1a: Ceruledge
|
|win|sprunkysprunky
|raw|Rising Ursaring's rating: 1459 &rarr; <strong>1437</strong><br />(-22 for losing)
|raw|sprunkysprunky's rating: 1424 &rarr; <strong>1446</strong><br />(+22 for winning)
|l|☆sprunkysprunky
|player|p2|
|l|!Rising Ursaring
|player|p1|
