|j|☆mkyn
|j|☆peefan53
|t:|1759072183
|gametype|singles
|player|p1|mkyn|102|1463
|player|p2|peefan53|smasher|1423
|gen|9
|tier|[Gen 9] OU
|rated|
|rule|HP Percentage Mod: HP is shown in percentages
|rule|Endless Battle Clause: Forcing endless battles is banned
|rule|Species Clause: Limit one of each Pokémon
|rule|OHKO Clause: OHKO moves are banned
|rule|Evasion Items Clause: Evasion items are banned
|rule|Evasion Moves Clause: Evasion moves are banned
|rule|Evasion Abilities Clause: Evasion abilities are banned
|rule|Sleep Moves Clause: Sleep-inducing moves are banned
|clearpoke
|poke|p1|Tyranitar, M|
|poke|p1|Excadrill, M|
|poke|p1|Pecharunt|
|poke|p1|Alomomola, F|
|poke|p1|Ogerpon, F|
|poke|p1|Iron Valiant|
|poke|p2|Garganacl, F|
|poke|p2|Dragapult, F|
|poke|p2|Ogerpon-Wellspring, F|
|poke|p2|Moltres|
|poke|p2|Malamar, F|
|poke|p2|Iron Treads|
|teampreview
|
|t:|1759072217
|teamsize|p1|6
|teamsize|p2|6
|start
|switch|p1a: Tyranitar|Tyranitar, M|100/100
|switch|p2a: MalaMarge|Malamar, F|100/100
|-weather|Sandstorm|[from] ability: Sand Stream|[of] p1a: Tyranitar
|turn|1
|
|t:|1759072227
|switch|p1a: Pecharunt|Pecharunt|100/100
|move|p2a: MalaMarge|Superpower|p1a: Pecharunt
|-immune|p1a: Pecharunt
|
|-weather|Sandstorm|[upkeep]
|-damage|p1a: Pecharunt|94/100|[from] Sandstorm
|-damage|p2a: MalaMarge|95/100|[from] Sandstorm
|upkeep
|turn|2
|
|t:|1759072234
|switch|p2a: Homernacl|Garganacl, F|100/100
|move|p1a: Pecharunt|Parting Shot|p2a: Homernacl
|-unboost|p2a: Homernacl|atk|1
|-unboost|p2a: Homernacl|spa|1
|
|t:|1759072237
|switch|p1a: Ogerpon|Ogerpon, F|100/100|[from] Parting Shot
|
|-weather|Sandstorm|[upkeep]
|-damage|p1a: Ogerpon|95/100|[from] Sandstorm
|upkeep
|turn|3
|
|t:|1759072240
|switch|p2a: MoltLisa|Moltres|100/100
|move|p1a: Ogerpon|Knock Off|p2a: MoltLisa
|-damage|p2a: MoltLisa|73/100
|-status|p1a: Ogerpon|brn|[from] ability: Flame Body|[of] p2a: MoltLisa
|-enditem|p2a: MoltLisa|Heavy-Duty Boots|[from] move: Knock Off|[of] p1a: Ogerpon
|
|-weather|Sandstorm|[upkeep]
|-damage|p1a: Ogerpon|89/100 brn|[from] Sandstorm
|-damage|p2a: MoltLisa|67/100|[from] Sandstorm
|-damage|p1a: Ogerpon|83/100 brn|[from] brn
|upkeep
|turn|4
|
|t:|1759072244
|switch|p2a: MalaMarge|Malamar, F|95/100
|move|p1a: Ogerpon|U-turn|p2a: MalaMarge
|-supereffective|p2a: MalaMarge
|-damage|p2a: MalaMarge|47/100
|
|t:|1759072249
|switch|p1a: Excadrill|Excadrill, M|100/100|[from] U-turn
|-item|p1a: Excadrill|Air Balloon
|
|-weather|Sandstorm|[upkeep]
|-damage|p2a: MalaMarge|41/100|[from] Sandstorm
|upkeep
|turn|5
|
|t:|1759072254
|move|p1a: Excadrill|Rock Slide|p2a: MalaMarge
|-damage|p2a: MalaMarge|13/100
|move|p2a: MalaMarge|Superpower|p1a: Excadrill
|-supereffective|p1a: Excadrill
|-damage|p1a: Excadrill|0 fnt
|-boost|p2a: MalaMarge|atk|1
|-boost|p2a: MalaMarge|def|1
|-enditem|p1a: Excadrill|Air Balloon
|faint|p1a: Excadrill
|
|-weather|Sandstorm|[upkeep]
|-damage|p2a: MalaMarge|7/100|[from] Sandstorm
|upkeep
|
|t:|1759072258
|switch|p1a: Pecharunt|Pecharunt|94/100
|turn|6
|
|t:|1759072263
|switch|p2a: Homernacl|Garganacl, F|100/100
|move|p1a: Pecharunt|Shadow Ball|p2a: Homernacl
|-damage|p2a: Homernacl|95/100
|
|-weather|Sandstorm|[upkeep]
|-damage|p1a: Pecharunt|88/100|[from] Sandstorm
|-heal|p2a: Homernacl|100/100|[from] item: Leftovers
|upkeep
|turn|7
|
|t:|1759072266
|move|p1a: Pecharunt|Parting Shot|p2a: Homernacl
|-unboost|p2a: Homernacl|atk|1
|-unboost|p2a: Homernacl|spa|1
|
|t:|1759072270
|switch|p1a: Ogerpon|Ogerpon, F|83/100 brn|[from] Parting Shot
|move|p2a: Homernacl|Iron Defense|p2a: Homernacl
|-boost|p2a: Homernacl|def|2
|
|-weather|Sandstorm|[upkeep]
|-damage|p1a: Ogerpon|77/100 brn|[from] Sandstorm
|-damage|p1a: Ogerpon|71/100 brn|[from] brn
|upkeep
|turn|8
|
|t:|1759072278
|switch|p2a: MalaMarge|Malamar, F|7/100
|move|p1a: Ogerpon|Knock Off|p2a: MalaMarge
|-damage|p2a: MalaMarge|0 fnt
|-enditem|p2a: MalaMarge|Chesto Berry|[from] move: Knock Off|[of] p1a: Ogerpon
|faint|p2a: MalaMarge
|
|-weather|none
|-damage|p1a: Ogerpon|65/100 brn|[from] brn
|upkeep
|
|t:|1759072282
|switch|p2a: Homernacl|Garganacl, F|100/100
|turn|9
|
|t:|1759072285
|-terastallize|p2a: Homernacl|Electric
|move|p1a: Ogerpon|Knock Off|p2a: Homernacl
|-damage|p2a: Homernacl|90/100
|-enditem|p2a: Homernacl|Leftovers|[from] move: Knock Off|[of] p1a: Ogerpon
|move|p2a: Homernacl|Iron Defense|p2a: Homernacl
|-boost|p2a: Homernacl|def|2
|
|-damage|p1a: Ogerpon|59/100 brn|[from] brn
|upkeep
|turn|10
|
|t:|1759072287
|move|p1a: Ogerpon|Encore|p2a: Homernacl
|-start|p2a: Homernacl|Encore
|move|p2a: Homernacl|Iron Defense|p2a: Homernacl
|-boost|p2a: Homernacl|def|2
|
|-damage|p1a: Ogerpon|53/100 brn|[from] brn
|upkeep
|turn|11
|
|t:|1759072291
|switch|p2a: MoltLisa|Moltres|67/100
|move|p1a: Ogerpon|U-turn|p2a: MoltLisa
|-resisted|p2a: MoltLisa
|-damage|p2a: MoltLisa|65/100
|
|t:|1759072293
|switch|p1a: Tyranitar|Tyranitar, M|100/100|[from] U-turn
|-weather|Sandstorm|[from] ability: Sand Stream|[of] p1a: Tyranitar
|
|-weather|Sandstorm|[upkeep]
|-damage|p2a: MoltLisa|59/100|[from] Sandstorm
|upkeep
|turn|12
|
|t:|1759072296
|switch|p2a: Iron Bart|Iron Treads|100/100
|move|p1a: Tyranitar|Stealth Rock|p2a: Iron Bart
|-sidestart|p2: peefan53|move: Stealth Rock
|
|-weather|Sandstorm|[upkeep]
|upkeep
|turn|13
|
|t:|1759072304
|switch|p1a: Pecharunt|Pecharunt|88/100
|move|p2a: Iron Bart|Earthquake|p1a: Pecharunt
|-supereffective|p1a: Pecharunt
|-damage|p1a: Pecharunt|39/100
|
|-weather|Sandstorm|[upkeep]
|-damage|p1a: Pecharunt|33/100|[from] Sandstorm
|upkeep
|turn|14
|
|t:|1759072309
|move|p1a: Pecharunt|Shadow Ball|p2a: Iron Bart
|-damage|p2a: Iron Bart|81/100
|move|p2a: Iron Bart|Stealth Rock|p1a: Pecharunt
|-sidestart|p1: mkyn|move: Stealth Rock
|
|-weather|Sandstorm|[upkeep]
|-damage|p1a: Pecharunt|27/100|[from] Sandstorm
|-heal|p2a: Iron Bart|87/100|[from] item: Leftovers
|upkeep
|turn|15
|
|t:|1759072313
|move|p1a: Pecharunt|Recover|p1a: Pecharunt
|-heal|p1a: Pecharunt|77/100
|move|p2a: Iron Bart|Knock Off|p1a: Pecharunt
|-supereffective|p1a: Pecharunt
|-damage|p1a: Pecharunt|49/100
|-damage|p2a: Iron Bart|70/100|[from] item: Rocky Helmet|[of] p1a: Pecharunt
|-enditem|p1a: Pecharunt|Rocky Helmet|[from] move: Knock Off|[of] p2a: Iron Bart
|
|-weather|Sandstorm|[upkeep]
|-damage|p1a: Pecharunt|43/100|[from] Sandstorm
|-heal|p2a: Iron Bart|76/100|[from] item: Leftovers
|upkeep
|turn|16
|
|t:|1759072317
|move|p1a: Pecharunt|Recover|p1a: Pecharunt
|-heal|p1a: Pecharunt|93/100
|move|p2a: Iron Bart|Earthquake|p1a: Pecharunt
|-supereffective|p1a: Pecharunt
|-damage|p1a: Pecharunt|47/100
|
|-weather|Sandstorm|[upkeep]
|-damage|p1a: Pecharunt|41/100|[from] Sandstorm
|-heal|p2a: Iron Bart|82/100|[from] item: Leftovers
|upkeep
|turn|17
|
|t:|1759072319
|move|p1a: Pecharunt|Shadow Ball|p2a: Iron Bart
|-damage|p2a: Iron Bart|64/100
|-unboost|p2a: Iron Bart|spd|1
|move|p2a: Iron Bart|Earthquake|p1a: Pecharunt
|-supereffective|p1a: Pecharunt
|-damage|p1a: Pecharunt|0 fnt
|faint|p1a: Pecharunt
|
|-weather|Sandstorm|[upkeep]
|-heal|p2a: Iron Bart|70/100|[from] item: Leftovers
|upkeep
|
|t:|1759072321
|switch|p1a: Iron Valiant|Iron Valiant|100/100
|-damage|p1a: Iron Valiant|94/100|[from] Stealth Rock
|-enditem|p1a: Iron Valiant|Booster Energy
|-activate|p1a: Iron Valiant|ability: Quark Drive|[fromitem]
|-start|p1a: Iron Valiant|quarkdrivespe
|turn|18
|
|t:|1759072326
|move|p1a: Iron Valiant|Moonblast|p2a: Iron Bart
|-resisted|p2a: Iron Bart
|-damage|p2a: Iron Bart|43/100
|move|p2a: Iron Bart|Rapid Spin|p1a: Iron Valiant
|-damage|p1a: Iron Valiant|78/100
|-boost|p2a: Iron Bart|spe|1
|-sideend|p2: peefan53|Stealth Rock|[from] move: Rapid Spin|[of] p2a: Iron Bart
|
|-weather|none
|-heal|p2a: Iron Bart|49/100|[from] item: Leftovers
|upkeep
|turn|19
|
|t:|1759072329
|move|p1a: Iron Valiant|Close Combat|p2a: Iron Bart
|-supereffective|p2a: Iron Bart
|-damage|p2a: Iron Bart|0 fnt
|-unboost|p1a: Iron Valiant|def|1
|-unboost|p1a: Iron Valiant|spd|1
|faint|p2a: Iron Bart
|-end|p2a: Iron Bart|Quark Drive|[silent]
|
|upkeep
|
|t:|1759072333
|switch|p2a: Homernacl|Garganacl, F, tera:Electric|90/100
|turn|20
|
|t:|1759072336
|-end|p1a: Iron Valiant|Quark Drive|[silent]
|switch|p1a: Tyranitar|Tyranitar, M|100/100
|-damage|p1a: Tyranitar|88/100|[from] Stealth Rock
|-weather|Sandstorm|[from] ability: Sand Stream|[of] p1a: Tyranitar
|move|p2a: Homernacl|Salt Cure|p1a: Tyranitar
|-damage|p1a: Tyranitar|77/100
|-start|p1a: Tyranitar|Salt Cure
|
|-weather|Sandstorm|[upkeep]
|-damage|p2a: Homernacl|84/100|[from] Sandstorm
|-damage|p1a: Tyranitar|65/100|[from] Salt Cure
|upkeep
|turn|21
|
|t:|1759072340
|switch|p1a: Iron Valiant|Iron Valiant|78/100
|-damage|p1a: Iron Valiant|72/100|[from] Stealth Rock
|move|p2a: Homernacl|Recover|p2a: Homernacl
|-heal|p2a: Homernacl|100/100
|
|-weather|Sandstorm|[upkeep]
|-damage|p1a: Iron Valiant|66/100|[from] Sandstorm
|-damage|p2a: Homernacl|94/100|[from] Sandstorm
|upkeep
|turn|22
|
|t:|1759072344
|move|p1a: Iron Valiant|Encore|p2a: Homernacl
|-start|p2a: Homernacl|Encore
|move|p2a: Homernacl|Recover|p2a: Homernacl
|-heal|p2a: Homernacl|100/100
|
|-weather|Sandstorm|[upkeep]
|-damage|p1a: Iron Valiant|59/100|[from] Sandstorm
|-damage|p2a: Homernacl|94/100|[from] Sandstorm
|upkeep
|turn|23
|
|t:|1759072349
|-end|p1a: Iron Valiant|Quark Drive|[silent]
|switch|p1a: Tyranitar|Tyranitar, M|65/100
|-damage|p1a: Tyranitar|52/100|[from] Stealth Rock
|switch|p2a: MoltLisa|Moltres|59/100
|
|-weather|Sandstorm|[upkeep]
|-damage|p2a: MoltLisa|53/100|[from] Sandstorm
|upkeep
|turn|24
|
|t:|1759072354
|move|p2a: MoltLisa|Will-O-Wisp|p1a: Tyranitar
|-status|p1a: Tyranitar|brn
|move|p1a: Tyranitar|Stealth Rock|p2a: MoltLisa
|-sidestart|p2: peefan53|move: Stealth Rock
|
|-weather|Sandstorm|[upkeep]
|-damage|p2a: MoltLisa|47/100|[from] Sandstorm
|-damage|p1a: Tyranitar|46/100 brn|[from] brn
|upkeep
|turn|25
|
|t:|1759072363
|switch|p2a: Ogerpon-Simpson|Ogerpon-Wellspring, F|100/100
|-damage|p2a: Ogerpon-Simpson|88/100|[from] Stealth Rock
|move|p1a: Tyranitar|Knock Off|p2a: Ogerpon-Simpson
|-damage|p2a: Ogerpon-Simpson|67/100
|
|-weather|Sandstorm|[upkeep]
|-damage|p2a: Ogerpon-Simpson|61/100|[from] Sandstorm
|-damage|p1a: Tyranitar|40/100 brn|[from] brn
|upkeep
|turn|26
|
|t:|1759072367
|switch|p1a: Ogerpon|Ogerpon, F|53/100 brn
|move|p2a: Ogerpon-Simpson|Trailblaze|p1a: Ogerpon
|-resisted|p1a: Ogerpon
|-damage|p1a: Ogerpon|35/100 brn
|-boost|p2a: Ogerpon-Simpson|spe|1
|
|-weather|Sandstorm|[upkeep]
|-damage|p2a: Ogerpon-Simpson|55/100|[from] Sandstorm
|-damage|p1a: Ogerpon|29/100 brn|[from] Sandstorm
|-damage|p1a: Ogerpon|23/100 brn|[from] brn
|upkeep
|turn|27
|
|t:|1759072376
|-terastallize|p1a: Ogerpon|Grass
|detailschange|p1a: Ogerpon|Ogerpon-Teal-Tera, F, tera:Grass
|-ability|p1a: Ogerpon|Embody Aspect (Teal)|boost
|-boost|p1a: Ogerpon|spe|1
|move|p1a: Ogerpon|Encore|p2a: Ogerpon-Simpson
|-start|p2a: Ogerpon-Simpson|Encore
|move|p2a: Ogerpon-Simpson|Trailblaze|p1a: Ogerpon
|-resisted|p1a: Ogerpon
|-damage|p1a: Ogerpon|4/100 brn
|-boost|p2a: Ogerpon-Simpson|spe|1
|
|-weather|none
|-damage|p1a: Ogerpon|0 fnt|[from] brn
|faint|p1a: Ogerpon
|detailschange|p1: Ogerpon|Ogerpon, F|[silent]
|upkeep
|
|t:|1759072386
|switch|p1a: Alomomola|Alomomola, F|100/100
|-damage|p1a: Alomomola|88/100|[from] Stealth Rock
|turn|28
|
|t:|1759072388
|move|p2a: Ogerpon-Simpson|Trailblaze|p1a: Alomomola
|-supereffective|p1a: Alomomola
|-damage|p1a: Alomomola|61/100
|-boost|p2a: Ogerpon-Simpson|spe|1
|-enditem|p1a: Alomomola|Red Card|[of] p2a: Ogerpon-Simpson
|drag|p2a: MoltLisa|Moltres|47/100
|-damage|p2a: MoltLisa|0 fnt|[from] Stealth Rock
|faint|p2a: MoltLisa
|move|p1a: Alomomola|Wish|p1a: Alomomola
|
|upkeep
|
|t:|1759072399
|switch|p2a: Ogerpon-Simpson|Ogerpon-Wellspring, F|55/100
|-damage|p2a: Ogerpon-Simpson|43/100|[from] Stealth Rock
|turn|29
|
|t:|1759072402
|move|p2a: Ogerpon-Simpson|Trailblaze|p1a: Alomomola
|-supereffective|p1a: Alomomola
|-damage|p1a: Alomomola|34/100
|-boost|p2a: Ogerpon-Simpson|spe|1
|move|p1a: Alomomola|Acrobatics|p2a: Ogerpon-Simpson
|-supereffective|p2a: Ogerpon-Simpson
|-damage|p2a: Ogerpon-Simpson|0 fnt
|faint|p2a: Ogerpon-Simpson
|
|-heal|p1a: Alomomola|84/100|[from] move: Wish|[wisher] Alomomola
|upkeep
|c|☆peefan53|Lol
|
|t:|1759072412
|switch|p2a: Homernacl|Garganacl, F, tera:Electric|94/100
|-damage|p2a: Homernacl|82/100|[from] Stealth Rock
|turn|30
|
|t:|1759072415
|move|p1a: Alomomola|Wish|p1a: Alomomola
|move|p2a: Homernacl|Salt Cure|p1a: Alomomola
|-damage|p1a: Alomomola|76/100
|-start|p1a: Alomomola|Salt Cure
|
|-damage|p1a: Alomomola|51/100|[from] Salt Cure
|upkeep
|turn|31
|
|t:|1759072418
|move|p1a: Alomomola|Flip Turn|p2a: Homernacl
|-damage|p2a: Homernacl|71/100
|
|t:|1759072419
|switch|p1a: Iron Valiant|Iron Valiant|59/100|[from] Flip Turn
|-damage|p1a: Iron Valiant|53/100|[from] Stealth Rock
|move|p2a: Homernacl|Iron Defense|p2a: Homernacl
|-boost|p2a: Homernacl|def|2
|
|-heal|p1a: Iron Valiant|100/100|[from] move: Wish|[wisher] Alomomola
|upkeep
|turn|32
|
|t:|1759072421
|switch|p2a: Maggie-pult|Dragapult, F|100/100
|move|p1a: Iron Valiant|Encore||[still]
|-fail|p1a: Iron Valiant
|
|upkeep
|turn|33
|
|t:|1759072424
|move|p2a: Maggie-pult|Will-O-Wisp|p1a: Iron Valiant|[miss]
|-miss|p2a: Maggie-pult|p1a: Iron Valiant
|move|p1a: Iron Valiant|Moonblast|p2a: Maggie-pult
|-supereffective|p2a: Maggie-pult
|-damage|p2a: Maggie-pult|0 fnt
|faint|p2a: Maggie-pult
|
|upkeep
|
|t:|1759072426
|switch|p2a: Homernacl|Garganacl, F, tera:Electric|71/100
|-damage|p2a: Homernacl|59/100|[from] Stealth Rock
|turn|34
|
|t:|1759072427
|move|p1a: Iron Valiant|Moonblast|p2a: Homernacl
|-damage|p2a: Homernacl|26/100
|-unboost|p2a: Homernacl|spa|1
|move|p2a: Homernacl|Salt Cure|p1a: Iron Valiant
|-resisted|p1a: Iron Valiant
|-damage|p1a: Iron Valiant|91/100
|-start|p1a: Iron Valiant|Salt Cure
|
|-damage|p1a: Iron Valiant|78/100|[from] Salt Cure
|upkeep
|turn|35
|
|t:|1759072431
|move|p1a: Iron Valiant|Moonblast|p2a: Homernacl
|-damage|p2a: Homernacl|0 fnt
|faint|p2a: Homernacl
|
|win|mkyn
|raw|mkyn's rating: 1463 &rarr; <strong>1481</strong><br />(+18 for winning)
|raw|peefan53's rating: 1423 &rarr; <strong>1405</strong><br />(-18 for losing)
|l|☆peefan53
|player|p2|
|l|☆mkyn
|player|p1|
