|j|☆DavyDXebecc
|j|☆Labooble
|t:|1758975639
|gametype|singles
|player|p1|DavyDXebecc|101|1475
|player|p2|Labooble|169|1486
|gen|9
|tier|[Gen 9] OU
|rated|
|rule|HP Percentage Mod: HP is shown in percentages
|rule|Endless Battle Clause: Forcing endless battles is banned
|rule|Species Clause: Limit one of each Pokémon
|rule|OHKO Clause: OHKO moves are banned
|rule|Evasion Items Clause: Evasion items are banned
|rule|Evasion Moves Clause: Evasion moves are banned
|rule|Evasion Abilities Clause: Evasion abilities are banned
|rule|Sleep Moves Clause: Sleep-inducing moves are banned
|clearpoke
|poke|p1|Gholdengo|
|poke|p1|Toxapex, M|
|poke|p1|Landorus-Therian, M|
|poke|p1|Mimikyu, F|
|poke|p1|Cinderace, F|
|poke|p1|Clefable, F|
|poke|p2|Dragapult, M|
|poke|p2|Suicune|
|poke|p2|Zamazenta-*|
|poke|p2|Kyurem|
|poke|p2|Cinderace, F|
|poke|p2|Zapdos|
|teampreview
|
|t:|1758975657
|teamsize|p1|6
|teamsize|p2|6
|start
|switch|p1a: Clefable|Clefable, F|100/100
|switch|p2a: Cinderace|Cinderace, F|100/100
|turn|1
|inactive|Battle timer is ON: inactive players will automatically lose when time's up. (requested by DavyDXebecc)
|
|t:|1758975698
|switch|p1a: Toxapex|Toxapex, M|100/100
|move|p2a: Cinderace|Pyro Ball|p1a: Toxapex
|-resisted|p1a: Toxapex
|-damage|p1a: Toxapex|78/100
|
|-heal|p1a: Toxapex|84/100|[from] item: Leftovers
|upkeep
|turn|2
|
|t:|1758975715
|move|p2a: Cinderace|U-turn|p1a: Toxapex
|-start|p2a: Cinderace|typechange|Bug|[from] ability: Libero
|-resisted|p1a: Toxapex
|-damage|p1a: Toxapex|70/100
|
|t:|1758975717
|switch|p2a: Zapdos|Zapdos|100/100|[from] U-turn
|-ability|p2a: Zapdos|Pressure
|move|p1a: Toxapex|Toxic|p2a: Zapdos
|-status|p2a: Zapdos|tox
|
|-heal|p1a: Toxapex|76/100|[from] item: Leftovers
|-damage|p2a: Zapdos|94/100 tox|[from] psn
|upkeep
|turn|3
|
|t:|1758975736
|move|p1a: Toxapex|Baneful Bunker|p1a: Toxapex
|-singleturn|p1a: Toxapex|move: Protect
|move|p2a: Zapdos|Hurricane|p1a: Toxapex
|-activate|p1a: Toxapex|move: Protect
|
|-heal|p1a: Toxapex|83/100|[from] item: Leftovers
|-damage|p2a: Zapdos|82/100 tox|[from] psn
|upkeep
|turn|4
|
|t:|1758975745
|move|p2a: Zapdos|Volt Switch|p1a: Toxapex
|-supereffective|p1a: Toxapex
|-damage|p1a: Toxapex|45/100
|
|t:|1758975749
|switch|p2a: Suicune|Suicune|100/100|[from] Volt Switch
|-ability|p2a: Suicune|Pressure
|move|p1a: Toxapex|Recover|p1a: Toxapex
|-heal|p1a: Toxapex|95/100
|
|-heal|p1a: Toxapex|100/100|[from] item: Leftovers
|upkeep
|turn|5
|
|t:|1758975760
|switch|p1a: Cinderace|Cinderace, F|100/100
|move|p2a: Suicune|Substitute|p2a: Suicune
|-start|p2a: Suicune|Substitute
|-damage|p2a: Suicune|75/100
|
|-heal|p2a: Suicune|82/100|[from] item: Leftovers
|upkeep
|turn|6
|
|t:|1758975768
|move|p1a: Cinderace|U-turn|p2a: Suicune
|-start|p1a: Cinderace|typechange|Bug|[from] ability: Libero
|-activate|p2a: Suicune|move: Substitute|[damage]
|
|t:|1758975778
|switch|p1a: Mimikyu|Mimikyu, F|100/100|[from] U-turn
|move|p2a: Suicune|Scald|p1a: Mimikyu
|-activate|p1a: Mimikyu|ability: Disguise
|-damage|p1a: Mimikyu|100/100
|detailschange|p1a: Mimikyu|Mimikyu-Busted, F
|-damage|p1a: Mimikyu|88/100|[from] pokemon: Mimikyu-Busted
|
|-heal|p2a: Suicune|88/100|[from] item: Leftovers
|upkeep
|turn|7
|
|t:|1758975790
|move|p1a: Mimikyu|Shadow Claw|p2a: Suicune
|-end|p2a: Suicune|Substitute
|-damage|p1a: Mimikyu|78/100|[from] item: Life Orb
|move|p2a: Suicune|Scald|p1a: Mimikyu
|-crit|p1a: Mimikyu
|-damage|p1a: Mimikyu|26/100
|-status|p1a: Mimikyu|brn
|
|-heal|p2a: Suicune|94/100|[from] item: Leftovers
|-damage|p1a: Mimikyu|20/100 brn|[from] brn
|upkeep
|turn|8
|
|t:|1758975802
|move|p1a: Mimikyu|Play Rough|p2a: Suicune
|-damage|p2a: Suicune|82/100
|-damage|p1a: Mimikyu|10/100 brn|[from] item: Life Orb
|move|p2a: Suicune|Substitute|p2a: Suicune
|-start|p2a: Suicune|Substitute
|-damage|p2a: Suicune|57/100
|
|-heal|p2a: Suicune|63/100|[from] item: Leftovers
|-damage|p1a: Mimikyu|4/100 brn|[from] brn
|upkeep
|turn|9
|
|t:|1758975814
|move|p1a: Mimikyu|Play Rough|p2a: Suicune
|-activate|p2a: Suicune|move: Substitute|[damage]
|-damage|p1a: Mimikyu|0 fnt|[from] item: Life Orb
|faint|p1a: Mimikyu
|move|p2a: Suicune|Calm Mind|p2a: Suicune
|-boost|p2a: Suicune|spa|1
|-boost|p2a: Suicune|spd|1
|
|-heal|p2a: Suicune|69/100|[from] item: Leftovers
|upkeep
|
|t:|1758975826
|switch|p1a: Cinderace|Cinderace, F|100/100
|turn|10
|
|t:|1758975829
|move|p2a: Suicune|Protect|p2a: Suicune
|-singleturn|p2a: Suicune|Protect
|move|p1a: Cinderace|U-turn|p2a: Suicune
|-start|p1a: Cinderace|typechange|Bug|[from] ability: Libero
|-activate|p2a: Suicune|move: Protect
|
|-heal|p2a: Suicune|75/100|[from] item: Leftovers
|upkeep
|turn|11
|
|t:|1758975838
|move|p1a: Cinderace|U-turn|p2a: Suicune
|-end|p2a: Suicune|Substitute
|
|t:|1758975843
|switch|p1a: Toxapex|Toxapex, M|100/100|[from] U-turn
|move|p2a: Suicune|Substitute|p2a: Suicune
|-start|p2a: Suicune|Substitute
|-damage|p2a: Suicune|50/100
|
|-heal|p2a: Suicune|57/100|[from] item: Leftovers
|upkeep
|turn|12
|
|t:|1758975854
|switch|p1a: Cinderace|Cinderace, F|100/100
|move|p2a: Suicune|Scald|p1a: Cinderace
|-supereffective|p1a: Cinderace
|-damage|p1a: Cinderace|0 fnt
|faint|p1a: Cinderace
|
|-heal|p2a: Suicune|63/100|[from] item: Leftovers
|upkeep
|-message|DavyDXebecc forfeited.
|
|win|Labooble
|raw|DavyDXebecc's rating: 1475 &rarr; <strong>1456</strong><br />(-19 for losing)
|raw|Labooble's rating: 1486 &rarr; <strong>1505</strong><br />(+19 for winning)
|l|☆DavyDXebecc
|player|p1|
|l|☆Labooble
|player|p2|
