|j|☆Gerryop
|j|☆Yajityyy
|t:|1758947154
|gametype|singles
|player|p1|Gerryop|266|1345
|player|p2|Yajityyy|burglar|1341
|gen|9
|tier|[Gen 9] OU
|rated|
|rule|HP Percentage Mod: HP is shown in percentages
|rule|Endless Battle Clause: Forcing endless battles is banned
|rule|Species Clause: Limit one of each Pokémon
|rule|OHKO Clause: OHKO moves are banned
|rule|Evasion Items Clause: Evasion items are banned
|rule|Evasion Moves Clause: Evasion moves are banned
|rule|Evasion Abilities Clause: Evasion abilities are banned
|rule|Sleep Moves Clause: Sleep-inducing moves are banned
|clearpoke
|poke|p1|Alomomola, F|
|poke|p1|Goodra-Hisui, M|
|poke|p1|Fezandipiti, M|
|poke|p1|Gastrodon-East, F|
|poke|p1|Corviknight, M|
|poke|p1|Skeledirge, M|
|poke|p2|Iron Valiant|
|poke|p2|Great Tusk|
|poke|p2|Dragonite, F|
|poke|p2|Deoxys-Speed|
|poke|p2|Glimmora, M|
|poke|p2|Kingambit, M|
|teampreview
|inactive|Battle timer is ON: inactive players will automatically lose when time's up. (requested by Yajityyy)
|
|t:|1758947163
|teamsize|p1|6
|teamsize|p2|6
|start
|switch|p1a: Fezandipiti|Fezandipiti, M|100/100
|switch|p2a: Deoxys|Deoxys-Speed|100/100
|-ability|p2a: Deoxys|Pressure
|turn|1
|
|t:|1758947189
|move|p2a: Deoxys|Reflect|p2a: Deoxys
|-sidestart|p2: Yajityyy|Reflect
|move|p1a: Fezandipiti|Beat Up|p2a: Deoxys
|-supereffective|p2a: Deoxys
|-damage|p2a: Deoxys|97/100
|-status|p2a: Deoxys|tox|[from] ability: Toxic Chain|[of] p1a: Fezandipiti
|-supereffective|p2a: Deoxys
|-damage|p2a: Deoxys|92/100 tox
|-supereffective|p2a: Deoxys
|-damage|p2a: Deoxys|89/100 tox
|-supereffective|p2a: Deoxys
|-damage|p2a: Deoxys|85/100 tox
|-supereffective|p2a: Deoxys
|-damage|p2a: Deoxys|81/100 tox
|-supereffective|p2a: Deoxys
|-damage|p2a: Deoxys|77/100 tox
|-hitcount|p2a: Deoxys|6
|
|-damage|p2a: Deoxys|71/100 tox|[from] psn
|upkeep
|turn|2
|inactive|Yajityyy has 120 seconds left.
|
|t:|1758947205
|switch|p1a: Corviknight|Corviknight, M|100/100
|-ability|p1a: Corviknight|Pressure
|move|p2a: Deoxys|Light Screen|p2a: Deoxys
|-sidestart|p2: Yajityyy|move: Light Screen
|
|-damage|p2a: Deoxys|60/100 tox|[from] psn
|upkeep
|turn|3
|
|t:|1758947213
|switch|p2a: Dragonite|Dragonite, F|100/100
|move|p1a: Corviknight|Drill Peck|p2a: Dragonite
|-damage|p2a: Dragonite|93/100
|
|-heal|p2a: Dragonite|99/100|[from] item: Leftovers
|upkeep
|turn|4
|
|t:|1758947223
|move|p2a: Dragonite|Substitute|p2a: Dragonite
|-start|p2a: Dragonite|Substitute
|-damage|p2a: Dragonite|75/100
|move|p1a: Corviknight|Defog||[still]
|-sideend|p2: Yajityyy|Reflect
|-sideend|p2: Yajityyy|move: Light Screen
|-fail|p1a: Corviknight
|
|-heal|p2a: Dragonite|81/100|[from] item: Leftovers
|upkeep
|turn|5
|
|t:|1758947232
|move|p2a: Dragonite|Dragon Dance|p2a: Dragonite
|-boost|p2a: Dragonite|atk|1
|-boost|p2a: Dragonite|spe|1
|move|p1a: Corviknight|Drill Peck|p2a: Dragonite
|-end|p2a: Dragonite|Substitute
|
|-heal|p2a: Dragonite|87/100|[from] item: Leftovers
|upkeep
|turn|6
|
|t:|1758947250
|switch|p1a: Skeledirge|Skeledirge, M|100/100
|move|p2a: Dragonite|Dragon Dance|p2a: Dragonite
|-boost|p2a: Dragonite|atk|1
|-boost|p2a: Dragonite|spe|1
|
|-heal|p2a: Dragonite|93/100|[from] item: Leftovers
|upkeep
|turn|7
|
|t:|1758947259
|move|p2a: Dragonite|Earthquake|p1a: Skeledirge
|-supereffective|p1a: Skeledirge
|-damage|p1a: Skeledirge|58/100
|move|p1a: Skeledirge|Will-O-Wisp|p2a: Dragonite|[miss]
|-miss|p1a: Skeledirge|p2a: Dragonite
|
|-heal|p2a: Dragonite|99/100|[from] item: Leftovers
|upkeep
|turn|8
|
|t:|1758947283
|switch|p2a: Deoxys|Deoxys-Speed|60/100 tox
|-ability|p2a: Deoxys|Pressure
|move|p1a: Skeledirge|Slack Off|p1a: Skeledirge
|-heal|p1a: Skeledirge|100/100
|
|-damage|p2a: Deoxys|54/100 tox|[from] psn
|upkeep
|turn|9
|
|t:|1758947293
|switch|p1a: Corviknight|Corviknight, M|100/100
|-ability|p1a: Corviknight|Pressure
|move|p2a: Deoxys|Taunt|p1a: Corviknight
|-start|p1a: Corviknight|move: Taunt
|
|-damage|p2a: Deoxys|42/100 tox|[from] psn
|upkeep
|turn|10
|
|t:|1758947303
|move|p2a: Deoxys|Reflect|p2a: Deoxys
|-sidestart|p2: Yajityyy|Reflect
|move|p1a: Corviknight|Drill Peck|p2a: Deoxys
|-damage|p2a: Deoxys|27/100 tox
|
|-damage|p2a: Deoxys|9/100 tox|[from] psn
|upkeep
|turn|11
|inactive|Yajityyy has 120 seconds left.
|
|t:|1758947350
|switch|p2a: Dragonite|Dragonite, F|99/100
|move|p1a: Corviknight|Drill Peck|p2a: Dragonite
|-damage|p2a: Dragonite|86/100
|
|-heal|p2a: Dragonite|92/100|[from] item: Leftovers
|-end|p1a: Corviknight|move: Taunt
|upkeep
|turn|12
|
|t:|1758947361
|switch|p1a: Skeledirge|Skeledirge, M|100/100
|move|p2a: Dragonite|Dragon Dance|p2a: Dragonite
|-boost|p2a: Dragonite|atk|1
|-boost|p2a: Dragonite|spe|1
|
|-heal|p2a: Dragonite|98/100|[from] item: Leftovers
|upkeep
|turn|13
|
|t:|1758947369
|move|p2a: Dragonite|Substitute|p2a: Dragonite
|-start|p2a: Dragonite|Substitute
|-damage|p2a: Dragonite|74/100
|move|p1a: Skeledirge|Torch Song|p2a: Dragonite
|-resisted|p2a: Dragonite
|-damage|p2a: Dragonite|58/100
|-boost|p1a: Skeledirge|spa|1
|
|-heal|p2a: Dragonite|65/100|[from] item: Leftovers
|upkeep
|turn|14
|inactive|Yajityyy has 120 seconds left.
|
|t:|1758947379
|move|p2a: Dragonite|Dragon Dance|p2a: Dragonite
|-boost|p2a: Dragonite|atk|1
|-boost|p2a: Dragonite|spe|1
|move|p1a: Skeledirge|Torch Song|p2a: Dragonite
|-resisted|p2a: Dragonite
|-damage|p2a: Dragonite|40/100
|-boost|p1a: Skeledirge|spa|1
|
|-heal|p2a: Dragonite|47/100|[from] item: Leftovers
|upkeep
|turn|15
|
|t:|1758947390
|move|p2a: Dragonite|Earthquake|p1a: Skeledirge
|-supereffective|p1a: Skeledirge
|-damage|p1a: Skeledirge|55/100
|move|p1a: Skeledirge|Torch Song|p2a: Dragonite
|-resisted|p2a: Dragonite
|-damage|p2a: Dragonite|18/100
|-boost|p1a: Skeledirge|spa|1
|
|-heal|p2a: Dragonite|24/100|[from] item: Leftovers
|upkeep
|turn|16
|
|t:|1758947401
|switch|p2a: Deoxys|Deoxys-Speed|9/100 tox
|-ability|p2a: Deoxys|Pressure
|move|p1a: Skeledirge|Torch Song|p2a: Deoxys
|-damage|p2a: Deoxys|0 fnt
|-boost|p1a: Skeledirge|spa|1
|faint|p2a: Deoxys
|
|upkeep
|
|t:|1758947408
|switch|p2a: Iron Valiant|Iron Valiant|100/100
|-enditem|p2a: Iron Valiant|Booster Energy
|-activate|p2a: Iron Valiant|ability: Quark Drive|[fromitem]
|-start|p2a: Iron Valiant|quarkdrivespe
|turn|17
|
|t:|1758947416
|switch|p1a: Fezandipiti|Fezandipiti, M|100/100
|move|p2a: Iron Valiant|Knock Off|p1a: Fezandipiti
|-resisted|p1a: Fezandipiti
|-crit|p1a: Fezandipiti
|-damage|p1a: Fezandipiti|79/100
|-enditem|p1a: Fezandipiti|Leftovers|[from] move: Knock Off|[of] p2a: Iron Valiant
|
|-sideend|p2: Yajityyy|Reflect
|upkeep
|turn|18
|inactive|Yajityyy has 120 seconds left.
|
|t:|1758947442
|-end|p2a: Iron Valiant|Quark Drive|[silent]
|switch|p2a: Kingambit|Kingambit, M|100/100
|-activate|p2a: Kingambit|ability: Supreme Overlord
|-start|p2a: Kingambit|fallen1|[silent]
|move|p1a: Fezandipiti|Play Rough|p2a: Kingambit
|-damage|p2a: Kingambit|73/100
|-unboost|p2a: Kingambit|atk|1
|
|upkeep
|turn|19
|inactive|Yajityyy has 120 seconds left.
|
|t:|1758947455
|move|p1a: Fezandipiti|U-turn|p2a: Kingambit
|-damage|p2a: Kingambit|59/100
|
|t:|1758947458
|switch|p1a: Alomomola|Alomomola, F|100/100|[from] U-turn
|move|p2a: Kingambit|Swords Dance|p2a: Kingambit
|-boost|p2a: Kingambit|atk|2
|
|upkeep
|turn|20
|inactive|Yajityyy has 120 seconds left.
|
|t:|1758947489
|move|p2a: Kingambit|Sucker Punch||[still]
|-fail|p2a: Kingambit
|move|p1a: Alomomola|Wish|p1a: Alomomola
|
|upkeep
|turn|21
|
|t:|1758947495
|move|p2a: Kingambit|Swords Dance|p2a: Kingambit
|-boost|p2a: Kingambit|atk|2
|move|p1a: Alomomola|Flip Turn|p2a: Kingambit
|-damage|p2a: Kingambit|43/100
|
|t:|1758947501
|switch|p1a: Skeledirge|Skeledirge, M|55/100|[from] Flip Turn
|
|-heal|p1a: Skeledirge|100/100|[from] move: Wish|[wisher] Alomomola
|upkeep
|turn|22
|inactive|Yajityyy has 120 seconds left.
|
|t:|1758947508
|move|p2a: Kingambit|Sucker Punch|p1a: Skeledirge
|-supereffective|p1a: Skeledirge
|-damage|p1a: Skeledirge|48/100
|move|p1a: Skeledirge|Torch Song|p2a: Kingambit
|-supereffective|p2a: Kingambit
|-damage|p2a: Kingambit|0 fnt
|-boost|p1a: Skeledirge|spa|1
|faint|p2a: Kingambit
|-end|p2a: Kingambit|fallen1|[silent]
|
|upkeep
|inactive|Yajityyy has 120 seconds left.
|
|t:|1758947515
|switch|p2a: Iron Valiant|Iron Valiant|100/100
|turn|23
|
|t:|1758947520
|switch|p1a: Fezandipiti|Fezandipiti, M|79/100
|move|p2a: Iron Valiant|Knock Off|p1a: Fezandipiti
|-resisted|p1a: Fezandipiti
|-damage|p1a: Fezandipiti|69/100
|
|upkeep
|turn|24
|
|t:|1758947530
|move|p2a: Iron Valiant|Moonblast|p1a: Fezandipiti
|-resisted|p1a: Fezandipiti
|-damage|p1a: Fezandipiti|56/100
|move|p1a: Fezandipiti|Play Rough|p2a: Iron Valiant
|-supereffective|p2a: Iron Valiant
|-damage|p2a: Iron Valiant|27/100
|-unboost|p2a: Iron Valiant|atk|1
|
|upkeep
|turn|25
|
|t:|1758947539
|-end|p2a: Iron Valiant|Quark Drive|[silent]
|switch|p2a: Glimmora|Glimmora, M|100/100
|move|p1a: Fezandipiti|Roost|p1a: Fezandipiti
|-heal|p1a: Fezandipiti|100/100
|-singleturn|p1a: Fezandipiti|move: Roost
|
|upkeep
|turn|26
|
|t:|1758947551
|move|p2a: Glimmora|Stealth Rock|p1a: Fezandipiti
|-sidestart|p1: Gerryop|move: Stealth Rock
|move|p1a: Fezandipiti|U-turn|p2a: Glimmora
|-resisted|p2a: Glimmora
|-damage|p2a: Glimmora|91/100
|-activate|p2a: Glimmora|ability: Toxic Debris
|-sidestart|p1: Gerryop|move: Toxic Spikes
|
|t:|1758947557
|switch|p1a: Goodra|Goodra-Hisui, M|100/100|[from] U-turn
|-damage|p1a: Goodra|94/100|[from] Stealth Rock
|
|-heal|p1a: Goodra|100/100|[from] item: Leftovers
|upkeep
|turn|27
|
|t:|1758947566
|move|p2a: Glimmora|Earth Power|p1a: Goodra
|-supereffective|p1a: Goodra
|-damage|p1a: Goodra|64/100
|move|p1a: Goodra|Heavy Slam|p2a: Glimmora
|-supereffective|p2a: Glimmora
|-damage|p2a: Glimmora|0 fnt
|-activate|p2a: Glimmora|ability: Toxic Debris
|-sidestart|p1: Gerryop|move: Toxic Spikes
|faint|p2a: Glimmora
|
|-heal|p1a: Goodra|70/100|[from] item: Leftovers
|upkeep
|
|t:|1758947581
|switch|p2a: Iron Valiant|Iron Valiant|27/100
|turn|28
|
|t:|1758947591
|switch|p1a: Fezandipiti|Fezandipiti, M|100/100
|-damage|p1a: Fezandipiti|88/100|[from] Stealth Rock
|-sideend|p1: Gerryop|move: Toxic Spikes|[of] p1a: Fezandipiti
|move|p2a: Iron Valiant|Close Combat|p1a: Fezandipiti
|-resisted|p1a: Fezandipiti
|-damage|p1a: Fezandipiti|75/100
|-unboost|p2a: Iron Valiant|def|1
|-unboost|p2a: Iron Valiant|spd|1
|
|upkeep
|turn|29
|
|t:|1758947605
|-end|p2a: Iron Valiant|Quark Drive|[silent]
|switch|p2a: Dragonite|Dragonite, F|24/100
|move|p1a: Fezandipiti|Play Rough|p2a: Dragonite
|-supereffective|p2a: Dragonite
|-damage|p2a: Dragonite|0 fnt
|faint|p2a: Dragonite
|
|upkeep
|-message|Yajityyy forfeited.
|
|win|Gerryop
|raw|Gerryop's rating: 1345 &rarr; <strong>1365</strong><br />(+20 for winning)
|raw|Yajityyy's rating: 1341 &rarr; <strong>1321</strong><br />(-20 for losing)
|l|☆Yajityyy
|player|p2|
|l|☆Gerryop
|player|p1|
