|j|‽tasty sardine 408
|j|☆jarm2532
|t:|1759004538
|gametype|singles
|player|p1|tasty sardine 408|harlequin|1597
|player|p2|jarm2532|ethan|1525
|gen|9
|tier|[Gen 9] OU
|rated|
|rule|HP Percentage Mod: HP is shown in percentages
|rule|Endless Battle Clause: Forcing endless battles is banned
|rule|Species Clause: Limit one of each Pokémon
|rule|OHKO Clause: OHKO moves are banned
|rule|Evasion Items Clause: Evasion items are banned
|rule|Evasion Moves Clause: Evasion moves are banned
|rule|Evasion Abilities Clause: Evasion abilities are banned
|rule|Sleep Moves Clause: Sleep-inducing moves are banned
|clearpoke
|poke|p1|Umbreon, F|
|poke|p1|Serperior, F|
|poke|p1|Cresselia, F|
|poke|p1|Revavroom, F|
|poke|p1|Skeledirge, M|
|poke|p1|Manaphy|
|poke|p2|Tyranitar, M|
|poke|p2|Excadrill, M|
|poke|p2|Corviknight, M|
|poke|p2|Hoopa-Unbound|
|poke|p2|Slowking-Galar, M|
|poke|p2|Dragapult, M|
|teampreview
|inactive|Battle timer is ON: inactive players will automatically lose when time's up. (requested by jarm2532)
|
|t:|1759004571
|teamsize|p1|6
|teamsize|p2|6
|start
|switch|p1a: Serperior|Serperior, F, shiny|100/100
|switch|p2a: Hoopa|Hoopa-Unbound|100/100
|turn|1
|
|t:|1759004589
|move|p1a: Serperior|Glare|p2a: Hoopa
|-status|p2a: Hoopa|par
|cant|p2a: Hoopa|par
|
|upkeep
|turn|2
|
|t:|1759004594
|move|p1a: Serperior|Leaf Storm|p2a: Hoopa
|-damage|p2a: Hoopa|82/100 par
|-boost|p1a: Serperior|spa|2
|move|p2a: Hoopa|Knock Off|p1a: Serperior
|-damage|p1a: Serperior|52/100
|-enditem|p1a: Serperior|Leftovers|[from] move: Knock Off|[of] p2a: Hoopa
|
|upkeep
|turn|3
|
|t:|1759004604
|move|p1a: Serperior|Synthesis|p1a: Serperior
|-heal|p1a: Serperior|100/100
|move|p2a: Hoopa|Drain Punch|p1a: Serperior
|-damage|p1a: Serperior|76/100
|-heal|p2a: Hoopa|94/100 par|[from] drain|[of] p1a: Serperior
|
|upkeep
|turn|4
|
|t:|1759004610
|move|p1a: Serperior|Leaf Storm|p2a: Hoopa
|-damage|p2a: Hoopa|61/100 par
|-boost|p1a: Serperior|spa|2
|move|p2a: Hoopa|Psychic Noise|p1a: Serperior
|-damage|p1a: Serperior|26/100
|-start|p1a: Serperior|move: Heal Block
|
|upkeep
|turn|5
|
|t:|1759004619
|switch|p1a: Umbreon|Umbreon, F, shiny|100/100
|move|p2a: Hoopa|Psychic Noise|p1a: Umbreon
|-immune|p1a: Umbreon
|
|upkeep
|turn|6
|
|t:|1759004626
|move|p1a: Umbreon|Foul Play|p2a: Hoopa
|-damage|p2a: Hoopa|8/100 par
|move|p2a: Hoopa|Knock Off|p1a: Umbreon
|-resisted|p1a: Umbreon
|-damage|p1a: Umbreon|83/100
|-enditem|p1a: Umbreon|Leftovers|[from] move: Knock Off|[of] p2a: Hoopa
|
|upkeep
|turn|7
|
|t:|1759004633
|move|p1a: Umbreon|Foul Play|p2a: Hoopa
|-damage|p2a: Hoopa|0 fnt
|faint|p2a: Hoopa
|
|upkeep
|
|t:|1759004641
|switch|p2a: Tyranitar|Tyranitar, M, shiny|100/100
|-weather|Sandstorm|[from] ability: Sand Stream|[of] p2a: Tyranitar
|turn|8
|
|t:|1759004668
|move|p2a: Tyranitar|Stone Edge|p1a: Umbreon
|-damage|p1a: Umbreon|22/100
|move|p1a: Umbreon|Toxic|p2a: Tyranitar
|-status|p2a: Tyranitar|tox
|
|-weather|Sandstorm|[upkeep]
|-damage|p1a: Umbreon|16/100|[from] Sandstorm
|-damage|p2a: Tyranitar|94/100 tox|[from] psn
|upkeep
|turn|9
|
|t:|1759004682
|move|p2a: Tyranitar|Stone Edge|p1a: Umbreon
|-damage|p1a: Umbreon|0 fnt
|faint|p1a: Umbreon
|
|-weather|Sandstorm|[upkeep]
|-damage|p2a: Tyranitar|82/100 tox|[from] psn
|upkeep
|inactive|tasty sardine 408 has 120 seconds left.
|
|t:|1759004725
|switch|p1a: Revavroom|Revavroom, F, shiny|100/100
|-item|p1a: Revavroom|Air Balloon
|turn|10
|
|t:|1759004740
|switch|p2a: Corviknight|Corviknight, M, shiny|100/100
|move|p1a: Revavroom|Iron Head|p2a: Corviknight
|-resisted|p2a: Corviknight
|-damage|p2a: Corviknight|88/100
|-damage|p1a: Revavroom|84/100|[from] item: Rocky Helmet|[of] p2a: Corviknight
|
|-weather|Sandstorm|[upkeep]
|upkeep
|turn|11
|inactive|tasty sardine 408 has 90 seconds left.
|
|t:|1759004786
|switch|p1a: Manaphy|Manaphy, shiny|100/100
|move|p2a: Corviknight|U-turn|p1a: Manaphy
|-damage|p1a: Manaphy|89/100
|
|t:|1759004803
|switch|p2a: Tyranitar|Tyranitar, M, shiny|82/100 tox|[from] U-turn
|
|-weather|Sandstorm|[upkeep]
|-damage|p1a: Manaphy|83/100|[from] Sandstorm
|-heal|p1a: Manaphy|89/100|[from] item: Leftovers
|-damage|p2a: Tyranitar|76/100 tox|[from] psn
|upkeep
|turn|12
|
|t:|1759004821
|move|p1a: Manaphy|Scald|p2a: Tyranitar
|-supereffective|p2a: Tyranitar
|-damage|p2a: Tyranitar|37/100 tox
|move|p2a: Tyranitar|Knock Off|p1a: Manaphy
|-damage|p1a: Manaphy|16/100
|-enditem|p1a: Manaphy|Leftovers|[from] move: Knock Off|[of] p2a: Tyranitar
|
|-weather|none
|-damage|p2a: Tyranitar|24/100 tox|[from] psn
|upkeep
|turn|13
|
|t:|1759004830
|switch|p2a: Dragapult|Dragapult, M, shiny|100/100
|move|p1a: Manaphy|Scald|p2a: Dragapult
|-resisted|p2a: Dragapult
|-damage|p2a: Dragapult|81/100
|
|upkeep
|turn|14
|
|t:|1759004836
|move|p2a: Dragapult|Hex|p1a: Manaphy
|-damage|p1a: Manaphy|0 fnt
|faint|p1a: Manaphy
|
|upkeep
|inactive|tasty sardine 408 has 90 seconds left.
|
|t:|1759004863
|switch|p1a: Serperior|Serperior, F, shiny|26/100
|turn|15
|
|t:|1759004878
|move|p2a: Dragapult|U-turn|p1a: Serperior
|-supereffective|p1a: Serperior
|-damage|p1a: Serperior|0 fnt
|faint|p1a: Serperior
|
|t:|1759004887
|switch|p2a: Slowking|Slowking-Galar, M, shiny|100/100|[from] U-turn
|
|upkeep
|inactive|tasty sardine 408 has 90 seconds left.
|
|t:|1759004895
|switch|p1a: Revavroom|Revavroom, F, shiny|84/100
|-item|p1a: Revavroom|Air Balloon
|turn|16
|
|t:|1759004900
|switch|p2a: Corviknight|Corviknight, M, shiny|88/100
|move|p1a: Revavroom|Shift Gear|p1a: Revavroom
|-boost|p1a: Revavroom|spe|2
|-boost|p1a: Revavroom|atk|1
|
|upkeep
|turn|17
|inactive|tasty sardine 408 has 90 seconds left.
|
|t:|1759004923
|switch|p1a: Cresselia|Cresselia, F, shiny|100/100
|move|p2a: Corviknight|Brave Bird|p1a: Cresselia
|-damage|p1a: Cresselia|82/100
|-damage|p2a: Corviknight|82/100|[from] Recoil
|
|-heal|p1a: Cresselia|88/100|[from] item: Leftovers
|upkeep
|turn|18
|
|t:|1759004931
|move|p1a: Cresselia|Calm Mind|p1a: Cresselia
|-boost|p1a: Cresselia|spa|1
|-boost|p1a: Cresselia|spd|1
|move|p2a: Corviknight|U-turn|p1a: Cresselia
|-supereffective|p1a: Cresselia
|-damage|p1a: Cresselia|72/100
|
|t:|1759004938
|switch|p2a: Tyranitar|Tyranitar, M, shiny|24/100 tox|[from] U-turn
|-weather|Sandstorm|[from] ability: Sand Stream|[of] p2a: Tyranitar
|
|-weather|Sandstorm|[upkeep]
|-damage|p1a: Cresselia|66/100|[from] Sandstorm
|-heal|p1a: Cresselia|72/100|[from] item: Leftovers
|-damage|p2a: Tyranitar|18/100 tox|[from] psn
|upkeep
|turn|19
|inactive|tasty sardine 408 has 90 seconds left.
|
|t:|1759004963
|move|p2a: Tyranitar|Knock Off|p1a: Cresselia
|-supereffective|p1a: Cresselia
|-crit|p1a: Cresselia
|-damage|p1a: Cresselia|0 fnt
|-enditem|p1a: Cresselia|Leftovers|[from] move: Knock Off|[of] p2a: Tyranitar
|faint|p1a: Cresselia
|
|-weather|Sandstorm|[upkeep]
|-damage|p2a: Tyranitar|6/100 tox|[from] psn
|upkeep
|inactive|tasty sardine 408 has 90 seconds left.
|-message|tasty sardine 408 forfeited.
|
|win|jarm2532
|raw|tasty sardine 408's rating: 1597 &rarr; <strong>1573</strong><br />(-24 for losing)
|raw|jarm2532's rating: 1525 &rarr; <strong>1549</strong><br />(+24 for winning)
|l|‽tasty sardine 408
|player|p1|
|l|☆jarm2532
|player|p2|
