|j|☆Kidday
|j|☆nth n.tea
|t:|1759052522
|gametype|singles
|player|p1|Kidday|102|1149
|player|p2|nth n.tea|fisherman-gen4|1149
|gen|9
|tier|[Gen 9] OU
|rated|
|rule|HP Percentage Mod: HP is shown in percentages
|rule|Endless Battle Clause: Forcing endless battles is banned
|rule|Species Clause: Limit one of each Pokémon
|rule|OHKO Clause: OHKO moves are banned
|rule|Evasion Items Clause: Evasion items are banned
|rule|Evasion Moves Clause: Evasion moves are banned
|rule|Evasion Abilities Clause: Evasion abilities are banned
|rule|Sleep Moves Clause: Sleep-inducing moves are banned
|clearpoke
|poke|p1|Blastoise, M|
|poke|p1|Toxtricity-Low-Key, M|
|poke|p1|Golurk|
|poke|p1|Kingambit, M|
|poke|p1|Magmortar, M|
|poke|p1|Grimmsnarl, M|
|poke|p2|Hatterene, F|
|poke|p2|Deoxys-Defense|
|poke|p2|Enamorus-Therian, F|
|poke|p2|Ursaluna, F|
|poke|p2|Iron Hands|
|poke|p2|Kingambit, F|
|teampreview
|inactive|Battle timer is ON: inactive players will automatically lose when time's up. (requested by nth n.tea)
|
|t:|1759052525
|teamsize|p1|6
|teamsize|p2|6
|start
|switch|p1a: Grimmi|Grimmsnarl, M, shiny|100/100
|switch|p2a: Sort si lance|Hatterene, F, shiny|100/100
|turn|1
|
|t:|1759052530
|move|p1a: Grimmi|Parting Shot|p2a: Sort si lance
|move|p2a: Sort si lance|Parting Shot|p1a: Grimmi|[from] ability: Magic Bounce
|-unboost|p1a: Grimmi|atk|1
|-unboost|p1a: Grimmi|spa|1
|
|t:|1759052542
|switch|p2a: Ourse|Ursaluna, F|100/100|[from] Parting Shot
|
|-status|p2a: Ourse|brn|[from] item: Flame Orb
|upkeep
|turn|2
|
|t:|1759052554
|move|p1a: Grimmi|Reflect|p1a: Grimmi
|-sidestart|p1: Kidday|Reflect
|move|p2a: Ourse|Facade|p1a: Grimmi
|-damage|p1a: Grimmi|41/100
|
|-damage|p2a: Ourse|94/100 brn|[from] brn
|upkeep
|turn|3
|
|t:|1759052563
|move|p1a: Grimmi|Parting Shot|p2a: Ourse
|-unboost|p2a: Ourse|atk|1
|-unboost|p2a: Ourse|spa|1
|
|t:|1759052569
|switch|p1a: Saitama|Golurk, shiny|100/100|[from] Parting Shot
|move|p2a: Ourse|Facade|p1a: Saitama
|-immune|p1a: Saitama
|
|-damage|p2a: Ourse|88/100 brn|[from] brn
|upkeep
|turn|4
|
|t:|1759052578
|switch|p2a: Sort si lance|Hatterene, F, shiny|100/100
|move|p1a: Saitama|Dynamic Punch|p2a: Sort si lance
|-resisted|p2a: Sort si lance
|-damage|p2a: Sort si lance|89/100
|-start|p2a: Sort si lance|confusion
|
|upkeep
|turn|5
|
|t:|1759052585
|switch|p1a: Grimmi|Grimmsnarl, M, shiny|41/100
|-activate|p2a: Sort si lance|confusion
|move|p2a: Sort si lance|Trick Room|p2a: Sort si lance
|-fieldstart|move: Trick Room|[of] p2a: Sort si lance
|
|upkeep
|turn|6
|
|t:|1759052590
|move|p1a: Grimmi|Light Screen|p1a: Grimmi
|-sidestart|p1: Kidday|move: Light Screen
|-end|p2a: Sort si lance|confusion
|move|p2a: Sort si lance|Dazzling Gleam|p1a: Grimmi
|-supereffective|p1a: Grimmi
|-damage|p1a: Grimmi|0 fnt
|faint|p1a: Grimmi
|
|upkeep
|inactive|Kidday has 120 seconds left.
|
|t:|1759052631
|switch|p1a: Toxic💜|Toxtricity-Low-Key, M|100/100
|turn|7
|inactive|Kidday has 120 seconds left.
|
|t:|1759052646
|switch|p2a: The goat|Kingambit, F, shiny|100/100
|move|p1a: Toxic💜|Boomburst|p2a: The goat
|-resisted|p2a: The goat
|-damage|p2a: The goat|67/100
|-enditem|p1a: Toxic💜|Throat Spray
|-boost|p1a: Toxic💜|spa|1|[from] item: Throat Spray
|
|upkeep
|turn|8
|inactive|Kidday has 120 seconds left.
|
|t:|1759052654
|move|p1a: Toxic💜|Overdrive|p2a: The goat
|-damage|p2a: The goat|0 fnt
|faint|p2a: The goat
|-end|p2a: The goat|fallenundefined|[silent]
|
|upkeep
|
|t:|1759052662
|switch|p2a: Ourse|Ursaluna, F|88/100 brn
|turn|9
|
|t:|1759052667
|move|p2a: Ourse|Headlong Rush|p1a: Toxic💜
|-supereffective|p1a: Toxic💜
|-damage|p1a: Toxic💜|0 fnt
|-unboost|p2a: Ourse|def|1
|-unboost|p2a: Ourse|spd|1
|faint|p1a: Toxic💜
|
|-damage|p2a: Ourse|82/100 brn|[from] brn
|-sideend|p1: Kidday|Reflect
|-fieldend|move: Trick Room
|upkeep
|inactive|Kidday has 120 seconds left.
|
|t:|1759052700
|switch|p1a: BigBlue 💙|Blastoise, M, shiny|100/100
|turn|10
|
|t:|1759052708
|switch|p2a: Dé oh xis|Deoxys-Defense, shiny|100/100
|-ability|p2a: Dé oh xis|Pressure
|move|p1a: BigBlue 💙|Shell Smash|p1a: BigBlue 💙
|-unboost|p1a: BigBlue 💙|def|1
|-unboost|p1a: BigBlue 💙|spd|1
|-boost|p1a: BigBlue 💙|atk|2
|-boost|p1a: BigBlue 💙|spa|2
|-boost|p1a: BigBlue 💙|spe|2
|-enditem|p1a: BigBlue 💙|White Herb
|-clearnegativeboost|p1a: BigBlue 💙|[silent]
|
|upkeep
|turn|11
|
|t:|1759052715
|move|p1a: BigBlue 💙|Surf|p2a: Dé oh xis
|-damage|p2a: Dé oh xis|60/100
|move|p2a: Dé oh xis|Trick Room|p2a: Dé oh xis
|-fieldstart|move: Trick Room|[of] p2a: Dé oh xis
|
|upkeep
|turn|12
|
|t:|1759052721
|move|p1a: BigBlue 💙|Surf|p2a: Dé oh xis
|-damage|p2a: Dé oh xis|17/100
|move|p2a: Dé oh xis|Teleport|p2a: Dé oh xis
|
|t:|1759052726
|switch|p2a: Ourse|Ursaluna, F|82/100 brn|[from] Teleport
|
|-damage|p2a: Ourse|75/100 brn|[from] brn
|upkeep
|turn|13
|
|t:|1759052730
|-terastallize|p2a: Ourse|Normal
|move|p2a: Ourse|Facade|p1a: BigBlue 💙
|-damage|p1a: BigBlue 💙|0 fnt
|faint|p1a: BigBlue 💙
|
|-damage|p2a: Ourse|69/100 brn|[from] brn
|-sideend|p1: Kidday|move: Light Screen
|upkeep
|inactive|Kidday has 120 seconds left.
|
|t:|1759052765
|switch|p1a: Saitama|Golurk, shiny|100/100
|turn|14
|inactive|Kidday has 120 seconds left.
|
|t:|1759052784
|move|p2a: Ourse|Headlong Rush|p1a: Saitama
|-damage|p1a: Saitama|0 fnt
|-unboost|p2a: Ourse|def|1
|-unboost|p2a: Ourse|spd|1
|faint|p1a: Saitama
|
|-damage|p2a: Ourse|63/100 brn|[from] brn
|upkeep
|inactive|Kidday has 120 seconds left.
|
|t:|1759052793
|switch|p1a: Ruby|Magmortar, M, shiny|100/100
|turn|15
|
|t:|1759052799
|move|p2a: Ourse|Headlong Rush|p1a: Ruby
|-supereffective|p1a: Ruby
|-damage|p1a: Ruby|0 fnt
|-unboost|p2a: Ourse|def|1
|-unboost|p2a: Ourse|spd|1
|faint|p1a: Ruby
|
|-damage|p2a: Ourse|57/100 brn|[from] brn
|-fieldend|move: Trick Room
|upkeep
|
|t:|1759052802
|switch|p1a: DisBiSharp|Kingambit, M, shiny|100/100
|-activate|p1a: DisBiSharp|ability: Supreme Overlord
|-start|p1a: DisBiSharp|fallen5|[silent]
|turn|16
|
|t:|1759052804
|switch|p2a: Dé oh xis|Deoxys-Defense, shiny|17/100
|-ability|p2a: Dé oh xis|Pressure
|move|p1a: DisBiSharp|Brick Break|p2a: Dé oh xis
|-resisted|p2a: Dé oh xis
|-damage|p2a: Dé oh xis|2/100
|
|upkeep
|turn|17
|
|t:|1759052812
|move|p1a: DisBiSharp|Kowtow Cleave|p2a: Dé oh xis
|-supereffective|p2a: Dé oh xis
|-damage|p2a: Dé oh xis|0 fnt
|faint|p2a: Dé oh xis
|
|upkeep
|
|t:|1759052815
|switch|p2a: Sort si lance|Hatterene, F, shiny|89/100
|turn|18
|
|t:|1759052831
|move|p1a: DisBiSharp|Kowtow Cleave|p2a: Sort si lance
|-damage|p2a: Sort si lance|26/100
|move|p2a: Sort si lance|Trick Room|p2a: Sort si lance
|-fieldstart|move: Trick Room|[of] p2a: Sort si lance
|
|upkeep
|turn|19
|
|t:|1759052839
|move|p1a: DisBiSharp|Sucker Punch||[still]
|-fail|p1a: DisBiSharp
|move|p2a: Sort si lance|Healing Wish|p2a: Sort si lance
|faint|p2a: Sort si lance
|
|upkeep
|
|t:|1759052843
|switch|p2a: Ourse|Ursaluna, F, tera:Normal|57/100 brn
|-heal|p2a: Ourse|100/100|[from] move: Healing Wish
|turn|20
|
|t:|1759052848
|move|p2a: Ourse|Fire Punch|p1a: DisBiSharp
|-supereffective|p1a: DisBiSharp
|-damage|p1a: DisBiSharp|55/100
|-enditem|p1a: DisBiSharp|Weakness Policy
|-boost|p1a: DisBiSharp|atk|2|[from] item: Weakness Policy
|-boost|p1a: DisBiSharp|spa|2|[from] item: Weakness Policy
|move|p1a: DisBiSharp|Brick Break|p2a: Ourse
|-supereffective|p2a: Ourse
|-damage|p2a: Ourse|0 fnt
|faint|p2a: Ourse
|
|upkeep
|
|t:|1759052856
|switch|p2a: Mémé turbo|Enamorus-Therian, F|100/100
|turn|21
|
|t:|1759052874
|-terastallize|p1a: DisBiSharp|Dark
|move|p2a: Mémé turbo|Mystical Fire|p1a: DisBiSharp
|-damage|p1a: DisBiSharp|16/100
|-unboost|p1a: DisBiSharp|spa|1
|move|p1a: DisBiSharp|Iron Head|p2a: Mémé turbo
|-supereffective|p2a: Mémé turbo
|-crit|p2a: Mémé turbo
|-damage|p2a: Mémé turbo|0 fnt
|faint|p2a: Mémé turbo
|
|upkeep
|c|☆nth n.tea|gg you win
|
|t:|1759052884
|switch|p2a: Rocky|Iron Hands, shiny|100/100
|turn|22
|
|t:|1759052888
|move|p1a: DisBiSharp|Sucker Punch|p2a: Rocky
|-resisted|p2a: Rocky
|-damage|p2a: Rocky|53/100
|move|p2a: Rocky|Drain Punch|p1a: DisBiSharp
|-supereffective|p1a: DisBiSharp
|-damage|p1a: DisBiSharp|0 fnt
|-heal|p2a: Rocky|59/100|[from] drain|[of] p1a: DisBiSharp
|faint|p1a: DisBiSharp
|-end|p1a: DisBiSharp|fallen5|[silent]
|
|win|nth n.tea
|raw|Kidday's rating: 1149 &rarr; <strong>1124</strong><br />(-25 for losing)
|raw|nth n.tea's rating: 1149 &rarr; <strong>1174</strong><br />(+25 for winning)
|l|☆nth n.tea
|player|p2|
|l|☆Kidday
|player|p1|
