|j|☆seto kiba 1 duler
|j|☆klefki_did_it
|t:|1758982491
|gametype|singles
|player|p1|seto kiba 1 duler|cynthia|1345
|player|p2|klefki_did_it|pokemonbreeder-gen4|1321
|gen|9
|tier|[Gen 9] OU
|rated|
|rule|HP Percentage Mod: HP is shown in percentages
|rule|Endless Battle Clause: Forcing endless battles is banned
|rule|Species Clause: Limit one of each Pokémon
|rule|OHKO Clause: OHKO moves are banned
|rule|Evasion Items Clause: Evasion items are banned
|rule|Evasion Moves Clause: Evasion moves are banned
|rule|Evasion Abilities Clause: Evasion abilities are banned
|rule|Sleep Moves Clause: Sleep-inducing moves are banned
|clearpoke
|poke|p1|Deoxys-Speed|
|poke|p1|Gholdengo|
|poke|p1|Great Tusk|
|poke|p1|Ogerpon-Wellspring, F|
|poke|p1|Darkrai|
|poke|p1|Kyurem|
|poke|p2|Staraptor, F|
|poke|p2|Kingambit, F|
|poke|p2|Emboar, F|
|poke|p2|Thundurus, M|
|poke|p2|Mandibuzz, F|
|poke|p2|Gardevoir, M|
|teampreview
|inactive|Battle timer is ON: inactive players will automatically lose when time's up. (requested by klefki_did_it)
|inactive|seto kiba 1 duler also wants the timer to be on.
|c|☆seto kiba 1 duler|Glhf
|
|t:|1758982506
|teamsize|p1|6
|teamsize|p2|6
|start
|switch|p1a: Deoxys|Deoxys-Speed|100/100
|switch|p2a: Gardevoir|Gardevoir, M|100/100
|-ability|p1a: Deoxys|Pressure
|-ability|p2a: Gardevoir|Pressure|Trace|[from] ability: Trace|[of] p1a: Deoxys
|-ability|p2a: Gardevoir|Pressure
|turn|1
|
|t:|1758982515
|move|p1a: Deoxys|Stealth Rock|p2a: Gardevoir
|-sidestart|p2: klefki_did_it|move: Stealth Rock
|move|p2a: Gardevoir|Moonblast|p1a: Deoxys
|-damage|p1a: Deoxys|32/100
|-unboost|p1a: Deoxys|spa|1
|
|upkeep
|turn|2
|
|t:|1758982521
|move|p1a: Deoxys|Knock Off|p2a: Gardevoir
|-damage|p2a: Gardevoir|66/100
|-enditem|p2a: Gardevoir|Choice Scarf|[from] move: Knock Off|[of] p1a: Deoxys
|move|p2a: Gardevoir|Moonblast|p1a: Deoxys
|-damage|p1a: Deoxys|0 fnt
|faint|p1a: Deoxys
|
|upkeep
|
|t:|1758982532
|switch|p1a: Gholdengo|Gholdengo|100/100
|turn|3
|c|☆klefki_did_it|Glhf
|
|t:|1758982545
|switch|p2a: Thundurus|Thundurus, M|100/100
|-damage|p2a: Thundurus|76/100|[from] Stealth Rock
|move|p1a: Gholdengo|Nasty Plot|p1a: Gholdengo
|-boost|p1a: Gholdengo|spa|2
|
|upkeep
|turn|4
|
|t:|1758982551
|move|p2a: Thundurus|Knock Off|p1a: Gholdengo
|-supereffective|p1a: Gholdengo
|-damage|p1a: Gholdengo|21/100
|-enditem|p1a: Gholdengo|Leftovers|[from] move: Knock Off|[of] p2a: Thundurus
|-damage|p2a: Thundurus|66/100|[from] item: Life Orb
|move|p1a: Gholdengo|Shadow Ball|p2a: Thundurus
|-damage|p2a: Thundurus|0 fnt
|faint|p2a: Thundurus
|
|upkeep
|
|t:|1758982569
|switch|p2a: Staraptor|Staraptor, F|100/100
|-damage|p2a: Staraptor|76/100|[from] Stealth Rock
|turn|5
|
|t:|1758982573
|move|p2a: Staraptor|Brave Bird|p1a: Gholdengo
|-resisted|p1a: Gholdengo
|-damage|p1a: Gholdengo|0 fnt
|faint|p1a: Gholdengo
|-damage|p2a: Staraptor|69/100|[from] Recoil
|
|upkeep
|
|t:|1758982580
|switch|p1a: Darkrai|Darkrai|100/100
|turn|6
|
|t:|1758982583
|-terastallize|p1a: Darkrai|Poison
|move|p2a: Staraptor|Brave Bird|p1a: Darkrai
|-damage|p1a: Darkrai|39/100
|-damage|p2a: Staraptor|50/100|[from] Recoil
|move|p1a: Darkrai|Will-O-Wisp|p2a: Staraptor
|-status|p2a: Staraptor|brn
|
|-heal|p1a: Darkrai|45/100|[from] item: Leftovers
|-damage|p2a: Staraptor|44/100 brn|[from] brn
|upkeep
|turn|7
|
|t:|1758982593
|move|p2a: Staraptor|Brave Bird|p1a: Darkrai
|-damage|p1a: Darkrai|14/100
|-damage|p2a: Staraptor|34/100 brn|[from] Recoil
|move|p1a: Darkrai|Dark Pulse|p2a: Staraptor
|-damage|p2a: Staraptor|0 fnt
|faint|p2a: Staraptor
|
|-heal|p1a: Darkrai|20/100|[from] item: Leftovers
|upkeep
|
|t:|1758982603
|switch|p2a: Emboar|Emboar, F, shiny|100/100
|-damage|p2a: Emboar|88/100|[from] Stealth Rock
|turn|8
|
|t:|1758982606
|move|p2a: Emboar|Sucker Punch|p1a: Darkrai
|-damage|p1a: Darkrai|0 fnt
|faint|p1a: Darkrai
|
|upkeep
|
|t:|1758982610
|switch|p1a: Great Tusk|Great Tusk|100/100
|turn|9
|
|t:|1758982613
|switch|p2a: Mandibuzz|Mandibuzz, F|100/100
|move|p1a: Great Tusk|Headlong Rush|p2a: Mandibuzz
|-immune|p2a: Mandibuzz
|
|upkeep
|turn|10
|
|t:|1758982619
|move|p1a: Great Tusk|Knock Off|p2a: Mandibuzz
|-resisted|p2a: Mandibuzz
|-damage|p2a: Mandibuzz|90/100
|-enditem|p2a: Mandibuzz|Heavy-Duty Boots|[from] move: Knock Off|[of] p1a: Great Tusk
|move|p2a: Mandibuzz|Toxic|p1a: Great Tusk
|-status|p1a: Great Tusk|tox
|
|-damage|p1a: Great Tusk|94/100 tox|[from] psn
|upkeep
|turn|11
|
|t:|1758982626
|-end|p1a: Great Tusk|Protosynthesis|[silent]
|switch|p1a: Ogerpon|Ogerpon-Wellspring, F|100/100
|move|p2a: Mandibuzz|Mean Look|p1a: Ogerpon
|-activate|p1a: Ogerpon|trapped
|
|upkeep
|turn|12
|
|t:|1758982631
|move|p1a: Ogerpon|Swords Dance|p1a: Ogerpon
|-boost|p1a: Ogerpon|atk|2
|move|p2a: Mandibuzz|Toxic|p1a: Ogerpon
|-status|p1a: Ogerpon|tox
|
|-damage|p1a: Ogerpon|95/100 tox|[from] psn
|upkeep
|turn|13
|
|t:|1758982637
|move|p1a: Ogerpon|Ivy Cudgel|p2a: Mandibuzz|[anim] Ivy Cudgel Water
|-damage|p2a: Mandibuzz|19/100
|move|p2a: Mandibuzz|Foul Play|p1a: Ogerpon
|-damage|p1a: Ogerpon|0 fnt
|faint|p1a: Ogerpon
|
|upkeep
|
|t:|1758982643
|switch|p1a: Kyurem|Kyurem|100/100
|-ability|p1a: Kyurem|Pressure
|turn|14
|-message|seto kiba 1 duler forfeited.
|
|win|klefki_did_it
|raw|seto kiba 1 duler's rating: 1345 &rarr; <strong>1324</strong><br />(-21 for losing)
|raw|klefki_did_it's rating: 1321 &rarr; <strong>1342</strong><br />(+21 for winning)
|l|☆seto kiba 1 duler
|player|p1|
|l|☆klefki_did_it
|player|p2|
