|j|☆Shibuya Arc
|j|☆nmx123
|t:|1758949651
|gametype|singles
|player|p1|Shibuya Arc|265|1530
|player|p2|nmx123|101|1616
|gen|9
|tier|[Gen 9] OU
|rated|
|rule|HP Percentage Mod: HP is shown in percentages
|rule|Endless Battle Clause: Forcing endless battles is banned
|rule|Species Clause: Limit one of each Pokémon
|rule|OHKO Clause: OHKO moves are banned
|rule|Evasion Items Clause: Evasion items are banned
|rule|Evasion Moves Clause: Evasion moves are banned
|rule|Evasion Abilities Clause: Evasion abilities are banned
|rule|Sleep Moves Clause: Sleep-inducing moves are banned
|clearpoke
|poke|p1|Dragapult, M|
|poke|p1|Dragonite, F|
|poke|p1|Ting-Lu|
|poke|p1|Weezing-Galar, F|
|poke|p1|Iron Crown|
|poke|p1|Zapdos|
|poke|p2|Dragonite, F|
|poke|p2|Zamazenta-*|
|poke|p2|Gholdengo|
|poke|p2|Raging Bolt|
|poke|p2|Ninetales-Alola, M|
|poke|p2|Great Tusk|
|teampreview
|inactive|Battle timer is ON: inactive players will automatically lose when time's up. (requested by nmx123)
|
|t:|1758949661
|teamsize|p1|6
|teamsize|p2|6
|start
|switch|p1a: Weezing|Weezing-Galar, F|100/100
|switch|p2a: Gholdengo|Gholdengo|100/100
|-ability|p1a: Weezing|Neutralizing Gas
|turn|1
|inactive|Shibuya Arc also wants the timer to be on.
|
|t:|1758949668
|-end|p1a: Weezing|ability: Neutralizing Gas
|switch|p1a: Ting-Lu|Ting-Lu|100/100
|-ability|p1a: Ting-Lu|Vessel of Ruin
|move|p2a: Gholdengo|Make It Rain|p1a: Ting-Lu
|-damage|p1a: Ting-Lu|76/100
|-unboost|p2a: Gholdengo|spa|1
|
|-heal|p1a: Ting-Lu|82/100|[from] item: Leftovers
|upkeep
|turn|2
|
|t:|1758949676
|switch|p2a: Great Tusk|Great Tusk|100/100
|move|p1a: Ting-Lu|Stealth Rock|p2a: Great Tusk
|-sidestart|p2: nmx123|move: Stealth Rock
|
|-heal|p1a: Ting-Lu|88/100|[from] item: Leftovers
|upkeep
|turn|3
|
|t:|1758949687
|-terastallize|p2a: Great Tusk|Dark
|move|p2a: Great Tusk|Knock Off|p1a: Ting-Lu
|-resisted|p1a: Ting-Lu
|-crit|p1a: Ting-Lu
|-damage|p1a: Ting-Lu|70/100
|-enditem|p1a: Ting-Lu|Leftovers|[from] move: Knock Off|[of] p2a: Great Tusk
|move|p1a: Ting-Lu|Ruination|p2a: Great Tusk
|-damage|p2a: Great Tusk|50/100
|
|upkeep
|turn|4
|
|t:|1758949696
|switch|p1a: Zapdos|Zapdos|100/100
|move|p2a: Great Tusk|Rapid Spin|p1a: Zapdos
|-damage|p1a: Zapdos|80/100
|-boost|p2a: Great Tusk|spe|1
|-sideend|p2: nmx123|Stealth Rock|[from] move: Rapid Spin|[of] p2a: Great Tusk
|
|upkeep
|turn|5
|
|t:|1758949704
|-end|p2a: Great Tusk|Protosynthesis|[silent]
|switch|p2a: Raging Bolt|Raging Bolt|100/100
|move|p1a: Zapdos|Volt Switch|p2a: Raging Bolt
|-resisted|p2a: Raging Bolt
|-damage|p2a: Raging Bolt|93/100
|
|t:|1758949712
|switch|p1a: Ting-Lu|Ting-Lu|70/100|[from] Volt Switch
|-ability|p1a: Ting-Lu|Vessel of Ruin
|
|upkeep
|turn|6
|
|t:|1758949719
|-end|p2a: Raging Bolt|Protosynthesis|[silent]
|switch|p2a: Great Tusk|Great Tusk, tera:Dark|50/100
|move|p1a: Ting-Lu|Ruination|p2a: Great Tusk
|-damage|p2a: Great Tusk|25/100
|
|upkeep
|turn|7
|
|t:|1758949727
|move|p2a: Great Tusk|Close Combat|p1a: Ting-Lu
|-supereffective|p1a: Ting-Lu
|-damage|p1a: Ting-Lu|2/100
|-unboost|p2a: Great Tusk|def|1
|-unboost|p2a: Great Tusk|spd|1
|move|p1a: Ting-Lu|Earthquake|p2a: Great Tusk
|-damage|p2a: Great Tusk|0 fnt
|faint|p2a: Great Tusk
|-end|p2a: Great Tusk|Protosynthesis|[silent]
|
|upkeep
|
|t:|1758949740
|switch|p2a: Gholdengo|Gholdengo|100/100
|turn|8
|
|t:|1758949746
|move|p2a: Gholdengo|Shadow Ball|p1a: Ting-Lu
|-resisted|p1a: Ting-Lu
|-damage|p1a: Ting-Lu|0 fnt
|faint|p1a: Ting-Lu
|
|upkeep
|
|t:|1758949754
|switch|p1a: Dragonite|Dragonite, F|100/100
|turn|9
|
|t:|1758949760
|switch|p2a: Ninetales|Ninetales-Alola, M|100/100
|-weather|Snowscape|[from] ability: Snow Warning|[of] p2a: Ninetales
|move|p1a: Dragonite|Extreme Speed|p2a: Ninetales
|-crit|p2a: Ninetales
|-damage|p2a: Ninetales|64/100
|
|-weather|Snowscape|[upkeep]
|upkeep
|turn|10
|
|t:|1758949768
|move|p2a: Ninetales|Aurora Veil|p2a: Ninetales
|-sidestart|p2: nmx123|move: Aurora Veil
|move|p1a: Dragonite|Dragon Dance|p1a: Dragonite
|-boost|p1a: Dragonite|atk|1
|-boost|p1a: Dragonite|spe|1
|
|-weather|Snowscape|[upkeep]
|upkeep
|turn|11
|
|t:|1758949776
|move|p1a: Dragonite|Extreme Speed|p2a: Ninetales
|-damage|p2a: Ninetales|46/100
|move|p2a: Ninetales|Freeze-Dry|p1a: Dragonite
|-supereffective|p1a: Dragonite
|-damage|p1a: Dragonite|62/100
|
|-weather|Snowscape|[upkeep]
|upkeep
|turn|12
|
|t:|1758949783
|move|p1a: Dragonite|Roost|p1a: Dragonite
|-heal|p1a: Dragonite|100/100
|-singleturn|p1a: Dragonite|move: Roost
|move|p2a: Ninetales|Freeze-Dry|p1a: Dragonite
|-supereffective|p1a: Dragonite
|-damage|p1a: Dragonite|80/100
|
|-weather|Snowscape|[upkeep]
|upkeep
|turn|13
|
|t:|1758949792
|move|p1a: Dragonite|Roost|p1a: Dragonite
|-heal|p1a: Dragonite|100/100
|-singleturn|p1a: Dragonite|move: Roost
|move|p2a: Ninetales|Freeze-Dry|p1a: Dragonite
|-supereffective|p1a: Dragonite
|-damage|p1a: Dragonite|80/100
|
|-weather|none
|upkeep
|turn|14
|
|t:|1758949799
|move|p1a: Dragonite|Roost|p1a: Dragonite
|-heal|p1a: Dragonite|100/100
|-singleturn|p1a: Dragonite|move: Roost
|move|p2a: Ninetales|Freeze-Dry|p1a: Dragonite
|-supereffective|p1a: Dragonite
|-damage|p1a: Dragonite|82/100
|
|upkeep
|turn|15
|
|t:|1758949805
|move|p1a: Dragonite|Roost|p1a: Dragonite
|-heal|p1a: Dragonite|100/100
|-singleturn|p1a: Dragonite|move: Roost
|move|p2a: Ninetales|Freeze-Dry|p1a: Dragonite
|-supereffective|p1a: Dragonite
|-damage|p1a: Dragonite|82/100
|
|upkeep
|turn|16
|
|t:|1758949812
|move|p1a: Dragonite|Roost|p1a: Dragonite
|-heal|p1a: Dragonite|100/100
|-singleturn|p1a: Dragonite|move: Roost
|move|p2a: Ninetales|Freeze-Dry|p1a: Dragonite
|-supereffective|p1a: Dragonite
|-damage|p1a: Dragonite|80/100
|
|upkeep
|turn|17
|
|t:|1758949819
|move|p1a: Dragonite|Roost|p1a: Dragonite
|-heal|p1a: Dragonite|100/100
|-singleturn|p1a: Dragonite|move: Roost
|move|p2a: Ninetales|Freeze-Dry|p1a: Dragonite
|-supereffective|p1a: Dragonite
|-damage|p1a: Dragonite|81/100
|
|-sideend|p2: nmx123|move: Aurora Veil
|upkeep
|turn|18
|
|t:|1758949826
|move|p1a: Dragonite|Roost|p1a: Dragonite
|-heal|p1a: Dragonite|100/100
|-singleturn|p1a: Dragonite|move: Roost
|move|p2a: Ninetales|Freeze-Dry|p1a: Dragonite
|-supereffective|p1a: Dragonite
|-damage|p1a: Dragonite|82/100
|
|upkeep
|turn|19
|
|t:|1758949832
|move|p1a: Dragonite|Extreme Speed|p2a: Ninetales
|-damage|p2a: Ninetales|0 fnt
|faint|p2a: Ninetales
|
|upkeep
|
|t:|1758949844
|switch|p2a: Zamazenta|Zamazenta|100/100
|-ability|p2a: Zamazenta|Dauntless Shield|boost
|-boost|p2a: Zamazenta|def|1
|turn|20
|
|t:|1758949851
|move|p2a: Zamazenta|Iron Defense|p2a: Zamazenta
|-boost|p2a: Zamazenta|def|2
|move|p1a: Dragonite|Roost|p1a: Dragonite
|-heal|p1a: Dragonite|100/100
|-singleturn|p1a: Dragonite|move: Roost
|
|upkeep
|turn|21
|
|t:|1758949858
|switch|p1a: Weezing|Weezing-Galar, F|100/100
|-ability|p1a: Weezing|Neutralizing Gas
|move|p2a: Zamazenta|Body Press|p1a: Weezing
|-resisted|p1a: Weezing
|-damage|p1a: Weezing|83/100
|
|upkeep
|turn|22
|
|t:|1758949866
|switch|p2a: Gholdengo|Gholdengo|100/100
|-end|p1a: Weezing|ability: Neutralizing Gas
|switch|p1a: Dragapult|Dragapult, M|100/100
|
|upkeep
|turn|23
|
|t:|1758949873
|switch|p1a: Dragonite|Dragonite, F|100/100
|move|p2a: Gholdengo|Shadow Ball|p1a: Dragonite
|-damage|p1a: Dragonite|80/100
|
|upkeep
|turn|24
|
|t:|1758949882
|switch|p2a: Zamazenta|Zamazenta|100/100
|-terastallize|p1a: Dragonite|Normal
|move|p1a: Dragonite|Earthquake|p2a: Zamazenta
|-damage|p2a: Zamazenta|74/100
|
|-heal|p2a: Zamazenta|80/100|[from] item: Leftovers
|upkeep
|turn|25
|
|t:|1758949892
|switch|p1a: Dragapult|Dragapult, M|100/100
|move|p2a: Zamazenta|Iron Defense|p2a: Zamazenta
|-boost|p2a: Zamazenta|def|2
|
|-heal|p2a: Zamazenta|86/100|[from] item: Leftovers
|upkeep
|turn|26
|
|t:|1758949904
|move|p1a: Dragapult|Will-O-Wisp|p2a: Zamazenta
|-status|p2a: Zamazenta|brn
|move|p2a: Zamazenta|Crunch|p1a: Dragapult
|-supereffective|p1a: Dragapult
|-damage|p1a: Dragapult|69/100
|
|-heal|p2a: Zamazenta|92/100 brn|[from] item: Leftovers
|-damage|p2a: Zamazenta|86/100 brn|[from] brn
|upkeep
|turn|27
|
|t:|1758949916
|move|p1a: Dragapult|Hex|p2a: Zamazenta
|-damage|p2a: Zamazenta|35/100 brn
|move|p2a: Zamazenta|Crunch|p1a: Dragapult
|-supereffective|p1a: Dragapult
|-damage|p1a: Dragapult|38/100
|-unboost|p1a: Dragapult|def|1
|
|-heal|p2a: Zamazenta|42/100 brn|[from] item: Leftovers
|-damage|p2a: Zamazenta|35/100 brn|[from] brn
|upkeep
|turn|28
|
|t:|1758949924
|move|p1a: Dragapult|Hex|p2a: Zamazenta
|-damage|p2a: Zamazenta|0 fnt
|faint|p2a: Zamazenta
|
|upkeep
|
|t:|1758949926
|switch|p2a: Gholdengo|Gholdengo|100/100
|turn|29
|
|t:|1758949932
|switch|p1a: Iron Crown|Iron Crown|100/100
|move|p2a: Gholdengo|Make It Rain|p1a: Iron Crown
|-resisted|p1a: Iron Crown
|-damage|p1a: Iron Crown|71/100
|-unboost|p2a: Gholdengo|spa|1
|
|upkeep
|turn|30
|
|t:|1758949940
|switch|p2a: Raging Bolt|Raging Bolt|93/100
|move|p1a: Iron Crown|Psyshock|p2a: Raging Bolt
|-damage|p2a: Raging Bolt|40/100
|
|upkeep
|turn|31
|
|t:|1758949948
|move|p1a: Iron Crown|Psyshock|p2a: Raging Bolt
|-damage|p2a: Raging Bolt|0 fnt
|faint|p2a: Raging Bolt
|-end|p2a: Raging Bolt|Protosynthesis|[silent]
|
|upkeep
|
|t:|1758949951
|switch|p2a: Gholdengo|Gholdengo|100/100
|turn|32
|
|t:|1758949965
|move|p2a: Gholdengo|Make It Rain|p1a: Iron Crown
|-resisted|p1a: Iron Crown
|-damage|p1a: Iron Crown|39/100
|-unboost|p2a: Gholdengo|spa|1
|move|p1a: Iron Crown|Psyshock|p2a: Gholdengo
|-resisted|p2a: Gholdengo
|-damage|p2a: Gholdengo|69/100
|
|upkeep
|turn|33
|
|t:|1758949973
|move|p2a: Gholdengo|Make It Rain|p1a: Iron Crown
|-resisted|p1a: Iron Crown
|-crit|p1a: Iron Crown
|-damage|p1a: Iron Crown|0 fnt
|-unboost|p2a: Gholdengo|spa|1
|faint|p1a: Iron Crown
|-end|p1a: Iron Crown|Quark Drive|[silent]
|
|upkeep
|
|t:|1758949980
|switch|p1a: Zapdos|Zapdos|80/100
|turn|34
|
|t:|1758949987
|switch|p2a: Dragonite|Dragonite, F|100/100
|move|p1a: Zapdos|Hurricane|p2a: Dragonite
|-damage|p2a: Dragonite|77/100
|
|upkeep
|turn|35
|
|t:|1758950008
|move|p1a: Zapdos|Hurricane|p2a: Dragonite|[miss]
|-miss|p1a: Zapdos|p2a: Dragonite
|move|p2a: Dragonite|Outrage|p1a: Zapdos
|-damage|p1a: Zapdos|0 fnt
|faint|p1a: Zapdos
|
|upkeep
|
|t:|1758950015
|switch|p1a: Dragapult|Dragapult, M|38/100
|turn|36
|
|t:|1758950021
|move|p1a: Dragapult|Dragon Darts|p2a: Dragonite
|-supereffective|p2a: Dragonite
|-damage|p2a: Dragonite|37/100
|-anim|p1a: Dragapult|Dragon Darts|p2a: Dragonite
|-supereffective|p2a: Dragonite
|-damage|p2a: Dragonite|0 fnt
|faint|p2a: Dragonite
|
|upkeep
|
|t:|1758950023
|switch|p2a: Gholdengo|Gholdengo|69/100
|turn|37
|
|t:|1758950029
|move|p2a: Gholdengo|Trick|p1a: Dragapult
|-activate|p2a: Gholdengo|move: Trick|[of] p1a: Dragapult
|-item|p1a: Dragapult|Choice Scarf|[from] move: Trick
|-item|p2a: Gholdengo|Heavy-Duty Boots|[from] move: Trick
|move|p1a: Dragapult|Hex|p2a: Gholdengo
|-supereffective|p2a: Gholdengo
|-damage|p2a: Gholdengo|4/100
|
|upkeep
|turn|38
|-message|nmx123 forfeited.
|
|win|Shibuya Arc
|raw|Shibuya Arc's rating: 1530 &rarr; <strong>1555</strong><br />(+25 for winning)
|raw|nmx123's rating: 1616 &rarr; <strong>1591</strong><br />(-25 for losing)
