|j|☆call me mander
|j|☆gigapoophater
|t:|1759039659
|gametype|singles
|player|p1|call me mander|266|1180
|player|p2|gigapoophater|170|1200
|gen|9
|tier|[Gen 9] OU
|rated|
|rule|HP Percentage Mod: HP is shown in percentages
|rule|Endless Battle Clause: Forcing endless battles is banned
|rule|Species Clause: Limit one of each Pokémon
|rule|OHKO Clause: OHKO moves are banned
|rule|Evasion Items Clause: Evasion items are banned
|rule|Evasion Moves Clause: Evasion moves are banned
|rule|Evasion Abilities Clause: Evasion abilities are banned
|rule|Sleep Moves Clause: Sleep-inducing moves are banned
|clearpoke
|poke|p1|Garganacl, F|
|poke|p1|Dragapult, F|
|poke|p1|Ogerpon-Wellspring, F|
|poke|p1|Moltres|
|poke|p1|Zamazenta-*|
|poke|p1|Iron Treads|
|poke|p2|Rampardos, F|
|poke|p2|Orthworm, F|
|poke|p2|Breloom, F|
|poke|p2|Chandelure, M|
|poke|p2|Hatterene, F|
|poke|p2|Milotic, M|
|teampreview
|inactive|Battle timer is ON: inactive players will automatically lose when time's up. (requested by gigapoophater)
|
|t:|1759039675
|teamsize|p1|6
|teamsize|p2|6
|start
|switch|p1a: Iron Treads|Iron Treads|100/100
|switch|p2a: Romper dos|Rampardos, F, shiny|100/100
|-ability|p2a: Romper dos|Mold Breaker
|turn|1
|inactive|call me mander has 120 seconds left.
|inactive|gigapoophater has 120 seconds left.
|
|t:|1759039728
|-terastallize|p2a: Romper dos|Grass
|move|p1a: Iron Treads|Earthquake|p2a: Romper dos
|-resisted|p2a: Romper dos
|-damage|p2a: Romper dos|69/100
|move|p2a: Romper dos|Swords Dance|p2a: Romper dos
|-boost|p2a: Romper dos|atk|2
|
|upkeep
|turn|2
|inactive|gigapoophater has 120 seconds left.
|
|t:|1759039743
|move|p1a: Iron Treads|Knock Off|p2a: Romper dos
|-damage|p2a: Romper dos|30/100
|-enditem|p2a: Romper dos|Clear Amulet|[from] move: Knock Off|[of] p1a: Iron Treads
|move|p2a: Romper dos|Trailblaze|p1a: Iron Treads
|-damage|p1a: Iron Treads|32/100
|-boost|p2a: Romper dos|spe|1
|
|-heal|p1a: Iron Treads|38/100|[from] item: Leftovers
|upkeep
|turn|3
|inactive|gigapoophater has 120 seconds left.
|
|t:|1759039762
|move|p2a: Romper dos|Trailblaze|p1a: Iron Treads
|-damage|p1a: Iron Treads|0 fnt
|-boost|p2a: Romper dos|spe|1
|faint|p1a: Iron Treads
|-end|p1a: Iron Treads|Quark Drive|[silent]
|
|upkeep
|inactive|call me mander has 90 seconds left.
|
|t:|1759039783
|switch|p1a: Zamazenta|Zamazenta|100/100
|-ability|p1a: Zamazenta|Dauntless Shield|boost
|-boost|p1a: Zamazenta|def|1
|turn|4
|inactive|gigapoophater has 120 seconds left.
|
|t:|1759039798
|move|p2a: Romper dos|Earthquake|p1a: Zamazenta
|-damage|p1a: Zamazenta|45/100
|move|p1a: Zamazenta|Crunch|p2a: Romper dos
|-damage|p2a: Romper dos|0 fnt
|faint|p2a: Romper dos
|
|upkeep
|inactive|gigapoophater has 120 seconds left.
|
|t:|1759039811
|switch|p2a: Chandelure|Chandelure, M|100/100
|turn|5
|
|t:|1759039820
|switch|p1a: Garganacl|Garganacl, F|100/100
|move|p2a: Chandelure|Shadow Ball|p1a: Garganacl
|-damage|p1a: Garganacl|86/100
|
|-heal|p1a: Garganacl|92/100|[from] item: Leftovers
|upkeep
|turn|6
|
|t:|1759039828
|switch|p2a: Milotic|Milotic, M|100/100
|move|p1a: Garganacl|Iron Defense|p1a: Garganacl
|-boost|p1a: Garganacl|def|2
|
|-heal|p1a: Garganacl|98/100|[from] item: Leftovers
|upkeep
|turn|7
|
|t:|1759039832
|move|p2a: Milotic|Scald|p1a: Garganacl
|-supereffective|p1a: Garganacl
|-damage|p1a: Garganacl|28/100
|move|p1a: Garganacl|Salt Cure|p2a: Milotic
|-damage|p2a: Milotic|85/100
|-start|p2a: Milotic|Salt Cure
|
|-heal|p1a: Garganacl|34/100|[from] item: Leftovers
|-damage|p2a: Milotic|60/100|[from] Salt Cure
|upkeep
|turn|8
|
|t:|1759039837
|-terastallize|p1a: Garganacl|Water
|move|p2a: Milotic|Scald|p1a: Garganacl
|-resisted|p1a: Garganacl
|-damage|p1a: Garganacl|14/100
|move|p1a: Garganacl|Recover|p1a: Garganacl
|-heal|p1a: Garganacl|65/100
|
|-heal|p1a: Garganacl|71/100|[from] item: Leftovers
|-damage|p2a: Milotic|35/100|[from] Salt Cure
|upkeep
|turn|9
|
|t:|1759039846
|switch|p2a: Breloom|Breloom, F|100/100
|move|p1a: Garganacl|Iron Defense|p1a: Garganacl
|-boost|p1a: Garganacl|def|2
|
|-heal|p1a: Garganacl|77/100|[from] item: Leftovers
|upkeep
|turn|10
|
|t:|1759039852
|move|p2a: Breloom|Swords Dance|p2a: Breloom
|-boost|p2a: Breloom|atk|2
|move|p1a: Garganacl|Body Press|p2a: Breloom
|-damage|p2a: Breloom|0 fnt
|faint|p2a: Breloom
|
|-heal|p1a: Garganacl|83/100|[from] item: Leftovers
|upkeep
|
|t:|1759039866
|switch|p2a: Chandelure|Chandelure, M|100/100
|turn|11
|
|t:|1759039871
|move|p2a: Chandelure|Energy Ball|p1a: Garganacl
|-supereffective|p1a: Garganacl
|-damage|p1a: Garganacl|36/100
|move|p1a: Garganacl|Salt Cure|p2a: Chandelure
|-supereffective|p2a: Chandelure
|-damage|p2a: Chandelure|59/100
|-start|p2a: Chandelure|Salt Cure
|
|-heal|p1a: Garganacl|42/100|[from] item: Leftovers
|-damage|p2a: Chandelure|47/100|[from] Salt Cure
|upkeep
|turn|12
|
|t:|1759039875
|switch|p1a: Moltres|Moltres|100/100
|move|p2a: Chandelure|Energy Ball|p1a: Moltres
|-resisted|p1a: Moltres
|-damage|p1a: Moltres|93/100
|
|-damage|p2a: Chandelure|35/100|[from] Salt Cure
|upkeep
|turn|13
|
|t:|1759039886
|switch|p2a: Hatterene|Hatterene, F|100/100
|switch|p1a: Ogerpon|Ogerpon-Wellspring, F|100/100
|
|upkeep
|turn|14
|
|t:|1759039898
|switch|p1a: Zamazenta|Zamazenta|45/100
|move|p2a: Hatterene|Draining Kiss|p1a: Zamazenta
|-supereffective|p1a: Zamazenta
|-damage|p1a: Zamazenta|0 fnt
|faint|p1a: Zamazenta
|-damage|p2a: Hatterene|91/100|[from] item: Life Orb
|
|upkeep
|
|t:|1759039906
|switch|p1a: Garganacl|Garganacl, F, tera:Water|42/100
|turn|15
|
|t:|1759039918
|move|p1a: Garganacl|Recover|p1a: Garganacl
|-heal|p1a: Garganacl|92/100
|move|p2a: Hatterene|Calm Mind|p2a: Hatterene
|-boost|p2a: Hatterene|spa|1
|-boost|p2a: Hatterene|spd|1
|
|-heal|p1a: Garganacl|99/100|[from] item: Leftovers
|upkeep
|turn|16
|
|t:|1759039926
|move|p1a: Garganacl|Salt Cure|p2a: Hatterene
|-damage|p2a: Hatterene|74/100
|-start|p2a: Hatterene|Salt Cure
|move|p2a: Hatterene|Draining Kiss|p1a: Garganacl
|-damage|p1a: Garganacl|63/100
|-heal|p2a: Hatterene|100/100|[from] drain|[of] p1a: Garganacl
|-damage|p2a: Hatterene|91/100|[from] item: Life Orb
|
|-heal|p1a: Garganacl|69/100|[from] item: Leftovers
|-damage|p2a: Hatterene|78/100|[from] Salt Cure
|upkeep
|turn|17
|
|t:|1759039941
|switch|p1a: Moltres|Moltres|93/100
|move|p2a: Hatterene|Calm Mind|p2a: Hatterene
|-boost|p2a: Hatterene|spa|1
|-boost|p2a: Hatterene|spd|1
|
|-damage|p2a: Hatterene|66/100|[from] Salt Cure
|upkeep
|turn|18
|
|t:|1759039948
|move|p1a: Moltres|Flamethrower|p2a: Hatterene
|-damage|p2a: Hatterene|45/100
|move|p2a: Hatterene|Psyshock|p1a: Moltres
|-damage|p1a: Moltres|0 fnt
|faint|p1a: Moltres
|-damage|p2a: Hatterene|35/100|[from] item: Life Orb
|
|-damage|p2a: Hatterene|23/100|[from] Salt Cure
|upkeep
|
|t:|1759039960
|switch|p1a: Ogerpon|Ogerpon-Wellspring, F|100/100
|turn|19
|
|t:|1759039966
|move|p1a: Ogerpon|Ivy Cudgel|p2a: Hatterene|[anim] Ivy Cudgel Water
|-damage|p2a: Hatterene|0 fnt
|faint|p2a: Hatterene
|
|upkeep
|
|t:|1759039972
|switch|p2a: wormpon wellspring|Orthworm, F|100/100
|turn|20
|
|t:|1759039982
|switch|p1a: Garganacl|Garganacl, F, tera:Water|69/100
|move|p2a: wormpon wellspring|Body Press|p1a: Garganacl
|-damage|p1a: Garganacl|49/100
|
|-heal|p1a: Garganacl|55/100|[from] item: Leftovers
|upkeep
|turn|21
|
|t:|1759039995
|move|p2a: wormpon wellspring|Coil|p2a: wormpon wellspring
|-boost|p2a: wormpon wellspring|atk|1
|-boost|p2a: wormpon wellspring|def|1
|-boost|p2a: wormpon wellspring|accuracy|1
|move|p1a: Garganacl|Salt Cure|p2a: wormpon wellspring
|-resisted|p2a: wormpon wellspring
|-damage|p2a: wormpon wellspring|98/100
|-start|p2a: wormpon wellspring|Salt Cure
|
|-heal|p1a: Garganacl|61/100|[from] item: Leftovers
|-damage|p2a: wormpon wellspring|73/100|[from] Salt Cure
|upkeep
|turn|22
|
|t:|1759040004
|move|p2a: wormpon wellspring|Coil|p2a: wormpon wellspring
|-boost|p2a: wormpon wellspring|atk|1
|-boost|p2a: wormpon wellspring|def|1
|-boost|p2a: wormpon wellspring|accuracy|1
|move|p1a: Garganacl|Iron Defense|p1a: Garganacl
|-boost|p1a: Garganacl|def|2
|
|-heal|p1a: Garganacl|67/100|[from] item: Leftovers
|-damage|p2a: wormpon wellspring|48/100|[from] Salt Cure
|upkeep
|turn|23
|
|t:|1759040007
|move|p2a: wormpon wellspring|Body Press|p1a: Garganacl
|-damage|p1a: Garganacl|43/100
|move|p1a: Garganacl|Iron Defense|p1a: Garganacl
|-boost|p1a: Garganacl|def|2
|
|-heal|p1a: Garganacl|50/100|[from] item: Leftovers
|-damage|p2a: wormpon wellspring|24/100|[from] Salt Cure
|upkeep
|turn|24
|
|t:|1759040011
|move|p2a: wormpon wellspring|Body Press|p1a: Garganacl
|-damage|p1a: Garganacl|34/100
|move|p1a: Garganacl|Recover|p1a: Garganacl
|-heal|p1a: Garganacl|84/100
|
|-heal|p1a: Garganacl|91/100|[from] item: Leftovers
|-damage|p2a: wormpon wellspring|0 fnt|[from] Salt Cure
|faint|p2a: wormpon wellspring
|upkeep
|
|t:|1759040015
|switch|p2a: Chandelure|Chandelure, M|35/100
|turn|25
|
|t:|1759040019
|move|p2a: Chandelure|Energy Ball|p1a: Garganacl
|-supereffective|p1a: Garganacl
|-damage|p1a: Garganacl|42/100
|move|p1a: Garganacl|Salt Cure|p2a: Chandelure
|-supereffective|p2a: Chandelure
|-damage|p2a: Chandelure|0 fnt
|faint|p2a: Chandelure
|
|-heal|p1a: Garganacl|49/100|[from] item: Leftovers
|upkeep
|
|t:|1759040022
|switch|p2a: Milotic|Milotic, M|35/100
|turn|26
|
|t:|1759040025
|move|p2a: Milotic|Draining Kiss|p1a: Garganacl
|-damage|p1a: Garganacl|33/100
|-heal|p2a: Milotic|47/100|[from] drain|[of] p1a: Garganacl
|move|p1a: Garganacl|Salt Cure|p2a: Milotic
|-damage|p2a: Milotic|31/100
|-start|p2a: Milotic|Salt Cure
|
|-heal|p1a: Garganacl|39/100|[from] item: Leftovers
|-damage|p2a: Milotic|7/100|[from] Salt Cure
|upkeep
|turn|27
|
|t:|1759040028
|move|p2a: Milotic|Draining Kiss|p1a: Garganacl
|-damage|p1a: Garganacl|24/100
|-heal|p2a: Milotic|18/100|[from] drain|[of] p1a: Garganacl
|move|p1a: Garganacl|Recover|p1a: Garganacl
|-heal|p1a: Garganacl|74/100
|
|-heal|p1a: Garganacl|80/100|[from] item: Leftovers
|-damage|p2a: Milotic|0 fnt|[from] Salt Cure
|faint|p2a: Milotic
|
|win|call me mander
|raw|call me mander's rating: 1180 &rarr; <strong>1206</strong><br />(+26 for winning)
|raw|gigapoophater's rating: 1200 &rarr; <strong>1174</strong><br />(-26 for losing)
|l|☆gigapoophater
|player|p2|
|l|☆call me mander
|player|p1|
