|j|☆stingraygucci
|j|☆FizzyXD
|t:|1758951462
|gametype|singles
|player|p1|stingraygucci|169|1419
|player|p2|FizzyXD|swimmerf-gen4dp|1463
|gen|9
|tier|[Gen 9] OU
|rated|
|rule|HP Percentage Mod: HP is shown in percentages
|rule|Endless Battle Clause: Forcing endless battles is banned
|rule|Species Clause: Limit one of each Pokémon
|rule|OHKO Clause: OHKO moves are banned
|rule|Evasion Items Clause: Evasion items are banned
|rule|Evasion Moves Clause: Evasion moves are banned
|rule|Evasion Abilities Clause: Evasion abilities are banned
|rule|Sleep Moves Clause: Sleep-inducing moves are banned
|clearpoke
|poke|p1|Tyranitar, F|
|poke|p1|Gholdengo|
|poke|p1|Zamazenta-*|
|poke|p1|Rillaboom, M|
|poke|p1|Garchomp, F|
|poke|p1|Zapdos|
|poke|p2|Dragonite, M|
|poke|p2|Gholdengo|
|poke|p2|Regidrago|
|poke|p2|Scizor, F|
|poke|p2|Ting-Lu|
|poke|p2|Weezing-Galar, F|
|teampreview
|inactive|Battle timer is ON: inactive players will automatically lose when time's up. (requested by FizzyXD)
|
|t:|1758951473
|teamsize|p1|6
|teamsize|p2|6
|start
|switch|p1a: Zapdos|Zapdos|100/100
|switch|p2a: Scizor|Scizor, F|100/100
|turn|1
|
|t:|1758951477
|move|p1a: Zapdos|Heat Wave|p2a: Scizor
|-supereffective|p2a: Scizor
|-damage|p2a: Scizor|0 fnt
|faint|p2a: Scizor
|
|upkeep
|
|t:|1758951484
|switch|p2a: Ting-Lu|Ting-Lu|100/100
|-ability|p2a: Ting-Lu|Vessel of Ruin
|turn|2
|
|t:|1758951488
|switch|p1a: Garchomp|Garchomp, F|100/100
|move|p2a: Ting-Lu|Stealth Rock|p1a: Garchomp
|-sidestart|p1: stingraygucci|move: Stealth Rock
|
|upkeep
|turn|3
|
|t:|1758951493
|move|p1a: Garchomp|Stealth Rock|p2a: Ting-Lu
|-sidestart|p2: FizzyXD|move: Stealth Rock
|move|p2a: Ting-Lu|Whirlwind|p1a: Garchomp
|drag|p1a: Zamazenta|Zamazenta|100/100
|-ability|p1a: Zamazenta|Dauntless Shield|boost
|-boost|p1a: Zamazenta|def|1
|
|upkeep
|turn|4
|
|t:|1758951505
|switch|p2a: Weezing|Weezing-Galar, F|100/100
|-ability|p2a: Weezing|Neutralizing Gas
|move|p1a: Zamazenta|Close Combat|p2a: Weezing
|-resisted|p2a: Weezing
|-damage|p2a: Weezing|90/100
|-unboost|p1a: Zamazenta|def|1
|-unboost|p1a: Zamazenta|spd|1
|
|upkeep
|turn|5
|
|t:|1758951517
|switch|p1a: Zapdos|Zapdos|100/100
|move|p2a: Weezing|Will-O-Wisp|p1a: Zapdos
|-status|p1a: Zapdos|brn
|
|-damage|p1a: Zapdos|94/100 brn|[from] brn
|upkeep
|turn|6
|
|t:|1758951523
|-end|p2a: Weezing|ability: Neutralizing Gas
|switch|p2a: Ting-Lu|Ting-Lu|100/100
|-damage|p2a: Ting-Lu|94/100|[from] Stealth Rock
|-ability|p2a: Ting-Lu|Vessel of Ruin
|move|p1a: Zapdos|Hurricane|p2a: Ting-Lu
|-damage|p2a: Ting-Lu|74/100
|
|-damage|p1a: Zapdos|88/100 brn|[from] brn
|upkeep
|turn|7
|
|t:|1758951538
|move|p1a: Zapdos|Heat Wave|p2a: Ting-Lu
|-damage|p2a: Ting-Lu|62/100
|move|p2a: Ting-Lu|Ruination|p1a: Zapdos
|-damage|p1a: Zapdos|44/100 brn
|
|-damage|p1a: Zapdos|38/100 brn|[from] brn
|upkeep
|turn|8
|
|t:|1758951543
|move|p1a: Zapdos|Roost|p1a: Zapdos
|-heal|p1a: Zapdos|88/100 brn
|-singleturn|p1a: Zapdos|move: Roost
|move|p2a: Ting-Lu|Earthquake|p1a: Zapdos
|-supereffective|p1a: Zapdos
|-damage|p1a: Zapdos|2/100 brn
|
|-damage|p1a: Zapdos|0 fnt|[from] brn
|faint|p1a: Zapdos
|upkeep
|
|t:|1758951552
|switch|p1a: Garchomp|Garchomp, F|100/100
|-damage|p1a: Garchomp|94/100|[from] Stealth Rock
|turn|9
|
|t:|1758951559
|move|p1a: Garchomp|Spikes|p2a: Ting-Lu
|-sidestart|p2: FizzyXD|Spikes
|move|p2a: Ting-Lu|Ruination|p1a: Garchomp|[miss]
|-miss|p2a: Ting-Lu|p1a: Garchomp
|
|upkeep
|turn|10
|
|t:|1758951564
|move|p1a: Garchomp|Earthquake|p2a: Ting-Lu
|-crit|p2a: Ting-Lu
|-damage|p2a: Ting-Lu|26/100
|move|p2a: Ting-Lu|Ruination|p1a: Garchomp
|-damage|p1a: Garchomp|48/100
|
|upkeep
|turn|11
|
|t:|1758951570
|move|p1a: Garchomp|Spikes|p2a: Ting-Lu
|-sidestart|p2: FizzyXD|Spikes
|move|p2a: Ting-Lu|Whirlwind|p1a: Garchomp
|drag|p1a: Gholdengo|Gholdengo|100/100
|-damage|p1a: Gholdengo|94/100|[from] Stealth Rock
|-item|p1a: Gholdengo|Air Balloon
|
|upkeep
|turn|12
|
|t:|1758951579
|switch|p1a: Zamazenta|Zamazenta|100/100
|move|p2a: Ting-Lu|Ruination|p1a: Zamazenta
|-damage|p1a: Zamazenta|51/100
|
|upkeep
|turn|13
|
|t:|1758951587
|move|p1a: Zamazenta|Heavy Slam|p2a: Ting-Lu
|-damage|p2a: Ting-Lu|18/100
|-damage|p1a: Zamazenta|34/100|[from] item: Rocky Helmet|[of] p2a: Ting-Lu
|move|p2a: Ting-Lu|Whirlwind|p1a: Zamazenta
|drag|p1a: Tyranitar|Tyranitar, F|100/100
|-weather|Sandstorm|[from] ability: Sand Stream|[of] p1a: Tyranitar
|
|-weather|Sandstorm|[upkeep]
|upkeep
|turn|14
|
|t:|1758951597
|switch|p2a: Weezing|Weezing-Galar, F|90/100
|-ability|p2a: Weezing|Neutralizing Gas
|move|p1a: Tyranitar|Ice Punch|p2a: Weezing
|-damage|p2a: Weezing|73/100
|
|-weather|Sandstorm|[upkeep]
|-damage|p2a: Weezing|67/100|[from] Sandstorm
|upkeep
|turn|15
|
|t:|1758951606
|switch|p1a: Garchomp|Garchomp, F|48/100
|-damage|p1a: Garchomp|41/100|[from] Stealth Rock
|move|p2a: Weezing|Defog|p1a: Garchomp
|-unboost|p1a: Garchomp|evasion|1
|-sideend|p1: stingraygucci|Stealth Rock|[from] move: Defog|[of] p2a: Weezing
|-sideend|p2: FizzyXD|Spikes|[from] move: Defog|[of] p2a: Weezing
|-sideend|p2: FizzyXD|Stealth Rock|[from] move: Defog|[of] p2a: Weezing
|
|-weather|Sandstorm|[upkeep]
|-damage|p2a: Weezing|61/100|[from] Sandstorm
|upkeep
|turn|16
|
|t:|1758951613
|move|p1a: Garchomp|Earthquake|p2a: Weezing
|-supereffective|p2a: Weezing
|-damage|p2a: Weezing|5/100
|move|p2a: Weezing|Will-O-Wisp|p1a: Garchomp
|-status|p1a: Garchomp|brn
|
|-weather|Sandstorm|[upkeep]
|-damage|p2a: Weezing|0 fnt|[from] Sandstorm
|faint|p2a: Weezing
|-end|p2a: Weezing|ability: Neutralizing Gas
|-damage|p1a: Garchomp|35/100 brn|[from] brn
|upkeep
|
|t:|1758951636
|switch|p2a: Ting-Lu|Ting-Lu|18/100
|-ability|p2a: Ting-Lu|Vessel of Ruin
|turn|17
|
|t:|1758951641
|move|p1a: Garchomp|Stealth Rock|p2a: Ting-Lu
|-sidestart|p2: FizzyXD|move: Stealth Rock
|move|p2a: Ting-Lu|Whirlwind|p1a: Garchomp
|drag|p1a: Rillaboom|Rillaboom, M|100/100
|-fieldstart|move: Grassy Terrain|[from] ability: Grassy Surge|[of] p1a: Rillaboom
|
|-weather|none
|-heal|p2a: Ting-Lu|24/100|[from] Grassy Terrain
|upkeep
|turn|18
|
|t:|1758951646
|move|p1a: Rillaboom|U-turn|p2a: Ting-Lu
|-supereffective|p2a: Ting-Lu
|-damage|p2a: Ting-Lu|0 fnt
|-damage|p1a: Rillaboom|84/100|[from] item: Rocky Helmet|[of] p2a: Ting-Lu
|faint|p2a: Ting-Lu
|
|t:|1758951651
|switch|p1a: Garchomp|Garchomp, F|35/100 brn|[from] U-turn
|
|-heal|p1a: Garchomp|41/100 brn|[from] Grassy Terrain
|-damage|p1a: Garchomp|35/100 brn|[from] brn
|upkeep
|
|t:|1758951658
|switch|p2a: Regidrago|Regidrago, shiny|100/100
|-damage|p2a: Regidrago|88/100|[from] Stealth Rock
|turn|19
|
|t:|1758951663
|move|p2a: Regidrago|Dragon Energy|p1a: Garchomp
|-supereffective|p1a: Garchomp
|-damage|p1a: Garchomp|0 fnt
|faint|p1a: Garchomp
|
|-heal|p2a: Regidrago|94/100|[from] Grassy Terrain
|upkeep
|
|t:|1758951673
|switch|p1a: Tyranitar|Tyranitar, F|100/100
|-weather|Sandstorm|[from] ability: Sand Stream|[of] p1a: Tyranitar
|turn|20
|
|t:|1758951685
|move|p2a: Regidrago|Dragon Energy|p1a: Tyranitar
|-damage|p1a: Tyranitar|43/100
|move|p1a: Tyranitar|Dragon Dance|p1a: Tyranitar
|-boost|p1a: Tyranitar|atk|1
|-boost|p1a: Tyranitar|spe|1
|
|-weather|Sandstorm|[upkeep]
|-damage|p2a: Regidrago|88/100|[from] Sandstorm
|-heal|p2a: Regidrago|94/100|[from] Grassy Terrain
|-heal|p1a: Tyranitar|50/100|[from] Grassy Terrain
|upkeep
|turn|21
|
|t:|1758951691
|move|p2a: Regidrago|Dragon Energy|p1a: Tyranitar
|-damage|p1a: Tyranitar|0 fnt
|faint|p1a: Tyranitar
|
|-weather|Sandstorm|[upkeep]
|-damage|p2a: Regidrago|88/100|[from] Sandstorm
|-heal|p2a: Regidrago|94/100|[from] Grassy Terrain
|-fieldend|move: Grassy Terrain
|upkeep
|
|t:|1758951695
|switch|p1a: Gholdengo|Gholdengo|94/100
|-item|p1a: Gholdengo|Air Balloon
|turn|22
|
|t:|1758951699
|move|p2a: Regidrago|Dragon Energy|p1a: Gholdengo
|-resisted|p1a: Gholdengo
|-crit|p1a: Gholdengo
|-damage|p1a: Gholdengo|24/100
|-enditem|p1a: Gholdengo|Air Balloon
|move|p1a: Gholdengo|Hex|p2a: Regidrago
|-damage|p2a: Regidrago|65/100
|
|-weather|Sandstorm|[upkeep]
|-damage|p2a: Regidrago|59/100|[from] Sandstorm
|upkeep
|turn|23
|
|t:|1758951709
|-terastallize|p1a: Gholdengo|Fairy
|move|p2a: Regidrago|Dragon Energy|p1a: Gholdengo
|-immune|p1a: Gholdengo
|move|p1a: Gholdengo|Make It Rain|p2a: Regidrago
|-damage|p2a: Regidrago|4/100
|-unboost|p1a: Gholdengo|spa|1
|
|-weather|Sandstorm|[upkeep]
|-damage|p2a: Regidrago|0 fnt|[from] Sandstorm
|-damage|p1a: Gholdengo|18/100|[from] Sandstorm
|faint|p2a: Regidrago
|upkeep
|
|t:|1758951713
|switch|p2a: Gholdengo|Gholdengo|100/100
|-damage|p2a: Gholdengo|94/100|[from] Stealth Rock
|turn|24
|
|t:|1758951722
|move|p2a: Gholdengo|Shadow Ball|p1a: Gholdengo
|-damage|p1a: Gholdengo|0 fnt
|faint|p1a: Gholdengo
|
|-weather|none
|upkeep
|
|t:|1758951724
|switch|p1a: Zamazenta|Zamazenta|34/100
|turn|25
|
|t:|1758951731
|move|p1a: Zamazenta|Crunch|p2a: Gholdengo
|-supereffective|p2a: Gholdengo
|-damage|p2a: Gholdengo|35/100
|move|p2a: Gholdengo|Shadow Ball|p1a: Zamazenta
|-damage|p1a: Zamazenta|0 fnt
|faint|p1a: Zamazenta
|
|upkeep
|
|t:|1758951735
|switch|p1a: Rillaboom|Rillaboom, M|84/100
|-fieldstart|move: Grassy Terrain|[from] ability: Grassy Surge|[of] p1a: Rillaboom
|turn|26
|
|t:|1758951743
|move|p2a: Gholdengo|Make It Rain|p1a: Rillaboom
|-damage|p1a: Rillaboom|0 fnt
|-unboost|p2a: Gholdengo|spa|1
|faint|p1a: Rillaboom
|
|win|FizzyXD
|raw|stingraygucci's rating: 1419 &rarr; <strong>1402</strong><br />(-17 for losing)
|raw|FizzyXD's rating: 1463 &rarr; <strong>1480</strong><br />(+17 for winning)
|c|☆FizzyXD|Gg
|l|☆stingraygucci
|player|p1|
|l|☆FizzyXD
|player|p2|
|j|☆FizzyXD
|player|p2|FizzyXD|swimmerf-gen4dp|
