|j|☆megachamp100
|j|☆chin211
|t:|1759032563
|gametype|singles
|player|p1|megachamp100|marshal|1120
|player|p2|chin211|red|1164
|gen|9
|tier|[Gen 9] OU
|rated|
|rule|HP Percentage Mod: HP is shown in percentages
|rule|Endless Battle Clause: Forcing endless battles is banned
|rule|Species Clause: Limit one of each Pokémon
|rule|OHKO Clause: OHKO moves are banned
|rule|Evasion Items Clause: Evasion items are banned
|rule|Evasion Moves Clause: Evasion moves are banned
|rule|Evasion Abilities Clause: Evasion abilities are banned
|rule|Sleep Moves Clause: Sleep-inducing moves are banned
|clearpoke
|poke|p1|Ting-Lu|
|poke|p1|Latios, M|
|poke|p1|Empoleon, M|
|poke|p1|Forretress, M|
|poke|p1|Iron Moth|
|poke|p1|Iron Thorns|
|poke|p2|Suicune|
|poke|p2|Infernape, M|
|poke|p2|Toxtricity, M|
|poke|p2|Garchomp, M|
|poke|p2|Sceptile, F|
|poke|p2|Staraptor, F|
|teampreview
|inactive|Battle timer is ON: inactive players will automatically lose when time's up. (requested by chin211)
|
|t:|1759032576
|teamsize|p1|6
|teamsize|p2|6
|start
|switch|p1a: Forretress|Forretress, M, shiny|100/100
|switch|p2a: El Maxi|Staraptor, F, shiny|100/100
|-ability|p2a: El Maxi|Intimidate|boost
|-unboost|p1a: Forretress|atk|1
|turn|1
|
|t:|1759032597
|move|p2a: El Maxi|Dual Wingbeat|p1a: Forretress
|-damage|p1a: Forretress|90/100
|-damage|p2a: El Maxi|84/100|[from] item: Rocky Helmet|[of] p1a: Forretress
|-damage|p1a: Forretress|79/100
|-damage|p2a: El Maxi|68/100|[from] item: Rocky Helmet|[of] p1a: Forretress
|-hitcount|p1a: Forretress|2
|move|p1a: Forretress|Volt Switch|p2a: El Maxi
|-supereffective|p2a: El Maxi
|-damage|p2a: El Maxi|34/100
|inactive|megachamp100 has 120 seconds left.
|
|t:|1759032629
|switch|p1a: Latios|Latios, M, shiny|100/100|[from] Volt Switch
|
|upkeep
|turn|2
|
|t:|1759032640
|move|p1a: Latios|Luster Purge|p2a: El Maxi
|-damage|p2a: El Maxi|0 fnt
|faint|p2a: El Maxi
|
|upkeep
|
|t:|1759032648
|switch|p2a: El Fabi|Suicune, shiny|100/100
|turn|3
|
|t:|1759032657
|switch|p1a: Empoleon|Empoleon, M|100/100
|move|p2a: El Fabi|Ice Beam|p1a: Empoleon
|-resisted|p1a: Empoleon
|-crit|p1a: Empoleon
|-damage|p1a: Empoleon|96/100
|-status|p1a: Empoleon|frz
|
|upkeep
|turn|4
|
|t:|1759032670
|switch|p2a: Charles|Sceptile, F|100/100
|cant|p1a: Empoleon|frz
|
|upkeep
|turn|5
|
|t:|1759032679
|move|p2a: Charles|Leech Seed|p1a: Empoleon
|-start|p1a: Empoleon|move: Leech Seed
|cant|p1a: Empoleon|frz
|
|-damage|p1a: Empoleon|84/100 frz|[from] Leech Seed|[of] p2a: Charles
|upkeep
|turn|6
|
|t:|1759032684
|move|p2a: Charles|Solar Beam||[still]
|-prepare|p2a: Charles|Solar Beam
|-enditem|p2a: Charles|Power Herb
|-anim|p2a: Charles|Solar Beam|p1a: Empoleon
|-damage|p1a: Empoleon|58/100 frz
|cant|p1a: Empoleon|frz
|
|-damage|p1a: Empoleon|45/100 frz|[from] Leech Seed|[of] p2a: Charles
|upkeep
|turn|7
|
|t:|1759032693
|move|p2a: Charles|Thunder Punch|p1a: Empoleon
|-supereffective|p1a: Empoleon
|-damage|p1a: Empoleon|11/100 frz
|-curestatus|p1a: Empoleon|frz|[msg]
|move|p1a: Empoleon|Air Slash|p2a: Charles
|-supereffective|p2a: Charles
|-damage|p2a: Charles|41/100
|
|-damage|p1a: Empoleon|0 fnt|[from] Leech Seed|[of] p2a: Charles
|-heal|p2a: Charles|55/100|[silent]
|faint|p1a: Empoleon
|upkeep
|
|t:|1759032705
|switch|p1a: Latios|Latios, M, shiny|100/100
|turn|8
|
|t:|1759032713
|move|p1a: Latios|Luster Purge|p2a: Charles
|-damage|p2a: Charles|0 fnt
|faint|p2a: Charles
|
|upkeep
|
|t:|1759032725
|switch|p2a: El Fabi|Suicune, shiny|100/100
|turn|9
|
|t:|1759032732
|switch|p1a: Ting-Lu|Ting-Lu|100/100
|-ability|p1a: Ting-Lu|Vessel of Ruin
|move|p2a: El Fabi|Calm Mind|p2a: El Fabi
|-boost|p2a: El Fabi|spa|1
|-boost|p2a: El Fabi|spd|1
|
|upkeep
|turn|10
|
|t:|1759032739
|move|p2a: El Fabi|Hydro Pump|p1a: Ting-Lu
|-supereffective|p1a: Ting-Lu
|-crit|p1a: Ting-Lu
|-damage|p1a: Ting-Lu|28/100
|move|p1a: Ting-Lu|Ruination|p2a: El Fabi
|-damage|p2a: El Fabi|50/100
|
|-heal|p2a: El Fabi|57/100|[from] item: Leftovers
|upkeep
|turn|11
|
|t:|1759032752
|move|p2a: El Fabi|Ice Beam|p1a: Ting-Lu
|-supereffective|p1a: Ting-Lu
|-damage|p1a: Ting-Lu|5/100
|move|p1a: Ting-Lu|Ruination|p2a: El Fabi
|-damage|p2a: El Fabi|29/100
|
|-heal|p2a: El Fabi|35/100|[from] item: Leftovers
|upkeep
|turn|12
|
|t:|1759032758
|move|p2a: El Fabi|Ice Beam|p1a: Ting-Lu
|-supereffective|p1a: Ting-Lu
|-damage|p1a: Ting-Lu|0 fnt
|faint|p1a: Ting-Lu
|
|-heal|p2a: El Fabi|41/100|[from] item: Leftovers
|upkeep
|
|t:|1759032776
|switch|p1a: Iron Moth|Iron Moth, shiny|100/100
|turn|13
|inactive|chin211 has 120 seconds left.
|
|t:|1759032811
|-terastallize|p2a: El Fabi|Ground
|move|p1a: Iron Moth|Energy Ball|p2a: El Fabi
|-supereffective|p2a: El Fabi
|-damage|p2a: El Fabi|0 fnt
|faint|p2a: El Fabi
|
|upkeep
|
|t:|1759032820
|switch|p2a: El Tucu|Garchomp, M|100/100
|turn|14
|
|t:|1759032826
|-end|p1a: Iron Moth|Quark Drive|[silent]
|switch|p1a: Forretress|Forretress, M, shiny|79/100
|move|p2a: El Tucu|Earthquake|p1a: Forretress
|-damage|p1a: Forretress|53/100
|
|upkeep
|turn|15
|
|t:|1759032837
|switch|p2a: AlTEAmirano|Infernape, M|100/100
|move|p1a: Forretress|Pain Split|p2a: AlTEAmirano
|-sethp|p2a: AlTEAmirano|82/100|[from] move: Pain Split|[silent]
|-sethp|p1a: Forretress|68/100|[from] move: Pain Split
|
|upkeep
|turn|16
|
|t:|1759032848
|switch|p1a: Iron Thorns|Iron Thorns, shiny|100/100
|move|p2a: AlTEAmirano|Fire Punch|p1a: Iron Thorns
|-resisted|p1a: Iron Thorns
|-damage|p1a: Iron Thorns|91/100
|
|-heal|p1a: Iron Thorns|98/100|[from] item: Leftovers
|upkeep
|turn|17
|
|t:|1759032860
|switch|p2a: El Tucu|Garchomp, M|100/100
|-terastallize|p1a: Iron Thorns|Flying
|move|p1a: Iron Thorns|Earthquake|p2a: El Tucu
|-damage|p2a: El Tucu|69/100
|
|-heal|p2a: El Tucu|76/100|[from] item: Leftovers
|-heal|p1a: Iron Thorns|100/100|[from] item: Leftovers
|upkeep
|turn|18
|
|t:|1759032873
|move|p2a: El Tucu|Iron Head|p1a: Iron Thorns
|-damage|p1a: Iron Thorns|84/100
|move|p1a: Iron Thorns|Ice Punch|p2a: El Tucu
|-supereffective|p2a: El Tucu
|-damage|p2a: El Tucu|0 fnt
|-damage|p1a: Iron Thorns|71/100|[from] ability: Rough Skin|[of] p2a: El Tucu
|faint|p2a: El Tucu
|
|-heal|p1a: Iron Thorns|78/100|[from] item: Leftovers
|upkeep
|
|t:|1759032878
|switch|p2a: El Lea|Toxtricity, M|100/100
|-item|p2a: El Lea|Air Balloon
|turn|19
|
|t:|1759032899
|-end|p1a: Iron Thorns|Quark Drive|[silent]
|switch|p1a: Forretress|Forretress, M, shiny|68/100
|move|p2a: El Lea|Thunder|p1a: Forretress|[miss]
|-miss|p2a: El Lea|p1a: Forretress
|
|upkeep
|turn|20
|
|t:|1759032911
|move|p2a: El Lea|Electroweb|p1a: Forretress
|-damage|p1a: Forretress|18/100
|-unboost|p1a: Forretress|spe|1
|move|p1a: Forretress|Volt Switch|p2a: El Lea
|-resisted|p2a: El Lea
|-damage|p2a: El Lea|93/100
|-enditem|p2a: El Lea|Air Balloon
|
|t:|1759032922
|switch|p1a: Latios|Latios, M, shiny|100/100|[from] Volt Switch
|
|upkeep
|turn|21
|
|t:|1759032930
|move|p1a: Latios|Luster Purge|p2a: El Lea
|-supereffective|p2a: El Lea
|-damage|p2a: El Lea|0 fnt
|faint|p2a: El Lea
|
|upkeep
|
|t:|1759032932
|switch|p2a: AlTEAmirano|Infernape, M|82/100
|turn|22
|
|t:|1759032943
|move|p1a: Latios|Luster Purge|p2a: AlTEAmirano
|-supereffective|p2a: AlTEAmirano
|-damage|p2a: AlTEAmirano|0 fnt
|faint|p2a: AlTEAmirano
|
|win|megachamp100
|raw|megachamp100's rating: 1120 &rarr; <strong>1148</strong><br />(+28 for winning)
|raw|chin211's rating: 1164 &rarr; <strong>1136</strong><br />(-28 for losing)
|l|☆chin211
|player|p2|
|l|☆megachamp100
|player|p1|
