|j|☆Magijacks
|j|☆herewehaveanL
|t:|1758968666
|gametype|singles
|player|p1|Magijacks|265|1077
|player|p2|herewehaveanL|interviewers|1093
|gen|9
|tier|[Gen 9] OU
|rated|
|rule|HP Percentage Mod: HP is shown in percentages
|rule|Endless Battle Clause: Forcing endless battles is banned
|rule|Species Clause: Limit one of each Pokémon
|rule|OHKO Clause: OHKO moves are banned
|rule|Evasion Items Clause: Evasion items are banned
|rule|Evasion Moves Clause: Evasion moves are banned
|rule|Evasion Abilities Clause: Evasion abilities are banned
|rule|Sleep Moves Clause: Sleep-inducing moves are banned
|clearpoke
|poke|p1|Clodsire, F|
|poke|p1|Skeledirge, M|
|poke|p1|Snorlax, F|
|poke|p1|Corviknight, F|
|poke|p1|Slowking, M|
|poke|p1|Vigoroth, M|
|poke|p2|Ribombee, M|
|poke|p2|Zamazenta-*|
|poke|p2|Gholdengo|
|poke|p2|Great Tusk|
|poke|p2|Kingambit, M|
|poke|p2|Ogerpon-Wellspring, F|
|teampreview
|inactive|Battle timer is ON: inactive players will automatically lose when time's up. (requested by herewehaveanL)
|
|t:|1758968673
|teamsize|p1|6
|teamsize|p2|6
|start
|switch|p1a: Clodsire|Clodsire, F, shiny|100/100
|switch|p2a: Annoying thing|Ribombee, M, shiny|100/100
|turn|1
|
|t:|1758968686
|move|p2a: Annoying thing|Skill Swap|p1a: Clodsire
|-activate|p2a: Annoying thing|move: Skill Swap|Unaware|Honey Gather|[of] p1a: Clodsire
|move|p1a: Clodsire|Toxic|p2a: Annoying thing
|-status|p2a: Annoying thing|tox
|
|-damage|p2a: Annoying thing|94/100 tox|[from] psn
|upkeep
|turn|2
|
|t:|1758968709
|switch|p2a: Patootie|Ogerpon-Wellspring, F|100/100
|move|p1a: Clodsire|Stealth Rock|p2a: Patootie
|-sidestart|p2: herewehaveanL|move: Stealth Rock
|
|upkeep
|turn|3
|
|t:|1758968719
|move|p2a: Patootie|Horn Leech|p1a: Clodsire
|-damage|p1a: Clodsire|67/100
|move|p1a: Clodsire|Toxic|p2a: Patootie
|-status|p2a: Patootie|tox
|
|-heal|p1a: Clodsire|73/100|[from] item: Leftovers
|-damage|p2a: Patootie|95/100 tox|[from] psn
|upkeep
|turn|4
|
|t:|1758968728
|switch|p1a: Slowking|Slowking, M|100/100
|move|p2a: Patootie|Taunt|p1a: Slowking
|-start|p1a: Slowking|move: Taunt
|
|-damage|p2a: Patootie|83/100 tox|[from] psn
|upkeep
|turn|5
|
|t:|1758968746
|move|p2a: Patootie|Horn Leech|p1a: Slowking
|-supereffective|p1a: Slowking
|-damage|p1a: Slowking|39/100
|-heal|p2a: Patootie|100/100 tox|[from] drain|[of] p1a: Slowking
|move|p1a: Slowking|Psychic Noise|p2a: Patootie
|-damage|p2a: Patootie|71/100 tox
|-start|p2a: Patootie|move: Heal Block
|
|-heal|p1a: Slowking|45/100|[from] item: Leftovers
|-damage|p2a: Patootie|53/100 tox|[from] psn
|upkeep
|turn|6
|
|t:|1758968761
|switch|p2a: Annoying thing|Ribombee, M, shiny|94/100 tox
|-damage|p2a: Annoying thing|69/100 tox|[from] Stealth Rock
|move|p1a: Slowking|Psychic Noise|p2a: Annoying thing
|-damage|p2a: Annoying thing|25/100 tox
|-start|p2a: Annoying thing|move: Heal Block
|
|-heal|p1a: Slowking|51/100|[from] item: Leftovers
|-damage|p2a: Annoying thing|19/100 tox|[from] psn
|-end|p1a: Slowking|move: Taunt
|upkeep
|turn|7
|
|t:|1758968775
|move|p2a: Annoying thing|Sticky Web|p1a: Slowking
|-sidestart|p1: Magijacks|move: Sticky Web
|move|p1a: Slowking|Slack Off|p1a: Slowking
|-heal|p1a: Slowking|100/100
|
|-damage|p2a: Annoying thing|7/100 tox|[from] psn
|-end|p2a: Annoying thing|move: Heal Block
|upkeep
|turn|8
|
|t:|1758968792
|switch|p2a: Old vacuum|Great Tusk|100/100
|move|p1a: Slowking|Psychic Noise|p2a: Old vacuum
|-supereffective|p2a: Old vacuum
|-damage|p2a: Old vacuum|38/100
|-start|p2a: Old vacuum|move: Heal Block
|
|upkeep
|turn|9
|
|t:|1758968803
|move|p2a: Old vacuum|Rapid Spin|p1a: Slowking
|-damage|p1a: Slowking|90/100
|-boost|p2a: Old vacuum|spe|1
|-sideend|p2: herewehaveanL|Stealth Rock|[from] move: Rapid Spin|[of] p2a: Old vacuum
|move|p1a: Slowking|Scald|p2a: Old vacuum
|-supereffective|p2a: Old vacuum
|-damage|p2a: Old vacuum|0 fnt
|faint|p2a: Old vacuum
|-end|p2a: Old vacuum|Protosynthesis|[silent]
|
|-heal|p1a: Slowking|96/100|[from] item: Leftovers
|upkeep
|
|t:|1758968812
|switch|p2a: Patootie|Ogerpon-Wellspring, F|53/100 tox
|turn|10
|
|t:|1758968815
|move|p2a: Patootie|Horn Leech|p1a: Slowking
|-supereffective|p1a: Slowking
|-damage|p1a: Slowking|28/100
|-heal|p2a: Patootie|98/100 tox|[from] drain|[of] p1a: Slowking
|move|p1a: Slowking|Psychic Noise|p2a: Patootie
|-damage|p2a: Patootie|70/100 tox
|-start|p2a: Patootie|move: Heal Block
|
|-heal|p1a: Slowking|34/100|[from] item: Leftovers
|-damage|p2a: Patootie|64/100 tox|[from] psn
|upkeep
|turn|11
|
|t:|1758968828
|switch|p2a: we rich bois|Gholdengo, shiny|100/100
|-item|p2a: we rich bois|Air Balloon
|switch|p1a: Clodsire|Clodsire, F, shiny|73/100
|-activate|p1a: Clodsire|move: Sticky Web
|-unboost|p1a: Clodsire|spe|1
|
|-heal|p1a: Clodsire|79/100|[from] item: Leftovers
|upkeep
|turn|12
|
|t:|1758968836
|move|p2a: we rich bois|Nasty Plot|p2a: we rich bois
|-boost|p2a: we rich bois|spa|2
|move|p1a: Clodsire|Stealth Rock|p2a: we rich bois
|-sidestart|p2: herewehaveanL|move: Stealth Rock
|
|-heal|p1a: Clodsire|85/100|[from] item: Leftovers
|upkeep
|turn|13
|
|t:|1758968841
|switch|p1a: Skeledirge|Skeledirge, M|100/100
|-activate|p1a: Skeledirge|move: Sticky Web
|-unboost|p1a: Skeledirge|spe|1
|move|p2a: we rich bois|Nasty Plot|p2a: we rich bois
|-boost|p2a: we rich bois|spa|2
|
|upkeep
|turn|14
|
|t:|1758968851
|move|p2a: we rich bois|Shadow Ball|p1a: Skeledirge
|-supereffective|p1a: Skeledirge
|-damage|p1a: Skeledirge|35/100
|-unboost|p1a: Skeledirge|spd|1
|move|p1a: Skeledirge|Will-O-Wisp|p2a: we rich bois
|-immune|p2a: we rich bois|[from] ability: Good as Gold
|
|-heal|p1a: Skeledirge|41/100|[from] item: Leftovers
|upkeep
|turn|15
|
|t:|1758968862
|switch|p1a: Vigoroth|Vigoroth, M, shiny|100/100
|-activate|p1a: Vigoroth|move: Sticky Web
|-unboost|p1a: Vigoroth|spe|1
|move|p2a: we rich bois|Shadow Ball|p1a: Vigoroth
|-immune|p1a: Vigoroth
|
|upkeep
|turn|16
|
|t:|1758968870
|move|p2a: we rich bois|Make It Rain|p1a: Vigoroth
|-crit|p1a: Vigoroth
|-damage|p1a: Vigoroth|0 fnt
|-unboost|p2a: we rich bois|spa|1
|faint|p1a: Vigoroth
|
|upkeep
|
|t:|1758968880
|switch|p1a: Skeledirge|Skeledirge, M|41/100
|-activate|p1a: Skeledirge|move: Sticky Web
|-unboost|p1a: Skeledirge|spe|1
|turn|17
|
|t:|1758968884
|move|p2a: we rich bois|Shadow Ball|p1a: Skeledirge
|-supereffective|p1a: Skeledirge
|-damage|p1a: Skeledirge|0 fnt
|faint|p1a: Skeledirge
|
|upkeep
|
|t:|1758968890
|switch|p1a: Slowking|Slowking, M|67/100
|-activate|p1a: Slowking|move: Sticky Web
|-unboost|p1a: Slowking|spe|1
|turn|18
|
|t:|1758968895
|move|p2a: we rich bois|Shadow Ball|p1a: Slowking
|-supereffective|p1a: Slowking
|-damage|p1a: Slowking|0 fnt
|faint|p1a: Slowking
|
|upkeep
|
|t:|1758968898
|switch|p1a: Snorlax|Snorlax, F, shiny|100/100
|-activate|p1a: Snorlax|move: Sticky Web
|-unboost|p1a: Snorlax|spe|1
|turn|19
|
|t:|1758968907
|move|p2a: we rich bois|Make It Rain|p1a: Snorlax
|-damage|p1a: Snorlax|7/100
|-unboost|p2a: we rich bois|spa|1
|-enditem|p1a: Snorlax|Sitrus Berry|[eat]
|-heal|p1a: Snorlax|32/100|[from] item: Sitrus Berry
|move|p1a: Snorlax|Earthquake|p2a: we rich bois
|-immune|p2a: we rich bois
|
|upkeep
|turn|20
|-message|Magijacks forfeited.
|
|win|herewehaveanL
|raw|Magijacks's rating: 1077 &rarr; <strong>1056</strong><br />(-21 for losing)
|raw|herewehaveanL's rating: 1093 &rarr; <strong>1118</strong><br />(+25 for winning)
|l|☆Magijacks
|player|p1|
|l|☆herewehaveanL
|player|p2|
