|j|☆Evand26
|j|☆fabyanwet
|t:|1759032283
|gametype|singles
|player|p1|Evand26|2|1188
|player|p2|fabyanwet|red|1185
|gen|9
|tier|[Gen 9] OU
|rated|
|rule|HP Percentage Mod: HP is shown in percentages
|rule|Endless Battle Clause: Forcing endless battles is banned
|rule|Species Clause: Limit one of each Pokémon
|rule|OHKO Clause: OHKO moves are banned
|rule|Evasion Items Clause: Evasion items are banned
|rule|Evasion Moves Clause: Evasion moves are banned
|rule|Evasion Abilities Clause: Evasion abilities are banned
|rule|Sleep Moves Clause: Sleep-inducing moves are banned
|clearpoke
|poke|p1|Dragonite, M|
|poke|p1|Gholdengo|
|poke|p1|Regidrago|
|poke|p1|Scizor, M|
|poke|p1|Ting-Lu|
|poke|p1|Weezing-Galar, F|
|poke|p2|Cobalion|
|poke|p2|Lucario, M|
|poke|p2|Alcremie-Lemon-Cream, F|
|poke|p2|Volcanion|
|poke|p2|Eelektross, M|
|poke|p2|Ditto|
|teampreview
|inactive|Battle timer is ON: inactive players will automatically lose when time's up. (requested by Evand26)
|
|t:|1759032304
|teamsize|p1|6
|teamsize|p2|6
|start
|switch|p1a: Ting-Lu|Ting-Lu|100/100
|switch|p2a: Eelektross|Eelektross, M, shiny|100/100
|-ability|p1a: Ting-Lu|Vessel of Ruin
|turn|1
|
|t:|1759032312
|move|p1a: Ting-Lu|Stealth Rock|p2a: Eelektross
|-sidestart|p2: fabyanwet|move: Stealth Rock
|move|p2a: Eelektross|Knock Off|p1a: Ting-Lu
|-resisted|p1a: Ting-Lu
|-damage|p1a: Ting-Lu|93/100
|-enditem|p1a: Ting-Lu|Leftovers|[from] move: Knock Off|[of] p2a: Eelektross
|
|upkeep
|turn|2
|
|t:|1759032319
|move|p1a: Ting-Lu|Earthquake|p2a: Eelektross
|-immune|p2a: Eelektross|[from] ability: Levitate
|move|p2a: Eelektross|Dragon Tail|p1a: Ting-Lu
|-damage|p1a: Ting-Lu|86/100
|drag|p1a: Scizor|Scizor, M|100/100
|
|upkeep
|turn|3
|
|t:|1759032342
|move|p1a: Scizor|Knock Off|p2a: Eelektross
|-damage|p2a: Eelektross|41/100
|-enditem|p2a: Eelektross|Assault Vest|[from] move: Knock Off|[of] p1a: Scizor
|move|p2a: Eelektross|Knock Off|p1a: Scizor
|-damage|p1a: Scizor|71/100
|-enditem|p1a: Scizor|Choice Band|[from] move: Knock Off|[of] p2a: Eelektross
|
|upkeep
|turn|4
|
|t:|1759032351
|move|p1a: Scizor|U-turn|p2a: Eelektross
|-damage|p2a: Eelektross|0 fnt
|faint|p2a: Eelektross
|
|t:|1759032371
|switch|p1a: Regidrago|Regidrago|100/100|[from] U-turn
|
|upkeep
|
|t:|1759032376
|switch|p2a: Alcremie|Alcremie-Lemon-Cream, F, shiny|100/100
|-damage|p2a: Alcremie|88/100|[from] Stealth Rock
|turn|5
|inactive|Evand26 has 120 seconds left.
|
|t:|1759032398
|-terastallize|p1a: Regidrago|Steel
|move|p1a: Regidrago|Tera Blast|p2a: Alcremie|[anim] Tera Blast Steel
|-supereffective|p2a: Alcremie
|-damage|p2a: Alcremie|27/100
|move|p2a: Alcremie|Calm Mind|p2a: Alcremie
|-boost|p2a: Alcremie|spa|1
|-boost|p2a: Alcremie|spd|1
|
|-heal|p2a: Alcremie|33/100|[from] item: Leftovers
|upkeep
|turn|6
|
|t:|1759032414
|-terastallize|p2a: Alcremie|Steel
|move|p1a: Regidrago|Tera Blast|p2a: Alcremie|[anim] Tera Blast Steel
|-resisted|p2a: Alcremie
|-damage|p2a: Alcremie|23/100
|move|p2a: Alcremie|Draining Kiss|p1a: Regidrago
|-resisted|p1a: Regidrago
|-damage|p1a: Regidrago|84/100
|-heal|p2a: Alcremie|42/100|[from] drain|[of] p1a: Regidrago
|
|-heal|p2a: Alcremie|48/100|[from] item: Leftovers
|upkeep
|turn|7
|inactive|Evand26 has 120 seconds left.
|
|t:|1759032441
|switch|p1a: Weezing|Weezing-Galar, F|100/100
|-ability|p1a: Weezing|Neutralizing Gas
|move|p2a: Alcremie|Calm Mind|p2a: Alcremie
|-boost|p2a: Alcremie|spa|1
|-boost|p2a: Alcremie|spd|1
|
|-heal|p2a: Alcremie|54/100|[from] item: Leftovers
|upkeep
|turn|8
|
|t:|1759032465
|-end|p1a: Weezing|ability: Neutralizing Gas
|switch|p1a: Ting-Lu|Ting-Lu|86/100
|-ability|p1a: Ting-Lu|Vessel of Ruin
|move|p2a: Alcremie|Calm Mind|p2a: Alcremie
|-boost|p2a: Alcremie|spa|1
|-boost|p2a: Alcremie|spd|1
|
|-heal|p2a: Alcremie|60/100|[from] item: Leftovers
|upkeep
|turn|9
|
|t:|1759032477
|move|p2a: Alcremie|Draining Kiss|p1a: Ting-Lu
|-supereffective|p1a: Ting-Lu
|-damage|p1a: Ting-Lu|44/100
|-heal|p2a: Alcremie|100/100|[from] drain|[of] p1a: Ting-Lu
|move|p1a: Ting-Lu|Ruination|p2a: Alcremie|[miss]
|-miss|p1a: Ting-Lu|p2a: Alcremie
|
|upkeep
|turn|10
|
|t:|1759032485
|move|p2a: Alcremie|Draining Kiss|p1a: Ting-Lu
|-supereffective|p1a: Ting-Lu
|-damage|p1a: Ting-Lu|8/100
|move|p1a: Ting-Lu|Ruination|p2a: Alcremie
|-damage|p2a: Alcremie|50/100
|
|-heal|p2a: Alcremie|56/100|[from] item: Leftovers
|upkeep
|turn|11
|
|t:|1759032494
|move|p2a: Alcremie|Draining Kiss|p1a: Ting-Lu
|-supereffective|p1a: Ting-Lu
|-damage|p1a: Ting-Lu|0 fnt
|-heal|p2a: Alcremie|65/100|[from] drain|[of] p1a: Ting-Lu
|faint|p1a: Ting-Lu
|
|-heal|p2a: Alcremie|71/100|[from] item: Leftovers
|upkeep
|
|t:|1759032515
|switch|p1a: Scizor|Scizor, M|71/100
|turn|12
|
|t:|1759032529
|move|p1a: Scizor|Close Combat|p2a: Alcremie
|-supereffective|p2a: Alcremie
|-damage|p2a: Alcremie|0 fnt
|-unboost|p1a: Scizor|def|1
|-unboost|p1a: Scizor|spd|1
|faint|p2a: Alcremie
|
|upkeep
|
|t:|1759032543
|switch|p2a: Cobalion|Cobalion|100/100
|-damage|p2a: Cobalion|97/100|[from] Stealth Rock
|turn|13
|inactive|Evand26 has 120 seconds left.
|
|t:|1759032549
|move|p2a: Cobalion|Stealth Rock|p1a: Scizor
|-sidestart|p1: Evand26|move: Stealth Rock
|move|p1a: Scizor|Close Combat|p2a: Cobalion
|-supereffective|p2a: Cobalion
|-damage|p2a: Cobalion|31/100
|-unboost|p1a: Scizor|def|1
|-unboost|p1a: Scizor|spd|1
|-damage|p1a: Scizor|54/100|[from] item: Rocky Helmet|[of] p2a: Cobalion
|
|upkeep
|turn|14
|
|t:|1759032561
|move|p2a: Cobalion|Body Press|p1a: Scizor
|-crit|p1a: Scizor
|-damage|p1a: Scizor|0 fnt
|faint|p1a: Scizor
|
|upkeep
|
|t:|1759032569
|switch|p1a: Weezing|Weezing-Galar, F|100/100
|-ability|p1a: Weezing|Neutralizing Gas
|turn|15
|
|t:|1759032577
|move|p2a: Cobalion|Iron Head|p1a: Weezing
|-supereffective|p1a: Weezing
|-damage|p1a: Weezing|68/100
|move|p1a: Weezing|Will-O-Wisp|p2a: Cobalion
|-status|p2a: Cobalion|brn
|
|-damage|p2a: Cobalion|25/100 brn|[from] brn
|upkeep
|turn|16
|
|t:|1759032586
|move|p2a: Cobalion|Iron Defense|p2a: Cobalion
|-boost|p2a: Cobalion|def|2
|move|p1a: Weezing|Sludge Bomb|p2a: Cobalion
|-immune|p2a: Cobalion
|
|-damage|p2a: Cobalion|18/100 brn|[from] brn
|upkeep
|turn|17
|
|t:|1759032599
|move|p2a: Cobalion|Iron Head|p1a: Weezing
|-supereffective|p1a: Weezing
|-damage|p1a: Weezing|51/100
|cant|p1a: Weezing|flinch
|
|-damage|p2a: Cobalion|12/100 brn|[from] brn
|upkeep
|turn|18
|
|t:|1759032613
|move|p2a: Cobalion|Iron Head|p1a: Weezing
|-supereffective|p1a: Weezing
|-damage|p1a: Weezing|34/100
|cant|p1a: Weezing|flinch
|
|-damage|p2a: Cobalion|6/100 brn|[from] brn
|upkeep
|turn|19
|
|t:|1759032621
|move|p2a: Cobalion|Iron Head|p1a: Weezing
|-supereffective|p1a: Weezing
|-damage|p1a: Weezing|18/100
|move|p1a: Weezing|Will-O-Wisp|p2a: Cobalion
|-fail|p2a: Cobalion|brn
|
|-damage|p2a: Cobalion|0 fnt|[from] brn
|faint|p2a: Cobalion
|upkeep
|
|t:|1759032630
|switch|p2a: Lucario|Lucario, M, shiny|100/100
|-damage|p2a: Lucario|98/100|[from] Stealth Rock
|turn|20
|
|t:|1759032636
|move|p2a: Lucario|Bullet Punch|p1a: Weezing
|-supereffective|p1a: Weezing
|-damage|p1a: Weezing|0 fnt
|faint|p1a: Weezing
|-end|p1a: Weezing|ability: Neutralizing Gas
|
|upkeep
|
|t:|1759032647
|switch|p1a: Dragonite|Dragonite, M|100/100
|turn|21
|
|t:|1759032656
|move|p2a: Lucario|Swords Dance|p2a: Lucario
|-boost|p2a: Lucario|atk|2
|move|p1a: Dragonite|Earthquake|p2a: Lucario
|-supereffective|p2a: Lucario
|-damage|p2a: Lucario|0 fnt
|faint|p2a: Lucario
|
|upkeep
|
|t:|1759032669
|switch|p2a: Ditto|Ditto, shiny|100/100
|-damage|p2a: Ditto|88/100|[from] Stealth Rock
|-transform|p2a: Ditto|p1a: Dragonite|[from] ability: Imposter
|turn|22
|
|t:|1759032679
|move|p2a: Ditto|Extreme Speed|p1a: Dragonite
|-damage|p1a: Dragonite|84/100
|move|p1a: Dragonite|Dragon Dance|p1a: Dragonite
|-boost|p1a: Dragonite|atk|1
|-boost|p1a: Dragonite|spe|1
|
|upkeep
|turn|23
|
|t:|1759032686
|switch|p2a: Volcanion|Volcanion|100/100
|move|p1a: Dragonite|Dragon Dance|p1a: Dragonite
|-boost|p1a: Dragonite|atk|1
|-boost|p1a: Dragonite|spe|1
|
|upkeep
|turn|24
|
|t:|1759032693
|move|p1a: Dragonite|Extreme Speed|p2a: Volcanion
|-damage|p2a: Volcanion|56/100
|move|p2a: Volcanion|Sludge Wave|p1a: Dragonite
|-damage|p1a: Dragonite|54/100
|
|upkeep
|turn|25
|
|t:|1759032701
|move|p1a: Dragonite|Extreme Speed|p2a: Volcanion
|-damage|p2a: Volcanion|13/100
|move|p2a: Volcanion|Sludge Wave|p1a: Dragonite
|-damage|p1a: Dragonite|19/100
|
|upkeep
|turn|26
|
|t:|1759032708
|move|p1a: Dragonite|Roost|p1a: Dragonite
|-heal|p1a: Dragonite|70/100
|-singleturn|p1a: Dragonite|move: Roost
|move|p2a: Volcanion|Sludge Wave|p1a: Dragonite
|-damage|p1a: Dragonite|40/100
|
|upkeep
|turn|27
|
|t:|1759032716
|move|p1a: Dragonite|Roost|p1a: Dragonite
|-heal|p1a: Dragonite|90/100
|-singleturn|p1a: Dragonite|move: Roost
|move|p2a: Volcanion|Sludge Wave|p1a: Dragonite
|-damage|p1a: Dragonite|60/100
|-status|p1a: Dragonite|psn
|
|-damage|p1a: Dragonite|47/100 psn|[from] psn
|upkeep
|turn|28
|
|t:|1759032727
|move|p1a: Dragonite|Extreme Speed|p2a: Volcanion
|-damage|p2a: Volcanion|0 fnt
|faint|p2a: Volcanion
|
|-damage|p1a: Dragonite|35/100 psn|[from] psn
|upkeep
|
|t:|1759032735
|switch|p2a: Ditto|Ditto, shiny|88/100
|-damage|p2a: Ditto|76/100|[from] Stealth Rock
|-transform|p2a: Ditto|p1a: Dragonite|[from] ability: Imposter
|turn|29
|
|t:|1759032747
|move|p1a: Dragonite|Extreme Speed|p2a: Ditto
|-damage|p2a: Ditto|4/100
|move|p2a: Ditto|Earthquake|p1a: Dragonite
|-immune|p1a: Dragonite
|
|-damage|p1a: Dragonite|23/100 psn|[from] psn
|upkeep
|turn|30
|-message|fabyanwet forfeited.
|
|win|Evand26
|raw|Evand26's rating: 1188 &rarr; <strong>1213</strong><br />(+25 for winning)
|raw|fabyanwet's rating: 1185 &rarr; <strong>1160</strong><br />(-25 for losing)
|l|☆fabyanwet
|player|p2|
|l|☆Evand26
|player|p1|
