|j|☆asukapower
|j|☆pokemaster rico
|t:|1758937392
|gametype|singles
|player|p1|asukapower|101|1125
|player|p2|pokemaster rico|169|1073
|gen|9
|tier|[Gen 9] OU
|rated|
|rule|HP Percentage Mod: HP is shown in percentages
|rule|Endless Battle Clause: Forcing endless battles is banned
|rule|Species Clause: Limit one of each Pokémon
|rule|OHKO Clause: OHKO moves are banned
|rule|Evasion Items Clause: Evasion items are banned
|rule|Evasion Moves Clause: Evasion moves are banned
|rule|Evasion Abilities Clause: Evasion abilities are banned
|rule|Sleep Moves Clause: Sleep-inducing moves are banned
|clearpoke
|poke|p1|Serperior, F|
|poke|p1|Dragonite, F|
|poke|p1|Gliscor, F|
|poke|p1|Corviknight, F|
|poke|p1|Ting-Lu|
|poke|p1|Tinkaton, F|
|poke|p2|Brambleghast, F|
|poke|p2|Magmar, F|
|poke|p2|Gardevoir, M|
|poke|p2|Hitmonlee, M|
|poke|p2|Orthworm, M|
|poke|p2|Cramorant, M|
|teampreview
|
|t:|1758937403
|teamsize|p1|6
|teamsize|p2|6
|start
|switch|p1a: Allita|Dragonite, F|100/100
|switch|p2a: Brambleghast|Brambleghast, F, shiny|100/100
|turn|1
|
|t:|1758937412
|move|p2a: Brambleghast|Curse|p1a: Allita
|-start|p1a: Allita|Curse|[of] p2a: Brambleghast
|-damage|p2a: Brambleghast|50/100
|move|p1a: Allita|Dragon Dance|p1a: Allita
|-boost|p1a: Allita|atk|1
|-boost|p1a: Allita|spe|1
|
|-damage|p1a: Allita|76/100|[from] Curse
|upkeep
|turn|2
|
|t:|1758937421
|move|p1a: Allita|Earthquake|p2a: Brambleghast
|-resisted|p2a: Brambleghast
|-damage|p2a: Brambleghast|16/100
|move|p2a: Brambleghast|Strength Sap|p1a: Allita
|-unboost|p1a: Allita|atk|1
|-heal|p2a: Brambleghast|100/100
|
|-damage|p1a: Allita|51/100|[from] Curse
|upkeep
|turn|3
|
|t:|1758937434
|switch|p1a: Raiara Jato|Gliscor, F, shiny|100/100
|move|p2a: Brambleghast|Leech Seed|p1a: Raiara Jato
|-start|p1a: Raiara Jato|move: Leech Seed
|
|-damage|p1a: Raiara Jato|88/100|[from] Leech Seed|[of] p2a: Brambleghast
|-status|p1a: Raiara Jato|tox|[from] item: Toxic Orb
|upkeep
|turn|4
|
|t:|1758937444
|move|p2a: Brambleghast|Curse|p1a: Raiara Jato
|-start|p1a: Raiara Jato|Curse|[of] p2a: Brambleghast
|-damage|p2a: Brambleghast|50/100
|move|p1a: Raiara Jato|Toxic Spikes|p2a: Brambleghast
|-sidestart|p2: pokemaster rico|move: Toxic Spikes
|
|-damage|p1a: Raiara Jato|75/100 tox|[from] Leech Seed|[of] p2a: Brambleghast
|-heal|p2a: Brambleghast|65/100|[silent]
|-heal|p1a: Raiara Jato|88/100 tox|[from] ability: Poison Heal
|-damage|p1a: Raiara Jato|63/100 tox|[from] Curse
|upkeep
|turn|5
|inactive|Battle timer is ON: inactive players will automatically lose when time's up. (requested by asukapower)
|
|t:|1758937455
|move|p2a: Brambleghast|Rapid Spin|p1a: Raiara Jato
|-damage|p1a: Raiara Jato|54/100 tox
|-boost|p2a: Brambleghast|spe|1
|-sideend|p2: pokemaster rico|Toxic Spikes|[from] move: Rapid Spin|[of] p2a: Brambleghast
|move|p1a: Raiara Jato|Toxic Spikes|p2a: Brambleghast
|-sidestart|p2: pokemaster rico|move: Toxic Spikes
|
|-damage|p1a: Raiara Jato|41/100 tox|[from] Leech Seed|[of] p2a: Brambleghast
|-heal|p2a: Brambleghast|79/100|[silent]
|-heal|p1a: Raiara Jato|54/100 tox|[from] ability: Poison Heal
|-damage|p1a: Raiara Jato|29/100 tox|[from] Curse
|upkeep
|turn|6
|
|t:|1758937467
|move|p2a: Brambleghast|Rapid Spin|p1a: Raiara Jato
|-damage|p1a: Raiara Jato|20/100 tox
|-boost|p2a: Brambleghast|spe|1
|-sideend|p2: pokemaster rico|Toxic Spikes|[from] move: Rapid Spin|[of] p2a: Brambleghast
|move|p1a: Raiara Jato|Knock Off|p2a: Brambleghast
|-supereffective|p2a: Brambleghast
|-damage|p2a: Brambleghast|19/100
|-enditem|p2a: Brambleghast|Focus Sash|[from] move: Knock Off|[of] p1a: Raiara Jato
|
|-damage|p1a: Raiara Jato|7/100 tox|[from] Leech Seed|[of] p2a: Brambleghast
|-heal|p2a: Brambleghast|33/100|[silent]
|-heal|p1a: Raiara Jato|20/100 tox|[from] ability: Poison Heal
|-damage|p1a: Raiara Jato|0 fnt|[from] Curse
|faint|p1a: Raiara Jato
|upkeep
|inactive|asukapower has 120 seconds left.
|
|t:|1758937510
|switch|p1a: Bradadora Nil|Corviknight, F|100/100
|-ability|p1a: Bradadora Nil|Pressure
|turn|7
|
|t:|1758937516
|move|p2a: Brambleghast|Strength Sap|p1a: Bradadora Nil
|-unboost|p1a: Bradadora Nil|atk|1
|-heal|p2a: Brambleghast|99/100
|move|p1a: Bradadora Nil|Brave Bird|p2a: Brambleghast
|-supereffective|p2a: Brambleghast
|-damage|p2a: Brambleghast|30/100
|-damage|p1a: Bradadora Nil|81/100|[from] Recoil
|
|upkeep
|turn|8
|
|t:|1758937533
|move|p2a: Brambleghast|Curse|p1a: Bradadora Nil
|-start|p1a: Bradadora Nil|Curse|[of] p2a: Brambleghast
|-damage|p2a: Brambleghast|0 fnt
|faint|p2a: Brambleghast
|move|p1a: Bradadora Nil|Brave Bird|p2: Brambleghast|[notarget]
|-fail|p1a: Bradadora Nil
|
|-damage|p1a: Bradadora Nil|56/100|[from] Curse
|upkeep
|
|t:|1758937543
|switch|p2a: Magmar|Magmar, F, shiny|100/100
|turn|9
|
|t:|1758937549
|switch|p1a: Ting-Luize|Ting-Lu|100/100
|-ability|p1a: Ting-Luize|Vessel of Ruin
|move|p2a: Magmar|Belly Drum|p2a: Magmar
|-damage|p2a: Magmar|51/100
|-setboost|p2a: Magmar|atk|6|[from] move: Belly Drum
|
|upkeep
|turn|10
|
|t:|1758937562
|-terastallize|p1a: Ting-Luize|Ghost
|move|p2a: Magmar|Giga Impact|p1a: Ting-Luize
|-immune|p1a: Ting-Luize
|move|p1a: Ting-Luize|Earthquake|p2a: Magmar
|-supereffective|p2a: Magmar
|-damage|p2a: Magmar|0 fnt
|faint|p2a: Magmar
|
|upkeep
|
|t:|1758937573
|switch|p2a: Hitmonlee|Hitmonlee, M, shiny|100/100
|turn|11
|
|t:|1758937581
|move|p2a: Hitmonlee|Bulk Up|p2a: Hitmonlee
|-boost|p2a: Hitmonlee|atk|1
|-boost|p2a: Hitmonlee|def|1
|move|p1a: Ting-Luize|Earthquake|p2a: Hitmonlee
|-damage|p2a: Hitmonlee|46/100
|-enditem|p2a: Hitmonlee|Red Card|[of] p1a: Ting-Luize
|drag|p1a: Edna Cinturão|Serperior, F|100/100
|
|upkeep
|turn|12
|
|t:|1758937591
|move|p2a: Hitmonlee|Poison Jab|p1a: Edna Cinturão
|-supereffective|p1a: Edna Cinturão
|-crit|p1a: Edna Cinturão
|-damage|p1a: Edna Cinturão|0 fnt
|faint|p1a: Edna Cinturão
|
|upkeep
|
|t:|1758937604
|switch|p1a: Bradadora Nil|Corviknight, F|56/100
|-ability|p1a: Bradadora Nil|Pressure
|turn|13
|
|t:|1758937611
|move|p2a: Hitmonlee|Close Combat|p1a: Bradadora Nil
|-damage|p1a: Bradadora Nil|0 fnt
|-unboost|p2a: Hitmonlee|def|1
|-unboost|p2a: Hitmonlee|spd|1
|-damage|p2a: Hitmonlee|29/100|[from] item: Rocky Helmet|[of] p1a: Bradadora Nil
|faint|p1a: Bradadora Nil
|
|upkeep
|
|t:|1758937624
|switch|p1a: Ting-Luize|Ting-Lu, tera:Ghost|100/100
|-ability|p1a: Ting-Luize|Vessel of Ruin
|turn|14
|
|t:|1758937633
|-terastallize|p2a: Hitmonlee|Dark
|move|p2a: Hitmonlee|Knock Off|p1a: Ting-Luize
|-supereffective|p1a: Ting-Luize
|-damage|p1a: Ting-Luize|8/100
|-enditem|p1a: Ting-Luize|Leftovers|[from] move: Knock Off|[of] p2a: Hitmonlee
|move|p1a: Ting-Luize|Earthquake|p2a: Hitmonlee
|-damage|p2a: Hitmonlee|0 fnt
|faint|p2a: Hitmonlee
|
|upkeep
|
|t:|1758937644
|switch|p2a: Gardevoir|Gardevoir, M, shiny|100/100
|-ability|p2a: Gardevoir|Vessel of Ruin|Trace|[from] ability: Trace|[of] p1a: Ting-Luize
|-ability|p2a: Gardevoir|Vessel of Ruin
|turn|15
|
|t:|1758937652
|move|p2a: Gardevoir|Charge Beam|p1a: Ting-Luize
|-damage|p1a: Ting-Luize|0 fnt
|-boost|p2a: Gardevoir|spa|1
|faint|p1a: Ting-Luize
|
|upkeep
|
|t:|1758937658
|switch|p1a: Poppy Anã|Tinkaton, F|100/100
|-ability|p1a: Poppy Anã|Mold Breaker
|turn|16
|
|t:|1758937664
|move|p2a: Gardevoir|Mystical Fire|p1a: Poppy Anã
|-supereffective|p1a: Poppy Anã
|-damage|p1a: Poppy Anã|68/100
|-unboost|p1a: Poppy Anã|spa|1
|move|p1a: Poppy Anã|Gigaton Hammer|p2a: Gardevoir
|-supereffective|p2a: Gardevoir
|-damage|p2a: Gardevoir|0 fnt
|faint|p2a: Gardevoir
|
|upkeep
|
|t:|1758937674
|switch|p2a: Orthworm|Orthworm, M, shiny|100/100
|turn|17
|
|t:|1758937678
|move|p1a: Poppy Anã|Knock Off|p2a: Orthworm
|-damage|p2a: Orthworm|87/100
|-damage|p1a: Poppy Anã|52/100|[from] item: Rocky Helmet|[of] p2a: Orthworm
|-enditem|p2a: Orthworm|Rocky Helmet|[from] move: Knock Off|[of] p1a: Poppy Anã
|move|p2a: Orthworm|Coil|p2a: Orthworm
|-boost|p2a: Orthworm|atk|1
|-boost|p2a: Orthworm|def|1
|-boost|p2a: Orthworm|accuracy|1
|
|upkeep
|turn|18
|
|t:|1758937693
|move|p1a: Poppy Anã|Gigaton Hammer|p2a: Orthworm
|-resisted|p2a: Orthworm
|-damage|p2a: Orthworm|77/100
|move|p2a: Orthworm|Earthquake|p1a: Poppy Anã
|-supereffective|p1a: Poppy Anã
|-damage|p1a: Poppy Anã|0 fnt
|faint|p1a: Poppy Anã
|
|upkeep
|
|t:|1758937700
|switch|p1a: Allita|Dragonite, F|51/100
|turn|19
|
|t:|1758937708
|move|p1a: Allita|Roost|p1a: Allita
|-heal|p1a: Allita|100/100
|-singleturn|p1a: Allita|move: Roost
|move|p2a: Orthworm|Iron Head|p1a: Allita
|-damage|p1a: Allita|81/100
|
|upkeep
|turn|20
|
|t:|1758937720
|move|p1a: Allita|Dragon Dance|p1a: Allita
|-boost|p1a: Allita|atk|1
|-boost|p1a: Allita|spe|1
|move|p2a: Orthworm|Iron Head|p1a: Allita
|-damage|p1a: Allita|40/100
|
|upkeep
|turn|21
|
|t:|1758937737
|move|p1a: Allita|Roost|p1a: Allita
|-heal|p1a: Allita|90/100
|-singleturn|p1a: Allita|move: Roost
|move|p2a: Orthworm|Iron Head|p1a: Allita
|-damage|p1a: Allita|50/100
|
|upkeep
|turn|22
|
|t:|1758937745
|move|p1a: Allita|Earthquake|p2a: Orthworm
|-heal|p2a: Orthworm|100/100|[from] ability: Earth Eater|[of] p1a: Allita
|move|p2a: Orthworm|Coil|p2a: Orthworm
|-boost|p2a: Orthworm|atk|1
|-boost|p2a: Orthworm|def|1
|-boost|p2a: Orthworm|accuracy|1
|
|upkeep
|turn|23
|inactive|asukapower has 120 seconds left.
|inactive|asukapower has 90 seconds left.
|inactive|asukapower has 60 seconds left.
|inactive|asukapower has 30 seconds left.
|inactive|asukapower has 20 seconds left.
|inactive|asukapower has 15 seconds left.
|inactive|asukapower has 10 seconds left.
|inactive|asukapower has 5 seconds left.
|-message|asukapower lost due to inactivity.
|
|win|pokemaster rico
|raw|asukapower's rating: 1125 &rarr; <strong>1096</strong><br />(-29 for losing)
|raw|pokemaster rico's rating: 1073 &rarr; <strong>1106</strong><br />(+33 for winning)
|l|☆pokemaster rico
|player|p2|
|l|☆asukapower
|player|p1|
