|j|☆JD Doggin'
|j|☆iRainbo_ots
|t:|1758999135
|gametype|singles
|player|p1|JD Doggin'|102|1049
|player|p2|iRainbo_ots|iris|1073
|gen|9
|tier|[Gen 9] OU
|rated|
|rule|HP Percentage Mod: HP is shown in percentages
|rule|Endless Battle Clause: Forcing endless battles is banned
|rule|Species Clause: Limit one of each Pokémon
|rule|OHKO Clause: OHKO moves are banned
|rule|Evasion Items Clause: Evasion items are banned
|rule|Evasion Moves Clause: Evasion moves are banned
|rule|Evasion Abilities Clause: Evasion abilities are banned
|rule|Sleep Moves Clause: Sleep-inducing moves are banned
|clearpoke
|poke|p1|Malamar, F|
|poke|p1|Darkrai|
|poke|p1|Scyther, F|
|poke|p1|Hawlucha, M|
|poke|p1|Deoxys-Speed|
|poke|p1|Ceruledge, F|
|poke|p2|Alcremie-Matcha-Cream, F|
|poke|p2|Appletun, M|
|poke|p2|Exeggcute, M|
|poke|p2|Scovillain, M|
|poke|p2|Dachsbun, M|
|poke|p2|Tatsugiri-Stretchy, F|
|teampreview
|
|t:|1758999152
|teamsize|p1|6
|teamsize|p2|6
|start
|switch|p1a: Speeder|Deoxys-Speed|100/100
|switch|p2a: Pie|Appletun, M|100/100
|-ability|p1a: Speeder|Pressure
|turn|1
|inactive|Battle timer is ON: inactive players will automatically lose when time's up. (requested by JD Doggin')
|inactive|JD Doggin' has 120 seconds left.
|
|t:|1758999188
|move|p1a: Speeder|Nasty Plot|p1a: Speeder
|-boost|p1a: Speeder|spa|2
|move|p2a: Pie|Iron Defense|p2a: Pie
|-boost|p2a: Pie|def|2
|
|upkeep
|turn|2
|
|t:|1758999199
|-terastallize|p2a: Pie|Steel
|move|p1a: Speeder|Ice Beam|p2a: Pie
|-resisted|p2a: Pie
|-damage|p2a: Pie|88/100
|move|p2a: Pie|Body Press|p1a: Speeder
|-resisted|p1a: Speeder
|-damage|p1a: Speeder|67/100
|
|-heal|p2a: Pie|94/100|[from] item: Leftovers
|upkeep
|turn|3
|
|t:|1758999208
|move|p1a: Speeder|Thunderbolt|p2a: Pie
|-crit|p2a: Pie
|-damage|p2a: Pie|22/100
|move|p2a: Pie|Apple Acid|p1a: Speeder
|-damage|p1a: Speeder|27/100
|-unboost|p1a: Speeder|spd|1
|
|-heal|p2a: Pie|28/100|[from] item: Leftovers
|upkeep
|turn|4
|
|t:|1758999231
|switch|p2a: Yolks|Exeggcute, M|100/100
|move|p1a: Speeder|Thunderbolt|p2a: Yolks
|-resisted|p2a: Yolks
|-damage|p2a: Yolks|43/100
|
|upkeep
|turn|5
|
|t:|1758999238
|move|p1a: Speeder|Thunderbolt|p2a: Yolks
|-resisted|p2a: Yolks
|-damage|p2a: Yolks|0 fnt
|faint|p2a: Yolks
|
|upkeep
|
|t:|1758999248
|switch|p2a: Jalapena-Habanero|Scovillain, M|100/100
|turn|6
|inactive|JD Doggin' has 120 seconds left.
|
|t:|1758999307
|move|p1a: Speeder|Ice Beam|p2a: Jalapena-Habanero
|-damage|p2a: Jalapena-Habanero|12/100
|move|p2a: Jalapena-Habanero|Spicy Extract|p1a: Speeder
|-boost|p1a: Speeder|atk|2
|-unboost|p1a: Speeder|def|2
|-enditem|p2a: Jalapena-Habanero|Mirror Herb
|-boost|p2a: Jalapena-Habanero|atk|2|[from] item: Mirror Herb
|
|upkeep
|turn|7
|inactive|JD Doggin' has 90 seconds left.
|
|t:|1758999341
|move|p1a: Speeder|Ice Beam|p2a: Jalapena-Habanero
|-damage|p2a: Jalapena-Habanero|0 fnt
|faint|p2a: Jalapena-Habanero
|
|upkeep
|
|t:|1758999346
|switch|p2a: Shoyu|Tatsugiri-Stretchy, F|100/100
|turn|8
|
|t:|1758999352
|move|p1a: Speeder|Ice Beam|p2a: Shoyu
|-damage|p2a: Shoyu|31/100
|move|p2a: Shoyu|Draco Meteor|p1a: Speeder
|-damage|p1a: Speeder|0 fnt
|-unboost|p2a: Shoyu|spa|2
|faint|p1a: Speeder
|
|upkeep
|inactive|JD Doggin' has 60 seconds left.
|inactive|JD Doggin' has 30 seconds left.
|inactive|JD Doggin' has 20 seconds left.
|inactive|JD Doggin' has 15 seconds left.
|
|t:|1758999427
|switch|p1a: Hawlucha|Hawlucha, M|100/100
|-ability|p1a: Hawlucha|Mold Breaker
|turn|9
|inactive|JD Doggin' has 25 seconds left this turn.
|
|t:|1758999432
|move|p2a: Shoyu|Draco Meteor|p1a: Hawlucha
|-damage|p1a: Hawlucha|44/100
|-unboost|p2a: Shoyu|spa|2
|move|p1a: Hawlucha|Acrobatics|p2a: Shoyu
|-damage|p2a: Shoyu|0 fnt
|faint|p2a: Shoyu
|
|upkeep
|
|t:|1758999444
|switch|p2a: Pie|Appletun, M, tera:Steel|28/100
|turn|10
|inactive|JD Doggin' has 30 seconds left.
|
|t:|1758999456
|move|p1a: Hawlucha|Close Combat|p2a: Pie
|-supereffective|p2a: Pie
|-damage|p2a: Pie|0 fnt
|-unboost|p1a: Hawlucha|def|1
|-unboost|p1a: Hawlucha|spd|1
|faint|p2a: Pie
|
|upkeep
|
|t:|1758999465
|switch|p2a: Matcha|Alcremie-Matcha-Cream, F|100/100
|turn|11
|inactive|JD Doggin' has 30 seconds left.
|
|t:|1758999483
|move|p1a: Hawlucha|Acrobatics|p2a: Matcha
|-damage|p2a: Matcha|44/100
|move|p2a: Matcha|Alluring Voice|p1a: Hawlucha
|-supereffective|p1a: Hawlucha
|-damage|p1a: Hawlucha|0 fnt
|faint|p1a: Hawlucha
|
|upkeep
|inactive|JD Doggin' has 30 seconds left.
|inactive|JD Doggin' has 20 seconds left.
|inactive|JD Doggin' has 15 seconds left.
|inactive|JD Doggin' has 10 seconds left.
|
|t:|1758999513
|switch|p1a: The Goat|Ceruledge, F|100/100
|turn|12
|inactive|JD Doggin' has 20 seconds left this turn.
|inactive|JD Doggin' has 15 seconds left.
|
|t:|1758999525
|move|p1a: The Goat|Poltergeist|p2a: Matcha
|-activate|p2a: Matcha|move: Poltergeist|Assault Vest
|-damage|p2a: Matcha|0 fnt
|faint|p2a: Matcha
|
|upkeep
|
|t:|1758999532
|switch|p2a: Hotdog|Dachsbun, M|100/100
|turn|13
|inactive|JD Doggin' has 30 seconds left this turn.
|
|t:|1758999539
|switch|p1a: Darkrai|Darkrai|100/100
|move|p2a: Hotdog|Crunch|p1a: Darkrai
|-resisted|p1a: Darkrai
|-damage|p1a: Darkrai|87/100
|
|upkeep
|turn|14
|
|t:|1758999546
|move|p1a: Darkrai|Trick|p2a: Hotdog
|-activate|p1a: Darkrai|move: Trick|[of] p2a: Hotdog
|-item|p2a: Hotdog|Choice Scarf|[from] move: Trick
|-item|p1a: Darkrai|Weakness Policy|[from] move: Trick
|move|p2a: Hotdog|Play Rough|p1a: Darkrai
|-supereffective|p1a: Darkrai
|-damage|p1a: Darkrai|0 fnt
|faint|p1a: Darkrai
|
|upkeep
|inactive|JD Doggin' has 30 seconds left.
|
|t:|1758999561
|switch|p1a: Malamar|Malamar, F|100/100
|turn|15
|
|t:|1758999565
|move|p2a: Hotdog|Play Rough|p1a: Malamar
|-supereffective|p1a: Malamar
|-damage|p1a: Malamar|4/100
|move|p1a: Malamar|Superpower|p2a: Hotdog
|-resisted|p2a: Hotdog
|-damage|p2a: Hotdog|82/100
|-boost|p1a: Malamar|atk|1
|-boost|p1a: Malamar|def|1
|
|upkeep
|turn|16
|
|t:|1758999573
|move|p2a: Hotdog|Play Rough|p1a: Malamar|[miss]
|-miss|p2a: Hotdog|p1a: Malamar
|move|p1a: Malamar|Superpower|p2a: Hotdog
|-resisted|p2a: Hotdog
|-damage|p2a: Hotdog|53/100
|-boost|p1a: Malamar|atk|1
|-boost|p1a: Malamar|def|1
|
|upkeep
|turn|17
|
|t:|1758999581
|move|p2a: Hotdog|Play Rough|p1a: Malamar
|-supereffective|p1a: Malamar
|-damage|p1a: Malamar|0 fnt
|faint|p1a: Malamar
|
|upkeep
|
|t:|1758999592
|switch|p1a: The Goat|Ceruledge, F|100/100
|turn|18
|
|t:|1758999595
|move|p2a: Hotdog|Play Rough|p1a: The Goat|[miss]
|-miss|p2a: Hotdog|p1a: The Goat
|move|p1a: The Goat|Swords Dance|p1a: The Goat
|-boost|p1a: The Goat|atk|2
|
|upkeep
|turn|19
|
|t:|1758999601
|move|p2a: Hotdog|Play Rough|p1a: The Goat
|-resisted|p1a: The Goat
|-damage|p1a: The Goat|73/100
|-ability|p1a: The Goat|Weak Armor|boost
|-unboost|p1a: The Goat|def|1
|-boost|p1a: The Goat|spe|2
|move|p1a: The Goat|Poltergeist|p2a: Hotdog
|-activate|p2a: Hotdog|move: Poltergeist|Choice Scarf
|-damage|p2a: Hotdog|0 fnt
|faint|p2a: Hotdog
|
|win|JD Doggin'
|raw|JD Doggin&apos;'s rating: 1049 &rarr; <strong>1084</strong><br />(+35 for winning)
|raw|iRainbo_ots's rating: 1073 &rarr; <strong>1051</strong><br />(-22 for losing)
