|j|‽JustIh5an
|j|☆Sonzaisonder
|t:|1758945833
|gametype|singles
|player|p1|JustIh5an|skyla|1251
|player|p2|Sonzaisonder|steven|1304
|gen|9
|tier|[Gen 9] OU
|rated|
|rule|HP Percentage Mod: HP is shown in percentages
|rule|Endless Battle Clause: Forcing endless battles is banned
|rule|Species Clause: Limit one of each Pokémon
|rule|OHKO Clause: OHKO moves are banned
|rule|Evasion Items Clause: Evasion items are banned
|rule|Evasion Moves Clause: Evasion moves are banned
|rule|Evasion Abilities Clause: Evasion abilities are banned
|rule|Sleep Moves Clause: Sleep-inducing moves are banned
|clearpoke
|poke|p1|Tyranitar, M|
|poke|p1|Excadrill, F|
|poke|p1|Kingambit, M|
|poke|p1|Garchomp, M|
|poke|p1|Pecharunt|
|poke|p1|Rotom-Wash|
|poke|p2|Hoopa-Unbound|
|poke|p2|Slowking-Galar, F|
|poke|p2|Great Tusk|
|poke|p2|Moltres|
|poke|p2|Kingambit, M|
|poke|p2|Keldeo-Resolute|
|teampreview
|inactive|Battle timer is ON: inactive players will automatically lose when time's up. (requested by Sonzaisonder)
|
|t:|1758945846
|teamsize|p1|6
|teamsize|p2|6
|start
|switch|p1a: Rotom|Rotom-Wash|100/100
|switch|p2a: Keldeo|Keldeo-Resolute|100/100
|turn|1
|
|t:|1758945851
|move|p2a: Keldeo|Flip Turn|p1a: Rotom
|-resisted|p1a: Rotom
|-damage|p1a: Rotom|95/100
|
|t:|1758945855
|switch|p2a: Slowking|Slowking-Galar, F|100/100|[from] Flip Turn
|move|p1a: Rotom|Volt Switch|p2a: Slowking
|-damage|p2a: Slowking|87/100
|
|t:|1758945866
|switch|p1a: Pecharunt|Pecharunt|100/100|[from] Volt Switch
|-item|p1a: Pecharunt|Air Balloon
|
|upkeep
|turn|2
|
|t:|1758945875
|move|p1a: Pecharunt|Malignant Chain|p2a: Slowking
|-resisted|p2a: Slowking
|-damage|p2a: Slowking|78/100
|move|p2a: Slowking|Future Sight|p1a: Pecharunt
|-start|p2a: Slowking|move: Future Sight
|
|upkeep
|turn|3
|
|t:|1758945882
|move|p1a: Pecharunt|Parting Shot|p2a: Slowking
|-unboost|p2a: Slowking|atk|1
|-unboost|p2a: Slowking|spa|1
|
|t:|1758945885
|switch|p1a: Kingambit|Kingambit, M, shiny|100/100|[from] Parting Shot
|-prepare|p2a: Slowking|Chilly Reception|[premajor]
|move|p2a: Slowking|Chilly Reception|p2a: Slowking
|-weather|Snowscape
|
|t:|1758945892
|switch|p2a: Keldeo|Keldeo-Resolute|100/100|[from] Chilly Reception
|
|-weather|Snowscape|[upkeep]
|upkeep
|turn|4
|
|t:|1758945902
|-end|p1a: Kingambit|fallenundefined|[silent]
|switch|p1a: Pecharunt|Pecharunt|100/100
|-item|p1a: Pecharunt|Air Balloon
|move|p2a: Keldeo|Secret Sword|p1a: Pecharunt
|-immune|p1a: Pecharunt
|
|-weather|Snowscape|[upkeep]
|-end|p1a: Pecharunt|move: Future Sight
|-supereffective|p1a: Pecharunt
|-damage|p1a: Pecharunt|18/100
|-enditem|p1a: Pecharunt|Air Balloon
|upkeep
|turn|5
|
|t:|1758945918
|switch|p2a: Slowking|Slowking-Galar, F|100/100
|switch|p1a: Rotom|Rotom-Wash|95/100
|
|-weather|Snowscape|[upkeep]
|-heal|p1a: Rotom|100/100|[from] item: Leftovers
|upkeep
|turn|6
|
|t:|1758945926
|move|p1a: Rotom|Volt Switch|p2a: Slowking
|-damage|p2a: Slowking|85/100
|
|t:|1758945930
|switch|p1a: Garchomp|Garchomp, M, shiny|100/100|[from] Volt Switch
|move|p2a: Slowking|Future Sight|p1a: Garchomp
|-start|p2a: Slowking|move: Future Sight
|
|-weather|Snowscape|[upkeep]
|upkeep
|turn|7
|
|t:|1758945943
|switch|p2a: Moltres|Moltres|100/100
|move|p1a: Garchomp|Swords Dance|p1a: Garchomp
|-boost|p1a: Garchomp|atk|2
|
|-weather|none
|upkeep
|turn|8
|
|t:|1758945950
|-terastallize|p1a: Garchomp|Fire
|-terastallize|p2a: Moltres|Fairy
|move|p1a: Garchomp|Scale Shot|p2a: Moltres
|-immune|p2a: Moltres
|move|p2a: Moltres|Will-O-Wisp|p1a: Garchomp
|-immune|p1a: Garchomp
|
|-end|p1a: Garchomp|move: Future Sight
|-damage|p1a: Garchomp|53/100
|upkeep
|turn|9
|
|t:|1758945977
|move|p1a: Garchomp|Fire Fang|p2a: Moltres
|-damage|p2a: Moltres|52/100
|-status|p2a: Moltres|brn
|move|p2a: Moltres|U-turn|p1a: Garchomp
|-resisted|p1a: Garchomp
|-damage|p1a: Garchomp|49/100
|-damage|p2a: Moltres|40/100 brn|[from] ability: Rough Skin|[of] p1a: Garchomp
|
|t:|1758945982
|switch|p2a: Keldeo|Keldeo-Resolute|100/100|[from] U-turn
|
|upkeep
|turn|10
|
|t:|1758945988
|move|p2a: Keldeo|Surf|p1a: Garchomp
|-supereffective|p1a: Garchomp
|-damage|p1a: Garchomp|0 fnt
|faint|p1a: Garchomp
|
|upkeep
|-message|JustIh5an forfeited.
|
|win|Sonzaisonder
|raw|JustIh5an's rating: 1251 &rarr; <strong>1230</strong><br />(-21 for losing)
|raw|Sonzaisonder's rating: 1304 &rarr; <strong>1321</strong><br />(+17 for winning)
|l|‽JustIh5an
|player|p1|
|l|☆Sonzaisonder
|player|p2|
