|j|☆belphegorr
|j|☆OREOOREGO
|t:|1758984190
|gametype|singles
|player|p1|belphegorr|hoopster|1358
|player|p2|OREOOREGO|1|1345
|gen|9
|tier|[Gen 9] OU
|rated|
|rule|HP Percentage Mod: HP is shown in percentages
|rule|Endless Battle Clause: Forcing endless battles is banned
|rule|Species Clause: Limit one of each Pokémon
|rule|OHKO Clause: OHKO moves are banned
|rule|Evasion Items Clause: Evasion items are banned
|rule|Evasion Moves Clause: Evasion moves are banned
|rule|Evasion Abilities Clause: Evasion abilities are banned
|rule|Sleep Moves Clause: Sleep-inducing moves are banned
|clearpoke
|poke|p1|Samurott-Hisui, M|
|poke|p1|Coalossal, F|
|poke|p1|Scyther, F|
|poke|p1|Ogerpon, F|
|poke|p1|Weavile, M|
|poke|p1|Gengar, M|
|poke|p2|Glimmora, M|
|poke|p2|Dragapult, F|
|poke|p2|Keldeo-Resolute|
|poke|p2|Iron Crown|
|poke|p2|Great Tusk|
|poke|p2|Zapdos|
|teampreview
|inactive|Battle timer is ON: inactive players will automatically lose when time's up. (requested by belphegorr)
|
|t:|1758984207
|teamsize|p1|6
|teamsize|p2|6
|start
|switch|p1a: Samurott|Samurott-Hisui, M, shiny|100/100
|switch|p2a: Dragapult|Dragapult, F|100/100
|turn|1
|
|t:|1758984210
|move|p2a: Dragapult|U-turn|p1a: Samurott
|-supereffective|p1a: Samurott
|-damage|p1a: Samurott|8/100
|
|t:|1758984216
|switch|p2a: Keldeo|Keldeo-Resolute|100/100|[from] U-turn
|move|p1a: Samurott|Ceaseless Edge|p2a: Keldeo|[miss]
|-miss|p1a: Samurott|p2a: Keldeo
|
|upkeep
|turn|2
|
|t:|1758984229
|move|p2a: Keldeo|Surf|p1a: Samurott
|-resisted|p1a: Samurott
|-damage|p1a: Samurott|0 fnt
|faint|p1a: Samurott
|
|upkeep
|
|t:|1758984232
|switch|p1a: Scyther|Scyther, F, shiny|100/100
|turn|3
|
|t:|1758984237
|switch|p2a: Zapdos|Zapdos|100/100
|move|p1a: Scyther|Aerial Ace|p2a: Zapdos
|-resisted|p2a: Zapdos
|-damage|p2a: Zapdos|77/100
|-status|p1a: Scyther|par|[from] ability: Static|[of] p2a: Zapdos
|
|upkeep
|turn|4
|
|t:|1758984247
|move|p2a: Zapdos|Thunderbolt|p1a: Scyther
|-supereffective|p1a: Scyther
|-damage|p1a: Scyther|0 fnt
|faint|p1a: Scyther
|
|upkeep
|
|t:|1758984253
|switch|p1a: Weavile|Weavile, M|100/100
|turn|5
|
|t:|1758984268
|switch|p2a: Glimmora|Glimmora, M|100/100
|move|p1a: Weavile|Hone Claws|p1a: Weavile
|-boost|p1a: Weavile|atk|1
|-boost|p1a: Weavile|accuracy|1
|
|upkeep
|turn|6
|
|t:|1758984274
|move|p1a: Weavile|Triple Axel|p2a: Glimmora
|-damage|p2a: Glimmora|86/100
|-damage|p2a: Glimmora|58/100
|-damage|p2a: Glimmora|16/100
|-hitcount|p2a: Glimmora|3
|move|p2a: Glimmora|Power Gem|p1a: Weavile
|-supereffective|p1a: Weavile
|-enditem|p1a: Weavile|Focus Sash
|-damage|p1a: Weavile|1/100
|
|upkeep
|turn|7
|
|t:|1758984286
|move|p2a: Glimmora|Spiky Shield|p2a: Glimmora
|-singleturn|p2a: Glimmora|move: Protect
|move|p1a: Weavile|Triple Axel|p2a: Glimmora
|-activate|p2a: Glimmora|move: Protect
|-damage|p1a: Weavile|0 fnt|[from] Spiky Shield|[of] p2a: Glimmora
|faint|p1a: Weavile
|
|upkeep
|
|t:|1758984290
|switch|p1a: Coalossal|Coalossal, F|100/100
|turn|8
|
|t:|1758984298
|move|p2a: Glimmora|Toxic|p1a: Coalossal
|-status|p1a: Coalossal|tox
|move|p1a: Coalossal|Stealth Rock|p2a: Glimmora
|-sidestart|p2: OREOOREGO|move: Stealth Rock
|
|-damage|p1a: Coalossal|94/100 tox|[from] psn
|upkeep
|turn|9
|
|t:|1758984301
|move|p2a: Glimmora|Stealth Rock|p1a: Coalossal
|-sidestart|p1: belphegorr|move: Stealth Rock
|move|p1a: Coalossal|Fire Spin|p2a: Glimmora|[miss]
|-miss|p1a: Coalossal|p2a: Glimmora
|
|-damage|p1a: Coalossal|82/100 tox|[from] psn
|upkeep
|turn|10
|
|t:|1758984305
|move|p2a: Glimmora|Power Gem|p1a: Coalossal
|-supereffective|p1a: Coalossal
|-damage|p1a: Coalossal|19/100 tox
|move|p1a: Coalossal|Rapid Spin|p2a: Glimmora
|-resisted|p2a: Glimmora
|-damage|p2a: Glimmora|12/100
|-boost|p1a: Coalossal|spe|1
|-sideend|p1: belphegorr|Stealth Rock|[from] move: Rapid Spin|[of] p1a: Coalossal
|
|-damage|p1a: Coalossal|1/100 tox|[from] psn
|upkeep
|turn|11
|
|t:|1758984315
|move|p2a: Glimmora|Stealth Rock|p1a: Coalossal
|-sidestart|p1: belphegorr|move: Stealth Rock
|move|p1a: Coalossal|Body Press|p2a: Glimmora
|-damage|p2a: Glimmora|0 fnt
|faint|p2a: Glimmora
|
|-damage|p1a: Coalossal|0 fnt|[from] psn
|faint|p1a: Coalossal
|upkeep
|
|t:|1758984324
|switch|p2a: Iron Crown|Iron Crown|100/100
|switch|p1a: Gengar|Gengar, M|100/100
|-damage|p1a: Gengar|88/100|[from] Stealth Rock
|-damage|p2a: Iron Crown|94/100|[from] Stealth Rock
|turn|12
|
|t:|1758984337
|move|p1a: Gengar|Shadow Ball|p2a: Iron Crown
|-supereffective|p2a: Iron Crown
|-damage|p2a: Iron Crown|6/100
|move|p2a: Iron Crown|Tachyon Cutter|p1a: Gengar
|-damage|p1a: Gengar|28/100
|-damage|p1a: Gengar|0 fnt
|faint|p1a: Gengar
|-hitcount|p1: Gengar|2
|
|upkeep
|
|t:|1758984346
|switch|p1a: Ogerpon|Ogerpon, F|100/100
|-damage|p1a: Ogerpon|88/100|[from] Stealth Rock
|turn|13
|
|t:|1758984348
|move|p1a: Ogerpon|Swords Dance|p1a: Ogerpon
|-boost|p1a: Ogerpon|atk|2
|move|p2a: Iron Crown|Tachyon Cutter|p1a: Ogerpon
|-damage|p1a: Ogerpon|42/100
|-damage|p1a: Ogerpon|0 fnt
|faint|p1a: Ogerpon
|-hitcount|p1: Ogerpon|2
|
|win|OREOOREGO
|raw|belphegorr's rating: 1358 &rarr; <strong>1337</strong><br />(-21 for losing)
|raw|OREOOREGO's rating: 1345 &rarr; <strong>1366</strong><br />(+21 for winning)
|l|☆belphegorr
|player|p1|
|l|☆OREOOREGO
|player|p2|
