|j|☆saap9a4fut16
|j|☆buggjjk
|t:|1758936495
|gametype|singles
|player|p1|saap9a4fut16|1|1151
|player|p2|buggjjk|acetrainerf|1172
|gen|9
|tier|[Gen 9] OU
|rated|
|rule|HP Percentage Mod: HP is shown in percentages
|rule|Endless Battle Clause: Forcing endless battles is banned
|rule|Species Clause: Limit one of each Pokémon
|rule|OHKO Clause: OHKO moves are banned
|rule|Evasion Items Clause: Evasion items are banned
|rule|Evasion Moves Clause: Evasion moves are banned
|rule|Evasion Abilities Clause: Evasion abilities are banned
|rule|Sleep Moves Clause: Sleep-inducing moves are banned
|clearpoke
|poke|p1|Gallade, M|
|poke|p1|Murkrow, F|
|poke|p1|Goodra-Hisui, F|
|poke|p1|Glimmora, F|
|poke|p1|Alomomola, M|
|poke|p1|Iron Crown|
|poke|p2|Garganacl, F|
|poke|p2|Dragapult, F|
|poke|p2|Ogerpon-Wellspring, F|
|poke|p2|Moltres|
|poke|p2|Zamazenta-*|
|poke|p2|Iron Treads|
|teampreview
|inactive|Battle timer is ON: inactive players will automatically lose when time's up. (requested by saap9a4fut16)
|
|t:|1758936501
|teamsize|p1|6
|teamsize|p2|6
|start
|switch|p1a: Iron Crown|Iron Crown|100/100
|switch|p2a: Moltres|Moltres|100/100
|-enditem|p1a: Iron Crown|Booster Energy
|-activate|p1a: Iron Crown|ability: Quark Drive|[fromitem]
|-start|p1a: Iron Crown|quarkdrivespe
|turn|1
|
|t:|1758936505
|move|p1a: Iron Crown|Volt Switch|p2a: Moltres
|-supereffective|p2a: Moltres
|-damage|p2a: Moltres|66/100
|
|t:|1758936514
|-end|p1a: Iron Crown|Quark Drive|[silent]
|switch|p1a: Alomomola|Alomomola, M|100/100|[from] Volt Switch
|move|p2a: Moltres|Will-O-Wisp|p1a: Alomomola
|-status|p1a: Alomomola|brn
|
|-damage|p1a: Alomomola|94/100 brn|[from] brn
|upkeep
|turn|2
|
|t:|1758936522
|move|p1a: Alomomola|Scald|p2a: Moltres
|-supereffective|p2a: Moltres
|-damage|p2a: Moltres|43/100
|move|p2a: Moltres|Roar|p1a: Alomomola
|drag|p1a: Goodra|Goodra-Hisui, F|100/100
|
|upkeep
|turn|3
|inactive|saap9a4fut16 has 120 seconds left.
|
|t:|1758936575
|move|p2a: Moltres|Roost|p2a: Moltres
|-heal|p2a: Moltres|93/100
|-singleturn|p2a: Moltres|move: Roost
|move|p1a: Goodra|Draco Meteor|p2a: Moltres
|-damage|p2a: Moltres|50/100
|-unboost|p1a: Goodra|spa|2
|
|upkeep
|turn|4
|
|t:|1758936583
|switch|p1a: Murkrow|Murkrow, F|100/100
|move|p2a: Moltres|Will-O-Wisp|p1a: Murkrow
|-status|p1a: Murkrow|brn
|
|-damage|p1a: Murkrow|95/100 brn|[from] brn
|upkeep
|turn|5
|inactive|saap9a4fut16 has 90 seconds left.
|
|t:|1758936619
|switch|p2a: Iron Treads|Iron Treads|100/100
|move|p1a: Murkrow|Tailwind|p1a: Murkrow
|-sidestart|p1: saap9a4fut16|move: Tailwind
|
|-damage|p1a: Murkrow|89/100 brn|[from] brn
|upkeep
|turn|6
|
|t:|1758936624
|move|p1a: Murkrow|Foul Play|p2a: Iron Treads
|-damage|p2a: Iron Treads|86/100
|move|p2a: Iron Treads|Stealth Rock|p1a: Murkrow
|-sidestart|p1: saap9a4fut16|move: Stealth Rock
|
|-heal|p2a: Iron Treads|92/100|[from] item: Leftovers
|-damage|p1a: Murkrow|83/100 brn|[from] brn
|upkeep
|turn|7
|
|t:|1758936627
|move|p1a: Murkrow|U-turn|p2a: Iron Treads
|-resisted|p2a: Iron Treads
|-damage|p2a: Iron Treads|89/100
|
|t:|1758936629
|switch|p1a: Gallade|Gallade, M|100/100|[from] U-turn
|-damage|p1a: Gallade|94/100|[from] Stealth Rock
|move|p2a: Iron Treads|Rapid Spin|p1a: Gallade
|-damage|p1a: Gallade|72/100
|-boost|p2a: Iron Treads|spe|1
|
|-heal|p2a: Iron Treads|95/100|[from] item: Leftovers
|upkeep
|turn|8
|inactive|buggjjk has 120 seconds left.
|
|t:|1758936669
|move|p1a: Gallade|Drain Punch|p2a: Iron Treads
|-supereffective|p2a: Iron Treads
|-damage|p2a: Iron Treads|14/100
|-heal|p1a: Gallade|100/100|[from] drain|[of] p2a: Iron Treads
|move|p2a: Iron Treads|Earthquake|p1a: Gallade
|-damage|p1a: Gallade|34/100
|
|-heal|p2a: Iron Treads|20/100|[from] item: Leftovers
|-sideend|p1: saap9a4fut16|move: Tailwind
|upkeep
|turn|9
|inactive|saap9a4fut16 has 120 seconds left.
|
|t:|1758936677
|-end|p2a: Iron Treads|Quark Drive|[silent]
|switch|p2a: Moltres|Moltres|50/100
|move|p1a: Gallade|Drain Punch|p2a: Moltres
|-resisted|p2a: Moltres
|-crit|p2a: Moltres
|-damage|p2a: Moltres|16/100
|-heal|p1a: Gallade|58/100|[from] drain|[of] p2a: Moltres
|
|upkeep
|turn|10
|inactive|buggjjk has 120 seconds left.
|
|t:|1758936684
|move|p1a: Gallade|Drain Punch|p2a: Moltres
|-resisted|p2a: Moltres
|-damage|p2a: Moltres|0 fnt
|-heal|p1a: Gallade|69/100|[from] drain|[of] p2a: Moltres
|-status|p1a: Gallade|brn|[from] ability: Flame Body|[of] p2a: Moltres
|faint|p2a: Moltres
|
|-damage|p1a: Gallade|63/100 brn|[from] brn
|upkeep
|
|t:|1758936688
|switch|p2a: Dragapult|Dragapult, F|100/100
|turn|11
|
|t:|1758936704
|switch|p1a: Murkrow|Murkrow, F|83/100 brn
|-damage|p1a: Murkrow|58/100 brn|[from] Stealth Rock
|move|p2a: Dragapult|Hex|p1a: Murkrow
|-resisted|p1a: Murkrow
|-damage|p1a: Murkrow|32/100 brn
|
|-damage|p1a: Murkrow|27/100 brn|[from] brn
|upkeep
|turn|12
|
|t:|1758936722
|move|p1a: Murkrow|Tailwind|p1a: Murkrow
|-sidestart|p1: saap9a4fut16|move: Tailwind
|move|p2a: Dragapult|U-turn|p1a: Murkrow
|-damage|p1a: Murkrow|9/100 brn
|
|t:|1758936740
|switch|p2a: Iron Treads|Iron Treads|20/100|[from] U-turn
|
|-heal|p2a: Iron Treads|26/100|[from] item: Leftovers
|-damage|p1a: Murkrow|3/100 brn|[from] brn
|upkeep
|turn|13
|
|t:|1758936757
|move|p1a: Murkrow|U-turn|p2a: Iron Treads
|-resisted|p2a: Iron Treads
|-damage|p2a: Iron Treads|24/100
|
|t:|1758936765
|switch|p1a: Iron Crown|Iron Crown|100/100|[from] U-turn
|-damage|p1a: Iron Crown|94/100|[from] Stealth Rock
|move|p2a: Iron Treads|Earthquake|p1a: Iron Crown
|-supereffective|p1a: Iron Crown
|-damage|p1a: Iron Crown|16/100
|
|-heal|p2a: Iron Treads|30/100|[from] item: Leftovers
|upkeep
|turn|14
|
|t:|1758936773
|move|p1a: Iron Crown|Psychic|p2a: Iron Treads
|-resisted|p2a: Iron Treads
|-damage|p2a: Iron Treads|13/100
|move|p2a: Iron Treads|Knock Off|p1a: Iron Crown
|-supereffective|p1a: Iron Crown
|-damage|p1a: Iron Crown|0 fnt
|faint|p1a: Iron Crown
|-end|p1a: Iron Crown|Quark Drive|[silent]
|
|-heal|p2a: Iron Treads|19/100|[from] item: Leftovers
|upkeep
|
|t:|1758936781
|switch|p1a: Glimmora|Glimmora, F|100/100
|-damage|p1a: Glimmora|88/100|[from] Stealth Rock
|turn|15
|
|t:|1758936787
|move|p1a: Glimmora|Earth Power|p2a: Iron Treads
|-supereffective|p2a: Iron Treads
|-damage|p2a: Iron Treads|0 fnt
|faint|p2a: Iron Treads
|-end|p2a: Iron Treads|Quark Drive|[silent]
|
|-sideend|p1: saap9a4fut16|move: Tailwind
|upkeep
|
|t:|1758936789
|switch|p2a: Ogerpon|Ogerpon-Wellspring, F|100/100
|turn|16
|inactive|saap9a4fut16 has 120 seconds left.
|
|t:|1758936839
|switch|p1a: Murkrow|Murkrow, F|3/100 brn
|-damage|p1a: Murkrow|0 fnt|[from] Stealth Rock
|faint|p1a: Murkrow
|move|p2a: Ogerpon|Ivy Cudgel|p1: Murkrow|[notarget]
|-fail|p2a: Ogerpon
|
|upkeep
|
|t:|1758936844
|switch|p1a: Goodra|Goodra-Hisui, F|100/100
|-damage|p1a: Goodra|94/100|[from] Stealth Rock
|turn|17
|
|t:|1758936850
|-terastallize|p2a: Ogerpon|Water
|detailschange|p2a: Ogerpon|Ogerpon-Wellspring-Tera, F, tera:Water
|-ability|p2a: Ogerpon|Embody Aspect (Wellspring)|boost
|-boost|p2a: Ogerpon|spd|1
|move|p2a: Ogerpon|Swords Dance|p2a: Ogerpon
|-boost|p2a: Ogerpon|atk|2
|move|p1a: Goodra|Draco Meteor|p2a: Ogerpon
|-damage|p2a: Ogerpon|67/100
|-unboost|p1a: Goodra|spa|2
|
|upkeep
|turn|18
|inactive|saap9a4fut16 has 120 seconds left.
|
|t:|1758936868
|switch|p1a: Gallade|Gallade, M|63/100 brn
|-damage|p1a: Gallade|56/100 brn|[from] Stealth Rock
|move|p2a: Ogerpon|Trailblaze|p1a: Gallade
|-damage|p1a: Gallade|0 fnt
|-boost|p2a: Ogerpon|spe|1
|faint|p1a: Gallade
|
|upkeep
|inactive|saap9a4fut16 has 90 seconds left.
|
|t:|1758936906
|switch|p1a: Goodra|Goodra-Hisui, F|94/100
|-damage|p1a: Goodra|88/100|[from] Stealth Rock
|turn|19
|
|t:|1758936911
|move|p2a: Ogerpon|Synthesis|p2a: Ogerpon
|-heal|p2a: Ogerpon|100/100
|move|p1a: Goodra|Curse|p1a: Goodra
|-unboost|p1a: Goodra|spe|1
|-boost|p1a: Goodra|atk|1
|-boost|p1a: Goodra|def|1
|
|upkeep
|turn|20
|inactive|saap9a4fut16 has 90 seconds left.
|inactive|saap9a4fut16 has 60 seconds left.
|
|t:|1758936957
|switch|p2a: Garganacl|Garganacl, F|100/100
|move|p1a: Goodra|Curse|p1a: Goodra
|-unboost|p1a: Goodra|spe|1
|-boost|p1a: Goodra|atk|1
|-boost|p1a: Goodra|def|1
|
|upkeep
|turn|21
|
|t:|1758936960
|move|p2a: Garganacl|Salt Cure|p1a: Goodra
|-resisted|p1a: Goodra
|-damage|p1a: Goodra|85/100
|-start|p1a: Goodra|Salt Cure
|move|p1a: Goodra|Heavy Slam|p2a: Garganacl
|-supereffective|p2a: Garganacl
|-damage|p2a: Garganacl|63/100
|
|-heal|p2a: Garganacl|69/100|[from] item: Leftovers
|-damage|p1a: Goodra|60/100|[from] Salt Cure
|upkeep
|turn|22
|inactive|saap9a4fut16 has 60 seconds left.
|inactive|saap9a4fut16 has 30 seconds left.
|inactive|saap9a4fut16 has 20 seconds left.
|
|t:|1758937016
|move|p2a: Garganacl|Iron Defense|p2a: Garganacl
|-boost|p2a: Garganacl|def|2
|move|p1a: Goodra|Heavy Slam|p2a: Garganacl
|-supereffective|p2a: Garganacl
|-damage|p2a: Garganacl|49/100
|
|-heal|p2a: Garganacl|55/100|[from] item: Leftovers
|-damage|p1a: Goodra|36/100|[from] Salt Cure
|upkeep
|turn|23
|inactive|saap9a4fut16 has 30 seconds left this turn.
|
|t:|1758937022
|move|p2a: Garganacl|Recover|p2a: Garganacl
|-heal|p2a: Garganacl|100/100
|move|p1a: Goodra|Draco Meteor|p2a: Garganacl
|-damage|p2a: Garganacl|66/100
|-unboost|p1a: Goodra|spa|2
|
|-heal|p2a: Garganacl|72/100|[from] item: Leftovers
|-damage|p1a: Goodra|11/100|[from] Salt Cure
|upkeep
|turn|24
|
|t:|1758937030
|switch|p1a: Glimmora|Glimmora, F|88/100
|-damage|p1a: Glimmora|76/100|[from] Stealth Rock
|move|p2a: Garganacl|Recover|p2a: Garganacl
|-heal|p2a: Garganacl|100/100
|
|upkeep
|turn|25
|
|t:|1758937034
|move|p1a: Glimmora|Earth Power|p2a: Garganacl
|-supereffective|p2a: Garganacl
|-damage|p2a: Garganacl|58/100
|move|p2a: Garganacl|Body Press|p1a: Glimmora
|-damage|p1a: Glimmora|18/100
|-activate|p1a: Glimmora|ability: Toxic Debris
|-sidestart|p2: buggjjk|move: Toxic Spikes
|
|-heal|p2a: Garganacl|64/100|[from] item: Leftovers
|upkeep
|turn|26
|
|t:|1758937042
|move|p1a: Glimmora|Earth Power|p2a: Garganacl
|-supereffective|p2a: Garganacl
|-damage|p2a: Garganacl|21/100
|move|p2a: Garganacl|Body Press|p1a: Glimmora
|-damage|p1a: Glimmora|0 fnt
|-activate|p1a: Glimmora|ability: Toxic Debris
|-sidestart|p2: buggjjk|move: Toxic Spikes
|faint|p1a: Glimmora
|
|-heal|p2a: Garganacl|27/100|[from] item: Leftovers
|upkeep
|-message|saap9a4fut16 forfeited.
|
|win|buggjjk
|raw|saap9a4fut16's rating: 1151 &rarr; <strong>1128</strong><br />(-23 for losing)
|raw|buggjjk's rating: 1172 &rarr; <strong>1195</strong><br />(+23 for winning)
|l|☆saap9a4fut16
|player|p1|
|l|☆buggjjk
|player|p2|
