|badge|p2|bronze|gen9ou|100-6
|html|<div class="broadcast-red"><strong>This battle is required to be public due to one or more player having a season medal.</strong><br />During the public phase, you can discuss the state of the ladder <a href="/seasondiscussion">in a special chatroom.</a></div>
|uhtml|medal-msg|<div class="broadcast-blue">Curious what those medals under the avatar are? PS now has Ladder Seasons! For more information, check out the <a href="https://www.smogon.com/forums/threads/3740067/">thread on Smogon.</a></div>
|raw|<div class="broadcast-blue"><strong>This battle is required to be public due to a player having a name starting with 'medal'.</div>
|j|☆Shibuya Arc
|j|‽ho3nconfirm3d
|t:|1759001150
|gametype|singles
|player|p1|Shibuya Arc|169|1791
|player|p2|ho3nconfirm3d|#scl5shoguns|1930
|gen|9
|tier|[Gen 9] OU
|rated|
|rule|HP Percentage Mod: HP is shown in percentages
|rule|Endless Battle Clause: Forcing endless battles is banned
|rule|Species Clause: Limit one of each Pokémon
|rule|OHKO Clause: OHKO moves are banned
|rule|Evasion Items Clause: Evasion items are banned
|rule|Evasion Moves Clause: Evasion moves are banned
|rule|Evasion Abilities Clause: Evasion abilities are banned
|rule|Sleep Moves Clause: Sleep-inducing moves are banned
|clearpoke
|poke|p1|Dragapult, M|
|poke|p1|Dragonite, F|
|poke|p1|Ting-Lu|
|poke|p1|Weezing-Galar, F|
|poke|p1|Iron Crown|
|poke|p1|Zapdos|
|poke|p2|Glimmora, F|
|poke|p2|Weavile, F|
|poke|p2|Zamazenta-*|
|poke|p2|Dragonite, M|
|poke|p2|Ogerpon-Wellspring, F|
|poke|p2|Gholdengo|
|teampreview
|inactive|Battle timer is ON: inactive players will automatically lose when time's up. (requested by Shibuya Arc)
|
|t:|1759001176
|teamsize|p1|6
|teamsize|p2|6
|start
|switch|p1a: Dragapult|Dragapult, M|100/100
|switch|p2a: Weavile|Weavile, F|100/100
|-ability|p2a: Weavile|Pressure
|turn|1
|
|t:|1759001182
|move|p1a: Dragapult|U-turn|p2a: Weavile
|-supereffective|p2a: Weavile
|-damage|p2a: Weavile|38/100
|
|t:|1759001191
|switch|p1a: Weezing|Weezing-Galar, F|100/100|[from] U-turn
|-ability|p1a: Weezing|Neutralizing Gas
|move|p2a: Weavile|Knock Off|p1a: Weezing
|-resisted|p1a: Weezing
|-damage|p1a: Weezing|79/100
|-enditem|p1a: Weezing|Heavy-Duty Boots|[from] move: Knock Off|[of] p2a: Weavile
|-damage|p2a: Weavile|28/100|[from] item: Life Orb
|
|upkeep
|turn|2
|
|t:|1759001198
|switch|p2a: Gholdengo|Gholdengo|100/100
|move|p1a: Weezing|Will-O-Wisp|p2a: Gholdengo
|-status|p2a: Gholdengo|brn
|
|-damage|p2a: Gholdengo|94/100 brn|[from] brn
|upkeep
|turn|3
|
|t:|1759001204
|-end|p1a: Weezing|ability: Neutralizing Gas
|switch|p1a: Ting-Lu|Ting-Lu|100/100
|-ability|p1a: Ting-Lu|Vessel of Ruin
|move|p2a: Gholdengo|Nasty Plot|p2a: Gholdengo
|-boost|p2a: Gholdengo|spa|2
|
|-damage|p2a: Gholdengo|88/100 brn|[from] brn
|upkeep
|turn|4
|
|t:|1759001210
|move|p2a: Gholdengo|Make It Rain|p1a: Ting-Lu
|-damage|p1a: Ting-Lu|48/100
|-unboost|p2a: Gholdengo|spa|1
|move|p1a: Ting-Lu|Ruination|p2a: Gholdengo
|-damage|p2a: Gholdengo|44/100 brn
|
|-heal|p1a: Ting-Lu|55/100|[from] item: Leftovers
|-damage|p2a: Gholdengo|38/100 brn|[from] brn
|upkeep
|turn|5
|
|t:|1759001218
|move|p2a: Gholdengo|Make It Rain|p1a: Ting-Lu
|-damage|p1a: Ting-Lu|16/100
|-unboost|p2a: Gholdengo|spa|1
|move|p1a: Ting-Lu|Stealth Rock|p2a: Gholdengo
|-sidestart|p2: ho3nconfirm3d|move: Stealth Rock
|
|-heal|p1a: Ting-Lu|22/100|[from] item: Leftovers
|-damage|p2a: Gholdengo|32/100 brn|[from] brn
|upkeep
|turn|6
|j| chaintrainalt
|
|t:|1759001225
|move|p2a: Gholdengo|Make It Rain|p1a: Ting-Lu
|-damage|p1a: Ting-Lu|0 fnt
|-unboost|p2a: Gholdengo|spa|1
|faint|p1a: Ting-Lu
|
|-damage|p2a: Gholdengo|26/100 brn|[from] brn
|upkeep
|
|t:|1759001231
|switch|p1a: Iron Crown|Iron Crown|100/100
|turn|7
|
|t:|1759001237
|move|p1a: Iron Crown|Volt Switch|p2a: Gholdengo
|-damage|p2a: Gholdengo|0 fnt
|faint|p2a: Gholdengo
|
|t:|1759001243
|-end|p1a: Iron Crown|Quark Drive|[silent]
|switch|p1a: Dragapult|Dragapult, M|100/100|[from] Volt Switch
|
|upkeep
|
|t:|1759001245
|switch|p2a: Glimmora|Glimmora, F|100/100
|-damage|p2a: Glimmora|88/100|[from] Stealth Rock
|turn|8
|
|t:|1759001251
|move|p1a: Dragapult|U-turn|p2a: Glimmora
|-resisted|p2a: Glimmora
|-damage|p2a: Glimmora|78/100
|-activate|p2a: Glimmora|ability: Toxic Debris
|-sidestart|p1: Shibuya Arc|move: Toxic Spikes
|-enditem|p2a: Glimmora|Red Card|[of] p1a: Dragapult
|drag|p1a: Weezing|Weezing-Galar, F|79/100
|-ability|p1a: Weezing|Neutralizing Gas
|-sideend|p1: Shibuya Arc|move: Toxic Spikes|[of] p1a: Weezing
|move|p2a: Glimmora|Stealth Rock|p1a: Weezing
|-sidestart|p1: Shibuya Arc|move: Stealth Rock
|
|upkeep
|turn|9
|
|t:|1759001260
|-end|p1a: Weezing|ability: Neutralizing Gas
|switch|p1a: Iron Crown|Iron Crown|100/100
|-damage|p1a: Iron Crown|94/100|[from] Stealth Rock
|move|p2a: Glimmora|Earth Power|p1a: Iron Crown
|-supereffective|p1a: Iron Crown
|-damage|p1a: Iron Crown|46/100
|
|upkeep
|turn|10
|
|t:|1759001271
|move|p1a: Iron Crown|Tachyon Cutter|p2a: Glimmora
|-supereffective|p2a: Glimmora
|-damage|p2a: Glimmora|1/100
|-supereffective|p2a: Glimmora
|-damage|p2a: Glimmora|0 fnt
|faint|p2a: Glimmora
|-hitcount|p2: Glimmora|2
|
|upkeep
|
|t:|1759001272
|switch|p2a: Ogerpon|Ogerpon-Wellspring, F|100/100
|-damage|p2a: Ogerpon|88/100|[from] Stealth Rock
|turn|11
|
|t:|1759001278
|move|p2a: Ogerpon|Swords Dance|p2a: Ogerpon
|-boost|p2a: Ogerpon|atk|2
|move|p1a: Iron Crown|Tachyon Cutter|p2a: Ogerpon
|-resisted|p2a: Ogerpon
|-damage|p2a: Ogerpon|67/100
|-resisted|p2a: Ogerpon
|-damage|p2a: Ogerpon|45/100
|-hitcount|p2a: Ogerpon|2
|
|upkeep
|turn|12
|
|t:|1759001284
|move|p2a: Ogerpon|Ivy Cudgel|p1a: Iron Crown|[anim] Ivy Cudgel Water
|-damage|p1a: Iron Crown|0 fnt
|faint|p1a: Iron Crown
|-end|p1a: Iron Crown|Quark Drive|[silent]
|
|upkeep
|
|t:|1759001290
|switch|p1a: Dragapult|Dragapult, M|100/100
|turn|13
|
|t:|1759001295
|move|p1a: Dragapult|Dragon Darts|p2a: Ogerpon
|-damage|p2a: Ogerpon|18/100
|-anim|p1a: Dragapult|Dragon Darts|p2a: Ogerpon
|-crit|p2a: Ogerpon
|-damage|p2a: Ogerpon|0 fnt
|faint|p2a: Ogerpon
|
|upkeep
|
|t:|1759001306
|switch|p2a: Weavile|Weavile, F|28/100
|-damage|p2a: Weavile|3/100|[from] Stealth Rock
|-ability|p2a: Weavile|Pressure
|turn|14
|j| yrmpa
|
|t:|1759001311
|switch|p1a: Weezing|Weezing-Galar, F|79/100
|-ability|p1a: Weezing|Neutralizing Gas
|-damage|p1a: Weezing|66/100|[from] Stealth Rock
|move|p2a: Weavile|Ice Shard|p1a: Weezing
|-damage|p1a: Weezing|50/100
|-damage|p2a: Weavile|0 fnt|[from] item: Life Orb
|faint|p2a: Weavile
|
|upkeep
|
|t:|1759001313
|switch|p2a: Dragonite|Dragonite, M|100/100
|turn|15
|
|t:|1759001319
|move|p2a: Dragonite|Earthquake|p1a: Weezing
|-supereffective|p1a: Weezing
|-damage|p1a: Weezing|0 fnt
|faint|p1a: Weezing
|-end|p1a: Weezing|ability: Neutralizing Gas
|
|upkeep
|
|t:|1759001328
|switch|p1a: Dragapult|Dragapult, M|100/100
|turn|16
|
|t:|1759001334
|move|p1a: Dragapult|Will-O-Wisp|p2a: Dragonite
|-status|p2a: Dragonite|brn
|move|p2a: Dragonite|Dragon Dance|p2a: Dragonite
|-boost|p2a: Dragonite|atk|1
|-boost|p2a: Dragonite|spe|1
|
|-damage|p2a: Dragonite|94/100 brn|[from] brn
|upkeep
|turn|17
|
|t:|1759001339
|move|p1a: Dragapult|Dragon Darts|p2a: Dragonite
|-supereffective|p2a: Dragonite
|-damage|p2a: Dragonite|48/100 brn
|-anim|p1a: Dragapult|Dragon Darts|p2a: Dragonite
|-supereffective|p2a: Dragonite
|-crit|p2a: Dragonite
|-damage|p2a: Dragonite|0 fnt
|faint|p2a: Dragonite
|
|upkeep
|
|t:|1759001342
|switch|p2a: Zamazenta|Zamazenta|100/100
|-damage|p2a: Zamazenta|94/100|[from] Stealth Rock
|-ability|p2a: Zamazenta|Dauntless Shield|boost
|-boost|p2a: Zamazenta|def|1
|turn|18
|
|t:|1759001347
|-terastallize|p2a: Zamazenta|Fire
|move|p1a: Dragapult|Will-O-Wisp|p2a: Zamazenta
|-immune|p2a: Zamazenta
|move|p2a: Zamazenta|Iron Defense|p2a: Zamazenta
|-boost|p2a: Zamazenta|def|2
|
|-heal|p2a: Zamazenta|100/100|[from] item: Leftovers
|upkeep
|turn|19
|
|t:|1759001353
|switch|p1a: Zapdos|Zapdos|100/100
|move|p2a: Zamazenta|Iron Defense|p2a: Zamazenta
|-boost|p2a: Zamazenta|def|2
|
|upkeep
|turn|20
|
|t:|1759001359
|move|p1a: Zapdos|Hurricane|p2a: Zamazenta|[miss]
|-miss|p1a: Zapdos|p2a: Zamazenta
|move|p2a: Zamazenta|Roar|p1a: Zapdos
|drag|p1a: Dragapult|Dragapult, M|100/100
|
|upkeep
|turn|21
|
|t:|1759001364
|move|p1a: Dragapult|Hex|p2a: Zamazenta
|-damage|p2a: Zamazenta|80/100
|move|p2a: Zamazenta|Body Press|p1a: Dragapult
|-immune|p1a: Dragapult
|
|-heal|p2a: Zamazenta|86/100|[from] item: Leftovers
|upkeep
|turn|22
|
|t:|1759001371
|move|p1a: Dragapult|Hex|p2a: Zamazenta
|-damage|p2a: Zamazenta|66/100
|move|p2a: Zamazenta|Crunch|p1a: Dragapult
|-supereffective|p1a: Dragapult
|-damage|p1a: Dragapult|42/100
|
|-heal|p2a: Zamazenta|72/100|[from] item: Leftovers
|upkeep
|turn|23
|
|t:|1759001378
|move|p1a: Dragapult|Hex|p2a: Zamazenta
|-damage|p2a: Zamazenta|51/100
|move|p2a: Zamazenta|Crunch|p1a: Dragapult
|-supereffective|p1a: Dragapult
|-damage|p1a: Dragapult|0 fnt
|faint|p1a: Dragapult
|
|-heal|p2a: Zamazenta|57/100|[from] item: Leftovers
|upkeep
|
|t:|1759001384
|switch|p1a: Zapdos|Zapdos|100/100
|turn|24
|
|t:|1759001389
|-terastallize|p1a: Zapdos|Fairy
|move|p2a: Zamazenta|Body Press|p1a: Zapdos
|-resisted|p1a: Zapdos
|-damage|p1a: Zapdos|37/100
|-status|p2a: Zamazenta|par|[from] ability: Static|[of] p1a: Zapdos
|move|p1a: Zapdos|Hurricane|p2a: Zamazenta
|-damage|p2a: Zamazenta|17/100 par
|-start|p2a: Zamazenta|confusion
|
|-heal|p2a: Zamazenta|23/100 par|[from] item: Leftovers
|upkeep
|turn|25
|j| slobrok
|
|t:|1759001394
|move|p1a: Zapdos|Volt Switch|p2a: Zamazenta
|-damage|p2a: Zamazenta|0 fnt
|faint|p2a: Zamazenta
|
|win|Shibuya Arc
|raw|Shibuya Arc's rating: 1791 &rarr; <strong>1819</strong><br />(+28 for winning)
|raw|ho3nconfirm3d's rating: 1930 &rarr; <strong>1902</strong><br />(-28 for losing)
