|j|☆Akayagami
|j|☆mew28
|t:|1759005848
|gametype|singles
|player|p1|Akayagami|266|1477
|player|p2|mew28|gentleman-gen4|1445
|gen|9
|tier|[Gen 9] OU
|rated|
|rule|HP Percentage Mod: HP is shown in percentages
|rule|Endless Battle Clause: Forcing endless battles is banned
|rule|Species Clause: Limit one of each Pokémon
|rule|OHKO Clause: OHKO moves are banned
|rule|Evasion Items Clause: Evasion items are banned
|rule|Evasion Moves Clause: Evasion moves are banned
|rule|Evasion Abilities Clause: Evasion abilities are banned
|rule|Sleep Moves Clause: Sleep-inducing moves are banned
|clearpoke
|poke|p1|Comfey, F|
|poke|p1|Whimsicott, F|
|poke|p1|Iron Moth|
|poke|p1|Walking Wake|
|poke|p1|Great Tusk|
|poke|p1|Ninetales, F|
|poke|p2|Zamazenta-*|
|poke|p2|Dondozo, M|
|poke|p2|Garchomp, F|
|poke|p2|Ursaluna, F|
|poke|p2|Kingambit, M|
|poke|p2|Samurott-Hisui, F|
|teampreview
|inactive|Battle timer is ON: inactive players will automatically lose when time's up. (requested by Akayagami)
|
|t:|1759005881
|teamsize|p1|6
|teamsize|p2|6
|start
|switch|p1a: Whimsicott|Whimsicott, F, shiny|100/100
|switch|p2a: Samurott|Samurott-Hisui, F|100/100
|turn|1
|
|t:|1759005884
|move|p2a: Samurott|Megahorn|p1a: Whimsicott
|-damage|p1a: Whimsicott|56/100
|move|p1a: Whimsicott|Moonblast|p2a: Samurott
|-supereffective|p2a: Samurott
|-damage|p2a: Samurott|0 fnt
|faint|p2a: Samurott
|-damage|p1a: Whimsicott|46/100|[from] item: Life Orb
|
|upkeep
|
|t:|1759005890
|switch|p2a: Ursaluna|Ursaluna, F|100/100
|turn|2
|
|t:|1759005894
|move|p1a: Whimsicott|Giga Drain|p2a: Ursaluna
|-supereffective|p2a: Ursaluna
|-damage|p2a: Ursaluna|31/100
|-heal|p1a: Whimsicott|99/100|[from] drain|[of] p2a: Ursaluna
|-damage|p1a: Whimsicott|89/100|[from] item: Life Orb
|move|p2a: Ursaluna|Facade|p1a: Whimsicott
|-damage|p1a: Whimsicott|37/100
|
|-heal|p2a: Ursaluna|37/100|[from] item: Leftovers
|upkeep
|turn|3
|
|t:|1759005903
|move|p2a: Ursaluna|Protect|p2a: Ursaluna
|-singleturn|p2a: Ursaluna|Protect
|move|p1a: Whimsicott|Giga Drain|p2a: Ursaluna
|-activate|p2a: Ursaluna|move: Protect
|
|-heal|p2a: Ursaluna|44/100|[from] item: Leftovers
|upkeep
|turn|4
|
|t:|1759005908
|switch|p2a: Zamazenta|Zamazenta|100/100
|-ability|p2a: Zamazenta|Dauntless Shield|boost
|-boost|p2a: Zamazenta|def|1
|move|p1a: Whimsicott|Giga Drain|p2a: Zamazenta
|-damage|p2a: Zamazenta|63/100
|-heal|p1a: Whimsicott|57/100|[from] drain|[of] p2a: Zamazenta
|-damage|p1a: Whimsicott|47/100|[from] item: Life Orb
|
|upkeep
|turn|5
|
|t:|1759005912
|switch|p1a: Ninetales|Ninetales, F, shiny|100/100
|-weather|SunnyDay|[from] ability: Drought|[of] p1a: Ninetales
|move|p2a: Zamazenta|Psychic Fangs|p1a: Ninetales
|-damage|p1a: Ninetales|50/100
|
|-weather|SunnyDay|[upkeep]
|upkeep
|turn|6
|
|t:|1759005922
|switch|p1a: Walking Wake|Walking Wake|100/100
|-activate|p1a: Walking Wake|ability: Protosynthesis
|-start|p1a: Walking Wake|protosynthesisspe
|move|p2a: Zamazenta|Psychic Fangs|p1a: Walking Wake
|-crit|p1a: Walking Wake
|-damage|p1a: Walking Wake|45/100
|
|-weather|SunnyDay|[upkeep]
|upkeep
|turn|7
|
|t:|1759005932
|switch|p2a: Dondozo|Dondozo, M|100/100
|move|p1a: Walking Wake|Hydro Steam|p2a: Dondozo
|-resisted|p2a: Dondozo
|-damage|p2a: Dondozo|83/100
|
|-weather|SunnyDay|[upkeep]
|upkeep
|turn|8
|
|t:|1759005942
|move|p1a: Walking Wake|Flip Turn|p2a: Dondozo
|-resisted|p2a: Dondozo
|-damage|p2a: Dondozo|80/100
|
|t:|1759005947
|-end|p1a: Walking Wake|Protosynthesis|[silent]
|switch|p1a: Whimsicott|Whimsicott, F, shiny|47/100|[from] Flip Turn
|move|p2a: Dondozo|Earthquake|p1a: Whimsicott
|-resisted|p1a: Whimsicott
|-damage|p1a: Whimsicott|26/100
|
|-weather|SunnyDay|[upkeep]
|upkeep
|turn|9
|
|t:|1759005954
|switch|p2a: Zamazenta|Zamazenta|63/100
|move|p1a: Whimsicott|Giga Drain|p2a: Zamazenta
|-damage|p2a: Zamazenta|28/100
|-heal|p1a: Whimsicott|44/100|[from] drain|[of] p2a: Zamazenta
|-damage|p1a: Whimsicott|35/100|[from] item: Life Orb
|
|-weather|SunnyDay|[upkeep]
|upkeep
|turn|10
|
|t:|1759005958
|move|p1a: Whimsicott|Giga Drain|p2a: Zamazenta
|-damage|p2a: Zamazenta|0 fnt
|-heal|p1a: Whimsicott|50/100|[from] drain|[of] p2a: Zamazenta
|faint|p2a: Zamazenta
|-damage|p1a: Whimsicott|40/100|[from] item: Life Orb
|
|-weather|SunnyDay|[upkeep]
|upkeep
|
|t:|1759005962
|switch|p2a: Garchomp|Garchomp, F|100/100
|turn|11
|
|t:|1759005964
|move|p1a: Whimsicott|Moonblast|p2a: Garchomp
|-supereffective|p2a: Garchomp
|-damage|p2a: Garchomp|8/100
|-damage|p1a: Whimsicott|30/100|[from] item: Life Orb
|move|p2a: Garchomp|Stealth Rock|p1a: Whimsicott
|-sidestart|p1: Akayagami|move: Stealth Rock
|
|-weather|SunnyDay|[upkeep]
|upkeep
|turn|12
|
|t:|1759005973
|move|p1a: Whimsicott|Giga Drain|p2a: Garchomp
|-damage|p2a: Garchomp|0 fnt
|-heal|p1a: Whimsicott|35/100|[from] drain|[of] p2a: Garchomp
|faint|p2a: Garchomp
|-damage|p1a: Whimsicott|25/100|[from] item: Life Orb
|
|-weather|none
|upkeep
|
|t:|1759005974
|switch|p2a: Kingambit|Kingambit, M|100/100
|-activate|p2a: Kingambit|ability: Supreme Overlord
|-start|p2a: Kingambit|fallen3|[silent]
|-item|p2a: Kingambit|Air Balloon
|turn|13
|
|t:|1759005977
|switch|p1a: Ninetales|Ninetales, F, shiny|50/100
|-damage|p1a: Ninetales|25/100|[from] Stealth Rock
|-weather|SunnyDay|[from] ability: Drought|[of] p1a: Ninetales
|move|p2a: Kingambit|Iron Head|p1a: Ninetales
|-resisted|p1a: Ninetales
|-damage|p1a: Ninetales|0 fnt
|faint|p1a: Ninetales
|
|-weather|SunnyDay|[upkeep]
|upkeep
|
|t:|1759005984
|switch|p1a: Great Tusk|Great Tusk|100/100
|-damage|p1a: Great Tusk|98/100|[from] Stealth Rock
|-activate|p1a: Great Tusk|ability: Protosynthesis
|-start|p1a: Great Tusk|protosynthesisspe
|turn|14
|
|t:|1759005989
|-end|p2a: Kingambit|fallen3|[silent]
|switch|p2a: Dondozo|Dondozo, M|80/100
|move|p1a: Great Tusk|Rapid Spin|p2a: Dondozo
|-damage|p2a: Dondozo|71/100
|-boost|p1a: Great Tusk|spe|1
|-sideend|p1: Akayagami|Stealth Rock|[from] move: Rapid Spin|[of] p1a: Great Tusk
|
|-weather|SunnyDay|[upkeep]
|upkeep
|turn|15
|
|t:|1759005998
|-end|p1a: Great Tusk|Protosynthesis|[silent]
|switch|p1a: Walking Wake|Walking Wake|45/100
|-activate|p1a: Walking Wake|ability: Protosynthesis
|-start|p1a: Walking Wake|protosynthesisspe
|move|p2a: Dondozo|Liquidation|p1a: Walking Wake
|-resisted|p1a: Walking Wake
|-damage|p1a: Walking Wake|40/100
|-unboost|p1a: Walking Wake|def|1
|
|-weather|SunnyDay|[upkeep]
|upkeep
|turn|16
|
|t:|1759006009
|move|p1a: Walking Wake|Flip Turn|p2a: Dondozo
|-resisted|p2a: Dondozo
|-damage|p2a: Dondozo|69/100
|
|t:|1759006015
|-end|p1a: Walking Wake|Protosynthesis|[silent]
|switch|p1a: Comfey|Comfey, F, shiny|100/100|[from] Flip Turn
|move|p2a: Dondozo|Earthquake|p1a: Comfey
|-damage|p1a: Comfey|61/100
|
|-weather|SunnyDay|[upkeep]
|upkeep
|turn|17
|
|t:|1759006021
|switch|p2a: Kingambit|Kingambit, M|100/100
|-activate|p2a: Kingambit|ability: Supreme Overlord
|-start|p2a: Kingambit|fallen3|[silent]
|-item|p2a: Kingambit|Air Balloon
|move|p1a: Comfey|Growth|p1a: Comfey
|-boost|p1a: Comfey|atk|2
|-boost|p1a: Comfey|spa|2
|
|-weather|SunnyDay|[upkeep]
|upkeep
|turn|18
|
|t:|1759006028
|move|p1a: Comfey|Draining Kiss|p2a: Kingambit
|-damage|p2a: Kingambit|47/100
|-heal|p1a: Comfey|100/100|[from] drain|[of] p2a: Kingambit
|-enditem|p2a: Kingambit|Air Balloon
|-damage|p1a: Comfey|91/100|[from] item: Life Orb
|move|p2a: Kingambit|Iron Head|p1a: Comfey
|-supereffective|p1a: Comfey
|-damage|p1a: Comfey|0 fnt
|faint|p1a: Comfey
|
|-weather|SunnyDay|[upkeep]
|upkeep
|
|t:|1759006046
|switch|p1a: Great Tusk|Great Tusk|98/100
|-activate|p1a: Great Tusk|ability: Protosynthesis
|-start|p1a: Great Tusk|protosynthesisspe
|turn|19
|
|t:|1759006051
|-end|p2a: Kingambit|fallen3|[silent]
|switch|p2a: Ursaluna|Ursaluna, F|44/100
|move|p1a: Great Tusk|Headlong Rush|p2a: Ursaluna
|-damage|p2a: Ursaluna|7/100
|-unboost|p1a: Great Tusk|def|1
|-unboost|p1a: Great Tusk|spd|1
|
|-weather|SunnyDay|[upkeep]
|-heal|p2a: Ursaluna|14/100|[from] item: Leftovers
|upkeep
|turn|20
|
|t:|1759006056
|move|p2a: Ursaluna|Protect|p2a: Ursaluna
|-singleturn|p2a: Ursaluna|Protect
|move|p1a: Great Tusk|Headlong Rush|p2a: Ursaluna
|-activate|p2a: Ursaluna|move: Protect
|
|-weather|none
|-end|p1a: Great Tusk|Protosynthesis
|-heal|p2a: Ursaluna|20/100|[from] item: Leftovers
|upkeep
|turn|21
|
|t:|1759006065
|move|p1a: Great Tusk|Headlong Rush|p2a: Ursaluna
|-damage|p2a: Ursaluna|0 fnt
|-unboost|p1a: Great Tusk|def|1
|-unboost|p1a: Great Tusk|spd|1
|faint|p2a: Ursaluna
|
|upkeep
|
|t:|1759006069
|switch|p2a: Dondozo|Dondozo, M|69/100
|turn|22
|
|t:|1759006073
|-end|p1a: Great Tusk|Protosynthesis|[silent]
|switch|p1a: Walking Wake|Walking Wake|40/100
|move|p2a: Dondozo|Earthquake|p1a: Walking Wake
|-damage|p1a: Walking Wake|9/100
|
|upkeep
|turn|23
|
|t:|1759006078
|move|p1a: Walking Wake|Draco Meteor|p2a: Dondozo
|-crit|p2a: Dondozo
|-damage|p2a: Dondozo|15/100
|-unboost|p1a: Walking Wake|spa|2
|move|p2a: Dondozo|Earthquake|p1a: Walking Wake
|-damage|p1a: Walking Wake|0 fnt
|faint|p1a: Walking Wake
|-end|p1a: Walking Wake|Protosynthesis|[silent]
|
|upkeep
|
|t:|1759006084
|switch|p1a: Iron Moth|Iron Moth, shiny|100/100
|-enditem|p1a: Iron Moth|Booster Energy
|-activate|p1a: Iron Moth|ability: Quark Drive|[fromitem]
|-start|p1a: Iron Moth|quarkdrivespa
|turn|24
|-message|mew28 forfeited.
|
|win|Akayagami
|raw|Akayagami's rating: 1477 &rarr; <strong>1495</strong><br />(+18 for winning)
|raw|mew28's rating: 1445 &rarr; <strong>1427</strong><br />(-18 for losing)
|l|☆mew28
|player|p2|
|l|☆Akayagami
|player|p1|
