|j|☆gen6izdasht
|j|☆NaughtyGionni
|t:|1758969349
|gametype|singles
|player|p1|gen6izdasht|170|1586
|player|p2|NaughtyGionni|102|1589
|gen|9
|tier|[Gen 9] OU
|rated|
|rule|HP Percentage Mod: HP is shown in percentages
|rule|Endless Battle Clause: Forcing endless battles is banned
|rule|Species Clause: Limit one of each Pokémon
|rule|OHKO Clause: OHKO moves are banned
|rule|Evasion Items Clause: Evasion items are banned
|rule|Evasion Moves Clause: Evasion moves are banned
|rule|Evasion Abilities Clause: Evasion abilities are banned
|rule|Sleep Moves Clause: Sleep-inducing moves are banned
|clearpoke
|poke|p1|Araquanid, M|
|poke|p1|Cinderace, M|
|poke|p1|Kingambit, M|
|poke|p1|Enamorus, F|
|poke|p1|Serperior, M|
|poke|p1|Ceruledge, M|
|poke|p2|Kingambit, F|
|poke|p2|Deoxys-Speed|
|poke|p2|Great Tusk|
|poke|p2|Dragonite, M|
|poke|p2|Iron Moth|
|poke|p2|Primarina, F|
|teampreview
|inactive|Battle timer is ON: inactive players will automatically lose when time's up. (requested by NaughtyGionni)
|inactive|gen6izdasht has 120 seconds left.
|j| Rizzofreko
|
|t:|1758969399
|teamsize|p1|6
|teamsize|p2|6
|start
|switch|p1a: Araquanid|Araquanid, M|100/100
|switch|p2a: Yoshi|Dragonite, M, shiny|100/100
|turn|1
|
|t:|1758969424
|switch|p2a: Meruem|Kingambit, F|100/100
|switch|p1a: Serperior|Serperior, M|100/100
|
|upkeep
|turn|2
|
|t:|1758969430
|move|p1a: Serperior|Glare|p2a: Meruem
|-status|p2a: Meruem|par
|move|p2a: Meruem|Swords Dance|p2a: Meruem
|-boost|p2a: Meruem|atk|2
|
|upkeep
|turn|3
|
|t:|1758969434
|switch|p1a: Kingambit|Kingambit, M|100/100
|move|p2a: Meruem|Iron Head|p1a: Kingambit
|-resisted|p1a: Kingambit
|-damage|p1a: Kingambit|68/100
|
|upkeep
|turn|4
|
|t:|1758969441
|move|p1a: Kingambit|Low Kick|p2a: Meruem
|-supereffective|p2a: Meruem
|-damage|p2a: Meruem|0 fnt
|faint|p2a: Meruem
|-end|p2a: Meruem|fallenundefined|[silent]
|
|upkeep
|
|t:|1758969457
|switch|p2a: Anomaly|Great Tusk|100/100
|-enditem|p2a: Anomaly|Booster Energy
|-activate|p2a: Anomaly|ability: Protosynthesis|[fromitem]
|-start|p2a: Anomaly|protosynthesisatk
|turn|5
|j| wgw2333
|inactive|gen6izdasht has 120 seconds left.
|
|t:|1758969488
|switch|p1a: Araquanid|Araquanid, M|100/100
|move|p2a: Anomaly|Rapid Spin|p1a: Araquanid
|-damage|p1a: Araquanid|77/100
|-boost|p2a: Anomaly|spe|1
|
|upkeep
|turn|6
|
|t:|1758969501
|-terastallize|p2a: Anomaly|Steel
|move|p2a: Anomaly|Headlong Rush|p1a: Araquanid
|-resisted|p1a: Araquanid
|-damage|p1a: Araquanid|33/100
|-unboost|p2a: Anomaly|def|1
|-unboost|p2a: Anomaly|spd|1
|move|p1a: Araquanid|Surf|p2a: Anomaly
|-damage|p2a: Anomaly|0 fnt
|faint|p2a: Anomaly
|-end|p2a: Anomaly|Protosynthesis|[silent]
|
|upkeep
|
|t:|1758969516
|switch|p2a: Anomаly|Iron Moth|100/100
|-enditem|p2a: Anomаly|Booster Energy
|-activate|p2a: Anomаly|ability: Quark Drive|[fromitem]
|-start|p2a: Anomаly|quarkdrivespe
|turn|7
|
|t:|1758969527
|move|p2a: Anomаly|Fiery Dance|p1a: Araquanid
|-damage|p1a: Araquanid|16/100
|move|p1a: Araquanid|Sticky Web|p2a: Anomаly
|-sidestart|p2: NaughtyGionni|move: Sticky Web
|
|upkeep
|turn|8
|-enditem|p1a: Araquanid|Custap Berry|[eat]
|-activate|p1a: Araquanid|item: Custap Berry|[consumed]
|
|t:|1758969537
|move|p1a: Araquanid|Surf|p2a: Anomаly
|-supereffective|p2a: Anomаly
|-damage|p2a: Anomаly|0 fnt
|faint|p2a: Anomаly
|-end|p2a: Anomаly|Quark Drive|[silent]
|
|upkeep
|-message|NaughtyGionni forfeited.
|
|win|gen6izdasht
|raw|gen6izdasht's rating: 1586 &rarr; <strong>1606</strong><br />(+20 for winning)
|raw|NaughtyGionni's rating: 1589 &rarr; <strong>1569</strong><br />(-20 for losing)
|l|☆NaughtyGionni
|player|p2|
|l| Rizzofreko
|l| wgw2333
