|j|☆humunitzy
|j|☆TackyZack
|t:|1759007944
|gametype|singles
|player|p1|humunitzy|gentleman|1467
|player|p2|TackyZack|169|1461
|gen|9
|tier|[Gen 9] OU
|rated|
|rule|HP Percentage Mod: HP is shown in percentages
|rule|Endless Battle Clause: Forcing endless battles is banned
|rule|Species Clause: Limit one of each Pokémon
|rule|OHKO Clause: OHKO moves are banned
|rule|Evasion Items Clause: Evasion items are banned
|rule|Evasion Moves Clause: Evasion moves are banned
|rule|Evasion Abilities Clause: Evasion abilities are banned
|rule|Sleep Moves Clause: Sleep-inducing moves are banned
|clearpoke
|poke|p1|Weavile, F|
|poke|p1|Hoopa-Unbound|
|poke|p1|Landorus-Therian, M|
|poke|p1|Iron Valiant|
|poke|p1|Scizor, F|
|poke|p1|Kingambit, M|
|poke|p2|Dragonite, F|
|poke|p2|Gholdengo|
|poke|p2|Regidrago|
|poke|p2|Scizor, M|
|poke|p2|Ting-Lu|
|poke|p2|Weezing-Galar, F|
|teampreview
|
|t:|1759007955
|teamsize|p1|6
|teamsize|p2|6
|start
|switch|p1a: Weavile|Weavile, F|100/100
|switch|p2a: Ting-Lu|Ting-Lu|100/100
|-ability|p1a: Weavile|Pressure
|-ability|p2a: Ting-Lu|Vessel of Ruin
|turn|1
|
|t:|1759007978
|switch|p2a: Weezing|Weezing-Galar, F|100/100
|-ability|p2a: Weezing|Neutralizing Gas
|move|p1a: Weavile|Triple Axel|p2a: Weezing|[miss]
|-miss|p1a: Weavile|p2a: Weezing
|
|upkeep
|turn|2
|c|☆TackyZack|Mb
|
|t:|1759007995
|switch|p1a: Iron Valiant|Iron Valiant|100/100
|move|p2a: Weezing|Will-O-Wisp|p1a: Iron Valiant
|-status|p1a: Iron Valiant|brn
|
|-damage|p1a: Iron Valiant|94/100 brn|[from] brn
|upkeep
|turn|3
|
|t:|1759008021
|-end|p1a: Iron Valiant|Quark Drive|[silent]
|switch|p1a: Scizor|Scizor, F|100/100
|-end|p2a: Weezing|ability: Neutralizing Gas
|switch|p2a: Ting-Lu|Ting-Lu|100/100
|-ability|p2a: Ting-Lu|Vessel of Ruin
|
|upkeep
|turn|4
|
|t:|1759008028
|switch|p2a: Gholdengo|Gholdengo|100/100
|move|p1a: Scizor|U-turn|p2a: Gholdengo
|-resisted|p2a: Gholdengo
|-damage|p2a: Gholdengo|84/100
|
|t:|1759008048
|switch|p1a: Weavile|Weavile, F|100/100|[from] U-turn
|-ability|p1a: Weavile|Pressure
|
|upkeep
|turn|5
|
|t:|1759008056
|switch|p2a: Weezing|Weezing-Galar, F|100/100
|-ability|p2a: Weezing|Neutralizing Gas
|-terastallize|p1a: Weavile|Dark
|move|p1a: Weavile|Beat Up|p2a: Weezing
|-resisted|p2a: Weezing
|-damage|p2a: Weezing|95/100
|-resisted|p2a: Weezing
|-damage|p2a: Weezing|88/100
|-resisted|p2a: Weezing
|-damage|p2a: Weezing|82/100
|-resisted|p2a: Weezing
|-damage|p2a: Weezing|75/100
|-resisted|p2a: Weezing
|-damage|p2a: Weezing|69/100
|-hitcount|p2a: Weezing|5
|
|upkeep
|turn|6
|
|t:|1759008081
|switch|p1a: Iron Valiant|Iron Valiant|94/100 brn
|move|p2a: Weezing|Sludge Bomb|p1a: Iron Valiant
|-supereffective|p1a: Iron Valiant
|-damage|p1a: Iron Valiant|0 fnt
|faint|p1a: Iron Valiant
|-end|p1a: Iron Valiant|Quark Drive|[silent]
|
|upkeep
|
|t:|1759008096
|switch|p1a: Landorus|Landorus-Therian, M|100/100
|turn|7
|
|t:|1759008104
|-end|p2a: Weezing|ability: Neutralizing Gas
|-ability|p1a: Landorus|Intimidate|boost
|-unboost|p2a: Weezing|atk|1
|switch|p2a: Scizor|Scizor, M|100/100
|move|p1a: Landorus|Earthquake|p2a: Scizor
|-damage|p2a: Scizor|37/100
|
|upkeep
|turn|8
|
|t:|1759008118
|switch|p1a: Kingambit|Kingambit, M|100/100
|-activate|p1a: Kingambit|ability: Supreme Overlord
|-start|p1a: Kingambit|fallen1|[silent]
|move|p2a: Scizor|Bullet Punch|p1a: Kingambit
|-resisted|p1a: Kingambit
|-damage|p1a: Kingambit|82/100
|
|upkeep
|turn|9
|
|t:|1759008125
|switch|p2a: Ting-Lu|Ting-Lu|100/100
|-ability|p2a: Ting-Lu|Vessel of Ruin
|move|p1a: Kingambit|Swords Dance|p1a: Kingambit
|-boost|p1a: Kingambit|atk|2
|
|upkeep
|turn|10
|
|t:|1759008151
|move|p1a: Kingambit|Swords Dance|p1a: Kingambit
|-boost|p1a: Kingambit|atk|2
|move|p2a: Ting-Lu|Whirlwind|p1a: Kingambit
|-end|p1a: Kingambit|fallen1|[silent]
|drag|p1a: Scizor|Scizor, F|100/100
|
|upkeep
|turn|11
|
|t:|1759008157
|move|p1a: Scizor|U-turn|p2a: Ting-Lu
|-supereffective|p2a: Ting-Lu
|-damage|p2a: Ting-Lu|29/100
|
|t:|1759008164
|switch|p1a: Landorus|Landorus-Therian, M|100/100|[from] U-turn
|-ability|p1a: Landorus|Intimidate|boost
|-unboost|p2a: Ting-Lu|atk|1
|move|p2a: Ting-Lu|Stealth Rock|p1a: Landorus
|-sidestart|p1: humunitzy|move: Stealth Rock
|
|-heal|p2a: Ting-Lu|35/100|[from] item: Leftovers
|upkeep
|turn|12
|
|t:|1759008174
|move|p1a: Landorus|U-turn|p2a: Ting-Lu
|-supereffective|p2a: Ting-Lu
|-damage|p2a: Ting-Lu|9/100
|
|t:|1759008198
|switch|p1a: Scizor|Scizor, F|100/100|[from] U-turn
|-damage|p1a: Scizor|88/100|[from] Stealth Rock
|move|p2a: Ting-Lu|Ruination|p1a: Scizor
|-damage|p1a: Scizor|45/100
|
|-heal|p2a: Ting-Lu|15/100|[from] item: Leftovers
|upkeep
|turn|13
|
|t:|1759008210
|move|p1a: Scizor|Bullet Punch|p2a: Ting-Lu
|-damage|p2a: Ting-Lu|0 fnt
|faint|p2a: Ting-Lu
|
|upkeep
|
|t:|1759008216
|switch|p2a: Weezing|Weezing-Galar, F|69/100
|-ability|p2a: Weezing|Neutralizing Gas
|turn|14
|
|t:|1759008235
|move|p1a: Scizor|Bullet Punch|p2a: Weezing
|-supereffective|p2a: Weezing
|-damage|p2a: Weezing|21/100
|move|p2a: Weezing|Will-O-Wisp|p1a: Scizor
|-status|p1a: Scizor|brn
|
|-damage|p1a: Scizor|38/100 brn|[from] brn
|upkeep
|turn|15
|
|t:|1759008248
|-end|p2a: Weezing|ability: Neutralizing Gas
|switch|p2a: Gholdengo|Gholdengo|84/100
|move|p1a: Scizor|Bullet Punch|p2a: Gholdengo
|-resisted|p2a: Gholdengo
|-damage|p2a: Gholdengo|69/100
|
|-damage|p1a: Scizor|32/100 brn|[from] brn
|upkeep
|turn|16
|
|t:|1759008255
|move|p1a: Scizor|Bullet Punch|p2a: Gholdengo
|-resisted|p2a: Gholdengo
|-damage|p2a: Gholdengo|54/100
|move|p2a: Gholdengo|Make It Rain|p1a: Scizor
|-resisted|p1a: Scizor
|-damage|p1a: Scizor|0 fnt
|-unboost|p2a: Gholdengo|spa|1
|faint|p1a: Scizor
|
|upkeep
|
|t:|1759008269
|switch|p1a: Hoopa|Hoopa-Unbound|100/100
|-damage|p1a: Hoopa|88/100|[from] Stealth Rock
|turn|17
|
|t:|1759008274
|switch|p2a: Scizor|Scizor, M|37/100
|move|p1a: Hoopa|Knock Off|p2a: Scizor
|-damage|p2a: Scizor|0 fnt
|-enditem|p2a: Scizor|Choice Band|[from] move: Knock Off|[of] p1a: Hoopa
|faint|p2a: Scizor
|
|upkeep
|
|t:|1759008284
|switch|p2a: Regidrago|Regidrago|100/100
|turn|18
|
|t:|1759008296
|move|p2a: Regidrago|Dragon Energy|p1a: Hoopa
|-damage|p1a: Hoopa|39/100
|move|p1a: Hoopa|Knock Off|p2a: Regidrago
|-damage|p2a: Regidrago|49/100
|-enditem|p2a: Regidrago|Choice Scarf|[from] move: Knock Off|[of] p1a: Hoopa
|
|upkeep
|turn|19
|
|t:|1759008322
|move|p2a: Regidrago|Draco Meteor|p1a: Hoopa
|-damage|p1a: Hoopa|0 fnt
|-unboost|p2a: Regidrago|spa|2
|faint|p1a: Hoopa
|
|upkeep
|
|t:|1759008344
|switch|p1a: Weavile|Weavile, F, tera:Dark|100/100
|-damage|p1a: Weavile|88/100|[from] Stealth Rock
|-ability|p1a: Weavile|Pressure
|turn|20
|
|t:|1759008355
|move|p1a: Weavile|Triple Axel|p2a: Regidrago
|-supereffective|p2a: Regidrago
|-damage|p2a: Regidrago|18/100
|-supereffective|p2a: Regidrago
|-damage|p2a: Regidrago|0 fnt
|faint|p2a: Regidrago
|-hitcount|p2: Regidrago|2
|
|upkeep
|
|t:|1759008358
|switch|p2a: Gholdengo|Gholdengo|54/100
|turn|21
|
|t:|1759008384
|switch|p1a: Kingambit|Kingambit, M|82/100
|-damage|p1a: Kingambit|76/100|[from] Stealth Rock
|-activate|p1a: Kingambit|ability: Supreme Overlord
|-start|p1a: Kingambit|fallen3|[silent]
|move|p2a: Gholdengo|Recover|p2a: Gholdengo
|-heal|p2a: Gholdengo|100/100
|
|upkeep
|turn|22
|
|t:|1759008404
|switch|p2a: Weezing|Weezing-Galar, F|21/100
|-ability|p2a: Weezing|Neutralizing Gas
|move|p1a: Kingambit|Kowtow Cleave|p2a: Weezing
|-resisted|p2a: Weezing
|-damage|p2a: Weezing|2/100
|
|upkeep
|turn|23
|
|t:|1759008413
|move|p2a: Weezing|Will-O-Wisp|p1a: Kingambit
|-status|p1a: Kingambit|brn
|move|p1a: Kingambit|Kowtow Cleave|p2a: Weezing
|-resisted|p2a: Weezing
|-damage|p2a: Weezing|0 fnt
|faint|p2a: Weezing
|-end|p2a: Weezing|ability: Neutralizing Gas
|-activate|p1a: Kingambit|ability: Supreme Overlord
|-start|p1a: Kingambit|fallen3|[silent]
|
|-damage|p1a: Kingambit|70/100 brn|[from] brn
|upkeep
|
|t:|1759008418
|switch|p2a: Dragonite|Dragonite, F|100/100
|turn|24
|
|t:|1759008430
|-end|p1a: Kingambit|fallen3|[silent]
|switch|p1a: Landorus|Landorus-Therian, M|100/100
|-damage|p1a: Landorus|88/100|[from] Stealth Rock
|-ability|p1a: Landorus|Intimidate|boost
|-unboost|p2a: Dragonite|atk|1
|move|p2a: Dragonite|Dragon Dance|p2a: Dragonite
|-boost|p2a: Dragonite|atk|1
|-boost|p2a: Dragonite|spe|1
|
|upkeep
|turn|25
|
|t:|1759008440
|move|p1a: Landorus|Stone Edge|p2a: Dragonite|[miss]
|-miss|p1a: Landorus|p2a: Dragonite
|move|p2a: Dragonite|Dragon Dance|p2a: Dragonite
|-boost|p2a: Dragonite|atk|1
|-boost|p2a: Dragonite|spe|1
|
|upkeep
|turn|26
|
|t:|1759008446
|-terastallize|p2a: Dragonite|Normal
|move|p2a: Dragonite|Dragon Dance|p2a: Dragonite
|-boost|p2a: Dragonite|atk|1
|-boost|p2a: Dragonite|spe|1
|move|p1a: Landorus|Stone Edge|p2a: Dragonite
|-damage|p2a: Dragonite|80/100
|
|upkeep
|turn|27
|
|t:|1759008464
|switch|p1a: Weavile|Weavile, F, tera:Dark|88/100
|-damage|p1a: Weavile|76/100|[from] Stealth Rock
|-ability|p1a: Weavile|Pressure
|move|p2a: Dragonite|Roost|p2a: Dragonite
|-heal|p2a: Dragonite|100/100
|
|upkeep
|turn|28
|
|t:|1759008474
|move|p2a: Dragonite|Extreme Speed|p1a: Weavile
|-damage|p1a: Weavile|0 fnt
|faint|p1a: Weavile
|
|upkeep
|
|t:|1759008480
|switch|p1a: Kingambit|Kingambit, M|70/100 brn
|-damage|p1a: Kingambit|64/100 brn|[from] Stealth Rock
|-activate|p1a: Kingambit|ability: Supreme Overlord
|-start|p1a: Kingambit|fallen4|[silent]
|turn|29
|c|☆humunitzy|gg
|-message|humunitzy forfeited.
|
|win|TackyZack
|raw|humunitzy's rating: 1467 &rarr; <strong>1447</strong><br />(-20 for losing)
|raw|TackyZack's rating: 1461 &rarr; <strong>1481</strong><br />(+20 for winning)
|l|☆humunitzy
|player|p1|
|c|☆TackyZack|Gg
|l|☆TackyZack
|player|p2|
