|j|☆agc member
|j|☆Nultiprise
|t:|1759049485
|gametype|singles
|player|p1|agc member|brendan-e|1412
|player|p2|Nultiprise|preschooler|1418
|gen|9
|tier|[Gen 9] OU
|rated|
|rule|HP Percentage Mod: HP is shown in percentages
|rule|Endless Battle Clause: Forcing endless battles is banned
|rule|Species Clause: Limit one of each Pokémon
|rule|OHKO Clause: OHKO moves are banned
|rule|Evasion Items Clause: Evasion items are banned
|rule|Evasion Moves Clause: Evasion moves are banned
|rule|Evasion Abilities Clause: Evasion abilities are banned
|rule|Sleep Moves Clause: Sleep-inducing moves are banned
|clearpoke
|poke|p1|Zapdos|
|poke|p1|Sandy Shocks|
|poke|p1|Samurott-Hisui, M|
|poke|p1|Iron Treads|
|poke|p1|Latios, M|
|poke|p1|Rillaboom, M|
|poke|p2|Greninja-*, M|
|poke|p2|Zoroark-Hisui, F|
|poke|p2|Great Tusk|
|poke|p2|Deoxys-Speed|
|poke|p2|Yanmega, F|
|poke|p2|Toxicroak, F|
|teampreview
|inactive|Battle timer is ON: inactive players will automatically lose when time's up. (requested by agc member)
|
|t:|1759049498
|teamsize|p1|6
|teamsize|p2|6
|start
|switch|p1a: Samurott|Samurott-Hisui, M, shiny|100/100
|switch|p2a: Quoi ?|Greninja, M|100/100
|turn|1
|
|t:|1759049510
|move|p2a: Quoi ?|Grass Knot|p1a: Samurott
|-supereffective|p1a: Samurott
|-damage|p1a: Samurott|0 fnt
|faint|p1a: Samurott
|-damage|p2a: Quoi ?|91/100|[from] item: Life Orb
|
|upkeep
|
|t:|1759049520
|switch|p1a: Latios|Latios, M, shiny|100/100
|turn|2
|
|t:|1759049526
|move|p1a: Latios|Draco Meteor|p2a: Quoi ?
|-damage|p2a: Quoi ?|0 fnt
|-unboost|p1a: Latios|spa|2
|replace|p2a: Feur|Zoroark-Hisui, F
|-end|p2a: Feur|Illusion
|faint|p2a: Feur
|
|upkeep
|
|t:|1759049531
|switch|p2a: Quoi ?|Greninja, M|100/100
|turn|3
|
|t:|1759049539
|switch|p1a: Sandy Shocks|Sandy Shocks|100/100
|-enditem|p1a: Sandy Shocks|Booster Energy
|-activate|p1a: Sandy Shocks|ability: Protosynthesis|[fromitem]
|-start|p1a: Sandy Shocks|protosynthesisspe
|move|p2a: Quoi ?|Dark Pulse|p1a: Sandy Shocks
|-damage|p1a: Sandy Shocks|57/100
|
|upkeep
|turn|4
|
|t:|1759049549
|switch|p2a: Toxicroak|Toxicroak, F|100/100
|move|p1a: Sandy Shocks|Thunderbolt|p2a: Toxicroak
|-damage|p2a: Toxicroak|34/100
|
|upkeep
|turn|5
|
|t:|1759049557
|move|p2a: Toxicroak|Sucker Punch|p1a: Sandy Shocks
|-damage|p1a: Sandy Shocks|29/100
|-damage|p2a: Toxicroak|24/100|[from] item: Life Orb
|move|p1a: Sandy Shocks|Earth Power|p2a: Toxicroak
|-supereffective|p2a: Toxicroak
|-damage|p2a: Toxicroak|0 fnt
|faint|p2a: Toxicroak
|
|upkeep
|
|t:|1759049560
|switch|p2a: Deoxys|Deoxys-Speed|100/100
|-ability|p2a: Deoxys|Pressure
|turn|6
|
|t:|1759049570
|move|p2a: Deoxys|Ice Beam|p1a: Sandy Shocks
|-supereffective|p1a: Sandy Shocks
|-damage|p1a: Sandy Shocks|0 fnt
|faint|p1a: Sandy Shocks
|-end|p1a: Sandy Shocks|Protosynthesis|[silent]
|
|upkeep
|
|t:|1759049581
|switch|p1a: mecha dumbo|Iron Treads, shiny|100/100
|turn|7
|
|t:|1759049591
|move|p1a: mecha dumbo|High Horsepower|p2a: Deoxys
|-damage|p2a: Deoxys|25/100
|move|p2a: Deoxys|Counter|p1a: mecha dumbo
|-damage|p1a: mecha dumbo|0 fnt
|faint|p1a: mecha dumbo
|-end|p1a: mecha dumbo|Quark Drive|[silent]
|
|upkeep
|
|t:|1759049602
|switch|p1a: Rillaboom|Rillaboom, M, shiny|100/100
|-fieldstart|move: Grassy Terrain|[from] ability: Grassy Surge|[of] p1a: Rillaboom
|turn|8
|
|t:|1759049607
|move|p1a: Rillaboom|Grassy Glide|p2a: Deoxys
|-damage|p2a: Deoxys|0 fnt
|faint|p2a: Deoxys
|
|upkeep
|
|t:|1759049610
|switch|p2a: Quoi ?|Greninja, M|100/100
|turn|9
|
|t:|1759049613
|move|p1a: Rillaboom|Grassy Glide|p2a: Quoi ?
|-supereffective|p2a: Quoi ?
|-enditem|p2a: Quoi ?|Focus Sash
|-damage|p2a: Quoi ?|1/100
|move|p2a: Quoi ?|Counter|p1a: Rillaboom
|-damage|p1a: Rillaboom|0 fnt
|faint|p1a: Rillaboom
|-ability|p2a: Quoi ?|Battle Bond|boost
|-boost|p2a: Quoi ?|atk|1
|-boost|p2a: Quoi ?|spa|1
|-boost|p2a: Quoi ?|spe|1
|-activate|p2a: Quoi ?|ability: Battle Bond
|
|-heal|p2a: Quoi ?|7/100|[from] Grassy Terrain
|upkeep
|
|t:|1759049627
|switch|p1a: electro|Zapdos, shiny|100/100
|turn|10
|
|t:|1759049642
|-terastallize|p1a: electro|Water
|move|p2a: Quoi ?|Ice Beam|p1a: electro
|-resisted|p1a: electro
|-damage|p1a: electro|81/100
|move|p1a: electro|Volt Switch|p2a: Quoi ?
|-supereffective|p2a: Quoi ?
|-damage|p2a: Quoi ?|0 fnt
|faint|p2a: Quoi ?
|
|t:|1759049653
|switch|p1a: Latios|Latios, M, shiny|100/100|[from] Volt Switch
|
|upkeep
|
|t:|1759049656
|switch|p2a: Yanmega|Yanmega, F|100/100
|turn|11
|
|t:|1759049662
|move|p2a: Yanmega|Protect|p2a: Yanmega
|-singleturn|p2a: Yanmega|Protect
|move|p1a: Latios|Psyshock|p2a: Yanmega
|-activate|p2a: Yanmega|move: Protect
|
|-ability|p2a: Yanmega|Speed Boost|boost
|-boost|p2a: Yanmega|spe|1
|upkeep
|turn|12
|
|t:|1759049671
|move|p1a: Latios|Psyshock|p2a: Yanmega
|-damage|p2a: Yanmega|41/100
|move|p2a: Yanmega|Bug Buzz|p1a: Latios
|-supereffective|p1a: Latios
|-damage|p1a: Latios|7/100
|-enditem|p2a: Yanmega|Throat Spray
|-boost|p2a: Yanmega|spa|1|[from] item: Throat Spray
|
|-fieldend|move: Grassy Terrain
|-ability|p2a: Yanmega|Speed Boost|boost
|-boost|p2a: Yanmega|spe|1
|upkeep
|turn|13
|
|t:|1759049680
|move|p2a: Yanmega|Bug Buzz|p1a: Latios
|-supereffective|p1a: Latios
|-damage|p1a: Latios|0 fnt
|faint|p1a: Latios
|
|-ability|p2a: Yanmega|Speed Boost|boost
|-boost|p2a: Yanmega|spe|1
|upkeep
|
|t:|1759049699
|switch|p1a: electro|Zapdos, shiny, tera:Water|81/100
|turn|14
|
|t:|1759049702
|move|p2a: Yanmega|Bug Buzz|p1a: electro
|-damage|p1a: electro|4/100
|move|p1a: electro|Volt Switch|p2a: Yanmega
|-supereffective|p2a: Yanmega
|-damage|p2a: Yanmega|0 fnt
|faint|p2a: Yanmega
|
|upkeep
|
|t:|1759049705
|switch|p2a: Great Tusk|Great Tusk|100/100
|-enditem|p2a: Great Tusk|Booster Energy
|-activate|p2a: Great Tusk|ability: Protosynthesis|[fromitem]
|-start|p2a: Great Tusk|protosynthesisspe
|turn|15
|
|t:|1759049713
|move|p2a: Great Tusk|Rapid Spin|p1a: electro
|-damage|p1a: electro|0 fnt
|-boost|p2a: Great Tusk|spe|1
|faint|p1a: electro
|
|win|Nultiprise
|raw|agc member's rating: 1412 &rarr; <strong>1392</strong><br />(-20 for losing)
|raw|Nultiprise's rating: 1418 &rarr; <strong>1438</strong><br />(+20 for winning)
|l|☆Nultiprise
|player|p2|
|l|☆agc member
|player|p1|
