|j|☆doctor coolress
|j|☆Squige137
|t:|1759075794
|gametype|singles
|player|p1|doctor coolress|colress|1374
|player|p2|Squige137|infielder|1341
|gen|9
|tier|[Gen 9] OU
|rated|
|rule|HP Percentage Mod: HP is shown in percentages
|rule|Endless Battle Clause: Forcing endless battles is banned
|rule|Species Clause: Limit one of each Pokémon
|rule|OHKO Clause: OHKO moves are banned
|rule|Evasion Items Clause: Evasion items are banned
|rule|Evasion Moves Clause: Evasion moves are banned
|rule|Evasion Abilities Clause: Evasion abilities are banned
|rule|Sleep Moves Clause: Sleep-inducing moves are banned
|clearpoke
|poke|p1|Persian-Alola, M|
|poke|p1|Ceruledge, F|
|poke|p1|Ogerpon-Wellspring, F|
|poke|p1|Hatterene, F|
|poke|p1|Cinderace, F|
|poke|p1|Rotom-Wash|
|poke|p2|Pelipper, M|
|poke|p2|Muk-Alola, F|
|poke|p2|Vileplume, F|
|poke|p2|Raging Bolt|
|poke|p2|Donphan, F|
|poke|p2|Iron Valiant|
|teampreview
|inactive|Battle timer is ON: inactive players will automatically lose when time's up. (requested by Squige137)
|inactive|doctor coolress also wants the timer to be on.
|c|☆Squige137|glhf
|
|t:|1759075820
|teamsize|p1|6
|teamsize|p2|6
|start
|switch|p1a: Rotom|Rotom-Wash|100/100
|switch|p2a: Muk|Muk-Alola, F|100/100
|turn|1
|
|t:|1759075825
|move|p1a: Rotom|Will-O-Wisp|p2a: Muk
|-status|p2a: Muk|brn
|move|p2a: Muk|Knock Off|p1a: Rotom
|-damage|p1a: Rotom|66/100
|-enditem|p1a: Rotom|Choice Scarf|[from] move: Knock Off|[of] p2a: Muk
|
|-damage|p2a: Muk|94/100 brn|[from] brn
|upkeep
|turn|2
|
|t:|1759075833
|move|p1a: Rotom|Hydro Pump|p2a: Muk
|-damage|p2a: Muk|68/100 brn
|move|p2a: Muk|Knock Off|p1a: Rotom
|-damage|p1a: Rotom|44/100
|
|-damage|p2a: Muk|62/100 brn|[from] brn
|upkeep
|turn|3
|
|t:|1759075841
|move|p1a: Rotom|Trick|p2a: Muk
|-activate|p1a: Rotom|move: Trick|[of] p2a: Muk
|-enditem|p2a: Muk|Assault Vest|[silent]|[from] move: Trick
|-item|p1a: Rotom|Assault Vest|[from] move: Trick
|move|p2a: Muk|Poison Jab|p1a: Rotom
|-damage|p1a: Rotom|16/100
|
|-damage|p2a: Muk|56/100 brn|[from] brn
|upkeep
|turn|4
|
|t:|1759075851
|move|p1a: Rotom|Hydro Pump|p2a: Muk
|-damage|p2a: Muk|16/100 brn
|move|p2a: Muk|Poison Jab|p1a: Rotom
|-damage|p1a: Rotom|0 fnt
|faint|p1a: Rotom
|
|-damage|p2a: Muk|10/100 brn|[from] brn
|upkeep
|
|t:|1759075864
|switch|p1a: Persian|Persian-Alola, M|100/100
|turn|5
|
|t:|1759075869
|move|p2a: Muk|Shadow Sneak|p1a: Persian
|-resisted|p1a: Persian
|-damage|p1a: Persian|99/100
|-damage|p2a: Muk|0 fnt|[from] item: Rocky Helmet|[of] p1a: Persian
|-status|p1a: Persian|psn|[from] ability: Poison Touch|[of] p2a: Muk
|faint|p2a: Muk
|move|p1a: Persian|Foul Play|p2: Muk|[notarget]
|-fail|p1a: Persian
|
|-damage|p1a: Persian|87/100 psn|[from] psn
|upkeep
|
|t:|1759075879
|switch|p2a: Vileplume|Vileplume, F|100/100
|turn|6
|
|t:|1759075883
|move|p1a: Persian|Thunder Wave|p2a: Vileplume
|-status|p2a: Vileplume|par
|move|p2a: Vileplume|Leech Seed|p1a: Persian|[miss]
|-miss|p2a: Vileplume|p1a: Persian
|
|-damage|p1a: Persian|74/100 psn|[from] psn
|upkeep
|turn|7
|
|t:|1759075890
|move|p1a: Persian|Parting Shot|p2a: Vileplume
|-unboost|p2a: Vileplume|atk|1
|-unboost|p2a: Vileplume|spa|1
|
|t:|1759075893
|switch|p1a: Hatterene|Hatterene, F|100/100|[from] Parting Shot
|move|p2a: Vileplume|Strength Sap|p1a: Hatterene
|move|p1a: Hatterene|Strength Sap|p2a: Vileplume|[from] ability: Magic Bounce
|-unboost|p2a: Vileplume|atk|1
|
|upkeep
|turn|8
|
|t:|1759075901
|move|p1a: Hatterene|Psychic Noise|p2a: Vileplume
|-supereffective|p2a: Vileplume
|-damage|p2a: Vileplume|13/100 par
|-start|p2a: Vileplume|move: Heal Block
|move|p2a: Vileplume|Sludge Wave|p1a: Hatterene
|-supereffective|p1a: Hatterene
|-damage|p1a: Hatterene|68/100
|
|upkeep
|turn|9
|
|t:|1759075911
|move|p1a: Hatterene|Psychic Noise|p2a: Vileplume
|-supereffective|p2a: Vileplume
|-damage|p2a: Vileplume|0 fnt
|faint|p2a: Vileplume
|
|upkeep
|
|t:|1759075924
|switch|p2a: Donphan|Donphan, F|100/100
|turn|10
|
|t:|1759075929
|switch|p1a: Persian|Persian-Alola, M|74/100 psn
|move|p2a: Donphan|Knock Off|p1a: Persian
|-resisted|p1a: Persian
|-damage|p1a: Persian|65/100 psn
|-damage|p2a: Donphan|84/100|[from] item: Rocky Helmet|[of] p1a: Persian
|-enditem|p1a: Persian|Rocky Helmet|[from] move: Knock Off|[of] p2a: Donphan
|
|-damage|p1a: Persian|53/100 psn|[from] psn
|upkeep
|turn|11
|
|t:|1759075942
|move|p1a: Persian|Knock Off|p2a: Donphan
|-damage|p2a: Donphan|66/100
|-enditem|p2a: Donphan|Heavy-Duty Boots|[from] move: Knock Off|[of] p1a: Persian
|move|p2a: Donphan|Earthquake|p1a: Persian
|-damage|p1a: Persian|27/100 psn
|
|-damage|p1a: Persian|15/100 psn|[from] psn
|upkeep
|turn|12
|
|t:|1759075950
|move|p1a: Persian|Foul Play|p2a: Donphan
|-damage|p2a: Donphan|26/100
|move|p2a: Donphan|Rapid Spin|p1a: Persian
|-damage|p1a: Persian|6/100 psn
|-boost|p2a: Donphan|spe|1
|
|-damage|p1a: Persian|0 fnt|[from] psn
|faint|p1a: Persian
|upkeep
|
|t:|1759075967
|switch|p1a: Ogerpon|Ogerpon-Wellspring, F|100/100
|turn|13
|
|t:|1759075972
|move|p1a: Ogerpon|Trailblaze|p2a: Donphan
|-supereffective|p2a: Donphan
|-damage|p2a: Donphan|0 fnt
|-boost|p1a: Ogerpon|spe|1
|faint|p2a: Donphan
|
|upkeep
|
|t:|1759075979
|switch|p2a: Pelipper|Pelipper, M|100/100
|-weather|RainDance|[from] ability: Drizzle|[of] p2a: Pelipper
|turn|14
|
|t:|1759075985
|move|p1a: Ogerpon|Knock Off|p2a: Pelipper
|-damage|p2a: Pelipper|46/100
|-enditem|p2a: Pelipper|Choice Scarf|[from] move: Knock Off|[of] p1a: Ogerpon
|move|p2a: Pelipper|Hurricane|p1a: Ogerpon
|-supereffective|p1a: Ogerpon
|-damage|p1a: Ogerpon|0 fnt
|faint|p1a: Ogerpon
|
|-weather|RainDance|[upkeep]
|upkeep
|
|t:|1759075995
|switch|p1a: Hatterene|Hatterene, F|68/100
|turn|15
|
|t:|1759076004
|move|p2a: Pelipper|Weather Ball|p1a: Hatterene
|-damage|p1a: Hatterene|24/100
|move|p1a: Hatterene|Nuzzle|p2a: Pelipper
|-supereffective|p2a: Pelipper
|-damage|p2a: Pelipper|25/100
|-status|p2a: Pelipper|par
|
|-weather|RainDance|[upkeep]
|upkeep
|turn|16
|
|t:|1759076013
|move|p2a: Pelipper|Weather Ball|p1a: Hatterene
|-damage|p1a: Hatterene|0 fnt
|faint|p1a: Hatterene
|
|-weather|RainDance|[upkeep]
|upkeep
|
|t:|1759076019
|switch|p1a: Ceruledge|Ceruledge, F|100/100
|turn|17
|
|t:|1759076024
|move|p1a: Ceruledge|Swords Dance|p1a: Ceruledge
|-boost|p1a: Ceruledge|atk|2
|cant|p2a: Pelipper|par
|
|-weather|RainDance|[upkeep]
|upkeep
|turn|18
|
|t:|1759076044
|move|p1a: Ceruledge|Shadow Sneak|p2a: Pelipper
|-damage|p2a: Pelipper|0 fnt
|faint|p2a: Pelipper
|
|-weather|none
|upkeep
|inactive|Squige137 has 120 seconds left.
|
|t:|1759076065
|switch|p2a: Raging Bolt|Raging Bolt|100/100
|-enditem|p2a: Raging Bolt|Booster Energy
|-activate|p2a: Raging Bolt|ability: Protosynthesis|[fromitem]
|-start|p2a: Raging Bolt|protosynthesisspa
|turn|19
|inactive|Squige137 has 120 seconds left.
|
|t:|1759076076
|move|p1a: Ceruledge|Close Combat|p2a: Raging Bolt
|-damage|p2a: Raging Bolt|29/100
|-unboost|p1a: Ceruledge|def|1
|-unboost|p1a: Ceruledge|spd|1
|move|p2a: Raging Bolt|Dragon Pulse|p1a: Ceruledge
|-enditem|p1a: Ceruledge|Focus Sash
|-damage|p1a: Ceruledge|1/100
|
|upkeep
|turn|20
|
|t:|1759076086
|move|p1a: Ceruledge|Shadow Sneak|p2a: Raging Bolt
|-damage|p2a: Raging Bolt|0 fnt
|faint|p2a: Raging Bolt
|-end|p2a: Raging Bolt|Protosynthesis|[silent]
|
|upkeep
|
|t:|1759076089
|switch|p2a: Iron Valiant|Iron Valiant|100/100
|turn|21
|
|t:|1759076097
|move|p1a: Ceruledge|Shadow Sneak|p2a: Iron Valiant
|-damage|p2a: Iron Valiant|52/100
|move|p2a: Iron Valiant|Moonblast|p1a: Ceruledge
|-resisted|p1a: Ceruledge
|-damage|p1a: Ceruledge|0 fnt
|faint|p1a: Ceruledge
|-damage|p2a: Iron Valiant|42/100|[from] item: Life Orb
|
|upkeep
|
|t:|1759076104
|switch|p1a: Cinderace|Cinderace, F|100/100
|turn|22
|
|t:|1759076112
|-terastallize|p2a: Iron Valiant|Ghost
|move|p1a: Cinderace|Pyro Ball|p2a: Iron Valiant|[miss]
|-miss|p1a: Cinderace|p2a: Iron Valiant
|move|p2a: Iron Valiant|Psychic|p1a: Cinderace
|-damage|p1a: Cinderace|35/100
|-damage|p2a: Iron Valiant|32/100|[from] item: Life Orb
|
|upkeep
|turn|23
|
|t:|1759076120
|move|p1a: Cinderace|Pyro Ball|p2a: Iron Valiant
|-damage|p2a: Iron Valiant|0 fnt
|faint|p2a: Iron Valiant
|-end|p2a: Iron Valiant|Quark Drive|[silent]
|
|win|doctor coolress
|raw|doctor coolress's rating: 1374 &rarr; <strong>1392</strong><br />(+18 for winning)
|raw|Squige137's rating: 1341 &rarr; <strong>1323</strong><br />(-18 for losing)
|c|☆Squige137|gg wp
|l|☆doctor coolress
|player|p1|
|c|☆Squige137|was hoping for a high jump xD
|l|☆Squige137
|player|p2|
