|j|☆Shiny Orthworm
|j|☆Crashbuster
|t:|1758933586
|gametype|singles
|player|p1|Shiny Orthworm|flannery|1270
|player|p2|Crashbuster|brycenman|1217
|gen|9
|tier|[Gen 9] OU
|rated|
|rule|HP Percentage Mod: HP is shown in percentages
|rule|Endless Battle Clause: Forcing endless battles is banned
|rule|Species Clause: Limit one of each Pokémon
|rule|OHKO Clause: OHKO moves are banned
|rule|Evasion Items Clause: Evasion items are banned
|rule|Evasion Moves Clause: Evasion moves are banned
|rule|Evasion Abilities Clause: Evasion abilities are banned
|rule|Sleep Moves Clause: Sleep-inducing moves are banned
|clearpoke
|poke|p1|Yanmega, F|
|poke|p1|Ting-Lu|
|poke|p1|Chansey, F|
|poke|p1|Quaquaval, M|
|poke|p1|Iron Valiant|
|poke|p1|Dragonite, F|
|poke|p2|Azumarill, M|
|poke|p2|Kommo-o, M|
|poke|p2|Clodsire, M|
|poke|p2|Clefable, M|
|poke|p2|Cloyster, M|
|poke|p2|Noivern, M|
|teampreview
|inactive|Battle timer is ON: inactive players will automatically lose when time's up. (requested by Shiny Orthworm)
|
|t:|1758933606
|teamsize|p1|6
|teamsize|p2|6
|start
|switch|p1a: Ting-Lu|Ting-Lu|100/100
|switch|p2a: Azumarill|Azumarill, M|100/100
|-ability|p1a: Ting-Lu|Vessel of Ruin
|turn|1
|
|t:|1758933623
|switch|p1a: Chansey|Chansey, F|100/100
|move|p2a: Azumarill|Play Rough|p1a: Chansey
|-damage|p1a: Chansey|84/100
|
|upkeep
|turn|2
|
|t:|1758933632
|switch|p2a: Clodsire|Clodsire, M|100/100
|move|p1a: Chansey|Thunder Wave|p2a: Clodsire
|-immune|p2a: Clodsire
|
|upkeep
|turn|3
|
|t:|1758933640
|move|p1a: Chansey|Metronome|p1a: Chansey
|move|p1a: Chansey|Blizzard|p2a: Clodsire|[from] move: Metronome
|-supereffective|p2a: Clodsire
|-damage|p2a: Clodsire|81/100
|move|p2a: Clodsire|Stealth Rock|p1a: Chansey
|-sidestart|p1: Shiny Orthworm|move: Stealth Rock
|
|-heal|p2a: Clodsire|87/100|[from] item: Black Sludge
|upkeep
|turn|4
|
|t:|1758933651
|move|p1a: Chansey|Metronome|p1a: Chansey
|move|p1a: Chansey|Ally Switch||[from] move: Metronome|[still]
|-fail|p1a: Chansey|move: Ally Switch
|move|p2a: Clodsire|Sludge Wave|p1a: Chansey
|-damage|p1a: Chansey|75/100
|
|-heal|p2a: Clodsire|94/100|[from] item: Black Sludge
|upkeep
|turn|5
|
|t:|1758933660
|move|p1a: Chansey|Metronome|p1a: Chansey
|move|p1a: Chansey|Wildbolt Storm|p2a: Clodsire|[from] move: Metronome
|-immune|p2a: Clodsire
|move|p2a: Clodsire|Sludge Wave|p1a: Chansey
|-damage|p1a: Chansey|66/100
|
|-heal|p2a: Clodsire|99/100|[from] item: Black Sludge
|upkeep
|turn|6
|
|t:|1758933671
|move|p1a: Chansey|Metronome|p1a: Chansey
|move|p1a: Chansey|Glaive Rush|p2a: Clodsire|[from] move: Metronome
|-damage|p2a: Clodsire|95/100
|-singlemove|p1a: Chansey|Glaive Rush|[silent]
|move|p2a: Clodsire|Sludge Wave|p1a: Chansey
|-damage|p1a: Chansey|49/100
|
|-heal|p2a: Clodsire|100/100|[from] item: Black Sludge
|upkeep
|turn|7
|
|t:|1758933679
|move|p1a: Chansey|Soft-Boiled|p1a: Chansey
|-heal|p1a: Chansey|99/100
|move|p2a: Clodsire|Sludge Wave|p1a: Chansey
|-damage|p1a: Chansey|90/100
|
|upkeep
|turn|8
|
|t:|1758933686
|move|p1a: Chansey|Seismic Toss|p2a: Clodsire
|-damage|p2a: Clodsire|76/100
|move|p2a: Clodsire|Sludge Wave|p1a: Chansey
|-damage|p1a: Chansey|81/100
|
|-heal|p2a: Clodsire|82/100|[from] item: Black Sludge
|upkeep
|turn|9
|
|t:|1758933695
|move|p1a: Chansey|Seismic Toss|p2a: Clodsire
|-damage|p2a: Clodsire|57/100
|move|p2a: Clodsire|Counter|p1a: Chansey
|-damage|p1a: Chansey|52/100
|
|-heal|p2a: Clodsire|63/100|[from] item: Black Sludge
|upkeep
|turn|10
|
|t:|1758933718
|switch|p2a: Kommo-o|Kommo-o, M|100/100
|move|p1a: Chansey|Seismic Toss|p2a: Kommo-o
|-damage|p2a: Kommo-o|66/100
|
|upkeep
|turn|11
|
|t:|1758933722
|move|p2a: Kommo-o|Drain Punch|p1a: Chansey
|-supereffective|p1a: Chansey
|-damage|p1a: Chansey|17/100
|-heal|p2a: Kommo-o|100/100|[from] drain|[of] p1a: Chansey
|move|p1a: Chansey|Thunder Wave|p2a: Kommo-o
|-status|p2a: Kommo-o|par
|
|upkeep
|turn|12
|
|t:|1758933729
|cant|p2a: Kommo-o|par
|move|p1a: Chansey|Soft-Boiled|p1a: Chansey
|-heal|p1a: Chansey|67/100
|
|upkeep
|turn|13
|
|t:|1758933734
|move|p2a: Kommo-o|Drain Punch|p1a: Chansey
|-supereffective|p1a: Chansey
|-damage|p1a: Chansey|30/100
|move|p1a: Chansey|Metronome|p1a: Chansey
|move|p1a: Chansey|Strength Sap|p2a: Kommo-o|[from] move: Metronome
|-unboost|p2a: Kommo-o|atk|1
|-heal|p1a: Chansey|66/100
|
|upkeep
|turn|14
|
|t:|1758933751
|switch|p2a: Clodsire|Clodsire, M|63/100
|move|p1a: Chansey|Metronome|p1a: Chansey
|move|p1a: Chansey|Scratch|p2a: Clodsire|[from] move: Metronome
|-damage|p2a: Clodsire|61/100
|
|-heal|p2a: Clodsire|67/100|[from] item: Black Sludge
|upkeep
|turn|15
|
|t:|1758933759
|move|p1a: Chansey|Seismic Toss|p2a: Clodsire
|-damage|p2a: Clodsire|42/100
|move|p2a: Clodsire|Sludge Wave|p1a: Chansey
|-damage|p1a: Chansey|57/100
|-status|p1a: Chansey|psn
|
|-heal|p2a: Clodsire|48/100|[from] item: Black Sludge
|-damage|p1a: Chansey|44/100 psn|[from] psn
|upkeep
|turn|16
|
|t:|1758933772
|move|p1a: Chansey|Soft-Boiled|p1a: Chansey
|-heal|p1a: Chansey|94/100 psn
|move|p2a: Clodsire|Earth Power|p1a: Chansey
|-damage|p1a: Chansey|86/100 psn
|
|-heal|p2a: Clodsire|54/100|[from] item: Black Sludge
|-damage|p1a: Chansey|74/100 psn|[from] psn
|upkeep
|turn|17
|
|t:|1758933779
|-curestatus|p1a: Chansey|psn|[from] ability: Natural Cure
|switch|p1a: Quaquaval|Quaquaval, M|100/100
|-damage|p1a: Quaquaval|94/100|[from] Stealth Rock
|move|p2a: Clodsire|Earth Power|p1a: Quaquaval
|-damage|p1a: Quaquaval|68/100
|
|-heal|p2a: Clodsire|61/100|[from] item: Black Sludge
|upkeep
|turn|18
|
|t:|1758933788
|move|p1a: Quaquaval|Rapid Spin|p2a: Clodsire
|-crit|p2a: Clodsire
|-damage|p2a: Clodsire|37/100
|-boost|p1a: Quaquaval|spe|1
|-sideend|p1: Shiny Orthworm|Stealth Rock|[from] move: Rapid Spin|[of] p1a: Quaquaval
|move|p2a: Clodsire|Sludge Wave|p1a: Quaquaval
|-damage|p1a: Quaquaval|44/100
|
|-heal|p2a: Clodsire|43/100|[from] item: Black Sludge
|upkeep
|turn|19
|
|t:|1758933796
|move|p1a: Quaquaval|Triple Axel|p2a: Clodsire
|-supereffective|p2a: Clodsire
|-damage|p2a: Clodsire|30/100
|-supereffective|p2a: Clodsire
|-damage|p2a: Clodsire|6/100
|-supereffective|p2a: Clodsire
|-damage|p2a: Clodsire|0 fnt
|faint|p2a: Clodsire
|-ability|p1a: Quaquaval|Moxie|boost
|-boost|p1a: Quaquaval|atk|1
|-hitcount|p2: Clodsire|3
|
|upkeep
|
|t:|1758933801
|switch|p2a: Azumarill|Azumarill, M|100/100
|turn|20
|
|t:|1758933810
|move|p1a: Quaquaval|Flip Turn|p2a: Azumarill
|-resisted|p2a: Azumarill
|-damage|p2a: Azumarill|79/100
|
|t:|1758933818
|switch|p1a: Chansey|Chansey, F|74/100|[from] Flip Turn
|move|p2a: Azumarill|Belly Drum|p2a: Azumarill
|-damage|p2a: Azumarill|29/100
|-setboost|p2a: Azumarill|atk|6|[from] move: Belly Drum
|
|upkeep
|turn|21
|
|t:|1758933826
|-terastallize|p2a: Azumarill|Water
|move|p2a: Azumarill|Aqua Jet|p1a: Chansey
|-damage|p1a: Chansey|36/100
|-heal|p2a: Azumarill|37/100|[from] item: Shell Bell|[of] p1a: Chansey
|move|p1a: Chansey|Thunder Wave|p2a: Azumarill
|-status|p2a: Azumarill|par
|
|upkeep
|turn|22
|
|t:|1758933834
|move|p2a: Azumarill|Aqua Jet|p1a: Chansey
|-damage|p1a: Chansey|0 fnt
|faint|p1a: Chansey
|-heal|p2a: Azumarill|45/100 par|[from] item: Shell Bell|[of] p1: Chansey
|
|upkeep
|
|t:|1758933839
|switch|p1a: Yanmega|Yanmega, F|100/100
|turn|23
|
|t:|1758933842
|move|p2a: Azumarill|Aqua Jet|p1a: Yanmega
|-damage|p1a: Yanmega|19/100
|-heal|p2a: Azumarill|52/100 par|[from] item: Shell Bell|[of] p1a: Yanmega
|move|p1a: Yanmega|Bug Buzz|p2a: Azumarill
|-damage|p2a: Azumarill|0 fnt
|faint|p2a: Azumarill
|
|upkeep
|
|t:|1758933853
|switch|p2a: Kommo-o|Kommo-o, M|100/100 par
|turn|24
|
|t:|1758933858
|switch|p1a: Quaquaval|Quaquaval, M|44/100
|move|p2a: Kommo-o|Clangorous Soul|p2a: Kommo-o
|-boost|p2a: Kommo-o|atk|1
|-boost|p2a: Kommo-o|def|1
|-boost|p2a: Kommo-o|spa|1
|-boost|p2a: Kommo-o|spd|1
|-boost|p2a: Kommo-o|spe|1
|-damage|p2a: Kommo-o|68/100 par
|-enditem|p2a: Kommo-o|Throat Spray
|-boost|p2a: Kommo-o|spa|1|[from] item: Throat Spray
|
|upkeep
|turn|25
|
|t:|1758933868
|move|p1a: Quaquaval|Triple Axel|p2a: Kommo-o
|-supereffective|p2a: Kommo-o
|-damage|p2a: Kommo-o|59/100 par
|-supereffective|p2a: Kommo-o
|-damage|p2a: Kommo-o|42/100 par
|-supereffective|p2a: Kommo-o
|-damage|p2a: Kommo-o|17/100 par
|-hitcount|p2a: Kommo-o|3
|move|p2a: Kommo-o|Drain Punch|p1a: Quaquaval
|-damage|p1a: Quaquaval|0 fnt
|-heal|p2a: Kommo-o|40/100 par|[from] drain|[of] p1a: Quaquaval
|faint|p1a: Quaquaval
|
|upkeep
|
|t:|1758933881
|switch|p1a: Iron Valiant|Iron Valiant|100/100
|-enditem|p1a: Iron Valiant|Booster Energy
|-activate|p1a: Iron Valiant|ability: Quark Drive|[fromitem]
|-start|p1a: Iron Valiant|quarkdrivespe
|turn|26
|
|t:|1758933885
|move|p1a: Iron Valiant|Moonblast|p2a: Kommo-o
|-supereffective|p2a: Kommo-o
|-damage|p2a: Kommo-o|0 fnt
|faint|p2a: Kommo-o
|
|upkeep
|
|t:|1758933892
|switch|p2a: Cloyster|Cloyster, M|100/100
|turn|27
|
|t:|1758933895
|move|p1a: Iron Valiant|Aura Sphere|p2a: Cloyster
|-supereffective|p2a: Cloyster
|-damage|p2a: Cloyster|0 fnt
|faint|p2a: Cloyster
|
|upkeep
|
|t:|1758933900
|switch|p2a: Clefable|Clefable, M|100/100
|turn|28
|
|t:|1758933905
|move|p1a: Iron Valiant|Moonblast|p2a: Clefable
|-damage|p2a: Clefable|46/100
|move|p2a: Clefable|Calm Mind|p2a: Clefable
|-boost|p2a: Clefable|spa|1
|-boost|p2a: Clefable|spd|1
|
|upkeep
|turn|29
|
|t:|1758933913
|move|p1a: Iron Valiant|Moonblast|p2a: Clefable
|-damage|p2a: Clefable|10/100
|move|p2a: Clefable|Draining Kiss|p1a: Iron Valiant
|-supereffective|p1a: Iron Valiant
|-damage|p1a: Iron Valiant|0 fnt
|-heal|p2a: Clefable|76/100|[from] drain|[of] p1a: Iron Valiant
|faint|p1a: Iron Valiant
|-end|p1a: Iron Valiant|Quark Drive|[silent]
|-damage|p2a: Clefable|66/100|[from] item: Life Orb
|
|upkeep
|
|t:|1758933919
|switch|p1a: Yanmega|Yanmega, F|19/100
|turn|30
|
|t:|1758933928
|-terastallize|p1a: Yanmega|Normal
|move|p1a: Yanmega|Hyper Beam|p2a: Clefable
|-damage|p2a: Clefable|0 fnt
|-mustrecharge|p1a: Yanmega
|faint|p2a: Clefable
|
|upkeep
|
|t:|1758933933
|switch|p2a: Noivern|Noivern, M|100/100
|turn|31
|
|t:|1758933943
|move|p2a: Noivern|Air Slash|p1a: Yanmega
|-damage|p1a: Yanmega|0 fnt
|faint|p1a: Yanmega
|
|upkeep
|
|t:|1758933947
|switch|p1a: Ting-Lu|Ting-Lu|100/100
|-ability|p1a: Ting-Lu|Vessel of Ruin
|turn|32
|
|t:|1758933950
|move|p2a: Noivern|Air Slash|p1a: Ting-Lu
|-damage|p1a: Ting-Lu|73/100
|cant|p1a: Ting-Lu|flinch
|
|-heal|p1a: Ting-Lu|80/100|[from] item: Leftovers
|upkeep
|turn|33
|
|t:|1758933954
|move|p2a: Noivern|Air Slash|p1a: Ting-Lu
|-damage|p1a: Ting-Lu|50/100
|move|p1a: Ting-Lu|Ruination|p2a: Noivern
|-damage|p2a: Noivern|51/100
|
|-heal|p1a: Ting-Lu|56/100|[from] item: Leftovers
|upkeep
|turn|34
|
|t:|1758933959
|move|p2a: Noivern|Air Slash|p1a: Ting-Lu
|-damage|p1a: Ting-Lu|28/100
|move|p1a: Ting-Lu|Ruination|p2a: Noivern
|-damage|p2a: Noivern|26/100
|
|-heal|p1a: Ting-Lu|35/100|[from] item: Leftovers
|upkeep
|turn|35
|
|t:|1758933964
|move|p2a: Noivern|Air Slash|p1a: Ting-Lu
|-damage|p1a: Ting-Lu|6/100
|cant|p1a: Ting-Lu|flinch
|
|-heal|p1a: Ting-Lu|13/100|[from] item: Leftovers
|upkeep
|turn|36
|
|t:|1758933967
|move|p2a: Noivern|Air Slash|p1a: Ting-Lu
|-damage|p1a: Ting-Lu|0 fnt
|faint|p1a: Ting-Lu
|
|upkeep
|
|t:|1758933969
|switch|p1a: Dragonite|Dragonite, F|100/100
|turn|37
|
|t:|1758933973
|move|p1a: Dragonite|Extreme Speed|p2a: Noivern
|-damage|p2a: Noivern|0 fnt
|faint|p2a: Noivern
|
|win|Shiny Orthworm
|raw|Shiny Orthworm's rating: 1270 &rarr; <strong>1291</strong><br />(+21 for winning)
|raw|Crashbuster's rating: 1217 &rarr; <strong>1196</strong><br />(-21 for losing)
