|j|☆Lezhaper
|j|☆MidnightHaven
|t:|1758931471
|gametype|singles
|player|p1|Lezhaper|rocketgruntf|1045
|player|p2|MidnightHaven|ingo|1050
|gen|9
|tier|[Gen 9] OU
|rated|
|rule|HP Percentage Mod: HP is shown in percentages
|rule|Endless Battle Clause: Forcing endless battles is banned
|rule|Species Clause: Limit one of each Pokémon
|rule|OHKO Clause: OHKO moves are banned
|rule|Evasion Items Clause: Evasion items are banned
|rule|Evasion Moves Clause: Evasion moves are banned
|rule|Evasion Abilities Clause: Evasion abilities are banned
|rule|Sleep Moves Clause: Sleep-inducing moves are banned
|clearpoke
|poke|p1|Pelipper, F|
|poke|p1|Barraskewda, M|
|poke|p1|Kingdra, M|
|poke|p1|Primarina, M|
|poke|p1|Zapdos|
|poke|p1|Glimmora, M|
|poke|p2|Moltres|
|poke|p2|Torkoal, F|
|poke|p2|Iron Moth|
|poke|p2|Ceruledge, F|
|poke|p2|Walking Wake|
|poke|p2|Raging Bolt|
|teampreview
|inactive|Battle timer is ON: inactive players will automatically lose when time's up. (requested by MidnightHaven)
|
|t:|1758931479
|teamsize|p1|6
|teamsize|p2|6
|start
|switch|p1a: Glimmora|Glimmora, M|100/100
|switch|p2a: Torkoal|Torkoal, F|100/100
|-weather|SunnyDay|[from] ability: Drought|[of] p2a: Torkoal
|turn|1
|
|t:|1758931488
|move|p1a: Glimmora|Stealth Rock|p2a: Torkoal
|-sidestart|p2: MidnightHaven|move: Stealth Rock
|move|p2a: Torkoal|Will-O-Wisp|p1a: Glimmora
|-status|p1a: Glimmora|brn
|
|-weather|SunnyDay|[upkeep]
|-damage|p1a: Glimmora|94/100 brn|[from] brn
|upkeep
|turn|2
|
|t:|1758931496
|move|p1a: Glimmora|Power Gem|p2a: Torkoal
|-supereffective|p2a: Torkoal
|-damage|p2a: Torkoal|4/100
|move|p2a: Torkoal|Rapid Spin|p1a: Glimmora
|-resisted|p1a: Glimmora
|-damage|p1a: Glimmora|90/100 brn
|-boost|p2a: Torkoal|spe|1
|-activate|p1a: Glimmora|ability: Toxic Debris
|-sidestart|p2: MidnightHaven|move: Toxic Spikes
|-sideend|p2: MidnightHaven|Toxic Spikes|[from] move: Rapid Spin|[of] p2a: Torkoal
|-sideend|p2: MidnightHaven|Stealth Rock|[from] move: Rapid Spin|[of] p2a: Torkoal
|
|-weather|SunnyDay|[upkeep]
|-damage|p1a: Glimmora|84/100 brn|[from] brn
|upkeep
|turn|3
|
|t:|1758931504
|switch|p2a: Walking Wake|Walking Wake|100/100
|-activate|p2a: Walking Wake|ability: Protosynthesis
|-start|p2a: Walking Wake|protosynthesisspe
|move|p1a: Glimmora|Power Gem|p2a: Walking Wake
|-damage|p2a: Walking Wake|61/100
|
|-weather|SunnyDay|[upkeep]
|-damage|p1a: Glimmora|78/100 brn|[from] brn
|upkeep
|turn|4
|
|t:|1758931534
|switch|p1a: Kingdra|Kingdra, M|100/100
|move|p2a: Walking Wake|Draco Meteor|p1a: Kingdra|[miss]
|-miss|p2a: Walking Wake|p1a: Kingdra
|
|-weather|SunnyDay|[upkeep]
|upkeep
|turn|5
|
|t:|1758931549
|switch|p1a: Glimmora|Glimmora, M|78/100 brn
|move|p2a: Walking Wake|Draco Meteor|p1a: Glimmora
|-damage|p1a: Glimmora|0 fnt
|-unboost|p2a: Walking Wake|spa|2
|faint|p1a: Glimmora
|
|-weather|SunnyDay|[upkeep]
|upkeep
|
|t:|1758931554
|switch|p1a: Pelipper|Pelipper, F|100/100
|-weather|RainDance|[from] ability: Drizzle|[of] p1a: Pelipper
|-end|p2a: Walking Wake|Protosynthesis
|turn|6
|
|t:|1758931561
|-end|p2a: Walking Wake|Protosynthesis|[silent]
|switch|p2a: Torkoal|Torkoal, F|4/100
|-weather|SunnyDay|[from] ability: Drought|[of] p2a: Torkoal
|move|p1a: Pelipper|U-turn|p2a: Torkoal
|-resisted|p2a: Torkoal
|-damage|p2a: Torkoal|1/100
|
|t:|1758931571
|switch|p1a: Barraskewda|Barraskewda, M|100/100|[from] U-turn
|
|-weather|SunnyDay|[upkeep]
|upkeep
|turn|7
|c|☆MidnightHaven|Mine >:(
|
|t:|1758931579
|switch|p2a: Raging Bolt|Raging Bolt|100/100
|-activate|p2a: Raging Bolt|ability: Protosynthesis
|-start|p2a: Raging Bolt|protosynthesisspa
|move|p1a: Barraskewda|Crunch|p2a: Raging Bolt
|-damage|p2a: Raging Bolt|70/100
|
|-weather|SunnyDay|[upkeep]
|upkeep
|turn|8
|inactive|Lezhaper has 120 seconds left.
|
|t:|1758931611
|switch|p1a: Zapdos|Zapdos|100/100
|move|p2a: Raging Bolt|Thunderclap||[still]
|-fail|p2a: Raging Bolt
|
|-weather|SunnyDay|[upkeep]
|upkeep
|turn|9
|
|t:|1758931620
|move|p1a: Zapdos|Weather Ball|p2a: Raging Bolt
|-resisted|p2a: Raging Bolt
|-damage|p2a: Raging Bolt|44/100
|move|p2a: Raging Bolt|Volt Switch|p1a: Zapdos
|-damage|p1a: Zapdos|39/100
|
|t:|1758931626
|-end|p2a: Raging Bolt|Protosynthesis|[silent]
|switch|p2a: Ceruledge|Ceruledge, F|100/100|[from] Volt Switch
|
|-weather|SunnyDay|[upkeep]
|upkeep
|turn|10
|
|t:|1758931632
|switch|p1a: Pelipper|Pelipper, F|100/100
|-weather|RainDance|[from] ability: Drizzle|[of] p1a: Pelipper
|move|p2a: Ceruledge|Swords Dance|p2a: Ceruledge
|-boost|p2a: Ceruledge|atk|2
|
|-weather|RainDance|[upkeep]
|upkeep
|turn|11
|
|t:|1758931642
|move|p2a: Ceruledge|Poltergeist|p1a: Pelipper
|-activate|p1a: Pelipper|move: Poltergeist|Leftovers
|-damage|p1a: Pelipper|0 fnt
|faint|p1a: Pelipper
|
|-weather|RainDance|[upkeep]
|upkeep
|
|t:|1758931647
|switch|p1a: Barraskewda|Barraskewda, M|100/100
|turn|12
|
|t:|1758931653
|switch|p2a: Torkoal|Torkoal, F|1/100
|-weather|SunnyDay|[from] ability: Drought|[of] p2a: Torkoal
|move|p1a: Barraskewda|Crunch|p2a: Torkoal
|-damage|p2a: Torkoal|0 fnt
|faint|p2a: Torkoal
|
|-weather|SunnyDay|[upkeep]
|upkeep
|
|t:|1758931657
|switch|p2a: Ceruledge|Ceruledge, F|100/100
|turn|13
|
|t:|1758931661
|move|p1a: Barraskewda|Liquidation|p2a: Ceruledge
|-supereffective|p2a: Ceruledge
|-damage|p2a: Ceruledge|16/100
|-unboost|p2a: Ceruledge|def|1
|-ability|p2a: Ceruledge|Weak Armor|boost
|-unboost|p2a: Ceruledge|def|1
|-boost|p2a: Ceruledge|spe|2
|move|p2a: Ceruledge|Swords Dance|p2a: Ceruledge
|-boost|p2a: Ceruledge|atk|2
|
|-weather|SunnyDay|[upkeep]
|upkeep
|turn|14
|
|t:|1758931672
|move|p2a: Ceruledge|Poltergeist|p1a: Barraskewda
|-activate|p1a: Barraskewda|move: Poltergeist|Expert Belt
|-damage|p1a: Barraskewda|0 fnt
|faint|p1a: Barraskewda
|
|-weather|SunnyDay|[upkeep]
|upkeep
|
|t:|1758931677
|switch|p1a: Primarina|Primarina, M|100/100
|turn|15
|
|t:|1758931681
|move|p2a: Ceruledge|Poltergeist|p1a: Primarina
|-activate|p1a: Primarina|move: Poltergeist|Throat Spray
|-damage|p1a: Primarina|0 fnt
|faint|p1a: Primarina
|
|-weather|SunnyDay|[upkeep]
|upkeep
|
|t:|1758931688
|switch|p1a: Kingdra|Kingdra, M|100/100
|turn|16
|c|☆MidnightHaven|( ͡° ͜ʖ ͡°)
|
|t:|1758931704
|move|p2a: Ceruledge|Poltergeist|p1a: Kingdra
|-activate|p1a: Kingdra|move: Poltergeist|White Herb
|-damage|p1a: Kingdra|0 fnt
|faint|p1a: Kingdra
|
|-weather|SunnyDay|[upkeep]
|upkeep
|
|t:|1758931707
|switch|p1a: Zapdos|Zapdos|39/100
|turn|17
|
|t:|1758931712
|move|p2a: Ceruledge|Poltergeist|p1a: Zapdos
|-activate|p1a: Zapdos|move: Poltergeist|Expert Belt
|-damage|p1a: Zapdos|0 fnt
|faint|p1a: Zapdos
|
|win|MidnightHaven
|raw|Lezhaper's rating: 1045 &rarr; <strong>1028</strong><br />(-17 for losing)
|raw|MidnightHaven's rating: 1050 &rarr; <strong>1082</strong><br />(+32 for winning)
|l|☆Lezhaper
|player|p1|
|c|☆MidnightHaven|gg
