|badge|p1|bronze|gen9randombattle|100-6
|uhtml|medal-msg|<div class="broadcast-blue">Curious what those medals under the avatar are? PS now has Ladder Seasons! For more information, check out the <a href="https://www.smogon.com/forums/threads/3740067/">thread on Smogon.</a></div>
|j|☆Siamato
|j|☆o monstro01
|t:|1758927372
|gametype|singles
|player|p1|Siamato|backpacker|1576
|player|p2|o monstro01|clay|1542
|gen|9
|tier|[Gen 9] OU
|rated|
|rule|HP Percentage Mod: HP is shown in percentages
|rule|Endless Battle Clause: Forcing endless battles is banned
|rule|Species Clause: Limit one of each Pokémon
|rule|OHKO Clause: OHKO moves are banned
|rule|Evasion Items Clause: Evasion items are banned
|rule|Evasion Moves Clause: Evasion moves are banned
|rule|Evasion Abilities Clause: Evasion abilities are banned
|rule|Sleep Moves Clause: Sleep-inducing moves are banned
|clearpoke
|poke|p1|Kingambit, F|
|poke|p1|Cinderace, F|
|poke|p1|Landorus-Therian, M|
|poke|p1|Iron Valiant|
|poke|p1|Kyurem|
|poke|p1|Slowking-Galar, M|
|poke|p2|Great Tusk|
|poke|p2|Ogerpon-Wellspring, F|
|poke|p2|Iron Valiant|
|poke|p2|Moltres|
|poke|p2|Sawsbuck, F|
|poke|p2|Goodra-Hisui, F|
|teampreview
|
|t:|1758927391
|teamsize|p1|6
|teamsize|p2|6
|start
|switch|p1a: Slowking|Slowking-Galar, M, shiny|100/100
|switch|p2a: Ogerpon|Ogerpon-Wellspring, F|100/100
|turn|1
|
|t:|1758927399
|move|p2a: Ogerpon|U-turn|p1a: Slowking
|-damage|p1a: Slowking|74/100
|
|t:|1758927403
|switch|p2a: Moltres|Moltres|100/100|[from] U-turn
|-prepare|p1a: Slowking|Chilly Reception|[premajor]
|move|p1a: Slowking|Chilly Reception|p1a: Slowking
|-weather|Snowscape
|
|t:|1758927405
|switch|p1a: Kyurem|Kyurem, shiny|100/100|[from] Chilly Reception
|-ability|p1a: Kyurem|Pressure
|
|-weather|Snowscape|[upkeep]
|upkeep
|turn|2
|
|t:|1758927416
|move|p1a: Kyurem|Blizzard|p2a: Moltres
|-damage|p2a: Moltres|40/100
|move|p2a: Moltres|U-turn|p1a: Kyurem
|-damage|p1a: Kyurem|91/100
|
|t:|1758927425
|switch|p2a: Goodra|Goodra-Hisui, F|100/100|[from] U-turn
|
|-weather|Snowscape|[upkeep]
|upkeep
|turn|3
|
|t:|1758927432
|switch|p1a: Slowking|Slowking-Galar, M, shiny|100/100
|move|p2a: Goodra|Dragon Pulse|p1a: Slowking
|-damage|p1a: Slowking|78/100
|
|-weather|Snowscape|[upkeep]
|upkeep
|turn|4
|
|t:|1758927444
|switch|p2a: Moltres|Moltres|40/100
|-prepare|p1a: Slowking|Chilly Reception|[premajor]
|move|p1a: Slowking|Chilly Reception|p1a: Slowking
|
|t:|1758927446
|switch|p1a: Kyurem|Kyurem, shiny|91/100|[from] Chilly Reception
|-ability|p1a: Kyurem|Pressure
|
|-weather|Snowscape|[upkeep]
|upkeep
|turn|5
|
|t:|1758927457
|switch|p2a: Goodra|Goodra-Hisui, F|100/100
|move|p1a: Kyurem|Blizzard|p2a: Goodra
|-damage|p2a: Goodra|60/100
|
|-weather|none
|upkeep
|turn|6
|
|t:|1758927465
|switch|p1a: Slowking|Slowking-Galar, M, shiny|100/100
|switch|p2a: Moltres|Moltres|40/100
|
|upkeep
|turn|7
|
|t:|1758927473
|move|p2a: Moltres|Roost|p2a: Moltres
|-heal|p2a: Moltres|90/100
|-singleturn|p2a: Moltres|move: Roost
|move|p1a: Slowking|Toxic|p2a: Moltres
|-status|p2a: Moltres|tox
|
|-damage|p2a: Moltres|83/100 tox|[from] psn
|upkeep
|turn|8
|
|t:|1758927484
|move|p2a: Moltres|Brave Bird|p1a: Slowking
|-damage|p1a: Slowking|65/100
|-damage|p2a: Moltres|71/100 tox|[from] Recoil
|-prepare|p1a: Slowking|Chilly Reception|[premajor]
|move|p1a: Slowking|Chilly Reception|p1a: Slowking
|-weather|Snowscape
|
|t:|1758927491
|switch|p1a: Kyurem|Kyurem, shiny|91/100|[from] Chilly Reception
|-ability|p1a: Kyurem|Pressure
|
|-weather|Snowscape|[upkeep]
|-damage|p2a: Moltres|59/100 tox|[from] psn
|upkeep
|turn|9
|
|t:|1758927499
|move|p1a: Kyurem|Blizzard|p2a: Moltres
|-damage|p2a: Moltres|0 fnt
|faint|p2a: Moltres
|
|-weather|Snowscape|[upkeep]
|upkeep
|
|t:|1758927511
|switch|p2a: Iron Valiant|Iron Valiant|100/100
|-enditem|p2a: Iron Valiant|Booster Energy
|-activate|p2a: Iron Valiant|ability: Quark Drive|[fromitem]
|-start|p2a: Iron Valiant|quarkdrivespe
|turn|10
|
|t:|1758927524
|switch|p1a: Landorus|Landorus-Therian, M, shiny|100/100
|-ability|p1a: Landorus|Intimidate|boost
|-unboost|p2a: Iron Valiant|atk|1
|move|p2a: Iron Valiant|Knock Off|p1a: Landorus
|-damage|p1a: Landorus|85/100
|-damage|p2a: Iron Valiant|84/100|[from] item: Rocky Helmet|[of] p1a: Landorus
|-enditem|p1a: Landorus|Rocky Helmet|[from] move: Knock Off|[of] p2a: Iron Valiant
|
|-weather|Snowscape|[upkeep]
|upkeep
|turn|11
|
|t:|1758927538
|switch|p1a: Slowking|Slowking-Galar, M, shiny|98/100
|move|p2a: Iron Valiant|Moonblast|p1a: Slowking
|-resisted|p1a: Slowking
|-damage|p1a: Slowking|86/100
|
|-weather|Snowscape|[upkeep]
|upkeep
|turn|12
|
|t:|1758927546
|move|p2a: Iron Valiant|Knock Off|p1a: Slowking
|-supereffective|p1a: Slowking
|-damage|p1a: Slowking|39/100
|-enditem|p1a: Slowking|Heavy-Duty Boots|[from] move: Knock Off|[of] p2a: Iron Valiant
|move|p1a: Slowking|Future Sight|p2a: Iron Valiant
|-start|p1a: Slowking|move: Future Sight
|
|-weather|none
|upkeep
|turn|13
|
|t:|1758927556
|move|p2a: Iron Valiant|Encore|p1a: Slowking
|-start|p1a: Slowking|Encore
|move|p1a: Slowking|Future Sight||[still]
|-fail|p1a: Slowking
|
|upkeep
|turn|14
|
|t:|1758927565
|switch|p1a: Landorus|Landorus-Therian, M, shiny|85/100
|-ability|p1a: Landorus|Intimidate|boost
|-unboost|p2a: Iron Valiant|atk|1
|move|p2a: Iron Valiant|Knock Off|p1a: Landorus
|-damage|p1a: Landorus|77/100
|
|-end|p2a: Iron Valiant|move: Future Sight
|-supereffective|p2a: Iron Valiant
|-damage|p2a: Iron Valiant|0 fnt
|faint|p2a: Iron Valiant
|-end|p2a: Iron Valiant|Quark Drive|[silent]
|upkeep
|
|t:|1758927577
|switch|p2a: Ogerpon|Ogerpon-Wellspring, F|100/100
|turn|15
|
|t:|1758927587
|-terastallize|p2a: Ogerpon|Water
|detailschange|p2a: Ogerpon|Ogerpon-Wellspring-Tera, F, tera:Water
|-ability|p2a: Ogerpon|Embody Aspect (Wellspring)|boost
|-boost|p2a: Ogerpon|spd|1
|-terastallize|p1a: Landorus|Dragon
|move|p2a: Ogerpon|Swords Dance|p2a: Ogerpon
|-boost|p2a: Ogerpon|atk|2
|move|p1a: Landorus|U-turn|p2a: Ogerpon
|-damage|p2a: Ogerpon|76/100
|
|t:|1758927595
|switch|p1a: Iron Valiant|Iron Valiant|100/100|[from] U-turn
|-enditem|p1a: Iron Valiant|Booster Energy
|-activate|p1a: Iron Valiant|ability: Quark Drive|[fromitem]
|-start|p1a: Iron Valiant|quarkdrivespe
|
|upkeep
|turn|16
|
|t:|1758927608
|move|p1a: Iron Valiant|Encore|p2a: Ogerpon
|-start|p2a: Ogerpon|Encore
|move|p2a: Ogerpon|Swords Dance|p2a: Ogerpon
|-boost|p2a: Ogerpon|atk|2
|
|upkeep
|turn|17
|
|t:|1758927615
|switch|p2a: Goodra|Goodra-Hisui, F|60/100
|move|p1a: Iron Valiant|Moonblast|p2a: Goodra
|-damage|p2a: Goodra|42/100
|
|upkeep
|turn|18
|
|t:|1758927624
|move|p1a: Iron Valiant|Close Combat|p2a: Goodra
|-supereffective|p2a: Goodra
|-damage|p2a: Goodra|0 fnt
|-unboost|p1a: Iron Valiant|def|1
|-unboost|p1a: Iron Valiant|spd|1
|-ability|p2a: Goodra|Gooey
|-unboost|p1a: Iron Valiant|spe|1
|faint|p2a: Goodra
|
|upkeep
|
|t:|1758927634
|switch|p2a: Sawsbuck|Sawsbuck, F|100/100
|turn|19
|
|t:|1758927639
|move|p1a: Iron Valiant|Close Combat|p2a: Sawsbuck
|-supereffective|p2a: Sawsbuck
|-damage|p2a: Sawsbuck|0 fnt
|-unboost|p1a: Iron Valiant|def|1
|-unboost|p1a: Iron Valiant|spd|1
|faint|p2a: Sawsbuck
|
|upkeep
|-message|o monstro01 forfeited.
|
|win|Siamato
|raw|Siamato's rating: 1576 &rarr; <strong>1594</strong><br />(+18 for winning)
|raw|o monstro01's rating: 1542 &rarr; <strong>1524</strong><br />(-18 for losing)
|l|☆o monstro01
|player|p2|
|l|☆Siamato
|player|p1|
