|j|☆Ogrepain
|j|☆BuffMewtwo
|t:|1758950372
|gametype|singles
|player|p1|Ogrepain|1|1460
|player|p2|BuffMewtwo|266|1358
|gen|9
|tier|[Gen 9] OU
|rated|
|rule|HP Percentage Mod: HP is shown in percentages
|rule|Endless Battle Clause: Forcing endless battles is banned
|rule|Species Clause: Limit one of each Pokémon
|rule|OHKO Clause: OHKO moves are banned
|rule|Evasion Items Clause: Evasion items are banned
|rule|Evasion Moves Clause: Evasion moves are banned
|rule|Evasion Abilities Clause: Evasion abilities are banned
|rule|Sleep Moves Clause: Sleep-inducing moves are banned
|clearpoke
|poke|p1|Carbink, L1|
|poke|p1|Braviary-Hisui, M|
|poke|p1|Ursaluna, F|
|poke|p1|Kingambit, M|
|poke|p1|Iron Hands|
|poke|p1|Hatterene, F|
|poke|p2|Dragonite, M|
|poke|p2|Hatterene, F|
|poke|p2|Ursaluna, F|
|poke|p2|Great Tusk|
|poke|p2|Gholdengo|
|poke|p2|Samurott-Hisui, F|
|teampreview
|inactive|Battle timer is ON: inactive players will automatically lose when time's up. (requested by BuffMewtwo)
|inactive|Ogrepain also wants the timer to be on.
|inactive|BuffMewtwo has 120 seconds left.
|
|t:|1758950403
|teamsize|p1|6
|teamsize|p2|6
|start
|switch|p1a: Carbink|Carbink, L1, shiny|100/100
|switch|p2a: Samurott|Samurott-Hisui, F|100/100
|turn|1
|
|t:|1758950412
|move|p2a: Samurott|Knock Off|p1a: Carbink
|-resisted|p1a: Carbink
|-ability|p1a: Carbink|Sturdy
|-damage|p1a: Carbink|9/100
|-enditem|p1a: Carbink|Black Sludge|[from] move: Knock Off|[of] p2a: Samurott
|move|p1a: Carbink|Trick Room|p1a: Carbink
|-fieldstart|move: Trick Room|[of] p1a: Carbink
|
|upkeep
|turn|2
|
|t:|1758950422
|move|p1a: Carbink|Endeavor|p2a: Samurott
|-damage|p2a: Samurott|1/100
|move|p2a: Samurott|Ceaseless Edge|p1a: Carbink
|-resisted|p1a: Carbink
|-damage|p1a: Carbink|0 fnt
|-sidestart|p1: Ogrepain|Spikes
|faint|p1a: Carbink
|
|upkeep
|
|t:|1758950434
|switch|p1a: Ursaluna|Ursaluna, F|100/100
|-damage|p1a: Ursaluna|88/100|[from] Spikes
|turn|3
|
|t:|1758950438
|move|p2a: Samurott|Sucker Punch|p1a: Ursaluna
|-damage|p1a: Ursaluna|65/100
|move|p1a: Ursaluna|Facade|p2a: Samurott
|-damage|p2a: Samurott|0 fnt
|faint|p2a: Samurott
|
|-status|p1a: Ursaluna|brn|[from] item: Flame Orb
|upkeep
|
|t:|1758950442
|switch|p2a: Rocks|Hatterene, F, shiny|100/100
|turn|4
|
|t:|1758950445
|move|p2a: Rocks|Psychic Noise|p1a: Ursaluna
|-damage|p1a: Ursaluna|17/100 brn
|-start|p1a: Ursaluna|move: Heal Block
|-damage|p2a: Rocks|91/100|[from] item: Life Orb
|move|p1a: Ursaluna|Facade|p2a: Rocks
|-damage|p2a: Rocks|0 fnt
|faint|p2a: Rocks
|
|-damage|p1a: Ursaluna|11/100 brn|[from] brn
|upkeep
|
|t:|1758950458
|switch|p2a: King Von|Dragonite, M|100/100
|turn|5
|
|t:|1758950466
|switch|p1a: Hatterene|Hatterene, F|100/100
|-damage|p1a: Hatterene|88/100|[from] Spikes
|move|p2a: King Von|Dragon Dance|p2a: King Von
|-boost|p2a: King Von|atk|1
|-boost|p2a: King Von|spe|1
|
|-fieldend|move: Trick Room
|upkeep
|turn|6
|
|t:|1758950478
|-terastallize|p2a: King Von|Flying
|move|p2a: King Von|Tera Blast|p1a: Hatterene|[anim] Tera Blast Flying
|-damage|p1a: Hatterene|0 fnt
|faint|p1a: Hatterene
|
|upkeep
|
|t:|1758950489
|switch|p1a: Kingambit|Kingambit, M|100/100
|-damage|p1a: Kingambit|88/100|[from] Spikes
|-activate|p1a: Kingambit|ability: Supreme Overlord
|-start|p1a: Kingambit|fallen2|[silent]
|turn|7
|
|t:|1758950494
|move|p1a: Kingambit|Sucker Punch|p2a: King Von
|-damage|p2a: King Von|67/100
|move|p2a: King Von|Earthquake|p1a: Kingambit
|-supereffective|p1a: Kingambit
|-damage|p1a: Kingambit|9/100
|
|-heal|p2a: King Von|74/100|[from] item: Leftovers
|upkeep
|turn|8
|
|t:|1758950498
|move|p1a: Kingambit|Sucker Punch||[still]
|-fail|p1a: Kingambit
|move|p2a: King Von|Dragon Dance|p2a: King Von
|-boost|p2a: King Von|atk|1
|-boost|p2a: King Von|spe|1
|
|-heal|p2a: King Von|80/100|[from] item: Leftovers
|upkeep
|turn|9
|
|t:|1758950500
|move|p1a: Kingambit|Sucker Punch||[still]
|-fail|p1a: Kingambit
|move|p2a: King Von|Encore|p1a: Kingambit
|-start|p1a: Kingambit|Encore
|
|-heal|p2a: King Von|86/100|[from] item: Leftovers
|upkeep
|turn|10
|
|t:|1758950502
|move|p1a: Kingambit|Sucker Punch||[still]
|-fail|p1a: Kingambit
|move|p2a: King Von|Dragon Dance|p2a: King Von
|-boost|p2a: King Von|atk|1
|-boost|p2a: King Von|spe|1
|
|-heal|p2a: King Von|92/100|[from] item: Leftovers
|upkeep
|turn|11
|
|t:|1758950507
|move|p1a: Kingambit|Sucker Punch||[still]
|-fail|p1a: Kingambit
|move|p2a: King Von|Dragon Dance|p2a: King Von
|-boost|p2a: King Von|atk|1
|-boost|p2a: King Von|spe|1
|
|-heal|p2a: King Von|98/100|[from] item: Leftovers
|upkeep
|turn|12
|
|t:|1758950510
|move|p1a: Kingambit|Sucker Punch||[still]
|-fail|p1a: Kingambit
|move|p2a: King Von|Dragon Dance|p2a: King Von
|-boost|p2a: King Von|atk|1
|-boost|p2a: King Von|spe|1
|
|-heal|p2a: King Von|100/100|[from] item: Leftovers
|-end|p1a: Kingambit|Encore
|upkeep
|turn|13
|
|t:|1758950512
|move|p1a: Kingambit|Sucker Punch||[still]
|-fail|p1a: Kingambit
|move|p2a: King Von|Encore|p1a: Kingambit
|-start|p1a: Kingambit|Encore
|
|upkeep
|turn|14
|
|t:|1758950515
|move|p1a: Kingambit|Sucker Punch||[still]
|-fail|p1a: Kingambit
|move|p2a: King Von|Dragon Dance|p2a: King Von
|-boost|p2a: King Von|atk|1
|-boost|p2a: King Von|spe|1
|
|-end|p1a: Kingambit|Encore
|upkeep
|turn|15
|
|t:|1758950520
|move|p2a: King Von|Tera Blast|p1a: Kingambit|[anim] Tera Blast Flying
|-resisted|p1a: Kingambit
|-damage|p1a: Kingambit|0 fnt
|faint|p1a: Kingambit
|-end|p1a: Kingambit|fallen2|[silent]
|
|upkeep
|-message|Ogrepain forfeited.
|
|win|BuffMewtwo
|raw|Ogrepain's rating: 1460 &rarr; <strong>1434</strong><br />(-26 for losing)
|raw|BuffMewtwo's rating: 1358 &rarr; <strong>1384</strong><br />(+26 for winning)
|l|☆Ogrepain
|player|p1|
|l|☆BuffMewtwo
|player|p2|
