|j|☆Cazapvtas21
|j|☆thefunbegins
|t:|1759061294
|gametype|singles
|player|p1|Cazapvtas21|169|1140
|player|p2|thefunbegins|gentleman-gen4|1200
|gen|9
|tier|[Gen 9] OU
|rated|
|rule|HP Percentage Mod: HP is shown in percentages
|rule|Endless Battle Clause: Forcing endless battles is banned
|rule|Species Clause: Limit one of each Pokémon
|rule|OHKO Clause: OHKO moves are banned
|rule|Evasion Items Clause: Evasion items are banned
|rule|Evasion Moves Clause: Evasion moves are banned
|rule|Evasion Abilities Clause: Evasion abilities are banned
|rule|Sleep Moves Clause: Sleep-inducing moves are banned
|clearpoke
|poke|p1|Darkrai|
|poke|p1|Cinderace, M|
|poke|p1|Rillaboom, F|
|poke|p1|Inteleon, M|
|poke|p1|Espeon, M|
|poke|p1|Zamazenta-*|
|poke|p2|Morpeko, F|
|poke|p2|Hoopa-Unbound|
|poke|p2|Feraligatr, M|
|poke|p2|Moltres|
|poke|p2|Kleavor, F|
|poke|p2|Cryogonal|
|teampreview
|
|t:|1759061326
|teamsize|p1|6
|teamsize|p2|6
|start
|switch|p1a: Inteleon|Inteleon, M|100/100
|switch|p2a: Morpeko|Morpeko, F|100/100
|turn|1
|
|t:|1759061335
|move|p1a: Inteleon|Snipe Shot|p2a: Morpeko
|-damage|p2a: Morpeko|13/100
|move|p2a: Morpeko|Aura Wheel|p1a: Inteleon
|-supereffective|p1a: Inteleon
|-damage|p1a: Inteleon|0 fnt
|-boost|p2a: Morpeko|spe|1
|faint|p1a: Inteleon
|-damage|p2a: Morpeko|3/100|[from] item: Life Orb
|
|-formechange|p2a: Morpeko|Morpeko-Hangry||[from] ability: Hunger Switch
|upkeep
|
|t:|1759061346
|switch|p1a: Espeon|Espeon, M|100/100
|turn|2
|
|t:|1759061352
|move|p2a: Morpeko|Knock Off|p1a: Espeon
|-supereffective|p1a: Espeon
|-damage|p1a: Espeon|0 fnt
|-enditem|p1a: Espeon|Throat Spray|[from] move: Knock Off|[of] p2a: Morpeko
|faint|p1a: Espeon
|-damage|p2a: Morpeko|0 fnt|[from] item: Life Orb
|faint|p2a: Morpeko
|
|upkeep
|
|t:|1759061383
|switch|p1a: Darkrai|Darkrai|100/100
|switch|p2a: Kleavor|Kleavor, F|100/100
|turn|3
|
|t:|1759061399
|move|p2a: Kleavor|U-turn|p1a: Darkrai
|-supereffective|p1a: Darkrai
|-damage|p1a: Darkrai|0 fnt
|faint|p1a: Darkrai
|
|t:|1759061404
|switch|p2a: Hoopa|Hoopa-Unbound|100/100|[from] U-turn
|
|upkeep
|
|t:|1759061418
|switch|p1a: Zamazenta|Zamazenta|100/100
|-ability|p1a: Zamazenta|Dauntless Shield|boost
|-boost|p1a: Zamazenta|def|1
|turn|4
|
|t:|1759061425
|move|p1a: Zamazenta|Play Rough|p2a: Hoopa
|-supereffective|p2a: Hoopa
|-damage|p2a: Hoopa|32/100
|-unboost|p2a: Hoopa|atk|1
|-enditem|p2a: Hoopa|Eject Pack
|
|t:|1759061433
|switch|p2a: Moltres|Moltres|100/100
|
|upkeep
|turn|5
|
|t:|1759061446
|switch|p1a: Cinderace|Cinderace, M|100/100
|move|p2a: Moltres|Will-O-Wisp|p1a: Cinderace
|-immune|p1a: Cinderace
|
|upkeep
|turn|6
|
|t:|1759061452
|move|p1a: Cinderace|Zen Headbutt|p2a: Moltres
|-start|p1a: Cinderace|typechange|Psychic|[from] ability: Libero
|-damage|p2a: Moltres|66/100
|move|p2a: Moltres|U-turn|p1a: Cinderace
|-supereffective|p1a: Cinderace
|-damage|p1a: Cinderace|55/100
|
|t:|1759061459
|switch|p2a: Kleavor|Kleavor, F|100/100|[from] U-turn
|
|upkeep
|turn|7
|
|t:|1759061471
|move|p2a: Kleavor|U-turn|p1a: Cinderace
|-supereffective|p1a: Cinderace
|-damage|p1a: Cinderace|0 fnt
|faint|p1a: Cinderace
|
|t:|1759061477
|switch|p2a: Feraligatr|Feraligatr, M|100/100|[from] U-turn
|
|upkeep
|
|t:|1759061482
|switch|p1a: Rillaboom|Rillaboom, F|100/100
|-fieldstart|move: Grassy Terrain|[from] ability: Grassy Surge|[of] p1a: Rillaboom
|-enditem|p1a: Rillaboom|Grassy Seed
|-boost|p1a: Rillaboom|def|1|[from] item: Grassy Seed
|turn|8
|
|t:|1759061490
|switch|p2a: Hoopa|Hoopa-Unbound|32/100
|move|p1a: Rillaboom|Swords Dance|p1a: Rillaboom
|-boost|p1a: Rillaboom|atk|2
|
|-heal|p2a: Hoopa|38/100|[from] Grassy Terrain
|upkeep
|turn|9
|
|t:|1759061502
|move|p1a: Rillaboom|Acrobatics|p2a: Hoopa
|-damage|p2a: Hoopa|0 fnt
|faint|p2a: Hoopa
|
|upkeep
|
|t:|1759061509
|switch|p2a: Moltres|Moltres|66/100
|turn|10
|
|t:|1759061516
|-terastallize|p1a: Rillaboom|Rock
|move|p2a: Moltres|Will-O-Wisp|p1a: Rillaboom
|-status|p1a: Rillaboom|brn
|move|p1a: Rillaboom|Acrobatics|p2a: Moltres
|-damage|p2a: Moltres|28/100
|
|-damage|p1a: Rillaboom|94/100 brn|[from] brn
|upkeep
|turn|11
|
|t:|1759061525
|move|p2a: Moltres|Roost|p2a: Moltres
|-heal|p2a: Moltres|78/100
|-singleturn|p2a: Moltres|move: Roost
|move|p1a: Rillaboom|Swords Dance|p1a: Rillaboom
|-boost|p1a: Rillaboom|atk|2
|
|-heal|p2a: Moltres|84/100|[from] Grassy Terrain
|-heal|p1a: Rillaboom|100/100 brn|[from] Grassy Terrain
|-damage|p1a: Rillaboom|94/100 brn|[from] brn
|upkeep
|turn|12
|
|t:|1759061540
|switch|p2a: Kleavor|Kleavor, F|100/100
|move|p1a: Rillaboom|Swords Dance|p1a: Rillaboom
|-boost|p1a: Rillaboom|atk|2
|
|-heal|p1a: Rillaboom|100/100 brn|[from] Grassy Terrain
|-damage|p1a: Rillaboom|94/100 brn|[from] brn
|-fieldend|move: Grassy Terrain
|upkeep
|turn|13
|
|t:|1759061558
|move|p2a: Kleavor|Close Combat|p1a: Rillaboom
|-supereffective|p1a: Rillaboom
|-crit|p1a: Rillaboom
|-damage|p1a: Rillaboom|0 fnt
|-unboost|p2a: Kleavor|def|1
|-unboost|p2a: Kleavor|spd|1
|faint|p1a: Rillaboom
|
|upkeep
|
|t:|1759061562
|switch|p1a: Zamazenta|Zamazenta|100/100
|turn|14
|
|t:|1759061573
|switch|p2a: Moltres|Moltres|84/100
|move|p1a: Zamazenta|Iron Head|p2a: Moltres
|-resisted|p2a: Moltres
|-damage|p2a: Moltres|74/100
|
|upkeep
|turn|15
|
|t:|1759061580
|move|p1a: Zamazenta|Play Rough|p2a: Moltres
|-resisted|p2a: Moltres
|-damage|p2a: Moltres|63/100
|-status|p1a: Zamazenta|brn|[from] ability: Flame Body|[of] p2a: Moltres
|move|p2a: Moltres|Flamethrower|p1a: Zamazenta
|-crit|p1a: Zamazenta
|-damage|p1a: Zamazenta|69/100 brn
|
|-damage|p1a: Zamazenta|62/100 brn|[from] brn
|upkeep
|turn|16
|
|t:|1759061589
|move|p1a: Zamazenta|Play Rough|p2a: Moltres
|-resisted|p2a: Moltres
|-damage|p2a: Moltres|58/100
|move|p2a: Moltres|U-turn|p1a: Zamazenta
|-resisted|p1a: Zamazenta
|-damage|p1a: Zamazenta|56/100 brn
|
|t:|1759061596
|switch|p2a: Feraligatr|Feraligatr, M|100/100|[from] U-turn
|
|-damage|p1a: Zamazenta|50/100 brn|[from] brn
|upkeep
|turn|17
|
|t:|1759061603
|move|p1a: Zamazenta|Iron Head|p2a: Feraligatr
|-resisted|p2a: Feraligatr
|-damage|p2a: Feraligatr|94/100
|move|p2a: Feraligatr|Dragon Dance|p2a: Feraligatr
|-boost|p2a: Feraligatr|atk|1
|-boost|p2a: Feraligatr|spe|1
|
|-damage|p1a: Zamazenta|44/100 brn|[from] brn
|upkeep
|turn|18
|
|t:|1759061608
|move|p2a: Feraligatr|Waterfall|p1a: Zamazenta
|-damage|p1a: Zamazenta|0 fnt
|faint|p1a: Zamazenta
|
|win|thefunbegins
|raw|Cazapvtas21's rating: 1140 &rarr; <strong>1119</strong><br />(-21 for losing)
|raw|thefunbegins's rating: 1200 &rarr; <strong>1221</strong><br />(+21 for winning)
|l|☆thefunbegins
|player|p2|
|l|☆Cazapvtas21
|player|p1|
