|j|☆Yhice
|j|☆xail44
|t:|1758970429
|gametype|singles
|player|p1|Yhice|emmet|1082
|player|p2|xail44|101|1060
|gen|9
|tier|[Gen 9] OU
|rated|
|rule|HP Percentage Mod: HP is shown in percentages
|rule|Endless Battle Clause: Forcing endless battles is banned
|rule|Species Clause: Limit one of each Pokémon
|rule|OHKO Clause: OHKO moves are banned
|rule|Evasion Items Clause: Evasion items are banned
|rule|Evasion Moves Clause: Evasion moves are banned
|rule|Evasion Abilities Clause: Evasion abilities are banned
|rule|Sleep Moves Clause: Sleep-inducing moves are banned
|clearpoke
|poke|p1|Scream Tail|
|poke|p1|Gallade, M|
|poke|p1|Lucario, F|
|poke|p1|Glimmora, F|
|poke|p1|Ampharos, M|
|poke|p1|Corviknight, F|
|poke|p2|Bombirdier, M|
|poke|p2|Spidops, F|
|poke|p2|Alomomola, M|
|poke|p2|Banette, F|
|poke|p2|Swalot, F|
|poke|p2|Garchomp, M|
|teampreview
|inactive|Battle timer is ON: inactive players will automatically lose when time's up. (requested by xail44)
|
|t:|1758970438
|teamsize|p1|6
|teamsize|p2|6
|start
|switch|p1a: Glimmora|Glimmora, F|100/100
|switch|p2a: Spidops|Spidops, F|100/100
|turn|1
|
|t:|1758970445
|move|p1a: Glimmora|Stealth Rock|p2a: Spidops
|-sidestart|p2: xail44|move: Stealth Rock
|move|p2a: Spidops|Sticky Web|p1a: Glimmora
|-sidestart|p1: Yhice|move: Sticky Web
|
|upkeep
|turn|2
|
|t:|1758970452
|move|p1a: Glimmora|Spikes|p2a: Spidops
|-sidestart|p2: xail44|Spikes
|move|p2a: Spidops|Circle Throw|p1a: Glimmora
|-damage|p1a: Glimmora|84/100
|-activate|p1a: Glimmora|ability: Toxic Debris
|-sidestart|p2: xail44|move: Toxic Spikes
|drag|p1a: Gallade|Gallade, M|100/100
|-activate|p1a: Gallade|move: Sticky Web
|-unboost|p1a: Gallade|spe|1
|
|upkeep
|turn|3
|
|t:|1758970465
|move|p1a: Gallade|Earthquake|p2a: Spidops
|-resisted|p2a: Spidops
|-damage|p2a: Spidops|82/100
|move|p2a: Spidops|Knock Off|p1a: Gallade
|-damage|p1a: Gallade|52/100
|-enditem|p1a: Gallade|Choice Scarf|[from] move: Knock Off|[of] p2a: Spidops
|
|upkeep
|turn|4
|
|t:|1758970476
|move|p1a: Gallade|Sacred Sword|p2a: Spidops
|-resisted|p2a: Spidops
|-damage|p2a: Spidops|46/100
|move|p2a: Spidops|Memento|p1a: Gallade
|-unboost|p1a: Gallade|atk|2
|-unboost|p1a: Gallade|spa|2
|faint|p2a: Spidops
|
|upkeep
|
|t:|1758970481
|switch|p2a: Swalot|Swalot, F|100/100
|-damage|p2a: Swalot|88/100|[from] Stealth Rock
|-damage|p2a: Swalot|76/100|[from] Spikes
|-sideend|p2: xail44|move: Toxic Spikes|[of] p2a: Swalot
|turn|5
|
|t:|1758970496
|-terastallize|p2a: Swalot|Dark
|move|p1a: Gallade|Psycho Cut|p2a: Swalot
|-immune|p2a: Swalot
|move|p2a: Swalot|Stuff Cheeks|p2a: Swalot
|-boost|p2a: Swalot|def|2
|-enditem|p2a: Swalot|Starf Berry|[eat]
|-boost|p2a: Swalot|spd|2|[from] item: Starf Berry
|
|upkeep
|turn|6
|
|t:|1758970506
|move|p1a: Gallade|Leaf Blade|p2a: Swalot
|-damage|p2a: Swalot|64/100
|move|p2a: Swalot|Body Press|p1a: Gallade
|-resisted|p1a: Gallade
|-damage|p1a: Gallade|25/100
|
|upkeep
|turn|7
|
|t:|1758970517
|-terastallize|p1a: Gallade|Flying
|move|p1a: Gallade|Earthquake|p2a: Swalot
|-damage|p2a: Swalot|55/100
|move|p2a: Swalot|Body Press|p1a: Gallade
|-resisted|p1a: Gallade
|-damage|p1a: Gallade|0 fnt
|faint|p1a: Gallade
|
|upkeep
|
|t:|1758970528
|switch|p1a: Glimmora|Glimmora, F|84/100
|-activate|p1a: Glimmora|move: Sticky Web
|-unboost|p1a: Glimmora|spe|1
|turn|8
|
|t:|1758970534
|move|p1a: Glimmora|Spikes|p2a: Swalot
|-sidestart|p2: xail44|Spikes
|move|p2a: Swalot|Body Press|p1a: Glimmora
|-damage|p1a: Glimmora|52/100
|-activate|p1a: Glimmora|ability: Toxic Debris
|-sidestart|p2: xail44|move: Toxic Spikes
|
|upkeep
|turn|9
|
|t:|1758970542
|move|p1a: Glimmora|Reflect|p1a: Glimmora
|-sidestart|p1: Yhice|Reflect
|move|p2a: Swalot|Body Press|p1a: Glimmora
|-damage|p1a: Glimmora|35/100
|-activate|p1a: Glimmora|ability: Toxic Debris
|-sidestart|p2: xail44|move: Toxic Spikes
|
|upkeep
|turn|10
|
|t:|1758970549
|move|p1a: Glimmora|Spikes|p2a: Swalot
|-sidestart|p2: xail44|Spikes
|move|p2a: Swalot|Thief|p1a: Glimmora
|-damage|p1a: Glimmora|28/100
|-enditem|p1a: Glimmora|Focus Sash|[silent]|[from] move: Thief|[of] p2a: Swalot
|-item|p2a: Swalot|Focus Sash|[from] move: Thief|[of] p1a: Glimmora
|
|upkeep
|turn|11
|
|t:|1758970556
|move|p1a: Glimmora|Explosion|p2a: Swalot
|-damage|p2a: Swalot|40/100
|faint|p1a: Glimmora
|move|p2a: Swalot|Body Press|p1: Glimmora|[notarget]
|-fail|p2a: Swalot
|
|upkeep
|
|t:|1758970563
|switch|p1a: Ampharos|Ampharos, M|100/100
|-activate|p1a: Ampharos|move: Sticky Web
|-unboost|p1a: Ampharos|spe|1
|turn|12
|
|t:|1758970568
|move|p2a: Swalot|Belch|p1a: Ampharos
|-damage|p1a: Ampharos|70/100
|move|p1a: Ampharos|Thunder Wave|p2a: Swalot
|-status|p2a: Swalot|par
|
|upkeep
|turn|13
|
|t:|1758970575
|move|p1a: Ampharos|Ice Punch|p2a: Swalot
|-damage|p2a: Swalot|30/100 par
|cant|p2a: Swalot|par
|
|-sideend|p1: Yhice|Reflect
|upkeep
|turn|14
|
|t:|1758970582
|move|p1a: Ampharos|Fire Punch|p2a: Swalot
|-damage|p2a: Swalot|20/100 par
|move|p2a: Swalot|Body Press|p1a: Ampharos
|-damage|p1a: Ampharos|39/100
|
|upkeep
|turn|15
|
|t:|1758970588
|move|p1a: Ampharos|Thunderbolt|p2a: Swalot
|-damage|p2a: Swalot|9/100 par
|cant|p2a: Swalot|par
|
|upkeep
|turn|16
|
|t:|1758970595
|move|p1a: Ampharos|Thunderbolt|p2a: Swalot
|-damage|p2a: Swalot|0 fnt
|faint|p2a: Swalot
|
|upkeep
|
|t:|1758970601
|switch|p2a: Garchomp|Garchomp, M|100/100
|-damage|p2a: Garchomp|94/100|[from] Stealth Rock
|-damage|p2a: Garchomp|69/100|[from] Spikes
|-status|p2a: Garchomp|tox
|turn|17
|
|t:|1758970609
|move|p2a: Garchomp|Earthquake|p1a: Ampharos
|-supereffective|p1a: Ampharos
|-damage|p1a: Ampharos|0 fnt
|faint|p1a: Ampharos
|
|-damage|p2a: Garchomp|63/100 tox|[from] psn
|upkeep
|
|t:|1758970617
|switch|p1a: Corviknight|Corviknight, F|100/100
|turn|18
|
|t:|1758970621
|move|p2a: Garchomp|Stealth Rock|p1a: Corviknight
|-sidestart|p1: Yhice|move: Stealth Rock
|move|p1a: Corviknight|Brave Bird|p2a: Garchomp
|-damage|p2a: Garchomp|14/100 tox
|-damage|p1a: Corviknight|88/100|[from] ability: Rough Skin|[of] p2a: Garchomp
|-damage|p1a: Corviknight|72/100|[from] item: Rocky Helmet|[of] p2a: Garchomp
|-damage|p1a: Corviknight|57/100|[from] Recoil
|
|-damage|p2a: Garchomp|2/100 tox|[from] psn
|upkeep
|turn|19
|
|t:|1758970635
|move|p2a: Garchomp|Spikes|p1a: Corviknight
|-sidestart|p1: Yhice|Spikes
|move|p1a: Corviknight|U-turn|p2a: Garchomp
|-damage|p2a: Garchomp|0 fnt
|-damage|p1a: Corviknight|45/100|[from] ability: Rough Skin|[of] p2a: Garchomp
|-damage|p1a: Corviknight|28/100|[from] item: Rocky Helmet|[of] p2a: Garchomp
|-enditem|p1a: Corviknight|Sitrus Berry|[eat]
|-heal|p1a: Corviknight|53/100|[from] item: Sitrus Berry
|faint|p2a: Garchomp
|
|t:|1758970645
|switch|p1a: Scream Tail|Scream Tail|100/100|[from] U-turn
|-activate|p1a: Scream Tail|move: Sticky Web
|-unboost|p1a: Scream Tail|spe|1
|-damage|p1a: Scream Tail|88/100|[from] Stealth Rock
|-damage|p1a: Scream Tail|76/100|[from] Spikes
|
|upkeep
|
|t:|1758970658
|switch|p2a: Bombirdier|Bombirdier, M|100/100
|-damage|p2a: Bombirdier|76/100|[from] Stealth Rock
|turn|20
|
|t:|1758970663
|move|p2a: Bombirdier|Hone Claws|p2a: Bombirdier
|-boost|p2a: Bombirdier|atk|1
|-boost|p2a: Bombirdier|accuracy|1
|move|p1a: Scream Tail|Play Rough|p2a: Bombirdier
|-supereffective|p2a: Bombirdier
|-damage|p2a: Bombirdier|12/100
|
|upkeep
|turn|21
|
|t:|1758970671
|move|p2a: Bombirdier|Sky Attack||[still]
|-prepare|p2a: Bombirdier|Sky Attack
|-enditem|p2a: Bombirdier|Power Herb
|-anim|p2a: Bombirdier|Sky Attack|p1a: Scream Tail
|-damage|p1a: Scream Tail|1/100
|cant|p1a: Scream Tail|flinch
|
|upkeep
|turn|22
|
|t:|1758970678
|move|p1a: Scream Tail|Protect|p1a: Scream Tail
|-singleturn|p1a: Scream Tail|Protect
|move|p2a: Bombirdier|Acrobatics|p1a: Scream Tail
|-activate|p1a: Scream Tail|move: Protect
|
|upkeep
|turn|23
|
|t:|1758970686
|-end|p1a: Scream Tail|Protosynthesis|[silent]
|switch|p1a: Corviknight|Corviknight, F|53/100
|-damage|p1a: Corviknight|41/100|[from] Stealth Rock
|move|p2a: Bombirdier|Acrobatics|p1a: Corviknight
|-resisted|p1a: Corviknight
|-damage|p1a: Corviknight|9/100
|
|upkeep
|turn|24
|c|☆xail44|gg
|
|t:|1758970695
|move|p2a: Bombirdier|Stone Edge|p1a: Corviknight
|-damage|p1a: Corviknight|0 fnt
|faint|p1a: Corviknight
|
|upkeep
|
|t:|1758970700
|switch|p1a: Lucario|Lucario, F|100/100
|-damage|p1a: Lucario|98/100|[from] Stealth Rock
|-item|p1a: Lucario|Air Balloon
|turn|25
|
|t:|1758970706
|move|p1a: Lucario|Extreme Speed|p2a: Bombirdier
|-damage|p2a: Bombirdier|0 fnt
|faint|p2a: Bombirdier
|
|upkeep
|c|☆xail44|ooh
|c|☆xail44|the balloon
|
|t:|1758970726
|switch|p2a: Alomomola|Alomomola, M|100/100
|-damage|p2a: Alomomola|88/100|[from] Stealth Rock
|-damage|p2a: Alomomola|63/100|[from] Spikes
|-status|p2a: Alomomola|tox
|turn|26
|
|t:|1758970734
|move|p1a: Lucario|Swords Dance|p1a: Lucario
|-boost|p1a: Lucario|atk|2
|move|p2a: Alomomola|Scald|p1a: Lucario
|-damage|p1a: Lucario|75/100
|-status|p1a: Lucario|brn
|-enditem|p1a: Lucario|Air Balloon
|
|-heal|p2a: Alomomola|69/100 tox|[from] item: Leftovers
|-damage|p2a: Alomomola|63/100 tox|[from] psn
|-damage|p1a: Lucario|69/100 brn|[from] brn
|upkeep
|turn|27
|
|t:|1758970747
|move|p1a: Lucario|Extreme Speed|p2a: Alomomola
|-damage|p2a: Alomomola|50/100 tox
|move|p2a: Alomomola|Scald|p1a: Lucario
|-damage|p1a: Lucario|49/100 brn
|
|-heal|p2a: Alomomola|56/100 tox|[from] item: Leftovers
|-damage|p2a: Alomomola|44/100 tox|[from] psn
|-damage|p1a: Lucario|42/100 brn|[from] brn
|upkeep
|turn|28
|
|t:|1758970758
|move|p1a: Lucario|Close Combat|p2a: Alomomola
|-damage|p2a: Alomomola|14/100 tox
|-unboost|p1a: Lucario|def|1
|-unboost|p1a: Lucario|spd|1
|move|p2a: Alomomola|Scald|p1a: Lucario
|-damage|p1a: Lucario|8/100 brn
|
|-heal|p2a: Alomomola|20/100 tox|[from] item: Leftovers
|-damage|p2a: Alomomola|2/100 tox|[from] psn
|-damage|p1a: Lucario|2/100 brn|[from] brn
|upkeep
|turn|29
|
|t:|1758970772
|move|p1a: Lucario|Extreme Speed|p2a: Alomomola
|-crit|p2a: Alomomola
|-damage|p2a: Alomomola|0 fnt
|faint|p2a: Alomomola
|
|-damage|p1a: Lucario|0 fnt|[from] brn
|faint|p1a: Lucario
|upkeep
|
|t:|1758970780
|switch|p1a: Scream Tail|Scream Tail|1/100
|switch|p2a: Banette|Banette, F|100/100
|-activate|p1a: Scream Tail|move: Sticky Web
|-unboost|p1a: Scream Tail|spe|1
|-damage|p1a: Scream Tail|0 fnt|[from] Stealth Rock
|faint|p1a: Scream Tail
|-end|p1a: Scream Tail|Protosynthesis|[silent]
|
|win|xail44
|raw|Yhice's rating: 1082 &rarr; <strong>1058</strong><br />(-24 for losing)
|raw|xail44's rating: 1060 &rarr; <strong>1093</strong><br />(+33 for winning)
|c|☆Yhice|ggs
|c|☆xail44|gg
|l|☆xail44
|player|p2|
|l|☆Yhice
|player|p1|
