|j|‽benihanaflip
|j|☆UserJexx
|t:|1759035285
|gametype|singles
|player|p1|benihanaflip|ash-kalos|1491
|player|p2|UserJexx|lusamine-nihilego|1476
|gen|9
|tier|[Gen 9] OU
|rated|
|rule|HP Percentage Mod: HP is shown in percentages
|rule|Endless Battle Clause: Forcing endless battles is banned
|rule|Species Clause: Limit one of each Pokémon
|rule|OHKO Clause: OHKO moves are banned
|rule|Evasion Items Clause: Evasion items are banned
|rule|Evasion Moves Clause: Evasion moves are banned
|rule|Evasion Abilities Clause: Evasion abilities are banned
|rule|Sleep Moves Clause: Sleep-inducing moves are banned
|clearpoke
|poke|p1|Ursaluna, M|
|poke|p1|Cresselia, F|
|poke|p1|Hatterene, F|
|poke|p1|Keldeo-Resolute|
|poke|p1|Ogerpon, F|
|poke|p1|Iron Crown|
|poke|p2|Hatterene, F|
|poke|p2|Goodra-Hisui, M|
|poke|p2|Corviknight, F|
|poke|p2|Gastrodon-East, M|
|poke|p2|Ditto|
|poke|p2|Ceruledge, M|
|teampreview
|inactive|Battle timer is ON: inactive players will automatically lose when time's up. (requested by UserJexx)
|
|t:|1759035296
|teamsize|p1|6
|teamsize|p2|6
|start
|switch|p1a: Keldeo|Keldeo-Resolute|100/100
|switch|p2a: Sharpness V|Ceruledge, M|100/100
|turn|1
|
|t:|1759035304
|switch|p2a: Respiration III|Gastrodon-East, M|100/100
|move|p1a: Keldeo|Secret Sword|p2a: Respiration III
|-damage|p2a: Respiration III|22/100
|
|-heal|p2a: Respiration III|28/100|[from] item: Leftovers
|upkeep
|turn|2
|
|t:|1759035313
|move|p1a: Keldeo|Secret Sword|p2a: Respiration III
|-damage|p2a: Respiration III|0 fnt
|faint|p2a: Respiration III
|
|upkeep
|
|t:|1759035315
|switch|p2a: Looting II|Hatterene, F, shiny|100/100
|turn|3
|
|t:|1759035321
|switch|p1a: Iron Crown|Iron Crown|100/100
|-enditem|p1a: Iron Crown|Booster Energy
|-activate|p1a: Iron Crown|ability: Quark Drive|[fromitem]
|-start|p1a: Iron Crown|quarkdrivespe
|move|p2a: Looting II|Draining Kiss|p1a: Iron Crown
|-resisted|p1a: Iron Crown
|-damage|p1a: Iron Crown|85/100
|
|upkeep
|turn|4
|
|t:|1759035324
|switch|p2a: Protection IV|Goodra-Hisui, M|100/100
|move|p1a: Iron Crown|Calm Mind|p1a: Iron Crown
|-boost|p1a: Iron Crown|spa|1
|-boost|p1a: Iron Crown|spd|1
|
|upkeep
|turn|5
|
|t:|1759035333
|-terastallize|p1a: Iron Crown|Fighting
|move|p1a: Iron Crown|Focus Blast|p2a: Protection IV
|-supereffective|p2a: Protection IV
|-damage|p2a: Protection IV|20/100
|move|p2a: Protection IV|Earthquake|p1a: Iron Crown
|-damage|p1a: Iron Crown|51/100
|
|upkeep
|turn|6
|
|t:|1759035351
|move|p1a: Iron Crown|Tachyon Cutter|p2a: Protection IV
|-resisted|p2a: Protection IV
|-damage|p2a: Protection IV|12/100
|-resisted|p2a: Protection IV
|-damage|p2a: Protection IV|4/100
|-hitcount|p2a: Protection IV|2
|move|p2a: Protection IV|Earthquake|p1a: Iron Crown
|-damage|p1a: Iron Crown|20/100
|
|upkeep
|turn|7
|
|t:|1759035357
|move|p1a: Iron Crown|Tachyon Cutter|p2a: Protection IV
|-resisted|p2a: Protection IV
|-damage|p2a: Protection IV|0 fnt
|faint|p2a: Protection IV
|-hitcount|p2: Protection IV|1
|
|upkeep
|
|t:|1759035367
|switch|p2a: Curse of Binding|Ditto|100/100
|-transform|p2a: Curse of Binding|p1a: Iron Crown|[from] ability: Imposter
|-start|p2a: Curse of Binding|typechange|Steel/Psychic|[silent]
|turn|8
|
|t:|1759035374
|move|p2a: Curse of Binding|Psychic Noise|p1a: Iron Crown
|-supereffective|p1a: Iron Crown
|-damage|p1a: Iron Crown|0 fnt
|faint|p1a: Iron Crown
|-end|p1a: Iron Crown|Quark Drive|[silent]
|
|upkeep
|
|t:|1759035383
|switch|p1a: Cresselia|Cresselia, F, shiny|100/100
|turn|9
|
|t:|1759035389
|-end|p2a: Curse of Binding|Quark Drive|[silent]
|switch|p2a: Sharpness V|Ceruledge, M|100/100
|move|p1a: Cresselia|Trick Room|p1a: Cresselia
|-fieldstart|move: Trick Room|[of] p1a: Cresselia
|
|upkeep
|turn|10
|
|t:|1759035397
|move|p1a: Cresselia|Psychic|p2a: Sharpness V
|-damage|p2a: Sharpness V|70/100
|-unboost|p2a: Sharpness V|spd|1
|move|p2a: Sharpness V|Close Combat|p1a: Cresselia
|-resisted|p1a: Cresselia
|-damage|p1a: Cresselia|88/100
|-unboost|p2a: Sharpness V|def|1
|-unboost|p2a: Sharpness V|spd|1
|-damage|p2a: Sharpness V|53/100|[from] item: Rocky Helmet|[of] p1a: Cresselia
|
|upkeep
|turn|11
|
|t:|1759035402
|switch|p1a: Ursaluna|Ursaluna, M|100/100
|switch|p2a: Looting II|Hatterene, F, shiny|100/100
|
|-status|p1a: Ursaluna|brn|[from] item: Flame Orb
|upkeep
|turn|12
|
|t:|1759035406
|move|p2a: Looting II|Giga Drain|p1a: Ursaluna
|-supereffective|p1a: Ursaluna
|-damage|p1a: Ursaluna|46/100 brn
|move|p1a: Ursaluna|Facade|p2a: Looting II
|-damage|p2a: Looting II|0 fnt
|faint|p2a: Looting II
|
|-damage|p1a: Ursaluna|40/100 brn|[from] brn
|upkeep
|
|t:|1759035410
|switch|p2a: Thorns II|Corviknight, F|100/100
|-ability|p2a: Thorns II|Pressure
|turn|13
|
|t:|1759035418
|switch|p1a: Keldeo|Keldeo-Resolute|100/100
|move|p2a: Thorns II|Body Press|p1a: Keldeo
|-damage|p1a: Keldeo|76/100
|
|-fieldend|move: Trick Room
|upkeep
|turn|14
|
|t:|1759035430
|switch|p2a: Curse of Binding|Ditto|100/100
|-transform|p2a: Curse of Binding|p1a: Keldeo|[from] ability: Imposter
|move|p1a: Keldeo|Surf|p2a: Curse of Binding
|-resisted|p2a: Curse of Binding
|-damage|p2a: Curse of Binding|50/100
|
|upkeep
|turn|15
|
|t:|1759035444
|move|p2a: Curse of Binding|Secret Sword|p1a: Keldeo
|-crit|p1a: Keldeo
|-damage|p1a: Keldeo|0 fnt
|faint|p1a: Keldeo
|
|upkeep
|
|t:|1759035452
|switch|p1a: Cresselia|Cresselia, F, shiny|88/100
|turn|16
|
|t:|1759035466
|switch|p2a: Sharpness V|Ceruledge, M|53/100
|move|p1a: Cresselia|Trick Room|p1a: Cresselia
|-fieldstart|move: Trick Room|[of] p1a: Cresselia
|
|upkeep
|turn|17
|
|t:|1759035470
|move|p1a: Cresselia|Psychic|p2a: Sharpness V
|-crit|p2a: Sharpness V
|-damage|p2a: Sharpness V|12/100
|move|p2a: Sharpness V|Poltergeist|p1a: Cresselia
|-activate|p1a: Cresselia|move: Poltergeist|Rocky Helmet
|-supereffective|p1a: Cresselia
|-damage|p1a: Cresselia|24/100
|
|upkeep
|turn|18
|
|t:|1759035477
|switch|p2a: Curse of Binding|Ditto|50/100
|-transform|p2a: Curse of Binding|p1a: Cresselia|[from] ability: Imposter
|move|p1a: Cresselia|Lunar Dance|p1a: Cresselia
|faint|p1a: Cresselia
|
|upkeep
|
|t:|1759035480
|switch|p1a: Ursaluna|Ursaluna, M|40/100 brn
|-heal|p1a: Ursaluna|100/100|[from] move: Lunar Dance
|turn|19
|
|t:|1759035485
|switch|p2a: Thorns II|Corviknight, F|100/100
|-ability|p2a: Thorns II|Pressure
|move|p1a: Ursaluna|Facade|p2a: Thorns II
|-resisted|p2a: Thorns II
|-damage|p2a: Thorns II|82/100
|-damage|p1a: Ursaluna|84/100|[from] item: Rocky Helmet|[of] p2a: Thorns II
|
|-status|p1a: Ursaluna|brn|[from] item: Flame Orb
|upkeep
|turn|20
|
|t:|1759035500
|move|p1a: Ursaluna|Fire Punch|p2a: Thorns II
|-supereffective|p2a: Thorns II
|-damage|p2a: Thorns II|10/100
|-damage|p1a: Ursaluna|67/100 brn|[from] item: Rocky Helmet|[of] p2a: Thorns II
|move|p2a: Thorns II|Iron Defense|p2a: Thorns II
|-boost|p2a: Thorns II|def|2
|
|-damage|p1a: Ursaluna|61/100 brn|[from] brn
|-fieldend|move: Trick Room
|upkeep
|turn|21
|
|t:|1759035510
|switch|p1a: Hatterene|Hatterene, F, shiny|100/100
|move|p2a: Thorns II|Roost|p2a: Thorns II
|-heal|p2a: Thorns II|60/100
|-singleturn|p2a: Thorns II|move: Roost
|
|upkeep
|turn|22
|
|t:|1759035514
|switch|p2a: Sharpness V|Ceruledge, M|12/100
|move|p1a: Hatterene|Psychic Noise|p2a: Sharpness V
|-damage|p2a: Sharpness V|0 fnt
|faint|p2a: Sharpness V
|
|upkeep
|-message|UserJexx forfeited.
|
|win|benihanaflip
|raw|benihanaflip's rating: 1491 &rarr; <strong>1510</strong><br />(+19 for winning)
|raw|UserJexx's rating: 1476 &rarr; <strong>1457</strong><br />(-19 for losing)
|l|☆UserJexx
|player|p2|
|l|‽benihanaflip
|player|p1|
