|j|☆mansonabuluting
|j|☆dicolibri
|t:|1759050271
|gametype|singles
|player|p1|mansonabuluting|bellelba|1676
|player|p2|dicolibri|hiker|1650
|gen|9
|tier|[Gen 9] OU
|rated|
|rule|HP Percentage Mod: HP is shown in percentages
|rule|Endless Battle Clause: Forcing endless battles is banned
|rule|Species Clause: Limit one of each Pokémon
|rule|OHKO Clause: OHKO moves are banned
|rule|Evasion Items Clause: Evasion items are banned
|rule|Evasion Moves Clause: Evasion moves are banned
|rule|Evasion Abilities Clause: Evasion abilities are banned
|rule|Sleep Moves Clause: Sleep-inducing moves are banned
|clearpoke
|poke|p1|Rillaboom, F|
|poke|p1|Hawlucha, F|
|poke|p1|Thundurus-Therian, M|
|poke|p1|Great Tusk|
|poke|p1|Volcanion|
|poke|p1|Goodra-Hisui, F|
|poke|p2|Mesprit|
|poke|p2|Hatterene, F|
|poke|p2|Kingambit, M|
|poke|p2|Ursaluna, M|
|poke|p2|Iron Hands|
|poke|p2|Hoopa-Unbound|
|teampreview
|inactive|Battle timer is ON: inactive players will automatically lose when time's up. (requested by mansonabuluting)
|
|t:|1759050290
|teamsize|p1|6
|teamsize|p2|6
|start
|switch|p1a: Rillaboom|Rillaboom, F|100/100
|switch|p2a: Iron Hands|Iron Hands|100/100
|-fieldstart|move: Grassy Terrain|[from] ability: Grassy Surge|[of] p1a: Rillaboom
|-enditem|p2a: Iron Hands|Booster Energy
|-activate|p2a: Iron Hands|ability: Quark Drive|[fromitem]
|-start|p2a: Iron Hands|quarkdriveatk
|turn|1
|
|t:|1759050304
|-terastallize|p1a: Rillaboom|Grass
|move|p1a: Rillaboom|Wood Hammer|p2a: Iron Hands
|-damage|p2a: Iron Hands|0 fnt
|faint|p2a: Iron Hands
|-end|p2a: Iron Hands|Quark Drive|[silent]
|-damage|p1a: Rillaboom|60/100|[from] Recoil
|
|-heal|p1a: Rillaboom|66/100|[from] Grassy Terrain
|upkeep
|
|t:|1759050315
|switch|p2a: Kingambit|Kingambit, M|100/100
|-activate|p2a: Kingambit|ability: Supreme Overlord
|-start|p2a: Kingambit|fallen1|[silent]
|turn|2
|
|t:|1759050325
|switch|p1a: Great Tusk|Great Tusk|100/100
|move|p2a: Kingambit|Iron Head|p1a: Great Tusk
|-damage|p1a: Great Tusk|70/100
|-damage|p2a: Kingambit|84/100|[from] item: Rocky Helmet|[of] p1a: Great Tusk
|-damage|p2a: Kingambit|74/100|[from] item: Life Orb
|
|-heal|p1a: Great Tusk|77/100|[from] Grassy Terrain
|-heal|p2a: Kingambit|80/100|[from] Grassy Terrain
|upkeep
|turn|3
|
|t:|1759050331
|-end|p2a: Kingambit|fallen1|[silent]
|switch|p2a: Mesprit|Mesprit|100/100
|move|p1a: Great Tusk|Headlong Rush|p2a: Mesprit
|-immune|p2a: Mesprit|[from] ability: Levitate
|
|-heal|p1a: Great Tusk|83/100|[from] Grassy Terrain
|upkeep
|turn|4
|
|t:|1759050348
|-end|p1a: Great Tusk|Protosynthesis|[silent]
|switch|p1a: Goodra|Goodra-Hisui, F|100/100
|move|p2a: Mesprit|Stealth Rock|p1a: Goodra
|-sidestart|p1: mansonabuluting|move: Stealth Rock
|
|upkeep
|turn|5
|
|t:|1759050360
|move|p1a: Goodra|Flash Cannon|p2a: Mesprit
|-damage|p2a: Mesprit|73/100
|move|p2a: Mesprit|Trick Room|p2a: Mesprit
|-fieldstart|move: Trick Room|[of] p2a: Mesprit
|
|-fieldend|move: Grassy Terrain
|upkeep
|turn|6
|
|t:|1759050374
|switch|p2a: Ursaluna|Ursaluna, M|100/100
|move|p1a: Goodra|Flash Cannon|p2a: Ursaluna
|-damage|p2a: Ursaluna|63/100
|
|-status|p2a: Ursaluna|brn|[from] item: Flame Orb
|upkeep
|turn|7
|
|t:|1759050390
|switch|p1a: Great Tusk|Great Tusk|83/100
|-damage|p1a: Great Tusk|80/100|[from] Stealth Rock
|move|p2a: Ursaluna|Headlong Rush|p1a: Great Tusk
|-damage|p1a: Great Tusk|31/100
|-unboost|p2a: Ursaluna|def|1
|-unboost|p2a: Ursaluna|spd|1
|-damage|p2a: Ursaluna|46/100 brn|[from] item: Rocky Helmet|[of] p1a: Great Tusk
|
|-damage|p2a: Ursaluna|40/100 brn|[from] brn
|upkeep
|turn|8
|
|t:|1759050399
|move|p2a: Ursaluna|Facade|p1a: Great Tusk
|-damage|p1a: Great Tusk|0 fnt
|-damage|p2a: Ursaluna|23/100 brn|[from] item: Rocky Helmet|[of] p1a: Great Tusk
|faint|p1a: Great Tusk
|-end|p1a: Great Tusk|Protosynthesis|[silent]
|
|-damage|p2a: Ursaluna|17/100 brn|[from] brn
|upkeep
|inactive|mansonabuluting has 120 seconds left.
|inactive|mansonabuluting has 90 seconds left.
|
|t:|1759050466
|switch|p1a: Rillaboom|Rillaboom, F, tera:Grass|66/100
|-damage|p1a: Rillaboom|53/100|[from] Stealth Rock
|-fieldstart|move: Grassy Terrain|[from] ability: Grassy Surge|[of] p1a: Rillaboom
|turn|9
|
|t:|1759050479
|move|p1a: Rillaboom|Grassy Glide|p2a: Ursaluna
|-supereffective|p2a: Ursaluna
|-damage|p2a: Ursaluna|0 fnt
|faint|p2a: Ursaluna
|
|-heal|p1a: Rillaboom|60/100|[from] Grassy Terrain
|-fieldend|move: Trick Room
|upkeep
|
|t:|1759050484
|switch|p2a: Kingambit|Kingambit, M|80/100
|-activate|p2a: Kingambit|ability: Supreme Overlord
|-start|p2a: Kingambit|fallen2|[silent]
|turn|10
|inactive|mansonabuluting has 90 seconds left.
|
|t:|1759050506
|switch|p1a: Thundurus|Thundurus-Therian, M|100/100
|-damage|p1a: Thundurus|76/100|[from] Stealth Rock
|-end|p2a: Kingambit|fallen2|[silent]
|switch|p2a: Hatterene|Hatterene, F|100/100
|
|upkeep
|turn|11
|
|t:|1759050522
|move|p1a: Thundurus|Volt Switch|p2a: Hatterene
|-damage|p2a: Hatterene|56/100
|
|t:|1759050526
|switch|p1a: Goodra|Goodra-Hisui, F|100/100|[from] Volt Switch
|-damage|p1a: Goodra|94/100|[from] Stealth Rock
|move|p2a: Hatterene|Trick Room|p2a: Hatterene
|-fieldstart|move: Trick Room|[of] p2a: Hatterene
|
|-heal|p2a: Hatterene|62/100|[from] Grassy Terrain
|-heal|p2a: Hatterene|68/100|[from] item: Leftovers
|-heal|p1a: Goodra|100/100|[from] Grassy Terrain
|upkeep
|turn|12
|inactive|mansonabuluting has 90 seconds left.
|inactive|dicolibri has 120 seconds left.
|
|t:|1759050573
|move|p2a: Hatterene|Healing Wish|p2a: Hatterene
|faint|p2a: Hatterene
|move|p1a: Goodra|Flash Cannon|p2: Hatterene|[notarget]
|-fail|p1a: Goodra
|
|upkeep
|
|t:|1759050593
|switch|p2a: Hoopa|Hoopa-Unbound|100/100
|turn|13
|inactive|mansonabuluting has 90 seconds left.
|
|t:|1759050613
|move|p2a: Hoopa|Drain Punch|p1a: Goodra
|-supereffective|p1a: Goodra
|-damage|p1a: Goodra|21/100
|-ability|p1a: Goodra|Gooey
|-unboost|p2a: Hoopa|spe|1
|-damage|p2a: Hoopa|91/100|[from] item: Life Orb
|move|p1a: Goodra|Flash Cannon|p2a: Hoopa
|-crit|p2a: Hoopa
|-damage|p2a: Hoopa|47/100
|
|-heal|p2a: Hoopa|53/100|[from] Grassy Terrain
|-heal|p1a: Goodra|27/100|[from] Grassy Terrain
|-fieldend|move: Grassy Terrain
|upkeep
|turn|14
|
|t:|1759050623
|switch|p1a: Thundurus|Thundurus-Therian, M|76/100
|-damage|p1a: Thundurus|51/100|[from] Stealth Rock
|move|p2a: Hoopa|Drain Punch|p1a: Thundurus
|-resisted|p1a: Thundurus
|-damage|p1a: Thundurus|16/100
|-heal|p2a: Hoopa|68/100|[from] drain|[of] p1a: Thundurus
|-damage|p2a: Hoopa|58/100|[from] item: Life Orb
|
|upkeep
|turn|15
|inactive|mansonabuluting has 90 seconds left.
|
|t:|1759050650
|move|p2a: Hoopa|Drain Punch|p1a: Thundurus
|-resisted|p1a: Thundurus
|-damage|p1a: Thundurus|0 fnt
|-heal|p2a: Hoopa|64/100|[from] drain|[of] p1a: Thundurus
|faint|p1a: Thundurus
|-damage|p2a: Hoopa|54/100|[from] item: Life Orb
|
|-fieldend|move: Trick Room
|upkeep
|
|t:|1759050656
|switch|p1a: Rillaboom|Rillaboom, F, tera:Grass|60/100
|-damage|p1a: Rillaboom|47/100|[from] Stealth Rock
|-fieldstart|move: Grassy Terrain|[from] ability: Grassy Surge|[of] p1a: Rillaboom
|turn|16
|
|t:|1759050673
|switch|p2a: Kingambit|Kingambit, M|80/100
|-heal|p2a: Kingambit|100/100|[from] move: Healing Wish
|-activate|p2a: Kingambit|ability: Supreme Overlord
|-start|p2a: Kingambit|fallen3|[silent]
|move|p1a: Rillaboom|Wood Hammer|p2a: Kingambit
|-resisted|p2a: Kingambit
|-damage|p2a: Kingambit|41/100
|-damage|p1a: Rillaboom|28/100|[from] Recoil
|
|-heal|p1a: Rillaboom|34/100|[from] Grassy Terrain
|-heal|p2a: Kingambit|47/100|[from] Grassy Terrain
|upkeep
|turn|17
|
|t:|1759050690
|switch|p1a: Hawlucha|Hawlucha, F|100/100
|-damage|p1a: Hawlucha|88/100|[from] Stealth Rock
|-enditem|p1a: Hawlucha|Grassy Seed
|-boost|p1a: Hawlucha|def|1|[from] item: Grassy Seed
|move|p2a: Kingambit|Sucker Punch||[still]
|-fail|p2a: Kingambit
|
|-heal|p2a: Kingambit|54/100|[from] Grassy Terrain
|upkeep
|turn|18
|
|t:|1759050694
|-end|p2a: Kingambit|fallen3|[silent]
|switch|p2a: Mesprit|Mesprit|73/100
|move|p1a: Hawlucha|Substitute|p1a: Hawlucha
|-start|p1a: Hawlucha|Substitute
|-damage|p1a: Hawlucha|63/100
|
|upkeep
|turn|19
|
|t:|1759050704
|move|p1a: Hawlucha|Acrobatics|p2a: Mesprit
|-damage|p2a: Mesprit|25/100
|move|p2a: Mesprit|Trick Room|p2a: Mesprit
|-fieldstart|move: Trick Room|[of] p2a: Mesprit
|
|upkeep
|turn|20
|
|t:|1759050710
|move|p2a: Mesprit|Psychic Noise|p1a: Hawlucha
|-supereffective|p1a: Hawlucha
|-damage|p1a: Hawlucha|0 fnt
|faint|p1a: Hawlucha
|
|-fieldend|move: Grassy Terrain
|upkeep
|
|t:|1759050715
|switch|p1a: Rillaboom|Rillaboom, F, tera:Grass|34/100
|-damage|p1a: Rillaboom|21/100|[from] Stealth Rock
|-fieldstart|move: Grassy Terrain|[from] ability: Grassy Surge|[of] p1a: Rillaboom
|turn|21
|inactive|dicolibri has 120 seconds left.
|
|t:|1759050730
|move|p1a: Rillaboom|Grassy Glide|p2a: Mesprit
|-damage|p2a: Mesprit|0 fnt
|faint|p2a: Mesprit
|
|-heal|p1a: Rillaboom|28/100|[from] Grassy Terrain
|upkeep
|
|t:|1759050735
|switch|p2a: Kingambit|Kingambit, M|54/100
|-activate|p2a: Kingambit|ability: Supreme Overlord
|-start|p2a: Kingambit|fallen4|[silent]
|turn|22
|
|t:|1759050741
|switch|p1a: Goodra|Goodra-Hisui, F|27/100
|-damage|p1a: Goodra|21/100|[from] Stealth Rock
|move|p2a: Kingambit|Kowtow Cleave|p1a: Goodra
|-damage|p1a: Goodra|0 fnt
|-ability|p1a: Goodra|Gooey
|-unboost|p2a: Kingambit|spe|1
|faint|p1a: Goodra
|-damage|p2a: Kingambit|44/100|[from] item: Life Orb
|
|-heal|p2a: Kingambit|50/100|[from] Grassy Terrain
|upkeep
|
|t:|1759050744
|switch|p1a: Volcanion|Volcanion|100/100
|-damage|p1a: Volcanion|76/100|[from] Stealth Rock
|turn|23
|
|t:|1759050758
|move|p2a: Kingambit|Kowtow Cleave|p1a: Volcanion
|-damage|p1a: Volcanion|4/100
|-damage|p2a: Kingambit|40/100|[from] item: Life Orb
|move|p1a: Volcanion|Overheat|p2a: Kingambit
|-supereffective|p2a: Kingambit
|-damage|p2a: Kingambit|0 fnt
|-unboost|p1a: Volcanion|spa|2
|faint|p2a: Kingambit
|-end|p2a: Kingambit|fallen4|[silent]
|
|-heal|p1a: Volcanion|10/100|[from] Grassy Terrain
|-fieldend|move: Trick Room
|upkeep
|
|t:|1759050762
|switch|p2a: Hoopa|Hoopa-Unbound|54/100
|turn|24
|
|t:|1759050775
|move|p1a: Volcanion|Overheat|p2a: Hoopa|[miss]
|-miss|p1a: Volcanion|p2a: Hoopa
|move|p2a: Hoopa|Trick Room|p2a: Hoopa
|-fieldstart|move: Trick Room|[of] p2a: Hoopa
|
|-heal|p2a: Hoopa|61/100|[from] Grassy Terrain
|-heal|p1a: Volcanion|16/100|[from] Grassy Terrain
|upkeep
|turn|25
|
|t:|1759050779
|move|p2a: Hoopa|Drain Punch|p1a: Volcanion
|-damage|p1a: Volcanion|0 fnt
|-heal|p2a: Hoopa|69/100|[from] drain|[of] p1a: Volcanion
|faint|p1a: Volcanion
|-damage|p2a: Hoopa|59/100|[from] item: Life Orb
|
|-heal|p2a: Hoopa|65/100|[from] Grassy Terrain
|-fieldend|move: Grassy Terrain
|upkeep
|
|t:|1759050782
|switch|p1a: Rillaboom|Rillaboom, F, tera:Grass|28/100
|-damage|p1a: Rillaboom|15/100|[from] Stealth Rock
|-fieldstart|move: Grassy Terrain|[from] ability: Grassy Surge|[of] p1a: Rillaboom
|turn|26
|
|t:|1759050785
|-terastallize|p2a: Hoopa|Poison
|move|p1a: Rillaboom|Grassy Glide|p2a: Hoopa
|-resisted|p2a: Hoopa
|-damage|p2a: Hoopa|9/100
|move|p2a: Hoopa|Drain Punch|p1a: Rillaboom
|-damage|p1a: Rillaboom|0 fnt
|-heal|p2a: Hoopa|17/100|[from] drain|[of] p1a: Rillaboom
|faint|p1a: Rillaboom
|-damage|p2a: Hoopa|7/100|[from] item: Life Orb
|
|win|dicolibri
|raw|mansonabuluting's rating: 1676 &rarr; <strong>1655</strong><br />(-21 for losing)
|raw|dicolibri's rating: 1650 &rarr; <strong>1671</strong><br />(+21 for winning)
|l|☆mansonabuluting
|player|p1|
|l|☆dicolibri
|player|p2|
