|j|☆CrockPokes
|j|☆CatIsGoodBTW
|t:|1758967949
|gametype|singles
|player|p1|CrockPokes|li|1125
|player|p2|CatIsGoodBTW|hiker-gen4|1086
|gen|9
|tier|[Gen 9] OU
|rated|
|rule|HP Percentage Mod: HP is shown in percentages
|rule|Endless Battle Clause: Forcing endless battles is banned
|rule|Species Clause: Limit one of each Pokémon
|rule|OHKO Clause: OHKO moves are banned
|rule|Evasion Items Clause: Evasion items are banned
|rule|Evasion Moves Clause: Evasion moves are banned
|rule|Evasion Abilities Clause: Evasion abilities are banned
|rule|Sleep Moves Clause: Sleep-inducing moves are banned
|clearpoke
|poke|p1|Skeledirge, M|
|poke|p1|Ogerpon-Wellspring, F|
|poke|p1|Iron Valiant|
|poke|p1|Ampharos, M|
|poke|p1|Corviknight, F|
|poke|p1|Garganacl, M|
|poke|p2|Clefable, F|
|poke|p2|Blissey, F|
|poke|p2|Gliscor, F|
|poke|p2|Slowking-Galar, M|
|poke|p2|Skeledirge, F|
|poke|p2|Clodsire, M|
|teampreview
|
|t:|1758967961
|teamsize|p1|6
|teamsize|p2|6
|start
|switch|p1a: Garganacl|Garganacl, M|100/100
|switch|p2a: Slowking|Slowking-Galar, M|100/100
|turn|1
|
|t:|1758967969
|move|p1a: Garganacl|Salt Cure|p2a: Slowking
|-damage|p2a: Slowking|90/100
|-start|p2a: Slowking|Salt Cure
|move|p2a: Slowking|Future Sight|p1a: Garganacl
|-start|p2a: Slowking|move: Future Sight
|
|-damage|p2a: Slowking|77/100|[from] Salt Cure
|upkeep
|turn|2
|
|t:|1758967982
|switch|p1a: Corviknight|Corviknight, F|100/100
|-prepare|p2a: Slowking|Chilly Reception|[premajor]
|move|p2a: Slowking|Chilly Reception|p2a: Slowking
|-weather|Snowscape
|
|t:|1758967987
|switch|p2a: Skeledirge|Skeledirge, F|100/100|[from] Chilly Reception
|
|-weather|Snowscape|[upkeep]
|upkeep
|turn|3
|
|t:|1758967996
|switch|p1a: Garganacl|Garganacl, M|100/100
|move|p2a: Skeledirge|Torch Song|p1a: Garganacl
|-resisted|p1a: Garganacl
|-damage|p1a: Garganacl|87/100
|-boost|p2a: Skeledirge|spa|1
|
|-weather|Snowscape|[upkeep]
|-end|p1a: Garganacl|move: Future Sight
|-damage|p1a: Garganacl|55/100
|-heal|p1a: Garganacl|62/100|[from] item: Leftovers
|upkeep
|turn|4
|
|t:|1758968009
|switch|p2a: Slowking|Slowking-Galar, M|100/100
|move|p1a: Garganacl|Salt Cure|p2a: Slowking
|-damage|p2a: Slowking|90/100
|-start|p2a: Slowking|Salt Cure
|
|-weather|Snowscape|[upkeep]
|-heal|p1a: Garganacl|68/100|[from] item: Leftovers
|-damage|p2a: Slowking|77/100|[from] Salt Cure
|upkeep
|turn|5
|
|t:|1758968014
|move|p1a: Garganacl|Recover|p1a: Garganacl
|-heal|p1a: Garganacl|100/100
|move|p2a: Slowking|Future Sight|p1a: Garganacl
|-start|p2a: Slowking|move: Future Sight
|
|-weather|Snowscape|[upkeep]
|-damage|p2a: Slowking|65/100|[from] Salt Cure
|upkeep
|turn|6
|
|t:|1758968019
|move|p1a: Garganacl|Earthquake|p2a: Slowking
|-supereffective|p2a: Slowking
|-damage|p2a: Slowking|28/100
|-prepare|p2a: Slowking|Chilly Reception|[premajor]
|move|p2a: Slowking|Chilly Reception|p2a: Slowking
|
|t:|1758968029
|switch|p2a: Gliscor|Gliscor, F|100/100|[from] Chilly Reception
|
|-weather|none
|-status|p2a: Gliscor|tox|[from] item: Toxic Orb
|upkeep
|turn|7
|
|t:|1758968045
|move|p2a: Gliscor|High Horsepower|p1a: Garganacl
|-supereffective|p1a: Garganacl
|-damage|p1a: Garganacl|62/100
|move|p1a: Garganacl|Salt Cure|p2a: Gliscor
|-damage|p2a: Gliscor|90/100 tox
|-start|p2a: Gliscor|Salt Cure
|
|-end|p1a: Garganacl|move: Future Sight
|-damage|p1a: Garganacl|28/100
|-heal|p1a: Garganacl|34/100|[from] item: Leftovers
|-heal|p2a: Gliscor|100/100 tox|[from] ability: Poison Heal
|-damage|p2a: Gliscor|88/100 tox|[from] Salt Cure
|upkeep
|turn|8
|
|t:|1758968071
|switch|p1a: Ogerpon|Ogerpon-Wellspring, F|100/100
|move|p2a: Gliscor|High Horsepower|p1a: Ogerpon
|-resisted|p1a: Ogerpon
|-damage|p1a: Ogerpon|81/100
|
|-heal|p2a: Gliscor|100/100 tox|[from] ability: Poison Heal
|-damage|p2a: Gliscor|88/100 tox|[from] Salt Cure
|upkeep
|turn|9
|
|t:|1758968087
|move|p2a: Gliscor|Protect|p2a: Gliscor
|-singleturn|p2a: Gliscor|Protect
|move|p1a: Ogerpon|Seed Bomb|p2a: Gliscor
|-activate|p2a: Gliscor|move: Protect
|
|-heal|p2a: Gliscor|100/100 tox|[from] ability: Poison Heal
|-damage|p2a: Gliscor|88/100 tox|[from] Salt Cure
|upkeep
|turn|10
|
|t:|1758968100
|switch|p2a: Clodsire|Clodsire, M|100/100
|move|p1a: Ogerpon|Seed Bomb|p2a: Clodsire
|-damage|p2a: Clodsire|65/100
|
|-heal|p2a: Clodsire|71/100|[from] item: Leftovers
|upkeep
|turn|11
|
|t:|1758968110
|move|p1a: Ogerpon|Giga Drain|p2a: Clodsire
|-damage|p2a: Clodsire|57/100
|-heal|p1a: Ogerpon|91/100|[from] drain|[of] p2a: Clodsire
|move|p2a: Clodsire|Toxic|p1a: Ogerpon
|-status|p1a: Ogerpon|tox
|
|-heal|p2a: Clodsire|63/100|[from] item: Leftovers
|-damage|p1a: Ogerpon|85/100 tox|[from] psn
|upkeep
|turn|12
|
|t:|1758968121
|move|p1a: Ogerpon|Seed Bomb|p2a: Clodsire
|-damage|p2a: Clodsire|29/100
|move|p2a: Clodsire|Recover|p2a: Clodsire
|-heal|p2a: Clodsire|79/100
|
|-heal|p2a: Clodsire|85/100|[from] item: Leftovers
|-damage|p1a: Ogerpon|73/100 tox|[from] psn
|upkeep
|turn|13
|
|t:|1758968135
|move|p1a: Ogerpon|Giga Drain|p2a: Clodsire
|-damage|p2a: Clodsire|71/100
|-heal|p1a: Ogerpon|84/100 tox|[from] drain|[of] p2a: Clodsire
|move|p2a: Clodsire|Spikes|p1a: Ogerpon
|-sidestart|p1: CrockPokes|Spikes
|
|-heal|p2a: Clodsire|77/100|[from] item: Leftovers
|-damage|p1a: Ogerpon|66/100 tox|[from] psn
|upkeep
|turn|14
|
|t:|1758968143
|move|p1a: Ogerpon|Seed Bomb|p2a: Clodsire
|-damage|p2a: Clodsire|46/100
|move|p2a: Clodsire|Recover|p2a: Clodsire
|-heal|p2a: Clodsire|96/100
|
|-heal|p2a: Clodsire|100/100|[from] item: Leftovers
|-damage|p1a: Ogerpon|42/100 tox|[from] psn
|upkeep
|turn|15
|
|t:|1758968148
|move|p1a: Ogerpon|Giga Drain|p2a: Clodsire
|-damage|p2a: Clodsire|87/100
|-heal|p1a: Ogerpon|53/100 tox|[from] drain|[of] p2a: Clodsire
|move|p2a: Clodsire|Spikes|p1a: Ogerpon
|-sidestart|p1: CrockPokes|Spikes
|
|-heal|p2a: Clodsire|94/100|[from] item: Leftovers
|-damage|p1a: Ogerpon|23/100 tox|[from] psn
|upkeep
|turn|16
|
|t:|1758968160
|move|p1a: Ogerpon|Giga Drain|p2a: Clodsire
|-damage|p2a: Clodsire|81/100
|-heal|p1a: Ogerpon|33/100 tox|[from] drain|[of] p2a: Clodsire
|move|p2a: Clodsire|Spikes|p1a: Ogerpon
|-sidestart|p1: CrockPokes|Spikes
|
|-heal|p2a: Clodsire|87/100|[from] item: Leftovers
|-damage|p1a: Ogerpon|0 fnt|[from] psn
|faint|p1a: Ogerpon
|upkeep
|
|t:|1758968166
|switch|p1a: Corviknight|Corviknight, F|100/100
|turn|17
|
|t:|1758968174
|switch|p2a: Skeledirge|Skeledirge, F|100/100
|move|p1a: Corviknight|Defog|p2a: Skeledirge
|-unboost|p2a: Skeledirge|evasion|1
|-sideend|p1: CrockPokes|Spikes|[from] move: Defog|[of] p1a: Corviknight
|
|upkeep
|turn|18
|
|t:|1758968201
|switch|p1a: Garganacl|Garganacl, M|34/100
|switch|p2a: Gliscor|Gliscor, F|88/100 tox
|
|-heal|p1a: Garganacl|41/100|[from] item: Leftovers
|-heal|p2a: Gliscor|100/100 tox|[from] ability: Poison Heal
|upkeep
|turn|19
|
|t:|1758968211
|move|p2a: Gliscor|High Horsepower|p1a: Garganacl
|-supereffective|p1a: Garganacl
|-damage|p1a: Garganacl|0 fnt
|faint|p1a: Garganacl
|
|upkeep
|
|t:|1758968218
|switch|p1a: Iron Valiant|Iron Valiant, shiny|100/100
|-enditem|p1a: Iron Valiant|Booster Energy
|-activate|p1a: Iron Valiant|ability: Quark Drive|[fromitem]
|-start|p1a: Iron Valiant|quarkdrivespe
|turn|20
|
|t:|1758968227
|-terastallize|p1a: Iron Valiant|Steel
|move|p1a: Iron Valiant|Moonblast|p2a: Gliscor
|-damage|p2a: Gliscor|61/100 tox
|move|p2a: Gliscor|Toxic|p1a: Iron Valiant
|-immune|p1a: Iron Valiant
|
|-heal|p2a: Gliscor|74/100 tox|[from] ability: Poison Heal
|upkeep
|turn|21
|
|t:|1758968234
|move|p2a: Gliscor|Protect|p2a: Gliscor
|-singleturn|p2a: Gliscor|Protect
|move|p1a: Iron Valiant|Psyshock|p2a: Gliscor
|-activate|p2a: Gliscor|move: Protect
|
|-heal|p2a: Gliscor|86/100 tox|[from] ability: Poison Heal
|upkeep
|turn|22
|
|t:|1758968241
|move|p1a: Iron Valiant|Psyshock|p2a: Gliscor
|-damage|p2a: Gliscor|65/100 tox
|move|p2a: Gliscor|High Horsepower|p1a: Iron Valiant
|-supereffective|p1a: Iron Valiant
|-damage|p1a: Iron Valiant|23/100
|
|-heal|p2a: Gliscor|77/100 tox|[from] ability: Poison Heal
|upkeep
|turn|23
|
|t:|1758968246
|move|p2a: Gliscor|Protect|p2a: Gliscor
|-singleturn|p2a: Gliscor|Protect
|move|p1a: Iron Valiant|Aura Sphere|p2a: Gliscor
|-activate|p2a: Gliscor|move: Protect
|
|-heal|p2a: Gliscor|90/100 tox|[from] ability: Poison Heal
|upkeep
|turn|24
|
|t:|1758968249
|move|p1a: Iron Valiant|Aura Sphere|p2a: Gliscor
|-resisted|p2a: Gliscor
|-damage|p2a: Gliscor|72/100 tox
|move|p2a: Gliscor|High Horsepower|p1a: Iron Valiant
|-supereffective|p1a: Iron Valiant
|-damage|p1a: Iron Valiant|0 fnt
|faint|p1a: Iron Valiant
|-end|p1a: Iron Valiant|Quark Drive|[silent]
|
|-heal|p2a: Gliscor|85/100 tox|[from] ability: Poison Heal
|upkeep
|
|t:|1758968255
|switch|p1a: Skeledirge|Skeledirge, M|100/100
|turn|25
|
|t:|1758968259
|move|p2a: Gliscor|Toxic|p1a: Skeledirge
|-status|p1a: Skeledirge|tox
|move|p1a: Skeledirge|Shadow Ball|p2a: Gliscor
|-damage|p2a: Gliscor|49/100 tox
|
|-heal|p2a: Gliscor|61/100 tox|[from] ability: Poison Heal
|-damage|p1a: Skeledirge|94/100 tox|[from] psn
|upkeep
|turn|26
|c|☆CrockPokes|g
|c|☆CrockPokes|gg
|c|☆CatIsGoodBTW|gg?
|c|☆CatIsGoodBTW|games not over yet
|c|☆CatIsGoodBTW|you could still win
|c|☆CatIsGoodBTW|with a bit of luck
|
|t:|1758968289
|switch|p2a: Blissey|Blissey, F|100/100
|move|p1a: Skeledirge|Shadow Ball|p2a: Blissey
|-immune|p2a: Blissey
|
|-damage|p1a: Skeledirge|82/100 tox|[from] psn
|upkeep
|turn|27
|
|t:|1758968298
|move|p1a: Skeledirge|Torch Song|p2a: Blissey
|-damage|p2a: Blissey|90/100
|-boost|p1a: Skeledirge|spa|1
|move|p2a: Blissey|Stealth Rock|p1a: Skeledirge
|-sidestart|p1: CrockPokes|move: Stealth Rock
|
|-damage|p1a: Skeledirge|64/100 tox|[from] psn
|upkeep
|turn|28
|c|☆CrockPokes|yea
|
|t:|1758968328
|switch|p1a: Ampharos|Ampharos, M|100/100
|-damage|p1a: Ampharos|88/100|[from] Stealth Rock
|-item|p1a: Ampharos|Air Balloon
|switch|p2a: Skeledirge|Skeledirge, F|100/100
|
|upkeep
|turn|29
|c|☆CatIsGoodBTW|btw what moves does ur ogerpon have
|
|t:|1758968349
|move|p2a: Skeledirge|Torch Song|p1a: Ampharos
|-damage|p1a: Ampharos|53/100
|-boost|p2a: Skeledirge|spa|1
|-enditem|p1a: Ampharos|Air Balloon
|move|p1a: Ampharos|Thunderbolt|p2a: Skeledirge
|-damage|p2a: Skeledirge|62/100
|
|upkeep
|turn|30
|
|t:|1758968358
|move|p2a: Skeledirge|Torch Song|p1a: Ampharos
|-damage|p1a: Ampharos|3/100
|-boost|p2a: Skeledirge|spa|1
|move|p1a: Ampharos|Thunderbolt|p2a: Skeledirge
|-damage|p2a: Skeledirge|25/100
|
|upkeep
|turn|31
|
|t:|1758968374
|move|p2a: Skeledirge|Slack Off|p2a: Skeledirge
|-heal|p2a: Skeledirge|75/100
|move|p1a: Ampharos|Volt Switch|p2a: Skeledirge
|-damage|p2a: Skeledirge|42/100
|
|t:|1758968380
|switch|p1a: Skeledirge|Skeledirge, M|64/100 tox|[from] Volt Switch
|
|-damage|p1a: Skeledirge|58/100 tox|[from] psn
|upkeep
|turn|32
|
|t:|1758968396
|switch|p2a: Gliscor|Gliscor, F|61/100 tox
|move|p1a: Skeledirge|Earth Power|p2a: Gliscor
|-immune|p2a: Gliscor
|
|-heal|p2a: Gliscor|74/100 tox|[from] ability: Poison Heal
|-damage|p1a: Skeledirge|46/100 tox|[from] psn
|upkeep
|turn|33
|c|☆CatIsGoodBTW|btw shaddow ball did more anyway
|c|☆CatIsGoodBTW|shadow*
|
|t:|1758968420
|move|p2a: Gliscor|High Horsepower|p1a: Skeledirge
|-supereffective|p1a: Skeledirge
|-damage|p1a: Skeledirge|0 fnt
|faint|p1a: Skeledirge
|
|-heal|p2a: Gliscor|86/100 tox|[from] ability: Poison Heal
|upkeep
|
|t:|1758968433
|switch|p1a: Corviknight|Corviknight, F|100/100
|-damage|p1a: Corviknight|88/100|[from] Stealth Rock
|turn|34
|c|☆CatIsGoodBTW|btw wanna be friends
|
|t:|1758968451
|switch|p2a: Skeledirge|Skeledirge, F|42/100
|move|p1a: Corviknight|Drill Peck|p2a: Skeledirge
|-damage|p2a: Skeledirge|22/100
|
|upkeep
|turn|35
|
|t:|1758968472
|move|p1a: Corviknight|Drill Peck|p2a: Skeledirge
|-damage|p2a: Skeledirge|1/100
|move|p2a: Skeledirge|Slack Off|p2a: Skeledirge
|-heal|p2a: Skeledirge|51/100
|
|upkeep
|turn|36
|
|t:|1758968484
|move|p1a: Corviknight|Iron Head|p2a: Skeledirge
|-resisted|p2a: Skeledirge
|-damage|p2a: Skeledirge|42/100
|move|p2a: Skeledirge|Slack Off|p2a: Skeledirge
|-heal|p2a: Skeledirge|92/100
|
|upkeep
|turn|37
|
|t:|1758968491
|move|p1a: Corviknight|Iron Head|p2a: Skeledirge
|-resisted|p2a: Skeledirge
|-damage|p2a: Skeledirge|82/100
|move|p2a: Skeledirge|Torch Song|p1a: Corviknight
|-supereffective|p1a: Corviknight
|-damage|p1a: Corviknight|22/100
|-boost|p2a: Skeledirge|spa|1
|
|upkeep
|turn|38
|
|t:|1758968510
|move|p1a: Corviknight|Drill Peck|p2a: Skeledirge
|-damage|p2a: Skeledirge|61/100
|move|p2a: Skeledirge|Torch Song|p1a: Corviknight
|-supereffective|p1a: Corviknight
|-damage|p1a: Corviknight|0 fnt
|-boost|p2a: Skeledirge|spa|1
|faint|p1a: Corviknight
|
|upkeep
|
|t:|1758968512
|switch|p1a: Ampharos|Ampharos, M|3/100
|-damage|p1a: Ampharos|0 fnt|[from] Stealth Rock
|faint|p1a: Ampharos
|
|win|CatIsGoodBTW
|raw|CrockPokes's rating: 1125 &rarr; <strong>1097</strong><br />(-28 for losing)
|raw|CatIsGoodBTW's rating: 1086 &rarr; <strong>1116</strong><br />(+30 for winning)
|c|☆CrockPokes|gg
|l|☆CrockPokes
|player|p1|
|c|☆CatIsGoodBTW|gg
|l|☆CatIsGoodBTW
|player|p2|
