|badge|p1|silver|gen9doublesou|30-6
|badge|p1|bronze|gen9uu|100-6
|uhtml|medal-msg|<div class="broadcast-blue">Curious what those medals under the avatar are? PS now has Ladder Seasons! For more information, check out the <a href="https://www.smogon.com/forums/threads/3740067/">thread on Smogon.</a></div>
|j|☆3idk
|j|☆jibreel69
|t:|1758972640
|gametype|singles
|player|p1|3idk|cynthia-masters|1519
|player|p2|jibreel69|2|1507
|gen|9
|tier|[Gen 9] OU
|rated|
|rule|HP Percentage Mod: HP is shown in percentages
|rule|Endless Battle Clause: Forcing endless battles is banned
|rule|Species Clause: Limit one of each Pokémon
|rule|OHKO Clause: OHKO moves are banned
|rule|Evasion Items Clause: Evasion items are banned
|rule|Evasion Moves Clause: Evasion moves are banned
|rule|Evasion Abilities Clause: Evasion abilities are banned
|rule|Sleep Moves Clause: Sleep-inducing moves are banned
|clearpoke
|poke|p1|Araquanid, F|
|poke|p1|Raging Bolt|
|poke|p1|Kingambit, M|
|poke|p1|Great Tusk|
|poke|p1|Gholdengo|
|poke|p1|Iron Moth|
|poke|p2|Kommo-o, F|
|poke|p2|Gholdengo|
|poke|p2|Ninetales-Alola, F|
|poke|p2|Hatterene, F|
|poke|p2|Zamazenta-*|
|poke|p2|Kingambit, F|
|teampreview
|inactive|Battle timer is ON: inactive players will automatically lose when time's up. (requested by 3idk)
|
|t:|1758972653
|teamsize|p1|6
|teamsize|p2|6
|start
|switch|p1a: Iron Moth|Iron Moth, shiny|100/100
|switch|p2a: Ninetales|Ninetales-Alola, F|100/100
|-weather|Snowscape|[from] ability: Snow Warning|[of] p2a: Ninetales
|-enditem|p1a: Iron Moth|Booster Energy
|-activate|p1a: Iron Moth|ability: Quark Drive|[fromitem]
|-start|p1a: Iron Moth|quarkdrivespa
|turn|1
|
|t:|1758972662
|-terastallize|p2a: Ninetales|Water
|move|p1a: Iron Moth|Fiery Dance|p2a: Ninetales
|-resisted|p2a: Ninetales
|-damage|p2a: Ninetales|73/100
|move|p2a: Ninetales|Aurora Veil|p2a: Ninetales
|-sidestart|p2: jibreel69|move: Aurora Veil
|
|-weather|Snowscape|[upkeep]
|upkeep
|turn|2
|
|t:|1758972671
|move|p1a: Iron Moth|Fiery Dance|p2a: Ninetales
|-resisted|p2a: Ninetales
|-damage|p2a: Ninetales|59/100
|move|p2a: Ninetales|Encore|p1a: Iron Moth
|-start|p1a: Iron Moth|Encore
|
|-weather|Snowscape|[upkeep]
|upkeep
|turn|3
|
|t:|1758972680
|switch|p2a: Kommo-o|Kommo-o, F|100/100
|move|p1a: Iron Moth|Fiery Dance|p2a: Kommo-o
|-resisted|p2a: Kommo-o
|-damage|p2a: Kommo-o|84/100
|
|-weather|Snowscape|[upkeep]
|upkeep
|turn|4
|
|t:|1758972696
|move|p1a: Iron Moth|Fiery Dance|p2a: Kommo-o
|-resisted|p2a: Kommo-o
|-damage|p2a: Kommo-o|68/100
|-boost|p1a: Iron Moth|spa|1
|move|p2a: Kommo-o|Clangorous Soul|p2a: Kommo-o
|-boost|p2a: Kommo-o|atk|1
|-boost|p2a: Kommo-o|def|1
|-boost|p2a: Kommo-o|spa|1
|-boost|p2a: Kommo-o|spd|1
|-boost|p2a: Kommo-o|spe|1
|-damage|p2a: Kommo-o|35/100
|-enditem|p2a: Kommo-o|Throat Spray
|-boost|p2a: Kommo-o|spa|1|[from] item: Throat Spray
|
|-weather|Snowscape|[upkeep]
|upkeep
|turn|5
|
|t:|1758972715
|-end|p1a: Iron Moth|Quark Drive|[silent]
|switch|p1a: Araquanid|Araquanid, F, shiny|100/100
|move|p2a: Kommo-o|Clanging Scales|p1a: Araquanid
|-crit|p1a: Araquanid
|-damage|p1a: Araquanid|0 fnt
|faint|p1a: Araquanid
|-unboost|p2a: Kommo-o|def|1
|
|-weather|none
|upkeep
|inactive|3idk has 120 seconds left.
|inactive|3idk has 90 seconds left.
|
|t:|1758972770
|switch|p1a: Kingambit|Kingambit, M, shiny|100/100
|-activate|p1a: Kingambit|ability: Supreme Overlord
|-start|p1a: Kingambit|fallen1|[silent]
|turn|6
|
|t:|1758972786
|-terastallize|p1a: Kingambit|Flying
|move|p2a: Kommo-o|Flamethrower|p1a: Kingambit
|-damage|p1a: Kingambit|44/100
|move|p1a: Kingambit|Swords Dance|p1a: Kingambit
|-boost|p1a: Kingambit|atk|2
|
|upkeep
|turn|7
|
|t:|1758972797
|move|p1a: Kingambit|Sucker Punch|p2a: Kommo-o
|-resisted|p2a: Kommo-o
|-damage|p2a: Kommo-o|13/100
|move|p2a: Kommo-o|Flamethrower|p1a: Kingambit
|-crit|p1a: Kingambit
|-damage|p1a: Kingambit|0 fnt
|faint|p1a: Kingambit
|-end|p1a: Kingambit|fallen1|[silent]
|
|upkeep
|-message|3idk forfeited.
|
|win|jibreel69
|raw|3idk's rating: 1504 &rarr; <strong>1484</strong><br />(-20 for losing)
|raw|jibreel69's rating: 1507 &rarr; <strong>1527</strong><br />(+20 for winning)
|l|☆3idk
|player|p1|
