|badge|p2|bronze|gen9ou|100-6
|badge|p2|silver|gen9uu|30-6
|badge|p2|bronze|gen9ru|100-6
|html|<div class="broadcast-red"><strong>This battle is required to be public due to one or more player having a season medal.</strong><br />During the public phase, you can discuss the state of the ladder <a href="/seasondiscussion">in a special chatroom.</a></div>
|uhtml|medal-msg|<div class="broadcast-blue">Curious what those medals under the avatar are? PS now has Ladder Seasons! For more information, check out the <a href="https://www.smogon.com/forums/threads/3740067/">thread on Smogon.</a></div>
|raw|<div class="broadcast-blue"><strong>This battle is required to be public due to a player having a name starting with 'medal'.</div>
|j|☆lt124yh 925
|j|☆Sirpeanutcronch
|t:|1759054120
|gametype|singles
|player|p1|lt124yh 925|pokemonbreederf-gen4|1813
|player|p2|Sirpeanutcronch|#wcop2025africa|1872
|gen|9
|tier|[Gen 9] OU
|rated|
|rule|HP Percentage Mod: HP is shown in percentages
|rule|Endless Battle Clause: Forcing endless battles is banned
|rule|Species Clause: Limit one of each Pokémon
|rule|OHKO Clause: OHKO moves are banned
|rule|Evasion Items Clause: Evasion items are banned
|rule|Evasion Moves Clause: Evasion moves are banned
|rule|Evasion Abilities Clause: Evasion abilities are banned
|rule|Sleep Moves Clause: Sleep-inducing moves are banned
|clearpoke
|poke|p1|Porygon2|
|poke|p1|Ursaluna, M|
|poke|p1|Cresselia, F|
|poke|p1|Volcanion|
|poke|p1|Hatterene, F|
|poke|p1|Iron Hands|
|poke|p2|Gliscor, M|
|poke|p2|Walking Wake|
|poke|p2|Slowking-Galar, M|
|poke|p2|Zamazenta-*|
|poke|p2|Ting-Lu|
|poke|p2|Kingambit, F|
|teampreview
|inactive|Battle timer is ON: inactive players will automatically lose when time's up. (requested by lt124yh 925)
|inactive|Sirpeanutcronch also wants the timer to be on.
|c|☆lt124yh 925|hf
|j| wgw2333
|
|t:|1759054144
|teamsize|p1|6
|teamsize|p2|6
|start
|switch|p1a: Iron Hands|Iron Hands|100/100
|switch|p2a: Walking Wake|Walking Wake|100/100
|-enditem|p1a: Iron Hands|Booster Energy
|-activate|p1a: Iron Hands|ability: Quark Drive|[fromitem]
|-start|p1a: Iron Hands|quarkdriveatk
|turn|1
|
|t:|1759054157
|move|p2a: Walking Wake|Scald|p1a: Iron Hands
|-crit|p1a: Iron Hands
|-damage|p1a: Iron Hands|52/100
|-status|p1a: Iron Hands|brn
|move|p1a: Iron Hands|Close Combat|p2a: Walking Wake
|-damage|p2a: Walking Wake|52/100
|-unboost|p1a: Iron Hands|def|1
|-unboost|p1a: Iron Hands|spd|1
|
|-damage|p1a: Iron Hands|46/100 brn|[from] brn
|upkeep
|turn|2
|
|t:|1759054166
|-end|p1a: Iron Hands|Quark Drive|[silent]
|switch|p1a: Volcanion|Volcanion|100/100
|move|p2a: Walking Wake|Draco Meteor|p1a: Volcanion
|-damage|p1a: Volcanion|38/100
|-unboost|p2a: Walking Wake|spa|2
|
|upkeep
|turn|3
|
|t:|1759054177
|move|p2a: Walking Wake|Knock Off|p1a: Volcanion
|-damage|p1a: Volcanion|25/100
|-enditem|p1a: Volcanion|Choice Specs|[from] move: Knock Off|[of] p2a: Walking Wake
|move|p1a: Volcanion|Earth Power|p2a: Walking Wake
|-damage|p2a: Walking Wake|15/100
|
|upkeep
|turn|4
|
|t:|1759054186
|switch|p1a: Hatterene|Hatterene, F|100/100
|move|p2a: Walking Wake|Draco Meteor|p1a: Hatterene
|-immune|p1a: Hatterene
|
|upkeep
|turn|5
|
|t:|1759054191
|switch|p1a: Volcanion|Volcanion|25/100
|move|p2a: Walking Wake|Knock Off|p1a: Volcanion
|-damage|p1a: Volcanion|15/100
|
|upkeep
|turn|6
|
|t:|1759054202
|-end|p2a: Walking Wake|Protosynthesis|[silent]
|switch|p2a: Slowking|Slowking-Galar, M|100/100
|move|p1a: Volcanion|Earth Power|p2a: Slowking
|-supereffective|p2a: Slowking
|-damage|p2a: Slowking|59/100
|
|upkeep
|turn|7
|
|t:|1759054208
|move|p1a: Volcanion|Steam Eruption|p2a: Slowking
|-damage|p2a: Slowking|19/100
|move|p2a: Slowking|Sludge Bomb|p1a: Volcanion
|-damage|p1a: Volcanion|0 fnt
|faint|p1a: Volcanion
|
|upkeep
|
|t:|1759054217
|switch|p1a: Ursaluna|Ursaluna, M|100/100
|turn|8
|
|t:|1759054228
|switch|p2a: Walking Wake|Walking Wake|15/100
|move|p1a: Ursaluna|Facade|p2a: Walking Wake
|-damage|p2a: Walking Wake|0 fnt
|faint|p2a: Walking Wake
|-end|p2a: Walking Wake|Protosynthesis|[silent]
|
|-status|p1a: Ursaluna|brn|[from] item: Flame Orb
|upkeep
|
|t:|1759054231
|switch|p2a: Zamazenta|Zamazenta|100/100
|-ability|p2a: Zamazenta|Dauntless Shield|boost
|-boost|p2a: Zamazenta|def|1
|turn|9
|
|t:|1759054236
|switch|p1a: Cresselia|Cresselia, F|100/100
|move|p2a: Zamazenta|Close Combat|p1a: Cresselia
|-resisted|p1a: Cresselia
|-damage|p1a: Cresselia|85/100
|-unboost|p2a: Zamazenta|def|1
|-unboost|p2a: Zamazenta|spd|1
|
|upkeep
|turn|10
|
|t:|1759054239
|switch|p2a: Ting-Lu|Ting-Lu|100/100
|-ability|p2a: Ting-Lu|Vessel of Ruin
|move|p1a: Cresselia|Moonblast|p2a: Ting-Lu
|-supereffective|p2a: Ting-Lu
|-damage|p2a: Ting-Lu|84/100
|-unboost|p2a: Ting-Lu|spa|1
|
|-heal|p2a: Ting-Lu|90/100|[from] item: Leftovers
|upkeep
|turn|11
|
|t:|1759054243
|switch|p1a: Hatterene|Hatterene, F|100/100
|move|p2a: Ting-Lu|Ruination|p1a: Hatterene
|-damage|p1a: Hatterene|50/100
|
|-heal|p2a: Ting-Lu|96/100|[from] item: Leftovers
|upkeep
|turn|12
|
|t:|1759054249
|move|p2a: Ting-Lu|Earthquake|p1a: Hatterene
|-damage|p1a: Hatterene|17/100
|move|p1a: Hatterene|Trick Room|p1a: Hatterene
|-fieldstart|move: Trick Room|[of] p1a: Hatterene
|
|-heal|p2a: Ting-Lu|100/100|[from] item: Leftovers
|upkeep
|turn|13
|
|t:|1759054253
|switch|p2a: Slowking|Slowking-Galar, M|52/100
|move|p1a: Hatterene|Dazzling Gleam|p2a: Slowking
|-resisted|p2a: Slowking
|-damage|p2a: Slowking|42/100
|
|upkeep
|turn|14
|
|t:|1759054260
|switch|p1a: Ursaluna|Ursaluna, M|100/100 brn
|move|p2a: Slowking|Sludge Bomb|p1a: Ursaluna
|-resisted|p1a: Ursaluna
|-crit|p1a: Ursaluna
|-damage|p1a: Ursaluna|78/100 brn
|
|-damage|p1a: Ursaluna|72/100 brn|[from] brn
|upkeep
|turn|15
|
|t:|1759054276
|-prepare|p2a: Slowking|Chilly Reception|[premajor]
|move|p2a: Slowking|Chilly Reception|p2a: Slowking
|-weather|Snowscape
|
|t:|1759054288
|switch|p2a: Ting-Lu|Ting-Lu|100/100|[from] Chilly Reception
|-ability|p2a: Ting-Lu|Vessel of Ruin
|move|p1a: Ursaluna|Facade|p2a: Ting-Lu
|-damage|p2a: Ting-Lu|36/100
|
|-weather|Snowscape|[upkeep]
|-heal|p2a: Ting-Lu|43/100|[from] item: Leftovers
|-damage|p1a: Ursaluna|66/100 brn|[from] brn
|upkeep
|turn|16
|
|t:|1759054293
|move|p1a: Ursaluna|Facade|p2a: Ting-Lu
|-damage|p2a: Ting-Lu|0 fnt
|faint|p2a: Ting-Lu
|
|-weather|Snowscape|[upkeep]
|-damage|p1a: Ursaluna|60/100 brn|[from] brn
|-fieldend|move: Trick Room
|upkeep
|
|t:|1759054308
|switch|p2a: Kingambit|Kingambit, F|100/100
|-activate|p2a: Kingambit|ability: Supreme Overlord
|-start|p2a: Kingambit|fallen2|[silent]
|turn|17
|j| cynasaurus
|
|t:|1759054327
|-terastallize|p2a: Kingambit|Dark
|move|p2a: Kingambit|Kowtow Cleave|p1a: Ursaluna
|-damage|p1a: Ursaluna|0 fnt
|faint|p1a: Ursaluna
|
|-weather|Snowscape|[upkeep]
|upkeep
|
|t:|1759054335
|switch|p1a: Iron Hands|Iron Hands|46/100 brn
|turn|18
|
|t:|1759054343
|-end|p2a: Kingambit|fallen2|[silent]
|switch|p2a: Zamazenta|Zamazenta|100/100
|-end|p1a: Iron Hands|Quark Drive|[silent]
|switch|p1a: Cresselia|Cresselia, F|85/100
|
|-weather|Snowscape|[upkeep]
|upkeep
|turn|19
|
|t:|1759054348
|switch|p2a: Gliscor|Gliscor, M|100/100
|move|p1a: Cresselia|Trick Room|p1a: Cresselia
|-fieldstart|move: Trick Room|[of] p1a: Cresselia
|
|-weather|none
|-status|p2a: Gliscor|tox|[from] item: Toxic Orb
|upkeep
|turn|20
|
|t:|1759054354
|switch|p1a: Hatterene|Hatterene, F|17/100
|switch|p2a: Slowking|Slowking-Galar, M|76/100
|
|upkeep
|turn|21
|
|t:|1759054358
|move|p2a: Slowking|Future Sight|p1a: Hatterene
|-start|p2a: Slowking|move: Future Sight
|move|p1a: Hatterene|Healing Wish|p1a: Hatterene
|faint|p1a: Hatterene
|
|upkeep
|
|t:|1759054362
|switch|p1a: Iron Hands|Iron Hands|46/100 brn
|-heal|p1a: Iron Hands|100/100|[from] move: Healing Wish
|turn|22
|
|t:|1759054369
|move|p2a: Slowking|Sludge Bomb|p1a: Iron Hands
|-damage|p1a: Iron Hands|74/100
|move|p1a: Iron Hands|Ice Punch|p2a: Slowking
|-damage|p2a: Slowking|44/100
|
|upkeep
|turn|23
|
|t:|1759054379
|move|p2a: Slowking|Sludge Bomb|p1a: Iron Hands
|-damage|p1a: Iron Hands|49/100
|move|p1a: Iron Hands|Ice Punch|p2a: Slowking
|-damage|p2a: Slowking|12/100
|
|-end|p1a: Iron Hands|move: Future Sight
|-supereffective|p1a: Iron Hands
|-damage|p1a: Iron Hands|0 fnt
|faint|p1a: Iron Hands
|-end|p1a: Iron Hands|Quark Drive|[silent]
|-fieldend|move: Trick Room
|upkeep
|
|t:|1759054384
|switch|p1a: Porygon2|Porygon2|100/100
|-ability|p1a: Porygon2|Download|boost
|-boost|p1a: Porygon2|atk|1
|turn|24
|
|t:|1759054393
|move|p1a: Porygon2|Tera Blast|p2a: Slowking
|-damage|p2a: Slowking|0 fnt
|faint|p2a: Slowking
|
|upkeep
|
|t:|1759054395
|switch|p2a: Kingambit|Kingambit, F, tera:Dark|100/100
|-activate|p2a: Kingambit|ability: Supreme Overlord
|-start|p2a: Kingambit|fallen3|[silent]
|turn|25
|
|t:|1759054405
|move|p2a: Kingambit|Kowtow Cleave|p1a: Porygon2
|-damage|p1a: Porygon2|29/100
|move|p1a: Porygon2|Hyper Beam|p2a: Kingambit
|-damage|p2a: Kingambit|10/100
|-mustrecharge|p1a: Porygon2
|
|upkeep
|turn|26
|
|t:|1759054410
|move|p2a: Kingambit|Kowtow Cleave|p1a: Porygon2
|-damage|p1a: Porygon2|0 fnt
|faint|p1a: Porygon2
|
|upkeep
|
|t:|1759054412
|switch|p1a: Cresselia|Cresselia, F|85/100
|turn|27
|
|t:|1759054422
|-terastallize|p1a: Cresselia|Fairy
|move|p2a: Kingambit|Kowtow Cleave|p1a: Cresselia
|-resisted|p1a: Cresselia
|-damage|p1a: Cresselia|59/100
|move|p1a: Cresselia|Moonblast|p2a: Kingambit
|-supereffective|p2a: Kingambit
|-damage|p2a: Kingambit|0 fnt
|faint|p2a: Kingambit
|-end|p2a: Kingambit|fallen3|[silent]
|
|upkeep
|
|t:|1759054424
|switch|p2a: Gliscor|Gliscor, M|100/100 tox
|turn|28
|l| cynasaurus
|
|t:|1759054430
|move|p2a: Gliscor|Swords Dance|p2a: Gliscor
|-boost|p2a: Gliscor|atk|2
|move|p1a: Cresselia|Moonblast|p2a: Gliscor
|-damage|p2a: Gliscor|69/100 tox
|-unboost|p2a: Gliscor|spa|1
|
|-heal|p2a: Gliscor|81/100 tox|[from] ability: Poison Heal
|upkeep
|turn|29
|
|t:|1759054439
|move|p2a: Gliscor|Ice Fang|p1a: Cresselia
|-damage|p1a: Cresselia|40/100
|move|p1a: Cresselia|Moonblast|p2a: Gliscor
|-damage|p2a: Gliscor|51/100 tox
|-unboost|p2a: Gliscor|spa|1
|
|-heal|p2a: Gliscor|64/100 tox|[from] ability: Poison Heal
|upkeep
|turn|30
|
|t:|1759054446
|move|p2a: Gliscor|Swords Dance|p2a: Gliscor
|-boost|p2a: Gliscor|atk|2
|move|p1a: Cresselia|Moonblast|p2a: Gliscor
|-damage|p2a: Gliscor|31/100 tox
|
|-heal|p2a: Gliscor|44/100 tox|[from] ability: Poison Heal
|upkeep
|turn|31
|
|t:|1759054452
|move|p2a: Gliscor|Ice Fang|p1a: Cresselia
|-damage|p1a: Cresselia|15/100
|move|p1a: Cresselia|Moonblast|p2a: Gliscor
|-damage|p2a: Gliscor|11/100 tox
|
|-heal|p2a: Gliscor|24/100 tox|[from] ability: Poison Heal
|upkeep
|turn|32
|
|t:|1759054457
|move|p2a: Gliscor|Ice Fang|p1a: Cresselia
|-damage|p1a: Cresselia|0 fnt
|faint|p1a: Cresselia
|
|win|Sirpeanutcronch
|raw|lt124yh 925's rating: 1813 &rarr; <strong>1796</strong><br />(-17 for losing)
|raw|Sirpeanutcronch's rating: 1872 &rarr; <strong>1889</strong><br />(+17 for winning)
|c|☆lt124yh 925|gg
|l|☆Sirpeanutcronch
|player|p2|
|l|☆lt124yh 925
|player|p1|
|l| wgw2333
