|badge|p2|silver|gen9doublesou|30-6
|uhtml|medal-msg|<div class="broadcast-blue">Curious what those medals under the avatar are? PS now has Ladder Seasons! For more information, check out the <a href="https://www.smogon.com/forums/threads/3740067/">thread on Smogon.</a></div>
|j|☆desert97
|j|☆3idk
|t:|1758947835
|gametype|singles
|player|p1|desert97|101|1668
|player|p2|3idk|cynthia-masters|1624
|gen|9
|tier|[Gen 9] OU
|rated|
|rule|HP Percentage Mod: HP is shown in percentages
|rule|Endless Battle Clause: Forcing endless battles is banned
|rule|Species Clause: Limit one of each Pokémon
|rule|OHKO Clause: OHKO moves are banned
|rule|Evasion Items Clause: Evasion items are banned
|rule|Evasion Moves Clause: Evasion moves are banned
|rule|Evasion Abilities Clause: Evasion abilities are banned
|rule|Sleep Moves Clause: Sleep-inducing moves are banned
|clearpoke
|poke|p1|Ninetales-Alola, M|
|poke|p1|Keldeo-Resolute|
|poke|p1|Hatterene, F|
|poke|p1|Kyurem|
|poke|p1|Kingambit, F|
|poke|p1|Glimmora, F|
|poke|p2|Pelipper, F|
|poke|p2|Hatterene, F|
|poke|p2|Iron Treads|
|poke|p2|Toxicroak, F|
|poke|p2|Barraskewda, F|
|poke|p2|Zapdos|
|teampreview
|j| HBooks
|inactive|Battle timer is ON: inactive players will automatically lose when time's up. (requested by 3idk)
|
|t:|1758947847
|teamsize|p1|6
|teamsize|p2|6
|start
|switch|p1a: Kyurem|Kyurem|100/100
|switch|p2a: Barraskewda|Barraskewda, F|100/100
|-ability|p1a: Kyurem|Pressure
|turn|1
|
|t:|1758947852
|switch|p1a: Ninetales|Ninetales-Alola, M|100/100
|-weather|Snowscape|[from] ability: Snow Warning|[of] p1a: Ninetales
|move|p2a: Barraskewda|Flip Turn|p1a: Ninetales
|-damage|p1a: Ninetales|62/100
|
|t:|1758947861
|switch|p2a: Pelipper|Pelipper, F|100/100|[from] Flip Turn
|-weather|RainDance|[from] ability: Drizzle|[of] p2a: Pelipper
|
|-weather|RainDance|[upkeep]
|upkeep
|turn|2
|
|t:|1758947864
|switch|p2a: Hatterene|Hatterene, F|100/100
|move|p1a: Ninetales|Freeze-Dry|p2a: Hatterene
|-damage|p2a: Hatterene|79/100
|-enditem|p2a: Hatterene|Eject Button
|
|t:|1758947870
|switch|p2a: Barraskewda|Barraskewda, F|100/100
|
|-weather|RainDance|[upkeep]
|upkeep
|turn|3
|
|t:|1758947880
|switch|p1a: Glimmora|Glimmora, F|100/100
|move|p2a: Barraskewda|Flip Turn|p1a: Glimmora
|-supereffective|p1a: Glimmora
|-crit|p1a: Glimmora
|-damage|p1a: Glimmora|0 fnt
|-activate|p1a: Glimmora|ability: Toxic Debris
|-sidestart|p2: 3idk|move: Toxic Spikes
|faint|p1a: Glimmora
|
|t:|1758947892
|switch|p2a: Zapdos|Zapdos|100/100|[from] Flip Turn
|
|-weather|RainDance|[upkeep]
|upkeep
|
|t:|1758947900
|switch|p1a: Ninetales|Ninetales-Alola, M|62/100
|-weather|Snowscape|[from] ability: Snow Warning|[of] p1a: Ninetales
|turn|4
|
|t:|1758947906
|switch|p2a: Pelipper|Pelipper, F|100/100
|-weather|RainDance|[from] ability: Drizzle|[of] p2a: Pelipper
|move|p1a: Ninetales|Aurora Veil||[still]
|-fail|p1a: Ninetales
|
|-weather|RainDance|[upkeep]
|upkeep
|turn|5
|
|t:|1758947915
|switch|p2a: Hatterene|Hatterene, F|79/100
|-status|p2a: Hatterene|psn
|move|p1a: Ninetales|Snowscape|p1a: Ninetales
|-weather|Snowscape
|
|-weather|Snowscape|[upkeep]
|-damage|p2a: Hatterene|66/100 psn|[from] psn
|upkeep
|turn|6
|
|t:|1758947921
|switch|p2a: Pelipper|Pelipper, F|100/100
|-weather|RainDance|[from] ability: Drizzle|[of] p2a: Pelipper
|move|p1a: Ninetales|Aurora Veil||[still]
|-fail|p1a: Ninetales
|
|-weather|RainDance|[upkeep]
|upkeep
|turn|7
|
|t:|1758947925
|move|p1a: Ninetales|Snowscape|p1a: Ninetales
|-weather|Snowscape
|move|p2a: Pelipper|U-turn|p1a: Ninetales
|-resisted|p1a: Ninetales
|-damage|p1a: Ninetales|58/100
|
|t:|1758947942
|switch|p2a: Iron Treads|Iron Treads|100/100|[from] U-turn
|
|-weather|Snowscape|[upkeep]
|upkeep
|turn|8
|
|t:|1758947945
|move|p1a: Ninetales|Aurora Veil|p1a: Ninetales
|-sidestart|p1: desert97|move: Aurora Veil
|move|p2a: Iron Treads|Rapid Spin|p1a: Ninetales
|-damage|p1a: Ninetales|52/100
|-boost|p2a: Iron Treads|spe|1
|-sideend|p2: 3idk|Toxic Spikes|[from] move: Rapid Spin|[of] p2a: Iron Treads
|
|-weather|Snowscape|[upkeep]
|upkeep
|turn|9
|
|t:|1758947954
|switch|p1a: Keldeo|Keldeo-Resolute|100/100
|move|p2a: Iron Treads|Stealth Rock|p1a: Keldeo
|-sidestart|p1: desert97|move: Stealth Rock
|
|-weather|Snowscape|[upkeep]
|upkeep
|turn|10
|
|t:|1758947961
|move|p2a: Iron Treads|Volt Switch|p1a: Keldeo
|-supereffective|p1a: Keldeo
|-damage|p1a: Keldeo|88/100
|
|t:|1758947965
|-end|p2a: Iron Treads|Quark Drive|[silent]
|switch|p2a: Toxicroak|Toxicroak, F|100/100|[from] Volt Switch
|move|p1a: Keldeo|Calm Mind|p1a: Keldeo
|-boost|p1a: Keldeo|spa|1
|-boost|p1a: Keldeo|spd|1
|
|-weather|Snowscape|[upkeep]
|-heal|p1a: Keldeo|94/100|[from] item: Leftovers
|upkeep
|turn|11
|
|t:|1758947971
|move|p1a: Keldeo|Calm Mind|p1a: Keldeo
|-boost|p1a: Keldeo|spa|1
|-boost|p1a: Keldeo|spd|1
|move|p2a: Toxicroak|Encore|p1a: Keldeo
|-start|p1a: Keldeo|Encore
|
|-weather|none
|-heal|p1a: Keldeo|99/100|[from] item: Leftovers
|upkeep
|turn|12
|
|t:|1758947975
|move|p1a: Keldeo|Calm Mind|p1a: Keldeo
|-boost|p1a: Keldeo|spa|1
|-boost|p1a: Keldeo|spd|1
|move|p2a: Toxicroak|Toxic|p1a: Keldeo
|-status|p1a: Keldeo|tox
|
|-heal|p1a: Keldeo|100/100 tox|[from] item: Leftovers
|-damage|p1a: Keldeo|94/100 tox|[from] psn
|upkeep
|turn|13
|
|t:|1758947987
|move|p1a: Keldeo|Calm Mind|p1a: Keldeo
|-boost|p1a: Keldeo|spa|1
|-boost|p1a: Keldeo|spd|1
|move|p2a: Toxicroak|Knock Off|p1a: Keldeo
|-resisted|p1a: Keldeo
|-damage|p1a: Keldeo|87/100 tox
|-ability|p1a: Keldeo|Justified|boost
|-boost|p1a: Keldeo|atk|1
|-enditem|p1a: Keldeo|Leftovers|[from] move: Knock Off|[of] p2a: Toxicroak
|
|-damage|p1a: Keldeo|75/100 tox|[from] psn
|upkeep
|turn|14
|
|t:|1758947996
|switch|p2a: Hatterene|Hatterene, F|66/100 psn
|move|p1a: Keldeo|Calm Mind|p1a: Keldeo
|-boost|p1a: Keldeo|spa|1
|-boost|p1a: Keldeo|spd|1
|
|-damage|p1a: Keldeo|57/100 tox|[from] psn
|-damage|p2a: Hatterene|54/100 psn|[from] psn
|-end|p1a: Keldeo|Encore
|upkeep
|turn|15
|
|t:|1758948004
|switch|p2a: Toxicroak|Toxicroak, F|100/100
|move|p1a: Keldeo|Surf|p2a: Toxicroak
|-immune|p2a: Toxicroak|[from] ability: Dry Skin
|
|-damage|p1a: Keldeo|33/100 tox|[from] psn
|-sideend|p1: desert97|move: Aurora Veil
|upkeep
|turn|16
|
|t:|1758948009
|switch|p2a: Hatterene|Hatterene, F|54/100 psn
|move|p1a: Keldeo|Secret Sword|p2a: Hatterene
|-resisted|p2a: Hatterene
|-damage|p2a: Hatterene|14/100 psn
|
|-damage|p1a: Keldeo|2/100 tox|[from] psn
|-damage|p2a: Hatterene|1/100 psn|[from] psn
|upkeep
|turn|17
|
|t:|1758948017
|move|p1a: Keldeo|Secret Sword|p2a: Hatterene
|-resisted|p2a: Hatterene
|-damage|p2a: Hatterene|0 fnt
|faint|p2a: Hatterene
|
|-damage|p1a: Keldeo|0 fnt|[from] psn
|faint|p1a: Keldeo
|upkeep
|
|t:|1758948027
|switch|p1a: Ninetales|Ninetales-Alola, M|52/100
|switch|p2a: Barraskewda|Barraskewda, F|100/100
|-damage|p1a: Ninetales|27/100|[from] Stealth Rock
|-weather|Snowscape|[from] ability: Snow Warning|[of] p1a: Ninetales
|turn|18
|
|t:|1758948035
|move|p2a: Barraskewda|Flip Turn|p1a: Ninetales
|-damage|p1a: Ninetales|0 fnt
|faint|p1a: Ninetales
|
|t:|1758948039
|switch|p2a: Pelipper|Pelipper, F|100/100|[from] Flip Turn
|-weather|RainDance|[from] ability: Drizzle|[of] p2a: Pelipper
|
|-weather|RainDance|[upkeep]
|upkeep
|
|t:|1758948042
|switch|p1a: Kyurem|Kyurem|100/100
|-damage|p1a: Kyurem|76/100|[from] Stealth Rock
|-ability|p1a: Kyurem|Pressure
|turn|19
|
|t:|1758948046
|switch|p2a: Iron Treads|Iron Treads|100/100
|move|p1a: Kyurem|Freeze-Dry|p2a: Iron Treads
|-damage|p2a: Iron Treads|70/100
|
|-weather|RainDance|[upkeep]
|-heal|p2a: Iron Treads|76/100|[from] item: Leftovers
|upkeep
|turn|20
|
|t:|1758948051
|move|p1a: Kyurem|Dragon Dance|p1a: Kyurem
|-boost|p1a: Kyurem|atk|1
|-boost|p1a: Kyurem|spe|1
|move|p2a: Iron Treads|Volt Switch|p1a: Kyurem
|-resisted|p1a: Kyurem
|-damage|p1a: Kyurem|71/100
|
|t:|1758948057
|-end|p2a: Iron Treads|Quark Drive|[silent]
|switch|p2a: Barraskewda|Barraskewda, F|100/100|[from] Volt Switch
|
|-weather|RainDance|[upkeep]
|upkeep
|turn|21
|
|t:|1758948063
|-terastallize|p2a: Barraskewda|Water
|move|p2a: Barraskewda|Flip Turn|p1a: Kyurem
|-resisted|p1a: Kyurem
|-damage|p1a: Kyurem|19/100
|
|t:|1758948068
|switch|p2a: Iron Treads|Iron Treads|76/100|[from] Flip Turn
|move|p1a: Kyurem|Freeze-Dry|p2a: Iron Treads
|-damage|p2a: Iron Treads|48/100
|
|-weather|RainDance|[upkeep]
|-heal|p2a: Iron Treads|54/100|[from] item: Leftovers
|upkeep
|turn|22
|
|t:|1758948073
|move|p1a: Kyurem|Icicle Spear|p2a: Iron Treads
|-damage|p2a: Iron Treads|43/100
|-damage|p2a: Iron Treads|30/100
|-damage|p2a: Iron Treads|17/100
|-damage|p2a: Iron Treads|5/100
|-damage|p2a: Iron Treads|0 fnt
|faint|p2a: Iron Treads
|-end|p2a: Iron Treads|Quark Drive|[silent]
|-hitcount|p2: Iron Treads|5
|
|-weather|RainDance|[upkeep]
|upkeep
|
|t:|1758948080
|switch|p2a: Barraskewda|Barraskewda, F, tera:Water|100/100
|turn|23
|
|t:|1758948085
|move|p2a: Barraskewda|Flip Turn|p1a: Kyurem
|-resisted|p1a: Kyurem
|-damage|p1a: Kyurem|0 fnt
|faint|p1a: Kyurem
|
|t:|1758948089
|switch|p2a: Zapdos|Zapdos|100/100|[from] Flip Turn
|
|-weather|RainDance|[upkeep]
|upkeep
|
|t:|1758948093
|switch|p1a: Kingambit|Kingambit, F|100/100
|-damage|p1a: Kingambit|94/100|[from] Stealth Rock
|-activate|p1a: Kingambit|ability: Supreme Overlord
|-start|p1a: Kingambit|fallen4|[silent]
|turn|24
|
|t:|1758948100
|move|p2a: Zapdos|Thunder|p1a: Kingambit
|-crit|p1a: Kingambit
|-damage|p1a: Kingambit|0 fnt
|faint|p1a: Kingambit
|-end|p1a: Kingambit|fallen4|[silent]
|
|-weather|RainDance|[upkeep]
|upkeep
|c|☆desert97|gg
|c|☆3idk|ggs
|-message|desert97 forfeited.
|
|win|3idk
|raw|desert97's rating: 1668 &rarr; <strong>1646</strong><br />(-22 for losing)
|raw|3idk's rating: 1640 &rarr; <strong>1662</strong><br />(+22 for winning)
|l|☆desert97
|player|p1|
|l| HBooks
|l|☆3idk
|player|p2|
