|j|☆purple pastels
|j|☆flygonisdragon
|t:|1759038733
|gametype|singles
|player|p1|purple pastels|doubleteam|1461
|player|p2|flygonisdragon|serena-masters|1531
|gen|9
|tier|[Gen 9] OU
|rated|
|rule|HP Percentage Mod: HP is shown in percentages
|rule|Endless Battle Clause: Forcing endless battles is banned
|rule|Species Clause: Limit one of each Pokémon
|rule|OHKO Clause: OHKO moves are banned
|rule|Evasion Items Clause: Evasion items are banned
|rule|Evasion Moves Clause: Evasion moves are banned
|rule|Evasion Abilities Clause: Evasion abilities are banned
|rule|Sleep Moves Clause: Sleep-inducing moves are banned
|clearpoke
|poke|p1|Dragonite, F|
|poke|p1|Alomomola, M|
|poke|p1|Garganacl, F|
|poke|p1|Great Tusk|
|poke|p1|Iron Moth|
|poke|p1|Samurott-Hisui, M|
|poke|p2|Kyurem|
|poke|p2|Dondozo, F|
|poke|p2|Gliscor, M|
|poke|p2|Cinderace, M|
|poke|p2|Hydrapple, F|
|poke|p2|Zapdos-Galar|
|teampreview
|inactive|Battle timer is ON: inactive players will automatically lose when time's up. (requested by purple pastels)
|
|t:|1759038742
|teamsize|p1|6
|teamsize|p2|6
|start
|switch|p1a: Samurott|Samurott-Hisui, M|100/100
|switch|p2a: Zapdos|Zapdos-Galar|100/100
|turn|1
|
|t:|1759038749
|switch|p1a: Alomomola|Alomomola, M|100/100
|move|p2a: Zapdos|Dual Wingbeat|p1a: Alomomola
|-damage|p1a: Alomomola|81/100
|-damage|p2a: Zapdos|84/100|[from] item: Rocky Helmet|[of] p1a: Alomomola
|-damage|p1a: Alomomola|62/100
|-damage|p2a: Zapdos|67/100|[from] item: Rocky Helmet|[of] p1a: Alomomola
|-hitcount|p1a: Alomomola|2
|
|upkeep
|turn|2
|
|t:|1759038758
|switch|p2a: Kyurem|Kyurem|100/100
|-ability|p2a: Kyurem|Pressure
|move|p1a: Alomomola|Flip Turn|p2a: Kyurem
|-resisted|p2a: Kyurem
|-damage|p2a: Kyurem|94/100
|
|t:|1759038764
|switch|p1a: Garganacl|Garganacl, F|100/100|[from] Flip Turn
|
|upkeep
|turn|3
|
|t:|1759038770
|move|p2a: Kyurem|Ice Beam|p1a: Garganacl
|-damage|p1a: Garganacl|79/100
|move|p1a: Garganacl|Salt Cure|p2a: Kyurem
|-supereffective|p2a: Kyurem
|-damage|p2a: Kyurem|64/100
|-start|p2a: Kyurem|Salt Cure
|
|-damage|p2a: Kyurem|52/100|[from] Salt Cure
|upkeep
|turn|4
|
|t:|1759038779
|switch|p2a: Gliscor|Gliscor, M|100/100
|move|p1a: Garganacl|Salt Cure|p2a: Gliscor
|-damage|p2a: Gliscor|93/100
|-start|p2a: Gliscor|Salt Cure
|
|-damage|p2a: Gliscor|80/100|[from] Salt Cure
|-status|p2a: Gliscor|tox|[from] item: Toxic Orb
|upkeep
|turn|5
|
|t:|1759038784
|switch|p1a: Samurott|Samurott-Hisui, M|100/100
|move|p2a: Gliscor|Spikes|p1a: Samurott
|-sidestart|p1: purple pastels|Spikes
|
|-heal|p2a: Gliscor|93/100 tox|[from] ability: Poison Heal
|-damage|p2a: Gliscor|80/100 tox|[from] Salt Cure
|upkeep
|turn|6
|
|t:|1759038795
|switch|p2a: Hydrapple|Hydrapple, F|100/100
|move|p1a: Samurott|Ceaseless Edge|p2a: Hydrapple
|-damage|p2a: Hydrapple|66/100
|-sidestart|p2: flygonisdragon|Spikes
|
|upkeep
|turn|7
|
|t:|1759038804
|switch|p1a: Dragonite|Dragonite, F|100/100
|move|p2a: Hydrapple|Giga Drain|p1a: Dragonite
|-resisted|p1a: Dragonite
|-damage|p1a: Dragonite|95/100
|-heal|p2a: Hydrapple|68/100|[from] drain|[of] p1a: Dragonite
|
|upkeep
|turn|8
|
|t:|1759038826
|switch|p2a: Dondozo|Dondozo, F|100/100
|-damage|p2a: Dondozo|88/100|[from] Spikes
|move|p1a: Dragonite|Ice Spinner|p2a: Dondozo
|-resisted|p2a: Dondozo
|-damage|p2a: Dondozo|78/100
|
|-heal|p2a: Dondozo|85/100|[from] item: Leftovers
|upkeep
|turn|9
|
|t:|1759038834
|switch|p1a: Great Tusk|Great Tusk|100/100
|move|p2a: Dondozo|Curse|p2a: Dondozo
|-unboost|p2a: Dondozo|spe|1
|-boost|p2a: Dondozo|atk|1
|-boost|p2a: Dondozo|def|1
|
|-heal|p2a: Dondozo|91/100|[from] item: Leftovers
|upkeep
|turn|10
|
|t:|1759038845
|switch|p2a: Cinderace|Cinderace, M|100/100
|move|p1a: Great Tusk|Rapid Spin|p2a: Cinderace
|-damage|p2a: Cinderace|76/100
|-boost|p1a: Great Tusk|spe|1
|-sideend|p1: purple pastels|Spikes|[from] move: Rapid Spin|[of] p1a: Great Tusk
|
|upkeep
|turn|11
|
|t:|1759038851
|switch|p2a: Gliscor|Gliscor, M|80/100 tox
|move|p1a: Great Tusk|Headlong Rush|p2a: Gliscor
|-immune|p2a: Gliscor
|
|-heal|p2a: Gliscor|93/100 tox|[from] ability: Poison Heal
|upkeep
|turn|12
|
|t:|1759038855
|move|p1a: Great Tusk|Ice Spinner|p2a: Gliscor
|-supereffective|p2a: Gliscor
|-damage|p2a: Gliscor|30/100 tox
|move|p2a: Gliscor|Toxic|p1a: Great Tusk
|-status|p1a: Great Tusk|tox
|
|-damage|p1a: Great Tusk|94/100 tox|[from] psn
|-heal|p2a: Gliscor|43/100 tox|[from] ability: Poison Heal
|upkeep
|turn|13
|
|t:|1759038861
|move|p2a: Gliscor|Protect|p2a: Gliscor
|-singleturn|p2a: Gliscor|Protect
|move|p1a: Great Tusk|Stealth Rock|p2a: Gliscor
|-sidestart|p2: flygonisdragon|move: Stealth Rock
|
|-damage|p1a: Great Tusk|82/100 tox|[from] psn
|-heal|p2a: Gliscor|55/100 tox|[from] ability: Poison Heal
|upkeep
|turn|14
|
|t:|1759038874
|switch|p2a: Zapdos|Zapdos-Galar|67/100
|-damage|p2a: Zapdos|55/100|[from] Stealth Rock
|move|p1a: Great Tusk|Ice Spinner|p2a: Zapdos
|-supereffective|p2a: Zapdos
|-damage|p2a: Zapdos|0 fnt
|faint|p2a: Zapdos
|
|-damage|p1a: Great Tusk|63/100 tox|[from] psn
|upkeep
|
|t:|1759038879
|switch|p2a: Cinderace|Cinderace, M|76/100
|turn|15
|
|t:|1759038883
|switch|p2a: Gliscor|Gliscor, M|55/100 tox
|-damage|p2a: Gliscor|43/100 tox|[from] Stealth Rock
|move|p1a: Great Tusk|Headlong Rush|p2a: Gliscor
|-immune|p2a: Gliscor
|
|-damage|p1a: Great Tusk|39/100 tox|[from] psn
|-heal|p2a: Gliscor|55/100 tox|[from] ability: Poison Heal
|upkeep
|turn|16
|
|t:|1759038888
|-end|p1a: Great Tusk|Protosynthesis|[silent]
|switch|p1a: Samurott|Samurott-Hisui, M|100/100
|move|p2a: Gliscor|Protect||[still]
|-fail|p2a: Gliscor
|
|-heal|p2a: Gliscor|68/100 tox|[from] ability: Poison Heal
|upkeep
|turn|17
|
|t:|1759038894
|move|p1a: Samurott|Razor Shell|p2a: Gliscor
|-supereffective|p2a: Gliscor
|-damage|p2a: Gliscor|4/100 tox
|move|p2a: Gliscor|Toxic|p1a: Samurott
|-status|p1a: Samurott|tox
|
|-damage|p1a: Samurott|94/100 tox|[from] psn
|-heal|p2a: Gliscor|16/100 tox|[from] ability: Poison Heal
|upkeep
|turn|18
|
|t:|1759038899
|move|p2a: Gliscor|Protect|p2a: Gliscor
|-singleturn|p2a: Gliscor|Protect
|move|p1a: Samurott|Razor Shell|p2a: Gliscor
|-activate|p2a: Gliscor|move: Protect
|
|-damage|p1a: Samurott|82/100 tox|[from] psn
|-heal|p2a: Gliscor|29/100 tox|[from] ability: Poison Heal
|upkeep
|turn|19
|
|t:|1759038906
|switch|p2a: Hydrapple|Hydrapple, F|100/100
|move|p1a: Samurott|Razor Shell|p2a: Hydrapple
|-resisted|p2a: Hydrapple
|-damage|p2a: Hydrapple|91/100
|-unboost|p2a: Hydrapple|def|1
|
|-damage|p1a: Samurott|63/100 tox|[from] psn
|upkeep
|turn|20
|
|t:|1759038913
|switch|p1a: Iron Moth|Iron Moth|100/100
|move|p2a: Hydrapple|Giga Drain|p1a: Iron Moth
|-resisted|p1a: Iron Moth
|-damage|p1a: Iron Moth|90/100
|-heal|p2a: Hydrapple|95/100|[from] drain|[of] p1a: Iron Moth
|
|upkeep
|turn|21
|
|t:|1759038925
|move|p1a: Iron Moth|Sludge Wave|p2a: Hydrapple
|-supereffective|p2a: Hydrapple
|-damage|p2a: Hydrapple|0 fnt
|faint|p2a: Hydrapple
|
|upkeep
|
|t:|1759038929
|switch|p2a: Gliscor|Gliscor, M|29/100 tox
|-damage|p2a: Gliscor|16/100 tox|[from] Stealth Rock
|turn|22
|
|t:|1759038931
|move|p2a: Gliscor|Protect|p2a: Gliscor
|-singleturn|p2a: Gliscor|Protect
|move|p1a: Iron Moth|Sludge Wave|p2a: Gliscor
|-activate|p2a: Gliscor|move: Protect
|
|-heal|p2a: Gliscor|29/100 tox|[from] ability: Poison Heal
|upkeep
|turn|23
|
|t:|1759038937
|move|p2a: Gliscor|Protect||[still]
|-fail|p2a: Gliscor
|move|p1a: Iron Moth|Sludge Wave|p2a: Gliscor
|-resisted|p2a: Gliscor
|-damage|p2a: Gliscor|0 fnt
|faint|p2a: Gliscor
|
|upkeep
|
|t:|1759038939
|switch|p2a: Cinderace|Cinderace, M|76/100
|turn|24
|
|t:|1759038944
|move|p2a: Cinderace|Gunk Shot|p1a: Iron Moth
|-start|p2a: Cinderace|typechange|Poison|[from] ability: Libero
|-resisted|p1a: Iron Moth
|-damage|p1a: Iron Moth|43/100
|move|p1a: Iron Moth|Sludge Wave|p2a: Cinderace
|-resisted|p2a: Cinderace
|-damage|p2a: Cinderace|21/100
|
|upkeep
|turn|25
|
|t:|1759038959
|-end|p1a: Iron Moth|Quark Drive|[silent]
|switch|p1a: Alomomola|Alomomola, M|95/100
|move|p2a: Cinderace|Gunk Shot|p1a: Alomomola
|-damage|p1a: Alomomola|62/100
|-status|p1a: Alomomola|psn
|
|-damage|p1a: Alomomola|49/100 psn|[from] psn
|upkeep
|turn|26
|
|t:|1759038966
|move|p2a: Cinderace|Court Change|p2a: Cinderace
|-swapsideconditions
|-activate|p2a: Cinderace|move: Court Change
|move|p1a: Alomomola|Flip Turn|p2a: Cinderace
|-crit|p2a: Cinderace
|-damage|p2a: Cinderace|0 fnt
|faint|p2a: Cinderace
|
|t:|1759038973
|switch|p1a: Garganacl|Garganacl, F|79/100|[from] Flip Turn
|-damage|p1a: Garganacl|67/100|[from] Spikes
|-damage|p1a: Garganacl|55/100|[from] Stealth Rock
|
|upkeep
|
|t:|1759038981
|switch|p2a: Kyurem|Kyurem|52/100
|-ability|p2a: Kyurem|Pressure
|turn|27
|
|t:|1759038983
|-terastallize|p1a: Garganacl|Fighting
|move|p2a: Kyurem|Earth Power|p1a: Garganacl
|-damage|p1a: Garganacl|39/100
|move|p1a: Garganacl|Body Press|p2a: Kyurem
|-supereffective|p2a: Kyurem
|-damage|p2a: Kyurem|0 fnt
|faint|p2a: Kyurem
|
|upkeep
|
|t:|1759038988
|switch|p2a: Dondozo|Dondozo, F|91/100
|turn|28
|-message|flygonisdragon forfeited.
|
|win|purple pastels
|raw|purple pastels's rating: 1461 &rarr; <strong>1485</strong><br />(+24 for winning)
|raw|flygonisdragon's rating: 1531 &rarr; <strong>1507</strong><br />(-24 for losing)
|l|☆flygonisdragon
|player|p2|
|l|☆purple pastels
|player|p1|
