|j|☆cfyre
|j|☆Leouwas
|t:|1758923641
|gametype|singles
|player|p1|cfyre|169|1083
|player|p2|Leouwas|266|1107
|gen|9
|tier|[Gen 9] OU
|rated|
|rule|HP Percentage Mod: HP is shown in percentages
|rule|Endless Battle Clause: Forcing endless battles is banned
|rule|Species Clause: Limit one of each Pokémon
|rule|OHKO Clause: OHKO moves are banned
|rule|Evasion Items Clause: Evasion items are banned
|rule|Evasion Moves Clause: Evasion moves are banned
|rule|Evasion Abilities Clause: Evasion abilities are banned
|rule|Sleep Moves Clause: Sleep-inducing moves are banned
|clearpoke
|poke|p1|Kyurem|
|poke|p1|Primarina, M|
|poke|p1|Slowking-Galar, F|
|poke|p1|Coalossal, M|
|poke|p1|Meowscarada, F|
|poke|p1|Murkrow, M|
|poke|p2|Garchomp, F|
|poke|p2|Skarmory, M|
|poke|p2|Magnezone|
|poke|p2|Pelipper, M|
|poke|p2|Lucario, F|
|poke|p2|Floatzel, F|
|teampreview
|
|t:|1758923650
|teamsize|p1|6
|teamsize|p2|6
|start
|switch|p1a: Chemical hazard|Slowking-Galar, F|100/100
|switch|p2a: Garchomp|Garchomp, F|100/100
|turn|1
|
|t:|1758923661
|move|p2a: Garchomp|Stealth Rock|p1a: Chemical hazard
|-sidestart|p1: cfyre|move: Stealth Rock
|-prepare|p1a: Chemical hazard|Chilly Reception|[premajor]
|move|p1a: Chemical hazard|Chilly Reception|p1a: Chemical hazard
|-weather|Snowscape
|
|t:|1758923669
|switch|p1a: Chilly guy|Kyurem, shiny|100/100|[from] Chilly Reception
|-damage|p1a: Chilly guy|76/100|[from] Stealth Rock
|-ability|p1a: Chilly guy|Pressure
|
|-weather|Snowscape|[upkeep]
|upkeep
|turn|2
|
|t:|1758923680
|switch|p2a: Magnezone|Magnezone|100/100
|move|p1a: Chilly guy|Icicle Spear|p2a: Magnezone
|-resisted|p2a: Magnezone
|-crit|p2a: Magnezone
|-damage|p2a: Magnezone|88/100
|-resisted|p2a: Magnezone
|-damage|p2a: Magnezone|81/100
|-resisted|p2a: Magnezone
|-damage|p2a: Magnezone|73/100
|-resisted|p2a: Magnezone
|-damage|p2a: Magnezone|65/100
|-resisted|p2a: Magnezone
|-damage|p2a: Magnezone|57/100
|-hitcount|p2a: Magnezone|5
|
|-weather|Snowscape|[upkeep]
|upkeep
|turn|3
|
|t:|1758923717
|switch|p1a: Coalossal|Coalossal, M, shiny|100/100
|-damage|p1a: Coalossal|76/100|[from] Stealth Rock
|move|p2a: Magnezone|Thunder|p1a: Coalossal
|-damage|p1a: Coalossal|0 fnt
|faint|p1a: Coalossal
|
|-weather|Snowscape|[upkeep]
|upkeep
|
|t:|1758923736
|switch|p1a: Feminine boy|Meowscarada, F, shiny|100/100
|-damage|p1a: Feminine boy|88/100|[from] Stealth Rock
|turn|4
|
|t:|1758923743
|move|p1a: Feminine boy|Knock Off|p2a: Magnezone
|-start|p1a: Feminine boy|typechange|Dark|[from] ability: Protean
|-damage|p2a: Magnezone|2/100
|-enditem|p2a: Magnezone|Choice Specs|[from] move: Knock Off|[of] p1a: Feminine boy
|move|p2a: Magnezone|Thunder|p1a: Feminine boy
|-damage|p1a: Feminine boy|0 fnt
|faint|p1a: Feminine boy
|
|-weather|Snowscape|[upkeep]
|upkeep
|
|t:|1758923758
|switch|p1a: Hat guy|Murkrow, M|100/100
|-damage|p1a: Hat guy|76/100|[from] Stealth Rock
|turn|5
|
|t:|1758923766
|move|p1a: Hat guy|U-turn|p2a: Magnezone
|-resisted|p2a: Magnezone
|-crit|p2a: Magnezone
|-damage|p2a: Magnezone|0 fnt
|faint|p2a: Magnezone
|
|t:|1758923772
|switch|p1a: Chilly guy|Kyurem, shiny|76/100|[from] U-turn
|-damage|p1a: Chilly guy|51/100|[from] Stealth Rock
|-ability|p1a: Chilly guy|Pressure
|
|-weather|Snowscape|[upkeep]
|upkeep
|
|t:|1758923781
|switch|p2a: Pelipper|Pelipper, M|100/100
|-weather|RainDance|[from] ability: Drizzle|[of] p2a: Pelipper
|turn|6
|
|t:|1758923789
|move|p1a: Chilly guy|Freeze-Dry|p2a: Pelipper
|-supereffective|p2a: Pelipper
|-damage|p2a: Pelipper|0 fnt
|faint|p2a: Pelipper
|
|-weather|RainDance|[upkeep]
|upkeep
|
|t:|1758923800
|switch|p2a: Floatzel|Floatzel, F|100/100
|turn|7
|
|t:|1758923805
|move|p2a: Floatzel|Liquidation|p1a: Chilly guy
|-resisted|p1a: Chilly guy
|-damage|p1a: Chilly guy|14/100
|move|p1a: Chilly guy|Freeze-Dry|p2a: Floatzel
|-supereffective|p2a: Floatzel
|-damage|p2a: Floatzel|0 fnt
|faint|p2a: Floatzel
|
|-weather|RainDance|[upkeep]
|upkeep
|l|☆Leouwas
|player|p2|
|inactive|Battle timer is ON: inactive players will automatically lose when time's up. (requested by cfyre)
|inactive|Leouwas has 30 seconds to reconnect!
|inactive|Leouwas has 20 seconds to reconnect!
|inactive|Leouwas has 15 seconds to reconnect!
|inactive|Leouwas has 10 seconds to reconnect!
|inactive|Leouwas has 5 seconds to reconnect!
|-message|Leouwas lost due to inactivity.
|
|win|cfyre
|raw|cfyre's rating: 1083 &rarr; <strong>1112</strong><br />(+29 for winning)
|raw|Leouwas's rating: 1107 &rarr; <strong>1080</strong><br />(-27 for losing)
