|j|☆Goodnight Yubi
|j|☆AyBalto
|t:|1759032732
|gametype|singles
|player|p1|Goodnight Yubi|brycenman|1555
|player|p2|AyBalto|medium|1575
|gen|9
|tier|[Gen 9] OU
|rated|
|rule|HP Percentage Mod: HP is shown in percentages
|rule|Endless Battle Clause: Forcing endless battles is banned
|rule|Species Clause: Limit one of each Pokémon
|rule|OHKO Clause: OHKO moves are banned
|rule|Evasion Items Clause: Evasion items are banned
|rule|Evasion Moves Clause: Evasion moves are banned
|rule|Evasion Abilities Clause: Evasion abilities are banned
|rule|Sleep Moves Clause: Sleep-inducing moves are banned
|clearpoke
|poke|p1|Moltres|
|poke|p1|Zamazenta-*|
|poke|p1|Darkrai|
|poke|p1|Hydrapple, M|
|poke|p1|Ting-Lu|
|poke|p1|Tinkaton, F|
|poke|p2|Ogerpon-Wellspring, F|
|poke|p2|Kingambit, M|
|poke|p2|Landorus-Therian, M|
|poke|p2|Glimmora, M|
|poke|p2|Dragapult, M|
|poke|p2|Iron Valiant|
|teampreview
|inactive|Battle timer is ON: inactive players will automatically lose when time's up. (requested by Goodnight Yubi)
|inactive|Goodnight Yubi has 120 seconds left.
|
|t:|1759032776
|teamsize|p1|6
|teamsize|p2|6
|start
|switch|p1a: Ting-Lu|Ting-Lu|100/100
|switch|p2a: Landorus|Landorus-Therian, M|100/100
|-ability|p2a: Landorus|Intimidate|boost
|-unboost|p1a: Ting-Lu|atk|1
|-ability|p1a: Ting-Lu|Vessel of Ruin
|turn|1
|
|t:|1759032792
|move|p2a: Landorus|Taunt|p1a: Ting-Lu
|-start|p1a: Ting-Lu|move: Taunt
|cant|p1a: Ting-Lu|move: Taunt|Spikes
|
|upkeep
|turn|2
|
|t:|1759032795
|switch|p1a: Moltres|Moltres|100/100
|move|p2a: Landorus|Stealth Rock|p1a: Moltres
|-sidestart|p1: Goodnight Yubi|move: Stealth Rock
|
|upkeep
|turn|3
|
|t:|1759032819
|switch|p2a: Glimmora|Glimmora, M|100/100
|move|p1a: Moltres|Flamethrower|p2a: Glimmora
|-resisted|p2a: Glimmora
|-damage|p2a: Glimmora|78/100
|
|upkeep
|turn|4
|
|t:|1759032834
|switch|p1a: Ting-Lu|Ting-Lu|100/100
|-damage|p1a: Ting-Lu|94/100|[from] Stealth Rock
|-ability|p1a: Ting-Lu|Vessel of Ruin
|move|p2a: Glimmora|Spikes|p1a: Ting-Lu
|-sidestart|p1: Goodnight Yubi|Spikes
|
|-heal|p1a: Ting-Lu|100/100|[from] item: Leftovers
|upkeep
|turn|5
|
|t:|1759032844
|switch|p2a: Landorus|Landorus-Therian, M|100/100
|-ability|p2a: Landorus|Intimidate|boost
|-unboost|p1a: Ting-Lu|atk|1
|move|p1a: Ting-Lu|Earthquake|p2a: Landorus
|-immune|p2a: Landorus
|
|upkeep
|turn|6
|
|t:|1759032850
|move|p2a: Landorus|Taunt|p1a: Ting-Lu
|-start|p1a: Ting-Lu|move: Taunt
|move|p1a: Ting-Lu|Ruination|p2a: Landorus
|-damage|p2a: Landorus|51/100
|
|upkeep
|turn|7
|
|t:|1759032874
|switch|p2a: Ogerpon|Ogerpon-Wellspring, F|100/100
|move|p1a: Ting-Lu|Ruination|p2a: Ogerpon|[miss]
|-miss|p1a: Ting-Lu|p2a: Ogerpon
|
|upkeep
|turn|8
|
|t:|1759032894
|switch|p1a: Hydrapple|Hydrapple, M|100/100
|move|p2a: Ogerpon|Play Rough|p1a: Hydrapple
|-supereffective|p1a: Hydrapple
|-damage|p1a: Hydrapple|61/100
|
|upkeep
|turn|9
|
|t:|1759032905
|move|p2a: Ogerpon|Ivy Cudgel|p1a: Hydrapple|[anim] Ivy Cudgel Water
|-resisted|p1a: Hydrapple
|-crit|p1a: Hydrapple
|-damage|p1a: Hydrapple|47/100
|move|p1a: Hydrapple|Giga Drain|p2a: Ogerpon
|-damage|p2a: Ogerpon|61/100
|-heal|p1a: Hydrapple|61/100|[from] drain|[of] p2a: Ogerpon
|
|upkeep
|turn|10
|inactive|AyBalto has 120 seconds left.
|inactive|Goodnight Yubi has 120 seconds left.
|inactive|AyBalto has 90 seconds left.
|
|t:|1759032970
|switch|p2a: Glimmora|Glimmora, M|78/100
|move|p1a: Hydrapple|Giga Drain|p2a: Glimmora
|-damage|p2a: Glimmora|38/100
|-heal|p1a: Hydrapple|76/100|[from] drain|[of] p2a: Glimmora
|
|upkeep
|turn|11
|
|t:|1759032978
|switch|p1a: Tinkaton|Tinkaton, F|100/100
|-damage|p1a: Tinkaton|94/100|[from] Stealth Rock
|-ability|p1a: Tinkaton|Mold Breaker
|-item|p1a: Tinkaton|Air Balloon
|move|p2a: Glimmora|Meteor Beam||[still]
|-prepare|p2a: Glimmora|Meteor Beam
|-boost|p2a: Glimmora|spa|1
|-enditem|p2a: Glimmora|Power Herb
|-anim|p2a: Glimmora|Meteor Beam|p1a: Tinkaton
|-resisted|p1a: Tinkaton
|-damage|p1a: Tinkaton|49/100
|-enditem|p1a: Tinkaton|Air Balloon
|
|upkeep
|turn|12
|inactive|AyBalto has 90 seconds left.
|
|t:|1759032991
|switch|p1a: Ting-Lu|Ting-Lu|100/100
|-damage|p1a: Ting-Lu|94/100|[from] Stealth Rock
|-damage|p1a: Ting-Lu|82/100|[from] Spikes
|-ability|p1a: Ting-Lu|Vessel of Ruin
|move|p2a: Glimmora|Earth Power|p1a: Ting-Lu
|-crit|p1a: Ting-Lu
|-damage|p1a: Ting-Lu|48/100
|
|-heal|p1a: Ting-Lu|54/100|[from] item: Leftovers
|upkeep
|turn|13
|inactive|Goodnight Yubi has 120 seconds left.
|inactive|AyBalto has 90 seconds left.
|
|t:|1759033016
|move|p2a: Glimmora|Meteor Beam||[still]
|-prepare|p2a: Glimmora|Meteor Beam
|-boost|p2a: Glimmora|spa|1
|move|p1a: Ting-Lu|Spikes|p2a: Glimmora
|-sidestart|p2: AyBalto|Spikes
|
|-heal|p1a: Ting-Lu|60/100|[from] item: Leftovers
|upkeep
|turn|14
|
|t:|1759033021
|move|p2a: Glimmora|Meteor Beam|p1a: Ting-Lu|[from] lockedmove
|-resisted|p1a: Ting-Lu
|-damage|p1a: Ting-Lu|34/100
|move|p1a: Ting-Lu|Earthquake|p2a: Glimmora
|-supereffective|p2a: Glimmora
|-damage|p2a: Glimmora|0 fnt
|-activate|p2a: Glimmora|ability: Toxic Debris
|-sidestart|p1: Goodnight Yubi|move: Toxic Spikes
|faint|p2a: Glimmora
|
|-heal|p1a: Ting-Lu|40/100|[from] item: Leftovers
|upkeep
|
|t:|1759033041
|switch|p2a: Ogerpon|Ogerpon-Wellspring, F|61/100
|-damage|p2a: Ogerpon|48/100|[from] Spikes
|turn|15
|
|t:|1759033048
|move|p2a: Ogerpon|Horn Leech|p1a: Ting-Lu
|-supereffective|p1a: Ting-Lu
|-damage|p1a: Ting-Lu|0 fnt
|-heal|p2a: Ogerpon|82/100|[from] drain|[of] p1a: Ting-Lu
|faint|p1a: Ting-Lu
|
|upkeep
|
|t:|1759033067
|switch|p1a: Darkrai|Darkrai, shiny|100/100
|turn|16
|
|t:|1759033083
|-terastallize|p1a: Darkrai|Poison
|-terastallize|p2a: Ogerpon|Water
|detailschange|p2a: Ogerpon|Ogerpon-Wellspring-Tera, F, tera:Water
|-ability|p2a: Ogerpon|Embody Aspect (Wellspring)|boost
|-boost|p2a: Ogerpon|spd|1
|move|p1a: Darkrai|Sludge Bomb|p2a: Ogerpon
|-damage|p2a: Ogerpon|46/100
|-status|p2a: Ogerpon|psn
|move|p2a: Ogerpon|Ivy Cudgel|p1a: Darkrai|[anim] Ivy Cudgel Water
|-damage|p1a: Darkrai|0 fnt
|faint|p1a: Darkrai
|
|-damage|p2a: Ogerpon|34/100 psn|[from] psn
|upkeep
|inactive|Goodnight Yubi has 120 seconds left.
|
|t:|1759033110
|switch|p1a: Hydrapple|Hydrapple, M|100/100
|turn|17
|inactive|AyBalto has 60 seconds left.
|
|t:|1759033142
|move|p2a: Ogerpon|Play Rough|p1a: Hydrapple|[miss]
|-miss|p2a: Ogerpon|p1a: Hydrapple
|move|p1a: Hydrapple|Fickle Beam|p2a: Ogerpon
|-damage|p2a: Ogerpon|6/100 psn
|
|-damage|p2a: Ogerpon|0 fnt|[from] psn
|faint|p2a: Ogerpon
|detailschange|p2: Ogerpon|Ogerpon-Wellspring, F|[silent]
|upkeep
|inactive|AyBalto has 60 seconds left.
|
|t:|1759033166
|switch|p2a: Iron Valiant|Iron Valiant|100/100
|-damage|p2a: Iron Valiant|88/100|[from] Spikes
|-enditem|p2a: Iron Valiant|Booster Energy
|-activate|p2a: Iron Valiant|ability: Quark Drive|[fromitem]
|-start|p2a: Iron Valiant|quarkdrivespe
|turn|18
|inactive|Goodnight Yubi has 120 seconds left.
|
|t:|1759033192
|switch|p1a: Moltres|Moltres|100/100
|move|p2a: Iron Valiant|Spirit Break|p1a: Moltres
|-resisted|p1a: Moltres
|-damage|p1a: Moltres|86/100
|-unboost|p1a: Moltres|spa|1
|-status|p2a: Iron Valiant|brn|[from] ability: Flame Body|[of] p1a: Moltres
|
|-damage|p2a: Iron Valiant|82/100 brn|[from] brn
|upkeep
|turn|19
|
|t:|1759033202
|move|p2a: Iron Valiant|Knock Off|p1a: Moltres
|-damage|p1a: Moltres|75/100
|-enditem|p1a: Moltres|Heavy-Duty Boots|[from] move: Knock Off|[of] p2a: Iron Valiant
|move|p1a: Moltres|Flamethrower|p2a: Iron Valiant
|-damage|p2a: Iron Valiant|40/100 brn
|
|-damage|p2a: Iron Valiant|34/100 brn|[from] brn
|upkeep
|turn|20
|
|t:|1759033212
|move|p2a: Iron Valiant|Spirit Break|p1a: Moltres
|-resisted|p1a: Moltres
|-damage|p1a: Moltres|68/100
|-unboost|p1a: Moltres|spa|1
|move|p1a: Moltres|Flamethrower|p2a: Iron Valiant
|-damage|p2a: Iron Valiant|0 fnt
|faint|p2a: Iron Valiant
|-end|p2a: Iron Valiant|Quark Drive|[silent]
|
|upkeep
|inactive|AyBalto has 30 seconds left.
|
|t:|1759033233
|switch|p2a: Dragapult|Dragapult, M|100/100
|-damage|p2a: Dragapult|88/100|[from] Spikes
|turn|21
|
|t:|1759033250
|move|p2a: Dragapult|Shadow Ball|p1a: Moltres
|-damage|p1a: Moltres|15/100
|move|p1a: Moltres|Roost|p1a: Moltres
|-heal|p1a: Moltres|65/100
|-singleturn|p1a: Moltres|move: Roost
|
|upkeep
|turn|22
|
|t:|1759033263
|move|p2a: Dragapult|Shadow Ball|p1a: Moltres
|-damage|p1a: Moltres|12/100
|move|p1a: Moltres|Flamethrower|p2a: Dragapult
|-resisted|p2a: Dragapult
|-damage|p2a: Dragapult|74/100
|
|upkeep
|turn|23
|
|t:|1759033266
|move|p2a: Dragapult|Shadow Ball|p1a: Moltres
|-damage|p1a: Moltres|0 fnt
|faint|p1a: Moltres
|
|upkeep
|
|t:|1759033278
|switch|p1a: Hydrapple|Hydrapple, M|100/100
|turn|24
|inactive|AyBalto has 60 seconds left.
|inactive|Goodnight Yubi has 120 seconds left.
|
|t:|1759033321
|switch|p2a: Kingambit|Kingambit, M|100/100
|-damage|p2a: Kingambit|88/100|[from] Spikes
|-activate|p2a: Kingambit|ability: Supreme Overlord
|-start|p2a: Kingambit|fallen3|[silent]
|move|p1a: Hydrapple|Fickle Beam|p2a: Kingambit
|-resisted|p2a: Kingambit
|-damage|p2a: Kingambit|71/100
|
|-heal|p2a: Kingambit|77/100|[from] item: Leftovers
|upkeep
|turn|25
|
|t:|1759033338
|switch|p1a: Zamazenta|Zamazenta|100/100
|-ability|p1a: Zamazenta|Dauntless Shield|boost
|-boost|p1a: Zamazenta|def|1
|move|p2a: Kingambit|Iron Head|p1a: Zamazenta
|-damage|p1a: Zamazenta|60/100
|
|-heal|p2a: Kingambit|84/100|[from] item: Leftovers
|upkeep
|turn|26
|inactive|AyBalto has 30 seconds left.
|
|t:|1759033368
|move|p1a: Zamazenta|Ice Fang|p2a: Kingambit
|-resisted|p2a: Kingambit
|-damage|p2a: Kingambit|76/100
|-status|p2a: Kingambit|frz
|cant|p2a: Kingambit|frz
|
|-heal|p2a: Kingambit|82/100 frz|[from] item: Leftovers
|upkeep
|turn|27
|
|t:|1759033375
|move|p1a: Zamazenta|Close Combat|p2a: Kingambit
|-supereffective|p2a: Kingambit
|-damage|p2a: Kingambit|0 fnt
|-unboost|p1a: Zamazenta|def|1
|-unboost|p1a: Zamazenta|spd|1
|faint|p2a: Kingambit
|-end|p2a: Kingambit|fallen3|[silent]
|
|upkeep
|
|t:|1759033384
|switch|p2a: Dragapult|Dragapult, M|74/100
|-damage|p2a: Dragapult|62/100|[from] Spikes
|turn|28
|inactive|Goodnight Yubi has 120 seconds left.
|
|t:|1759033394
|move|p2a: Dragapult|Shadow Ball|p1a: Zamazenta
|-damage|p1a: Zamazenta|0 fnt
|faint|p1a: Zamazenta
|
|upkeep
|
|t:|1759033396
|switch|p1a: Hydrapple|Hydrapple, M|100/100
|turn|29
|
|t:|1759033422
|switch|p2a: Landorus|Landorus-Therian, M|51/100
|-ability|p2a: Landorus|Intimidate|boost
|-unboost|p1a: Hydrapple|atk|1
|move|p1a: Hydrapple|Fickle Beam|p2a: Landorus
|-crit|p2a: Landorus
|-damage|p2a: Landorus|0 fnt
|faint|p2a: Landorus
|
|upkeep
|
|t:|1759033426
|switch|p2a: Dragapult|Dragapult, M|62/100
|-damage|p2a: Dragapult|49/100|[from] Spikes
|turn|30
|
|t:|1759033435
|switch|p1a: Tinkaton|Tinkaton, F|49/100
|-damage|p1a: Tinkaton|43/100|[from] Stealth Rock
|-damage|p1a: Tinkaton|30/100|[from] Spikes
|-ability|p1a: Tinkaton|Mold Breaker
|move|p2a: Dragapult|Shadow Ball|p1a: Tinkaton
|-damage|p1a: Tinkaton|0 fnt
|faint|p1a: Tinkaton
|
|upkeep
|
|t:|1759033439
|switch|p1a: Hydrapple|Hydrapple, M|100/100
|turn|31
|
|t:|1759033441
|move|p2a: Dragapult|Shadow Ball|p1a: Hydrapple
|-damage|p1a: Hydrapple|51/100
|move|p1a: Hydrapple|Fickle Beam|p2a: Dragapult
|-supereffective|p2a: Dragapult
|-damage|p2a: Dragapult|0 fnt
|faint|p2a: Dragapult
|
|win|Goodnight Yubi
|raw|Goodnight Yubi's rating: 1555 &rarr; <strong>1576</strong><br />(+21 for winning)
|raw|AyBalto's rating: 1575 &rarr; <strong>1554</strong><br />(-21 for losing)
|l|☆Goodnight Yubi
|player|p1|
|l|☆AyBalto
|player|p2|
