|j|☆Cardsten
|j|☆masonthechef
|t:|1758937608
|gametype|singles
|player|p1|Cardsten|102|1268
|player|p2|masonthechef|pryce|1299
|gen|9
|tier|[Gen 9] OU
|rated|
|rule|HP Percentage Mod: HP is shown in percentages
|rule|Endless Battle Clause: Forcing endless battles is banned
|rule|Species Clause: Limit one of each Pokémon
|rule|OHKO Clause: OHKO moves are banned
|rule|Evasion Items Clause: Evasion items are banned
|rule|Evasion Moves Clause: Evasion moves are banned
|rule|Evasion Abilities Clause: Evasion abilities are banned
|rule|Sleep Moves Clause: Sleep-inducing moves are banned
|clearpoke
|poke|p1|Scizor, M|
|poke|p1|Landorus-Therian, M|
|poke|p1|Pecharunt|
|poke|p1|Zamazenta-*|
|poke|p1|Samurott-Hisui, F|
|poke|p1|Raging Bolt|
|poke|p2|Goodra-Hisui, M|
|poke|p2|Sinistcha|
|poke|p2|Alomomola, M|
|poke|p2|Kingambit, F|
|poke|p2|Hitmontop, M|
|poke|p2|Dragapult, F|
|teampreview
|inactive|Battle timer is ON: inactive players will automatically lose when time's up. (requested by Cardsten)
|
|t:|1758937631
|teamsize|p1|6
|teamsize|p2|6
|start
|switch|p1a: Scizor|Scizor, M|100/100
|switch|p2a: Sencha|Sinistcha|100/100
|turn|1
|
|t:|1758937641
|move|p1a: Scizor|Knock Off|p2a: Sencha
|-supereffective|p2a: Sencha
|-damage|p2a: Sencha|0 fnt
|-enditem|p2a: Sencha|Sitrus Berry|[from] move: Knock Off|[of] p1a: Scizor
|faint|p2a: Sencha
|
|upkeep
|
|t:|1758937650
|switch|p2a: Peppercorn|Dragapult, F|100/100
|turn|2
|
|t:|1758937656
|switch|p1a: Samurott|Samurott-Hisui, F|100/100
|move|p2a: Peppercorn|Flamethrower|p1a: Samurott
|-resisted|p1a: Samurott
|-damage|p1a: Samurott|86/100
|-status|p1a: Samurott|brn
|
|-damage|p1a: Samurott|80/100 brn|[from] brn
|upkeep
|turn|3
|
|t:|1758937669
|switch|p2a: CinnamonRoll|Goodra-Hisui, M|100/100
|move|p1a: Samurott|Ceaseless Edge|p2a: CinnamonRoll
|-damage|p2a: CinnamonRoll|86/100
|-sidestart|p2: masonthechef|Spikes
|
|-heal|p2a: CinnamonRoll|92/100|[from] item: Leftovers
|-damage|p1a: Samurott|74/100 brn|[from] brn
|upkeep
|turn|4
|
|t:|1758937682
|move|p1a: Samurott|Knock Off|p2a: CinnamonRoll
|-crit|p2a: CinnamonRoll
|-damage|p2a: CinnamonRoll|72/100
|-enditem|p2a: CinnamonRoll|Leftovers|[from] move: Knock Off|[of] p1a: Samurott
|move|p2a: CinnamonRoll|Shelter|p2a: CinnamonRoll
|-boost|p2a: CinnamonRoll|def|2
|
|-damage|p1a: Samurott|68/100 brn|[from] brn
|upkeep
|turn|5
|
|t:|1758937702
|switch|p1a: Landorus|Landorus-Therian, M|100/100
|-ability|p1a: Landorus|Intimidate|boost
|-unboost|p2a: CinnamonRoll|atk|1
|move|p2a: CinnamonRoll|Body Press|p1a: Landorus
|-resisted|p1a: Landorus
|-damage|p1a: Landorus|77/100
|-damage|p2a: CinnamonRoll|55/100|[from] item: Rocky Helmet|[of] p1a: Landorus
|
|upkeep
|turn|6
|
|t:|1758937713
|-terastallize|p2a: CinnamonRoll|Ghost
|move|p1a: Landorus|Taunt|p2a: CinnamonRoll
|-start|p2a: CinnamonRoll|move: Taunt
|cant|p2a: CinnamonRoll|move: Taunt|Life Dew
|
|upkeep
|turn|7
|
|t:|1758937721
|move|p1a: Landorus|Stealth Rock|p2a: CinnamonRoll
|-sidestart|p2: masonthechef|move: Stealth Rock
|move|p2a: CinnamonRoll|Dragon Tail|p1a: Landorus|[miss]
|-miss|p2a: CinnamonRoll|p1a: Landorus
|
|upkeep
|turn|8
|
|t:|1758937727
|move|p1a: Landorus|Earth Power|p2a: CinnamonRoll
|-damage|p2a: CinnamonRoll|34/100
|move|p2a: CinnamonRoll|Body Press|p1a: Landorus
|-resisted|p1a: Landorus
|-damage|p1a: Landorus|50/100
|-damage|p2a: CinnamonRoll|18/100|[from] item: Rocky Helmet|[of] p1a: Landorus
|
|-end|p2a: CinnamonRoll|move: Taunt
|upkeep
|turn|9
|
|t:|1758937738
|move|p1a: Landorus|Taunt|p2a: CinnamonRoll
|-start|p2a: CinnamonRoll|move: Taunt
|move|p2a: CinnamonRoll|Dragon Tail|p1a: Landorus
|-damage|p1a: Landorus|39/100
|-damage|p2a: CinnamonRoll|1/100|[from] item: Rocky Helmet|[of] p1a: Landorus
|drag|p1a: Zamazenta|Zamazenta|100/100
|-ability|p1a: Zamazenta|Dauntless Shield|boost
|-boost|p1a: Zamazenta|def|1
|
|upkeep
|turn|10
|
|t:|1758937752
|move|p1a: Zamazenta|Crunch|p2a: CinnamonRoll
|-supereffective|p2a: CinnamonRoll
|-damage|p2a: CinnamonRoll|0 fnt
|faint|p2a: CinnamonRoll
|
|upkeep
|
|t:|1758937761
|switch|p2a: Basil|Hitmontop, M|100/100
|-damage|p2a: Basil|88/100|[from] Spikes
|-damage|p2a: Basil|82/100|[from] Stealth Rock
|-ability|p2a: Basil|Intimidate|boost
|-unboost|p1a: Zamazenta|atk|1
|turn|11
|
|t:|1758937776
|switch|p1a: Landorus|Landorus-Therian, M|39/100
|-ability|p1a: Landorus|Intimidate|boost
|-unboost|p2a: Basil|atk|1
|-enditem|p2a: Basil|Eject Pack
|
|t:|1758937783
|switch|p2a: Aloe Vera|Alomomola, M|100/100
|
|upkeep
|turn|12
|
|t:|1758937794
|move|p1a: Landorus|Taunt|p2a: Aloe Vera
|-start|p2a: Aloe Vera|move: Taunt
|move|p2a: Aloe Vera|Scald|p1a: Landorus
|-supereffective|p1a: Landorus
|-damage|p1a: Landorus|9/100
|-status|p1a: Landorus|brn
|
|-damage|p1a: Landorus|3/100 brn|[from] brn
|upkeep
|turn|13
|
|t:|1758937806
|move|p1a: Landorus|U-turn|p2a: Aloe Vera
|-damage|p2a: Aloe Vera|94/100
|
|t:|1758937819
|switch|p1a: Samurott|Samurott-Hisui, F|68/100 brn|[from] U-turn
|move|p2a: Aloe Vera|Flip Turn|p1a: Samurott
|-resisted|p1a: Samurott
|-damage|p1a: Samurott|60/100 brn
|
|t:|1758937825
|switch|p2a: Basil|Hitmontop, M|82/100|[from] Flip Turn
|-damage|p2a: Basil|69/100|[from] Spikes
|-damage|p2a: Basil|63/100|[from] Stealth Rock
|-ability|p2a: Basil|Intimidate|boost
|-unboost|p1a: Samurott|atk|1
|
|-damage|p1a: Samurott|54/100 brn|[from] brn
|upkeep
|turn|14
|
|t:|1758937839
|switch|p1a: Pecharunt|Pecharunt|100/100
|move|p2a: Basil|Rapid Spin|p1a: Pecharunt
|-immune|p1a: Pecharunt
|
|upkeep
|turn|15
|
|t:|1758937848
|switch|p2a: Cleaver|Kingambit, F|100/100
|-damage|p2a: Cleaver|88/100|[from] Spikes
|-damage|p2a: Cleaver|82/100|[from] Stealth Rock
|move|p1a: Pecharunt|Malignant Chain|p2a: Cleaver
|-immune|p2a: Cleaver
|
|upkeep
|turn|16
|
|t:|1758937863
|move|p1a: Pecharunt|Parting Shot|p2a: Cleaver
|-unboost|p2a: Cleaver|atk|1
|-ability|p2a: Cleaver|Defiant|boost
|-boost|p2a: Cleaver|atk|2
|-unboost|p2a: Cleaver|spa|1
|-ability|p2a: Cleaver|Defiant|boost
|-boost|p2a: Cleaver|atk|2
|
|t:|1758937872
|switch|p1a: Landorus|Landorus-Therian, M|3/100 brn|[from] Parting Shot
|-ability|p1a: Landorus|Intimidate|boost
|-unboost|p2a: Cleaver|atk|1
|-ability|p2a: Cleaver|Defiant|boost
|-boost|p2a: Cleaver|atk|2
|move|p2a: Cleaver|Throat Chop|p1a: Landorus
|-crit|p1a: Landorus
|-damage|p1a: Landorus|0 fnt
|-damage|p2a: Cleaver|65/100|[from] item: Rocky Helmet|[of] p1a: Landorus
|faint|p1a: Landorus
|
|upkeep
|inactive|Cardsten has 120 seconds left.
|
|t:|1758937907
|switch|p1a: Zamazenta|Zamazenta|100/100
|turn|17
|
|t:|1758937913
|switch|p2a: Peppercorn|Dragapult, F|100/100
|-damage|p2a: Peppercorn|88/100|[from] Spikes
|-damage|p2a: Peppercorn|76/100|[from] Stealth Rock
|move|p1a: Zamazenta|Close Combat|p2a: Peppercorn
|-immune|p2a: Peppercorn
|
|upkeep
|turn|18
|
|t:|1758937929
|move|p2a: Peppercorn|Draco Meteor|p1a: Zamazenta
|-damage|p1a: Zamazenta|26/100
|-unboost|p2a: Peppercorn|spa|2
|move|p1a: Zamazenta|Crunch|p2a: Peppercorn
|-supereffective|p2a: Peppercorn
|-damage|p2a: Peppercorn|0 fnt
|faint|p2a: Peppercorn
|
|upkeep
|
|t:|1758937938
|switch|p2a: Aloe Vera|Alomomola, M|100/100
|turn|19
|
|t:|1758937950
|switch|p1a: Samurott|Samurott-Hisui, F|54/100 brn
|move|p2a: Aloe Vera|Wish|p2a: Aloe Vera
|
|-damage|p1a: Samurott|48/100 brn|[from] brn
|upkeep
|turn|20
|
|t:|1758937960
|move|p1a: Samurott|Knock Off|p2a: Aloe Vera
|-damage|p2a: Aloe Vera|85/100
|-enditem|p2a: Aloe Vera|Heavy-Duty Boots|[from] move: Knock Off|[of] p1a: Samurott
|move|p2a: Aloe Vera|Flip Turn|p1a: Samurott
|-resisted|p1a: Samurott
|-damage|p1a: Samurott|41/100 brn
|
|t:|1758937967
|switch|p2a: Basil|Hitmontop, M|63/100|[from] Flip Turn
|-damage|p2a: Basil|50/100|[from] Spikes
|-damage|p2a: Basil|44/100|[from] Stealth Rock
|-ability|p2a: Basil|Intimidate|boost
|-unboost|p1a: Samurott|atk|1
|
|-heal|p2a: Basil|100/100|[from] move: Wish|[wisher] Aloe Vera
|-damage|p1a: Samurott|35/100 brn|[from] brn
|upkeep
|turn|21
|inactive|Cardsten has 120 seconds left.
|
|t:|1758937982
|switch|p1a: Pecharunt|Pecharunt|100/100
|move|p2a: Basil|Earthquake|p1a: Pecharunt
|-supereffective|p1a: Pecharunt
|-damage|p1a: Pecharunt|73/100
|
|upkeep
|turn|22
|inactive|Cardsten has 120 seconds left.
|
|t:|1758937990
|switch|p2a: Cleaver|Kingambit, F|65/100
|-damage|p2a: Cleaver|53/100|[from] Spikes
|-damage|p2a: Cleaver|47/100|[from] Stealth Rock
|move|p1a: Pecharunt|Shadow Ball|p2a: Cleaver
|-resisted|p2a: Cleaver
|-damage|p2a: Cleaver|34/100
|-unboost|p2a: Cleaver|spd|1
|-ability|p2a: Cleaver|Defiant|boost
|-boost|p2a: Cleaver|atk|2
|
|upkeep
|turn|23
|inactive|Cardsten has 120 seconds left.
|
|t:|1758938026
|-terastallize|p1a: Pecharunt|Dark
|move|p1a: Pecharunt|Shadow Ball|p2a: Cleaver
|-resisted|p2a: Cleaver
|-damage|p2a: Cleaver|15/100
|move|p2a: Cleaver|Throat Chop|p1a: Pecharunt
|-resisted|p1a: Pecharunt
|-damage|p1a: Pecharunt|48/100
|-start|p1a: Pecharunt|Throat Chop|[silent]
|
|upkeep
|turn|24
|
|t:|1758938041
|switch|p2a: Aloe Vera|Alomomola, M|100/100
|-damage|p2a: Aloe Vera|88/100|[from] Spikes
|-damage|p2a: Aloe Vera|76/100|[from] Stealth Rock
|move|p1a: Pecharunt|Recover|p1a: Pecharunt
|-heal|p1a: Pecharunt|98/100
|
|-end|p1a: Pecharunt|Throat Chop|[silent]
|upkeep
|turn|25
|
|t:|1758938052
|move|p1a: Pecharunt|Malignant Chain|p2a: Aloe Vera
|-damage|p2a: Aloe Vera|53/100
|move|p2a: Aloe Vera|Wish|p2a: Aloe Vera
|
|upkeep
|turn|26
|
|t:|1758938059
|move|p1a: Pecharunt|Malignant Chain|p2a: Aloe Vera
|-damage|p2a: Aloe Vera|29/100
|move|p2a: Aloe Vera|Flip Turn|p1a: Pecharunt
|-damage|p1a: Pecharunt|92/100
|
|t:|1758938065
|switch|p2a: Cleaver|Kingambit, F|15/100|[from] Flip Turn
|-damage|p2a: Cleaver|3/100|[from] Spikes
|-damage|p2a: Cleaver|0 fnt|[from] Stealth Rock
|faint|p2a: Cleaver
|
|upkeep
|
|t:|1758938074
|switch|p2a: Basil|Hitmontop, M|100/100
|-damage|p2a: Basil|88/100|[from] Spikes
|-damage|p2a: Basil|82/100|[from] Stealth Rock
|-ability|p2a: Basil|Intimidate|boost
|-unboost|p1a: Pecharunt|atk|1
|turn|27
|inactive|Cardsten has 120 seconds left.
|
|t:|1758938083
|move|p1a: Pecharunt|Malignant Chain|p2a: Basil
|-damage|p2a: Basil|45/100
|-status|p2a: Basil|tox
|-start|p2a: Basil|confusion|[from] ability: Poison Puppeteer|[of] p1a: Pecharunt
|-activate|p2a: Basil|confusion
|-damage|p2a: Basil|31/100 tox|[from] confusion
|
|-damage|p2a: Basil|25/100 tox|[from] psn
|upkeep
|turn|28
|-message|masonthechef forfeited.
|
|win|Cardsten
|raw|Cardsten's rating: 1268 &rarr; <strong>1295</strong><br />(+27 for winning)
|raw|masonthechef's rating: 1299 &rarr; <strong>1272</strong><br />(-27 for losing)
|l|☆masonthechef
|player|p2|
