|j|☆B!ngChiLing
|j|☆InotspeakEnglish
|t:|1759072536
|gametype|singles
|player|p1|B!ngChiLing|dragontamer|1405
|player|p2|InotspeakEnglish|266|1388
|gen|9
|tier|[Gen 9] OU
|rated|
|rule|HP Percentage Mod: HP is shown in percentages
|rule|Endless Battle Clause: Forcing endless battles is banned
|rule|Species Clause: Limit one of each Pokémon
|rule|OHKO Clause: OHKO moves are banned
|rule|Evasion Items Clause: Evasion items are banned
|rule|Evasion Moves Clause: Evasion moves are banned
|rule|Evasion Abilities Clause: Evasion abilities are banned
|rule|Sleep Moves Clause: Sleep-inducing moves are banned
|clearpoke
|poke|p1|Cinderace, M|
|poke|p1|Raging Bolt|
|poke|p1|Quaquaval, F|
|poke|p1|Meowscarada, M|
|poke|p1|Barraskewda, M|
|poke|p1|Thundurus-Therian, M|
|poke|p2|Maushold-Four|
|poke|p2|Great Tusk|
|poke|p2|Raging Bolt|
|poke|p2|Grafaiai, F|
|poke|p2|Pecharunt|
|poke|p2|Scizor, F|
|teampreview
|inactive|Battle timer is ON: inactive players will automatically lose when time's up. (requested by B!ngChiLing)
|
|t:|1759072552
|teamsize|p1|6
|teamsize|p2|6
|start
|switch|p1a: Cinderace|Cinderace, M|100/100
|switch|p2a: Grafaiai|Grafaiai, F|100/100
|turn|1
|
|t:|1759072560
|move|p1a: Cinderace|U-turn|p2a: Grafaiai
|-resisted|p2a: Grafaiai
|-damage|p2a: Grafaiai|89/100
|-damage|p1a: Cinderace|84/100|[from] item: Rocky Helmet|[of] p2a: Grafaiai
|
|t:|1759072564
|switch|p1a: Thundurus|Thundurus-Therian, M|100/100|[from] U-turn
|move|p2a: Grafaiai|Knock Off|p1a: Thundurus
|-damage|p1a: Thundurus|68/100
|-enditem|p1a: Thundurus|Choice Scarf|[from] move: Knock Off|[of] p2a: Grafaiai
|
|upkeep
|turn|2
|
|t:|1759072575
|move|p2a: Grafaiai|Parting Shot|p1a: Thundurus
|-unboost|p1a: Thundurus|atk|1
|-unboost|p1a: Thundurus|spa|1
|
|t:|1759072577
|switch|p2a: Great Tusk|Great Tusk|100/100|[from] Parting Shot
|move|p1a: Thundurus|Volt Switch|p2a: Great Tusk
|-immune|p2a: Great Tusk
|
|upkeep
|turn|3
|
|t:|1759072581
|switch|p1a: Quaquaval|Quaquaval, F|100/100
|move|p2a: Great Tusk|Rapid Spin|p1a: Quaquaval
|-damage|p1a: Quaquaval|76/100
|-boost|p2a: Great Tusk|spe|1
|
|upkeep
|turn|4
|
|t:|1759072583
|move|p2a: Great Tusk|Supercell Slam|p1a: Quaquaval
|-supereffective|p1a: Quaquaval
|-damage|p1a: Quaquaval|0 fnt
|faint|p1a: Quaquaval
|
|upkeep
|
|t:|1759072587
|switch|p1a: Barraskewda|Barraskewda, M|100/100
|turn|5
|
|t:|1759072599
|-end|p2a: Great Tusk|Protosynthesis|[silent]
|switch|p2a: Pecharunt|Pecharunt|100/100
|move|p1a: Barraskewda|Flip Turn|p2a: Pecharunt
|-damage|p2a: Pecharunt|82/100
|
|t:|1759072602
|switch|p1a: Meowscarada|Meowscarada, M|100/100|[from] Flip Turn
|
|-heal|p2a: Pecharunt|88/100|[from] item: Leftovers
|upkeep
|turn|6
|
|t:|1759072605
|move|p1a: Meowscarada|Knock Off|p2a: Pecharunt
|-start|p1a: Meowscarada|typechange|Dark|[from] ability: Protean
|-supereffective|p2a: Pecharunt
|-damage|p2a: Pecharunt|27/100
|-enditem|p2a: Pecharunt|Leftovers|[from] move: Knock Off|[of] p1a: Meowscarada
|move|p2a: Pecharunt|Parting Shot|p1a: Meowscarada
|-unboost|p1a: Meowscarada|atk|1
|-unboost|p1a: Meowscarada|spa|1
|
|t:|1759072612
|switch|p2a: Great Tusk|Great Tusk|100/100|[from] Parting Shot
|
|upkeep
|turn|7
|
|t:|1759072622
|switch|p1a: Cinderace|Cinderace, M|84/100
|move|p2a: Great Tusk|Rapid Spin|p1a: Cinderace
|-damage|p1a: Cinderace|57/100
|-boost|p2a: Great Tusk|spe|1
|
|upkeep
|turn|8
|
|t:|1759072625
|move|p1a: Cinderace|U-turn|p2a: Great Tusk
|-resisted|p2a: Great Tusk
|-damage|p2a: Great Tusk|91/100
|
|t:|1759072628
|switch|p1a: Barraskewda|Barraskewda, M|100/100|[from] U-turn
|move|p2a: Great Tusk|Headlong Rush|p1a: Barraskewda
|-damage|p1a: Barraskewda|0 fnt
|-unboost|p2a: Great Tusk|def|1
|-unboost|p2a: Great Tusk|spd|1
|faint|p1a: Barraskewda
|
|upkeep
|
|t:|1759072630
|switch|p1a: Meowscarada|Meowscarada, M|100/100
|turn|9
|
|t:|1759072633
|-terastallize|p2a: Great Tusk|Ice
|move|p1a: Meowscarada|U-turn|p2a: Great Tusk
|-start|p1a: Meowscarada|typechange|Bug|[from] ability: Protean
|-damage|p2a: Great Tusk|54/100
|-message|B!ngChiLing forfeited.
|
|win|InotspeakEnglish
|raw|B!ngChiLing's rating: 1405 &rarr; <strong>1384</strong><br />(-21 for losing)
|raw|InotspeakEnglish's rating: 1388 &rarr; <strong>1409</strong><br />(+21 for winning)
|l|☆B!ngChiLing
|player|p1|
|l|☆InotspeakEnglish
|player|p2|
