|j|☆ComfortablyBrum
|j|☆franciscodragon1
|t:|1758967022
|gametype|singles
|player|p1|ComfortablyBrum|169|1079
|player|p2|franciscodragon1|pokemaniac|1105
|gen|9
|tier|[Gen 9] OU
|rated|
|rule|HP Percentage Mod: HP is shown in percentages
|rule|Endless Battle Clause: Forcing endless battles is banned
|rule|Species Clause: Limit one of each Pokémon
|rule|OHKO Clause: OHKO moves are banned
|rule|Evasion Items Clause: Evasion items are banned
|rule|Evasion Moves Clause: Evasion moves are banned
|rule|Evasion Abilities Clause: Evasion abilities are banned
|rule|Sleep Moves Clause: Sleep-inducing moves are banned
|clearpoke
|poke|p1|Arboliva, F|
|poke|p1|Hitmonlee, M|
|poke|p1|Alomomola, M|
|poke|p1|Ting-Lu|
|poke|p1|Grafaiai, M|
|poke|p1|Vikavolt, M|
|poke|p2|Morpeko, F|
|poke|p2|Hatterene, F|
|poke|p2|Slither Wing|
|poke|p2|Toxicroak, F|
|poke|p2|Gliscor, M|
|poke|p2|Kyurem|
|teampreview
|inactive|Battle timer is ON: inactive players will automatically lose when time's up. (requested by franciscodragon1)
|
|t:|1758967030
|teamsize|p1|6
|teamsize|p2|6
|start
|switch|p1a: Arboliva|Arboliva, F|100/100
|switch|p2a: Morpeko|Morpeko, F|100/100
|turn|1
|
|t:|1758967043
|move|p2a: Morpeko|Parting Shot|p1a: Arboliva
|-unboost|p1a: Arboliva|atk|1
|-unboost|p1a: Arboliva|spa|1
|
|t:|1758967049
|switch|p2a: Toxicroak|Toxicroak, F|100/100|[from] Parting Shot
|move|p1a: Arboliva|Substitute|p1a: Arboliva
|-start|p1a: Arboliva|Substitute
|-damage|p1a: Arboliva|75/100
|
|-heal|p1a: Arboliva|82/100|[from] item: Leftovers
|upkeep
|turn|2
|
|t:|1758967057
|move|p2a: Toxicroak|Gunk Shot|p1a: Arboliva
|-supereffective|p1a: Arboliva
|-end|p1a: Arboliva|Substitute
|-damage|p2a: Toxicroak|91/100|[from] item: Life Orb
|move|p1a: Arboliva|Leech Seed|p2a: Toxicroak
|-start|p2a: Toxicroak|move: Leech Seed
|
|-heal|p1a: Arboliva|88/100|[from] item: Leftovers
|-damage|p2a: Toxicroak|78/100|[from] Leech Seed|[of] p1a: Arboliva
|-heal|p1a: Arboliva|98/100|[silent]
|upkeep
|turn|3
|
|t:|1758967079
|-terastallize|p1a: Arboliva|Ground
|move|p2a: Toxicroak|Close Combat|p1a: Arboliva
|-crit|p1a: Arboliva
|-damage|p1a: Arboliva|15/100
|-unboost|p2a: Toxicroak|def|1
|-unboost|p2a: Toxicroak|spd|1
|-fieldstart|move: Grassy Terrain|[from] ability: Seed Sower|[of] p1a: Arboliva
|-damage|p2a: Toxicroak|69/100|[from] item: Life Orb
|move|p1a: Arboliva|Earth Power|p2a: Toxicroak
|-supereffective|p2a: Toxicroak
|-damage|p2a: Toxicroak|0 fnt
|faint|p2a: Toxicroak
|
|-heal|p1a: Arboliva|22/100|[from] Grassy Terrain
|-heal|p1a: Arboliva|28/100|[from] item: Leftovers
|upkeep
|
|t:|1758967100
|switch|p2a: Gliscor|Gliscor, M|100/100
|turn|4
|
|t:|1758967106
|move|p2a: Gliscor|Knock Off|p1a: Arboliva
|-damage|p1a: Arboliva|9/100
|-enditem|p1a: Arboliva|Leftovers|[from] move: Knock Off|[of] p2a: Gliscor
|move|p1a: Arboliva|Giga Drain|p2a: Gliscor
|-damage|p2a: Gliscor|76/100
|-heal|p1a: Arboliva|21/100|[from] drain|[of] p2a: Gliscor
|
|-heal|p1a: Arboliva|27/100|[from] Grassy Terrain
|-status|p2a: Gliscor|tox|[from] item: Toxic Orb
|upkeep
|turn|5
|
|t:|1758967134
|switch|p1a: Grafaiai|Grafaiai, M|100/100
|move|p2a: Gliscor|U-turn|p1a: Grafaiai
|-resisted|p1a: Grafaiai
|-damage|p1a: Grafaiai|86/100
|inactive|franciscodragon1 has 120 seconds left.
|
|t:|1758967160
|switch|p2a: Slither Wing|Slither Wing|100/100|[from] U-turn
|
|-heal|p1a: Grafaiai|92/100|[from] Grassy Terrain
|-heal|p1a: Grafaiai|98/100|[from] item: Black Sludge
|upkeep
|turn|6
|
|t:|1758967173
|move|p1a: Grafaiai|Taunt|p2a: Slither Wing
|-start|p2a: Slither Wing|move: Taunt
|move|p2a: Slither Wing|Close Combat|p1a: Grafaiai
|-damage|p1a: Grafaiai|0 fnt
|-unboost|p2a: Slither Wing|def|1
|-unboost|p2a: Slither Wing|spd|1
|faint|p1a: Grafaiai
|-damage|p2a: Slither Wing|91/100|[from] item: Life Orb
|
|-heal|p2a: Slither Wing|97/100|[from] Grassy Terrain
|upkeep
|inactive|ComfortablyBrum has 120 seconds left.
|
|t:|1758967189
|switch|p1a: Hitmonlee|Hitmonlee, M|100/100
|-enditem|p1a: Hitmonlee|Grassy Seed
|-boost|p1a: Hitmonlee|def|1|[from] item: Grassy Seed
|turn|7
|
|t:|1758967204
|-end|p2a: Slither Wing|Protosynthesis|[silent]
|switch|p2a: Gliscor|Gliscor, M|76/100 tox
|move|p1a: Hitmonlee|Fake Out|p2a: Gliscor
|-damage|p2a: Gliscor|67/100 tox
|
|-heal|p2a: Gliscor|79/100 tox|[from] ability: Poison Heal
|-fieldend|move: Grassy Terrain
|upkeep
|turn|8
|
|t:|1758967219
|move|p1a: Hitmonlee|Knock Off|p2a: Gliscor
|-damage|p2a: Gliscor|57/100 tox
|-enditem|p2a: Gliscor|Toxic Orb|[from] move: Knock Off|[of] p1a: Hitmonlee
|move|p2a: Gliscor|Stealth Rock|p1a: Hitmonlee
|-sidestart|p1: ComfortablyBrum|move: Stealth Rock
|
|-heal|p2a: Gliscor|69/100 tox|[from] ability: Poison Heal
|upkeep
|turn|9
|
|t:|1758967230
|move|p1a: Hitmonlee|Rapid Spin|p2a: Gliscor
|-damage|p2a: Gliscor|57/100 tox
|-boost|p1a: Hitmonlee|spe|1
|-sideend|p1: ComfortablyBrum|Stealth Rock|[from] move: Rapid Spin|[of] p1a: Hitmonlee
|move|p2a: Gliscor|Earthquake|p1a: Hitmonlee
|-damage|p1a: Hitmonlee|51/100
|
|-heal|p2a: Gliscor|70/100 tox|[from] ability: Poison Heal
|upkeep
|turn|10
|
|t:|1758967242
|switch|p1a: Alomomola|Alomomola, M|100/100
|move|p2a: Gliscor|Earthquake|p1a: Alomomola
|-damage|p1a: Alomomola|84/100
|
|-heal|p2a: Gliscor|82/100 tox|[from] ability: Poison Heal
|upkeep
|turn|11
|
|t:|1758967251
|move|p2a: Gliscor|Stealth Rock|p1a: Alomomola
|-sidestart|p1: ComfortablyBrum|move: Stealth Rock
|move|p1a: Alomomola|Scald|p2a: Gliscor
|-supereffective|p2a: Gliscor
|-damage|p2a: Gliscor|53/100 tox
|
|-heal|p2a: Gliscor|66/100 tox|[from] ability: Poison Heal
|upkeep
|turn|12
|
|t:|1758967261
|switch|p2a: Hatterene|Hatterene, F|100/100
|move|p1a: Alomomola|Wish|p1a: Alomomola
|
|upkeep
|turn|13
|
|t:|1758967267
|move|p1a: Alomomola|Scald|p2a: Hatterene
|-damage|p2a: Hatterene|86/100
|move|p2a: Hatterene|Calm Mind|p2a: Hatterene
|-boost|p2a: Hatterene|spa|1
|-boost|p2a: Hatterene|spd|1
|
|-heal|p1a: Alomomola|100/100|[from] move: Wish|[wisher] Alomomola
|-heal|p2a: Hatterene|92/100|[from] item: Leftovers
|upkeep
|turn|14
|
|t:|1758967279
|switch|p1a: Ting-Lu|Ting-Lu|100/100
|-damage|p1a: Ting-Lu|94/100|[from] Stealth Rock
|-ability|p1a: Ting-Lu|Vessel of Ruin
|move|p2a: Hatterene|Future Sight|p1a: Ting-Lu
|-start|p2a: Hatterene|move: Future Sight
|
|-heal|p2a: Hatterene|98/100|[from] item: Leftovers
|upkeep
|turn|15
|
|t:|1758967287
|move|p2a: Hatterene|Draining Kiss|p1a: Ting-Lu
|-supereffective|p1a: Ting-Lu
|-damage|p1a: Ting-Lu|62/100
|-heal|p2a: Hatterene|100/100|[from] drain|[of] p1a: Ting-Lu
|-damage|p2a: Hatterene|84/100|[from] item: Rocky Helmet|[of] p1a: Ting-Lu
|move|p1a: Ting-Lu|Whirlwind|p2a: Hatterene
|move|p2a: Hatterene|Whirlwind|p1a: Ting-Lu|[from] ability: Magic Bounce
|drag|p1a: Alomomola|Alomomola, M|100/100
|
|-heal|p2a: Hatterene|90/100|[from] item: Leftovers
|upkeep
|turn|16
|
|t:|1758967302
|move|p1a: Alomomola|Wish|p1a: Alomomola
|move|p2a: Hatterene|Calm Mind|p2a: Hatterene
|-boost|p2a: Hatterene|spa|1
|-boost|p2a: Hatterene|spd|1
|
|-end|p1a: Alomomola|move: Future Sight
|-damage|p1a: Alomomola|0 fnt
|faint|p1a: Alomomola
|-heal|p2a: Hatterene|96/100|[from] item: Leftovers
|upkeep
|
|t:|1758967319
|switch|p1a: Hitmonlee|Hitmonlee, M|51/100
|-damage|p1a: Hitmonlee|45/100|[from] Stealth Rock
|turn|17
|
|t:|1758967328
|move|p1a: Hitmonlee|Fake Out|p2a: Hatterene
|-damage|p2a: Hatterene|83/100
|cant|p2a: Hatterene|flinch
|
|-heal|p1a: Hitmonlee|100/100|[from] move: Wish|[wisher] Alomomola
|-heal|p2a: Hatterene|89/100|[from] item: Leftovers
|upkeep
|turn|18
|
|t:|1758967338
|switch|p1a: Ting-Lu|Ting-Lu|62/100
|-damage|p1a: Ting-Lu|56/100|[from] Stealth Rock
|-ability|p1a: Ting-Lu|Vessel of Ruin
|move|p2a: Hatterene|Draining Kiss|p1a: Ting-Lu
|-supereffective|p1a: Ting-Lu
|-damage|p1a: Ting-Lu|14/100
|-heal|p2a: Hatterene|100/100|[from] drain|[of] p1a: Ting-Lu
|-damage|p2a: Hatterene|84/100|[from] item: Rocky Helmet|[of] p1a: Ting-Lu
|
|-heal|p2a: Hatterene|90/100|[from] item: Leftovers
|upkeep
|turn|19
|
|t:|1758967349
|move|p1a: Ting-Lu|Ruination|p2a: Hatterene|[miss]
|-miss|p1a: Ting-Lu|p2a: Hatterene
|move|p2a: Hatterene|Draining Kiss|p1a: Ting-Lu
|-supereffective|p1a: Ting-Lu
|-damage|p1a: Ting-Lu|0 fnt
|-heal|p2a: Hatterene|100/100|[from] drain|[of] p1a: Ting-Lu
|-damage|p2a: Hatterene|84/100|[from] item: Rocky Helmet|[of] p1a: Ting-Lu
|faint|p1a: Ting-Lu
|
|-heal|p2a: Hatterene|90/100|[from] item: Leftovers
|upkeep
|
|t:|1758967364
|switch|p1a: Hitmonlee|Hitmonlee, M|100/100
|-damage|p1a: Hitmonlee|94/100|[from] Stealth Rock
|turn|20
|
|t:|1758967368
|move|p1a: Hitmonlee|Fake Out|p2a: Hatterene
|-damage|p2a: Hatterene|76/100
|cant|p2a: Hatterene|flinch
|
|-heal|p2a: Hatterene|82/100|[from] item: Leftovers
|upkeep
|turn|21
|
|t:|1758967374
|move|p1a: Hitmonlee|Knock Off|p2a: Hatterene
|-damage|p2a: Hatterene|52/100
|-enditem|p2a: Hatterene|Leftovers|[from] move: Knock Off|[of] p1a: Hitmonlee
|move|p2a: Hatterene|Draining Kiss|p1a: Hitmonlee
|-supereffective|p1a: Hitmonlee
|-damage|p1a: Hitmonlee|0 fnt
|-heal|p2a: Hatterene|100/100|[from] drain|[of] p1a: Hitmonlee
|faint|p1a: Hitmonlee
|
|upkeep
|c|☆ComfortablyBrum|gg
|-message|ComfortablyBrum forfeited.
|
|win|franciscodragon1
|raw|ComfortablyBrum's rating: 1079 &rarr; <strong>1059</strong><br />(-20 for losing)
|raw|franciscodragon1's rating: 1105 &rarr; <strong>1128</strong><br />(+23 for winning)
|l|☆ComfortablyBrum
|player|p1|
|l|☆franciscodragon1
|player|p2|
