|j|☆upover
|j|☆Tako Chang
|t:|1759037418
|gametype|singles
|player|p1|upover|rocketgrunt|1424
|player|p2|Tako Chang|veteran|1417
|gen|9
|tier|[Gen 9] OU
|rated|
|rule|HP Percentage Mod: HP is shown in percentages
|rule|Endless Battle Clause: Forcing endless battles is banned
|rule|Species Clause: Limit one of each Pokémon
|rule|OHKO Clause: OHKO moves are banned
|rule|Evasion Items Clause: Evasion items are banned
|rule|Evasion Moves Clause: Evasion moves are banned
|rule|Evasion Abilities Clause: Evasion abilities are banned
|rule|Sleep Moves Clause: Sleep-inducing moves are banned
|clearpoke
|poke|p1|Slowbro, F|
|poke|p1|Goodra-Hisui, F|
|poke|p1|Ursaluna, M|
|poke|p1|Rillaboom, M|
|poke|p1|Tinkaton, F|
|poke|p1|Zamazenta-*|
|poke|p2|Greninja-*, M|
|poke|p2|Iron Valiant|
|poke|p2|Dragonite, M|
|poke|p2|Zapdos|
|poke|p2|Serperior, F|
|poke|p2|Ceruledge, M|
|teampreview
|inactive|Battle timer is ON: inactive players will automatically lose when time's up. (requested by upover)
|inactive|Tako Chang also wants the timer to be on.
|
|t:|1759037434
|teamsize|p1|6
|teamsize|p2|6
|start
|switch|p1a: Rillaboom|Rillaboom, M|100/100
|switch|p2a: Ceruledge|Ceruledge, M|100/100
|-fieldstart|move: Grassy Terrain|[from] ability: Grassy Surge|[of] p1a: Rillaboom
|turn|1
|
|t:|1759037443
|switch|p1a: Slowbro|Slowbro, F|100/100
|move|p2a: Ceruledge|Swords Dance|p2a: Ceruledge
|-boost|p2a: Ceruledge|atk|2
|
|upkeep
|turn|2
|
|t:|1759037449
|move|p2a: Ceruledge|Poltergeist|p1a: Slowbro
|-activate|p1a: Slowbro|move: Poltergeist|Rocky Helmet
|-supereffective|p1a: Slowbro
|-damage|p1a: Slowbro|0 fnt
|faint|p1a: Slowbro
|
|upkeep
|
|t:|1759037463
|switch|p1a: Ursaluna|Ursaluna, M|100/100
|turn|3
|
|t:|1759037470
|move|p2a: Ceruledge|Bitter Blade|p1a: Ursaluna
|-damage|p1a: Ursaluna|42/100
|move|p1a: Ursaluna|High Horsepower|p2a: Ceruledge
|-supereffective|p2a: Ceruledge
|-enditem|p2a: Ceruledge|Focus Sash
|-damage|p2a: Ceruledge|1/100
|-ability|p2a: Ceruledge|Weak Armor|boost
|-unboost|p2a: Ceruledge|def|1
|-boost|p2a: Ceruledge|spe|2
|
|-heal|p2a: Ceruledge|7/100|[from] Grassy Terrain
|-heal|p1a: Ursaluna|48/100|[from] Grassy Terrain
|-heal|p1a: Ursaluna|54/100|[from] item: Leftovers
|upkeep
|turn|4
|
|t:|1759037482
|move|p1a: Ursaluna|Protect|p1a: Ursaluna
|-singleturn|p1a: Ursaluna|Protect
|move|p2a: Ceruledge|Bitter Blade|p1a: Ursaluna
|-activate|p1a: Ursaluna|move: Protect
|
|-heal|p2a: Ceruledge|13/100|[from] Grassy Terrain
|-heal|p1a: Ursaluna|60/100|[from] Grassy Terrain
|-heal|p1a: Ursaluna|67/100|[from] item: Leftovers
|upkeep
|turn|5
|
|t:|1759037490
|move|p2a: Ceruledge|Bitter Blade|p1a: Ursaluna
|-damage|p1a: Ursaluna|0 fnt
|-heal|p2a: Ceruledge|66/100|[from] drain|[of] p1a: Ursaluna
|faint|p1a: Ursaluna
|
|-heal|p2a: Ceruledge|72/100|[from] Grassy Terrain
|upkeep
|
|t:|1759037512
|switch|p1a: Zamazenta|Zamazenta|100/100
|-ability|p1a: Zamazenta|Dauntless Shield|boost
|-boost|p1a: Zamazenta|def|1
|turn|6
|
|t:|1759037516
|move|p2a: Ceruledge|Bitter Blade|p1a: Zamazenta
|-damage|p1a: Zamazenta|53/100
|-heal|p2a: Ceruledge|100/100|[from] drain|[of] p1a: Zamazenta
|move|p1a: Zamazenta|Crunch|p2a: Ceruledge
|-supereffective|p2a: Ceruledge
|-damage|p2a: Ceruledge|4/100
|-unboost|p2a: Ceruledge|def|1
|-ability|p2a: Ceruledge|Weak Armor|boost
|-unboost|p2a: Ceruledge|def|1
|-boost|p2a: Ceruledge|spe|2
|
|-heal|p2a: Ceruledge|10/100|[from] Grassy Terrain
|-heal|p1a: Zamazenta|60/100|[from] Grassy Terrain
|-heal|p1a: Zamazenta|66/100|[from] item: Leftovers
|upkeep
|turn|7
|
|t:|1759037528
|move|p2a: Ceruledge|Bitter Blade|p1a: Zamazenta
|-damage|p1a: Zamazenta|19/100
|-heal|p2a: Ceruledge|41/100|[from] drain|[of] p1a: Zamazenta
|move|p1a: Zamazenta|Crunch|p2a: Ceruledge
|-supereffective|p2a: Ceruledge
|-damage|p2a: Ceruledge|0 fnt
|faint|p2a: Ceruledge
|
|-heal|p1a: Zamazenta|25/100|[from] Grassy Terrain
|-heal|p1a: Zamazenta|31/100|[from] item: Leftovers
|upkeep
|
|t:|1759037547
|switch|p2a: Serperior|Serperior, F|100/100
|turn|8
|
|t:|1759037559
|move|p1a: Zamazenta|Body Press|p2a: Serperior
|-damage|p2a: Serperior|35/100
|move|p2a: Serperior|Leaf Storm|p1a: Zamazenta
|-damage|p1a: Zamazenta|0 fnt
|-boost|p2a: Serperior|spa|2
|faint|p1a: Zamazenta
|
|-heal|p2a: Serperior|41/100|[from] Grassy Terrain
|-heal|p2a: Serperior|47/100|[from] item: Leftovers
|-fieldend|move: Grassy Terrain
|upkeep
|
|t:|1759037566
|switch|p1a: snail|Goodra-Hisui, F|100/100
|turn|9
|
|t:|1759037572
|-terastallize|p2a: Serperior|Fire
|move|p2a: Serperior|Tera Blast|p1a: snail|[anim] Tera Blast Fire
|-damage|p1a: snail|74/100
|move|p1a: snail|Flamethrower|p2a: Serperior
|-resisted|p2a: Serperior
|-damage|p2a: Serperior|27/100
|
|-heal|p2a: Serperior|33/100|[from] item: Leftovers
|upkeep
|turn|10
|
|t:|1759037586
|move|p2a: Serperior|Leaf Storm|p1a: snail
|-ability|p1a: snail|Sap Sipper|boost
|-boost|p1a: snail|atk|1
|move|p1a: snail|Dragon Tail|p2a: Serperior
|-damage|p2a: Serperior|2/100
|drag|p2a: Zapdos|Zapdos|100/100
|
|upkeep
|turn|11
|
|t:|1759037595
|move|p2a: Zapdos|Volt Switch|p1a: snail
|-resisted|p1a: snail
|-damage|p1a: snail|68/100
|
|t:|1759037598
|switch|p2a: Serperior|Serperior, F, tera:Fire|2/100|[from] Volt Switch
|move|p1a: snail|Ice Beam|p2a: Serperior
|-resisted|p2a: Serperior
|-damage|p2a: Serperior|0 fnt
|faint|p2a: Serperior
|
|upkeep
|
|t:|1759037605
|switch|p2a: Iron Valiant|Iron Valiant|100/100
|-enditem|p2a: Iron Valiant|Booster Energy
|-activate|p2a: Iron Valiant|ability: Quark Drive|[fromitem]
|-start|p2a: Iron Valiant|quarkdrivespe
|turn|12
|
|t:|1759037614
|move|p2a: Iron Valiant|Calm Mind|p2a: Iron Valiant
|-boost|p2a: Iron Valiant|spa|1
|-boost|p2a: Iron Valiant|spd|1
|move|p1a: snail|Flash Cannon|p2a: Iron Valiant
|-supereffective|p2a: Iron Valiant
|-damage|p2a: Iron Valiant|0 fnt
|faint|p2a: Iron Valiant
|-end|p2a: Iron Valiant|Quark Drive|[silent]
|
|upkeep
|
|t:|1759037624
|switch|p2a: Dragonite|Dragonite, M|100/100
|turn|13
|
|t:|1759037627
|move|p2a: Dragonite|Dragon Dance|p2a: Dragonite
|-boost|p2a: Dragonite|atk|1
|-boost|p2a: Dragonite|spe|1
|move|p1a: snail|Ice Beam|p2a: Dragonite
|-supereffective|p2a: Dragonite
|-damage|p2a: Dragonite|34/100
|
|upkeep
|turn|14
|
|t:|1759037635
|-terastallize|p1a: snail|Fairy
|move|p2a: Dragonite|Earthquake|p1a: snail
|-damage|p1a: snail|10/100
|move|p1a: snail|Ice Beam|p2a: Dragonite
|-supereffective|p2a: Dragonite
|-damage|p2a: Dragonite|0 fnt
|faint|p2a: Dragonite
|
|upkeep
|
|t:|1759037643
|switch|p2a: Greninja|Greninja, M|100/100
|turn|15
|
|t:|1759037648
|move|p2a: Greninja|Ice Beam|p1a: snail
|-damage|p1a: snail|0 fnt
|faint|p1a: snail
|-ability|p2a: Greninja|Battle Bond|boost
|-boost|p2a: Greninja|atk|1
|-boost|p2a: Greninja|spa|1
|-boost|p2a: Greninja|spe|1
|-activate|p2a: Greninja|ability: Battle Bond
|
|upkeep
|
|t:|1759037655
|switch|p1a: Rillaboom|Rillaboom, M|100/100
|-fieldstart|move: Grassy Terrain|[from] ability: Grassy Surge|[of] p1a: Rillaboom
|turn|16
|
|t:|1759037658
|move|p1a: Rillaboom|Grassy Glide|p2a: Greninja
|-supereffective|p2a: Greninja
|-damage|p2a: Greninja|0 fnt
|faint|p2a: Greninja
|
|upkeep
|
|t:|1759037663
|switch|p2a: Zapdos|Zapdos|100/100
|turn|17
|
|t:|1759037673
|move|p2a: Zapdos|Hurricane|p1a: Rillaboom
|-supereffective|p1a: Rillaboom
|-damage|p1a: Rillaboom|0 fnt
|faint|p1a: Rillaboom
|
|upkeep
|
|t:|1759037675
|switch|p1a: Tinkaton|Tinkaton, F|100/100
|-ability|p1a: Tinkaton|Mold Breaker
|-item|p1a: Tinkaton|Air Balloon
|turn|18
|l|☆Tako Chang
|inactive|Tako Chang disconnected and has a minute to reconnect!
|player|p2|
|j|☆Tako Chang
|inactive|Tako Chang reconnected and has 130 seconds left.
|player|p2|Tako Chang|veteran|
|
|t:|1759037703
|move|p2a: Zapdos|Heat Wave|p1a: Tinkaton
|-supereffective|p1a: Tinkaton
|-damage|p1a: Tinkaton|54/100
|-enditem|p1a: Tinkaton|Air Balloon
|move|p1a: Tinkaton|Gigaton Hammer|p2a: Zapdos
|-resisted|p2a: Zapdos
|-damage|p2a: Zapdos|79/100
|
|-heal|p1a: Tinkaton|60/100|[from] Grassy Terrain
|upkeep
|turn|19
|
|t:|1759037720
|move|p2a: Zapdos|Heat Wave|p1a: Tinkaton
|-supereffective|p1a: Tinkaton
|-damage|p1a: Tinkaton|18/100
|move|p1a: Tinkaton|Thunder Wave|p2a: Zapdos
|-immune|p2a: Zapdos
|
|-heal|p1a: Tinkaton|25/100|[from] Grassy Terrain
|upkeep
|turn|20
|
|t:|1759037728
|move|p2a: Zapdos|Heat Wave|p1a: Tinkaton
|-supereffective|p1a: Tinkaton
|-damage|p1a: Tinkaton|0 fnt
|faint|p1a: Tinkaton
|
|win|Tako Chang
|raw|upover's rating: 1424 &rarr; <strong>1404</strong><br />(-20 for losing)
|raw|Tako Chang's rating: 1417 &rarr; <strong>1437</strong><br />(+20 for winning)
|l|☆upover
|player|p1|
|l|☆Tako Chang
|player|p2|
