|j|☆stonefree_2400
|j|☆darknet_7
|t:|1758990138
|gametype|singles
|player|p1|stonefree_2400|roxie|1202
|player|p2|darknet_7|darach-caitlin|1198
|gen|9
|tier|[Gen 9] OU
|rated|
|rule|HP Percentage Mod: HP is shown in percentages
|rule|Endless Battle Clause: Forcing endless battles is banned
|rule|Species Clause: Limit one of each Pokémon
|rule|OHKO Clause: OHKO moves are banned
|rule|Evasion Items Clause: Evasion items are banned
|rule|Evasion Moves Clause: Evasion moves are banned
|rule|Evasion Abilities Clause: Evasion abilities are banned
|rule|Sleep Moves Clause: Sleep-inducing moves are banned
|clearpoke
|poke|p1|Cinderace, F|
|poke|p1|Conkeldurr, F|
|poke|p1|Quagsire, M|
|poke|p1|Drifblim, M|
|poke|p1|Ambipom, M|
|poke|p1|Corviknight, F|
|poke|p2|Ogerpon-Wellspring, F|
|poke|p2|Kingambit, F|
|poke|p2|Landorus-Therian, M|
|poke|p2|Glimmora, F|
|poke|p2|Dragapult, F|
|poke|p2|Iron Valiant|
|teampreview
|
|t:|1758990149
|teamsize|p1|6
|teamsize|p2|6
|start
|switch|p1a: Ambipom|Ambipom, M|100/100
|switch|p2a: Landorus|Landorus-Therian, M|100/100
|-ability|p2a: Landorus|Intimidate|boost
|-unboost|p1a: Ambipom|atk|1
|turn|1
|
|t:|1758990158
|move|p1a: Ambipom|Fake Out|p2a: Landorus
|-damage|p2a: Landorus|84/100
|-damage|p1a: Ambipom|84/100|[from] item: Rocky Helmet|[of] p2a: Landorus
|cant|p2a: Landorus|flinch
|
|upkeep
|turn|2
|
|t:|1758990166
|switch|p1a: Corviknight|Corviknight, F|100/100
|move|p2a: Landorus|Stealth Rock|p1a: Corviknight
|-sidestart|p1: stonefree_2400|move: Stealth Rock
|
|upkeep
|turn|3
|
|t:|1758990179
|move|p2a: Landorus|U-turn|p1a: Corviknight
|-resisted|p1a: Corviknight
|-damage|p1a: Corviknight|96/100
|-damage|p2a: Landorus|67/100|[from] item: Rocky Helmet|[of] p1a: Corviknight
|
|t:|1758990185
|switch|p2a: Kingambit|Kingambit, F|100/100|[from] U-turn
|move|p1a: Corviknight|Bulk Up|p1a: Corviknight
|-boost|p1a: Corviknight|atk|1
|-boost|p1a: Corviknight|def|1
|
|upkeep
|turn|4
|
|t:|1758990195
|move|p1a: Corviknight|Iron Head|p2a: Kingambit
|-resisted|p2a: Kingambit
|-damage|p2a: Kingambit|83/100
|move|p2a: Kingambit|Swords Dance|p2a: Kingambit
|-boost|p2a: Kingambit|atk|2
|
|-heal|p2a: Kingambit|89/100|[from] item: Leftovers
|upkeep
|turn|5
|
|t:|1758990208
|move|p1a: Corviknight|Iron Head|p2a: Kingambit
|-resisted|p2a: Kingambit
|-damage|p2a: Kingambit|70/100
|move|p2a: Kingambit|Iron Head|p1a: Corviknight
|-resisted|p1a: Corviknight
|-damage|p1a: Corviknight|69/100
|-damage|p2a: Kingambit|53/100|[from] item: Rocky Helmet|[of] p1a: Corviknight
|
|-heal|p2a: Kingambit|60/100|[from] item: Leftovers
|upkeep
|turn|6
|
|t:|1758990218
|move|p1a: Corviknight|Iron Head|p2a: Kingambit
|-resisted|p2a: Kingambit
|-damage|p2a: Kingambit|40/100
|cant|p2a: Kingambit|flinch
|
|-heal|p2a: Kingambit|47/100|[from] item: Leftovers
|upkeep
|turn|7
|
|t:|1758990244
|-end|p2a: Kingambit|fallenundefined|[silent]
|switch|p2a: Dragapult|Dragapult, F|100/100
|move|p1a: Corviknight|Iron Head|p2a: Dragapult
|-damage|p2a: Dragapult|34/100
|
|upkeep
|turn|8
|
|t:|1758990254
|switch|p1a: Cinderace|Cinderace, F|100/100
|move|p2a: Dragapult|Flamethrower|p1a: Cinderace
|-resisted|p1a: Cinderace
|-damage|p1a: Cinderace|74/100
|
|upkeep
|turn|9
|
|t:|1758990272
|switch|p2a: Glimmora|Glimmora, F|100/100
|move|p1a: Cinderace|Sucker Punch||[still]
|-fail|p1a: Cinderace
|
|upkeep
|turn|10
|
|t:|1758990288
|switch|p1a: Quagsire|Quagsire, M|100/100
|-damage|p1a: Quagsire|94/100|[from] Stealth Rock
|move|p2a: Glimmora|Spikes|p1a: Quagsire
|-sidestart|p1: stonefree_2400|Spikes
|
|-heal|p1a: Quagsire|100/100|[from] item: Leftovers
|upkeep
|turn|11
|
|t:|1758990306
|switch|p2a: Landorus|Landorus-Therian, M|67/100
|-ability|p2a: Landorus|Intimidate|boost
|-unboost|p1a: Quagsire|atk|1
|move|p1a: Quagsire|Curse|p1a: Quagsire
|-unboost|p1a: Quagsire|spe|1
|-boost|p1a: Quagsire|atk|1
|-boost|p1a: Quagsire|def|1
|
|upkeep
|turn|12
|
|t:|1758990337
|move|p2a: Landorus|U-turn|p1a: Quagsire
|-damage|p1a: Quagsire|87/100
|
|t:|1758990363
|switch|p2a: Ogerpon|Ogerpon-Wellspring, F|100/100|[from] U-turn
|move|p1a: Quagsire|Curse|p1a: Quagsire
|-unboost|p1a: Quagsire|spe|1
|-boost|p1a: Quagsire|atk|1
|-boost|p1a: Quagsire|def|1
|
|-heal|p1a: Quagsire|93/100|[from] item: Leftovers
|upkeep
|turn|13
|
|t:|1758990387
|move|p2a: Ogerpon|Horn Leech|p1a: Quagsire
|-supereffective|p1a: Quagsire
|-damage|p1a: Quagsire|15/100
|move|p1a: Quagsire|Recover|p1a: Quagsire
|-heal|p1a: Quagsire|65/100
|
|-heal|p1a: Quagsire|72/100|[from] item: Leftovers
|upkeep
|turn|14
|
|t:|1758990399
|-terastallize|p1a: Quagsire|Water
|move|p2a: Ogerpon|Horn Leech|p1a: Quagsire
|-supereffective|p1a: Quagsire
|-damage|p1a: Quagsire|28/100
|move|p1a: Quagsire|Recover|p1a: Quagsire
|-heal|p1a: Quagsire|78/100
|
|-heal|p1a: Quagsire|85/100|[from] item: Leftovers
|upkeep
|turn|15
|
|t:|1758990412
|move|p2a: Ogerpon|Taunt|p1a: Quagsire
|-start|p1a: Quagsire|move: Taunt
|move|p1a: Quagsire|Earthquake|p2a: Ogerpon
|-resisted|p2a: Ogerpon
|-damage|p2a: Ogerpon|69/100
|
|-heal|p1a: Quagsire|91/100|[from] item: Leftovers
|upkeep
|turn|16
|
|t:|1758990424
|move|p2a: Ogerpon|Horn Leech|p1a: Quagsire
|-supereffective|p1a: Quagsire
|-damage|p1a: Quagsire|52/100
|-heal|p2a: Ogerpon|94/100|[from] drain|[of] p1a: Quagsire
|move|p1a: Quagsire|Earthquake|p2a: Ogerpon
|-resisted|p2a: Ogerpon
|-damage|p2a: Ogerpon|65/100
|
|-heal|p1a: Quagsire|58/100|[from] item: Leftovers
|upkeep
|turn|17
|
|t:|1758990440
|switch|p1a: Corviknight|Corviknight, F|69/100
|-damage|p1a: Corviknight|57/100|[from] Stealth Rock
|move|p2a: Ogerpon|Horn Leech|p1a: Corviknight
|-resisted|p1a: Corviknight
|-damage|p1a: Corviknight|48/100
|-heal|p2a: Ogerpon|71/100|[from] drain|[of] p1a: Corviknight
|-damage|p2a: Ogerpon|54/100|[from] item: Rocky Helmet|[of] p1a: Corviknight
|
|upkeep
|turn|18
|
|t:|1758990452
|-terastallize|p2a: Ogerpon|Water
|detailschange|p2a: Ogerpon|Ogerpon-Wellspring-Tera, F, tera:Water
|-ability|p2a: Ogerpon|Embody Aspect (Wellspring)|boost
|-boost|p2a: Ogerpon|spd|1
|move|p2a: Ogerpon|Ivy Cudgel|p1a: Corviknight|[anim] Ivy Cudgel Water
|-damage|p1a: Corviknight|0 fnt
|faint|p1a: Corviknight
|
|upkeep
|
|t:|1758990468
|switch|p1a: Ambipom|Ambipom, M|84/100
|-damage|p1a: Ambipom|72/100|[from] Stealth Rock
|-damage|p1a: Ambipom|59/100|[from] Spikes
|turn|19
|
|t:|1758990477
|switch|p2a: Landorus|Landorus-Therian, M|67/100
|-ability|p2a: Landorus|Intimidate|boost
|-unboost|p1a: Ambipom|atk|1
|move|p1a: Ambipom|Fake Out|p2a: Landorus
|-damage|p2a: Landorus|50/100
|-damage|p1a: Ambipom|43/100|[from] item: Rocky Helmet|[of] p2a: Landorus
|
|upkeep
|turn|20
|
|t:|1758990492
|move|p1a: Ambipom|Knock Off|p2a: Landorus
|-damage|p2a: Landorus|31/100
|-damage|p1a: Ambipom|26/100|[from] item: Rocky Helmet|[of] p2a: Landorus
|-enditem|p2a: Landorus|Rocky Helmet|[from] move: Knock Off|[of] p1a: Ambipom
|move|p2a: Landorus|Earthquake|p1a: Ambipom
|-damage|p1a: Ambipom|0 fnt
|faint|p1a: Ambipom
|
|upkeep
|
|t:|1758990505
|switch|p1a: Drifblim|Drifblim, M|100/100
|-damage|p1a: Drifblim|75/100|[from] Stealth Rock
|turn|21
|
|t:|1758990517
|switch|p2a: Glimmora|Glimmora, F|100/100
|move|p1a: Drifblim|Strength Sap|p2a: Glimmora
|-unboost|p2a: Glimmora|atk|1
|-heal|p1a: Drifblim|100/100
|
|-status|p1a: Drifblim|brn|[from] item: Flame Orb
|upkeep
|turn|22
|
|t:|1758990528
|move|p2a: Glimmora|Spikes|p1a: Drifblim
|-sidestart|p1: stonefree_2400|Spikes
|move|p1a: Drifblim|Psychic|p2a: Glimmora
|-supereffective|p2a: Glimmora
|-damage|p2a: Glimmora|3/100
|
|-damage|p1a: Drifblim|94/100 brn|[from] brn
|upkeep
|turn|23
|
|t:|1758990536
|move|p2a: Glimmora|Meteor Beam||[still]
|-prepare|p2a: Glimmora|Meteor Beam
|-boost|p2a: Glimmora|spa|1
|-enditem|p2a: Glimmora|Power Herb
|-anim|p2a: Glimmora|Meteor Beam|p1a: Drifblim
|-supereffective|p1a: Drifblim
|-damage|p1a: Drifblim|0 fnt
|faint|p1a: Drifblim
|
|upkeep
|
|t:|1758990541
|switch|p1a: Cinderace|Cinderace, F|74/100
|turn|24
|
|t:|1758990552
|move|p1a: Cinderace|Pyro Ball|p2a: Glimmora
|-resisted|p2a: Glimmora
|-damage|p2a: Glimmora|0 fnt
|-activate|p2a: Glimmora|ability: Toxic Debris
|-sidestart|p1: stonefree_2400|move: Toxic Spikes
|faint|p2a: Glimmora
|
|upkeep
|
|t:|1758990568
|switch|p2a: Dragapult|Dragapult, F|34/100
|turn|25
|
|t:|1758990580
|move|p1a: Cinderace|Sucker Punch|p2a: Dragapult
|-start|p1a: Cinderace|typechange|Dark|[from] ability: Libero
|-supereffective|p2a: Dragapult
|-damage|p2a: Dragapult|0 fnt
|faint|p2a: Dragapult
|
|upkeep
|
|t:|1758990587
|switch|p2a: Iron Valiant|Iron Valiant|100/100
|-enditem|p2a: Iron Valiant|Booster Energy
|-activate|p2a: Iron Valiant|ability: Quark Drive|[fromitem]
|-start|p2a: Iron Valiant|quarkdrivespe
|turn|26
|
|t:|1758990601
|switch|p1a: Quagsire|Quagsire, M, tera:Water|58/100
|-damage|p1a: Quagsire|46/100|[from] Stealth Rock
|-damage|p1a: Quagsire|29/100|[from] Spikes
|-status|p1a: Quagsire|psn
|move|p2a: Iron Valiant|Close Combat|p1a: Quagsire
|-damage|p1a: Quagsire|0 fnt
|-unboost|p2a: Iron Valiant|def|1
|-unboost|p2a: Iron Valiant|spd|1
|faint|p1a: Quagsire
|
|upkeep
|
|t:|1758990605
|switch|p1a: Conkeldurr|Conkeldurr, F|100/100
|-damage|p1a: Conkeldurr|94/100|[from] Stealth Rock
|-damage|p1a: Conkeldurr|78/100|[from] Spikes
|-status|p1a: Conkeldurr|psn
|turn|27
|
|t:|1758990621
|move|p2a: Iron Valiant|Close Combat|p1a: Conkeldurr
|-damage|p1a: Conkeldurr|21/100 psn
|-unboost|p2a: Iron Valiant|def|1
|-unboost|p2a: Iron Valiant|spd|1
|move|p1a: Conkeldurr|Dynamic Punch|p2a: Iron Valiant
|-resisted|p2a: Iron Valiant
|-damage|p2a: Iron Valiant|27/100
|-start|p2a: Iron Valiant|confusion
|
|-damage|p1a: Conkeldurr|8/100 psn|[from] psn
|upkeep
|turn|28
|
|t:|1758990633
|-activate|p2a: Iron Valiant|confusion
|-damage|p2a: Iron Valiant|0 fnt|[from] confusion
|faint|p2a: Iron Valiant
|-end|p2a: Iron Valiant|Quark Drive|[silent]
|move|p1a: Conkeldurr|Drain Punch|p2: Iron Valiant|[notarget]
|-fail|p1a: Conkeldurr
|
|-damage|p1a: Conkeldurr|0 fnt|[from] psn
|faint|p1a: Conkeldurr
|upkeep
|
|t:|1758990643
|switch|p2a: Landorus|Landorus-Therian, M|31/100
|switch|p1a: Cinderace|Cinderace, F|74/100
|-ability|p2a: Landorus|Intimidate|boost
|-unboost|p1a: Cinderace|atk|1
|turn|29
|
|t:|1758990651
|move|p1a: Cinderace|Court Change|p1a: Cinderace
|-start|p1a: Cinderace|typechange|Normal|[from] ability: Libero
|-swapsideconditions
|-activate|p1a: Cinderace|move: Court Change
|move|p2a: Landorus|Earthquake|p1a: Cinderace
|-damage|p1a: Cinderace|0 fnt
|faint|p1a: Cinderace
|
|win|darknet_7
|raw|stonefree_2400's rating: 1202 &rarr; <strong>1177</strong><br />(-25 for losing)
|raw|darknet_7's rating: 1198 &rarr; <strong>1223</strong><br />(+25 for winning)
|l|☆stonefree_2400
|player|p1|
|l|☆darknet_7
|player|p2|
