|j|☆polo4569
|j|☆amaso420
|t:|1758955378
|gametype|singles
|player|p1|polo4569|169|1313
|player|p2|amaso420|pokekid|1273
|gen|9
|tier|[Gen 9] OU
|rated|
|rule|HP Percentage Mod: HP is shown in percentages
|rule|Endless Battle Clause: Forcing endless battles is banned
|rule|Species Clause: Limit one of each Pokémon
|rule|OHKO Clause: OHKO moves are banned
|rule|Evasion Items Clause: Evasion items are banned
|rule|Evasion Moves Clause: Evasion moves are banned
|rule|Evasion Abilities Clause: Evasion abilities are banned
|rule|Sleep Moves Clause: Sleep-inducing moves are banned
|clearpoke
|poke|p1|Ceruledge, M|
|poke|p1|Ogerpon-Cornerstone, F|
|poke|p1|Enamorus, F|
|poke|p1|Sandy Shocks|
|poke|p1|Dragalge, M|
|poke|p1|Ambipom, F|
|poke|p2|Thundurus-Therian, M|
|poke|p2|Meowscarada, M|
|poke|p2|Hatterene, F|
|poke|p2|Great Tusk|
|poke|p2|Toxapex, F|
|poke|p2|Slither Wing|
|teampreview
|inactive|Battle timer is ON: inactive players will automatically lose when time's up. (requested by amaso420)
|
|t:|1758955396
|teamsize|p1|6
|teamsize|p2|6
|start
|switch|p1a: Ambipom|Ambipom, F|100/100
|switch|p2a: Meowscarada|Meowscarada, M|100/100
|turn|1
|
|t:|1758955407
|move|p1a: Ambipom|Fake Out|p2a: Meowscarada
|-damage|p2a: Meowscarada|43/100
|-damage|p1a: Ambipom|91/100|[from] item: Life Orb
|cant|p2a: Meowscarada|flinch
|
|upkeep
|turn|2
|
|t:|1758955424
|switch|p1a: Dragalge|Dragalge, M|100/100
|move|p2a: Meowscarada|U-turn|p1a: Dragalge
|-start|p2a: Meowscarada|typechange|Bug|[from] ability: Protean
|-resisted|p1a: Dragalge
|-damage|p1a: Dragalge|80/100
|
|t:|1758955437
|switch|p2a: Great Tusk|Great Tusk|100/100|[from] U-turn
|
|upkeep
|turn|3
|
|t:|1758955449
|switch|p1a: Enamorus|Enamorus, F|100/100
|move|p2a: Great Tusk|Stealth Rock|p1a: Enamorus
|-sidestart|p1: polo4569|move: Stealth Rock
|
|upkeep
|turn|4
|
|t:|1758955457
|-end|p2a: Great Tusk|Protosynthesis|[silent]
|switch|p2a: Toxapex|Toxapex, F|100/100
|move|p1a: Enamorus|Superpower|p2a: Toxapex
|-resisted|p2a: Toxapex
|-damage|p2a: Toxapex|87/100
|-boost|p1a: Enamorus|atk|1
|-boost|p1a: Enamorus|def|1
|
|upkeep
|turn|5
|
|t:|1758955465
|move|p1a: Enamorus|Taunt|p2a: Toxapex
|-start|p2a: Toxapex|move: Taunt
|move|p2a: Toxapex|Infestation|p1a: Enamorus
|-resisted|p1a: Enamorus
|-damage|p1a: Enamorus|99/100
|-activate|p1a: Enamorus|move: Infestation|[of] p2a: Toxapex
|
|-heal|p1a: Enamorus|100/100|[from] item: Leftovers
|-damage|p1a: Enamorus|88/100|[from] move: Infestation|[partiallytrapped]
|upkeep
|turn|6
|
|t:|1758955476
|move|p1a: Enamorus|Superpower|p2a: Toxapex
|-resisted|p2a: Toxapex
|-damage|p2a: Toxapex|67/100
|-boost|p1a: Enamorus|atk|1
|-boost|p1a: Enamorus|def|1
|move|p2a: Toxapex|Acid Spray|p1a: Enamorus
|-supereffective|p1a: Enamorus
|-damage|p1a: Enamorus|51/100
|-boost|p1a: Enamorus|spd|2
|
|-heal|p1a: Enamorus|57/100|[from] item: Leftovers
|-damage|p1a: Enamorus|44/100|[from] move: Infestation|[partiallytrapped]
|upkeep
|turn|7
|
|t:|1758955489
|move|p1a: Enamorus|Superpower|p2a: Toxapex
|-resisted|p2a: Toxapex
|-damage|p2a: Toxapex|40/100
|-boost|p1a: Enamorus|atk|1
|-boost|p1a: Enamorus|def|1
|move|p2a: Toxapex|Sludge Bomb|p1a: Enamorus
|-supereffective|p1a: Enamorus
|-damage|p1a: Enamorus|7/100
|
|-heal|p1a: Enamorus|13/100|[from] item: Leftovers
|-damage|p1a: Enamorus|1/100|[from] move: Infestation|[partiallytrapped]
|-end|p2a: Toxapex|move: Taunt
|upkeep
|turn|8
|
|t:|1758955502
|switch|p2a: Great Tusk|Great Tusk|100/100
|move|p1a: Enamorus|Play Rough|p2a: Great Tusk
|-supereffective|p2a: Great Tusk
|-damage|p2a: Great Tusk|0 fnt
|-damage|p1a: Enamorus|0 fnt|[from] item: Rocky Helmet|[of] p2a: Great Tusk
|faint|p2a: Great Tusk
|-end|p2a: Great Tusk|Protosynthesis|[silent]
|faint|p1a: Enamorus
|
|upkeep
|
|t:|1758955517
|switch|p1a: Ambipom|Ambipom, F|91/100
|switch|p2a: Meowscarada|Meowscarada, M|43/100
|-damage|p1a: Ambipom|78/100|[from] Stealth Rock
|turn|9
|
|t:|1758955526
|switch|p2a: Toxapex|Toxapex, F|73/100
|move|p1a: Ambipom|Fake Out|p2a: Toxapex
|-damage|p2a: Toxapex|48/100
|-damage|p1a: Ambipom|68/100|[from] item: Life Orb
|
|upkeep
|turn|10
|
|t:|1758955539
|move|p1a: Ambipom|U-turn|p2a: Toxapex
|-resisted|p2a: Toxapex
|-damage|p2a: Toxapex|38/100
|-damage|p1a: Ambipom|58/100|[from] item: Life Orb
|
|t:|1758955546
|switch|p1a: Sandy Shocks|Sandy Shocks|100/100|[from] U-turn
|-damage|p1a: Sandy Shocks|94/100|[from] Stealth Rock
|move|p2a: Toxapex|Sludge Bomb|p1a: Sandy Shocks
|-resisted|p1a: Sandy Shocks
|-damage|p1a: Sandy Shocks|78/100
|
|upkeep
|turn|11
|
|t:|1758955557
|switch|p2a: Thundurus|Thundurus-Therian, M|100/100
|move|p1a: Sandy Shocks|Stealth Rock|p2a: Thundurus
|-sidestart|p2: amaso420|move: Stealth Rock
|
|upkeep
|turn|12
|
|t:|1758955567
|-end|p1a: Sandy Shocks|Protosynthesis|[silent]
|switch|p1a: Dragalge|Dragalge, M|80/100
|-damage|p1a: Dragalge|67/100|[from] Stealth Rock
|move|p2a: Thundurus|U-turn|p1a: Dragalge
|-resisted|p1a: Dragalge
|-damage|p1a: Dragalge|59/100
|
|t:|1758955582
|switch|p2a: Meowscarada|Meowscarada, M|43/100|[from] U-turn
|-damage|p2a: Meowscarada|31/100|[from] Stealth Rock
|
|upkeep
|turn|13
|
|t:|1758955594
|move|p2a: Meowscarada|Triple Axel|p1a: Dragalge
|-start|p2a: Meowscarada|typechange|Ice|[from] ability: Protean
|-supereffective|p1a: Dragalge
|-damage|p1a: Dragalge|35/100
|-supereffective|p1a: Dragalge
|-damage|p1a: Dragalge|0 fnt
|faint|p1a: Dragalge
|-hitcount|p1: Dragalge|2
|
|upkeep
|
|t:|1758955619
|switch|p1a: Ambipom|Ambipom, F|58/100
|-damage|p1a: Ambipom|46/100|[from] Stealth Rock
|turn|14
|
|t:|1758955625
|switch|p2a: Toxapex|Toxapex, F|71/100
|-damage|p2a: Toxapex|59/100|[from] Stealth Rock
|move|p1a: Ambipom|Fake Out|p2a: Toxapex
|-damage|p2a: Toxapex|31/100
|-damage|p1a: Ambipom|36/100|[from] item: Life Orb
|
|upkeep
|turn|15
|
|t:|1758955635
|move|p1a: Ambipom|Knock Off|p2a: Toxapex
|-damage|p2a: Toxapex|3/100
|-enditem|p2a: Toxapex|Assault Vest|[from] move: Knock Off|[of] p1a: Ambipom
|-damage|p1a: Ambipom|26/100|[from] item: Life Orb
|move|p2a: Toxapex|Surf|p1a: Ambipom
|-damage|p1a: Ambipom|0 fnt
|faint|p1a: Ambipom
|
|upkeep
|
|t:|1758955645
|switch|p1a: Ogerpon|Ogerpon-Cornerstone, F|100/100
|-damage|p1a: Ogerpon|88/100|[from] Stealth Rock
|turn|16
|
|t:|1758955658
|switch|p2a: Slither Wing|Slither Wing|100/100
|-damage|p2a: Slither Wing|88/100|[from] Stealth Rock
|move|p1a: Ogerpon|Trailblaze|p2a: Slither Wing
|-resisted|p2a: Slither Wing
|-damage|p2a: Slither Wing|65/100
|-boost|p1a: Ogerpon|spe|1
|
|upkeep
|turn|17
|
|t:|1758955668
|move|p2a: Slither Wing|First Impression|p1a: Ogerpon
|-supereffective|p1a: Ogerpon
|-damage|p1a: Ogerpon|0 fnt
|faint|p1a: Ogerpon
|
|upkeep
|
|t:|1758955673
|switch|p1a: Ceruledge|Ceruledge, M|100/100
|-damage|p1a: Ceruledge|76/100|[from] Stealth Rock
|turn|18
|
|t:|1758955679
|move|p1a: Ceruledge|Bitter Blade|p2a: Slither Wing
|-supereffective|p2a: Slither Wing
|-damage|p2a: Slither Wing|0 fnt
|-heal|p1a: Ceruledge|100/100|[from] drain|[of] p2a: Slither Wing
|faint|p2a: Slither Wing
|-end|p2a: Slither Wing|Protosynthesis|[silent]
|
|upkeep
|
|t:|1758955692
|switch|p2a: Meowscarada|Meowscarada, M|31/100
|-damage|p2a: Meowscarada|18/100|[from] Stealth Rock
|turn|19
|
|t:|1758955697
|move|p2a: Meowscarada|Knock Off|p1a: Ceruledge
|-start|p2a: Meowscarada|typechange|Dark|[from] ability: Protean
|-supereffective|p1a: Ceruledge
|-damage|p1a: Ceruledge|0 fnt
|-enditem|p1a: Ceruledge|Choice Scarf|[from] move: Knock Off|[of] p2a: Meowscarada
|faint|p1a: Ceruledge
|
|upkeep
|
|t:|1758955701
|switch|p1a: Sandy Shocks|Sandy Shocks|78/100
|-damage|p1a: Sandy Shocks|72/100|[from] Stealth Rock
|turn|20
|-message|polo4569 forfeited.
|
|win|amaso420
|raw|polo4569's rating: 1313 &rarr; <strong>1291</strong><br />(-22 for losing)
|raw|amaso420's rating: 1273 &rarr; <strong>1301</strong><br />(+28 for winning)
|l|☆polo4569
|player|p1|
|l|☆amaso420
|player|p2|
