|j|☆Gulptubus
|j|☆zhuangmou
|t:|1758966840
|gametype|singles
|player|p1|Gulptubus|pokemonranger-gen4|1477
|player|p2|zhuangmou|red|1494
|gen|9
|tier|[Gen 9] OU
|rated|
|rule|HP Percentage Mod: HP is shown in percentages
|rule|Endless Battle Clause: Forcing endless battles is banned
|rule|Species Clause: Limit one of each Pokémon
|rule|OHKO Clause: OHKO moves are banned
|rule|Evasion Items Clause: Evasion items are banned
|rule|Evasion Moves Clause: Evasion moves are banned
|rule|Evasion Abilities Clause: Evasion abilities are banned
|rule|Sleep Moves Clause: Sleep-inducing moves are banned
|clearpoke
|poke|p1|Garganacl, M|
|poke|p1|Corviknight, F|
|poke|p1|Gliscor, F|
|poke|p1|Heatran, F|
|poke|p1|Toxapex, M|
|poke|p1|Darkrai|
|poke|p2|Darkrai|
|poke|p2|Great Tusk|
|poke|p2|Landorus-Therian, M|
|poke|p2|Dragapult, M|
|poke|p2|Heatran, M|
|poke|p2|Bronzong|
|teampreview
|inactive|Battle timer is ON: inactive players will automatically lose when time's up. (requested by zhuangmou)
|
|t:|1758966856
|teamsize|p1|6
|teamsize|p2|6
|start
|switch|p1a: Gliscor|Gliscor, F|100/100
|switch|p2a: Dragapult|Dragapult, M|100/100
|turn|1
|
|t:|1758966866
|move|p1a: Gliscor|Protect|p1a: Gliscor
|-singleturn|p1a: Gliscor|Protect
|move|p2a: Dragapult|Dragon Darts|p1a: Gliscor
|-activate|p1a: Gliscor|move: Protect
|
|-status|p1a: Gliscor|tox|[from] item: Toxic Orb
|upkeep
|turn|2
|
|t:|1758966871
|switch|p2a: Heatran|Heatran, M|100/100
|move|p1a: Gliscor|Toxic|p2a: Heatran
|-immune|p2a: Heatran
|
|upkeep
|turn|3
|inactive|zhuangmou has 120 seconds left.
|
|t:|1758966908
|move|p2a: Heatran|Protect|p2a: Heatran
|-singleturn|p2a: Heatran|Protect
|move|p1a: Gliscor|Spikes|p2a: Heatran
|-sidestart|p2: zhuangmou|Spikes
|
|upkeep
|turn|4
|inactive|zhuangmou has 120 seconds left.
|
|t:|1758966922
|switch|p2a: Darkrai|Darkrai|100/100
|-damage|p2a: Darkrai|88/100|[from] Spikes
|move|p1a: Gliscor|U-turn|p2a: Darkrai
|-supereffective|p2a: Darkrai
|-damage|p2a: Darkrai|50/100
|
|t:|1758966937
|switch|p1a: Toxapex|Toxapex, M|100/100|[from] U-turn
|
|upkeep
|turn|5
|
|t:|1758966946
|switch|p2a: Bronzong|Bronzong|100/100
|move|p1a: Toxapex|Toxic Spikes|p2a: Bronzong
|-sidestart|p2: zhuangmou|move: Toxic Spikes
|
|upkeep
|turn|6
|
|t:|1758966958
|switch|p1a: Garuda|Corviknight, F|100/100
|-ability|p1a: Garuda|Unnerve
|move|p2a: Bronzong|Trick|p1a: Garuda
|-activate|p2a: Bronzong|move: Trick|[of] p1a: Garuda
|-item|p1a: Garuda|Choice Band|[from] move: Trick
|-item|p2a: Bronzong|Rocky Helmet|[from] move: Trick
|
|upkeep
|turn|7
|
|t:|1758966963
|move|p1a: Garuda|U-turn|p2a: Bronzong
|-damage|p2a: Bronzong|84/100
|-damage|p1a: Garuda|84/100|[from] item: Rocky Helmet|[of] p2a: Bronzong
|
|t:|1758966974
|switch|p1a: Gliscor|Gliscor, F|100/100 tox|[from] U-turn
|move|p2a: Bronzong|Stealth Rock|p1a: Gliscor
|-sidestart|p1: Gulptubus|move: Stealth Rock
|
|upkeep
|turn|8
|
|t:|1758966990
|switch|p2a: Great Tusk|Great Tusk|100/100
|-damage|p2a: Great Tusk|88/100|[from] Spikes
|-status|p2a: Great Tusk|psn
|-enditem|p2a: Great Tusk|Booster Energy
|-activate|p2a: Great Tusk|ability: Protosynthesis|[fromitem]
|-start|p2a: Great Tusk|protosynthesisatk
|move|p1a: Gliscor|Spikes|p2a: Great Tusk
|-sidestart|p2: zhuangmou|Spikes
|
|-damage|p2a: Great Tusk|76/100 psn|[from] psn
|upkeep
|turn|9
|
|t:|1758967000
|move|p1a: Gliscor|Protect|p1a: Gliscor
|-singleturn|p1a: Gliscor|Protect
|move|p2a: Great Tusk|Rapid Spin|p1a: Gliscor
|-activate|p1a: Gliscor|move: Protect
|
|-damage|p2a: Great Tusk|63/100 psn|[from] psn
|upkeep
|turn|10
|
|t:|1758967009
|switch|p1a: Garuda|Corviknight, F|84/100
|-ability|p1a: Garuda|Unnerve
|-damage|p1a: Garuda|72/100|[from] Stealth Rock
|move|p2a: Great Tusk|Rapid Spin|p1a: Garuda
|-resisted|p1a: Garuda
|-damage|p1a: Garuda|63/100
|-boost|p2a: Great Tusk|spe|1
|-sideend|p2: zhuangmou|Spikes|[from] move: Rapid Spin|[of] p2a: Great Tusk
|-sideend|p2: zhuangmou|Toxic Spikes|[from] move: Rapid Spin|[of] p2a: Great Tusk
|
|-damage|p2a: Great Tusk|51/100 psn|[from] psn
|upkeep
|turn|11
|
|t:|1758967012
|move|p2a: Great Tusk|Close Combat|p1a: Garuda
|-damage|p1a: Garuda|0 fnt
|-unboost|p2a: Great Tusk|def|1
|-unboost|p2a: Great Tusk|spd|1
|faint|p1a: Garuda
|
|-damage|p2a: Great Tusk|39/100 psn|[from] psn
|upkeep
|
|t:|1758967026
|switch|p1a: Salty Snack|Garganacl, M|100/100
|-damage|p1a: Salty Snack|88/100|[from] Stealth Rock
|turn|12
|
|t:|1758967034
|-terastallize|p1a: Salty Snack|Fairy
|move|p2a: Great Tusk|Headlong Rush|p1a: Salty Snack
|-damage|p1a: Salty Snack|34/100
|-unboost|p2a: Great Tusk|def|1
|-unboost|p2a: Great Tusk|spd|1
|move|p1a: Salty Snack|Iron Defense|p1a: Salty Snack
|-boost|p1a: Salty Snack|def|2
|
|-heal|p1a: Salty Snack|40/100|[from] item: Leftovers
|-damage|p2a: Great Tusk|26/100 psn|[from] psn
|upkeep
|turn|13
|
|t:|1758967056
|-end|p2a: Great Tusk|Protosynthesis|[silent]
|switch|p2a: Darkrai|Darkrai|50/100
|move|p1a: Salty Snack|Recover|p1a: Salty Snack
|-heal|p1a: Salty Snack|90/100
|
|-heal|p1a: Salty Snack|96/100|[from] item: Leftovers
|upkeep
|turn|14
|
|t:|1758967068
|-terastallize|p2a: Darkrai|Poison
|move|p2a: Darkrai|Sludge Bomb|p1a: Salty Snack
|-supereffective|p1a: Salty Snack
|-damage|p1a: Salty Snack|15/100
|-damage|p2a: Darkrai|40/100|[from] item: Life Orb
|move|p1a: Salty Snack|Body Press|p2a: Darkrai
|-resisted|p2a: Darkrai
|-damage|p2a: Darkrai|10/100
|
|-heal|p1a: Salty Snack|21/100|[from] item: Leftovers
|upkeep
|turn|15
|
|t:|1758967080
|switch|p1a: Gliscor|Gliscor, F|100/100 tox
|-damage|p1a: Gliscor|88/100 tox|[from] Stealth Rock
|move|p2a: Darkrai|Ice Beam|p1a: Gliscor
|-supereffective|p1a: Gliscor
|-crit|p1a: Gliscor
|-damage|p1a: Gliscor|0 fnt
|faint|p1a: Gliscor
|-damage|p2a: Darkrai|0 fnt|[from] item: Life Orb
|faint|p2a: Darkrai
|
|upkeep
|
|t:|1758967093
|switch|p2a: Dragapult|Dragapult, M|100/100
|switch|p1a: Salty Snack|Garganacl, M, tera:Fairy|21/100
|-damage|p1a: Salty Snack|9/100|[from] Stealth Rock
|turn|16
|
|t:|1758967098
|move|p2a: Dragapult|Tera Blast|p1a: Salty Snack
|-damage|p1a: Salty Snack|0 fnt
|faint|p1a: Salty Snack
|
|upkeep
|
|t:|1758967105
|switch|p1a: Toxapex|Toxapex, M|100/100
|turn|17
|
|t:|1758967111
|switch|p2a: Great Tusk|Great Tusk|26/100 psn
|move|p1a: Toxapex|Toxic Spikes|p2a: Great Tusk
|-sidestart|p2: zhuangmou|move: Toxic Spikes
|
|-damage|p2a: Great Tusk|14/100 psn|[from] psn
|upkeep
|turn|18
|
|t:|1758967123
|move|p2a: Great Tusk|Headlong Rush|p1a: Toxapex
|-supereffective|p1a: Toxapex
|-damage|p1a: Toxapex|21/100
|-unboost|p2a: Great Tusk|def|1
|-unboost|p2a: Great Tusk|spd|1
|move|p1a: Toxapex|Recover|p1a: Toxapex
|-heal|p1a: Toxapex|71/100
|
|-damage|p2a: Great Tusk|1/100 psn|[from] psn
|upkeep
|turn|19
|
|t:|1758967133
|switch|p1a: Darkrai|Darkrai|100/100
|move|p2a: Great Tusk|Headlong Rush|p1a: Darkrai
|-damage|p1a: Darkrai|17/100
|-unboost|p2a: Great Tusk|def|1
|-unboost|p2a: Great Tusk|spd|1
|
|-damage|p2a: Great Tusk|0 fnt|[from] psn
|faint|p2a: Great Tusk
|-end|p2a: Great Tusk|Protosynthesis|[silent]
|upkeep
|
|t:|1758967139
|switch|p2a: Dragapult|Dragapult, M|100/100
|-status|p2a: Dragapult|psn
|turn|20
|
|t:|1758967148
|switch|p1a: Heatran|Heatran, F|100/100
|-damage|p1a: Heatran|88/100|[from] Stealth Rock
|move|p2a: Dragapult|U-turn|p1a: Heatran
|-resisted|p1a: Heatran
|-damage|p1a: Heatran|81/100
|
|t:|1758967168
|switch|p2a: Landorus|Landorus-Therian, M|100/100|[from] U-turn
|-ability|p2a: Landorus|Intimidate|boost
|-unboost|p1a: Heatran|atk|1
|
|-heal|p1a: Heatran|88/100|[from] item: Leftovers
|upkeep
|turn|21
|
|t:|1758967181
|move|p1a: Heatran|Stealth Rock|p2a: Landorus
|-sidestart|p2: zhuangmou|move: Stealth Rock
|move|p2a: Landorus|Earthquake|p1a: Heatran
|-supereffective|p1a: Heatran
|-damage|p1a: Heatran|0 fnt
|faint|p1a: Heatran
|
|upkeep
|
|t:|1758967187
|switch|p1a: Toxapex|Toxapex, M|100/100
|turn|22
|
|t:|1758967193
|move|p2a: Landorus|Earthquake|p1a: Toxapex
|-supereffective|p1a: Toxapex
|-damage|p1a: Toxapex|34/100
|move|p1a: Toxapex|Toxic|p2a: Landorus
|-status|p2a: Landorus|tox
|
|-damage|p2a: Landorus|94/100 tox|[from] psn
|upkeep
|turn|23
|
|t:|1758967197
|move|p2a: Landorus|Earthquake|p1a: Toxapex
|-supereffective|p1a: Toxapex
|-damage|p1a: Toxapex|0 fnt
|faint|p1a: Toxapex
|
|-damage|p2a: Landorus|82/100 tox|[from] psn
|upkeep
|
|t:|1758967199
|switch|p1a: Darkrai|Darkrai|17/100
|turn|24
|
|t:|1758967201
|move|p1a: Darkrai|Ice Beam|p2a: Landorus
|-supereffective|p2a: Landorus
|-damage|p2a: Landorus|0 fnt
|faint|p2a: Landorus
|
|upkeep
|
|t:|1758967204
|switch|p2a: Dragapult|Dragapult, M|100/100 psn
|-damage|p2a: Dragapult|88/100 psn|[from] Stealth Rock
|turn|25
|
|t:|1758967207
|move|p2a: Dragapult|Dragon Darts|p1a: Darkrai
|-damage|p1a: Darkrai|0 fnt
|faint|p1a: Darkrai
|
|win|zhuangmou
|raw|Gulptubus's rating: 1477 &rarr; <strong>1458</strong><br />(-19 for losing)
|raw|zhuangmou's rating: 1494 &rarr; <strong>1513</strong><br />(+19 for winning)
|l|☆Gulptubus
|player|p1|
|l|☆zhuangmou
|player|p2|
