|j|☆egstolfo
|j|☆magical leaves
|t:|1759000586
|gametype|singles
|player|p1|egstolfo|valerie|1254
|player|p2|magical leaves|aromalady|1306
|gen|9
|tier|[Gen 9] OU
|rated|
|rule|HP Percentage Mod: HP is shown in percentages
|rule|Endless Battle Clause: Forcing endless battles is banned
|rule|Species Clause: Limit one of each Pokémon
|rule|OHKO Clause: OHKO moves are banned
|rule|Evasion Items Clause: Evasion items are banned
|rule|Evasion Moves Clause: Evasion moves are banned
|rule|Evasion Abilities Clause: Evasion abilities are banned
|rule|Sleep Moves Clause: Sleep-inducing moves are banned
|clearpoke
|poke|p1|Corviknight, F|
|poke|p1|Gholdengo|
|poke|p1|Gliscor, F|
|poke|p1|Raging Bolt|
|poke|p1|Ogerpon-Wellspring, F|
|poke|p1|Iron Valiant|
|poke|p2|Indeedee, M|
|poke|p2|Minior|
|poke|p2|Hawlucha, F|
|poke|p2|Hoopa-Unbound|
|poke|p2|Clefable, F|
|poke|p2|Araquanid, F|
|teampreview
|
|t:|1759000603
|teamsize|p1|6
|teamsize|p2|6
|start
|switch|p1a: Raging Bolt|Raging Bolt|100/100
|switch|p2a: life aquatic|Araquanid, F|100/100
|-enditem|p1a: Raging Bolt|Booster Energy
|-activate|p1a: Raging Bolt|ability: Protosynthesis|[fromitem]
|-start|p1a: Raging Bolt|protosynthesisspa
|turn|1
|
|t:|1759000628
|switch|p2a: jig|Indeedee, M|100/100
|-fieldstart|move: Psychic Terrain|[from] ability: Psychic Surge|[of] p2a: jig
|move|p1a: Raging Bolt|Thunderbolt|p2a: jig
|-damage|p2a: jig|36/100
|
|upkeep
|turn|2
|
|t:|1759000654
|-end|p1a: Raging Bolt|Protosynthesis|[silent]
|switch|p1a: Corviknight|Corviknight, F|100/100
|-ability|p1a: Corviknight|Pressure
|move|p2a: jig|Draining Kiss|p1a: Corviknight
|-resisted|p1a: Corviknight
|-crit|p1a: Corviknight
|-damage|p1a: Corviknight|90/100
|-heal|p2a: jig|46/100|[from] drain|[of] p1a: Corviknight
|
|-heal|p1a: Corviknight|96/100|[from] item: Leftovers
|upkeep
|turn|3
|
|t:|1759000665
|switch|p2a: life aquatic|Araquanid, F|100/100
|move|p1a: Corviknight|U-turn|p2a: life aquatic
|-damage|p2a: life aquatic|85/100
|
|t:|1759000671
|switch|p1a: Raging Bolt|Raging Bolt|100/100|[from] U-turn
|
|upkeep
|turn|4
|
|t:|1759000676
|move|p1a: Raging Bolt|Thunderbolt|p2a: life aquatic
|-supereffective|p2a: life aquatic
|-damage|p2a: life aquatic|5/100
|move|p2a: life aquatic|Sticky Web|p1a: Raging Bolt
|-sidestart|p1: egstolfo|move: Sticky Web
|
|upkeep
|turn|5
|
|t:|1759000683
|move|p1a: Raging Bolt|Thunderbolt|p2a: life aquatic
|-supereffective|p2a: life aquatic
|-damage|p2a: life aquatic|0 fnt
|faint|p2a: life aquatic
|
|upkeep
|
|t:|1759000692
|switch|p2a: drone|Minior, shiny|100/100
|-formechange|p2a: drone|Minior-Meteor||[from] ability: Shields Down
|turn|6
|
|t:|1759000708
|-terastallize|p2a: drone|Ground
|move|p1a: Raging Bolt|Calm Mind|p1a: Raging Bolt
|-boost|p1a: Raging Bolt|spa|1
|-boost|p1a: Raging Bolt|spd|1
|move|p2a: drone|Shell Smash|p2a: drone
|-unboost|p2a: drone|def|1
|-unboost|p2a: drone|spd|1
|-boost|p2a: drone|atk|2
|-boost|p2a: drone|spa|2
|-boost|p2a: drone|spe|2
|-enditem|p2a: drone|White Herb
|-clearnegativeboost|p2a: drone|[silent]
|
|upkeep
|turn|7
|
|t:|1759000720
|move|p2a: drone|Earthquake|p1a: Raging Bolt
|-supereffective|p1a: Raging Bolt
|-damage|p1a: Raging Bolt|0 fnt
|faint|p1a: Raging Bolt
|-end|p1a: Raging Bolt|Protosynthesis|[silent]
|
|upkeep
|
|t:|1759000727
|switch|p1a: Corviknight|Corviknight, F|96/100
|-ability|p1a: Corviknight|Pressure
|turn|8
|
|t:|1759000732
|move|p2a: drone|Stone Edge|p1a: Corviknight
|-damage|p1a: Corviknight|53/100
|move|p1a: Corviknight|Defog|p2a: drone
|-unboost|p2a: drone|evasion|1
|-sideend|p1: egstolfo|Sticky Web|[from] move: Defog|[of] p1a: Corviknight
|-fieldend|move: Psychic Terrain
|
|-heal|p1a: Corviknight|60/100|[from] item: Leftovers
|upkeep
|turn|9
|
|t:|1759000747
|move|p2a: drone|Stone Edge|p1a: Corviknight
|-damage|p1a: Corviknight|11/100
|move|p1a: Corviknight|Roost|p1a: Corviknight
|-heal|p1a: Corviknight|61/100
|-singleturn|p1a: Corviknight|move: Roost
|
|-heal|p1a: Corviknight|67/100|[from] item: Leftovers
|upkeep
|turn|10
|
|t:|1759000757
|move|p2a: drone|Stone Edge|p1a: Corviknight
|-damage|p1a: Corviknight|22/100
|move|p1a: Corviknight|U-turn|p2a: drone
|-damage|p2a: drone|82/100
|inactive|Battle timer is ON: inactive players will automatically lose when time's up. (requested by magical leaves)
|
|t:|1759000809
|switch|p1a: Ogerpon|Ogerpon-Wellspring, F|100/100|[from] U-turn
|
|upkeep
|turn|11
|
|t:|1759000822
|move|p2a: drone|Acrobatics|p1a: Ogerpon
|-supereffective|p1a: Ogerpon
|-damage|p1a: Ogerpon|0 fnt
|faint|p1a: Ogerpon
|
|upkeep
|
|t:|1759000835
|switch|p1a: Gliscor|Gliscor, F|100/100
|turn|12
|
|t:|1759000838
|move|p2a: drone|Acrobatics|p1a: Gliscor
|-damage|p1a: Gliscor|43/100
|move|p1a: Gliscor|Toxic|p2a: drone
|-immune|p2a: drone|[from] ability: Shields Down
|
|-status|p1a: Gliscor|tox|[from] item: Toxic Orb
|upkeep
|turn|13
|c|☆egstolfo|im ngl
|c|☆egstolfo|i didnt even know that ability did anything
|
|t:|1759000870
|move|p1a: Gliscor|Protect|p1a: Gliscor
|-singleturn|p1a: Gliscor|Protect
|move|p2a: drone|Acrobatics|p1a: Gliscor
|-activate|p1a: Gliscor|move: Protect
|
|-heal|p1a: Gliscor|55/100 tox|[from] ability: Poison Heal
|upkeep
|turn|14
|c|☆magical leaves|Minior is kinda sick
|
|t:|1759000884
|move|p2a: drone|Acrobatics|p1a: Gliscor
|-damage|p1a: Gliscor|0 fnt
|faint|p1a: Gliscor
|
|upkeep
|
|t:|1759000887
|switch|p1a: Iron Valiant|Iron Valiant|100/100
|-enditem|p1a: Iron Valiant|Booster Energy
|-activate|p1a: Iron Valiant|ability: Quark Drive|[fromitem]
|-start|p1a: Iron Valiant|quarkdrivespe
|turn|15
|
|t:|1759000898
|-terastallize|p1a: Iron Valiant|Steel
|move|p1a: Iron Valiant|Close Combat|p2a: drone
|-crit|p2a: drone
|-damage|p2a: drone|0 fnt
|-unboost|p1a: Iron Valiant|def|1
|-unboost|p1a: Iron Valiant|spd|1
|faint|p2a: drone
|
|upkeep
|c|☆egstolfo|ok well
|c|☆egstolfo|if i knew i was gonna crit
|
|t:|1759000908
|switch|p2a: jig|Indeedee, M|46/100
|-fieldstart|move: Psychic Terrain|[from] ability: Psychic Surge|[of] p2a: jig
|turn|16
|c|☆egstolfo|i couldve saved a lot deaths
|
|t:|1759000924
|move|p1a: Iron Valiant|Knock Off|p2a: jig
|-supereffective|p2a: jig
|-damage|p2a: jig|0 fnt
|-enditem|p2a: jig|Terrain Extender|[from] move: Knock Off|[of] p1a: Iron Valiant
|faint|p2a: jig
|
|upkeep
|c|☆magical leaves|Lol
|
|t:|1759000931
|switch|p2a: norman powell|Hawlucha, F|100/100
|-enditem|p2a: norman powell|Psychic Seed
|-boost|p2a: norman powell|spd|1|[from] item: Psychic Seed
|turn|17
|
|t:|1759000946
|-end|p1a: Iron Valiant|Quark Drive|[silent]
|switch|p1a: Corviknight|Corviknight, F|22/100
|-ability|p1a: Corviknight|Pressure
|move|p2a: norman powell|Substitute|p2a: norman powell
|-start|p2a: norman powell|Substitute
|-damage|p2a: norman powell|76/100
|
|-heal|p1a: Corviknight|28/100|[from] item: Leftovers
|upkeep
|turn|18
|
|t:|1759000955
|move|p2a: norman powell|Close Combat|p1a: Corviknight
|-damage|p1a: Corviknight|0 fnt
|-unboost|p2a: norman powell|def|1
|-unboost|p2a: norman powell|spd|1
|faint|p1a: Corviknight
|
|upkeep
|
|t:|1759000961
|switch|p1a: Gholdengo|Gholdengo|100/100
|-item|p1a: Gholdengo|Air Balloon
|turn|19
|
|t:|1759000967
|move|p2a: norman powell|Swords Dance|p2a: norman powell
|-boost|p2a: norman powell|atk|2
|move|p1a: Gholdengo|Shadow Ball|p2a: norman powell
|-end|p2a: norman powell|Substitute
|
|upkeep
|turn|20
|
|t:|1759000974
|move|p2a: norman powell|Acrobatics|p1a: Gholdengo
|-resisted|p1a: Gholdengo
|-damage|p1a: Gholdengo|52/100
|-enditem|p1a: Gholdengo|Air Balloon
|move|p1a: Gholdengo|Make It Rain|p2a: norman powell
|-damage|p2a: norman powell|0 fnt
|-unboost|p1a: Gholdengo|spa|1
|faint|p2a: norman powell
|
|upkeep
|
|t:|1759000985
|switch|p2a: anomaly|Hoopa-Unbound|100/100
|turn|21
|
|t:|1759000992
|switch|p1a: Iron Valiant|Iron Valiant, tera:Steel|100/100
|move|p2a: anomaly|Expanding Force|p1a: Iron Valiant
|-resisted|p1a: Iron Valiant
|-damage|p1a: Iron Valiant|0 fnt
|faint|p1a: Iron Valiant
|-end|p1a: Iron Valiant|Quark Drive|[silent]
|
|upkeep
|
|t:|1759000998
|switch|p1a: Gholdengo|Gholdengo|52/100
|turn|22
|
|t:|1759001003
|move|p2a: anomaly|Expanding Force|p1a: Gholdengo
|-resisted|p1a: Gholdengo
|-damage|p1a: Gholdengo|11/100
|move|p1a: Gholdengo|Make It Rain|p2a: anomaly
|-damage|p2a: anomaly|45/100
|-unboost|p1a: Gholdengo|spa|1
|
|upkeep
|turn|23
|c|☆egstolfo|i meant to click shadow ball but i was dead to clefable nayways
|
|t:|1759001023
|move|p2a: anomaly|Expanding Force|p1a: Gholdengo
|-resisted|p1a: Gholdengo
|-damage|p1a: Gholdengo|0 fnt
|faint|p1a: Gholdengo
|
|win|magical leaves
|raw|egstolfo's rating: 1254 &rarr; <strong>1233</strong><br />(-21 for losing)
|raw|magical leaves's rating: 1306 &rarr; <strong>1323</strong><br />(+17 for winning)
|c|☆egstolfo|gg
|c|☆magical leaves|Gg
|l|☆egstolfo
|player|p1|
