|j|☆Carpio0315
|j|☆Dr.Mome
|inactive|Battle timer is ON: inactive players will automatically lose when time's up.
|t:|1759066397
|gametype|singles
|j|*Lady Monita ☀
|player|p1|Carpio0315|elesa|
|player|p2|Dr.Mome|scientist|
|gen|9
|tier|[Gen 9] OU
|rated|Tournament battle
|rule|HP Percentage Mod: HP is shown in percentages
|rule|Endless Battle Clause: Forcing endless battles is banned
|rule|Species Clause: Limit one of each Pokémon
|rule|OHKO Clause: OHKO moves are banned
|rule|Evasion Items Clause: Evasion items are banned
|rule|Evasion Moves Clause: Evasion moves are banned
|rule|Evasion Abilities Clause: Evasion abilities are banned
|rule|Sleep Moves Clause: Sleep-inducing moves are banned
|raw|<div class="infobox"><details class="readmore" open><summary><strong>3 custom rules:</strong></summary> -blissey, -wailord, -wobbuffet</details></div>
|clearpoke
|poke|p1|Volbeat, M|
|poke|p1|Vaporeon, M|
|poke|p1|Sawsbuck, F|
|poke|p1|Ludicolo, F|
|poke|p1|Leafeon, F|
|poke|p1|Dewgong, M|
|poke|p2|Volbeat, M|
|poke|p2|Vaporeon, F|
|poke|p2|Sawsbuck, M|
|poke|p2|Ludicolo, M|
|poke|p2|Leafeon, F|
|poke|p2|Dewgong, F|
|teampreview
|inactive|Dr.Mome also wants the timer to be on.
|
|t:|1759066403
|teamsize|p1|6
|teamsize|p2|6
|start
|switch|p1a: Volbeat|Volbeat, M|100/100
|switch|p2a: Ludicolo|Ludicolo, M|100/100
|turn|1
|
|t:|1759066413
|move|p2a: Ludicolo|Fake Out|p1a: Volbeat
|-damage|p1a: Volbeat|89/100
|cant|p1a: Volbeat|flinch
|
|upkeep
|turn|2
|
|t:|1759066418
|move|p1a: Volbeat|Light Screen|p1a: Volbeat
|-sidestart|p1: Carpio0315|move: Light Screen
|move|p2a: Ludicolo|Fire Punch|p1a: Volbeat
|-supereffective|p1a: Volbeat
|-damage|p1a: Volbeat|35/100
|
|upkeep
|turn|3
|
|t:|1759066428
|move|p1a: Volbeat|Sunny Day|p1a: Volbeat
|-weather|SunnyDay
|move|p2a: Ludicolo|Fire Punch|p1a: Volbeat
|-supereffective|p1a: Volbeat
|-damage|p1a: Volbeat|0 fnt
|faint|p1a: Volbeat
|
|-weather|SunnyDay|[upkeep]
|upkeep
|j| Albrtix
|
|t:|1759066440
|switch|p1a: Leafeon|Leafeon, F|100/100
|turn|4
|
|t:|1759066448
|move|p1a: Leafeon|Swords Dance|p1a: Leafeon
|-boost|p1a: Leafeon|atk|2
|move|p2a: Ludicolo|Fire Punch|p1a: Leafeon
|-supereffective|p1a: Leafeon
|-damage|p1a: Leafeon|30/100
|
|-weather|SunnyDay|[upkeep]
|upkeep
|turn|5
|
|t:|1759066458
|switch|p2a: Sawsbuck|Sawsbuck, M|100/100
|move|p1a: Leafeon|Leaf Blade|p2a: Sawsbuck
|-ability|p2a: Sawsbuck|Sap Sipper|boost
|-boost|p2a: Sawsbuck|atk|1
|
|-weather|SunnyDay|[upkeep]
|upkeep
|turn|6
|
|t:|1759066480
|move|p1a: Leafeon|Double-Edge|p2a: Sawsbuck
|-damage|p2a: Sawsbuck|0 fnt
|faint|p2a: Sawsbuck
|-damage|p1a: Leafeon|0 fnt|[from] Recoil
|faint|p1a: Leafeon
|
|-weather|SunnyDay|[upkeep]
|-sideend|p1: Carpio0315|move: Light Screen
|upkeep
|
|t:|1759066492
|switch|p1a: Sawsbuck|Sawsbuck, F|100/100
|switch|p2a: Ludicolo|Ludicolo, M|100/100
|turn|7
|
|t:|1759066498
|-terastallize|p1a: Sawsbuck|Normal
|move|p2a: Ludicolo|Fake Out|p1a: Sawsbuck
|-damage|p1a: Sawsbuck|86/100
|cant|p1a: Sawsbuck|flinch
|
|-weather|none
|upkeep
|turn|8
|
|t:|1759066504
|switch|p2a: Leafeon|Leafeon, F|100/100
|move|p1a: Sawsbuck|Double-Edge|p2a: Leafeon
|-damage|p2a: Leafeon|36/100
|-damage|p1a: Sawsbuck|70/100|[from] item: Rocky Helmet|[of] p2a: Leafeon
|-damage|p1a: Sawsbuck|46/100|[from] Recoil
|
|upkeep
|turn|9
|
|t:|1759066511
|move|p2a: Leafeon|Protect|p2a: Leafeon
|-singleturn|p2a: Leafeon|Protect
|move|p1a: Sawsbuck|Double-Edge|p2a: Leafeon
|-activate|p2a: Leafeon|move: Protect
|
|upkeep
|turn|10
|
|t:|1759066517
|move|p1a: Sawsbuck|Double-Edge|p2a: Leafeon
|-damage|p2a: Leafeon|0 fnt
|-damage|p1a: Sawsbuck|29/100|[from] item: Rocky Helmet|[of] p2a: Leafeon
|faint|p2a: Leafeon
|-damage|p1a: Sawsbuck|16/100|[from] Recoil
|
|upkeep
|
|t:|1759066528
|switch|p2a: Ludicolo|Ludicolo, M|100/100
|turn|11
|
|t:|1759066534
|move|p2a: Ludicolo|Fake Out|p1a: Sawsbuck
|-damage|p1a: Sawsbuck|0 fnt
|faint|p1a: Sawsbuck
|
|upkeep
|
|t:|1759066553
|switch|p1a: Dewgong|Dewgong, M|100/100
|turn|12
|
|t:|1759066557
|move|p2a: Ludicolo|Seed Bomb|p1a: Dewgong
|-supereffective|p1a: Dewgong
|-damage|p1a: Dewgong|46/100
|move|p1a: Dewgong|Chilling Water|p2a: Ludicolo
|-resisted|p2a: Ludicolo
|-damage|p2a: Ludicolo|97/100
|-unboost|p2a: Ludicolo|atk|1
|
|upkeep
|turn|13
|
|t:|1759066564
|move|p2a: Ludicolo|Seed Bomb|p1a: Dewgong
|-supereffective|p1a: Dewgong
|-damage|p1a: Dewgong|3/100
|move|p1a: Dewgong|Ice Beam|p2a: Ludicolo
|-damage|p2a: Ludicolo|74/100
|-status|p2a: Ludicolo|frz
|
|upkeep
|turn|14
|
|t:|1759066571
|switch|p1a: Ludicolo|Ludicolo, F|100/100
|cant|p2a: Ludicolo|frz
|
|upkeep
|turn|15
|
|t:|1759066576
|move|p1a: Ludicolo|Giga Drain|p2a: Ludicolo
|-damage|p2a: Ludicolo|44/100 frz
|-curestatus|p2a: Ludicolo|frz|[msg]
|move|p2a: Ludicolo|Drain Punch|p1a: Ludicolo
|-crit|p1a: Ludicolo
|-damage|p1a: Ludicolo|64/100
|-heal|p2a: Ludicolo|62/100|[from] drain|[of] p1a: Ludicolo
|
|upkeep
|turn|16
|
|t:|1759066584
|switch|p2a: Volbeat|Volbeat, M|100/100
|move|p1a: Ludicolo|Giga Drain|p2a: Volbeat
|-resisted|p2a: Volbeat
|-damage|p2a: Volbeat|78/100
|-heal|p1a: Ludicolo|72/100|[from] drain|[of] p2a: Volbeat
|
|upkeep
|turn|17
|
|t:|1759066589
|move|p2a: Volbeat|Tail Glow|p2a: Volbeat
|-boost|p2a: Volbeat|spa|3
|move|p1a: Ludicolo|Knock Off|p2a: Volbeat
|-damage|p2a: Volbeat|56/100
|-enditem|p2a: Volbeat|Focus Sash|[from] move: Knock Off|[of] p1a: Ludicolo
|
|upkeep
|turn|18
|
|t:|1759066595
|move|p2a: Volbeat|Giga Drain|p1a: Ludicolo
|-damage|p1a: Ludicolo|49/100
|-heal|p2a: Volbeat|71/100|[from] drain|[of] p1a: Ludicolo
|move|p1a: Ludicolo|Hydro Pump|p2a: Volbeat
|-damage|p2a: Volbeat|0 fnt
|faint|p2a: Volbeat
|
|upkeep
|
|t:|1759066605
|switch|p2a: Dewgong|Dewgong, F|100/100
|turn|19
|
|t:|1759066609
|move|p2a: Dewgong|Ice Beam|p1a: Ludicolo
|-damage|p1a: Ludicolo|28/100
|move|p1a: Ludicolo|Giga Drain|p2a: Dewgong
|-supereffective|p2a: Dewgong
|-damage|p2a: Dewgong|27/100
|-heal|p1a: Ludicolo|61/100|[from] drain|[of] p2a: Dewgong
|
|-heal|p2a: Dewgong|33/100|[from] item: Leftovers
|upkeep
|turn|20
|
|t:|1759066615
|move|p2a: Dewgong|Ice Beam|p1a: Ludicolo
|-crit|p1a: Ludicolo
|-damage|p1a: Ludicolo|29/100
|move|p1a: Ludicolo|Giga Drain|p2a: Dewgong
|-supereffective|p2a: Dewgong
|-damage|p2a: Dewgong|0 fnt
|-heal|p1a: Ludicolo|43/100|[from] drain|[of] p2a: Dewgong
|faint|p2a: Dewgong
|
|upkeep
|
|t:|1759066619
|switch|p2a: Ludicolo|Ludicolo, M|62/100
|turn|21
|
|t:|1759066624
|move|p1a: Ludicolo|Giga Drain|p2a: Ludicolo
|-damage|p2a: Ludicolo|32/100
|-heal|p1a: Ludicolo|58/100|[from] drain|[of] p2a: Ludicolo
|move|p2a: Ludicolo|Seed Bomb|p1a: Ludicolo
|-damage|p1a: Ludicolo|22/100
|
|upkeep
|turn|22
|
|t:|1759066633
|move|p1a: Ludicolo|Giga Drain|p2a: Ludicolo
|-damage|p2a: Ludicolo|0 fnt
|-heal|p1a: Ludicolo|38/100|[from] drain|[of] p2a: Ludicolo
|faint|p2a: Ludicolo
|
|upkeep
|
|t:|1759066635
|switch|p2a: Vaporeon|Vaporeon, F|100/100
|turn|23
|
|t:|1759066638
|move|p1a: Ludicolo|Giga Drain|p2a: Vaporeon
|-supereffective|p2a: Vaporeon
|-enditem|p2a: Vaporeon|Rindo Berry|[eat]
|-enditem|p2a: Vaporeon|Rindo Berry|[weaken]
|-damage|p2a: Vaporeon|74/100
|-heal|p1a: Ludicolo|55/100|[from] drain|[of] p2a: Vaporeon
|move|p2a: Vaporeon|Ice Beam|p1a: Ludicolo
|-damage|p1a: Ludicolo|36/100
|
|upkeep
|turn|24
|
|t:|1759066647
|move|p1a: Ludicolo|Giga Drain|p2a: Vaporeon
|-supereffective|p2a: Vaporeon
|-damage|p2a: Vaporeon|19/100
|-heal|p1a: Ludicolo|71/100|[from] drain|[of] p2a: Vaporeon
|move|p2a: Vaporeon|Ice Beam|p1a: Ludicolo
|-damage|p1a: Ludicolo|53/100
|
|upkeep
|turn|25
|c|☆Carpio0315|gg
|-message|Dr.Mome forfeited.
|
|win|Carpio0315
|n|☆Carpio0315|carpio0315
|n|☆Dr.Mome|drmome
|n|*Lady Monita ☀|ladymonita
|n| Albrtix|albrtix
|l|*Lady Monita ☀
|l|☆Dr.Mome
|player|p2|
|l|☆Carpio0315
|player|p1|
