|j|☆itoshiflwr
|j|☆overheat xyz
|t:|1759065940
|gametype|singles
|player|p1|itoshiflwr|miku-ground|1570
|player|p2|overheat xyz|1|1659
|gen|9
|tier|[Gen 9] OU
|rated|
|rule|HP Percentage Mod: HP is shown in percentages
|rule|Endless Battle Clause: Forcing endless battles is banned
|rule|Species Clause: Limit one of each Pokémon
|rule|OHKO Clause: OHKO moves are banned
|rule|Evasion Items Clause: Evasion items are banned
|rule|Evasion Moves Clause: Evasion moves are banned
|rule|Evasion Abilities Clause: Evasion abilities are banned
|rule|Sleep Moves Clause: Sleep-inducing moves are banned
|clearpoke
|poke|p1|Raging Bolt|
|poke|p1|Weavile, F|
|poke|p1|Zamazenta-*|
|poke|p1|Ting-Lu|
|poke|p1|Clefable, F|
|poke|p1|Moltres|
|poke|p2|Kingambit, F|
|poke|p2|Garganacl, M|
|poke|p2|Rillaboom, F|
|poke|p2|Primarina, M|
|poke|p2|Dragapult, M|
|poke|p2|Corviknight, M|
|teampreview
|
|t:|1759065954
|teamsize|p1|6
|teamsize|p2|6
|start
|switch|p1a: Raging Bolt|Raging Bolt|100/100
|switch|p2a: Primarina|Primarina, M|100/100
|turn|1
|
|t:|1759065960
|switch|p2a: Garganacl|Garganacl, M|100/100
|move|p1a: Raging Bolt|Volt Switch|p2a: Garganacl
|-damage|p2a: Garganacl|74/100
|
|t:|1759065966
|-end|p1a: Raging Bolt|Protosynthesis|[silent]
|switch|p1a: Ting-Lu|Ting-Lu|100/100|[from] Volt Switch
|-ability|p1a: Ting-Lu|Vessel of Ruin
|
|-heal|p2a: Garganacl|80/100|[from] item: Leftovers
|upkeep
|turn|2
|
|t:|1759065973
|switch|p2a: Corviknight|Corviknight, M|100/100
|-ability|p2a: Corviknight|Pressure
|move|p1a: Ting-Lu|Earthquake|p2a: Corviknight
|-immune|p2a: Corviknight
|
|upkeep
|turn|3
|
|t:|1759065978
|move|p2a: Corviknight|Body Press|p1a: Ting-Lu
|-supereffective|p1a: Ting-Lu
|-damage|p1a: Ting-Lu|71/100
|move|p1a: Ting-Lu|Ruination|p2a: Corviknight
|-damage|p2a: Corviknight|50/100
|
|-heal|p1a: Ting-Lu|77/100|[from] item: Leftovers
|upkeep
|turn|4
|
|t:|1759065993
|move|p2a: Corviknight|Body Press|p1a: Ting-Lu
|-supereffective|p1a: Ting-Lu
|-damage|p1a: Ting-Lu|49/100
|move|p1a: Ting-Lu|Spikes|p2a: Corviknight
|-sidestart|p2: overheat xyz|Spikes
|
|-heal|p1a: Ting-Lu|55/100|[from] item: Leftovers
|upkeep
|turn|5
|
|t:|1759066006
|switch|p1a: Moltres|Moltres|100/100
|move|p2a: Corviknight|Roost|p2a: Corviknight
|-heal|p2a: Corviknight|100/100
|-singleturn|p2a: Corviknight|move: Roost
|
|upkeep
|turn|6
|inactive|Battle timer is ON: inactive players will automatically lose when time's up. (requested by overheat xyz)
|
|t:|1759066013
|move|p1a: Moltres|Hurricane|p2a: Corviknight
|-resisted|p2a: Corviknight
|-damage|p2a: Corviknight|77/100
|move|p2a: Corviknight|Defog|p1a: Moltres
|-unboost|p1a: Moltres|evasion|1
|-sideend|p2: overheat xyz|Spikes|[from] move: Defog|[of] p2a: Corviknight
|
|upkeep
|turn|7
|
|t:|1759066021
|switch|p2a: Garganacl|Garganacl, M|80/100
|move|p1a: Moltres|Flamethrower|p2a: Garganacl
|-resisted|p2a: Garganacl
|-damage|p2a: Garganacl|67/100
|
|-heal|p2a: Garganacl|73/100|[from] item: Leftovers
|upkeep
|turn|8
|
|t:|1759066027
|move|p1a: Moltres|U-turn|p2a: Garganacl
|-crit|p2a: Garganacl
|-damage|p2a: Garganacl|58/100
|
|t:|1759066030
|switch|p1a: Ting-Lu|Ting-Lu|55/100|[from] U-turn
|-ability|p1a: Ting-Lu|Vessel of Ruin
|move|p2a: Garganacl|Salt Cure|p1a: Ting-Lu
|-resisted|p1a: Ting-Lu
|-damage|p1a: Ting-Lu|52/100
|-start|p1a: Ting-Lu|Salt Cure
|
|-heal|p1a: Ting-Lu|58/100|[from] item: Leftovers
|-heal|p2a: Garganacl|64/100|[from] item: Leftovers
|-damage|p1a: Ting-Lu|45/100|[from] Salt Cure
|upkeep
|turn|9
|
|t:|1759066039
|move|p1a: Ting-Lu|Spikes|p2a: Garganacl
|-sidestart|p2: overheat xyz|Spikes
|move|p2a: Garganacl|Stealth Rock|p1a: Ting-Lu
|-sidestart|p1: itoshiflwr|move: Stealth Rock
|
|-heal|p1a: Ting-Lu|52/100|[from] item: Leftovers
|-heal|p2a: Garganacl|70/100|[from] item: Leftovers
|-damage|p1a: Ting-Lu|39/100|[from] Salt Cure
|upkeep
|turn|10
|
|t:|1759066042
|switch|p2a: Corviknight|Corviknight, M|77/100
|-ability|p2a: Corviknight|Pressure
|move|p1a: Ting-Lu|Earthquake|p2a: Corviknight
|-immune|p2a: Corviknight
|
|-heal|p1a: Ting-Lu|45/100|[from] item: Leftovers
|-damage|p1a: Ting-Lu|33/100|[from] Salt Cure
|upkeep
|turn|11
|
|t:|1759066050
|switch|p1a: Raging Bolt|Raging Bolt|100/100
|move|p2a: Corviknight|Defog|p1a: Raging Bolt
|-unboost|p1a: Raging Bolt|evasion|1
|-sideend|p1: itoshiflwr|Stealth Rock|[from] move: Defog|[of] p2a: Corviknight
|-sideend|p2: overheat xyz|Spikes|[from] move: Defog|[of] p2a: Corviknight
|
|upkeep
|turn|12
|
|t:|1759066057
|switch|p2a: Garganacl|Garganacl, M|70/100
|move|p1a: Raging Bolt|Thunderbolt|p2a: Garganacl
|-damage|p2a: Garganacl|37/100
|
|-heal|p2a: Garganacl|44/100|[from] item: Leftovers
|upkeep
|turn|13
|
|t:|1759066062
|move|p1a: Raging Bolt|Volt Switch|p2a: Garganacl
|-damage|p2a: Garganacl|14/100
|
|t:|1759066066
|-end|p1a: Raging Bolt|Protosynthesis|[silent]
|switch|p1a: Weavile|Weavile, F|100/100|[from] Volt Switch
|-ability|p1a: Weavile|Pressure
|move|p2a: Garganacl|Recover|p2a: Garganacl
|-heal|p2a: Garganacl|64/100
|
|-heal|p2a: Garganacl|71/100|[from] item: Leftovers
|upkeep
|turn|14
|
|t:|1759066074
|-terastallize|p2a: Garganacl|Fairy
|move|p1a: Weavile|Triple Axel|p2a: Garganacl
|-crit|p2a: Garganacl
|-damage|p2a: Garganacl|61/100
|-hitcount|p2a: Garganacl|1
|move|p2a: Garganacl|Salt Cure|p1a: Weavile
|-supereffective|p1a: Weavile
|-damage|p1a: Weavile|54/100
|-start|p1a: Weavile|Salt Cure
|
|-heal|p2a: Garganacl|67/100|[from] item: Leftovers
|-damage|p1a: Weavile|41/100|[from] Salt Cure
|upkeep
|turn|15
|
|t:|1759066083
|switch|p1a: Clefable|Clefable, F|100/100
|move|p2a: Garganacl|Recover|p2a: Garganacl
|-heal|p2a: Garganacl|100/100
|
|upkeep
|turn|16
|
|t:|1759066092
|switch|p2a: Primarina|Primarina, M|100/100
|move|p1a: Clefable|Moonblast|p2a: Primarina
|-damage|p2a: Primarina|83/100
|
|upkeep
|turn|17
|
|t:|1759066099
|move|p1a: Clefable|Stealth Rock|p2a: Primarina
|-sidestart|p2: overheat xyz|move: Stealth Rock
|move|p2a: Primarina|Moonblast|p1a: Clefable
|-damage|p1a: Clefable|52/100
|-unboost|p1a: Clefable|spa|1
|
|upkeep
|turn|18
|
|t:|1759066103
|move|p1a: Clefable|Moonlight|p1a: Clefable
|-heal|p1a: Clefable|100/100
|move|p2a: Primarina|Hydro Pump|p1a: Clefable|[miss]
|-miss|p2a: Primarina|p1a: Clefable
|
|upkeep
|turn|19
|
|t:|1759066109
|move|p1a: Clefable|Thunder Wave|p2a: Primarina
|-status|p2a: Primarina|par
|cant|p2a: Primarina|par
|
|upkeep
|turn|20
|
|t:|1759066116
|switch|p1a: Ting-Lu|Ting-Lu|33/100
|-ability|p1a: Ting-Lu|Vessel of Ruin
|move|p2a: Primarina|Whirlpool|p1a: Ting-Lu|[miss]
|-miss|p2a: Primarina|p1a: Ting-Lu
|
|-heal|p1a: Ting-Lu|39/100|[from] item: Leftovers
|upkeep
|turn|21
|
|t:|1759066124
|move|p1a: Ting-Lu|Spikes|p2a: Primarina
|-sidestart|p2: overheat xyz|Spikes
|cant|p2a: Primarina|par
|
|-heal|p1a: Ting-Lu|45/100|[from] item: Leftovers
|upkeep
|turn|22
|
|t:|1759066129
|switch|p2a: Corviknight|Corviknight, M|77/100
|-damage|p2a: Corviknight|64/100|[from] Stealth Rock
|-ability|p2a: Corviknight|Pressure
|move|p1a: Ting-Lu|Ruination|p2a: Corviknight
|-damage|p2a: Corviknight|32/100
|
|-heal|p1a: Ting-Lu|52/100|[from] item: Leftovers
|upkeep
|turn|23
|
|t:|1759066138
|switch|p1a: Raging Bolt|Raging Bolt|100/100
|move|p2a: Corviknight|Defog|p1a: Raging Bolt
|-unboost|p1a: Raging Bolt|evasion|1
|-sideend|p2: overheat xyz|Spikes|[from] move: Defog|[of] p2a: Corviknight
|-sideend|p2: overheat xyz|Stealth Rock|[from] move: Defog|[of] p2a: Corviknight
|
|upkeep
|turn|24
|
|t:|1759066144
|switch|p2a: Garganacl|Garganacl, M, tera:Fairy|100/100
|move|p1a: Raging Bolt|Volt Switch|p2a: Garganacl
|-damage|p2a: Garganacl|74/100
|
|t:|1759066157
|-end|p1a: Raging Bolt|Protosynthesis|[silent]
|switch|p1a: Clefable|Clefable, F|100/100|[from] Volt Switch
|
|-heal|p2a: Garganacl|80/100|[from] item: Leftovers
|upkeep
|turn|25
|
|t:|1759066168
|switch|p2a: Corviknight|Corviknight, M|32/100
|-ability|p2a: Corviknight|Pressure
|move|p1a: Clefable|Stealth Rock|p2a: Corviknight
|-sidestart|p2: overheat xyz|move: Stealth Rock
|
|upkeep
|turn|26
|
|t:|1759066174
|switch|p1a: Raging Bolt|Raging Bolt|100/100
|move|p2a: Corviknight|Roost|p2a: Corviknight
|-heal|p2a: Corviknight|82/100
|-singleturn|p2a: Corviknight|move: Roost
|
|upkeep
|turn|27
|
|t:|1759066179
|switch|p2a: Garganacl|Garganacl, M, tera:Fairy|80/100
|-damage|p2a: Garganacl|68/100|[from] Stealth Rock
|move|p1a: Raging Bolt|Thunderbolt|p2a: Garganacl
|-damage|p2a: Garganacl|35/100
|
|-heal|p2a: Garganacl|42/100|[from] item: Leftovers
|upkeep
|turn|28
|
|t:|1759066185
|move|p2a: Garganacl|Protect|p2a: Garganacl
|-singleturn|p2a: Garganacl|Protect
|move|p1a: Raging Bolt|Thunderbolt|p2a: Garganacl
|-activate|p2a: Garganacl|move: Protect
|
|-heal|p2a: Garganacl|48/100|[from] item: Leftovers
|upkeep
|turn|29
|
|t:|1759066189
|move|p1a: Raging Bolt|Thunderbolt|p2a: Garganacl
|-damage|p2a: Garganacl|14/100
|move|p2a: Garganacl|Recover|p2a: Garganacl
|-heal|p2a: Garganacl|64/100
|
|-heal|p2a: Garganacl|70/100|[from] item: Leftovers
|upkeep
|turn|30
|
|t:|1759066194
|move|p1a: Raging Bolt|Thunderbolt|p2a: Garganacl
|-damage|p2a: Garganacl|38/100
|move|p2a: Garganacl|Salt Cure|p1a: Raging Bolt
|-damage|p1a: Raging Bolt|87/100
|-start|p1a: Raging Bolt|Salt Cure
|
|-heal|p2a: Garganacl|44/100|[from] item: Leftovers
|-damage|p1a: Raging Bolt|74/100|[from] Salt Cure
|upkeep
|turn|31
|
|t:|1759066199
|-end|p1a: Raging Bolt|Protosynthesis|[silent]
|switch|p1a: Ting-Lu|Ting-Lu|52/100
|-ability|p1a: Ting-Lu|Vessel of Ruin
|move|p2a: Garganacl|Protect||[still]
|-fail|p2a: Garganacl
|
|-heal|p1a: Ting-Lu|58/100|[from] item: Leftovers
|-heal|p2a: Garganacl|50/100|[from] item: Leftovers
|upkeep
|turn|32
|
|t:|1759066205
|move|p1a: Ting-Lu|Spikes|p2a: Garganacl
|-sidestart|p2: overheat xyz|Spikes
|move|p2a: Garganacl|Salt Cure|p1a: Ting-Lu
|-resisted|p1a: Ting-Lu
|-damage|p1a: Ting-Lu|54/100
|-start|p1a: Ting-Lu|Salt Cure
|
|-heal|p1a: Ting-Lu|60/100|[from] item: Leftovers
|-heal|p2a: Garganacl|56/100|[from] item: Leftovers
|-damage|p1a: Ting-Lu|48/100|[from] Salt Cure
|upkeep
|turn|33
|
|t:|1759066209
|switch|p1a: Raging Bolt|Raging Bolt|74/100
|move|p2a: Garganacl|Recover|p2a: Garganacl
|-heal|p2a: Garganacl|100/100
|
|upkeep
|turn|34
|
|t:|1759066214
|move|p1a: Raging Bolt|Volt Switch|p2a: Garganacl
|-damage|p2a: Garganacl|72/100
|
|t:|1759066217
|-end|p1a: Raging Bolt|Protosynthesis|[silent]
|switch|p1a: Ting-Lu|Ting-Lu|48/100|[from] Volt Switch
|-ability|p1a: Ting-Lu|Vessel of Ruin
|move|p2a: Garganacl|Salt Cure|p1a: Ting-Lu
|-resisted|p1a: Ting-Lu
|-damage|p1a: Ting-Lu|44/100
|-start|p1a: Ting-Lu|Salt Cure
|
|-heal|p1a: Ting-Lu|50/100|[from] item: Leftovers
|-heal|p2a: Garganacl|78/100|[from] item: Leftovers
|-damage|p1a: Ting-Lu|38/100|[from] Salt Cure
|upkeep
|turn|35
|
|t:|1759066223
|move|p1a: Ting-Lu|Ruination|p2a: Garganacl
|-damage|p2a: Garganacl|40/100
|move|p2a: Garganacl|Stealth Rock|p1a: Ting-Lu
|-sidestart|p1: itoshiflwr|move: Stealth Rock
|
|-heal|p1a: Ting-Lu|44/100|[from] item: Leftovers
|-heal|p2a: Garganacl|46/100|[from] item: Leftovers
|-damage|p1a: Ting-Lu|32/100|[from] Salt Cure
|upkeep
|turn|36
|
|t:|1759066227
|switch|p1a: Raging Bolt|Raging Bolt|74/100
|move|p2a: Garganacl|Salt Cure|p1a: Raging Bolt
|-damage|p1a: Raging Bolt|61/100
|-start|p1a: Raging Bolt|Salt Cure
|
|-heal|p2a: Garganacl|52/100|[from] item: Leftovers
|-damage|p1a: Raging Bolt|49/100|[from] Salt Cure
|upkeep
|turn|37
|
|t:|1759066232
|-end|p1a: Raging Bolt|Protosynthesis|[silent]
|switch|p1a: Weavile|Weavile, F|41/100
|-ability|p1a: Weavile|Pressure
|move|p2a: Garganacl|Recover|p2a: Garganacl
|-heal|p2a: Garganacl|100/100
|
|upkeep
|turn|38
|
|t:|1759066237
|move|p1a: Weavile|Knock Off|p2a: Garganacl
|-resisted|p2a: Garganacl
|-damage|p2a: Garganacl|85/100
|-enditem|p2a: Garganacl|Leftovers|[from] move: Knock Off|[of] p1a: Weavile
|move|p2a: Garganacl|Salt Cure|p1a: Weavile
|-supereffective|p1a: Weavile
|-damage|p1a: Weavile|0 fnt
|faint|p1a: Weavile
|
|upkeep
|
|t:|1759066244
|switch|p1a: Raging Bolt|Raging Bolt|49/100
|turn|39
|
|t:|1759066249
|move|p1a: Raging Bolt|Volt Switch|p2a: Garganacl
|-crit|p2a: Garganacl
|-damage|p2a: Garganacl|41/100
|
|t:|1759066253
|-end|p1a: Raging Bolt|Protosynthesis|[silent]
|switch|p1a: Clefable|Clefable, F|100/100|[from] Volt Switch
|move|p2a: Garganacl|Recover|p2a: Garganacl
|-heal|p2a: Garganacl|91/100
|
|upkeep
|turn|40
|
|t:|1759066261
|switch|p1a: Raging Bolt|Raging Bolt|49/100
|switch|p2a: Corviknight|Corviknight, M|82/100
|-damage|p2a: Corviknight|70/100|[from] Stealth Rock
|-ability|p2a: Corviknight|Pressure
|
|upkeep
|turn|41
|
|t:|1759066266
|switch|p2a: Garganacl|Garganacl, M, tera:Fairy|91/100
|-damage|p2a: Garganacl|79/100|[from] Stealth Rock
|-damage|p2a: Garganacl|66/100|[from] Spikes
|move|p1a: Raging Bolt|Thunderbolt|p2a: Garganacl
|-damage|p2a: Garganacl|29/100
|
|upkeep
|turn|42
|
|t:|1759066275
|move|p1a: Raging Bolt|Thunderbolt|p2a: Garganacl
|-damage|p2a: Garganacl|0 fnt
|faint|p2a: Garganacl
|
|upkeep
|
|t:|1759066277
|switch|p2a: Dragapult|Dragapult, M|100/100
|-damage|p2a: Dragapult|88/100|[from] Stealth Rock
|-damage|p2a: Dragapult|76/100|[from] Spikes
|turn|43
|
|t:|1759066288
|-end|p1a: Raging Bolt|Protosynthesis|[silent]
|switch|p1a: Clefable|Clefable, F|100/100
|move|p2a: Dragapult|U-turn|p1a: Clefable
|-resisted|p1a: Clefable
|-crit|p1a: Clefable
|-damage|p1a: Clefable|91/100
|-damage|p2a: Dragapult|59/100|[from] item: Rocky Helmet|[of] p1a: Clefable
|
|t:|1759066291
|switch|p2a: Corviknight|Corviknight, M|70/100|[from] U-turn
|-damage|p2a: Corviknight|57/100|[from] Stealth Rock
|-ability|p2a: Corviknight|Pressure
|
|upkeep
|turn|44
|
|t:|1759066296
|switch|p1a: Raging Bolt|Raging Bolt|49/100
|move|p2a: Corviknight|Defog|p1a: Raging Bolt
|-unboost|p1a: Raging Bolt|evasion|1
|-sideend|p1: itoshiflwr|Stealth Rock|[from] move: Defog|[of] p2a: Corviknight
|-sideend|p2: overheat xyz|Spikes|[from] move: Defog|[of] p2a: Corviknight
|-sideend|p2: overheat xyz|Stealth Rock|[from] move: Defog|[of] p2a: Corviknight
|
|upkeep
|turn|45
|
|t:|1759066301
|switch|p2a: Rillaboom|Rillaboom, F|100/100
|-fieldstart|move: Grassy Terrain|[from] ability: Grassy Surge|[of] p2a: Rillaboom
|move|p1a: Raging Bolt|Thunderbolt|p2a: Rillaboom
|-resisted|p2a: Rillaboom
|-damage|p2a: Rillaboom|66/100
|
|-heal|p2a: Rillaboom|72/100|[from] Grassy Terrain
|-heal|p1a: Raging Bolt|55/100|[from] Grassy Terrain
|upkeep
|turn|46
|
|t:|1759066310
|-end|p1a: Raging Bolt|Protosynthesis|[silent]
|switch|p1a: Clefable|Clefable, F|91/100
|move|p2a: Rillaboom|Knock Off|p1a: Clefable
|-resisted|p1a: Clefable
|-damage|p1a: Clefable|69/100
|-damage|p2a: Rillaboom|55/100|[from] item: Rocky Helmet|[of] p1a: Clefable
|-enditem|p1a: Clefable|Rocky Helmet|[from] move: Knock Off|[of] p2a: Rillaboom
|
|-heal|p2a: Rillaboom|61/100|[from] Grassy Terrain
|-heal|p1a: Clefable|75/100|[from] Grassy Terrain
|upkeep
|turn|47
|
|t:|1759066317
|switch|p2a: Primarina|Primarina, M|83/100 par
|switch|p1a: Moltres|Moltres|100/100
|
|-heal|p2a: Primarina|89/100 par|[from] Grassy Terrain
|upkeep
|turn|48
|
|t:|1759066328
|move|p1a: Moltres|U-turn|p2a: Primarina
|-resisted|p2a: Primarina
|-damage|p2a: Primarina|81/100 par
|
|t:|1759066331
|switch|p1a: Raging Bolt|Raging Bolt|55/100|[from] U-turn
|cant|p2a: Primarina|par
|
|-heal|p1a: Raging Bolt|61/100|[from] Grassy Terrain
|-heal|p2a: Primarina|87/100 par|[from] Grassy Terrain
|upkeep
|turn|49
|
|t:|1759066338
|move|p1a: Raging Bolt|Volt Switch|p2a: Primarina
|-supereffective|p2a: Primarina
|-damage|p2a: Primarina|42/100 par
|
|t:|1759066347
|-end|p1a: Raging Bolt|Protosynthesis|[silent]
|switch|p1a: Clefable|Clefable, F|75/100|[from] Volt Switch
|move|p2a: Primarina|Moonblast|p1a: Clefable
|-damage|p1a: Clefable|28/100
|
|-heal|p1a: Clefable|34/100|[from] Grassy Terrain
|-heal|p2a: Primarina|48/100 par|[from] Grassy Terrain
|-fieldend|move: Grassy Terrain
|upkeep
|turn|50
|
|t:|1759066356
|move|p1a: Clefable|Stealth Rock|p2a: Primarina
|-sidestart|p2: overheat xyz|move: Stealth Rock
|move|p2a: Primarina|Whirlpool|p1a: Clefable
|-crit|p1a: Clefable
|-damage|p1a: Clefable|5/100
|-activate|p1a: Clefable|move: Whirlpool|[of] p2a: Primarina
|
|upkeep
|turn|51
|
|t:|1759066364
|move|p1a: Clefable|Moonblast|p2a: Primarina
|-damage|p2a: Primarina|32/100 par
|move|p2a: Primarina|Psychic Noise|p1a: Clefable
|-damage|p1a: Clefable|0 fnt
|faint|p1a: Clefable
|
|upkeep
|
|t:|1759066368
|switch|p1a: Raging Bolt|Raging Bolt|61/100
|turn|52
|
|t:|1759066371
|move|p1a: Raging Bolt|Thunderbolt|p2a: Primarina
|-supereffective|p2a: Primarina
|-damage|p2a: Primarina|0 fnt
|faint|p2a: Primarina
|
|upkeep
|
|t:|1759066376
|switch|p2a: Dragapult|Dragapult, M|59/100
|-damage|p2a: Dragapult|47/100|[from] Stealth Rock
|turn|53
|
|t:|1759066381
|-terastallize|p1a: Raging Bolt|Fairy
|move|p2a: Dragapult|U-turn|p1a: Raging Bolt
|-resisted|p1a: Raging Bolt
|-damage|p1a: Raging Bolt|53/100
|
|t:|1759066388
|switch|p2a: Rillaboom|Rillaboom, F|61/100|[from] U-turn
|-damage|p2a: Rillaboom|49/100|[from] Stealth Rock
|-fieldstart|move: Grassy Terrain|[from] ability: Grassy Surge|[of] p2a: Rillaboom
|move|p1a: Raging Bolt|Dragon Pulse|p2a: Rillaboom
|-damage|p2a: Rillaboom|0 fnt
|faint|p2a: Rillaboom
|
|-heal|p1a: Raging Bolt|60/100|[from] Grassy Terrain
|upkeep
|
|t:|1759066391
|switch|p2a: Kingambit|Kingambit, F|100/100
|-damage|p2a: Kingambit|94/100|[from] Stealth Rock
|-activate|p2a: Kingambit|ability: Supreme Overlord
|-start|p2a: Kingambit|fallen3|[silent]
|-enditem|p2a: Kingambit|Grassy Seed
|-boost|p2a: Kingambit|def|1|[from] item: Grassy Seed
|turn|54
|
|t:|1759066399
|move|p1a: Raging Bolt|Volt Switch|p2a: Kingambit
|-damage|p2a: Kingambit|57/100
|
|t:|1759066404
|-end|p1a: Raging Bolt|Protosynthesis|[silent]
|switch|p1a: Moltres|Moltres|100/100|[from] Volt Switch
|move|p2a: Kingambit|Swords Dance|p2a: Kingambit
|-boost|p2a: Kingambit|atk|2
|
|-heal|p2a: Kingambit|63/100|[from] Grassy Terrain
|upkeep
|turn|55
|
|t:|1759066408
|move|p2a: Kingambit|Sucker Punch|p1a: Moltres
|-damage|p1a: Moltres|28/100
|move|p1a: Moltres|Flamethrower|p2a: Kingambit
|-supereffective|p2a: Kingambit
|-damage|p2a: Kingambit|0 fnt
|faint|p2a: Kingambit
|-end|p2a: Kingambit|fallen3|[silent]
|
|upkeep
|
|t:|1759066411
|switch|p2a: Dragapult|Dragapult, M|47/100
|-damage|p2a: Dragapult|35/100|[from] Stealth Rock
|turn|56
|
|t:|1759066415
|move|p2a: Dragapult|Draco Meteor|p1a: Moltres
|-damage|p1a: Moltres|0 fnt
|-unboost|p2a: Dragapult|spa|2
|faint|p1a: Moltres
|
|-heal|p2a: Dragapult|41/100|[from] Grassy Terrain
|upkeep
|
|t:|1759066419
|switch|p1a: Raging Bolt|Raging Bolt, tera:Fairy|60/100
|turn|57
|-message|overheat xyz forfeited.
|
|win|itoshiflwr
|raw|itoshiflwr's rating: 1570 &rarr; <strong>1595</strong><br />(+25 for winning)
|raw|overheat xyz's rating: 1659 &rarr; <strong>1634</strong><br />(-25 for losing)
|l|☆overheat xyz
|player|p2|
