|j|☆REX_1A91S
|j|☆dr. drake6782
|t:|1759076944
|gametype|singles
|player|p1|REX_1A91S|riley|1430
|player|p2|dr. drake6782|170|1464
|gen|9
|tier|[Gen 9] OU
|rated|
|rule|HP Percentage Mod: HP is shown in percentages
|rule|Endless Battle Clause: Forcing endless battles is banned
|rule|Species Clause: Limit one of each Pokémon
|rule|OHKO Clause: OHKO moves are banned
|rule|Evasion Items Clause: Evasion items are banned
|rule|Evasion Moves Clause: Evasion moves are banned
|rule|Evasion Abilities Clause: Evasion abilities are banned
|rule|Sleep Moves Clause: Sleep-inducing moves are banned
|clearpoke
|poke|p1|Corviknight, F|
|poke|p1|Slowking-Galar, F|
|poke|p1|Pecharunt|
|poke|p1|Kyurem|
|poke|p1|Samurott-Hisui, F|
|poke|p1|Iron Valiant|
|poke|p2|Tyranitar, M|
|poke|p2|Excadrill, M|
|poke|p2|Kingambit, M|
|poke|p2|Garchomp, F|
|poke|p2|Pecharunt|
|poke|p2|Rotom-Wash|
|teampreview
|inactive|Battle timer is ON: inactive players will automatically lose when time's up. (requested by dr. drake6782)
|inactive|dr. drake6782 has 120 seconds left.
|
|t:|1759076975
|teamsize|p1|6
|teamsize|p2|6
|start
|switch|p1a: Samurott|Samurott-Hisui, F|100/100
|switch|p2a: Rotom|Rotom-Wash|100/100
|turn|1
|
|t:|1759076994
|move|p1a: Samurott|Flip Turn|p2a: Rotom
|-resisted|p2a: Rotom
|-damage|p2a: Rotom|89/100
|
|t:|1759076998
|switch|p1a: Slowking|Slowking-Galar, F|100/100|[from] Flip Turn
|move|p2a: Rotom|Will-O-Wisp|p1a: Slowking
|-status|p1a: Slowking|brn
|
|-heal|p2a: Rotom|96/100|[from] item: Leftovers
|-damage|p1a: Slowking|94/100 brn|[from] brn
|upkeep
|turn|2
|
|t:|1759077013
|move|p2a: Rotom|Volt Switch|p1a: Slowking
|-damage|p1a: Slowking|81/100 brn
|
|t:|1759077038
|switch|p2a: Tyranitar|Tyranitar, M|100/100|[from] Volt Switch
|-weather|Sandstorm|[from] ability: Sand Stream|[of] p2a: Tyranitar
|move|p1a: Slowking|Ice Beam|p2a: Tyranitar
|-damage|p2a: Tyranitar|89/100
|
|-weather|Sandstorm|[upkeep]
|-damage|p1a: Slowking|75/100 brn|[from] Sandstorm
|-damage|p1a: Slowking|69/100 brn|[from] brn
|upkeep
|turn|3
|
|t:|1759077052
|switch|p1a: Corviknight|Corviknight, F|100/100
|-ability|p1a: Corviknight|Pressure
|move|p2a: Tyranitar|Knock Off|p1a: Corviknight
|-damage|p1a: Corviknight|75/100
|-enditem|p1a: Corviknight|Leftovers|[from] move: Knock Off|[of] p2a: Tyranitar
|
|-weather|Sandstorm|[upkeep]
|upkeep
|turn|4
|
|t:|1759077060
|move|p1a: Corviknight|U-turn|p2a: Tyranitar
|-supereffective|p2a: Tyranitar
|-damage|p2a: Tyranitar|66/100
|
|t:|1759077064
|switch|p1a: Pecharunt|Pecharunt|100/100|[from] U-turn
|move|p2a: Tyranitar|Thunder Wave|p1a: Pecharunt
|-status|p1a: Pecharunt|par
|
|-weather|Sandstorm|[upkeep]
|-damage|p1a: Pecharunt|94/100 par|[from] Sandstorm
|upkeep
|turn|5
|
|t:|1759077075
|switch|p1a: Corviknight|Corviknight, F|75/100
|-ability|p1a: Corviknight|Pressure
|move|p2a: Tyranitar|Stealth Rock|p1a: Corviknight
|-sidestart|p1: REX_1A91S|move: Stealth Rock
|
|-weather|Sandstorm|[upkeep]
|upkeep
|turn|6
|
|t:|1759077082
|move|p1a: Corviknight|Defog|p2a: Tyranitar
|-unboost|p2a: Tyranitar|evasion|1
|-sideend|p1: REX_1A91S|Stealth Rock|[from] move: Defog|[of] p1a: Corviknight
|move|p2a: Tyranitar|Thunder Wave|p1a: Corviknight
|-status|p1a: Corviknight|par
|
|-weather|Sandstorm|[upkeep]
|upkeep
|turn|7
|
|t:|1759077090
|move|p2a: Tyranitar|Stealth Rock|p1a: Corviknight
|-sidestart|p1: REX_1A91S|move: Stealth Rock
|move|p1a: Corviknight|U-turn|p2a: Tyranitar
|-supereffective|p2a: Tyranitar
|-crit|p2a: Tyranitar
|-damage|p2a: Tyranitar|35/100
|
|t:|1759077096
|switch|p1a: Samurott|Samurott-Hisui, F|100/100|[from] U-turn
|-damage|p1a: Samurott|88/100|[from] Stealth Rock
|
|-weather|Sandstorm|[upkeep]
|-damage|p1a: Samurott|82/100|[from] Sandstorm
|upkeep
|turn|8
|
|t:|1759077102
|switch|p2a: Rotom|Rotom-Wash|96/100
|move|p1a: Samurott|Flip Turn|p2a: Rotom
|-resisted|p2a: Rotom
|-damage|p2a: Rotom|85/100
|
|t:|1759077109
|switch|p1a: Slowking|Slowking-Galar, F|100/100 brn|[from] Flip Turn
|-damage|p1a: Slowking|88/100 brn|[from] Stealth Rock
|
|-weather|Sandstorm|[upkeep]
|-damage|p2a: Rotom|78/100|[from] Sandstorm
|-damage|p1a: Slowking|82/100 brn|[from] Sandstorm
|-heal|p2a: Rotom|85/100|[from] item: Leftovers
|-damage|p1a: Slowking|76/100 brn|[from] brn
|upkeep
|turn|9
|
|t:|1759077124
|move|p2a: Rotom|Volt Switch|p1a: Slowking
|-damage|p1a: Slowking|64/100 brn
|
|t:|1759077126
|switch|p2a: Garchomp|Garchomp, F|100/100|[from] Volt Switch
|move|p1a: Slowking|Flamethrower|p2a: Garchomp
|-resisted|p2a: Garchomp
|-damage|p2a: Garchomp|85/100
|
|-weather|none
|-damage|p1a: Slowking|58/100 brn|[from] brn
|upkeep
|turn|10
|
|t:|1759077138
|switch|p1a: Corviknight|Corviknight, F|75/100 par
|-damage|p1a: Corviknight|62/100 par|[from] Stealth Rock
|-ability|p1a: Corviknight|Pressure
|move|p2a: Garchomp|Scale Shot|p1a: Corviknight
|-resisted|p1a: Corviknight
|-damage|p1a: Corviknight|58/100 par
|-resisted|p1a: Corviknight
|-damage|p1a: Corviknight|54/100 par
|-resisted|p1a: Corviknight
|-damage|p1a: Corviknight|50/100 par
|-resisted|p1a: Corviknight
|-damage|p1a: Corviknight|46/100 par
|-hitcount|p1a: Corviknight|4
|-unboost|p2a: Garchomp|def|1
|-boost|p2a: Garchomp|spe|1
|
|upkeep
|turn|11
|
|t:|1759077154
|move|p2a: Garchomp|Swords Dance|p2a: Garchomp
|-boost|p2a: Garchomp|atk|2
|move|p1a: Corviknight|Roost|p1a: Corviknight
|-heal|p1a: Corviknight|96/100 par
|-singleturn|p1a: Corviknight|move: Roost
|
|upkeep
|turn|12
|
|t:|1759077160
|move|p2a: Garchomp|Scale Shot|p1a: Corviknight
|-resisted|p1a: Corviknight
|-damage|p1a: Corviknight|87/100 par
|-resisted|p1a: Corviknight
|-damage|p1a: Corviknight|79/100 par
|-resisted|p1a: Corviknight
|-damage|p1a: Corviknight|71/100 par
|-resisted|p1a: Corviknight
|-damage|p1a: Corviknight|63/100 par
|-hitcount|p1a: Corviknight|4
|-unboost|p2a: Garchomp|def|1
|-boost|p2a: Garchomp|spe|1
|move|p1a: Corviknight|U-turn|p2a: Garchomp
|-damage|p2a: Garchomp|55/100
|-damage|p1a: Corviknight|51/100 par|[from] ability: Rough Skin|[of] p2a: Garchomp
|
|t:|1759077174
|switch|p1a: Pecharunt|Pecharunt|94/100 par|[from] U-turn
|
|upkeep
|turn|13
|
|t:|1759077178
|move|p2a: Garchomp|Earthquake|p1a: Pecharunt
|-supereffective|p1a: Pecharunt
|-damage|p1a: Pecharunt|0 fnt
|faint|p1a: Pecharunt
|
|upkeep
|-message|REX_1A91S forfeited.
|
|win|dr. drake6782
|raw|REX_1A91S's rating: 1430 &rarr; <strong>1412</strong><br />(-18 for losing)
|raw|dr. drake6782's rating: 1464 &rarr; <strong>1482</strong><br />(+18 for winning)
|l|☆REX_1A91S
|player|p1|
