|j|☆vghhjg
|j|☆Shibuya Arc
|t:|1758918193
|gametype|singles
|player|p1|vghhjg|2|1588
|player|p2|Shibuya Arc|265|1481
|gen|9
|tier|[Gen 9] OU
|rated|
|rule|HP Percentage Mod: HP is shown in percentages
|rule|Endless Battle Clause: Forcing endless battles is banned
|rule|Species Clause: Limit one of each Pokémon
|rule|OHKO Clause: OHKO moves are banned
|rule|Evasion Items Clause: Evasion items are banned
|rule|Evasion Moves Clause: Evasion moves are banned
|rule|Evasion Abilities Clause: Evasion abilities are banned
|rule|Sleep Moves Clause: Sleep-inducing moves are banned
|clearpoke
|poke|p1|Gholdengo|
|poke|p1|Ribombee, F|
|poke|p1|Dragonite, F|
|poke|p1|Comfey, M|
|poke|p1|Gliscor, M|
|poke|p1|Primarina, F|
|poke|p2|Dragapult, F|
|poke|p2|Dragonite, F|
|poke|p2|Ting-Lu|
|poke|p2|Weezing-Galar, F|
|poke|p2|Iron Crown|
|poke|p2|Zapdos|
|teampreview
|
|t:|1758918202
|teamsize|p1|6
|teamsize|p2|6
|start
|switch|p1a: Ribombee|Ribombee, F|100/100
|switch|p2a: Ting-Lu|Ting-Lu|100/100
|-ability|p2a: Ting-Lu|Vessel of Ruin
|turn|1
|inactive|Battle timer is ON: inactive players will automatically lose when time's up. (requested by Shibuya Arc)
|
|t:|1758918208
|move|p1a: Ribombee|Stun Spore|p2a: Ting-Lu
|-status|p2a: Ting-Lu|par
|move|p2a: Ting-Lu|Ruination|p1a: Ribombee
|-damage|p1a: Ribombee|51/100
|
|upkeep
|turn|2
|
|t:|1758918216
|switch|p2a: Iron Crown|Iron Crown|100/100
|move|p1a: Ribombee|Sticky Web|p2a: Iron Crown
|-sidestart|p2: Shibuya Arc|move: Sticky Web
|
|upkeep
|turn|3
|
|t:|1758918222
|move|p1a: Ribombee|Stun Spore|p2a: Iron Crown
|-status|p2a: Iron Crown|par
|cant|p2a: Iron Crown|par
|
|upkeep
|turn|4
|
|t:|1758918228
|move|p1a: Ribombee|Psychic Noise|p2a: Iron Crown
|-resisted|p2a: Iron Crown
|-damage|p2a: Iron Crown|95/100 par
|-start|p2a: Iron Crown|move: Heal Block
|move|p2a: Iron Crown|Tachyon Cutter|p1a: Ribombee
|-supereffective|p1a: Ribombee
|-damage|p1a: Ribombee|0 fnt
|faint|p1a: Ribombee
|-hitcount|p1: Ribombee|1
|
|upkeep
|
|t:|1758918233
|switch|p1a: Gliscor|Gliscor, M|100/100
|turn|5
|
|t:|1758918239
|-end|p2a: Iron Crown|Quark Drive|[silent]
|switch|p2a: Ting-Lu|Ting-Lu|100/100 par
|-activate|p2a: Ting-Lu|move: Sticky Web
|-unboost|p2a: Ting-Lu|spe|1
|-ability|p2a: Ting-Lu|Vessel of Ruin
|move|p1a: Gliscor|Swords Dance|p1a: Gliscor
|-boost|p1a: Gliscor|atk|2
|
|-status|p1a: Gliscor|tox|[from] item: Toxic Orb
|upkeep
|turn|6
|
|t:|1758918247
|move|p1a: Gliscor|Stealth Rock|p2a: Ting-Lu
|-sidestart|p2: Shibuya Arc|move: Stealth Rock
|move|p2a: Ting-Lu|Stealth Rock|p1a: Gliscor
|-sidestart|p1: vghhjg|move: Stealth Rock
|
|upkeep
|turn|7
|
|t:|1758918253
|switch|p2a: Dragonite|Dragonite, F|100/100
|move|p1a: Gliscor|Dual Wingbeat|p2a: Dragonite
|-damage|p2a: Dragonite|84/100
|-damage|p2a: Dragonite|48/100
|-hitcount|p2a: Dragonite|2
|
|upkeep
|turn|8
|
|t:|1758918261
|switch|p2a: Zapdos|Zapdos|100/100
|move|p1a: Gliscor|Dual Wingbeat|p2a: Zapdos
|-resisted|p2a: Zapdos
|-damage|p2a: Zapdos|79/100
|-resisted|p2a: Zapdos
|-damage|p2a: Zapdos|58/100
|-hitcount|p2a: Zapdos|2
|
|upkeep
|turn|9
|
|t:|1758918269
|move|p2a: Zapdos|Hurricane|p1a: Gliscor
|-damage|p1a: Gliscor|20/100 tox
|move|p1a: Gliscor|Swords Dance|p1a: Gliscor
|-boost|p1a: Gliscor|atk|2
|
|-heal|p1a: Gliscor|32/100 tox|[from] ability: Poison Heal
|upkeep
|turn|10
|
|t:|1758918277
|move|p2a: Zapdos|Heat Wave|p1a: Gliscor
|-damage|p1a: Gliscor|0 fnt
|faint|p1a: Gliscor
|
|upkeep
|
|t:|1758918307
|switch|p1a: Comfey|Comfey, M|100/100
|-damage|p1a: Comfey|88/100|[from] Stealth Rock
|turn|11
|
|t:|1758918312
|move|p2a: Zapdos|Volt Switch|p1a: Comfey
|-damage|p1a: Comfey|51/100
|
|t:|1758918323
|switch|p2a: Iron Crown|Iron Crown|95/100 par|[from] Volt Switch
|-activate|p2a: Iron Crown|move: Sticky Web
|-unboost|p2a: Iron Crown|spe|1
|-damage|p2a: Iron Crown|89/100 par|[from] Stealth Rock
|move|p1a: Comfey|Calm Mind|p1a: Comfey
|-boost|p1a: Comfey|spa|1
|-boost|p1a: Comfey|spd|1
|
|upkeep
|turn|12
|inactive|vghhjg has 120 seconds left.
|
|t:|1758918363
|-terastallize|p1a: Comfey|Ground
|move|p1a: Comfey|Tera Blast|p2a: Iron Crown|[anim] Tera Blast Ground
|-supereffective|p2a: Iron Crown
|-damage|p2a: Iron Crown|0 fnt
|faint|p2a: Iron Crown
|-end|p2a: Iron Crown|Quark Drive|[silent]
|-damage|p1a: Comfey|41/100|[from] item: Life Orb
|
|upkeep
|
|t:|1758918372
|switch|p2a: Ting-Lu|Ting-Lu|100/100 par
|-activate|p2a: Ting-Lu|move: Sticky Web
|-unboost|p2a: Ting-Lu|spe|1
|-damage|p2a: Ting-Lu|94/100 par|[from] Stealth Rock
|-ability|p2a: Ting-Lu|Vessel of Ruin
|turn|13
|inactive|vghhjg has 120 seconds left.
|
|t:|1758918394
|move|p1a: Comfey|Draining Kiss|p2a: Ting-Lu
|-supereffective|p2a: Ting-Lu
|-damage|p2a: Ting-Lu|62/100 par
|-heal|p1a: Comfey|82/100|[from] drain|[of] p2a: Ting-Lu
|-damage|p1a: Comfey|72/100|[from] item: Life Orb
|move|p2a: Ting-Lu|Earthquake|p1a: Comfey
|-damage|p1a: Comfey|26/100
|
|-heal|p2a: Ting-Lu|68/100 par|[from] item: Leftovers
|upkeep
|turn|14
|
|t:|1758918405
|move|p1a: Comfey|Draining Kiss|p2a: Ting-Lu
|-supereffective|p2a: Ting-Lu
|-damage|p2a: Ting-Lu|36/100 par
|-heal|p1a: Comfey|67/100|[from] drain|[of] p2a: Ting-Lu
|-damage|p1a: Comfey|57/100|[from] item: Life Orb
|cant|p2a: Ting-Lu|par
|
|-heal|p2a: Ting-Lu|42/100 par|[from] item: Leftovers
|upkeep
|turn|15
|inactive|vghhjg has 120 seconds left.
|
|t:|1758918413
|-terastallize|p2a: Ting-Lu|Water
|move|p1a: Comfey|Calm Mind|p1a: Comfey
|-boost|p1a: Comfey|spa|1
|-boost|p1a: Comfey|spd|1
|move|p2a: Ting-Lu|Earthquake|p1a: Comfey
|-damage|p1a: Comfey|11/100
|
|-heal|p2a: Ting-Lu|48/100 par|[from] item: Leftovers
|upkeep
|turn|16
|inactive|vghhjg has 120 seconds left.
|
|t:|1758918449
|move|p1a: Comfey|Tera Blast|p2a: Ting-Lu|[anim] Tera Blast Ground
|-damage|p2a: Ting-Lu|15/100 par
|-damage|p1a: Comfey|1/100|[from] item: Life Orb
|move|p2a: Ting-Lu|Earthquake|p1a: Comfey
|-damage|p1a: Comfey|0 fnt
|faint|p1a: Comfey
|
|-heal|p2a: Ting-Lu|21/100 par|[from] item: Leftovers
|upkeep
|inactive|vghhjg has 90 seconds left.
|
|t:|1758918465
|switch|p1a: Dragonite|Dragonite, F|100/100
|turn|17
|
|t:|1758918471
|move|p1a: Dragonite|Encore|p2a: Ting-Lu
|-start|p2a: Ting-Lu|Encore
|move|p2a: Ting-Lu|Earthquake|p1a: Dragonite
|-immune|p1a: Dragonite
|
|-heal|p2a: Ting-Lu|27/100 par|[from] item: Leftovers
|upkeep
|turn|18
|
|t:|1758918477
|switch|p2a: Dragapult|Dragapult, F|100/100
|move|p1a: Dragonite|Dragon Dance|p1a: Dragonite
|-boost|p1a: Dragonite|atk|1
|-boost|p1a: Dragonite|spe|1
|
|upkeep
|turn|19
|
|t:|1758918483
|move|p1a: Dragonite|Earthquake|p2a: Dragapult
|-damage|p2a: Dragapult|28/100
|-start|p1a: Dragonite|Disable|Earthquake|[from] ability: Cursed Body|[of] p2a: Dragapult
|move|p2a: Dragapult|Will-O-Wisp|p1a: Dragonite
|-status|p1a: Dragonite|brn
|
|-damage|p1a: Dragonite|94/100 brn|[from] brn
|upkeep
|turn|20
|
|t:|1758918492
|switch|p2a: Zapdos|Zapdos|58/100
|move|p1a: Dragonite|Encore||[still]
|-fail|p1a: Dragonite
|
|-damage|p1a: Dragonite|88/100 brn|[from] brn
|upkeep
|turn|21
|
|t:|1758918498
|move|p1a: Dragonite|Tera Blast|p2a: Zapdos
|-damage|p2a: Zapdos|39/100
|move|p2a: Zapdos|Volt Switch|p1a: Dragonite
|-damage|p1a: Dragonite|54/100 brn
|
|t:|1758918509
|switch|p2a: Dragonite|Dragonite, F|48/100|[from] Volt Switch
|
|-damage|p1a: Dragonite|48/100 brn|[from] brn
|upkeep
|turn|22
|
|t:|1758918515
|move|p1a: Dragonite|Tera Blast|p2a: Dragonite
|-damage|p2a: Dragonite|31/100
|move|p2a: Dragonite|Roost|p2a: Dragonite
|-heal|p2a: Dragonite|81/100
|-singleturn|p2a: Dragonite|move: Roost
|
|-damage|p1a: Dragonite|41/100 brn|[from] brn
|-end|p1a: Dragonite|Disable
|upkeep
|turn|23
|
|t:|1758918523
|move|p1a: Dragonite|Encore|p2a: Dragonite
|-start|p2a: Dragonite|Encore
|move|p2a: Dragonite|Roost|p2a: Dragonite
|-heal|p2a: Dragonite|100/100
|-singleturn|p2a: Dragonite|move: Roost
|
|-damage|p1a: Dragonite|35/100 brn|[from] brn
|upkeep
|turn|24
|
|t:|1758918529
|switch|p2a: Zapdos|Zapdos|39/100
|move|p1a: Dragonite|Dragon Dance|p1a: Dragonite
|-boost|p1a: Dragonite|atk|1
|-boost|p1a: Dragonite|spe|1
|
|-damage|p1a: Dragonite|29/100 brn|[from] brn
|upkeep
|turn|25
|
|t:|1758918534
|move|p1a: Dragonite|Tera Blast|p2a: Zapdos
|-damage|p2a: Zapdos|20/100
|move|p2a: Zapdos|Roost|p2a: Zapdos
|-heal|p2a: Zapdos|71/100
|-singleturn|p2a: Zapdos|move: Roost
|
|-damage|p1a: Dragonite|23/100 brn|[from] brn
|upkeep
|turn|26
|
|t:|1758918542
|move|p1a: Dragonite|Encore|p2a: Zapdos
|-start|p2a: Zapdos|Encore
|move|p2a: Zapdos|Roost|p2a: Zapdos
|-heal|p2a: Zapdos|100/100
|-singleturn|p2a: Zapdos|move: Roost
|
|-damage|p1a: Dragonite|17/100 brn|[from] brn
|upkeep
|turn|27
|
|t:|1758918548
|switch|p1a: Primarina|Primarina, F|100/100
|-damage|p1a: Primarina|88/100|[from] Stealth Rock
|switch|p2a: Dragonite|Dragonite, F|100/100
|
|-heal|p1a: Primarina|94/100|[from] item: Leftovers
|upkeep
|turn|28
|
|t:|1758918555
|switch|p1a: Gholdengo|Gholdengo|100/100
|-damage|p1a: Gholdengo|94/100|[from] Stealth Rock
|-item|p1a: Gholdengo|Air Balloon
|move|p2a: Dragonite|Earthquake|p1a: Gholdengo
|-immune|p1a: Gholdengo
|
|upkeep
|turn|29
|
|t:|1758918561
|switch|p2a: Zapdos|Zapdos|100/100
|move|p1a: Gholdengo|Nasty Plot|p1a: Gholdengo
|-boost|p1a: Gholdengo|spa|2
|
|upkeep
|turn|30
|
|t:|1758918566
|move|p2a: Zapdos|Heat Wave|p1a: Gholdengo
|-supereffective|p1a: Gholdengo
|-damage|p1a: Gholdengo|13/100
|-enditem|p1a: Gholdengo|Air Balloon
|move|p1a: Gholdengo|Shadow Ball|p2a: Zapdos
|-damage|p2a: Zapdos|12/100
|
|upkeep
|turn|31
|
|t:|1758918575
|move|p2a: Zapdos|Heat Wave|p1a: Gholdengo|[miss]
|-miss|p2a: Zapdos|p1a: Gholdengo
|move|p1a: Gholdengo|Shadow Ball|p2a: Zapdos
|-damage|p2a: Zapdos|0 fnt
|faint|p2a: Zapdos
|
|upkeep
|
|t:|1758918581
|switch|p2a: Dragapult|Dragapult, F|28/100
|turn|32
|inactive|vghhjg has 120 seconds left.
|
|t:|1758918636
|switch|p1a: Dragonite|Dragonite, F|17/100 brn
|move|p2a: Dragapult|Hex|p1a: Dragonite
|-damage|p1a: Dragonite|0 fnt
|faint|p1a: Dragonite
|
|upkeep
|
|t:|1758918638
|switch|p1a: Primarina|Primarina, F|94/100
|-damage|p1a: Primarina|82/100|[from] Stealth Rock
|turn|33
|
|t:|1758918645
|move|p2a: Dragapult|U-turn|p1a: Primarina
|-resisted|p1a: Primarina
|-damage|p1a: Primarina|69/100
|
|t:|1758918654
|switch|p2a: Ting-Lu|Ting-Lu, tera:Water|27/100 par|[from] U-turn
|-activate|p2a: Ting-Lu|move: Sticky Web
|-unboost|p2a: Ting-Lu|spe|1
|-damage|p2a: Ting-Lu|15/100 par|[from] Stealth Rock
|-ability|p2a: Ting-Lu|Vessel of Ruin
|move|p1a: Primarina|Calm Mind|p1a: Primarina
|-boost|p1a: Primarina|spa|1
|-boost|p1a: Primarina|spd|1
|
|-heal|p1a: Primarina|75/100|[from] item: Leftovers
|-heal|p2a: Ting-Lu|21/100 par|[from] item: Leftovers
|upkeep
|turn|34
|
|t:|1758918659
|move|p1a: Primarina|Moonblast|p2a: Ting-Lu
|-damage|p2a: Ting-Lu|0 fnt
|faint|p2a: Ting-Lu
|
|-heal|p1a: Primarina|81/100|[from] item: Leftovers
|upkeep
|
|t:|1758918667
|switch|p2a: Dragonite|Dragonite, F|100/100
|turn|35
|
|t:|1758918673
|move|p1a: Primarina|Moonblast|p2a: Dragonite
|-supereffective|p2a: Dragonite
|-damage|p2a: Dragonite|31/100
|-unboost|p2a: Dragonite|spa|1
|move|p2a: Dragonite|Earthquake|p1a: Primarina
|-damage|p1a: Primarina|27/100
|
|-heal|p1a: Primarina|33/100|[from] item: Leftovers
|upkeep
|turn|36
|
|t:|1758918688
|switch|p1a: Gholdengo|Gholdengo|13/100
|-damage|p1a: Gholdengo|7/100|[from] Stealth Rock
|move|p2a: Dragonite|Extreme Speed|p1a: Gholdengo
|-immune|p1a: Gholdengo
|
|upkeep
|turn|37
|
|t:|1758918695
|move|p1a: Gholdengo|Shadow Ball|p2a: Dragonite
|-crit|p2a: Dragonite
|-damage|p2a: Dragonite|0 fnt
|faint|p2a: Dragonite
|
|upkeep
|
|t:|1758918701
|switch|p2a: Dragapult|Dragapult, F|28/100
|turn|38
|
|t:|1758918706
|move|p2a: Dragapult|Hex|p1a: Gholdengo
|-supereffective|p1a: Gholdengo
|-damage|p1a: Gholdengo|0 fnt
|faint|p1a: Gholdengo
|
|upkeep
|
|t:|1758918709
|switch|p1a: Primarina|Primarina, F|33/100
|-damage|p1a: Primarina|21/100|[from] Stealth Rock
|turn|39
|
|t:|1758918712
|move|p2a: Dragapult|Hex|p1a: Primarina
|-damage|p1a: Primarina|0 fnt
|faint|p1a: Primarina
|
|win|Shibuya Arc
|raw|vghhjg's rating: 1588 &rarr; <strong>1562</strong><br />(-26 for losing)
|raw|Shibuya Arc's rating: 1481 &rarr; <strong>1507</strong><br />(+26 for winning)
