|j|☆hgfhvb
|j|☆Radd_Gaming
|t:|1758936383
|gametype|singles
|player|p1|hgfhvb|266|1166
|player|p2|Radd_Gaming|koga|1166
|gen|9
|tier|[Gen 9] OU
|rated|
|rule|HP Percentage Mod: HP is shown in percentages
|rule|Endless Battle Clause: Forcing endless battles is banned
|rule|Species Clause: Limit one of each Pokémon
|rule|OHKO Clause: OHKO moves are banned
|rule|Evasion Items Clause: Evasion items are banned
|rule|Evasion Moves Clause: Evasion moves are banned
|rule|Evasion Abilities Clause: Evasion abilities are banned
|rule|Sleep Moves Clause: Sleep-inducing moves are banned
|clearpoke
|poke|p1|Zangoose, M|
|poke|p1|Iron Treads|
|poke|p1|Ting-Lu|
|poke|p1|Gholdengo|
|poke|p1|Zamazenta-*|
|poke|p1|Tornadus-Therian, M|
|poke|p2|Volcanion|
|poke|p2|Clodsire, F|
|poke|p2|Lokix, M|
|poke|p2|Serperior, M|
|poke|p2|Okidogi, M|
|poke|p2|Scizor, M|
|teampreview
|
|t:|1758936407
|teamsize|p1|6
|teamsize|p2|6
|start
|switch|p1a: Tornadus|Tornadus-Therian, M|100/100
|switch|p2a: Scizor|Scizor, M|100/100
|turn|1
|
|t:|1758936415
|move|p1a: Tornadus|Bleakwind Storm|p2a: Scizor
|-damage|p2a: Scizor|28/100
|-damage|p1a: Tornadus|91/100|[from] item: Life Orb
|move|p2a: Scizor|Swords Dance|p2a: Scizor
|-boost|p2a: Scizor|atk|2
|
|upkeep
|turn|2
|
|t:|1758936423
|switch|p1a: Iron Treads|Iron Treads|100/100
|-enditem|p1a: Iron Treads|Booster Energy
|-activate|p1a: Iron Treads|ability: Quark Drive|[fromitem]
|-start|p1a: Iron Treads|quarkdrivespe
|move|p2a: Scizor|Bullet Punch|p1a: Iron Treads
|-resisted|p1a: Iron Treads
|-damage|p1a: Iron Treads|60/100
|-damage|p2a: Scizor|18/100|[from] item: Life Orb
|
|upkeep
|turn|3
|
|t:|1758936430
|move|p2a: Scizor|Bullet Punch|p1a: Iron Treads
|-resisted|p1a: Iron Treads
|-crit|p1a: Iron Treads
|-damage|p1a: Iron Treads|6/100
|-damage|p2a: Scizor|8/100|[from] item: Life Orb
|move|p1a: Iron Treads|Earthquake|p2a: Scizor
|-damage|p2a: Scizor|0 fnt
|faint|p2a: Scizor
|
|upkeep
|
|t:|1758936441
|switch|p2a: Serperior|Serperior, M|100/100
|turn|4
|
|t:|1758936457
|move|p1a: Iron Treads|Ice Spinner|p2a: Serperior
|-supereffective|p2a: Serperior
|-damage|p2a: Serperior|38/100
|move|p2a: Serperior|Leaf Storm|p1a: Iron Treads
|-damage|p1a: Iron Treads|0 fnt
|-boost|p2a: Serperior|spa|2
|faint|p1a: Iron Treads
|-end|p1a: Iron Treads|Quark Drive|[silent]
|
|upkeep
|inactive|Battle timer is ON: inactive players will automatically lose when time's up. (requested by Radd_Gaming)
|
|t:|1758936516
|switch|p1a: Tornadus|Tornadus-Therian, M|100/100
|turn|5
|
|t:|1758936532
|switch|p2a: Volcanion|Volcanion|100/100
|move|p1a: Tornadus|Dark Pulse|p2a: Volcanion
|-crit|p2a: Volcanion
|-damage|p2a: Volcanion|66/100
|-damage|p1a: Tornadus|91/100|[from] item: Life Orb
|
|upkeep
|turn|6
|
|t:|1758936554
|move|p1a: Tornadus|Bleakwind Storm|p2a: Volcanion
|-damage|p2a: Volcanion|27/100
|-damage|p1a: Tornadus|81/100|[from] item: Life Orb
|move|p2a: Volcanion|Steam Eruption|p1a: Tornadus
|-damage|p1a: Tornadus|0 fnt
|faint|p1a: Tornadus
|
|upkeep
|
|t:|1758936566
|switch|p1a: Zangoose|Zangoose, M|100/100
|turn|7
|
|t:|1758936571
|move|p1a: Zangoose|Close Combat|p2a: Volcanion
|-damage|p2a: Volcanion|0 fnt
|-unboost|p1a: Zangoose|def|1
|-unboost|p1a: Zangoose|spd|1
|faint|p2a: Volcanion
|
|-status|p1a: Zangoose|tox|[from] item: Toxic Orb
|upkeep
|
|t:|1758936575
|switch|p2a: Lokix|Lokix, M|100/100
|turn|8
|
|t:|1758936601
|switch|p1a: Ting-Lu|Ting-Lu|100/100
|-ability|p1a: Ting-Lu|Vessel of Ruin
|move|p2a: Lokix|First Impression|p1a: Ting-Lu
|-supereffective|p1a: Ting-Lu
|-damage|p1a: Ting-Lu|30/100
|-enditem|p1a: Ting-Lu|Weakness Policy
|-boost|p1a: Ting-Lu|atk|2|[from] item: Weakness Policy
|-boost|p1a: Ting-Lu|spa|2|[from] item: Weakness Policy
|
|upkeep
|turn|9
|
|t:|1758936612
|switch|p2a: Serperior|Serperior, M|38/100
|move|p1a: Ting-Lu|Stealth Rock|p2a: Serperior
|-sidestart|p2: Radd_Gaming|move: Stealth Rock
|
|upkeep
|turn|10
|
|t:|1758936621
|move|p2a: Serperior|Synthesis|p2a: Serperior
|-heal|p2a: Serperior|88/100
|move|p1a: Ting-Lu|Payback|p2a: Serperior
|-damage|p2a: Serperior|0 fnt
|faint|p2a: Serperior
|
|upkeep
|
|t:|1758936632
|switch|p2a: Lokix|Lokix, M|100/100
|-damage|p2a: Lokix|75/100|[from] Stealth Rock
|turn|11
|
|t:|1758936635
|move|p2a: Lokix|Knock Off|p1a: Ting-Lu
|-resisted|p1a: Ting-Lu
|-damage|p1a: Ting-Lu|7/100
|move|p1a: Ting-Lu|Payback|p2a: Lokix
|-resisted|p2a: Lokix
|-damage|p2a: Lokix|5/100
|
|upkeep
|turn|12
|
|t:|1758936638
|move|p2a: Lokix|Knock Off|p1a: Ting-Lu
|-resisted|p1a: Ting-Lu
|-damage|p1a: Ting-Lu|0 fnt
|faint|p1a: Ting-Lu
|
|upkeep
|
|t:|1758936640
|switch|p1a: Zangoose|Zangoose, M|100/100 tox
|turn|13
|
|t:|1758936642
|move|p1a: Zangoose|Quick Attack|p2a: Lokix
|-damage|p2a: Lokix|0 fnt
|faint|p2a: Lokix
|
|-damage|p1a: Zangoose|95/100 tox|[from] psn
|upkeep
|
|t:|1758936645
|switch|p2a: Clodsire|Clodsire, F|100/100
|-damage|p2a: Clodsire|94/100|[from] Stealth Rock
|turn|14
|
|t:|1758936649
|-terastallize|p1a: Zangoose|Normal
|move|p2a: Clodsire|Protect|p2a: Clodsire
|-singleturn|p2a: Clodsire|Protect
|move|p1a: Zangoose|Facade|p2a: Clodsire
|-activate|p2a: Clodsire|move: Protect
|
|-heal|p2a: Clodsire|100/100|[from] item: Leftovers
|-damage|p1a: Zangoose|83/100 tox|[from] psn
|upkeep
|turn|15
|
|t:|1758936654
|move|p1a: Zangoose|Facade|p2a: Clodsire
|-damage|p2a: Clodsire|0 fnt
|faint|p2a: Clodsire
|
|-damage|p1a: Zangoose|65/100 tox|[from] psn
|upkeep
|
|t:|1758936657
|switch|p2a: Okidogi|Okidogi, M|100/100
|-damage|p2a: Okidogi|94/100|[from] Stealth Rock
|turn|16
|
|t:|1758936662
|move|p1a: Zangoose|Facade|p2a: Okidogi
|-damage|p2a: Okidogi|0 fnt
|faint|p2a: Okidogi
|
|win|hgfhvb
|raw|hgfhvb's rating: 1166 &rarr; <strong>1191</strong><br />(+25 for winning)
|raw|Radd_Gaming's rating: 1166 &rarr; <strong>1141</strong><br />(-25 for losing)
