|j|☆JD Doggin'
|j|☆ProRaghav
|t:|1758980363
|gametype|singles
|player|p1|JD Doggin'|169|1123
|player|p2|ProRaghav|169|1125
|gen|9
|tier|[Gen 9] OU
|rated|
|rule|HP Percentage Mod: HP is shown in percentages
|rule|Endless Battle Clause: Forcing endless battles is banned
|rule|Species Clause: Limit one of each Pokémon
|rule|OHKO Clause: OHKO moves are banned
|rule|Evasion Items Clause: Evasion items are banned
|rule|Evasion Moves Clause: Evasion moves are banned
|rule|Evasion Abilities Clause: Evasion abilities are banned
|rule|Sleep Moves Clause: Sleep-inducing moves are banned
|clearpoke
|poke|p1|Empoleon, M|
|poke|p1|Scream Tail|
|poke|p1|Rhyperior, F|
|poke|p1|Staraptor, F|
|poke|p1|Lucario, M|
|poke|p1|Toedscruel, M|
|poke|p2|Great Tusk|
|poke|p2|Heatran, M|
|poke|p2|Weavile, M|
|poke|p2|Primarina, M|
|poke|p2|Ogerpon, F|
|poke|p2|Pecharunt|
|teampreview
|inactive|Battle timer is ON: inactive players will automatically lose when time's up. (requested by ProRaghav)
|
|t:|1758980393
|teamsize|p1|6
|teamsize|p2|6
|start
|switch|p1a: Toedscruel|Toedscruel, M, shiny|100/100
|switch|p2a: Heatran|Heatran, M, shiny|100/100
|-item|p2a: Heatran|Air Balloon
|turn|1
|
|t:|1758980400
|move|p1a: Toedscruel|Knock Off|p2a: Heatran
|-damage|p2a: Heatran|78/100
|-enditem|p2a: Heatran|Air Balloon
|move|p2a: Heatran|Stealth Rock|p1a: Toedscruel
|-sidestart|p1: JD Doggin'|move: Stealth Rock
|
|upkeep
|turn|2
|
|t:|1758980408
|move|p1a: Toedscruel|Rapid Spin|p2a: Heatran
|-resisted|p2a: Heatran
|-damage|p2a: Heatran|71/100
|-boost|p1a: Toedscruel|spe|1
|-sideend|p1: JD Doggin'|Stealth Rock|[from] move: Rapid Spin|[of] p1a: Toedscruel
|move|p2a: Heatran|Magma Storm|p1a: Toedscruel
|-supereffective|p1a: Toedscruel
|-damage|p1a: Toedscruel|36/100
|-activate|p1a: Toedscruel|move: Magma Storm|[of] p2a: Heatran
|
|-damage|p1a: Toedscruel|24/100|[from] move: Magma Storm|[partiallytrapped]
|upkeep
|turn|3
|
|t:|1758980418
|move|p1a: Toedscruel|Earth Power|p2a: Heatran
|-supereffective|p2a: Heatran
|-damage|p2a: Heatran|0 fnt
|faint|p2a: Heatran
|
|-end|p1a: Toedscruel|Magma Storm|[partiallytrapped]|[silent]
|upkeep
|
|t:|1758980424
|switch|p2a: Primarina|Primarina, M, shiny|100/100
|turn|4
|
|t:|1758980430
|move|p1a: Toedscruel|Power Whip|p2a: Primarina
|-supereffective|p2a: Primarina
|-damage|p2a: Primarina|0 fnt
|faint|p2a: Primarina
|
|upkeep
|
|t:|1758980443
|switch|p2a: Pecharunt|Pecharunt|100/100
|turn|5
|
|t:|1758980449
|move|p1a: Toedscruel|Knock Off|p2a: Pecharunt
|-supereffective|p2a: Pecharunt
|-damage|p2a: Pecharunt|80/100
|-damage|p1a: Toedscruel|7/100|[from] item: Rocky Helmet|[of] p2a: Pecharunt
|-enditem|p2a: Pecharunt|Rocky Helmet|[from] move: Knock Off|[of] p1a: Toedscruel
|move|p2a: Pecharunt|Malignant Chain|p1a: Toedscruel
|-damage|p1a: Toedscruel|0 fnt
|faint|p1a: Toedscruel
|
|upkeep
|inactive|JD Doggin' has 120 seconds left.
|
|t:|1758980492
|switch|p1a: Lucario|Lucario, M, shiny|100/100
|turn|6
|
|t:|1758980504
|move|p1a: Lucario|Swords Dance|p1a: Lucario
|-boost|p1a: Lucario|atk|2
|move|p2a: Pecharunt|Parting Shot|p1a: Lucario
|-unboost|p1a: Lucario|atk|1
|-unboost|p1a: Lucario|spa|1
|
|t:|1758980510
|switch|p2a: Great Tusk|Great Tusk, shiny|100/100|[from] Parting Shot
|
|upkeep
|turn|7
|
|t:|1758980519
|move|p1a: Lucario|Ice Punch|p2a: Great Tusk
|-supereffective|p2a: Great Tusk
|-damage|p2a: Great Tusk|42/100
|move|p2a: Great Tusk|Headlong Rush|p1a: Lucario
|-supereffective|p1a: Lucario
|-damage|p1a: Lucario|0 fnt
|-unboost|p2a: Great Tusk|def|1
|-unboost|p2a: Great Tusk|spd|1
|faint|p1a: Lucario
|
|upkeep
|
|t:|1758980526
|switch|p1a: Staraptor|Staraptor, F|100/100
|turn|8
|l|☆ProRaghav
|inactive|ProRaghav disconnected and has a minute to reconnect!
|player|p2|
|inactive|ProRaghav has 30 seconds to reconnect!
|inactive|ProRaghav has 20 seconds to reconnect!
|inactive|ProRaghav has 15 seconds to reconnect!
|inactive|ProRaghav has 10 seconds to reconnect!
|inactive|ProRaghav has 5 seconds to reconnect!
|-message|ProRaghav lost due to inactivity.
|
|win|JD Doggin'
|raw|JD Doggin&apos;'s rating: 1123 &rarr; <strong>1148</strong><br />(+25 for winning)
|raw|ProRaghav's rating: 1125 &rarr; <strong>1100</strong><br />(-25 for losing)
|l|☆JD Doggin'
|player|p1|
