|j|☆ba1ance
|j|☆wmq21
|t:|1758953004
|gametype|singles
|player|p1|ba1ance|pokefanf-gen4|1387
|player|p2|wmq21|266|1350
|gen|9
|tier|[Gen 9] OU
|rated|
|rule|HP Percentage Mod: HP is shown in percentages
|rule|Endless Battle Clause: Forcing endless battles is banned
|rule|Species Clause: Limit one of each Pokémon
|rule|OHKO Clause: OHKO moves are banned
|rule|Evasion Items Clause: Evasion items are banned
|rule|Evasion Moves Clause: Evasion moves are banned
|rule|Evasion Abilities Clause: Evasion abilities are banned
|rule|Sleep Moves Clause: Sleep-inducing moves are banned
|clearpoke
|poke|p1|Regidrago|
|poke|p1|Iron Valiant|
|poke|p1|Kingambit, F|
|poke|p1|Zoroark-Hisui, F|
|poke|p1|Scizor, M|
|poke|p1|Landorus-Therian, M|
|poke|p2|Charizard, F|
|poke|p2|Torkoal, F|
|poke|p2|Hatterene, F|
|poke|p2|Great Tusk|
|poke|p2|Lilligant-Hisui, F|
|poke|p2|Walking Wake|
|teampreview
|inactive|Battle timer is ON: inactive players will automatically lose when time's up. (requested by wmq21)
|
|t:|1758953045
|teamsize|p1|6
|teamsize|p2|6
|start
|switch|p1a: Landorus|Landorus-Therian, M|100/100
|switch|p2a: 河内恭介|Torkoal, F|100/100
|-ability|p1a: Landorus|Intimidate|boost
|-unboost|p2a: 河内恭介|atk|1
|-weather|SunnyDay|[from] ability: Drought|[of] p2a: 河内恭介
|turn|1
|
|t:|1758953059
|switch|p2a: 东和马|Charizard, F|100/100
|move|p1a: Landorus|Stealth Rock|p2a: 东和马
|-sidestart|p2: wmq21|move: Stealth Rock
|
|-weather|SunnyDay|[upkeep]
|-damage|p2a: 东和马|88/100|[from] ability: Solar Power|[of] p2a: 东和马
|upkeep
|turn|2
|
|t:|1758953074
|move|p2a: 东和马|Flamethrower|p1a: Landorus
|-damage|p1a: Landorus|4/100
|move|p1a: Landorus|U-turn|p2a: 东和马
|-resisted|p2a: 东和马
|-damage|p2a: 东和马|81/100
|inactive|ba1ance has 120 seconds left.
|
|t:|1758953102
|switch|p1a: Regidrago|Regidrago, shiny|100/100|[from] U-turn
|
|-weather|SunnyDay|[upkeep]
|-damage|p2a: 东和马|69/100|[from] ability: Solar Power|[of] p2a: 东和马
|upkeep
|turn|3
|
|t:|1758953108
|switch|p2a: 梓川月乃|Hatterene, F|100/100
|-damage|p2a: 梓川月乃|88/100|[from] Stealth Rock
|move|p1a: Regidrago|Dragon Pulse|p2a: 梓川月乃
|-immune|p2a: 梓川月乃
|
|-weather|SunnyDay|[upkeep]
|upkeep
|turn|4
|
|t:|1758953122
|switch|p1a: Scizor|Scizor, M, shiny|100/100
|move|p2a: 梓川月乃|Nuzzle|p1a: Scizor
|-damage|p1a: Scizor|93/100
|-status|p1a: Scizor|par
|replace|p1a: Zoroark|Zoroark-Hisui, F
|-end|p1a: Zoroark|Illusion
|
|-weather|SunnyDay|[upkeep]
|upkeep
|turn|5
|
|t:|1758953142
|switch|p2a: 松代健|Great Tusk|100/100
|-damage|p2a: 松代健|98/100|[from] Stealth Rock
|-activate|p2a: 松代健|ability: Protosynthesis
|-start|p2a: 松代健|protosynthesisatk
|cant|p1a: Zoroark|par
|
|-weather|SunnyDay|[upkeep]
|upkeep
|turn|6
|
|t:|1758953149
|switch|p1a: Landorus|Landorus-Therian, M|4/100
|-ability|p1a: Landorus|Intimidate|boost
|-unboost|p2a: 松代健|atk|1
|-enditem|p2a: 松代健|Eject Pack
|
|t:|1758953175
|-end|p2a: 松代健|Protosynthesis|[silent]
|switch|p2a: 冠茂|Walking Wake|100/100
|-damage|p2a: 冠茂|88/100|[from] Stealth Rock
|-activate|p2a: 冠茂|ability: Protosynthesis
|-start|p2a: 冠茂|protosynthesisspe
|
|-weather|SunnyDay|[upkeep]
|upkeep
|turn|7
|
|t:|1758953180
|move|p2a: 冠茂|Hydro Steam|p1a: Landorus
|-supereffective|p1a: Landorus
|-damage|p1a: Landorus|0 fnt
|faint|p1a: Landorus
|
|-weather|SunnyDay|[upkeep]
|upkeep
|inactive|ba1ance has 120 seconds left.
|
|t:|1758953213
|switch|p1a: Iron Valiant|Iron Valiant|100/100
|turn|8
|
|t:|1758953217
|-terastallize|p2a: 冠茂|Water
|-terastallize|p1a: Iron Valiant|Fairy
|move|p2a: 冠茂|Hydro Steam|p1a: Iron Valiant
|-damage|p1a: Iron Valiant|0 fnt
|faint|p1a: Iron Valiant
|-end|p1a: Iron Valiant|Quark Drive|[silent]
|
|-weather|none
|-end|p2a: 冠茂|Protosynthesis
|upkeep
|
|t:|1758953227
|switch|p1a: Regidrago|Regidrago, shiny|100/100
|turn|9
|
|t:|1758953232
|switch|p1a: Scizor|Scizor, M, shiny|93/100 par
|-end|p2a: 冠茂|Protosynthesis|[silent]
|switch|p2a: 梓川月乃|Hatterene, F|88/100
|-damage|p2a: 梓川月乃|76/100|[from] Stealth Rock
|
|upkeep
|turn|10
|
|t:|1758953242
|switch|p1a: Regidrago|Regidrago, shiny|100/100
|switch|p2a: 河内恭介|Torkoal, F|100/100
|-damage|p2a: 河内恭介|76/100|[from] Stealth Rock
|-weather|SunnyDay|[from] ability: Drought|[of] p2a: 河内恭介
|
|-weather|SunnyDay|[upkeep]
|upkeep
|turn|11
|
|t:|1758953252
|switch|p2a: 梓川月乃|Hatterene, F|76/100
|-damage|p2a: 梓川月乃|64/100|[from] Stealth Rock
|move|p1a: Regidrago|Earth Power|p2a: 梓川月乃
|-damage|p2a: 梓川月乃|41/100
|-enditem|p2a: 梓川月乃|Eject Button
|
|t:|1758953261
|switch|p2a: 冠茂|Walking Wake, tera:Water|88/100
|-damage|p2a: 冠茂|76/100|[from] Stealth Rock
|-activate|p2a: 冠茂|ability: Protosynthesis
|-start|p2a: 冠茂|protosynthesisspe
|
|-weather|SunnyDay|[upkeep]
|upkeep
|turn|12
|
|t:|1758953267
|switch|p1a: Scizor|Scizor, M, shiny|93/100 par
|move|p2a: 冠茂|Dragon Pulse|p1a: Scizor
|-damage|p1a: Scizor|0 fnt
|replace|p1a: Zoroark|Zoroark-Hisui, F
|-end|p1a: Zoroark|Illusion
|faint|p1a: Zoroark
|
|-weather|SunnyDay|[upkeep]
|upkeep
|
|t:|1758953277
|switch|p1a: Scizor|Scizor, M, shiny|100/100
|turn|13
|
|t:|1758953294
|-end|p2a: 冠茂|Protosynthesis|[silent]
|switch|p2a: 梓川月乃|Hatterene, F|41/100
|-damage|p2a: 梓川月乃|29/100|[from] Stealth Rock
|move|p1a: Scizor|Bullet Punch|p2a: 梓川月乃
|-supereffective|p2a: 梓川月乃
|-damage|p2a: 梓川月乃|0 fnt
|faint|p2a: 梓川月乃
|
|-weather|SunnyDay|[upkeep]
|upkeep
|
|t:|1758953298
|switch|p2a: 河内恭介|Torkoal, F|76/100
|-damage|p2a: 河内恭介|51/100|[from] Stealth Rock
|turn|14
|
|t:|1758953305
|move|p1a: Scizor|Bullet Punch|p2a: 河内恭介
|-resisted|p2a: 河内恭介
|-damage|p2a: 河内恭介|42/100
|move|p2a: 河内恭介|Rapid Spin|p1a: Scizor
|-resisted|p1a: Scizor
|-damage|p1a: Scizor|97/100
|-boost|p2a: 河内恭介|spe|1
|-damage|p2a: 河内恭介|26/100|[from] item: Rocky Helmet|[of] p1a: Scizor
|-sideend|p2: wmq21|Stealth Rock|[from] move: Rapid Spin|[of] p2a: 河内恭介
|
|-weather|SunnyDay|[upkeep]
|upkeep
|turn|15
|
|t:|1758953309
|switch|p2a: 东和马|Charizard, F|69/100
|move|p1a: Scizor|Swords Dance|p1a: Scizor
|-boost|p1a: Scizor|atk|2
|
|-weather|SunnyDay|[upkeep]
|-damage|p2a: 东和马|56/100|[from] ability: Solar Power|[of] p2a: 东和马
|upkeep
|turn|16
|
|t:|1758953312
|move|p1a: Scizor|Bullet Punch|p2a: 东和马
|-resisted|p2a: 东和马
|-damage|p2a: 东和马|15/100
|move|p2a: 东和马|Flamethrower|p1a: Scizor
|-supereffective|p1a: Scizor
|-damage|p1a: Scizor|0 fnt
|faint|p1a: Scizor
|
|-weather|SunnyDay|[upkeep]
|-damage|p2a: 东和马|2/100|[from] ability: Solar Power|[of] p2a: 东和马
|upkeep
|
|t:|1758953317
|switch|p1a: Regidrago|Regidrago, shiny|100/100
|turn|17
|
|t:|1758953321
|move|p1a: Regidrago|Dragon Energy|p2a: 东和马
|-damage|p2a: 东和马|0 fnt
|faint|p2a: 东和马
|
|-weather|none
|upkeep
|
|t:|1758953325
|switch|p2a: 河内恭介|Torkoal, F|26/100
|-weather|SunnyDay|[from] ability: Drought|[of] p2a: 河内恭介
|turn|18
|
|t:|1758953328
|move|p1a: Regidrago|Dragon Energy|p2a: 河内恭介
|-damage|p2a: 河内恭介|0 fnt
|faint|p2a: 河内恭介
|
|-weather|SunnyDay|[upkeep]
|upkeep
|
|t:|1758953331
|switch|p2a: 冠茂|Walking Wake, tera:Water|76/100
|-activate|p2a: 冠茂|ability: Protosynthesis
|-start|p2a: 冠茂|protosynthesisspe
|turn|19
|
|t:|1758953334
|switch|p1a: Kingambit|Kingambit, F|100/100
|-activate|p1a: Kingambit|ability: Supreme Overlord
|-start|p1a: Kingambit|fallen4|[silent]
|move|p2a: 冠茂|Dragon Pulse|p1a: Kingambit
|-resisted|p1a: Kingambit
|-damage|p1a: Kingambit|72/100
|
|-weather|SunnyDay|[upkeep]
|upkeep
|turn|20
|
|t:|1758953345
|-end|p2a: 冠茂|Protosynthesis|[silent]
|switch|p2a: 诹访原戒|Lilligant-Hisui, F|100/100
|move|p1a: Kingambit|Sucker Punch||[still]
|-fail|p1a: Kingambit
|
|-weather|SunnyDay|[upkeep]
|upkeep
|turn|21
|
|t:|1758953349
|move|p2a: 诹访原戒|Close Combat|p1a: Kingambit
|-supereffective|p1a: Kingambit
|-damage|p1a: Kingambit|0 fnt
|-unboost|p2a: 诹访原戒|def|1
|-unboost|p2a: 诹访原戒|spd|1
|faint|p1a: Kingambit
|-end|p1a: Kingambit|fallen4|[silent]
|-damage|p2a: 诹访原戒|91/100|[from] item: Life Orb
|
|-weather|SunnyDay|[upkeep]
|upkeep
|
|t:|1758953352
|switch|p1a: Regidrago|Regidrago, shiny|100/100
|turn|22
|
|t:|1758953360
|move|p2a: 诹访原戒|Close Combat|p1a: Regidrago
|-damage|p1a: Regidrago|20/100
|-unboost|p2a: 诹访原戒|def|1
|-unboost|p2a: 诹访原戒|spd|1
|-damage|p2a: 诹访原戒|81/100|[from] item: Life Orb
|move|p1a: Regidrago|Dragon Energy|p2a: 诹访原戒
|-damage|p2a: 诹访原戒|29/100
|
|-weather|SunnyDay|[upkeep]
|upkeep
|turn|23
|
|t:|1758953364
|move|p2a: 诹访原戒|Close Combat|p1a: Regidrago
|-damage|p1a: Regidrago|0 fnt
|-unboost|p2a: 诹访原戒|def|1
|-unboost|p2a: 诹访原戒|spd|1
|faint|p1a: Regidrago
|-damage|p2a: 诹访原戒|19/100|[from] item: Life Orb
|
|win|wmq21
|raw|ba1ance's rating: 1387 &rarr; <strong>1365</strong><br />(-22 for losing)
|raw|wmq21's rating: 1350 &rarr; <strong>1372</strong><br />(+22 for winning)
|l|☆wmq21
|player|p2|
|l|☆ba1ance
|player|p1|
