|j|☆tokiwakano
|j|☆Parker757
|t:|1759026844
|gametype|singles
|player|p1|tokiwakano|acetrainerf|1805
|player|p2|Parker757|pokemonranger-gen4|1689
|gen|9
|tier|[Gen 9] OU
|rated|
|rule|HP Percentage Mod: HP is shown in percentages
|rule|Endless Battle Clause: Forcing endless battles is banned
|rule|Species Clause: Limit one of each Pokémon
|rule|OHKO Clause: OHKO moves are banned
|rule|Evasion Items Clause: Evasion items are banned
|rule|Evasion Moves Clause: Evasion moves are banned
|rule|Evasion Abilities Clause: Evasion abilities are banned
|rule|Sleep Moves Clause: Sleep-inducing moves are banned
|clearpoke
|poke|p1|Ribombee, M|
|poke|p1|Gholdengo|
|poke|p1|Great Tusk|
|poke|p1|Raging Bolt|
|poke|p1|Ogerpon-Cornerstone, F|
|poke|p1|Ceruledge, F|
|poke|p2|Primarina, M|
|poke|p2|Great Tusk|
|poke|p2|Kingambit, M|
|poke|p2|Slowking-Galar, M|
|poke|p2|Ogerpon, F|
|poke|p2|Enamorus, F|
|teampreview
|inactive|Battle timer is ON: inactive players will automatically lose when time's up. (requested by Parker757)
|j| Rizzofreko
|
|t:|1759026869
|teamsize|p1|6
|teamsize|p2|6
|start
|switch|p1a: Great Tusk|Great Tusk|100/100
|switch|p2a: Mantra|Slowking-Galar, M, shiny|100/100
|-enditem|p1a: Great Tusk|Booster Energy
|-activate|p1a: Great Tusk|ability: Protosynthesis|[fromitem]
|-start|p1a: Great Tusk|protosynthesisatk
|turn|1
|
|t:|1759026880
|switch|p2a: Behemoth|Great Tusk, shiny|100/100
|move|p1a: Great Tusk|Ice Spinner|p2a: Behemoth
|-supereffective|p2a: Behemoth
|-damage|p2a: Behemoth|44/100
|-damage|p1a: Great Tusk|84/100|[from] item: Rocky Helmet|[of] p2a: Behemoth
|
|upkeep
|turn|2
|
|t:|1759026890
|move|p2a: Behemoth|Headlong Rush|p1a: Great Tusk
|-crit|p1a: Great Tusk
|-damage|p1a: Great Tusk|20/100
|-unboost|p2a: Behemoth|def|1
|-unboost|p2a: Behemoth|spd|1
|move|p1a: Great Tusk|Ice Spinner|p2a: Behemoth
|-supereffective|p2a: Behemoth
|-damage|p2a: Behemoth|0 fnt
|-damage|p1a: Great Tusk|4/100|[from] item: Rocky Helmet|[of] p2a: Behemoth
|faint|p2a: Behemoth
|-end|p2a: Behemoth|Protosynthesis|[silent]
|
|upkeep
|
|t:|1759026899
|switch|p2a: Anonymous|Ogerpon, F|100/100
|turn|3
|
|t:|1759026902
|move|p2a: Anonymous|U-turn|p1a: Great Tusk
|-resisted|p1a: Great Tusk
|-damage|p1a: Great Tusk|0 fnt
|faint|p1a: Great Tusk
|-end|p1a: Great Tusk|Protosynthesis|[silent]
|
|t:|1759026906
|switch|p2a: Gin|Enamorus, F, shiny|100/100|[from] U-turn
|
|upkeep
|
|t:|1759026910
|switch|p1a: Ogerpon|Ogerpon-Cornerstone, F|100/100
|turn|4
|
|t:|1759026927
|move|p2a: Gin|Moonblast|p1a: Ogerpon
|-damage|p1a: Ogerpon|33/100
|move|p1a: Ogerpon|Ivy Cudgel|p2a: Gin|[anim] Ivy Cudgel Rock
|-supereffective|p2a: Gin
|-damage|p2a: Gin|0 fnt
|faint|p2a: Gin
|
|upkeep
|
|t:|1759026932
|switch|p2a: Anonymous|Ogerpon, F|100/100
|turn|5
|
|t:|1759026936
|switch|p1a: Ribombee|Ribombee, M|100/100
|move|p2a: Anonymous|U-turn|p1a: Ribombee
|-resisted|p1a: Ribombee
|-damage|p1a: Ribombee|64/100
|
|t:|1759026941
|switch|p2a: Mantra|Slowking-Galar, M, shiny|100/100|[from] U-turn
|
|upkeep
|turn|6
|
|t:|1759026946
|switch|p1a: Gholdengo|Gholdengo|100/100
|-item|p1a: Gholdengo|Air Balloon
|move|p2a: Mantra|Sludge Bomb|p1a: Gholdengo
|-immune|p1a: Gholdengo
|
|upkeep
|turn|7
|
|t:|1759026952
|move|p1a: Gholdengo|Nasty Plot|p1a: Gholdengo
|-boost|p1a: Gholdengo|spa|2
|move|p2a: Mantra|Flamethrower|p1a: Gholdengo
|-supereffective|p1a: Gholdengo
|-damage|p1a: Gholdengo|49/100
|-enditem|p1a: Gholdengo|Air Balloon
|
|upkeep
|turn|8
|
|t:|1759026954
|move|p1a: Gholdengo|Shadow Ball|p2a: Mantra
|-supereffective|p2a: Mantra
|-damage|p2a: Mantra|5/100
|move|p2a: Mantra|Flamethrower|p1a: Gholdengo
|-supereffective|p1a: Gholdengo
|-damage|p1a: Gholdengo|1/100
|
|upkeep
|turn|9
|
|t:|1759026967
|move|p1a: Gholdengo|Shadow Ball|p2a: Mantra
|-supereffective|p2a: Mantra
|-damage|p2a: Mantra|0 fnt
|faint|p2a: Mantra
|
|upkeep
|
|t:|1759026970
|switch|p2a: Anonymous|Ogerpon, F|100/100
|turn|10
|
|t:|1759026974
|move|p2a: Anonymous|U-turn|p1a: Gholdengo
|-resisted|p1a: Gholdengo
|-damage|p1a: Gholdengo|0 fnt
|faint|p1a: Gholdengo
|
|t:|1759026977
|switch|p2a: Overgod|Kingambit, M, shiny|100/100|[from] U-turn
|-activate|p2a: Overgod|ability: Supreme Overlord
|-start|p2a: Overgod|fallen3|[silent]
|
|upkeep
|
|t:|1759026980
|switch|p1a: Ceruledge|Ceruledge, F|100/100
|turn|11
|
|t:|1759026984
|-end|p2a: Overgod|fallen3|[silent]
|switch|p2a: Celestine|Primarina, M, shiny|100/100
|move|p1a: Ceruledge|Bitter Blade|p2a: Celestine
|-resisted|p2a: Celestine
|-damage|p2a: Celestine|64/100
|
|-heal|p2a: Celestine|70/100|[from] item: Leftovers
|upkeep
|turn|12
|
|t:|1759026990
|switch|p1a: Ribombee|Ribombee, M|64/100
|move|p2a: Celestine|Psychic Noise|p1a: Ribombee
|-damage|p1a: Ribombee|0 fnt
|faint|p1a: Ribombee
|
|-heal|p2a: Celestine|76/100|[from] item: Leftovers
|upkeep
|
|t:|1759026994
|switch|p1a: Ogerpon|Ogerpon-Cornerstone, F|33/100
|turn|13
|
|t:|1759027000
|switch|p2a: Overgod|Kingambit, M, shiny|100/100
|-activate|p2a: Overgod|ability: Supreme Overlord
|-start|p2a: Overgod|fallen3|[silent]
|move|p1a: Ogerpon|Power Whip|p2a: Overgod
|-resisted|p2a: Overgod
|-damage|p2a: Overgod|71/100
|
|-heal|p2a: Overgod|77/100|[from] item: Leftovers
|upkeep
|turn|14
|
|t:|1759027006
|move|p2a: Overgod|Sucker Punch|p1a: Ogerpon
|-damage|p1a: Ogerpon|0 fnt
|faint|p1a: Ogerpon
|
|-heal|p2a: Overgod|83/100|[from] item: Leftovers
|upkeep
|
|t:|1759027009
|switch|p1a: Ceruledge|Ceruledge, F|100/100
|turn|15
|
|t:|1759027015
|-end|p2a: Overgod|fallen3|[silent]
|switch|p2a: Celestine|Primarina, M, shiny|76/100
|move|p1a: Ceruledge|Swords Dance|p1a: Ceruledge
|-boost|p1a: Ceruledge|atk|2
|
|-heal|p2a: Celestine|82/100|[from] item: Leftovers
|upkeep
|turn|16
|
|t:|1759027023
|-terastallize|p1a: Ceruledge|Fighting
|move|p1a: Ceruledge|Close Combat|p2a: Celestine
|-resisted|p2a: Celestine
|-damage|p2a: Celestine|0 fnt
|-unboost|p1a: Ceruledge|def|1
|-unboost|p1a: Ceruledge|spd|1
|faint|p2a: Celestine
|
|upkeep
|
|t:|1759027040
|switch|p2a: Anonymous|Ogerpon, F|100/100
|turn|17
|
|t:|1759027046
|move|p2a: Anonymous|Ivy Cudgel|p1a: Ceruledge
|-enditem|p1a: Ceruledge|Focus Sash
|-damage|p1a: Ceruledge|1/100
|-ability|p1a: Ceruledge|Weak Armor|boost
|-unboost|p1a: Ceruledge|def|1
|-boost|p1a: Ceruledge|spe|2
|move|p1a: Ceruledge|Bitter Blade|p2a: Anonymous
|-supereffective|p2a: Anonymous
|-damage|p2a: Anonymous|0 fnt
|-heal|p1a: Ceruledge|53/100|[from] drain|[of] p2a: Anonymous
|faint|p2a: Anonymous
|
|upkeep
|
|t:|1759027054
|switch|p2a: Overgod|Kingambit, M, shiny|83/100
|-activate|p2a: Overgod|ability: Supreme Overlord
|-start|p2a: Overgod|fallen5|[silent]
|turn|18
|
|t:|1759027064
|move|p1a: Ceruledge|Shadow Sneak|p2a: Overgod
|-resisted|p2a: Overgod
|-damage|p2a: Overgod|66/100
|move|p2a: Overgod|Sucker Punch||[still]
|-fail|p2a: Overgod
|
|-heal|p2a: Overgod|72/100|[from] item: Leftovers
|upkeep
|turn|19
|
|t:|1759027068
|move|p1a: Ceruledge|Shadow Sneak|p2a: Overgod
|-resisted|p2a: Overgod
|-damage|p2a: Overgod|58/100
|move|p2a: Overgod|Swords Dance|p2a: Overgod
|-boost|p2a: Overgod|atk|2
|
|-heal|p2a: Overgod|64/100|[from] item: Leftovers
|upkeep
|turn|20
|l| Rizzofreko
|
|t:|1759027073
|move|p1a: Ceruledge|Shadow Sneak|p2a: Overgod
|-resisted|p2a: Overgod
|-damage|p2a: Overgod|48/100
|move|p2a: Overgod|Sucker Punch||[still]
|-fail|p2a: Overgod
|
|-heal|p2a: Overgod|54/100|[from] item: Leftovers
|upkeep
|turn|21
|
|t:|1759027077
|move|p1a: Ceruledge|Shadow Sneak|p2a: Overgod
|-resisted|p2a: Overgod
|-damage|p2a: Overgod|39/100
|move|p2a: Overgod|Sucker Punch||[still]
|-fail|p2a: Overgod
|
|-heal|p2a: Overgod|45/100|[from] item: Leftovers
|upkeep
|turn|22
|
|t:|1759027081
|move|p1a: Ceruledge|Shadow Sneak|p2a: Overgod
|-resisted|p2a: Overgod
|-damage|p2a: Overgod|28/100
|move|p2a: Overgod|Sucker Punch||[still]
|-fail|p2a: Overgod
|
|-heal|p2a: Overgod|34/100|[from] item: Leftovers
|upkeep
|turn|23
|
|t:|1759027086
|move|p2a: Overgod|Sucker Punch|p1a: Ceruledge
|-resisted|p1a: Ceruledge
|-damage|p1a: Ceruledge|0 fnt
|faint|p1a: Ceruledge
|
|-heal|p2a: Overgod|41/100|[from] item: Leftovers
|upkeep
|
|t:|1759027088
|switch|p1a: Raging Bolt|Raging Bolt|100/100
|-enditem|p1a: Raging Bolt|Booster Energy
|-activate|p1a: Raging Bolt|ability: Protosynthesis|[fromitem]
|-start|p1a: Raging Bolt|protosynthesisspa
|turn|24
|
|t:|1759027094
|move|p1a: Raging Bolt|Thunderclap||[still]
|-fail|p1a: Raging Bolt
|move|p2a: Overgod|Swords Dance|p2a: Overgod
|-boost|p2a: Overgod|atk|2
|
|-heal|p2a: Overgod|47/100|[from] item: Leftovers
|upkeep
|turn|25
|
|t:|1759027121
|move|p1a: Raging Bolt|Thunderclap||[still]
|-fail|p1a: Raging Bolt
|move|p2a: Overgod|Swords Dance|p2a: Overgod
|-boost|p2a: Overgod|atk|2
|
|-heal|p2a: Overgod|53/100|[from] item: Leftovers
|upkeep
|turn|26
|
|t:|1759027131
|move|p1a: Raging Bolt|Thunderbolt|p2a: Overgod
|-crit|p2a: Overgod
|-damage|p2a: Overgod|0 fnt
|faint|p2a: Overgod
|-end|p2a: Overgod|fallen5|[silent]
|
|win|tokiwakano
|raw|tokiwakano's rating: 1805 &rarr; <strong>1819</strong><br />(+14 for winning)
|raw|Parker757's rating: 1689 &rarr; <strong>1675</strong><br />(-14 for losing)
|l|☆Parker757
|player|p2|
