|j|☆gigapoophater
|j|☆Gpogpogpo
|t:|1758985648
|gametype|singles
|player|p1|gigapoophater|swimmer|1232
|player|p2|Gpogpogpo|266|1229
|gen|9
|tier|[Gen 9] OU
|rated|
|rule|HP Percentage Mod: HP is shown in percentages
|rule|Endless Battle Clause: Forcing endless battles is banned
|rule|Species Clause: Limit one of each Pokémon
|rule|OHKO Clause: OHKO moves are banned
|rule|Evasion Items Clause: Evasion items are banned
|rule|Evasion Moves Clause: Evasion moves are banned
|rule|Evasion Abilities Clause: Evasion abilities are banned
|rule|Sleep Moves Clause: Sleep-inducing moves are banned
|clearpoke
|poke|p1|Iron Boulder|
|poke|p1|Skeledirge, F|
|poke|p1|Orthworm, M|
|poke|p1|Breloom, M|
|poke|p1|Milotic, F|
|poke|p1|Zebstrika, M|
|poke|p2|Hydrapple, M|
|poke|p2|Slowking-Galar, M|
|poke|p2|Skarmory, F|
|poke|p2|Great Tusk|
|poke|p2|Zapdos|
|poke|p2|Walking Wake|
|teampreview
|inactive|Battle timer is ON: inactive players will automatically lose when time's up. (requested by Gpogpogpo)
|
|t:|1758985664
|teamsize|p1|6
|teamsize|p2|6
|start
|switch|p1a: Breloom|Breloom, M|100/100
|switch|p2a: Slowking|Slowking-Galar, M|100/100
|turn|1
|
|t:|1758985673
|switch|p1a: Zebstrika|Zebstrika, M|100/100
|move|p2a: Slowking|Future Sight|p1a: Zebstrika
|-start|p2a: Slowking|move: Future Sight
|
|upkeep
|turn|2
|
|t:|1758985681
|move|p1a: Zebstrika|High Horsepower|p2a: Slowking
|-supereffective|p2a: Slowking
|-damage|p2a: Slowking|49/100
|-damage|p1a: Zebstrika|91/100|[from] item: Life Orb
|move|p2a: Slowking|Sludge Bomb|p1a: Zebstrika
|-damage|p1a: Zebstrika|30/100
|-status|p1a: Zebstrika|psn
|
|-damage|p1a: Zebstrika|17/100 psn|[from] psn
|upkeep
|turn|3
|
|t:|1758985692
|switch|p2a: Great Tusk|Great Tusk|100/100
|move|p1a: Zebstrika|Supercell Slam|p2a: Great Tusk
|-immune|p2a: Great Tusk
|-damage|p1a: Zebstrika|0 fnt|[from] supercellslam
|faint|p1a: Zebstrika
|
|-hint|Future Sight did not hit because the target is fainted.
|upkeep
|
|t:|1758985700
|switch|p1a: Milotic|Milotic, F|100/100
|turn|4
|
|t:|1758985711
|-end|p2a: Great Tusk|Protosynthesis|[silent]
|switch|p2a: Slowking|Slowking-Galar, M|82/100
|move|p1a: Milotic|Scald|p2a: Slowking
|-damage|p2a: Slowking|39/100
|
|upkeep
|turn|5
|
|t:|1758985722
|switch|p2a: Walking Wake|Walking Wake|100/100
|move|p1a: Milotic|Scald|p2a: Walking Wake
|-resisted|p2a: Walking Wake
|-damage|p2a: Walking Wake|84/100
|
|upkeep
|turn|6
|
|t:|1758985733
|switch|p1a: Orthworm|Orthworm, M|100/100
|move|p2a: Walking Wake|Dragon Pulse|p1a: Orthworm
|-resisted|p1a: Orthworm
|-damage|p1a: Orthworm|54/100
|
|upkeep
|turn|7
|
|t:|1758985739
|move|p2a: Walking Wake|Dragon Pulse|p1a: Orthworm
|-resisted|p1a: Orthworm
|-crit|p1a: Orthworm
|-damage|p1a: Orthworm|0 fnt
|faint|p1a: Orthworm
|
|upkeep
|
|t:|1758985743
|switch|p1a: Milotic|Milotic, F|100/100
|turn|8
|
|t:|1758985748
|-end|p2a: Walking Wake|Protosynthesis|[silent]
|switch|p2a: Slowking|Slowking-Galar, M|72/100
|-terastallize|p1a: Milotic|Fairy
|move|p1a: Milotic|Draining Kiss|p2a: Slowking
|-resisted|p2a: Slowking
|-damage|p2a: Slowking|55/100
|
|upkeep
|turn|9
|
|t:|1758985764
|switch|p1a: Skeledirge|Skeledirge, F|100/100
|move|p2a: Slowking|Thunder Wave|p1a: Skeledirge
|-status|p1a: Skeledirge|par
|
|upkeep
|turn|10
|
|t:|1758985781
|cant|p1a: Skeledirge|par
|move|p2a: Slowking|Future Sight|p1a: Skeledirge
|-start|p2a: Slowking|move: Future Sight
|
|upkeep
|turn|11
|
|t:|1758985787
|move|p1a: Skeledirge|Alluring Voice|p2a: Slowking
|-resisted|p2a: Slowking
|-crit|p2a: Slowking
|-damage|p2a: Slowking|41/100
|-prepare|p2a: Slowking|Chilly Reception|[premajor]
|move|p2a: Slowking|Chilly Reception|p2a: Slowking
|-weather|Snowscape
|
|t:|1758985790
|switch|p2a: Walking Wake|Walking Wake|84/100|[from] Chilly Reception
|
|-weather|Snowscape|[upkeep]
|upkeep
|turn|12
|
|t:|1758985793
|move|p2a: Walking Wake|Hydro Steam|p1a: Skeledirge
|-supereffective|p1a: Skeledirge
|-damage|p1a: Skeledirge|0 fnt
|faint|p1a: Skeledirge
|
|-weather|Snowscape|[upkeep]
|-hint|Future Sight did not hit because the target is fainted.
|upkeep
|
|t:|1758985813
|switch|p1a: Breloom|Breloom, M|100/100
|turn|13
|
|t:|1758985818
|-end|p2a: Walking Wake|Protosynthesis|[silent]
|switch|p2a: Skarmory|Skarmory, F|100/100
|move|p1a: Breloom|Swords Dance|p1a: Breloom
|-boost|p1a: Breloom|atk|2
|
|-weather|Snowscape|[upkeep]
|upkeep
|turn|14
|inactive|gigapoophater has 120 seconds left.
|
|t:|1758985853
|move|p1a: Breloom|Mach Punch|p2a: Skarmory
|-damage|p2a: Skarmory|56/100
|-damage|p1a: Breloom|84/100|[from] item: Rocky Helmet|[of] p2a: Skarmory
|move|p2a: Skarmory|Iron Defense|p2a: Skarmory
|-boost|p2a: Skarmory|def|2
|
|-weather|Snowscape|[upkeep]
|upkeep
|turn|15
|inactive|gigapoophater has 120 seconds left.
|
|t:|1758985860
|switch|p1a: Milotic|Milotic, F, tera:Fairy|100/100
|move|p2a: Skarmory|Iron Defense|p2a: Skarmory
|-boost|p2a: Skarmory|def|2
|
|-weather|none
|upkeep
|turn|16
|
|t:|1758985867
|switch|p2a: Slowking|Slowking-Galar, M|74/100
|move|p1a: Milotic|Scald|p2a: Slowking
|-damage|p2a: Slowking|29/100
|
|upkeep
|turn|17
|
|t:|1758985874
|switch|p1a: Breloom|Breloom, M|84/100
|switch|p2a: Walking Wake|Walking Wake|84/100
|
|upkeep
|turn|18
|
|t:|1758985885
|move|p2a: Walking Wake|Flamethrower|p1a: Breloom
|-supereffective|p1a: Breloom
|-damage|p1a: Breloom|0 fnt
|faint|p1a: Breloom
|
|upkeep
|
|t:|1758985892
|switch|p1a: Iron Boulder|Iron Boulder|100/100
|-enditem|p1a: Iron Boulder|Booster Energy
|-activate|p1a: Iron Boulder|ability: Quark Drive|[fromitem]
|-start|p1a: Iron Boulder|quarkdrivespe
|turn|19
|
|t:|1758985901
|-end|p2a: Walking Wake|Protosynthesis|[silent]
|switch|p2a: Great Tusk|Great Tusk|100/100
|move|p1a: Iron Boulder|Swords Dance|p1a: Iron Boulder
|-boost|p1a: Iron Boulder|atk|2
|
|upkeep
|turn|20
|
|t:|1758985908
|move|p1a: Iron Boulder|Psycho Cut|p2a: Great Tusk
|-supereffective|p2a: Great Tusk
|-damage|p2a: Great Tusk|0 fnt
|faint|p2a: Great Tusk
|-end|p2a: Great Tusk|Protosynthesis|[silent]
|
|upkeep
|
|t:|1758985918
|switch|p2a: Skarmory|Skarmory, F|56/100
|turn|21
|
|t:|1758985927
|-terastallize|p2a: Skarmory|Fighting
|move|p1a: Iron Boulder|Mighty Cleave|p2a: Skarmory
|-resisted|p2a: Skarmory
|-damage|p2a: Skarmory|25/100
|-damage|p1a: Iron Boulder|84/100|[from] item: Rocky Helmet|[of] p2a: Skarmory
|move|p2a: Skarmory|Iron Defense|p2a: Skarmory
|-boost|p2a: Skarmory|def|2
|
|upkeep
|turn|22
|
|t:|1758985934
|move|p1a: Iron Boulder|Psycho Cut|p2a: Skarmory
|-supereffective|p2a: Skarmory
|-damage|p2a: Skarmory|0 fnt
|faint|p2a: Skarmory
|
|upkeep
|
|t:|1758985942
|switch|p2a: Hydrapple|Hydrapple, M, shiny|100/100
|turn|23
|
|t:|1758985967
|move|p1a: Iron Boulder|Mighty Cleave|p2a: Hydrapple
|-damage|p2a: Hydrapple|25/100
|move|p2a: Hydrapple|Leaf Storm|p1a: Iron Boulder
|-supereffective|p1a: Iron Boulder
|-damage|p1a: Iron Boulder|0 fnt
|-unboost|p2a: Hydrapple|spa|2
|faint|p1a: Iron Boulder
|-end|p1a: Iron Boulder|Quark Drive|[silent]
|
|upkeep
|
|t:|1758985971
|switch|p1a: Milotic|Milotic, F, tera:Fairy|100/100
|turn|24
|
|t:|1758985987
|switch|p2a: Walking Wake|Walking Wake|84/100
|move|p1a: Milotic|Ice Beam|p2a: Walking Wake
|-damage|p2a: Walking Wake|35/100
|
|upkeep
|turn|25
|
|t:|1758985994
|move|p2a: Walking Wake|Hydro Steam|p1a: Milotic
|-damage|p1a: Milotic|59/100
|move|p1a: Milotic|Ice Beam|p2a: Walking Wake
|-damage|p2a: Walking Wake|0 fnt
|faint|p2a: Walking Wake
|-end|p2a: Walking Wake|Protosynthesis|[silent]
|
|upkeep
|
|t:|1758985998
|switch|p2a: Zapdos|Zapdos, shiny|100/100
|turn|26
|
|t:|1758986003
|move|p2a: Zapdos|Hurricane|p1a: Milotic
|-damage|p1a: Milotic|19/100
|move|p1a: Milotic|Ice Beam|p2a: Zapdos
|-supereffective|p2a: Zapdos
|-damage|p2a: Zapdos|0 fnt
|faint|p2a: Zapdos
|
|upkeep
|
|t:|1758986006
|switch|p2a: Slowking|Slowking-Galar, M|62/100
|turn|27
|
|t:|1758986008
|move|p1a: Milotic|Ice Beam|p2a: Slowking
|-damage|p2a: Slowking|26/100
|move|p2a: Slowking|Sludge Bomb|p1a: Milotic
|-supereffective|p1a: Milotic
|-damage|p1a: Milotic|0 fnt
|faint|p1a: Milotic
|
|win|Gpogpogpo
|raw|gigapoophater's rating: 1232 &rarr; <strong>1207</strong><br />(-25 for losing)
|raw|Gpogpogpo's rating: 1229 &rarr; <strong>1254</strong><br />(+25 for winning)
|l|☆gigapoophater
|player|p1|
|l|☆Gpogpogpo
|player|p2|
