|j|☆Gutslashermax13
|j|☆Passerby bye
|t:|1759039029
|gametype|singles
|player|p1|Gutslashermax13|266|1192
|player|p2|Passerby bye|cyclist|1210
|gen|9
|tier|[Gen 9] OU
|rated|
|rule|HP Percentage Mod: HP is shown in percentages
|rule|Endless Battle Clause: Forcing endless battles is banned
|rule|Species Clause: Limit one of each Pokémon
|rule|OHKO Clause: OHKO moves are banned
|rule|Evasion Items Clause: Evasion items are banned
|rule|Evasion Moves Clause: Evasion moves are banned
|rule|Evasion Abilities Clause: Evasion abilities are banned
|rule|Sleep Moves Clause: Sleep-inducing moves are banned
|clearpoke
|poke|p1|Basculegion, M|
|poke|p1|Pelipper, M|
|poke|p1|Iron Treads|
|poke|p1|Dragapult, M|
|poke|p1|Overqwil, M|
|poke|p1|Iron Valiant|
|poke|p2|Magnezone|
|poke|p2|Vileplume, F|
|poke|p2|Gyarados, M|
|poke|p2|Houndoom, F|
|poke|p2|Mamoswine, F|
|poke|p2|Gardevoir, M|
|teampreview
|
|t:|1759039041
|teamsize|p1|6
|teamsize|p2|6
|start
|switch|p1a: Max|Iron Treads, shiny|100/100
|switch|p2a: Legend Pkmn sucks|Magnezone|100/100
|-enditem|p1a: Max|Booster Energy
|-activate|p1a: Max|ability: Quark Drive|[fromitem]
|-start|p1a: Max|quarkdrivespe
|turn|1
|
|t:|1759039051
|switch|p2a: BST＞540 Pkmn sucks|Gyarados, M, shiny|100/100
|-ability|p2a: BST＞540 Pkmn sucks|Intimidate|boost
|-unboost|p1a: Max|atk|1
|move|p1a: Max|Stealth Rock|p2a: BST＞540 Pkmn sucks
|-sidestart|p2: Passerby bye|move: Stealth Rock
|
|upkeep
|turn|2
|
|t:|1759039070
|move|p1a: Max|Thunder|p2a: BST＞540 Pkmn sucks
|-supereffective|p2a: BST＞540 Pkmn sucks
|-damage|p2a: BST＞540 Pkmn sucks|0 fnt
|faint|p2a: BST＞540 Pkmn sucks
|
|upkeep
|
|t:|1759039079
|switch|p2a: Terrain Team sucks|Mamoswine, F|100/100
|-damage|p2a: Terrain Team sucks|88/100|[from] Stealth Rock
|turn|3
|
|t:|1759039089
|move|p1a: Max|Steel Beam|p2a: Terrain Team sucks
|-supereffective|p2a: Terrain Team sucks
|-damage|p2a: Terrain Team sucks|0 fnt
|-damage|p1a: Max|50/100|[from] steelbeam
|faint|p2a: Terrain Team sucks
|
|upkeep
|
|t:|1759039113
|switch|p2a: Weather Team sucks|Houndoom, F|100/100
|turn|4
|
|t:|1759039117
|-end|p1a: Max|Quark Drive|[silent]
|switch|p1a: Jed|Pelipper, M, shiny|100/100
|-weather|RainDance|[from] ability: Drizzle|[of] p1a: Jed
|move|p2a: Weather Team sucks|Fire Blast|p1a: Jed
|-resisted|p1a: Jed
|-damage|p1a: Jed|77/100
|-status|p1a: Jed|brn
|
|-weather|RainDance|[upkeep]
|-damage|p1a: Jed|71/100 brn|[from] brn
|upkeep
|turn|5
|
|t:|1759039123
|move|p2a: Weather Team sucks|Destiny Bond|p2a: Weather Team sucks
|-singlemove|p2a: Weather Team sucks|Destiny Bond
|move|p1a: Jed|Surf|p2a: Weather Team sucks
|-supereffective|p2a: Weather Team sucks
|-damage|p2a: Weather Team sucks|0 fnt
|faint|p2a: Weather Team sucks
|-activate|p2a: Weather Team sucks|move: Destiny Bond
|faint|p1a: Jed
|
|-weather|RainDance|[upkeep]
|upkeep
|
|t:|1759039131
|switch|p2a: Legend Pkmn sucks|Magnezone|100/100
|switch|p1a: QTip|Basculegion, M, shiny|100/100
|-damage|p2a: Legend Pkmn sucks|94/100|[from] Stealth Rock
|turn|6
|
|t:|1759039137
|move|p1a: QTip|Wave Crash|p2a: Legend Pkmn sucks
|-crit|p2a: Legend Pkmn sucks
|-damage|p2a: Legend Pkmn sucks|0 fnt
|faint|p2a: Legend Pkmn sucks
|-damage|p1a: QTip|72/100|[from] Recoil
|
|-weather|RainDance|[upkeep]
|upkeep
|
|t:|1759039145
|switch|p2a: Ordinary Pkmn only|Vileplume, F|100/100
|-damage|p2a: Ordinary Pkmn only|88/100|[from] Stealth Rock
|turn|7
|
|t:|1759039150
|switch|p1a: Josh|Dragapult, M, shiny|100/100
|move|p2a: Ordinary Pkmn only|Strength Sap|p1a: Josh
|-fail|p1a: Josh|unboost|[from] ability: Clear Body|[of] p1a: Josh
|-heal|p2a: Ordinary Pkmn only|100/100
|
|-weather|RainDance|[upkeep]
|upkeep
|turn|8
|
|t:|1759039170
|switch|p2a: Sample Team sucks|Gardevoir, M|100/100
|-damage|p2a: Sample Team sucks|88/100|[from] Stealth Rock
|-ability|p2a: Sample Team sucks|Clear Body|Trace|[from] ability: Trace|[of] p1a: Josh
|move|p1a: Josh|Dragon Darts|p2a: Sample Team sucks
|-immune|p2a: Sample Team sucks
|
|-weather|RainDance|[upkeep]
|upkeep
|turn|9
|
|t:|1759039181
|move|p1a: Josh|Shadow Ball|p2a: Sample Team sucks
|-supereffective|p2a: Sample Team sucks
|-damage|p2a: Sample Team sucks|0 fnt
|faint|p2a: Sample Team sucks
|-damage|p1a: Josh|91/100|[from] item: Life Orb
|
|-weather|RainDance|[upkeep]
|upkeep
|
|t:|1759039185
|switch|p2a: Ordinary Pkmn only|Vileplume, F|100/100
|-damage|p2a: Ordinary Pkmn only|88/100|[from] Stealth Rock
|turn|10
|
|t:|1759039200
|move|p1a: Josh|Draco Meteor|p2a: Ordinary Pkmn only
|-damage|p2a: Ordinary Pkmn only|10/100
|-unboost|p1a: Josh|spa|2
|-damage|p1a: Josh|81/100|[from] item: Life Orb
|move|p2a: Ordinary Pkmn only|Strength Sap|p1a: Josh
|-fail|p1a: Josh|unboost|[from] ability: Clear Body|[of] p1a: Josh
|-heal|p2a: Ordinary Pkmn only|91/100
|
|-weather|RainDance|[upkeep]
|upkeep
|turn|11
|
|t:|1759039213
|move|p1a: Josh|Dragon Darts|p2a: Ordinary Pkmn only
|-damage|p2a: Ordinary Pkmn only|68/100
|-anim|p1a: Josh|Dragon Darts|p2a: Ordinary Pkmn only
|-damage|p2a: Ordinary Pkmn only|46/100
|-damage|p1a: Josh|71/100|[from] item: Life Orb
|move|p2a: Ordinary Pkmn only|Leech Seed|p1a: Josh
|-start|p1a: Josh|move: Leech Seed
|
|-weather|none
|-damage|p1a: Josh|59/100|[from] Leech Seed|[of] p2a: Ordinary Pkmn only
|-heal|p2a: Ordinary Pkmn only|57/100|[silent]
|upkeep
|turn|12
|l|☆Passerby bye
|player|p2|
|j|☆Passerby bye
|player|p2|Passerby bye|cyclist|
|inactive|Battle timer is ON: inactive players will automatically lose when time's up. (requested by Gutslashermax13)
|
|t:|1759039311
|move|p1a: Josh|Dragon Darts|p2a: Ordinary Pkmn only
|-damage|p2a: Ordinary Pkmn only|36/100
|-anim|p1a: Josh|Dragon Darts|p2a: Ordinary Pkmn only
|-damage|p2a: Ordinary Pkmn only|15/100
|-damage|p1a: Josh|49/100|[from] item: Life Orb
|move|p2a: Ordinary Pkmn only|Strength Sap|p1a: Josh
|-fail|p1a: Josh|unboost|[from] ability: Clear Body|[of] p1a: Josh
|-heal|p2a: Ordinary Pkmn only|97/100
|
|-damage|p1a: Josh|37/100|[from] Leech Seed|[of] p2a: Ordinary Pkmn only
|-heal|p2a: Ordinary Pkmn only|100/100|[silent]
|upkeep
|turn|13
|
|t:|1759039319
|move|p1a: Josh|Flamethrower|p2a: Ordinary Pkmn only
|-supereffective|p2a: Ordinary Pkmn only
|-damage|p2a: Ordinary Pkmn only|68/100
|-damage|p1a: Josh|27/100|[from] item: Life Orb
|move|p2a: Ordinary Pkmn only|Toxic|p1a: Josh
|-status|p1a: Josh|tox
|
|-damage|p1a: Josh|15/100 tox|[from] Leech Seed|[of] p2a: Ordinary Pkmn only
|-heal|p2a: Ordinary Pkmn only|79/100|[silent]
|-damage|p1a: Josh|9/100 tox|[from] psn
|upkeep
|turn|14
|
|t:|1759039337
|move|p1a: Josh|Flamethrower|p2a: Ordinary Pkmn only
|-supereffective|p2a: Ordinary Pkmn only
|-damage|p2a: Ordinary Pkmn only|45/100
|-status|p2a: Ordinary Pkmn only|brn
|-damage|p1a: Josh|0 fnt|[from] item: Life Orb
|faint|p1a: Josh
|move|p2a: Ordinary Pkmn only|Sludge Wave|p1: Josh|[notarget]
|-fail|p2a: Ordinary Pkmn only
|
|-damage|p2a: Ordinary Pkmn only|39/100 brn|[from] brn
|upkeep
|
|t:|1759039345
|switch|p1a: QTip|Basculegion, M, shiny|72/100
|turn|15
|
|t:|1759039351
|move|p1a: QTip|Wave Crash|p2a: Ordinary Pkmn only
|-resisted|p2a: Ordinary Pkmn only
|-damage|p2a: Ordinary Pkmn only|0 fnt
|-damage|p1a: QTip|56/100|[from] item: Rocky Helmet|[of] p2a: Ordinary Pkmn only
|faint|p2a: Ordinary Pkmn only
|-damage|p1a: QTip|44/100|[from] Recoil
|
|win|Gutslashermax13
|raw|Gutslashermax13's rating: 1192 &rarr; <strong>1218</strong><br />(+26 for winning)
|raw|Passerby bye's rating: 1210 &rarr; <strong>1184</strong><br />(-26 for losing)
|l|☆Gutslashermax13
|player|p1|
|l|☆Passerby bye
|player|p2|
