|j|☆alexismarelli
|j|☆limitado60hz
|t:|1758924199
|gametype|singles
|player|p1|alexismarelli|102|1108
|player|p2|limitado60hz|170|1131
|gen|9
|tier|[Gen 9] OU
|rated|
|rule|HP Percentage Mod: HP is shown in percentages
|rule|Endless Battle Clause: Forcing endless battles is banned
|rule|Species Clause: Limit one of each Pokémon
|rule|OHKO Clause: OHKO moves are banned
|rule|Evasion Items Clause: Evasion items are banned
|rule|Evasion Moves Clause: Evasion moves are banned
|rule|Evasion Abilities Clause: Evasion abilities are banned
|rule|Sleep Moves Clause: Sleep-inducing moves are banned
|clearpoke
|poke|p1|Smeargle, F|
|poke|p1|Furret, F|
|poke|p1|Gumshoos, M|
|poke|p1|Persian, M|
|poke|p1|Zangoose, F|
|poke|p1|Greedent, F|
|poke|p2|Hydrapple, M|
|poke|p2|Chansey, F|
|poke|p2|Moltres|
|poke|p2|Great Tusk|
|poke|p2|Enamorus, F|
|poke|p2|Toxapex, M|
|teampreview
|
|t:|1758924216
|teamsize|p1|6
|teamsize|p2|6
|start
|switch|p1a: Smeargle|Smeargle, F|100/100
|switch|p2a: Toxapex|Toxapex, M|100/100
|turn|1
|
|t:|1758924247
|move|p1a: Smeargle|Shell Smash|p1a: Smeargle
|-unboost|p1a: Smeargle|def|1
|-unboost|p1a: Smeargle|spd|1
|-boost|p1a: Smeargle|atk|2
|-boost|p1a: Smeargle|spa|2
|-boost|p1a: Smeargle|spe|2
|move|p2a: Toxapex|Toxic Spikes|p1a: Smeargle
|-sidestart|p1: alexismarelli|move: Toxic Spikes
|
|upkeep
|turn|2
|
|t:|1758924252
|move|p1a: Smeargle|Shell Smash|p1a: Smeargle
|-unboost|p1a: Smeargle|def|1
|-unboost|p1a: Smeargle|spd|1
|-boost|p1a: Smeargle|atk|2
|-boost|p1a: Smeargle|spa|2
|-boost|p1a: Smeargle|spe|2
|move|p2a: Toxapex|Toxic|p1a: Smeargle
|-status|p1a: Smeargle|tox
|
|-damage|p1a: Smeargle|95/100 tox|[from] psn
|upkeep
|turn|3
|
|t:|1758924264
|move|p2a: Toxapex|Baneful Bunker|p2a: Toxapex
|-singleturn|p2a: Toxapex|move: Protect
|move|p1a: Smeargle|Population Bomb|p2a: Toxapex
|-activate|p2a: Toxapex|move: Protect
|
|-damage|p1a: Smeargle|83/100 tox|[from] psn
|upkeep
|turn|4
|
|t:|1758924278
|move|p1a: Smeargle|Population Bomb|p2a: Toxapex
|-damage|p2a: Toxapex|89/100
|-damage|p2a: Toxapex|76/100
|-damage|p2a: Toxapex|65/100
|-hitcount|p2a: Toxapex|3
|move|p2a: Toxapex|Toxic Spikes|p1a: Smeargle
|-sidestart|p1: alexismarelli|move: Toxic Spikes
|
|-damage|p1a: Smeargle|65/100 tox|[from] psn
|upkeep
|turn|5
|
|t:|1758924286
|move|p1a: Smeargle|Shell Smash|p1a: Smeargle
|-unboost|p1a: Smeargle|def|1
|-unboost|p1a: Smeargle|spd|1
|-boost|p1a: Smeargle|atk|2
|-boost|p1a: Smeargle|spa|2
|-boost|p1a: Smeargle|spe|2
|move|p2a: Toxapex|Poison Jab|p1a: Smeargle
|-damage|p1a: Smeargle|0 fnt
|faint|p1a: Smeargle
|
|upkeep
|
|t:|1758924290
|switch|p1a: Gumshoos|Gumshoos, M|100/100
|-status|p1a: Gumshoos|tox
|turn|6
|
|t:|1758924302
|move|p1a: Gumshoos|Psychic Fangs|p2a: Toxapex
|-supereffective|p2a: Toxapex
|-damage|p2a: Toxapex|0 fnt
|faint|p2a: Toxapex
|
|-damage|p1a: Gumshoos|94/100 tox|[from] psn
|upkeep
|
|t:|1758924311
|switch|p2a: Great Tusk|Great Tusk|100/100
|turn|7
|
|t:|1758924318
|move|p2a: Great Tusk|Knock Off|p1a: Gumshoos
|-damage|p1a: Gumshoos|48/100 tox
|-enditem|p1a: Gumshoos|Choice Band|[from] move: Knock Off|[of] p2a: Great Tusk
|move|p1a: Gumshoos|Psychic Fangs|p2a: Great Tusk
|-supereffective|p2a: Great Tusk
|-damage|p2a: Great Tusk|36/100
|
|-damage|p1a: Gumshoos|35/100 tox|[from] psn
|upkeep
|turn|8
|
|t:|1758924326
|move|p2a: Great Tusk|Headlong Rush|p1a: Gumshoos
|-damage|p1a: Gumshoos|0 fnt
|-unboost|p2a: Great Tusk|def|1
|-unboost|p2a: Great Tusk|spd|1
|faint|p1a: Gumshoos
|
|upkeep
|
|t:|1758924329
|switch|p1a: Furret|Furret, F|100/100
|-status|p1a: Furret|tox
|-item|p2a: Great Tusk|Heavy-Duty Boots|[from] ability: Frisk|[of] p1a: Furret
|turn|9
|
|t:|1758924334
|-end|p2a: Great Tusk|Protosynthesis|[silent]
|switch|p2a: Moltres|Moltres|100/100
|move|p1a: Furret|Body Slam|p2a: Moltres
|-damage|p2a: Moltres|71/100
|
|-damage|p1a: Furret|94/100 tox|[from] psn
|upkeep
|turn|10
|
|t:|1758924341
|switch|p2a: Great Tusk|Great Tusk|36/100
|move|p1a: Furret|Body Slam|p2a: Great Tusk
|-damage|p2a: Great Tusk|12/100
|
|-damage|p1a: Furret|82/100 tox|[from] psn
|upkeep
|turn|11
|
|t:|1758924350
|move|p1a: Furret|Body Slam|p2a: Great Tusk
|-damage|p2a: Great Tusk|0 fnt
|faint|p2a: Great Tusk
|-end|p2a: Great Tusk|Protosynthesis|[silent]
|
|-damage|p1a: Furret|64/100 tox|[from] psn
|upkeep
|inactive|Battle timer is ON: inactive players will automatically lose when time's up. (requested by alexismarelli)
|
|t:|1758924369
|switch|p2a: Chansey|Chansey, F|100/100
|turn|12
|
|t:|1758924375
|switch|p1a: Greedent|Greedent, F|100/100
|-status|p1a: Greedent|tox
|move|p2a: Chansey|Soft-Boiled||[still]
|-fail|p2a: Chansey|heal
|
|-damage|p1a: Greedent|94/100 tox|[from] psn
|upkeep
|turn|13
|
|t:|1758924382
|move|p2a: Chansey|Seismic Toss|p1a: Greedent
|-damage|p1a: Greedent|72/100 tox
|move|p1a: Greedent|Swords Dance|p1a: Greedent
|-boost|p1a: Greedent|atk|2
|
|-damage|p1a: Greedent|60/100 tox|[from] psn
|upkeep
|turn|14
|
|t:|1758924395
|switch|p2a: Moltres|Moltres|71/100
|move|p1a: Greedent|Body Slam|p2a: Moltres
|-damage|p2a: Moltres|0 fnt
|faint|p2a: Moltres
|
|-damage|p1a: Greedent|41/100 tox|[from] psn
|upkeep
|-enditem|p1a: Greedent|Sitrus Berry|[eat]
|-heal|p1a: Greedent|66/100 tox|[from] item: Sitrus Berry
|-heal|p1a: Greedent|99/100 tox|[from] ability: Cheek Pouch
|
|t:|1758924403
|switch|p2a: Enamorus|Enamorus, F|100/100
|turn|15
|
|t:|1758924411
|-terastallize|p2a: Enamorus|Ghost
|move|p2a: Enamorus|Calm Mind|p2a: Enamorus
|-boost|p2a: Enamorus|spa|1
|-boost|p2a: Enamorus|spd|1
|move|p1a: Greedent|Body Slam|p2a: Enamorus
|-immune|p2a: Enamorus
|
|-damage|p1a: Greedent|75/100 tox|[from] psn
|upkeep
|turn|16
|
|t:|1758924423
|move|p2a: Enamorus|Substitute|p2a: Enamorus
|-start|p2a: Enamorus|Substitute
|-damage|p2a: Enamorus|76/100
|move|p1a: Greedent|Crunch|p2a: Enamorus
|-supereffective|p2a: Enamorus
|-end|p2a: Enamorus|Substitute
|
|-heal|p2a: Enamorus|82/100|[from] item: Leftovers
|-damage|p1a: Greedent|45/100 tox|[from] psn
|upkeep
|turn|17
|
|t:|1758924432
|move|p2a: Enamorus|Moonblast|p1a: Greedent
|-damage|p1a: Greedent|0 fnt
|faint|p1a: Greedent
|
|-heal|p2a: Enamorus|88/100|[from] item: Leftovers
|upkeep
|
|t:|1758924436
|switch|p1a: Furret|Furret, F|64/100 tox
|-item|p2a: Enamorus|Leftovers|[from] ability: Frisk|[of] p1a: Furret
|turn|18
|
|t:|1758924448
|move|p1a: Furret|Knock Off|p2a: Enamorus
|-supereffective|p2a: Enamorus
|-damage|p2a: Enamorus|14/100
|-enditem|p2a: Enamorus|Leftovers|[from] move: Knock Off|[of] p1a: Furret
|move|p2a: Enamorus|Moonblast|p1a: Furret
|-damage|p1a: Furret|0 fnt
|faint|p1a: Furret
|
|upkeep
|
|t:|1758924457
|switch|p1a: Persian|Persian, M|100/100
|-status|p1a: Persian|tox
|turn|19
|
|t:|1758924465
|move|p1a: Persian|Foul Play|p2a: Enamorus
|-supereffective|p2a: Enamorus
|-damage|p2a: Enamorus|0 fnt
|faint|p2a: Enamorus
|
|-damage|p1a: Persian|95/100 tox|[from] psn
|upkeep
|
|t:|1758924475
|switch|p2a: Hydrapple|Hydrapple, M|100/100
|turn|20
|
|t:|1758924497
|move|p1a: Persian|Thunder Wave|p2a: Hydrapple
|-status|p2a: Hydrapple|par
|move|p2a: Hydrapple|Nasty Plot|p2a: Hydrapple
|-boost|p2a: Hydrapple|spa|2
|
|-damage|p1a: Persian|83/100 tox|[from] psn
|upkeep
|turn|21
|
|t:|1758924506
|move|p1a: Persian|Foul Play|p2a: Hydrapple
|-damage|p2a: Hydrapple|89/100 par
|cant|p2a: Hydrapple|par
|
|-damage|p1a: Persian|65/100 tox|[from] psn
|upkeep
|turn|22
|
|t:|1758924513
|move|p1a: Persian|Foul Play|p2a: Hydrapple
|-damage|p2a: Hydrapple|78/100 par
|move|p2a: Hydrapple|Giga Drain|p1a: Persian
|-damage|p1a: Persian|0 fnt
|-heal|p2a: Hydrapple|99/100 par|[from] drain|[of] p1a: Persian
|faint|p1a: Persian
|
|upkeep
|
|t:|1758924517
|switch|p1a: Zangoose|Zangoose, F|100/100
|-status|p1a: Zangoose|tox
|turn|23
|
|t:|1758924525
|-terastallize|p1a: Zangoose|Normal
|move|p1a: Zangoose|Facade|p2a: Hydrapple
|-damage|p2a: Hydrapple|0 fnt
|faint|p2a: Hydrapple
|
|-damage|p1a: Zangoose|95/100 tox|[from] psn
|upkeep
|-message|limitado60hz forfeited.
|
|win|alexismarelli
|raw|alexismarelli's rating: 1108 &rarr; <strong>1135</strong><br />(+27 for winning)
|raw|limitado60hz's rating: 1131 &rarr; <strong>1104</strong><br />(-27 for losing)
|l|☆limitado60hz
|player|p2|
|l|☆alexismarelli
|player|p1|
