|j|☆topspeeddd
|j|☆dbcool
|t:|1759033836
|gametype|singles
|player|p1|topspeeddd|pokemaniac|1354
|player|p2|dbcool|dahlia|1371
|gen|9
|tier|[Gen 9] OU
|rated|
|rule|HP Percentage Mod: HP is shown in percentages
|rule|Endless Battle Clause: Forcing endless battles is banned
|rule|Species Clause: Limit one of each Pokémon
|rule|OHKO Clause: OHKO moves are banned
|rule|Evasion Items Clause: Evasion items are banned
|rule|Evasion Moves Clause: Evasion moves are banned
|rule|Evasion Abilities Clause: Evasion abilities are banned
|rule|Sleep Moves Clause: Sleep-inducing moves are banned
|clearpoke
|poke|p1|Ceruledge, M|
|poke|p1|Greninja-*, M|
|poke|p1|Iron Valiant|
|poke|p1|Dragonite, M|
|poke|p1|Goodra-Hisui, F|
|poke|p1|Toxapex, F|
|poke|p2|Dragonite, F|
|poke|p2|Zamazenta-*|
|poke|p2|Landorus-Therian, M|
|poke|p2|Gholdengo|
|poke|p2|Darkrai|
|poke|p2|Hatterene, F|
|teampreview
|inactive|Battle timer is ON: inactive players will automatically lose when time's up. (requested by topspeeddd)
|
|t:|1759033861
|teamsize|p1|6
|teamsize|p2|6
|start
|switch|p1a: Goodra|Goodra-Hisui, F|100/100
|switch|p2a: Hatterene|Hatterene, F|100/100
|turn|1
|
|t:|1759033880
|switch|p2a: Landorus|Landorus-Therian, M|100/100
|-ability|p2a: Landorus|Intimidate|boost
|-unboost|p1a: Goodra|atk|1
|move|p1a: Goodra|Flash Cannon|p2a: Landorus
|-damage|p2a: Landorus|65/100
|
|upkeep
|turn|2
|
|t:|1759033891
|move|p2a: Landorus|Earthquake|p1a: Goodra
|-supereffective|p1a: Goodra
|-damage|p1a: Goodra|1/100
|move|p1a: Goodra|Draco Meteor|p2a: Landorus|[miss]
|-miss|p1a: Goodra|p2a: Landorus
|
|-heal|p1a: Goodra|7/100|[from] item: Leftovers
|upkeep
|turn|3
|
|t:|1759033899
|move|p2a: Landorus|Earthquake|p1a: Goodra
|-supereffective|p1a: Goodra
|-damage|p1a: Goodra|0 fnt
|faint|p1a: Goodra
|
|upkeep
|
|t:|1759033903
|switch|p1a: Greninja|Greninja, M|100/100
|turn|4
|
|t:|1759033912
|switch|p2a: Hatterene|Hatterene, F|100/100
|move|p1a: Greninja|Surf|p2a: Hatterene
|-damage|p2a: Hatterene|75/100
|
|upkeep
|turn|5
|inactive|topspeeddd has 120 seconds left.
|
|t:|1759033955
|switch|p1a: Ceruledge|Ceruledge, M|100/100
|move|p2a: Hatterene|Psychic Noise|p1a: Ceruledge
|-crit|p1a: Ceruledge
|-damage|p1a: Ceruledge|25/100
|-start|p1a: Ceruledge|move: Heal Block
|
|upkeep
|turn|6
|
|t:|1759033965
|move|p1a: Ceruledge|Shadow Sneak|p2a: Hatterene
|-supereffective|p2a: Hatterene
|-damage|p2a: Hatterene|34/100
|move|p2a: Hatterene|Psyshock|p1a: Ceruledge
|-damage|p1a: Ceruledge|0 fnt
|faint|p1a: Ceruledge
|
|upkeep
|
|t:|1759033971
|switch|p1a: Greninja|Greninja, M|100/100
|turn|7
|
|t:|1759033979
|-terastallize|p2a: Hatterene|Water
|move|p1a: Greninja|Sludge Wave|p2a: Hatterene
|-damage|p2a: Hatterene|16/100
|move|p2a: Hatterene|Draining Kiss|p1a: Greninja
|-supereffective|p1a: Greninja
|-damage|p1a: Greninja|10/100
|-heal|p2a: Hatterene|77/100|[from] drain|[of] p1a: Greninja
|
|upkeep
|turn|8
|-message|topspeeddd forfeited.
|
|win|dbcool
|raw|topspeeddd's rating: 1354 &rarr; <strong>1335</strong><br />(-19 for losing)
|raw|dbcool's rating: 1371 &rarr; <strong>1390</strong><br />(+19 for winning)
|l|☆topspeeddd
|player|p1|
