|j|☆jxrx
|j|☆bri_korii
|t:|1758994572
|gametype|singles
|player|p1|jxrx|norman|1333
|player|p2|bri_korii|2|1389
|gen|9
|tier|[Gen 9] OU
|rated|
|rule|HP Percentage Mod: HP is shown in percentages
|rule|Endless Battle Clause: Forcing endless battles is banned
|rule|Species Clause: Limit one of each Pokémon
|rule|OHKO Clause: OHKO moves are banned
|rule|Evasion Items Clause: Evasion items are banned
|rule|Evasion Moves Clause: Evasion moves are banned
|rule|Evasion Abilities Clause: Evasion abilities are banned
|rule|Sleep Moves Clause: Sleep-inducing moves are banned
|clearpoke
|poke|p1|Garganacl, F|
|poke|p1|Hoopa-Unbound|
|poke|p1|Dragapult, M|
|poke|p1|Vileplume, M|
|poke|p1|Scizor, M|
|poke|p1|Darkrai|
|poke|p2|Skeledirge, F|
|poke|p2|Slither Wing|
|poke|p2|Clefable, F|
|poke|p2|Gliscor, M|
|poke|p2|Kingambit, F|
|poke|p2|Ogerpon-Wellspring, F|
|teampreview
|inactive|Battle timer is ON: inactive players will automatically lose when time's up. (requested by jxrx)
|
|t:|1758994591
|teamsize|p1|6
|teamsize|p2|6
|start
|switch|p1a: Darkrai|Darkrai|100/100
|switch|p2a: Clefable|Clefable, F|100/100
|turn|1
|
|t:|1758994602
|move|p1a: Darkrai|Trick|p2a: Clefable
|-activate|p1a: Darkrai|move: Trick|[of] p2a: Clefable
|-item|p2a: Clefable|Choice Specs|[from] move: Trick
|-item|p1a: Darkrai|Sticky Barb|[from] move: Trick
|move|p2a: Clefable|Moonblast|p1a: Darkrai
|-supereffective|p1a: Darkrai
|-damage|p1a: Darkrai|0 fnt
|faint|p1a: Darkrai
|
|upkeep
|inactive|jxrx has 120 seconds left.
|inactive|jxrx has 90 seconds left.
|
|t:|1758994666
|switch|p1a: Scizor|Scizor, M|100/100
|turn|2
|
|t:|1758994671
|switch|p2a: Skeledirge|Skeledirge, F, shiny|100/100
|move|p1a: Scizor|U-turn|p2a: Skeledirge
|-resisted|p2a: Skeledirge
|-damage|p2a: Skeledirge|91/100
|
|t:|1758994675
|switch|p1a: Garganacl|Garganacl, F|100/100|[from] U-turn
|
|upkeep
|turn|3
|
|t:|1758994683
|switch|p2a: Clefable|Clefable, F|100/100
|move|p1a: Garganacl|Salt Cure|p2a: Clefable
|-damage|p2a: Clefable|90/100
|-start|p2a: Clefable|Salt Cure
|
|upkeep
|turn|4
|inactive|jxrx has 120 seconds left.
|
|t:|1758994701
|move|p2a: Clefable|Stealth Rock|p1a: Garganacl
|-sidestart|p1: jxrx|move: Stealth Rock
|move|p1a: Garganacl|Stealth Rock|p2a: Clefable
|-sidestart|p2: bri_korii|move: Stealth Rock
|
|upkeep
|turn|5
|
|t:|1758994712
|switch|p2a: Slither Wing|Slither Wing|100/100
|-damage|p2a: Slither Wing|88/100|[from] Stealth Rock
|move|p1a: Garganacl|Salt Cure|p2a: Slither Wing
|-damage|p2a: Slither Wing|70/100
|-start|p2a: Slither Wing|Salt Cure
|
|-damage|p2a: Slither Wing|57/100|[from] Salt Cure
|upkeep
|turn|6
|
|t:|1758994719
|move|p1a: Garganacl|Protect|p1a: Garganacl
|-singleturn|p1a: Garganacl|Protect
|move|p2a: Slither Wing|Close Combat|p1a: Garganacl
|-activate|p1a: Garganacl|move: Protect
|
|-damage|p2a: Slither Wing|45/100|[from] Salt Cure
|upkeep
|turn|7
|
|t:|1758994736
|switch|p1a: Vileplume|Vileplume, M|100/100
|-damage|p1a: Vileplume|88/100|[from] Stealth Rock
|move|p2a: Slither Wing|U-turn|p1a: Vileplume
|-crit|p1a: Vileplume
|-damage|p1a: Vileplume|42/100
|-damage|p2a: Slither Wing|29/100|[from] item: Rocky Helmet|[of] p1a: Vileplume
|
|t:|1758994742
|-end|p2a: Slither Wing|Protosynthesis|[silent]
|switch|p2a: Skeledirge|Skeledirge, F, shiny|91/100|[from] U-turn
|
|upkeep
|turn|8
|
|t:|1758994757
|switch|p1a: Garganacl|Garganacl, F|100/100
|-damage|p1a: Garganacl|88/100|[from] Stealth Rock
|move|p2a: Skeledirge|Torch Song|p1a: Garganacl
|-resisted|p1a: Garganacl
|-damage|p1a: Garganacl|78/100
|-boost|p2a: Skeledirge|spa|1
|
|-heal|p1a: Garganacl|84/100|[from] item: Leftovers
|upkeep
|turn|9
|
|t:|1758994771
|move|p2a: Skeledirge|Hex|p1a: Garganacl
|-damage|p1a: Garganacl|71/100
|move|p1a: Garganacl|Salt Cure|p2a: Skeledirge
|-supereffective|p2a: Skeledirge
|-damage|p2a: Skeledirge|74/100
|-start|p2a: Skeledirge|Salt Cure
|
|-heal|p1a: Garganacl|77/100|[from] item: Leftovers
|-damage|p2a: Skeledirge|61/100|[from] Salt Cure
|upkeep
|turn|10
|
|t:|1758994784
|switch|p2a: Ogerpon|Ogerpon-Wellspring, F|100/100
|-damage|p2a: Ogerpon|88/100|[from] Stealth Rock
|move|p1a: Garganacl|Salt Cure|p2a: Ogerpon
|-damage|p2a: Ogerpon|71/100
|-start|p2a: Ogerpon|Salt Cure
|
|-heal|p1a: Garganacl|84/100|[from] item: Leftovers
|-damage|p2a: Ogerpon|46/100|[from] Salt Cure
|upkeep
|turn|11
|
|t:|1758994800
|switch|p2a: Kingambit|Kingambit, F|100/100
|-damage|p2a: Kingambit|94/100|[from] Stealth Rock
|move|p1a: Garganacl|Protect||[still]
|-fail|p1a: Garganacl
|
|-heal|p2a: Kingambit|100/100|[from] item: Leftovers
|-heal|p1a: Garganacl|90/100|[from] item: Leftovers
|upkeep
|turn|12
|inactive|jxrx has 120 seconds left.
|
|t:|1758994839
|move|p2a: Kingambit|Iron Head|p1a: Garganacl
|-supereffective|p1a: Garganacl
|-damage|p1a: Garganacl|24/100
|cant|p1a: Garganacl|flinch
|
|-heal|p1a: Garganacl|30/100|[from] item: Leftovers
|upkeep
|turn|13
|
|t:|1758994844
|move|p1a: Garganacl|Protect|p1a: Garganacl
|-singleturn|p1a: Garganacl|Protect
|move|p2a: Kingambit|Swords Dance|p2a: Kingambit
|-boost|p2a: Kingambit|atk|2
|
|-heal|p1a: Garganacl|36/100|[from] item: Leftovers
|upkeep
|turn|14
|
|t:|1758994852
|move|p2a: Kingambit|Iron Head|p1a: Garganacl
|-supereffective|p1a: Garganacl
|-damage|p1a: Garganacl|0 fnt
|faint|p1a: Garganacl
|
|upkeep
|
|t:|1758994858
|switch|p1a: Hoopa|Hoopa-Unbound|100/100
|-damage|p1a: Hoopa|88/100|[from] Stealth Rock
|turn|15
|
|t:|1758994867
|-terastallize|p1a: Hoopa|Fairy
|move|p2a: Kingambit|Iron Head|p1a: Hoopa
|-supereffective|p1a: Hoopa
|-damage|p1a: Hoopa|0 fnt
|faint|p1a: Hoopa
|
|upkeep
|-message|jxrx forfeited.
|
|win|bri_korii
|raw|jxrx's rating: 1364 &rarr; <strong>1345</strong><br />(-19 for losing)
|raw|bri_korii's rating: 1389 &rarr; <strong>1408</strong><br />(+19 for winning)
|l|☆jxrx
|player|p1|
|l|☆bri_korii
|player|p2|
