|badge|p2|silver|gen9ou|30-6
|html|<div class="broadcast-red"><strong>This battle is required to be public due to one or more player having a season medal.</strong><br />During the public phase, you can discuss the state of the ladder <a href="/seasondiscussion">in a special chatroom.</a></div>
|uhtml|medal-msg|<div class="broadcast-blue">Curious what those medals under the avatar are? PS now has Ladder Seasons! For more information, check out the <a href="https://www.smogon.com/forums/threads/3740067/">thread on Smogon.</a></div>
|raw|<div class="broadcast-blue"><strong>This battle is required to be public due to a player having a name starting with 'medal'.</div>
|j|☆pcb o mba
|j|☆ShinyLucarioXD
|t:|1758979142
|gametype|singles
|player|p1|pcb o mba|aaron|1745
|player|p2|ShinyLucarioXD|riley|1900
|gen|9
|tier|[Gen 9] OU
|rated|
|rule|HP Percentage Mod: HP is shown in percentages
|rule|Endless Battle Clause: Forcing endless battles is banned
|rule|Species Clause: Limit one of each Pokémon
|rule|OHKO Clause: OHKO moves are banned
|rule|Evasion Items Clause: Evasion items are banned
|rule|Evasion Moves Clause: Evasion moves are banned
|rule|Evasion Abilities Clause: Evasion abilities are banned
|rule|Sleep Moves Clause: Sleep-inducing moves are banned
|clearpoke
|poke|p1|Raging Bolt|
|poke|p1|Ninetales, F|
|poke|p1|Walking Wake|
|poke|p1|Iron Treads|
|poke|p1|Zamazenta-*|
|poke|p1|Enamorus, F|
|poke|p2|Raging Bolt|
|poke|p2|Samurott-Hisui, F|
|poke|p2|Dragonite, F|
|poke|p2|Gholdengo|
|poke|p2|Great Tusk|
|poke|p2|Enamorus, F|
|teampreview
|inactive|Battle timer is ON: inactive players will automatically lose when time's up. (requested by ShinyLucarioXD)
|inactive|pcb o mba also wants the timer to be on.
|
|t:|1758979161
|teamsize|p1|6
|teamsize|p2|6
|start
|switch|p1a: Ninetales|Ninetales, F|100/100
|switch|p2a: Samurott|Samurott-Hisui, F, shiny|100/100
|-weather|SunnyDay|[from] ability: Drought|[of] p1a: Ninetales
|turn|1
|inactive|pcb o mba has 120 seconds left.
|
|t:|1758979194
|switch|p1a: Enamorus|Enamorus, F|100/100
|move|p2a: Samurott|Ceaseless Edge|p1a: Enamorus
|-resisted|p1a: Enamorus
|-damage|p1a: Enamorus|71/100
|-sidestart|p1: pcb o mba|Spikes
|
|-weather|SunnyDay|[upkeep]
|upkeep
|turn|2
|inactive|pcb o mba has 120 seconds left.
|
|t:|1758979206
|switch|p1a: Walking Wake|Walking Wake|100/100
|-damage|p1a: Walking Wake|88/100|[from] Spikes
|-activate|p1a: Walking Wake|ability: Protosynthesis
|-start|p1a: Walking Wake|protosynthesisspa
|switch|p2a: Gholdengo|Gholdengo|100/100
|
|-weather|SunnyDay|[upkeep]
|upkeep
|turn|3
|
|t:|1758979217
|switch|p2a: Samurott|Samurott-Hisui, F, shiny|100/100
|move|p1a: Walking Wake|Hydro Steam|p2a: Samurott
|-resisted|p2a: Samurott
|-damage|p2a: Samurott|65/100
|
|-weather|SunnyDay|[upkeep]
|upkeep
|turn|4
|
|t:|1758979237
|move|p1a: Walking Wake|Hydro Steam|p2a: Samurott
|-resisted|p2a: Samurott
|-damage|p2a: Samurott|29/100
|move|p2a: Samurott|Ceaseless Edge|p1a: Walking Wake
|-damage|p1a: Walking Wake|46/100
|-sidestart|p1: pcb o mba|Spikes
|
|-weather|SunnyDay|[upkeep]
|upkeep
|turn|5
|
|t:|1758979241
|move|p2a: Samurott|Sucker Punch|p1a: Walking Wake
|-damage|p1a: Walking Wake|19/100
|move|p1a: Walking Wake|Hydro Steam|p2a: Samurott
|-resisted|p2a: Samurott
|-damage|p2a: Samurott|0 fnt
|faint|p2a: Samurott
|
|-weather|SunnyDay|[upkeep]
|upkeep
|
|t:|1758979243
|switch|p2a: Gholdengo|Gholdengo|100/100
|turn|6
|
|t:|1758979271
|move|p2a: Gholdengo|Shadow Ball|p1a: Walking Wake
|-damage|p1a: Walking Wake|0 fnt
|faint|p1a: Walking Wake
|-end|p1a: Walking Wake|Protosynthesis|[silent]
|
|-weather|SunnyDay|[upkeep]
|upkeep
|inactive|pcb o mba has 120 seconds left.
|
|t:|1758979288
|switch|p1a: Iron Treads|Iron Treads|100/100
|-item|p1a: Iron Treads|Air Balloon
|turn|7
|inactive|pcb o mba has 120 seconds left.
|
|t:|1758979295
|move|p2a: Gholdengo|Shadow Ball|p1a: Iron Treads
|-damage|p1a: Iron Treads|42/100
|-enditem|p1a: Iron Treads|Air Balloon
|move|p1a: Iron Treads|Knock Off|p2a: Gholdengo
|-supereffective|p2a: Gholdengo
|-damage|p2a: Gholdengo|32/100
|-enditem|p2a: Gholdengo|Choice Scarf|[from] move: Knock Off|[of] p1a: Iron Treads
|
|-weather|SunnyDay|[upkeep]
|upkeep
|turn|8
|inactive|pcb o mba has 120 seconds left.
|
|t:|1758979306
|move|p1a: Iron Treads|Knock Off|p2a: Gholdengo
|-supereffective|p2a: Gholdengo
|-damage|p2a: Gholdengo|0 fnt
|faint|p2a: Gholdengo
|
|-weather|none
|upkeep
|j| cryyysneasel
|
|t:|1758979310
|switch|p2a: Enamorus|Enamorus, F|100/100
|turn|9
|
|t:|1758979315
|-end|p1a: Iron Treads|Quark Drive|[silent]
|switch|p1a: Enamorus|Enamorus, F|71/100
|move|p2a: Enamorus|Earth Power|p1a: Enamorus
|-immune|p1a: Enamorus
|
|upkeep
|turn|10
|
|t:|1758979321
|move|p1a: Enamorus|Moonblast|p2a: Enamorus
|-damage|p2a: Enamorus|27/100
|move|p2a: Enamorus|Moonblast|p1a: Enamorus
|-damage|p1a: Enamorus|0 fnt
|faint|p1a: Enamorus
|
|-heal|p2a: Enamorus|34/100|[from] item: Leftovers
|upkeep
|inactive|pcb o mba has 120 seconds left.
|
|t:|1758979349
|switch|p1a: Zamazenta|Zamazenta|100/100
|-damage|p1a: Zamazenta|84/100|[from] Spikes
|-ability|p1a: Zamazenta|Dauntless Shield|boost
|-boost|p1a: Zamazenta|def|1
|turn|11
|inactive|pcb o mba has 120 seconds left.
|
|t:|1758979359
|-terastallize|p1a: Zamazenta|Steel
|move|p1a: Zamazenta|Iron Defense|p1a: Zamazenta
|-boost|p1a: Zamazenta|def|2
|move|p2a: Enamorus|Moonblast|p1a: Zamazenta
|-resisted|p1a: Zamazenta
|-damage|p1a: Zamazenta|63/100
|
|-heal|p1a: Zamazenta|69/100|[from] item: Leftovers
|-heal|p2a: Enamorus|40/100|[from] item: Leftovers
|upkeep
|turn|12
|inactive|pcb o mba has 120 seconds left.
|
|t:|1758979364
|move|p1a: Zamazenta|Body Press|p2a: Enamorus
|-resisted|p2a: Enamorus
|-damage|p2a: Enamorus|2/100
|move|p2a: Enamorus|Earth Power|p1a: Zamazenta
|-supereffective|p1a: Zamazenta
|-damage|p1a: Zamazenta|12/100
|
|-heal|p1a: Zamazenta|19/100|[from] item: Leftovers
|-heal|p2a: Enamorus|8/100|[from] item: Leftovers
|upkeep
|turn|13
|
|t:|1758979368
|move|p1a: Zamazenta|Body Press|p2a: Enamorus
|-resisted|p2a: Enamorus
|-damage|p2a: Enamorus|0 fnt
|faint|p2a: Enamorus
|
|-heal|p1a: Zamazenta|25/100|[from] item: Leftovers
|upkeep
|
|t:|1758979371
|switch|p2a: Great Tusk|Great Tusk|100/100
|turn|14
|inactive|pcb o mba has 120 seconds left.
|
|t:|1758979408
|move|p1a: Zamazenta|Body Press|p2a: Great Tusk
|-damage|p2a: Great Tusk|56/100
|move|p2a: Great Tusk|Body Press|p1a: Zamazenta
|-supereffective|p1a: Zamazenta
|-damage|p1a: Zamazenta|0 fnt
|faint|p1a: Zamazenta
|
|-heal|p2a: Great Tusk|62/100|[from] item: Leftovers
|upkeep
|j| iamfrhaan007
|
|t:|1758979417
|switch|p1a: Ninetales|Ninetales, F|100/100
|-damage|p1a: Ninetales|84/100|[from] Spikes
|-weather|SunnyDay|[from] ability: Drought|[of] p1a: Ninetales
|-activate|p2a: Great Tusk|ability: Protosynthesis
|-start|p2a: Great Tusk|protosynthesisdef
|turn|15
|
|t:|1758979432
|move|p1a: Ninetales|Overheat|p2a: Great Tusk
|-crit|p2a: Great Tusk
|-damage|p2a: Great Tusk|0 fnt
|-unboost|p1a: Ninetales|spa|2
|faint|p2a: Great Tusk
|-end|p2a: Great Tusk|Protosynthesis|[silent]
|
|-weather|SunnyDay|[upkeep]
|upkeep
|
|t:|1758979435
|switch|p2a: Raging Bolt|Raging Bolt|100/100
|-activate|p2a: Raging Bolt|ability: Protosynthesis
|-start|p2a: Raging Bolt|protosynthesisspa
|turn|16
|inactive|pcb o mba has 120 seconds left.
|
|t:|1758979464
|move|p1a: Ninetales|Healing Wish|p1a: Ninetales
|faint|p1a: Ninetales
|move|p2a: Raging Bolt|Calm Mind|p2a: Raging Bolt
|-boost|p2a: Raging Bolt|spa|1
|-boost|p2a: Raging Bolt|spd|1
|
|-weather|SunnyDay|[upkeep]
|upkeep
|
|t:|1758979466
|switch|p1a: Iron Treads|Iron Treads|42/100
|-heal|p1a: Iron Treads|100/100|[from] move: Healing Wish
|-damage|p1a: Iron Treads|84/100|[from] Spikes
|turn|17
|inactive|pcb o mba has 120 seconds left.
|
|t:|1758979474
|move|p1a: Iron Treads|Earthquake|p2a: Raging Bolt
|-supereffective|p2a: Raging Bolt
|-damage|p2a: Raging Bolt|25/100
|move|p2a: Raging Bolt|Dragon Pulse|p1a: Iron Treads
|-resisted|p1a: Iron Treads
|-crit|p1a: Iron Treads
|-damage|p1a: Iron Treads|0 fnt
|faint|p1a: Iron Treads
|-end|p1a: Iron Treads|Quark Drive|[silent]
|
|-weather|SunnyDay|[upkeep]
|upkeep
|
|t:|1758979476
|switch|p1a: Raging Bolt|Raging Bolt|100/100
|-damage|p1a: Raging Bolt|84/100|[from] Spikes
|-activate|p1a: Raging Bolt|ability: Protosynthesis
|-start|p1a: Raging Bolt|protosynthesisspa
|turn|18
|
|t:|1758979482
|move|p2a: Raging Bolt|Thunderclap|p1a: Raging Bolt
|-resisted|p1a: Raging Bolt
|-damage|p1a: Raging Bolt|65/100
|move|p1a: Raging Bolt|Weather Ball|p2a: Raging Bolt
|-resisted|p2a: Raging Bolt
|-damage|p2a: Raging Bolt|2/100
|
|-weather|SunnyDay|[upkeep]
|upkeep
|turn|19
|
|t:|1758979487
|move|p2a: Raging Bolt|Thunderclap|p1a: Raging Bolt
|-resisted|p1a: Raging Bolt
|-damage|p1a: Raging Bolt|47/100
|move|p1a: Raging Bolt|Thunderclap||[still]
|-fail|p1a: Raging Bolt
|
|-weather|SunnyDay|[upkeep]
|upkeep
|turn|20
|
|t:|1758979494
|move|p2a: Raging Bolt|Thunderbolt|p1a: Raging Bolt
|-resisted|p1a: Raging Bolt
|-damage|p1a: Raging Bolt|23/100
|move|p1a: Raging Bolt|Weather Ball|p2a: Raging Bolt
|-resisted|p2a: Raging Bolt
|-damage|p2a: Raging Bolt|0 fnt
|faint|p2a: Raging Bolt
|-end|p2a: Raging Bolt|Protosynthesis|[silent]
|
|-weather|SunnyDay|[upkeep]
|upkeep
|
|t:|1758979496
|switch|p2a: Dragonite|Dragonite, F, shiny|100/100
|turn|21
|-message|pcb o mba forfeited.
|
|win|ShinyLucarioXD
|raw|pcb o mba's rating: 1745 &rarr; <strong>1733</strong><br />(-12 for losing)
|raw|ShinyLucarioXD's rating: 1900 &rarr; <strong>1912</strong><br />(+12 for winning)
|l|☆pcb o mba
|player|p1|
