|j|☆Mamoswine247
|j|☆cp collective
|t:|1758995986
|gametype|singles
|player|p1|Mamoswine247|101|1362
|player|p2|cp collective|eusine|1298
|gen|9
|tier|[Gen 9] OU
|rated|
|rule|HP Percentage Mod: HP is shown in percentages
|rule|Endless Battle Clause: Forcing endless battles is banned
|rule|Species Clause: Limit one of each Pokémon
|rule|OHKO Clause: OHKO moves are banned
|rule|Evasion Items Clause: Evasion items are banned
|rule|Evasion Moves Clause: Evasion moves are banned
|rule|Evasion Abilities Clause: Evasion abilities are banned
|rule|Sleep Moves Clause: Sleep-inducing moves are banned
|clearpoke
|poke|p1|Lokix, M|
|poke|p1|Iron Valiant|
|poke|p1|Corviknight, M|
|poke|p1|Zapdos|
|poke|p1|Slowking-Galar, M|
|poke|p1|Great Tusk|
|poke|p2|Ninetales, F|
|poke|p2|Lilligant-Hisui, F|
|poke|p2|Great Tusk|
|poke|p2|Walking Wake|
|poke|p2|Comfey, F|
|poke|p2|Iron Moth|
|teampreview
|inactive|Battle timer is ON: inactive players will automatically lose when time's up. (requested by Mamoswine247)
|
|t:|1758996012
|teamsize|p1|6
|teamsize|p2|6
|start
|switch|p1a: Slowking|Slowking-Galar, M, shiny|100/100
|switch|p2a: Ninetales|Ninetales, F|100/100
|-weather|SunnyDay|[from] ability: Drought|[of] p2a: Ninetales
|turn|1
|
|t:|1758996017
|move|p2a: Ninetales|Will-O-Wisp|p1a: Slowking
|-status|p1a: Slowking|brn
|-prepare|p1a: Slowking|Chilly Reception|[premajor]
|move|p1a: Slowking|Chilly Reception|p1a: Slowking
|-weather|Snowscape
|
|t:|1758996026
|switch|p1a: Zapdos|Zapdos|100/100|[from] Chilly Reception
|
|-weather|Snowscape|[upkeep]
|upkeep
|turn|2
|
|t:|1758996038
|move|p1a: Zapdos|Hurricane|p2a: Ninetales|[miss]
|-miss|p1a: Zapdos|p2a: Ninetales
|move|p2a: Ninetales|Weather Ball|p1a: Zapdos
|-supereffective|p1a: Zapdos
|-damage|p1a: Zapdos|58/100
|
|-weather|Snowscape|[upkeep]
|upkeep
|turn|3
|
|t:|1758996055
|move|p1a: Zapdos|Hurricane|p2a: Ninetales
|-damage|p2a: Ninetales|13/100
|move|p2a: Ninetales|Weather Ball|p1a: Zapdos
|-supereffective|p1a: Zapdos
|-crit|p1a: Zapdos
|-damage|p1a: Zapdos|0 fnt
|faint|p1a: Zapdos
|
|-weather|Snowscape|[upkeep]
|upkeep
|
|t:|1758996061
|switch|p1a: Lowkicks|Lokix, M, shiny|100/100
|turn|4
|
|t:|1758996068
|switch|p2a: Great Tusk|Great Tusk|100/100
|move|p1a: Lowkicks|First Impression|p2a: Great Tusk
|-resisted|p2a: Great Tusk
|-damage|p2a: Great Tusk|68/100
|-damage|p1a: Lowkicks|84/100|[from] item: Rocky Helmet|[of] p2a: Great Tusk
|-damage|p1a: Lowkicks|74/100|[from] item: Life Orb
|
|-weather|Snowscape|[upkeep]
|upkeep
|turn|5
|
|t:|1758996075
|switch|p1a: Corviknight|Corviknight, M|100/100
|move|p2a: Great Tusk|Stealth Rock|p1a: Corviknight
|-sidestart|p1: Mamoswine247|move: Stealth Rock
|
|-weather|none
|upkeep
|turn|6
|
|t:|1758996082
|-end|p2a: Great Tusk|Protosynthesis|[silent]
|switch|p2a: Iron Moth|Iron Moth|100/100
|-enditem|p2a: Iron Moth|Booster Energy
|-activate|p2a: Iron Moth|ability: Quark Drive|[fromitem]
|-start|p2a: Iron Moth|quarkdrivespa
|move|p1a: Corviknight|Defog|p2a: Iron Moth
|-unboost|p2a: Iron Moth|evasion|1
|-sideend|p1: Mamoswine247|Stealth Rock|[from] move: Defog|[of] p1a: Corviknight
|
|upkeep
|turn|7
|
|t:|1758996090
|switch|p1a: Slowking|Slowking-Galar, M, shiny|100/100 brn
|move|p2a: Iron Moth|Fiery Dance|p1a: Slowking
|-damage|p1a: Slowking|69/100 brn
|-boost|p2a: Iron Moth|spa|1
|
|-heal|p1a: Slowking|75/100 brn|[from] item: Leftovers
|-damage|p1a: Slowking|69/100 brn|[from] brn
|upkeep
|turn|8
|
|t:|1758996101
|move|p2a: Iron Moth|Overheat|p1a: Slowking
|-damage|p1a: Slowking|0 fnt
|-unboost|p2a: Iron Moth|spa|2
|faint|p1a: Slowking
|
|upkeep
|inactive|Mamoswine247 has 120 seconds left.
|
|t:|1758996137
|switch|p1a: Lowkicks|Lokix, M, shiny|74/100
|turn|9
|
|t:|1758996143
|-end|p2a: Iron Moth|Quark Drive|[silent]
|switch|p2a: Great Tusk|Great Tusk|68/100
|move|p1a: Lowkicks|First Impression|p2a: Great Tusk
|-resisted|p2a: Great Tusk
|-damage|p2a: Great Tusk|35/100
|-damage|p1a: Lowkicks|57/100|[from] item: Rocky Helmet|[of] p2a: Great Tusk
|-damage|p1a: Lowkicks|47/100|[from] item: Life Orb
|
|upkeep
|turn|10
|
|t:|1758996153
|move|p1a: Lowkicks|Knock Off|p2a: Great Tusk
|-resisted|p2a: Great Tusk
|-damage|p2a: Great Tusk|2/100
|-damage|p1a: Lowkicks|31/100|[from] item: Rocky Helmet|[of] p2a: Great Tusk
|-enditem|p2a: Great Tusk|Rocky Helmet|[from] move: Knock Off|[of] p1a: Lowkicks
|-damage|p1a: Lowkicks|21/100|[from] item: Life Orb
|move|p2a: Great Tusk|Stealth Rock|p1a: Lowkicks
|-sidestart|p1: Mamoswine247|move: Stealth Rock
|
|upkeep
|turn|11
|
|t:|1758996161
|move|p1a: Lowkicks|U-turn|p2a: Great Tusk
|-resisted|p2a: Great Tusk
|-damage|p2a: Great Tusk|0 fnt
|faint|p2a: Great Tusk
|-end|p2a: Great Tusk|Protosynthesis|[silent]
|-damage|p1a: Lowkicks|11/100|[from] item: Life Orb
|
|t:|1758996167
|switch|p1a: Corviknight|Corviknight, M|100/100|[from] U-turn
|-damage|p1a: Corviknight|88/100|[from] Stealth Rock
|
|upkeep
|
|t:|1758996172
|switch|p2a: Ninetales|Ninetales, F|13/100
|-weather|SunnyDay|[from] ability: Drought|[of] p2a: Ninetales
|turn|12
|
|t:|1758996177
|-terastallize|p1a: Corviknight|Dragon
|move|p2a: Ninetales|Weather Ball|p1a: Corviknight
|-resisted|p1a: Corviknight
|-damage|p1a: Corviknight|67/100
|move|p1a: Corviknight|Defog|p2a: Ninetales
|-unboost|p2a: Ninetales|evasion|1
|-sideend|p1: Mamoswine247|Stealth Rock|[from] move: Defog|[of] p1a: Corviknight
|
|-weather|SunnyDay|[upkeep]
|upkeep
|turn|13
|
|t:|1758996185
|move|p2a: Ninetales|Encore|p1a: Corviknight
|-start|p1a: Corviknight|Encore
|move|p1a: Corviknight|Defog|p2a: Ninetales
|-unboost|p2a: Ninetales|evasion|1
|
|-weather|SunnyDay|[upkeep]
|upkeep
|turn|14
|
|t:|1758996194
|switch|p2a: Walking Wake|Walking Wake|100/100
|-activate|p2a: Walking Wake|ability: Protosynthesis
|-start|p2a: Walking Wake|protosynthesisspe
|switch|p1a: Iron Valiant|Iron Valiant|100/100
|
|-weather|SunnyDay|[upkeep]
|upkeep
|turn|15
|
|t:|1758996202
|move|p1a: Iron Valiant|Moonblast|p2a: Walking Wake
|-supereffective|p2a: Walking Wake
|-crit|p2a: Walking Wake
|-damage|p2a: Walking Wake|2/100
|move|p2a: Walking Wake|Hydro Steam|p1a: Iron Valiant
|-damage|p1a: Iron Valiant|7/100
|
|-weather|SunnyDay|[upkeep]
|upkeep
|turn|16
|
|t:|1758996219
|-end|p2a: Walking Wake|Protosynthesis|[silent]
|switch|p2a: Iron Moth|Iron Moth|100/100
|move|p1a: Iron Valiant|Moonblast|p2a: Iron Moth
|-resisted|p2a: Iron Moth
|-damage|p2a: Iron Moth|89/100
|
|-weather|SunnyDay|[upkeep]
|upkeep
|turn|17
|
|t:|1758996227
|-end|p1a: Iron Valiant|Quark Drive|[silent]
|switch|p1a: Great Tusk|Great Tusk|100/100
|-activate|p1a: Great Tusk|ability: Protosynthesis
|-start|p1a: Great Tusk|protosynthesisatk
|move|p2a: Iron Moth|Fiery Dance|p1a: Great Tusk
|-damage|p1a: Great Tusk|0 fnt
|faint|p1a: Great Tusk
|-end|p1a: Great Tusk|Protosynthesis|[silent]
|
|-weather|SunnyDay|[upkeep]
|upkeep
|
|t:|1758996232
|switch|p1a: Lowkicks|Lokix, M, shiny|11/100
|turn|18
|
|t:|1758996251
|-end|p2a: Iron Moth|Quark Drive|[silent]
|switch|p2a: Walking Wake|Walking Wake|2/100
|-activate|p2a: Walking Wake|ability: Protosynthesis
|-start|p2a: Walking Wake|protosynthesisspe
|move|p1a: Lowkicks|First Impression|p2a: Walking Wake
|-damage|p2a: Walking Wake|0 fnt
|faint|p2a: Walking Wake
|-end|p2a: Walking Wake|Protosynthesis|[silent]
|-damage|p1a: Lowkicks|1/100|[from] item: Life Orb
|
|-weather|SunnyDay|[upkeep]
|upkeep
|
|t:|1758996268
|switch|p2a: Lilligant|Lilligant-Hisui, F|100/100
|turn|19
|inactive|cp collective has 120 seconds left.
|
|t:|1758996305
|switch|p1a: Corviknight|Corviknight, M, tera:Dragon|67/100
|move|p2a: Lilligant|Victory Dance|p2a: Lilligant
|-boost|p2a: Lilligant|atk|1
|-boost|p2a: Lilligant|def|1
|-boost|p2a: Lilligant|spe|1
|
|-weather|none
|upkeep
|turn|20
|
|t:|1758996319
|move|p2a: Lilligant|Triple Axel|p1a: Corviknight
|-supereffective|p1a: Corviknight
|-damage|p1a: Corviknight|55/100
|-damage|p2a: Lilligant|84/100|[from] item: Rocky Helmet|[of] p1a: Corviknight
|-supereffective|p1a: Corviknight
|-damage|p1a: Corviknight|31/100
|-damage|p2a: Lilligant|68/100|[from] item: Rocky Helmet|[of] p1a: Corviknight
|-supereffective|p1a: Corviknight
|-damage|p1a: Corviknight|0 fnt
|-damage|p2a: Lilligant|51/100|[from] item: Rocky Helmet|[of] p1a: Corviknight
|faint|p1a: Corviknight
|-hitcount|p1: Corviknight|3
|
|upkeep
|
|t:|1758996323
|switch|p1a: Lowkicks|Lokix, M, shiny|1/100
|turn|21
|
|t:|1758996335
|switch|p1a: Iron Valiant|Iron Valiant|7/100
|move|p2a: Lilligant|Axe Kick|p1a: Iron Valiant
|-resisted|p1a: Iron Valiant
|-damage|p1a: Iron Valiant|0 fnt
|faint|p1a: Iron Valiant
|-end|p1a: Iron Valiant|Quark Drive|[silent]
|
|upkeep
|-message|Mamoswine247 forfeited.
|
|win|cp collective
|raw|Mamoswine247's rating: 1362 &rarr; <strong>1338</strong><br />(-24 for losing)
|raw|cp collective's rating: 1298 &rarr; <strong>1328</strong><br />(+30 for winning)
|l|☆Mamoswine247
|player|p1|
