|j|☆Nameless Moron
|j|☆BigBadGuzmaIsHere
|t:|1759056091
|gametype|singles
|player|p1|Nameless Moron|unknown|1155
|player|p2|BigBadGuzmaIsHere|guzma|1201
|gen|9
|tier|[Gen 9] OU
|rated|
|rule|HP Percentage Mod: HP is shown in percentages
|rule|Endless Battle Clause: Forcing endless battles is banned
|rule|Species Clause: Limit one of each Pokémon
|rule|OHKO Clause: OHKO moves are banned
|rule|Evasion Items Clause: Evasion items are banned
|rule|Evasion Moves Clause: Evasion moves are banned
|rule|Evasion Abilities Clause: Evasion abilities are banned
|rule|Sleep Moves Clause: Sleep-inducing moves are banned
|clearpoke
|poke|p1|Slowking-Galar, F|
|poke|p1|Zamazenta-*|
|poke|p1|Kyurem|
|poke|p1|Cinderace, M|
|poke|p1|Iron Valiant|
|poke|p1|Great Tusk|
|poke|p2|Scizor, F|
|poke|p2|Araquanid, M|
|poke|p2|Frosmoth, M|
|poke|p2|Slither Wing|
|poke|p2|Forretress, F|
|poke|p2|Vikavolt, F|
|teampreview
|inactive|Battle timer is ON: inactive players will automatically lose when time's up. (requested by Nameless Moron)
|
|t:|1759056104
|teamsize|p1|6
|teamsize|p2|6
|start
|switch|p1a: Kyurem|Kyurem, shiny|100/100
|switch|p2a: Vikavolt|Vikavolt, F|100/100
|-ability|p1a: Kyurem|Pressure
|turn|1
|
|t:|1759056115
|switch|p1a: Great Tusk|Great Tusk|100/100
|-enditem|p1a: Great Tusk|Booster Energy
|-activate|p1a: Great Tusk|ability: Protosynthesis|[fromitem]
|-start|p1a: Great Tusk|protosynthesisspe
|move|p2a: Vikavolt|Bug Buzz|p1a: Great Tusk
|-resisted|p1a: Great Tusk
|-damage|p1a: Great Tusk|44/100
|
|upkeep
|turn|2
|
|t:|1759056127
|move|p1a: Great Tusk|Ice Spinner|p2a: Vikavolt
|-damage|p2a: Vikavolt|75/100
|move|p2a: Vikavolt|Bug Buzz|p1a: Great Tusk
|-resisted|p1a: Great Tusk
|-damage|p1a: Great Tusk|0 fnt
|faint|p1a: Great Tusk
|-end|p1a: Great Tusk|Protosynthesis|[silent]
|
|upkeep
|
|t:|1759056136
|switch|p1a: Cinderace|Cinderace, M|100/100
|turn|3
|
|t:|1759056139
|switch|p2a: Araquanid|Araquanid, M|100/100
|move|p1a: Cinderace|Pyro Ball|p2a: Araquanid
|-damage|p2a: Araquanid|68/100
|
|upkeep
|turn|4
|
|t:|1759056146
|move|p1a: Cinderace|Trailblaze|p2a: Araquanid
|-start|p1a: Cinderace|typechange|Grass|[from] ability: Libero
|-damage|p2a: Araquanid|44/100
|-boost|p1a: Cinderace|spe|1
|move|p2a: Araquanid|Liquidation|p1a: Cinderace
|-resisted|p1a: Cinderace
|-damage|p1a: Cinderace|49/100
|
|upkeep
|turn|5
|
|t:|1759056155
|move|p1a: Cinderace|U-turn|p2a: Araquanid
|-damage|p2a: Araquanid|21/100
|
|t:|1759056168
|switch|p1a: Zamazenta|Zamazenta|100/100|[from] U-turn
|-ability|p1a: Zamazenta|Dauntless Shield|boost
|-boost|p1a: Zamazenta|def|1
|move|p2a: Araquanid|Liquidation|p1a: Zamazenta
|-damage|p1a: Zamazenta|62/100
|-unboost|p1a: Zamazenta|def|1
|
|-heal|p1a: Zamazenta|68/100|[from] item: Leftovers
|upkeep
|turn|6
|
|t:|1759056178
|move|p1a: Zamazenta|Body Press|p2a: Araquanid
|-resisted|p2a: Araquanid
|-damage|p2a: Araquanid|4/100
|move|p2a: Araquanid|Liquidation|p1a: Zamazenta
|-damage|p1a: Zamazenta|10/100
|-unboost|p1a: Zamazenta|def|1
|
|-heal|p1a: Zamazenta|16/100|[from] item: Leftovers
|upkeep
|turn|7
|
|t:|1759056188
|switch|p2a: Golisopod 3|Slither Wing, shiny|100/100
|-enditem|p2a: Golisopod 3|Booster Energy
|-activate|p2a: Golisopod 3|ability: Protosynthesis|[fromitem]
|-start|p2a: Golisopod 3|protosynthesisatk
|move|p1a: Zamazenta|Crunch|p2a: Golisopod 3
|-resisted|p2a: Golisopod 3
|-damage|p2a: Golisopod 3|86/100
|
|-heal|p1a: Zamazenta|22/100|[from] item: Leftovers
|upkeep
|turn|8
|
|t:|1759056200
|move|p2a: Golisopod 3|First Impression|p1a: Zamazenta
|-resisted|p1a: Zamazenta
|-damage|p1a: Zamazenta|0 fnt
|faint|p1a: Zamazenta
|
|upkeep
|
|t:|1759056218
|switch|p1a: Kyurem|Kyurem, shiny|100/100
|-ability|p1a: Kyurem|Pressure
|turn|9
|
|t:|1759056226
|move|p1a: Kyurem|Freeze-Dry|p2a: Golisopod 3
|-damage|p2a: Golisopod 3|26/100
|-status|p2a: Golisopod 3|frz
|-curestatus|p2a: Golisopod 3|frz|[msg]
|move|p2a: Golisopod 3|Close Combat|p1a: Kyurem
|-supereffective|p1a: Kyurem
|-damage|p1a: Kyurem|0 fnt
|-unboost|p2a: Golisopod 3|def|1
|-unboost|p2a: Golisopod 3|spd|1
|faint|p1a: Kyurem
|
|upkeep
|c|☆BigBadGuzmaIsHere|lol
|
|t:|1759056237
|switch|p1a: Iron Valiant|Iron Valiant|100/100
|-enditem|p1a: Iron Valiant|Booster Energy
|-activate|p1a: Iron Valiant|ability: Quark Drive|[fromitem]
|-start|p1a: Iron Valiant|quarkdrivespe
|turn|10
|
|t:|1759056249
|-end|p2a: Golisopod 3|Protosynthesis|[silent]
|switch|p2a: Scizor|Scizor, F|100/100
|move|p1a: Iron Valiant|Shadow Ball|p2a: Scizor
|-damage|p2a: Scizor|67/100
|
|-heal|p2a: Scizor|73/100|[from] item: Leftovers
|upkeep
|turn|11
|
|t:|1759056259
|-terastallize|p1a: Iron Valiant|Electric
|move|p1a: Iron Valiant|Calm Mind|p1a: Iron Valiant
|-boost|p1a: Iron Valiant|spa|1
|-boost|p1a: Iron Valiant|spd|1
|move|p2a: Scizor|Substitute|p2a: Scizor
|-start|p2a: Scizor|Substitute
|-damage|p2a: Scizor|49/100
|
|-heal|p2a: Scizor|55/100|[from] item: Leftovers
|upkeep
|turn|12
|
|t:|1759056269
|move|p1a: Iron Valiant|Thunderbolt|p2a: Scizor
|-end|p2a: Scizor|Substitute
|move|p2a: Scizor|Swords Dance|p2a: Scizor
|-boost|p2a: Scizor|atk|2
|
|-heal|p2a: Scizor|61/100|[from] item: Leftovers
|upkeep
|turn|13
|
|t:|1759056279
|move|p2a: Scizor|Bullet Punch|p1a: Iron Valiant
|-resisted|p1a: Iron Valiant
|-damage|p1a: Iron Valiant|58/100
|move|p1a: Iron Valiant|Thunderbolt|p2a: Scizor
|-damage|p2a: Scizor|0 fnt
|faint|p2a: Scizor
|
|upkeep
|
|t:|1759056288
|switch|p2a: Golisopod 3|Slither Wing, shiny|26/100
|turn|14
|
|t:|1759056291
|move|p2a: Golisopod 3|First Impression|p1a: Iron Valiant
|-damage|p1a: Iron Valiant|0 fnt
|faint|p1a: Iron Valiant
|-end|p1a: Iron Valiant|Quark Drive|[silent]
|
|upkeep
|
|t:|1759056296
|switch|p1a: Slowking|Slowking-Galar, F|100/100
|turn|15
|
|t:|1759056300
|-end|p2a: Golisopod 3|Protosynthesis|[silent]
|switch|p2a: Frosmoth|Frosmoth, M|100/100
|-prepare|p1a: Slowking|Chilly Reception|[premajor]
|move|p1a: Slowking|Chilly Reception|p1a: Slowking
|-weather|Snowscape
|
|t:|1759056305
|switch|p1a: Cinderace|Cinderace, M|49/100|[from] Chilly Reception
|
|-weather|Snowscape|[upkeep]
|upkeep
|turn|16
|
|t:|1759056314
|-terastallize|p2a: Frosmoth|Water
|move|p1a: Cinderace|Pyro Ball|p2a: Frosmoth
|-resisted|p2a: Frosmoth
|-damage|p2a: Frosmoth|48/100
|move|p2a: Frosmoth|Quiver Dance|p2a: Frosmoth
|-boost|p2a: Frosmoth|spa|1
|-boost|p2a: Frosmoth|spd|1
|-boost|p2a: Frosmoth|spe|1
|
|-weather|Snowscape|[upkeep]
|upkeep
|turn|17
|
|t:|1759056325
|move|p1a: Cinderace|Trailblaze|p2a: Frosmoth
|-start|p1a: Cinderace|typechange|Grass|[from] ability: Libero
|-supereffective|p2a: Frosmoth
|-damage|p2a: Frosmoth|0 fnt
|-boost|p1a: Cinderace|spe|1
|faint|p2a: Frosmoth
|
|-weather|Snowscape|[upkeep]
|upkeep
|
|t:|1759056334
|switch|p2a: Golisopod 3|Slither Wing, shiny|26/100
|turn|18
|
|t:|1759056348
|move|p2a: Golisopod 3|First Impression|p1a: Cinderace
|-supereffective|p1a: Cinderace
|-damage|p1a: Cinderace|0 fnt
|faint|p1a: Cinderace
|
|-weather|Snowscape|[upkeep]
|upkeep
|
|t:|1759056354
|switch|p1a: Slowking|Slowking-Galar, F|100/100
|turn|19
|
|t:|1759056359
|move|p2a: Golisopod 3|Flare Blitz|p1a: Slowking
|-damage|p1a: Slowking|56/100
|-status|p1a: Slowking|brn
|-damage|p2a: Golisopod 3|7/100|[from] Recoil
|move|p1a: Slowking|Future Sight|p2a: Golisopod 3
|-start|p1a: Slowking|move: Future Sight
|
|-weather|none
|-heal|p1a: Slowking|62/100 brn|[from] item: Leftovers
|-damage|p1a: Slowking|56/100 brn|[from] brn
|upkeep
|turn|20
|
|t:|1759056369
|move|p2a: Golisopod 3|Flare Blitz|p1a: Slowking
|-damage|p1a: Slowking|9/100 brn
|-damage|p2a: Golisopod 3|0 fnt|[from] Recoil
|faint|p2a: Golisopod 3
|-end|p2a: Golisopod 3|Protosynthesis|[silent]
|move|p1a: Slowking|Foul Play|p2: Golisopod 3|[notarget]
|-fail|p1a: Slowking
|
|-heal|p1a: Slowking|15/100 brn|[from] item: Leftovers
|-damage|p1a: Slowking|9/100 brn|[from] brn
|upkeep
|
|t:|1759056378
|switch|p2a: Forretress|Forretress, F|100/100
|turn|21
|
|t:|1759056383
|move|p2a: Forretress|Rapid Spin|p1a: Slowking
|-damage|p1a: Slowking|0 fnt
|-boost|p2a: Forretress|spe|1
|faint|p1a: Slowking
|
|win|BigBadGuzmaIsHere
|raw|Nameless Moron's rating: 1155 &rarr; <strong>1133</strong><br />(-22 for losing)
|raw|BigBadGuzmaIsHere's rating: 1201 &rarr; <strong>1223</strong><br />(+22 for winning)
