|badge|p1|silver|gen9ou|30-6
|html|<div class="broadcast-red"><strong>This battle is required to be public due to one or more player having a season medal.</strong><br />During the public phase, you can discuss the state of the ladder <a href="/seasondiscussion">in a special chatroom.</a></div>
|uhtml|medal-msg|<div class="broadcast-blue">Curious what those medals under the avatar are? PS now has Ladder Seasons! For more information, check out the <a href="https://www.smogon.com/forums/threads/3740067/">thread on Smogon.</a></div>
|raw|<div class="broadcast-blue"><strong>This battle is required to be public due to a player having a name starting with 'medal'.</div>
|j|☆chusei20
|j|☆ice spice enjoyer
|t:|1758970584
|gametype|singles
|player|p1|chusei20|265|1953
|player|p2|ice spice enjoyer|hoopster|1771
|gen|9
|tier|[Gen 9] OU
|rated|
|rule|HP Percentage Mod: HP is shown in percentages
|rule|Endless Battle Clause: Forcing endless battles is banned
|rule|Species Clause: Limit one of each Pokémon
|rule|OHKO Clause: OHKO moves are banned
|rule|Evasion Items Clause: Evasion items are banned
|rule|Evasion Moves Clause: Evasion moves are banned
|rule|Evasion Abilities Clause: Evasion abilities are banned
|rule|Sleep Moves Clause: Sleep-inducing moves are banned
|clearpoke
|poke|p1|Kyurem|
|poke|p1|Ting-Lu|
|poke|p1|Iron Valiant|
|poke|p1|Glimmora, M|
|poke|p1|Moltres|
|poke|p1|Raging Bolt|
|poke|p2|Ninetales-Alola, F|
|poke|p2|Moltres-Galar|
|poke|p2|Hatterene, F|
|poke|p2|Great Tusk|
|poke|p2|Ceruledge, F|
|poke|p2|Walking Wake|
|teampreview
|inactive|Battle timer is ON: inactive players will automatically lose when time's up. (requested by chusei20)
|j| amimec
|
|t:|1758970616
|teamsize|p1|6
|teamsize|p2|6
|start
|switch|p1a: Glimmora|Glimmora, M|100/100
|switch|p2a: Walking Wake|Walking Wake|100/100
|-enditem|p2a: Walking Wake|Booster Energy
|-activate|p2a: Walking Wake|ability: Protosynthesis|[fromitem]
|-start|p2a: Walking Wake|protosynthesisspa
|turn|1
|
|t:|1758970628
|switch|p1a: Kyurem|Kyurem|100/100
|-ability|p1a: Kyurem|Pressure
|move|p2a: Walking Wake|Substitute|p2a: Walking Wake
|-start|p2a: Walking Wake|Substitute
|-damage|p2a: Walking Wake|76/100
|
|upkeep
|turn|2
|
|t:|1758970636
|switch|p1a: Ting-Lu|Ting-Lu|100/100
|-ability|p1a: Ting-Lu|Vessel of Ruin
|move|p2a: Walking Wake|Agility|p2a: Walking Wake
|-boost|p2a: Walking Wake|spe|2
|
|upkeep
|turn|3
|
|t:|1758970639
|move|p2a: Walking Wake|Surf|p1a: Ting-Lu
|-supereffective|p1a: Ting-Lu
|-damage|p1a: Ting-Lu|45/100
|move|p1a: Ting-Lu|Whirlwind|p2a: Walking Wake
|-end|p2a: Walking Wake|Protosynthesis|[silent]
|drag|p2a: Moltres|Moltres-Galar|100/100
|
|-heal|p1a: Ting-Lu|51/100|[from] item: Leftovers
|upkeep
|turn|4
|j| cryyysneasel
|
|t:|1758970649
|switch|p2a: Hatterene|Hatterene, F|100/100
|move|p1a: Ting-Lu|Earthquake|p2a: Hatterene
|-damage|p2a: Hatterene|70/100
|-enditem|p2a: Hatterene|Eject Button
|j| wgw2333
|
|t:|1758970668
|switch|p2a: Ninetales|Ninetales-Alola, F|100/100
|-weather|Snowscape|[from] ability: Snow Warning|[of] p2a: Ninetales
|
|-weather|Snowscape|[upkeep]
|-heal|p1a: Ting-Lu|58/100|[from] item: Leftovers
|upkeep
|turn|5
|l| cryyysneasel
|
|t:|1758970671
|move|p2a: Ninetales|Encore|p1a: Ting-Lu
|-start|p1a: Ting-Lu|Encore
|move|p1a: Ting-Lu|Earthquake|p2a: Ninetales
|-damage|p2a: Ninetales|69/100
|
|-weather|Snowscape|[upkeep]
|-heal|p1a: Ting-Lu|64/100|[from] item: Leftovers
|upkeep
|turn|6
|
|t:|1758970673
|switch|p1a: Moltres|Moltres|100/100
|move|p2a: Ninetales|Aurora Veil|p2a: Ninetales
|-sidestart|p2: ice spice enjoyer|move: Aurora Veil
|
|-weather|Snowscape|[upkeep]
|upkeep
|turn|7
|
|t:|1758970684
|switch|p2a: Walking Wake|Walking Wake|76/100
|move|p1a: Moltres|Roar|p2a: Walking Wake
|-end|p2a: Walking Wake|Protosynthesis|[silent]
|drag|p2a: Ninetales|Ninetales-Alola, F|69/100
|
|-weather|Snowscape|[upkeep]
|upkeep
|turn|8
|
|t:|1758970690
|switch|p2a: Walking Wake|Walking Wake|76/100
|move|p1a: Moltres|U-turn|p2a: Walking Wake
|-damage|p2a: Walking Wake|68/100
|
|t:|1758970694
|switch|p1a: Ting-Lu|Ting-Lu|64/100|[from] U-turn
|-ability|p1a: Ting-Lu|Vessel of Ruin
|
|-weather|none
|-heal|p1a: Ting-Lu|70/100|[from] item: Leftovers
|upkeep
|turn|9
|
|t:|1758970708
|move|p2a: Walking Wake|Surf|p1a: Ting-Lu
|-supereffective|p1a: Ting-Lu
|-damage|p1a: Ting-Lu|25/100
|move|p1a: Ting-Lu|Stealth Rock|p2a: Walking Wake
|-sidestart|p2: ice spice enjoyer|move: Stealth Rock
|
|-heal|p1a: Ting-Lu|31/100|[from] item: Leftovers
|upkeep
|turn|10
|
|t:|1758970720
|switch|p1a: Kyurem|Kyurem|100/100
|-ability|p1a: Kyurem|Pressure
|move|p2a: Walking Wake|Surf|p1a: Kyurem
|-resisted|p1a: Kyurem
|-damage|p1a: Kyurem|76/100
|
|-heal|p1a: Kyurem|82/100|[from] item: Leftovers
|upkeep
|turn|11
|
|t:|1758970727
|move|p2a: Walking Wake|Dragon Pulse|p1a: Kyurem
|-supereffective|p1a: Kyurem
|-damage|p1a: Kyurem|0 fnt
|faint|p1a: Kyurem
|
|upkeep
|
|t:|1758970730
|switch|p1a: Iron Valiant|Iron Valiant|100/100
|-enditem|p1a: Iron Valiant|Booster Energy
|-activate|p1a: Iron Valiant|ability: Quark Drive|[fromitem]
|-start|p1a: Iron Valiant|quarkdrivespe
|turn|12
|
|t:|1758970736
|-end|p2a: Walking Wake|Protosynthesis|[silent]
|switch|p2a: Hatterene|Hatterene, F|70/100
|-damage|p2a: Hatterene|58/100|[from] Stealth Rock
|move|p1a: Iron Valiant|Moonblast|p2a: Hatterene
|-damage|p2a: Hatterene|39/100
|-unboost|p2a: Hatterene|spa|1
|
|upkeep
|turn|13
|
|t:|1758970740
|-end|p1a: Iron Valiant|Quark Drive|[silent]
|switch|p1a: Moltres|Moltres|100/100
|move|p2a: Hatterene|Nuzzle|p1a: Moltres
|-supereffective|p1a: Moltres
|-damage|p1a: Moltres|94/100
|-status|p1a: Moltres|par
|-status|p2a: Hatterene|brn|[from] ability: Flame Body|[of] p1a: Moltres
|
|-damage|p2a: Hatterene|34/100 brn|[from] brn
|-sideend|p2: ice spice enjoyer|move: Aurora Veil
|upkeep
|turn|14
|
|t:|1758970751
|move|p1a: Moltres|U-turn|p2a: Hatterene
|-damage|p2a: Hatterene|22/100 brn
|
|t:|1758970753
|switch|p1a: Ting-Lu|Ting-Lu|31/100|[from] U-turn
|-ability|p1a: Ting-Lu|Vessel of Ruin
|move|p2a: Hatterene|Psychic Noise|p1a: Ting-Lu
|-immune|p1a: Ting-Lu
|
|-heal|p1a: Ting-Lu|37/100|[from] item: Leftovers
|-damage|p2a: Hatterene|16/100 brn|[from] brn
|upkeep
|turn|15
|
|t:|1758970765
|move|p1a: Ting-Lu|Earthquake|p2a: Hatterene
|-damage|p2a: Hatterene|0 fnt
|faint|p2a: Hatterene
|
|-heal|p1a: Ting-Lu|43/100|[from] item: Leftovers
|upkeep
|
|t:|1758970771
|switch|p2a: Ninetales|Ninetales-Alola, F|69/100
|-damage|p2a: Ninetales|44/100|[from] Stealth Rock
|-weather|Snowscape|[from] ability: Snow Warning|[of] p2a: Ninetales
|turn|16
|
|t:|1758970773
|move|p2a: Ninetales|Aurora Veil|p2a: Ninetales
|-sidestart|p2: ice spice enjoyer|move: Aurora Veil
|move|p1a: Ting-Lu|Spikes|p2a: Ninetales
|-sidestart|p2: ice spice enjoyer|Spikes
|
|-weather|Snowscape|[upkeep]
|-heal|p1a: Ting-Lu|50/100|[from] item: Leftovers
|upkeep
|turn|17
|
|t:|1758970796
|switch|p2a: Walking Wake|Walking Wake|68/100
|-damage|p2a: Walking Wake|56/100|[from] Stealth Rock
|-damage|p2a: Walking Wake|43/100|[from] Spikes
|move|p1a: Ting-Lu|Spikes|p2a: Walking Wake
|-sidestart|p2: ice spice enjoyer|Spikes
|
|-weather|Snowscape|[upkeep]
|-heal|p1a: Ting-Lu|56/100|[from] item: Leftovers
|upkeep
|turn|18
|
|t:|1758970803
|switch|p1a: Iron Valiant|Iron Valiant|100/100
|move|p2a: Walking Wake|Surf|p1a: Iron Valiant
|-damage|p1a: Iron Valiant|0 fnt
|faint|p1a: Iron Valiant
|-end|p1a: Iron Valiant|Quark Drive|[silent]
|
|-weather|Snowscape|[upkeep]
|upkeep
|
|t:|1758970807
|switch|p1a: Raging Bolt|Raging Bolt|100/100
|-enditem|p1a: Raging Bolt|Booster Energy
|-activate|p1a: Raging Bolt|ability: Protosynthesis|[fromitem]
|-start|p1a: Raging Bolt|protosynthesisspa
|turn|19
|
|t:|1758970822
|move|p2a: Walking Wake|Surf|p1a: Raging Bolt
|-resisted|p1a: Raging Bolt
|-damage|p1a: Raging Bolt|76/100
|move|p1a: Raging Bolt|Dragon Pulse|p2a: Walking Wake
|-supereffective|p2a: Walking Wake
|-damage|p2a: Walking Wake|0 fnt
|faint|p2a: Walking Wake
|-end|p2a: Walking Wake|Protosynthesis|[silent]
|
|-weather|Snowscape|[upkeep]
|upkeep
|inactive|ice spice enjoyer has 120 seconds left.
|
|t:|1758970864
|switch|p2a: Moltres|Moltres-Galar|100/100
|-damage|p2a: Moltres|76/100|[from] Stealth Rock
|turn|20
|
|t:|1758970884
|-terastallize|p2a: Moltres|Fairy
|move|p2a: Moltres|Nasty Plot|p2a: Moltres
|-boost|p2a: Moltres|spa|2
|move|p1a: Raging Bolt|Thunderbolt|p2a: Moltres
|-damage|p2a: Moltres|50/100
|-ability|p2a: Moltres|Berserk|boost
|-boost|p2a: Moltres|spa|1
|-enditem|p2a: Moltres|Sitrus Berry|[eat]
|-heal|p2a: Moltres|74/100|[from] item: Sitrus Berry
|
|-weather|none
|upkeep
|turn|21
|
|t:|1758970894
|move|p1a: Raging Bolt|Thunderclap|p2a: Moltres
|-damage|p2a: Moltres|51/100
|move|p2a: Moltres|Tera Blast|p1a: Raging Bolt|[anim] Tera Blast Fairy
|-supereffective|p1a: Raging Bolt
|-damage|p1a: Raging Bolt|0 fnt
|faint|p1a: Raging Bolt
|-end|p1a: Raging Bolt|Protosynthesis|[silent]
|
|upkeep
|
|t:|1758970901
|switch|p1a: Ting-Lu|Ting-Lu|56/100
|-ability|p1a: Ting-Lu|Vessel of Ruin
|turn|22
|
|t:|1758970908
|-terastallize|p1a: Ting-Lu|Ghost
|move|p2a: Moltres|Taunt|p1a: Ting-Lu
|-start|p1a: Ting-Lu|move: Taunt
|cant|p1a: Ting-Lu|move: Taunt|Whirlwind
|
|-heal|p1a: Ting-Lu|62/100|[from] item: Leftovers
|upkeep
|turn|23
|inactive|ice spice enjoyer has 120 seconds left.
|
|t:|1758970915
|switch|p1a: Moltres|Moltres|94/100 par
|move|p2a: Moltres|Fiery Wrath|p1a: Moltres
|-damage|p1a: Moltres|0 fnt
|faint|p1a: Moltres
|
|-sideend|p2: ice spice enjoyer|move: Aurora Veil
|upkeep
|
|t:|1758970917
|switch|p1a: Glimmora|Glimmora, M|100/100
|turn|24
|j| w4sh1
|
|t:|1758970922
|move|p1a: Glimmora|Sludge Wave|p2a: Moltres
|-supereffective|p2a: Moltres
|-damage|p2a: Moltres|0 fnt
|faint|p2a: Moltres
|
|upkeep
|
|t:|1758970933
|switch|p2a: Ninetales|Ninetales-Alola, F|44/100
|-damage|p2a: Ninetales|19/100|[from] Stealth Rock
|-damage|p2a: Ninetales|2/100|[from] Spikes
|-weather|Snowscape|[from] ability: Snow Warning|[of] p2a: Ninetales
|turn|25
|
|t:|1758970939
|switch|p1a: Ting-Lu|Ting-Lu, tera:Ghost|62/100
|-ability|p1a: Ting-Lu|Vessel of Ruin
|move|p2a: Ninetales|Freeze-Dry|p1a: Ting-Lu
|-damage|p1a: Ting-Lu|53/100
|
|-weather|Snowscape|[upkeep]
|-heal|p1a: Ting-Lu|59/100|[from] item: Leftovers
|upkeep
|turn|26
|
|t:|1758970943
|move|p2a: Ninetales|Aurora Veil|p2a: Ninetales
|-sidestart|p2: ice spice enjoyer|move: Aurora Veil
|move|p1a: Ting-Lu|Whirlwind|p2a: Ninetales
|drag|p2a: Great Tusk|Great Tusk|100/100
|-damage|p2a: Great Tusk|98/100|[from] Stealth Rock
|-damage|p2a: Great Tusk|81/100|[from] Spikes
|-enditem|p2a: Great Tusk|Booster Energy
|-activate|p2a: Great Tusk|ability: Protosynthesis|[fromitem]
|-start|p2a: Great Tusk|protosynthesisspe
|
|-weather|Snowscape|[upkeep]
|-heal|p1a: Ting-Lu|65/100|[from] item: Leftovers
|upkeep
|turn|27
|
|t:|1758970947
|move|p2a: Great Tusk|Taunt|p1a: Ting-Lu
|-start|p1a: Ting-Lu|move: Taunt
|cant|p1a: Ting-Lu|move: Taunt|Whirlwind
|
|-weather|Snowscape|[upkeep]
|-heal|p1a: Ting-Lu|72/100|[from] item: Leftovers
|upkeep
|turn|28
|
|t:|1758970950
|switch|p1a: Glimmora|Glimmora, M|100/100
|move|p2a: Great Tusk|Bulk Up|p2a: Great Tusk
|-boost|p2a: Great Tusk|atk|1
|-boost|p2a: Great Tusk|def|1
|
|-weather|Snowscape|[upkeep]
|upkeep
|turn|29
|
|t:|1758970955
|move|p2a: Great Tusk|Headlong Rush|p1a: Glimmora
|-supereffective|p1a: Glimmora
|-enditem|p1a: Glimmora|Focus Sash
|-damage|p1a: Glimmora|1/100
|-unboost|p2a: Great Tusk|def|1
|-unboost|p2a: Great Tusk|spd|1
|-activate|p1a: Glimmora|ability: Toxic Debris
|-sidestart|p2: ice spice enjoyer|move: Toxic Spikes
|move|p1a: Glimmora|Mortal Spin|p2a: Great Tusk
|-resisted|p2a: Great Tusk
|-damage|p2a: Great Tusk|80/100
|-status|p2a: Great Tusk|psn
|
|-weather|none
|-damage|p2a: Great Tusk|68/100 psn|[from] psn
|upkeep
|turn|30
|
|t:|1758970959
|switch|p1a: Ting-Lu|Ting-Lu, tera:Ghost|72/100
|-ability|p1a: Ting-Lu|Vessel of Ruin
|move|p2a: Great Tusk|Headlong Rush|p1a: Ting-Lu
|-damage|p1a: Ting-Lu|27/100
|-unboost|p2a: Great Tusk|def|1
|-unboost|p2a: Great Tusk|spd|1
|
|-heal|p1a: Ting-Lu|33/100|[from] item: Leftovers
|-damage|p2a: Great Tusk|55/100 psn|[from] psn
|upkeep
|turn|31
|
|t:|1758970964
|move|p2a: Great Tusk|Headlong Rush|p1a: Ting-Lu
|-damage|p1a: Ting-Lu|0 fnt
|-unboost|p2a: Great Tusk|def|1
|-unboost|p2a: Great Tusk|spd|1
|faint|p1a: Ting-Lu
|
|-damage|p2a: Great Tusk|43/100 psn|[from] psn
|upkeep
|
|t:|1758970966
|switch|p1a: Glimmora|Glimmora, M|1/100
|turn|32
|
|t:|1758970968
|move|p2a: Great Tusk|Headlong Rush|p1a: Glimmora
|-supereffective|p1a: Glimmora
|-damage|p1a: Glimmora|0 fnt
|-unboost|p2a: Great Tusk|def|1
|-unboost|p2a: Great Tusk|spd|1
|-activate|p1a: Glimmora|ability: Toxic Debris
|-sidestart|p2: ice spice enjoyer|move: Toxic Spikes
|faint|p1a: Glimmora
|
|win|ice spice enjoyer
|raw|chusei20's rating: 1953 &rarr; <strong>1923</strong><br />(-30 for losing)
|raw|ice spice enjoyer's rating: 1771 &rarr; <strong>1801</strong><br />(+30 for winning)
|l|☆chusei20
|player|p1|
|l|☆ice spice enjoyer
|player|p2|
|l| w4sh1
|j| locked in bro
