|j|☆Shibuya Arc
|j|☆jojosworld
|t:|1758950481
|gametype|singles
|player|p1|Shibuya Arc|265|1543
|player|p2|jojosworld|cynthia|1773
|gen|9
|tier|[Gen 9] OU
|rated|
|rule|HP Percentage Mod: HP is shown in percentages
|rule|Endless Battle Clause: Forcing endless battles is banned
|rule|Species Clause: Limit one of each Pokémon
|rule|OHKO Clause: OHKO moves are banned
|rule|Evasion Items Clause: Evasion items are banned
|rule|Evasion Moves Clause: Evasion moves are banned
|rule|Evasion Abilities Clause: Evasion abilities are banned
|rule|Sleep Moves Clause: Sleep-inducing moves are banned
|clearpoke
|poke|p1|Dragapult, F|
|poke|p1|Dragonite, F|
|poke|p1|Ting-Lu|
|poke|p1|Weezing-Galar, F|
|poke|p1|Iron Crown|
|poke|p1|Zapdos|
|poke|p2|Alomomola, F|
|poke|p2|Amoonguss, F|
|poke|p2|Gholdengo|
|poke|p2|Great Tusk|
|poke|p2|Goodra-Hisui, F|
|poke|p2|Clefable, F|
|teampreview
|inactive|Battle timer is ON: inactive players will automatically lose when time's up. (requested by jojosworld)
|inactive|Shibuya Arc also wants the timer to be on.
|
|t:|1758950500
|teamsize|p1|6
|teamsize|p2|6
|start
|switch|p1a: Ting-Lu|Ting-Lu|100/100
|switch|p2a: Clefable|Clefable, F, shiny|100/100
|-ability|p1a: Ting-Lu|Vessel of Ruin
|turn|1
|
|t:|1758950507
|move|p2a: Clefable|Stealth Rock|p1a: Ting-Lu
|-sidestart|p1: Shibuya Arc|move: Stealth Rock
|move|p1a: Ting-Lu|Stealth Rock|p2a: Clefable
|-sidestart|p2: jojosworld|move: Stealth Rock
|
|upkeep
|turn|2
|
|t:|1758950513
|move|p2a: Clefable|Moonblast|p1a: Ting-Lu
|-supereffective|p1a: Ting-Lu
|-damage|p1a: Ting-Lu|74/100
|move|p1a: Ting-Lu|Ruination|p2a: Clefable
|-damage|p2a: Clefable|50/100
|
|-heal|p2a: Clefable|57/100|[from] item: Leftovers
|-heal|p1a: Ting-Lu|80/100|[from] item: Leftovers
|upkeep
|turn|3
|
|t:|1758950526
|move|p2a: Clefable|Moonblast|p1a: Ting-Lu
|-supereffective|p1a: Ting-Lu
|-damage|p1a: Ting-Lu|53/100
|-unboost|p1a: Ting-Lu|spa|1
|move|p1a: Ting-Lu|Earthquake|p2a: Clefable
|-damage|p2a: Clefable|29/100
|
|-heal|p2a: Clefable|35/100|[from] item: Leftovers
|-heal|p1a: Ting-Lu|59/100|[from] item: Leftovers
|upkeep
|turn|4
|
|t:|1758950538
|switch|p1a: Iron Crown|Iron Crown|100/100
|-damage|p1a: Iron Crown|94/100|[from] Stealth Rock
|move|p2a: Clefable|Moonlight|p2a: Clefable
|-heal|p2a: Clefable|85/100
|
|-heal|p2a: Clefable|91/100|[from] item: Leftovers
|upkeep
|turn|5
|
|t:|1758950546
|switch|p2a: Goodra|Goodra-Hisui, F, shiny|100/100
|-damage|p2a: Goodra|94/100|[from] Stealth Rock
|move|p1a: Iron Crown|Tachyon Cutter|p2a: Goodra
|-resisted|p2a: Goodra
|-damage|p2a: Goodra|87/100
|-resisted|p2a: Goodra
|-damage|p2a: Goodra|80/100
|-hitcount|p2a: Goodra|2
|
|upkeep
|turn|6
|j|+Archfaewild
|
|t:|1758950557
|-end|p1a: Iron Crown|Quark Drive|[silent]
|switch|p1a: Ting-Lu|Ting-Lu|59/100
|-damage|p1a: Ting-Lu|53/100|[from] Stealth Rock
|-ability|p1a: Ting-Lu|Vessel of Ruin
|move|p2a: Goodra|Knock Off|p1a: Ting-Lu
|-resisted|p1a: Ting-Lu
|-damage|p1a: Ting-Lu|46/100
|-enditem|p1a: Ting-Lu|Leftovers|[from] move: Knock Off|[of] p2a: Goodra
|
|upkeep
|turn|7
|
|t:|1758950564
|switch|p2a: Clefable|Clefable, F, shiny|91/100
|move|p1a: Ting-Lu|Ruination|p2a: Clefable
|-damage|p2a: Clefable|46/100
|
|-heal|p2a: Clefable|52/100|[from] item: Leftovers
|upkeep
|turn|8
|
|t:|1758950572
|switch|p1a: Iron Crown|Iron Crown|94/100
|-damage|p1a: Iron Crown|88/100|[from] Stealth Rock
|move|p2a: Clefable|Moonblast|p1a: Iron Crown
|-resisted|p1a: Iron Crown
|-damage|p1a: Iron Crown|72/100
|
|-heal|p2a: Clefable|58/100|[from] item: Leftovers
|upkeep
|turn|9
|
|t:|1758950580
|switch|p2a: Goodra|Goodra-Hisui, F, shiny|80/100
|-damage|p2a: Goodra|74/100|[from] Stealth Rock
|move|p1a: Iron Crown|Focus Blast|p2a: Goodra
|-supereffective|p2a: Goodra
|-damage|p2a: Goodra|36/100
|
|upkeep
|turn|10
|j| IM AT MY LIMIT
|
|t:|1758950589
|-end|p1a: Iron Crown|Quark Drive|[silent]
|switch|p1a: Zapdos|Zapdos|100/100
|switch|p2a: Clefable|Clefable, F, shiny|58/100
|
|-heal|p2a: Clefable|64/100|[from] item: Leftovers
|upkeep
|turn|11
|
|t:|1758950596
|move|p1a: Zapdos|Volt Switch|p2a: Clefable
|-damage|p2a: Clefable|30/100
|
|t:|1758950604
|switch|p1a: Iron Crown|Iron Crown|72/100|[from] Volt Switch
|-damage|p1a: Iron Crown|66/100|[from] Stealth Rock
|move|p2a: Clefable|Moonlight|p2a: Clefable
|-heal|p2a: Clefable|80/100
|
|-heal|p2a: Clefable|87/100|[from] item: Leftovers
|upkeep
|turn|12
|
|t:|1758950611
|switch|p2a: Gholdengo|Gholdengo, shiny|100/100
|-damage|p2a: Gholdengo|94/100|[from] Stealth Rock
|move|p1a: Iron Crown|Tachyon Cutter|p2a: Gholdengo
|-resisted|p2a: Gholdengo
|-damage|p2a: Gholdengo|75/100
|-resisted|p2a: Gholdengo
|-damage|p2a: Gholdengo|56/100
|-hitcount|p2a: Gholdengo|2
|
|upkeep
|turn|13
|
|t:|1758950619
|-end|p1a: Iron Crown|Quark Drive|[silent]
|switch|p1a: Dragonite|Dragonite, F|100/100
|move|p2a: Gholdengo|Recover|p2a: Gholdengo
|-heal|p2a: Gholdengo|100/100
|
|upkeep
|turn|14
|
|t:|1758950625
|move|p1a: Dragonite|Dragon Dance|p1a: Dragonite
|-boost|p1a: Dragonite|atk|1
|-boost|p1a: Dragonite|spe|1
|move|p2a: Gholdengo|Thunder Wave|p1a: Dragonite
|-status|p1a: Dragonite|par
|
|upkeep
|turn|15
|
|t:|1758950632
|move|p2a: Gholdengo|Hex|p1a: Dragonite
|-damage|p1a: Dragonite|73/100 par
|move|p1a: Dragonite|Dragon Dance|p1a: Dragonite
|-boost|p1a: Dragonite|atk|1
|-boost|p1a: Dragonite|spe|1
|
|upkeep
|turn|16
|
|t:|1758950640
|cant|p1a: Dragonite|par
|move|p2a: Gholdengo|Hex|p1a: Dragonite
|-damage|p1a: Dragonite|18/100 par
|
|upkeep
|turn|17
|
|t:|1758950647
|move|p1a: Dragonite|Earthquake|p2a: Gholdengo
|-supereffective|p2a: Gholdengo
|-damage|p2a: Gholdengo|3/100
|move|p2a: Gholdengo|Hex|p1a: Dragonite
|-damage|p1a: Dragonite|0 fnt
|faint|p1a: Dragonite
|
|upkeep
|
|t:|1758950654
|switch|p1a: Iron Crown|Iron Crown|66/100
|-damage|p1a: Iron Crown|60/100|[from] Stealth Rock
|turn|18
|
|t:|1758950661
|move|p1a: Iron Crown|Tachyon Cutter|p2a: Gholdengo
|-resisted|p2a: Gholdengo
|-damage|p2a: Gholdengo|0 fnt
|faint|p2a: Gholdengo
|-hitcount|p2: Gholdengo|1
|
|upkeep
|
|t:|1758950663
|switch|p2a: Alomomola|Alomomola, F, shiny|100/100
|turn|19
|
|t:|1758950669
|move|p1a: Iron Crown|Tachyon Cutter|p2a: Alomomola
|-resisted|p2a: Alomomola
|-damage|p2a: Alomomola|77/100
|-resisted|p2a: Alomomola
|-damage|p2a: Alomomola|56/100
|-hitcount|p2a: Alomomola|2
|move|p2a: Alomomola|Wish|p2a: Alomomola
|
|upkeep
|turn|20
|
|t:|1758950682
|-end|p1a: Iron Crown|Quark Drive|[silent]
|switch|p1a: Ting-Lu|Ting-Lu|46/100
|-damage|p1a: Ting-Lu|40/100|[from] Stealth Rock
|-ability|p1a: Ting-Lu|Vessel of Ruin
|switch|p2a: Goodra|Goodra-Hisui, F, shiny|36/100
|-damage|p2a: Goodra|30/100|[from] Stealth Rock
|
|-heal|p2a: Goodra|100/100|[from] move: Wish|[wisher] Alomomola
|upkeep
|turn|21
|
|t:|1758950689
|switch|p2a: Great Tusk|Great Tusk, shiny|100/100
|move|p1a: Ting-Lu|Ruination|p2a: Great Tusk
|-damage|p2a: Great Tusk|51/100
|
|upkeep
|turn|22
|
|t:|1758950698
|switch|p1a: Zapdos|Zapdos|100/100
|move|p2a: Great Tusk|Knock Off|p1a: Zapdos
|-damage|p1a: Zapdos|54/100
|-enditem|p1a: Zapdos|Heavy-Duty Boots|[from] move: Knock Off|[of] p2a: Great Tusk
|
|upkeep
|turn|23
|
|t:|1758950706
|-end|p2a: Great Tusk|Protosynthesis|[silent]
|switch|p2a: Clefable|Clefable, F, shiny|87/100
|move|p1a: Zapdos|Hurricane|p2a: Clefable|[miss]
|-miss|p1a: Zapdos|p2a: Clefable
|
|-heal|p2a: Clefable|93/100|[from] item: Leftovers
|upkeep
|turn|24
|
|t:|1758950723
|move|p1a: Zapdos|Hurricane|p2a: Clefable|[miss]
|-miss|p1a: Zapdos|p2a: Clefable
|move|p2a: Clefable|Moonblast|p1a: Zapdos
|-damage|p1a: Zapdos|20/100
|
|-heal|p2a: Clefable|99/100|[from] item: Leftovers
|upkeep
|turn|25
|
|t:|1758950732
|move|p1a: Zapdos|Roost|p1a: Zapdos
|-heal|p1a: Zapdos|70/100
|-singleturn|p1a: Zapdos|move: Roost
|move|p2a: Clefable|Moonblast|p1a: Zapdos
|-damage|p1a: Zapdos|35/100
|-unboost|p1a: Zapdos|spa|1
|
|-heal|p2a: Clefable|100/100|[from] item: Leftovers
|upkeep
|turn|26
|
|t:|1758950740
|move|p1a: Zapdos|Roost|p1a: Zapdos
|-heal|p1a: Zapdos|85/100
|-singleturn|p1a: Zapdos|move: Roost
|move|p2a: Clefable|Moonblast|p1a: Zapdos
|-damage|p1a: Zapdos|49/100
|
|upkeep
|turn|27
|
|t:|1758950748
|move|p1a: Zapdos|Roost|p1a: Zapdos
|-heal|p1a: Zapdos|99/100
|-singleturn|p1a: Zapdos|move: Roost
|move|p2a: Clefable|Moonblast|p1a: Zapdos
|-damage|p1a: Zapdos|61/100
|
|upkeep
|turn|28
|
|t:|1758950756
|move|p1a: Zapdos|Roost|p1a: Zapdos
|-heal|p1a: Zapdos|100/100
|-singleturn|p1a: Zapdos|move: Roost
|move|p2a: Clefable|Thunder Wave|p1a: Zapdos
|-immune|p1a: Zapdos
|
|upkeep
|turn|29
|
|t:|1758950763
|move|p1a: Zapdos|Volt Switch|p2a: Clefable
|-damage|p2a: Clefable|78/100
|
|t:|1758950771
|switch|p1a: Iron Crown|Iron Crown|60/100|[from] Volt Switch
|-damage|p1a: Iron Crown|54/100|[from] Stealth Rock
|move|p2a: Clefable|Thunder Wave|p1a: Iron Crown
|-status|p1a: Iron Crown|par
|
|-heal|p2a: Clefable|84/100|[from] item: Leftovers
|upkeep
|turn|30
|
|t:|1758950778
|switch|p2a: Goodra|Goodra-Hisui, F, shiny|100/100
|-damage|p2a: Goodra|94/100|[from] Stealth Rock
|move|p1a: Iron Crown|Focus Blast|p2a: Goodra
|-supereffective|p2a: Goodra
|-damage|p2a: Goodra|55/100
|
|upkeep
|turn|31
|
|t:|1758950785
|move|p1a: Iron Crown|Focus Blast|p2a: Goodra|[miss]
|-miss|p1a: Iron Crown|p2a: Goodra
|move|p2a: Goodra|Knock Off|p1a: Iron Crown
|-supereffective|p1a: Iron Crown
|-damage|p1a: Iron Crown|3/100 par
|-enditem|p1a: Iron Crown|Choice Specs|[from] move: Knock Off|[of] p2a: Goodra
|
|upkeep
|turn|32
|
|t:|1758950792
|cant|p1a: Iron Crown|par
|move|p2a: Goodra|Knock Off|p1a: Iron Crown
|-supereffective|p1a: Iron Crown
|-damage|p1a: Iron Crown|0 fnt
|faint|p1a: Iron Crown
|-end|p1a: Iron Crown|Quark Drive|[silent]
|
|upkeep
|
|t:|1758950799
|switch|p1a: Ting-Lu|Ting-Lu|40/100
|-damage|p1a: Ting-Lu|34/100|[from] Stealth Rock
|-ability|p1a: Ting-Lu|Vessel of Ruin
|turn|33
|
|t:|1758950806
|switch|p2a: Alomomola|Alomomola, F, shiny|89/100
|move|p1a: Ting-Lu|Ruination|p2a: Alomomola
|-damage|p2a: Alomomola|45/100
|
|upkeep
|turn|34
|
|t:|1758950814
|switch|p1a: Weezing|Weezing-Galar, F|100/100
|-ability|p1a: Weezing|Neutralizing Gas
|move|p2a: Alomomola|Wish|p2a: Alomomola
|
|upkeep
|turn|35
|
|t:|1758950821
|move|p2a: Alomomola|Protect|p2a: Alomomola
|-singleturn|p2a: Alomomola|Protect
|move|p1a: Weezing|Will-O-Wisp|p2a: Alomomola
|-activate|p2a: Alomomola|move: Protect
|
|-heal|p2a: Alomomola|95/100|[from] move: Wish|[wisher] Alomomola
|upkeep
|turn|36
|
|t:|1758950828
|switch|p2a: Clefable|Clefable, F, shiny|84/100
|-damage|p2a: Clefable|71/100|[from] Stealth Rock
|move|p1a: Weezing|Pain Split|p2a: Clefable
|-sethp|p2a: Clefable|78/100|[from] move: Pain Split|[silent]
|-sethp|p1a: Weezing|92/100|[from] move: Pain Split
|
|-heal|p2a: Clefable|84/100|[from] item: Leftovers
|upkeep
|turn|37
|
|t:|1758950835
|move|p1a: Weezing|Toxic Spikes|p2a: Clefable
|-sidestart|p2: jojosworld|move: Toxic Spikes
|move|p2a: Clefable|Moonblast|p1a: Weezing
|-resisted|p1a: Weezing
|-damage|p1a: Weezing|71/100
|
|-heal|p2a: Clefable|90/100|[from] item: Leftovers
|upkeep
|turn|38
|
|t:|1758950843
|move|p2a: Clefable|Thunder Wave|p1a: Weezing
|-status|p1a: Weezing|par
|move|p1a: Weezing|Pain Split|p2a: Clefable
|-sethp|p2a: Clefable|75/100|[from] move: Pain Split|[silent]
|-sethp|p1a: Weezing|89/100 par|[from] move: Pain Split
|
|-heal|p2a: Clefable|81/100|[from] item: Leftovers
|upkeep
|turn|39
|l|+Archfaewild
|
|t:|1758950851
|move|p2a: Clefable|Stealth Rock||[still]
|-fail|p2a: Clefable
|move|p1a: Weezing|Pain Split|p2a: Clefable
|-sethp|p2a: Clefable|78/100|[from] move: Pain Split|[silent]
|-sethp|p1a: Weezing|92/100 par|[from] move: Pain Split
|
|-heal|p2a: Clefable|85/100|[from] item: Leftovers
|upkeep
|turn|40
|
|t:|1758950860
|switch|p2a: Amoonguss|Amoonguss, F, shiny|100/100
|-sideend|p2: jojosworld|move: Toxic Spikes|[of] p2a: Amoonguss
|move|p1a: Weezing|Pain Split|p2a: Amoonguss
|-sethp|p2a: Amoonguss|86/100|[from] move: Pain Split|[silent]
|-sethp|p1a: Weezing|100/100 par|[from] move: Pain Split
|
|upkeep
|turn|41
|
|t:|1758950867
|switch|p2a: Clefable|Clefable, F, shiny|85/100
|-damage|p2a: Clefable|72/100|[from] Stealth Rock
|-end|p1a: Weezing|ability: Neutralizing Gas
|switch|p1a: Zapdos|Zapdos|100/100
|-damage|p1a: Zapdos|76/100|[from] Stealth Rock
|
|-heal|p2a: Clefable|78/100|[from] item: Leftovers
|upkeep
|turn|42
|
|t:|1758950874
|move|p1a: Zapdos|Hurricane|p2a: Clefable|[miss]
|-miss|p1a: Zapdos|p2a: Clefable
|move|p2a: Clefable|Moonlight|p2a: Clefable
|-heal|p2a: Clefable|100/100
|
|upkeep
|turn|43
|
|t:|1758950880
|move|p1a: Zapdos|Hurricane|p2a: Clefable
|-damage|p2a: Clefable|48/100
|move|p2a: Clefable|Moonblast|p1a: Zapdos
|-damage|p1a: Zapdos|37/100
|
|-heal|p2a: Clefable|54/100|[from] item: Leftovers
|upkeep
|turn|44
|inactive|jojosworld has 120 seconds left.
|
|t:|1758950938
|move|p1a: Zapdos|Hurricane|p2a: Clefable
|-damage|p2a: Clefable|0 fnt
|faint|p2a: Clefable
|
|upkeep
|inactive|jojosworld has 90 seconds left.
|
|t:|1758950949
|switch|p2a: Goodra|Goodra-Hisui, F, shiny|55/100
|-damage|p2a: Goodra|49/100|[from] Stealth Rock
|turn|45
|
|t:|1758950956
|move|p1a: Zapdos|Roost|p1a: Zapdos
|-heal|p1a: Zapdos|88/100
|-singleturn|p1a: Zapdos|move: Roost
|move|p2a: Goodra|Dragon Tail|p1a: Zapdos
|-damage|p1a: Zapdos|61/100
|drag|p1a: Dragapult|Dragapult, F|100/100
|
|upkeep
|turn|46
|
|t:|1758950963
|-terastallize|p1a: Dragapult|Dragon
|move|p1a: Dragapult|Dragon Darts|p2a: Goodra
|-damage|p2a: Goodra|21/100
|-anim|p1a: Dragapult|Dragon Darts|p2a: Goodra
|-damage|p2a: Goodra|0 fnt
|faint|p2a: Goodra
|
|upkeep
|
|t:|1758950973
|switch|p2a: Alomomola|Alomomola, F, shiny|95/100
|turn|47
|
|t:|1758950979
|move|p1a: Dragapult|Will-O-Wisp|p2a: Alomomola
|-status|p2a: Alomomola|brn
|move|p2a: Alomomola|Flip Turn|p1a: Dragapult
|-resisted|p1a: Dragapult
|-damage|p1a: Dragapult|95/100
|-start|p2a: Alomomola|Disable|Flip Turn|[from] ability: Cursed Body|[of] p1a: Dragapult
|inactive|jojosworld has 120 seconds left.
|
|t:|1758950986
|switch|p2a: Amoonguss|Amoonguss, F, shiny|86/100|[from] Flip Turn
|
|upkeep
|turn|48
|
|t:|1758950993
|move|p1a: Dragapult|U-turn|p2a: Amoonguss
|-damage|p2a: Amoonguss|71/100
|
|t:|1758951002
|switch|p1a: Weezing|Weezing-Galar, F|100/100 par|[from] U-turn
|-ability|p1a: Weezing|Neutralizing Gas
|move|p2a: Amoonguss|Toxic||[still]
|-fail|p2a: Amoonguss
|
|upkeep
|turn|49
|
|t:|1758951011
|switch|p2a: Alomomola|Alomomola, F, shiny|100/100 brn
|move|p1a: Weezing|Defog|p2a: Alomomola
|-unboost|p2a: Alomomola|evasion|1
|-sideend|p2: jojosworld|Stealth Rock|[from] move: Defog|[of] p1a: Weezing
|-sideend|p1: Shibuya Arc|Stealth Rock|[from] move: Defog|[of] p1a: Weezing
|
|-damage|p2a: Alomomola|94/100 brn|[from] brn
|upkeep
|turn|50
|
|t:|1758951018
|-end|p1a: Weezing|ability: Neutralizing Gas
|switch|p1a: Zapdos|Zapdos|61/100
|move|p2a: Alomomola|Wish|p2a: Alomomola
|
|-damage|p2a: Alomomola|88/100 brn|[from] brn
|upkeep
|turn|51
|
|t:|1758951027
|-terastallize|p2a: Alomomola|Ghost
|move|p1a: Zapdos|Hurricane|p2a: Alomomola
|-damage|p2a: Alomomola|27/100 brn
|move|p2a: Alomomola|Flip Turn|p1a: Zapdos
|-damage|p1a: Zapdos|51/100
|
|t:|1758951035
|switch|p2a: Great Tusk|Great Tusk, shiny|51/100|[from] Flip Turn
|
|-heal|p2a: Great Tusk|100/100|[from] move: Wish|[wisher] Alomomola
|upkeep
|turn|52
|
|t:|1758951042
|-end|p2a: Great Tusk|Protosynthesis|[silent]
|switch|p2a: Alomomola|Alomomola, F, shiny, tera:Ghost|61/100 brn
|move|p1a: Zapdos|Hurricane|p2a: Alomomola|[miss]
|-miss|p1a: Zapdos|p2a: Alomomola
|
|-damage|p2a: Alomomola|55/100 brn|[from] brn
|upkeep
|turn|53
|
|t:|1758951052
|switch|p2a: Amoonguss|Amoonguss, F, shiny|71/100
|move|p1a: Zapdos|Hurricane|p2a: Amoonguss|[miss]
|-miss|p1a: Zapdos|p2a: Amoonguss
|
|upkeep
|turn|54
|
|t:|1758951059
|switch|p2a: Alomomola|Alomomola, F, shiny, tera:Ghost|88/100 brn
|move|p1a: Zapdos|Hurricane|p2a: Alomomola
|-damage|p2a: Alomomola|24/100 brn
|
|-damage|p2a: Alomomola|18/100 brn|[from] brn
|upkeep
|turn|55
|
|t:|1758951067
|switch|p2a: Amoonguss|Amoonguss, F, shiny|100/100
|move|p1a: Zapdos|Roost|p1a: Zapdos
|-heal|p1a: Zapdos|100/100
|-singleturn|p1a: Zapdos|move: Roost
|
|upkeep
|turn|56
|
|t:|1758951074
|move|p1a: Zapdos|Hurricane|p2a: Amoonguss
|-supereffective|p2a: Amoonguss
|-damage|p2a: Amoonguss|0 fnt
|faint|p2a: Amoonguss
|
|upkeep
|-message|jojosworld forfeited.
|
|win|Shibuya Arc
|raw|Shibuya Arc's rating: 1543 &rarr; <strong>1575</strong><br />(+32 for winning)
|raw|jojosworld's rating: 1773 &rarr; <strong>1741</strong><br />(-32 for losing)
|l|☆Shibuya Arc
|player|p1|
