|j|☆kapilh
|j|☆eeabdall
|t:|1758990630
|gametype|singles
|player|p1|kapilh|steven|1079
|player|p2|eeabdall|266|1053
|gen|9
|tier|[Gen 9] OU
|rated|
|rule|HP Percentage Mod: HP is shown in percentages
|rule|Endless Battle Clause: Forcing endless battles is banned
|rule|Species Clause: Limit one of each Pokémon
|rule|OHKO Clause: OHKO moves are banned
|rule|Evasion Items Clause: Evasion items are banned
|rule|Evasion Moves Clause: Evasion moves are banned
|rule|Evasion Abilities Clause: Evasion abilities are banned
|rule|Sleep Moves Clause: Sleep-inducing moves are banned
|clearpoke
|poke|p1|Maushold-Four|
|poke|p1|Kingambit, F|
|poke|p1|Venusaur, F|
|poke|p1|Latios, M|
|poke|p1|Iron Valiant|
|poke|p1|Greninja-*, M|
|poke|p2|Hypno, F|
|poke|p2|Ribombee, M|
|poke|p2|Goodra, F|
|poke|p2|Delphox, M|
|poke|p2|Vaporeon, M|
|poke|p2|Sandslash, F|
|teampreview
|
|t:|1758990636
|teamsize|p1|6
|teamsize|p2|6
|start
|switch|p1a: Greninja|Greninja, M, shiny|100/100
|switch|p2a: Delphox|Delphox, M|100/100
|turn|1
|inactive|Battle timer is ON: inactive players will automatically lose when time's up. (requested by eeabdall)
|c|☆kapilh|bro
|c|☆kapilh|ur didy
|c|☆eeabdall|ya
|c|☆kapilh|whats ur team
|
|t:|1758990654
|move|p1a: Greninja|Surf|p2a: Delphox
|-start|p1a: Greninja|typechange|Water|[from] ability: Protean
|-supereffective|p2a: Delphox
|-damage|p2a: Delphox|1/100
|move|p2a: Delphox|Dazzling Gleam|p1a: Greninja
|-damage|p1a: Greninja|56/100
|
|upkeep
|turn|2
|c|☆eeabdall|the ones I like lok
|
|t:|1758990666
|move|p1a: Greninja|Water Shuriken|p2a: Delphox
|-supereffective|p2a: Delphox
|-damage|p2a: Delphox|0 fnt
|faint|p2a: Delphox
|-hitcount|p2: Delphox|1
|
|upkeep
|
|t:|1758990671
|switch|p2a: Hypno|Hypno, F|100/100
|turn|3
|c|☆kapilh|are you pokemon sexual?
|
|t:|1758990684
|move|p1a: Greninja|Gunk Shot|p2a: Hypno
|-damage|p2a: Hypno|71/100
|-status|p2a: Hypno|psn
|move|p2a: Hypno|Trick|p1a: Greninja
|-activate|p2a: Hypno|move: Trick|[of] p1a: Greninja
|-item|p1a: Greninja|Toxic Orb|[from] move: Trick
|-item|p2a: Hypno|Loaded Dice|[from] move: Trick
|
|-damage|p2a: Hypno|59/100 psn|[from] psn
|-status|p1a: Greninja|tox|[from] item: Toxic Orb
|upkeep
|turn|4
|c|☆eeabdall|no lol
|
|t:|1758990696
|switch|p2a: Sandslash|Sandslash, F|100/100
|move|p1a: Greninja|Water Shuriken|p2a: Sandslash
|-supereffective|p2a: Sandslash
|-damage|p2a: Sandslash|82/100
|-supereffective|p2a: Sandslash
|-damage|p2a: Sandslash|65/100
|-hitcount|p2a: Sandslash|2
|
|-damage|p1a: Greninja|50/100 tox|[from] psn
|upkeep
|turn|5
|
|t:|1758990706
|move|p1a: Greninja|Surf|p2a: Sandslash
|-supereffective|p2a: Sandslash
|-damage|p2a: Sandslash|0 fnt
|faint|p2a: Sandslash
|
|-damage|p1a: Greninja|38/100 tox|[from] psn
|upkeep
|
|t:|1758990712
|switch|p2a: Ribombee|Ribombee, M|100/100
|turn|6
|
|t:|1758990716
|move|p1a: Greninja|Gunk Shot|p2a: Ribombee
|-supereffective|p2a: Ribombee
|-damage|p2a: Ribombee|18/100
|move|p2a: Ribombee|Quiver Dance|p2a: Ribombee
|-boost|p2a: Ribombee|spa|1
|-boost|p2a: Ribombee|spd|1
|-boost|p2a: Ribombee|spe|1
|
|-damage|p1a: Greninja|20/100 tox|[from] psn
|upkeep
|turn|7
|
|t:|1758990724
|move|p1a: Greninja|Water Shuriken|p2a: Ribombee
|-damage|p2a: Ribombee|12/100
|-damage|p2a: Ribombee|5/100
|-hitcount|p2a: Ribombee|2
|move|p2a: Ribombee|Draining Kiss|p1a: Greninja
|-damage|p1a: Greninja|0 fnt
|-heal|p2a: Ribombee|17/100|[from] drain|[of] p1a: Greninja
|faint|p1a: Greninja
|
|upkeep
|
|t:|1758990737
|switch|p1a: Iron Valiant|Iron Valiant|100/100
|-enditem|p1a: Iron Valiant|Booster Energy
|-activate|p1a: Iron Valiant|ability: Quark Drive|[fromitem]
|-start|p1a: Iron Valiant|quarkdrivespe
|turn|8
|inactive|kapilh has 120 seconds left.
|
|t:|1758990784
|move|p1a: Iron Valiant|Thunderbolt|p2a: Ribombee
|-damage|p2a: Ribombee|0 fnt
|faint|p2a: Ribombee
|
|upkeep
|
|t:|1758990789
|switch|p2a: Goodra|Goodra, F|100/100
|turn|9
|
|t:|1758990793
|-terastallize|p1a: Iron Valiant|Stellar
|move|p1a: Iron Valiant|Moonblast|p2a: Goodra
|-supereffective|p2a: Goodra
|-damage|p2a: Goodra|22/100
|move|p2a: Goodra|Toxic|p1a: Iron Valiant
|-status|p1a: Iron Valiant|tox
|
|-heal|p2a: Goodra|29/100|[from] item: Leftovers
|-damage|p1a: Iron Valiant|94/100 tox|[from] psn
|upkeep
|turn|10
|
|t:|1758990803
|switch|p2a: Vaporeon|Vaporeon, M|100/100
|move|p1a: Iron Valiant|Moonblast|p2a: Vaporeon
|-damage|p2a: Vaporeon|63/100
|
|-heal|p2a: Vaporeon|69/100|[from] item: Leftovers
|-damage|p1a: Iron Valiant|82/100 tox|[from] psn
|upkeep
|turn|11
|inactive|kapilh has 120 seconds left.
|inactive|kapilh has 90 seconds left.
|
|t:|1758990852
|move|p1a: Iron Valiant|Thunderbolt|p2a: Vaporeon
|-supereffective|p2a: Vaporeon
|-damage|p2a: Vaporeon|15/100
|-status|p2a: Vaporeon|par
|cant|p2a: Vaporeon|par
|
|-heal|p2a: Vaporeon|21/100 par|[from] item: Leftovers
|-damage|p1a: Iron Valiant|63/100 tox|[from] psn
|upkeep
|turn|12
|
|t:|1758990860
|cant|p2a: Vaporeon|par
|move|p1a: Iron Valiant|Thunderbolt|p2a: Vaporeon
|-supereffective|p2a: Vaporeon
|-damage|p2a: Vaporeon|0 fnt
|faint|p2a: Vaporeon
|
|-damage|p1a: Iron Valiant|38/100 tox|[from] psn
|upkeep
|
|t:|1758990868
|switch|p2a: Hypno|Hypno, F|59/100 psn
|turn|13
|-message|eeabdall forfeited.
|
|win|kapilh
|raw|kapilh's rating: 1079 &rarr; <strong>1105</strong><br />(+26 for winning)
|raw|eeabdall's rating: 1053 &rarr; <strong>1036</strong><br />(-17 for losing)
|l|☆eeabdall
|player|p2|
|l|☆kapilh
|player|p1|
