|badge|p1|silver|gen9ou|30-6
|badge|p1|silver|gen9uu|30-6
|badge|p1|bronze|gen9ru|100-6
|html|<div class="broadcast-red"><strong>This battle is required to be public due to one or more player having a season medal.</strong><br />During the public phase, you can discuss the state of the ladder <a href="/seasondiscussion">in a special chatroom.</a></div>
|uhtml|medal-msg|<div class="broadcast-blue">Curious what those medals under the avatar are? PS now has Ladder Seasons! For more information, check out the <a href="https://www.smogon.com/forums/threads/3740067/">thread on Smogon.</a></div>
|badge|p2|silver|gen9ou|30-6
|uhtml|medal-msg|<div class="broadcast-blue">Curious what those medals under the avatar are? PS now has Ladder Seasons! For more information, check out the <a href="https://www.smogon.com/forums/threads/3740067/">thread on Smogon.</a></div>
|raw|<div class="broadcast-blue"><strong>This battle is required to be public due to a player having a name starting with 'medal'.</div>
|j|☆Sirpeanutcronch
|j|☆send it to me
|t:|1759052444
|gametype|singles
|player|p1|Sirpeanutcronch|#wcop2025africa|1896
|player|p2|send it to me|pokemonrangerf-gen4|1966
|gen|9
|tier|[Gen 9] OU
|rated|
|rule|HP Percentage Mod: HP is shown in percentages
|rule|Endless Battle Clause: Forcing endless battles is banned
|rule|Species Clause: Limit one of each Pokémon
|rule|OHKO Clause: OHKO moves are banned
|rule|Evasion Items Clause: Evasion items are banned
|rule|Evasion Moves Clause: Evasion moves are banned
|rule|Evasion Abilities Clause: Evasion abilities are banned
|rule|Sleep Moves Clause: Sleep-inducing moves are banned
|clearpoke
|poke|p1|Samurott-Hisui, F|
|poke|p1|Pecharunt|
|poke|p1|Zamazenta-*|
|poke|p1|Ogerpon-Cornerstone, F|
|poke|p1|Tornadus-Therian, M|
|poke|p1|Iron Treads|
|poke|p2|Garchomp, M|
|poke|p2|Gholdengo|
|poke|p2|Dragonite, M|
|poke|p2|Iron Valiant|
|poke|p2|Samurott-Hisui, M|
|poke|p2|Great Tusk|
|teampreview
|inactive|Battle timer is ON: inactive players will automatically lose when time's up. (requested by Sirpeanutcronch)
|
|t:|1759052457
|teamsize|p1|6
|teamsize|p2|6
|start
|switch|p1a: Ogerpon|Ogerpon-Cornerstone, F|100/100
|switch|p2a: Garchomp|Garchomp, M, shiny|100/100
|turn|1
|
|t:|1759052463
|move|p1a: Ogerpon|Taunt|p2a: Garchomp
|-start|p2a: Garchomp|move: Taunt
|move|p2a: Garchomp|Scale Shot|p1a: Ogerpon|[miss]
|-miss|p2a: Garchomp|p1a: Ogerpon
|
|upkeep
|turn|2
|j| locked in bro
|j| cynasaurus
|
|t:|1759052490
|switch|p1a: Zamazenta|Zamazenta|100/100
|-ability|p1a: Zamazenta|Dauntless Shield|boost
|-boost|p1a: Zamazenta|def|1
|move|p2a: Garchomp|Scale Shot|p1a: Zamazenta
|-damage|p1a: Zamazenta|93/100
|-damage|p1a: Zamazenta|86/100
|-damage|p1a: Zamazenta|78/100
|-damage|p1a: Zamazenta|72/100
|-hitcount|p1a: Zamazenta|4
|-unboost|p2a: Garchomp|def|1
|-boost|p2a: Garchomp|spe|1
|
|-heal|p1a: Zamazenta|78/100|[from] item: Leftovers
|upkeep
|turn|3
|
|t:|1759052494
|switch|p2a: Gholdengo|Gholdengo|100/100
|move|p1a: Zamazenta|Body Press|p2a: Gholdengo
|-immune|p2a: Gholdengo
|
|-heal|p1a: Zamazenta|84/100|[from] item: Leftovers
|upkeep
|turn|4
|
|t:|1759052501
|switch|p1a: Iron Treads|Iron Treads|100/100
|move|p2a: Gholdengo|Shadow Ball|p1a: Iron Treads
|-damage|p1a: Iron Treads|52/100
|
|-heal|p1a: Iron Treads|58/100|[from] item: Leftovers
|upkeep
|turn|5
|j| wgw2333
|
|t:|1759052507
|switch|p2a: Samurott|Samurott-Hisui, M|100/100
|move|p1a: Iron Treads|Earthquake|p2a: Samurott
|-damage|p2a: Samurott|50/100
|
|-heal|p1a: Iron Treads|64/100|[from] item: Leftovers
|upkeep
|turn|6
|
|t:|1759052512
|move|p1a: Iron Treads|Earthquake|p2a: Samurott
|-damage|p2a: Samurott|0 fnt
|faint|p2a: Samurott
|
|-heal|p1a: Iron Treads|70/100|[from] item: Leftovers
|upkeep
|
|t:|1759052515
|switch|p2a: Garchomp|Garchomp, M, shiny|100/100
|turn|7
|
|t:|1759052523
|move|p2a: Garchomp|Stealth Rock|p1a: Iron Treads
|-sidestart|p1: Sirpeanutcronch|move: Stealth Rock
|move|p1a: Iron Treads|Ice Spinner|p2a: Garchomp
|-supereffective|p2a: Garchomp
|-damage|p2a: Garchomp|5/100
|-damage|p1a: Iron Treads|58/100|[from] ability: Rough Skin|[of] p2a: Garchomp
|
|-heal|p1a: Iron Treads|64/100|[from] item: Leftovers
|upkeep
|turn|8
|
|t:|1759052532
|move|p2a: Garchomp|Earthquake|p1a: Iron Treads
|-supereffective|p1a: Iron Treads
|-damage|p1a: Iron Treads|0 fnt
|faint|p1a: Iron Treads
|-end|p1a: Iron Treads|Quark Drive|[silent]
|
|upkeep
|
|t:|1759052545
|switch|p1a: Tornadus|Tornadus-Therian, M|100/100
|-damage|p1a: Tornadus|76/100|[from] Stealth Rock
|turn|9
|
|t:|1759052554
|move|p1a: Tornadus|Grass Knot|p2a: Garchomp
|-damage|p2a: Garchomp|0 fnt
|-damage|p1a: Tornadus|63/100|[from] ability: Rough Skin|[of] p2a: Garchomp
|faint|p2a: Garchomp
|-damage|p1a: Tornadus|54/100|[from] item: Life Orb
|
|upkeep
|
|t:|1759052561
|switch|p2a: Gholdengo|Gholdengo|100/100
|turn|10
|
|t:|1759052569
|switch|p1a: Samurott|Samurott-Hisui, F|100/100
|-damage|p1a: Samurott|88/100|[from] Stealth Rock
|move|p2a: Gholdengo|Thunderbolt|p1a: Samurott
|-supereffective|p1a: Samurott
|-damage|p1a: Samurott|42/100
|
|upkeep
|turn|11
|
|t:|1759052580
|move|p2a: Gholdengo|Thunderbolt|p1a: Samurott
|-supereffective|p1a: Samurott
|-damage|p1a: Samurott|0 fnt
|faint|p1a: Samurott
|
|upkeep
|l| locked in bro
|
|t:|1759052589
|switch|p1a: Ogerpon|Ogerpon-Cornerstone, F|100/100
|-damage|p1a: Ogerpon|88/100|[from] Stealth Rock
|turn|12
|
|t:|1759052594
|move|p1a: Ogerpon|Horn Leech|p2a: Gholdengo
|-resisted|p2a: Gholdengo
|-damage|p2a: Gholdengo|77/100
|-heal|p1a: Ogerpon|100/100|[from] drain|[of] p2a: Gholdengo
|move|p2a: Gholdengo|Make It Rain|p1a: Ogerpon
|-supereffective|p1a: Ogerpon
|-ability|p1a: Ogerpon|Sturdy
|-damage|p1a: Ogerpon|1/100
|-unboost|p2a: Gholdengo|spa|1
|
|upkeep
|turn|13
|
|t:|1759052603
|move|p1a: Ogerpon|Ivy Cudgel|p2a: Gholdengo|[anim] Ivy Cudgel Rock
|-resisted|p2a: Gholdengo
|-damage|p2a: Gholdengo|47/100
|move|p2a: Gholdengo|Thunderbolt|p1a: Ogerpon
|-resisted|p1a: Ogerpon
|-damage|p1a: Ogerpon|0 fnt
|faint|p1a: Ogerpon
|
|upkeep
|
|t:|1759052609
|switch|p1a: Tornadus|Tornadus-Therian, M|87/100
|-damage|p1a: Tornadus|62/100|[from] Stealth Rock
|turn|14
|
|t:|1759052626
|switch|p2a: Great Tusk|Great Tusk|100/100
|-enditem|p2a: Great Tusk|Booster Energy
|-activate|p2a: Great Tusk|ability: Protosynthesis|[fromitem]
|-start|p2a: Great Tusk|protosynthesisspe
|move|p1a: Tornadus|Heat Wave|p2a: Great Tusk
|-damage|p2a: Great Tusk|51/100
|-damage|p1a: Tornadus|52/100|[from] item: Life Orb
|
|upkeep
|turn|15
|
|t:|1759052636
|switch|p1a: Zamazenta|Zamazenta|84/100
|-damage|p1a: Zamazenta|78/100|[from] Stealth Rock
|move|p2a: Great Tusk|Ice Spinner|p1a: Zamazenta
|-damage|p1a: Zamazenta|60/100
|
|-heal|p1a: Zamazenta|66/100|[from] item: Leftovers
|upkeep
|turn|16
|
|t:|1759052653
|-end|p2a: Great Tusk|Protosynthesis|[silent]
|switch|p2a: Gholdengo|Gholdengo|47/100
|move|p1a: Zamazenta|Roar|p2a: Gholdengo
|-immune|p2a: Gholdengo|[from] ability: Good as Gold
|
|-heal|p1a: Zamazenta|73/100|[from] item: Leftovers
|upkeep
|turn|17
|
|t:|1759052658
|move|p1a: Zamazenta|Crunch|p2a: Gholdengo
|-supereffective|p2a: Gholdengo
|-damage|p2a: Gholdengo|0 fnt
|faint|p2a: Gholdengo
|
|-heal|p1a: Zamazenta|79/100|[from] item: Leftovers
|upkeep
|
|t:|1759052661
|switch|p2a: Iron Valiant|Iron Valiant|100/100
|-enditem|p2a: Iron Valiant|Booster Energy
|-activate|p2a: Iron Valiant|ability: Quark Drive|[fromitem]
|-start|p2a: Iron Valiant|quarkdrivespe
|turn|18
|j| locked in bro
|
|t:|1759052665
|move|p2a: Iron Valiant|Moonblast|p1a: Zamazenta
|-supereffective|p1a: Zamazenta
|-damage|p1a: Zamazenta|0 fnt
|faint|p1a: Zamazenta
|
|upkeep
|
|t:|1759052675
|switch|p1a: Tornadus|Tornadus-Therian, M|85/100
|-damage|p1a: Tornadus|61/100|[from] Stealth Rock
|turn|19
|j| catarina valentine
|
|t:|1759052688
|-end|p2a: Iron Valiant|Quark Drive|[silent]
|switch|p2a: Great Tusk|Great Tusk|51/100
|move|p1a: Tornadus|Bleakwind Storm|p2a: Great Tusk
|-supereffective|p2a: Great Tusk
|-damage|p2a: Great Tusk|0 fnt
|faint|p2a: Great Tusk
|-end|p2a: Great Tusk|Protosynthesis|[silent]
|-damage|p1a: Tornadus|51/100|[from] item: Life Orb
|
|upkeep
|
|t:|1759052690
|switch|p2a: Dragonite|Dragonite, M|100/100
|turn|20
|
|t:|1759052692
|switch|p1a: Pecharunt|Pecharunt|100/100
|move|p2a: Dragonite|Dragon Dance|p2a: Dragonite
|-boost|p2a: Dragonite|atk|1
|-boost|p2a: Dragonite|spe|1
|
|upkeep
|turn|21
|
|t:|1759052711
|move|p2a: Dragonite|Earthquake|p1a: Pecharunt
|-supereffective|p1a: Pecharunt
|-damage|p1a: Pecharunt|50/100
|move|p1a: Pecharunt|Malignant Chain|p2a: Dragonite
|-damage|p2a: Dragonite|84/100
|
|-heal|p2a: Dragonite|90/100|[from] item: Leftovers
|upkeep
|turn|22
|
|t:|1759052728
|switch|p2a: Iron Valiant|Iron Valiant|100/100
|-terastallize|p1a: Pecharunt|Dark
|move|p1a: Pecharunt|Recover|p1a: Pecharunt
|-heal|p1a: Pecharunt|99/100
|
|upkeep
|turn|23
|
|t:|1759052736
|switch|p1a: Tornadus|Tornadus-Therian, M|84/100
|-damage|p1a: Tornadus|59/100|[from] Stealth Rock
|move|p2a: Iron Valiant|Moonblast|p1a: Tornadus
|-damage|p1a: Tornadus|0 fnt
|faint|p1a: Tornadus
|
|upkeep
|-message|Sirpeanutcronch forfeited.
|
|win|send it to me
|raw|Sirpeanutcronch's rating: 1896 &rarr; <strong>1880</strong><br />(-16 for losing)
|raw|send it to me's rating: 1966 &rarr; <strong>1982</strong><br />(+16 for winning)
|l|☆Sirpeanutcronch
|player|p1|
|l|☆send it to me
|player|p2|
|l| locked in bro
|l| cynasaurus
|l| catarina valentine
|j| catarina valentine
|l| catarina valentine
