|j|☆shaw0-0wsp
|j|☆uneasystudent
|t:|1759056467
|gametype|singles
|player|p1|shaw0-0wsp|ghetsis|1080
|player|p2|uneasystudent|101|1125
|gen|9
|tier|[Gen 9] OU
|rated|
|rule|HP Percentage Mod: HP is shown in percentages
|rule|Endless Battle Clause: Forcing endless battles is banned
|rule|Species Clause: Limit one of each Pokémon
|rule|OHKO Clause: OHKO moves are banned
|rule|Evasion Items Clause: Evasion items are banned
|rule|Evasion Moves Clause: Evasion moves are banned
|rule|Evasion Abilities Clause: Evasion abilities are banned
|rule|Sleep Moves Clause: Sleep-inducing moves are banned
|clearpoke
|poke|p1|Gengar, M|
|poke|p1|Kingambit, M|
|poke|p1|Swampert, M|
|poke|p1|Scizor, M|
|poke|p1|Metagross|
|poke|p1|Dedenne, M|
|poke|p2|Tyranitar, F|
|poke|p2|Excadrill, M|
|poke|p2|Gyarados, F|
|poke|p2|Garchomp, F|
|poke|p2|Gholdengo|
|poke|p2|Ditto|
|teampreview
|
|t:|1759056472
|teamsize|p1|6
|teamsize|p2|6
|start
|switch|p1a: Dedenne|Dedenne, M, shiny|100/100
|switch|p2a: Tyranitar|Tyranitar, F|100/100
|-weather|Sandstorm|[from] ability: Sand Stream|[of] p2a: Tyranitar
|turn|1
|
|t:|1759056490
|move|p1a: Dedenne|U-turn|p2a: Tyranitar
|-supereffective|p2a: Tyranitar
|-damage|p2a: Tyranitar|86/100
|
|t:|1759056495
|switch|p1a: Metagross|Metagross, shiny|100/100|[from] U-turn
|move|p2a: Tyranitar|Stealth Rock|p1a: Metagross
|-sidestart|p1: shaw0-0wsp|move: Stealth Rock
|
|-weather|Sandstorm|[upkeep]
|upkeep
|turn|2
|
|t:|1759056511
|switch|p2a: Gyarados|Gyarados, F|100/100
|-ability|p2a: Gyarados|Intimidate|boost
|-fail|p1a: Metagross|unboost|[from] ability: Clear Body|[of] p1a: Metagross
|move|p1a: Metagross|Agility|p1a: Metagross
|-boost|p1a: Metagross|spe|2
|
|-weather|Sandstorm|[upkeep]
|-damage|p2a: Gyarados|94/100|[from] Sandstorm
|upkeep
|turn|3
|
|t:|1759056520
|move|p1a: Metagross|Zen Headbutt|p2a: Gyarados
|-damage|p2a: Gyarados|38/100
|move|p2a: Gyarados|Crunch|p1a: Metagross
|-supereffective|p1a: Metagross
|-damage|p1a: Metagross|58/100
|-enditem|p1a: Metagross|Weakness Policy
|-boost|p1a: Metagross|atk|2|[from] item: Weakness Policy
|-boost|p1a: Metagross|spa|2|[from] item: Weakness Policy
|
|-weather|Sandstorm|[upkeep]
|-damage|p2a: Gyarados|32/100|[from] Sandstorm
|upkeep
|turn|4
|
|t:|1759056533
|move|p1a: Metagross|Iron Head|p2a: Gyarados
|-resisted|p2a: Gyarados
|-damage|p2a: Gyarados|0 fnt
|faint|p2a: Gyarados
|
|-weather|Sandstorm|[upkeep]
|upkeep
|
|t:|1759056538
|switch|p2a: Excadrill|Excadrill, M|100/100
|turn|5
|
|t:|1759056543
|move|p2a: Excadrill|Earthquake|p1a: Metagross
|-supereffective|p1a: Metagross
|-damage|p1a: Metagross|0 fnt
|faint|p1a: Metagross
|-damage|p2a: Excadrill|91/100|[from] item: Life Orb
|
|-weather|Sandstorm|[upkeep]
|upkeep
|
|t:|1759056551
|switch|p1a: Swampert|Swampert, M, shiny|100/100
|-damage|p1a: Swampert|94/100|[from] Stealth Rock
|turn|6
|inactive|Battle timer is ON: inactive players will automatically lose when time's up. (requested by shaw0-0wsp)
|
|t:|1759056560
|switch|p2a: Ditto|Ditto|100/100
|-transform|p2a: Ditto|p1a: Swampert|[from] ability: Imposter
|move|p1a: Swampert|Waterfall|p2a: Ditto
|-damage|p2a: Ditto|53/100
|
|-weather|Sandstorm|[upkeep]
|-heal|p1a: Swampert|100/100|[from] item: Leftovers
|upkeep
|turn|7
|
|t:|1759056573
|move|p2a: Ditto|Waterfall|p1a: Swampert
|-damage|p1a: Swampert|68/100
|move|p1a: Swampert|Earthquake|p2a: Ditto
|-damage|p2a: Ditto|0 fnt
|faint|p2a: Ditto
|
|-weather|Sandstorm|[upkeep]
|-heal|p1a: Swampert|74/100|[from] item: Leftovers
|upkeep
|
|t:|1759056586
|switch|p2a: Gholdengo|Gholdengo|100/100
|turn|8
|
|t:|1759056605
|move|p2a: Gholdengo|Shadow Ball|p1a: Swampert
|-damage|p1a: Swampert|12/100
|move|p1a: Swampert|Earthquake|p2a: Gholdengo
|-supereffective|p2a: Gholdengo
|-damage|p2a: Gholdengo|0 fnt
|faint|p2a: Gholdengo
|
|-weather|none
|-heal|p1a: Swampert|19/100|[from] item: Leftovers
|upkeep
|
|t:|1759056615
|switch|p2a: Garchomp|Garchomp, F|100/100
|turn|9
|
|t:|1759056624
|-terastallize|p2a: Garchomp|Dragon
|move|p2a: Garchomp|Swords Dance|p2a: Garchomp
|-boost|p2a: Garchomp|atk|2
|move|p1a: Swampert|Waterfall|p2a: Garchomp
|-resisted|p2a: Garchomp
|-damage|p2a: Garchomp|74/100
|-damage|p1a: Swampert|6/100|[from] ability: Rough Skin|[of] p2a: Garchomp
|
|-heal|p1a: Swampert|12/100|[from] item: Leftovers
|upkeep
|turn|10
|
|t:|1759056635
|move|p2a: Garchomp|Scale Shot|p1a: Swampert
|-damage|p1a: Swampert|0 fnt
|faint|p1a: Swampert
|-hitcount|p1: Swampert|1
|-unboost|p2a: Garchomp|def|1
|-boost|p2a: Garchomp|spe|1
|
|upkeep
|
|t:|1759056638
|switch|p1a: Dedenne|Dedenne, M, shiny|100/100
|-damage|p1a: Dedenne|88/100|[from] Stealth Rock
|turn|11
|
|t:|1759056645
|move|p2a: Garchomp|Earthquake|p1a: Dedenne
|-supereffective|p1a: Dedenne
|-damage|p1a: Dedenne|0 fnt
|faint|p1a: Dedenne
|
|upkeep
|
|t:|1759056652
|switch|p1a: Gengar|Gengar, M, shiny|100/100
|-damage|p1a: Gengar|88/100|[from] Stealth Rock
|turn|12
|
|t:|1759056656
|move|p2a: Garchomp|Earthquake|p1a: Gengar
|-supereffective|p1a: Gengar
|-damage|p1a: Gengar|0 fnt
|faint|p1a: Gengar
|
|upkeep
|
|t:|1759056658
|switch|p1a: Sczor|Scizor, M, shiny|100/100
|-damage|p1a: Sczor|88/100|[from] Stealth Rock
|turn|13
|
|t:|1759056675
|switch|p2a: Tyranitar|Tyranitar, F|86/100
|-weather|Sandstorm|[from] ability: Sand Stream|[of] p2a: Tyranitar
|move|p1a: Sczor|Swords Dance|p1a: Sczor
|-boost|p1a: Sczor|atk|2
|
|-weather|Sandstorm|[upkeep]
|upkeep
|turn|14
|
|t:|1759056683
|move|p1a: Sczor|Swords Dance|p1a: Sczor
|-boost|p1a: Sczor|atk|2
|move|p2a: Tyranitar|Stone Edge|p1a: Sczor
|-damage|p1a: Sczor|32/100
|
|-weather|Sandstorm|[upkeep]
|upkeep
|turn|15
|l|☆shaw0-0wsp
|inactive|shaw0-0wsp disconnected and has a minute to reconnect!
|player|p1|
|j|☆shaw0-0wsp
|inactive|shaw0-0wsp reconnected and has 120 seconds left.
|player|p1|shaw0-0wsp|ghetsis|
|
|t:|1759056717
|move|p1a: Sczor|Bullet Punch|p2a: Tyranitar
|-supereffective|p2a: Tyranitar
|-damage|p2a: Tyranitar|0 fnt
|faint|p2a: Tyranitar
|
|-weather|Sandstorm|[upkeep]
|upkeep
|
|t:|1759056722
|switch|p2a: Excadrill|Excadrill, M|91/100
|turn|16
|
|t:|1759056725
|move|p1a: Sczor|Bullet Punch|p2a: Excadrill
|-resisted|p2a: Excadrill
|-damage|p2a: Excadrill|28/100
|move|p2a: Excadrill|Earthquake|p1a: Sczor
|-damage|p1a: Sczor|0 fnt
|faint|p1a: Sczor
|-damage|p2a: Excadrill|18/100|[from] item: Life Orb
|
|-weather|Sandstorm|[upkeep]
|upkeep
|
|t:|1759056729
|switch|p1a: Kingambit|Kingambit, M, shiny|100/100
|-damage|p1a: Kingambit|94/100|[from] Stealth Rock
|-activate|p1a: Kingambit|ability: Supreme Overlord
|-start|p1a: Kingambit|fallen5|[silent]
|turn|17
|
|t:|1759056740
|-terastallize|p1a: Kingambit|Normal
|move|p2a: Excadrill|Brick Break|p1a: Kingambit
|-supereffective|p1a: Kingambit
|-damage|p1a: Kingambit|25/100
|-damage|p2a: Excadrill|8/100|[from] item: Life Orb
|move|p1a: Kingambit|Swords Dance|p1a: Kingambit
|-boost|p1a: Kingambit|atk|2
|
|-weather|Sandstorm|[upkeep]
|-damage|p1a: Kingambit|19/100|[from] Sandstorm
|upkeep
|turn|18
|c|☆shaw0-0wsp|Time for the king now
|
|t:|1759056759
|switch|p2a: Garchomp|Garchomp, F, tera:Dragon|74/100
|move|p1a: Kingambit|Sucker Punch||[still]
|-fail|p1a: Kingambit
|
|-weather|Sandstorm|[upkeep]
|-damage|p2a: Garchomp|68/100|[from] Sandstorm
|-damage|p1a: Kingambit|13/100|[from] Sandstorm
|upkeep
|turn|19
|
|t:|1759056769
|move|p2a: Garchomp|Swords Dance|p2a: Garchomp
|-boost|p2a: Garchomp|atk|2
|move|p1a: Kingambit|Kowtow Cleave|p2a: Garchomp
|-damage|p2a: Garchomp|0 fnt
|-damage|p1a: Kingambit|0 fnt|[from] ability: Rough Skin|[of] p2a: Garchomp
|faint|p2a: Garchomp
|faint|p1a: Kingambit
|-end|p1a: Kingambit|fallen5|[silent]
|
|win|uneasystudent
|raw|shaw0-0wsp's rating: 1080 &rarr; <strong>1061</strong><br />(-19 for losing)
|raw|uneasystudent's rating: 1125 &rarr; <strong>1147</strong><br />(+22 for winning)
|c|☆uneasystudent|gg
|c|☆shaw0-0wsp|Damn this garchomp skin
|c|☆uneasystudent|I'm not allowed sand veil ; - ;
|c|☆uneasystudent|But it came in clutch
|c|☆uneasystudent|My only other hope was to run you down with Sandstorm but I think you just had enough to eek it out
|c|☆shaw0-0wsp|I would have won with the sucker punch next turn
|c|☆uneasystudent|I was gonna swords dance up every turn to use up SP
|c|☆shaw0-0wsp|I hate this game I am going back to call of duty
|c|☆uneasystudent|Lol
|l|☆shaw0-0wsp
|player|p1|
