|j|☆bigfreakerjr
|j|☆fiveStitches
|t:|1758934196
|gametype|singles
|player|p1|bigfreakerjr|scientist-gen4dp|
|player|p2|fiveStitches|pokemaniac|
|gen|9
|tier|[Gen 9] OU
|rule|HP Percentage Mod: HP is shown in percentages
|rule|Endless Battle Clause: Forcing endless battles is banned
|rule|Species Clause: Limit one of each Pokémon
|rule|OHKO Clause: OHKO moves are banned
|rule|Evasion Items Clause: Evasion items are banned
|rule|Evasion Moves Clause: Evasion moves are banned
|rule|Evasion Abilities Clause: Evasion abilities are banned
|rule|Sleep Moves Clause: Sleep-inducing moves are banned
|clearpoke
|poke|p1|Indeedee, M|
|poke|p1|Iron Hands|
|poke|p1|Espeon, F|
|poke|p1|Grimmsnarl, M|
|poke|p1|Hydrapple, M|
|poke|p1|Kleavor, F|
|poke|p2|Kingambit, M|
|poke|p2|Great Tusk|
|poke|p2|Rotom-Wash|
|poke|p2|Diancie|
|poke|p2|Gallade, M|
|poke|p2|Greninja-*, M|
|teampreview
|j| BigFreakerSr
|j| FaithyUWU
|
|t:|1758934263
|teamsize|p1|6
|teamsize|p2|6
|start
|switch|p1a: Matt2026|Grimmsnarl, M|100/100
|switch|p2a: squirt|Rotom-Wash|100/100
|turn|1
|
|t:|1758934319
|move|p1a: Matt2026|Trick|p2a: squirt
|-activate|p1a: Matt2026|move: Trick|[of] p2a: squirt
|-item|p2a: squirt|Lagging Tail|[from] move: Trick
|-item|p1a: Matt2026|Rocky Helmet|[from] move: Trick
|move|p2a: squirt|Thunderbolt|p1a: Matt2026
|-damage|p1a: Matt2026|71/100
|
|upkeep
|turn|2
|
|t:|1758934343
|switch|p1a: Hydrapple|Hydrapple, M|100/100
|move|p2a: squirt|Electroweb|p1a: Hydrapple
|-resisted|p1a: Hydrapple
|-damage|p1a: Hydrapple|96/100
|-unboost|p1a: Hydrapple|spe|1
|
|upkeep
|turn|3
|
|t:|1758934410
|switch|p2a: mr. jim bob|Gallade, M|100/100
|move|p1a: Hydrapple|Energy Ball|p2a: mr. jim bob
|-damage|p2a: mr. jim bob|37/100
|-unboost|p2a: mr. jim bob|spd|1
|-damage|p1a: Hydrapple|86/100|[from] item: Life Orb
|
|upkeep
|turn|4
|
|t:|1758934434
|switch|p1a: Matt2026|Grimmsnarl, M|71/100
|move|p2a: mr. jim bob|X-Scissor|p1a: Matt2026
|-damage|p1a: Matt2026|37/100
|-damage|p2a: mr. jim bob|21/100|[from] item: Rocky Helmet|[of] p1a: Matt2026
|
|upkeep
|turn|5
|
|t:|1758934452
|move|p1a: Matt2026|Thunder Wave|p2a: mr. jim bob
|-status|p2a: mr. jim bob|par
|cant|p2a: mr. jim bob|par
|
|upkeep
|turn|6
|
|t:|1758934461
|move|p1a: Matt2026|Spirit Break|p2a: mr. jim bob
|-supereffective|p2a: mr. jim bob
|-damage|p2a: mr. jim bob|0 fnt
|faint|p2a: mr. jim bob
|
|upkeep
|
|t:|1758934499
|switch|p2a: ms. barbenheimer|Diancie|100/100
|turn|7
|
|t:|1758934512
|move|p1a: Matt2026|Trick|p2a: ms. barbenheimer
|-activate|p1a: Matt2026|move: Trick|[of] p2a: ms. barbenheimer
|-item|p2a: ms. barbenheimer|Rocky Helmet|[from] move: Trick
|-item|p1a: Matt2026|Leftovers|[from] move: Trick
|move|p2a: ms. barbenheimer|Diamond Storm|p1a: Matt2026
|-damage|p1a: Matt2026|5/100
|-boost|p2a: ms. barbenheimer|def|2
|
|-heal|p1a: Matt2026|11/100|[from] item: Leftovers
|upkeep
|turn|8
|
|t:|1758934528
|move|p1a: Matt2026|Thunder Wave|p2a: ms. barbenheimer
|-status|p2a: ms. barbenheimer|par
|cant|p2a: ms. barbenheimer|par
|
|-heal|p1a: Matt2026|18/100|[from] item: Leftovers
|upkeep
|turn|9
|
|t:|1758934542
|move|p1a: Matt2026|Spirit Break|p2a: ms. barbenheimer
|-damage|p2a: ms. barbenheimer|88/100 par
|-damage|p1a: Matt2026|1/100|[from] item: Rocky Helmet|[of] p2a: ms. barbenheimer
|move|p2a: ms. barbenheimer|Diamond Storm|p1a: Matt2026
|-damage|p1a: Matt2026|0 fnt
|faint|p1a: Matt2026
|
|upkeep
|
|t:|1758934551
|switch|p1a: Hydrapple|Hydrapple, M|100/100
|turn|10
|
|t:|1758934599
|move|p1a: Hydrapple|Energy Ball|p2a: ms. barbenheimer
|-supereffective|p2a: ms. barbenheimer
|-damage|p2a: ms. barbenheimer|18/100 par
|-damage|p1a: Hydrapple|91/100|[from] item: Life Orb
|move|p2a: ms. barbenheimer|Light Screen|p2a: ms. barbenheimer
|-sidestart|p2: fiveStitches|move: Light Screen
|
|upkeep
|turn|11
|
|t:|1758934623
|switch|p2a: aura farmer|Kingambit, M, shiny|100/100
|-activate|p2a: aura farmer|ability: Supreme Overlord
|-start|p2a: aura farmer|fallen1|[silent]
|move|p1a: Hydrapple|Earth Power|p2a: aura farmer
|-supereffective|p2a: aura farmer
|-damage|p2a: aura farmer|70/100
|-unboost|p2a: aura farmer|spd|1
|-damage|p1a: Hydrapple|81/100|[from] item: Life Orb
|
|upkeep
|turn|12
|c|☆bigfreakerjr|yes
|c|☆bigfreakerjr|if you're faster and you get a speed drop it is affected by trick room
|c|☆bigfreakerjr|power swap i think
|
|t:|1758934725
|switch|p1a: Hands On|Iron Hands|100/100
|-terastallize|p2a: aura farmer|Bug
|move|p2a: aura farmer|X-Scissor|p1a: Hands On
|-resisted|p1a: Hands On
|-damage|p1a: Hands On|87/100
|
|upkeep
|turn|13
|
|t:|1758934752
|move|p2a: aura farmer|Low Kick|p1a: Hands On
|-damage|p1a: Hands On|56/100
|move|p1a: Hands On|Substitute|p1a: Hands On
|-start|p1a: Hands On|Substitute
|-damage|p1a: Hands On|31/100
|
|upkeep
|turn|14
|
|t:|1758934760
|move|p2a: aura farmer|Low Kick|p1a: Hands On
|-end|p1a: Hands On|Substitute
|move|p1a: Hands On|Supercell Slam|p2a: aura farmer
|-damage|p2a: aura farmer|22/100
|
|-sideend|p2: fiveStitches|move: Light Screen
|upkeep
|turn|15
|
|t:|1758934768
|move|p2a: aura farmer|Low Kick|p1a: Hands On
|-damage|p1a: Hands On|3/100
|move|p1a: Hands On|Supercell Slam|p2a: aura farmer
|-damage|p2a: aura farmer|0 fnt
|faint|p2a: aura farmer
|-end|p2a: aura farmer|fallen1|[silent]
|
|upkeep
|c|☆fiveStitches|scammer
|c|☆bigfreakerjr|low roll
|
|t:|1758934795
|switch|p2a: squirt|Rotom-Wash|100/100
|turn|16
|
|t:|1758934804
|move|p1a: Hands On|Drain Punch|p2a: squirt
|-damage|p2a: squirt|55/100
|-heal|p1a: Hands On|17/100|[from] drain|[of] p2a: squirt
|move|p2a: squirt|Thunderbolt|p1a: Hands On
|-resisted|p1a: Hands On
|-crit|p1a: Hands On
|-damage|p1a: Hands On|0 fnt
|faint|p1a: Hands On
|-end|p1a: Hands On|Quark Drive|[silent]
|
|upkeep
|c|☆bigfreakerjr|crit mattered
|
|t:|1758934818
|switch|p1a: Ball Torture|Indeedee, M|100/100
|-fieldstart|move: Psychic Terrain|[from] ability: Psychic Surge|[of] p1a: Ball Torture
|turn|17
|c|☆fiveStitches|thank you master
|
|t:|1758934853
|move|p1a: Ball Torture|Expanding Force|p2a: squirt
|-damage|p2a: squirt|0 fnt
|faint|p2a: squirt
|
|upkeep
|c|☆bigfreakerjr|(ง ͠° ͟ل͜ ͡°)ง
|
|t:|1758934861
|switch|p2a: the strangler|Greninja, M|100/100
|turn|18
|
|t:|1758934872
|-terastallize|p1a: Ball Torture|Fighting
|move|p2a: the strangler|Dark Pulse|p1a: Ball Torture
|-resisted|p1a: Ball Torture
|-damage|p1a: Ball Torture|82/100
|move|p1a: Ball Torture|Tera Blast|p2a: the strangler|[anim] Tera Blast Fighting
|-supereffective|p2a: the strangler
|-damage|p2a: the strangler|45/100
|
|upkeep
|turn|19
|c|☆bigfreakerjr|(͡ ͡° ͜ つ ͡͡°)
|
|t:|1758934982
|move|p2a: the strangler|Surf|p1a: Ball Torture
|-damage|p1a: Ball Torture|36/100
|move|p1a: Ball Torture|Encore|p2a: the strangler
|-start|p2a: the strangler|Encore
|
|upkeep
|turn|20
|
|t:|1758934988
|switch|p1a: Hydrapple|Hydrapple, M|100/100
|move|p2a: the strangler|Surf|p1a: Hydrapple
|-resisted|p1a: Hydrapple
|-damage|p1a: Hydrapple|92/100
|
|upkeep
|turn|21
|
|t:|1758934997
|switch|p2a: elefun|Great Tusk|100/100
|-enditem|p2a: elefun|Booster Energy
|-activate|p2a: elefun|ability: Protosynthesis|[fromitem]
|-start|p2a: elefun|protosynthesisatk
|move|p1a: Hydrapple|Energy Ball|p2a: elefun
|-supereffective|p2a: elefun
|-damage|p2a: elefun|0 fnt
|faint|p2a: elefun
|-end|p2a: elefun|Protosynthesis|[silent]
|-damage|p1a: Hydrapple|82/100|[from] item: Life Orb
|
|upkeep
|
|t:|1758935009
|switch|p2a: the strangler|Greninja, M|45/100
|turn|22
|
|t:|1758935019
|switch|p1a: Ball Torture|Indeedee, M, tera:Fighting|36/100
|move|p2a: the strangler|Ice Beam|p1a: Ball Torture
|-damage|p1a: Ball Torture|6/100
|
|upkeep
|turn|23
|
|t:|1758935028
|move|p2a: the strangler|Surf|p1a: Ball Torture
|-damage|p1a: Ball Torture|0 fnt
|faint|p1a: Ball Torture
|-ability|p2a: the strangler|Battle Bond|boost
|-boost|p2a: the strangler|atk|1
|-boost|p2a: the strangler|spa|1
|-boost|p2a: the strangler|spe|1
|-activate|p2a: the strangler|ability: Battle Bond
|
|upkeep
|
|t:|1758935036
|switch|p1a: Kleavor|Kleavor, F|100/100
|turn|24
|
|t:|1758935047
|move|p2a: the strangler|Surf|p1a: Kleavor
|-supereffective|p1a: Kleavor
|-enditem|p1a: Kleavor|Focus Sash
|-damage|p1a: Kleavor|1/100
|move|p1a: Kleavor|U-turn|p2a: the strangler
|-supereffective|p2a: the strangler
|-damage|p2a: the strangler|0 fnt
|faint|p2a: the strangler
|
|t:|1758935055
|switch|p1a: Beef Curtains|Espeon, F|100/100|[from] U-turn
|
|-fieldend|move: Psychic Terrain
|upkeep
|
|t:|1758935059
|switch|p2a: ms. barbenheimer|Diancie|18/100 par
|turn|25
|c|☆bigfreakerjr|pink cat
|
|t:|1758935073
|move|p1a: Beef Curtains|Expanding Force|p2a: ms. barbenheimer
|-damage|p2a: ms. barbenheimer|0 fnt
|faint|p2a: ms. barbenheimer
|
|win|bigfreakerjr
|l| BigFreakerSr
