|j|☆gigapoophater
|j|☆Aether_RF
|t:|1758931660
|gametype|singles
|player|p1|gigapoophater|swimmer|1075
|player|p2|Aether_RF|101|1029
|gen|9
|tier|[Gen 9] OU
|rated|
|rule|HP Percentage Mod: HP is shown in percentages
|rule|Endless Battle Clause: Forcing endless battles is banned
|rule|Species Clause: Limit one of each Pokémon
|rule|OHKO Clause: OHKO moves are banned
|rule|Evasion Items Clause: Evasion items are banned
|rule|Evasion Moves Clause: Evasion moves are banned
|rule|Evasion Abilities Clause: Evasion abilities are banned
|rule|Sleep Moves Clause: Sleep-inducing moves are banned
|clearpoke
|poke|p1|Rampardos, F|
|poke|p1|Hatterene, F|
|poke|p1|Magnezone|
|poke|p1|Cryogonal|
|poke|p1|Tauros-Paldea-Aqua, M|
|poke|p1|Scyther, M|
|poke|p2|Mimikyu, F|
|poke|p2|Garchomp, F|
|poke|p2|Toxapex, M|
|poke|p2|Corviknight, F|
|poke|p2|Tyranitar, M|
|poke|p2|Volcanion|
|teampreview
|
|t:|1758931666
|teamsize|p1|6
|teamsize|p2|6
|start
|switch|p1a: Rampardos|Rampardos, F|100/100
|switch|p2a: Toxapex|Toxapex, M|100/100
|-ability|p1a: Rampardos|Mold Breaker
|turn|1
|inactive|Battle timer is ON: inactive players will automatically lose when time's up. (requested by gigapoophater)
|
|t:|1758931675
|move|p1a: Rampardos|Swords Dance|p1a: Rampardos
|-boost|p1a: Rampardos|atk|2
|move|p2a: Toxapex|Toxic Spikes|p1a: Rampardos
|-sidestart|p1: gigapoophater|move: Toxic Spikes
|
|upkeep
|turn|2
|
|t:|1758931685
|move|p1a: Rampardos|Earthquake|p2a: Toxapex
|-supereffective|p2a: Toxapex
|-damage|p2a: Toxapex|0 fnt
|faint|p2a: Toxapex
|
|upkeep
|
|t:|1758931690
|switch|p2a: Corviknight|Corviknight, F|100/100
|turn|3
|
|t:|1758931702
|move|p1a: Rampardos|Stone Edge|p2a: Corviknight
|-crit|p2a: Corviknight
|-damage|p2a: Corviknight|0 fnt
|faint|p2a: Corviknight
|
|upkeep
|
|t:|1758931711
|switch|p2a: Mimikyu|Mimikyu, F|100/100
|turn|4
|
|t:|1758931715
|move|p2a: Mimikyu|Drain Punch|p1a: Rampardos
|-supereffective|p1a: Rampardos
|-damage|p1a: Rampardos|22/100
|move|p1a: Rampardos|Trailblaze|p2a: Mimikyu
|-damage|p2a: Mimikyu|29/100
|-boost|p1a: Rampardos|spe|1
|
|upkeep
|turn|5
|
|t:|1758931727
|move|p1a: Rampardos|Trailblaze|p2a: Mimikyu
|-damage|p2a: Mimikyu|0 fnt
|-boost|p1a: Rampardos|spe|1
|faint|p2a: Mimikyu
|
|upkeep
|
|t:|1758931734
|switch|p2a: Garchomp|Garchomp, F|100/100
|turn|6
|inactive|gigapoophater has 120 seconds left.
|
|t:|1758931769
|move|p1a: Rampardos|Earthquake|p2a: Garchomp
|-damage|p2a: Garchomp|2/100
|move|p2a: Garchomp|Dig||[still]
|-prepare|p2a: Garchomp|Dig
|
|upkeep
|turn|7
|inactive|gigapoophater has 120 seconds left.
|
|t:|1758931782
|switch|p1a: Cryogonal|Cryogonal|100/100
|move|p2a: Garchomp|Dig|p1a: Cryogonal|[from] lockedmove
|-immune|p1a: Cryogonal|[from] ability: Levitate
|
|upkeep
|turn|8
|
|t:|1758931792
|move|p2a: Garchomp|Fire Fang|p1a: Cryogonal
|-supereffective|p1a: Cryogonal
|-damage|p1a: Cryogonal|16/100
|move|p1a: Cryogonal|Rapid Spin|p2a: Garchomp
|-damage|p2a: Garchomp|0 fnt
|-boost|p1a: Cryogonal|spe|1
|-damage|p1a: Cryogonal|4/100|[from] ability: Rough Skin|[of] p2a: Garchomp
|-sideend|p1: gigapoophater|Toxic Spikes|[from] move: Rapid Spin|[of] p1a: Cryogonal
|faint|p2a: Garchomp
|
|upkeep
|
|t:|1758931806
|switch|p2a: Volcanion|Volcanion|100/100
|turn|9
|
|t:|1758931824
|switch|p1a: Magnezone|Magnezone|100/100
|move|p2a: Volcanion|Earth Power|p1a: Magnezone
|-supereffective|p1a: Magnezone
|-damage|p1a: Magnezone|0 fnt
|faint|p1a: Magnezone
|
|upkeep
|
|t:|1758931832
|switch|p1a: Rampardos|Rampardos, F|22/100
|-ability|p1a: Rampardos|Mold Breaker
|turn|10
|inactive|Aether_RF has 120 seconds left.
|
|t:|1758931873
|move|p1a: Rampardos|Earthquake|p2a: Volcanion
|-supereffective|p2a: Volcanion
|-damage|p2a: Volcanion|33/100
|move|p2a: Volcanion|Steam Eruption|p1a: Rampardos
|-supereffective|p1a: Rampardos
|-damage|p1a: Rampardos|0 fnt
|faint|p1a: Rampardos
|
|upkeep
|
|t:|1758931893
|switch|p1a: Scyther|Scyther, M|100/100
|turn|11
|inactive|Aether_RF has 120 seconds left.
|
|t:|1758931899
|move|p1a: Scyther|Dual Wingbeat|p2a: Volcanion
|-damage|p2a: Volcanion|8/100
|-damage|p2a: Volcanion|0 fnt
|faint|p2a: Volcanion
|-hitcount|p2: Volcanion|2
|
|upkeep
|inactive|Aether_RF has 120 seconds left.
|
|t:|1758931904
|switch|p2a: Tyranitar|Tyranitar, M|100/100
|-weather|Sandstorm|[from] ability: Sand Stream|[of] p2a: Tyranitar
|turn|12
|inactive|Aether_RF has 120 seconds left.
|
|t:|1758931926
|move|p1a: Scyther|Lunge|p2a: Tyranitar
|-supereffective|p2a: Tyranitar
|-damage|p2a: Tyranitar|42/100
|-unboost|p2a: Tyranitar|atk|1
|move|p2a: Tyranitar|Stone Edge|p1a: Scyther
|-supereffective|p1a: Scyther
|-crit|p1a: Scyther
|-damage|p1a: Scyther|0 fnt
|faint|p1a: Scyther
|
|-weather|Sandstorm|[upkeep]
|upkeep
|
|t:|1758931931
|switch|p1a: Tauros|Tauros-Paldea-Aqua, M|100/100
|-ability|p1a: Tauros|Intimidate|boost
|-unboost|p2a: Tyranitar|atk|1
|turn|13
|inactive|Aether_RF has 120 seconds left.
|
|t:|1758931953
|-terastallize|p2a: Tyranitar|Psychic
|move|p1a: Tauros|Raging Bull|p2a: Tyranitar
|-damage|p2a: Tyranitar|9/100
|move|p2a: Tyranitar|Thunder Punch|p1a: Tauros
|-supereffective|p1a: Tauros
|-crit|p1a: Tauros
|-damage|p1a: Tauros|0 fnt
|faint|p1a: Tauros
|
|-weather|Sandstorm|[upkeep]
|-damage|p2a: Tyranitar|2/100|[from] Sandstorm
|upkeep
|
|t:|1758931962
|switch|p1a: Hatterene|Hatterene, F|100/100
|turn|14
|
|t:|1758931968
|move|p2a: Tyranitar|Crunch|p1a: Hatterene
|-damage|p1a: Hatterene|73/100
|move|p1a: Hatterene|Draining Kiss|p2a: Tyranitar
|-damage|p2a: Tyranitar|0 fnt
|-heal|p1a: Hatterene|75/100|[from] drain|[of] p2a: Tyranitar
|faint|p2a: Tyranitar
|-damage|p1a: Hatterene|65/100|[from] item: Life Orb
|
|win|gigapoophater
|raw|gigapoophater's rating: 1075 &rarr; <strong>1100</strong><br />(+25 for winning)
|raw|Aether_RF's rating: 1029 &rarr; <strong>1017</strong><br />(-12 for losing)
