|j|☆sama25
|j|☆Chilling On The OU
|t:|1759049536
|gametype|singles
|player|p1|sama25|ghetsis|1300
|player|p2|Chilling On The OU|marlon|1329
|gen|9
|tier|[Gen 9] OU
|rated|
|rule|HP Percentage Mod: HP is shown in percentages
|rule|Endless Battle Clause: Forcing endless battles is banned
|rule|Species Clause: Limit one of each Pokémon
|rule|OHKO Clause: OHKO moves are banned
|rule|Evasion Items Clause: Evasion items are banned
|rule|Evasion Moves Clause: Evasion moves are banned
|rule|Evasion Abilities Clause: Evasion abilities are banned
|rule|Sleep Moves Clause: Sleep-inducing moves are banned
|clearpoke
|poke|p1|Tyranitar, M|
|poke|p1|Excadrill, M|
|poke|p1|Tornadus-Therian, M|
|poke|p1|Tinkaton, F|
|poke|p1|Sinistcha|
|poke|p1|Toxapex, M|
|poke|p2|Meowscarada, F|
|poke|p2|Thundurus-Therian, M|
|poke|p2|Alomomola, M|
|poke|p2|Cinderace, M|
|poke|p2|Goodra-Hisui, F|
|poke|p2|Iron Valiant|
|teampreview
|inactive|Battle timer is ON: inactive players will automatically lose when time's up. (requested by sama25)
|
|t:|1759049547
|teamsize|p1|6
|teamsize|p2|6
|start
|switch|p1a: Tinkaton|Tinkaton, F, shiny|100/100
|switch|p2a: Meowscareda|Meowscarada, F|100/100
|-item|p1a: Tinkaton|Air Balloon
|turn|1
|
|t:|1759049568
|move|p2a: Meowscareda|U-turn|p1a: Tinkaton
|-start|p2a: Meowscareda|typechange|Bug|[from] ability: Protean
|-resisted|p1a: Tinkaton
|-damage|p1a: Tinkaton|84/100
|-enditem|p1a: Tinkaton|Air Balloon
|-enditem|p2a: Meowscareda|Choice Band|[silent]|[from] ability: Pickpocket|[of] p2a: Meowscareda
|-item|p1a: Tinkaton|Choice Band|[from] ability: Pickpocket|[of] p2a: Meowscareda
|inactive|Chilling On The OU has 120 seconds left.
|c|☆Chilling On The OU|LMFAO
|c|☆Chilling On The OU|PICKPOCKET???
|
|t:|1759049596
|switch|p2a: Alolamala|Alomomola, M|100/100|[from] U-turn
|move|p1a: Tinkaton|Ice Hammer|p2a: Alolamala
|-resisted|p2a: Alolamala
|-damage|p2a: Alolamala|91/100
|-unboost|p1a: Tinkaton|spe|1
|
|-heal|p2a: Alolamala|97/100|[from] item: Leftovers
|upkeep
|turn|2
|c|☆sama25|ye
|
|t:|1759049609
|switch|p1a: Toxapex|Toxapex, M, shiny|100/100
|move|p2a: Alolamala|Flip Turn|p1a: Toxapex
|-resisted|p1a: Toxapex
|-damage|p1a: Toxapex|95/100
|-enditem|p1a: Toxapex|Eject Button
|c|☆sama25|if air ballon is lost
|c|☆sama25|i have no item
|
|t:|1759049617
|switch|p1a: Tyranitar|Tyranitar, M, shiny|100/100
|-weather|Sandstorm|[from] ability: Sand Stream|[of] p1a: Tyranitar
|
|-weather|Sandstorm|[upkeep]
|-damage|p2a: Alolamala|91/100|[from] Sandstorm
|-heal|p2a: Alolamala|97/100|[from] item: Leftovers
|upkeep
|turn|3
|inactive|Chilling On The OU has 120 seconds left.
|c|☆Chilling On The OU|Crazy strat
|
|t:|1759049626
|move|p1a: Tyranitar|Stone Edge|p2a: Alolamala
|-damage|p2a: Alolamala|49/100
|move|p2a: Alolamala|Scald|p1a: Tyranitar
|-supereffective|p1a: Tyranitar
|-damage|p1a: Tyranitar|83/100
|
|-weather|Sandstorm|[upkeep]
|-damage|p2a: Alolamala|43/100|[from] Sandstorm
|-heal|p2a: Alolamala|49/100|[from] item: Leftovers
|upkeep
|turn|4
|
|t:|1759049634
|move|p1a: Tyranitar|Stone Edge|p2a: Alolamala
|-damage|p2a: Alolamala|4/100
|move|p2a: Alolamala|Flip Turn|p1a: Tyranitar
|-supereffective|p1a: Tyranitar
|-damage|p1a: Tyranitar|53/100
|
|t:|1759049642
|switch|p2a: Thundurus-Tharien|Thundurus-Therian, M, shiny|100/100|[from] Flip Turn
|
|-weather|Sandstorm|[upkeep]
|-damage|p2a: Thundurus-Tharien|94/100|[from] Sandstorm
|upkeep
|turn|5
|
|t:|1759049650
|switch|p1a: Sinistcha|Sinistcha, shiny|100/100
|move|p2a: Thundurus-Tharien|Grass Knot|p1a: Sinistcha
|-resisted|p1a: Sinistcha
|-damage|p1a: Sinistcha|94/100
|
|-weather|Sandstorm|[upkeep]
|-damage|p2a: Thundurus-Tharien|88/100|[from] Sandstorm
|-damage|p1a: Sinistcha|87/100|[from] Sandstorm
|-heal|p1a: Sinistcha|94/100|[from] item: Leftovers
|upkeep
|turn|6
|
|t:|1759049658
|switch|p2a: Goodra-Husui|Goodra-Hisui, F, shiny|100/100
|move|p1a: Sinistcha|Calm Mind|p1a: Sinistcha
|-boost|p1a: Sinistcha|spa|1
|-boost|p1a: Sinistcha|spd|1
|
|-weather|none
|-heal|p1a: Sinistcha|99/100|[from] item: Leftovers
|upkeep
|turn|7
|inactive|Chilling On The OU has 120 seconds left.
|
|t:|1759049689
|switch|p2a: Thundurus-Tharien|Thundurus-Therian, M, shiny|88/100
|move|p1a: Sinistcha|Calm Mind|p1a: Sinistcha
|-boost|p1a: Sinistcha|spa|1
|-boost|p1a: Sinistcha|spd|1
|
|-heal|p1a: Sinistcha|100/100|[from] item: Leftovers
|upkeep
|turn|8
|
|t:|1759049696
|-terastallize|p2a: Thundurus-Tharien|Flying
|move|p2a: Thundurus-Tharien|Tera Blast|p1a: Sinistcha|[anim] Tera Blast Flying
|-supereffective|p1a: Sinistcha
|-damage|p1a: Sinistcha|0 fnt
|faint|p1a: Sinistcha
|
|upkeep
|c|☆Chilling On The OU|Thudurus
|
|t:|1759049705
|switch|p1a: Tinkaton|Tinkaton, F, shiny|84/100
|turn|9
|c|☆Chilling On The OU|The goat
|
|t:|1759049715
|switch|p2a: Goodra-Husui|Goodra-Hisui, F, shiny|100/100
|move|p1a: Tinkaton|Ice Hammer|p2a: Goodra-Husui
|-damage|p2a: Goodra-Husui|65/100
|-unboost|p1a: Tinkaton|spe|1
|-ability|p2a: Goodra-Husui|Gooey
|-unboost|p1a: Tinkaton|spe|1
|
|upkeep
|turn|10
|
|t:|1759049724
|switch|p2a: Alolamala|Alomomola, M|37/100
|-terastallize|p1a: Tinkaton|Ice
|move|p1a: Tinkaton|Ice Hammer|p2a: Alolamala
|-resisted|p2a: Alolamala
|-damage|p2a: Alolamala|23/100
|-unboost|p1a: Tinkaton|spe|1
|
|-heal|p2a: Alolamala|30/100|[from] item: Leftovers
|upkeep
|turn|11
|
|t:|1759049731
|switch|p1a: Tornadus|Tornadus-Therian, M, shiny|100/100
|move|p2a: Alolamala|Flip Turn|p1a: Tornadus
|-damage|p1a: Tornadus|76/100
|
|t:|1759049749
|switch|p2a: Thundurus-Tharien|Thundurus-Therian, M, shiny, tera:Flying|88/100|[from] Flip Turn
|
|upkeep
|turn|12
|
|t:|1759049752
|switch|p1a: Tyranitar|Tyranitar, M, shiny|53/100
|-weather|Sandstorm|[from] ability: Sand Stream|[of] p1a: Tyranitar
|move|p2a: Thundurus-Tharien|Tera Blast|p1a: Tyranitar|[anim] Tera Blast Flying
|-resisted|p1a: Tyranitar
|-damage|p1a: Tyranitar|23/100
|
|-weather|Sandstorm|[upkeep]
|-damage|p2a: Thundurus-Tharien|82/100|[from] Sandstorm
|upkeep
|turn|13
|
|t:|1759049759
|move|p2a: Thundurus-Tharien|Tera Blast|p1a: Tyranitar|[anim] Tera Blast Flying
|-resisted|p1a: Tyranitar
|-damage|p1a: Tyranitar|0 fnt
|faint|p1a: Tyranitar
|
|-weather|Sandstorm|[upkeep]
|-damage|p2a: Thundurus-Tharien|76/100|[from] Sandstorm
|upkeep
|
|t:|1759049762
|switch|p1a: Tornadus|Tornadus-Therian, M, shiny|100/100
|turn|14
|
|t:|1759049766
|move|p1a: Tornadus|Weather Ball|p2a: Thundurus-Tharien
|-supereffective|p2a: Thundurus-Tharien
|-damage|p2a: Thundurus-Tharien|0 fnt
|faint|p2a: Thundurus-Tharien
|
|-weather|Sandstorm|[upkeep]
|-damage|p1a: Tornadus|94/100|[from] Sandstorm
|upkeep
|c|☆Chilling On The OU|Oh
|c|☆Chilling On The OU|There goes my only toxapex counter
|inactive|Chilling On The OU has 120 seconds left.
|
|t:|1759049801
|switch|p2a: Goodra-Husui|Goodra-Hisui, F, shiny|65/100
|turn|15
|
|t:|1759049807
|switch|p1a: Excadrill|Excadrill, M, shiny|100/100
|move|p2a: Goodra-Husui|Draco Meteor|p1a: Excadrill
|-resisted|p1a: Excadrill
|-damage|p1a: Excadrill|54/100
|-unboost|p2a: Goodra-Husui|spa|2
|
|-weather|Sandstorm|[upkeep]
|-heal|p1a: Excadrill|60/100|[from] item: Leftovers
|upkeep
|turn|16
|
|t:|1759049814
|switch|p2a: Alolamala|Alomomola, M|63/100
|move|p1a: Excadrill|Substitute|p1a: Excadrill
|-start|p1a: Excadrill|Substitute
|-damage|p1a: Excadrill|35/100
|
|-weather|none
|-heal|p1a: Excadrill|41/100|[from] item: Leftovers
|-heal|p2a: Alolamala|69/100|[from] item: Leftovers
|upkeep
|turn|17
|
|t:|1759049821
|move|p1a: Excadrill|Rock Slide|p2a: Alolamala
|-damage|p2a: Alolamala|52/100
|move|p2a: Alolamala|Flip Turn|p1a: Excadrill
|-supereffective|p1a: Excadrill
|-crit|p1a: Excadrill
|-end|p1a: Excadrill|Substitute
|
|t:|1759049836
|switch|p2a: Cinderece|Cinderace, M|100/100|[from] Flip Turn
|
|-heal|p1a: Excadrill|48/100|[from] item: Leftovers
|upkeep
|turn|18
|
|t:|1759049844
|switch|p1a: Toxapex|Toxapex, M, shiny|100/100
|move|p2a: Cinderece|Will-O-Wisp|p1a: Toxapex
|-status|p1a: Toxapex|brn
|
|-damage|p1a: Toxapex|95/100 brn|[from] brn
|upkeep
|turn|19
|
|t:|1759049849
|move|p2a: Cinderece|U-turn|p1a: Toxapex
|-start|p2a: Cinderece|typechange|Bug|[from] ability: Libero
|-resisted|p1a: Toxapex
|-damage|p1a: Toxapex|85/100 brn
|
|t:|1759049851
|switch|p2a: Goodra-Husui|Goodra-Hisui, F, shiny|65/100|[from] U-turn
|move|p1a: Toxapex|Toxic Spikes|p2a: Goodra-Husui
|-sidestart|p2: Chilling On The OU|move: Toxic Spikes
|
|-damage|p1a: Toxapex|79/100 brn|[from] brn
|upkeep
|turn|20
|
|t:|1759049866
|move|p2a: Goodra-Husui|Draco Meteor|p1a: Toxapex
|-damage|p1a: Toxapex|37/100 brn
|-unboost|p2a: Goodra-Husui|spa|2
|move|p1a: Toxapex|Recover|p1a: Toxapex
|-heal|p1a: Toxapex|87/100 brn
|
|-damage|p1a: Toxapex|81/100 brn|[from] brn
|upkeep
|turn|21
|
|t:|1759049884
|move|p2a: Goodra-Husui|Earthquake|p1a: Toxapex
|-supereffective|p1a: Toxapex
|-damage|p1a: Toxapex|51/100 brn
|move|p1a: Toxapex|Toxic Spikes|p2a: Goodra-Husui
|-sidestart|p2: Chilling On The OU|move: Toxic Spikes
|
|-damage|p1a: Toxapex|45/100 brn|[from] brn
|upkeep
|turn|22
|
|t:|1759049897
|switch|p2a: Cinderece|Cinderace, M|100/100
|switch|p1a: Tornadus|Tornadus-Therian, M, shiny|100/100
|
|upkeep
|turn|23
|
|t:|1759049902
|move|p1a: Tornadus|Bleakwind Storm|p2a: Cinderece
|-crit|p2a: Cinderece
|-damage|p2a: Cinderece|0 fnt
|faint|p2a: Cinderece
|
|upkeep
|c|☆Chilling On The OU|Thats sad
|
|t:|1759049919
|switch|p2a: Goodra-Husui|Goodra-Hisui, F, shiny|65/100
|turn|24
|
|t:|1759049924
|switch|p1a: Excadrill|Excadrill, M, shiny|48/100
|move|p2a: Goodra-Husui|Draco Meteor|p1a: Excadrill
|-resisted|p1a: Excadrill
|-damage|p1a: Excadrill|7/100
|-unboost|p2a: Goodra-Husui|spa|2
|
|-heal|p1a: Excadrill|13/100|[from] item: Leftovers
|upkeep
|turn|25
|
|t:|1759049929
|switch|p2a: Alolamala|Alomomola, M|85/100
|-status|p2a: Alolamala|tox
|move|p1a: Excadrill|Earthquake|p2a: Alolamala
|-damage|p2a: Alolamala|52/100 tox
|
|-heal|p1a: Excadrill|19/100|[from] item: Leftovers
|-heal|p2a: Alolamala|58/100 tox|[from] item: Leftovers
|-damage|p2a: Alolamala|52/100 tox|[from] psn
|upkeep
|turn|26
|
|t:|1759049933
|switch|p1a: Toxapex|Toxapex, M, shiny|78/100 brn
|move|p2a: Alolamala|Flip Turn|p1a: Toxapex
|-resisted|p1a: Toxapex
|-damage|p1a: Toxapex|72/100 brn
|inactive|Chilling On The OU has 120 seconds left.
|
|t:|1759049972
|switch|p2a: Iron Valaint|Iron Valiant, shiny|100/100|[from] Flip Turn
|-status|p2a: Iron Valaint|tox
|
|-damage|p2a: Iron Valaint|94/100 tox|[from] psn
|-damage|p1a: Toxapex|66/100 brn|[from] brn
|upkeep
|turn|27
|
|t:|1759049977
|move|p2a: Iron Valaint|Psychic|p1a: Toxapex
|-supereffective|p1a: Toxapex
|-damage|p1a: Toxapex|33/100 brn
|move|p1a: Toxapex|Recover|p1a: Toxapex
|-heal|p1a: Toxapex|83/100 brn
|
|-damage|p2a: Iron Valaint|82/100 tox|[from] psn
|-damage|p1a: Toxapex|77/100 brn|[from] brn
|upkeep
|turn|28
|
|t:|1759049982
|-end|p2a: Iron Valaint|Quark Drive|[silent]
|switch|p2a: Goodra-Husui|Goodra-Hisui, F, shiny|65/100
|move|p1a: Toxapex|Recover|p1a: Toxapex
|-heal|p1a: Toxapex|100/100 brn
|
|-damage|p1a: Toxapex|95/100 brn|[from] brn
|upkeep
|turn|29
|
|t:|1759049992
|switch|p2a: Alolamala|Alomomola, M|86/100 tox
|move|p1a: Toxapex|Recover|p1a: Toxapex
|-heal|p1a: Toxapex|100/100 brn
|
|-heal|p2a: Alolamala|92/100 tox|[from] item: Leftovers
|-damage|p2a: Alolamala|86/100 tox|[from] psn
|-damage|p1a: Toxapex|95/100 brn|[from] brn
|upkeep
|turn|30
|
|t:|1759049997
|switch|p1a: Tornadus|Tornadus-Therian, M, shiny|100/100
|move|p2a: Alolamala|Wish|p2a: Alolamala
|
|-heal|p2a: Alolamala|92/100 tox|[from] item: Leftovers
|-damage|p2a: Alolamala|79/100 tox|[from] psn
|upkeep
|turn|31
|
|t:|1759050001
|switch|p2a: Goodra-Husui|Goodra-Hisui, F, shiny|65/100
|move|p1a: Tornadus|Bleakwind Storm|p2a: Goodra-Husui
|-resisted|p2a: Goodra-Husui
|-damage|p2a: Goodra-Husui|50/100
|
|-heal|p2a: Goodra-Husui|100/100|[from] move: Wish|[wisher] Alolamala
|upkeep
|turn|32
|
|t:|1759050013
|switch|p1a: Toxapex|Toxapex, M, shiny|100/100 brn
|move|p2a: Goodra-Husui|Flash Cannon|p1a: Toxapex
|-resisted|p1a: Toxapex
|-damage|p1a: Toxapex|86/100 brn
|-unboost|p1a: Toxapex|spd|1
|
|-damage|p1a: Toxapex|80/100 brn|[from] brn
|upkeep
|turn|33
|
|t:|1759050027
|switch|p1a: Excadrill|Excadrill, M, shiny|19/100
|move|p2a: Goodra-Husui|Draco Meteor|p1a: Excadrill
|-resisted|p1a: Excadrill
|-damage|p1a: Excadrill|0 fnt
|-unboost|p2a: Goodra-Husui|spa|2
|faint|p1a: Excadrill
|
|upkeep
|
|t:|1759050032
|switch|p1a: Tinkaton|Tinkaton, F, shiny, tera:Ice|84/100
|turn|34
|
|t:|1759050038
|switch|p2a: Alolamala|Alomomola, M|100/100 tox
|move|p1a: Tinkaton|Ice Hammer|p2a: Alolamala
|-resisted|p2a: Alolamala
|-damage|p2a: Alolamala|86/100 tox
|-unboost|p1a: Tinkaton|spe|1
|
|-heal|p2a: Alolamala|93/100 tox|[from] item: Leftovers
|-damage|p2a: Alolamala|86/100 tox|[from] psn
|upkeep
|turn|35
|
|t:|1759050045
|switch|p1a: Toxapex|Toxapex, M, shiny|100/100 brn
|move|p2a: Alolamala|Flip Turn|p1a: Toxapex
|-resisted|p1a: Toxapex
|-damage|p1a: Toxapex|95/100 brn
|c|☆sama25|we are going to be here awhile
|
|t:|1759050060
|switch|p2a: Meowscareda|Meowscarada, F|100/100|[from] Flip Turn
|-status|p2a: Meowscareda|tox
|
|-damage|p2a: Meowscareda|94/100 tox|[from] psn
|-damage|p1a: Toxapex|89/100 brn|[from] brn
|upkeep
|turn|36
|
|t:|1759050064
|switch|p1a: Tornadus|Tornadus-Therian, M, shiny|100/100
|move|p2a: Meowscareda|U-turn|p1a: Tornadus
|-start|p2a: Meowscareda|typechange|Bug|[from] ability: Protean
|-resisted|p1a: Tornadus
|-damage|p1a: Tornadus|76/100
|
|t:|1759050070
|switch|p2a: Goodra-Husui|Goodra-Hisui, F, shiny|100/100|[from] U-turn
|
|upkeep
|turn|37
|
|t:|1759050077
|move|p1a: Tornadus|Heat Wave|p2a: Goodra-Husui
|-damage|p2a: Goodra-Husui|81/100
|move|p2a: Goodra-Husui|Flash Cannon|p1a: Tornadus
|-damage|p1a: Tornadus|30/100
|
|upkeep
|turn|38
|c|☆Chilling On The OU|This game gon be a hour long
|inactive|Chilling On The OU has 120 seconds left.
|
|t:|1759050109
|switch|p1a: Toxapex|Toxapex, M, shiny|100/100 brn
|move|p2a: Goodra-Husui|Earthquake|p1a: Toxapex
|-supereffective|p1a: Toxapex
|-damage|p1a: Toxapex|72/100 brn
|
|-damage|p1a: Toxapex|66/100 brn|[from] brn
|upkeep
|turn|39
|
|t:|1759050117
|switch|p1a: Tinkaton|Tinkaton, F, shiny, tera:Ice|84/100
|move|p2a: Goodra-Husui|Earthquake|p1a: Tinkaton
|-damage|p1a: Tinkaton|58/100
|
|upkeep
|turn|40
|
|t:|1759050129
|move|p1a: Tinkaton|Stealth Rock|p2a: Goodra-Husui
|-sidestart|p2: Chilling On The OU|move: Stealth Rock
|move|p2a: Goodra-Husui|Flash Cannon|p1a: Tinkaton
|-supereffective|p1a: Tinkaton
|-damage|p1a: Tinkaton|0 fnt
|faint|p1a: Tinkaton
|
|upkeep
|
|t:|1759050135
|switch|p1a: Tornadus|Tornadus-Therian, M, shiny|63/100
|turn|41
|
|t:|1759050141
|move|p1a: Tornadus|Heat Wave|p2a: Goodra-Husui
|-damage|p2a: Goodra-Husui|61/100
|move|p2a: Goodra-Husui|Draco Meteor|p1a: Tornadus|[miss]
|-miss|p2a: Goodra-Husui|p1a: Tornadus
|
|upkeep
|turn|42
|
|t:|1759050151
|switch|p1a: Toxapex|Toxapex, M, shiny|99/100 brn
|move|p2a: Goodra-Husui|Draco Meteor|p1a: Toxapex
|-damage|p1a: Toxapex|54/100 brn
|-unboost|p2a: Goodra-Husui|spa|2
|
|-damage|p1a: Toxapex|48/100 brn|[from] brn
|upkeep
|turn|43
|
|t:|1759050154
|move|p2a: Goodra-Husui|Earthquake|p1a: Toxapex
|-supereffective|p1a: Toxapex
|-damage|p1a: Toxapex|17/100 brn
|move|p1a: Toxapex|Recover|p1a: Toxapex
|-heal|p1a: Toxapex|67/100 brn
|
|-damage|p1a: Toxapex|61/100 brn|[from] brn
|upkeep
|turn|44
|
|t:|1759050173
|switch|p2a: Meowscareda|Meowscarada, F|94/100 tox
|-damage|p2a: Meowscareda|82/100 tox|[from] Stealth Rock
|move|p1a: Toxapex|Recover|p1a: Toxapex
|-heal|p1a: Toxapex|100/100 brn
|
|-damage|p2a: Meowscareda|76/100 tox|[from] psn
|-damage|p1a: Toxapex|95/100 brn|[from] brn
|upkeep
|turn|45
|
|t:|1759050179
|switch|p1a: Tornadus|Tornadus-Therian, M, shiny|96/100
|move|p2a: Meowscareda|U-turn|p1a: Tornadus
|-start|p2a: Meowscareda|typechange|Bug|[from] ability: Protean
|-resisted|p1a: Tornadus
|-crit|p1a: Tornadus
|-damage|p1a: Tornadus|64/100
|
|t:|1759050182
|switch|p2a: Goodra-Husui|Goodra-Hisui, F, shiny|61/100|[from] U-turn
|-damage|p2a: Goodra-Husui|55/100|[from] Stealth Rock
|
|upkeep
|turn|46
|
|t:|1759050187
|switch|p1a: Toxapex|Toxapex, M, shiny|100/100 brn
|move|p2a: Goodra-Husui|Flash Cannon|p1a: Toxapex
|-resisted|p1a: Toxapex
|-damage|p1a: Toxapex|87/100 brn
|
|-damage|p1a: Toxapex|81/100 brn|[from] brn
|upkeep
|turn|47
|
|t:|1759050197
|switch|p2a: Alolamala|Alomomola, M|100/100 tox
|-damage|p2a: Alolamala|88/100 tox|[from] Stealth Rock
|move|p1a: Toxapex|Haze|p1a: Toxapex
|-clearallboost
|
|-heal|p2a: Alolamala|94/100 tox|[from] item: Leftovers
|-damage|p2a: Alolamala|88/100 tox|[from] psn
|-damage|p1a: Toxapex|75/100 brn|[from] brn
|upkeep
|turn|48
|
|t:|1759050206
|switch|p1a: Tornadus|Tornadus-Therian, M, shiny|97/100
|move|p2a: Alolamala|Wish|p2a: Alolamala
|
|-heal|p2a: Alolamala|94/100 tox|[from] item: Leftovers
|-damage|p2a: Alolamala|82/100 tox|[from] psn
|upkeep
|turn|49
|
|t:|1759050212
|switch|p2a: Goodra-Husui|Goodra-Hisui, F, shiny|55/100
|-damage|p2a: Goodra-Husui|49/100|[from] Stealth Rock
|move|p1a: Tornadus|Heat Wave|p2a: Goodra-Husui|[miss]
|-miss|p1a: Tornadus|p2a: Goodra-Husui
|
|-heal|p2a: Goodra-Husui|100/100|[from] move: Wish|[wisher] Alolamala
|upkeep
|turn|50
|
|t:|1759050227
|move|p1a: Tornadus|Heat Wave|p2a: Goodra-Husui
|-damage|p2a: Goodra-Husui|80/100
|move|p2a: Goodra-Husui|Flash Cannon|p1a: Tornadus
|-damage|p1a: Tornadus|47/100
|
|upkeep
|turn|51
|-message|sama25 forfeited.
|
|win|Chilling On The OU
|raw|sama25's rating: 1300 &rarr; <strong>1277</strong><br />(-23 for losing)
|raw|Chilling On The OU's rating: 1329 &rarr; <strong>1347</strong><br />(+18 for winning)
|c|☆sama25|i have a life to get to
|c|☆sama25|gg
