|j|☆xw haha
|j|☆EditorialMercedes
|t:|1758985566
|gametype|singles
|player|p1|xw haha|volkner|1346
|player|p2|EditorialMercedes|shauntal|1335
|gen|9
|tier|[Gen 9] OU
|rated|
|rule|HP Percentage Mod: HP is shown in percentages
|rule|Endless Battle Clause: Forcing endless battles is banned
|rule|Species Clause: Limit one of each Pokémon
|rule|OHKO Clause: OHKO moves are banned
|rule|Evasion Items Clause: Evasion items are banned
|rule|Evasion Moves Clause: Evasion moves are banned
|rule|Evasion Abilities Clause: Evasion abilities are banned
|rule|Sleep Moves Clause: Sleep-inducing moves are banned
|clearpoke
|poke|p1|Slither Wing|
|poke|p1|Alomomola, F|
|poke|p1|Corviknight, M|
|poke|p1|Clodsire, M|
|poke|p1|Gholdengo|
|poke|p1|Iron Moth|
|poke|p2|Meowscarada, F|
|poke|p2|Skeledirge, F|
|poke|p2|Goodra-Hisui, F|
|poke|p2|Mienshao, M|
|poke|p2|Slowking, M|
|poke|p2|Iron Treads|
|teampreview
|inactive|Battle timer is ON: inactive players will automatically lose when time's up. (requested by xw haha)
|
|t:|1758985573
|teamsize|p1|6
|teamsize|p2|6
|start
|switch|p1a: Slither Wing|Slither Wing|100/100
|switch|p2a: Meowscarada|Meowscarada, F|100/100
|turn|1
|
|t:|1758985580
|switch|p2a: Skeledirge|Skeledirge, F|100/100
|move|p1a: Slither Wing|First Impression|p2a: Skeledirge
|-resisted|p2a: Skeledirge
|-damage|p2a: Skeledirge|90/100
|
|upkeep
|turn|2
|
|t:|1758985588
|-end|p1a: Slither Wing|Protosynthesis|[silent]
|switch|p1a: Clodsire|Clodsire, M|100/100
|move|p2a: Skeledirge|Will-O-Wisp|p1a: Clodsire
|-status|p1a: Clodsire|brn
|
|-damage|p1a: Clodsire|94/100 brn|[from] brn
|upkeep
|turn|3
|
|t:|1758985597
|switch|p2a: Goodra|Goodra-Hisui, F|100/100
|move|p1a: Clodsire|Toxic|p2a: Goodra
|-immune|p2a: Goodra
|
|-heal|p1a: Clodsire|100/100 brn|[from] item: Black Sludge
|-damage|p1a: Clodsire|94/100 brn|[from] brn
|upkeep
|turn|4
|
|t:|1758985610
|move|p2a: Goodra|Ice Beam|p1a: Clodsire
|-supereffective|p1a: Clodsire
|-damage|p1a: Clodsire|70/100 brn
|move|p1a: Clodsire|Earth Power|p2a: Goodra
|-supereffective|p2a: Goodra
|-damage|p2a: Goodra|88/100
|
|-heal|p1a: Clodsire|76/100 brn|[from] item: Black Sludge
|-damage|p1a: Clodsire|70/100 brn|[from] brn
|upkeep
|turn|5
|
|t:|1758985621
|move|p2a: Goodra|Ice Beam|p1a: Clodsire
|-supereffective|p1a: Clodsire
|-damage|p1a: Clodsire|46/100 brn
|move|p1a: Clodsire|Stealth Rock|p2a: Goodra
|-sidestart|p2: EditorialMercedes|move: Stealth Rock
|
|-heal|p1a: Clodsire|52/100 brn|[from] item: Black Sludge
|-damage|p1a: Clodsire|46/100 brn|[from] brn
|upkeep
|turn|6
|
|t:|1758985637
|switch|p1a: Slither Wing|Slither Wing|100/100
|move|p2a: Goodra|Ice Beam|p1a: Slither Wing
|-damage|p1a: Slither Wing|77/100
|
|upkeep
|turn|7
|
|t:|1758985647
|switch|p2a: Skeledirge|Skeledirge, F|90/100
|move|p1a: Slither Wing|U-turn|p2a: Skeledirge
|-resisted|p2a: Skeledirge
|-damage|p2a: Skeledirge|81/100
|
|t:|1758985652
|-end|p1a: Slither Wing|Protosynthesis|[silent]
|switch|p1a: Gholdengo|Gholdengo|100/100|[from] U-turn
|-item|p1a: Gholdengo|Air Balloon
|
|upkeep
|turn|8
|
|t:|1758985664
|-terastallize|p2a: Skeledirge|Fairy
|move|p1a: Gholdengo|Shadow Ball|p2a: Skeledirge
|-damage|p2a: Skeledirge|40/100
|move|p2a: Skeledirge|Torch Song|p1a: Gholdengo
|-supereffective|p1a: Gholdengo
|-damage|p1a: Gholdengo|45/100
|-boost|p2a: Skeledirge|spa|1
|-enditem|p1a: Gholdengo|Air Balloon
|
|upkeep
|turn|9
|
|t:|1758985675
|switch|p2a: Goodra|Goodra-Hisui, F|88/100
|-damage|p2a: Goodra|82/100|[from] Stealth Rock
|move|p1a: Gholdengo|Make It Rain|p2a: Goodra
|-resisted|p2a: Goodra
|-damage|p2a: Goodra|72/100
|-unboost|p1a: Gholdengo|spa|1
|
|upkeep
|turn|10
|
|t:|1758985688
|switch|p1a: Alomomola|Alomomola, F|100/100
|move|p2a: Goodra|Draco Meteor|p1a: Alomomola
|-damage|p1a: Alomomola|45/100
|-unboost|p2a: Goodra|spa|2
|
|upkeep
|turn|11
|
|t:|1758985699
|switch|p2a: Slowking|Slowking, M|100/100
|move|p1a: Alomomola|Flip Turn|p2a: Slowking
|-resisted|p2a: Slowking
|-damage|p2a: Slowking|92/100
|
|t:|1758985708
|switch|p1a: Slither Wing|Slither Wing|77/100|[from] Flip Turn
|
|upkeep
|turn|12
|
|t:|1758985718
|switch|p2a: Skeledirge|Skeledirge, F, tera:Fairy|40/100
|move|p1a: Slither Wing|U-turn|p2a: Skeledirge
|-resisted|p2a: Skeledirge
|-damage|p2a: Skeledirge|21/100
|
|t:|1758985729
|-end|p1a: Slither Wing|Protosynthesis|[silent]
|switch|p1a: Gholdengo|Gholdengo|45/100|[from] U-turn
|
|upkeep
|turn|13
|
|t:|1758985735
|switch|p2a: Goodra|Goodra-Hisui, F|72/100
|-damage|p2a: Goodra|66/100|[from] Stealth Rock
|move|p1a: Gholdengo|Shadow Ball|p2a: Goodra
|-damage|p2a: Goodra|52/100
|
|upkeep
|turn|14
|
|t:|1758985751
|switch|p1a: Alomomola|Alomomola, F|78/100
|switch|p2a: Iron Treads|Iron Treads|100/100
|
|upkeep
|turn|15
|
|t:|1758985759
|move|p2a: Iron Treads|Stealth Rock|p1a: Alomomola
|-sidestart|p1: xw haha|move: Stealth Rock
|move|p1a: Alomomola|Wish|p1a: Alomomola
|
|upkeep
|turn|16
|
|t:|1758985766
|move|p2a: Iron Treads|Rapid Spin|p1a: Alomomola
|-damage|p1a: Alomomola|69/100
|-boost|p2a: Iron Treads|spe|1
|-damage|p2a: Iron Treads|84/100|[from] item: Rocky Helmet|[of] p1a: Alomomola
|-sideend|p2: EditorialMercedes|Stealth Rock|[from] move: Rapid Spin|[of] p2a: Iron Treads
|move|p1a: Alomomola|Flip Turn|p2a: Iron Treads
|-supereffective|p2a: Iron Treads
|-damage|p2a: Iron Treads|54/100
|
|t:|1758985774
|switch|p1a: Corviknight|Corviknight, M|100/100|[from] Flip Turn
|-damage|p1a: Corviknight|88/100|[from] Stealth Rock
|
|-heal|p1a: Corviknight|100/100|[from] move: Wish|[wisher] Alomomola
|upkeep
|turn|17
|
|t:|1758985793
|-end|p2a: Iron Treads|Quark Drive|[silent]
|switch|p2a: Goodra|Goodra-Hisui, F|52/100
|move|p1a: Corviknight|Defog|p2a: Goodra
|-unboost|p2a: Goodra|evasion|1
|-sideend|p1: xw haha|Stealth Rock|[from] move: Defog|[of] p1a: Corviknight
|
|upkeep
|turn|18
|
|t:|1758985800
|move|p1a: Corviknight|U-turn|p2a: Goodra
|-resisted|p2a: Goodra
|-damage|p2a: Goodra|46/100
|
|t:|1758985806
|switch|p1a: Alomomola|Alomomola, F|100/100|[from] U-turn
|move|p2a: Goodra|Ice Beam|p1a: Alomomola
|-resisted|p1a: Alomomola
|-damage|p1a: Alomomola|86/100
|
|upkeep
|turn|19
|
|t:|1758985813
|move|p1a: Alomomola|Wish|p1a: Alomomola
|move|p2a: Goodra|Ice Beam|p1a: Alomomola
|-resisted|p1a: Alomomola
|-damage|p1a: Alomomola|74/100
|
|upkeep
|turn|20
|
|t:|1758985820
|move|p1a: Alomomola|Flip Turn|p2a: Goodra
|-resisted|p2a: Goodra
|-damage|p2a: Goodra|39/100
|
|t:|1758985824
|switch|p1a: Clodsire|Clodsire, M|46/100 brn|[from] Flip Turn
|move|p2a: Goodra|Ice Beam|p1a: Clodsire
|-supereffective|p1a: Clodsire
|-damage|p1a: Clodsire|21/100 brn
|
|-heal|p1a: Clodsire|79/100 brn|[from] move: Wish|[wisher] Alomomola
|-heal|p1a: Clodsire|85/100 brn|[from] item: Black Sludge
|-damage|p1a: Clodsire|79/100 brn|[from] brn
|upkeep
|turn|21
|
|t:|1758985840
|move|p2a: Goodra|Ice Beam|p1a: Clodsire
|-supereffective|p1a: Clodsire
|-damage|p1a: Clodsire|54/100 brn
|move|p1a: Clodsire|Earth Power|p2a: Goodra
|-supereffective|p2a: Goodra
|-damage|p2a: Goodra|27/100
|
|-heal|p1a: Clodsire|60/100 brn|[from] item: Black Sludge
|-damage|p1a: Clodsire|54/100 brn|[from] brn
|upkeep
|turn|22
|
|t:|1758985850
|move|p2a: Goodra|Ice Beam|p1a: Clodsire
|-supereffective|p1a: Clodsire
|-damage|p1a: Clodsire|32/100 brn
|move|p1a: Clodsire|Recover|p1a: Clodsire
|-heal|p1a: Clodsire|82/100 brn
|
|-heal|p1a: Clodsire|88/100 brn|[from] item: Black Sludge
|-damage|p1a: Clodsire|82/100 brn|[from] brn
|upkeep
|turn|23
|
|t:|1758985862
|switch|p1a: Slither Wing|Slither Wing|77/100
|move|p2a: Goodra|Draco Meteor|p1a: Slither Wing
|-damage|p1a: Slither Wing|25/100
|-unboost|p2a: Goodra|spa|2
|
|upkeep
|turn|24
|
|t:|1758985883
|switch|p2a: Mienshao|Mienshao, M|100/100
|move|p1a: Slither Wing|Close Combat|p2a: Mienshao
|-damage|p2a: Mienshao|0 fnt
|-unboost|p1a: Slither Wing|def|1
|-unboost|p1a: Slither Wing|spd|1
|faint|p2a: Mienshao
|
|upkeep
|
|t:|1758985896
|switch|p2a: Meowscarada|Meowscarada, F|100/100
|turn|25
|
|t:|1758985902
|-end|p1a: Slither Wing|Protosynthesis|[silent]
|switch|p1a: Corviknight|Corviknight, M|100/100
|move|p2a: Meowscarada|Flower Trick|p1a: Corviknight
|-start|p2a: Meowscarada|typechange|Grass|[from] ability: Protean
|-resisted|p1a: Corviknight
|-crit|p1a: Corviknight
|-damage|p1a: Corviknight|90/100
|
|-heal|p1a: Corviknight|96/100|[from] item: Leftovers
|upkeep
|turn|26
|
|t:|1758985922
|switch|p2a: Slowking|Slowking, M|100/100
|move|p1a: Corviknight|Brave Bird|p2a: Slowking
|-damage|p2a: Slowking|61/100
|-damage|p1a: Corviknight|83/100|[from] Recoil
|
|-heal|p1a: Corviknight|89/100|[from] item: Leftovers
|upkeep
|turn|27
|
|t:|1758985938
|move|p1a: Corviknight|U-turn|p2a: Slowking
|-supereffective|p2a: Slowking
|-damage|p2a: Slowking|33/100
|
|t:|1758985946
|switch|p1a: Clodsire|Clodsire, M|82/100 brn|[from] U-turn
|move|p2a: Slowking|Future Sight|p1a: Clodsire
|-start|p2a: Slowking|move: Future Sight
|
|-heal|p1a: Clodsire|88/100 brn|[from] item: Black Sludge
|-damage|p1a: Clodsire|82/100 brn|[from] brn
|upkeep
|turn|28
|
|t:|1758985956
|-prepare|p2a: Slowking|Chilly Reception|[premajor]
|move|p2a: Slowking|Chilly Reception|p2a: Slowking
|-weather|Snowscape
|
|t:|1758985963
|switch|p2a: Goodra|Goodra-Hisui, F|27/100|[from] Chilly Reception
|move|p1a: Clodsire|Stealth Rock|p2a: Goodra
|-sidestart|p2: EditorialMercedes|move: Stealth Rock
|
|-weather|Snowscape|[upkeep]
|-heal|p1a: Clodsire|88/100 brn|[from] item: Black Sludge
|-damage|p1a: Clodsire|82/100 brn|[from] brn
|upkeep
|turn|29
|
|t:|1758985974
|move|p2a: Goodra|Draco Meteor|p1a: Clodsire
|-damage|p1a: Clodsire|57/100 brn
|-unboost|p2a: Goodra|spa|2
|move|p1a: Clodsire|Earth Power|p2a: Goodra
|-supereffective|p2a: Goodra
|-damage|p2a: Goodra|15/100
|
|-weather|Snowscape|[upkeep]
|-end|p1a: Clodsire|move: Future Sight
|-supereffective|p1a: Clodsire
|-damage|p1a: Clodsire|15/100 brn
|-heal|p1a: Clodsire|21/100 brn|[from] item: Black Sludge
|-damage|p1a: Clodsire|15/100 brn|[from] brn
|upkeep
|turn|30
|
|t:|1758985988
|switch|p1a: Alomomola|Alomomola, F|100/100
|move|p2a: Goodra|Draco Meteor|p1a: Alomomola
|-damage|p1a: Alomomola|73/100
|-unboost|p2a: Goodra|spa|2
|
|-weather|Snowscape|[upkeep]
|upkeep
|turn|31
|
|t:|1758985997
|switch|p2a: Slowking|Slowking, M|66/100
|move|p1a: Alomomola|Wish|p1a: Alomomola
|
|-weather|Snowscape|[upkeep]
|upkeep
|turn|32
|
|t:|1758986004
|move|p1a: Alomomola|Flip Turn|p2a: Slowking
|-resisted|p2a: Slowking
|-damage|p2a: Slowking|58/100
|
|t:|1758986010
|switch|p1a: Slither Wing|Slither Wing|25/100|[from] Flip Turn
|move|p2a: Slowking|Future Sight|p1a: Slither Wing
|-start|p2a: Slowking|move: Future Sight
|
|-weather|none
|-heal|p1a: Slither Wing|100/100|[from] move: Wish|[wisher] Alomomola
|upkeep
|turn|33
|
|t:|1758986019
|switch|p2a: Goodra|Goodra-Hisui, F|15/100
|-damage|p2a: Goodra|8/100|[from] Stealth Rock
|move|p1a: Slither Wing|U-turn|p2a: Goodra
|-resisted|p2a: Goodra
|-damage|p2a: Goodra|0 fnt
|faint|p2a: Goodra
|
|t:|1758986027
|-end|p1a: Slither Wing|Protosynthesis|[silent]
|switch|p1a: Corviknight|Corviknight, M|89/100|[from] U-turn
|
|-heal|p1a: Corviknight|96/100|[from] item: Leftovers
|upkeep
|
|t:|1758986034
|switch|p2a: Iron Treads|Iron Treads|54/100
|turn|34
|
|t:|1758986041
|move|p2a: Iron Treads|Rapid Spin|p1a: Corviknight
|-resisted|p1a: Corviknight
|-damage|p1a: Corviknight|91/100
|-boost|p2a: Iron Treads|spe|1
|-sideend|p2: EditorialMercedes|Stealth Rock|[from] move: Rapid Spin|[of] p2a: Iron Treads
|move|p1a: Corviknight|U-turn|p2a: Iron Treads
|-resisted|p2a: Iron Treads
|-crit|p2a: Iron Treads
|-damage|p2a: Iron Treads|44/100
|
|t:|1758986052
|switch|p1a: Alomomola|Alomomola, F|100/100|[from] U-turn
|
|-end|p1a: Alomomola|move: Future Sight
|-damage|p1a: Alomomola|53/100
|upkeep
|turn|35
|
|t:|1758986060
|-end|p2a: Iron Treads|Quark Drive|[silent]
|switch|p2a: Meowscarada|Meowscarada, F|100/100
|move|p1a: Alomomola|Scald|p2a: Meowscarada
|-resisted|p2a: Meowscarada
|-damage|p2a: Meowscarada|91/100
|
|upkeep
|turn|36
|
|t:|1758986069
|switch|p1a: Corviknight|Corviknight, M|91/100
|move|p2a: Meowscarada|Knock Off|p1a: Corviknight
|-start|p2a: Meowscarada|typechange|Dark|[from] ability: Protean
|-damage|p1a: Corviknight|51/100
|-enditem|p1a: Corviknight|Leftovers|[from] move: Knock Off|[of] p2a: Meowscarada
|
|upkeep
|turn|37
|
|t:|1758986078
|switch|p2a: Slowking|Slowking, M|91/100
|move|p1a: Corviknight|Roost|p1a: Corviknight
|-heal|p1a: Corviknight|100/100
|-singleturn|p1a: Corviknight|move: Roost
|
|upkeep
|turn|38
|
|t:|1758986090
|move|p1a: Corviknight|U-turn|p2a: Slowking
|-supereffective|p2a: Slowking
|-damage|p2a: Slowking|58/100
|
|t:|1758986097
|switch|p1a: Slither Wing|Slither Wing|100/100|[from] U-turn
|move|p2a: Slowking|Future Sight|p1a: Slither Wing
|-start|p2a: Slowking|move: Future Sight
|
|upkeep
|turn|39
|
|t:|1758986106
|switch|p2a: Iron Treads|Iron Treads|44/100
|move|p1a: Slither Wing|Close Combat|p2a: Iron Treads
|-supereffective|p2a: Iron Treads
|-damage|p2a: Iron Treads|0 fnt
|-unboost|p1a: Slither Wing|def|1
|-unboost|p1a: Slither Wing|spd|1
|faint|p2a: Iron Treads
|-end|p2a: Iron Treads|Quark Drive|[silent]
|
|upkeep
|
|t:|1758986114
|switch|p2a: Skeledirge|Skeledirge, F, tera:Fairy|21/100
|turn|40
|
|t:|1758986120
|move|p1a: Slither Wing|Close Combat|p2a: Skeledirge
|-resisted|p2a: Skeledirge
|-damage|p2a: Skeledirge|0 fnt
|-unboost|p1a: Slither Wing|def|1
|-unboost|p1a: Slither Wing|spd|1
|faint|p2a: Skeledirge
|
|-end|p1a: Slither Wing|move: Future Sight
|-supereffective|p1a: Slither Wing
|-damage|p1a: Slither Wing|0 fnt
|faint|p1a: Slither Wing
|-end|p1a: Slither Wing|Protosynthesis|[silent]
|upkeep
|
|t:|1758986135
|switch|p1a: Alomomola|Alomomola, F|87/100
|switch|p2a: Slowking|Slowking, M|91/100
|turn|41
|
|t:|1758986142
|move|p1a: Alomomola|Wish|p1a: Alomomola
|move|p2a: Slowking|Future Sight|p1a: Alomomola
|-start|p2a: Slowking|move: Future Sight
|
|upkeep
|turn|42
|
|t:|1758986146
|move|p1a: Alomomola|Flip Turn|p2a: Slowking
|-resisted|p2a: Slowking
|-damage|p2a: Slowking|83/100
|
|t:|1758986150
|switch|p1a: Gholdengo|Gholdengo|45/100|[from] Flip Turn
|move|p2a: Slowking|Scald|p1a: Gholdengo
|-damage|p1a: Gholdengo|18/100
|
|-heal|p1a: Gholdengo|89/100|[from] move: Wish|[wisher] Alomomola
|upkeep
|turn|43
|
|t:|1758986170
|move|p1a: Gholdengo|Make It Rain|p2a: Slowking
|-resisted|p2a: Slowking
|-crit|p2a: Slowking
|-damage|p2a: Slowking|57/100
|-unboost|p1a: Gholdengo|spa|1
|-prepare|p2a: Slowking|Chilly Reception|[premajor]
|move|p2a: Slowking|Chilly Reception|p2a: Slowking
|-weather|Snowscape
|
|t:|1758986178
|switch|p2a: Meowscarada|Meowscarada, F|91/100|[from] Chilly Reception
|
|-weather|Snowscape|[upkeep]
|-end|p1a: Gholdengo|move: Future Sight
|-resisted|p1a: Gholdengo
|-damage|p1a: Gholdengo|68/100
|upkeep
|turn|44
|
|t:|1758986187
|switch|p1a: Corviknight|Corviknight, M|100/100
|move|p2a: Meowscarada|Knock Off|p1a: Corviknight
|-start|p2a: Meowscarada|typechange|Dark|[from] ability: Protean
|-damage|p1a: Corviknight|74/100
|
|-weather|Snowscape|[upkeep]
|upkeep
|turn|45
|-message|EditorialMercedes forfeited.
|
|win|xw haha
|raw|xw haha's rating: 1346 &rarr; <strong>1365</strong><br />(+19 for winning)
|raw|EditorialMercedes's rating: 1335 &rarr; <strong>1316</strong><br />(-19 for losing)
|l|☆EditorialMercedes
|player|p2|
|l|☆xw haha
|player|p1|
|j|☆xw haha
|player|p1|xw haha|volkner|
|l|☆xw haha
|player|p1|
