|j|☆I AM AMPD 2 PLAY
|j|☆LousiV
|t:|1759021900
|gametype|singles
|player|p1|I AM AMPD 2 PLAY|1|1333
|player|p2|LousiV|ltsurge|1289
|gen|9
|tier|[Gen 9] OU
|rated|
|rule|HP Percentage Mod: HP is shown in percentages
|rule|Endless Battle Clause: Forcing endless battles is banned
|rule|Species Clause: Limit one of each Pokémon
|rule|OHKO Clause: OHKO moves are banned
|rule|Evasion Items Clause: Evasion items are banned
|rule|Evasion Moves Clause: Evasion moves are banned
|rule|Evasion Abilities Clause: Evasion abilities are banned
|rule|Sleep Moves Clause: Sleep-inducing moves are banned
|clearpoke
|poke|p1|Ogerpon-Wellspring, F|
|poke|p1|Kingambit, F|
|poke|p1|Landorus-Therian, M|
|poke|p1|Glimmora, M|
|poke|p1|Dragapult, F|
|poke|p1|Iron Valiant|
|poke|p2|Reuniclus, M|
|poke|p2|Conkeldurr, M|
|poke|p2|Thundurus, M|
|poke|p2|Dusknoir, M|
|poke|p2|Forretress, M|
|poke|p2|Azumarill, F|
|teampreview
|inactive|Battle timer is ON: inactive players will automatically lose when time's up. (requested by LousiV)
|
|t:|1759021911
|teamsize|p1|6
|teamsize|p2|6
|start
|switch|p1a: Glimmora|Glimmora, M|100/100
|switch|p2a: Dusknoir|Dusknoir, M|100/100
|-ability|p2a: Dusknoir|Pressure
|turn|1
|
|t:|1759021917
|move|p1a: Glimmora|Spikes|p2a: Dusknoir
|-sidestart|p2: LousiV|Spikes
|move|p2a: Dusknoir|Poltergeist|p1a: Glimmora
|-activate|p1a: Glimmora|move: Poltergeist|Power Herb
|-damage|p1a: Glimmora|58/100
|-activate|p1a: Glimmora|ability: Toxic Debris
|-sidestart|p2: LousiV|move: Toxic Spikes
|
|upkeep
|turn|2
|
|t:|1759021936
|move|p1a: Glimmora|Meteor Beam||[still]
|-prepare|p1a: Glimmora|Meteor Beam
|-boost|p1a: Glimmora|spa|1
|-enditem|p1a: Glimmora|Power Herb
|-anim|p1a: Glimmora|Meteor Beam|p2a: Dusknoir
|-damage|p2a: Dusknoir|31/100
|move|p2a: Dusknoir|Poltergeist||[still]
|-fail|p2a: Dusknoir
|
|-heal|p2a: Dusknoir|37/100|[from] item: Leftovers
|upkeep
|turn|3
|
|t:|1759021943
|move|p1a: Glimmora|Spikes|p2a: Dusknoir
|-sidestart|p2: LousiV|Spikes
|move|p2a: Dusknoir|Pain Split|p1a: Glimmora
|-sethp|p1a: Glimmora|47/100|[from] move: Pain Split|[silent]
|-sethp|p2a: Dusknoir|49/100|[from] move: Pain Split
|
|-heal|p2a: Dusknoir|55/100|[from] item: Leftovers
|upkeep
|turn|4
|
|t:|1759021946
|move|p1a: Glimmora|Spikes|p2a: Dusknoir
|-sidestart|p2: LousiV|Spikes
|move|p2a: Dusknoir|Trick Room|p2a: Dusknoir
|-fieldstart|move: Trick Room|[of] p2a: Dusknoir
|
|-heal|p2a: Dusknoir|61/100|[from] item: Leftovers
|upkeep
|turn|5
|
|t:|1759021950
|move|p2a: Dusknoir|Poltergeist||[still]
|-fail|p2a: Dusknoir
|move|p1a: Glimmora|Earth Power|p2a: Dusknoir
|-damage|p2a: Dusknoir|26/100
|
|-heal|p2a: Dusknoir|32/100|[from] item: Leftovers
|upkeep
|turn|6
|
|t:|1759021954
|switch|p2a: Forretress|Forretress, M|100/100
|-damage|p2a: Forretress|76/100|[from] Spikes
|move|p1a: Glimmora|Earth Power|p2a: Forretress
|-damage|p2a: Forretress|0 fnt
|faint|p2a: Forretress
|
|upkeep
|
|t:|1759021962
|switch|p2a: Conkeldurr|Conkeldurr, M|100/100
|-damage|p2a: Conkeldurr|76/100|[from] Spikes
|-status|p2a: Conkeldurr|psn
|turn|7
|
|t:|1759021972
|move|p2a: Conkeldurr|Earthquake|p1a: Glimmora
|-supereffective|p1a: Glimmora
|-damage|p1a: Glimmora|0 fnt
|-activate|p1a: Glimmora|ability: Toxic Debris
|-sidestart|p2: LousiV|move: Toxic Spikes
|faint|p1a: Glimmora
|
|-damage|p2a: Conkeldurr|63/100 psn|[from] psn
|upkeep
|
|t:|1759021980
|switch|p1a: Landorus|Landorus-Therian, M|100/100
|-ability|p1a: Landorus|Intimidate|boost
|-unboost|p2a: Conkeldurr|atk|1
|turn|8
|
|t:|1759021985
|move|p2a: Conkeldurr|Facade|p1a: Landorus
|-damage|p1a: Landorus|42/100
|-damage|p2a: Conkeldurr|47/100 psn|[from] item: Rocky Helmet|[of] p1a: Landorus
|move|p1a: Landorus|Stealth Rock|p2a: Conkeldurr
|-sidestart|p2: LousiV|move: Stealth Rock
|
|-damage|p2a: Conkeldurr|34/100 psn|[from] psn
|-fieldend|move: Trick Room
|upkeep
|turn|9
|
|t:|1759021989
|move|p1a: Landorus|Earthquake|p2a: Conkeldurr
|-damage|p2a: Conkeldurr|0 fnt
|faint|p2a: Conkeldurr
|
|upkeep
|
|t:|1759021993
|switch|p2a: Reuniclus|Reuniclus, M|100/100
|-status|p2a: Reuniclus|tox
|turn|10
|
|t:|1759021997
|move|p1a: Landorus|Taunt|p2a: Reuniclus
|-start|p2a: Reuniclus|move: Taunt
|cant|p2a: Reuniclus|move: Taunt|Trick Room
|
|upkeep
|turn|11
|
|t:|1759022000
|move|p1a: Landorus|U-turn|p2a: Reuniclus
|-supereffective|p2a: Reuniclus
|-damage|p2a: Reuniclus|57/100 tox
|
|t:|1759022004
|switch|p1a: Kingambit|Kingambit, F|100/100|[from] U-turn
|-activate|p1a: Kingambit|ability: Supreme Overlord
|-start|p1a: Kingambit|fallen1|[silent]
|move|p2a: Reuniclus|Psychic Noise|p1a: Kingambit
|-immune|p1a: Kingambit
|
|upkeep
|turn|12
|
|t:|1759022010
|move|p1a: Kingambit|Kowtow Cleave|p2a: Reuniclus
|-supereffective|p2a: Reuniclus
|-damage|p2a: Reuniclus|0 fnt
|faint|p2a: Reuniclus
|
|upkeep
|
|t:|1759022013
|switch|p2a: Azumarill|Azumarill, F|100/100
|-damage|p2a: Azumarill|75/100|[from] Spikes
|-status|p2a: Azumarill|tox
|-damage|p2a: Azumarill|63/100 tox|[from] Stealth Rock
|turn|13
|
|t:|1759022016
|move|p1a: Kingambit|Iron Head|p2a: Azumarill
|-crit|p2a: Azumarill
|-damage|p2a: Azumarill|0 fnt
|faint|p2a: Azumarill
|
|upkeep
|-message|LousiV forfeited.
|
|win|I AM AMPD 2 PLAY
|raw|I AM AMPD 2 PLAY's rating: 1333 &rarr; <strong>1350</strong><br />(+17 for winning)
|raw|LousiV's rating: 1289 &rarr; <strong>1267</strong><br />(-22 for losing)
|l|☆LousiV
|player|p2|
|l|☆I AM AMPD 2 PLAY
|player|p1|
