|j|☆xvosss1232
|j|☆boxhero147
|t:|1758919162
|gametype|singles
|player|p1|xvosss1232|169|1396
|player|p2|boxhero147|veteran|1403
|gen|9
|tier|[Gen 9] OU
|rated|
|rule|HP Percentage Mod: HP is shown in percentages
|rule|Endless Battle Clause: Forcing endless battles is banned
|rule|Species Clause: Limit one of each Pokémon
|rule|OHKO Clause: OHKO moves are banned
|rule|Evasion Items Clause: Evasion items are banned
|rule|Evasion Moves Clause: Evasion moves are banned
|rule|Evasion Abilities Clause: Evasion abilities are banned
|rule|Sleep Moves Clause: Sleep-inducing moves are banned
|clearpoke
|poke|p1|Ribombee, F|
|poke|p1|Gholdengo|
|poke|p1|Great Tusk|
|poke|p1|Raging Bolt|
|poke|p1|Ogerpon-Cornerstone, F|
|poke|p1|Ceruledge, M|
|poke|p2|Landorus-Therian, M|
|poke|p2|Zamazenta-*|
|poke|p2|Scizor, M|
|poke|p2|Samurott-Hisui, F|
|poke|p2|Pecharunt|
|poke|p2|Latios, M|
|teampreview
|
|t:|1758919176
|teamsize|p1|6
|teamsize|p2|6
|start
|switch|p1a: TORE UP|Ceruledge, M, shiny|100/100
|switch|p2a: Scizor|Scizor, M|100/100
|turn|1
|
|t:|1758919183
|move|p1a: TORE UP|Swords Dance|p1a: TORE UP
|-boost|p1a: TORE UP|atk|2
|move|p2a: Scizor|Knock Off|p1a: TORE UP
|-supereffective|p1a: TORE UP
|-enditem|p1a: TORE UP|Focus Sash
|-damage|p1a: TORE UP|1/100
|-ability|p1a: TORE UP|Weak Armor|boost
|-unboost|p1a: TORE UP|def|1
|-boost|p1a: TORE UP|spe|2
|
|upkeep
|turn|2
|
|t:|1758919192
|switch|p2a: Landorus|Landorus-Therian, M|100/100
|-ability|p2a: Landorus|Intimidate|boost
|-unboost|p1a: TORE UP|atk|1
|move|p1a: TORE UP|Shadow Sneak|p2a: Landorus
|-damage|p2a: Landorus|70/100
|-damage|p1a: TORE UP|0 fnt|[from] item: Rocky Helmet|[of] p2a: Landorus
|faint|p1a: TORE UP
|
|upkeep
|
|t:|1758919204
|switch|p1a: BROTHER STONE|Ogerpon-Cornerstone, F|100/100
|turn|3
|c|☆xvosss1232|Damn
|
|t:|1758919219
|move|p1a: BROTHER STONE|Ivy Cudgel|p2a: Landorus|[anim] Ivy Cudgel Rock
|-damage|p2a: Landorus|11/100
|move|p2a: Landorus|U-turn|p1a: BROTHER STONE
|-supereffective|p1a: BROTHER STONE
|-damage|p1a: BROTHER STONE|47/100
|inactive|Battle timer is ON: inactive players will automatically lose when time's up. (requested by xvosss1232)
|
|t:|1758919243
|switch|p2a: Scizor|Scizor, M|100/100|[from] U-turn
|
|upkeep
|turn|4
|
|t:|1758919249
|switch|p1a: KRYPTONITE|Gholdengo, shiny|100/100
|-item|p1a: KRYPTONITE|Air Balloon
|move|p2a: Scizor|U-turn|p1a: KRYPTONITE
|-resisted|p1a: KRYPTONITE
|-damage|p1a: KRYPTONITE|86/100
|-enditem|p1a: KRYPTONITE|Air Balloon
|
|t:|1758919253
|switch|p2a: Samurott|Samurott-Hisui, F|100/100|[from] U-turn
|
|upkeep
|turn|5
|
|t:|1758919259
|move|p2a: Samurott|Ceaseless Edge|p1a: KRYPTONITE
|-supereffective|p1a: KRYPTONITE
|-damage|p1a: KRYPTONITE|0 fnt
|-sidestart|p1: xvosss1232|Spikes
|faint|p1a: KRYPTONITE
|
|upkeep
|
|t:|1758919263
|switch|p1a: BANDIT|Great Tusk, shiny|100/100
|-damage|p1a: BANDIT|88/100|[from] Spikes
|-enditem|p1a: BANDIT|Booster Energy
|-activate|p1a: BANDIT|ability: Protosynthesis|[fromitem]
|-start|p1a: BANDIT|protosynthesisatk
|turn|6
|
|t:|1758919278
|switch|p2a: Landorus|Landorus-Therian, M|11/100
|-ability|p2a: Landorus|Intimidate|boost
|-unboost|p1a: BANDIT|atk|1
|move|p1a: BANDIT|Headlong Rush|p2a: Landorus
|-immune|p2a: Landorus
|
|upkeep
|turn|7
|
|t:|1758919285
|switch|p2a: Pecharunt|Pecharunt|100/100
|move|p1a: BANDIT|Ice Spinner|p2a: Pecharunt
|-damage|p2a: Pecharunt|88/100
|
|upkeep
|turn|8
|
|t:|1758919301
|move|p1a: BANDIT|Ice Spinner|p2a: Pecharunt
|-damage|p2a: Pecharunt|76/100
|move|p2a: Pecharunt|Malignant Chain|p1a: BANDIT
|-resisted|p1a: BANDIT
|-damage|p1a: BANDIT|65/100
|-status|p1a: BANDIT|tox
|-start|p1a: BANDIT|confusion|[from] ability: Poison Puppeteer|[of] p2a: Pecharunt
|
|-damage|p1a: BANDIT|59/100 tox|[from] psn
|upkeep
|turn|9
|
|t:|1758919318
|-activate|p1a: BANDIT|confusion
|move|p1a: BANDIT|Headlong Rush|p2a: Pecharunt
|-supereffective|p2a: Pecharunt
|-damage|p2a: Pecharunt|25/100
|-unboost|p1a: BANDIT|def|1
|-unboost|p1a: BANDIT|spd|1
|move|p2a: Pecharunt|Hex|p1a: BANDIT
|-damage|p1a: BANDIT|0 fnt
|faint|p1a: BANDIT
|-end|p1a: BANDIT|Protosynthesis|[silent]
|
|upkeep
|
|t:|1758919333
|switch|p1a: BROTHER STONE|Ogerpon-Cornerstone, F|47/100
|-damage|p1a: BROTHER STONE|35/100|[from] Spikes
|turn|10
|
|t:|1758919337
|move|p1a: BROTHER STONE|Ivy Cudgel|p2a: Pecharunt|[anim] Ivy Cudgel Rock
|-damage|p2a: Pecharunt|0 fnt
|faint|p2a: Pecharunt
|
|upkeep
|
|t:|1758919340
|switch|p2a: Landorus|Landorus-Therian, M|11/100
|-ability|p2a: Landorus|Intimidate|boost
|-unboost|p1a: BROTHER STONE|atk|1
|turn|11
|
|t:|1758919346
|move|p1a: BROTHER STONE|Ivy Cudgel|p2a: Landorus|[anim] Ivy Cudgel Rock
|-damage|p2a: Landorus|0 fnt
|faint|p2a: Landorus
|
|upkeep
|
|t:|1758919351
|switch|p2a: Samurott|Samurott-Hisui, F|100/100
|turn|12
|
|t:|1758919354
|move|p2a: Samurott|Razor Shell|p1a: BROTHER STONE
|-damage|p1a: BROTHER STONE|0 fnt
|faint|p1a: BROTHER STONE
|
|upkeep
|
|t:|1758919360
|switch|p1a: GREAT NECK|Raging Bolt|100/100
|-damage|p1a: GREAT NECK|88/100|[from] Spikes
|-enditem|p1a: GREAT NECK|Booster Energy
|-activate|p1a: GREAT NECK|ability: Protosynthesis|[fromitem]
|-start|p1a: GREAT NECK|protosynthesisspa
|turn|13
|
|t:|1758919366
|move|p2a: Samurott|Razor Shell|p1a: GREAT NECK
|-resisted|p1a: GREAT NECK
|-damage|p1a: GREAT NECK|62/100
|move|p1a: GREAT NECK|Calm Mind|p1a: GREAT NECK
|-boost|p1a: GREAT NECK|spa|1
|-boost|p1a: GREAT NECK|spd|1
|
|upkeep
|turn|14
|
|t:|1758919374
|switch|p2a: Latios|Latios, M|100/100
|move|p1a: GREAT NECK|Thunderclap||[still]
|-fail|p1a: GREAT NECK
|
|upkeep
|turn|15
|
|t:|1758919380
|-terastallize|p1a: GREAT NECK|Bug
|move|p2a: Latios|Luster Purge|p1a: GREAT NECK
|-damage|p1a: GREAT NECK|24/100
|move|p1a: GREAT NECK|Dragon Pulse|p2a: Latios
|-supereffective|p2a: Latios
|-damage|p2a: Latios|0 fnt
|faint|p2a: Latios
|
|upkeep
|
|t:|1758919386
|switch|p2a: Scizor|Scizor, M|100/100
|turn|16
|
|t:|1758919390
|-terastallize|p2a: Scizor|Steel
|move|p1a: GREAT NECK|Thunderclap|p2a: Scizor
|-damage|p2a: Scizor|0 fnt
|faint|p2a: Scizor
|
|upkeep
|
|t:|1758919394
|switch|p2a: Zamazenta|Zamazenta|100/100
|-ability|p2a: Zamazenta|Dauntless Shield|boost
|-boost|p2a: Zamazenta|def|1
|turn|17
|
|t:|1758919399
|move|p2a: Zamazenta|Body Press|p1a: GREAT NECK
|-resisted|p1a: GREAT NECK
|-damage|p1a: GREAT NECK|2/100
|move|p1a: GREAT NECK|Thunderbolt|p2a: Zamazenta
|-damage|p2a: Zamazenta|23/100
|
|-heal|p2a: Zamazenta|29/100|[from] item: Leftovers
|upkeep
|turn|18
|
|t:|1758919407
|move|p1a: GREAT NECK|Thunderclap||[still]
|-fail|p1a: GREAT NECK
|move|p2a: Zamazenta|Iron Defense|p2a: Zamazenta
|-boost|p2a: Zamazenta|def|2
|
|-heal|p2a: Zamazenta|35/100|[from] item: Leftovers
|upkeep
|turn|19
|
|t:|1758919413
|move|p1a: GREAT NECK|Thunderclap||[still]
|-fail|p1a: GREAT NECK
|move|p2a: Zamazenta|Iron Defense|p2a: Zamazenta
|-boost|p2a: Zamazenta|def|2
|
|-heal|p2a: Zamazenta|41/100|[from] item: Leftovers
|upkeep
|turn|20
|
|t:|1758919419
|move|p2a: Zamazenta|Iron Defense|p2a: Zamazenta
|-boost|p2a: Zamazenta|def|1
|move|p1a: GREAT NECK|Thunderbolt|p2a: Zamazenta
|-damage|p2a: Zamazenta|0 fnt
|faint|p2a: Zamazenta
|
|upkeep
|
|t:|1758919421
|switch|p2a: Samurott|Samurott-Hisui, F|100/100
|turn|21
|
|t:|1758919426
|move|p1a: GREAT NECK|Thunderclap|p2a: Samurott
|-supereffective|p2a: Samurott
|-damage|p2a: Samurott|0 fnt
|faint|p2a: Samurott
|
|win|xvosss1232
|raw|xvosss1232's rating: 1396 &rarr; <strong>1416</strong><br />(+20 for winning)
|raw|boxhero147's rating: 1403 &rarr; <strong>1383</strong><br />(-20 for losing)
|l|☆boxhero147
|player|p2|
|c|☆xvosss1232|Gg
