|j|☆kioblack
|j|☆Sauronikov
|t:|1758988923
|gametype|singles
|player|p1|kioblack|1|1129
|player|p2|Sauronikov|101|1179
|gen|9
|tier|[Gen 9] OU
|rated|
|rule|HP Percentage Mod: HP is shown in percentages
|rule|Endless Battle Clause: Forcing endless battles is banned
|rule|Species Clause: Limit one of each Pokémon
|rule|OHKO Clause: OHKO moves are banned
|rule|Evasion Items Clause: Evasion items are banned
|rule|Evasion Moves Clause: Evasion moves are banned
|rule|Evasion Abilities Clause: Evasion abilities are banned
|rule|Sleep Moves Clause: Sleep-inducing moves are banned
|clearpoke
|poke|p1|Iron Crown|
|poke|p1|Pincurchin, F|
|poke|p1|Yanmega, F|
|poke|p1|Weezing-Galar, M|
|poke|p1|Great Tusk|
|poke|p1|Skeledirge, F|
|poke|p2|Grimmsnarl, M|
|poke|p2|Rhyperior, M|
|poke|p2|Revavroom, M|
|poke|p2|Kommo-o, F|
|poke|p2|Torterra, F|
|poke|p2|Blaziken, M|
|teampreview
|
|t:|1758988931
|teamsize|p1|6
|teamsize|p2|6
|start
|switch|p1a: Yanmega|Yanmega, F|100/100
|switch|p2a: Grimmsnarl|Grimmsnarl, M, shiny|100/100
|turn|1
|
|t:|1758988943
|move|p2a: Grimmsnarl|Taunt|p1a: Yanmega
|-start|p1a: Yanmega|move: Taunt
|move|p1a: Yanmega|Bug Buzz|p2a: Grimmsnarl
|-damage|p2a: Grimmsnarl|62/100
|
|-ability|p1a: Yanmega|Speed Boost|boost
|-boost|p1a: Yanmega|spe|1
|upkeep
|turn|2
|
|t:|1758988952
|move|p2a: Grimmsnarl|Light Screen|p2a: Grimmsnarl
|-sidestart|p2: Sauronikov|move: Light Screen
|move|p1a: Yanmega|Bug Buzz|p2a: Grimmsnarl
|-damage|p2a: Grimmsnarl|43/100
|-unboost|p2a: Grimmsnarl|spd|1
|
|-ability|p1a: Yanmega|Speed Boost|boost
|-boost|p1a: Yanmega|spe|1
|upkeep
|turn|3
|
|t:|1758988960
|move|p2a: Grimmsnarl|Parting Shot|p1a: Yanmega
|-unboost|p1a: Yanmega|atk|1
|-unboost|p1a: Yanmega|spa|1
|
|t:|1758988963
|switch|p2a: Rhyperior|Rhyperior, M, shiny|100/100|[from] Parting Shot
|move|p1a: Yanmega|Bug Buzz|p2a: Rhyperior
|-damage|p2a: Rhyperior|78/100
|-unboost|p2a: Rhyperior|spd|1
|
|-end|p1a: Yanmega|move: Taunt
|-ability|p1a: Yanmega|Speed Boost|boost
|-boost|p1a: Yanmega|spe|1
|upkeep
|turn|4
|
|t:|1758988975
|move|p1a: Yanmega|Protect|p1a: Yanmega
|-singleturn|p1a: Yanmega|Protect
|move|p2a: Rhyperior|Rock Polish|p2a: Rhyperior
|-boost|p2a: Rhyperior|spe|2
|
|-ability|p1a: Yanmega|Speed Boost|boost
|-boost|p1a: Yanmega|spe|1
|upkeep
|turn|5
|
|t:|1758988986
|switch|p1a: Weezing|Weezing-Galar, M|100/100
|-ability|p1a: Weezing|Neutralizing Gas
|move|p2a: Rhyperior|Heat Crash|p1a: Weezing
|-damage|p1a: Weezing|73/100
|
|upkeep
|turn|6
|
|t:|1758988996
|-terastallize|p2a: Rhyperior|Fire
|move|p2a: Rhyperior|Heat Crash|p1a: Weezing
|-damage|p1a: Weezing|31/100
|move|p1a: Weezing|Will-O-Wisp|p2a: Rhyperior
|-immune|p2a: Rhyperior
|
|upkeep
|turn|7
|
|t:|1758989006
|move|p2a: Rhyperior|Heat Crash|p1a: Weezing
|-crit|p1a: Weezing
|-damage|p1a: Weezing|0 fnt
|faint|p1a: Weezing
|-end|p1a: Weezing|ability: Neutralizing Gas
|
|upkeep
|
|t:|1758989020
|switch|p1a: Great Tusk|Great Tusk|100/100
|turn|8
|
|t:|1758989026
|-terastallize|p1a: Great Tusk|Water
|move|p2a: Rhyperior|Ice Punch|p1a: Great Tusk
|-resisted|p1a: Great Tusk
|-damage|p1a: Great Tusk|93/100
|-damage|p2a: Rhyperior|61/100|[from] item: Rocky Helmet|[of] p1a: Great Tusk
|move|p1a: Great Tusk|Headlong Rush|p2a: Rhyperior
|-supereffective|p2a: Rhyperior
|-damage|p2a: Rhyperior|7/100
|-unboost|p1a: Great Tusk|def|1
|-unboost|p1a: Great Tusk|spd|1
|-enditem|p2a: Rhyperior|Weakness Policy
|-boost|p2a: Rhyperior|atk|2|[from] item: Weakness Policy
|-boost|p2a: Rhyperior|spa|2|[from] item: Weakness Policy
|
|upkeep
|turn|9
|
|t:|1758989040
|move|p2a: Rhyperior|Earthquake|p1a: Great Tusk
|-damage|p1a: Great Tusk|0 fnt
|faint|p1a: Great Tusk
|-end|p1a: Great Tusk|Protosynthesis|[silent]
|
|-sideend|p2: Sauronikov|move: Light Screen
|upkeep
|
|t:|1758989059
|switch|p1a: Yanmega|Yanmega, F|100/100
|turn|10
|
|t:|1758989062
|move|p1a: Yanmega|Protect|p1a: Yanmega
|-singleturn|p1a: Yanmega|Protect
|move|p2a: Rhyperior|Heat Crash|p1a: Yanmega
|-activate|p1a: Yanmega|move: Protect
|
|-ability|p1a: Yanmega|Speed Boost|boost
|-boost|p1a: Yanmega|spe|1
|upkeep
|turn|11
|
|t:|1758989073
|move|p2a: Rhyperior|Heat Crash|p1a: Yanmega
|-supereffective|p1a: Yanmega
|-enditem|p1a: Yanmega|Focus Sash
|-damage|p1a: Yanmega|1/100
|move|p1a: Yanmega|Air Slash|p2a: Rhyperior
|-damage|p2a: Rhyperior|0 fnt
|faint|p2a: Rhyperior
|
|-ability|p1a: Yanmega|Speed Boost|boost
|-boost|p1a: Yanmega|spe|1
|upkeep
|
|t:|1758989076
|switch|p2a: Grimmsnarl|Grimmsnarl, M, shiny|43/100
|turn|12
|
|t:|1758989086
|move|p2a: Grimmsnarl|Light Screen|p2a: Grimmsnarl
|-sidestart|p2: Sauronikov|move: Light Screen
|move|p1a: Yanmega|Bug Buzz|p2a: Grimmsnarl
|-damage|p2a: Grimmsnarl|24/100
|
|-ability|p1a: Yanmega|Speed Boost|boost
|-boost|p1a: Yanmega|spe|1
|upkeep
|turn|13
|
|t:|1758989093
|move|p2a: Grimmsnarl|Parting Shot|p1a: Yanmega
|-unboost|p1a: Yanmega|atk|1
|-unboost|p1a: Yanmega|spa|1
|
|t:|1758989095
|switch|p2a: Revavroom|Revavroom, M, shiny|100/100|[from] Parting Shot
|move|p1a: Yanmega|Bug Buzz|p2a: Revavroom
|-resisted|p2a: Revavroom
|-damage|p2a: Revavroom|95/100
|
|-ability|p1a: Yanmega|Speed Boost|boost
|-boost|p1a: Yanmega|spe|1
|upkeep
|turn|14
|
|t:|1758989106
|move|p1a: Yanmega|Air Slash|p2a: Revavroom
|-resisted|p2a: Revavroom
|-damage|p2a: Revavroom|86/100
|move|p2a: Revavroom|Shift Gear|p2a: Revavroom
|-boost|p2a: Revavroom|spe|2
|-boost|p2a: Revavroom|atk|1
|
|-ability|p1a: Yanmega|Speed Boost|boost
|-boost|p1a: Yanmega|spe|1
|upkeep
|turn|15
|
|t:|1758989115
|move|p1a: Yanmega|U-turn|p2a: Revavroom
|-resisted|p2a: Revavroom
|-damage|p2a: Revavroom|84/100
|
|t:|1758989118
|switch|p1a: Skeledirge|Skeledirge, F|100/100|[from] U-turn
|move|p2a: Revavroom|Temper Flare|p1a: Skeledirge
|-resisted|p1a: Skeledirge
|-damage|p1a: Skeledirge|90/100
|
|upkeep
|turn|16
|
|t:|1758989127
|move|p2a: Revavroom|High Horsepower|p1a: Skeledirge
|-supereffective|p1a: Skeledirge
|-damage|p1a: Skeledirge|30/100
|move|p1a: Skeledirge|Torch Song|p2a: Revavroom
|-supereffective|p2a: Revavroom
|-damage|p2a: Revavroom|55/100
|-boost|p1a: Skeledirge|spa|1
|-enditem|p2a: Revavroom|Weakness Policy
|-boost|p2a: Revavroom|atk|2|[from] item: Weakness Policy
|-boost|p2a: Revavroom|spa|2|[from] item: Weakness Policy
|
|upkeep
|turn|17
|-message|kioblack forfeited.
|
|win|Sauronikov
|raw|kioblack's rating: 1129 &rarr; <strong>1108</strong><br />(-21 for losing)
|raw|Sauronikov's rating: 1179 &rarr; <strong>1200</strong><br />(+21 for winning)
|l|☆kioblack
|player|p1|
|l|☆Sauronikov
|player|p2|
