|badge|p1|bronze|gen9ou|100-6
|html|<div class="broadcast-red"><strong>This battle is required to be public due to one or more player having a season medal.</strong><br />During the public phase, you can discuss the state of the ladder <a href="/seasondiscussion">in a special chatroom.</a></div>
|uhtml|medal-msg|<div class="broadcast-blue">Curious what those medals under the avatar are? PS now has Ladder Seasons! For more information, check out the <a href="https://www.smogon.com/forums/threads/3740067/">thread on Smogon.</a></div>
|raw|<div class="broadcast-blue"><strong>This battle is required to be public due to a player having a name starting with 'medal'.</div>
|j|☆Ladder Historian
|j|☆bombobini gusini
|t:|1759037844
|gametype|singles
|player|p1|Ladder Historian|170|1850
|player|p2|bombobini gusini|acetrainer-gen4|1704
|gen|9
|tier|[Gen 9] OU
|rated|
|rule|HP Percentage Mod: HP is shown in percentages
|rule|Endless Battle Clause: Forcing endless battles is banned
|rule|Species Clause: Limit one of each Pokémon
|rule|OHKO Clause: OHKO moves are banned
|rule|Evasion Items Clause: Evasion items are banned
|rule|Evasion Moves Clause: Evasion moves are banned
|rule|Evasion Abilities Clause: Evasion abilities are banned
|rule|Sleep Moves Clause: Sleep-inducing moves are banned
|clearpoke
|poke|p1|Volcanion|
|poke|p1|Dragapult, F|
|poke|p1|Gholdengo|
|poke|p1|Great Tusk|
|poke|p1|Ting-Lu|
|poke|p1|Iron Valiant|
|poke|p2|Kyurem|
|poke|p2|Rillaboom, F|
|poke|p2|Zamazenta-*|
|poke|p2|Ninetales-Alola, F|
|poke|p2|Hatterene, F|
|poke|p2|Iron Moth|
|teampreview
|inactive|Battle timer is ON: inactive players will automatically lose when time's up. (requested by bombobini gusini)
|j| amefurikoneko
|
|t:|1759037857
|teamsize|p1|6
|teamsize|p2|6
|start
|switch|p1a: Dragapult|Dragapult, F|100/100
|switch|p2a: Ninetales|Ninetales-Alola, F|100/100
|-weather|Snowscape|[from] ability: Snow Warning|[of] p2a: Ninetales
|turn|1
|
|t:|1759037860
|move|p1a: Dragapult|U-turn|p2a: Ninetales
|-resisted|p2a: Ninetales
|-damage|p2a: Ninetales|86/100
|
|t:|1759037862
|switch|p1a: Gholdengo|Gholdengo|100/100|[from] U-turn
|move|p2a: Ninetales|Aurora Veil|p2a: Ninetales
|-sidestart|p2: bombobini gusini|move: Aurora Veil
|
|-weather|Snowscape|[upkeep]
|upkeep
|turn|2
|j| cryyysneasel
|inactive|bombobini gusini has 120 seconds left.
|
|t:|1759037900
|switch|p2a: Iron Moth|Iron Moth|100/100
|-enditem|p2a: Iron Moth|Booster Energy
|-activate|p2a: Iron Moth|ability: Quark Drive|[fromitem]
|-start|p2a: Iron Moth|quarkdrivespa
|move|p1a: Gholdengo|Shadow Ball|p2a: Iron Moth
|-damage|p2a: Iron Moth|64/100
|
|-weather|Snowscape|[upkeep]
|upkeep
|turn|3
|
|t:|1759037908
|switch|p1a: Dragapult|Dragapult, F|100/100
|move|p2a: Iron Moth|Fiery Dance|p1a: Dragapult
|-resisted|p1a: Dragapult
|-damage|p1a: Dragapult|62/100
|
|-weather|Snowscape|[upkeep]
|upkeep
|turn|4
|j| lowladderubersnoob
|inactive|bombobini gusini has 120 seconds left.
|j| Nacht556
|
|t:|1759037948
|move|p1a: Dragapult|Dragon Darts|p2a: Iron Moth
|-damage|p2a: Iron Moth|35/100
|-anim|p1a: Dragapult|Dragon Darts|p2a: Iron Moth
|-damage|p2a: Iron Moth|5/100
|move|p2a: Iron Moth|Psychic|p1a: Dragapult
|-damage|p1a: Dragapult|0 fnt
|faint|p1a: Dragapult
|
|-weather|Snowscape|[upkeep]
|upkeep
|
|t:|1759037958
|switch|p1a: Ting-Lu|Ting-Lu|100/100
|-ability|p1a: Ting-Lu|Vessel of Ruin
|turn|5
|
|t:|1759037964
|move|p2a: Iron Moth|Energy Ball|p1a: Ting-Lu
|-supereffective|p1a: Ting-Lu
|-damage|p1a: Ting-Lu|51/100
|move|p1a: Ting-Lu|Stealth Rock|p2a: Iron Moth
|-sidestart|p2: bombobini gusini|move: Stealth Rock
|
|-weather|none
|upkeep
|turn|6
|l| lowladderubersnoob
|
|t:|1759037969
|move|p2a: Iron Moth|Energy Ball|p1a: Ting-Lu
|-supereffective|p1a: Ting-Lu
|-damage|p1a: Ting-Lu|0 fnt
|faint|p1a: Ting-Lu
|
|upkeep
|
|t:|1759037971
|switch|p1a: Iron Valiant|Iron Valiant|100/100
|turn|7
|j| catarina valentine
|
|t:|1759037975
|move|p1a: Iron Valiant|Moonblast|p2a: Iron Moth
|-resisted|p2a: Iron Moth
|-damage|p2a: Iron Moth|0 fnt
|faint|p2a: Iron Moth
|-end|p2a: Iron Moth|Quark Drive|[silent]
|
|upkeep
|
|t:|1759037977
|switch|p2a: Zamazenta|Zamazenta|100/100
|-damage|p2a: Zamazenta|94/100|[from] Stealth Rock
|-ability|p2a: Zamazenta|Dauntless Shield|boost
|-boost|p2a: Zamazenta|def|1
|turn|8
|
|t:|1759037981
|-end|p1a: Iron Valiant|Quark Drive|[silent]
|switch|p1a: Gholdengo|Gholdengo|100/100
|move|p2a: Zamazenta|Heavy Slam|p1a: Gholdengo
|-resisted|p1a: Gholdengo
|-damage|p1a: Gholdengo|73/100
|-damage|p2a: Zamazenta|84/100|[from] item: Life Orb
|
|-sideend|p2: bombobini gusini|move: Aurora Veil
|upkeep
|turn|9
|l| Nacht556
|
|t:|1759037985
|switch|p1a: Great Tusk|Great Tusk|100/100
|move|p2a: Zamazenta|Crunch|p1a: Great Tusk
|-resisted|p1a: Great Tusk
|-damage|p1a: Great Tusk|88/100
|-damage|p2a: Zamazenta|75/100|[from] item: Life Orb
|
|upkeep
|turn|10
|
|t:|1759037991
|switch|p2a: Ninetales|Ninetales-Alola, F|86/100
|-damage|p2a: Ninetales|62/100|[from] Stealth Rock
|-weather|Snowscape|[from] ability: Snow Warning|[of] p2a: Ninetales
|move|p1a: Great Tusk|Headlong Rush|p2a: Ninetales
|-damage|p2a: Ninetales|16/100
|-unboost|p1a: Great Tusk|def|1
|-unboost|p1a: Great Tusk|spd|1
|
|-weather|Snowscape|[upkeep]
|upkeep
|turn|11
|
|t:|1759037997
|move|p2a: Ninetales|Aurora Veil|p2a: Ninetales
|-sidestart|p2: bombobini gusini|move: Aurora Veil
|move|p1a: Great Tusk|Rapid Spin|p2a: Ninetales
|-damage|p2a: Ninetales|8/100
|-boost|p1a: Great Tusk|spe|1
|
|-weather|Snowscape|[upkeep]
|upkeep
|turn|12
|
|t:|1759038000
|move|p1a: Great Tusk|Headlong Rush|p2a: Ninetales
|-damage|p2a: Ninetales|0 fnt
|-unboost|p1a: Great Tusk|def|1
|-unboost|p1a: Great Tusk|spd|1
|faint|p2a: Ninetales
|
|-weather|Snowscape|[upkeep]
|upkeep
|
|t:|1759038001
|switch|p2a: Kyurem|Kyurem|100/100
|-damage|p2a: Kyurem|76/100|[from] Stealth Rock
|-ability|p2a: Kyurem|Pressure
|turn|13
|
|t:|1759038011
|move|p1a: Great Tusk|Knock Off|p2a: Kyurem
|-damage|p2a: Kyurem|64/100
|-enditem|p2a: Kyurem|Loaded Dice|[from] move: Knock Off|[of] p1a: Great Tusk
|move|p2a: Kyurem|Dragon Dance|p2a: Kyurem
|-boost|p2a: Kyurem|atk|1
|-boost|p2a: Kyurem|spe|1
|
|-weather|Snowscape|[upkeep]
|upkeep
|turn|14
|j| armbrust07
|
|t:|1759038018
|move|p2a: Kyurem|Dragon Dance|p2a: Kyurem
|-boost|p2a: Kyurem|atk|1
|-boost|p2a: Kyurem|spe|1
|move|p1a: Great Tusk|Headlong Rush|p2a: Kyurem
|-damage|p2a: Kyurem|45/100
|-unboost|p1a: Great Tusk|def|1
|-unboost|p1a: Great Tusk|spd|1
|
|-weather|none
|upkeep
|turn|15
|
|t:|1759038028
|move|p2a: Kyurem|Icicle Spear|p1a: Great Tusk
|-supereffective|p1a: Great Tusk
|-damage|p1a: Great Tusk|0 fnt
|faint|p1a: Great Tusk
|-end|p1a: Great Tusk|Protosynthesis|[silent]
|-hitcount|p1: Great Tusk|1
|
|upkeep
|
|t:|1759038047
|switch|p1a: Volcanion|Volcanion|100/100
|turn|16
|
|t:|1759038051
|move|p2a: Kyurem|Scale Shot|p1a: Volcanion
|-damage|p1a: Volcanion|77/100
|-damage|p1a: Volcanion|51/100
|-hitcount|p1a: Volcanion|2
|-unboost|p2a: Kyurem|def|1
|-boost|p2a: Kyurem|spe|1
|move|p1a: Volcanion|Focus Blast|p2a: Kyurem
|-supereffective|p2a: Kyurem
|-crit|p2a: Kyurem
|-damage|p2a: Kyurem|0 fnt
|faint|p2a: Kyurem
|
|upkeep
|
|t:|1759038056
|switch|p2a: Rillaboom|Rillaboom, F|100/100
|-damage|p2a: Rillaboom|88/100|[from] Stealth Rock
|-fieldstart|move: Grassy Terrain|[from] ability: Grassy Surge|[of] p2a: Rillaboom
|turn|17
|j| LuLuNaNaRaRa
|
|t:|1759038060
|move|p2a: Rillaboom|Wood Hammer|p1a: Volcanion
|-damage|p1a: Volcanion|0 fnt
|faint|p1a: Volcanion
|-damage|p2a: Rillaboom|73/100|[from] Recoil
|-damage|p2a: Rillaboom|63/100|[from] item: Life Orb
|
|-heal|p2a: Rillaboom|69/100|[from] Grassy Terrain
|upkeep
|
|t:|1759038063
|switch|p1a: Gholdengo|Gholdengo|73/100
|turn|18
|
|t:|1759038079
|move|p1a: Gholdengo|Shadow Ball|p2a: Rillaboom
|-crit|p2a: Rillaboom
|-damage|p2a: Rillaboom|0 fnt
|faint|p2a: Rillaboom
|
|-heal|p1a: Gholdengo|79/100|[from] Grassy Terrain
|-sideend|p2: bombobini gusini|move: Aurora Veil
|upkeep
|
|t:|1759038086
|switch|p2a: Hatterene|Hatterene, F|100/100
|-damage|p2a: Hatterene|88/100|[from] Stealth Rock
|turn|19
|
|t:|1759038089
|-terastallize|p2a: Hatterene|Water
|move|p1a: Gholdengo|Shadow Ball|p2a: Hatterene
|-damage|p2a: Hatterene|12/100
|move|p2a: Hatterene|Calm Mind|p2a: Hatterene
|-boost|p2a: Hatterene|spa|1
|-boost|p2a: Hatterene|spd|1
|
|-heal|p1a: Gholdengo|85/100|[from] Grassy Terrain
|-heal|p2a: Hatterene|18/100|[from] Grassy Terrain
|upkeep
|turn|20
|
|t:|1759038096
|move|p1a: Gholdengo|Shadow Ball|p2a: Hatterene
|-damage|p2a: Hatterene|0 fnt
|faint|p2a: Hatterene
|
|-heal|p1a: Gholdengo|91/100|[from] Grassy Terrain
|upkeep
|
|t:|1759038097
|switch|p2a: Zamazenta|Zamazenta|75/100
|-damage|p2a: Zamazenta|68/100|[from] Stealth Rock
|turn|21
|
|t:|1759038100
|move|p2a: Zamazenta|Crunch|p1a: Gholdengo
|-supereffective|p1a: Gholdengo
|-damage|p1a: Gholdengo|15/100
|-damage|p2a: Zamazenta|59/100|[from] item: Life Orb
|move|p1a: Gholdengo|Shadow Ball|p2a: Zamazenta
|-damage|p2a: Zamazenta|0 fnt
|faint|p2a: Zamazenta
|
|win|Ladder Historian
|raw|Ladder Historian's rating: 1850 &rarr; <strong>1862</strong><br />(+12 for winning)
|raw|bombobini gusini's rating: 1695 &rarr; <strong>1683</strong><br />(-12 for losing)
|j| Nitro611
|l|☆bombobini gusini
|player|p2|
|l| Nitro611
|l| catarina valentine
|l| amefurikoneko
|l| armbrust07
|l| cryyysneasel
