|j|☆shitmon_advocate
|j|☆lzc123456
|t:|1758952738
|gametype|singles
|player|p1|shitmon_advocate|miku-water|1426
|player|p2|lzc123456|cynthia-gen4|1422
|gen|9
|tier|[Gen 9] OU
|rated|
|rule|HP Percentage Mod: HP is shown in percentages
|rule|Endless Battle Clause: Forcing endless battles is banned
|rule|Species Clause: Limit one of each Pokémon
|rule|OHKO Clause: OHKO moves are banned
|rule|Evasion Items Clause: Evasion items are banned
|rule|Evasion Moves Clause: Evasion moves are banned
|rule|Evasion Abilities Clause: Evasion abilities are banned
|rule|Sleep Moves Clause: Sleep-inducing moves are banned
|clearpoke
|poke|p1|Indeedee, M|
|poke|p1|Armarouge, M|
|poke|p1|Hatterene, F|
|poke|p1|Polteageist-Antique|
|poke|p1|Maushold-Four|
|poke|p1|Hawlucha, F|
|poke|p2|Iron Valiant|
|poke|p2|Gholdengo|
|poke|p2|Glimmora, M|
|poke|p2|Dragonite, M|
|poke|p2|Samurott-Hisui, F|
|poke|p2|Garchomp, F|
|teampreview
|inactive|Battle timer is ON: inactive players will automatically lose when time's up. (requested by lzc123456)
|
|t:|1758952743
|teamsize|p1|6
|teamsize|p2|6
|start
|switch|p1a: Indeedee|Indeedee, M|100/100
|switch|p2a: Samurott|Samurott-Hisui, F|100/100
|-fieldstart|move: Psychic Terrain|[from] ability: Psychic Surge|[of] p1a: Indeedee
|turn|1
|
|t:|1758952755
|switch|p1a: Hawlucha|Hawlucha, F|100/100
|-enditem|p1a: Hawlucha|Psychic Seed
|-boost|p1a: Hawlucha|spd|1|[from] item: Psychic Seed
|move|p2a: Samurott|Ceaseless Edge|p1a: Hawlucha|[miss]
|-miss|p2a: Samurott|p1a: Hawlucha
|
|upkeep
|turn|2
|
|t:|1758952762
|switch|p2a: Glimmora|Glimmora, M|100/100
|move|p1a: Hawlucha|Swords Dance|p1a: Hawlucha
|-boost|p1a: Hawlucha|atk|2
|
|upkeep
|turn|3
|
|t:|1758952767
|move|p1a: Hawlucha|Close Combat|p2a: Glimmora
|-damage|p2a: Glimmora|12/100
|-unboost|p1a: Hawlucha|def|1
|-unboost|p1a: Hawlucha|spd|1
|-activate|p2a: Glimmora|ability: Toxic Debris
|-sidestart|p1: shitmon_advocate|move: Toxic Spikes
|-enditem|p2a: Glimmora|Red Card|[of] p1a: Hawlucha
|drag|p1a: Indeedee|Indeedee, M|100/100
|-status|p1a: Indeedee|psn
|move|p2a: Glimmora|Mortal Spin|p1a: Indeedee
|-crit|p1a: Indeedee
|-damage|p1a: Indeedee|83/100 psn
|
|-damage|p1a: Indeedee|71/100 psn|[from] psn
|upkeep
|turn|4
|
|t:|1758952779
|move|p1a: Indeedee|Expanding Force|p2a: Glimmora
|-supereffective|p2a: Glimmora
|-damage|p2a: Glimmora|0 fnt
|faint|p2a: Glimmora
|
|-damage|p1a: Indeedee|59/100 psn|[from] psn
|upkeep
|
|t:|1758952783
|switch|p2a: Samurott|Samurott-Hisui, F|100/100
|turn|5
|
|t:|1758952787
|switch|p1a: Hawlucha|Hawlucha, F|100/100
|move|p2a: Samurott|Ceaseless Edge|p1a: Hawlucha
|-resisted|p1a: Hawlucha
|-damage|p1a: Hawlucha|70/100
|-sidestart|p1: shitmon_advocate|Spikes
|
|upkeep
|turn|6
|
|t:|1758952796
|switch|p2a: Gholdengo|Gholdengo|100/100
|-item|p2a: Gholdengo|Air Balloon
|move|p1a: Hawlucha|Close Combat|p2a: Gholdengo
|-immune|p2a: Gholdengo
|
|upkeep
|turn|7
|
|t:|1758952799
|move|p1a: Hawlucha|Acrobatics|p2a: Gholdengo
|-resisted|p2a: Gholdengo
|-damage|p2a: Gholdengo|81/100
|-enditem|p2a: Gholdengo|Air Balloon
|move|p2a: Gholdengo|Thunder Wave|p1a: Hawlucha
|-status|p1a: Hawlucha|par
|
|upkeep
|turn|8
|
|t:|1758952806
|move|p2a: Gholdengo|Hex|p1a: Hawlucha
|-damage|p1a: Hawlucha|0 fnt
|faint|p1a: Hawlucha
|
|-fieldend|move: Psychic Terrain
|upkeep
|
|t:|1758952815
|switch|p1a: Maushold|Maushold-Four|100/100
|-status|p1a: Maushold|psn
|-damage|p1a: Maushold|88/100 psn|[from] Spikes
|turn|9
|
|t:|1758952818
|move|p1a: Maushold|Tidy Up|p1a: Maushold
|-sideend|p1: shitmon_advocate|Spikes
|-sideend|p1: shitmon_advocate|Toxic Spikes
|-activate|p1a: Maushold|move: Tidy Up
|-boost|p1a: Maushold|atk|1
|-boost|p1a: Maushold|spe|1
|move|p2a: Gholdengo|Focus Blast|p1a: Maushold
|-supereffective|p1a: Maushold
|-damage|p1a: Maushold|0 fnt
|faint|p1a: Maushold
|
|upkeep
|
|t:|1758952823
|switch|p1a: Indeedee|Indeedee, M|59/100 psn
|-fieldstart|move: Psychic Terrain|[from] ability: Psychic Surge|[of] p1a: Indeedee
|turn|10
|
|t:|1758952828
|move|p1a: Indeedee|Expanding Force|p2a: Gholdengo
|-resisted|p2a: Gholdengo
|-damage|p2a: Gholdengo|45/100
|move|p2a: Gholdengo|Hex|p1a: Indeedee
|-immune|p1a: Indeedee
|
|-damage|p1a: Indeedee|46/100 psn|[from] psn
|upkeep
|turn|11
|
|t:|1758952857
|switch|p1a: Armarouge|Armarouge, M|100/100
|move|p2a: Gholdengo|Recover|p2a: Gholdengo
|-heal|p2a: Gholdengo|95/100
|
|upkeep
|turn|12
|
|t:|1758952863
|move|p1a: Armarouge|Calm Mind|p1a: Armarouge
|-boost|p1a: Armarouge|spa|1
|-boost|p1a: Armarouge|spd|1
|move|p2a: Gholdengo|Thunder Wave|p1a: Armarouge
|-status|p1a: Armarouge|par
|
|upkeep
|turn|13
|
|t:|1758952869
|move|p2a: Gholdengo|Hex|p1a: Armarouge
|-supereffective|p1a: Armarouge
|-damage|p1a: Armarouge|2/100 par
|-enditem|p1a: Armarouge|Weakness Policy
|-boost|p1a: Armarouge|atk|2|[from] item: Weakness Policy
|-boost|p1a: Armarouge|spa|2|[from] item: Weakness Policy
|move|p1a: Armarouge|Armor Cannon|p2a: Gholdengo
|-supereffective|p2a: Gholdengo
|-damage|p2a: Gholdengo|0 fnt
|-unboost|p1a: Armarouge|def|1
|-unboost|p1a: Armarouge|spd|1
|faint|p2a: Gholdengo
|
|upkeep
|
|t:|1758952882
|switch|p2a: Garchomp|Garchomp, F|100/100
|turn|14
|
|t:|1758952885
|move|p2a: Garchomp|Earthquake|p1a: Armarouge
|-supereffective|p1a: Armarouge
|-damage|p1a: Armarouge|0 fnt
|faint|p1a: Armarouge
|
|upkeep
|
|t:|1758952889
|switch|p1a: Polteageist|Polteageist-Antique|100/100
|turn|15
|
|t:|1758952892
|move|p2a: Garchomp|Scale Shot|p1a: Polteageist
|-damage|p1a: Polteageist|74/100
|-ability|p1a: Polteageist|Weak Armor|boost
|-unboost|p1a: Polteageist|def|1
|-boost|p1a: Polteageist|spe|2
|-damage|p1a: Polteageist|38/100
|-ability|p1a: Polteageist|Weak Armor|boost
|-unboost|p1a: Polteageist|def|1
|-boost|p1a: Polteageist|spe|2
|-damage|p1a: Polteageist|0 fnt
|faint|p1a: Polteageist
|-hitcount|p1: Polteageist|3
|-unboost|p2a: Garchomp|def|1
|-boost|p2a: Garchomp|spe|1
|
|upkeep
|-message|shitmon_advocate forfeited.
|
|win|lzc123456
|raw|shitmon_advocate's rating: 1426 &rarr; <strong>1406</strong><br />(-20 for losing)
|raw|lzc123456's rating: 1422 &rarr; <strong>1442</strong><br />(+20 for winning)
|l|☆shitmon_advocate
|player|p1|
|l|☆lzc123456
|player|p2|
