|j|☆bokunikusuki
|j|☆preppy dude
|t:|1758956249
|gametype|singles
|player|p1|bokunikusuki|265|1142
|player|p2|preppy dude|265|1144
|gen|9
|tier|[Gen 9] OU
|rated|
|rule|HP Percentage Mod: HP is shown in percentages
|rule|Endless Battle Clause: Forcing endless battles is banned
|rule|Species Clause: Limit one of each Pokémon
|rule|OHKO Clause: OHKO moves are banned
|rule|Evasion Items Clause: Evasion items are banned
|rule|Evasion Moves Clause: Evasion moves are banned
|rule|Evasion Abilities Clause: Evasion abilities are banned
|rule|Sleep Moves Clause: Sleep-inducing moves are banned
|clearpoke
|poke|p1|Flareon, F|
|poke|p1|Jolteon, F|
|poke|p1|Vaporeon, F|
|poke|p1|Umbreon, F|
|poke|p1|Espeon, F|
|poke|p1|Sylveon, F|
|poke|p2|Zapdos|
|poke|p2|Golem, F|
|poke|p2|Arbok, F|
|poke|p2|Rhydon, F|
|poke|p2|Magneton|
|poke|p2|Dodrio, F|
|teampreview
|
|t:|1758956262
|teamsize|p1|6
|teamsize|p2|6
|start
|switch|p1a: Vaporeon|Vaporeon, F|100/100
|switch|p2a: Golem|Golem, F|100/100
|turn|1
|inactive|Battle timer is ON: inactive players will automatically lose when time's up. (requested by preppy dude)
|
|t:|1758956272
|move|p2a: Golem|Stealth Rock|p1a: Vaporeon
|-sidestart|p1: bokunikusuki|move: Stealth Rock
|move|p1a: Vaporeon|Acid Armor|p1a: Vaporeon
|-boost|p1a: Vaporeon|def|2
|
|upkeep
|turn|2
|
|t:|1758956282
|move|p2a: Golem|Explosion|p1a: Vaporeon
|-damage|p1a: Vaporeon|63/100
|faint|p2a: Golem
|move|p1a: Vaporeon|Calm Mind|p1a: Vaporeon
|-boost|p1a: Vaporeon|spa|1
|-boost|p1a: Vaporeon|spd|1
|
|-heal|p1a: Vaporeon|70/100|[from] item: Leftovers
|upkeep
|
|t:|1758956292
|switch|p2a: Arbok|Arbok, F|100/100
|-ability|p2a: Arbok|Intimidate|boost
|-unboost|p1a: Vaporeon|atk|1
|turn|3
|
|t:|1758956303
|move|p2a: Arbok|Switcheroo|p1a: Vaporeon
|-activate|p2a: Arbok|move: Trick|[of] p1a: Vaporeon
|-item|p1a: Vaporeon|Choice Scarf|[from] move: Switcheroo
|-item|p2a: Arbok|Leftovers|[from] move: Switcheroo
|move|p1a: Vaporeon|Acid Armor|p1a: Vaporeon
|-boost|p1a: Vaporeon|def|2
|
|upkeep
|turn|4
|
|t:|1758956324
|switch|p1a: Jolteon|Jolteon, F|100/100
|-damage|p1a: Jolteon|88/100|[from] Stealth Rock
|move|p2a: Arbok|Poison Fang|p1a: Jolteon
|-damage|p1a: Jolteon|56/100
|-status|p1a: Jolteon|tox
|
|-damage|p1a: Jolteon|50/100 tox|[from] psn
|upkeep
|turn|5
|
|t:|1758956344
|move|p2a: Arbok|Protect|p2a: Arbok
|-singleturn|p2a: Arbok|Protect
|move|p1a: Jolteon|Thunder Wave|p2a: Arbok
|-activate|p2a: Arbok|move: Protect
|
|-damage|p1a: Jolteon|39/100 tox|[from] psn
|upkeep
|turn|6
|
|t:|1758956354
|switch|p2a: Rhydon|Rhydon, F|100/100
|move|p1a: Jolteon|Electro Ball|p2a: Rhydon
|-ability|p2a: Rhydon|Lightning Rod|boost
|-boost|p2a: Rhydon|spa|1
|
|-damage|p1a: Jolteon|21/100 tox|[from] psn
|upkeep
|turn|7
|inactive|bokunikusuki has 120 seconds left.
|
|t:|1758956375
|switch|p1a: Sylveon|Sylveon, F|100/100
|-damage|p1a: Sylveon|88/100|[from] Stealth Rock
|move|p2a: Rhydon|Avalanche|p1a: Sylveon
|-damage|p1a: Sylveon|70/100
|
|upkeep
|turn|8
|inactive|bokunikusuki has 120 seconds left.
|
|t:|1758956388
|move|p1a: Sylveon|Hyper Voice|p2a: Rhydon
|-damage|p2a: Rhydon|58/100
|move|p2a: Rhydon|Earthquake|p1a: Sylveon
|-damage|p1a: Sylveon|22/100
|
|upkeep
|turn|9
|
|t:|1758956398
|move|p1a: Sylveon|Hyper Voice|p2a: Rhydon
|-damage|p2a: Rhydon|9/100
|move|p2a: Rhydon|Earthquake|p1a: Sylveon
|-damage|p1a: Sylveon|0 fnt
|faint|p1a: Sylveon
|
|upkeep
|
|t:|1758956406
|switch|p1a: Flareon|Flareon, F|100/100
|-damage|p1a: Flareon|75/100|[from] Stealth Rock
|turn|10
|
|t:|1758956413
|switch|p2a: Arbok|Arbok, F|100/100
|-ability|p2a: Arbok|Intimidate|boost
|-unboost|p1a: Flareon|atk|1
|move|p1a: Flareon|Quick Attack|p2a: Arbok
|-damage|p2a: Arbok|86/100
|
|-heal|p2a: Arbok|92/100|[from] item: Leftovers
|-status|p1a: Flareon|tox|[from] item: Toxic Orb
|upkeep
|turn|11
|
|t:|1758956427
|switch|p1a: Espeon|Espeon, F|100/100
|-damage|p1a: Espeon|88/100|[from] Stealth Rock
|move|p2a: Arbok|Protect||[still]
|-fail|p2a: Arbok
|
|-heal|p2a: Arbok|99/100|[from] item: Leftovers
|upkeep
|turn|12
|
|t:|1758956439
|switch|p2a: Magneton|Magneton|100/100
|move|p1a: Espeon|Psychic|p2a: Magneton
|-resisted|p2a: Magneton
|-damage|p2a: Magneton|38/100
|-unboost|p2a: Magneton|spd|1
|-damage|p1a: Espeon|78/100|[from] item: Life Orb
|
|upkeep
|turn|13
|
|t:|1758956450
|move|p2a: Magneton|Discharge|p1a: Espeon
|-damage|p1a: Espeon|24/100
|-status|p1a: Espeon|par
|move|p1a: Espeon|Psychic|p2a: Magneton
|-resisted|p2a: Magneton
|-damage|p2a: Magneton|0 fnt
|faint|p2a: Magneton
|-damage|p1a: Espeon|14/100 par|[from] item: Life Orb
|
|upkeep
|
|t:|1758956463
|switch|p2a: Arbok|Arbok, F|99/100
|-ability|p2a: Arbok|Intimidate|boost
|-unboost|p1a: Espeon|atk|1
|turn|14
|
|t:|1758956469
|move|p2a: Arbok|Poison Fang|p1a: Espeon
|-damage|p1a: Espeon|0 fnt
|faint|p1a: Espeon
|
|-heal|p2a: Arbok|100/100|[from] item: Leftovers
|upkeep
|
|t:|1758956472
|switch|p1a: Umbreon|Umbreon, F|100/100
|-damage|p1a: Umbreon|88/100|[from] Stealth Rock
|turn|15
|
|t:|1758956486
|move|p2a: Arbok|Poison Fang|p1a: Umbreon
|-damage|p1a: Umbreon|77/100
|-status|p1a: Umbreon|tox
|-activate|p1a: Umbreon|ability: Synchronize
|-immune|p2a: Arbok
|move|p1a: Umbreon|Substitute|p1a: Umbreon
|-start|p1a: Umbreon|Substitute
|-damage|p1a: Umbreon|53/100 tox
|
|-heal|p1a: Umbreon|59/100 tox|[from] item: Leftovers
|-damage|p1a: Umbreon|53/100 tox|[from] psn
|upkeep
|turn|16
|
|t:|1758956505
|move|p2a: Arbok|Poison Fang|p1a: Umbreon
|-activate|p1a: Umbreon|move: Substitute|[damage]
|move|p1a: Umbreon|Moonlight|p1a: Umbreon
|-heal|p1a: Umbreon|100/100 tox
|
|-damage|p1a: Umbreon|88/100 tox|[from] psn
|upkeep
|turn|17
|
|t:|1758956525
|move|p2a: Arbok|Poison Fang|p1a: Umbreon
|-activate|p1a: Umbreon|move: Substitute|[damage]
|move|p1a: Umbreon|Toxic|p2a: Arbok
|-immune|p2a: Arbok
|
|-heal|p1a: Umbreon|94/100 tox|[from] item: Leftovers
|-damage|p1a: Umbreon|76/100 tox|[from] psn
|upkeep
|turn|18
|
|t:|1758956539
|move|p2a: Arbok|Poison Fang|p1a: Umbreon
|-end|p1a: Umbreon|Substitute
|move|p1a: Umbreon|Substitute|p1a: Umbreon
|-start|p1a: Umbreon|Substitute
|-damage|p1a: Umbreon|51/100 tox
|
|-heal|p1a: Umbreon|57/100 tox|[from] item: Leftovers
|-damage|p1a: Umbreon|33/100 tox|[from] psn
|upkeep
|turn|19
|
|t:|1758956558
|switch|p1a: Vaporeon|Vaporeon, F|70/100
|-damage|p1a: Vaporeon|57/100|[from] Stealth Rock
|move|p2a: Arbok|Poison Fang|p1a: Vaporeon
|-damage|p1a: Vaporeon|44/100
|
|upkeep
|turn|20
|
|t:|1758956572
|move|p2a: Arbok|Poison Fang|p1a: Vaporeon
|-damage|p1a: Vaporeon|31/100
|-status|p1a: Vaporeon|tox
|move|p1a: Vaporeon|Scald|p2a: Arbok
|-damage|p2a: Arbok|61/100
|
|-heal|p2a: Arbok|67/100|[from] item: Leftovers
|-damage|p1a: Vaporeon|25/100 tox|[from] psn
|upkeep
|turn|21
|
|t:|1758956588
|move|p2a: Arbok|Protect|p2a: Arbok
|-singleturn|p2a: Arbok|Protect
|move|p1a: Vaporeon|Scald|p2a: Arbok
|-activate|p2a: Arbok|move: Protect
|
|-heal|p2a: Arbok|73/100|[from] item: Leftovers
|-damage|p1a: Vaporeon|13/100 tox|[from] psn
|upkeep
|turn|22
|
|t:|1758956604
|switch|p2a: Rhydon|Rhydon, F|9/100
|move|p1a: Vaporeon|Scald|p2a: Rhydon
|-supereffective|p2a: Rhydon
|-damage|p2a: Rhydon|0 fnt
|faint|p2a: Rhydon
|
|-damage|p1a: Vaporeon|0 fnt|[from] psn
|faint|p1a: Vaporeon
|upkeep
|inactive|preppy dude has 120 seconds left.
|
|t:|1758956620
|switch|p1a: Jolteon|Jolteon, F|21/100 tox
|switch|p2a: Arbok|Arbok, F|73/100
|-damage|p1a: Jolteon|9/100 tox|[from] Stealth Rock
|-ability|p2a: Arbok|Intimidate|boost
|-unboost|p1a: Jolteon|atk|1
|turn|23
|inactive|preppy dude has 120 seconds left.
|
|t:|1758956635
|move|p2a: Arbok|Protect|p2a: Arbok
|-singleturn|p2a: Arbok|Protect
|move|p1a: Jolteon|Electro Ball|p2a: Arbok
|-activate|p2a: Arbok|move: Protect
|
|-heal|p2a: Arbok|79/100|[from] item: Leftovers
|-damage|p1a: Jolteon|3/100 tox|[from] psn
|upkeep
|turn|24
|inactive|preppy dude has 120 seconds left.
|
|t:|1758956654
|-terastallize|p1a: Jolteon|Ice
|move|p2a: Arbok|Protect|p2a: Arbok
|-singleturn|p2a: Arbok|Protect
|move|p1a: Jolteon|Tera Blast|p2a: Arbok|[anim] Tera Blast Ice
|-activate|p2a: Arbok|move: Protect
|
|-heal|p2a: Arbok|85/100|[from] item: Leftovers
|-damage|p1a: Jolteon|0 fnt|[from] psn
|faint|p1a: Jolteon
|upkeep
|
|t:|1758956658
|switch|p1a: Flareon|Flareon, F|75/100 tox
|-damage|p1a: Flareon|50/100 tox|[from] Stealth Rock
|turn|25
|inactive|preppy dude has 120 seconds left.
|
|t:|1758956679
|switch|p2a: Zapdos|Zapdos|100/100
|move|p1a: Flareon|Flame Charge|p2a: Zapdos
|-damage|p2a: Zapdos|63/100
|-boost|p1a: Flareon|spe|1
|
|-heal|p2a: Zapdos|69/100|[from] item: Leftovers
|-damage|p1a: Flareon|44/100 tox|[from] psn
|upkeep
|turn|26
|
|t:|1758956695
|move|p2a: Zapdos|Protect|p2a: Zapdos
|-singleturn|p2a: Zapdos|Protect
|move|p1a: Flareon|Flare Blitz|p2a: Zapdos
|-activate|p2a: Zapdos|move: Protect
|
|-heal|p2a: Zapdos|75/100|[from] item: Leftovers
|-damage|p1a: Flareon|32/100 tox|[from] psn
|upkeep
|turn|27
|
|t:|1758956709
|switch|p2a: Arbok|Arbok, F|85/100
|-ability|p2a: Arbok|Intimidate|boost
|-unboost|p1a: Flareon|atk|1
|move|p1a: Flareon|Flame Charge|p2a: Arbok
|-damage|p2a: Arbok|41/100
|-boost|p1a: Flareon|spe|1
|
|-heal|p2a: Arbok|47/100|[from] item: Leftovers
|-damage|p1a: Flareon|13/100 tox|[from] psn
|upkeep
|turn|28
|
|t:|1758956727
|move|p2a: Arbok|Protect|p2a: Arbok
|-singleturn|p2a: Arbok|Protect
|move|p1a: Flareon|Flare Blitz|p2a: Arbok
|-activate|p2a: Arbok|move: Protect
|
|-heal|p2a: Arbok|53/100|[from] item: Leftovers
|-damage|p1a: Flareon|0 fnt|[from] psn
|faint|p1a: Flareon
|upkeep
|
|t:|1758956729
|switch|p1a: Umbreon|Umbreon, F|33/100 tox
|-damage|p1a: Umbreon|21/100 tox|[from] Stealth Rock
|turn|29
|
|t:|1758956748
|move|p2a: Arbok|Poison Fang|p1a: Umbreon
|-damage|p1a: Umbreon|10/100 tox
|move|p1a: Umbreon|Moonlight|p1a: Umbreon
|-heal|p1a: Umbreon|60/100 tox
|
|-heal|p2a: Arbok|59/100|[from] item: Leftovers
|-heal|p1a: Umbreon|66/100 tox|[from] item: Leftovers
|-damage|p1a: Umbreon|60/100 tox|[from] psn
|upkeep
|turn|30
|-message|bokunikusuki forfeited.
|
|win|preppy dude
|raw|bokunikusuki's rating: 1142 &rarr; <strong>1117</strong><br />(-25 for losing)
|raw|preppy dude's rating: 1144 &rarr; <strong>1169</strong><br />(+25 for winning)
|l|☆bokunikusuki
|player|p1|
|l|☆preppy dude
|player|p2|
