|j|☆Mr_Stonks0406
|j|☆Aaron53769
|t:|1759034841
|gametype|singles
|player|p1|Mr_Stonks0406|rocketgrunt|1208
|player|p2|Aaron53769|steven|1209
|gen|9
|tier|[Gen 9] OU
|rated|
|rule|HP Percentage Mod: HP is shown in percentages
|rule|Endless Battle Clause: Forcing endless battles is banned
|rule|Species Clause: Limit one of each Pokémon
|rule|OHKO Clause: OHKO moves are banned
|rule|Evasion Items Clause: Evasion items are banned
|rule|Evasion Moves Clause: Evasion moves are banned
|rule|Evasion Abilities Clause: Evasion abilities are banned
|rule|Sleep Moves Clause: Sleep-inducing moves are banned
|clearpoke
|poke|p1|Quagsire, F|
|poke|p1|Blissey, F|
|poke|p1|Toxapex, M|
|poke|p1|Sinistcha|
|poke|p1|Gliscor, M|
|poke|p1|Corviknight, F|
|poke|p2|Azelf|
|poke|p2|Mimikyu, M|
|poke|p2|Yanmega, F|
|poke|p2|Cloyster, F|
|poke|p2|Staraptor, F|
|poke|p2|Ogerpon-Wellspring, F|
|teampreview
|inactive|Battle timer is ON: inactive players will automatically lose when time's up. (requested by Aaron53769)
|inactive|Mr_Stonks0406 also wants the timer to be on.
|
|t:|1759034844
|teamsize|p1|6
|teamsize|p2|6
|start
|switch|p1a: Greninga|Quagsire, F|100/100
|switch|p2a: Staraptor|Staraptor, F|100/100
|turn|1
|c|☆Aaron53769|glhf
|
|t:|1759034850
|move|p2a: Staraptor|Final Gambit|p1a: Greninga
|-damage|p1a: Greninga|6/100
|faint|p2a: Staraptor
|move|p1a: Greninga|Toxic|p2: Staraptor|[notarget]
|-fail|p1a: Greninga
|
|upkeep
|
|t:|1759034853
|switch|p2a: Yanmega|Yanmega, F, shiny|100/100
|turn|2
|
|t:|1759034864
|move|p2a: Yanmega|Bug Buzz|p1a: Greninga
|-damage|p1a: Greninga|0 fnt
|faint|p1a: Greninga
|-enditem|p2a: Yanmega|Throat Spray
|-boost|p2a: Yanmega|spa|1|[from] item: Throat Spray
|
|-ability|p2a: Yanmega|Speed Boost|boost
|-boost|p2a: Yanmega|spe|1
|upkeep
|c|☆Aaron53769|giggity
|
|t:|1759034888
|switch|p1a: Prickly|Toxapex, M|100/100
|turn|3
|
|t:|1759034893
|-terastallize|p2a: Yanmega|Ground
|move|p2a: Yanmega|Tera Blast|p1a: Prickly|[anim] Tera Blast Ground
|-supereffective|p1a: Prickly
|-damage|p1a: Prickly|19/100
|move|p1a: Prickly|Haze|p1a: Prickly
|-clearallboost
|
|-ability|p2a: Yanmega|Speed Boost|boost
|-boost|p2a: Yanmega|spe|1
|upkeep
|turn|4
|
|t:|1759034912
|switch|p1a: Matcha|Sinistcha|100/100
|move|p2a: Yanmega|Bug Buzz|p1a: Matcha
|-damage|p1a: Matcha|39/100
|
|-ability|p2a: Yanmega|Speed Boost|boost
|-boost|p2a: Yanmega|spe|1
|upkeep
|turn|5
|
|t:|1759034923
|switch|p1a: Chungus|Blissey, F|100/100
|move|p2a: Yanmega|Bug Buzz|p1a: Chungus
|-damage|p1a: Chungus|86/100
|
|-ability|p2a: Yanmega|Speed Boost|boost
|-boost|p2a: Yanmega|spe|1
|upkeep
|turn|6
|inactive|Mr_Stonks0406 has 120 seconds left.
|
|t:|1759034941
|switch|p2a: Ogerpon|Ogerpon-Wellspring, F|100/100
|move|p1a: Chungus|Seismic Toss|p2a: Ogerpon
|-damage|p2a: Ogerpon|67/100
|
|upkeep
|turn|7
|inactive|Mr_Stonks0406 has 120 seconds left.
|
|t:|1759034955
|switch|p1a: Matcha|Sinistcha|39/100
|move|p2a: Ogerpon|Horn Leech|p1a: Matcha
|-resisted|p1a: Matcha
|-damage|p1a: Matcha|23/100
|-heal|p2a: Ogerpon|76/100|[from] drain|[of] p1a: Matcha
|
|upkeep
|turn|8
|c|☆Aaron53769|?
|
|t:|1759034965
|move|p2a: Ogerpon|U-turn|p1a: Matcha
|-damage|p1a: Matcha|4/100
|
|t:|1759034967
|switch|p2a: Azelf|Azelf|100/100|[from] U-turn
|move|p1a: Matcha|Strength Sap|p2a: Azelf
|-unboost|p2a: Azelf|atk|1
|-heal|p1a: Matcha|100/100
|
|upkeep
|turn|9
|
|t:|1759034985
|move|p2a: Azelf|Taunt|p1a: Matcha
|-start|p1a: Matcha|move: Taunt
|move|p1a: Matcha|Hex|p2a: Azelf
|-supereffective|p2a: Azelf
|-damage|p2a: Azelf|20/100
|
|upkeep
|turn|10
|
|t:|1759034993
|move|p2a: Azelf|Stealth Rock|p1a: Matcha
|-sidestart|p1: Mr_Stonks0406|move: Stealth Rock
|move|p1a: Matcha|Hex|p2a: Azelf
|-supereffective|p2a: Azelf
|-damage|p2a: Azelf|0 fnt
|faint|p2a: Azelf
|
|upkeep
|
|t:|1759035005
|switch|p2a: Cloyster|Cloyster, F|100/100
|turn|11
|inactive|Mr_Stonks0406 has 120 seconds left.
|
|t:|1759035031
|switch|p1a: Raven|Corviknight, F, shiny|100/100
|-ability|p1a: Raven|Pressure
|move|p2a: Cloyster|Shell Smash|p2a: Cloyster
|-unboost|p2a: Cloyster|def|1
|-unboost|p2a: Cloyster|spd|1
|-boost|p2a: Cloyster|atk|2
|-boost|p2a: Cloyster|spa|2
|-boost|p2a: Cloyster|spe|2
|
|upkeep
|turn|12
|c|☆Aaron53769|thats SO raven
|
|t:|1759035050
|move|p2a: Cloyster|Icicle Spear|p1a: Raven
|-damage|p1a: Raven|84/100
|-damage|p1a: Raven|70/100
|-damage|p1a: Raven|52/100
|-damage|p1a: Raven|36/100
|-damage|p1a: Raven|20/100
|-hitcount|p1a: Raven|5
|move|p1a: Raven|Iron Defense|p1a: Raven
|-boost|p1a: Raven|def|2
|
|upkeep
|turn|13
|c|☆Aaron53769|thumbs up emoji
|inactive|Mr_Stonks0406 has 120 seconds left.
|
|t:|1759035076
|switch|p1a: Prickly|Toxapex, M|52/100
|move|p2a: Cloyster|Icicle Spear|p1a: Prickly
|-resisted|p1a: Prickly
|-damage|p1a: Prickly|43/100
|-resisted|p1a: Prickly
|-damage|p1a: Prickly|35/100
|-resisted|p1a: Prickly
|-damage|p1a: Prickly|27/100
|-resisted|p1a: Prickly
|-damage|p1a: Prickly|18/100
|-resisted|p1a: Prickly
|-damage|p1a: Prickly|9/100
|-hitcount|p1a: Prickly|5
|
|upkeep
|turn|14
|
|t:|1759035094
|move|p1a: Prickly|Baneful Bunker|p1a: Prickly
|-singleturn|p1a: Prickly|move: Protect
|move|p2a: Cloyster|Icicle Spear|p1a: Prickly
|-activate|p1a: Prickly|move: Protect
|
|upkeep
|turn|15
|c|☆Aaron53769|ok
|c|☆Aaron53769|wait if its not sludge or leftovers what is it
|c|☆Aaron53769|no item?
|inactive|Mr_Stonks0406 has 90 seconds left.
|c|☆Aaron53769|oh its boots
|
|t:|1759035146
|move|p2a: Cloyster|Icicle Spear|p1a: Prickly
|-resisted|p1a: Prickly
|-damage|p1a: Prickly|0 fnt
|faint|p1a: Prickly
|-hitcount|p1: Prickly|1
|
|upkeep
|c|☆Aaron53769|boots on a regenrator?
|
|t:|1759035152
|switch|p1a: Lobster|Gliscor, M|100/100
|-damage|p1a: Lobster|88/100|[from] Stealth Rock
|turn|16
|
|t:|1759035162
|-terastallize|p1a: Lobster|Steel
|move|p2a: Cloyster|Icicle Spear|p1a: Lobster
|-resisted|p1a: Lobster
|-damage|p1a: Lobster|78/100
|-resisted|p1a: Lobster
|-damage|p1a: Lobster|68/100
|-resisted|p1a: Lobster
|-damage|p1a: Lobster|58/100
|-resisted|p1a: Lobster
|-damage|p1a: Lobster|48/100
|-resisted|p1a: Lobster
|-damage|p1a: Lobster|39/100
|-hitcount|p1a: Lobster|5
|move|p1a: Lobster|Earthquake|p2a: Cloyster
|-damage|p2a: Cloyster|59/100
|
|upkeep
|turn|17
|inactive|Mr_Stonks0406 has 60 seconds left.
|
|t:|1759035178
|move|p1a: Lobster|Protect|p1a: Lobster
|-singleturn|p1a: Lobster|Protect
|move|p2a: Cloyster|Icicle Spear|p1a: Lobster
|-activate|p1a: Lobster|move: Protect
|
|upkeep
|turn|18
|inactive|Mr_Stonks0406 has 60 seconds left.
|c|☆Aaron53769|also not healing so pointless
|-message|Mr_Stonks0406 forfeited.
|
|win|Aaron53769
|raw|Mr_Stonks0406's rating: 1208 &rarr; <strong>1183</strong><br />(-25 for losing)
|raw|Aaron53769's rating: 1209 &rarr; <strong>1234</strong><br />(+25 for winning)
|l|☆Mr_Stonks0406
|player|p1|
|c|☆Aaron53769|random protects
|l|☆Aaron53769
|player|p2|
