|j|☆rulorules2
|j|☆December233
|t:|1758940666
|gametype|singles
|player|p1|rulorules2|red|1357
|player|p2|December233|evelyn|1326
|gen|9
|tier|[Gen 9] OU
|rated|
|rule|HP Percentage Mod: HP is shown in percentages
|rule|Endless Battle Clause: Forcing endless battles is banned
|rule|Species Clause: Limit one of each Pokémon
|rule|OHKO Clause: OHKO moves are banned
|rule|Evasion Items Clause: Evasion items are banned
|rule|Evasion Moves Clause: Evasion moves are banned
|rule|Evasion Abilities Clause: Evasion abilities are banned
|rule|Sleep Moves Clause: Sleep-inducing moves are banned
|clearpoke
|poke|p1|Zamazenta-*|
|poke|p1|Breloom, F|
|poke|p1|Great Tusk|
|poke|p1|Kingambit, M|
|poke|p1|Gholdengo|
|poke|p1|Garganacl, F|
|poke|p2|Skuntank, M|
|poke|p2|Porygon2|
|poke|p2|Gholdengo|
|poke|p2|Great Tusk|
|poke|p2|Primarina, M|
|poke|p2|Darkrai|
|teampreview
|inactive|Battle timer is ON: inactive players will automatically lose when time's up. (requested by rulorules2)
|
|t:|1758940702
|teamsize|p1|6
|teamsize|p2|6
|start
|switch|p1a: Great Tusk|Great Tusk|100/100
|switch|p2a: Skuntank|Skuntank, M|100/100
|-enditem|p1a: Great Tusk|Booster Energy
|-activate|p1a: Great Tusk|ability: Protosynthesis|[fromitem]
|-start|p1a: Great Tusk|protosynthesisatk
|turn|1
|inactive|rulorules2 has 120 seconds left.
|
|t:|1758940736
|move|p1a: Great Tusk|Stealth Rock|p2a: Skuntank
|-sidestart|p2: December233|move: Stealth Rock
|move|p2a: Skuntank|Toxic|p1a: Great Tusk
|-status|p1a: Great Tusk|tox
|
|-damage|p1a: Great Tusk|94/100 tox|[from] psn
|upkeep
|turn|2
|
|t:|1758940755
|move|p1a: Great Tusk|Headlong Rush|p2a: Skuntank
|-supereffective|p2a: Skuntank
|-damage|p2a: Skuntank|0 fnt
|-unboost|p1a: Great Tusk|def|1
|-unboost|p1a: Great Tusk|spd|1
|-damage|p1a: Great Tusk|70/100 tox|[from] ability: Aftermath|[of] p2a: Skuntank
|-damage|p1a: Great Tusk|53/100 tox|[from] item: Rocky Helmet|[of] p2a: Skuntank
|faint|p2a: Skuntank
|
|-damage|p1a: Great Tusk|41/100 tox|[from] psn
|upkeep
|
|t:|1758940765
|switch|p2a: Great Tusk|Great Tusk|100/100
|turn|3
|
|t:|1758940770
|-end|p1a: Great Tusk|Protosynthesis|[silent]
|switch|p1a: Gholdengo|Gholdengo|100/100
|move|p2a: Great Tusk|Stealth Rock|p1a: Gholdengo
|-sidestart|p1: rulorules2|move: Stealth Rock
|
|upkeep
|turn|4
|
|t:|1758940775
|move|p1a: Gholdengo|Trick|p2a: Great Tusk
|-activate|p1a: Gholdengo|move: Trick|[of] p2a: Great Tusk
|-item|p2a: Great Tusk|Choice Scarf|[from] move: Trick
|-item|p1a: Gholdengo|Heavy-Duty Boots|[from] move: Trick
|move|p2a: Great Tusk|Headlong Rush|p1a: Gholdengo
|-supereffective|p1a: Gholdengo
|-damage|p1a: Gholdengo|0 fnt
|-unboost|p2a: Great Tusk|def|1
|-unboost|p2a: Great Tusk|spd|1
|faint|p1a: Gholdengo
|
|upkeep
|
|t:|1758940793
|switch|p1a: Breloom|Breloom, F|100/100
|-damage|p1a: Breloom|94/100|[from] Stealth Rock
|turn|5
|
|t:|1758940799
|-end|p2a: Great Tusk|Protosynthesis|[silent]
|switch|p2a: Gholdengo|Gholdengo|100/100
|-damage|p2a: Gholdengo|94/100|[from] Stealth Rock
|move|p1a: Breloom|Bullet Seed|p2a: Gholdengo
|-resisted|p2a: Gholdengo
|-crit|p2a: Gholdengo
|-damage|p2a: Gholdengo|66/100
|-resisted|p2a: Gholdengo
|-damage|p2a: Gholdengo|47/100
|-resisted|p2a: Gholdengo
|-damage|p2a: Gholdengo|29/100
|-hitcount|p2a: Gholdengo|3
|
|upkeep
|turn|6
|
|t:|1758940814
|switch|p1a: Kingambit|Kingambit, M|100/100
|-damage|p1a: Kingambit|94/100|[from] Stealth Rock
|-activate|p1a: Kingambit|ability: Supreme Overlord
|-start|p1a: Kingambit|fallen1|[silent]
|move|p2a: Gholdengo|Trick|p1a: Kingambit
|-activate|p2a: Gholdengo|move: Trick|[of] p1a: Kingambit
|-item|p1a: Kingambit|Choice Scarf|[from] move: Trick
|-item|p2a: Gholdengo|Black Glasses|[from] move: Trick
|
|upkeep
|turn|7
|
|t:|1758940825
|switch|p2a: Great Tusk|Great Tusk|100/100
|-damage|p2a: Great Tusk|98/100|[from] Stealth Rock
|move|p1a: Kingambit|Iron Head|p2a: Great Tusk
|-damage|p2a: Great Tusk|60/100
|
|upkeep
|turn|8
|
|t:|1758940833
|-end|p1a: Kingambit|fallen1|[silent]
|switch|p1a: Great Tusk|Great Tusk|41/100 tox
|-damage|p1a: Great Tusk|38/100 tox|[from] Stealth Rock
|move|p2a: Great Tusk|Close Combat|p1a: Great Tusk
|-damage|p1a: Great Tusk|0 fnt
|-unboost|p2a: Great Tusk|def|1
|-unboost|p2a: Great Tusk|spd|1
|faint|p1a: Great Tusk
|-end|p1a: Great Tusk|Protosynthesis|[silent]
|
|upkeep
|
|t:|1758940851
|switch|p1a: Breloom|Breloom, F|94/100
|-damage|p1a: Breloom|88/100|[from] Stealth Rock
|turn|9
|
|t:|1758940855
|move|p1a: Breloom|Mach Punch|p2a: Great Tusk
|-damage|p2a: Great Tusk|0 fnt
|faint|p2a: Great Tusk
|-end|p2a: Great Tusk|Protosynthesis|[silent]
|
|upkeep
|
|t:|1758940859
|switch|p2a: Primarina|Primarina, M|100/100
|-damage|p2a: Primarina|88/100|[from] Stealth Rock
|turn|10
|
|t:|1758940870
|switch|p1a: Kingambit|Kingambit, M|94/100
|-damage|p1a: Kingambit|88/100|[from] Stealth Rock
|-activate|p1a: Kingambit|ability: Supreme Overlord
|-start|p1a: Kingambit|fallen2|[silent]
|move|p2a: Primarina|Substitute|p2a: Primarina
|-start|p2a: Primarina|Substitute
|-damage|p2a: Primarina|63/100
|
|-heal|p2a: Primarina|69/100|[from] item: Leftovers
|upkeep
|turn|11
|
|t:|1758940882
|move|p1a: Kingambit|Iron Head|p2a: Primarina
|-end|p2a: Primarina|Substitute
|move|p2a: Primarina|Moonblast|p1a: Kingambit
|-crit|p1a: Kingambit
|-damage|p1a: Kingambit|20/100
|
|-heal|p2a: Primarina|75/100|[from] item: Leftovers
|upkeep
|turn|12
|
|t:|1758940890
|switch|p2a: Porygon2|Porygon2|100/100
|-damage|p2a: Porygon2|88/100|[from] Stealth Rock
|-ability|p2a: Porygon2|Supreme Overlord|Trace|[from] ability: Trace|[of] p1a: Kingambit
|-activate|p2a: Porygon2|ability: Supreme Overlord
|-start|p2a: Porygon2|fallen2|[silent]
|move|p1a: Kingambit|Iron Head|p2a: Porygon2
|-damage|p2a: Porygon2|62/100
|
|upkeep
|turn|13
|
|t:|1758940903
|-end|p1a: Kingambit|fallen2|[silent]
|switch|p1a: Garganacl|Garganacl, F|100/100
|-damage|p1a: Garganacl|88/100|[from] Stealth Rock
|-end|p2a: Porygon2|fallen2|[silent]
|switch|p2a: Primarina|Primarina, M|75/100
|-damage|p2a: Primarina|63/100|[from] Stealth Rock
|
|-heal|p2a: Primarina|69/100|[from] item: Leftovers
|-heal|p1a: Garganacl|94/100|[from] item: Leftovers
|upkeep
|turn|14
|
|t:|1758940911
|-terastallize|p1a: Garganacl|Water
|move|p2a: Primarina|Substitute|p2a: Primarina
|-start|p2a: Primarina|Substitute
|-damage|p2a: Primarina|44/100
|move|p1a: Garganacl|Salt Cure|p2a: Primarina
|-activate|p2a: Primarina|move: Substitute|[damage]
|
|-heal|p2a: Primarina|50/100|[from] item: Leftovers
|-heal|p1a: Garganacl|100/100|[from] item: Leftovers
|upkeep
|turn|15
|
|t:|1758940917
|move|p2a: Primarina|Calm Mind|p2a: Primarina
|-boost|p2a: Primarina|spa|1
|-boost|p2a: Primarina|spd|1
|move|p1a: Garganacl|Salt Cure|p2a: Primarina
|-end|p2a: Primarina|Substitute
|
|-heal|p2a: Primarina|56/100|[from] item: Leftovers
|upkeep
|turn|16
|
|t:|1758940925
|switch|p1a: Breloom|Breloom, F|88/100
|-damage|p1a: Breloom|82/100|[from] Stealth Rock
|move|p2a: Primarina|Substitute|p2a: Primarina
|-start|p2a: Primarina|Substitute
|-damage|p2a: Primarina|32/100
|
|-heal|p2a: Primarina|38/100|[from] item: Leftovers
|upkeep
|turn|17
|
|t:|1758940933
|-terastallize|p2a: Primarina|Steel
|move|p1a: Breloom|Bullet Seed|p2a: Primarina
|-resisted|p2a: Primarina
|-activate|p2a: Primarina|move: Substitute|[damage]
|-resisted|p2a: Primarina
|-end|p2a: Primarina|Substitute
|-resisted|p2a: Primarina
|-damage|p2a: Primarina|21/100
|-resisted|p2a: Primarina
|-damage|p2a: Primarina|5/100
|-resisted|p2a: Primarina
|-damage|p2a: Primarina|0 fnt
|faint|p2a: Primarina
|-hitcount|p2: Primarina|5
|
|upkeep
|-message|December233 forfeited.
|
|win|rulorules2
|raw|rulorules2's rating: 1357 &rarr; <strong>1375</strong><br />(+18 for winning)
|raw|December233's rating: 1326 &rarr; <strong>1308</strong><br />(-18 for losing)
|l|☆December233
|player|p2|
|l|☆rulorules2
|player|p1|
