|j|☆epsama
|j|☆BigShteve
|t:|1758941172
|gametype|singles
|player|p1|epsama|red|1523
|player|p2|BigShteve|266|1545
|gen|9
|tier|[Gen 9] OU
|rated|
|rule|HP Percentage Mod: HP is shown in percentages
|rule|Endless Battle Clause: Forcing endless battles is banned
|rule|Species Clause: Limit one of each Pokémon
|rule|OHKO Clause: OHKO moves are banned
|rule|Evasion Items Clause: Evasion items are banned
|rule|Evasion Moves Clause: Evasion moves are banned
|rule|Evasion Abilities Clause: Evasion abilities are banned
|rule|Sleep Moves Clause: Sleep-inducing moves are banned
|clearpoke
|poke|p1|Great Tusk|
|poke|p1|Heatran, M|
|poke|p1|Weavile, M|
|poke|p1|Primarina, M|
|poke|p1|Ogerpon, F|
|poke|p1|Pecharunt|
|poke|p2|Ninetales, M|
|poke|p2|Hatterene, F|
|poke|p2|Walking Wake|
|poke|p2|Iron Moth|
|poke|p2|Slither Wing|
|poke|p2|Landorus-Therian, M|
|teampreview
|
|t:|1758941187
|teamsize|p1|6
|teamsize|p2|6
|start
|switch|p1a: Behemoth|Great Tusk, shiny|100/100
|switch|p2a: Ninetales|Ninetales, M|100/100
|-weather|SunnyDay|[from] ability: Drought|[of] p2a: Ninetales
|-activate|p1a: Behemoth|ability: Protosynthesis
|-start|p1a: Behemoth|protosynthesisatk
|turn|1
|inactive|Battle timer is ON: inactive players will automatically lose when time's up. (requested by BigShteve)
|
|t:|1758941201
|switch|p2a: Hatterene|Hatterene, F|100/100
|move|p1a: Behemoth|Rapid Spin|p2a: Hatterene
|-damage|p2a: Hatterene|82/100
|-boost|p1a: Behemoth|spe|1
|-enditem|p2a: Hatterene|Eject Button
|
|t:|1758941208
|switch|p2a: Walking Wake|Walking Wake|100/100
|-activate|p2a: Walking Wake|ability: Protosynthesis
|-start|p2a: Walking Wake|protosynthesisspe
|
|-weather|SunnyDay|[upkeep]
|upkeep
|turn|2
|
|t:|1758941216
|-end|p1a: Behemoth|Protosynthesis|[silent]
|switch|p1a: Celestine|Primarina, M, shiny|100/100
|move|p2a: Walking Wake|Hydro Steam|p1a: Celestine
|-resisted|p1a: Celestine
|-damage|p1a: Celestine|73/100
|
|-weather|SunnyDay|[upkeep]
|upkeep
|turn|3
|
|t:|1758941231
|-end|p2a: Walking Wake|Protosynthesis|[silent]
|switch|p2a: Slither Wing|Slither Wing|100/100
|-activate|p2a: Slither Wing|ability: Protosynthesis
|-start|p2a: Slither Wing|protosynthesisatk
|move|p1a: Celestine|Moonblast|p2a: Slither Wing
|-supereffective|p2a: Slither Wing
|-damage|p2a: Slither Wing|25/100
|
|-weather|SunnyDay|[upkeep]
|upkeep
|turn|4
|
|t:|1758941244
|switch|p1a: Overseer|Pecharunt|100/100
|move|p2a: Slither Wing|U-turn|p1a: Overseer
|-resisted|p1a: Overseer
|-damage|p1a: Overseer|94/100
|-damage|p2a: Slither Wing|8/100|[from] item: Rocky Helmet|[of] p1a: Overseer
|
|t:|1758941254
|-end|p2a: Slither Wing|Protosynthesis|[silent]
|switch|p2a: Walking Wake|Walking Wake|100/100|[from] U-turn
|-activate|p2a: Walking Wake|ability: Protosynthesis
|-start|p2a: Walking Wake|protosynthesisspe
|
|-weather|SunnyDay|[upkeep]
|upkeep
|turn|5
|
|t:|1758941276
|move|p2a: Walking Wake|Hydro Steam|p1a: Overseer
|-damage|p1a: Overseer|0 fnt
|faint|p1a: Overseer
|
|-weather|SunnyDay|[upkeep]
|upkeep
|
|t:|1758941290
|switch|p1a: Celestine|Primarina, M, shiny|73/100
|turn|6
|inactive|BigShteve has 120 seconds left.
|
|t:|1758941329
|move|p2a: Walking Wake|Hydro Steam|p1a: Celestine
|-resisted|p1a: Celestine
|-damage|p1a: Celestine|49/100
|move|p1a: Celestine|Psychic Noise|p2a: Walking Wake
|-resisted|p2a: Walking Wake
|-damage|p2a: Walking Wake|94/100
|-start|p2a: Walking Wake|move: Heal Block
|
|-weather|SunnyDay|[upkeep]
|upkeep
|turn|7
|
|t:|1758941340
|move|p2a: Walking Wake|Hydro Steam|p1a: Celestine
|-resisted|p1a: Celestine
|-damage|p1a: Celestine|23/100
|move|p1a: Celestine|Moonblast|p2a: Walking Wake
|-supereffective|p2a: Walking Wake
|-damage|p2a: Walking Wake|0 fnt
|faint|p2a: Walking Wake
|-end|p2a: Walking Wake|Protosynthesis|[silent]
|
|-weather|SunnyDay|[upkeep]
|upkeep
|inactive|BigShteve has 90 seconds left.
|
|t:|1758941372
|switch|p2a: Slither Wing|Slither Wing|8/100
|-activate|p2a: Slither Wing|ability: Protosynthesis
|-start|p2a: Slither Wing|protosynthesisatk
|turn|8
|
|t:|1758941379
|move|p2a: Slither Wing|U-turn|p1a: Celestine
|-resisted|p1a: Celestine
|-damage|p1a: Celestine|0 fnt
|faint|p1a: Celestine
|
|t:|1758941386
|-end|p2a: Slither Wing|Protosynthesis|[silent]
|switch|p2a: Hatterene|Hatterene, F|82/100|[from] U-turn
|
|-weather|none
|upkeep
|
|t:|1758941414
|switch|p1a: Chaos|Heatran, M, shiny|100/100
|-item|p1a: Chaos|Air Balloon
|turn|9
|
|t:|1758941418
|move|p1a: Chaos|Stealth Rock|p2a: Hatterene
|move|p2a: Hatterene|Stealth Rock|p1a: Chaos|[from] ability: Magic Bounce
|-sidestart|p1: epsama|move: Stealth Rock
|move|p2a: Hatterene|Nuzzle|p1a: Chaos
|-damage|p1a: Chaos|97/100
|-status|p1a: Chaos|par
|-enditem|p1a: Chaos|Air Balloon
|
|upkeep
|turn|10
|
|t:|1758941432
|switch|p2a: Landorus|Landorus-Therian, M|100/100
|-ability|p2a: Landorus|Intimidate|boost
|-unboost|p1a: Chaos|atk|1
|cant|p1a: Chaos|par
|
|upkeep
|turn|11
|
|t:|1758941441
|switch|p1a: Behemoth|Great Tusk, shiny|100/100
|move|p2a: Landorus|U-turn|p1a: Behemoth
|-resisted|p1a: Behemoth
|-damage|p1a: Behemoth|93/100
|
|t:|1758941448
|switch|p2a: Hatterene|Hatterene, F|82/100|[from] U-turn
|
|upkeep
|turn|12
|
|t:|1758941468
|move|p1a: Behemoth|Knock Off|p2a: Hatterene
|-damage|p2a: Hatterene|62/100
|move|p2a: Hatterene|Draining Kiss|p1a: Behemoth
|-supereffective|p1a: Behemoth
|-damage|p1a: Behemoth|23/100
|-heal|p2a: Hatterene|100/100|[from] drain|[of] p1a: Behemoth
|
|upkeep
|turn|13
|
|t:|1758941476
|move|p1a: Behemoth|Rapid Spin|p2a: Hatterene
|-crit|p2a: Hatterene
|-damage|p2a: Hatterene|80/100
|-boost|p1a: Behemoth|spe|1
|-sideend|p1: epsama|Stealth Rock|[from] move: Rapid Spin|[of] p1a: Behemoth
|move|p2a: Hatterene|Psychic Noise|p1a: Behemoth
|-supereffective|p1a: Behemoth
|-damage|p1a: Behemoth|0 fnt
|faint|p1a: Behemoth
|-end|p1a: Behemoth|Protosynthesis|[silent]
|
|upkeep
|
|t:|1758941485
|switch|p1a: Chaos|Heatran, M, shiny|97/100 par
|turn|14
|
|t:|1758941495
|switch|p2a: Landorus|Landorus-Therian, M|100/100
|-ability|p2a: Landorus|Intimidate|boost
|-unboost|p1a: Chaos|atk|1
|cant|p1a: Chaos|par
|
|upkeep
|turn|15
|
|t:|1758941520
|-terastallize|p1a: Chaos|Flying
|move|p2a: Landorus|Earthquake|p1a: Chaos
|-immune|p1a: Chaos
|move|p1a: Chaos|Lava Plume|p2a: Landorus
|-damage|p2a: Landorus|66/100
|
|upkeep
|turn|16
|
|t:|1758941531
|move|p2a: Landorus|U-turn|p1a: Chaos
|-resisted|p1a: Chaos
|-damage|p1a: Chaos|88/100 par
|
|t:|1758941540
|switch|p2a: Ninetales|Ninetales, M|100/100|[from] U-turn
|-weather|SunnyDay|[from] ability: Drought|[of] p2a: Ninetales
|move|p1a: Chaos|Lava Plume|p2a: Ninetales
|-resisted|p2a: Ninetales
|-damage|p2a: Ninetales|76/100
|
|-weather|SunnyDay|[upkeep]
|upkeep
|turn|17
|
|t:|1758941553
|move|p2a: Ninetales|Encore|p1a: Chaos
|-start|p1a: Chaos|Encore
|move|p1a: Chaos|Lava Plume|p2a: Ninetales
|-resisted|p2a: Ninetales
|-damage|p2a: Ninetales|52/100
|
|-weather|SunnyDay|[upkeep]
|upkeep
|turn|18
|
|t:|1758941560
|move|p2a: Ninetales|Healing Wish|p2a: Ninetales
|faint|p2a: Ninetales
|move|p1a: Chaos|Lava Plume|p2: Ninetales|[notarget]
|-fail|p1a: Chaos
|
|-weather|SunnyDay|[upkeep]
|upkeep
|
|t:|1758941562
|switch|p2a: Iron Moth|Iron Moth|100/100
|-enditem|p2a: Iron Moth|Booster Energy
|-activate|p2a: Iron Moth|ability: Quark Drive|[fromitem]
|-start|p2a: Iron Moth|quarkdrivespe
|turn|19
|
|t:|1758941581
|move|p2a: Iron Moth|Acid Spray|p1a: Chaos
|-damage|p1a: Chaos|75/100 par
|-unboost|p1a: Chaos|spd|2
|move|p1a: Chaos|Lava Plume|p2a: Iron Moth
|-resisted|p2a: Iron Moth
|-damage|p2a: Iron Moth|72/100
|
|-weather|SunnyDay|[upkeep]
|-end|p1a: Chaos|Encore
|upkeep
|turn|20
|
|t:|1758941590
|move|p2a: Iron Moth|Sludge Wave|p1a: Chaos
|-damage|p1a: Chaos|16/100 par
|move|p1a: Chaos|Earth Power|p2a: Iron Moth
|-supereffective|p2a: Iron Moth
|-damage|p2a: Iron Moth|0 fnt
|faint|p2a: Iron Moth
|-end|p2a: Iron Moth|Quark Drive|[silent]
|
|-weather|SunnyDay|[upkeep]
|upkeep
|
|t:|1758941604
|switch|p2a: Hatterene|Hatterene, F|80/100
|-heal|p2a: Hatterene|100/100|[from] move: Healing Wish
|turn|21
|
|t:|1758941611
|move|p2a: Hatterene|Draining Kiss|p1a: Chaos
|-damage|p1a: Chaos|0 fnt
|faint|p1a: Chaos
|
|-weather|SunnyDay|[upkeep]
|upkeep
|
|t:|1758941626
|switch|p1a: Anonymous|Ogerpon, F|100/100
|turn|22
|
|t:|1758941640
|move|p1a: Anonymous|Ivy Cudgel|p2a: Hatterene
|-crit|p2a: Hatterene
|-damage|p2a: Hatterene|13/100
|move|p2a: Hatterene|Draining Kiss|p1a: Anonymous
|-damage|p1a: Anonymous|74/100
|-heal|p2a: Hatterene|32/100|[from] drain|[of] p1a: Anonymous
|
|-weather|SunnyDay|[upkeep]
|upkeep
|turn|23
|
|t:|1758941647
|move|p1a: Anonymous|Ivy Cudgel|p2a: Hatterene
|-damage|p2a: Hatterene|0 fnt
|faint|p2a: Hatterene
|
|-weather|none
|upkeep
|
|t:|1758941650
|switch|p2a: Slither Wing|Slither Wing|8/100
|turn|24
|
|t:|1758941672
|switch|p1a: Bandit|Weavile, M, shiny|100/100
|-ability|p1a: Bandit|Pressure
|move|p2a: Slither Wing|First Impression|p1a: Bandit
|-supereffective|p1a: Bandit
|-damage|p1a: Bandit|0 fnt
|faint|p1a: Bandit
|
|upkeep
|
|t:|1758941676
|switch|p1a: Anonymous|Ogerpon, F|74/100
|turn|25
|
|t:|1758941681
|-end|p2a: Slither Wing|Protosynthesis|[silent]
|switch|p2a: Landorus|Landorus-Therian, M|66/100
|-ability|p2a: Landorus|Intimidate|boost
|-unboost|p1a: Anonymous|atk|1
|-ability|p1a: Anonymous|Defiant|boost
|-boost|p1a: Anonymous|atk|2
|move|p1a: Anonymous|Ivy Cudgel|p2a: Landorus
|-damage|p2a: Landorus|0 fnt
|faint|p2a: Landorus
|
|upkeep
|
|t:|1758941683
|switch|p2a: Slither Wing|Slither Wing|8/100
|turn|26
|
|t:|1758941685
|move|p2a: Slither Wing|First Impression|p1a: Anonymous
|-supereffective|p1a: Anonymous
|-damage|p1a: Anonymous|0 fnt
|faint|p1a: Anonymous
|
|win|BigShteve
|raw|epsama's rating: 1523 &rarr; <strong>1504</strong><br />(-19 for losing)
|raw|BigShteve's rating: 1545 &rarr; <strong>1564</strong><br />(+19 for winning)
|l|☆epsama
|player|p1|
