|j|☆UserJexx
|j|☆Branden Kim Dokjaa
|t:|1759033405
|gametype|singles
|player|p1|UserJexx|lusamine-nihilego|1465
|player|p2|Branden Kim Dokjaa|cynthia-masters3|1392
|gen|9
|tier|[Gen 9] OU
|rated|
|rule|HP Percentage Mod: HP is shown in percentages
|rule|Endless Battle Clause: Forcing endless battles is banned
|rule|Species Clause: Limit one of each Pokémon
|rule|OHKO Clause: OHKO moves are banned
|rule|Evasion Items Clause: Evasion items are banned
|rule|Evasion Moves Clause: Evasion moves are banned
|rule|Evasion Abilities Clause: Evasion abilities are banned
|rule|Sleep Moves Clause: Sleep-inducing moves are banned
|clearpoke
|poke|p1|Hatterene, F|
|poke|p1|Goodra-Hisui, M|
|poke|p1|Corviknight, M|
|poke|p1|Gastrodon-East, M|
|poke|p1|Ditto|
|poke|p1|Ceruledge, F|
|poke|p2|Lycanroc-Dusk, M|
|poke|p2|Latios, M|
|poke|p2|Great Tusk|
|poke|p2|Hatterene, F|
|poke|p2|Dragonite, F|
|poke|p2|Iron Valiant|
|teampreview
|inactive|Battle timer is ON: inactive players will automatically lose when time's up. (requested by Branden Kim Dokjaa)
|
|t:|1759033414
|teamsize|p1|6
|teamsize|p2|6
|start
|switch|p1a: Respiration III|Gastrodon-East, M|100/100
|switch|p2a: Latios|Latios, M|100/100
|turn|1
|
|t:|1759033417
|move|p2a: Latios|Luster Purge|p1a: Respiration III
|-damage|p1a: Respiration III|57/100
|move|p1a: Respiration III|Ice Beam|p2a: Latios
|-supereffective|p2a: Latios
|-damage|p2a: Latios|67/100
|
|-heal|p1a: Respiration III|63/100|[from] item: Leftovers
|upkeep
|turn|2
|
|t:|1759033437
|switch|p1a: Protection IV|Goodra-Hisui, M|100/100
|move|p2a: Latios|Flip Turn|p1a: Protection IV
|-resisted|p1a: Protection IV
|-damage|p1a: Protection IV|96/100
|
|t:|1759033442
|switch|p2a: Lycanroc|Lycanroc-Dusk, M|100/100|[from] Flip Turn
|
|upkeep
|turn|3
|
|t:|1759033446
|switch|p1a: Thorns II|Corviknight, M|100/100
|-ability|p1a: Thorns II|Pressure
|move|p2a: Lycanroc|Close Combat|p1a: Thorns II
|-damage|p1a: Thorns II|39/100
|-unboost|p2a: Lycanroc|def|1
|-unboost|p2a: Lycanroc|spd|1
|-damage|p2a: Lycanroc|84/100|[from] item: Rocky Helmet|[of] p1a: Thorns II
|
|upkeep
|turn|4
|
|t:|1759033455
|switch|p2a: Great Tusk|Great Tusk|100/100
|move|p1a: Thorns II|Roost|p1a: Thorns II
|-heal|p1a: Thorns II|89/100
|-singleturn|p1a: Thorns II|move: Roost
|
|upkeep
|turn|5
|
|t:|1759033458
|switch|p1a: Looting II|Hatterene, F, shiny|100/100
|move|p2a: Great Tusk|Knock Off|p1a: Looting II
|-damage|p1a: Looting II|69/100
|-enditem|p1a: Looting II|Big Root|[from] move: Knock Off|[of] p2a: Great Tusk
|
|upkeep
|turn|6
|
|t:|1759033486
|-end|p2a: Great Tusk|Protosynthesis|[silent]
|switch|p2a: Hatterene|Hatterene, F|100/100
|move|p1a: Looting II|Draining Kiss|p2a: Hatterene
|-crit|p2a: Hatterene
|-damage|p2a: Hatterene|53/100
|-heal|p1a: Looting II|100/100|[from] drain|[of] p2a: Hatterene
|
|-heal|p2a: Hatterene|59/100|[from] item: Leftovers
|upkeep
|turn|7
|
|t:|1759033493
|switch|p1a: Protection IV|Goodra-Hisui, M|96/100
|move|p2a: Hatterene|Swords Dance|p2a: Hatterene
|-boost|p2a: Hatterene|atk|2
|
|-heal|p2a: Hatterene|65/100|[from] item: Leftovers
|upkeep
|turn|8
|
|t:|1759033499
|move|p1a: Protection IV|Heavy Slam|p2a: Hatterene
|-supereffective|p2a: Hatterene
|-damage|p2a: Hatterene|0 fnt
|faint|p2a: Hatterene
|
|upkeep
|
|t:|1759033501
|switch|p2a: Lycanroc|Lycanroc-Dusk, M|84/100
|turn|9
|
|t:|1759033505
|-terastallize|p1a: Protection IV|Flying
|move|p2a: Lycanroc|Stone Edge|p1a: Protection IV
|-supereffective|p1a: Protection IV
|-damage|p1a: Protection IV|0 fnt
|faint|p1a: Protection IV
|
|upkeep
|
|t:|1759033511
|switch|p1a: Sharpness V|Ceruledge, F|100/100
|turn|10
|
|t:|1759033525
|move|p1a: Sharpness V|Close Combat|p2a: Lycanroc
|-supereffective|p2a: Lycanroc
|-damage|p2a: Lycanroc|0 fnt
|-unboost|p1a: Sharpness V|def|1
|-unboost|p1a: Sharpness V|spd|1
|faint|p2a: Lycanroc
|
|upkeep
|
|t:|1759033530
|switch|p2a: Dragonite|Dragonite, F|100/100
|turn|11
|
|t:|1759033534
|switch|p1a: Thorns II|Corviknight, M|89/100
|-ability|p1a: Thorns II|Pressure
|move|p2a: Dragonite|Dragon Dance|p2a: Dragonite
|-boost|p2a: Dragonite|atk|1
|-boost|p2a: Dragonite|spe|1
|
|upkeep
|turn|12
|inactive|Branden Kim Dokjaa has 120 seconds left.
|
|t:|1759033584
|move|p2a: Dragonite|Fire Punch|p1a: Thorns II
|-supereffective|p1a: Thorns II
|-damage|p1a: Thorns II|15/100
|-damage|p2a: Dragonite|84/100|[from] item: Rocky Helmet|[of] p1a: Thorns II
|move|p1a: Thorns II|Body Press|p2a: Dragonite
|-resisted|p2a: Dragonite
|-damage|p2a: Dragonite|73/100
|
|upkeep
|turn|13
|
|t:|1759033592
|move|p2a: Dragonite|Dragon Dance|p2a: Dragonite
|-boost|p2a: Dragonite|atk|1
|-boost|p2a: Dragonite|spe|1
|move|p1a: Thorns II|Roost|p1a: Thorns II
|-heal|p1a: Thorns II|65/100
|-singleturn|p1a: Thorns II|move: Roost
|
|upkeep
|turn|14
|
|t:|1759033599
|switch|p1a: Respiration III|Gastrodon-East, M|63/100
|move|p2a: Dragonite|Roost|p2a: Dragonite
|-heal|p2a: Dragonite|100/100
|-singleturn|p2a: Dragonite|move: Roost
|
|-heal|p1a: Respiration III|69/100|[from] item: Leftovers
|upkeep
|turn|15
|
|t:|1759033603
|move|p2a: Dragonite|Extreme Speed|p1a: Respiration III
|-damage|p1a: Respiration III|0 fnt
|faint|p1a: Respiration III
|
|upkeep
|
|t:|1759033605
|switch|p1a: Curse of Binding|Ditto|100/100
|-transform|p1a: Curse of Binding|p2a: Dragonite|[from] ability: Imposter
|turn|16
|
|t:|1759033610
|move|p1a: Curse of Binding|Extreme Speed|p2a: Dragonite
|-damage|p2a: Dragonite|67/100
|move|p2a: Dragonite|Extreme Speed|p1a: Curse of Binding
|-damage|p1a: Curse of Binding|65/100
|
|upkeep
|turn|17
|
|t:|1759033616
|move|p1a: Curse of Binding|Extreme Speed|p2a: Dragonite
|-damage|p2a: Dragonite|0 fnt
|faint|p2a: Dragonite
|
|upkeep
|
|t:|1759033620
|switch|p2a: Iron Valiant|Iron Valiant|100/100
|-enditem|p2a: Iron Valiant|Booster Energy
|-activate|p2a: Iron Valiant|ability: Quark Drive|[fromitem]
|-start|p2a: Iron Valiant|quarkdrivespe
|turn|18
|
|t:|1759033629
|-terastallize|p2a: Iron Valiant|Ghost
|move|p1a: Curse of Binding|Extreme Speed|p2a: Iron Valiant
|-immune|p2a: Iron Valiant
|move|p2a: Iron Valiant|Calm Mind|p2a: Iron Valiant
|-boost|p2a: Iron Valiant|spa|1
|-boost|p2a: Iron Valiant|spd|1
|
|upkeep
|turn|19
|
|t:|1759033633
|switch|p1a: Thorns II|Corviknight, M|65/100
|-ability|p1a: Thorns II|Pressure
|move|p2a: Iron Valiant|Calm Mind|p2a: Iron Valiant
|-boost|p2a: Iron Valiant|spa|1
|-boost|p2a: Iron Valiant|spd|1
|
|upkeep
|turn|20
|
|t:|1759033638
|move|p2a: Iron Valiant|Shadow Ball|p1a: Thorns II
|-damage|p1a: Thorns II|13/100
|move|p1a: Thorns II|Roost|p1a: Thorns II
|-heal|p1a: Thorns II|63/100
|-singleturn|p1a: Thorns II|move: Roost
|
|upkeep
|turn|21
|
|t:|1759033641
|move|p2a: Iron Valiant|Shadow Ball|p1a: Thorns II
|-damage|p1a: Thorns II|13/100
|-unboost|p1a: Thorns II|spd|1
|move|p1a: Thorns II|Roost|p1a: Thorns II
|-heal|p1a: Thorns II|63/100
|-singleturn|p1a: Thorns II|move: Roost
|
|upkeep
|turn|22
|
|t:|1759033644
|move|p2a: Iron Valiant|Shadow Ball|p1a: Thorns II
|-damage|p1a: Thorns II|0 fnt
|faint|p1a: Thorns II
|
|upkeep
|
|t:|1759033647
|switch|p1a: Curse of Binding|Ditto|65/100
|-transform|p1a: Curse of Binding|p2a: Iron Valiant|[from] ability: Imposter
|-start|p1a: Curse of Binding|typechange|Fairy/Fighting|[silent]
|turn|23
|
|t:|1759033653
|move|p2a: Iron Valiant|Shadow Ball|p1a: Curse of Binding
|-damage|p1a: Curse of Binding|0 fnt
|faint|p1a: Curse of Binding
|-end|p1a: Curse of Binding|Quark Drive|[silent]
|
|upkeep
|
|t:|1759033657
|switch|p1a: Sharpness V|Ceruledge, F|100/100
|turn|24
|
|t:|1759033659
|move|p2a: Iron Valiant|Shadow Ball|p1a: Sharpness V
|-supereffective|p1a: Sharpness V
|-damage|p1a: Sharpness V|0 fnt
|faint|p1a: Sharpness V
|
|upkeep
|-message|UserJexx forfeited.
|
|win|Branden Kim Dokjaa
|raw|UserJexx's rating: 1465 &rarr; <strong>1441</strong><br />(-24 for losing)
|raw|Branden Kim Dokjaa's rating: 1393 &rarr; <strong>1417</strong><br />(+24 for winning)
|l|☆UserJexx
|player|p1|
|l|☆Branden Kim Dokjaa
|player|p2|
