|j|☆Tim and moby
|j|☆viutil
|t:|1759066673
|gametype|singles
|player|p1|Tim and moby|smasher|1535
|player|p2|viutil|1|1608
|gen|9
|tier|[Gen 9] OU
|rated|
|rule|HP Percentage Mod: HP is shown in percentages
|rule|Endless Battle Clause: Forcing endless battles is banned
|rule|Species Clause: Limit one of each Pokémon
|rule|OHKO Clause: OHKO moves are banned
|rule|Evasion Items Clause: Evasion items are banned
|rule|Evasion Moves Clause: Evasion moves are banned
|rule|Evasion Abilities Clause: Evasion abilities are banned
|rule|Sleep Moves Clause: Sleep-inducing moves are banned
|clearpoke
|poke|p1|Zapdos|
|poke|p1|Azumarill, M|
|poke|p1|Hydrapple, M|
|poke|p1|Excadrill, M|
|poke|p1|Tyranitar, M|
|poke|p1|Slowking-Galar, M|
|poke|p2|Kyurem|
|poke|p2|Ogerpon-Cornerstone, F|
|poke|p2|Cinderace, M|
|poke|p2|Slowking-Galar, M|
|poke|p2|Dragapult, F|
|poke|p2|Iron Valiant|
|teampreview
|
|t:|1759066691
|teamsize|p1|6
|teamsize|p2|6
|start
|switch|p1a: Slowking|Slowking-Galar, M|100/100
|switch|p2a: Ogerpon|Ogerpon-Cornerstone, F|100/100
|turn|1
|
|t:|1759066696
|move|p2a: Ogerpon|Knock Off|p1a: Slowking
|-supereffective|p1a: Slowking
|-damage|p1a: Slowking|14/100
|-enditem|p1a: Slowking|Heavy-Duty Boots|[from] move: Knock Off|[of] p2a: Ogerpon
|move|p1a: Slowking|Thunder Wave|p2a: Ogerpon
|-status|p2a: Ogerpon|par
|
|upkeep
|turn|2
|
|t:|1759066705
|switch|p1a: Zapdos|Zapdos|100/100
|move|p2a: Ogerpon|Knock Off|p1a: Zapdos
|-damage|p1a: Zapdos|64/100
|-enditem|p1a: Zapdos|Heavy-Duty Boots|[from] move: Knock Off|[of] p2a: Ogerpon
|
|upkeep
|turn|3
|
|t:|1759066717
|move|p1a: Zapdos|Heat Wave|p2a: Ogerpon
|-damage|p2a: Ogerpon|57/100 par
|move|p2a: Ogerpon|Ivy Cudgel|p1a: Zapdos|[anim] Ivy Cudgel Rock
|-supereffective|p1a: Zapdos
|-damage|p1a: Zapdos|0 fnt
|faint|p1a: Zapdos
|
|upkeep
|
|t:|1759066724
|switch|p1a: Excadrill|Excadrill, M|100/100
|-item|p1a: Excadrill|Air Balloon
|turn|4
|
|t:|1759066729
|move|p1a: Excadrill|Iron Head|p2a: Ogerpon
|-supereffective|p2a: Ogerpon
|-damage|p2a: Ogerpon|0 fnt
|faint|p2a: Ogerpon
|
|upkeep
|
|t:|1759066732
|switch|p2a: Cinderace|Cinderace, M|100/100
|turn|5
|
|t:|1759066742
|switch|p1a: Hydrapple|Hydrapple, M|100/100
|move|p2a: Cinderace|U-turn|p1a: Hydrapple
|-start|p2a: Cinderace|typechange|Bug|[from] ability: Libero
|-supereffective|p1a: Hydrapple
|-damage|p1a: Hydrapple|47/100
|
|t:|1759066745
|switch|p2a: Dragapult|Dragapult, F|100/100|[from] U-turn
|
|upkeep
|turn|6
|
|t:|1759066754
|-terastallize|p1a: Hydrapple|Fairy
|move|p2a: Dragapult|U-turn|p1a: Hydrapple
|-resisted|p1a: Hydrapple
|-damage|p1a: Hydrapple|41/100
|
|t:|1759066757
|switch|p2a: Slowking|Slowking-Galar, M|100/100|[from] U-turn
|move|p1a: Hydrapple|Fickle Beam|p2a: Slowking
|-damage|p2a: Slowking|72/100
|
|upkeep
|turn|7
|
|t:|1759066765
|switch|p1a: Tyranitar|Tyranitar, M|100/100
|-weather|Sandstorm|[from] ability: Sand Stream|[of] p1a: Tyranitar
|move|p2a: Slowking|Future Sight|p1a: Tyranitar
|-start|p2a: Slowking|move: Future Sight
|
|-weather|Sandstorm|[upkeep]
|-damage|p2a: Slowking|65/100|[from] Sandstorm
|upkeep
|turn|8
|
|t:|1759066780
|switch|p2a: Iron Valiant|Iron Valiant|100/100
|-enditem|p2a: Iron Valiant|Booster Energy
|-activate|p2a: Iron Valiant|ability: Quark Drive|[fromitem]
|-start|p2a: Iron Valiant|quarkdrivespe
|move|p1a: Tyranitar|Knock Off|p2a: Iron Valiant
|-resisted|p2a: Iron Valiant
|-crit|p2a: Iron Valiant
|-damage|p2a: Iron Valiant|86/100
|
|-weather|Sandstorm|[upkeep]
|-damage|p2a: Iron Valiant|80/100|[from] Sandstorm
|upkeep
|turn|9
|
|t:|1759066790
|switch|p1a: Slowking|Slowking-Galar, M|47/100
|move|p2a: Iron Valiant|Aura Sphere|p1a: Slowking
|-resisted|p1a: Slowking
|-damage|p1a: Slowking|41/100
|
|-weather|Sandstorm|[upkeep]
|-damage|p2a: Iron Valiant|74/100|[from] Sandstorm
|-damage|p1a: Slowking|35/100|[from] Sandstorm
|-end|p1a: Slowking|move: Future Sight
|-damage|p1a: Slowking|1/100
|upkeep
|turn|10
|
|t:|1759066804
|switch|p1a: Azumarill|Azumarill, M|100/100
|move|p2a: Iron Valiant|Moonblast|p1a: Azumarill
|-crit|p1a: Azumarill
|-damage|p1a: Azumarill|55/100
|
|-weather|Sandstorm|[upkeep]
|-damage|p2a: Iron Valiant|68/100|[from] Sandstorm
|-damage|p1a: Azumarill|49/100|[from] Sandstorm
|upkeep
|turn|11
|
|t:|1759066813
|move|p2a: Iron Valiant|Moonblast|p1a: Azumarill
|-damage|p1a: Azumarill|19/100
|move|p1a: Azumarill|Play Rough|p2a: Iron Valiant
|-supereffective|p2a: Iron Valiant
|-damage|p2a: Iron Valiant|0 fnt
|faint|p2a: Iron Valiant
|-end|p2a: Iron Valiant|Quark Drive|[silent]
|
|-weather|none
|upkeep
|
|t:|1759066817
|switch|p2a: Dragapult|Dragapult, F|100/100
|turn|12
|
|t:|1759066834
|move|p2a: Dragapult|Shadow Ball|p1a: Azumarill
|-damage|p1a: Azumarill|0 fnt
|faint|p1a: Azumarill
|
|upkeep
|
|t:|1759066838
|switch|p1a: Tyranitar|Tyranitar, M|100/100
|-weather|Sandstorm|[from] ability: Sand Stream|[of] p1a: Tyranitar
|turn|13
|
|t:|1759066856
|move|p2a: Dragapult|Shadow Ball|p1a: Tyranitar
|-resisted|p1a: Tyranitar
|-damage|p1a: Tyranitar|90/100
|move|p1a: Tyranitar|Knock Off|p2a: Dragapult
|-supereffective|p2a: Dragapult
|-damage|p2a: Dragapult|0 fnt
|-enditem|p2a: Dragapult|Choice Specs|[from] move: Knock Off|[of] p1a: Tyranitar
|faint|p2a: Dragapult
|
|-weather|Sandstorm|[upkeep]
|-heal|p1a: Tyranitar|96/100|[from] item: Leftovers
|upkeep
|
|t:|1759066860
|switch|p2a: Cinderace|Cinderace, M|100/100
|turn|14
|
|t:|1759066875
|switch|p1a: Slowking|Slowking-Galar, M|34/100
|move|p2a: Cinderace|High Jump Kick|p1a: Slowking
|-start|p2a: Cinderace|typechange|Fighting|[from] ability: Libero
|-resisted|p1a: Slowking
|-damage|p1a: Slowking|18/100
|
|-weather|Sandstorm|[upkeep]
|-damage|p2a: Cinderace|95/100|[from] Sandstorm
|-damage|p1a: Slowking|11/100|[from] Sandstorm
|upkeep
|turn|15
|
|t:|1759066890
|switch|p1a: Hydrapple|Hydrapple, M, tera:Fairy|74/100
|move|p2a: Cinderace|Pyro Ball|p1a: Hydrapple
|-damage|p1a: Hydrapple|47/100
|
|-weather|Sandstorm|[upkeep]
|-damage|p2a: Cinderace|89/100|[from] Sandstorm
|-damage|p1a: Hydrapple|41/100|[from] Sandstorm
|upkeep
|turn|16
|
|t:|1759066903
|switch|p1a: Slowking|Slowking-Galar, M|45/100
|move|p2a: Cinderace|U-turn|p1a: Slowking
|-damage|p1a: Slowking|23/100
|
|t:|1759066906
|switch|p2a: Kyurem|Kyurem|100/100|[from] U-turn
|-ability|p2a: Kyurem|Pressure
|
|-weather|Sandstorm|[upkeep]
|-damage|p2a: Kyurem|94/100|[from] Sandstorm
|-damage|p1a: Slowking|17/100|[from] Sandstorm
|upkeep
|turn|17
|
|t:|1759066915
|move|p2a: Kyurem|Icicle Spear|p1a: Slowking
|-damage|p1a: Slowking|4/100
|-damage|p1a: Slowking|0 fnt
|faint|p1a: Slowking
|-hitcount|p1: Slowking|2
|
|-weather|none
|upkeep
|
|t:|1759066921
|switch|p1a: Tyranitar|Tyranitar, M|96/100
|-weather|Sandstorm|[from] ability: Sand Stream|[of] p1a: Tyranitar
|turn|18
|
|t:|1759066934
|move|p2a: Kyurem|Icicle Spear|p1a: Tyranitar
|-damage|p1a: Tyranitar|85/100
|-damage|p1a: Tyranitar|75/100
|-damage|p1a: Tyranitar|66/100
|-damage|p1a: Tyranitar|56/100
|-hitcount|p1a: Tyranitar|4
|move|p1a: Tyranitar|Knock Off|p2a: Kyurem
|-damage|p2a: Kyurem|56/100
|-enditem|p2a: Kyurem|Loaded Dice|[from] move: Knock Off|[of] p1a: Tyranitar
|
|-weather|Sandstorm|[upkeep]
|-damage|p2a: Kyurem|50/100|[from] Sandstorm
|-heal|p1a: Tyranitar|62/100|[from] item: Leftovers
|upkeep
|turn|19
|
|t:|1759066946
|move|p2a: Kyurem|Icicle Spear|p1a: Tyranitar
|-damage|p1a: Tyranitar|52/100
|-damage|p1a: Tyranitar|41/100
|-hitcount|p1a: Tyranitar|2
|move|p1a: Tyranitar|Low Kick|p2a: Kyurem
|-supereffective|p2a: Kyurem
|-damage|p2a: Kyurem|0 fnt
|faint|p2a: Kyurem
|
|-weather|Sandstorm|[upkeep]
|-heal|p1a: Tyranitar|48/100|[from] item: Leftovers
|upkeep
|
|t:|1759066949
|switch|p2a: Cinderace|Cinderace, M|89/100
|turn|20
|
|t:|1759066967
|switch|p1a: Hydrapple|Hydrapple, M, tera:Fairy|74/100
|move|p2a: Cinderace|U-turn|p1a: Hydrapple
|-start|p2a: Cinderace|typechange|Bug|[from] ability: Libero
|-resisted|p1a: Hydrapple
|-damage|p1a: Hydrapple|60/100
|
|t:|1759066969
|switch|p2a: Slowking|Slowking-Galar, M|99/100|[from] U-turn
|
|-weather|Sandstorm|[upkeep]
|-damage|p1a: Hydrapple|54/100|[from] Sandstorm
|-damage|p2a: Slowking|93/100|[from] Sandstorm
|upkeep
|turn|21
|
|t:|1759066978
|switch|p1a: Tyranitar|Tyranitar, M|48/100
|-prepare|p2a: Slowking|Chilly Reception|[premajor]
|move|p2a: Slowking|Chilly Reception|p2a: Slowking
|-weather|Snowscape
|
|t:|1759066981
|switch|p2a: Cinderace|Cinderace, M|89/100|[from] Chilly Reception
|
|-weather|Snowscape|[upkeep]
|-heal|p1a: Tyranitar|54/100|[from] item: Leftovers
|upkeep
|turn|22
|
|t:|1759066988
|switch|p1a: Hydrapple|Hydrapple, M, tera:Fairy|87/100
|move|p2a: Cinderace|High Jump Kick|p1a: Hydrapple
|-start|p2a: Cinderace|typechange|Fighting|[from] ability: Libero
|-resisted|p1a: Hydrapple
|-damage|p1a: Hydrapple|64/100
|
|-weather|Snowscape|[upkeep]
|upkeep
|turn|23
|j| Nikator98
|l| Nikator98
|
|t:|1759067010
|-terastallize|p2a: Cinderace|Fire
|move|p2a: Cinderace|Pyro Ball|p1a: Hydrapple
|-damage|p1a: Hydrapple|24/100
|move|p1a: Hydrapple|Earth Power|p2a: Cinderace
|-supereffective|p2a: Cinderace
|-damage|p2a: Cinderace|0 fnt
|faint|p2a: Cinderace
|
|-weather|Snowscape|[upkeep]
|upkeep
|c|☆Tim and moby|gg
|-message|viutil forfeited.
|
|win|Tim and moby
|raw|Tim and moby's rating: 1535 &rarr; <strong>1559</strong><br />(+24 for winning)
|raw|viutil's rating: 1608 &rarr; <strong>1584</strong><br />(-24 for losing)
|l|☆viutil
|player|p2|
|l|☆Tim and moby
|player|p1|
