|j|☆keviin
|j|☆AlexanderLC20
|t:|1758940481
|gametype|singles
|player|p1|keviin|richboy-gen4|1206
|player|p2|AlexanderLC20|gambler|1241
|gen|9
|tier|[Gen 9] OU
|rated|
|rule|HP Percentage Mod: HP is shown in percentages
|rule|Endless Battle Clause: Forcing endless battles is banned
|rule|Species Clause: Limit one of each Pokémon
|rule|OHKO Clause: OHKO moves are banned
|rule|Evasion Items Clause: Evasion items are banned
|rule|Evasion Moves Clause: Evasion moves are banned
|rule|Evasion Abilities Clause: Evasion abilities are banned
|rule|Sleep Moves Clause: Sleep-inducing moves are banned
|clearpoke
|poke|p1|Misdreavus, F|
|poke|p1|Hitmontop, M|
|poke|p1|Tsareena, F|
|poke|p1|Magcargo, F|
|poke|p1|Magnezone|
|poke|p1|Gastrodon, F|
|poke|p2|Arcanine-Hisui, F|
|poke|p2|Walking Wake|
|poke|p2|Slowking-Galar, M|
|poke|p2|Great Tusk|
|poke|p2|Iron Valiant|
|poke|p2|Ninetales, M|
|teampreview
|
|t:|1758940491
|teamsize|p1|6
|teamsize|p2|6
|start
|switch|p1a: Gastrodon|Gastrodon, F|100/100
|switch|p2a: Ninetales|Ninetales, M|100/100
|-weather|SunnyDay|[from] ability: Drought|[of] p2a: Ninetales
|turn|1
|
|t:|1758940508
|switch|p1a: Magcargo|Magcargo, F|100/100
|move|p2a: Ninetales|Will-O-Wisp|p1a: Magcargo
|-immune|p1a: Magcargo
|
|-weather|SunnyDay|[upkeep]
|upkeep
|turn|2
|
|t:|1758940520
|switch|p2a: Great Tusk|Great Tusk|100/100
|-activate|p2a: Great Tusk|ability: Protosynthesis
|-start|p2a: Great Tusk|protosynthesisatk
|move|p1a: Magcargo|Shell Smash|p1a: Magcargo
|-unboost|p1a: Magcargo|def|1
|-unboost|p1a: Magcargo|spd|1
|-boost|p1a: Magcargo|atk|2
|-boost|p1a: Magcargo|spa|2
|-boost|p1a: Magcargo|spe|2
|
|-weather|SunnyDay|[upkeep]
|upkeep
|turn|3
|
|t:|1758940537
|-terastallize|p1a: Magcargo|Grass
|move|p1a: Magcargo|Tera Blast|p2a: Great Tusk|[anim] Tera Blast Grass
|-supereffective|p2a: Great Tusk
|-damage|p2a: Great Tusk|0 fnt
|faint|p2a: Great Tusk
|-end|p2a: Great Tusk|Protosynthesis|[silent]
|
|-weather|SunnyDay|[upkeep]
|upkeep
|
|t:|1758940542
|switch|p2a: Slowking|Slowking-Galar, M|100/100
|turn|4
|
|t:|1758940550
|move|p1a: Magcargo|Lava Plume|p2a: Slowking
|-damage|p2a: Slowking|55/100
|move|p2a: Slowking|Flamethrower|p1a: Magcargo
|-supereffective|p1a: Magcargo
|-damage|p1a: Magcargo|0 fnt
|faint|p1a: Magcargo
|
|-weather|SunnyDay|[upkeep]
|upkeep
|
|t:|1758940581
|switch|p1a: Misdreavus|Misdreavus, F|100/100
|turn|5
|
|t:|1758940597
|switch|p2a: Iron Valiant|Iron Valiant|100/100
|-enditem|p2a: Iron Valiant|Booster Energy
|-activate|p2a: Iron Valiant|ability: Quark Drive|[fromitem]
|-start|p2a: Iron Valiant|quarkdrivespe
|move|p1a: Misdreavus|Will-O-Wisp|p2a: Iron Valiant
|-status|p2a: Iron Valiant|brn
|
|-weather|SunnyDay|[upkeep]
|-damage|p2a: Iron Valiant|94/100 brn|[from] brn
|upkeep
|turn|6
|inactive|Battle timer is ON: inactive players will automatically lose when time's up. (requested by AlexanderLC20)
|
|t:|1758940622
|move|p2a: Iron Valiant|Calm Mind|p2a: Iron Valiant
|-boost|p2a: Iron Valiant|spa|1
|-boost|p2a: Iron Valiant|spd|1
|move|p1a: Misdreavus|Draining Kiss|p2a: Iron Valiant
|-supereffective|p2a: Iron Valiant
|-damage|p2a: Iron Valiant|58/100 brn
|
|-weather|SunnyDay|[upkeep]
|-damage|p2a: Iron Valiant|52/100 brn|[from] brn
|upkeep
|turn|7
|
|t:|1758940632
|move|p2a: Iron Valiant|Moonblast|p1a: Misdreavus
|-crit|p1a: Misdreavus
|-damage|p1a: Misdreavus|11/100
|move|p1a: Misdreavus|Hex|p2a: Iron Valiant
|-damage|p2a: Iron Valiant|0 fnt
|faint|p2a: Iron Valiant
|-end|p2a: Iron Valiant|Quark Drive|[silent]
|
|-weather|SunnyDay|[upkeep]
|upkeep
|
|t:|1758940644
|switch|p2a: Arcanine|Arcanine-Hisui, F|100/100
|-ability|p2a: Arcanine|Intimidate|boost
|-unboost|p1a: Misdreavus|atk|1
|turn|8
|
|t:|1758940661
|switch|p1a: Gastrodon|Gastrodon, F|100/100
|move|p2a: Arcanine|Stealth Rock|p1a: Gastrodon
|-sidestart|p1: keviin|move: Stealth Rock
|
|-weather|none
|upkeep
|turn|9
|
|t:|1758940675
|switch|p2a: Slowking|Slowking-Galar, M|88/100
|move|p1a: Gastrodon|Earthquake|p2a: Slowking
|-supereffective|p2a: Slowking
|-damage|p2a: Slowking|32/100
|
|upkeep
|turn|10
|
|t:|1758940682
|switch|p2a: Walking Wake|Walking Wake|100/100
|move|p1a: Gastrodon|Earthquake|p2a: Walking Wake
|-damage|p2a: Walking Wake|70/100
|
|upkeep
|turn|11
|
|t:|1758940697
|switch|p1a: Tsareena|Tsareena, F|100/100
|-damage|p1a: Tsareena|88/100|[from] Stealth Rock
|move|p2a: Walking Wake|Knock Off|p1a: Tsareena
|-damage|p1a: Tsareena|67/100
|-enditem|p1a: Tsareena|Choice Scarf|[from] move: Knock Off|[of] p2a: Walking Wake
|
|upkeep
|turn|12
|
|t:|1758940709
|-end|p2a: Walking Wake|Protosynthesis|[silent]
|switch|p2a: Ninetales|Ninetales, M|100/100
|-weather|SunnyDay|[from] ability: Drought|[of] p2a: Ninetales
|move|p1a: Tsareena|Knock Off|p2a: Ninetales
|-damage|p2a: Ninetales|62/100
|-enditem|p2a: Ninetales|Heat Rock|[from] move: Knock Off|[of] p1a: Tsareena
|
|-weather|SunnyDay|[upkeep]
|upkeep
|turn|13
|
|t:|1758940719
|switch|p1a: Gastrodon|Gastrodon, F|100/100
|-damage|p1a: Gastrodon|94/100|[from] Stealth Rock
|move|p2a: Ninetales|Weather Ball|p1a: Gastrodon
|-resisted|p1a: Gastrodon
|-damage|p1a: Gastrodon|81/100
|
|-weather|SunnyDay|[upkeep]
|-heal|p1a: Gastrodon|87/100|[from] item: Leftovers
|upkeep
|turn|14
|
|t:|1758940737
|switch|p1a: Tsareena|Tsareena, F|67/100
|-damage|p1a: Tsareena|55/100|[from] Stealth Rock
|move|p2a: Ninetales|Healing Wish|p2a: Ninetales
|faint|p2a: Ninetales
|
|-weather|SunnyDay|[upkeep]
|upkeep
|
|t:|1758940747
|switch|p2a: Walking Wake|Walking Wake|70/100
|-heal|p2a: Walking Wake|100/100|[from] move: Healing Wish
|-activate|p2a: Walking Wake|ability: Protosynthesis
|-start|p2a: Walking Wake|protosynthesisspa
|turn|15
|
|t:|1758940764
|move|p2a: Walking Wake|Hydro Steam|p1a: Tsareena
|-resisted|p1a: Tsareena
|-damage|p1a: Tsareena|10/100
|move|p1a: Tsareena|Play Rough|p2a: Walking Wake
|-supereffective|p2a: Walking Wake
|-damage|p2a: Walking Wake|41/100
|
|-weather|SunnyDay|[upkeep]
|upkeep
|turn|16
|
|t:|1758940775
|move|p2a: Walking Wake|Hydro Steam|p1a: Tsareena
|-resisted|p1a: Tsareena
|-damage|p1a: Tsareena|0 fnt
|faint|p1a: Tsareena
|
|-weather|SunnyDay|[upkeep]
|upkeep
|
|t:|1758940793
|switch|p1a: Gastrodon|Gastrodon, F|87/100
|-damage|p1a: Gastrodon|81/100|[from] Stealth Rock
|turn|17
|
|t:|1758940803
|move|p2a: Walking Wake|Draco Meteor|p1a: Gastrodon
|-damage|p1a: Gastrodon|27/100
|-unboost|p2a: Walking Wake|spa|2
|move|p1a: Gastrodon|Recover|p1a: Gastrodon
|-heal|p1a: Gastrodon|77/100
|
|-weather|SunnyDay|[upkeep]
|-heal|p1a: Gastrodon|83/100|[from] item: Leftovers
|upkeep
|turn|18
|
|t:|1758940811
|move|p2a: Walking Wake|Knock Off|p1a: Gastrodon
|-damage|p1a: Gastrodon|65/100
|-enditem|p1a: Gastrodon|Leftovers|[from] move: Knock Off|[of] p2a: Walking Wake
|move|p1a: Gastrodon|Earthquake|p2a: Walking Wake
|-damage|p2a: Walking Wake|6/100
|
|-weather|SunnyDay|[upkeep]
|upkeep
|turn|19
|
|t:|1758940826
|-end|p2a: Walking Wake|Protosynthesis|[silent]
|switch|p2a: Arcanine|Arcanine-Hisui, F|100/100
|-ability|p2a: Arcanine|Intimidate|boost
|-unboost|p1a: Gastrodon|atk|1
|move|p1a: Gastrodon|Recover|p1a: Gastrodon
|-heal|p1a: Gastrodon|100/100
|
|-weather|none
|upkeep
|turn|20
|
|t:|1758940840
|move|p2a: Arcanine|Extreme Speed|p1a: Gastrodon
|-damage|p1a: Gastrodon|69/100
|-damage|p2a: Arcanine|91/100|[from] item: Life Orb
|move|p1a: Gastrodon|Hydro Pump|p2a: Arcanine
|-supereffective|p2a: Arcanine
|-damage|p2a: Arcanine|0 fnt
|faint|p2a: Arcanine
|
|upkeep
|
|t:|1758940843
|switch|p2a: Slowking|Slowking-Galar, M|66/100
|turn|21
|-message|AlexanderLC20 forfeited.
|
|win|keviin
|raw|keviin's rating: 1206 &rarr; <strong>1234</strong><br />(+28 for winning)
|raw|AlexanderLC20's rating: 1241 &rarr; <strong>1213</strong><br />(-28 for losing)
|l|☆AlexanderLC20
|player|p2|
|l|☆keviin
|player|p1|
