|j|☆Ske 2
|j|☆Loonney
|t:|1759024508
|gametype|singles
|player|p1|Ske 2|lucas|1413
|player|p2|Loonney|argenta|1493
|gen|9
|tier|[Gen 9] OU
|rated|
|rule|HP Percentage Mod: HP is shown in percentages
|rule|Endless Battle Clause: Forcing endless battles is banned
|rule|Species Clause: Limit one of each Pokémon
|rule|OHKO Clause: OHKO moves are banned
|rule|Evasion Items Clause: Evasion items are banned
|rule|Evasion Moves Clause: Evasion moves are banned
|rule|Evasion Abilities Clause: Evasion abilities are banned
|rule|Sleep Moves Clause: Sleep-inducing moves are banned
|clearpoke
|poke|p1|Sandaconda, F|
|poke|p1|Gholdengo|
|poke|p1|Hatterene, F|
|poke|p1|Serperior, M|
|poke|p1|Dragonite, M|
|poke|p1|Darkrai|
|poke|p2|Dragonite, F|
|poke|p2|Great Tusk|
|poke|p2|Slowking-Galar, F|
|poke|p2|Ogerpon-Wellspring, F|
|poke|p2|Zapdos|
|poke|p2|Gholdengo|
|teampreview
|inactive|Battle timer is ON: inactive players will automatically lose when time's up. (requested by Loonney)
|
|t:|1759024520
|teamsize|p1|6
|teamsize|p2|6
|start
|switch|p1a: Sandaconda|Sandaconda, F|100/100
|switch|p2a: Ogerpon|Ogerpon-Wellspring, F|100/100
|turn|1
|
|t:|1759024526
|move|p2a: Ogerpon|U-turn|p1a: Sandaconda
|-damage|p1a: Sandaconda|76/100
|
|t:|1759024528
|switch|p2a: Gholdengo|Gholdengo|100/100|[from] U-turn
|-item|p2a: Gholdengo|Air Balloon
|move|p1a: Sandaconda|Glare|p2a: Gholdengo
|-immune|p2a: Gholdengo|[from] ability: Good as Gold
|
|upkeep
|turn|2
|
|t:|1759024532
|move|p1a: Sandaconda|Stealth Rock|p2a: Gholdengo
|-sidestart|p2: Loonney|move: Stealth Rock
|move|p2a: Gholdengo|Nasty Plot|p2a: Gholdengo
|-boost|p2a: Gholdengo|spa|2
|
|upkeep
|turn|3
|
|t:|1759024536
|move|p1a: Sandaconda|Rock Tomb|p2a: Gholdengo
|-resisted|p2a: Gholdengo
|-damage|p2a: Gholdengo|96/100
|-unboost|p2a: Gholdengo|spe|1
|-enditem|p2a: Gholdengo|Air Balloon
|move|p2a: Gholdengo|Shadow Ball|p1a: Sandaconda
|-damage|p1a: Sandaconda|0 fnt
|faint|p1a: Sandaconda
|
|upkeep
|
|t:|1759024540
|switch|p1a: Darkrai|Darkrai|100/100
|turn|4
|
|t:|1759024543
|-terastallize|p2a: Gholdengo|Fairy
|move|p1a: Darkrai|Dark Pulse|p2a: Gholdengo
|-resisted|p2a: Gholdengo
|-damage|p2a: Gholdengo|63/100
|move|p2a: Gholdengo|Make It Rain|p1a: Darkrai
|-damage|p1a: Darkrai|0 fnt
|-unboost|p2a: Gholdengo|spa|1
|faint|p1a: Darkrai
|
|upkeep
|
|t:|1759024557
|switch|p1a: Dragonite|Dragonite, M|100/100
|turn|5
|
|t:|1759024561
|switch|p2a: Zapdos|Zapdos|100/100
|move|p1a: Dragonite|Dragon Dance|p1a: Dragonite
|-boost|p1a: Dragonite|atk|1
|-boost|p1a: Dragonite|spe|1
|
|upkeep
|turn|6
|
|t:|1759024567
|switch|p1a: Hatterene|Hatterene, F|100/100
|move|p2a: Zapdos|Discharge|p1a: Hatterene
|-damage|p1a: Hatterene|64/100
|
|upkeep
|turn|7
|
|t:|1759024570
|move|p2a: Zapdos|U-turn|p1a: Hatterene
|-damage|p1a: Hatterene|54/100
|
|t:|1759024571
|switch|p2a: Slowking|Slowking-Galar, F, shiny|100/100|[from] U-turn
|move|p1a: Hatterene|Calm Mind|p1a: Hatterene
|-boost|p1a: Hatterene|spa|1
|-boost|p1a: Hatterene|spd|1
|
|upkeep
|turn|8
|
|t:|1759024574
|move|p1a: Hatterene|Calm Mind|p1a: Hatterene
|-boost|p1a: Hatterene|spa|1
|-boost|p1a: Hatterene|spd|1
|move|p2a: Slowking|Future Sight|p1a: Hatterene
|-start|p2a: Slowking|move: Future Sight
|
|upkeep
|turn|9
|
|t:|1759024577
|move|p1a: Hatterene|Psychic Noise|p2a: Slowking
|-damage|p2a: Slowking|59/100
|-start|p2a: Slowking|move: Heal Block
|move|p2a: Slowking|Sludge Bomb|p1a: Hatterene
|-supereffective|p1a: Hatterene
|-damage|p1a: Hatterene|16/100
|
|upkeep
|turn|10
|
|t:|1759024583
|move|p1a: Hatterene|Psychic Noise|p2a: Slowking
|-damage|p2a: Slowking|19/100
|move|p2a: Slowking|Sludge Bomb|p1a: Hatterene
|-supereffective|p1a: Hatterene
|-damage|p1a: Hatterene|0 fnt
|faint|p1a: Hatterene
|
|-hint|Future Sight did not hit because the target is fainted.
|-end|p2a: Slowking|move: Heal Block
|upkeep
|
|t:|1759024587
|switch|p1a: Serperior|Serperior, M|100/100
|turn|11
|
|t:|1759024590
|move|p1a: Serperior|Leaf Storm|p2a: Slowking
|-resisted|p2a: Slowking
|-damage|p2a: Slowking|5/100
|-boost|p1a: Serperior|spa|2
|-prepare|p2a: Slowking|Chilly Reception|[premajor]
|move|p2a: Slowking|Chilly Reception|p2a: Slowking
|-weather|Snowscape
|
|t:|1759024596
|switch|p2a: Zapdos|Zapdos|100/100|[from] Chilly Reception
|
|-weather|Snowscape|[upkeep]
|upkeep
|turn|12
|
|t:|1759024613
|move|p1a: Serperior|Substitute|p1a: Serperior
|-start|p1a: Serperior|Substitute
|-damage|p1a: Serperior|76/100
|move|p2a: Zapdos|Hurricane|p1a: Serperior|[miss]
|-miss|p2a: Zapdos|p1a: Serperior
|
|-weather|Snowscape|[upkeep]
|-heal|p1a: Serperior|82/100|[from] item: Leftovers
|upkeep
|turn|13
|
|t:|1759024621
|move|p1a: Serperior|Leaf Storm|p2a: Zapdos
|-resisted|p2a: Zapdos
|-damage|p2a: Zapdos|52/100
|-boost|p1a: Serperior|spa|2
|move|p2a: Zapdos|U-turn|p1a: Serperior
|-supereffective|p1a: Serperior
|-end|p1a: Serperior|Substitute
|
|t:|1759024627
|switch|p2a: Dragonite|Dragonite, F|100/100|[from] U-turn
|
|-weather|Snowscape|[upkeep]
|-heal|p1a: Serperior|88/100|[from] item: Leftovers
|upkeep
|turn|14
|
|t:|1759024634
|move|p2a: Dragonite|Extreme Speed|p1a: Serperior
|-damage|p1a: Serperior|49/100
|move|p1a: Serperior|Glare|p2a: Dragonite
|-status|p2a: Dragonite|par
|
|-weather|Snowscape|[upkeep]
|-heal|p1a: Serperior|55/100|[from] item: Leftovers
|upkeep
|turn|15
|
|t:|1759024641
|switch|p2a: Slowking|Slowking-Galar, F, shiny|38/100
|-terastallize|p1a: Serperior|Stellar
|move|p1a: Serperior|Tera Blast|p2a: Slowking|[anim] Tera Blast Stellar
|-damage|p2a: Slowking|0 fnt
|-boost|p1a: Serperior|atk|1
|-boost|p1a: Serperior|spa|1
|faint|p2a: Slowking
|
|-weather|none
|-heal|p1a: Serperior|62/100|[from] item: Leftovers
|upkeep
|
|t:|1759024650
|switch|p2a: Dragonite|Dragonite, F|100/100 par
|turn|16
|
|t:|1759024651
|cant|p2a: Dragonite|par
|move|p1a: Serperior|Tera Blast|p2a: Dragonite|[anim] Tera Blast Stellar
|-damage|p2a: Dragonite|53/100 par
|-boost|p1a: Serperior|atk|1
|-boost|p1a: Serperior|spa|1
|
|-heal|p1a: Serperior|68/100|[from] item: Leftovers
|upkeep
|turn|17
|
|t:|1759024654
|move|p2a: Dragonite|Extreme Speed|p1a: Serperior
|-damage|p1a: Serperior|27/100
|move|p1a: Serperior|Tera Blast|p2a: Dragonite|[anim] Tera Blast Stellar
|-damage|p2a: Dragonite|0 fnt
|-boost|p1a: Serperior|atk|1
|faint|p2a: Dragonite
|
|-heal|p1a: Serperior|33/100|[from] item: Leftovers
|upkeep
|-message|Loonney forfeited.
|
|win|Ske 2
|raw|Ske 2's rating: 1413 &rarr; <strong>1438</strong><br />(+25 for winning)
|raw|Loonney's rating: 1493 &rarr; <strong>1468</strong><br />(-25 for losing)
|l|☆Loonney
|player|p2|
