|j|☆megaYama
|j|☆CountryBoyz
|t:|1759044093
|gametype|singles
|player|p1|megaYama|acetrainer-gen4dp|1376
|player|p2|CountryBoyz|1|1409
|gen|9
|tier|[Gen 9] OU
|rated|
|rule|HP Percentage Mod: HP is shown in percentages
|rule|Endless Battle Clause: Forcing endless battles is banned
|rule|Species Clause: Limit one of each Pokémon
|rule|OHKO Clause: OHKO moves are banned
|rule|Evasion Items Clause: Evasion items are banned
|rule|Evasion Moves Clause: Evasion moves are banned
|rule|Evasion Abilities Clause: Evasion abilities are banned
|rule|Sleep Moves Clause: Sleep-inducing moves are banned
|clearpoke
|poke|p1|Weavile, M|
|poke|p1|Alomomola, M|
|poke|p1|Gliscor, M|
|poke|p1|Dragapult, F|
|poke|p1|Slowking-Galar, F|
|poke|p1|Deoxys-Speed|
|poke|p2|Landorus-Therian, M|
|poke|p2|Cloyster, M|
|poke|p2|Raikou|
|poke|p2|Dragonite, M|
|poke|p2|Suicune|
|poke|p2|Skarmory, F|
|teampreview
|l|☆CountryBoyz
|player|p2|
|j|☆CountryBoyz
|player|p2|CountryBoyz|1|
|inactive|Battle timer is ON: inactive players will automatically lose when time's up. (requested by megaYama)
|
|t:|1759044109
|teamsize|p1|6
|teamsize|p2|6
|start
|switch|p1a: Gliscor|Gliscor, M|100/100
|switch|p2a: Suicune|Suicune|100/100
|-ability|p2a: Suicune|Pressure
|turn|1
|
|t:|1759044115
|move|p1a: Gliscor|Protect|p1a: Gliscor
|-singleturn|p1a: Gliscor|Protect
|move|p2a: Suicune|Ice Beam|p1a: Gliscor
|-activate|p1a: Gliscor|move: Protect
|
|-status|p1a: Gliscor|tox|[from] item: Toxic Orb
|upkeep
|turn|2
|inactive|megaYama has 120 seconds left.
|
|t:|1759044164
|switch|p1a: Slowking|Slowking-Galar, F|100/100
|move|p2a: Suicune|Calm Mind|p2a: Suicune
|-boost|p2a: Suicune|spa|1
|-boost|p2a: Suicune|spd|1
|
|upkeep
|turn|3
|inactive|megaYama has 90 seconds left.
|
|t:|1759044190
|move|p2a: Suicune|Calm Mind|p2a: Suicune
|-boost|p2a: Suicune|spa|1
|-boost|p2a: Suicune|spd|1
|move|p1a: Slowking|Sludge Bomb|p2a: Suicune
|-damage|p2a: Suicune|90/100
|
|upkeep
|turn|4
|inactive|megaYama has 90 seconds left.
|
|t:|1759044209
|move|p2a: Suicune|Calm Mind|p2a: Suicune
|-boost|p2a: Suicune|spa|1
|-boost|p2a: Suicune|spd|1
|-prepare|p1a: Slowking|Chilly Reception|[premajor]
|move|p1a: Slowking|Chilly Reception|p1a: Slowking
|-weather|Snowscape
|
|t:|1759044211
|switch|p1a: Gliscor|Gliscor, M|100/100 tox|[from] Chilly Reception
|
|-weather|Snowscape|[upkeep]
|upkeep
|turn|5
|
|t:|1759044214
|-terastallize|p1a: Gliscor|Water
|move|p1a: Gliscor|Toxic|p2a: Suicune
|-status|p2a: Suicune|tox
|move|p2a: Suicune|Ice Beam|p1a: Gliscor
|-resisted|p1a: Gliscor
|-damage|p1a: Gliscor|79/100 tox
|
|-weather|Snowscape|[upkeep]
|-heal|p1a: Gliscor|92/100 tox|[from] ability: Poison Heal
|-damage|p2a: Suicune|84/100 tox|[from] psn
|upkeep
|turn|6
|
|t:|1759044221
|switch|p2a: Raikou|Raikou, shiny|100/100
|move|p1a: Gliscor|Knock Off|p2a: Raikou
|-damage|p2a: Raikou|68/100
|-enditem|p2a: Raikou|Leftovers|[from] move: Knock Off|[of] p1a: Gliscor
|
|-weather|Snowscape|[upkeep]
|-heal|p1a: Gliscor|100/100 tox|[from] ability: Poison Heal
|upkeep
|turn|7
|
|t:|1759044234
|move|p1a: Gliscor|Protect|p1a: Gliscor
|-singleturn|p1a: Gliscor|Protect
|move|p2a: Raikou|Discharge|p1a: Gliscor
|-activate|p1a: Gliscor|move: Protect
|
|-weather|Snowscape|[upkeep]
|upkeep
|turn|8
|
|t:|1759044240
|move|p2a: Raikou|Discharge|p1a: Gliscor
|-supereffective|p1a: Gliscor
|-damage|p1a: Gliscor|33/100 tox
|move|p1a: Gliscor|Toxic|p2a: Raikou
|-status|p2a: Raikou|tox
|
|-weather|none
|-damage|p2a: Raikou|62/100 tox|[from] psn
|-heal|p1a: Gliscor|46/100 tox|[from] ability: Poison Heal
|upkeep
|turn|9
|inactive|megaYama has 120 seconds left.
|
|t:|1759044247
|move|p1a: Gliscor|Protect|p1a: Gliscor
|-singleturn|p1a: Gliscor|Protect
|move|p2a: Raikou|Calm Mind|p2a: Raikou
|-boost|p2a: Raikou|spa|1
|-boost|p2a: Raikou|spd|1
|
|-damage|p2a: Raikou|49/100 tox|[from] psn
|-heal|p1a: Gliscor|58/100 tox|[from] ability: Poison Heal
|upkeep
|turn|10
|inactive|megaYama has 120 seconds left.
|
|t:|1759044259
|switch|p1a: Slowking|Slowking-Galar, F|100/100
|move|p2a: Raikou|Discharge|p1a: Slowking
|-damage|p1a: Slowking|61/100
|
|-damage|p2a: Raikou|30/100 tox|[from] psn
|upkeep
|turn|11
|inactive|megaYama has 120 seconds left.
|
|t:|1759044270
|move|p2a: Raikou|Discharge|p1a: Slowking
|-damage|p1a: Slowking|24/100
|-status|p1a: Slowking|par
|-prepare|p1a: Slowking|Chilly Reception|[premajor]
|move|p1a: Slowking|Chilly Reception|p1a: Slowking
|-weather|Snowscape
|
|t:|1759044274
|switch|p1a: Gliscor|Gliscor, M, tera:Water|58/100 tox|[from] Chilly Reception
|
|-weather|Snowscape|[upkeep]
|-damage|p2a: Raikou|5/100 tox|[from] psn
|-heal|p1a: Gliscor|71/100 tox|[from] ability: Poison Heal
|upkeep
|turn|12
|
|t:|1759044280
|move|p1a: Gliscor|Protect|p1a: Gliscor
|-singleturn|p1a: Gliscor|Protect
|move|p2a: Raikou|Discharge|p1a: Gliscor
|-activate|p1a: Gliscor|move: Protect
|
|-weather|Snowscape|[upkeep]
|-damage|p2a: Raikou|0 fnt|[from] psn
|faint|p2a: Raikou
|-heal|p1a: Gliscor|83/100 tox|[from] ability: Poison Heal
|upkeep
|
|t:|1759044286
|switch|p2a: Landorus|Landorus-Therian, M, shiny|100/100
|-ability|p2a: Landorus|Intimidate|boost
|-unboost|p1a: Gliscor|atk|1
|turn|13
|
|t:|1759044291
|move|p2a: Landorus|Earthquake|p1a: Gliscor
|-damage|p1a: Gliscor|5/100 tox
|move|p1a: Gliscor|Toxic|p2a: Landorus
|-status|p2a: Landorus|tox
|
|-weather|Snowscape|[upkeep]
|-damage|p2a: Landorus|95/100 tox|[from] psn
|-heal|p1a: Gliscor|18/100 tox|[from] ability: Poison Heal
|upkeep
|turn|14
|
|t:|1759044296
|move|p1a: Gliscor|Protect|p1a: Gliscor
|-singleturn|p1a: Gliscor|Protect
|move|p2a: Landorus|Earthquake|p1a: Gliscor
|-activate|p1a: Gliscor|move: Protect
|
|-weather|Snowscape|[upkeep]
|-damage|p2a: Landorus|83/100 tox|[from] psn
|-heal|p1a: Gliscor|30/100 tox|[from] ability: Poison Heal
|upkeep
|turn|15
|
|t:|1759044304
|switch|p1a: Alomomola|Alomomola, M|100/100
|move|p2a: Landorus|Earthquake|p1a: Alomomola
|-damage|p1a: Alomomola|48/100
|
|-weather|none
|-damage|p2a: Landorus|65/100 tox|[from] psn
|upkeep
|turn|16
|
|t:|1759044315
|switch|p2a: Cloyster|Cloyster, M, shiny|100/100
|move|p1a: Alomomola|Protect||[still]
|-fail|p1a: Alomomola
|
|upkeep
|turn|17
|
|t:|1759044331
|move|p2a: Cloyster|Shell Smash|p2a: Cloyster
|-unboost|p2a: Cloyster|def|1
|-unboost|p2a: Cloyster|spd|1
|-boost|p2a: Cloyster|atk|2
|-boost|p2a: Cloyster|spa|2
|-boost|p2a: Cloyster|spe|2
|-enditem|p2a: Cloyster|White Herb
|-clearnegativeboost|p2a: Cloyster|[silent]
|move|p1a: Alomomola|Wish|p1a: Alomomola
|
|upkeep
|turn|18
|
|t:|1759044346
|move|p2a: Cloyster|Shell Smash|p2a: Cloyster
|-unboost|p2a: Cloyster|def|1
|-unboost|p2a: Cloyster|spd|1
|-boost|p2a: Cloyster|atk|2
|-boost|p2a: Cloyster|spa|2
|-boost|p2a: Cloyster|spe|2
|move|p1a: Alomomola|Flip Turn|p2a: Cloyster
|-resisted|p2a: Cloyster
|-damage|p2a: Cloyster|90/100
|
|t:|1759044352
|switch|p1a: Gliscor|Gliscor, M, tera:Water|30/100 tox|[from] Flip Turn
|
|-heal|p1a: Gliscor|100/100 tox|[from] move: Wish|[wisher] Alomomola
|upkeep
|turn|19
|
|t:|1759044370
|-terastallize|p2a: Cloyster|Ground
|move|p2a: Cloyster|Tera Blast|p1a: Gliscor|[anim] Tera Blast Ground
|-damage|p1a: Gliscor|24/100 tox
|move|p1a: Gliscor|Toxic|p2a: Cloyster
|-status|p2a: Cloyster|tox
|
|-damage|p2a: Cloyster|84/100 tox|[from] psn
|-heal|p1a: Gliscor|36/100 tox|[from] ability: Poison Heal
|upkeep
|turn|20
|
|t:|1759044389
|move|p1a: Gliscor|Protect|p1a: Gliscor
|-singleturn|p1a: Gliscor|Protect
|move|p2a: Cloyster|Shell Smash|p2a: Cloyster
|-unboost|p2a: Cloyster|def|1
|-unboost|p2a: Cloyster|spd|1
|-boost|p2a: Cloyster|atk|2
|-boost|p2a: Cloyster|spa|2
|-boost|p2a: Cloyster|spe|2
|
|-damage|p2a: Cloyster|71/100 tox|[from] psn
|-heal|p1a: Gliscor|49/100 tox|[from] ability: Poison Heal
|upkeep
|turn|21
|
|t:|1759044410
|switch|p1a: Slowking|Slowking-Galar, F|57/100 par
|move|p2a: Cloyster|Tera Blast|p1a: Slowking|[anim] Tera Blast Ground
|-supereffective|p1a: Slowking
|-damage|p1a: Slowking|0 fnt
|faint|p1a: Slowking
|
|-damage|p2a: Cloyster|53/100 tox|[from] psn
|upkeep
|
|t:|1759044414
|switch|p1a: Sasuke|Weavile, M|100/100
|-ability|p1a: Sasuke|Pressure
|turn|22
|
|t:|1759044418
|move|p1a: Sasuke|Ice Shard|p2a: Cloyster
|-supereffective|p2a: Cloyster
|-damage|p2a: Cloyster|0 fnt
|faint|p2a: Cloyster
|
|upkeep
|
|t:|1759044421
|switch|p2a: Skarmory|Skarmory, F|100/100
|turn|23
|
|t:|1759044429
|switch|p1a: Dragapult|Dragapult, F|100/100
|move|p2a: Skarmory|Swords Dance|p2a: Skarmory
|-boost|p2a: Skarmory|atk|2
|
|upkeep
|turn|24
|
|t:|1759044434
|move|p1a: Dragapult|Will-O-Wisp|p2a: Skarmory|[miss]
|-miss|p1a: Dragapult|p2a: Skarmory
|move|p2a: Skarmory|Brave Bird|p1a: Dragapult
|-damage|p1a: Dragapult|0 fnt
|faint|p1a: Dragapult
|-damage|p2a: Skarmory|65/100|[from] Recoil
|
|upkeep
|
|t:|1759044452
|switch|p1a: Sasuke|Weavile, M|100/100
|-ability|p1a: Sasuke|Pressure
|turn|25
|
|t:|1759044456
|move|p1a: Sasuke|Triple Axel|p2a: Skarmory
|-damage|p2a: Skarmory|58/100
|-damage|p1a: Sasuke|84/100|[from] item: Rocky Helmet|[of] p2a: Skarmory
|-damage|p2a: Skarmory|43/100
|-damage|p1a: Sasuke|68/100|[from] item: Rocky Helmet|[of] p2a: Skarmory
|-damage|p2a: Skarmory|23/100
|-damage|p1a: Sasuke|51/100|[from] item: Rocky Helmet|[of] p2a: Skarmory
|-hitcount|p2a: Skarmory|3
|move|p2a: Skarmory|Body Press|p1a: Sasuke
|-supereffective|p1a: Sasuke
|-damage|p1a: Sasuke|0 fnt
|faint|p1a: Sasuke
|
|upkeep
|
|t:|1759044471
|switch|p1a: Deoxys|Deoxys-Speed|100/100
|-ability|p1a: Deoxys|Pressure
|turn|26
|
|t:|1759044485
|move|p1a: Deoxys|Ice Beam|p2a: Skarmory
|-damage|p2a: Skarmory|0 fnt
|faint|p2a: Skarmory
|
|upkeep
|
|t:|1759044493
|switch|p2a: Dragonite|Dragonite, M, shiny|100/100
|turn|27
|
|t:|1759044509
|move|p2a: Dragonite|Extreme Speed|p1a: Deoxys
|-damage|p1a: Deoxys|30/100
|move|p1a: Deoxys|Knock Off|p2a: Dragonite
|-damage|p2a: Dragonite|89/100
|-enditem|p2a: Dragonite|Choice Band|[from] move: Knock Off|[of] p1a: Deoxys
|
|upkeep
|turn|28
|
|t:|1759044521
|switch|p1a: Alomomola|Alomomola, M|81/100
|move|p2a: Dragonite|Extreme Speed|p1a: Alomomola
|-damage|p1a: Alomomola|64/100
|
|upkeep
|turn|29
|
|t:|1759044531
|switch|p2a: Landorus|Landorus-Therian, M, shiny|65/100 tox
|-ability|p2a: Landorus|Intimidate|boost
|-unboost|p1a: Alomomola|atk|1
|move|p1a: Alomomola|Tickle|p2a: Landorus
|-unboost|p2a: Landorus|atk|1
|-unboost|p2a: Landorus|def|1
|
|-damage|p2a: Landorus|59/100 tox|[from] psn
|upkeep
|turn|30
|
|t:|1759044542
|move|p1a: Alomomola|Protect|p1a: Alomomola
|-singleturn|p1a: Alomomola|Protect
|move|p2a: Landorus|Earthquake|p1a: Alomomola
|-activate|p1a: Alomomola|move: Protect
|
|-damage|p2a: Landorus|47/100 tox|[from] psn
|upkeep
|turn|31
|c|☆CountryBoyz|You are trash
|
|t:|1759044553
|move|p2a: Landorus|Earthquake|p1a: Alomomola
|-damage|p1a: Alomomola|33/100
|move|p1a: Alomomola|Wish|p1a: Alomomola
|
|-damage|p2a: Landorus|29/100 tox|[from] psn
|upkeep
|turn|32
|c|☆CountryBoyz|such a dull way to play
|-message|CountryBoyz forfeited.
|
|win|megaYama
|raw|megaYama's rating: 1376 &rarr; <strong>1398</strong><br />(+22 for winning)
|raw|CountryBoyz's rating: 1409 &rarr; <strong>1387</strong><br />(-22 for losing)
|l|☆megaYama
|player|p1|
|l|☆CountryBoyz
|player|p2|
