|j|☆dulana123
|j|☆xw haha
|t:|1758980803
|gametype|singles
|player|p1|dulana123|1|1329
|player|p2|xw haha|volkner|1329
|gen|9
|tier|[Gen 9] OU
|rated|
|rule|HP Percentage Mod: HP is shown in percentages
|rule|Endless Battle Clause: Forcing endless battles is banned
|rule|Species Clause: Limit one of each Pokémon
|rule|OHKO Clause: OHKO moves are banned
|rule|Evasion Items Clause: Evasion items are banned
|rule|Evasion Moves Clause: Evasion moves are banned
|rule|Evasion Abilities Clause: Evasion abilities are banned
|rule|Sleep Moves Clause: Sleep-inducing moves are banned
|clearpoke
|poke|p1|Garchomp, M|
|poke|p1|Staraptor, M|
|poke|p1|Scizor, M|
|poke|p1|Weavile, M|
|poke|p1|Torterra, M|
|poke|p1|Gyarados, M|
|poke|p2|Slither Wing|
|poke|p2|Alomomola, M|
|poke|p2|Corviknight, F|
|poke|p2|Clodsire, M|
|poke|p2|Gholdengo|
|poke|p2|Iron Moth|
|teampreview
|inactive|Battle timer is ON: inactive players will automatically lose when time's up. (requested by xw haha)
|
|t:|1758980820
|teamsize|p1|6
|teamsize|p2|6
|start
|switch|p1a: Weavile|Weavile, M|100/100
|switch|p2a: Slither Wing|Slither Wing|100/100
|-ability|p1a: Weavile|Pressure
|turn|1
|
|t:|1758980828
|move|p1a: Weavile|Fake Out|p2a: Slither Wing
|-damage|p2a: Slither Wing|76/100
|-damage|p1a: Weavile|91/100|[from] item: Life Orb
|cant|p2a: Slither Wing|flinch
|
|upkeep
|turn|2
|
|t:|1758980838
|switch|p1a: Gyarados|Gyarados, M|100/100
|-ability|p1a: Gyarados|Intimidate|boost
|-unboost|p2a: Slither Wing|atk|1
|-end|p2a: Slither Wing|Protosynthesis|[silent]
|switch|p2a: Alomomola|Alomomola, M|100/100
|
|upkeep
|turn|3
|
|t:|1758980852
|switch|p1a: Weavile|Weavile, M|91/100
|-ability|p1a: Weavile|Pressure
|move|p2a: Alomomola|Flip Turn|p1a: Weavile
|-damage|p1a: Weavile|61/100
|
|t:|1758980859
|switch|p2a: Slither Wing|Slither Wing|76/100|[from] Flip Turn
|
|upkeep
|turn|4
|
|t:|1758980864
|-end|p2a: Slither Wing|Protosynthesis|[silent]
|switch|p2a: Alomomola|Alomomola, M|100/100
|move|p1a: Weavile|Fake Out|p2a: Alomomola
|-damage|p2a: Alomomola|92/100
|-damage|p1a: Weavile|45/100|[from] item: Rocky Helmet|[of] p2a: Alomomola
|-damage|p1a: Weavile|35/100|[from] item: Life Orb
|
|upkeep
|turn|5
|
|t:|1758980873
|move|p1a: Weavile|Knock Off|p2a: Alomomola
|-damage|p2a: Alomomola|58/100
|-damage|p1a: Weavile|18/100|[from] item: Rocky Helmet|[of] p2a: Alomomola
|-enditem|p2a: Alomomola|Rocky Helmet|[from] move: Knock Off|[of] p1a: Weavile
|-damage|p1a: Weavile|8/100|[from] item: Life Orb
|move|p2a: Alomomola|Flip Turn|p1a: Weavile
|-damage|p1a: Weavile|0 fnt
|faint|p1a: Weavile
|
|t:|1758980889
|switch|p2a: Slither Wing|Slither Wing|76/100|[from] Flip Turn
|
|upkeep
|
|t:|1758980894
|switch|p1a: Scizor|Scizor, M|100/100
|turn|6
|
|t:|1758980899
|move|p2a: Slither Wing|U-turn|p1a: Scizor
|-resisted|p1a: Scizor
|-damage|p1a: Scizor|73/100
|
|t:|1758980902
|-end|p2a: Slither Wing|Protosynthesis|[silent]
|switch|p2a: Corviknight|Corviknight, F|100/100|[from] U-turn
|move|p1a: Scizor|U-turn|p2a: Corviknight
|-resisted|p2a: Corviknight
|-damage|p2a: Corviknight|91/100
|
|t:|1758980911
|switch|p1a: Garchomp|Garchomp, M|100/100|[from] U-turn
|
|-heal|p2a: Corviknight|97/100|[from] item: Leftovers
|upkeep
|turn|7
|
|t:|1758980923
|move|p1a: Garchomp|Swords Dance|p1a: Garchomp
|-boost|p1a: Garchomp|atk|2
|move|p2a: Corviknight|U-turn|p1a: Garchomp
|-damage|p1a: Garchomp|86/100
|-damage|p2a: Corviknight|84/100|[from] ability: Rough Skin|[of] p1a: Garchomp
|
|t:|1758980934
|switch|p2a: Gholdengo|Gholdengo|100/100|[from] U-turn
|-item|p2a: Gholdengo|Air Balloon
|
|upkeep
|turn|8
|
|t:|1758980943
|-terastallize|p1a: Garchomp|Fire
|move|p1a: Garchomp|Tera Blast|p2a: Gholdengo|[anim] Tera Blast Fire
|-supereffective|p2a: Gholdengo
|-damage|p2a: Gholdengo|0 fnt
|-enditem|p2a: Gholdengo|Air Balloon
|faint|p2a: Gholdengo
|
|upkeep
|
|t:|1758980959
|switch|p2a: Alomomola|Alomomola, M|91/100
|turn|9
|
|t:|1758980970
|move|p1a: Garchomp|Earthquake|p2a: Alomomola
|-damage|p2a: Alomomola|36/100
|move|p2a: Alomomola|Scald|p1a: Garchomp
|-supereffective|p1a: Garchomp
|-damage|p1a: Garchomp|60/100
|
|upkeep
|turn|10
|
|t:|1758980983
|switch|p2a: Clodsire|Clodsire, M|100/100
|move|p1a: Garchomp|Scale Shot|p2a: Clodsire
|-damage|p2a: Clodsire|74/100
|-damage|p2a: Clodsire|43/100
|-damage|p2a: Clodsire|12/100
|-damage|p2a: Clodsire|0 fnt
|faint|p2a: Clodsire
|-hitcount|p2: Clodsire|4
|-unboost|p1a: Garchomp|def|1
|-boost|p1a: Garchomp|spe|1
|
|upkeep
|
|t:|1758980996
|switch|p2a: Slither Wing|Slither Wing|76/100
|turn|11
|
|t:|1758981008
|switch|p1a: Scizor|Scizor, M|73/100
|-terastallize|p2a: Slither Wing|Bug
|move|p2a: Slither Wing|First Impression|p1a: Scizor
|-resisted|p1a: Scizor
|-damage|p1a: Scizor|23/100
|
|upkeep
|turn|12
|
|t:|1758981022
|-end|p2a: Slither Wing|Protosynthesis|[silent]
|switch|p2a: Alomomola|Alomomola, M|69/100
|move|p1a: Scizor|Bullet Punch|p2a: Alomomola
|-resisted|p2a: Alomomola
|-damage|p2a: Alomomola|55/100
|
|upkeep
|turn|13
|
|t:|1758981035
|switch|p1a: Staraptor|Staraptor, M|100/100
|move|p2a: Alomomola|Wish|p2a: Alomomola
|
|upkeep
|turn|14
|
|t:|1758981048
|move|p2a: Alomomola|Protect|p2a: Alomomola
|-singleturn|p2a: Alomomola|Protect
|move|p1a: Staraptor|U-turn|p2a: Alomomola
|-activate|p2a: Alomomola|move: Protect
|
|-heal|p2a: Alomomola|100/100|[from] move: Wish|[wisher] Alomomola
|upkeep
|turn|15
|
|t:|1758981056
|move|p1a: Staraptor|U-turn|p2a: Alomomola
|-damage|p2a: Alomomola|89/100
|
|t:|1758981060
|switch|p1a: Scizor|Scizor, M|23/100|[from] U-turn
|move|p2a: Alomomola|Wish|p2a: Alomomola
|
|upkeep
|turn|16
|
|t:|1758981067
|move|p2a: Alomomola|Flip Turn|p1a: Scizor
|-damage|p1a: Scizor|7/100
|
|t:|1758981072
|switch|p2a: Iron Moth|Iron Moth|100/100|[from] Flip Turn
|move|p1a: Scizor|U-turn|p2a: Iron Moth
|-resisted|p2a: Iron Moth
|-damage|p2a: Iron Moth|76/100
|
|t:|1758981083
|switch|p1a: Gyarados|Gyarados, M|100/100|[from] U-turn
|-ability|p1a: Gyarados|Intimidate|boost
|-unboost|p2a: Iron Moth|atk|1
|
|-heal|p2a: Iron Moth|100/100|[from] move: Wish|[wisher] Alomomola
|upkeep
|turn|17
|
|t:|1758981094
|-end|p2a: Iron Moth|Quark Drive|[silent]
|switch|p2a: Alomomola|Alomomola, M|100/100
|move|p1a: Gyarados|Dragon Dance|p1a: Gyarados
|-boost|p1a: Gyarados|atk|1
|-boost|p1a: Gyarados|spe|1
|
|upkeep
|turn|18
|
|t:|1758981102
|move|p1a: Gyarados|Dragon Dance|p1a: Gyarados
|-boost|p1a: Gyarados|atk|1
|-boost|p1a: Gyarados|spe|1
|move|p2a: Alomomola|Wish|p2a: Alomomola
|
|upkeep
|turn|19
|
|t:|1758981110
|move|p1a: Gyarados|Dragon Dance|p1a: Gyarados
|-boost|p1a: Gyarados|atk|1
|-boost|p1a: Gyarados|spe|1
|move|p2a: Alomomola|Flip Turn|p1a: Gyarados
|-resisted|p1a: Gyarados
|-damage|p1a: Gyarados|91/100
|
|t:|1758981119
|switch|p2a: Corviknight|Corviknight, F|84/100|[from] Flip Turn
|
|-heal|p2a: Corviknight|100/100|[from] move: Wish|[wisher] Alomomola
|upkeep
|turn|20
|
|t:|1758981126
|move|p1a: Gyarados|Waterfall|p2a: Corviknight
|-damage|p2a: Corviknight|35/100
|move|p2a: Corviknight|Brave Bird|p1a: Gyarados
|-damage|p1a: Gyarados|44/100
|-damage|p2a: Corviknight|23/100|[from] Recoil
|
|-heal|p2a: Corviknight|29/100|[from] item: Leftovers
|upkeep
|turn|21
|
|t:|1758981139
|switch|p2a: Alomomola|Alomomola, M|100/100
|move|p1a: Gyarados|Waterfall|p2a: Alomomola
|-resisted|p2a: Alomomola
|-damage|p2a: Alomomola|74/100
|
|upkeep
|turn|22
|
|t:|1758981146
|move|p1a: Gyarados|Earthquake|p2a: Alomomola
|-damage|p2a: Alomomola|27/100
|move|p2a: Alomomola|Wish|p2a: Alomomola
|
|upkeep
|turn|23
|
|t:|1758981155
|move|p1a: Gyarados|Dragon Dance|p1a: Gyarados
|-boost|p1a: Gyarados|atk|1
|-boost|p1a: Gyarados|spe|1
|move|p2a: Alomomola|Flip Turn|p1a: Gyarados
|-resisted|p1a: Gyarados
|-damage|p1a: Gyarados|34/100
|
|t:|1758981161
|switch|p2a: Corviknight|Corviknight, F|29/100|[from] Flip Turn
|
|-heal|p2a: Corviknight|96/100|[from] move: Wish|[wisher] Alomomola
|-heal|p2a: Corviknight|100/100|[from] item: Leftovers
|upkeep
|turn|24
|
|t:|1758981170
|move|p1a: Gyarados|Waterfall|p2a: Corviknight
|-damage|p2a: Corviknight|22/100
|move|p2a: Corviknight|Brave Bird|p1a: Gyarados
|-damage|p1a: Gyarados|0 fnt
|faint|p1a: Gyarados
|-damage|p2a: Corviknight|13/100|[from] Recoil
|
|-heal|p2a: Corviknight|19/100|[from] item: Leftovers
|upkeep
|
|t:|1758981192
|switch|p1a: Staraptor|Staraptor, M|100/100
|turn|25
|
|t:|1758981198
|move|p1a: Staraptor|Brave Bird|p2a: Corviknight
|-resisted|p2a: Corviknight
|-damage|p2a: Corviknight|0 fnt
|faint|p2a: Corviknight
|-damage|p1a: Staraptor|92/100|[from] Recoil
|
|upkeep
|
|t:|1758981206
|switch|p2a: Alomomola|Alomomola, M|60/100
|turn|26
|
|t:|1758981209
|move|p1a: Staraptor|Brave Bird|p2a: Alomomola
|-damage|p2a: Alomomola|24/100
|-damage|p1a: Staraptor|72/100|[from] Recoil
|move|p2a: Alomomola|Wish|p2a: Alomomola
|
|upkeep
|turn|27
|
|t:|1758981216
|switch|p1a: Torterra|Torterra, M|100/100
|move|p2a: Alomomola|Protect||[still]
|-fail|p2a: Alomomola
|
|-heal|p2a: Alomomola|74/100|[from] move: Wish|[wisher] Alomomola
|upkeep
|turn|28
|
|t:|1758981233
|move|p1a: Torterra|Headlong Rush|p2a: Alomomola
|-damage|p2a: Alomomola|44/100
|-unboost|p1a: Torterra|def|1
|-unboost|p1a: Torterra|spd|1
|move|p2a: Alomomola|Flip Turn|p1a: Torterra
|-damage|p1a: Torterra|78/100
|
|t:|1758981241
|switch|p2a: Slither Wing|Slither Wing, tera:Bug|76/100|[from] Flip Turn
|
|upkeep
|turn|29
|
|t:|1758981252
|switch|p1a: Scizor|Scizor, M|7/100
|move|p2a: Slither Wing|U-turn|p1a: Scizor
|-resisted|p1a: Scizor
|-damage|p1a: Scizor|0 fnt
|faint|p1a: Scizor
|
|t:|1758981266
|-end|p2a: Slither Wing|Protosynthesis|[silent]
|switch|p2a: Iron Moth|Iron Moth|100/100|[from] U-turn
|
|upkeep
|
|t:|1758981272
|switch|p1a: Staraptor|Staraptor, M|72/100
|turn|30
|
|t:|1758981287
|move|p1a: Staraptor|Brave Bird|p2a: Iron Moth
|-damage|p2a: Iron Moth|0 fnt
|faint|p2a: Iron Moth
|-end|p2a: Iron Moth|Quark Drive|[silent]
|-damage|p1a: Staraptor|40/100|[from] Recoil
|
|upkeep
|
|t:|1758981294
|switch|p2a: Slither Wing|Slither Wing, tera:Bug|76/100
|turn|31
|
|t:|1758981299
|move|p2a: Slither Wing|First Impression|p1a: Staraptor
|-resisted|p1a: Staraptor
|-damage|p1a: Staraptor|0 fnt
|faint|p1a: Staraptor
|
|upkeep
|
|t:|1758981306
|switch|p1a: Garchomp|Garchomp, M, tera:Fire|60/100
|turn|32
|
|t:|1758981311
|-end|p2a: Slither Wing|Protosynthesis|[silent]
|switch|p2a: Alomomola|Alomomola, M|77/100
|move|p1a: Garchomp|Swords Dance|p1a: Garchomp
|-boost|p1a: Garchomp|atk|2
|
|upkeep
|turn|33
|
|t:|1758981320
|move|p1a: Garchomp|Earthquake|p2a: Alomomola
|-damage|p2a: Alomomola|17/100
|move|p2a: Alomomola|Flip Turn|p1a: Garchomp
|-supereffective|p1a: Garchomp
|-damage|p1a: Garchomp|30/100
|-damage|p2a: Alomomola|5/100|[from] ability: Rough Skin|[of] p1a: Garchomp
|
|t:|1758981327
|switch|p2a: Slither Wing|Slither Wing, tera:Bug|76/100|[from] Flip Turn
|
|upkeep
|turn|34
|
|t:|1758981344
|move|p2a: Slither Wing|First Impression|p1a: Garchomp
|-resisted|p1a: Garchomp
|-damage|p1a: Garchomp|0 fnt
|-damage|p2a: Slither Wing|64/100|[from] ability: Rough Skin|[of] p1a: Garchomp
|faint|p1a: Garchomp
|
|upkeep
|
|t:|1758981346
|switch|p1a: Torterra|Torterra, M|78/100
|turn|35
|
|t:|1758981353
|-end|p2a: Slither Wing|Protosynthesis|[silent]
|switch|p2a: Alomomola|Alomomola, M|38/100
|move|p1a: Torterra|Rock Blast|p2a: Alomomola
|-damage|p2a: Alomomola|33/100
|-damage|p2a: Alomomola|29/100
|-damage|p2a: Alomomola|25/100
|-damage|p2a: Alomomola|21/100
|-hitcount|p2a: Alomomola|4
|
|upkeep
|turn|36
|
|t:|1758981363
|move|p1a: Torterra|Bullet Seed|p2a: Alomomola
|-supereffective|p2a: Alomomola
|-damage|p2a: Alomomola|7/100
|-supereffective|p2a: Alomomola
|-damage|p2a: Alomomola|0 fnt
|faint|p2a: Alomomola
|-hitcount|p2: Alomomola|2
|
|upkeep
|
|t:|1758981370
|switch|p2a: Slither Wing|Slither Wing, tera:Bug|64/100
|turn|37
|
|t:|1758981374
|move|p2a: Slither Wing|First Impression|p1a: Torterra
|-supereffective|p1a: Torterra
|-damage|p1a: Torterra|0 fnt
|faint|p1a: Torterra
|
|win|xw haha
|raw|dulana123's rating: 1329 &rarr; <strong>1309</strong><br />(-20 for losing)
|raw|xw haha's rating: 1329 &rarr; <strong>1349</strong><br />(+20 for winning)
|l|☆dulana123
|player|p1|
|l|☆xw haha
|player|p2|
