|j|☆Leandrolele
|j|☆Nuxlo871
|t:|1758954802
|gametype|singles
|player|p1|Leandrolele|102|1101
|player|p2|Nuxlo871|riley|1150
|gen|9
|tier|[Gen 9] OU
|rated|
|rule|HP Percentage Mod: HP is shown in percentages
|rule|Endless Battle Clause: Forcing endless battles is banned
|rule|Species Clause: Limit one of each Pokémon
|rule|OHKO Clause: OHKO moves are banned
|rule|Evasion Items Clause: Evasion items are banned
|rule|Evasion Moves Clause: Evasion moves are banned
|rule|Evasion Abilities Clause: Evasion abilities are banned
|rule|Sleep Moves Clause: Sleep-inducing moves are banned
|clearpoke
|poke|p1|Dragapult, F|
|poke|p1|Ogerpon-Wellspring, F|
|poke|p1|Zamazenta-*|
|poke|p1|Clefable, F|
|poke|p1|Corviknight, M|
|poke|p1|Ting-Lu|
|poke|p2|Haxorus, M|
|poke|p2|Ceruledge, F|
|poke|p2|Kingambit, M|
|poke|p2|Gyarados, F|
|poke|p2|Ursaluna, F|
|poke|p2|Breloom, F|
|teampreview
|inactive|Battle timer is ON: inactive players will automatically lose when time's up. (requested by Leandrolele)
|
|t:|1758954812
|teamsize|p1|6
|teamsize|p2|6
|start
|switch|p1a: Dragapult|Dragapult, F|100/100
|switch|p2a: Gyarados|Gyarados, F|100/100
|turn|1
|
|t:|1758954821
|move|p2a: Gyarados|Ice Fang|p1a: Dragapult
|-supereffective|p1a: Dragapult
|-damage|p1a: Dragapult|43/100
|move|p1a: Dragapult|Draco Meteor|p2a: Gyarados
|-damage|p2a: Gyarados|13/100
|-unboost|p1a: Dragapult|spa|2
|
|upkeep
|turn|2
|
|t:|1758954835
|switch|p1a: Ogerpon|Ogerpon-Wellspring, F|100/100
|move|p2a: Gyarados|Ice Fang|p1a: Ogerpon
|-damage|p1a: Ogerpon|74/100
|
|upkeep
|turn|3
|
|t:|1758954841
|move|p2a: Gyarados|Ice Fang|p1a: Ogerpon
|-damage|p1a: Ogerpon|47/100
|move|p1a: Ogerpon|Spikes|p2a: Gyarados
|-sidestart|p2: Nuxlo871|Spikes
|
|upkeep
|turn|4
|
|t:|1758954847
|move|p2a: Gyarados|Ice Fang|p1a: Ogerpon
|-damage|p1a: Ogerpon|19/100
|move|p1a: Ogerpon|Spikes|p2a: Gyarados
|-sidestart|p2: Nuxlo871|Spikes
|
|upkeep
|turn|5
|
|t:|1758954853
|switch|p1a: Corviknight|Corviknight, M, shiny|100/100
|-ability|p1a: Corviknight|Pressure
|move|p2a: Gyarados|Ice Fang|p1a: Corviknight
|-damage|p1a: Corviknight|86/100
|-damage|p2a: Gyarados|0 fnt|[from] item: Rocky Helmet|[of] p1a: Corviknight
|faint|p2a: Gyarados
|
|upkeep
|
|t:|1758954864
|switch|p2a: Ursaluna|Ursaluna, F|100/100
|-damage|p2a: Ursaluna|84/100|[from] Spikes
|turn|6
|
|t:|1758954872
|move|p1a: Corviknight|Iron Defense|p1a: Corviknight
|-boost|p1a: Corviknight|def|2
|move|p2a: Ursaluna|Swords Dance|p2a: Ursaluna
|-boost|p2a: Ursaluna|atk|2
|
|upkeep
|turn|7
|
|t:|1758954880
|move|p1a: Corviknight|Iron Defense|p1a: Corviknight
|-boost|p1a: Corviknight|def|2
|move|p2a: Ursaluna|Swords Dance|p2a: Ursaluna
|-boost|p2a: Ursaluna|atk|2
|
|upkeep
|turn|8
|
|t:|1758954890
|move|p1a: Corviknight|Body Press|p2a: Ursaluna
|-supereffective|p2a: Ursaluna
|-damage|p2a: Ursaluna|0 fnt
|faint|p2a: Ursaluna
|
|upkeep
|
|t:|1758954900
|switch|p2a: Ceruledge|Ceruledge, F|100/100
|-damage|p2a: Ceruledge|84/100|[from] Spikes
|turn|9
|
|t:|1758954919
|switch|p1a: Ting-Lu|Ting-Lu|100/100
|-ability|p1a: Ting-Lu|Vessel of Ruin
|move|p2a: Ceruledge|Bitter Blade|p1a: Ting-Lu
|-damage|p1a: Ting-Lu|69/100
|-heal|p2a: Ceruledge|100/100|[from] drain|[of] p1a: Ting-Lu
|-damage|p2a: Ceruledge|91/100|[from] item: Life Orb
|
|upkeep
|turn|10
|
|t:|1758954930
|move|p2a: Ceruledge|Shadow Claw|p1a: Ting-Lu
|-resisted|p1a: Ting-Lu
|-damage|p1a: Ting-Lu|56/100
|-damage|p2a: Ceruledge|81/100|[from] item: Life Orb
|move|p1a: Ting-Lu|Earthquake|p2a: Ceruledge
|-supereffective|p2a: Ceruledge
|-damage|p2a: Ceruledge|0 fnt
|faint|p2a: Ceruledge
|
|upkeep
|
|t:|1758954944
|switch|p2a: Breloom|Breloom, F|100/100
|-damage|p2a: Breloom|84/100|[from] Spikes
|turn|11
|
|t:|1758954950
|move|p2a: Breloom|Seed Bomb|p1a: Ting-Lu
|-supereffective|p1a: Ting-Lu
|-damage|p1a: Ting-Lu|0 fnt
|faint|p1a: Ting-Lu
|
|upkeep
|
|t:|1758954954
|switch|p1a: Dragapult|Dragapult, F|43/100
|turn|12
|
|t:|1758954959
|move|p1a: Dragapult|Draco Meteor|p2a: Breloom
|-damage|p2a: Breloom|0 fnt
|-unboost|p1a: Dragapult|spa|2
|faint|p2a: Breloom
|
|upkeep
|
|t:|1758954965
|switch|p2a: Kingambit|Kingambit, M|100/100
|-damage|p2a: Kingambit|84/100|[from] Spikes
|-activate|p2a: Kingambit|ability: Supreme Overlord
|-start|p2a: Kingambit|fallen4|[silent]
|turn|13
|
|t:|1758954971
|switch|p1a: Zamazenta|Zamazenta, shiny|100/100
|-ability|p1a: Zamazenta|Dauntless Shield|boost
|-boost|p1a: Zamazenta|def|1
|move|p2a: Kingambit|Sucker Punch||[still]
|-fail|p2a: Kingambit
|
|upkeep
|turn|14
|-message|Nuxlo871 forfeited.
|
|win|Leandrolele
|raw|Leandrolele's rating: 1101 &rarr; <strong>1130</strong><br />(+29 for winning)
|raw|Nuxlo871's rating: 1150 &rarr; <strong>1121</strong><br />(-29 for losing)
|l|☆Nuxlo871
|player|p2|
|l|☆Leandrolele
|player|p1|
