|j|☆BrazyBray
|j|☆oska-nais
|t:|1758924593
|gametype|singles
|player|p1|BrazyBray|101|1079
|player|p2|oska-nais|n|1108
|gen|9
|tier|[Gen 9] OU
|rated|
|rule|HP Percentage Mod: HP is shown in percentages
|rule|Endless Battle Clause: Forcing endless battles is banned
|rule|Species Clause: Limit one of each Pokémon
|rule|OHKO Clause: OHKO moves are banned
|rule|Evasion Items Clause: Evasion items are banned
|rule|Evasion Moves Clause: Evasion moves are banned
|rule|Evasion Abilities Clause: Evasion abilities are banned
|rule|Sleep Moves Clause: Sleep-inducing moves are banned
|clearpoke
|poke|p1|Indeedee, M|
|poke|p1|Hatterene, F|
|poke|p1|Iron Treads|
|poke|p1|Deoxys-Speed|
|poke|p1|Ceruledge, M|
|poke|p1|Walking Wake|
|poke|p2|Gliscor, M|
|poke|p2|Ceruledge, M|
|poke|p2|Iron Valiant|
|poke|p2|Corviknight, F|
|poke|p2|Walking Wake|
|poke|p2|Zapdos|
|teampreview
|l|☆BrazyBray
|player|p1|
|j|☆BrazyBray
|player|p1|BrazyBray|101|
|inactive|Battle timer is ON: inactive players will automatically lose when time's up. (requested by BrazyBray)
|
|t:|1758924616
|teamsize|p1|6
|teamsize|p2|6
|start
|switch|p1a: Indeedee|Indeedee, M|100/100
|switch|p2a: The Bat|Gliscor, M|100/100
|-fieldstart|move: Psychic Terrain|[from] ability: Psychic Surge|[of] p1a: Indeedee
|turn|1
|
|t:|1758924628
|switch|p1a: Hatterene|Hatterene, F|100/100
|move|p2a: The Bat|Toxic|p1a: Hatterene
|move|p1a: Hatterene|Toxic|p2a: The Bat|[from] ability: Magic Bounce
|-status|p2a: The Bat|tox
|
|upkeep
|turn|2
|
|t:|1758924643
|move|p2a: The Bat|Earthquake|p1a: Hatterene
|-damage|p1a: Hatterene|65/100
|move|p1a: Hatterene|Psychic Noise|p2a: The Bat
|-damage|p2a: The Bat|55/100 tox
|-start|p2a: The Bat|move: Heal Block
|
|upkeep
|turn|3
|
|t:|1758924652
|move|p2a: The Bat|Protect|p2a: The Bat
|-singleturn|p2a: The Bat|Protect
|move|p1a: Hatterene|Psychic Noise|p2a: The Bat
|-activate|p2a: The Bat|move: Protect
|
|-end|p2a: The Bat|move: Heal Block
|upkeep
|turn|4
|inactive|oska-nais has 120 seconds left.
|
|t:|1758924687
|switch|p2a: The Thief|Ceruledge, M|100/100
|move|p1a: Hatterene|Psychic Noise|p2a: The Thief
|-damage|p2a: The Thief|40/100
|-start|p2a: The Thief|move: Heal Block
|
|upkeep
|turn|5
|inactive|oska-nais has 120 seconds left.
|
|t:|1758924698
|move|p2a: The Thief|Poltergeist|p1a: Hatterene
|-activate|p1a: Hatterene|move: Poltergeist|Custap Berry
|-supereffective|p1a: Hatterene
|-damage|p1a: Hatterene|0 fnt
|faint|p1a: Hatterene
|
|-end|p2a: The Thief|move: Heal Block
|upkeep
|
|t:|1758924704
|switch|p1a: Deoxys|Deoxys-Speed|100/100
|-ability|p1a: Deoxys|Pressure
|turn|6
|inactive|oska-nais has 120 seconds left.
|
|t:|1758924727
|switch|p2a: The Knight|Corviknight, F|100/100
|-ability|p2a: The Knight|Pressure
|move|p1a: Deoxys|Expanding Force|p2a: The Knight
|-resisted|p2a: The Knight
|-damage|p2a: The Knight|63/100
|-damage|p1a: Deoxys|91/100|[from] item: Life Orb
|
|-heal|p2a: The Knight|69/100|[from] item: Leftovers
|upkeep
|turn|7
|inactive|oska-nais has 120 seconds left.
|
|t:|1758924743
|switch|p1a: Ceruledge|Ceruledge, M|100/100
|move|p2a: The Knight|Iron Defense|p2a: The Knight
|-boost|p2a: The Knight|def|2
|
|-heal|p2a: The Knight|75/100|[from] item: Leftovers
|upkeep
|turn|8
|
|t:|1758924756
|switch|p2a: The Dragon|Walking Wake|100/100
|move|p1a: Ceruledge|Bitter Blade|p2a: The Dragon
|-resisted|p2a: The Dragon
|-damage|p2a: The Dragon|89/100
|
|-fieldend|move: Psychic Terrain
|upkeep
|turn|9
|
|t:|1758924772
|switch|p1a: Indeedee|Indeedee, M|100/100
|-fieldstart|move: Psychic Terrain|[from] ability: Psychic Surge|[of] p1a: Indeedee
|move|p2a: The Dragon|Draco Meteor|p1a: Indeedee|[miss]
|-miss|p2a: The Dragon|p1a: Indeedee
|
|upkeep
|turn|10
|inactive|oska-nais has 90 seconds left.
|inactive|BrazyBray has 120 seconds left.
|
|t:|1758924803
|move|p2a: The Dragon|Flip Turn|p1a: Indeedee
|-damage|p1a: Indeedee|68/100
|
|t:|1758924809
|-end|p2a: The Dragon|Protosynthesis|[silent]
|switch|p2a: The Knight|Corviknight, F|75/100|[from] Flip Turn
|-ability|p2a: The Knight|Pressure
|move|p1a: Indeedee|Expanding Force|p2a: The Knight
|-resisted|p2a: The Knight
|-damage|p2a: The Knight|45/100
|
|-heal|p2a: The Knight|51/100|[from] item: Leftovers
|upkeep
|turn|11
|inactive|oska-nais has 90 seconds left.
|inactive|BrazyBray has 120 seconds left.
|
|t:|1758924824
|switch|p1a: Ceruledge|Ceruledge, M|100/100
|move|p2a: The Knight|Roost|p2a: The Knight
|-heal|p2a: The Knight|100/100
|-singleturn|p2a: The Knight|move: Roost
|
|upkeep
|turn|12
|inactive|oska-nais has 90 seconds left.
|
|t:|1758924842
|move|p1a: Ceruledge|Swords Dance|p1a: Ceruledge
|-boost|p1a: Ceruledge|atk|2
|move|p2a: The Knight|Body Press|p1a: Ceruledge
|-immune|p1a: Ceruledge
|
|upkeep
|turn|13
|inactive|oska-nais has 90 seconds left.
|
|t:|1758924867
|switch|p2a: The Storm|Zapdos|100/100
|move|p1a: Ceruledge|Swords Dance|p1a: Ceruledge
|-boost|p1a: Ceruledge|atk|2
|
|upkeep
|turn|14
|
|t:|1758924881
|move|p1a: Ceruledge|Poltergeist|p2a: The Storm
|-activate|p2a: The Storm|move: Poltergeist|Heat Rock
|-crit|p2a: The Storm
|-damage|p2a: The Storm|0 fnt
|faint|p2a: The Storm
|
|upkeep
|inactive|oska-nais has 60 seconds left.
|
|t:|1758924907
|switch|p2a: The Dragon|Walking Wake|89/100
|turn|15
|inactive|oska-nais has 60 seconds left.
|c|☆BrazyBray|Heat Rock?
|
|t:|1758924926
|-terastallize|p1a: Ceruledge|Bug
|move|p2a: The Dragon|Hydro Steam|p1a: Ceruledge
|-damage|p1a: Ceruledge|56/100
|move|p1a: Ceruledge|Close Combat|p2a: The Dragon
|-damage|p2a: The Dragon|0 fnt
|-unboost|p1a: Ceruledge|def|1
|-unboost|p1a: Ceruledge|spd|1
|faint|p2a: The Dragon
|-end|p2a: The Dragon|Protosynthesis|[silent]
|
|upkeep
|inactive|oska-nais has 60 seconds left.
|inactive|oska-nais has 30 seconds left.
|
|t:|1758924961
|switch|p2a: The Guardian|Iron Valiant|100/100
|-enditem|p2a: The Guardian|Booster Energy
|-activate|p2a: The Guardian|ability: Quark Drive|[fromitem]
|-start|p2a: The Guardian|quarkdrivespe
|turn|16
|inactive|oska-nais has 30 seconds left.
|inactive|oska-nais has 20 seconds left.
|
|t:|1758924989
|switch|p1a: Iron Treads|Iron Treads|100/100
|-enditem|p1a: Iron Treads|Booster Energy
|-activate|p1a: Iron Treads|ability: Quark Drive|[fromitem]
|-start|p1a: Iron Treads|quarkdrivespe
|move|p2a: The Guardian|Moonblast|p1a: Iron Treads
|-resisted|p1a: Iron Treads
|-damage|p1a: Iron Treads|67/100
|
|-fieldend|move: Psychic Terrain
|upkeep
|turn|17
|inactive|oska-nais has 30 seconds left this turn.
|inactive|BrazyBray has 120 seconds left.
|
|t:|1758925014
|move|p2a: The Guardian|Aura Sphere|p1a: Iron Treads
|-supereffective|p1a: Iron Treads
|-damage|p1a: Iron Treads|0 fnt
|faint|p1a: Iron Treads
|-end|p1a: Iron Treads|Quark Drive|[silent]
|
|upkeep
|
|t:|1758925017
|switch|p1a: Indeedee|Indeedee, M|68/100
|-fieldstart|move: Psychic Terrain|[from] ability: Psychic Surge|[of] p1a: Indeedee
|turn|18
|inactive|BrazyBray has 120 seconds left.
|
|t:|1758925038
|move|p2a: The Guardian|Moonblast|p1a: Indeedee
|-damage|p1a: Indeedee|6/100
|-unboost|p1a: Indeedee|spa|1
|move|p1a: Indeedee|Healing Wish|p1a: Indeedee
|faint|p1a: Indeedee
|
|upkeep
|
|t:|1758925041
|switch|p1a: Ceruledge|Ceruledge, M, tera:Bug|56/100
|-heal|p1a: Ceruledge|100/100|[from] move: Healing Wish
|turn|19
|
|t:|1758925051
|move|p2a: The Guardian|Calm Mind|p2a: The Guardian
|-boost|p2a: The Guardian|spa|1
|-boost|p2a: The Guardian|spd|1
|move|p1a: Ceruledge|Swords Dance|p1a: Ceruledge
|-boost|p1a: Ceruledge|atk|2
|
|upkeep
|turn|20
|
|t:|1758925058
|move|p2a: The Guardian|Moonblast|p1a: Ceruledge
|-crit|p1a: Ceruledge
|-enditem|p1a: Ceruledge|Focus Sash
|-damage|p1a: Ceruledge|1/100
|move|p1a: Ceruledge|Bitter Blade|p2a: The Guardian
|-damage|p2a: The Guardian|0 fnt
|-heal|p1a: Ceruledge|51/100|[from] drain|[of] p2a: The Guardian
|faint|p2a: The Guardian
|-end|p2a: The Guardian|Quark Drive|[silent]
|
|upkeep
|inactive|oska-nais has 30 seconds left.
|
|t:|1758925080
|switch|p2a: The Thief|Ceruledge, M|40/100
|turn|21
|
|t:|1758925088
|move|p1a: Ceruledge|Poltergeist|p2a: The Thief
|-activate|p2a: The Thief|move: Poltergeist|Focus Sash
|-supereffective|p2a: The Thief
|-damage|p2a: The Thief|0 fnt
|faint|p2a: The Thief
|
|upkeep
|
|t:|1758925094
|switch|p2a: The Bat|Gliscor, M|55/100 tox
|turn|22
|
|t:|1758925103
|move|p1a: Ceruledge|Poltergeist|p2a: The Bat
|-activate|p2a: The Bat|move: Poltergeist|Toxic Orb
|-damage|p2a: The Bat|0 fnt
|faint|p2a: The Bat
|
|upkeep
|
|t:|1758925108
|switch|p2a: The Knight|Corviknight, F|100/100
|-ability|p2a: The Knight|Pressure
|turn|23
|c|☆BrazyBray|my goat is not a thief he is a knight
|c|☆BrazyBray|a warrior >:(
|c|☆BrazyBray|gg
|c|☆oska-nais|gg
|inactive|oska-nais has 30 seconds left.
|-message|oska-nais forfeited.
|
|win|BrazyBray
|raw|BrazyBray's rating: 1079 &rarr; <strong>1109</strong><br />(+30 for winning)
|raw|oska-nais's rating: 1108 &rarr; <strong>1081</strong><br />(-27 for losing)
|l|☆oska-nais
|player|p2|
