|j|☆TotallySkilled
|j|☆syk1307
|t:|1759069794
|gametype|singles
|player|p1|TotallySkilled|guzma|1439
|player|p2|syk1307|giovanni|1485
|gen|9
|tier|[Gen 9] OU
|rated|
|rule|HP Percentage Mod: HP is shown in percentages
|rule|Endless Battle Clause: Forcing endless battles is banned
|rule|Species Clause: Limit one of each Pokémon
|rule|OHKO Clause: OHKO moves are banned
|rule|Evasion Items Clause: Evasion items are banned
|rule|Evasion Moves Clause: Evasion moves are banned
|rule|Evasion Abilities Clause: Evasion abilities are banned
|rule|Sleep Moves Clause: Sleep-inducing moves are banned
|clearpoke
|poke|p1|Hatterene, F|
|poke|p1|Ninetales-Alola, F|
|poke|p1|Manaphy|
|poke|p1|Iron Hands|
|poke|p1|Darkrai|
|poke|p1|Ogerpon-Wellspring, F|
|poke|p2|Jolteon, M|
|poke|p2|Gyarados, M|
|poke|p2|Arcanine, M|
|poke|p2|Scizor, M|
|poke|p2|Corviknight, M|
|poke|p2|Mew|
|teampreview
|
|t:|1759069830
|teamsize|p1|6
|teamsize|p2|6
|start
|switch|p1a: Ogerpon|Ogerpon-Wellspring, F|100/100
|switch|p2a: Scizor|Scizor, M|100/100
|turn|1
|
|t:|1759069836
|move|p1a: Ogerpon|Ivy Cudgel|p2a: Scizor|[anim] Ivy Cudgel Water
|-damage|p2a: Scizor|45/100
|move|p2a: Scizor|U-turn|p1a: Ogerpon
|-supereffective|p1a: Ogerpon
|-damage|p1a: Ogerpon|0 fnt
|faint|p1a: Ogerpon
|
|t:|1759069864
|switch|p2a: Arcanine|Arcanine, M|100/100|[from] U-turn
|
|upkeep
|
|t:|1759069869
|switch|p1a: Manaphy|Manaphy|100/100
|turn|2
|
|t:|1759069873
|switch|p1a: Ninetales|Ninetales-Alola, F|100/100
|-weather|Snowscape|[from] ability: Snow Warning|[of] p1a: Ninetales
|move|p2a: Arcanine|Wild Charge|p1a: Ninetales
|-damage|p1a: Ninetales|65/100
|-damage|p2a: Arcanine|91/100|[from] Recoil
|
|-weather|Snowscape|[upkeep]
|upkeep
|turn|3
|
|t:|1759069884
|switch|p2a: Corviknight|Corviknight, M|100/100
|move|p1a: Ninetales|Aurora Veil|p1a: Ninetales
|-sidestart|p1: TotallySkilled|move: Aurora Veil
|
|-weather|Snowscape|[upkeep]
|upkeep
|turn|4
|
|t:|1759069889
|switch|p1a: Iron Hands|Iron Hands|100/100
|-enditem|p1a: Iron Hands|Booster Energy
|-activate|p1a: Iron Hands|ability: Quark Drive|[fromitem]
|-start|p1a: Iron Hands|quarkdriveatk
|move|p2a: Corviknight|Defog|p1a: Iron Hands
|-unboost|p1a: Iron Hands|evasion|1
|-sideend|p1: TotallySkilled|move: Aurora Veil
|
|-weather|Snowscape|[upkeep]
|upkeep
|turn|5
|
|t:|1759069898
|move|p1a: Iron Hands|Swords Dance|p1a: Iron Hands
|-boost|p1a: Iron Hands|atk|2
|move|p2a: Corviknight|U-turn|p1a: Iron Hands
|-resisted|p1a: Iron Hands
|-damage|p1a: Iron Hands|95/100
|inactive|Battle timer is ON: inactive players will automatically lose when time's up. (requested by TotallySkilled)
|inactive|syk1307 has 120 seconds left.
|
|t:|1759069971
|switch|p2a: Jolteon|Jolteon, M|100/100|[from] U-turn
|
|-weather|Snowscape|[upkeep]
|upkeep
|turn|6
|
|t:|1759069990
|move|p2a: Jolteon|Volt Switch|p1a: Iron Hands
|-resisted|p1a: Iron Hands
|-damage|p1a: Iron Hands|74/100
|
|t:|1759070003
|switch|p2a: Scizor|Scizor, M|45/100|[from] Volt Switch
|move|p1a: Iron Hands|Drain Punch|p2a: Scizor
|-crit|p2a: Scizor
|-damage|p2a: Scizor|0 fnt
|-heal|p1a: Iron Hands|91/100|[from] drain|[of] p2a: Scizor
|faint|p2a: Scizor
|
|-weather|none
|upkeep
|
|t:|1759070011
|switch|p2a: Jolteon|Jolteon, M|100/100
|turn|7
|
|t:|1759070015
|move|p2a: Jolteon|Alluring Voice|p1a: Iron Hands
|-supereffective|p1a: Iron Hands
|-damage|p1a: Iron Hands|26/100
|move|p1a: Iron Hands|Drain Punch|p2a: Jolteon
|-damage|p2a: Jolteon|0 fnt
|-heal|p1a: Iron Hands|56/100|[from] drain|[of] p2a: Jolteon
|faint|p2a: Jolteon
|
|upkeep
|
|t:|1759070022
|switch|p2a: Mew|Mew, shiny|100/100
|turn|8
|
|t:|1759070025
|move|p2a: Mew|Psychic|p1a: Iron Hands
|-supereffective|p1a: Iron Hands
|-damage|p1a: Iron Hands|0 fnt
|faint|p1a: Iron Hands
|-end|p1a: Iron Hands|Quark Drive|[silent]
|
|upkeep
|
|t:|1759070028
|switch|p1a: Darkrai|Darkrai|100/100
|turn|9
|
|t:|1759070036
|switch|p2a: Corviknight|Corviknight, M|100/100
|move|p1a: Darkrai|Trick|p2a: Corviknight
|-activate|p1a: Darkrai|move: Trick|[of] p2a: Corviknight
|-item|p2a: Corviknight|Choice Scarf|[from] move: Trick
|-item|p1a: Darkrai|Rocky Helmet|[from] move: Trick
|
|upkeep
|turn|10
|
|t:|1759070042
|move|p1a: Darkrai|Will-O-Wisp|p2a: Corviknight
|-status|p2a: Corviknight|brn
|move|p2a: Corviknight|U-turn|p1a: Darkrai
|-supereffective|p1a: Darkrai
|-damage|p1a: Darkrai|80/100
|-damage|p2a: Corviknight|84/100 brn|[from] item: Rocky Helmet|[of] p1a: Darkrai
|
|t:|1759070061
|switch|p2a: Gyarados|Gyarados, M|100/100|[from] U-turn
|
|upkeep
|turn|11
|
|t:|1759070065
|move|p1a: Darkrai|Will-O-Wisp|p2a: Gyarados
|-status|p2a: Gyarados|brn
|-enditem|p2a: Gyarados|Lum Berry|[eat]
|-curestatus|p2a: Gyarados|brn|[msg]
|move|p2a: Gyarados|Dragon Dance|p2a: Gyarados
|-boost|p2a: Gyarados|atk|1
|-boost|p2a: Gyarados|spe|1
|
|upkeep
|turn|12
|
|t:|1759070088
|move|p2a: Gyarados|Waterfall|p1a: Darkrai
|-damage|p1a: Darkrai|0 fnt
|-damage|p2a: Gyarados|84/100|[from] item: Rocky Helmet|[of] p1a: Darkrai
|faint|p1a: Darkrai
|-ability|p2a: Gyarados|Moxie|boost
|-boost|p2a: Gyarados|atk|1
|
|upkeep
|
|t:|1759070095
|switch|p1a: Hatterene|Hatterene, F|100/100
|turn|13
|
|t:|1759070116
|-terastallize|p2a: Gyarados|Ground
|move|p2a: Gyarados|Earthquake|p1a: Hatterene
|-damage|p1a: Hatterene|7/100
|move|p1a: Hatterene|Nuzzle|p2a: Gyarados
|-immune|p2a: Gyarados
|
|-heal|p1a: Hatterene|13/100|[from] item: Leftovers
|upkeep
|turn|14
|-message|TotallySkilled forfeited.
|
|win|syk1307
|raw|TotallySkilled's rating: 1439 &rarr; <strong>1422</strong><br />(-17 for losing)
|raw|syk1307's rating: 1485 &rarr; <strong>1502</strong><br />(+17 for winning)
|l|☆TotallySkilled
|player|p1|
