|j|☆Ai Specialist 144
|j|☆LordFueg
|t:|1759034962
|gametype|singles
|player|p1|Ai Specialist 144|marley|1398
|player|p2|LordFueg|2|1401
|gen|9
|tier|[Gen 9] OU
|rated|
|rule|HP Percentage Mod: HP is shown in percentages
|rule|Endless Battle Clause: Forcing endless battles is banned
|rule|Species Clause: Limit one of each Pokémon
|rule|OHKO Clause: OHKO moves are banned
|rule|Evasion Items Clause: Evasion items are banned
|rule|Evasion Moves Clause: Evasion moves are banned
|rule|Evasion Abilities Clause: Evasion abilities are banned
|rule|Sleep Moves Clause: Sleep-inducing moves are banned
|clearpoke
|poke|p1|Iron Valiant|
|poke|p1|Dragonite, M|
|poke|p1|Gholdengo|
|poke|p1|Darkrai|
|poke|p1|Excadrill, M|
|poke|p1|Ogerpon-Wellspring, F|
|poke|p2|Indeedee, M|
|poke|p2|Hatterene, F|
|poke|p2|Maushold|
|poke|p2|Armarouge, M|
|poke|p2|Polteageist|
|poke|p2|Hawlucha, F|
|teampreview
|inactive|Battle timer is ON: inactive players will automatically lose when time's up. (requested by LordFueg)
|
|t:|1759034971
|teamsize|p1|6
|teamsize|p2|6
|start
|switch|p1a: G047 🐑|Excadrill, M, shiny|100/100
|switch|p2a: Indeedee|Indeedee, M|100/100
|-fieldstart|move: Psychic Terrain|[from] ability: Psychic Surge|[of] p2a: Indeedee
|-ability|p1a: G047 🐑|Mold Breaker
|turn|1
|
|t:|1759034981
|switch|p2a: Hatterene|Hatterene, F|100/100
|move|p1a: G047 🐑|Rapid Spin|p2a: Hatterene
|-damage|p2a: Hatterene|87/100
|-boost|p1a: G047 🐑|spe|1
|-enditem|p2a: Hatterene|Eject Button
|
|t:|1759034994
|switch|p2a: Armarouge|Armarouge, M|100/100
|
|upkeep
|turn|2
|
|t:|1759035001
|move|p1a: G047 🐑|Stealth Rock|p2a: Armarouge
|-sidestart|p2: LordFueg|move: Stealth Rock
|move|p2a: Armarouge|Armor Cannon|p1a: G047 🐑
|-supereffective|p1a: G047 🐑
|-enditem|p1a: G047 🐑|Focus Sash
|-damage|p1a: G047 🐑|1/100
|-unboost|p2a: Armarouge|def|1
|-unboost|p2a: Armarouge|spd|1
|
|upkeep
|turn|3
|
|t:|1759035011
|move|p1a: G047 🐑|Earthquake|p2a: Armarouge
|-supereffective|p2a: Armarouge
|-enditem|p2a: Armarouge|Focus Sash
|-damage|p2a: Armarouge|1/100
|-ability|p2a: Armarouge|Weak Armor|boost
|-unboost|p2a: Armarouge|def|1
|-boost|p2a: Armarouge|spe|2
|move|p2a: Armarouge|Armor Cannon|p1a: G047 🐑
|-supereffective|p1a: G047 🐑
|-damage|p1a: G047 🐑|0 fnt
|-unboost|p2a: Armarouge|def|1
|-unboost|p2a: Armarouge|spd|1
|faint|p1a: G047 🐑
|
|upkeep
|
|t:|1759035029
|switch|p1a: 0.G.👑|Dragonite, M, shiny|100/100
|turn|4
|
|t:|1759035044
|move|p2a: Armarouge|Destiny Bond|p2a: Armarouge
|-singlemove|p2a: Armarouge|Destiny Bond
|move|p1a: 0.G.👑|Earthquake|p2a: Armarouge
|-supereffective|p2a: Armarouge
|-damage|p2a: Armarouge|0 fnt
|faint|p2a: Armarouge
|-activate|p2a: Armarouge|move: Destiny Bond
|faint|p1a: 0.G.👑
|
|upkeep
|inactive|Ai Specialist 144 has 120 seconds left.
|inactive|Ai Specialist 144 has 90 seconds left.
|
|t:|1759035088
|switch|p1a: M47R1X|Ogerpon-Wellspring, F|100/100
|switch|p2a: Hatterene|Hatterene, F|87/100
|-damage|p2a: Hatterene|75/100|[from] Stealth Rock
|turn|5
|
|t:|1759035099
|switch|p1a: 401 K 💵|Gholdengo, shiny|100/100
|-item|p1a: 401 K 💵|Air Balloon
|move|p2a: Hatterene|Nuzzle|p1a: 401 K 💵
|-damage|p1a: 401 K 💵|96/100
|-status|p1a: 401 K 💵|par
|-enditem|p1a: 401 K 💵|Air Balloon
|
|upkeep
|turn|6
|inactive|Ai Specialist 144 has 90 seconds left.
|
|t:|1759035117
|move|p1a: 401 K 💵|Make It Rain|p2a: Hatterene
|-supereffective|p2a: Hatterene
|-damage|p2a: Hatterene|0 fnt
|-unboost|p1a: 401 K 💵|spa|1
|faint|p2a: Hatterene
|
|upkeep
|
|t:|1759035121
|switch|p2a: Maushold|Maushold|100/100
|-damage|p2a: Maushold|88/100|[from] Stealth Rock
|turn|7
|
|t:|1759035134
|move|p2a: Maushold|Tidy Up|p2a: Maushold
|-sideend|p2: LordFueg|Stealth Rock
|-activate|p2a: Maushold|move: Tidy Up
|-boost|p2a: Maushold|atk|1
|-boost|p2a: Maushold|spe|1
|move|p1a: 401 K 💵|Nasty Plot|p1a: 401 K 💵
|-boost|p1a: 401 K 💵|spa|2
|
|upkeep
|turn|8
|
|t:|1759035147
|-terastallize|p1a: 401 K 💵|Fairy
|move|p2a: Maushold|Bite|p1a: 401 K 💵
|-resisted|p1a: 401 K 💵
|-damage|p1a: 401 K 💵|77/100 par
|cant|p1a: 401 K 💵|flinch
|
|-fieldend|move: Psychic Terrain
|upkeep
|turn|9
|inactive|Ai Specialist 144 has 90 seconds left.
|
|t:|1759035163
|move|p2a: Maushold|Population Bomb|p1a: 401 K 💵
|-damage|p1a: 401 K 💵|58/100 par
|-damage|p1a: 401 K 💵|40/100 par
|-damage|p1a: 401 K 💵|21/100 par
|-damage|p1a: 401 K 💵|1/100 par
|-damage|p1a: 401 K 💵|0 fnt
|faint|p1a: 401 K 💵
|-hitcount|p1: 401 K 💵|5
|
|upkeep
|inactive|Ai Specialist 144 has 90 seconds left.
|
|t:|1759035175
|switch|p1a: S4iL0R M0on 🌙|Iron Valiant, shiny|100/100
|-enditem|p1a: S4iL0R M0on 🌙|Booster Energy
|-activate|p1a: S4iL0R M0on 🌙|ability: Quark Drive|[fromitem]
|-start|p1a: S4iL0R M0on 🌙|quarkdrivespe
|turn|10
|inactive|Ai Specialist 144 has 90 seconds left.
|
|t:|1759035199
|move|p1a: S4iL0R M0on 🌙|Moonblast|p2a: Maushold
|-damage|p2a: Maushold|23/100
|move|p2a: Maushold|Population Bomb|p1a: S4iL0R M0on 🌙
|-damage|p1a: S4iL0R M0on 🌙|78/100
|-damage|p1a: S4iL0R M0on 🌙|56/100
|-crit|p1a: S4iL0R M0on 🌙
|-damage|p1a: S4iL0R M0on 🌙|25/100
|-damage|p1a: S4iL0R M0on 🌙|4/100
|-damage|p1a: S4iL0R M0on 🌙|0 fnt
|faint|p1a: S4iL0R M0on 🌙
|-end|p1a: S4iL0R M0on 🌙|Quark Drive|[silent]
|-hitcount|p1: S4iL0R M0on 🌙|5
|
|upkeep
|-message|Ai Specialist 144 forfeited.
|
|win|LordFueg
|raw|Ai Specialist 144's rating: 1398 &rarr; <strong>1378</strong><br />(-20 for losing)
|raw|LordFueg's rating: 1401 &rarr; <strong>1421</strong><br />(+20 for winning)
|l|☆Ai Specialist 144
|player|p1|
|l|☆LordFueg
|player|p2|
