|j|☆stuckontoilet2072
|j|☆Yajityyy
|t:|1759013751
|gametype|singles
|player|p1|stuckontoilet2072|hilda|1323
|player|p2|Yajityyy|burglar|1302
|gen|9
|tier|[Gen 9] OU
|rated|
|rule|HP Percentage Mod: HP is shown in percentages
|rule|Endless Battle Clause: Forcing endless battles is banned
|rule|Species Clause: Limit one of each Pokémon
|rule|OHKO Clause: OHKO moves are banned
|rule|Evasion Items Clause: Evasion items are banned
|rule|Evasion Moves Clause: Evasion moves are banned
|rule|Evasion Abilities Clause: Evasion abilities are banned
|rule|Sleep Moves Clause: Sleep-inducing moves are banned
|clearpoke
|poke|p1|Yanmega, M|
|poke|p1|Great Tusk|
|poke|p1|Corviknight, M|
|poke|p1|Crabominable, F|
|poke|p1|Hatterene, F|
|poke|p1|Raging Bolt|
|poke|p2|Iron Valiant|
|poke|p2|Great Tusk|
|poke|p2|Dragonite, M|
|poke|p2|Deoxys-Speed|
|poke|p2|Glimmora, F|
|poke|p2|Kingambit, M|
|teampreview
|inactive|Battle timer is ON: inactive players will automatically lose when time's up. (requested by Yajityyy)
|
|t:|1759013762
|teamsize|p1|6
|teamsize|p2|6
|start
|switch|p1a: Raging Bolt|Raging Bolt|100/100
|switch|p2a: Deoxys|Deoxys-Speed|100/100
|-ability|p2a: Deoxys|Pressure
|turn|1
|
|t:|1759013769
|move|p2a: Deoxys|Light Screen|p2a: Deoxys
|-sidestart|p2: Yajityyy|move: Light Screen
|move|p1a: Raging Bolt|Volt Switch|p2a: Deoxys
|-damage|p2a: Deoxys|73/100
|
|t:|1759013782
|-end|p1a: Raging Bolt|Protosynthesis|[silent]
|switch|p1a: Corviknight|Corviknight, M|100/100|[from] Volt Switch
|-ability|p1a: Corviknight|Pressure
|
|upkeep
|turn|2
|
|t:|1759013790
|move|p2a: Deoxys|Reflect|p2a: Deoxys
|-sidestart|p2: Yajityyy|Reflect
|move|p1a: Corviknight|U-turn|p2a: Deoxys
|-supereffective|p2a: Deoxys
|-damage|p2a: Deoxys|55/100
|
|t:|1759013806
|switch|p1a: Yanmega|Yanmega, M|100/100|[from] U-turn
|
|upkeep
|turn|3
|
|t:|1759013815
|switch|p2a: Dragonite|Dragonite, M|100/100
|move|p1a: Yanmega|Bug Buzz|p2a: Dragonite
|-resisted|p2a: Dragonite
|-damage|p2a: Dragonite|84/100
|
|-heal|p2a: Dragonite|91/100|[from] item: Leftovers
|upkeep
|turn|4
|
|t:|1759013832
|switch|p1a: Crabominable|Crabominable, F|100/100
|move|p2a: Dragonite|Substitute|p2a: Dragonite
|-start|p2a: Dragonite|Substitute
|-damage|p2a: Dragonite|66/100
|
|-heal|p2a: Dragonite|72/100|[from] item: Leftovers
|upkeep
|turn|5
|
|t:|1759013841
|-terastallize|p2a: Dragonite|Flying
|move|p2a: Dragonite|Dragon Dance|p2a: Dragonite
|-boost|p2a: Dragonite|atk|1
|-boost|p2a: Dragonite|spe|1
|move|p1a: Crabominable|Ice Hammer|p2a: Dragonite
|-supereffective|p2a: Dragonite
|-end|p2a: Dragonite|Substitute
|-unboost|p1a: Crabominable|spe|1
|
|-heal|p2a: Dragonite|78/100|[from] item: Leftovers
|upkeep
|turn|6
|
|t:|1759013850
|move|p2a: Dragonite|Tera Blast|p1a: Crabominable|[anim] Tera Blast Flying
|-supereffective|p1a: Crabominable
|-damage|p1a: Crabominable|0 fnt
|faint|p1a: Crabominable
|
|-heal|p2a: Dragonite|84/100|[from] item: Leftovers
|upkeep
|
|t:|1759013861
|switch|p1a: Raging Bolt|Raging Bolt|100/100
|turn|7
|
|t:|1759013868
|move|p2a: Dragonite|Earthquake|p1a: Raging Bolt
|-supereffective|p1a: Raging Bolt
|-damage|p1a: Raging Bolt|2/100
|move|p1a: Raging Bolt|Volt Switch|p2a: Dragonite
|-supereffective|p2a: Dragonite
|-damage|p2a: Dragonite|36/100
|
|t:|1759013873
|-end|p1a: Raging Bolt|Protosynthesis|[silent]
|switch|p1a: Corviknight|Corviknight, M|100/100|[from] Volt Switch
|-ability|p1a: Corviknight|Pressure
|
|-heal|p2a: Dragonite|42/100|[from] item: Leftovers
|upkeep
|turn|8
|
|t:|1759013883
|move|p2a: Dragonite|Substitute|p2a: Dragonite
|-start|p2a: Dragonite|Substitute
|-damage|p2a: Dragonite|18/100
|move|p1a: Corviknight|Body Press|p2a: Dragonite
|-resisted|p2a: Dragonite
|-activate|p2a: Dragonite|move: Substitute|[damage]
|
|-heal|p2a: Dragonite|24/100|[from] item: Leftovers
|-sideend|p2: Yajityyy|move: Light Screen
|upkeep
|turn|9
|
|t:|1759013892
|move|p2a: Dragonite|Dragon Dance|p2a: Dragonite
|-boost|p2a: Dragonite|atk|1
|-boost|p2a: Dragonite|spe|1
|move|p1a: Corviknight|Brave Bird|p2a: Dragonite
|-crit|p2a: Dragonite
|-end|p2a: Dragonite|Substitute
|-damage|p1a: Corviknight|96/100|[from] Recoil|[of] p2a: Dragonite
|
|-heal|p2a: Dragonite|30/100|[from] item: Leftovers
|-sideend|p2: Yajityyy|Reflect
|upkeep
|turn|10
|
|t:|1759013913
|move|p2a: Dragonite|Tera Blast|p1a: Corviknight|[anim] Tera Blast Flying
|-resisted|p1a: Corviknight
|-damage|p1a: Corviknight|61/100
|move|p1a: Corviknight|Brave Bird|p2a: Dragonite
|-damage|p2a: Dragonite|0 fnt
|faint|p2a: Dragonite
|-damage|p1a: Corviknight|53/100|[from] Recoil
|
|upkeep
|
|t:|1759013926
|switch|p2a: Glimmora|Glimmora, F|100/100
|turn|11
|
|t:|1759013938
|switch|p1a: Hatterene|Hatterene, F|100/100
|move|p2a: Glimmora|Meteor Beam||[still]
|-prepare|p2a: Glimmora|Meteor Beam
|-boost|p2a: Glimmora|spa|1
|-enditem|p2a: Glimmora|Power Herb
|-anim|p2a: Glimmora|Meteor Beam|p1a: Hatterene
|-crit|p1a: Hatterene
|-damage|p1a: Hatterene|10/100
|
|upkeep
|turn|12
|
|t:|1759013949
|move|p2a: Glimmora|Earth Power|p1a: Hatterene
|-damage|p1a: Hatterene|0 fnt
|faint|p1a: Hatterene
|
|upkeep
|
|t:|1759013953
|switch|p1a: Great Tusk|Great Tusk|100/100
|turn|13
|
|t:|1759013966
|switch|p2a: Great Tusk|Great Tusk|100/100
|-enditem|p2a: Great Tusk|Booster Energy
|-activate|p2a: Great Tusk|ability: Protosynthesis|[fromitem]
|-start|p2a: Great Tusk|protosynthesisspe
|move|p1a: Great Tusk|Headlong Rush|p2a: Great Tusk
|-damage|p2a: Great Tusk|64/100
|-unboost|p1a: Great Tusk|def|1
|-unboost|p1a: Great Tusk|spd|1
|
|upkeep
|turn|14
|
|t:|1759013979
|-end|p1a: Great Tusk|Protosynthesis|[silent]
|switch|p1a: Corviknight|Corviknight, M|53/100
|-ability|p1a: Corviknight|Pressure
|move|p2a: Great Tusk|Bulk Up|p2a: Great Tusk
|-boost|p2a: Great Tusk|atk|1
|-boost|p2a: Great Tusk|def|1
|
|upkeep
|turn|15
|
|t:|1759013992
|move|p2a: Great Tusk|Taunt|p1a: Corviknight
|-start|p1a: Corviknight|move: Taunt
|move|p1a: Corviknight|U-turn|p2a: Great Tusk
|-resisted|p2a: Great Tusk
|-damage|p2a: Great Tusk|61/100
|
|t:|1759013995
|switch|p1a: Yanmega|Yanmega, M|100/100|[from] U-turn
|
|upkeep
|turn|16
|
|t:|1759014001
|move|p2a: Great Tusk|Head Smash|p1a: Yanmega
|-supereffective|p1a: Yanmega
|-damage|p1a: Yanmega|0 fnt
|faint|p1a: Yanmega
|-damage|p2a: Great Tusk|24/100|[from] Recoil
|
|upkeep
|-message|stuckontoilet2072 forfeited.
|
|win|Yajityyy
|raw|stuckontoilet2072's rating: 1323 &rarr; <strong>1302</strong><br />(-21 for losing)
|raw|Yajityyy's rating: 1302 &rarr; <strong>1323</strong><br />(+21 for winning)
|l|☆stuckontoilet2072
|player|p1|
|l|☆Yajityyy
|player|p2|
