|j|☆diggersboy660
|j|☆amaso420
|t:|1759075956
|gametype|singles
|player|p1|diggersboy660|n|1313
|player|p2|amaso420|pokekid|1321
|gen|9
|tier|[Gen 9] OU
|rated|
|rule|HP Percentage Mod: HP is shown in percentages
|rule|Endless Battle Clause: Forcing endless battles is banned
|rule|Species Clause: Limit one of each Pokémon
|rule|OHKO Clause: OHKO moves are banned
|rule|Evasion Items Clause: Evasion items are banned
|rule|Evasion Moves Clause: Evasion moves are banned
|rule|Evasion Abilities Clause: Evasion abilities are banned
|rule|Sleep Moves Clause: Sleep-inducing moves are banned
|clearpoke
|poke|p1|Hydreigon, M|
|poke|p1|Conkeldurr, F|
|poke|p1|Gliscor, F|
|poke|p1|Grimmsnarl, M|
|poke|p1|Alomomola, M|
|poke|p1|Revavroom, M|
|poke|p2|Basculegion, M|
|poke|p2|Pelipper, M|
|poke|p2|Iron Treads|
|poke|p2|Dragapult, M|
|poke|p2|Overqwil, M|
|poke|p2|Iron Valiant|
|teampreview
|inactive|Battle timer is ON: inactive players will automatically lose when time's up. (requested by amaso420)
|
|t:|1759075965
|teamsize|p1|6
|teamsize|p2|6
|start
|switch|p1a: Conkeldurr|Conkeldurr, F|100/100
|switch|p2a: Pelipper|Pelipper, M, shiny|100/100
|-weather|RainDance|[from] ability: Drizzle|[of] p2a: Pelipper
|turn|1
|
|t:|1759075973
|move|p2a: Pelipper|Hurricane|p1a: Conkeldurr
|-supereffective|p1a: Conkeldurr
|-damage|p1a: Conkeldurr|25/100
|move|p1a: Conkeldurr|Knock Off|p2a: Pelipper
|-crit|p2a: Pelipper
|-damage|p2a: Pelipper|26/100
|-enditem|p2a: Pelipper|Damp Rock|[from] move: Knock Off|[of] p1a: Conkeldurr
|
|-weather|RainDance|[upkeep]
|upkeep
|turn|2
|
|t:|1759075992
|switch|p2a: Iron Treads|Iron Treads, shiny|100/100
|-enditem|p2a: Iron Treads|Booster Energy
|-activate|p2a: Iron Treads|ability: Quark Drive|[fromitem]
|-start|p2a: Iron Treads|quarkdrivespe
|switch|p1a: Alomomola|Alomomola, M|100/100
|
|-weather|RainDance|[upkeep]
|upkeep
|turn|3
|
|t:|1759076003
|move|p2a: Iron Treads|Stealth Rock|p1a: Alomomola
|-sidestart|p1: diggersboy660|move: Stealth Rock
|move|p1a: Alomomola|Wish|p1a: Alomomola
|
|-weather|RainDance|[upkeep]
|upkeep
|turn|4
|
|t:|1759076013
|move|p2a: Iron Treads|Thunder|p1a: Alomomola
|-supereffective|p1a: Alomomola
|-damage|p1a: Alomomola|66/100
|move|p1a: Alomomola|Flip Turn|p2a: Iron Treads
|-supereffective|p2a: Iron Treads
|-damage|p2a: Iron Treads|59/100
|
|t:|1759076018
|switch|p1a: Conkeldurr|Conkeldurr, F|25/100|[from] Flip Turn
|-damage|p1a: Conkeldurr|19/100|[from] Stealth Rock
|
|-weather|RainDance|[upkeep]
|-heal|p1a: Conkeldurr|83/100|[from] move: Wish|[wisher] Alomomola
|upkeep
|turn|5
|
|t:|1759076032
|move|p2a: Iron Treads|Steel Beam|p1a: Conkeldurr
|-damage|p1a: Conkeldurr|42/100
|-damage|p2a: Iron Treads|9/100|[from] steelbeam
|move|p1a: Conkeldurr|Drain Punch|p2a: Iron Treads
|-supereffective|p2a: Iron Treads
|-damage|p2a: Iron Treads|0 fnt
|-heal|p1a: Conkeldurr|46/100|[from] drain|[of] p2a: Iron Treads
|faint|p2a: Iron Treads
|-end|p2a: Iron Treads|Quark Drive|[silent]
|
|-weather|RainDance|[upkeep]
|upkeep
|
|t:|1759076045
|switch|p2a: Iron Valiant|Iron Valiant, shiny|100/100
|turn|6
|
|t:|1759076058
|switch|p1a: Revavroom|Revavroom, M|100/100
|-damage|p1a: Revavroom|94/100|[from] Stealth Rock
|move|p2a: Iron Valiant|Thunderbolt|p1a: Revavroom
|-damage|p1a: Revavroom|36/100
|-status|p1a: Revavroom|par
|
|-weather|RainDance|[upkeep]
|upkeep
|turn|7
|
|t:|1759076068
|move|p2a: Iron Valiant|Thunderbolt|p1a: Revavroom
|-damage|p1a: Revavroom|0 fnt
|faint|p1a: Revavroom
|
|-weather|RainDance|[upkeep]
|upkeep
|
|t:|1759076071
|switch|p1a: Gliscor|Gliscor, F|100/100
|-damage|p1a: Gliscor|88/100|[from] Stealth Rock
|turn|8
|
|t:|1759076084
|-end|p2a: Iron Valiant|Quark Drive|[silent]
|switch|p2a: Dragapult|Dragapult, M, shiny|100/100
|move|p1a: Gliscor|Toxic|p2a: Dragapult
|-status|p2a: Dragapult|tox
|
|-weather|none
|-damage|p2a: Dragapult|95/100 tox|[from] psn
|-status|p1a: Gliscor|tox|[from] item: Toxic Orb
|upkeep
|turn|9
|
|t:|1759076098
|move|p1a: Gliscor|Protect|p1a: Gliscor
|-singleturn|p1a: Gliscor|Protect
|move|p2a: Dragapult|Shadow Ball|p1a: Gliscor
|-activate|p1a: Gliscor|move: Protect
|
|-damage|p2a: Dragapult|83/100 tox|[from] psn
|-heal|p1a: Gliscor|100/100 tox|[from] ability: Poison Heal
|upkeep
|turn|10
|
|t:|1759076105
|switch|p2a: Pelipper|Pelipper, M, shiny|26/100
|-weather|RainDance|[from] ability: Drizzle|[of] p2a: Pelipper
|move|p1a: Gliscor|Knock Off|p2a: Pelipper
|-damage|p2a: Pelipper|5/100
|
|-weather|RainDance|[upkeep]
|upkeep
|turn|11
|
|t:|1759076121
|switch|p2a: Overqwil|Overqwil, M, shiny|100/100
|move|p1a: Gliscor|Knock Off|p2a: Overqwil
|-resisted|p2a: Overqwil
|-damage|p2a: Overqwil|89/100
|-enditem|p2a: Overqwil|Life Orb|[from] move: Knock Off|[of] p1a: Gliscor
|
|-weather|RainDance|[upkeep]
|upkeep
|turn|12
|
|t:|1759076133
|switch|p1a: Hydreigon|Hydreigon, M|100/100
|-damage|p1a: Hydreigon|88/100|[from] Stealth Rock
|move|p2a: Overqwil|Liquidation|p1a: Hydreigon
|-resisted|p1a: Hydreigon
|-damage|p1a: Hydreigon|66/100
|-unboost|p1a: Hydreigon|def|1
|
|-weather|RainDance|[upkeep]
|upkeep
|turn|13
|
|t:|1759076143
|move|p2a: Overqwil|Gunk Shot|p1a: Hydreigon
|-damage|p1a: Hydreigon|0 fnt
|faint|p1a: Hydreigon
|
|-weather|RainDance|[upkeep]
|upkeep
|
|t:|1759076154
|switch|p1a: Alomomola|Alomomola, M|99/100
|-damage|p1a: Alomomola|87/100|[from] Stealth Rock
|turn|14
|
|t:|1759076159
|move|p2a: Overqwil|Taunt|p1a: Alomomola
|-start|p1a: Alomomola|move: Taunt
|cant|p1a: Alomomola|move: Taunt|Wish
|
|-weather|none
|-heal|p1a: Alomomola|93/100|[from] item: Leftovers
|upkeep
|turn|15
|
|t:|1759076167
|move|p2a: Overqwil|Spikes|p1a: Alomomola
|-sidestart|p1: diggersboy660|Spikes
|move|p1a: Alomomola|Flip Turn|p2a: Overqwil
|-damage|p2a: Overqwil|72/100
|
|t:|1759076169
|switch|p1a: Gliscor|Gliscor, F|100/100 tox|[from] Flip Turn
|-damage|p1a: Gliscor|88/100 tox|[from] Stealth Rock
|
|-heal|p1a: Gliscor|100/100 tox|[from] ability: Poison Heal
|upkeep
|turn|16
|
|t:|1759076179
|switch|p2a: Pelipper|Pelipper, M, shiny|5/100
|-weather|RainDance|[from] ability: Drizzle|[of] p2a: Pelipper
|move|p1a: Gliscor|Earthquake|p2a: Pelipper
|-immune|p2a: Pelipper
|
|-weather|RainDance|[upkeep]
|upkeep
|turn|17
|
|t:|1759076188
|move|p1a: Gliscor|Knock Off|p2a: Pelipper
|-damage|p2a: Pelipper|0 fnt
|faint|p2a: Pelipper
|
|-weather|RainDance|[upkeep]
|upkeep
|
|t:|1759076195
|switch|p2a: Basculegion|Basculegion, M, shiny|100/100
|turn|18
|
|t:|1759076199
|-terastallize|p2a: Basculegion|Water
|move|p1a: Gliscor|Protect|p1a: Gliscor
|-singleturn|p1a: Gliscor|Protect
|move|p2a: Basculegion|Flip Turn|p1a: Gliscor
|-activate|p1a: Gliscor|move: Protect
|
|-weather|RainDance|[upkeep]
|upkeep
|turn|19
|
|t:|1759076212
|-terastallize|p1a: Gliscor|Water
|move|p1a: Gliscor|Toxic|p2a: Basculegion
|-status|p2a: Basculegion|tox
|move|p2a: Basculegion|Flip Turn|p1a: Gliscor
|-resisted|p1a: Gliscor
|-damage|p1a: Gliscor|60/100 tox
|
|t:|1759076223
|switch|p2a: Iron Valiant|Iron Valiant, shiny|100/100|[from] Flip Turn
|
|-weather|RainDance|[upkeep]
|-heal|p1a: Gliscor|72/100 tox|[from] ability: Poison Heal
|upkeep
|turn|20
|
|t:|1759076234
|move|p1a: Gliscor|Protect|p1a: Gliscor
|-singleturn|p1a: Gliscor|Protect
|move|p2a: Iron Valiant|Thunderbolt|p1a: Gliscor
|-activate|p1a: Gliscor|move: Protect
|
|-weather|none
|-heal|p1a: Gliscor|84/100 tox|[from] ability: Poison Heal
|upkeep
|turn|21
|
|t:|1759076242
|switch|p1a: Grimmsnarl|Grimmsnarl, M|100/100
|-damage|p1a: Grimmsnarl|88/100|[from] Stealth Rock
|-damage|p1a: Grimmsnarl|76/100|[from] Spikes
|move|p2a: Iron Valiant|Thunderbolt|p1a: Grimmsnarl
|-damage|p1a: Grimmsnarl|38/100
|
|upkeep
|turn|22
|
|t:|1759076250
|move|p1a: Grimmsnarl|Light Screen|p1a: Grimmsnarl
|-sidestart|p1: diggersboy660|move: Light Screen
|move|p2a: Iron Valiant|Thunderbolt|p1a: Grimmsnarl
|-damage|p1a: Grimmsnarl|19/100
|
|upkeep
|turn|23
|
|t:|1759076258
|-end|p2a: Iron Valiant|Quark Drive|[silent]
|switch|p2a: Overqwil|Overqwil, M, shiny|72/100
|move|p1a: Grimmsnarl|Spirit Break|p2a: Overqwil
|-damage|p2a: Overqwil|40/100
|-unboost|p2a: Overqwil|spa|1
|
|upkeep
|turn|24
|
|t:|1759076273
|move|p1a: Grimmsnarl|Reflect|p1a: Grimmsnarl
|-sidestart|p1: diggersboy660|Reflect
|move|p2a: Overqwil|Spikes|p1a: Grimmsnarl
|-sidestart|p1: diggersboy660|Spikes
|
|upkeep
|turn|25
|
|t:|1759076278
|move|p2a: Overqwil|Gunk Shot|p1a: Grimmsnarl
|-supereffective|p1a: Grimmsnarl
|-damage|p1a: Grimmsnarl|0 fnt
|faint|p1a: Grimmsnarl
|
|upkeep
|
|t:|1759076282
|switch|p1a: Conkeldurr|Conkeldurr, F|46/100
|-damage|p1a: Conkeldurr|40/100|[from] Stealth Rock
|-damage|p1a: Conkeldurr|23/100|[from] Spikes
|turn|26
|-message|diggersboy660 forfeited.
|
|win|amaso420
|raw|diggersboy660's rating: 1313 &rarr; <strong>1293</strong><br />(-20 for losing)
|raw|amaso420's rating: 1321 &rarr; <strong>1341</strong><br />(+20 for winning)
|l|☆diggersboy660
|player|p1|
|l|☆amaso420
|player|p2|
