|j|☆prakshep
|j|☆mikee160
|t:|1759011991
|gametype|singles
|player|p1|prakshep|nate|1268
|player|p2|mikee160|102|1303
|gen|9
|tier|[Gen 9] OU
|rated|
|rule|HP Percentage Mod: HP is shown in percentages
|rule|Endless Battle Clause: Forcing endless battles is banned
|rule|Species Clause: Limit one of each Pokémon
|rule|OHKO Clause: OHKO moves are banned
|rule|Evasion Items Clause: Evasion items are banned
|rule|Evasion Moves Clause: Evasion moves are banned
|rule|Evasion Abilities Clause: Evasion abilities are banned
|rule|Sleep Moves Clause: Sleep-inducing moves are banned
|clearpoke
|poke|p1|Ribombee, M|
|poke|p1|Hatterene, F|
|poke|p1|Sandy Shocks|
|poke|p1|Dragapult, M|
|poke|p1|Scizor, M|
|poke|p1|Iron Boulder|
|poke|p2|Goodra-Hisui, M|
|poke|p2|Meowscarada, F|
|poke|p2|Scizor, F|
|poke|p2|Thundurus-Therian, M|
|poke|p2|Infernape, M|
|poke|p2|Delibird, F|
|teampreview
|inactive|Battle timer is ON: inactive players will automatically lose when time's up. (requested by mikee160)
|
|t:|1759011995
|teamsize|p1|6
|teamsize|p2|6
|start
|switch|p1a: Gun|Ribombee, M|100/100
|switch|p2a: Scizor|Scizor, F|100/100
|turn|1
|
|t:|1759012001
|move|p2a: Scizor|Bullet Punch|p1a: Gun
|-supereffective|p1a: Gun
|-enditem|p1a: Gun|Focus Sash
|-damage|p1a: Gun|1/100
|move|p1a: Gun|Sticky Web|p2a: Scizor
|-sidestart|p2: mikee160|move: Sticky Web
|
|upkeep
|turn|2
|
|t:|1759012008
|switch|p1a: Missile|Scizor, M|100/100
|move|p2a: Scizor|Bullet Punch|p1a: Missile
|-resisted|p1a: Missile
|-damage|p1a: Missile|77/100
|
|upkeep
|turn|3
|
|t:|1759012014
|switch|p2a: Infernape|Infernape, M|100/100
|-activate|p2a: Infernape|move: Sticky Web
|-unboost|p2a: Infernape|spe|1
|move|p1a: Missile|Swords Dance|p1a: Missile
|-boost|p1a: Missile|atk|2
|
|upkeep
|turn|4
|
|t:|1759012023
|move|p2a: Infernape|Fire Punch|p1a: Missile
|-supereffective|p1a: Missile
|-damage|p1a: Missile|0 fnt
|faint|p1a: Missile
|-damage|p2a: Infernape|91/100|[from] item: Life Orb
|
|upkeep
|
|t:|1759012033
|switch|p1a: Sandy Shocks|Sandy Shocks, shiny|100/100
|-enditem|p1a: Sandy Shocks|Booster Energy
|-activate|p1a: Sandy Shocks|ability: Protosynthesis|[fromitem]
|-start|p1a: Sandy Shocks|protosynthesisspa
|turn|5
|
|t:|1759012037
|switch|p2a: Thundurus|Thundurus-Therian, M|100/100
|move|p1a: Sandy Shocks|Earth Power|p2a: Thundurus
|-immune|p2a: Thundurus
|
|upkeep
|turn|6
|
|t:|1759012042
|-terastallize|p1a: Sandy Shocks|Ice
|move|p2a: Thundurus|Grass Knot|p1a: Sandy Shocks
|-damage|p1a: Sandy Shocks|62/100
|move|p1a: Sandy Shocks|Tera Blast|p2a: Thundurus|[anim] Tera Blast Ice
|-supereffective|p2a: Thundurus
|-damage|p2a: Thundurus|0 fnt
|faint|p2a: Thundurus
|
|upkeep
|
|t:|1759012046
|switch|p2a: Delibird|Delibird, F|100/100
|turn|7
|
|t:|1759012051
|move|p1a: Sandy Shocks|Thunderbolt|p2a: Delibird
|-supereffective|p2a: Delibird
|-damage|p2a: Delibird|0 fnt
|faint|p2a: Delibird
|
|upkeep
|
|t:|1759012053
|switch|p2a: Scizor|Scizor, F|100/100
|-activate|p2a: Scizor|move: Sticky Web
|-unboost|p2a: Scizor|spe|1
|turn|8
|
|t:|1759012062
|-end|p1a: Sandy Shocks|Protosynthesis|[silent]
|switch|p1a: Gun|Ribombee, M|1/100
|move|p2a: Scizor|Bullet Punch|p1a: Gun
|-supereffective|p1a: Gun
|-damage|p1a: Gun|0 fnt
|faint|p1a: Gun
|
|upkeep
|j| chachechi
|inactive|prakshep has 120 seconds left.
|
|t:|1759012093
|switch|p1a: Dynamite|Dragapult, M|100/100
|turn|9
|inactive|prakshep has 120 seconds left.
|
|t:|1759012110
|-terastallize|p2a: Scizor|Steel
|move|p1a: Dynamite|Sucker Punch|p2a: Scizor
|-damage|p2a: Scizor|76/100
|move|p2a: Scizor|Bullet Punch|p1a: Dynamite
|-damage|p1a: Dynamite|6/100
|
|-heal|p1a: Dynamite|12/100|[from] item: Leftovers
|upkeep
|turn|10
|
|t:|1759012115
|move|p1a: Dynamite|Sucker Punch|p2a: Scizor
|-damage|p2a: Scizor|52/100
|move|p2a: Scizor|Bullet Punch|p1a: Dynamite
|-damage|p1a: Dynamite|0 fnt
|faint|p1a: Dynamite
|
|upkeep
|
|t:|1759012121
|switch|p1a: Nuke|Iron Boulder|100/100
|-enditem|p1a: Nuke|Booster Energy
|-activate|p1a: Nuke|ability: Quark Drive|[fromitem]
|-start|p1a: Nuke|quarkdrivespe
|turn|11
|
|t:|1759012123
|move|p2a: Scizor|Bullet Punch|p1a: Nuke
|-supereffective|p1a: Nuke
|-damage|p1a: Nuke|0 fnt
|faint|p1a: Nuke
|-end|p1a: Nuke|Quark Drive|[silent]
|
|upkeep
|
|t:|1759012127
|switch|p1a: Tank|Hatterene, F|100/100
|turn|12
|
|t:|1759012131
|move|p2a: Scizor|Bullet Punch|p1a: Tank
|-supereffective|p1a: Tank
|-damage|p1a: Tank|0 fnt
|faint|p1a: Tank
|
|upkeep
|
|t:|1759012133
|switch|p1a: Sandy Shocks|Sandy Shocks, shiny, tera:Ice|62/100
|turn|13
|
|t:|1759012134
|move|p2a: Scizor|Bullet Punch|p1a: Sandy Shocks
|-supereffective|p1a: Sandy Shocks
|-damage|p1a: Sandy Shocks|0 fnt
|faint|p1a: Sandy Shocks
|-end|p1a: Sandy Shocks|Protosynthesis|[silent]
|
|win|mikee160
|raw|prakshep's rating: 1268 &rarr; <strong>1246</strong><br />(-22 for losing)
|raw|mikee160's rating: 1303 &rarr; <strong>1321</strong><br />(+18 for winning)
|c|☆mikee160|Lol gg
|l|☆prakshep
|player|p1|
|c|☆mikee160|Xd
|l| chachechi
|l|☆mikee160
|player|p2|
