|j|☆HugoLeGoomer
|j|☆POWER CROP
|t:|1759061800
|gametype|singles
|player|p1|HugoLeGoomer|veteran|1265
|player|p2|POWER CROP|101|1257
|gen|9
|tier|[Gen 9] OU
|rated|
|rule|HP Percentage Mod: HP is shown in percentages
|rule|Endless Battle Clause: Forcing endless battles is banned
|rule|Species Clause: Limit one of each Pokémon
|rule|OHKO Clause: OHKO moves are banned
|rule|Evasion Items Clause: Evasion items are banned
|rule|Evasion Moves Clause: Evasion moves are banned
|rule|Evasion Abilities Clause: Evasion abilities are banned
|rule|Sleep Moves Clause: Sleep-inducing moves are banned
|clearpoke
|poke|p1|Sawsbuck-Autumn, M|
|poke|p1|Darkrai|
|poke|p1|Landorus-Therian, M|
|poke|p1|Comfey, M|
|poke|p1|Goodra-Hisui, F|
|poke|p1|Cinderace, M|
|poke|p2|Hatterene, F|
|poke|p2|Ogerpon-Wellspring, F|
|poke|p2|Clodsire, F|
|poke|p2|Great Tusk|
|poke|p2|Tornadus-Therian, M|
|poke|p2|Samurott-Hisui, F|
|teampreview
|inactive|Battle timer is ON: inactive players will automatically lose when time's up. (requested by HugoLeGoomer)
|
|t:|1759061815
|teamsize|p1|6
|teamsize|p2|6
|start
|switch|p1a: Landorus|Landorus-Therian, M|100/100
|switch|p2a: Hatterene|Hatterene, F|100/100
|-ability|p1a: Landorus|Intimidate|boost
|-unboost|p2a: Hatterene|atk|1
|turn|1
|
|t:|1759061833
|switch|p2a: Tornadus|Tornadus-Therian, M, shiny|100/100
|move|p1a: Landorus|U-turn|p2a: Tornadus
|-resisted|p2a: Tornadus
|-damage|p2a: Tornadus|82/100
|
|t:|1759061842
|switch|p1a: Goodra|Goodra-Hisui, F|100/100|[from] U-turn
|
|upkeep
|turn|2
|inactive|POWER CROP has 120 seconds left.
|
|t:|1759061873
|move|p2a: Tornadus|Heat Wave|p1a: Goodra
|-damage|p1a: Goodra|82/100
|move|p1a: Goodra|Draco Meteor|p2a: Tornadus
|-damage|p2a: Tornadus|4/100
|-unboost|p1a: Goodra|spa|2
|
|upkeep
|turn|3
|
|t:|1759061881
|switch|p2a: Hatterene|Hatterene, F|100/100
|move|p1a: Goodra|Flash Cannon|p2a: Hatterene
|-supereffective|p2a: Hatterene
|-damage|p2a: Hatterene|68/100
|
|-heal|p2a: Hatterene|74/100|[from] item: Leftovers
|upkeep
|turn|4
|
|t:|1759061890
|switch|p1a: Landorus|Landorus-Therian, M|100/100
|-ability|p1a: Landorus|Intimidate|boost
|-unboost|p2a: Hatterene|atk|1
|move|p2a: Hatterene|Mystical Fire|p1a: Landorus
|-damage|p1a: Landorus|69/100
|-unboost|p1a: Landorus|spa|1
|
|-heal|p1a: Landorus|74/100|[from] item: Leftovers
|-heal|p2a: Hatterene|80/100|[from] item: Leftovers
|upkeep
|turn|5
|
|t:|1759061909
|move|p1a: Landorus|Earthquake|p2a: Hatterene
|-damage|p2a: Hatterene|18/100
|move|p2a: Hatterene|Draining Kiss|p1a: Landorus
|-damage|p1a: Landorus|41/100
|-heal|p2a: Hatterene|44/100|[from] drain|[of] p1a: Landorus
|
|-heal|p1a: Landorus|47/100|[from] item: Leftovers
|-heal|p2a: Hatterene|50/100|[from] item: Leftovers
|upkeep
|turn|6
|
|t:|1759061922
|switch|p2a: Tornadus|Tornadus-Therian, M, shiny|37/100
|move|p1a: Landorus|Earthquake|p2a: Tornadus
|-immune|p2a: Tornadus
|
|-heal|p1a: Landorus|53/100|[from] item: Leftovers
|upkeep
|turn|7
|
|t:|1759061928
|move|p2a: Tornadus|U-turn|p1a: Landorus
|-resisted|p1a: Landorus
|-damage|p1a: Landorus|44/100
|
|t:|1759061931
|switch|p2a: Great Tusk|Great Tusk|100/100|[from] U-turn
|move|p1a: Landorus|Stealth Rock|p2a: Great Tusk
|-sidestart|p2: POWER CROP|move: Stealth Rock
|
|-heal|p1a: Landorus|50/100|[from] item: Leftovers
|upkeep
|turn|8
|
|t:|1759061948
|move|p1a: Landorus|U-turn|p2a: Great Tusk
|-resisted|p2a: Great Tusk
|-damage|p2a: Great Tusk|95/100
|
|t:|1759061964
|switch|p1a: Darkrai|Darkrai|100/100|[from] U-turn
|move|p2a: Great Tusk|Rapid Spin|p1a: Darkrai
|-crit|p1a: Darkrai
|-damage|p1a: Darkrai|72/100
|-boost|p2a: Great Tusk|spe|1
|-sideend|p2: POWER CROP|Stealth Rock|[from] move: Rapid Spin|[of] p2a: Great Tusk
|
|-heal|p2a: Great Tusk|100/100|[from] item: Leftovers
|upkeep
|turn|9
|
|t:|1759061979
|move|p1a: Darkrai|Ice Beam|p2a: Great Tusk
|-supereffective|p2a: Great Tusk
|-crit|p2a: Great Tusk
|-damage|p2a: Great Tusk|0 fnt
|faint|p2a: Great Tusk
|-end|p2a: Great Tusk|Protosynthesis|[silent]
|
|upkeep
|
|t:|1759061987
|switch|p2a: Samurott|Samurott-Hisui, F|100/100
|turn|10
|
|t:|1759061999
|switch|p1a: Comfey|Comfey, M|100/100
|move|p2a: Samurott|Sacred Sword|p1a: Comfey
|-resisted|p1a: Comfey
|-damage|p1a: Comfey|70/100
|
|-heal|p1a: Comfey|76/100|[from] item: Leftovers
|upkeep
|turn|11
|
|t:|1759062013
|switch|p2a: Hatterene|Hatterene, F|50/100
|move|p1a: Comfey|Calm Mind|p1a: Comfey
|-boost|p1a: Comfey|spa|1
|-boost|p1a: Comfey|spd|1
|
|-heal|p1a: Comfey|82/100|[from] item: Leftovers
|-heal|p2a: Hatterene|56/100|[from] item: Leftovers
|upkeep
|turn|12
|
|t:|1759062020
|move|p1a: Comfey|Draining Kiss|p2a: Hatterene
|-damage|p2a: Hatterene|30/100
|-heal|p1a: Comfey|100/100|[from] drain|[of] p2a: Hatterene
|move|p2a: Hatterene|Mystical Fire|p1a: Comfey
|-damage|p1a: Comfey|79/100
|-unboost|p1a: Comfey|spa|1
|
|-heal|p1a: Comfey|85/100|[from] item: Leftovers
|-heal|p2a: Hatterene|36/100|[from] item: Leftovers
|upkeep
|turn|13
|
|t:|1759062035
|-terastallize|p2a: Hatterene|Steel
|move|p1a: Comfey|Draining Kiss|p2a: Hatterene
|-resisted|p2a: Hatterene
|-damage|p2a: Hatterene|28/100
|-heal|p1a: Comfey|93/100|[from] drain|[of] p2a: Hatterene
|move|p2a: Hatterene|Draining Kiss|p1a: Comfey
|-damage|p1a: Comfey|73/100
|-heal|p2a: Hatterene|40/100|[from] drain|[of] p1a: Comfey
|
|-heal|p1a: Comfey|79/100|[from] item: Leftovers
|-heal|p2a: Hatterene|46/100|[from] item: Leftovers
|upkeep
|turn|14
|
|t:|1759062047
|switch|p1a: Landorus|Landorus-Therian, M|50/100
|-ability|p1a: Landorus|Intimidate|boost
|-unboost|p2a: Hatterene|atk|1
|move|p2a: Hatterene|Mystical Fire|p1a: Landorus
|-damage|p1a: Landorus|20/100
|-unboost|p1a: Landorus|spa|1
|
|-heal|p1a: Landorus|26/100|[from] item: Leftovers
|-heal|p2a: Hatterene|52/100|[from] item: Leftovers
|upkeep
|turn|15
|
|t:|1759062055
|switch|p2a: Tornadus|Tornadus-Therian, M, shiny|70/100
|move|p1a: Landorus|Stone Edge|p2a: Tornadus
|-supereffective|p2a: Tornadus
|-damage|p2a: Tornadus|0 fnt
|faint|p2a: Tornadus
|
|-heal|p1a: Landorus|32/100|[from] item: Leftovers
|upkeep
|
|t:|1759062063
|switch|p2a: Samurott|Samurott-Hisui, F|100/100
|turn|16
|
|t:|1759062068
|move|p2a: Samurott|Flip Turn|p1a: Landorus
|-supereffective|p1a: Landorus
|-damage|p1a: Landorus|0 fnt
|faint|p1a: Landorus
|
|t:|1759062071
|switch|p2a: Hatterene|Hatterene, F, tera:Steel|52/100|[from] Flip Turn
|
|-heal|p2a: Hatterene|58/100|[from] item: Leftovers
|upkeep
|
|t:|1759062076
|switch|p1a: Cinderace|Cinderace, M|100/100
|turn|17
|
|t:|1759062085
|switch|p2a: Samurott|Samurott-Hisui, F|100/100
|move|p1a: Cinderace|Pyro Ball|p2a: Samurott
|-resisted|p2a: Samurott
|-damage|p2a: Samurott|64/100
|
|upkeep
|turn|18
|
|t:|1759062106
|move|p2a: Samurott|Razor Shell|p1a: Cinderace
|-supereffective|p1a: Cinderace
|-damage|p1a: Cinderace|0 fnt
|faint|p1a: Cinderace
|
|upkeep
|
|t:|1759062113
|switch|p1a: Darkrai|Darkrai|72/100
|turn|19
|
|t:|1759062131
|move|p1a: Darkrai|Focus Blast|p2a: Samurott
|-supereffective|p2a: Samurott
|-damage|p2a: Samurott|0 fnt
|faint|p2a: Samurott
|
|upkeep
|
|t:|1759062142
|switch|p2a: Ogerpon|Ogerpon-Wellspring, F|100/100
|turn|20
|
|t:|1759062147
|switch|p1a: Goodra|Goodra-Hisui, F|82/100
|move|p2a: Ogerpon|Horn Leech|p1a: Goodra
|-ability|p1a: Goodra|Sap Sipper|boost
|-boost|p1a: Goodra|atk|1
|
|upkeep
|turn|21
|
|t:|1759062154
|move|p2a: Ogerpon|Swords Dance|p2a: Ogerpon
|-boost|p2a: Ogerpon|atk|2
|move|p1a: Goodra|Draco Meteor|p2a: Ogerpon
|-damage|p2a: Ogerpon|25/100
|-unboost|p1a: Goodra|spa|2
|
|upkeep
|turn|22
|
|t:|1759062163
|move|p2a: Ogerpon|Ivy Cudgel|p1a: Goodra|[anim] Ivy Cudgel Water
|-resisted|p1a: Goodra
|-damage|p1a: Goodra|22/100
|move|p1a: Goodra|Draco Meteor|p2a: Ogerpon
|-damage|p2a: Ogerpon|0 fnt
|-unboost|p1a: Goodra|spa|2
|faint|p2a: Ogerpon
|
|upkeep
|
|t:|1759062172
|switch|p2a: Clodsire|Clodsire, F, shiny|100/100
|turn|23
|
|t:|1759062176
|move|p1a: Goodra|Earthquake|p2a: Clodsire
|-supereffective|p2a: Clodsire
|-damage|p2a: Clodsire|63/100
|move|p2a: Clodsire|Earthquake|p1a: Goodra
|-supereffective|p1a: Goodra
|-damage|p1a: Goodra|0 fnt
|faint|p1a: Goodra
|
|-heal|p2a: Clodsire|70/100|[from] item: Leftovers
|upkeep
|
|t:|1759062184
|switch|p1a: Sawsbuck|Sawsbuck-Autumn, M|100/100
|turn|24
|
|t:|1759062189
|move|p1a: Sawsbuck|Headbutt|p2a: Clodsire
|-damage|p2a: Clodsire|33/100
|-damage|p1a: Sawsbuck|91/100|[from] item: Life Orb
|cant|p2a: Clodsire|flinch
|
|-heal|p2a: Clodsire|40/100|[from] item: Leftovers
|upkeep
|turn|25
|
|t:|1759062214
|move|p1a: Sawsbuck|High Horsepower|p2a: Clodsire
|-supereffective|p2a: Clodsire
|-damage|p2a: Clodsire|0 fnt
|faint|p2a: Clodsire
|-damage|p1a: Sawsbuck|81/100|[from] item: Life Orb
|
|upkeep
|
|t:|1759062217
|switch|p2a: Hatterene|Hatterene, F, tera:Steel|58/100
|turn|26
|
|t:|1759062222
|move|p1a: Sawsbuck|High Horsepower|p2a: Hatterene
|-supereffective|p2a: Hatterene
|-damage|p2a: Hatterene|0 fnt
|faint|p2a: Hatterene
|-damage|p1a: Sawsbuck|71/100|[from] item: Life Orb
|
|win|HugoLeGoomer
|raw|HugoLeGoomer's rating: 1265 &rarr; <strong>1289</strong><br />(+24 for winning)
|raw|POWER CROP's rating: 1257 &rarr; <strong>1233</strong><br />(-24 for losing)
|l|☆HugoLeGoomer
|player|p1|
