|j|☆pikalyte3
|j|☆LolzMachine
|t:|1758915240
|gametype|singles
|player|p1|pikalyte3|dancer|1582
|player|p2|LolzMachine|170|1743
|gen|9
|tier|[Gen 9] OU
|rated|
|rule|HP Percentage Mod: HP is shown in percentages
|rule|Endless Battle Clause: Forcing endless battles is banned
|rule|Species Clause: Limit one of each Pokémon
|rule|OHKO Clause: OHKO moves are banned
|rule|Evasion Items Clause: Evasion items are banned
|rule|Evasion Moves Clause: Evasion moves are banned
|rule|Evasion Abilities Clause: Evasion abilities are banned
|rule|Sleep Moves Clause: Sleep-inducing moves are banned
|clearpoke
|poke|p1|Ting-Lu|
|poke|p1|Weezing-Galar, F|
|poke|p1|Alomomola, M|
|poke|p1|Tornadus-Therian, M|
|poke|p1|Gholdengo|
|poke|p1|Zamazenta-*|
|poke|p2|Landorus-Therian, M|
|poke|p2|Samurott-Hisui, M|
|poke|p2|Pecharunt|
|poke|p2|Scizor, M|
|poke|p2|Latios, M|
|poke|p2|Zamazenta-*|
|teampreview
|inactive|Battle timer is ON: inactive players will automatically lose when time's up. (requested by pikalyte3)
|inactive|LolzMachine has 120 seconds left.
|
|t:|1758915282
|teamsize|p1|6
|teamsize|p2|6
|start
|switch|p1a: Tornadus|Tornadus-Therian, M|100/100
|switch|p2a: Samurott|Samurott-Hisui, M|100/100
|turn|1
|
|t:|1758915302
|move|p1a: Tornadus|U-turn|p2a: Samurott
|-supereffective|p2a: Samurott
|-damage|p2a: Samurott|66/100
|
|t:|1758915304
|switch|p1a: Weezing|Weezing-Galar, F|100/100|[from] U-turn
|-ability|p1a: Weezing|Neutralizing Gas
|move|p2a: Samurott|Ceaseless Edge|p1a: Weezing
|-resisted|p1a: Weezing
|-damage|p1a: Weezing|90/100
|-sidestart|p1: pikalyte3|Spikes
|
|upkeep
|turn|2
|
|t:|1758915310
|switch|p2a: Latios|Latios, M|100/100
|move|p1a: Weezing|Defog|p2a: Latios
|-unboost|p2a: Latios|evasion|1
|-sideend|p1: pikalyte3|Spikes|[from] move: Defog|[of] p1a: Weezing
|
|upkeep
|turn|3
|
|t:|1758915315
|-end|p1a: Weezing|ability: Neutralizing Gas
|switch|p1a: Ting-Lu|Ting-Lu|100/100
|-ability|p1a: Ting-Lu|Vessel of Ruin
|move|p2a: Latios|Draco Meteor|p1a: Ting-Lu
|-damage|p1a: Ting-Lu|64/100
|-unboost|p2a: Latios|spa|2
|
|-heal|p1a: Ting-Lu|70/100|[from] item: Leftovers
|upkeep
|turn|4
|
|t:|1758915329
|switch|p2a: Samurott|Samurott-Hisui, M|66/100
|move|p1a: Ting-Lu|Stealth Rock|p2a: Samurott
|-sidestart|p2: LolzMachine|move: Stealth Rock
|
|-heal|p1a: Ting-Lu|76/100|[from] item: Leftovers
|upkeep
|turn|5
|
|t:|1758915350
|switch|p1a: Weezing|Weezing-Galar, F|90/100
|-ability|p1a: Weezing|Neutralizing Gas
|move|p2a: Samurott|Razor Shell|p1a: Weezing
|-damage|p1a: Weezing|66/100
|
|upkeep
|turn|6
|
|t:|1758915368
|move|p2a: Samurott|Ceaseless Edge|p1a: Weezing
|-resisted|p1a: Weezing
|-damage|p1a: Weezing|54/100
|-sidestart|p1: pikalyte3|Spikes
|move|p1a: Weezing|Will-O-Wisp|p2a: Samurott
|-status|p2a: Samurott|brn
|
|-damage|p2a: Samurott|59/100 brn|[from] brn
|upkeep
|turn|7
|inactive|LolzMachine has 120 seconds left.
|
|t:|1758915395
|move|p2a: Samurott|Knock Off|p1a: Weezing
|-resisted|p1a: Weezing
|-damage|p1a: Weezing|46/100
|-enditem|p1a: Weezing|Heavy-Duty Boots|[from] move: Knock Off|[of] p2a: Samurott
|move|p1a: Weezing|Defog|p2a: Samurott
|-unboost|p2a: Samurott|evasion|1
|-sideend|p2: LolzMachine|Stealth Rock|[from] move: Defog|[of] p1a: Weezing
|-sideend|p1: pikalyte3|Spikes|[from] move: Defog|[of] p1a: Weezing
|
|-damage|p2a: Samurott|53/100 brn|[from] brn
|upkeep
|turn|8
|
|t:|1758915405
|-end|p1a: Weezing|ability: Neutralizing Gas
|switch|p1a: Alomomola|Alomomola, M|100/100
|move|p2a: Samurott|Ceaseless Edge|p1a: Alomomola
|-damage|p1a: Alomomola|86/100
|-damage|p2a: Samurott|37/100 brn|[from] item: Rocky Helmet|[of] p1a: Alomomola
|-sidestart|p1: pikalyte3|Spikes
|
|-damage|p2a: Samurott|31/100 brn|[from] brn
|upkeep
|turn|9
|
|t:|1758915408
|move|p2a: Samurott|Knock Off|p1a: Alomomola
|-damage|p1a: Alomomola|72/100
|-damage|p2a: Samurott|14/100 brn|[from] item: Rocky Helmet|[of] p1a: Alomomola
|-enditem|p1a: Alomomola|Rocky Helmet|[from] move: Knock Off|[of] p2a: Samurott
|move|p1a: Alomomola|Wish|p1a: Alomomola
|
|-damage|p2a: Samurott|8/100 brn|[from] brn
|upkeep
|turn|10
|
|t:|1758915418
|switch|p2a: Latios|Latios, M|100/100
|move|p1a: Alomomola|Flip Turn|p2a: Latios
|-resisted|p2a: Latios
|-damage|p2a: Latios|90/100
|
|t:|1758915420
|switch|p1a: Weezing|Weezing-Galar, F|46/100|[from] Flip Turn
|-ability|p1a: Weezing|Neutralizing Gas
|-damage|p1a: Weezing|34/100|[from] Spikes
|
|-heal|p1a: Weezing|100/100|[from] move: Wish|[wisher] Alomomola
|upkeep
|turn|11
|
|t:|1758915428
|-end|p1a: Weezing|ability: Neutralizing Gas
|switch|p1a: Ting-Lu|Ting-Lu|76/100
|-damage|p1a: Ting-Lu|64/100|[from] Spikes
|-ability|p1a: Ting-Lu|Vessel of Ruin
|move|p2a: Latios|Psychic Noise|p1a: Ting-Lu
|-immune|p1a: Ting-Lu
|
|-heal|p1a: Ting-Lu|70/100|[from] item: Leftovers
|upkeep
|turn|12
|
|t:|1758915440
|switch|p2a: Samurott|Samurott-Hisui, M|8/100 brn
|move|p1a: Ting-Lu|Ruination|p2a: Samurott|[miss]
|-miss|p1a: Ting-Lu|p2a: Samurott
|
|-heal|p1a: Ting-Lu|76/100|[from] item: Leftovers
|-damage|p2a: Samurott|2/100 brn|[from] brn
|upkeep
|turn|13
|
|t:|1758915456
|switch|p1a: Alomomola|Alomomola, M|100/100
|-damage|p1a: Alomomola|88/100|[from] Spikes
|move|p2a: Samurott|Ceaseless Edge|p1a: Alomomola
|-damage|p1a: Alomomola|73/100
|-sidestart|p1: pikalyte3|Spikes
|
|-damage|p2a: Samurott|0 fnt|[from] brn
|faint|p2a: Samurott
|upkeep
|
|t:|1758915463
|switch|p2a: Latios|Latios, M|90/100
|turn|14
|
|t:|1758915467
|move|p1a: Alomomola|Protect|p1a: Alomomola
|-singleturn|p1a: Alomomola|Protect
|move|p2a: Latios|Draco Meteor|p1a: Alomomola
|-activate|p1a: Alomomola|move: Protect
|
|upkeep
|turn|15
|
|t:|1758915474
|switch|p1a: Weezing|Weezing-Galar, F|100/100
|-ability|p1a: Weezing|Neutralizing Gas
|-damage|p1a: Weezing|84/100|[from] Spikes
|move|p2a: Latios|Psychic Noise|p1a: Weezing
|-supereffective|p1a: Weezing
|-damage|p1a: Weezing|0 fnt
|faint|p1a: Weezing
|-end|p1a: Weezing|ability: Neutralizing Gas
|
|upkeep
|
|t:|1758915491
|switch|p1a: Zamazenta|Zamazenta|100/100
|-ability|p1a: Zamazenta|Dauntless Shield|boost
|-boost|p1a: Zamazenta|def|1
|turn|16
|
|t:|1758915498
|switch|p2a: Landorus|Landorus-Therian, M|100/100
|-ability|p2a: Landorus|Intimidate|boost
|-unboost|p1a: Zamazenta|atk|1
|move|p1a: Zamazenta|Ice Fang|p2a: Landorus
|-supereffective|p2a: Landorus
|-damage|p2a: Landorus|45/100
|-status|p2a: Landorus|frz
|-damage|p1a: Zamazenta|84/100|[from] item: Rocky Helmet|[of] p2a: Landorus
|
|upkeep
|turn|17
|
|t:|1758915502
|switch|p2a: Pecharunt|Pecharunt|100/100
|move|p1a: Zamazenta|Ice Fang|p2a: Pecharunt|[miss]
|-miss|p1a: Zamazenta|p2a: Pecharunt
|
|upkeep
|turn|18
|
|t:|1758915507
|switch|p1a: Ting-Lu|Ting-Lu|76/100
|-damage|p1a: Ting-Lu|60/100|[from] Spikes
|-ability|p1a: Ting-Lu|Vessel of Ruin
|move|p2a: Pecharunt|Malignant Chain|p1a: Ting-Lu
|-resisted|p1a: Ting-Lu
|-damage|p1a: Ting-Lu|53/100
|-status|p1a: Ting-Lu|tox
|-start|p1a: Ting-Lu|confusion|[from] ability: Poison Puppeteer|[of] p2a: Pecharunt
|
|-heal|p1a: Ting-Lu|59/100 tox|[from] item: Leftovers
|-damage|p1a: Ting-Lu|53/100 tox|[from] psn
|upkeep
|turn|19
|
|t:|1758915516
|move|p2a: Pecharunt|Parting Shot|p1a: Ting-Lu
|-unboost|p1a: Ting-Lu|atk|1
|-unboost|p1a: Ting-Lu|spa|1
|
|t:|1758915518
|switch|p2a: Scizor|Scizor, M|100/100|[from] Parting Shot
|-activate|p1a: Ting-Lu|confusion
|-damage|p1a: Ting-Lu|49/100 tox|[from] confusion
|
|-heal|p1a: Ting-Lu|56/100 tox|[from] item: Leftovers
|-damage|p1a: Ting-Lu|43/100 tox|[from] psn
|upkeep
|turn|20
|
|t:|1758915525
|switch|p1a: Tornadus|Tornadus-Therian, M|100/100
|move|p2a: Scizor|Swords Dance|p2a: Scizor
|-boost|p2a: Scizor|atk|2
|
|upkeep
|turn|21
|
|t:|1758915531
|move|p2a: Scizor|Bullet Punch|p1a: Tornadus
|-damage|p1a: Tornadus|22/100
|move|p1a: Tornadus|Heat Wave|p2a: Scizor
|-supereffective|p2a: Scizor
|-damage|p2a: Scizor|0 fnt
|faint|p2a: Scizor
|
|upkeep
|
|t:|1758915540
|switch|p2a: Pecharunt|Pecharunt|100/100
|turn|22
|
|t:|1758915550
|switch|p1a: Ting-Lu|Ting-Lu|43/100 tox
|-damage|p1a: Ting-Lu|27/100 tox|[from] Spikes
|-ability|p1a: Ting-Lu|Vessel of Ruin
|move|p2a: Pecharunt|Shadow Ball|p1a: Ting-Lu
|-resisted|p1a: Ting-Lu
|-damage|p1a: Ting-Lu|22/100 tox
|
|-heal|p1a: Ting-Lu|28/100 tox|[from] item: Leftovers
|-damage|p1a: Ting-Lu|22/100 tox|[from] psn
|upkeep
|turn|23
|
|t:|1758915558
|move|p2a: Pecharunt|Parting Shot|p1a: Ting-Lu
|-unboost|p1a: Ting-Lu|atk|1
|-unboost|p1a: Ting-Lu|spa|1
|
|t:|1758915562
|switch|p2a: Latios|Latios, M|90/100|[from] Parting Shot
|move|p1a: Ting-Lu|Ruination|p2a: Latios
|-damage|p2a: Latios|45/100
|
|-heal|p1a: Ting-Lu|28/100 tox|[from] item: Leftovers
|-damage|p1a: Ting-Lu|16/100 tox|[from] psn
|upkeep
|turn|24
|inactive|pikalyte3 has 120 seconds left.
|
|t:|1758915603
|move|p2a: Latios|Recover|p2a: Latios
|-heal|p2a: Latios|96/100
|move|p1a: Ting-Lu|Stealth Rock|p2a: Latios
|-sidestart|p2: LolzMachine|move: Stealth Rock
|
|-heal|p1a: Ting-Lu|22/100 tox|[from] item: Leftovers
|-damage|p1a: Ting-Lu|3/100 tox|[from] psn
|upkeep
|turn|25
|
|t:|1758915611
|move|p2a: Latios|Calm Mind|p2a: Latios
|-boost|p2a: Latios|spa|1
|-boost|p2a: Latios|spd|1
|move|p1a: Ting-Lu|Ruination|p2a: Latios
|-damage|p2a: Latios|48/100
|
|-heal|p1a: Ting-Lu|9/100 tox|[from] item: Leftovers
|-damage|p1a: Ting-Lu|0 fnt|[from] psn
|faint|p1a: Ting-Lu
|upkeep
|inactive|pikalyte3 has 120 seconds left.
|
|t:|1758915644
|switch|p1a: Tornadus|Tornadus-Therian, M|55/100
|turn|26
|
|t:|1758915660
|move|p1a: Tornadus|Knock Off|p2a: Latios
|-supereffective|p2a: Latios
|-damage|p2a: Latios|0 fnt
|-enditem|p2a: Latios|Soul Dew|[from] move: Knock Off|[of] p1a: Tornadus
|faint|p2a: Latios
|
|upkeep
|
|t:|1758915664
|switch|p2a: Zamazenta|Zamazenta|100/100
|-damage|p2a: Zamazenta|94/100|[from] Stealth Rock
|-ability|p2a: Zamazenta|Dauntless Shield|boost
|-boost|p2a: Zamazenta|def|1
|turn|27
|
|t:|1758915671
|move|p2a: Zamazenta|Iron Defense|p2a: Zamazenta
|-boost|p2a: Zamazenta|def|2
|move|p1a: Tornadus|Bleakwind Storm|p2a: Zamazenta
|-supereffective|p2a: Zamazenta
|-damage|p2a: Zamazenta|24/100
|-unboost|p2a: Zamazenta|spe|1
|
|-heal|p2a: Zamazenta|30/100|[from] item: Leftovers
|upkeep
|turn|28
|inactive|pikalyte3 has 120 seconds left.
|
|t:|1758915680
|-terastallize|p2a: Zamazenta|Electric
|move|p1a: Tornadus|Bleakwind Storm|p2a: Zamazenta
|-resisted|p2a: Zamazenta
|-damage|p2a: Zamazenta|14/100
|-unboost|p2a: Zamazenta|spe|1
|move|p2a: Zamazenta|Body Press|p1a: Tornadus
|-resisted|p1a: Tornadus
|-damage|p1a: Tornadus|1/100
|
|-heal|p2a: Zamazenta|21/100|[from] item: Leftovers
|upkeep
|turn|29
|
|t:|1758915690
|move|p1a: Tornadus|Heat Wave|p2a: Zamazenta
|-damage|p2a: Zamazenta|0 fnt
|faint|p2a: Zamazenta
|
|upkeep
|
|t:|1758915702
|switch|p2a: Pecharunt|Pecharunt|100/100
|turn|30
|
|t:|1758915717
|switch|p1a: Alomomola|Alomomola, M|100/100
|-damage|p1a: Alomomola|84/100|[from] Spikes
|move|p2a: Pecharunt|Shadow Ball|p1a: Alomomola
|-damage|p1a: Alomomola|60/100
|
|upkeep
|turn|31
|
|t:|1758915741
|move|p2a: Pecharunt|Malignant Chain|p1a: Alomomola
|-damage|p1a: Alomomola|32/100
|move|p1a: Alomomola|Flip Turn|p2a: Pecharunt
|-damage|p2a: Pecharunt|91/100
|
|t:|1758915744
|switch|p1a: Gholdengo|Gholdengo|100/100|[from] Flip Turn
|-damage|p1a: Gholdengo|84/100|[from] Spikes
|
|upkeep
|turn|32
|
|t:|1758915750
|move|p1a: Gholdengo|Shadow Ball|p2a: Pecharunt
|-supereffective|p2a: Pecharunt
|-damage|p2a: Pecharunt|7/100
|-unboost|p2a: Pecharunt|spd|1
|move|p2a: Pecharunt|Shadow Ball|p1a: Gholdengo
|-supereffective|p1a: Gholdengo
|-damage|p1a: Gholdengo|23/100
|
|upkeep
|turn|33
|-message|LolzMachine forfeited.
|
|win|pikalyte3
|raw|pikalyte3's rating: 1582 &rarr; <strong>1611</strong><br />(+29 for winning)
|raw|LolzMachine's rating: 1749 &rarr; <strong>1720</strong><br />(-29 for losing)
|l|☆LolzMachine
|player|p2|
