|j|☆Sungrace
|j|☆Sorrow Farmer
|t:|1758982539
|gametype|singles
|player|p1|Sungrace|swimmerf|1250
|player|p2|Sorrow Farmer|miku-flying|1221
|gen|9
|tier|[Gen 9] OU
|rated|
|rule|HP Percentage Mod: HP is shown in percentages
|rule|Endless Battle Clause: Forcing endless battles is banned
|rule|Species Clause: Limit one of each Pokémon
|rule|OHKO Clause: OHKO moves are banned
|rule|Evasion Items Clause: Evasion items are banned
|rule|Evasion Moves Clause: Evasion moves are banned
|rule|Evasion Abilities Clause: Evasion abilities are banned
|rule|Sleep Moves Clause: Sleep-inducing moves are banned
|clearpoke
|poke|p1|Lilligant-Hisui, F|
|poke|p1|Ninetales, F|
|poke|p1|Florges-Yellow, F|
|poke|p1|Raging Bolt|
|poke|p1|Araquanid, F|
|poke|p1|Darkrai|
|poke|p2|Meowscarada, M|
|poke|p2|Iron Crown|
|poke|p2|Greninja-*, M|
|poke|p2|Lycanroc-Dusk, F|
|poke|p2|Corviknight, M|
|poke|p2|Armarouge, F|
|teampreview
|inactive|Battle timer is ON: inactive players will automatically lose when time's up. (requested by Sorrow Farmer)
|
|t:|1758982563
|teamsize|p1|6
|teamsize|p2|6
|start
|switch|p1a: Darkrai|Darkrai, shiny|100/100
|switch|p2a: Despair|Lycanroc-Dusk, F, shiny|100/100
|turn|1
|
|t:|1758982569
|move|p1a: Darkrai|Dark Pulse|p2a: Despair
|-damage|p2a: Despair|26/100
|cant|p2a: Despair|flinch
|
|upkeep
|turn|2
|
|t:|1758982581
|move|p2a: Despair|Accelerock|p1a: Darkrai
|-damage|p1a: Darkrai|54/100
|move|p1a: Darkrai|Dark Pulse|p2a: Despair
|-damage|p2a: Despair|0 fnt
|faint|p2a: Despair
|
|upkeep
|
|t:|1758982593
|switch|p2a: Integrity|Iron Crown|100/100
|turn|3
|c|☆Sungrace|choice band?
|
|t:|1758982599
|move|p1a: Darkrai|Dark Pulse|p2a: Integrity
|-supereffective|p2a: Integrity
|-damage|p2a: Integrity|0 fnt
|faint|p2a: Integrity
|-end|p2a: Integrity|Quark Drive|[silent]
|
|upkeep
|
|t:|1758982605
|switch|p2a: Determination|Meowscarada, M|100/100
|turn|4
|
|t:|1758982611
|switch|p1a: Surskit-Alola|Araquanid, F, shiny|100/100
|move|p2a: Determination|U-turn|p1a: Surskit-Alola
|-start|p2a: Determination|typechange|Bug|[from] ability: Protean
|-damage|p1a: Surskit-Alola|55/100
|-damage|p2a: Determination|91/100|[from] item: Life Orb
|
|t:|1758982618
|switch|p2a: Malice|Corviknight, M, shiny|100/100|[from] U-turn
|-ability|p2a: Malice|Pressure
|
|upkeep
|turn|5
|
|t:|1758982625
|move|p2a: Malice|Brave Bird|p1a: Surskit-Alola
|-supereffective|p1a: Surskit-Alola
|-damage|p1a: Surskit-Alola|0 fnt
|faint|p1a: Surskit-Alola
|-damage|p2a: Malice|86/100|[from] Recoil
|
|-heal|p2a: Malice|92/100|[from] item: Leftovers
|upkeep
|
|t:|1758982629
|switch|p1a: Angel|Ninetales, F, shiny|100/100
|-weather|SunnyDay|[from] ability: Drought|[of] p1a: Angel
|turn|6
|
|t:|1758982639
|switch|p2a: Hope|Greninja, M|100/100
|move|p1a: Angel|Nasty Plot|p1a: Angel
|-boost|p1a: Angel|spa|2
|
|-weather|SunnyDay|[upkeep]
|upkeep
|turn|7
|
|t:|1758982660
|move|p2a: Hope|Surf|p1a: Angel
|-supereffective|p1a: Angel
|-damage|p1a: Angel|45/100
|-damage|p2a: Hope|91/100|[from] item: Life Orb
|move|p1a: Angel|Weather Ball|p2a: Hope
|-resisted|p2a: Hope
|-damage|p2a: Hope|5/100
|
|-weather|SunnyDay|[upkeep]
|upkeep
|turn|8
|
|t:|1758982670
|switch|p1a: Dawnbloom|Florges-Yellow, F, shiny|100/100
|move|p2a: Hope|Ice Beam|p1a: Dawnbloom
|-damage|p1a: Dawnbloom|74/100
|-damage|p2a: Hope|0 fnt|[from] item: Life Orb
|faint|p2a: Hope
|
|-weather|SunnyDay|[upkeep]
|-heal|p1a: Dawnbloom|81/100|[from] item: Leftovers
|upkeep
|
|t:|1758982679
|switch|p2a: Sans|Armarouge, F, shiny|100/100
|turn|9
|
|t:|1758982684
|move|p2a: Sans|Armor Cannon|p1a: Dawnbloom
|-damage|p1a: Dawnbloom|0 fnt
|-unboost|p2a: Sans|def|1
|-unboost|p2a: Sans|spd|1
|faint|p1a: Dawnbloom
|
|-weather|SunnyDay|[upkeep]
|upkeep
|
|t:|1758982691
|switch|p1a: Darkrai|Darkrai, shiny|54/100
|turn|10
|
|t:|1758982694
|switch|p2a: Malice|Corviknight, M, shiny|92/100
|-ability|p2a: Malice|Pressure
|move|p1a: Darkrai|Dark Pulse|p2a: Malice
|-crit|p2a: Malice
|-damage|p2a: Malice|46/100
|
|-weather|SunnyDay|[upkeep]
|-heal|p2a: Malice|52/100|[from] item: Leftovers
|upkeep
|turn|11
|
|t:|1758982707
|switch|p1a: Lesbian|Lilligant-Hisui, F, shiny|100/100
|move|p2a: Malice|Brave Bird|p1a: Lesbian
|-supereffective|p1a: Lesbian
|-damage|p1a: Lesbian|0 fnt
|faint|p1a: Lesbian
|-damage|p2a: Malice|29/100|[from] Recoil
|
|-weather|SunnyDay|[upkeep]
|-heal|p2a: Malice|35/100|[from] item: Leftovers
|upkeep
|
|t:|1758982712
|switch|p1a: Cringing Gold|Raging Bolt|100/100
|-activate|p1a: Cringing Gold|ability: Protosynthesis
|-start|p1a: Cringing Gold|protosynthesisspa
|turn|12
|
|t:|1758982718
|-terastallize|p1a: Cringing Gold|Electric
|move|p1a: Cringing Gold|Volt Switch|p2a: Malice
|-supereffective|p2a: Malice
|-damage|p2a: Malice|0 fnt
|faint|p2a: Malice
|
|t:|1758982722
|-end|p1a: Cringing Gold|Protosynthesis|[silent]
|switch|p1a: Darkrai|Darkrai, shiny|54/100|[from] Volt Switch
|
|-weather|SunnyDay|[upkeep]
|upkeep
|
|t:|1758982731
|switch|p2a: Determination|Meowscarada, M|91/100
|turn|13
|
|t:|1758982736
|move|p1a: Darkrai|Sludge Bomb|p2a: Determination
|-supereffective|p2a: Determination
|-damage|p2a: Determination|0 fnt
|faint|p2a: Determination
|
|-weather|none
|upkeep
|
|t:|1758982739
|switch|p2a: Sans|Armarouge, F, shiny|100/100
|turn|14
|
|t:|1758982744
|switch|p1a: Angel|Ninetales, F, shiny|45/100
|-weather|SunnyDay|[from] ability: Drought|[of] p1a: Angel
|move|p2a: Sans|Scorching Sands|p1a: Angel
|-supereffective|p1a: Angel
|-damage|p1a: Angel|0 fnt
|faint|p1a: Angel
|
|-weather|SunnyDay|[upkeep]
|upkeep
|
|t:|1758982750
|switch|p1a: Darkrai|Darkrai, shiny|54/100
|turn|15
|
|t:|1758982756
|-terastallize|p2a: Sans|Fire
|move|p1a: Darkrai|Trick|p2a: Sans
|-activate|p1a: Darkrai|move: Trick|[of] p2a: Sans
|-item|p2a: Sans|Choice Scarf|[from] move: Trick
|-item|p1a: Darkrai|Choice Specs|[from] move: Trick
|move|p2a: Sans|Scorching Sands|p1a: Darkrai
|-damage|p1a: Darkrai|17/100
|
|-weather|SunnyDay|[upkeep]
|upkeep
|turn|16
|
|t:|1758982767
|move|p2a: Sans|Scorching Sands|p1a: Darkrai
|-damage|p1a: Darkrai|0 fnt
|faint|p1a: Darkrai
|
|-weather|SunnyDay|[upkeep]
|upkeep
|
|t:|1758982769
|switch|p1a: Cringing Gold|Raging Bolt, tera:Electric|100/100
|-activate|p1a: Cringing Gold|ability: Protosynthesis
|-start|p1a: Cringing Gold|protosynthesisspa
|turn|17
|
|t:|1758982774
|move|p2a: Sans|Scorching Sands|p1a: Cringing Gold
|-supereffective|p1a: Cringing Gold
|-damage|p1a: Cringing Gold|50/100
|move|p1a: Cringing Gold|Thunderbolt|p2a: Sans
|-damage|p2a: Sans|0 fnt
|faint|p2a: Sans
|
|win|Sungrace
|raw|Sungrace's rating: 1250 &rarr; <strong>1273</strong><br />(+23 for winning)
|raw|Sorrow Farmer's rating: 1221 &rarr; <strong>1198</strong><br />(-23 for losing)
|l|☆Sungrace
|player|p1|
