|j|☆SCiZ0rking
|j|☆AnOriginalName3
|t:|1758926804
|gametype|singles
|player|p1|SCiZ0rking|youngster-gen4dp|1521
|player|p2|AnOriginalName3|1|1518
|gen|9
|tier|[Gen 9] OU
|rated|
|rule|HP Percentage Mod: HP is shown in percentages
|rule|Endless Battle Clause: Forcing endless battles is banned
|rule|Species Clause: Limit one of each Pokémon
|rule|OHKO Clause: OHKO moves are banned
|rule|Evasion Items Clause: Evasion items are banned
|rule|Evasion Moves Clause: Evasion moves are banned
|rule|Evasion Abilities Clause: Evasion abilities are banned
|rule|Sleep Moves Clause: Sleep-inducing moves are banned
|clearpoke
|poke|p1|Scizor, M|
|poke|p1|Raging Bolt|
|poke|p1|Samurott-Hisui, F|
|poke|p1|Gliscor, F|
|poke|p1|Hatterene, F|
|poke|p1|Great Tusk|
|poke|p2|Glimmora, F|
|poke|p2|Gholdengo|
|poke|p2|Ceruledge, M|
|poke|p2|Great Tusk|
|poke|p2|Scizor, M|
|poke|p2|Bellossom, F|
|teampreview
|inactive|Battle timer is ON: inactive players will automatically lose when time's up. (requested by SCiZ0rking)
|inactive|SCiZ0rking has 120 seconds left.
|
|t:|1758926839
|teamsize|p1|6
|teamsize|p2|6
|start
|switch|p1a: Samurott|Samurott-Hisui, F|100/100
|switch|p2a: Bellossom|Bellossom, F|100/100
|turn|1
|
|t:|1758926861
|move|p1a: Samurott|Ceaseless Edge|p2a: Bellossom
|-damage|p2a: Bellossom|56/100
|-sidestart|p2: AnOriginalName3|Spikes
|move|p2a: Bellossom|Quiver Dance|p2a: Bellossom
|-boost|p2a: Bellossom|spa|1
|-boost|p2a: Bellossom|spd|1
|-boost|p2a: Bellossom|spe|1
|
|-heal|p2a: Bellossom|62/100|[from] item: Leftovers
|upkeep
|turn|2
|
|t:|1758926868
|move|p1a: Samurott|Ceaseless Edge|p2a: Bellossom
|-damage|p2a: Bellossom|20/100
|-sidestart|p2: AnOriginalName3|Spikes
|move|p2a: Bellossom|Quiver Dance|p2a: Bellossom
|-boost|p2a: Bellossom|spa|1
|-boost|p2a: Bellossom|spd|1
|-boost|p2a: Bellossom|spe|1
|
|-heal|p2a: Bellossom|26/100|[from] item: Leftovers
|upkeep
|turn|3
|
|t:|1758926870
|move|p1a: Samurott|Ceaseless Edge|p2a: Bellossom
|-damage|p2a: Bellossom|0 fnt
|-sidestart|p2: AnOriginalName3|Spikes
|faint|p2a: Bellossom
|
|upkeep
|
|t:|1758926875
|switch|p2a: Great Tusk|Great Tusk|100/100
|turn|4
|j| Nikator98
|l| Nikator98
|
|t:|1758926902
|switch|p1a: Great Tusk|Great Tusk|100/100
|move|p2a: Great Tusk|Rapid Spin|p1a: Great Tusk
|-damage|p1a: Great Tusk|89/100
|-boost|p2a: Great Tusk|spe|1
|-damage|p2a: Great Tusk|84/100|[from] item: Rocky Helmet|[of] p1a: Great Tusk
|-sideend|p2: AnOriginalName3|Spikes|[from] move: Rapid Spin|[of] p2a: Great Tusk
|
|upkeep
|turn|5
|
|t:|1758926917
|-end|p2a: Great Tusk|Protosynthesis|[silent]
|switch|p2a: Glimmora|Glimmora, F|100/100
|move|p1a: Great Tusk|Knock Off|p2a: Glimmora
|-damage|p2a: Glimmora|65/100
|-activate|p2a: Glimmora|ability: Toxic Debris
|-sidestart|p1: SCiZ0rking|move: Toxic Spikes
|-enditem|p2a: Glimmora|Focus Sash|[from] move: Knock Off|[of] p1a: Great Tusk
|
|upkeep
|turn|6
|inactive|SCiZ0rking has 120 seconds left.
|
|t:|1758926954
|move|p1a: Great Tusk|Headlong Rush|p2a: Glimmora
|-supereffective|p2a: Glimmora
|-damage|p2a: Glimmora|0 fnt
|-unboost|p1a: Great Tusk|def|1
|-unboost|p1a: Great Tusk|spd|1
|-activate|p2a: Glimmora|ability: Toxic Debris
|-sidestart|p1: SCiZ0rking|move: Toxic Spikes
|faint|p2a: Glimmora
|
|upkeep
|
|t:|1758926972
|switch|p2a: Gholdengo|Gholdengo|100/100
|turn|7
|
|t:|1758926991
|-end|p1a: Great Tusk|Protosynthesis|[silent]
|switch|p1a: Samurott|Samurott-Hisui, F|100/100
|-status|p1a: Samurott|tox
|move|p2a: Gholdengo|Shadow Ball|p1a: Samurott
|-resisted|p1a: Samurott
|-damage|p1a: Samurott|67/100 tox
|
|-damage|p1a: Samurott|60/100 tox|[from] psn
|upkeep
|turn|8
|inactive|SCiZ0rking has 90 seconds left.
|
|t:|1758927013
|switch|p2a: Great Tusk|Great Tusk|84/100
|move|p1a: Samurott|Ceaseless Edge|p2a: Great Tusk
|-resisted|p2a: Great Tusk
|-damage|p2a: Great Tusk|68/100
|-sidestart|p2: AnOriginalName3|Spikes
|
|-damage|p1a: Samurott|48/100 tox|[from] psn
|upkeep
|turn|9
|inactive|SCiZ0rking has 90 seconds left.
|
|t:|1758927025
|move|p1a: Samurott|Ceaseless Edge|p2a: Great Tusk
|-resisted|p2a: Great Tusk
|-damage|p2a: Great Tusk|50/100
|-sidestart|p2: AnOriginalName3|Spikes
|move|p2a: Great Tusk|Rapid Spin|p1a: Samurott
|-damage|p1a: Samurott|26/100 tox
|-boost|p2a: Great Tusk|spe|1
|-sideend|p2: AnOriginalName3|Spikes|[from] move: Rapid Spin|[of] p2a: Great Tusk
|
|-damage|p1a: Samurott|8/100 tox|[from] psn
|upkeep
|turn|10
|
|t:|1758927031
|move|p2a: Great Tusk|Rapid Spin|p1a: Samurott
|-damage|p1a: Samurott|0 fnt
|-boost|p2a: Great Tusk|spe|1
|faint|p1a: Samurott
|
|upkeep
|inactive|SCiZ0rking has 90 seconds left.
|
|t:|1758927048
|switch|p1a: Great Tusk|Great Tusk|89/100
|-status|p1a: Great Tusk|tox
|turn|11
|
|t:|1758927055
|move|p2a: Great Tusk|Headlong Rush|p1a: Great Tusk
|-damage|p1a: Great Tusk|48/100 tox
|-unboost|p2a: Great Tusk|def|1
|-unboost|p2a: Great Tusk|spd|1
|-damage|p2a: Great Tusk|34/100|[from] item: Rocky Helmet|[of] p1a: Great Tusk
|move|p1a: Great Tusk|Headlong Rush|p2a: Great Tusk
|-damage|p2a: Great Tusk|0 fnt
|-unboost|p1a: Great Tusk|def|1
|-unboost|p1a: Great Tusk|spd|1
|faint|p2a: Great Tusk
|-end|p2a: Great Tusk|Protosynthesis|[silent]
|
|-damage|p1a: Great Tusk|42/100 tox|[from] psn
|upkeep
|
|t:|1758927073
|switch|p2a: Gholdengo|Gholdengo|100/100
|turn|12
|inactive|SCiZ0rking has 90 seconds left.
|
|t:|1758927101
|move|p2a: Gholdengo|Shadow Ball|p1a: Great Tusk
|-damage|p1a: Great Tusk|0 fnt
|faint|p1a: Great Tusk
|-end|p1a: Great Tusk|Protosynthesis|[silent]
|
|upkeep
|
|t:|1758927109
|switch|p1a: Raging Bolt|Raging Bolt|100/100
|turn|13
|
|t:|1758927115
|move|p2a: Gholdengo|Shadow Ball|p1a: Raging Bolt
|-damage|p1a: Raging Bolt|63/100
|-unboost|p1a: Raging Bolt|spd|1
|move|p1a: Raging Bolt|Volt Switch|p2a: Gholdengo
|-damage|p2a: Gholdengo|51/100
|inactive|SCiZ0rking has 90 seconds left.
|inactive|SCiZ0rking has 60 seconds left.
|
|t:|1758927162
|-end|p1a: Raging Bolt|Protosynthesis|[silent]
|switch|p1a: Gliscor|Gliscor, F|100/100|[from] Volt Switch
|
|-status|p1a: Gliscor|tox|[from] item: Toxic Orb
|upkeep
|turn|14
|
|t:|1758927166
|move|p2a: Gholdengo|Shadow Ball|p1a: Gliscor
|-damage|p1a: Gliscor|50/100 tox
|move|p1a: Gliscor|Stealth Rock|p2a: Gholdengo
|-sidestart|p2: AnOriginalName3|move: Stealth Rock
|
|-heal|p1a: Gliscor|62/100 tox|[from] ability: Poison Heal
|upkeep
|turn|15
|
|t:|1758927173
|move|p1a: Gliscor|Protect|p1a: Gliscor
|-singleturn|p1a: Gliscor|Protect
|move|p2a: Gholdengo|Shadow Ball|p1a: Gliscor
|-activate|p1a: Gliscor|move: Protect
|
|-heal|p1a: Gliscor|75/100 tox|[from] ability: Poison Heal
|upkeep
|turn|16
|inactive|SCiZ0rking has 60 seconds left.
|
|t:|1758927197
|switch|p1a: Hatterene|Hatterene, F|100/100
|-status|p1a: Hatterene|tox
|move|p2a: Gholdengo|Shadow Ball|p1a: Hatterene
|-supereffective|p1a: Hatterene
|-damage|p1a: Hatterene|50/100 tox
|
|-damage|p1a: Hatterene|44/100 tox|[from] psn
|upkeep
|turn|17
|inactive|SCiZ0rking has 60 seconds left.
|
|t:|1758927224
|-terastallize|p1a: Hatterene|Water
|move|p2a: Gholdengo|Shadow Ball|p1a: Hatterene
|-damage|p1a: Hatterene|16/100 tox
|move|p1a: Hatterene|Mystical Fire|p2a: Gholdengo
|-supereffective|p2a: Gholdengo
|-damage|p2a: Gholdengo|0 fnt
|faint|p2a: Gholdengo
|
|-damage|p1a: Hatterene|4/100 tox|[from] psn
|upkeep
|
|t:|1758927241
|switch|p2a: Ceruledge|Ceruledge, M|100/100
|-damage|p2a: Ceruledge|76/100|[from] Stealth Rock
|turn|18
|
|t:|1758927250
|move|p2a: Ceruledge|Bitter Blade|p1a: Hatterene
|-resisted|p1a: Hatterene
|-damage|p1a: Hatterene|0 fnt
|-heal|p2a: Ceruledge|77/100|[from] drain|[of] p1a: Hatterene
|faint|p1a: Hatterene
|
|upkeep
|inactive|SCiZ0rking has 30 seconds left.
|j| Just Icicle
|inactive|SCiZ0rking has 20 seconds left.
|inactive|SCiZ0rking has 15 seconds left.
|
|t:|1758927296
|switch|p1a: Gliscor|Gliscor, F|75/100 tox
|turn|19
|inactive|SCiZ0rking has 25 seconds left this turn.
|inactive|SCiZ0rking has 20 seconds left.
|
|t:|1758927304
|-terastallize|p2a: Ceruledge|Bug
|move|p2a: Ceruledge|Bulk Up|p2a: Ceruledge
|-boost|p2a: Ceruledge|atk|1
|-boost|p2a: Ceruledge|def|1
|move|p1a: Gliscor|Knock Off|p2a: Ceruledge
|-damage|p2a: Ceruledge|62/100
|-enditem|p2a: Ceruledge|Covert Cloak|[from] move: Knock Off|[of] p1a: Gliscor
|
|-heal|p1a: Gliscor|87/100 tox|[from] ability: Poison Heal
|upkeep
|turn|20
|inactive|SCiZ0rking has 30 seconds left this turn.
|
|t:|1758927308
|move|p2a: Ceruledge|Bulk Up|p2a: Ceruledge
|-boost|p2a: Ceruledge|atk|1
|-boost|p2a: Ceruledge|def|1
|move|p1a: Gliscor|Toxic|p2a: Ceruledge
|-status|p2a: Ceruledge|tox
|
|-damage|p2a: Ceruledge|56/100 tox|[from] psn
|-heal|p1a: Gliscor|99/100 tox|[from] ability: Poison Heal
|upkeep
|turn|21
|inactive|SCiZ0rking has 30 seconds left.
|
|t:|1758927318
|move|p2a: Ceruledge|Bulk Up|p2a: Ceruledge
|-boost|p2a: Ceruledge|atk|1
|-boost|p2a: Ceruledge|def|1
|move|p1a: Gliscor|Knock Off|p2a: Ceruledge
|-damage|p2a: Ceruledge|48/100 tox
|
|-damage|p2a: Ceruledge|36/100 tox|[from] psn
|-heal|p1a: Gliscor|100/100 tox|[from] ability: Poison Heal
|upkeep
|turn|22
|
|t:|1758927323
|move|p1a: Gliscor|Protect|p1a: Gliscor
|-singleturn|p1a: Gliscor|Protect
|move|p2a: Ceruledge|Bitter Blade|p1a: Gliscor
|-activate|p1a: Gliscor|move: Protect
|
|-damage|p2a: Ceruledge|17/100 tox|[from] psn
|upkeep
|turn|23
|
|t:|1758927342
|switch|p1a: Raging Bolt|Raging Bolt|63/100
|move|p2a: Ceruledge|Bitter Blade|p1a: Raging Bolt
|-resisted|p1a: Raging Bolt
|-damage|p1a: Raging Bolt|17/100
|-heal|p2a: Ceruledge|43/100 tox|[from] drain|[of] p1a: Raging Bolt
|
|-damage|p2a: Ceruledge|18/100 tox|[from] psn
|upkeep
|turn|24
|
|t:|1758927347
|move|p1a: Raging Bolt|Thunderclap|p2a: Ceruledge
|-damage|p2a: Ceruledge|0 fnt
|faint|p2a: Ceruledge
|
|upkeep
|
|t:|1758927348
|switch|p2a: Scizor|Scizor, M|100/100
|-damage|p2a: Scizor|88/100|[from] Stealth Rock
|turn|25
|
|t:|1758927352
|move|p1a: Raging Bolt|Thunderclap|p2a: Scizor
|-damage|p2a: Scizor|33/100
|move|p2a: Scizor|Bullet Punch|p1a: Raging Bolt
|-resisted|p1a: Raging Bolt
|-damage|p1a: Raging Bolt|0 fnt
|faint|p1a: Raging Bolt
|-end|p1a: Raging Bolt|Protosynthesis|[silent]
|
|upkeep
|-message|AnOriginalName3 forfeited.
|
|win|SCiZ0rking
|raw|SCiZ0rking's rating: 1521 &rarr; <strong>1544</strong><br />(+23 for winning)
|raw|AnOriginalName3's rating: 1565 &rarr; <strong>1542</strong><br />(-23 for losing)
|l|☆AnOriginalName3
|player|p2|
|l| Just Icicle
