|j|☆Steel钢系天王de某吾
|j|☆hatogorudo
|t:|1759032464
|gametype|singles
|player|p1|Steel钢系天王de某吾|steven|1319
|player|p2|hatogorudo|169|1310
|gen|9
|tier|[Gen 9] OU
|rated|
|rule|HP Percentage Mod: HP is shown in percentages
|rule|Endless Battle Clause: Forcing endless battles is banned
|rule|Species Clause: Limit one of each Pokémon
|rule|OHKO Clause: OHKO moves are banned
|rule|Evasion Items Clause: Evasion items are banned
|rule|Evasion Moves Clause: Evasion moves are banned
|rule|Evasion Abilities Clause: Evasion abilities are banned
|rule|Sleep Moves Clause: Sleep-inducing moves are banned
|clearpoke
|poke|p1|Moltres|
|poke|p1|Scizor, F|
|poke|p1|Keldeo-Resolute|
|poke|p1|Weezing-Galar, M|
|poke|p1|Staraptor, M|
|poke|p1|Goodra-Hisui, M|
|poke|p2|Samurott-Hisui, F|
|poke|p2|Lokix, F|
|poke|p2|Ogerpon, F|
|poke|p2|Slowking-Galar, F|
|poke|p2|Iron Treads|
|poke|p2|Moltres|
|teampreview
|inactive|Battle timer is ON: inactive players will automatically lose when time's up. (requested by Steel钢系天王de某吾)
|
|t:|1759032494
|teamsize|p1|6
|teamsize|p2|6
|start
|switch|p1a: Scizor|Scizor, F|100/100
|switch|p2a: Samurott|Samurott-Hisui, F|100/100
|turn|1
|
|t:|1759032499
|switch|p2a: Moltres|Moltres|100/100
|move|p1a: Scizor|U-turn|p2a: Moltres
|-resisted|p2a: Moltres
|-damage|p2a: Moltres|87/100
|-status|p1a: Scizor|brn|[from] ability: Flame Body|[of] p2a: Moltres
|
|t:|1759032506
|switch|p1a: Keldeo|Keldeo-Resolute|100/100|[from] U-turn
|
|upkeep
|turn|2
|
|t:|1759032510
|switch|p2a: Slowking|Slowking-Galar, F|100/100
|move|p1a: Keldeo|Substitute|p1a: Keldeo
|-start|p1a: Keldeo|Substitute
|-damage|p1a: Keldeo|76/100
|
|-heal|p1a: Keldeo|82/100|[from] item: Leftovers
|upkeep
|turn|3
|
|t:|1759032518
|move|p1a: Keldeo|Surf|p2a: Slowking
|-damage|p2a: Slowking|65/100
|move|p2a: Slowking|Psyshock|p1a: Keldeo
|-supereffective|p1a: Keldeo
|-end|p1a: Keldeo|Substitute
|
|-heal|p1a: Keldeo|88/100|[from] item: Leftovers
|-heal|p2a: Slowking|71/100|[from] item: Black Sludge
|upkeep
|turn|4
|
|t:|1759032527
|switch|p1a: Goodra|Goodra-Hisui, M|100/100
|move|p2a: Slowking|Psyshock|p1a: Goodra
|-resisted|p1a: Goodra
|-damage|p1a: Goodra|85/100
|
|-heal|p1a: Goodra|91/100|[from] item: Leftovers
|-heal|p2a: Slowking|78/100|[from] item: Black Sludge
|upkeep
|turn|5
|
|t:|1759032535
|move|p1a: Goodra|Acid Armor|p1a: Goodra
|-boost|p1a: Goodra|def|2
|move|p2a: Slowking|Trick|p1a: Goodra
|-activate|p2a: Slowking|move: Trick|[of] p1a: Goodra
|-item|p1a: Goodra|Black Sludge|[from] move: Trick
|-item|p2a: Slowking|Leftovers|[from] move: Trick
|
|-damage|p1a: Goodra|79/100|[from] item: Black Sludge
|-heal|p2a: Slowking|84/100|[from] item: Leftovers
|upkeep
|turn|6
|inactive|Steel钢系天王de某吾 has 120 seconds left.
|
|t:|1759032584
|switch|p1a: Scizor|Scizor, F|100/100 brn
|move|p2a: Slowking|Nasty Plot|p2a: Slowking
|-boost|p2a: Slowking|spa|2
|
|-heal|p2a: Slowking|90/100|[from] item: Leftovers
|-damage|p1a: Scizor|94/100 brn|[from] brn
|upkeep
|turn|7
|
|t:|1759032602
|move|p1a: Scizor|Dual Wingbeat|p2a: Slowking
|-damage|p2a: Slowking|78/100
|-damage|p2a: Slowking|65/100
|-hitcount|p2a: Slowking|2
|move|p2a: Slowking|Psyshock|p1a: Scizor
|-resisted|p1a: Scizor
|-damage|p1a: Scizor|66/100 brn
|
|-heal|p2a: Slowking|71/100|[from] item: Leftovers
|-damage|p1a: Scizor|60/100 brn|[from] brn
|upkeep
|turn|8
|
|t:|1759032613
|move|p1a: Scizor|Dual Wingbeat|p2a: Slowking
|-damage|p2a: Slowking|59/100
|-damage|p2a: Slowking|45/100
|-hitcount|p2a: Slowking|2
|move|p2a: Slowking|Nasty Plot|p2a: Slowking
|-boost|p2a: Slowking|spa|2
|
|-heal|p2a: Slowking|51/100|[from] item: Leftovers
|-damage|p1a: Scizor|54/100 brn|[from] brn
|upkeep
|turn|9
|
|t:|1759032618
|move|p1a: Scizor|Dual Wingbeat|p2a: Slowking
|-damage|p2a: Slowking|38/100
|-damage|p2a: Slowking|25/100
|-hitcount|p2a: Slowking|2
|move|p2a: Slowking|Psyshock|p1a: Scizor
|-resisted|p1a: Scizor
|-damage|p1a: Scizor|10/100 brn
|
|-heal|p2a: Slowking|32/100|[from] item: Leftovers
|-damage|p1a: Scizor|4/100 brn|[from] brn
|upkeep
|turn|10
|
|t:|1759032625
|switch|p2a: Moltres|Moltres|87/100
|move|p1a: Scizor|Dual Wingbeat|p2a: Moltres
|-damage|p2a: Moltres|70/100
|-damage|p2a: Moltres|53/100
|-hitcount|p2a: Moltres|2
|
|-damage|p1a: Scizor|0 fnt|[from] brn
|faint|p1a: Scizor
|upkeep
|
|t:|1759032652
|switch|p1a: Staraptor|Staraptor, M|100/100
|turn|11
|
|t:|1759032663
|move|p1a: Staraptor|Brave Bird|p2a: Moltres
|-damage|p2a: Moltres|0 fnt
|faint|p2a: Moltres
|-damage|p1a: Staraptor|80/100|[from] Recoil
|
|upkeep
|
|t:|1759032672
|switch|p2a: Iron Treads|Iron Treads|100/100
|turn|12
|
|t:|1759032677
|switch|p1a: Moltres|Moltres|100/100
|move|p2a: Iron Treads|Stealth Rock|p1a: Moltres
|-sidestart|p1: Steel钢系天王de某吾|move: Stealth Rock
|
|upkeep
|turn|13
|
|t:|1759032684
|-end|p2a: Iron Treads|Quark Drive|[silent]
|switch|p2a: Slowking|Slowking-Galar, F|65/100
|switch|p1a: Staraptor|Staraptor, M|80/100
|-damage|p1a: Staraptor|55/100|[from] Stealth Rock
|
|-heal|p2a: Slowking|71/100|[from] item: Leftovers
|upkeep
|turn|14
|
|t:|1759032696
|-terastallize|p1a: Staraptor|Normal
|move|p1a: Staraptor|Double-Edge|p2a: Slowking
|-damage|p2a: Slowking|0 fnt
|faint|p2a: Slowking
|-damage|p1a: Staraptor|26/100|[from] Recoil
|
|upkeep
|
|t:|1759032700
|switch|p2a: Lokix|Lokix, F|100/100
|turn|15
|
|t:|1759032706
|switch|p1a: Moltres|Moltres|100/100
|move|p2a: Lokix|First Impression|p1a: Moltres
|-resisted|p1a: Moltres
|-damage|p1a: Moltres|72/100
|
|upkeep
|turn|16
|
|t:|1759032717
|switch|p2a: Samurott|Samurott-Hisui, F|100/100
|move|p1a: Moltres|Hurricane|p2a: Samurott
|-damage|p2a: Samurott|38/100
|-start|p2a: Samurott|confusion
|
|upkeep
|turn|17
|
|t:|1759032727
|switch|p1a: Weezing|Weezing-Galar, M|100/100
|-ability|p1a: Weezing|Neutralizing Gas
|-damage|p1a: Weezing|88/100|[from] Stealth Rock
|-activate|p2a: Samurott|confusion
|move|p2a: Samurott|Aqua Cutter|p1a: Weezing
|-damage|p1a: Weezing|63/100
|
|-heal|p1a: Weezing|69/100|[from] item: Leftovers
|upkeep
|turn|18
|
|t:|1759032740
|switch|p2a: Iron Treads|Iron Treads|100/100
|move|p1a: Weezing|Play Rough|p2a: Iron Treads
|-resisted|p2a: Iron Treads
|-damage|p2a: Iron Treads|90/100
|-unboost|p2a: Iron Treads|atk|1
|
|-heal|p2a: Iron Treads|96/100|[from] item: Leftovers
|-heal|p1a: Weezing|75/100|[from] item: Leftovers
|upkeep
|turn|19
|
|t:|1759032756
|-end|p2a: Iron Treads|Quark Drive|[silent]
|switch|p2a: Samurott|Samurott-Hisui, F|38/100
|-end|p1a: Weezing|ability: Neutralizing Gas
|switch|p1a: Keldeo|Keldeo-Resolute|88/100
|-damage|p1a: Keldeo|82/100|[from] Stealth Rock
|
|-heal|p1a: Keldeo|88/100|[from] item: Leftovers
|upkeep
|turn|20
|
|t:|1759032766
|move|p1a: Keldeo|Secret Sword|p2a: Samurott
|-supereffective|p2a: Samurott
|-damage|p2a: Samurott|0 fnt
|faint|p2a: Samurott
|
|-heal|p1a: Keldeo|94/100|[from] item: Leftovers
|upkeep
|
|t:|1759032770
|switch|p2a: Lokix|Lokix, F|100/100
|turn|21
|
|t:|1759032779
|move|p1a: Keldeo|Surf|p2a: Lokix
|-crit|p2a: Lokix
|-damage|p2a: Lokix|0 fnt
|faint|p2a: Lokix
|
|-heal|p1a: Keldeo|100/100|[from] item: Leftovers
|upkeep
|-message|hatogorudo forfeited.
|
|win|Steel钢系天王de某吾
|raw|Steel钢系天王de某吾's rating: 1319 &rarr; <strong>1338</strong><br />(+19 for winning)
|raw|hatogorudo's rating: 1310 &rarr; <strong>1291</strong><br />(-19 for losing)
|l|☆hatogorudo
|player|p2|
|l|☆Steel钢系天王de某吾
|player|p1|
