|j|☆RakinSestrrrr
|j|☆Shulkou
|t:|1759070830
|gametype|singles
|player|p1|RakinSestrrrr|265|1245
|player|p2|Shulkou|volkner|1190
|gen|9
|tier|[Gen 9] OU
|rated|
|rule|HP Percentage Mod: HP is shown in percentages
|rule|Endless Battle Clause: Forcing endless battles is banned
|rule|Species Clause: Limit one of each Pokémon
|rule|OHKO Clause: OHKO moves are banned
|rule|Evasion Items Clause: Evasion items are banned
|rule|Evasion Moves Clause: Evasion moves are banned
|rule|Evasion Abilities Clause: Evasion abilities are banned
|rule|Sleep Moves Clause: Sleep-inducing moves are banned
|clearpoke
|poke|p1|Garganacl, F|
|poke|p1|Scizor, F|
|poke|p1|Hoopa-Unbound|
|poke|p1|Kyurem|
|poke|p1|Rillaboom, M|
|poke|p1|Hawlucha, F|
|poke|p2|Great Tusk|
|poke|p2|Corviknight, M|
|poke|p2|Ninetales-Alola, F|
|poke|p2|Toxtricity-Low-Key, F|
|poke|p2|Meowscarada, F|
|poke|p2|Arcanine-Hisui, M|
|teampreview
|
|t:|1759070841
|teamsize|p1|6
|teamsize|p2|6
|start
|switch|p1a: Scizor|Scizor, F|100/100
|switch|p2a: Makyo|Meowscarada, F|100/100
|turn|1
|
|t:|1759070859
|move|p2a: Makyo|U-turn|p1a: Scizor
|-start|p2a: Makyo|typechange|Bug|[from] ability: Protean
|-resisted|p1a: Scizor
|-damage|p1a: Scizor|81/100
|
|t:|1759070865
|switch|p2a: Shikiko|Arcanine-Hisui, M, shiny|100/100|[from] U-turn
|move|p1a: Scizor|Dual Wingbeat|p2a: Shikiko
|-resisted|p2a: Shikiko
|-damage|p2a: Shikiko|80/100
|-resisted|p2a: Shikiko
|-damage|p2a: Shikiko|59/100
|-hitcount|p2a: Shikiko|2
|
|upkeep
|turn|2
|
|t:|1759070871
|switch|p1a: Garganacl|Garganacl, F, shiny|100/100
|move|p2a: Shikiko|Substitute|p2a: Shikiko
|-start|p2a: Shikiko|Substitute
|-damage|p2a: Shikiko|35/100
|
|upkeep
|turn|3
|inactive|Battle timer is ON: inactive players will automatically lose when time's up. (requested by Shulkou)
|
|t:|1759070892
|move|p2a: Shikiko|Head Smash|p1a: Garganacl
|-damage|p1a: Garganacl|62/100
|move|p1a: Garganacl|Salt Cure|p2a: Shikiko
|-supereffective|p2a: Shikiko
|-end|p2a: Shikiko|Substitute
|
|-heal|p1a: Garganacl|68/100|[from] item: Leftovers
|upkeep
|turn|4
|
|t:|1759070903
|switch|p2a: Makyo|Meowscarada, F|100/100
|move|p1a: Garganacl|Protect||[still]
|-fail|p1a: Garganacl
|
|-heal|p1a: Garganacl|74/100|[from] item: Leftovers
|upkeep
|turn|5
|
|t:|1759070915
|switch|p1a: Rillaboom|Rillaboom, M|100/100
|-fieldstart|move: Grassy Terrain|[from] ability: Grassy Surge|[of] p1a: Rillaboom
|move|p2a: Makyo|Flower Trick|p1a: Rillaboom
|-start|p2a: Makyo|typechange|Grass|[from] ability: Protean
|-resisted|p1a: Rillaboom
|-crit|p1a: Rillaboom
|-damage|p1a: Rillaboom|72/100
|
|-heal|p1a: Rillaboom|79/100|[from] Grassy Terrain
|upkeep
|turn|6
|
|t:|1759070926
|move|p2a: Makyo|U-turn|p1a: Rillaboom
|-supereffective|p1a: Rillaboom
|-damage|p1a: Rillaboom|35/100
|
|t:|1759070931
|switch|p2a: Kyumei|Ninetales-Alola, F, shiny|100/100|[from] U-turn
|-weather|Snowscape|[from] ability: Snow Warning|[of] p2a: Kyumei
|move|p1a: Rillaboom|U-turn|p2a: Kyumei
|-resisted|p2a: Kyumei
|-damage|p2a: Kyumei|89/100
|
|t:|1759070939
|switch|p1a: Scizor|Scizor, F|81/100|[from] U-turn
|
|-weather|Snowscape|[upkeep]
|-heal|p2a: Kyumei|95/100|[from] Grassy Terrain
|-heal|p1a: Scizor|88/100|[from] Grassy Terrain
|upkeep
|turn|7
|
|t:|1759070944
|switch|p2a: Dark Bird|Corviknight, M, shiny|100/100
|move|p1a: Scizor|Bullet Punch|p2a: Dark Bird
|-resisted|p2a: Dark Bird
|-damage|p2a: Dark Bird|79/100
|-damage|p1a: Scizor|71/100|[from] item: Rocky Helmet|[of] p2a: Dark Bird
|
|-weather|Snowscape|[upkeep]
|-heal|p1a: Scizor|77/100|[from] Grassy Terrain
|upkeep
|turn|8
|
|t:|1759070951
|switch|p1a: Garganacl|Garganacl, F, shiny|74/100
|move|p2a: Dark Bird|Tailwind|p2a: Dark Bird
|-sidestart|p2: Shulkou|move: Tailwind
|
|-weather|Snowscape|[upkeep]
|-heal|p1a: Garganacl|80/100|[from] Grassy Terrain
|-heal|p1a: Garganacl|86/100|[from] item: Leftovers
|upkeep
|turn|9
|
|t:|1759070962
|move|p2a: Dark Bird|Iron Head|p1a: Garganacl
|-supereffective|p1a: Garganacl
|-damage|p1a: Garganacl|59/100
|cant|p1a: Garganacl|flinch
|
|-weather|Snowscape|[upkeep]
|-heal|p1a: Garganacl|65/100|[from] Grassy Terrain
|-heal|p1a: Garganacl|72/100|[from] item: Leftovers
|upkeep
|turn|10
|
|t:|1759070967
|move|p2a: Dark Bird|Iron Head|p1a: Garganacl
|-supereffective|p1a: Garganacl
|-damage|p1a: Garganacl|43/100
|move|p1a: Garganacl|Salt Cure|p2a: Dark Bird
|-crit|p2a: Dark Bird
|-damage|p2a: Dark Bird|63/100
|-start|p2a: Dark Bird|Salt Cure
|
|-weather|none
|-heal|p1a: Garganacl|50/100|[from] Grassy Terrain
|-heal|p1a: Garganacl|56/100|[from] item: Leftovers
|-damage|p2a: Dark Bird|38/100|[from] Salt Cure
|upkeep
|turn|11
|
|t:|1759070989
|switch|p2a: Makyo|Meowscarada, F|100/100
|move|p1a: Garganacl|Recover|p1a: Garganacl
|-heal|p1a: Garganacl|100/100
|
|-sideend|p2: Shulkou|move: Tailwind
|upkeep
|turn|12
|
|t:|1759071016
|move|p2a: Makyo|Flower Trick|p1a: Garganacl
|-start|p2a: Makyo|typechange|Grass|[from] ability: Protean
|-supereffective|p1a: Garganacl
|-crit|p1a: Garganacl
|-damage|p1a: Garganacl|33/100
|move|p1a: Garganacl|Salt Cure|p2a: Makyo
|-damage|p2a: Makyo|79/100
|-start|p2a: Makyo|Salt Cure
|
|-heal|p2a: Makyo|85/100|[from] Grassy Terrain
|-heal|p1a: Garganacl|39/100|[from] Grassy Terrain
|-heal|p1a: Garganacl|46/100|[from] item: Leftovers
|-damage|p2a: Makyo|73/100|[from] Salt Cure
|-fieldend|move: Grassy Terrain
|upkeep
|turn|13
|
|t:|1759071033
|switch|p2a: Spin Ike|Great Tusk|100/100
|-enditem|p2a: Spin Ike|Booster Energy
|-activate|p2a: Spin Ike|ability: Protosynthesis|[fromitem]
|-start|p2a: Spin Ike|protosynthesisatk
|move|p1a: Garganacl|Recover|p1a: Garganacl
|-heal|p1a: Garganacl|96/100
|
|-heal|p1a: Garganacl|100/100|[from] item: Leftovers
|upkeep
|turn|14
|
|t:|1759071041
|switch|p1a: Rillaboom|Rillaboom, M|35/100
|-fieldstart|move: Grassy Terrain|[from] ability: Grassy Surge|[of] p1a: Rillaboom
|move|p2a: Spin Ike|Stealth Rock|p1a: Rillaboom
|-sidestart|p1: RakinSestrrrr|move: Stealth Rock
|
|-heal|p1a: Rillaboom|41/100|[from] Grassy Terrain
|upkeep
|turn|15
|
|t:|1759071051
|move|p1a: Rillaboom|Low Kick|p2a: Spin Ike
|-damage|p2a: Spin Ike|71/100
|move|p2a: Spin Ike|Ice Spinner|p1a: Rillaboom
|-supereffective|p1a: Rillaboom
|-damage|p1a: Rillaboom|0 fnt
|-fieldend|move: Grassy Terrain
|faint|p1a: Rillaboom
|
|upkeep
|
|t:|1759071064
|switch|p1a: Garganacl|Garganacl, F, shiny|100/100
|-damage|p1a: Garganacl|88/100|[from] Stealth Rock
|turn|16
|
|t:|1759071067
|-terastallize|p1a: Garganacl|Water
|move|p2a: Spin Ike|Headlong Rush|p1a: Garganacl
|-damage|p1a: Garganacl|50/100
|-unboost|p2a: Spin Ike|def|1
|-unboost|p2a: Spin Ike|spd|1
|move|p1a: Garganacl|Salt Cure|p2a: Spin Ike
|-resisted|p2a: Spin Ike
|-damage|p2a: Spin Ike|67/100
|-start|p2a: Spin Ike|Salt Cure
|
|-heal|p1a: Garganacl|56/100|[from] item: Leftovers
|-damage|p2a: Spin Ike|55/100|[from] Salt Cure
|upkeep
|turn|17
|
|t:|1759071075
|move|p2a: Spin Ike|Close Combat|p1a: Garganacl
|-damage|p1a: Garganacl|12/100
|-unboost|p2a: Spin Ike|def|1
|-unboost|p2a: Spin Ike|spd|1
|move|p1a: Garganacl|Recover|p1a: Garganacl
|-heal|p1a: Garganacl|62/100
|
|-heal|p1a: Garganacl|69/100|[from] item: Leftovers
|-damage|p2a: Spin Ike|42/100|[from] Salt Cure
|upkeep
|turn|18
|
|t:|1759071091
|-end|p2a: Spin Ike|Protosynthesis|[silent]
|switch|p2a: Dark Bird|Corviknight, M, shiny|38/100
|move|p1a: Garganacl|Recover|p1a: Garganacl
|-heal|p1a: Garganacl|100/100
|
|upkeep
|turn|19
|
|t:|1759071096
|move|p2a: Dark Bird|Roost|p2a: Dark Bird
|-heal|p2a: Dark Bird|88/100
|-singleturn|p2a: Dark Bird|move: Roost
|move|p1a: Garganacl|Salt Cure|p2a: Dark Bird
|-resisted|p2a: Dark Bird
|-damage|p2a: Dark Bird|83/100
|-start|p2a: Dark Bird|Salt Cure
|
|-damage|p2a: Dark Bird|58/100|[from] Salt Cure
|upkeep
|turn|20
|
|t:|1759071105
|switch|p2a: Raisena|Toxtricity-Low-Key, F|100/100
|move|p1a: Garganacl|Stealth Rock|p2a: Raisena
|-sidestart|p2: Shulkou|move: Stealth Rock
|
|upkeep
|turn|21
|
|t:|1759071114
|switch|p1a: Hoopa|Hoopa-Unbound|100/100
|-damage|p1a: Hoopa|88/100|[from] Stealth Rock
|move|p2a: Raisena|Nuzzle|p1a: Hoopa
|-damage|p1a: Hoopa|77/100
|-status|p1a: Hoopa|par
|
|upkeep
|turn|22
|
|t:|1759071126
|switch|p2a: Dark Bird|Corviknight, M, shiny|58/100
|-damage|p2a: Dark Bird|45/100|[from] Stealth Rock
|move|p1a: Hoopa|Psychic|p2a: Dark Bird
|-resisted|p2a: Dark Bird
|-damage|p2a: Dark Bird|21/100
|
|upkeep
|turn|23
|
|t:|1759071133
|move|p2a: Dark Bird|Roost|p2a: Dark Bird
|-heal|p2a: Dark Bird|71/100
|-singleturn|p2a: Dark Bird|move: Roost
|cant|p1a: Hoopa|par
|
|upkeep
|turn|24
|
|t:|1759071139
|move|p2a: Dark Bird|Defog|p1a: Hoopa
|-unboost|p1a: Hoopa|evasion|1
|-sideend|p1: RakinSestrrrr|Stealth Rock|[from] move: Defog|[of] p2a: Dark Bird
|-sideend|p2: Shulkou|Stealth Rock|[from] move: Defog|[of] p2a: Dark Bird
|cant|p1a: Hoopa|par
|
|upkeep
|turn|25
|
|t:|1759071146
|move|p2a: Dark Bird|Tailwind|p2a: Dark Bird
|-sidestart|p2: Shulkou|move: Tailwind
|move|p1a: Hoopa|Thunderbolt|p2a: Dark Bird
|-supereffective|p2a: Dark Bird
|-damage|p2a: Dark Bird|6/100
|
|upkeep
|turn|26
|
|t:|1759071151
|switch|p2a: Makyo|Meowscarada, F|73/100
|cant|p1a: Hoopa|par
|
|upkeep
|turn|27
|
|t:|1759071159
|move|p2a: Makyo|U-turn|p1a: Hoopa
|-start|p2a: Makyo|typechange|Bug|[from] ability: Protean
|-supereffective|p1a: Hoopa
|-damage|p1a: Hoopa|0 fnt
|faint|p1a: Hoopa
|
|t:|1759071179
|switch|p2a: Raisena|Toxtricity-Low-Key, F|100/100|[from] U-turn
|
|upkeep
|
|t:|1759071193
|switch|p1a: Kyurem|Kyurem|100/100
|-ability|p1a: Kyurem|Pressure
|turn|28
|
|t:|1759071195
|move|p2a: Raisena|Nuzzle|p1a: Kyurem
|-resisted|p1a: Kyurem
|-damage|p1a: Kyurem|98/100
|-status|p1a: Kyurem|par
|move|p1a: Kyurem|Earth Power|p2a: Raisena
|-supereffective|p2a: Raisena
|-damage|p2a: Raisena|0 fnt
|faint|p2a: Raisena
|
|-sideend|p2: Shulkou|move: Tailwind
|upkeep
|
|t:|1759071209
|switch|p2a: Kyumei|Ninetales-Alola, F, shiny|95/100
|-weather|Snowscape|[from] ability: Snow Warning|[of] p2a: Kyumei
|turn|29
|
|t:|1759071217
|switch|p1a: Scizor|Scizor, F|77/100
|move|p2a: Kyumei|Aurora Veil|p2a: Kyumei
|-sidestart|p2: Shulkou|move: Aurora Veil
|
|-weather|Snowscape|[upkeep]
|upkeep
|turn|30
|
|t:|1759071223
|switch|p2a: Dark Bird|Corviknight, M, shiny|6/100
|move|p1a: Scizor|Bullet Punch|p2a: Dark Bird
|-resisted|p2a: Dark Bird
|-damage|p2a: Dark Bird|0 fnt
|-damage|p1a: Scizor|61/100|[from] item: Rocky Helmet|[of] p2a: Dark Bird
|faint|p2a: Dark Bird
|
|-weather|Snowscape|[upkeep]
|upkeep
|inactive|Shulkou has 120 seconds left.
|
|t:|1759071259
|switch|p2a: Shikiko|Arcanine-Hisui, M, shiny|35/100
|turn|31
|
|t:|1759071263
|move|p1a: Scizor|Bullet Punch|p2a: Shikiko
|-damage|p2a: Shikiko|4/100
|move|p2a: Shikiko|Flare Blitz|p1a: Scizor
|-supereffective|p1a: Scizor
|-damage|p1a: Scizor|0 fnt
|faint|p1a: Scizor
|
|-weather|Snowscape|[upkeep]
|upkeep
|
|t:|1759071267
|switch|p1a: Hawlucha|Hawlucha, F|100/100
|turn|32
|
|t:|1759071274
|move|p2a: Shikiko|Head Smash|p1a: Hawlucha
|-damage|p1a: Hawlucha|28/100
|move|p1a: Hawlucha|Acrobatics|p2a: Shikiko
|-resisted|p2a: Shikiko
|-damage|p2a: Shikiko|0 fnt
|faint|p2a: Shikiko
|
|-weather|Snowscape|[upkeep]
|upkeep
|
|t:|1759071293
|switch|p2a: Kyumei|Ninetales-Alola, F, shiny|95/100
|turn|33
|
|t:|1759071304
|move|p1a: Hawlucha|Fire Punch|p2a: Kyumei
|-supereffective|p2a: Kyumei
|-damage|p2a: Kyumei|77/100
|move|p2a: Kyumei|Blizzard|p1a: Hawlucha
|-supereffective|p1a: Hawlucha
|-damage|p1a: Hawlucha|0 fnt
|faint|p1a: Hawlucha
|
|-weather|none
|upkeep
|
|t:|1759071312
|switch|p1a: Garganacl|Garganacl, F, shiny, tera:Water|100/100
|turn|34
|
|t:|1759071337
|move|p2a: Kyumei|Moonblast|p1a: Garganacl
|-damage|p1a: Garganacl|63/100
|-unboost|p1a: Garganacl|spa|1
|move|p1a: Garganacl|Salt Cure|p2a: Kyumei
|-supereffective|p2a: Kyumei
|-damage|p2a: Kyumei|60/100
|-start|p2a: Kyumei|Salt Cure
|
|-heal|p1a: Garganacl|69/100|[from] item: Leftovers
|-damage|p2a: Kyumei|48/100|[from] Salt Cure
|upkeep
|turn|35
|
|t:|1759071365
|switch|p2a: Makyo|Meowscarada, F|73/100
|move|p1a: Garganacl|Protect||[still]
|-fail|p1a: Garganacl
|
|-heal|p1a: Garganacl|75/100|[from] item: Leftovers
|upkeep
|turn|36
|
|t:|1759071369
|move|p2a: Makyo|Flower Trick|p1a: Garganacl
|-start|p2a: Makyo|typechange|Grass|[from] ability: Protean
|-supereffective|p1a: Garganacl
|-crit|p1a: Garganacl
|-damage|p1a: Garganacl|26/100
|move|p1a: Garganacl|Salt Cure|p2a: Makyo
|-damage|p2a: Makyo|63/100
|-start|p2a: Makyo|Salt Cure
|
|-heal|p1a: Garganacl|32/100|[from] item: Leftovers
|-damage|p2a: Makyo|51/100|[from] Salt Cure
|-sideend|p2: Shulkou|move: Aurora Veil
|upkeep
|turn|37
|
|t:|1759071383
|move|p1a: Garganacl|Protect|p1a: Garganacl
|-singleturn|p1a: Garganacl|Protect
|move|p2a: Makyo|Flower Trick|p1a: Garganacl
|-activate|p1a: Garganacl|move: Protect
|
|-heal|p1a: Garganacl|38/100|[from] item: Leftovers
|-damage|p2a: Makyo|38/100|[from] Salt Cure
|upkeep
|turn|38
|
|t:|1759071394
|move|p2a: Makyo|Flower Trick|p1a: Garganacl
|-supereffective|p1a: Garganacl
|-crit|p1a: Garganacl
|-damage|p1a: Garganacl|0 fnt
|faint|p1a: Garganacl
|
|-damage|p2a: Makyo|26/100|[from] Salt Cure
|upkeep
|
|t:|1759071396
|switch|p1a: Kyurem|Kyurem|98/100 par
|-ability|p1a: Kyurem|Pressure
|turn|39
|
|t:|1759071404
|move|p2a: Makyo|U-turn|p1a: Kyurem
|-damage|p1a: Kyurem|76/100 par
|
|t:|1759071407
|switch|p2a: Spin Ike|Great Tusk|42/100|[from] U-turn
|cant|p1a: Kyurem|par
|
|upkeep
|turn|40
|
|t:|1759071414
|move|p2a: Spin Ike|Close Combat|p1a: Kyurem
|-supereffective|p1a: Kyurem
|-damage|p1a: Kyurem|0 fnt
|-unboost|p2a: Spin Ike|def|1
|-unboost|p2a: Spin Ike|spd|1
|faint|p1a: Kyurem
|
|win|Shulkou
|raw|RakinSestrrrr's rating: 1245 &rarr; <strong>1216</strong><br />(-29 for losing)
|raw|Shulkou's rating: 1190 &rarr; <strong>1219</strong><br />(+29 for winning)
|l|☆Shulkou
|player|p2|
|l|☆RakinSestrrrr
|player|p1|
