|j|☆JBLspeakerfetty
|j|☆dragon de hilos
|t:|1758923055
|gametype|singles
|player|p1|JBLspeakerfetty|red|1418
|player|p2|dragon de hilos|riley|1360
|gen|9
|tier|[Gen 9] OU
|rated|
|rule|HP Percentage Mod: HP is shown in percentages
|rule|Endless Battle Clause: Forcing endless battles is banned
|rule|Species Clause: Limit one of each Pokémon
|rule|OHKO Clause: OHKO moves are banned
|rule|Evasion Items Clause: Evasion items are banned
|rule|Evasion Moves Clause: Evasion moves are banned
|rule|Evasion Abilities Clause: Evasion abilities are banned
|rule|Sleep Moves Clause: Sleep-inducing moves are banned
|clearpoke
|poke|p1|Quaquaval, F|
|poke|p1|Slowking-Galar, F|
|poke|p1|Kyurem|
|poke|p1|Gholdengo|
|poke|p1|Kleavor, F|
|poke|p1|Zapdos|
|poke|p2|Darkrai|
|poke|p2|Cinderace, F|
|poke|p2|Garganacl, F|
|poke|p2|Zapdos|
|poke|p2|Landorus-Therian, M|
|poke|p2|Chansey, F|
|teampreview
|
|t:|1758923072
|teamsize|p1|6
|teamsize|p2|6
|start
|switch|p1a: Kleavor|Kleavor, F|100/100
|switch|p2a: Garganacl|Garganacl, F|100/100
|turn|1
|inactive|Battle timer is ON: inactive players will automatically lose when time's up. (requested by dragon de hilos)
|
|t:|1758923085
|move|p1a: Kleavor|U-turn|p2a: Garganacl
|-damage|p2a: Garganacl|81/100
|-damage|p1a: Kleavor|84/100|[from] item: Rocky Helmet|[of] p2a: Garganacl
|
|t:|1758923091
|switch|p1a: Slowking|Slowking-Galar, F|100/100|[from] U-turn
|move|p2a: Garganacl|Salt Cure|p1a: Slowking
|-damage|p1a: Slowking|85/100
|-start|p1a: Slowking|Salt Cure
|
|-damage|p1a: Slowking|73/100|[from] Salt Cure
|upkeep
|turn|2
|
|t:|1758923097
|switch|p1a: Gholdengo|Gholdengo|100/100
|-item|p1a: Gholdengo|Air Balloon
|move|p2a: Garganacl|Stealth Rock|p1a: Gholdengo
|-sidestart|p1: JBLspeakerfetty|move: Stealth Rock
|
|upkeep
|turn|3
|
|t:|1758923104
|switch|p1a: Quaquaval|Quaquaval, F|100/100
|switch|p2a: Chansey|Chansey, F|100/100
|
|upkeep
|turn|4
|
|t:|1758923107
|move|p1a: Quaquaval|Rapid Spin|p2a: Chansey
|-damage|p2a: Chansey|92/100
|-boost|p1a: Quaquaval|spe|1
|-sideend|p1: JBLspeakerfetty|Stealth Rock|[from] move: Rapid Spin|[of] p1a: Quaquaval
|move|p2a: Chansey|Thunder Wave|p1a: Quaquaval
|-status|p1a: Quaquaval|par
|
|upkeep
|turn|5
|
|t:|1758923119
|switch|p1a: Kyurem|Kyurem|100/100
|-ability|p1a: Kyurem|Pressure
|switch|p2a: Zapdos|Zapdos|100/100
|
|upkeep
|turn|6
|
|t:|1758923133
|switch|p1a: Kleavor|Kleavor, F|84/100
|move|p2a: Zapdos|Discharge|p1a: Kleavor
|-damage|p1a: Kleavor|6/100
|
|upkeep
|turn|7
|
|t:|1758923142
|switch|p1a: Gholdengo|Gholdengo|100/100
|-item|p1a: Gholdengo|Air Balloon
|switch|p2a: Landorus|Landorus-Therian, M|100/100
|-ability|p2a: Landorus|Intimidate|boost
|-unboost|p1a: Gholdengo|atk|1
|
|upkeep
|turn|8
|
|t:|1758923145
|move|p2a: Landorus|U-turn|p1a: Gholdengo
|-resisted|p1a: Gholdengo
|-damage|p1a: Gholdengo|94/100
|-enditem|p1a: Gholdengo|Air Balloon
|
|t:|1758923149
|switch|p2a: Chansey|Chansey, F|92/100|[from] U-turn
|move|p1a: Gholdengo|Make It Rain|p2a: Chansey
|-damage|p2a: Chansey|71/100
|-unboost|p1a: Gholdengo|spa|1
|
|upkeep
|turn|9
|
|t:|1758923155
|move|p1a: Gholdengo|Nasty Plot|p1a: Gholdengo
|-boost|p1a: Gholdengo|spa|2
|move|p2a: Chansey|Thunder Wave|p1a: Gholdengo
|-immune|p1a: Gholdengo|[from] ability: Good as Gold
|
|upkeep
|turn|10
|
|t:|1758923159
|move|p1a: Gholdengo|Make It Rain|p2a: Chansey
|-damage|p2a: Chansey|40/100
|-unboost|p1a: Gholdengo|spa|1
|move|p2a: Chansey|Shadow Ball|p1a: Gholdengo
|-supereffective|p1a: Gholdengo
|-damage|p1a: Gholdengo|76/100
|
|upkeep
|turn|11
|
|t:|1758923162
|move|p1a: Gholdengo|Nasty Plot|p1a: Gholdengo
|-boost|p1a: Gholdengo|spa|2
|move|p2a: Chansey|Soft-Boiled|p2a: Chansey
|-heal|p2a: Chansey|90/100
|
|upkeep
|turn|12
|
|t:|1758923169
|move|p1a: Gholdengo|Make It Rain|p2a: Chansey
|-damage|p2a: Chansey|44/100
|-unboost|p1a: Gholdengo|spa|1
|move|p2a: Chansey|Shadow Ball|p1a: Gholdengo
|-supereffective|p1a: Gholdengo
|-damage|p1a: Gholdengo|59/100
|
|upkeep
|turn|13
|
|t:|1758923174
|switch|p1a: Kleavor|Kleavor, F|6/100
|move|p2a: Chansey|Soft-Boiled|p2a: Chansey
|-heal|p2a: Chansey|94/100
|
|upkeep
|turn|14
|
|t:|1758923177
|move|p1a: Kleavor|Close Combat|p2a: Chansey
|-supereffective|p2a: Chansey
|-damage|p2a: Chansey|37/100
|-unboost|p1a: Kleavor|def|1
|-unboost|p1a: Kleavor|spd|1
|move|p2a: Chansey|Seismic Toss|p1a: Kleavor
|-damage|p1a: Kleavor|0 fnt
|faint|p1a: Kleavor
|
|upkeep
|
|t:|1758923184
|switch|p1a: Kyurem|Kyurem|100/100
|-ability|p1a: Kyurem|Pressure
|turn|15
|
|t:|1758923187
|move|p1a: Kyurem|Draco Meteor|p2a: Chansey
|-damage|p2a: Chansey|1/100
|-unboost|p1a: Kyurem|spa|2
|move|p2a: Chansey|Thunder Wave|p1a: Kyurem
|-status|p1a: Kyurem|par
|
|upkeep
|turn|16
|
|t:|1758923191
|move|p1a: Kyurem|Draco Meteor|p2a: Chansey
|-damage|p2a: Chansey|0 fnt
|-unboost|p1a: Kyurem|spa|2
|faint|p2a: Chansey
|
|upkeep
|
|t:|1758923197
|switch|p2a: Cinderace|Cinderace, F|100/100
|turn|17
|
|t:|1758923201
|switch|p1a: Quaquaval|Quaquaval, F|100/100 par
|move|p2a: Cinderace|Pyro Ball|p1a: Quaquaval
|-resisted|p1a: Quaquaval
|-damage|p1a: Quaquaval|79/100 par
|
|upkeep
|turn|18
|
|t:|1758923205
|switch|p2a: Zapdos|Zapdos|100/100
|move|p1a: Quaquaval|Aqua Step|p2a: Zapdos
|-damage|p2a: Zapdos|66/100
|-boost|p1a: Quaquaval|spe|1
|
|upkeep
|turn|19
|
|t:|1758923210
|switch|p1a: Slowking|Slowking-Galar, F|100/100
|move|p2a: Zapdos|Discharge|p1a: Slowking
|-damage|p1a: Slowking|73/100
|-status|p1a: Slowking|par
|
|upkeep
|turn|20
|
|t:|1758923213
|move|p2a: Zapdos|Discharge|p1a: Slowking
|-damage|p1a: Slowking|47/100 par
|-prepare|p1a: Slowking|Chilly Reception|[premajor]
|move|p1a: Slowking|Chilly Reception|p1a: Slowking
|-weather|Snowscape
|
|t:|1758923216
|switch|p1a: Kyurem|Kyurem|100/100 par|[from] Chilly Reception
|-ability|p1a: Kyurem|Pressure
|
|-weather|Snowscape|[upkeep]
|upkeep
|turn|21
|
|t:|1758923225
|move|p2a: Zapdos|Discharge|p1a: Kyurem
|-resisted|p1a: Kyurem
|-damage|p1a: Kyurem|79/100 par
|move|p1a: Kyurem|Draco Meteor|p2a: Zapdos
|-damage|p2a: Zapdos|0 fnt
|-unboost|p1a: Kyurem|spa|2
|faint|p2a: Zapdos
|
|-weather|Snowscape|[upkeep]
|upkeep
|
|t:|1758923231
|switch|p2a: Garganacl|Garganacl, F|81/100
|turn|22
|
|t:|1758923242
|move|p1a: Kyurem|Draco Meteor|p2a: Garganacl
|-damage|p2a: Garganacl|32/100
|-unboost|p1a: Kyurem|spa|2
|move|p2a: Garganacl|Salt Cure|p1a: Kyurem
|-supereffective|p1a: Kyurem
|-damage|p1a: Kyurem|61/100 par
|-start|p1a: Kyurem|Salt Cure
|
|-weather|Snowscape|[upkeep]
|-damage|p1a: Kyurem|48/100 par|[from] Salt Cure
|upkeep
|turn|23
|
|t:|1758923248
|switch|p1a: Gholdengo|Gholdengo|59/100
|move|p2a: Garganacl|Recover|p2a: Garganacl
|-heal|p2a: Garganacl|82/100
|
|-weather|Snowscape|[upkeep]
|upkeep
|turn|24
|
|t:|1758923252
|switch|p2a: Landorus|Landorus-Therian, M|100/100
|-ability|p2a: Landorus|Intimidate|boost
|-unboost|p1a: Gholdengo|atk|1
|move|p1a: Gholdengo|Make It Rain|p2a: Landorus
|-damage|p2a: Landorus|11/100
|-unboost|p1a: Gholdengo|spa|1
|
|-weather|none
|-heal|p2a: Landorus|17/100|[from] item: Leftovers
|upkeep
|turn|25
|
|t:|1758923262
|switch|p1a: Kyurem|Kyurem|48/100 par
|-ability|p1a: Kyurem|Pressure
|move|p2a: Landorus|Earthquake|p1a: Kyurem
|-damage|p1a: Kyurem|0 fnt
|faint|p1a: Kyurem
|
|-heal|p2a: Landorus|23/100|[from] item: Leftovers
|upkeep
|
|t:|1758923266
|switch|p1a: Zapdos|Zapdos|100/100
|turn|26
|
|t:|1758923269
|move|p1a: Zapdos|Hurricane|p2a: Landorus
|-damage|p2a: Landorus|0 fnt
|faint|p2a: Landorus
|
|upkeep
|
|t:|1758923272
|switch|p2a: Garganacl|Garganacl, F|82/100
|turn|27
|
|t:|1758923276
|move|p1a: Zapdos|U-turn|p2a: Garganacl
|-damage|p2a: Garganacl|75/100
|-damage|p1a: Zapdos|84/100|[from] item: Rocky Helmet|[of] p2a: Garganacl
|
|t:|1758923281
|switch|p1a: Slowking|Slowking-Galar, F|80/100 par|[from] U-turn
|move|p2a: Garganacl|Salt Cure|p1a: Slowking
|-damage|p1a: Slowking|65/100 par
|-start|p1a: Slowking|Salt Cure
|
|-damage|p1a: Slowking|52/100 par|[from] Salt Cure
|upkeep
|turn|28
|
|t:|1758923285
|move|p2a: Garganacl|Stealth Rock|p1a: Slowking
|-sidestart|p1: JBLspeakerfetty|move: Stealth Rock
|cant|p1a: Slowking|par
|
|-damage|p1a: Slowking|40/100 par|[from] Salt Cure
|upkeep
|turn|29
|
|t:|1758923288
|move|p2a: Garganacl|Salt Cure|p1a: Slowking
|-damage|p1a: Slowking|25/100 par
|cant|p1a: Slowking|par
|
|-damage|p1a: Slowking|13/100 par|[from] Salt Cure
|upkeep
|turn|30
|
|t:|1758923295
|move|p2a: Garganacl|Salt Cure|p1a: Slowking
|-damage|p1a: Slowking|0 fnt
|faint|p1a: Slowking
|
|upkeep
|
|t:|1758923301
|switch|p1a: Quaquaval|Quaquaval, F|79/100 par
|turn|31
|
|t:|1758923305
|-terastallize|p2a: Garganacl|Ghost
|move|p2a: Garganacl|Salt Cure|p1a: Quaquaval
|-resisted|p1a: Quaquaval
|-damage|p1a: Quaquaval|73/100 par
|-start|p1a: Quaquaval|Salt Cure
|move|p1a: Quaquaval|Rapid Spin|p2a: Garganacl
|-immune|p2a: Garganacl
|
|-damage|p1a: Quaquaval|48/100 par|[from] Salt Cure
|upkeep
|turn|32
|
|t:|1758923310
|move|p2a: Garganacl|Recover|p2a: Garganacl
|-heal|p2a: Garganacl|100/100
|move|p1a: Quaquaval|Roost|p1a: Quaquaval
|-heal|p1a: Quaquaval|98/100 par
|-singleturn|p1a: Quaquaval|move: Roost
|
|-damage|p1a: Quaquaval|73/100 par|[from] Salt Cure
|upkeep
|turn|33
|
|t:|1758923315
|move|p2a: Garganacl|Salt Cure|p1a: Quaquaval
|-resisted|p1a: Quaquaval
|-damage|p1a: Quaquaval|68/100 par
|move|p1a: Quaquaval|Encore|p2a: Garganacl
|-start|p2a: Garganacl|Encore
|
|-damage|p1a: Quaquaval|43/100 par|[from] Salt Cure
|upkeep
|turn|34
|
|t:|1758923320
|move|p2a: Garganacl|Salt Cure|p1a: Quaquaval
|-resisted|p1a: Quaquaval
|-damage|p1a: Quaquaval|38/100 par
|cant|p1a: Quaquaval|par
|
|-damage|p1a: Quaquaval|13/100 par|[from] Salt Cure
|upkeep
|turn|35
|
|t:|1758923322
|move|p2a: Garganacl|Salt Cure|p1a: Quaquaval
|-resisted|p1a: Quaquaval
|-damage|p1a: Quaquaval|8/100 par
|move|p1a: Quaquaval|Roost|p1a: Quaquaval
|-heal|p1a: Quaquaval|58/100 par
|-singleturn|p1a: Quaquaval|move: Roost
|
|-damage|p1a: Quaquaval|33/100 par|[from] Salt Cure
|upkeep
|turn|36
|
|t:|1758923327
|move|p2a: Garganacl|Salt Cure|p1a: Quaquaval
|-resisted|p1a: Quaquaval
|-damage|p1a: Quaquaval|28/100 par
|move|p1a: Quaquaval|Roost|p1a: Quaquaval
|-heal|p1a: Quaquaval|78/100 par
|-singleturn|p1a: Quaquaval|move: Roost
|
|-damage|p1a: Quaquaval|53/100 par|[from] Salt Cure
|-end|p2a: Garganacl|Encore
|upkeep
|turn|37
|
|t:|1758923330
|move|p2a: Garganacl|Salt Cure|p1a: Quaquaval
|-resisted|p1a: Quaquaval
|-damage|p1a: Quaquaval|48/100 par
|cant|p1a: Quaquaval|par
|
|-damage|p1a: Quaquaval|23/100 par|[from] Salt Cure
|upkeep
|turn|38
|
|t:|1758923333
|move|p2a: Garganacl|Salt Cure|p1a: Quaquaval
|-resisted|p1a: Quaquaval
|-damage|p1a: Quaquaval|18/100 par
|move|p1a: Quaquaval|Roost|p1a: Quaquaval
|-heal|p1a: Quaquaval|68/100 par
|-singleturn|p1a: Quaquaval|move: Roost
|
|-damage|p1a: Quaquaval|43/100 par|[from] Salt Cure
|upkeep
|turn|39
|
|t:|1758923336
|switch|p2a: Darkrai|Darkrai|100/100
|move|p1a: Quaquaval|Roost|p1a: Quaquaval
|-heal|p1a: Quaquaval|93/100 par
|-singleturn|p1a: Quaquaval|move: Roost
|
|-damage|p1a: Quaquaval|68/100 par|[from] Salt Cure
|upkeep
|turn|40
|
|t:|1758923342
|move|p2a: Darkrai|Dark Pulse|p1a: Quaquaval
|-resisted|p1a: Quaquaval
|-damage|p1a: Quaquaval|33/100 par
|move|p1a: Quaquaval|Aqua Step|p2a: Darkrai
|-damage|p2a: Darkrai|59/100
|-boost|p1a: Quaquaval|spe|1
|
|-damage|p1a: Quaquaval|9/100 par|[from] Salt Cure
|upkeep
|turn|41
|
|t:|1758923346
|move|p2a: Darkrai|Dark Pulse|p1a: Quaquaval
|-resisted|p1a: Quaquaval
|-damage|p1a: Quaquaval|0 fnt
|faint|p1a: Quaquaval
|
|upkeep
|
|t:|1758923348
|switch|p1a: Gholdengo|Gholdengo|59/100
|-damage|p1a: Gholdengo|53/100|[from] Stealth Rock
|turn|42
|
|t:|1758923351
|-terastallize|p1a: Gholdengo|Fairy
|move|p2a: Darkrai|Dark Pulse|p1a: Gholdengo
|-resisted|p1a: Gholdengo
|-damage|p1a: Gholdengo|20/100
|cant|p1a: Gholdengo|flinch
|
|upkeep
|turn|43
|c|☆dragon de hilos|gg
|
|t:|1758923357
|move|p2a: Darkrai|Dark Pulse|p1a: Gholdengo
|-resisted|p1a: Gholdengo
|-damage|p1a: Gholdengo|0 fnt
|faint|p1a: Gholdengo
|
|upkeep
|
|t:|1758923359
|switch|p1a: Zapdos|Zapdos|84/100
|turn|44
|
|t:|1758923361
|move|p2a: Darkrai|Dark Pulse|p1a: Zapdos
|-damage|p1a: Zapdos|7/100
|move|p1a: Zapdos|Thunderbolt|p2a: Darkrai
|-damage|p2a: Darkrai|0 fnt
|faint|p2a: Darkrai
|
|upkeep
|
|t:|1758923364
|switch|p2a: Garganacl|Garganacl, F, tera:Ghost|100/100
|turn|45
|
|t:|1758923371
|move|p1a: Zapdos|Hurricane|p2a: Garganacl
|-damage|p2a: Garganacl|48/100
|move|p2a: Garganacl|Salt Cure|p1a: Zapdos
|-supereffective|p1a: Zapdos
|-damage|p1a: Zapdos|0 fnt
|faint|p1a: Zapdos
|
|win|dragon de hilos
|raw|JBLspeakerfetty's rating: 1418 &rarr; <strong>1395</strong><br />(-23 for losing)
|raw|dragon de hilos's rating: 1360 &rarr; <strong>1383</strong><br />(+23 for winning)
|l|☆dragon de hilos
|player|p2|
|l|☆JBLspeakerfetty
|player|p1|
