|j|☆jimy92
|j|‽Pyroath
|t:|1759047045
|gametype|singles
|player|p1|jimy92|101|1560
|player|p2|Pyroath|170|1596
|gen|9
|tier|[Gen 9] OU
|rated|
|rule|HP Percentage Mod: HP is shown in percentages
|rule|Endless Battle Clause: Forcing endless battles is banned
|rule|Species Clause: Limit one of each Pokémon
|rule|OHKO Clause: OHKO moves are banned
|rule|Evasion Items Clause: Evasion items are banned
|rule|Evasion Moves Clause: Evasion moves are banned
|rule|Evasion Abilities Clause: Evasion abilities are banned
|rule|Sleep Moves Clause: Sleep-inducing moves are banned
|clearpoke
|poke|p1|Pelipper, F|
|poke|p1|Hatterene, F|
|poke|p1|Iron Treads|
|poke|p1|Toxicroak, F|
|poke|p1|Barraskewda, F|
|poke|p1|Zapdos|
|poke|p2|Iron Moth|
|poke|p2|Hydrapple, F|
|poke|p2|Slowking-Galar, F|
|poke|p2|Lokix, F|
|poke|p2|Moltres|
|poke|p2|Great Tusk|
|teampreview
|inactive|Battle timer is ON: inactive players will automatically lose when time's up. (requested by jimy92)
|
|t:|1759047060
|teamsize|p1|6
|teamsize|p2|6
|start
|switch|p1a: Pelipper|Pelipper, F|100/100
|switch|p2a: Hydrapple|Hydrapple, F|100/100
|-weather|RainDance|[from] ability: Drizzle|[of] p1a: Pelipper
|turn|1
|
|t:|1759047066
|move|p2a: Hydrapple|Leaf Storm|p1a: Pelipper
|-damage|p1a: Pelipper|4/100
|-unboost|p2a: Hydrapple|spa|2
|move|p1a: Pelipper|Knock Off|p2a: Hydrapple
|-damage|p2a: Hydrapple|91/100
|-enditem|p2a: Hydrapple|Choice Specs|[from] move: Knock Off|[of] p1a: Pelipper
|
|-weather|RainDance|[upkeep]
|upkeep
|turn|2
|
|t:|1759047073
|switch|p1a: Hatterene|Hatterene, F|100/100
|move|p2a: Hydrapple|Leaf Storm|p1a: Hatterene
|-damage|p1a: Hatterene|66/100
|-unboost|p2a: Hydrapple|spa|2
|-enditem|p1a: Hatterene|Eject Button
|
|t:|1759047080
|switch|p1a: Zapdos|Zapdos|100/100
|
|-weather|RainDance|[upkeep]
|upkeep
|turn|3
|inactive|Pyroath has 120 seconds left.
|
|t:|1759047124
|switch|p2a: Slowking|Slowking-Galar, F|100/100
|-terastallize|p1a: Zapdos|Flying
|move|p1a: Zapdos|Hurricane|p2a: Slowking
|-damage|p2a: Slowking|40/100
|
|-weather|RainDance|[upkeep]
|upkeep
|turn|4
|inactive|jimy92 has 120 seconds left.
|
|t:|1759047159
|switch|p2a: Moltres|Moltres|100/100
|move|p1a: Zapdos|Hurricane|p2a: Moltres
|-damage|p2a: Moltres|0 fnt
|faint|p2a: Moltres
|
|-weather|RainDance|[upkeep]
|upkeep
|
|t:|1759047165
|switch|p2a: Slowking|Slowking-Galar, F|73/100
|turn|5
|inactive|jimy92 has 120 seconds left.
|
|t:|1759047182
|switch|p1a: Iron Treads|Iron Treads|100/100
|-prepare|p2a: Slowking|Chilly Reception|[premajor]
|move|p2a: Slowking|Chilly Reception|p2a: Slowking
|-weather|Snowscape
|
|t:|1759047195
|switch|p2a: Hydrapple|Hydrapple, F|100/100|[from] Chilly Reception
|
|-weather|Snowscape|[upkeep]
|upkeep
|turn|6
|
|t:|1759047203
|move|p1a: Iron Treads|Stealth Rock|p2a: Hydrapple
|-sidestart|p2: Pyroath|move: Stealth Rock
|move|p2a: Hydrapple|Leaf Storm|p1a: Iron Treads
|-damage|p1a: Iron Treads|39/100
|-unboost|p2a: Hydrapple|spa|2
|
|-weather|Snowscape|[upkeep]
|-heal|p1a: Iron Treads|45/100|[from] item: Leftovers
|upkeep
|turn|7
|inactive|Pyroath has 120 seconds left.
|
|t:|1759047219
|-end|p1a: Iron Treads|Quark Drive|[silent]
|switch|p1a: Hatterene|Hatterene, F|66/100
|switch|p2a: Great Tusk|Great Tusk|100/100
|
|-weather|Snowscape|[upkeep]
|upkeep
|turn|8
|
|t:|1759047232
|-end|p2a: Great Tusk|Protosynthesis|[silent]
|switch|p2a: Slowking|Slowking-Galar, F|100/100
|move|p1a: Hatterene|Healing Wish|p1a: Hatterene
|faint|p1a: Hatterene
|
|-weather|Snowscape|[upkeep]
|upkeep
|
|t:|1759047234
|switch|p1a: Pelipper|Pelipper, F|4/100
|-heal|p1a: Pelipper|100/100|[from] move: Healing Wish
|-weather|RainDance|[from] ability: Drizzle|[of] p1a: Pelipper
|turn|9
|inactive|Pyroath has 120 seconds left.
|inactive|Pyroath has 90 seconds left.
|
|t:|1759047289
|move|p1a: Pelipper|Knock Off|p2a: Slowking
|-supereffective|p2a: Slowking
|-damage|p2a: Slowking|76/100
|-enditem|p2a: Slowking|Heavy-Duty Boots|[from] move: Knock Off|[of] p1a: Pelipper
|-prepare|p2a: Slowking|Chilly Reception|[premajor]
|move|p2a: Slowking|Chilly Reception|p2a: Slowking
|-weather|Snowscape
|
|t:|1759047302
|switch|p2a: Hydrapple|Hydrapple, F|100/100|[from] Chilly Reception
|-damage|p2a: Hydrapple|88/100|[from] Stealth Rock
|
|-weather|Snowscape|[upkeep]
|upkeep
|turn|10
|
|t:|1759047308
|move|p2a: Hydrapple|Fickle Beam|p1a: Pelipper|[anim] Fickle Beam All Out
|-activate|p2a: Hydrapple|move: Fickle Beam
|-damage|p1a: Pelipper|14/100
|move|p1a: Pelipper|U-turn|p2a: Hydrapple
|-supereffective|p2a: Hydrapple
|-damage|p2a: Hydrapple|73/100
|c|☆jimy92|Ifc
|
|t:|1759047332
|switch|p1a: Zapdos|Zapdos, tera:Flying|100/100|[from] U-turn
|
|-weather|Snowscape|[upkeep]
|upkeep
|turn|11
|inactive|Pyroath has 90 seconds left.
|
|t:|1759047344
|switch|p2a: Iron Moth|Iron Moth|100/100
|-damage|p2a: Iron Moth|76/100|[from] Stealth Rock
|-enditem|p2a: Iron Moth|Booster Energy
|-activate|p2a: Iron Moth|ability: Quark Drive|[fromitem]
|-start|p2a: Iron Moth|quarkdrivespe
|move|p1a: Zapdos|Hurricane|p2a: Iron Moth|[miss]
|-miss|p1a: Zapdos|p2a: Iron Moth
|
|-weather|Snowscape|[upkeep]
|upkeep
|turn|12
|c|☆jimy92|Yup
|
|t:|1759047363
|switch|p1a: Barraskewda|Barraskewda, F|100/100
|move|p2a: Iron Moth|Fiery Dance|p1a: Barraskewda
|-resisted|p1a: Barraskewda
|-damage|p1a: Barraskewda|56/100
|-boost|p2a: Iron Moth|spa|1
|
|-weather|Snowscape|[upkeep]
|upkeep
|turn|13
|
|t:|1759047368
|move|p1a: Barraskewda|Aqua Jet|p2a: Iron Moth
|-supereffective|p2a: Iron Moth
|-damage|p2a: Iron Moth|0 fnt
|faint|p2a: Iron Moth
|-end|p2a: Iron Moth|Quark Drive|[silent]
|
|-weather|none
|upkeep
|
|t:|1759047372
|switch|p2a: Hydrapple|Hydrapple, F|100/100
|-damage|p2a: Hydrapple|88/100|[from] Stealth Rock
|turn|14
|
|t:|1759047376
|switch|p1a: Iron Treads|Iron Treads|45/100
|move|p2a: Hydrapple|Fickle Beam|p1a: Iron Treads
|-resisted|p1a: Iron Treads
|-damage|p1a: Iron Treads|29/100
|
|-heal|p1a: Iron Treads|35/100|[from] item: Leftovers
|upkeep
|turn|15
|
|t:|1759047393
|switch|p2a: Great Tusk|Great Tusk|100/100
|move|p1a: Iron Treads|Volt Switch|p2a: Great Tusk
|-immune|p2a: Great Tusk
|
|-heal|p1a: Iron Treads|41/100|[from] item: Leftovers
|upkeep
|turn|16
|
|t:|1759047398
|-end|p1a: Iron Treads|Quark Drive|[silent]
|switch|p1a: Pelipper|Pelipper, F|14/100
|-weather|RainDance|[from] ability: Drizzle|[of] p1a: Pelipper
|move|p2a: Great Tusk|Rapid Spin|p1a: Pelipper
|-damage|p1a: Pelipper|0 fnt
|-boost|p2a: Great Tusk|spe|1
|-sideend|p2: Pyroath|Stealth Rock|[from] move: Rapid Spin|[of] p2a: Great Tusk
|faint|p1a: Pelipper
|
|-weather|RainDance|[upkeep]
|upkeep
|
|t:|1759047400
|switch|p1a: Zapdos|Zapdos, tera:Flying|100/100
|turn|17
|
|t:|1759047405
|move|p2a: Great Tusk|Ice Spinner|p1a: Zapdos
|-supereffective|p1a: Zapdos
|-damage|p1a: Zapdos|32/100
|move|p1a: Zapdos|Hurricane|p2a: Great Tusk
|-supereffective|p2a: Great Tusk
|-damage|p2a: Great Tusk|0 fnt
|faint|p2a: Great Tusk
|-end|p2a: Great Tusk|Protosynthesis|[silent]
|
|-weather|RainDance|[upkeep]
|upkeep
|
|t:|1759047407
|switch|p2a: Lokix|Lokix, F|100/100
|turn|18
|
|t:|1759047414
|switch|p1a: Toxicroak|Toxicroak, F|100/100
|move|p2a: Lokix|First Impression|p1a: Toxicroak
|-resisted|p1a: Toxicroak
|-damage|p1a: Toxicroak|71/100
|-damage|p2a: Lokix|84/100|[from] item: Rocky Helmet|[of] p1a: Toxicroak
|
|-weather|RainDance|[upkeep]
|-heal|p1a: Toxicroak|83/100|[from] ability: Dry Skin
|upkeep
|turn|19
|
|t:|1759047418
|switch|p2a: Slowking|Slowking-Galar, F|100/100
|switch|p1a: Iron Treads|Iron Treads|41/100
|
|-weather|RainDance|[upkeep]
|-heal|p1a: Iron Treads|47/100|[from] item: Leftovers
|upkeep
|turn|20
|
|t:|1759047422
|move|p1a: Iron Treads|Stealth Rock|p2a: Slowking
|-sidestart|p2: Pyroath|move: Stealth Rock
|-prepare|p2a: Slowking|Chilly Reception|[premajor]
|move|p2a: Slowking|Chilly Reception|p2a: Slowking
|-weather|Snowscape
|
|t:|1759047427
|switch|p2a: Hydrapple|Hydrapple, F|100/100|[from] Chilly Reception
|-damage|p2a: Hydrapple|88/100|[from] Stealth Rock
|
|-weather|Snowscape|[upkeep]
|-heal|p1a: Iron Treads|53/100|[from] item: Leftovers
|upkeep
|turn|21
|l|☆jimy92
|inactive|jimy92 disconnected and has a minute to reconnect!
|player|p1|
|inactive|jimy92 has 30 seconds to reconnect!
|j|☆jimy92
|inactive|jimy92 reconnected and has 110 seconds left.
|player|p1|jimy92|101|
|
|t:|1759047483
|move|p1a: Iron Treads|Earthquake|p2a: Hydrapple
|-resisted|p2a: Hydrapple
|-damage|p2a: Hydrapple|74/100
|move|p2a: Hydrapple|Earth Power|p1a: Iron Treads
|-supereffective|p1a: Iron Treads
|-damage|p1a: Iron Treads|0 fnt
|faint|p1a: Iron Treads
|-end|p1a: Iron Treads|Quark Drive|[silent]
|
|-weather|Snowscape|[upkeep]
|upkeep
|
|t:|1759047486
|switch|p1a: Zapdos|Zapdos, tera:Flying|32/100
|turn|22
|
|t:|1759047504
|switch|p2a: Slowking|Slowking-Galar, F|100/100
|-damage|p2a: Slowking|88/100|[from] Stealth Rock
|move|p1a: Zapdos|Weather Ball|p2a: Slowking
|-damage|p2a: Slowking|56/100
|
|-weather|Snowscape|[upkeep]
|upkeep
|turn|23
|
|t:|1759047510
|switch|p1a: Barraskewda|Barraskewda, F|56/100
|move|p2a: Slowking|Future Sight|p1a: Barraskewda
|-start|p2a: Slowking|move: Future Sight
|
|-weather|Snowscape|[upkeep]
|upkeep
|turn|24
|
|t:|1759047519
|switch|p2a: Hydrapple|Hydrapple, F|100/100
|-damage|p2a: Hydrapple|88/100|[from] Stealth Rock
|move|p1a: Barraskewda|Flip Turn|p2a: Hydrapple
|-resisted|p2a: Hydrapple
|-damage|p2a: Hydrapple|80/100
|
|t:|1759047521
|switch|p1a: Zapdos|Zapdos, tera:Flying|32/100|[from] Flip Turn
|
|-weather|none
|upkeep
|turn|25
|
|t:|1759047524
|switch|p2a: Slowking|Slowking-Galar, F|89/100
|-damage|p2a: Slowking|77/100|[from] Stealth Rock
|move|p1a: Zapdos|Volt Switch|p2a: Slowking
|-damage|p2a: Slowking|48/100
|
|t:|1759047527
|switch|p1a: Barraskewda|Barraskewda, F|56/100|[from] Volt Switch
|
|-end|p1a: Barraskewda|move: Future Sight
|-damage|p1a: Barraskewda|0 fnt
|faint|p1a: Barraskewda
|upkeep
|
|t:|1759047529
|switch|p1a: Zapdos|Zapdos, tera:Flying|32/100
|turn|26
|
|t:|1759047534
|switch|p2a: Hydrapple|Hydrapple, F|100/100
|-damage|p2a: Hydrapple|88/100|[from] Stealth Rock
|move|p1a: Zapdos|Hurricane|p2a: Hydrapple
|-supereffective|p2a: Hydrapple
|-damage|p2a: Hydrapple|0 fnt
|faint|p2a: Hydrapple
|
|upkeep
|
|t:|1759047536
|switch|p2a: Lokix|Lokix, F|84/100
|-damage|p2a: Lokix|59/100|[from] Stealth Rock
|turn|27
|
|t:|1759047539
|switch|p1a: Toxicroak|Toxicroak, F|83/100
|move|p2a: Lokix|U-turn|p1a: Toxicroak
|-resisted|p1a: Toxicroak
|-damage|p1a: Toxicroak|59/100
|-damage|p2a: Lokix|43/100|[from] item: Rocky Helmet|[of] p1a: Toxicroak
|
|t:|1759047540
|switch|p2a: Slowking|Slowking-Galar, F|81/100|[from] U-turn
|-damage|p2a: Slowking|69/100|[from] Stealth Rock
|
|upkeep
|turn|28
|
|t:|1759047552
|switch|p1a: Zapdos|Zapdos, tera:Flying|32/100
|move|p2a: Slowking|Future Sight|p1a: Zapdos
|-start|p2a: Slowking|move: Future Sight
|
|upkeep
|turn|29
|
|t:|1759047558
|move|p1a: Zapdos|Hurricane|p2a: Slowking
|-damage|p2a: Slowking|0 fnt
|faint|p2a: Slowking
|
|upkeep
|
|t:|1759047560
|switch|p2a: Lokix|Lokix, F|43/100
|-damage|p2a: Lokix|18/100|[from] Stealth Rock
|turn|30
|
|t:|1759047565
|move|p2a: Lokix|First Impression|p1a: Zapdos
|-resisted|p1a: Zapdos
|-damage|p1a: Zapdos|0 fnt
|faint|p1a: Zapdos
|
|-hint|Future Sight did not hit because the target is fainted.
|upkeep
|
|t:|1759047567
|switch|p1a: Toxicroak|Toxicroak, F|59/100
|turn|31
|-message|Pyroath forfeited.
|
|win|jimy92
|raw|jimy92's rating: 1560 &rarr; <strong>1583</strong><br />(+23 for winning)
|raw|Pyroath's rating: 1619 &rarr; <strong>1596</strong><br />(-23 for losing)
|l|‽Pyroath
|player|p2|
|l|☆jimy92
|player|p1|
