|j|☆MarekLovesGod
|j|☆PigsIayers
|t:|1758968614
|gametype|singles
|player|p1|MarekLovesGod|cynthia-gen4|1163
|player|p2|PigsIayers|veteran-gen4|1130
|gen|9
|tier|[Gen 9] OU
|rated|
|rule|HP Percentage Mod: HP is shown in percentages
|rule|Endless Battle Clause: Forcing endless battles is banned
|rule|Species Clause: Limit one of each Pokémon
|rule|OHKO Clause: OHKO moves are banned
|rule|Evasion Items Clause: Evasion items are banned
|rule|Evasion Moves Clause: Evasion moves are banned
|rule|Evasion Abilities Clause: Evasion abilities are banned
|rule|Sleep Moves Clause: Sleep-inducing moves are banned
|clearpoke
|poke|p1|Empoleon, M|
|poke|p1|Slowbro-Galar, F|
|poke|p1|Grafaiai, M|
|poke|p1|Entei|
|poke|p1|Goodra-Hisui, F|
|poke|p1|Rotom-Heat|
|poke|p2|Ninetales-Alola, M|
|poke|p2|Sandslash-Alola, M|
|poke|p2|Chandelure, F|
|poke|p2|Slowking-Galar, M|
|poke|p2|Meowscarada, M|
|poke|p2|Great Tusk|
|teampreview
|
|t:|1758968639
|teamsize|p1|6
|teamsize|p2|6
|start
|switch|p1a: Empoleon|Empoleon, M, shiny|100/100
|switch|p2a: Ninetales|Ninetales-Alola, M|100/100
|-weather|Snowscape|[from] ability: Snow Warning|[of] p2a: Ninetales
|turn|1
|
|t:|1758968652
|switch|p2a: Sandslash|Sandslash-Alola, M|100/100
|move|p1a: Empoleon|Stealth Rock|p2a: Sandslash
|-sidestart|p2: PigsIayers|move: Stealth Rock
|
|-weather|Snowscape|[upkeep]
|upkeep
|turn|2
|
|t:|1758968659
|move|p1a: Empoleon|Vacuum Wave|p2a: Sandslash
|-supereffective|p2a: Sandslash
|-damage|p2a: Sandslash|22/100
|move|p2a: Sandslash|Earthquake|p1a: Empoleon
|-supereffective|p1a: Empoleon
|-damage|p1a: Empoleon|38/100
|
|-weather|Snowscape|[upkeep]
|upkeep
|turn|3
|
|t:|1758968672
|switch|p2a: Great Tusk|Great Tusk|100/100
|-damage|p2a: Great Tusk|98/100|[from] Stealth Rock
|-enditem|p2a: Great Tusk|Booster Energy
|-activate|p2a: Great Tusk|ability: Protosynthesis|[fromitem]
|-start|p2a: Great Tusk|protosynthesisdef
|move|p1a: Empoleon|Vacuum Wave|p2a: Great Tusk
|-damage|p2a: Great Tusk|83/100
|
|-weather|Snowscape|[upkeep]
|upkeep
|turn|4
|
|t:|1758968691
|move|p2a: Great Tusk|Earthquake|p1a: Empoleon
|-supereffective|p1a: Empoleon
|-damage|p1a: Empoleon|0 fnt
|faint|p1a: Empoleon
|
|-weather|Snowscape|[upkeep]
|upkeep
|
|t:|1758968706
|switch|p1a: Grafaiai|Grafaiai, M, shiny|100/100
|turn|5
|
|t:|1758968712
|move|p1a: Grafaiai|Switcheroo|p2a: Great Tusk
|-activate|p1a: Grafaiai|move: Trick|[of] p2a: Great Tusk
|-item|p2a: Great Tusk|Choice Scarf|[from] move: Switcheroo
|-enditem|p1a: Grafaiai|Choice Scarf|[silent]|[from] move: Switcheroo
|move|p2a: Great Tusk|Earthquake|p1a: Grafaiai
|-supereffective|p1a: Grafaiai
|-damage|p1a: Grafaiai|11/100
|
|-weather|none
|upkeep
|turn|6
|
|t:|1758968727
|switch|p1a: Rotom|Rotom-Heat|100/100
|move|p2a: Great Tusk|Earthquake|p1a: Rotom
|-immune|p1a: Rotom|[from] ability: Levitate
|
|upkeep
|turn|7
|
|t:|1758968751
|-end|p2a: Great Tusk|Protosynthesis|[silent]
|switch|p2a: Chandelure|Chandelure, F|100/100
|-damage|p2a: Chandelure|76/100|[from] Stealth Rock
|move|p1a: Rotom|Will-O-Wisp|p2a: Chandelure
|-start|p2a: Chandelure|ability: Flash Fire
|
|upkeep
|turn|8
|
|t:|1758968763
|switch|p1a: Grafaiai|Grafaiai, M, shiny|11/100
|move|p2a: Chandelure|Fire Blast|p1a: Grafaiai
|-damage|p1a: Grafaiai|0 fnt
|faint|p1a: Grafaiai
|
|upkeep
|
|t:|1758968780
|switch|p1a: Slowbro|Slowbro-Galar, F, shiny|100/100
|turn|9
|
|t:|1758968789
|move|p2a: Chandelure|Fire Blast|p1a: Slowbro
|-damage|p1a: Slowbro|0 fnt
|faint|p1a: Slowbro
|
|upkeep
|
|t:|1758968801
|switch|p1a: Rotom|Rotom-Heat|100/100
|turn|10
|
|t:|1758968818
|move|p2a: Chandelure|Fire Blast|p1a: Rotom
|-resisted|p1a: Rotom
|-damage|p1a: Rotom|37/100
|move|p1a: Rotom|Volt Switch|p2a: Chandelure
|-damage|p2a: Chandelure|8/100
|
|t:|1758968829
|switch|p1a: Entei|Entei|100/100|[from] Volt Switch
|
|upkeep
|turn|11
|
|t:|1758968842
|move|p2a: Chandelure|Fire Blast|p1a: Entei
|-resisted|p1a: Entei
|-damage|p1a: Entei|58/100
|move|p1a: Entei|Iron Head|p2a: Chandelure
|-resisted|p2a: Chandelure
|-damage|p2a: Chandelure|0 fnt
|faint|p2a: Chandelure
|-damage|p1a: Entei|48/100|[from] item: Life Orb
|
|upkeep
|
|t:|1758968856
|switch|p2a: Great Tusk|Great Tusk|83/100
|-damage|p2a: Great Tusk|80/100|[from] Stealth Rock
|turn|12
|
|t:|1758968898
|move|p1a: Entei|Extreme Speed|p2a: Great Tusk
|-damage|p2a: Great Tusk|65/100
|-damage|p1a: Entei|38/100|[from] item: Life Orb
|move|p2a: Great Tusk|Close Combat|p1a: Entei
|-damage|p1a: Entei|0 fnt
|-unboost|p2a: Great Tusk|def|1
|-unboost|p2a: Great Tusk|spd|1
|faint|p1a: Entei
|
|upkeep
|
|t:|1758968915
|switch|p1a: Rotom|Rotom-Heat|37/100
|turn|13
|
|t:|1758968922
|-end|p2a: Great Tusk|Protosynthesis|[silent]
|switch|p2a: Slowking|Slowking-Galar, M|100/100
|move|p1a: Rotom|Overheat|p2a: Slowking
|-damage|p2a: Slowking|45/100
|-unboost|p1a: Rotom|spa|2
|
|upkeep
|turn|14
|
|t:|1758968930
|switch|p1a: Goodra|Goodra-Hisui, F, shiny|100/100
|-prepare|p2a: Slowking|Chilly Reception|[premajor]
|move|p2a: Slowking|Chilly Reception|p2a: Slowking
|-weather|Snowscape
|
|t:|1758968939
|switch|p2a: Sandslash|Sandslash-Alola, M|22/100|[from] Chilly Reception
|
|-weather|Snowscape|[upkeep]
|upkeep
|turn|15
|
|t:|1758968947
|move|p2a: Sandslash|Earthquake|p1a: Goodra
|-supereffective|p1a: Goodra
|-damage|p1a: Goodra|53/100
|move|p1a: Goodra|Acid Armor|p1a: Goodra
|-boost|p1a: Goodra|def|2
|
|-weather|Snowscape|[upkeep]
|upkeep
|turn|16
|
|t:|1758968956
|-terastallize|p1a: Goodra|Fighting
|move|p2a: Sandslash|Knock Off|p1a: Goodra
|-resisted|p1a: Goodra
|-damage|p1a: Goodra|48/100
|-damage|p2a: Sandslash|5/100|[from] item: Rocky Helmet|[of] p1a: Goodra
|-ability|p1a: Goodra|Gooey
|-unboost|p2a: Sandslash|spe|1
|-enditem|p1a: Goodra|Rocky Helmet|[from] move: Knock Off|[of] p2a: Sandslash
|move|p1a: Goodra|Acid Armor|p1a: Goodra
|-boost|p1a: Goodra|def|2
|
|-weather|Snowscape|[upkeep]
|upkeep
|turn|17
|
|t:|1758968974
|move|p2a: Sandslash|Iron Head|p1a: Goodra
|-damage|p1a: Goodra|37/100
|-ability|p1a: Goodra|Gooey
|-unboost|p2a: Sandslash|spe|1
|move|p1a: Goodra|Body Press|p2a: Sandslash
|-supereffective|p2a: Sandslash
|-damage|p2a: Sandslash|0 fnt
|faint|p2a: Sandslash
|
|-weather|Snowscape|[upkeep]
|upkeep
|
|t:|1758968983
|switch|p2a: Ninetales|Ninetales-Alola, M|100/100
|-damage|p2a: Ninetales|76/100|[from] Stealth Rock
|turn|18
|
|t:|1758968989
|move|p2a: Ninetales|Moonblast|p1a: Goodra
|-supereffective|p1a: Goodra
|-damage|p1a: Goodra|0 fnt
|faint|p1a: Goodra
|
|-weather|none
|upkeep
|
|t:|1758968995
|switch|p1a: Rotom|Rotom-Heat|37/100
|turn|19
|
|t:|1758969001
|-terastallize|p2a: Ninetales|Water
|move|p2a: Ninetales|Moonblast|p1a: Rotom
|-resisted|p1a: Rotom
|-damage|p1a: Rotom|12/100
|move|p1a: Rotom|Overheat|p2a: Ninetales
|-resisted|p2a: Ninetales
|-damage|p2a: Ninetales|22/100
|-unboost|p1a: Rotom|spa|2
|
|upkeep
|turn|20
|-message|MarekLovesGod forfeited.
|
|win|PigsIayers
|raw|MarekLovesGod's rating: 1163 &rarr; <strong>1136</strong><br />(-27 for losing)
|raw|PigsIayers's rating: 1130 &rarr; <strong>1157</strong><br />(+27 for winning)
|l|☆MarekLovesGod
|player|p1|
