|j|☆vbfewbufi
|j|☆loganfam
|t:|1759077408
|gametype|singles
|player|p1|vbfewbufi|169|1210
|player|p2|loganfam|koga|1175
|gen|9
|tier|[Gen 9] OU
|rated|
|rule|HP Percentage Mod: HP is shown in percentages
|rule|Endless Battle Clause: Forcing endless battles is banned
|rule|Species Clause: Limit one of each Pokémon
|rule|OHKO Clause: OHKO moves are banned
|rule|Evasion Items Clause: Evasion items are banned
|rule|Evasion Moves Clause: Evasion moves are banned
|rule|Evasion Abilities Clause: Evasion abilities are banned
|rule|Sleep Moves Clause: Sleep-inducing moves are banned
|clearpoke
|poke|p1|Sinistea|
|poke|p1|Poliwag, M|
|poke|p1|Murkrow, M|
|poke|p1|Torchic, F|
|poke|p1|Pineco, L1, M|
|poke|p1|Cranidos, M|
|poke|p2|Chesnaught, M|
|poke|p2|Arboliva, M|
|poke|p2|Avalugg-Hisui, M|
|poke|p2|Galvantula, F|
|poke|p2|Clawitzer, F|
|poke|p2|Manaphy|
|teampreview
|inactive|Battle timer is ON: inactive players will automatically lose when time's up. (requested by loganfam)
|inactive|vbfewbufi also wants the timer to be on.
|
|t:|1759077423
|teamsize|p1|6
|teamsize|p2|6
|start
|switch|p1a: Murkrow|Murkrow, M|100/100
|switch|p2a: Galvantula|Galvantula, F|100/100
|turn|1
|
|t:|1759077426
|move|p1a: Murkrow|Taunt|p2a: Galvantula
|-start|p2a: Galvantula|move: Taunt
|cant|p2a: Galvantula|move: Taunt|Sticky Web
|
|upkeep
|turn|2
|
|t:|1759077429
|move|p1a: Murkrow|Perish Song|p1a: Murkrow
|-start|p1a: Murkrow|perish3|[silent]
|-start|p2a: Galvantula|perish3|[silent]
|-fieldactivate|move: Perish Song
|move|p2a: Galvantula|Thunder|p1a: Murkrow
|-supereffective|p1a: Murkrow
|-damage|p1a: Murkrow|0 fnt
|faint|p1a: Murkrow
|
|-start|p2a: Galvantula|perish3
|upkeep
|
|t:|1759077436
|switch|p1a: Torchic|Torchic, F|100/100
|turn|3
|
|t:|1759077440
|move|p1a: Torchic|Protect|p1a: Torchic
|-singleturn|p1a: Torchic|Protect
|move|p2a: Galvantula|Thunder|p1a: Torchic
|-activate|p1a: Torchic|move: Protect
|
|-end|p2a: Galvantula|move: Taunt
|-start|p2a: Galvantula|perish2
|-ability|p1a: Torchic|Speed Boost|boost
|-boost|p1a: Torchic|spe|1
|upkeep
|turn|4
|
|t:|1759077444
|move|p2a: Galvantula|Thunder|p1a: Torchic
|-enditem|p1a: Torchic|Focus Sash
|-damage|p1a: Torchic|1/100
|move|p1a: Torchic|Swords Dance|p1a: Torchic
|-boost|p1a: Torchic|atk|2
|
|-start|p2a: Galvantula|perish1
|-ability|p1a: Torchic|Speed Boost|boost
|-boost|p1a: Torchic|spe|1
|upkeep
|turn|5
|
|t:|1759077450
|move|p1a: Torchic|Protect|p1a: Torchic
|-singleturn|p1a: Torchic|Protect
|move|p2a: Galvantula|Bug Buzz|p1a: Torchic
|-activate|p1a: Torchic|move: Protect
|
|-start|p2a: Galvantula|perish0
|-ability|p1a: Torchic|Speed Boost|boost
|-boost|p1a: Torchic|spe|1
|faint|p2a: Galvantula
|upkeep
|
|t:|1759077460
|switch|p2a: Avalugg|Avalugg-Hisui, M|100/100
|turn|6
|
|t:|1759077466
|move|p1a: Torchic|Temper Flare|p2a: Avalugg
|-damage|p2a: Avalugg|76/100
|move|p2a: Avalugg|Body Press|p1a: Torchic
|-damage|p1a: Torchic|0 fnt
|faint|p1a: Torchic
|
|upkeep
|inactive|vbfewbufi has 120 seconds left.
|
|t:|1759077508
|switch|p1a: Sinistea|Sinistea|100/100
|turn|7
|
|t:|1759077512
|move|p1a: Sinistea|Shell Smash|p1a: Sinistea
|-unboost|p1a: Sinistea|def|1
|-unboost|p1a: Sinistea|spd|1
|-boost|p1a: Sinistea|atk|2
|-boost|p1a: Sinistea|spa|2
|-boost|p1a: Sinistea|spe|2
|move|p2a: Avalugg|Stealth Rock|p1a: Sinistea
|-sidestart|p1: vbfewbufi|move: Stealth Rock
|
|upkeep
|turn|8
|
|t:|1759077517
|move|p1a: Sinistea|Stored Power|p2a: Avalugg
|-damage|p2a: Avalugg|0 fnt
|faint|p2a: Avalugg
|
|upkeep
|
|t:|1759077524
|switch|p2a: Manaphy|Manaphy|100/100
|turn|9
|
|t:|1759077532
|move|p1a: Sinistea|Giga Drain|p2a: Manaphy
|-supereffective|p2a: Manaphy
|-damage|p2a: Manaphy|22/100
|move|p2a: Manaphy|Scald|p1a: Sinistea
|-enditem|p1a: Sinistea|Focus Sash
|-damage|p1a: Sinistea|1/100
|
|upkeep
|turn|10
|
|t:|1759077537
|move|p1a: Sinistea|Stored Power|p2a: Manaphy
|-damage|p2a: Manaphy|0 fnt
|faint|p2a: Manaphy
|
|upkeep
|
|t:|1759077542
|switch|p2a: Clawitzer|Clawitzer, F|100/100
|turn|11
|
|t:|1759077553
|-terastallize|p2a: Clawitzer|Steel
|move|p1a: Sinistea|Giga Drain|p2a: Clawitzer
|-resisted|p2a: Clawitzer
|-damage|p2a: Clawitzer|76/100
|-heal|p1a: Sinistea|17/100|[from] drain|[of] p2a: Clawitzer
|move|p2a: Clawitzer|Flash Cannon|p1a: Sinistea
|-damage|p1a: Sinistea|0 fnt
|faint|p1a: Sinistea
|-damage|p2a: Clawitzer|66/100|[from] item: Life Orb
|
|upkeep
|
|t:|1759077557
|switch|p1a: Pineco|Pineco, L1, M|100/100
|turn|12
|
|t:|1759077561
|move|p2a: Clawitzer|Dragon Pulse|p1a: Pineco
|-ability|p1a: Pineco|Sturdy
|-damage|p1a: Pineco|9/100
|-damage|p2a: Clawitzer|56/100|[from] item: Life Orb
|move|p1a: Pineco|Pain Split|p2a: Clawitzer
|-sethp|p2a: Clawitzer|28/100|[from] move: Pain Split|[silent]
|-sethp|p1a: Pineco|100/100|[from] move: Pain Split
|
|upkeep
|turn|13
|
|t:|1759077568
|move|p2a: Clawitzer|Dragon Pulse|p1a: Pineco
|-ability|p1a: Pineco|Sturdy
|-damage|p1a: Pineco|9/100
|-damage|p2a: Clawitzer|18/100|[from] item: Life Orb
|move|p1a: Pineco|Pain Split|p2a: Clawitzer
|-sethp|p2a: Clawitzer|10/100|[from] move: Pain Split|[silent]
|-sethp|p1a: Pineco|100/100|[from] move: Pain Split
|
|upkeep
|turn|14
|
|t:|1759077572
|move|p2a: Clawitzer|Water Pulse|p1a: Pineco
|-ability|p1a: Pineco|Sturdy
|-damage|p1a: Pineco|9/100
|-start|p1a: Pineco|confusion
|-damage|p2a: Clawitzer|0 fnt|[from] item: Life Orb
|faint|p2a: Clawitzer
|-activate|p1a: Pineco|confusion
|move|p1a: Pineco|Rapid Spin|p2: Clawitzer|[notarget]
|-fail|p1a: Pineco
|
|upkeep
|
|t:|1759077584
|switch|p2a: Arboliva|Arboliva, M|100/100
|turn|15
|
|t:|1759077587
|move|p2a: Arboliva|Hyper Voice|p1a: Pineco
|-damage|p1a: Pineco|0 fnt
|faint|p1a: Pineco
|
|upkeep
|
|t:|1759077590
|switch|p1a: Cranidos|Cranidos, M|100/100
|-damage|p1a: Cranidos|88/100|[from] Stealth Rock
|turn|16
|
|t:|1759077596
|-terastallize|p1a: Cranidos|Fire
|move|p1a: Cranidos|Fire Punch|p2a: Arboliva
|-supereffective|p2a: Arboliva
|-damage|p2a: Arboliva|0 fnt
|-fieldstart|move: Grassy Terrain|[from] ability: Seed Sower|[of] p2a: Arboliva
|faint|p2a: Arboliva
|
|-heal|p1a: Cranidos|94/100|[from] Grassy Terrain
|upkeep
|
|t:|1759077600
|switch|p2a: Chesnaught|Chesnaught, M|100/100
|turn|17
|
|t:|1759077608
|move|p1a: Cranidos|Fire Punch|p2a: Chesnaught
|-supereffective|p2a: Chesnaught
|-damage|p2a: Chesnaught|27/100
|-enditem|p2a: Chesnaught|Sitrus Berry|[eat]
|-heal|p2a: Chesnaught|52/100|[from] item: Sitrus Berry
|move|p2a: Chesnaught|Belly Drum|p2a: Chesnaught
|-damage|p2a: Chesnaught|2/100
|-setboost|p2a: Chesnaught|atk|6|[from] move: Belly Drum
|
|-heal|p1a: Cranidos|100/100|[from] Grassy Terrain
|-heal|p2a: Chesnaught|8/100|[from] Grassy Terrain
|upkeep
|turn|18
|
|t:|1759077615
|move|p2a: Chesnaught|Grassy Glide|p1a: Cranidos
|-resisted|p1a: Cranidos
|-damage|p1a: Cranidos|0 fnt
|faint|p1a: Cranidos
|
|-heal|p2a: Chesnaught|14/100|[from] Grassy Terrain
|upkeep
|
|t:|1759077617
|switch|p1a: Poliwag|Poliwag, M|100/100
|-damage|p1a: Poliwag|88/100|[from] Stealth Rock
|turn|19
|
|t:|1759077620
|move|p2a: Chesnaught|Grassy Glide|p1a: Poliwag
|-supereffective|p1a: Poliwag
|-damage|p1a: Poliwag|0 fnt
|faint|p1a: Poliwag
|
|win|loganfam
|raw|vbfewbufi's rating: 1210 &rarr; <strong>1182</strong><br />(-28 for losing)
|raw|loganfam's rating: 1175 &rarr; <strong>1203</strong><br />(+28 for winning)
|l|☆loganfam
|player|p2|
|l|☆vbfewbufi
|player|p1|
