|j|☆XIXINANA
|j|☆XtremeArsenal
|t:|1758960791
|gametype|singles
|player|p1|XIXINANA|nate|1294
|player|p2|XtremeArsenal|elesa-masters|1269
|gen|9
|tier|[Gen 9] OU
|rated|
|rule|HP Percentage Mod: HP is shown in percentages
|rule|Endless Battle Clause: Forcing endless battles is banned
|rule|Species Clause: Limit one of each Pokémon
|rule|OHKO Clause: OHKO moves are banned
|rule|Evasion Items Clause: Evasion items are banned
|rule|Evasion Moves Clause: Evasion moves are banned
|rule|Evasion Abilities Clause: Evasion abilities are banned
|rule|Sleep Moves Clause: Sleep-inducing moves are banned
|clearpoke
|poke|p1|Lycanroc-Midnight, M|
|poke|p1|Zoroark-Hisui, M|
|poke|p1|Ceruledge, M|
|poke|p1|Polteageist-Antique|
|poke|p1|Typhlosion-Hisui, F|
|poke|p1|Regidrago|
|poke|p2|Dragapult, F|
|poke|p2|Gliscor, F|
|poke|p2|Darkrai|
|poke|p2|Cinderace, M|
|poke|p2|Corviknight, F|
|poke|p2|Weezing-Galar, M|
|teampreview
|inactive|Battle timer is ON: inactive players will automatically lose when time's up. (requested by XtremeArsenal)
|
|t:|1758960809
|teamsize|p1|6
|teamsize|p2|6
|start
|switch|p1a: Lycanroc|Lycanroc-Midnight, M|100/100
|switch|p2a: Gliscor|Gliscor, F|100/100
|turn|1
|
|t:|1758960817
|move|p1a: Lycanroc|Bitter Malice|p2a: Gliscor
|-damage|p2a: Gliscor|53/100
|-unboost|p2a: Gliscor|atk|1
|move|p2a: Gliscor|Swords Dance|p2a: Gliscor
|-boost|p2a: Gliscor|atk|2
|
|-status|p2a: Gliscor|tox|[from] item: Toxic Orb
|upkeep
|turn|2
|
|t:|1758960825
|move|p1a: Lycanroc|Bitter Malice|p2a: Gliscor
|-damage|p2a: Gliscor|3/100 tox
|-unboost|p2a: Gliscor|atk|1
|move|p2a: Gliscor|Knock Off|p1a: Lycanroc
|-supereffective|p1a: Lycanroc
|-damage|p1a: Lycanroc|8/100
|replace|p1a: Zoroark|Zoroark-Hisui, M
|-end|p1a: Zoroark|Illusion
|-enditem|p1a: Zoroark|Choice Specs|[from] move: Knock Off|[of] p2a: Gliscor
|
|-heal|p2a: Gliscor|16/100 tox|[from] ability: Poison Heal
|upkeep
|turn|3
|
|t:|1758960832
|move|p2a: Gliscor|Protect|p2a: Gliscor
|-singleturn|p2a: Gliscor|Protect
|move|p1a: Zoroark|Bitter Malice|p2a: Gliscor
|-activate|p2a: Gliscor|move: Protect
|
|-heal|p2a: Gliscor|28/100 tox|[from] ability: Poison Heal
|upkeep
|turn|4
|
|t:|1758960847
|switch|p2a: Darkrai|Darkrai|100/100
|move|p1a: Zoroark|Hyper Voice|p2a: Darkrai
|-damage|p2a: Darkrai|42/100
|
|upkeep
|turn|5
|
|t:|1758960856
|move|p2a: Darkrai|Dark Pulse|p1a: Zoroark
|-supereffective|p1a: Zoroark
|-damage|p1a: Zoroark|0 fnt
|faint|p1a: Zoroark
|
|upkeep
|
|t:|1758960865
|switch|p1a: Typhlosion|Typhlosion-Hisui, F|100/100
|-item|p2a: Darkrai|Choice Scarf|[from] ability: Frisk|[of] p1a: Typhlosion
|turn|6
|
|t:|1758960873
|-terastallize|p1a: Typhlosion|Fire
|move|p2a: Darkrai|Dark Pulse|p1a: Typhlosion
|-damage|p1a: Typhlosion|39/100
|move|p1a: Typhlosion|Overheat|p2a: Darkrai
|-damage|p2a: Darkrai|0 fnt
|-unboost|p1a: Typhlosion|spa|2
|faint|p2a: Darkrai
|
|upkeep
|
|t:|1758960879
|switch|p2a: Gliscor|Gliscor, F|28/100 tox
|turn|7
|l|☆XIXINANA
|inactive|XIXINANA disconnected and has a minute to reconnect!
|player|p1|
|j|☆XIXINANA
|inactive|XIXINANA reconnected and has 120 seconds left.
|player|p1|XIXINANA|nate|
|
|t:|1758960918
|move|p1a: Typhlosion|Overheat|p2a: Gliscor
|-damage|p2a: Gliscor|0 fnt
|-unboost|p1a: Typhlosion|spa|2
|faint|p2a: Gliscor
|
|upkeep
|
|t:|1758960933
|switch|p2a: Dragapult|Dragapult, F|100/100
|turn|8
|inactive|XIXINANA has 120 seconds left.
|inactive|XIXINANA has 90 seconds left.
|
|t:|1758960976
|switch|p1a: Lycanroc|Lycanroc-Midnight, M|100/100
|move|p2a: Dragapult|Dragon Darts|p1a: Lycanroc
|-damage|p1a: Lycanroc|47/100
|-anim|p2a: Dragapult|Dragon Darts|p1a: Lycanroc
|-damage|p1a: Lycanroc|0 fnt
|faint|p1a: Lycanroc
|
|upkeep
|inactive|XIXINANA has 90 seconds left.
|
|t:|1758960986
|switch|p1a: Typhlosion|Typhlosion-Hisui, F, tera:Fire|39/100
|-item|p2a: Dragapult|Choice Band|[from] ability: Frisk|[of] p1a: Typhlosion
|turn|9
|
|t:|1758960990
|move|p1a: Typhlosion|Shadow Ball|p2a: Dragapult
|-supereffective|p2a: Dragapult
|-damage|p2a: Dragapult|0 fnt
|faint|p2a: Dragapult
|
|upkeep
|
|t:|1758960995
|switch|p2a: Weezing|Weezing-Galar, M|100/100
|-ability|p2a: Weezing|Neutralizing Gas
|turn|10
|
|t:|1758961010
|switch|p1a: Polteageist|Polteageist-Antique|100/100
|move|p2a: Weezing|Sludge Bomb|p1a: Polteageist
|-resisted|p1a: Polteageist
|-damage|p1a: Polteageist|84/100
|-status|p1a: Polteageist|psn
|
|-damage|p1a: Polteageist|72/100 psn|[from] psn
|upkeep
|turn|11
|
|t:|1758961035
|-end|p2a: Weezing|ability: Neutralizing Gas
|switch|p2a: Cinderace|Cinderace, M|100/100
|move|p1a: Polteageist|Shell Smash|p1a: Polteageist
|-unboost|p1a: Polteageist|def|1
|-unboost|p1a: Polteageist|spd|1
|-boost|p1a: Polteageist|atk|2
|-boost|p1a: Polteageist|spa|2
|-boost|p1a: Polteageist|spe|2
|
|-damage|p1a: Polteageist|60/100 psn|[from] psn
|upkeep
|turn|12
|
|t:|1758961052
|-terastallize|p2a: Cinderace|Fire
|move|p1a: Polteageist|Stored Power|p2a: Cinderace
|-damage|p2a: Cinderace|0 fnt
|faint|p2a: Cinderace
|
|-damage|p1a: Polteageist|48/100 psn|[from] psn
|upkeep
|
|t:|1758961057
|switch|p2a: Corviknight|Corviknight, F|100/100
|-ability|p2a: Corviknight|Pressure
|turn|13
|
|t:|1758961060
|move|p1a: Polteageist|Shadow Ball|p2a: Corviknight
|-damage|p2a: Corviknight|10/100
|move|p2a: Corviknight|Brave Bird|p1a: Polteageist
|-damage|p1a: Polteageist|0 fnt
|faint|p1a: Polteageist
|-damage|p2a: Corviknight|0 fnt|[from] Recoil
|faint|p2a: Corviknight
|
|upkeep
|inactive|XIXINANA has 120 seconds left.
|
|t:|1758961071
|switch|p1a: Regidrago|Regidrago|100/100
|switch|p2a: Weezing|Weezing-Galar, M|100/100
|-ability|p2a: Weezing|Neutralizing Gas
|turn|14
|inactive|XIXINANA has 120 seconds left.
|
|t:|1758961088
|move|p1a: Regidrago|Earth Power|p2a: Weezing
|-supereffective|p2a: Weezing
|-damage|p2a: Weezing|29/100
|-unboost|p2a: Weezing|spd|1
|move|p2a: Weezing|Pain Split|p1a: Regidrago
|-sethp|p1a: Regidrago|59/100|[from] move: Pain Split|[silent]
|-sethp|p2a: Weezing|95/100|[from] move: Pain Split
|
|upkeep
|turn|15
|
|t:|1758961097
|move|p1a: Regidrago|Earth Power|p2a: Weezing
|-supereffective|p2a: Weezing
|-damage|p2a: Weezing|0 fnt
|faint|p2a: Weezing
|-end|p2a: Weezing|ability: Neutralizing Gas
|
|win|XIXINANA
|raw|XIXINANA's rating: 1294 &rarr; <strong>1317</strong><br />(+23 for winning)
|raw|XtremeArsenal's rating: 1269 &rarr; <strong>1246</strong><br />(-23 for losing)
|l|☆XtremeArsenal
|player|p2|
|l|☆XIXINANA
|player|p1|
