|j|☆supersham1
|j|☆4DEF+4SPD=GG
|t:|1759027721
|gametype|singles
|player|p1|supersham1|hilbert|1558
|player|p2|4DEF+4SPD=GG|preschooler|1554
|gen|9
|tier|[Gen 9] OU
|rated|
|rule|HP Percentage Mod: HP is shown in percentages
|rule|Endless Battle Clause: Forcing endless battles is banned
|rule|Species Clause: Limit one of each Pokémon
|rule|OHKO Clause: OHKO moves are banned
|rule|Evasion Items Clause: Evasion items are banned
|rule|Evasion Moves Clause: Evasion moves are banned
|rule|Evasion Abilities Clause: Evasion abilities are banned
|rule|Sleep Moves Clause: Sleep-inducing moves are banned
|clearpoke
|poke|p1|Iron Valiant|
|poke|p1|Corviknight, M|
|poke|p1|Slowking-Galar, F|
|poke|p1|Kyurem|
|poke|p1|Landorus-Therian, M|
|poke|p1|Kingambit, M|
|poke|p2|Tyranitar, M|
|poke|p2|Excadrill, M|
|poke|p2|Corviknight, M|
|poke|p2|Glimmora, M|
|poke|p2|Hippowdon, M|
|poke|p2|Scizor, M|
|teampreview
|inactive|Battle timer is ON: inactive players will automatically lose when time's up. (requested by 4DEF+4SPD=GG)
|
|t:|1759027747
|teamsize|p1|6
|teamsize|p2|6
|start
|switch|p1a: Landorus|Landorus-Therian, M|100/100
|switch|p2a: Corviknight|Corviknight, M|100/100
|-ability|p1a: Landorus|Intimidate|boost
|-ability|p2a: Corviknight|Mirror Armor
|-unboost|p1a: Landorus|atk|1
|turn|1
|
|t:|1759027754
|move|p1a: Landorus|Taunt|p2a: Corviknight
|-start|p2a: Corviknight|move: Taunt
|move|p2a: Corviknight|Brave Bird|p1a: Landorus
|-damage|p1a: Landorus|65/100
|-damage|p2a: Corviknight|89/100|[from] Recoil
|
|-heal|p1a: Landorus|71/100|[from] item: Leftovers
|upkeep
|turn|2
|
|t:|1759027765
|switch|p2a: Glimmora|Glimmora, M|100/100
|move|p1a: Landorus|Stealth Rock|p2a: Glimmora
|-sidestart|p2: 4DEF+4SPD=GG|move: Stealth Rock
|
|-heal|p1a: Landorus|77/100|[from] item: Leftovers
|upkeep
|turn|3
|
|t:|1759027767
|-terastallize|p2a: Glimmora|Bug
|move|p1a: Landorus|Earthquake|p2a: Glimmora
|-resisted|p2a: Glimmora
|-damage|p2a: Glimmora|80/100
|-activate|p2a: Glimmora|ability: Toxic Debris
|-sidestart|p1: supersham1|move: Toxic Spikes
|move|p2a: Glimmora|Rock Polish|p2a: Glimmora
|-boost|p2a: Glimmora|spe|2
|
|-heal|p1a: Landorus|83/100|[from] item: Leftovers
|upkeep
|turn|4
|
|t:|1759027774
|move|p2a: Glimmora|Meteor Beam||[still]
|-prepare|p2a: Glimmora|Meteor Beam
|-boost|p2a: Glimmora|spa|1
|-enditem|p2a: Glimmora|Power Herb
|-anim|p2a: Glimmora|Meteor Beam|p1a: Landorus
|-damage|p1a: Landorus|0 fnt
|faint|p1a: Landorus
|
|upkeep
|
|t:|1759027791
|switch|p1a: Slowking|Slowking-Galar, F|100/100
|-sideend|p1: supersham1|move: Toxic Spikes|[of] p1a: Slowking
|turn|5
|
|t:|1759027792
|move|p2a: Glimmora|Earth Power|p1a: Slowking
|-supereffective|p1a: Slowking
|-damage|p1a: Slowking|36/100
|move|p1a: Slowking|Thunder Wave|p2a: Glimmora
|-status|p2a: Glimmora|par
|
|upkeep
|turn|6
|
|t:|1759027798
|move|p2a: Glimmora|Rock Polish|p2a: Glimmora
|-boost|p2a: Glimmora|spe|2
|-prepare|p1a: Slowking|Chilly Reception|[premajor]
|move|p1a: Slowking|Chilly Reception|p1a: Slowking
|-weather|Snowscape
|j| heatraniac
|l| heatraniac
|
|t:|1759027823
|switch|p1a: Iron Valiant|Iron Valiant|100/100|[from] Chilly Reception
|-enditem|p1a: Iron Valiant|Booster Energy
|-activate|p1a: Iron Valiant|ability: Quark Drive|[fromitem]
|-start|p1a: Iron Valiant|quarkdrivespe
|
|-weather|Snowscape|[upkeep]
|upkeep
|turn|7
|
|t:|1759027837
|switch|p2a: Corviknight|Corviknight, M|89/100
|-damage|p2a: Corviknight|77/100|[from] Stealth Rock
|move|p1a: Iron Valiant|Encore||[still]
|-fail|p1a: Iron Valiant
|
|-weather|Snowscape|[upkeep]
|upkeep
|turn|8
|c|☆supersham1|?
|
|t:|1759027851
|-end|p1a: Iron Valiant|Quark Drive|[silent]
|switch|p1a: Corviknight|Corviknight, M|100/100
|-ability|p1a: Corviknight|Pressure
|move|p2a: Corviknight|Defog|p1a: Corviknight
|-unboost|p1a: Corviknight|evasion|1
|-sideend|p2: 4DEF+4SPD=GG|Stealth Rock|[from] move: Defog|[of] p2a: Corviknight
|
|-weather|Snowscape|[upkeep]
|upkeep
|turn|9
|
|t:|1759027856
|switch|p2a: Glimmora|Glimmora, M, tera:Bug|80/100 par
|move|p1a: Corviknight|U-turn|p2a: Glimmora
|-damage|p2a: Glimmora|64/100 par
|-activate|p2a: Glimmora|ability: Toxic Debris
|-sidestart|p1: supersham1|move: Toxic Spikes
|
|t:|1759027864
|switch|p1a: Slowking|Slowking-Galar, F|69/100|[from] U-turn
|-sideend|p1: supersham1|move: Toxic Spikes|[of] p1a: Slowking
|
|-weather|Snowscape|[upkeep]
|upkeep
|turn|10
|
|t:|1759027868
|switch|p2a: Tyranitar|Tyranitar, M|100/100
|-weather|Sandstorm|[from] ability: Sand Stream|[of] p2a: Tyranitar
|-prepare|p1a: Slowking|Chilly Reception|[premajor]
|move|p1a: Slowking|Chilly Reception|p1a: Slowking
|-weather|Snowscape
|
|t:|1759027877
|switch|p1a: Kingambit|Kingambit, M|100/100|[from] Chilly Reception
|-activate|p1a: Kingambit|ability: Supreme Overlord
|-start|p1a: Kingambit|fallen1|[silent]
|
|-weather|Snowscape|[upkeep]
|upkeep
|turn|11
|
|t:|1759027885
|switch|p2a: Glimmora|Glimmora, M, tera:Bug|64/100 par
|move|p1a: Kingambit|Swords Dance|p1a: Kingambit
|-boost|p1a: Kingambit|atk|2
|
|-weather|Snowscape|[upkeep]
|upkeep
|turn|12
|
|t:|1759027891
|move|p1a: Kingambit|Kowtow Cleave|p2a: Glimmora
|-damage|p2a: Glimmora|0 fnt
|-activate|p2a: Glimmora|ability: Toxic Debris
|-sidestart|p1: supersham1|move: Toxic Spikes
|faint|p2a: Glimmora
|
|-weather|Snowscape|[upkeep]
|upkeep
|
|t:|1759027916
|switch|p2a: Excadrill|Excadrill, M|100/100
|turn|13
|
|t:|1759027928
|switch|p2a: Corviknight|Corviknight, M|77/100
|move|p1a: Kingambit|Kowtow Cleave|p2a: Corviknight
|-damage|p2a: Corviknight|8/100
|-damage|p1a: Kingambit|84/100|[from] item: Rocky Helmet|[of] p2a: Corviknight
|
|-weather|Snowscape|[upkeep]
|-heal|p1a: Kingambit|90/100|[from] item: Leftovers
|upkeep
|turn|14
|
|t:|1759027935
|move|p1a: Kingambit|Kowtow Cleave|p2a: Corviknight
|-damage|p2a: Corviknight|0 fnt
|-damage|p1a: Kingambit|74/100|[from] item: Rocky Helmet|[of] p2a: Corviknight
|faint|p2a: Corviknight
|
|-weather|none
|-heal|p1a: Kingambit|80/100|[from] item: Leftovers
|upkeep
|
|t:|1759027942
|switch|p2a: Scizor|Scizor, M|100/100
|turn|15
|
|t:|1759027949
|move|p1a: Kingambit|Sucker Punch|p2a: Scizor
|-damage|p2a: Scizor|15/100
|move|p2a: Scizor|Close Combat|p1a: Kingambit
|-supereffective|p1a: Kingambit
|-damage|p1a: Kingambit|0 fnt
|-unboost|p2a: Scizor|def|1
|-unboost|p2a: Scizor|spd|1
|faint|p1a: Kingambit
|-end|p1a: Kingambit|fallen1|[silent]
|
|upkeep
|
|t:|1759027957
|switch|p1a: Slowking|Slowking-Galar, F|100/100
|-sideend|p1: supersham1|move: Toxic Spikes|[of] p1a: Slowking
|turn|16
|
|t:|1759027960
|switch|p2a: Tyranitar|Tyranitar, M|100/100
|-weather|Sandstorm|[from] ability: Sand Stream|[of] p2a: Tyranitar
|move|p1a: Slowking|Future Sight|p2a: Tyranitar
|-start|p1a: Slowking|move: Future Sight
|
|-weather|Sandstorm|[upkeep]
|-damage|p1a: Slowking|94/100|[from] Sandstorm
|upkeep
|turn|17
|
|t:|1759027964
|switch|p1a: Corviknight|Corviknight, M|100/100
|-ability|p1a: Corviknight|Pressure
|move|p2a: Tyranitar|Knock Off|p1a: Corviknight
|-damage|p1a: Corviknight|76/100
|-damage|p2a: Tyranitar|84/100|[from] item: Rocky Helmet|[of] p1a: Corviknight
|-enditem|p1a: Corviknight|Rocky Helmet|[from] move: Knock Off|[of] p2a: Tyranitar
|
|-weather|Sandstorm|[upkeep]
|upkeep
|turn|18
|
|t:|1759027970
|move|p1a: Corviknight|U-turn|p2a: Tyranitar
|-supereffective|p2a: Tyranitar
|-damage|p2a: Tyranitar|66/100
|
|t:|1759027978
|switch|p1a: Iron Valiant|Iron Valiant|100/100|[from] U-turn
|move|p2a: Tyranitar|Fire Blast|p1a: Iron Valiant|[miss]
|-miss|p2a: Tyranitar|p1a: Iron Valiant
|
|-weather|Sandstorm|[upkeep]
|-damage|p1a: Iron Valiant|94/100|[from] Sandstorm
|-end|p2a: Tyranitar|move: Future Sight
|-immune|p2a: Tyranitar
|upkeep
|turn|19
|
|t:|1759027989
|switch|p2a: Hippowdon|Hippowdon, M|100/100
|move|p1a: Iron Valiant|Moonblast|p2a: Hippowdon
|-damage|p2a: Hippowdon|53/100
|
|-weather|Sandstorm|[upkeep]
|-damage|p1a: Iron Valiant|88/100|[from] Sandstorm
|upkeep
|turn|20
|
|t:|1759027997
|move|p1a: Iron Valiant|Moonblast|p2a: Hippowdon
|-damage|p2a: Hippowdon|7/100
|-unboost|p2a: Hippowdon|spa|1
|move|p2a: Hippowdon|Stealth Rock|p1a: Iron Valiant
|-sidestart|p1: supersham1|move: Stealth Rock
|
|-weather|Sandstorm|[upkeep]
|-damage|p1a: Iron Valiant|82/100|[from] Sandstorm
|upkeep
|turn|21
|
|t:|1759028003
|move|p1a: Iron Valiant|Encore|p2a: Hippowdon
|-start|p2a: Hippowdon|Encore
|move|p2a: Hippowdon|Stealth Rock||[still]
|-fail|p2a: Hippowdon
|
|-weather|Sandstorm|[upkeep]
|-damage|p1a: Iron Valiant|76/100|[from] Sandstorm
|upkeep
|turn|22
|
|t:|1759028005
|move|p1a: Iron Valiant|Calm Mind|p1a: Iron Valiant
|-boost|p1a: Iron Valiant|spa|1
|-boost|p1a: Iron Valiant|spd|1
|move|p2a: Hippowdon|Stealth Rock||[still]
|-fail|p2a: Hippowdon
|
|-weather|Sandstorm|[upkeep]
|-damage|p1a: Iron Valiant|69/100|[from] Sandstorm
|upkeep
|turn|23
|
|t:|1759028009
|switch|p2a: Scizor|Scizor, M|15/100
|move|p1a: Iron Valiant|Moonblast|p2a: Scizor
|-resisted|p2a: Scizor
|-damage|p2a: Scizor|0 fnt
|faint|p2a: Scizor
|
|-weather|none
|upkeep
|
|t:|1759028011
|switch|p2a: Hippowdon|Hippowdon, M|7/100
|-weather|Sandstorm|[from] ability: Sand Stream|[of] p2a: Hippowdon
|turn|24
|
|t:|1759028014
|move|p1a: Iron Valiant|Moonblast|p2a: Hippowdon
|-damage|p2a: Hippowdon|0 fnt
|faint|p2a: Hippowdon
|
|-weather|Sandstorm|[upkeep]
|-damage|p1a: Iron Valiant|63/100|[from] Sandstorm
|upkeep
|
|t:|1759028016
|switch|p2a: Excadrill|Excadrill, M|100/100
|turn|25
|
|t:|1759028028
|move|p2a: Excadrill|Iron Head|p1a: Iron Valiant
|-supereffective|p1a: Iron Valiant
|-damage|p1a: Iron Valiant|0 fnt
|faint|p1a: Iron Valiant
|-end|p1a: Iron Valiant|Quark Drive|[silent]
|
|-weather|Sandstorm|[upkeep]
|upkeep
|
|t:|1759028041
|switch|p1a: Corviknight|Corviknight, M|76/100
|-damage|p1a: Corviknight|64/100|[from] Stealth Rock
|-ability|p1a: Corviknight|Pressure
|turn|26
|
|t:|1759028046
|switch|p2a: Tyranitar|Tyranitar, M|66/100
|move|p1a: Corviknight|Roost|p1a: Corviknight
|-heal|p1a: Corviknight|100/100
|-singleturn|p1a: Corviknight|move: Roost
|
|-weather|Sandstorm|[upkeep]
|upkeep
|turn|27
|
|t:|1759028049
|move|p1a: Corviknight|U-turn|p2a: Tyranitar
|-supereffective|p2a: Tyranitar
|-damage|p2a: Tyranitar|48/100
|
|t:|1759028051
|switch|p1a: Slowking|Slowking-Galar, F|100/100|[from] U-turn
|move|p2a: Tyranitar|Fire Blast|p1a: Slowking
|-damage|p1a: Slowking|86/100
|
|-weather|Sandstorm|[upkeep]
|-damage|p1a: Slowking|79/100|[from] Sandstorm
|upkeep
|turn|28
|
|t:|1759028061
|-terastallize|p1a: Slowking|Water
|move|p2a: Tyranitar|Knock Off|p1a: Slowking
|-damage|p1a: Slowking|41/100
|-enditem|p1a: Slowking|Heavy-Duty Boots|[from] move: Knock Off|[of] p2a: Tyranitar
|move|p1a: Slowking|Thunder Wave|p2a: Tyranitar
|-status|p2a: Tyranitar|par
|
|-weather|Sandstorm|[upkeep]
|-damage|p1a: Slowking|35/100|[from] Sandstorm
|upkeep
|turn|29
|
|t:|1759028069
|switch|p1a: Corviknight|Corviknight, M|100/100
|-damage|p1a: Corviknight|88/100|[from] Stealth Rock
|-ability|p1a: Corviknight|Pressure
|cant|p2a: Tyranitar|par
|
|-weather|Sandstorm|[upkeep]
|upkeep
|turn|30
|
|t:|1759028078
|move|p1a: Corviknight|Defog|p2a: Tyranitar
|-unboost|p2a: Tyranitar|evasion|1
|-sideend|p1: supersham1|Stealth Rock|[from] move: Defog|[of] p1a: Corviknight
|move|p2a: Tyranitar|Fire Blast|p1a: Corviknight
|-supereffective|p1a: Corviknight
|-damage|p1a: Corviknight|39/100
|-status|p1a: Corviknight|brn
|
|-weather|Sandstorm|[upkeep]
|-damage|p1a: Corviknight|33/100 brn|[from] brn
|upkeep
|turn|31
|
|t:|1759028085
|switch|p2a: Excadrill|Excadrill, M|100/100
|move|p1a: Corviknight|Roost|p1a: Corviknight
|-heal|p1a: Corviknight|83/100 brn
|-singleturn|p1a: Corviknight|move: Roost
|
|-weather|none
|-damage|p1a: Corviknight|77/100 brn|[from] brn
|upkeep
|turn|32
|
|t:|1759028089
|move|p2a: Excadrill|Rapid Spin|p1a: Corviknight
|-resisted|p1a: Corviknight
|-damage|p1a: Corviknight|71/100 brn
|-boost|p2a: Excadrill|spe|1
|move|p1a: Corviknight|U-turn|p2a: Excadrill
|-resisted|p2a: Excadrill
|-damage|p2a: Excadrill|96/100
|
|t:|1759028096
|switch|p1a: Slowking|Slowking-Galar, F, tera:Water|68/100|[from] U-turn
|
|upkeep
|turn|33
|
|t:|1759028102
|move|p2a: Excadrill|Swords Dance|p2a: Excadrill
|-boost|p2a: Excadrill|atk|2
|-prepare|p1a: Slowking|Chilly Reception|[premajor]
|move|p1a: Slowking|Chilly Reception|p1a: Slowking
|-weather|Snowscape
|
|t:|1759028104
|switch|p1a: Corviknight|Corviknight, M|71/100 brn|[from] Chilly Reception
|-ability|p1a: Corviknight|Pressure
|
|-weather|Snowscape|[upkeep]
|-damage|p1a: Corviknight|65/100 brn|[from] brn
|upkeep
|turn|34
|
|t:|1759028109
|move|p2a: Excadrill|Swords Dance|p2a: Excadrill
|-boost|p2a: Excadrill|atk|2
|move|p1a: Corviknight|U-turn|p2a: Excadrill
|-resisted|p2a: Excadrill
|-damage|p2a: Excadrill|91/100
|
|t:|1759028111
|switch|p1a: Kyurem|Kyurem|100/100|[from] U-turn
|-ability|p1a: Kyurem|Pressure
|
|-weather|Snowscape|[upkeep]
|upkeep
|turn|35
|c|☆supersham1|wait
|c|☆supersham1|you have me here
|c|☆supersham1|but
|c|☆supersham1|what if you let me win
|c|☆supersham1|lemme explain
|inactive|supersham1 has 120 seconds left.
|c|☆supersham1|so basically my girlfriend is watching me play and if i don't win this she's gonna think im a loser
|c|☆supersham1|please bro if you fw me you'd forfeit
|
|t:|1759028170
|switch|p1a: Corviknight|Corviknight, M|65/100 brn
|-ability|p1a: Corviknight|Pressure
|move|p2a: Excadrill|Iron Head|p1a: Corviknight
|-resisted|p1a: Corviknight
|-damage|p1a: Corviknight|22/100 brn
|
|-weather|Snowscape|[upkeep]
|-damage|p1a: Corviknight|16/100 brn|[from] brn
|upkeep
|turn|36
|
|t:|1759028190
|move|p2a: Excadrill|Iron Head|p1a: Corviknight
|-resisted|p1a: Corviknight
|-damage|p1a: Corviknight|0 fnt
|faint|p1a: Corviknight
|
|-weather|Snowscape|[upkeep]
|upkeep
|c|☆supersham1|heartbreak emoji 💔💔
|
|t:|1759028197
|switch|p1a: Kyurem|Kyurem|100/100
|-ability|p1a: Kyurem|Pressure
|turn|37
|c|☆4DEF+4SPD=GG|no endiendo ingles
|c|☆supersham1|ohhh
|inactive|4DEF+4SPD=GG has 120 seconds left.
|c|☆supersham1|wait
|c|☆4DEF+4SPD=GG|Estoy buscando un traductor
|c|☆supersham1|Básicamente, mi novia me está viendo jugar y si no gano, pensará que soy un perdedor.
|inactive|4DEF+4SPD=GG has 90 seconds left.
|c|☆4DEF+4SPD=GG|vale
|c|☆4DEF+4SPD=GG|Entiendo
|
|t:|1759028259
|move|p2a: Excadrill|Swords Dance|p2a: Excadrill
|-boost|p2a: Excadrill|atk|2
|move|p1a: Kyurem|Ice Beam|p2a: Excadrill
|-damage|p2a: Excadrill|0 fnt
|faint|p2a: Excadrill
|
|-weather|none
|upkeep
|
|t:|1759028261
|switch|p2a: Tyranitar|Tyranitar, M|48/100 par
|-weather|Sandstorm|[from] ability: Sand Stream|[of] p2a: Tyranitar
|turn|38
|c|☆supersham1|ty bro
|
|t:|1759028270
|move|p1a: Kyurem|Ice Beam|p2a: Tyranitar
|-damage|p2a: Tyranitar|10/100 par
|move|p2a: Tyranitar|Ice Beam|p1a: Kyurem
|-damage|p1a: Kyurem|79/100
|
|-weather|Sandstorm|[upkeep]
|-damage|p1a: Kyurem|72/100|[from] Sandstorm
|upkeep
|turn|39
|
|t:|1759028275
|move|p1a: Kyurem|Ice Beam|p2a: Tyranitar
|-crit|p2a: Tyranitar
|-damage|p2a: Tyranitar|0 fnt
|faint|p2a: Tyranitar
|
|win|supersham1
|raw|supersham1's rating: 1558 &rarr; <strong>1578</strong><br />(+20 for winning)
|raw|4DEF+4SPD=GG's rating: 1554 &rarr; <strong>1534</strong><br />(-20 for losing)
