|j|☆quixic4
|j|☆AskGandalf
|t:|1759007906
|gametype|singles
|player|p1|quixic4|ingo|1108
|player|p2|AskGandalf|102|1059
|gen|9
|tier|[Gen 9] OU
|rated|
|rule|HP Percentage Mod: HP is shown in percentages
|rule|Endless Battle Clause: Forcing endless battles is banned
|rule|Species Clause: Limit one of each Pokémon
|rule|OHKO Clause: OHKO moves are banned
|rule|Evasion Items Clause: Evasion items are banned
|rule|Evasion Moves Clause: Evasion moves are banned
|rule|Evasion Abilities Clause: Evasion abilities are banned
|rule|Sleep Moves Clause: Sleep-inducing moves are banned
|clearpoke
|poke|p1|Polteageist|
|poke|p1|Sinistcha|
|poke|p1|Dipplin, M|
|poke|p1|Appletun, M|
|poke|p1|Hydrapple, F|
|poke|p1|Goodra, M|
|poke|p2|Clefable, F|
|poke|p2|Iron Treads|
|poke|p2|Deoxys-Speed|
|poke|p2|Dondozo, M|
|poke|p2|Thundurus-Therian, M|
|poke|p2|Gholdengo|
|teampreview
|inactive|Battle timer is ON: inactive players will automatically lose when time's up. (requested by AskGandalf)
|
|t:|1759007944
|teamsize|p1|6
|teamsize|p2|6
|start
|switch|p1a: Polteageist|Polteageist|100/100
|switch|p2a: Gholdengo|Gholdengo|100/100
|turn|1
|
|t:|1759007951
|move|p2a: Gholdengo|Shadow Ball|p1a: Polteageist
|-supereffective|p1a: Polteageist
|-enditem|p1a: Polteageist|Focus Sash
|-damage|p1a: Polteageist|1/100
|move|p1a: Polteageist|Shell Smash|p1a: Polteageist
|-unboost|p1a: Polteageist|def|1
|-unboost|p1a: Polteageist|spd|1
|-boost|p1a: Polteageist|atk|2
|-boost|p1a: Polteageist|spa|2
|-boost|p1a: Polteageist|spe|2
|
|upkeep
|turn|2
|inactive|AskGandalf has 120 seconds left.
|
|t:|1759007997
|move|p1a: Polteageist|Stored Power|p2a: Gholdengo
|-resisted|p2a: Gholdengo
|-damage|p2a: Gholdengo|34/100
|move|p2a: Gholdengo|Shadow Ball|p1a: Polteageist
|-supereffective|p1a: Polteageist
|-damage|p1a: Polteageist|0 fnt
|faint|p1a: Polteageist
|
|upkeep
|
|t:|1759008008
|switch|p1a: Goodra|Goodra, M|100/100
|turn|3
|
|t:|1759008034
|move|p2a: Gholdengo|Shadow Ball|p1a: Goodra
|-damage|p1a: Goodra|67/100
|move|p1a: Goodra|Flamethrower|p2a: Gholdengo
|-supereffective|p2a: Gholdengo
|-damage|p2a: Gholdengo|0 fnt
|faint|p2a: Gholdengo
|
|-heal|p1a: Goodra|74/100|[from] item: Leftovers
|upkeep
|
|t:|1759008035
|switch|p2a: Deoxys|Deoxys-Speed|100/100
|-ability|p2a: Deoxys|Pressure
|turn|4
|
|t:|1759008057
|switch|p1a: Dipplin|Dipplin, M|100/100
|move|p2a: Deoxys|Ice Beam|p1a: Dipplin
|-supereffective|p1a: Dipplin
|-damage|p1a: Dipplin|20/100
|
|upkeep
|turn|5
|
|t:|1759008067
|move|p2a: Deoxys|Ice Beam|p1a: Dipplin
|-supereffective|p1a: Dipplin
|-damage|p1a: Dipplin|0 fnt
|faint|p1a: Dipplin
|
|upkeep
|
|t:|1759008073
|switch|p1a: Sinistcha|Sinistcha|100/100
|turn|6
|inactive|AskGandalf has 120 seconds left.
|
|t:|1759008096
|-terastallize|p1a: Sinistcha|Steel
|move|p2a: Deoxys|Ice Beam|p1a: Sinistcha
|-resisted|p1a: Sinistcha
|-damage|p1a: Sinistcha|85/100
|move|p1a: Sinistcha|Calm Mind|p1a: Sinistcha
|-boost|p1a: Sinistcha|spa|1
|-boost|p1a: Sinistcha|spd|1
|
|-status|p1a: Sinistcha|brn|[from] item: Flame Orb
|upkeep
|turn|7
|
|t:|1759008106
|move|p2a: Deoxys|Stealth Rock|p1a: Sinistcha
|-sidestart|p1: quixic4|move: Stealth Rock
|move|p1a: Sinistcha|Iron Defense|p1a: Sinistcha
|-boost|p1a: Sinistcha|def|2
|
|-damage|p1a: Sinistcha|82/100 brn|[from] brn
|upkeep
|turn|8
|inactive|AskGandalf has 120 seconds left.
|inactive|AskGandalf has 90 seconds left.
|
|t:|1759008152
|move|p2a: Deoxys|Psycho Boost|p1a: Sinistcha|[miss]
|-miss|p2a: Deoxys|p1a: Sinistcha
|move|p1a: Sinistcha|Strength Sap|p2a: Deoxys
|-unboost|p2a: Deoxys|atk|1
|-heal|p1a: Sinistcha|100/100 brn
|
|-damage|p1a: Sinistcha|98/100 brn|[from] brn
|upkeep
|turn|9
|
|t:|1759008161
|switch|p2a: Iron Treads|Iron Treads|100/100
|move|p1a: Sinistcha|Calm Mind|p1a: Sinistcha
|-boost|p1a: Sinistcha|spa|1
|-boost|p1a: Sinistcha|spd|1
|
|-damage|p1a: Sinistcha|95/100 brn|[from] brn
|upkeep
|turn|10
|inactive|AskGandalf has 90 seconds left.
|
|t:|1759008196
|move|p2a: Iron Treads|Earthquake|p1a: Sinistcha
|-supereffective|p1a: Sinistcha
|-damage|p1a: Sinistcha|68/100 brn
|move|p1a: Sinistcha|Iron Defense|p1a: Sinistcha
|-boost|p1a: Sinistcha|def|2
|
|-damage|p1a: Sinistcha|65/100 brn|[from] brn
|upkeep
|turn|11
|
|t:|1759008206
|move|p2a: Iron Treads|Earthquake|p1a: Sinistcha
|-supereffective|p1a: Sinistcha
|-damage|p1a: Sinistcha|48/100 brn
|move|p1a: Sinistcha|Strength Sap|p2a: Iron Treads
|-unboost|p2a: Iron Treads|atk|1
|-heal|p1a: Sinistcha|100/100 brn
|
|-damage|p1a: Sinistcha|98/100 brn|[from] brn
|upkeep
|turn|12
|
|t:|1759008214
|-end|p2a: Iron Treads|Quark Drive|[silent]
|switch|p2a: Clefable|Clefable, F|100/100
|move|p1a: Sinistcha|Calm Mind|p1a: Sinistcha
|-boost|p1a: Sinistcha|spa|1
|-boost|p1a: Sinistcha|spd|1
|
|-damage|p1a: Sinistcha|95/100 brn|[from] brn
|upkeep
|turn|13
|
|t:|1759008222
|move|p1a: Sinistcha|Calm Mind|p1a: Sinistcha
|-boost|p1a: Sinistcha|spa|1
|-boost|p1a: Sinistcha|spd|1
|move|p2a: Clefable|Trick|p1a: Sinistcha
|-activate|p2a: Clefable|move: Trick|[of] p1a: Sinistcha
|-item|p1a: Sinistcha|Black Sludge|[from] move: Trick
|-item|p2a: Clefable|Flame Orb|[from] move: Trick
|
|-damage|p1a: Sinistcha|82/100 brn|[from] item: Black Sludge
|-damage|p1a: Sinistcha|79/100 brn|[from] brn
|-status|p2a: Clefable|brn|[from] item: Flame Orb
|upkeep
|turn|14
|inactive|AskGandalf has 90 seconds left.
|inactive|AskGandalf has 60 seconds left.
|inactive|AskGandalf has 30 seconds left.
|inactive|AskGandalf has 20 seconds left.
|inactive|AskGandalf has 15 seconds left.
|inactive|AskGandalf has 10 seconds left.
|
|t:|1759008320
|move|p2a: Clefable|Protect|p2a: Clefable
|-singleturn|p2a: Clefable|Protect
|move|p1a: Sinistcha|Giga Drain|p2a: Clefable
|-activate|p2a: Clefable|move: Protect
|
|-damage|p1a: Sinistcha|67/100 brn|[from] item: Black Sludge
|-damage|p1a: Sinistcha|64/100 brn|[from] brn
|upkeep
|turn|15
|inactive|AskGandalf has 20 seconds left this turn.
|inactive|AskGandalf has 15 seconds left.
|
|t:|1759008328
|-terastallize|p2a: Clefable|Flying
|move|p1a: Sinistcha|Giga Drain|p2a: Clefable
|-resisted|p2a: Clefable
|-damage|p2a: Clefable|70/100 brn
|-heal|p1a: Sinistcha|81/100 brn|[from] drain|[of] p2a: Clefable
|move|p2a: Clefable|Wish|p2a: Clefable
|
|-damage|p1a: Sinistcha|69/100 brn|[from] item: Black Sludge
|-damage|p1a: Sinistcha|66/100 brn|[from] brn
|upkeep
|turn|16
|inactive|AskGandalf has 25 seconds left this turn.
|inactive|AskGandalf has 20 seconds left.
|inactive|AskGandalf has 15 seconds left.
|
|t:|1759008339
|move|p1a: Sinistcha|Calm Mind|p1a: Sinistcha
|-boost|p1a: Sinistcha|spa|1
|-boost|p1a: Sinistcha|spd|1
|move|p2a: Clefable|Alluring Voice|p1a: Sinistcha
|-resisted|p1a: Sinistcha
|-damage|p1a: Sinistcha|61/100 brn
|-start|p1a: Sinistcha|confusion
|
|-heal|p2a: Clefable|100/100 brn|[from] move: Wish|[wisher] Clefable
|-damage|p1a: Sinistcha|49/100 brn|[from] item: Black Sludge
|-damage|p1a: Sinistcha|46/100 brn|[from] brn
|upkeep
|turn|17
|inactive|AskGandalf has 25 seconds left this turn.
|c|☆AskGandalf|NOICE
|inactive|AskGandalf has 20 seconds left.
|
|t:|1759008353
|move|p2a: Clefable|Protect|p2a: Clefable
|-singleturn|p2a: Clefable|Protect
|-activate|p1a: Sinistcha|confusion
|move|p1a: Sinistcha|Giga Drain|p2a: Clefable
|-activate|p2a: Clefable|move: Protect
|
|-damage|p1a: Sinistcha|33/100 brn|[from] item: Black Sludge
|-damage|p1a: Sinistcha|31/100 brn|[from] brn
|upkeep
|turn|18
|inactive|AskGandalf has 30 seconds left this turn.
|inactive|AskGandalf has 20 seconds left.
|inactive|AskGandalf has 15 seconds left.
|inactive|AskGandalf has 10 seconds left.
|inactive|AskGandalf has 5 seconds left.
|
|t:|1759008383
|-end|p1a: Sinistcha|confusion
|move|p1a: Sinistcha|Giga Drain|p2a: Clefable
|-resisted|p2a: Clefable
|-damage|p2a: Clefable|65/100 brn
|-heal|p1a: Sinistcha|51/100 brn|[from] drain|[of] p2a: Clefable
|move|p2a: Clefable|Alluring Voice|p1a: Sinistcha
|-resisted|p1a: Sinistcha
|-damage|p1a: Sinistcha|46/100 brn
|
|-damage|p1a: Sinistcha|34/100 brn|[from] item: Black Sludge
|-damage|p1a: Sinistcha|31/100 brn|[from] brn
|upkeep
|turn|19
|inactive|AskGandalf has 15 seconds left this turn.
|
|t:|1759008394
|move|p2a: Clefable|Protect|p2a: Clefable
|-singleturn|p2a: Clefable|Protect
|move|p1a: Sinistcha|Calm Mind|p1a: Sinistcha
|-boost|p1a: Sinistcha|spa|1
|-boost|p1a: Sinistcha|spd|1
|
|-damage|p1a: Sinistcha|18/100 brn|[from] item: Black Sludge
|-damage|p1a: Sinistcha|16/100 brn|[from] brn
|upkeep
|turn|20
|inactive|AskGandalf has 25 seconds left this turn.
|inactive|AskGandalf has 20 seconds left.
|
|t:|1759008402
|move|p1a: Sinistcha|Giga Drain|p2a: Clefable
|-resisted|p2a: Clefable
|-damage|p2a: Clefable|26/100 brn
|-heal|p1a: Sinistcha|38/100 brn|[from] drain|[of] p2a: Clefable
|move|p2a: Clefable|Wish|p2a: Clefable
|
|-damage|p1a: Sinistcha|25/100 brn|[from] item: Black Sludge
|-damage|p1a: Sinistcha|22/100 brn|[from] brn
|upkeep
|turn|21
|inactive|AskGandalf has 30 seconds left this turn.
|inactive|AskGandalf has 20 seconds left.
|inactive|AskGandalf has 15 seconds left.
|
|t:|1759008418
|move|p2a: Clefable|Protect|p2a: Clefable
|-singleturn|p2a: Clefable|Protect
|move|p1a: Sinistcha|Giga Drain|p2a: Clefable
|-activate|p2a: Clefable|move: Protect
|
|-heal|p2a: Clefable|76/100 brn|[from] move: Wish|[wisher] Clefable
|-damage|p1a: Sinistcha|10/100 brn|[from] item: Black Sludge
|-damage|p1a: Sinistcha|7/100 brn|[from] brn
|upkeep
|turn|22
|inactive|AskGandalf has 25 seconds left this turn.
|
|t:|1759008422
|move|p2a: Clefable|Protect||[still]
|-fail|p2a: Clefable
|move|p1a: Sinistcha|Giga Drain|p2a: Clefable
|-resisted|p2a: Clefable
|-damage|p2a: Clefable|39/100 brn
|-heal|p1a: Sinistcha|29/100 brn|[from] drain|[of] p2a: Clefable
|
|-damage|p1a: Sinistcha|16/100 brn|[from] item: Black Sludge
|-damage|p1a: Sinistcha|13/100 brn|[from] brn
|upkeep
|turn|23
|
|t:|1759008448
|move|p2a: Clefable|Protect|p2a: Clefable
|-singleturn|p2a: Clefable|Protect
|move|p1a: Sinistcha|Giga Drain|p2a: Clefable
|-activate|p2a: Clefable|move: Protect
|
|-damage|p1a: Sinistcha|1/100 brn|[from] item: Black Sludge
|-damage|p1a: Sinistcha|0 fnt|[from] brn
|faint|p1a: Sinistcha
|upkeep
|
|t:|1759008454
|switch|p1a: Hydrapple|Hydrapple, F|100/100
|-damage|p1a: Hydrapple|88/100|[from] Stealth Rock
|turn|24
|
|t:|1759008461
|move|p2a: Clefable|Alluring Voice|p1a: Hydrapple
|-supereffective|p1a: Hydrapple
|-damage|p1a: Hydrapple|39/100
|-enditem|p1a: Hydrapple|Weakness Policy
|-boost|p1a: Hydrapple|atk|2|[from] item: Weakness Policy
|-boost|p1a: Hydrapple|spa|2|[from] item: Weakness Policy
|move|p1a: Hydrapple|Leaf Storm|p2a: Clefable
|-resisted|p2a: Clefable
|-damage|p2a: Clefable|0 fnt
|-unboost|p1a: Hydrapple|spa|2
|faint|p2a: Clefable
|
|upkeep
|
|t:|1759008473
|switch|p2a: Deoxys|Deoxys-Speed|100/100
|-ability|p2a: Deoxys|Pressure
|turn|25
|
|t:|1759008479
|switch|p1a: Appletun|Appletun, M|100/100
|-damage|p1a: Appletun|88/100|[from] Stealth Rock
|move|p2a: Deoxys|Ice Beam|p1a: Appletun
|-supereffective|p1a: Appletun
|-damage|p1a: Appletun|52/100
|
|-heal|p1a: Appletun|58/100|[from] item: Leftovers
|upkeep
|turn|26
|inactive|AskGandalf has 60 seconds left.
|
|t:|1759008497
|move|p2a: Deoxys|Stealth Rock||[still]
|-fail|p2a: Deoxys
|move|p1a: Appletun|Light Screen|p1a: Appletun
|-sidestart|p1: quixic4|move: Light Screen
|
|-heal|p1a: Appletun|64/100|[from] item: Leftovers
|upkeep
|turn|27
|
|t:|1759008503
|move|p2a: Deoxys|Ice Beam|p1a: Appletun
|-supereffective|p1a: Appletun
|-damage|p1a: Appletun|48/100
|move|p1a: Appletun|Leech Seed|p2a: Deoxys
|-start|p2a: Deoxys|move: Leech Seed
|
|-heal|p1a: Appletun|54/100|[from] item: Leftovers
|-damage|p2a: Deoxys|88/100|[from] Leech Seed|[of] p1a: Appletun
|-heal|p1a: Appletun|61/100|[silent]
|upkeep
|turn|28
|inactive|AskGandalf has 60 seconds left.
|inactive|AskGandalf has 30 seconds left.
|inactive|AskGandalf has 20 seconds left.
|
|t:|1759008548
|switch|p2a: Iron Treads|Iron Treads|100/100
|move|p1a: Appletun|Leaf Storm|p2a: Iron Treads
|-damage|p2a: Iron Treads|65/100
|-unboost|p1a: Appletun|spa|2
|
|-heal|p2a: Iron Treads|72/100|[from] item: Leftovers
|-heal|p1a: Appletun|67/100|[from] item: Leftovers
|upkeep
|turn|29
|inactive|AskGandalf has 30 seconds left this turn.
|
|t:|1759008559
|switch|p1a: Goodra|Goodra, M|74/100
|-damage|p1a: Goodra|61/100|[from] Stealth Rock
|move|p2a: Iron Treads|Knock Off|p1a: Goodra
|-damage|p1a: Goodra|25/100
|-enditem|p1a: Goodra|Leftovers|[from] move: Knock Off|[of] p2a: Iron Treads
|
|-heal|p2a: Iron Treads|78/100|[from] item: Leftovers
|upkeep
|turn|30
|inactive|AskGandalf has 30 seconds left.
|inactive|AskGandalf has 20 seconds left.
|inactive|AskGandalf has 15 seconds left.
|inactive|AskGandalf has 10 seconds left.
|
|t:|1759008594
|move|p1a: Goodra|Flamethrower|p2a: Iron Treads
|-supereffective|p2a: Iron Treads
|-damage|p2a: Iron Treads|29/100
|move|p2a: Iron Treads|Earthquake|p1a: Goodra
|-damage|p1a: Goodra|0 fnt
|faint|p1a: Goodra
|
|-heal|p2a: Iron Treads|35/100|[from] item: Leftovers
|-sideend|p1: quixic4|move: Light Screen
|upkeep
|
|t:|1759008602
|switch|p1a: Hydrapple|Hydrapple, F|72/100
|-damage|p1a: Hydrapple|60/100|[from] Stealth Rock
|turn|31
|inactive|AskGandalf has 25 seconds left this turn.
|inactive|AskGandalf has 20 seconds left.
|inactive|AskGandalf has 15 seconds left.
|
|t:|1759008615
|-end|p2a: Iron Treads|Quark Drive|[silent]
|switch|p2a: Thundurus|Thundurus-Therian, M|100/100
|move|p1a: Hydrapple|Leaf Storm|p2a: Thundurus
|-resisted|p2a: Thundurus
|-damage|p2a: Thundurus|55/100
|-unboost|p1a: Hydrapple|spa|2
|
|upkeep
|turn|32
|inactive|AskGandalf has 25 seconds left this turn.
|
|t:|1759008623
|switch|p1a: Appletun|Appletun, M|67/100
|-damage|p1a: Appletun|55/100|[from] Stealth Rock
|move|p2a: Thundurus|Tera Blast|p1a: Appletun
|-damage|p1a: Appletun|27/100
|
|-heal|p1a: Appletun|33/100|[from] item: Leftovers
|upkeep
|turn|33
|inactive|AskGandalf has 30 seconds left.
|
|t:|1759008636
|move|p2a: Thundurus|Tera Blast|p1a: Appletun
|-damage|p1a: Appletun|3/100
|move|p1a: Appletun|Light Screen|p1a: Appletun
|-sidestart|p1: quixic4|move: Light Screen
|
|-heal|p1a: Appletun|9/100|[from] item: Leftovers
|upkeep
|turn|34
|
|t:|1759008641
|move|p2a: Thundurus|Tera Blast|p1a: Appletun
|-damage|p1a: Appletun|0 fnt
|faint|p1a: Appletun
|
|upkeep
|
|t:|1759008645
|switch|p1a: Hydrapple|Hydrapple, F|93/100
|-damage|p1a: Hydrapple|80/100|[from] Stealth Rock
|turn|35
|
|t:|1759008656
|move|p2a: Thundurus|Tera Blast|p1a: Hydrapple
|-damage|p1a: Hydrapple|59/100
|move|p1a: Hydrapple|Nasty Plot|p1a: Hydrapple
|-boost|p1a: Hydrapple|spa|2
|
|upkeep
|turn|36
|
|t:|1759008662
|switch|p2a: Iron Treads|Iron Treads|35/100
|move|p1a: Hydrapple|Draco Meteor|p2a: Iron Treads
|-resisted|p2a: Iron Treads
|-damage|p2a: Iron Treads|0 fnt
|-unboost|p1a: Hydrapple|spa|2
|faint|p2a: Iron Treads
|-end|p2a: Iron Treads|Quark Drive|[silent]
|
|upkeep
|
|t:|1759008664
|switch|p2a: Deoxys|Deoxys-Speed|88/100
|-ability|p2a: Deoxys|Pressure
|turn|37
|
|t:|1759008673
|move|p2a: Deoxys|Ice Beam|p1a: Hydrapple
|-supereffective|p1a: Hydrapple
|-damage|p1a: Hydrapple|7/100
|move|p1a: Hydrapple|Draco Meteor|p2a: Deoxys
|-damage|p2a: Deoxys|0 fnt
|-unboost|p1a: Hydrapple|spa|2
|faint|p2a: Deoxys
|
|-sideend|p1: quixic4|move: Light Screen
|upkeep
|
|t:|1759008682
|switch|p2a: Thundurus|Thundurus-Therian, M|55/100
|turn|38
|
|t:|1759008685
|move|p2a: Thundurus|Tera Blast|p1a: Hydrapple
|-damage|p1a: Hydrapple|0 fnt
|faint|p1a: Hydrapple
|
|win|AskGandalf
|raw|quixic4's rating: 1108 &rarr; <strong>1079</strong><br />(-29 for losing)
|raw|AskGandalf's rating: 1059 &rarr; <strong>1095</strong><br />(+36 for winning)
|l|☆quixic4
|player|p1|
|l|☆AskGandalf
|player|p2|
