|j|☆Velasquito
|j|☆cuajada
|t:|1759037278
|gametype|singles
|player|p1|Velasquito|veteran-gen4|1171
|player|p2|cuajada|ltsurge|1140
|gen|9
|tier|[Gen 9] OU
|rated|
|rule|HP Percentage Mod: HP is shown in percentages
|rule|Endless Battle Clause: Forcing endless battles is banned
|rule|Species Clause: Limit one of each Pokémon
|rule|OHKO Clause: OHKO moves are banned
|rule|Evasion Items Clause: Evasion items are banned
|rule|Evasion Moves Clause: Evasion moves are banned
|rule|Evasion Abilities Clause: Evasion abilities are banned
|rule|Sleep Moves Clause: Sleep-inducing moves are banned
|clearpoke
|poke|p1|Incineroar, F|
|poke|p1|Tauros-Paldea-Aqua, M|
|poke|p1|Vileplume, F|
|poke|p1|Garganacl, M|
|poke|p1|Tornadus-Therian, M|
|poke|p1|Great Tusk|
|poke|p2|Blaziken, M|
|poke|p2|Furret, M|
|poke|p2|Darkrai|
|poke|p2|Swampert, M|
|poke|p2|Zapdos|
|poke|p2|Grimmsnarl, M|
|teampreview
|
|t:|1759037298
|teamsize|p1|6
|teamsize|p2|6
|start
|switch|p1a: Great Tusk|Great Tusk|100/100
|switch|p2a: Zapdos|Zapdos|100/100
|turn|1
|
|t:|1759037315
|-end|p1a: Great Tusk|Protosynthesis|[silent]
|switch|p1a: Garganacl|Garganacl, M|100/100
|switch|p2a: Swampert|Swampert, M|100/100
|
|upkeep
|turn|2
|
|t:|1759037324
|switch|p1a: Vileplume|Vileplume, F|100/100
|move|p2a: Swampert|Stealth Rock|p1a: Vileplume
|-sidestart|p1: Velasquito|move: Stealth Rock
|
|upkeep
|turn|3
|
|t:|1759037336
|switch|p2a: Grimmsnarl|Grimmsnarl, M|100/100
|move|p1a: Vileplume|Leech Seed|p2a: Grimmsnarl
|-start|p2a: Grimmsnarl|move: Leech Seed
|
|-damage|p2a: Grimmsnarl|88/100|[from] Leech Seed|[of] p1a: Vileplume
|upkeep
|turn|4
|
|t:|1759037352
|move|p2a: Grimmsnarl|Light Screen|p2a: Grimmsnarl
|-sidestart|p2: cuajada|move: Light Screen
|move|p1a: Vileplume|Sludge Bomb|p2a: Grimmsnarl
|-supereffective|p2a: Grimmsnarl
|-damage|p2a: Grimmsnarl|60/100
|
|-damage|p2a: Grimmsnarl|48/100|[from] Leech Seed|[of] p1a: Vileplume
|upkeep
|turn|5
|
|t:|1759037360
|move|p2a: Grimmsnarl|Reflect|p2a: Grimmsnarl
|-sidestart|p2: cuajada|Reflect
|move|p1a: Vileplume|Sludge Bomb|p2a: Grimmsnarl
|-supereffective|p2a: Grimmsnarl
|-damage|p2a: Grimmsnarl|18/100
|
|-damage|p2a: Grimmsnarl|6/100|[from] Leech Seed|[of] p1a: Vileplume
|upkeep
|turn|6
|
|t:|1759037368
|move|p2a: Grimmsnarl|Parting Shot|p1a: Vileplume
|-unboost|p1a: Vileplume|atk|1
|-unboost|p1a: Vileplume|spa|1
|
|t:|1759037375
|switch|p2a: Furret|Furret, M|100/100|[from] Parting Shot
|-item|p1a: Vileplume|Rocky Helmet|[from] ability: Frisk|[of] p2a: Furret
|move|p1a: Vileplume|Sludge Bomb|p2a: Furret
|-damage|p2a: Furret|82/100
|
|upkeep
|turn|7
|
|t:|1759037388
|switch|p1a: Great Tusk|Great Tusk|100/100
|move|p2a: Furret|Tidy Up|p2a: Furret
|-sideend|p1: Velasquito|Stealth Rock
|-activate|p2a: Furret|move: Tidy Up
|-boost|p2a: Furret|atk|1
|-boost|p2a: Furret|spe|1
|
|upkeep
|turn|8
|
|t:|1759037411
|-terastallize|p2a: Furret|Normal
|move|p2a: Furret|Last Resort|p1a: Great Tusk
|-damage|p1a: Great Tusk|0 fnt
|faint|p1a: Great Tusk
|-end|p1a: Great Tusk|Protosynthesis|[silent]
|
|upkeep
|
|t:|1759037420
|switch|p1a: Tauros|Tauros-Paldea-Aqua, M|100/100
|-ability|p1a: Tauros|Intimidate|boost
|-unboost|p2a: Furret|atk|1
|turn|9
|
|t:|1759037433
|move|p2a: Furret|Last Resort|p1a: Tauros
|-damage|p1a: Tauros|0 fnt
|faint|p1a: Tauros
|
|upkeep
|
|t:|1759037442
|switch|p1a: Incineroar|Incineroar, F|100/100
|-ability|p1a: Incineroar|Intimidate|boost
|-unboost|p2a: Furret|atk|1
|turn|10
|
|t:|1759037450
|move|p2a: Furret|Tidy Up|p2a: Furret
|-boost|p2a: Furret|atk|1
|-boost|p2a: Furret|spe|1
|move|p1a: Incineroar|Knock Off|p2a: Furret
|-damage|p2a: Furret|42/100
|-enditem|p2a: Furret|Silk Scarf|[from] move: Knock Off|[of] p1a: Incineroar
|
|upkeep
|turn|11
|
|t:|1759037471
|switch|p1a: Garganacl|Garganacl, M|100/100
|move|p2a: Furret|Last Resort|p1a: Garganacl
|-resisted|p1a: Garganacl
|-damage|p1a: Garganacl|77/100
|
|-heal|p1a: Garganacl|83/100|[from] item: Leftovers
|-sideend|p2: cuajada|move: Light Screen
|upkeep
|turn|12
|
|t:|1759037480
|move|p2a: Furret|Tidy Up|p2a: Furret
|-boost|p2a: Furret|atk|1
|-boost|p2a: Furret|spe|1
|move|p1a: Garganacl|Salt Cure|p2a: Furret
|-damage|p2a: Furret|31/100
|-start|p2a: Furret|Salt Cure
|
|-heal|p1a: Garganacl|89/100|[from] item: Leftovers
|-damage|p2a: Furret|19/100|[from] Salt Cure
|-sideend|p2: cuajada|Reflect
|upkeep
|turn|13
|
|t:|1759037491
|move|p2a: Furret|Last Resort|p1a: Garganacl
|-resisted|p1a: Garganacl
|-damage|p1a: Garganacl|55/100
|move|p1a: Garganacl|Curse|p1a: Garganacl
|-unboost|p1a: Garganacl|spe|1
|-boost|p1a: Garganacl|atk|1
|-boost|p1a: Garganacl|def|1
|
|-heal|p1a: Garganacl|62/100|[from] item: Leftovers
|-damage|p2a: Furret|6/100|[from] Salt Cure
|upkeep
|turn|14
|
|t:|1759037503
|move|p2a: Furret|Last Resort|p1a: Garganacl
|-resisted|p1a: Garganacl
|-damage|p1a: Garganacl|37/100
|move|p1a: Garganacl|Recover|p1a: Garganacl
|-heal|p1a: Garganacl|87/100
|
|-heal|p1a: Garganacl|94/100|[from] item: Leftovers
|-damage|p2a: Furret|0 fnt|[from] Salt Cure
|faint|p2a: Furret
|upkeep
|
|t:|1759037516
|switch|p2a: Blaziken|Blaziken, M|100/100
|turn|15
|
|t:|1759037544
|-terastallize|p1a: Garganacl|Water
|move|p2a: Blaziken|Swords Dance|p2a: Blaziken
|-boost|p2a: Blaziken|atk|2
|move|p1a: Garganacl|Salt Cure|p2a: Blaziken
|-damage|p2a: Blaziken|67/100
|-start|p2a: Blaziken|Salt Cure
|
|-heal|p1a: Garganacl|99/100|[from] item: Leftovers
|-damage|p2a: Blaziken|54/100|[from] Salt Cure
|-ability|p2a: Blaziken|Speed Boost|boost
|-boost|p2a: Blaziken|spe|1
|upkeep
|turn|16
|
|t:|1759037557
|move|p2a: Blaziken|Close Combat|p1a: Garganacl
|-damage|p1a: Garganacl|28/100
|-unboost|p2a: Blaziken|def|1
|-unboost|p2a: Blaziken|spd|1
|-damage|p2a: Blaziken|45/100|[from] item: Life Orb
|move|p1a: Garganacl|Earthquake|p2a: Blaziken
|-supereffective|p2a: Blaziken
|-damage|p2a: Blaziken|0 fnt
|faint|p2a: Blaziken
|
|-heal|p1a: Garganacl|34/100|[from] item: Leftovers
|upkeep
|
|t:|1759037575
|switch|p2a: Darkrai|Darkrai|100/100
|turn|17
|
|t:|1759037582
|move|p2a: Darkrai|Dark Pulse|p1a: Garganacl
|-damage|p1a: Garganacl|0 fnt
|faint|p1a: Garganacl
|-damage|p2a: Darkrai|91/100|[from] item: Life Orb
|
|upkeep
|
|t:|1759037595
|switch|p1a: Incineroar|Incineroar, F|100/100
|-ability|p1a: Incineroar|Intimidate|boost
|-unboost|p2a: Darkrai|atk|1
|turn|18
|inactive|Battle timer is ON: inactive players will automatically lose when time's up. (requested by Velasquito)
|
|t:|1759037608
|switch|p2a: Swampert|Swampert, M|100/100
|move|p1a: Incineroar|Swords Dance|p1a: Incineroar
|-boost|p1a: Incineroar|atk|2
|
|upkeep
|turn|19
|inactive|Velasquito has 120 seconds left.
|
|t:|1759037639
|switch|p1a: Vileplume|Vileplume, F|100/100
|move|p2a: Swampert|Earthquake|p1a: Vileplume
|-damage|p1a: Vileplume|69/100
|
|upkeep
|turn|20
|
|t:|1759037647
|switch|p2a: Zapdos|Zapdos|100/100
|move|p1a: Vileplume|Leech Seed|p2a: Zapdos
|-start|p2a: Zapdos|move: Leech Seed
|
|-damage|p2a: Zapdos|88/100|[from] Leech Seed|[of] p1a: Vileplume
|-heal|p1a: Vileplume|82/100|[silent]
|upkeep
|turn|21
|
|t:|1759037660
|switch|p1a: Incineroar|Incineroar, F|100/100
|-ability|p1a: Incineroar|Intimidate|boost
|-unboost|p2a: Zapdos|atk|1
|move|p2a: Zapdos|Heat Wave|p1a: Incineroar
|-resisted|p1a: Incineroar
|-damage|p1a: Incineroar|87/100
|
|-damage|p2a: Zapdos|76/100|[from] Leech Seed|[of] p1a: Incineroar
|-heal|p1a: Incineroar|100/100|[silent]
|upkeep
|turn|22
|
|t:|1759037671
|move|p2a: Zapdos|Volt Switch|p1a: Incineroar
|-damage|p1a: Incineroar|69/100
|
|t:|1759037677
|switch|p2a: Swampert|Swampert, M|100/100|[from] Volt Switch
|move|p1a: Incineroar|Knock Off|p2a: Swampert
|-damage|p2a: Swampert|70/100
|-enditem|p2a: Swampert|Leftovers|[from] move: Knock Off|[of] p1a: Incineroar
|
|upkeep
|turn|23
|
|t:|1759037691
|switch|p1a: Vileplume|Vileplume, F|82/100
|move|p2a: Swampert|Ice Beam|p1a: Vileplume
|-supereffective|p1a: Vileplume
|-crit|p1a: Vileplume
|-damage|p1a: Vileplume|25/100
|
|upkeep
|turn|24
|
|t:|1759037700
|move|p2a: Swampert|Ice Beam|p1a: Vileplume
|-supereffective|p1a: Vileplume
|-damage|p1a: Vileplume|0 fnt
|faint|p1a: Vileplume
|
|upkeep
|
|t:|1759037706
|switch|p1a: Tornadus|Tornadus-Therian, M|100/100
|turn|25
|
|t:|1759037712
|move|p1a: Tornadus|Bleakwind Storm|p2a: Swampert
|-damage|p2a: Swampert|14/100
|-damage|p1a: Tornadus|91/100|[from] item: Life Orb
|move|p2a: Swampert|Ice Beam|p1a: Tornadus
|-supereffective|p1a: Tornadus
|-damage|p1a: Tornadus|49/100
|
|upkeep
|turn|26
|
|t:|1759037721
|move|p1a: Tornadus|Grass Knot|p2a: Swampert
|-supereffective|p2a: Swampert
|-damage|p2a: Swampert|0 fnt
|faint|p2a: Swampert
|-damage|p1a: Tornadus|40/100|[from] item: Life Orb
|
|upkeep
|
|t:|1759037728
|switch|p2a: Grimmsnarl|Grimmsnarl, M|6/100
|turn|27
|
|t:|1759037732
|move|p2a: Grimmsnarl|Light Screen|p2a: Grimmsnarl
|-sidestart|p2: cuajada|move: Light Screen
|move|p1a: Tornadus|Grass Knot|p2a: Grimmsnarl
|-damage|p2a: Grimmsnarl|0 fnt
|faint|p2a: Grimmsnarl
|-damage|p1a: Tornadus|30/100|[from] item: Life Orb
|
|upkeep
|
|t:|1759037742
|switch|p2a: Zapdos|Zapdos|76/100
|turn|28
|
|t:|1759037748
|move|p1a: Tornadus|Heat Wave|p2a: Zapdos
|-damage|p2a: Zapdos|58/100
|-status|p2a: Zapdos|brn
|-damage|p1a: Tornadus|20/100|[from] item: Life Orb
|move|p2a: Zapdos|Volt Switch|p1a: Tornadus
|-supereffective|p1a: Tornadus
|-damage|p1a: Tornadus|0 fnt
|faint|p1a: Tornadus
|
|t:|1759037757
|switch|p2a: Darkrai|Darkrai|91/100|[from] Volt Switch
|
|upkeep
|
|t:|1759037761
|switch|p1a: Incineroar|Incineroar, F|69/100
|-ability|p1a: Incineroar|Intimidate|boost
|-unboost|p2a: Darkrai|atk|1
|turn|29
|
|t:|1759037772
|move|p2a: Darkrai|Sludge Bomb|p1a: Incineroar
|-damage|p1a: Incineroar|23/100
|-damage|p2a: Darkrai|81/100|[from] item: Life Orb
|move|p1a: Incineroar|U-turn|p2a: Darkrai
|-supereffective|p2a: Darkrai
|-damage|p2a: Darkrai|19/100
|
|upkeep
|turn|30
|inactive|Velasquito has 120 seconds left.
|
|t:|1759037811
|move|p2a: Darkrai|Sludge Bomb|p1a: Incineroar
|-damage|p1a: Incineroar|0 fnt
|faint|p1a: Incineroar
|-damage|p2a: Darkrai|9/100|[from] item: Life Orb
|
|win|cuajada
|raw|Velasquito's rating: 1171 &rarr; <strong>1144</strong><br />(-27 for losing)
|raw|cuajada's rating: 1140 &rarr; <strong>1167</strong><br />(+27 for winning)
|l|☆cuajada
|player|p2|
|l|☆Velasquito
|player|p1|
