|j|☆keviin
|j|‽Vyrcam
|t:|1759077313
|gametype|singles
|player|p1|keviin|richboy-gen4|1204
|player|p2|Vyrcam|102|1236
|gen|9
|tier|[Gen 9] OU
|rated|
|rule|HP Percentage Mod: HP is shown in percentages
|rule|Endless Battle Clause: Forcing endless battles is banned
|rule|Species Clause: Limit one of each Pokémon
|rule|OHKO Clause: OHKO moves are banned
|rule|Evasion Items Clause: Evasion items are banned
|rule|Evasion Moves Clause: Evasion moves are banned
|rule|Evasion Abilities Clause: Evasion abilities are banned
|rule|Sleep Moves Clause: Sleep-inducing moves are banned
|clearpoke
|poke|p1|Misdreavus, M|
|poke|p1|Hitmontop, M|
|poke|p1|Tsareena, F|
|poke|p1|Magcargo, F|
|poke|p1|Magnezone|
|poke|p1|Gastrodon, M|
|poke|p2|Araquanid, F|
|poke|p2|Gholdengo|
|poke|p2|Iron Moth|
|poke|p2|Iron Valiant|
|poke|p2|Raging Bolt|
|poke|p2|Kingambit, F|
|teampreview
|
|t:|1759077331
|teamsize|p1|6
|teamsize|p2|6
|start
|switch|p1a: Magnezone|Magnezone|100/100
|switch|p2a: Araquanid|Araquanid, F|100/100
|-item|p1a: Magnezone|Air Balloon
|turn|1
|
|t:|1759077338
|move|p1a: Magnezone|Thunderbolt|p2a: Araquanid
|-supereffective|p2a: Araquanid
|-damage|p2a: Araquanid|26/100
|move|p2a: Araquanid|Sticky Web|p1a: Magnezone
|-sidestart|p1: keviin|move: Sticky Web
|
|upkeep
|turn|2
|
|t:|1759077344
|move|p1a: Magnezone|Thunderbolt|p2a: Araquanid
|-supereffective|p2a: Araquanid
|-damage|p2a: Araquanid|0 fnt
|faint|p2a: Araquanid
|
|upkeep
|
|t:|1759077364
|switch|p2a: Iron Valiant|Iron Valiant|100/100
|-enditem|p2a: Iron Valiant|Booster Energy
|-activate|p2a: Iron Valiant|ability: Quark Drive|[fromitem]
|-start|p2a: Iron Valiant|quarkdrivespa
|turn|3
|
|t:|1759077391
|-terastallize|p1a: Magnezone|Flying
|move|p2a: Iron Valiant|Vacuum Wave|p1a: Magnezone
|-resisted|p1a: Magnezone
|-damage|p1a: Magnezone|86/100
|-enditem|p1a: Magnezone|Air Balloon
|move|p1a: Magnezone|Flash Cannon|p2a: Iron Valiant
|-supereffective|p2a: Iron Valiant
|-damage|p2a: Iron Valiant|0 fnt
|faint|p2a: Iron Valiant
|-end|p2a: Iron Valiant|Quark Drive|[silent]
|
|upkeep
|
|t:|1759077406
|switch|p2a: Raging Bolt|Raging Bolt|100/100
|-enditem|p2a: Raging Bolt|Booster Energy
|-activate|p2a: Raging Bolt|ability: Protosynthesis|[fromitem]
|-start|p2a: Raging Bolt|protosynthesisspa
|turn|4
|
|t:|1759077414
|switch|p1a: Gastrodon|Gastrodon, M|100/100
|-activate|p1a: Gastrodon|move: Sticky Web
|-unboost|p1a: Gastrodon|spe|1
|move|p2a: Raging Bolt|Thunderclap||[still]
|-fail|p2a: Raging Bolt
|
|upkeep
|turn|5
|
|t:|1759077426
|-end|p2a: Raging Bolt|Protosynthesis|[silent]
|switch|p2a: Iron Moth|Iron Moth|100/100
|-enditem|p2a: Iron Moth|Booster Energy
|-activate|p2a: Iron Moth|ability: Quark Drive|[fromitem]
|-start|p2a: Iron Moth|quarkdrivespa
|move|p1a: Gastrodon|Earthquake|p2a: Iron Moth
|-supereffective|p2a: Iron Moth
|-damage|p2a: Iron Moth|0 fnt
|faint|p2a: Iron Moth
|-end|p2a: Iron Moth|Quark Drive|[silent]
|
|upkeep
|
|t:|1759077438
|switch|p2a: Gholdengo|Gholdengo|100/100
|-item|p2a: Gholdengo|Air Balloon
|turn|6
|
|t:|1759077475
|switch|p1a: Magcargo|Magcargo, F|100/100
|move|p2a: Gholdengo|Nasty Plot|p2a: Gholdengo
|-boost|p2a: Gholdengo|spa|2
|
|upkeep
|turn|7
|
|t:|1759077494
|move|p2a: Gholdengo|Make It Rain|p1a: Magcargo
|-damage|p1a: Magcargo|0 fnt
|-unboost|p2a: Gholdengo|spa|1
|faint|p1a: Magcargo
|
|upkeep
|
|t:|1759077514
|switch|p1a: Tsareena|Tsareena, F|100/100
|-activate|p1a: Tsareena|move: Sticky Web
|-unboost|p1a: Tsareena|spe|1
|turn|8
|
|t:|1759077540
|move|p2a: Gholdengo|Shadow Ball|p1a: Tsareena
|-damage|p1a: Tsareena|28/100
|-unboost|p1a: Tsareena|spd|1
|move|p1a: Tsareena|Knock Off|p2a: Gholdengo
|-supereffective|p2a: Gholdengo
|-damage|p2a: Gholdengo|23/100
|-enditem|p2a: Gholdengo|Air Balloon
|
|upkeep
|turn|9
|
|t:|1759077549
|move|p2a: Gholdengo|Psyshock|p1a: Tsareena
|-damage|p1a: Tsareena|0 fnt
|faint|p1a: Tsareena
|
|upkeep
|
|t:|1759077572
|switch|p1a: Magnezone|Magnezone, tera:Flying|86/100
|turn|10
|
|t:|1759077597
|switch|p2a: Raging Bolt|Raging Bolt|100/100
|move|p1a: Magnezone|Thunderbolt|p2a: Raging Bolt
|-resisted|p2a: Raging Bolt
|-damage|p2a: Raging Bolt|84/100
|
|upkeep
|turn|11
|
|t:|1759077610
|switch|p1a: Misdreavus|Misdreavus, M|100/100
|move|p2a: Raging Bolt|Thunderclap||[still]
|-fail|p2a: Raging Bolt
|
|upkeep
|turn|12
|
|t:|1759077631
|move|p2a: Raging Bolt|Dragon Pulse|p1a: Misdreavus
|-damage|p1a: Misdreavus|56/100
|move|p1a: Misdreavus|Calm Mind|p1a: Misdreavus
|-boost|p1a: Misdreavus|spa|1
|-boost|p1a: Misdreavus|spd|1
|
|upkeep
|turn|13
|
|t:|1759077636
|move|p2a: Raging Bolt|Dragon Pulse|p1a: Misdreavus
|-damage|p1a: Misdreavus|28/100
|move|p1a: Misdreavus|Draining Kiss|p2a: Raging Bolt
|-supereffective|p2a: Raging Bolt
|-damage|p2a: Raging Bolt|42/100
|-heal|p1a: Misdreavus|66/100|[from] drain|[of] p2a: Raging Bolt
|
|upkeep
|turn|14
|
|t:|1759077645
|move|p2a: Raging Bolt|Calm Mind|p2a: Raging Bolt
|-boost|p2a: Raging Bolt|spa|1
|-boost|p2a: Raging Bolt|spd|1
|move|p1a: Misdreavus|Draining Kiss|p2a: Raging Bolt
|-supereffective|p2a: Raging Bolt
|-damage|p2a: Raging Bolt|15/100
|-heal|p1a: Misdreavus|91/100|[from] drain|[of] p2a: Raging Bolt
|
|upkeep
|turn|15
|
|t:|1759077660
|move|p2a: Raging Bolt|Dragon Pulse|p1a: Misdreavus
|-damage|p1a: Misdreavus|53/100
|move|p1a: Misdreavus|Hex|p2a: Raging Bolt
|-damage|p2a: Raging Bolt|0 fnt
|faint|p2a: Raging Bolt
|-end|p2a: Raging Bolt|Protosynthesis|[silent]
|
|upkeep
|
|t:|1759077666
|switch|p2a: Kingambit|Kingambit, F|100/100
|-activate|p2a: Kingambit|ability: Supreme Overlord
|-start|p2a: Kingambit|fallen4|[silent]
|-item|p2a: Kingambit|Air Balloon
|turn|16
|
|t:|1759077677
|move|p2a: Kingambit|Sucker Punch||[still]
|-fail|p2a: Kingambit
|move|p1a: Misdreavus|Will-O-Wisp|p2a: Kingambit
|-status|p2a: Kingambit|brn
|
|-damage|p2a: Kingambit|94/100 brn|[from] brn
|upkeep
|turn|17
|
|t:|1759077688
|switch|p1a: Hitmontop|Hitmontop, M|100/100
|-activate|p1a: Hitmontop|move: Sticky Web
|-unboost|p1a: Hitmontop|spe|1
|move|p2a: Kingambit|Kowtow Cleave|p1a: Hitmontop
|-resisted|p1a: Hitmontop
|-damage|p1a: Hitmontop|81/100
|
|-damage|p2a: Kingambit|88/100 brn|[from] brn
|upkeep
|turn|18
|
|t:|1759077704
|move|p2a: Kingambit|Iron Head|p1a: Hitmontop
|-damage|p1a: Hitmontop|44/100
|cant|p1a: Hitmontop|flinch
|
|-damage|p2a: Kingambit|82/100 brn|[from] brn
|upkeep
|turn|19
|
|t:|1759077710
|move|p2a: Kingambit|Iron Head|p1a: Hitmontop
|-damage|p1a: Hitmontop|8/100
|move|p1a: Hitmontop|Rapid Spin|p2a: Kingambit
|-resisted|p2a: Kingambit
|-damage|p2a: Kingambit|73/100 brn
|-boost|p1a: Hitmontop|spe|1
|-enditem|p2a: Kingambit|Air Balloon
|-sideend|p1: keviin|Sticky Web|[from] move: Rapid Spin|[of] p1a: Hitmontop
|
|-damage|p2a: Kingambit|67/100 brn|[from] brn
|upkeep
|turn|20
|
|t:|1759077724
|move|p1a: Hitmontop|Bullet Punch|p2a: Kingambit
|-resisted|p2a: Kingambit
|-damage|p2a: Kingambit|59/100 brn
|move|p2a: Kingambit|Kowtow Cleave|p1a: Hitmontop
|-resisted|p1a: Hitmontop
|-damage|p1a: Hitmontop|0 fnt
|faint|p1a: Hitmontop
|
|-damage|p2a: Kingambit|53/100 brn|[from] brn
|upkeep
|
|t:|1759077731
|switch|p1a: Magnezone|Magnezone, tera:Flying|86/100
|turn|21
|
|t:|1759077738
|-end|p2a: Kingambit|fallen4|[silent]
|switch|p2a: Gholdengo|Gholdengo|23/100
|move|p1a: Magnezone|Body Press|p2a: Gholdengo
|-immune|p2a: Gholdengo
|
|upkeep
|turn|22
|
|t:|1759077743
|move|p2a: Gholdengo|Nasty Plot|p2a: Gholdengo
|-boost|p2a: Gholdengo|spa|2
|move|p1a: Magnezone|Thunderbolt|p2a: Gholdengo
|-damage|p2a: Gholdengo|0 fnt
|faint|p2a: Gholdengo
|
|upkeep
|
|t:|1759077750
|switch|p2a: Kingambit|Kingambit, F|53/100 brn
|-activate|p2a: Kingambit|ability: Supreme Overlord
|-start|p2a: Kingambit|fallen5|[silent]
|turn|23
|
|t:|1759077766
|move|p2a: Kingambit|Kowtow Cleave|p1a: Magnezone
|-damage|p1a: Magnezone|54/100
|move|p1a: Magnezone|Body Press|p2a: Kingambit
|-supereffective|p2a: Kingambit
|-damage|p2a: Kingambit|0 fnt
|faint|p2a: Kingambit
|-end|p2a: Kingambit|fallen5|[silent]
|
|win|keviin
|raw|keviin's rating: 1204 &rarr; <strong>1231</strong><br />(+27 for winning)
|raw|Vyrcam's rating: 1236 &rarr; <strong>1209</strong><br />(-27 for losing)
|l|‽Vyrcam
|player|p2|
|l|☆keviin
|player|p1|
