|j|☆jash215
|j|☆Mysterion-911
|t:|1759038076
|gametype|singles
|player|p1|jash215|102|1267
|player|p2|Mysterion-911|lucas|1224
|gen|9
|tier|[Gen 9] OU
|rated|
|rule|HP Percentage Mod: HP is shown in percentages
|rule|Endless Battle Clause: Forcing endless battles is banned
|rule|Species Clause: Limit one of each Pokémon
|rule|OHKO Clause: OHKO moves are banned
|rule|Evasion Items Clause: Evasion items are banned
|rule|Evasion Moves Clause: Evasion moves are banned
|rule|Evasion Abilities Clause: Evasion abilities are banned
|rule|Sleep Moves Clause: Sleep-inducing moves are banned
|clearpoke
|poke|p1|Pecharunt|
|poke|p1|Great Tusk|
|poke|p1|Ogerpon-Wellspring, F|
|poke|p1|Iron Crown|
|poke|p1|Landorus-Therian, M|
|poke|p1|Samurott-Hisui, F|
|poke|p2|Glimmora, F|
|poke|p2|Necrozma|
|poke|p2|Zamazenta-*|
|poke|p2|Dragonite, M|
|poke|p2|Primarina, F|
|poke|p2|Jolteon, M|
|teampreview
|inactive|Battle timer is ON: inactive players will automatically lose when time's up. (requested by jash215)
|
|t:|1759038083
|teamsize|p1|6
|teamsize|p2|6
|start
|switch|p1a: Landorus|Landorus-Therian, M|100/100
|switch|p2a: Glimmora|Glimmora, F|100/100
|-ability|p1a: Landorus|Intimidate|boost
|-unboost|p2a: Glimmora|atk|1
|turn|1
|
|t:|1759038091
|move|p1a: Landorus|Earthquake|p2a: Glimmora
|-supereffective|p2a: Glimmora
|-enditem|p2a: Glimmora|Focus Sash
|-damage|p2a: Glimmora|1/100
|-activate|p2a: Glimmora|ability: Toxic Debris
|-sidestart|p1: jash215|move: Toxic Spikes
|move|p2a: Glimmora|Power Gem|p1a: Landorus
|-damage|p1a: Landorus|49/100
|
|upkeep
|turn|2
|
|t:|1759038099
|move|p1a: Landorus|Earthquake|p2a: Glimmora
|-supereffective|p2a: Glimmora
|-damage|p2a: Glimmora|0 fnt
|-activate|p2a: Glimmora|ability: Toxic Debris
|-sidestart|p1: jash215|move: Toxic Spikes
|faint|p2a: Glimmora
|
|upkeep
|
|t:|1759038108
|switch|p2a: Primarina|Primarina, F|100/100
|turn|3
|
|t:|1759038111
|switch|p1a: Pecharunt|Pecharunt|100/100
|-sideend|p1: jash215|move: Toxic Spikes|[of] p1a: Pecharunt
|move|p2a: Primarina|Sparkling Aria|p1a: Pecharunt
|-damage|p1a: Pecharunt|54/100
|
|upkeep
|turn|4
|
|t:|1759038121
|move|p1a: Pecharunt|Recover|p1a: Pecharunt
|-heal|p1a: Pecharunt|100/100
|move|p2a: Primarina|Psychic Noise|p1a: Pecharunt
|-supereffective|p1a: Pecharunt
|-damage|p1a: Pecharunt|43/100
|-start|p1a: Pecharunt|move: Heal Block
|
|upkeep
|turn|5
|
|t:|1759038129
|move|p1a: Pecharunt|Parting Shot|p2a: Primarina
|-unboost|p2a: Primarina|atk|1
|-unboost|p2a: Primarina|spa|1
|
|t:|1759038134
|switch|p1a: Ogerpon|Ogerpon-Wellspring, F|100/100|[from] Parting Shot
|move|p2a: Primarina|Psychic Noise|p1a: Ogerpon
|-damage|p1a: Ogerpon|83/100
|-start|p1a: Ogerpon|move: Heal Block
|
|upkeep
|turn|6
|
|t:|1759038147
|switch|p2a: Dragonite|Dragonite, M|100/100
|move|p1a: Ogerpon|Trailblaze|p2a: Dragonite
|-resisted|p2a: Dragonite
|-damage|p2a: Dragonite|97/100
|-boost|p1a: Ogerpon|spe|1
|
|-heal|p2a: Dragonite|100/100|[from] item: Leftovers
|-end|p1a: Ogerpon|move: Heal Block
|upkeep
|turn|7
|
|t:|1759038159
|switch|p1a: Landorus|Landorus-Therian, M|49/100
|-ability|p1a: Landorus|Intimidate|boost
|-unboost|p2a: Dragonite|atk|1
|-terastallize|p2a: Dragonite|Normal
|move|p2a: Dragonite|Dragon Dance|p2a: Dragonite
|-boost|p2a: Dragonite|atk|1
|-boost|p2a: Dragonite|spe|1
|
|upkeep
|turn|8
|
|t:|1759038167
|move|p1a: Landorus|Earthquake|p2a: Dragonite
|-damage|p2a: Dragonite|69/100
|move|p2a: Dragonite|Dragon Dance|p2a: Dragonite
|-boost|p2a: Dragonite|atk|1
|-boost|p2a: Dragonite|spe|1
|
|-heal|p2a: Dragonite|75/100|[from] item: Leftovers
|upkeep
|turn|9
|
|t:|1759038178
|move|p1a: Landorus|Earthquake|p2a: Dragonite
|-damage|p2a: Dragonite|12/100
|move|p2a: Dragonite|Dragon Tail|p1a: Landorus
|-damage|p1a: Landorus|0 fnt
|faint|p1a: Landorus
|
|-heal|p2a: Dragonite|18/100|[from] item: Leftovers
|upkeep
|
|t:|1759038189
|switch|p1a: Samurott|Samurott-Hisui, F|100/100
|turn|10
|
|t:|1759038193
|move|p1a: Samurott|Aqua Jet|p2a: Dragonite
|-damage|p2a: Dragonite|0 fnt
|faint|p2a: Dragonite
|
|upkeep
|
|t:|1759038198
|switch|p2a: Jolteon|Jolteon, M|100/100
|turn|11
|
|t:|1759038204
|switch|p1a: Great Tusk|Great Tusk|100/100
|-enditem|p1a: Great Tusk|Booster Energy
|-activate|p1a: Great Tusk|ability: Protosynthesis|[fromitem]
|-start|p1a: Great Tusk|protosynthesisspe
|move|p2a: Jolteon|Thunderbolt|p1a: Great Tusk
|-immune|p1a: Great Tusk
|
|upkeep
|turn|12
|
|t:|1759038212
|move|p1a: Great Tusk|Knock Off|p2a: Jolteon
|-damage|p2a: Jolteon|57/100
|-enditem|p2a: Jolteon|Focus Sash|[from] move: Knock Off|[of] p1a: Great Tusk
|move|p2a: Jolteon|Alluring Voice|p1a: Great Tusk
|-supereffective|p1a: Great Tusk
|-damage|p1a: Great Tusk|39/100
|
|upkeep
|turn|13
|
|t:|1759038223
|move|p1a: Great Tusk|Headlong Rush|p2a: Jolteon
|-supereffective|p2a: Jolteon
|-damage|p2a: Jolteon|0 fnt
|-unboost|p1a: Great Tusk|def|1
|-unboost|p1a: Great Tusk|spd|1
|faint|p2a: Jolteon
|
|upkeep
|
|t:|1759038233
|switch|p2a: Necrozma|Necrozma|100/100
|turn|14
|
|t:|1759038236
|move|p1a: Great Tusk|Knock Off|p2a: Necrozma
|-supereffective|p2a: Necrozma
|-damage|p2a: Necrozma|62/100
|-enditem|p2a: Necrozma|Leftovers|[from] move: Knock Off|[of] p1a: Great Tusk
|move|p2a: Necrozma|Calm Mind|p2a: Necrozma
|-boost|p2a: Necrozma|spa|1
|-boost|p2a: Necrozma|spd|1
|
|upkeep
|turn|15
|
|t:|1759038244
|move|p1a: Great Tusk|Headlong Rush|p2a: Necrozma
|-damage|p2a: Necrozma|9/100
|-unboost|p1a: Great Tusk|def|1
|-unboost|p1a: Great Tusk|spd|1
|move|p2a: Necrozma|Photon Geyser|p1a: Great Tusk
|-supereffective|p1a: Great Tusk
|-damage|p1a: Great Tusk|0 fnt
|faint|p1a: Great Tusk
|-end|p1a: Great Tusk|Protosynthesis|[silent]
|
|upkeep
|
|t:|1759038249
|switch|p1a: Samurott|Samurott-Hisui, F|100/100
|turn|16
|
|t:|1759038257
|move|p1a: Samurott|Aqua Jet|p2a: Necrozma
|-damage|p2a: Necrozma|0 fnt
|faint|p2a: Necrozma
|
|upkeep
|
|t:|1759038263
|switch|p2a: Primarina|Primarina, F|100/100
|turn|17
|
|t:|1759038268
|move|p1a: Samurott|Ceaseless Edge|p2a: Primarina
|-resisted|p2a: Primarina
|-damage|p2a: Primarina|74/100
|-sidestart|p2: Mysterion-911|Spikes
|move|p2a: Primarina|Energy Ball|p1a: Samurott
|-supereffective|p1a: Samurott
|-damage|p1a: Samurott|40/100
|
|upkeep
|turn|18
|
|t:|1759038276
|move|p1a: Samurott|Ceaseless Edge|p2a: Primarina
|-resisted|p2a: Primarina
|-damage|p2a: Primarina|44/100
|-sidestart|p2: Mysterion-911|Spikes
|move|p2a: Primarina|Energy Ball|p1a: Samurott
|-supereffective|p1a: Samurott
|-damage|p1a: Samurott|0 fnt
|faint|p1a: Samurott
|
|upkeep
|
|t:|1759038283
|switch|p1a: Iron Crown|Iron Crown|100/100
|turn|19
|
|t:|1759038289
|switch|p2a: Zamazenta|Zamazenta|100/100
|-damage|p2a: Zamazenta|84/100|[from] Spikes
|-ability|p2a: Zamazenta|Dauntless Shield|boost
|-boost|p2a: Zamazenta|def|1
|move|p1a: Iron Crown|Volt Switch|p2a: Zamazenta
|-damage|p2a: Zamazenta|49/100
|
|t:|1759038296
|-end|p1a: Iron Crown|Quark Drive|[silent]
|switch|p1a: Pecharunt|Pecharunt|43/100|[from] Volt Switch
|
|-heal|p2a: Zamazenta|55/100|[from] item: Leftovers
|upkeep
|turn|20
|
|t:|1759038304
|move|p2a: Zamazenta|Crunch|p1a: Pecharunt
|-supereffective|p1a: Pecharunt
|-damage|p1a: Pecharunt|21/100
|-unboost|p1a: Pecharunt|def|1
|-damage|p2a: Zamazenta|39/100|[from] item: Rocky Helmet|[of] p1a: Pecharunt
|move|p1a: Pecharunt|Recover|p1a: Pecharunt
|-heal|p1a: Pecharunt|71/100
|
|-heal|p2a: Zamazenta|45/100|[from] item: Leftovers
|upkeep
|turn|21
|
|t:|1759038313
|switch|p2a: Primarina|Primarina, F|44/100
|-damage|p2a: Primarina|28/100|[from] Spikes
|move|p1a: Pecharunt|Parting Shot|p2a: Primarina
|-unboost|p2a: Primarina|atk|1
|-unboost|p2a: Primarina|spa|1
|
|t:|1759038318
|switch|p1a: Iron Crown|Iron Crown|100/100|[from] Parting Shot
|
|upkeep
|turn|22
|
|t:|1759038325
|move|p1a: Iron Crown|Volt Switch|p2a: Primarina
|-supereffective|p2a: Primarina
|-damage|p2a: Primarina|0 fnt
|faint|p2a: Primarina
|
|t:|1759038329
|-end|p1a: Iron Crown|Quark Drive|[silent]
|switch|p1a: Pecharunt|Pecharunt|71/100|[from] Volt Switch
|
|upkeep
|
|t:|1759038333
|switch|p2a: Zamazenta|Zamazenta|45/100
|-damage|p2a: Zamazenta|28/100|[from] Spikes
|turn|23
|
|t:|1759038338
|move|p2a: Zamazenta|Body Press|p1a: Pecharunt
|-immune|p1a: Pecharunt
|move|p1a: Pecharunt|Malignant Chain|p2a: Zamazenta
|-damage|p2a: Zamazenta|0 fnt
|faint|p2a: Zamazenta
|
|win|jash215
|raw|jash215's rating: 1267 &rarr; <strong>1289</strong><br />(+22 for winning)
|raw|Mysterion-911's rating: 1224 &rarr; <strong>1202</strong><br />(-22 for losing)
|l|☆jash215
|player|p1|
|l|☆Mysterion-911
|player|p2|
