|badge|p1|bronze|gen9ou|100-6
|html|<div class="broadcast-red"><strong>This battle is required to be public due to one or more player having a season medal.</strong><br />During the public phase, you can discuss the state of the ladder <a href="/seasondiscussion">in a special chatroom.</a></div>
|uhtml|medal-msg|<div class="broadcast-blue">Curious what those medals under the avatar are? PS now has Ladder Seasons! For more information, check out the <a href="https://www.smogon.com/forums/threads/3740067/">thread on Smogon.</a></div>
|badge|p2|silver|gen9ou|30-6
|uhtml|medal-msg|<div class="broadcast-blue">Curious what those medals under the avatar are? PS now has Ladder Seasons! For more information, check out the <a href="https://www.smogon.com/forums/threads/3740067/">thread on Smogon.</a></div>
|raw|<div class="broadcast-blue"><strong>This battle is required to be public due to a player having a name starting with 'medal'.</div>
|j|☆FaronAan
|j|☆LT124YH Ghoul
|t:|1758997826
|gametype|singles
|player|p1|FaronAan|will|1902
|player|p2|LT124YH Ghoul|#wcop2024asia|1969
|gen|9
|tier|[Gen 9] OU
|rated|
|rule|HP Percentage Mod: HP is shown in percentages
|rule|Endless Battle Clause: Forcing endless battles is banned
|rule|Species Clause: Limit one of each Pokémon
|rule|OHKO Clause: OHKO moves are banned
|rule|Evasion Items Clause: Evasion items are banned
|rule|Evasion Moves Clause: Evasion moves are banned
|rule|Evasion Abilities Clause: Evasion abilities are banned
|rule|Sleep Moves Clause: Sleep-inducing moves are banned
|clearpoke
|poke|p1|Reuniclus, F|
|poke|p1|Kingambit, M|
|poke|p1|Ogerpon-Wellspring, F|
|poke|p1|Landorus-Therian, M|
|poke|p1|Iron Valiant|
|poke|p1|Cinderace, F|
|poke|p2|Enamorus, F|
|poke|p2|Araquanid, F|
|poke|p2|Gholdengo|
|poke|p2|Iron Valiant|
|poke|p2|Kingambit, F|
|poke|p2|Great Tusk|
|teampreview
|inactive|Battle timer is ON: inactive players will automatically lose when time's up. (requested by LT124YH Ghoul)
|inactive|FaronAan also wants the timer to be on.
|c|☆FaronAan|hell yeah
|c|☆LT124YH Ghoul|oh nah
|c|☆LT124YH Ghoul|sniped what can i say
|c|☆LT124YH Ghoul|wilted rose
|c|☆FaronAan|🥀
|j| larp legion
|
|t:|1758997855
|teamsize|p1|6
|teamsize|p2|6
|start
|switch|p1a: Ogerpon|Ogerpon-Wellspring, F|100/100
|switch|p2a: Doc Seismic|Araquanid, F, shiny|100/100
|turn|1
|
|t:|1758997858
|switch|p1a: Landorus|Landorus-Therian, M|100/100
|-ability|p1a: Landorus|Intimidate|boost
|-unboost|p2a: Doc Seismic|atk|1
|move|p2a: Doc Seismic|Lunge|p1a: Landorus
|-resisted|p1a: Landorus
|-damage|p1a: Landorus|91/100
|-unboost|p1a: Landorus|atk|1
|-damage|p2a: Doc Seismic|84/100|[from] item: Rocky Helmet|[of] p1a: Landorus
|
|upkeep
|turn|2
|
|t:|1758997861
|move|p1a: Landorus|U-turn|p2a: Doc Seismic
|-damage|p2a: Doc Seismic|67/100
|
|t:|1758997862
|switch|p1a: Ogerpon|Ogerpon-Wellspring, F|100/100|[from] U-turn
|move|p2a: Doc Seismic|Sticky Web|p1a: Ogerpon
|-sidestart|p1: FaronAan|move: Sticky Web
|
|upkeep
|turn|3
|
|t:|1758997867
|switch|p2a: Robot|Gholdengo|100/100
|move|p1a: Ogerpon|Swords Dance|p1a: Ogerpon
|-boost|p1a: Ogerpon|atk|2
|
|upkeep
|turn|4
|
|t:|1758997880
|switch|p2a: Doc Seismic|Araquanid, F, shiny|67/100
|move|p1a: Ogerpon|Knock Off|p2a: Doc Seismic
|-damage|p2a: Doc Seismic|0 fnt
|-enditem|p2a: Doc Seismic|Custap Berry|[from] move: Knock Off|[of] p1a: Ogerpon
|faint|p2a: Doc Seismic
|
|upkeep
|inactive|LT124YH Ghoul has 120 seconds left.
|
|t:|1758997914
|switch|p2a: Invincible|Great Tusk|100/100
|-enditem|p2a: Invincible|Booster Energy
|-activate|p2a: Invincible|ability: Protosynthesis|[fromitem]
|-start|p2a: Invincible|protosynthesisspe
|turn|5
|j| DaBoi511
|
|t:|1758997919
|move|p2a: Invincible|Head Smash|p1a: Ogerpon
|-damage|p1a: Ogerpon|44/100
|-damage|p2a: Invincible|81/100|[from] Recoil
|move|p1a: Ogerpon|Horn Leech|p2a: Invincible
|-supereffective|p2a: Invincible
|-damage|p2a: Invincible|0 fnt
|-heal|p1a: Ogerpon|100/100|[from] drain|[of] p2a: Invincible
|faint|p2a: Invincible
|-end|p2a: Invincible|Protosynthesis|[silent]
|
|upkeep
|c|☆LT124YH Ghoul|oh ok
|inactive|LT124YH Ghoul has 120 seconds left.
|c|☆FaronAan|it's a true cteam peng
|c|☆FaronAan|I've got you surrounded
|c|☆LT124YH Ghoul|ultimate snipe
|
|t:|1758997948
|switch|p2a: Omni-Man|Kingambit, F|100/100
|-activate|p2a: Omni-Man|ability: Supreme Overlord
|-start|p2a: Omni-Man|fallen2|[silent]
|-item|p2a: Omni-Man|Air Balloon
|turn|6
|c| larp legion|¿Qué Mega/s te gustaron más?
|c|☆LT124YH Ghoul|nat you're not spanish
|
|t:|1758997962
|move|p1a: Ogerpon|Ivy Cudgel|p2a: Omni-Man|[anim] Ivy Cudgel Water
|-damage|p2a: Omni-Man|6/100
|-enditem|p2a: Omni-Man|Air Balloon
|move|p2a: Omni-Man|Swords Dance|p2a: Omni-Man
|-boost|p2a: Omni-Man|atk|2
|
|upkeep
|turn|7
|
|t:|1758997965
|switch|p1a: Landorus|Landorus-Therian, M|91/100
|-ability|p1a: Landorus|Intimidate|boost
|-unboost|p2a: Omni-Man|atk|1
|move|p2a: Omni-Man|Sucker Punch||[still]
|-fail|p2a: Omni-Man
|
|upkeep
|turn|8
|j| ditto enjoya
|
|t:|1758997968
|move|p2a: Omni-Man|Sucker Punch|p1a: Landorus
|-damage|p1a: Landorus|22/100
|-damage|p2a: Omni-Man|0 fnt|[from] item: Rocky Helmet|[of] p1a: Landorus
|faint|p2a: Omni-Man
|-end|p2a: Omni-Man|fallen2|[silent]
|move|p1a: Landorus|U-turn|p2: Omni-Man|[notarget]
|-fail|p1a: Landorus
|
|upkeep
|c| larp legion|i am
|c|☆LT124YH Ghoul|ok
|inactive|LT124YH Ghoul has 120 seconds left.
|
|t:|1758997981
|switch|p2a: Conquest|Enamorus, F|100/100
|turn|9
|
|t:|1758997983
|move|p2a: Conquest|Substitute|p2a: Conquest
|-start|p2a: Conquest|Substitute
|-damage|p2a: Conquest|76/100
|move|p1a: Landorus|U-turn|p2a: Conquest
|-resisted|p2a: Conquest
|-activate|p2a: Conquest|move: Substitute|[damage]
|
|t:|1758997984
|switch|p1a: Cinderace|Cinderace, F|100/100|[from] U-turn
|
|-heal|p2a: Conquest|82/100|[from] item: Leftovers
|upkeep
|turn|10
|
|t:|1758997987
|move|p1a: Cinderace|Court Change|p1a: Cinderace
|-start|p1a: Cinderace|typechange|Normal|[from] ability: Libero
|-swapsideconditions
|-activate|p1a: Cinderace|move: Court Change
|move|p2a: Conquest|Superpower|p1a: Cinderace
|-supereffective|p1a: Cinderace
|-damage|p1a: Cinderace|0 fnt
|-boost|p2a: Conquest|atk|1
|-boost|p2a: Conquest|def|1
|faint|p1a: Cinderace
|
|-heal|p2a: Conquest|88/100|[from] item: Leftovers
|upkeep
|
|t:|1758997989
|switch|p1a: Iron Valiant|Iron Valiant|100/100
|turn|11
|
|t:|1758997993
|move|p1a: Iron Valiant|Encore|p2a: Conquest
|-start|p2a: Conquest|Encore
|move|p2a: Conquest|Superpower|p1a: Iron Valiant
|-resisted|p1a: Iron Valiant
|-damage|p1a: Iron Valiant|62/100
|-boost|p2a: Conquest|atk|1
|-boost|p2a: Conquest|def|1
|
|-heal|p2a: Conquest|94/100|[from] item: Leftovers
|upkeep
|turn|12
|
|t:|1758997996
|move|p1a: Iron Valiant|Moonblast|p2a: Conquest
|-end|p2a: Conquest|Substitute
|move|p2a: Conquest|Superpower|p1a: Iron Valiant
|-resisted|p1a: Iron Valiant
|-damage|p1a: Iron Valiant|12/100
|-boost|p2a: Conquest|atk|1
|-boost|p2a: Conquest|def|1
|
|-heal|p2a: Conquest|100/100|[from] item: Leftovers
|upkeep
|turn|13
|
|t:|1758997999
|move|p1a: Iron Valiant|Moonblast|p2a: Conquest
|-damage|p2a: Conquest|15/100
|-boost|p2a: Conquest|spa|1
|move|p2a: Conquest|Superpower|p1a: Iron Valiant
|-resisted|p1a: Iron Valiant
|-damage|p1a: Iron Valiant|0 fnt
|-boost|p2a: Conquest|atk|1
|-boost|p2a: Conquest|def|1
|faint|p1a: Iron Valiant
|-end|p1a: Iron Valiant|Quark Drive|[silent]
|
|-heal|p2a: Conquest|21/100|[from] item: Leftovers
|-end|p2a: Conquest|Encore
|upkeep
|
|t:|1758998002
|switch|p1a: Ogerpon|Ogerpon-Wellspring, F|100/100
|turn|14
|j| tiochicodobos
|c| larp legion|im hungry
|inactive|LT124YH Ghoul has 120 seconds left.
|c| larp legion|this guys fairy feather, he counter teamed
|
|t:|1758998062
|switch|p2a: Atom Eve|Iron Valiant|100/100
|-activate|p2a: Atom Eve|move: Sticky Web
|-unboost|p2a: Atom Eve|spe|1
|-enditem|p2a: Atom Eve|Booster Energy
|-activate|p2a: Atom Eve|ability: Quark Drive|[fromitem]
|-start|p2a: Atom Eve|quarkdrivespa
|move|p1a: Ogerpon|Ivy Cudgel|p2a: Atom Eve|[anim] Ivy Cudgel Water
|-damage|p2a: Atom Eve|29/100
|
|upkeep
|turn|15
|
|t:|1758998064
|move|p2a: Atom Eve|Vacuum Wave|p1a: Ogerpon
|-damage|p1a: Ogerpon|65/100
|move|p1a: Ogerpon|Horn Leech|p2a: Atom Eve
|-damage|p2a: Atom Eve|0 fnt
|-heal|p1a: Ogerpon|78/100|[from] drain|[of] p2a: Atom Eve
|faint|p2a: Atom Eve
|-end|p2a: Atom Eve|Quark Drive|[silent]
|
|upkeep
|
|t:|1758998068
|switch|p2a: Robot|Gholdengo|100/100
|-activate|p2a: Robot|move: Sticky Web
|-unboost|p2a: Robot|spe|1
|turn|16
|
|t:|1758998071
|move|p1a: Ogerpon|Knock Off|p2a: Robot
|-supereffective|p2a: Robot
|-crit|p2a: Robot
|-damage|p2a: Robot|1/100
|-enditem|p2a: Robot|Covert Cloak|[from] move: Knock Off|[of] p1a: Ogerpon
|move|p2a: Robot|Shadow Ball|p1a: Ogerpon
|-damage|p1a: Ogerpon|32/100
|
|upkeep
|turn|17
|
|t:|1758998075
|move|p1a: Ogerpon|Ivy Cudgel|p2a: Robot|[anim] Ivy Cudgel Water
|-damage|p2a: Robot|0 fnt
|faint|p2a: Robot
|
|upkeep
|c|☆LT124YH Ghoul|gg
|c|☆FaronAan|gg
|
|t:|1758998078
|switch|p2a: Conquest|Enamorus, F|21/100
|turn|18
|
|t:|1758998080
|move|p1a: Ogerpon|Ivy Cudgel|p2a: Conquest|[anim] Ivy Cudgel Water
|-crit|p2a: Conquest
|-damage|p2a: Conquest|0 fnt
|faint|p2a: Conquest
|
|win|FaronAan
|raw|FaronAan's rating: 1902 &rarr; <strong>1926</strong><br />(+24 for winning)
|raw|LT124YH Ghoul's rating: 1969 &rarr; <strong>1945</strong><br />(-24 for losing)
|l| DaBoi511
