|j|☆Silver951
|j|☆doodooballs69
|t:|1759029917
|gametype|singles
|player|p1|Silver951|cynthia|
|player|p2|doodooballs69|workerice|
|gen|9
|tier|[Gen 9] OU
|rule|HP Percentage Mod: HP is shown in percentages
|rule|Endless Battle Clause: Forcing endless battles is banned
|rule|Species Clause: Limit one of each Pokémon
|rule|OHKO Clause: OHKO moves are banned
|rule|Evasion Items Clause: Evasion items are banned
|rule|Evasion Moves Clause: Evasion moves are banned
|rule|Evasion Abilities Clause: Evasion abilities are banned
|rule|Sleep Moves Clause: Sleep-inducing moves are banned
|clearpoke
|poke|p1|Darkrai|
|poke|p1|Dragapult, F|
|poke|p1|Thundurus-Therian, M|
|poke|p1|Jirachi|
|poke|p1|Meloetta|
|poke|p1|Tornadus-Therian, M|
|poke|p2|Jolteon, M|
|poke|p2|Slowking-Galar, M|
|poke|p2|Great Tusk|
|poke|p2|Moltres|
|poke|p2|Kingambit, M|
|poke|p2|Hydrapple, F|
|teampreview
|inactive|Battle timer is ON: inactive players will automatically lose when time's up. (requested by doodooballs69)
|
|t:|1759029939
|teamsize|p1|6
|teamsize|p2|6
|start
|switch|p1a: Tornadus|Tornadus-Therian, M|100/100
|switch|p2a: Slowking|Slowking-Galar, M|100/100
|turn|1
|
|t:|1759029949
|move|p1a: Tornadus|Tailwind|p1a: Tornadus
|-sidestart|p1: Silver951|move: Tailwind
|move|p2a: Slowking|Sludge Bomb|p1a: Tornadus
|-crit|p1a: Tornadus
|-damage|p1a: Tornadus|24/100
|
|upkeep
|turn|2
|
|t:|1759029957
|move|p1a: Tornadus|Dark Pulse|p2a: Slowking
|-supereffective|p2a: Slowking
|-damage|p2a: Slowking|68/100
|-damage|p1a: Tornadus|14/100|[from] item: Life Orb
|move|p2a: Slowking|Flamethrower|p1a: Tornadus
|-damage|p1a: Tornadus|0 fnt
|faint|p1a: Tornadus
|
|upkeep
|inactive|Silver951 has 270 seconds left.
|
|t:|1759029989
|switch|p1a: Darkrai|Darkrai|100/100
|turn|3
|
|t:|1759029997
|switch|p2a: Kingambit|Kingambit, M|100/100
|move|p1a: Darkrai|Substitute|p1a: Darkrai
|-start|p1a: Darkrai|Substitute
|-damage|p1a: Darkrai|76/100
|
|-heal|p1a: Darkrai|82/100|[from] item: Leftovers
|upkeep
|turn|4
|
|t:|1759030005
|move|p1a: Darkrai|Thunder Wave|p2a: Kingambit
|-status|p2a: Kingambit|par
|move|p2a: Kingambit|Iron Head|p1a: Darkrai
|-end|p1a: Darkrai|Substitute
|
|-heal|p1a: Darkrai|88/100|[from] item: Leftovers
|-sideend|p1: Silver951|move: Tailwind
|upkeep
|turn|5
|
|t:|1759030014
|move|p1a: Darkrai|Substitute|p1a: Darkrai
|-start|p1a: Darkrai|Substitute
|-damage|p1a: Darkrai|63/100
|move|p2a: Kingambit|Kowtow Cleave|p1a: Darkrai
|-resisted|p1a: Darkrai
|-crit|p1a: Darkrai
|-end|p1a: Darkrai|Substitute
|
|-heal|p1a: Darkrai|69/100|[from] item: Leftovers
|upkeep
|turn|6
|
|t:|1759030022
|move|p1a: Darkrai|Substitute|p1a: Darkrai
|-start|p1a: Darkrai|Substitute
|-damage|p1a: Darkrai|44/100
|cant|p2a: Kingambit|par
|
|-heal|p1a: Darkrai|50/100|[from] item: Leftovers
|upkeep
|turn|7
|
|t:|1759030028
|move|p1a: Darkrai|Confuse Ray|p2a: Kingambit
|-start|p2a: Kingambit|confusion
|-activate|p2a: Kingambit|confusion
|-damage|p2a: Kingambit|87/100 par|[from] confusion
|
|-heal|p1a: Darkrai|56/100|[from] item: Leftovers
|-heal|p2a: Kingambit|93/100 par|[from] item: Leftovers
|upkeep
|turn|8
|
|t:|1759030039
|move|p1a: Darkrai|Dark Pulse|p2a: Kingambit
|-resisted|p2a: Kingambit
|-damage|p2a: Kingambit|67/100 par
|cant|p2a: Kingambit|flinch
|
|-heal|p1a: Darkrai|62/100|[from] item: Leftovers
|-heal|p2a: Kingambit|73/100 par|[from] item: Leftovers
|upkeep
|turn|9
|
|t:|1759030051
|-end|p2a: Kingambit|fallenundefined|[silent]
|switch|p2a: Jolteon|Jolteon, M|100/100
|move|p1a: Darkrai|Dark Pulse|p2a: Jolteon
|-damage|p2a: Jolteon|46/100
|
|-heal|p1a: Darkrai|68/100|[from] item: Leftovers
|upkeep
|turn|10
|
|t:|1759030061
|-terastallize|p2a: Jolteon|Fairy
|move|p2a: Jolteon|Alluring Voice|p1a: Darkrai
|-supereffective|p1a: Darkrai
|-damage|p1a: Darkrai|0 fnt
|faint|p1a: Darkrai
|
|upkeep
|inactive|Silver951 has 270 seconds left.
|
|t:|1759030091
|switch|p1a: Dragapult|Dragapult, F|100/100
|turn|11
|
|t:|1759030109
|switch|p2a: Hydrapple|Hydrapple, F|100/100
|move|p1a: Dragapult|Disable||[still]
|-fail|p1a: Dragapult
|
|upkeep
|turn|12
|inactive|Silver951 has 270 seconds left.
|
|t:|1759030139
|switch|p2a: Moltres|Moltres|100/100
|move|p1a: Dragapult|Thunder Wave|p2a: Moltres
|-status|p2a: Moltres|par
|
|upkeep
|turn|13
|inactive|Silver951 has 270 seconds left.
|
|t:|1759030146
|move|p1a: Dragapult|Confuse Ray|p2a: Moltres
|-start|p2a: Moltres|confusion
|-activate|p2a: Moltres|confusion
|-damage|p2a: Moltres|95/100 par|[from] confusion
|
|upkeep
|turn|14
|
|t:|1759030153
|move|p1a: Dragapult|Dragon Rush|p2a: Moltres|[miss]
|-miss|p1a: Dragapult|p2a: Moltres
|-activate|p2a: Moltres|confusion
|-damage|p2a: Moltres|89/100 par|[from] confusion
|
|upkeep
|turn|15
|
|t:|1759030159
|move|p1a: Dragapult|Dragon Rush|p2a: Moltres
|-damage|p2a: Moltres|49/100 par
|-status|p1a: Dragapult|brn|[from] ability: Flame Body|[of] p2a: Moltres
|-activate|p2a: Moltres|confusion
|cant|p2a: Moltres|par
|
|-damage|p1a: Dragapult|95/100 brn|[from] brn
|upkeep
|turn|16
|
|t:|1759030172
|move|p1a: Dragapult|Dragon Rush|p2a: Moltres
|-damage|p2a: Moltres|30/100 par
|-end|p2a: Moltres|confusion
|cant|p2a: Moltres|par
|
|-damage|p1a: Dragapult|89/100 brn|[from] brn
|upkeep
|turn|17
|
|t:|1759030179
|move|p1a: Dragapult|Confuse Ray|p2a: Moltres
|-start|p2a: Moltres|confusion
|-activate|p2a: Moltres|confusion
|cant|p2a: Moltres|par
|
|-damage|p1a: Dragapult|83/100 brn|[from] brn
|upkeep
|turn|18
|
|t:|1759030191
|switch|p1a: Meloetta|Meloetta, shiny|100/100
|-activate|p2a: Moltres|confusion
|-damage|p2a: Moltres|25/100 par|[from] confusion
|
|upkeep
|turn|19
|
|t:|1759030201
|move|p1a: Meloetta|Relic Song|p2a: Moltres
|-damage|p2a: Moltres|0 fnt
|faint|p2a: Moltres
|-formechange|p1a: Meloetta|Meloetta-Pirouette|[msg]
|
|upkeep
|
|t:|1759030209
|switch|p2a: Great Tusk|Great Tusk|100/100
|turn|20
|
|t:|1759030229
|move|p1a: Meloetta|Relic Song|p2a: Great Tusk
|-damage|p2a: Great Tusk|73/100
|-status|p2a: Great Tusk|slp|[from] move: Relic Song
|-formechange|p1a: Meloetta|Meloetta|[msg]
|cant|p2a: Great Tusk|slp
|
|upkeep
|turn|21
|
|t:|1759030245
|switch|p1a: Dragapult|Dragapult, F|83/100 brn
|-end|p2a: Great Tusk|Protosynthesis|[silent]
|switch|p2a: Hydrapple|Hydrapple, F|100/100
|
|-damage|p1a: Dragapult|77/100 brn|[from] brn
|upkeep
|turn|22
|inactive|Silver951 has 270 seconds left.
|
|t:|1759030261
|switch|p2a: Great Tusk|Great Tusk|73/100 slp
|move|p1a: Dragapult|Thunder Wave|p2a: Great Tusk
|-immune|p2a: Great Tusk
|
|-damage|p1a: Dragapult|71/100 brn|[from] brn
|upkeep
|turn|23
|
|t:|1759030268
|move|p1a: Dragapult|Confuse Ray|p2a: Great Tusk
|-start|p2a: Great Tusk|confusion
|cant|p2a: Great Tusk|slp
|
|-damage|p1a: Dragapult|65/100 brn|[from] brn
|upkeep
|turn|24
|inactive|Silver951 has 270 seconds left.
|
|t:|1759030284
|switch|p1a: Thundurus|Thundurus-Therian, M|100/100
|-curestatus|p2a: Great Tusk|slp|[msg]
|-activate|p2a: Great Tusk|confusion
|move|p2a: Great Tusk|Stealth Rock|p1a: Thundurus
|-sidestart|p1: Silver951|move: Stealth Rock
|
|upkeep
|turn|25
|inactive|Silver951 has 270 seconds left.
|
|t:|1759030301
|-end|p2a: Great Tusk|Protosynthesis|[silent]
|switch|p2a: Slowking|Slowking-Galar, M|100/100
|move|p1a: Thundurus|Dark Pulse|p2a: Slowking
|-supereffective|p2a: Slowking
|-damage|p2a: Slowking|71/100
|
|upkeep
|turn|26
|inactive|Silver951 has 270 seconds left.
|
|t:|1759030308
|move|p1a: Thundurus|Thunder Wave|p2a: Slowking
|-status|p2a: Slowking|par
|move|p2a: Slowking|Ice Beam|p1a: Thundurus
|-supereffective|p1a: Thundurus
|-damage|p1a: Thundurus|24/100
|
|-heal|p1a: Thundurus|30/100|[from] item: Leftovers
|upkeep
|turn|27
|inactive|Silver951 has 270 seconds left.
|
|t:|1759030328
|move|p1a: Thundurus|Dark Pulse|p2a: Slowking
|-supereffective|p2a: Slowking
|-damage|p2a: Slowking|42/100 par
|move|p2a: Slowking|Flamethrower|p1a: Thundurus
|-crit|p1a: Thundurus
|-damage|p1a: Thundurus|0 fnt
|faint|p1a: Thundurus
|
|upkeep
|
|t:|1759030336
|switch|p1a: Dragapult|Dragapult, F|65/100 brn
|-damage|p1a: Dragapult|52/100 brn|[from] Stealth Rock
|turn|28
|
|t:|1759030343
|switch|p2a: Hydrapple|Hydrapple, F|100/100
|move|p1a: Dragapult|Confuse Ray|p2a: Hydrapple
|-start|p2a: Hydrapple|confusion
|
|-damage|p1a: Dragapult|46/100 brn|[from] brn
|upkeep
|turn|29
|inactive|Silver951 has 270 seconds left.
|
|t:|1759030369
|switch|p2a: Slowking|Slowking-Galar, M|75/100 par
|move|p1a: Dragapult|Dragon Rush|p2a: Slowking
|-damage|p2a: Slowking|50/100 par
|
|-damage|p1a: Dragapult|40/100 brn|[from] brn
|upkeep
|turn|30
|
|t:|1759030384
|move|p1a: Dragapult|Confuse Ray|p2a: Slowking
|-start|p2a: Slowking|confusion
|-activate|p2a: Slowking|confusion
|move|p2a: Slowking|Ice Beam|p1a: Dragapult
|-supereffective|p1a: Dragapult
|-damage|p1a: Dragapult|0 fnt
|faint|p1a: Dragapult
|
|upkeep
|
|t:|1759030406
|switch|p1a: Jirachi|Jirachi, shiny|100/100
|-damage|p1a: Jirachi|94/100|[from] Stealth Rock
|turn|31
|
|t:|1759030426
|switch|p2a: Great Tusk|Great Tusk|73/100
|move|p1a: Jirachi|Iron Head|p2a: Great Tusk
|-damage|p2a: Great Tusk|56/100
|-damage|p1a: Jirachi|78/100|[from] item: Rocky Helmet|[of] p2a: Great Tusk
|
|-heal|p1a: Jirachi|84/100|[from] item: Leftovers
|upkeep
|turn|32
|
|t:|1759030436
|move|p1a: Jirachi|Confuse Ray|p2a: Great Tusk
|-start|p2a: Great Tusk|confusion
|-activate|p2a: Great Tusk|confusion
|-damage|p2a: Great Tusk|51/100|[from] confusion
|
|-heal|p1a: Jirachi|90/100|[from] item: Leftovers
|upkeep
|turn|33
|
|t:|1759030444
|move|p1a: Jirachi|Zen Headbutt|p2a: Great Tusk
|-supereffective|p2a: Great Tusk
|-damage|p2a: Great Tusk|18/100
|-damage|p1a: Jirachi|73/100|[from] item: Rocky Helmet|[of] p2a: Great Tusk
|-activate|p2a: Great Tusk|confusion
|-damage|p2a: Great Tusk|12/100|[from] confusion
|
|-heal|p1a: Jirachi|79/100|[from] item: Leftovers
|upkeep
|turn|34
|
|t:|1759030458
|-end|p2a: Great Tusk|Protosynthesis|[silent]
|switch|p2a: Kingambit|Kingambit, M|73/100 par
|-activate|p2a: Kingambit|ability: Supreme Overlord
|-start|p2a: Kingambit|fallen1|[silent]
|move|p1a: Jirachi|Zen Headbutt|p2a: Kingambit
|-immune|p2a: Kingambit
|
|-heal|p1a: Jirachi|86/100|[from] item: Leftovers
|-heal|p2a: Kingambit|79/100 par|[from] item: Leftovers
|upkeep
|turn|35
|
|t:|1759030469
|move|p1a: Jirachi|Confuse Ray|p2a: Kingambit
|-start|p2a: Kingambit|confusion
|-activate|p2a: Kingambit|confusion
|move|p2a: Kingambit|Kowtow Cleave|p1a: Jirachi
|-supereffective|p1a: Jirachi
|-damage|p1a: Jirachi|0 fnt
|faint|p1a: Jirachi
|
|-heal|p2a: Kingambit|86/100 par|[from] item: Leftovers
|upkeep
|
|t:|1759030477
|switch|p1a: Meloetta|Meloetta, shiny|100/100
|-damage|p1a: Meloetta|88/100|[from] Stealth Rock
|turn|36
|
|t:|1759030491
|-end|p2a: Kingambit|fallen1|[silent]
|switch|p2a: Great Tusk|Great Tusk|12/100
|move|p1a: Meloetta|Relic Song|p2a: Great Tusk
|-damage|p2a: Great Tusk|0 fnt
|faint|p2a: Great Tusk
|-end|p2a: Great Tusk|Protosynthesis|[silent]
|-formechange|p1a: Meloetta|Meloetta-Pirouette|[msg]
|
|upkeep
|
|t:|1759030502
|switch|p2a: Jolteon|Jolteon, M, tera:Fairy|46/100
|turn|37
|inactive|Silver951 has 270 seconds left.
|
|t:|1759030511
|-terastallize|p1a: Meloetta|Psychic
|move|p1a: Meloetta|Relic Song|p2a: Jolteon
|-damage|p2a: Jolteon|19/100
|-formechange|p1a: Meloetta|Meloetta|[msg]
|move|p2a: Jolteon|Alluring Voice|p1a: Meloetta
|-damage|p1a: Meloetta|57/100
|
|upkeep
|turn|38
|inactive|doodooballs69 has 270 seconds left.
|
|t:|1759030549
|move|p1a: Meloetta|Relic Song|p2a: Jolteon
|-damage|p2a: Jolteon|0 fnt
|faint|p2a: Jolteon
|-formechange|p1a: Meloetta|Meloetta-Pirouette|[msg]
|
|upkeep
|
|t:|1759030551
|switch|p2a: Kingambit|Kingambit, M|86/100 par
|-activate|p2a: Kingambit|ability: Supreme Overlord
|-start|p2a: Kingambit|fallen3|[silent]
|turn|39
|
|t:|1759030559
|move|p2a: Kingambit|Sucker Punch|p1a: Meloetta
|-supereffective|p1a: Meloetta
|-damage|p1a: Meloetta|0 fnt
|faint|p1a: Meloetta
|
|win|doodooballs69
