|j|☆xpp233
|j|☆AssassinLemony
|t:|1758943041
|gametype|singles
|player|p1|xpp233|preschooler|1243
|player|p2|AssassinLemony|170|1271
|gen|9
|tier|[Gen 9] OU
|rated|
|rule|HP Percentage Mod: HP is shown in percentages
|rule|Endless Battle Clause: Forcing endless battles is banned
|rule|Species Clause: Limit one of each Pokémon
|rule|OHKO Clause: OHKO moves are banned
|rule|Evasion Items Clause: Evasion items are banned
|rule|Evasion Moves Clause: Evasion moves are banned
|rule|Evasion Abilities Clause: Evasion abilities are banned
|rule|Sleep Moves Clause: Sleep-inducing moves are banned
|clearpoke
|poke|p1|Toxapex, M|
|poke|p1|Rillaboom, M|
|poke|p1|Raging Bolt|
|poke|p1|Gholdengo|
|poke|p1|Kingambit, M|
|poke|p1|Landorus-Therian, M|
|poke|p2|Tyranitar, F|
|poke|p2|Excadrill, F|
|poke|p2|Kingambit, M|
|poke|p2|Garchomp, F|
|poke|p2|Pecharunt|
|poke|p2|Rotom-Wash|
|teampreview
|
|t:|1758943064
|teamsize|p1|6
|teamsize|p2|6
|start
|switch|p1a: 赛哥们|Gholdengo|100/100
|switch|p2a: Tyranitar|Tyranitar, F|100/100
|-weather|Sandstorm|[from] ability: Sand Stream|[of] p2a: Tyranitar
|turn|1
|
|t:|1758943074
|move|p1a: 赛哥们|Make It Rain|p2a: Tyranitar
|-supereffective|p2a: Tyranitar
|-damage|p2a: Tyranitar|25/100
|-unboost|p1a: 赛哥们|spa|1
|move|p2a: Tyranitar|Knock Off|p1a: 赛哥们
|-supereffective|p1a: 赛哥们
|-crit|p1a: 赛哥们
|-damage|p1a: 赛哥们|0 fnt
|-enditem|p1a: 赛哥们|Choice Specs|[from] move: Knock Off|[of] p2a: Tyranitar
|faint|p1a: 赛哥们
|
|-weather|Sandstorm|[upkeep]
|upkeep
|
|t:|1758943090
|switch|p1a: 卡普•猩猩|Rillaboom, M|100/100
|-fieldstart|move: Grassy Terrain|[from] ability: Grassy Surge|[of] p1a: 卡普•猩猩
|turn|2
|
|t:|1758943096
|switch|p2a: Pecharunt|Pecharunt|100/100
|-item|p2a: Pecharunt|Air Balloon
|move|p1a: 卡普•猩猩|Grassy Glide|p2a: Pecharunt
|-resisted|p2a: Pecharunt
|-damage|p2a: Pecharunt|91/100
|-enditem|p2a: Pecharunt|Air Balloon
|
|-weather|Sandstorm|[upkeep]
|-damage|p2a: Pecharunt|85/100|[from] Sandstorm
|-damage|p1a: 卡普•猩猩|94/100|[from] Sandstorm
|-heal|p2a: Pecharunt|91/100|[from] Grassy Terrain
|-heal|p1a: 卡普•猩猩|100/100|[from] Grassy Terrain
|upkeep
|turn|3
|
|t:|1758943117
|switch|p1a: 大酱|Kingambit, M|100/100
|-activate|p1a: 大酱|ability: Supreme Overlord
|-start|p1a: 大酱|fallen1|[silent]
|move|p2a: Pecharunt|Malignant Chain|p1a: 大酱
|-immune|p1a: 大酱
|
|-weather|Sandstorm|[upkeep]
|-damage|p2a: Pecharunt|85/100|[from] Sandstorm
|-heal|p2a: Pecharunt|91/100|[from] Grassy Terrain
|upkeep
|turn|4
|inactive|Battle timer is ON: inactive players will automatically lose when time's up. (requested by AssassinLemony)
|
|t:|1758943142
|move|p2a: Pecharunt|Parting Shot|p1a: 大酱
|-unboost|p1a: 大酱|atk|1
|-unboost|p1a: 大酱|spa|1
|
|t:|1758943158
|switch|p2a: Excadrill|Excadrill, F|100/100|[from] Parting Shot
|move|p1a: 大酱|Swords Dance|p1a: 大酱
|-boost|p1a: 大酱|atk|2
|
|-weather|Sandstorm|[upkeep]
|upkeep
|turn|5
|
|t:|1758943169
|-terastallize|p1a: 大酱|Flying
|move|p2a: Excadrill|Earthquake|p1a: 大酱
|-immune|p1a: 大酱
|move|p1a: 大酱|Swords Dance|p1a: 大酱
|-boost|p1a: 大酱|atk|2
|
|-weather|Sandstorm|[upkeep]
|-damage|p1a: 大酱|94/100|[from] Sandstorm
|-heal|p1a: 大酱|100/100|[from] item: Leftovers
|upkeep
|turn|6
|
|t:|1758943186
|move|p1a: 大酱|Sucker Punch|p2a: Excadrill
|-damage|p2a: Excadrill|0 fnt
|faint|p2a: Excadrill
|
|-weather|Sandstorm|[upkeep]
|-damage|p1a: 大酱|94/100|[from] Sandstorm
|-heal|p1a: 大酱|100/100|[from] item: Leftovers
|-fieldend|move: Grassy Terrain
|upkeep
|
|t:|1758943215
|switch|p2a: Pecharunt|Pecharunt|91/100
|turn|7
|
|t:|1758943227
|move|p2a: Pecharunt|Parting Shot|p1a: 大酱
|-unboost|p1a: 大酱|atk|1
|-unboost|p1a: 大酱|spa|1
|
|t:|1758943241
|switch|p2a: Rotom|Rotom-Wash|100/100|[from] Parting Shot
|move|p1a: 大酱|Iron Head|p2a: Rotom
|-resisted|p2a: Rotom
|-damage|p2a: Rotom|82/100
|
|-weather|Sandstorm|[upkeep]
|-damage|p2a: Rotom|75/100|[from] Sandstorm
|-damage|p1a: 大酱|94/100|[from] Sandstorm
|-heal|p2a: Rotom|82/100|[from] item: Leftovers
|-heal|p1a: 大酱|100/100|[from] item: Leftovers
|upkeep
|turn|8
|
|t:|1758943261
|-end|p1a: 大酱|fallen1|[silent]
|switch|p1a: Landorus|Landorus-Therian, M|100/100
|-ability|p1a: Landorus|Intimidate|boost
|-unboost|p2a: Rotom|atk|1
|move|p2a: Rotom|Will-O-Wisp|p1a: Landorus
|-status|p1a: Landorus|brn
|
|-weather|none
|-heal|p2a: Rotom|88/100|[from] item: Leftovers
|-damage|p1a: Landorus|95/100 brn|[from] brn
|upkeep
|turn|9
|
|t:|1758943274
|move|p1a: Landorus|U-turn|p2a: Rotom
|-damage|p2a: Rotom|77/100
|
|t:|1758943290
|switch|p1a: 卡普•猩猩|Rillaboom, M|100/100|[from] U-turn
|-fieldstart|move: Grassy Terrain|[from] ability: Grassy Surge|[of] p1a: 卡普•猩猩
|move|p2a: Rotom|Hydro Pump|p1a: 卡普•猩猩
|-resisted|p1a: 卡普•猩猩
|-damage|p1a: 卡普•猩猩|88/100
|
|-heal|p2a: Rotom|83/100|[from] item: Leftovers
|-heal|p1a: 卡普•猩猩|94/100|[from] Grassy Terrain
|upkeep
|turn|10
|
|t:|1758943304
|switch|p2a: Pecharunt|Pecharunt|91/100
|move|p1a: 卡普•猩猩|Knock Off|p2a: Pecharunt
|-supereffective|p2a: Pecharunt
|-damage|p2a: Pecharunt|68/100
|
|-heal|p2a: Pecharunt|74/100|[from] Grassy Terrain
|-heal|p1a: 卡普•猩猩|100/100|[from] Grassy Terrain
|upkeep
|turn|11
|inactive|xpp233 has 120 seconds left.
|
|t:|1758943329
|move|p2a: Pecharunt|Malignant Chain|p1a: 卡普•猩猩
|-supereffective|p1a: 卡普•猩猩
|-damage|p1a: 卡普•猩猩|58/100
|-status|p1a: 卡普•猩猩|tox
|-start|p1a: 卡普•猩猩|confusion|[from] ability: Poison Puppeteer|[of] p2a: Pecharunt
|-activate|p1a: 卡普•猩猩|confusion
|move|p1a: 卡普•猩猩|High Horsepower|p2a: Pecharunt
|-supereffective|p2a: Pecharunt
|-damage|p2a: Pecharunt|43/100
|
|-heal|p2a: Pecharunt|49/100|[from] Grassy Terrain
|-heal|p1a: 卡普•猩猩|65/100 tox|[from] Grassy Terrain
|-damage|p1a: 卡普•猩猩|58/100 tox|[from] psn
|upkeep
|turn|12
|inactive|xpp233 has 120 seconds left.
|
|t:|1758943347
|switch|p1a: 长颈鹿|Raging Bolt|100/100
|-enditem|p1a: 长颈鹿|Booster Energy
|-activate|p1a: 长颈鹿|ability: Protosynthesis|[fromitem]
|-start|p1a: 长颈鹿|protosynthesisspa
|move|p2a: Pecharunt|Recover|p2a: Pecharunt
|-heal|p2a: Pecharunt|99/100
|
|-heal|p2a: Pecharunt|100/100|[from] Grassy Terrain
|upkeep
|turn|13
|
|t:|1758943369
|move|p2a: Pecharunt|Malignant Chain|p1a: 长颈鹿
|-damage|p1a: 长颈鹿|73/100
|move|p1a: 长颈鹿|Draco Meteor|p2a: Pecharunt
|-damage|p2a: Pecharunt|4/100
|-unboost|p1a: 长颈鹿|spa|2
|
|-heal|p2a: Pecharunt|10/100|[from] Grassy Terrain
|-heal|p1a: 长颈鹿|80/100|[from] Grassy Terrain
|-fieldend|move: Grassy Terrain
|upkeep
|turn|14
|inactive|xpp233 has 120 seconds left.
|
|t:|1758943378
|move|p2a: Pecharunt|Recover|p2a: Pecharunt
|-heal|p2a: Pecharunt|60/100
|move|p1a: 长颈鹿|Draco Meteor|p2a: Pecharunt|[miss]
|-miss|p1a: 长颈鹿|p2a: Pecharunt
|
|upkeep
|turn|15
|
|t:|1758943386
|switch|p2a: Tyranitar|Tyranitar, F|25/100
|-weather|Sandstorm|[from] ability: Sand Stream|[of] p2a: Tyranitar
|move|p1a: 长颈鹿|Draco Meteor|p2a: Tyranitar
|-damage|p2a: Tyranitar|3/100
|-unboost|p1a: 长颈鹿|spa|2
|
|-weather|Sandstorm|[upkeep]
|-damage|p1a: 长颈鹿|73/100|[from] Sandstorm
|upkeep
|turn|16
|
|t:|1758943414
|switch|p2a: Pecharunt|Pecharunt|60/100
|move|p1a: 长颈鹿|Volt Switch|p2a: Pecharunt
|-damage|p2a: Pecharunt|43/100
|
|t:|1758943422
|-end|p1a: 长颈鹿|Protosynthesis|[silent]
|switch|p1a: 大酱|Kingambit, M, tera:Flying|100/100|[from] Volt Switch
|-activate|p1a: 大酱|ability: Supreme Overlord
|-start|p1a: 大酱|fallen1|[silent]
|
|-weather|Sandstorm|[upkeep]
|-damage|p2a: Pecharunt|37/100|[from] Sandstorm
|-damage|p1a: 大酱|94/100|[from] Sandstorm
|-heal|p1a: 大酱|100/100|[from] item: Leftovers
|upkeep
|turn|17
|
|t:|1758943433
|move|p2a: Pecharunt|Recover|p2a: Pecharunt
|-heal|p2a: Pecharunt|87/100
|move|p1a: 大酱|Iron Head|p2a: Pecharunt
|-damage|p2a: Pecharunt|60/100
|
|-weather|Sandstorm|[upkeep]
|-damage|p2a: Pecharunt|54/100|[from] Sandstorm
|-damage|p1a: 大酱|94/100|[from] Sandstorm
|-heal|p1a: 大酱|100/100|[from] item: Leftovers
|upkeep
|turn|18
|inactive|xpp233 has 120 seconds left.
|
|t:|1758943461
|-end|p1a: 大酱|fallen1|[silent]
|switch|p1a: Landorus|Landorus-Therian, M|95/100 brn
|-ability|p1a: Landorus|Intimidate|boost
|-unboost|p2a: Pecharunt|atk|1
|move|p2a: Pecharunt|Parting Shot|p1a: Landorus
|-unboost|p1a: Landorus|atk|1
|-unboost|p1a: Landorus|spa|1
|
|t:|1758943473
|switch|p2a: Garchomp|Garchomp, F|100/100|[from] Parting Shot
|
|-weather|Sandstorm|[upkeep]
|-damage|p1a: Landorus|89/100 brn|[from] brn
|upkeep
|turn|19
|inactive|xpp233 has 120 seconds left.
|
|t:|1758943490
|move|p1a: Landorus|Taunt|p2a: Garchomp
|-start|p2a: Garchomp|move: Taunt
|cant|p2a: Garchomp|move: Taunt|Swords Dance
|
|-weather|Sandstorm|[upkeep]
|-damage|p1a: Landorus|83/100 brn|[from] brn
|upkeep
|turn|20
|inactive|xpp233 has 120 seconds left.
|inactive|AssassinLemony has 120 seconds left.
|
|t:|1758943521
|switch|p1a: 卡普•猩猩|Rillaboom, M|58/100 tox
|-fieldstart|move: Grassy Terrain|[from] ability: Grassy Surge|[of] p1a: 卡普•猩猩
|move|p2a: Garchomp|Scale Shot|p1a: 卡普•猩猩
|-damage|p1a: 卡普•猩猩|43/100 tox
|-damage|p1a: 卡普•猩猩|27/100 tox
|-damage|p1a: 卡普•猩猩|13/100 tox
|-damage|p1a: 卡普•猩猩|0 fnt
|faint|p1a: 卡普•猩猩
|-hitcount|p1: 卡普•猩猩|4
|-unboost|p2a: Garchomp|def|1
|-boost|p2a: Garchomp|spe|1
|
|-weather|Sandstorm|[upkeep]
|upkeep
|
|t:|1758943541
|switch|p1a: 大酱|Kingambit, M, tera:Flying|100/100
|-activate|p1a: 大酱|ability: Supreme Overlord
|-start|p1a: 大酱|fallen2|[silent]
|turn|21
|
|t:|1758943547
|switch|p2a: Pecharunt|Pecharunt|54/100
|move|p1a: 大酱|Sucker Punch||[still]
|-fail|p1a: 大酱
|
|-weather|Sandstorm|[upkeep]
|-damage|p2a: Pecharunt|48/100|[from] Sandstorm
|-damage|p1a: 大酱|94/100|[from] Sandstorm
|-heal|p2a: Pecharunt|54/100|[from] Grassy Terrain
|-heal|p1a: 大酱|100/100|[from] item: Leftovers
|upkeep
|turn|22
|
|t:|1758943557
|move|p2a: Pecharunt|Parting Shot|p1a: 大酱
|-unboost|p1a: 大酱|atk|1
|-unboost|p1a: 大酱|spa|1
|
|t:|1758943559
|switch|p2a: Rotom|Rotom-Wash|83/100|[from] Parting Shot
|move|p1a: 大酱|Iron Head|p2a: Rotom
|-resisted|p2a: Rotom
|-damage|p2a: Rotom|76/100
|
|-weather|none
|-heal|p2a: Rotom|82/100|[from] item: Leftovers
|upkeep
|turn|23
|inactive|xpp233 has 120 seconds left.
|
|t:|1758943572
|-end|p1a: 大酱|fallen2|[silent]
|switch|p1a: 派大星|Toxapex, M|100/100
|move|p2a: Rotom|Hydro Pump|p1a: 派大星
|-resisted|p1a: 派大星
|-damage|p1a: 派大星|85/100
|
|-heal|p2a: Rotom|89/100|[from] item: Leftovers
|-heal|p1a: 派大星|92/100|[from] Grassy Terrain
|-heal|p1a: 派大星|98/100|[from] item: Black Sludge
|upkeep
|turn|24
|inactive|xpp233 has 120 seconds left.
|
|t:|1758943582
|move|p2a: Rotom|Volt Switch|p1a: 派大星
|-supereffective|p1a: 派大星
|-damage|p1a: 派大星|54/100
|
|t:|1758943586
|switch|p2a: Pecharunt|Pecharunt|54/100|[from] Volt Switch
|move|p1a: 派大星|Toxic|p2a: Pecharunt
|-immune|p2a: Pecharunt
|
|-heal|p2a: Pecharunt|60/100|[from] Grassy Terrain
|-heal|p1a: 派大星|61/100|[from] Grassy Terrain
|-heal|p1a: 派大星|67/100|[from] item: Black Sludge
|-fieldend|move: Grassy Terrain
|upkeep
|turn|25
|
|t:|1758943598
|switch|p1a: Landorus|Landorus-Therian, M|83/100 brn
|-ability|p1a: Landorus|Intimidate|boost
|-unboost|p2a: Pecharunt|atk|1
|move|p2a: Pecharunt|Shadow Ball|p1a: Landorus
|-damage|p1a: Landorus|48/100 brn
|
|-damage|p1a: Landorus|43/100 brn|[from] brn
|upkeep
|turn|26
|
|t:|1758943610
|switch|p2a: Rotom|Rotom-Wash|89/100
|move|p1a: Landorus|Earthquake|p2a: Rotom
|-immune|p2a: Rotom|[from] ability: Levitate
|
|-heal|p2a: Rotom|95/100|[from] item: Leftovers
|-damage|p1a: Landorus|37/100 brn|[from] brn
|upkeep
|turn|27
|inactive|xpp233 has 120 seconds left.
|
|t:|1758943627
|switch|p1a: 长颈鹿|Raging Bolt|73/100
|move|p2a: Rotom|Hydro Pump|p1a: 长颈鹿
|-resisted|p1a: 长颈鹿
|-damage|p1a: 长颈鹿|57/100
|
|-heal|p2a: Rotom|100/100|[from] item: Leftovers
|upkeep
|turn|28
|
|t:|1758943640
|switch|p2a: Tyranitar|Tyranitar, F|3/100
|-weather|Sandstorm|[from] ability: Sand Stream|[of] p2a: Tyranitar
|move|p1a: 长颈鹿|Draco Meteor|p2a: Tyranitar
|-damage|p2a: Tyranitar|0 fnt
|-unboost|p1a: 长颈鹿|spa|2
|faint|p2a: Tyranitar
|
|-weather|Sandstorm|[upkeep]
|-damage|p1a: 长颈鹿|51/100|[from] Sandstorm
|upkeep
|
|t:|1758943657
|switch|p2a: Garchomp|Garchomp, F|100/100
|turn|29
|
|t:|1758943668
|-end|p1a: 长颈鹿|Protosynthesis|[silent]
|switch|p1a: Landorus|Landorus-Therian, M|37/100 brn
|-ability|p1a: Landorus|Intimidate|boost
|-unboost|p2a: Garchomp|atk|1
|-terastallize|p2a: Garchomp|Fire
|move|p2a: Garchomp|Swords Dance|p2a: Garchomp
|-boost|p2a: Garchomp|atk|2
|
|-weather|Sandstorm|[upkeep]
|-damage|p2a: Garchomp|94/100|[from] Sandstorm
|-damage|p1a: Landorus|31/100 brn|[from] brn
|upkeep
|turn|30
|
|t:|1758943680
|move|p1a: Landorus|Earthquake|p2a: Garchomp
|-supereffective|p2a: Garchomp
|-damage|p2a: Garchomp|36/100
|move|p2a: Garchomp|Fire Fang|p1a: Landorus
|-crit|p1a: Landorus
|-damage|p1a: Landorus|0 fnt
|faint|p1a: Landorus
|
|-weather|Sandstorm|[upkeep]
|-damage|p2a: Garchomp|30/100|[from] Sandstorm
|upkeep
|
|t:|1758943694
|switch|p1a: 派大星|Toxapex, M|99/100
|turn|31
|
|t:|1758943713
|move|p1a: 派大星|Baneful Bunker|p1a: 派大星
|-singleturn|p1a: 派大星|move: Protect
|move|p2a: Garchomp|Earthquake|p1a: 派大星
|-activate|p1a: 派大星|move: Protect
|
|-weather|Sandstorm|[upkeep]
|-damage|p2a: Garchomp|24/100|[from] Sandstorm
|-damage|p1a: 派大星|94/100|[from] Sandstorm
|-heal|p1a: 派大星|99/100|[from] item: Black Sludge
|upkeep
|turn|32
|
|t:|1758943728
|switch|p1a: 大酱|Kingambit, M, tera:Flying|100/100
|-activate|p1a: 大酱|ability: Supreme Overlord
|-start|p1a: 大酱|fallen3|[silent]
|move|p2a: Garchomp|Earthquake|p1a: 大酱
|-immune|p1a: 大酱
|
|-weather|Sandstorm|[upkeep]
|-damage|p2a: Garchomp|18/100|[from] Sandstorm
|-damage|p1a: 大酱|94/100|[from] Sandstorm
|-heal|p1a: 大酱|100/100|[from] item: Leftovers
|upkeep
|turn|33
|inactive|xpp233 has 120 seconds left.
|
|t:|1758943757
|switch|p2a: Rotom|Rotom-Wash|100/100
|move|p1a: 大酱|Swords Dance|p1a: 大酱
|-boost|p1a: 大酱|atk|2
|
|-weather|Sandstorm|[upkeep]
|-damage|p2a: Rotom|94/100|[from] Sandstorm
|-damage|p1a: 大酱|94/100|[from] Sandstorm
|-heal|p2a: Rotom|100/100|[from] item: Leftovers
|-heal|p1a: 大酱|100/100|[from] item: Leftovers
|upkeep
|turn|34
|
|t:|1758943768
|move|p2a: Rotom|Will-O-Wisp|p1a: 大酱
|-status|p1a: 大酱|brn
|move|p1a: 大酱|Swords Dance|p1a: 大酱
|-boost|p1a: 大酱|atk|2
|
|-weather|Sandstorm|[upkeep]
|-damage|p2a: Rotom|94/100|[from] Sandstorm
|-damage|p1a: 大酱|94/100 brn|[from] Sandstorm
|-heal|p2a: Rotom|100/100|[from] item: Leftovers
|-heal|p1a: 大酱|100/100 brn|[from] item: Leftovers
|-damage|p1a: 大酱|94/100 brn|[from] brn
|upkeep
|turn|35
|
|t:|1758943781
|move|p2a: Rotom|Hydro Pump|p1a: 大酱
|-damage|p1a: 大酱|55/100 brn
|move|p1a: 大酱|Swords Dance|p1a: 大酱
|-boost|p1a: 大酱|atk|2
|
|-weather|none
|-heal|p1a: 大酱|62/100 brn|[from] item: Leftovers
|-damage|p1a: 大酱|55/100 brn|[from] brn
|upkeep
|turn|36
|
|t:|1758943789
|move|p1a: 大酱|Sucker Punch|p2a: Rotom
|-damage|p2a: Rotom|10/100
|move|p2a: Rotom|Hydro Pump|p1a: 大酱
|-damage|p1a: 大酱|21/100 brn
|
|-heal|p2a: Rotom|16/100|[from] item: Leftovers
|-heal|p1a: 大酱|27/100 brn|[from] item: Leftovers
|-damage|p1a: 大酱|21/100 brn|[from] brn
|upkeep
|turn|37
|inactive|xpp233 has 120 seconds left.
|
|t:|1758943798
|move|p1a: 大酱|Sucker Punch||[still]
|-fail|p1a: 大酱
|move|p2a: Rotom|Will-O-Wisp|p1a: 大酱
|-fail|p1a: 大酱|brn
|
|-heal|p2a: Rotom|22/100|[from] item: Leftovers
|-heal|p1a: 大酱|27/100 brn|[from] item: Leftovers
|-damage|p1a: 大酱|21/100 brn|[from] brn
|upkeep
|turn|38
|
|t:|1758943807
|move|p1a: 大酱|Sucker Punch||[still]
|-fail|p1a: 大酱
|move|p2a: Rotom|Will-O-Wisp|p1a: 大酱
|-fail|p1a: 大酱|brn
|
|-heal|p2a: Rotom|28/100|[from] item: Leftovers
|-heal|p1a: 大酱|27/100 brn|[from] item: Leftovers
|-damage|p1a: 大酱|21/100 brn|[from] brn
|upkeep
|turn|39
|
|t:|1758943815
|move|p1a: 大酱|Sucker Punch|p2a: Rotom
|-damage|p2a: Rotom|0 fnt
|faint|p2a: Rotom
|
|-heal|p1a: 大酱|27/100 brn|[from] item: Leftovers
|-damage|p1a: 大酱|21/100 brn|[from] brn
|upkeep
|
|t:|1758943824
|switch|p2a: Kingambit|Kingambit, M|100/100
|-activate|p2a: Kingambit|ability: Supreme Overlord
|-start|p2a: Kingambit|fallen3|[silent]
|turn|40
|
|t:|1758943829
|-end|p2a: Kingambit|fallen3|[silent]
|switch|p2a: Pecharunt|Pecharunt|60/100
|move|p1a: 大酱|Low Kick|p2a: Pecharunt
|-immune|p2a: Pecharunt
|
|-heal|p1a: 大酱|27/100 brn|[from] item: Leftovers
|-damage|p1a: 大酱|21/100 brn|[from] brn
|upkeep
|turn|41
|
|t:|1758943840
|move|p1a: 大酱|Sucker Punch||[still]
|-fail|p1a: 大酱
|move|p2a: Pecharunt|Recover|p2a: Pecharunt
|-heal|p2a: Pecharunt|100/100
|
|-heal|p1a: 大酱|27/100 brn|[from] item: Leftovers
|-damage|p1a: 大酱|21/100 brn|[from] brn
|upkeep
|turn|42
|
|t:|1758943848
|move|p2a: Pecharunt|Parting Shot|p1a: 大酱
|-unboost|p1a: 大酱|atk|1
|-unboost|p1a: 大酱|spa|1
|
|t:|1758943854
|switch|p2a: Kingambit|Kingambit, M|100/100|[from] Parting Shot
|-activate|p2a: Kingambit|ability: Supreme Overlord
|-start|p2a: Kingambit|fallen3|[silent]
|move|p1a: 大酱|Iron Head|p2a: Kingambit
|-resisted|p2a: Kingambit
|-damage|p2a: Kingambit|55/100
|
|-heal|p1a: 大酱|27/100 brn|[from] item: Leftovers
|-damage|p1a: 大酱|21/100 brn|[from] brn
|upkeep
|turn|43
|
|t:|1758943868
|-end|p2a: Kingambit|fallen3|[silent]
|switch|p2a: Pecharunt|Pecharunt|100/100
|move|p1a: 大酱|Swords Dance|p1a: 大酱
|-boost|p1a: 大酱|atk|1
|
|-heal|p1a: 大酱|27/100 brn|[from] item: Leftovers
|-damage|p1a: 大酱|21/100 brn|[from] brn
|upkeep
|turn|44
|
|t:|1758943878
|move|p2a: Pecharunt|Shadow Ball|p1a: 大酱
|-damage|p1a: 大酱|0 fnt
|faint|p1a: 大酱
|-end|p1a: 大酱|fallen3|[silent]
|
|upkeep
|
|t:|1758943883
|switch|p1a: 长颈鹿|Raging Bolt|51/100
|turn|45
|
|t:|1758943889
|move|p2a: Pecharunt|Malignant Chain|p1a: 长颈鹿
|-crit|p1a: 长颈鹿
|-damage|p1a: 长颈鹿|15/100
|-status|p1a: 长颈鹿|tox
|-start|p1a: 长颈鹿|confusion|[from] ability: Poison Puppeteer|[of] p2a: Pecharunt
|-activate|p1a: 长颈鹿|confusion
|move|p1a: 长颈鹿|Draco Meteor|p2a: Pecharunt
|-damage|p2a: Pecharunt|25/100
|-unboost|p1a: 长颈鹿|spa|2
|
|-damage|p1a: 长颈鹿|9/100 tox|[from] psn
|upkeep
|turn|46
|
|t:|1758943904
|move|p2a: Pecharunt|Recover|p2a: Pecharunt
|-heal|p2a: Pecharunt|75/100
|-activate|p1a: 长颈鹿|confusion
|move|p1a: 长颈鹿|Draco Meteor|p2a: Pecharunt
|-damage|p2a: Pecharunt|35/100
|-unboost|p1a: 长颈鹿|spa|2
|
|-damage|p1a: 长颈鹿|0 fnt|[from] psn
|faint|p1a: 长颈鹿
|-end|p1a: 长颈鹿|Protosynthesis|[silent]
|upkeep
|-message|xpp233 forfeited.
|
|win|AssassinLemony
|raw|xpp233's rating: 1243 &rarr; <strong>1220</strong><br />(-23 for losing)
|raw|AssassinLemony's rating: 1271 &rarr; <strong>1294</strong><br />(+23 for winning)
|l|☆xpp233
|player|p1|
