|j|☆Ashreturnsingen9
|j|☆U_Quokka
|t:|1759033912
|gametype|singles
|player|p1|Ashreturnsingen9|lucas|1407
|player|p2|U_Quokka|waiter-gen4dp|1347
|gen|9
|tier|[Gen 9] OU
|rated|
|rule|HP Percentage Mod: HP is shown in percentages
|rule|Endless Battle Clause: Forcing endless battles is banned
|rule|Species Clause: Limit one of each Pokémon
|rule|OHKO Clause: OHKO moves are banned
|rule|Evasion Items Clause: Evasion items are banned
|rule|Evasion Moves Clause: Evasion moves are banned
|rule|Evasion Abilities Clause: Evasion abilities are banned
|rule|Sleep Moves Clause: Sleep-inducing moves are banned
|clearpoke
|poke|p1|Charizard, F|
|poke|p1|Venusaur, F|
|poke|p1|Lapras, F|
|poke|p1|Blastoise, M|
|poke|p1|Snorlax, M|
|poke|p1|Clefable, F|
|poke|p2|Ogerpon-Cornerstone, F|
|poke|p2|Ting-Lu|
|poke|p2|Hatterene, F|
|poke|p2|Scizor, F|
|poke|p2|Zamazenta-*|
|poke|p2|Dragapult, F|
|teampreview
|
|t:|1759033941
|teamsize|p1|6
|teamsize|p2|6
|start
|switch|p1a: Venusaur|Venusaur, F|100/100
|switch|p2a: Ogerpon|Ogerpon-Cornerstone, F|100/100
|turn|1
|inactive|Battle timer is ON: inactive players will automatically lose when time's up. (requested by Ashreturnsingen9)
|
|t:|1759033946
|move|p2a: Ogerpon|Swords Dance|p2a: Ogerpon
|-boost|p2a: Ogerpon|atk|2
|move|p1a: Venusaur|Sunny Day|p1a: Venusaur
|-weather|SunnyDay
|
|-weather|SunnyDay|[upkeep]
|upkeep
|turn|2
|
|t:|1759033977
|move|p1a: Venusaur|Sludge Bomb|p2a: Ogerpon
|-damage|p2a: Ogerpon|48/100
|-status|p2a: Ogerpon|psn
|move|p2a: Ogerpon|Ivy Cudgel|p1a: Venusaur|[anim] Ivy Cudgel Rock
|-damage|p1a: Venusaur|0 fnt
|faint|p1a: Venusaur
|
|-weather|SunnyDay|[upkeep]
|-damage|p2a: Ogerpon|36/100 psn|[from] psn
|upkeep
|
|t:|1759033986
|switch|p1a: Charizard|Charizard, F|100/100
|turn|3
|
|t:|1759033991
|-terastallize|p2a: Ogerpon|Rock
|detailschange|p2a: Ogerpon|Ogerpon-Cornerstone-Tera, F, tera:Rock
|-ability|p2a: Ogerpon|Embody Aspect (Cornerstone)|boost
|-boost|p2a: Ogerpon|def|1
|move|p1a: Charizard|Flamethrower|p2a: Ogerpon
|-resisted|p2a: Ogerpon
|-damage|p2a: Ogerpon|0 fnt
|faint|p2a: Ogerpon
|detailschange|p2: Ogerpon|Ogerpon-Cornerstone, F|[silent]
|
|-weather|SunnyDay|[upkeep]
|-damage|p1a: Charizard|88/100|[from] ability: Solar Power|[of] p1a: Charizard
|upkeep
|
|t:|1759033999
|switch|p2a: Ting-Lu|Ting-Lu|100/100
|-ability|p2a: Ting-Lu|Vessel of Ruin
|turn|4
|
|t:|1759034011
|-terastallize|p1a: Charizard|Fire
|move|p1a: Charizard|Flamethrower|p2a: Ting-Lu
|-damage|p2a: Ting-Lu|43/100
|move|p2a: Ting-Lu|Stealth Rock|p1a: Charizard
|-sidestart|p1: Ashreturnsingen9|move: Stealth Rock
|
|-weather|SunnyDay|[upkeep]
|-damage|p1a: Charizard|76/100|[from] ability: Solar Power|[of] p1a: Charizard
|-heal|p2a: Ting-Lu|50/100|[from] item: Leftovers
|upkeep
|turn|5
|
|t:|1759034030
|move|p1a: Charizard|Flamethrower|p2a: Ting-Lu
|-damage|p2a: Ting-Lu|0 fnt
|faint|p2a: Ting-Lu
|
|-weather|SunnyDay|[upkeep]
|-damage|p1a: Charizard|63/100|[from] ability: Solar Power|[of] p1a: Charizard
|upkeep
|inactive|U_Quokka has 120 seconds left.
|
|t:|1759034075
|switch|p2a: Dragapult|Dragapult, F|100/100
|turn|6
|
|t:|1759034078
|move|p1a: Charizard|Flamethrower|p2a: Dragapult
|-resisted|p2a: Dragapult
|-damage|p2a: Dragapult|1/100
|-status|p2a: Dragapult|brn
|move|p2a: Dragapult|Shadow Ball|p1a: Charizard
|-damage|p1a: Charizard|0 fnt
|faint|p1a: Charizard
|
|-weather|SunnyDay|[upkeep]
|-damage|p2a: Dragapult|0 fnt|[from] brn
|faint|p2a: Dragapult
|upkeep
|
|t:|1759034089
|switch|p2a: Zamazenta|Zamazenta|100/100
|switch|p1a: Snorlax|Snorlax, M|100/100
|-ability|p2a: Zamazenta|Dauntless Shield|boost
|-boost|p2a: Zamazenta|def|1
|-damage|p1a: Snorlax|88/100|[from] Stealth Rock
|turn|7
|
|t:|1759034094
|move|p2a: Zamazenta|Heavy Slam|p1a: Snorlax
|-damage|p1a: Snorlax|79/100
|move|p1a: Snorlax|Body Slam|p2a: Zamazenta
|-damage|p2a: Zamazenta|79/100
|
|-weather|SunnyDay|[upkeep]
|-heal|p2a: Zamazenta|86/100|[from] item: Leftovers
|upkeep
|turn|8
|
|t:|1759034097
|move|p2a: Zamazenta|Iron Defense|p2a: Zamazenta
|-boost|p2a: Zamazenta|def|2
|move|p1a: Snorlax|Body Slam|p2a: Zamazenta
|-damage|p2a: Zamazenta|73/100
|
|-weather|none
|-heal|p2a: Zamazenta|79/100|[from] item: Leftovers
|upkeep
|turn|9
|
|t:|1759034099
|move|p2a: Zamazenta|Iron Defense|p2a: Zamazenta
|-boost|p2a: Zamazenta|def|2
|move|p1a: Snorlax|Body Slam|p2a: Zamazenta
|-damage|p2a: Zamazenta|71/100
|
|-heal|p2a: Zamazenta|77/100|[from] item: Leftovers
|upkeep
|turn|10
|
|t:|1759034101
|move|p2a: Zamazenta|Body Press|p1a: Snorlax
|-supereffective|p1a: Snorlax
|-damage|p1a: Snorlax|0 fnt
|faint|p1a: Snorlax
|
|-heal|p2a: Zamazenta|83/100|[from] item: Leftovers
|upkeep
|
|t:|1759034105
|switch|p1a: Clefable|Clefable, F|100/100
|-damage|p1a: Clefable|88/100|[from] Stealth Rock
|turn|11
|
|t:|1759034107
|move|p2a: Zamazenta|Heavy Slam|p1a: Clefable
|-supereffective|p1a: Clefable
|-damage|p1a: Clefable|41/100
|move|p1a: Clefable|Moonblast|p2a: Zamazenta
|-supereffective|p2a: Zamazenta
|-damage|p2a: Zamazenta|37/100
|
|-heal|p2a: Zamazenta|43/100|[from] item: Leftovers
|-heal|p1a: Clefable|47/100|[from] item: Leftovers
|upkeep
|turn|12
|
|t:|1759034121
|move|p2a: Zamazenta|Heavy Slam|p1a: Clefable
|-supereffective|p1a: Clefable
|-damage|p1a: Clefable|2/100
|move|p1a: Clefable|Moonlight|p1a: Clefable
|-heal|p1a: Clefable|52/100
|
|-heal|p2a: Zamazenta|49/100|[from] item: Leftovers
|-heal|p1a: Clefable|58/100|[from] item: Leftovers
|upkeep
|turn|13
|
|t:|1759034128
|move|p2a: Zamazenta|Heavy Slam|p1a: Clefable
|-supereffective|p1a: Clefable
|-damage|p1a: Clefable|7/100
|move|p1a: Clefable|Moonlight|p1a: Clefable
|-heal|p1a: Clefable|57/100
|
|-heal|p2a: Zamazenta|55/100|[from] item: Leftovers
|-heal|p1a: Clefable|63/100|[from] item: Leftovers
|upkeep
|turn|14
|
|t:|1759034131
|move|p2a: Zamazenta|Heavy Slam|p1a: Clefable
|-supereffective|p1a: Clefable
|-damage|p1a: Clefable|17/100
|move|p1a: Clefable|Moonlight|p1a: Clefable
|-heal|p1a: Clefable|67/100
|
|-heal|p2a: Zamazenta|61/100|[from] item: Leftovers
|-heal|p1a: Clefable|73/100|[from] item: Leftovers
|upkeep
|turn|15
|
|t:|1759034134
|move|p2a: Zamazenta|Heavy Slam|p1a: Clefable
|-supereffective|p1a: Clefable
|-damage|p1a: Clefable|23/100
|move|p1a: Clefable|Moonlight|p1a: Clefable
|-heal|p1a: Clefable|73/100
|
|-heal|p2a: Zamazenta|68/100|[from] item: Leftovers
|-heal|p1a: Clefable|79/100|[from] item: Leftovers
|upkeep
|turn|16
|
|t:|1759034136
|move|p2a: Zamazenta|Heavy Slam|p1a: Clefable
|-supereffective|p1a: Clefable
|-damage|p1a: Clefable|34/100
|move|p1a: Clefable|Moonlight|p1a: Clefable
|-heal|p1a: Clefable|84/100
|
|-heal|p2a: Zamazenta|74/100|[from] item: Leftovers
|-heal|p1a: Clefable|90/100|[from] item: Leftovers
|upkeep
|turn|17
|
|t:|1759034139
|move|p2a: Zamazenta|Heavy Slam|p1a: Clefable
|-supereffective|p1a: Clefable
|-damage|p1a: Clefable|42/100
|move|p1a: Clefable|Moonlight|p1a: Clefable
|-heal|p1a: Clefable|92/100
|
|-heal|p2a: Zamazenta|80/100|[from] item: Leftovers
|-heal|p1a: Clefable|98/100|[from] item: Leftovers
|upkeep
|turn|18
|
|t:|1759034142
|move|p2a: Zamazenta|Heavy Slam|p1a: Clefable
|-supereffective|p1a: Clefable
|-damage|p1a: Clefable|50/100
|move|p1a: Clefable|Cosmic Power|p1a: Clefable
|-boost|p1a: Clefable|def|1
|-boost|p1a: Clefable|spd|1
|
|-heal|p2a: Zamazenta|86/100|[from] item: Leftovers
|-heal|p1a: Clefable|57/100|[from] item: Leftovers
|upkeep
|turn|19
|
|t:|1759034145
|move|p2a: Zamazenta|Heavy Slam|p1a: Clefable
|-supereffective|p1a: Clefable
|-damage|p1a: Clefable|23/100
|move|p1a: Clefable|Moonlight|p1a: Clefable
|-heal|p1a: Clefable|73/100
|
|-heal|p2a: Zamazenta|92/100|[from] item: Leftovers
|-heal|p1a: Clefable|79/100|[from] item: Leftovers
|upkeep
|turn|20
|
|t:|1759034155
|move|p2a: Zamazenta|Heavy Slam|p1a: Clefable
|-supereffective|p1a: Clefable
|-damage|p1a: Clefable|44/100
|move|p1a: Clefable|Cosmic Power|p1a: Clefable
|-boost|p1a: Clefable|def|1
|-boost|p1a: Clefable|spd|1
|
|-heal|p2a: Zamazenta|98/100|[from] item: Leftovers
|-heal|p1a: Clefable|50/100|[from] item: Leftovers
|upkeep
|turn|21
|
|t:|1759034157
|move|p2a: Zamazenta|Heavy Slam|p1a: Clefable
|-supereffective|p1a: Clefable
|-damage|p1a: Clefable|25/100
|move|p1a: Clefable|Moonlight|p1a: Clefable
|-heal|p1a: Clefable|75/100
|
|-heal|p2a: Zamazenta|100/100|[from] item: Leftovers
|-heal|p1a: Clefable|81/100|[from] item: Leftovers
|upkeep
|turn|22
|
|t:|1759034160
|move|p2a: Zamazenta|Heavy Slam|p1a: Clefable
|-supereffective|p1a: Clefable
|-damage|p1a: Clefable|57/100
|move|p1a: Clefable|Moonblast|p2a: Zamazenta
|-supereffective|p2a: Zamazenta
|-damage|p2a: Zamazenta|49/100
|-unboost|p2a: Zamazenta|spa|1
|
|-heal|p2a: Zamazenta|56/100|[from] item: Leftovers
|-heal|p1a: Clefable|63/100|[from] item: Leftovers
|upkeep
|turn|23
|
|t:|1759034162
|move|p2a: Zamazenta|Heavy Slam|p1a: Clefable
|-supereffective|p1a: Clefable
|-damage|p1a: Clefable|40/100
|move|p1a: Clefable|Moonblast|p2a: Zamazenta
|-supereffective|p2a: Zamazenta
|-damage|p2a: Zamazenta|5/100
|
|-heal|p2a: Zamazenta|11/100|[from] item: Leftovers
|-heal|p1a: Clefable|46/100|[from] item: Leftovers
|upkeep
|turn|24
|
|t:|1759034165
|move|p2a: Zamazenta|Heavy Slam|p1a: Clefable
|-supereffective|p1a: Clefable
|-damage|p1a: Clefable|23/100
|move|p1a: Clefable|Moonblast|p2a: Zamazenta
|-supereffective|p2a: Zamazenta
|-damage|p2a: Zamazenta|0 fnt
|faint|p2a: Zamazenta
|
|-heal|p1a: Clefable|29/100|[from] item: Leftovers
|upkeep
|
|t:|1759034168
|switch|p2a: Scizor|Scizor, F|100/100
|turn|25
|
|t:|1759034172
|move|p2a: Scizor|Bullet Punch|p1a: Clefable
|-supereffective|p1a: Clefable
|-damage|p1a: Clefable|0 fnt
|faint|p1a: Clefable
|
|upkeep
|
|t:|1759034177
|switch|p1a: Blastoise|Blastoise, M|100/100
|-damage|p1a: Blastoise|88/100|[from] Stealth Rock
|turn|26
|
|t:|1759034180
|switch|p2a: Hatterene|Hatterene, F|100/100
|move|p1a: Blastoise|Shell Smash|p1a: Blastoise
|-unboost|p1a: Blastoise|def|1
|-unboost|p1a: Blastoise|spd|1
|-boost|p1a: Blastoise|atk|2
|-boost|p1a: Blastoise|spa|2
|-boost|p1a: Blastoise|spe|2
|-enditem|p1a: Blastoise|White Herb
|-clearnegativeboost|p1a: Blastoise|[silent]
|
|upkeep
|turn|27
|
|t:|1759034186
|move|p1a: Blastoise|Surf|p2a: Hatterene
|-damage|p2a: Hatterene|56/100
|move|p2a: Hatterene|Future Sight|p1a: Blastoise
|-start|p2a: Hatterene|move: Future Sight
|
|upkeep
|turn|28
|
|t:|1759034191
|move|p1a: Blastoise|Surf|p2a: Hatterene
|-damage|p2a: Hatterene|8/100
|move|p2a: Hatterene|Draining Kiss|p1a: Blastoise
|-damage|p1a: Blastoise|58/100
|-heal|p2a: Hatterene|30/100|[from] drain|[of] p1a: Blastoise
|
|upkeep
|turn|29
|
|t:|1759034196
|move|p1a: Blastoise|Surf|p2a: Hatterene
|-damage|p2a: Hatterene|0 fnt
|faint|p2a: Hatterene
|
|-end|p1a: Blastoise|move: Future Sight
|-damage|p1a: Blastoise|0 fnt
|faint|p1a: Blastoise
|upkeep
|
|t:|1759034198
|switch|p1a: Lapras|Lapras, F|100/100
|switch|p2a: Scizor|Scizor, F|100/100
|-damage|p1a: Lapras|76/100|[from] Stealth Rock
|turn|30
|
|t:|1759034201
|move|p2a: Scizor|Close Combat|p1a: Lapras
|-supereffective|p1a: Lapras
|-damage|p1a: Lapras|0 fnt
|-unboost|p2a: Scizor|def|1
|-unboost|p2a: Scizor|spd|1
|faint|p1a: Lapras
|
|win|U_Quokka
|raw|Ashreturnsingen9's rating: 1407 &rarr; <strong>1384</strong><br />(-23 for losing)
|raw|U_Quokka's rating: 1347 &rarr; <strong>1370</strong><br />(+23 for winning)
|l|☆U_Quokka
|player|p2|
