|j|☆UltraGodGreninja
|j|☆IPFREELY69420
|t:|1758945773
|gametype|singles
|player|p1|UltraGodGreninja|skyla|1334
|player|p2|IPFREELY69420|flannery|1333
|gen|9
|tier|[Gen 9] OU
|rated|
|rule|HP Percentage Mod: HP is shown in percentages
|rule|Endless Battle Clause: Forcing endless battles is banned
|rule|Species Clause: Limit one of each Pokémon
|rule|OHKO Clause: OHKO moves are banned
|rule|Evasion Items Clause: Evasion items are banned
|rule|Evasion Moves Clause: Evasion moves are banned
|rule|Evasion Abilities Clause: Evasion abilities are banned
|rule|Sleep Moves Clause: Sleep-inducing moves are banned
|clearpoke
|poke|p1|Great Tusk|
|poke|p1|Greninja-*, M|
|poke|p1|Ting-Lu|
|poke|p1|Alomomola, M|
|poke|p1|Pecharunt|
|poke|p1|Scizor, M|
|poke|p2|Tyranitar, F|
|poke|p2|Excadrill, M|
|poke|p2|Zapdos|
|poke|p2|Ogerpon-Wellspring, F|
|poke|p2|Blaziken, M|
|poke|p2|Dragapult, M|
|teampreview
|inactive|Battle timer is ON: inactive players will automatically lose when time's up. (requested by IPFREELY69420)
|
|t:|1758945780
|teamsize|p1|6
|teamsize|p2|6
|start
|switch|p1a: Scizor|Scizor, M|100/100
|switch|p2a: Tyranitar|Tyranitar, F|100/100
|-weather|Sandstorm|[from] ability: Sand Stream|[of] p2a: Tyranitar
|turn|1
|
|t:|1758945800
|switch|p2a: Zapdos|Zapdos|100/100
|move|p1a: Scizor|U-turn|p2a: Zapdos
|-resisted|p2a: Zapdos
|-damage|p2a: Zapdos|80/100
|-status|p1a: Scizor|par|[from] ability: Static|[of] p2a: Zapdos
|
|t:|1758945803
|switch|p1a: Greninja|Greninja, M|100/100|[from] U-turn
|
|-weather|Sandstorm|[upkeep]
|-damage|p1a: Greninja|95/100|[from] Sandstorm
|-damage|p2a: Zapdos|74/100|[from] Sandstorm
|upkeep
|turn|2
|
|t:|1758945824
|move|p1a: Greninja|Ice Beam|p2a: Zapdos
|-start|p1a: Greninja|typechange|Ice|[from] ability: Protean
|-supereffective|p2a: Zapdos
|-damage|p2a: Zapdos|0 fnt
|faint|p2a: Zapdos
|
|-weather|Sandstorm|[upkeep]
|-damage|p1a: Greninja|89/100|[from] Sandstorm
|upkeep
|inactive|IPFREELY69420 has 120 seconds left.
|
|t:|1758945842
|switch|p2a: Dragapult|Dragapult, M|100/100
|turn|3
|
|t:|1758945868
|switch|p1a: Ting-Lu|Ting-Lu|100/100
|-ability|p1a: Ting-Lu|Vessel of Ruin
|move|p2a: Dragapult|U-turn|p1a: Ting-Lu
|-supereffective|p1a: Ting-Lu
|-crit|p1a: Ting-Lu
|-damage|p1a: Ting-Lu|72/100
|
|t:|1758945875
|switch|p2a: Ogerpon|Ogerpon-Wellspring, F|100/100|[from] U-turn
|
|-weather|Sandstorm|[upkeep]
|-damage|p2a: Ogerpon|95/100|[from] Sandstorm
|-heal|p1a: Ting-Lu|79/100|[from] item: Leftovers
|upkeep
|turn|4
|
|t:|1758945884
|switch|p1a: Pecharunt|Pecharunt|100/100
|move|p2a: Ogerpon|Swords Dance|p2a: Ogerpon
|-boost|p2a: Ogerpon|atk|2
|
|-weather|Sandstorm|[upkeep]
|-damage|p2a: Ogerpon|89/100|[from] Sandstorm
|-damage|p1a: Pecharunt|94/100|[from] Sandstorm
|upkeep
|turn|5
|
|t:|1758945891
|move|p2a: Ogerpon|Ivy Cudgel|p1a: Pecharunt|[anim] Ivy Cudgel Water
|-damage|p1a: Pecharunt|34/100
|move|p1a: Pecharunt|Malignant Chain|p2a: Ogerpon
|-supereffective|p2a: Ogerpon
|-damage|p2a: Ogerpon|21/100
|-status|p2a: Ogerpon|tox
|-start|p2a: Ogerpon|confusion|[from] ability: Poison Puppeteer|[of] p1a: Pecharunt
|
|-weather|none
|-damage|p2a: Ogerpon|15/100 tox|[from] psn
|upkeep
|turn|6
|
|t:|1758945898
|-activate|p2a: Ogerpon|confusion
|-damage|p2a: Ogerpon|0 fnt|[from] confusion
|faint|p2a: Ogerpon
|move|p1a: Pecharunt|Parting Shot|p2: Ogerpon|[notarget]
|-fail|p1a: Pecharunt
|
|upkeep
|
|t:|1758945911
|switch|p2a: Tyranitar|Tyranitar, F|100/100
|-weather|Sandstorm|[from] ability: Sand Stream|[of] p2a: Tyranitar
|turn|7
|
|t:|1758945931
|move|p1a: Pecharunt|Recover|p1a: Pecharunt
|-heal|p1a: Pecharunt|84/100
|move|p2a: Tyranitar|Stealth Rock|p1a: Pecharunt
|-sidestart|p1: UltraGodGreninja|move: Stealth Rock
|
|-weather|Sandstorm|[upkeep]
|-damage|p1a: Pecharunt|78/100|[from] Sandstorm
|upkeep
|turn|8
|
|t:|1758945935
|move|p1a: Pecharunt|Parting Shot|p2a: Tyranitar
|-unboost|p2a: Tyranitar|atk|1
|-unboost|p2a: Tyranitar|spa|1
|
|t:|1758945937
|switch|p1a: Ting-Lu|Ting-Lu|79/100|[from] Parting Shot
|-damage|p1a: Ting-Lu|72/100|[from] Stealth Rock
|-ability|p1a: Ting-Lu|Vessel of Ruin
|move|p2a: Tyranitar|Knock Off|p1a: Ting-Lu
|-resisted|p1a: Ting-Lu
|-damage|p1a: Ting-Lu|64/100
|-enditem|p1a: Ting-Lu|Leftovers|[from] move: Knock Off|[of] p2a: Tyranitar
|
|-weather|Sandstorm|[upkeep]
|upkeep
|turn|9
|
|t:|1758945943
|move|p2a: Tyranitar|Low Kick|p1a: Ting-Lu
|-supereffective|p1a: Ting-Lu
|-damage|p1a: Ting-Lu|40/100
|move|p1a: Ting-Lu|Stealth Rock|p2a: Tyranitar
|-sidestart|p2: IPFREELY69420|move: Stealth Rock
|
|-weather|Sandstorm|[upkeep]
|upkeep
|turn|10
|
|t:|1758945951
|switch|p2a: Excadrill|Excadrill, M|100/100
|-damage|p2a: Excadrill|97/100|[from] Stealth Rock
|-item|p2a: Excadrill|Air Balloon
|move|p1a: Ting-Lu|Earthquake|p2a: Excadrill
|-immune|p2a: Excadrill
|
|-weather|Sandstorm|[upkeep]
|upkeep
|turn|11
|
|t:|1758945954
|move|p2a: Excadrill|Rapid Spin|p1a: Ting-Lu
|-damage|p1a: Ting-Lu|29/100
|-boost|p2a: Excadrill|spe|1
|-sideend|p2: IPFREELY69420|Stealth Rock|[from] move: Rapid Spin|[of] p2a: Excadrill
|move|p1a: Ting-Lu|Ruination|p2a: Excadrill
|-damage|p2a: Excadrill|49/100
|-enditem|p2a: Excadrill|Air Balloon
|
|-weather|none
|upkeep
|turn|12
|
|t:|1758945958
|move|p2a: Excadrill|Earthquake|p1a: Ting-Lu
|-damage|p1a: Ting-Lu|0 fnt
|faint|p1a: Ting-Lu
|
|upkeep
|
|t:|1758945961
|switch|p1a: Great Tusk|Great Tusk|100/100
|turn|13
|
|t:|1758945967
|switch|p2a: Dragapult|Dragapult, M|100/100
|move|p1a: Great Tusk|Headlong Rush|p2a: Dragapult
|-damage|p2a: Dragapult|19/100
|-unboost|p1a: Great Tusk|def|1
|-unboost|p1a: Great Tusk|spd|1
|
|upkeep
|turn|14
|
|t:|1758945973
|-end|p1a: Great Tusk|Protosynthesis|[silent]
|switch|p1a: Alomomola|Alomomola, M|100/100
|-damage|p1a: Alomomola|88/100|[from] Stealth Rock
|move|p2a: Dragapult|Draco Meteor|p1a: Alomomola
|-damage|p1a: Alomomola|59/100
|-unboost|p2a: Dragapult|spa|2
|
|upkeep
|turn|15
|
|t:|1758945979
|switch|p2a: Tyranitar|Tyranitar, F|100/100
|-weather|Sandstorm|[from] ability: Sand Stream|[of] p2a: Tyranitar
|move|p1a: Alomomola|Flip Turn|p2a: Tyranitar
|-supereffective|p2a: Tyranitar
|-damage|p2a: Tyranitar|77/100
|
|t:|1758946004
|switch|p1a: Scizor|Scizor, M|100/100 par|[from] Flip Turn
|-damage|p1a: Scizor|88/100 par|[from] Stealth Rock
|
|-weather|Sandstorm|[upkeep]
|upkeep
|turn|16
|
|t:|1758946013
|switch|p2a: Dragapult|Dragapult, M|19/100
|move|p1a: Scizor|Bullet Punch|p2a: Dragapult
|-damage|p2a: Dragapult|0 fnt
|faint|p2a: Dragapult
|
|-weather|Sandstorm|[upkeep]
|upkeep
|
|t:|1758946021
|switch|p2a: Blaziken|Blaziken, M|100/100
|-item|p2a: Blaziken|Air Balloon
|turn|17
|
|t:|1758946023
|switch|p1a: Pecharunt|Pecharunt|78/100
|move|p2a: Blaziken|Swords Dance|p2a: Blaziken
|-boost|p2a: Blaziken|atk|2
|
|-weather|Sandstorm|[upkeep]
|-damage|p2a: Blaziken|95/100|[from] Sandstorm
|-damage|p1a: Pecharunt|72/100|[from] Sandstorm
|-ability|p2a: Blaziken|Speed Boost|boost
|-boost|p2a: Blaziken|spe|1
|upkeep
|turn|18
|
|t:|1758946028
|move|p2a: Blaziken|Swords Dance|p2a: Blaziken
|-boost|p2a: Blaziken|atk|2
|move|p1a: Pecharunt|Malignant Chain|p2a: Blaziken
|-damage|p2a: Blaziken|49/100
|-status|p2a: Blaziken|tox
|-start|p2a: Blaziken|confusion|[from] ability: Poison Puppeteer|[of] p1a: Pecharunt
|-enditem|p2a: Blaziken|Air Balloon
|
|-weather|Sandstorm|[upkeep]
|-damage|p2a: Blaziken|43/100 tox|[from] Sandstorm
|-damage|p1a: Pecharunt|65/100|[from] Sandstorm
|-damage|p2a: Blaziken|37/100 tox|[from] psn
|-ability|p2a: Blaziken|Speed Boost|boost
|-boost|p2a: Blaziken|spe|1
|upkeep
|turn|19
|
|t:|1758946033
|switch|p1a: Alomomola|Alomomola, M|92/100
|-damage|p1a: Alomomola|80/100|[from] Stealth Rock
|-activate|p2a: Blaziken|confusion
|move|p2a: Blaziken|Knock Off|p1a: Alomomola
|-damage|p1a: Alomomola|14/100
|-enditem|p1a: Alomomola|Assault Vest|[from] move: Knock Off|[of] p2a: Blaziken
|
|-weather|none
|-damage|p2a: Blaziken|25/100 tox|[from] psn
|-ability|p2a: Blaziken|Speed Boost|boost
|-boost|p2a: Blaziken|spe|1
|upkeep
|turn|20
|
|t:|1758946039
|-activate|p2a: Blaziken|confusion
|move|p2a: Blaziken|Knock Off|p1a: Alomomola
|-damage|p1a: Alomomola|0 fnt
|faint|p1a: Alomomola
|
|-damage|p2a: Blaziken|7/100 tox|[from] psn
|-ability|p2a: Blaziken|Speed Boost|boost
|-boost|p2a: Blaziken|spe|1
|upkeep
|
|t:|1758946044
|switch|p1a: Pecharunt|Pecharunt|65/100
|turn|21
|
|t:|1758946047
|-activate|p2a: Blaziken|confusion
|-damage|p2a: Blaziken|0 fnt|[from] confusion
|faint|p2a: Blaziken
|move|p1a: Pecharunt|Parting Shot|p2: Blaziken|[notarget]
|-fail|p1a: Pecharunt
|
|upkeep
|
|t:|1758946051
|switch|p2a: Tyranitar|Tyranitar, F|77/100
|-weather|Sandstorm|[from] ability: Sand Stream|[of] p2a: Tyranitar
|turn|22
|
|t:|1758946058
|move|p1a: Pecharunt|Parting Shot|p2a: Tyranitar
|-unboost|p2a: Tyranitar|atk|1
|-unboost|p2a: Tyranitar|spa|1
|
|t:|1758946062
|switch|p1a: Greninja|Greninja, M|89/100|[from] Parting Shot
|-damage|p1a: Greninja|76/100|[from] Stealth Rock
|move|p2a: Tyranitar|Knock Off|p1a: Greninja
|-resisted|p1a: Greninja
|-damage|p1a: Greninja|51/100
|-enditem|p1a: Greninja|Choice Specs|[from] move: Knock Off|[of] p2a: Tyranitar
|
|-weather|Sandstorm|[upkeep]
|-damage|p1a: Greninja|45/100|[from] Sandstorm
|upkeep
|turn|23
|
|t:|1758946068
|move|p1a: Greninja|Grass Knot|p2a: Tyranitar
|-start|p1a: Greninja|typechange|Grass|[from] ability: Protean
|-supereffective|p2a: Tyranitar
|-damage|p2a: Tyranitar|32/100
|move|p2a: Tyranitar|Low Kick|p1a: Greninja
|-damage|p1a: Greninja|24/100
|
|-weather|Sandstorm|[upkeep]
|-damage|p1a: Greninja|18/100|[from] Sandstorm
|upkeep
|turn|24
|
|t:|1758946073
|move|p1a: Greninja|Grass Knot|p2a: Tyranitar
|-supereffective|p2a: Tyranitar
|-damage|p2a: Tyranitar|0 fnt
|faint|p2a: Tyranitar
|
|-weather|Sandstorm|[upkeep]
|-damage|p1a: Greninja|12/100|[from] Sandstorm
|upkeep
|
|t:|1758946075
|switch|p2a: Excadrill|Excadrill, M|49/100
|turn|25
|
|t:|1758946085
|move|p2a: Excadrill|Rapid Spin|p1a: Greninja
|-damage|p1a: Greninja|0 fnt
|-boost|p2a: Excadrill|spe|1
|faint|p1a: Greninja
|
|-weather|Sandstorm|[upkeep]
|upkeep
|
|t:|1758946087
|switch|p1a: Great Tusk|Great Tusk|100/100
|turn|26
|
|t:|1758946092
|move|p2a: Excadrill|Iron Head|p1a: Great Tusk
|-damage|p1a: Great Tusk|69/100
|move|p1a: Great Tusk|Headlong Rush|p2a: Excadrill
|-supereffective|p2a: Excadrill
|-damage|p2a: Excadrill|0 fnt
|-unboost|p1a: Great Tusk|def|1
|-unboost|p1a: Great Tusk|spd|1
|faint|p2a: Excadrill
|
|win|UltraGodGreninja
|raw|UltraGodGreninja's rating: 1316 &rarr; <strong>1337</strong><br />(+21 for winning)
|raw|IPFREELY69420's rating: 1333 &rarr; <strong>1312</strong><br />(-21 for losing)
|l|☆IPFREELY69420
|player|p2|
|l|☆UltraGodGreninja
|player|p1|
