|j|☆nicolasgimenez
|j|☆50shadesofgage
|t:|1759003647
|gametype|singles
|player|p1|nicolasgimenez|102|1172
|player|p2|50shadesofgage|169|1158
|gen|9
|tier|[Gen 9] OU
|rated|
|rule|HP Percentage Mod: HP is shown in percentages
|rule|Endless Battle Clause: Forcing endless battles is banned
|rule|Species Clause: Limit one of each Pokémon
|rule|OHKO Clause: OHKO moves are banned
|rule|Evasion Items Clause: Evasion items are banned
|rule|Evasion Moves Clause: Evasion moves are banned
|rule|Evasion Abilities Clause: Evasion abilities are banned
|rule|Sleep Moves Clause: Sleep-inducing moves are banned
|clearpoke
|poke|p1|Vaporeon, M|
|poke|p1|Articuno|
|poke|p1|Dragonite, F|
|poke|p1|Cobalion|
|poke|p1|Malamar, M|
|poke|p1|Toedscruel, F|
|poke|p2|Cinderace, F|
|poke|p2|Araquanid, M|
|poke|p2|Serperior, M|
|poke|p2|Empoleon, M|
|poke|p2|Kingambit, F|
|poke|p2|Scizor, F|
|teampreview
|
|t:|1759003663
|teamsize|p1|6
|teamsize|p2|6
|start
|switch|p1a: Toedscruel|Toedscruel, F|100/100
|switch|p2a: Araquanid|Araquanid, M|100/100
|turn|1
|
|t:|1759003671
|switch|p2a: Scizor|Scizor, F|100/100
|move|p1a: Toedscruel|Leech Seed|p2a: Scizor
|-start|p2a: Scizor|move: Leech Seed
|
|-damage|p2a: Scizor|88/100|[from] Leech Seed|[of] p1a: Toedscruel
|upkeep
|turn|2
|
|t:|1759003681
|switch|p1a: Cobalion|Cobalion|100/100
|move|p2a: Scizor|U-turn|p1a: Cobalion
|-resisted|p1a: Cobalion
|-damage|p1a: Cobalion|95/100
|
|t:|1759003687
|switch|p2a: Araquanid|Araquanid, M|100/100|[from] U-turn
|
|-heal|p1a: Cobalion|100/100|[from] item: Leftovers
|upkeep
|turn|3
|
|t:|1759003695
|move|p1a: Cobalion|Stealth Rock|p2a: Araquanid
|-sidestart|p2: 50shadesofgage|move: Stealth Rock
|move|p2a: Araquanid|Sticky Web|p1a: Cobalion
|-sidestart|p1: nicolasgimenez|move: Sticky Web
|
|upkeep
|turn|4
|inactive|Battle timer is ON: inactive players will automatically lose when time's up. (requested by 50shadesofgage)
|
|t:|1759003711
|move|p1a: Cobalion|Thunder Wave|p2a: Araquanid
|-status|p2a: Araquanid|par
|move|p2a: Araquanid|Rain Dance|p2a: Araquanid
|-weather|RainDance
|
|-weather|RainDance|[upkeep]
|upkeep
|turn|5
|
|t:|1759003725
|switch|p1a: Vaporeon|Vaporeon, M|100/100
|-activate|p1a: Vaporeon|move: Sticky Web
|-unboost|p1a: Vaporeon|spe|1
|switch|p2a: Cinderace|Cinderace, F|100/100
|
|-weather|RainDance|[upkeep]
|upkeep
|turn|6
|
|t:|1759003740
|move|p2a: Cinderace|Court Change|p2a: Cinderace
|-start|p2a: Cinderace|typechange|Normal|[from] ability: Libero
|-swapsideconditions
|-activate|p2a: Cinderace|move: Court Change
|move|p1a: Vaporeon|Scald|p2a: Cinderace
|-damage|p2a: Cinderace|16/100
|-status|p2a: Cinderace|brn
|
|-weather|RainDance|[upkeep]
|-damage|p2a: Cinderace|10/100 brn|[from] brn
|upkeep
|turn|7
|
|t:|1759003756
|move|p2a: Cinderace|Gunk Shot|p1a: Vaporeon
|-crit|p1a: Vaporeon
|-damage|p1a: Vaporeon|67/100
|move|p1a: Vaporeon|Scald|p2a: Cinderace
|-damage|p2a: Cinderace|0 fnt
|faint|p2a: Cinderace
|
|-weather|RainDance|[upkeep]
|-heal|p1a: Vaporeon|73/100|[from] item: Leftovers
|upkeep
|
|t:|1759003768
|switch|p2a: Serperior|Serperior, M|100/100
|-activate|p2a: Serperior|move: Sticky Web
|-boost|p2a: Serperior|spe|1
|turn|8
|
|t:|1759003775
|move|p2a: Serperior|Leaf Storm|p1a: Vaporeon
|-supereffective|p1a: Vaporeon
|-damage|p1a: Vaporeon|0 fnt
|-boost|p2a: Serperior|spa|2
|faint|p1a: Vaporeon
|
|-weather|RainDance|[upkeep]
|upkeep
|
|t:|1759003784
|switch|p1a: Articuno|Articuno|100/100
|-ability|p1a: Articuno|Pressure
|turn|9
|
|t:|1759003805
|switch|p2a: Empoleon|Empoleon, M|100/100
|-activate|p2a: Empoleon|move: Sticky Web
|-unboost|p2a: Empoleon|spe|1
|-ability|p2a: Empoleon|Competitive|boost
|-boost|p2a: Empoleon|spa|2
|move|p1a: Articuno|Freeze-Dry|p2a: Empoleon
|-damage|p2a: Empoleon|74/100
|-status|p2a: Empoleon|frz
|
|-weather|RainDance|[upkeep]
|-heal|p2a: Empoleon|80/100 frz|[from] item: Leftovers
|upkeep
|turn|10
|
|t:|1759003820
|switch|p1a: Toedscruel|Toedscruel, F|100/100
|-damage|p1a: Toedscruel|94/100|[from] Stealth Rock
|switch|p2a: Kingambit|Kingambit, F|100/100
|-activate|p2a: Kingambit|move: Sticky Web
|-unboost|p2a: Kingambit|spe|1
|-ability|p2a: Kingambit|Defiant|boost
|-boost|p2a: Kingambit|atk|2
|
|-weather|RainDance|[upkeep]
|-heal|p1a: Toedscruel|100/100|[from] item: Leftovers
|upkeep
|turn|11
|
|t:|1759003836
|move|p2a: Kingambit|Iron Head|p1a: Toedscruel
|-damage|p1a: Toedscruel|0 fnt
|faint|p1a: Toedscruel
|
|-weather|none
|upkeep
|
|t:|1759003844
|switch|p1a: Cobalion|Cobalion|100/100
|-damage|p1a: Cobalion|97/100|[from] Stealth Rock
|turn|12
|inactive|50shadesofgage has 120 seconds left.
|
|t:|1759003865
|-terastallize|p2a: Kingambit|Flying
|move|p1a: Cobalion|Thunder Wave|p2a: Kingambit
|-status|p2a: Kingambit|par
|cant|p2a: Kingambit|par
|
|-heal|p1a: Cobalion|100/100|[from] item: Leftovers
|upkeep
|turn|13
|
|t:|1759003877
|move|p1a: Cobalion|Stealth Rock|p2a: Kingambit
|-sidestart|p2: 50shadesofgage|move: Stealth Rock
|move|p2a: Kingambit|Low Kick|p1a: Cobalion
|-supereffective|p1a: Cobalion
|-damage|p1a: Cobalion|0 fnt
|faint|p1a: Cobalion
|
|upkeep
|
|t:|1759003888
|switch|p1a: Malamar|Malamar, M|100/100
|-damage|p1a: Malamar|88/100|[from] Stealth Rock
|turn|14
|
|t:|1759003895
|move|p2a: Kingambit|Sucker Punch|p1a: Malamar
|-damage|p1a: Malamar|11/100
|move|p1a: Malamar|Superpower|p2a: Kingambit
|-resisted|p2a: Kingambit
|-damage|p2a: Kingambit|92/100 par
|-boost|p1a: Malamar|atk|1
|-boost|p1a: Malamar|def|1
|
|-heal|p1a: Malamar|18/100|[from] item: Leftovers
|upkeep
|turn|15
|l|☆nicolasgimenez
|inactive|nicolasgimenez disconnected and has a minute to reconnect!
|player|p1|
|inactive|nicolasgimenez has 30 seconds to reconnect!
|inactive|nicolasgimenez has 20 seconds to reconnect!
|inactive|nicolasgimenez has 15 seconds to reconnect!
|inactive|nicolasgimenez has 10 seconds to reconnect!
|j|☆nicolasgimenez
|inactive|nicolasgimenez reconnected and has 95 seconds left.
|player|p1|nicolasgimenez|102|
|inactive|nicolasgimenez has 90 seconds left.
|l|☆nicolasgimenez
|inactive|nicolasgimenez disconnected and has a minute to reconnect!
|player|p1|
|inactive|nicolasgimenez has 30 seconds to reconnect!
|inactive|nicolasgimenez has 20 seconds to reconnect!
|inactive|nicolasgimenez has 15 seconds to reconnect!
|inactive|nicolasgimenez has 10 seconds to reconnect!
|inactive|nicolasgimenez has 5 seconds to reconnect!
|-message|nicolasgimenez lost due to inactivity.
|
|win|50shadesofgage
|raw|nicolasgimenez's rating: 1172 &rarr; <strong>1146</strong><br />(-26 for losing)
|raw|50shadesofgage's rating: 1158 &rarr; <strong>1184</strong><br />(+26 for winning)
|l|☆50shadesofgage
|player|p2|
