|j|☆Drltlnl
|j|☆i0uuj890u809u89\
|t:|1758961446
|gametype|singles
|player|p1|Drltlnl|falkner|1055
|player|p2|i0uuj890u809u89\|266|1062
|gen|9
|tier|[Gen 9] OU
|rated|
|rule|HP Percentage Mod: HP is shown in percentages
|rule|Endless Battle Clause: Forcing endless battles is banned
|rule|Species Clause: Limit one of each Pokémon
|rule|OHKO Clause: OHKO moves are banned
|rule|Evasion Items Clause: Evasion items are banned
|rule|Evasion Moves Clause: Evasion moves are banned
|rule|Evasion Abilities Clause: Evasion abilities are banned
|rule|Sleep Moves Clause: Sleep-inducing moves are banned
|clearpoke
|poke|p1|Toxtricity, M|
|poke|p1|Krookodile, M|
|poke|p1|Fraxure, M|
|poke|p1|Beartic, M|
|poke|p1|Chandelure, M|
|poke|p1|Slowking-Galar, M|
|poke|p2|Hoopa-Unbound|
|poke|p2|Iron Valiant|
|poke|p2|Landorus-Therian, M|
|poke|p2|Pecharunt|
|poke|p2|Alomomola, F|
|poke|p2|Cinderace, M|
|teampreview
|
|t:|1758961491
|teamsize|p1|6
|teamsize|p2|6
|start
|switch|p1a: Slowking|Slowking-Galar, M, shiny|100/100
|switch|p2a: Iron Valiant|Iron Valiant|100/100
|turn|1
|
|t:|1758961501
|-end|p2a: Iron Valiant|Quark Drive|[silent]
|switch|p2a: Landorus|Landorus-Therian, M|100/100
|-ability|p2a: Landorus|Intimidate|boost
|-unboost|p1a: Slowking|atk|1
|-prepare|p1a: Slowking|Chilly Reception|[premajor]
|move|p1a: Slowking|Chilly Reception|p1a: Slowking
|-weather|Snowscape
|
|t:|1758961504
|switch|p1a: Beartic|Beartic, M, shiny|100/100|[from] Chilly Reception
|
|-weather|Snowscape|[upkeep]
|upkeep
|turn|2
|
|t:|1758961512
|move|p2a: Landorus|U-turn|p1a: Beartic
|-damage|p1a: Beartic|78/100
|c|☆Drltlnl|Gga
|
|t:|1758961518
|switch|p2a: Alomomola|Alomomola, F|100/100|[from] U-turn
|move|p1a: Beartic|Swords Dance|p1a: Beartic
|-boost|p1a: Beartic|atk|2
|
|-weather|Snowscape|[upkeep]
|upkeep
|turn|3
|c|☆Drltlnl|ggs
|c|☆Drltlnl|the sweep.
|
|t:|1758961531
|move|p1a: Beartic|Earthquake|p2a: Alomomola
|-damage|p2a: Alomomola|51/100
|move|p2a: Alomomola|Scald|p1a: Beartic
|-damage|p1a: Beartic|60/100
|
|-weather|Snowscape|[upkeep]
|upkeep
|turn|4
|
|t:|1758961538
|switch|p2a: Landorus|Landorus-Therian, M|100/100
|-ability|p2a: Landorus|Intimidate|boost
|-unboost|p1a: Beartic|atk|1
|move|p1a: Beartic|Earthquake|p2a: Landorus
|-immune|p2a: Landorus
|
|-weather|Snowscape|[upkeep]
|upkeep
|turn|5
|
|t:|1758961544
|move|p2a: Landorus|U-turn|p1a: Beartic
|-damage|p1a: Beartic|37/100
|
|t:|1758961559
|switch|p2a: Alomomola|Alomomola, F|84/100|[from] U-turn
|move|p1a: Beartic|Swords Dance|p1a: Beartic
|-boost|p1a: Beartic|atk|2
|
|-weather|Snowscape|[upkeep]
|upkeep
|turn|6
|
|t:|1758961564
|move|p1a: Beartic|Earthquake|p2a: Alomomola
|-damage|p2a: Alomomola|28/100
|move|p2a: Alomomola|Flip Turn|p1a: Beartic
|-damage|p1a: Beartic|24/100
|
|t:|1758961566
|switch|p2a: Landorus|Landorus-Therian, M|100/100|[from] Flip Turn
|-ability|p2a: Landorus|Intimidate|boost
|-unboost|p1a: Beartic|atk|1
|
|-weather|Snowscape|[upkeep]
|upkeep
|turn|7
|
|t:|1758961570
|move|p2a: Landorus|Earthquake|p1a: Beartic
|-damage|p1a: Beartic|0 fnt
|faint|p1a: Beartic
|
|-weather|Snowscape|[upkeep]
|upkeep
|c|☆Drltlnl|Bro
|c|☆Drltlnl|most shitty tech
|n|☆i0uuj890u809u89\|i0uuj890u809u89
|c|☆i0uuj890u809u89\|wym tech
|c|☆i0uuj890u809u89\|scarf lando is like
|
|t:|1758961623
|switch|p1a: Fraxure|Fraxure, M, shiny|100/100
|-ability|p1a: Fraxure|Mold Breaker
|turn|8
|c|☆i0uuj890u809u89\|an insanely popular set
|
|t:|1758961631
|switch|p2a: Iron Valiant|Iron Valiant|100/100
|move|p1a: Fraxure|Swords Dance|p1a: Fraxure
|-boost|p1a: Fraxure|atk|2
|
|-weather|none
|upkeep
|turn|9
|
|t:|1758961636
|-terastallize|p1a: Fraxure|Steel
|move|p2a: Iron Valiant|Moonblast|p1a: Fraxure
|-resisted|p1a: Fraxure
|-damage|p1a: Fraxure|65/100
|-unboost|p1a: Fraxure|spa|1
|move|p1a: Fraxure|Trailblaze|p2a: Iron Valiant
|-damage|p2a: Iron Valiant|67/100
|-boost|p1a: Fraxure|spe|1
|
|upkeep
|turn|10
|
|t:|1758961653
|-end|p2a: Iron Valiant|Quark Drive|[silent]
|switch|p2a: Landorus|Landorus-Therian, M|100/100
|-ability|p2a: Landorus|Intimidate|boost
|-unboost|p1a: Fraxure|atk|1
|move|p1a: Fraxure|Trailblaze|p2a: Landorus
|-damage|p2a: Landorus|74/100
|-boost|p1a: Fraxure|spe|1
|
|upkeep
|turn|11
|
|t:|1758961659
|move|p1a: Fraxure|Dragon Claw|p2a: Landorus
|-damage|p2a: Landorus|21/100
|move|p2a: Landorus|Earthquake|p1a: Fraxure
|-supereffective|p1a: Fraxure
|-damage|p1a: Fraxure|0 fnt
|faint|p1a: Fraxure
|
|upkeep
|
|t:|1758961665
|switch|p1a: Krookodile|Krookodile, M, shiny|100/100
|turn|12
|
|t:|1758961686
|switch|p2a: Cinderace|Cinderace, M|100/100
|move|p1a: Krookodile|Aqua Tail|p2a: Cinderace
|-supereffective|p2a: Cinderace
|-damage|p2a: Cinderace|29/100
|
|upkeep
|turn|13
|
|t:|1758961693
|move|p1a: Krookodile|Aqua Tail|p2a: Cinderace
|-supereffective|p2a: Cinderace
|-damage|p2a: Cinderace|0 fnt
|faint|p2a: Cinderace
|-ability|p1a: Krookodile|Moxie|boost
|-boost|p1a: Krookodile|atk|1
|
|upkeep
|
|t:|1758961698
|switch|p2a: Alomomola|Alomomola, F|61/100
|turn|14
|
|t:|1758961701
|move|p1a: Krookodile|Aqua Tail|p2a: Alomomola
|-resisted|p2a: Alomomola
|-damage|p2a: Alomomola|44/100
|move|p2a: Alomomola|Scald|p1a: Krookodile
|-supereffective|p1a: Krookodile
|-damage|p1a: Krookodile|62/100
|
|upkeep
|turn|15
|
|t:|1758961708
|switch|p1a: Slowking|Slowking-Galar, M, shiny|100/100
|move|p2a: Alomomola|Scald|p1a: Slowking
|-damage|p1a: Slowking|87/100
|
|upkeep
|turn|16
|l|☆Drltlnl
|player|p1|
|inactive|Battle timer is ON: inactive players will automatically lose when time's up. (requested by i0uuj890u809u89\)
|inactive|Drltlnl has 30 seconds to reconnect!
|inactive|Drltlnl has 20 seconds to reconnect!
|inactive|Drltlnl has 15 seconds to reconnect!
|inactive|Drltlnl has 10 seconds to reconnect!
|inactive|Drltlnl has 5 seconds to reconnect!
|-message|Drltlnl lost due to inactivity.
|
|win|i0uuj890u809u89\
|raw|Drltlnl's rating: 1055 &rarr; <strong>1037</strong><br />(-18 for losing)
|raw|i0uuj890u809u89\'s rating: 1062 &rarr; <strong>1092</strong><br />(+30 for winning)
|j|☆Drltlnl
|player|p1|Drltlnl|falkner|
|l|☆Drltlnl
|player|p1|
|l|☆i0uuj890u809u89\
|player|p2|
