|j|☆staiul28
|j|☆klefki_did_it
|t:|1758971006
|gametype|singles
|player|p1|staiul28|elesa|1294
|player|p2|klefki_did_it|pokemonbreeder-gen4|1253
|gen|9
|tier|[Gen 9] OU
|rated|
|rule|HP Percentage Mod: HP is shown in percentages
|rule|Endless Battle Clause: Forcing endless battles is banned
|rule|Species Clause: Limit one of each Pokémon
|rule|OHKO Clause: OHKO moves are banned
|rule|Evasion Items Clause: Evasion items are banned
|rule|Evasion Moves Clause: Evasion moves are banned
|rule|Evasion Abilities Clause: Evasion abilities are banned
|rule|Sleep Moves Clause: Sleep-inducing moves are banned
|clearpoke
|poke|p1|Primeape, F|
|poke|p1|Masquerain, F|
|poke|p1|Arcanine-Hisui, F|
|poke|p1|Enamorus, F|
|poke|p1|Forretress, F|
|poke|p1|Latias, F|
|poke|p2|Staraptor, F|
|poke|p2|Kingambit, F|
|poke|p2|Emboar, F|
|poke|p2|Thundurus, M|
|poke|p2|Mandibuzz, F|
|poke|p2|Gardevoir, F|
|teampreview
|inactive|Battle timer is ON: inactive players will automatically lose when time's up. (requested by staiul28)
|inactive|klefki_did_it also wants the timer to be on.
|
|t:|1758971027
|teamsize|p1|6
|teamsize|p2|6
|start
|switch|p1a: Masquerain|Masquerain, F|100/100
|switch|p2a: Gardevoir|Gardevoir, F|100/100
|-ability|p2a: Gardevoir|Intimidate|Trace|[from] ability: Trace|[of] p1a: Masquerain
|-ability|p2a: Gardevoir|Intimidate|boost
|-unboost|p1a: Masquerain|atk|1
|-ability|p1a: Masquerain|Intimidate|boost
|-unboost|p2a: Gardevoir|atk|1
|turn|1
|
|t:|1758971036
|move|p2a: Gardevoir|Thunderbolt|p1a: Masquerain
|-supereffective|p1a: Masquerain
|-damage|p1a: Masquerain|4/100
|move|p1a: Masquerain|Sticky Web|p2a: Gardevoir
|-sidestart|p2: klefki_did_it|move: Sticky Web
|
|upkeep
|turn|2
|
|t:|1758971042
|move|p2a: Gardevoir|Thunderbolt|p1a: Masquerain
|-supereffective|p1a: Masquerain
|-damage|p1a: Masquerain|0 fnt
|faint|p1a: Masquerain
|
|upkeep
|
|t:|1758971051
|switch|p1a: Latias|Latias, F|100/100
|turn|3
|
|t:|1758971059
|switch|p1a: Arcanine|Arcanine-Hisui, F|100/100
|move|p2a: Gardevoir|Thunderbolt|p1a: Arcanine
|-damage|p1a: Arcanine|63/100
|
|upkeep
|turn|4
|
|t:|1758971073
|switch|p2a: Mandibuzz|Mandibuzz, F|100/100
|move|p1a: Arcanine|Flare Blitz|p2a: Mandibuzz
|-damage|p2a: Mandibuzz|55/100
|
|upkeep
|turn|5
|
|t:|1758971086
|move|p1a: Arcanine|Flare Blitz|p2a: Mandibuzz
|-crit|p2a: Mandibuzz
|-damage|p2a: Mandibuzz|0 fnt
|faint|p2a: Mandibuzz
|
|upkeep
|
|t:|1758971100
|switch|p2a: Gardevoir|Gardevoir, F|100/100
|-activate|p2a: Gardevoir|move: Sticky Web
|-unboost|p2a: Gardevoir|spe|1
|-ability|p2a: Gardevoir|Rock Head|Trace|[from] ability: Trace|[of] p1a: Arcanine
|turn|6
|
|t:|1758971114
|move|p1a: Arcanine|Flare Blitz|p2a: Gardevoir
|-damage|p2a: Gardevoir|0 fnt
|faint|p2a: Gardevoir
|
|upkeep
|
|t:|1758971121
|switch|p2a: Staraptor|Staraptor, F|100/100
|turn|7
|
|t:|1758971128
|move|p2a: Staraptor|Final Gambit|p1a: Arcanine
|-damage|p1a: Arcanine|0 fnt
|faint|p2a: Staraptor
|faint|p1a: Arcanine
|
|upkeep
|
|t:|1758971140
|switch|p2a: Emboar|Emboar, F, shiny|100/100
|switch|p1a: Enamorus|Enamorus, F|100/100
|-activate|p2a: Emboar|move: Sticky Web
|-unboost|p2a: Emboar|spe|1
|turn|8
|
|t:|1758971149
|move|p1a: Enamorus|Superpower|p2a: Emboar
|-damage|p2a: Emboar|63/100
|-boost|p1a: Enamorus|atk|1
|-boost|p1a: Enamorus|def|1
|move|p2a: Emboar|Flare Blitz|p1a: Enamorus
|-damage|p1a: Enamorus|0 fnt
|faint|p1a: Enamorus
|-damage|p2a: Emboar|36/100|[from] Recoil
|
|upkeep
|
|t:|1758971159
|switch|p1a: Primeape|Primeape, F|100/100
|turn|9
|
|t:|1758971163
|move|p1a: Primeape|Bulk Up|p1a: Primeape
|-boost|p1a: Primeape|atk|1
|-boost|p1a: Primeape|def|1
|move|p2a: Emboar|Flare Blitz|p1a: Primeape
|-damage|p1a: Primeape|21/100
|-status|p1a: Primeape|brn
|-damage|p2a: Emboar|15/100|[from] Recoil
|
|-damage|p1a: Primeape|15/100 brn|[from] brn
|upkeep
|turn|10
|
|t:|1758971174
|move|p1a: Primeape|Drain Punch|p2a: Emboar
|-damage|p2a: Emboar|0 fnt
|-heal|p1a: Primeape|25/100 brn|[from] drain|[of] p2a: Emboar
|faint|p2a: Emboar
|
|-damage|p1a: Primeape|19/100 brn|[from] brn
|upkeep
|
|t:|1758971188
|switch|p2a: Kingambit|Kingambit, F|100/100
|-activate|p2a: Kingambit|move: Sticky Web
|-unboost|p2a: Kingambit|spe|1
|-activate|p2a: Kingambit|ability: Supreme Overlord
|-start|p2a: Kingambit|fallen4|[silent]
|turn|11
|
|t:|1758971200
|-terastallize|p2a: Kingambit|Fairy
|move|p1a: Primeape|Bulk Up|p1a: Primeape
|-boost|p1a: Primeape|atk|1
|-boost|p1a: Primeape|def|1
|move|p2a: Kingambit|Substitute|p2a: Kingambit
|-start|p2a: Kingambit|Substitute
|-damage|p2a: Kingambit|75/100
|
|-heal|p2a: Kingambit|82/100|[from] item: Leftovers
|-damage|p1a: Primeape|13/100 brn|[from] brn
|upkeep
|turn|12
|
|t:|1758971212
|move|p1a: Primeape|Rage Fist|p2a: Kingambit
|-activate|p2a: Kingambit|move: Substitute|[damage]
|move|p2a: Kingambit|Swords Dance|p2a: Kingambit
|-boost|p2a: Kingambit|atk|2
|
|-heal|p2a: Kingambit|88/100|[from] item: Leftovers
|-damage|p1a: Primeape|7/100 brn|[from] brn
|upkeep
|turn|13
|
|t:|1758971222
|move|p1a: Primeape|Rage Fist|p2a: Kingambit
|-end|p2a: Kingambit|Substitute
|move|p2a: Kingambit|Swords Dance|p2a: Kingambit
|-boost|p2a: Kingambit|atk|2
|
|-heal|p2a: Kingambit|94/100|[from] item: Leftovers
|-damage|p1a: Primeape|1/100 brn|[from] brn
|upkeep
|turn|14
|
|t:|1758971233
|move|p2a: Kingambit|Sucker Punch|p1a: Primeape
|-resisted|p1a: Primeape
|-damage|p1a: Primeape|0 fnt
|faint|p1a: Primeape
|
|-heal|p2a: Kingambit|99/100|[from] item: Leftovers
|upkeep
|
|t:|1758971239
|switch|p1a: Forretress|Forretress, F|100/100
|turn|15
|
|t:|1758971250
|move|p2a: Kingambit|Substitute|p2a: Kingambit
|-start|p2a: Kingambit|Substitute
|-damage|p2a: Kingambit|75/100
|move|p1a: Forretress|Volt Switch|p2a: Kingambit
|-activate|p2a: Kingambit|move: Substitute|[damage]
|
|t:|1758971256
|switch|p1a: Latias|Latias, F|100/100|[from] Volt Switch
|
|-heal|p2a: Kingambit|81/100|[from] item: Leftovers
|upkeep
|turn|16
|
|t:|1758971262
|switch|p1a: Forretress|Forretress, F|100/100
|move|p2a: Kingambit|Iron Head|p1a: Forretress
|-resisted|p1a: Forretress
|-damage|p1a: Forretress|43/100
|-enditem|p1a: Forretress|Red Card|[of] p2a: Kingambit
|-end|p2a: Kingambit|fallen4|[silent]
|drag|p2a: Thundurus|Thundurus, M|100/100
|
|upkeep
|turn|17
|
|t:|1758971278
|move|p2a: Thundurus|Knock Off|p1a: Forretress
|-damage|p1a: Forretress|28/100
|-damage|p2a: Thundurus|91/100|[from] item: Life Orb
|move|p1a: Forretress|Volt Switch|p2a: Thundurus
|-damage|p2a: Thundurus|76/100
|
|t:|1758971284
|switch|p1a: Latias|Latias, F|100/100|[from] Volt Switch
|
|upkeep
|turn|18
|
|t:|1758971289
|move|p2a: Thundurus|Knock Off|p1a: Latias
|-supereffective|p1a: Latias
|-damage|p1a: Latias|43/100
|-enditem|p1a: Latias|Leftovers|[from] move: Knock Off|[of] p2a: Thundurus
|-damage|p2a: Thundurus|66/100|[from] item: Life Orb
|move|p1a: Latias|Calm Mind|p1a: Latias
|-boost|p1a: Latias|spa|1
|-boost|p1a: Latias|spd|1
|
|upkeep
|turn|19
|
|t:|1758971311
|-terastallize|p1a: Latias|Fairy
|move|p2a: Thundurus|Knock Off|p1a: Latias
|-resisted|p1a: Latias
|-damage|p1a: Latias|34/100
|-damage|p2a: Thundurus|56/100|[from] item: Life Orb
|move|p1a: Latias|Agility|p1a: Latias
|-boost|p1a: Latias|spe|2
|
|upkeep
|turn|20
|
|t:|1758971324
|move|p1a: Latias|Calm Mind|p1a: Latias
|-boost|p1a: Latias|spa|1
|-boost|p1a: Latias|spd|1
|move|p2a: Thundurus|Wild Charge|p1a: Latias
|-damage|p1a: Latias|0 fnt
|faint|p1a: Latias
|-damage|p2a: Thundurus|46/100|[from] Recoil
|-damage|p2a: Thundurus|36/100|[from] item: Life Orb
|
|upkeep
|-message|staiul28 forfeited.
|
|win|klefki_did_it
|raw|staiul28's rating: 1294 &rarr; <strong>1266</strong><br />(-28 for losing)
|raw|klefki_did_it's rating: 1253 &rarr; <strong>1281</strong><br />(+28 for winning)
|l|☆staiul28
|player|p1|
|l|☆klefki_did_it
|player|p2|
