|j|☆SML Shrek
|j|☆aeyamq
|t:|1758980066
|gametype|singles
|player|p1|SML Shrek|hiker-gen4|1433
|player|p2|aeyamq|drayden|1478
|gen|9
|tier|[Gen 9] OU
|rated|
|rule|HP Percentage Mod: HP is shown in percentages
|rule|Endless Battle Clause: Forcing endless battles is banned
|rule|Species Clause: Limit one of each Pokémon
|rule|OHKO Clause: OHKO moves are banned
|rule|Evasion Items Clause: Evasion items are banned
|rule|Evasion Moves Clause: Evasion moves are banned
|rule|Evasion Abilities Clause: Evasion abilities are banned
|rule|Sleep Moves Clause: Sleep-inducing moves are banned
|clearpoke
|poke|p1|Ribombee, F|
|poke|p1|Cinderace, F|
|poke|p1|Great Tusk|
|poke|p1|Ting-Lu|
|poke|p1|Gholdengo|
|poke|p1|Sinistcha-Masterpiece|
|poke|p2|Comfey, F|
|poke|p2|Rotom-Wash|
|poke|p2|Ogerpon-Wellspring, F|
|poke|p2|Iron Treads|
|poke|p2|Dragonite, F|
|poke|p2|Hoopa-Unbound|
|teampreview
|inactive|Battle timer is ON: inactive players will automatically lose when time's up. (requested by SML Shrek)
|
|t:|1758980079
|teamsize|p1|6
|teamsize|p2|6
|start
|switch|p1a: Ribombee|Ribombee, F, shiny|100/100
|switch|p2a: Rotom|Rotom-Wash|100/100
|turn|1
|
|t:|1758980084
|move|p1a: Ribombee|Sticky Web|p2a: Rotom
|-sidestart|p2: aeyamq|move: Sticky Web
|move|p2a: Rotom|Thunder Wave|p1a: Ribombee
|-status|p1a: Ribombee|par
|
|upkeep
|turn|2
|
|t:|1758980095
|move|p2a: Rotom|Hydro Pump|p1a: Ribombee
|-damage|p1a: Ribombee|21/100 par
|move|p1a: Ribombee|Moonblast|p2a: Rotom
|-damage|p2a: Rotom|65/100
|
|-heal|p2a: Rotom|71/100|[from] item: Leftovers
|upkeep
|turn|3
|
|t:|1758980103
|move|p2a: Rotom|Volt Switch|p1a: Ribombee
|-damage|p1a: Ribombee|0 fnt
|faint|p1a: Ribombee
|
|t:|1758980112
|switch|p2a: Iron Treads|Iron Treads|100/100|[from] Volt Switch
|-activate|p2a: Iron Treads|move: Sticky Web
|-unboost|p2a: Iron Treads|spe|1
|
|upkeep
|
|t:|1758980117
|switch|p1a: Ting-Lu|Ting-Lu|100/100
|-ability|p1a: Ting-Lu|Vessel of Ruin
|turn|4
|
|t:|1758980122
|-terastallize|p1a: Ting-Lu|Ghost
|move|p2a: Iron Treads|Rapid Spin|p1a: Ting-Lu
|-immune|p1a: Ting-Lu
|move|p1a: Ting-Lu|Stealth Rock|p2a: Iron Treads
|-sidestart|p2: aeyamq|move: Stealth Rock
|
|upkeep
|turn|5
|
|t:|1758980128
|move|p2a: Iron Treads|Stealth Rock|p1a: Ting-Lu
|-sidestart|p1: SML Shrek|move: Stealth Rock
|move|p1a: Ting-Lu|Spikes|p2a: Iron Treads
|-sidestart|p2: aeyamq|Spikes
|
|upkeep
|turn|6
|
|t:|1758980150
|-end|p2a: Iron Treads|Quark Drive|[silent]
|switch|p2a: Ogerpon|Ogerpon-Wellspring, F|100/100
|-activate|p2a: Ogerpon|move: Sticky Web
|-unboost|p2a: Ogerpon|spe|1
|-damage|p2a: Ogerpon|88/100|[from] Stealth Rock
|-damage|p2a: Ogerpon|76/100|[from] Spikes
|move|p1a: Ting-Lu|Spikes|p2a: Ogerpon
|-sidestart|p2: aeyamq|Spikes
|
|upkeep
|turn|7
|
|t:|1758980160
|move|p2a: Ogerpon|Knock Off|p1a: Ting-Lu
|-supereffective|p1a: Ting-Lu
|-damage|p1a: Ting-Lu|58/100
|-enditem|p1a: Ting-Lu|Leftovers|[from] move: Knock Off|[of] p2a: Ogerpon
|move|p1a: Ting-Lu|Whirlwind|p2a: Ogerpon
|drag|p2a: Dragonite|Dragonite, F|100/100
|
|upkeep
|turn|8
|
|t:|1758980169
|move|p2a: Dragonite|Earthquake|p1a: Ting-Lu
|-damage|p1a: Ting-Lu|37/100
|move|p1a: Ting-Lu|Spikes|p2a: Dragonite
|-sidestart|p2: aeyamq|Spikes
|
|upkeep
|turn|9
|
|t:|1758980174
|move|p2a: Dragonite|Earthquake|p1a: Ting-Lu
|-damage|p1a: Ting-Lu|14/100
|move|p1a: Ting-Lu|Whirlwind|p2a: Dragonite
|drag|p2a: Comfey|Comfey, F|100/100
|-activate|p2a: Comfey|move: Sticky Web
|-unboost|p2a: Comfey|spe|1
|-damage|p2a: Comfey|88/100|[from] Stealth Rock
|-damage|p2a: Comfey|63/100|[from] Spikes
|
|upkeep
|turn|10
|
|t:|1758980183
|move|p2a: Comfey|Draining Kiss|p1a: Ting-Lu
|-damage|p1a: Ting-Lu|4/100
|-heal|p2a: Comfey|78/100|[from] drain|[of] p1a: Ting-Lu
|-damage|p2a: Comfey|68/100|[from] item: Life Orb
|move|p1a: Ting-Lu|Whirlwind|p2a: Comfey
|drag|p2a: Ogerpon|Ogerpon-Wellspring, F|76/100
|-activate|p2a: Ogerpon|move: Sticky Web
|-unboost|p2a: Ogerpon|spe|1
|-damage|p2a: Ogerpon|64/100|[from] Stealth Rock
|-damage|p2a: Ogerpon|39/100|[from] Spikes
|
|upkeep
|turn|11
|
|t:|1758980194
|move|p2a: Ogerpon|Ivy Cudgel|p1a: Ting-Lu|[anim] Ivy Cudgel Water
|-damage|p1a: Ting-Lu|0 fnt
|faint|p1a: Ting-Lu
|
|upkeep
|
|t:|1758980200
|switch|p1a: Cinderace|Cinderace, F|100/100
|turn|12
|
|t:|1758980204
|move|p1a: Cinderace|U-turn|p2a: Ogerpon
|-start|p1a: Cinderace|typechange|Bug|[from] ability: Libero
|-supereffective|p2a: Ogerpon
|-damage|p2a: Ogerpon|0 fnt
|faint|p2a: Ogerpon
|
|t:|1758980215
|switch|p1a: Gholdengo|Gholdengo|100/100|[from] U-turn
|-damage|p1a: Gholdengo|94/100|[from] Stealth Rock
|-item|p1a: Gholdengo|Air Balloon
|
|upkeep
|
|t:|1758980223
|switch|p2a: Hoopa|Hoopa-Unbound|100/100
|-activate|p2a: Hoopa|move: Sticky Web
|-unboost|p2a: Hoopa|spe|1
|-damage|p2a: Hoopa|88/100|[from] Stealth Rock
|-damage|p2a: Hoopa|63/100|[from] Spikes
|turn|13
|
|t:|1758980230
|move|p1a: Gholdengo|Thunder Wave|p2a: Hoopa
|-status|p2a: Hoopa|par
|move|p2a: Hoopa|Knock Off|p1a: Gholdengo
|-supereffective|p1a: Gholdengo
|-damage|p1a: Gholdengo|0 fnt
|-enditem|p1a: Gholdengo|Air Balloon
|faint|p1a: Gholdengo
|
|upkeep
|
|t:|1758980239
|switch|p1a: Cinderace|Cinderace, F|100/100
|turn|14
|
|t:|1758980245
|-terastallize|p2a: Hoopa|Poison
|move|p1a: Cinderace|U-turn|p2a: Hoopa
|-start|p1a: Cinderace|typechange|Bug|[from] ability: Libero
|-resisted|p2a: Hoopa
|-damage|p2a: Hoopa|37/100 par
|
|t:|1758980251
|switch|p1a: Great Tusk|Great Tusk|100/100|[from] U-turn
|move|p2a: Hoopa|Psychic Noise|p1a: Great Tusk
|-supereffective|p1a: Great Tusk
|-damage|p1a: Great Tusk|0 fnt
|faint|p1a: Great Tusk
|-end|p1a: Great Tusk|Protosynthesis|[silent]
|
|upkeep
|
|t:|1758980258
|switch|p1a: Cinderace|Cinderace, F|100/100
|turn|15
|
|t:|1758980261
|move|p1a: Cinderace|Pyro Ball|p2a: Hoopa
|-damage|p2a: Hoopa|0 fnt
|faint|p2a: Hoopa
|
|upkeep
|
|t:|1758980285
|switch|p2a: Rotom|Rotom-Wash|71/100
|-damage|p2a: Rotom|59/100|[from] Stealth Rock
|turn|16
|
|t:|1758980294
|move|p1a: Cinderace|U-turn|p2a: Rotom
|-start|p1a: Cinderace|typechange|Bug|[from] ability: Libero
|-damage|p2a: Rotom|21/100
|
|t:|1758980297
|switch|p1a: Sinistcha|Sinistcha-Masterpiece|100/100|[from] U-turn
|-damage|p1a: Sinistcha|88/100|[from] Stealth Rock
|move|p2a: Rotom|Thunder Wave|p1a: Sinistcha
|-status|p1a: Sinistcha|par
|
|-heal|p2a: Rotom|27/100|[from] item: Leftovers
|-heal|p1a: Sinistcha|94/100 par|[from] item: Leftovers
|upkeep
|turn|17
|
|t:|1758980307
|move|p2a: Rotom|Hydro Pump|p1a: Sinistcha
|-resisted|p1a: Sinistcha
|-damage|p1a: Sinistcha|60/100 par
|move|p1a: Sinistcha|Calm Mind|p1a: Sinistcha
|-boost|p1a: Sinistcha|spa|1
|-boost|p1a: Sinistcha|spd|1
|
|-heal|p2a: Rotom|33/100|[from] item: Leftovers
|-heal|p1a: Sinistcha|66/100 par|[from] item: Leftovers
|upkeep
|turn|18
|
|t:|1758980316
|move|p2a: Rotom|Volt Switch|p1a: Sinistcha
|-resisted|p1a: Sinistcha
|-damage|p1a: Sinistcha|53/100 par
|
|t:|1758980320
|switch|p2a: Iron Treads|Iron Treads|100/100|[from] Volt Switch
|-activate|p2a: Iron Treads|move: Sticky Web
|-unboost|p2a: Iron Treads|spe|1
|-damage|p2a: Iron Treads|97/100|[from] Stealth Rock
|-damage|p2a: Iron Treads|72/100|[from] Spikes
|move|p1a: Sinistcha|Strength Sap|p2a: Iron Treads
|-unboost|p2a: Iron Treads|atk|1
|-heal|p1a: Sinistcha|100/100 par
|
|-heal|p2a: Iron Treads|79/100|[from] item: Leftovers
|upkeep
|turn|19
|
|t:|1758980334
|move|p2a: Iron Treads|Ice Spinner|p1a: Sinistcha
|-supereffective|p1a: Sinistcha
|-damage|p1a: Sinistcha|74/100 par
|cant|p1a: Sinistcha|par
|
|-heal|p2a: Iron Treads|85/100|[from] item: Leftovers
|-heal|p1a: Sinistcha|80/100 par|[from] item: Leftovers
|upkeep
|turn|20
|
|t:|1758980341
|-end|p2a: Iron Treads|Quark Drive|[silent]
|switch|p2a: Dragonite|Dragonite, F|100/100
|move|p1a: Sinistcha|Stun Spore|p2a: Dragonite
|-status|p2a: Dragonite|par
|
|-heal|p1a: Sinistcha|86/100 par|[from] item: Leftovers
|upkeep
|turn|21
|
|t:|1758980349
|move|p2a: Dragonite|Dragon Dance|p2a: Dragonite
|-boost|p2a: Dragonite|atk|1
|-boost|p2a: Dragonite|spe|1
|move|p1a: Sinistcha|Hex|p2a: Dragonite
|-damage|p2a: Dragonite|60/100 par
|
|-heal|p1a: Sinistcha|92/100 par|[from] item: Leftovers
|upkeep
|turn|22
|
|t:|1758980357
|move|p2a: Dragonite|Roost|p2a: Dragonite
|-heal|p2a: Dragonite|100/100 par
|-singleturn|p2a: Dragonite|move: Roost
|move|p1a: Sinistcha|Hex|p2a: Dragonite
|-damage|p2a: Dragonite|59/100 par
|
|-heal|p1a: Sinistcha|98/100 par|[from] item: Leftovers
|upkeep
|turn|23
|
|t:|1758980366
|move|p2a: Dragonite|Earthquake|p1a: Sinistcha
|-resisted|p1a: Sinistcha
|-damage|p1a: Sinistcha|77/100 par
|move|p1a: Sinistcha|Calm Mind|p1a: Sinistcha
|-boost|p1a: Sinistcha|spa|1
|-boost|p1a: Sinistcha|spd|1
|
|-heal|p1a: Sinistcha|83/100 par|[from] item: Leftovers
|upkeep
|turn|24
|-message|aeyamq forfeited.
|
|win|SML Shrek
|raw|SML Shrek's rating: 1433 &rarr; <strong>1456</strong><br />(+23 for winning)
|raw|aeyamq's rating: 1478 &rarr; <strong>1455</strong><br />(-23 for losing)
|l|☆aeyamq
|player|p2|
|l|☆SML Shrek
|player|p1|
