|j|☆Yelo_Galaxy
|j|☆Guerrero105
|t:|1758945777
|gametype|singles
|player|p1|Yelo_Galaxy|1|1615
|player|p2|Guerrero105|lucas-gen4pt|1596
|gen|9
|tier|[Gen 9] OU
|rated|
|rule|HP Percentage Mod: HP is shown in percentages
|rule|Endless Battle Clause: Forcing endless battles is banned
|rule|Species Clause: Limit one of each Pokémon
|rule|OHKO Clause: OHKO moves are banned
|rule|Evasion Items Clause: Evasion items are banned
|rule|Evasion Moves Clause: Evasion moves are banned
|rule|Evasion Abilities Clause: Evasion abilities are banned
|rule|Sleep Moves Clause: Sleep-inducing moves are banned
|clearpoke
|poke|p1|Torkoal, M|
|poke|p1|Hatterene, F|
|poke|p1|Raging Bolt|
|poke|p1|Slither Wing|
|poke|p1|Venusaur, F|
|poke|p1|Walking Wake|
|poke|p2|Sinistcha-Masterpiece|
|poke|p2|Mandibuzz, F|
|poke|p2|Tinkaton, F|
|poke|p2|Slowking-Galar, M|
|poke|p2|Great Tusk|
|poke|p2|Araquanid, M|
|teampreview
|
|t:|1758945809
|teamsize|p1|6
|teamsize|p2|6
|start
|switch|p1a: Slither Wing|Slither Wing|100/100
|switch|p2a: Araquanid|Araquanid, M|100/100
|turn|1
|
|t:|1758945819
|move|p1a: Slither Wing|U-turn|p2a: Araquanid
|-damage|p2a: Araquanid|59/100
|
|t:|1758945820
|-end|p1a: Slither Wing|Protosynthesis|[silent]
|switch|p1a: Hatterene|Hatterene, F|100/100|[from] U-turn
|-item|p1a: Hatterene|Air Balloon
|move|p2a: Araquanid|Infestation|p1a: Hatterene
|-damage|p1a: Hatterene|95/100
|-activate|p1a: Hatterene|move: Infestation|[of] p2a: Araquanid
|-enditem|p1a: Hatterene|Air Balloon
|
|-damage|p1a: Hatterene|82/100|[from] move: Infestation|[partiallytrapped]
|upkeep
|turn|2
|
|t:|1758945832
|move|p2a: Araquanid|Surf|p1a: Hatterene
|-damage|p1a: Hatterene|34/100
|move|p1a: Hatterene|Dazzling Gleam|p2a: Araquanid
|-damage|p2a: Araquanid|29/100
|
|-damage|p1a: Hatterene|22/100|[from] move: Infestation|[partiallytrapped]
|upkeep
|turn|3
|
|t:|1758945837
|move|p2a: Araquanid|Surf|p1a: Hatterene
|-damage|p1a: Hatterene|0 fnt
|faint|p1a: Hatterene
|
|upkeep
|
|t:|1758945840
|switch|p1a: Slither Wing|Slither Wing|100/100
|turn|4
|
|t:|1758945845
|switch|p2a: Tinkaton|Tinkaton, F|100/100
|-ability|p2a: Tinkaton|Mold Breaker
|-item|p2a: Tinkaton|Air Balloon
|move|p1a: Slither Wing|U-turn|p2a: Tinkaton
|-resisted|p2a: Tinkaton
|-damage|p2a: Tinkaton|87/100
|-enditem|p2a: Tinkaton|Air Balloon
|
|t:|1758945848
|-end|p1a: Slither Wing|Protosynthesis|[silent]
|switch|p1a: Torkoal|Torkoal, M|100/100|[from] U-turn
|-weather|SunnyDay|[from] ability: Drought|[of] p1a: Torkoal
|
|-weather|SunnyDay|[upkeep]
|upkeep
|turn|5
|
|t:|1758945854
|switch|p2a: Araquanid|Araquanid, M|29/100
|move|p1a: Torkoal|Stealth Rock|p2a: Araquanid
|-sidestart|p2: Guerrero105|move: Stealth Rock
|
|-weather|SunnyDay|[upkeep]
|upkeep
|turn|6
|
|t:|1758945864
|switch|p1a: Walking Wake|Walking Wake|100/100
|-activate|p1a: Walking Wake|ability: Protosynthesis
|-start|p1a: Walking Wake|protosynthesisspe
|move|p2a: Araquanid|Surf|p1a: Walking Wake
|-resisted|p1a: Walking Wake
|-damage|p1a: Walking Wake|94/100
|
|-weather|SunnyDay|[upkeep]
|upkeep
|turn|7
|
|t:|1758945887
|switch|p2a: Tinkaton|Tinkaton, F|87/100
|-damage|p2a: Tinkaton|81/100|[from] Stealth Rock
|-ability|p2a: Tinkaton|Mold Breaker
|move|p1a: Walking Wake|Weather Ball|p2a: Tinkaton
|-supereffective|p2a: Tinkaton
|-damage|p2a: Tinkaton|0 fnt
|faint|p2a: Tinkaton
|
|-weather|SunnyDay|[upkeep]
|upkeep
|
|t:|1758945904
|switch|p2a: Slowking|Slowking-Galar, M|100/100
|-damage|p2a: Slowking|88/100|[from] Stealth Rock
|turn|8
|
|t:|1758945907
|move|p1a: Walking Wake|Draco Meteor|p2a: Slowking
|-damage|p2a: Slowking|46/100
|-unboost|p1a: Walking Wake|spa|2
|-prepare|p2a: Slowking|Chilly Reception|[premajor]
|move|p2a: Slowking|Chilly Reception|p2a: Slowking
|-weather|Snowscape
|-end|p1a: Walking Wake|Protosynthesis
|
|t:|1758945920
|switch|p2a: Araquanid|Araquanid, M|29/100|[from] Chilly Reception
|-damage|p2a: Araquanid|4/100|[from] Stealth Rock
|
|-weather|Snowscape|[upkeep]
|upkeep
|turn|9
|-enditem|p2a: Araquanid|Custap Berry|[eat]
|-activate|p2a: Araquanid|item: Custap Berry|[consumed]
|
|t:|1758945924
|move|p2a: Araquanid|Endeavor|p1a: Walking Wake
|-damage|p1a: Walking Wake|4/100
|move|p1a: Walking Wake|Weather Ball|p2a: Araquanid
|-resisted|p2a: Araquanid
|-crit|p2a: Araquanid
|-damage|p2a: Araquanid|0 fnt
|faint|p2a: Araquanid
|
|-weather|Snowscape|[upkeep]
|upkeep
|
|t:|1758945935
|switch|p2a: Slowking|Slowking-Galar, M|79/100
|-damage|p2a: Slowking|67/100|[from] Stealth Rock
|turn|10
|
|t:|1758945942
|move|p1a: Walking Wake|Flip Turn|p2a: Slowking
|-damage|p2a: Slowking|49/100
|
|t:|1758945947
|-end|p1a: Walking Wake|Protosynthesis|[silent]
|switch|p1a: Slither Wing|Slither Wing|100/100|[from] Flip Turn
|move|p2a: Slowking|Sludge Bomb|p1a: Slither Wing
|-damage|p1a: Slither Wing|79/100
|-status|p1a: Slither Wing|psn
|
|-weather|Snowscape|[upkeep]
|-heal|p2a: Slowking|56/100|[from] item: Leftovers
|-damage|p1a: Slither Wing|67/100 psn|[from] psn
|upkeep
|turn|11
|
|t:|1758945959
|switch|p2a: Mandibuzz|Mandibuzz, F|100/100
|move|p1a: Slither Wing|First Impression|p2a: Mandibuzz
|-damage|p2a: Mandibuzz|70/100
|
|-weather|Snowscape|[upkeep]
|-damage|p1a: Slither Wing|54/100 psn|[from] psn
|upkeep
|turn|12
|
|t:|1758945966
|move|p1a: Slither Wing|U-turn|p2a: Mandibuzz
|-damage|p2a: Mandibuzz|45/100
|
|t:|1758945969
|-end|p1a: Slither Wing|Protosynthesis|[silent]
|switch|p1a: Torkoal|Torkoal, M|100/100|[from] U-turn
|-weather|SunnyDay|[from] ability: Drought|[of] p1a: Torkoal
|move|p2a: Mandibuzz|Defog|p1a: Torkoal
|-unboost|p1a: Torkoal|evasion|1
|-sideend|p2: Guerrero105|Stealth Rock|[from] move: Defog|[of] p2a: Mandibuzz
|
|-weather|SunnyDay|[upkeep]
|upkeep
|turn|13
|
|t:|1758945987
|move|p2a: Mandibuzz|Roost|p2a: Mandibuzz
|-heal|p2a: Mandibuzz|95/100
|-singleturn|p2a: Mandibuzz|move: Roost
|move|p1a: Torkoal|Stealth Rock|p2a: Mandibuzz
|-sidestart|p2: Guerrero105|move: Stealth Rock
|
|-weather|SunnyDay|[upkeep]
|upkeep
|turn|14
|
|t:|1758945994
|switch|p1a: Raging Bolt|Raging Bolt|100/100
|-activate|p1a: Raging Bolt|ability: Protosynthesis
|-start|p1a: Raging Bolt|protosynthesisspa
|move|p2a: Mandibuzz|Defog|p1a: Raging Bolt
|-unboost|p1a: Raging Bolt|evasion|1
|-sideend|p2: Guerrero105|Stealth Rock|[from] move: Defog|[of] p2a: Mandibuzz
|
|-weather|SunnyDay|[upkeep]
|upkeep
|turn|15
|
|t:|1758946000
|switch|p2a: Slowking|Slowking-Galar, M|89/100
|move|p1a: Raging Bolt|Weather Ball|p2a: Slowking
|-damage|p2a: Slowking|31/100
|-damage|p1a: Raging Bolt|91/100|[from] item: Life Orb
|
|-weather|SunnyDay|[upkeep]
|-heal|p2a: Slowking|37/100|[from] item: Leftovers
|upkeep
|turn|16
|
|t:|1758946025
|move|p1a: Raging Bolt|Weather Ball|p2a: Slowking
|-damage|p2a: Slowking|0 fnt
|faint|p2a: Slowking
|-damage|p1a: Raging Bolt|81/100|[from] item: Life Orb
|
|-weather|SunnyDay|[upkeep]
|upkeep
|
|t:|1758946031
|switch|p2a: Great Tusk|Great Tusk|100/100
|-activate|p2a: Great Tusk|ability: Protosynthesis
|-start|p2a: Great Tusk|protosynthesisspe
|turn|17
|
|t:|1758946042
|-end|p1a: Raging Bolt|Protosynthesis|[silent]
|switch|p1a: Slither Wing|Slither Wing|54/100 psn
|-activate|p1a: Slither Wing|ability: Protosynthesis
|-start|p1a: Slither Wing|protosynthesisatk
|move|p2a: Great Tusk|Headlong Rush|p1a: Slither Wing
|-resisted|p1a: Slither Wing
|-damage|p1a: Slither Wing|22/100 psn
|-unboost|p2a: Great Tusk|def|1
|-unboost|p2a: Great Tusk|spd|1
|
|-weather|SunnyDay|[upkeep]
|-damage|p1a: Slither Wing|10/100 psn|[from] psn
|upkeep
|turn|18
|
|t:|1758946057
|-end|p2a: Great Tusk|Protosynthesis|[silent]
|switch|p2a: Mandibuzz|Mandibuzz, F|95/100
|move|p1a: Slither Wing|First Impression|p2a: Mandibuzz
|-damage|p2a: Mandibuzz|60/100
|
|-weather|SunnyDay|[upkeep]
|-damage|p1a: Slither Wing|0 fnt|[from] psn
|faint|p1a: Slither Wing
|-end|p1a: Slither Wing|Protosynthesis|[silent]
|upkeep
|
|t:|1758946063
|switch|p1a: Raging Bolt|Raging Bolt|81/100
|-activate|p1a: Raging Bolt|ability: Protosynthesis
|-start|p1a: Raging Bolt|protosynthesisspa
|turn|19
|
|t:|1758946072
|move|p1a: Raging Bolt|Weather Ball|p2a: Mandibuzz
|-damage|p2a: Mandibuzz|0 fnt
|faint|p2a: Mandibuzz
|-damage|p1a: Raging Bolt|71/100|[from] item: Life Orb
|
|-weather|none
|-end|p1a: Raging Bolt|Protosynthesis
|upkeep
|
|t:|1758946080
|switch|p2a: Sinistcha|Sinistcha-Masterpiece|100/100
|turn|20
|
|t:|1758946083
|-end|p1a: Raging Bolt|Protosynthesis|[silent]
|switch|p1a: Torkoal|Torkoal, M|100/100
|-weather|SunnyDay|[from] ability: Drought|[of] p1a: Torkoal
|move|p2a: Sinistcha|Calm Mind|p2a: Sinistcha
|-boost|p2a: Sinistcha|spa|1
|-boost|p2a: Sinistcha|spd|1
|
|-weather|SunnyDay|[upkeep]
|upkeep
|turn|21
|
|t:|1758946087
|-terastallize|p2a: Sinistcha|Poison
|move|p2a: Sinistcha|Calm Mind|p2a: Sinistcha
|-boost|p2a: Sinistcha|spa|1
|-boost|p2a: Sinistcha|spd|1
|move|p1a: Torkoal|Eruption|p2a: Sinistcha
|-damage|p2a: Sinistcha|67/100
|
|-weather|SunnyDay|[upkeep]
|-heal|p2a: Sinistcha|73/100|[from] item: Leftovers
|upkeep
|turn|22
|
|t:|1758946103
|-terastallize|p1a: Torkoal|Ground
|move|p2a: Sinistcha|Shadow Ball|p1a: Torkoal
|-damage|p1a: Torkoal|6/100
|move|p1a: Torkoal|Earthquake|p2a: Sinistcha
|-supereffective|p2a: Sinistcha
|-damage|p2a: Sinistcha|0 fnt
|faint|p2a: Sinistcha
|
|-weather|SunnyDay|[upkeep]
|upkeep
|
|t:|1758946112
|switch|p2a: Great Tusk|Great Tusk|100/100
|-activate|p2a: Great Tusk|ability: Protosynthesis
|-start|p2a: Great Tusk|protosynthesisspe
|turn|23
|
|t:|1758946138
|move|p2a: Great Tusk|Ice Spinner|p1a: Torkoal
|-supereffective|p1a: Torkoal
|-crit|p1a: Torkoal
|-damage|p1a: Torkoal|0 fnt
|faint|p1a: Torkoal
|
|-weather|SunnyDay|[upkeep]
|upkeep
|
|t:|1758946139
|switch|p1a: Walking Wake|Walking Wake|4/100
|-activate|p1a: Walking Wake|ability: Protosynthesis
|-start|p1a: Walking Wake|protosynthesisspe
|turn|24
|
|t:|1758946144
|move|p1a: Walking Wake|Hydro Steam|p2a: Great Tusk
|-supereffective|p2a: Great Tusk
|-damage|p2a: Great Tusk|0 fnt
|faint|p2a: Great Tusk
|-end|p2a: Great Tusk|Protosynthesis|[silent]
|
|win|Yelo_Galaxy
|raw|Yelo_Galaxy's rating: 1615 &rarr; <strong>1634</strong><br />(+19 for winning)
|raw|Guerrero105's rating: 1596 &rarr; <strong>1577</strong><br />(-19 for losing)
|l|☆Guerrero105
|player|p2|
|c|☆Yelo_Galaxy|Think I got lucky
