|j|☆wackin
|j|☆noob1877
|t:|1758919048
|gametype|singles
|player|p1|wackin|red-gen1main|1701
|player|p2|noob1877|265|1750
|gen|9
|tier|[Gen 9] OU
|rated|
|rule|HP Percentage Mod: HP is shown in percentages
|rule|Endless Battle Clause: Forcing endless battles is banned
|rule|Species Clause: Limit one of each Pokémon
|rule|OHKO Clause: OHKO moves are banned
|rule|Evasion Items Clause: Evasion items are banned
|rule|Evasion Moves Clause: Evasion moves are banned
|rule|Evasion Abilities Clause: Evasion abilities are banned
|rule|Sleep Moves Clause: Sleep-inducing moves are banned
|clearpoke
|poke|p1|Heatran, M|
|poke|p1|Rillaboom, F|
|poke|p1|Dragonite, F|
|poke|p1|Ting-Lu|
|poke|p1|Slowking-Galar, F|
|poke|p1|Dragapult, M|
|poke|p2|Pelipper, F|
|poke|p2|Hydrapple, F|
|poke|p2|Iron Treads|
|poke|p2|Basculegion-F, F|
|poke|p2|Overqwil, M|
|poke|p2|Hatterene, F|
|teampreview
|c|☆wackin|shiny basc îs wild
|
|t:|1758919099
|teamsize|p1|6
|teamsize|p2|6
|start
|switch|p1a: Rillaboom|Rillaboom, F|100/100
|switch|p2a: Hydrapple|Hydrapple, F|100/100
|-fieldstart|move: Grassy Terrain|[from] ability: Grassy Surge|[of] p1a: Rillaboom
|turn|1
|
|t:|1758919107
|move|p1a: Rillaboom|U-turn|p2a: Hydrapple
|-supereffective|p2a: Hydrapple
|-damage|p2a: Hydrapple|60/100
|
|t:|1758919116
|switch|p1a: Slowking|Slowking-Galar, F|100/100|[from] U-turn
|move|p2a: Hydrapple|Nasty Plot|p2a: Hydrapple
|-boost|p2a: Hydrapple|spa|2
|
|-heal|p2a: Hydrapple|67/100|[from] Grassy Terrain
|upkeep
|turn|2
|l|☆wackin
|player|p1|
|
|t:|1758919163
|-terastallize|p2a: Hydrapple|Steel
|move|p2a: Hydrapple|Earth Power|p1a: Slowking
|-supereffective|p1a: Slowking
|-damage|p1a: Slowking|0 fnt
|faint|p1a: Slowking
|
|-heal|p2a: Hydrapple|73/100|[from] Grassy Terrain
|upkeep
|inactive|Battle timer is ON: inactive players will automatically lose when time's up. (requested by noob1877)
|j|☆wackin
|inactive|wackin reconnected and has 145 seconds left.
|player|p1|wackin|red-gen1main|
|inactive|wackin has 120 seconds left.
|c|☆wackin|I need to change my spread to live that shit
|
|t:|1758919202
|switch|p1a: Heatran|Heatran, M|100/100
|turn|3
|
|t:|1758919205
|switch|p2a: Pelipper|Pelipper, F|100/100
|-weather|RainDance|[from] ability: Drizzle|[of] p2a: Pelipper
|move|p1a: Heatran|Stealth Rock|p2a: Pelipper
|-sidestart|p2: noob1877|move: Stealth Rock
|
|-weather|RainDance|[upkeep]
|upkeep
|turn|4
|
|t:|1758919209
|move|p1a: Heatran|Will-O-Wisp|p2a: Pelipper
|-status|p2a: Pelipper|brn
|move|p2a: Pelipper|U-turn|p1a: Heatran
|-resisted|p1a: Heatran
|-damage|p1a: Heatran|99/100
|
|t:|1758919217
|switch|p2a: Basculegion|Basculegion-F, F|100/100|[from] U-turn
|-damage|p2a: Basculegion|88/100|[from] Stealth Rock
|
|-weather|RainDance|[upkeep]
|-heal|p2a: Basculegion|94/100|[from] Grassy Terrain
|-heal|p1a: Heatran|100/100|[from] Grassy Terrain
|upkeep
|turn|5
|
|t:|1758919232
|-terastallize|p1a: Heatran|Grass
|move|p2a: Basculegion|Surf|p1a: Heatran
|-resisted|p1a: Heatran
|-damage|p1a: Heatran|58/100
|move|p1a: Heatran|Will-O-Wisp|p2a: Basculegion
|-status|p2a: Basculegion|brn
|
|-weather|RainDance|[upkeep]
|-heal|p2a: Basculegion|99/100 brn|[from] Grassy Terrain
|-heal|p1a: Heatran|64/100|[from] Grassy Terrain
|-damage|p2a: Basculegion|94/100 brn|[from] brn
|-fieldend|move: Grassy Terrain
|upkeep
|turn|6
|
|t:|1758919255
|move|p2a: Basculegion|Surf|p1a: Heatran
|-resisted|p1a: Heatran
|-damage|p1a: Heatran|20/100
|move|p1a: Heatran|Magma Storm|p2a: Basculegion
|-resisted|p2a: Basculegion
|-damage|p2a: Basculegion|80/100 brn
|-activate|p2a: Basculegion|move: Magma Storm|[of] p1a: Heatran
|
|-weather|RainDance|[upkeep]
|-damage|p2a: Basculegion|73/100 brn|[from] brn
|-damage|p2a: Basculegion|61/100 brn|[from] move: Magma Storm|[partiallytrapped]
|upkeep
|turn|7
|
|t:|1758919263
|move|p2a: Basculegion|Surf|p1a: Heatran
|-resisted|p1a: Heatran
|-damage|p1a: Heatran|0 fnt
|faint|p1a: Heatran
|
|-weather|RainDance|[upkeep]
|-damage|p2a: Basculegion|55/100 brn|[from] brn
|-end|p2a: Basculegion|Magma Storm|[partiallytrapped]|[silent]
|upkeep
|
|t:|1758919268
|switch|p1a: Rillaboom|Rillaboom, F|100/100
|-fieldstart|move: Grassy Terrain|[from] ability: Grassy Surge|[of] p1a: Rillaboom
|turn|8
|
|t:|1758919292
|switch|p2a: Hydrapple|Hydrapple, F, tera:Steel|100/100
|-damage|p2a: Hydrapple|94/100|[from] Stealth Rock
|move|p1a: Rillaboom|U-turn|p2a: Hydrapple
|-resisted|p2a: Hydrapple
|-damage|p2a: Hydrapple|84/100
|c|☆wackin|oh I just realized choked using tera I wasn't paying attention oops
|
|t:|1758919306
|switch|p1a: Dragonite|Dragonite, F|100/100|[from] U-turn
|
|-weather|RainDance|[upkeep]
|-heal|p2a: Hydrapple|90/100|[from] Grassy Terrain
|upkeep
|turn|9
|
|t:|1758919316
|move|p2a: Hydrapple|Fickle Beam|p1a: Dragonite|[anim] Fickle Beam All Out
|-activate|p2a: Hydrapple|move: Fickle Beam
|-supereffective|p1a: Dragonite
|-damage|p1a: Dragonite|19/100
|move|p1a: Dragonite|Dragon Tail|p2a: Hydrapple
|-resisted|p2a: Hydrapple
|-damage|p2a: Hydrapple|76/100
|drag|p2a: Basculegion|Basculegion-F, F|55/100 brn
|-damage|p2a: Basculegion|43/100 brn|[from] Stealth Rock
|
|-weather|RainDance|[upkeep]
|-heal|p2a: Basculegion|49/100 brn|[from] Grassy Terrain
|-damage|p2a: Basculegion|43/100 brn|[from] brn
|upkeep
|turn|10
|
|t:|1758919339
|move|p1a: Dragonite|Extreme Speed|p2a: Basculegion
|-immune|p2a: Basculegion
|move|p2a: Basculegion|Surf|p1a: Dragonite
|-resisted|p1a: Dragonite
|-damage|p1a: Dragonite|0 fnt
|faint|p1a: Dragonite
|
|-weather|none
|-heal|p2a: Basculegion|49/100 brn|[from] Grassy Terrain
|-damage|p2a: Basculegion|43/100 brn|[from] brn
|upkeep
|
|t:|1758919349
|switch|p1a: Ting-Lu|Ting-Lu|100/100
|-ability|p1a: Ting-Lu|Vessel of Ruin
|turn|11
|
|t:|1758919352
|switch|p2a: Hatterene|Hatterene, F|100/100
|-damage|p2a: Hatterene|88/100|[from] Stealth Rock
|move|p1a: Ting-Lu|Spikes|p2a: Hatterene
|move|p2a: Hatterene|Spikes|p1a: Ting-Lu|[from] ability: Magic Bounce
|-sidestart|p1: wackin|Spikes
|
|-heal|p2a: Hatterene|94/100|[from] Grassy Terrain
|upkeep
|turn|12
|
|t:|1758919354
|move|p1a: Ting-Lu|Ruination|p2a: Hatterene|[miss]
|-miss|p1a: Ting-Lu|p2a: Hatterene
|move|p2a: Hatterene|Dazzling Gleam|p1a: Ting-Lu
|-supereffective|p1a: Ting-Lu
|-damage|p1a: Ting-Lu|68/100
|
|-heal|p1a: Ting-Lu|74/100|[from] Grassy Terrain
|-heal|p1a: Ting-Lu|80/100|[from] item: Leftovers
|-heal|p2a: Hatterene|99/100|[from] Grassy Terrain
|-fieldend|move: Grassy Terrain
|upkeep
|turn|13
|
|t:|1758919357
|move|p1a: Ting-Lu|Ruination|p2a: Hatterene
|-damage|p2a: Hatterene|50/100
|-enditem|p2a: Hatterene|Eject Button
|
|t:|1758919358
|switch|p2a: Iron Treads|Iron Treads|100/100
|-damage|p2a: Iron Treads|97/100|[from] Stealth Rock
|
|-heal|p2a: Iron Treads|100/100|[from] item: Leftovers
|-heal|p1a: Ting-Lu|86/100|[from] item: Leftovers
|upkeep
|turn|14
|
|t:|1758919362
|move|p2a: Iron Treads|Rapid Spin|p1a: Ting-Lu
|-damage|p1a: Ting-Lu|79/100
|-boost|p2a: Iron Treads|spe|1
|-sideend|p2: noob1877|Stealth Rock|[from] move: Rapid Spin|[of] p2a: Iron Treads
|move|p1a: Ting-Lu|Earthquake|p2a: Iron Treads
|-supereffective|p2a: Iron Treads
|-damage|p2a: Iron Treads|42/100
|
|-heal|p2a: Iron Treads|48/100|[from] item: Leftovers
|-heal|p1a: Ting-Lu|85/100|[from] item: Leftovers
|upkeep
|turn|15
|
|t:|1758919373
|-end|p2a: Iron Treads|Quark Drive|[silent]
|switch|p2a: Hatterene|Hatterene, F|50/100
|move|p1a: Ting-Lu|Spikes|p2a: Hatterene
|move|p2a: Hatterene|Spikes|p1a: Ting-Lu|[from] ability: Magic Bounce
|-sidestart|p1: wackin|Spikes
|
|-heal|p1a: Ting-Lu|92/100|[from] item: Leftovers
|upkeep
|turn|16
|
|t:|1758919379
|switch|p2a: Pelipper|Pelipper, F|100/100 brn
|-weather|RainDance|[from] ability: Drizzle|[of] p2a: Pelipper
|move|p1a: Ting-Lu|Earthquake|p2a: Pelipper
|-immune|p2a: Pelipper
|
|-weather|RainDance|[upkeep]
|-heal|p1a: Ting-Lu|98/100|[from] item: Leftovers
|-damage|p2a: Pelipper|94/100 brn|[from] brn
|upkeep
|turn|17
|
|t:|1758919382
|move|p1a: Ting-Lu|Spikes|p2a: Pelipper
|-sidestart|p2: noob1877|Spikes
|move|p2a: Pelipper|U-turn|p1a: Ting-Lu
|-supereffective|p1a: Ting-Lu
|-damage|p1a: Ting-Lu|93/100
|
|t:|1758919389
|switch|p2a: Basculegion|Basculegion-F, F|43/100 brn|[from] U-turn
|-damage|p2a: Basculegion|30/100 brn|[from] Spikes
|
|-weather|RainDance|[upkeep]
|-heal|p1a: Ting-Lu|99/100|[from] item: Leftovers
|-damage|p2a: Basculegion|24/100 brn|[from] brn
|upkeep
|turn|18
|
|t:|1758919396
|move|p1a: Ting-Lu|Protect|p1a: Ting-Lu
|-singleturn|p1a: Ting-Lu|Protect
|move|p2a: Basculegion|Surf|p1a: Ting-Lu
|-activate|p1a: Ting-Lu|move: Protect
|
|-weather|RainDance|[upkeep]
|-heal|p1a: Ting-Lu|100/100|[from] item: Leftovers
|-damage|p2a: Basculegion|18/100 brn|[from] brn
|upkeep
|turn|19
|
|t:|1758919401
|switch|p1a: Rillaboom|Rillaboom, F|100/100
|-fieldstart|move: Grassy Terrain|[from] ability: Grassy Surge|[of] p1a: Rillaboom
|move|p2a: Basculegion|Surf|p1a: Rillaboom
|-resisted|p1a: Rillaboom
|-damage|p1a: Rillaboom|32/100
|
|-weather|RainDance|[upkeep]
|-heal|p2a: Basculegion|24/100 brn|[from] Grassy Terrain
|-heal|p1a: Rillaboom|38/100|[from] Grassy Terrain
|-damage|p2a: Basculegion|18/100 brn|[from] brn
|upkeep
|turn|20
|
|t:|1758919408
|switch|p2a: Hydrapple|Hydrapple, F, tera:Steel|100/100
|-damage|p2a: Hydrapple|88/100|[from] Spikes
|move|p1a: Rillaboom|Grassy Glide|p2a: Hydrapple
|-resisted|p2a: Hydrapple
|-damage|p2a: Hydrapple|73/100
|
|-weather|RainDance|[upkeep]
|-heal|p1a: Rillaboom|44/100|[from] Grassy Terrain
|-heal|p2a: Hydrapple|79/100|[from] Grassy Terrain
|upkeep
|turn|21
|
|t:|1758919414
|move|p1a: Rillaboom|U-turn|p2a: Hydrapple
|-resisted|p2a: Hydrapple
|-damage|p2a: Hydrapple|69/100
|
|t:|1758919416
|switch|p1a: Ting-Lu|Ting-Lu|100/100|[from] U-turn
|-damage|p1a: Ting-Lu|84/100|[from] Spikes
|-ability|p1a: Ting-Lu|Vessel of Ruin
|move|p2a: Hydrapple|Nasty Plot|p2a: Hydrapple
|-boost|p2a: Hydrapple|spa|2
|
|-weather|RainDance|[upkeep]
|-heal|p2a: Hydrapple|75/100|[from] Grassy Terrain
|-heal|p1a: Ting-Lu|90/100|[from] Grassy Terrain
|-heal|p1a: Ting-Lu|96/100|[from] item: Leftovers
|upkeep
|turn|22
|
|t:|1758919423
|move|p2a: Hydrapple|Leaf Storm|p1a: Ting-Lu
|-supereffective|p1a: Ting-Lu
|-crit|p1a: Ting-Lu
|-damage|p1a: Ting-Lu|0 fnt
|-unboost|p2a: Hydrapple|spa|2
|faint|p1a: Ting-Lu
|-enditem|p2a: Hydrapple|Eject Pack
|
|t:|1758919426
|switch|p2a: Basculegion|Basculegion-F, F|18/100 brn
|-damage|p2a: Basculegion|6/100 brn|[from] Spikes
|
|-weather|RainDance|[upkeep]
|-heal|p2a: Basculegion|12/100 brn|[from] Grassy Terrain
|-damage|p2a: Basculegion|6/100 brn|[from] brn
|upkeep
|
|t:|1758919429
|switch|p1a: Rillaboom|Rillaboom, F|44/100
|turn|23
|
|t:|1758919436
|move|p2a: Basculegion|Surf|p1a: Rillaboom
|-resisted|p1a: Rillaboom
|-damage|p1a: Rillaboom|0 fnt
|faint|p1a: Rillaboom
|
|-weather|none
|-heal|p2a: Basculegion|12/100 brn|[from] Grassy Terrain
|-damage|p2a: Basculegion|6/100 brn|[from] brn
|-fieldend|move: Grassy Terrain
|upkeep
|
|t:|1758919439
|switch|p1a: Dragapult|Dragapult, M|100/100
|turn|24
|
|t:|1758919442
|move|p1a: Dragapult|Dragon Dance|p1a: Dragapult
|-boost|p1a: Dragapult|atk|1
|-boost|p1a: Dragapult|spe|1
|move|p2a: Basculegion|Surf|p1a: Dragapult
|-resisted|p1a: Dragapult
|-damage|p1a: Dragapult|60/100
|
|-damage|p2a: Basculegion|0 fnt|[from] brn
|faint|p2a: Basculegion
|upkeep
|
|t:|1758919445
|switch|p2a: Hydrapple|Hydrapple, F, tera:Steel|100/100
|-damage|p2a: Hydrapple|88/100|[from] Spikes
|turn|25
|c|☆wackin|unfort
|c|☆wackin|ggwp
|
|t:|1758919462
|move|p1a: Dragapult|Dragon Darts|p2a: Hydrapple
|-resisted|p2a: Hydrapple
|-damage|p2a: Hydrapple|74/100
|-anim|p1a: Dragapult|Dragon Darts|p2a: Hydrapple
|-resisted|p2a: Hydrapple
|-damage|p2a: Hydrapple|59/100
|move|p2a: Hydrapple|Fickle Beam|p1a: Dragapult
|-supereffective|p1a: Dragapult
|-damage|p1a: Dragapult|0 fnt
|faint|p1a: Dragapult
|
|win|noob1877
|raw|wackin's rating: 1701 &rarr; <strong>1684</strong><br />(-17 for losing)
|raw|noob1877's rating: 1750 &rarr; <strong>1767</strong><br />(+17 for winning)
|l|☆wackin
|player|p1|
|l|☆noob1877
|player|p2|
