|j|☆FindusY
|j|☆Fairytale22244!
|t:|1758996569
|gametype|singles
|player|p1|FindusY|169|1088
|player|p2|Fairytale22244!|265|1005
|gen|9
|tier|[Gen 9] OU
|rated|
|rule|HP Percentage Mod: HP is shown in percentages
|rule|Endless Battle Clause: Forcing endless battles is banned
|rule|Species Clause: Limit one of each Pokémon
|rule|OHKO Clause: OHKO moves are banned
|rule|Evasion Items Clause: Evasion items are banned
|rule|Evasion Moves Clause: Evasion moves are banned
|rule|Evasion Abilities Clause: Evasion abilities are banned
|rule|Sleep Moves Clause: Sleep-inducing moves are banned
|clearpoke
|poke|p1|Dragapult, F|
|poke|p1|Iron Valiant|
|poke|p1|Kingambit, M|
|poke|p1|Greninja-*, M|
|poke|p1|Alcremie-Rainbow-Swirl, F|
|poke|p1|Deoxys-Speed|
|poke|p2|Golduck, M|
|poke|p2|Gardevoir, M|
|poke|p2|Weezing-Galar, F|
|poke|p2|Swalot, F|
|poke|p2|Vivillon-Icy Snow, M|
|poke|p2|Vikavolt, M|
|teampreview
|
|t:|1758996574
|teamsize|p1|6
|teamsize|p2|6
|start
|switch|p1a: Alcremie|Alcremie-Rainbow-Swirl, F|100/100
|switch|p2a: Golduck|Golduck, M|100/100
|-ability|p2a: Golduck|Cloud Nine
|turn|1
|
|t:|1758996582
|move|p2a: Golduck|Simple Beam|p1a: Alcremie
|-ability|p1a: Alcremie|Simple|Sweet Veil|[from] move: Simple Beam
|move|p1a: Alcremie|Calm Mind|p1a: Alcremie
|-boost|p1a: Alcremie|spa|2
|-boost|p1a: Alcremie|spd|2
|
|upkeep
|turn|2
|
|t:|1758996590
|move|p2a: Golduck|Wonder Room|p2a: Golduck
|-fieldstart|move: Wonder Room|[of] p2a: Golduck
|move|p1a: Alcremie|Calm Mind|p1a: Alcremie
|-boost|p1a: Alcremie|spa|2
|-boost|p1a: Alcremie|spd|2
|
|upkeep
|turn|3
|
|t:|1758996595
|switch|p2a: Gardevoir|Gardevoir, M|100/100
|-ability|p2a: Gardevoir|Simple|Trace|[from] ability: Trace|[of] p1a: Alcremie
|move|p1a: Alcremie|Calm Mind|p1a: Alcremie
|-boost|p1a: Alcremie|spa|2
|-boost|p1a: Alcremie|spd|2
|
|upkeep
|turn|4
|
|t:|1758996604
|move|p2a: Gardevoir|Calm Mind|p2a: Gardevoir
|-boost|p2a: Gardevoir|spa|2
|-boost|p2a: Gardevoir|spd|2
|move|p1a: Alcremie|Acid Armor|p1a: Alcremie
|-boost|p1a: Alcremie|def|4
|
|upkeep
|turn|5
|
|t:|1758996614
|move|p2a: Gardevoir|Calm Mind|p2a: Gardevoir
|-boost|p2a: Gardevoir|spa|2
|-boost|p2a: Gardevoir|spd|2
|move|p1a: Alcremie|Stored Power|p2a: Gardevoir
|-resisted|p2a: Gardevoir
|-damage|p2a: Gardevoir|2/100
|-enditem|p2a: Gardevoir|Starf Berry|[eat]
|-boost|p2a: Gardevoir|atk|4|[from] item: Starf Berry
|
|upkeep
|turn|6
|
|t:|1758996623
|move|p2a: Gardevoir|Stored Power|p1a: Alcremie
|-damage|p1a: Alcremie|0 fnt
|faint|p1a: Alcremie
|
|-fieldend|move: Wonder Room
|upkeep
|
|t:|1758996632
|switch|p1a: Deoxys|Deoxys-Speed, shiny|100/100
|-ability|p1a: Deoxys|Pressure
|turn|7
|
|t:|1758996640
|move|p1a: Deoxys|Energy Ball|p2a: Gardevoir
|-damage|p2a: Gardevoir|0 fnt
|faint|p2a: Gardevoir
|
|upkeep
|
|t:|1758996645
|switch|p2a: Vikavolt|Vikavolt, M|100/100
|turn|8
|
|t:|1758996652
|move|p1a: Deoxys|Calm Mind|p1a: Deoxys
|-boost|p1a: Deoxys|spa|1
|-boost|p1a: Deoxys|spd|1
|move|p2a: Vikavolt|Sticky Web|p1a: Deoxys
|-sidestart|p1: FindusY|move: Sticky Web
|
|upkeep
|turn|9
|
|t:|1758996657
|move|p1a: Deoxys|Calm Mind|p1a: Deoxys
|-boost|p1a: Deoxys|spa|1
|-boost|p1a: Deoxys|spd|1
|move|p2a: Vikavolt|Bug Buzz|p1a: Deoxys
|-supereffective|p1a: Deoxys
|-damage|p1a: Deoxys|13/100
|
|upkeep
|turn|10
|
|t:|1758996664
|move|p1a: Deoxys|Psychic|p2a: Vikavolt
|-enditem|p2a: Vikavolt|Focus Sash
|-damage|p2a: Vikavolt|1/100
|move|p2a: Vikavolt|Bug Buzz|p1a: Deoxys
|-supereffective|p1a: Deoxys
|-damage|p1a: Deoxys|0 fnt
|faint|p1a: Deoxys
|
|upkeep
|
|t:|1758996678
|switch|p1a: Iron Valiant|Iron Valiant, shiny|100/100
|-activate|p1a: Iron Valiant|move: Sticky Web
|-unboost|p1a: Iron Valiant|spe|1
|-enditem|p1a: Iron Valiant|Booster Energy
|-activate|p1a: Iron Valiant|ability: Quark Drive|[fromitem]
|-start|p1a: Iron Valiant|quarkdriveatk
|turn|11
|
|t:|1758996686
|move|p1a: Iron Valiant|Brick Break|p2a: Vikavolt
|-resisted|p2a: Vikavolt
|-damage|p2a: Vikavolt|0 fnt
|faint|p2a: Vikavolt
|
|upkeep
|
|t:|1758996689
|switch|p2a: snow white|Vivillon-Icy Snow, M, shiny|100/100
|turn|12
|
|t:|1758996697
|move|p2a: snow white|Quiver Dance|p2a: snow white
|-boost|p2a: snow white|spa|1
|-boost|p2a: snow white|spd|1
|-boost|p2a: snow white|spe|1
|move|p1a: Iron Valiant|Brick Break|p2a: snow white
|-resisted|p2a: snow white
|-damage|p2a: snow white|77/100
|
|upkeep
|turn|13
|
|t:|1758996704
|move|p2a: snow white|Hurricane|p1a: Iron Valiant
|-supereffective|p1a: Iron Valiant
|-damage|p1a: Iron Valiant|0 fnt
|faint|p1a: Iron Valiant
|-end|p1a: Iron Valiant|Quark Drive|[silent]
|
|upkeep
|
|t:|1758996710
|switch|p1a: Dragapult|Dragapult, F, shiny|100/100
|-activate|p1a: Dragapult|move: Sticky Web
|-unboost|p1a: Dragapult|spe|1
|turn|14
|
|t:|1758996717
|move|p2a: snow white|Hurricane|p1a: Dragapult
|-damage|p1a: Dragapult|5/100
|-start|p1a: Dragapult|confusion
|-start|p2a: snow white|Disable|Hurricane|[from] ability: Cursed Body|[of] p1a: Dragapult
|-activate|p1a: Dragapult|confusion
|-damage|p1a: Dragapult|0 fnt|[from] confusion
|faint|p1a: Dragapult
|
|upkeep
|inactive|Battle timer is ON: inactive players will automatically lose when time's up. (requested by Fairytale22244!)
|
|t:|1758996727
|switch|p1a: Greninja|Greninja, M|100/100
|-activate|p1a: Greninja|move: Sticky Web
|-unboost|p1a: Greninja|spe|1
|turn|15
|
|t:|1758996735
|move|p2a: snow white|Tera Blast|p1a: Greninja
|-damage|p1a: Greninja|47/100
|move|p1a: Greninja|Swords Dance|p1a: Greninja
|-start|p1a: Greninja|typechange|Normal|[from] ability: Protean
|-boost|p1a: Greninja|atk|2
|
|upkeep
|turn|16
|
|t:|1758996744
|move|p2a: snow white|Tailwind|p2a: snow white
|-sidestart|p2: Fairytale22244!|move: Tailwind
|move|p1a: Greninja|Swords Dance|p1a: Greninja
|-boost|p1a: Greninja|atk|2
|
|upkeep
|turn|17
|
|t:|1758996752
|move|p2a: snow white|Tera Blast|p1a: Greninja
|-damage|p1a: Greninja|0 fnt
|faint|p1a: Greninja
|
|-end|p2a: snow white|Disable
|upkeep
|
|t:|1758996758
|switch|p1a: Kingambit|Kingambit, M, shiny|100/100
|-activate|p1a: Kingambit|move: Sticky Web
|-unboost|p1a: Kingambit|spe|1
|-activate|p1a: Kingambit|ability: Supreme Overlord
|-start|p1a: Kingambit|fallen5|[silent]
|turn|18
|
|t:|1758996767
|-terastallize|p2a: snow white|Ground
|move|p2a: snow white|Tera Blast|p1a: Kingambit|[anim] Tera Blast Ground
|-supereffective|p1a: Kingambit
|-damage|p1a: Kingambit|0 fnt
|faint|p1a: Kingambit
|-end|p1a: Kingambit|fallen5|[silent]
|
|win|Fairytale22244!
|raw|FindusY's rating: 1088 &rarr; <strong>1059</strong><br />(-29 for losing)
|raw|Fairytale22244!'s rating: 1005 &rarr; <strong>1053</strong><br />(+48 for winning)
|l|☆FindusY
|player|p1|
