|j|☆xrayinformation
|j|☆a jellyfish
|t:|1758927944
|gametype|singles
|player|p1|xrayinformation|dragontamer|1614
|player|p2|a jellyfish|bianca|1612
|gen|9
|tier|[Gen 9] OU
|rated|
|rule|HP Percentage Mod: HP is shown in percentages
|rule|Endless Battle Clause: Forcing endless battles is banned
|rule|Species Clause: Limit one of each Pokémon
|rule|OHKO Clause: OHKO moves are banned
|rule|Evasion Items Clause: Evasion items are banned
|rule|Evasion Moves Clause: Evasion moves are banned
|rule|Evasion Abilities Clause: Evasion abilities are banned
|rule|Sleep Moves Clause: Sleep-inducing moves are banned
|clearpoke
|poke|p1|Ambipom, M|
|poke|p1|Samurott-Hisui, F|
|poke|p1|Landorus-Therian, M|
|poke|p1|Iron Moth|
|poke|p1|Iron Valiant|
|poke|p1|Zamazenta-*|
|poke|p2|Hatterene, F|
|poke|p2|Kingambit, F|
|poke|p2|Iron Valiant|
|poke|p2|Landorus-Therian, M|
|poke|p2|Scizor, F|
|poke|p2|Kyurem|
|teampreview
|inactive|Battle timer is ON: inactive players will automatically lose when time's up. (requested by a jellyfish)
|inactive|xrayinformation has 120 seconds left.
|
|t:|1758927974
|teamsize|p1|6
|teamsize|p2|6
|start
|switch|p1a: Samurott|Samurott-Hisui, F|100/100
|switch|p2a: Landorus|Landorus-Therian, M|100/100
|-ability|p2a: Landorus|Intimidate|boost
|-unboost|p1a: Samurott|atk|1
|turn|1
|
|t:|1758927977
|move|p1a: Samurott|Ceaseless Edge|p2a: Landorus
|-damage|p2a: Landorus|75/100
|-damage|p1a: Samurott|84/100|[from] item: Rocky Helmet|[of] p2a: Landorus
|-sidestart|p2: a jellyfish|Spikes
|move|p2a: Landorus|U-turn|p1a: Samurott
|-supereffective|p1a: Samurott
|-damage|p1a: Samurott|34/100
|
|t:|1758927989
|switch|p2a: Scizor|Scizor, F, shiny|100/100|[from] U-turn
|-damage|p2a: Scizor|88/100|[from] Spikes
|
|-heal|p2a: Scizor|94/100|[from] item: Leftovers
|upkeep
|turn|2
|
|t:|1758927995
|move|p1a: Samurott|Ceaseless Edge|p2a: Scizor
|-damage|p2a: Scizor|59/100
|-sidestart|p2: a jellyfish|Spikes
|move|p2a: Scizor|Knock Off|p1a: Samurott
|-resisted|p1a: Samurott
|-damage|p1a: Samurott|13/100
|-enditem|p1a: Samurott|Focus Sash|[from] move: Knock Off|[of] p2a: Scizor
|
|-heal|p2a: Scizor|65/100|[from] item: Leftovers
|upkeep
|turn|3
|
|t:|1758928000
|move|p1a: Samurott|Aqua Jet|p2a: Scizor
|-damage|p2a: Scizor|52/100
|move|p2a: Scizor|Defog|p1a: Samurott
|-unboost|p1a: Samurott|evasion|1
|-sideend|p2: a jellyfish|Spikes|[from] move: Defog|[of] p2a: Scizor
|
|-heal|p2a: Scizor|58/100|[from] item: Leftovers
|upkeep
|turn|4
|
|t:|1758928008
|move|p2a: Scizor|Bullet Punch|p1a: Samurott
|-resisted|p1a: Samurott
|-damage|p1a: Samurott|0 fnt
|faint|p1a: Samurott
|
|-heal|p2a: Scizor|64/100|[from] item: Leftovers
|upkeep
|
|t:|1758928011
|switch|p1a: Iron Moth|Iron Moth|100/100
|-enditem|p1a: Iron Moth|Booster Energy
|-activate|p1a: Iron Moth|ability: Quark Drive|[fromitem]
|-start|p1a: Iron Moth|quarkdrivespe
|turn|5
|
|t:|1758928016
|switch|p2a: Kyurem|Kyurem, shiny|100/100
|-ability|p2a: Kyurem|Pressure
|move|p1a: Iron Moth|Substitute|p1a: Iron Moth
|-start|p1a: Iron Moth|Substitute
|-damage|p1a: Iron Moth|76/100
|
|upkeep
|turn|6
|
|t:|1758928019
|move|p1a: Iron Moth|Sludge Wave|p2a: Kyurem
|-damage|p2a: Kyurem|69/100
|move|p2a: Kyurem|Earth Power|p1a: Iron Moth
|-supereffective|p1a: Iron Moth
|-end|p1a: Iron Moth|Substitute
|
|upkeep
|turn|7
|
|t:|1758928029
|move|p1a: Iron Moth|Fiery Dance|p2a: Kyurem
|-damage|p2a: Kyurem|42/100
|-boost|p1a: Iron Moth|spa|1
|move|p2a: Kyurem|Earth Power|p1a: Iron Moth
|-supereffective|p1a: Iron Moth
|-damage|p1a: Iron Moth|0 fnt
|faint|p1a: Iron Moth
|-end|p1a: Iron Moth|Quark Drive|[silent]
|
|upkeep
|
|t:|1758928034
|switch|p1a: Ambipom|Ambipom, M|100/100
|turn|8
|
|t:|1758928037
|switch|p2a: Landorus|Landorus-Therian, M|75/100
|-ability|p2a: Landorus|Intimidate|boost
|-unboost|p1a: Ambipom|atk|1
|move|p1a: Ambipom|Fake Out|p2a: Landorus
|-damage|p2a: Landorus|63/100
|-damage|p1a: Ambipom|84/100|[from] item: Rocky Helmet|[of] p2a: Landorus
|
|upkeep
|turn|9
|
|t:|1758928043
|switch|p2a: Scizor|Scizor, F, shiny|64/100
|move|p1a: Ambipom|Triple Axel|p2a: Scizor
|-resisted|p2a: Scizor
|-damage|p2a: Scizor|61/100
|-resisted|p2a: Scizor
|-damage|p2a: Scizor|56/100
|-resisted|p2a: Scizor
|-damage|p2a: Scizor|47/100
|-hitcount|p2a: Scizor|3
|
|-heal|p2a: Scizor|53/100|[from] item: Leftovers
|upkeep
|turn|10
|
|t:|1758928047
|move|p1a: Ambipom|U-turn|p2a: Scizor
|-resisted|p2a: Scizor
|-damage|p2a: Scizor|46/100
|
|t:|1758928048
|switch|p1a: Landorus|Landorus-Therian, M|100/100|[from] U-turn
|-ability|p1a: Landorus|Intimidate|boost
|-unboost|p2a: Scizor|atk|1
|move|p2a: Scizor|U-turn|p1a: Landorus
|-resisted|p1a: Landorus
|-damage|p1a: Landorus|87/100
|-damage|p2a: Scizor|30/100|[from] item: Rocky Helmet|[of] p1a: Landorus
|
|t:|1758928050
|switch|p2a: Kyurem|Kyurem, shiny|42/100|[from] U-turn
|-ability|p2a: Kyurem|Pressure
|
|upkeep
|turn|11
|
|t:|1758928053
|-terastallize|p1a: Landorus|Water
|move|p2a: Kyurem|Ice Beam|p1a: Landorus
|-resisted|p1a: Landorus
|-damage|p1a: Landorus|61/100
|move|p1a: Landorus|Earthquake|p2a: Kyurem
|-damage|p2a: Kyurem|0 fnt
|faint|p2a: Kyurem
|
|upkeep
|
|t:|1758928064
|switch|p2a: Landorus|Landorus-Therian, M|63/100
|-ability|p2a: Landorus|Intimidate|boost
|-unboost|p1a: Landorus|atk|1
|turn|12
|
|t:|1758928069
|move|p1a: Landorus|Stealth Rock|p2a: Landorus
|-sidestart|p2: a jellyfish|move: Stealth Rock
|move|p2a: Landorus|Earth Power|p1a: Landorus
|-damage|p1a: Landorus|28/100
|
|upkeep
|turn|13
|
|t:|1758928081
|switch|p1a: Zamazenta|Zamazenta|100/100
|-ability|p1a: Zamazenta|Dauntless Shield|boost
|-boost|p1a: Zamazenta|def|1
|move|p2a: Landorus|Earth Power|p1a: Zamazenta
|-damage|p1a: Zamazenta|77/100
|-unboost|p1a: Zamazenta|spd|1
|
|-heal|p1a: Zamazenta|83/100|[from] item: Leftovers
|upkeep
|turn|14
|
|t:|1758928090
|move|p1a: Zamazenta|Iron Defense|p1a: Zamazenta
|-boost|p1a: Zamazenta|def|2
|move|p2a: Landorus|Earth Power|p1a: Zamazenta
|-damage|p1a: Zamazenta|43/100
|
|-heal|p1a: Zamazenta|49/100|[from] item: Leftovers
|upkeep
|turn|15
|
|t:|1758928093
|move|p1a: Zamazenta|Body Press|p2a: Landorus
|-resisted|p2a: Landorus
|-damage|p2a: Landorus|33/100
|-damage|p1a: Zamazenta|33/100|[from] item: Rocky Helmet|[of] p2a: Landorus
|move|p2a: Landorus|Earth Power|p1a: Zamazenta
|-damage|p1a: Zamazenta|0 fnt
|faint|p1a: Zamazenta
|
|upkeep
|
|t:|1758928100
|switch|p1a: Iron Valiant|Iron Valiant|100/100
|-enditem|p1a: Iron Valiant|Booster Energy
|-activate|p1a: Iron Valiant|ability: Quark Drive|[fromitem]
|-start|p1a: Iron Valiant|quarkdrivespe
|turn|16
|
|t:|1758928106
|-end|p1a: Iron Valiant|Quark Drive|[silent]
|switch|p1a: Landorus|Landorus-Therian, M, tera:Water|28/100
|-ability|p1a: Landorus|Intimidate|boost
|-unboost|p2a: Landorus|atk|1
|move|p2a: Landorus|Earth Power|p1a: Landorus
|-crit|p1a: Landorus
|-damage|p1a: Landorus|0 fnt
|faint|p1a: Landorus
|
|upkeep
|
|t:|1758928109
|switch|p1a: Iron Valiant|Iron Valiant|100/100
|turn|17
|
|t:|1758928113
|move|p1a: Iron Valiant|Swords Dance|p1a: Iron Valiant
|-boost|p1a: Iron Valiant|atk|2
|move|p2a: Landorus|Earth Power|p1a: Iron Valiant
|-damage|p1a: Iron Valiant|42/100
|
|upkeep
|turn|18
|
|t:|1758928115
|move|p1a: Iron Valiant|Spirit Break|p2a: Landorus
|-damage|p2a: Landorus|0 fnt
|-damage|p1a: Iron Valiant|26/100|[from] item: Rocky Helmet|[of] p2a: Landorus
|faint|p2a: Landorus
|
|upkeep
|
|t:|1758928116
|switch|p2a: Scizor|Scizor, F, shiny|30/100
|-damage|p2a: Scizor|17/100|[from] Stealth Rock
|turn|19
|
|t:|1758928120
|move|p2a: Scizor|Bullet Punch|p1a: Iron Valiant
|-supereffective|p1a: Iron Valiant
|-damage|p1a: Iron Valiant|0 fnt
|faint|p1a: Iron Valiant
|-end|p1a: Iron Valiant|Quark Drive|[silent]
|
|-heal|p2a: Scizor|23/100|[from] item: Leftovers
|upkeep
|
|t:|1758928121
|switch|p1a: Ambipom|Ambipom, M|84/100
|turn|20
|
|t:|1758928125
|move|p1a: Ambipom|Fake Out|p2a: Scizor
|-resisted|p2a: Scizor
|-damage|p2a: Scizor|10/100
|cant|p2a: Scizor|flinch
|
|-heal|p2a: Scizor|16/100|[from] item: Leftovers
|upkeep
|turn|21
|
|t:|1758928127
|move|p2a: Scizor|Bullet Punch|p1a: Ambipom
|-damage|p1a: Ambipom|34/100
|move|p1a: Ambipom|Knock Off|p2a: Scizor
|-damage|p2a: Scizor|0 fnt
|-enditem|p2a: Scizor|Leftovers|[from] move: Knock Off|[of] p1a: Ambipom
|faint|p2a: Scizor
|
|upkeep
|
|t:|1758928130
|switch|p2a: Kingambit|Kingambit, F|100/100
|-damage|p2a: Kingambit|94/100|[from] Stealth Rock
|-activate|p2a: Kingambit|ability: Supreme Overlord
|-start|p2a: Kingambit|fallen3|[silent]
|turn|22
|-message|xrayinformation forfeited.
|
|win|a jellyfish
|raw|xrayinformation's rating: 1614 &rarr; <strong>1594</strong><br />(-20 for losing)
|raw|a jellyfish's rating: 1612 &rarr; <strong>1632</strong><br />(+20 for winning)
|l|☆xrayinformation
|player|p1|
|l|☆a jellyfish
|player|p2|
