|badge|p1|silver|gen9doublesou|30-6
|uhtml|medal-msg|<div class="broadcast-blue">Curious what those medals under the avatar are? PS now has Ladder Seasons! For more information, check out the <a href="https://www.smogon.com/forums/threads/3740067/">thread on Smogon.</a></div>
|j|☆3idk
|j|☆jojosworld
|t:|1758951358
|gametype|singles
|player|p1|3idk|cynthia-masters|1629
|player|p2|jojosworld|cynthia|1741
|gen|9
|tier|[Gen 9] OU
|rated|
|rule|HP Percentage Mod: HP is shown in percentages
|rule|Endless Battle Clause: Forcing endless battles is banned
|rule|Species Clause: Limit one of each Pokémon
|rule|OHKO Clause: OHKO moves are banned
|rule|Evasion Items Clause: Evasion items are banned
|rule|Evasion Moves Clause: Evasion moves are banned
|rule|Evasion Abilities Clause: Evasion abilities are banned
|rule|Sleep Moves Clause: Sleep-inducing moves are banned
|clearpoke
|poke|p1|Pelipper, F|
|poke|p1|Hatterene, F|
|poke|p1|Iron Treads|
|poke|p1|Toxicroak, F|
|poke|p1|Barraskewda, F|
|poke|p1|Zapdos|
|poke|p2|Alomomola, F|
|poke|p2|Amoonguss, F|
|poke|p2|Great Tusk|
|poke|p2|Goodra-Hisui, F|
|poke|p2|Clefable, F|
|poke|p2|Garganacl, F|
|teampreview
|inactive|Battle timer is ON: inactive players will automatically lose when time's up. (requested by jojosworld)
|inactive|3idk also wants the timer to be on.
|
|t:|1758951384
|teamsize|p1|6
|teamsize|p2|6
|start
|switch|p1a: Pelipper|Pelipper, F|100/100
|switch|p2a: Clefable|Clefable, F, shiny|100/100
|-weather|RainDance|[from] ability: Drizzle|[of] p1a: Pelipper
|turn|1
|
|t:|1758951390
|switch|p1a: Hatterene|Hatterene, F|100/100
|move|p2a: Clefable|Moonblast|p1a: Hatterene
|-damage|p1a: Hatterene|70/100
|-unboost|p1a: Hatterene|spa|1
|-enditem|p1a: Hatterene|Eject Button
|
|t:|1758951396
|switch|p1a: Barraskewda|Barraskewda, F|100/100
|
|-weather|RainDance|[upkeep]
|upkeep
|turn|2
|
|t:|1758951399
|switch|p2a: Alomomola|Alomomola, F, shiny|100/100
|move|p1a: Barraskewda|Flip Turn|p2a: Alomomola
|-resisted|p2a: Alomomola
|-damage|p2a: Alomomola|80/100
|
|t:|1758951405
|switch|p1a: Zapdos|Zapdos|100/100|[from] Flip Turn
|
|-weather|RainDance|[upkeep]
|upkeep
|turn|3
|
|t:|1758951415
|move|p2a: Alomomola|Protect|p2a: Alomomola
|-singleturn|p2a: Alomomola|Protect
|move|p1a: Zapdos|Volt Switch|p2a: Alomomola
|-activate|p2a: Alomomola|move: Protect
|
|-weather|RainDance|[upkeep]
|upkeep
|turn|4
|
|t:|1758951424
|switch|p2a: Goodra|Goodra-Hisui, F, shiny|100/100
|move|p1a: Zapdos|Volt Switch|p2a: Goodra
|-resisted|p2a: Goodra
|-damage|p2a: Goodra|92/100
|
|t:|1758951429
|switch|p1a: Barraskewda|Barraskewda, F|100/100|[from] Volt Switch
|
|-weather|RainDance|[upkeep]
|upkeep
|turn|5
|j| IM AT MY LIMIT
|
|t:|1758951458
|switch|p2a: Alomomola|Alomomola, F, shiny|100/100
|move|p1a: Barraskewda|Flip Turn|p2a: Alomomola
|-resisted|p2a: Alomomola
|-damage|p2a: Alomomola|79/100
|inactive|3idk has 120 seconds left.
|
|t:|1758951498
|switch|p1a: Zapdos|Zapdos|100/100|[from] Flip Turn
|
|-weather|RainDance|[upkeep]
|upkeep
|turn|6
|inactive|3idk has 120 seconds left.
|inactive|jojosworld has 120 seconds left.
|
|t:|1758951522
|move|p2a: Alomomola|Protect|p2a: Alomomola
|-singleturn|p2a: Alomomola|Protect
|move|p1a: Zapdos|Hurricane|p2a: Alomomola
|-activate|p2a: Alomomola|move: Protect
|
|-weather|RainDance|[upkeep]
|upkeep
|turn|7
|inactive|jojosworld has 120 seconds left.
|
|t:|1758951534
|switch|p2a: Garganacl|Garganacl, F, shiny|100/100
|-terastallize|p1a: Zapdos|Flying
|move|p1a: Zapdos|Hurricane|p2a: Garganacl
|-resisted|p2a: Garganacl
|-damage|p2a: Garganacl|63/100
|
|-weather|RainDance|[upkeep]
|-heal|p2a: Garganacl|69/100|[from] item: Leftovers
|upkeep
|turn|8
|
|t:|1758951542
|switch|p1a: Toxicroak|Toxicroak, F|100/100
|move|p2a: Garganacl|Salt Cure|p1a: Toxicroak
|-resisted|p1a: Toxicroak
|-damage|p1a: Toxicroak|94/100
|-start|p1a: Toxicroak|Salt Cure
|
|-weather|none
|-heal|p2a: Garganacl|75/100|[from] item: Leftovers
|-damage|p1a: Toxicroak|82/100|[from] Salt Cure
|upkeep
|turn|9
|inactive|jojosworld has 120 seconds left.
|inactive|jojosworld has 90 seconds left.
|
|t:|1758951591
|switch|p2a: Great Tusk|Great Tusk, shiny|100/100
|move|p1a: Toxicroak|Drain Punch|p2a: Great Tusk
|-damage|p2a: Great Tusk|82/100
|-heal|p1a: Toxicroak|91/100|[from] drain|[of] p2a: Great Tusk
|
|-damage|p1a: Toxicroak|79/100|[from] Salt Cure
|upkeep
|turn|10
|inactive|jojosworld has 90 seconds left.
|inactive|3idk has 120 seconds left.
|
|t:|1758951617
|-end|p2a: Great Tusk|Protosynthesis|[silent]
|switch|p2a: Alomomola|Alomomola, F, shiny|100/100
|switch|p1a: Hatterene|Hatterene, F|70/100
|
|upkeep
|turn|11
|
|t:|1758951622
|move|p1a: Hatterene|Nuzzle|p2a: Alomomola
|-supereffective|p2a: Alomomola
|-damage|p2a: Alomomola|96/100
|-status|p2a: Alomomola|par
|move|p2a: Alomomola|Flip Turn|p1a: Hatterene
|-damage|p1a: Hatterene|56/100
|
|t:|1758951624
|switch|p2a: Garganacl|Garganacl, F, shiny|75/100|[from] Flip Turn
|
|-heal|p2a: Garganacl|81/100|[from] item: Leftovers
|upkeep
|turn|12
|
|t:|1758951631
|move|p1a: Hatterene|Psychic Noise|p2a: Garganacl
|-damage|p2a: Garganacl|57/100
|-start|p2a: Garganacl|move: Heal Block
|move|p2a: Garganacl|Salt Cure|p1a: Hatterene
|-damage|p1a: Hatterene|42/100
|-start|p1a: Hatterene|Salt Cure
|
|-damage|p1a: Hatterene|30/100|[from] Salt Cure
|upkeep
|turn|13
|inactive|jojosworld has 120 seconds left.
|
|t:|1758951640
|switch|p2a: Alomomola|Alomomola, F, shiny|100/100 par
|move|p1a: Hatterene|Draining Kiss|p2a: Alomomola
|-damage|p2a: Alomomola|74/100 par
|-heal|p1a: Hatterene|64/100|[from] drain|[of] p2a: Alomomola
|
|-damage|p1a: Hatterene|51/100|[from] Salt Cure
|upkeep
|turn|14
|
|t:|1758951645
|switch|p1a: Toxicroak|Toxicroak, F|79/100
|move|p2a: Alomomola|Flip Turn|p1a: Toxicroak
|-heal|p1a: Toxicroak|100/100|[from] ability: Dry Skin|[of] p2a: Alomomola
|
|upkeep
|turn|15
|inactive|jojosworld has 120 seconds left.
|
|t:|1758951662
|switch|p2a: Amoonguss|Amoonguss, F, shiny|100/100
|move|p1a: Toxicroak|Knock Off|p2a: Amoonguss
|-damage|p2a: Amoonguss|83/100
|-enditem|p2a: Amoonguss|Heavy-Duty Boots|[from] move: Knock Off|[of] p1a: Toxicroak
|
|upkeep
|turn|16
|
|t:|1758951687
|move|p1a: Toxicroak|Drain Punch|p2a: Amoonguss
|-resisted|p2a: Amoonguss
|-damage|p2a: Amoonguss|73/100
|move|p2a: Amoonguss|Giga Drain|p1a: Toxicroak
|-resisted|p1a: Toxicroak
|-damage|p1a: Toxicroak|87/100
|-heal|p2a: Amoonguss|79/100|[from] drain|[of] p1a: Toxicroak
|
|upkeep
|turn|17
|
|t:|1758951697
|switch|p1a: Pelipper|Pelipper, F|100/100
|-weather|RainDance|[from] ability: Drizzle|[of] p1a: Pelipper
|move|p2a: Amoonguss|Giga Drain|p1a: Pelipper
|-damage|p1a: Pelipper|81/100
|-heal|p2a: Amoonguss|87/100|[from] drain|[of] p1a: Pelipper
|
|-weather|RainDance|[upkeep]
|upkeep
|turn|18
|
|t:|1758951704
|switch|p2a: Alomomola|Alomomola, F, shiny|100/100 par
|move|p1a: Pelipper|U-turn|p2a: Alomomola
|-damage|p2a: Alomomola|95/100 par
|inactive|3idk has 120 seconds left.
|inactive|3idk has 90 seconds left.
|l| imatmylimit
|
|t:|1758951776
|switch|p1a: Zapdos|Zapdos, tera:Flying|100/100|[from] U-turn
|
|-weather|RainDance|[upkeep]
|upkeep
|turn|19
|j| IM AT MY LIMIT
|
|t:|1758951790
|move|p2a: Alomomola|Protect|p2a: Alomomola
|-singleturn|p2a: Alomomola|Protect
|move|p1a: Zapdos|Hurricane|p2a: Alomomola
|-activate|p2a: Alomomola|move: Protect
|
|-weather|RainDance|[upkeep]
|upkeep
|turn|20
|
|t:|1758951798
|switch|p2a: Goodra|Goodra-Hisui, F, shiny|92/100
|move|p1a: Zapdos|Hurricane|p2a: Goodra
|-resisted|p2a: Goodra
|-damage|p2a: Goodra|74/100
|
|-weather|RainDance|[upkeep]
|upkeep
|turn|21
|inactive|3idk has 90 seconds left.
|
|t:|1758951806
|switch|p1a: Iron Treads|Iron Treads|100/100
|move|p2a: Goodra|Knock Off|p1a: Iron Treads
|-damage|p1a: Iron Treads|83/100
|-enditem|p1a: Iron Treads|Leftovers|[from] move: Knock Off|[of] p2a: Goodra
|
|-weather|RainDance|[upkeep]
|upkeep
|turn|22
|
|t:|1758951811
|switch|p2a: Alomomola|Alomomola, F, shiny|100/100 par
|move|p1a: Iron Treads|Stealth Rock|p2a: Alomomola
|-sidestart|p2: jojosworld|move: Stealth Rock
|
|-weather|RainDance|[upkeep]
|upkeep
|turn|23
|
|t:|1758951817
|move|p1a: Iron Treads|Volt Switch|p2a: Alomomola
|-supereffective|p2a: Alomomola
|-damage|p2a: Alomomola|75/100 par
|
|t:|1758951824
|-end|p1a: Iron Treads|Quark Drive|[silent]
|switch|p1a: Toxicroak|Toxicroak, F|87/100|[from] Volt Switch
|move|p2a: Alomomola|Wish|p2a: Alomomola
|
|-weather|RainDance|[upkeep]
|-heal|p1a: Toxicroak|99/100|[from] ability: Dry Skin
|upkeep
|turn|24
|-message|jojosworld forfeited.
|
|win|3idk
|raw|3idk's rating: 1629 &rarr; <strong>1655</strong><br />(+26 for winning)
|raw|jojosworld's rating: 1741 &rarr; <strong>1715</strong><br />(-26 for losing)
|l|☆jojosworld
|player|p2|
|l| IM AT MY LIMIT
