|badge|p2|bronze|gen9ou|100-6
|html|<div class="broadcast-red"><strong>This battle is required to be public due to one or more player having a season medal.</strong><br />During the public phase, you can discuss the state of the ladder <a href="/seasondiscussion">in a special chatroom.</a></div>
|uhtml|medal-msg|<div class="broadcast-blue">Curious what those medals under the avatar are? PS now has Ladder Seasons! For more information, check out the <a href="https://www.smogon.com/forums/threads/3740067/">thread on Smogon.</a></div>
|raw|<div class="broadcast-blue"><strong>This battle is required to be public due to a player having a name starting with 'medal'.</div>
|j|☆Light SV
|j|☆pavijo28
|t:|1758963144
|gametype|singles
|player|p1|Light SV|ethan|1812
|player|p2|pavijo28|266|1889
|gen|9
|tier|[Gen 9] OU
|rated|
|rule|HP Percentage Mod: HP is shown in percentages
|rule|Endless Battle Clause: Forcing endless battles is banned
|rule|Species Clause: Limit one of each Pokémon
|rule|OHKO Clause: OHKO moves are banned
|rule|Evasion Items Clause: Evasion items are banned
|rule|Evasion Moves Clause: Evasion moves are banned
|rule|Evasion Abilities Clause: Evasion abilities are banned
|rule|Sleep Moves Clause: Sleep-inducing moves are banned
|clearpoke
|poke|p1|Dragonite, F|
|poke|p1|Zamazenta-*|
|poke|p1|Landorus-Therian, M|
|poke|p1|Gholdengo|
|poke|p1|Darkrai|
|poke|p1|Hatterene, F|
|poke|p2|Ursaluna, M|
|poke|p2|Hatterene, F|
|poke|p2|Enamorus-Therian, F|
|poke|p2|Slowking-Galar, F|
|poke|p2|Cresselia, F|
|poke|p2|Volcanion|
|teampreview
|inactive|Battle timer is ON: inactive players will automatically lose when time's up. (requested by pavijo28)
|
|t:|1758963161
|teamsize|p1|6
|teamsize|p2|6
|start
|switch|p1a: Zamazenta|Zamazenta|100/100
|switch|p2a: Hatterene|Hatterene, F|100/100
|-ability|p1a: Zamazenta|Dauntless Shield|boost
|-boost|p1a: Zamazenta|def|1
|turn|1
|
|t:|1758963166
|switch|p1a: Hatterene|Hatterene, F|100/100
|move|p2a: Hatterene|Trick Room|p2a: Hatterene
|-fieldstart|move: Trick Room|[of] p2a: Hatterene
|
|upkeep
|turn|2
|
|t:|1758963171
|switch|p2a: Ursaluna|Ursaluna, M|100/100
|move|p1a: Hatterene|Draining Kiss|p2a: Ursaluna
|-damage|p2a: Ursaluna|72/100
|
|-status|p2a: Ursaluna|brn|[from] item: Flame Orb
|upkeep
|turn|3
|j| larp legion
|
|t:|1758963179
|switch|p1a: Gholdengo|Gholdengo|100/100
|move|p2a: Ursaluna|Facade|p1a: Gholdengo
|-immune|p1a: Gholdengo
|
|-damage|p2a: Ursaluna|66/100 brn|[from] brn
|upkeep
|turn|4
|
|t:|1758963183
|switch|p1a: Landorus|Landorus-Therian, M|100/100
|-ability|p1a: Landorus|Intimidate|boost
|-unboost|p2a: Ursaluna|atk|1
|move|p2a: Ursaluna|Facade|p1a: Landorus
|-damage|p1a: Landorus|21/100
|-damage|p2a: Ursaluna|50/100 brn|[from] item: Rocky Helmet|[of] p1a: Landorus
|
|-damage|p2a: Ursaluna|43/100 brn|[from] brn
|upkeep
|turn|5
|
|t:|1758963201
|switch|p1a: Gholdengo|Gholdengo|100/100
|move|p2a: Ursaluna|Fire Punch|p1a: Gholdengo
|-supereffective|p1a: Gholdengo
|-crit|p1a: Gholdengo
|-damage|p1a: Gholdengo|0 fnt
|faint|p1a: Gholdengo
|
|-damage|p2a: Ursaluna|37/100 brn|[from] brn
|-fieldend|move: Trick Room
|upkeep
|
|t:|1758963207
|switch|p1a: Landorus|Landorus-Therian, M|21/100
|-ability|p1a: Landorus|Intimidate|boost
|-unboost|p2a: Ursaluna|atk|1
|turn|6
|
|t:|1758963214
|switch|p2a: Hatterene|Hatterene, F|100/100
|move|p1a: Landorus|Earthquake|p2a: Hatterene
|-damage|p2a: Hatterene|62/100
|
|upkeep
|turn|7
|
|t:|1758963219
|move|p1a: Landorus|Earthquake|p2a: Hatterene
|-damage|p2a: Hatterene|27/100
|move|p2a: Hatterene|Trick Room|p2a: Hatterene
|-fieldstart|move: Trick Room|[of] p2a: Hatterene
|
|upkeep
|turn|8
|
|t:|1758963223
|switch|p1a: Hatterene|Hatterene, F|100/100
|move|p2a: Hatterene|Psychic|p1a: Hatterene
|-resisted|p1a: Hatterene
|-damage|p1a: Hatterene|89/100
|
|upkeep
|turn|9
|
|t:|1758963229
|move|p2a: Hatterene|Healing Wish|p2a: Hatterene
|faint|p2a: Hatterene
|move|p1a: Hatterene|Psyshock|p2: Hatterene|[notarget]
|-fail|p1a: Hatterene
|
|upkeep
|
|t:|1758963230
|switch|p2a: Ursaluna|Ursaluna, M|37/100 brn
|-heal|p2a: Ursaluna|100/100|[from] move: Healing Wish
|turn|10
|
|t:|1758963234
|move|p2a: Ursaluna|Protect|p2a: Ursaluna
|-singleturn|p2a: Ursaluna|Protect
|move|p1a: Hatterene|Psyshock|p2a: Ursaluna
|-activate|p2a: Ursaluna|move: Protect
|
|-status|p2a: Ursaluna|brn|[from] item: Flame Orb
|upkeep
|turn|11
|
|t:|1758963242
|move|p1a: Hatterene|Psyshock|p2a: Ursaluna
|-damage|p2a: Ursaluna|69/100 brn
|move|p2a: Ursaluna|Facade|p1a: Hatterene
|-damage|p1a: Hatterene|0 fnt
|faint|p1a: Hatterene
|
|-damage|p2a: Ursaluna|63/100 brn|[from] brn
|-fieldend|move: Trick Room
|upkeep
|
|t:|1758963245
|switch|p1a: Landorus|Landorus-Therian, M|21/100
|-ability|p1a: Landorus|Intimidate|boost
|-unboost|p2a: Ursaluna|atk|1
|turn|12
|
|t:|1758963247
|move|p1a: Landorus|Stealth Rock|p2a: Ursaluna
|-sidestart|p2: pavijo28|move: Stealth Rock
|move|p2a: Ursaluna|Facade|p1a: Landorus
|-damage|p1a: Landorus|0 fnt
|-damage|p2a: Ursaluna|46/100 brn|[from] item: Rocky Helmet|[of] p1a: Landorus
|faint|p1a: Landorus
|
|-damage|p2a: Ursaluna|40/100 brn|[from] brn
|upkeep
|
|t:|1758963251
|switch|p1a: Darkrai|Darkrai|100/100
|turn|13
|
|t:|1758963278
|switch|p2a: Volcanion|Volcanion|100/100
|-damage|p2a: Volcanion|76/100|[from] Stealth Rock
|-item|p2a: Volcanion|Air Balloon
|move|p1a: Darkrai|Ice Beam|p2a: Volcanion
|-resisted|p2a: Volcanion
|-damage|p2a: Volcanion|67/100
|-enditem|p2a: Volcanion|Air Balloon
|
|upkeep
|turn|14
|
|t:|1758963290
|move|p1a: Darkrai|Dark Pulse|p2a: Volcanion
|-damage|p2a: Volcanion|25/100
|move|p2a: Volcanion|Steam Eruption|p1a: Darkrai
|-damage|p1a: Darkrai|31/100
|
|upkeep
|turn|15
|
|t:|1758963299
|move|p1a: Darkrai|Dark Pulse|p2a: Volcanion
|-damage|p2a: Volcanion|0 fnt
|faint|p2a: Volcanion
|
|upkeep
|
|t:|1758963303
|switch|p2a: Cresselia|Cresselia, F|100/100
|-damage|p2a: Cresselia|88/100|[from] Stealth Rock
|turn|16
|
|t:|1758963306
|move|p1a: Darkrai|Taunt|p2a: Cresselia
|-start|p2a: Cresselia|move: Taunt
|cant|p2a: Cresselia|move: Taunt|Trick Room
|
|upkeep
|turn|17
|
|t:|1758963325
|switch|p2a: Slowking|Slowking-Galar, F|100/100
|move|p1a: Darkrai|Dark Pulse|p2a: Slowking
|-supereffective|p2a: Slowking
|-damage|p2a: Slowking|40/100
|
|upkeep
|turn|18
|
|t:|1758963330
|switch|p2a: Enamorus|Enamorus-Therian, F|100/100
|-damage|p2a: Enamorus|76/100|[from] Stealth Rock
|move|p1a: Darkrai|Taunt|p2a: Enamorus
|-start|p2a: Enamorus|move: Taunt
|
|upkeep
|turn|19
|
|t:|1758963334
|-terastallize|p2a: Enamorus|Fairy
|move|p1a: Darkrai|Ice Beam|p2a: Enamorus
|-damage|p2a: Enamorus|47/100
|move|p2a: Enamorus|Draining Kiss|p1a: Darkrai
|-supereffective|p1a: Darkrai
|-damage|p1a: Darkrai|0 fnt
|-heal|p2a: Enamorus|68/100|[from] drain|[of] p1a: Darkrai
|faint|p1a: Darkrai
|
|upkeep
|j| locked in bro
|inactive|Light SV has 120 seconds left.
|
|t:|1758963379
|switch|p1a: Dragonite|Dragonite, F|100/100
|turn|20
|
|t:|1758963383
|-terastallize|p1a: Dragonite|Flying
|move|p1a: Dragonite|Dragon Dance|p1a: Dragonite
|-boost|p1a: Dragonite|atk|1
|-boost|p1a: Dragonite|spe|1
|move|p2a: Enamorus|Draining Kiss|p1a: Dragonite
|-damage|p1a: Dragonite|64/100
|-heal|p2a: Enamorus|93/100|[from] drain|[of] p1a: Dragonite
|
|-end|p2a: Enamorus|move: Taunt
|upkeep
|turn|21
|
|t:|1758963391
|move|p1a: Dragonite|Tera Blast|p2a: Enamorus|[anim] Tera Blast Flying
|-damage|p2a: Enamorus|17/100
|move|p2a: Enamorus|Draining Kiss|p1a: Dragonite
|-damage|p1a: Dragonite|0 fnt
|-heal|p2a: Enamorus|61/100|[from] drain|[of] p1a: Dragonite
|faint|p1a: Dragonite
|
|upkeep
|-message|Light SV forfeited.
|
|win|pavijo28
|raw|Light SV's rating: 1812 &rarr; <strong>1796</strong><br />(-16 for losing)
|raw|pavijo28's rating: 1889 &rarr; <strong>1905</strong><br />(+16 for winning)
|l|☆Light SV
|player|p1|
|l| larp legion
|l| locked in bro
|l|☆pavijo28
|player|p2|
