|j|☆LanceStern
|j|☆Mossful
|t:|1759040398
|gametype|singles
|player|p1|LanceStern|brock|1438
|player|p2|Mossful|evelyn|1538
|gen|9
|tier|[Gen 9] OU
|rated|
|rule|HP Percentage Mod: HP is shown in percentages
|rule|Endless Battle Clause: Forcing endless battles is banned
|rule|Species Clause: Limit one of each Pokémon
|rule|OHKO Clause: OHKO moves are banned
|rule|Evasion Items Clause: Evasion items are banned
|rule|Evasion Moves Clause: Evasion moves are banned
|rule|Evasion Abilities Clause: Evasion abilities are banned
|rule|Sleep Moves Clause: Sleep-inducing moves are banned
|clearpoke
|poke|p1|Iron Treads|
|poke|p1|Iron Valiant|
|poke|p1|Ogerpon-Wellspring, F|
|poke|p1|Iron Hands|
|poke|p1|Pincurchin, F|
|poke|p1|Iron Jugulis|
|poke|p2|Tyranitar, M|
|poke|p2|Excadrill, M|
|poke|p2|Iron Crown|
|poke|p2|Salamence, M|
|poke|p2|Azumarill, M|
|poke|p2|Zamazenta-*|
|teampreview
|inactive|Battle timer is ON: inactive players will automatically lose when time's up. (requested by Mossful)
|
|t:|1759040420
|teamsize|p1|6
|teamsize|p2|6
|start
|switch|p1a: Playmaker|Ogerpon-Wellspring, F|100/100
|switch|p2a: Salamence|Salamence, M, shiny|100/100
|-ability|p2a: Salamence|Intimidate|boost
|-unboost|p1a: Playmaker|atk|1
|turn|1
|
|t:|1759040428
|move|p2a: Salamence|Air Slash|p1a: Playmaker
|-supereffective|p1a: Playmaker
|-damage|p1a: Playmaker|0 fnt
|faint|p1a: Playmaker
|
|upkeep
|
|t:|1759040435
|switch|p1a: Breaker|Iron Jugulis|100/100
|turn|2
|
|t:|1759040438
|switch|p2a: Tyranitar|Tyranitar, M, shiny|100/100
|-weather|Sandstorm|[from] ability: Sand Stream|[of] p2a: Tyranitar
|move|p1a: Breaker|Meteor Beam||[still]
|-prepare|p1a: Breaker|Meteor Beam
|-boost|p1a: Breaker|spa|1
|-enditem|p1a: Breaker|Power Herb
|-anim|p1a: Breaker|Meteor Beam|p2a: Tyranitar
|-damage|p2a: Tyranitar|62/100
|
|-weather|Sandstorm|[upkeep]
|-damage|p1a: Breaker|94/100|[from] Sandstorm
|upkeep
|turn|3
|
|t:|1759040449
|switch|p2a: Salamence|Salamence, M, shiny|100/100
|-ability|p2a: Salamence|Intimidate|boost
|-unboost|p1a: Breaker|atk|1
|move|p1a: Breaker|Earth Power|p2a: Salamence
|-immune|p2a: Salamence
|
|-weather|Sandstorm|[upkeep]
|-damage|p1a: Breaker|88/100|[from] Sandstorm
|-damage|p2a: Salamence|94/100|[from] Sandstorm
|upkeep
|turn|4
|
|t:|1759040460
|switch|p2a: Zamazenta|Zamazenta|100/100
|-ability|p2a: Zamazenta|Dauntless Shield|boost
|-boost|p2a: Zamazenta|def|1
|move|p1a: Breaker|Dark Pulse|p2a: Zamazenta
|-resisted|p2a: Zamazenta
|-damage|p2a: Zamazenta|72/100
|
|-weather|Sandstorm|[upkeep]
|-damage|p2a: Zamazenta|66/100|[from] Sandstorm
|-damage|p1a: Breaker|82/100|[from] Sandstorm
|upkeep
|turn|5
|
|t:|1759040465
|move|p2a: Zamazenta|Stone Edge|p1a: Breaker
|-supereffective|p1a: Breaker
|-damage|p1a: Breaker|0 fnt
|faint|p1a: Breaker
|-end|p1a: Breaker|Quark Drive|[silent]
|-damage|p2a: Zamazenta|56/100|[from] item: Life Orb
|
|-weather|Sandstorm|[upkeep]
|-damage|p2a: Zamazenta|50/100|[from] Sandstorm
|upkeep
|
|t:|1759040475
|switch|p1a: Point-Guard|Pincurchin, F|100/100
|-fieldstart|move: Electric Terrain|[from] ability: Electric Surge|[of] p1a: Point-Guard
|turn|6
|
|t:|1759040481
|move|p2a: Zamazenta|Close Combat|p1a: Point-Guard
|-damage|p1a: Point-Guard|12/100
|-unboost|p2a: Zamazenta|def|1
|-unboost|p2a: Zamazenta|spd|1
|-damage|p2a: Zamazenta|40/100|[from] item: Life Orb
|move|p1a: Point-Guard|Scald|p2a: Zamazenta
|-damage|p2a: Zamazenta|17/100
|
|-weather|none
|upkeep
|turn|7
|
|t:|1759040498
|move|p2a: Zamazenta|Close Combat|p1a: Point-Guard
|-damage|p1a: Point-Guard|0 fnt
|-unboost|p2a: Zamazenta|def|1
|-unboost|p2a: Zamazenta|spd|1
|faint|p1a: Point-Guard
|-damage|p2a: Zamazenta|7/100|[from] item: Life Orb
|
|upkeep
|inactive|LanceStern has 120 seconds left.
|inactive|LanceStern has 90 seconds left.
|
|t:|1759040574
|switch|p1a: Pathmaker|Iron Valiant|100/100
|-activate|p1a: Pathmaker|ability: Quark Drive
|-start|p1a: Pathmaker|quarkdrivespe
|turn|8
|
|t:|1759040579
|move|p1a: Pathmaker|Knock Off|p2a: Zamazenta
|-resisted|p2a: Zamazenta
|-damage|p2a: Zamazenta|0 fnt
|-enditem|p2a: Zamazenta|Life Orb|[from] move: Knock Off|[of] p1a: Pathmaker
|faint|p2a: Zamazenta
|
|upkeep
|
|t:|1759040586
|switch|p2a: Tyranitar|Tyranitar, M, shiny|62/100
|-weather|Sandstorm|[from] ability: Sand Stream|[of] p2a: Tyranitar
|turn|9
|
|t:|1759040599
|move|p1a: Pathmaker|Moonblast|p2a: Tyranitar
|-supereffective|p2a: Tyranitar
|-damage|p2a: Tyranitar|0 fnt
|faint|p2a: Tyranitar
|
|-weather|Sandstorm|[upkeep]
|-damage|p1a: Pathmaker|94/100|[from] Sandstorm
|upkeep
|
|t:|1759040604
|switch|p2a: Excadrill|Excadrill, M, shiny|100/100
|-item|p2a: Excadrill|Air Balloon
|turn|10
|inactive|LanceStern has 90 seconds left.
|
|t:|1759040615
|switch|p2a: Iron Crown|Iron Crown|100/100
|-activate|p2a: Iron Crown|ability: Quark Drive
|-start|p2a: Iron Crown|quarkdrivespa
|move|p1a: Pathmaker|Vacuum Wave|p2a: Iron Crown
|-damage|p2a: Iron Crown|81/100
|
|-weather|Sandstorm|[upkeep]
|-damage|p1a: Pathmaker|88/100|[from] Sandstorm
|upkeep
|turn|11
|inactive|LanceStern has 90 seconds left.
|
|t:|1759040628
|move|p1a: Pathmaker|Knock Off|p2a: Iron Crown
|-supereffective|p2a: Iron Crown
|-damage|p2a: Iron Crown|22/100
|-enditem|p2a: Iron Crown|Choice Scarf|[from] move: Knock Off|[of] p1a: Pathmaker
|move|p2a: Iron Crown|Tachyon Cutter|p1a: Pathmaker
|-supereffective|p1a: Pathmaker
|-damage|p1a: Pathmaker|0 fnt
|faint|p1a: Pathmaker
|-end|p1a: Pathmaker|Quark Drive|[silent]
|-hitcount|p1: Pathmaker|1
|
|-weather|Sandstorm|[upkeep]
|upkeep
|
|t:|1759040635
|switch|p1a: Libero|Iron Treads|100/100
|-activate|p1a: Libero|ability: Quark Drive
|-start|p1a: Libero|quarkdrivespe
|turn|12
|inactive|LanceStern has 90 seconds left.
|
|t:|1759040655
|move|p1a: Libero|Rapid Spin|p2a: Iron Crown
|-resisted|p2a: Iron Crown
|-damage|p2a: Iron Crown|14/100
|-boost|p1a: Libero|spe|1
|move|p2a: Iron Crown|Focus Blast|p1a: Libero
|-supereffective|p1a: Libero
|-damage|p1a: Libero|0 fnt
|faint|p1a: Libero
|-end|p1a: Libero|Quark Drive|[silent]
|
|-weather|Sandstorm|[upkeep]
|upkeep
|
|t:|1759040659
|switch|p1a: Muscle|Iron Hands|100/100
|-activate|p1a: Muscle|ability: Quark Drive
|-start|p1a: Muscle|quarkdriveatk
|turn|13
|inactive|LanceStern has 90 seconds left.
|
|t:|1759040665
|move|p2a: Iron Crown|Psychic Noise|p1a: Muscle
|-supereffective|p1a: Muscle
|-damage|p1a: Muscle|43/100
|-start|p1a: Muscle|move: Heal Block
|move|p1a: Muscle|Earthquake|p2a: Iron Crown
|-supereffective|p2a: Iron Crown
|-damage|p2a: Iron Crown|0 fnt
|faint|p2a: Iron Crown
|-end|p2a: Iron Crown|Quark Drive|[silent]
|
|-weather|none
|-fieldend|move: Electric Terrain
|-end|p1a: Muscle|Quark Drive
|upkeep
|
|t:|1759040683
|switch|p2a: Excadrill|Excadrill, M, shiny|100/100
|-item|p2a: Excadrill|Air Balloon
|turn|14
|
|t:|1759040687
|-terastallize|p1a: Muscle|Bug
|move|p2a: Excadrill|Earthquake|p1a: Muscle
|-resisted|p1a: Muscle
|-damage|p1a: Muscle|28/100
|move|p1a: Muscle|Close Combat|p2a: Excadrill
|-supereffective|p2a: Excadrill
|-damage|p2a: Excadrill|0 fnt
|-unboost|p1a: Muscle|def|1
|-unboost|p1a: Muscle|spd|1
|-enditem|p2a: Excadrill|Air Balloon
|faint|p2a: Excadrill
|
|-end|p1a: Muscle|move: Heal Block
|upkeep
|inactive|Mossful has 120 seconds left.
|
|t:|1759040723
|switch|p2a: Salamence|Salamence, M, shiny|94/100
|-ability|p2a: Salamence|Intimidate|boost
|-unboost|p1a: Muscle|atk|1
|turn|15
|
|t:|1759040727
|move|p2a: Salamence|Air Slash|p1a: Muscle
|-supereffective|p1a: Muscle
|-damage|p1a: Muscle|0 fnt
|faint|p1a: Muscle
|-end|p1a: Muscle|Quark Drive|[silent]
|
|win|Mossful
|raw|LanceStern's rating: 1438 &rarr; <strong>1424</strong><br />(-14 for losing)
|raw|Mossful's rating: 1538 &rarr; <strong>1552</strong><br />(+14 for winning)
|l|☆Mossful
|player|p2|
|l|☆LanceStern
|player|p1|
