|j|☆wefgrjcnc
|j|☆zelenzerzenzeler
|t:|1758960333
|gametype|singles
|player|p1|wefgrjcnc|lucian|1208
|player|p2|zelenzerzenzeler|ghetsis|1242
|gen|9
|tier|[Gen 9] OU
|rated|
|rule|HP Percentage Mod: HP is shown in percentages
|rule|Endless Battle Clause: Forcing endless battles is banned
|rule|Species Clause: Limit one of each Pokémon
|rule|OHKO Clause: OHKO moves are banned
|rule|Evasion Items Clause: Evasion items are banned
|rule|Evasion Moves Clause: Evasion moves are banned
|rule|Evasion Abilities Clause: Evasion abilities are banned
|rule|Sleep Moves Clause: Sleep-inducing moves are banned
|clearpoke
|poke|p1|Talonflame, M|
|poke|p1|Garganacl, M|
|poke|p1|Toxapex, F|
|poke|p1|Clodsire, F|
|poke|p1|Gholdengo|
|poke|p1|Umbreon, F|
|poke|p2|Lokix, F|
|poke|p2|Iron Crown|
|poke|p2|Great Tusk|
|poke|p2|Enamorus, F|
|poke|p2|Pecharunt|
|poke|p2|Ogerpon-Wellspring, F|
|teampreview
|inactive|Battle timer is ON: inactive players will automatically lose when time's up. (requested by zelenzerzenzeler)
|
|t:|1758960352
|teamsize|p1|6
|teamsize|p2|6
|start
|switch|p1a: 20th century boys|Toxapex, F|100/100
|switch|p2a: Great Tusk|Great Tusk|100/100
|turn|1
|
|t:|1758960364
|switch|p1a: Magician's red|Talonflame, M|100/100
|move|p2a: Great Tusk|Stealth Rock|p1a: Magician's red
|-sidestart|p1: wefgrjcnc|move: Stealth Rock
|
|upkeep
|turn|2
|
|t:|1758960373
|-end|p2a: Great Tusk|Protosynthesis|[silent]
|switch|p2a: Pecharunt|Pecharunt|100/100
|move|p1a: Magician's red|Will-O-Wisp|p2a: Pecharunt
|-status|p2a: Pecharunt|brn
|
|-damage|p2a: Pecharunt|94/100 brn|[from] brn
|upkeep
|turn|3
|
|t:|1758960390
|switch|p1a: 20th century boys|Toxapex, F|100/100
|move|p2a: Pecharunt|Shadow Ball|p1a: 20th century boys
|-damage|p1a: 20th century boys|82/100
|-unboost|p1a: 20th century boys|spd|1
|
|-damage|p2a: Pecharunt|88/100 brn|[from] brn
|upkeep
|turn|4
|
|t:|1758960409
|move|p2a: Pecharunt|Parting Shot|p1a: 20th century boys
|-unboost|p1a: 20th century boys|atk|1
|-unboost|p1a: 20th century boys|spa|1
|
|t:|1758960411
|switch|p2a: Iron Crown|Iron Crown|100/100|[from] Parting Shot
|move|p1a: 20th century boys|Infestation|p2a: Iron Crown
|-damage|p2a: Iron Crown|99/100
|-activate|p2a: Iron Crown|move: Infestation|[of] p1a: 20th century boys
|
|-damage|p2a: Iron Crown|86/100|[from] move: Infestation|[partiallytrapped]
|upkeep
|turn|5
|
|t:|1758960421
|move|p1a: 20th century boys|Baneful Bunker|p1a: 20th century boys
|-singleturn|p1a: 20th century boys|move: Protect
|move|p2a: Iron Crown|Future Sight|p1a: 20th century boys
|-start|p2a: Iron Crown|move: Future Sight
|
|-damage|p2a: Iron Crown|74/100|[from] move: Infestation|[partiallytrapped]
|upkeep
|turn|6
|
|t:|1758960439
|switch|p1a: Black sabbath|Umbreon, F|100/100
|-damage|p1a: Black sabbath|88/100|[from] Stealth Rock
|move|p2a: Iron Crown|Volt Switch|p1a: Black sabbath
|-damage|p1a: Black sabbath|76/100
|
|t:|1758960443
|-end|p2a: Iron Crown|Quark Drive|[silent]
|switch|p2a: Lokix|Lokix, F|100/100|[from] Volt Switch
|
|-heal|p1a: Black sabbath|82/100|[from] item: Leftovers
|upkeep
|turn|7
|
|t:|1758960451
|switch|p1a: Magician's red|Talonflame, M|100/100
|move|p2a: Lokix|U-turn|p1a: Magician's red
|-resisted|p1a: Magician's red
|-damage|p1a: Magician's red|78/100
|-status|p2a: Lokix|brn|[from] ability: Flame Body|[of] p1a: Magician's red
|
|t:|1758960462
|switch|p2a: Ogerpon|Ogerpon-Wellspring, F|100/100|[from] U-turn
|
|-end|p1a: Magician's red|move: Future Sight
|-damage|p1a: Magician's red|6/100
|upkeep
|turn|8
|
|t:|1758960479
|switch|p2a: Pecharunt|Pecharunt|88/100 brn
|switch|p1a: 20th century boys|Toxapex, F|100/100
|
|-damage|p2a: Pecharunt|82/100 brn|[from] brn
|upkeep
|turn|9
|
|t:|1758960491
|switch|p1a: Black sabbath|Umbreon, F|82/100
|-damage|p1a: Black sabbath|70/100|[from] Stealth Rock
|move|p2a: Pecharunt|Parting Shot|p1a: Black sabbath
|-unboost|p1a: Black sabbath|atk|1
|-unboost|p1a: Black sabbath|spa|1
|
|t:|1758960504
|switch|p2a: Enamorus|Enamorus, F|100/100|[from] Parting Shot
|
|-heal|p1a: Black sabbath|76/100|[from] item: Leftovers
|upkeep
|turn|10
|
|t:|1758960513
|move|p2a: Enamorus|Calm Mind|p2a: Enamorus
|-boost|p2a: Enamorus|spa|1
|-boost|p2a: Enamorus|spd|1
|move|p1a: Black sabbath|Toxic|p2a: Enamorus
|-status|p2a: Enamorus|tox
|
|-heal|p1a: Black sabbath|82/100|[from] item: Leftovers
|-damage|p2a: Enamorus|94/100 tox|[from] psn
|upkeep
|turn|11
|
|t:|1758960515
|switch|p1a: Silver chariot|Gholdengo|100/100
|-damage|p1a: Silver chariot|94/100|[from] Stealth Rock
|move|p2a: Enamorus|Calm Mind|p2a: Enamorus
|-boost|p2a: Enamorus|spa|1
|-boost|p2a: Enamorus|spd|1
|
|-damage|p2a: Enamorus|82/100 tox|[from] psn
|upkeep
|turn|12
|
|t:|1758960523
|move|p1a: Silver chariot|Trick|p2a: Enamorus
|-activate|p1a: Silver chariot|move: Trick|[of] p2a: Enamorus
|-item|p2a: Enamorus|Choice Scarf|[from] move: Trick
|-item|p1a: Silver chariot|Heavy-Duty Boots|[from] move: Trick
|move|p2a: Enamorus|Earth Power|p1a: Silver chariot
|-supereffective|p1a: Silver chariot
|-damage|p1a: Silver chariot|0 fnt
|faint|p1a: Silver chariot
|
|-damage|p2a: Enamorus|63/100 tox|[from] psn
|upkeep
|
|t:|1758960530
|switch|p1a: Magician's red|Talonflame, M|6/100
|turn|13
|
|t:|1758960535
|switch|p2a: Pecharunt|Pecharunt|82/100 brn
|move|p1a: Magician's red|Roost|p1a: Magician's red
|-heal|p1a: Magician's red|56/100
|-singleturn|p1a: Magician's red|move: Roost
|
|-damage|p2a: Pecharunt|76/100 brn|[from] brn
|upkeep
|turn|14
|
|t:|1758960557
|move|p1a: Magician's red|Roost|p1a: Magician's red
|-heal|p1a: Magician's red|100/100
|-singleturn|p1a: Magician's red|move: Roost
|move|p2a: Pecharunt|Parting Shot|p1a: Magician's red
|-unboost|p1a: Magician's red|atk|1
|-unboost|p1a: Magician's red|spa|1
|
|t:|1758960560
|switch|p2a: Iron Crown|Iron Crown|74/100|[from] Parting Shot
|
|upkeep
|turn|15
|
|t:|1758960582
|move|p2a: Iron Crown|Future Sight|p1a: Magician's red
|-start|p2a: Iron Crown|move: Future Sight
|move|p1a: Magician's red|Will-O-Wisp|p2a: Iron Crown|[miss]
|-miss|p1a: Magician's red|p2a: Iron Crown
|
|upkeep
|turn|16
|
|t:|1758960591
|move|p2a: Iron Crown|Volt Switch|p1a: Magician's red
|-supereffective|p1a: Magician's red
|-damage|p1a: Magician's red|40/100
|
|t:|1758960595
|-end|p2a: Iron Crown|Quark Drive|[silent]
|switch|p2a: Pecharunt|Pecharunt|76/100 brn|[from] Volt Switch
|move|p1a: Magician's red|Will-O-Wisp|p2a: Pecharunt
|-fail|p2a: Pecharunt|brn
|
|-damage|p2a: Pecharunt|70/100 brn|[from] brn
|upkeep
|turn|17
|
|t:|1758960601
|switch|p1a: Black sabbath|Umbreon, F|82/100
|-damage|p1a: Black sabbath|70/100|[from] Stealth Rock
|move|p2a: Pecharunt|Parting Shot|p1a: Black sabbath
|-unboost|p1a: Black sabbath|atk|1
|-unboost|p1a: Black sabbath|spa|1
|
|t:|1758960604
|switch|p2a: Lokix|Lokix, F|100/100 brn|[from] Parting Shot
|
|-end|p1a: Black sabbath|move: Future Sight
|-immune|p1a: Black sabbath
|-heal|p1a: Black sabbath|76/100|[from] item: Leftovers
|-damage|p2a: Lokix|94/100 brn|[from] brn
|upkeep
|turn|18
|inactive|wefgrjcnc has 120 seconds left.
|
|t:|1758960635
|-terastallize|p2a: Lokix|Bug
|move|p1a: Black sabbath|Protect|p1a: Black sabbath
|-singleturn|p1a: Black sabbath|Protect
|move|p2a: Lokix|First Impression|p1a: Black sabbath
|-activate|p1a: Black sabbath|move: Protect
|
|-heal|p1a: Black sabbath|82/100|[from] item: Leftovers
|-damage|p2a: Lokix|88/100 brn|[from] brn
|upkeep
|turn|19
|inactive|wefgrjcnc has 120 seconds left.
|
|t:|1758960666
|switch|p2a: Pecharunt|Pecharunt|70/100 brn
|move|p1a: Black sabbath|Foul Play|p2a: Pecharunt
|-supereffective|p2a: Pecharunt
|-damage|p2a: Pecharunt|49/100 brn
|
|-heal|p1a: Black sabbath|88/100|[from] item: Leftovers
|-damage|p2a: Pecharunt|43/100 brn|[from] brn
|upkeep
|turn|20
|
|t:|1758960679
|switch|p1a: High priestess|Garganacl, M|100/100
|-damage|p1a: High priestess|88/100|[from] Stealth Rock
|move|p2a: Pecharunt|Recover|p2a: Pecharunt
|-heal|p2a: Pecharunt|93/100 brn
|
|-heal|p1a: High priestess|94/100|[from] item: Leftovers
|-damage|p2a: Pecharunt|87/100 brn|[from] brn
|upkeep
|turn|21
|
|t:|1758960685
|move|p2a: Pecharunt|Parting Shot|p1a: High priestess
|-unboost|p1a: High priestess|atk|1
|-unboost|p1a: High priestess|spa|1
|
|t:|1758960689
|switch|p2a: Iron Crown|Iron Crown|74/100|[from] Parting Shot
|move|p1a: High priestess|Salt Cure|p2a: Iron Crown
|-resisted|p2a: Iron Crown
|-damage|p2a: Iron Crown|69/100
|-start|p2a: Iron Crown|Salt Cure
|
|-heal|p1a: High priestess|100/100|[from] item: Leftovers
|-damage|p2a: Iron Crown|44/100|[from] Salt Cure
|upkeep
|turn|22
|
|t:|1758960693
|move|p1a: High priestess|Protect|p1a: High priestess
|-singleturn|p1a: High priestess|Protect
|move|p2a: Iron Crown|Future Sight|p1a: High priestess
|-start|p2a: Iron Crown|move: Future Sight
|
|-damage|p2a: Iron Crown|19/100|[from] Salt Cure
|upkeep
|turn|23
|
|t:|1758960702
|switch|p1a: Yellow temperance|Clodsire, F|100/100
|-damage|p1a: Yellow temperance|94/100|[from] Stealth Rock
|move|p2a: Iron Crown|Volt Switch|p1a: Yellow temperance
|-immune|p1a: Yellow temperance
|
|-heal|p1a: Yellow temperance|100/100|[from] item: Leftovers
|-damage|p2a: Iron Crown|0 fnt|[from] Salt Cure
|faint|p2a: Iron Crown
|-end|p2a: Iron Crown|Quark Drive|[silent]
|upkeep
|
|t:|1758960712
|switch|p2a: Great Tusk|Great Tusk|100/100
|turn|24
|
|t:|1758960718
|switch|p1a: Magician's red|Talonflame, M|40/100
|move|p2a: Great Tusk|Headlong Rush|p1a: Magician's red
|-immune|p1a: Magician's red
|
|-end|p1a: Magician's red|move: Future Sight
|-damage|p1a: Magician's red|0 fnt
|faint|p1a: Magician's red
|upkeep
|
|t:|1758960734
|switch|p1a: High priestess|Garganacl, M|100/100
|-damage|p1a: High priestess|88/100|[from] Stealth Rock
|turn|25
|
|t:|1758960741
|-terastallize|p1a: High priestess|Fairy
|move|p2a: Great Tusk|Headlong Rush|p1a: High priestess
|-damage|p1a: High priestess|51/100
|-unboost|p2a: Great Tusk|def|1
|-unboost|p2a: Great Tusk|spd|1
|move|p1a: High priestess|Salt Cure|p2a: Great Tusk
|-resisted|p2a: Great Tusk
|-damage|p2a: Great Tusk|96/100
|-start|p2a: Great Tusk|Salt Cure
|
|-heal|p1a: High priestess|58/100|[from] item: Leftovers
|-damage|p2a: Great Tusk|84/100|[from] Salt Cure
|upkeep
|turn|26
|inactive|wefgrjcnc has 120 seconds left.
|
|t:|1758960765
|-end|p2a: Great Tusk|Protosynthesis|[silent]
|switch|p2a: Enamorus|Enamorus, F|63/100 tox
|move|p1a: High priestess|Salt Cure|p2a: Enamorus
|-supereffective|p2a: Enamorus
|-damage|p2a: Enamorus|21/100 tox
|-start|p2a: Enamorus|Salt Cure
|
|-heal|p1a: High priestess|64/100|[from] item: Leftovers
|-damage|p2a: Enamorus|15/100 tox|[from] psn
|-damage|p2a: Enamorus|2/100 tox|[from] Salt Cure
|upkeep
|turn|27
|
|t:|1758960771
|move|p1a: High priestess|Protect|p1a: High priestess
|-singleturn|p1a: High priestess|Protect
|move|p2a: Enamorus|Draining Kiss|p1a: High priestess
|-activate|p1a: High priestess|move: Protect
|
|-heal|p1a: High priestess|70/100|[from] item: Leftovers
|-damage|p2a: Enamorus|0 fnt|[from] psn
|faint|p2a: Enamorus
|upkeep
|
|t:|1758960775
|switch|p2a: Pecharunt|Pecharunt|87/100 brn
|turn|28
|
|t:|1758960779
|move|p2a: Pecharunt|Malignant Chain|p1a: High priestess
|-supereffective|p1a: High priestess
|-damage|p1a: High priestess|23/100
|move|p1a: High priestess|Salt Cure|p2a: Pecharunt
|-damage|p2a: Pecharunt|81/100 brn
|-start|p2a: Pecharunt|Salt Cure
|
|-heal|p1a: High priestess|29/100|[from] item: Leftovers
|-damage|p2a: Pecharunt|75/100 brn|[from] brn
|-damage|p2a: Pecharunt|62/100 brn|[from] Salt Cure
|upkeep
|turn|29
|
|t:|1758960789
|move|p1a: High priestess|Protect|p1a: High priestess
|-singleturn|p1a: High priestess|Protect
|move|p2a: Pecharunt|Parting Shot|p1a: High priestess
|-activate|p1a: High priestess|move: Protect
|
|-heal|p1a: High priestess|35/100|[from] item: Leftovers
|-damage|p2a: Pecharunt|56/100 brn|[from] brn
|-damage|p2a: Pecharunt|44/100 brn|[from] Salt Cure
|upkeep
|turn|30
|
|t:|1758960802
|switch|p1a: 20th century boys|Toxapex, F|100/100
|move|p2a: Pecharunt|Malignant Chain|p1a: 20th century boys
|-resisted|p1a: 20th century boys
|-damage|p1a: 20th century boys|89/100
|
|-damage|p2a: Pecharunt|38/100 brn|[from] brn
|-damage|p2a: Pecharunt|25/100 brn|[from] Salt Cure
|upkeep
|turn|31
|
|t:|1758960813
|move|p2a: Pecharunt|Recover|p2a: Pecharunt
|-heal|p2a: Pecharunt|75/100 brn
|move|p1a: 20th century boys|Infestation|p2a: Pecharunt
|-resisted|p2a: Pecharunt
|-damage|p2a: Pecharunt|75/100 brn
|-activate|p2a: Pecharunt|move: Infestation|[of] p1a: 20th century boys
|
|-damage|p2a: Pecharunt|69/100 brn|[from] brn
|-damage|p2a: Pecharunt|56/100 brn|[from] Salt Cure
|-damage|p2a: Pecharunt|44/100 brn|[from] move: Infestation|[partiallytrapped]
|upkeep
|turn|32
|
|t:|1758960818
|move|p1a: 20th century boys|Baneful Bunker|p1a: 20th century boys
|-singleturn|p1a: 20th century boys|move: Protect
|move|p2a: Pecharunt|Parting Shot|p1a: 20th century boys
|-activate|p1a: 20th century boys|move: Protect
|
|-damage|p2a: Pecharunt|38/100 brn|[from] brn
|-damage|p2a: Pecharunt|25/100 brn|[from] Salt Cure
|-damage|p2a: Pecharunt|13/100 brn|[from] move: Infestation|[partiallytrapped]
|upkeep
|turn|33
|
|t:|1758960838
|move|p1a: 20th century boys|Baneful Bunker|p1a: 20th century boys
|-singleturn|p1a: 20th century boys|move: Protect
|move|p2a: Pecharunt|Parting Shot|p1a: 20th century boys
|-activate|p1a: 20th century boys|move: Protect
|
|-damage|p2a: Pecharunt|7/100 brn|[from] brn
|-damage|p2a: Pecharunt|0 fnt|[from] move: Infestation|[partiallytrapped]
|faint|p2a: Pecharunt
|upkeep
|
|t:|1758960843
|switch|p2a: Great Tusk|Great Tusk|84/100
|turn|34
|
|t:|1758960852
|switch|p1a: High priestess|Garganacl, M, tera:Fairy|35/100
|-damage|p1a: High priestess|23/100|[from] Stealth Rock
|move|p2a: Great Tusk|Headlong Rush|p1a: High priestess
|-damage|p1a: High priestess|0 fnt
|-unboost|p2a: Great Tusk|def|1
|-unboost|p2a: Great Tusk|spd|1
|faint|p1a: High priestess
|
|upkeep
|
|t:|1758960860
|switch|p1a: Black sabbath|Umbreon, F|88/100
|-damage|p1a: Black sabbath|76/100|[from] Stealth Rock
|turn|35
|
|t:|1758960865
|-end|p2a: Great Tusk|Protosynthesis|[silent]
|switch|p2a: Lokix|Lokix, F, tera:Bug|88/100 brn
|move|p1a: Black sabbath|Foul Play|p2a: Lokix
|-damage|p2a: Lokix|22/100 brn
|
|-heal|p1a: Black sabbath|82/100|[from] item: Leftovers
|-damage|p2a: Lokix|16/100 brn|[from] brn
|upkeep
|turn|36
|
|t:|1758960871
|move|p1a: Black sabbath|Protect|p1a: Black sabbath
|-singleturn|p1a: Black sabbath|Protect
|move|p2a: Lokix|Leech Life|p1a: Black sabbath
|-activate|p1a: Black sabbath|move: Protect
|
|-heal|p1a: Black sabbath|88/100|[from] item: Leftovers
|-damage|p2a: Lokix|10/100 brn|[from] brn
|upkeep
|turn|37
|
|t:|1758960884
|move|p1a: Black sabbath|Protect||[still]
|-fail|p1a: Black sabbath
|move|p2a: Lokix|Leech Life|p1a: Black sabbath
|-supereffective|p1a: Black sabbath
|-damage|p1a: Black sabbath|21/100
|-heal|p2a: Lokix|56/100 brn|[from] drain|[of] p1a: Black sabbath
|
|-heal|p1a: Black sabbath|27/100|[from] item: Leftovers
|-damage|p2a: Lokix|50/100 brn|[from] brn
|upkeep
|turn|38
|
|t:|1758960891
|switch|p2a: Great Tusk|Great Tusk|84/100
|move|p1a: Black sabbath|Protect||[still]
|-fail|p1a: Black sabbath
|
|-heal|p1a: Black sabbath|33/100|[from] item: Leftovers
|upkeep
|turn|39
|
|t:|1758960899
|move|p2a: Great Tusk|Headlong Rush|p1a: Black sabbath
|-damage|p1a: Black sabbath|0 fnt
|-unboost|p2a: Great Tusk|def|1
|-unboost|p2a: Great Tusk|spd|1
|faint|p1a: Black sabbath
|
|upkeep
|
|t:|1758960901
|switch|p1a: Yellow temperance|Clodsire, F|100/100
|-damage|p1a: Yellow temperance|94/100|[from] Stealth Rock
|turn|40
|
|t:|1758960908
|-end|p2a: Great Tusk|Protosynthesis|[silent]
|switch|p2a: Ogerpon|Ogerpon-Wellspring, F|100/100
|move|p1a: Yellow temperance|Poison Jab|p2a: Ogerpon
|-supereffective|p2a: Ogerpon
|-damage|p2a: Ogerpon|45/100
|
|-heal|p1a: Yellow temperance|100/100|[from] item: Leftovers
|upkeep
|turn|41
|
|t:|1758960921
|switch|p1a: 20th century boys|Toxapex, F|100/100
|move|p2a: Ogerpon|Power Whip|p1a: 20th century boys|[miss]
|-miss|p2a: Ogerpon|p1a: 20th century boys
|
|upkeep
|turn|42
|
|t:|1758960929
|move|p2a: Ogerpon|Swords Dance|p2a: Ogerpon
|-boost|p2a: Ogerpon|atk|2
|move|p1a: 20th century boys|Infestation|p2a: Ogerpon
|-supereffective|p2a: Ogerpon
|-damage|p2a: Ogerpon|37/100
|-activate|p2a: Ogerpon|move: Infestation|[of] p1a: 20th century boys
|
|-damage|p2a: Ogerpon|25/100|[from] move: Infestation|[partiallytrapped]
|upkeep
|turn|43
|
|t:|1758960935
|move|p2a: Ogerpon|Swords Dance|p2a: Ogerpon
|-boost|p2a: Ogerpon|atk|2
|move|p1a: 20th century boys|Haze|p1a: 20th century boys
|-clearallboost
|
|-damage|p2a: Ogerpon|13/100|[from] move: Infestation|[partiallytrapped]
|upkeep
|turn|44
|
|t:|1758960940
|move|p1a: 20th century boys|Baneful Bunker|p1a: 20th century boys
|-singleturn|p1a: 20th century boys|move: Protect
|move|p2a: Ogerpon|Power Whip|p1a: 20th century boys
|-activate|p1a: 20th century boys|move: Protect
|-status|p2a: Ogerpon|psn
|
|-damage|p2a: Ogerpon|0 fnt|[from] psn
|faint|p2a: Ogerpon
|upkeep
|
|t:|1758960943
|switch|p2a: Great Tusk|Great Tusk|84/100
|turn|45
|
|t:|1758960950
|move|p1a: 20th century boys|Baneful Bunker||[still]
|-fail|p1a: 20th century boys
|move|p2a: Great Tusk|Headlong Rush|p1a: 20th century boys
|-supereffective|p1a: 20th century boys
|-damage|p1a: 20th century boys|20/100
|-unboost|p2a: Great Tusk|def|1
|-unboost|p2a: Great Tusk|spd|1
|
|upkeep
|turn|46
|
|t:|1758960957
|move|p1a: 20th century boys|Baneful Bunker|p1a: 20th century boys
|-singleturn|p1a: 20th century boys|move: Protect
|move|p2a: Great Tusk|Stealth Rock||[still]
|-fail|p2a: Great Tusk
|
|upkeep
|turn|47
|
|t:|1758960963
|switch|p1a: Yellow temperance|Clodsire, F|100/100
|-damage|p1a: Yellow temperance|94/100|[from] Stealth Rock
|move|p2a: Great Tusk|Headlong Rush|p1a: Yellow temperance
|-supereffective|p1a: Yellow temperance
|-damage|p1a: Yellow temperance|0 fnt
|-unboost|p2a: Great Tusk|def|1
|-unboost|p2a: Great Tusk|spd|1
|faint|p1a: Yellow temperance
|
|upkeep
|
|t:|1758960967
|switch|p1a: 20th century boys|Toxapex, F|53/100
|turn|48
|
|t:|1758960970
|-end|p2a: Great Tusk|Protosynthesis|[silent]
|switch|p2a: Lokix|Lokix, F, tera:Bug|50/100 brn
|move|p1a: 20th century boys|Infestation|p2a: Lokix
|-damage|p2a: Lokix|45/100 brn
|-activate|p2a: Lokix|move: Infestation|[of] p1a: 20th century boys
|
|-damage|p2a: Lokix|39/100 brn|[from] brn
|-damage|p2a: Lokix|26/100 brn|[from] move: Infestation|[partiallytrapped]
|upkeep
|turn|49
|
|t:|1758960979
|move|p2a: Lokix|Leech Life|p1a: 20th century boys
|-resisted|p1a: 20th century boys
|-damage|p1a: 20th century boys|27/100
|-heal|p2a: Lokix|40/100 brn|[from] drain|[of] p1a: 20th century boys
|move|p1a: 20th century boys|Recover|p1a: 20th century boys
|-heal|p1a: 20th century boys|77/100
|
|-damage|p2a: Lokix|34/100 brn|[from] brn
|-damage|p2a: Lokix|22/100 brn|[from] move: Infestation|[partiallytrapped]
|upkeep
|turn|50
|
|t:|1758960986
|move|p1a: 20th century boys|Baneful Bunker|p1a: 20th century boys
|-singleturn|p1a: 20th century boys|move: Protect
|move|p2a: Lokix|Leech Life|p1a: 20th century boys
|-activate|p1a: 20th century boys|move: Protect
|
|-damage|p2a: Lokix|16/100 brn|[from] brn
|-damage|p2a: Lokix|3/100 brn|[from] move: Infestation|[partiallytrapped]
|upkeep
|turn|51
|
|t:|1758960997
|move|p2a: Lokix|Leech Life|p1a: 20th century boys
|-resisted|p1a: 20th century boys
|-damage|p1a: 20th century boys|50/100
|-heal|p2a: Lokix|18/100 brn|[from] drain|[of] p1a: 20th century boys
|move|p1a: 20th century boys|Recover|p1a: 20th century boys
|-heal|p1a: 20th century boys|99/100
|
|-damage|p2a: Lokix|12/100 brn|[from] brn
|-damage|p2a: Lokix|0 fnt|[from] move: Infestation|[partiallytrapped]
|faint|p2a: Lokix
|upkeep
|
|t:|1758961000
|switch|p2a: Great Tusk|Great Tusk|84/100
|turn|52
|
|t:|1758961005
|move|p2a: Great Tusk|Headlong Rush|p1a: 20th century boys
|-supereffective|p1a: 20th century boys
|-damage|p1a: 20th century boys|17/100
|-unboost|p2a: Great Tusk|def|1
|-unboost|p2a: Great Tusk|spd|1
|move|p1a: 20th century boys|Infestation|p2a: Great Tusk
|-resisted|p2a: Great Tusk
|-damage|p2a: Great Tusk|81/100
|-activate|p2a: Great Tusk|move: Infestation|[of] p1a: 20th century boys
|
|-damage|p2a: Great Tusk|68/100|[from] move: Infestation|[partiallytrapped]
|upkeep
|turn|53
|
|t:|1758961010
|move|p1a: 20th century boys|Baneful Bunker|p1a: 20th century boys
|-singleturn|p1a: 20th century boys|move: Protect
|move|p2a: Great Tusk|Headlong Rush|p1a: 20th century boys
|-activate|p1a: 20th century boys|move: Protect
|-status|p2a: Great Tusk|psn
|
|-damage|p2a: Great Tusk|56/100 psn|[from] psn
|-damage|p2a: Great Tusk|44/100 psn|[from] move: Infestation|[partiallytrapped]
|upkeep
|turn|54
|
|t:|1758961015
|move|p2a: Great Tusk|Rapid Spin|p1a: 20th century boys
|-damage|p1a: 20th century boys|4/100
|-boost|p2a: Great Tusk|spe|1
|-end|p2a: Great Tusk|Infestation|[partiallytrapped]
|move|p1a: 20th century boys|Recover|p1a: 20th century boys
|-heal|p1a: 20th century boys|54/100
|
|-damage|p2a: Great Tusk|31/100 psn|[from] psn
|upkeep
|turn|55
|-message|zelenzerzenzeler forfeited.
|
|win|wefgrjcnc
|raw|wefgrjcnc's rating: 1208 &rarr; <strong>1235</strong><br />(+27 for winning)
|raw|zelenzerzenzeler's rating: 1242 &rarr; <strong>1215</strong><br />(-27 for losing)
|l|☆zelenzerzenzeler
|player|p2|
|c|☆wefgrjcnc|Gg
